|join|Coatay
|join|ShitStorm
|player|p1|Coatay|265
|player|p2|ShitStorm|102
|gametype|singles
|gen|6
|tier|OU
|rated
|clearpoke
|poke|p1|Aegislash, F, shiny
|poke|p1|Absol, M
|poke|p1|Breloom, F
|poke|p1|Gyarados, M
|poke|p1|Magnezone
|poke|p1|Zygarde, shiny
|poke|p2|Pinsir, M
|poke|p2|Rotom-Wash
|poke|p2|Landorus-Therian, M
|poke|p2|Latias, F
|poke|p2|Aegislash, F, shiny
|poke|p2|Clefable, M
|rule|Sleep Clause Mod: Limit one foe put to sleep
|rule|Species Clause: Limit one of each Pokemon
|rule|OHKO Clause: OHKO moves are banned
|rule|Moody Clause: Moody is banned
|rule|Evasion Moves Clause: Evasion moves are banned
|rule|Endless Battle Clause: Forcing endless battles is banned.
|rule|HP Percentage Mod: HP is reported as percentages
|teampreview
|
|start
|switch|p1a: The Faaaaaaaaaart|Aegislash, F, shiny|324\/324
|switch|p2a: Landorus-Therian|Landorus-Therian, M|319\/319
|-ability|p2a: Landorus-Therian|Intimidate|[of] p1a: The Faaaaaaaaaart
|-unboost|p1a: The Faaaaaaaaaart|atk|1
|turn|1
|
|move|p2a: Landorus-Therian|Stealth Rock|p1a: The Faaaaaaaaaart
|-sidestart|p1: Coatay|move: Stealth Rock
|-formechange|p1a: The Faaaaaaaaaart|Aegislash-Blade
|move|p1a: The Faaaaaaaaaart|Shadow Ball|p2a: Landorus-Therian
|-crit|p2a: Landorus-Therian
|-damage|p2a: Landorus-Therian|0 fnt
|faint|p2a: Landorus-Therian
|
|
|switch|p2a: Rotom-Wash|Rotom-Wash|304\/304
|turn|2
|
|move|p2a: Rotom-Wash|Will-O-Wisp|p1a: The Faaaaaaaaaart|[miss]
|-miss|p2a: Rotom-Wash|p1a: The Faaaaaaaaaart
|move|p1a: The Faaaaaaaaaart|Shadow Ball|p2a: Rotom-Wash
|-crit|p2a: Rotom-Wash
|-damage|p2a: Rotom-Wash|36\/304
|
|-heal|p2a: Rotom-Wash|55\/304|[from] item: Leftovers
|turn|3
|
|move|p2a: Rotom-Wash|Hydro Pump|p1a: The Faaaaaaaaaart
|-damage|p1a: The Faaaaaaaaaart|80\/324
|move|p1a: The Faaaaaaaaaart|Shadow Ball|p2a: Rotom-Wash
|-crit|p2a: Rotom-Wash
|-damage|p2a: Rotom-Wash|0 fnt
|faint|p2a: Rotom-Wash
|
|
|switch|p2a: Pinsir|Pinsir, M|271\/271
|turn|4
|
|move|p2a: Pinsir|Earthquake|p1a: The Faaaaaaaaaart
|-supereffective|p1a: The Faaaaaaaaaart
|-damage|p1a: The Faaaaaaaaaart|0 fnt
|faint|p1a: The Faaaaaaaaaart
|-boost|p2a: Pinsir|atk|1|[from] ability: Moxie
|
|
|switch|p1a: The Fart|Gyarados, M|385\/385
|-damage|p1a: The Fart|289\/385|[from] Stealth Rock
|-ability|p1a: The Fart|Intimidate|[of] p2a: Pinsir
|-unboost|p2a: Pinsir|atk|1
|turn|5
|
|-formechange|p2a: Pinsir|Pinsir-Mega
|message|Pinsir has Mega Evolved into Mega Pinsir!
|move|p2a: Pinsir|Swords Dance|p2a: Pinsir
|-boost|p2a: Pinsir|atk|2
|move|p1a: The Fart|Thunder Wave|p2a: Pinsir
|-status|p2a: Pinsir|par
|
|-heal|p1a: The Fart|313\/385|[from] item: Leftovers
|turn|6
|
|move|p1a: The Fart|Bounce|p2a: Pinsir|[still]
|-prepare|p1a: The Fart|Bounce|p2a: Pinsir
|move|p2a: Pinsir|Return|p1a: The Fart|[miss]
|-miss|p2a: Pinsir|p1a: The Fart
|
|-heal|p1a: The Fart|337\/385|[from] item: Leftovers
|turn|7
|
|switch|p2a: Clefable|Clefable, M|394\/394
|move|p1a: The Fart|Bounce|p2a: Clefable
|-damage|p2a: Clefable|229\/394
|
|-heal|p1a: The Fart|361\/385|[from] item: Leftovers
|-heal|p2a: Clefable|253\/394|[from] item: Leftovers
|turn|8
|
|move|p1a: The Fart|Substitute|p1a: The Fart
|-start|p1a: The Fart|Substitute
|-damage|p1a: The Fart|265\/385
|move|p2a: Clefable|Heal Bell|p2a: Clefable
|-cureteam|p2a: Clefable|[from] move: HealBell
|
|-heal|p1a: The Fart|289\/385|[from] item: Leftovers
|-heal|p2a: Clefable|277\/394|[from] item: Leftovers
|turn|9
|
|move|p1a: The Fart|Waterfall|p2a: Clefable
|-damage|p2a: Clefable|133\/394
|cant|p2a: Clefable|flinch
|
|-heal|p1a: The Fart|313\/385|[from] item: Leftovers
|-heal|p2a: Clefable|157\/394|[from] item: Leftovers
|turn|10
|
|move|p1a: The Fart|Waterfall|p2a: Clefable
|-crit|p2a: Clefable
|-damage|p2a: Clefable|0 fnt
|faint|p2a: Clefable
|
|-heal|p1a: The Fart|337\/385|[from] item: Leftovers
|
|switch|p2a: Aegislash|Aegislash, F, shiny|324\/324
|turn|11
|chat|Coatay|3 years worth of hax in one battle
|
|move|p1a: The Fart|Thunder Wave|p2a: Aegislash
|-status|p2a: Aegislash|par
|move|p2a: Aegislash|Substitute|p2a: Aegislash
|-start|p2a: Aegislash|Substitute
|-damage|p2a: Aegislash|243\/324 par
|
|-heal|p1a: The Fart|361\/385|[from] item: Leftovers
|-heal|p2a: Aegislash|263\/324 par|[from] item: Leftovers
|turn|12
|chat|ShitStorm|^^
|
|move|p1a: The Fart|Waterfall|p2a: Aegislash
|-end|p2a: Aegislash|Substitute
|-formechange|p2a: Aegislash|Aegislash-Blade
|move|p2a: Aegislash|Shadow Ball|p1a: The Fart
|-end|p1a: The Fart|Substitute
|
|-heal|p1a: The Fart|385\/385|[from] item: Leftovers
|-heal|p2a: Aegislash|283\/324 par|[from] item: Leftovers
|turn|13
|
|switch|p1a: Teh Foort|Magnezone|344\/344
|-damage|p1a: Teh Foort|323\/344|[from] Stealth Rock
|-formechange|p2a: Aegislash|Aegislash
|move|p2a: Aegislash|King's Shield|p2a: Aegislash
|-fail|p2a: Aegislash
|
|-heal|p2a: Aegislash|303\/324 par|[from] item: Leftovers
|turn|14
|
|move|p1a: Teh Foort|Discharge|p2a: Aegislash
|-damage|p2a: Aegislash|224\/324 par
|-formechange|p2a: Aegislash|Aegislash-Blade
|move|p2a: Aegislash|Shadow Ball|p1a: Teh Foort
|-damage|p1a: Teh Foort|235\/344
|
|-heal|p2a: Aegislash|244\/324 par|[from] item: Leftovers
|turn|15
|
|-formechange|p2a: Aegislash|Aegislash
|move|p2a: Aegislash|King's Shield|p2a: Aegislash
|-singleturn|p2a: Aegislash|Protect
|move|p1a: Teh Foort|Volt Switch|p2a: Aegislash
|-activate|p2a: Aegislash|Protect
|
|-heal|p2a: Aegislash|264\/324 par|[from] item: Leftovers
|turn|16
|
|move|p1a: Teh Foort|Volt Switch|p2a: Aegislash
|-crit|p2a: Aegislash
|-damage|p2a: Aegislash|161\/324 par
|
|switch|p1a: The Fart|Gyarados, M|385\/385
|-damage|p1a: The Fart|289\/385|[from] Stealth Rock
|-ability|p1a: The Fart|Intimidate|[of] p2a: Aegislash
|-unboost|p2a: Aegislash|atk|1
|move|p2a: Aegislash|Substitute|p2a: Aegislash
|-start|p2a: Aegislash|Substitute
|-damage|p2a: Aegislash|80\/324 par
|
|-heal|p1a: The Fart|313\/385|[from] item: Leftovers
|-heal|p2a: Aegislash|100\/324 par|[from] item: Leftovers
|turn|17
|
|move|p1a: The Fart|Waterfall|p2a: Aegislash
|-end|p2a: Aegislash|Substitute
|-formechange|p2a: Aegislash|Aegislash-Blade
|cant|p2a: Aegislash|par
|
|-heal|p1a: The Fart|337\/385|[from] item: Leftovers
|-heal|p2a: Aegislash|120\/324 par|[from] item: Leftovers
|turn|18
|
|move|p1a: The Fart|Substitute|p1a: The Fart
|-start|p1a: The Fart|Substitute
|-damage|p1a: The Fart|241\/385
|move|p2a: Aegislash|Substitute|p2a: Aegislash
|-start|p2a: Aegislash|Substitute
|-damage|p2a: Aegislash|39\/324 par
|
|-heal|p1a: The Fart|265\/385|[from] item: Leftovers
|-heal|p2a: Aegislash|59\/324 par|[from] item: Leftovers
|turn|19
|
|-formechange|p2a: Aegislash|Aegislash
|move|p2a: Aegislash|King's Shield|p2a: Aegislash
|-singleturn|p2a: Aegislash|Protect
|move|p1a: The Fart|Thunder Wave|p2a: Aegislash
|
|-heal|p1a: The Fart|289\/385|[from] item: Leftovers
|-heal|p2a: Aegislash|79\/324 par|[from] item: Leftovers
|turn|20
|
|move|p1a: The Fart|Waterfall|p2a: Aegislash
|-activate|p2a: Aegislash|Substitute|[damage]
|-formechange|p2a: Aegislash|Aegislash-Blade
|move|p2a: Aegislash|Shadow Ball|p1a: The Fart
|-end|p1a: The Fart|Substitute
|
|-heal|p1a: The Fart|313\/385|[from] item: Leftovers
|-heal|p2a: Aegislash|99\/324 par|[from] item: Leftovers
|turn|21
|
|move|p1a: The Fart|Waterfall|p2a: Aegislash
|-end|p2a: Aegislash|Substitute
|move|p2a: Aegislash|Shadow Ball|p1a: The Fart
|-damage|p1a: The Fart|148\/385
|-unboost|p1a: The Fart|spd|1
|
|-heal|p1a: The Fart|172\/385|[from] item: Leftovers
|-heal|p2a: Aegislash|119\/324 par|[from] item: Leftovers
|turn|22
|
|switch|p1a: Wilechase|Absol, M|271\/271
|-damage|p1a: Wilechase|238\/271|[from] Stealth Rock
|-ability|p1a: Wilechase|Pressure
|-formechange|p2a: Aegislash|Aegislash
|move|p2a: Aegislash|King's Shield|p2a: Aegislash
|-fail|p2a: Aegislash
|
|-heal|p2a: Aegislash|139\/324 par|[from] item: Leftovers
|turn|23
|
|-formechange|p1a: Wilechase|Absol-Mega
|message|Absol has Mega Evolved into Mega Absol!
|move|p1a: Wilechase|Substitute|p1a: Wilechase
|-start|p1a: Wilechase|Substitute
|-damage|p1a: Wilechase|171\/271
|move|p2a: Aegislash|Toxic|p1a: Wilechase
|move|p1a: Wilechase|Toxic|p2a: Aegislash|[from]Magic Bounce
|-fail|p2a: Aegislash
|
|-heal|p2a: Aegislash|159\/324 par|[from] item: Leftovers
|turn|24
|
|move|p1a: Wilechase|Fire Blast|p2a: Aegislash|[miss]
|-miss|p1a: Wilechase|p2a: Aegislash
|-formechange|p2a: Aegislash|Aegislash-Blade
|move|p2a: Aegislash|Shadow Ball|p1a: Wilechase
|-resisted|p1a: Wilechase
|-end|p1a: Wilechase|Substitute
|
|-heal|p2a: Aegislash|179\/324 par|[from] item: Leftovers
|turn|25
|
|move|p1a: Wilechase|Sucker Punch|p2a: Aegislash
|-supereffective|p2a: Aegislash
|-damage|p2a: Aegislash|0 fnt
|faint|p2a: Aegislash
|
|
|switch|p2a: Pinsir|Pinsir, M|271\/271
|-formechange|p2a: Pinsir|Pinsir-Mega
|turn|26
|
|move|p2a: Pinsir|Return|p1a: Wilechase
|-damage|p1a: Wilechase|0 fnt
|faint|p1a: Wilechase
|
|
|switch|p1a: The Fart|Gyarados, M|172\/385
|-damage|p1a: The Fart|76\/385|[from] Stealth Rock
|-ability|p1a: The Fart|Intimidate|[of] p2a: Pinsir
|-unboost|p2a: Pinsir|atk|1
|turn|27
|
|switch|p1a: Teh Foort|Magnezone|235\/344
|-damage|p1a: Teh Foort|214\/344|[from] Stealth Rock
|move|p2a: Pinsir|Return|p1a: Teh Foort
|-resisted|p1a: Teh Foort
|-damage|p1a: Teh Foort|175\/344
|
|turn|28
|
|move|p2a: Pinsir|Earthquake|p1a: Teh Foort
|-supereffective|p1a: Teh Foort
|-damage|p1a: Teh Foort|0 fnt
|faint|p1a: Teh Foort
|
|
|switch|p1a: Teh Urn|Zygarde, shiny|420\/420
|-damage|p1a: Teh Urn|394\/420|[from] Stealth Rock
|-ability|p1a: Teh Urn|Aura Break
|turn|29
|
|switch|p2a: Latias|Latias, F|302\/302
|move|p1a: Teh Urn|Outrage|p2a: Latias
|-supereffective|p2a: Latias
|-damage|p2a: Latias|0 fnt
|faint|p2a: Latias
|
|-heal|p1a: Teh Urn|420\/420|[from] item: Leftovers
|
|switch|p2a: Pinsir|Pinsir, M|271\/271
|-formechange|p2a: Pinsir|Pinsir-Mega
|turn|30
|
|move|p2a: Pinsir|Return|p1a: Teh Urn
|-crit|p1a: Teh Urn
|-damage|p1a: Teh Urn|69\/420
|move|p1a: Teh Urn|Outrage|p2a: Pinsir
|-damage|p2a: Pinsir|112\/271
|
|-heal|p1a: Teh Urn|95\/420|[from] item: Leftovers
|turn|31
|
|move|p2a: Pinsir|Return|p1a: Teh Urn
|-damage|p1a: Teh Urn|0 fnt
|faint|p1a: Teh Urn
|
|
|switch|p1a: The Fart|Gyarados, M|76\/385
|-damage|p1a: The Fart|0 fnt|[from] Stealth Rock
|faint|p1a: The Fart
|
|switch|p1a: The Fart|Breloom, F|261\/261
|-damage|p1a: The Fart|245\/261|[from] Stealth Rock
|turn|32
|
|move|p1a: The Fart|Mach Punch|p2a: Pinsir
|-resisted|p2a: Pinsir
|-damage|p2a: Pinsir|89\/271
|move|p2a: Pinsir|Return|p1a: The Fart
|-supereffective|p1a: The Fart
|-damage|p1a: The Fart|0 fnt
|faint|p1a: The Fart
|
|win|ShitStorm
|raw|Ladder updating...
|raw|Coatay's rating: 1620 &rarr; <strong>1593<\/strong><br \/>(-27 for losing)
|raw|ShitStorm's rating: 1506 &rarr; <strong>1532<\/strong><br \/>(+26 for winning)
|chat|ShitStorm|gg
|leave|Coatay
|player|p1