|join|Coatay
|join|lt7c dc59
|player|p1|Coatay|169
|player|p2|lt7c dc59|170
|gametype|singles
|gen|6
|tier|OU
|rated
|clearpoke
|poke|p1|Politoed, F
|poke|p1|Claydol
|poke|p1|Manaphy, shiny
|poke|p1|Amoonguss, F
|poke|p1|Kabutops, F
|poke|p1|Scizor, M
|poke|p2|Ferrothorn, M
|poke|p2|Landorus-Therian, M
|poke|p2|Tyranitar, M
|poke|p2|Charizard, F
|poke|p2|Latios, M
|poke|p2|Keldeo
|rule|Swagger Clause: Swagger is banned
|rule|Baton Pass Clause: Limit one PokÃ©mon knowing Baton Pass
|rule|Sleep Clause Mod: Limit one foe put to sleep
|rule|Species Clause: Limit one of each PokÃ©mon
|rule|OHKO Clause: OHKO moves are banned
|rule|Moody Clause: Moody is banned
|rule|Evasion Moves Clause: Evasion moves are banned
|rule|Endless Battle Clause: Forcing endless battles is banned
|rule|HP Percentage Mod: HP is shown in percentages
|teampreview
|
|start
|switch|p1a: Politoed|Politoed, F|384\/384
|switch|p2a: Ferrothorn|Ferrothorn, M|352\/352
|-weather|RainDance
|turn|1
|
|switch|p1a: Scizor|Scizor, M|344\/344
|move|p2a: Ferrothorn|Spikes|p1a: Scizor
|-sidestart|p1: Coatay|Spikes
|
|-weather|RainDance|[upkeep]
|turn|2
|
|detailschange|p1a: Scizor|Scizor-Mega, M
|message|Scizor has Mega Evolved into Mega Scizor!
|move|p1a: Scizor|Swords Dance|p1a: Scizor
|-boost|p1a: Scizor|atk|2
|move|p2a: Ferrothorn|Leech Seed|p1a: Scizor
|-start|p1a: Scizor|move: Leech Seed
|
|-weather|RainDance|[upkeep]
|-damage|p1a: Scizor|301\/344|[from] Leech Seed|[of] p2a: Ferrothorn
|turn|3
|
|switch|p2a: Keldeo|Keldeo|323\/323
|move|p1a: Scizor|Superpower|p2a: Keldeo
|-damage|p2a: Keldeo|23\/323
|-unboost|p1a: Scizor|atk|1
|-unboost|p1a: Scizor|def|1
|
|-weather|RainDance|[upkeep]
|-damage|p1a: Scizor|258\/344|[from] Leech Seed|[of] p2a: Keldeo
|-heal|p2a: Keldeo|66\/323|[silent]
|turn|4
|
|switch|p2a: Ferrothorn|Ferrothorn, M|352\/352
|move|p1a: Scizor|Bullet Punch|p2a: Ferrothorn
|-resisted|p2a: Ferrothorn
|-damage|p2a: Ferrothorn|301\/352
|-damage|p1a: Scizor|215\/344|[from] ability: Iron Barbs|[of] p2a: Ferrothorn
|
|-weather|RainDance|[upkeep]
|-heal|p2a: Ferrothorn|323\/352|[from] item: Leftovers
|-damage|p1a: Scizor|172\/344|[from] Leech Seed|[of] p2a: Ferrothorn
|-heal|p2a: Ferrothorn|352\/352|[silent]
|turn|5
|
|switch|p2a: Landorus-Therian|Landorus-Therian, M|369\/369
|-ability|p2a: Landorus-Therian|Intimidate|[of] p1a: Scizor
|-unboost|p1a: Scizor|atk|1
|move|p1a: Scizor|Roost|p1a: Scizor
|-heal|p1a: Scizor|344\/344
|
|-weather|RainDance|[upkeep]
|-damage|p1a: Scizor|301\/344|[from] Leech Seed|[of] p2a: Landorus-Therian
|turn|6
|
|switch|p1a: Claydol|Claydol|324\/324
|move|p2a: Landorus-Therian|Stealth Rock|p1a: Claydol
|-sidestart|p1: Coatay|move: Stealth Rock
|
|-weather|RainDance|[upkeep]
|turn|7
|
|move|p2a: Landorus-Therian|Knock Off|p1a: Claydol
|-supereffective|p1a: Claydol
|-damage|p1a: Claydol|150\/324
|-enditem|p1a: Claydol|Leftovers|[from] move: Knock Off|[of] p2a: Landorus-Therian
|move|p1a: Claydol|Rapid Spin|p2a: Landorus-Therian
|-damage|p2a: Landorus-Therian|360\/369
|-sideend|p1: Coatay|Spikes|[from] move: Rapid Spin|[of] p1a: Claydol
|-sideend|p1: Coatay|Stealth Rock|[from] move: Rapid Spin|[of] p1a: Claydol
|
|-weather|RainDance|[upkeep]
|-heal|p2a: Landorus-Therian|369\/369|[from] item: Leftovers
|turn|8
|
|move|p2a: Landorus-Therian|U-turn|p1a: Claydol
|-supereffective|p1a: Claydol
|-damage|p1a: Claydol|32\/324
|
|switch|p2a: Keldeo|Keldeo|66\/323
|move|p1a: Claydol|Stealth Rock|p2a: Keldeo
|-sidestart|p2: lt7c dc59|move: Stealth Rock
|
|-weather|none
|turn|9
|
|switch|p1a: Politoed|Politoed, F|384\/384
|-weather|RainDance
|move|p2a: Keldeo|Scald|p1a: Politoed
|-resisted|p1a: Politoed
|-damage|p1a: Politoed|221\/384
|
|-weather|RainDance|[upkeep]
|turn|10
|
|switch|p1a: Manaphy|Manaphy, shiny|404\/404
|move|p2a: Keldeo|Scald|p1a: Manaphy
|-resisted|p1a: Manaphy
|-damage|p1a: Manaphy|249\/404
|-status|p1a: Manaphy|brn
|
|-weather|RainDance|[upkeep]
|-curestatus|p1a: Manaphy|brn
|-heal|p1a: Manaphy|274\/404|[from] item: Leftovers
|turn|11
|
|switch|p2a: Ferrothorn|Ferrothorn, M|352\/352
|-damage|p2a: Ferrothorn|330\/352|[from] Stealth Rock
|move|p1a: Manaphy|Tail Glow|p1a: Manaphy
|-boost|p1a: Manaphy|spa|3
|
|-weather|RainDance|[upkeep]
|-heal|p1a: Manaphy|299\/404|[from] item: Leftovers
|-heal|p2a: Ferrothorn|352\/352|[from] item: Leftovers
|turn|12
|
|move|p1a: Manaphy|Tail Glow|p1a: Manaphy
|-boost|p1a: Manaphy|spa|3
|move|p2a: Ferrothorn|Leech Seed|p1a: Manaphy
|-start|p1a: Manaphy|move: Leech Seed
|
|-weather|RainDance|[upkeep]
|-heal|p1a: Manaphy|324\/404|[from] item: Leftovers
|-damage|p1a: Manaphy|274\/404|[from] Leech Seed|[of] p2a: Ferrothorn
|turn|13
|
|move|p1a: Manaphy|Ice Beam|p2a: Ferrothorn
|-damage|p2a: Ferrothorn|73\/352
|move|p2a: Ferrothorn|Spikes|p1a: Manaphy
|-sidestart|p1: Coatay|Spikes
|
|-weather|RainDance|[upkeep]
|-heal|p1a: Manaphy|299\/404|[from] item: Leftovers
|-heal|p2a: Ferrothorn|95\/352|[from] item: Leftovers
|-damage|p1a: Manaphy|249\/404|[from] Leech Seed|[of] p2a: Ferrothorn
|-heal|p2a: Ferrothorn|145\/352|[silent]
|turn|14
|
|move|p2a: Ferrothorn|Protect|p2a: Ferrothorn
|-singleturn|p2a: Ferrothorn|Protect
|move|p1a: Manaphy|Surf|p2a: Ferrothorn
|-activate|p2a: Ferrothorn|Protect
|
|-weather|RainDance|[upkeep]
|-heal|p1a: Manaphy|274\/404|[from] item: Leftovers
|-heal|p2a: Ferrothorn|167\/352|[from] item: Leftovers
|-damage|p1a: Manaphy|224\/404|[from] Leech Seed|[of] p2a: Ferrothorn
|-heal|p2a: Ferrothorn|217\/352|[silent]
|turn|15
|
|move|p1a: Manaphy|Ice Beam|p2a: Ferrothorn
|-damage|p2a: Ferrothorn|0 fnt
|faint|p2a: Ferrothorn
|
|-weather|RainDance|[upkeep]
|-heal|p1a: Manaphy|249\/404|[from] item: Leftovers
|
|switch|p2a: Latios|Latios, M|301\/301
|-damage|p2a: Latios|264\/301|[from] Stealth Rock
|turn|16
|
|switch|p1a: Claydol|Claydol|32\/324
|move|p2a: Latios|Draco Meteor|p1a: Claydol
|-damage|p1a: Claydol|0 fnt
|-unboost|p2a: Latios|spa|2
|-damage|p2a: Latios|234\/301|[from] item: Life Orb
|faint|p1a: Claydol
|
|-weather|none
|
|switch|p1a: Scizor|Scizor-Mega, M|301\/344
|-damage|p1a: Scizor|258\/344|[from] Spikes
|turn|17
|
|move|p2a: Latios|Defog|p1a: Scizor
|-unboost|p1a: Scizor|evasion|1
|-sideend|p1: Coatay|Spikes|[from] move: Defog|[of] p1a: Scizor
|-sideend|p2: lt7c dc59|Stealth Rock|[from] move: Defog|[of] p2a: Latios
|move|p1a: Scizor|Swords Dance|p1a: Scizor
|-boost|p1a: Scizor|atk|2
|
|turn|18
|
|switch|p2a: Landorus-Therian|Landorus-Therian, M|369\/369
|-ability|p2a: Landorus-Therian|Intimidate|[of] p1a: Scizor
|-unboost|p1a: Scizor|atk|1
|move|p1a: Scizor|Bullet Punch|p2a: Landorus-Therian
|-crit|p2a: Landorus-Therian
|-damage|p2a: Landorus-Therian|189\/369
|
|-heal|p2a: Landorus-Therian|212\/369|[from] item: Leftovers
|turn|19
|
|move|p1a: Scizor|Swords Dance|p1a: Scizor
|-boost|p1a: Scizor|atk|2
|move|p2a: Landorus-Therian|U-turn|p1a: Scizor
|-resisted|p1a: Scizor
|-damage|p1a: Scizor|231\/344
|
|switch|p2a: Charizard|Charizard, F|298\/298
|
|turn|20
|
|detailschange|p2a: Charizard|Charizard-Mega-Y, F
|message|Charizard has Mega Evolved into Mega Charizard!
|-weather|SunnyDay
|move|p1a: Scizor|Bullet Punch|p2a: Charizard
|-resisted|p2a: Charizard
|-damage|p2a: Charizard|136\/298
|move|p2a: Charizard|Flamethrower|p1a: Scizor
|-supereffective|p1a: Scizor
|-damage|p1a: Scizor|0 fnt
|faint|p1a: Scizor
|
|-weather|SunnyDay|[upkeep]
|
|switch|p1a: Politoed|Politoed, F|221\/384
|-weather|RainDance
|turn|21
|
|switch|p2a: Latios|Latios, M|234\/301
|move|p1a: Politoed|Scald|p2a: Latios
|-resisted|p2a: Latios
|-damage|p2a: Latios|169\/301
|
|-weather|RainDance|[upkeep]
|turn|22
|
|switch|p1a: Amoonguss|Amoonguss, F|432\/432
|move|p2a: Latios|Psyshock|p1a: Amoonguss
|-crit|p1a: Amoonguss
|-supereffective|p1a: Amoonguss
|-damage|p1a: Amoonguss|0 fnt
|-damage|p2a: Latios|139\/301|[from] item: Life Orb
|faint|p1a: Amoonguss
|
|-weather|RainDance|[upkeep]
|
|switch|p1a: Kabutops|Kabutops, F|262\/262
|turn|23
|
|switch|p2a: Charizard|Charizard-Mega-Y, F|136\/298
|-weather|SunnyDay
|move|p1a: Kabutops|Waterfall|p2a: Charizard
|-supereffective|p2a: Charizard
|-damage|p2a: Charizard|0 fnt
|-damage|p1a: Kabutops|236\/262|[from] item: Life Orb
|faint|p2a: Charizard
|
|-weather|SunnyDay|[upkeep]
|
|switch|p2a: Keldeo|Keldeo|66\/323
|turn|24
|
|switch|p1a: Politoed|Politoed, F|221\/384
|-weather|RainDance
|move|p2a: Keldeo|Secret Sword|p1a: Politoed
|-damage|p1a: Politoed|23\/384
|
|-weather|RainDance|[upkeep]
|turn|25
|
|move|p2a: Keldeo|Secret Sword|p1a: Politoed
|-damage|p1a: Politoed|0 fnt
|faint|p1a: Politoed
|
|-weather|RainDance|[upkeep]
|
|switch|p1a: Kabutops|Kabutops, F|236\/262
|turn|26
|
|switch|p2a: Tyranitar|Tyranitar, M|342\/342
|-weather|Sandstorm
|move|p1a: Kabutops|Waterfall|p2a: Tyranitar
|-supereffective|p2a: Tyranitar
|-damage|p2a: Tyranitar|22\/342
|-damage|p1a: Kabutops|210\/262|[from] item: Life Orb
|
|-weather|Sandstorm|[upkeep]
|turn|27
|
|move|p2a: Tyranitar|Crunch|p1a: Kabutops
|-damage|p1a: Kabutops|66\/262
|-unboost|p1a: Kabutops|def|1
|move|p1a: Kabutops|Swords Dance|p1a: Kabutops
|-boost|p1a: Kabutops|atk|2
|
|-weather|Sandstorm|[upkeep]
|turn|28
|
|move|p1a: Kabutops|Aqua Jet|p2a: Tyranitar
|-supereffective|p2a: Tyranitar
|-damage|p2a: Tyranitar|0 fnt
|-damage|p1a: Kabutops|40\/262|[from] item: Life Orb
|faint|p2a: Tyranitar
|
|-weather|Sandstorm|[upkeep]
|
|switch|p2a: Landorus-Therian|Landorus-Therian, M|212\/369
|-ability|p2a: Landorus-Therian|Intimidate|[of] p1a: Kabutops
|-unboost|p1a: Kabutops|atk|1
|turn|29
|
|move|p1a: Kabutops|Aqua Jet|p2a: Landorus-Therian
|-supereffective|p2a: Landorus-Therian
|-damage|p2a: Landorus-Therian|0 fnt
|-damage|p1a: Kabutops|14\/262|[from] item: Life Orb
|faint|p2a: Landorus-Therian
|
|-weather|Sandstorm|[upkeep]
|
|switch|p2a: Keldeo|Keldeo|66\/323
|turn|30
|
|move|p1a: Kabutops|Aqua Jet|p2a: Keldeo
|-resisted|p2a: Keldeo
|-damage|p2a: Keldeo|0 fnt
|-damage|p1a: Kabutops|0 fnt|[from] item: Life Orb
|faint|p2a: Keldeo
|faint|p1a: Kabutops
|
|-weather|none
|
|switch|p2a: Latios|Latios, M|139\/301
|switch|p1a: Manaphy|Manaphy, shiny|249\/404
|turn|31
|
|move|p2a: Latios|Draco Meteor|p1a: Manaphy
|-damage|p1a: Manaphy|0 fnt
|-unboost|p2a: Latios|spa|2
|-damage|p2a: Latios|109\/301|[from] item: Life Orb
|faint|p1a: Manaphy
|
|win|lt7c dc59
|raw|Ladder updating...
|raw|Coatay's rating: 1765 &rarr; <strong>1736<\/strong><br \/>(-29 for losing)
|raw|lt7c dc59's rating: 1606 &rarr; <strong>1635<\/strong><br \/>(+29 for winning)
|c|âlt7c dc59|gg
|leave|Coatay
|player|p1