|join|hardpuzzle
|join|Coatay
|player|p1|hardpuzzle|101
|player|p2|Coatay|169
|gametype|singles
|gen|6
|tier|OU
|rated
|clearpoke
|poke|p1|Slowbro, M
|poke|p1|Gliscor, F
|poke|p1|Tyranitar, F
|poke|p1|Quagsire, M
|poke|p1|Skarmory, F
|poke|p1|Chansey, F
|poke|p2|Politoed, F
|poke|p2|Claydol
|poke|p2|Manaphy, shiny
|poke|p2|Amoonguss, M
|poke|p2|Kabutops, F
|poke|p2|Scizor, M
|rule|Swagger Clause: Swagger is banned
|rule|Baton Pass Clause: Limit one PokÃ©mon knowing Baton Pass
|rule|Sleep Clause Mod: Limit one foe put to sleep
|rule|Species Clause: Limit one of each PokÃ©mon
|rule|OHKO Clause: OHKO moves are banned
|rule|Moody Clause: Moody is banned
|rule|Evasion Moves Clause: Evasion moves are banned
|rule|Endless Battle Clause: Forcing endless battles is banned
|rule|HP Percentage Mod: HP is shown in percentages
|teampreview
|join|MaikEliteTop1
|
|start
|switch|p1a: Skarmory|Skarmory, F|334\/334
|switch|p2a: Politoed|Politoed, F|384\/384
|-weather|RainDance
|turn|1
|
|switch|p1a: Tyranitar|Tyranitar, F|342\/342
|-weather|Sandstorm
|move|p2a: Politoed|Scald|p1a: Tyranitar
|-supereffective|p1a: Tyranitar
|-damage|p1a: Tyranitar|220\/342
|
|-weather|Sandstorm|[upkeep]
|-damage|p2a: Politoed|360\/384|[from] sandstorm
|turn|2
|
|move|p1a: Tyranitar|Pursuit|p2a: Politoed|[from]Pursuit
|-damage|p2a: Politoed|228\/384
|switch|p2a: Amoonguss|Amoonguss, M|432\/432
|
|-weather|Sandstorm|[upkeep]
|-damage|p2a: Amoonguss|405\/432|[from] sandstorm
|-heal|p2a: Amoonguss|432\/432|[from] item: Black Sludge
|turn|3
|join|riptor
|
|switch|p1a: Skarmory|Skarmory, F|334\/334
|move|p2a: Amoonguss|Spore|p1a: Skarmory
|-status|p1a: Skarmory|slp
|
|-weather|Sandstorm|[upkeep]
|-damage|p2a: Amoonguss|405\/432|[from] sandstorm
|-heal|p2a: Amoonguss|432\/432|[from] item: Black Sludge
|turn|4
|
|switch|p1a: Chansey|Chansey, F|704\/704
|switch|p2a: Politoed|Politoed, F|228\/384
|-weather|RainDance
|
|-weather|RainDance|[upkeep]
|turn|5
|c|âhardpuzzle|esse cara Ã© um parazita
|
|switch|p2a: Manaphy|Manaphy, shiny|404\/404
|move|p1a: Chansey|Stealth Rock|p2a: Manaphy
|-sidestart|p2: Coatay|move: Stealth Rock
|
|-weather|RainDance|[upkeep]
|turn|6
|c| MaikEliteTop1|pq n colocu a chansey pra tomar o spore..
|c|âhardpuzzle|pq nÃ£o precisa
|c|âhardpuzzle|o skarmory ta de bom tamanho
|c| riptor|amungus regeneration nice rain team
|
|switch|p1a: Tyranitar|Tyranitar, F|220\/342
|-weather|Sandstorm
|move|p2a: Manaphy|Tail Glow|p2a: Manaphy
|-boost|p2a: Manaphy|spa|3
|
|-weather|Sandstorm|[upkeep]
|-damage|p2a: Manaphy|379\/404|[from] sandstorm
|-heal|p2a: Manaphy|404\/404|[from] item: Leftovers
|turn|7
|c| MaikEliteTop1|hmm blz
|c|âhardpuzzle|o foda Ã© sÃ³ essa demencia de man
|
|switch|p1a: Chansey|Chansey, F|704\/704
|move|p2a: Manaphy|Surf|p1a: Chansey
|-damage|p1a: Chansey|500\/704
|
|-weather|Sandstorm|[upkeep]
|-damage|p2a: Manaphy|379\/404|[from] sandstorm
|-damage|p1a: Chansey|456\/704|[from] sandstorm
|-heal|p2a: Manaphy|404\/404|[from] item: Leftovers
|turn|8
|c|âhardpuzzle|que da glow
|c| riptor|kkkkkk
|
|switch|p2a: Claydol|Claydol|324\/324
|-damage|p2a: Claydol|304\/324|[from] Stealth Rock
|move|p1a: Chansey|Seismic Toss|p2a: Claydol
|-damage|p2a: Claydol|204\/324
|
|-weather|Sandstorm|[upkeep]
|-damage|p1a: Chansey|412\/704|[from] sandstorm
|-heal|p2a: Claydol|224\/324|[from] item: Leftovers
|turn|9
|c|âhardpuzzle|sÃ©rio 
|c| MaikEliteTop1|fica forte de mais
|c| MaikEliteTop1|mas vc tirou a chuva se nao tava lascado
|
|move|p2a: Claydol|Rapid Spin|p1a: Chansey
|-crit|p1a: Chansey
|-damage|p1a: Chansey|390\/704
|-sideend|p2: Coatay|Stealth Rock|[from] move: Rapid Spin|[of] p2a: Claydol
|move|p1a: Chansey|Soft-Boiled|p1a: Chansey
|-heal|p1a: Chansey|704\/704
|
|-weather|Sandstorm|[upkeep]
|-damage|p1a: Chansey|660\/704|[from] sandstorm
|-heal|p2a: Claydol|244\/324|[from] item: Leftovers
|turn|10
|c|âhardpuzzle|perdi 2 vezes pra esse lek
|c|âhardpuzzle|venci 1
|c| MaikEliteTop1|e o kabutops com waterfall na chuva e life orb arrebenta
|
|move|p2a: Claydol|Stealth Rock|p1a: Chansey
|-sidestart|p1: hardpuzzle|move: Stealth Rock
|move|p1a: Chansey|Seismic Toss|p2a: Claydol
|-damage|p2a: Claydol|144\/324
|
|-weather|none
|-heal|p2a: Claydol|164\/324|[from] item: Leftovers
|turn|11
|c| riptor|joga poke a quanto tempo?
|c|âhardpuzzle|Ã© mt bosta um time desse
|c|âhardpuzzle|bicho eu jogo desde os meus 
|c|âhardpuzzle|6 anos de idade
|c|âhardpuzzle|Pokemon Stadium
|c| MaikEliteTop1|O.O
|c| riptor|sÃ©rio?
|c|âhardpuzzle|Ã© :P
|c| MaikEliteTop1|do nintendo 64?
|c| riptor|viciadÃ£o
|c|âhardpuzzle|sim
|c| riptor|rsrsr
|c|âhardpuzzle|mt foda
|c| MaikEliteTop1|hj ganhei de vc uma vez neh?
|c|âhardpuzzle|s
|c|âhardpuzzle|estamos kits
|c| MaikEliteTop1|ah bem q eu lembrei do seu nick
|
|switch|p2a: Politoed|Politoed, F|228\/384
|-weather|RainDance
|move|p1a: Chansey|Seismic Toss|p2a: Politoed
|-damage|p2a: Politoed|128\/384
|
|-weather|RainDance|[upkeep]
|turn|12
|c| MaikEliteTop1|seu quag n tem wnaware?
|
|switch|p1a: Tyranitar|Tyranitar, F|220\/342
|-damage|p1a: Tyranitar|178\/342|[from] Stealth Rock
|-weather|Sandstorm
|move|p2a: Politoed|Rest|p2a: Politoed
|-status|p2a: Politoed|slp
|-heal|p2a: Politoed|384\/384 slp|[silent]
|-status|p2a: Politoed|slp|[from] move: Rest
|
|-weather|Sandstorm|[upkeep]
|-damage|p2a: Politoed|360\/384 slp|[from] sandstorm
|turn|13
|c| MaikEliteTop1|q puto dormiu
|c|âhardpuzzle|isso que Ã© foda
|
|switch|p2a: Claydol|Claydol|164\/324
|move|p1a: Tyranitar|Crunch|p2a: Claydol
|-supereffective|p2a: Claydol
|-damage|p2a: Claydol|0 fnt
|faint|p2a: Claydol
|
|-weather|Sandstorm|[upkeep]
|c| MaikEliteTop1|toma
|
|switch|p2a: Scizor|Scizor, M|344\/344
|turn|14
|
|switch|p1a: Quagsire|Quagsire, M|394\/394
|-damage|p1a: Quagsire|370\/394|[from] Stealth Rock
|detailschange|p2a: Scizor|Scizor-Mega, M
|message|Scizor has Mega Evolved into Mega Scizor!
|move|p2a: Scizor|Superpower|p1a: Quagsire
|-damage|p1a: Quagsire|242\/394
|-unboost|p2a: Scizor|atk|1
|-unboost|p2a: Scizor|def|1
|
|-weather|Sandstorm|[upkeep]
|-heal|p1a: Quagsire|266\/394|[from] item: Leftovers
|turn|15
|c| MaikEliteTop1|kkkkkkkk
|
|switch|p2a: Politoed|Politoed, F|360\/384 slp
|-weather|RainDance
|move|p1a: Quagsire|Recover|p1a: Quagsire
|-heal|p1a: Quagsire|394\/394
|
|-weather|RainDance|[upkeep]
|turn|16
|c| riptor|ja pensou emfazer parte desess LT4 LT5......
|
|switch|p2a: Kabutops|Kabutops, F|262\/262
|switch|p1a: Tyranitar|Tyranitar, F|178\/342
|-damage|p1a: Tyranitar|136\/342|[from] Stealth Rock
|-weather|Sandstorm
|
|-weather|Sandstorm|[upkeep]
|turn|17
|c|âhardpuzzle|eu preciso tirar esse rock
|
|switch|p1a: Slowbro|Slowbro, M|394\/394
|-damage|p1a: Slowbro|345\/394|[from] Stealth Rock
|move|p2a: Kabutops|Waterfall|p1a: Slowbro
|-resisted|p1a: Slowbro
|-damage|p1a: Slowbro|281\/394
|-damage|p2a: Kabutops|236\/262|[from] item: Life Orb
|
|-weather|Sandstorm|[upkeep]
|-damage|p1a: Slowbro|257\/394|[from] sandstorm
|-heal|p1a: Slowbro|281\/394|[from] item: Leftovers
|turn|18
|c| MaikEliteTop1|se joga pra carai memo hein
|c| MaikEliteTop1|tira a chuva na hr certa e troca
|
|switch|p2a: Politoed|Politoed, F|360\/384 slp
|-weather|RainDance
|move|p1a: Slowbro|Psyshock|p2a: Politoed
|-damage|p2a: Politoed|284\/384 slp
|
|-weather|RainDance|[upkeep]
|-heal|p1a: Slowbro|305\/394|[from] item: Leftovers
|turn|19
|
|switch|p2a: Manaphy|Manaphy, shiny|404\/404
|switch|p1a: Tyranitar|Tyranitar, F|136\/342
|-damage|p1a: Tyranitar|94\/342|[from] Stealth Rock
|-weather|Sandstorm
|
|-weather|Sandstorm|[upkeep]
|-damage|p2a: Manaphy|379\/404|[from] sandstorm
|-heal|p2a: Manaphy|404\/404|[from] item: Leftovers
|turn|20
|
|switch|p1a: Chansey|Chansey, F|660\/704
|-damage|p1a: Chansey|572\/704|[from] Stealth Rock
|move|p2a: Manaphy|Surf|p1a: Chansey
|-damage|p1a: Chansey|494\/704
|
|-weather|Sandstorm|[upkeep]
|-damage|p2a: Manaphy|379\/404|[from] sandstorm
|-damage|p1a: Chansey|450\/704|[from] sandstorm
|-heal|p2a: Manaphy|404\/404|[from] item: Leftovers
|turn|21
|c| riptor|VC Ã FODA
|c| riptor|kkkkk
|
|switch|p2a: Politoed|Politoed, F|284\/384 slp
|-weather|RainDance
|move|p1a: Chansey|Stealth Rock|p2a: Politoed
|-sidestart|p2: Coatay|move: Stealth Rock
|
|-weather|RainDance|[upkeep]
|turn|22
|c|âhardpuzzle|ta foda essa partida
|c|âhardpuzzle|ele vai tentar o manaphy agora
|c| riptor|boa umas pedrinha sempre ajuda
|
|switch|p2a: Manaphy|Manaphy, shiny|404\/404
|-damage|p2a: Manaphy|354\/404|[from] Stealth Rock
|switch|p1a: Quagsire|Quagsire, M|394\/394
|-damage|p1a: Quagsire|370\/394|[from] Stealth Rock
|
|-weather|RainDance|[upkeep]
|-heal|p2a: Manaphy|379\/404|[from] item: Leftovers
|-heal|p1a: Quagsire|394\/394|[from] item: Leftovers
|turn|23
|
|move|p2a: Manaphy|Surf|p1a: Quagsire
|-damage|p1a: Quagsire|126\/394
|move|p1a: Quagsire|Earthquake|p2a: Manaphy
|-crit|p2a: Manaphy
|-damage|p2a: Manaphy|214\/404
|
|-weather|RainDance|[upkeep]
|-heal|p2a: Manaphy|239\/404|[from] item: Leftovers
|-heal|p1a: Quagsire|150\/394|[from] item: Leftovers
|turn|24
|c| MaikEliteTop1|energy ball cuidado
|
|switch|p1a: Chansey|Chansey, F|450\/704
|-damage|p1a: Chansey|362\/704|[from] Stealth Rock
|move|p2a: Manaphy|Tail Glow|p2a: Manaphy
|-boost|p2a: Manaphy|spa|3
|
|-weather|RainDance|[upkeep]
|-heal|p2a: Manaphy|264\/404|[from] item: Leftovers
|turn|25
|c|âhardpuzzle|n tem
|c|âhardpuzzle|esse mlk sÃ³ faz isso
|c| MaikEliteTop1|ah vc ja atÃ© conhece o time dele kk
|
|move|p2a: Manaphy|Tail Glow|p2a: Manaphy
|-boost|p2a: Manaphy|spa|3
|move|p1a: Chansey|Soft-Boiled|p1a: Chansey
|-heal|p1a: Chansey|704\/704
|
|-weather|RainDance|[upkeep]
|-heal|p2a: Manaphy|289\/404|[from] item: Leftovers
|turn|26
|c|âhardpuzzle|sÃ³ tem isso pra ganhar
|c| MaikEliteTop1|agr fudeu
|
|move|p2a: Manaphy|Surf|p1a: Chansey
|-damage|p1a: Chansey|206\/704
|move|p1a: Chansey|Soft-Boiled|p1a: Chansey
|-heal|p1a: Chansey|558\/704
|
|-weather|RainDance|[upkeep]
|-heal|p2a: Manaphy|314\/404|[from] item: Leftovers
|turn|27
|c| MaikEliteTop1|tira essa chuva
|c| MaikEliteTop1|e esse bicha se cura na chuva neh
|c|âhardpuzzle|n da
|
|move|p2a: Manaphy|Surf|p1a: Chansey
|-damage|p1a: Chansey|75\/704
|move|p1a: Chansey|Soft-Boiled|p1a: Chansey
|-heal|p1a: Chansey|427\/704
|
|-weather|RainDance|[upkeep]
|-heal|p2a: Manaphy|339\/404|[from] item: Leftovers
|turn|28
|c| riptor|vai sacrifica
|c|âhardpuzzle|o time dele Ã© sÃ³ o politoed e o manaphy
|c| riptor|e o kabutops
|
|switch|p1a: Skarmory|Skarmory, F|334\/334 slp
|-damage|p1a: Skarmory|293\/334 slp|[from] Stealth Rock
|move|p2a: Manaphy|Surf|p1a: Skarmory
|-damage|p1a: Skarmory|0 fnt
|faint|p1a: Skarmory
|
|-weather|none
|-heal|p2a: Manaphy|364\/404|[from] item: Leftovers
|
|switch|p1a: Chansey|Chansey, F|427\/704
|-damage|p1a: Chansey|339\/704|[from] Stealth Rock
|turn|29
|c| riptor|boa
|
|move|p2a: Manaphy|Surf|p1a: Chansey
|-damage|p1a: Chansey|35\/704
|move|p1a: Chansey|Soft-Boiled|p1a: Chansey
|-heal|p1a: Chansey|387\/704
|
|-heal|p2a: Manaphy|389\/404|[from] item: Leftovers
|turn|30
|
|move|p2a: Manaphy|Surf|p1a: Chansey
|-damage|p1a: Chansey|56\/704
|move|p1a: Chansey|Soft-Boiled|p1a: Chansey
|-heal|p1a: Chansey|408\/704
|
|-heal|p2a: Manaphy|404\/404|[from] item: Leftovers
|turn|31
|
|move|p2a: Manaphy|Surf|p1a: Chansey
|-damage|p1a: Chansey|101\/704
|move|p1a: Chansey|Soft-Boiled|p1a: Chansey
|-heal|p1a: Chansey|453\/704
|
|turn|32
|
|move|p2a: Manaphy|Surf|p1a: Chansey
|-damage|p1a: Chansey|132\/704
|move|p1a: Chansey|Soft-Boiled|p1a: Chansey
|-heal|p1a: Chansey|484\/704
|
|turn|33
|c|âhardpuzzle|Ã© pq joguei errado
|c| MaikEliteTop1|falei pra vc jp q esse manaphy eh cusao com tail glow
|c|âhardpuzzle|em deixar o skar dormir
|
|switch|p2a: Politoed|Politoed, F|284\/384 slp
|-damage|p2a: Politoed|236\/384 slp|[from] Stealth Rock
|-weather|RainDance
|move|p1a: Chansey|Soft-Boiled|p1a: Chansey
|-heal|p1a: Chansey|704\/704
|
|-weather|RainDance|[upkeep]
|turn|34
|
|switch|p2a: Manaphy|Manaphy, shiny|404\/404
|-damage|p2a: Manaphy|354\/404|[from] Stealth Rock
|switch|p1a: Tyranitar|Tyranitar, F|94\/342
|-damage|p1a: Tyranitar|52\/342|[from] Stealth Rock
|-weather|Sandstorm
|
|-weather|Sandstorm|[upkeep]
|-damage|p2a: Manaphy|329\/404|[from] sandstorm
|-heal|p2a: Manaphy|354\/404|[from] item: Leftovers
|turn|35
|c| riptor|o carasÃ³ faz isso kk
|c| MaikEliteTop1|q mlk fdp sÃ³ faz isso
|
|switch|p1a: Chansey|Chansey, F|704\/704
|-damage|p1a: Chansey|616\/704|[from] Stealth Rock
|move|p2a: Manaphy|Surf|p1a: Chansey
|-damage|p1a: Chansey|543\/704
|
|-weather|Sandstorm|[upkeep]
|-damage|p2a: Manaphy|329\/404|[from] sandstorm
|-damage|p1a: Chansey|499\/704|[from] sandstorm
|-heal|p2a: Manaphy|354\/404|[from] item: Leftovers
|turn|36
|c| MaikEliteTop1|ta igual eu no bp kk
|
|switch|p2a: Politoed|Politoed, F|236\/384 slp
|-damage|p2a: Politoed|188\/384 slp|[from] Stealth Rock
|-weather|RainDance
|move|p1a: Chansey|Seismic Toss|p2a: Politoed
|-damage|p2a: Politoed|88\/384 slp
|
|-weather|RainDance|[upkeep]
|turn|37
|c|âhardpuzzle|ele n tem outra jogada
|c| MaikEliteTop1|na proxima ele ja era
|
|switch|p2a: Manaphy|Manaphy, shiny|354\/404
|-damage|p2a: Manaphy|304\/404|[from] Stealth Rock
|move|p1a: Chansey|Seismic Toss|p2a: Manaphy
|-damage|p2a: Manaphy|204\/404
|
|-weather|RainDance|[upkeep]
|-heal|p2a: Manaphy|229\/404|[from] item: Leftovers
|turn|38
|c| MaikEliteTop1|e acaba a chuva
|c| riptor|ele vai perer a pedra vai causar bom dano
|
|move|p2a: Manaphy|Tail Glow|p2a: Manaphy
|-boost|p2a: Manaphy|spa|3
|move|p1a: Chansey|Seismic Toss|p2a: Manaphy
|-damage|p2a: Manaphy|129\/404
|
|-weather|RainDance|[upkeep]
|-heal|p2a: Manaphy|154\/404|[from] item: Leftovers
|turn|39
|c| riptor|se o fdp nÃ£o dormir denovo
|
|move|p2a: Manaphy|Surf|p1a: Chansey
|-damage|p1a: Chansey|181\/704
|move|p1a: Chansey|Seismic Toss|p2a: Manaphy
|-damage|p2a: Manaphy|54\/404
|
|-weather|RainDance|[upkeep]
|-heal|p2a: Manaphy|79\/404|[from] item: Leftovers
|turn|40
|
|switch|p1a: Tyranitar|Tyranitar, F|52\/342
|-damage|p1a: Tyranitar|10\/342|[from] Stealth Rock
|-weather|Sandstorm
|move|p2a: Manaphy|Surf|p1a: Tyranitar
|-supereffective|p1a: Tyranitar
|-damage|p1a: Tyranitar|0 fnt
|faint|p1a: Tyranitar
|
|-weather|Sandstorm|[upkeep]
|-damage|p2a: Manaphy|54\/404|[from] sandstorm
|-heal|p2a: Manaphy|79\/404|[from] item: Leftovers
|
|switch|p1a: Chansey|Chansey, F|181\/704
|-damage|p1a: Chansey|93\/704|[from] Stealth Rock
|turn|41
|
|move|p2a: Manaphy|Surf|p1a: Chansey
|-damage|p1a: Chansey|0 fnt
|faint|p1a: Chansey
|
|-weather|Sandstorm|[upkeep]
|-damage|p2a: Manaphy|54\/404|[from] sandstorm
|-heal|p2a: Manaphy|79\/404|[from] item: Leftovers
|c|âhardpuzzle|troquei
|c|âhardpuzzle|miss click
|
|switch|p1a: Slowbro|Slowbro, M|394\/394
|-damage|p1a: Slowbro|345\/394|[from] Stealth Rock
|turn|42
|
|switch|p2a: Politoed|Politoed, F|88\/384 slp
|-damage|p2a: Politoed|40\/384 slp|[from] Stealth Rock
|-weather|RainDance
|move|p1a: Slowbro|Psyshock|p2a: Politoed
|-damage|p2a: Politoed|0 fnt
|faint|p2a: Politoed
|
|-weather|RainDance|[upkeep]
|-heal|p1a: Slowbro|369\/394|[from] item: Leftovers
|c| MaikEliteTop1|morre inseto
|
|switch|p2a: Manaphy|Manaphy, shiny|79\/404
|-damage|p2a: Manaphy|29\/404|[from] Stealth Rock
|turn|43
|c|âhardpuzzle|ai o cara usa
|c|âhardpuzzle|rest
|c| MaikEliteTop1|vai dormir
|
|move|p2a: Manaphy|Rest|p2a: Manaphy
|-status|p2a: Manaphy|slp
|-heal|p2a: Manaphy|404\/404 slp|[silent]
|-status|p2a: Manaphy|slp|[from] move: Rest
|move|p1a: Slowbro|Psyshock|p2a: Manaphy
|-damage|p2a: Manaphy|310\/404 slp
|
|-weather|RainDance|[upkeep]
|-curestatus|p2a: Manaphy|slp
|-heal|p2a: Manaphy|335\/404|[from] item: Leftovers
|-heal|p1a: Slowbro|393\/394|[from] item: Leftovers
|turn|44
|c| MaikEliteTop1|ja era.
|c|âhardpuzzle|tipo
|c|âhardpuzzle|qual a coisa legal nisso ?
|
|move|p2a: Manaphy|Tail Glow|p2a: Manaphy
|-boost|p2a: Manaphy|spa|3
|move|p1a: Slowbro|Psyshock|p2a: Manaphy
|-damage|p2a: Manaphy|248\/404
|
|-weather|RainDance|[upkeep]
|-heal|p2a: Manaphy|273\/404|[from] item: Leftovers
|-heal|p1a: Slowbro|394\/394|[from] item: Leftovers
|turn|45
|c| riptor|travar os outros ;V
|
|move|p2a: Manaphy|Tail Glow|p2a: Manaphy
|-boost|p2a: Manaphy|spa|3
|move|p1a: Slowbro|Psyshock|p2a: Manaphy
|-damage|p2a: Manaphy|174\/404
|
|-weather|RainDance|[upkeep]
|-heal|p2a: Manaphy|199\/404|[from] item: Leftovers
|turn|46
|c|âhardpuzzle|o jogo todo sÃ³ isso
|c| riptor|kkkk
|
|move|p2a: Manaphy|Surf|p1a: Slowbro
|-resisted|p1a: Slowbro
|-damage|p1a: Slowbro|0 fnt
|faint|p1a: Slowbro
|
|-weather|RainDance|[upkeep]
|-heal|p2a: Manaphy|224\/404|[from] item: Leftovers
|c| MaikEliteTop1|vc n podia ter deixado o skarmory dormir
|
|switch|p1a: Gliscor|Gliscor, F|352\/352
|-damage|p1a: Gliscor|308\/352|[from] Stealth Rock
|turn|47
|c| MaikEliteTop1|lembra q te falei ainda no comeÃ§o
|
|move|p2a: Manaphy|Surf|p1a: Gliscor
|-supereffective|p1a: Gliscor
|-damage|p1a: Gliscor|0 fnt
|faint|p1a: Gliscor
|
|-weather|RainDance|[upkeep]
|-heal|p2a: Manaphy|249\/404|[from] item: Leftovers
|c|âhardpuzzle|foi vacilo
|
|switch|p1a: Quagsire|Quagsire, M|150\/394
|-damage|p1a: Quagsire|126\/394|[from] Stealth Rock
|turn|48
|
|move|p2a: Manaphy|Surf|p1a: Quagsire
|-damage|p1a: Quagsire|0 fnt
|faint|p1a: Quagsire
|
|win|Coatay
|raw|Ladder updating...
|raw|hardpuzzle's rating: 1893 &rarr; <strong>1863<\/strong><br \/>(-30 for losing)
|raw|Coatay's rating: 1713 &rarr; <strong>1742<\/strong><br \/>(+29 for winning)
|c|âhardpuzzle|eu achei que ele seria o menos util
|c| MaikEliteTop1|precisava dar defog neh
|c| MaikEliteTop1|pra tirar essa pedra
|leave|riptor
|leave|MaikEliteTop1
|leave|Coatay
|player|p2
|join|riptor