|join|'Cune Plus Friends
|join|Coatay
|player|p1|'Cune Plus Friends|242
|player|p2|Coatay|266
|gametype|singles
|gen|6
|tier|OU
|rated
|clearpoke
|poke|p1|Raikou
|poke|p1|Suicune
|poke|p1|Entei, shiny
|poke|p1|Deoxys-Speed
|poke|p1|Skarmory, F
|poke|p1|Chesnaught, M
|poke|p2|Pinsir, M
|poke|p2|Conkeldurr, M
|poke|p2|Heatran, M
|poke|p2|Rotom-Wash
|poke|p2|Togekiss, F
|poke|p2|Aegislash, M
|rule|Sleep Clause Mod: Limit one foe put to sleep
|rule|Species Clause: Limit one of each Pokemon
|rule|OHKO Clause: OHKO moves are banned
|rule|Moody Clause: Moody is banned
|rule|Evasion Moves Clause: Evasion moves are banned
|rule|Endless Battle Clause: Forcing endless battles is banned.
|rule|HP Percentage Mod: HP is reported as percentages
|teampreview
|
|start
|switch|p1a: Deoxys-Speed|Deoxys-Speed|304\/304
|switch|p2a: Conkeldurr|Conkeldurr, M|351\/351
|-ability|p1a: Deoxys-Speed|Pressure
|turn|1
|
|move|p1a: Deoxys-Speed|Zen Headbutt|p2a: Conkeldurr|[miss]
|-miss|p1a: Deoxys-Speed|p2a: Conkeldurr
|move|p2a: Conkeldurr|Knock Off|p1a: Deoxys-Speed
|-supereffective|p1a: Deoxys-Speed
|-damage|p1a: Deoxys-Speed|0 fnt
|faint|p1a: Deoxys-Speed
|
|chat|'Cune Plus Friends|faggot
|
|switch|p1a: Skarmory|Skarmory, F|333\/333
|turn|2
|chat|Coatay|YEAH  MY BAD BRO
|
|switch|p2a: Rotom-Wash|Rotom-Wash|304\/304
|move|p1a: Skarmory|Brave Bird|p2a: Rotom-Wash
|-resisted|p2a: Rotom-Wash
|-damage|p2a: Rotom-Wash|244\/304
|-damage|p1a: Skarmory|313\/333|[from] recoil|[of] p2a: Rotom-Wash
|
|-heal|p2a: Rotom-Wash|263\/304|[from] item: Leftovers
|turn|3
|
|switch|p1a: Chesnaught|Chesnaught, M|380\/380
|move|p2a: Rotom-Wash|Hydro Pump|p1a: Chesnaught
|-resisted|p1a: Chesnaught
|-damage|p1a: Chesnaught|291\/380
|
|-heal|p2a: Rotom-Wash|282\/304|[from] item: Leftovers
|turn|4
|
|move|p2a: Rotom-Wash|Will-O-Wisp|p1a: Chesnaught
|-status|p1a: Chesnaught|brn
|-enditem|p1a: Chesnaught|Lum Berry|[eat]
|-curestatus|p1a: Chesnaught|brn
|move|p1a: Chesnaught|Wood Hammer|p2a: Rotom-Wash
|-supereffective|p2a: Rotom-Wash
|-damage|p2a: Rotom-Wash|0 fnt
|-damage|p1a: Chesnaught|198\/380|[from] recoil|[of] p2a: Rotom-Wash
|faint|p2a: Rotom-Wash
|
|
|switch|p2a: Togekiss|Togekiss, F|374\/374
|turn|5
|
|switch|p1a: Raikou|Raikou|322\/322
|-ability|p1a: Raikou|Pressure
|-item|p1a: Raikou|Air Balloon
|move|p2a: Togekiss|Air Slash|p1a: Raikou
|-resisted|p1a: Raikou
|-damage|p1a: Raikou|274\/322
|-enditem|p1a: Raikou|Air Balloon
|
|turn|6
|
|switch|p2a: Conkeldurr|Conkeldurr, M|351\/351
|move|p1a: Raikou|Thunderbolt|p2a: Conkeldurr
|-damage|p2a: Conkeldurr|248\/351
|
|turn|7
|
|switch|p1a: Skarmory|Skarmory, F|313\/333
|move|p2a: Conkeldurr|Drain Punch|p1a: Skarmory
|-damage|p1a: Skarmory|225\/333
|-heal|p2a: Conkeldurr|292\/351|[from] drain|[of] p1a: Skarmory
|-damage|p2a: Conkeldurr|234\/351|[from] item: Rocky Helmet|[of] p1a: Skarmory
|
|turn|8
|
|switch|p2a: Heatran|Heatran, M|386\/386
|move|p1a: Skarmory|Stealth Rock|p2a: Heatran
|-sidestart|p2: Coatay|move: Stealth Rock
|
|turn|9
|
|switch|p1a: Entei|Entei, shiny|372\/372
|-ability|p1a: Entei|Pressure
|move|p2a: Heatran|Lava Plume|p1a: Entei
|-resisted|p1a: Entei
|-damage|p1a: Entei|289\/372
|
|turn|10
|
|move|p1a: Entei|Bulldoze|p2a: Heatran
|-supereffective|p2a: Heatran
|-damage|p2a: Heatran|0 fnt
|faint|p2a: Heatran
|
|
|switch|p2a: Conkeldurr|Conkeldurr, M|234\/351
|-damage|p2a: Conkeldurr|213\/351|[from] Stealth Rock
|turn|11
|
|switch|p1a: Skarmory|Skarmory, F|225\/333
|move|p2a: Conkeldurr|Knock Off|p1a: Skarmory
|-damage|p1a: Skarmory|149\/333
|-damage|p2a: Conkeldurr|155\/351|[from] item: Rocky Helmet|[of] p1a: Skarmory
|-enditem|p1a: Skarmory|Rocky Helmet|[from] move: Knock Off|[of] p2a: Conkeldurr
|
|turn|12
|
|switch|p2a: Aegislash|Aegislash, M|324\/324
|-damage|p2a: Aegislash|304\/324|[from] Stealth Rock
|move|p1a: Skarmory|Roost|p1a: Skarmory
|-heal|p1a: Skarmory|316\/333
|
|-heal|p2a: Aegislash|324\/324|[from] item: Leftovers
|turn|13
|
|switch|p1a: Chesnaught|Chesnaught, M|198\/380
|-formechange|p2a: Aegislash|Aegislash-Blade
|move|p2a: Aegislash|Shadow Ball|p1a: Chesnaught
|-immune|p1a: Chesnaught|[msg]|[from] Bulletproof
|
|turn|14
|
|-formechange|p2a: Aegislash|Aegislash
|move|p2a: Aegislash|King's Shield|p2a: Aegislash
|-singleturn|p2a: Aegislash|Protect
|move|p1a: Chesnaught|Leech Seed|p2a: Aegislash
|-start|p2a: Aegislash|move: Leech Seed
|
|-damage|p2a: Aegislash|284\/324|[from] Leech Seed|[of] p1a: Chesnaught
|-heal|p1a: Chesnaught|238\/380|[silent]
|turn|15
|
|switch|p2a: Togekiss|Togekiss, F|374\/374
|-damage|p2a: Togekiss|281\/374|[from] Stealth Rock
|move|p1a: Chesnaught|Leech Seed|p2a: Togekiss
|-start|p2a: Togekiss|move: Leech Seed
|
|-heal|p2a: Togekiss|304\/374|[from] item: Leftovers
|-damage|p2a: Togekiss|258\/374|[from] Leech Seed|[of] p1a: Chesnaught
|-heal|p1a: Chesnaught|284\/380|[silent]
|turn|16
|
|switch|p1a: Raikou|Raikou|274\/322
|-ability|p1a: Raikou|Pressure
|move|p2a: Togekiss|Thunder Wave|p1a: Raikou
|-fail|p1a: Raikou
|
|-heal|p2a: Togekiss|281\/374|[from] item: Leftovers
|-damage|p2a: Togekiss|235\/374|[from] Leech Seed|[of] p1a: Raikou
|-heal|p1a: Raikou|320\/322|[silent]
|turn|17
|
|switch|p2a: Aegislash|Aegislash, M|284\/324
|-damage|p2a: Aegislash|264\/324|[from] Stealth Rock
|move|p1a: Raikou|Thunderbolt|p2a: Aegislash
|-crit|p2a: Aegislash
|-damage|p2a: Aegislash|98\/324
|
|-heal|p2a: Aegislash|118\/324|[from] item: Leftovers
|turn|18
|
|move|p1a: Raikou|Thunderbolt|p2a: Aegislash
|-damage|p2a: Aegislash|22\/324
|-formechange|p2a: Aegislash|Aegislash-Blade
|move|p2a: Aegislash|Sacred Sword|p1a: Raikou
|-damage|p1a: Raikou|156\/322
|
|-heal|p2a: Aegislash|42\/324|[from] item: Leftovers
|turn|19
|
|-formechange|p2a: Aegislash|Aegislash
|move|p2a: Aegislash|King's Shield|p2a: Aegislash
|-singleturn|p2a: Aegislash|Protect
|move|p1a: Raikou|Thunderbolt|p2a: Aegislash
|-activate|p2a: Aegislash|Protect
|
|-heal|p2a: Aegislash|62\/324|[from] item: Leftovers
|turn|20
|
|-formechange|p2a: Aegislash|Aegislash-Blade
|move|p2a: Aegislash|Shadow Sneak|p1a: Raikou
|-damage|p1a: Raikou|39\/322
|move|p1a: Raikou|Thunderbolt|p2a: Aegislash
|-damage|p2a: Aegislash|0 fnt
|faint|p2a: Aegislash
|
|
|switch|p2a: Conkeldurr|Conkeldurr, M|155\/351
|-damage|p2a: Conkeldurr|134\/351|[from] Stealth Rock
|turn|21
|
|switch|p1a: Skarmory|Skarmory, F|316\/333
|move|p2a: Conkeldurr|Mach Punch|p1a: Skarmory
|-damage|p1a: Skarmory|265\/333
|
|turn|22
|
|switch|p2a: Togekiss|Togekiss, F|235\/374
|-damage|p2a: Togekiss|142\/374|[from] Stealth Rock
|move|p1a: Skarmory|Brave Bird|p2a: Togekiss
|-damage|p2a: Togekiss|57\/374
|-damage|p1a: Skarmory|237\/333|[from] recoil|[of] p2a: Togekiss
|
|-heal|p2a: Togekiss|80\/374|[from] item: Leftovers
|turn|23
|
|move|p2a: Togekiss|Roost|p2a: Togekiss
|-heal|p2a: Togekiss|267\/374
|move|p1a: Skarmory|Brave Bird|p2a: Togekiss
|-damage|p2a: Togekiss|183\/374
|-damage|p1a: Skarmory|209\/333|[from] recoil|[of] p2a: Togekiss
|
|-heal|p2a: Togekiss|206\/374|[from] item: Leftovers
|turn|24
|
|switch|p1a: Entei|Entei, shiny|289\/372
|-ability|p1a: Entei|Pressure
|move|p2a: Togekiss|Dazzling Gleam|p1a: Entei
|-resisted|p1a: Entei
|-damage|p1a: Entei|219\/372
|
|-heal|p2a: Togekiss|229\/374|[from] item: Leftovers
|turn|25
|
|move|p1a: Entei|Sacred Fire|p2a: Togekiss
|-damage|p2a: Togekiss|10\/374
|move|p2a: Togekiss|Thunder Wave|p1a: Entei
|-status|p1a: Entei|par
|
|-heal|p2a: Togekiss|33\/374|[from] item: Leftovers
|turn|26
|
|move|p2a: Togekiss|Roost|p2a: Togekiss
|-heal|p2a: Togekiss|220\/374
|move|p1a: Entei|Sacred Fire|p2a: Togekiss
|-damage|p2a: Togekiss|10\/374
|-status|p2a: Togekiss|brn
|
|-heal|p2a: Togekiss|33\/374 brn|[from] item: Leftovers
|-damage|p2a: Togekiss|0 fnt|[from] brn
|faint|p2a: Togekiss
|
|switch|p2a: Pinsir|Pinsir, M|279\/279
|-damage|p2a: Pinsir|210\/279|[from] Stealth Rock
|turn|27
|
|-formechange|p2a: Pinsir|Pinsir-Mega
|message|Pinsir has Mega Evolved into Mega Pinsir!
|move|p2a: Pinsir|Swords Dance|p2a: Pinsir
|-boost|p2a: Pinsir|atk|2
|cant|p1a: Entei|par
|
|turn|28
|
|move|p2a: Pinsir|Earthquake|p1a: Entei
|-crit|p1a: Entei
|-supereffective|p1a: Entei
|-damage|p1a: Entei|0 fnt
|faint|p1a: Entei
|
|chat|'Cune Plus Friends|nice fag
|chat|'Cune Plus Friends|nice fag
|chat|'Cune Plus Friends|nice fag
|chat|'Cune Plus Friends|nice fag
|chat|'Cune Plus Friends|nice fag
|chat|'Cune Plus Friends|nice fag
|
|switch|p1a: Suicune|Suicune|404\/404
|-ability|p1a: Suicune|Pressure
|turn|29
|
|move|p2a: Pinsir|Return|p1a: Suicune
|-damage|p1a: Suicune|0 fnt
|faint|p1a: Suicune
|
|chat|'Cune Plus Friends|nice fag
|chat|'Cune Plus Friends|nice fag
|chat|'Cune Plus Friends|nice fag
|chat|'Cune Plus Friends|nice fag
|
|switch|p1a: Skarmory|Skarmory, F|209\/333
|turn|30
|chat|Coatay|nice fag
|
|move|p2a: Pinsir|Return|p1a: Skarmory
|-resisted|p1a: Skarmory
|-damage|p1a: Skarmory|27\/333
|move|p1a: Skarmory|Brave Bird|p2a: Pinsir
|-supereffective|p2a: Pinsir
|-damage|p2a: Pinsir|10\/279
|-damage|p1a: Skarmory|0 fnt|[from] recoil|[of] p2a: Pinsir
|faint|p1a: Skarmory
|
|chat|'Cune Plus Friends|you TOTALLY deserve to win this
|
|switch|p1a: Chesnaught|Chesnaught, M|284\/380
|turn|31
|chat|Coatay|So do you
|
|move|p1a: Chesnaught|Spiky Shield|p1a: Chesnaught
|-singleturn|p1a: Chesnaught|move: Protect
|move|p2a: Pinsir|Quick Attack|p1a: Chesnaught
|-activate|p1a: Chesnaught|move: Protect
|-damage|p2a: Pinsir|0 fnt|[from] Spiky Shield|[of] p1a: Chesnaught
|faint|p2a: Pinsir
|
|
|switch|p2a: Conkeldurr|Conkeldurr, M|134\/351
|-damage|p2a: Conkeldurr|113\/351|[from] Stealth Rock
|turn|32
|
|move|p1a: Chesnaught|Leech Seed|p2a: Conkeldurr
|-start|p2a: Conkeldurr|move: Leech Seed
|move|p2a: Conkeldurr|Drain Punch|p1a: Chesnaught
|-damage|p1a: Chesnaught|155\/380
|-heal|p2a: Conkeldurr|178\/351|[from] drain|[of] p1a: Chesnaught
|
|-damage|p2a: Conkeldurr|135\/351|[from] Leech Seed|[of] p1a: Chesnaught
|-heal|p1a: Chesnaught|198\/380|[silent]
|turn|33
|
|move|p1a: Chesnaught|Spiky Shield|p1a: Chesnaught
|-singleturn|p1a: Chesnaught|move: Protect
|move|p2a: Conkeldurr|Ice Punch|p1a: Chesnaught
|-activate|p1a: Chesnaught|move: Protect
|-damage|p2a: Conkeldurr|92\/351|[from] Spiky Shield|[of] p1a: Chesnaught
|
|-damage|p2a: Conkeldurr|49\/351|[from] Leech Seed|[of] p1a: Chesnaught
|-heal|p1a: Chesnaught|241\/380|[silent]
|turn|34
|chat|'Cune Plus Friends|you suck so badly
|
|switch|p1a: Raikou|Raikou|39\/322
|-ability|p1a: Raikou|Pressure
|move|p2a: Conkeldurr|Ice Punch|p1a: Raikou
|-crit|p1a: Raikou
|-damage|p1a: Raikou|0 fnt
|faint|p1a: Raikou
|
|
|switch|p1a: Chesnaught|Chesnaught, M|241\/380
|turn|35
|chat|'Cune Plus Friends|gg idiot
|chat|Coatay|This is Pokemon
|chat|Coatay|Grow the fuck up
|-message|Coatay forfeited.
|
|win|'Cune Plus Friends
|raw|Ladder updating...
|leave|Coatay
|player|p2