|join|ASAP Oblivion
|join|Coatay
|player|p1|ASAP Oblivion|102
|player|p2|Coatay|169
|gametype|singles
|tier|OU
|rated
|rule|Evasion Abilities Clause: Evasion abilities are banned
|clearpoke
|poke|p1|Rotom-Wash, shiny
|poke|p1|Heatran, F
|poke|p1|Starmie, shiny
|poke|p1|Dragonite, M, shiny
|poke|p1|Ferrothorn, F, shiny
|poke|p1|Infernape, M
|poke|p2|Politoed, F
|poke|p2|Keldeo-Resolute
|poke|p2|Ferrothorn, F
|poke|p2|Thundurus-Therian, M
|poke|p2|Jirachi
|poke|p2|Dragonite, M
|rule|Sleep Clause Mod: Limit one foe put to sleep
|rule|Species Clause: Limit one of each Pokemon
|rule|OHKO Clause: OHKO moves are banned
|rule|Moody Clause: Moody is banned
|rule|Evasion Moves Clause: Evasion moves are banned
|rule|HP Percentage Mod: HP is reported as percentages
|teampreview
|callback|decision
|
|start
|switch|p1a: Bloodthorn|Ferrothorn, F, shiny|352\/352
|switch|p2a: Politoed|Politoed, F|384\/384
|-weather|RainDance|[from] ability: Drizzle|[of] p2a: Politoed
|turn|1
|callback|decision
|
|move|p2a: Politoed|Focus Blast|p1a: Bloodthorn
|-supereffective|p1a: Bloodthorn
|-damage|p1a: Bloodthorn|72\/352
|move|p1a: Bloodthorn|Stealth Rock|p2a: Politoed
|-sidestart|p2: Coatay|move: Stealth Rock
|
|-weather|RainDance|[upkeep]
|-heal|p1a: Bloodthorn|94\/352|[from] item: Leftovers
|turn|2
|callback|decision
|
|move|p2a: Politoed|Focus Blast|p1a: Bloodthorn
|-supereffective|p1a: Bloodthorn
|-damage|p1a: Bloodthorn|0 fnt
|faint|p1a: Bloodthorn
|
|-weather|RainDance|[upkeep]
|callback|decision
|
|switch|p1a: Rapid Dat Shet|Starmie, shiny|261\/261
|turn|3
|callback|decision
|
|switch|p2a: Ferrothorn|Ferrothorn, F|352\/352
|-damage|p2a: Ferrothorn|330\/352|[from] Stealth Rock
|move|p1a: Rapid Dat Shet|Thunderbolt|p2a: Ferrothorn
|-resisted|p2a: Ferrothorn
|-damage|p2a: Ferrothorn|274\/352
|-status|p2a: Ferrothorn|par
|-damage|p1a: Rapid Dat Shet|235\/261|[from] item: Life Orb
|
|-weather|RainDance|[upkeep]
|-heal|p2a: Ferrothorn|296\/352 par|[from] item: Leftovers
|turn|4
|callback|decision
|
|switch|p1a: Heatran|Heatran, F|323\/323
|cant|p2a: Ferrothorn|par
|
|-weather|RainDance|[upkeep]
|-heal|p2a: Ferrothorn|318\/352 par|[from] item: Leftovers
|turn|5
|callback|decision
|
|switch|p2a: Politoed|Politoed, F|384\/384
|-damage|p2a: Politoed|336\/384|[from] Stealth Rock
|move|p1a: Heatran|Earth Power|p2a: Politoed
|-damage|p2a: Politoed|232\/384
|
|-weather|RainDance|[upkeep]
|turn|6
|callback|decision
|
|switch|p1a: Clorox|Rotom-Wash, shiny|303\/303
|move|p2a: Politoed|Scald|p1a: Clorox
|-resisted|p1a: Clorox
|-damage|p1a: Clorox|211\/303
|-status|p1a: Clorox|brn
|
|-weather|RainDance|[upkeep]
|-heal|p1a: Clorox|229\/303 brn|[from] item: Leftovers
|-damage|p1a: Clorox|192\/303 brn|[from] brn
|turn|7
|callback|decision
|
|move|p1a: Clorox|Thunder Wave|p2a: Politoed
|-status|p2a: Politoed|par
|move|p2a: Politoed|Scald|p1a: Clorox
|-resisted|p1a: Clorox
|-damage|p1a: Clorox|102\/303 brn
|
|-weather|RainDance|[upkeep]
|-heal|p1a: Clorox|120\/303 brn|[from] item: Leftovers
|-damage|p1a: Clorox|83\/303 brn|[from] brn
|turn|8
|callback|decision
|
|switch|p2a: Thundurus-Therian|Thundurus-Therian, M|299\/299
|-damage|p2a: Thundurus-Therian|225\/299|[from] Stealth Rock
|move|p1a: Clorox|Volt Switch|p2a: Thundurus-Therian
|-heal|p2a: Thundurus-Therian|299\/299|[from] ability: Volt Absorb|[of] p1a: Clorox
|
|-weather|RainDance|[upkeep]
|-heal|p1a: Clorox|101\/303 brn|[from] item: Leftovers
|-damage|p1a: Clorox|64\/303 brn|[from] brn
|turn|9
|callback|decision
|
|move|p2a: Thundurus-Therian|Thunder|p1a: Clorox
|-damage|p1a: Clorox|0 fnt
|faint|p1a: Clorox
|
|-weather|RainDance|[upkeep]
|callback|decision
|
|switch|p1a: Rapid Dat Shet|Starmie, shiny|235\/261
|turn|10
|callback|decision
|
|move|p2a: Thundurus-Therian|Thunder|p1a: Rapid Dat Shet
|-supereffective|p1a: Rapid Dat Shet
|-damage|p1a: Rapid Dat Shet|0 fnt
|faint|p1a: Rapid Dat Shet
|
|-weather|RainDance|[upkeep]
|callback|decision
|
|switch|p1a: Heatran|Heatran, F|323\/323
|turn|11
|callback|decision
|
|move|p2a: Thundurus-Therian|Thunder|p1a: Heatran
|-damage|p1a: Heatran|94\/323
|move|p1a: Heatran|Hidden Power|p2a: Thundurus-Therian
|-supereffective|p2a: Thundurus-Therian
|-damage|p2a: Thundurus-Therian|87\/299
|
|-weather|RainDance|[upkeep]
|-heal|p1a: Heatran|114\/323|[from] item: Leftovers
|turn|12
|callback|decision
|
|switch|p1a: Infernape|Infernape, M|294\/294
|move|p2a: Thundurus-Therian|Thunder|p1a: Infernape
|-damage|p1a: Infernape|0 fnt
|faint|p1a: Infernape
|
|-weather|RainDance|[upkeep]
|callback|decision
|
|switch|p1a: Barnie|Dragonite, M, shiny|324\/324
|turn|13
|callback|decision
|
|move|p1a: Barnie|ExtremeSpeed|p2a: Thundurus-Therian
|-damage|p2a: Thundurus-Therian|0 fnt
|faint|p2a: Thundurus-Therian
|
|-weather|RainDance|[upkeep]
|callback|decision
|
|switch|p2a: Keldeo-Resolute|Keldeo-Resolute|323\/323
|-damage|p2a: Keldeo-Resolute|303\/323|[from] Stealth Rock
|turn|14
|callback|decision
|
|move|p1a: Barnie|ExtremeSpeed|p2a: Keldeo-Resolute
|-damage|p2a: Keldeo-Resolute|128\/323
|move|p2a: Keldeo-Resolute|Icy Wind|p1a: Barnie
|-supereffective|p1a: Barnie
|-damage|p1a: Barnie|178\/324
|-unboost|p1a: Barnie|spe|1
|
|-weather|RainDance|[upkeep]
|turn|15
|callback|decision
|
|move|p1a: Barnie|ExtremeSpeed|p2a: Keldeo-Resolute
|-damage|p2a: Keldeo-Resolute|0 fnt
|faint|p2a: Keldeo-Resolute
|
|-weather|RainDance|[upkeep]
|callback|decision
|
|switch|p2a: Dragonite|Dragonite, M|368\/368
|-damage|p2a: Dragonite|276\/368|[from] Stealth Rock
|turn|16
|callback|decision
|
|switch|p1a: Heatran|Heatran, F|114\/323
|move|p2a: Dragonite|Dragon Claw|p1a: Heatran
|-resisted|p1a: Heatran
|-damage|p1a: Heatran|53\/323
|
|-weather|RainDance|[upkeep]
|-heal|p1a: Heatran|73\/323|[from] item: Leftovers
|-heal|p2a: Dragonite|299\/368|[from] item: Leftovers
|turn|17
|callback|decision
|
|move|p1a: Heatran|Hidden Power|p2a: Dragonite
|-supereffective|p2a: Dragonite
|-damage|p2a: Dragonite|0 fnt
|faint|p2a: Dragonite
|
|-weather|RainDance|[upkeep]
|-heal|p1a: Heatran|93\/323|[from] item: Leftovers
|callback|decision
|
|switch|p2a: Jirachi|Jirachi|404\/404
|-damage|p2a: Jirachi|379\/404|[from] Stealth Rock
|turn|18
|callback|decision
|
|move|p1a: Heatran|Earth Power|p2a: Jirachi
|-crit|p2a: Jirachi
|-supereffective|p2a: Jirachi
|-damage|p2a: Jirachi|57\/404
|move|p2a: Jirachi|Thunder|p1a: Heatran
|-damage|p1a: Heatran|1\/323
|
|-weather|RainDance|[upkeep]
|-heal|p1a: Heatran|21\/323|[from] item: Leftovers
|-heal|p2a: Jirachi|82\/404|[from] item: Leftovers
|turn|19
|callback|decision
|
|move|p1a: Heatran|Earth Power|p2a: Jirachi
|-supereffective|p2a: Jirachi
|-damage|p2a: Jirachi|0 fnt
|faint|p2a: Jirachi
|
|-weather|RainDance|[upkeep]
|-heal|p1a: Heatran|41\/323|[from] item: Leftovers
|callback|decision
|
|switch|p2a: Ferrothorn|Ferrothorn, F|318\/352 par
|-damage|p2a: Ferrothorn|296\/352 par|[from] Stealth Rock
|turn|20
|callback|decision
|
|move|p1a: Heatran|Earth Power|p2a: Ferrothorn
|-damage|p2a: Ferrothorn|203\/352 par
|move|p2a: Ferrothorn|Leech Seed|p1a: Heatran
|-start|p1a: Heatran|move: Leech Seed
|
|-weather|RainDance|[upkeep]
|-heal|p1a: Heatran|61\/323|[from] item: Leftovers
|-heal|p2a: Ferrothorn|225\/352 par|[from] item: Leftovers
|-damage|p1a: Heatran|21\/323|[from] Leech Seed|[of] p2a: Ferrothorn
|-heal|p2a: Ferrothorn|265\/352 par|[silent]
|turn|21
|callback|decision
|
|move|p1a: Heatran|Fire Blast|p2a: Ferrothorn
|-supereffective|p2a: Ferrothorn
|-damage|p2a: Ferrothorn|0 fnt
|faint|p2a: Ferrothorn
|
|-weather|RainDance|[upkeep]
|-heal|p1a: Heatran|41\/323|[from] item: Leftovers
|callback|decision
|
|switch|p2a: Politoed|Politoed, F|232\/384 par
|-damage|p2a: Politoed|184\/384 par|[from] Stealth Rock
|turn|22
|callback|decision
|
|move|p1a: Heatran|Hidden Power|p2a: Politoed
|-resisted|p2a: Politoed
|-damage|p2a: Politoed|146\/384 par
|move|p2a: Politoed|Ice Beam|p1a: Heatran
|-resisted|p1a: Heatran
|-damage|p1a: Heatran|8\/323
|
|-weather|RainDance|[upkeep]
|-heal|p1a: Heatran|28\/323|[from] item: Leftovers
|-damage|p1a: Heatran|0 fnt|[from] Leech Seed|[of] p2a: Politoed
|-heal|p2a: Politoed|174\/384 par|[silent]
|faint|p1a: Heatran
|callback|decision
|
|switch|p1a: Barnie|Dragonite, M, shiny|178\/324
|turn|23
|callback|decision
|
|move|p1a: Barnie|ExtremeSpeed|p2a: Politoed
|-crit|p2a: Politoed
|-damage|p2a: Politoed|0 fnt
|faint|p2a: Politoed
|
|win|ASAP Oblivion
|raw|Ladder updating...
|raw|ASAP Oblivion's rating: 1498 &rarr; <strong>1536<\/strong><br \/>(+38 for winning)
|raw|Coatay's rating: 1633 &rarr; <strong>1573<\/strong><br \/>(-60 for losing)
|chat|ASAP Oblivion|gg
|leave|Coatay
|player|p2