|join|LarvaRemix
|join|Itsuki
|player|p1|LarvaRemix|38
|player|p2|Itsuki|102
|gametype|singles
|gen|6
|tier|OU
|rated
|clearpoke
|poke|p1|Latios, M
|poke|p1|Keldeo
|poke|p1|Charizard, M
|poke|p1|Garchomp, M
|poke|p1|Bisharp, F
|poke|p1|Thundurus, M
|poke|p2|Azelf
|poke|p2|Gengar, M
|poke|p2|Jolteon, M
|poke|p2|Deoxys-Speed
|poke|p2|Manaphy
|poke|p2|Latios, M
|rule|Sleep Clause Mod: Limit one foe put to sleep
|rule|Species Clause: Limit one of each Pokemon
|rule|OHKO Clause: OHKO moves are banned
|rule|Moody Clause: Moody is banned
|rule|Evasion Moves Clause: Evasion moves are banned
|rule|Endless Battle Clause: Forcing endless battles is banned.
|rule|HP Percentage Mod: HP is reported as percentages
|teampreview
|
|start
|switch|p1a: DrugDealer|Garchomp, M|358\/358
|switch|p2a: Azelf|Azelf|291\/291
|turn|1
|
|move|p1a: DrugDealer|Dragon Claw|p2a: Azelf
|-damage|p2a: Azelf|96\/291
|move|p2a: Azelf|Stealth Rock|p1a: DrugDealer
|-sidestart|p1: LarvaRemix|move: Stealth Rock
|
|turn|2
|
|move|p1a: DrugDealer|Dragon Claw|p2a: Azelf
|-damage|p2a: Azelf|0 fnt
|faint|p2a: Azelf
|
|
|switch|p2a: Deoxys-Speed|Deoxys-Speed|241\/241
|-ability|p2a: Deoxys-Speed|Pressure
|turn|3
|
|move|p2a: Deoxys-Speed|Superpower|p1a: DrugDealer
|-damage|p1a: DrugDealer|229\/358
|-damage|p2a: Deoxys-Speed|211\/241|[from] ability: Rough Skin|[of] p1a: DrugDealer
|-unboost|p2a: Deoxys-Speed|atk|1
|-unboost|p2a: Deoxys-Speed|def|1
|-damage|p2a: Deoxys-Speed|187\/241|[from] item: Life Orb
|move|p1a: DrugDealer|Dragon Claw|p2a: Deoxys-Speed
|-crit|p2a: Deoxys-Speed
|-damage|p2a: Deoxys-Speed|0 fnt
|faint|p2a: Deoxys-Speed
|
|
|switch|p2a: Manaphy|Manaphy|341\/341
|turn|4
|chat|LarvaRemix|no sharp for youuu
|
|move|p1a: DrugDealer|Dragon Claw|p2a: Manaphy
|-damage|p2a: Manaphy|185\/341
|move|p2a: Manaphy|Surf|p1a: DrugDealer
|-damage|p1a: DrugDealer|46\/358
|-damage|p2a: Manaphy|151\/341|[from] item: Life Orb
|
|turn|5
|-message|Itsuki forfeited.
|
|win|LarvaRemix
|raw|Ladder updating...
|leave|Itsuki
|player|p2
|raw|LarvaRemix's rating: 1676 &rarr; <strong>1693<\/strong><br \/>(+17 for winning)
|raw|Itsuki's rating: 1633 &rarr; <strong>1615<\/strong><br \/>(-18 for losing)
|leave|LarvaRemix
|player|p1
|join|LarvaRemix