|join|ydaleU
|join|Itsuki
|player|p1|ydaleU|101
|player|p2|Itsuki|2
|gametype|singles
|tier|OU
|rated
|rule|Evasion Abilities Clause: Evasion abilities are banned
|clearpoke
|poke|p1|Politoed, F
|poke|p1|Keldeo
|poke|p1|Latios, M
|poke|p1|Lucario, M
|poke|p1|Jirachi
|poke|p1|Landorus-Therian, M
|poke|p2|Scizor, F
|poke|p2|Tyranitar, F
|poke|p2|Celebi
|poke|p2|Latios, M
|poke|p2|Gyarados, F
|poke|p2|Heatran, M
|rule|Sleep Clause Mod: Limit one foe put to sleep
|rule|Species Clause: Limit one of each Pokemon
|rule|OHKO Clause: OHKO moves are banned
|rule|Moody Clause: Moody is banned
|rule|Evasion Moves Clause: Evasion moves are banned
|rule|HP Percentage Mod: HP is reported as percentages
|teampreview
|callback|decision
|join|Araviel
|
|start
|switch|p1a: Landorus-Therian|Landorus-Therian, M|320\/320
|switch|p2a: Celebi|Celebi|396\/396
|-ability|p1a: Landorus-Therian|Intimidate|[of] p2a: Celebi
|-unboost|p2a: Celebi|atk|1
|turn|1
|callback|decision
|
|move|p1a: Landorus-Therian|U-turn|p2a: Celebi
|-supereffective|p2a: Celebi
|-damage|p2a: Celebi|24\/396
|callback|decision
|
|switch|p1a: Politoed|Politoed, F|384\/384
|-weather|RainDance|[from] ability: Drizzle|[of] p1a: Politoed
|move|p2a: Celebi|U-turn|p1a: Politoed
|-damage|p1a: Politoed|356\/384
|callback|decision
|
|switch|p2a: Latios|Latios, M|302\/302
|
|-weather|RainDance|[upkeep]
|-heal|p1a: Politoed|380\/384|[from] item: Leftovers
|turn|2
|callback|decision
|
|move|p2a: Latios|Surf|p1a: Politoed
|-resisted|p1a: Politoed
|-damage|p1a: Politoed|273\/384
|-damage|p2a: Latios|272\/302|[from] item: Life Orb
|move|p1a: Politoed|Encore|p2a: Latios
|-start|p2a: Latios|Encore
|
|-weather|RainDance|[upkeep]
|-heal|p1a: Politoed|297\/384|[from] item: Leftovers
|turn|3
|callback|decision
|
|switch|p2a: Scizor|Scizor, F|343\/343
|move|p1a: Politoed|Toxic|p2a: Scizor
|-fail|p2a: Scizor
|
|-weather|RainDance|[upkeep]
|-heal|p1a: Politoed|321\/384|[from] item: Leftovers
|turn|4
|callback|decision
|
|move|p1a: Politoed|Scald|p2a: Scizor
|-damage|p2a: Scizor|184\/343
|move|p2a: Scizor|U-turn|p1a: Politoed
|-damage|p1a: Politoed|158\/384
|callback|decision
|
|switch|p2a: Celebi|Celebi|24\/396
|
|-weather|RainDance|[upkeep]
|-heal|p2a: Celebi|48\/396|[from] item: Leftovers
|-heal|p1a: Politoed|182\/384|[from] item: Leftovers
|turn|5
|callback|decision
|
|move|p2a: Celebi|Recover|p2a: Celebi
|-heal|p2a: Celebi|246\/396
|move|p1a: Politoed|Scald|p2a: Celebi
|-resisted|p2a: Celebi
|-damage|p2a: Celebi|180\/396
|
|-weather|RainDance|[upkeep]
|-heal|p2a: Celebi|204\/396|[from] item: Leftovers
|-heal|p1a: Politoed|206\/384|[from] item: Leftovers
|turn|6
|callback|decision
|
|switch|p1a: Landorus-Therian|Landorus-Therian, M|320\/320
|-ability|p1a: Landorus-Therian|Intimidate|[of] p2a: Celebi
|-unboost|p2a: Celebi|atk|1
|move|p2a: Celebi|Giga Drain|p1a: Landorus-Therian
|-damage|p1a: Landorus-Therian|182\/320
|-heal|p2a: Celebi|273\/396|[from] drain|[of] p1a: Landorus-Therian
|
|-weather|RainDance|[upkeep]
|-heal|p2a: Celebi|297\/396|[from] item: Leftovers
|turn|7
|callback|decision
|
|switch|p2a: Gyarados|Gyarados, F|390\/390
|-ability|p2a: Gyarados|Intimidate|[of] p1a: Landorus-Therian
|-unboost|p1a: Landorus-Therian|atk|1
|move|p1a: Landorus-Therian|Stealth Rock|p2a: Gyarados
|-sidestart|p2: Itsuki|move: Stealth Rock
|
|-weather|RainDance|[upkeep]
|turn|8
|callback|decision
|
|switch|p1a: Latios|Latios, M|302\/302
|move|p2a: Gyarados|Waterfall|p1a: Latios
|-resisted|p1a: Latios
|-damage|p1a: Latios|191\/302
|
|-weather|RainDance|[upkeep]
|turn|9
|callback|decision
|
|switch|p2a: Tyranitar|Tyranitar, F|342\/342
|-damage|p2a: Tyranitar|300\/342|[from] Stealth Rock
|-weather|Sandstorm|[from] ability: Sand Stream|[of] p2a: Tyranitar
|move|p1a: Latios|Thunder|p2a: Tyranitar|[miss]
|-miss|p1a: Latios|p2a: Tyranitar
|
|-weather|Sandstorm|[upkeep]
|-damage|p1a: Latios|173\/302|[from] sandstorm
|turn|10
|callback|decision
|
|move|p2a: Tyranitar|Pursuit|p1a: Latios|[from]Pursuit
|-supereffective|p1a: Latios
|-damage|p1a: Latios|0 fnt
|faint|p1a: Latios
|
|-weather|Sandstorm|[upkeep]
|callback|decision
|
|switch|p1a: Lucario|Lucario, M|281\/281
|turn|11
|callback|decision
|
|switch|p2a: Gyarados|Gyarados, F|390\/390
|-damage|p2a: Gyarados|293\/390|[from] Stealth Rock
|-ability|p2a: Gyarados|Intimidate|[of] p1a: Lucario
|-unboost|p1a: Lucario|atk|1
|move|p1a: Lucario|Substitute|p1a: Lucario
|-start|p1a: Lucario|Substitute
|-damage|p1a: Lucario|211\/281
|
|-weather|Sandstorm|[upkeep]
|-damage|p2a: Gyarados|269\/390|[from] sandstorm
|-heal|p2a: Gyarados|293\/390|[from] item: Leftovers
|turn|12
|callback|decision
|
|move|p1a: Lucario|Swords Dance|p1a: Lucario
|-boost|p1a: Lucario|atk|2
|move|p2a: Gyarados|Dragon Dance|p2a: Gyarados
|-boost|p2a: Gyarados|atk|1
|-boost|p2a: Gyarados|spe|1
|
|-weather|Sandstorm|[upkeep]
|-damage|p2a: Gyarados|269\/390|[from] sandstorm
|-heal|p2a: Gyarados|293\/390|[from] item: Leftovers
|turn|13
|callback|decision
|
|move|p2a: Gyarados|Waterfall|p1a: Lucario
|-end|p1a: Lucario|Substitute
|move|p1a: Lucario|Swords Dance|p1a: Lucario
|-boost|p1a: Lucario|atk|2
|
|-weather|Sandstorm|[upkeep]
|-damage|p2a: Gyarados|269\/390|[from] sandstorm
|-heal|p2a: Gyarados|293\/390|[from] item: Leftovers
|turn|14
|callback|decision
|
|move|p1a: Lucario|ExtremeSpeed|p2a: Gyarados
|-damage|p2a: Gyarados|67\/390
|-damage|p1a: Lucario|183\/281|[from] item: Life Orb
|move|p2a: Gyarados|Waterfall|p1a: Lucario
|-damage|p1a: Lucario|0 fnt
|faint|p1a: Lucario
|
|-weather|Sandstorm|[upkeep]
|-damage|p2a: Gyarados|43\/390|[from] sandstorm
|-heal|p2a: Gyarados|67\/390|[from] item: Leftovers
|callback|decision
|chat|ydaleU|wow
|chat|ydaleU|ok. Im a noob
|chat|ydaleU|explain to me
|chat|ydaleU|why does 2.5 lucario
|chat|ydaleU|cant take a gyarados?
|chat|ydaleU|is it defensive?
|
|switch|p1a: Landorus-Therian|Landorus-Therian, M|182\/320
|-ability|p1a: Landorus-Therian|Intimidate|[of] p2a: Gyarados
|-unboost|p2a: Gyarados|atk|1
|turn|15
|callback|decision
|
|move|p1a: Landorus-Therian|Stone Edge|p2a: Gyarados
|-crit|p2a: Gyarados
|-supereffective|p2a: Gyarados
|-damage|p2a: Gyarados|0 fnt
|faint|p2a: Gyarados
|
|-weather|Sandstorm|[upkeep]
|callback|decision
|
|switch|p2a: Heatran|Heatran, M|323\/323
|-damage|p2a: Heatran|283\/323|[from] Stealth Rock
|turn|16
|callback|decision
|
|switch|p1a: Politoed|Politoed, F|206\/384
|-weather|RainDance|[from] ability: Drizzle|[of] p1a: Politoed
|move|p2a: Heatran|Stealth Rock|p1a: Politoed
|-sidestart|p1: ydaleU|move: Stealth Rock
|
|-weather|RainDance|[upkeep]
|-heal|p1a: Politoed|230\/384|[from] item: Leftovers
|turn|17
|callback|decision
|
|switch|p2a: Celebi|Celebi|297\/396
|-damage|p2a: Celebi|248\/396|[from] Stealth Rock
|switch|p1a: Keldeo|Keldeo|323\/323
|-damage|p1a: Keldeo|303\/323|[from] Stealth Rock
|
|-weather|RainDance|[upkeep]
|-heal|p1a: Keldeo|323\/323|[from] item: Leftovers
|-heal|p2a: Celebi|272\/396|[from] item: Leftovers
|turn|18
|callback|decision
|
|move|p1a: Keldeo|Calm Mind|p1a: Keldeo
|-boost|p1a: Keldeo|spa|1
|-boost|p1a: Keldeo|spd|1
|move|p2a: Celebi|Giga Drain|p1a: Keldeo
|-crit|p1a: Keldeo
|-supereffective|p1a: Keldeo
|-damage|p1a: Keldeo|0 fnt
|-heal|p2a: Celebi|396\/396|[from] drain|[of] p1a: Keldeo
|faint|p1a: Keldeo
|
|-weather|RainDance|[upkeep]
|callback|decision
|chat|ydaleU|well.
|
|switch|p1a: Jirachi|Jirachi|397\/397
|-damage|p1a: Jirachi|373\/397|[from] Stealth Rock
|turn|19
|callback|decision
|
|move|p2a: Celebi|U-turn|p1a: Jirachi
|-damage|p1a: Jirachi|327\/397
|callback|decision
|
|switch|p2a: Heatran|Heatran, M|283\/323
|-damage|p2a: Heatran|243\/323|[from] Stealth Rock
|move|p1a: Jirachi|Substitute|p1a: Jirachi
|-start|p1a: Jirachi|Substitute
|-damage|p1a: Jirachi|228\/397
|
|-weather|RainDance|[upkeep]
|-heal|p1a: Jirachi|252\/397|[from] item: Leftovers
|turn|20
|callback|decision
|
|move|p2a: Heatran|Earth Power|p1a: Jirachi
|-supereffective|p1a: Jirachi
|-end|p1a: Jirachi|Substitute
|move|p1a: Jirachi|Calm Mind|p1a: Jirachi
|-boost|p1a: Jirachi|spa|1
|-boost|p1a: Jirachi|spd|1
|
|-weather|RainDance|[upkeep]
|-heal|p1a: Jirachi|276\/397|[from] item: Leftovers
|turn|21
|callback|decision
|
|move|p2a: Heatran|Earth Power|p1a: Jirachi
|-supereffective|p1a: Jirachi
|-damage|p1a: Jirachi|140\/397
|move|p1a: Jirachi|Water Pulse|p2a: Heatran
|-supereffective|p2a: Heatran
|-damage|p2a: Heatran|0 fnt
|faint|p2a: Heatran
|
|-weather|RainDance|[upkeep]
|-heal|p1a: Jirachi|164\/397|[from] item: Leftovers
|callback|decision
|
|switch|p2a: Tyranitar|Tyranitar, F|300\/342
|-damage|p2a: Tyranitar|258\/342|[from] Stealth Rock
|-weather|Sandstorm|[from] ability: Sand Stream|[of] p2a: Tyranitar
|turn|22
|callback|decision
|
|move|p2a: Tyranitar|Crunch|p1a: Jirachi
|-damage|p1a: Jirachi|5\/397
|move|p1a: Jirachi|Water Pulse|p2a: Tyranitar
|-supereffective|p2a: Tyranitar
|-damage|p2a: Tyranitar|116\/342
|-start|p2a: Tyranitar|confusion
|
|-weather|Sandstorm|[upkeep]
|-heal|p1a: Jirachi|29\/397|[from] item: Leftovers
|turn|23
|callback|decision
|
|-activate|p2a: Tyranitar|confusion
|-damage|p2a: Tyranitar|68\/342|[from] confusion
|move|p1a: Jirachi|Water Pulse|p2a: Tyranitar
|-supereffective|p2a: Tyranitar
|-damage|p2a: Tyranitar|0 fnt
|faint|p2a: Tyranitar
|
|-weather|Sandstorm|[upkeep]
|-heal|p1a: Jirachi|53\/397|[from] item: Leftovers
|callback|decision
|
|switch|p2a: Scizor|Scizor, F|184\/343
|-damage|p2a: Scizor|142\/343|[from] Stealth Rock
|turn|24
|callback|decision
|
|move|p2a: Scizor|Bullet Punch|p1a: Jirachi
|-resisted|p1a: Jirachi
|-damage|p1a: Jirachi|0 fnt
|faint|p1a: Jirachi
|
|-weather|Sandstorm|[upkeep]
|callback|decision
|
|switch|p1a: Politoed|Politoed, F|230\/384
|-damage|p1a: Politoed|182\/384|[from] Stealth Rock
|-weather|RainDance|[from] ability: Drizzle|[of] p1a: Politoed
|turn|25
|callback|decision
|
|switch|p1a: Landorus-Therian|Landorus-Therian, M|182\/320
|-damage|p1a: Landorus-Therian|142\/320|[from] Stealth Rock
|-ability|p1a: Landorus-Therian|Intimidate|[of] p2a: Scizor
|-unboost|p2a: Scizor|atk|1
|move|p2a: Scizor|Bullet Punch|p1a: Landorus-Therian
|-damage|p1a: Landorus-Therian|3\/320
|
|-weather|RainDance|[upkeep]
|turn|26
|callback|decision
|chat|Araviel|derp
|
|move|p2a: Scizor|Bullet Punch|p1a: Landorus-Therian
|-damage|p1a: Landorus-Therian|0 fnt
|faint|p1a: Landorus-Therian
|
|-weather|RainDance|[upkeep]
|callback|decision
|
|switch|p1a: Politoed|Politoed, F|182\/384
|-damage|p1a: Politoed|134\/384|[from] Stealth Rock
|turn|27
|callback|decision
|
|move|p2a: Scizor|Bullet Punch|p1a: Politoed
|-resisted|p1a: Politoed
|-damage|p1a: Politoed|86\/384
|move|p1a: Politoed|Scald|p2a: Scizor
|-damage|p2a: Scizor|0 fnt
|faint|p2a: Scizor
|
|-weather|RainDance|[upkeep]
|-heal|p1a: Politoed|110\/384|[from] item: Leftovers
|callback|decision
|
|switch|p2a: Celebi|Celebi|396\/396
|-damage|p2a: Celebi|347\/396|[from] Stealth Rock
|turn|28
|callback|decision
|
|move|p2a: Celebi|Giga Drain|p1a: Politoed
|-crit|p1a: Politoed
|-supereffective|p1a: Politoed
|-damage|p1a: Politoed|0 fnt
|-heal|p2a: Celebi|396\/396|[from] drain|[of] p1a: Politoed
|faint|p1a: Politoed
|
|win|Itsuki
|raw|Ladder updating...
|raw|ydaleU's rating: 1812 &rarr; <strong>1811<\/strong><br \/>(-1 for losing)
|raw|Itsuki's rating: 1680 &rarr; <strong>1814<\/strong><br \/>(+134 for winning)
|leave|Itsuki
|player|p2
|leave|ydaleU
|player|p1