|join|Itsuki
|join|Rico aka Herk
|player|p1|Itsuki|1
|player|p2|Rico aka Herk|1
|gametype|singles
|tier|OU (suspect test)
|rated
|rule|Evasion Abilities Clause: Evasion abilities are banned
|clearpoke
|poke|p1|Breloom, M
|poke|p1|Keldeo
|poke|p1|Thundurus-Therian, M
|poke|p1|Aerodactyl, F
|poke|p1|Scizor, M
|poke|p1|Dragonite, F
|poke|p2|Forretress, M
|poke|p2|Politoed, M
|poke|p2|Keldeo
|poke|p2|Garchomp, F
|poke|p2|Skarmory, M
|poke|p2|Sableye, F
|rule|Sleep Clause Mod: Limit one foe put to sleep
|rule|Species Clause: Limit one of each Pokemon
|rule|OHKO Clause: OHKO moves are banned
|rule|Moody Clause: Moody is banned
|rule|Evasion Moves Clause: Evasion moves are banned
|rule|HP Percentage Mod: HP is reported as percentages
|teampreview
|callback|decision
|
|start
|switch|p1a: Breloom|Breloom, M|261\/261
|switch|p2a: Referee|Forretress, M|354\/354
|turn|1
|callback|decision
|
|move|p1a: Breloom|Spore|p2a: Referee
|-status|p2a: Referee|slp
|cant|p2a: Referee|slp
|
|-activate|p1a: Breloom|item: Toxic Orb
|-status|p1a: Breloom|tox
|turn|2
|callback|decision
|
|move|p1a: Breloom|Substitute|p1a: Breloom
|-start|p1a: Breloom|Substitute
|-damage|p1a: Breloom|196\/261 tox
|cant|p2a: Referee|slp
|
|-heal|p1a: Breloom|228\/261 tox|[from] ability: Poison Heal
|turn|3
|callback|decision
|
|-singleturn|p1a: Breloom|move: Focus Punch
|-curestatus|p2a: Referee|slp
|move|p2a: Referee|Stealth Rock|p1a: Breloom
|-sidestart|p1: Itsuki|move: Stealth Rock
|move|p1a: Breloom|Focus Punch|p2a: Referee
|-damage|p2a: Referee|195\/354
|-enditem|p2a: Referee|Red Card|[of] p1a: Breloom
|drag|p1a: Scizor|Scizor, M|343\/343
|-damage|p1a: Scizor|301\/343|[from] Stealth Rock
|
|turn|4
|callback|decision
|
|move|p1a: Scizor|U-turn|p2a: Referee
|-resisted|p2a: Referee
|-damage|p2a: Referee|136\/354
|callback|decision
|
|switch|p1a: Breloom|Breloom, M|228\/261 tox
|-damage|p1a: Breloom|212\/261 tox|[from] Stealth Rock
|move|p2a: Referee|Volt Switch|p1a: Breloom
|-resisted|p1a: Breloom
|-damage|p1a: Breloom|185\/261 tox
|callback|decision
|
|switch|p2a: Rihanna|Sableye, F|304\/304
|
|-heal|p1a: Breloom|217\/261 tox|[from] ability: Poison Heal
|turn|5
|callback|decision
|
|move|p2a: Rihanna|Taunt|p1a: Breloom
|-start|p1a: Breloom|move: Taunt
|move|p1a: Breloom|Stone Edge|p2a: Rihanna
|-crit|p2a: Rihanna
|-damage|p2a: Rihanna|73\/304
|
|-heal|p2a: Rihanna|92\/304|[from] item: Leftovers
|-heal|p1a: Breloom|249\/261 tox|[from] ability: Poison Heal
|turn|6
|callback|decision
|
|move|p2a: Rihanna|Recover|p2a: Rihanna
|-heal|p2a: Rihanna|244\/304
|move|p1a: Breloom|Stone Edge|p2a: Rihanna
|-damage|p2a: Rihanna|126\/304
|
|-heal|p2a: Rihanna|145\/304|[from] item: Leftovers
|-heal|p1a: Breloom|261\/261 tox|[from] ability: Poison Heal
|turn|7
|callback|decision
|
|switch|p1a: Thundurus-Therian|Thundurus-Therian, M|300\/300
|-damage|p1a: Thundurus-Therian|225\/300|[from] Stealth Rock
|move|p2a: Rihanna|Recover|p2a: Rihanna
|-heal|p2a: Rihanna|297\/304
|
|-heal|p2a: Rihanna|304\/304|[from] item: Leftovers
|turn|8
|callback|decision
|
|switch|p2a: Referee|Forretress, M|136\/354
|move|p1a: Thundurus-Therian|Thunderbolt|p2a: Referee
|-damage|p2a: Referee|0 fnt
|-damage|p1a: Thundurus-Therian|195\/300|[from] item: Life Orb
|faint|p2a: Referee
|
|callback|decision
|
|switch|p2a: Game Shark|Garchomp, F|358\/358
|turn|9
|callback|decision
|
|move|p2a: Game Shark|Outrage|p1a: Thundurus-Therian
|-damage|p1a: Thundurus-Therian|0 fnt
|faint|p1a: Thundurus-Therian
|
|callback|decision
|
|switch|p1a: Scizor|Scizor, M|301\/343
|-damage|p1a: Scizor|259\/343|[from] Stealth Rock
|turn|10
|callback|decision
|
|move|p1a: Scizor|Bullet Punch|p2a: Game Shark
|-damage|p2a: Game Shark|187\/358
|-damage|p1a: Scizor|217\/343|[from] ability: Rough Skin|[of] p2a: Game Shark
|move|p2a: Game Shark|Outrage|p1a: Scizor
|-resisted|p1a: Scizor
|-damage|p1a: Scizor|103\/343
|
|-end|p2a: Game Shark|rampage
|-start|p2a: Game Shark|confusion
|turn|11
|callback|decision
|
|switch|p2a: Skaryourmommy|Skarmory, M|334\/334
|switch|p1a: Breloom|Breloom, M|261\/261 tox
|-damage|p1a: Breloom|245\/261 tox|[from] Stealth Rock
|
|-heal|p1a: Breloom|261\/261 tox|[from] ability: Poison Heal
|turn|12
|callback|decision
|
|move|p1a: Breloom|Spore|p2a: Skaryourmommy
|-status|p2a: Skaryourmommy|slp
|cant|p2a: Skaryourmommy|slp
|
|turn|13
|callback|decision
|
|switch|p2a: My Little Pony|Keldeo|323\/323
|move|p1a: Breloom|Substitute|p1a: Breloom
|-start|p1a: Breloom|Substitute
|-damage|p1a: Breloom|196\/261 tox
|
|-heal|p1a: Breloom|228\/261 tox|[from] ability: Poison Heal
|turn|14
|callback|decision
|
|-singleturn|p1a: Breloom|move: Focus Punch
|switch|p2a: Rihanna|Sableye, F|304\/304
|move|p1a: Breloom|Focus Punch|p2a: Rihanna
|-immune|p2a: Rihanna|[msg]
|
|-heal|p1a: Breloom|260\/261 tox|[from] ability: Poison Heal
|turn|15
|callback|decision
|
|move|p2a: Rihanna|Taunt|p1a: Breloom
|-start|p1a: Breloom|move: Taunt
|move|p1a: Breloom|Stone Edge|p2a: Rihanna
|-damage|p2a: Rihanna|188\/304
|
|-heal|p2a: Rihanna|207\/304|[from] item: Leftovers
|-heal|p1a: Breloom|261\/261 tox|[from] ability: Poison Heal
|turn|16
|callback|decision
|
|move|p1a: Breloom|Stone Edge|p2a: Rihanna
|-damage|p2a: Rihanna|86\/304
|move|p2a: Rihanna|Foul Play|p1a: Breloom
|-resisted|p1a: Breloom
|-end|p1a: Breloom|Substitute
|
|-heal|p2a: Rihanna|105\/304|[from] item: Leftovers
|turn|17
|callback|decision
|
|move|p2a: Rihanna|Recover|p2a: Rihanna
|-heal|p2a: Rihanna|257\/304
|move|p1a: Breloom|Stone Edge|p2a: Rihanna
|-damage|p2a: Rihanna|148\/304
|
|-heal|p2a: Rihanna|167\/304|[from] item: Leftovers
|-end|p1a: Breloom|move: Taunt
|turn|18
|callback|decision
|
|switch|p1a: Keldeo|Keldeo|323\/323
|-damage|p1a: Keldeo|303\/323|[from] Stealth Rock
|move|p2a: Rihanna|Foul Play|p1a: Keldeo
|-resisted|p1a: Keldeo
|-damage|p1a: Keldeo|264\/323
|-boost|p1a: Keldeo|atk|1|[from] ability: Justified
|
|-heal|p2a: Rihanna|186\/304|[from] item: Leftovers
|turn|19
|callback|decision
|
|switch|p2a: Fat Joe|Politoed, M|384\/384
|-weather|RainDance|[from] ability: Drizzle|[of] p2a: Fat Joe
|move|p1a: Keldeo|Hydro Pump|p2a: Fat Joe
|-resisted|p2a: Fat Joe
|-damage|p2a: Fat Joe|271\/384
|
|-weather|RainDance|[upkeep]
|-heal|p2a: Fat Joe|295\/384|[from] item: Leftovers
|turn|20
|callback|decision
|
|switch|p1a: Breloom|Breloom, M|261\/261 tox
|-damage|p1a: Breloom|245\/261 tox|[from] Stealth Rock
|move|p2a: Fat Joe|Scald|p1a: Breloom
|-resisted|p1a: Breloom
|-damage|p1a: Breloom|152\/261 tox
|
|-weather|RainDance|[upkeep]
|-heal|p2a: Fat Joe|319\/384|[from] item: Leftovers
|-heal|p1a: Breloom|184\/261 tox|[from] ability: Poison Heal
|turn|21
|callback|decision
|
|move|p1a: Breloom|Stone Edge|p2a: Fat Joe
|-damage|p2a: Fat Joe|151\/384
|move|p2a: Fat Joe|Ice Beam|p1a: Breloom
|-supereffective|p1a: Breloom
|-damage|p1a: Breloom|0 fnt
|faint|p1a: Breloom
|
|-weather|RainDance|[upkeep]
|-heal|p2a: Fat Joe|175\/384|[from] item: Leftovers
|callback|decision
|
|switch|p1a: Dragonite|Dragonite, F|324\/324
|-damage|p1a: Dragonite|243\/324|[from] Stealth Rock
|turn|22
|callback|decision
|
|move|p1a: Dragonite|Dragon Dance|p1a: Dragonite
|-boost|p1a: Dragonite|atk|1
|-boost|p1a: Dragonite|spe|1
|move|p2a: Fat Joe|Ice Beam|p1a: Dragonite
|-enditem|p1a: Dragonite|Yache Berry|[eat]
|-supereffective|p1a: Dragonite
|-damage|p1a: Dragonite|115\/324
|
|-weather|RainDance|[upkeep]
|-heal|p2a: Fat Joe|199\/384|[from] item: Leftovers
|turn|23
|callback|decision
|
|move|p1a: Dragonite|Outrage|p2a: Fat Joe
|-damage|p2a: Fat Joe|0 fnt
|faint|p2a: Fat Joe
|
|-weather|RainDance|[upkeep]
|callback|decision
|
|switch|p2a: Game Shark|Garchomp, F|187\/358
|turn|24
|callback|decision
|
|move|p2a: Game Shark|Outrage|p1a: Dragonite
|-supereffective|p1a: Dragonite
|-damage|p1a: Dragonite|0 fnt
|faint|p1a: Dragonite
|
|-weather|RainDance|[upkeep]
|callback|decision
|
|switch|p1a: Scizor|Scizor, M|103\/343
|-damage|p1a: Scizor|61\/343|[from] Stealth Rock
|turn|25
|callback|decision
|
|move|p1a: Scizor|Bullet Punch|p2a: Game Shark
|-damage|p2a: Game Shark|18\/358
|-damage|p1a: Scizor|19\/343|[from] ability: Rough Skin|[of] p2a: Game Shark
|move|p2a: Game Shark|Outrage|p1a: Scizor
|-resisted|p1a: Scizor
|-damage|p1a: Scizor|0 fnt
|faint|p1a: Scizor
|
|-end|p2a: Game Shark|rampage
|-start|p2a: Game Shark|confusion
|-weather|RainDance|[upkeep]
|callback|decision
|
|switch|p1a: Aerodactyl|Aerodactyl, F|302\/302
|-damage|p1a: Aerodactyl|227\/302|[from] Stealth Rock
|-ability|p1a: Aerodactyl|Pressure
|turn|26
|callback|decision
|
|-activate|p2a: Game Shark|confusion
|-damage|p2a: Game Shark|0 fnt
|faint|p2a: Game Shark
|move|p1a: Aerodactyl|Stone Edge|p2: Game Shark|[notarget]
|-notarget
|
|-weather|RainDance|[upkeep]
|callback|decision
|
|switch|p2a: Rihanna|Sableye, F|186\/304
|turn|27
|callback|decision
|
|move|p2a: Rihanna|Will-O-Wisp|p1a: Aerodactyl
|-status|p1a: Aerodactyl|brn
|move|p1a: Aerodactyl|Taunt|p2a: Rihanna
|-start|p2a: Rihanna|move: Taunt
|
|-weather|RainDance|[upkeep]
|-heal|p2a: Rihanna|205\/304|[from] item: Leftovers
|-damage|p1a: Aerodactyl|190\/302 brn|[from] brn
|turn|28
|callback|decision
|
|switch|p1a: Keldeo|Keldeo|264\/323
|-damage|p1a: Keldeo|244\/323|[from] Stealth Rock
|switch|p2a: Skaryourmommy|Skarmory, M|334\/334 slp
|
|-weather|RainDance|[upkeep]
|turn|29
|callback|decision
|
|move|p1a: Keldeo|Hydro Pump|p2a: Skaryourmommy|[miss]
|-miss|p1a: Keldeo|p2a: Skaryourmommy
|cant|p2a: Skaryourmommy|slp
|
|-weather|RainDance|[upkeep]
|turn|30
|callback|decision
|
|move|p1a: Keldeo|Hydro Pump|p2a: Skaryourmommy
|-crit|p2a: Skaryourmommy
|-activate|p2a: Skaryourmommy|Sturdy
|-damage|p2a: Skaryourmommy|1\/334 slp
|-curestatus|p2a: Skaryourmommy|slp
|move|p2a: Skaryourmommy|Brave Bird|p1a: Keldeo
|-supereffective|p1a: Keldeo
|-damage|p1a: Keldeo|0 fnt
|-damage|p2a: Skaryourmommy|0 fnt|[from] recoil|[of] p1a: Keldeo
|faint|p1a: Keldeo
|faint|p2a: Skaryourmommy
|
|-weather|RainDance|[upkeep]
|callback|decision
|-message|Itsuki forfeited.
|
|win|Rico aka Herk
|raw|Ladder updating...
|leave|Itsuki
|player|p1
|raw|Itsuki's rating: 1787 &rarr; <strong>1773<\/strong><br \/>(-14 for losing)
|raw|Rico aka Herk's rating: 1576 &rarr; <strong>1708<\/strong><br \/>(+132 for winning)