|J|DennisEG
|J|TheEnder
|player|p1|DennisEG|76
|player|p2|TheEnder|174
|gametype|singles
|gen|6
|tier|OU
|clearpoke
|poke|p1|Latias, F
|poke|p1|Tentacruel, M
|poke|p1|Weavile, M
|poke|p1|Heatran, M
|poke|p1|Landorus-Therian, M
|poke|p1|Lopunny, M
|poke|p2|Starmie
|poke|p2|Reuniclus, F
|poke|p2|Hippowdon, M
|poke|p2|Altaria, M
|poke|p2|Ferrothorn, M
|poke|p2|Talonflame, F
|rule|Swagger Clause: Swagger is banned
|rule|Baton Pass Clause: Limit one PokÃ©mon knowing Baton Pass
|rule|Sleep Clause Mod: Limit one foe put to sleep
|rule|Species Clause: Limit one of each PokÃ©mon
|rule|OHKO Clause: OHKO moves are banned
|rule|Moody Clause: Moody is banned
|rule|Evasion Moves Clause: Evasion moves are banned
|rule|Endless Battle Clause: Forcing endless battles is banned
|rule|HP Percentage Mod: HP is shown in percentages
|teampreview
|c|âTheEnder|n_n
|c|âTheEnder|hf
|c|âDennisEG|same
|c|âDennisEG|seems like a tesung team
|c|âTheEnder|its not haha :x
|
|start
|switch|p1a: Tentacruel|Tentacruel, M|353\/353
|switch|p2a: Altaria|Altaria, M|305\/305
|-ability|p2a: Altaria|Cloud Nine
|turn|1
|
|switch|p2a: Starmie|Starmie|323\/323
|move|p1a: Tentacruel|Acid Spray|p2a: Starmie
|-damage|p2a: Starmie|275\/323
|-unboost|p2a: Starmie|spd|2
|
|-heal|p2a: Starmie|295\/323|[from] item: Leftovers
|turn|2
|J|IDM Tele
|J|V-Stroya
|
|move|p2a: Starmie|Scald|p1a: Tentacruel
|-resisted|p1a: Tentacruel
|-damage|p1a: Tentacruel|316\/353
|move|p1a: Tentacruel|Scald|p2a: Starmie
|-resisted|p2a: Starmie
|-damage|p2a: Starmie|205\/323
|
|-heal|p2a: Starmie|225\/323|[from] item: Leftovers
|-heal|p1a: Tentacruel|338\/353|[from] item: Black Sludge
|turn|3
|
|move|p2a: Starmie|Psyshock|p1a: Tentacruel
|-supereffective|p1a: Tentacruel
|-damage|p1a: Tentacruel|168\/353
|move|p1a: Tentacruel|Scald|p2a: Starmie
|-resisted|p2a: Starmie
|-damage|p2a: Starmie|140\/323
|
|-heal|p2a: Starmie|160\/323|[from] item: Leftovers
|-heal|p1a: Tentacruel|190\/353|[from] item: Black Sludge
|turn|4
|J|taupekek
|
|switch|p2a: Talonflame|Talonflame, F|359\/359
|switch|p1a: Latias|Latias, F|321\/321
|
|turn|5
|J|Txerogross
|
|switch|p1a: Heatran|Heatran, M|380\/380
|move|p2a: Talonflame|Taunt|p1a: Heatran
|-start|p1a: Heatran|move: Taunt
|
|turn|6
|J|It's not me imo
|
|switch|p2a: Altaria|Altaria, M|305\/305
|-ability|p2a: Altaria|Cloud Nine
|move|p1a: Heatran|Lava Plume|p2a: Altaria
|-resisted|p2a: Altaria
|-damage|p2a: Altaria|249\/305
|-status|p2a: Altaria|brn
|
|-damage|p2a: Altaria|211\/305 brn|[from] brn
|turn|7
|
|switch|p1a: Landorus-Therian|Landorus-Therian, M|325\/325
|-ability|p1a: Landorus-Therian|Intimidate|[of] p2a: Altaria
|-unboost|p2a: Altaria|atk|1
|detailschange|p2a: Altaria|Altaria-Mega, M
|-mega|p2a: Altaria|Altaria|Altarianite
|move|p2a: Altaria|Earthquake|p1a: Landorus-Therian
|-immune|p1a: Landorus-Therian|[msg]
|
|-damage|p2a: Altaria|173\/305 brn|[from] brn
|turn|8
|L|Txerogross
|
|switch|p2a: Ferrothorn|Ferrothorn, M|352\/352
|move|p1a: Landorus-Therian|U-turn|p2a: Ferrothorn
|-damage|p2a: Ferrothorn|290\/352
|-damage|p1a: Landorus-Therian|285\/325|[from] ability: Iron Barbs|[of] p2a: Ferrothorn
|
|switch|p1a: Heatran|Heatran, M|380\/380
|
|-heal|p2a: Ferrothorn|312\/352|[from] item: Leftovers
|turn|9
|
|switch|p2a: Starmie|Starmie|160\/323
|move|p1a: Heatran|Lava Plume|p2a: Starmie
|-resisted|p2a: Starmie
|-damage|p2a: Starmie|93\/323
|
|-heal|p2a: Starmie|113\/323|[from] item: Leftovers
|turn|10
|J|Feeling The Moment
|
|move|p2a: Starmie|Recover|p2a: Starmie
|-heal|p2a: Starmie|275\/323
|move|p1a: Heatran|Earth Power|p2a: Starmie
|-damage|p2a: Starmie|174\/323
|
|-heal|p2a: Starmie|194\/323|[from] item: Leftovers
|turn|11
|
|switch|p1a: Latias|Latias, F|321\/321
|move|p2a: Starmie|Scald|p1a: Latias
|-resisted|p1a: Latias
|-damage|p1a: Latias|285\/321
|
|-heal|p2a: Starmie|214\/323|[from] item: Leftovers
|turn|12
|
|switch|p1a: Heatran|Heatran, M|380\/380
|move|p2a: Starmie|Rapid Spin|p1a: Heatran
|-resisted|p1a: Heatran
|-damage|p1a: Heatran|375\/380
|
|-heal|p2a: Starmie|234\/323|[from] item: Leftovers
|-heal|p1a: Heatran|380\/380|[from] item: Leftovers
|turn|13
|c|âTheEnder|sigh
|c|âTheEnder|misclick
|c|âTheEnder|u_u
|
|switch|p1a: Latias|Latias, F|285\/321
|move|p2a: Starmie|Scald|p1a: Latias
|-crit|p1a: Latias
|-resisted|p1a: Latias
|-damage|p1a: Latias|225\/321
|
|-heal|p2a: Starmie|254\/323|[from] item: Leftovers
|turn|14
|L|V-Stroya
|
|switch|p2a: Ferrothorn|Ferrothorn, M|312\/352
|switch|p1a: Heatran|Heatran, M|380\/380
|
|-heal|p2a: Ferrothorn|334\/352|[from] item: Leftovers
|turn|15
|
|switch|p2a: Starmie|Starmie|254\/323
|move|p1a: Heatran|Lava Plume|p2a: Starmie
|-resisted|p2a: Starmie
|-damage|p2a: Starmie|194\/323
|
|-heal|p2a: Starmie|214\/323|[from] item: Leftovers
|turn|16
|
|move|p2a: Starmie|Scald|p1a: Heatran
|-supereffective|p1a: Heatran
|-damage|p1a: Heatran|248\/380
|move|p1a: Heatran|Lava Plume|p2a: Starmie
|-resisted|p2a: Starmie
|-damage|p2a: Starmie|142\/323
|
|-heal|p2a: Starmie|162\/323|[from] item: Leftovers
|-heal|p1a: Heatran|271\/380|[from] item: Leftovers
|turn|17
|
|switch|p1a: Weavile|Weavile, M|281\/281
|-ability|p1a: Weavile|Pressure
|move|p2a: Starmie|Rapid Spin|p1a: Weavile
|-damage|p1a: Weavile|267\/281
|
|-heal|p2a: Starmie|182\/323|[from] item: Leftovers
|turn|18
|c|âTheEnder|oml
|c|âTheEnder|fuck my life
|
|move|p1a: Weavile|Pursuit|p2a: Starmie|[from]Pursuit
|-supereffective|p2a: Starmie
|-damage|p2a: Starmie|0 fnt
|-damage|p1a: Weavile|239\/281|[from] item: Life Orb
|faint|p2a: Starmie
|
|J|leremyju
|
|switch|p2a: Ferrothorn|Ferrothorn, M|334\/352
|turn|19
|
|switch|p1a: Heatran|Heatran, M|271\/380
|move|p2a: Ferrothorn|Stealth Rock|p1a: Heatran
|-sidestart|p1: DennisEG|move: Stealth Rock
|
|-heal|p1a: Heatran|294\/380|[from] item: Leftovers
|-heal|p2a: Ferrothorn|352\/352|[from] item: Leftovers
|turn|20
|c|+leremyju|SPL?
|c|âDennisEG|n
|
|switch|p2a: Talonflame|Talonflame, F|359\/359
|move|p1a: Heatran|Stealth Rock|p2a: Talonflame
|-sidestart|p2: TheEnder|move: Stealth Rock
|
|-heal|p1a: Heatran|317\/380|[from] item: Leftovers
|turn|21
|
|move|p2a: Talonflame|Swords Dance|p2a: Talonflame
|-boost|p2a: Talonflame|atk|2
|move|p1a: Heatran|Taunt|p2a: Talonflame
|-start|p2a: Talonflame|move: Taunt
|
|-heal|p1a: Heatran|340\/380|[from] item: Leftovers
|turn|22
|c|+leremyju|Ost
|c|+leremyju|?
|c|âDennisEG|n
|c|âTheEnder|ocl
|c|+leremyju|K
|c|âTheEnder|its aminor leauge
|
|move|p2a: Talonflame|Brave Bird|p1a: Heatran
|-resisted|p1a: Heatran
|-damage|p1a: Heatran|229\/380
|-damage|p2a: Talonflame|322\/359|[from] recoil|[of] p1a: Heatran
|move|p1a: Heatran|Lava Plume|p2a: Talonflame
|-crit|p2a: Talonflame
|-resisted|p2a: Talonflame
|-damage|p2a: Talonflame|239\/359
|
|-heal|p2a: Talonflame|261\/359|[from] item: Leftovers
|-heal|p1a: Heatran|252\/380|[from] item: Leftovers
|turn|23
|
|move|p2a: Talonflame|Brave Bird|p1a: Heatran
|-resisted|p1a: Heatran
|-damage|p1a: Heatran|150\/380
|-damage|p2a: Talonflame|227\/359|[from] recoil|[of] p1a: Heatran
|move|p1a: Heatran|Lava Plume|p2a: Talonflame
|-resisted|p2a: Talonflame
|-damage|p2a: Talonflame|174\/359
|
|-heal|p2a: Talonflame|196\/359|[from] item: Leftovers
|-heal|p1a: Heatran|173\/380|[from] item: Leftovers
|turn|24
|
|move|p2a: Talonflame|Brave Bird|p1a: Heatran
|-resisted|p1a: Heatran
|-damage|p1a: Heatran|65\/380
|-damage|p2a: Talonflame|160\/359|[from] recoil|[of] p1a: Heatran
|move|p1a: Heatran|Lava Plume|p2a: Talonflame
|-resisted|p2a: Talonflame
|-damage|p2a: Talonflame|109\/359
|
|-heal|p2a: Talonflame|131\/359|[from] item: Leftovers
|-heal|p1a: Heatran|88\/380|[from] item: Leftovers
|-end|p2a: Talonflame|move: Taunt
|turn|25
|L|leremyju
|
|move|p2a: Talonflame|Swords Dance|p2a: Talonflame
|-boost|p2a: Talonflame|atk|2
|move|p1a: Heatran|Earth Power|p2a: Talonflame
|-immune|p2a: Talonflame|[msg]
|
|-heal|p2a: Talonflame|153\/359|[from] item: Leftovers
|-heal|p1a: Heatran|111\/380|[from] item: Leftovers
|turn|26
|
|move|p2a: Talonflame|Roost|p2a: Talonflame
|-heal|p2a: Talonflame|333\/359
|move|p1a: Heatran|Lava Plume|p2a: Talonflame
|-resisted|p2a: Talonflame
|-damage|p2a: Talonflame|273\/359
|
|-heal|p2a: Talonflame|295\/359|[from] item: Leftovers
|-heal|p1a: Heatran|134\/380|[from] item: Leftovers
|turn|27
|
|move|p2a: Talonflame|Taunt|p1a: Heatran
|-start|p1a: Heatran|move: Taunt
|cant|p1a: Heatran|move: Taunt|Taunt
|
|-heal|p2a: Talonflame|317\/359|[from] item: Leftovers
|-heal|p1a: Heatran|157\/380|[from] item: Leftovers
|turn|28
|
|move|p2a: Talonflame|Brave Bird|p1a: Heatran
|-resisted|p1a: Heatran
|-damage|p1a: Heatran|4\/380
|-damage|p2a: Talonflame|267\/359|[from] recoil|[of] p1a: Heatran
|move|p1a: Heatran|Lava Plume|p2a: Talonflame
|-resisted|p2a: Talonflame
|-damage|p2a: Talonflame|210\/359
|
|-heal|p2a: Talonflame|232\/359|[from] item: Leftovers
|-heal|p1a: Heatran|27\/380|[from] item: Leftovers
|turn|29
|
|move|p2a: Talonflame|Brave Bird|p1a: Heatran
|-resisted|p1a: Heatran
|-damage|p1a: Heatran|0 fnt
|-damage|p2a: Talonflame|223\/359|[from] recoil|[of] p1a: Heatran
|faint|p1a: Heatran
|
|-heal|p2a: Talonflame|245\/359|[from] item: Leftovers
|
|switch|p1a: Lopunny|Lopunny, M|271\/271
|-damage|p1a: Lopunny|238\/271|[from] Stealth Rock
|turn|30
|
|detailschange|p1a: Lopunny|Lopunny-Mega, M
|-mega|p1a: Lopunny|Lopunny|Lopunnite
|move|p1a: Lopunny|Fake Out|p2a: Talonflame
|-damage|p2a: Talonflame|152\/359
|cant|p2a: Talonflame|flinch
|
|-heal|p2a: Talonflame|174\/359|[from] item: Leftovers
|turn|31
|
|move|p2a: Talonflame|Brave Bird|p1a: Lopunny
|-supereffective|p1a: Lopunny
|-damage|p1a: Lopunny|0 fnt
|-damage|p2a: Talonflame|95\/359|[from] recoil|[of] p1a: Lopunny
|faint|p1a: Lopunny
|
|-heal|p2a: Talonflame|117\/359|[from] item: Leftovers
|
|switch|p1a: Weavile|Weavile, M|239\/281
|-damage|p1a: Weavile|169\/281|[from] Stealth Rock
|-ability|p1a: Weavile|Pressure
|turn|32
|
|move|p1a: Weavile|Ice Shard|p2a: Talonflame
|-damage|p2a: Talonflame|0 fnt
|-damage|p1a: Weavile|141\/281|[from] item: Life Orb
|faint|p2a: Talonflame
|
|
|switch|p2a: Ferrothorn|Ferrothorn, M|352\/352
|-damage|p2a: Ferrothorn|330\/352|[from] Stealth Rock
|turn|33
|
|switch|p1a: Tentacruel|Tentacruel, M|190\/353
|-damage|p1a: Tentacruel|146\/353|[from] Stealth Rock
|move|p2a: Ferrothorn|Gyro Ball|p1a: Tentacruel
|-resisted|p1a: Tentacruel
|-damage|p1a: Tentacruel|62\/353
|
|-heal|p1a: Tentacruel|84\/353|[from] item: Black Sludge
|-heal|p2a: Ferrothorn|352\/352|[from] item: Leftovers
|turn|34
|L|IDM Tele
|
|switch|p2a: Reuniclus|Reuniclus, F|424\/424
|move|p1a: Tentacruel|Scald|p2a: Reuniclus
|-damage|p2a: Reuniclus|342\/424
|
|-heal|p1a: Tentacruel|106\/353|[from] item: Black Sludge
|-heal|p2a: Reuniclus|368\/424|[from] item: Leftovers
|turn|35
|
|move|p1a: Tentacruel|Rapid Spin|p2a: Reuniclus
|-damage|p2a: Reuniclus|358\/424
|-sideend|p1: DennisEG|Stealth Rock|[from] move: Rapid Spin|[of] p1a: Tentacruel
|move|p2a: Reuniclus|Psyshock|p1a: Tentacruel
|-supereffective|p1a: Tentacruel
|-damage|p1a: Tentacruel|0 fnt
|faint|p1a: Tentacruel
|
|-heal|p2a: Reuniclus|384\/424|[from] item: Leftovers
|
|switch|p1a: Weavile|Weavile, M|141\/281
|-ability|p1a: Weavile|Pressure
|turn|36
|J|Ludo974
|
|switch|p2a: Altaria|Altaria-Mega, M|173\/305 brn
|-damage|p2a: Altaria|135\/305 brn|[from] Stealth Rock
|move|p1a: Weavile|Knock Off|p2a: Altaria
|-resisted|p2a: Altaria
|-damage|p2a: Altaria|69\/305 brn
|-damage|p1a: Weavile|113\/281|[from] item: Life Orb
|
|-damage|p2a: Altaria|31\/305 brn|[from] brn
|turn|37
|
|move|p1a: Weavile|Knock Off|p2a: Altaria
|-resisted|p2a: Altaria
|-damage|p2a: Altaria|0 fnt
|-damage|p1a: Weavile|85\/281|[from] item: Life Orb
|faint|p2a: Altaria
|
|
|switch|p2a: Ferrothorn|Ferrothorn, M|352\/352
|-damage|p2a: Ferrothorn|330\/352|[from] Stealth Rock
|turn|38
|
|switch|p1a: Landorus-Therian|Landorus-Therian, M|285\/325
|-ability|p1a: Landorus-Therian|Intimidate|[of] p2a: Ferrothorn
|-unboost|p2a: Ferrothorn|atk|1
|move|p2a: Ferrothorn|Gyro Ball|p1a: Landorus-Therian
|-damage|p1a: Landorus-Therian|170\/325
|
|-heal|p2a: Ferrothorn|352\/352|[from] item: Leftovers
|turn|39
|
|move|p2a: Ferrothorn|Protect|p2a: Ferrothorn
|-singleturn|p2a: Ferrothorn|Protect
|move|p1a: Landorus-Therian|Knock Off|p2a: Ferrothorn
|-activate|p2a: Ferrothorn|Protect
|
|turn|40
|
|move|p1a: Landorus-Therian|Knock Off|p2a: Ferrothorn
|-damage|p2a: Ferrothorn|272\/352
|-damage|p1a: Landorus-Therian|130\/325|[from] ability: Iron Barbs|[of] p2a: Ferrothorn
|-enditem|p2a: Ferrothorn|Leftovers|[from] move: Knock Off|[of] p1a: Landorus-Therian
|move|p2a: Ferrothorn|Stealth Rock|p1a: Landorus-Therian
|-sidestart|p1: DennisEG|move: Stealth Rock
|
|turn|41
|
|switch|p1a: Latias|Latias, F|225\/321
|-damage|p1a: Latias|185\/321|[from] Stealth Rock
|move|p2a: Ferrothorn|Leech Seed|p1a: Latias
|-start|p1a: Latias|move: Leech Seed
|
|-damage|p1a: Latias|145\/321|[from] Leech Seed|[of] p2a: Ferrothorn
|-heal|p2a: Ferrothorn|312\/352|[silent]
|turn|42
|
|move|p2a: Ferrothorn|Protect|p2a: Ferrothorn
|-singleturn|p2a: Ferrothorn|Protect
|move|p1a: Latias|Roost|p1a: Latias
|-heal|p1a: Latias|306\/321
|
|-damage|p1a: Latias|266\/321|[from] Leech Seed|[of] p2a: Ferrothorn
|-heal|p2a: Ferrothorn|352\/352|[silent]
|turn|43
|
|move|p1a: Latias|Roost|p1a: Latias
|-heal|p1a: Latias|321\/321
|move|p2a: Ferrothorn|Gyro Ball|p1a: Latias
|-damage|p1a: Latias|201\/321
|
|-damage|p1a: Latias|161\/321|[from] Leech Seed|[of] p2a: Ferrothorn
|turn|44
|J|Frochtejoghurt
|
|switch|p2a: Reuniclus|Reuniclus, F|384\/424
|move|p1a: Latias|Roost|p1a: Latias
|-heal|p1a: Latias|321\/321
|
|-heal|p2a: Reuniclus|410\/424|[from] item: Leftovers
|-damage|p1a: Latias|281\/321|[from] Leech Seed|[of] p2a: Reuniclus
|-heal|p2a: Reuniclus|424\/424|[silent]
|turn|45
|
|move|p1a: Latias|Draco Meteor|p2a: Reuniclus
|-damage|p2a: Reuniclus|159\/424
|-unboost|p1a: Latias|spa|2
|-damage|p1a: Latias|249\/321|[from] item: Life Orb
|move|p2a: Reuniclus|Calm Mind|p2a: Reuniclus
|-boost|p2a: Reuniclus|spa|1
|-boost|p2a: Reuniclus|spd|1
|
|-heal|p2a: Reuniclus|185\/424|[from] item: Leftovers
|-damage|p1a: Latias|209\/321|[from] Leech Seed|[of] p2a: Reuniclus
|-heal|p2a: Reuniclus|225\/424|[silent]
|turn|46
|
|switch|p1a: Landorus-Therian|Landorus-Therian, M|130\/325
|-damage|p1a: Landorus-Therian|90\/325|[from] Stealth Rock
|-ability|p1a: Landorus-Therian|Intimidate|[of] p2a: Reuniclus
|-unboost|p2a: Reuniclus|atk|1
|move|p2a: Reuniclus|Recover|p2a: Reuniclus
|-heal|p2a: Reuniclus|424\/424
|
|turn|47
|
|move|p1a: Landorus-Therian|Knock Off|p2a: Reuniclus
|-supereffective|p2a: Reuniclus
|-damage|p2a: Reuniclus|204\/424
|-enditem|p2a: Reuniclus|Leftovers|[from] move: Knock Off|[of] p1a: Landorus-Therian
|move|p2a: Reuniclus|Focus Blast|p1a: Landorus-Therian
|-resisted|p1a: Landorus-Therian
|-damage|p1a: Landorus-Therian|0 fnt
|faint|p1a: Landorus-Therian
|
|
|switch|p1a: Latias|Latias, F|209\/321
|-damage|p1a: Latias|169\/321|[from] Stealth Rock
|turn|48
|
|move|p1a: Latias|Draco Meteor|p2a: Reuniclus
|-damage|p2a: Reuniclus|13\/424
|-unboost|p1a: Latias|spa|2
|-damage|p1a: Latias|137\/321|[from] item: Life Orb
|move|p2a: Reuniclus|Recover|p2a: Reuniclus
|-heal|p2a: Reuniclus|225\/424
|
|turn|49
|
|move|p1a: Latias|Healing Wish|p1a: Latias
|faint|p1a: Latias
|move|p2a: Reuniclus|Focus Blast|p1: Latias|[notarget]
|-notarget
|
|
|switch|p1a: Weavile|Weavile, M|85\/281
|-heal|p1a: Weavile|281\/281|[from] move: Healing Wish
|-damage|p1a: Weavile|211\/281|[from] Stealth Rock
|-ability|p1a: Weavile|Pressure
|turn|50
|
|move|p1a: Weavile|Knock Off|p2a: Reuniclus
|-supereffective|p2a: Reuniclus
|-damage|p2a: Reuniclus|0 fnt
|-damage|p1a: Weavile|183\/281|[from] item: Life Orb
|faint|p2a: Reuniclus
|
|
|switch|p2a: Ferrothorn|Ferrothorn, M|352\/352
|-damage|p2a: Ferrothorn|330\/352|[from] Stealth Rock
|turn|51
|
|move|p2a: Ferrothorn|Protect|p2a: Ferrothorn
|-singleturn|p2a: Ferrothorn|Protect
|move|p1a: Weavile|Icicle Crash|p2a: Ferrothorn
|-activate|p2a: Ferrothorn|Protect
|
|turn|52
|c|âTheEnder|are you getting this
|c|âTheEnder|though
|c|âTheEnder|o.o
|
|move|p1a: Weavile|Icicle Crash|p2a: Ferrothorn
|-damage|p2a: Ferrothorn|204\/352
|-damage|p1a: Weavile|155\/281|[from] item: Life Orb
|move|p2a: Ferrothorn|Gyro Ball|p1a: Weavile
|-crit|p1a: Weavile
|-supereffective|p1a: Weavile
|-damage|p1a: Weavile|0 fnt
|faint|p1a: Weavile
|
|win|TheEnder
|c|âTheEnder|gg
|c|âDennisEG|gg