|join|MrCheese1702
|join|MrSpecial
|player|p1|MrCheese1702|260
|player|p2|MrSpecial|160
|gametype|singles
|gen|6
|tier|UU
|rated
|clearpoke
|poke|p1|Altaria, M
|poke|p1|Avalugg, M
|poke|p1|Gastrodon, M
|poke|p1|Nidoking, M
|poke|p1|Amoonguss, F
|poke|p1|Celebi
|poke|p2|Lopunny, M
|poke|p2|Cofagrigus, F
|poke|p2|Lanturn, F
|poke|p2|Crobat, M
|poke|p2|Sigilyph, F
|poke|p2|Bastiodon, M
|rule|Sleep Clause Mod: Limit one foe put to sleep
|rule|Species Clause: Limit one of each Pokemon
|rule|OHKO Clause: OHKO moves are banned
|rule|Moody Clause: Moody is banned
|rule|Evasion Moves Clause: Evasion moves are banned
|rule|Endless Battle Clause: Forcing endless battles is banned.
|rule|HP Percentage Mod: HP is reported as percentages
|teampreview
|chat|MrCheese1702|THANK YOU
|chat|MrSpecial|what?
|join|asgdftestanstuff
|chat|MrCheese1702|a team that is actually somewhat original
|chat|MrSpecial|it's a pleasure to see yours too
|
|start
|switch|p1a: Nidoking|Nidoking, M|304\/304
|switch|p2a: Sigilyph|Sigilyph, F|285\/285
|turn|1
|chat|MrCheese1702|a few of mine are a tad overused, but some like avalugg aren't seen much imo
|
|move|p1a: Nidoking|Poison Jab|p2a: Sigilyph
|-damage|p2a: Sigilyph|78\/285
|move|p2a: Sigilyph|Psychic|p1a: Nidoking
|-supereffective|p1a: Nidoking
|-damage|p1a: Nidoking|0 fnt
|faint|p1a: Nidoking
|
|
|switch|p1a: Avalugg|Avalugg, M|332\/332
|turn|2
|chat|MrSpecial|yeah otherwise you can't even play
|chat|MrCheese1702|the amount of florges i've just forfeited from is ridiculous
|
|switch|p2a: Bastiodon|Bastiodon, M|324\/324
|move|p1a: Avalugg|Avalanche|p2a: Bastiodon
|-resisted|p2a: Bastiodon
|-damage|p2a: Bastiodon|297\/324
|
|-heal|p2a: Bastiodon|317\/324|[from] item: Leftovers
|turn|3
|
|move|p2a: Bastiodon|Stealth Rock|p1a: Avalugg
|-sidestart|p1: MrCheese1702|move: Stealth Rock
|move|p1a: Avalugg|Earthquake|p2a: Bastiodon
|-crit|p2a: Bastiodon
|-supereffective|p2a: Bastiodon
|-damage|p2a: Bastiodon|5\/324
|
|-heal|p2a: Bastiodon|25\/324|[from] item: Leftovers
|turn|4
|chat|MrSpecial|yeah it's pretty bad
|
|move|p1a: Avalugg|Avalanche|p2a: Bastiodon
|-resisted|p2a: Bastiodon
|-damage|p2a: Bastiodon|0 fnt
|faint|p2a: Bastiodon
|
|
|switch|p2a: Cofagrigus|Cofagrigus, F|319\/319
|turn|5
|
|switch|p1a: Amoonguss|Amoonguss, F|432\/432
|-damage|p1a: Amoonguss|378\/432|[from] Stealth Rock
|move|p2a: Cofagrigus|Substitute|p2a: Cofagrigus
|-start|p2a: Cofagrigus|Substitute
|-damage|p2a: Cofagrigus|240\/319
|
|-heal|p1a: Amoonguss|405\/432|[from] item: Black Sludge
|turn|6
|
|move|p2a: Cofagrigus|Will-O-Wisp|p1a: Amoonguss|[miss]
|-miss|p2a: Cofagrigus|p1a: Amoonguss
|move|p1a: Amoonguss|Giga Drain|p2a: Cofagrigus
|-activate|p2a: Cofagrigus|Substitute|[damage]
|-heal|p1a: Amoonguss|432\/432|[from] drain|[of] p2a: Cofagrigus
|
|turn|7
|
|move|p2a: Cofagrigus|Will-O-Wisp|p1a: Amoonguss|[miss]
|-miss|p2a: Cofagrigus|p1a: Amoonguss
|move|p1a: Amoonguss|Giga Drain|p2a: Cofagrigus
|-end|p2a: Cofagrigus|Substitute
|
|turn|8
|chat|MrCheese1702|get an eye test guy
|
|switch|p1a: Celebi|Celebi|341\/341
|-damage|p1a: Celebi|299\/341|[from] Stealth Rock
|move|p2a: Cofagrigus|Substitute|p2a: Cofagrigus
|-start|p2a: Cofagrigus|Substitute
|-damage|p2a: Cofagrigus|161\/319
|
|turn|9
|chat|MrSpecial|need glasses
|
|move|p1a: Celebi|Psychic|p2a: Cofagrigus
|-end|p2a: Cofagrigus|Substitute
|move|p2a: Cofagrigus|Will-O-Wisp|p1a: Celebi
|-status|p1a: Celebi|brn
|
|-damage|p1a: Celebi|257\/341 brn|[from] brn
|turn|10
|
|move|p1a: Celebi|Psychic|p2a: Cofagrigus
|-crit|p2a: Cofagrigus
|-damage|p2a: Cofagrigus|0 fnt
|faint|p2a: Cofagrigus
|
|-damage|p1a: Celebi|215\/341 brn|[from] brn
|chat|MrCheese1702|did that matter?
|chat|MrSpecial|yup 
|chat|MrCheese1702|damn xD
|chat|MrSpecial|full special
|
|switch|p2a: Crobat|Crobat, M|311\/311
|turn|11
|
|switch|p1a: Altaria|Altaria, M|354\/354
|-damage|p1a: Altaria|266\/354|[from] Stealth Rock
|move|p2a: Crobat|U-turn|p1a: Altaria
|-resisted|p1a: Altaria
|-damage|p1a: Altaria|227\/354
|
|switch|p2a: Lopunny|Lopunny, M|334\/334
|
|-heal|p1a: Altaria|249\/354|[from] item: Leftovers
|turn|12
|
|switch|p1a: Celebi|Celebi|215\/341
|-damage|p1a: Celebi|173\/341|[from] Stealth Rock
|move|p2a: Lopunny|Cosmic Power|p2a: Lopunny
|-boost|p2a: Lopunny|def|1
|-boost|p2a: Lopunny|spd|1
|
|turn|13
|
|move|p2a: Lopunny|Cosmic Power|p2a: Lopunny
|-boost|p2a: Lopunny|def|1
|-boost|p2a: Lopunny|spd|1
|move|p1a: Celebi|Giga Drain|p2a: Lopunny
|-damage|p2a: Lopunny|244\/334
|-heal|p1a: Celebi|218\/341|[from] drain|[of] p2a: Lopunny
|
|turn|14
|
|switch|p1a: Amoonguss|Amoonguss, F|432\/432
|-damage|p1a: Amoonguss|378\/432|[from] Stealth Rock
|move|p2a: Lopunny|Switcheroo|p1a: Amoonguss
|-activate|p2a: Lopunny|move: Trick|[of] p1a: Amoonguss
|-item|p1a: Amoonguss|Toxic Orb|[from] Trick
|-item|p2a: Lopunny|Black Sludge|[from] Trick
|
|turn|15
|
|move|p2a: Lopunny|Cosmic Power|p2a: Lopunny
|-boost|p2a: Lopunny|def|1
|-boost|p2a: Lopunny|spd|1
|move|p1a: Amoonguss|Toxic|p2a: Lopunny
|-status|p2a: Lopunny|tox
|
|-damage|p2a: Lopunny|224\/334 tox|[from] psn
|turn|16
|
|switch|p1a: Avalugg|Avalugg, M|332\/332
|-damage|p1a: Avalugg|249\/332|[from] Stealth Rock
|move|p2a: Lopunny|Cosmic Power|p2a: Lopunny
|-boost|p2a: Lopunny|def|1
|-boost|p2a: Lopunny|spd|1
|
|-damage|p2a: Lopunny|184\/334 tox|[from] psn
|turn|17
|
|move|p2a: Lopunny|Baton Pass|p2a: Lopunny
|
|switch|p2a: Lanturn|Lanturn, F|454\/454
|move|p1a: Avalugg|Rapid Spin|p2a: Lanturn
|-damage|p2a: Lanturn|444\/454
|-sideend|p1: MrCheese1702|Stealth Rock|[from] move: Rapid Spin|[of] p1a: Avalugg
|
|-heal|p2a: Lanturn|454\/454|[from] item: Leftovers
|turn|18
|chat|MrCheese1702|oh hell
|
|move|p2a: Lanturn|Aqua Ring|p2a: Lanturn
|-start|p2a: Lanturn|Aqua Ring
|move|p1a: Avalugg|Earthquake|p2a: Lanturn
|-supereffective|p2a: Lanturn
|-damage|p2a: Lanturn|368\/454
|
|-heal|p2a: Lanturn|396\/454|[from] item: Leftovers
|-heal|p2a: Lanturn|424\/454|[from] Aqua Ring
|turn|19
|chat|MrCheese1702|can't touch this
|chat|MrSpecial|nop
|
|switch|p1a: Amoonguss|Amoonguss, F|432\/432
|move|p2a: Lanturn|Scald|p1a: Amoonguss
|-resisted|p1a: Amoonguss
|-damage|p1a: Amoonguss|393\/432
|
|-heal|p2a: Lanturn|452\/454|[from] item: Leftovers
|-heal|p2a: Lanturn|454\/454|[from] Aqua Ring
|turn|20
|chat|MrSpecial|lopunny is a beast
|
|move|p2a: Lanturn|Scald|p1a: Amoonguss
|-resisted|p1a: Amoonguss
|-damage|p1a: Amoonguss|357\/432
|move|p1a: Amoonguss|Toxic|p2a: Lanturn
|-status|p2a: Lanturn|tox
|
|-damage|p2a: Lanturn|426\/454 tox|[from] psn
|turn|21
|
|move|p2a: Lanturn|Scald|p1a: Amoonguss
|-crit|p1a: Amoonguss
|-resisted|p1a: Amoonguss
|-damage|p1a: Amoonguss|301\/432
|move|p1a: Amoonguss|Giga Drain|p2a: Lanturn
|-supereffective|p2a: Lanturn
|-damage|p2a: Lanturn|364\/454 tox
|-heal|p1a: Amoonguss|332\/432|[from] drain|[of] p2a: Lanturn
|
|-heal|p2a: Lanturn|392\/454 tox|[from] item: Leftovers
|-heal|p2a: Lanturn|420\/454 tox|[from] Aqua Ring
|-damage|p2a: Lanturn|364\/454 tox|[from] psn
|turn|22
|
|switch|p1a: Celebi|Celebi|218\/341
|move|p2a: Lanturn|Scald|p1a: Celebi
|-resisted|p1a: Celebi
|-damage|p1a: Celebi|172\/341
|
|-heal|p2a: Lanturn|392\/454 tox|[from] item: Leftovers
|-heal|p2a: Lanturn|420\/454 tox|[from] Aqua Ring
|-damage|p2a: Lanturn|336\/454 tox|[from] psn
|turn|23
|
|move|p1a: Celebi|Giga Drain|p2a: Lanturn
|-supereffective|p2a: Lanturn
|-damage|p2a: Lanturn|184\/454 tox
|-heal|p1a: Celebi|248\/341|[from] drain|[of] p2a: Lanturn
|move|p2a: Lanturn|Heal Bell|p2a: Lanturn
|-cureteam|p2a: Lanturn|[from] move: HealBell
|
|-heal|p2a: Lanturn|212\/454|[from] item: Leftovers
|-heal|p2a: Lanturn|240\/454|[from] Aqua Ring
|turn|24
|
|switch|p2a: Crobat|Crobat, M|311\/311
|move|p1a: Celebi|Giga Drain|p2a: Crobat
|-crit|p2a: Crobat
|-resisted|p2a: Crobat
|-damage|p2a: Crobat|232\/311
|-heal|p1a: Celebi|288\/341|[from] drain|[of] p2a: Crobat
|
|turn|25
|chat|MrCheese1702|this is what i like to see
|chat|MrSpecial|no point in staying
|
|switch|p1a: Gastrodon|Gastrodon, M|426\/426
|move|p2a: Crobat|U-turn|p1a: Gastrodon
|-damage|p1a: Gastrodon|329\/426
|
|switch|p2a: Sigilyph|Sigilyph, F|78\/285
|
|-heal|p1a: Gastrodon|355\/426|[from] item: Leftovers
|turn|26
|
|move|p2a: Sigilyph|Air Slash|p1a: Gastrodon
|-damage|p1a: Gastrodon|194\/426
|move|p1a: Gastrodon|Scald|p2a: Sigilyph
|-damage|p2a: Sigilyph|0 fnt
|faint|p2a: Sigilyph
|
|-heal|p1a: Gastrodon|220\/426|[from] item: Leftovers
|chat|MrSpecial|you've got balls
|
|switch|p2a: Lopunny|Lopunny, M|184\/334
|turn|27
|chat|MrCheese1702|you need them nowadays
|
|move|p2a: Lopunny|Switcheroo|p1a: Gastrodon
|-activate|p2a: Lopunny|move: Trick|[of] p1a: Gastrodon
|-item|p1a: Gastrodon|Black Sludge|[from] Trick
|-item|p2a: Lopunny|Leftovers|[from] Trick
|move|p1a: Gastrodon|Recover|p1a: Gastrodon
|-heal|p1a: Gastrodon|426\/426
|
|-damage|p1a: Gastrodon|373\/426|[from] item: Black Sludge
|turn|28
|
|move|p2a: Lopunny|Cosmic Power|p2a: Lopunny
|-boost|p2a: Lopunny|def|1
|-boost|p2a: Lopunny|spd|1
|move|p1a: Gastrodon|Scald|p2a: Lopunny
|-damage|p2a: Lopunny|117\/334
|
|-damage|p1a: Gastrodon|320\/426|[from] item: Black Sludge
|turn|29
|
|move|p2a: Lopunny|Cosmic Power|p2a: Lopunny
|-boost|p2a: Lopunny|def|1
|-boost|p2a: Lopunny|spd|1
|move|p1a: Gastrodon|Toxic|p2a: Lopunny
|-status|p2a: Lopunny|tox
|
|-damage|p1a: Gastrodon|267\/426|[from] item: Black Sludge
|-damage|p2a: Lopunny|97\/334 tox|[from] psn
|turn|30
|
|move|p2a: Lopunny|Baton Pass|p2a: Lopunny
|
|switch|p2a: Crobat|Crobat, M|232\/311
|move|p1a: Gastrodon|Earth Power|p2a: Crobat
|-immune|p2a: Crobat|[msg]
|
|-damage|p1a: Gastrodon|214\/426|[from] item: Black Sludge
|turn|31
|chat|MrCheese1702|dem predictions
|chat|MrSpecial|i guess
|
|switch|p1a: Altaria|Altaria, M|249\/354
|move|p2a: Crobat|Brave Bird|p1a: Altaria
|-damage|p1a: Altaria|65\/354
|-damage|p2a: Crobat|171\/311|[from] recoil|[of] p1a: Altaria
|
|-heal|p1a: Altaria|87\/354|[from] item: Leftovers
|turn|32
|chat|MrSpecial|lanturn can't do anything
|chat|MrCheese1702|:O damage whaaaa
|
|move|p2a: Crobat|Brave Bird|p1a: Altaria
|-damage|p1a: Altaria|0 fnt
|-damage|p2a: Crobat|142\/311|[from] recoil|[of] p1a: Altaria
|faint|p1a: Altaria
|
|
|switch|p1a: Avalugg|Avalugg, M|249\/332
|turn|33
|
|switch|p2a: Lanturn|Lanturn, F|240\/454
|move|p1a: Avalugg|Avalanche|p2a: Lanturn
|-resisted|p2a: Lanturn
|-damage|p2a: Lanturn|180\/454
|
|-heal|p2a: Lanturn|208\/454|[from] item: Leftovers
|turn|34
|
|move|p2a: Lanturn|Scald|p1a: Avalugg
|-damage|p1a: Avalugg|174\/332
|move|p1a: Avalugg|Earthquake|p2a: Lanturn
|-supereffective|p2a: Lanturn
|-damage|p2a: Lanturn|0 fnt
|faint|p2a: Lanturn
|
|
|switch|p2a: Lopunny|Lopunny, M|97\/334 tox
|turn|35
|
|move|p2a: Lopunny|Cosmic Power|p2a: Lopunny
|-boost|p2a: Lopunny|def|1
|-boost|p2a: Lopunny|spd|1
|move|p1a: Avalugg|Avalanche|p2a: Lopunny
|-damage|p2a: Lopunny|24\/334 tox
|
|-damage|p2a: Lopunny|4\/334 tox|[from] psn
|turn|36
|
|move|p2a: Lopunny|Healing Wish|p2a: Lopunny
|faint|p2a: Lopunny
|move|p1a: Avalugg|Avalanche|p2: Lopunny|[notarget]
|-notarget
|
|
|switch|p2a: Crobat|Crobat, M|142\/311
|-heal|p2a: Crobat|311\/311|[from] move: Healing Wish
|turn|37
|
|move|p2a: Crobat|Brave Bird|p1a: Avalugg
|-damage|p1a: Avalugg|23\/332
|-damage|p2a: Crobat|261\/311|[from] recoil|[of] p1a: Avalugg
|move|p1a: Avalugg|Avalanche|p2a: Crobat
|-supereffective|p2a: Crobat
|-damage|p2a: Crobat|0 fnt
|faint|p2a: Crobat
|
|win|MrCheese1702
|raw|Ladder updating...
|raw|MrCheese1702's rating: 1129 &rarr; <strong>1155<\/strong><br \/>(+26 for winning)
|raw|MrSpecial's rating: 1147 &rarr; <strong>1120<\/strong><br \/>(-27 for losing)
|chat|MrCheese1702|gg
|chat|MrSpecial|gg
|leave|asgdftestanstuff