|join|TheNegativeTwo
|join|asduff888
|player|p1|TheNegativeTwo|144
|player|p2|asduff888|150
|gametype|singles
|gen|6
|tier|OU
|rated
|clearpoke
|poke|p1|Gengar, F
|poke|p1|Landorus-Therian, M
|poke|p1|Thundurus, M
|poke|p1|Latios, M
|poke|p1|Metagross
|poke|p1|Azumarill, F
|poke|p2|Celebi
|poke|p2|Heatran, F
|poke|p2|Gliscor, F
|poke|p2|Keldeo-Resolute
|poke|p2|Manectric, F
|poke|p2|Sylveon, M
|rule|Swagger Clause: Swagger is banned
|rule|Baton Pass Clause: Limit one PokÃ©mon knowing Baton Pass
|rule|Sleep Clause Mod: Limit one foe put to sleep
|rule|Species Clause: Limit one of each PokÃ©mon
|rule|OHKO Clause: OHKO moves are banned
|rule|Moody Clause: Moody is banned
|rule|Evasion Moves Clause: Evasion moves are banned
|rule|Endless Battle Clause: Forcing endless battles is banned
|rule|HP Percentage Mod: HP is shown in percentages
|teampreview
|
|start
|switch|p1a: Thundurus|Thundurus, M|299\/299
|switch|p2a: Keldeo-Resolute|Keldeo-Resolute|323\/323
|turn|1
|
|switch|p2a: Manectric|Manectric, F|281\/281
|move|p1a: Thundurus|Nasty Plot|p1a: Thundurus
|-boost|p1a: Thundurus|spa|2
|
|turn|2
|
|detailschange|p2a: Manectric|Manectric-Mega, F
|-mega|p2a: Manectric|Manectric|Manectite
|-ability|p2a: Manectric|Intimidate|[of] p1a: Thundurus
|-unboost|p1a: Thundurus|atk|1
|move|p1a: Thundurus|Focus Blast|p2a: Manectric|[miss]
|-miss|p1a: Thundurus|p2a: Manectric
|move|p2a: Manectric|Volt Switch|p1a: Thundurus
|-damage|p1a: Thundurus|139\/299
|
|switch|p2a: Celebi|Celebi|404\/404
|
|turn|3
|
|move|p1a: Thundurus|Hidden Power|p2a: Celebi
|-supereffective|p2a: Celebi
|-damage|p2a: Celebi|53\/404
|-damage|p1a: Thundurus|110\/299|[from] item: Life Orb
|move|p2a: Celebi|Baton Pass|p2a: Celebi
|
|switch|p2a: Manectric|Manectric-Mega, F|281\/281
|-ability|p2a: Manectric|Intimidate|[of] p1a: Thundurus
|-unboost|p1a: Thundurus|atk|1
|
|turn|4
|
|move|p2a: Manectric|Volt Switch|p1a: Thundurus
|-damage|p1a: Thundurus|0 fnt
|faint|p1a: Thundurus
|join|horyzhnz
|
|switch|p2a: Keldeo-Resolute|Keldeo-Resolute|323\/323
|
|
|switch|p1a: Gengar|Gengar, F|261\/261
|turn|5
|
|move|p1a: Gengar|Dazzling Gleam|p2a: Keldeo-Resolute
|-crit|p2a: Keldeo-Resolute
|-supereffective|p2a: Keldeo-Resolute
|-damage|p2a: Keldeo-Resolute|0 fnt
|-damage|p1a: Gengar|235\/261|[from] item: Life Orb
|faint|p2a: Keldeo-Resolute
|
|
|switch|p2a: Heatran|Heatran, F|386\/386
|turn|6
|
|move|p1a: Gengar|Shadow Ball|p2a: Heatran
|-crit|p2a: Heatran
|-damage|p2a: Heatran|172\/386
|-unboost|p2a: Heatran|spd|1
|-damage|p1a: Gengar|209\/261|[from] item: Life Orb
|move|p2a: Heatran|Stealth Rock|p1a: Gengar
|-sidestart|p1: TheNegativeTwo|move: Stealth Rock
|
|-heal|p2a: Heatran|196\/386|[from] item: Leftovers
|turn|7
|
|move|p2a: Heatran|Protect|p2a: Heatran
|-singleturn|p2a: Heatran|Protect
|move|p1a: Gengar|Shadow Ball|p2a: Heatran
|-activate|p2a: Heatran|Protect
|
|-heal|p2a: Heatran|220\/386|[from] item: Leftovers
|turn|8
|c|âTheNegativeTwo|well
|c|âTheNegativeTwo|that worked out well
|
|switch|p2a: Celebi|Celebi|53\/404
|move|p1a: Gengar|Shadow Ball|p2a: Celebi
|-supereffective|p2a: Celebi
|-damage|p2a: Celebi|0 fnt
|-damage|p1a: Gengar|183\/261|[from] item: Life Orb
|faint|p2a: Celebi
|
|
|switch|p2a: Manectric|Manectric-Mega, F|281\/281
|-ability|p2a: Manectric|Intimidate|[of] p1a: Gengar
|-unboost|p1a: Gengar|atk|1
|turn|9
|
|move|p2a: Manectric|Volt Switch|p1a: Gengar
|-damage|p1a: Gengar|32\/261
|
|switch|p2a: Sylveon|Sylveon, M|390\/390
|move|p1a: Gengar|Sludge Wave|p2a: Sylveon
|-supereffective|p2a: Sylveon
|-damage|p2a: Sylveon|5\/390
|-status|p2a: Sylveon|psn
|-damage|p1a: Gengar|6\/261|[from] item: Life Orb
|
|-damage|p2a: Sylveon|0 fnt|[from] psn
|faint|p2a: Sylveon
|
|switch|p2a: Manectric|Manectric-Mega, F|281\/281
|-ability|p2a: Manectric|Intimidate|[of] p1a: Gengar
|-unboost|p1a: Gengar|atk|1
|turn|10
|
|move|p2a: Manectric|Thunderbolt|p1a: Gengar
|-damage|p1a: Gengar|0 fnt
|faint|p1a: Gengar
|
|
|switch|p1a: Latios|Latios, M|301\/301
|-damage|p1a: Latios|264\/301|[from] Stealth Rock
|turn|11
|
|move|p2a: Manectric|Volt Switch|p1a: Latios
|-resisted|p1a: Latios
|-damage|p1a: Latios|204\/301
|
|switch|p2a: Heatran|Heatran, F|220\/386
|move|p1a: Latios|Draco Meteor|p2a: Heatran
|-resisted|p2a: Heatran
|-damage|p2a: Heatran|88\/386
|-unboost|p1a: Latios|spa|2
|
|-heal|p2a: Heatran|112\/386|[from] item: Leftovers
|turn|12
|
|switch|p1a: Landorus-Therian|Landorus-Therian, M|382\/382
|-damage|p1a: Landorus-Therian|335\/382|[from] Stealth Rock
|-ability|p1a: Landorus-Therian|Intimidate|[of] p2a: Heatran
|-unboost|p2a: Heatran|atk|1
|move|p2a: Heatran|Lava Plume|p1a: Landorus-Therian
|-damage|p1a: Landorus-Therian|196\/382
|-status|p1a: Landorus-Therian|brn
|
|-heal|p1a: Landorus-Therian|219\/382 brn|[from] item: Leftovers
|-heal|p2a: Heatran|136\/386|[from] item: Leftovers
|-damage|p1a: Landorus-Therian|172\/382 brn|[from] brn
|turn|13
|
|move|p2a: Heatran|Protect|p2a: Heatran
|-singleturn|p2a: Heatran|Protect
|move|p1a: Landorus-Therian|Knock Off|p2a: Heatran
|-activate|p2a: Heatran|Protect
|
|-heal|p1a: Landorus-Therian|195\/382 brn|[from] item: Leftovers
|-heal|p2a: Heatran|160\/386|[from] item: Leftovers
|-damage|p1a: Landorus-Therian|148\/382 brn|[from] brn
|turn|14
|
|switch|p2a: Manectric|Manectric-Mega, F|281\/281
|-ability|p2a: Manectric|Intimidate|[of] p1a: Landorus-Therian
|-unboost|p1a: Landorus-Therian|atk|1
|move|p1a: Landorus-Therian|Knock Off|p2a: Manectric
|-damage|p2a: Manectric|253\/281
|
|-heal|p1a: Landorus-Therian|171\/382 brn|[from] item: Leftovers
|-damage|p1a: Landorus-Therian|124\/382 brn|[from] brn
|turn|15
|
|move|p2a: Manectric|Hidden Power|p1a: Landorus-Therian
|-supereffective|p1a: Landorus-Therian
|-damage|p1a: Landorus-Therian|0 fnt
|faint|p1a: Landorus-Therian
|
|
|switch|p1a: Latios|Latios, M|204\/301
|-damage|p1a: Latios|167\/301|[from] Stealth Rock
|turn|16
|
|move|p2a: Manectric|Volt Switch|p1a: Latios
|-resisted|p1a: Latios
|-damage|p1a: Latios|113\/301
|
|switch|p2a: Heatran|Heatran, F|160\/386
|move|p1a: Latios|Psyshock|p2a: Heatran
|-resisted|p2a: Heatran
|-damage|p2a: Heatran|50\/386
|
|-heal|p2a: Heatran|74\/386|[from] item: Leftovers
|turn|17
|
|move|p2a: Heatran|Protect|p2a: Heatran
|-singleturn|p2a: Heatran|Protect
|move|p1a: Latios|Psyshock|p2a: Heatran
|-activate|p2a: Heatran|Protect
|
|-heal|p2a: Heatran|98\/386|[from] item: Leftovers
|turn|18
|
|switch|p2a: Manectric|Manectric-Mega, F|253\/281
|-ability|p2a: Manectric|Intimidate|[of] p1a: Latios
|-unboost|p1a: Latios|atk|1
|move|p1a: Latios|Psyshock|p2a: Manectric
|-damage|p2a: Manectric|13\/281
|
|turn|19
|
|move|p2a: Manectric|Volt Switch|p1a: Latios
|-resisted|p1a: Latios
|-damage|p1a: Latios|50\/301
|
|switch|p2a: Heatran|Heatran, F|98\/386
|move|p1a: Latios|Psyshock|p2a: Heatran
|-resisted|p2a: Heatran
|-damage|p2a: Heatran|0 fnt
|faint|p2a: Heatran
|
|
|switch|p2a: Gliscor|Gliscor, F|354\/354
|turn|20
|
|switch|p1a: Azumarill|Azumarill, F|364\/364
|-damage|p1a: Azumarill|319\/364|[from] Stealth Rock
|move|p2a: Gliscor|Substitute|p2a: Gliscor
|-start|p2a: Gliscor|Substitute
|-damage|p2a: Gliscor|266\/354
|
|-status|p2a: Gliscor|tox|[from] item: Toxic Orb
|turn|21
|
|move|p2a: Gliscor|Toxic|p1a: Azumarill
|-status|p1a: Azumarill|tox
|move|p1a: Azumarill|Belly Drum|p1a: Azumarill
|-damage|p1a: Azumarill|137\/364 tox
|-setboost|p1a: Azumarill|atk|6|[from] move: Belly Drum
|-enditem|p1a: Azumarill|Sitrus Berry|[eat]
|-heal|p1a: Azumarill|228\/364 tox|[from] item: Sitrus Berry
|
|-heal|p2a: Gliscor|310\/354 tox|[from] ability: Poison Heal
|-damage|p1a: Azumarill|206\/364 tox|[from] psn
|turn|22
|
|move|p2a: Gliscor|Protect|p2a: Gliscor
|-singleturn|p2a: Gliscor|Protect
|move|p1a: Azumarill|Aqua Jet|p2a: Gliscor
|-activate|p2a: Gliscor|Protect
|
|-heal|p2a: Gliscor|354\/354 tox|[from] ability: Poison Heal
|-damage|p1a: Azumarill|162\/364 tox|[from] psn
|turn|23
|
|move|p2a: Gliscor|Substitute|p2a: Gliscor
|-fail|p2a: Gliscor|move: Substitute
|move|p1a: Azumarill|Play Rough|p2a: Gliscor
|-end|p2a: Gliscor|Substitute
|
|-damage|p1a: Azumarill|96\/364 tox|[from] psn
|turn|24
|
|move|p2a: Gliscor|Protect|p2a: Gliscor
|-singleturn|p2a: Gliscor|Protect
|move|p1a: Azumarill|Aqua Jet|p2a: Gliscor
|-activate|p2a: Gliscor|Protect
|
|-damage|p1a: Azumarill|8\/364 tox|[from] psn
|turn|25
|
|switch|p2a: Manectric|Manectric-Mega, F|13\/281
|-ability|p2a: Manectric|Intimidate|[of] p1a: Azumarill
|-unboost|p1a: Azumarill|atk|1
|move|p1a: Azumarill|Aqua Jet|p2a: Manectric
|-damage|p2a: Manectric|0 fnt
|faint|p2a: Manectric
|
|-damage|p1a: Azumarill|0 fnt|[from] psn
|faint|p1a: Azumarill
|
|switch|p1a: Latios|Latios, M|50\/301
|switch|p2a: Gliscor|Gliscor, F|354\/354 tox
|-damage|p1a: Latios|13\/301|[from] Stealth Rock
|turn|26
|
|move|p2a: Gliscor|Protect|p2a: Gliscor
|-singleturn|p2a: Gliscor|Protect
|move|p1a: Latios|Draco Meteor|p2a: Gliscor
|-activate|p2a: Gliscor|Protect
|
|turn|27
|
|move|p1a: Latios|Draco Meteor|p2a: Gliscor
|-damage|p2a: Gliscor|0 fnt
|-unboost|p1a: Latios|spa|2
|faint|p2a: Gliscor
|
|win|TheNegativeTwo
|raw|Ladder updating...
|raw|TheNegativeTwo's rating: 1313 &rarr; <strong>1336<\/strong><br \/>(+23 for winning)
|raw|asduff888's rating: 1366 &rarr; <strong>1343<\/strong><br \/>(-23 for losing)
|c|âTheNegativeTwo|gg
|leave|asduff888
|player|p2
|leave|horyzhnz