|join|PokNeutrino
|join|asduff888
|player|p1|PokNeutrino|238
|player|p2|asduff888|150
|gametype|singles
|gen|6
|tier|OU (suspect test)
|rated
|clearpoke
|poke|p1|Metagross
|poke|p1|Togekiss, F
|poke|p1|Rotom-Wash
|poke|p1|Mamoswine, M
|poke|p1|Latios, M
|poke|p1|Magnezone
|poke|p2|Zapdos
|poke|p2|Garchomp, F
|poke|p2|Breloom, F
|poke|p2|Talonflame, M
|poke|p2|Jirachi
|poke|p2|Gyarados, M
|rule|Swagger Clause: Swagger is banned
|rule|Baton Pass Clause: Limit one PokÃ©mon knowing Baton Pass
|rule|Sleep Clause Mod: Limit one foe put to sleep
|rule|Species Clause: Limit one of each PokÃ©mon
|rule|OHKO Clause: OHKO moves are banned
|rule|Moody Clause: Moody is banned
|rule|Evasion Moves Clause: Evasion moves are banned
|rule|Endless Battle Clause: Forcing endless battles is banned
|rule|HP Percentage Mod: HP is shown in percentages
|teampreview
|
|start
|switch|p1a: Maytag|Rotom-Wash|303\/303
|switch|p2a: Gyarados|Gyarados, M|346\/346
|-ability|p2a: Gyarados|Intimidate|[of] p1a: Maytag
|-unboost|p1a: Maytag|atk|1
|turn|1
|
|switch|p2a: Garchomp|Garchomp, F|358\/358
|move|p1a: Maytag|Will-O-Wisp|p2a: Garchomp
|-status|p2a: Garchomp|brn
|
|-damage|p2a: Garchomp|314\/358 brn|[from] brn
|turn|2
|
|switch|p1a: Face of Mercy|Togekiss, F|373\/373
|move|p2a: Garchomp|Stealth Rock|p1a: Face of Mercy
|-sidestart|p1: PokNeutrino|move: Stealth Rock
|
|-damage|p2a: Garchomp|270\/358 brn|[from] brn
|turn|3
|
|switch|p2a: Jirachi|Jirachi|404\/404
|move|p1a: Face of Mercy|Toxic|p2a: Jirachi
|-fail|p2a: Jirachi
|
|turn|4
|
|switch|p1a: Highway2|Magnezone|282\/282
|-damage|p1a: Highway2|265\/282|[from] Stealth Rock
|move|p2a: Jirachi|U-turn|p1a: Highway2
|-resisted|p1a: Highway2
|-damage|p1a: Highway2|240\/282
|
|switch|p2a: Gyarados|Gyarados, M|346\/346
|-ability|p2a: Gyarados|Intimidate|[of] p1a: Highway2
|-unboost|p1a: Highway2|atk|1
|
|turn|5
|
|switch|p2a: Garchomp|Garchomp, F|270\/358 brn
|move|p1a: Highway2|Thunderbolt|p2a: Garchomp
|-immune|p2a: Garchomp|[msg]
|
|-damage|p2a: Garchomp|226\/358 brn|[from] brn
|turn|6
|
|switch|p1a: Face of Mercy|Togekiss, F|373\/373
|-damage|p1a: Face of Mercy|280\/373|[from] Stealth Rock
|switch|p2a: Zapdos|Zapdos|384\/384
|-ability|p2a: Zapdos|Pressure
|
|-heal|p1a: Face of Mercy|303\/373|[from] item: Leftovers
|turn|7
|
|switch|p1a: Latios|Latios, M|310\/310
|-damage|p1a: Latios|272\/310|[from] Stealth Rock
|move|p2a: Zapdos|Volt Switch|p1a: Latios
|-resisted|p1a: Latios
|-damage|p1a: Latios|227\/310
|
|switch|p2a: Gyarados|Gyarados, M|346\/346
|-ability|p2a: Gyarados|Intimidate|[of] p1a: Latios
|-unboost|p1a: Latios|atk|1
|
|-heal|p1a: Latios|246\/310|[from] item: Leftovers
|turn|8
|
|detailschange|p2a: Gyarados|Gyarados-Mega, M
|-mega|p2a: Gyarados|Gyarados|Gyaradosite
|-ability|p2a: Gyarados|Mold Breaker
|move|p1a: Latios|Draco Meteor|p2a: Gyarados
|-damage|p2a: Gyarados|175\/346
|-unboost|p1a: Latios|spa|2
|move|p2a: Gyarados|Dragon Dance|p2a: Gyarados
|-boost|p2a: Gyarados|atk|1
|-boost|p2a: Gyarados|spe|1
|
|-heal|p1a: Latios|265\/310|[from] item: Leftovers
|turn|9
|
|move|p2a: Gyarados|Crunch|p1a: Latios
|-supereffective|p1a: Latios
|-damage|p1a: Latios|0 fnt
|faint|p1a: Latios
|
|
|switch|p1a: Face of Mercy|Togekiss, F|303\/373
|-damage|p1a: Face of Mercy|210\/373|[from] Stealth Rock
|turn|10
|
|move|p2a: Gyarados|Waterfall|p1a: Face of Mercy
|-damage|p1a: Face of Mercy|0 fnt
|faint|p1a: Face of Mercy
|
|
|switch|p1a: Maytag|Rotom-Wash|303\/303
|-damage|p1a: Maytag|266\/303|[from] Stealth Rock
|turn|11
|
|move|p2a: Gyarados|Earthquake|p1a: Maytag
|-supereffective|p1a: Maytag
|-damage|p1a: Maytag|0 fnt
|faint|p1a: Maytag
|
|-message|PokNeutrino forfeited.
|
|win|asduff888
|raw|Ladder updating...
|leave|PokNeutrino
|player|p1
|raw|PokNeutrino's rating: 1309 &rarr; <strong>1289<\/strong><br \/>(-20 for losing)
|raw|asduff888's rating: 1309 &rarr; <strong>1329<\/strong><br \/>(+20 for winning)
|leave|asduff888
|player|p2