|join|asduff888
|join|EnDoubleU
|player|p1|asduff888|150
|player|p2|EnDoubleU|167
|gametype|singles
|gen|6
|tier|OU (suspect test)
|rated
|clearpoke
|poke|p1|Sableye, M
|poke|p1|Heatran, F
|poke|p1|Gliscor, M
|poke|p1|Ferrothorn, M
|poke|p1|Starmie
|poke|p1|Bisharp, M
|poke|p2|Tyranitar, M, shiny
|poke|p2|Heatran, F
|poke|p2|Gengar, M, shiny
|poke|p2|Landorus-Therian, M
|poke|p2|Slowbro, M
|poke|p2|Togekiss, F
|rule|Swagger Clause: Swagger is banned
|rule|Baton Pass Clause: Limit one PokÃ©mon knowing Baton Pass
|rule|Sleep Clause Mod: Limit one foe put to sleep
|rule|Species Clause: Limit one of each PokÃ©mon
|rule|OHKO Clause: OHKO moves are banned
|rule|Moody Clause: Moody is banned
|rule|Evasion Moves Clause: Evasion moves are banned
|rule|Endless Battle Clause: Forcing endless battles is banned
|rule|HP Percentage Mod: HP is shown in percentages
|teampreview
|
|start
|switch|p1a: Heatran|Heatran, F|386\/386
|switch|p2a: Heatran|Heatran, F|356\/356
|turn|1
|join|CycloTJ
|
|move|p2a: Heatran|Earth Power|p1a: Heatran
|-supereffective|p1a: Heatran
|-damage|p1a: Heatran|50\/386
|move|p1a: Heatran|Stealth Rock|p2a: Heatran
|-sidestart|p2: EnDoubleU|move: Stealth Rock
|
|-heal|p1a: Heatran|74\/386|[from] item: Leftovers
|turn|2
|
|move|p1a: Heatran|Protect|p1a: Heatran
|-singleturn|p1a: Heatran|Protect
|move|p2a: Heatran|Stealth Rock|p1a: Heatran
|-sidestart|p1: asduff888|move: Stealth Rock
|
|-heal|p1a: Heatran|98\/386|[from] item: Leftovers
|turn|3
|
|switch|p1a: Starmie|Starmie|324\/324
|-damage|p1a: Starmie|284\/324|[from] Stealth Rock
|move|p2a: Heatran|Fire Blast|p1a: Starmie
|-resisted|p1a: Starmie
|-damage|p1a: Starmie|170\/324
|
|-heal|p1a: Starmie|190\/324|[from] item: Leftovers
|turn|4
|
|switch|p2a: Tyranitar|Tyranitar, M, shiny|341\/341
|-damage|p2a: Tyranitar|299\/341|[from] Stealth Rock
|-weather|Sandstorm
|move|p1a: Starmie|Rapid Spin|p2a: Tyranitar
|-resisted|p2a: Tyranitar
|-damage|p2a: Tyranitar|293\/341
|-sideend|p1: asduff888|Stealth Rock|[from] move: Rapid Spin|[of] p1a: Starmie
|
|-weather|Sandstorm|[upkeep]
|-damage|p1a: Starmie|170\/324|[from] sandstorm
|-heal|p1a: Starmie|190\/324|[from] item: Leftovers
|turn|5
|
|move|p2a: Tyranitar|Crunch|p1a: Starmie
|-supereffective|p1a: Starmie
|-damage|p1a: Starmie|0 fnt
|faint|p1a: Starmie
|
|-weather|Sandstorm|[upkeep]
|
|switch|p1a: Ferrothorn|Ferrothorn, M|352\/352
|turn|6
|
|switch|p2a: Heatran|Heatran, F|356\/356
|-damage|p2a: Heatran|312\/356|[from] Stealth Rock
|move|p1a: Ferrothorn|Leech Seed|p2a: Heatran
|-start|p2a: Heatran|move: Leech Seed
|
|-weather|Sandstorm|[upkeep]
|-heal|p2a: Heatran|334\/356|[from] item: Leftovers
|-damage|p2a: Heatran|290\/356|[from] Leech Seed|[of] p1a: Ferrothorn
|turn|7
|
|switch|p1a: Sableye|Sableye, M|304\/304
|move|p2a: Heatran|Stealth Rock|p1a: Sableye
|-sidestart|p1: asduff888|move: Stealth Rock
|
|-weather|Sandstorm|[upkeep]
|-damage|p1a: Sableye|285\/304|[from] sandstorm
|-heal|p2a: Heatran|312\/356|[from] item: Leftovers
|-damage|p2a: Heatran|268\/356|[from] Leech Seed|[of] p1a: Sableye
|-heal|p1a: Sableye|304\/304|[silent]
|turn|8
|
|switch|p2a: Gengar|Gengar, M, shiny|261\/261
|-damage|p2a: Gengar|229\/261|[from] Stealth Rock
|move|p1a: Sableye|Calm Mind|p1a: Sableye
|-boost|p1a: Sableye|spa|1
|-boost|p1a: Sableye|spd|1
|
|-weather|none
|turn|9
|
|detailschange|p1a: Sableye|Sableye-Mega, M
|-mega|p1a: Sableye|Sableye|Sablenite
|move|p2a: Gengar|Shadow Ball|p1a: Sableye
|-damage|p1a: Sableye|191\/304
|-unboost|p1a: Sableye|spd|1
|-damage|p2a: Gengar|203\/261|[from] item: Life Orb
|move|p1a: Sableye|Dark Pulse|p2a: Gengar
|-supereffective|p2a: Gengar
|-damage|p2a: Gengar|0 fnt
|faint|p2a: Gengar
|
|
|switch|p2a: Heatran|Heatran, F|268\/356
|-damage|p2a: Heatran|224\/356|[from] Stealth Rock
|turn|10
|
|switch|p1a: Heatran|Heatran, F|98\/386
|-damage|p1a: Heatran|50\/386|[from] Stealth Rock
|move|p2a: Heatran|Fire Blast|p1a: Heatran
|-start|p1a: Heatran|ability: Flash Fire
|
|-heal|p2a: Heatran|246\/356|[from] item: Leftovers
|-heal|p1a: Heatran|74\/386|[from] item: Leftovers
|turn|11
|
|switch|p1a: Gliscor|Gliscor, M|354\/354
|-damage|p1a: Gliscor|310\/354|[from] Stealth Rock
|move|p2a: Heatran|Earth Power|p1a: Gliscor
|-immune|p1a: Gliscor|[msg]
|
|-heal|p2a: Heatran|268\/356|[from] item: Leftovers
|-status|p1a: Gliscor|tox|[from] item: Toxic Orb
|turn|12
|
|switch|p2a: Slowbro|Slowbro, M|391\/391
|-damage|p2a: Slowbro|343\/391|[from] Stealth Rock
|move|p1a: Gliscor|Protect|p1a: Gliscor
|-fail|p1a: Gliscor
|
|-heal|p1a: Gliscor|354\/354 tox|[from] ability: Poison Heal
|turn|13
|
|detailschange|p2a: Slowbro|Slowbro-Mega, M
|-mega|p2a: Slowbro|Slowbro|Slowbronite
|move|p1a: Gliscor|Protect|p1a: Gliscor
|-singleturn|p1a: Gliscor|Protect
|move|p2a: Slowbro|Scald|p1a: Gliscor
|-activate|p1a: Gliscor|Protect
|
|turn|14
|
|move|p1a: Gliscor|Toxic|p2a: Slowbro
|-status|p2a: Slowbro|tox
|move|p2a: Slowbro|Calm Mind|p2a: Slowbro
|-boost|p2a: Slowbro|spa|1
|-boost|p2a: Slowbro|spd|1
|
|-damage|p2a: Slowbro|319\/391 tox|[from] psn
|turn|15
|
|switch|p1a: Ferrothorn|Ferrothorn, M|352\/352
|-damage|p1a: Ferrothorn|330\/352|[from] Stealth Rock
|move|p2a: Slowbro|Calm Mind|p2a: Slowbro
|-boost|p2a: Slowbro|spa|1
|-boost|p2a: Slowbro|spd|1
|
|-heal|p1a: Ferrothorn|352\/352|[from] item: Leftovers
|-damage|p2a: Slowbro|271\/391 tox|[from] psn
|turn|16
|
|move|p2a: Slowbro|Calm Mind|p2a: Slowbro
|-boost|p2a: Slowbro|spa|1
|-boost|p2a: Slowbro|spd|1
|move|p1a: Ferrothorn|Spikes|p2a: Slowbro
|-sidestart|p2: EnDoubleU|Spikes
|
|-damage|p2a: Slowbro|199\/391 tox|[from] psn
|turn|17
|
|move|p2a: Slowbro|Calm Mind|p2a: Slowbro
|-boost|p2a: Slowbro|spa|1
|-boost|p2a: Slowbro|spd|1
|move|p1a: Ferrothorn|Leech Seed|p2a: Slowbro
|-start|p2a: Slowbro|move: Leech Seed
|
|-damage|p2a: Slowbro|151\/391 tox|[from] Leech Seed|[of] p1a: Ferrothorn
|-damage|p2a: Slowbro|55\/391 tox|[from] psn
|turn|18
|
|move|p2a: Slowbro|Rest|p2a: Slowbro
|-status|p2a: Slowbro|slp
|-heal|p2a: Slowbro|391\/391 slp|[silent]
|-status|p2a: Slowbro|slp|[from] move: Rest
|move|p1a: Ferrothorn|Spikes|p2a: Slowbro
|-sidestart|p2: EnDoubleU|Spikes
|
|-damage|p2a: Slowbro|343\/391 slp|[from] Leech Seed|[of] p1a: Ferrothorn
|turn|19
|
|cant|p2a: Slowbro|slp
|move|p2a: Slowbro|Sleep Talk|p2a: Slowbro
|move|p2a: Slowbro|Scald|p1a: Ferrothorn|[from]Sleep Talk
|-resisted|p1a: Ferrothorn
|-damage|p1a: Ferrothorn|199\/352
|-status|p1a: Ferrothorn|brn
|move|p1a: Ferrothorn|Power Whip|p2a: Slowbro
|-supereffective|p2a: Slowbro
|-damage|p2a: Slowbro|283\/391 slp
|
|-heal|p1a: Ferrothorn|221\/352 brn|[from] item: Leftovers
|-damage|p2a: Slowbro|235\/391 slp|[from] Leech Seed|[of] p1a: Ferrothorn
|-heal|p1a: Ferrothorn|269\/352 brn|[silent]
|-damage|p1a: Ferrothorn|225\/352 brn|[from] brn
|turn|20
|
|cant|p2a: Slowbro|slp
|move|p2a: Slowbro|Sleep Talk|p2a: Slowbro
|move|p2a: Slowbro|Rest|p2a: Slowbro|[from]Sleep Talk
|-fail|p2a: Slowbro
|move|p1a: Ferrothorn|Power Whip|p2a: Slowbro|[miss]
|-miss|p1a: Ferrothorn|p2a: Slowbro
|
|-heal|p1a: Ferrothorn|247\/352 brn|[from] item: Leftovers
|-damage|p2a: Slowbro|187\/391 slp|[from] Leech Seed|[of] p1a: Ferrothorn
|-heal|p1a: Ferrothorn|295\/352 brn|[silent]
|-damage|p1a: Ferrothorn|251\/352 brn|[from] brn
|turn|21
|
|-curestatus|p2a: Slowbro|slp
|move|p2a: Slowbro|Scald|p1a: Ferrothorn
|-resisted|p1a: Ferrothorn
|-damage|p1a: Ferrothorn|95\/352 brn
|move|p1a: Ferrothorn|Power Whip|p2a: Slowbro
|-supereffective|p2a: Slowbro
|-damage|p2a: Slowbro|119\/391
|
|-heal|p1a: Ferrothorn|117\/352 brn|[from] item: Leftovers
|-damage|p2a: Slowbro|71\/391|[from] Leech Seed|[of] p1a: Ferrothorn
|-heal|p1a: Ferrothorn|165\/352 brn|[silent]
|-damage|p1a: Ferrothorn|121\/352 brn|[from] brn
|turn|22
|
|switch|p1a: Bisharp|Bisharp, M|331\/331
|-damage|p1a: Bisharp|311\/331|[from] Stealth Rock
|move|p2a: Slowbro|Rest|p2a: Slowbro
|-status|p2a: Slowbro|slp
|-heal|p2a: Slowbro|391\/391 slp|[silent]
|-status|p2a: Slowbro|slp|[from] move: Rest
|
|-damage|p2a: Slowbro|343\/391 slp|[from] Leech Seed|[of] p1a: Bisharp
|-heal|p1a: Bisharp|331\/331|[silent]
|turn|23
|
|move|p1a: Bisharp|Knock Off|p2a: Slowbro
|-supereffective|p2a: Slowbro
|-damage|p2a: Slowbro|217\/391 slp
|cant|p2a: Slowbro|slp
|move|p2a: Slowbro|Sleep Talk|p2a: Slowbro
|move|p2a: Slowbro|Rest|p2a: Slowbro|[from]Sleep Talk
|-fail|p2a: Slowbro
|
|-damage|p2a: Slowbro|169\/391 slp|[from] Leech Seed|[of] p1a: Bisharp
|turn|24
|
|move|p1a: Bisharp|Knock Off|p2a: Slowbro
|-supereffective|p2a: Slowbro
|-damage|p2a: Slowbro|53\/391 slp
|cant|p2a: Slowbro|slp
|move|p2a: Slowbro|Sleep Talk|p2a: Slowbro
|move|p2a: Slowbro|Rest|p2a: Slowbro|[from]Sleep Talk
|-fail|p2a: Slowbro
|
|-damage|p2a: Slowbro|5\/391 slp|[from] Leech Seed|[of] p1a: Bisharp
|turn|25
|
|move|p1a: Bisharp|Knock Off|p2a: Slowbro
|-supereffective|p2a: Slowbro
|-damage|p2a: Slowbro|0 fnt
|faint|p2a: Slowbro
|
|
|switch|p2a: Tyranitar|Tyranitar, M, shiny|293\/341
|-damage|p2a: Tyranitar|251\/341|[from] Stealth Rock
|-damage|p2a: Tyranitar|195\/341|[from] Spikes
|-weather|Sandstorm
|turn|26
|
|switch|p1a: Ferrothorn|Ferrothorn, M|121\/352 brn
|-damage|p1a: Ferrothorn|99\/352 brn|[from] Stealth Rock
|move|p2a: Tyranitar|Fire Blast|p1a: Ferrothorn|[miss]
|-miss|p2a: Tyranitar|p1a: Ferrothorn
|
|-weather|Sandstorm|[upkeep]
|-heal|p1a: Ferrothorn|121\/352 brn|[from] item: Leftovers
|-damage|p1a: Ferrothorn|77\/352 brn|[from] brn
|turn|27
|
|switch|p1a: Heatran|Heatran, F|74\/386
|-damage|p1a: Heatran|26\/386|[from] Stealth Rock
|move|p2a: Tyranitar|Fire Blast|p1a: Heatran
|-start|p1a: Heatran|ability: Flash Fire
|
|-weather|Sandstorm|[upkeep]
|-heal|p1a: Heatran|50\/386|[from] item: Leftovers
|turn|28
|
|switch|p2a: Heatran|Heatran, F|268\/356
|-damage|p2a: Heatran|209\/356|[from] Spikes
|-damage|p2a: Heatran|165\/356|[from] Stealth Rock
|move|p1a: Heatran|Roar|p2a: Heatran
|drag|p2a: Landorus-Therian|Landorus-Therian, M|349\/349
|-damage|p2a: Landorus-Therian|306\/349|[from] Stealth Rock
|-ability|p2a: Landorus-Therian|Intimidate|[of] p1a: Heatran
|-unboost|p1a: Heatran|atk|1
|
|-weather|Sandstorm|[upkeep]
|-heal|p2a: Landorus-Therian|327\/349|[from] item: Leftovers
|-heal|p1a: Heatran|74\/386|[from] item: Leftovers
|turn|29
|
|switch|p1a: Gliscor|Gliscor, M|354\/354 tox
|-damage|p1a: Gliscor|310\/354 tox|[from] Stealth Rock
|move|p2a: Landorus-Therian|Swords Dance|p2a: Landorus-Therian
|-boost|p2a: Landorus-Therian|atk|2
|
|-weather|Sandstorm|[upkeep]
|-heal|p2a: Landorus-Therian|348\/349|[from] item: Leftovers
|-heal|p1a: Gliscor|354\/354 tox|[from] ability: Poison Heal
|turn|30
|
|move|p2a: Landorus-Therian|Knock Off|p1a: Gliscor
|-damage|p1a: Gliscor|184\/354 tox
|-enditem|p1a: Gliscor|Toxic Orb|[from] move: Knock Off|[of] p2a: Landorus-Therian
|move|p1a: Gliscor|Toxic|p2a: Landorus-Therian
|-status|p2a: Landorus-Therian|tox
|
|-weather|none
|-heal|p2a: Landorus-Therian|349\/349 tox|[from] item: Leftovers
|-damage|p2a: Landorus-Therian|328\/349 tox|[from] psn
|-heal|p1a: Gliscor|228\/354 tox|[from] ability: Poison Heal
|turn|31
|
|move|p2a: Landorus-Therian|Swords Dance|p2a: Landorus-Therian
|-boost|p2a: Landorus-Therian|atk|2
|move|p1a: Gliscor|Substitute|p1a: Gliscor
|-start|p1a: Gliscor|Substitute
|-damage|p1a: Gliscor|140\/354 tox
|
|-heal|p2a: Landorus-Therian|349\/349 tox|[from] item: Leftovers
|-damage|p2a: Landorus-Therian|307\/349 tox|[from] psn
|-heal|p1a: Gliscor|184\/354 tox|[from] ability: Poison Heal
|turn|32
|
|move|p1a: Gliscor|Protect|p1a: Gliscor
|-singleturn|p1a: Gliscor|Protect
|move|p2a: Landorus-Therian|Knock Off|p1a: Gliscor
|-activate|p1a: Gliscor|Protect
|
|-heal|p2a: Landorus-Therian|328\/349 tox|[from] item: Leftovers
|-damage|p2a: Landorus-Therian|265\/349 tox|[from] psn
|-heal|p1a: Gliscor|228\/354 tox|[from] ability: Poison Heal
|turn|33
|-message|EnDoubleU forfeited.
|leave|EnDoubleU
|
|win|asduff888
|raw|Ladder updating...
|player|p2
|raw|asduff888's rating: 1349 &rarr; <strong>1369<\/strong><br \/>(+20 for winning)
|raw|EnDoubleU's rating: 1352 &rarr; <strong>1331<\/strong><br \/>(-21 for losing)
|leave|asduff888
|player|p1
|leave|CycloTJ