|join|dragondance00
|join|Plasmi
|player|p1|dragondance00|170
|player|p2|Plasmi|75
|gametype|singles
|gen|6
|tier|ORAS OU
|rated
|rule|Sleep Clause Mod: Limit one foe put to sleep
|rule|Species Clause: Limit one of each PokÃ©mon
|rule|OHKO Clause: OHKO moves are banned
|rule|Moody Clause: Moody is banned
|rule|Evasion Moves Clause: Evasion moves are banned
|rule|Endless Battle Clause: Forcing endless battles is banned
|rule|HP Percentage Mod: HP is shown in percentages
|clearpoke
|poke|p1|Mamoswine, M
|poke|p1|Salamence, M
|poke|p1|Breloom, M
|poke|p1|Heatran, M
|poke|p1|Zapdos
|poke|p1|Chansey, F
|poke|p2|Lopunny, F, shiny
|poke|p2|Gardevoir, F
|poke|p2|Skarmory, M
|poke|p2|Gourgeist-*, F
|poke|p2|Liepard, F
|poke|p2|Infernape, M
|rule|Swagger Clause: Swagger is banned
|rule|Baton Pass Clause: Limit one PokÃ©mon knowing Baton Pass
|teampreview
|
|start
|switch|p1a: Zapdos|Zapdos|321\/321
|switch|p2a: Cherry|Lopunny, F, shiny|272\/272
|-ability|p1a: Zapdos|Pressure
|turn|1
|
|detailschange|p2a: Cherry|Lopunny-Mega, F, shiny
|message|Lopunny has Mega Evolved into Mega Lopunny!
|move|p2a: Cherry|Fake Out|p1a: Zapdos
|-damage|p1a: Zapdos|233\/321
|cant|p1a: Zapdos|flinch
|
|-heal|p1a: Zapdos|253\/321|[from] item: Leftovers
|turn|2
|
|move|p2a: Cherry|Return|p1a: Zapdos
|-damage|p1a: Zapdos|25\/321
|move|p1a: Zapdos|Discharge|p2a: Cherry
|-damage|p2a: Cherry|121\/272
|
|-heal|p1a: Zapdos|45\/321|[from] item: Leftovers
|turn|3
|
|switch|p1a: Mamoswine|Mamoswine, M|424\/424
|move|p2a: Cherry|Return|p1a: Mamoswine
|-damage|p1a: Mamoswine|274\/424
|
|-heal|p1a: Mamoswine|300\/424|[from] item: Leftovers
|turn|4
|
|move|p2a: Cherry|High Jump Kick|p1a: Mamoswine
|-supereffective|p1a: Mamoswine
|-damage|p1a: Mamoswine|0 fnt
|faint|p1a: Mamoswine
|
|
|switch|p1a: Breloom|Breloom, M|261\/261
|turn|5
|
|switch|p2a: Kokoro|Gourgeist-Super, F|374\/374
|-item|p1a: Breloom|Toxic Orb|[from] ability: Frisk|[of] p2a: Kokoro|[identify]
|move|p1a: Breloom|Leech Seed|p2a: Kokoro
|-immune|p2a: Kokoro|[msg]
|
|-status|p1a: Breloom|tox|[from] item: Toxic Orb
|turn|6
|
|switch|p1a: Chansey|Chansey, F|704\/704
|move|p2a: Kokoro|Shadow Sneak|p1a: Chansey
|-immune|p1a: Chansey|[msg]
|
|turn|7
|
|switch|p2a: Cherry|Lopunny-Mega, F, shiny|121\/272
|move|p1a: Chansey|Wish|p1a: Chansey
|
|turn|8
|
|switch|p1a: Zapdos|Zapdos|45\/321
|-ability|p1a: Zapdos|Pressure
|move|p2a: Cherry|Fake Out|p1a: Zapdos
|-crit|p1a: Zapdos
|-damage|p1a: Zapdos|0 fnt
|faint|p1a: Zapdos
|
|c|âPlasmi|crit did not matter, no worries
|
|switch|p1a: Salamence|Salamence, M|331\/331
|-ability|p1a: Salamence|Intimidate|[of] p2a: Cherry
|-unboost|p2a: Cherry|atk|1
|turn|9
|
|switch|p2a: Blazer|Skarmory, M|334\/334
|detailschange|p1a: Salamence|Salamence-Mega, M
|message|Salamence has Mega Evolved into Mega Salamence!
|move|p1a: Salamence|Dragon Dance|p1a: Salamence
|-boost|p1a: Salamence|atk|1
|-boost|p1a: Salamence|spe|1
|
|turn|10
|
|move|p1a: Salamence|Fire Blast|p2a: Blazer
|-supereffective|p2a: Blazer
|-damage|p2a: Blazer|58\/334
|move|p2a: Blazer|Whirlwind|p1a: Salamence
|drag|p1a: Heatran|Heatran, M|323\/323
|-item|p1a: Heatran|Air Balloon
|
|turn|11
|
|switch|p2a: Tidas|Infernape, M|293\/293
|move|p1a: Heatran|Ancient Power|p2a: Tidas
|-damage|p2a: Tidas|196\/293
|
|turn|12
|c|âPlasmi|wow m-salamence
|
|move|p2a: Tidas|Hidden Power|p1a: Heatran
|-resisted|p1a: Heatran
|-damage|p1a: Heatran|309\/323
|-enditem|p1a: Heatran|Air Balloon
|-damage|p2a: Tidas|167\/293|[from] item: Life Orb
|move|p1a: Heatran|Earth Power|p2a: Tidas
|-supereffective|p2a: Tidas
|-damage|p2a: Tidas|0 fnt
|faint|p2a: Tidas
|
|c|âPlasmi|fuck.
|c|âPlasmi|stayin in for a cc?
|
|switch|p2a: Cherry|Lopunny-Mega, F, shiny|121\/272
|turn|13
|c|âdragondance00|I was sort of double guessing you
|c|âPlasmi|dam
|
|switch|p1a: Salamence|Salamence-Mega, M|331\/331
|move|p2a: Cherry|Return|p1a: Salamence
|-damage|p1a: Salamence|172\/331
|
|turn|14
|
|switch|p2a: Blazer|Skarmory, M|58\/334
|move|p1a: Salamence|Return|p2a: Blazer
|-resisted|p2a: Blazer
|-damage|p2a: Blazer|0 fnt
|-damage|p1a: Salamence|117\/331|[from] item: Rocky Helmet|[of] p2a: Blazer
|faint|p2a: Blazer
|
|
|switch|p2a: Cherry|Lopunny-Mega, F, shiny|121\/272
|turn|15
|
|switch|p1a: Heatran|Heatran, M|309\/323
|move|p2a: Cherry|Fake Out|p1a: Heatran
|-resisted|p1a: Heatran
|-damage|p1a: Heatran|276\/323
|
|turn|16
|
|switch|p1a: Breloom|Breloom, M|261\/261 tox
|move|p2a: Cherry|High Jump Kick|p1a: Breloom
|-damage|p1a: Breloom|0 fnt
|faint|p1a: Breloom
|
|
|switch|p1a: Salamence|Salamence-Mega, M|117\/331
|turn|17
|c|âPlasmi|megalop is such a monster
|
|move|p2a: Cherry|Return|p1a: Salamence
|-damage|p1a: Salamence|0 fnt
|faint|p1a: Salamence
|
|-message|dragondance00 forfeited.
|
|win|Plasmi
|raw|Ladder updating...
|leave|dragondance00
|player|p1
|raw|dragondance00's rating: 1201 &rarr; <strong>1174<\/strong><br \/>(-27 for losing)
|raw|Plasmi's rating: 1179 &rarr; <strong>1205<\/strong><br \/>(+26 for winning)