|join|Plasmi
|join|Orihs
|player|p1|Plasmi|75
|player|p2|Orihs|283
|gametype|singles
|gen|6
|tier|OU
|rated
|clearpoke
|poke|p1|Gardevoir, F
|poke|p1|Conkeldurr, M
|poke|p1|Magnezone
|poke|p1|Infernape, M
|poke|p1|Gourgeist-*, F
|poke|p1|Excadrill, M
|poke|p2|Slowbro, M
|poke|p2|Heatran, F
|poke|p2|Suicune
|poke|p2|Gallade, M, shiny
|poke|p2|Latias, F, shiny
|poke|p2|Crawdaunt, M
|rule|Swagger Clause: Swagger is banned
|rule|Baton Pass Clause: Limit one PokÃ©mon knowing Baton Pass
|rule|Sleep Clause Mod: Limit one foe put to sleep
|rule|Species Clause: Limit one of each PokÃ©mon
|rule|OHKO Clause: OHKO moves are banned
|rule|Moody Clause: Moody is banned
|rule|Evasion Moves Clause: Evasion moves are banned
|rule|Endless Battle Clause: Forcing endless battles is banned
|rule|HP Percentage Mod: HP is shown in percentages
|teampreview
|
|start
|switch|p1a: Eve|Gardevoir, F|340\/340
|switch|p2a: Crawdaunt|Crawdaunt, M|268\/268
|-ability|p1a: Eve|Adaptability|[from] ability: Trace|[of] p2a: Crawdaunt
|turn|1
|
|switch|p2a: Heatran|Heatran, F|386\/386
|detailschange|p1a: Eve|Gardevoir-Mega, F
|message|Gardevoir has Mega Evolved into Mega Gardevoir!
|move|p1a: Eve|Calm Mind|p1a: Eve
|-boost|p1a: Eve|spa|1
|-boost|p1a: Eve|spd|1
|
|turn|2
|
|move|p1a: Eve|Calm Mind|p1a: Eve
|-boost|p1a: Eve|spa|1
|-boost|p1a: Eve|spd|1
|move|p2a: Heatran|Toxic|p1a: Eve
|-status|p1a: Eve|tox
|
|-damage|p1a: Eve|319\/340 tox|[from] psn
|turn|3
|
|move|p2a: Heatran|Protect|p2a: Heatran
|-singleturn|p2a: Heatran|Protect
|move|p1a: Eve|Calm Mind|p1a: Eve
|-boost|p1a: Eve|spa|1
|-boost|p1a: Eve|spd|1
|
|-damage|p1a: Eve|277\/340 tox|[from] psn
|turn|4
|
|move|p1a: Eve|Calm Mind|p1a: Eve
|-boost|p1a: Eve|spa|1
|-boost|p1a: Eve|spd|1
|move|p2a: Heatran|Lava Plume|p1a: Eve
|-damage|p1a: Eve|244\/340 tox
|
|-damage|p1a: Eve|181\/340 tox|[from] psn
|turn|5
|
|move|p2a: Heatran|Protect|p2a: Heatran
|-singleturn|p2a: Heatran|Protect
|move|p1a: Eve|Calm Mind|p1a: Eve
|-boost|p1a: Eve|spa|1
|-boost|p1a: Eve|spd|1
|
|-damage|p1a: Eve|97\/340 tox|[from] psn
|turn|6
|
|move|p1a: Eve|Rest|p1a: Eve
|-status|p1a: Eve|slp
|-heal|p1a: Eve|340\/340 slp|[silent]
|-status|p1a: Eve|slp|[from] move: Rest
|move|p2a: Heatran|Lava Plume|p1a: Eve
|-damage|p1a: Eve|313\/340 slp
|
|turn|7
|
|cant|p1a: Eve|slp
|move|p1a: Eve|Snore|p2a: Heatran
|-resisted|p2a: Heatran
|-damage|p2a: Heatran|319\/386
|move|p2a: Heatran|Lava Plume|p1a: Eve
|-damage|p1a: Eve|288\/340 slp
|
|-heal|p2a: Heatran|343\/386|[from] item: Leftovers
|turn|8
|
|cant|p1a: Eve|slp
|move|p1a: Eve|Snore|p2a: Heatran
|-resisted|p2a: Heatran
|-damage|p2a: Heatran|271\/386
|move|p2a: Heatran|Toxic|p1a: Eve
|-fail|p1a: Eve
|
|-heal|p2a: Heatran|295\/386|[from] item: Leftovers
|turn|9
|
|-curestatus|p1a: Eve|slp
|move|p1a: Eve|Calm Mind|p1a: Eve
|-boost|p1a: Eve|spa|1
|-boost|p1a: Eve|spd|1
|move|p2a: Heatran|Toxic|p1a: Eve|[miss]
|-miss|p2a: Heatran|p1a: Eve
|
|-heal|p2a: Heatran|319\/386|[from] item: Leftovers
|turn|10
|
|move|p1a: Eve|Hyper Voice|p2a: Heatran
|-resisted|p2a: Heatran
|-damage|p2a: Heatran|184\/386
|move|p2a: Heatran|Toxic|p1a: Eve
|-status|p1a: Eve|tox
|
|-heal|p2a: Heatran|208\/386|[from] item: Leftovers
|-damage|p1a: Eve|267\/340 tox|[from] psn
|turn|11
|
|move|p2a: Heatran|Protect|p2a: Heatran
|-singleturn|p2a: Heatran|Protect
|move|p1a: Eve|Rest|p1a: Eve
|-status|p1a: Eve|slp
|-heal|p1a: Eve|340\/340 slp|[silent]
|-status|p1a: Eve|slp|[from] move: Rest
|
|-heal|p2a: Heatran|232\/386|[from] item: Leftovers
|turn|12
|
|move|p2a: Heatran|Protect|p2a: Heatran
|-fail|p2a: Heatran
|cant|p1a: Eve|slp
|move|p1a: Eve|Snore|p2a: Heatran
|-resisted|p2a: Heatran
|-damage|p2a: Heatran|157\/386
|
|-heal|p2a: Heatran|181\/386|[from] item: Leftovers
|turn|13
|
|cant|p1a: Eve|slp
|move|p1a: Eve|Snore|p2a: Heatran
|-resisted|p2a: Heatran
|-damage|p2a: Heatran|93\/386
|cant|p2a: Heatran|flinch
|
|-heal|p2a: Heatran|117\/386|[from] item: Leftovers
|turn|14
|
|-curestatus|p1a: Eve|slp
|move|p1a: Eve|Hyper Voice|p2a: Heatran
|-resisted|p2a: Heatran
|-damage|p2a: Heatran|0 fnt
|faint|p2a: Heatran
|
|
|switch|p2a: Gallade|Gallade, M, shiny|277\/277
|turn|15
|
|detailschange|p2a: Gallade|Gallade-Mega, M, shiny
|message|Gallade has Mega Evolved into Mega Gallade!
|move|p2a: Gallade|Zen Headbutt|p1a: Eve
|-crit|p1a: Eve
|-resisted|p1a: Eve
|-damage|p1a: Eve|214\/340
|move|p1a: Eve|Hyper Voice|p2a: Gallade
|-supereffective|p2a: Gallade
|-damage|p2a: Gallade|0 fnt
|faint|p2a: Gallade
|
|-message|Orihs forfeited.
|
|win|Plasmi
|raw|Ladder updating...
|leave|Orihs
|player|p2
|raw|Plasmi's rating: 1350 &rarr; <strong>1371<\/strong><br \/>(+21 for winning)
|raw|Orihs's rating: 1368 &rarr; <strong>1347<\/strong><br \/>(-21 for losing)