|join|NerdRageSunflower
|join|Plasmi
|player|p1|NerdRageSunflower|33
|player|p2|Plasmi|75
|gametype|singles
|gen|6
|tier|OU
|rated
|clearpoke
|poke|p1|Clefable, M
|poke|p1|Ampharos, F
|poke|p1|Mew
|poke|p1|Starmie
|poke|p1|Ferrothorn, F
|poke|p1|Florges, F
|poke|p2|Mawile, F
|poke|p2|Throh, M
|poke|p2|Aggron, M
|poke|p2|Togekiss, F
|poke|p2|Gliscor, M
|poke|p2|Gourgeist-*, F
|rule|Sleep Clause Mod: Limit one foe put to sleep
|rule|Species Clause: Limit one of each Pokemon
|rule|OHKO Clause: OHKO moves are banned
|rule|Moody Clause: Moody is banned
|rule|Evasion Moves Clause: Evasion moves are banned
|rule|Endless Battle Clause: Forcing endless battles is banned.
|rule|HP Percentage Mod: HP is reported as percentages
|teampreview
|
|start
|switch|p1a: Mew|Mew|403\/403
|switch|p2a: Hikari|Togekiss, F|326\/326
|turn|1
|
|move|p2a: Hikari|Air Slash|p1a: Mew
|-damage|p1a: Mew|310\/403
|cant|p1a: Mew|flinch
|
|-heal|p1a: Mew|335\/403|[from] item: Leftovers
|turn|2
|
|move|p2a: Hikari|Air Slash|p1a: Mew
|-damage|p1a: Mew|229\/403
|move|p1a: Mew|Stealth Rock|p2a: Hikari
|-sidestart|p2: Plasmi|move: Stealth Rock
|
|-heal|p1a: Mew|254\/403|[from] item: Leftovers
|turn|3
|
|move|p2a: Hikari|Air Slash|p1a: Mew
|-damage|p1a: Mew|149\/403
|cant|p1a: Mew|flinch
|
|-heal|p1a: Mew|174\/403|[from] item: Leftovers
|turn|4
|
|move|p2a: Hikari|Air Slash|p1a: Mew
|-damage|p1a: Mew|65\/403
|cant|p1a: Mew|flinch
|
|-heal|p1a: Mew|90\/403|[from] item: Leftovers
|turn|5
|
|switch|p1a: Ferrothorn|Ferrothorn, F|352\/352
|move|p2a: Hikari|Dazzling Gleam|p1a: Ferrothorn
|-resisted|p1a: Ferrothorn
|-damage|p1a: Ferrothorn|282\/352
|
|turn|6
|
|move|p2a: Hikari|Flamethrower|p1a: Ferrothorn
|-supereffective|p1a: Ferrothorn
|-damage|p1a: Ferrothorn|0 fnt
|faint|p1a: Ferrothorn
|
|
|switch|p1a: Florges|Florges, F|360\/360
|turn|7
|
|switch|p2a: Lagann|Aggron, M|344\/344
|-damage|p2a: Lagann|323\/344|[from] Stealth Rock
|move|p1a: Florges|Toxic|p2a: Lagann
|-fail|p2a: Lagann
|
|turn|8
|
|switch|p1a: Mew|Mew|90\/403
|move|p2a: Lagann|Stealth Rock|p1a: Mew
|-sidestart|p1: NerdRageSunflower|move: Stealth Rock
|
|-heal|p1a: Mew|115\/403|[from] item: Leftovers
|turn|9
|
|move|p1a: Mew|Soft-Boiled|p1a: Mew
|-heal|p1a: Mew|317\/403
|move|p2a: Lagann|Heavy Slam|p1a: Mew
|-crit|p1a: Mew
|-damage|p1a: Mew|23\/403
|
|-heal|p1a: Mew|48\/403|[from] item: Leftovers
|turn|10
|
|move|p1a: Mew|Soft-Boiled|p1a: Mew
|-heal|p1a: Mew|250\/403
|move|p2a: Lagann|Head Smash|p1a: Mew|[miss]
|-miss|p2a: Lagann|p1a: Mew
|
|-heal|p1a: Mew|275\/403|[from] item: Leftovers
|turn|11
|
|move|p1a: Mew|Transform|p2a: Lagann
|-transform|p1a: Mew|p2a: Lagann
|move|p2a: Lagann|Head Smash|p1a: Mew
|-resisted|p1a: Mew
|-damage|p1a: Mew|202\/403
|
|-heal|p1a: Mew|227\/403|[from] item: Leftovers
|turn|12
|
|move|p1a: Mew|Dragon Tail|p2a: Lagann|[miss]
|-miss|p1a: Mew|p2a: Lagann
|move|p2a: Lagann|Dragon Tail|p1a: Mew
|-resisted|p1a: Mew
|-damage|p1a: Mew|208\/403
|drag|p1a: Florges|Florges, F|360\/360
|-damage|p1a: Florges|315\/360|[from] Stealth Rock
|
|-heal|p1a: Florges|337\/360|[from] item: Leftovers
|turn|13
|chat|Plasmi|that makes up for the other miss
|
|switch|p1a: Mew|Mew|208\/403
|-damage|p1a: Mew|158\/403|[from] Stealth Rock
|move|p2a: Lagann|Heavy Slam|p1a: Mew
|-damage|p1a: Mew|0 fnt
|faint|p1a: Mew
|
|
|switch|p1a: Starmie|Starmie|261\/261
|-damage|p1a: Starmie|229\/261|[from] Stealth Rock
|turn|14
|
|switch|p2a: Bob|Throh, M|444\/444
|-damage|p2a: Bob|417\/444|[from] Stealth Rock
|move|p1a: Starmie|Hydro Pump|p2a: Bob
|-crit|p2a: Bob
|-damage|p2a: Bob|70\/444
|-damage|p1a: Starmie|203\/261|[from] item: Life Orb
|
|-heal|p2a: Bob|97\/444|[from] item: Leftovers
|turn|15
|
|move|p1a: Starmie|Psychic|p2a: Bob
|-supereffective|p2a: Bob
|-damage|p2a: Bob|0 fnt
|-damage|p1a: Starmie|177\/261|[from] item: Life Orb
|faint|p2a: Bob
|
|
|switch|p2a: Hikari|Togekiss, F|326\/326
|-damage|p2a: Hikari|245\/326|[from] Stealth Rock
|turn|16
|
|switch|p1a: Florges|Florges, F|337\/360
|-damage|p1a: Florges|292\/360|[from] Stealth Rock
|move|p2a: Hikari|Dazzling Gleam|p1a: Florges
|-damage|p1a: Florges|208\/360
|
|-heal|p1a: Florges|230\/360|[from] item: Leftovers
|turn|17
|
|switch|p2a: Silas|Gliscor, M|351\/351
|-damage|p2a: Silas|308\/351|[from] Stealth Rock
|move|p1a: Florges|Wish|p1a: Florges
|
|-heal|p1a: Florges|252\/360|[from] item: Leftovers
|-status|p2a: Silas|tox|[from] item: Toxic Orb
|turn|18
|
|switch|p1a: Starmie|Starmie|177\/261
|-damage|p1a: Starmie|145\/261|[from] Stealth Rock
|move|p2a: Silas|Substitute|p2a: Silas
|-start|p2a: Silas|Substitute
|-damage|p2a: Silas|221\/351 tox
|
|-heal|p1a: Starmie|261\/261|[from] move: Wish|[wisher] Florges
|-heal|p2a: Silas|264\/351 tox|[from] ability: Poison Heal
|turn|19
|
|move|p1a: Starmie|Ice Beam|p2a: Silas
|-supereffective|p2a: Silas
|-end|p2a: Silas|Substitute
|-damage|p1a: Starmie|235\/261|[from] item: Life Orb
|move|p2a: Silas|Toxic|p1a: Starmie
|-status|p1a: Starmie|tox
|
|-damage|p1a: Starmie|219\/261 tox|[from] psn
|-heal|p2a: Silas|307\/351 tox|[from] ability: Poison Heal
|turn|20
|
|switch|p2a: Rose|Mawile, F|284\/284
|-damage|p2a: Rose|267\/284|[from] Stealth Rock
|-ability|p2a: Rose|Intimidate|[of] p1a: Starmie
|-unboost|p1a: Starmie|atk|1
|move|p1a: Starmie|Ice Beam|p2a: Rose
|-resisted|p2a: Rose
|-damage|p2a: Rose|141\/284
|-damage|p1a: Starmie|193\/261 tox|[from] item: Life Orb
|
|-damage|p1a: Starmie|161\/261 tox|[from] psn
|turn|21
|
|switch|p1a: Clefable|Clefable, M|394\/394
|detailschange|p2a: Rose|Mawile-Mega, F
|message|Mawile has Mega Evolved into Mega Mawile!
|move|p2a: Rose|Sucker Punch|p1a: Clefable
|-fail|p1a: Clefable
|
|turn|22
|
|move|p2a: Rose|Play Rough|p1a: Clefable
|-damage|p1a: Clefable|127\/394
|move|p1a: Clefable|Flamethrower|p2a: Rose
|-supereffective|p2a: Rose
|-damage|p2a: Rose|9\/284
|
|-heal|p1a: Clefable|151\/394|[from] item: Leftovers
|turn|23
|
|move|p2a: Rose|Play Rough|p1a: Clefable
|-damage|p1a: Clefable|0 fnt
|faint|p1a: Clefable
|
|
|switch|p1a: Florges|Florges, F|252\/360
|-damage|p1a: Florges|207\/360|[from] Stealth Rock
|turn|24
|
|move|p1a: Florges|Moonblast|p2a: Rose
|-resisted|p2a: Rose
|-damage|p2a: Rose|0 fnt
|faint|p2a: Rose
|
|-heal|p1a: Florges|229\/360|[from] item: Leftovers
|
|switch|p2a: Lagann|Aggron, M|323\/344
|-damage|p2a: Lagann|302\/344|[from] Stealth Rock
|turn|25
|
|move|p1a: Florges|Wish|p1a: Florges
|move|p2a: Lagann|Head Smash|p1a: Florges
|-damage|p1a: Florges|0 fnt
|faint|p1a: Florges
|
|
|switch|p1a: Starmie|Starmie|161\/261 tox
|-damage|p1a: Starmie|129\/261 tox|[from] Stealth Rock
|turn|26
|
|move|p1a: Starmie|Hydro Pump|p2a: Lagann
|-supereffective|p2a: Lagann
|-damage|p2a: Lagann|0 fnt
|-damage|p1a: Starmie|103\/261 tox|[from] item: Life Orb
|faint|p2a: Lagann
|
|-heal|p1a: Starmie|261\/261 tox|[from] move: Wish|[wisher] Florges
|-damage|p1a: Starmie|245\/261 tox|[from] psn
|
|switch|p2a: Kokoro|Gourgeist-Super, F|374\/374
|-damage|p2a: Kokoro|328\/374|[from] Stealth Rock
|-item|p1a: Starmie|Life Orb|[from] ability: Frisk|[of] p2a: Kokoro|[identify]
|turn|27
|
|move|p2a: Kokoro|Protect|p2a: Kokoro
|-singleturn|p2a: Kokoro|Protect
|move|p1a: Starmie|Ice Beam|p2a: Kokoro
|-activate|p2a: Kokoro|Protect
|
|-heal|p2a: Kokoro|351\/374|[from] item: Leftovers
|-damage|p1a: Starmie|213\/261 tox|[from] psn
|turn|28
|
|switch|p1a: Ampharos|Ampharos, F|322\/322
|-damage|p1a: Ampharos|282\/322|[from] Stealth Rock
|move|p2a: Kokoro|Leech Seed|p1a: Ampharos
|-start|p1a: Ampharos|move: Leech Seed
|
|-heal|p2a: Kokoro|374\/374|[from] item: Leftovers
|-damage|p1a: Ampharos|242\/322|[from] Leech Seed|[of] p2a: Kokoro
|turn|29
|
|-ability|p1a: Ampharos|Mold Breaker
|detailschange|p1a: Ampharos|Ampharos-Mega, F
|message|Ampharos has Mega Evolved into Mega Ampharos!
|move|p1a: Ampharos|Agility|p1a: Ampharos
|-boost|p1a: Ampharos|spe|2
|move|p2a: Kokoro|Will-O-Wisp|p1a: Ampharos
|-status|p1a: Ampharos|brn
|
|-damage|p1a: Ampharos|202\/322 brn|[from] Leech Seed|[of] p2a: Kokoro
|-damage|p1a: Ampharos|162\/322 brn|[from] brn
|turn|30
|
|move|p2a: Kokoro|Protect|p2a: Kokoro
|-singleturn|p2a: Kokoro|Protect
|move|p1a: Ampharos|Dragon Pulse|p2a: Kokoro
|-activate|p2a: Kokoro|Protect
|
|-damage|p1a: Ampharos|122\/322 brn|[from] Leech Seed|[of] p2a: Kokoro
|-damage|p1a: Ampharos|82\/322 brn|[from] brn
|turn|31
|
|switch|p2a: Hikari|Togekiss, F|245\/326
|-damage|p2a: Hikari|164\/326|[from] Stealth Rock
|move|p1a: Ampharos|Dragon Pulse|p2a: Hikari
|-immune|p2a: Hikari|[msg]
|
|-damage|p1a: Ampharos|42\/322 brn|[from] Leech Seed|[of] p2a: Hikari
|-heal|p2a: Hikari|204\/326|[silent]
|-damage|p1a: Ampharos|2\/322 brn|[from] brn
|turn|32
|
|move|p1a: Ampharos|Thunderbolt|p2a: Hikari
|-supereffective|p2a: Hikari
|-damage|p2a: Hikari|0 fnt
|faint|p2a: Hikari
|
|-damage|p1a: Ampharos|0 fnt|[from] brn
|faint|p1a: Ampharos
|
|switch|p1a: Starmie|Starmie|213\/261 tox
|-damage|p1a: Starmie|181\/261 tox|[from] Stealth Rock
|switch|p2a: Kokoro|Gourgeist-Super, F|374\/374
|-damage|p2a: Kokoro|328\/374|[from] Stealth Rock
|-item|p1a: Starmie|Life Orb|[from] ability: Frisk|[of] p2a: Kokoro|[identify]
|turn|33
|
|move|p2a: Kokoro|Protect|p2a: Kokoro
|-singleturn|p2a: Kokoro|Protect
|move|p1a: Starmie|Ice Beam|p2a: Kokoro
|-activate|p2a: Kokoro|Protect
|
|-heal|p2a: Kokoro|351\/374|[from] item: Leftovers
|-damage|p1a: Starmie|165\/261 tox|[from] psn
|turn|34
|
|move|p1a: Starmie|Ice Beam|p2a: Kokoro
|-supereffective|p2a: Kokoro
|-damage|p2a: Kokoro|55\/374
|-status|p2a: Kokoro|frz
|-damage|p1a: Starmie|139\/261 tox|[from] item: Life Orb
|cant|p2a: Kokoro|frz
|
|-heal|p2a: Kokoro|78\/374 frz|[from] item: Leftovers
|-damage|p1a: Starmie|107\/261 tox|[from] psn
|turn|35
|chat|Plasmi|welp.
|chat|Plasmi|that WAS the game.
|chat|Plasmi|leech seed, protect, shadow sneak
|chat|Plasmi|then my win.
|
|cant|p2a: Kokoro|frz
|move|p1a: Starmie|Ice Beam|p2a: Kokoro
|-supereffective|p2a: Kokoro
|-damage|p2a: Kokoro|0 fnt
|-damage|p1a: Starmie|81\/261 tox|[from] item: Life Orb
|faint|p2a: Kokoro
|
|-damage|p1a: Starmie|33\/261 tox|[from] psn
|chat|Plasmi|k
|
|switch|p2a: Silas|Gliscor, M|307\/351 tox
|-damage|p2a: Silas|264\/351 tox|[from] Stealth Rock
|turn|36
|
|move|p1a: Starmie|Ice Beam|p2a: Silas
|-supereffective|p2a: Silas
|-damage|p2a: Silas|0 fnt
|-damage|p1a: Starmie|7\/261 tox|[from] item: Life Orb
|faint|p2a: Silas
|
|win|NerdRageSunflower
|raw|Ladder updating...
|raw|NerdRageSunflower's rating: 1499 &rarr; <strong>1519<\/strong><br \/>(+20 for winning)
|raw|Plasmi's rating: 1501 &rarr; <strong>1481<\/strong><br \/>(-20 for losing)
|chat|NerdRageSunflower|o? 
|leave|Plasmi
|player|p2
|chat|NerdRageSunflower|i thought ur gliscor
|chat|NerdRageSunflower|has protect?