|join|Plasmi
|join|Bringmethebacon
|player|p1|Plasmi|75
|player|p2|Bringmethebacon|170
|gametype|singles
|gen|6
|tier|OU
|rated
|clearpoke
|poke|p1|Gardevoir, F
|poke|p1|Magnezone
|poke|p1|Staraptor, M
|poke|p1|Skarmory, M
|poke|p1|Swampert, M
|poke|p1|Gourgeist-*, F
|poke|p2|Gallade, M
|poke|p2|Rotom-Wash
|poke|p2|Scolipede, F
|poke|p2|Espeon, F
|poke|p2|Landorus-Therian, M
|poke|p2|Greninja, M
|rule|Swagger Clause: Swagger is banned
|rule|Baton Pass Clause: Limit one PokÃ©mon knowing Baton Pass
|rule|Sleep Clause Mod: Limit one foe put to sleep
|rule|Species Clause: Limit one of each PokÃ©mon
|rule|OHKO Clause: OHKO moves are banned
|rule|Moody Clause: Moody is banned
|rule|Evasion Moves Clause: Evasion moves are banned
|rule|Endless Battle Clause: Forcing endless battles is banned
|rule|HP Percentage Mod: HP is shown in percentages
|teampreview
|
|start
|switch|p1a: Ikki|Staraptor, M|311\/311
|switch|p2a: Scolipede|Scolipede, F|324\/324
|turn|1
|
|move|p2a: Scolipede|Protect|p2a: Scolipede
|-singleturn|p2a: Scolipede|Protect
|move|p1a: Ikki|Brave Bird|p2a: Scolipede
|-activate|p2a: Scolipede|Protect
|
|-boost|p2a: Scolipede|spe|1|[from] ability: Speed Boost
|turn|2
|
|move|p1a: Ikki|Brave Bird|p2a: Scolipede
|-supereffective|p2a: Scolipede
|-enditem|p2a: Scolipede|Focus Sash
|-damage|p2a: Scolipede|1\/324
|-damage|p1a: Ikki|204\/311|[from] recoil|[of] p2a: Scolipede
|move|p2a: Scolipede|Iron Defense|p2a: Scolipede
|-boost|p2a: Scolipede|def|2
|
|-boost|p2a: Scolipede|spe|1|[from] ability: Speed Boost
|turn|3
|
|switch|p1a: Eve|Gardevoir, F|340\/340
|-ability|p1a: Eve|Speed Boost|[from] ability: Trace|[of] p2a: Scolipede
|move|p2a: Scolipede|Protect|p2a: Scolipede
|-fail|p2a: Scolipede
|
|-boost|p2a: Scolipede|spe|1|[from] ability: Speed Boost
|turn|4
|
|move|p2a: Scolipede|Baton Pass|p2a: Scolipede
|
|switch|p2a: Espeon|Espeon, F|334\/334
|move|p1a: Eve|Hyper Voice|p2a: Espeon
|-damage|p2a: Espeon|241\/334
|
|-boost|p1a: Eve|spe|1|[from] ability: Speed Boost
|turn|5
|
|move|p2a: Espeon|Calm Mind|p2a: Espeon
|-boost|p2a: Espeon|spa|1
|-boost|p2a: Espeon|spd|1
|move|p1a: Eve|Calm Mind|p1a: Eve
|-boost|p1a: Eve|spa|1
|-boost|p1a: Eve|spd|1
|
|-boost|p1a: Eve|spe|1|[from] ability: Speed Boost
|turn|6
|
|move|p2a: Espeon|Calm Mind|p2a: Espeon
|-boost|p2a: Espeon|spa|1
|-boost|p2a: Espeon|spd|1
|move|p1a: Eve|Calm Mind|p1a: Eve
|-boost|p1a: Eve|spa|1
|-boost|p1a: Eve|spd|1
|
|-boost|p1a: Eve|spe|1|[from] ability: Speed Boost
|turn|7
|
|move|p2a: Espeon|Stored Power|p1a: Eve
|-resisted|p1a: Eve
|-damage|p1a: Eve|214\/340
|move|p1a: Eve|Calm Mind|p1a: Eve
|-boost|p1a: Eve|spa|1
|-boost|p1a: Eve|spd|1
|
|-boost|p1a: Eve|spe|1|[from] ability: Speed Boost
|turn|8
|
|move|p2a: Espeon|Stored Power|p1a: Eve
|-resisted|p1a: Eve
|-damage|p1a: Eve|113\/340
|move|p1a: Eve|Calm Mind|p1a: Eve
|-boost|p1a: Eve|spa|1
|-boost|p1a: Eve|spd|1
|
|-boost|p1a: Eve|spe|1|[from] ability: Speed Boost
|turn|9
|
|detailschange|p1a: Eve|Gardevoir-Mega, F
|message|Gardevoir has Mega Evolved into Mega Gardevoir!
|move|p2a: Espeon|Stored Power|p1a: Eve
|-resisted|p1a: Eve
|-damage|p1a: Eve|32\/340
|move|p1a: Eve|Rest|p1a: Eve
|-status|p1a: Eve|slp
|-heal|p1a: Eve|340\/340 slp|[silent]
|-status|p1a: Eve|slp|[from] move: Rest
|
|turn|10
|
|switch|p2a: Gallade|Gallade, M|278\/278
|cant|p1a: Eve|slp
|move|p1a: Eve|Snore|p2a: Gallade
|-supereffective|p2a: Gallade
|-damage|p2a: Gallade|0 fnt
|faint|p2a: Gallade
|
|-message|Bringmethebacon forfeited.
|
|win|Plasmi
|raw|Ladder updating...
|c|âPlasmi|gg
|raw|Plasmi's rating: 1462 &rarr; <strong>1478<\/strong><br \/>(+16 for winning)
|raw|Bringmethebacon's rating: 1384 &rarr; <strong>1369<\/strong><br \/>(-15 for losing)