|join|PEDO PRIDE
|join|Plasmi
|player|p1|PEDO PRIDE|11
|player|p2|Plasmi|75
|gametype|singles
|gen|6
|tier|OU
|rated
|clearpoke
|poke|p1|Garchomp, M, shiny
|poke|p1|Wobbuffet, M
|poke|p1|Zapdos
|poke|p1|Gengar, M
|poke|p1|Sylveon, F
|poke|p1|Gyarados, M
|poke|p2|Mawile, F
|poke|p2|Togekiss, F
|poke|p2|Lopunny, F, shiny
|poke|p2|Infernape, M
|poke|p2|Gourgeist-*, F
|poke|p2|Jolteon, F
|rule|Sleep Clause Mod: Limit one foe put to sleep
|rule|Species Clause: Limit one of each Pokemon
|rule|OHKO Clause: OHKO moves are banned
|rule|Moody Clause: Moody is banned
|rule|Evasion Moves Clause: Evasion moves are banned
|rule|Endless Battle Clause: Forcing endless battles is banned.
|rule|HP Percentage Mod: HP is reported as percentages
|teampreview
|join|TOTEMO
|join|Arylide
|
|start
|switch|p1a: BOBA FETT|Wobbuffet, M|528\/528
|switch|p2a: Tidas|Infernape, M|293\/293
|turn|1
|chat|Arylide|such furbait
|
|move|p2a: Tidas|Fake Out|p1a: BOBA FETT
|-damage|p1a: BOBA FETT|489\/528
|cant|p1a: BOBA FETT|flinch
|
|turn|2
|join|Not Canadian
|chat|Arylide|inb4 u-turn into gourgeist
|chat|Arylide|get rekt m80
|
|move|p2a: Tidas|Stealth Rock|p1a: BOBA FETT
|-sidestart|p1: PEDO PRIDE|move: Stealth Rock
|move|p1a: BOBA FETT|Encore|p2a: Tidas
|-start|p2a: Tidas|Encore
|
|turn|3
|chat|Not Canadian|lmoa rekt
|join|Bugbot
|chat|Plasmi|kool
|chat|Arylide|tickle time?
|
|switch|p1a: Luke|Garchomp, M, shiny|357\/357
|-damage|p1a: Luke|335\/357|[from] Stealth Rock
|move|p2a: Tidas|Stealth Rock|p1a: Luke
|-fail|p1a: Luke
|
|turn|4
|
|switch|p2a: Kokoro|Gourgeist-Super, F|374\/374
|-item|p1a: Luke|Life Orb|[from] ability: Frisk|[of] p2a: Kokoro|[identify]
|move|p1a: Luke|Stealth Rock|p2a: Kokoro
|-sidestart|p2: Plasmi|move: Stealth Rock
|
|turn|5
|
|switch|p1a: Leia|Sylveon, F|394\/394
|-damage|p1a: Leia|345\/394|[from] Stealth Rock
|move|p2a: Kokoro|Will-O-Wisp|p1a: Leia
|-status|p1a: Leia|brn
|
|-heal|p1a: Leia|369\/394 brn|[from] item: Leftovers
|-damage|p1a: Leia|320\/394 brn|[from] brn
|turn|6
|
|switch|p1a: Han Solo|Gengar, M|273\/273
|-damage|p1a: Han Solo|239\/273|[from] Stealth Rock
|move|p2a: Kokoro|Leech Seed|p1a: Han Solo|[miss]
|-miss|p2a: Kokoro|p1a: Han Solo
|
|-heal|p1a: Han Solo|256\/273|[from] item: Black Sludge
|turn|7
|chat|Plasmi|well damn.
|chat|Not Canadian|lmoa
|chat|PEDO PRIDE|well possitive karma from getting frozen last match imo
|
|switch|p2a: Cherry|Lopunny, F, shiny|334\/334
|-damage|p2a: Cherry|293\/334|[from] Stealth Rock
|move|p1a: Han Solo|Substitute|p1a: Han Solo
|-start|p1a: Han Solo|Substitute
|-damage|p1a: Han Solo|188\/273
|
|-heal|p1a: Han Solo|205\/273|[from] item: Black Sludge
|turn|8
|chat|Plasmi|fu
|chat|Not Canadian|superior donking skillz
|chat|PEDO PRIDE|what does that even do
|chat|Arylide|__he's inside__
|chat|PEDO PRIDE|trick assault vest?
|
|switch|p2a: Nue|Jolteon, F|272\/272
|-damage|p2a: Nue|238\/272|[from] Stealth Rock
|move|p1a: Han Solo|Taunt|p2a: Nue
|-start|p2a: Nue|move: Taunt
|
|-heal|p1a: Han Solo|222\/273|[from] item: Black Sludge
|turn|9
|
|move|p2a: Nue|Shadow Ball|p1a: Han Solo
|-crit|p1a: Han Solo
|-supereffective|p1a: Han Solo
|-end|p1a: Han Solo|Substitute
|-damage|p2a: Nue|211\/272|[from] item: Life Orb
|move|p1a: Han Solo|Shadow Ball|p2a: Nue
|-damage|p2a: Nue|69\/272
|
|-heal|p1a: Han Solo|239\/273|[from] item: Black Sludge
|turn|10
|chat|Plasmi|no
|chat|Plasmi|not trick assault vest, i mean
|
|switch|p1a: Leia|Sylveon, F|320\/394 brn
|-damage|p1a: Leia|271\/394 brn|[from] Stealth Rock
|move|p2a: Nue|Shadow Ball|p1a: Leia
|-damage|p1a: Leia|189\/394 brn
|-damage|p2a: Nue|42\/272|[from] item: Life Orb
|
|-heal|p1a: Leia|213\/394 brn|[from] item: Leftovers
|-damage|p1a: Leia|164\/394 brn|[from] brn
|turn|11
|
|switch|p2a: Rose|Mawile, F|284\/284
|-damage|p2a: Rose|267\/284|[from] Stealth Rock
|-ability|p2a: Rose|Intimidate|[of] p1a: Leia
|-unboost|p1a: Leia|atk|1
|move|p1a: Leia|Wish|p1a: Leia
|
|-heal|p1a: Leia|188\/394 brn|[from] item: Leftovers
|-damage|p1a: Leia|139\/394 brn|[from] brn
|turn|12
|
|switch|p1a: Anakin|Gyarados, M|331\/331
|-damage|p1a: Anakin|249\/331|[from] Stealth Rock
|-ability|p1a: Anakin|Intimidate|[of] p2a: Rose
|-unboost|p2a: Rose|atk|1
|detailschange|p2a: Rose|Mawile-Mega, F
|message|Mawile has Mega Evolved into Mega Mawile!
|move|p2a: Rose|Play Rough|p1a: Anakin
|-damage|p1a: Anakin|0 fnt
|faint|p1a: Anakin
|
|
|switch|p1a: BOBA FETT|Wobbuffet, M|489\/528
|-damage|p1a: BOBA FETT|423\/528|[from] Stealth Rock
|turn|13
|
|move|p2a: Rose|Swords Dance|p2a: Rose
|-boost|p2a: Rose|atk|2
|move|p1a: BOBA FETT|Destiny Bond|p1a: BOBA FETT
|-singlemove|p1a: BOBA FETT|Destiny Bond
|
|turn|14
|
|move|p2a: Rose|Fire Fang|p1a: BOBA FETT
|-damage|p1a: BOBA FETT|160\/528
|-status|p1a: BOBA FETT|brn
|-enditem|p1a: BOBA FETT|Sitrus Berry|[eat]
|-heal|p1a: BOBA FETT|292\/528 brn|[from] item: Sitrus Berry
|move|p1a: BOBA FETT|Destiny Bond|p1a: BOBA FETT
|-singlemove|p1a: BOBA FETT|Destiny Bond
|
|-damage|p1a: BOBA FETT|226\/528 brn|[from] brn
|turn|15
|chat|Arylide|rekt
|chat|Arylide|rekt
|
|move|p2a: Rose|Swords Dance|p2a: Rose
|-boost|p2a: Rose|atk|2
|move|p1a: BOBA FETT|Encore|p2a: Rose
|-start|p2a: Rose|Encore
|
|-damage|p1a: BOBA FETT|160\/528 brn|[from] brn
|turn|16
|chat|Arylide|rek-onomics
|
|switch|p1a: Luke|Garchomp, M, shiny|335\/357
|-damage|p1a: Luke|313\/357|[from] Stealth Rock
|move|p2a: Rose|Swords Dance|p2a: Rose
|-boost|p2a: Rose|atk|2
|
|turn|17
|chat|PEDO PRIDE|I got so rekt
|
|switch|p1a: Obi Wan|Zapdos|383\/383
|-damage|p1a: Obi Wan|288\/383|[from] Stealth Rock
|-ability|p1a: Obi Wan|Pressure
|switch|p2a: Kokoro|Gourgeist-Super, F|374\/374
|-damage|p2a: Kokoro|328\/374|[from] Stealth Rock
|-item|p1a: Obi Wan|Leftovers|[from] ability: Frisk|[of] p2a: Kokoro|[identify]
|
|-heal|p1a: Obi Wan|311\/383|[from] item: Leftovers
|-heal|p2a: Kokoro|351\/374|[from] item: Leftovers
|turn|18
|
|switch|p2a: Tidas|Infernape, M|293\/293
|-damage|p2a: Tidas|257\/293|[from] Stealth Rock
|move|p1a: Obi Wan|Heat Wave|p2a: Tidas
|-resisted|p2a: Tidas
|-damage|p2a: Tidas|190\/293
|
|-heal|p1a: Obi Wan|334\/383|[from] item: Leftovers
|turn|19
|chat|Plasmi|nice
|
|move|p2a: Tidas|Fake Out|p1a: Obi Wan
|-damage|p1a: Obi Wan|308\/383
|cant|p1a: Obi Wan|flinch
|
|-heal|p1a: Obi Wan|331\/383|[from] item: Leftovers
|turn|20
|
|move|p2a: Tidas|Overheat|p1a: Obi Wan
|-damage|p1a: Obi Wan|123\/383
|-unboost|p2a: Tidas|spa|2
|move|p1a: Obi Wan|Discharge|p2a: Tidas
|-damage|p2a: Tidas|34\/293
|
|-heal|p1a: Obi Wan|146\/383|[from] item: Leftovers
|turn|21
|
|move|p2a: Tidas|Overheat|p1a: Obi Wan
|-damage|p1a: Obi Wan|0 fnt
|-unboost|p2a: Tidas|spa|2
|faint|p1a: Obi Wan
|
|chat|PEDO PRIDE|I think I'm not getting something
|chat|Plasmi|whats that
|chat|PEDO PRIDE|54 x 0.5 = 28
|chat|Plasmi|blaze brotha
|chat|PEDO PRIDE|damn
|
|switch|p1a: Han Solo|Gengar, M|239\/273
|-damage|p1a: Han Solo|205\/273|[from] Stealth Rock
|turn|22
|
|move|p1a: Han Solo|Substitute|p1a: Han Solo
|-start|p1a: Han Solo|Substitute
|-damage|p1a: Han Solo|137\/273
|move|p2a: Tidas|Overheat|p1a: Han Solo
|-end|p1a: Han Solo|Substitute
|-unboost|p2a: Tidas|spa|2
|
|-heal|p1a: Han Solo|154\/273|[from] item: Black Sludge
|turn|23
|
|switch|p2a: Cherry|Lopunny, F, shiny|293\/334
|-damage|p2a: Cherry|252\/334|[from] Stealth Rock
|move|p1a: Han Solo|Substitute|p1a: Han Solo
|-start|p1a: Han Solo|Substitute
|-damage|p1a: Han Solo|86\/273
|
|-heal|p1a: Han Solo|103\/273|[from] item: Black Sludge
|turn|24
|
|move|p1a: Han Solo|Taunt|p2a: Cherry
|-start|p2a: Cherry|move: Taunt
|cant|p2a: Cherry|move: Taunt|Healing Wish
|
|-heal|p1a: Han Solo|120\/273|[from] item: Black Sludge
|turn|25
|chat|Plasmi|oh right
|chat|Plasmi|fuck
|
|switch|p2a: Kokoro|Gourgeist-Super, F|351\/374
|-damage|p2a: Kokoro|305\/374|[from] Stealth Rock
|-item|p1a: Han Solo|Black Sludge|[from] ability: Frisk|[of] p2a: Kokoro|[identify]
|move|p1a: Han Solo|Will-O-Wisp|p2a: Kokoro
|-status|p2a: Kokoro|brn
|
|-heal|p1a: Han Solo|137\/273|[from] item: Black Sludge
|-heal|p2a: Kokoro|328\/374 brn|[from] item: Leftovers
|-damage|p2a: Kokoro|282\/374 brn|[from] brn
|turn|26
|chat|Arylide|__he's inside__
|chat|Plasmi|h8 this gengar
|
|move|p2a: Kokoro|Shadow Sneak|p1a: Han Solo
|-crit|p1a: Han Solo
|-supereffective|p1a: Han Solo
|-end|p1a: Han Solo|Substitute
|move|p1a: Han Solo|Shadow Ball|p2a: Kokoro
|-crit|p2a: Kokoro
|-supereffective|p2a: Kokoro
|-damage|p2a: Kokoro|0 fnt
|faint|p2a: Kokoro
|
|-heal|p1a: Han Solo|154\/273|[from] item: Black Sludge
|chat|Plasmi|how much do neutral rocks do, again?
|chat|PEDO PRIDE|12%
|chat|Plasmi|ty
|chat|PEDO PRIDE|so jolteon is still alive but nape isn't
|chat|Arylide|ye
|chat|Plasmi|shitt
|
|switch|p2a: Hikari|Togekiss, F|312\/312
|-damage|p2a: Hikari|234\/312|[from] Stealth Rock
|turn|27
|chat|Plasmi|okay.
|chat|Plasmi|yolo.
|chat|PEDO PRIDE|inb4 scarf
|
|switch|p1a: Leia|Sylveon, F|139\/394 brn
|-damage|p1a: Leia|90\/394 brn|[from] Stealth Rock
|move|p2a: Hikari|Air Slash|p1a: Leia
|-damage|p1a: Leia|0 fnt
|faint|p1a: Leia
|
|
|switch|p1a: BOBA FETT|Wobbuffet, M|160\/528 brn
|-damage|p1a: BOBA FETT|94\/528 brn|[from] Stealth Rock
|turn|28
|chat|PEDO PRIDE|fug I'm dead
|
|move|p2a: Hikari|Air Slash|p1a: BOBA FETT
|-damage|p1a: BOBA FETT|0 fnt
|faint|p1a: BOBA FETT
|
|
|switch|p1a: Han Solo|Gengar, M|154\/273
|-damage|p1a: Han Solo|120\/273|[from] Stealth Rock
|turn|29
|chat|Arylide|wobbufett is a shit
|
|move|p1a: Han Solo|Shadow Ball|p2a: Hikari
|-damage|p2a: Hikari|105\/312
|move|p2a: Hikari|Air Slash|p1a: Han Solo
|-damage|p1a: Han Solo|0 fnt
|faint|p1a: Han Solo
|
|-message|PEDO PRIDE forfeited.
|
|win|Plasmi
|raw|Ladder updating...
|raw|PEDO PRIDE's rating: 1723 &rarr; <strong>1700<\/strong><br \/>(-23 for losing)
|raw|Plasmi's rating: 1667 &rarr; <strong>1690<\/strong><br \/>(+23 for winning)
|chat|Plasmi|gg man
|leave|Arylide
|leave|PEDO PRIDE
|player|p1
|leave|Bugbot