|join|Plasmi
|join|Emanperson
|player|p1|Plasmi|75
|player|p2|Emanperson|163
|gametype|singles
|gen|6
|tier|OU
|rated
|clearpoke
|poke|p1|Mawile, F
|poke|p1|Lopunny, F, shiny
|poke|p1|Infernape, M
|poke|p1|Gourgeist-*, F
|poke|p1|Ampharos, F, shiny
|poke|p1|Togekiss, F
|poke|p2|Charizard, M, shiny
|poke|p2|Mandibuzz, F
|poke|p2|Gliscor, F
|poke|p2|Ferrothorn, M
|poke|p2|Vaporeon, F
|poke|p2|Garchomp, F
|rule|Swagger Clause: Swagger is banned
|rule|Baton Pass Clause: Limit one PokÃ©mon knowing Baton Pass
|rule|Sleep Clause Mod: Limit one foe put to sleep
|rule|Species Clause: Limit one of each PokÃ©mon
|rule|OHKO Clause: OHKO moves are banned
|rule|Moody Clause: Moody is banned
|rule|Evasion Moves Clause: Evasion moves are banned
|rule|Endless Battle Clause: Forcing endless battles is banned
|rule|HP Percentage Mod: HP is reported as percentages
|teampreview
|
|start
|switch|p1a: Tidas|Infernape, M|293\/293
|switch|p2a: Berlin: 1961|Gliscor, F|354\/354
|turn|1
|
|move|p2a: Berlin: 1961|Protect|p2a: Berlin: 1961
|-singleturn|p2a: Berlin: 1961|Protect
|move|p1a: Tidas|Fake Out|p2a: Berlin: 1961
|-activate|p2a: Berlin: 1961|Protect
|
|-status|p2a: Berlin: 1961|tox|[from] item: Toxic Orb
|turn|2
|
|move|p1a: Tidas|Stealth Rock|p2a: Berlin: 1961
|-sidestart|p2: Emanperson|move: Stealth Rock
|move|p2a: Berlin: 1961|Knock Off|p1a: Tidas
|-resisted|p1a: Tidas
|-damage|p1a: Tidas|243\/293
|-enditem|p1a: Tidas|Focus Sash|[from] move: Knock Off|[of] p2a: Berlin: 1961
|
|turn|3
|
|move|p1a: Tidas|Overheat|p2a: Berlin: 1961
|-damage|p2a: Berlin: 1961|122\/354 tox
|-unboost|p1a: Tidas|spa|2
|move|p2a: Berlin: 1961|Substitute|p2a: Berlin: 1961
|-start|p2a: Berlin: 1961|Substitute
|-damage|p2a: Berlin: 1961|34\/354 tox
|
|-heal|p2a: Berlin: 1961|78\/354 tox|[from] ability: Poison Heal
|turn|4
|
|move|p2a: Berlin: 1961|Protect|p2a: Berlin: 1961
|-singleturn|p2a: Berlin: 1961|Protect
|move|p1a: Tidas|Overheat|p2a: Berlin: 1961
|-activate|p2a: Berlin: 1961|Protect
|
|-heal|p2a: Berlin: 1961|122\/354 tox|[from] ability: Poison Heal
|turn|5
|
|move|p1a: Tidas|Overheat|p2a: Berlin: 1961
|-end|p2a: Berlin: 1961|Substitute
|-unboost|p1a: Tidas|spa|2
|move|p2a: Berlin: 1961|Earthquake|p1a: Tidas
|-supereffective|p1a: Tidas
|-damage|p1a: Tidas|0 fnt
|faint|p1a: Tidas
|
|-heal|p2a: Berlin: 1961|166\/354 tox|[from] ability: Poison Heal
|
|switch|p1a: Lailah|Ampharos, F, shiny|384\/384
|turn|6
|
|detailschange|p1a: Lailah|Ampharos-Mega, F, shiny
|message|Ampharos has Mega Evolved into Mega Ampharos!
|-ability|p1a: Lailah|Mold Breaker
|move|p2a: Berlin: 1961|Protect|p2a: Berlin: 1961
|-singleturn|p2a: Berlin: 1961|Protect
|move|p1a: Lailah|Hidden Power|p2a: Berlin: 1961
|-activate|p2a: Berlin: 1961|Protect
|
|-heal|p2a: Berlin: 1961|210\/354 tox|[from] ability: Poison Heal
|turn|7
|
|move|p2a: Berlin: 1961|Earthquake|p1a: Lailah
|-crit|p1a: Lailah
|-supereffective|p1a: Lailah
|-damage|p1a: Lailah|46\/384
|move|p1a: Lailah|Hidden Power|p2a: Berlin: 1961
|-supereffective|p2a: Berlin: 1961
|-damage|p2a: Berlin: 1961|0 fnt
|faint|p2a: Berlin: 1961
|
|
|switch|p2a: Garchomp|Garchomp, F|358\/358
|-damage|p2a: Garchomp|336\/358|[from] Stealth Rock
|turn|8
|
|switch|p1a: Kokoro|Gourgeist-Super, F|374\/374
|-item|p2a: Garchomp|Choice Band|[from] ability: Frisk|[of] p1a: Kokoro|[identify]
|move|p2a: Garchomp|Poison Jab|p1a: Kokoro
|-damage|p1a: Kokoro|270\/374
|
|-heal|p1a: Kokoro|293\/374|[from] item: Leftovers
|turn|9
|
|switch|p2a: Ferrothorn|Ferrothorn, M|352\/352
|-damage|p2a: Ferrothorn|330\/352|[from] Stealth Rock
|switch|p1a: Cherry|Lopunny, F, shiny|334\/334
|
|turn|10
|
|move|p1a: Cherry|Healing Wish|p1a: Cherry
|faint|p1a: Cherry
|move|p2a: Ferrothorn|Thunder Wave|p1: Cherry|[notarget]
|-notarget
|
|
|switch|p1a: Lailah|Ampharos-Mega, F, shiny|46\/384
|-heal|p1a: Lailah|384\/384|[from] move: Healing Wish
|-ability|p1a: Lailah|Mold Breaker
|turn|11
|
|move|p1a: Lailah|Focus Blast|p2a: Ferrothorn|[miss]
|-miss|p1a: Lailah|p2a: Ferrothorn
|move|p2a: Ferrothorn|Leech Seed|p1a: Lailah
|-start|p1a: Lailah|move: Leech Seed
|
|-damage|p1a: Lailah|336\/384|[from] Leech Seed|[of] p2a: Ferrothorn
|-heal|p2a: Ferrothorn|352\/352|[silent]
|turn|12
|chat|Plasmi|well thats upsetting
|
|switch|p1a: Rose|Mawile, F|284\/284
|-ability|p1a: Rose|Intimidate|[of] p2a: Ferrothorn
|-unboost|p2a: Ferrothorn|atk|1
|move|p2a: Ferrothorn|Power Whip|p1a: Rose
|-resisted|p1a: Rose
|-damage|p1a: Rose|230\/284
|
|turn|13
|
|move|p1a: Rose|Fire Fang|p2a: Ferrothorn
|-supereffective|p2a: Ferrothorn
|-damage|p2a: Ferrothorn|200\/352
|-damage|p1a: Rose|195\/284|[from] ability: Iron Barbs|[of] p2a: Ferrothorn
|-damage|p1a: Rose|148\/284|[from] item: Rocky Helmet|[of] p2a: Ferrothorn
|move|p2a: Ferrothorn|Thunder Wave|p1a: Rose
|-status|p1a: Rose|par
|
|turn|14
|
|move|p2a: Ferrothorn|Leech Seed|p1a: Rose
|-start|p1a: Rose|move: Leech Seed
|move|p1a: Rose|Play Rough|p2a: Ferrothorn
|-resisted|p2a: Ferrothorn
|-damage|p2a: Ferrothorn|161\/352
|-damage|p1a: Rose|113\/284 par|[from] ability: Iron Barbs|[of] p2a: Ferrothorn
|-damage|p1a: Rose|66\/284 par|[from] item: Rocky Helmet|[of] p2a: Ferrothorn
|-unboost|p2a: Ferrothorn|atk|1
|
|-damage|p1a: Rose|31\/284 par|[from] Leech Seed|[of] p2a: Ferrothorn
|-heal|p2a: Ferrothorn|196\/352|[silent]
|turn|15
|
|move|p2a: Ferrothorn|Power Whip|p1a: Rose
|-resisted|p1a: Rose
|-damage|p1a: Rose|0 fnt
|faint|p1a: Rose
|
|
|switch|p1a: Lailah|Ampharos-Mega, F, shiny|336\/384
|-ability|p1a: Lailah|Mold Breaker
|turn|16
|
|move|p1a: Lailah|Focus Blast|p2a: Ferrothorn
|-supereffective|p2a: Ferrothorn
|-damage|p2a: Ferrothorn|0 fnt
|faint|p2a: Ferrothorn
|
|
|switch|p2a: Garchomp|Garchomp, F|336\/358
|-damage|p2a: Garchomp|314\/358|[from] Stealth Rock
|turn|17
|
|switch|p1a: Hikari|Togekiss, F|373\/373
|move|p2a: Garchomp|Poison Jab|p1a: Hikari
|-supereffective|p1a: Hikari
|-damage|p1a: Hikari|67\/373
|
|-heal|p1a: Hikari|90\/373|[from] item: Leftovers
|turn|18
|
|move|p2a: Garchomp|Poison Jab|p1a: Hikari
|-supereffective|p1a: Hikari
|-damage|p1a: Hikari|0 fnt
|faint|p1a: Hikari
|
|
|switch|p1a: Kokoro|Gourgeist-Super, F|293\/374
|-item|p2a: Garchomp|Choice Band|[from] ability: Frisk|[of] p1a: Kokoro|[identify]
|turn|19
|
|move|p2a: Garchomp|Poison Jab|p1a: Kokoro
|-damage|p1a: Kokoro|191\/374
|move|p1a: Kokoro|Leech Seed|p2a: Garchomp
|-start|p2a: Garchomp|move: Leech Seed
|
|-heal|p1a: Kokoro|214\/374|[from] item: Leftovers
|-damage|p2a: Garchomp|270\/358|[from] Leech Seed|[of] p1a: Kokoro
|-heal|p1a: Kokoro|258\/374|[silent]
|turn|20
|
|switch|p2a: Mandibuzz|Mandibuzz, F|424\/424
|-damage|p2a: Mandibuzz|318\/424|[from] Stealth Rock
|switch|p1a: Lailah|Ampharos-Mega, F, shiny|336\/384
|-ability|p1a: Lailah|Mold Breaker
|
|-heal|p2a: Mandibuzz|344\/424|[from] item: Leftovers
|turn|21
|
|move|p2a: Mandibuzz|Defog|p1a: Lailah
|-unboost|p1a: Lailah|evasion|1
|-sideend|p2: Emanperson|Stealth Rock|[from] move: Defog|[of] p2a: Mandibuzz
|move|p1a: Lailah|Zap Cannon|p2a: Mandibuzz
|-supereffective|p2a: Mandibuzz
|-damage|p2a: Mandibuzz|0 fnt
|faint|p2a: Mandibuzz
|
|
|switch|p2a: Garchomp|Garchomp, F|270\/358
|turn|22
|
|switch|p2a: Ra|Charizard, M, shiny|298\/298
|move|p1a: Lailah|Dragon Pulse|p2a: Ra
|-damage|p2a: Ra|58\/298
|
|turn|23
|
|detailschange|p2a: Ra|Charizard-Mega-Y, M, shiny
|message|Charizard has Mega Evolved into Mega Charizard!
|-weather|SunnyDay
|move|p2a: Ra|Roost|p2a: Ra
|-heal|p2a: Ra|207\/298
|move|p1a: Lailah|Dragon Pulse|p2a: Ra
|-damage|p2a: Ra|42\/298
|
|-weather|SunnyDay|[upkeep]
|turn|24
|
|move|p2a: Ra|Air Slash|p1a: Lailah
|-resisted|p1a: Lailah
|-damage|p1a: Lailah|259\/384
|move|p1a: Lailah|Dragon Pulse|p2a: Ra
|-crit|p2a: Ra
|-damage|p2a: Ra|0 fnt
|faint|p2a: Ra
|
|-weather|SunnyDay|[upkeep]
|
|switch|p2a: Garchomp|Garchomp, F|270\/358
|turn|25
|
|switch|p1a: Kokoro|Gourgeist-Super, F|258\/374
|-item|p2a: Garchomp|Choice Band|[from] ability: Frisk|[of] p1a: Kokoro|[identify]
|move|p2a: Garchomp|Dragon Claw|p1a: Kokoro
|-damage|p1a: Kokoro|110\/374
|
|-weather|SunnyDay|[upkeep]
|-heal|p1a: Kokoro|133\/374|[from] item: Leftovers
|turn|26
|
|move|p1a: Kokoro|Protect|p1a: Kokoro
|-singleturn|p1a: Kokoro|Protect
|move|p2a: Garchomp|Dragon Claw|p1a: Kokoro
|-activate|p1a: Kokoro|Protect
|
|-weather|SunnyDay|[upkeep]
|-heal|p1a: Kokoro|156\/374|[from] item: Leftovers
|turn|27
|
|move|p2a: Garchomp|Dragon Claw|p1a: Kokoro
|-damage|p1a: Kokoro|8\/374
|move|p1a: Kokoro|Leech Seed|p2a: Garchomp
|-start|p2a: Garchomp|move: Leech Seed
|
|-weather|none
|-heal|p1a: Kokoro|31\/374|[from] item: Leftovers
|-damage|p2a: Garchomp|226\/358|[from] Leech Seed|[of] p1a: Kokoro
|-heal|p1a: Kokoro|75\/374|[silent]
|turn|28
|
|move|p1a: Kokoro|Protect|p1a: Kokoro
|-singleturn|p1a: Kokoro|Protect
|move|p2a: Garchomp|Dragon Claw|p1a: Kokoro
|-activate|p1a: Kokoro|Protect
|
|-heal|p1a: Kokoro|98\/374|[from] item: Leftovers
|-damage|p2a: Garchomp|182\/358|[from] Leech Seed|[of] p1a: Kokoro
|-heal|p1a: Kokoro|142\/374|[silent]
|turn|29
|
|move|p1a: Kokoro|Protect|p1a: Kokoro
|-fail|p1a: Kokoro
|move|p2a: Garchomp|Dragon Claw|p1a: Kokoro
|-damage|p1a: Kokoro|0 fnt
|faint|p1a: Kokoro
|
|
|switch|p1a: Lailah|Ampharos-Mega, F, shiny|259\/384
|-ability|p1a: Lailah|Mold Breaker
|turn|30
|
|switch|p2a: Vaporeon|Vaporeon, F|464\/464
|move|p1a: Lailah|Dragon Pulse|p2a: Vaporeon
|-damage|p2a: Vaporeon|319\/464
|
|-heal|p2a: Vaporeon|348\/464|[from] item: Leftovers
|turn|31
|
|move|p2a: Vaporeon|Wish|p2a: Vaporeon
|move|p1a: Lailah|Zap Cannon|p2a: Vaporeon
|-supereffective|p2a: Vaporeon
|-damage|p2a: Vaporeon|0 fnt
|faint|p2a: Vaporeon
|
|
|switch|p2a: Garchomp|Garchomp, F|182\/358
|turn|32
|chat|Plasmi|gg
|
|move|p2a: Garchomp|Earthquake|p1a: Lailah
|-supereffective|p1a: Lailah
|-damage|p1a: Lailah|0 fnt
|faint|p1a: Lailah
|
|win|Emanperson
|raw|Ladder updating...
|chat|Plasmi|i cant live pretty sure
|chat|Emanperson|gg
|chat|Emanperson|this was a fun one :)\
|raw|Plasmi's rating: 1315 &rarr; <strong>1293<\/strong><br \/>(-22 for losing)
|raw|Emanperson's rating: 1282 &rarr; <strong>1309<\/strong><br \/>(+27 for winning)
|chat|Plasmi|indeed
|leave|Plasmi
|player|p1