|join|Plasmi
|join|TheSonichuy
|player|p1|Plasmi|75
|player|p2|TheSonichuy|2
|gametype|singles
|gen|6
|tier|OU
|rated
|clearpoke
|poke|p1|Lopunny, F, shiny
|poke|p1|Infernape, M
|poke|p1|Gourgeist-*, F
|poke|p1|Ampharos, F, shiny
|poke|p1|Togekiss, F
|poke|p1|Metagross
|poke|p2|Gliscor, M
|poke|p2|Aegislash, M
|poke|p2|Conkeldurr, M
|poke|p2|Ampharos, M
|poke|p2|Tyranitar, M
|poke|p2|Porygon2
|rule|Swagger Clause: Swagger is banned
|rule|Baton Pass Clause: Limit one PokÃ©mon knowing Baton Pass
|rule|Sleep Clause Mod: Limit one foe put to sleep
|rule|Species Clause: Limit one of each PokÃ©mon
|rule|OHKO Clause: OHKO moves are banned
|rule|Moody Clause: Moody is banned
|rule|Evasion Moves Clause: Evasion moves are banned
|rule|Endless Battle Clause: Forcing endless battles is banned
|rule|HP Percentage Mod: HP is reported as percentages
|teampreview
|chat|TheSonichuy|GL
|chat|Plasmi|u2
|
|start
|switch|p1a: Tidas|Infernape, M|293\/293
|switch|p2a: Porygon2|Porygon2|374\/374
|turn|1
|
|switch|p2a: Aegislash|Aegislash, M|324\/324
|move|p1a: Tidas|Fake Out|p2a: Aegislash
|-immune|p2a: Aegislash|[msg]
|
|turn|2
|
|move|p2a: Aegislash|King's Shield|p2a: Aegislash
|-singleturn|p2a: Aegislash|Protect
|move|p1a: Tidas|Stealth Rock|p2a: Aegislash
|-sidestart|p2: TheSonichuy|move: Stealth Rock
|
|turn|3
|chat|TheSonichuy|:0
|
|switch|p2a: Gliscor|Gliscor, M|354\/354
|-damage|p2a: Gliscor|310\/354|[from] Stealth Rock
|move|p1a: Tidas|Overheat|p2a: Gliscor
|-crit|p2a: Gliscor
|-damage|p2a: Gliscor|0 fnt
|-unboost|p1a: Tidas|spa|2
|faint|p2a: Gliscor
|
|chat|Plasmi|surprises everywhere
|chat|TheSonichuy|Critical
|chat|TheSonichuy|GL .-.
|chat|Plasmi|sorry man :<<<
|chat|Plasmi|still, woulda been a 2hko
|
|switch|p2a: Ampharos|Ampharos, M|384\/384
|-damage|p2a: Ampharos|336\/384|[from] Stealth Rock
|turn|4
|chat|Plasmi|even with orb recovery
|chat|Plasmi|damn, m-amp...
|chat|Plasmi|so this is how it feels to face myself
|
|detailschange|p2a: Ampharos|Ampharos-Mega, M
|message|Ampharos has Mega Evolved into Mega Ampharos!
|-ability|p2a: Ampharos|Mold Breaker
|move|p1a: Tidas|Close Combat|p2a: Ampharos
|-damage|p2a: Ampharos|192\/384
|-unboost|p1a: Tidas|def|1
|-unboost|p1a: Tidas|spd|1
|move|p2a: Ampharos|Toxic|p1a: Tidas
|-status|p1a: Tidas|tox
|
|-damage|p1a: Tidas|275\/293 tox|[from] psn
|turn|5
|chat|Plasmi|the bulkkk
|
|switch|p1a: Lailah|Ampharos, F, shiny|384\/384
|move|p2a: Ampharos|Toxic|p1a: Lailah
|-status|p1a: Lailah|tox
|
|-damage|p1a: Lailah|360\/384 tox|[from] psn
|turn|6
|
|switch|p2a: Tyranitar|Tyranitar, M|404\/404
|-damage|p2a: Tyranitar|354\/404|[from] Stealth Rock
|-weather|Sandstorm
|detailschange|p1a: Lailah|Ampharos-Mega, F, shiny
|message|Ampharos has Mega Evolved into Mega Ampharos!
|-ability|p1a: Lailah|Mold Breaker
|move|p1a: Lailah|Dragon Pulse|p2a: Tyranitar
|-damage|p2a: Tyranitar|291\/404
|
|-weather|Sandstorm|[upkeep]
|-damage|p1a: Lailah|336\/384 tox|[from] sandstorm
|-damage|p1a: Lailah|288\/384 tox|[from] psn
|turn|7
|
|switch|p2a: Aegislash|Aegislash, M|324\/324
|-damage|p2a: Aegislash|304\/324|[from] Stealth Rock
|switch|p1a: Tidas|Infernape, M|275\/293 tox
|
|-weather|Sandstorm|[upkeep]
|-damage|p1a: Tidas|257\/293 tox|[from] sandstorm
|-damage|p1a: Tidas|239\/293 tox|[from] psn
|turn|8
|chat|TheSonichuy|Predict x2
|chat|TheSonichuy|:v
|chat|TheSonichuy|:'c
|chat|Plasmi|maybe next time ;>
|
|move|p1a: Tidas|Overheat|p2a: Aegislash
|-supereffective|p2a: Aegislash
|-damage|p2a: Aegislash|20\/324
|-enditem|p2a: Aegislash|Weakness Policy
|-boost|p2a: Aegislash|atk|2|[from] item: Weakness Policy
|-boost|p2a: Aegislash|spa|2|[from] item: Weakness Policy
|-unboost|p1a: Tidas|spa|2
|-formechange|p2a: Aegislash|Aegislash-Blade
|move|p2a: Aegislash|Shadow Ball|p1a: Tidas
|-damage|p1a: Tidas|0 fnt
|faint|p1a: Tidas
|
|-weather|Sandstorm|[upkeep]
|
|switch|p1a: Kokoro|Gourgeist-Super, F|374\/374
|turn|9
|
|move|p1a: Kokoro|Protect|p1a: Kokoro
|-singleturn|p1a: Kokoro|Protect
|-formechange|p2a: Aegislash|Aegislash
|move|p2a: Aegislash|King's Shield|p2a: Aegislash
|-fail|p2a: Aegislash
|
|-weather|Sandstorm|[upkeep]
|-damage|p1a: Kokoro|351\/374|[from] sandstorm
|-heal|p1a: Kokoro|374\/374|[from] item: Leftovers
|turn|10
|
|move|p1a: Kokoro|Shadow Sneak|p2a: Aegislash
|-supereffective|p2a: Aegislash
|-damage|p2a: Aegislash|0 fnt
|faint|p2a: Aegislash
|
|-weather|none
|
|switch|p2a: Conkeldurr|Conkeldurr, M|414\/414
|-damage|p2a: Conkeldurr|389\/414|[from] Stealth Rock
|turn|11
|
|move|p1a: Kokoro|Leech Seed|p2a: Conkeldurr
|-start|p2a: Conkeldurr|move: Leech Seed
|move|p2a: Conkeldurr|Knock Off|p1a: Kokoro
|-supereffective|p1a: Kokoro
|-damage|p1a: Kokoro|218\/374
|-enditem|p1a: Kokoro|Leftovers|[from] move: Knock Off|[of] p2a: Conkeldurr
|
|-damage|p2a: Conkeldurr|338\/414|[from] Leech Seed|[of] p1a: Kokoro
|-heal|p1a: Kokoro|269\/374|[silent]
|turn|12
|
|switch|p2a: Porygon2|Porygon2|374\/374
|-damage|p2a: Porygon2|328\/374|[from] Stealth Rock
|move|p1a: Kokoro|Protect|p1a: Kokoro
|-fail|p1a: Kokoro
|
|turn|13
|
|move|p1a: Kokoro|Protect|p1a: Kokoro
|-singleturn|p1a: Kokoro|Protect
|move|p2a: Porygon2|Ice Beam|p1a: Kokoro
|-activate|p1a: Kokoro|Protect
|
|turn|14
|
|switch|p1a: Cherry|Lopunny, F, shiny|334\/334
|move|p2a: Porygon2|Ice Beam|p1a: Cherry
|-damage|p1a: Cherry|216\/334
|
|turn|15
|
|switch|p2a: Conkeldurr|Conkeldurr, M|338\/414
|-damage|p2a: Conkeldurr|313\/414|[from] Stealth Rock
|move|p1a: Cherry|Thunder Wave|p2a: Conkeldurr
|-status|p2a: Conkeldurr|par
|
|turn|16
|chat|Plasmi|shit
|
|move|p2a: Conkeldurr|Mach Punch|p1a: Cherry
|-supereffective|p1a: Cherry
|-damage|p1a: Cherry|0 fnt
|faint|p1a: Cherry
|
|
|switch|p1a: Hikari|Togekiss, F|373\/373
|turn|17
|
|switch|p2a: Ampharos|Ampharos-Mega, M|192\/384
|-damage|p2a: Ampharos|144\/384|[from] Stealth Rock
|-ability|p2a: Ampharos|Mold Breaker
|move|p1a: Hikari|Air Slash|p2a: Ampharos
|-resisted|p2a: Ampharos
|-damage|p2a: Ampharos|93\/384
|
|turn|18
|
|move|p1a: Hikari|Dazzling Gleam|p2a: Ampharos
|-supereffective|p2a: Ampharos
|-damage|p2a: Ampharos|0 fnt
|faint|p2a: Ampharos
|
|
|switch|p2a: Tyranitar|Tyranitar, M|291\/404
|-damage|p2a: Tyranitar|241\/404|[from] Stealth Rock
|-weather|Sandstorm
|turn|19
|
|switch|p1a: Gurren Lagann|Metagross|302\/302
|move|p2a: Tyranitar|Rock Slide|p1a: Gurren Lagann
|-miss|p2a: Tyranitar|p1a: Gurren Lagann
|
|-weather|Sandstorm|[upkeep]
|turn|20
|
|move|p1a: Gurren Lagann|Meteor Mash|p2a: Tyranitar
|-supereffective|p2a: Tyranitar
|-damage|p2a: Tyranitar|0 fnt
|-boost|p1a: Gurren Lagann|atk|1
|faint|p2a: Tyranitar
|
|-weather|Sandstorm|[upkeep]
|
|switch|p2a: Porygon2|Porygon2|328\/374
|-damage|p2a: Porygon2|282\/374|[from] Stealth Rock
|turn|21
|
|move|p1a: Gurren Lagann|Meteor Mash|p2a: Porygon2
|-damage|p2a: Porygon2|111\/374
|move|p2a: Porygon2|Tri Attack|p1a: Gurren Lagann
|-resisted|p1a: Gurren Lagann
|-damage|p1a: Gurren Lagann|226\/302
|-status|p1a: Gurren Lagann|frz
|
|-weather|Sandstorm|[upkeep]
|-damage|p2a: Porygon2|88\/374|[from] sandstorm
|turn|22
|chat|Plasmi|gahhh
|chat|TheSonichuy|:0
|
|cant|p1a: Gurren Lagann|frz
|move|p2a: Porygon2|Recover|p2a: Porygon2
|-heal|p2a: Porygon2|275\/374
|
|-weather|Sandstorm|[upkeep]
|-damage|p2a: Porygon2|252\/374|[from] sandstorm
|turn|23
|
|cant|p1a: Gurren Lagann|frz
|move|p2a: Porygon2|Tri Attack|p1a: Gurren Lagann
|-resisted|p1a: Gurren Lagann
|-damage|p1a: Gurren Lagann|144\/302 frz
|
|-weather|none
|turn|24
|
|cant|p1a: Gurren Lagann|frz
|move|p2a: Porygon2|Tri Attack|p1a: Gurren Lagann
|-resisted|p1a: Gurren Lagann
|-damage|p1a: Gurren Lagann|60\/302 frz
|
|turn|25
|chat|Plasmi|this
|chat|Plasmi|come on
|
|cant|p1a: Gurren Lagann|frz
|move|p2a: Porygon2|Tri Attack|p1a: Gurren Lagann
|-resisted|p1a: Gurren Lagann
|-damage|p1a: Gurren Lagann|0 fnt
|faint|p1a: Gurren Lagann
|
|chat|Plasmi|well.
|
|switch|p1a: Hikari|Togekiss, F|373\/373
|turn|26
|chat|TheSonichuy|that critical hit
|chat|Plasmi|i dont think that evens out
|
|move|p1a: Hikari|Aura Sphere|p2a: Porygon2
|-supereffective|p2a: Porygon2
|-damage|p2a: Porygon2|158\/374
|move|p2a: Porygon2|Ice Beam|p1a: Hikari
|-supereffective|p1a: Hikari
|-damage|p1a: Hikari|183\/373
|
|-heal|p1a: Hikari|206\/373|[from] item: Leftovers
|turn|27
|chat|Plasmi|4 turns of freeze
|chat|TheSonichuy|:v
|
|move|p1a: Hikari|Air Slash|p2a: Porygon2
|-damage|p2a: Porygon2|89\/374
|cant|p2a: Porygon2|flinch
|
|-heal|p1a: Hikari|229\/373|[from] item: Leftovers
|turn|28
|chat|Plasmi|YES
|
|move|p1a: Hikari|Aura Sphere|p2a: Porygon2
|-supereffective|p2a: Porygon2
|-damage|p2a: Porygon2|0 fnt
|faint|p2a: Porygon2
|
|-heal|p1a: Hikari|252\/373|[from] item: Leftovers
|chat|Plasmi|its a miracle
|chat|TheSonichuy|i dont think that evens out
|
|switch|p2a: Conkeldurr|Conkeldurr, M|313\/414 par
|-damage|p2a: Conkeldurr|288\/414 par|[from] Stealth Rock
|turn|29
|
|move|p1a: Hikari|Air Slash|p2a: Conkeldurr|[miss]
|-miss|p1a: Hikari|p2a: Conkeldurr
|move|p2a: Conkeldurr|Facade|p1a: Hikari
|-damage|p1a: Hikari|0 fnt
|faint|p1a: Hikari
|
|chat|TheSonichuy|xD
|chat|Plasmi|noooooo
|
|switch|p1a: Lailah|Ampharos-Mega, F, shiny|288\/384 tox
|-ability|p1a: Lailah|Mold Breaker
|turn|30
|
|move|p1a: Lailah|Thunderbolt|p2a: Conkeldurr
|-damage|p2a: Conkeldurr|92\/414 par
|move|p2a: Conkeldurr|Drain Punch|p1a: Lailah
|-crit|p1a: Lailah
|-damage|p1a: Lailah|0 fnt
|-heal|p2a: Conkeldurr|236\/414 par|[from] drain|[of] p1a: Lailah
|faint|p1a: Lailah
|
|chat|Plasmi|omg no
|
|switch|p1a: Kokoro|Gourgeist-Super, F|269\/374
|-item|p2a: Conkeldurr|Assault Vest|[from] ability: Frisk|[of] p1a: Kokoro|[identify]
|turn|31
|chat|TheSonichuy|LOOL
|
|move|p1a: Kokoro|Leech Seed|p2a: Conkeldurr
|-start|p2a: Conkeldurr|move: Leech Seed
|move|p2a: Conkeldurr|Knock Off|p1a: Kokoro
|-supereffective|p1a: Kokoro
|-damage|p1a: Kokoro|113\/374
|
|-damage|p2a: Conkeldurr|185\/414 par|[from] Leech Seed|[of] p1a: Kokoro
|-heal|p1a: Kokoro|164\/374|[silent]
|turn|32
|chat|Plasmi|are you guts?
|chat|TheSonichuy|yep
|
|move|p1a: Kokoro|Protect|p1a: Kokoro
|-singleturn|p1a: Kokoro|Protect
|cant|p2a: Conkeldurr|par
|
|-damage|p2a: Conkeldurr|134\/414 par|[from] Leech Seed|[of] p1a: Kokoro
|-heal|p1a: Kokoro|215\/374|[silent]
|turn|33
|chat|Plasmi|alright, kokoro.
|chat|Plasmi|you havent failed me before.
|chat|TheSonichuy|meh, gg
|
|move|p1a: Kokoro|Shadow Sneak|p2a: Conkeldurr
|-damage|p2a: Conkeldurr|85\/414 par
|move|p2a: Conkeldurr|Knock Off|p1a: Kokoro
|-supereffective|p1a: Kokoro
|-damage|p1a: Kokoro|45\/374
|
|-damage|p2a: Conkeldurr|34\/414 par|[from] Leech Seed|[of] p1a: Kokoro
|-heal|p1a: Kokoro|96\/374|[silent]
|turn|34
|chat|Plasmi|>knock of crit
|chat|Plasmi|whew.
|chat|Plasmi|gg man.
|
|move|p1a: Kokoro|Protect|p1a: Kokoro
|-singleturn|p1a: Kokoro|Protect
|move|p2a: Conkeldurr|Knock Off|p1a: Kokoro
|-activate|p1a: Kokoro|Protect
|
|-damage|p2a: Conkeldurr|0 fnt|[from] Leech Seed|[of] p1a: Kokoro
|-heal|p1a: Kokoro|130\/374|[silent]
|faint|p2a: Conkeldurr
|
|win|Plasmi
|raw|Ladder updating...
|raw|Plasmi's rating: 1428 &rarr; <strong>1444<\/strong><br \/>(+16 for winning)
|raw|TheSonichuy's rating: 1371 &rarr; <strong>1355<\/strong><br \/>(-16 for losing)
|leave|Plasmi
|player|p1