|join|Plasmi
|join|smeargleforubers
|player|p1|Plasmi|75
|player|p2|smeargleforubers|101
|gametype|singles
|gen|6
|tier|OU
|rated
|clearpoke
|poke|p1|Froslass, F
|poke|p1|Togetic, F
|poke|p1|Empoleon, F
|poke|p1|Arcanine, M
|poke|p1|Flygon, M
|poke|p1|Shaymin
|poke|p2|Aegislash, F
|poke|p2|Deoxys-Defense
|poke|p2|Bisharp, F
|poke|p2|Thundurus, M
|poke|p2|Charizard, M
|poke|p2|Excadrill, F
|rule|Baton Pass Clause: Limit 3 pokemon knowing Baton Pass
|rule|Sleep Clause Mod: Limit one foe put to sleep
|rule|Species Clause: Limit one of each Pokemon
|rule|OHKO Clause: OHKO moves are banned
|rule|Moody Clause: Moody is banned
|rule|Evasion Moves Clause: Evasion moves are banned
|rule|Endless Battle Clause: Forcing endless battles is banned
|rule|HP Percentage Mod: HP is reported as percentages
|teampreview
|
|start
|switch|p1a: Togame|Froslass, F|282\/282
|switch|p2a: Deoxys-Defense|Deoxys-Defense|304\/304
|-ability|p2a: Deoxys-Defense|Pressure
|turn|1
|
|move|p1a: Togame|Shadow Ball|p2a: Deoxys-Defense
|-supereffective|p2a: Deoxys-Defense
|-damage|p2a: Deoxys-Defense|176\/304
|move|p2a: Deoxys-Defense|Taunt|p1a: Togame
|-start|p1a: Togame|move: Taunt
|
|turn|2
|
|move|p1a: Togame|Shadow Ball|p2a: Deoxys-Defense
|-supereffective|p2a: Deoxys-Defense
|-damage|p2a: Deoxys-Defense|36\/304
|move|p2a: Deoxys-Defense|Thunder Wave|p1a: Togame
|-status|p1a: Togame|par
|
|turn|3
|
|move|p2a: Deoxys-Defense|Stealth Rock|p1a: Togame
|-sidestart|p1: Plasmi|move: Stealth Rock
|move|p1a: Togame|Shadow Ball|p2a: Deoxys-Defense
|-supereffective|p2a: Deoxys-Defense
|-damage|p2a: Deoxys-Defense|0 fnt
|faint|p2a: Deoxys-Defense
|
|
|switch|p2a: Aegislash|Aegislash, F|324\/324
|turn|4
|
|move|p2a: Aegislash|Autotomize|p2a: Aegislash
|-boost|p2a: Aegislash|spe|2
|-start|p2a: Aegislash|Autotomize
|move|p1a: Togame|Shadow Ball|p2a: Aegislash
|-supereffective|p2a: Aegislash
|-damage|p2a: Aegislash|186\/324
|-enditem|p2a: Aegislash|Weakness Policy
|-boost|p2a: Aegislash|atk|2|[from] item: Weakness Policy
|-boost|p2a: Aegislash|spa|2|[from] item: Weakness Policy
|-unboost|p2a: Aegislash|spd|1
|
|-end|p1a: Togame|move: Taunt
|turn|5
|
|-formechange|p2a: Aegislash|Aegislash-Blade
|move|p2a: Aegislash|Shadow Ball|p1a: Togame
|-crit|p1a: Togame
|-supereffective|p1a: Togame
|-enditem|p1a: Togame|Focus Sash
|-damage|p1a: Togame|1\/282 par
|cant|p1a: Togame|par
|
|turn|6
|chat|Plasmi|sigh.
|chat|Plasmi|the parahax hurts.
|
|move|p2a: Aegislash|Shadow Ball|p1a: Togame
|-supereffective|p1a: Togame
|-damage|p1a: Togame|0 fnt
|faint|p1a: Togame
|
|chat|Plasmi|it hurts bad.
|
|switch|p1a: Taco Bell|Flygon, M|302\/302
|-damage|p1a: Taco Bell|284\/302|[from] Stealth Rock
|turn|7
|
|move|p1a: Taco Bell|Earthquake|p2a: Aegislash
|-supereffective|p2a: Aegislash
|-damage|p2a: Aegislash|0 fnt
|faint|p2a: Aegislash
|
|chat|smeargleforubers|its better than a guy i just faced
|
|switch|p2a: Charrmander|Charizard, M|297\/297
|turn|8
|
|switch|p1a: Empress|Empoleon, F|372\/372
|-damage|p1a: Empress|349\/372|[from] Stealth Rock
|move|p2a: Charrmander|Dragon Claw|p1a: Empress
|-resisted|p1a: Empress
|-damage|p1a: Empress|331\/372
|
|-heal|p1a: Empress|354\/372|[from] item: Leftovers
|turn|9
|
|detailschange|p2a: Charrmander|Charizard-Mega-X, M
|message|Charizard has Mega Evolved into Mega Charizard!
|move|p2a: Charrmander|Earthquake|p1a: Empress
|-supereffective|p1a: Empress
|-damage|p1a: Empress|218\/372
|move|p1a: Empress|Defog|p2a: Charrmander
|-unboost|p2a: Charrmander|evasion|1
|-sideend|p1: Plasmi|Stealth Rock|[from] move: Defog|[of] p1a: Empress
|
|-heal|p1a: Empress|241\/372|[from] item: Leftovers
|turn|10
|
|move|p2a: Charrmander|Earthquake|p1a: Empress
|-supereffective|p1a: Empress
|-damage|p1a: Empress|121\/372
|move|p1a: Empress|Stealth Rock|p2a: Charrmander
|-sidestart|p2: smeargleforubers|move: Stealth Rock
|
|-heal|p1a: Empress|144\/372|[from] item: Leftovers
|turn|11
|
|move|p2a: Charrmander|Earthquake|p1a: Empress
|-supereffective|p1a: Empress
|-damage|p1a: Empress|26\/372
|move|p1a: Empress|Scald|p2a: Charrmander
|-damage|p2a: Charrmander|123\/297
|
|-heal|p1a: Empress|49\/372|[from] item: Leftovers
|turn|12
|
|switch|p1a: Taco Bell|Flygon, M|284\/302
|move|p2a: Charrmander|Earthquake|p1a: Taco Bell
|-immune|p1a: Taco Bell|[msg]
|
|turn|13
|
|switch|p2a: Excadrill|Excadrill, F|361\/361
|-damage|p2a: Excadrill|350\/361|[from] Stealth Rock
|-ability|p2a: Excadrill|Mold Breaker
|-item|p2a: Excadrill|Air Balloon
|move|p1a: Taco Bell|Rock Slide|p2a: Excadrill
|-resisted|p2a: Excadrill
|-damage|p2a: Excadrill|318\/361
|-enditem|p2a: Excadrill|Air Balloon
|
|turn|14
|
|switch|p1a: Empress|Empoleon, F|49\/372
|move|p2a: Excadrill|Iron Head|p1a: Empress
|-resisted|p1a: Empress
|-damage|p1a: Empress|22\/372
|
|-heal|p1a: Empress|45\/372|[from] item: Leftovers
|turn|15
|
|move|p2a: Excadrill|Earthquake|p1a: Empress
|-supereffective|p1a: Empress
|-damage|p1a: Empress|0 fnt
|faint|p1a: Empress
|
|
|switch|p1a: Kazu|Arcanine, M|322\/322
|turn|16
|
|move|p1a: Kazu|Flare Blitz|p2a: Excadrill
|-supereffective|p2a: Excadrill
|-damage|p2a: Excadrill|0 fnt
|-damage|p1a: Kazu|217\/322|[from] recoil|[of] p2a: Excadrill
|faint|p2a: Excadrill
|
|
|switch|p2a: Charrmander|Charizard-Mega-X, M|123\/297
|-damage|p2a: Charrmander|49\/297|[from] Stealth Rock
|turn|17
|
|move|p2a: Charrmander|Earthquake|p1a: Kazu
|-supereffective|p1a: Kazu
|-damage|p1a: Kazu|19\/322
|move|p1a: Kazu|Flare Blitz|p2a: Charrmander
|-resisted|p2a: Charrmander
|-damage|p2a: Charrmander|0 fnt
|-damage|p1a: Kazu|3\/322|[from] recoil|[of] p2a: Charrmander
|faint|p2a: Charrmander
|
|chat|Plasmi|fuck youre faster
|
|switch|p2a: Bisharp|Bisharp, F|271\/271
|-damage|p2a: Bisharp|255\/271|[from] Stealth Rock
|turn|18
|
|switch|p1a: Lily|Shaymin|342\/342
|move|p2a: Bisharp|Sucker Punch|p1a: Lily
|-fail|p1a: Lily
|
|turn|19
|
|move|p1a: Lily|Earth Power|p2a: Bisharp
|-supereffective|p2a: Bisharp
|-damage|p2a: Bisharp|0 fnt
|faint|p2a: Bisharp
|
|
|switch|p2a: Thundurus|Thundurus, M|299\/299
|-damage|p2a: Thundurus|225\/299|[from] Stealth Rock
|turn|20
|
|move|p2a: Thundurus|Thunder Wave|p1a: Lily
|-status|p1a: Lily|par
|move|p1a: Lily|Seed Flare|p2a: Thundurus
|-resisted|p2a: Thundurus
|-damage|p2a: Thundurus|117\/299
|
|-heal|p2a: Thundurus|135\/299|[from] item: Leftovers
|turn|21
|
|move|p2a: Thundurus|Nasty Plot|p2a: Thundurus
|-boost|p2a: Thundurus|spa|2
|move|p1a: Lily|Seed Flare|p2a: Thundurus
|-resisted|p2a: Thundurus
|-damage|p2a: Thundurus|27\/299
|
|-heal|p2a: Thundurus|45\/299|[from] item: Leftovers
|turn|22
|
|move|p2a: Thundurus|Hidden Power|p1a: Lily
|-supereffective|p1a: Lily
|-damage|p1a: Lily|80\/342 par
|move|p1a: Lily|Seed Flare|p2a: Thundurus
|-resisted|p2a: Thundurus
|-damage|p2a: Thundurus|0 fnt
|faint|p2a: Thundurus
|
|win|Plasmi
|raw|Ladder updating...
|raw|Plasmi's rating: 1346 &rarr; <strong>1366<\/strong><br \/>(+20 for winning)
|raw|smeargleforubers's rating: 1346 &rarr; <strong>1326<\/strong><br \/>(-20 for losing)
|chat|Plasmi|gg
|chat|smeargleforubers|gg
|leave|smeargleforubers
|player|p2