|join|TheFireRedMan
|join|Plasmi
|player|p1|TheFireRedMan|163
|player|p2|Plasmi|75
|gametype|singles
|gen|6
|tier|OU
|rated
|clearpoke
|poke|p1|Dugtrio, M
|poke|p1|Skarmory, F
|poke|p1|Ninetales, F
|poke|p1|Snorlax, F
|poke|p1|Gyarados, M
|poke|p1|Alakazam, F
|poke|p2|Lopunny, F, shiny
|poke|p2|Gardevoir, F
|poke|p2|Bisharp, M
|poke|p2|Aerodactyl, M
|poke|p2|Gourgeist-*, F
|poke|p2|Talonflame, F
|rule|Swagger Clause: Swagger is banned
|rule|Baton Pass Clause: Limit one PokÃ©mon knowing Baton Pass
|rule|Sleep Clause Mod: Limit one foe put to sleep
|rule|Species Clause: Limit one of each PokÃ©mon
|rule|OHKO Clause: OHKO moves are banned
|rule|Moody Clause: Moody is banned
|rule|Evasion Moves Clause: Evasion moves are banned
|rule|Endless Battle Clause: Forcing endless battles is banned
|rule|HP Percentage Mod: HP is shown in percentages
|teampreview
|
|start
|switch|p1a: Skarmory|Skarmory, F|334\/334
|switch|p2a: Mokou|Talonflame, F|297\/297
|turn|1
|
|move|p2a: Mokou|Fire Blast|p1a: Skarmory
|-supereffective|p1a: Skarmory
|-activate|p1a: Skarmory|Sturdy
|-damage|p1a: Skarmory|1\/334
|move|p1a: Skarmory|Stealth Rock|p2a: Mokou
|-sidestart|p2: Plasmi|move: Stealth Rock
|
|-heal|p1a: Skarmory|21\/334|[from] item: Leftovers
|turn|2
|
|switch|p1a: Snorlax|Snorlax, F|524\/524
|move|p2a: Mokou|Brave Bird|p1a: Snorlax
|-damage|p1a: Snorlax|305\/524
|-damage|p2a: Mokou|225\/297|[from] recoil|[of] p1a: Snorlax
|
|-heal|p1a: Snorlax|337\/524|[from] item: Leftovers
|turn|3
|
|switch|p2a: Remaster|Aerodactyl, M|302\/302
|-damage|p2a: Remaster|227\/302|[from] Stealth Rock
|move|p1a: Snorlax|Body Slam|p2a: Remaster
|-resisted|p2a: Remaster
|-damage|p2a: Remaster|167\/302
|
|-heal|p2a: Remaster|185\/302|[from] item: Leftovers
|-heal|p1a: Snorlax|369\/524|[from] item: Leftovers
|turn|4
|
|move|p2a: Remaster|Defog|p1a: Snorlax
|-unboost|p1a: Snorlax|evasion|1
|-sideend|p2: Plasmi|Stealth Rock|[from] move: Defog|[of] p2a: Remaster
|move|p1a: Snorlax|Body Slam|p2a: Remaster
|-resisted|p2a: Remaster
|-damage|p2a: Remaster|122\/302
|
|-heal|p2a: Remaster|140\/302|[from] item: Leftovers
|-heal|p1a: Snorlax|401\/524|[from] item: Leftovers
|turn|5
|
|move|p2a: Remaster|Stealth Rock|p1a: Snorlax
|-sidestart|p1: TheFireRedMan|move: Stealth Rock
|move|p1a: Snorlax|Curse|p1a: Snorlax
|-boost|p1a: Snorlax|atk|1
|-boost|p1a: Snorlax|def|1
|-unboost|p1a: Snorlax|spe|1
|
|-heal|p2a: Remaster|158\/302|[from] item: Leftovers
|-heal|p1a: Snorlax|433\/524|[from] item: Leftovers
|turn|6
|
|switch|p2a: Mini Kokoro|Gourgeist-Small, F|314\/314
|-item|p1a: Snorlax|Leftovers|[from] ability: Frisk|[of] p2a: Mini Kokoro|[identify]
|move|p1a: Snorlax|Curse|p1a: Snorlax
|-boost|p1a: Snorlax|atk|1
|-boost|p1a: Snorlax|def|1
|-unboost|p1a: Snorlax|spe|1
|
|-heal|p1a: Snorlax|465\/524|[from] item: Leftovers
|turn|7
|
|move|p2a: Mini Kokoro|Substitute|p2a: Mini Kokoro
|-start|p2a: Mini Kokoro|Substitute
|-damage|p2a: Mini Kokoro|236\/314
|move|p1a: Snorlax|Fire Punch|p2a: Mini Kokoro
|-supereffective|p2a: Mini Kokoro
|-end|p2a: Mini Kokoro|Substitute
|
|-heal|p2a: Mini Kokoro|255\/314|[from] item: Leftovers
|-heal|p1a: Snorlax|497\/524|[from] item: Leftovers
|turn|8
|
|move|p2a: Mini Kokoro|Will-O-Wisp|p1a: Snorlax
|-status|p1a: Snorlax|brn
|move|p1a: Snorlax|Fire Punch|p2a: Mini Kokoro
|-supereffective|p2a: Mini Kokoro
|-damage|p2a: Mini Kokoro|129\/314
|
|-heal|p2a: Mini Kokoro|148\/314|[from] item: Leftovers
|-heal|p1a: Snorlax|524\/524 brn|[from] item: Leftovers
|-damage|p1a: Snorlax|459\/524 brn|[from] brn
|turn|9
|
|move|p2a: Mini Kokoro|Leech Seed|p1a: Snorlax
|-start|p1a: Snorlax|move: Leech Seed
|move|p1a: Snorlax|Fire Punch|p2a: Mini Kokoro
|-supereffective|p2a: Mini Kokoro
|-damage|p2a: Mini Kokoro|24\/314
|
|-heal|p2a: Mini Kokoro|43\/314|[from] item: Leftovers
|-heal|p1a: Snorlax|491\/524 brn|[from] item: Leftovers
|-damage|p1a: Snorlax|426\/524 brn|[from] Leech Seed|[of] p2a: Mini Kokoro
|-heal|p2a: Mini Kokoro|108\/314|[silent]
|-damage|p1a: Snorlax|361\/524 brn|[from] brn
|turn|10
|
|switch|p1a: Ninetales|Ninetales, F|288\/288
|-damage|p1a: Ninetales|216\/288|[from] Stealth Rock
|-weather|SunnyDay
|move|p2a: Mini Kokoro|Substitute|p2a: Mini Kokoro
|-start|p2a: Mini Kokoro|Substitute
|-damage|p2a: Mini Kokoro|30\/314
|
|-weather|SunnyDay|[upkeep]
|-heal|p2a: Mini Kokoro|49\/314|[from] item: Leftovers
|turn|11
|
|move|p1a: Ninetales|Flamethrower|p2a: Mini Kokoro
|-crit|p2a: Mini Kokoro
|-supereffective|p2a: Mini Kokoro
|-end|p2a: Mini Kokoro|Substitute
|move|p2a: Mini Kokoro|Leech Seed|p1a: Ninetales
|-start|p1a: Ninetales|move: Leech Seed
|
|-weather|SunnyDay|[upkeep]
|-heal|p2a: Mini Kokoro|68\/314|[from] item: Leftovers
|-damage|p1a: Ninetales|180\/288|[from] Leech Seed|[of] p2a: Mini Kokoro
|-heal|p2a: Mini Kokoro|104\/314|[silent]
|turn|12
|
|switch|p2a: Mokou|Talonflame, F|225\/297
|move|p1a: Ninetales|Flamethrower|p2a: Mokou
|-resisted|p2a: Mokou
|-damage|p2a: Mokou|108\/297
|
|-weather|SunnyDay|[upkeep]
|-damage|p1a: Ninetales|144\/288|[from] Leech Seed|[of] p2a: Mokou
|-heal|p2a: Mokou|144\/297|[silent]
|turn|13
|
|switch|p1a: Skarmory|Skarmory, F|21\/334
|-damage|p1a: Skarmory|0 fnt|[from] Stealth Rock
|faint|p1a: Skarmory
|move|p2a: Mokou|Roost|p2a: Mokou
|-heal|p2a: Mokou|293\/297
|
|-weather|SunnyDay|[upkeep]
|
|switch|p1a: Alakazam|Alakazam, F|252\/252
|turn|14
|
|move|p1a: Alakazam|Charge Beam|p2a: Mokou
|-supereffective|p2a: Mokou
|-damage|p2a: Mokou|109\/297
|-boost|p1a: Alakazam|spa|1
|move|p2a: Mokou|Fire Blast|p1a: Alakazam
|-damage|p1a: Alakazam|57\/252
|
|-weather|none
|turn|15
|
|move|p2a: Mokou|Brave Bird|p1a: Alakazam
|-damage|p1a: Alakazam|0 fnt
|-damage|p2a: Mokou|90\/297|[from] recoil|[of] p1a: Alakazam
|faint|p1a: Alakazam
|
|
|switch|p1a: Dugtrio|Dugtrio, M|212\/212
|-damage|p1a: Dugtrio|199\/212|[from] Stealth Rock
|turn|16
|
|move|p2a: Mokou|Brave Bird|p1a: Dugtrio
|-damage|p1a: Dugtrio|0 fnt
|-damage|p2a: Mokou|24\/297|[from] recoil|[of] p1a: Dugtrio
|faint|p1a: Dugtrio
|
|
|switch|p1a: Gyarados|Gyarados, M|357\/357
|-damage|p1a: Gyarados|268\/357|[from] Stealth Rock
|turn|17
|
|move|p2a: Mokou|Brave Bird|p1a: Gyarados
|-damage|p1a: Gyarados|69\/357
|-damage|p2a: Mokou|0 fnt|[from] recoil|[of] p1a: Gyarados
|faint|p2a: Mokou
|move|p1a: Gyarados|Substitute|p1a: Gyarados
|-fail|p1a: Gyarados|move: Substitute|[weak]
|
|-heal|p1a: Gyarados|91\/357|[from] item: Leftovers
|
|switch|p2a: Cherry|Lopunny, F, shiny|280\/280
|turn|18
|
|detailschange|p2a: Cherry|Lopunny-Mega, F, shiny
|message|Lopunny has Mega Evolved into Mega Lopunny!
|move|p2a: Cherry|Fake Out|p1a: Gyarados
|-damage|p1a: Gyarados|0 fnt
|faint|p1a: Gyarados
|
|
|switch|p1a: Snorlax|Snorlax, F|361\/524 brn
|-damage|p1a: Snorlax|296\/524 brn|[from] Stealth Rock
|turn|19
|
|move|p2a: Cherry|High Jump Kick|p1a: Snorlax
|-supereffective|p1a: Snorlax
|-damage|p1a: Snorlax|0 fnt
|faint|p1a: Snorlax
|
|
|switch|p1a: Ninetales|Ninetales, F|144\/288
|-damage|p1a: Ninetales|72\/288|[from] Stealth Rock
|-weather|SunnyDay
|turn|20
|
|move|p2a: Cherry|Return|p1a: Ninetales
|-damage|p1a: Ninetales|0 fnt
|faint|p1a: Ninetales
|
|win|Plasmi
|raw|Ladder updating...
|raw|TheFireRedMan's rating: 1215 &rarr; <strong>1189<\/strong><br \/>(-26 for losing)
|raw|Plasmi's rating: 1200 &rarr; <strong>1227<\/strong><br \/>(+27 for winning)
|c|âTheFireRedMan|gg
|leave|TheFireRedMan
|player|p1
|c|âPlasmi|gg