|join|Plasmi
|join|elbadaernU
|player|p1|Plasmi|75
|player|p2|elbadaernU|168
|gametype|singles
|gen|6
|tier|OU
|rated
|clearpoke
|poke|p1|Gardevoir, F
|poke|p1|Conkeldurr, M
|poke|p1|Magnezone
|poke|p1|Infernape, M
|poke|p1|Gourgeist-*, F
|poke|p1|Excadrill, M
|poke|p2|Skarmory, M
|poke|p2|Sableye, F
|poke|p2|Tentacruel, F, shiny
|poke|p2|Chesnaught, F, shiny
|poke|p2|Chansey, F
|poke|p2|Heatran, M
|rule|Swagger Clause: Swagger is banned
|rule|Baton Pass Clause: Limit one PokÃ©mon knowing Baton Pass
|rule|Sleep Clause Mod: Limit one foe put to sleep
|rule|Species Clause: Limit one of each PokÃ©mon
|rule|OHKO Clause: OHKO moves are banned
|rule|Moody Clause: Moody is banned
|rule|Evasion Moves Clause: Evasion moves are banned
|rule|Endless Battle Clause: Forcing endless battles is banned
|rule|HP Percentage Mod: HP is shown in percentages
|teampreview
|
|start
|switch|p1a: Eve|Gardevoir, F|340\/340
|switch|p2a: Heatran|Heatran, M|383\/383
|-ability|p1a: Eve|Flash Fire|[from] ability: Trace|[of] p2a: Heatran
|turn|1
|
|detailschange|p1a: Eve|Gardevoir-Mega, F
|message|Gardevoir has Mega Evolved into Mega Gardevoir!
|move|p1a: Eve|Calm Mind|p1a: Eve
|-boost|p1a: Eve|spa|1
|-boost|p1a: Eve|spd|1
|move|p2a: Heatran|Lava Plume|p1a: Eve
|-damage|p1a: Eve|277\/340
|
|turn|2
|
|move|p1a: Eve|Calm Mind|p1a: Eve
|-boost|p1a: Eve|spa|1
|-boost|p1a: Eve|spd|1
|move|p2a: Heatran|Toxic|p1a: Eve
|-status|p1a: Eve|tox
|
|-damage|p1a: Eve|256\/340 tox|[from] psn
|turn|3
|
|move|p1a: Eve|Calm Mind|p1a: Eve
|-boost|p1a: Eve|spa|1
|-boost|p1a: Eve|spd|1
|move|p2a: Heatran|Stealth Rock|p1a: Eve
|-sidestart|p1: Plasmi|move: Stealth Rock
|
|-damage|p1a: Eve|214\/340 tox|[from] psn
|turn|4
|
|move|p1a: Eve|Calm Mind|p1a: Eve
|-boost|p1a: Eve|spa|1
|-boost|p1a: Eve|spd|1
|move|p2a: Heatran|Lava Plume|p1a: Eve
|-damage|p1a: Eve|181\/340 tox
|
|-damage|p1a: Eve|118\/340 tox|[from] psn
|turn|5
|
|move|p2a: Heatran|Protect|p2a: Heatran
|-singleturn|p2a: Heatran|Protect
|move|p1a: Eve|Rest|p1a: Eve
|-status|p1a: Eve|slp
|-heal|p1a: Eve|340\/340 slp|[silent]
|-status|p1a: Eve|slp|[from] move: Rest
|
|turn|6
|
|switch|p2a: Skarmory|Skarmory, M|334\/334
|cant|p1a: Eve|slp
|move|p1a: Eve|Snore|p2a: Skarmory
|-resisted|p2a: Skarmory
|-damage|p2a: Skarmory|106\/334
|
|turn|7
|
|switch|p2a: Chansey|Chansey, F|703\/703
|cant|p1a: Eve|slp
|move|p1a: Eve|Snore|p2a: Chansey
|-damage|p2a: Chansey|484\/703
|
|turn|8
|
|-curestatus|p1a: Eve|slp
|move|p1a: Eve|Calm Mind|p1a: Eve
|-boost|p1a: Eve|spa|1
|-boost|p1a: Eve|spd|1
|move|p2a: Chansey|Soft-Boiled|p2a: Chansey
|-heal|p2a: Chansey|703\/703
|
|turn|9
|
|move|p1a: Eve|Calm Mind|p1a: Eve
|-boost|p1a: Eve|spa|1
|-boost|p1a: Eve|spd|1
|move|p2a: Chansey|Wish|p2a: Chansey
|
|turn|10
|
|move|p1a: Eve|Hyper Voice|p2a: Chansey
|-damage|p2a: Chansey|121\/703
|move|p2a: Chansey|Seismic Toss|p1a: Eve
|-damage|p1a: Eve|240\/340
|
|-heal|p2a: Chansey|472\/703|[from] move: Wish|[wisher] Chansey
|turn|11
|
|move|p1a: Eve|Hyper Voice|p2a: Chansey
|-damage|p2a: Chansey|0 fnt
|faint|p2a: Chansey
|
|
|switch|p2a: Heatran|Heatran, M|383\/383
|turn|12
|
|move|p1a: Eve|Hyper Voice|p2a: Heatran
|-resisted|p2a: Heatran
|-damage|p2a: Heatran|227\/383
|move|p2a: Heatran|Lava Plume|p1a: Eve
|-damage|p1a: Eve|218\/340
|-status|p1a: Eve|brn
|
|-heal|p2a: Heatran|250\/383|[from] item: Leftovers
|-damage|p1a: Eve|176\/340 brn|[from] brn
|turn|13
|
|move|p1a: Eve|Rest|p1a: Eve
|-status|p1a: Eve|slp
|-heal|p1a: Eve|340\/340 slp|[silent]
|-status|p1a: Eve|slp|[from] move: Rest
|move|p2a: Heatran|Lava Plume|p1a: Eve
|-damage|p1a: Eve|318\/340 slp
|
|-heal|p2a: Heatran|273\/383|[from] item: Leftovers
|turn|14
|
|move|p2a: Heatran|Protect|p2a: Heatran
|-singleturn|p2a: Heatran|Protect
|cant|p1a: Eve|slp
|move|p1a: Eve|Snore|p2a: Heatran
|-activate|p2a: Heatran|Protect
|
|-heal|p2a: Heatran|296\/383|[from] item: Leftovers
|turn|15
|
|cant|p1a: Eve|slp
|move|p1a: Eve|Snore|p2a: Heatran
|-resisted|p2a: Heatran
|-damage|p2a: Heatran|215\/383
|move|p2a: Heatran|Lava Plume|p1a: Eve
|-damage|p1a: Eve|293\/340 slp
|
|-heal|p2a: Heatran|238\/383|[from] item: Leftovers
|turn|16
|
|move|p2a: Heatran|Protect|p2a: Heatran
|-singleturn|p2a: Heatran|Protect
|-curestatus|p1a: Eve|slp
|move|p1a: Eve|Hyper Voice|p2a: Heatran
|-activate|p2a: Heatran|Protect
|
|-heal|p2a: Heatran|261\/383|[from] item: Leftovers
|turn|17
|
|move|p1a: Eve|Hyper Voice|p2a: Heatran
|-resisted|p2a: Heatran
|-damage|p2a: Heatran|121\/383
|move|p2a: Heatran|Toxic|p1a: Eve
|-status|p1a: Eve|tox
|
|-heal|p2a: Heatran|144\/383|[from] item: Leftovers
|-damage|p1a: Eve|272\/340 tox|[from] psn
|turn|18
|
|move|p1a: Eve|Rest|p1a: Eve
|-status|p1a: Eve|slp
|-heal|p1a: Eve|340\/340 slp|[silent]
|-status|p1a: Eve|slp|[from] move: Rest
|move|p2a: Heatran|Lava Plume|p1a: Eve
|-damage|p1a: Eve|316\/340 slp
|
|-heal|p2a: Heatran|167\/383|[from] item: Leftovers
|turn|19
|-message|elbadaernU forfeited.
|
|win|Plasmi
|raw|Ladder updating...
|leave|elbadaernU
|player|p2
|raw|Plasmi's rating: 1399 &rarr; <strong>1423<\/strong><br \/>(+24 for winning)
|raw|elbadaernU's rating: 1473 &rarr; <strong>1449<\/strong><br \/>(-24 for losing)