|join|Plasmi
|join|russejm0
|player|p1|Plasmi|75
|player|p2|russejm0|168
|gametype|singles
|gen|6
|tier|OU
|rated
|clearpoke
|poke|p1|Froslass, F
|poke|p1|Togetic, F
|poke|p1|Empoleon, F
|poke|p1|Arcanine, M
|poke|p1|Flygon, M
|poke|p1|Shaymin
|poke|p2|Deoxys-Defense
|poke|p2|Bisharp, F
|poke|p2|Aegislash, M
|poke|p2|Charizard, F
|poke|p2|Landorus, M
|poke|p2|Thundurus, M
|rule|Baton Pass Clause: Limit 3 pokemon knowing Baton Pass
|rule|Sleep Clause Mod: Limit one foe put to sleep
|rule|Species Clause: Limit one of each Pokemon
|rule|OHKO Clause: OHKO moves are banned
|rule|Moody Clause: Moody is banned
|rule|Evasion Moves Clause: Evasion moves are banned
|rule|Endless Battle Clause: Forcing endless battles is banned
|rule|HP Percentage Mod: HP is reported as percentages
|teampreview
|
|start
|switch|p1a: Togame|Froslass, F|282\/282
|switch|p2a: Deoxys-Defense|Deoxys-Defense|304\/304
|-ability|p2a: Deoxys-Defense|Pressure
|turn|1
|
|move|p2a: Deoxys-Defense|Magic Coat|p2a: Deoxys-Defense
|-singleturn|p2a: Deoxys-Defense|move: Magic Coat
|move|p1a: Togame|Taunt|p2a: Deoxys-Defense
|move|p2a: Deoxys-Defense|Taunt|p1a: Togame|[from]Magic Coat
|-start|p1a: Togame|move: Taunt
|
|turn|2
|
|move|p1a: Togame|Shadow Ball|p2a: Deoxys-Defense
|-supereffective|p2a: Deoxys-Defense
|-damage|p2a: Deoxys-Defense|158\/304
|move|p2a: Deoxys-Defense|Stealth Rock|p1a: Togame
|-sidestart|p1: Plasmi|move: Stealth Rock
|
|turn|3
|
|move|p1a: Togame|Shadow Ball|p2a: Deoxys-Defense
|-crit|p2a: Deoxys-Defense
|-supereffective|p2a: Deoxys-Defense
|-damage|p2a: Deoxys-Defense|0 fnt
|faint|p2a: Deoxys-Defense
|
|chat|Plasmi|lol yay
|
|switch|p2a: Bisharp|Bisharp, F|334\/334
|turn|4
|
|switch|p1a: Empress|Empoleon, F|372\/372
|-damage|p1a: Empress|349\/372|[from] Stealth Rock
|move|p2a: Bisharp|Sucker Punch|p1a: Empress
|-fail|p1a: Empress
|
|-heal|p1a: Empress|372\/372|[from] item: Leftovers
|turn|5
|
|move|p2a: Bisharp|Substitute|p2a: Bisharp
|-start|p2a: Bisharp|Substitute
|-damage|p2a: Bisharp|251\/334
|move|p1a: Empress|Defog|p2a: Bisharp
|-sideend|p1: Plasmi|Stealth Rock|[from] move: Defog|[of] p1a: Empress
|
|-heal|p2a: Bisharp|271\/334|[from] item: Leftovers
|turn|6
|
|move|p2a: Bisharp|Knock Off|p1a: Empress
|-damage|p1a: Empress|215\/372
|-enditem|p1a: Empress|Leftovers|[from] move: Knock Off|[of] p2a: Bisharp
|move|p1a: Empress|Scald|p2a: Bisharp
|-end|p2a: Bisharp|Substitute
|
|-heal|p2a: Bisharp|291\/334|[from] item: Leftovers
|turn|7
|
|move|p2a: Bisharp|Knock Off|p1a: Empress
|-damage|p1a: Empress|121\/372
|move|p1a: Empress|Stealth Rock|p2a: Bisharp
|-sidestart|p2: russejm0|move: Stealth Rock
|
|-heal|p2a: Bisharp|311\/334|[from] item: Leftovers
|turn|8
|
|move|p2a: Bisharp|Sucker Punch|p1a: Empress
|-damage|p1a: Empress|7\/372
|move|p1a: Empress|Scald|p2a: Bisharp
|-damage|p2a: Bisharp|89\/334
|
|-heal|p2a: Bisharp|109\/334|[from] item: Leftovers
|turn|9
|
|move|p2a: Bisharp|Knock Off|p1a: Empress
|-damage|p1a: Empress|0 fnt
|faint|p1a: Empress
|
|-heal|p2a: Bisharp|129\/334|[from] item: Leftovers
|
|switch|p1a: Young Hikari|Togetic, F|314\/314
|turn|10
|
|move|p2a: Bisharp|Iron Head|p1a: Young Hikari
|-supereffective|p1a: Young Hikari
|-damage|p1a: Young Hikari|62\/314
|cant|p1a: Young Hikari|flinch
|
|-heal|p2a: Bisharp|149\/334|[from] item: Leftovers
|turn|11
|chat|Plasmi|GOD
|chat|Plasmi|DAMN IT
|
|move|p2a: Bisharp|Knock Off|p1a: Young Hikari
|-resisted|p1a: Young Hikari
|-damage|p1a: Young Hikari|0 fnt
|faint|p1a: Young Hikari
|
|-heal|p2a: Bisharp|169\/334|[from] item: Leftovers
|chat|Plasmi|that flicnh
|
|switch|p1a: Taco Bell|Flygon, M|302\/302
|turn|12
|
|move|p2a: Bisharp|Sucker Punch|p1a: Taco Bell
|-damage|p1a: Taco Bell|112\/302
|move|p1a: Taco Bell|Earthquake|p2a: Bisharp
|-supereffective|p2a: Bisharp
|-damage|p2a: Bisharp|0 fnt
|faint|p2a: Bisharp
|
|chat|Plasmi|ugh that sucks
|
|switch|p2a: Landorus|Landorus, M|320\/320
|-damage|p2a: Landorus|280\/320|[from] Stealth Rock
|turn|13
|
|switch|p1a: Togame|Froslass, F|282\/282
|move|p2a: Landorus|Calm Mind|p2a: Landorus
|-boost|p2a: Landorus|spa|1
|-boost|p2a: Landorus|spd|1
|
|turn|14
|
|move|p1a: Togame|Ice Beam|p2a: Landorus
|-supereffective|p2a: Landorus
|-damage|p2a: Landorus|0 fnt
|faint|p2a: Landorus
|
|
|switch|p2a: Aegislash|Aegislash, M|261\/261
|-damage|p2a: Aegislash|245\/261|[from] Stealth Rock
|turn|15
|
|move|p1a: Togame|Shadow Ball|p2a: Aegislash
|-supereffective|p2a: Aegislash
|-damage|p2a: Aegislash|111\/261
|-formechange|p2a: Aegislash|Aegislash-Blade
|move|p2a: Aegislash|Shadow Ball|p1a: Togame
|-supereffective|p1a: Togame
|-enditem|p1a: Togame|Focus Sash
|-damage|p1a: Togame|1\/282
|-damage|p2a: Aegislash|85\/261|[from] item: Life Orb
|
|turn|16
|
|move|p2a: Aegislash|Shadow Sneak|p1a: Togame
|-supereffective|p1a: Togame
|-damage|p1a: Togame|0 fnt
|-damage|p2a: Aegislash|59\/261|[from] item: Life Orb
|faint|p1a: Togame
|
|
|switch|p1a: Lily|Shaymin|342\/342
|turn|17
|
|move|p1a: Lily|Hidden Power|p2a: Aegislash
|-supereffective|p2a: Aegislash
|-damage|p2a: Aegislash|0 fnt
|faint|p2a: Aegislash
|
|
|switch|p2a: Charizard|Charizard, F|298\/298
|-damage|p2a: Charizard|149\/298|[from] Stealth Rock
|turn|18
|
|detailschange|p2a: Charizard|Charizard-Mega-X, F
|message|Charizard has Mega Evolved into Mega Charizard!
|move|p1a: Lily|Air Slash|p2a: Charizard
|-damage|p2a: Charizard|61\/298
|move|p2a: Charizard|Roost|p2a: Charizard
|-heal|p2a: Charizard|210\/298
|
|turn|19
|
|move|p1a: Lily|Earth Power|p2a: Charizard
|-supereffective|p2a: Charizard
|-damage|p2a: Charizard|0 fnt
|faint|p2a: Charizard
|
|
|switch|p2a: Thundurus|Thundurus, M|300\/300
|-damage|p2a: Thundurus|225\/300|[from] Stealth Rock
|turn|20
|chat|Plasmi|expert belt shaymin is not to be underestimated
|
|move|p2a: Thundurus|Hidden Power|p1a: Lily
|-supereffective|p1a: Lily
|-damage|p1a: Lily|144\/342
|-damage|p2a: Thundurus|195\/300|[from] item: Life Orb
|move|p1a: Lily|Seed Flare|p2a: Thundurus
|-resisted|p2a: Thundurus
|-damage|p2a: Thundurus|87\/300
|-unboost|p2a: Thundurus|spd|2
|
|turn|21
|
|move|p2a: Thundurus|Hidden Power|p1a: Lily
|-supereffective|p1a: Lily
|-damage|p1a: Lily|0 fnt
|-damage|p2a: Thundurus|57\/300|[from] item: Life Orb
|faint|p1a: Lily
|
|
|switch|p1a: Taco Bell|Flygon, M|112\/302
|turn|22
|chat|Plasmi|gg
|
|move|p1a: Taco Bell|Rock Slide|p2a: Thundurus
|-supereffective|p2a: Thundurus
|-damage|p2a: Thundurus|0 fnt
|faint|p2a: Thundurus
|
|win|Plasmi
|raw|Ladder updating...
|raw|Plasmi's rating: 1330 &rarr; <strong>1353<\/strong><br \/>(+23 for winning)
|raw|russejm0's rating: 1368 &rarr; <strong>1346<\/strong><br \/>(-22 for losing)
|leave|russejm0
|player|p2