|join|Plasmi
|join|queefs
|player|p1|Plasmi|75
|player|p2|queefs|203
|gametype|singles
|gen|6
|tier|OU
|rated
|clearpoke
|poke|p1|Mawile, F
|poke|p1|Togekiss, F
|poke|p1|Lopunny, F, shiny
|poke|p1|Infernape, M
|poke|p1|Gourgeist-*, F
|poke|p1|Jolteon, F
|poke|p2|Dragonite, F, shiny
|poke|p2|Mamoswine, M
|poke|p2|Starmie, shiny
|poke|p2|Scizor, F
|poke|p2|Gengar, M, shiny
|poke|p2|Skarmory, M, shiny
|rule|Sleep Clause Mod: Limit one foe put to sleep
|rule|Species Clause: Limit one of each Pokemon
|rule|OHKO Clause: OHKO moves are banned
|rule|Moody Clause: Moody is banned
|rule|Evasion Moves Clause: Evasion moves are banned
|rule|Endless Battle Clause: Forcing endless battles is banned.
|rule|HP Percentage Mod: HP is reported as percentages
|teampreview
|
|start
|switch|p1a: Tidas|Infernape, M|293\/293
|switch|p2a: Skarmory|Skarmory, M, shiny|327\/327
|turn|1
|
|move|p1a: Tidas|Fake Out|p2a: Skarmory
|-resisted|p2a: Skarmory
|-damage|p2a: Skarmory|317\/327
|-damage|p1a: Tidas|245\/293|[from] item: Rocky Helmet|[of] p2a: Skarmory
|cant|p2a: Skarmory|flinch
|
|turn|2
|
|switch|p2a: Starmie|Starmie, shiny|262\/262
|move|p1a: Tidas|Overheat|p2a: Starmie
|-resisted|p2a: Starmie
|-damage|p2a: Starmie|157\/262
|-unboost|p1a: Tidas|spa|2
|
|turn|3
|
|switch|p1a: Nue|Jolteon, F|272\/272
|move|p2a: Starmie|Thunder Wave|p1a: Nue
|-immune|p1a: Nue|[msg]
|
|turn|4
|
|switch|p1a: Tidas|Infernape, M|245\/293
|switch|p2a: Mamoswine|Mamoswine, M|361\/361
|
|turn|5
|
|switch|p2a: Skarmory|Skarmory, M, shiny|317\/327
|move|p1a: Tidas|Fake Out|p2a: Skarmory
|-resisted|p2a: Skarmory
|-damage|p2a: Skarmory|308\/327
|-damage|p1a: Tidas|197\/293|[from] item: Rocky Helmet|[of] p2a: Skarmory
|
|turn|6
|
|move|p1a: Tidas|Overheat|p2a: Skarmory
|-supereffective|p2a: Skarmory
|-damage|p2a: Skarmory|0 fnt
|-unboost|p1a: Tidas|spa|2
|faint|p2a: Skarmory
|
|
|switch|p2a: Dragonite|Dragonite, F, shiny|324\/324
|turn|7
|
|move|p1a: Tidas|Stealth Rock|p2a: Dragonite
|-sidestart|p2: queefs|move: Stealth Rock
|move|p2a: Dragonite|Dragon Dance|p2a: Dragonite
|-boost|p2a: Dragonite|atk|1
|-boost|p2a: Dragonite|spe|1
|
|turn|8
|
|switch|p1a: Kokoro|Gourgeist-Super, F|374\/374
|-item|p2a: Dragonite|Lum Berry|[from] ability: Frisk|[of] p1a: Kokoro|[identify]
|move|p2a: Dragonite|Dragon Dance|p2a: Dragonite
|-boost|p2a: Dragonite|atk|1
|-boost|p2a: Dragonite|spe|1
|
|turn|9
|
|move|p2a: Dragonite|Fire Punch|p1a: Kokoro
|-supereffective|p1a: Kokoro
|-damage|p1a: Kokoro|144\/374
|move|p1a: Kokoro|Leech Seed|p2a: Dragonite
|-start|p2a: Dragonite|move: Leech Seed
|
|-heal|p1a: Kokoro|167\/374|[from] item: Leftovers
|-damage|p2a: Dragonite|284\/324|[from] Leech Seed|[of] p1a: Kokoro
|-heal|p1a: Kokoro|207\/374|[silent]
|turn|10
|
|move|p1a: Kokoro|Protect|p1a: Kokoro
|-singleturn|p1a: Kokoro|Protect
|move|p2a: Dragonite|Fire Punch|p1a: Kokoro
|-activate|p1a: Kokoro|Protect
|
|-heal|p1a: Kokoro|230\/374|[from] item: Leftovers
|-damage|p2a: Dragonite|244\/324|[from] Leech Seed|[of] p1a: Kokoro
|-heal|p1a: Kokoro|270\/374|[silent]
|turn|11
|
|move|p2a: Dragonite|Dragon Dance|p2a: Dragonite
|-boost|p2a: Dragonite|atk|1
|-boost|p2a: Dragonite|spe|1
|move|p1a: Kokoro|Will-O-Wisp|p2a: Dragonite
|-status|p2a: Dragonite|brn
|-enditem|p2a: Dragonite|Lum Berry|[eat]
|-curestatus|p2a: Dragonite|brn
|
|-heal|p1a: Kokoro|293\/374|[from] item: Leftovers
|-damage|p2a: Dragonite|204\/324|[from] Leech Seed|[of] p1a: Kokoro
|-heal|p1a: Kokoro|333\/374|[silent]
|turn|12
|
|move|p2a: Dragonite|Fire Punch|p1a: Kokoro
|-supereffective|p1a: Kokoro
|-damage|p1a: Kokoro|0 fnt
|faint|p1a: Kokoro
|
|
|switch|p1a: Cherry|Lopunny, F, shiny|334\/334
|turn|13
|
|move|p2a: Dragonite|Dragon Claw|p1a: Cherry
|-enditem|p1a: Cherry|Focus Sash
|-damage|p1a: Cherry|1\/334
|move|p1a: Cherry|Thunder Wave|p2a: Dragonite
|-status|p2a: Dragonite|par
|
|-damage|p2a: Dragonite|164\/324 par|[from] Leech Seed|[of] p1a: Cherry
|-heal|p1a: Cherry|41\/334|[silent]
|turn|14
|
|switch|p1a: Rose|Mawile, F|284\/284
|-ability|p1a: Rose|Intimidate|[of] p2a: Dragonite
|-unboost|p2a: Dragonite|atk|1
|move|p2a: Dragonite|Extreme Speed|p1a: Rose
|-resisted|p1a: Rose
|-damage|p1a: Rose|158\/284
|
|-damage|p2a: Dragonite|124\/324 par|[from] Leech Seed|[of] p1a: Rose
|-heal|p1a: Rose|198\/284|[silent]
|turn|15
|
|detailschange|p1a: Rose|Mawile-Mega, F
|message|Mawile has Mega Evolved into Mega Mawile!
|move|p2a: Dragonite|Extreme Speed|p1a: Rose
|-resisted|p1a: Rose
|-damage|p1a: Rose|106\/284
|move|p1a: Rose|Play Rough|p2a: Dragonite
|-supereffective|p2a: Dragonite
|-damage|p2a: Dragonite|0 fnt
|faint|p2a: Dragonite
|
|
|switch|p2a: Gengar|Gengar, M, shiny|262\/262
|-damage|p2a: Gengar|230\/262|[from] Stealth Rock
|turn|16
|
|switch|p1a: Tidas|Infernape, M|197\/293
|move|p2a: Gengar|Destiny Bond|p2a: Gengar
|-singlemove|p2a: Gengar|Destiny Bond
|
|turn|17
|
|move|p2a: Gengar|Shadow Ball|p1a: Tidas
|-damage|p1a: Tidas|0 fnt
|faint|p1a: Tidas
|
|
|switch|p1a: Nue|Jolteon, F|272\/272
|turn|18
|
|switch|p2a: Mamoswine|Mamoswine, M|361\/361
|-damage|p2a: Mamoswine|316\/361|[from] Stealth Rock
|move|p1a: Nue|Shadow Ball|p2a: Mamoswine
|-damage|p2a: Mamoswine|190\/361
|-damage|p1a: Nue|245\/272|[from] item: Life Orb
|
|turn|19
|
|switch|p1a: Hikari|Togekiss, F|312\/312
|move|p2a: Mamoswine|Ice Shard|p1a: Hikari
|-supereffective|p1a: Hikari
|-damage|p1a: Hikari|154\/312
|
|turn|20
|
|move|p2a: Mamoswine|Ice Shard|p1a: Hikari
|-supereffective|p1a: Hikari
|-damage|p1a: Hikari|8\/312
|move|p1a: Hikari|Flamethrower|p2a: Mamoswine
|-supereffective|p2a: Mamoswine
|-damage|p2a: Mamoswine|8\/361
|
|turn|21
|chat|Plasmi|damn it
|chat|Plasmi|shoulda gone for air slash
|
|move|p2a: Mamoswine|Ice Shard|p1a: Hikari
|-supereffective|p1a: Hikari
|-damage|p1a: Hikari|0 fnt
|faint|p1a: Hikari
|
|
|switch|p1a: Rose|Mawile-Mega, F|106\/284
|turn|22
|
|move|p2a: Mamoswine|Ice Shard|p1a: Rose
|-resisted|p1a: Rose
|-damage|p1a: Rose|79\/284
|move|p1a: Rose|Play Rough|p2a: Mamoswine
|-damage|p2a: Mamoswine|0 fnt
|faint|p2a: Mamoswine
|
|
|switch|p2a: Gengar|Gengar, M, shiny|230\/262
|-damage|p2a: Gengar|198\/262|[from] Stealth Rock
|turn|23
|
|switch|p1a: Nue|Jolteon, F|245\/272
|move|p2a: Gengar|Destiny Bond|p2a: Gengar
|-singlemove|p2a: Gengar|Destiny Bond
|
|turn|24
|
|move|p1a: Nue|Shadow Ball|p2a: Gengar
|-supereffective|p2a: Gengar
|-damage|p2a: Gengar|0 fnt
|-damage|p1a: Nue|218\/272|[from] item: Life Orb
|faint|p2a: Gengar
|-activate|p2a: Gengar|Destiny Bond
|faint|p1a: Nue
|
|
|switch|p2a: Starmie|Starmie, shiny|157\/262
|-damage|p2a: Starmie|125\/262|[from] Stealth Rock
|switch|p1a: Cherry|Lopunny, F, shiny|41\/334
|turn|25
|
|move|p2a: Starmie|Scald|p1a: Cherry
|-damage|p1a: Cherry|0 fnt
|-damage|p2a: Starmie|99\/262|[from] item: Life Orb
|faint|p1a: Cherry
|
|
|switch|p1a: Rose|Mawile-Mega, F|79\/284
|turn|26
|chat|Plasmi|damn..
|
|move|p1a: Rose|Sucker Punch|p2a: Starmie
|-fail|p2a: Starmie
|move|p2a: Starmie|Thunder Wave|p1a: Rose
|-status|p1a: Rose|par
|
|turn|27
|
|move|p1a: Rose|Sucker Punch|p2a: Starmie
|-supereffective|p2a: Starmie
|-damage|p2a: Starmie|0 fnt
|faint|p2a: Starmie
|
|
|switch|p2a: Scizor|Scizor, F|344\/344
|-damage|p2a: Scizor|301\/344|[from] Stealth Rock
|turn|28
|
|detailschange|p2a: Scizor|Scizor-Mega, F
|message|Scizor has Mega Evolved into Mega Scizor!
|move|p2a: Scizor|Brick Break|p1a: Rose
|-damage|p1a: Rose|5\/284 par
|move|p1a: Rose|Fire Fang|p2a: Scizor
|-supereffective|p2a: Scizor
|-damage|p2a: Scizor|0 fnt
|faint|p2a: Scizor
|
|win|Plasmi
|raw|Ladder updating...
|raw|Plasmi's rating: 1564 &rarr; <strong>1583<\/strong><br \/>(+19 for winning)
|raw|queefs's rating: 1537 &rarr; <strong>1519<\/strong><br \/>(-18 for losing)
|chat|Plasmi|HOLY SHIT
|chat|queefs|fuck off
|leave|queefs
|player|p2