|join|Plasmi
|join|Roystopror
|player|p1|Plasmi|75
|player|p2|Roystopror|80
|gametype|singles
|gen|6
|tier|OU
|rated
|clearpoke
|poke|p1|Lopunny, F, shiny
|poke|p1|Magnezone, shiny
|poke|p1|Latias, F
|poke|p1|Diancie
|poke|p1|Ferrothorn, M
|poke|p1|Gyarados, M
|poke|p2|Latios, M, shiny
|poke|p2|Heatran, F
|poke|p2|Azumarill, M, shiny
|poke|p2|Diggersby, M, shiny
|poke|p2|Rotom-Wash, shiny
|poke|p2|Gallade, M
|rule|Swagger Clause: Swagger is banned
|rule|Baton Pass Clause: Limit one PokÃ©mon knowing Baton Pass
|rule|Sleep Clause Mod: Limit one foe put to sleep
|rule|Species Clause: Limit one of each PokÃ©mon
|rule|OHKO Clause: OHKO moves are banned
|rule|Moody Clause: Moody is banned
|rule|Evasion Moves Clause: Evasion moves are banned
|rule|Endless Battle Clause: Forcing endless battles is banned
|rule|HP Percentage Mod: HP is shown in percentages
|teampreview
|
|start
|switch|p1a: Shrimp|Gyarados, M|393\/393
|switch|p2a: Gallade|Gallade, M|277\/277
|-ability|p1a: Shrimp|Intimidate|[of] p2a: Gallade
|-unboost|p2a: Gallade|atk|1
|turn|1
|
|detailschange|p2a: Gallade|Gallade-Mega, M
|-mega|p2a: Gallade|Gallade|Galladite
|move|p2a: Gallade|Swords Dance|p2a: Gallade
|-boost|p2a: Gallade|atk|2
|move|p1a: Shrimp|Waterfall|p2a: Gallade
|-damage|p2a: Gallade|154\/277
|
|turn|2
|
|switch|p1a: Sex Toy|Ferrothorn, M|352\/352
|move|p2a: Gallade|Psycho Cut|p1a: Sex Toy
|-resisted|p1a: Sex Toy
|-damage|p1a: Sex Toy|287\/352
|
|turn|3
|
|switch|p1a: Shrimp|Gyarados, M|393\/393
|-ability|p1a: Shrimp|Intimidate|[of] p2a: Gallade
|-unboost|p2a: Gallade|atk|1
|move|p2a: Gallade|Knock Off|p1a: Shrimp
|-damage|p1a: Shrimp|270\/393
|-enditem|p1a: Shrimp|Leftovers|[from] move: Knock Off|[of] p2a: Gallade
|
|turn|4
|
|switch|p2a: Rotom-Wash|Rotom-Wash, shiny|303\/303
|move|p1a: Shrimp|Waterfall|p2a: Rotom-Wash
|-resisted|p2a: Rotom-Wash
|-damage|p2a: Rotom-Wash|248\/303
|
|turn|5
|
|switch|p1a: RADIO|Magnezone, shiny|323\/323
|move|p2a: Rotom-Wash|Will-O-Wisp|p1a: RADIO
|-status|p1a: RADIO|brn
|
|-damage|p1a: RADIO|283\/323 brn|[from] brn
|turn|6
|
|switch|p2a: Diggersby|Diggersby, M, shiny|311\/311
|move|p1a: RADIO|Flash Cannon|p2a: Diggersby
|-damage|p2a: Diggersby|29\/311
|
|-damage|p1a: RADIO|243\/323 brn|[from] brn
|turn|7
|
|switch|p2a: Heatran|Heatran, F|386\/386
|switch|p1a: Lazuli|Latias, F|331\/331
|
|turn|8
|
|switch|p1a: Shrimp|Gyarados, M|270\/393
|-ability|p1a: Shrimp|Intimidate|[of] p2a: Heatran
|-unboost|p2a: Heatran|atk|1
|move|p2a: Heatran|Lava Plume|p1a: Shrimp
|-resisted|p1a: Shrimp
|-damage|p1a: Shrimp|213\/393
|-status|p1a: Shrimp|brn
|
|-damage|p1a: Shrimp|164\/393 brn|[from] brn
|turn|9
|
|move|p1a: Shrimp|Waterfall|p2a: Heatran
|-supereffective|p2a: Heatran
|-damage|p2a: Heatran|306\/386
|move|p2a: Heatran|Stealth Rock|p1a: Shrimp
|-sidestart|p1: Plasmi|move: Stealth Rock
|
|-heal|p2a: Heatran|330\/386|[from] item: Leftovers
|-damage|p1a: Shrimp|115\/393 brn|[from] brn
|turn|10
|
|move|p1a: Shrimp|Waterfall|p2a: Heatran
|-supereffective|p2a: Heatran
|-damage|p2a: Heatran|244\/386
|move|p2a: Heatran|Stealth Rock|p1a: Shrimp
|-fail|p1a: Shrimp
|
|-heal|p2a: Heatran|268\/386|[from] item: Leftovers
|-damage|p1a: Shrimp|66\/393 brn|[from] brn
|turn|11
|
|move|p1a: Shrimp|Waterfall|p2a: Heatran
|-supereffective|p2a: Heatran
|-damage|p2a: Heatran|182\/386
|move|p2a: Heatran|Roar|p1a: Shrimp
|drag|p1a: Lazuli|Latias, F|331\/331
|-damage|p1a: Lazuli|290\/331|[from] Stealth Rock
|
|-heal|p1a: Lazuli|310\/331|[from] item: Leftovers
|-heal|p2a: Heatran|206\/386|[from] item: Leftovers
|turn|12
|
|move|p1a: Lazuli|Defog|p2a: Heatran
|-unboost|p2a: Heatran|evasion|1
|-sideend|p1: Plasmi|Stealth Rock|[from] move: Defog|[of] p1a: Lazuli
|move|p2a: Heatran|Lava Plume|p1a: Lazuli
|-resisted|p1a: Lazuli
|-damage|p1a: Lazuli|260\/331
|
|-heal|p1a: Lazuli|280\/331|[from] item: Leftovers
|-heal|p2a: Heatran|230\/386|[from] item: Leftovers
|turn|13
|
|switch|p1a: Shrimp|Gyarados, M|66\/393 brn
|-ability|p1a: Shrimp|Intimidate|[of] p2a: Heatran
|-unboost|p2a: Heatran|atk|1
|move|p2a: Heatran|Stealth Rock|p1a: Shrimp
|-sidestart|p1: Plasmi|move: Stealth Rock
|
|-heal|p2a: Heatran|254\/386|[from] item: Leftovers
|-damage|p1a: Shrimp|17\/393 brn|[from] brn
|turn|14
|
|move|p1a: Shrimp|Waterfall|p2a: Heatran
|-supereffective|p2a: Heatran
|-damage|p2a: Heatran|170\/386
|move|p2a: Heatran|Roar|p1a: Shrimp
|drag|p1a: Cherry|Lopunny, F, shiny|280\/280
|-damage|p1a: Cherry|245\/280|[from] Stealth Rock
|
|-heal|p2a: Heatran|194\/386|[from] item: Leftovers
|turn|15
|
|detailschange|p1a: Cherry|Lopunny-Mega, F, shiny
|-mega|p1a: Cherry|Lopunny|Lopunnite
|move|p2a: Heatran|Protect|p2a: Heatran
|-singleturn|p2a: Heatran|Protect
|move|p1a: Cherry|High Jump Kick|p2a: Heatran
|-activate|p2a: Heatran|Protect
|-damage|p1a: Cherry|105\/280|[from] highjumpkick
|
|-heal|p2a: Heatran|218\/386|[from] item: Leftovers
|turn|16
|
|switch|p2a: Azumarill|Azumarill, M, shiny|404\/404
|move|p1a: Cherry|Return|p2a: Azumarill
|-damage|p2a: Azumarill|176\/404
|-enditem|p2a: Azumarill|Sitrus Berry|[eat]
|-heal|p2a: Azumarill|277\/404|[from] item: Sitrus Berry
|
|turn|17
|
|switch|p1a: Sex Toy|Ferrothorn, M|287\/352
|-damage|p1a: Sex Toy|265\/352|[from] Stealth Rock
|move|p2a: Azumarill|Superpower|p1a: Sex Toy
|-crit|p1a: Sex Toy
|-supereffective|p1a: Sex Toy
|-damage|p1a: Sex Toy|0 fnt
|-damage|p2a: Azumarill|227\/404|[from] ability: Iron Barbs|[of] p1a: Sex Toy
|-damage|p2a: Azumarill|160\/404|[from] item: Rocky Helmet|[of] p1a: Sex Toy
|-unboost|p2a: Azumarill|atk|1
|-unboost|p2a: Azumarill|def|1
|faint|p1a: Sex Toy
|
|
|switch|p1a: Lazuli|Latias, F|280\/331
|-damage|p1a: Lazuli|239\/331|[from] Stealth Rock
|turn|18
|
|move|p1a: Lazuli|Defog|p2a: Azumarill
|-unboost|p2a: Azumarill|evasion|1
|-sideend|p1: Plasmi|Stealth Rock|[from] move: Defog|[of] p1a: Lazuli
|move|p2a: Azumarill|Play Rough|p1a: Lazuli
|-supereffective|p1a: Lazuli
|-damage|p1a: Lazuli|0 fnt
|faint|p1a: Lazuli
|
|
|switch|p1a: RADIO|Magnezone, shiny|243\/323 brn
|turn|19
|
|switch|p2a: Diggersby|Diggersby, M, shiny|29\/311
|move|p1a: RADIO|Volt Switch|p2a: Diggersby
|-immune|p2a: Diggersby|[msg]
|
|-damage|p1a: RADIO|203\/323 brn|[from] brn
|turn|20
|
|switch|p1a: Shrimp|Gyarados, M|17\/393 brn
|-ability|p1a: Shrimp|Intimidate|[of] p2a: Diggersby
|-unboost|p2a: Diggersby|atk|1
|move|p2a: Diggersby|Earthquake|p1a: Shrimp
|-immune|p1a: Shrimp|[msg]
|
|-damage|p1a: Shrimp|0 fnt|[from] brn
|faint|p1a: Shrimp
|
|switch|p1a: Cherry|Lopunny-Mega, F, shiny|105\/280
|turn|21
|
|switch|p2a: Heatran|Heatran, F|218\/386
|move|p1a: Cherry|Fake Out|p2a: Heatran
|-resisted|p2a: Heatran
|-damage|p2a: Heatran|192\/386
|
|-heal|p2a: Heatran|216\/386|[from] item: Leftovers
|turn|22
|
|move|p1a: Cherry|High Jump Kick|p2a: Heatran
|-supereffective|p2a: Heatran
|-damage|p2a: Heatran|0 fnt
|faint|p2a: Heatran
|
|
|switch|p2a: Diggersby|Diggersby, M, shiny|29\/311
|turn|23
|
|switch|p1a: Pixis|Diancie|304\/304
|move|p2a: Diggersby|Quick Attack|p1a: Pixis
|-resisted|p1a: Pixis
|-damage|p1a: Pixis|252\/304
|
|-heal|p1a: Pixis|271\/304|[from] item: Leftovers
|turn|24
|
|switch|p2a: Gallade|Gallade-Mega, M|154\/277
|move|p1a: Pixis|Stealth Rock|p2a: Gallade
|-sidestart|p2: Roystopror|move: Stealth Rock
|
|-heal|p1a: Pixis|290\/304|[from] item: Leftovers
|turn|25
|
|move|p2a: Gallade|Close Combat|p1a: Pixis
|-damage|p1a: Pixis|110\/304
|-unboost|p2a: Gallade|def|1
|-unboost|p2a: Gallade|spd|1
|move|p1a: Pixis|Moonblast|p2a: Gallade
|-supereffective|p2a: Gallade
|-damage|p2a: Gallade|0 fnt
|faint|p2a: Gallade
|
|-heal|p1a: Pixis|129\/304|[from] item: Leftovers
|
|switch|p2a: Diggersby|Diggersby, M, shiny|29\/311
|-damage|p2a: Diggersby|10\/311|[from] Stealth Rock
|turn|26
|
|move|p2a: Diggersby|Earthquake|p1a: Pixis
|-supereffective|p1a: Pixis
|-damage|p1a: Pixis|0 fnt
|faint|p1a: Pixis
|
|
|switch|p1a: Cherry|Lopunny-Mega, F, shiny|105\/280
|turn|27
|
|move|p1a: Cherry|Fake Out|p2a: Diggersby
|-damage|p2a: Diggersby|0 fnt
|faint|p2a: Diggersby
|
|
|switch|p2a: Rotom-Wash|Rotom-Wash, shiny|248\/303
|-damage|p2a: Rotom-Wash|211\/303|[from] Stealth Rock
|turn|28
|
|move|p1a: Cherry|High Jump Kick|p2a: Rotom-Wash
|-crit|p2a: Rotom-Wash
|-damage|p2a: Rotom-Wash|0 fnt
|faint|p2a: Rotom-Wash
|
|c|âPlasmi|it was a roll, iirc
|
|switch|p2a: Azumarill|Azumarill, M, shiny|160\/404
|-damage|p2a: Azumarill|110\/404|[from] Stealth Rock
|turn|29
|
|move|p2a: Azumarill|Aqua Jet|p1a: Cherry
|-damage|p1a: Cherry|21\/280
|move|p1a: Cherry|Return|p2a: Azumarill
|-damage|p2a: Azumarill|0 fnt
|faint|p2a: Azumarill
|
|
|switch|p2a: Latios|Latios, M, shiny|301\/301
|-damage|p2a: Latios|264\/301|[from] Stealth Rock
|turn|30
|
|move|p1a: Cherry|Ice Punch|p2a: Latios
|-supereffective|p2a: Latios
|-damage|p2a: Latios|48\/301
|move|p2a: Latios|Hidden Power|p1a: Cherry
|-damage|p1a: Cherry|0 fnt
|-damage|p2a: Latios|18\/301|[from] item: Life Orb
|faint|p1a: Cherry
|
|
|switch|p1a: RADIO|Magnezone, shiny|203\/323 brn
|turn|31
|c|âPlasmi|oh fuck
|
|move|p2a: Latios|Hidden Power|p1a: RADIO
|-supereffective|p1a: RADIO
|-damage|p1a: RADIO|13\/323 brn
|-damage|p2a: Latios|0 fnt|[from] item: Life Orb
|faint|p2a: Latios
|
|win|Plasmi
|raw|Ladder updating...
|raw|Plasmi's rating: 1662 &rarr; <strong>1671<\/strong><br \/>(+9 for winning)
|raw|Roystopror's rating: 1447 &rarr; <strong>1438<\/strong><br \/>(-9 for losing)
|c|âPlasmi|RADIOOOO
|leave|Roystopror
|c|âPlasmi|haha gg
|player|p2