|join|BlackAce1000
|join|Plasmi
|player|p1|BlackAce1000|238
|player|p2|Plasmi|75
|gametype|singles
|gen|6
|tier|OU (suspect test)
|rated
|clearpoke
|poke|p1|Charizard, M
|poke|p1|Skarmory, F
|poke|p1|Rotom-Wash
|poke|p1|Ferrothorn, F
|poke|p1|Latios, M
|poke|p1|Terrakion
|poke|p2|Gourgeist-*, F
|poke|p2|Ampharos, F, shiny
|poke|p2|Arcanine, M
|poke|p2|Togetic, F
|poke|p2|Lilligant, F
|poke|p2|Absol, F, shiny
|rule|Sleep Clause Mod: Limit one foe put to sleep
|rule|Species Clause: Limit one of each Pokemon
|rule|OHKO Clause: OHKO moves are banned
|rule|Moody Clause: Moody is banned
|rule|Evasion Moves Clause: Evasion moves are banned
|rule|Endless Battle Clause: Forcing endless battles is banned.
|rule|HP Percentage Mod: HP is reported as percentages
|teampreview
|
|start
|switch|p1a: Rotom-Wash|Rotom-Wash|304\/304
|switch|p2a: Faith|Absol, F, shiny|272\/272
|turn|1
|join|Khelok
|
|switch|p2a: Hana|Lilligant, F|282\/282
|move|p1a: Rotom-Wash|Volt Switch|p2a: Hana
|-resisted|p2a: Hana
|-damage|p2a: Hana|231\/282
|
|switch|p1a: Charizard|Charizard, M|301\/301
|
|turn|2
|
|move|p1a: Charizard|Dragon Dance|p1a: Charizard
|-boost|p1a: Charizard|atk|1
|-boost|p1a: Charizard|spe|1
|move|p2a: Hana|Hidden Power|p1a: Charizard
|-supereffective|p1a: Charizard
|-damage|p1a: Charizard|0 fnt
|faint|p1a: Charizard
|
|
|switch|p1a: Skarmory|Skarmory, F|334\/334
|turn|3
|chat|Plasmi|did you forget to m-evo
|
|move|p2a: Hana|Sleep Powder|p1a: Skarmory
|-status|p1a: Skarmory|slp
|cant|p1a: Skarmory|slp
|
|turn|4
|chat|BlackAce1000|no i prodicted hp ground
|chat|BlackAce1000|predicted 
|
|switch|p2a: Faith|Absol, F, shiny|272\/272
|cant|p1a: Skarmory|slp
|
|turn|5
|
|detailschange|p2a: Faith|Absol-Mega, F, shiny
|message|Absol has Mega Evolved into Mega Absol!
|move|p2a: Faith|Fire Blast|p1a: Skarmory
|-supereffective|p1a: Skarmory
|-damage|p1a: Skarmory|84\/334 slp
|-curestatus|p1a: Skarmory|slp
|move|p1a: Skarmory|Brave Bird|p2a: Faith
|-damage|p2a: Faith|98\/272
|-damage|p1a: Skarmory|27\/334|[from] recoil|[of] p2a: Faith
|
|-heal|p1a: Skarmory|47\/334|[from] item: Leftovers
|turn|6
|
|switch|p1a: Rotom-Wash|Rotom-Wash|304\/304
|move|p2a: Faith|Play Rough|p1a: Rotom-Wash
|-damage|p1a: Rotom-Wash|184\/304
|-unboost|p1a: Rotom-Wash|atk|1
|
|turn|7
|
|switch|p2a: Kazu|Arcanine, M|322\/322
|move|p1a: Rotom-Wash|Rest|p1a: Rotom-Wash
|-status|p1a: Rotom-Wash|slp
|-heal|p1a: Rotom-Wash|304\/304 slp|[silent]
|-status|p1a: Rotom-Wash|slp|[from] move: Rest
|-enditem|p1a: Rotom-Wash|Chesto Berry|[eat]
|-curestatus|p1a: Rotom-Wash|slp
|
|turn|8
|
|switch|p2a: Hana|Lilligant, F|231\/282
|move|p1a: Rotom-Wash|Hydro Pump|p2a: Hana
|-resisted|p2a: Hana
|-damage|p2a: Hana|141\/282
|
|turn|9
|
|switch|p1a: Ferrothorn|Ferrothorn, F|352\/352
|move|p2a: Hana|Giga Drain|p1a: Ferrothorn
|-resisted|p1a: Ferrothorn
|-damage|p1a: Ferrothorn|331\/352
|-heal|p2a: Hana|152\/282|[from] drain|[of] p1a: Ferrothorn
|
|-heal|p1a: Ferrothorn|352\/352|[from] item: Leftovers
|turn|10
|
|switch|p2a: Kazu|Arcanine, M|322\/322
|move|p1a: Ferrothorn|Power Whip|p2a: Kazu
|-crit|p2a: Kazu
|-resisted|p2a: Kazu
|-damage|p2a: Kazu|199\/322
|
|turn|11
|
|switch|p1a: Skarmory|Skarmory, F|47\/334
|move|p2a: Kazu|Flare Blitz|p1a: Skarmory
|-supereffective|p1a: Skarmory
|-damage|p1a: Skarmory|0 fnt
|-damage|p2a: Kazu|183\/322|[from] recoil|[of] p1a: Skarmory
|faint|p1a: Skarmory
|
|
|switch|p1a: Terrakion|Terrakion|323\/323
|turn|12
|
|switch|p2a: Kokoro|Gourgeist-Super, F|374\/374
|-item|p1a: Terrakion|Expert Belt|[from] ability: Frisk|[of] p2a: Kokoro|[identify]
|move|p1a: Terrakion|Earthquake|p2a: Kokoro
|-resisted|p2a: Kokoro
|-damage|p2a: Kokoro|338\/374
|
|-heal|p2a: Kokoro|361\/374|[from] item: Leftovers
|turn|13
|
|switch|p1a: Rotom-Wash|Rotom-Wash|304\/304
|move|p2a: Kokoro|Will-O-Wisp|p1a: Rotom-Wash
|-status|p1a: Rotom-Wash|brn
|
|-heal|p2a: Kokoro|374\/374|[from] item: Leftovers
|-damage|p1a: Rotom-Wash|266\/304 brn|[from] brn
|turn|14
|
|move|p1a: Rotom-Wash|Will-O-Wisp|p2a: Kokoro
|-status|p2a: Kokoro|brn
|move|p2a: Kokoro|Leech Seed|p1a: Rotom-Wash
|-start|p1a: Rotom-Wash|move: Leech Seed
|
|-damage|p1a: Rotom-Wash|228\/304 brn|[from] Leech Seed|[of] p2a: Kokoro
|-damage|p1a: Rotom-Wash|190\/304 brn|[from] brn
|-damage|p2a: Kokoro|328\/374 brn|[from] brn
|turn|15
|
|switch|p2a: Lailah|Ampharos, F, shiny|383\/383
|move|p1a: Rotom-Wash|Volt Switch|p2a: Lailah
|-resisted|p2a: Lailah
|-damage|p2a: Lailah|336\/383
|
|switch|p1a: Terrakion|Terrakion|323\/323
|
|turn|16
|
|switch|p2a: Kokoro|Gourgeist-Super, F|328\/374 brn
|-item|p1a: Terrakion|Expert Belt|[from] ability: Frisk|[of] p2a: Kokoro|[identify]
|move|p1a: Terrakion|Earthquake|p2a: Kokoro
|-resisted|p2a: Kokoro
|-damage|p2a: Kokoro|292\/374 brn
|
|-heal|p2a: Kokoro|315\/374 brn|[from] item: Leftovers
|-damage|p2a: Kokoro|269\/374 brn|[from] brn
|turn|17
|
|switch|p1a: Ferrothorn|Ferrothorn, F|352\/352
|move|p2a: Kokoro|Leech Seed|p1a: Ferrothorn
|-immune|p1a: Ferrothorn|[msg]
|
|-heal|p2a: Kokoro|292\/374 brn|[from] item: Leftovers
|-damage|p2a: Kokoro|246\/374 brn|[from] brn
|turn|18
|
|switch|p1a: Rotom-Wash|Rotom-Wash|190\/304 brn
|move|p2a: Kokoro|Will-O-Wisp|p1a: Rotom-Wash
|-fail|p1a: Rotom-Wash|brn
|
|-heal|p2a: Kokoro|269\/374 brn|[from] item: Leftovers
|-damage|p1a: Rotom-Wash|152\/304 brn|[from] brn
|-damage|p2a: Kokoro|223\/374 brn|[from] brn
|turn|19
|chat|Plasmi|damn it
|
|switch|p2a: Lailah|Ampharos, F, shiny|336\/383
|move|p1a: Rotom-Wash|Volt Switch|p2a: Lailah
|-resisted|p2a: Lailah
|-damage|p2a: Lailah|290\/383
|
|switch|p1a: Terrakion|Terrakion|323\/323
|
|turn|20
|chat|Plasmi|what am i even doing
|
|switch|p2a: Kokoro|Gourgeist-Super, F|223\/374 brn
|-item|p1a: Terrakion|Expert Belt|[from] ability: Frisk|[of] p2a: Kokoro|[identify]
|move|p1a: Terrakion|Stone Edge|p2a: Kokoro
|-damage|p2a: Kokoro|115\/374 brn
|
|-heal|p2a: Kokoro|138\/374 brn|[from] item: Leftovers
|-damage|p2a: Kokoro|92\/374 brn|[from] brn
|turn|21
|
|move|p2a: Kokoro|Shadow Sneak|p1a: Terrakion
|-damage|p1a: Terrakion|295\/323
|move|p1a: Terrakion|Stone Edge|p2a: Kokoro|[miss]
|-miss|p1a: Terrakion|p2a: Kokoro
|
|-heal|p2a: Kokoro|115\/374 brn|[from] item: Leftovers
|-damage|p2a: Kokoro|69\/374 brn|[from] brn
|turn|22
|
|switch|p1a: Ferrothorn|Ferrothorn, F|352\/352
|move|p2a: Kokoro|Will-O-Wisp|p1a: Ferrothorn
|-status|p1a: Ferrothorn|brn
|
|-heal|p2a: Kokoro|92\/374 brn|[from] item: Leftovers
|-damage|p2a: Kokoro|46\/374 brn|[from] brn
|-damage|p1a: Ferrothorn|308\/352 brn|[from] brn
|turn|23
|
|switch|p2a: Kazu|Arcanine, M|183\/322
|move|p1a: Ferrothorn|Power Whip|p2a: Kazu
|-resisted|p2a: Kazu
|-damage|p2a: Kazu|141\/322
|
|-heal|p1a: Ferrothorn|330\/352 brn|[from] item: Leftovers
|-damage|p1a: Ferrothorn|286\/352 brn|[from] brn
|turn|24
|
|switch|p1a: Rotom-Wash|Rotom-Wash|152\/304 brn
|move|p2a: Kazu|Close Combat|p1a: Rotom-Wash
|-damage|p1a: Rotom-Wash|0 fnt
|-unboost|p2a: Kazu|def|1
|-unboost|p2a: Kazu|spd|1
|faint|p1a: Rotom-Wash
|
|
|switch|p1a: Terrakion|Terrakion|295\/323
|turn|25
|
|switch|p2a: Kokoro|Gourgeist-Super, F|46\/374 brn
|-item|p1a: Terrakion|Expert Belt|[from] ability: Frisk|[of] p2a: Kokoro|[identify]
|move|p1a: Terrakion|Earthquake|p2a: Kokoro
|-resisted|p2a: Kokoro
|-damage|p2a: Kokoro|8\/374 brn
|
|-heal|p2a: Kokoro|31\/374 brn|[from] item: Leftovers
|-damage|p2a: Kokoro|0 fnt|[from] brn
|faint|p2a: Kokoro
|
|switch|p2a: Faith|Absol-Mega, F, shiny|98\/272
|turn|26
|
|move|p2a: Faith|Play Rough|p1a: Terrakion
|-supereffective|p1a: Terrakion
|-damage|p1a: Terrakion|37\/323
|move|p1a: Terrakion|X-Scissor|p2a: Faith
|-supereffective|p2a: Faith
|-damage|p2a: Faith|0 fnt
|faint|p2a: Faith
|
|
|switch|p2a: Hana|Lilligant, F|152\/282
|turn|27
|
|switch|p1a: Ferrothorn|Ferrothorn, F|286\/352 brn
|move|p2a: Hana|Quiver Dance|p2a: Hana
|-boost|p2a: Hana|spa|1
|-boost|p2a: Hana|spd|1
|-boost|p2a: Hana|spe|1
|
|-heal|p1a: Ferrothorn|308\/352 brn|[from] item: Leftovers
|-damage|p1a: Ferrothorn|264\/352 brn|[from] brn
|turn|28
|
|switch|p2a: Kazu|Arcanine, M|141\/322
|move|p1a: Ferrothorn|Thunder Wave|p2a: Kazu
|-status|p2a: Kazu|par
|
|-heal|p1a: Ferrothorn|286\/352 brn|[from] item: Leftovers
|-damage|p1a: Ferrothorn|242\/352 brn|[from] brn
|turn|29
|
|move|p2a: Kazu|Outrage|p1a: Ferrothorn
|-resisted|p1a: Ferrothorn
|-damage|p1a: Ferrothorn|173\/352 brn
|-damage|p2a: Kazu|101\/322 par|[from] ability: Iron Barbs|[of] p1a: Ferrothorn
|move|p1a: Ferrothorn|Leech Seed|p2a: Kazu
|-start|p2a: Kazu|move: Leech Seed
|
|-heal|p1a: Ferrothorn|195\/352 brn|[from] item: Leftovers
|-damage|p2a: Kazu|61\/322 par|[from] Leech Seed|[of] p1a: Ferrothorn
|-heal|p1a: Ferrothorn|235\/352 brn|[silent]
|-damage|p1a: Ferrothorn|191\/352 brn|[from] brn
|turn|30
|
|move|p2a: Kazu|Outrage|p1a: Ferrothorn
|-resisted|p1a: Ferrothorn
|-damage|p1a: Ferrothorn|121\/352 brn
|-damage|p2a: Kazu|21\/322 par|[from] ability: Iron Barbs|[of] p1a: Ferrothorn
|move|p1a: Ferrothorn|Stealth Rock|p2a: Kazu
|-sidestart|p2: Plasmi|move: Stealth Rock
|
|-heal|p1a: Ferrothorn|143\/352 brn|[from] item: Leftovers
|-damage|p2a: Kazu|0 fnt|[from] Leech Seed|[of] p1a: Ferrothorn
|-heal|p1a: Ferrothorn|164\/352 brn|[silent]
|-damage|p1a: Ferrothorn|120\/352 brn|[from] brn
|faint|p2a: Kazu
|
|switch|p2a: Young Hikari|Togetic, F|314\/314
|-damage|p2a: Young Hikari|236\/314|[from] Stealth Rock
|turn|31
|
|move|p2a: Young Hikari|Flamethrower|p1a: Ferrothorn
|-supereffective|p1a: Ferrothorn
|-damage|p1a: Ferrothorn|0 fnt
|faint|p1a: Ferrothorn
|
|
|switch|p1a: Terrakion|Terrakion|37\/323
|turn|32
|
|move|p1a: Terrakion|Stone Edge|p2a: Young Hikari
|-crit|p2a: Young Hikari
|-supereffective|p2a: Young Hikari
|-damage|p2a: Young Hikari|0 fnt
|faint|p2a: Young Hikari
|
|
|switch|p2a: Hana|Lilligant, F|152\/282
|-damage|p2a: Hana|117\/282|[from] Stealth Rock
|turn|33
|
|move|p1a: Terrakion|X-Scissor|p2a: Hana
|-supereffective|p2a: Hana
|-damage|p2a: Hana|0 fnt
|faint|p2a: Hana
|
|chat|Plasmi|gg
|-message|Plasmi forfeited.
|
|win|BlackAce1000
|raw|Ladder updating...
|chat|BlackAce1000|gg
|leave|Plasmi
|player|p2
|raw|BlackAce1000's rating: 1132 &rarr; <strong>1148<\/strong><br \/>(+16 for winning)
|raw|Plasmi's rating: 1000 &rarr; <strong>1000<\/strong><br \/>(+0 for losing)