|join|Father Russia
|join|Plasmi
|player|p1|Father Russia|2
|player|p2|Plasmi|75
|gametype|doubles
|gen|6
|tier|Smogon Doubles (suspect test)
|rated
|clearpoke
|poke|p1|Greninja, F
|poke|p1|Breloom, M
|poke|p1|Scizor, F
|poke|p1|Volcarona, M
|poke|p1|Goodra, F
|poke|p1|Porygon2
|poke|p2|Ampharos, F, shiny
|poke|p2|Florges, F, shiny
|poke|p2|Cinccino, F
|poke|p2|Beautifly, F, shiny
|poke|p2|Flareon, F
|poke|p2|Quagsire, M, shiny
|rule|Species Clause: Limit one of each Pokemon
|rule|OHKO Clause: OHKO moves are banned
|rule|Moody Clause: Moody is banned
|rule|Evasion Abilities Clause: Evasion abilities are banned
|rule|Evasion Moves Clause: Evasion moves are banned
|rule|Endless Battle Clause: Forcing endless battles is banned.
|rule|HP Percentage Mod: HP is reported as percentages
|teampreview
|
|start
|switch|p1a: Greninja|Greninja, F|285\/285
|switch|p1b: Volcarona|Volcarona, M|312\/312
|switch|p2a: Emeri|Cinccino, F|292\/292
|switch|p2b: Fira|Flareon, F|334\/334
|turn|1
|-activate|p2b: Fira|item: Quick Claw
|
|move|p2b: Fira|Superpower|p1a: Greninja
|-supereffective|p1a: Greninja
|-enditem|p1a: Greninja|Focus Sash
|-damage|p1a: Greninja|1\/285
|-unboost|p2b: Fira|atk|1
|-unboost|p2b: Fira|def|1
|-start|p1a: Greninja|typechange|Fighting|[from] Protean
|move|p1a: Greninja|Mat Block|p1a: Greninja
|-singleturn|p1a: Greninja|Mat Block
|move|p2a: Emeri|Rock Blast|p1b: Volcarona
|-activate|p1b: Volcarona|Mat Block|Rock Blast
|move|p1b: Volcarona|Quiver Dance|p1b: Volcarona
|-boost|p1b: Volcarona|spa|1
|-boost|p1b: Volcarona|spd|1
|-boost|p1b: Volcarona|spe|1
|
|turn|2
|
|move|p1b: Volcarona|Bug Buzz|p2a: Emeri
|-damage|p2a: Emeri|0 fnt
|faint|p2a: Emeri
|-start|p1a: Greninja|typechange|Ice|[from] Protean
|move|p1a: Greninja|Ice Beam|p2b: Fira
|-resisted|p2b: Fira
|-damage|p2b: Fira|274\/334
|move|p2b: Fira|Flame Charge|p1a: Greninja
|-supereffective|p1a: Greninja
|-damage|p1a: Greninja|0 fnt
|-boost|p2b: Fira|spe|1
|faint|p1a: Greninja
|
|
|switch|p2a: Butter|Beautifly, F, shiny|262\/262
|switch|p1a: Porygon2|Porygon2|312\/312
|-ability|p1a: Porygon2|Flash Fire|[from] ability: Trace|[of] p2b: Fira
|turn|3
|
|move|p1b: Volcarona|Hurricane|p2a: Butter
|-supereffective|p2a: Butter
|-enditem|p2a: Butter|Focus Sash
|-damage|p2a: Butter|1\/262
|move|p2b: Fira|Superpower|p1a: Porygon2
|-supereffective|p1a: Porygon2
|-damage|p1a: Porygon2|196\/312
|-unboost|p2b: Fira|atk|1
|-unboost|p2b: Fira|def|1
|move|p2a: Butter|Air Cutter|p1a: Porygon2
|-damage|p1a: Porygon2|159\/312
|-supereffective|p1b: Volcarona
|-damage|p1b: Volcarona|228\/312
|move|p1a: Porygon2|Toxic|p2b: Fira
|-status|p2b: Fira|tox
|
|-damage|p2b: Fira|254\/334 tox|[from] psn
|turn|4
|
|move|p1b: Volcarona|Fiery Dance|p2a: Butter
|-supereffective|p2a: Butter
|-damage|p2a: Butter|0 fnt
|faint|p2a: Butter
|move|p2b: Fira|Flare Blitz|p1b: Volcarona
|-damage|p1b: Volcarona|47\/312
|-damage|p2b: Fira|194\/334 tox|[from] recoil|[of] p1b: Volcarona
|move|p1a: Porygon2|Recover|p1a: Porygon2
|-heal|p1a: Porygon2|312\/312
|
|-damage|p2b: Fira|154\/334 tox|[from] psn
|
|switch|p2a: Sanae|Florges, F, shiny|358\/358
|turn|5
|
|switch|p2a: KhaosXChameleon|Quagsire, M, shiny|393\/393
|move|p1b: Volcarona|Hurricane|p2a: KhaosXChameleon
|-damage|p2a: KhaosXChameleon|205\/393
|move|p2b: Fira|Flare Blitz|p1b: Volcarona
|-damage|p1b: Volcarona|0 fnt
|-damage|p2b: Fira|138\/334 tox|[from] recoil|[of] p1b: Volcarona
|faint|p1b: Volcarona
|move|p1a: Porygon2|Tri Attack|p2b: Fira
|-damage|p2b: Fira|42\/334 tox
|
|-heal|p2a: KhaosXChameleon|229\/393|[from] item: Leftovers
|-damage|p2b: Fira|0 fnt|[from] psn
|faint|p2b: Fira
|
|switch|p2b: Sanae|Florges, F, shiny|358\/358
|switch|p1b: Breloom|Breloom, M|324\/324
|turn|6
|
|switch|p1b: Scizor|Scizor, F|291\/291
|move|p2b: Sanae|Moonblast|p1b: Scizor
|-resisted|p1b: Scizor
|-damage|p1b: Scizor|230\/291
|move|p1a: Porygon2|Toxic|p2b: Sanae
|-status|p2b: Sanae|tox
|move|p2a: KhaosXChameleon|Toxic|p1a: Porygon2
|-status|p1a: Porygon2|tox
|
|-heal|p2a: KhaosXChameleon|253\/393|[from] item: Leftovers
|-damage|p2b: Sanae|336\/358 tox|[from] psn
|-damage|p1a: Porygon2|293\/312 tox|[from] psn
|turn|7
|
|switch|p2b: Lailah|Ampharos, F, shiny|384\/384
|move|p1b: Scizor|Bullet Punch|p2b: Lailah
|-resisted|p2b: Lailah
|-damage|p2b: Lailah|319\/384
|move|p1a: Porygon2|Tri Attack|p2a: KhaosXChameleon
|-damage|p2a: KhaosXChameleon|117\/393
|move|p2a: KhaosXChameleon|Scald|p1b: Scizor
|-damage|p1b: Scizor|166\/291
|
|-heal|p2a: KhaosXChameleon|141\/393|[from] item: Leftovers
|-damage|p1a: Porygon2|255\/312 tox|[from] psn
|turn|8
|
|-ability|p2b: Lailah|Mold Breaker
|detailschange|p2b: Lailah|Ampharos-Mega, F, shiny
|message|Ampharos has Mega Evolved into Mega Ampharos!
|move|p1b: Scizor|Acrobatics|p2a: KhaosXChameleon
|-damage|p2a: KhaosXChameleon|35\/393
|move|p2b: Lailah|Focus Blast|p1a: Porygon2
|-supereffective|p1a: Porygon2
|-damage|p1a: Porygon2|79\/312 tox
|move|p1a: Porygon2|Toxic|p2b: Lailah
|-status|p2b: Lailah|tox
|move|p2a: KhaosXChameleon|Scald|p1b: Scizor
|-damage|p1b: Scizor|103\/291
|-status|p1b: Scizor|brn
|
|-heal|p2a: KhaosXChameleon|59\/393|[from] item: Leftovers
|-damage|p1b: Scizor|67\/291 brn|[from] brn
|-damage|p1a: Porygon2|22\/312 tox|[from] psn
|-damage|p2b: Lailah|295\/384 tox|[from] psn
|turn|9
|
|move|p1b: Scizor|Bullet Punch|p2a: KhaosXChameleon
|-resisted|p2a: KhaosXChameleon
|-damage|p2a: KhaosXChameleon|37\/393
|move|p1a: Porygon2|Recover|p1a: Porygon2
|-heal|p1a: Porygon2|178\/312 tox
|move|p2b: Lailah|Dragon Pulse|p1a: Porygon2
|-damage|p1a: Porygon2|78\/312 tox
|move|p2a: KhaosXChameleon|Recover|p2a: KhaosXChameleon
|-heal|p2a: KhaosXChameleon|234\/393
|
|-heal|p2a: KhaosXChameleon|258\/393|[from] item: Leftovers
|-damage|p1b: Scizor|31\/291 brn|[from] brn
|-damage|p1a: Porygon2|2\/312 tox|[from] psn
|-damage|p2b: Lailah|247\/384 tox|[from] psn
|turn|10
|
|move|p1b: Scizor|Acrobatics|p2a: KhaosXChameleon
|-crit|p2a: KhaosXChameleon
|-damage|p2a: KhaosXChameleon|175\/393
|move|p1a: Porygon2|Toxic|p2a: KhaosXChameleon
|-status|p2a: KhaosXChameleon|tox
|move|p2b: Lailah|Thunderbolt|p1a: Porygon2
|-damage|p1a: Porygon2|0 fnt
|faint|p1a: Porygon2
|move|p2a: KhaosXChameleon|Recover|p2a: KhaosXChameleon
|-heal|p2a: KhaosXChameleon|372\/393 tox
|
|-heal|p2a: KhaosXChameleon|393\/393 tox|[from] item: Leftovers
|-damage|p1b: Scizor|0 fnt|[from] brn
|-damage|p2b: Lailah|175\/384 tox|[from] psn
|-damage|p2a: KhaosXChameleon|369\/393 tox|[from] psn
|faint|p1b: Scizor
|
|switch|p1b: Goodra|Goodra, F|322\/322
|switch|p1a: Breloom|Breloom, M|324\/324
|turn|11
|
|move|p1b: Goodra|Rain Dance|p1b: Goodra
|-weather|RainDance
|move|p1a: Breloom|Substitute|p1a: Breloom
|-start|p1a: Breloom|Substitute
|-damage|p1a: Breloom|243\/324
|move|p2b: Lailah|Dragon Pulse|p1b: Goodra
|-supereffective|p1b: Goodra
|-damage|p1b: Goodra|70\/322
|move|p2a: KhaosXChameleon|Scald|p1a: Breloom
|-resisted|p1a: Breloom
|-activate|p1a: Breloom|Substitute|[damage]
|
|-weather|RainDance|[upkeep]
|-heal|p2a: KhaosXChameleon|393\/393 tox|[from] item: Leftovers
|-damage|p2b: Lailah|79\/384 tox|[from] psn
|-damage|p2a: KhaosXChameleon|345\/393 tox|[from] psn
|-status|p1a: Breloom|tox|[from] item: Toxic Orb
|turn|12
|
|move|p1b: Goodra|Dragon Pulse|p2b: Lailah
|-supereffective|p2b: Lailah
|-damage|p2b: Lailah|0 fnt
|faint|p2b: Lailah
|move|p1a: Breloom|Swords Dance|p1a: Breloom
|-boost|p1a: Breloom|atk|2
|move|p2a: KhaosXChameleon|Scald|p1a: Breloom
|-resisted|p1a: Breloom
|-end|p1a: Breloom|Substitute
|
|-weather|RainDance|[upkeep]
|-heal|p2a: KhaosXChameleon|369\/393 tox|[from] item: Leftovers
|-heal|p1a: Breloom|283\/324 tox|[from] ability: Poison Heal
|-damage|p2a: KhaosXChameleon|297\/393 tox|[from] psn
|
|switch|p2b: Sanae|Florges, F, shiny|336\/358 tox
|turn|13
|
|move|p1b: Goodra|Rest|p1b: Goodra
|-status|p1b: Goodra|slp
|-heal|p1b: Goodra|322\/322 slp|[silent]
|-status|p1b: Goodra|slp|[from] move: Rest
|move|p2b: Sanae|Moonblast|p1a: Breloom
|-supereffective|p1a: Breloom
|-damage|p1a: Breloom|0 fnt
|faint|p1a: Breloom
|move|p2a: KhaosXChameleon|Scald|p1b: Goodra
|-resisted|p1b: Goodra
|-damage|p1b: Goodra|292\/322 slp
|
|-weather|RainDance|[upkeep]
|-curestatus|p1b: Goodra|slp
|-heal|p2b: Sanae|358\/358 tox|[from] item: Leftovers
|-heal|p2a: KhaosXChameleon|321\/393 tox|[from] item: Leftovers
|-damage|p2b: Sanae|336\/358 tox|[from] psn
|-damage|p2a: KhaosXChameleon|225\/393 tox|[from] psn
|turn|14
|
|move|p1b: Goodra|Thunder|p2b: Sanae
|-damage|p2b: Sanae|283\/358 tox
|move|p2b: Sanae|Calm Mind|p2b: Sanae
|-boost|p2b: Sanae|spa|1
|-boost|p2b: Sanae|spd|1
|move|p2a: KhaosXChameleon|Scald|p1b: Goodra
|-resisted|p1b: Goodra
|-damage|p1b: Goodra|261\/322
|
|-weather|RainDance|[upkeep]
|-heal|p2b: Sanae|305\/358 tox|[from] item: Leftovers
|-heal|p2a: KhaosXChameleon|249\/393 tox|[from] item: Leftovers
|-damage|p2b: Sanae|261\/358 tox|[from] psn
|-damage|p2a: KhaosXChameleon|129\/393 tox|[from] psn
|turn|15
|
|move|p1b: Goodra|Thunder|p2b: Sanae
|-damage|p2b: Sanae|228\/358 tox
|move|p2b: Sanae|Calm Mind|p2b: Sanae
|-boost|p2b: Sanae|spa|1
|-boost|p2b: Sanae|spd|1
|move|p2a: KhaosXChameleon|Scald|p1b: Goodra
|-resisted|p1b: Goodra
|-damage|p1b: Goodra|232\/322
|
|-weather|RainDance|[upkeep]
|-heal|p2b: Sanae|250\/358 tox|[from] item: Leftovers
|-heal|p2a: KhaosXChameleon|153\/393 tox|[from] item: Leftovers
|-damage|p2b: Sanae|184\/358 tox|[from] psn
|-damage|p2a: KhaosXChameleon|9\/393 tox|[from] psn
|turn|16
|
|move|p1b: Goodra|Rest|p1b: Goodra
|-status|p1b: Goodra|slp
|-heal|p1b: Goodra|322\/322 slp|[silent]
|-status|p1b: Goodra|slp|[from] move: Rest
|move|p2b: Sanae|Moonblast|p1b: Goodra
|-supereffective|p1b: Goodra
|-damage|p1b: Goodra|32\/322 slp
|move|p2a: KhaosXChameleon|Scald|p1b: Goodra
|-resisted|p1b: Goodra
|-damage|p1b: Goodra|4\/322 slp
|
|-weather|RainDance|[upkeep]
|-curestatus|p1b: Goodra|slp
|-heal|p2b: Sanae|206\/358 tox|[from] item: Leftovers
|-heal|p2a: KhaosXChameleon|33\/393 tox|[from] item: Leftovers
|-damage|p2b: Sanae|118\/358 tox|[from] psn
|-damage|p2a: KhaosXChameleon|0 fnt|[from] psn
|faint|p2a: KhaosXChameleon
|turn|17
|chat|Plasmi|welp
|chat|Father Russia|Gg
|
|move|p1b: Goodra|Rest|p1b: Goodra
|-status|p1b: Goodra|slp
|-heal|p1b: Goodra|322\/322 slp|[silent]
|-status|p1b: Goodra|slp|[from] move: Rest
|move|p2b: Sanae|Moonblast|p1b: Goodra
|-supereffective|p1b: Goodra
|-damage|p1b: Goodra|16\/322 slp
|-unboost|p1b: Goodra|spa|1
|
|-weather|RainDance|[upkeep]
|-curestatus|p1b: Goodra|slp
|-heal|p2b: Sanae|140\/358 tox|[from] item: Leftovers
|-damage|p2b: Sanae|30\/358 tox|[from] psn
|turn|18
|chat|Father Russia|Not today
|chat|Plasmi|god damn
|chat|Plasmi|that 5%
|chat|Father Russia|Lol
|
|move|p1b: Goodra|Rest|p1b: Goodra
|-status|p1b: Goodra|slp
|-heal|p1b: Goodra|322\/322 slp|[silent]
|-status|p1b: Goodra|slp|[from] move: Rest
|move|p2b: Sanae|Moonblast|p1b: Goodra
|-supereffective|p1b: Goodra
|-damage|p1b: Goodra|44\/322 slp
|
|-weather|none
|-heal|p2b: Sanae|52\/358 tox|[from] item: Leftovers
|-damage|p2b: Sanae|0 fnt|[from] psn
|faint|p2b: Sanae
|
|win|Father Russia
|raw|Ladder updating...
|raw|Father Russia's rating: 1140 &rarr; <strong>1156<\/strong><br \/>(+16 for winning)
|raw|Plasmi's rating: 1000 &rarr; <strong>1000<\/strong><br \/>(+0 for losing)
|chat|Plasmi|shoulda calm minded
|chat|Father Russia|Gg
|leave|Plasmi
|player|p2