|join|door25
|join|Tom Yabo
|player|p1|door25|275
|player|p2|Tom Yabo|168
|gametype|singles
|gen|6
|tier|UU
|rule|Sleep Clause Mod: Limit one foe put to sleep
|rule|Species Clause: Limit one of each PokÃ©mon
|rule|OHKO Clause: OHKO moves are banned
|rule|Moody Clause: Moody is banned
|rule|Evasion Moves Clause: Evasion moves are banned
|rule|Endless Battle Clause: Forcing endless battles is banned
|rule|HP Percentage Mod: HP is shown in percentages
|clearpoke
|poke|p1|Flygon, F
|poke|p1|Raikou, shiny
|poke|p1|Volbeat, M
|poke|p1|Toxicroak, F
|poke|p1|Aerodactyl, M
|poke|p1|Scyther, M
|poke|p2|Infernape, F
|poke|p2|Ampharos, M
|poke|p2|Jellicent, M
|poke|p2|Amoonguss, M
|poke|p2|Aromatisse, F
|poke|p2|Forretress, F
|rule|Swagger Clause: Swagger is banned
|rule|Baton Pass Clause: Limit one PokÃ©mon knowing Baton Pass
|teampreview
|join|Zentennen
|join|newfren
|leave|newfren
|
|start
|switch|p1a: Volbeat|Volbeat, M|334\/334
|switch|p2a: Jellicent|Jellicent, M|404\/404
|turn|1
|leave|Zentennen
|
|move|p1a: Volbeat|Tail Glow|p1a: Volbeat
|-boost|p1a: Volbeat|spa|3
|move|p2a: Jellicent|Taunt|p1a: Volbeat
|-start|p1a: Volbeat|move: Taunt
|
|turn|2
|
|switch|p1a: Flygon|Flygon, F|301\/301
|move|p2a: Jellicent|Will-O-Wisp|p1a: Flygon|[miss]
|-miss|p2a: Jellicent|p1a: Flygon
|
|turn|3
|
|move|p1a: Flygon|Dragon Claw|p2a: Jellicent
|-damage|p2a: Jellicent|305\/404
|move|p2a: Jellicent|Will-O-Wisp|p1a: Flygon
|-status|p1a: Flygon|brn
|
|-heal|p2a: Jellicent|330\/404|[from] item: Leftovers
|-damage|p1a: Flygon|264\/301 brn|[from] brn
|turn|4
|
|switch|p1a: Raikou|Raikou, shiny|322\/322
|-ability|p1a: Raikou|Pressure
|move|p2a: Jellicent|Will-O-Wisp|p1a: Raikou|[miss]
|-miss|p2a: Jellicent|p1a: Raikou
|
|-heal|p2a: Jellicent|355\/404|[from] item: Leftovers
|turn|5
|
|switch|p2a: Amoonguss|Amoonguss, M|432\/432
|move|p1a: Raikou|Thunderbolt|p2a: Amoonguss
|-resisted|p2a: Amoonguss
|-damage|p2a: Amoonguss|369\/432
|-status|p2a: Amoonguss|par
|
|-heal|p2a: Amoonguss|396\/432 par|[from] item: Black Sludge
|turn|6
|
|move|p1a: Raikou|Signal Beam|p2a: Amoonguss
|-damage|p2a: Amoonguss|320\/432 par
|move|p2a: Amoonguss|Stun Spore|p1a: Raikou
|-fail|p1a: Raikou
|
|-heal|p2a: Amoonguss|347\/432 par|[from] item: Black Sludge
|turn|7
|c|âdoor25|!weakness amonngus
|raw|<div class="infobox">amonngus isn't a recognized type or pokemon.<\/div>
|c|âdoor25|!weakness amoonguss
|raw|<div class="infobox">Amoonguss (ignoring abilities):<br><span class="message-effect-weak">Weaknesses<\/span>: Fire, Flying, Ice, Psychic<br><span class="message-effect-resist">Resistances<\/span>: Electric, Fairy, Fighting, <b>Grass<\/b>, Water<br><span class="message-effect-immune">Immunities<\/span>: None<\/div>
|
|switch|p1a: Aerodactyl|Aerodactyl, M|301\/301
|move|p2a: Amoonguss|Spore|p1a: Aerodactyl
|-status|p1a: Aerodactyl|slp
|
|-heal|p2a: Amoonguss|374\/432 par|[from] item: Black Sludge
|turn|8
|
|switch|p2a: Ampharos|Ampharos, M|354\/354
|detailschange|p1a: Aerodactyl|Aerodactyl-Mega, M
|message|Aerodactyl has Mega Evolved into Mega Aerodactyl!
|cant|p1a: Aerodactyl|slp
|
|turn|9
|
|detailschange|p2a: Ampharos|Ampharos-Mega, M
|message|Ampharos has Mega Evolved into Mega Ampharos!
|-ability|p2a: Ampharos|Mold Breaker
|cant|p1a: Aerodactyl|slp
|move|p2a: Ampharos|Dragon Pulse|p1a: Aerodactyl
|-damage|p1a: Aerodactyl|108\/301 slp
|
|turn|10
|
|switch|p2a: Forretress|Forretress, F|354\/354
|cant|p1a: Aerodactyl|slp
|
|turn|11
|
|-curestatus|p1a: Aerodactyl|slp
|move|p1a: Aerodactyl|Earthquake|p2a: Forretress
|-crit|p2a: Forretress
|-damage|p2a: Forretress|247\/354
|move|p2a: Forretress|Stealth Rock|p1a: Aerodactyl
|-sidestart|p1: door25|move: Stealth Rock
|
|-heal|p2a: Forretress|269\/354|[from] item: Leftovers
|turn|12
|c|âdoor25|WAKE UP
|
|move|p1a: Aerodactyl|Earthquake|p2a: Forretress
|-damage|p2a: Forretress|195\/354
|move|p2a: Forretress|Volt Switch|p1a: Aerodactyl
|-supereffective|p1a: Aerodactyl
|-damage|p1a: Aerodactyl|30\/301
|
|switch|p2a: Jellicent|Jellicent, M|355\/404
|
|-heal|p2a: Jellicent|380\/404|[from] item: Leftovers
|turn|13
|
|switch|p1a: Toxicroak|Toxicroak, F|370\/370
|-damage|p1a: Toxicroak|347\/370|[from] Stealth Rock
|move|p2a: Jellicent|Scald|p1a: Toxicroak
|-damage|p1a: Toxicroak|241\/370
|
|-heal|p1a: Toxicroak|264\/370|[from] item: Black Sludge
|-heal|p2a: Jellicent|404\/404|[from] item: Leftovers
|turn|14
|
|move|p1a: Toxicroak|Poison Jab|p2a: Jellicent
|-resisted|p2a: Jellicent
|-damage|p2a: Jellicent|338\/404
|move|p2a: Jellicent|Will-O-Wisp|p1a: Toxicroak
|-status|p1a: Toxicroak|brn
|
|-heal|p1a: Toxicroak|287\/370 brn|[from] item: Black Sludge
|-heal|p2a: Jellicent|363\/404|[from] item: Leftovers
|-damage|p1a: Toxicroak|241\/370 brn|[from] brn
|turn|15
|join|Volbeatdown
|
|switch|p2a: Forretress|Forretress, F|195\/354
|move|p1a: Toxicroak|Poison Jab|p2a: Forretress
|-immune|p2a: Forretress|[msg]
|
|-heal|p1a: Toxicroak|264\/370 brn|[from] item: Black Sludge
|-heal|p2a: Forretress|217\/354|[from] item: Leftovers
|-damage|p1a: Toxicroak|218\/370 brn|[from] brn
|turn|16
|join|crypticTypo
|join|xShiba
|leave|Volbeatdown
|leave|xShiba
|
|move|p1a: Toxicroak|Drain Punch|p2a: Forretress
|-damage|p2a: Forretress|183\/354
|-heal|p1a: Toxicroak|235\/370 brn|[from] drain|[of] p2a: Forretress
|move|p2a: Forretress|Volt Switch|p1a: Toxicroak
|-damage|p1a: Toxicroak|181\/370 brn
|
|switch|p2a: Infernape|Infernape, F|293\/293
|
|-heal|p1a: Toxicroak|204\/370 brn|[from] item: Black Sludge
|-damage|p1a: Toxicroak|158\/370 brn|[from] brn
|turn|17
|
|move|p2a: Infernape|Flare Blitz|p1a: Toxicroak
|-damage|p1a: Toxicroak|0 fnt
|-damage|p2a: Infernape|241\/293|[from] recoil|[of] p1a: Toxicroak
|faint|p1a: Toxicroak
|
|leave|crypticTypo
|
|switch|p1a: Scyther|Scyther, M|281\/281
|-damage|p1a: Scyther|141\/281|[from] Stealth Rock
|turn|18
|
|move|p2a: Infernape|Flare Blitz|p1a: Scyther
|-crit|p1a: Scyther
|-supereffective|p1a: Scyther
|-damage|p1a: Scyther|0 fnt
|-damage|p2a: Infernape|194\/293|[from] recoil|[of] p1a: Scyther
|faint|p1a: Scyther
|
|
|switch|p1a: Volbeat|Volbeat, M|334\/334
|-damage|p1a: Volbeat|251\/334|[from] Stealth Rock
|turn|19
|
|move|p1a: Volbeat|Tail Glow|p1a: Volbeat
|-boost|p1a: Volbeat|spa|3
|move|p2a: Infernape|Flare Blitz|p1a: Volbeat
|-supereffective|p1a: Volbeat
|-damage|p1a: Volbeat|0 fnt
|-damage|p2a: Infernape|111\/293|[from] recoil|[of] p1a: Volbeat
|faint|p1a: Volbeat
|
|
|switch|p1a: Raikou|Raikou, shiny|322\/322
|-damage|p1a: Raikou|282\/322|[from] Stealth Rock
|-ability|p1a: Raikou|Pressure
|turn|20
|leave|door25
|player|p1
|join|door25
|player|p1|door25|275
|
|move|p2a: Infernape|Flare Blitz|p1a: Raikou
|-damage|p1a: Raikou|0 fnt
|-damage|p2a: Infernape|18\/293|[from] recoil|[of] p1a: Raikou
|faint|p1a: Raikou
|
|
|switch|p1a: Aerodactyl|Aerodactyl-Mega, M|30\/301
|-damage|p1a: Aerodactyl|0 fnt|[from] Stealth Rock
|faint|p1a: Aerodactyl
|
|switch|p1a: Flygon|Flygon, F|264\/301 brn
|-damage|p1a: Flygon|246\/301 brn|[from] Stealth Rock
|turn|21
|
|switch|p2a: Aromatisse|Aromatisse, F|406\/406
|move|p1a: Flygon|Earthquake|p2a: Aromatisse
|-damage|p2a: Aromatisse|312\/406
|
|-heal|p2a: Aromatisse|337\/406|[from] item: Leftovers
|-damage|p1a: Flygon|209\/301 brn|[from] brn
|turn|22
|c|âdoor25|im doing terrible
|
|move|p1a: Flygon|Earthquake|p2a: Aromatisse
|-crit|p2a: Aromatisse
|-damage|p2a: Aromatisse|199\/406
|move|p2a: Aromatisse|Moonblast|p1a: Flygon
|-supereffective|p1a: Flygon
|-damage|p1a: Flygon|0 fnt
|faint|p1a: Flygon
|
|win|Tom Yabo