|join|Tom Yabo
|join|jojo
|player|p1|Tom Yabo|170
|player|p2|jojo|98
|gametype|singles
|gen|6
|tier|UU
|rated
|rule|Sleep Clause Mod: Limit one foe put to sleep
|rule|Species Clause: Limit one of each PokÃ©mon
|rule|OHKO Clause: OHKO moves are banned
|rule|Moody Clause: Moody is banned
|rule|Evasion Moves Clause: Evasion moves are banned
|rule|Endless Battle Clause: Forcing endless battles is banned
|rule|HP Percentage Mod: HP is shown in percentages
|clearpoke
|poke|p1|Sceptile, F
|poke|p1|Empoleon, M
|poke|p1|Swampert, M
|poke|p1|Crobat, F
|poke|p1|Jirachi, shiny
|poke|p1|Mienshao, F
|poke|p2|Gallade, M
|poke|p2|Swampert, M
|poke|p2|Hydreigon, M
|poke|p2|Florges, F, shiny
|poke|p2|Chesnaught, F, shiny
|poke|p2|Crobat, F
|rule|Swagger Clause: Swagger is banned
|rule|Baton Pass Clause: Limit one PokÃ©mon knowing Baton Pass
|teampreview
|
|start
|switch|p1a: Mienshao|Mienshao, F|271\/271
|switch|p2a: Gallade|Gallade, M|277\/277
|turn|1
|
|detailschange|p2a: Gallade|Gallade-Mega, M
|message|Gallade has Mega Evolved into Mega Gallade!
|move|p1a: Mienshao|U-turn|p2a: Gallade
|-damage|p2a: Gallade|186\/277
|
|switch|p1a: Swampert|Swampert, M|401\/401
|move|p2a: Gallade|Psycho Cut|p1a: Swampert
|-damage|p1a: Swampert|278\/401
|
|-heal|p1a: Swampert|303\/401|[from] item: Leftovers
|turn|2
|
|switch|p2a: Chesnaught|Chesnaught, F, shiny|380\/380
|switch|p1a: Crobat|Crobat, F|311\/311
|
|turn|3
|
|switch|p2a: Swampert|Swampert, M|404\/404
|move|p1a: Crobat|Toxic|p2a: Swampert
|-status|p2a: Swampert|tox
|
|-damage|p2a: Swampert|379\/404 tox|[from] psn
|turn|4
|
|switch|p1a: Sceptile|Sceptile, F|281\/281
|move|p2a: Swampert|Stealth Rock|p1a: Sceptile
|-sidestart|p1: Tom Yabo|move: Stealth Rock
|
|-heal|p2a: Swampert|404\/404 tox|[from] item: Leftovers
|-damage|p2a: Swampert|354\/404 tox|[from] psn
|turn|5
|
|switch|p1a: Jirachi|Jirachi, shiny|403\/403
|-damage|p1a: Jirachi|378\/403|[from] Stealth Rock
|switch|p2a: Crobat|Crobat, F|311\/311
|
|-heal|p1a: Jirachi|403\/403|[from] item: Leftovers
|turn|6
|
|move|p2a: Crobat|U-turn|p1a: Jirachi
|-damage|p1a: Jirachi|311\/403
|
|switch|p2a: Hydreigon|Hydreigon, M|325\/325
|move|p1a: Jirachi|Moonblast|p2a: Hydreigon
|-supereffective|p2a: Hydreigon
|-damage|p2a: Hydreigon|0 fnt
|faint|p2a: Hydreigon
|
|-heal|p1a: Jirachi|336\/403|[from] item: Leftovers
|
|switch|p2a: Swampert|Swampert, M|354\/404 tox
|turn|7
|
|switch|p1a: Swampert|Swampert, M|303\/401
|-damage|p1a: Swampert|278\/401|[from] Stealth Rock
|move|p2a: Swampert|Scald|p1a: Swampert
|-damage|p1a: Swampert|191\/401
|-status|p1a: Swampert|brn
|
|-heal|p1a: Swampert|216\/401 brn|[from] item: Leftovers
|-heal|p2a: Swampert|379\/404 tox|[from] item: Leftovers
|-damage|p2a: Swampert|354\/404 tox|[from] psn
|-damage|p1a: Swampert|166\/401 brn|[from] brn
|turn|8
|
|switch|p2a: Chesnaught|Chesnaught, F, shiny|380\/380
|switch|p1a: Empoleon|Empoleon, M|371\/371
|-damage|p1a: Empoleon|348\/371|[from] Stealth Rock
|
|-heal|p1a: Empoleon|371\/371|[from] item: Leftovers
|turn|9
|
|move|p2a: Chesnaught|Leech Seed|p1a: Empoleon
|-start|p1a: Empoleon|move: Leech Seed
|move|p1a: Empoleon|Defog|p2a: Chesnaught
|-unboost|p2a: Chesnaught|evasion|1
|-sideend|p1: Tom Yabo|Stealth Rock|[from] move: Defog|[of] p1a: Empoleon
|
|-damage|p1a: Empoleon|325\/371|[from] Leech Seed|[of] p2a: Chesnaught
|turn|10
|
|move|p2a: Chesnaught|Leech Seed|p1a: Empoleon|[miss]
|-miss|p2a: Chesnaught|p1a: Empoleon
|move|p1a: Empoleon|Toxic|p2a: Chesnaught
|-status|p2a: Chesnaught|tox
|
|-heal|p1a: Empoleon|348\/371|[from] item: Leftovers
|-damage|p1a: Empoleon|302\/371|[from] Leech Seed|[of] p2a: Chesnaught
|-damage|p2a: Chesnaught|357\/380 tox|[from] psn
|turn|11
|join|LarryBusJr
|
|switch|p2a: Florges|Florges, F, shiny|360\/360
|switch|p1a: Crobat|Crobat, F|311\/311
|
|turn|12
|
|move|p1a: Crobat|Brave Bird|p2a: Florges
|-damage|p2a: Florges|14\/360
|-damage|p1a: Crobat|197\/311|[from] recoil|[of] p2a: Florges
|move|p2a: Florges|Wish|p2a: Florges
|
|-heal|p2a: Florges|36\/360|[from] item: Leftovers
|turn|13
|
|switch|p2a: Swampert|Swampert, M|354\/404 tox
|move|p1a: Crobat|Brave Bird|p2a: Swampert
|-damage|p2a: Swampert|174\/404 tox
|-damage|p1a: Crobat|138\/311|[from] recoil|[of] p2a: Swampert
|
|-heal|p2a: Swampert|354\/404 tox|[from] move: Wish|[wisher] Florges
|-heal|p2a: Swampert|379\/404 tox|[from] item: Leftovers
|-damage|p2a: Swampert|354\/404 tox|[from] psn
|turn|14
|
|switch|p1a: Sceptile|Sceptile, F|281\/281
|move|p2a: Swampert|Stealth Rock|p1a: Sceptile
|-sidestart|p1: Tom Yabo|move: Stealth Rock
|
|-heal|p2a: Swampert|379\/404 tox|[from] item: Leftovers
|-damage|p2a: Swampert|329\/404 tox|[from] psn
|turn|15
|
|switch|p2a: Florges|Florges, F, shiny|36\/360
|detailschange|p1a: Sceptile|Sceptile-Mega, F
|message|Sceptile has Mega Evolved into Mega Sceptile!
|move|p1a: Sceptile|Dragon Pulse|p2a: Florges
|-immune|p2a: Florges|[msg]
|
|-heal|p2a: Florges|58\/360|[from] item: Leftovers
|turn|16
|
|move|p1a: Sceptile|Giga Drain|p2a: Florges
|-damage|p2a: Florges|0 fnt
|faint|p2a: Florges
|
|
|switch|p2a: Crobat|Crobat, F|311\/311
|turn|17
|
|switch|p1a: Swampert|Swampert, M|166\/401 brn
|-damage|p1a: Swampert|141\/401 brn|[from] Stealth Rock
|move|p2a: Crobat|U-turn|p1a: Swampert
|-damage|p1a: Swampert|62\/401 brn
|
|switch|p2a: Gallade|Gallade-Mega, M|186\/277
|
|-heal|p1a: Swampert|87\/401 brn|[from] item: Leftovers
|-damage|p1a: Swampert|37\/401 brn|[from] brn
|turn|18
|
|move|p2a: Gallade|Psycho Cut|p1a: Swampert
|-damage|p1a: Swampert|0 fnt
|faint|p1a: Swampert
|
|
|switch|p1a: Crobat|Crobat, F|138\/311
|-damage|p1a: Crobat|61\/311|[from] Stealth Rock
|turn|19
|
|switch|p2a: Swampert|Swampert, M|329\/404 tox
|move|p1a: Crobat|Brave Bird|p2a: Swampert
|-damage|p2a: Swampert|124\/404 tox
|-damage|p1a: Crobat|0 fnt|[from] recoil|[of] p2a: Swampert
|faint|p1a: Crobat
|
|-heal|p2a: Swampert|149\/404 tox|[from] item: Leftovers
|-damage|p2a: Swampert|124\/404 tox|[from] psn
|
|switch|p1a: Sceptile|Sceptile-Mega, F|281\/281
|-damage|p1a: Sceptile|246\/281|[from] Stealth Rock
|turn|20
|
|move|p1a: Sceptile|Dragon Pulse|p2a: Swampert
|-crit|p2a: Swampert
|-damage|p2a: Swampert|0 fnt
|faint|p2a: Swampert
|
|
|switch|p2a: Crobat|Crobat, F|311\/311
|turn|21
|
|switch|p1a: Mienshao|Mienshao, F|271\/271
|-damage|p1a: Mienshao|255\/271|[from] Stealth Rock
|move|p2a: Crobat|U-turn|p1a: Mienshao
|-resisted|p1a: Mienshao
|-damage|p1a: Mienshao|180\/271
|
|switch|p2a: Chesnaught|Chesnaught, F, shiny|357\/380 tox
|
|-heal|p2a: Chesnaught|380\/380 tox|[from] item: Leftovers
|-damage|p2a: Chesnaught|357\/380 tox|[from] psn
|turn|22
|
|move|p1a: Mienshao|High Jump Kick|p2a: Chesnaught
|-damage|p2a: Chesnaught|197\/380 tox
|move|p2a: Chesnaught|Drain Punch|p1a: Mienshao
|-damage|p1a: Mienshao|39\/271
|-heal|p2a: Chesnaught|268\/380 tox|[from] drain|[of] p1a: Mienshao
|
|-heal|p2a: Chesnaught|291\/380 tox|[from] item: Leftovers
|-damage|p2a: Chesnaught|245\/380 tox|[from] psn
|turn|23
|
|move|p2a: Chesnaught|Spiky Shield|p2a: Chesnaught
|-singleturn|p2a: Chesnaught|move: Protect
|move|p1a: Mienshao|High Jump Kick|p2a: Chesnaught
|-activate|p2a: Chesnaught|move: Protect
|-damage|p1a: Mienshao|6\/271|[from] Spiky Shield|[of] p2a: Chesnaught
|-damage|p1a: Mienshao|0 fnt|[from] highjumpkick
|faint|p1a: Mienshao
|
|-heal|p2a: Chesnaught|268\/380 tox|[from] item: Leftovers
|-damage|p2a: Chesnaught|199\/380 tox|[from] psn
|
|switch|p1a: Empoleon|Empoleon, M|302\/371
|-damage|p1a: Empoleon|279\/371|[from] Stealth Rock
|turn|24
|
|move|p2a: Chesnaught|Drain Punch|p1a: Empoleon
|-supereffective|p1a: Empoleon
|-damage|p1a: Empoleon|67\/371
|-heal|p2a: Chesnaught|305\/380 tox|[from] drain|[of] p1a: Empoleon
|move|p1a: Empoleon|Defog|p2a: Chesnaught
|-unboost|p2a: Chesnaught|evasion|1
|-sideend|p1: Tom Yabo|Stealth Rock|[from] move: Defog|[of] p1a: Empoleon
|
|-heal|p2a: Chesnaught|328\/380 tox|[from] item: Leftovers
|-heal|p1a: Empoleon|90\/371|[from] item: Leftovers
|-damage|p2a: Chesnaught|236\/380 tox|[from] psn
|turn|25
|
|move|p1a: Empoleon|Protect|p1a: Empoleon
|-singleturn|p1a: Empoleon|Protect
|move|p2a: Chesnaught|Drain Punch|p1a: Empoleon
|-activate|p1a: Empoleon|Protect
|
|-heal|p2a: Chesnaught|259\/380 tox|[from] item: Leftovers
|-heal|p1a: Empoleon|113\/371|[from] item: Leftovers
|-damage|p2a: Chesnaught|144\/380 tox|[from] psn
|turn|26
|
|switch|p1a: Sceptile|Sceptile-Mega, F|246\/281
|move|p2a: Chesnaught|Drain Punch|p1a: Sceptile
|-damage|p1a: Sceptile|132\/281
|-heal|p2a: Chesnaught|201\/380 tox|[from] drain|[of] p1a: Sceptile
|
|-heal|p2a: Chesnaught|224\/380 tox|[from] item: Leftovers
|-damage|p2a: Chesnaught|86\/380 tox|[from] psn
|turn|27
|raw|<div class="broadcast-blue"><b>New seasonal, Sleigh Showdown, is out now!<\/b><\/div>
|
|move|p1a: Sceptile|Dragon Pulse|p2a: Chesnaught
|-damage|p2a: Chesnaught|0 fnt
|faint|p2a: Chesnaught
|
|
|switch|p2a: Crobat|Crobat, F|311\/311
|turn|28
|
|switch|p1a: Empoleon|Empoleon, M|113\/371
|move|p2a: Crobat|U-turn|p1a: Empoleon
|-resisted|p1a: Empoleon
|-damage|p1a: Empoleon|57\/371
|
|switch|p2a: Gallade|Gallade-Mega, M|186\/277
|
|-heal|p1a: Empoleon|80\/371|[from] item: Leftovers
|turn|29
|
|move|p2a: Gallade|Psycho Cut|p1a: Empoleon
|-resisted|p1a: Empoleon
|-damage|p1a: Empoleon|0 fnt
|faint|p1a: Empoleon
|
|
|switch|p1a: Sceptile|Sceptile-Mega, F|132\/281
|turn|30
|
|move|p1a: Sceptile|Dragon Pulse|p2a: Gallade
|-damage|p2a: Gallade|48\/277
|move|p2a: Gallade|Ice Punch|p1a: Sceptile
|-supereffective|p1a: Sceptile
|-damage|p1a: Sceptile|0 fnt
|faint|p1a: Sceptile
|
|
|switch|p1a: Jirachi|Jirachi, shiny|336\/403
|turn|31
|
|move|p2a: Gallade|Close Combat|p1a: Jirachi
|-damage|p1a: Jirachi|77\/403
|-unboost|p2a: Gallade|def|1
|-unboost|p2a: Gallade|spd|1
|move|p1a: Jirachi|Moonblast|p2a: Gallade
|-supereffective|p2a: Gallade
|-damage|p2a: Gallade|0 fnt
|faint|p2a: Gallade
|
|-heal|p1a: Jirachi|102\/403|[from] item: Leftovers
|
|switch|p2a: Crobat|Crobat, F|311\/311
|turn|32
|
|move|p2a: Crobat|U-turn|p1a: Jirachi
|-damage|p1a: Jirachi|7\/403
|move|p1a: Jirachi|Psyshock|p2a: Crobat
|-supereffective|p2a: Crobat
|-damage|p2a: Crobat|87\/311
|
|-heal|p1a: Jirachi|32\/403|[from] item: Leftovers
|turn|33
|c|âjojo|gg
|c|âTom Yabo|Gg
|c|âTom Yabo|Wow
|c|âTom Yabo|I should have protectd
|c|âTom Yabo|to make sure you went for cc
|
|move|p2a: Crobat|U-turn|p1a: Jirachi
|-damage|p1a: Jirachi|0 fnt
|faint|p1a: Jirachi
|
|win|jojo
|raw|Ladder updating...
|raw|Tom Yabo's rating: 1370 &rarr; <strong>1349<\/strong><br \/>(-21 for losing)
|raw|jojo's rating: 1346 &rarr; <strong>1368<\/strong><br \/>(+22 for winning)
|leave|Tom Yabo
|player|p1
|leave|LarryBusJr