|join|Amoonbro
|join|A Sprite fan
|player|p1|Amoonbro|1
|player|p2|A Sprite fan|124
|gametype|singles
|gen|6
|tier|OU
|rated
|clearpoke
|poke|p1|Chansey, F, shiny
|poke|p1|Skarmory, M, shiny
|poke|p1|Alomomola, F, shiny
|poke|p1|Amoonguss, M, shiny
|poke|p1|Quagsire, M, shiny
|poke|p1|Sableye, F, shiny
|poke|p2|Azelf
|poke|p2|Gallade, M
|poke|p2|Bisharp, M
|poke|p2|Manaphy
|poke|p2|Landorus-Therian, M
|poke|p2|Thundurus, M
|rule|Swagger Clause: Swagger is banned
|rule|Baton Pass Clause: Limit one PokÃ©mon knowing Baton Pass
|rule|Sleep Clause Mod: Limit one foe put to sleep
|rule|Species Clause: Limit one of each PokÃ©mon
|rule|OHKO Clause: OHKO moves are banned
|rule|Moody Clause: Moody is banned
|rule|Evasion Moves Clause: Evasion moves are banned
|rule|Endless Battle Clause: Forcing endless battles is banned
|rule|HP Percentage Mod: HP is shown in percentages
|teampreview
|
|start
|switch|p1a: Not Mega|Sableye, F, shiny|304\/304
|switch|p2a: Manaphy|Manaphy|369\/369
|turn|1
|
|switch|p1a: Mr Blobby|Amoonguss, M, shiny|432\/432
|move|p2a: Manaphy|Tail Glow|p2a: Manaphy
|-boost|p2a: Manaphy|spa|3
|
|turn|2
|
|move|p2a: Manaphy|Rain Dance|p2a: Manaphy
|-weather|RainDance
|move|p1a: Mr Blobby|Clear Smog|p2a: Manaphy
|-damage|p2a: Manaphy|321\/369
|-clearboost|p2a: Manaphy
|
|-weather|RainDance|[upkeep]
|-heal|p2a: Manaphy|344\/369|[from] item: Leftovers
|turn|3
|
|move|p2a: Manaphy|Tail Glow|p2a: Manaphy
|-boost|p2a: Manaphy|spa|3
|move|p1a: Mr Blobby|Giga Drain|p2a: Manaphy
|-crit|p2a: Manaphy
|-supereffective|p2a: Manaphy
|-damage|p2a: Manaphy|102\/369
|
|-weather|RainDance|[upkeep]
|-heal|p2a: Manaphy|125\/369|[from] item: Leftovers
|turn|4
|
|move|p2a: Manaphy|Ice Beam|p1a: Mr Blobby
|-supereffective|p1a: Mr Blobby
|-damage|p1a: Mr Blobby|54\/432
|move|p1a: Mr Blobby|Clear Smog|p2a: Manaphy
|-damage|p2a: Manaphy|76\/369
|-clearboost|p2a: Manaphy
|
|-weather|RainDance|[upkeep]
|-heal|p2a: Manaphy|99\/369|[from] item: Leftovers
|turn|5
|
|switch|p1a: Baby Blobby|Chansey, F, shiny|704\/704
|move|p2a: Manaphy|Scald|p1a: Baby Blobby
|-damage|p1a: Baby Blobby|580\/704
|-status|p1a: Baby Blobby|brn
|
|-weather|RainDance|[upkeep]
|-heal|p2a: Manaphy|122\/369|[from] item: Leftovers
|-damage|p1a: Baby Blobby|492\/704 brn|[from] brn
|turn|6
|
|move|p2a: Manaphy|Tail Glow|p2a: Manaphy
|-boost|p2a: Manaphy|spa|3
|move|p1a: Baby Blobby|Seismic Toss|p2a: Manaphy
|-damage|p2a: Manaphy|22\/369
|
|-weather|none
|-heal|p2a: Manaphy|45\/369|[from] item: Leftovers
|-damage|p1a: Baby Blobby|404\/704 brn|[from] brn
|turn|7
|
|move|p2a: Manaphy|Scald|p1a: Baby Blobby
|-damage|p1a: Baby Blobby|208\/704 brn
|move|p1a: Baby Blobby|Seismic Toss|p2a: Manaphy
|-damage|p2a: Manaphy|0 fnt
|faint|p2a: Manaphy
|
|-damage|p1a: Baby Blobby|120\/704 brn|[from] brn
|
|switch|p2a: Raijin|Thundurus, M|299\/299
|turn|8
|
|switch|p1a: Uncle Blobby|Quagsire, M, shiny|394\/394
|move|p2a: Raijin|Focus Blast|p1a: Uncle Blobby|[miss]
|-miss|p2a: Raijin|p1a: Uncle Blobby
|
|turn|9
|c|âA Sprite fan|haxy thing
|
|move|p2a: Raijin|Focus Blast|p1a: Uncle Blobby
|-damage|p1a: Uncle Blobby|118\/394
|-unboost|p1a: Uncle Blobby|spd|1
|-damage|p2a: Raijin|270\/299|[from] item: Life Orb
|move|p1a: Uncle Blobby|Scald|p2a: Raijin
|-damage|p2a: Raijin|192\/299
|
|-heal|p1a: Uncle Blobby|142\/394|[from] item: Leftovers
|turn|10
|
|switch|p1a: Mr Blobby|Amoonguss, M, shiny|198\/432
|move|p2a: Raijin|Hidden Power|p1a: Mr Blobby
|-supereffective|p1a: Mr Blobby
|-damage|p1a: Mr Blobby|42\/432
|-damage|p2a: Raijin|163\/299|[from] item: Life Orb
|
|turn|11
|
|switch|p1a: Baby Blobby|Chansey, F, shiny|120\/704
|move|p2a: Raijin|Thunderbolt|p1a: Baby Blobby
|-damage|p1a: Baby Blobby|0 fnt
|-damage|p2a: Raijin|134\/299|[from] item: Life Orb
|faint|p1a: Baby Blobby
|
|
|switch|p1a: Mr Blobby|Amoonguss, M, shiny|186\/432
|turn|12
|
|switch|p1a: Not Mega|Sableye, F, shiny|304\/304
|move|p2a: Raijin|Hidden Power|p1a: Not Mega
|-damage|p1a: Not Mega|178\/304
|-damage|p2a: Raijin|105\/299|[from] item: Life Orb
|
|turn|13
|
|switch|p2a: Bulk Up|Gallade, M|277\/277
|detailschange|p1a: Not Mega|Sableye-Mega, F, shiny
|-mega|p1a: Not Mega|Sableye|Sablenite
|move|p1a: Not Mega|Recover|p1a: Not Mega
|-heal|p1a: Not Mega|304\/304
|
|turn|14
|
|switch|p2a: Azelf|Azelf|291\/291
|move|p1a: Not Mega|Will-O-Wisp|p2a: Azelf
|-status|p2a: Azelf|brn
|
|-damage|p2a: Azelf|255\/291 brn|[from] brn
|turn|15
|
|move|p2a: Azelf|Fire Blast|p1a: Not Mega
|-damage|p1a: Not Mega|206\/304
|move|p1a: Not Mega|Knock Off|p2a: Azelf
|-supereffective|p2a: Azelf
|-damage|p2a: Azelf|0 fnt
|-enditem|p2a: Azelf|Focus Sash|[from] move: Knock Off|[of] p1a: Not Mega
|faint|p2a: Azelf
|
|
|switch|p2a: Raijin|Thundurus, M|105\/299
|turn|16
|
|move|p2a: Raijin|Thunderbolt|p1a: Not Mega
|-damage|p1a: Not Mega|11\/304
|-damage|p2a: Raijin|76\/299|[from] item: Life Orb
|move|p1a: Not Mega|Recover|p1a: Not Mega
|-heal|p1a: Not Mega|163\/304
|
|turn|17
|
|switch|p1a: Mr Blobby|Amoonguss, M, shiny|330\/432
|move|p2a: Raijin|Hidden Power|p1a: Mr Blobby
|-supereffective|p1a: Mr Blobby
|-damage|p1a: Mr Blobby|174\/432
|-damage|p2a: Raijin|47\/299|[from] item: Life Orb
|
|turn|18
|
|move|p2a: Raijin|Thunderbolt|p1a: Mr Blobby
|-resisted|p1a: Mr Blobby
|-damage|p1a: Mr Blobby|92\/432
|-damage|p2a: Raijin|18\/299|[from] item: Life Orb
|move|p1a: Mr Blobby|Giga Drain|p2a: Raijin
|-resisted|p2a: Raijin
|-damage|p2a: Raijin|0 fnt
|-heal|p1a: Mr Blobby|101\/432|[from] drain|[of] p2a: Raijin
|faint|p2a: Raijin
|
|
|switch|p2a: Bulk Up|Gallade, M|277\/277
|turn|19
|
|detailschange|p2a: Bulk Up|Gallade-Mega, M
|-mega|p2a: Bulk Up|Gallade|Galladite
|move|p2a: Bulk Up|Swords Dance|p2a: Bulk Up
|-boost|p2a: Bulk Up|atk|2
|move|p1a: Mr Blobby|Foul Play|p2a: Bulk Up
|-damage|p2a: Bulk Up|5\/277
|
|turn|20
|
|move|p2a: Bulk Up|Ice Punch|p1a: Mr Blobby
|-supereffective|p1a: Mr Blobby
|-damage|p1a: Mr Blobby|0 fnt
|faint|p1a: Mr Blobby
|
|
|switch|p1a: Mrs Blobby|Alomomola, F, shiny|529\/529
|turn|21
|
|move|p2a: Bulk Up|Close Combat|p1a: Mrs Blobby
|-damage|p1a: Mrs Blobby|85\/529
|-unboost|p2a: Bulk Up|def|1
|-unboost|p2a: Bulk Up|spd|1
|move|p1a: Mrs Blobby|Scald|p2a: Bulk Up
|-damage|p2a: Bulk Up|0 fnt
|faint|p2a: Bulk Up
|
|-heal|p1a: Mrs Blobby|118\/529|[from] item: Leftovers
|-message|A Sprite fan forfeited.
|
|win|Amoonbro
|raw|Ladder updating...
|leave|A Sprite fan
|player|p2
|raw|Amoonbro's rating: 1638 &rarr; <strong>1659<\/strong><br \/>(+21 for winning)
|raw|A Sprite fan's rating: 1663 &rarr; <strong>1642<\/strong><br \/>(-21 for losing)