|join|ShinMarko
|join|Amoonbro
|player|p1|ShinMarko|290
|player|p2|Amoonbro|1
|gametype|singles
|gen|6
|tier|OU
|rated
|clearpoke
|poke|p1|Landorus-Therian, M
|poke|p1|Gyarados, M
|poke|p1|Heatran, F
|poke|p1|Ferrothorn, M
|poke|p1|Mew, shiny
|poke|p1|Raikou
|poke|p2|Chansey, F, shiny
|poke|p2|Skarmory, M, shiny
|poke|p2|Alomomola, M, shiny
|poke|p2|Amoonguss, M, shiny
|poke|p2|Quagsire, M, shiny
|poke|p2|Sableye, F, shiny
|rule|Swagger Clause: Swagger is banned
|rule|Baton Pass Clause: Limit one PokÃ©mon knowing Baton Pass
|rule|Sleep Clause Mod: Limit one foe put to sleep
|rule|Species Clause: Limit one of each PokÃ©mon
|rule|OHKO Clause: OHKO moves are banned
|rule|Moody Clause: Moody is banned
|rule|Evasion Moves Clause: Evasion moves are banned
|rule|Endless Battle Clause: Forcing endless battles is banned
|rule|HP Percentage Mod: HP is shown in percentages
|teampreview
|c|âShinMarko|I was going out with my girlfriend, but now she has to wait xDD
|
|start
|switch|p1a: Gyarados|Gyarados, M|338\/338
|switch|p2a: Not Mega|Sableye, F, shiny|304\/304
|-ability|p1a: Gyarados|Intimidate|[of] p2a: Not Mega
|-unboost|p2a: Not Mega|atk|1
|turn|1
|
|switch|p1a: Heatran|Heatran, F|386\/386
|detailschange|p2a: Not Mega|Sableye-Mega, F, shiny
|-mega|p2a: Not Mega|Sableye|Sablenite
|move|p2a: Not Mega|Will-O-Wisp|p1a: Heatran
|-start|p1a: Heatran|ability: Flash Fire
|
|turn|2
|
|switch|p2a: Baby Blobby|Chansey, F, shiny|704\/704
|move|p1a: Heatran|Lava Plume|p2a: Baby Blobby
|-damage|p2a: Baby Blobby|592\/704
|-status|p2a: Baby Blobby|brn
|
|-damage|p2a: Baby Blobby|504\/704 brn|[from] brn
|turn|3
|
|move|p1a: Heatran|Stealth Rock|p2a: Baby Blobby
|-sidestart|p2: Amoonbro|move: Stealth Rock
|move|p2a: Baby Blobby|Soft-Boiled|p2a: Baby Blobby
|-heal|p2a: Baby Blobby|704\/704 brn
|
|-damage|p2a: Baby Blobby|616\/704 brn|[from] brn
|turn|4
|
|switch|p1a: Gyarados|Gyarados, M|338\/338
|-ability|p1a: Gyarados|Intimidate|[of] p2a: Baby Blobby
|-unboost|p2a: Baby Blobby|atk|1
|move|p2a: Baby Blobby|Heal Bell|p2a: Baby Blobby
|-cureteam|p2a: Baby Blobby|[from] move: HealBell
|
|turn|5
|
|move|p1a: Gyarados|Substitute|p1a: Gyarados
|-start|p1a: Gyarados|Substitute
|-damage|p1a: Gyarados|254\/338
|move|p2a: Baby Blobby|Toxic|p1a: Gyarados|[miss]
|-miss|p2a: Baby Blobby|p1a: Gyarados
|
|turn|6
|
|switch|p2a: Mr Blobby|Amoonguss, M, shiny|432\/432
|-damage|p2a: Mr Blobby|378\/432|[from] Stealth Rock
|detailschange|p1a: Gyarados|Gyarados-Mega, M
|-mega|p1a: Gyarados|Gyarados|Gyaradosite
|-ability|p1a: Gyarados|Mold Breaker
|move|p1a: Gyarados|Dragon Dance|p1a: Gyarados
|-boost|p1a: Gyarados|atk|1
|-boost|p1a: Gyarados|spe|1
|
|turn|7
|
|move|p1a: Gyarados|Crunch|p2a: Mr Blobby
|-damage|p2a: Mr Blobby|117\/432
|move|p2a: Mr Blobby|Giga Drain|p1a: Gyarados
|-supereffective|p1a: Gyarados
|-end|p1a: Gyarados|Substitute
|-heal|p2a: Mr Blobby|159\/432|[from] drain|[of] p1a: Gyarados
|
|turn|8
|
|switch|p2a: Not Mega|Sableye-Mega, F, shiny|304\/304
|-damage|p2a: Not Mega|266\/304|[from] Stealth Rock
|move|p1a: Gyarados|Crunch|p2a: Not Mega
|-damage|p2a: Not Mega|104\/304
|
|turn|9
|
|move|p1a: Gyarados|Crunch|p2a: Not Mega
|-damage|p2a: Not Mega|0 fnt
|faint|p2a: Not Mega
|
|
|switch|p2a: Fuck Magnezone|Skarmory, M, shiny|334\/334
|-damage|p2a: Fuck Magnezone|293\/334|[from] Stealth Rock
|turn|10
|
|move|p1a: Gyarados|Substitute|p1a: Gyarados
|-start|p1a: Gyarados|Substitute
|-damage|p1a: Gyarados|170\/338
|move|p2a: Fuck Magnezone|Defog|p1a: Gyarados
|-sideend|p2: Amoonbro|Stealth Rock|[from] move: Defog|[of] p2a: Fuck Magnezone
|
|turn|11
|
|move|p1a: Gyarados|Waterfall|p2a: Fuck Magnezone
|-damage|p2a: Fuck Magnezone|128\/334
|move|p2a: Fuck Magnezone|Brave Bird|p1a: Gyarados
|-end|p1a: Gyarados|Substitute
|-damage|p2a: Fuck Magnezone|100\/334|[from] recoil|[of] p1a: Gyarados
|
|turn|12
|
|move|p1a: Gyarados|Waterfall|p2a: Fuck Magnezone
|-damage|p2a: Fuck Magnezone|0 fnt
|faint|p2a: Fuck Magnezone
|
|
|switch|p2a: Mr Blobby|Amoonguss, M, shiny|303\/432
|turn|13
|
|switch|p1a: Heatran|Heatran, F|386\/386
|move|p2a: Mr Blobby|Giga Drain|p1a: Heatran
|-resisted|p1a: Heatran
|-damage|p1a: Heatran|373\/386
|-heal|p2a: Mr Blobby|310\/432|[from] drain|[of] p1a: Heatran
|
|-heal|p1a: Heatran|386\/386|[from] item: Leftovers
|turn|14
|
|switch|p2a: Uncle Blobby|Quagsire, M, shiny|394\/394
|move|p1a: Heatran|Toxic|p2a: Uncle Blobby
|-status|p2a: Uncle Blobby|tox
|
|-damage|p2a: Uncle Blobby|370\/394 tox|[from] psn
|turn|15
|
|move|p1a: Heatran|Stealth Rock|p2a: Uncle Blobby
|-sidestart|p2: Amoonbro|move: Stealth Rock
|move|p2a: Uncle Blobby|Earthquake|p1a: Heatran
|-crit|p1a: Heatran
|-supereffective|p1a: Heatran
|-damage|p1a: Heatran|0 fnt
|faint|p1a: Heatran
|
|-heal|p2a: Uncle Blobby|394\/394 tox|[from] item: Leftovers
|-damage|p2a: Uncle Blobby|346\/394 tox|[from] psn
|
|switch|p1a: Mew|Mew, shiny|404\/404
|turn|16
|
|switch|p2a: Mrs Blobby|Alomomola, M, shiny|529\/529
|-damage|p2a: Mrs Blobby|463\/529|[from] Stealth Rock
|move|p1a: Mew|Knock Off|p2a: Mrs Blobby
|-damage|p2a: Mrs Blobby|397\/529
|-enditem|p2a: Mrs Blobby|Leftovers|[from] move: Knock Off|[of] p1a: Mew
|
|turn|17
|
|move|p1a: Mew|Taunt|p2a: Mrs Blobby
|-start|p2a: Mrs Blobby|move: Taunt
|move|p2a: Mrs Blobby|Scald|p1a: Mew
|-damage|p1a: Mew|370\/404
|
|-heal|p1a: Mew|395\/404|[from] item: Leftovers
|turn|18
|
|move|p1a: Mew|Will-O-Wisp|p2a: Mrs Blobby
|-status|p2a: Mrs Blobby|brn
|move|p2a: Mrs Blobby|Scald|p1a: Mew
|-damage|p1a: Mew|361\/404
|
|-heal|p1a: Mew|386\/404|[from] item: Leftovers
|-damage|p2a: Mrs Blobby|331\/529 brn|[from] brn
|turn|19
|
|move|p1a: Mew|Knock Off|p2a: Mrs Blobby
|-damage|p2a: Mrs Blobby|286\/529 brn
|move|p2a: Mrs Blobby|Scald|p1a: Mew
|-damage|p1a: Mew|350\/404
|-status|p1a: Mew|brn
|
|-heal|p1a: Mew|375\/404 brn|[from] item: Leftovers
|-damage|p1a: Mew|325\/404 brn|[from] brn
|-damage|p2a: Mrs Blobby|220\/529 brn|[from] brn
|-end|p2a: Mrs Blobby|move: Taunt
|turn|20
|
|switch|p2a: Baby Blobby|Chansey, F, shiny|616\/704
|-damage|p2a: Baby Blobby|528\/704|[from] Stealth Rock
|move|p1a: Mew|Taunt|p2a: Baby Blobby
|-start|p2a: Baby Blobby|move: Taunt
|
|-heal|p1a: Mew|350\/404 brn|[from] item: Leftovers
|-damage|p1a: Mew|300\/404 brn|[from] brn
|turn|21
|
|switch|p2a: Mrs Blobby|Alomomola, M, shiny|396\/529 brn
|-damage|p2a: Mrs Blobby|330\/529 brn|[from] Stealth Rock
|move|p1a: Mew|Knock Off|p2a: Mrs Blobby
|-damage|p2a: Mrs Blobby|306\/529 brn
|
|-heal|p1a: Mew|325\/404 brn|[from] item: Leftovers
|-damage|p1a: Mew|275\/404 brn|[from] brn
|-damage|p2a: Mrs Blobby|240\/529 brn|[from] brn
|turn|22
|
|switch|p2a: Mr Blobby|Amoonguss, M, shiny|432\/432
|-damage|p2a: Mr Blobby|378\/432|[from] Stealth Rock
|move|p1a: Mew|Taunt|p2a: Mr Blobby
|-start|p2a: Mr Blobby|move: Taunt
|
|-heal|p1a: Mew|300\/404 brn|[from] item: Leftovers
|-damage|p1a: Mew|250\/404 brn|[from] brn
|turn|23
|
|move|p1a: Mew|Knock Off|p2a: Mr Blobby
|-damage|p2a: Mr Blobby|340\/432
|-enditem|p2a: Mr Blobby|Assault Vest|[from] move: Knock Off|[of] p1a: Mew
|move|p2a: Mr Blobby|Foul Play|p1a: Mew
|-supereffective|p1a: Mew
|-damage|p1a: Mew|108\/404 brn
|
|-heal|p1a: Mew|133\/404 brn|[from] item: Leftovers
|-damage|p1a: Mew|83\/404 brn|[from] brn
|turn|24
|
|move|p1a: Mew|Soft-Boiled|p1a: Mew
|-heal|p1a: Mew|285\/404 brn
|move|p2a: Mr Blobby|Foul Play|p1a: Mew
|-supereffective|p1a: Mew
|-damage|p1a: Mew|149\/404 brn
|
|-heal|p1a: Mew|174\/404 brn|[from] item: Leftovers
|-damage|p1a: Mew|124\/404 brn|[from] brn
|turn|25
|
|move|p1a: Mew|Soft-Boiled|p1a: Mew
|-heal|p1a: Mew|326\/404 brn
|move|p2a: Mr Blobby|Foul Play|p1a: Mew
|-supereffective|p1a: Mew
|-damage|p1a: Mew|190\/404 brn
|
|-heal|p1a: Mew|215\/404 brn|[from] item: Leftovers
|-damage|p1a: Mew|165\/404 brn|[from] brn
|-end|p2a: Mr Blobby|move: Taunt
|turn|26
|
|move|p1a: Mew|Soft-Boiled|p1a: Mew
|-heal|p1a: Mew|367\/404 brn
|move|p2a: Mr Blobby|Foul Play|p1a: Mew
|-supereffective|p1a: Mew
|-damage|p1a: Mew|231\/404 brn
|
|-heal|p1a: Mew|256\/404 brn|[from] item: Leftovers
|-damage|p1a: Mew|206\/404 brn|[from] brn
|turn|27
|
|switch|p1a: Ferrothorn|Ferrothorn, M|352\/352
|move|p2a: Mr Blobby|Foul Play|p1a: Ferrothorn
|-damage|p1a: Ferrothorn|302\/352
|-damage|p2a: Mr Blobby|286\/432|[from] ability: Iron Barbs|[of] p1a: Ferrothorn
|
|-heal|p1a: Ferrothorn|324\/352|[from] item: Leftovers
|turn|28
|
|move|p2a: Mr Blobby|Hidden Power|p1a: Ferrothorn
|-supereffective|p1a: Ferrothorn
|-damage|p1a: Ferrothorn|188\/352
|move|p1a: Ferrothorn|Thunder Wave|p2a: Mr Blobby
|-status|p2a: Mr Blobby|par
|
|-heal|p1a: Ferrothorn|210\/352|[from] item: Leftovers
|turn|29
|
|move|p1a: Ferrothorn|Gyro Ball|p2a: Mr Blobby
|-damage|p2a: Mr Blobby|271\/432 par
|move|p2a: Mr Blobby|Hidden Power|p1a: Ferrothorn
|-supereffective|p1a: Ferrothorn
|-damage|p1a: Ferrothorn|82\/352
|
|-heal|p1a: Ferrothorn|104\/352|[from] item: Leftovers
|turn|30
|
|move|p1a: Ferrothorn|Protect|p1a: Ferrothorn
|-singleturn|p1a: Ferrothorn|Protect
|move|p2a: Mr Blobby|Hidden Power|p1a: Ferrothorn
|-activate|p1a: Ferrothorn|Protect
|
|-heal|p1a: Ferrothorn|126\/352|[from] item: Leftovers
|turn|31
|
|switch|p1a: Landorus-Therian|Landorus-Therian, M|319\/319
|-ability|p1a: Landorus-Therian|Intimidate|[of] p2a: Mr Blobby
|-unboost|p2a: Mr Blobby|atk|1
|switch|p2a: Baby Blobby|Chansey, F, shiny|528\/704
|-damage|p2a: Baby Blobby|440\/704|[from] Stealth Rock
|
|turn|32
|
|move|p1a: Landorus-Therian|Earthquake|p2a: Baby Blobby
|-damage|p2a: Baby Blobby|146\/704
|move|p2a: Baby Blobby|Soft-Boiled|p2a: Baby Blobby
|-heal|p2a: Baby Blobby|498\/704
|
|turn|33
|
|move|p1a: Landorus-Therian|Earthquake|p2a: Baby Blobby
|-damage|p2a: Baby Blobby|210\/704
|move|p2a: Baby Blobby|Soft-Boiled|p2a: Baby Blobby
|-heal|p2a: Baby Blobby|562\/704
|
|turn|34
|
|switch|p1a: Mew|Mew, shiny|206\/404 brn
|move|p2a: Baby Blobby|Soft-Boiled|p2a: Baby Blobby
|-heal|p2a: Baby Blobby|704\/704
|
|-heal|p1a: Mew|231\/404 brn|[from] item: Leftovers
|-damage|p1a: Mew|181\/404 brn|[from] brn
|turn|35
|
|move|p1a: Mew|Soft-Boiled|p1a: Mew
|-heal|p1a: Mew|383\/404 brn
|move|p2a: Baby Blobby|Seismic Toss|p1a: Mew
|-damage|p1a: Mew|283\/404 brn
|
|-heal|p1a: Mew|308\/404 brn|[from] item: Leftovers
|-damage|p1a: Mew|258\/404 brn|[from] brn
|turn|36
|
|move|p1a: Mew|Knock Off|p2a: Baby Blobby
|-damage|p2a: Baby Blobby|655\/704
|-enditem|p2a: Baby Blobby|Eviolite|[from] move: Knock Off|[of] p1a: Mew
|move|p2a: Baby Blobby|Heal Bell|p2a: Baby Blobby
|-cureteam|p2a: Baby Blobby|[from] move: HealBell
|
|-heal|p1a: Mew|283\/404 brn|[from] item: Leftovers
|-damage|p1a: Mew|233\/404 brn|[from] brn
|turn|37
|
|move|p1a: Mew|Soft-Boiled|p1a: Mew
|-heal|p1a: Mew|404\/404 brn
|move|p2a: Baby Blobby|Seismic Toss|p1a: Mew
|-damage|p1a: Mew|304\/404 brn
|
|-heal|p1a: Mew|329\/404 brn|[from] item: Leftovers
|-damage|p1a: Mew|279\/404 brn|[from] brn
|turn|38
|
|switch|p1a: Landorus-Therian|Landorus-Therian, M|319\/319
|-ability|p1a: Landorus-Therian|Intimidate|[of] p2a: Baby Blobby
|-unboost|p2a: Baby Blobby|atk|1
|move|p2a: Baby Blobby|Seismic Toss|p1a: Landorus-Therian
|-damage|p1a: Landorus-Therian|219\/319
|
|turn|39
|
|switch|p2a: Mrs Blobby|Alomomola, M, shiny|416\/529
|-damage|p2a: Mrs Blobby|350\/529|[from] Stealth Rock
|move|p1a: Landorus-Therian|Earthquake|p2a: Mrs Blobby
|-damage|p2a: Mrs Blobby|184\/529
|
|turn|40
|
|switch|p1a: Raikou|Raikou|322\/322
|-ability|p1a: Raikou|Pressure
|move|p2a: Mrs Blobby|Wish|p2a: Mrs Blobby
|
|turn|41
|
|move|p2a: Mrs Blobby|Protect|p2a: Mrs Blobby
|-singleturn|p2a: Mrs Blobby|Protect
|move|p1a: Raikou|Volt Switch|p2a: Mrs Blobby
|-activate|p2a: Mrs Blobby|Protect
|
|-heal|p2a: Mrs Blobby|448\/529|[from] move: Wish|[wisher] Mrs Blobby
|turn|42
|
|switch|p2a: Mr Blobby|Amoonguss, M, shiny|415\/432
|-damage|p2a: Mr Blobby|361\/432|[from] Stealth Rock
|move|p1a: Raikou|Volt Switch|p2a: Mr Blobby
|-resisted|p2a: Mr Blobby
|-damage|p2a: Mr Blobby|263\/432
|
|switch|p1a: Landorus-Therian|Landorus-Therian, M|219\/319
|-ability|p1a: Landorus-Therian|Intimidate|[of] p2a: Mr Blobby
|-unboost|p2a: Mr Blobby|atk|1
|
|turn|43
|
|switch|p2a: Mrs Blobby|Alomomola, M, shiny|529\/529
|-damage|p2a: Mrs Blobby|463\/529|[from] Stealth Rock
|move|p1a: Landorus-Therian|U-turn|p2a: Mrs Blobby
|-damage|p2a: Mrs Blobby|378\/529
|
|switch|p1a: Gyarados|Gyarados-Mega, M|170\/338
|-ability|p1a: Gyarados|Mold Breaker
|
|turn|44
|
|switch|p2a: Mr Blobby|Amoonguss, M, shiny|407\/432
|-damage|p2a: Mr Blobby|353\/432|[from] Stealth Rock
|move|p1a: Gyarados|Substitute|p1a: Gyarados
|-start|p1a: Gyarados|Substitute
|-damage|p1a: Gyarados|86\/338
|
|turn|45
|
|move|p1a: Gyarados|Crunch|p2a: Mr Blobby
|-damage|p2a: Mr Blobby|187\/432
|-unboost|p2a: Mr Blobby|def|1
|move|p2a: Mr Blobby|Giga Drain|p1a: Gyarados
|-crit|p1a: Gyarados
|-supereffective|p1a: Gyarados
|-end|p1a: Gyarados|Substitute
|-heal|p2a: Mr Blobby|229\/432|[from] drain|[of] p1a: Gyarados
|
|turn|46
|
|switch|p2a: Mrs Blobby|Alomomola, M, shiny|529\/529
|-damage|p2a: Mrs Blobby|463\/529|[from] Stealth Rock
|move|p1a: Gyarados|Crunch|p2a: Mrs Blobby
|-damage|p2a: Mrs Blobby|325\/529
|
|turn|47
|
|switch|p2a: Mr Blobby|Amoonguss, M, shiny|373\/432
|-damage|p2a: Mr Blobby|319\/432|[from] Stealth Rock
|move|p1a: Gyarados|Substitute|p1a: Gyarados
|-start|p1a: Gyarados|Substitute
|-damage|p1a: Gyarados|2\/338
|
|turn|48
|
|move|p1a: Gyarados|Crunch|p2a: Mr Blobby
|-damage|p2a: Mr Blobby|147\/432
|move|p2a: Mr Blobby|Giga Drain|p1a: Gyarados
|-supereffective|p1a: Gyarados
|-end|p1a: Gyarados|Substitute
|-heal|p2a: Mr Blobby|189\/432|[from] drain|[of] p1a: Gyarados
|
|turn|49
|
|switch|p2a: Mrs Blobby|Alomomola, M, shiny|501\/529
|-damage|p2a: Mrs Blobby|435\/529|[from] Stealth Rock
|move|p1a: Gyarados|Crunch|p2a: Mrs Blobby
|-damage|p2a: Mrs Blobby|278\/529
|-unboost|p2a: Mrs Blobby|def|1
|
|turn|50
|
|move|p1a: Gyarados|Crunch|p2a: Mrs Blobby
|-damage|p2a: Mrs Blobby|64\/529
|move|p2a: Mrs Blobby|Toxic|p1a: Gyarados
|-status|p1a: Gyarados|tox
|
|-damage|p1a: Gyarados|0 fnt|[from] psn
|faint|p1a: Gyarados
|
|switch|p1a: Landorus-Therian|Landorus-Therian, M|219\/319
|-ability|p1a: Landorus-Therian|Intimidate|[of] p2a: Mrs Blobby
|-unboost|p2a: Mrs Blobby|atk|1
|turn|51
|
|switch|p2a: Uncle Blobby|Quagsire, M, shiny|346\/394
|-damage|p2a: Uncle Blobby|322\/394|[from] Stealth Rock
|move|p1a: Landorus-Therian|Earthquake|p2a: Uncle Blobby
|-damage|p2a: Uncle Blobby|160\/394
|
|-heal|p2a: Uncle Blobby|184\/394|[from] item: Leftovers
|turn|52
|
|move|p1a: Landorus-Therian|Earthquake|p2a: Uncle Blobby
|-damage|p2a: Uncle Blobby|4\/394
|move|p2a: Uncle Blobby|Recover|p2a: Uncle Blobby
|-heal|p2a: Uncle Blobby|201\/394
|
|-heal|p2a: Uncle Blobby|225\/394|[from] item: Leftovers
|turn|53
|
|switch|p1a: Mew|Mew, shiny|279\/404 brn
|move|p2a: Uncle Blobby|Recover|p2a: Uncle Blobby
|-heal|p2a: Uncle Blobby|394\/394
|
|-heal|p1a: Mew|304\/404 brn|[from] item: Leftovers
|-damage|p1a: Mew|254\/404 brn|[from] brn
|turn|54
|
|switch|p2a: Mrs Blobby|Alomomola, M, shiny|240\/529
|-damage|p2a: Mrs Blobby|174\/529|[from] Stealth Rock
|move|p1a: Mew|Will-O-Wisp|p2a: Mrs Blobby|[miss]
|-miss|p1a: Mew|p2a: Mrs Blobby
|
|-heal|p1a: Mew|279\/404 brn|[from] item: Leftovers
|-damage|p1a: Mew|229\/404 brn|[from] brn
|turn|55
|
|switch|p2a: Mr Blobby|Amoonguss, M, shiny|333\/432
|-damage|p2a: Mr Blobby|279\/432|[from] Stealth Rock
|move|p1a: Mew|Will-O-Wisp|p2a: Mr Blobby
|-status|p2a: Mr Blobby|brn
|
|-heal|p1a: Mew|254\/404 brn|[from] item: Leftovers
|-damage|p1a: Mew|204\/404 brn|[from] brn
|-damage|p2a: Mr Blobby|225\/432 brn|[from] brn
|turn|56
|
|switch|p2a: Mrs Blobby|Alomomola, M, shiny|350\/529
|-damage|p2a: Mrs Blobby|284\/529|[from] Stealth Rock
|move|p1a: Mew|Soft-Boiled|p1a: Mew
|-heal|p1a: Mew|404\/404 brn
|
|-damage|p1a: Mew|354\/404 brn|[from] brn
|turn|57
|
|switch|p2a: Mr Blobby|Amoonguss, M, shiny|369\/432 brn
|-damage|p2a: Mr Blobby|315\/432 brn|[from] Stealth Rock
|move|p1a: Mew|Will-O-Wisp|p2a: Mr Blobby|[miss]
|-miss|p1a: Mew|p2a: Mr Blobby
|
|-heal|p1a: Mew|379\/404 brn|[from] item: Leftovers
|-damage|p1a: Mew|329\/404 brn|[from] brn
|-damage|p2a: Mr Blobby|261\/432 brn|[from] brn
|turn|58
|
|switch|p2a: Mrs Blobby|Alomomola, M, shiny|460\/529
|-damage|p2a: Mrs Blobby|394\/529|[from] Stealth Rock
|move|p1a: Mew|Will-O-Wisp|p2a: Mrs Blobby
|-status|p2a: Mrs Blobby|brn
|
|-heal|p1a: Mew|354\/404 brn|[from] item: Leftovers
|-damage|p1a: Mew|304\/404 brn|[from] brn
|-damage|p2a: Mrs Blobby|328\/529 brn|[from] brn
|turn|59
|
|move|p1a: Mew|Taunt|p2a: Mrs Blobby
|-start|p2a: Mrs Blobby|move: Taunt
|cant|p2a: Mrs Blobby|move: Taunt|Wish
|
|-heal|p1a: Mew|329\/404 brn|[from] item: Leftovers
|-damage|p1a: Mew|279\/404 brn|[from] brn
|-damage|p2a: Mrs Blobby|262\/529 brn|[from] brn
|turn|60
|
|switch|p1a: Raikou|Raikou|322\/322
|-ability|p1a: Raikou|Pressure
|switch|p2a: Mr Blobby|Amoonguss, M, shiny|405\/432 brn
|-damage|p2a: Mr Blobby|351\/432 brn|[from] Stealth Rock
|
|-damage|p2a: Mr Blobby|297\/432 brn|[from] brn
|turn|61
|
|move|p1a: Raikou|Volt Switch|p2a: Mr Blobby
|-resisted|p2a: Mr Blobby
|-damage|p2a: Mr Blobby|189\/432 brn
|
|switch|p1a: Ferrothorn|Ferrothorn, M|126\/352
|move|p2a: Mr Blobby|Foul Play|p1a: Ferrothorn
|-damage|p1a: Ferrothorn|104\/352
|-damage|p2a: Mr Blobby|135\/432 brn|[from] ability: Iron Barbs|[of] p1a: Ferrothorn
|
|-heal|p1a: Ferrothorn|126\/352|[from] item: Leftovers
|-damage|p2a: Mr Blobby|81\/432 brn|[from] brn
|turn|62
|
|switch|p2a: Baby Blobby|Chansey, F, shiny|655\/704
|-damage|p2a: Baby Blobby|567\/704|[from] Stealth Rock
|switch|p1a: Landorus-Therian|Landorus-Therian, M|219\/319
|-ability|p1a: Landorus-Therian|Intimidate|[of] p2a: Baby Blobby
|-unboost|p2a: Baby Blobby|atk|1
|
|turn|63
|
|switch|p2a: Uncle Blobby|Quagsire, M, shiny|394\/394
|-damage|p2a: Uncle Blobby|370\/394|[from] Stealth Rock
|move|p1a: Landorus-Therian|Earthquake|p2a: Uncle Blobby
|-crit|p2a: Uncle Blobby
|-damage|p2a: Uncle Blobby|123\/394
|
|-heal|p2a: Uncle Blobby|147\/394|[from] item: Leftovers
|turn|64
|
|move|p1a: Landorus-Therian|Earthquake|p2a: Uncle Blobby
|-damage|p2a: Uncle Blobby|0 fnt
|faint|p2a: Uncle Blobby
|
|
|switch|p2a: Mrs Blobby|Alomomola, M, shiny|438\/529 brn
|-damage|p2a: Mrs Blobby|372\/529 brn|[from] Stealth Rock
|turn|65
|
|switch|p1a: Raikou|Raikou|322\/322
|-ability|p1a: Raikou|Pressure
|move|p2a: Mrs Blobby|Scald|p1a: Raikou
|-damage|p1a: Raikou|277\/322
|
|-damage|p2a: Mrs Blobby|306\/529 brn|[from] brn
|turn|66
|
|switch|p2a: Baby Blobby|Chansey, F, shiny|567\/704
|-damage|p2a: Baby Blobby|479\/704|[from] Stealth Rock
|move|p1a: Raikou|Volt Switch|p2a: Baby Blobby
|-damage|p2a: Baby Blobby|322\/704
|
|switch|p1a: Landorus-Therian|Landorus-Therian, M|219\/319
|-ability|p1a: Landorus-Therian|Intimidate|[of] p2a: Baby Blobby
|-unboost|p2a: Baby Blobby|atk|1
|
|turn|67
|
|switch|p2a: Mrs Blobby|Alomomola, M, shiny|482\/529 brn
|-damage|p2a: Mrs Blobby|416\/529 brn|[from] Stealth Rock
|move|p1a: Landorus-Therian|U-turn|p2a: Mrs Blobby
|-damage|p2a: Mrs Blobby|336\/529 brn
|
|switch|p1a: Raikou|Raikou|277\/322
|-ability|p1a: Raikou|Pressure
|
|-damage|p2a: Mrs Blobby|270\/529 brn|[from] brn
|turn|68
|
|switch|p2a: Mr Blobby|Amoonguss, M, shiny|225\/432 brn
|-damage|p2a: Mr Blobby|171\/432 brn|[from] Stealth Rock
|move|p1a: Raikou|Thunderbolt|p2a: Mr Blobby
|-resisted|p2a: Mr Blobby
|-damage|p2a: Mr Blobby|48\/432 brn
|
|-damage|p2a: Mr Blobby|0 fnt|[from] brn
|faint|p2a: Mr Blobby
|
|switch|p2a: Baby Blobby|Chansey, F, shiny|322\/704
|-damage|p2a: Baby Blobby|234\/704|[from] Stealth Rock
|turn|69
|
|switch|p1a: Landorus-Therian|Landorus-Therian, M|219\/319
|-ability|p1a: Landorus-Therian|Intimidate|[of] p2a: Baby Blobby
|-unboost|p2a: Baby Blobby|atk|1
|move|p2a: Baby Blobby|Soft-Boiled|p2a: Baby Blobby
|-heal|p2a: Baby Blobby|586\/704
|
|turn|70
|
|switch|p2a: Mrs Blobby|Alomomola, M, shiny|446\/529 brn
|-damage|p2a: Mrs Blobby|380\/529 brn|[from] Stealth Rock
|move|p1a: Landorus-Therian|Explosion|p2a: Mrs Blobby
|-damage|p2a: Mrs Blobby|79\/529 brn
|faint|p1a: Landorus-Therian
|
|-damage|p2a: Mrs Blobby|13\/529 brn|[from] brn
|
|switch|p1a: Raikou|Raikou|277\/322
|-ability|p1a: Raikou|Pressure
|turn|71
|
|switch|p2a: Baby Blobby|Chansey, F, shiny|586\/704
|-damage|p2a: Baby Blobby|498\/704|[from] Stealth Rock
|move|p1a: Raikou|Volt Switch|p2a: Baby Blobby
|-damage|p2a: Baby Blobby|327\/704
|
|switch|p1a: Ferrothorn|Ferrothorn, M|126\/352
|
|-heal|p1a: Ferrothorn|148\/352|[from] item: Leftovers
|turn|72
|
|move|p2a: Baby Blobby|Soft-Boiled|p2a: Baby Blobby
|-heal|p2a: Baby Blobby|679\/704
|move|p1a: Ferrothorn|Leech Seed|p2a: Baby Blobby|[miss]
|-miss|p1a: Ferrothorn|p2a: Baby Blobby
|
|-heal|p1a: Ferrothorn|170\/352|[from] item: Leftovers
|turn|73
|
|move|p2a: Baby Blobby|Heal Bell|p2a: Baby Blobby
|-cureteam|p2a: Baby Blobby|[from] move: HealBell
|move|p1a: Ferrothorn|Leech Seed|p2a: Baby Blobby|[miss]
|-miss|p1a: Ferrothorn|p2a: Baby Blobby
|
|-heal|p1a: Ferrothorn|192\/352|[from] item: Leftovers
|turn|74
|
|switch|p2a: Mrs Blobby|Alomomola, M, shiny|189\/529
|-damage|p2a: Mrs Blobby|123\/529|[from] Stealth Rock
|move|p1a: Ferrothorn|Leech Seed|p2a: Mrs Blobby
|-start|p2a: Mrs Blobby|move: Leech Seed
|
|-heal|p1a: Ferrothorn|214\/352|[from] item: Leftovers
|-damage|p2a: Mrs Blobby|57\/529|[from] Leech Seed|[of] p1a: Ferrothorn
|-heal|p1a: Ferrothorn|280\/352|[silent]
|turn|75
|
|switch|p2a: Baby Blobby|Chansey, F, shiny|679\/704
|-damage|p2a: Baby Blobby|591\/704|[from] Stealth Rock
|move|p1a: Ferrothorn|Thunder Wave|p2a: Baby Blobby
|-status|p2a: Baby Blobby|par
|
|-heal|p1a: Ferrothorn|302\/352|[from] item: Leftovers
|turn|76
|
|switch|p1a: Raikou|Raikou|277\/322
|-ability|p1a: Raikou|Pressure
|switch|p2a: Mrs Blobby|Alomomola, M, shiny|233\/529
|-damage|p2a: Mrs Blobby|167\/529|[from] Stealth Rock
|
|turn|77
|
|switch|p2a: Baby Blobby|Chansey, F, shiny|591\/704
|-damage|p2a: Baby Blobby|503\/704|[from] Stealth Rock
|move|p1a: Raikou|Volt Switch|p2a: Baby Blobby
|-damage|p2a: Baby Blobby|329\/704
|
|switch|p1a: Ferrothorn|Ferrothorn, M|302\/352
|
|-heal|p1a: Ferrothorn|324\/352|[from] item: Leftovers
|turn|78
|
|move|p2a: Baby Blobby|Soft-Boiled|p2a: Baby Blobby
|-heal|p2a: Baby Blobby|681\/704
|move|p1a: Ferrothorn|Leech Seed|p2a: Baby Blobby
|-start|p2a: Baby Blobby|move: Leech Seed
|
|-heal|p1a: Ferrothorn|346\/352|[from] item: Leftovers
|-damage|p2a: Baby Blobby|593\/704|[from] Leech Seed|[of] p1a: Ferrothorn
|-heal|p1a: Ferrothorn|352\/352|[silent]
|turn|79
|
|switch|p2a: Mrs Blobby|Alomomola, M, shiny|343\/529
|-damage|p2a: Mrs Blobby|277\/529|[from] Stealth Rock
|move|p1a: Ferrothorn|Thunder Wave|p2a: Mrs Blobby
|-status|p2a: Mrs Blobby|par
|
|turn|80
|
|move|p2a: Mrs Blobby|Wish|p2a: Mrs Blobby
|move|p1a: Ferrothorn|Leech Seed|p2a: Mrs Blobby
|-start|p2a: Mrs Blobby|move: Leech Seed
|
|-damage|p2a: Mrs Blobby|211\/529 par|[from] Leech Seed|[of] p1a: Ferrothorn
|turn|81
|
|switch|p1a: Mew|Mew, shiny|279\/404 brn
|move|p2a: Mrs Blobby|Toxic|p1a: Mew
|-fail|p1a: Mew
|
|-heal|p2a: Mrs Blobby|475\/529 par|[from] move: Wish|[wisher] Mrs Blobby
|-heal|p1a: Mew|304\/404 brn|[from] item: Leftovers
|-damage|p2a: Mrs Blobby|409\/529 par|[from] Leech Seed|[of] p1a: Mew
|-heal|p1a: Mew|370\/404 brn|[silent]
|-damage|p1a: Mew|320\/404 brn|[from] brn
|turn|82
|
|switch|p2a: Baby Blobby|Chansey, F, shiny|593\/704
|-damage|p2a: Baby Blobby|505\/704|[from] Stealth Rock
|move|p1a: Mew|Taunt|p2a: Baby Blobby
|-start|p2a: Baby Blobby|move: Taunt
|
|-heal|p1a: Mew|345\/404 brn|[from] item: Leftovers
|-damage|p1a: Mew|295\/404 brn|[from] brn
|turn|83
|
|switch|p1a: Raikou|Raikou|277\/322
|-ability|p1a: Raikou|Pressure
|move|p2a: Baby Blobby|Seismic Toss|p1a: Raikou
|-damage|p1a: Raikou|177\/322
|
|turn|84
|
|move|p1a: Raikou|Thunderbolt|p2a: Baby Blobby
|-damage|p2a: Baby Blobby|301\/704
|move|p2a: Baby Blobby|Seismic Toss|p1a: Raikou
|-damage|p1a: Raikou|77\/322
|
|turn|85
|
|switch|p1a: Ferrothorn|Ferrothorn, M|352\/352
|move|p2a: Baby Blobby|Seismic Toss|p1a: Ferrothorn
|-damage|p1a: Ferrothorn|252\/352
|-damage|p2a: Baby Blobby|213\/704|[from] ability: Iron Barbs|[of] p1a: Ferrothorn
|
|-heal|p1a: Ferrothorn|274\/352|[from] item: Leftovers
|-end|p2a: Baby Blobby|move: Taunt
|turn|86
|
|move|p2a: Baby Blobby|Soft-Boiled|p2a: Baby Blobby
|-heal|p2a: Baby Blobby|565\/704
|move|p1a: Ferrothorn|Leech Seed|p2a: Baby Blobby
|-start|p2a: Baby Blobby|move: Leech Seed
|
|-heal|p1a: Ferrothorn|296\/352|[from] item: Leftovers
|-damage|p2a: Baby Blobby|477\/704|[from] Leech Seed|[of] p1a: Ferrothorn
|-heal|p1a: Ferrothorn|352\/352|[silent]
|turn|87
|
|switch|p1a: Mew|Mew, shiny|295\/404 brn
|move|p2a: Baby Blobby|Soft-Boiled|p2a: Baby Blobby
|-heal|p2a: Baby Blobby|704\/704
|
|-heal|p1a: Mew|320\/404 brn|[from] item: Leftovers
|-damage|p2a: Baby Blobby|616\/704|[from] Leech Seed|[of] p1a: Mew
|-heal|p1a: Mew|404\/404 brn|[silent]
|-damage|p1a: Mew|354\/404 brn|[from] brn
|turn|88
|
|switch|p2a: Mrs Blobby|Alomomola, M, shiny|529\/529 par
|-damage|p2a: Mrs Blobby|463\/529 par|[from] Stealth Rock
|move|p1a: Mew|Taunt|p2a: Mrs Blobby
|-start|p2a: Mrs Blobby|move: Taunt
|
|-heal|p1a: Mew|379\/404 brn|[from] item: Leftovers
|-damage|p1a: Mew|329\/404 brn|[from] brn
|turn|89
|
|move|p1a: Mew|Knock Off|p2a: Mrs Blobby
|-damage|p2a: Mrs Blobby|442\/529 par
|cant|p2a: Mrs Blobby|par
|
|-heal|p1a: Mew|354\/404 brn|[from] item: Leftovers
|-damage|p1a: Mew|304\/404 brn|[from] brn
|turn|90
|
|switch|p1a: Ferrothorn|Ferrothorn, M|352\/352
|move|p2a: Mrs Blobby|Scald|p1a: Ferrothorn
|-resisted|p1a: Ferrothorn
|-damage|p1a: Ferrothorn|332\/352
|
|-heal|p1a: Ferrothorn|352\/352|[from] item: Leftovers
|turn|91
|
|cant|p2a: Mrs Blobby|par
|move|p1a: Ferrothorn|Leech Seed|p2a: Mrs Blobby
|-start|p2a: Mrs Blobby|move: Leech Seed
|
|-damage|p2a: Mrs Blobby|376\/529 par|[from] Leech Seed|[of] p1a: Ferrothorn
|-end|p2a: Mrs Blobby|move: Taunt
|turn|92
|
|switch|p1a: Mew|Mew, shiny|304\/404 brn
|move|p2a: Mrs Blobby|Scald|p1a: Mew
|-damage|p1a: Mew|268\/404 brn
|
|-heal|p1a: Mew|293\/404 brn|[from] item: Leftovers
|-damage|p2a: Mrs Blobby|310\/529 par|[from] Leech Seed|[of] p1a: Mew
|-heal|p1a: Mew|359\/404 brn|[silent]
|-damage|p1a: Mew|309\/404 brn|[from] brn
|turn|93
|
|switch|p2a: Baby Blobby|Chansey, F, shiny|616\/704
|-damage|p2a: Baby Blobby|528\/704|[from] Stealth Rock
|move|p1a: Mew|Taunt|p2a: Baby Blobby
|-start|p2a: Baby Blobby|move: Taunt
|
|-heal|p1a: Mew|334\/404 brn|[from] item: Leftovers
|-damage|p1a: Mew|284\/404 brn|[from] brn
|turn|94
|
|move|p1a: Mew|Knock Off|p2a: Baby Blobby
|-damage|p2a: Baby Blobby|476\/704
|move|p2a: Baby Blobby|Seismic Toss|p1a: Mew
|-damage|p1a: Mew|184\/404 brn
|
|-heal|p1a: Mew|209\/404 brn|[from] item: Leftovers
|-damage|p1a: Mew|159\/404 brn|[from] brn
|turn|95
|
|switch|p2a: Mrs Blobby|Alomomola, M, shiny|486\/529 par
|-damage|p2a: Mrs Blobby|420\/529 par|[from] Stealth Rock
|move|p1a: Mew|Soft-Boiled|p1a: Mew
|-heal|p1a: Mew|361\/404 brn
|
|-heal|p1a: Mew|386\/404 brn|[from] item: Leftovers
|-damage|p1a: Mew|336\/404 brn|[from] brn
|turn|96
|
|move|p1a: Mew|Knock Off|p2a: Mrs Blobby
|-damage|p2a: Mrs Blobby|399\/529 par
|move|p2a: Mrs Blobby|Scald|p1a: Mew
|-damage|p1a: Mew|299\/404 brn
|
|-heal|p1a: Mew|324\/404 brn|[from] item: Leftovers
|-damage|p1a: Mew|274\/404 brn|[from] brn
|turn|97
|
|move|p1a: Mew|Taunt|p2a: Mrs Blobby
|-start|p2a: Mrs Blobby|move: Taunt
|cant|p2a: Mrs Blobby|move: Taunt|Wish
|
|-heal|p1a: Mew|299\/404 brn|[from] item: Leftovers
|-damage|p1a: Mew|249\/404 brn|[from] brn
|turn|98
|
|switch|p1a: Ferrothorn|Ferrothorn, M|352\/352
|move|p2a: Mrs Blobby|Scald|p1a: Ferrothorn
|-resisted|p1a: Ferrothorn
|-damage|p1a: Ferrothorn|331\/352
|-status|p1a: Ferrothorn|brn
|
|-heal|p1a: Ferrothorn|352\/352 brn|[from] item: Leftovers
|-damage|p1a: Ferrothorn|308\/352 brn|[from] brn
|turn|99
|
|switch|p2a: Baby Blobby|Chansey, F, shiny|476\/704
|-damage|p2a: Baby Blobby|388\/704|[from] Stealth Rock
|switch|p1a: Mew|Mew, shiny|249\/404 brn
|
|-heal|p1a: Mew|274\/404 brn|[from] item: Leftovers
|-damage|p1a: Mew|224\/404 brn|[from] brn
|turn|100
|
|switch|p2a: Mrs Blobby|Alomomola, M, shiny|529\/529 par
|-damage|p2a: Mrs Blobby|463\/529 par|[from] Stealth Rock
|move|p1a: Mew|Taunt|p2a: Mrs Blobby
|-start|p2a: Mrs Blobby|move: Taunt
|
|-heal|p1a: Mew|249\/404 brn|[from] item: Leftovers
|-damage|p1a: Mew|199\/404 brn|[from] brn
|turn|101
|
|switch|p1a: Ferrothorn|Ferrothorn, M|308\/352 brn
|move|p2a: Mrs Blobby|Scald|p1a: Ferrothorn
|-resisted|p1a: Ferrothorn
|-damage|p1a: Ferrothorn|288\/352 brn
|
|-heal|p1a: Ferrothorn|310\/352 brn|[from] item: Leftovers
|-damage|p1a: Ferrothorn|266\/352 brn|[from] brn
|turn|102
|
|switch|p2a: Baby Blobby|Chansey, F, shiny|388\/704
|-damage|p2a: Baby Blobby|300\/704|[from] Stealth Rock
|switch|p1a: Mew|Mew, shiny|199\/404 brn
|
|-heal|p1a: Mew|224\/404 brn|[from] item: Leftovers
|-damage|p1a: Mew|174\/404 brn|[from] brn
|turn|103
|
|move|p1a: Mew|Taunt|p2a: Baby Blobby
|-start|p2a: Baby Blobby|move: Taunt
|cant|p2a: Baby Blobby|move: Taunt|Soft-Boiled
|
|-heal|p1a: Mew|199\/404 brn|[from] item: Leftovers
|-damage|p1a: Mew|149\/404 brn|[from] brn
|turn|104
|
|move|p1a: Mew|Soft-Boiled|p1a: Mew
|-heal|p1a: Mew|351\/404 brn
|move|p2a: Baby Blobby|Seismic Toss|p1a: Mew
|-damage|p1a: Mew|251\/404 brn
|
|-heal|p1a: Mew|276\/404 brn|[from] item: Leftovers
|-damage|p1a: Mew|226\/404 brn|[from] brn
|turn|105
|
|move|p1a: Mew|Knock Off|p2a: Baby Blobby
|-damage|p2a: Baby Blobby|253\/704
|move|p2a: Baby Blobby|Seismic Toss|p1a: Mew
|-damage|p1a: Mew|126\/404 brn
|
|-heal|p1a: Mew|151\/404 brn|[from] item: Leftovers
|-damage|p1a: Mew|101\/404 brn|[from] brn
|-end|p2a: Baby Blobby|move: Taunt
|turn|106
|
|move|p1a: Mew|Soft-Boiled|p1a: Mew
|-heal|p1a: Mew|303\/404 brn
|move|p2a: Baby Blobby|Soft-Boiled|p2a: Baby Blobby
|-heal|p2a: Baby Blobby|605\/704
|
|-heal|p1a: Mew|328\/404 brn|[from] item: Leftovers
|-damage|p1a: Mew|278\/404 brn|[from] brn
|turn|107
|
|move|p1a: Mew|Will-O-Wisp|p2a: Baby Blobby
|-status|p2a: Baby Blobby|brn
|move|p2a: Baby Blobby|Seismic Toss|p1a: Mew
|-damage|p1a: Mew|178\/404 brn
|
|-heal|p1a: Mew|203\/404 brn|[from] item: Leftovers
|-damage|p1a: Mew|153\/404 brn|[from] brn
|-damage|p2a: Baby Blobby|517\/704 brn|[from] brn
|turn|108
|
|switch|p2a: Mrs Blobby|Alomomola, M, shiny|529\/529 par
|-damage|p2a: Mrs Blobby|463\/529 par|[from] Stealth Rock
|move|p1a: Mew|Soft-Boiled|p1a: Mew
|-heal|p1a: Mew|355\/404 brn
|
|-heal|p1a: Mew|380\/404 brn|[from] item: Leftovers
|-damage|p1a: Mew|330\/404 brn|[from] brn
|turn|109
|
|move|p1a: Mew|Taunt|p2a: Mrs Blobby
|-start|p2a: Mrs Blobby|move: Taunt
|cant|p2a: Mrs Blobby|par
|
|-heal|p1a: Mew|355\/404 brn|[from] item: Leftovers
|-damage|p1a: Mew|305\/404 brn|[from] brn
|turn|110
|
|switch|p1a: Ferrothorn|Ferrothorn, M|266\/352 brn
|cant|p2a: Mrs Blobby|par
|
|-heal|p1a: Ferrothorn|288\/352 brn|[from] item: Leftovers
|-damage|p1a: Ferrothorn|244\/352 brn|[from] brn
|turn|111
|
|switch|p2a: Baby Blobby|Chansey, F, shiny|517\/704
|-damage|p2a: Baby Blobby|429\/704|[from] Stealth Rock
|switch|p1a: Mew|Mew, shiny|305\/404 brn
|
|-heal|p1a: Mew|330\/404 brn|[from] item: Leftovers
|-damage|p1a: Mew|280\/404 brn|[from] brn
|turn|112
|
|move|p1a: Mew|Taunt|p2a: Baby Blobby
|-start|p2a: Baby Blobby|move: Taunt
|move|p2a: Baby Blobby|Seismic Toss|p1a: Mew
|-damage|p1a: Mew|180\/404 brn
|
|-heal|p1a: Mew|205\/404 brn|[from] item: Leftovers
|-damage|p1a: Mew|155\/404 brn|[from] brn
|turn|113
|
|switch|p1a: Ferrothorn|Ferrothorn, M|244\/352 brn
|move|p2a: Baby Blobby|Seismic Toss|p1a: Ferrothorn
|-damage|p1a: Ferrothorn|144\/352 brn
|-damage|p2a: Baby Blobby|341\/704|[from] ability: Iron Barbs|[of] p1a: Ferrothorn
|
|-heal|p1a: Ferrothorn|166\/352 brn|[from] item: Leftovers
|-damage|p1a: Ferrothorn|122\/352 brn|[from] brn
|turn|114
|
|switch|p2a: Mrs Blobby|Alomomola, M, shiny|529\/529 par
|-damage|p2a: Mrs Blobby|463\/529 par|[from] Stealth Rock
|switch|p1a: Mew|Mew, shiny|155\/404 brn
|
|-heal|p1a: Mew|180\/404 brn|[from] item: Leftovers
|-damage|p1a: Mew|130\/404 brn|[from] brn
|turn|115
|
|move|p1a: Mew|Taunt|p2a: Mrs Blobby
|-start|p2a: Mrs Blobby|move: Taunt
|cant|p2a: Mrs Blobby|move: Taunt|Wish
|
|-heal|p1a: Mew|155\/404 brn|[from] item: Leftovers
|-damage|p1a: Mew|105\/404 brn|[from] brn
|turn|116
|
|move|p1a: Mew|Soft-Boiled|p1a: Mew
|-heal|p1a: Mew|307\/404 brn
|cant|p2a: Mrs Blobby|par
|
|-heal|p1a: Mew|332\/404 brn|[from] item: Leftovers
|-damage|p1a: Mew|282\/404 brn|[from] brn
|turn|117
|
|move|p1a: Mew|Knock Off|p2a: Mrs Blobby
|-damage|p2a: Mrs Blobby|442\/529 par
|move|p2a: Mrs Blobby|Scald|p1a: Mew
|-damage|p1a: Mew|249\/404 brn
|
|-heal|p1a: Mew|274\/404 brn|[from] item: Leftovers
|-damage|p1a: Mew|224\/404 brn|[from] brn
|-end|p2a: Mrs Blobby|move: Taunt
|turn|118
|
|move|p1a: Mew|Taunt|p2a: Mrs Blobby
|-start|p2a: Mrs Blobby|move: Taunt
|move|p2a: Mrs Blobby|Scald|p1a: Mew
|-damage|p1a: Mew|185\/404 brn
|
|-heal|p1a: Mew|210\/404 brn|[from] item: Leftovers
|-damage|p1a: Mew|160\/404 brn|[from] brn
|turn|119
|
|move|p1a: Mew|Soft-Boiled|p1a: Mew
|-heal|p1a: Mew|362\/404 brn
|cant|p2a: Mrs Blobby|par
|
|-heal|p1a: Mew|387\/404 brn|[from] item: Leftovers
|-damage|p1a: Mew|337\/404 brn|[from] brn
|turn|120
|
|switch|p1a: Ferrothorn|Ferrothorn, M|122\/352 brn
|move|p2a: Mrs Blobby|Scald|p1a: Ferrothorn
|-resisted|p1a: Ferrothorn
|-damage|p1a: Ferrothorn|103\/352 brn
|
|-heal|p1a: Ferrothorn|125\/352 brn|[from] item: Leftovers
|-damage|p1a: Ferrothorn|81\/352 brn|[from] brn
|-end|p2a: Mrs Blobby|move: Taunt
|turn|121
|
|switch|p1a: Raikou|Raikou|77\/322
|-ability|p1a: Raikou|Pressure
|move|p2a: Mrs Blobby|Wish|p2a: Mrs Blobby
|
|turn|122
|
|switch|p2a: Baby Blobby|Chansey, F, shiny|341\/704
|-damage|p2a: Baby Blobby|253\/704|[from] Stealth Rock
|move|p1a: Raikou|Thunderbolt|p2a: Baby Blobby
|-crit|p2a: Baby Blobby
|-damage|p2a: Baby Blobby|0 fnt
|faint|p2a: Baby Blobby
|
|-message|Amoonbro forfeited.
|leave|Amoonbro
|
|win|ShinMarko
|raw|Ladder updating...
|raw|ShinMarko's rating: 1705 &rarr; <strong>1725<\/strong><br \/>(+20 for winning)
|raw|Amoonbro's rating: 1720 &rarr; <strong>1699<\/strong><br \/>(-21 for losing)
|player|p2