|join|Amoonbro
|join|nintendistagamer
|player|p1|Amoonbro|1
|player|p2|nintendistagamer|137
|gametype|singles
|gen|6
|tier|OU
|rated
|clearpoke
|poke|p1|Chansey, F, shiny
|poke|p1|Skarmory, F, shiny
|poke|p1|Alomomola, F, shiny
|poke|p1|Amoonguss, F, shiny
|poke|p1|Quagsire, F, shiny
|poke|p1|Sableye, M, shiny
|poke|p2|Charizard, F
|poke|p2|Tornadus-Therian, M
|poke|p2|Starmie
|poke|p2|Ferrothorn, M
|poke|p2|Bisharp, F
|poke|p2|Latios, M
|rule|Swagger Clause: Swagger is banned
|rule|Baton Pass Clause: Limit one PokÃ©mon knowing Baton Pass
|rule|Sleep Clause Mod: Limit one foe put to sleep
|rule|Species Clause: Limit one of each PokÃ©mon
|rule|OHKO Clause: OHKO moves are banned
|rule|Moody Clause: Moody is banned
|rule|Evasion Moves Clause: Evasion moves are banned
|rule|Endless Battle Clause: Forcing endless battles is banned
|rule|HP Percentage Mod: HP is shown in percentages
|teampreview
|join|Luis coco
|c| Luis coco|stall
|
|start
|switch|p1a: Not Mega|Sableye, M, shiny|304\/304
|switch|p2a: Charizard|Charizard, F|360\/360
|turn|1
|c| Luis coco|mas sua team quebra stall
|
|switch|p1a: Baby Blobby|Chansey, F, shiny|704\/704
|detailschange|p2a: Charizard|Charizard-Mega-X, F
|-mega|p2a: Charizard|Charizard|Charizardite X
|move|p2a: Charizard|Dragon Claw|p1a: Baby Blobby
|-damage|p1a: Baby Blobby|479\/704
|
|turn|2
|
|switch|p1a: Mrs Blobby|Alomomola, F, shiny|529\/529
|move|p2a: Charizard|Will-O-Wisp|p1a: Mrs Blobby
|-status|p1a: Mrs Blobby|brn
|
|-damage|p1a: Mrs Blobby|463\/529 brn|[from] brn
|turn|3
|
|switch|p2a: Ferrothorn|Ferrothorn, M|352\/352
|move|p1a: Mrs Blobby|Scald|p2a: Ferrothorn
|-resisted|p2a: Ferrothorn
|-damage|p2a: Ferrothorn|331\/352
|
|-heal|p1a: Mrs Blobby|496\/529 brn|[from] item: Leftovers
|-heal|p2a: Ferrothorn|352\/352|[from] item: Leftovers
|-damage|p1a: Mrs Blobby|430\/529 brn|[from] brn
|turn|4
|
|switch|p1a: Not Mega|Sableye, M, shiny|304\/304
|move|p2a: Ferrothorn|Stealth Rock|p1a: Not Mega
|-sidestart|p1: Amoonbro|move: Stealth Rock
|
|turn|5
|
|switch|p2a: Charizard|Charizard-Mega-X, F|360\/360
|detailschange|p1a: Not Mega|Sableye-Mega, M, shiny
|-mega|p1a: Not Mega|Sableye|Sablenite
|move|p1a: Not Mega|Knock Off|p2a: Charizard
|-damage|p2a: Charizard|300\/360
|
|turn|6
|
|move|p2a: Charizard|Will-O-Wisp|p1a: Not Mega
|move|p1a: Not Mega|Will-O-Wisp|p2a: Charizard|[from]Magic Bounce
|-fail|p2a: Charizard
|move|p1a: Not Mega|Toxic|p2a: Charizard
|-status|p2a: Charizard|tox
|
|-damage|p2a: Charizard|278\/360 tox|[from] psn
|turn|7
|c| Luis coco|eu ja vii esse time
|c| Luis coco|n sei aonde
|c|ânintendistagamer|masoq
|
|switch|p2a: Tornadus-Therian|Tornadus-Therian, M|299\/299
|switch|p1a: Mrs Blobby|Alomomola, F, shiny|529\/529 brn
|-damage|p1a: Mrs Blobby|463\/529 brn|[from] Stealth Rock
|
|-heal|p1a: Mrs Blobby|496\/529 brn|[from] item: Leftovers
|-damage|p1a: Mrs Blobby|430\/529 brn|[from] brn
|turn|8
|
|move|p2a: Tornadus-Therian|Hurricane|p1a: Mrs Blobby|[miss]
|-miss|p2a: Tornadus-Therian|p1a: Mrs Blobby
|move|p1a: Mrs Blobby|Toxic|p2a: Tornadus-Therian
|-status|p2a: Tornadus-Therian|tox
|
|-heal|p1a: Mrs Blobby|463\/529 brn|[from] item: Leftovers
|-damage|p2a: Tornadus-Therian|281\/299 tox|[from] psn
|-damage|p1a: Mrs Blobby|397\/529 brn|[from] brn
|turn|9
|c|ânintendistagamer|ia matar
|
|move|p1a: Mrs Blobby|Protect|p1a: Mrs Blobby
|-singleturn|p1a: Mrs Blobby|Protect
|move|p2a: Tornadus-Therian|Hurricane|p1a: Mrs Blobby
|-activate|p1a: Mrs Blobby|Protect
|
|-heal|p1a: Mrs Blobby|430\/529 brn|[from] item: Leftovers
|-damage|p2a: Tornadus-Therian|245\/299 tox|[from] psn
|-damage|p1a: Mrs Blobby|364\/529 brn|[from] brn
|turn|10
|
|switch|p1a: Fuck Magnezone|Skarmory, F, shiny|334\/334
|-damage|p1a: Fuck Magnezone|293\/334|[from] Stealth Rock
|move|p2a: Tornadus-Therian|Knock Off|p1a: Fuck Magnezone
|-damage|p1a: Fuck Magnezone|237\/334
|-enditem|p1a: Fuck Magnezone|Shed Shell|[from] move: Knock Off|[of] p2a: Tornadus-Therian
|-damage|p2a: Tornadus-Therian|216\/299 tox|[from] item: Life Orb
|
|-damage|p2a: Tornadus-Therian|162\/299 tox|[from] psn
|turn|11
|
|switch|p2a: Starmie|Starmie|261\/261
|move|p1a: Fuck Magnezone|Defog|p2a: Starmie
|-unboost|p2a: Starmie|evasion|1
|-sideend|p1: Amoonbro|Stealth Rock|[from] move: Defog|[of] p1a: Fuck Magnezone
|
|turn|12
|
|switch|p2a: Bisharp|Bisharp, F|271\/271
|switch|p1a: Baby Blobby|Chansey, F, shiny|479\/704
|
|turn|13
|
|switch|p1a: Uncle Blobby|Quagsire, F, shiny|394\/394
|move|p2a: Bisharp|Knock Off|p1a: Uncle Blobby
|-damage|p1a: Uncle Blobby|215\/394
|-enditem|p1a: Uncle Blobby|Leftovers|[from] move: Knock Off|[of] p2a: Bisharp
|-damage|p2a: Bisharp|244\/271|[from] item: Life Orb
|
|turn|14
|
|move|p2a: Bisharp|Iron Head|p1a: Uncle Blobby
|-resisted|p1a: Uncle Blobby
|-damage|p1a: Uncle Blobby|146\/394
|-damage|p2a: Bisharp|217\/271|[from] item: Life Orb
|move|p1a: Uncle Blobby|Recover|p1a: Uncle Blobby
|-heal|p1a: Uncle Blobby|343\/394
|
|turn|15
|c|ânintendistagamer|caralhu
|c|ânintendistagamer|o cara faz eu errar na hora que tenho que acertar
|
|switch|p2a: Ferrothorn|Ferrothorn, M|352\/352
|move|p1a: Uncle Blobby|Earthquake|p2a: Ferrothorn
|-damage|p2a: Ferrothorn|292\/352
|
|-heal|p2a: Ferrothorn|314\/352|[from] item: Leftovers
|turn|16
|c|ânintendistagamer|puts
|
|switch|p1a: Not Mega|Sableye-Mega, M, shiny|304\/304
|move|p2a: Ferrothorn|Power Whip|p1a: Not Mega|[miss]
|-miss|p2a: Ferrothorn|p1a: Not Mega
|
|-heal|p2a: Ferrothorn|336\/352|[from] item: Leftovers
|turn|17
|
|switch|p2a: Charizard|Charizard-Mega-X, F|278\/360 tox
|move|p1a: Not Mega|Knock Off|p2a: Charizard
|-damage|p2a: Charizard|221\/360 tox
|
|-damage|p2a: Charizard|199\/360 tox|[from] psn
|turn|18
|
|switch|p2a: Starmie|Starmie|261\/261
|switch|p1a: Mrs Blobby|Alomomola, F, shiny|529\/529 brn
|
|-damage|p1a: Mrs Blobby|463\/529 brn|[from] brn
|turn|19
|
|switch|p2a: Tornadus-Therian|Tornadus-Therian, M|261\/299 tox
|switch|p1a: Baby Blobby|Chansey, F, shiny|479\/704
|
|-damage|p2a: Tornadus-Therian|243\/299 tox|[from] psn
|turn|20
|
|switch|p1a: Mr Blobby|Amoonguss, F, shiny|432\/432
|move|p2a: Tornadus-Therian|Knock Off|p1a: Mr Blobby
|-damage|p1a: Mr Blobby|340\/432
|-enditem|p1a: Mr Blobby|Assault Vest|[from] move: Knock Off|[of] p2a: Tornadus-Therian
|-damage|p2a: Tornadus-Therian|214\/299 tox|[from] item: Life Orb
|
|-damage|p2a: Tornadus-Therian|178\/299 tox|[from] psn
|turn|21
|
|switch|p1a: Fuck Magnezone|Skarmory, F, shiny|237\/334
|move|p2a: Tornadus-Therian|Hurricane|p1a: Fuck Magnezone
|-resisted|p1a: Fuck Magnezone
|-damage|p1a: Fuck Magnezone|85\/334
|-damage|p2a: Tornadus-Therian|149\/299 tox|[from] item: Life Orb
|
|-damage|p2a: Tornadus-Therian|95\/299 tox|[from] psn
|turn|22
|
|move|p2a: Tornadus-Therian|Focus Blast|p1a: Fuck Magnezone|[miss]
|-miss|p2a: Tornadus-Therian|p1a: Fuck Magnezone
|move|p1a: Fuck Magnezone|Roost|p1a: Fuck Magnezone
|-heal|p1a: Fuck Magnezone|252\/334
|
|-damage|p2a: Tornadus-Therian|23\/299 tox|[from] psn
|turn|23
|c| Luis coco|mds
|c| Luis coco|q ax
|c| Luis coco|hax
|c| Luis coco|hax
|c| Luis coco|hax
|
|move|p2a: Tornadus-Therian|Focus Blast|p1a: Fuck Magnezone
|-damage|p1a: Fuck Magnezone|13\/334
|-damage|p2a: Tornadus-Therian|0 fnt|[from] item: Life Orb
|faint|p2a: Tornadus-Therian
|move|p1a: Fuck Magnezone|Roost|p1a: Fuck Magnezone
|-heal|p1a: Fuck Magnezone|180\/334
|
|c| Luis coco|4 lol
|c|ânintendistagamer|o cara nem tem noÃ§Ã£o que te qual poke mata outro poke
|c|ânintendistagamer|Ã© hax de noob isso
|
|switch|p2a: Starmie|Starmie|261\/261
|turn|24
|
|move|p2a: Starmie|Psyshock|p1a: Fuck Magnezone
|-resisted|p1a: Fuck Magnezone
|-damage|p1a: Fuck Magnezone|137\/334
|-damage|p2a: Starmie|235\/261|[from] item: Life Orb
|move|p1a: Fuck Magnezone|Roost|p1a: Fuck Magnezone
|-heal|p1a: Fuck Magnezone|304\/334
|
|turn|25
|
|switch|p1a: Baby Blobby|Chansey, F, shiny|479\/704
|move|p2a: Starmie|Psyshock|p1a: Baby Blobby
|-crit|p1a: Baby Blobby
|-damage|p1a: Baby Blobby|170\/704
|-damage|p2a: Starmie|209\/261|[from] item: Life Orb
|
|turn|26
|
|switch|p1a: Fuck Magnezone|Skarmory, F, shiny|304\/334
|move|p2a: Starmie|Psyshock|p1a: Fuck Magnezone
|-resisted|p1a: Fuck Magnezone
|-damage|p1a: Fuck Magnezone|262\/334
|-damage|p2a: Starmie|183\/261|[from] item: Life Orb
|
|turn|27
|
|move|p2a: Starmie|Hydro Pump|p1a: Fuck Magnezone
|-damage|p1a: Fuck Magnezone|0 fnt
|-damage|p2a: Starmie|157\/261|[from] item: Life Orb
|faint|p1a: Fuck Magnezone
|
|
|switch|p1a: Mr Blobby|Amoonguss, F, shiny|432\/432
|turn|28
|
|switch|p2a: Ferrothorn|Ferrothorn, M|336\/352
|move|p1a: Mr Blobby|Giga Drain|p2a: Ferrothorn
|-resisted|p2a: Ferrothorn
|-damage|p2a: Ferrothorn|318\/352
|
|-heal|p2a: Ferrothorn|340\/352|[from] item: Leftovers
|turn|29
|
|switch|p1a: Not Mega|Sableye-Mega, M, shiny|304\/304
|switch|p2a: Charizard|Charizard-Mega-X, F|199\/360 tox
|
|-damage|p2a: Charizard|177\/360 tox|[from] psn
|turn|30
|
|switch|p1a: Mrs Blobby|Alomomola, F, shiny|529\/529 brn
|move|p2a: Charizard|Roost|p2a: Charizard
|-heal|p2a: Charizard|357\/360 tox
|
|-damage|p2a: Charizard|313\/360 tox|[from] psn
|-damage|p1a: Mrs Blobby|463\/529 brn|[from] brn
|turn|31
|
|switch|p2a: Latios|Latios, M|301\/301
|move|p1a: Mrs Blobby|Wish|p1a: Mrs Blobby
|
|-heal|p1a: Mrs Blobby|496\/529 brn|[from] item: Leftovers
|-damage|p1a: Mrs Blobby|430\/529 brn|[from] brn
|turn|32
|
|move|p2a: Latios|Psyshock|p1a: Mrs Blobby
|-damage|p1a: Mrs Blobby|269\/529 brn
|-damage|p2a: Latios|271\/301|[from] item: Life Orb
|move|p1a: Mrs Blobby|Toxic|p2a: Latios
|-status|p2a: Latios|tox
|
|-heal|p1a: Mrs Blobby|529\/529 brn|[from] move: Wish|[wisher] Mrs Blobby
|-damage|p2a: Latios|253\/301 tox|[from] psn
|-damage|p1a: Mrs Blobby|463\/529 brn|[from] brn
|turn|33
|
|move|p1a: Mrs Blobby|Protect|p1a: Mrs Blobby
|-singleturn|p1a: Mrs Blobby|Protect
|move|p2a: Latios|Thunderbolt|p1a: Mrs Blobby
|-activate|p1a: Mrs Blobby|Protect
|
|-heal|p1a: Mrs Blobby|496\/529 brn|[from] item: Leftovers
|-damage|p2a: Latios|217\/301 tox|[from] psn
|-damage|p1a: Mrs Blobby|430\/529 brn|[from] brn
|turn|34
|c| Luis coco|'-'
|c|ânintendistagamer|eu nÃ£o queria que ele curasse a chansey
|
|switch|p1a: Mr Blobby|Amoonguss, F, shiny|432\/432
|move|p2a: Latios|Draco Meteor|p1a: Mr Blobby
|-damage|p1a: Mr Blobby|46\/432
|-unboost|p2a: Latios|spa|2
|-damage|p2a: Latios|187\/301 tox|[from] item: Life Orb
|
|-damage|p2a: Latios|133\/301 tox|[from] psn
|turn|35
|c|ânintendistagamer|nÃ£o digo nada
|
|switch|p2a: Bisharp|Bisharp, F|217\/271
|switch|p1a: Mrs Blobby|Alomomola, F, shiny|529\/529 brn
|
|-damage|p1a: Mrs Blobby|463\/529 brn|[from] brn
|turn|36
|
|move|p2a: Bisharp|Swords Dance|p2a: Bisharp
|-boost|p2a: Bisharp|atk|2
|move|p1a: Mrs Blobby|Wish|p1a: Mrs Blobby
|
|-heal|p1a: Mrs Blobby|496\/529 brn|[from] item: Leftovers
|-damage|p1a: Mrs Blobby|430\/529 brn|[from] brn
|turn|37
|
|switch|p1a: Uncle Blobby|Quagsire, F, shiny|343\/394
|move|p2a: Bisharp|Knock Off|p1a: Uncle Blobby
|-damage|p1a: Uncle Blobby|221\/394
|-damage|p2a: Bisharp|190\/271|[from] item: Life Orb
|
|-heal|p1a: Uncle Blobby|394\/394|[from] move: Wish|[wisher] Mrs Blobby
|turn|38
|
|move|p2a: Bisharp|Iron Head|p1a: Uncle Blobby
|-resisted|p1a: Uncle Blobby
|-damage|p1a: Uncle Blobby|320\/394
|-damage|p2a: Bisharp|163\/271|[from] item: Life Orb
|move|p1a: Uncle Blobby|Scald|p2a: Bisharp
|-damage|p2a: Bisharp|78\/271
|
|turn|39
|
|move|p2a: Bisharp|Knock Off|p1a: Uncle Blobby
|-damage|p1a: Uncle Blobby|211\/394
|-damage|p2a: Bisharp|51\/271|[from] item: Life Orb
|move|p1a: Uncle Blobby|Recover|p1a: Uncle Blobby
|-heal|p1a: Uncle Blobby|394\/394
|
|turn|40
|
|move|p2a: Bisharp|Iron Head|p1a: Uncle Blobby
|-resisted|p1a: Uncle Blobby
|-damage|p1a: Uncle Blobby|328\/394
|-damage|p2a: Bisharp|24\/271|[from] item: Life Orb
|move|p1a: Uncle Blobby|Recover|p1a: Uncle Blobby
|-heal|p1a: Uncle Blobby|394\/394
|
|turn|41
|
|move|p2a: Bisharp|Iron Head|p1a: Uncle Blobby
|-resisted|p1a: Uncle Blobby
|-damage|p1a: Uncle Blobby|316\/394
|-damage|p2a: Bisharp|0 fnt|[from] item: Life Orb
|faint|p2a: Bisharp
|cant|p1a: Uncle Blobby|flinch
|
|
|switch|p2a: Starmie|Starmie|157\/261
|turn|42
|
|switch|p1a: Mr Blobby|Amoonguss, F, shiny|190\/432
|move|p2a: Starmie|Hydro Pump|p1a: Mr Blobby|[miss]
|-miss|p2a: Starmie|p1a: Mr Blobby
|
|turn|43
|c| Luis coco|mds
|c| Luis coco|hax dos inferno
|c|ânintendistagamer|eu to meu pior dia
|c|ânintendistagamer|nÃ£o Ã© possÃ­vel
|
|switch|p1a: Uncle Blobby|Quagsire, F, shiny|316\/394
|move|p2a: Starmie|Psyshock|p1a: Uncle Blobby
|-damage|p1a: Uncle Blobby|186\/394
|-damage|p2a: Starmie|131\/261|[from] item: Life Orb
|
|turn|44
|
|switch|p1a: Mr Blobby|Amoonguss, F, shiny|334\/432
|move|p2a: Starmie|Recover|p2a: Starmie
|-heal|p2a: Starmie|261\/261
|
|turn|45
|
|move|p2a: Starmie|Psyshock|p1a: Mr Blobby
|-supereffective|p1a: Mr Blobby
|-damage|p1a: Mr Blobby|45\/432
|-damage|p2a: Starmie|235\/261|[from] item: Life Orb
|move|p1a: Mr Blobby|Giga Drain|p2a: Starmie
|-crit|p2a: Starmie
|-supereffective|p2a: Starmie
|-damage|p2a: Starmie|0 fnt
|-heal|p1a: Mr Blobby|163\/432|[from] drain|[of] p2a: Starmie
|faint|p2a: Starmie
|
|c|ânintendistagamer|nice
|-message|nintendistagamer forfeited.
|leave|nintendistagamer
|
|win|Amoonbro
|raw|Ladder updating...
|player|p2
|raw|Amoonbro's rating: 1673 &rarr; <strong>1684<\/strong><br \/>(+11 for winning)
|raw|nintendistagamer's rating: 1493 &rarr; <strong>1482<\/strong><br \/>(-11 for losing)