|join|Cienight
|join|Amoonbro
|player|p1|Cienight|75
|player|p2|Amoonbro|1
|gametype|singles
|gen|6
|tier|OU
|rated
|clearpoke
|poke|p1|Azumarill, F
|poke|p1|Ferrothorn, F
|poke|p1|Landorus-Therian, M, shiny
|poke|p1|Latias, F
|poke|p1|Charizard, M
|poke|p1|Mew
|poke|p2|Chansey, F, shiny
|poke|p2|Skarmory, M, shiny
|poke|p2|Alomomola, F, shiny
|poke|p2|Amoonguss, M, shiny
|poke|p2|Quagsire, M, shiny
|poke|p2|Sableye, F, shiny
|rule|Swagger Clause: Swagger is banned
|rule|Baton Pass Clause: Limit one PokÃ©mon knowing Baton Pass
|rule|Sleep Clause Mod: Limit one foe put to sleep
|rule|Species Clause: Limit one of each PokÃ©mon
|rule|OHKO Clause: OHKO moves are banned
|rule|Moody Clause: Moody is banned
|rule|Evasion Moves Clause: Evasion moves are banned
|rule|Endless Battle Clause: Forcing endless battles is banned
|rule|HP Percentage Mod: HP is shown in percentages
|teampreview
|
|start
|switch|p1a: Charizard|Charizard, M|297\/297
|switch|p2a: Not Mega|Sableye, F, shiny|304\/304
|turn|1
|join|daftmau5
|
|switch|p2a: Baby Blobby|Chansey, F, shiny|704\/704
|detailschange|p1a: Charizard|Charizard-Mega-X, M
|-mega|p1a: Charizard|Charizard|Charizardite X
|move|p1a: Charizard|Flare Blitz|p2a: Baby Blobby
|-damage|p2a: Baby Blobby|344\/704
|-damage|p1a: Charizard|178\/297|[from] recoil|[of] p2a: Baby Blobby
|
|turn|2
|
|switch|p1a: Ferrothorn|Ferrothorn, F|349\/349
|switch|p2a: Mrs Blobby|Alomomola, F, shiny|529\/529
|
|turn|3
|
|switch|p2a: Fuck Magnezone|Skarmory, M, shiny|334\/334
|move|p1a: Ferrothorn|Stealth Rock|p2a: Fuck Magnezone
|-sidestart|p2: Amoonbro|move: Stealth Rock
|
|turn|4
|
|move|p2a: Fuck Magnezone|Defog|p1a: Ferrothorn
|-unboost|p1a: Ferrothorn|evasion|1
|-sideend|p2: Amoonbro|Stealth Rock|[from] move: Defog|[of] p2a: Fuck Magnezone
|move|p1a: Ferrothorn|Leech Seed|p2a: Fuck Magnezone
|-start|p2a: Fuck Magnezone|move: Leech Seed
|
|-damage|p2a: Fuck Magnezone|293\/334|[from] Leech Seed|[of] p1a: Ferrothorn
|turn|5
|join|Prankster
|
|switch|p2a: Baby Blobby|Chansey, F, shiny|344\/704
|move|p1a: Ferrothorn|Stealth Rock|p2a: Baby Blobby
|-sidestart|p2: Amoonbro|move: Stealth Rock
|
|turn|6
|leave|Prankster
|join|MetaForce
|
|move|p2a: Baby Blobby|Soft-Boiled|p2a: Baby Blobby
|-heal|p2a: Baby Blobby|696\/704
|move|p1a: Ferrothorn|Leech Seed|p2a: Baby Blobby
|-start|p2a: Baby Blobby|move: Leech Seed
|
|-damage|p2a: Baby Blobby|608\/704|[from] Leech Seed|[of] p1a: Ferrothorn
|turn|7
|
|switch|p2a: Fuck Magnezone|Skarmory, M, shiny|293\/334
|-damage|p2a: Fuck Magnezone|252\/334|[from] Stealth Rock
|switch|p1a: Charizard|Charizard-Mega-X, M|178\/297
|
|turn|8
|
|switch|p2a: Mrs Blobby|Alomomola, F, shiny|529\/529
|-damage|p2a: Mrs Blobby|463\/529|[from] Stealth Rock
|move|p1a: Charizard|Flare Blitz|p2a: Mrs Blobby
|-resisted|p2a: Mrs Blobby
|-damage|p2a: Mrs Blobby|344\/529
|-damage|p1a: Charizard|139\/297|[from] recoil|[of] p2a: Mrs Blobby
|
|-heal|p2a: Mrs Blobby|377\/529|[from] item: Leftovers
|turn|9
|join|Escavalier
|
|switch|p1a: Mew|Mew|400\/400
|move|p2a: Mrs Blobby|Wish|p2a: Mrs Blobby
|
|-heal|p2a: Mrs Blobby|410\/529|[from] item: Leftovers
|turn|10
|
|switch|p1a: Charizard|Charizard-Mega-X, M|139\/297
|switch|p2a: Not Mega|Sableye, F, shiny|304\/304
|-damage|p2a: Not Mega|266\/304|[from] Stealth Rock
|
|-heal|p2a: Not Mega|304\/304|[from] move: Wish|[wisher] Mrs Blobby
|turn|11
|
|detailschange|p2a: Not Mega|Sableye-Mega, F, shiny
|-mega|p2a: Not Mega|Sableye|Sablenite
|move|p2a: Not Mega|Toxic|p1a: Charizard|[miss]
|-miss|p2a: Not Mega|p1a: Charizard
|move|p1a: Charizard|Roost|p1a: Charizard
|-heal|p1a: Charizard|288\/297
|
|turn|12
|
|move|p1a: Charizard|Dragon Claw|p2a: Not Mega
|-damage|p2a: Not Mega|186\/304
|move|p2a: Not Mega|Toxic|p1a: Charizard
|-status|p1a: Charizard|tox
|
|-damage|p1a: Charizard|270\/297 tox|[from] psn
|turn|13
|
|move|p1a: Charizard|Flare Blitz|p2a: Not Mega
|-damage|p2a: Not Mega|8\/304
|-status|p2a: Not Mega|brn
|-damage|p1a: Charizard|211\/297 tox|[from] recoil|[of] p2a: Not Mega
|move|p2a: Not Mega|Recover|p2a: Not Mega
|-heal|p2a: Not Mega|160\/304 brn
|
|-damage|p1a: Charizard|175\/297 tox|[from] psn
|-damage|p2a: Not Mega|122\/304 brn|[from] brn
|turn|14
|
|switch|p2a: Mrs Blobby|Alomomola, F, shiny|529\/529
|-damage|p2a: Mrs Blobby|463\/529|[from] Stealth Rock
|move|p1a: Charizard|Roost|p1a: Charizard
|-heal|p1a: Charizard|297\/297 tox
|
|-heal|p2a: Mrs Blobby|496\/529|[from] item: Leftovers
|-damage|p1a: Charizard|243\/297 tox|[from] psn
|turn|15
|
|switch|p1a: Ferrothorn|Ferrothorn, F|349\/349
|move|p2a: Mrs Blobby|Wish|p2a: Mrs Blobby
|
|-heal|p2a: Mrs Blobby|529\/529|[from] item: Leftovers
|turn|16
|c| Escavalier|why
|c| Escavalier|would you let sab back in
|c|âCienight|what
|c|âCienight|me?
|c| Escavalier|y
|c|âCienight|how do I prevent it
|c|âCienight|lol
|
|switch|p2a: Not Mega|Sableye-Mega, F, shiny|122\/304 brn
|-damage|p2a: Not Mega|84\/304 brn|[from] Stealth Rock
|move|p1a: Ferrothorn|Power Whip|p2a: Not Mega
|-damage|p2a: Not Mega|8\/304 brn
|
|-heal|p2a: Not Mega|272\/304 brn|[from] move: Wish|[wisher] Mrs Blobby
|-damage|p2a: Not Mega|234\/304 brn|[from] brn
|turn|17
|c| Escavalier|by going to lati
|c| Escavalier|so it cant heal up
|c|âCienight|I went
|c|âCienight|ferro
|c|âCienight|cause power whip is a roll
|c|âCienight|from that point
|c| Escavalier|so why risk the roll
|
|switch|p1a: Charizard|Charizard-Mega-X, M|243\/297 tox
|switch|p2a: Fuck Magnezone|Skarmory, M, shiny|252\/334
|-damage|p2a: Fuck Magnezone|211\/334|[from] Stealth Rock
|
|-damage|p1a: Charizard|225\/297 tox|[from] psn
|turn|18
|c| Escavalier|when u can go lati and not risk anything
|c| Escavalier|except a miss
|c|âCienight|because I wanted to lure sab
|c|âCienight|on purpose
|c| Escavalier|well good job
|
|switch|p1a: Latias|Latias, F|301\/301
|switch|p2a: Mrs Blobby|Alomomola, F, shiny|529\/529
|-damage|p2a: Mrs Blobby|463\/529|[from] Stealth Rock
|
|-heal|p2a: Mrs Blobby|496\/529|[from] item: Leftovers
|turn|19
|c|âCienight|yes now its my fault if good plays don't work cause of hax
|c|âCienight|right
|c|âCienight|?
|
|switch|p2a: Baby Blobby|Chansey, F, shiny|608\/704
|-damage|p2a: Baby Blobby|520\/704|[from] Stealth Rock
|move|p1a: Latias|Thunderbolt|p2a: Baby Blobby
|-damage|p2a: Baby Blobby|439\/704
|-damage|p1a: Latias|271\/301|[from] item: Life Orb
|
|turn|20
|c| Escavalier|its not hax
|c| Escavalier|lmao
|c|âCienight|esca
|
|switch|p1a: Azumarill|Azumarill, F|381\/381
|move|p2a: Baby Blobby|Soft-Boiled|p2a: Baby Blobby
|-heal|p2a: Baby Blobby|704\/704
|
|turn|21
|c| Escavalier|if u have to rely on a roll
|c|âCienight|if you need to piss me off
|c|âCienight|just gtfo
|c| Escavalier|im not pissing you off
|c| Escavalier|im just staying it was stupid
|
|switch|p2a: Mrs Blobby|Alomomola, F, shiny|529\/529
|-damage|p2a: Mrs Blobby|463\/529|[from] Stealth Rock
|move|p1a: Azumarill|Play Rough|p2a: Mrs Blobby
|-damage|p2a: Mrs Blobby|240\/529
|
|-heal|p2a: Mrs Blobby|273\/529|[from] item: Leftovers
|turn|22
|c| Escavalier|which it was
|
|move|p2a: Mrs Blobby|Wish|p2a: Mrs Blobby
|move|p1a: Azumarill|Play Rough|p2a: Mrs Blobby|[miss]
|-miss|p1a: Azumarill|p2a: Mrs Blobby
|
|-heal|p2a: Mrs Blobby|306\/529|[from] item: Leftovers
|turn|23
|
|switch|p2a: Fuck Magnezone|Skarmory, M, shiny|211\/334
|-damage|p2a: Fuck Magnezone|170\/334|[from] Stealth Rock
|switch|p1a: Ferrothorn|Ferrothorn, F|349\/349
|
|-heal|p2a: Fuck Magnezone|334\/334|[from] move: Wish|[wisher] Mrs Blobby
|turn|24
|join|Alvadora
|
|move|p2a: Fuck Magnezone|Defog|p1a: Ferrothorn
|-unboost|p1a: Ferrothorn|evasion|1
|-sideend|p2: Amoonbro|Stealth Rock|[from] move: Defog|[of] p2a: Fuck Magnezone
|move|p1a: Ferrothorn|Leech Seed|p2a: Fuck Magnezone
|-start|p2a: Fuck Magnezone|move: Leech Seed
|
|-damage|p2a: Fuck Magnezone|293\/334|[from] Leech Seed|[of] p1a: Ferrothorn
|turn|25
|
|switch|p2a: Not Mega|Sableye-Mega, F, shiny|234\/304 brn
|switch|p1a: Azumarill|Azumarill, F|381\/381
|
|-damage|p2a: Not Mega|196\/304 brn|[from] brn
|turn|26
|c| Escavalier|0 Atk Ferrothorn Power Whip vs. 252 HP \/ 252+ Def Mega Sableye: 76-90 (25 - 29.6%) -- guaranteed 4HKO
|c| Escavalier|sableye came in on 29%
|
|switch|p2a: Mrs Blobby|Alomomola, F, shiny|482\/529
|move|p1a: Azumarill|Play Rough|p2a: Mrs Blobby|[miss]
|-miss|p1a: Azumarill|p2a: Mrs Blobby
|
|-heal|p2a: Mrs Blobby|515\/529|[from] item: Leftovers
|turn|27
|c| Escavalier|theres no way you can spin this so its in your favour
|
|switch|p1a: Ferrothorn|Ferrothorn, F|349\/349
|move|p2a: Mrs Blobby|Wish|p2a: Mrs Blobby
|
|-heal|p2a: Mrs Blobby|529\/529|[from] item: Leftovers
|turn|28
|
|switch|p2a: Not Mega|Sableye-Mega, F, shiny|196\/304 brn
|move|p1a: Ferrothorn|Power Whip|p2a: Not Mega
|-damage|p2a: Not Mega|112\/304 brn
|
|-heal|p2a: Not Mega|304\/304 brn|[from] move: Wish|[wisher] Mrs Blobby
|-damage|p2a: Not Mega|266\/304 brn|[from] brn
|turn|29
|
|switch|p1a: Charizard|Charizard-Mega-X, M|225\/297 tox
|move|p2a: Not Mega|Will-O-Wisp|p1a: Charizard
|-fail|p1a: Charizard
|
|-damage|p1a: Charizard|207\/297 tox|[from] psn
|-damage|p2a: Not Mega|228\/304 brn|[from] brn
|turn|30
|
|switch|p2a: Mrs Blobby|Alomomola, F, shiny|529\/529
|move|p1a: Charizard|Dragon Claw|p2a: Mrs Blobby
|-damage|p2a: Mrs Blobby|363\/529
|
|-heal|p2a: Mrs Blobby|396\/529|[from] item: Leftovers
|-damage|p1a: Charizard|171\/297 tox|[from] psn
|turn|31
|
|move|p1a: Charizard|Roost|p1a: Charizard
|-heal|p1a: Charizard|297\/297 tox
|move|p2a: Mrs Blobby|Wish|p2a: Mrs Blobby
|
|-heal|p2a: Mrs Blobby|429\/529|[from] item: Leftovers
|-damage|p1a: Charizard|243\/297 tox|[from] psn
|turn|32
|
|switch|p1a: Ferrothorn|Ferrothorn, F|349\/349
|move|p2a: Mrs Blobby|Scald|p1a: Ferrothorn
|-resisted|p1a: Ferrothorn
|-damage|p1a: Ferrothorn|333\/349
|
|-heal|p2a: Mrs Blobby|529\/529|[from] move: Wish|[wisher] Mrs Blobby
|-heal|p1a: Ferrothorn|349\/349|[from] item: Leftovers
|turn|33
|
|switch|p2a: Not Mega|Sableye-Mega, F, shiny|228\/304 brn
|switch|p1a: Azumarill|Azumarill, F|381\/381
|
|-damage|p2a: Not Mega|190\/304 brn|[from] brn
|turn|34
|
|switch|p2a: Mrs Blobby|Alomomola, F, shiny|529\/529
|move|p1a: Azumarill|Waterfall|p2a: Mrs Blobby
|-resisted|p2a: Mrs Blobby
|-damage|p2a: Mrs Blobby|430\/529
|
|-heal|p2a: Mrs Blobby|463\/529|[from] item: Leftovers
|turn|35
|
|switch|p1a: Latias|Latias, F|271\/301
|move|p2a: Mrs Blobby|Wish|p2a: Mrs Blobby
|
|-heal|p2a: Mrs Blobby|496\/529|[from] item: Leftovers
|turn|36
|
|switch|p1a: Azumarill|Azumarill, F|381\/381
|switch|p2a: Baby Blobby|Chansey, F, shiny|704\/704
|
|turn|37
|
|switch|p2a: Mrs Blobby|Alomomola, F, shiny|529\/529
|move|p1a: Azumarill|Play Rough|p2a: Mrs Blobby
|-damage|p2a: Mrs Blobby|274\/529
|
|-heal|p2a: Mrs Blobby|307\/529|[from] item: Leftovers
|turn|38
|
|move|p2a: Mrs Blobby|Wish|p2a: Mrs Blobby
|move|p1a: Azumarill|Play Rough|p2a: Mrs Blobby
|-damage|p2a: Mrs Blobby|66\/529
|
|-heal|p2a: Mrs Blobby|99\/529|[from] item: Leftovers
|turn|39
|
|switch|p1a: Ferrothorn|Ferrothorn, F|349\/349
|move|p2a: Mrs Blobby|Protect|p2a: Mrs Blobby
|-fail|p2a: Mrs Blobby
|
|-heal|p2a: Mrs Blobby|363\/529|[from] move: Wish|[wisher] Mrs Blobby
|-heal|p2a: Mrs Blobby|396\/529|[from] item: Leftovers
|turn|40
|
|switch|p2a: Baby Blobby|Chansey, F, shiny|704\/704
|switch|p1a: Azumarill|Azumarill, F|381\/381
|
|turn|41
|
|switch|p2a: Mrs Blobby|Alomomola, F, shiny|529\/529
|move|p1a: Azumarill|Play Rough|p2a: Mrs Blobby
|-damage|p2a: Mrs Blobby|292\/529
|-unboost|p2a: Mrs Blobby|atk|1
|
|-heal|p2a: Mrs Blobby|325\/529|[from] item: Leftovers
|turn|42
|
|move|p2a: Mrs Blobby|Toxic|p1a: Azumarill
|-status|p1a: Azumarill|tox
|move|p1a: Azumarill|Play Rough|p2a: Mrs Blobby
|-damage|p2a: Mrs Blobby|84\/529
|
|-heal|p2a: Mrs Blobby|117\/529|[from] item: Leftovers
|-damage|p1a: Azumarill|358\/381 tox|[from] psn
|turn|43
|join|Legolax909
|
|switch|p2a: Fuck Magnezone|Skarmory, M, shiny|293\/334
|switch|p1a: Latias|Latias, F|271\/301
|
|turn|44
|
|switch|p1a: Azumarill|Azumarill, F|358\/381 tox
|switch|p2a: Baby Blobby|Chansey, F, shiny|704\/704
|
|-damage|p1a: Azumarill|335\/381 tox|[from] psn
|turn|45
|
|switch|p2a: Fuck Magnezone|Skarmory, M, shiny|293\/334
|move|p1a: Azumarill|Waterfall|p2a: Fuck Magnezone
|-damage|p2a: Fuck Magnezone|136\/334
|
|-damage|p1a: Azumarill|289\/381 tox|[from] psn
|turn|46
|
|switch|p2a: Uncle Blobby|Quagsire, M, shiny|394\/394
|move|p1a: Azumarill|Waterfall|p2a: Uncle Blobby
|-damage|p2a: Uncle Blobby|177\/394
|
|-heal|p2a: Uncle Blobby|201\/394|[from] item: Leftovers
|-damage|p1a: Azumarill|220\/381 tox|[from] psn
|turn|47
|
|switch|p2a: Mrs Blobby|Alomomola, F, shiny|293\/529
|move|p1a: Azumarill|Waterfall|p2a: Mrs Blobby
|-resisted|p2a: Mrs Blobby
|-damage|p2a: Mrs Blobby|185\/529
|
|-heal|p2a: Mrs Blobby|218\/529|[from] item: Leftovers
|-damage|p1a: Azumarill|128\/381 tox|[from] psn
|turn|48
|c| Escavalier|this man has an amoonguss
|
|switch|p1a: Ferrothorn|Ferrothorn, F|349\/349
|move|p2a: Mrs Blobby|Wish|p2a: Mrs Blobby
|
|-heal|p2a: Mrs Blobby|251\/529|[from] item: Leftovers
|turn|49
|c| Escavalier|am i missing something
|c| daftmau5|but wouldn't you rather take 50%
|c| daftmau5|on everything
|c|âCienight|lol
|c|âCienight|haha
|c| daftmau5|xd
|
|switch|p2a: Not Mega|Sableye-Mega, F, shiny|190\/304 brn
|switch|p1a: Charizard|Charizard-Mega-X, M|243\/297 tox
|
|-heal|p2a: Not Mega|304\/304 brn|[from] move: Wish|[wisher] Mrs Blobby
|-damage|p1a: Charizard|225\/297 tox|[from] psn
|-damage|p2a: Not Mega|266\/304 brn|[from] brn
|turn|50
|
|switch|p1a: Ferrothorn|Ferrothorn, F|349\/349
|switch|p2a: Mrs Blobby|Alomomola, F, shiny|427\/529
|
|-heal|p2a: Mrs Blobby|460\/529|[from] item: Leftovers
|turn|51
|
|move|p2a: Mrs Blobby|Wish|p2a: Mrs Blobby
|move|p1a: Ferrothorn|Power Whip|p2a: Mrs Blobby
|-supereffective|p2a: Mrs Blobby
|-damage|p2a: Mrs Blobby|218\/529
|
|-heal|p2a: Mrs Blobby|251\/529|[from] item: Leftovers
|turn|52
|
|switch|p2a: Fuck Magnezone|Skarmory, M, shiny|136\/334
|move|p1a: Ferrothorn|Power Whip|p2a: Fuck Magnezone
|-resisted|p2a: Fuck Magnezone
|-damage|p2a: Fuck Magnezone|117\/334
|
|-heal|p2a: Fuck Magnezone|334\/334|[from] move: Wish|[wisher] Mrs Blobby
|turn|53
|
|switch|p2a: Not Mega|Sableye-Mega, F, shiny|266\/304 brn
|switch|p1a: Latias|Latias, F|271\/301
|
|-damage|p2a: Not Mega|228\/304 brn|[from] brn
|turn|54
|
|switch|p1a: Charizard|Charizard-Mega-X, M|225\/297 tox
|switch|p2a: Baby Blobby|Chansey, F, shiny|704\/704
|
|-damage|p1a: Charizard|207\/297 tox|[from] psn
|turn|55
|
|switch|p2a: Mrs Blobby|Alomomola, F, shiny|427\/529
|move|p1a: Charizard|Dragon Claw|p2a: Mrs Blobby
|-damage|p2a: Mrs Blobby|259\/529
|
|-heal|p2a: Mrs Blobby|292\/529|[from] item: Leftovers
|-damage|p1a: Charizard|171\/297 tox|[from] psn
|turn|56
|
|switch|p2a: Baby Blobby|Chansey, F, shiny|704\/704
|move|p1a: Charizard|Roost|p1a: Charizard
|-heal|p1a: Charizard|297\/297 tox
|
|-damage|p1a: Charizard|243\/297 tox|[from] psn
|turn|57
|
|switch|p1a: Ferrothorn|Ferrothorn, F|349\/349
|move|p2a: Baby Blobby|Heal Bell|p2a: Baby Blobby
|-cureteam|p2a: Baby Blobby|[from] move: HealBell
|
|turn|58
|c| Legolax909|you are having hard time, Cienight.
|c|âCienight|I can't beat
|c|âCienight|this matchup
|
|switch|p2a: Not Mega|Sableye-Mega, F, shiny|228\/304
|switch|p1a: Mew|Mew|400\/400
|
|turn|59
|
|move|p1a: Mew|Knock Off|p2a: Not Mega
|-damage|p2a: Not Mega|196\/304
|move|p2a: Not Mega|Recover|p2a: Not Mega
|-heal|p2a: Not Mega|304\/304
|
|turn|60
|
|move|p1a: Mew|Will-O-Wisp|p2a: Not Mega
|move|p2a: Not Mega|Will-O-Wisp|p1a: Mew|[from]Magic Bounce
|-status|p1a: Mew|brn
|-status|p2a: Not Mega|brn
|move|p2a: Not Mega|Knock Off|p1a: Mew
|-supereffective|p1a: Mew
|-damage|p1a: Mew|308\/400 brn
|-enditem|p1a: Mew|Leftovers|[from] move: Knock Off|[of] p2a: Not Mega
|
|-damage|p1a: Mew|258\/400 brn|[from] brn
|-damage|p2a: Not Mega|266\/304 brn|[from] brn
|turn|61
|c| Escavalier|you couldve won earlier
|c| Escavalier|if you didnt let sableye in
|
|move|p1a: Mew|Roost|p1a: Mew
|-heal|p1a: Mew|400\/400 brn
|move|p2a: Not Mega|Knock Off|p1a: Mew
|-supereffective|p1a: Mew
|-damage|p1a: Mew|328\/400 brn
|
|-damage|p1a: Mew|278\/400 brn|[from] brn
|-damage|p2a: Not Mega|228\/304 brn|[from] brn
|turn|62
|
|move|p1a: Mew|Roost|p1a: Mew
|-heal|p1a: Mew|400\/400 brn
|move|p2a: Not Mega|Knock Off|p1a: Mew
|-supereffective|p1a: Mew
|-damage|p1a: Mew|328\/400 brn
|
|-damage|p1a: Mew|278\/400 brn|[from] brn
|-damage|p2a: Not Mega|190\/304 brn|[from] brn
|turn|63
|
|switch|p1a: Charizard|Charizard-Mega-X, M|243\/297 tox
|move|p2a: Not Mega|Recover|p2a: Not Mega
|-heal|p2a: Not Mega|304\/304 brn
|
|-damage|p1a: Charizard|225\/297 tox|[from] psn
|-damage|p2a: Not Mega|266\/304 brn|[from] brn
|turn|64
|
|switch|p2a: Mrs Blobby|Alomomola, F, shiny|468\/529
|move|p1a: Charizard|Dragon Claw|p2a: Mrs Blobby
|-damage|p2a: Mrs Blobby|308\/529
|
|-heal|p2a: Mrs Blobby|341\/529|[from] item: Leftovers
|-damage|p1a: Charizard|189\/297 tox|[from] psn
|turn|65
|c| daftmau5|deja vu
|
|move|p1a: Charizard|Dragon Claw|p2a: Mrs Blobby
|-damage|p2a: Mrs Blobby|179\/529
|move|p2a: Mrs Blobby|Scald|p1a: Charizard
|-damage|p1a: Charizard|138\/297 tox
|
|-heal|p2a: Mrs Blobby|212\/529|[from] item: Leftovers
|-damage|p1a: Charizard|84\/297 tox|[from] psn
|turn|66
|
|move|p2a: Mrs Blobby|Protect|p2a: Mrs Blobby
|-singleturn|p2a: Mrs Blobby|Protect
|move|p1a: Charizard|Roost|p1a: Charizard
|-heal|p1a: Charizard|233\/297 tox
|
|-heal|p2a: Mrs Blobby|245\/529|[from] item: Leftovers
|-damage|p1a: Charizard|161\/297 tox|[from] psn
|turn|67
|
|switch|p1a: Ferrothorn|Ferrothorn, F|349\/349
|move|p2a: Mrs Blobby|Wish|p2a: Mrs Blobby
|
|-heal|p2a: Mrs Blobby|278\/529|[from] item: Leftovers
|turn|68
|
|switch|p2a: Not Mega|Sableye-Mega, F, shiny|266\/304 brn
|move|p1a: Ferrothorn|Power Whip|p2a: Not Mega
|-damage|p2a: Not Mega|179\/304 brn
|
|-heal|p2a: Not Mega|304\/304 brn|[from] move: Wish|[wisher] Mrs Blobby
|-damage|p2a: Not Mega|266\/304 brn|[from] brn
|turn|69
|leave|Escavalier
|
|switch|p1a: Charizard|Charizard-Mega-X, M|161\/297 tox
|move|p2a: Not Mega|Knock Off|p1a: Charizard
|-damage|p1a: Charizard|131\/297 tox
|
|-damage|p1a: Charizard|113\/297 tox|[from] psn
|-damage|p2a: Not Mega|228\/304 brn|[from] brn
|turn|70
|
|switch|p2a: Mrs Blobby|Alomomola, F, shiny|454\/529
|move|p1a: Charizard|Roost|p1a: Charizard
|-heal|p1a: Charizard|262\/297 tox
|
|-heal|p2a: Mrs Blobby|487\/529|[from] item: Leftovers
|-damage|p1a: Charizard|226\/297 tox|[from] psn
|turn|71
|
|switch|p1a: Mew|Mew|278\/400 brn
|move|p2a: Mrs Blobby|Wish|p2a: Mrs Blobby
|
|-heal|p2a: Mrs Blobby|520\/529|[from] item: Leftovers
|-damage|p1a: Mew|228\/400 brn|[from] brn
|turn|72
|
|switch|p2a: Uncle Blobby|Quagsire, M, shiny|201\/394
|move|p1a: Mew|Roost|p1a: Mew
|-heal|p1a: Mew|400\/400 brn
|
|-heal|p2a: Uncle Blobby|394\/394|[from] move: Wish|[wisher] Mrs Blobby
|-damage|p1a: Mew|350\/400 brn|[from] brn
|turn|73
|
|switch|p2a: Not Mega|Sableye-Mega, F, shiny|228\/304 brn
|move|p1a: Mew|Knock Off|p2a: Not Mega
|-damage|p2a: Not Mega|212\/304 brn
|
|-damage|p1a: Mew|300\/400 brn|[from] brn
|-damage|p2a: Not Mega|174\/304 brn|[from] brn
|turn|74
|
|switch|p1a: Charizard|Charizard-Mega-X, M|226\/297 tox
|move|p2a: Not Mega|Recover|p2a: Not Mega
|-heal|p2a: Not Mega|304\/304 brn
|
|-damage|p1a: Charizard|208\/297 tox|[from] psn
|-damage|p2a: Not Mega|266\/304 brn|[from] brn
|turn|75
|
|switch|p2a: Mrs Blobby|Alomomola, F, shiny|529\/529
|move|p1a: Charizard|Dragon Claw|p2a: Mrs Blobby
|-damage|p2a: Mrs Blobby|369\/529
|
|-heal|p2a: Mrs Blobby|402\/529|[from] item: Leftovers
|-damage|p1a: Charizard|172\/297 tox|[from] psn
|turn|76
|
|switch|p1a: Ferrothorn|Ferrothorn, F|349\/349
|move|p2a: Mrs Blobby|Toxic|p1a: Ferrothorn
|-fail|p1a: Ferrothorn
|
|-heal|p2a: Mrs Blobby|435\/529|[from] item: Leftovers
|turn|77
|
|move|p2a: Mrs Blobby|Scald|p1a: Ferrothorn
|-resisted|p1a: Ferrothorn
|-damage|p1a: Ferrothorn|329\/349
|-status|p1a: Ferrothorn|brn
|move|p1a: Ferrothorn|Power Whip|p2a: Mrs Blobby
|-supereffective|p2a: Mrs Blobby
|-damage|p2a: Mrs Blobby|313\/529
|
|-heal|p2a: Mrs Blobby|346\/529|[from] item: Leftovers
|-heal|p1a: Ferrothorn|349\/349 brn|[from] item: Leftovers
|-damage|p1a: Ferrothorn|306\/349 brn|[from] brn
|turn|78
|
|switch|p2a: Not Mega|Sableye-Mega, F, shiny|266\/304 brn
|move|p1a: Ferrothorn|Stealth Rock|p2a: Not Mega
|move|p2a: Not Mega|Stealth Rock|p1a: Ferrothorn|[from]Magic Bounce
|-sidestart|p1: Cienight|move: Stealth Rock
|
|-heal|p1a: Ferrothorn|327\/349 brn|[from] item: Leftovers
|-damage|p1a: Ferrothorn|284\/349 brn|[from] brn
|-damage|p2a: Not Mega|228\/304 brn|[from] brn
|turn|79
|-message|Cienight forfeited.
|
|win|Amoonbro
|raw|Ladder updating...
|leave|Cienight
|player|p1
|raw|Cienight's rating: 1730 &rarr; <strong>1703<\/strong><br \/>(-27 for losing)
|raw|Amoonbro's rating: 1593 &rarr; <strong>1621<\/strong><br \/>(+28 for winning)
|leave|Legolax909
|leave|daftmau5