|join|Amoonbro
|join|fifastreet
|player|p1|Amoonbro|102
|player|p2|fifastreet|101
|gametype|singles
|gen|6
|tier|OU
|rated
|clearpoke
|poke|p1|Chansey, F, shiny
|poke|p1|Skarmory, M, shiny
|poke|p1|Alomomola, F, shiny
|poke|p1|Amoonguss, F, shiny
|poke|p1|Quagsire, M, shiny
|poke|p1|Sableye, F, shiny
|poke|p2|Alakazam, F
|poke|p2|Skarmory, M
|poke|p2|Haxorus, F
|poke|p2|Crawdaunt, M
|poke|p2|Volcarona, M
|poke|p2|Sylveon, F
|rule|Swagger Clause: Swagger is banned
|rule|Baton Pass Clause: Limit one PokÃ©mon knowing Baton Pass
|rule|Sleep Clause Mod: Limit one foe put to sleep
|rule|Species Clause: Limit one of each PokÃ©mon
|rule|OHKO Clause: OHKO moves are banned
|rule|Moody Clause: Moody is banned
|rule|Evasion Moves Clause: Evasion moves are banned
|rule|Endless Battle Clause: Forcing endless battles is banned
|rule|HP Percentage Mod: HP is shown in percentages
|teampreview
|
|start
|switch|p1a: Not Mega|Sableye, F, shiny|304\/304
|switch|p2a: Crawdaunt|Crawdaunt, M|268\/268
|turn|1
|
|detailschange|p1a: Not Mega|Sableye-Mega, F, shiny
|-mega|p1a: Not Mega|Sableye|Sablenite
|move|p1a: Not Mega|Will-O-Wisp|p2a: Crawdaunt
|-status|p2a: Crawdaunt|brn
|move|p2a: Crawdaunt|Crabhammer|p1a: Not Mega
|-damage|p1a: Not Mega|194\/304
|
|-damage|p2a: Crawdaunt|235\/268 brn|[from] brn
|turn|2
|
|move|p2a: Crawdaunt|Crabhammer|p1a: Not Mega
|-damage|p1a: Not Mega|84\/304
|move|p1a: Not Mega|Recover|p1a: Not Mega
|-heal|p1a: Not Mega|236\/304
|
|-damage|p2a: Crawdaunt|202\/268 brn|[from] brn
|turn|3
|
|switch|p2a: Volcarona|Volcarona, M|311\/311
|switch|p1a: Mrs Blobby|Alomomola, F, shiny|529\/529
|
|turn|4
|
|switch|p1a: Baby Blobby|Chansey, F, shiny|704\/704
|move|p2a: Volcarona|Giga Drain|p1a: Baby Blobby
|-crit|p1a: Baby Blobby
|-damage|p1a: Baby Blobby|610\/704
|
|turn|5
|
|move|p2a: Volcarona|Quiver Dance|p2a: Volcarona
|-boost|p2a: Volcarona|spa|1
|-boost|p2a: Volcarona|spd|1
|-boost|p2a: Volcarona|spe|1
|move|p1a: Baby Blobby|Toxic|p2a: Volcarona
|-status|p2a: Volcarona|tox
|
|-damage|p2a: Volcarona|292\/311 tox|[from] psn
|turn|6
|
|move|p2a: Volcarona|Quiver Dance|p2a: Volcarona
|-boost|p2a: Volcarona|spa|1
|-boost|p2a: Volcarona|spd|1
|-boost|p2a: Volcarona|spe|1
|move|p1a: Baby Blobby|Seismic Toss|p2a: Volcarona
|-damage|p2a: Volcarona|192\/311 tox
|-status|p1a: Baby Blobby|brn
|
|-damage|p2a: Volcarona|154\/311 tox|[from] psn
|-damage|p1a: Baby Blobby|522\/704 brn|[from] brn
|-enditem|p2a: Volcarona|Sitrus Berry|[eat]
|-heal|p2a: Volcarona|231\/311 tox|[from] item: Sitrus Berry
|turn|7
|
|move|p2a: Volcarona|Giga Drain|p1a: Baby Blobby
|-damage|p1a: Baby Blobby|395\/704 brn
|-heal|p2a: Volcarona|295\/311 tox|[from] drain|[of] p1a: Baby Blobby
|move|p1a: Baby Blobby|Soft-Boiled|p1a: Baby Blobby
|-heal|p1a: Baby Blobby|704\/704 brn
|
|-damage|p2a: Volcarona|238\/311 tox|[from] psn
|-damage|p1a: Baby Blobby|616\/704 brn|[from] brn
|turn|8
|
|move|p2a: Volcarona|Giga Drain|p1a: Baby Blobby
|-damage|p1a: Baby Blobby|497\/704 brn
|-heal|p2a: Volcarona|298\/311 tox|[from] drain|[of] p1a: Baby Blobby
|move|p1a: Baby Blobby|Soft-Boiled|p1a: Baby Blobby
|-heal|p1a: Baby Blobby|704\/704 brn
|
|-damage|p2a: Volcarona|222\/311 tox|[from] psn
|-damage|p1a: Baby Blobby|616\/704 brn|[from] brn
|turn|9
|
|move|p2a: Volcarona|Fiery Dance|p1a: Baby Blobby
|-damage|p1a: Baby Blobby|423\/704 brn
|move|p1a: Baby Blobby|Soft-Boiled|p1a: Baby Blobby
|-heal|p1a: Baby Blobby|704\/704 brn
|
|-damage|p2a: Volcarona|127\/311 tox|[from] psn
|-damage|p1a: Baby Blobby|616\/704 brn|[from] brn
|turn|10
|
|move|p2a: Volcarona|Fiery Dance|p1a: Baby Blobby
|-damage|p1a: Baby Blobby|432\/704 brn
|move|p1a: Baby Blobby|Soft-Boiled|p1a: Baby Blobby
|-heal|p1a: Baby Blobby|704\/704 brn
|
|-damage|p2a: Volcarona|13\/311 tox|[from] psn
|-damage|p1a: Baby Blobby|616\/704 brn|[from] brn
|turn|11
|
|move|p2a: Volcarona|Roost|p2a: Volcarona
|-heal|p2a: Volcarona|169\/311 tox
|move|p1a: Baby Blobby|Soft-Boiled|p1a: Baby Blobby
|-heal|p1a: Baby Blobby|704\/704 brn
|
|-damage|p2a: Volcarona|36\/311 tox|[from] psn
|-damage|p1a: Baby Blobby|616\/704 brn|[from] brn
|turn|12
|
|switch|p2a: Crawdaunt|Crawdaunt, M|202\/268 brn
|move|p1a: Baby Blobby|Soft-Boiled|p1a: Baby Blobby
|-heal|p1a: Baby Blobby|704\/704 brn
|
|-damage|p2a: Crawdaunt|169\/268 brn|[from] brn
|-damage|p1a: Baby Blobby|616\/704 brn|[from] brn
|turn|13
|
|switch|p1a: Mrs Blobby|Alomomola, F, shiny|529\/529
|move|p2a: Crawdaunt|Knock Off|p1a: Mrs Blobby
|-damage|p1a: Mrs Blobby|391\/529
|-enditem|p1a: Mrs Blobby|Leftovers|[from] move: Knock Off|[of] p2a: Crawdaunt
|
|-damage|p2a: Crawdaunt|136\/268 brn|[from] brn
|turn|14
|
|switch|p2a: Volcarona|Volcarona, M|36\/311 tox
|move|p1a: Mrs Blobby|Wish|p1a: Mrs Blobby
|
|-damage|p2a: Volcarona|17\/311 tox|[from] psn
|turn|15
|
|move|p1a: Mrs Blobby|Protect|p1a: Mrs Blobby
|-singleturn|p1a: Mrs Blobby|Protect
|move|p2a: Volcarona|Giga Drain|p1a: Mrs Blobby
|-activate|p1a: Mrs Blobby|Protect
|
|-heal|p1a: Mrs Blobby|529\/529|[from] move: Wish|[wisher] Mrs Blobby
|-damage|p2a: Volcarona|0 fnt|[from] psn
|faint|p2a: Volcarona
|
|switch|p2a: Sylveon|Sylveon, F|394\/394
|turn|16
|
|switch|p1a: Baby Blobby|Chansey, F, shiny|616\/704
|move|p2a: Sylveon|Substitute|p2a: Sylveon
|-start|p2a: Sylveon|Substitute
|-damage|p2a: Sylveon|296\/394
|
|-heal|p2a: Sylveon|320\/394|[from] item: Leftovers
|turn|17
|
|move|p2a: Sylveon|Calm Mind|p2a: Sylveon
|-boost|p2a: Sylveon|spa|1
|-boost|p2a: Sylveon|spd|1
|move|p1a: Baby Blobby|Seismic Toss|p2a: Sylveon
|-end|p2a: Sylveon|Substitute
|
|-heal|p2a: Sylveon|344\/394|[from] item: Leftovers
|turn|18
|
|move|p2a: Sylveon|Calm Mind|p2a: Sylveon
|-boost|p2a: Sylveon|spa|1
|-boost|p2a: Sylveon|spd|1
|move|p1a: Baby Blobby|Seismic Toss|p2a: Sylveon
|-damage|p2a: Sylveon|244\/394
|
|-heal|p2a: Sylveon|268\/394|[from] item: Leftovers
|turn|19
|
|move|p2a: Sylveon|Calm Mind|p2a: Sylveon
|-boost|p2a: Sylveon|spa|1
|-boost|p2a: Sylveon|spd|1
|move|p1a: Baby Blobby|Seismic Toss|p2a: Sylveon
|-damage|p2a: Sylveon|168\/394
|
|-heal|p2a: Sylveon|192\/394|[from] item: Leftovers
|turn|20
|
|move|p2a: Sylveon|Calm Mind|p2a: Sylveon
|-boost|p2a: Sylveon|spa|1
|-boost|p2a: Sylveon|spd|1
|move|p1a: Baby Blobby|Seismic Toss|p2a: Sylveon
|-damage|p2a: Sylveon|92\/394
|
|-heal|p2a: Sylveon|116\/394|[from] item: Leftovers
|turn|21
|
|switch|p1a: Uncle Blobby|Quagsire, M, shiny|394\/394
|move|p2a: Sylveon|Baton Pass|p2a: Sylveon
|
|switch|p2a: Alakazam|Alakazam, F|252\/252
|
|turn|22
|
|detailschange|p2a: Alakazam|Alakazam-Mega, F
|-mega|p2a: Alakazam|Alakazam|Alakazite
|-ability|p2a: Alakazam|Unaware|[from] ability: Trace|[of] p1a: Uncle Blobby
|move|p2a: Alakazam|Psychic|p1a: Uncle Blobby
|-damage|p1a: Uncle Blobby|121\/394
|move|p1a: Uncle Blobby|Haze|p1a: Uncle Blobby
|-clearallboost
|
|-heal|p1a: Uncle Blobby|145\/394|[from] item: Leftovers
|turn|23
|
|switch|p1a: Baby Blobby|Chansey, F, shiny|616\/704
|move|p2a: Alakazam|Psychic|p1a: Baby Blobby
|-damage|p1a: Baby Blobby|477\/704
|-unboost|p1a: Baby Blobby|spd|1
|
|turn|24
|
|switch|p2a: Skarmory|Skarmory, M|334\/334
|switch|p1a: Not Mega|Sableye-Mega, F, shiny|236\/304
|
|turn|25
|
|move|p2a: Skarmory|Brave Bird|p1a: Not Mega
|-damage|p1a: Not Mega|167\/304
|-damage|p2a: Skarmory|311\/334|[from] recoil|[of] p1a: Not Mega
|move|p1a: Not Mega|Knock Off|p2a: Skarmory
|-damage|p2a: Skarmory|253\/334
|-damage|p1a: Not Mega|117\/304|[from] item: Rocky Helmet|[of] p2a: Skarmory
|-enditem|p2a: Skarmory|Rocky Helmet|[from] move: Knock Off|[of] p1a: Not Mega
|
|turn|26
|
|move|p2a: Skarmory|Brave Bird|p1a: Not Mega
|-damage|p1a: Not Mega|39\/304
|-damage|p2a: Skarmory|227\/334|[from] recoil|[of] p1a: Not Mega
|move|p1a: Not Mega|Recover|p1a: Not Mega
|-heal|p1a: Not Mega|191\/304
|
|turn|27
|
|move|p2a: Skarmory|Brave Bird|p1a: Not Mega
|-damage|p1a: Not Mega|113\/304
|-damage|p2a: Skarmory|201\/334|[from] recoil|[of] p1a: Not Mega
|move|p1a: Not Mega|Recover|p1a: Not Mega
|-heal|p1a: Not Mega|265\/304
|
|turn|28
|
|move|p2a: Skarmory|Brave Bird|p1a: Not Mega
|-damage|p1a: Not Mega|187\/304
|-damage|p2a: Skarmory|175\/334|[from] recoil|[of] p1a: Not Mega
|move|p1a: Not Mega|Will-O-Wisp|p2a: Skarmory
|-status|p2a: Skarmory|brn
|
|-damage|p2a: Skarmory|134\/334 brn|[from] brn
|turn|29
|
|move|p2a: Skarmory|Roost|p2a: Skarmory
|-heal|p2a: Skarmory|301\/334 brn
|move|p1a: Not Mega|Recover|p1a: Not Mega
|-heal|p1a: Not Mega|304\/304
|
|-damage|p2a: Skarmory|260\/334 brn|[from] brn
|turn|30
|
|move|p2a: Skarmory|Brave Bird|p1a: Not Mega
|-damage|p1a: Not Mega|268\/304
|-damage|p2a: Skarmory|248\/334 brn|[from] recoil|[of] p1a: Not Mega
|move|p1a: Not Mega|Knock Off|p2a: Skarmory
|-damage|p2a: Skarmory|209\/334 brn
|
|-damage|p2a: Skarmory|168\/334 brn|[from] brn
|turn|31
|
|move|p2a: Skarmory|Roost|p2a: Skarmory
|-heal|p2a: Skarmory|334\/334 brn
|move|p1a: Not Mega|Dark Pulse|p2a: Skarmory
|-damage|p2a: Skarmory|216\/334 brn
|
|-damage|p2a: Skarmory|175\/334 brn|[from] brn
|turn|32
|
|move|p2a: Skarmory|Brave Bird|p1a: Not Mega
|-damage|p1a: Not Mega|229\/304
|-damage|p2a: Skarmory|162\/334 brn|[from] recoil|[of] p1a: Not Mega
|move|p1a: Not Mega|Dark Pulse|p2a: Skarmory
|-damage|p2a: Skarmory|60\/334 brn
|
|-damage|p2a: Skarmory|19\/334 brn|[from] brn
|turn|33
|
|move|p2a: Skarmory|Brave Bird|p1a: Not Mega
|-damage|p1a: Not Mega|193\/304
|-damage|p2a: Skarmory|7\/334 brn|[from] recoil|[of] p1a: Not Mega
|move|p1a: Not Mega|Dark Pulse|p2a: Skarmory
|-damage|p2a: Skarmory|0 fnt
|faint|p2a: Skarmory
|
|
|switch|p2a: Sylveon|Sylveon, F|116\/394
|turn|34
|
|switch|p1a: Mr Blobby|Amoonguss, F, shiny|432\/432
|move|p2a: Sylveon|Hyper Voice|p1a: Mr Blobby
|-resisted|p1a: Mr Blobby
|-damage|p1a: Mr Blobby|368\/432
|
|-heal|p2a: Sylveon|140\/394|[from] item: Leftovers
|turn|35
|
|move|p2a: Sylveon|Baton Pass|p2a: Sylveon
|
|switch|p2a: Crawdaunt|Crawdaunt, M|136\/268 brn
|move|p1a: Mr Blobby|Clear Smog|p2a: Crawdaunt
|-damage|p2a: Crawdaunt|51\/268 brn
|-clearboost|p2a: Crawdaunt
|
|-damage|p2a: Crawdaunt|18\/268 brn|[from] brn
|turn|36
|
|switch|p2a: Haxorus|Haxorus, F|293\/293
|-ability|p2a: Haxorus|Mold Breaker
|switch|p1a: Mrs Blobby|Alomomola, F, shiny|529\/529
|
|turn|37
|
|move|p2a: Haxorus|Dragon Claw|p1a: Mrs Blobby
|-damage|p1a: Mrs Blobby|402\/529
|move|p1a: Mrs Blobby|Wish|p1a: Mrs Blobby
|
|turn|38
|
|switch|p2a: Alakazam|Alakazam-Mega, F|252\/252
|-ability|p2a: Alakazam|Regenerator|[from] ability: Trace|[of] p1a: Mrs Blobby
|switch|p1a: Uncle Blobby|Quagsire, M, shiny|145\/394
|
|-heal|p1a: Uncle Blobby|394\/394|[from] move: Wish|[wisher] Mrs Blobby
|turn|39
|
|switch|p1a: Fuck Magnezone|Skarmory, M, shiny|334\/334
|move|p2a: Alakazam|Psychic|p1a: Fuck Magnezone
|-resisted|p1a: Fuck Magnezone
|-damage|p1a: Fuck Magnezone|210\/334
|
|turn|40
|
|move|p2a: Alakazam|Shadow Ball|p1a: Fuck Magnezone
|-damage|p1a: Fuck Magnezone|50\/334
|move|p1a: Fuck Magnezone|Stealth Rock|p2a: Alakazam
|-sidestart|p2: fifastreet|move: Stealth Rock
|
|turn|41
|
|move|p2a: Alakazam|Shadow Ball|p1a: Fuck Magnezone
|-damage|p1a: Fuck Magnezone|0 fnt
|faint|p1a: Fuck Magnezone
|
|
|switch|p1a: Baby Blobby|Chansey, F, shiny|477\/704
|turn|42
|
|switch|p2a: Haxorus|Haxorus, F|293\/293
|-damage|p2a: Haxorus|257\/293|[from] Stealth Rock
|-ability|p2a: Haxorus|Mold Breaker
|move|p1a: Baby Blobby|Soft-Boiled|p1a: Baby Blobby
|-heal|p1a: Baby Blobby|704\/704
|
|turn|43
|
|switch|p1a: Mrs Blobby|Alomomola, F, shiny|529\/529
|move|p2a: Haxorus|Dragon Claw|p1a: Mrs Blobby
|-damage|p1a: Mrs Blobby|402\/529
|
|turn|44
|
|move|p2a: Haxorus|Dragon Claw|p1a: Mrs Blobby
|-damage|p1a: Mrs Blobby|278\/529
|move|p1a: Mrs Blobby|Toxic|p2a: Haxorus
|-status|p2a: Haxorus|tox
|
|-damage|p2a: Haxorus|239\/293 tox|[from] psn
|turn|45
|
|move|p2a: Haxorus|Dragon Claw|p1a: Mrs Blobby
|-damage|p1a: Mrs Blobby|151\/529
|move|p1a: Mrs Blobby|Wish|p1a: Mrs Blobby
|
|-damage|p2a: Haxorus|203\/293 tox|[from] psn
|turn|46
|
|switch|p2a: Alakazam|Alakazam-Mega, F|252\/252
|-damage|p2a: Alakazam|221\/252|[from] Stealth Rock
|-ability|p2a: Alakazam|Regenerator|[from] ability: Trace|[of] p1a: Mrs Blobby
|move|p1a: Mrs Blobby|Protect|p1a: Mrs Blobby
|-fail|p1a: Mrs Blobby
|
|-heal|p1a: Mrs Blobby|415\/529|[from] move: Wish|[wisher] Mrs Blobby
|turn|47
|
|switch|p1a: Baby Blobby|Chansey, F, shiny|704\/704
|move|p2a: Alakazam|Psychic|p1a: Baby Blobby
|-damage|p1a: Baby Blobby|571\/704
|
|turn|48
|
|move|p2a: Alakazam|Focus Blast|p1a: Baby Blobby
|-supereffective|p1a: Baby Blobby
|-damage|p1a: Baby Blobby|351\/704
|move|p1a: Baby Blobby|Toxic|p2a: Alakazam
|-status|p2a: Alakazam|tox
|
|-damage|p2a: Alakazam|206\/252 tox|[from] psn
|turn|49
|
|switch|p2a: Haxorus|Haxorus, F|203\/293 tox
|-damage|p2a: Haxorus|167\/293 tox|[from] Stealth Rock
|-ability|p2a: Haxorus|Mold Breaker
|move|p1a: Baby Blobby|Soft-Boiled|p1a: Baby Blobby
|-heal|p1a: Baby Blobby|703\/704
|
|-damage|p2a: Haxorus|149\/293 tox|[from] psn
|turn|50
|
|switch|p1a: Mrs Blobby|Alomomola, F, shiny|529\/529
|move|p2a: Haxorus|Dragon Claw|p1a: Mrs Blobby
|-damage|p1a: Mrs Blobby|411\/529
|
|-damage|p2a: Haxorus|113\/293 tox|[from] psn
|turn|51
|
|move|p2a: Haxorus|Dragon Claw|p1a: Mrs Blobby
|-damage|p1a: Mrs Blobby|275\/529
|move|p1a: Mrs Blobby|Wish|p1a: Mrs Blobby
|
|-damage|p2a: Haxorus|59\/293 tox|[from] psn
|turn|52
|
|switch|p1a: Not Mega|Sableye-Mega, F, shiny|193\/304
|move|p2a: Haxorus|Dragon Claw|p1a: Not Mega
|-crit|p1a: Not Mega
|-damage|p1a: Not Mega|55\/304
|
|-heal|p1a: Not Mega|304\/304|[from] move: Wish|[wisher] Mrs Blobby
|-damage|p2a: Haxorus|0 fnt|[from] psn
|faint|p2a: Haxorus
|
|switch|p2a: Alakazam|Alakazam-Mega, F|252\/252 tox
|-damage|p2a: Alakazam|221\/252 tox|[from] Stealth Rock
|-ability|p2a: Alakazam|Magic Bounce|[from] ability: Trace|[of] p1a: Not Mega
|turn|53
|
|switch|p1a: Baby Blobby|Chansey, F, shiny|703\/704
|move|p2a: Alakazam|Dazzling Gleam|p1a: Baby Blobby
|-damage|p1a: Baby Blobby|630\/704
|
|-damage|p2a: Alakazam|206\/252 tox|[from] psn
|turn|54
|
|switch|p2a: Sylveon|Sylveon, F|140\/394
|-damage|p2a: Sylveon|91\/394|[from] Stealth Rock
|move|p1a: Baby Blobby|Seismic Toss|p2a: Sylveon
|-damage|p2a: Sylveon|0 fnt
|faint|p2a: Sylveon
|
|
|switch|p2a: Crawdaunt|Crawdaunt, M|18\/268 brn
|-damage|p2a: Crawdaunt|0 fnt|[from] Stealth Rock
|faint|p2a: Crawdaunt
|
|switch|p2a: Alakazam|Alakazam-Mega, F|206\/252 tox
|-damage|p2a: Alakazam|175\/252 tox|[from] Stealth Rock
|-ability|p2a: Alakazam|Natural Cure|[from] ability: Trace|[of] p1a: Baby Blobby
|turn|55
|
|move|p2a: Alakazam|Focus Blast|p1a: Baby Blobby
|-supereffective|p1a: Baby Blobby
|-damage|p1a: Baby Blobby|418\/704
|move|p1a: Baby Blobby|Seismic Toss|p2a: Alakazam
|-damage|p2a: Alakazam|75\/252 tox
|
|-damage|p2a: Alakazam|60\/252 tox|[from] psn
|turn|56
|
|move|p2a: Alakazam|Focus Blast|p1a: Baby Blobby
|-crit|p1a: Baby Blobby
|-supereffective|p1a: Baby Blobby
|-damage|p1a: Baby Blobby|66\/704
|move|p1a: Baby Blobby|Soft-Boiled|p1a: Baby Blobby
|-heal|p1a: Baby Blobby|418\/704
|
|-damage|p2a: Alakazam|30\/252 tox|[from] psn
|turn|57
|c|âAmoonbro|gg
|
|move|p2a: Alakazam|Focus Blast|p1a: Baby Blobby
|-supereffective|p1a: Baby Blobby
|-damage|p1a: Baby Blobby|184\/704
|move|p1a: Baby Blobby|Soft-Boiled|p1a: Baby Blobby
|-heal|p1a: Baby Blobby|536\/704
|
|-damage|p2a: Alakazam|0 fnt|[from] psn
|faint|p2a: Alakazam
|
|win|Amoonbro
|raw|Ladder updating...
|raw|Amoonbro's rating: 1145 &rarr; <strong>1174<\/strong><br \/>(+29 for winning)
|raw|fifastreet's rating: 1202 &rarr; <strong>1173<\/strong><br \/>(-29 for losing)
|c|âfifastreet|gg
|leave|fifastreet
|player|p2