|join|Amoonbro
|join|she forgets
|player|p1|Amoonbro|102
|player|p2|she forgets|239
|gametype|singles
|gen|6
|tier|OU
|rated
|clearpoke
|poke|p1|Chansey, F, shiny
|poke|p1|Skarmory, F, shiny
|poke|p1|Alomomola, F, shiny
|poke|p1|Amoonguss, M, shiny
|poke|p1|Quagsire, F, shiny
|poke|p1|Sableye, M, shiny
|poke|p2|Lopunny, F, shiny
|poke|p2|Gengar, F, shiny
|poke|p2|Azumarill, M
|poke|p2|Landorus-Therian, M, shiny
|poke|p2|Latias, F
|poke|p2|Scizor, M
|rule|Swagger Clause: Swagger is banned
|rule|Baton Pass Clause: Limit one PokÃ©mon knowing Baton Pass
|rule|Sleep Clause Mod: Limit one foe put to sleep
|rule|Species Clause: Limit one of each PokÃ©mon
|rule|OHKO Clause: OHKO moves are banned
|rule|Moody Clause: Moody is banned
|rule|Evasion Moves Clause: Evasion moves are banned
|rule|Endless Battle Clause: Forcing endless battles is banned
|rule|HP Percentage Mod: HP is shown in percentages
|teampreview
|
|start
|switch|p1a: Not Mega|Sableye, M, shiny|304\/304
|switch|p2a: Lopunny|Lopunny, F, shiny|271\/271
|turn|1
|
|switch|p1a: Mrs Blobby|Alomomola, F, shiny|529\/529
|detailschange|p2a: Lopunny|Lopunny-Mega, F, shiny
|-mega|p2a: Lopunny|Lopunny|Lopunnite
|move|p2a: Lopunny|Substitute|p2a: Lopunny
|-start|p2a: Lopunny|Substitute
|-damage|p2a: Lopunny|204\/271
|
|turn|2
|
|move|p2a: Lopunny|Return|p1a: Mrs Blobby
|-damage|p1a: Mrs Blobby|363\/529
|move|p1a: Mrs Blobby|Scald|p2a: Lopunny
|-activate|p2a: Lopunny|Substitute|[damage]
|
|-heal|p1a: Mrs Blobby|396\/529|[from] item: Leftovers
|turn|3
|
|move|p2a: Lopunny|High Jump Kick|p1a: Mrs Blobby
|-damage|p1a: Mrs Blobby|191\/529
|move|p1a: Mrs Blobby|Scald|p2a: Lopunny
|-end|p2a: Lopunny|Substitute
|
|-heal|p1a: Mrs Blobby|224\/529|[from] item: Leftovers
|turn|4
|
|move|p1a: Mrs Blobby|Protect|p1a: Mrs Blobby
|-singleturn|p1a: Mrs Blobby|Protect
|move|p2a: Lopunny|Substitute|p2a: Lopunny
|-start|p2a: Lopunny|Substitute
|-damage|p2a: Lopunny|137\/271
|
|-heal|p1a: Mrs Blobby|257\/529|[from] item: Leftovers
|turn|5
|
|move|p2a: Lopunny|High Jump Kick|p1a: Mrs Blobby
|-damage|p1a: Mrs Blobby|47\/529
|move|p1a: Mrs Blobby|Wish|p1a: Mrs Blobby
|
|-heal|p1a: Mrs Blobby|80\/529|[from] item: Leftovers
|turn|6
|
|move|p1a: Mrs Blobby|Protect|p1a: Mrs Blobby
|-singleturn|p1a: Mrs Blobby|Protect
|move|p2a: Lopunny|Return|p1a: Mrs Blobby
|-activate|p1a: Mrs Blobby|Protect
|
|-heal|p1a: Mrs Blobby|344\/529|[from] move: Wish|[wisher] Mrs Blobby
|-heal|p1a: Mrs Blobby|377\/529|[from] item: Leftovers
|turn|7
|
|move|p2a: Lopunny|Return|p1a: Mrs Blobby
|-damage|p1a: Mrs Blobby|200\/529
|move|p1a: Mrs Blobby|Wish|p1a: Mrs Blobby
|
|-heal|p1a: Mrs Blobby|233\/529|[from] item: Leftovers
|turn|8
|
|move|p1a: Mrs Blobby|Protect|p1a: Mrs Blobby
|-singleturn|p1a: Mrs Blobby|Protect
|move|p2a: Lopunny|Return|p1a: Mrs Blobby
|-activate|p1a: Mrs Blobby|Protect
|
|-heal|p1a: Mrs Blobby|497\/529|[from] move: Wish|[wisher] Mrs Blobby
|-heal|p1a: Mrs Blobby|529\/529|[from] item: Leftovers
|turn|9
|
|move|p2a: Lopunny|High Jump Kick|p1a: Mrs Blobby
|-damage|p1a: Mrs Blobby|303\/529
|move|p1a: Mrs Blobby|Wish|p1a: Mrs Blobby
|
|-heal|p1a: Mrs Blobby|336\/529|[from] item: Leftovers
|turn|10
|
|move|p2a: Lopunny|Return|p1a: Mrs Blobby
|-damage|p1a: Mrs Blobby|159\/529
|move|p1a: Mrs Blobby|Scald|p2a: Lopunny
|-activate|p2a: Lopunny|Substitute|[damage]
|
|-heal|p1a: Mrs Blobby|423\/529|[from] move: Wish|[wisher] Mrs Blobby
|-heal|p1a: Mrs Blobby|456\/529|[from] item: Leftovers
|turn|11
|
|move|p2a: Lopunny|Return|p1a: Mrs Blobby
|-crit|p1a: Mrs Blobby
|-damage|p1a: Mrs Blobby|201\/529
|move|p1a: Mrs Blobby|Scald|p2a: Lopunny
|-end|p2a: Lopunny|Substitute
|
|-heal|p1a: Mrs Blobby|234\/529|[from] item: Leftovers
|turn|12
|
|switch|p2a: Latias|Latias, F|317\/317
|move|p1a: Mrs Blobby|Protect|p1a: Mrs Blobby
|-fail|p1a: Mrs Blobby
|
|-heal|p1a: Mrs Blobby|267\/529|[from] item: Leftovers
|turn|13
|
|switch|p1a: Baby Blobby|Chansey, F, shiny|704\/704
|move|p2a: Latias|Draco Meteor|p1a: Baby Blobby
|-damage|p1a: Baby Blobby|531\/704
|-unboost|p2a: Latias|spa|2
|-damage|p2a: Latias|286\/317|[from] item: Life Orb
|
|turn|14
|
|switch|p2a: Landorus-Therian|Landorus-Therian, M, shiny|319\/319
|-ability|p2a: Landorus-Therian|Intimidate|[of] p1a: Baby Blobby
|-unboost|p1a: Baby Blobby|atk|1
|move|p1a: Baby Blobby|Soft-Boiled|p1a: Baby Blobby
|-heal|p1a: Baby Blobby|704\/704
|
|turn|15
|
|switch|p1a: Fuck Magnezone|Skarmory, F, shiny|334\/334
|move|p2a: Landorus-Therian|Stealth Rock|p1a: Fuck Magnezone
|-sidestart|p1: Amoonbro|move: Stealth Rock
|
|turn|16
|
|move|p2a: Landorus-Therian|Stone Edge|p1a: Fuck Magnezone|[miss]
|-miss|p2a: Landorus-Therian|p1a: Fuck Magnezone
|move|p1a: Fuck Magnezone|Defog|p2a: Landorus-Therian
|-unboost|p2a: Landorus-Therian|evasion|1
|-sideend|p1: Amoonbro|Stealth Rock|[from] move: Defog|[of] p1a: Fuck Magnezone
|
|turn|17
|
|move|p2a: Landorus-Therian|Stealth Rock|p1a: Fuck Magnezone
|-sidestart|p1: Amoonbro|move: Stealth Rock
|move|p1a: Fuck Magnezone|Brave Bird|p2a: Landorus-Therian
|-damage|p2a: Landorus-Therian|184\/319
|-damage|p1a: Fuck Magnezone|279\/334|[from] item: Rocky Helmet|[of] p2a: Landorus-Therian
|-damage|p1a: Fuck Magnezone|234\/334|[from] recoil|[of] p2a: Landorus-Therian
|
|turn|18
|
|move|p2a: Landorus-Therian|Stone Edge|p1a: Fuck Magnezone|[miss]
|-miss|p2a: Landorus-Therian|p1a: Fuck Magnezone
|move|p1a: Fuck Magnezone|Defog|p2a: Landorus-Therian
|-unboost|p2a: Landorus-Therian|evasion|1
|-sideend|p1: Amoonbro|Stealth Rock|[from] move: Defog|[of] p1a: Fuck Magnezone
|
|turn|19
|c|âshe forgets|lmao how does stone edge miss for me more often than focus miss? T_T
|c|âshe forgets|:'(
|
|move|p2a: Landorus-Therian|Stone Edge|p1a: Fuck Magnezone
|-damage|p1a: Fuck Magnezone|160\/334
|move|p1a: Fuck Magnezone|Roost|p1a: Fuck Magnezone
|-heal|p1a: Fuck Magnezone|327\/334
|
|turn|20
|c|âAmoonbro|that massive 33% damage
|c|âAmoonbro|22%
|
|move|p2a: Landorus-Therian|Stealth Rock|p1a: Fuck Magnezone
|-sidestart|p1: Amoonbro|move: Stealth Rock
|move|p1a: Fuck Magnezone|Brave Bird|p2a: Landorus-Therian
|-damage|p2a: Landorus-Therian|51\/319
|-damage|p1a: Fuck Magnezone|272\/334|[from] item: Rocky Helmet|[of] p2a: Landorus-Therian
|-damage|p1a: Fuck Magnezone|228\/334|[from] recoil|[of] p2a: Landorus-Therian
|
|turn|21
|
|move|p2a: Landorus-Therian|U-turn|p1a: Fuck Magnezone
|-resisted|p1a: Fuck Magnezone
|-damage|p1a: Fuck Magnezone|215\/334
|
|switch|p2a: Gengar|Gengar, F, shiny|261\/261
|move|p1a: Fuck Magnezone|Defog|p2a: Gengar
|-unboost|p2a: Gengar|evasion|1
|-sideend|p1: Amoonbro|Stealth Rock|[from] move: Defog|[of] p1a: Fuck Magnezone
|
|turn|22
|
|switch|p1a: Mr Blobby|Amoonguss, M, shiny|432\/432
|move|p2a: Gengar|Trick|p1a: Mr Blobby
|-activate|p2a: Gengar|move: Trick|[of] p1a: Mr Blobby
|-item|p1a: Mr Blobby|Choice Scarf|[from] move: Trick
|-item|p2a: Gengar|Assault Vest|[from] move: Trick
|
|turn|23
|
|switch|p2a: Landorus-Therian|Landorus-Therian, M, shiny|51\/319
|-ability|p2a: Landorus-Therian|Intimidate|[of] p1a: Mr Blobby
|-unboost|p1a: Mr Blobby|atk|1
|move|p1a: Mr Blobby|Foul Play|p2a: Landorus-Therian
|-damage|p2a: Landorus-Therian|0 fnt
|-damage|p1a: Mr Blobby|360\/432|[from] item: Rocky Helmet|[of] p2a: Landorus-Therian
|faint|p2a: Landorus-Therian
|
|
|switch|p2a: Scizor|Scizor, M|343\/343
|turn|24
|
|switch|p1a: Mrs Blobby|Alomomola, F, shiny|443\/529
|move|p2a: Scizor|U-turn|p1a: Mrs Blobby
|-damage|p1a: Mrs Blobby|262\/529
|c|âAmoonbro|sigh
|
|switch|p2a: Gengar|Gengar, F, shiny|261\/261
|
|-heal|p1a: Mrs Blobby|295\/529|[from] item: Leftovers
|turn|25
|c|âshe forgets|problem?
|
|switch|p1a: Mr Blobby|Amoonguss, M, shiny|432\/432
|move|p2a: Gengar|Shadow Ball|p1a: Mr Blobby
|-damage|p1a: Mr Blobby|272\/432
|
|turn|26
|c|âAmoonbro|ofc
|
|move|p2a: Gengar|Sludge Wave|p1a: Mr Blobby
|-damage|p1a: Mr Blobby|52\/432
|move|p1a: Mr Blobby|Foul Play|p2a: Gengar
|-supereffective|p2a: Gengar
|-damage|p2a: Gengar|141\/261
|
|turn|27
|
|switch|p1a: Baby Blobby|Chansey, F, shiny|704\/704
|move|p2a: Gengar|Shadow Ball|p1a: Baby Blobby
|-immune|p1a: Baby Blobby|[msg]
|
|turn|28
|
|switch|p2a: Scizor|Scizor, M|343\/343
|move|p1a: Baby Blobby|Seismic Toss|p2a: Scizor
|-damage|p2a: Scizor|243\/343
|
|turn|29
|
|move|p2a: Scizor|Pursuit|p1a: Baby Blobby|[from]Pursuit
|-damage|p1a: Baby Blobby|493\/704
|switch|p1a: Mrs Blobby|Alomomola, F, shiny|471\/529
|
|-heal|p1a: Mrs Blobby|504\/529|[from] item: Leftovers
|turn|30
|
|switch|p2a: Latias|Latias, F|286\/317
|move|p1a: Mrs Blobby|Wish|p1a: Mrs Blobby
|
|-heal|p1a: Mrs Blobby|529\/529|[from] item: Leftovers
|turn|31
|
|switch|p1a: Baby Blobby|Chansey, F, shiny|493\/704
|move|p2a: Latias|Psyshock|p1a: Baby Blobby
|-damage|p1a: Baby Blobby|294\/704
|-damage|p2a: Latias|255\/317|[from] item: Life Orb
|
|-heal|p1a: Baby Blobby|558\/704|[from] move: Wish|[wisher] Mrs Blobby
|turn|32
|
|switch|p2a: Gengar|Gengar, F, shiny|141\/261
|move|p1a: Baby Blobby|Soft-Boiled|p1a: Baby Blobby
|-heal|p1a: Baby Blobby|704\/704
|
|turn|33
|
|move|p2a: Gengar|Focus Blast|p1a: Baby Blobby
|-supereffective|p1a: Baby Blobby
|-damage|p1a: Baby Blobby|510\/704
|move|p1a: Baby Blobby|Seismic Toss|p2a: Gengar
|-immune|p2a: Gengar|[msg]
|
|turn|34
|
|move|p2a: Gengar|Sludge Wave|p1a: Baby Blobby
|-crit|p1a: Baby Blobby
|-damage|p1a: Baby Blobby|345\/704
|move|p1a: Baby Blobby|Soft-Boiled|p1a: Baby Blobby
|-heal|p1a: Baby Blobby|697\/704
|
|turn|35
|
|move|p2a: Gengar|Sludge Wave|p1a: Baby Blobby
|-damage|p1a: Baby Blobby|588\/704
|move|p1a: Baby Blobby|Seismic Toss|p2a: Gengar
|-immune|p2a: Gengar|[msg]
|
|turn|36
|
|move|p2a: Gengar|Shadow Ball|p1a: Baby Blobby
|-immune|p1a: Baby Blobby|[msg]
|move|p1a: Baby Blobby|Seismic Toss|p2a: Gengar
|-immune|p2a: Gengar|[msg]
|
|turn|37
|
|move|p2a: Gengar|Sludge Wave|p1a: Baby Blobby
|-damage|p1a: Baby Blobby|476\/704
|move|p1a: Baby Blobby|Seismic Toss|p2a: Gengar
|-immune|p2a: Gengar|[msg]
|
|turn|38
|
|move|p2a: Gengar|Shadow Ball|p1a: Baby Blobby
|-immune|p1a: Baby Blobby|[msg]
|move|p1a: Baby Blobby|Soft-Boiled|p1a: Baby Blobby
|-heal|p1a: Baby Blobby|704\/704
|
|turn|39
|c|âshe forgets|this is gonna be fun
|
|move|p2a: Gengar|Sludge Wave|p1a: Baby Blobby
|-damage|p1a: Baby Blobby|592\/704
|move|p1a: Baby Blobby|Seismic Toss|p2a: Gengar
|-immune|p2a: Gengar|[msg]
|
|turn|40
|
|move|p2a: Gengar|Sludge Wave|p1a: Baby Blobby
|-damage|p1a: Baby Blobby|490\/704
|move|p1a: Baby Blobby|Seismic Toss|p2a: Gengar
|-immune|p2a: Gengar|[msg]
|
|turn|41
|
|move|p2a: Gengar|Shadow Ball|p1a: Baby Blobby
|-immune|p1a: Baby Blobby|[msg]
|move|p1a: Baby Blobby|Soft-Boiled|p1a: Baby Blobby
|-heal|p1a: Baby Blobby|704\/704
|
|turn|42
|
|move|p2a: Gengar|Shadow Ball|p1a: Baby Blobby
|-immune|p1a: Baby Blobby|[msg]
|move|p1a: Baby Blobby|Toxic|p2a: Gengar
|-fail|p2a: Gengar
|
|turn|43
|
|move|p2a: Gengar|Sludge Wave|p1a: Baby Blobby
|-damage|p1a: Baby Blobby|592\/704
|move|p1a: Baby Blobby|Toxic|p2a: Gengar
|-fail|p2a: Gengar
|
|turn|44
|
|move|p2a: Gengar|Sludge Wave|p1a: Baby Blobby
|-damage|p1a: Baby Blobby|478\/704
|-status|p1a: Baby Blobby|psn
|move|p1a: Baby Blobby|Toxic|p2a: Gengar
|-fail|p2a: Gengar
|
|-damage|p1a: Baby Blobby|390\/704 psn|[from] psn
|turn|45
|
|move|p2a: Gengar|Focus Blast|p1a: Baby Blobby
|-supereffective|p1a: Baby Blobby
|-damage|p1a: Baby Blobby|204\/704 psn
|move|p1a: Baby Blobby|Soft-Boiled|p1a: Baby Blobby
|-heal|p1a: Baby Blobby|556\/704 psn
|
|-damage|p1a: Baby Blobby|468\/704 psn|[from] psn
|turn|46
|
|move|p2a: Gengar|Focus Blast|p1a: Baby Blobby
|-supereffective|p1a: Baby Blobby
|-damage|p1a: Baby Blobby|300\/704 psn
|move|p1a: Baby Blobby|Soft-Boiled|p1a: Baby Blobby
|-heal|p1a: Baby Blobby|652\/704 psn
|
|-damage|p1a: Baby Blobby|564\/704 psn|[from] psn
|turn|47
|
|switch|p1a: Mr Blobby|Amoonguss, M, shiny|196\/432
|move|p2a: Gengar|Shadow Ball|p1a: Mr Blobby
|-damage|p1a: Mr Blobby|36\/432
|-unboost|p1a: Mr Blobby|spd|1
|
|turn|48
|
|switch|p1a: Baby Blobby|Chansey, F, shiny|564\/704
|move|p2a: Gengar|Sludge Wave|p1a: Baby Blobby
|-damage|p1a: Baby Blobby|464\/704
|
|turn|49
|
|move|p2a: Gengar|Focus Blast|p1a: Baby Blobby
|-supereffective|p1a: Baby Blobby
|-damage|p1a: Baby Blobby|280\/704
|move|p1a: Baby Blobby|Soft-Boiled|p1a: Baby Blobby
|-heal|p1a: Baby Blobby|632\/704
|
|turn|50
|
|move|p2a: Gengar|Shadow Ball|p1a: Baby Blobby
|-immune|p1a: Baby Blobby|[msg]
|move|p1a: Baby Blobby|Seismic Toss|p2a: Gengar
|-immune|p2a: Gengar|[msg]
|
|turn|51
|
|switch|p1a: Mr Blobby|Amoonguss, M, shiny|180\/432
|move|p2a: Gengar|Shadow Ball|p1a: Mr Blobby
|-damage|p1a: Mr Blobby|0 fnt
|faint|p1a: Mr Blobby
|
|
|switch|p1a: Baby Blobby|Chansey, F, shiny|632\/704
|turn|52
|
|move|p2a: Gengar|Shadow Ball|p1a: Baby Blobby
|-immune|p1a: Baby Blobby|[msg]
|move|p1a: Baby Blobby|Seismic Toss|p2a: Gengar
|-immune|p2a: Gengar|[msg]
|
|turn|53
|
|move|p2a: Gengar|Sludge Wave|p1a: Baby Blobby
|-damage|p1a: Baby Blobby|520\/704
|move|p1a: Baby Blobby|Seismic Toss|p2a: Gengar
|-immune|p2a: Gengar|[msg]
|
|turn|54
|
|move|p2a: Gengar|Shadow Ball|p1a: Baby Blobby
|-immune|p1a: Baby Blobby|[msg]
|move|p1a: Baby Blobby|Seismic Toss|p2a: Gengar
|-immune|p2a: Gengar|[msg]
|
|turn|55
|
|move|p2a: Gengar|Sludge Wave|p1a: Baby Blobby
|-damage|p1a: Baby Blobby|405\/704
|move|p1a: Baby Blobby|Seismic Toss|p2a: Gengar
|-immune|p2a: Gengar|[msg]
|
|turn|56
|
|switch|p2a: Scizor|Scizor, M|243\/343
|move|p1a: Baby Blobby|Soft-Boiled|p1a: Baby Blobby
|-heal|p1a: Baby Blobby|704\/704
|
|turn|57
|
|switch|p1a: Mrs Blobby|Alomomola, F, shiny|529\/529
|move|p2a: Scizor|U-turn|p1a: Mrs Blobby
|-damage|p1a: Mrs Blobby|370\/529
|c|âAmoonbro|sigh
|
|switch|p2a: Latias|Latias, F|255\/317
|
|-heal|p1a: Mrs Blobby|403\/529|[from] item: Leftovers
|turn|58
|
|switch|p1a: Baby Blobby|Chansey, F, shiny|704\/704
|move|p2a: Latias|Psyshock|p1a: Baby Blobby
|-crit|p1a: Baby Blobby
|-damage|p1a: Baby Blobby|414\/704
|-damage|p2a: Latias|224\/317|[from] item: Life Orb
|
|turn|59
|
|move|p2a: Latias|Psyshock|p1a: Baby Blobby
|-damage|p1a: Baby Blobby|215\/704
|-damage|p2a: Latias|193\/317|[from] item: Life Orb
|move|p1a: Baby Blobby|Soft-Boiled|p1a: Baby Blobby
|-heal|p1a: Baby Blobby|567\/704
|
|turn|60
|c|âAmoonbro|sighs all round
|
|switch|p2a: Gengar|Gengar, F, shiny|141\/261
|move|p1a: Baby Blobby|Toxic|p2a: Gengar
|-fail|p2a: Gengar
|
|turn|61
|
|move|p2a: Gengar|Shadow Ball|p1a: Baby Blobby
|-immune|p1a: Baby Blobby|[msg]
|move|p1a: Baby Blobby|Seismic Toss|p2a: Gengar
|-immune|p2a: Gengar|[msg]
|
|turn|62
|c|âshe forgets|well, youre playing a stall team, so.........
|
|move|p2a: Gengar|Shadow Ball|p1a: Baby Blobby
|-immune|p1a: Baby Blobby|[msg]
|move|p1a: Baby Blobby|Seismic Toss|p2a: Gengar
|-immune|p2a: Gengar|[msg]
|
|turn|63
|c|âAmoonbro|shut up
|c|âshe forgets|XD
|c|âAmoonbro|you got lucky
|c|âshe forgets|how, exactly?
|
|move|p2a: Gengar|Shadow Ball|p1a: Baby Blobby
|-immune|p1a: Baby Blobby|[msg]
|move|p1a: Baby Blobby|Seismic Toss|p2a: Gengar
|-immune|p2a: Gengar|[msg]
|
|turn|64
|c|âAmoonbro|trick
|c|âAmoonbro|and then you got one predict on the 56th turn to kill amoongus
|c|âshe forgets|yeah, i totally didnt predict the switch or anything >_>
|c|âAmoonbro|every other turn you did nothing
|c|âshe forgets|i'm pretty sure i was anticipating what you were doing
|c|âAmoonbro|you didnt predict anything you were just spamming. every other turn you did nothing
|
|move|p2a: Gengar|Shadow Ball|p1a: Baby Blobby
|-immune|p1a: Baby Blobby|[msg]
|move|p1a: Baby Blobby|Seismic Toss|p2a: Gengar
|-immune|p2a: Gengar|[msg]
|
|turn|65
|c|âshe forgets|don't underestimate intuition ^_^
|c|âAmoonbro|nah
|c|âAmoonbro|it was like 30 turns of gengar
|c|âAmoonbro|you made one lucky call
|c|âshe forgets|intuition
|
|move|p2a: Gengar|Sludge Wave|p1a: Baby Blobby
|-damage|p1a: Baby Blobby|461\/704
|move|p1a: Baby Blobby|Seismic Toss|p2a: Gengar
|-immune|p2a: Gengar|[msg]
|
|turn|66
|c|âAmoonbro|youre whole team was gonna die after like 30 turns
|c|âshe forgets|?
|c|âAmoonbro|so now you just being a fag with gengar
|c|âshe forgets|ok
|c|âshe forgets|nice homophobia
|c|âAmoonbro|you know your team has nothing so you just being a fag with gengar
|
|move|p2a: Gengar|Shadow Ball|p1a: Baby Blobby
|-immune|p1a: Baby Blobby|[msg]
|move|p1a: Baby Blobby|Seismic Toss|p2a: Gengar
|-immune|p2a: Gengar|[msg]
|
|turn|67
|c|âshe forgets|homophobia makes you cool
|c|âAmoonbro|trick gengar ><
|c|âshe forgets|especially when you call women F*gs
|c|âshe forgets|like
|c|âshe forgets|lol
|c|âshe forgets|gj
|c|âshe forgets|you did the thing
|
|move|p2a: Gengar|Shadow Ball|p1a: Baby Blobby
|-immune|p1a: Baby Blobby|[msg]
|move|p1a: Baby Blobby|Seismic Toss|p2a: Gengar
|-immune|p2a: Gengar|[msg]
|
|turn|68
|
|move|p2a: Gengar|Sludge Wave|p1a: Baby Blobby
|-damage|p1a: Baby Blobby|344\/704
|move|p1a: Baby Blobby|Seismic Toss|p2a: Gengar
|-immune|p2a: Gengar|[msg]
|
|turn|69
|
|move|p2a: Gengar|Shadow Ball|p1a: Baby Blobby
|-immune|p1a: Baby Blobby|[msg]
|move|p1a: Baby Blobby|Soft-Boiled|p1a: Baby Blobby
|-heal|p1a: Baby Blobby|696\/704
|
|turn|70
|
|move|p2a: Gengar|Sludge Wave|p1a: Baby Blobby
|-damage|p1a: Baby Blobby|596\/704
|move|p1a: Baby Blobby|Seismic Toss|p2a: Gengar
|-immune|p2a: Gengar|[msg]
|
|turn|71
|
|switch|p2a: Scizor|Scizor, M|243\/343
|move|p1a: Baby Blobby|Seismic Toss|p2a: Scizor
|-damage|p2a: Scizor|143\/343
|
|turn|72
|
|switch|p1a: Mrs Blobby|Alomomola, F, shiny|529\/529
|move|p2a: Scizor|Superpower|p1a: Mrs Blobby
|-damage|p1a: Mrs Blobby|333\/529
|-unboost|p2a: Scizor|atk|1
|-unboost|p2a: Scizor|def|1
|
|-heal|p1a: Mrs Blobby|366\/529|[from] item: Leftovers
|turn|73
|
|switch|p2a: Latias|Latias, F|193\/317
|move|p1a: Mrs Blobby|Wish|p1a: Mrs Blobby
|
|-heal|p1a: Mrs Blobby|399\/529|[from] item: Leftovers
|turn|74
|
|switch|p2a: Lopunny|Lopunny-Mega, F, shiny|137\/271
|switch|p1a: Baby Blobby|Chansey, F, shiny|596\/704
|
|-heal|p1a: Baby Blobby|704\/704|[from] move: Wish|[wisher] Mrs Blobby
|turn|75
|c|âshe forgets|oh
|c|âshe forgets|guess i got lucky
|c|âshe forgets|again
|c|âshe forgets|*winkwink*
|
|switch|p1a: Mrs Blobby|Alomomola, F, shiny|529\/529
|move|p2a: Lopunny|High Jump Kick|p1a: Mrs Blobby
|-damage|p1a: Mrs Blobby|300\/529
|
|-heal|p1a: Mrs Blobby|333\/529|[from] item: Leftovers
|turn|76
|
|move|p2a: Lopunny|Substitute|p2a: Lopunny
|-start|p2a: Lopunny|Substitute
|-damage|p2a: Lopunny|70\/271
|move|p1a: Mrs Blobby|Wish|p1a: Mrs Blobby
|
|-heal|p1a: Mrs Blobby|366\/529|[from] item: Leftovers
|turn|77
|
|move|p2a: Lopunny|Return|p1a: Mrs Blobby
|-damage|p1a: Mrs Blobby|191\/529
|move|p1a: Mrs Blobby|Scald|p2a: Lopunny
|-activate|p2a: Lopunny|Substitute|[damage]
|
|-heal|p1a: Mrs Blobby|455\/529|[from] move: Wish|[wisher] Mrs Blobby
|-heal|p1a: Mrs Blobby|488\/529|[from] item: Leftovers
|turn|78
|
|move|p1a: Mrs Blobby|Protect|p1a: Mrs Blobby
|-singleturn|p1a: Mrs Blobby|Protect
|move|p2a: Lopunny|Return|p1a: Mrs Blobby
|-activate|p1a: Mrs Blobby|Protect
|
|-heal|p1a: Mrs Blobby|521\/529|[from] item: Leftovers
|turn|79
|
|move|p1a: Mrs Blobby|Protect|p1a: Mrs Blobby
|-fail|p1a: Mrs Blobby
|move|p2a: Lopunny|High Jump Kick|p1a: Mrs Blobby|[miss]
|-miss|p2a: Lopunny|p1a: Mrs Blobby
|-damage|p2a: Lopunny|0 fnt|[from] highjumpkick
|faint|p2a: Lopunny
|
|-heal|p1a: Mrs Blobby|529\/529|[from] item: Leftovers
|c|âAmoonbro|fuck you
|c|âAmoonbro|noob
|c|âshe forgets|hahahaha
|c|âshe forgets|u mad
|
|switch|p2a: Scizor|Scizor, M|143\/343
|turn|80
|c|âAmoonbro|nah i actually went for the protect anyway
|c|âAmoonbro|small chance of protecting again
|c|âshe forgets|no kidding >_>
|c|âAmoonbro|i tried to make a play instead of just spamming u turn into everything
|c|âAmoonbro|unlike you
|
|move|p2a: Scizor|U-turn|p1a: Mrs Blobby
|-damage|p1a: Mrs Blobby|370\/529
|c|âshe forgets|lol
|c|âshe forgets|ok dude
|c|âshe forgets|youre the champ
|c|âshe forgets|bravo
|c|âshe forgets|making me all wet
|c|âAmoonbro|seriously try and just predict something instead of having to u turn into something every turn
|
|switch|p2a: Azumarill|Azumarill, M|342\/342
|move|p1a: Mrs Blobby|Wish|p1a: Mrs Blobby
|
|-heal|p1a: Mrs Blobby|403\/529|[from] item: Leftovers
|turn|81
|
|switch|p1a: Uncle Blobby|Quagsire, F, shiny|394\/394
|move|p2a: Azumarill|Belly Drum|p2a: Azumarill
|-damage|p2a: Azumarill|171\/342
|-setboost|p2a: Azumarill|atk|6|[from] move: Belly Drum
|-enditem|p2a: Azumarill|Sitrus Berry|[eat]
|-heal|p2a: Azumarill|256\/342|[from] item: Sitrus Berry
|
|turn|82
|c|âAmoonbro|sigh
|c|âAmoonbro|that says a lot
|
|move|p2a: Azumarill|Knock Off|p1a: Uncle Blobby
|-damage|p1a: Uncle Blobby|286\/394
|-enditem|p1a: Uncle Blobby|Leftovers|[from] move: Knock Off|[of] p2a: Azumarill
|move|p1a: Uncle Blobby|Haze|p1a: Uncle Blobby
|-clearallboost
|
|turn|83
|
|move|p2a: Azumarill|Play Rough|p1a: Uncle Blobby
|-damage|p1a: Uncle Blobby|144\/394
|move|p1a: Uncle Blobby|Recover|p1a: Uncle Blobby
|-heal|p1a: Uncle Blobby|341\/394
|
|turn|84
|
|move|p2a: Azumarill|Play Rough|p1a: Uncle Blobby
|-damage|p1a: Uncle Blobby|190\/394
|-unboost|p1a: Uncle Blobby|atk|1
|move|p1a: Uncle Blobby|Scald|p2a: Azumarill
|-resisted|p2a: Azumarill
|-damage|p2a: Azumarill|219\/342
|
|turn|85
|
|move|p2a: Azumarill|Play Rough|p1a: Uncle Blobby
|-damage|p1a: Uncle Blobby|60\/394
|move|p1a: Uncle Blobby|Recover|p1a: Uncle Blobby
|-heal|p1a: Uncle Blobby|257\/394
|
|turn|86
|
|move|p2a: Azumarill|Play Rough|p1a: Uncle Blobby
|-damage|p1a: Uncle Blobby|116\/394
|move|p1a: Uncle Blobby|Recover|p1a: Uncle Blobby
|-heal|p1a: Uncle Blobby|313\/394
|
|turn|87
|
|switch|p1a: Mrs Blobby|Alomomola, F, shiny|529\/529
|move|p2a: Azumarill|Play Rough|p1a: Mrs Blobby
|-damage|p1a: Mrs Blobby|384\/529
|-unboost|p1a: Mrs Blobby|atk|1
|
|-heal|p1a: Mrs Blobby|417\/529|[from] item: Leftovers
|turn|88
|
|move|p2a: Azumarill|Knock Off|p1a: Mrs Blobby
|-damage|p1a: Mrs Blobby|312\/529
|-enditem|p1a: Mrs Blobby|Leftovers|[from] move: Knock Off|[of] p2a: Azumarill
|move|p1a: Mrs Blobby|Wish|p1a: Mrs Blobby
|
|turn|89
|
|switch|p2a: Gengar|Gengar, F, shiny|141\/261
|move|p1a: Mrs Blobby|Scald|p2a: Gengar
|-damage|p2a: Gengar|101\/261
|
|-heal|p1a: Mrs Blobby|529\/529|[from] move: Wish|[wisher] Mrs Blobby
|turn|90
|c|âAmoonbro|sigh
|c|âshe forgets|lol
|
|switch|p2a: Scizor|Scizor, M|143\/343
|switch|p1a: Baby Blobby|Chansey, F, shiny|704\/704
|
|turn|91
|c|âAmoonbro|game was over if that burned
|c|âshe forgets|cry for me
|c|âAmoonbro|5 times now youve switched into a scald with gengar
|c|âshe forgets|give me those delicious male tears
|
|switch|p1a: Mrs Blobby|Alomomola, F, shiny|529\/529
|move|p2a: Scizor|U-turn|p1a: Mrs Blobby
|-damage|p1a: Mrs Blobby|351\/529
|
|switch|p2a: Gengar|Gengar, F, shiny|101\/261
|
|turn|92
|
|switch|p1a: Baby Blobby|Chansey, F, shiny|704\/704
|move|p2a: Gengar|Shadow Ball|p1a: Baby Blobby
|-immune|p1a: Baby Blobby|[msg]
|
|turn|93
|
|move|p2a: Gengar|Sludge Wave|p1a: Baby Blobby
|-damage|p1a: Baby Blobby|589\/704
|move|p1a: Baby Blobby|Seismic Toss|p2a: Gengar
|-immune|p2a: Gengar|[msg]
|
|turn|94
|c|âshe forgets|!dt seismic toss
|c|~|\/data-move Seismic Toss
|raw|<font size="1"><font color=#585858>Priority:<\/font> 0&nbsp;|&ThickSpace;<font color=#585858><font color=black>&#10003; Contact<\/font><\/font>&nbsp;|&ThickSpace;<font color=#585858><font color=black>&#10003; Blocked by Protect<\/font><\/font>&nbsp;|&ThickSpace;<font color=#585858>Target:<\/font> One Adjacent Pokemon<\/font>
|
|move|p2a: Gengar|Focus Blast|p1a: Baby Blobby
|-supereffective|p1a: Baby Blobby
|-damage|p1a: Baby Blobby|393\/704
|move|p1a: Baby Blobby|Seismic Toss|p2a: Gengar
|-immune|p2a: Gengar|[msg]
|
|turn|95
|c|âAmoonbro|you belly drummed when quag hadnt even entered the field. that tells me everything i need to know about you, if the previous turns didn't already
|
|move|p2a: Gengar|Focus Blast|p1a: Baby Blobby|[miss]
|-miss|p2a: Gengar|p1a: Baby Blobby
|move|p1a: Baby Blobby|Soft-Boiled|p1a: Baby Blobby
|-heal|p1a: Baby Blobby|704\/704
|
|turn|96
|c|âshe forgets|ok
|c|âshe forgets|cool
|c|âshe forgets|fascinating
|c|âshe forgets|gj
|c|âshe forgets|you are a super sleuth
|
|move|p2a: Gengar|Shadow Ball|p1a: Baby Blobby
|-immune|p1a: Baby Blobby|[msg]
|move|p1a: Baby Blobby|Seismic Toss|p2a: Gengar
|-immune|p2a: Gengar|[msg]
|
|turn|97
|
|move|p2a: Gengar|Focus Blast|p1a: Baby Blobby
|-crit|p1a: Baby Blobby
|-supereffective|p1a: Baby Blobby
|-damage|p1a: Baby Blobby|414\/704
|move|p1a: Baby Blobby|Toxic|p2a: Gengar
|-fail|p2a: Gengar
|
|turn|98
|
|move|p2a: Gengar|Focus Blast|p1a: Baby Blobby
|-supereffective|p1a: Baby Blobby
|-damage|p1a: Baby Blobby|222\/704
|move|p1a: Baby Blobby|Soft-Boiled|p1a: Baby Blobby
|-heal|p1a: Baby Blobby|574\/704
|
|turn|99
|c|âAmoonbro|sigh
|c|âshe forgets|lol
|
|switch|p1a: Fuck Magnezone|Skarmory, F, shiny|215\/334
|move|p2a: Gengar|Shadow Ball|p1a: Fuck Magnezone
|-damage|p1a: Fuck Magnezone|17\/334
|
|turn|100
|
|switch|p1a: Baby Blobby|Chansey, F, shiny|574\/704
|move|p2a: Gengar|Shadow Ball|p1a: Baby Blobby
|-immune|p1a: Baby Blobby|[msg]
|
|turn|101
|c|âshe forgets|la, lala la laaaa
|c|âshe forgets|la la lalala
|
|move|p2a: Gengar|Sludge Wave|p1a: Baby Blobby
|-damage|p1a: Baby Blobby|471\/704
|move|p1a: Baby Blobby|Toxic|p2a: Gengar|[miss]
|-miss|p1a: Baby Blobby|p2a: Gengar
|
|turn|102
|c|âshe forgets|la deee da daaaa
|
|switch|p2a: Latias|Latias, F|193\/317
|move|p1a: Baby Blobby|Soft-Boiled|p1a: Baby Blobby
|-heal|p1a: Baby Blobby|704\/704
|
|turn|103
|
|move|p2a: Latias|Psyshock|p1a: Baby Blobby
|-damage|p1a: Baby Blobby|512\/704
|-damage|p2a: Latias|162\/317|[from] item: Life Orb
|move|p1a: Baby Blobby|Toxic|p2a: Latias|[miss]
|-miss|p1a: Baby Blobby|p2a: Latias
|
|turn|104
|c|âAmoonbro|><
|
|switch|p2a: Gengar|Gengar, F, shiny|101\/261
|move|p1a: Baby Blobby|Soft-Boiled|p1a: Baby Blobby
|-heal|p1a: Baby Blobby|704\/704
|
|turn|105
|c|âAmoonbro|sigh youre a fucking noob
|c|âshe forgets|d-(^_^)
|c|âAmoonbro|twice now youve avoided shit
|c|âshe forgets|the non sequitur is strong in you
|
|move|p2a: Gengar|Shadow Ball|p1a: Baby Blobby
|-immune|p1a: Baby Blobby|[msg]
|move|p1a: Baby Blobby|Toxic|p2a: Gengar
|-fail|p2a: Gengar
|
|turn|106
|
|switch|p2a: Scizor|Scizor, M|143\/343
|move|p1a: Baby Blobby|Toxic|p2a: Scizor
|-fail|p2a: Scizor
|
|turn|107
|
|move|p2a: Scizor|Pursuit|p1a: Baby Blobby|[from]Pursuit
|-damage|p1a: Baby Blobby|500\/704
|switch|p1a: Mrs Blobby|Alomomola, F, shiny|527\/529
|
|turn|108
|
|move|p2a: Scizor|Pursuit|p1a: Mrs Blobby
|-damage|p1a: Mrs Blobby|430\/529
|move|p1a: Mrs Blobby|Scald|p2a: Scizor
|-damage|p2a: Scizor|88\/343
|-status|p2a: Scizor|brn
|
|-damage|p2a: Scizor|46\/343 brn|[from] brn
|turn|109
|c|âAmoonbro|95 turns to get a scald burn, on something i dont even need a burn on
|c|âshe forgets|:D
|
|switch|p2a: Latias|Latias, F|162\/317
|move|p1a: Mrs Blobby|Wish|p1a: Mrs Blobby
|
|turn|110
|
|switch|p2a: Azumarill|Azumarill, M|219\/342
|switch|p1a: Baby Blobby|Chansey, F, shiny|500\/704
|
|-heal|p1a: Baby Blobby|704\/704|[from] move: Wish|[wisher] Mrs Blobby
|turn|111
|
|switch|p1a: Mrs Blobby|Alomomola, F, shiny|529\/529
|move|p2a: Azumarill|Knock Off|p1a: Mrs Blobby
|-crit|p1a: Mrs Blobby
|-damage|p1a: Mrs Blobby|414\/529
|
|turn|112
|
|move|p2a: Azumarill|Play Rough|p1a: Mrs Blobby
|-damage|p1a: Mrs Blobby|270\/529
|move|p1a: Mrs Blobby|Wish|p1a: Mrs Blobby
|
|turn|113
|
|switch|p2a: Gengar|Gengar, F, shiny|101\/261
|move|p1a: Mrs Blobby|Scald|p2a: Gengar
|-damage|p2a: Gengar|64\/261
|
|-heal|p1a: Mrs Blobby|529\/529|[from] move: Wish|[wisher] Mrs Blobby
|turn|114
|c|âAmoonbro|seriously
|c|âAmoonbro|this game would have been over ages ago if any one of those scald predicts got a burn
|
|switch|p2a: Latias|Latias, F|162\/317
|switch|p1a: Baby Blobby|Chansey, F, shiny|704\/704
|
|turn|115
|c|âshe forgets|i know, and i am soooo sad for you
|c|âshe forgets|i care
|c|âshe forgets|i really do
|c|âshe forgets|:(
|c|âshe forgets|*hugs*
|
|switch|p2a: Gengar|Gengar, F, shiny|64\/261
|move|p1a: Baby Blobby|Toxic|p2a: Gengar
|-fail|p2a: Gengar
|
|turn|116
|
|switch|p2a: Latias|Latias, F|162\/317
|move|p1a: Baby Blobby|Toxic|p2a: Latias
|-status|p2a: Latias|tox
|
|-damage|p2a: Latias|143\/317 tox|[from] psn
|turn|117
|
|switch|p2a: Gengar|Gengar, F, shiny|64\/261
|move|p1a: Baby Blobby|Toxic|p2a: Gengar
|-fail|p2a: Gengar
|
|turn|118
|
|move|p2a: Gengar|Shadow Ball|p1a: Baby Blobby
|-immune|p1a: Baby Blobby|[msg]
|move|p1a: Baby Blobby|Toxic|p2a: Gengar|[miss]
|-miss|p1a: Baby Blobby|p2a: Gengar
|
|turn|119
|
|move|p2a: Gengar|Struggle|p1a: Baby Blobby
|-damage|p1a: Baby Blobby|677\/704
|-damage|p2a: Gengar|0 fnt
|faint|p2a: Gengar
|move|p1a: Baby Blobby|Toxic|p2: Gengar|[notarget]
|-notarget
|
|
|switch|p2a: Azumarill|Azumarill, M|219\/342
|turn|120
|
|switch|p1a: Mrs Blobby|Alomomola, F, shiny|529\/529
|move|p2a: Azumarill|Knock Off|p1a: Mrs Blobby
|-damage|p1a: Mrs Blobby|451\/529
|
|turn|121
|
|switch|p2a: Latias|Latias, F|143\/317 tox
|move|p1a: Mrs Blobby|Wish|p1a: Mrs Blobby
|
|-damage|p2a: Latias|124\/317 tox|[from] psn
|turn|122
|
|move|p1a: Mrs Blobby|Protect|p1a: Mrs Blobby
|-singleturn|p1a: Mrs Blobby|Protect
|move|p2a: Latias|Psyshock|p1a: Mrs Blobby
|-activate|p1a: Mrs Blobby|Protect
|
|-heal|p1a: Mrs Blobby|529\/529|[from] move: Wish|[wisher] Mrs Blobby
|-damage|p2a: Latias|86\/317 tox|[from] psn
|turn|123
|
|switch|p1a: Baby Blobby|Chansey, F, shiny|677\/704
|move|p2a: Latias|Healing Wish|p2a: Latias
|faint|p2a: Latias
|
|c|âAmoonbro|sigh
|
|switch|p2a: Scizor|Scizor, M|46\/343 brn
|-heal|p2a: Scizor|343\/343|[from] move: Healing Wish
|turn|124
|c|âshe forgets|qq
|
|switch|p1a: Mrs Blobby|Alomomola, F, shiny|529\/529
|move|p2a: Scizor|U-turn|p1a: Mrs Blobby
|-damage|p1a: Mrs Blobby|364\/529
|
|switch|p2a: Azumarill|Azumarill, M|219\/342
|
|turn|125
|
|move|p2a: Azumarill|Play Rough|p1a: Mrs Blobby
|-damage|p1a: Mrs Blobby|210\/529
|-unboost|p1a: Mrs Blobby|atk|1
|move|p1a: Mrs Blobby|Wish|p1a: Mrs Blobby
|
|turn|126
|
|switch|p2a: Scizor|Scizor, M|343\/343
|move|p1a: Mrs Blobby|Scald|p2a: Scizor
|-damage|p2a: Scizor|285\/343
|
|-heal|p1a: Mrs Blobby|474\/529|[from] move: Wish|[wisher] Mrs Blobby
|turn|127
|
|move|p2a: Scizor|U-turn|p1a: Mrs Blobby
|-damage|p1a: Mrs Blobby|302\/529
|
|switch|p2a: Azumarill|Azumarill, M|219\/342
|move|p1a: Mrs Blobby|Scald|p2a: Azumarill
|-resisted|p2a: Azumarill
|-damage|p2a: Azumarill|192\/342
|
|turn|128
|c|âshe forgets|^_^
|
|move|p1a: Mrs Blobby|Protect|p1a: Mrs Blobby
|-singleturn|p1a: Mrs Blobby|Protect
|move|p2a: Azumarill|Play Rough|p1a: Mrs Blobby
|-activate|p1a: Mrs Blobby|Protect
|
|turn|129
|
|move|p2a: Azumarill|Play Rough|p1a: Mrs Blobby
|-damage|p1a: Mrs Blobby|152\/529
|move|p1a: Mrs Blobby|Toxic|p2a: Azumarill
|-status|p2a: Azumarill|tox
|
|-damage|p2a: Azumarill|171\/342 tox|[from] psn
|turn|130
|
|switch|p2a: Scizor|Scizor, M|285\/343
|switch|p1a: Uncle Blobby|Quagsire, F, shiny|313\/394
|
|turn|131
|
|move|p2a: Scizor|Superpower|p1a: Uncle Blobby
|-damage|p1a: Uncle Blobby|119\/394
|-unboost|p2a: Scizor|atk|1
|-unboost|p2a: Scizor|def|1
|move|p1a: Uncle Blobby|Recover|p1a: Uncle Blobby
|-heal|p1a: Uncle Blobby|316\/394
|
|turn|132
|
|switch|p2a: Azumarill|Azumarill, M|171\/342 tox
|move|p1a: Uncle Blobby|Recover|p1a: Uncle Blobby
|-heal|p1a: Uncle Blobby|394\/394
|
|-damage|p2a: Azumarill|150\/342 tox|[from] psn
|turn|133
|
|move|p2a: Azumarill|Play Rough|p1a: Uncle Blobby
|-damage|p1a: Uncle Blobby|256\/394
|move|p1a: Uncle Blobby|Scald|p2a: Azumarill
|-resisted|p2a: Azumarill
|-damage|p2a: Azumarill|112\/342 tox
|
|-damage|p2a: Azumarill|70\/342 tox|[from] psn
|turn|134
|
|switch|p2a: Scizor|Scizor, M|285\/343
|move|p1a: Uncle Blobby|Recover|p1a: Uncle Blobby
|-heal|p1a: Uncle Blobby|394\/394
|
|turn|135
|
|move|p2a: Scizor|U-turn|p1a: Uncle Blobby
|-damage|p1a: Uncle Blobby|241\/394
|
|switch|p2a: Azumarill|Azumarill, M|70\/342 tox
|move|p1a: Uncle Blobby|Scald|p2a: Azumarill
|-resisted|p2a: Azumarill
|-damage|p2a: Azumarill|28\/342 tox
|
|-damage|p2a: Azumarill|7\/342 tox|[from] psn
|turn|136
|c|âAmoonbro|god youre a gaylord u turn noob
|c|âshe forgets|https:\/\/thehunt.insnw.net\/app\/public\/system\/zine_images\/177298\/hunt\/f9afe7dabd37df1b841268aa4e4400a6.jpg
|
|move|p2a: Azumarill|Play Rough|p1a: Uncle Blobby
|-damage|p1a: Uncle Blobby|94\/394
|move|p1a: Uncle Blobby|Recover|p1a: Uncle Blobby
|-heal|p1a: Uncle Blobby|291\/394
|
|-damage|p2a: Azumarill|0 fnt|[from] psn
|faint|p2a: Azumarill
|
|switch|p2a: Scizor|Scizor, M|285\/343
|turn|137
|
|move|p2a: Scizor|U-turn|p1a: Uncle Blobby
|-damage|p1a: Uncle Blobby|137\/394
|move|p1a: Uncle Blobby|Recover|p1a: Uncle Blobby
|-heal|p1a: Uncle Blobby|334\/394
|
|turn|138
|
|move|p2a: Scizor|U-turn|p1a: Uncle Blobby
|-damage|p1a: Uncle Blobby|174\/394
|move|p1a: Uncle Blobby|Scald|p2a: Scizor
|-damage|p2a: Scizor|200\/343
|
|turn|139
|
|move|p2a: Scizor|U-turn|p1a: Uncle Blobby
|-damage|p1a: Uncle Blobby|2\/394
|move|p1a: Uncle Blobby|Scald|p2a: Scizor
|-damage|p2a: Scizor|121\/343
|
|turn|140
|
|move|p2a: Scizor|U-turn|p1a: Uncle Blobby
|-damage|p1a: Uncle Blobby|0 fnt
|faint|p1a: Uncle Blobby
|
|
|switch|p1a: Mrs Blobby|Alomomola, F, shiny|328\/529
|turn|141
|
|switch|p1a: Fuck Magnezone|Skarmory, F, shiny|17\/334
|move|p2a: Scizor|U-turn|p1a: Fuck Magnezone
|-resisted|p1a: Fuck Magnezone
|-damage|p1a: Fuck Magnezone|0 fnt
|faint|p1a: Fuck Magnezone
|
|
|switch|p1a: Not Mega|Sableye, M, shiny|304\/304
|turn|142
|
|detailschange|p1a: Not Mega|Sableye-Mega, M, shiny
|-mega|p1a: Not Mega|Sableye|Sablenite
|move|p1a: Not Mega|Will-O-Wisp|p2a: Scizor
|-status|p2a: Scizor|brn
|move|p2a: Scizor|U-turn|p1a: Not Mega
|-damage|p1a: Not Mega|246\/304
|
|-damage|p2a: Scizor|79\/343 brn|[from] brn
|turn|143
|
|move|p2a: Scizor|U-turn|p1a: Not Mega
|-damage|p1a: Not Mega|188\/304
|move|p1a: Not Mega|Knock Off|p2a: Scizor
|-damage|p2a: Scizor|0 fnt
|-enditem|p2a: Scizor|Choice Band|[from] move: Knock Off|[of] p1a: Not Mega
|faint|p2a: Scizor
|
|win|Amoonbro
|raw|Ladder updating...
|raw|Amoonbro's rating: 1344 &rarr; <strong>1364<\/strong><br \/>(+20 for winning)
|raw|she forgets's rating: 1340 &rarr; <strong>1320<\/strong><br \/>(-20 for losing)
|c|âAmoonbro|inb4 choice band
|c|âshe forgets|http:\/\/media.tumblr.com\/8be515a3a23e0b95978baffb541f1329\/tumblr_inline_mok73u5H8N1qz4rgp.gif
|c|âAmoonbro|gg noob
|c|âshe forgets|lol
|c|âshe forgets|u so emo
|c|âAmoonbro|easy
|c|âshe forgets|hahaha
|c|âshe forgets|d-(^_^)
|c|âAmoonbro|i usually win in 500 turns so this was pretty easy
|c|âshe forgets|d-(^_^)
|c|âshe forgets|i'm so impressed
|c|âshe forgets|gj
|c|âAmoonbro|!rank Amoonbro
|c|âshe forgets|*fans self*
|c|âAmoonbro|aww thats cute
|c|âshe forgets|you are a pokemon master
|c|âAmoonbro|anyway...gg
|c|âshe forgets|you deserve a cookie
|c|âAmoonbro|byeeeeeeeeeeeeeeeeeeeeeeeeeeeeee
|c|âshe forgets|like
|c|âshe forgets|wow
|c|âshe forgets|so impressed