|join|pain in my neck
|join|Kat is Love
|player|p1|pain in my neck|101
|player|p2|Kat is Love|167
|gametype|singles
|gen|6
|tier|OU
|rated
|clearpoke
|poke|p1|Gyarados, F
|poke|p1|Greninja, M
|poke|p1|Raikou
|poke|p1|Landorus-Therian, M
|poke|p1|Latios, M
|poke|p1|Bisharp, F
|poke|p2|Hawlucha, M, shiny
|poke|p2|Charizard, M
|poke|p2|Empoleon, M
|poke|p2|Latios, M
|poke|p2|Breloom, M, shiny
|poke|p2|Thundurus, M
|rule|Swagger Clause: Swagger is banned
|rule|Baton Pass Clause: Limit one PokÃ©mon knowing Baton Pass
|rule|Sleep Clause Mod: Limit one foe put to sleep
|rule|Species Clause: Limit one of each PokÃ©mon
|rule|OHKO Clause: OHKO moves are banned
|rule|Moody Clause: Moody is banned
|rule|Evasion Moves Clause: Evasion moves are banned
|rule|Endless Battle Clause: Forcing endless battles is banned
|rule|HP Percentage Mod: HP is shown in percentages
|teampreview
|
|start
|switch|p1a: Raikou|Raikou|321\/321
|switch|p2a: Breloom|Breloom, M, shiny|262\/262
|-ability|p1a: Raikou|Pressure
|turn|1
|
|move|p1a: Raikou|Volt Switch|p2a: Breloom
|-resisted|p2a: Breloom
|-damage|p2a: Breloom|133\/262
|
|switch|p1a: Landorus-Therian|Landorus-Therian, M|381\/381
|-ability|p1a: Landorus-Therian|Intimidate|[of] p2a: Breloom
|-unboost|p2a: Breloom|atk|1
|move|p2a: Breloom|Spore|p1a: Landorus-Therian
|-status|p1a: Landorus-Therian|slp
|
|turn|2
|
|switch|p2a: Thundurus|Thundurus, M|300\/300
|cant|p1a: Landorus-Therian|slp
|
|turn|3
|
|switch|p2a: Charizard|Charizard, M|311\/311
|switch|p1a: Raikou|Raikou|321\/321
|-ability|p1a: Raikou|Pressure
|
|turn|4
|
|detailschange|p2a: Charizard|Charizard-Mega-X, M
|message|Charizard has Mega Evolved into Mega Charizard!
|move|p1a: Raikou|Volt Switch|p2a: Charizard
|-resisted|p2a: Charizard
|-damage|p2a: Charizard|209\/311
|
|switch|p1a: Landorus-Therian|Landorus-Therian, M|381\/381 slp
|-ability|p1a: Landorus-Therian|Intimidate|[of] p2a: Charizard
|-unboost|p2a: Charizard|atk|1
|move|p2a: Charizard|Dragon Dance|p2a: Charizard
|-boost|p2a: Charizard|atk|1
|-boost|p2a: Charizard|spe|1
|
|turn|5
|
|move|p2a: Charizard|Flare Blitz|p1a: Landorus-Therian
|-damage|p1a: Landorus-Therian|135\/381 slp
|-damage|p2a: Charizard|128\/311|[from] recoil|[of] p1a: Landorus-Therian
|cant|p1a: Landorus-Therian|slp
|
|-heal|p1a: Landorus-Therian|158\/381 slp|[from] item: Leftovers
|turn|6
|
|move|p2a: Charizard|Dragon Claw|p1a: Landorus-Therian
|-crit|p1a: Landorus-Therian
|-damage|p1a: Landorus-Therian|0 fnt
|faint|p1a: Landorus-Therian
|
|
|switch|p1a: Gyarados|Gyarados, F|345\/345
|-ability|p1a: Gyarados|Intimidate|[of] p2a: Charizard
|-unboost|p2a: Charizard|atk|1
|turn|7
|
|switch|p2a: Thundurus|Thundurus, M|300\/300
|detailschange|p1a: Gyarados|Gyarados-Mega, F
|message|Gyarados has Mega Evolved into Mega Gyarados!
|-ability|p1a: Gyarados|Mold Breaker
|move|p1a: Gyarados|Crunch|p2a: Thundurus
|-damage|p2a: Thundurus|75\/300
|
|turn|8
|
|switch|p1a: Raikou|Raikou|321\/321
|-ability|p1a: Raikou|Pressure
|move|p2a: Thundurus|Focus Blast|p1a: Raikou
|-damage|p1a: Raikou|134\/321
|-damage|p2a: Thundurus|45\/300|[from] item: Life Orb
|
|turn|9
|
|move|p1a: Raikou|Volt Switch|p2a: Thundurus
|-damage|p2a: Thundurus|0 fnt
|faint|p2a: Thundurus
|
|switch|p1a: Latios|Latios, M|301\/301
|
|
|switch|p2a: Empoleon|Empoleon, M|369\/369
|turn|10
|
|switch|p1a: Raikou|Raikou|134\/321
|-ability|p1a: Raikou|Pressure
|move|p2a: Empoleon|Stealth Rock|p1a: Raikou
|-sidestart|p1: pain in my neck|move: Stealth Rock
|
|turn|11
|
|switch|p2a: Latios|Latios, M|301\/301
|move|p1a: Raikou|Thunderbolt|p2a: Latios
|-resisted|p2a: Latios
|-damage|p2a: Latios|202\/301
|
|turn|12
|
|switch|p1a: Bisharp|Bisharp, F|271\/271
|-damage|p1a: Bisharp|255\/271|[from] Stealth Rock
|move|p2a: Latios|Draco Meteor|p1a: Bisharp
|-resisted|p1a: Bisharp
|-damage|p1a: Bisharp|70\/271
|-unboost|p2a: Latios|spa|2
|-damage|p2a: Latios|172\/301|[from] item: Life Orb
|
|turn|13
|
|move|p1a: Bisharp|Sucker Punch|p2a: Latios
|-supereffective|p2a: Latios
|-damage|p2a: Latios|0 fnt
|-damage|p1a: Bisharp|43\/271|[from] item: Life Orb
|faint|p2a: Latios
|
|
|switch|p2a: Hawlucha|Hawlucha, M, shiny|296\/296
|turn|14
|
|move|p2a: Hawlucha|Substitute|p2a: Hawlucha
|-start|p2a: Hawlucha|Substitute
|-damage|p2a: Hawlucha|222\/296
|move|p1a: Bisharp|Iron Head|p2a: Hawlucha
|-end|p2a: Hawlucha|Substitute
|-damage|p1a: Bisharp|16\/271|[from] item: Life Orb
|
|turn|15
|
|move|p2a: Hawlucha|Substitute|p2a: Hawlucha
|-start|p2a: Hawlucha|Substitute
|-damage|p2a: Hawlucha|148\/296
|-enditem|p2a: Hawlucha|Sitrus Berry|[eat]
|-heal|p2a: Hawlucha|222\/296|[from] item: Sitrus Berry
|move|p1a: Bisharp|Iron Head|p2a: Hawlucha
|-end|p2a: Hawlucha|Substitute
|-damage|p1a: Bisharp|0 fnt|[from] item: Life Orb
|faint|p1a: Bisharp
|
|
|switch|p1a: Latios|Latios, M|301\/301
|-damage|p1a: Latios|264\/301|[from] Stealth Rock
|turn|16
|
|move|p2a: Hawlucha|Substitute|p2a: Hawlucha
|-start|p2a: Hawlucha|Substitute
|-damage|p2a: Hawlucha|148\/296
|move|p1a: Latios|Psyshock|p2a: Hawlucha
|-supereffective|p2a: Hawlucha
|-end|p2a: Hawlucha|Substitute
|-damage|p1a: Latios|234\/301|[from] item: Life Orb
|
|turn|17
|
|move|p2a: Hawlucha|Substitute|p2a: Hawlucha
|-start|p2a: Hawlucha|Substitute
|-damage|p2a: Hawlucha|74\/296
|move|p1a: Latios|Psyshock|p2a: Hawlucha
|-supereffective|p2a: Hawlucha
|-end|p2a: Hawlucha|Substitute
|-damage|p1a: Latios|204\/301|[from] item: Life Orb
|
|turn|18
|
|move|p2a: Hawlucha|Acrobatics|p1a: Latios
|-damage|p1a: Latios|30\/301
|move|p1a: Latios|Psyshock|p2a: Hawlucha
|-crit|p2a: Hawlucha
|-supereffective|p2a: Hawlucha
|-damage|p2a: Hawlucha|0 fnt
|-damage|p1a: Latios|0 fnt|[from] item: Life Orb
|faint|p2a: Hawlucha
|faint|p1a: Latios
|
|
|switch|p2a: Charizard|Charizard-Mega-X, M|128\/311
|switch|p1a: Gyarados|Gyarados-Mega, F|345\/345
|-damage|p1a: Gyarados|302\/345|[from] Stealth Rock
|-ability|p1a: Gyarados|Mold Breaker
|turn|19
|
|move|p2a: Charizard|Dragon Claw|p1a: Gyarados
|-damage|p1a: Gyarados|116\/345
|move|p1a: Gyarados|Earthquake|p2a: Charizard
|-supereffective|p2a: Charizard
|-damage|p2a: Charizard|0 fnt
|faint|p2a: Charizard
|
|
|switch|p2a: Breloom|Breloom, M, shiny|133\/262
|turn|20
|
|move|p2a: Breloom|Mach Punch|p1a: Gyarados
|-crit|p1a: Gyarados
|-supereffective|p1a: Gyarados
|-damage|p1a: Gyarados|0 fnt
|faint|p1a: Gyarados
|
|
|switch|p1a: Greninja|Greninja, M|285\/285
|-damage|p1a: Greninja|250\/285|[from] Stealth Rock
|turn|21
|
|move|p2a: Breloom|Mach Punch|p1a: Greninja
|-supereffective|p1a: Greninja
|-damage|p1a: Greninja|0 fnt
|faint|p1a: Greninja
|
|
|switch|p1a: Raikou|Raikou|134\/321
|-damage|p1a: Raikou|94\/321|[from] Stealth Rock
|-ability|p1a: Raikou|Pressure
|turn|22
|
|move|p2a: Breloom|Mach Punch|p1a: Raikou
|-damage|p1a: Raikou|0 fnt
|faint|p1a: Raikou
|
|win|Kat is Love
|raw|Ladder updating...
|c|âKat is Love|gg
|leave|pain in my neck
|player|p1
|raw|pain in my neck's rating: 1883 &rarr; <strong>1852<\/strong><br \/>(-31 for losing)
|raw|Kat is Love's rating: 1668 &rarr; <strong>1699<\/strong><br \/>(+31 for winning)