|join|wish killer
|join|pain in my neck
|player|p1|wish killer|101
|player|p2|pain in my neck|101
|gametype|singles
|gen|6
|tier|OU
|rated
|clearpoke
|poke|p1|Bisharp, M
|poke|p1|Venusaur, F
|poke|p1|Heatran, M
|poke|p1|Keldeo
|poke|p1|Chansey, F
|poke|p1|Skarmory, F
|poke|p2|Azelf
|poke|p2|Greninja, F
|poke|p2|Scizor, F
|poke|p2|Raikou
|poke|p2|Latios, M
|poke|p2|Diggersby, F
|rule|Swagger Clause: Swagger is banned
|rule|Baton Pass Clause: Limit one PokÃ©mon knowing Baton Pass
|rule|Sleep Clause Mod: Limit one foe put to sleep
|rule|Species Clause: Limit one of each PokÃ©mon
|rule|OHKO Clause: OHKO moves are banned
|rule|Moody Clause: Moody is banned
|rule|Evasion Moves Clause: Evasion moves are banned
|rule|Endless Battle Clause: Forcing endless battles is banned
|rule|HP Percentage Mod: HP is shown in percentages
|teampreview
|join|gjrdvsoi
|join|nain in my peck
|
|start
|switch|p1a: Heatran|Heatran, M|340\/340
|switch|p2a: Azelf|Azelf|291\/291
|-item|p1a: Heatran|Air Balloon
|turn|1
|
|move|p2a: Azelf|Stealth Rock|p1a: Heatran
|-sidestart|p1: wish killer|move: Stealth Rock
|move|p1a: Heatran|Stealth Rock|p2a: Azelf
|-sidestart|p2: pain in my neck|move: Stealth Rock
|
|turn|2
|
|move|p2a: Azelf|Skill Swap|p1a: Heatran
|-activate|p2a: Azelf|move: Skill Swap|Flash Fire|Levitate|[of] p1a: Heatran
|move|p1a: Heatran|Toxic|p2a: Azelf
|-status|p2a: Azelf|tox
|
|-damage|p2a: Azelf|273\/291 tox|[from] psn
|turn|3
|
|move|p2a: Azelf|Explosion|p1a: Heatran
|-resisted|p1a: Heatran
|-damage|p1a: Heatran|232\/340
|-enditem|p1a: Heatran|Air Balloon
|faint|p2a: Azelf
|move|p1a: Heatran|Taunt|p2: Azelf|[notarget]
|-notarget
|
|
|switch|p2a: Greninja|Greninja, F|285\/285
|-damage|p2a: Greninja|250\/285|[from] Stealth Rock
|turn|4
|
|switch|p1a: Chansey|Chansey, F|684\/684
|-damage|p1a: Chansey|599\/684|[from] Stealth Rock
|move|p2a: Greninja|Low Kick|p1a: Chansey
|-start|p2a: Greninja|typechange|Fighting|[from] Protean
|-supereffective|p1a: Chansey
|-damage|p1a: Chansey|378\/684
|-damage|p2a: Greninja|222\/285|[from] item: Life Orb
|
|turn|5
|
|switch|p2a: Diggersby|Diggersby, F|311\/311
|-damage|p2a: Diggersby|292\/311|[from] Stealth Rock
|move|p1a: Chansey|Soft-Boiled|p1a: Chansey
|-heal|p1a: Chansey|684\/684
|
|turn|6
|
|switch|p1a: Heatran|Heatran, M|232\/340
|-damage|p1a: Heatran|190\/340|[from] Stealth Rock
|move|p2a: Diggersby|Return|p1a: Heatran
|-resisted|p1a: Heatran
|-damage|p1a: Heatran|57\/340
|-damage|p2a: Diggersby|261\/311|[from] item: Life Orb
|
|turn|7
|
|switch|p2a: Latios|Latios, M|301\/301
|-damage|p2a: Latios|264\/301|[from] Stealth Rock
|move|p1a: Heatran|Fire Blast|p2a: Latios
|-resisted|p2a: Latios
|-damage|p2a: Latios|190\/301
|-status|p2a: Latios|brn
|
|-damage|p2a: Latios|153\/301 brn|[from] brn
|turn|8
|
|switch|p1a: Chansey|Chansey, F|684\/684
|-damage|p1a: Chansey|599\/684|[from] Stealth Rock
|move|p2a: Latios|Psyshock|p1a: Chansey
|-damage|p1a: Chansey|403\/684
|
|-damage|p2a: Latios|116\/301 brn|[from] brn
|turn|9
|
|switch|p2a: Diggersby|Diggersby, F|261\/311
|-damage|p2a: Diggersby|242\/311|[from] Stealth Rock
|move|p1a: Chansey|Soft-Boiled|p1a: Chansey
|-heal|p1a: Chansey|684\/684
|
|turn|10
|
|switch|p1a: Heatran|Heatran, M|57\/340
|-damage|p1a: Heatran|15\/340|[from] Stealth Rock
|move|p2a: Diggersby|Fire Punch|p1a: Heatran
|-start|p1a: Heatran|ability: Flash Fire
|
|turn|11
|
|switch|p1a: Skarmory|Skarmory, F|334\/334
|-damage|p1a: Skarmory|293\/334|[from] Stealth Rock
|move|p2a: Diggersby|Quick Attack|p1a: Skarmory
|-resisted|p1a: Skarmory
|-damage|p1a: Skarmory|254\/334
|-damage|p2a: Diggersby|191\/311|[from] item: Rocky Helmet|[of] p1a: Skarmory
|-damage|p2a: Diggersby|160\/311|[from] item: Life Orb
|
|turn|12
|
|move|p2a: Diggersby|Fire Punch|p1a: Skarmory
|-supereffective|p1a: Skarmory
|-damage|p1a: Skarmory|49\/334
|-damage|p2a: Diggersby|109\/311|[from] item: Rocky Helmet|[of] p1a: Skarmory
|-damage|p2a: Diggersby|78\/311|[from] item: Life Orb
|move|p1a: Skarmory|Spikes|p2a: Diggersby
|-sidestart|p2: pain in my neck|Spikes
|
|turn|13
|
|move|p2a: Diggersby|Return|p1a: Skarmory
|-resisted|p1a: Skarmory
|-damage|p1a: Skarmory|0 fnt
|-damage|p2a: Diggersby|27\/311|[from] item: Rocky Helmet|[of] p1a: Skarmory
|-damage|p2a: Diggersby|0 fnt|[from] item: Life Orb
|faint|p1a: Skarmory
|faint|p2a: Diggersby
|
|
|switch|p2a: Raikou|Raikou|321\/321
|switch|p1a: Chansey|Chansey, F|684\/684
|-damage|p2a: Raikou|281\/321|[from] Stealth Rock
|-damage|p2a: Raikou|241\/321|[from] Spikes
|-ability|p2a: Raikou|Pressure
|-damage|p1a: Chansey|599\/684|[from] Stealth Rock
|turn|14
|
|move|p2a: Raikou|Volt Switch|p1a: Chansey
|-damage|p1a: Chansey|493\/684
|
|switch|p2a: Latios|Latios, M|116\/301 brn
|-damage|p2a: Latios|79\/301 brn|[from] Stealth Rock
|move|p1a: Chansey|Seismic Toss|p2a: Latios
|-damage|p2a: Latios|0 fnt
|faint|p2a: Latios
|
|
|switch|p2a: Scizor|Scizor, F|307\/307
|-damage|p2a: Scizor|269\/307|[from] Spikes
|-damage|p2a: Scizor|231\/307|[from] Stealth Rock
|turn|15
|
|detailschange|p2a: Scizor|Scizor-Mega, F
|message|Scizor has Mega Evolved into Mega Scizor!
|move|p2a: Scizor|Swords Dance|p2a: Scizor
|-boost|p2a: Scizor|atk|2
|move|p1a: Chansey|Thunder Wave|p2a: Scizor
|-status|p2a: Scizor|par
|
|turn|16
|
|move|p1a: Chansey|Seismic Toss|p2a: Scizor
|-damage|p2a: Scizor|131\/307 par
|move|p2a: Scizor|Bug Bite|p1a: Chansey
|-damage|p1a: Chansey|0 fnt
|faint|p1a: Chansey
|
|
|switch|p1a: Venusaur|Venusaur, F|364\/364
|-damage|p1a: Venusaur|319\/364|[from] Stealth Rock
|turn|17
|
|detailschange|p1a: Venusaur|Venusaur-Mega, F
|message|Venusaur has Mega Evolved into Mega Venusaur!
|move|p2a: Scizor|Bullet Punch|p1a: Venusaur
|-damage|p1a: Venusaur|159\/364
|move|p1a: Venusaur|Hidden Power|p2a: Scizor
|-supereffective|p2a: Scizor
|-damage|p2a: Scizor|0 fnt
|faint|p2a: Scizor
|
|
|switch|p2a: Greninja|Greninja, F|222\/285
|-damage|p2a: Greninja|187\/285|[from] Spikes
|-damage|p2a: Greninja|152\/285|[from] Stealth Rock
|turn|18
|
|switch|p1a: Heatran|Heatran, M|15\/340
|-damage|p1a: Heatran|0 fnt|[from] Stealth Rock
|faint|p1a: Heatran
|move|p2a: Greninja|Ice Beam|p1: Heatran|[notarget]
|-notarget
|
|
|switch|p1a: Keldeo|Keldeo|323\/323
|-damage|p1a: Keldeo|303\/323|[from] Stealth Rock
|turn|19
|
|move|p2a: Greninja|Gunk Shot|p1a: Keldeo|[miss]
|-start|p2a: Greninja|typechange|Poison|[from] Protean
|-miss|p2a: Greninja|p1a: Keldeo
|move|p1a: Keldeo|Secret Sword|p2a: Greninja
|-resisted|p2a: Greninja
|-damage|p2a: Greninja|29\/285
|
|-heal|p1a: Keldeo|323\/323|[from] item: Leftovers
|turn|20
|
|move|p2a: Greninja|Gunk Shot|p1a: Keldeo
|-damage|p1a: Keldeo|112\/323
|-damage|p2a: Greninja|1\/285|[from] item: Life Orb
|move|p1a: Keldeo|Scald|p2a: Greninja
|-crit|p2a: Greninja
|-damage|p2a: Greninja|0 fnt
|faint|p2a: Greninja
|
|-heal|p1a: Keldeo|132\/323|[from] item: Leftovers
|
|switch|p2a: Raikou|Raikou|241\/321
|-damage|p2a: Raikou|201\/321|[from] Spikes
|-damage|p2a: Raikou|161\/321|[from] Stealth Rock
|-ability|p2a: Raikou|Pressure
|turn|21
|
|move|p2a: Raikou|Thunderbolt|p1a: Keldeo
|-supereffective|p1a: Keldeo
|-damage|p1a: Keldeo|0 fnt
|faint|p1a: Keldeo
|
|
|switch|p1a: Venusaur|Venusaur-Mega, F|159\/364
|-damage|p1a: Venusaur|114\/364|[from] Stealth Rock
|turn|22
|
|move|p2a: Raikou|Thunderbolt|p1a: Venusaur
|-resisted|p1a: Venusaur
|-damage|p1a: Venusaur|27\/364
|move|p1a: Venusaur|Synthesis|p1a: Venusaur
|-heal|p1a: Venusaur|209\/364
|
|turn|23
|
|move|p2a: Raikou|Thunderbolt|p1a: Venusaur
|-resisted|p1a: Venusaur
|-damage|p1a: Venusaur|112\/364
|move|p1a: Venusaur|Synthesis|p1a: Venusaur
|-heal|p1a: Venusaur|294\/364
|
|turn|24
|-message|pain in my neck forfeited.
|leave|pain in my neck
|
|move|p2a: Raikou|Thunderbolt|p1a: Venusaur
|-resisted|p1a: Venusaur
|-damage|p1a: Venusaur|200\/364
|move|p1a: Venusaur|Giga Drain|p2a: Raikou
|-damage|p2a: Raikou|49\/321
|-heal|p1a: Venusaur|256\/364|[from] drain|[of] p2a: Raikou
|
|turn|25
|
|win|wish killer
|raw|Ladder updating...
|player|p2
|leave|nain in my peck
|raw|wish killer's rating: 1857 &rarr; <strong>1876<\/strong><br \/>(+19 for winning)
|raw|pain in my neck's rating: 1843 &rarr; <strong>1823<\/strong><br \/>(-20 for losing)