|join|Rapidashite
|join|Blue Light #2
|player|p1|Rapidashite|266
|player|p2|Blue Light #2|248
|gametype|singles
|gen|6
|tier|ORAS OU
|rated
|rule|Sleep Clause Mod: Limit one foe put to sleep
|rule|Species Clause: Limit one of each PokÃ©mon
|rule|OHKO Clause: OHKO moves are banned
|rule|Moody Clause: Moody is banned
|rule|Evasion Moves Clause: Evasion moves are banned
|rule|Endless Battle Clause: Forcing endless battles is banned
|rule|HP Percentage Mod: HP is shown in percentages
|clearpoke
|poke|p1|Slowbro, F
|poke|p1|Latios, M
|poke|p1|Heatran, F
|poke|p1|Scizor, M
|poke|p1|Clefable, F
|poke|p1|Salamence, F
|poke|p2|Diancie
|poke|p2|Rotom-Wash
|poke|p2|Clefable, F
|poke|p2|Bisharp, F
|poke|p2|Ferrothorn, M
|poke|p2|Latias, F
|rule|Swagger Clause: Swagger is banned
|rule|Baton Pass Clause: Limit one PokÃ©mon knowing Baton Pass
|teampreview
|
|start
|switch|p1a: Scizor|Scizor, M|342\/342
|switch|p2a: Rotom-Wash|Rotom-Wash|304\/304
|turn|1
|
|switch|p1a: Heatran|Heatran, F|385\/385
|move|p2a: Rotom-Wash|Will-O-Wisp|p1a: Heatran
|-start|p1a: Heatran|ability: Flash Fire
|
|turn|2
|join|ActAgain
|
|move|p2a: Rotom-Wash|Hydro Pump|p1a: Heatran
|-supereffective|p1a: Heatran
|-damage|p1a: Heatran|203\/385
|move|p1a: Heatran|Stealth Rock|p2a: Rotom-Wash
|-sidestart|p2: Blue Light #2|move: Stealth Rock
|
|-heal|p1a: Heatran|227\/385|[from] item: Leftovers
|turn|3
|
|move|p1a: Heatran|Protect|p1a: Heatran
|-singleturn|p1a: Heatran|Protect
|move|p2a: Rotom-Wash|Volt Switch|p1a: Heatran
|-activate|p1a: Heatran|Protect
|
|-heal|p1a: Heatran|251\/385|[from] item: Leftovers
|turn|4
|
|move|p2a: Rotom-Wash|Hydro Pump|p1a: Heatran
|-supereffective|p1a: Heatran
|-damage|p1a: Heatran|69\/385
|move|p1a: Heatran|Toxic|p2a: Rotom-Wash
|-status|p2a: Rotom-Wash|tox
|
|-heal|p1a: Heatran|93\/385|[from] item: Leftovers
|-damage|p2a: Rotom-Wash|285\/304 tox|[from] psn
|turn|5
|
|move|p1a: Heatran|Protect|p1a: Heatran
|-singleturn|p1a: Heatran|Protect
|move|p2a: Rotom-Wash|Volt Switch|p1a: Heatran
|-activate|p1a: Heatran|Protect
|
|-heal|p2a: Rotom-Wash|304\/304 tox|[from] item: Leftovers
|-heal|p1a: Heatran|117\/385|[from] item: Leftovers
|-damage|p2a: Rotom-Wash|266\/304 tox|[from] psn
|turn|6
|
|switch|p1a: Latios|Latios, M|302\/302
|move|p2a: Rotom-Wash|Volt Switch|p1a: Latios
|-resisted|p1a: Latios
|-damage|p1a: Latios|259\/302
|
|switch|p2a: Diancie|Diancie|241\/241
|-damage|p2a: Diancie|211\/241|[from] Stealth Rock
|
|turn|7
|
|switch|p1a: Scizor|Scizor, M|342\/342
|detailschange|p2a: Diancie|Diancie-Mega
|message|Diancie has Mega Evolved into Mega Diancie!
|move|p2a: Diancie|Moonblast|p1a: Scizor
|-resisted|p1a: Scizor
|-damage|p1a: Scizor|210\/342
|
|turn|8
|
|switch|p2a: Rotom-Wash|Rotom-Wash|266\/304 tox
|-damage|p2a: Rotom-Wash|228\/304 tox|[from] Stealth Rock
|switch|p1a: Slowbro|Slowbro, F|394\/394
|
|-heal|p2a: Rotom-Wash|247\/304 tox|[from] item: Leftovers
|-damage|p2a: Rotom-Wash|228\/304 tox|[from] psn
|turn|9
|
|move|p2a: Rotom-Wash|Volt Switch|p1a: Slowbro
|-supereffective|p1a: Slowbro
|-damage|p1a: Slowbro|184\/394
|
|switch|p2a: Diancie|Diancie-Mega|211\/241
|-damage|p2a: Diancie|181\/241|[from] Stealth Rock
|move|p1a: Slowbro|Slack Off|p1a: Slowbro
|-heal|p1a: Slowbro|381\/394
|
|-heal|p1a: Slowbro|394\/394|[from] item: Leftovers
|turn|10
|
|move|p2a: Diancie|Moonblast|p1a: Slowbro
|-damage|p1a: Slowbro|133\/394
|move|p1a: Slowbro|Thunder Wave|p2a: Diancie
|move|p2a: Diancie|Thunder Wave|p1a: Slowbro|[from]Magic Bounce
|-status|p1a: Slowbro|par
|
|-heal|p1a: Slowbro|157\/394 par|[from] item: Leftovers
|turn|11
|
|switch|p1a: Heatran|Heatran, F|117\/385
|move|p2a: Diancie|Earth Power|p1a: Heatran
|-supereffective|p1a: Heatran
|-damage|p1a: Heatran|0 fnt
|faint|p1a: Heatran
|
|
|switch|p1a: Scizor|Scizor, M|210\/342
|turn|12
|
|switch|p2a: Ferrothorn|Ferrothorn, M|352\/352
|-damage|p2a: Ferrothorn|330\/352|[from] Stealth Rock
|move|p1a: Scizor|Knock Off|p2a: Ferrothorn
|-damage|p2a: Ferrothorn|262\/352
|-damage|p1a: Scizor|168\/342|[from] ability: Iron Barbs|[of] p2a: Ferrothorn
|-enditem|p2a: Ferrothorn|Leftovers|[from] move: Knock Off|[of] p1a: Scizor
|
|turn|13
|
|move|p1a: Scizor|Roost|p1a: Scizor
|-heal|p1a: Scizor|339\/342
|move|p2a: Ferrothorn|Leech Seed|p1a: Scizor
|-start|p1a: Scizor|move: Leech Seed
|
|-damage|p1a: Scizor|297\/342|[from] Leech Seed|[of] p2a: Ferrothorn
|-heal|p2a: Ferrothorn|304\/352|[silent]
|turn|14
|
|move|p1a: Scizor|Swords Dance|p1a: Scizor
|-boost|p1a: Scizor|atk|2
|move|p2a: Ferrothorn|Stealth Rock|p1a: Scizor
|-sidestart|p1: Rapidashite|move: Stealth Rock
|
|-damage|p1a: Scizor|255\/342|[from] Leech Seed|[of] p2a: Ferrothorn
|-heal|p2a: Ferrothorn|346\/352|[silent]
|turn|15
|
|switch|p2a: Bisharp|Bisharp, F|271\/271
|-damage|p2a: Bisharp|255\/271|[from] Stealth Rock
|move|p1a: Scizor|Swords Dance|p1a: Scizor
|-boost|p1a: Scizor|atk|2
|
|-damage|p1a: Scizor|213\/342|[from] Leech Seed|[of] p2a: Bisharp
|-heal|p2a: Bisharp|271\/271|[silent]
|turn|16
|
|move|p1a: Scizor|Bullet Punch|p2a: Bisharp
|-resisted|p2a: Bisharp
|-damage|p2a: Bisharp|132\/271
|move|p2a: Bisharp|Knock Off|p1a: Scizor
|-damage|p1a: Scizor|57\/342
|-enditem|p1a: Scizor|Lum Berry|[from] move: Knock Off|[of] p2a: Bisharp
|-damage|p2a: Bisharp|105\/271|[from] item: Life Orb
|
|-damage|p1a: Scizor|15\/342|[from] Leech Seed|[of] p2a: Bisharp
|-heal|p2a: Bisharp|147\/271|[silent]
|turn|17
|
|move|p2a: Bisharp|Sucker Punch|p1a: Scizor
|-fail|p1a: Scizor
|move|p1a: Scizor|Roost|p1a: Scizor
|-heal|p1a: Scizor|186\/342
|
|-damage|p1a: Scizor|144\/342|[from] Leech Seed|[of] p2a: Bisharp
|-heal|p2a: Bisharp|189\/271|[silent]
|turn|18
|
|move|p2a: Bisharp|Knock Off|p1a: Scizor
|-damage|p1a: Scizor|30\/342
|-damage|p2a: Bisharp|162\/271|[from] item: Life Orb
|move|p1a: Scizor|Roost|p1a: Scizor
|-heal|p1a: Scizor|201\/342
|
|-damage|p1a: Scizor|159\/342|[from] Leech Seed|[of] p2a: Bisharp
|-heal|p2a: Bisharp|204\/271|[silent]
|turn|19
|
|move|p2a: Bisharp|Swords Dance|p2a: Bisharp
|-boost|p2a: Bisharp|atk|2
|move|p1a: Scizor|Roost|p1a: Scizor
|-heal|p1a: Scizor|330\/342
|
|-damage|p1a: Scizor|288\/342|[from] Leech Seed|[of] p2a: Bisharp
|-heal|p2a: Bisharp|246\/271|[silent]
|turn|20
|
|move|p2a: Bisharp|Knock Off|p1a: Scizor
|-damage|p1a: Scizor|64\/342
|-damage|p2a: Bisharp|219\/271|[from] item: Life Orb
|move|p1a: Scizor|Knock Off|p2a: Bisharp
|-resisted|p2a: Bisharp
|-damage|p2a: Bisharp|65\/271
|-enditem|p2a: Bisharp|Life Orb|[from] move: Knock Off|[of] p1a: Scizor
|
|-damage|p1a: Scizor|22\/342|[from] Leech Seed|[of] p2a: Bisharp
|-heal|p2a: Bisharp|107\/271|[silent]
|turn|21
|
|move|p2a: Bisharp|Knock Off|p1a: Scizor
|-damage|p1a: Scizor|0 fnt
|faint|p1a: Scizor
|
|c| ActAgain|ter q sair aki
|c| ActAgain|lagando um jogo
|leave|ActAgain
|
|switch|p1a: Salamence|Salamence, F|331\/331
|-damage|p1a: Salamence|249\/331|[from] Stealth Rock
|-ability|p1a: Salamence|Intimidate|[of] p2a: Bisharp
|-unboost|p2a: Bisharp|atk|1
|-boost|p2a: Bisharp|atk|2|[from] ability: Defiant
|turn|22
|
|detailschange|p1a: Salamence|Salamence-Mega, F
|message|Salamence has Mega Evolved into Mega Salamence!
|move|p2a: Bisharp|Sucker Punch|p1a: Salamence
|-fail|p1a: Salamence
|move|p1a: Salamence|Substitute|p1a: Salamence
|-start|p1a: Salamence|Substitute
|-damage|p1a: Salamence|167\/331
|
|turn|23
|
|move|p1a: Salamence|Return|p2a: Bisharp
|-resisted|p2a: Bisharp
|-damage|p2a: Bisharp|0 fnt
|faint|p2a: Bisharp
|
|
|switch|p2a: Clefable|Clefable, F|394\/394
|turn|24
|
|move|p1a: Salamence|Dragon Dance|p1a: Salamence
|-boost|p1a: Salamence|atk|1
|-boost|p1a: Salamence|spe|1
|move|p2a: Clefable|Moonblast|p1a: Salamence
|-supereffective|p1a: Salamence
|-end|p1a: Salamence|Substitute
|
|turn|25
|c|âBlue Light #2|this shit
|c|âBlue Light #2|will be banned
|
|move|p1a: Salamence|Return|p2a: Clefable
|-damage|p2a: Clefable|6\/394
|move|p2a: Clefable|Moonblast|p1a: Salamence
|-supereffective|p1a: Salamence
|-damage|p1a: Salamence|0 fnt
|faint|p1a: Salamence
|
|-heal|p2a: Clefable|30\/394|[from] item: Leftovers
|
|switch|p1a: Clefable|Clefable, F|394\/394
|turn|26
|
|move|p1a: Clefable|Calm Mind|p1a: Clefable
|-boost|p1a: Clefable|spa|1
|-boost|p1a: Clefable|spd|1
|move|p2a: Clefable|Moonblast|p1a: Clefable
|-damage|p1a: Clefable|330\/394
|
|-heal|p2a: Clefable|54\/394|[from] item: Leftovers
|-heal|p1a: Clefable|354\/394|[from] item: Leftovers
|turn|27
|
|move|p2a: Clefable|Soft-Boiled|p2a: Clefable
|-heal|p2a: Clefable|251\/394
|move|p1a: Clefable|Calm Mind|p1a: Clefable
|-boost|p1a: Clefable|spa|1
|-boost|p1a: Clefable|spd|1
|
|-heal|p2a: Clefable|275\/394|[from] item: Leftovers
|-heal|p1a: Clefable|378\/394|[from] item: Leftovers
|turn|28
|
|move|p2a: Clefable|Calm Mind|p2a: Clefable
|-boost|p2a: Clefable|spa|1
|-boost|p2a: Clefable|spd|1
|move|p1a: Clefable|Calm Mind|p1a: Clefable
|-boost|p1a: Clefable|spa|1
|-boost|p1a: Clefable|spd|1
|
|-heal|p1a: Clefable|394\/394|[from] item: Leftovers
|-heal|p2a: Clefable|299\/394|[from] item: Leftovers
|turn|29
|
|move|p1a: Clefable|Moonblast|p2a: Clefable
|-damage|p2a: Clefable|145\/394
|move|p2a: Clefable|Calm Mind|p2a: Clefable
|-boost|p2a: Clefable|spa|1
|-boost|p2a: Clefable|spd|1
|
|-heal|p2a: Clefable|169\/394|[from] item: Leftovers
|turn|30
|
|move|p2a: Clefable|Soft-Boiled|p2a: Clefable
|-heal|p2a: Clefable|366\/394
|move|p1a: Clefable|Calm Mind|p1a: Clefable
|-boost|p1a: Clefable|spa|1
|-boost|p1a: Clefable|spd|1
|
|-heal|p2a: Clefable|390\/394|[from] item: Leftovers
|turn|31
|
|move|p1a: Clefable|Moonblast|p2a: Clefable
|-damage|p2a: Clefable|255\/394
|move|p2a: Clefable|Moonblast|p1a: Clefable
|-damage|p1a: Clefable|334\/394
|
|-heal|p2a: Clefable|279\/394|[from] item: Leftovers
|-heal|p1a: Clefable|358\/394|[from] item: Leftovers
|turn|32
|
|move|p2a: Clefable|Soft-Boiled|p2a: Clefable
|-heal|p2a: Clefable|394\/394
|move|p1a: Clefable|Calm Mind|p1a: Clefable
|-boost|p1a: Clefable|spa|1
|-boost|p1a: Clefable|spd|1
|
|-heal|p1a: Clefable|382\/394|[from] item: Leftovers
|turn|33
|
|move|p2a: Clefable|Calm Mind|p2a: Clefable
|-boost|p2a: Clefable|spa|1
|-boost|p2a: Clefable|spd|1
|move|p1a: Clefable|Moonblast|p2a: Clefable
|-damage|p2a: Clefable|261\/394
|-unboost|p2a: Clefable|spa|1
|
|-heal|p1a: Clefable|394\/394|[from] item: Leftovers
|-heal|p2a: Clefable|285\/394|[from] item: Leftovers
|turn|34
|
|move|p2a: Clefable|Calm Mind|p2a: Clefable
|-boost|p2a: Clefable|spa|1
|-boost|p2a: Clefable|spd|1
|move|p1a: Clefable|Moonblast|p2a: Clefable
|-damage|p2a: Clefable|176\/394
|
|-heal|p2a: Clefable|200\/394|[from] item: Leftovers
|turn|35
|
|move|p2a: Clefable|Soft-Boiled|p2a: Clefable
|-heal|p2a: Clefable|394\/394
|move|p1a: Clefable|Calm Mind|p1a: Clefable
|-boost|p1a: Clefable|spa|1
|-boost|p1a: Clefable|spd|1
|
|turn|36
|
|move|p2a: Clefable|Calm Mind|p2a: Clefable
|-boost|p2a: Clefable|spa|1
|-boost|p2a: Clefable|spd|1
|move|p1a: Clefable|Moonblast|p2a: Clefable
|-damage|p2a: Clefable|282\/394
|
|-heal|p2a: Clefable|306\/394|[from] item: Leftovers
|turn|37
|
|move|p1a: Clefable|Moonblast|p2a: Clefable
|-damage|p2a: Clefable|197\/394
|-unboost|p2a: Clefable|spa|1
|move|p2a: Clefable|Calm Mind|p2a: Clefable
|-boost|p2a: Clefable|spa|1
|-boost|p2a: Clefable|spd|1
|
|-heal|p2a: Clefable|221\/394|[from] item: Leftovers
|turn|38
|
|move|p2a: Clefable|Soft-Boiled|p2a: Clefable
|-heal|p2a: Clefable|394\/394
|move|p1a: Clefable|Moonblast|p2a: Clefable
|-damage|p2a: Clefable|306\/394
|
|-heal|p2a: Clefable|330\/394|[from] item: Leftovers
|turn|39
|
|move|p2a: Clefable|Calm Mind|p2a: Clefable
|-boost|p2a: Clefable|spa|1
|move|p1a: Clefable|Moonblast|p2a: Clefable
|-damage|p2a: Clefable|236\/394
|
|-heal|p2a: Clefable|260\/394|[from] item: Leftovers
|turn|40
|
|move|p1a: Clefable|Moonblast|p2a: Clefable
|-damage|p2a: Clefable|155\/394
|move|p2a: Clefable|Soft-Boiled|p2a: Clefable
|-heal|p2a: Clefable|352\/394
|
|-heal|p2a: Clefable|376\/394|[from] item: Leftovers
|turn|41
|
|move|p2a: Clefable|Calm Mind|p2a: Clefable
|-boost|p2a: Clefable|spa|1
|move|p1a: Clefable|Moonblast|p2a: Clefable
|-damage|p2a: Clefable|276\/394
|
|-heal|p2a: Clefable|300\/394|[from] item: Leftovers
|turn|42
|
|move|p2a: Clefable|Moonblast|p1a: Clefable
|-damage|p1a: Clefable|291\/394
|move|p1a: Clefable|Moonblast|p2a: Clefable
|-damage|p2a: Clefable|210\/394
|-unboost|p2a: Clefable|spa|1
|
|-heal|p2a: Clefable|234\/394|[from] item: Leftovers
|-heal|p1a: Clefable|315\/394|[from] item: Leftovers
|turn|43
|
|move|p1a: Clefable|Moonblast|p2a: Clefable
|-damage|p2a: Clefable|134\/394
|move|p2a: Clefable|Moonblast|p1a: Clefable
|-damage|p1a: Clefable|234\/394
|
|-heal|p2a: Clefable|158\/394|[from] item: Leftovers
|-heal|p1a: Clefable|258\/394|[from] item: Leftovers
|turn|44
|
|move|p2a: Clefable|Soft-Boiled|p2a: Clefable
|-heal|p2a: Clefable|355\/394
|move|p1a: Clefable|Moonblast|p2a: Clefable
|-damage|p2a: Clefable|252\/394
|-unboost|p2a: Clefable|spa|1
|
|-heal|p2a: Clefable|276\/394|[from] item: Leftovers
|-heal|p1a: Clefable|282\/394|[from] item: Leftovers
|turn|45
|
|move|p2a: Clefable|Soft-Boiled|p2a: Clefable
|-heal|p2a: Clefable|394\/394
|move|p1a: Clefable|Moonblast|p2a: Clefable
|-damage|p2a: Clefable|298\/394
|
|-heal|p1a: Clefable|306\/394|[from] item: Leftovers
|-heal|p2a: Clefable|322\/394|[from] item: Leftovers
|turn|46
|
|move|p1a: Clefable|Moonblast|p2a: Clefable
|-crit|p2a: Clefable
|-damage|p2a: Clefable|0 fnt
|faint|p2a: Clefable
|
|-heal|p1a: Clefable|330\/394|[from] item: Leftovers
|
|switch|p2a: Diancie|Diancie-Mega|181\/241
|-damage|p2a: Diancie|151\/241|[from] Stealth Rock
|turn|47
|c|âRapidashite|get the fuck out
|
|move|p2a: Diancie|Diamond Storm|p1a: Clefable
|-damage|p1a: Clefable|113\/394
|move|p1a: Clefable|Moonblast|p2a: Diancie
|-crit|p2a: Diancie
|-damage|p2a: Diancie|0 fnt
|faint|p2a: Diancie
|
|-heal|p1a: Clefable|137\/394|[from] item: Leftovers
|
|switch|p2a: Latias|Latias, F|301\/301
|-damage|p2a: Latias|264\/301|[from] Stealth Rock
|turn|48
|
|move|p2a: Latias|Psyshock|p1a: Clefable
|-damage|p1a: Clefable|8\/394
|move|p1a: Clefable|Moonblast|p2a: Latias
|-supereffective|p2a: Latias
|-damage|p2a: Latias|0 fnt
|faint|p2a: Latias
|
|-heal|p1a: Clefable|32\/394|[from] item: Leftovers
|
|switch|p2a: Rotom-Wash|Rotom-Wash|228\/304 tox
|-damage|p2a: Rotom-Wash|190\/304 tox|[from] Stealth Rock
|turn|49
|
|move|p2a: Rotom-Wash|Hydro Pump|p1a: Clefable
|-damage|p1a: Clefable|0 fnt
|faint|p1a: Clefable
|
|-heal|p2a: Rotom-Wash|209\/304 tox|[from] item: Leftovers
|-damage|p2a: Rotom-Wash|190\/304 tox|[from] psn
|
|switch|p1a: Latios|Latios, M|259\/302
|-damage|p1a: Latios|222\/302|[from] Stealth Rock
|turn|50
|
|switch|p2a: Ferrothorn|Ferrothorn, M|346\/352
|-damage|p2a: Ferrothorn|324\/352|[from] Stealth Rock
|move|p1a: Latios|Trick|p2a: Ferrothorn
|-activate|p1a: Latios|move: Trick|[of] p2a: Ferrothorn
|-item|p2a: Ferrothorn|Choice Scarf|[from] move: Trick
|
|turn|51
|
|move|p1a: Latios|Defog|p2a: Ferrothorn
|-unboost|p2a: Ferrothorn|evasion|1
|-sideend|p2: Blue Light #2|Stealth Rock|[from] move: Defog|[of] p2a: Ferrothorn
|-sideend|p1: Rapidashite|Stealth Rock|[from] move: Defog|[of] p1a: Latios
|move|p2a: Ferrothorn|Leech Seed|p1a: Latios
|-start|p1a: Latios|move: Leech Seed
|
|-damage|p1a: Latios|185\/302|[from] Leech Seed|[of] p2a: Ferrothorn
|-heal|p2a: Ferrothorn|352\/352|[silent]
|turn|52
|
|switch|p1a: Slowbro|Slowbro, F|288\/394 par
|switch|p2a: Rotom-Wash|Rotom-Wash|190\/304 tox
|
|-heal|p2a: Rotom-Wash|209\/304 tox|[from] item: Leftovers
|-heal|p1a: Slowbro|312\/394 par|[from] item: Leftovers
|-damage|p2a: Rotom-Wash|190\/304 tox|[from] psn
|turn|53
|
|move|p2a: Rotom-Wash|Volt Switch|p1a: Slowbro
|-supereffective|p1a: Slowbro
|-damage|p1a: Slowbro|106\/394 par
|
|switch|p2a: Ferrothorn|Ferrothorn, M|352\/352
|move|p1a: Slowbro|Slack Off|p1a: Slowbro
|-heal|p1a: Slowbro|303\/394 par
|
|-heal|p1a: Slowbro|327\/394 par|[from] item: Leftovers
|turn|54
|
|move|p2a: Ferrothorn|Leech Seed|p1a: Slowbro
|-start|p1a: Slowbro|move: Leech Seed
|move|p1a: Slowbro|Thunder Wave|p2a: Ferrothorn
|-status|p2a: Ferrothorn|par
|
|-heal|p1a: Slowbro|351\/394 par|[from] item: Leftovers
|-damage|p1a: Slowbro|302\/394 par|[from] Leech Seed|[of] p2a: Ferrothorn
|turn|55
|
|move|p2a: Ferrothorn|Leech Seed|p1a: Slowbro|[miss]
|-miss|p2a: Ferrothorn|p1a: Slowbro
|move|p1a: Slowbro|Psyshock|p2a: Ferrothorn
|-resisted|p2a: Ferrothorn
|-damage|p2a: Ferrothorn|322\/352 par
|
|-heal|p1a: Slowbro|326\/394 par|[from] item: Leftovers
|-damage|p1a: Slowbro|277\/394 par|[from] Leech Seed|[of] p2a: Ferrothorn
|-heal|p2a: Ferrothorn|352\/352 par|[silent]
|turn|56
|
|switch|p2a: Rotom-Wash|Rotom-Wash|190\/304 tox
|switch|p1a: Latios|Latios, M|185\/302
|
|-heal|p2a: Rotom-Wash|209\/304 tox|[from] item: Leftovers
|-damage|p2a: Rotom-Wash|190\/304 tox|[from] psn
|turn|57
|
|switch|p2a: Ferrothorn|Ferrothorn, M|352\/352 par
|move|p1a: Latios|Draco Meteor|p2a: Ferrothorn
|-resisted|p2a: Ferrothorn
|-damage|p2a: Ferrothorn|259\/352 par
|-unboost|p1a: Latios|spa|2
|
|turn|58
|
|switch|p1a: Slowbro|Slowbro, F|394\/394 par
|move|p2a: Ferrothorn|Leech Seed|p1a: Slowbro
|-start|p1a: Slowbro|move: Leech Seed
|
|-damage|p1a: Slowbro|345\/394 par|[from] Leech Seed|[of] p2a: Ferrothorn
|-heal|p2a: Ferrothorn|308\/352 par|[silent]
|turn|59
|
|switch|p2a: Rotom-Wash|Rotom-Wash|190\/304 tox
|move|p1a: Slowbro|Psyshock|p2a: Rotom-Wash
|-damage|p2a: Rotom-Wash|121\/304 tox
|
|-heal|p2a: Rotom-Wash|140\/304 tox|[from] item: Leftovers
|-heal|p1a: Slowbro|369\/394 par|[from] item: Leftovers
|-damage|p1a: Slowbro|320\/394 par|[from] Leech Seed|[of] p2a: Rotom-Wash
|-heal|p2a: Rotom-Wash|189\/304 tox|[silent]
|-damage|p2a: Rotom-Wash|170\/304 tox|[from] psn
|turn|60
|
|move|p2a: Rotom-Wash|Hydro Pump|p1a: Slowbro
|-resisted|p1a: Slowbro
|-damage|p1a: Slowbro|235\/394 par
|move|p1a: Slowbro|Slack Off|p1a: Slowbro
|-heal|p1a: Slowbro|394\/394 par
|
|-heal|p2a: Rotom-Wash|189\/304 tox|[from] item: Leftovers
|-damage|p1a: Slowbro|345\/394 par|[from] Leech Seed|[of] p2a: Rotom-Wash
|-heal|p2a: Rotom-Wash|238\/304 tox|[silent]
|-damage|p2a: Rotom-Wash|200\/304 tox|[from] psn
|turn|61
|
|move|p2a: Rotom-Wash|Volt Switch|p1a: Slowbro
|-supereffective|p1a: Slowbro
|-damage|p1a: Slowbro|139\/394 par
|c|âBlue Light #2|haxor
|c|âBlue Light #2|oO
|
|switch|p2a: Ferrothorn|Ferrothorn, M|308\/352 par
|move|p1a: Slowbro|Slack Off|p1a: Slowbro
|-heal|p1a: Slowbro|336\/394 par
|
|-heal|p1a: Slowbro|360\/394 par|[from] item: Leftovers
|-damage|p1a: Slowbro|311\/394 par|[from] Leech Seed|[of] p2a: Ferrothorn
|-heal|p2a: Ferrothorn|352\/352 par|[silent]
|turn|62
|
|move|p2a: Ferrothorn|Stealth Rock|p1a: Slowbro
|-sidestart|p1: Rapidashite|move: Stealth Rock
|cant|p1a: Slowbro|par
|
|-heal|p1a: Slowbro|335\/394 par|[from] item: Leftovers
|-damage|p1a: Slowbro|286\/394 par|[from] Leech Seed|[of] p2a: Ferrothorn
|turn|63
|
|switch|p2a: Rotom-Wash|Rotom-Wash|200\/304 tox
|move|p1a: Slowbro|Psyshock|p2a: Rotom-Wash
|-damage|p2a: Rotom-Wash|130\/304 tox
|
|-heal|p2a: Rotom-Wash|149\/304 tox|[from] item: Leftovers
|-heal|p1a: Slowbro|310\/394 par|[from] item: Leftovers
|-damage|p1a: Slowbro|261\/394 par|[from] Leech Seed|[of] p2a: Rotom-Wash
|-heal|p2a: Rotom-Wash|198\/304 tox|[silent]
|-damage|p2a: Rotom-Wash|179\/304 tox|[from] psn
|turn|64
|
|move|p2a: Rotom-Wash|Volt Switch|p1a: Slowbro
|-supereffective|p1a: Slowbro
|-damage|p1a: Slowbro|55\/394 par
|
|switch|p2a: Ferrothorn|Ferrothorn, M|352\/352 par
|cant|p1a: Slowbro|par
|
|-heal|p1a: Slowbro|79\/394 par|[from] item: Leftovers
|-damage|p1a: Slowbro|30\/394 par|[from] Leech Seed|[of] p2a: Ferrothorn
|turn|65
|
|switch|p2a: Rotom-Wash|Rotom-Wash|179\/304 tox
|cant|p1a: Slowbro|par
|
|-heal|p2a: Rotom-Wash|198\/304 tox|[from] item: Leftovers
|-heal|p1a: Slowbro|54\/394 par|[from] item: Leftovers
|-damage|p1a: Slowbro|5\/394 par|[from] Leech Seed|[of] p2a: Rotom-Wash
|-heal|p2a: Rotom-Wash|247\/304 tox|[silent]
|-damage|p2a: Rotom-Wash|228\/304 tox|[from] psn
|turn|66
|c|âBlue Light #2|HAHAHA
|c|âBlue Light #2|AHAHAHAHAH
|c|âBlue Light #2|AHAHAHA
|
|switch|p1a: Latios|Latios, M|185\/302
|-damage|p1a: Latios|148\/302|[from] Stealth Rock
|move|p2a: Rotom-Wash|Volt Switch|p1a: Latios
|-crit|p1a: Latios
|-resisted|p1a: Latios
|-damage|p1a: Latios|83\/302
|
|switch|p2a: Ferrothorn|Ferrothorn, M|352\/352 par
|
|turn|67
|
|move|p1a: Latios|Trick|p2a: Ferrothorn
|-activate|p1a: Latios|move: Trick|[of] p2a: Ferrothorn
|-item|p1a: Latios|Choice Scarf|[from] move: Trick
|cant|p2a: Ferrothorn|par
|
|turn|68
|
|move|p1a: Latios|Trick|p2a: Ferrothorn
|-activate|p1a: Latios|move: Trick|[of] p2a: Ferrothorn
|-item|p2a: Ferrothorn|Choice Scarf|[from] move: Trick
|move|p2a: Ferrothorn|Gyro Ball|p1a: Latios
|-damage|p1a: Latios|0 fnt
|faint|p1a: Latios
|
|c|âBlue Light #2|AKSPOAKSOKSA
|c|âBlue Light #2|HAUAHAUH
|c|âBlue Light #2|HEUEHUEH
|c|âBlue Light #2|._________.
|-message|Rapidashite lost due to inactivity.
|
|win|Blue Light #2
|raw|Ladder updating...
|raw|Ladder (probably) updated, but score could not be retrieved (timeout).
|raw|Ladder (probably) updated, but score could not be retrieved (Error: socket hang up).