|join|Bl153
|join|Rapidashite
|player|p1|Bl153|101
|player|p2|Rapidashite|102
|gametype|singles
|gen|6
|tier|ORAS OU
|rated
|rule|Sleep Clause Mod: Limit one foe put to sleep
|rule|Species Clause: Limit one of each PokÃ©mon
|rule|OHKO Clause: OHKO moves are banned
|rule|Moody Clause: Moody is banned
|rule|Evasion Moves Clause: Evasion moves are banned
|rule|Endless Battle Clause: Forcing endless battles is banned
|rule|HP Percentage Mod: HP is shown in percentages
|clearpoke
|poke|p1|Alakazam, M
|poke|p1|Greninja, M
|poke|p1|Heatran, M, shiny
|poke|p1|Conkeldurr, M
|poke|p1|Zapdos
|poke|p1|Sableye, M
|poke|p2|Slowbro, F
|poke|p2|Latios, M
|poke|p2|Heatran, F
|poke|p2|Scizor, M
|poke|p2|Clefable, F
|poke|p2|Salamence, M
|rule|Swagger Clause: Swagger is banned
|rule|Baton Pass Clause: Limit one PokÃ©mon knowing Baton Pass
|teampreview
|c|âBl153|gl hf
|
|start
|switch|p1a: Conkeldurr|Conkeldurr, M|413\/413
|switch|p2a: Latios|Latios, M|302\/302
|turn|1
|
|move|p2a: Latios|Trick|p1a: Conkeldurr
|-activate|p2a: Latios|move: Trick|[of] p1a: Conkeldurr
|-item|p1a: Conkeldurr|Choice Scarf|[from] move: Trick
|-item|p2a: Latios|Assault Vest|[from] move: Trick
|move|p1a: Conkeldurr|Knock Off|p2a: Latios
|-supereffective|p2a: Latios
|-damage|p2a: Latios|12\/302
|-enditem|p2a: Latios|Assault Vest|[from] move: Knock Off|[of] p1a: Conkeldurr
|
|turn|2
|c|âRapidashite|I mean...
|
|switch|p1a: Heatran|Heatran, M, shiny|385\/385
|move|p2a: Latios|Psyshock|p1a: Heatran
|-resisted|p1a: Heatran
|-damage|p1a: Heatran|321\/385
|
|-heal|p1a: Heatran|345\/385|[from] item: Leftovers
|turn|3
|
|switch|p2a: Heatran|Heatran, F|385\/385
|move|p1a: Heatran|Stealth Rock|p2a: Heatran
|-sidestart|p2: Rapidashite|move: Stealth Rock
|
|-heal|p1a: Heatran|369\/385|[from] item: Leftovers
|turn|4
|
|switch|p1a: Conkeldurr|Conkeldurr, M|413\/413
|move|p2a: Heatran|Stealth Rock|p1a: Conkeldurr
|-sidestart|p1: Bl153|move: Stealth Rock
|
|turn|5
|
|move|p2a: Heatran|Protect|p2a: Heatran
|-singleturn|p2a: Heatran|Protect
|move|p1a: Conkeldurr|Ice Punch|p2a: Heatran
|-activate|p2a: Heatran|Protect
|
|turn|6
|
|move|p2a: Heatran|Toxic|p1a: Conkeldurr
|-status|p1a: Conkeldurr|tox
|move|p1a: Conkeldurr|Ice Punch|p2a: Heatran
|-resisted|p2a: Heatran
|-damage|p2a: Heatran|351\/385
|
|-heal|p2a: Heatran|375\/385|[from] item: Leftovers
|-damage|p1a: Conkeldurr|388\/413 tox|[from] psn
|turn|7
|
|move|p2a: Heatran|Lava Plume|p1a: Conkeldurr
|-damage|p1a: Conkeldurr|250\/413 tox
|move|p1a: Conkeldurr|Ice Punch|p2a: Heatran
|-resisted|p2a: Heatran
|-damage|p2a: Heatran|344\/385
|
|-heal|p2a: Heatran|368\/385|[from] item: Leftovers
|-damage|p1a: Conkeldurr|200\/413 tox|[from] psn
|turn|8
|
|move|p2a: Heatran|Lava Plume|p1a: Conkeldurr
|-damage|p1a: Conkeldurr|68\/413 tox
|move|p1a: Conkeldurr|Ice Punch|p2a: Heatran
|-resisted|p2a: Heatran
|-damage|p2a: Heatran|339\/385
|-status|p2a: Heatran|frz
|
|-heal|p2a: Heatran|363\/385 frz|[from] item: Leftovers
|-damage|p1a: Conkeldurr|0 fnt|[from] psn
|faint|p1a: Conkeldurr
|
|switch|p1a: Greninja|Greninja, M|285\/285
|-damage|p1a: Greninja|250\/285|[from] Stealth Rock
|turn|9
|
|cant|p2a: Heatran|frz
|move|p1a: Greninja|Hydro Pump|p2a: Heatran|[miss]
|-start|p1a: Greninja|typechange|Water|[from] Protean
|-miss|p1a: Greninja|p2a: Heatran
|
|-heal|p2a: Heatran|385\/385 frz|[from] item: Leftovers
|turn|10
|
|switch|p2a: Slowbro|Slowbro, F|394\/394
|-damage|p2a: Slowbro|345\/394|[from] Stealth Rock
|move|p1a: Greninja|Hydro Pump|p2a: Slowbro
|-resisted|p2a: Slowbro
|-damage|p2a: Slowbro|223\/394
|-damage|p1a: Greninja|222\/285|[from] item: Life Orb
|
|-heal|p2a: Slowbro|247\/394|[from] item: Leftovers
|turn|11
|
|switch|p2a: Heatran|Heatran, F|385\/385 frz
|-damage|p2a: Heatran|337\/385 frz|[from] Stealth Rock
|move|p1a: Greninja|Hidden Power|p2a: Heatran
|-start|p1a: Greninja|typechange|Grass|[from] Protean
|-resisted|p2a: Heatran
|-damage|p2a: Heatran|315\/385 frz
|-damage|p1a: Greninja|194\/285|[from] item: Life Orb
|
|-heal|p2a: Heatran|339\/385 frz|[from] item: Leftovers
|turn|12
|
|move|p1a: Greninja|Hydro Pump|p2a: Heatran|[miss]
|-start|p1a: Greninja|typechange|Water|[from] Protean
|-miss|p1a: Greninja|p2a: Heatran
|cant|p2a: Heatran|frz
|
|-heal|p2a: Heatran|363\/385 frz|[from] item: Leftovers
|turn|13
|
|move|p1a: Greninja|Hydro Pump|p2a: Heatran
|-crit|p2a: Heatran
|-supereffective|p2a: Heatran
|-damage|p2a: Heatran|0 fnt
|-damage|p1a: Greninja|166\/285|[from] item: Life Orb
|faint|p2a: Heatran
|
|c|âBl153|hax everywhere holy hell
|c|âBl153|u dam frog
|
|switch|p2a: Clefable|Clefable, F|394\/394
|turn|14
|
|switch|p2a: Scizor|Scizor, M|342\/342
|-damage|p2a: Scizor|300\/342|[from] Stealth Rock
|move|p1a: Greninja|Gunk Shot|p2a: Scizor
|-start|p1a: Greninja|typechange|Poison|[from] Protean
|-immune|p2a: Scizor|[msg]
|
|turn|15
|
|switch|p1a: Zapdos|Zapdos|383\/383
|-damage|p1a: Zapdos|288\/383|[from] Stealth Rock
|-ability|p1a: Zapdos|Pressure
|move|p2a: Scizor|Knock Off|p1a: Zapdos
|-damage|p1a: Zapdos|214\/383
|-enditem|p1a: Zapdos|Leftovers|[from] move: Knock Off|[of] p2a: Scizor
|
|turn|16
|
|switch|p2a: Slowbro|Slowbro, F|378\/394
|-damage|p2a: Slowbro|329\/394|[from] Stealth Rock
|move|p1a: Zapdos|Roost|p1a: Zapdos
|-heal|p1a: Zapdos|383\/383
|
|-heal|p2a: Slowbro|353\/394|[from] item: Leftovers
|turn|17
|
|switch|p2a: Clefable|Clefable, F|394\/394
|move|p1a: Zapdos|Volt Switch|p2a: Clefable
|-damage|p2a: Clefable|303\/394
|
|switch|p1a: Heatran|Heatran, M, shiny|369\/385
|-damage|p1a: Heatran|321\/385|[from] Stealth Rock
|
|-heal|p1a: Heatran|345\/385|[from] item: Leftovers
|-heal|p2a: Clefable|327\/394|[from] item: Leftovers
|turn|18
|
|move|p1a: Heatran|Flash Cannon|p2a: Clefable
|-supereffective|p2a: Clefable
|-damage|p2a: Clefable|121\/394
|move|p2a: Clefable|Calm Mind|p2a: Clefable
|-boost|p2a: Clefable|spa|1
|-boost|p2a: Clefable|spd|1
|
|-heal|p1a: Heatran|369\/385|[from] item: Leftovers
|-heal|p2a: Clefable|145\/394|[from] item: Leftovers
|turn|19
|
|move|p1a: Heatran|Flash Cannon|p2a: Clefable
|-supereffective|p2a: Clefable
|-damage|p2a: Clefable|0 fnt
|faint|p2a: Clefable
|
|-heal|p1a: Heatran|385\/385|[from] item: Leftovers
|
|switch|p2a: Slowbro|Slowbro, F|394\/394
|-damage|p2a: Slowbro|345\/394|[from] Stealth Rock
|turn|20
|
|switch|p1a: Sableye|Sableye, M|303\/303
|-damage|p1a: Sableye|266\/303|[from] Stealth Rock
|move|p2a: Slowbro|Scald|p1a: Sableye
|-damage|p1a: Sableye|140\/303
|
|-heal|p2a: Slowbro|369\/394|[from] item: Leftovers
|turn|21
|
|detailschange|p1a: Sableye|Sableye-Mega, M
|message|Sableye has Mega Evolved into Mega Sableye!
|move|p1a: Sableye|Calm Mind|p1a: Sableye
|-boost|p1a: Sableye|spa|1
|-boost|p1a: Sableye|spd|1
|move|p2a: Slowbro|Scald|p1a: Sableye
|-crit|p1a: Sableye
|-damage|p1a: Sableye|25\/303
|
|-heal|p2a: Slowbro|393\/394|[from] item: Leftovers
|turn|22
|
|move|p2a: Slowbro|Scald|p1a: Sableye
|-damage|p1a: Sableye|0 fnt
|faint|p1a: Sableye
|
|-heal|p2a: Slowbro|394\/394|[from] item: Leftovers
|
|switch|p1a: Greninja|Greninja, M|166\/285
|-damage|p1a: Greninja|131\/285|[from] Stealth Rock
|turn|23
|
|move|p1a: Greninja|Hydro Pump|p2a: Slowbro
|-start|p1a: Greninja|typechange|Water|[from] Protean
|-resisted|p2a: Slowbro
|-damage|p2a: Slowbro|265\/394
|-damage|p1a: Greninja|103\/285|[from] item: Life Orb
|move|p2a: Slowbro|Psyshock|p1a: Greninja
|-damage|p1a: Greninja|0 fnt
|faint|p1a: Greninja
|
|-heal|p2a: Slowbro|289\/394|[from] item: Leftovers
|
|switch|p1a: Zapdos|Zapdos|383\/383
|-damage|p1a: Zapdos|288\/383|[from] Stealth Rock
|-ability|p1a: Zapdos|Pressure
|turn|24
|
|switch|p2a: Latios|Latios, M|12\/302
|-damage|p2a: Latios|0 fnt|[from] Stealth Rock
|faint|p2a: Latios
|move|p1a: Zapdos|Roost|p1a: Zapdos
|-heal|p1a: Zapdos|383\/383
|
|
|switch|p2a: Salamence|Salamence, M|331\/331
|-damage|p2a: Salamence|249\/331|[from] Stealth Rock
|-ability|p2a: Salamence|Intimidate|[of] p1a: Zapdos
|-unboost|p1a: Zapdos|atk|1
|turn|25
|
|detailschange|p2a: Salamence|Salamence-Mega, M
|message|Salamence has Mega Evolved into Mega Salamence!
|move|p2a: Salamence|Substitute|p2a: Salamence
|-start|p2a: Salamence|Substitute
|-damage|p2a: Salamence|167\/331
|move|p1a: Zapdos|Hidden Power|p2a: Salamence
|-supereffective|p2a: Salamence
|-end|p2a: Salamence|Substitute
|
|turn|26
|
|move|p2a: Salamence|Return|p1a: Zapdos
|-resisted|p1a: Zapdos
|-damage|p1a: Zapdos|275\/383
|move|p1a: Zapdos|Hidden Power|p2a: Salamence
|-supereffective|p2a: Salamence
|-damage|p2a: Salamence|0 fnt
|faint|p2a: Salamence
|
|
|switch|p2a: Slowbro|Slowbro, F|394\/394
|-damage|p2a: Slowbro|345\/394|[from] Stealth Rock
|turn|27
|
|move|p1a: Zapdos|Volt Switch|p2a: Slowbro
|-supereffective|p2a: Slowbro
|-damage|p2a: Slowbro|115\/394
|
|switch|p1a: Alakazam|Alakazam, M|252\/252
|move|p2a: Slowbro|Scald|p1a: Alakazam
|-damage|p1a: Alakazam|158\/252
|-status|p1a: Alakazam|brn
|
|-heal|p2a: Slowbro|139\/394|[from] item: Leftovers
|turn|28
|
|switch|p2a: Scizor|Scizor, M|300\/342
|-damage|p2a: Scizor|258\/342|[from] Stealth Rock
|move|p1a: Alakazam|Shadow Ball|p2a: Scizor
|-damage|p2a: Scizor|147\/342
|
|turn|29
|
|switch|p1a: Zapdos|Zapdos|275\/383
|-damage|p1a: Zapdos|180\/383|[from] Stealth Rock
|-ability|p1a: Zapdos|Pressure
|move|p2a: Scizor|Roost|p2a: Scizor
|-heal|p2a: Scizor|318\/342
|
|turn|30
|
|switch|p2a: Slowbro|Slowbro, F|270\/394
|-damage|p2a: Slowbro|221\/394|[from] Stealth Rock
|move|p1a: Zapdos|Roost|p1a: Zapdos
|-heal|p1a: Zapdos|372\/383
|
|-heal|p2a: Slowbro|245\/394|[from] item: Leftovers
|turn|31
|
|move|p1a: Zapdos|Volt Switch|p2a: Slowbro
|-supereffective|p2a: Slowbro
|-damage|p2a: Slowbro|0 fnt
|faint|p2a: Slowbro
|
|switch|p1a: Heatran|Heatran, M, shiny|385\/385
|-damage|p1a: Heatran|337\/385|[from] Stealth Rock
|
|-heal|p1a: Heatran|361\/385|[from] item: Leftovers
|-message|Rapidashite forfeited.
|
|win|Bl153
|raw|Ladder updating...
|leave|Rapidashite
|player|p2
|raw|Bl153's rating: 1407 &rarr; <strong>1421<\/strong><br \/>(+14 for winning)
|raw|Rapidashite's rating: 1302 &rarr; <strong>1288<\/strong><br \/>(-14 for losing)