|join|How Romantic
|join|Rapidashite
|player|p1|How Romantic|161
|player|p2|Rapidashite|154
|gametype|singles
|gen|6
|tier|OU
|rated
|clearpoke
|poke|p1|Landorus-Therian, M
|poke|p1|Latios, M
|poke|p1|Lopunny, M
|poke|p1|Magnezone
|poke|p1|Heatran, F
|poke|p1|Greninja, M
|poke|p2|Terrakion
|poke|p2|Latios, M
|poke|p2|Heatran, F
|poke|p2|Scizor, M
|poke|p2|Clefable, F
|poke|p2|Slowbro, F
|rule|Swagger Clause: Swagger is banned
|rule|Baton Pass Clause: Limit one PokÃ©mon knowing Baton Pass
|rule|Sleep Clause Mod: Limit one foe put to sleep
|rule|Species Clause: Limit one of each PokÃ©mon
|rule|OHKO Clause: OHKO moves are banned
|rule|Moody Clause: Moody is banned
|rule|Evasion Moves Clause: Evasion moves are banned
|rule|Endless Battle Clause: Forcing endless battles is banned
|rule|HP Percentage Mod: HP is shown in percentages
|teampreview
|
|start
|switch|p1a: Landorus-Therian|Landorus-Therian, M|319\/319
|switch|p2a: Slowbro|Slowbro, F|394\/394
|-ability|p1a: Landorus-Therian|Intimidate|[of] p2a: Slowbro
|-unboost|p2a: Slowbro|atk|1
|turn|1
|
|move|p1a: Landorus-Therian|U-turn|p2a: Slowbro
|-crit|p2a: Slowbro
|-supereffective|p2a: Slowbro
|-damage|p2a: Slowbro|194\/394
|
|switch|p1a: Magnezone|Magnezone|281\/281
|move|p2a: Slowbro|Scald|p1a: Magnezone
|-damage|p1a: Magnezone|169\/281
|
|-heal|p2a: Slowbro|218\/394|[from] item: Leftovers
|turn|2
|
|switch|p2a: Latios|Latios, M|302\/302
|move|p1a: Magnezone|Volt Switch|p2a: Latios
|-resisted|p2a: Latios
|-damage|p2a: Latios|248\/302
|
|switch|p1a: Lopunny|Lopunny, M|271\/271
|
|turn|3
|
|switch|p2a: Heatran|Heatran, F|385\/385
|detailschange|p1a: Lopunny|Lopunny-Mega, M
|message|Lopunny has Mega Evolved into Mega Lopunny!
|move|p1a: Lopunny|Fake Out|p2a: Heatran
|-resisted|p2a: Heatran
|-damage|p2a: Heatran|351\/385
|
|-heal|p2a: Heatran|375\/385|[from] item: Leftovers
|turn|4
|
|switch|p1a: Latios|Latios, M|301\/301
|switch|p2a: Slowbro|Slowbro, F|349\/394
|
|-heal|p2a: Slowbro|373\/394|[from] item: Leftovers
|turn|5
|
|move|p1a: Latios|Earthquake|p2a: Slowbro
|-damage|p2a: Slowbro|312\/394
|-damage|p1a: Latios|271\/301|[from] item: Life Orb
|move|p2a: Slowbro|Slack Off|p2a: Slowbro
|-heal|p2a: Slowbro|394\/394
|
|turn|6
|
|switch|p1a: Magnezone|Magnezone|169\/281
|move|p2a: Slowbro|Thunder Wave|p1a: Magnezone
|-fail|p1a: Magnezone
|
|turn|7
|
|switch|p2a: Latios|Latios, M|248\/302
|move|p1a: Magnezone|Thunderbolt|p2a: Latios
|-crit|p2a: Latios
|-resisted|p2a: Latios
|-damage|p2a: Latios|137\/302
|
|turn|8
|c|âRapidashite|nice crits
|
|switch|p2a: Heatran|Heatran, F|375\/385
|switch|p1a: Heatran|Heatran, F|385\/385
|
|-heal|p2a: Heatran|385\/385|[from] item: Leftovers
|turn|9
|c|âHow Romantic|Cause that is my fault...
|
|move|p1a: Heatran|Earth Power|p2a: Heatran
|-supereffective|p2a: Heatran
|-damage|p2a: Heatran|153\/385
|-unboost|p2a: Heatran|spd|1
|move|p2a: Heatran|Stealth Rock|p1a: Heatran
|-sidestart|p1: How Romantic|move: Stealth Rock
|
|-heal|p2a: Heatran|177\/385|[from] item: Leftovers
|turn|10
|c|âRapidashite|nice sp df drop
|
|move|p2a: Heatran|Protect|p2a: Heatran
|-singleturn|p2a: Heatran|Protect
|move|p1a: Heatran|Stealth Rock|p2a: Heatran
|-sidestart|p2: Rapidashite|move: Stealth Rock
|
|-heal|p2a: Heatran|201\/385|[from] item: Leftovers
|turn|11
|c|âHow Romantic|Thanks.
|
|switch|p2a: Latios|Latios, M|137\/302
|-damage|p2a: Latios|100\/302|[from] Stealth Rock
|move|p1a: Heatran|Earth Power|p2a: Latios
|-immune|p2a: Latios|[msg]
|
|turn|12
|
|switch|p1a: Landorus-Therian|Landorus-Therian, M|319\/319
|-damage|p1a: Landorus-Therian|280\/319|[from] Stealth Rock
|-ability|p1a: Landorus-Therian|Intimidate|[of] p2a: Latios
|-unboost|p2a: Latios|atk|1
|move|p2a: Latios|Trick|p1a: Landorus-Therian
|-activate|p2a: Latios|move: Trick|[of] p1a: Landorus-Therian
|-item|p1a: Landorus-Therian|Choice Scarf|[from] move: Trick
|-item|p2a: Latios|Choice Scarf|[from] move: Trick
|
|turn|13
|
|switch|p2a: Heatran|Heatran, F|201\/385
|-damage|p2a: Heatran|153\/385|[from] Stealth Rock
|move|p1a: Landorus-Therian|U-turn|p2a: Heatran
|-resisted|p2a: Heatran
|-damage|p2a: Heatran|134\/385
|
|switch|p1a: Greninja|Greninja, M|285\/285
|-damage|p1a: Greninja|250\/285|[from] Stealth Rock
|
|-heal|p2a: Heatran|158\/385|[from] item: Leftovers
|turn|14
|
|move|p2a: Heatran|Protect|p2a: Heatran
|-singleturn|p2a: Heatran|Protect
|move|p1a: Greninja|Hydro Pump|p2a: Heatran
|-start|p1a: Greninja|typechange|Water|[from] Protean
|-activate|p2a: Heatran|Protect
|
|-heal|p2a: Heatran|182\/385|[from] item: Leftovers
|turn|15
|
|move|p1a: Greninja|Hydro Pump|p2a: Heatran
|-supereffective|p2a: Heatran
|-damage|p2a: Heatran|0 fnt
|-damage|p1a: Greninja|222\/285|[from] item: Life Orb
|faint|p2a: Heatran
|
|
|switch|p2a: Slowbro|Slowbro, F|394\/394
|-damage|p2a: Slowbro|345\/394|[from] Stealth Rock
|turn|16
|
|switch|p1a: Magnezone|Magnezone|169\/281
|-damage|p1a: Magnezone|152\/281|[from] Stealth Rock
|switch|p2a: Clefable|Clefable, F|394\/394
|
|turn|17
|
|move|p1a: Magnezone|Flash Cannon|p2a: Clefable
|-supereffective|p2a: Clefable
|-damage|p2a: Clefable|118\/394
|move|p2a: Clefable|Calm Mind|p2a: Clefable
|-boost|p2a: Clefable|spa|1
|-boost|p2a: Clefable|spd|1
|
|-heal|p2a: Clefable|142\/394|[from] item: Leftovers
|turn|18
|
|switch|p2a: Slowbro|Slowbro, F|394\/394
|-damage|p2a: Slowbro|345\/394|[from] Stealth Rock
|move|p1a: Magnezone|Flash Cannon|p2a: Slowbro
|-resisted|p2a: Slowbro
|-damage|p2a: Slowbro|259\/394
|
|-heal|p2a: Slowbro|283\/394|[from] item: Leftovers
|turn|19
|
|switch|p1a: Landorus-Therian|Landorus-Therian, M|280\/319
|-damage|p1a: Landorus-Therian|241\/319|[from] Stealth Rock
|-ability|p1a: Landorus-Therian|Intimidate|[of] p2a: Slowbro
|-unboost|p2a: Slowbro|atk|1
|move|p2a: Slowbro|Scald|p1a: Landorus-Therian
|-supereffective|p1a: Landorus-Therian
|-damage|p1a: Landorus-Therian|25\/319
|-status|p1a: Landorus-Therian|brn
|
|-heal|p2a: Slowbro|307\/394|[from] item: Leftovers
|-damage|p1a: Landorus-Therian|0 fnt|[from] brn
|faint|p1a: Landorus-Therian
|
|switch|p1a: Magnezone|Magnezone|152\/281
|-damage|p1a: Magnezone|135\/281|[from] Stealth Rock
|turn|20
|c|âRapidashite|nice burn
|
|switch|p2a: Scizor|Scizor, M|342\/342
|-damage|p2a: Scizor|300\/342|[from] Stealth Rock
|move|p1a: Magnezone|Volt Switch|p2a: Scizor
|-damage|p2a: Scizor|150\/342
|
|switch|p1a: Heatran|Heatran, F|385\/385
|-damage|p1a: Heatran|337\/385|[from] Stealth Rock
|
|-heal|p1a: Heatran|361\/385|[from] item: Leftovers
|turn|21
|
|switch|p2a: Slowbro|Slowbro, F|394\/394
|-damage|p2a: Slowbro|345\/394|[from] Stealth Rock
|move|p1a: Heatran|Toxic|p2a: Slowbro
|-status|p2a: Slowbro|tox
|
|-heal|p1a: Heatran|385\/385|[from] item: Leftovers
|-heal|p2a: Slowbro|369\/394 tox|[from] item: Leftovers
|-damage|p2a: Slowbro|345\/394 tox|[from] psn
|turn|22
|
|switch|p1a: Latios|Latios, M|271\/301
|-damage|p1a: Latios|234\/301|[from] Stealth Rock
|move|p2a: Slowbro|Scald|p1a: Latios
|-resisted|p1a: Latios
|-damage|p1a: Latios|192\/301
|-status|p1a: Latios|brn
|
|-heal|p2a: Slowbro|369\/394 tox|[from] item: Leftovers
|-damage|p1a: Latios|155\/301 brn|[from] brn
|-damage|p2a: Slowbro|321\/394 tox|[from] psn
|turn|23
|
|move|p1a: Latios|Psyshock|p2a: Slowbro
|-resisted|p2a: Slowbro
|-damage|p2a: Slowbro|259\/394 tox
|-damage|p1a: Latios|125\/301 brn|[from] item: Life Orb
|move|p2a: Slowbro|Ice Beam|p1a: Latios
|-supereffective|p1a: Latios
|-damage|p1a: Latios|3\/301 brn
|
|-heal|p2a: Slowbro|283\/394 tox|[from] item: Leftovers
|-damage|p1a: Latios|0 fnt|[from] brn
|-damage|p2a: Slowbro|211\/394 tox|[from] psn
|faint|p1a: Latios
|
|switch|p1a: Lopunny|Lopunny-Mega, M|271\/271
|-damage|p1a: Lopunny|255\/271|[from] Stealth Rock
|turn|24
|
|switch|p2a: Scizor|Scizor, M|150\/342
|-damage|p2a: Scizor|108\/342|[from] Stealth Rock
|move|p1a: Lopunny|Fake Out|p2a: Scizor
|-resisted|p2a: Scizor
|-damage|p2a: Scizor|79\/342
|
|turn|25
|
|move|p1a: Lopunny|Return|p2a: Scizor
|-resisted|p2a: Scizor
|-damage|p2a: Scizor|6\/342
|move|p2a: Scizor|Roost|p2a: Scizor
|-heal|p2a: Scizor|177\/342
|
|turn|26
|
|switch|p2a: Clefable|Clefable, F|142\/394
|move|p1a: Lopunny|High Jump Kick|p2a: Clefable
|-resisted|p2a: Clefable
|-damage|p2a: Clefable|20\/394
|
|-heal|p2a: Clefable|44\/394|[from] item: Leftovers
|turn|27
|
|switch|p2a: Slowbro|Slowbro, F|342\/394 tox
|-damage|p2a: Slowbro|293\/394 tox|[from] Stealth Rock
|move|p1a: Lopunny|Ice Punch|p2a: Slowbro
|-resisted|p2a: Slowbro
|-damage|p2a: Slowbro|263\/394 tox
|
|-heal|p2a: Slowbro|287\/394 tox|[from] item: Leftovers
|-damage|p2a: Slowbro|263\/394 tox|[from] psn
|turn|28
|
|switch|p1a: Greninja|Greninja, M|222\/285
|-damage|p1a: Greninja|187\/285|[from] Stealth Rock
|move|p2a: Slowbro|Scald|p1a: Greninja
|-resisted|p1a: Greninja
|-damage|p1a: Greninja|125\/285
|
|-heal|p2a: Slowbro|287\/394 tox|[from] item: Leftovers
|-damage|p2a: Slowbro|239\/394 tox|[from] psn
|turn|29
|
|move|p1a: Greninja|Gunk Shot|p2a: Slowbro
|-start|p1a: Greninja|typechange|Poison|[from] Protean
|-damage|p2a: Slowbro|126\/394 tox
|-damage|p1a: Greninja|97\/285|[from] item: Life Orb
|move|p2a: Slowbro|Thunder Wave|p1a: Greninja
|-status|p1a: Greninja|par
|
|-heal|p2a: Slowbro|150\/394 tox|[from] item: Leftovers
|-damage|p2a: Slowbro|78\/394 tox|[from] psn
|turn|30
|
|switch|p2a: Clefable|Clefable, F|44\/394
|move|p1a: Greninja|Hidden Power|p2a: Clefable
|-start|p1a: Greninja|typechange|Fire|[from] Protean
|-damage|p2a: Clefable|0 fnt
|-damage|p1a: Greninja|69\/285 par|[from] item: Life Orb
|faint|p2a: Clefable
|
|
|switch|p2a: Slowbro|Slowbro, F|209\/394 tox
|-damage|p2a: Slowbro|160\/394 tox|[from] Stealth Rock
|turn|31
|
|move|p2a: Slowbro|Slack Off|p2a: Slowbro
|-heal|p2a: Slowbro|357\/394 tox
|move|p1a: Greninja|Gunk Shot|p2a: Slowbro
|-start|p1a: Greninja|typechange|Poison|[from] Protean
|-damage|p2a: Slowbro|232\/394 tox
|-damage|p1a: Greninja|41\/285 par|[from] item: Life Orb
|
|-heal|p2a: Slowbro|256\/394 tox|[from] item: Leftovers
|-damage|p2a: Slowbro|232\/394 tox|[from] psn
|turn|32
|
|move|p2a: Slowbro|Slack Off|p2a: Slowbro
|-heal|p2a: Slowbro|394\/394 tox
|cant|p1a: Greninja|par
|
|-damage|p2a: Slowbro|346\/394 tox|[from] psn
|turn|33
|
|move|p2a: Slowbro|Scald|p1a: Greninja
|-damage|p1a: Greninja|0 fnt
|faint|p1a: Greninja
|
|-heal|p2a: Slowbro|370\/394 tox|[from] item: Leftovers
|-damage|p2a: Slowbro|298\/394 tox|[from] psn
|
|switch|p1a: Magnezone|Magnezone|135\/281
|-damage|p1a: Magnezone|118\/281|[from] Stealth Rock
|turn|34
|
|move|p1a: Magnezone|Volt Switch|p2a: Slowbro
|-supereffective|p2a: Slowbro
|-damage|p2a: Slowbro|2\/394 tox
|
|switch|p1a: Lopunny|Lopunny-Mega, M|255\/271
|-damage|p1a: Lopunny|239\/271|[from] Stealth Rock
|move|p2a: Slowbro|Scald|p1a: Lopunny
|-damage|p1a: Lopunny|145\/271
|
|-heal|p2a: Slowbro|26\/394 tox|[from] item: Leftovers
|-damage|p2a: Slowbro|0 fnt|[from] psn
|faint|p2a: Slowbro
|c|âRapidashite|ahh
|c|âRapidashite|too bad
|c|âRapidashite|that'd have been a nice burn
|
|switch|p2a: Terrakion|Terrakion|324\/324
|-damage|p2a: Terrakion|304\/324|[from] Stealth Rock
|turn|35
|
|move|p1a: Lopunny|Fake Out|p2a: Terrakion
|-resisted|p2a: Terrakion
|-damage|p2a: Terrakion|262\/324
|cant|p2a: Terrakion|flinch
|
|turn|36
|
|move|p2a: Terrakion|Close Combat|p1a: Lopunny
|-supereffective|p1a: Lopunny
|-damage|p1a: Lopunny|0 fnt
|-unboost|p2a: Terrakion|def|1
|-unboost|p2a: Terrakion|spd|1
|faint|p1a: Lopunny
|
|
|switch|p1a: Magnezone|Magnezone|118\/281
|-damage|p1a: Magnezone|101\/281|[from] Stealth Rock
|turn|37
|
|move|p2a: Terrakion|Close Combat|p1a: Magnezone
|-supereffective|p1a: Magnezone
|-damage|p1a: Magnezone|0 fnt
|-unboost|p2a: Terrakion|def|1
|-unboost|p2a: Terrakion|spd|1
|faint|p1a: Magnezone
|
|
|switch|p1a: Heatran|Heatran, F|385\/385
|-damage|p1a: Heatran|337\/385|[from] Stealth Rock
|turn|38
|
|move|p2a: Terrakion|Close Combat|p1a: Heatran
|-supereffective|p1a: Heatran
|-damage|p1a: Heatran|0 fnt
|-unboost|p2a: Terrakion|def|1
|-unboost|p2a: Terrakion|spd|1
|faint|p1a: Heatran
|
|win|Rapidashite
|raw|Ladder updating...
|c|âHow Romantic|gg
|c|âRapidashite|NIIIICE game
|leave|How Romantic
|player|p1
|raw|How Romantic's rating: 1475 &rarr; <strong>1453<\/strong><br \/>(-22 for losing)
|raw|Rapidashite's rating: 1433 &rarr; <strong>1455<\/strong><br \/>(+22 for winning)