|join|Aka DH
|join|Rapidashite
|player|p1|Aka DH|68
|player|p2|Rapidashite|154
|gametype|singles
|gen|6
|tier|OU
|rated
|clearpoke
|poke|p1|Bisharp, F
|poke|p1|Venusaur, F
|poke|p1|Heatran, M
|poke|p1|Keldeo
|poke|p1|Chansey, F
|poke|p1|Skarmory, F
|poke|p2|Slowbro, F
|poke|p2|Latios, M
|poke|p2|Heatran, F
|poke|p2|Scizor, M
|poke|p2|Clefable, F
|poke|p2|Salamence, M
|rule|Swagger Clause: Swagger is banned
|rule|Baton Pass Clause: Limit one PokÃ©mon knowing Baton Pass
|rule|Sleep Clause Mod: Limit one foe put to sleep
|rule|Species Clause: Limit one of each PokÃ©mon
|rule|OHKO Clause: OHKO moves are banned
|rule|Moody Clause: Moody is banned
|rule|Evasion Moves Clause: Evasion moves are banned
|rule|Endless Battle Clause: Forcing endless battles is banned
|rule|HP Percentage Mod: HP is shown in percentages
|teampreview
|join|SwiftSwimSweeper
|c| SwiftSwimSweeper|**Go Bloody!! n_n**
|
|start
|switch|p1a: Heatran|Heatran, M|340\/340
|switch|p2a: Slowbro|Slowbro, F|394\/394
|-item|p1a: Heatran|Air Balloon
|turn|1
|join|kuroimarcio
|
|move|p1a: Heatran|Toxic|p2a: Slowbro
|-status|p2a: Slowbro|tox
|move|p2a: Slowbro|Scald|p1a: Heatran
|-supereffective|p1a: Heatran
|-damage|p1a: Heatran|176\/340
|-enditem|p1a: Heatran|Air Balloon
|
|-damage|p2a: Slowbro|370\/394 tox|[from] psn
|turn|2
|
|move|p1a: Heatran|Stealth Rock|p2a: Slowbro
|-sidestart|p2: Rapidashite|move: Stealth Rock
|move|p2a: Slowbro|Thunder Wave|p1a: Heatran
|-status|p1a: Heatran|par
|
|-heal|p2a: Slowbro|394\/394 tox|[from] item: Leftovers
|-damage|p2a: Slowbro|346\/394 tox|[from] psn
|turn|3
|join|dgcdgrsgcrs
|
|switch|p1a: Chansey|Chansey, F|684\/684
|move|p2a: Slowbro|Scald|p1a: Chansey
|-damage|p1a: Chansey|630\/684
|
|-heal|p2a: Slowbro|370\/394 tox|[from] item: Leftovers
|-damage|p2a: Slowbro|298\/394 tox|[from] psn
|turn|4
|
|switch|p2a: Latios|Latios, M|302\/302
|-damage|p2a: Latios|265\/302|[from] Stealth Rock
|move|p1a: Chansey|Thunder Wave|p2a: Latios
|-status|p2a: Latios|par
|
|turn|5
|
|move|p1a: Chansey|Aromatherapy|p1a: Chansey
|-cureteam|p1a: Chansey|[from] move: Aromatherapy
|move|p2a: Latios|Trick|p1a: Chansey
|-activate|p2a: Latios|move: Trick|[of] p1a: Chansey
|-item|p1a: Chansey|Choice Scarf|[from] move: Trick
|-item|p2a: Latios|Eviolite|[from] move: Trick
|
|turn|6
|
|switch|p1a: Bisharp|Bisharp, F|334\/334
|cant|p2a: Latios|par
|
|turn|7
|
|switch|p2a: Heatran|Heatran, F|385\/385
|-damage|p2a: Heatran|337\/385|[from] Stealth Rock
|move|p1a: Bisharp|Knock Off|p2a: Heatran
|-crit|p2a: Heatran
|-damage|p2a: Heatran|88\/385
|-enditem|p2a: Heatran|Leftovers|[from] move: Knock Off|[of] p1a: Bisharp
|
|turn|8
|c|âRapidashite|...
|c| SwiftSwimSweeper|Ha ha !
|leave|dgcdgrsgcrs
|
|switch|p1a: Keldeo|Keldeo|323\/323
|move|p2a: Heatran|Lava Plume|p1a: Keldeo
|-resisted|p1a: Keldeo
|-damage|p1a: Keldeo|254\/323
|-status|p1a: Keldeo|brn
|
|-heal|p1a: Keldeo|274\/323 brn|[from] item: Leftovers
|-damage|p1a: Keldeo|234\/323 brn|[from] brn
|turn|9
|
|move|p2a: Heatran|Protect|p2a: Heatran
|-singleturn|p2a: Heatran|Protect
|move|p1a: Keldeo|Scald|p2a: Heatran
|-activate|p2a: Heatran|Protect
|
|-heal|p1a: Keldeo|254\/323 brn|[from] item: Leftovers
|-damage|p1a: Keldeo|214\/323 brn|[from] brn
|turn|10
|
|switch|p1a: Chansey|Chansey, F|630\/684
|switch|p2a: Slowbro|Slowbro, F|394\/394 tox
|-damage|p2a: Slowbro|345\/394 tox|[from] Stealth Rock
|
|-heal|p2a: Slowbro|369\/394 tox|[from] item: Leftovers
|-damage|p2a: Slowbro|345\/394 tox|[from] psn
|turn|11
|
|switch|p2a: Latios|Latios, M|265\/302 par
|-damage|p2a: Latios|228\/302 par|[from] Stealth Rock
|move|p1a: Chansey|Aromatherapy|p1a: Chansey
|-cureteam|p1a: Chansey|[from] move: Aromatherapy
|
|turn|12
|
|switch|p1a: Bisharp|Bisharp, F|334\/334
|move|p2a: Latios|Trick|p1a: Bisharp
|-activate|p2a: Latios|move: Trick|[of] p1a: Bisharp
|-item|p1a: Bisharp|Eviolite|[from] move: Trick
|-item|p2a: Latios|Leftovers|[from] move: Trick
|
|-heal|p2a: Latios|246\/302 par|[from] item: Leftovers
|turn|13
|
|move|p1a: Bisharp|Knock Off|p2a: Latios
|-supereffective|p2a: Latios
|-damage|p2a: Latios|0 fnt
|-enditem|p2a: Latios|Leftovers|[from] move: Knock Off|[of] p1a: Bisharp
|faint|p2a: Latios
|
|c| SwiftSwimSweeper|>stay in
|
|switch|p2a: Salamence|Salamence, M|331\/331
|-damage|p2a: Salamence|249\/331|[from] Stealth Rock
|-ability|p2a: Salamence|Intimidate|[of] p1a: Bisharp
|-unboost|p1a: Bisharp|atk|1
|-boost|p1a: Bisharp|atk|2|[from] ability: Defiant
|turn|14
|-message|Rapidashite forfeited.
|
|win|Aka DH
|raw|Ladder updating...
|leave|Rapidashite
|player|p2
|raw|Aka DH's rating: 1520 &rarr; <strong>1533<\/strong><br \/>(+13 for winning)
|raw|Rapidashite's rating: 1387 &rarr; <strong>1375<\/strong><br \/>(-12 for losing)