|join|rollgate33
|join|Rapidashite
|player|p1|rollgate33|108
|player|p2|Rapidashite|154
|gametype|singles
|gen|6
|tier|OU
|rated
|clearpoke
|poke|p1|Gardevoir, M
|poke|p1|Greninja, M
|poke|p1|Garchomp, F
|poke|p1|Terrakion
|poke|p1|Landorus-Therian, M
|poke|p1|Alomomola, M
|poke|p2|Terrakion
|poke|p2|Latios, M
|poke|p2|Heatran, F
|poke|p2|Scizor, M
|poke|p2|Clefable, F
|poke|p2|Slowbro, F
|rule|Swagger Clause: Swagger is banned
|rule|Baton Pass Clause: Limit one PokÃ©mon knowing Baton Pass
|rule|Sleep Clause Mod: Limit one foe put to sleep
|rule|Species Clause: Limit one of each PokÃ©mon
|rule|OHKO Clause: OHKO moves are banned
|rule|Moody Clause: Moody is banned
|rule|Evasion Moves Clause: Evasion moves are banned
|rule|Endless Battle Clause: Forcing endless battles is banned
|rule|HP Percentage Mod: HP is shown in percentages
|teampreview
|
|start
|switch|p1a: Garchomp|Garchomp, F|358\/358
|switch|p2a: Slowbro|Slowbro, F|394\/394
|turn|1
|
|move|p1a: Garchomp|Stealth Rock|p2a: Slowbro
|-sidestart|p2: Rapidashite|move: Stealth Rock
|move|p2a: Slowbro|Thunder Wave|p1a: Garchomp
|-immune|p1a: Garchomp|[msg]
|
|turn|2
|
|move|p1a: Garchomp|Swords Dance|p1a: Garchomp
|-boost|p1a: Garchomp|atk|2
|move|p2a: Slowbro|Scald|p1a: Garchomp
|-damage|p1a: Garchomp|244\/358
|
|turn|3
|
|move|p1a: Garchomp|Outrage|p2a: Slowbro
|-damage|p2a: Slowbro|96\/394
|move|p2a: Slowbro|Scald|p1a: Garchomp
|-damage|p1a: Garchomp|130\/358
|
|-heal|p2a: Slowbro|120\/394|[from] item: Leftovers
|turn|4
|
|switch|p2a: Clefable|Clefable, F|394\/394
|move|p1a: Garchomp|Outrage|p2a: Clefable
|-immune|p2a: Clefable|[msg]
|
|-end|p1a: Garchomp|rampage
|-start|p1a: Garchomp|confusion
|turn|5
|
|-activate|p1a: Garchomp|confusion
|-damage|p1a: Garchomp|22\/358|[from] confusion
|move|p2a: Clefable|Moonblast|p1a: Garchomp
|-supereffective|p1a: Garchomp
|-damage|p1a: Garchomp|0 fnt
|faint|p1a: Garchomp
|
|
|switch|p1a: Gardevoir|Gardevoir, M|278\/278
|-ability|p1a: Gardevoir|Magic Guard|[from] ability: Trace|[of] p2a: Clefable
|turn|6
|
|detailschange|p1a: Gardevoir|Gardevoir-Mega, M
|message|Gardevoir has Mega Evolved into Mega Gardevoir!
|move|p1a: Gardevoir|Focus Blast|p2a: Clefable|[miss]
|-miss|p1a: Gardevoir|p2a: Clefable
|move|p2a: Clefable|Calm Mind|p2a: Clefable
|-boost|p2a: Clefable|spa|1
|-boost|p2a: Clefable|spd|1
|
|turn|7
|
|move|p1a: Gardevoir|Psyshock|p2a: Clefable
|-damage|p2a: Clefable|202\/394
|move|p2a: Clefable|Calm Mind|p2a: Clefable
|-boost|p2a: Clefable|spa|1
|-boost|p2a: Clefable|spd|1
|
|-heal|p2a: Clefable|226\/394|[from] item: Leftovers
|turn|8
|
|move|p1a: Gardevoir|Psyshock|p2a: Clefable
|-damage|p2a: Clefable|60\/394
|move|p2a: Clefable|Soft-Boiled|p2a: Clefable
|-heal|p2a: Clefable|257\/394
|
|-heal|p2a: Clefable|281\/394|[from] item: Leftovers
|turn|9
|
|move|p1a: Gardevoir|Calm Mind|p1a: Gardevoir
|-boost|p1a: Gardevoir|spa|1
|-boost|p1a: Gardevoir|spd|1
|move|p2a: Clefable|Soft-Boiled|p2a: Clefable
|-heal|p2a: Clefable|394\/394
|
|turn|10
|
|move|p1a: Gardevoir|Psyshock|p2a: Clefable
|-damage|p2a: Clefable|133\/394
|move|p2a: Clefable|Moonblast|p1a: Gardevoir
|-damage|p1a: Gardevoir|170\/278
|
|-heal|p2a: Clefable|157\/394|[from] item: Leftovers
|turn|11
|
|switch|p2a: Scizor|Scizor, M|342\/342
|-damage|p2a: Scizor|300\/342|[from] Stealth Rock
|move|p1a: Gardevoir|Psyshock|p2a: Scizor
|-resisted|p2a: Scizor
|-damage|p2a: Scizor|213\/342
|
|turn|12
|
|switch|p1a: Landorus-Therian|Landorus-Therian, M|319\/319
|-ability|p1a: Landorus-Therian|Intimidate|[of] p2a: Scizor
|-unboost|p2a: Scizor|atk|1
|move|p2a: Scizor|Knock Off|p1a: Landorus-Therian
|-damage|p1a: Landorus-Therian|253\/319
|-enditem|p1a: Landorus-Therian|Choice Band|[from] move: Knock Off|[of] p2a: Scizor
|
|turn|13
|
|move|p1a: Landorus-Therian|U-turn|p2a: Scizor
|-resisted|p2a: Scizor
|-damage|p2a: Scizor|180\/342
|
|switch|p1a: Alomomola|Alomomola, M|534\/534
|move|p2a: Scizor|Roost|p2a: Scizor
|-heal|p2a: Scizor|342\/342
|
|turn|14
|
|move|p2a: Scizor|Swords Dance|p2a: Scizor
|-boost|p2a: Scizor|atk|2
|move|p1a: Alomomola|Wish|p1a: Alomomola
|
|turn|15
|
|move|p2a: Scizor|Swords Dance|p2a: Scizor
|-boost|p2a: Scizor|atk|2
|move|p1a: Alomomola|Scald|p2a: Scizor
|-damage|p2a: Scizor|290\/342
|
|turn|16
|
|move|p2a: Scizor|Swords Dance|p2a: Scizor
|-boost|p2a: Scizor|atk|2
|move|p1a: Alomomola|Scald|p2a: Scizor
|-damage|p2a: Scizor|232\/342
|-status|p2a: Scizor|brn
|-enditem|p2a: Scizor|Lum Berry|[eat]
|-curestatus|p2a: Scizor|brn
|
|turn|17
|
|move|p2a: Scizor|Knock Off|p1a: Alomomola
|-damage|p1a: Alomomola|246\/534
|-enditem|p1a: Alomomola|Leftovers|[from] move: Knock Off|[of] p2a: Scizor
|move|p1a: Alomomola|Scald|p2a: Scizor
|-damage|p2a: Scizor|178\/342
|
|turn|18
|
|move|p2a: Scizor|Bullet Punch|p1a: Alomomola
|-resisted|p1a: Alomomola
|-damage|p1a: Alomomola|126\/534
|move|p1a: Alomomola|Scald|p2a: Scizor
|-damage|p2a: Scizor|117\/342
|
|turn|19
|
|move|p2a: Scizor|Knock Off|p1a: Alomomola
|-damage|p1a: Alomomola|0 fnt
|faint|p1a: Alomomola
|
|
|switch|p1a: Greninja|Greninja, M|285\/285
|turn|20
|
|move|p2a: Scizor|Bullet Punch|p1a: Greninja
|-resisted|p1a: Greninja
|-damage|p1a: Greninja|55\/285
|move|p1a: Greninja|Hidden Power|p2a: Scizor
|-start|p1a: Greninja|typechange|Fire|[from] Protean
|-supereffective|p2a: Scizor
|-damage|p2a: Scizor|0 fnt
|-damage|p1a: Greninja|27\/285|[from] item: Life Orb
|faint|p2a: Scizor
|
|
|switch|p2a: Latios|Latios, M|302\/302
|-damage|p2a: Latios|265\/302|[from] Stealth Rock
|turn|21
|
|move|p2a: Latios|Psyshock|p1a: Greninja
|-damage|p1a: Greninja|0 fnt
|faint|p1a: Greninja
|
|
|switch|p1a: Gardevoir|Gardevoir-Mega, M|170\/278
|turn|22
|
|move|p2a: Latios|Psyshock|p1a: Gardevoir
|-resisted|p1a: Gardevoir
|-damage|p1a: Gardevoir|65\/278
|move|p1a: Gardevoir|Calm Mind|p1a: Gardevoir
|-boost|p1a: Gardevoir|spa|1
|-boost|p1a: Gardevoir|spd|1
|
|turn|23
|
|move|p2a: Latios|Psyshock|p1a: Gardevoir
|-resisted|p1a: Gardevoir
|-damage|p1a: Gardevoir|0 fnt
|faint|p1a: Gardevoir
|
|c|ârollgate33|tired of facing retards
|leave|rollgate33
|player|p1
|-message|rollgate33 lost due to inactivity.
|
|win|Rapidashite
|raw|Ladder updating...
|raw|rollgate33's rating: 1415 &rarr; <strong>1392<\/strong><br \/>(-23 for losing)
|raw|Rapidashite's rating: 1359 &rarr; <strong>1383<\/strong><br \/>(+24 for winning)