|join|easymodezzzzz
|join|Rapidashite
|player|p1|easymodezzzzz|110
|player|p2|Rapidashite|154
|gametype|singles
|gen|6
|tier|OU
|rated
|clearpoke
|poke|p1|Sableye, F, shiny
|poke|p1|Gastrodon, M
|poke|p1|Heatran, M
|poke|p1|Clefable, F
|poke|p1|Skarmory, M
|poke|p1|Tornadus-Therian, M
|poke|p2|Terrakion
|poke|p2|Latios, M
|poke|p2|Heatran, F
|poke|p2|Scizor, M
|poke|p2|Clefable, F
|poke|p2|Slowbro, F
|rule|Swagger Clause: Swagger is banned
|rule|Baton Pass Clause: Limit one PokÃ©mon knowing Baton Pass
|rule|Sleep Clause Mod: Limit one foe put to sleep
|rule|Species Clause: Limit one of each PokÃ©mon
|rule|OHKO Clause: OHKO moves are banned
|rule|Moody Clause: Moody is banned
|rule|Evasion Moves Clause: Evasion moves are banned
|rule|Endless Battle Clause: Forcing endless battles is banned
|rule|HP Percentage Mod: HP is shown in percentages
|teampreview
|
|start
|switch|p1a: Sableye|Sableye, F, shiny|304\/304
|switch|p2a: Latios|Latios, M|302\/302
|turn|1
|
|switch|p1a: Heatran|Heatran, M|386\/386
|move|p2a: Latios|Draco Meteor|p1a: Heatran
|-resisted|p1a: Heatran
|-damage|p1a: Heatran|308\/386
|-unboost|p2a: Latios|spa|2
|
|-heal|p1a: Heatran|332\/386|[from] item: Leftovers
|turn|2
|
|switch|p2a: Heatran|Heatran, F|385\/385
|move|p1a: Heatran|Stealth Rock|p2a: Heatran
|-sidestart|p2: Rapidashite|move: Stealth Rock
|
|-heal|p1a: Heatran|356\/386|[from] item: Leftovers
|turn|3
|
|switch|p1a: Gastrodon|Gastrodon, M|426\/426
|move|p2a: Heatran|Stealth Rock|p1a: Gastrodon
|-sidestart|p1: easymodezzzzz|move: Stealth Rock
|
|turn|4
|
|move|p2a: Heatran|Toxic|p1a: Gastrodon
|-status|p1a: Gastrodon|tox
|move|p1a: Gastrodon|Earth Power|p2a: Heatran
|-supereffective|p2a: Heatran
|-damage|p2a: Heatran|121\/385
|
|-heal|p2a: Heatran|145\/385|[from] item: Leftovers
|-damage|p1a: Gastrodon|400\/426 tox|[from] psn
|turn|5
|
|move|p2a: Heatran|Protect|p2a: Heatran
|-singleturn|p2a: Heatran|Protect
|move|p1a: Gastrodon|Earth Power|p2a: Heatran
|-activate|p2a: Heatran|Protect
|
|-heal|p2a: Heatran|169\/385|[from] item: Leftovers
|-heal|p1a: Gastrodon|426\/426 tox|[from] item: Leftovers
|-damage|p1a: Gastrodon|374\/426 tox|[from] psn
|turn|6
|
|switch|p2a: Clefable|Clefable, F|394\/394
|move|p1a: Gastrodon|Earth Power|p2a: Clefable
|-damage|p2a: Clefable|304\/394
|
|-heal|p2a: Clefable|328\/394|[from] item: Leftovers
|-heal|p1a: Gastrodon|400\/426 tox|[from] item: Leftovers
|-damage|p1a: Gastrodon|322\/426 tox|[from] psn
|turn|7
|
|switch|p1a: Heatran|Heatran, M|356\/386
|-damage|p1a: Heatran|308\/386|[from] Stealth Rock
|move|p2a: Clefable|Calm Mind|p2a: Clefable
|-boost|p2a: Clefable|spa|1
|-boost|p2a: Clefable|spd|1
|
|-heal|p1a: Heatran|332\/386|[from] item: Leftovers
|-heal|p2a: Clefable|352\/394|[from] item: Leftovers
|turn|8
|
|move|p1a: Heatran|Taunt|p2a: Clefable
|-start|p2a: Clefable|move: Taunt
|move|p2a: Clefable|Moonblast|p1a: Heatran
|-resisted|p1a: Heatran
|-damage|p1a: Heatran|303\/386
|
|-heal|p1a: Heatran|327\/386|[from] item: Leftovers
|-heal|p2a: Clefable|376\/394|[from] item: Leftovers
|turn|9
|
|move|p1a: Heatran|Lava Plume|p2a: Clefable
|-damage|p2a: Clefable|307\/394
|-status|p2a: Clefable|brn
|move|p2a: Clefable|Moonblast|p1a: Heatran
|-resisted|p1a: Heatran
|-damage|p1a: Heatran|300\/386
|
|-heal|p1a: Heatran|324\/386|[from] item: Leftovers
|-heal|p2a: Clefable|331\/394 brn|[from] item: Leftovers
|turn|10
|
|move|p1a: Heatran|Lava Plume|p2a: Clefable
|-damage|p2a: Clefable|261\/394 brn
|move|p2a: Clefable|Moonblast|p1a: Heatran
|-resisted|p1a: Heatran
|-damage|p1a: Heatran|297\/386
|
|-heal|p1a: Heatran|321\/386|[from] item: Leftovers
|-heal|p2a: Clefable|285\/394 brn|[from] item: Leftovers
|-end|p2a: Clefable|move: Taunt
|turn|11
|
|move|p1a: Heatran|Taunt|p2a: Clefable
|-start|p2a: Clefable|move: Taunt
|move|p2a: Clefable|Moonblast|p1a: Heatran
|-resisted|p1a: Heatran
|-damage|p1a: Heatran|292\/386
|
|-heal|p1a: Heatran|316\/386|[from] item: Leftovers
|-heal|p2a: Clefable|309\/394 brn|[from] item: Leftovers
|turn|12
|
|move|p1a: Heatran|Lava Plume|p2a: Clefable
|-damage|p2a: Clefable|240\/394 brn
|move|p2a: Clefable|Moonblast|p1a: Heatran
|-resisted|p1a: Heatran
|-damage|p1a: Heatran|291\/386
|
|-heal|p1a: Heatran|315\/386|[from] item: Leftovers
|-heal|p2a: Clefable|264\/394 brn|[from] item: Leftovers
|turn|13
|
|move|p1a: Heatran|Lava Plume|p2a: Clefable
|-damage|p2a: Clefable|195\/394 brn
|move|p2a: Clefable|Moonblast|p1a: Heatran
|-resisted|p1a: Heatran
|-damage|p1a: Heatran|287\/386
|
|-heal|p1a: Heatran|311\/386|[from] item: Leftovers
|-heal|p2a: Clefable|219\/394 brn|[from] item: Leftovers
|-end|p2a: Clefable|move: Taunt
|turn|14
|
|move|p1a: Heatran|Taunt|p2a: Clefable
|-start|p2a: Clefable|move: Taunt
|move|p2a: Clefable|Moonblast|p1a: Heatran
|-resisted|p1a: Heatran
|-damage|p1a: Heatran|283\/386
|
|-heal|p1a: Heatran|307\/386|[from] item: Leftovers
|-heal|p2a: Clefable|243\/394 brn|[from] item: Leftovers
|turn|15
|c|âRapidashite|!infomoonblast
|c|âRapidashite|30% chance isn't it?
|
|switch|p2a: Heatran|Heatran, F|169\/385
|-damage|p2a: Heatran|121\/385|[from] Stealth Rock
|move|p1a: Heatran|Lava Plume|p2a: Heatran
|-start|p2a: Heatran|ability: Flash Fire
|
|-heal|p2a: Heatran|145\/385|[from] item: Leftovers
|-heal|p1a: Heatran|331\/386|[from] item: Leftovers
|turn|16
|
|switch|p1a: Gastrodon|Gastrodon, M|322\/426 tox
|-damage|p1a: Gastrodon|296\/426 tox|[from] Stealth Rock
|move|p2a: Heatran|Lava Plume|p1a: Gastrodon
|-resisted|p1a: Gastrodon
|-damage|p1a: Gastrodon|191\/426 tox
|
|-heal|p2a: Heatran|169\/385|[from] item: Leftovers
|-heal|p1a: Gastrodon|217\/426 tox|[from] item: Leftovers
|-damage|p1a: Gastrodon|191\/426 tox|[from] psn
|turn|17
|
|switch|p1a: Tornadus-Therian|Tornadus-Therian, M|332\/332
|-damage|p1a: Tornadus-Therian|249\/332|[from] Stealth Rock
|move|p2a: Heatran|Protect|p2a: Heatran
|-fail|p2a: Heatran
|
|-heal|p2a: Heatran|193\/385|[from] item: Leftovers
|turn|18
|
|move|p1a: Tornadus-Therian|Knock Off|p2a: Heatran
|-damage|p2a: Heatran|130\/385
|-enditem|p2a: Heatran|Leftovers|[from] move: Knock Off|[of] p1a: Tornadus-Therian
|move|p2a: Heatran|Lava Plume|p1a: Tornadus-Therian
|-damage|p1a: Tornadus-Therian|126\/332
|
|turn|19
|
|move|p1a: Tornadus-Therian|Focus Blast|p2a: Heatran|[miss]
|-miss|p1a: Tornadus-Therian|p2a: Heatran
|move|p2a: Heatran|Lava Plume|p1a: Tornadus-Therian
|-damage|p1a: Tornadus-Therian|0 fnt
|faint|p1a: Tornadus-Therian
|
|c|âeasymodezzzzz|fuckginr etarded focus blast never fuckign hits
|
|switch|p1a: Clefable|Clefable, F|394\/394
|turn|20
|c|âRapidashite|I've used 9 moves that have a 30% chance of having an extra effect
|c|âRapidashite|and nothing
|
|switch|p2a: Scizor|Scizor, M|342\/342
|-damage|p2a: Scizor|300\/342|[from] Stealth Rock
|move|p1a: Clefable|Calm Mind|p1a: Clefable
|-boost|p1a: Clefable|spa|1
|-boost|p1a: Clefable|spd|1
|
|turn|21
|
|switch|p2a: Heatran|Heatran, F|130\/385
|-damage|p2a: Heatran|82\/385|[from] Stealth Rock
|move|p1a: Clefable|Flamethrower|p2a: Heatran
|-start|p2a: Heatran|ability: Flash Fire
|
|turn|22
|
|move|p2a: Heatran|Lava Plume|p1a: Clefable
|-damage|p1a: Clefable|273\/394
|-status|p1a: Clefable|brn
|move|p1a: Clefable|Calm Mind|p1a: Clefable
|-boost|p1a: Clefable|spa|1
|-boost|p1a: Clefable|spd|1
|
|-heal|p1a: Clefable|297\/394 brn|[from] item: Leftovers
|turn|23
|
|switch|p2a: Latios|Latios, M|302\/302
|-damage|p2a: Latios|265\/302|[from] Stealth Rock
|move|p1a: Clefable|Soft-Boiled|p1a: Clefable
|-heal|p1a: Clefable|394\/394 brn
|
|turn|24
|
|move|p2a: Latios|Trick|p1a: Clefable
|-activate|p2a: Latios|move: Trick|[of] p1a: Clefable
|-item|p1a: Clefable|Choice Scarf|[from] move: Trick
|-item|p2a: Latios|Leftovers|[from] move: Trick
|move|p1a: Clefable|Moonblast|p2a: Latios
|-supereffective|p2a: Latios
|-damage|p2a: Latios|0 fnt
|faint|p2a: Latios
|
|
|switch|p2a: Scizor|Scizor, M|300\/342
|-damage|p2a: Scizor|258\/342|[from] Stealth Rock
|turn|25
|
|move|p2a: Scizor|Bullet Punch|p1a: Clefable
|-supereffective|p1a: Clefable
|-damage|p1a: Clefable|224\/394 brn
|move|p1a: Clefable|Moonblast|p2a: Scizor
|-resisted|p2a: Scizor
|-damage|p2a: Scizor|139\/342
|
|turn|26
|
|switch|p1a: Skarmory|Skarmory, M|334\/334
|-damage|p1a: Skarmory|293\/334|[from] Stealth Rock
|move|p2a: Scizor|Roost|p2a: Scizor
|-heal|p2a: Scizor|310\/342
|
|turn|27
|
|move|p1a: Skarmory|Defog|p2a: Scizor
|-unboost|p2a: Scizor|evasion|1
|-sideend|p2: Rapidashite|Stealth Rock|[from] move: Defog|[of] p2a: Scizor
|-sideend|p1: easymodezzzzz|Stealth Rock|[from] move: Defog|[of] p1a: Skarmory
|move|p2a: Scizor|Swords Dance|p2a: Scizor
|-boost|p2a: Scizor|atk|2
|
|turn|28
|
|move|p1a: Skarmory|Brave Bird|p2a: Scizor
|-damage|p2a: Scizor|226\/342
|-damage|p1a: Skarmory|265\/334|[from] recoil|[of] p2a: Scizor
|move|p2a: Scizor|Knock Off|p1a: Skarmory
|-damage|p1a: Skarmory|145\/334
|-damage|p2a: Scizor|169\/342|[from] item: Rocky Helmet|[of] p1a: Skarmory
|-enditem|p1a: Skarmory|Rocky Helmet|[from] move: Knock Off|[of] p2a: Scizor
|
|turn|29
|
|switch|p1a: Heatran|Heatran, M|331\/386
|move|p2a: Scizor|Roost|p2a: Scizor
|-heal|p2a: Scizor|340\/342
|
|-heal|p1a: Heatran|355\/386|[from] item: Leftovers
|turn|30
|
|switch|p2a: Heatran|Heatran, F|82\/385
|move|p1a: Heatran|Lava Plume|p2a: Heatran
|-start|p2a: Heatran|ability: Flash Fire
|
|-heal|p1a: Heatran|379\/386|[from] item: Leftovers
|turn|31
|
|switch|p1a: Sableye|Sableye, F, shiny|304\/304
|move|p2a: Heatran|Lava Plume|p1a: Sableye
|-damage|p1a: Sableye|45\/304
|-status|p1a: Sableye|brn
|
|-damage|p1a: Sableye|7\/304 brn|[from] brn
|turn|32
|c|âRapidashite|thanks
|c|âeasymodezzzzz|kill yourself nigger
|
|move|p2a: Heatran|Lava Plume|p1a: Sableye
|-damage|p1a: Sableye|0 fnt
|faint|p1a: Sableye
|
|
|switch|p1a: Gastrodon|Gastrodon, M|191\/426 tox
|turn|33
|c|âRapidashite|Nice
|
|move|p2a: Heatran|Protect|p2a: Heatran
|-singleturn|p2a: Heatran|Protect
|move|p1a: Gastrodon|Recover|p1a: Gastrodon
|-heal|p1a: Gastrodon|404\/426 tox
|
|-heal|p1a: Gastrodon|426\/426 tox|[from] item: Leftovers
|-damage|p1a: Gastrodon|400\/426 tox|[from] psn
|turn|34
|
|switch|p2a: Slowbro|Slowbro, F|394\/394
|move|p1a: Gastrodon|Earth Power|p2a: Slowbro
|-damage|p2a: Slowbro|276\/394
|
|-heal|p1a: Gastrodon|426\/426 tox|[from] item: Leftovers
|-heal|p2a: Slowbro|300\/394|[from] item: Leftovers
|-damage|p1a: Gastrodon|374\/426 tox|[from] psn
|turn|35
|
|move|p1a: Gastrodon|Toxic|p2a: Slowbro
|-status|p2a: Slowbro|tox
|move|p2a: Slowbro|Slack Off|p2a: Slowbro
|-heal|p2a: Slowbro|394\/394 tox
|
|-heal|p1a: Gastrodon|400\/426 tox|[from] item: Leftovers
|-damage|p1a: Gastrodon|322\/426 tox|[from] psn
|-damage|p2a: Slowbro|370\/394 tox|[from] psn
|turn|36
|
|switch|p1a: Skarmory|Skarmory, M|145\/334
|switch|p2a: Clefable|Clefable, F|243\/394 brn
|
|-heal|p2a: Clefable|267\/394 brn|[from] item: Leftovers
|turn|37
|
|move|p1a: Skarmory|Brave Bird|p2a: Clefable
|-damage|p2a: Clefable|146\/394 brn
|-damage|p1a: Skarmory|105\/334|[from] recoil|[of] p2a: Clefable
|move|p2a: Clefable|Soft-Boiled|p2a: Clefable
|-heal|p2a: Clefable|343\/394 brn
|
|-heal|p2a: Clefable|367\/394 brn|[from] item: Leftovers
|turn|38
|c|âRapidashite|might be all over
|
|switch|p1a: Heatran|Heatran, M|379\/386
|move|p2a: Clefable|Calm Mind|p2a: Clefable
|-boost|p2a: Clefable|spa|1
|-boost|p2a: Clefable|spd|1
|
|-heal|p1a: Heatran|386\/386|[from] item: Leftovers
|-heal|p2a: Clefable|391\/394 brn|[from] item: Leftovers
|turn|39
|
|move|p1a: Heatran|Taunt|p2a: Clefable
|-start|p2a: Clefable|move: Taunt
|cant|p2a: Clefable|move: Taunt|Calm Mind
|
|-heal|p2a: Clefable|394\/394 brn|[from] item: Leftovers
|turn|40
|c|âRapidashite|oh, prolonging it
|
|switch|p2a: Heatran|Heatran, F|82\/385
|move|p1a: Heatran|Lava Plume|p2a: Heatran
|-start|p2a: Heatran|ability: Flash Fire
|
|turn|41
|
|switch|p1a: Clefable|Clefable, F|224\/394 brn
|move|p2a: Heatran|Lava Plume|p1a: Clefable
|-damage|p1a: Clefable|22\/394 brn
|
|turn|42
|
|move|p1a: Clefable|Moonblast|p2a: Heatran
|-resisted|p2a: Heatran
|-damage|p2a: Heatran|65\/385
|move|p2a: Heatran|Lava Plume|p1a: Clefable
|-damage|p1a: Clefable|0 fnt
|faint|p1a: Clefable
|
|c|âRapidashite|see ya.
|c|âeasymodezzzzz|i hope everyone on eyou loves dies a horrible death faggot FUCK YOU
|leave|easymodezzzzz
|player|p1
|-message|easymodezzzzz lost due to inactivity.
|
|win|Rapidashite
|raw|Ladder updating...
|raw|easymodezzzzz's rating: 1371 &rarr; <strong>1354<\/strong><br \/>(-17 for losing)
|raw|Rapidashite's rating: 1415 &rarr; <strong>1433<\/strong><br \/>(+18 for winning)