|join|Rapidashite
|join|Drummy
|player|p1|Rapidashite|154
|player|p2|Drummy|289
|gametype|singles
|gen|6
|tier|OU
|rated
|clearpoke
|poke|p1|Sableye, M
|poke|p1|Excadrill, F
|poke|p1|Manaphy
|poke|p1|Gliscor, M
|poke|p1|Talonflame, F
|poke|p1|Clefable, F
|poke|p2|Magnezone
|poke|p2|Talonflame, F
|poke|p2|Diancie
|poke|p2|Starmie
|poke|p2|Landorus-Therian, M
|poke|p2|Kyurem-Black
|rule|Swagger Clause: Swagger is banned
|rule|Baton Pass Clause: Limit one PokÃ©mon knowing Baton Pass
|rule|Sleep Clause Mod: Limit one foe put to sleep
|rule|Species Clause: Limit one of each PokÃ©mon
|rule|OHKO Clause: OHKO moves are banned
|rule|Moody Clause: Moody is banned
|rule|Evasion Moves Clause: Evasion moves are banned
|rule|Endless Battle Clause: Forcing endless battles is banned
|rule|HP Percentage Mod: HP is shown in percentages
|teampreview
|join|Like me 2
|join|MVDW
|
|start
|switch|p1a: Gertrude|Manaphy|401\/401
|switch|p2a: Diancie|Diancie|241\/241
|turn|1
|
|detailschange|p2a: Diancie|Diancie-Mega
|-mega|p2a: Diancie|Diancie|Diancite
|move|p1a: Gertrude|U-turn|p2a: Diancie
|-crit|p2a: Diancie
|-resisted|p2a: Diancie
|-damage|p2a: Diancie|204\/241
|
|switch|p1a: Douglas|Excadrill, F|424\/424
|-ability|p1a: Douglas|Mold Breaker
|move|p2a: Diancie|Moonblast|p1a: Douglas
|-resisted|p1a: Douglas
|-damage|p1a: Douglas|331\/424
|-unboost|p1a: Douglas|spa|1
|
|-heal|p1a: Douglas|357\/424|[from] item: Leftovers
|turn|2
|
|switch|p1a: Gertrude|Manaphy|401\/401
|move|p2a: Diancie|Protect|p2a: Diancie
|-fail|p2a: Diancie
|
|turn|3
|
|move|p2a: Diancie|Protect|p2a: Diancie
|-singleturn|p2a: Diancie|Protect
|move|p1a: Gertrude|Scald|p2a: Diancie
|-activate|p2a: Diancie|Protect
|
|turn|4
|
|switch|p2a: Starmie|Starmie|261\/261
|move|p1a: Gertrude|Scald|p2a: Starmie
|-resisted|p2a: Starmie
|-damage|p2a: Starmie|207\/261
|
|turn|5
|
|move|p2a: Starmie|Scald|p1a: Gertrude
|-resisted|p1a: Gertrude
|-damage|p1a: Gertrude|359\/401
|-status|p1a: Gertrude|brn
|move|p1a: Gertrude|U-turn|p2a: Starmie
|-crit|p2a: Starmie
|-supereffective|p2a: Starmie
|-damage|p2a: Starmie|127\/261
|
|switch|p1a: Hubert|Talonflame, F|345\/345
|
|turn|6
|c|âRapidashite|bb range?
|
|switch|p2a: Landorus-Therian|Landorus-Therian, M|382\/382
|-ability|p2a: Landorus-Therian|Intimidate|[of] p1a: Hubert
|-unboost|p1a: Hubert|atk|1
|move|p1a: Hubert|Will-O-Wisp|p2a: Landorus-Therian
|-status|p2a: Landorus-Therian|brn
|
|-damage|p2a: Landorus-Therian|335\/382 brn|[from] brn
|turn|7
|c| Like me 2|https:\/\/www.youtube.com\/watch?v=9K-T6h84F7k
|c|âRapidashite|lol
|c| Like me 2|man listen it's the best music ever
|
|switch|p1a: Sebastian|Sableye, M|303\/303
|move|p2a: Landorus-Therian|Stealth Rock|p1a: Sebastian
|-sidestart|p1: Rapidashite|move: Stealth Rock
|
|-heal|p2a: Landorus-Therian|358\/382 brn|[from] item: Leftovers
|-damage|p2a: Landorus-Therian|311\/382 brn|[from] brn
|turn|8
|
|detailschange|p1a: Sebastian|Sableye-Mega, M
|-mega|p1a: Sebastian|Sableye|Sablenite
|move|p1a: Sebastian|Will-O-Wisp|p2a: Landorus-Therian
|-fail|p2a: Landorus-Therian|brn
|move|p2a: Landorus-Therian|Toxic|p1a: Sebastian
|move|p1a: Sebastian|Toxic|p2a: Landorus-Therian|[from]Magic Bounce
|-fail|p2a: Landorus-Therian
|
|-heal|p2a: Landorus-Therian|334\/382 brn|[from] item: Leftovers
|-damage|p2a: Landorus-Therian|287\/382 brn|[from] brn
|turn|9
|
|move|p2a: Landorus-Therian|U-turn|p1a: Sebastian
|-damage|p1a: Sebastian|271\/303
|
|switch|p2a: Talonflame|Talonflame, F|297\/297
|move|p1a: Sebastian|Knock Off|p2a: Talonflame
|-damage|p2a: Talonflame|176\/297
|-enditem|p2a: Talonflame|Choice Band|[from] move: Knock Off|[of] p1a: Sebastian
|
|turn|10
|
|move|p2a: Talonflame|U-turn|p1a: Sebastian
|-damage|p1a: Sebastian|215\/303
|
|switch|p2a: Diancie|Diancie-Mega|204\/241
|move|p1a: Sebastian|Foul Play|p2a: Diancie
|-resisted|p2a: Diancie
|-damage|p2a: Diancie|124\/241
|
|turn|11
|
|switch|p1a: Douglas|Excadrill, F|357\/424
|-damage|p1a: Douglas|344\/424|[from] Stealth Rock
|-ability|p1a: Douglas|Mold Breaker
|move|p2a: Diancie|Moonblast|p1a: Douglas
|-resisted|p1a: Douglas
|-damage|p1a: Douglas|259\/424
|
|-heal|p1a: Douglas|285\/424|[from] item: Leftovers
|turn|12
|
|move|p2a: Diancie|Earth Power|p1a: Douglas
|-supereffective|p1a: Douglas
|-damage|p1a: Douglas|53\/424
|-unboost|p1a: Douglas|spd|1
|move|p1a: Douglas|Rapid Spin|p2a: Diancie
|-resisted|p2a: Diancie
|-damage|p2a: Diancie|114\/241
|-sideend|p1: Rapidashite|Stealth Rock|[from] move: Rapid Spin|[of] p1a: Douglas
|
|-heal|p1a: Douglas|79\/424|[from] item: Leftovers
|turn|13
|
|switch|p1a: Gertrude|Manaphy|359\/401 brn
|move|p2a: Diancie|Moonblast|p1a: Gertrude
|-damage|p1a: Gertrude|224\/401 brn
|
|-heal|p1a: Gertrude|249\/401 brn|[from] item: Leftovers
|-damage|p1a: Gertrude|199\/401 brn|[from] brn
|turn|14
|
|move|p2a: Diancie|Protect|p2a: Diancie
|-singleturn|p2a: Diancie|Protect
|move|p1a: Gertrude|Rain Dance|p1a: Gertrude
|-weather|RainDance
|
|-weather|RainDance|[upkeep]
|-curestatus|p1a: Gertrude|brn
|-heal|p1a: Gertrude|224\/401|[from] item: Leftovers
|turn|15
|
|switch|p2a: Magnezone|Magnezone|281\/281
|move|p1a: Gertrude|Scald|p2a: Magnezone
|-damage|p2a: Magnezone|118\/281
|
|-weather|RainDance|[upkeep]
|-heal|p1a: Gertrude|249\/401|[from] item: Leftovers
|turn|16
|
|switch|p2a: Starmie|Starmie|127\/261
|switch|p1a: Maurice|Gliscor, M|353\/353
|
|-weather|RainDance|[upkeep]
|-status|p1a: Maurice|tox|[from] item: Toxic Orb
|turn|17
|
|move|p2a: Starmie|Scald|p1a: Maurice
|-supereffective|p1a: Maurice
|-damage|p1a: Maurice|0 fnt
|faint|p1a: Maurice
|
|-weather|RainDance|[upkeep]
|
|switch|p1a: Gertrude|Manaphy|249\/401
|turn|18
|
|move|p2a: Starmie|Psychic|p1a: Gertrude
|-crit|p1a: Gertrude
|-damage|p1a: Gertrude|95\/401
|move|p1a: Gertrude|U-turn|p2a: Starmie
|-supereffective|p2a: Starmie
|-damage|p2a: Starmie|21\/261
|c|âRapidashite|smh
|
|switch|p1a: Hubert|Talonflame, F|345\/345
|
|-weather|none
|turn|19
|
|move|p1a: Hubert|Brave Bird|p2a: Starmie
|-damage|p2a: Starmie|0 fnt
|-damage|p1a: Hubert|338\/345|[from] recoil|[of] p2a: Starmie
|faint|p2a: Starmie
|
|-heal|p1a: Hubert|345\/345|[from] item: Leftovers
|
|switch|p2a: Diancie|Diancie-Mega|114\/241
|turn|20
|c| Like me 2|ce soir je sors sans mon sexe (8)
|
|move|p1a: Hubert|Brave Bird|p2a: Diancie
|-resisted|p2a: Diancie
|-damage|p2a: Diancie|30\/241
|-damage|p1a: Hubert|317\/345|[from] recoil|[of] p2a: Diancie
|move|p2a: Diancie|Diamond Storm|p1a: Hubert
|-supereffective|p1a: Hubert
|-damage|p1a: Hubert|0 fnt
|-boost|p2a: Diancie|def|1
|faint|p1a: Hubert
|
|
|switch|p1a: Gertrude|Manaphy|95\/401
|turn|21
|
|move|p2a: Diancie|Moonblast|p1a: Gertrude
|-damage|p1a: Gertrude|0 fnt
|faint|p1a: Gertrude
|
|
|switch|p1a: Clarence|Clefable, F|393\/393
|turn|22
|c| Like me 2|gg sac your win con rapidashite (y)
|
|move|p2a: Diancie|Moonblast|p1a: Clarence
|-damage|p1a: Clarence|218\/393
|move|p1a: Clarence|Calm Mind|p1a: Clarence
|-boost|p1a: Clarence|spa|1
|-boost|p1a: Clarence|spd|1
|
|-heal|p1a: Clarence|242\/393|[from] item: Leftovers
|turn|23
|
|move|p2a: Diancie|Diamond Storm|p1a: Clarence
|-damage|p1a: Clarence|67\/393
|move|p1a: Clarence|Moonlight|p1a: Clarence
|-heal|p1a: Clarence|263\/393
|
|-heal|p1a: Clarence|287\/393|[from] item: Leftovers
|turn|24
|
|move|p2a: Diancie|Moonblast|p1a: Clarence
|-damage|p1a: Clarence|172\/393
|move|p1a: Clarence|Moonlight|p1a: Clarence
|-heal|p1a: Clarence|368\/393
|
|-heal|p1a: Clarence|392\/393|[from] item: Leftovers
|turn|25
|
|move|p2a: Diancie|Diamond Storm|p1a: Clarence
|-damage|p1a: Clarence|217\/393
|-boost|p2a: Diancie|def|1
|move|p1a: Clarence|Calm Mind|p1a: Clarence
|-boost|p1a: Clarence|spa|1
|-boost|p1a: Clarence|spd|1
|
|-heal|p1a: Clarence|241\/393|[from] item: Leftovers
|turn|26
|
|move|p2a: Diancie|Diamond Storm|p1a: Clarence
|-damage|p1a: Clarence|70\/393
|move|p1a: Clarence|Moonlight|p1a: Clarence
|-heal|p1a: Clarence|266\/393
|
|-heal|p1a: Clarence|290\/393|[from] item: Leftovers
|turn|27
|
|move|p2a: Diancie|Diamond Storm|p1a: Clarence
|-damage|p1a: Clarence|119\/393
|move|p1a: Clarence|Moonlight|p1a: Clarence
|-heal|p1a: Clarence|315\/393
|
|-heal|p1a: Clarence|339\/393|[from] item: Leftovers
|turn|28
|
|move|p2a: Diancie|Moonblast|p1a: Clarence
|-damage|p1a: Clarence|243\/393
|move|p1a: Clarence|Calm Mind|p1a: Clarence
|-boost|p1a: Clarence|spa|1
|-boost|p1a: Clarence|spd|1
|
|-heal|p1a: Clarence|267\/393|[from] item: Leftovers
|turn|29
|
|move|p2a: Diancie|Moonblast|p1a: Clarence
|-damage|p1a: Clarence|192\/393
|move|p1a: Clarence|Moonlight|p1a: Clarence
|-heal|p1a: Clarence|388\/393
|
|-heal|p1a: Clarence|393\/393|[from] item: Leftovers
|turn|30
|
|move|p2a: Diancie|Moonblast|p1a: Clarence
|-damage|p1a: Clarence|317\/393
|move|p1a: Clarence|Moonblast|p2a: Diancie
|-damage|p2a: Diancie|0 fnt
|faint|p2a: Diancie
|
|-heal|p1a: Clarence|341\/393|[from] item: Leftovers
|
|switch|p2a: Magnezone|Magnezone|118\/281
|turn|31
|
|move|p2a: Magnezone|Flash Cannon|p1a: Clarence
|-supereffective|p1a: Clarence
|-damage|p1a: Clarence|237\/393
|move|p1a: Clarence|Moonblast|p2a: Magnezone
|-resisted|p2a: Magnezone
|-damage|p2a: Magnezone|0 fnt
|faint|p2a: Magnezone
|
|-heal|p1a: Clarence|261\/393|[from] item: Leftovers
|
|switch|p2a: Kyurem-Black|Kyurem-Black|391\/391
|-ability|p2a: Kyurem-Black|Teravolt
|turn|32
|
|move|p2a: Kyurem-Black|Fusion Bolt|p1a: Clarence
|-damage|p1a: Clarence|114\/393
|move|p1a: Clarence|Moonlight|p1a: Clarence
|-heal|p1a: Clarence|310\/393
|
|-heal|p1a: Clarence|334\/393|[from] item: Leftovers
|turn|33
|c|âDrummy|not gg
|c|âDrummy|play counter team fucking clefable
|-message|Drummy forfeited.
|leave|Drummy
|
|win|Rapidashite
|raw|Ladder updating...
|c|âRapidashite|i don't get why you're not just destroying me with tflame?
|player|p2
|raw|Rapidashite's rating: 1586 &rarr; <strong>1604<\/strong><br \/>(+18 for winning)
|raw|Drummy's rating: 1546 &rarr; <strong>1529<\/strong><br \/>(-17 for losing)
|c|âRapidashite|wtf
|c|âRapidashite|weird
|leave|Like me 2
|leave|MVDW