|join|Rapidashite
|join|Fablus
|player|p1|Rapidashite|154
|player|p2|Fablus|1
|gametype|singles
|gen|6
|tier|OU
|rated
|clearpoke
|poke|p1|Sableye, F
|poke|p1|Excadrill, F
|poke|p1|Manaphy
|poke|p1|Gliscor, F
|poke|p1|Talonflame, M
|poke|p1|Clefable, M
|poke|p2|Lopunny, M
|poke|p2|Raikou
|poke|p2|Landorus, M
|poke|p2|Ferrothorn, M
|poke|p2|Talonflame, F
|poke|p2|Latias, F
|rule|Swagger Clause: Swagger is banned
|rule|Baton Pass Clause: Limit one PokÃ©mon knowing Baton Pass
|rule|Sleep Clause Mod: Limit one foe put to sleep
|rule|Species Clause: Limit one of each PokÃ©mon
|rule|OHKO Clause: OHKO moves are banned
|rule|Moody Clause: Moody is banned
|rule|Evasion Moves Clause: Evasion moves are banned
|rule|Endless Battle Clause: Forcing endless battles is banned
|rule|HP Percentage Mod: HP is shown in percentages
|teampreview
|
|start
|switch|p1a: Sebastian|Sableye, F|303\/303
|switch|p2a: Landorus|Landorus, M|320\/320
|turn|1
|c|âRapidashite|yay, it isn't lagging
|c|âFablus|yay
|
|detailschange|p1a: Sebastian|Sableye-Mega, F
|-mega|p1a: Sebastian|Sableye|Sablenite
|move|p2a: Landorus|Earth Power|p1a: Sebastian
|-damage|p1a: Sebastian|147\/303
|move|p1a: Sebastian|Knock Off|p2a: Landorus
|-damage|p2a: Landorus|209\/320
|-enditem|p2a: Landorus|Life Orb|[from] move: Knock Off|[of] p1a: Sebastian
|
|turn|2
|
|switch|p2a: Lopunny|Lopunny, M|271\/271
|move|p1a: Sebastian|Recover|p1a: Sebastian
|-heal|p1a: Sebastian|299\/303
|
|turn|3
|
|switch|p1a: Maurice|Gliscor, F|353\/353
|detailschange|p2a: Lopunny|Lopunny-Mega, M
|-mega|p2a: Lopunny|Lopunny|Lopunnite
|move|p2a: Lopunny|Fake Out|p1a: Maurice
|-damage|p1a: Maurice|310\/353
|
|-status|p1a: Maurice|tox|[from] item: Toxic Orb
|turn|4
|
|switch|p1a: Gertrude|Manaphy|401\/401
|move|p2a: Lopunny|Ice Punch|p1a: Gertrude
|-resisted|p1a: Gertrude
|-damage|p1a: Gertrude|358\/401
|
|-heal|p1a: Gertrude|383\/401|[from] item: Leftovers
|turn|5
|
|switch|p2a: Ferrothorn|Ferrothorn, M|352\/352
|move|p1a: Gertrude|Scald|p2a: Ferrothorn
|-resisted|p2a: Ferrothorn
|-damage|p2a: Ferrothorn|310\/352
|-status|p2a: Ferrothorn|brn
|
|-heal|p1a: Gertrude|401\/401|[from] item: Leftovers
|-heal|p2a: Ferrothorn|332\/352 brn|[from] item: Leftovers
|-damage|p2a: Ferrothorn|288\/352 brn|[from] brn
|turn|6
|
|switch|p1a: Sebastian|Sableye-Mega, F|299\/303
|move|p2a: Ferrothorn|Leech Seed|p1a: Sebastian
|move|p1a: Sebastian|Leech Seed|p2a: Ferrothorn|[from]Magic Bounce
|-immune|p2a: Ferrothorn|[msg]
|
|-heal|p2a: Ferrothorn|310\/352 brn|[from] item: Leftovers
|-damage|p2a: Ferrothorn|266\/352 brn|[from] brn
|turn|7
|
|switch|p2a: Talonflame|Talonflame, F|327\/327
|move|p1a: Sebastian|Will-O-Wisp|p2a: Talonflame
|-fail|p2a: Talonflame
|
|turn|8
|
|move|p2a: Talonflame|Swords Dance|p2a: Talonflame
|-boost|p2a: Talonflame|atk|2
|move|p1a: Sebastian|Foul Play|p2a: Talonflame
|-damage|p2a: Talonflame|0 fnt
|faint|p2a: Talonflame
|
|c|âRapidashite|rekt
|
|switch|p2a: Lopunny|Lopunny-Mega, M|271\/271
|turn|9
|
|move|p2a: Lopunny|Ice Punch|p1a: Sebastian
|-damage|p1a: Sebastian|219\/303
|move|p1a: Sebastian|Will-O-Wisp|p2a: Lopunny|[miss]
|-miss|p1a: Sebastian|p2a: Lopunny
|
|turn|10
|c|âRapidashite|rekt
|c|âRapidashite|oh, what
|c|âRapidashite|lucky you just weren't rekt there
|c|âRapidashite|i swear down
|
|switch|p1a: Hubert|Talonflame, M|345\/345
|move|p2a: Lopunny|High Jump Kick|p1a: Hubert
|-resisted|p1a: Hubert
|-damage|p1a: Hubert|186\/345
|
|-heal|p1a: Hubert|207\/345|[from] item: Leftovers
|turn|11
|
|switch|p2a: Ferrothorn|Ferrothorn, M|266\/352 brn
|move|p1a: Hubert|Brave Bird|p2a: Ferrothorn
|-damage|p2a: Ferrothorn|151\/352 brn
|-damage|p1a: Hubert|164\/345|[from] ability: Iron Barbs|[of] p2a: Ferrothorn
|-damage|p1a: Hubert|126\/345|[from] recoil|[of] p2a: Ferrothorn
|
|-heal|p1a: Hubert|147\/345|[from] item: Leftovers
|-heal|p2a: Ferrothorn|173\/352 brn|[from] item: Leftovers
|-damage|p2a: Ferrothorn|129\/352 brn|[from] brn
|turn|12
|
|move|p1a: Hubert|Taunt|p2a: Ferrothorn
|-start|p2a: Ferrothorn|move: Taunt
|cant|p2a: Ferrothorn|move: Taunt|Stealth Rock
|
|-heal|p1a: Hubert|168\/345|[from] item: Leftovers
|-heal|p2a: Ferrothorn|151\/352 brn|[from] item: Leftovers
|-damage|p2a: Ferrothorn|107\/352 brn|[from] brn
|turn|13
|c|âRapidashite|should have bunced that right back
|
|move|p1a: Hubert|Roost|p1a: Hubert
|-heal|p1a: Hubert|341\/345
|move|p2a: Ferrothorn|Gyro Ball|p1a: Hubert
|-resisted|p1a: Hubert
|-damage|p1a: Hubert|281\/345
|
|-heal|p1a: Hubert|302\/345|[from] item: Leftovers
|-heal|p2a: Ferrothorn|129\/352 brn|[from] item: Leftovers
|-damage|p2a: Ferrothorn|85\/352 brn|[from] brn
|turn|14
|
|move|p1a: Hubert|Roost|p1a: Hubert
|-heal|p1a: Hubert|345\/345
|move|p2a: Ferrothorn|Gyro Ball|p1a: Hubert
|-resisted|p1a: Hubert
|-damage|p1a: Hubert|291\/345
|
|-heal|p1a: Hubert|312\/345|[from] item: Leftovers
|-heal|p2a: Ferrothorn|107\/352 brn|[from] item: Leftovers
|-damage|p2a: Ferrothorn|63\/352 brn|[from] brn
|-end|p2a: Ferrothorn|move: Taunt
|turn|15
|
|move|p1a: Hubert|Taunt|p2a: Ferrothorn
|-start|p2a: Ferrothorn|move: Taunt
|move|p2a: Ferrothorn|Gyro Ball|p1a: Hubert
|-resisted|p1a: Hubert
|-damage|p1a: Hubert|252\/345
|
|-heal|p1a: Hubert|273\/345|[from] item: Leftovers
|-heal|p2a: Ferrothorn|85\/352 brn|[from] item: Leftovers
|-damage|p2a: Ferrothorn|41\/352 brn|[from] brn
|turn|16
|
|move|p1a: Hubert|Will-O-Wisp|p2a: Ferrothorn
|-fail|p2a: Ferrothorn|brn
|move|p2a: Ferrothorn|Gyro Ball|p1a: Hubert
|-resisted|p1a: Hubert
|-damage|p1a: Hubert|215\/345
|
|-heal|p1a: Hubert|236\/345|[from] item: Leftovers
|-heal|p2a: Ferrothorn|63\/352 brn|[from] item: Leftovers
|-damage|p2a: Ferrothorn|19\/352 brn|[from] brn
|turn|17
|
|move|p1a: Hubert|Roost|p1a: Hubert
|-heal|p1a: Hubert|345\/345
|move|p2a: Ferrothorn|Gyro Ball|p1a: Hubert
|-resisted|p1a: Hubert
|-damage|p1a: Hubert|288\/345
|
|-heal|p1a: Hubert|309\/345|[from] item: Leftovers
|-heal|p2a: Ferrothorn|41\/352 brn|[from] item: Leftovers
|-damage|p2a: Ferrothorn|0 fnt|[from] brn
|faint|p2a: Ferrothorn
|
|switch|p2a: Raikou|Raikou|321\/321
|-ability|p2a: Raikou|Pressure
|turn|18
|
|switch|p2a: Landorus|Landorus, M|209\/320
|switch|p1a: Sebastian|Sableye-Mega, F|219\/303
|
|turn|19
|
|move|p2a: Landorus|Earth Power|p1a: Sebastian
|-damage|p1a: Sebastian|102\/303
|move|p1a: Sebastian|Recover|p1a: Sebastian
|-heal|p1a: Sebastian|254\/303
|
|turn|20
|
|move|p2a: Landorus|Earth Power|p1a: Sebastian
|-damage|p1a: Sebastian|127\/303
|move|p1a: Sebastian|Will-O-Wisp|p2a: Landorus
|-status|p2a: Landorus|brn
|
|-damage|p2a: Landorus|169\/320 brn|[from] brn
|turn|21
|
|move|p2a: Landorus|Earth Power|p1a: Sebastian
|-crit|p1a: Sebastian
|-damage|p1a: Sebastian|0 fnt
|faint|p1a: Sebastian
|
|-damage|p2a: Landorus|129\/320 brn|[from] brn
|c|âRapidashite|wtf
|c|âRapidashite|Is this real life?
|
|switch|p1a: Gertrude|Manaphy|401\/401
|turn|22
|
|switch|p2a: Raikou|Raikou|321\/321
|-ability|p2a: Raikou|Pressure
|move|p1a: Gertrude|U-turn|p2a: Raikou
|-damage|p2a: Raikou|260\/321
|
|switch|p1a: Douglas|Excadrill, F|424\/424
|-ability|p1a: Douglas|Mold Breaker
|
|-heal|p2a: Raikou|280\/321|[from] item: Leftovers
|turn|23
|
|switch|p2a: Landorus|Landorus, M|129\/320 brn
|move|p1a: Douglas|Iron Head|p2a: Landorus
|-damage|p2a: Landorus|0 fnt
|faint|p2a: Landorus
|
|
|switch|p2a: Lopunny|Lopunny-Mega, M|271\/271
|turn|24
|c|âRapidashite|this should be a 6-0er
|c|âRapidashite|lopunny should be burnt
|c|âRapidashite|sableye should be alive and kickin'
|c|âRapidashite|but nope
|
|switch|p1a: Clarence|Clefable, M|393\/393
|move|p2a: Lopunny|Return|p1a: Clarence
|-damage|p1a: Clarence|189\/393
|
|-heal|p1a: Clarence|213\/393|[from] item: Leftovers
|turn|25
|c|âFablus|pekemen
|
|move|p2a: Lopunny|Return|p1a: Clarence
|-damage|p1a: Clarence|9\/393
|move|p1a: Clarence|Moonblast|p2a: Lopunny
|-supereffective|p2a: Lopunny
|-damage|p2a: Lopunny|43\/271
|
|-heal|p1a: Clarence|33\/393|[from] item: Leftovers
|turn|26
|
|move|p2a: Lopunny|Return|p1a: Clarence
|-damage|p1a: Clarence|0 fnt
|faint|p1a: Clarence
|
|
|switch|p1a: Hubert|Talonflame, M|309\/345
|turn|27
|
|switch|p2a: Raikou|Raikou|280\/321
|-ability|p2a: Raikou|Pressure
|move|p1a: Hubert|Brave Bird|p2a: Raikou
|-resisted|p2a: Raikou
|-damage|p2a: Raikou|169\/321
|-damage|p1a: Hubert|272\/345|[from] recoil|[of] p2a: Raikou
|
|-heal|p2a: Raikou|189\/321|[from] item: Leftovers
|-heal|p1a: Hubert|293\/345|[from] item: Leftovers
|turn|28
|
|switch|p1a: Douglas|Excadrill, F|424\/424
|-ability|p1a: Douglas|Mold Breaker
|move|p2a: Raikou|Thunderbolt|p1a: Douglas
|-immune|p1a: Douglas|[msg]
|
|-heal|p2a: Raikou|209\/321|[from] item: Leftovers
|turn|29
|
|move|p2a: Raikou|Shadow Ball|p1a: Douglas
|-damage|p1a: Douglas|334\/424
|move|p1a: Douglas|Earthquake|p2a: Raikou
|-supereffective|p2a: Raikou
|-damage|p2a: Raikou|0 fnt
|faint|p2a: Raikou
|
|-heal|p1a: Douglas|360\/424|[from] item: Leftovers
|
|switch|p2a: Latias|Latias, F|301\/301
|turn|30
|
|move|p2a: Latias|Draco Meteor|p1a: Douglas
|-resisted|p1a: Douglas
|-damage|p1a: Douglas|238\/424
|-unboost|p2a: Latias|spa|2
|-damage|p2a: Latias|271\/301|[from] item: Life Orb
|move|p1a: Douglas|Iron Head|p2a: Latias
|-damage|p2a: Latias|144\/301
|
|-heal|p1a: Douglas|264\/424|[from] item: Leftovers
|turn|31
|
|move|p2a: Latias|Healing Wish|p2a: Latias
|faint|p2a: Latias
|move|p1a: Douglas|Earthquake|p2: Latias|[notarget]
|-notarget
|
|-heal|p1a: Douglas|290\/424|[from] item: Leftovers
|c|âRapidashite|i just gotta sack exca
|c|âRapidashite|then maybe manaphy
|c|âRapidashite|then it's ova
|
|switch|p2a: Lopunny|Lopunny-Mega, M|43\/271
|-heal|p2a: Lopunny|271\/271|[from] move: Healing Wish
|turn|32
|
|move|p2a: Lopunny|High Jump Kick|p1a: Douglas
|-supereffective|p1a: Douglas
|-damage|p1a: Douglas|0 fnt
|faint|p1a: Douglas
|
|
|switch|p1a: Gertrude|Manaphy|401\/401
|turn|33
|
|move|p2a: Lopunny|High Jump Kick|p1a: Gertrude
|-damage|p1a: Gertrude|169\/401
|move|p1a: Gertrude|Scald|p2a: Lopunny
|-damage|p2a: Lopunny|181\/271
|
|-heal|p1a: Gertrude|194\/401|[from] item: Leftovers
|turn|34
|
|move|p2a: Lopunny|High Jump Kick|p1a: Gertrude|[miss]
|-miss|p2a: Lopunny|p1a: Gertrude
|-damage|p2a: Lopunny|46\/271|[from] highjumpkick
|move|p1a: Gertrude|Scald|p2a: Lopunny
|-damage|p2a: Lopunny|0 fnt
|faint|p2a: Lopunny
|
|win|Rapidashite
|raw|Ladder updating...
|leave|Fablus
|player|p2
|raw|Rapidashite's rating: 1430 &rarr; <strong>1446<\/strong><br \/>(+16 for winning)
|raw|Fablus's rating: 1356 &rarr; <strong>1340<\/strong><br \/>(-16 for losing)