|join|Konyaata
|join|wars gaming
|player|p1|Konyaata|167
|player|p2|wars gaming|191
|gametype|singles
|gen|6
|tier|OU
|rated
|clearpoke
|poke|p1|Politoed, F, shiny
|poke|p1|Swampert, M, shiny
|poke|p1|Kingdra, F, shiny
|poke|p1|Manaphy
|poke|p1|Magnezone, shiny
|poke|p1|Scizor, M, shiny
|poke|p2|Azumarill, F, shiny
|poke|p2|Alakazam, M, shiny
|poke|p2|Hawlucha, F, shiny
|poke|p2|Diggersby, F, shiny
|poke|p2|Sceptile, M, shiny
|poke|p2|Rotom-Heat, shiny
|rule|Swagger Clause: Swagger is banned
|rule|Baton Pass Clause: Limit one PokÃ©mon knowing Baton Pass
|rule|Sleep Clause Mod: Limit one foe put to sleep
|rule|Species Clause: Limit one of each PokÃ©mon
|rule|OHKO Clause: OHKO moves are banned
|rule|Moody Clause: Moody is banned
|rule|Evasion Moves Clause: Evasion moves are banned
|rule|Endless Battle Clause: Forcing endless battles is banned
|rule|HP Percentage Mod: HP is shown in percentages
|teampreview
|
|start
|switch|p1a: Aliens|Magnezone, shiny|343\/343
|switch|p2a: diaman|Sceptile, M, shiny|282\/282
|-item|p1a: Aliens|Air Balloon
|turn|1
|
|detailschange|p2a: diaman|Sceptile-Mega, M, shiny
|-mega|p2a: diaman|Sceptile|Sceptilite
|move|p2a: diaman|Dragon Pulse|p1a: Aliens
|-resisted|p1a: Aliens
|-damage|p1a: Aliens|256\/343
|-enditem|p1a: Aliens|Air Balloon
|move|p1a: Aliens|Volt Switch|p2a: diaman
|-boost|p2a: diaman|spa|1|[from] ability: Lightning Rod
|
|turn|2
|
|move|p2a: diaman|Hidden Power|p1a: Aliens
|-supereffective|p1a: Aliens
|-damage|p1a: Aliens|0 fnt
|faint|p1a: Aliens
|
|
|switch|p1a: Make It Rain|Politoed, F, shiny|383\/383
|-weather|RainDance
|turn|3
|
|move|p2a: diaman|Giga Drain|p1a: Make It Rain
|-supereffective|p1a: Make It Rain
|-damage|p1a: Make It Rain|0 fnt
|faint|p1a: Make It Rain
|
|-weather|RainDance|[upkeep]
|
|switch|p1a: Hi Ho Silver|Kingdra, F, shiny|291\/291
|turn|4
|
|move|p1a: Hi Ho Silver|Draco Meteor|p2a: diaman
|-crit|p2a: diaman
|-supereffective|p2a: diaman
|-damage|p2a: diaman|0 fnt
|-unboost|p1a: Hi Ho Silver|spa|2
|-damage|p1a: Hi Ho Silver|262\/291|[from] item: Life Orb
|faint|p2a: diaman
|
|-weather|RainDance|[upkeep]
|
|switch|p2a: big eeg|Azumarill, F, shiny|403\/403
|turn|5
|
|switch|p1a: Not in my house|Scizor, M, shiny|344\/344
|move|p2a: big eeg|Superpower|p1a: Not in my house
|-damage|p1a: Not in my house|224\/344
|-unboost|p2a: big eeg|atk|1
|-unboost|p2a: big eeg|def|1
|
|-weather|RainDance|[upkeep]
|-heal|p1a: Not in my house|245\/344|[from] item: Leftovers
|turn|6
|
|switch|p2a: fournase|Rotom-Heat, shiny|303\/303
|move|p1a: Not in my house|Bullet Punch|p2a: fournase
|-resisted|p2a: fournase
|-damage|p2a: fournase|283\/303
|
|-weather|RainDance|[upkeep]
|-heal|p1a: Not in my house|266\/344|[from] item: Leftovers
|turn|7
|
|switch|p1a: Mei-chan|Manaphy|404\/404
|move|p2a: fournase|Thunderbolt|p1a: Mei-chan
|-supereffective|p1a: Mei-chan
|-damage|p1a: Mei-chan|164\/404
|
|-weather|RainDance|[upkeep]
|-heal|p1a: Mei-chan|189\/404|[from] item: Leftovers
|turn|8
|
|switch|p1a: Bic Boi v.2|Swampert, M, shiny|367\/367
|move|p2a: fournase|Thunderbolt|p1a: Bic Boi v.2
|-immune|p1a: Bic Boi v.2|[msg]
|
|-weather|RainDance|[upkeep]
|turn|9
|
|detailschange|p1a: Bic Boi v.2|Swampert-Mega, M, shiny
|-mega|p1a: Bic Boi v.2|Swampert|Swampertite
|move|p1a: Bic Boi v.2|Protect|p1a: Bic Boi v.2
|-singleturn|p1a: Bic Boi v.2|Protect
|move|p2a: fournase|Hidden Power|p1a: Bic Boi v.2
|-activate|p1a: Bic Boi v.2|Protect
|
|-weather|RainDance|[upkeep]
|turn|10
|
|switch|p2a: big eeg|Azumarill, F, shiny|403\/403
|move|p1a: Bic Boi v.2|Waterfall|p2a: big eeg
|-resisted|p2a: big eeg
|-damage|p2a: big eeg|237\/403
|
|-weather|none
|turn|11
|
|move|p1a: Bic Boi v.2|Earthquake|p2a: big eeg
|-damage|p2a: big eeg|0 fnt
|faint|p2a: big eeg
|
|
|switch|p2a: la couillere|Alakazam, M, shiny|251\/251
|turn|12
|
|switch|p1a: Mei-chan|Manaphy|189\/404
|move|p2a: la couillere|Psychic|p1a: Mei-chan
|-damage|p1a: Mei-chan|62\/404
|
|-heal|p1a: Mei-chan|87\/404|[from] item: Leftovers
|turn|13
|
|move|p2a: la couillere|Psychic|p1a: Mei-chan
|-damage|p1a: Mei-chan|0 fnt
|faint|p1a: Mei-chan
|
|
|switch|p1a: Not in my house|Scizor, M, shiny|266\/344
|turn|14
|
|move|p1a: Not in my house|Bullet Punch|p2a: la couillere
|-damage|p2a: la couillere|92\/251
|move|p2a: la couillere|Focus Blast|p1a: Not in my house
|-damage|p1a: Not in my house|83\/344
|
|-heal|p1a: Not in my house|104\/344|[from] item: Leftovers
|turn|15
|
|switch|p2a: fournase|Rotom-Heat, shiny|283\/303
|move|p1a: Not in my house|Roost|p1a: Not in my house
|-heal|p1a: Not in my house|276\/344
|
|-heal|p1a: Not in my house|297\/344|[from] item: Leftovers
|turn|16
|
|switch|p1a: Bic Boi v.2|Swampert-Mega, M, shiny|367\/367
|move|p2a: fournase|Overheat|p1a: Bic Boi v.2
|-resisted|p1a: Bic Boi v.2
|-damage|p1a: Bic Boi v.2|262\/367
|-unboost|p2a: fournase|spa|2
|
|turn|17
|
|switch|p2a: la couillere|Alakazam, M, shiny|92\/251
|move|p1a: Bic Boi v.2|Waterfall|p2a: la couillere
|-damage|p2a: la couillere|0 fnt
|faint|p2a: la couillere
|
|
|switch|p2a: Hawlucha|Hawlucha, F, shiny|298\/298
|turn|18
|
|move|p1a: Bic Boi v.2|Protect|p1a: Bic Boi v.2
|-singleturn|p1a: Bic Boi v.2|Protect
|move|p2a: Hawlucha|Sky Attack|p1a: Bic Boi v.2|[still]
|-prepare|p2a: Hawlucha|Sky Attack|p1a: Bic Boi v.2
|-enditem|p2a: Hawlucha|Power Herb
|-anim|p2a: Hawlucha|Sky Attack|p1a: Bic Boi v.2
|-activate|p1a: Bic Boi v.2|Protect
|
|turn|19
|
|switch|p1a: Not in my house|Scizor, M, shiny|297\/344
|move|p2a: Hawlucha|Acrobatics|p1a: Not in my house
|-damage|p1a: Not in my house|165\/344
|
|-heal|p1a: Not in my house|186\/344|[from] item: Leftovers
|turn|20
|
|move|p2a: Hawlucha|High Jump Kick|p1a: Not in my house
|-damage|p1a: Not in my house|44\/344
|move|p1a: Not in my house|Roost|p1a: Not in my house
|-heal|p1a: Not in my house|216\/344
|
|-heal|p1a: Not in my house|237\/344|[from] item: Leftovers
|turn|21
|
|move|p2a: Hawlucha|Swords Dance|p2a: Hawlucha
|-boost|p2a: Hawlucha|atk|2
|move|p1a: Not in my house|Roost|p1a: Not in my house
|-heal|p1a: Not in my house|344\/344
|
|turn|22
|
|move|p1a: Not in my house|Bullet Punch|p2a: Hawlucha
|-damage|p2a: Hawlucha|175\/298
|move|p2a: Hawlucha|High Jump Kick|p1a: Not in my house|[miss]
|-miss|p2a: Hawlucha|p1a: Not in my house
|-damage|p2a: Hawlucha|26\/298|[from] highjumpkick
|
|turn|23
|c|âwars gaming|non
|
|switch|p2a: fournase|Rotom-Heat, shiny|283\/303
|move|p1a: Not in my house|Bullet Punch|p2a: fournase
|-resisted|p2a: fournase
|-damage|p2a: fournase|264\/303
|
|turn|24
|c|âKonyaata|hi jump kick, such a double edged sword
|
|switch|p1a: Hi Ho Silver|Kingdra, F, shiny|262\/291
|move|p2a: fournase|Overheat|p1a: Hi Ho Silver
|-crit|p1a: Hi Ho Silver
|-resisted|p1a: Hi Ho Silver
|-damage|p1a: Hi Ho Silver|173\/291
|-unboost|p2a: fournase|spa|2
|
|turn|25
|
|move|p1a: Hi Ho Silver|Waterfall|p2a: fournase
|-supereffective|p2a: fournase
|-damage|p2a: fournase|0 fnt
|-damage|p1a: Hi Ho Silver|144\/291|[from] item: Life Orb
|faint|p2a: fournase
|
|
|switch|p2a: Hawlucha|Hawlucha, F, shiny|26\/298
|turn|26
|c|âwars gaming|gg
|
|move|p2a: Hawlucha|Acrobatics|p1a: Hi Ho Silver
|-damage|p1a: Hi Ho Silver|0 fnt
|faint|p1a: Hi Ho Silver
|
|
|switch|p1a: Bic Boi v.2|Swampert-Mega, M, shiny|262\/367
|turn|27
|
|move|p2a: Hawlucha|Acrobatics|p1a: Bic Boi v.2
|-damage|p1a: Bic Boi v.2|108\/367
|move|p1a: Bic Boi v.2|Waterfall|p2a: Hawlucha
|-damage|p2a: Hawlucha|0 fnt
|faint|p2a: Hawlucha
|
|
|switch|p2a: lappin grtin|Diggersby, F, shiny|312\/312
|turn|28
|
|move|p2a: lappin grtin|Earthquake|p1a: Bic Boi v.2
|-damage|p1a: Bic Boi v.2|0 fnt
|-damage|p2a: lappin grtin|281\/312|[from] item: Life Orb
|faint|p1a: Bic Boi v.2
|
|
|switch|p1a: Not in my house|Scizor, M, shiny|344\/344
|turn|29
|
|move|p2a: lappin grtin|Earthquake|p1a: Not in my house
|-damage|p1a: Not in my house|149\/344
|-damage|p2a: lappin grtin|250\/312|[from] item: Life Orb
|move|p1a: Not in my house|Swords Dance|p1a: Not in my house
|-boost|p1a: Not in my house|atk|2
|
|-heal|p1a: Not in my house|170\/344|[from] item: Leftovers
|turn|30
|
|move|p1a: Not in my house|Bullet Punch|p2a: lappin grtin
|-damage|p2a: lappin grtin|24\/312
|move|p2a: lappin grtin|Earthquake|p1a: Not in my house
|-damage|p1a: Not in my house|0 fnt
|-damage|p2a: lappin grtin|0 fnt|[from] item: Life Orb
|faint|p1a: Not in my house
|faint|p2a: lappin grtin
|
|win|wars gaming
|raw|Ladder updating...
|raw|Konyaata's rating: 1331 &rarr; <strong>1308<\/strong><br \/>(-23 for losing)
|raw|wars gaming's rating: 1291 &rarr; <strong>1319<\/strong><br \/>(+28 for winning)
|c|âwars gaming|gg
|c|âKonyaata|you won :D
|c|âKonyaata|gg