|join|Soren27
|join|hammering man
|player|p1|Soren27|2
|player|p2|hammering man|277
|gametype|singles
|gen|6
|tier|OU
|rated
|clearpoke
|poke|p1|Gliscor, M, shiny
|poke|p1|Latios, M
|poke|p1|Roserade, F, shiny
|poke|p1|Magnezone
|poke|p1|Jellicent, M
|poke|p1|Medicham, F, shiny
|poke|p2|Crawdaunt, F
|poke|p2|Zapdos
|poke|p2|Dragonite, M
|poke|p2|Sylveon, M
|poke|p2|Landorus, M
|poke|p2|Mawile, F
|rule|Swagger Clause: Swagger is banned
|rule|Baton Pass Clause: Limit one PokÃ©mon knowing Baton Pass
|rule|Sleep Clause Mod: Limit one foe put to sleep
|rule|Species Clause: Limit one of each PokÃ©mon
|rule|OHKO Clause: OHKO moves are banned
|rule|Moody Clause: Moody is banned
|rule|Evasion Moves Clause: Evasion moves are banned
|rule|Endless Battle Clause: Forcing endless battles is banned
|rule|HP Percentage Mod: HP is shown in percentages
|teampreview
|
|start
|switch|p1a: I'M BATMAN|Roserade, F, shiny|324\/324
|switch|p2a: Crawdaunt|Crawdaunt, F|267\/267
|turn|1
|
|switch|p2a: Landorus|Landorus, M|319\/319
|move|p1a: I'M BATMAN|Sleep Powder|p2a: Landorus
|-status|p2a: Landorus|slp
|
|turn|2
|
|switch|p2a: Zapdos|Zapdos|383\/383
|-ability|p2a: Zapdos|Pressure
|move|p1a: I'M BATMAN|Energy Ball|p2a: Zapdos
|-crit|p2a: Zapdos
|-resisted|p2a: Zapdos
|-damage|p2a: Zapdos|283\/383
|
|-heal|p2a: Zapdos|306\/383|[from] item: Leftovers
|turn|3
|
|move|p2a: Zapdos|Heat Wave|p1a: I'M BATMAN
|-miss|p2a: Zapdos|p1a: I'M BATMAN
|move|p1a: I'M BATMAN|Spikes|p2a: Zapdos
|-sidestart|p2: hammering man|Spikes
|
|-heal|p2a: Zapdos|329\/383|[from] item: Leftovers
|turn|4
|
|switch|p1a: xSPECSe|Latios, M|301\/301
|move|p2a: Zapdos|Defog|p1a: xSPECSe
|-unboost|p1a: xSPECSe|evasion|1
|-sideend|p2: hammering man|Spikes|[from] move: Defog|[of] p2a: Zapdos
|
|-heal|p2a: Zapdos|352\/383|[from] item: Leftovers
|turn|5
|
|switch|p2a: Sylveon|Sylveon, M|393\/393
|move|p1a: xSPECSe|Surf|p2a: Sylveon
|-damage|p2a: Sylveon|296\/393
|-damage|p1a: xSPECSe|271\/301|[from] item: Life Orb
|
|-heal|p2a: Sylveon|320\/393|[from] item: Leftovers
|turn|6
|
|switch|p1a: One-Eye Joe|Magnezone|324\/324
|move|p2a: Sylveon|Heal Bell|p2a: Sylveon
|-cureteam|p2a: Sylveon|[from] move: HealBell
|
|-heal|p2a: Sylveon|344\/393|[from] item: Leftovers
|turn|7
|
|move|p2a: Sylveon|Protect|p2a: Sylveon
|-singleturn|p2a: Sylveon|Protect
|move|p1a: One-Eye Joe|Flash Cannon|p2a: Sylveon
|-activate|p2a: Sylveon|Protect
|
|-heal|p2a: Sylveon|368\/393|[from] item: Leftovers
|turn|8
|
|switch|p1a: xSPECSe|Latios, M|271\/301
|switch|p2a: Zapdos|Zapdos|352\/383
|-ability|p2a: Zapdos|Pressure
|
|-heal|p2a: Zapdos|375\/383|[from] item: Leftovers
|turn|9
|
|switch|p2a: Sylveon|Sylveon, M|368\/393
|move|p1a: xSPECSe|Psyshock|p2a: Sylveon
|-damage|p2a: Sylveon|146\/393
|-damage|p1a: xSPECSe|241\/301|[from] item: Life Orb
|
|-heal|p2a: Sylveon|170\/393|[from] item: Leftovers
|turn|10
|
|move|p2a: Sylveon|Protect|p2a: Sylveon
|-singleturn|p2a: Sylveon|Protect
|move|p1a: xSPECSe|Draco Meteor|p2a: Sylveon
|-immune|p2a: Sylveon|[msg]
|
|-heal|p2a: Sylveon|194\/393|[from] item: Leftovers
|turn|11
|
|switch|p2a: Mawile|Mawile, F|281\/281
|-ability|p2a: Mawile|Intimidate|[of] p1a: xSPECSe
|-unboost|p1a: xSPECSe|atk|1
|move|p1a: xSPECSe|Psyshock|p2a: Mawile
|-resisted|p2a: Mawile
|-damage|p2a: Mawile|176\/281
|-damage|p1a: xSPECSe|211\/301|[from] item: Life Orb
|
|turn|12
|
|switch|p1a: The Count|Gliscor, M, shiny|354\/354
|detailschange|p2a: Mawile|Mawile-Mega, F
|message|Mawile has Mega Evolved into Mega Mawile!
|move|p2a: Mawile|Substitute|p2a: Mawile
|-start|p2a: Mawile|Substitute
|-damage|p2a: Mawile|106\/281
|
|-status|p1a: The Count|tox|[from] item: Toxic Orb
|turn|13
|
|move|p1a: The Count|Earthquake|p2a: Mawile
|-crit|p2a: Mawile
|-supereffective|p2a: Mawile
|-end|p2a: Mawile|Substitute
|move|p2a: Mawile|Play Rough|p1a: The Count
|-damage|p1a: The Count|177\/354 tox
|
|-heal|p1a: The Count|221\/354 tox|[from] ability: Poison Heal
|turn|14
|
|switch|p2a: Landorus|Landorus, M|319\/319
|move|p1a: The Count|Roost|p1a: The Count
|-heal|p1a: The Count|354\/354 tox
|
|turn|15
|
|switch|p1a: Squishy|Jellicent, M|404\/404
|move|p2a: Landorus|Hidden Power|p1a: Squishy
|-resisted|p1a: Squishy
|-damage|p1a: Squishy|365\/404
|-damage|p2a: Landorus|288\/319|[from] item: Life Orb
|
|-heal|p1a: Squishy|390\/404|[from] item: Leftovers
|turn|16
|
|switch|p2a: Sylveon|Sylveon, M|194\/393
|move|p1a: Squishy|Will-O-Wisp|p2a: Sylveon
|-status|p2a: Sylveon|brn
|
|-heal|p1a: Squishy|404\/404|[from] item: Leftovers
|-heal|p2a: Sylveon|218\/393 brn|[from] item: Leftovers
|-damage|p2a: Sylveon|169\/393 brn|[from] brn
|turn|17
|
|move|p1a: Squishy|Taunt|p2a: Sylveon
|-start|p2a: Sylveon|move: Taunt
|cant|p2a: Sylveon|move: Taunt|Wish
|
|-heal|p2a: Sylveon|193\/393 brn|[from] item: Leftovers
|-damage|p2a: Sylveon|144\/393 brn|[from] brn
|turn|18
|
|switch|p2a: Crawdaunt|Crawdaunt, F|267\/267
|move|p1a: Squishy|Will-O-Wisp|p2a: Crawdaunt
|-status|p2a: Crawdaunt|brn
|-enditem|p2a: Crawdaunt|Lum Berry|[eat]
|-curestatus|p2a: Crawdaunt|brn
|
|turn|19
|
|switch|p1a: The Count|Gliscor, M, shiny|354\/354 tox
|move|p2a: Crawdaunt|Knock Off|p1a: The Count
|-damage|p1a: The Count|210\/354 tox
|-enditem|p1a: The Count|Toxic Orb|[from] move: Knock Off|[of] p2a: Crawdaunt
|
|-heal|p1a: The Count|254\/354 tox|[from] ability: Poison Heal
|turn|20
|
|move|p1a: The Count|Roost|p1a: The Count
|-heal|p1a: The Count|354\/354 tox
|move|p2a: Crawdaunt|Waterfall|p1a: The Count
|-supereffective|p1a: The Count
|-damage|p1a: The Count|102\/354 tox
|
|-heal|p1a: The Count|146\/354 tox|[from] ability: Poison Heal
|turn|21
|
|switch|p1a: I'M BATMAN|Roserade, F, shiny|324\/324
|move|p2a: Crawdaunt|Waterfall|p1a: I'M BATMAN
|-resisted|p1a: I'M BATMAN
|-damage|p1a: I'M BATMAN|176\/324
|
|-heal|p1a: I'M BATMAN|196\/324|[from] item: Black Sludge
|turn|22
|
|switch|p2a: Zapdos|Zapdos|375\/383
|-ability|p2a: Zapdos|Pressure
|move|p1a: I'M BATMAN|Energy Ball|p2a: Zapdos
|-resisted|p2a: Zapdos
|-damage|p2a: Zapdos|301\/383
|
|-heal|p2a: Zapdos|324\/383|[from] item: Leftovers
|-heal|p1a: I'M BATMAN|216\/324|[from] item: Black Sludge
|turn|23
|
|move|p2a: Zapdos|Volt Switch|p1a: I'M BATMAN
|-resisted|p1a: I'M BATMAN
|-damage|p1a: I'M BATMAN|180\/324
|
|switch|p2a: Sylveon|Sylveon, M|144\/393 brn
|move|p1a: I'M BATMAN|Sleep Powder|p2a: Sylveon
|-fail|p2a: Sylveon
|
|-heal|p1a: I'M BATMAN|200\/324|[from] item: Black Sludge
|-heal|p2a: Sylveon|168\/393 brn|[from] item: Leftovers
|-damage|p2a: Sylveon|119\/393 brn|[from] brn
|turn|24
|
|switch|p1a: The Count|Gliscor, M, shiny|146\/354 tox
|move|p2a: Sylveon|Wish|p2a: Sylveon
|
|-heal|p2a: Sylveon|143\/393 brn|[from] item: Leftovers
|-heal|p1a: The Count|190\/354 tox|[from] ability: Poison Heal
|-damage|p2a: Sylveon|94\/393 brn|[from] brn
|turn|25
|
|move|p2a: Sylveon|Protect|p2a: Sylveon
|-singleturn|p2a: Sylveon|Protect
|move|p1a: The Count|Roost|p1a: The Count
|-heal|p1a: The Count|354\/354 tox
|
|-heal|p2a: Sylveon|290\/393 brn|[from] move: Wish|[wisher] Sylveon
|-heal|p2a: Sylveon|314\/393 brn|[from] item: Leftovers
|-damage|p2a: Sylveon|265\/393 brn|[from] brn
|turn|26
|
|move|p1a: The Count|Stealth Rock|p2a: Sylveon
|-sidestart|p2: hammering man|move: Stealth Rock
|move|p2a: Sylveon|Heal Bell|p2a: Sylveon
|-cureteam|p2a: Sylveon|[from] move: HealBell
|
|-heal|p2a: Sylveon|289\/393|[from] item: Leftovers
|turn|27
|
|move|p1a: The Count|Toxic|p2a: Sylveon
|-status|p2a: Sylveon|tox
|move|p2a: Sylveon|Wish|p2a: Sylveon
|
|-heal|p2a: Sylveon|313\/393 tox|[from] item: Leftovers
|-damage|p2a: Sylveon|289\/393 tox|[from] psn
|turn|28
|
|move|p1a: The Count|Earthquake|p2a: Sylveon
|-damage|p2a: Sylveon|147\/393 tox
|move|p2a: Sylveon|Heal Bell|p2a: Sylveon
|-cureteam|p2a: Sylveon|[from] move: HealBell
|
|-heal|p2a: Sylveon|343\/393|[from] move: Wish|[wisher] Sylveon
|-heal|p2a: Sylveon|367\/393|[from] item: Leftovers
|turn|29
|
|switch|p1a: I'M BATMAN|Roserade, F, shiny|200\/324
|move|p2a: Sylveon|Hyper Voice|p1a: I'M BATMAN
|-resisted|p1a: I'M BATMAN
|-damage|p1a: I'M BATMAN|143\/324
|
|-heal|p1a: I'M BATMAN|163\/324|[from] item: Black Sludge
|-heal|p2a: Sylveon|391\/393|[from] item: Leftovers
|turn|30
|
|move|p1a: I'M BATMAN|Sleep Powder|p2a: Sylveon
|-status|p2a: Sylveon|slp
|cant|p2a: Sylveon|slp
|
|-heal|p1a: I'M BATMAN|183\/324|[from] item: Black Sludge
|-heal|p2a: Sylveon|393\/393 slp|[from] item: Leftovers
|turn|31
|
|switch|p2a: Zapdos|Zapdos|324\/383
|-damage|p2a: Zapdos|229\/383|[from] Stealth Rock
|-ability|p2a: Zapdos|Pressure
|move|p1a: I'M BATMAN|Rest|p1a: I'M BATMAN
|-status|p1a: I'M BATMAN|slp
|-heal|p1a: I'M BATMAN|324\/324 slp|[silent]
|-status|p1a: I'M BATMAN|slp|[from] move: Rest
|
|-heal|p2a: Zapdos|252\/383|[from] item: Leftovers
|turn|32
|
|switch|p1a: xSPECSe|Latios, M|211\/301
|move|p2a: Zapdos|Defog|p1a: xSPECSe
|-unboost|p1a: xSPECSe|evasion|1
|-sideend|p2: hammering man|Stealth Rock|[from] move: Defog|[of] p2a: Zapdos
|
|-heal|p2a: Zapdos|275\/383|[from] item: Leftovers
|turn|33
|
|switch|p2a: Crawdaunt|Crawdaunt, F|267\/267
|move|p1a: xSPECSe|Draco Meteor|p2a: Crawdaunt|[miss]
|-miss|p1a: xSPECSe|p2a: Crawdaunt
|
|turn|34
|
|switch|p2a: Mawile|Mawile-Mega, F|106\/281
|move|p1a: xSPECSe|Draco Meteor|p2a: Mawile
|-immune|p2a: Mawile|[msg]
|
|turn|35
|
|switch|p1a: The Count|Gliscor, M, shiny|354\/354 tox
|move|p2a: Mawile|Play Rough|p1a: The Count
|-damage|p1a: The Count|179\/354 tox
|
|-heal|p1a: The Count|223\/354 tox|[from] ability: Poison Heal
|turn|36
|
|switch|p2a: Landorus|Landorus, M|288\/319
|move|p1a: The Count|Stealth Rock|p2a: Landorus
|-sidestart|p2: hammering man|move: Stealth Rock
|
|-heal|p1a: The Count|267\/354 tox|[from] ability: Poison Heal
|turn|37
|
|switch|p1a: Squishy|Jellicent, M|404\/404
|move|p2a: Landorus|Stealth Rock|p1a: Squishy
|-sidestart|p1: Soren27|move: Stealth Rock
|
|turn|38
|
|move|p2a: Landorus|Knock Off|p1a: Squishy
|-supereffective|p1a: Squishy
|-damage|p1a: Squishy|201\/404
|-enditem|p1a: Squishy|Leftovers|[from] move: Knock Off|[of] p2a: Landorus
|-damage|p2a: Landorus|257\/319|[from] item: Life Orb
|move|p1a: Squishy|Scald|p2a: Landorus
|-supereffective|p2a: Landorus
|-damage|p2a: Landorus|21\/319
|-status|p2a: Landorus|brn
|
|-damage|p2a: Landorus|0 fnt|[from] brn
|faint|p2a: Landorus
|
|switch|p2a: Crawdaunt|Crawdaunt, F|267\/267
|-damage|p2a: Crawdaunt|234\/267|[from] Stealth Rock
|turn|39
|
|move|p2a: Crawdaunt|Knock Off|p1a: Squishy
|-supereffective|p1a: Squishy
|-damage|p1a: Squishy|0 fnt
|faint|p1a: Squishy
|
|
|switch|p1a: Duck Face|Medicham, F, shiny|261\/261
|-damage|p1a: Duck Face|245\/261|[from] Stealth Rock
|turn|40
|
|detailschange|p1a: Duck Face|Medicham-Mega, F, shiny
|message|Medicham has Mega Evolved into Mega Medicham!
|move|p2a: Crawdaunt|Aqua Jet|p1a: Duck Face
|-damage|p1a: Duck Face|137\/261
|move|p1a: Duck Face|High Jump Kick|p2a: Crawdaunt
|-supereffective|p2a: Crawdaunt
|-damage|p2a: Crawdaunt|0 fnt
|faint|p2a: Crawdaunt
|
|
|switch|p2a: Zapdos|Zapdos|275\/383
|-damage|p2a: Zapdos|180\/383|[from] Stealth Rock
|-ability|p2a: Zapdos|Pressure
|turn|41
|
|move|p1a: Duck Face|Psycho Cut|p2a: Zapdos
|-damage|p2a: Zapdos|5\/383
|move|p2a: Zapdos|Roost|p2a: Zapdos
|-heal|p2a: Zapdos|197\/383
|
|-heal|p2a: Zapdos|220\/383|[from] item: Leftovers
|turn|42
|
|switch|p1a: One-Eye Joe|Magnezone|324\/324
|-damage|p1a: One-Eye Joe|304\/324|[from] Stealth Rock
|move|p2a: Zapdos|Roost|p2a: Zapdos
|-heal|p2a: Zapdos|383\/383
|
|turn|43
|
|move|p2a: Zapdos|Heat Wave|p1a: One-Eye Joe
|-supereffective|p1a: One-Eye Joe
|-damage|p1a: One-Eye Joe|110\/324
|move|p1a: One-Eye Joe|Thunderbolt|p2a: Zapdos
|-damage|p2a: Zapdos|32\/383
|
|-heal|p2a: Zapdos|55\/383|[from] item: Leftovers
|turn|44
|
|move|p2a: Zapdos|Heat Wave|p1a: One-Eye Joe
|-supereffective|p1a: One-Eye Joe
|-damage|p1a: One-Eye Joe|0 fnt
|faint|p1a: One-Eye Joe
|
|-heal|p2a: Zapdos|78\/383|[from] item: Leftovers
|
|switch|p1a: xSPECSe|Latios, M|211\/301
|-damage|p1a: xSPECSe|174\/301|[from] Stealth Rock
|turn|45
|
|move|p1a: xSPECSe|Surf|p2a: Zapdos
|-damage|p2a: Zapdos|0 fnt
|-damage|p1a: xSPECSe|144\/301|[from] item: Life Orb
|faint|p2a: Zapdos
|
|
|switch|p2a: Mawile|Mawile-Mega, F|106\/281
|-damage|p2a: Mawile|89\/281|[from] Stealth Rock
|turn|46
|
|switch|p1a: The Count|Gliscor, M, shiny|267\/354 tox
|-damage|p1a: The Count|223\/354 tox|[from] Stealth Rock
|move|p2a: Mawile|Sucker Punch|p1a: The Count
|-fail|p1a: The Count
|
|-heal|p1a: The Count|267\/354 tox|[from] ability: Poison Heal
|turn|47
|
|move|p2a: Mawile|Sucker Punch|p1a: The Count
|-damage|p1a: The Count|147\/354 tox
|move|p1a: The Count|Earthquake|p2a: Mawile
|-supereffective|p2a: Mawile
|-damage|p2a: Mawile|0 fnt
|faint|p2a: Mawile
|
|-heal|p1a: The Count|191\/354 tox|[from] ability: Poison Heal
|
|switch|p2a: Dragonite|Dragonite, M|323\/323
|-damage|p2a: Dragonite|243\/323|[from] Stealth Rock
|turn|48
|
|move|p2a: Dragonite|Extreme Speed|p1a: The Count
|-damage|p1a: The Count|88\/354 tox
|move|p1a: The Count|Toxic|p2a: Dragonite
|-status|p2a: Dragonite|tox
|
|-damage|p2a: Dragonite|223\/323 tox|[from] psn
|-heal|p1a: The Count|132\/354 tox|[from] ability: Poison Heal
|turn|49
|
|move|p2a: Dragonite|Extreme Speed|p1a: The Count
|-damage|p1a: The Count|37\/354 tox
|move|p1a: The Count|Roost|p1a: The Count
|-heal|p1a: The Count|214\/354 tox
|
|-damage|p2a: Dragonite|183\/323 tox|[from] psn
|-heal|p1a: The Count|258\/354 tox|[from] ability: Poison Heal
|turn|50
|-message|hammering man forfeited.
|
|win|Soren27
|raw|Ladder updating...
|leave|hammering man
|player|p2
|raw|Soren27's rating: 1614 &rarr; <strong>1636<\/strong><br \/>(+22 for winning)
|raw|hammering man's rating: 1642 &rarr; <strong>1620<\/strong><br \/>(-22 for losing)
|chat|Soren27|gg