|join|Hammering Man
|join|Ladder Test 69
|player|p1|Hammering Man|285
|player|p2|Ladder Test 69|292
|gametype|singles
|gen|6
|tier|OU (suspect test)
|rated
|clearpoke
|poke|p1|Toxicroak, F
|poke|p1|Manectric, F
|poke|p1|Mew
|poke|p1|Keldeo
|poke|p1|Landorus-Therian, M
|poke|p1|Klefki, M
|poke|p2|Politoed, F
|poke|p2|Ferrothorn, F
|poke|p2|Kingdra, F
|poke|p2|Swampert, F
|poke|p2|Gothitelle, M
|poke|p2|Kabutops, M
|rule|Swagger Clause: Swagger is banned
|rule|Baton Pass Clause: Limit one PokÃ©mon knowing Baton Pass
|rule|Sleep Clause Mod: Limit one foe put to sleep
|rule|Species Clause: Limit one of each PokÃ©mon
|rule|OHKO Clause: OHKO moves are banned
|rule|Moody Clause: Moody is banned
|rule|Evasion Moves Clause: Evasion moves are banned
|rule|Endless Battle Clause: Forcing endless battles is banned
|rule|HP Percentage Mod: HP is shown in percentages
|teampreview
|join|JelloPiranha
|join|Chupps
|join|LADYOUGOTBUMMED
|c|âLadder Test 69|fucking toxicroak .
|c| Chupps|rip nedor
|join|SporeTheAssassin
|
|start
|switch|p1a: Mew|Mew|403\/403
|switch|p2a: Swampert|Swampert, F|347\/347
|turn|1
|c|âLadder Test 69|welp
|join|Jensen Testin
|
|switch|p2a: Gothitelle|Gothitelle, M|301\/301
|move|p1a: Mew|Will-O-Wisp|p2a: Gothitelle
|-status|p2a: Gothitelle|brn
|
|-damage|p2a: Gothitelle|264\/301 brn|[from] brn
|turn|2
|c| Jensen Testin|rip rain
|
|move|p2a: Gothitelle|Trick|p1a: Mew
|-activate|p2a: Gothitelle|move: Trick|[of] p1a: Mew
|-item|p1a: Mew|Choice Scarf|[from] move: Trick
|-item|p2a: Gothitelle|Leftovers|[from] move: Trick
|move|p1a: Mew|Knock Off|p2a: Gothitelle
|-supereffective|p2a: Gothitelle
|-damage|p2a: Gothitelle|114\/301 brn
|-enditem|p2a: Gothitelle|Leftovers|[from] move: Knock Off|[of] p1a: Mew
|
|-damage|p2a: Gothitelle|77\/301 brn|[from] brn
|turn|3
|c| Chupps|rip mew
|c| Chupps|oh damn
|c| Chupps|nice and knock off
|c|âLadder Test 69|dw
|
|move|p1a: Mew|Knock Off|p2a: Gothitelle
|-crit|p2a: Gothitelle
|-supereffective|p2a: Gothitelle
|-damage|p2a: Gothitelle|0 fnt
|faint|p2a: Gothitelle
|
|leave|SporeTheAssassin
|c| Chupps|nice crit
|c| Chupps|rofl
|c|âLadder Test 69|:[
|c| Chupps|jk it didn't matter
|c|âLadder Test 69|ik
|
|switch|p2a: Swampert|Swampert, F|347\/347
|turn|4
|
|switch|p1a: Landorus-Therian|Landorus-Therian, M|381\/381
|-ability|p1a: Landorus-Therian|Intimidate|[of] p2a: Swampert
|-unboost|p2a: Swampert|atk|1
|detailschange|p2a: Swampert|Swampert-Mega, F
|-mega|p2a: Swampert|Swampert|Swampertite
|move|p2a: Swampert|Earthquake|p1a: Landorus-Therian
|-immune|p1a: Landorus-Therian|[msg]
|
|turn|5
|c|âLadder Test 69|ic
|c|âLadder Test 69|this isnt looking promising
|c|âLadder Test 69|:[
|c| Chupps|rip
|
|switch|p2a: Ferrothorn|Ferrothorn, F|352\/352
|move|p1a: Landorus-Therian|Earthquake|p2a: Ferrothorn
|-damage|p2a: Ferrothorn|241\/352
|
|-heal|p2a: Ferrothorn|263\/352|[from] item: Leftovers
|turn|6
|c| Chupps|should have let me ladder for you
|c| LADYOUGOTBUMMED|chill out man you can still win
|
|move|p1a: Landorus-Therian|Stealth Rock|p2a: Ferrothorn
|-sidestart|p2: Ladder Test 69|move: Stealth Rock
|move|p2a: Ferrothorn|Stealth Rock|p1a: Landorus-Therian
|-sidestart|p1: Hammering Man|move: Stealth Rock
|
|-heal|p2a: Ferrothorn|285\/352|[from] item: Leftovers
|turn|7
|
|switch|p1a: Klefki|Klefki, M|318\/318
|-damage|p1a: Klefki|299\/318|[from] Stealth Rock
|move|p2a: Ferrothorn|Leech Seed|p1a: Klefki
|-start|p1a: Klefki|move: Leech Seed
|
|-heal|p1a: Klefki|318\/318|[from] item: Leftovers
|-heal|p2a: Ferrothorn|307\/352|[from] item: Leftovers
|-damage|p1a: Klefki|279\/318|[from] Leech Seed|[of] p2a: Ferrothorn
|-heal|p2a: Ferrothorn|346\/352|[silent]
|turn|8
|
|switch|p1a: Manectric|Manectric, F|281\/281
|-damage|p1a: Manectric|246\/281|[from] Stealth Rock
|switch|p2a: Swampert|Swampert-Mega, F|347\/347
|-damage|p2a: Swampert|326\/347|[from] Stealth Rock
|
|turn|9
|
|switch|p1a: Landorus-Therian|Landorus-Therian, M|381\/381
|-damage|p1a: Landorus-Therian|334\/381|[from] Stealth Rock
|-ability|p1a: Landorus-Therian|Intimidate|[of] p2a: Swampert
|-unboost|p2a: Swampert|atk|1
|move|p2a: Swampert|Waterfall|p1a: Landorus-Therian
|-supereffective|p1a: Landorus-Therian
|-damage|p1a: Landorus-Therian|154\/381
|
|-heal|p1a: Landorus-Therian|177\/381|[from] item: Leftovers
|turn|10
|
|move|p2a: Swampert|Earthquake|p1a: Landorus-Therian
|-immune|p1a: Landorus-Therian|[msg]
|move|p1a: Landorus-Therian|Earthquake|p2a: Swampert
|-damage|p2a: Swampert|176\/347
|
|-heal|p1a: Landorus-Therian|200\/381|[from] item: Leftovers
|turn|11
|c| Chupps|:T
|c|âLadder Test 69|fucking cancel button
|
|move|p2a: Swampert|Waterfall|p1a: Landorus-Therian
|-supereffective|p1a: Landorus-Therian
|-damage|p1a: Landorus-Therian|20\/381
|move|p1a: Landorus-Therian|Earthquake|p2a: Swampert
|-damage|p2a: Swampert|13\/347
|
|-heal|p1a: Landorus-Therian|43\/381|[from] item: Leftovers
|turn|12
|c|âLadder Test 69|ya it ove.r
|
|move|p2a: Swampert|Ice Punch|p1a: Landorus-Therian
|-supereffective|p1a: Landorus-Therian
|-damage|p1a: Landorus-Therian|0 fnt
|faint|p1a: Landorus-Therian
|
|
|switch|p1a: Keldeo|Keldeo|323\/323
|-damage|p1a: Keldeo|303\/323|[from] Stealth Rock
|turn|13
|
|move|p1a: Keldeo|Secret Sword|p2a: Swampert
|-damage|p2a: Swampert|0 fnt
|faint|p2a: Swampert
|
|
|switch|p2a: Politoed|Politoed, F|383\/383
|-damage|p2a: Politoed|336\/383|[from] Stealth Rock
|-weather|RainDance
|turn|14
|c|âLadder Test 69|im so bad at this game
|c|âLadder Test 69|idk what im doing
|
|switch|p2a: Kabutops|Kabutops, M|261\/261
|-damage|p2a: Kabutops|229\/261|[from] Stealth Rock
|move|p1a: Keldeo|Secret Sword|p2a: Kabutops
|-supereffective|p2a: Kabutops
|-damage|p2a: Kabutops|0 fnt
|faint|p2a: Kabutops
|
|-weather|RainDance|[upkeep]
|
|switch|p2a: Kingdra|Kingdra, F|291\/291
|-damage|p2a: Kingdra|255\/291|[from] Stealth Rock
|turn|15
|
|switch|p1a: Klefki|Klefki, M|279\/318
|-damage|p1a: Klefki|260\/318|[from] Stealth Rock
|move|p2a: Kingdra|Draco Meteor|p1a: Klefki
|-immune|p1a: Klefki|[msg]
|
|-weather|RainDance|[upkeep]
|-heal|p1a: Klefki|279\/318|[from] item: Leftovers
|turn|16
|c|âLadder Test 69|yep
|c|âLadder Test 69|rip me
|c|âLadder Test 69|:[
|c| Chupps|nedor y
|-message|Ladder Test 69 forfeited.
|leave|Ladder Test 69
|leave|Chupps
|leave|JelloPiranha
|
|win|Hammering Man
|raw|Ladder updating...
|player|p2
|raw|Hammering Man's rating: 1460 &rarr; <strong>1481<\/strong><br \/>(+21 for winning)
|raw|Ladder Test 69's rating: 1482 &rarr; <strong>1460<\/strong><br \/>(-22 for losing)
|leave|Hammering Man
|player|p1