|join|majoe
|join|Hammering Man
|player|p1|majoe|162
|player|p2|Hammering Man|285
|gametype|singles
|gen|6
|tier|OU (suspect test)
|rated
|clearpoke
|poke|p1|Azumarill, M
|poke|p1|Bisharp, M, shiny
|poke|p1|Thundurus, M
|poke|p1|Latias, F
|poke|p1|Venomoth, F, shiny
|poke|p1|Diancie
|poke|p2|Toxicroak, F
|poke|p2|Manectric, M
|poke|p2|Mew
|poke|p2|Keldeo
|poke|p2|Landorus-Therian, M
|poke|p2|Klefki, F
|rule|Swagger Clause: Swagger is banned
|rule|Baton Pass Clause: Limit one PokÃ©mon knowing Baton Pass
|rule|Sleep Clause Mod: Limit one foe put to sleep
|rule|Species Clause: Limit one of each PokÃ©mon
|rule|OHKO Clause: OHKO moves are banned
|rule|Moody Clause: Moody is banned
|rule|Evasion Moves Clause: Evasion moves are banned
|rule|Endless Battle Clause: Forcing endless battles is banned
|rule|HP Percentage Mod: HP is shown in percentages
|teampreview
|
|start
|switch|p1a: Venomoth|Venomoth, F, shiny|344\/344
|switch|p2a: Landorus-Therian|Landorus-Therian, M|381\/381
|-ability|p2a: Landorus-Therian|Intimidate|[of] p1a: Venomoth
|-unboost|p1a: Venomoth|atk|1
|turn|1
|join|SkipperV2
|
|move|p2a: Landorus-Therian|Stealth Rock|p1a: Venomoth
|-sidestart|p1: majoe|move: Stealth Rock
|move|p1a: Venomoth|Sleep Powder|p2a: Landorus-Therian
|-status|p2a: Landorus-Therian|slp
|
|turn|2
|
|cant|p2a: Landorus-Therian|slp
|move|p1a: Venomoth|Substitute|p1a: Venomoth
|-start|p1a: Venomoth|Substitute
|-damage|p1a: Venomoth|258\/344
|
|-heal|p1a: Venomoth|279\/344|[from] item: Black Sludge
|turn|3
|
|switch|p2a: Manectric|Manectric, M|281\/281
|move|p1a: Venomoth|Quiver Dance|p1a: Venomoth
|-boost|p1a: Venomoth|spa|1
|-boost|p1a: Venomoth|spd|1
|-boost|p1a: Venomoth|spe|1
|
|-heal|p1a: Venomoth|300\/344|[from] item: Black Sludge
|turn|4
|
|detailschange|p2a: Manectric|Manectric-Mega, M
|-mega|p2a: Manectric|Manectric|Manectite
|-activate|p1a: Venomoth|Substitute|ability: Intimidate|[of] p2a: Manectric
|move|p2a: Manectric|Volt Switch|p1a: Venomoth
|-end|p1a: Venomoth|Substitute
|
|switch|p2a: Mew|Mew|403\/403
|move|p1a: Venomoth|Quiver Dance|p1a: Venomoth
|-boost|p1a: Venomoth|spa|1
|-boost|p1a: Venomoth|spd|1
|-boost|p1a: Venomoth|spe|1
|
|-heal|p1a: Venomoth|321\/344|[from] item: Black Sludge
|turn|5
|
|move|p1a: Venomoth|Baton Pass|p1a: Venomoth
|
|switch|p1a: Diancie|Diancie|241\/241
|-damage|p1a: Diancie|211\/241|[from] Stealth Rock
|move|p2a: Mew|Taunt|p1a: Diancie
|-start|p1a: Diancie|move: Taunt
|
|turn|6
|
|switch|p2a: Toxicroak|Toxicroak, F|307\/307
|detailschange|p1a: Diancie|Diancie-Mega
|-mega|p1a: Diancie|Diancie|Diancite
|move|p1a: Diancie|Moonblast|p2a: Toxicroak
|-damage|p2a: Toxicroak|0 fnt
|faint|p2a: Toxicroak
|
|
|switch|p2a: Klefki|Klefki, F|318\/318
|turn|7
|
|move|p2a: Klefki|Calm Mind|p2a: Klefki
|-boost|p2a: Klefki|spa|1
|-boost|p2a: Klefki|spd|1
|move|p1a: Diancie|Earth Power|p2a: Klefki
|-supereffective|p2a: Klefki
|-damage|p2a: Klefki|46\/318
|
|-heal|p2a: Klefki|65\/318|[from] item: Leftovers
|turn|8
|-message|Hammering Man forfeited.
|leave|Hammering Man
|
|win|majoe
|raw|Ladder updating...
|player|p2
|raw|majoe's rating: 1372 &rarr; <strong>1396<\/strong><br \/>(+24 for winning)
|raw|Hammering Man's rating: 1439 &rarr; <strong>1415<\/strong><br \/>(-24 for losing)