|join|Aman13
|join|jmackk
|player|p1|Aman13|68
|player|p2|jmackk|266
|gametype|singles
|gen|6
|tier|OU
|clearpoke
|poke|p1|Tyranitar, M
|poke|p1|Clefable, F
|poke|p1|Rotom-Wash
|poke|p1|Excadrill, M
|poke|p1|Talonflame, M
|poke|p1|Pinsir, F
|poke|p2|Metagross
|poke|p2|Keldeo
|poke|p2|Raikou
|poke|p2|Landorus-Therian, M
|poke|p2|Heatran, M
|poke|p2|Latias, F
|rule|Swagger Clause: Swagger is banned
|rule|Baton Pass Clause: Limit one PokÃ©mon knowing Baton Pass
|rule|Sleep Clause Mod: Limit one foe put to sleep
|rule|Species Clause: Limit one of each PokÃ©mon
|rule|OHKO Clause: OHKO moves are banned
|rule|Moody Clause: Moody is banned
|rule|Evasion Moves Clause: Evasion moves are banned
|rule|Endless Battle Clause: Forcing endless battles is banned
|rule|HP Percentage Mod: HP is shown in percentages
|teampreview
|c|âAman13|GL, man
|c|âjmackk|you too:]
|
|start
|switch|p1a: Rotom-Wash|Rotom-Wash|298\/298
|switch|p2a: Landorus-Therian|Landorus-Therian, M|319\/319
|-ability|p2a: Landorus-Therian|Intimidate|[of] p1a: Rotom-Wash
|-unboost|p1a: Rotom-Wash|atk|1
|turn|1
|
|move|p2a: Landorus-Therian|U-turn|p1a: Rotom-Wash
|-damage|p1a: Rotom-Wash|209\/298
|
|switch|p2a: Latias|Latias, F|319\/319
|move|p1a: Rotom-Wash|Hydro Pump|p2a: Latias
|-resisted|p2a: Latias
|-damage|p2a: Latias|251\/319
|
|-heal|p1a: Rotom-Wash|227\/298|[from] item: Leftovers
|turn|2
|
|switch|p1a: Clefable|Clefable, F|394\/394
|move|p2a: Latias|Psyshock|p1a: Clefable
|-damage|p1a: Clefable|245\/394
|-damage|p2a: Latias|220\/319|[from] item: Life Orb
|
|-heal|p1a: Clefable|269\/394|[from] item: Leftovers
|turn|3
|
|switch|p2a: Metagross|Metagross|301\/301
|move|p1a: Clefable|Wish|p1a: Clefable
|
|-heal|p1a: Clefable|293\/394|[from] item: Leftovers
|turn|4
|
|switch|p1a: Rotom-Wash|Rotom-Wash|227\/298
|detailschange|p2a: Metagross|Metagross-Mega
|-mega|p2a: Metagross|Metagross|Metagrossite
|move|p2a: Metagross|Meteor Mash|p1a: Rotom-Wash
|-resisted|p1a: Rotom-Wash
|-damage|p1a: Rotom-Wash|168\/298
|-boost|p2a: Metagross|atk|1
|
|-heal|p1a: Rotom-Wash|298\/298|[from] move: Wish|[wisher] Clefable
|turn|5
|
|switch|p2a: Latias|Latias, F|220\/319
|move|p1a: Rotom-Wash|Will-O-Wisp|p2a: Latias
|-status|p2a: Latias|brn
|
|-damage|p2a: Latias|181\/319 brn|[from] brn
|turn|6
|
|switch|p2a: Heatran|Heatran, M|385\/385
|switch|p1a: Tyranitar|Tyranitar, M|404\/404
|-weather|Sandstorm
|
|-weather|Sandstorm|[upkeep]
|turn|7
|
|move|p2a: Heatran|Stealth Rock|p1a: Tyranitar
|-sidestart|p1: Aman13|move: Stealth Rock
|move|p1a: Tyranitar|Stealth Rock|p2a: Heatran
|-sidestart|p2: jmackk|move: Stealth Rock
|
|-weather|Sandstorm|[upkeep]
|turn|8
|
|switch|p2a: Landorus-Therian|Landorus-Therian, M|319\/319
|-damage|p2a: Landorus-Therian|280\/319|[from] Stealth Rock
|-ability|p2a: Landorus-Therian|Intimidate|[of] p1a: Tyranitar
|-unboost|p1a: Tyranitar|atk|1
|move|p1a: Tyranitar|Crunch|p2a: Landorus-Therian
|-damage|p2a: Landorus-Therian|186\/319
|
|-weather|Sandstorm|[upkeep]
|turn|9
|
|switch|p1a: Clefable|Clefable, F|293\/394
|-damage|p1a: Clefable|244\/394|[from] Stealth Rock
|move|p2a: Landorus-Therian|U-turn|p1a: Clefable
|-resisted|p1a: Clefable
|-damage|p1a: Clefable|206\/394
|
|switch|p2a: Metagross|Metagross-Mega|301\/301
|-damage|p2a: Metagross|283\/301|[from] Stealth Rock
|
|-weather|Sandstorm|[upkeep]
|-damage|p1a: Clefable|182\/394|[from] sandstorm
|-heal|p1a: Clefable|206\/394|[from] item: Leftovers
|turn|10
|
|move|p2a: Metagross|Zen Headbutt|p1a: Clefable|[miss]
|-miss|p2a: Metagross|p1a: Clefable
|move|p1a: Clefable|Wish|p1a: Clefable
|
|-weather|none
|-heal|p1a: Clefable|230\/394|[from] item: Leftovers
|turn|11
|
|move|p1a: Clefable|Protect|p1a: Clefable
|-singleturn|p1a: Clefable|Protect
|move|p2a: Metagross|Zen Headbutt|p1a: Clefable
|-activate|p1a: Clefable|Protect
|
|-heal|p1a: Clefable|394\/394|[from] move: Wish|[wisher] Clefable
|turn|12
|
|move|p2a: Metagross|Earthquake|p1a: Clefable
|-damage|p1a: Clefable|271\/394
|move|p1a: Clefable|Flamethrower|p2a: Metagross
|-supereffective|p2a: Metagross
|-damage|p2a: Metagross|167\/301
|
|-heal|p1a: Clefable|295\/394|[from] item: Leftovers
|turn|13
|
|move|p1a: Clefable|Protect|p1a: Clefable
|-singleturn|p1a: Clefable|Protect
|move|p2a: Metagross|Meteor Mash|p1a: Clefable
|-activate|p1a: Clefable|Protect
|
|-heal|p1a: Clefable|319\/394|[from] item: Leftovers
|turn|14
|
|switch|p2a: Heatran|Heatran, M|385\/385
|-damage|p2a: Heatran|337\/385|[from] Stealth Rock
|switch|p1a: Rotom-Wash|Rotom-Wash|298\/298
|-damage|p1a: Rotom-Wash|261\/298|[from] Stealth Rock
|
|-heal|p1a: Rotom-Wash|279\/298|[from] item: Leftovers
|-heal|p2a: Heatran|361\/385|[from] item: Leftovers
|turn|15
|
|move|p1a: Rotom-Wash|Hydro Pump|p2a: Heatran
|-supereffective|p2a: Heatran
|-damage|p2a: Heatran|125\/385
|move|p2a: Heatran|Toxic|p1a: Rotom-Wash
|-status|p1a: Rotom-Wash|tox
|
|-heal|p1a: Rotom-Wash|297\/298 tox|[from] item: Leftovers
|-heal|p2a: Heatran|149\/385|[from] item: Leftovers
|-damage|p1a: Rotom-Wash|279\/298 tox|[from] psn
|turn|16
|
|move|p2a: Heatran|Protect|p2a: Heatran
|-singleturn|p2a: Heatran|Protect
|move|p1a: Rotom-Wash|Hydro Pump|p2a: Heatran
|-activate|p2a: Heatran|Protect
|
|-heal|p1a: Rotom-Wash|297\/298 tox|[from] item: Leftovers
|-heal|p2a: Heatran|173\/385|[from] item: Leftovers
|-damage|p1a: Rotom-Wash|261\/298 tox|[from] psn
|turn|17
|
|switch|p2a: Latias|Latias, F|181\/319 brn
|-damage|p2a: Latias|142\/319 brn|[from] Stealth Rock
|move|p1a: Rotom-Wash|Volt Switch|p2a: Latias
|-resisted|p2a: Latias
|-damage|p2a: Latias|101\/319 brn
|
|switch|p1a: Tyranitar|Tyranitar, M|404\/404
|-damage|p1a: Tyranitar|354\/404|[from] Stealth Rock
|-weather|Sandstorm
|
|-weather|Sandstorm|[upkeep]
|-damage|p2a: Latias|82\/319 brn|[from] sandstorm
|-heal|p1a: Tyranitar|379\/404|[from] item: Leftovers
|-damage|p2a: Latias|43\/319 brn|[from] brn
|turn|18
|
|move|p2a: Latias|Healing Wish|p2a: Latias
|faint|p2a: Latias
|move|p1a: Tyranitar|Pursuit|p2: Latias|[notarget]
|-notarget
|
|-weather|Sandstorm|[upkeep]
|-heal|p1a: Tyranitar|404\/404|[from] item: Leftovers
|
|switch|p2a: Landorus-Therian|Landorus-Therian, M|186\/319
|-heal|p2a: Landorus-Therian|319\/319|[from] move: Healing Wish
|-damage|p2a: Landorus-Therian|280\/319|[from] Stealth Rock
|-ability|p2a: Landorus-Therian|Intimidate|[of] p1a: Tyranitar
|-unboost|p1a: Tyranitar|atk|1
|turn|19
|
|move|p2a: Landorus-Therian|U-turn|p1a: Tyranitar
|-supereffective|p1a: Tyranitar
|-damage|p1a: Tyranitar|246\/404
|
|switch|p2a: Keldeo|Keldeo|323\/323
|-damage|p2a: Keldeo|303\/323|[from] Stealth Rock
|move|p1a: Tyranitar|Crunch|p2a: Keldeo
|-resisted|p2a: Keldeo
|-damage|p2a: Keldeo|262\/323
|-boost|p2a: Keldeo|atk|1|[from] ability: Justified
|
|-weather|Sandstorm|[upkeep]
|-damage|p2a: Keldeo|242\/323|[from] sandstorm
|-heal|p1a: Tyranitar|271\/404|[from] item: Leftovers
|turn|20
|
|switch|p1a: Clefable|Clefable, F|319\/394
|-damage|p1a: Clefable|270\/394|[from] Stealth Rock
|move|p2a: Keldeo|Scald|p1a: Clefable
|-damage|p1a: Clefable|123\/394
|
|-weather|Sandstorm|[upkeep]
|-damage|p2a: Keldeo|222\/323|[from] sandstorm
|-damage|p1a: Clefable|99\/394|[from] sandstorm
|-heal|p1a: Clefable|123\/394|[from] item: Leftovers
|turn|21
|
|move|p1a: Clefable|Protect|p1a: Clefable
|-singleturn|p1a: Clefable|Protect
|move|p2a: Keldeo|Scald|p1a: Clefable
|-activate|p1a: Clefable|Protect
|
|-weather|none
|-heal|p1a: Clefable|147\/394|[from] item: Leftovers
|turn|22
|
|move|p2a: Keldeo|Hydro Pump|p1a: Clefable
|-damage|p1a: Clefable|0 fnt
|faint|p1a: Clefable
|
|
|switch|p1a: Rotom-Wash|Rotom-Wash|261\/298 tox
|-damage|p1a: Rotom-Wash|224\/298 tox|[from] Stealth Rock
|turn|23
|
|switch|p2a: Raikou|Raikou|321\/321
|-damage|p2a: Raikou|281\/321|[from] Stealth Rock
|-ability|p2a: Raikou|Pressure
|move|p1a: Rotom-Wash|Will-O-Wisp|p2a: Raikou
|-status|p2a: Raikou|brn
|
|-heal|p1a: Rotom-Wash|242\/298 tox|[from] item: Leftovers
|-damage|p2a: Raikou|241\/321 brn|[from] brn
|-damage|p1a: Rotom-Wash|224\/298 tox|[from] psn
|turn|24
|
|move|p2a: Raikou|Shadow Ball|p1a: Rotom-Wash
|-damage|p1a: Rotom-Wash|93\/298 tox
|move|p1a: Rotom-Wash|Pain Split|p2a: Raikou
|-sethp|p2a: Raikou|167\/321 brn|p1a: Rotom-Wash|167\/298 tox|[from] move: Pain Split
|
|-heal|p1a: Rotom-Wash|185\/298 tox|[from] item: Leftovers
|-damage|p2a: Raikou|127\/321 brn|[from] brn
|-damage|p1a: Rotom-Wash|149\/298 tox|[from] psn
|turn|25
|
|switch|p2a: Keldeo|Keldeo|222\/323
|-damage|p2a: Keldeo|202\/323|[from] Stealth Rock
|move|p1a: Rotom-Wash|Volt Switch|p2a: Keldeo
|-supereffective|p2a: Keldeo
|-damage|p2a: Keldeo|0 fnt
|faint|p2a: Keldeo
|
|switch|p1a: Excadrill|Excadrill, M|362\/362
|-damage|p1a: Excadrill|351\/362|[from] Stealth Rock
|-ability|p1a: Excadrill|Mold Breaker
|-item|p1a: Excadrill|Air Balloon
|
|
|switch|p2a: Landorus-Therian|Landorus-Therian, M|280\/319
|-damage|p2a: Landorus-Therian|241\/319|[from] Stealth Rock
|-ability|p2a: Landorus-Therian|Intimidate|[of] p1a: Excadrill
|-unboost|p1a: Excadrill|atk|1
|turn|26
|
|move|p2a: Landorus-Therian|Knock Off|p1a: Excadrill
|-damage|p1a: Excadrill|149\/362
|-enditem|p1a: Excadrill|Air Balloon
|move|p1a: Excadrill|Rapid Spin|p2a: Landorus-Therian
|-damage|p2a: Landorus-Therian|222\/319
|-sideend|p1: Aman13|Stealth Rock|[from] move: Rapid Spin|[of] p1a: Excadrill
|
|turn|27
|join|The Body Flicker
|
|switch|p2a: Raikou|Raikou|127\/321 brn
|-damage|p2a: Raikou|87\/321 brn|[from] Stealth Rock
|-ability|p2a: Raikou|Pressure
|switch|p1a: Rotom-Wash|Rotom-Wash|149\/298 tox
|
|-heal|p1a: Rotom-Wash|167\/298 tox|[from] item: Leftovers
|-damage|p2a: Raikou|47\/321 brn|[from] brn
|-damage|p1a: Rotom-Wash|149\/298 tox|[from] psn
|turn|28
|
|move|p2a: Raikou|Thunderbolt|p1a: Rotom-Wash
|-damage|p1a: Rotom-Wash|0 fnt
|faint|p1a: Rotom-Wash
|
|-damage|p2a: Raikou|7\/321 brn|[from] brn
|leave|The Body Flicker
|
|switch|p1a: Pinsir|Pinsir, F|271\/271
|turn|29
|
|move|p2a: Raikou|Thunderbolt|p1a: Pinsir
|-damage|p1a: Pinsir|0 fnt
|faint|p1a: Pinsir
|
|-damage|p2a: Raikou|0 fnt|[from] brn
|faint|p2a: Raikou
|c|âjmackk|no quick attack?
|c|âAman13|I was gonna SD
|
|switch|p2a: Landorus-Therian|Landorus-Therian, M|222\/319
|switch|p1a: Talonflame|Talonflame, M|297\/297
|-damage|p2a: Landorus-Therian|183\/319|[from] Stealth Rock
|-ability|p2a: Landorus-Therian|Intimidate|[of] p1a: Talonflame
|-unboost|p1a: Talonflame|atk|1
|turn|30
|c|âAman13|Didn't think Tbolt would OHKO
|c|âjmackk|me neither tbh
|
|move|p2a: Landorus-Therian|Stone Edge|p1a: Talonflame
|-supereffective|p1a: Talonflame
|-damage|p1a: Talonflame|0 fnt
|faint|p1a: Talonflame
|
|
|switch|p1a: Tyranitar|Tyranitar, M|271\/404
|-weather|Sandstorm
|turn|31
|
|switch|p2a: Heatran|Heatran, M|173\/385
|-damage|p2a: Heatran|125\/385|[from] Stealth Rock
|move|p1a: Tyranitar|Crunch|p2a: Heatran
|-damage|p2a: Heatran|8\/385
|-unboost|p2a: Heatran|def|1
|
|-weather|Sandstorm|[upkeep]
|-heal|p2a: Heatran|32\/385|[from] item: Leftovers
|-heal|p1a: Tyranitar|296\/404|[from] item: Leftovers
|turn|32
|
|move|p2a: Heatran|Protect|p2a: Heatran
|-singleturn|p2a: Heatran|Protect
|move|p1a: Tyranitar|Crunch|p2a: Heatran
|-activate|p2a: Heatran|Protect
|
|-weather|Sandstorm|[upkeep]
|-heal|p2a: Heatran|56\/385|[from] item: Leftovers
|-heal|p1a: Tyranitar|321\/404|[from] item: Leftovers
|turn|33
|
|move|p2a: Heatran|Protect|p2a: Heatran
|-singleturn|p2a: Heatran|Protect
|move|p1a: Tyranitar|Crunch|p2a: Heatran
|-activate|p2a: Heatran|Protect
|
|-weather|Sandstorm|[upkeep]
|-heal|p2a: Heatran|80\/385|[from] item: Leftovers
|-heal|p1a: Tyranitar|346\/404|[from] item: Leftovers
|turn|34
|
|move|p2a: Heatran|Toxic|p1a: Tyranitar
|-status|p1a: Tyranitar|tox
|move|p1a: Tyranitar|Crunch|p2a: Heatran
|-damage|p2a: Heatran|0 fnt
|faint|p2a: Heatran
|
|-weather|Sandstorm|[upkeep]
|-heal|p1a: Tyranitar|371\/404 tox|[from] item: Leftovers
|-damage|p1a: Tyranitar|346\/404 tox|[from] psn
|
|switch|p2a: Metagross|Metagross-Mega|167\/301
|-damage|p2a: Metagross|149\/301|[from] Stealth Rock
|turn|35
|c|âAman13|gg
|
|move|p2a: Metagross|Meteor Mash|p1a: Tyranitar
|-supereffective|p1a: Tyranitar
|-damage|p1a: Tyranitar|0 fnt
|-boost|p2a: Metagross|atk|1
|faint|p1a: Tyranitar
|
|-weather|none
|c|âjmackk|gg
|
|switch|p1a: Excadrill|Excadrill, M|149\/362
|-ability|p1a: Excadrill|Mold Breaker
|turn|36
|c|âjmackk|that was actually a really good game tho
|
|move|p2a: Metagross|Earthquake|p1a: Excadrill
|-supereffective|p1a: Excadrill
|-damage|p1a: Excadrill|0 fnt
|faint|p1a: Excadrill
|
|win|jmackk
|c|âAman13|Agreed