|join|Sweet Symphony
|join|Aman13
|player|p1|Sweet Symphony|284
|player|p2|Aman13|68
|gametype|singles
|gen|6
|tier|OU
|rated
|clearpoke
|poke|p1|Pinsir, F, shiny
|poke|p1|Weavile, M
|poke|p1|Starmie
|poke|p1|Landorus, M
|poke|p1|Amoonguss, M
|poke|p1|Heatran, F
|poke|p2|Lopunny, M
|poke|p2|Raikou
|poke|p2|Landorus-Therian, M
|poke|p2|Azumarill, F
|poke|p2|Latias, F
|poke|p2|Talonflame, M
|rule|Swagger Clause: Swagger is banned
|rule|Baton Pass Clause: Limit one PokÃ©mon knowing Baton Pass
|rule|Sleep Clause Mod: Limit one foe put to sleep
|rule|Species Clause: Limit one of each PokÃ©mon
|rule|OHKO Clause: OHKO moves are banned
|rule|Moody Clause: Moody is banned
|rule|Evasion Moves Clause: Evasion moves are banned
|rule|Endless Battle Clause: Forcing endless battles is banned
|rule|HP Percentage Mod: HP is shown in percentages
|teampreview
|
|start
|switch|p1a: On Top|Amoonguss, M|425\/425
|switch|p2a: Lopunny|Lopunny, M|271\/271
|turn|1
|
|detailschange|p2a: Lopunny|Lopunny-Mega, M
|-mega|p2a: Lopunny|Lopunny|Lopunnite
|move|p2a: Lopunny|Fake Out|p1a: On Top
|-damage|p1a: On Top|358\/425
|cant|p1a: On Top|flinch
|
|-heal|p1a: On Top|384\/425|[from] item: Black Sludge
|turn|2
|
|switch|p2a: Latias|Latias, F|301\/301
|move|p1a: On Top|Spore|p2a: Latias
|-status|p2a: Latias|slp
|
|-heal|p1a: On Top|410\/425|[from] item: Black Sludge
|turn|3
|
|switch|p2a: Talonflame|Talonflame, M|319\/319
|switch|p1a: Human|Weavile, M|289\/289
|
|turn|4
|
|switch|p1a: Bones|Heatran, F|386\/386
|move|p2a: Talonflame|Will-O-Wisp|p1a: Bones
|-start|p1a: Bones|ability: Flash Fire
|
|turn|5
|
|move|p2a: Talonflame|Swords Dance|p2a: Talonflame
|-boost|p2a: Talonflame|atk|2
|move|p1a: Bones|Ancient Power|p2a: Talonflame
|-supereffective|p2a: Talonflame
|-damage|p2a: Talonflame|0 fnt
|faint|p2a: Talonflame
|
|c|âSweet Symphony|x3
|
|switch|p2a: Landorus-Therian|Landorus-Therian, M|382\/382
|-ability|p2a: Landorus-Therian|Intimidate|[of] p1a: Bones
|-unboost|p1a: Bones|atk|1
|turn|6
|
|switch|p1a: On Top|Amoonguss, M|425\/425
|move|p2a: Landorus-Therian|Stealth Rock|p1a: On Top
|-sidestart|p1: Sweet Symphony|move: Stealth Rock
|
|turn|7
|
|move|p2a: Landorus-Therian|U-turn|p1a: On Top
|-damage|p1a: On Top|342\/425
|
|switch|p2a: Latias|Latias, F|301\/301 slp
|move|p1a: On Top|Foul Play|p2a: Latias
|-supereffective|p2a: Latias
|-damage|p2a: Latias|175\/301 slp
|
|-heal|p1a: On Top|368\/425|[from] item: Black Sludge
|turn|8
|
|cant|p2a: Latias|slp
|move|p1a: On Top|Foul Play|p2a: Latias
|-supereffective|p2a: Latias
|-damage|p2a: Latias|45\/301 slp
|
|-heal|p1a: On Top|394\/425|[from] item: Black Sludge
|turn|9
|
|-curestatus|p2a: Latias|slp
|move|p2a: Latias|Psyshock|p1a: On Top
|-supereffective|p1a: On Top
|-damage|p1a: On Top|87\/425
|-damage|p2a: Latias|15\/301|[from] item: Life Orb
|move|p1a: On Top|Foul Play|p2a: Latias
|-supereffective|p2a: Latias
|-damage|p2a: Latias|0 fnt
|faint|p2a: Latias
|
|-heal|p1a: On Top|113\/425|[from] item: Black Sludge
|c|âSweet Symphony|ah
|c|âSweet Symphony|lek lek lek lek
|
|switch|p2a: Lopunny|Lopunny-Mega, M|271\/271
|turn|10
|
|switch|p1a: Human|Weavile, M|289\/289
|-damage|p1a: Human|217\/289|[from] Stealth Rock
|move|p2a: Lopunny|Return|p1a: Human
|-damage|p1a: Human|0 fnt
|faint|p1a: Human
|
|
|switch|p1a: Andy|Starmie|323\/323
|-damage|p1a: Andy|283\/323|[from] Stealth Rock
|turn|11
|
|move|p2a: Lopunny|Return|p1a: Andy
|-damage|p1a: Andy|72\/323
|move|p1a: Andy|Rapid Spin|p2a: Lopunny
|-damage|p2a: Lopunny|261\/271
|-sideend|p1: Sweet Symphony|Stealth Rock|[from] move: Rapid Spin|[of] p1a: Andy
|
|-heal|p1a: Andy|92\/323|[from] item: Leftovers
|turn|12
|
|move|p2a: Lopunny|Return|p1a: Andy
|-damage|p1a: Andy|0 fnt
|faint|p1a: Andy
|
|
|switch|p1a: Neo Tiger|Pinsir, F, shiny|279\/279
|turn|13
|
|switch|p2a: Raikou|Raikou|321\/321
|-ability|p2a: Raikou|Pressure
|detailschange|p1a: Neo Tiger|Pinsir-Mega, F, shiny
|-mega|p1a: Neo Tiger|Pinsir|Pinsirite
|move|p1a: Neo Tiger|Frustration|p2a: Raikou
|-resisted|p2a: Raikou
|-damage|p2a: Raikou|158\/321
|
|turn|14
|
|switch|p1a: Bones|Heatran, F|386\/386
|move|p2a: Raikou|Thunderbolt|p1a: Bones
|-damage|p1a: Bones|227\/386
|-status|p1a: Bones|par
|
|turn|15
|c|âSweet Symphony|:\/
|
|move|p2a: Raikou|Thunderbolt|p1a: Bones
|-damage|p1a: Bones|56\/386 par
|cant|p1a: Bones|par
|
|turn|16
|c|âSweet Symphony|:T
|c|âAman13|:\/
|
|move|p2a: Raikou|Thunderbolt|p1a: Bones
|-crit|p1a: Bones
|-damage|p1a: Bones|0 fnt
|faint|p1a: Bones
|
|
|switch|p1a: Exitlude|Landorus, M|351\/351
|turn|17
|
|switch|p2a: Azumarill|Azumarill, F|364\/364
|move|p1a: Exitlude|Psychic|p2a: Azumarill
|-damage|p2a: Azumarill|139\/364
|-enditem|p2a: Azumarill|Sitrus Berry|[eat]
|-heal|p2a: Azumarill|230\/364|[from] item: Sitrus Berry
|
|turn|18
|
|switch|p1a: On Top|Amoonguss, M|254\/425
|move|p2a: Azumarill|Waterfall|p1a: On Top
|-resisted|p1a: On Top
|-damage|p1a: On Top|176\/425
|
|-heal|p1a: On Top|202\/425|[from] item: Black Sludge
|turn|19
|
|move|p2a: Azumarill|Play Rough|p1a: On Top
|-resisted|p1a: On Top
|-damage|p1a: On Top|111\/425
|move|p1a: On Top|Spore|p2a: Azumarill
|-status|p2a: Azumarill|slp
|
|-heal|p1a: On Top|137\/425|[from] item: Black Sludge
|turn|20
|
|switch|p2a: Landorus-Therian|Landorus-Therian, M|382\/382
|-ability|p2a: Landorus-Therian|Intimidate|[of] p1a: On Top
|-unboost|p1a: On Top|atk|1
|move|p1a: On Top|Foul Play|p2a: Landorus-Therian
|-damage|p2a: Landorus-Therian|275\/382
|
|-heal|p2a: Landorus-Therian|298\/382|[from] item: Leftovers
|-heal|p1a: On Top|163\/425|[from] item: Black Sludge
|turn|21
|
|move|p2a: Landorus-Therian|Stealth Rock|p1a: On Top
|-sidestart|p1: Sweet Symphony|move: Stealth Rock
|move|p1a: On Top|Foul Play|p2a: Landorus-Therian
|-damage|p2a: Landorus-Therian|192\/382
|
|-heal|p2a: Landorus-Therian|215\/382|[from] item: Leftovers
|-heal|p1a: On Top|189\/425|[from] item: Black Sludge
|turn|22
|
|move|p2a: Landorus-Therian|Earthquake|p1a: On Top
|-damage|p1a: On Top|6\/425
|move|p1a: On Top|Foul Play|p2a: Landorus-Therian
|-damage|p2a: Landorus-Therian|119\/382
|
|-heal|p2a: Landorus-Therian|142\/382|[from] item: Leftovers
|-heal|p1a: On Top|32\/425|[from] item: Black Sludge
|turn|23
|
|move|p2a: Landorus-Therian|U-turn|p1a: On Top
|-damage|p1a: On Top|0 fnt
|faint|p1a: On Top
|
|switch|p2a: Lopunny|Lopunny-Mega, M|261\/271
|
|
|switch|p1a: Neo Tiger|Pinsir-Mega, F, shiny|279\/279
|-damage|p1a: Neo Tiger|140\/279|[from] Stealth Rock
|turn|24
|
|move|p2a: Lopunny|Fake Out|p1a: Neo Tiger
|-damage|p1a: Neo Tiger|80\/279
|cant|p1a: Neo Tiger|flinch
|
|turn|25
|
|switch|p2a: Landorus-Therian|Landorus-Therian, M|142\/382
|-ability|p2a: Landorus-Therian|Intimidate|[of] p1a: Neo Tiger
|-unboost|p1a: Neo Tiger|atk|1
|move|p1a: Neo Tiger|Quick Attack|p2a: Landorus-Therian
|-damage|p2a: Landorus-Therian|81\/382
|
|-heal|p2a: Landorus-Therian|104\/382|[from] item: Leftovers
|turn|26
|
|move|p1a: Neo Tiger|Swords Dance|p1a: Neo Tiger
|-boost|p1a: Neo Tiger|atk|2
|move|p2a: Landorus-Therian|Stone Edge|p1a: Neo Tiger
|-supereffective|p1a: Neo Tiger
|-damage|p1a: Neo Tiger|0 fnt
|faint|p1a: Neo Tiger
|
|-heal|p2a: Landorus-Therian|127\/382|[from] item: Leftovers
|
|switch|p1a: Exitlude|Landorus, M|351\/351
|-damage|p1a: Exitlude|308\/351|[from] Stealth Rock
|turn|27
|c|âSweet Symphony|fail please
|
|move|p1a: Exitlude|Rock Polish|p1a: Exitlude
|-boost|p1a: Exitlude|spe|2
|move|p2a: Landorus-Therian|Stone Edge|p1a: Exitlude|[miss]
|-miss|p2a: Landorus-Therian|p1a: Exitlude
|
|-heal|p2a: Landorus-Therian|150\/382|[from] item: Leftovers
|turn|28
|c|âSweet Symphony|oh yes
|c|âSweet Symphony|ty gods
|c|âAman13|:\/
|
|move|p1a: Exitlude|Psychic|p2a: Landorus-Therian
|-crit|p2a: Landorus-Therian
|-damage|p2a: Landorus-Therian|0 fnt
|faint|p2a: Landorus-Therian
|
|c|âSweet Symphony|i think its gg
|
|switch|p2a: Lopunny|Lopunny-Mega, M|261\/271
|turn|29
|
|move|p2a: Lopunny|Fake Out|p1a: Exitlude
|-damage|p1a: Exitlude|224\/351
|cant|p1a: Exitlude|flinch
|
|turn|30
|
|switch|p2a: Raikou|Raikou|158\/321
|-ability|p2a: Raikou|Pressure
|move|p1a: Exitlude|Psychic|p2a: Raikou
|-damage|p2a: Raikou|0 fnt
|faint|p2a: Raikou
|
|
|switch|p2a: Lopunny|Lopunny-Mega, M|261\/271
|turn|31
|
|move|p2a: Lopunny|Fake Out|p1a: Exitlude
|-damage|p1a: Exitlude|143\/351
|cant|p1a: Exitlude|flinch
|
|turn|32
|
|switch|p2a: Azumarill|Azumarill, F|230\/364 slp
|move|p1a: Exitlude|Psychic|p2a: Azumarill
|-damage|p2a: Azumarill|5\/364 slp
|
|turn|33
|
|cant|p2a: Azumarill|slp
|move|p1a: Exitlude|Psychic|p2a: Azumarill
|-crit|p2a: Azumarill
|-damage|p2a: Azumarill|0 fnt
|faint|p2a: Azumarill
|
|
|switch|p2a: Lopunny|Lopunny-Mega, M|261\/271
|turn|34
|c|âAman13|Bar a crit, gg
|c|âSweet Symphony|quick atack unu
|
|move|p2a: Lopunny|Fake Out|p1a: Exitlude
|-damage|p1a: Exitlude|65\/351
|cant|p1a: Exitlude|flinch
|
|turn|35
|
|move|p1a: Exitlude|Psychic|p2a: Lopunny
|-supereffective|p2a: Lopunny
|-damage|p2a: Lopunny|0 fnt
|faint|p2a: Lopunny
|
|win|Sweet Symphony
|raw|Ladder updating...
|c|âSweet Symphony|gg n-n
|raw|Sweet Symphony's rating: 1638 &rarr; <strong>1654<\/strong><br \/>(+16 for winning)
|raw|Aman13's rating: 1568 &rarr; <strong>1552<\/strong><br \/>(-16 for losing)
|leave|Aman13
|player|p2
|join|CSS)bleachzxzx
|c|âSweet Symphony|estuve a punto
|c|âSweet Symphony|de joderme
|c|âSweet Symphony|x.x
|c| CSS)bleachzxzx|como siempre
|c| CSS)bleachzxzx|mancA
|c|âSweet Symphony|>:c
|c|âSweet Symphony|agradece
|c|âSweet Symphony|lo puntos