|join|Aman13
|join|Fairy Wings
|player|p1|Aman13|137
|player|p2|Fairy Wings|182
|gametype|singles
|gen|6
|tier|OU
|rated
|clearpoke
|poke|p1|Tyranitar, M
|poke|p1|Clefable, M
|poke|p1|Excadrill, F
|poke|p1|Rotom-Wash
|poke|p1|Talonflame, M
|poke|p1|Pinsir, M
|poke|p2|Politoed, F
|poke|p2|Jolteon, M
|poke|p2|Tornadus, M
|poke|p2|Ferrothorn, F
|poke|p2|Kingdra, F
|poke|p2|Jirachi
|rule|Sleep Clause Mod: Limit one foe put to sleep
|rule|Species Clause: Limit one of each Pokemon
|rule|OHKO Clause: OHKO moves are banned
|rule|Moody Clause: Moody is banned
|rule|Evasion Moves Clause: Evasion moves are banned
|rule|Endless Battle Clause: Forcing endless battles is banned.
|rule|HP Percentage Mod: HP is reported as percentages
|teampreview
|callback|decision
|
|start
|switch|p1a: Rotom-Wash|Rotom-Wash|298\/298
|switch|p2a: Politoed|Politoed, F|384\/384
|-weather|RainDance
|turn|1
|callback|decision
|
|switch|p2a: Ferrothorn|Ferrothorn, F|352\/352
|move|p1a: Rotom-Wash|Will-O-Wisp|p2a: Ferrothorn
|-status|p2a: Ferrothorn|brn
|
|-weather|RainDance|[upkeep]
|-damage|p2a: Ferrothorn|308\/352 brn|[from] brn
|turn|2
|callback|decision
|
|move|p1a: Rotom-Wash|Volt Switch|p2a: Ferrothorn
|-resisted|p2a: Ferrothorn
|-damage|p2a: Ferrothorn|272\/352 brn
|callback|decision
|
|switch|p1a: Talonflame|Talonflame, M|309\/309
|move|p2a: Ferrothorn|Stealth Rock|p1a: Talonflame
|-sidestart|p1: Aman13|move: Stealth Rock
|
|-weather|RainDance|[upkeep]
|-heal|p2a: Ferrothorn|294\/352 brn|[from] item: Leftovers
|-damage|p2a: Ferrothorn|250\/352 brn|[from] brn
|turn|3
|callback|decision
|
|move|p1a: Talonflame|Brave Bird|p2a: Ferrothorn
|-damage|p2a: Ferrothorn|87\/352 brn
|-damage|p1a: Talonflame|255\/309|[from] recoil|[of] p2a: Ferrothorn
|-damage|p1a: Talonflame|217\/309|[from] ability: Iron Barbs|[of] p2a: Ferrothorn
|move|p2a: Ferrothorn|Thunder Wave|p1a: Talonflame
|-status|p1a: Talonflame|par
|
|-weather|RainDance|[upkeep]
|-heal|p2a: Ferrothorn|109\/352 brn|[from] item: Leftovers
|-damage|p2a: Ferrothorn|65\/352 brn|[from] brn
|turn|4
|callback|decision
|
|cant|p1a: Talonflame|par
|move|p2a: Ferrothorn|Leech Seed|p1a: Talonflame
|-start|p1a: Talonflame|move: Leech Seed
|
|-weather|RainDance|[upkeep]
|-heal|p2a: Ferrothorn|87\/352 brn|[from] item: Leftovers
|-damage|p1a: Talonflame|179\/309 par|[from] Leech Seed|[of] p2a: Ferrothorn
|-heal|p2a: Ferrothorn|125\/352 brn|[silent]
|-damage|p2a: Ferrothorn|81\/352 brn|[from] brn
|turn|5
|callback|decision
|
|move|p2a: Ferrothorn|Protect|p2a: Ferrothorn
|-singleturn|p2a: Ferrothorn|Protect
|cant|p1a: Talonflame|par
|
|-weather|none
|-heal|p2a: Ferrothorn|103\/352 brn|[from] item: Leftovers
|-damage|p1a: Talonflame|141\/309 par|[from] Leech Seed|[of] p2a: Ferrothorn
|-heal|p2a: Ferrothorn|141\/352 brn|[silent]
|-damage|p2a: Ferrothorn|97\/352 brn|[from] brn
|turn|6
|callback|decision
|
|move|p1a: Talonflame|Brave Bird|p2a: Ferrothorn
|-damage|p2a: Ferrothorn|0 fnt
|-damage|p1a: Talonflame|109\/309 par|[from] recoil|[of] p2a: Ferrothorn
|-damage|p1a: Talonflame|71\/309 par|[from] ability: Iron Barbs|[of] p2a: Ferrothorn
|faint|p2a: Ferrothorn
|
|callback|decision
|
|switch|p2a: Jirachi|Jirachi|342\/342
|turn|7
|callback|decision
|
|switch|p1a: Excadrill|Excadrill, F|361\/361
|-damage|p1a: Excadrill|350\/361|[from] Stealth Rock
|-ability|p1a: Excadrill|Mold Breaker
|-item|p1a: Excadrill|Air Balloon
|move|p2a: Jirachi|Iron Head|p1a: Excadrill
|-resisted|p1a: Excadrill
|-damage|p1a: Excadrill|249\/361
|-enditem|p1a: Excadrill|Air Balloon
|
|turn|8
|callback|decision
|
|switch|p2a: Politoed|Politoed, F|384\/384
|-weather|RainDance
|move|p1a: Excadrill|Rapid Spin|p2a: Politoed
|-damage|p2a: Politoed|361\/384
|-sideend|p1: Aman13|Stealth Rock|[from] move: Rapid Spin|[of] p1a: Excadrill
|
|-weather|RainDance|[upkeep]
|-heal|p2a: Politoed|384\/384|[from] item: Leftovers
|turn|9
|callback|decision
|
|switch|p1a: Tyranitar|Tyranitar, M|404\/404
|-weather|Sandstorm
|move|p2a: Politoed|Scald|p1a: Tyranitar
|-supereffective|p1a: Tyranitar
|-damage|p1a: Tyranitar|320\/404
|-status|p1a: Tyranitar|brn
|
|-weather|Sandstorm|[upkeep]
|-damage|p2a: Politoed|360\/384|[from] sandstorm
|-heal|p2a: Politoed|384\/384|[from] item: Leftovers
|-heal|p1a: Tyranitar|345\/404 brn|[from] item: Leftovers
|-damage|p1a: Tyranitar|295\/404 brn|[from] brn
|turn|10
|callback|decision
|
|switch|p2a: Jirachi|Jirachi|342\/342
|move|p1a: Tyranitar|Stealth Rock|p2a: Jirachi
|-sidestart|p2: Fairy Wings|move: Stealth Rock
|
|-weather|Sandstorm|[upkeep]
|-heal|p1a: Tyranitar|320\/404 brn|[from] item: Leftovers
|-damage|p1a: Tyranitar|270\/404 brn|[from] brn
|turn|11
|callback|decision
|
|switch|p1a: Rotom-Wash|Rotom-Wash|298\/298
|move|p2a: Jirachi|Iron Head|p1a: Rotom-Wash
|-resisted|p1a: Rotom-Wash
|-damage|p1a: Rotom-Wash|267\/298
|
|-weather|Sandstorm|[upkeep]
|-damage|p1a: Rotom-Wash|249\/298|[from] sandstorm
|-heal|p1a: Rotom-Wash|267\/298|[from] item: Leftovers
|turn|12
|callback|decision
|
|switch|p2a: Jolteon|Jolteon, M|272\/272
|-damage|p2a: Jolteon|238\/272|[from] Stealth Rock
|-item|p2a: Jolteon|Air Balloon
|move|p1a: Rotom-Wash|Will-O-Wisp|p2a: Jolteon
|-status|p2a: Jolteon|brn
|
|-weather|Sandstorm|[upkeep]
|-damage|p2a: Jolteon|221\/272 brn|[from] sandstorm
|-damage|p1a: Rotom-Wash|249\/298|[from] sandstorm
|-heal|p1a: Rotom-Wash|267\/298|[from] item: Leftovers
|-damage|p2a: Jolteon|187\/272 brn|[from] brn
|turn|13
|callback|decision
|
|move|p2a: Jolteon|Volt Switch|p1a: Rotom-Wash
|-damage|p1a: Rotom-Wash|159\/298
|callback|decision
|
|switch|p2a: Politoed|Politoed, F|384\/384
|-damage|p2a: Politoed|336\/384|[from] Stealth Rock
|-weather|RainDance
|move|p1a: Rotom-Wash|Hydro Pump|p2a: Politoed
|-resisted|p2a: Politoed
|-damage|p2a: Politoed|211\/384
|
|-weather|RainDance|[upkeep]
|-heal|p1a: Rotom-Wash|177\/298|[from] item: Leftovers
|-heal|p2a: Politoed|235\/384|[from] item: Leftovers
|turn|14
|callback|decision
|
|move|p1a: Rotom-Wash|Will-O-Wisp|p2a: Politoed|[miss]
|-miss|p1a: Rotom-Wash|p2a: Politoed
|move|p2a: Politoed|Perish Song|p2a: Politoed
|-fieldactivate|move: Perish Song
|
|-start|p1a: Rotom-Wash|perish3
|-start|p2a: Politoed|perish3
|-weather|RainDance|[upkeep]
|-heal|p1a: Rotom-Wash|195\/298|[from] item: Leftovers
|-heal|p2a: Politoed|259\/384|[from] item: Leftovers
|turn|15
|callback|decision
|
|switch|p2a: Jolteon|Jolteon, M|187\/272 brn
|-damage|p2a: Jolteon|153\/272 brn|[from] Stealth Rock
|-item|p2a: Jolteon|Air Balloon
|move|p1a: Rotom-Wash|Will-O-Wisp|p2a: Jolteon|[miss]
|-miss|p1a: Rotom-Wash|p2a: Jolteon
|
|-start|p1a: Rotom-Wash|perish2
|-weather|RainDance|[upkeep]
|-heal|p1a: Rotom-Wash|213\/298|[from] item: Leftovers
|-damage|p2a: Jolteon|119\/272 brn|[from] brn
|turn|16
|callback|decision
|
|switch|p1a: Excadrill|Excadrill, F|249\/361
|-ability|p1a: Excadrill|Mold Breaker
|move|p2a: Jolteon|Hidden Power|p1a: Excadrill
|-damage|p1a: Excadrill|164\/361
|
|-weather|RainDance|[upkeep]
|-damage|p2a: Jolteon|85\/272 brn|[from] brn
|turn|17
|callback|decision
|
|move|p2a: Jolteon|Hidden Power|p1a: Excadrill
|-damage|p1a: Excadrill|66\/361
|move|p1a: Excadrill|Earthquake|p2a: Jolteon
|-immune|p2a: Jolteon|[msg]
|
|-weather|none
|-damage|p2a: Jolteon|51\/272 brn|[from] brn
|turn|18
|callback|decision
|
|switch|p1a: Tyranitar|Tyranitar, M|270\/404 brn
|-weather|Sandstorm
|move|p2a: Jolteon|Hidden Power|p1a: Tyranitar
|-damage|p1a: Tyranitar|239\/404 brn
|
|-weather|Sandstorm|[upkeep]
|-damage|p2a: Jolteon|34\/272 brn|[from] sandstorm
|-heal|p1a: Tyranitar|264\/404 brn|[from] item: Leftovers
|-damage|p2a: Jolteon|0 fnt|[from] brn
|-damage|p1a: Tyranitar|214\/404 brn|[from] brn
|faint|p2a: Jolteon
|callback|decision
|
|switch|p2a: Politoed|Politoed, F|259\/384
|-damage|p2a: Politoed|211\/384|[from] Stealth Rock
|-weather|RainDance
|turn|19
|callback|decision
|
|switch|p1a: Rotom-Wash|Rotom-Wash|213\/298
|move|p2a: Politoed|Toxic|p1a: Rotom-Wash
|-status|p1a: Rotom-Wash|tox
|
|-weather|RainDance|[upkeep]
|-heal|p1a: Rotom-Wash|231\/298 tox|[from] item: Leftovers
|-heal|p2a: Politoed|235\/384|[from] item: Leftovers
|-damage|p1a: Rotom-Wash|213\/298 tox|[from] psn
|turn|20
|callback|decision
|
|move|p1a: Rotom-Wash|Volt Switch|p2a: Politoed
|-supereffective|p2a: Politoed
|-damage|p2a: Politoed|37\/384
|callback|decision
|
|switch|p1a: Tyranitar|Tyranitar, M|214\/404 brn
|-weather|Sandstorm
|move|p2a: Politoed|Scald|p1a: Tyranitar
|-supereffective|p1a: Tyranitar
|-damage|p1a: Tyranitar|134\/404 brn
|
|-weather|Sandstorm|[upkeep]
|-damage|p2a: Politoed|13\/384|[from] sandstorm
|-heal|p2a: Politoed|37\/384|[from] item: Leftovers
|-heal|p1a: Tyranitar|159\/404 brn|[from] item: Leftovers
|-damage|p1a: Tyranitar|109\/404 brn|[from] brn
|turn|21
|callback|decision
|
|move|p2a: Politoed|Scald|p1a: Tyranitar
|-supereffective|p1a: Tyranitar
|-damage|p1a: Tyranitar|23\/404 brn
|move|p1a: Tyranitar|Crunch|p2a: Politoed
|-damage|p2a: Politoed|0 fnt
|faint|p2a: Politoed
|
|-weather|Sandstorm|[upkeep]
|-heal|p1a: Tyranitar|48\/404 brn|[from] item: Leftovers
|-damage|p1a: Tyranitar|0 fnt|[from] brn
|faint|p1a: Tyranitar
|callback|decision
|chat|Aman13|And thus the weather starters are gone
|
|switch|p2a: Tornadus|Tornadus, M|299\/299
|-damage|p2a: Tornadus|225\/299|[from] Stealth Rock
|switch|p1a: Rotom-Wash|Rotom-Wash|213\/298 tox
|turn|22
|callback|decision
|
|move|p2a: Tornadus|Rain Dance|p2a: Tornadus
|-weather|RainDance
|move|p1a: Rotom-Wash|Volt Switch|p2a: Tornadus
|-supereffective|p2a: Tornadus
|-damage|p2a: Tornadus|0 fnt
|faint|p2a: Tornadus
|callback|decision
|
|switch|p1a: Clefable|Clefable, M|394\/394
|
|-weather|RainDance|[upkeep]
|callback|decision
|
|switch|p2a: Jirachi|Jirachi|342\/342
|-damage|p2a: Jirachi|321\/342|[from] Stealth Rock
|turn|23
|callback|decision
|
|move|p1a: Clefable|Protect|p1a: Clefable
|-singleturn|p1a: Clefable|Protect
|move|p2a: Jirachi|Iron Head|p1a: Clefable
|-activate|p1a: Clefable|Protect
|
|-weather|RainDance|[upkeep]
|turn|24
|callback|decision
|
|switch|p2a: Kingdra|Kingdra, F|292\/292
|-damage|p2a: Kingdra|256\/292|[from] Stealth Rock
|switch|p1a: Rotom-Wash|Rotom-Wash|213\/298 tox
|
|-weather|RainDance|[upkeep]
|-heal|p1a: Rotom-Wash|231\/298 tox|[from] item: Leftovers
|-damage|p1a: Rotom-Wash|213\/298 tox|[from] psn
|turn|25
|callback|decision
|
|move|p2a: Kingdra|Focus Energy|p2a: Kingdra
|-start|p2a: Kingdra|move: Focus Energy
|move|p1a: Rotom-Wash|Will-O-Wisp|p2a: Kingdra
|-status|p2a: Kingdra|brn
|
|-weather|RainDance|[upkeep]
|-heal|p1a: Rotom-Wash|231\/298 tox|[from] item: Leftovers
|-damage|p2a: Kingdra|220\/292 brn|[from] brn
|-damage|p1a: Rotom-Wash|195\/298 tox|[from] psn
|turn|26
|callback|decision
|
|move|p2a: Kingdra|Draco Meteor|p1a: Rotom-Wash
|-crit|p1a: Rotom-Wash
|-damage|p1a: Rotom-Wash|0 fnt
|-unboost|p2a: Kingdra|spa|2
|faint|p1a: Rotom-Wash
|
|-weather|RainDance|[upkeep]
|-damage|p2a: Kingdra|184\/292 brn|[from] brn
|callback|decision
|
|switch|p1a: Pinsir|Pinsir, M|271\/271
|turn|27
|callback|decision
|
|-formechange|p1a: Pinsir|Pinsir-Mega
|message|Pinsir has Mega Evolved into Mega Pinsir!
|move|p2a: Kingdra|Draco Meteor|p1a: Pinsir
|-crit|p1a: Pinsir
|-damage|p1a: Pinsir|0 fnt
|-unboost|p2a: Kingdra|spa|2
|faint|p1a: Pinsir
|
|-weather|RainDance|[upkeep]
|-damage|p2a: Kingdra|148\/292 brn|[from] brn
|callback|decision
|
|switch|p1a: Clefable|Clefable, M|394\/394
|turn|28
|callback|decision
|
|move|p2a: Kingdra|Surf|p1a: Clefable
|-crit|p1a: Clefable
|-damage|p1a: Clefable|49\/394
|move|p1a: Clefable|Wish|p1a: Clefable
|
|-weather|RainDance|[upkeep]
|-heal|p1a: Clefable|73\/394|[from] item: Leftovers
|-damage|p2a: Kingdra|112\/292 brn|[from] brn
|turn|29
|callback|decision
|
|move|p1a: Clefable|Protect|p1a: Clefable
|-singleturn|p1a: Clefable|Protect
|move|p2a: Kingdra|Surf|p1a: Clefable
|-activate|p1a: Clefable|Protect
|
|-weather|none
|-heal|p1a: Clefable|270\/394|[from] move: Wish|[wisher] Clefable
|-heal|p1a: Clefable|294\/394|[from] item: Leftovers
|-damage|p2a: Kingdra|76\/292 brn|[from] brn
|turn|30
|callback|decision
|
|move|p2a: Kingdra|Surf|p1a: Clefable
|-crit|p1a: Clefable
|-damage|p1a: Clefable|59\/394
|move|p1a: Clefable|Wish|p1a: Clefable
|
|-heal|p1a: Clefable|83\/394|[from] item: Leftovers
|-damage|p2a: Kingdra|40\/292 brn|[from] brn
|turn|31
|callback|decision
|
|move|p1a: Clefable|Protect|p1a: Clefable
|-singleturn|p1a: Clefable|Protect
|move|p2a: Kingdra|Surf|p1a: Clefable
|-activate|p1a: Clefable|Protect
|
|-heal|p1a: Clefable|280\/394|[from] move: Wish|[wisher] Clefable
|-heal|p1a: Clefable|304\/394|[from] item: Leftovers
|-damage|p2a: Kingdra|4\/292 brn|[from] brn
|turn|32
|callback|decision
|
|move|p2a: Kingdra|Surf|p1a: Clefable
|-crit|p1a: Clefable
|-damage|p1a: Clefable|70\/394
|move|p1a: Clefable|Wish|p1a: Clefable
|
|-heal|p1a: Clefable|94\/394|[from] item: Leftovers
|-damage|p2a: Kingdra|0 fnt|[from] brn
|faint|p2a: Kingdra
|callback|decision
|
|switch|p2a: Jirachi|Jirachi|321\/342
|-damage|p2a: Jirachi|300\/342|[from] Stealth Rock
|turn|33
|callback|decision
|
|move|p1a: Clefable|Protect|p1a: Clefable
|-singleturn|p1a: Clefable|Protect
|move|p2a: Jirachi|Iron Head|p1a: Clefable
|-activate|p1a: Clefable|Protect
|
|-heal|p1a: Clefable|291\/394|[from] move: Wish|[wisher] Clefable
|-heal|p1a: Clefable|315\/394|[from] item: Leftovers
|turn|34
|callback|decision
|
|move|p2a: Jirachi|Iron Head|p1a: Clefable
|-supereffective|p1a: Clefable
|-damage|p1a: Clefable|91\/394
|cant|p1a: Clefable|flinch
|
|-heal|p1a: Clefable|115\/394|[from] item: Leftovers
|turn|35
|callback|decision
|
|move|p1a: Clefable|Protect|p1a: Clefable
|-singleturn|p1a: Clefable|Protect
|move|p2a: Jirachi|Iron Head|p1a: Clefable
|-activate|p1a: Clefable|Protect
|
|-heal|p1a: Clefable|139\/394|[from] item: Leftovers
|turn|36
|callback|decision
|
|move|p2a: Jirachi|Iron Head|p1a: Clefable
|-supereffective|p1a: Clefable
|-damage|p1a: Clefable|0 fnt
|faint|p1a: Clefable
|
|callback|decision
|
|switch|p1a: Talonflame|Talonflame, M|71\/309 par
|turn|37
|callback|decision
|
|move|p2a: Jirachi|Iron Head|p1a: Talonflame
|-resisted|p1a: Talonflame
|-damage|p1a: Talonflame|0 fnt
|faint|p1a: Talonflame
|
|callback|decision
|
|switch|p1a: Excadrill|Excadrill, F|66\/361
|-ability|p1a: Excadrill|Mold Breaker
|turn|38
|callback|decision
|chat|Aman13|gg
|
|move|p2a: Jirachi|Iron Head|p1a: Excadrill
|-resisted|p1a: Excadrill
|-damage|p1a: Excadrill|0 fnt
|faint|p1a: Excadrill
|
|win|Fairy Wings
|raw|Ladder updating...
|raw|Aman13's rating: 1773 &rarr; <strong>1764<\/strong><br \/>(-9 for losing)
|raw|Fairy Wings's rating: 1722 &rarr; <strong>1744<\/strong><br \/>(+22 for winning)