|join|your boss benson
|join|Aman13
|player|p1|your boss benson|169
|player|p2|Aman13|137
|gametype|singles
|tier|OU
|rated
|clearpoke
|poke|p1|Vivillon, M
|poke|p1|Gliscor, F
|poke|p1|Togekiss, F
|poke|p1|Empoleon, F
|poke|p1|Flygon, F
|poke|p1|Breloom, M
|poke|p2|Tyranitar, M
|poke|p2|Jellicent, M
|poke|p2|Excadrill, F
|poke|p2|Rotom-Wash
|poke|p2|Talonflame, F
|poke|p2|Pinsir, F
|rule|Sleep Clause Mod: Limit one foe put to sleep
|rule|Species Clause: Limit one of each Pokemon
|rule|OHKO Clause: OHKO moves are banned
|rule|Moody Clause: Moody is banned
|rule|Evasion Moves Clause: Evasion moves are banned
|rule|Endless Battle Clause: Forcing endless battles is banned.
|rule|HP Percentage Mod: HP is reported as percentages
|teampreview
|callback|decision
|
|start
|switch|p1a: NU|Flygon, F|301\/301
|switch|p2a: Rotom-Wash|Rotom-Wash|298\/298
|turn|1
|callback|decision
|
|move|p1a: NU|U-turn|p2a: Rotom-Wash
|-damage|p2a: Rotom-Wash|222\/298
|callback|decision
|
|switch|p1a: based|Togekiss, F|374\/374
|move|p2a: Rotom-Wash|Will-O-Wisp|p1a: based
|-status|p1a: based|brn
|
|-heal|p2a: Rotom-Wash|240\/298|[from] item: Leftovers
|-damage|p1a: based|328\/374 brn|[from] brn
|turn|2
|callback|decision
|
|move|p2a: Rotom-Wash|Volt Switch|p1a: based
|-supereffective|p1a: based
|-damage|p1a: based|158\/374 brn
|callback|decision
|
|switch|p2a: Tyranitar|Tyranitar, M|404\/404
|-weather|Sandstorm
|move|p1a: based|Psycho Shift|p2a: Tyranitar
|-status|p2a: Tyranitar|brn
|-curestatus|p1a: based|brn
|
|-weather|Sandstorm|[upkeep]
|-damage|p1a: based|135\/374|[from] sandstorm
|-heal|p1a: based|158\/374|[from] item: Leftovers
|-damage|p2a: Tyranitar|354\/404 brn|[from] brn
|turn|3
|callback|decision
|
|move|p1a: based|Roost|p1a: based
|-heal|p1a: based|345\/374
|move|p2a: Tyranitar|Stealth Rock|p1a: based
|-sidestart|p1: your boss benson|move: Stealth Rock
|
|-weather|Sandstorm|[upkeep]
|-damage|p1a: based|322\/374|[from] sandstorm
|-heal|p1a: based|345\/374|[from] item: Leftovers
|-heal|p2a: Tyranitar|379\/404 brn|[from] item: Leftovers
|-damage|p2a: Tyranitar|329\/404 brn|[from] brn
|turn|4
|callback|decision
|
|switch|p1a: supa fly|Gliscor, F|354\/354
|-damage|p1a: supa fly|310\/354|[from] Stealth Rock
|move|p2a: Tyranitar|Rock Slide|p1a: supa fly
|-miss|p2a: Tyranitar|p1a: supa fly
|
|-weather|Sandstorm|[upkeep]
|-heal|p2a: Tyranitar|354\/404 brn|[from] item: Leftovers
|-damage|p2a: Tyranitar|304\/404 brn|[from] brn
|-activate|p1a: supa fly|item: Toxic Orb
|-status|p1a: supa fly|tox
|turn|5
|callback|decision
|
|switch|p1a: Happy Feet|Empoleon, F|372\/372
|-damage|p1a: Happy Feet|349\/372|[from] Stealth Rock
|move|p2a: Tyranitar|Crunch|p1a: Happy Feet
|-damage|p1a: Happy Feet|279\/372
|
|-weather|Sandstorm|[upkeep]
|-heal|p2a: Tyranitar|329\/404 brn|[from] item: Leftovers
|-heal|p1a: Happy Feet|302\/372|[from] item: Leftovers
|-damage|p2a: Tyranitar|279\/404 brn|[from] brn
|turn|6
|callback|decision
|
|switch|p2a: Rotom-Wash|Rotom-Wash|240\/298
|move|p1a: Happy Feet|Defog|p2a: Rotom-Wash
|-unboost|p2a: Rotom-Wash|evasion|1
|-sideend|p1: your boss benson|Stealth Rock|[from] move: Defog|[of] p1a: Happy Feet
|
|-weather|none
|-heal|p2a: Rotom-Wash|258\/298|[from] item: Leftovers
|-heal|p1a: Happy Feet|325\/372|[from] item: Leftovers
|turn|7
|callback|decision
|
|move|p2a: Rotom-Wash|Hydro Pump|p1a: Happy Feet
|-resisted|p1a: Happy Feet
|-damage|p1a: Happy Feet|271\/372
|move|p1a: Happy Feet|Toxic|p2a: Rotom-Wash
|-status|p2a: Rotom-Wash|tox
|
|-heal|p2a: Rotom-Wash|276\/298 tox|[from] item: Leftovers
|-heal|p1a: Happy Feet|294\/372|[from] item: Leftovers
|-damage|p2a: Rotom-Wash|258\/298 tox|[from] psn
|turn|8
|callback|decision
|
|switch|p1a: supa fly|Gliscor, F|310\/354 tox
|move|p2a: Rotom-Wash|Hydro Pump|p1a: supa fly
|-supereffective|p1a: supa fly
|-damage|p1a: supa fly|0 fnt
|faint|p1a: supa fly
|
|-heal|p2a: Rotom-Wash|276\/298 tox|[from] item: Leftovers
|-damage|p2a: Rotom-Wash|240\/298 tox|[from] psn
|callback|decision
|
|switch|p1a: Adamant|Vivillon, M|301\/301
|turn|9
|callback|decision
|
|move|p1a: Adamant|Quiver Dance|p1a: Adamant
|-boost|p1a: Adamant|spa|1
|-boost|p1a: Adamant|spd|1
|-boost|p1a: Adamant|spe|1
|move|p2a: Rotom-Wash|Volt Switch|p1a: Adamant
|-supereffective|p1a: Adamant
|-damage|p1a: Adamant|55\/301
|callback|decision
|
|switch|p2a: Talonflame|Talonflame, F|309\/309
|
|turn|10
|callback|decision
|
|move|p1a: Adamant|Sleep Powder|p2a: Talonflame
|-status|p2a: Talonflame|slp
|cant|p2a: Talonflame|slp
|
|turn|11
|callback|decision
|
|switch|p2a: Tyranitar|Tyranitar, M|279\/404 brn
|-weather|Sandstorm
|move|p1a: Adamant|Hurricane|p2a: Tyranitar|[miss]
|-miss|p1a: Adamant|p2a: Tyranitar
|
|-weather|Sandstorm|[upkeep]
|-damage|p1a: Adamant|37\/301|[from] sandstorm
|-heal|p2a: Tyranitar|304\/404 brn|[from] item: Leftovers
|-damage|p2a: Tyranitar|254\/404 brn|[from] brn
|turn|12
|callback|decision
|
|move|p1a: Adamant|Bug Buzz|p2a: Tyranitar
|-supereffective|p2a: Tyranitar
|-damage|p2a: Tyranitar|68\/404 brn
|move|p2a: Tyranitar|Rock Slide|p1a: Adamant
|-supereffective|p1a: Adamant
|-damage|p1a: Adamant|0 fnt
|faint|p1a: Adamant
|
|-weather|Sandstorm|[upkeep]
|-heal|p2a: Tyranitar|93\/404 brn|[from] item: Leftovers
|-damage|p2a: Tyranitar|43\/404 brn|[from] brn
|callback|decision
|
|switch|p1a: NU|Flygon, F|301\/301
|turn|13
|callback|decision
|
|move|p1a: NU|U-turn|p2a: Tyranitar
|-supereffective|p2a: Tyranitar
|-damage|p2a: Tyranitar|0 fnt
|faint|p2a: Tyranitar
|callback|decision
|
|switch|p1a: based|Togekiss, F|345\/374
|
|-weather|Sandstorm|[upkeep]
|-damage|p1a: based|322\/374|[from] sandstorm
|-heal|p1a: based|345\/374|[from] item: Leftovers
|callback|decision
|
|switch|p2a: Excadrill|Excadrill, F|361\/361
|-ability|p2a: Excadrill|Mold Breaker
|-item|p2a: Excadrill|Air Balloon
|turn|14
|callback|decision
|chat|your boss benson|you play well
|
|switch|p1a: NU|Flygon, F|301\/301
|move|p2a: Excadrill|Earthquake|p1a: NU
|-damage|p1a: NU|76\/301
|
|-weather|Sandstorm|[upkeep]
|turn|15
|callback|decision
|
|move|p1a: NU|Fire Punch|p2a: Excadrill
|-supereffective|p2a: Excadrill
|-damage|p2a: Excadrill|107\/361
|-enditem|p2a: Excadrill|Air Balloon
|move|p2a: Excadrill|Earthquake|p1a: NU
|-damage|p1a: NU|0 fnt
|faint|p1a: NU
|
|-weather|none
|callback|decision
|
|switch|p1a: screw goku|Breloom, M|324\/324
|turn|16
|callback|decision
|
|switch|p2a: Talonflame|Talonflame, F|309\/309 slp
|move|p1a: screw goku|Substitute|p1a: screw goku
|-start|p1a: screw goku|Substitute
|-damage|p1a: screw goku|243\/324
|
|-activate|p1a: screw goku|item: Toxic Orb
|-status|p1a: screw goku|tox
|turn|17
|callback|decision
|
|switch|p2a: Jellicent|Jellicent, M|404\/404
|move|p1a: screw goku|Leech Seed|p2a: Jellicent
|-start|p2a: Jellicent|move: Leech Seed
|
|-damage|p2a: Jellicent|354\/404|[from] Leech Seed|[of] p1a: screw goku
|-heal|p1a: screw goku|293\/324 tox|[silent]
|-heal|p1a: screw goku|324\/324 tox|[from] ability: Poison Heal
|turn|18
|callback|decision
|
|move|p1a: screw goku|Substitute|p1a: screw goku
|-fail|p1a: screw goku|move: Substitute
|move|p2a: Jellicent|Scald|p1a: screw goku
|-resisted|p1a: screw goku
|-activate|p1a: screw goku|Substitute|[damage]
|
|-heal|p2a: Jellicent|379\/404|[from] item: Leftovers
|-damage|p2a: Jellicent|329\/404|[from] Leech Seed|[of] p1a: screw goku
|turn|19
|callback|decision
|
|move|p1a: screw goku|Spore|p2a: Jellicent
|-message|Sleep Clause Mod activated.
|-fail|p2a: Jellicent
|move|p2a: Jellicent|Scald|p1a: screw goku
|-resisted|p1a: screw goku
|-end|p1a: screw goku|Substitute
|
|-heal|p2a: Jellicent|354\/404|[from] item: Leftovers
|-damage|p2a: Jellicent|304\/404|[from] Leech Seed|[of] p1a: screw goku
|turn|20
|callback|decision
|
|switch|p2a: Talonflame|Talonflame, F|309\/309 slp
|move|p1a: screw goku|Substitute|p1a: screw goku
|-start|p1a: screw goku|Substitute
|-damage|p1a: screw goku|243\/324 tox
|
|-heal|p1a: screw goku|283\/324 tox|[from] ability: Poison Heal
|turn|21
|callback|decision
|
|cant|p2a: Talonflame|slp
|move|p1a: screw goku|Leech Seed|p2a: Talonflame
|-start|p2a: Talonflame|move: Leech Seed
|
|-damage|p2a: Talonflame|271\/309 slp|[from] Leech Seed|[of] p1a: screw goku
|-heal|p1a: screw goku|321\/324 tox|[silent]
|-heal|p1a: screw goku|324\/324 tox|[from] ability: Poison Heal
|turn|22
|callback|decision
|
|cant|p2a: Talonflame|slp
|move|p1a: screw goku|Spore|p2a: Talonflame
|-fail|p2a: Talonflame|slp
|
|-damage|p2a: Talonflame|233\/309 slp|[from] Leech Seed|[of] p1a: screw goku
|turn|23
|callback|decision
|
|-curestatus|p2a: Talonflame|slp
|move|p2a: Talonflame|Brave Bird|p1a: screw goku
|-supereffective|p1a: screw goku
|-end|p1a: screw goku|Substitute
|-damage|p2a: Talonflame|206\/309|[from] recoil|[of] p1a: screw goku
|move|p1a: screw goku|Substitute|p1a: screw goku
|-start|p1a: screw goku|Substitute
|-damage|p1a: screw goku|243\/324 tox
|
|-damage|p2a: Talonflame|168\/309|[from] Leech Seed|[of] p1a: screw goku
|-heal|p1a: screw goku|281\/324 tox|[silent]
|-heal|p1a: screw goku|321\/324 tox|[from] ability: Poison Heal
|turn|24
|callback|decision
|
|move|p2a: Talonflame|Brave Bird|p1a: screw goku
|-supereffective|p1a: screw goku
|-end|p1a: screw goku|Substitute
|-damage|p2a: Talonflame|141\/309|[from] recoil|[of] p1a: screw goku
|move|p1a: screw goku|Spore|p2a: Talonflame
|-status|p2a: Talonflame|slp
|
|-damage|p2a: Talonflame|103\/309 slp|[from] Leech Seed|[of] p1a: screw goku
|-heal|p1a: screw goku|324\/324 tox|[silent]
|turn|25
|callback|decision
|
|switch|p2a: Pinsir|Pinsir, F|271\/271
|move|p1a: screw goku|Substitute|p1a: screw goku
|-start|p1a: screw goku|Substitute
|-damage|p1a: screw goku|243\/324 tox
|
|-heal|p1a: screw goku|283\/324 tox|[from] ability: Poison Heal
|turn|26
|callback|decision
|
|-singleturn|p1a: screw goku|move: Focus Punch
|-formechange|p2a: Pinsir|Pinsir-Mega
|message|Pinsir has Mega Evolved into Mega Pinsir!
|move|p2a: Pinsir|Swords Dance|p2a: Pinsir
|-boost|p2a: Pinsir|atk|2
|move|p1a: screw goku|Focus Punch|p2a: Pinsir
|-crit|p2a: Pinsir
|-resisted|p2a: Pinsir
|-damage|p2a: Pinsir|205\/271
|
|-heal|p1a: screw goku|323\/324 tox|[from] ability: Poison Heal
|turn|27
|callback|decision
|
|move|p2a: Pinsir|Quick Attack|p1a: screw goku
|-supereffective|p1a: screw goku
|-end|p1a: screw goku|Substitute
|move|p1a: screw goku|Leech Seed|p2a: Pinsir
|-start|p2a: Pinsir|move: Leech Seed
|
|-damage|p2a: Pinsir|172\/271|[from] Leech Seed|[of] p1a: screw goku
|-heal|p1a: screw goku|324\/324 tox|[silent]
|turn|28
|callback|decision
|
|switch|p1a: Happy Feet|Empoleon, F|294\/372
|move|p2a: Pinsir|Quick Attack|p1a: Happy Feet
|-resisted|p1a: Happy Feet
|-damage|p1a: Happy Feet|157\/372
|
|-heal|p1a: Happy Feet|180\/372|[from] item: Leftovers
|-damage|p2a: Pinsir|139\/271|[from] Leech Seed|[of] p1a: Happy Feet
|-heal|p1a: Happy Feet|213\/372|[silent]
|turn|29
|callback|decision
|
|switch|p1a: screw goku|Breloom, M|324\/324 tox
|move|p2a: Pinsir|Earthquake|p1a: screw goku
|-resisted|p1a: screw goku
|-damage|p1a: screw goku|206\/324 tox
|
|-damage|p2a: Pinsir|106\/271|[from] Leech Seed|[of] p1a: screw goku
|-heal|p1a: screw goku|239\/324 tox|[silent]
|-heal|p1a: screw goku|279\/324 tox|[from] ability: Poison Heal
|turn|30
|callback|decision
|
|switch|p1a: Happy Feet|Empoleon, F|213\/372
|move|p2a: Pinsir|Quick Attack|p1a: Happy Feet
|-resisted|p1a: Happy Feet
|-damage|p1a: Happy Feet|92\/372
|
|-heal|p1a: Happy Feet|115\/372|[from] item: Leftovers
|-damage|p2a: Pinsir|73\/271|[from] Leech Seed|[of] p1a: Happy Feet
|-heal|p1a: Happy Feet|148\/372|[silent]
|turn|31
|callback|decision
|
|move|p2a: Pinsir|Quick Attack|p1a: Happy Feet
|-resisted|p1a: Happy Feet
|-damage|p1a: Happy Feet|30\/372
|move|p1a: Happy Feet|Scald|p2a: Pinsir
|-damage|p2a: Pinsir|0 fnt
|faint|p2a: Pinsir
|
|-heal|p1a: Happy Feet|53\/372|[from] item: Leftovers
|callback|decision
|
|switch|p2a: Rotom-Wash|Rotom-Wash|240\/298 tox
|turn|32
|callback|decision
|
|switch|p1a: screw goku|Breloom, M|279\/324 tox
|move|p2a: Rotom-Wash|Volt Switch|p1a: screw goku
|-resisted|p1a: screw goku
|-damage|p1a: screw goku|203\/324 tox
|callback|decision
|
|switch|p2a: Talonflame|Talonflame, F|103\/309 slp
|
|-heal|p1a: screw goku|243\/324 tox|[from] ability: Poison Heal
|turn|33
|callback|decision
|
|cant|p2a: Talonflame|slp
|move|p1a: screw goku|Substitute|p1a: screw goku
|-start|p1a: screw goku|Substitute
|-damage|p1a: screw goku|162\/324 tox
|
|-heal|p1a: screw goku|202\/324 tox|[from] ability: Poison Heal
|turn|34
|callback|decision
|
|-singleturn|p1a: screw goku|move: Focus Punch
|-curestatus|p2a: Talonflame|slp
|move|p2a: Talonflame|Brave Bird|p1a: screw goku
|-supereffective|p1a: screw goku
|-end|p1a: screw goku|Substitute
|-damage|p2a: Talonflame|76\/309|[from] recoil|[of] p1a: screw goku
|move|p1a: screw goku|Focus Punch|p2a: Talonflame
|-resisted|p2a: Talonflame
|-damage|p2a: Talonflame|0 fnt
|faint|p2a: Talonflame
|
|-heal|p1a: screw goku|242\/324 tox|[from] ability: Poison Heal
|callback|decision
|
|switch|p2a: Excadrill|Excadrill, F|107\/361
|-ability|p2a: Excadrill|Mold Breaker
|turn|35
|callback|decision
|
|move|p2a: Excadrill|Iron Head|p1a: screw goku
|-damage|p1a: screw goku|110\/324 tox
|move|p1a: screw goku|Spore|p2a: Excadrill
|-status|p2a: Excadrill|slp
|
|-heal|p1a: screw goku|150\/324 tox|[from] ability: Poison Heal
|turn|36
|callback|decision
|
|switch|p2a: Jellicent|Jellicent, M|304\/404
|move|p1a: screw goku|Leech Seed|p2a: Jellicent
|-start|p2a: Jellicent|move: Leech Seed
|
|-heal|p2a: Jellicent|329\/404|[from] item: Leftovers
|-damage|p2a: Jellicent|279\/404|[from] Leech Seed|[of] p1a: screw goku
|-heal|p1a: screw goku|200\/324 tox|[silent]
|-heal|p1a: screw goku|240\/324 tox|[from] ability: Poison Heal
|turn|37
|callback|decision
|
|move|p1a: screw goku|Substitute|p1a: screw goku
|-start|p1a: screw goku|Substitute
|-damage|p1a: screw goku|159\/324 tox
|move|p2a: Jellicent|Taunt|p1a: screw goku
|-start|p1a: screw goku|move: Taunt
|
|-heal|p2a: Jellicent|304\/404|[from] item: Leftovers
|-damage|p2a: Jellicent|254\/404|[from] Leech Seed|[of] p1a: screw goku
|-heal|p1a: screw goku|209\/324 tox|[silent]
|-heal|p1a: screw goku|249\/324 tox|[from] ability: Poison Heal
|turn|38
|callback|decision
|
|-singleturn|p1a: screw goku|move: Focus Punch
|move|p2a: Jellicent|Scald|p1a: screw goku
|-resisted|p1a: screw goku
|-activate|p1a: screw goku|Substitute|[damage]
|move|p1a: screw goku|Focus Punch|p2a: Jellicent
|-immune|p2a: Jellicent|[msg]
|
|-heal|p2a: Jellicent|279\/404|[from] item: Leftovers
|-damage|p2a: Jellicent|229\/404|[from] Leech Seed|[of] p1a: screw goku
|-heal|p1a: screw goku|299\/324 tox|[silent]
|-heal|p1a: screw goku|324\/324 tox|[from] ability: Poison Heal
|turn|39
|callback|decision
|
|-singleturn|p1a: screw goku|move: Focus Punch
|move|p2a: Jellicent|Scald|p1a: screw goku
|-resisted|p1a: screw goku
|-end|p1a: screw goku|Substitute
|move|p1a: screw goku|Focus Punch|p2a: Jellicent
|-immune|p2a: Jellicent|[msg]
|
|-heal|p2a: Jellicent|254\/404|[from] item: Leftovers
|-damage|p2a: Jellicent|204\/404|[from] Leech Seed|[of] p1a: screw goku
|turn|40
|callback|decision
|
|-singleturn|p1a: screw goku|move: Focus Punch
|move|p2a: Jellicent|Taunt|p1a: screw goku
|-fail|p1a: screw goku
|move|p1a: screw goku|Focus Punch|p2a: Jellicent
|-immune|p2a: Jellicent|[msg]
|
|-heal|p2a: Jellicent|229\/404|[from] item: Leftovers
|-damage|p2a: Jellicent|179\/404|[from] Leech Seed|[of] p1a: screw goku
|-end|p1a: screw goku|move: Taunt
|turn|41
|callback|decision
|
|move|p1a: screw goku|Substitute|p1a: screw goku
|-start|p1a: screw goku|Substitute
|-damage|p1a: screw goku|243\/324 tox
|move|p2a: Jellicent|Taunt|p1a: screw goku
|-start|p1a: screw goku|move: Taunt
|
|-heal|p2a: Jellicent|204\/404|[from] item: Leftovers
|-damage|p2a: Jellicent|154\/404|[from] Leech Seed|[of] p1a: screw goku
|-heal|p1a: screw goku|293\/324 tox|[silent]
|-heal|p1a: screw goku|324\/324 tox|[from] ability: Poison Heal
|turn|42
|callback|decision
|
|-singleturn|p1a: screw goku|move: Focus Punch
|move|p2a: Jellicent|Recover|p2a: Jellicent
|-heal|p2a: Jellicent|356\/404
|move|p1a: screw goku|Focus Punch|p2a: Jellicent
|-immune|p2a: Jellicent|[msg]
|
|-heal|p2a: Jellicent|381\/404|[from] item: Leftovers
|-damage|p2a: Jellicent|331\/404|[from] Leech Seed|[of] p1a: screw goku
|turn|43
|callback|decision
|
|switch|p1a: Happy Feet|Empoleon, F|53\/372
|move|p2a: Jellicent|Scald|p1a: Happy Feet
|-resisted|p1a: Happy Feet
|-damage|p1a: Happy Feet|26\/372
|
|-heal|p2a: Jellicent|356\/404|[from] item: Leftovers
|-heal|p1a: Happy Feet|49\/372|[from] item: Leftovers
|-damage|p2a: Jellicent|306\/404|[from] Leech Seed|[of] p1a: Happy Feet
|-heal|p1a: Happy Feet|99\/372|[silent]
|turn|44
|callback|decision
|
|switch|p2a: Rotom-Wash|Rotom-Wash|240\/298 tox
|move|p1a: Happy Feet|Toxic|p2a: Rotom-Wash
|-fail|p2a: Rotom-Wash|tox
|
|-heal|p2a: Rotom-Wash|258\/298 tox|[from] item: Leftovers
|-heal|p1a: Happy Feet|122\/372|[from] item: Leftovers
|-damage|p2a: Rotom-Wash|240\/298 tox|[from] psn
|turn|45
|callback|decision
|
|switch|p1a: screw goku|Breloom, M|324\/324 tox
|move|p2a: Rotom-Wash|Volt Switch|p1a: screw goku
|-crit|p1a: screw goku
|-resisted|p1a: screw goku
|-damage|p1a: screw goku|205\/324 tox
|callback|decision
|
|switch|p2a: Excadrill|Excadrill, F|107\/361 slp
|-ability|p2a: Excadrill|Mold Breaker
|
|-heal|p1a: screw goku|245\/324 tox|[from] ability: Poison Heal
|turn|46
|callback|decision
|
|cant|p2a: Excadrill|slp
|move|p1a: screw goku|Leech Seed|p2a: Excadrill
|-start|p2a: Excadrill|move: Leech Seed
|
|-damage|p2a: Excadrill|62\/361 slp|[from] Leech Seed|[of] p1a: screw goku
|-heal|p1a: screw goku|290\/324 tox|[silent]
|-heal|p1a: screw goku|324\/324 tox|[from] ability: Poison Heal
|turn|47
|callback|decision
|
|cant|p2a: Excadrill|slp
|move|p1a: screw goku|Substitute|p1a: screw goku
|-start|p1a: screw goku|Substitute
|-damage|p1a: screw goku|243\/324 tox
|
|-damage|p2a: Excadrill|17\/361 slp|[from] Leech Seed|[of] p1a: screw goku
|-heal|p1a: screw goku|288\/324 tox|[silent]
|-heal|p1a: screw goku|324\/324 tox|[from] ability: Poison Heal
|turn|48
|callback|decision
|
|cant|p2a: Excadrill|slp
|move|p1a: screw goku|Substitute|p1a: screw goku
|-fail|p1a: screw goku|move: Substitute
|
|-damage|p2a: Excadrill|0 fnt|[from] Leech Seed|[of] p1a: screw goku
|faint|p2a: Excadrill
|callback|decision
|
|switch|p2a: Jellicent|Jellicent, M|306\/404
|turn|49
|callback|decision
|
|move|p1a: screw goku|Spore|p2a: Jellicent
|-status|p2a: Jellicent|slp
|cant|p2a: Jellicent|slp
|
|-heal|p2a: Jellicent|331\/404 slp|[from] item: Leftovers
|turn|50
|callback|decision
|
|move|p1a: screw goku|Leech Seed|p2a: Jellicent
|-start|p2a: Jellicent|move: Leech Seed
|cant|p2a: Jellicent|slp
|
|-heal|p2a: Jellicent|356\/404 slp|[from] item: Leftovers
|-damage|p2a: Jellicent|306\/404 slp|[from] Leech Seed|[of] p1a: screw goku
|turn|51
|callback|decision
|
|switch|p1a: Happy Feet|Empoleon, F|122\/372
|-curestatus|p2a: Jellicent|slp
|move|p2a: Jellicent|Taunt|p1a: Happy Feet
|-start|p1a: Happy Feet|move: Taunt
|
|-heal|p2a: Jellicent|331\/404|[from] item: Leftovers
|-heal|p1a: Happy Feet|145\/372|[from] item: Leftovers
|-damage|p2a: Jellicent|281\/404|[from] Leech Seed|[of] p1a: Happy Feet
|-heal|p1a: Happy Feet|195\/372|[silent]
|turn|52
|callback|decision
|
|move|p1a: Happy Feet|Flash Cannon|p2a: Jellicent
|-resisted|p2a: Jellicent
|-damage|p2a: Jellicent|248\/404
|move|p2a: Jellicent|Scald|p1a: Happy Feet
|-resisted|p1a: Happy Feet
|-damage|p1a: Happy Feet|168\/372
|
|-heal|p1a: Happy Feet|191\/372|[from] item: Leftovers
|-heal|p2a: Jellicent|273\/404|[from] item: Leftovers
|-damage|p2a: Jellicent|223\/404|[from] Leech Seed|[of] p1a: Happy Feet
|-heal|p1a: Happy Feet|241\/372|[silent]
|turn|53
|callback|decision
|
|switch|p1a: screw goku|Breloom, M|324\/324 tox
|move|p2a: Jellicent|Will-O-Wisp|p1a: screw goku
|-fail|p1a: screw goku
|
|-heal|p2a: Jellicent|248\/404|[from] item: Leftovers
|-damage|p2a: Jellicent|198\/404|[from] Leech Seed|[of] p1a: screw goku
|turn|54
|callback|decision
|
|move|p1a: screw goku|Spore|p2a: Jellicent
|-status|p2a: Jellicent|slp
|cant|p2a: Jellicent|slp
|
|-heal|p2a: Jellicent|223\/404 slp|[from] item: Leftovers
|-damage|p2a: Jellicent|173\/404 slp|[from] Leech Seed|[of] p1a: screw goku
|turn|55
|callback|decision
|
|switch|p1a: based|Togekiss, F|345\/374
|cant|p2a: Jellicent|slp
|
|-heal|p1a: based|368\/374|[from] item: Leftovers
|-heal|p2a: Jellicent|198\/404 slp|[from] item: Leftovers
|-damage|p2a: Jellicent|148\/404 slp|[from] Leech Seed|[of] p1a: based
|-heal|p1a: based|374\/374|[silent]
|turn|56
|callback|decision
|
|move|p1a: based|Air Slash|p2a: Jellicent
|-damage|p2a: Jellicent|43\/404 slp
|cant|p2a: Jellicent|slp
|
|-heal|p2a: Jellicent|68\/404 slp|[from] item: Leftovers
|-damage|p2a: Jellicent|18\/404 slp|[from] Leech Seed|[of] p1a: based
|turn|57
|callback|decision
|
|switch|p2a: Rotom-Wash|Rotom-Wash|240\/298 tox
|move|p1a: based|Air Slash|p2a: Rotom-Wash
|-resisted|p2a: Rotom-Wash
|-damage|p2a: Rotom-Wash|174\/298 tox
|
|-heal|p2a: Rotom-Wash|192\/298 tox|[from] item: Leftovers
|-damage|p2a: Rotom-Wash|174\/298 tox|[from] psn
|turn|58
|callback|decision
|
|move|p2a: Rotom-Wash|Will-O-Wisp|p1a: based
|-status|p1a: based|brn
|move|p1a: based|Roost|p1a: based
|-fail|p1a: based
|
|-heal|p2a: Rotom-Wash|192\/298 tox|[from] item: Leftovers
|-damage|p2a: Rotom-Wash|156\/298 tox|[from] psn
|-damage|p1a: based|328\/374 brn|[from] brn
|turn|59
|callback|decision
|
|move|p2a: Rotom-Wash|Hydro Pump|p1a: based|[miss]
|-miss|p2a: Rotom-Wash|p1a: based
|move|p1a: based|Roost|p1a: based
|-heal|p1a: based|374\/374 brn
|
|-heal|p2a: Rotom-Wash|174\/298 tox|[from] item: Leftovers
|-damage|p2a: Rotom-Wash|120\/298 tox|[from] psn
|-damage|p1a: based|328\/374 brn|[from] brn
|turn|60
|callback|decision
|
|move|p2a: Rotom-Wash|Hydro Pump|p1a: based
|-damage|p1a: based|196\/374 brn
|move|p1a: based|Roost|p1a: based
|-heal|p1a: based|374\/374 brn
|
|-heal|p2a: Rotom-Wash|138\/298 tox|[from] item: Leftovers
|-damage|p2a: Rotom-Wash|66\/298 tox|[from] psn
|-damage|p1a: based|328\/374 brn|[from] brn
|turn|61
|callback|decision
|
|move|p2a: Rotom-Wash|Pain Split|p1a: based
|-sethp|p1a: based|197\/374 brn|p2a: Rotom-Wash|197\/298 tox|[from] move: Pain Split
|move|p1a: based|Roost|p1a: based
|-heal|p1a: based|374\/374 brn
|
|-heal|p2a: Rotom-Wash|215\/298 tox|[from] item: Leftovers
|-damage|p2a: Rotom-Wash|125\/298 tox|[from] psn
|-damage|p1a: based|328\/374 brn|[from] brn
|turn|62
|callback|decision
|
|move|p2a: Rotom-Wash|Volt Switch|p1a: based
|-supereffective|p1a: based
|-damage|p1a: based|160\/374 brn
|callback|decision
|
|switch|p2a: Jellicent|Jellicent, M|18\/404 slp
|move|p1a: based|Roost|p1a: based
|-heal|p1a: based|347\/374 brn
|
|-heal|p1a: based|370\/374 brn|[from] item: Leftovers
|-heal|p2a: Jellicent|43\/404 slp|[from] item: Leftovers
|-damage|p1a: based|324\/374 brn|[from] brn
|turn|63
|callback|decision
|
|switch|p2a: Rotom-Wash|Rotom-Wash|125\/298 tox
|move|p1a: based|Air Slash|p2a: Rotom-Wash
|-crit|p2a: Rotom-Wash
|-resisted|p2a: Rotom-Wash
|-damage|p2a: Rotom-Wash|30\/298 tox
|
|-heal|p2a: Rotom-Wash|48\/298 tox|[from] item: Leftovers
|-heal|p1a: based|347\/374 brn|[from] item: Leftovers
|-damage|p2a: Rotom-Wash|30\/298 tox|[from] psn
|-damage|p1a: based|301\/374 brn|[from] brn
|turn|64
|callback|decision
|
|switch|p1a: screw goku|Breloom, M|324\/324 tox
|move|p2a: Rotom-Wash|Pain Split|p1a: screw goku
|-sethp|p1a: screw goku|177\/324 tox|p2a: Rotom-Wash|177\/298 tox|[from] move: Pain Split
|
|-heal|p2a: Rotom-Wash|195\/298 tox|[from] item: Leftovers
|-damage|p2a: Rotom-Wash|159\/298 tox|[from] psn
|-heal|p1a: screw goku|217\/324 tox|[from] ability: Poison Heal
|turn|65
|callback|decision
|
|move|p2a: Rotom-Wash|Pain Split|p1a: screw goku
|-sethp|p1a: screw goku|188\/324 tox|p2a: Rotom-Wash|188\/298 tox|[from] move: Pain Split
|move|p1a: screw goku|Leech Seed|p2a: Rotom-Wash
|-start|p2a: Rotom-Wash|move: Leech Seed
|
|-heal|p2a: Rotom-Wash|206\/298 tox|[from] item: Leftovers
|-damage|p2a: Rotom-Wash|169\/298 tox|[from] Leech Seed|[of] p1a: screw goku
|-heal|p1a: screw goku|225\/324 tox|[silent]
|-damage|p2a: Rotom-Wash|115\/298 tox|[from] psn
|-heal|p1a: screw goku|265\/324 tox|[from] ability: Poison Heal
|turn|66
|callback|decision
|
|move|p2a: Rotom-Wash|Pain Split|p1a: screw goku
|-sethp|p1a: screw goku|190\/324 tox|p2a: Rotom-Wash|190\/298 tox|[from] move: Pain Split
|move|p1a: screw goku|Substitute|p1a: screw goku
|-start|p1a: screw goku|Substitute
|-damage|p1a: screw goku|109\/324 tox
|
|-heal|p2a: Rotom-Wash|208\/298 tox|[from] item: Leftovers
|-damage|p2a: Rotom-Wash|171\/298 tox|[from] Leech Seed|[of] p1a: screw goku
|-heal|p1a: screw goku|146\/324 tox|[silent]
|-damage|p2a: Rotom-Wash|99\/298 tox|[from] psn
|-heal|p1a: screw goku|186\/324 tox|[from] ability: Poison Heal
|turn|67
|callback|decision
|
|-singleturn|p1a: screw goku|move: Focus Punch
|move|p2a: Rotom-Wash|Volt Switch|p1a: screw goku
|-resisted|p1a: screw goku
|-activate|p1a: screw goku|Substitute|[damage]
|callback|decision
|
|switch|p2a: Jellicent|Jellicent, M|43\/404 slp
|move|p1a: screw goku|Focus Punch|p2a: Jellicent
|-immune|p2a: Jellicent|[msg]
|
|-heal|p2a: Jellicent|68\/404 slp|[from] item: Leftovers
|-heal|p1a: screw goku|226\/324 tox|[from] ability: Poison Heal
|turn|68
|callback|decision
|
|move|p1a: screw goku|Leech Seed|p2a: Jellicent|[miss]
|-miss|p1a: screw goku|p2a: Jellicent
|-curestatus|p2a: Jellicent|slp
|move|p2a: Jellicent|Recover|p2a: Jellicent
|-heal|p2a: Jellicent|270\/404
|
|-heal|p2a: Jellicent|295\/404|[from] item: Leftovers
|-heal|p1a: screw goku|266\/324 tox|[from] ability: Poison Heal
|turn|69
|callback|decision
|chat|your boss benson|1 job breloom
|
|move|p1a: screw goku|Leech Seed|p2a: Jellicent
|-start|p2a: Jellicent|move: Leech Seed
|move|p2a: Jellicent|Taunt|p1a: screw goku
|-start|p1a: screw goku|move: Taunt
|
|-heal|p2a: Jellicent|320\/404|[from] item: Leftovers
|-damage|p2a: Jellicent|270\/404|[from] Leech Seed|[of] p1a: screw goku
|-heal|p1a: screw goku|316\/324 tox|[silent]
|-heal|p1a: screw goku|324\/324 tox|[from] ability: Poison Heal
|turn|70
|callback|decision
|
|switch|p1a: Happy Feet|Empoleon, F|241\/372
|move|p2a: Jellicent|Recover|p2a: Jellicent
|-heal|p2a: Jellicent|404\/404
|
|-heal|p1a: Happy Feet|264\/372|[from] item: Leftovers
|-damage|p2a: Jellicent|354\/404|[from] Leech Seed|[of] p1a: Happy Feet
|-heal|p1a: Happy Feet|314\/372|[silent]
|turn|71
|callback|decision
|
|switch|p1a: screw goku|Breloom, M|324\/324 tox
|move|p2a: Jellicent|Will-O-Wisp|p1a: screw goku
|-fail|p1a: screw goku
|
|-heal|p2a: Jellicent|379\/404|[from] item: Leftovers
|-damage|p2a: Jellicent|329\/404|[from] Leech Seed|[of] p1a: screw goku
|turn|72
|callback|decision
|
|switch|p1a: Happy Feet|Empoleon, F|314\/372
|move|p2a: Jellicent|Taunt|p1a: Happy Feet
|-start|p1a: Happy Feet|move: Taunt
|
|-heal|p1a: Happy Feet|337\/372|[from] item: Leftovers
|-heal|p2a: Jellicent|354\/404|[from] item: Leftovers
|-damage|p2a: Jellicent|304\/404|[from] Leech Seed|[of] p1a: Happy Feet
|-heal|p1a: Happy Feet|372\/372|[silent]
|turn|73
|callback|decision
|
|switch|p1a: based|Togekiss, F|301\/374 brn
|move|p2a: Jellicent|Will-O-Wisp|p1a: based|[miss]
|-miss|p2a: Jellicent|p1a: based
|
|-heal|p1a: based|324\/374 brn|[from] item: Leftovers
|-heal|p2a: Jellicent|329\/404|[from] item: Leftovers
|-damage|p2a: Jellicent|279\/404|[from] Leech Seed|[of] p1a: based
|-heal|p1a: based|374\/374 brn|[silent]
|-damage|p1a: based|328\/374 brn|[from] brn
|turn|74
|callback|decision
|
|move|p1a: based|Thunder Wave|p2a: Jellicent
|-status|p2a: Jellicent|par
|move|p2a: Jellicent|Scald|p1a: based
|-crit|p1a: based
|-damage|p1a: based|217\/374 brn
|
|-heal|p1a: based|240\/374 brn|[from] item: Leftovers
|-heal|p2a: Jellicent|304\/404 par|[from] item: Leftovers
|-damage|p2a: Jellicent|254\/404 par|[from] Leech Seed|[of] p1a: based
|-heal|p1a: based|290\/374 brn|[silent]
|-damage|p1a: based|244\/374 brn|[from] brn
|turn|75
|callback|decision
|
|switch|p2a: Rotom-Wash|Rotom-Wash|99\/298 tox
|move|p1a: based|Air Slash|p2a: Rotom-Wash
|-resisted|p2a: Rotom-Wash
|-damage|p2a: Rotom-Wash|30\/298 tox
|
|-heal|p2a: Rotom-Wash|48\/298 tox|[from] item: Leftovers
|-heal|p1a: based|267\/374 brn|[from] item: Leftovers
|-damage|p2a: Rotom-Wash|30\/298 tox|[from] psn
|-damage|p1a: based|221\/374 brn|[from] brn
|turn|76
|callback|decision
|
|move|p2a: Rotom-Wash|Pain Split|p1a: based
|-sethp|p1a: based|125\/374 brn|p2a: Rotom-Wash|125\/298 tox|[from] move: Pain Split
|move|p1a: based|Air Slash|p2a: Rotom-Wash
|-resisted|p2a: Rotom-Wash
|-damage|p2a: Rotom-Wash|61\/298 tox
|
|-heal|p2a: Rotom-Wash|79\/298 tox|[from] item: Leftovers
|-heal|p1a: based|148\/374 brn|[from] item: Leftovers
|-damage|p2a: Rotom-Wash|43\/298 tox|[from] psn
|-damage|p1a: based|102\/374 brn|[from] brn
|turn|77
|callback|decision
|
|move|p2a: Rotom-Wash|Volt Switch|p1a: based
|-supereffective|p1a: based
|-damage|p1a: based|0 fnt
|faint|p1a: based
|callback|decision
|
|switch|p2a: Jellicent|Jellicent, M|254\/404 par
|
|-heal|p2a: Jellicent|279\/404 par|[from] item: Leftovers
|callback|decision
|
|switch|p1a: screw goku|Breloom, M|324\/324 tox
|turn|78
|callback|decision
|
|move|p1a: screw goku|Leech Seed|p2a: Jellicent
|-start|p2a: Jellicent|move: Leech Seed
|move|p2a: Jellicent|Taunt|p1a: screw goku
|-start|p1a: screw goku|move: Taunt
|
|-heal|p2a: Jellicent|304\/404 par|[from] item: Leftovers
|-damage|p2a: Jellicent|254\/404 par|[from] Leech Seed|[of] p1a: screw goku
|turn|79
|callback|decision
|
|switch|p1a: Happy Feet|Empoleon, F|372\/372
|move|p2a: Jellicent|Will-O-Wisp|p1a: Happy Feet
|-status|p1a: Happy Feet|brn
|
|-heal|p2a: Jellicent|279\/404 par|[from] item: Leftovers
|-damage|p2a: Jellicent|229\/404 par|[from] Leech Seed|[of] p1a: Happy Feet
|-damage|p1a: Happy Feet|326\/372 brn|[from] brn
|turn|80
|callback|decision
|
|move|p1a: Happy Feet|Flash Cannon|p2a: Jellicent
|-resisted|p2a: Jellicent
|-damage|p2a: Jellicent|192\/404 par
|move|p2a: Jellicent|Recover|p2a: Jellicent
|-heal|p2a: Jellicent|394\/404 par
|
|-heal|p1a: Happy Feet|349\/372 brn|[from] item: Leftovers
|-heal|p2a: Jellicent|404\/404 par|[from] item: Leftovers
|-damage|p2a: Jellicent|354\/404 par|[from] Leech Seed|[of] p1a: Happy Feet
|-heal|p1a: Happy Feet|372\/372 brn|[silent]
|-damage|p1a: Happy Feet|326\/372 brn|[from] brn
|turn|81
|callback|decision
|
|switch|p1a: screw goku|Breloom, M|324\/324 tox
|move|p2a: Jellicent|Scald|p1a: screw goku
|-resisted|p1a: screw goku
|-damage|p1a: screw goku|265\/324 tox
|
|-heal|p2a: Jellicent|379\/404 par|[from] item: Leftovers
|-damage|p2a: Jellicent|329\/404 par|[from] Leech Seed|[of] p1a: screw goku
|-heal|p1a: screw goku|315\/324 tox|[silent]
|-heal|p1a: screw goku|324\/324 tox|[from] ability: Poison Heal
|turn|82
|callback|decision
|
|move|p1a: screw goku|Spore|p2a: Jellicent
|-fail|p2a: Jellicent
|move|p2a: Jellicent|Taunt|p1a: screw goku
|-start|p1a: screw goku|move: Taunt
|
|-heal|p2a: Jellicent|354\/404 par|[from] item: Leftovers
|-damage|p2a: Jellicent|304\/404 par|[from] Leech Seed|[of] p1a: screw goku
|turn|83
|callback|decision
|
|-singleturn|p1a: screw goku|move: Focus Punch
|move|p2a: Jellicent|Scald|p1a: screw goku
|-resisted|p1a: screw goku
|-damage|p1a: screw goku|264\/324 tox
|cant|p1a: screw goku|flinch|Focus Punch
|
|-heal|p2a: Jellicent|329\/404 par|[from] item: Leftovers
|-damage|p2a: Jellicent|279\/404 par|[from] Leech Seed|[of] p1a: screw goku
|-heal|p1a: screw goku|314\/324 tox|[silent]
|-heal|p1a: screw goku|324\/324 tox|[from] ability: Poison Heal
|turn|84
|callback|decision
|
|-singleturn|p1a: screw goku|move: Focus Punch
|cant|p2a: Jellicent|par
|move|p1a: screw goku|Focus Punch|p2a: Jellicent
|-immune|p2a: Jellicent|[msg]
|
|-heal|p2a: Jellicent|304\/404 par|[from] item: Leftovers
|-damage|p2a: Jellicent|254\/404 par|[from] Leech Seed|[of] p1a: screw goku
|turn|85
|callback|decision
|
|-singleturn|p1a: screw goku|move: Focus Punch
|move|p2a: Jellicent|Recover|p2a: Jellicent
|-heal|p2a: Jellicent|404\/404 par
|move|p1a: screw goku|Focus Punch|p2a: Jellicent
|-immune|p2a: Jellicent|[msg]
|
|-damage|p2a: Jellicent|354\/404 par|[from] Leech Seed|[of] p1a: screw goku
|-end|p1a: screw goku|move: Taunt
|turn|86
|callback|decision
|
|move|p1a: screw goku|Substitute|p1a: screw goku
|-start|p1a: screw goku|Substitute
|-damage|p1a: screw goku|243\/324 tox
|cant|p2a: Jellicent|par
|
|-heal|p2a: Jellicent|379\/404 par|[from] item: Leftovers
|-damage|p2a: Jellicent|329\/404 par|[from] Leech Seed|[of] p1a: screw goku
|-heal|p1a: screw goku|293\/324 tox|[silent]
|-heal|p1a: screw goku|324\/324 tox|[from] ability: Poison Heal
|turn|87
|callback|decision
|chat|your boss benson|this is gona drag on forever
|
|move|p1a: screw goku|Spore|p2a: Jellicent
|-fail|p2a: Jellicent
|cant|p2a: Jellicent|par
|
|-heal|p2a: Jellicent|354\/404 par|[from] item: Leftovers
|-damage|p2a: Jellicent|304\/404 par|[from] Leech Seed|[of] p1a: screw goku
|turn|88
|callback|decision
|chat|Aman13|I know
|chat|Aman13|Dig the nick, BTW
|chat|your boss benson|thanks
|
|move|p1a: screw goku|Spore|p2a: Jellicent
|-fail|p2a: Jellicent
|move|p2a: Jellicent|Taunt|p1a: screw goku
|-start|p1a: screw goku|move: Taunt
|
|-heal|p2a: Jellicent|329\/404 par|[from] item: Leftovers
|-damage|p2a: Jellicent|279\/404 par|[from] Leech Seed|[of] p1a: screw goku
|turn|89
|callback|decision
|
|-singleturn|p1a: screw goku|move: Focus Punch
|move|p2a: Jellicent|Recover|p2a: Jellicent
|-heal|p2a: Jellicent|404\/404 par
|move|p1a: screw goku|Focus Punch|p2a: Jellicent
|-immune|p2a: Jellicent|[msg]
|
|-damage|p2a: Jellicent|354\/404 par|[from] Leech Seed|[of] p1a: screw goku
|turn|90
|callback|decision
|
|-singleturn|p1a: screw goku|move: Focus Punch
|move|p2a: Jellicent|Scald|p1a: screw goku
|-resisted|p1a: screw goku
|-activate|p1a: screw goku|Substitute|[damage]
|move|p1a: screw goku|Focus Punch|p2a: Jellicent
|-immune|p2a: Jellicent|[msg]
|
|-heal|p2a: Jellicent|379\/404 par|[from] item: Leftovers
|-damage|p2a: Jellicent|329\/404 par|[from] Leech Seed|[of] p1a: screw goku
|turn|91
|callback|decision
|
|-singleturn|p1a: screw goku|move: Focus Punch
|move|p2a: Jellicent|Scald|p1a: screw goku
|-resisted|p1a: screw goku
|-end|p1a: screw goku|Substitute
|move|p1a: screw goku|Focus Punch|p2a: Jellicent
|-immune|p2a: Jellicent|[msg]
|
|-heal|p2a: Jellicent|354\/404 par|[from] item: Leftovers
|-damage|p2a: Jellicent|304\/404 par|[from] Leech Seed|[of] p1a: screw goku
|-end|p1a: screw goku|move: Taunt
|turn|92
|callback|decision
|
|move|p1a: screw goku|Substitute|p1a: screw goku
|-start|p1a: screw goku|Substitute
|-damage|p1a: screw goku|243\/324 tox
|move|p2a: Jellicent|Taunt|p1a: screw goku
|-start|p1a: screw goku|move: Taunt
|
|-heal|p2a: Jellicent|329\/404 par|[from] item: Leftovers
|-damage|p2a: Jellicent|279\/404 par|[from] Leech Seed|[of] p1a: screw goku
|-heal|p1a: screw goku|293\/324 tox|[silent]
|-heal|p1a: screw goku|324\/324 tox|[from] ability: Poison Heal
|turn|93
|callback|decision
|
|-singleturn|p1a: screw goku|move: Focus Punch
|move|p2a: Jellicent|Recover|p2a: Jellicent
|-heal|p2a: Jellicent|404\/404 par
|move|p1a: screw goku|Focus Punch|p2a: Jellicent
|-immune|p2a: Jellicent|[msg]
|
|-damage|p2a: Jellicent|354\/404 par|[from] Leech Seed|[of] p1a: screw goku
|turn|94
|callback|decision
|
|-singleturn|p1a: screw goku|move: Focus Punch
|move|p2a: Jellicent|Scald|p1a: screw goku
|-resisted|p1a: screw goku
|-activate|p1a: screw goku|Substitute|[damage]
|move|p1a: screw goku|Focus Punch|p2a: Jellicent
|-immune|p2a: Jellicent|[msg]
|
|-heal|p2a: Jellicent|379\/404 par|[from] item: Leftovers
|-damage|p2a: Jellicent|329\/404 par|[from] Leech Seed|[of] p1a: screw goku
|turn|95
|callback|decision
|
|-singleturn|p1a: screw goku|move: Focus Punch
|move|p2a: Jellicent|Scald|p1a: screw goku
|-resisted|p1a: screw goku
|-end|p1a: screw goku|Substitute
|move|p1a: screw goku|Focus Punch|p2a: Jellicent
|-immune|p2a: Jellicent|[msg]
|
|-heal|p2a: Jellicent|354\/404 par|[from] item: Leftovers
|-damage|p2a: Jellicent|304\/404 par|[from] Leech Seed|[of] p1a: screw goku
|-end|p1a: screw goku|move: Taunt
|turn|96
|callback|decision
|
|move|p1a: screw goku|Substitute|p1a: screw goku
|-start|p1a: screw goku|Substitute
|-damage|p1a: screw goku|243\/324 tox
|move|p2a: Jellicent|Taunt|p1a: screw goku
|-start|p1a: screw goku|move: Taunt
|
|-heal|p2a: Jellicent|329\/404 par|[from] item: Leftovers
|-damage|p2a: Jellicent|279\/404 par|[from] Leech Seed|[of] p1a: screw goku
|-heal|p1a: screw goku|293\/324 tox|[silent]
|-heal|p1a: screw goku|324\/324 tox|[from] ability: Poison Heal
|turn|97
|callback|decision
|
|-singleturn|p1a: screw goku|move: Focus Punch
|move|p2a: Jellicent|Recover|p2a: Jellicent
|-heal|p2a: Jellicent|404\/404 par
|move|p1a: screw goku|Focus Punch|p2a: Jellicent
|-immune|p2a: Jellicent|[msg]
|
|-damage|p2a: Jellicent|354\/404 par|[from] Leech Seed|[of] p1a: screw goku
|turn|98
|callback|decision
|
|-singleturn|p1a: screw goku|move: Focus Punch
|move|p2a: Jellicent|Scald|p1a: screw goku
|-resisted|p1a: screw goku
|-activate|p1a: screw goku|Substitute|[damage]
|move|p1a: screw goku|Focus Punch|p2a: Jellicent
|-immune|p2a: Jellicent|[msg]
|
|-heal|p2a: Jellicent|379\/404 par|[from] item: Leftovers
|-damage|p2a: Jellicent|329\/404 par|[from] Leech Seed|[of] p1a: screw goku
|turn|99
|callback|decision
|chat|your boss benson|should've used toxic. gg
|
|-singleturn|p1a: screw goku|move: Focus Punch
|move|p2a: Jellicent|Scald|p1a: screw goku
|-resisted|p1a: screw goku
|-end|p1a: screw goku|Substitute
|move|p1a: screw goku|Focus Punch|p2a: Jellicent
|-immune|p2a: Jellicent|[msg]
|
|-heal|p2a: Jellicent|354\/404 par|[from] item: Leftovers
|-damage|p2a: Jellicent|304\/404 par|[from] Leech Seed|[of] p1a: screw goku
|-end|p1a: screw goku|move: Taunt
|turn|100
|callback|decision
|-message|your boss benson forfeited.
|
|win|Aman13
|raw|Ladder updating...
|leave|your boss benson
|player|p1
|raw|your boss benson's rating: 1803 &rarr; <strong>1796<\/strong><br \/>(-7 for losing)
|raw|Aman13's rating: 1571 &rarr; <strong>1620<\/strong><br \/>(+49 for winning)
|join|your boss benson
|leave|Aman13
|player|p2