|join|Champion Arceus
|join|Aman13
|player|p1|Champion Arceus|163
|player|p2|Aman13|137
|gametype|singles
|gen|6
|tier|OU
|clearpoke
|poke|p1|Jolteon, M
|poke|p1|Alakazam, F, shiny
|poke|p1|Latios, M, shiny
|poke|p1|Latias, F, shiny
|poke|p1|Espeon, F
|poke|p1|Greninja, M, shiny
|poke|p2|Tyranitar, F
|poke|p2|Clefable, M
|poke|p2|Rotom-Wash
|poke|p2|Excadrill, F
|poke|p2|Talonflame, M
|poke|p2|Pinsir, M
|rule|Sleep Clause Mod: Limit one foe put to sleep
|rule|Species Clause: Limit one of each Pokemon
|rule|OHKO Clause: OHKO moves are banned
|rule|Moody Clause: Moody is banned
|rule|Evasion Moves Clause: Evasion moves are banned
|rule|Endless Battle Clause: Forcing endless battles is banned.
|rule|HP Percentage Mod: HP is reported as percentages
|teampreview
|chat|Aman13|Hey
|chat|Champion Arceus|this ought to be interesting
|
|start
|switch|p1a: Jolteon|Jolteon, M|271\/271
|switch|p2a: Rotom-Wash|Rotom-Wash|298\/298
|turn|1
|
|move|p1a: Jolteon|Dig|p2a: Rotom-Wash|[still]
|-prepare|p1a: Jolteon|Dig|p2a: Rotom-Wash
|move|p2a: Rotom-Wash|Will-O-Wisp|p1a: Jolteon|[miss]
|-miss|p2a: Rotom-Wash|p1a: Jolteon
|
|turn|2
|
|move|p1a: Jolteon|Dig|p2a: Rotom-Wash
|-immune|p2a: Rotom-Wash|[msg]
|move|p2a: Rotom-Wash|Will-O-Wisp|p1a: Jolteon
|-status|p1a: Jolteon|brn
|
|-damage|p1a: Jolteon|238\/271 brn|[from] brn
|turn|3
|
|move|p1a: Jolteon|Shadow Ball|p2a: Rotom-Wash
|-damage|p2a: Rotom-Wash|216\/298
|move|p2a: Rotom-Wash|Hydro Pump|p1a: Jolteon
|-damage|p1a: Jolteon|73\/271 brn
|
|-heal|p2a: Rotom-Wash|234\/298|[from] item: Leftovers
|-damage|p1a: Jolteon|40\/271 brn|[from] brn
|turn|4
|
|switch|p2a: Tyranitar|Tyranitar, F|404\/404
|-weather|Sandstorm
|move|p1a: Jolteon|Shadow Ball|p2a: Tyranitar
|-resisted|p2a: Tyranitar
|-damage|p2a: Tyranitar|383\/404
|
|-weather|Sandstorm|[upkeep]
|-damage|p1a: Jolteon|24\/271 brn|[from] sandstorm
|-heal|p2a: Tyranitar|404\/404|[from] item: Leftovers
|-damage|p1a: Jolteon|0 fnt|[from] brn
|faint|p1a: Jolteon
|
|switch|p1a: Greninja|Greninja, M, shiny|285\/285
|turn|5
|
|-start|p1a: Greninja|typechange|Grass|[from] Protean
|move|p1a: Greninja|Grass Knot|p2a: Tyranitar
|-supereffective|p2a: Tyranitar
|-damage|p2a: Tyranitar|234\/404
|move|p2a: Tyranitar|Rock Slide|p1a: Greninja
|-damage|p1a: Greninja|105\/285
|
|-weather|Sandstorm|[upkeep]
|-damage|p1a: Greninja|88\/285|[from] sandstorm
|-heal|p2a: Tyranitar|259\/404|[from] item: Leftovers
|turn|6
|
|move|p1a: Greninja|Grass Knot|p2a: Tyranitar
|-supereffective|p2a: Tyranitar
|-damage|p2a: Tyranitar|79\/404
|move|p2a: Tyranitar|Stealth Rock|p1a: Greninja
|-sidestart|p1: Champion Arceus|move: Stealth Rock
|
|-weather|Sandstorm|[upkeep]
|-damage|p1a: Greninja|71\/285|[from] sandstorm
|-heal|p2a: Tyranitar|104\/404|[from] item: Leftovers
|turn|7
|
|switch|p2a: Talonflame|Talonflame, M|297\/297
|move|p1a: Greninja|Grass Knot|p2a: Talonflame
|-resisted|p2a: Talonflame
|-damage|p2a: Talonflame|276\/297
|
|-weather|Sandstorm|[upkeep]
|-damage|p1a: Greninja|54\/285|[from] sandstorm
|-damage|p2a: Talonflame|258\/297|[from] sandstorm
|turn|8
|
|move|p2a: Talonflame|Brave Bird|p1a: Greninja
|-supereffective|p1a: Greninja
|-damage|p1a: Greninja|0 fnt
|-damage|p2a: Talonflame|240\/297|[from] recoil|[of] p1a: Greninja
|faint|p1a: Greninja
|
|-weather|none
|chat|Champion Arceus|whats your talonflame's speed?
|
|switch|p1a: Alakazam|Alakazam, F, shiny|252\/252
|turn|9
|chat|Aman13|It's max speed neutral nature
|chat|Champion Arceus|my greninja's speed is 377! how'd you outspeed me?
|
|switch|p2a: Tyranitar|Tyranitar, F|104\/404
|-weather|Sandstorm
|-formechange|p1a: Alakazam|Alakazam-Mega
|message|Alakazam has Mega Evolved into Mega Alakazam!
|-ability|p1a: Alakazam|Sand Stream|[from] ability: Trace|[of] p2a: Tyranitar
|move|p1a: Alakazam|Future Sight|p2a: Tyranitar
|-start|p1a: Alakazam|move: Future Sight
|
|-weather|Sandstorm|[upkeep]
|-damage|p1a: Alakazam|237\/252|[from] sandstorm
|-heal|p2a: Tyranitar|129\/404|[from] item: Leftovers
|turn|10
|chat|Aman13|Gale wings usually helps
|chat|Champion Arceus|*faceplam* forgot about that...
|
|move|p1a: Alakazam|Focus Blast|p2a: Tyranitar
|-supereffective|p2a: Tyranitar
|-damage|p2a: Tyranitar|0 fnt
|faint|p2a: Tyranitar
|
|-weather|Sandstorm|[upkeep]
|-damage|p1a: Alakazam|222\/252|[from] sandstorm
|
|switch|p2a: Talonflame|Talonflame, M|240\/297
|turn|11
|
|move|p2a: Talonflame|Brave Bird|p1a: Alakazam
|-damage|p1a: Alakazam|0 fnt
|-damage|p2a: Talonflame|167\/297|[from] recoil|[of] p1a: Alakazam
|faint|p1a: Alakazam
|
|-weather|Sandstorm|[upkeep]
|-damage|p2a: Talonflame|149\/297|[from] sandstorm
|-message|Future Sight hit! (placeholder)
|-damage|p2a: Talonflame|0 fnt
|faint|p2a: Talonflame
|
|switch|p1a: Latias|Latias, F, shiny|364\/364
|-damage|p1a: Latias|319\/364|[from] Stealth Rock
|switch|p2a: Pinsir|Pinsir, M|271\/271
|turn|12
|
|move|p1a: Latias|Reflect|p1a: Latias
|-sidestart|p1: Champion Arceus|Reflect
|move|p2a: Pinsir|Swords Dance|p2a: Pinsir
|-boost|p2a: Pinsir|atk|2
|
|-weather|Sandstorm|[upkeep]
|-damage|p1a: Latias|297\/364|[from] sandstorm
|-damage|p2a: Pinsir|255\/271|[from] sandstorm
|turn|13
|
|-formechange|p2a: Pinsir|Pinsir-Mega
|message|Pinsir has Mega Evolved into Mega Pinsir!
|move|p1a: Latias|Toxic|p2a: Pinsir
|-status|p2a: Pinsir|tox
|move|p2a: Pinsir|Return|p1a: Latias
|-damage|p1a: Latias|0 fnt
|faint|p1a: Latias
|
|-weather|none
|-damage|p2a: Pinsir|239\/271 tox|[from] psn
|
|switch|p1a: Espeon|Espeon, F|334\/334
|-damage|p1a: Espeon|293\/334|[from] Stealth Rock
|turn|14
|
|move|p2a: Pinsir|Quick Attack|p1a: Espeon
|-damage|p1a: Espeon|104\/334
|move|p1a: Espeon|Hidden Power|p2a: Pinsir
|-crit|p2a: Pinsir
|-supereffective|p2a: Pinsir
|-damage|p2a: Pinsir|57\/271 tox
|
|-damage|p2a: Pinsir|25\/271 tox|[from] psn
|turn|15
|
|move|p1a: Espeon|Detect|p1a: Espeon
|-singleturn|p1a: Espeon|Protect
|move|p2a: Pinsir|Quick Attack|p1a: Espeon
|-activate|p1a: Espeon|Protect
|
|-damage|p2a: Pinsir|0 fnt|[from] psn
|faint|p2a: Pinsir
|
|switch|p2a: Excadrill|Excadrill, F|362\/362
|-ability|p2a: Excadrill|Mold Breaker
|turn|16
|chat|Champion Arceus|do you mind if i share the replay?
|
|move|p2a: Excadrill|Earthquake|p1a: Espeon
|-damage|p1a: Espeon|0 fnt
|faint|p1a: Espeon
|
|-sideend|p1: Champion Arceus|Reflect
|chat|Aman13|Go ahead
|chat|Champion Arceus|ok
|
|switch|p1a: Latios|Latios, M, shiny|364\/364
|-damage|p1a: Latios|319\/364|[from] Stealth Rock
|turn|17
|
|move|p2a: Excadrill|Earthquake|p1a: Latios
|-damage|p1a: Latios|79\/364
|move|p1a: Latios|Energy Ball|p2a: Excadrill
|-crit|p2a: Excadrill
|-damage|p2a: Excadrill|94\/362
|
|turn|18
|
|move|p2a: Excadrill|Earthquake|p1a: Latios
|-damage|p1a: Latios|0 fnt
|faint|p1a: Latios
|
|win|Aman13
|chat|Aman13|gg
|chat|Champion Arceus|gg