|join|Omega Yui Itsuki
|join|Aman13
|player|p1|Omega Yui Itsuki|249
|player|p2|Aman13|68
|gametype|singles
|gen|6
|tier|OU (suspect test)
|rated
|clearpoke
|poke|p1|Gengar, F
|poke|p1|Scizor, M
|poke|p1|Gardevoir, F
|poke|p1|Mamoswine, M
|poke|p1|Ferrothorn, M
|poke|p1|Talonflame, M
|poke|p2|Lopunny, M
|poke|p2|Raikou
|poke|p2|Landorus-Therian, M
|poke|p2|Kyurem-Black
|poke|p2|Starmie
|poke|p2|Bisharp, M
|rule|Swagger Clause: Swagger is banned
|rule|Baton Pass Clause: Limit one PokÃ©mon knowing Baton Pass
|rule|Sleep Clause Mod: Limit one foe put to sleep
|rule|Species Clause: Limit one of each PokÃ©mon
|rule|OHKO Clause: OHKO moves are banned
|rule|Moody Clause: Moody is banned
|rule|Evasion Moves Clause: Evasion moves are banned
|rule|Endless Battle Clause: Forcing endless battles is banned
|rule|HP Percentage Mod: HP is shown in percentages
|teampreview
|
|start
|switch|p1a: Scizor|Scizor, M|282\/282
|switch|p2a: Kyurem-Black|Kyurem-Black|391\/391
|-ability|p2a: Kyurem-Black|Teravolt
|turn|1
|
|switch|p2a: Landorus-Therian|Landorus-Therian, M|382\/382
|-ability|p2a: Landorus-Therian|Intimidate|[of] p1a: Scizor
|-unboost|p1a: Scizor|atk|1
|move|p1a: Scizor|Aerial Ace|p2a: Landorus-Therian
|-crit|p2a: Landorus-Therian
|-damage|p2a: Landorus-Therian|166\/382
|
|-heal|p2a: Landorus-Therian|189\/382|[from] item: Leftovers
|turn|2
|
|switch|p1a: Ferrothorn|Ferrothorn, M|313\/313
|move|p2a: Landorus-Therian|Stealth Rock|p1a: Ferrothorn
|-sidestart|p1: Omega Yui Itsuki|move: Stealth Rock
|
|-heal|p2a: Landorus-Therian|212\/382|[from] item: Leftovers
|turn|3
|
|move|p2a: Landorus-Therian|Earthquake|p1a: Ferrothorn
|-damage|p1a: Ferrothorn|190\/313
|move|p1a: Ferrothorn|Stealth Rock|p2a: Landorus-Therian
|-sidestart|p2: Aman13|move: Stealth Rock
|
|-heal|p2a: Landorus-Therian|235\/382|[from] item: Leftovers
|-heal|p1a: Ferrothorn|209\/313|[from] item: Leftovers
|turn|4
|
|move|p2a: Landorus-Therian|Earthquake|p1a: Ferrothorn
|-damage|p1a: Ferrothorn|88\/313
|move|p1a: Ferrothorn|Leech Seed|p2a: Landorus-Therian
|-start|p2a: Landorus-Therian|move: Leech Seed
|
|-heal|p2a: Landorus-Therian|258\/382|[from] item: Leftovers
|-heal|p1a: Ferrothorn|107\/313|[from] item: Leftovers
|-damage|p2a: Landorus-Therian|211\/382|[from] Leech Seed|[of] p1a: Ferrothorn
|-heal|p1a: Ferrothorn|154\/313|[silent]
|turn|5
|
|switch|p2a: Raikou|Raikou|321\/321
|-damage|p2a: Raikou|281\/321|[from] Stealth Rock
|-ability|p2a: Raikou|Pressure
|switch|p1a: Talonflame|Talonflame, M|323\/323
|-damage|p1a: Talonflame|162\/323|[from] Stealth Rock
|
|-heal|p1a: Talonflame|182\/323|[from] item: Leftovers
|turn|6
|
|move|p2a: Raikou|Volt Switch|p1a: Talonflame
|-supereffective|p1a: Talonflame
|-damage|p1a: Talonflame|0 fnt
|faint|p1a: Talonflame
|
|switch|p2a: Lopunny|Lopunny, M|271\/271
|-damage|p2a: Lopunny|238\/271|[from] Stealth Rock
|
|
|switch|p1a: Ferrothorn|Ferrothorn, M|154\/313
|-damage|p1a: Ferrothorn|135\/313|[from] Stealth Rock
|turn|7
|
|detailschange|p2a: Lopunny|Lopunny-Mega, M
|-mega|p2a: Lopunny|Lopunny|Lopunnite
|move|p2a: Lopunny|High Jump Kick|p1a: Ferrothorn
|-supereffective|p1a: Ferrothorn
|-damage|p1a: Ferrothorn|0 fnt
|-damage|p2a: Lopunny|205\/271|[from] ability: Iron Barbs|[of] p1a: Ferrothorn
|faint|p1a: Ferrothorn
|
|
|switch|p1a: Scizor|Scizor, M|282\/282
|-damage|p1a: Scizor|247\/282|[from] Stealth Rock
|turn|8
|
|move|p2a: Lopunny|High Jump Kick|p1a: Scizor
|-damage|p1a: Scizor|22\/282
|move|p1a: Scizor|Superpower|p2a: Lopunny
|-supereffective|p2a: Lopunny
|-damage|p2a: Lopunny|0 fnt
|-unboost|p1a: Scizor|atk|1
|-unboost|p1a: Scizor|def|1
|faint|p2a: Lopunny
|
|
|switch|p2a: Starmie|Starmie|262\/262
|-damage|p2a: Starmie|230\/262|[from] Stealth Rock
|turn|9
|
|move|p2a: Starmie|Rapid Spin|p1a: Scizor
|-resisted|p1a: Scizor
|-damage|p1a: Scizor|10\/282
|-sideend|p2: Aman13|Stealth Rock|[from] move: Rapid Spin|[of] p2a: Starmie
|-damage|p2a: Starmie|204\/262|[from] item: Life Orb
|move|p1a: Scizor|Superpower|p2a: Starmie
|-resisted|p2a: Starmie
|-damage|p2a: Starmie|121\/262
|-unboost|p1a: Scizor|atk|1
|-unboost|p1a: Scizor|def|1
|
|turn|10
|
|move|p2a: Starmie|Hydro Pump|p1a: Scizor|[miss]
|-miss|p2a: Starmie|p1a: Scizor
|move|p1a: Scizor|Superpower|p2a: Starmie
|-resisted|p2a: Starmie
|-damage|p2a: Starmie|57\/262
|-unboost|p1a: Scizor|atk|1
|-unboost|p1a: Scizor|def|1
|
|turn|11
|
|move|p2a: Starmie|Psyshock|p1a: Scizor
|-resisted|p1a: Scizor
|-damage|p1a: Scizor|0 fnt
|-damage|p2a: Starmie|31\/262|[from] item: Life Orb
|faint|p1a: Scizor
|
|
|switch|p1a: Mamoswine|Mamoswine, M|362\/362
|-damage|p1a: Mamoswine|317\/362|[from] Stealth Rock
|turn|12
|
|move|p1a: Mamoswine|Ice Shard|p2a: Starmie
|-resisted|p2a: Starmie
|-damage|p2a: Starmie|0 fnt
|faint|p2a: Starmie
|
|
|switch|p2a: Kyurem-Black|Kyurem-Black|391\/391
|-ability|p2a: Kyurem-Black|Teravolt
|turn|13
|
|move|p2a: Kyurem-Black|Ice Beam|p1a: Mamoswine
|-damage|p1a: Mamoswine|137\/362
|move|p1a: Mamoswine|Earthquake|p2a: Kyurem-Black
|-damage|p2a: Kyurem-Black|190\/391
|
|turn|14
|
|move|p1a: Mamoswine|Ice Shard|p2a: Kyurem-Black
|-crit|p2a: Kyurem-Black
|-damage|p2a: Kyurem-Black|70\/391
|move|p2a: Kyurem-Black|Ice Beam|p1a: Mamoswine
|-damage|p1a: Mamoswine|0 fnt
|faint|p1a: Mamoswine
|
|
|switch|p1a: Gengar|Gengar, F|262\/262
|-damage|p1a: Gengar|230\/262|[from] Stealth Rock
|turn|15
|
|move|p2a: Kyurem-Black|Ice Beam|p1a: Gengar
|-damage|p1a: Gengar|71\/262
|move|p1a: Gengar|Shadow Ball|p2a: Kyurem-Black
|-damage|p2a: Kyurem-Black|0 fnt
|faint|p2a: Kyurem-Black
|
|
|switch|p2a: Bisharp|Bisharp, M|272\/272
|turn|16
|
|move|p1a: Gengar|Destiny Bond|p1a: Gengar
|-singlemove|p1a: Gengar|Destiny Bond
|move|p2a: Bisharp|Iron Head|p1a: Gengar
|-damage|p1a: Gengar|0 fnt
|faint|p1a: Gengar
|-activate|p1a: Gengar|Destiny Bond
|faint|p2a: Bisharp
|
|
|switch|p1a: Gardevoir|Gardevoir, F|277\/277
|switch|p2a: Landorus-Therian|Landorus-Therian, M|211\/382
|-damage|p1a: Gardevoir|243\/277|[from] Stealth Rock
|-ability|p2a: Landorus-Therian|Intimidate|[of] p1a: Gardevoir
|-unboost|p1a: Gardevoir|atk|1
|turn|17
|
|detailschange|p1a: Gardevoir|Gardevoir-Mega, F
|-mega|p1a: Gardevoir|Gardevoir|Gardevoirite
|move|p1a: Gardevoir|Hyper Voice|p2a: Landorus-Therian
|-damage|p2a: Landorus-Therian|0 fnt
|faint|p2a: Landorus-Therian
|
|
|switch|p2a: Raikou|Raikou|281\/321
|-ability|p2a: Raikou|Pressure
|turn|18
|
|move|p2a: Raikou|Thunderbolt|p1a: Gardevoir
|-damage|p1a: Gardevoir|138\/277
|move|p1a: Gardevoir|Hyper Voice|p2a: Raikou
|-damage|p2a: Raikou|109\/321
|
|turn|19
|
|move|p2a: Raikou|Shadow Ball|p1a: Gardevoir
|-supereffective|p1a: Gardevoir
|-damage|p1a: Gardevoir|4\/277
|move|p1a: Gardevoir|Hyper Voice|p2a: Raikou
|-damage|p2a: Raikou|0 fnt
|faint|p2a: Raikou
|
|win|Omega Yui Itsuki
|raw|Ladder updating...
|raw|Omega Yui Itsuki's rating: 1301 &rarr; <strong>1319<\/strong><br \/>(+18 for winning)
|raw|Aman13's rating: 1271 &rarr; <strong>1248<\/strong><br \/>(-23 for losing)
|c|âAman13|gg
|c|âOmega Yui Itsuki|gg
|leave|Aman13
|player|p2