|join|22dula
|join|Emblema de Fuego
|player|p1|22dula|265
|player|p2|Emblema de Fuego|265
|gametype|singles
|gen|6
|tier|UU
|rated
|rule|Sleep Clause Mod: Limit one foe put to sleep
|rule|Species Clause: Limit one of each PokÃ©mon
|rule|OHKO Clause: OHKO moves are banned
|rule|Moody Clause: Moody is banned
|rule|Evasion Moves Clause: Evasion moves are banned
|rule|Endless Battle Clause: Forcing endless battles is banned
|rule|HP Percentage Mod: HP is shown in percentages
|clearpoke
|poke|p1|Aerodactyl, M
|poke|p1|Tentacruel, F
|poke|p1|Infernape, M
|poke|p1|Scrafty, M
|poke|p1|Gligar, M
|poke|p1|Porygon-Z
|poke|p2|Absol, F
|poke|p2|Fletchinder, F, shiny
|poke|p2|Donphan, M
|poke|p2|Uxie
|poke|p2|Raikou, shiny
|poke|p2|Zygarde
|rule|Swagger Clause: Swagger is banned
|rule|Baton Pass Clause: Limit one PokÃ©mon knowing Baton Pass
|teampreview
|
|start
|switch|p1a: Porygon-Z|Porygon-Z|311\/311
|switch|p2a: Angela|Absol, F|271\/271
|-ability|p2a: Angela|Pressure
|turn|1
|
|detailschange|p2a: Angela|Absol-Mega, F
|-mega|p2a: Angela|Absol|Absolite
|move|p2a: Angela|Protect|p2a: Angela
|-singleturn|p2a: Angela|Protect
|move|p1a: Porygon-Z|Tri Attack|p2a: Angela
|-activate|p2a: Angela|Protect
|
|turn|2
|
|switch|p2a: Uzzzi|Uxie|353\/353
|move|p1a: Porygon-Z|Tri Attack|p2a: Uzzzi
|-damage|p2a: Uzzzi|139\/353
|
|-heal|p2a: Uzzzi|161\/353|[from] item: Leftovers
|turn|3
|
|move|p1a: Porygon-Z|Tri Attack|p2a: Uzzzi
|-damage|p2a: Uzzzi|0 fnt
|faint|p2a: Uzzzi
|
|
|switch|p2a: Musho|Raikou, shiny|321\/321
|-ability|p2a: Musho|Pressure
|turn|4
|
|switch|p1a: Scrafty|Scrafty, M|334\/334
|move|p2a: Musho|Calm Mind|p2a: Musho
|-boost|p2a: Musho|spa|1
|-boost|p2a: Musho|spd|1
|
|turn|5
|
|move|p2a: Musho|Substitute|p2a: Musho
|-start|p2a: Musho|Substitute
|-damage|p2a: Musho|241\/321
|move|p1a: Scrafty|Knock Off|p2a: Musho
|-end|p2a: Musho|Substitute
|
|-heal|p2a: Musho|261\/321|[from] item: Leftovers
|turn|6
|
|switch|p2a: 5|Fletchinder, F, shiny|327\/327
|move|p1a: Scrafty|Knock Off|p2a: 5
|-damage|p2a: 5|210\/327
|
|turn|7
|
|switch|p1a: Gligar|Gligar, M|334\/334
|move|p2a: 5|Will-O-Wisp|p1a: Gligar
|-status|p1a: Gligar|brn
|
|-damage|p1a: Gligar|293\/334 brn|[from] brn
|turn|8
|
|switch|p2a: Angela|Absol-Mega, F|271\/271
|move|p1a: Gligar|U-turn|p2a: Angela
|-supereffective|p2a: Angela
|-damage|p2a: Angela|203\/271
|
|switch|p1a: Porygon-Z|Porygon-Z|311\/311
|
|turn|9
|
|move|p2a: Angela|Protect|p2a: Angela
|-singleturn|p2a: Angela|Protect
|move|p1a: Porygon-Z|Tri Attack|p2a: Angela
|-activate|p2a: Angela|Protect
|
|turn|10
|
|move|p2a: Angela|Sucker Punch|p1a: Porygon-Z
|-damage|p1a: Porygon-Z|109\/311
|move|p1a: Porygon-Z|Tri Attack|p2a: Angela
|-damage|p2a: Angela|0 fnt
|faint|p2a: Angela
|
|
|switch|p2a: Musho|Raikou, shiny|261\/321
|-ability|p2a: Musho|Pressure
|turn|11
|
|switch|p1a: Scrafty|Scrafty, M|334\/334
|move|p2a: Musho|Thunderbolt|p1a: Scrafty
|-damage|p1a: Scrafty|238\/334
|
|-heal|p2a: Musho|281\/321|[from] item: Leftovers
|-heal|p1a: Scrafty|258\/334|[from] item: Leftovers
|turn|12
|
|switch|p2a: Rodolfo|Donphan, M|383\/383
|move|p1a: Scrafty|Knock Off|p2a: Rodolfo
|-damage|p2a: Rodolfo|313\/383
|-enditem|p2a: Rodolfo|Leftovers|[from] move: Knock Off|[of] p1a: Scrafty
|
|-heal|p1a: Scrafty|278\/334|[from] item: Leftovers
|turn|13
|
|move|p1a: Scrafty|Bulk Up|p1a: Scrafty
|-boost|p1a: Scrafty|atk|1
|-boost|p1a: Scrafty|def|1
|move|p2a: Rodolfo|Earthquake|p1a: Scrafty
|-damage|p1a: Scrafty|191\/334
|
|-heal|p1a: Scrafty|211\/334|[from] item: Leftovers
|turn|14
|
|move|p1a: Scrafty|Drain Punch|p2a: Rodolfo
|-damage|p2a: Rodolfo|228\/383
|-heal|p1a: Scrafty|254\/334|[from] drain|[of] p2a: Rodolfo
|move|p2a: Rodolfo|Roar|p1a: Scrafty
|drag|p1a: Tentacruel|Tentacruel, F|364\/364
|
|turn|15
|
|move|p1a: Tentacruel|Scald|p2a: Rodolfo
|-supereffective|p2a: Rodolfo
|-damage|p2a: Rodolfo|22\/383
|-status|p2a: Rodolfo|brn
|move|p2a: Rodolfo|Earthquake|p1a: Tentacruel
|-supereffective|p1a: Tentacruel
|-damage|p1a: Tentacruel|188\/364
|
|-heal|p1a: Tentacruel|210\/364|[from] item: Black Sludge
|-damage|p2a: Rodolfo|0 fnt|[from] brn
|faint|p2a: Rodolfo
|
|switch|p2a: Lagarton|Zygarde|407\/407
|-ability|p2a: Lagarton|Aura Break
|turn|16
|
|switch|p1a: Aerodactyl|Aerodactyl, M|301\/301
|move|p2a: Lagarton|Substitute|p2a: Lagarton
|-start|p2a: Lagarton|Substitute
|-damage|p2a: Lagarton|306\/407
|
|-heal|p2a: Lagarton|331\/407|[from] item: Leftovers
|turn|17
|
|detailschange|p1a: Aerodactyl|Aerodactyl-Mega, M
|-mega|p1a: Aerodactyl|Aerodactyl|Aerodactylite
|move|p1a: Aerodactyl|Aerial Ace|p2a: Lagarton
|-end|p2a: Lagarton|Substitute
|move|p2a: Lagarton|Coil|p2a: Lagarton
|-boost|p2a: Lagarton|atk|1
|-boost|p2a: Lagarton|def|1
|-boost|p2a: Lagarton|accuracy|1
|
|-heal|p2a: Lagarton|356\/407|[from] item: Leftovers
|turn|18
|
|move|p1a: Aerodactyl|Hone Claws|p1a: Aerodactyl
|-boost|p1a: Aerodactyl|atk|1
|-boost|p1a: Aerodactyl|accuracy|1
|move|p2a: Lagarton|Substitute|p2a: Lagarton
|-start|p2a: Lagarton|Substitute
|-damage|p2a: Lagarton|255\/407
|
|-heal|p2a: Lagarton|280\/407|[from] item: Leftovers
|turn|19
|
|move|p1a: Aerodactyl|Aerial Ace|p2a: Lagarton
|-end|p2a: Lagarton|Substitute
|move|p2a: Lagarton|Coil|p2a: Lagarton
|-boost|p2a: Lagarton|atk|1
|-boost|p2a: Lagarton|def|1
|-boost|p2a: Lagarton|accuracy|1
|
|-heal|p2a: Lagarton|305\/407|[from] item: Leftovers
|turn|20
|
|move|p1a: Aerodactyl|Aerial Ace|p2a: Lagarton
|-damage|p2a: Lagarton|211\/407
|move|p2a: Lagarton|Dragon Tail|p1a: Aerodactyl
|-damage|p1a: Aerodactyl|139\/301
|drag|p1a: Gligar|Gligar, M|293\/334 brn
|
|-heal|p2a: Lagarton|236\/407|[from] item: Leftovers
|-damage|p1a: Gligar|252\/334 brn|[from] brn
|turn|21
|
|move|p2a: Lagarton|Substitute|p2a: Lagarton
|-start|p2a: Lagarton|Substitute
|-damage|p2a: Lagarton|135\/407
|move|p1a: Gligar|Stealth Rock|p2a: Lagarton
|-sidestart|p2: Emblema de Fuego|move: Stealth Rock
|
|-heal|p2a: Lagarton|160\/407|[from] item: Leftovers
|-damage|p1a: Gligar|211\/334 brn|[from] brn
|turn|22
|
|move|p2a: Lagarton|Coil|p2a: Lagarton
|-boost|p2a: Lagarton|atk|1
|-boost|p2a: Lagarton|def|1
|-boost|p2a: Lagarton|accuracy|1
|move|p1a: Gligar|Earthquake|p2a: Lagarton
|-activate|p2a: Lagarton|Substitute|[damage]
|
|-heal|p2a: Lagarton|185\/407|[from] item: Leftovers
|-damage|p1a: Gligar|170\/334 brn|[from] brn
|turn|23
|
|move|p2a: Lagarton|Coil|p2a: Lagarton
|-boost|p2a: Lagarton|atk|1
|-boost|p2a: Lagarton|def|1
|-boost|p2a: Lagarton|accuracy|1
|move|p1a: Gligar|Roost|p1a: Gligar
|-heal|p1a: Gligar|334\/334 brn
|
|-heal|p2a: Lagarton|210\/407|[from] item: Leftovers
|-damage|p1a: Gligar|293\/334 brn|[from] brn
|turn|24
|
|move|p2a: Lagarton|Coil|p2a: Lagarton
|-boost|p2a: Lagarton|atk|1
|-boost|p2a: Lagarton|def|1
|-boost|p2a: Lagarton|accuracy|1
|move|p1a: Gligar|Earthquake|p2a: Lagarton
|-activate|p2a: Lagarton|Substitute|[damage]
|
|-heal|p2a: Lagarton|235\/407|[from] item: Leftovers
|-damage|p1a: Gligar|252\/334 brn|[from] brn
|turn|25
|
|move|p2a: Lagarton|Coil|p2a: Lagarton
|-boost|p2a: Lagarton|atk|1
|-boost|p2a: Lagarton|def|1
|-boost|p2a: Lagarton|accuracy|1
|move|p1a: Gligar|U-turn|p2a: Lagarton
|-activate|p2a: Lagarton|Substitute|[damage]
|
|switch|p1a: Aerodactyl|Aerodactyl-Mega, M|139\/301
|
|-heal|p2a: Lagarton|260\/407|[from] item: Leftovers
|turn|26
|
|move|p1a: Aerodactyl|Aerial Ace|p2a: Lagarton
|-crit|p2a: Lagarton
|-end|p2a: Lagarton|Substitute
|move|p2a: Lagarton|Substitute|p2a: Lagarton
|-start|p2a: Lagarton|Substitute
|-damage|p2a: Lagarton|159\/407
|
|-heal|p2a: Lagarton|184\/407|[from] item: Leftovers
|turn|27
|
|move|p1a: Aerodactyl|Aerial Ace|p2a: Lagarton
|-activate|p2a: Lagarton|Substitute|[damage]
|move|p2a: Lagarton|Dragon Tail|p1a: Aerodactyl
|-damage|p1a: Aerodactyl|0 fnt
|faint|p1a: Aerodactyl
|
|-heal|p2a: Lagarton|209\/407|[from] item: Leftovers
|
|switch|p1a: Tentacruel|Tentacruel, F|210\/364
|turn|28
|
|move|p1a: Tentacruel|Haze|p1a: Tentacruel
|-clearallboost
|move|p2a: Lagarton|Earthquake|p1a: Tentacruel
|-supereffective|p1a: Tentacruel
|-damage|p1a: Tentacruel|0 fnt
|faint|p1a: Tentacruel
|
|-heal|p2a: Lagarton|234\/407|[from] item: Leftovers
|
|switch|p1a: Porygon-Z|Porygon-Z|109\/311
|turn|29
|
|move|p1a: Porygon-Z|Tri Attack|p2a: Lagarton
|-end|p2a: Lagarton|Substitute
|move|p2a: Lagarton|Earthquake|p1a: Porygon-Z
|-damage|p1a: Porygon-Z|0 fnt
|faint|p1a: Porygon-Z
|
|-heal|p2a: Lagarton|259\/407|[from] item: Leftovers
|
|switch|p1a: Scrafty|Scrafty, M|254\/334
|turn|30
|
|move|p2a: Lagarton|Coil|p2a: Lagarton
|-boost|p2a: Lagarton|atk|1
|-boost|p2a: Lagarton|def|1
|-boost|p2a: Lagarton|accuracy|1
|move|p1a: Scrafty|Knock Off|p2a: Lagarton
|-damage|p2a: Lagarton|199\/407
|-enditem|p2a: Lagarton|Leftovers|[from] move: Knock Off|[of] p1a: Scrafty
|
|-heal|p1a: Scrafty|274\/334|[from] item: Leftovers
|turn|31
|
|move|p2a: Lagarton|Substitute|p2a: Lagarton
|-start|p2a: Lagarton|Substitute
|-damage|p2a: Lagarton|98\/407
|move|p1a: Scrafty|Bulk Up|p1a: Scrafty
|-boost|p1a: Scrafty|atk|1
|-boost|p1a: Scrafty|def|1
|
|-heal|p1a: Scrafty|294\/334|[from] item: Leftovers
|turn|32
|
|move|p1a: Scrafty|Bulk Up|p1a: Scrafty
|-boost|p1a: Scrafty|atk|1
|-boost|p1a: Scrafty|def|1
|move|p2a: Lagarton|Dragon Tail|p1a: Scrafty
|-damage|p1a: Scrafty|248\/334
|drag|p1a: Infernape|Infernape, M|293\/293
|
|turn|33
|
|move|p1a: Infernape|U-turn|p2a: Lagarton
|-activate|p2a: Lagarton|Substitute|[damage]
|
|switch|p1a: Gligar|Gligar, M|252\/334 brn
|move|p2a: Lagarton|Dragon Tail|p1a: Gligar
|-damage|p1a: Gligar|206\/334 brn
|drag|p1a: Infernape|Infernape, M|293\/293
|
|turn|34
|
|move|p1a: Infernape|U-turn|p2a: Lagarton
|-activate|p2a: Lagarton|Substitute|[damage]
|
|switch|p1a: Gligar|Gligar, M|206\/334 brn
|move|p2a: Lagarton|Coil|p2a: Lagarton
|-boost|p2a: Lagarton|atk|1
|-boost|p2a: Lagarton|def|1
|-boost|p2a: Lagarton|accuracy|1
|
|-damage|p1a: Gligar|165\/334 brn|[from] brn
|turn|35
|
|move|p2a: Lagarton|Coil|p2a: Lagarton
|-boost|p2a: Lagarton|atk|1
|-boost|p2a: Lagarton|def|1
|-boost|p2a: Lagarton|accuracy|1
|move|p1a: Gligar|Earthquake|p2a: Lagarton
|-activate|p2a: Lagarton|Substitute|[damage]
|
|-damage|p1a: Gligar|124\/334 brn|[from] brn
|turn|36
|
|move|p2a: Lagarton|Coil|p2a: Lagarton
|-boost|p2a: Lagarton|atk|1
|-boost|p2a: Lagarton|def|1
|-boost|p2a: Lagarton|accuracy|1
|move|p1a: Gligar|Earthquake|p2a: Lagarton
|-end|p2a: Lagarton|Substitute
|
|-damage|p1a: Gligar|83\/334 brn|[from] brn
|turn|37
|
|move|p2a: Lagarton|Substitute|p2a: Lagarton
|-fail|p2a: Lagarton|move: Substitute|[weak]
|move|p1a: Gligar|Earthquake|p2a: Lagarton
|-damage|p2a: Lagarton|85\/407
|
|-damage|p1a: Gligar|42\/334 brn|[from] brn
|turn|38
|
|move|p1a: Gligar|Earthquake|p2a: Lagarton
|-damage|p2a: Lagarton|70\/407
|move|p2a: Lagarton|Dragon Tail|p1a: Gligar
|-damage|p1a: Gligar|0 fnt
|faint|p1a: Gligar
|
|
|switch|p1a: Infernape|Infernape, M|293\/293
|turn|39
|
|move|p1a: Infernape|Grass Knot|p2a: Lagarton
|-damage|p2a: Lagarton|0 fnt
|faint|p2a: Lagarton
|
|
|switch|p2a: 5|Fletchinder, F, shiny|210\/327
|-damage|p2a: 5|47\/327|[from] Stealth Rock
|turn|40
|
|move|p2a: 5|Acrobatics|p1a: Infernape
|-supereffective|p1a: Infernape
|-damage|p1a: Infernape|0 fnt
|faint|p1a: Infernape
|
|
|switch|p1a: Scrafty|Scrafty, M|248\/334
|turn|41
|
|move|p2a: 5|Roost|p2a: 5
|-heal|p2a: 5|211\/327
|move|p1a: Scrafty|Drain Punch|p2a: 5
|-damage|p2a: 5|79\/327
|-heal|p1a: Scrafty|314\/334|[from] drain|[of] p2a: 5
|
|-heal|p1a: Scrafty|334\/334|[from] item: Leftovers
|turn|42
|
|move|p2a: 5|Will-O-Wisp|p1a: Scrafty
|-status|p1a: Scrafty|brn
|move|p1a: Scrafty|Bulk Up|p1a: Scrafty
|-boost|p1a: Scrafty|atk|1
|-boost|p1a: Scrafty|def|1
|
|-activate|p1a: Scrafty|ability: Shed Skin
|-curestatus|p1a: Scrafty|brn
|turn|43
|c|âEmblema de Fuego|comon
|
|move|p2a: 5|Will-O-Wisp|p1a: Scrafty
|-status|p1a: Scrafty|brn
|move|p1a: Scrafty|Drain Punch|p2a: 5
|-resisted|p2a: 5
|-damage|p2a: 5|30\/327
|
|-damage|p1a: Scrafty|293\/334 brn|[from] brn
|turn|44
|
|move|p2a: 5|Roost|p2a: 5
|-heal|p2a: 5|194\/327
|move|p1a: Scrafty|Bulk Up|p1a: Scrafty
|-boost|p1a: Scrafty|atk|1
|-boost|p1a: Scrafty|def|1
|
|-heal|p1a: Scrafty|313\/334 brn|[from] item: Leftovers
|-damage|p1a: Scrafty|272\/334 brn|[from] brn
|turn|45
|
|move|p2a: 5|Swords Dance|p2a: 5
|-boost|p2a: 5|atk|2
|move|p1a: Scrafty|Bulk Up|p1a: Scrafty
|-boost|p1a: Scrafty|atk|1
|-boost|p1a: Scrafty|def|1
|
|-heal|p1a: Scrafty|292\/334 brn|[from] item: Leftovers
|-damage|p1a: Scrafty|251\/334 brn|[from] brn
|turn|46
|
|move|p2a: 5|Acrobatics|p1a: Scrafty
|-supereffective|p1a: Scrafty
|-damage|p1a: Scrafty|57\/334 brn
|move|p1a: Scrafty|Bulk Up|p1a: Scrafty
|-boost|p1a: Scrafty|atk|1
|-boost|p1a: Scrafty|def|1
|
|-heal|p1a: Scrafty|77\/334 brn|[from] item: Leftovers
|-damage|p1a: Scrafty|36\/334 brn|[from] brn
|turn|47
|
|move|p2a: 5|Acrobatics|p1a: Scrafty
|-supereffective|p1a: Scrafty
|-damage|p1a: Scrafty|0 fnt
|faint|p1a: Scrafty
|
|win|Emblema de Fuego
|raw|Ladder updating...
|c|âEmblema de Fuego|gg
|c|â22dula|gg
|raw|22dula's rating: 1462 &rarr; <strong>1444<\/strong><br \/>(-18 for losing)
|raw|Emblema de Fuego's rating: 1488 &rarr; <strong>1507<\/strong><br \/>(+19 for winning)
|leave|22dula
|player|p1