|join|Metal Sonic
|join|Emblema de Fuego
|player|p1|Metal Sonic|102
|player|p2|Emblema de Fuego|101
|gametype|singles
|gen|6
|tier|UU
|rated
|rule|Sleep Clause Mod: Limit one foe put to sleep
|rule|Species Clause: Limit one of each PokÃ©mon
|rule|OHKO Clause: OHKO moves are banned
|rule|Moody Clause: Moody is banned
|rule|Evasion Moves Clause: Evasion moves are banned
|rule|Endless Battle Clause: Forcing endless battles is banned
|rule|HP Percentage Mod: HP is shown in percentages
|clearpoke
|poke|p1|Zygarde
|poke|p1|Beedrill, F
|poke|p1|Jirachi
|poke|p1|Crobat, M
|poke|p1|Chesnaught, M
|poke|p1|Suicune
|poke|p2|Absol, F
|poke|p2|Fletchinder, F, shiny
|poke|p2|Donphan, M
|poke|p2|Uxie
|poke|p2|Raikou, shiny
|poke|p2|Zygarde
|rule|Swagger Clause: Swagger is banned
|rule|Baton Pass Clause: Limit one PokÃ©mon knowing Baton Pass
|teampreview
|
|start
|switch|p1a: Jirachi|Jirachi|401\/401
|switch|p2a: Angela|Absol, F|271\/271
|-ability|p2a: Angela|Pressure
|turn|1
|join|Mlle Noob
|
|switch|p1a: Chesnaught|Chesnaught, M|380\/380
|detailschange|p2a: Angela|Absol-Mega, F
|-mega|p2a: Angela|Absol|Absolite
|move|p2a: Angela|Protect|p2a: Angela
|-fail|p2a: Angela
|
|turn|2
|
|switch|p2a: Uzzzi|Uxie|353\/353
|move|p1a: Chesnaught|Spiky Shield|p1a: Chesnaught
|-fail|p1a: Chesnaught
|
|turn|3
|
|move|p2a: Uzzzi|Stealth Rock|p1a: Chesnaught
|-sidestart|p1: Metal Sonic|move: Stealth Rock
|move|p1a: Chesnaught|Leech Seed|p2a: Uzzzi
|-start|p2a: Uzzzi|move: Leech Seed
|
|-damage|p2a: Uzzzi|309\/353|[from] Leech Seed|[of] p1a: Chesnaught
|turn|4
|
|switch|p2a: 5|Fletchinder, F, shiny|327\/327
|move|p1a: Chesnaught|Spikes|p2a: 5
|-sidestart|p2: Emblema de Fuego|Spikes
|
|turn|5
|
|switch|p1a: Suicune|Suicune|404\/404
|-damage|p1a: Suicune|354\/404|[from] Stealth Rock
|-ability|p1a: Suicune|Pressure
|move|p2a: 5|Swords Dance|p2a: 5
|-boost|p2a: 5|atk|2
|
|-heal|p1a: Suicune|379\/404|[from] item: Leftovers
|turn|6
|
|switch|p2a: Uzzzi|Uxie|309\/353
|move|p1a: Suicune|Scald|p2a: Uzzzi
|-damage|p2a: Uzzzi|248\/353
|-status|p2a: Uzzzi|brn
|
|-heal|p2a: Uzzzi|270\/353 brn|[from] item: Leftovers
|-heal|p1a: Suicune|404\/404|[from] item: Leftovers
|-damage|p2a: Uzzzi|226\/353 brn|[from] brn
|turn|7
|
|switch|p1a: Crobat|Crobat, M|374\/374
|-damage|p1a: Crobat|281\/374|[from] Stealth Rock
|move|p2a: Uzzzi|Yawn|p1a: Crobat
|-start|p1a: Crobat|move: Yawn|[of] p2a: Uzzzi
|
|-heal|p1a: Crobat|304\/374|[from] item: Black Sludge
|-heal|p2a: Uzzzi|248\/353 brn|[from] item: Leftovers
|-damage|p2a: Uzzzi|204\/353 brn|[from] brn
|turn|8
|
|move|p1a: Crobat|Defog|p2a: Uzzzi
|-unboost|p2a: Uzzzi|evasion|1
|-sideend|p2: Emblema de Fuego|Spikes|[from] move: Defog|[of] p2a: Uzzzi
|-sideend|p1: Metal Sonic|Stealth Rock|[from] move: Defog|[of] p1a: Crobat
|move|p2a: Uzzzi|U-turn|p1a: Crobat
|-resisted|p1a: Crobat
|-damage|p1a: Crobat|297\/374
|
|switch|p2a: Lagarton|Zygarde|407\/407
|-ability|p2a: Lagarton|Aura Break
|
|-status|p1a: Crobat|slp
|-heal|p1a: Crobat|320\/374 slp|[from] item: Black Sludge
|turn|9
|
|switch|p1a: Chesnaught|Chesnaught, M|380\/380
|move|p2a: Lagarton|Substitute|p2a: Lagarton
|-start|p2a: Lagarton|Substitute
|-damage|p2a: Lagarton|306\/407
|
|-heal|p2a: Lagarton|331\/407|[from] item: Leftovers
|turn|10
|
|move|p2a: Lagarton|Coil|p2a: Lagarton
|-boost|p2a: Lagarton|atk|1
|-boost|p2a: Lagarton|def|1
|-boost|p2a: Lagarton|accuracy|1
|move|p1a: Chesnaught|Wood Hammer|p2a: Lagarton
|-activate|p2a: Lagarton|Substitute|[damage]
|-damage|p1a: Chesnaught|353\/380|[from] recoil|[of] p2a: Lagarton
|
|-heal|p2a: Lagarton|356\/407|[from] item: Leftovers
|-heal|p1a: Chesnaught|376\/380|[from] item: Leftovers
|turn|11
|
|move|p2a: Lagarton|Coil|p2a: Lagarton
|-boost|p2a: Lagarton|atk|1
|-boost|p2a: Lagarton|def|1
|-boost|p2a: Lagarton|accuracy|1
|move|p1a: Chesnaught|Wood Hammer|p2a: Lagarton
|-end|p2a: Lagarton|Substitute
|-damage|p1a: Chesnaught|370\/380|[from] recoil|[of] p2a: Lagarton
|
|-heal|p2a: Lagarton|381\/407|[from] item: Leftovers
|-heal|p1a: Chesnaught|380\/380|[from] item: Leftovers
|turn|12
|
|switch|p1a: Beedrill|Beedrill, F|271\/271
|move|p2a: Lagarton|Substitute|p2a: Lagarton
|-start|p2a: Lagarton|Substitute
|-damage|p2a: Lagarton|280\/407
|
|-heal|p2a: Lagarton|305\/407|[from] item: Leftovers
|turn|13
|
|detailschange|p1a: Beedrill|Beedrill-Mega, F
|-mega|p1a: Beedrill|Beedrill|Beedrillite
|move|p1a: Beedrill|U-turn|p2a: Lagarton
|-activate|p2a: Lagarton|Substitute|[damage]
|
|switch|p1a: Suicune|Suicune|404\/404
|-ability|p1a: Suicune|Pressure
|move|p2a: Lagarton|Dragon Tail|p1a: Suicune
|-damage|p1a: Suicune|314\/404
|drag|p1a: Chesnaught|Chesnaught, M|380\/380
|
|-heal|p2a: Lagarton|330\/407|[from] item: Leftovers
|turn|14
|
|move|p2a: Lagarton|Coil|p2a: Lagarton
|-boost|p2a: Lagarton|atk|1
|-boost|p2a: Lagarton|def|1
|-boost|p2a: Lagarton|accuracy|1
|move|p1a: Chesnaught|Wood Hammer|p2a: Lagarton
|-end|p2a: Lagarton|Substitute
|-damage|p1a: Chesnaught|374\/380|[from] recoil|[of] p2a: Lagarton
|
|-heal|p2a: Lagarton|355\/407|[from] item: Leftovers
|-heal|p1a: Chesnaught|380\/380|[from] item: Leftovers
|turn|15
|
|switch|p1a: Suicune|Suicune|314\/404
|-ability|p1a: Suicune|Pressure
|move|p2a: Lagarton|Substitute|p2a: Lagarton
|-start|p2a: Lagarton|Substitute
|-damage|p2a: Lagarton|254\/407
|
|-heal|p2a: Lagarton|279\/407|[from] item: Leftovers
|-heal|p1a: Suicune|339\/404|[from] item: Leftovers
|turn|16
|
|move|p1a: Suicune|Scald|p2a: Lagarton
|-activate|p2a: Lagarton|Substitute|[damage]
|move|p2a: Lagarton|Dragon Tail|p1a: Suicune
|-damage|p1a: Suicune|221\/404
|drag|p1a: Zygarde|Zygarde|419\/419
|-ability|p1a: Zygarde|Aura Break
|
|-heal|p2a: Lagarton|304\/407|[from] item: Leftovers
|turn|17
|
|move|p2a: Lagarton|Dragon Tail|p1a: Zygarde
|-supereffective|p1a: Zygarde
|-damage|p1a: Zygarde|119\/419
|drag|p1a: Chesnaught|Chesnaught, M|380\/380
|
|-heal|p2a: Lagarton|329\/407|[from] item: Leftovers
|turn|18
|
|move|p2a: Lagarton|Coil|p2a: Lagarton
|-boost|p2a: Lagarton|atk|1
|-boost|p2a: Lagarton|def|1
|-boost|p2a: Lagarton|accuracy|1
|move|p1a: Chesnaught|Wood Hammer|p2a: Lagarton
|-activate|p2a: Lagarton|Substitute|[damage]
|-damage|p1a: Chesnaught|367\/380|[from] recoil|[of] p2a: Lagarton
|
|-heal|p2a: Lagarton|354\/407|[from] item: Leftovers
|-heal|p1a: Chesnaught|380\/380|[from] item: Leftovers
|turn|19
|
|move|p2a: Lagarton|Coil|p2a: Lagarton
|-boost|p2a: Lagarton|atk|1
|-boost|p2a: Lagarton|def|1
|-boost|p2a: Lagarton|accuracy|1
|move|p1a: Chesnaught|Wood Hammer|p2a: Lagarton
|-end|p2a: Lagarton|Substitute
|-damage|p1a: Chesnaught|379\/380|[from] recoil|[of] p2a: Lagarton
|
|-heal|p2a: Lagarton|379\/407|[from] item: Leftovers
|-heal|p1a: Chesnaught|380\/380|[from] item: Leftovers
|turn|20
|
|switch|p1a: Crobat|Crobat, M|320\/374 slp
|move|p2a: Lagarton|Substitute|p2a: Lagarton
|-start|p2a: Lagarton|Substitute
|-damage|p2a: Lagarton|278\/407
|
|-heal|p1a: Crobat|343\/374 slp|[from] item: Black Sludge
|-heal|p2a: Lagarton|303\/407|[from] item: Leftovers
|turn|21
|
|cant|p1a: Crobat|slp
|move|p2a: Lagarton|Dragon Tail|p1a: Crobat
|-damage|p1a: Crobat|22\/374 slp
|drag|p1a: Jirachi|Jirachi|401\/401
|
|-heal|p2a: Lagarton|328\/407|[from] item: Leftovers
|turn|22
|
|move|p1a: Jirachi|Iron Head|p2a: Lagarton
|-activate|p2a: Lagarton|Substitute|[damage]
|move|p2a: Lagarton|Earthquake|p1a: Jirachi
|-supereffective|p1a: Jirachi
|-damage|p1a: Jirachi|0 fnt
|faint|p1a: Jirachi
|
|-heal|p2a: Lagarton|353\/407|[from] item: Leftovers
|
|switch|p1a: Crobat|Crobat, M|22\/374 slp
|turn|23
|
|-curestatus|p1a: Crobat|slp
|move|p1a: Crobat|Taunt|p2a: Lagarton
|-start|p2a: Lagarton|move: Taunt
|move|p2a: Lagarton|Dragon Tail|p1a: Crobat
|-damage|p1a: Crobat|0 fnt
|faint|p1a: Crobat
|
|-heal|p2a: Lagarton|378\/407|[from] item: Leftovers
|
|switch|p1a: Suicune|Suicune|221\/404
|-ability|p1a: Suicune|Pressure
|turn|24
|
|move|p2a: Lagarton|Earthquake|p1a: Suicune
|-damage|p1a: Suicune|0 fnt
|faint|p1a: Suicune
|
|-heal|p2a: Lagarton|403\/407|[from] item: Leftovers
|c|âMetal Sonic|gg
|-message|Metal Sonic forfeited.
|
|win|Emblema de Fuego
|raw|Ladder updating...
|leave|Metal Sonic
|player|p1
|c|âEmblema de Fuego|gg
|raw|Metal Sonic's rating: 1412 &rarr; <strong>1398<\/strong><br \/>(-14 for losing)
|raw|Emblema de Fuego's rating: 1524 &rarr; <strong>1538<\/strong><br \/>(+14 for winning)