|join|Century Express
|join|Emblema de Fuego
|player|p1|Century Express|37
|player|p2|Emblema de Fuego|102
|gametype|singles
|gen|6
|tier|UU
|rated
|rule|Sleep Clause Mod: Limit one foe put to sleep
|rule|Species Clause: Limit one of each PokÃ©mon
|rule|OHKO Clause: OHKO moves are banned
|rule|Moody Clause: Moody is banned
|rule|Evasion Moves Clause: Evasion moves are banned
|rule|Endless Battle Clause: Forcing endless battles is banned
|rule|HP Percentage Mod: HP is shown in percentages
|clearpoke
|poke|p1|Alakazam, M
|poke|p1|Suicune
|poke|p1|Crobat, M
|poke|p1|Umbreon, M
|poke|p1|Nidoqueen, F
|poke|p1|Jirachi
|poke|p2|Absol, F
|poke|p2|Fletchinder, F, shiny
|poke|p2|Donphan, M
|poke|p2|Uxie
|poke|p2|Raikou, shiny
|poke|p2|Zygarde
|rule|Swagger Clause: Swagger is banned
|rule|Baton Pass Clause: Limit one PokÃ©mon knowing Baton Pass
|teampreview
|
|start
|switch|p1a: Czarina|Nidoqueen, F|360\/360
|switch|p2a: Angela|Absol, F|271\/271
|-ability|p2a: Angela|Pressure
|turn|1
|
|detailschange|p2a: Angela|Absol-Mega, F
|-mega|p2a: Angela|Absol|Absolite
|move|p2a: Angela|Protect|p2a: Angela
|-singleturn|p2a: Angela|Protect
|move|p1a: Czarina|Sludge Wave|p2a: Angela
|-activate|p2a: Angela|Protect
|
|turn|2
|
|switch|p2a: Uzzzi|Uxie|353\/353
|move|p1a: Czarina|Sludge Wave|p2a: Uzzzi
|-damage|p2a: Uzzzi|201\/353
|
|-heal|p2a: Uzzzi|223\/353|[from] item: Leftovers
|turn|3
|
|move|p2a: Uzzzi|Knock Off|p1a: Czarina
|-damage|p1a: Czarina|290\/360
|-enditem|p1a: Czarina|Life Orb|[from] move: Knock Off|[of] p2a: Uzzzi
|move|p1a: Czarina|Sludge Wave|p2a: Uzzzi
|-damage|p2a: Uzzzi|112\/353
|
|-heal|p2a: Uzzzi|134\/353|[from] item: Leftovers
|turn|4
|
|switch|p1a: Purple Haze|Crobat, M|355\/355
|move|p2a: Uzzzi|Stealth Rock|p1a: Purple Haze
|-sidestart|p1: Century Express|move: Stealth Rock
|
|-heal|p2a: Uzzzi|156\/353|[from] item: Leftovers
|turn|5
|
|switch|p2a: Musho|Raikou, shiny|321\/321
|-ability|p2a: Musho|Pressure
|move|p1a: Purple Haze|Defog|p2a: Musho
|-unboost|p2a: Musho|evasion|1
|-sideend|p1: Century Express|Stealth Rock|[from] move: Defog|[of] p1a: Purple Haze
|
|turn|6
|
|switch|p1a: Shadowplay|Umbreon, M|390\/390
|move|p2a: Musho|Substitute|p2a: Musho
|-start|p2a: Musho|Substitute
|-damage|p2a: Musho|241\/321
|
|-heal|p2a: Musho|261\/321|[from] item: Leftovers
|turn|7
|
|move|p2a: Musho|Thunderbolt|p1a: Shadowplay
|-crit|p1a: Shadowplay
|-damage|p1a: Shadowplay|248\/390
|move|p1a: Shadowplay|Foul Play|p2a: Musho
|-end|p2a: Musho|Substitute
|
|-heal|p2a: Musho|281\/321|[from] item: Leftovers
|-heal|p1a: Shadowplay|272\/390|[from] item: Leftovers
|turn|8
|
|switch|p2a: Lagarton|Zygarde|407\/407
|-ability|p2a: Lagarton|Aura Break
|move|p1a: Shadowplay|Wish|p1a: Shadowplay
|
|-heal|p1a: Shadowplay|296\/390|[from] item: Leftovers
|turn|9
|
|switch|p1a: Aquatarkus|Suicune|401\/401
|-ability|p1a: Aquatarkus|Pressure
|move|p2a: Lagarton|Substitute|p2a: Lagarton
|-start|p2a: Lagarton|Substitute
|-damage|p2a: Lagarton|306\/407
|
|-heal|p2a: Lagarton|331\/407|[from] item: Leftovers
|turn|10
|
|move|p2a: Lagarton|Coil|p2a: Lagarton
|-boost|p2a: Lagarton|atk|1
|-boost|p2a: Lagarton|def|1
|-boost|p2a: Lagarton|accuracy|1
|move|p1a: Aquatarkus|Roar|p2a: Lagarton
|drag|p2a: Rodolfo|Donphan, M|383\/383
|
|turn|11
|
|switch|p2a: Uzzzi|Uxie|156\/353
|move|p1a: Aquatarkus|Scald|p2a: Uzzzi
|-damage|p2a: Uzzzi|104\/353
|
|-heal|p2a: Uzzzi|126\/353|[from] item: Leftovers
|turn|12
|
|move|p2a: Uzzzi|Knock Off|p1a: Aquatarkus
|-damage|p1a: Aquatarkus|362\/401
|-enditem|p1a: Aquatarkus|Leftovers|[from] move: Knock Off|[of] p2a: Uzzzi
|move|p1a: Aquatarkus|Scald|p2a: Uzzzi
|-damage|p2a: Uzzzi|69\/353
|
|-heal|p2a: Uzzzi|91\/353|[from] item: Leftovers
|turn|13
|
|move|p2a: Uzzzi|Stealth Rock|p1a: Aquatarkus
|-sidestart|p1: Century Express|move: Stealth Rock
|move|p1a: Aquatarkus|Scald|p2a: Uzzzi
|-damage|p2a: Uzzzi|40\/353
|
|-heal|p2a: Uzzzi|62\/353|[from] item: Leftovers
|turn|14
|
|move|p2a: Uzzzi|Yawn|p1a: Aquatarkus
|-start|p1a: Aquatarkus|move: Yawn|[of] p2a: Uzzzi
|move|p1a: Aquatarkus|Scald|p2a: Uzzzi
|-damage|p2a: Uzzzi|8\/353
|
|-heal|p2a: Uzzzi|30\/353|[from] item: Leftovers
|turn|15
|
|switch|p1a: Shoot Star|Jirachi|341\/341
|-damage|p1a: Shoot Star|320\/341|[from] Stealth Rock
|move|p2a: Uzzzi|U-turn|p1a: Shoot Star
|-damage|p1a: Shoot Star|274\/341
|
|switch|p2a: Angela|Absol-Mega, F|271\/271
|
|turn|16
|
|move|p2a: Angela|Sucker Punch|p1a: Shoot Star
|-supereffective|p1a: Shoot Star
|-damage|p1a: Shoot Star|0 fnt
|faint|p1a: Shoot Star
|
|
|switch|p1a: Aquatarkus|Suicune|362\/401
|-damage|p1a: Aquatarkus|312\/401|[from] Stealth Rock
|-ability|p1a: Aquatarkus|Pressure
|turn|17
|
|switch|p2a: Uzzzi|Uxie|30\/353
|move|p1a: Aquatarkus|Scald|p2a: Uzzzi
|-damage|p2a: Uzzzi|0 fnt
|faint|p2a: Uzzzi
|
|
|switch|p2a: Musho|Raikou, shiny|281\/321
|-ability|p2a: Musho|Pressure
|turn|18
|
|switch|p1a: Shadowplay|Umbreon, M|296\/390
|-damage|p1a: Shadowplay|248\/390|[from] Stealth Rock
|move|p2a: Musho|Thunderbolt|p1a: Shadowplay
|-damage|p1a: Shadowplay|160\/390
|
|-heal|p2a: Musho|301\/321|[from] item: Leftovers
|-heal|p1a: Shadowplay|184\/390|[from] item: Leftovers
|turn|19
|
|move|p2a: Musho|Substitute|p2a: Musho
|-start|p2a: Musho|Substitute
|-damage|p2a: Musho|221\/321
|move|p1a: Shadowplay|Wish|p1a: Shadowplay
|
|-heal|p2a: Musho|241\/321|[from] item: Leftovers
|-heal|p1a: Shadowplay|208\/390|[from] item: Leftovers
|turn|20
|
|move|p2a: Musho|Thunderbolt|p1a: Shadowplay
|-damage|p1a: Shadowplay|120\/390
|move|p1a: Shadowplay|Foul Play|p2a: Musho
|-end|p2a: Musho|Substitute
|
|-heal|p1a: Shadowplay|315\/390|[from] move: Wish|[wisher] Shadowplay
|-heal|p2a: Musho|261\/321|[from] item: Leftovers
|-heal|p1a: Shadowplay|339\/390|[from] item: Leftovers
|turn|21
|
|switch|p2a: Angela|Absol-Mega, F|271\/271
|move|p1a: Shadowplay|Foul Play|p2a: Angela
|-resisted|p2a: Angela
|-damage|p2a: Angela|128\/271
|
|-heal|p1a: Shadowplay|363\/390|[from] item: Leftovers
|turn|22
|
|move|p2a: Angela|Play Rough|p1a: Shadowplay
|-supereffective|p1a: Shadowplay
|-damage|p1a: Shadowplay|145\/390
|move|p1a: Shadowplay|Foul Play|p2a: Angela
|-resisted|p2a: Angela
|-damage|p2a: Angela|0 fnt
|faint|p2a: Angela
|
|-heal|p1a: Shadowplay|169\/390|[from] item: Leftovers
|
|switch|p2a: Lagarton|Zygarde|331\/407
|-ability|p2a: Lagarton|Aura Break
|turn|23
|
|switch|p1a: Aquatarkus|Suicune|312\/401
|-damage|p1a: Aquatarkus|262\/401|[from] Stealth Rock
|-ability|p1a: Aquatarkus|Pressure
|move|p2a: Lagarton|Substitute|p2a: Lagarton
|-start|p2a: Lagarton|Substitute
|-damage|p2a: Lagarton|230\/407
|
|-heal|p2a: Lagarton|255\/407|[from] item: Leftovers
|turn|24
|
|move|p1a: Aquatarkus|Ice Beam|p2a: Lagarton
|-supereffective|p2a: Lagarton
|-end|p2a: Lagarton|Substitute
|move|p2a: Lagarton|Dragon Tail|p1a: Aquatarkus
|-damage|p1a: Aquatarkus|216\/401
|drag|p1a: Spoon Waltz|Alakazam, M|261\/261
|
|-heal|p2a: Lagarton|280\/407|[from] item: Leftovers
|turn|25
|
|detailschange|p1a: Spoon Waltz|Alakazam-Mega, M
|-mega|p1a: Spoon Waltz|Alakazam|Alakazite
|-ability|p1a: Spoon Waltz|Aura Break|[from] ability: Trace|[of] p2a: Lagarton
|-ability|p1a: Spoon Waltz|Aura Break
|move|p1a: Spoon Waltz|Psyshock|p2a: Lagarton
|-damage|p2a: Lagarton|123\/407
|move|p2a: Lagarton|Earthquake|p1a: Spoon Waltz
|-damage|p1a: Spoon Waltz|105\/261
|
|-heal|p2a: Lagarton|148\/407|[from] item: Leftovers
|turn|26
|
|switch|p2a: Rodolfo|Donphan, M|383\/383
|move|p1a: Spoon Waltz|Psyshock|p2a: Rodolfo
|-crit|p2a: Rodolfo
|-damage|p2a: Rodolfo|214\/383
|
|-heal|p2a: Rodolfo|237\/383|[from] item: Leftovers
|turn|27
|
|move|p2a: Rodolfo|Ice Shard|p1a: Spoon Waltz
|-damage|p1a: Spoon Waltz|56\/261
|move|p1a: Spoon Waltz|Focus Blast|p2a: Rodolfo
|-damage|p2a: Rodolfo|0 fnt
|faint|p2a: Rodolfo
|
|c|âEmblema de Fuego|fucking crit
|
|switch|p2a: 5|Fletchinder, F, shiny|327\/327
|turn|28
|
|move|p2a: 5|Acrobatics|p1a: Spoon Waltz
|-damage|p1a: Spoon Waltz|0 fnt
|faint|p1a: Spoon Waltz
|
|
|switch|p1a: Czarina|Nidoqueen, F|290\/360
|-damage|p1a: Czarina|268\/360|[from] Stealth Rock
|turn|29
|
|switch|p2a: Lagarton|Zygarde|148\/407
|-ability|p2a: Lagarton|Aura Break
|move|p1a: Czarina|Sludge Wave|p2a: Lagarton
|-resisted|p2a: Lagarton
|-damage|p2a: Lagarton|81\/407
|
|-heal|p2a: Lagarton|106\/407|[from] item: Leftovers
|turn|30
|
|switch|p1a: Purple Haze|Crobat, M|355\/355
|-damage|p1a: Purple Haze|267\/355|[from] Stealth Rock
|move|p2a: Lagarton|Earthquake|p1a: Purple Haze
|-immune|p1a: Purple Haze|[msg]
|
|-heal|p2a: Lagarton|131\/407|[from] item: Leftovers
|turn|31
|
|switch|p2a: 5|Fletchinder, F, shiny|327\/327
|move|p1a: Purple Haze|Defog|p2a: 5
|-unboost|p2a: 5|evasion|1
|-sideend|p1: Century Express|Stealth Rock|[from] move: Defog|[of] p1a: Purple Haze
|
|turn|32
|
|move|p1a: Purple Haze|Acrobatics|p2a: 5
|-damage|p2a: 5|93\/327
|move|p2a: 5|Swords Dance|p2a: 5
|-boost|p2a: 5|atk|2
|
|turn|33
|
|move|p2a: 5|Acrobatics|p1a: Purple Haze
|-damage|p1a: Purple Haze|0 fnt
|faint|p1a: Purple Haze
|
|
|switch|p1a: Aquatarkus|Suicune|216\/401
|-ability|p1a: Aquatarkus|Pressure
|turn|34
|
|move|p2a: 5|Acrobatics|p1a: Aquatarkus
|-damage|p1a: Aquatarkus|12\/401
|move|p1a: Aquatarkus|Scald|p2a: 5
|-supereffective|p2a: 5
|-damage|p2a: 5|0 fnt
|faint|p2a: 5
|
|c|âEmblema de Fuego|noooo
|c|âEmblema de Fuego|shit
|c|âEmblema de Fuego|gg or dead
|
|switch|p2a: Lagarton|Zygarde|131\/407
|-ability|p2a: Lagarton|Aura Break
|turn|35
|
|move|p2a: Lagarton|Earthquake|p1a: Aquatarkus
|-crit|p1a: Aquatarkus
|-damage|p1a: Aquatarkus|0 fnt
|faint|p1a: Aquatarkus
|
|-heal|p2a: Lagarton|156\/407|[from] item: Leftovers
|
|switch|p1a: Shadowplay|Umbreon, M|169\/390
|turn|36
|
|move|p2a: Lagarton|Substitute|p2a: Lagarton
|-start|p2a: Lagarton|Substitute
|-damage|p2a: Lagarton|55\/407
|move|p1a: Shadowplay|Wish|p1a: Shadowplay
|
|-heal|p2a: Lagarton|80\/407|[from] item: Leftovers
|-heal|p1a: Shadowplay|193\/390|[from] item: Leftovers
|turn|37
|
|move|p2a: Lagarton|Coil|p2a: Lagarton
|-boost|p2a: Lagarton|atk|1
|-boost|p2a: Lagarton|def|1
|-boost|p2a: Lagarton|accuracy|1
|move|p1a: Shadowplay|Foul Play|p2a: Lagarton
|-activate|p2a: Lagarton|Substitute|[damage]
|
|-heal|p1a: Shadowplay|388\/390|[from] move: Wish|[wisher] Shadowplay
|-heal|p2a: Lagarton|105\/407|[from] item: Leftovers
|-heal|p1a: Shadowplay|390\/390|[from] item: Leftovers
|turn|38
|
|move|p2a: Lagarton|Coil|p2a: Lagarton
|-boost|p2a: Lagarton|atk|1
|-boost|p2a: Lagarton|def|1
|-boost|p2a: Lagarton|accuracy|1
|move|p1a: Shadowplay|Foul Play|p2a: Lagarton
|-end|p2a: Lagarton|Substitute
|
|-heal|p2a: Lagarton|130\/407|[from] item: Leftovers
|turn|39
|
|move|p2a: Lagarton|Substitute|p2a: Lagarton
|-start|p2a: Lagarton|Substitute
|-damage|p2a: Lagarton|29\/407
|move|p1a: Shadowplay|Foul Play|p2a: Lagarton
|-activate|p2a: Lagarton|Substitute|[damage]
|
|-heal|p2a: Lagarton|54\/407|[from] item: Leftovers
|turn|40
|
|move|p2a: Lagarton|Earthquake|p1a: Shadowplay
|-damage|p1a: Shadowplay|167\/390
|move|p1a: Shadowplay|Foul Play|p2a: Lagarton
|-end|p2a: Lagarton|Substitute
|
|-heal|p2a: Lagarton|79\/407|[from] item: Leftovers
|-heal|p1a: Shadowplay|191\/390|[from] item: Leftovers
|turn|41
|
|move|p2a: Lagarton|Earthquake|p1a: Shadowplay
|-damage|p1a: Shadowplay|0 fnt
|faint|p1a: Shadowplay
|
|-heal|p2a: Lagarton|104\/407|[from] item: Leftovers
|
|switch|p1a: Czarina|Nidoqueen, F|268\/360
|turn|42
|
|move|p2a: Lagarton|Earthquake|p1a: Czarina
|-supereffective|p1a: Czarina
|-damage|p1a: Czarina|0 fnt
|faint|p1a: Czarina
|
|win|Emblema de Fuego
|raw|Ladder updating...
|raw|Century Express's rating: 1542 &rarr; <strong>1522<\/strong><br \/>(-20 for losing)
|raw|Emblema de Fuego's rating: 1533 &rarr; <strong>1554<\/strong><br \/>(+21 for winning)
|c|âEmblema de Fuego|gg
|leave|Century Express
|player|p1