|join|haxfuckery
|join|Emblema de Fuego
|player|p1|haxfuckery|209
|player|p2|Emblema de Fuego|283
|gametype|singles
|gen|6
|tier|UU
|rated
|rule|Sleep Clause Mod: Limit one foe put to sleep
|rule|Species Clause: Limit one of each PokÃ©mon
|rule|OHKO Clause: OHKO moves are banned
|rule|Moody Clause: Moody is banned
|rule|Evasion Moves Clause: Evasion moves are banned
|rule|Endless Battle Clause: Forcing endless battles is banned
|rule|HP Percentage Mod: HP is shown in percentages
|clearpoke
|poke|p1|Zygarde
|poke|p1|Swampert, M
|poke|p1|Suicune, shiny
|poke|p1|Crobat, M
|poke|p1|Alakazam, M
|poke|p1|Jirachi
|poke|p2|Fletchinder, F, shiny
|poke|p2|Raikou, shiny
|poke|p2|Absol, M
|poke|p2|Donphan, M
|poke|p2|Zygarde
|poke|p2|Uxie
|rule|Swagger Clause: Swagger is banned
|rule|Baton Pass Clause: Limit one PokÃ©mon knowing Baton Pass
|teampreview
|
|start
|switch|p1a: Bert|Swampert, M|404\/404
|switch|p2a: D-Angelo|Absol, M|271\/271
|turn|1
|
|detailschange|p2a: D-Angelo|Absol-Mega, M
|-mega|p2a: D-Angelo|Absol|Absolite
|move|p2a: D-Angelo|Will-O-Wisp|p1a: Bert
|-status|p1a: Bert|brn
|move|p1a: Bert|Scald|p2a: D-Angelo
|-damage|p2a: D-Angelo|153\/271
|
|-damage|p1a: Bert|354\/404 brn|[from] brn
|turn|2
|
|move|p2a: D-Angelo|Protect|p2a: D-Angelo
|-singleturn|p2a: D-Angelo|Protect
|move|p1a: Bert|Scald|p2a: D-Angelo
|-activate|p2a: D-Angelo|Protect
|
|-heal|p1a: Bert|379\/404 brn|[from] item: Leftovers
|-damage|p1a: Bert|329\/404 brn|[from] brn
|turn|3
|
|switch|p2a: Uzzi|Uxie|353\/353
|move|p1a: Bert|Scald|p2a: Uzzi
|-damage|p2a: Uzzi|302\/353
|-status|p2a: Uzzi|brn
|
|-heal|p2a: Uzzi|324\/353 brn|[from] item: Leftovers
|-heal|p1a: Bert|354\/404 brn|[from] item: Leftovers
|-damage|p2a: Uzzi|280\/353 brn|[from] brn
|-damage|p1a: Bert|304\/404 brn|[from] brn
|turn|4
|
|move|p2a: Uzzi|U-turn|p1a: Bert
|-damage|p1a: Bert|286\/404 brn
|
|switch|p2a: D-Angelo|Absol-Mega, M|153\/271
|move|p1a: Bert|Stealth Rock|p2a: D-Angelo
|move|p2a: D-Angelo|Stealth Rock|p1a: Bert|[from]Magic Bounce
|-sidestart|p1: haxfuckery|move: Stealth Rock
|
|-heal|p1a: Bert|311\/404 brn|[from] item: Leftovers
|-damage|p1a: Bert|261\/404 brn|[from] brn
|turn|5
|
|move|p2a: D-Angelo|Protect|p2a: D-Angelo
|-singleturn|p2a: D-Angelo|Protect
|move|p1a: Bert|Roar|p2a: D-Angelo
|move|p2a: D-Angelo|Roar|p1a: Bert|[from]Magic Bounce
|drag|p1a: Ziggy Stardust|Zygarde|419\/419
|-damage|p1a: Ziggy Stardust|393\/419|[from] Stealth Rock
|-ability|p1a: Ziggy Stardust|Aura Break
|
|-heal|p1a: Ziggy Stardust|419\/419|[from] item: Leftovers
|turn|6
|
|move|p2a: D-Angelo|Will-O-Wisp|p1a: Ziggy Stardust
|-status|p1a: Ziggy Stardust|brn
|move|p1a: Ziggy Stardust|Substitute|p1a: Ziggy Stardust
|-start|p1a: Ziggy Stardust|Substitute
|-damage|p1a: Ziggy Stardust|315\/419 brn
|
|-heal|p1a: Ziggy Stardust|341\/419 brn|[from] item: Leftovers
|-damage|p1a: Ziggy Stardust|289\/419 brn|[from] brn
|turn|7
|
|switch|p2a: Rodolfo|Donphan, M|383\/383
|move|p1a: Ziggy Stardust|Dragon Tail|p2a: Rodolfo
|-damage|p2a: Rodolfo|352\/383
|drag|p2a: D-Angelo|Absol-Mega, M|153\/271
|
|-heal|p1a: Ziggy Stardust|315\/419 brn|[from] item: Leftovers
|-damage|p1a: Ziggy Stardust|263\/419 brn|[from] brn
|turn|8
|
|switch|p1a: Enucius|Suicune, shiny|404\/404
|-damage|p1a: Enucius|354\/404|[from] Stealth Rock
|-ability|p1a: Enucius|Pressure
|move|p2a: D-Angelo|Protect|p2a: D-Angelo
|-fail|p2a: D-Angelo
|
|-heal|p1a: Enucius|379\/404|[from] item: Leftovers
|turn|9
|
|switch|p2a: Uzzi|Uxie|280\/353 brn
|move|p1a: Enucius|Calm Mind|p1a: Enucius
|-boost|p1a: Enucius|spa|1
|-boost|p1a: Enucius|spd|1
|
|-heal|p2a: Uzzi|302\/353 brn|[from] item: Leftovers
|-heal|p1a: Enucius|404\/404|[from] item: Leftovers
|-damage|p2a: Uzzi|258\/353 brn|[from] brn
|turn|10
|
|switch|p1a: Cunt|Jirachi|341\/341
|-damage|p1a: Cunt|320\/341|[from] Stealth Rock
|move|p2a: Uzzi|Yawn|p1a: Cunt
|-start|p1a: Cunt|move: Yawn|[of] p2a: Uzzi
|
|-heal|p2a: Uzzi|280\/353 brn|[from] item: Leftovers
|-damage|p2a: Uzzi|236\/353 brn|[from] brn
|turn|11
|
|move|p1a: Cunt|U-turn|p2a: Uzzi
|-supereffective|p2a: Uzzi
|-damage|p2a: Uzzi|138\/353 brn
|
|switch|p1a: Enucius|Suicune, shiny|404\/404
|-damage|p1a: Enucius|354\/404|[from] Stealth Rock
|-ability|p1a: Enucius|Pressure
|move|p2a: Uzzi|U-turn|p1a: Enucius
|-damage|p1a: Enucius|340\/404
|
|switch|p2a: Musho|Raikou, shiny|322\/322
|-ability|p2a: Musho|Pressure
|
|-heal|p1a: Enucius|365\/404|[from] item: Leftovers
|turn|12
|
|move|p2a: Musho|Substitute|p2a: Musho
|-start|p2a: Musho|Substitute
|-damage|p2a: Musho|242\/322
|move|p1a: Enucius|Scald|p2a: Musho
|-end|p2a: Musho|Substitute
|
|-heal|p2a: Musho|262\/322|[from] item: Leftovers
|-heal|p1a: Enucius|390\/404|[from] item: Leftovers
|turn|13
|
|switch|p1a: Bert|Swampert, M|261\/404 brn
|-damage|p1a: Bert|236\/404 brn|[from] Stealth Rock
|move|p2a: Musho|Calm Mind|p2a: Musho
|-boost|p2a: Musho|spa|1
|-boost|p2a: Musho|spd|1
|
|-heal|p2a: Musho|282\/322|[from] item: Leftovers
|-heal|p1a: Bert|261\/404 brn|[from] item: Leftovers
|-damage|p1a: Bert|211\/404 brn|[from] brn
|turn|14
|
|move|p2a: Musho|Hidden Power|p1a: Bert
|-damage|p1a: Bert|105\/404 brn
|move|p1a: Bert|Stealth Rock|p2a: Musho
|-sidestart|p2: Emblema de Fuego|move: Stealth Rock
|
|-heal|p2a: Musho|302\/322|[from] item: Leftovers
|-heal|p1a: Bert|130\/404 brn|[from] item: Leftovers
|-damage|p1a: Bert|80\/404 brn|[from] brn
|turn|15
|
|move|p2a: Musho|Hidden Power|p1a: Bert
|-damage|p1a: Bert|0 fnt
|faint|p1a: Bert
|
|-heal|p2a: Musho|322\/322|[from] item: Leftovers
|
|switch|p1a: Cunt|Jirachi|320\/341
|-damage|p1a: Cunt|299\/341|[from] Stealth Rock
|turn|16
|
|move|p1a: Cunt|Zen Headbutt|p2a: Musho
|-damage|p2a: Musho|163\/322
|move|p2a: Musho|Thunderbolt|p1a: Cunt
|-damage|p1a: Cunt|67\/341
|
|-heal|p2a: Musho|183\/322|[from] item: Leftovers
|turn|17
|
|switch|p1a: Enucius|Suicune, shiny|390\/404
|-damage|p1a: Enucius|340\/404|[from] Stealth Rock
|-ability|p1a: Enucius|Pressure
|switch|p2a: D-Angelo|Absol-Mega, M|153\/271
|-damage|p2a: D-Angelo|120\/271|[from] Stealth Rock
|
|-heal|p1a: Enucius|365\/404|[from] item: Leftovers
|turn|18
|
|move|p2a: D-Angelo|Will-O-Wisp|p1a: Enucius
|-status|p1a: Enucius|brn
|move|p1a: Enucius|Calm Mind|p1a: Enucius
|-boost|p1a: Enucius|spa|1
|-boost|p1a: Enucius|spd|1
|
|-heal|p1a: Enucius|390\/404 brn|[from] item: Leftovers
|-damage|p1a: Enucius|340\/404 brn|[from] brn
|turn|19
|
|switch|p2a: Uzzi|Uxie|138\/353 brn
|-damage|p2a: Uzzi|94\/353 brn|[from] Stealth Rock
|move|p1a: Enucius|Calm Mind|p1a: Enucius
|-boost|p1a: Enucius|spa|1
|-boost|p1a: Enucius|spd|1
|
|-heal|p2a: Uzzi|116\/353 brn|[from] item: Leftovers
|-heal|p1a: Enucius|365\/404 brn|[from] item: Leftovers
|-damage|p2a: Uzzi|72\/353 brn|[from] brn
|-damage|p1a: Enucius|315\/404 brn|[from] brn
|turn|20
|
|move|p2a: Uzzi|Knock Off|p1a: Enucius
|-crit|p1a: Enucius
|-damage|p1a: Enucius|281\/404 brn
|-enditem|p1a: Enucius|Leftovers|[from] move: Knock Off|[of] p2a: Uzzi
|move|p1a: Enucius|Scald|p2a: Uzzi
|-damage|p2a: Uzzi|0 fnt
|faint|p2a: Uzzi
|
|-damage|p1a: Enucius|231\/404 brn|[from] brn
|
|switch|p2a: Musho|Raikou, shiny|183\/322
|-damage|p2a: Musho|143\/322|[from] Stealth Rock
|-ability|p2a: Musho|Pressure
|turn|21
|
|move|p2a: Musho|Substitute|p2a: Musho
|-start|p2a: Musho|Substitute
|-damage|p2a: Musho|63\/322
|move|p1a: Enucius|Scald|p2a: Musho
|-end|p2a: Musho|Substitute
|
|-heal|p2a: Musho|83\/322|[from] item: Leftovers
|-damage|p1a: Enucius|181\/404 brn|[from] brn
|turn|22
|
|move|p2a: Musho|Substitute|p2a: Musho
|-start|p2a: Musho|Substitute
|-damage|p2a: Musho|3\/322
|move|p1a: Enucius|Scald|p2a: Musho
|-end|p2a: Musho|Substitute
|
|-heal|p2a: Musho|23\/322|[from] item: Leftovers
|-damage|p1a: Enucius|131\/404 brn|[from] brn
|turn|23
|
|move|p2a: Musho|Thunderbolt|p1a: Enucius
|-supereffective|p1a: Enucius
|-damage|p1a: Enucius|0 fnt
|faint|p1a: Enucius
|
|-heal|p2a: Musho|43\/322|[from] item: Leftovers
|
|switch|p1a: Spoonman|Alakazam, M|251\/251
|turn|24
|
|detailschange|p1a: Spoonman|Alakazam-Mega, M
|-mega|p1a: Spoonman|Alakazam|Alakazite
|-ability|p1a: Spoonman|Pressure|[from] ability: Trace|[of] p2a: Musho
|-ability|p1a: Spoonman|Pressure
|move|p1a: Spoonman|Dazzling Gleam|p2a: Musho
|-damage|p2a: Musho|0 fnt
|faint|p2a: Musho
|
|
|switch|p2a: Rodolfo|Donphan, M|352\/383
|-damage|p2a: Rodolfo|329\/383|[from] Stealth Rock
|turn|25
|
|switch|p1a: Ziggy Stardust|Zygarde|263\/419 brn
|-damage|p1a: Ziggy Stardust|237\/419 brn|[from] Stealth Rock
|-ability|p1a: Ziggy Stardust|Aura Break
|move|p2a: Rodolfo|Rapid Spin|p1a: Ziggy Stardust
|-damage|p1a: Ziggy Stardust|222\/419 brn
|-sideend|p2: Emblema de Fuego|Stealth Rock|[from] move: Rapid Spin|[of] p2a: Rodolfo
|
|-heal|p1a: Ziggy Stardust|248\/419 brn|[from] item: Leftovers
|-heal|p2a: Rodolfo|352\/383|[from] item: Leftovers
|-damage|p1a: Ziggy Stardust|196\/419 brn|[from] brn
|turn|26
|
|move|p2a: Rodolfo|Ice Shard|p1a: Ziggy Stardust
|-supereffective|p1a: Ziggy Stardust
|-damage|p1a: Ziggy Stardust|60\/419 brn
|move|p1a: Ziggy Stardust|Dragon Tail|p2a: Rodolfo
|-damage|p2a: Rodolfo|321\/383
|drag|p2a: D-Angelo|Absol-Mega, M|120\/271
|
|-heal|p1a: Ziggy Stardust|86\/419 brn|[from] item: Leftovers
|-damage|p1a: Ziggy Stardust|34\/419 brn|[from] brn
|turn|27
|leave|haxfuckery
|c|âEmblema de Fuego|gg
|player|p1
|-message|haxfuckery lost due to inactivity.
|
|win|Emblema de Fuego
|raw|Ladder updating...
|raw|haxfuckery's rating: 1600 &rarr; <strong>1573<\/strong><br \/>(-27 for losing)
|raw|Emblema de Fuego's rating: 1481 &rarr; <strong>1508<\/strong><br \/>(+27 for winning)