|join|Emblema de Fuego
|join|FerretManiac
|player|p1|Emblema de Fuego|265
|player|p2|FerretManiac|124
|gametype|singles
|gen|6
|tier|UU
|rated
|rule|Sleep Clause Mod: Limit one foe put to sleep
|rule|Species Clause: Limit one of each PokÃ©mon
|rule|OHKO Clause: OHKO moves are banned
|rule|Moody Clause: Moody is banned
|rule|Evasion Moves Clause: Evasion moves are banned
|rule|Endless Battle Clause: Forcing endless battles is banned
|rule|HP Percentage Mod: HP is shown in percentages
|clearpoke
|poke|p1|Absol, F
|poke|p1|Fletchinder, F, shiny
|poke|p1|Donphan, M
|poke|p1|Uxie
|poke|p1|Raikou, shiny
|poke|p1|Zygarde
|poke|p2|Hippowdon, F
|poke|p2|Cradily, M
|poke|p2|Steelix, M
|poke|p2|Bronzong
|poke|p2|Vaporeon, F
|poke|p2|Escavalier, M
|rule|Swagger Clause: Swagger is banned
|rule|Baton Pass Clause: Limit one PokÃ©mon knowing Baton Pass
|teampreview
|
|start
|switch|p1a: Angela|Absol, F|271\/271
|switch|p2a: Bronzong|Bronzong|338\/338
|-ability|p1a: Angela|Pressure
|turn|1
|
|switch|p2a: Hippowdon|Hippowdon, F|420\/420
|-weather|Sandstorm
|detailschange|p1a: Angela|Absol-Mega, F
|-mega|p1a: Angela|Absol|Absolite
|move|p1a: Angela|Will-O-Wisp|p2a: Hippowdon
|-status|p2a: Hippowdon|brn
|
|-weather|Sandstorm|[upkeep]
|-damage|p1a: Angela|255\/271|[from] sandstorm
|-damage|p2a: Hippowdon|368\/420 brn|[from] brn
|turn|2
|
|move|p1a: Angela|Protect|p1a: Angela
|-singleturn|p1a: Angela|Protect
|move|p2a: Hippowdon|Earthquake|p1a: Angela
|-activate|p1a: Angela|Protect
|
|-weather|Sandstorm|[upkeep]
|-damage|p1a: Angela|239\/271|[from] sandstorm
|-damage|p2a: Hippowdon|316\/420 brn|[from] brn
|turn|3
|
|switch|p1a: Uzzzi|Uxie|353\/353
|move|p2a: Hippowdon|Roar|p1a: Uzzzi
|drag|p1a: Lagarton|Zygarde|407\/407
|-ability|p1a: Lagarton|Aura Break
|
|-weather|Sandstorm|[upkeep]
|-damage|p2a: Hippowdon|264\/420 brn|[from] brn
|turn|4
|
|switch|p1a: Angela|Absol-Mega, F|239\/271
|switch|p2a: Bronzong|Bronzong|338\/338
|
|-weather|Sandstorm|[upkeep]
|-damage|p1a: Angela|223\/271|[from] sandstorm
|turn|5
|
|move|p1a: Angela|Will-O-Wisp|p2a: Bronzong
|-status|p2a: Bronzong|brn
|move|p2a: Bronzong|Trick Room|p2a: Bronzong
|-fieldstart|move: Trick Room|[of] p2a: Bronzong
|
|-weather|Sandstorm|[upkeep]
|-damage|p1a: Angela|207\/271|[from] sandstorm
|-damage|p2a: Bronzong|296\/338 brn|[from] brn
|turn|6
|
|move|p1a: Angela|Protect|p1a: Angela
|-singleturn|p1a: Angela|Protect
|move|p2a: Bronzong|Gyro Ball|p1a: Angela
|-activate|p1a: Angela|Protect
|
|-weather|Sandstorm|[upkeep]
|-damage|p1a: Angela|191\/271|[from] sandstorm
|-heal|p2a: Bronzong|317\/338 brn|[from] item: Leftovers
|-damage|p2a: Bronzong|275\/338 brn|[from] brn
|turn|7
|
|switch|p2a: Escavalier|Escavalier, M|344\/344
|switch|p1a: Uzzzi|Uxie|353\/353
|
|-weather|Sandstorm|[upkeep]
|-damage|p1a: Uzzzi|331\/353|[from] sandstorm
|-heal|p1a: Uzzzi|353\/353|[from] item: Leftovers
|turn|8
|
|switch|p1a: 5|Fletchinder, F, shiny|266\/266
|move|p2a: Escavalier|Megahorn|p1a: 5
|-resisted|p1a: 5
|-damage|p1a: 5|167\/266
|
|-weather|none
|turn|9
|
|move|p2a: Escavalier|Knock Off|p1a: 5
|-damage|p1a: 5|31\/266
|move|p1a: 5|Swords Dance|p1a: 5
|-boost|p1a: 5|atk|2
|
|-fieldend|move: Trick Room
|turn|10
|
|switch|p2a: Hippowdon|Hippowdon, F|264\/420 brn
|-weather|Sandstorm
|move|p1a: 5|Will-O-Wisp|p2a: Hippowdon
|-fail|p2a: Hippowdon|brn
|
|-weather|Sandstorm|[upkeep]
|-damage|p1a: 5|15\/266|[from] sandstorm
|-damage|p2a: Hippowdon|212\/420 brn|[from] brn
|turn|11
|
|move|p1a: 5|Roost|p1a: 5
|-heal|p1a: 5|148\/266
|move|p2a: Hippowdon|Slack Off|p2a: Hippowdon
|-heal|p2a: Hippowdon|420\/420 brn
|
|-weather|Sandstorm|[upkeep]
|-damage|p1a: 5|132\/266|[from] sandstorm
|-damage|p2a: Hippowdon|368\/420 brn|[from] brn
|turn|12
|
|switch|p1a: Angela|Absol-Mega, F|191\/271
|move|p2a: Hippowdon|Crunch|p1a: Angela
|-resisted|p1a: Angela
|-damage|p1a: Angela|167\/271
|
|-weather|Sandstorm|[upkeep]
|-damage|p1a: Angela|151\/271|[from] sandstorm
|-damage|p2a: Hippowdon|316\/420 brn|[from] brn
|turn|13
|
|switch|p1a: Uzzzi|Uxie|353\/353
|switch|p2a: Vaporeon|Vaporeon, F|464\/464
|
|-weather|Sandstorm|[upkeep]
|-damage|p1a: Uzzzi|331\/353|[from] sandstorm
|-heal|p1a: Uzzzi|353\/353|[from] item: Leftovers
|turn|14
|
|move|p1a: Uzzzi|Stealth Rock|p2a: Vaporeon
|-sidestart|p2: FerretManiac|move: Stealth Rock
|move|p2a: Vaporeon|Heal Bell|p2a: Vaporeon
|-cureteam|p2a: Vaporeon|[from] move: HealBell
|
|-weather|Sandstorm|[upkeep]
|-damage|p1a: Uzzzi|331\/353|[from] sandstorm
|-heal|p1a: Uzzzi|353\/353|[from] item: Leftovers
|turn|15
|
|switch|p2a: Bronzong|Bronzong|275\/338
|-damage|p2a: Bronzong|254\/338|[from] Stealth Rock
|move|p1a: Uzzzi|Knock Off|p2a: Bronzong
|-supereffective|p2a: Bronzong
|-damage|p2a: Bronzong|150\/338
|-enditem|p2a: Bronzong|Leftovers|[from] move: Knock Off|[of] p1a: Uzzzi
|
|-weather|Sandstorm|[upkeep]
|-damage|p1a: Uzzzi|331\/353|[from] sandstorm
|-heal|p1a: Uzzzi|353\/353|[from] item: Leftovers
|turn|16
|
|move|p1a: Uzzzi|Yawn|p2a: Bronzong
|-start|p2a: Bronzong|move: Yawn|[of] p1a: Uzzzi
|move|p2a: Bronzong|Stealth Rock|p1a: Uzzzi
|-sidestart|p1: Emblema de Fuego|move: Stealth Rock
|
|-weather|Sandstorm|[upkeep]
|-damage|p1a: Uzzzi|331\/353|[from] sandstorm
|-heal|p1a: Uzzzi|353\/353|[from] item: Leftovers
|turn|17
|
|switch|p2a: Vaporeon|Vaporeon, F|464\/464
|-damage|p2a: Vaporeon|406\/464|[from] Stealth Rock
|move|p1a: Uzzzi|U-turn|p2a: Vaporeon
|-damage|p2a: Vaporeon|338\/464
|
|switch|p1a: Lagarton|Zygarde|407\/407
|-damage|p1a: Lagarton|382\/407|[from] Stealth Rock
|-ability|p1a: Lagarton|Aura Break
|
|-weather|none
|-heal|p1a: Lagarton|407\/407|[from] item: Leftovers
|turn|18
|
|move|p1a: Lagarton|Substitute|p1a: Lagarton
|-start|p1a: Lagarton|Substitute
|-damage|p1a: Lagarton|306\/407
|move|p2a: Vaporeon|Scald|p1a: Lagarton
|-activate|p1a: Lagarton|Substitute|[damage]
|
|-heal|p1a: Lagarton|331\/407|[from] item: Leftovers
|turn|19
|
|move|p1a: Lagarton|Coil|p1a: Lagarton
|-boost|p1a: Lagarton|atk|1
|-boost|p1a: Lagarton|def|1
|-boost|p1a: Lagarton|accuracy|1
|move|p2a: Vaporeon|Wish|p2a: Vaporeon
|
|-heal|p1a: Lagarton|356\/407|[from] item: Leftovers
|turn|20
|
|switch|p2a: Bronzong|Bronzong|150\/338
|-damage|p2a: Bronzong|129\/338|[from] Stealth Rock
|move|p1a: Lagarton|Coil|p1a: Lagarton
|-boost|p1a: Lagarton|atk|1
|-boost|p1a: Lagarton|def|1
|-boost|p1a: Lagarton|accuracy|1
|
|-heal|p2a: Bronzong|338\/338|[from] move: Wish|[wisher] Vaporeon
|-heal|p1a: Lagarton|381\/407|[from] item: Leftovers
|turn|21
|
|move|p1a: Lagarton|Dragon Tail|p2a: Bronzong
|-resisted|p2a: Bronzong
|-damage|p2a: Bronzong|280\/338
|drag|p2a: Cradily|Cradily, M|376\/376
|-damage|p2a: Cradily|329\/376|[from] Stealth Rock
|
|-heal|p1a: Lagarton|406\/407|[from] item: Leftovers
|turn|22
|
|move|p1a: Lagarton|Coil|p1a: Lagarton
|-boost|p1a: Lagarton|atk|1
|-boost|p1a: Lagarton|def|1
|-boost|p1a: Lagarton|accuracy|1
|move|p2a: Cradily|Giga Drain|p1a: Lagarton
|-end|p1a: Lagarton|Substitute
|-heal|p2a: Cradily|344\/376|[from] drain|[of] p1a: Lagarton
|
|-heal|p1a: Lagarton|407\/407|[from] item: Leftovers
|turn|23
|
|switch|p2a: Hippowdon|Hippowdon, F|316\/420
|-damage|p2a: Hippowdon|290\/420|[from] Stealth Rock
|-weather|Sandstorm
|move|p1a: Lagarton|Substitute|p1a: Lagarton
|-start|p1a: Lagarton|Substitute
|-damage|p1a: Lagarton|306\/407
|
|-weather|Sandstorm|[upkeep]
|-heal|p1a: Lagarton|331\/407|[from] item: Leftovers
|turn|24
|
|move|p1a: Lagarton|Dragon Tail|p2a: Hippowdon
|-damage|p2a: Hippowdon|187\/420
|drag|p2a: Steelix|Steelix, M|354\/354
|-damage|p2a: Steelix|343\/354|[from] Stealth Rock
|
|-weather|Sandstorm|[upkeep]
|-heal|p1a: Lagarton|356\/407|[from] item: Leftovers
|turn|25
|
|detailschange|p2a: Steelix|Steelix-Mega, M
|-mega|p2a: Steelix|Steelix|Steelixite
|move|p1a: Lagarton|Earthquake|p2a: Steelix
|-supereffective|p2a: Steelix
|-damage|p2a: Steelix|127\/354
|move|p2a: Steelix|Gyro Ball|p1a: Lagarton
|-activate|p1a: Lagarton|Substitute|[damage]
|
|-weather|Sandstorm|[upkeep]
|-heal|p1a: Lagarton|381\/407|[from] item: Leftovers
|turn|26
|c|âEmblema de Fuego|nice mega
|
|switch|p2a: Bronzong|Bronzong|280\/338
|-damage|p2a: Bronzong|259\/338|[from] Stealth Rock
|move|p1a: Lagarton|Earthquake|p2a: Bronzong
|-immune|p2a: Bronzong|[msg]
|
|-weather|Sandstorm|[upkeep]
|-heal|p1a: Lagarton|406\/407|[from] item: Leftovers
|turn|27
|
|move|p2a: Bronzong|Psychic|p1a: Lagarton
|-end|p1a: Lagarton|Substitute
|move|p1a: Lagarton|Dragon Tail|p2a: Bronzong
|-resisted|p2a: Bronzong
|-damage|p2a: Bronzong|177\/338
|drag|p2a: Escavalier|Escavalier, M|344\/344
|-damage|p2a: Escavalier|301\/344|[from] Stealth Rock
|
|-weather|Sandstorm|[upkeep]
|-heal|p1a: Lagarton|407\/407|[from] item: Leftovers
|turn|28
|
|move|p1a: Lagarton|Substitute|p1a: Lagarton
|-start|p1a: Lagarton|Substitute
|-damage|p1a: Lagarton|306\/407
|move|p2a: Escavalier|Knock Off|p1a: Lagarton
|-activate|p1a: Lagarton|Substitute|[damage]
|
|-weather|Sandstorm|[upkeep]
|-heal|p1a: Lagarton|331\/407|[from] item: Leftovers
|turn|29
|
|switch|p2a: Bronzong|Bronzong|177\/338
|-damage|p2a: Bronzong|156\/338|[from] Stealth Rock
|move|p1a: Lagarton|Coil|p1a: Lagarton
|-boost|p1a: Lagarton|atk|1
|-boost|p1a: Lagarton|def|1
|-boost|p1a: Lagarton|accuracy|1
|
|-weather|Sandstorm|[upkeep]
|-heal|p1a: Lagarton|356\/407|[from] item: Leftovers
|turn|30
|
|move|p2a: Bronzong|Psychic|p1a: Lagarton
|-end|p1a: Lagarton|Substitute
|move|p1a: Lagarton|Dragon Tail|p2a: Bronzong
|-resisted|p2a: Bronzong
|-damage|p2a: Bronzong|56\/338
|drag|p2a: Hippowdon|Hippowdon, F|187\/420
|-damage|p2a: Hippowdon|161\/420|[from] Stealth Rock
|
|-weather|none
|-heal|p1a: Lagarton|381\/407|[from] item: Leftovers
|turn|31
|
|move|p1a: Lagarton|Dragon Tail|p2a: Hippowdon
|-damage|p2a: Hippowdon|20\/420
|drag|p2a: Escavalier|Escavalier, M|301\/344
|-damage|p2a: Escavalier|258\/344|[from] Stealth Rock
|
|-heal|p1a: Lagarton|406\/407|[from] item: Leftovers
|turn|32
|
|move|p1a: Lagarton|Substitute|p1a: Lagarton
|-start|p1a: Lagarton|Substitute
|-damage|p1a: Lagarton|305\/407
|move|p2a: Escavalier|Megahorn|p1a: Lagarton
|-activate|p1a: Lagarton|Substitute|[damage]
|
|-heal|p1a: Lagarton|330\/407|[from] item: Leftovers
|turn|33
|
|move|p1a: Lagarton|Earthquake|p2a: Escavalier
|-damage|p2a: Escavalier|0 fnt
|faint|p2a: Escavalier
|
|-heal|p1a: Lagarton|355\/407|[from] item: Leftovers
|
|switch|p2a: Vaporeon|Vaporeon, F|338\/464
|-damage|p2a: Vaporeon|280\/464|[from] Stealth Rock
|turn|34
|
|move|p1a: Lagarton|Earthquake|p2a: Vaporeon
|-damage|p2a: Vaporeon|0 fnt
|faint|p2a: Vaporeon
|
|-heal|p1a: Lagarton|380\/407|[from] item: Leftovers
|
|switch|p2a: Bronzong|Bronzong|56\/338
|-damage|p2a: Bronzong|35\/338|[from] Stealth Rock
|turn|35
|
|move|p1a: Lagarton|Dragon Tail|p2a: Bronzong
|-resisted|p2a: Bronzong
|-damage|p2a: Bronzong|0 fnt
|faint|p2a: Bronzong
|
|-heal|p1a: Lagarton|405\/407|[from] item: Leftovers
|
|switch|p2a: Cradily|Cradily, M|344\/376
|-damage|p2a: Cradily|297\/376|[from] Stealth Rock
|turn|36
|
|move|p1a: Lagarton|Earthquake|p2a: Cradily
|-damage|p2a: Cradily|0 fnt
|faint|p2a: Cradily
|
|-heal|p1a: Lagarton|407\/407|[from] item: Leftovers
|
|switch|p2a: Hippowdon|Hippowdon, F|20\/420
|-damage|p2a: Hippowdon|0 fnt|[from] Stealth Rock
|faint|p2a: Hippowdon
|
|switch|p2a: Steelix|Steelix-Mega, M|127\/354
|-damage|p2a: Steelix|116\/354|[from] Stealth Rock
|turn|37
|c|âEmblema de Fuego|gg
|
|move|p1a: Lagarton|Earthquake|p2a: Steelix
|-supereffective|p2a: Steelix
|-damage|p2a: Steelix|0 fnt
|faint|p2a: Steelix
|
|win|Emblema de Fuego
|raw|Ladder updating...
|raw|Emblema de Fuego's rating: 1483 &rarr; <strong>1493<\/strong><br \/>(+10 for winning)
|raw|FerretManiac's rating: 1302 &rarr; <strong>1291<\/strong><br \/>(-11 for losing)
|c|âFerretManiac|gg :) never been against that pokemon before
|c|âEmblema de Fuego|yea?
|c|âEmblema de Fuego|is good
|c|âFerretManiac|i now know :) cya
|leave|FerretManiac
|c|âEmblema de Fuego|bye
|player|p2