|join|Emblema de Fuego
|join|thewindow
|player|p1|Emblema de Fuego|101
|player|p2|thewindow|79
|gametype|singles
|gen|6
|tier|UU
|rated
|rule|Sleep Clause Mod: Limit one foe put to sleep
|rule|Species Clause: Limit one of each PokÃ©mon
|rule|OHKO Clause: OHKO moves are banned
|rule|Moody Clause: Moody is banned
|rule|Evasion Moves Clause: Evasion moves are banned
|rule|Endless Battle Clause: Forcing endless battles is banned
|rule|HP Percentage Mod: HP is shown in percentages
|clearpoke
|poke|p1|Absol, F
|poke|p1|Fletchinder, F, shiny
|poke|p1|Donphan, M
|poke|p1|Uxie
|poke|p1|Raikou, shiny
|poke|p1|Zygarde
|poke|p2|Beedrill, F
|poke|p2|Forretress, F
|poke|p2|Goodra, M
|poke|p2|Trevenant, F
|poke|p2|Chandelure, F
|poke|p2|Mienshao, M
|rule|Swagger Clause: Swagger is banned
|rule|Baton Pass Clause: Limit one PokÃ©mon knowing Baton Pass
|teampreview
|
|start
|switch|p1a: Angela|Absol, F|271\/271
|switch|p2a: Forretress|Forretress, F|354\/354
|-ability|p1a: Angela|Pressure
|turn|1
|
|detailschange|p1a: Angela|Absol-Mega, F
|-mega|p1a: Angela|Absol|Absolite
|move|p1a: Angela|Will-O-Wisp|p2a: Forretress|[miss]
|-miss|p1a: Angela|p2a: Forretress
|move|p2a: Forretress|Volt Switch|p1a: Angela
|-damage|p1a: Angela|215\/271
|
|switch|p2a: Mienshao|Mienshao, M|271\/271
|
|turn|2
|
|move|p1a: Angela|Protect|p1a: Angela
|-singleturn|p1a: Angela|Protect
|move|p2a: Mienshao|U-turn|p1a: Angela
|-activate|p1a: Angela|Protect
|
|turn|3
|
|switch|p1a: Rodolfo|Donphan, M|383\/383
|move|p2a: Mienshao|U-turn|p1a: Rodolfo
|-damage|p1a: Rodolfo|324\/383
|
|switch|p2a: Trevenant|Trevenant, F|374\/374
|
|-heal|p1a: Rodolfo|347\/383|[from] item: Leftovers
|turn|4
|
|switch|p1a: 5|Fletchinder, F, shiny|327\/327
|move|p2a: Trevenant|Substitute|p2a: Trevenant
|-start|p2a: Trevenant|Substitute
|-damage|p2a: Trevenant|281\/374
|
|turn|5
|
|move|p1a: 5|Acrobatics|p2a: Trevenant
|-supereffective|p2a: Trevenant
|-end|p2a: Trevenant|Substitute
|move|p2a: Trevenant|Leech Seed|p1a: 5
|-start|p1a: 5|move: Leech Seed
|
|-damage|p1a: 5|287\/327|[from] Leech Seed|[of] p2a: Trevenant
|-heal|p2a: Trevenant|321\/374|[silent]
|turn|6
|join|Mlle Noob
|
|move|p1a: 5|Swords Dance|p1a: 5
|-boost|p1a: 5|atk|2
|move|p2a: Trevenant|Leech Seed|p1a: 5
|-fail|p1a: 5
|
|-damage|p1a: 5|247\/327|[from] Leech Seed|[of] p2a: Trevenant
|-heal|p2a: Trevenant|361\/374|[silent]
|turn|7
|
|switch|p2a: Forretress|Forretress, F|354\/354
|move|p1a: 5|Acrobatics|p2a: Forretress
|-damage|p2a: Forretress|201\/354
|
|-heal|p2a: Forretress|223\/354|[from] item: Leftovers
|-damage|p1a: 5|207\/327|[from] Leech Seed|[of] p2a: Forretress
|-heal|p2a: Forretress|263\/354|[silent]
|turn|8
|
|switch|p1a: Rodolfo|Donphan, M|347\/383
|switch|p2a: Chandelure|Chandelure, F|261\/261
|
|-heal|p1a: Rodolfo|370\/383|[from] item: Leftovers
|turn|9
|
|switch|p1a: Uzzzi|Uxie|353\/353
|move|p2a: Chandelure|Substitute|p2a: Chandelure
|-start|p2a: Chandelure|Substitute
|-damage|p2a: Chandelure|196\/261
|
|-heal|p2a: Chandelure|212\/261|[from] item: Leftovers
|turn|10
|
|move|p2a: Chandelure|Calm Mind|p2a: Chandelure
|-boost|p2a: Chandelure|spa|1
|-boost|p2a: Chandelure|spd|1
|move|p1a: Uzzzi|Stealth Rock|p2a: Chandelure
|-sidestart|p2: thewindow|move: Stealth Rock
|
|-heal|p2a: Chandelure|228\/261|[from] item: Leftovers
|turn|11
|
|move|p2a: Chandelure|Calm Mind|p2a: Chandelure
|-boost|p2a: Chandelure|spa|1
|-boost|p2a: Chandelure|spd|1
|move|p1a: Uzzzi|Knock Off|p2a: Chandelure
|-supereffective|p2a: Chandelure
|-end|p2a: Chandelure|Substitute
|
|-heal|p2a: Chandelure|244\/261|[from] item: Leftovers
|turn|12
|
|move|p2a: Chandelure|Substitute|p2a: Chandelure
|-start|p2a: Chandelure|Substitute
|-damage|p2a: Chandelure|179\/261
|move|p1a: Uzzzi|Knock Off|p2a: Chandelure
|-supereffective|p2a: Chandelure
|-end|p2a: Chandelure|Substitute
|
|-heal|p2a: Chandelure|195\/261|[from] item: Leftovers
|turn|13
|
|move|p2a: Chandelure|Shadow Ball|p1a: Uzzzi
|-supereffective|p1a: Uzzzi
|-damage|p1a: Uzzzi|0 fnt
|faint|p1a: Uzzzi
|
|-heal|p2a: Chandelure|211\/261|[from] item: Leftovers
|
|switch|p1a: Lagarton|Zygarde|407\/407
|-ability|p1a: Lagarton|Aura Break
|turn|14
|
|move|p2a: Chandelure|Shadow Ball|p1a: Lagarton
|-damage|p1a: Lagarton|176\/407
|move|p1a: Lagarton|Earthquake|p2a: Chandelure
|-supereffective|p2a: Chandelure
|-damage|p2a: Chandelure|0 fnt
|faint|p2a: Chandelure
|
|-heal|p1a: Lagarton|201\/407|[from] item: Leftovers
|
|switch|p2a: Goodra|Goodra, M|384\/384
|-damage|p2a: Goodra|336\/384|[from] Stealth Rock
|turn|15
|
|switch|p1a: Rodolfo|Donphan, M|370\/383
|move|p2a: Goodra|Draco Meteor|p1a: Rodolfo
|-crit|p1a: Rodolfo
|-damage|p1a: Rodolfo|0 fnt
|-unboost|p2a: Goodra|spa|2
|faint|p1a: Rodolfo
|
|c|âEmblema de Fuego|fuck
|c| Mlle Noob|ja esta loco
|c|âthewindow|i dont think the crit mattered
|c|âEmblema de Fuego|AV
|c|âthewindow|im specs
|
|switch|p1a: Angela|Absol-Mega, F|215\/271
|turn|16
|
|move|p1a: Angela|Play Rough|p2a: Goodra
|-supereffective|p2a: Goodra
|-damage|p2a: Goodra|30\/384
|-unboost|p1a: Angela|spe|1
|-unboost|p2a: Goodra|atk|1
|move|p2a: Goodra|Draco Meteor|p1a: Angela
|-damage|p1a: Angela|0 fnt
|-unboost|p2a: Goodra|spa|2
|faint|p1a: Angela
|
|
|switch|p1a: Musho|Raikou, shiny|321\/321
|-ability|p1a: Musho|Pressure
|turn|17
|
|move|p1a: Musho|Calm Mind|p1a: Musho
|-boost|p1a: Musho|spa|1
|-boost|p1a: Musho|spd|1
|move|p2a: Goodra|Draco Meteor|p1a: Musho
|-damage|p1a: Musho|249\/321
|-unboost|p2a: Goodra|spa|2
|
|-heal|p1a: Musho|269\/321|[from] item: Leftovers
|turn|18
|
|switch|p2a: Trevenant|Trevenant, F|361\/374
|-damage|p2a: Trevenant|315\/374|[from] Stealth Rock
|move|p1a: Musho|Substitute|p1a: Musho
|-start|p1a: Musho|Substitute
|-damage|p1a: Musho|189\/321
|
|-heal|p1a: Musho|209\/321|[from] item: Leftovers
|turn|19
|
|move|p1a: Musho|Hidden Power|p2a: Trevenant
|-supereffective|p2a: Trevenant
|-damage|p2a: Trevenant|157\/374
|-enditem|p2a: Trevenant|Sitrus Berry|[eat]
|-heal|p2a: Trevenant|250\/374|[from] item: Sitrus Berry
|move|p2a: Trevenant|Horn Leech|p1a: Musho
|-end|p1a: Musho|Substitute
|-heal|p2a: Trevenant|290\/374|[from] drain|[of] p1a: Musho
|
|-heal|p1a: Musho|229\/321|[from] item: Leftovers
|turn|20
|
|move|p1a: Musho|Hidden Power|p2a: Trevenant
|-supereffective|p2a: Trevenant
|-damage|p2a: Trevenant|120\/374
|move|p2a: Trevenant|Substitute|p2a: Trevenant
|-start|p2a: Trevenant|Substitute
|-damage|p2a: Trevenant|27\/374
|
|-heal|p1a: Musho|249\/321|[from] item: Leftovers
|turn|21
|
|move|p1a: Musho|Hidden Power|p2a: Trevenant
|-supereffective|p2a: Trevenant
|-end|p2a: Trevenant|Substitute
|move|p2a: Trevenant|Horn Leech|p1a: Musho
|-damage|p1a: Musho|129\/321
|-heal|p2a: Trevenant|87\/374|[from] drain|[of] p1a: Musho
|
|-heal|p1a: Musho|149\/321|[from] item: Leftovers
|turn|22
|
|move|p1a: Musho|Hidden Power|p2a: Trevenant
|-supereffective|p2a: Trevenant
|-damage|p2a: Trevenant|0 fnt
|faint|p2a: Trevenant
|
|-heal|p1a: Musho|169\/321|[from] item: Leftovers
|
|switch|p2a: Beedrill|Beedrill, F|271\/271
|-damage|p2a: Beedrill|204\/271|[from] Stealth Rock
|turn|23
|
|detailschange|p2a: Beedrill|Beedrill-Mega, F
|-mega|p2a: Beedrill|Beedrill|Beedrillite
|move|p1a: Musho|Substitute|p1a: Musho
|-start|p1a: Musho|Substitute
|-damage|p1a: Musho|89\/321
|move|p2a: Beedrill|Poison Jab|p1a: Musho
|-end|p1a: Musho|Substitute
|
|-heal|p1a: Musho|109\/321|[from] item: Leftovers
|turn|24
|
|move|p2a: Beedrill|Poison Jab|p1a: Musho
|-damage|p1a: Musho|0 fnt
|faint|p1a: Musho
|
|
|switch|p1a: 5|Fletchinder, F, shiny|207\/327
|turn|25
|
|move|p1a: 5|Acrobatics|p2a: Beedrill
|-supereffective|p2a: Beedrill
|-damage|p2a: Beedrill|0 fnt
|faint|p2a: Beedrill
|
|
|switch|p2a: Forretress|Forretress, F|263\/354
|-damage|p2a: Forretress|219\/354|[from] Stealth Rock
|turn|26
|
|switch|p1a: Lagarton|Zygarde|201\/407
|-ability|p1a: Lagarton|Aura Break
|move|p2a: Forretress|Stealth Rock|p1a: Lagarton
|-sidestart|p1: Emblema de Fuego|move: Stealth Rock
|
|-heal|p1a: Lagarton|226\/407|[from] item: Leftovers
|-heal|p2a: Forretress|241\/354|[from] item: Leftovers
|turn|27
|
|switch|p2a: Goodra|Goodra, M|30\/384
|-damage|p2a: Goodra|0 fnt|[from] Stealth Rock
|faint|p2a: Goodra
|move|p1a: Lagarton|Substitute|p1a: Lagarton
|-start|p1a: Lagarton|Substitute
|-damage|p1a: Lagarton|125\/407
|
|-heal|p1a: Lagarton|150\/407|[from] item: Leftovers
|
|switch|p2a: Mienshao|Mienshao, M|271\/271
|-damage|p2a: Mienshao|255\/271|[from] Stealth Rock
|turn|28
|
|move|p2a: Mienshao|High Jump Kick|p1a: Lagarton
|-end|p1a: Lagarton|Substitute
|move|p1a: Lagarton|Earthquake|p2a: Mienshao
|-damage|p2a: Mienshao|72\/271
|
|-heal|p1a: Lagarton|175\/407|[from] item: Leftovers
|turn|29
|
|move|p2a: Mienshao|High Jump Kick|p1a: Lagarton
|-crit|p1a: Lagarton
|-damage|p1a: Lagarton|0 fnt
|faint|p1a: Lagarton
|
|c|âEmblema de Fuego|lol
|
|switch|p1a: 5|Fletchinder, F, shiny|207\/327
|-damage|p1a: 5|44\/327|[from] Stealth Rock
|turn|30
|
|move|p1a: 5|Acrobatics|p2a: Mienshao
|-supereffective|p2a: Mienshao
|-damage|p2a: Mienshao|0 fnt
|faint|p2a: Mienshao
|
|
|switch|p2a: Forretress|Forretress, F|241\/354
|-damage|p2a: Forretress|197\/354|[from] Stealth Rock
|turn|31
|
|move|p1a: 5|Roost|p1a: 5
|-heal|p1a: 5|208\/327
|move|p2a: Forretress|Volt Switch|p1a: 5
|-damage|p1a: 5|152\/327
|
|-heal|p2a: Forretress|219\/354|[from] item: Leftovers
|turn|32
|
|move|p1a: 5|Roost|p1a: 5
|-heal|p1a: 5|316\/327
|move|p2a: Forretress|Volt Switch|p1a: 5
|-damage|p1a: 5|254\/327
|
|-heal|p2a: Forretress|241\/354|[from] item: Leftovers
|turn|33
|c| Mlle Noob|:3
|
|move|p1a: 5|Will-O-Wisp|p2a: Forretress
|-status|p2a: Forretress|brn
|move|p2a: Forretress|Volt Switch|p1a: 5
|-supereffective|p1a: 5
|-damage|p1a: 5|134\/327
|
|-heal|p2a: Forretress|263\/354 brn|[from] item: Leftovers
|-damage|p2a: Forretress|219\/354 brn|[from] brn
|turn|34
|
|move|p1a: 5|Roost|p1a: 5
|-heal|p1a: 5|298\/327
|move|p2a: Forretress|Volt Switch|p1a: 5
|-damage|p1a: 5|231\/327
|
|-heal|p2a: Forretress|241\/354 brn|[from] item: Leftovers
|-damage|p2a: Forretress|197\/354 brn|[from] brn
|turn|35
|
|move|p1a: 5|Roost|p1a: 5
|-heal|p1a: 5|327\/327
|move|p2a: Forretress|Volt Switch|p1a: 5
|-damage|p1a: 5|270\/327
|
|-heal|p2a: Forretress|219\/354 brn|[from] item: Leftovers
|-damage|p2a: Forretress|175\/354 brn|[from] brn
|turn|36
|c|âEmblema de Fuego|gg
|
|move|p1a: 5|Roost|p1a: 5
|-heal|p1a: 5|327\/327
|move|p2a: Forretress|Volt Switch|p1a: 5
|-damage|p1a: 5|263\/327
|
|-heal|p2a: Forretress|197\/354 brn|[from] item: Leftovers
|-damage|p2a: Forretress|153\/354 brn|[from] brn
|turn|37
|c|âthewindow|gg
|
|move|p1a: 5|Roost|p1a: 5
|-heal|p1a: 5|327\/327
|move|p2a: Forretress|Volt Switch|p1a: 5
|-damage|p1a: 5|266\/327
|
|-heal|p2a: Forretress|175\/354 brn|[from] item: Leftovers
|-damage|p2a: Forretress|131\/354 brn|[from] brn
|turn|38
|
|move|p1a: 5|Roost|p1a: 5
|-heal|p1a: 5|327\/327
|move|p2a: Forretress|Volt Switch|p1a: 5
|-damage|p1a: 5|271\/327
|
|-heal|p2a: Forretress|153\/354 brn|[from] item: Leftovers
|-damage|p2a: Forretress|109\/354 brn|[from] brn
|turn|39
|
|move|p1a: 5|Roost|p1a: 5
|-heal|p1a: 5|327\/327
|move|p2a: Forretress|Volt Switch|p1a: 5
|-damage|p1a: 5|270\/327
|
|-heal|p2a: Forretress|131\/354 brn|[from] item: Leftovers
|-damage|p2a: Forretress|87\/354 brn|[from] brn
|turn|40
|
|move|p1a: 5|Acrobatics|p2a: Forretress
|-damage|p2a: Forretress|3\/354 brn
|move|p2a: Forretress|Volt Switch|p1a: 5
|-supereffective|p1a: 5
|-damage|p1a: 5|142\/327
|
|-heal|p2a: Forretress|25\/354 brn|[from] item: Leftovers
|-damage|p2a: Forretress|0 fnt|[from] brn
|faint|p2a: Forretress
|
|win|Emblema de Fuego
|raw|Ladder updating...
|raw|Emblema de Fuego's rating: 1512 &rarr; <strong>1524<\/strong><br \/>(+12 for winning)
|raw|thewindow's rating: 1369 &rarr; <strong>1357<\/strong><br \/>(-12 for losing)
|leave|thewindow
|player|p2