|join|Emblema de Fuego
|join|Cnorth26
|player|p1|Emblema de Fuego|101
|player|p2|Cnorth26|167
|gametype|singles
|gen|6
|tier|UU
|rated
|rule|Sleep Clause Mod: Limit one foe put to sleep
|rule|Species Clause: Limit one of each PokÃ©mon
|rule|OHKO Clause: OHKO moves are banned
|rule|Moody Clause: Moody is banned
|rule|Evasion Moves Clause: Evasion moves are banned
|rule|Endless Battle Clause: Forcing endless battles is banned
|rule|HP Percentage Mod: HP is shown in percentages
|clearpoke
|poke|p1|Absol, F
|poke|p1|Fletchinder, F, shiny
|poke|p1|Donphan, M
|poke|p1|Uxie
|poke|p1|Raikou, shiny
|poke|p1|Zygarde
|poke|p2|Zygarde
|poke|p2|Pidgeot, F
|poke|p2|Rotom-Heat
|poke|p2|Froslass, F
|poke|p2|Jirachi
|poke|p2|Mienshao, F
|rule|Swagger Clause: Swagger is banned
|rule|Baton Pass Clause: Limit one PokÃ©mon knowing Baton Pass
|teampreview
|
|start
|switch|p1a: Angela|Absol, F|271\/271
|switch|p2a: Jirachi|Jirachi|342\/342
|-ability|p1a: Angela|Pressure
|turn|1
|
|detailschange|p1a: Angela|Absol-Mega, F
|-mega|p1a: Angela|Absol|Absolite
|move|p1a: Angela|Protect|p1a: Angela
|-singleturn|p1a: Angela|Protect
|move|p2a: Jirachi|Iron Head|p1a: Angela
|-activate|p1a: Angela|Protect
|
|turn|2
|
|switch|p1a: Uzzzi|Uxie|353\/353
|switch|p2a: Mienshao|Mienshao, F|271\/271
|
|turn|3
|
|move|p2a: Mienshao|U-turn|p1a: Uzzzi
|-supereffective|p1a: Uzzzi
|-damage|p1a: Uzzzi|187\/353
|-damage|p2a: Mienshao|244\/271|[from] item: Life Orb
|
|switch|p2a: Jirachi|Jirachi|342\/342
|move|p1a: Uzzzi|Stealth Rock|p2a: Jirachi
|-sidestart|p2: Cnorth26|move: Stealth Rock
|
|-heal|p1a: Uzzzi|209\/353|[from] item: Leftovers
|turn|4
|
|move|p2a: Jirachi|Stealth Rock|p1a: Uzzzi
|-sidestart|p1: Emblema de Fuego|move: Stealth Rock
|move|p1a: Uzzzi|Yawn|p2a: Jirachi
|-start|p2a: Jirachi|move: Yawn|[of] p1a: Uzzzi
|
|-heal|p1a: Uzzzi|231\/353|[from] item: Leftovers
|turn|5
|
|move|p2a: Jirachi|Body Slam|p1a: Uzzzi
|-damage|p1a: Uzzzi|164\/353
|move|p1a: Uzzzi|Knock Off|p2a: Jirachi
|-supereffective|p2a: Jirachi
|-damage|p2a: Jirachi|228\/342
|-enditem|p2a: Jirachi|Leftovers|[from] move: Knock Off|[of] p1a: Uzzzi
|
|-status|p2a: Jirachi|slp
|-heal|p1a: Uzzzi|186\/353|[from] item: Leftovers
|turn|6
|
|switch|p2a: Zygarde|Zygarde|419\/419
|-damage|p2a: Zygarde|393\/419|[from] Stealth Rock
|-ability|p2a: Zygarde|Aura Break
|move|p1a: Uzzzi|U-turn|p2a: Zygarde
|-damage|p2a: Zygarde|357\/419
|
|switch|p1a: Angela|Absol-Mega, F|271\/271
|-damage|p1a: Angela|238\/271|[from] Stealth Rock
|
|-heal|p2a: Zygarde|383\/419|[from] item: Leftovers
|turn|7
|
|move|p1a: Angela|Will-O-Wisp|p2a: Zygarde|[miss]
|-miss|p1a: Angela|p2a: Zygarde
|move|p2a: Zygarde|Earthquake|p1a: Angela
|-damage|p1a: Angela|9\/271
|
|-heal|p2a: Zygarde|409\/419|[from] item: Leftovers
|turn|8
|
|move|p2a: Zygarde|Extreme Speed|p1a: Angela
|-damage|p1a: Angela|0 fnt
|faint|p1a: Angela
|
|-heal|p2a: Zygarde|419\/419|[from] item: Leftovers
|
|switch|p1a: Rodolfo|Donphan, M|383\/383
|-damage|p1a: Rodolfo|360\/383|[from] Stealth Rock
|turn|9
|
|move|p2a: Zygarde|Coil|p2a: Zygarde
|-boost|p2a: Zygarde|atk|1
|-boost|p2a: Zygarde|def|1
|-boost|p2a: Zygarde|accuracy|1
|move|p1a: Rodolfo|Rapid Spin|p2a: Zygarde
|-damage|p2a: Zygarde|408\/419
|-sideend|p1: Emblema de Fuego|Stealth Rock|[from] move: Rapid Spin|[of] p1a: Rodolfo
|
|-heal|p2a: Zygarde|419\/419|[from] item: Leftovers
|-heal|p1a: Rodolfo|383\/383|[from] item: Leftovers
|turn|10
|
|move|p1a: Rodolfo|Ice Shard|p2a: Zygarde
|-supereffective|p2a: Zygarde
|-damage|p2a: Zygarde|335\/419
|move|p2a: Zygarde|Earthquake|p1a: Rodolfo
|-damage|p1a: Rodolfo|217\/383
|
|-heal|p2a: Zygarde|361\/419|[from] item: Leftovers
|-heal|p1a: Rodolfo|240\/383|[from] item: Leftovers
|turn|11
|
|switch|p1a: Uzzzi|Uxie|186\/353
|move|p2a: Zygarde|Coil|p2a: Zygarde
|-boost|p2a: Zygarde|atk|1
|-boost|p2a: Zygarde|def|1
|-boost|p2a: Zygarde|accuracy|1
|
|-heal|p1a: Uzzzi|208\/353|[from] item: Leftovers
|-heal|p2a: Zygarde|387\/419|[from] item: Leftovers
|turn|12
|
|move|p1a: Uzzzi|Knock Off|p2a: Zygarde
|-damage|p2a: Zygarde|362\/419
|-enditem|p2a: Zygarde|Leftovers|[from] move: Knock Off|[of] p1a: Uzzzi
|move|p2a: Zygarde|Substitute|p2a: Zygarde
|-start|p2a: Zygarde|Substitute
|-damage|p2a: Zygarde|258\/419
|
|-heal|p1a: Uzzzi|230\/353|[from] item: Leftovers
|turn|13
|
|move|p1a: Uzzzi|U-turn|p2a: Zygarde
|-activate|p2a: Zygarde|Substitute|[damage]
|
|switch|p1a: Rodolfo|Donphan, M|240\/383
|move|p2a: Zygarde|Coil|p2a: Zygarde
|-boost|p2a: Zygarde|atk|1
|-boost|p2a: Zygarde|def|1
|-boost|p2a: Zygarde|accuracy|1
|
|-heal|p1a: Rodolfo|263\/383|[from] item: Leftovers
|turn|14
|
|move|p2a: Zygarde|Earthquake|p1a: Rodolfo
|-damage|p1a: Rodolfo|5\/383
|move|p1a: Rodolfo|Roar|p2a: Zygarde
|drag|p2a: Pidgeot|Pidgeot, F|307\/307
|-damage|p2a: Pidgeot|231\/307|[from] Stealth Rock
|
|-heal|p1a: Rodolfo|28\/383|[from] item: Leftovers
|turn|15
|
|detailschange|p2a: Pidgeot|Pidgeot-Mega, F
|-mega|p2a: Pidgeot|Pidgeot|Pidgeotite
|move|p1a: Rodolfo|Ice Shard|p2a: Pidgeot
|-supereffective|p2a: Pidgeot
|-damage|p2a: Pidgeot|135\/307
|move|p2a: Pidgeot|Hurricane|p1a: Rodolfo
|-damage|p1a: Rodolfo|0 fnt
|faint|p1a: Rodolfo
|
|
|switch|p1a: 5|Fletchinder, F, shiny|327\/327
|turn|16
|
|move|p1a: 5|Acrobatics|p2a: Pidgeot
|-damage|p2a: Pidgeot|0 fnt
|faint|p2a: Pidgeot
|
|
|switch|p2a: Rotom-Heat|Rotom-Heat|241\/241
|-damage|p2a: Rotom-Heat|181\/241|[from] Stealth Rock
|turn|17
|
|switch|p1a: Uzzzi|Uxie|230\/353
|move|p2a: Rotom-Heat|Trick|p1a: Uzzzi
|-activate|p2a: Rotom-Heat|move: Trick|[of] p1a: Uzzzi
|-item|p1a: Uzzzi|Choice Scarf|[from] move: Trick
|-item|p2a: Rotom-Heat|Leftovers|[from] move: Trick
|
|-heal|p2a: Rotom-Heat|196\/241|[from] item: Leftovers
|turn|18
|
|move|p1a: Uzzzi|Knock Off|p2a: Rotom-Heat
|-damage|p2a: Rotom-Heat|136\/241
|-enditem|p2a: Rotom-Heat|Leftovers|[from] move: Knock Off|[of] p1a: Uzzzi
|move|p2a: Rotom-Heat|Will-O-Wisp|p1a: Uzzzi
|-status|p1a: Uzzzi|brn
|
|-damage|p1a: Uzzzi|186\/353 brn|[from] brn
|turn|19
|
|switch|p1a: Musho|Raikou, shiny|321\/321
|-ability|p1a: Musho|Pressure
|move|p2a: Rotom-Heat|Will-O-Wisp|p1a: Musho
|-status|p1a: Musho|brn
|
|-damage|p1a: Musho|281\/321 brn|[from] brn
|turn|20
|
|switch|p2a: Zygarde|Zygarde|258\/419
|-damage|p2a: Zygarde|232\/419|[from] Stealth Rock
|-ability|p2a: Zygarde|Aura Break
|move|p1a: Musho|Thunderbolt|p2a: Zygarde
|-immune|p2a: Zygarde|[msg]
|
|-heal|p1a: Musho|301\/321 brn|[from] item: Leftovers
|-damage|p1a: Musho|261\/321 brn|[from] brn
|turn|21
|
|move|p1a: Musho|Hidden Power|p2a: Zygarde
|-supereffective|p2a: Zygarde
|-damage|p2a: Zygarde|0 fnt
|faint|p2a: Zygarde
|
|-heal|p1a: Musho|281\/321 brn|[from] item: Leftovers
|-damage|p1a: Musho|241\/321 brn|[from] brn
|
|switch|p2a: Mienshao|Mienshao, F|244\/271
|-damage|p2a: Mienshao|228\/271|[from] Stealth Rock
|turn|22
|
|switch|p1a: Uzzzi|Uxie|186\/353 brn
|move|p2a: Mienshao|Fake Out|p1a: Uzzzi
|-damage|p1a: Uzzzi|144\/353 brn
|-damage|p2a: Mienshao|201\/271|[from] item: Life Orb
|
|-damage|p1a: Uzzzi|100\/353 brn|[from] brn
|turn|23
|
|switch|p2a: Jirachi|Jirachi|228\/342 slp
|-damage|p2a: Jirachi|207\/342 slp|[from] Stealth Rock
|move|p1a: Uzzzi|Knock Off|p2a: Jirachi
|-supereffective|p2a: Jirachi
|-damage|p2a: Jirachi|167\/342 slp
|
|-damage|p1a: Uzzzi|56\/353 brn|[from] brn
|turn|24
|
|switch|p1a: Lagarton|Zygarde|407\/407
|-ability|p1a: Lagarton|Aura Break
|cant|p2a: Jirachi|slp
|
|turn|25
|
|cant|p2a: Jirachi|slp
|move|p1a: Lagarton|Substitute|p1a: Lagarton
|-start|p1a: Lagarton|Substitute
|-damage|p1a: Lagarton|306\/407
|
|-heal|p1a: Lagarton|331\/407|[from] item: Leftovers
|turn|26
|
|-curestatus|p2a: Jirachi|slp
|move|p2a: Jirachi|Body Slam|p1a: Lagarton
|-activate|p1a: Lagarton|Substitute|[damage]
|move|p1a: Lagarton|Coil|p1a: Lagarton
|-boost|p1a: Lagarton|atk|1
|-boost|p1a: Lagarton|def|1
|-boost|p1a: Lagarton|accuracy|1
|
|-heal|p1a: Lagarton|356\/407|[from] item: Leftovers
|turn|27
|
|move|p2a: Jirachi|Iron Head|p1a: Lagarton
|-end|p1a: Lagarton|Substitute
|move|p1a: Lagarton|Substitute|p1a: Lagarton
|-start|p1a: Lagarton|Substitute
|-damage|p1a: Lagarton|255\/407
|
|-heal|p1a: Lagarton|280\/407|[from] item: Leftovers
|turn|28
|
|move|p2a: Jirachi|Iron Head|p1a: Lagarton
|-activate|p1a: Lagarton|Substitute|[damage]
|move|p1a: Lagarton|Earthquake|p2a: Jirachi
|-supereffective|p2a: Jirachi
|-damage|p2a: Jirachi|0 fnt
|faint|p2a: Jirachi
|
|-heal|p1a: Lagarton|305\/407|[from] item: Leftovers
|
|switch|p2a: Mienshao|Mienshao, F|201\/271
|-damage|p2a: Mienshao|185\/271|[from] Stealth Rock
|turn|29
|
|move|p2a: Mienshao|High Jump Kick|p1a: Lagarton
|-end|p1a: Lagarton|Substitute
|-damage|p2a: Mienshao|158\/271|[from] item: Life Orb
|move|p1a: Lagarton|Dragon Tail|p2a: Mienshao
|-damage|p2a: Mienshao|0 fnt
|faint|p2a: Mienshao
|
|-heal|p1a: Lagarton|330\/407|[from] item: Leftovers
|
|switch|p2a: Froslass|Froslass, F|343\/343
|-damage|p2a: Froslass|258\/343|[from] Stealth Rock
|turn|30
|
|switch|p1a: Uzzzi|Uxie|56\/353 brn
|move|p2a: Froslass|Icy Wind|p1a: Uzzzi
|-damage|p1a: Uzzzi|22\/353 brn
|-unboost|p1a: Uzzzi|spe|1
|
|-damage|p1a: Uzzzi|0 fnt|[from] brn
|faint|p1a: Uzzzi
|
|switch|p1a: Musho|Raikou, shiny|241\/321 brn
|-ability|p1a: Musho|Pressure
|turn|31
|
|move|p1a: Musho|Thunderbolt|p2a: Froslass
|-damage|p2a: Froslass|59\/343
|-start|p1a: Musho|Disable|Thunderbolt
|move|p2a: Froslass|Destiny Bond|p2a: Froslass
|-singlemove|p2a: Froslass|Destiny Bond
|
|-heal|p1a: Musho|261\/321 brn|[from] item: Leftovers
|-damage|p1a: Musho|221\/321 brn|[from] brn
|turn|32
|
|move|p1a: Musho|Substitute|p1a: Musho
|-start|p1a: Musho|Substitute
|-damage|p1a: Musho|141\/321 brn
|move|p2a: Froslass|Destiny Bond|p2a: Froslass
|-singlemove|p2a: Froslass|Destiny Bond
|
|-heal|p1a: Musho|161\/321 brn|[from] item: Leftovers
|-damage|p1a: Musho|121\/321 brn|[from] brn
|turn|33
|
|move|p1a: Musho|Hidden Power|p2a: Froslass
|-resisted|p2a: Froslass
|-damage|p2a: Froslass|19\/343
|move|p2a: Froslass|Destiny Bond|p2a: Froslass
|-singlemove|p2a: Froslass|Destiny Bond
|
|-heal|p1a: Musho|141\/321 brn|[from] item: Leftovers
|-damage|p1a: Musho|101\/321 brn|[from] brn
|turn|34
|
|move|p1a: Musho|Hidden Power|p2a: Froslass
|-resisted|p2a: Froslass
|-damage|p2a: Froslass|0 fnt
|faint|p2a: Froslass
|-activate|p2a: Froslass|Destiny Bond
|faint|p1a: Musho
|
|
|switch|p2a: Rotom-Heat|Rotom-Heat|136\/241
|switch|p1a: Lagarton|Zygarde|330\/407
|-damage|p2a: Rotom-Heat|76\/241|[from] Stealth Rock
|-ability|p1a: Lagarton|Aura Break
|turn|35
|
|move|p2a: Rotom-Heat|Will-O-Wisp|p1a: Lagarton|[miss]
|-miss|p2a: Rotom-Heat|p1a: Lagarton
|move|p1a: Lagarton|Dragon Tail|p2a: Rotom-Heat
|-damage|p2a: Rotom-Heat|9\/241
|
|-heal|p1a: Lagarton|355\/407|[from] item: Leftovers
|turn|36
|c|âCnorth26|gg
|c|âEmblema de Fuego|gg
|
|move|p2a: Rotom-Heat|Will-O-Wisp|p1a: Lagarton|[miss]
|-miss|p2a: Rotom-Heat|p1a: Lagarton
|move|p1a: Lagarton|Dragon Tail|p2a: Rotom-Heat
|-damage|p2a: Rotom-Heat|0 fnt
|faint|p2a: Rotom-Heat
|
|win|Emblema de Fuego
|raw|Ladder updating...
|raw|Emblema de Fuego's rating: 1493 &rarr; <strong>1512<\/strong><br \/>(+19 for winning)
|raw|Cnorth26's rating: 1475 &rarr; <strong>1456<\/strong><br \/>(-19 for losing)
|leave|Cnorth26
|player|p2