|join|Emblema de Fuego
|join|pokemonisfun
|player|p1|Emblema de Fuego|101
|player|p2|pokemonisfun|184
|gametype|singles
|gen|6
|tier|UU
|rated
|rule|Sleep Clause Mod: Limit one foe put to sleep
|rule|Species Clause: Limit one of each PokÃ©mon
|rule|OHKO Clause: OHKO moves are banned
|rule|Moody Clause: Moody is banned
|rule|Evasion Moves Clause: Evasion moves are banned
|rule|Endless Battle Clause: Forcing endless battles is banned
|rule|HP Percentage Mod: HP is shown in percentages
|clearpoke
|poke|p1|Absol, F
|poke|p1|Fletchinder, F, shiny
|poke|p1|Donphan, M
|poke|p1|Uxie
|poke|p1|Raikou, shiny
|poke|p1|Slurpuff, F
|poke|p2|Blissey, F
|poke|p2|Swampert, M
|poke|p2|Granbull, M
|poke|p2|Alomomola, F
|poke|p2|Crobat, F
|poke|p2|Celebi
|rule|Swagger Clause: Swagger is banned
|rule|Baton Pass Clause: Limit one PokÃ©mon knowing Baton Pass
|teampreview
|c|âEmblema de Fuego|hi again
|c|âEmblema de Fuego|lol
|c|âpokemonisfun|hey again
|
|start
|switch|p1a: Angela|Absol, F|271\/271
|switch|p2a: bubblsy bubbles|Swampert, M|404\/404
|-ability|p1a: Angela|Pressure
|turn|1
|
|detailschange|p1a: Angela|Absol-Mega, F
|-mega|p1a: Angela|Absol|Absolite
|detailschange|p2a: bubblsy bubbles|Swampert-Mega, M
|-mega|p2a: bubblsy bubbles|Swampert|Swampertite
|move|p1a: Angela|Will-O-Wisp|p2a: bubblsy bubbles
|-status|p2a: bubblsy bubbles|brn
|move|p2a: bubblsy bubbles|Scald|p1a: Angela
|-damage|p1a: Angela|142\/271
|
|-damage|p2a: bubblsy bubbles|354\/404 brn|[from] brn
|turn|2
|
|switch|p1a: Uzzzi|Uxie|353\/353
|move|p2a: bubblsy bubbles|Scald|p1a: Uzzzi
|-damage|p1a: Uzzzi|295\/353
|
|-heal|p1a: Uzzzi|317\/353|[from] item: Leftovers
|-damage|p2a: bubblsy bubbles|304\/404 brn|[from] brn
|turn|3
|
|switch|p2a: onion fairy god|Celebi|396\/396
|move|p1a: Uzzzi|Stealth Rock|p2a: onion fairy god
|-sidestart|p2: pokemonisfun|move: Stealth Rock
|
|-heal|p1a: Uzzzi|339\/353|[from] item: Leftovers
|turn|4
|
|switch|p1a: Fiero|Slurpuff, F|338\/338
|move|p2a: onion fairy god|Stealth Rock|p1a: Fiero
|-sidestart|p1: Emblema de Fuego|move: Stealth Rock
|
|turn|5
|
|move|p2a: onion fairy god|Perish Song|p2a: onion fairy god
|-fieldactivate|move: Perish Song
|move|p1a: Fiero|Belly Drum|p1a: Fiero
|-damage|p1a: Fiero|169\/338
|-setboost|p1a: Fiero|atk|6|[from] move: Belly Drum
|-enditem|p1a: Fiero|Sitrus Berry|[eat]
|-heal|p1a: Fiero|253\/338|[from] item: Sitrus Berry
|
|-start|p2a: onion fairy god|perish3
|-start|p1a: Fiero|perish3
|turn|6
|
|switch|p2a: woofy woof woof|Granbull, M|384\/384
|-damage|p2a: woofy woof woof|336\/384|[from] Stealth Rock
|-ability|p2a: woofy woof woof|Intimidate|[of] p1a: Fiero
|-unboost|p1a: Fiero|atk|1
|move|p1a: Fiero|Play Rough|p2a: woofy woof woof
|-damage|p2a: woofy woof woof|0 fnt
|faint|p2a: woofy woof woof
|
|-start|p1a: Fiero|perish2
|
|switch|p2a: swimmy swim|Alomomola, F|471\/471
|-damage|p2a: swimmy swim|413\/471|[from] Stealth Rock
|turn|7
|
|move|p2a: swimmy swim|Protect|p2a: swimmy swim
|-singleturn|p2a: swimmy swim|Protect
|move|p1a: Fiero|Drain Punch|p2a: swimmy swim
|-activate|p2a: swimmy swim|Protect
|
|-start|p1a: Fiero|perish1
|-heal|p2a: swimmy swim|442\/471|[from] item: Leftovers
|turn|8
|
|move|p1a: Fiero|Frustration|p2a: swimmy swim
|-damage|p2a: swimmy swim|160\/471
|move|p2a: swimmy swim|Wish|p2a: swimmy swim
|
|-start|p1a: Fiero|perish0
|-heal|p2a: swimmy swim|189\/471|[from] item: Leftovers
|faint|p1a: Fiero
|c|âEmblema de Fuego|haha
|c|âEmblema de Fuego|play is KO xd
|
|switch|p1a: Uzzzi|Uxie|339\/353
|-damage|p1a: Uzzzi|295\/353|[from] Stealth Rock
|turn|9
|
|move|p1a: Uzzzi|Knock Off|p2a: swimmy swim
|-damage|p2a: swimmy swim|137\/471
|-enditem|p2a: swimmy swim|Leftovers|[from] move: Knock Off|[of] p1a: Uzzzi
|move|p2a: swimmy swim|Wish|p2a: swimmy swim
|-fail|p2a: swimmy swim
|
|-heal|p2a: swimmy swim|372\/471|[from] move: Wish|[wisher] swimmy swim
|-heal|p1a: Uzzzi|317\/353|[from] item: Leftovers
|turn|10
|c|âpokemonisfun|oops
|
|move|p1a: Uzzzi|U-turn|p2a: swimmy swim
|-damage|p2a: swimmy swim|335\/471
|
|switch|p1a: Angela|Absol-Mega, F|142\/271
|-damage|p1a: Angela|109\/271|[from] Stealth Rock
|move|p2a: swimmy swim|Wish|p2a: swimmy swim
|
|turn|11
|
|move|p1a: Angela|Will-O-Wisp|p2a: swimmy swim
|-status|p2a: swimmy swim|brn
|move|p2a: swimmy swim|Scald|p1a: Angela
|-damage|p1a: Angela|45\/271
|
|-heal|p2a: swimmy swim|471\/471 brn|[from] move: Wish|[wisher] swimmy swim
|-damage|p2a: swimmy swim|413\/471 brn|[from] brn
|turn|12
|
|move|p1a: Angela|Protect|p1a: Angela
|-singleturn|p1a: Angela|Protect
|move|p2a: swimmy swim|Wish|p2a: swimmy swim
|
|-damage|p2a: swimmy swim|355\/471 brn|[from] brn
|turn|13
|
|switch|p1a: Uzzzi|Uxie|317\/353
|-damage|p1a: Uzzzi|273\/353|[from] Stealth Rock
|move|p2a: swimmy swim|Scald|p1a: Uzzzi
|-damage|p1a: Uzzzi|243\/353
|-status|p1a: Uzzzi|brn
|
|-heal|p2a: swimmy swim|471\/471 brn|[from] move: Wish|[wisher] swimmy swim
|-heal|p1a: Uzzzi|265\/353 brn|[from] item: Leftovers
|-damage|p1a: Uzzzi|221\/353 brn|[from] brn
|-damage|p2a: swimmy swim|413\/471 brn|[from] brn
|turn|14
|
|move|p1a: Uzzzi|U-turn|p2a: swimmy swim
|-damage|p2a: swimmy swim|396\/471 brn
|
|switch|p1a: Rodolfo|Donphan, M|383\/383
|-damage|p1a: Rodolfo|360\/383|[from] Stealth Rock
|move|p2a: swimmy swim|Wish|p2a: swimmy swim
|
|-heal|p1a: Rodolfo|383\/383|[from] item: Leftovers
|-damage|p2a: swimmy swim|338\/471 brn|[from] brn
|turn|15
|
|move|p2a: swimmy swim|Toxic|p1a: Rodolfo|[miss]
|-miss|p2a: swimmy swim|p1a: Rodolfo
|move|p1a: Rodolfo|Rapid Spin|p2a: swimmy swim
|-damage|p2a: swimmy swim|320\/471 brn
|-sideend|p1: Emblema de Fuego|Stealth Rock|[from] move: Rapid Spin|[of] p1a: Rodolfo
|
|-heal|p2a: swimmy swim|471\/471 brn|[from] move: Wish|[wisher] swimmy swim
|-damage|p2a: swimmy swim|413\/471 brn|[from] brn
|turn|16
|
|switch|p1a: Uzzzi|Uxie|221\/353 brn
|move|p2a: swimmy swim|Wish|p2a: swimmy swim
|
|-heal|p1a: Uzzzi|243\/353 brn|[from] item: Leftovers
|-damage|p1a: Uzzzi|199\/353 brn|[from] brn
|-damage|p2a: swimmy swim|355\/471 brn|[from] brn
|turn|17
|c|âEmblema de Fuego|I have to go
|c|âEmblema de Fuego|anyways
|c|âEmblema de Fuego|i lost
|c|âpokemonisfun|i think you can win
|c|âpokemonisfun|sorry im moving slow because 2 games
|c|âEmblema de Fuego|im not prepare well
|c|âEmblema de Fuego|yea i think
|c|âEmblema de Fuego|but is very dificult
|c|âEmblema de Fuego|and a long time etc
|
|move|p1a: Uzzzi|Knock Off|p2a: swimmy swim
|-crit|p2a: swimmy swim
|-damage|p2a: swimmy swim|328\/471 brn
|move|p2a: swimmy swim|Scald|p1a: Uzzzi
|-damage|p1a: Uzzzi|169\/353 brn
|
|-heal|p2a: swimmy swim|471\/471 brn|[from] move: Wish|[wisher] swimmy swim
|-heal|p1a: Uzzzi|191\/353 brn|[from] item: Leftovers
|-damage|p1a: Uzzzi|147\/353 brn|[from] brn
|-damage|p2a: swimmy swim|413\/471 brn|[from] brn
|turn|18
|
|move|p1a: Uzzzi|U-turn|p2a: swimmy swim
|-damage|p2a: swimmy swim|393\/471 brn
|
|switch|p1a: Musho|Raikou, shiny|321\/321
|-ability|p1a: Musho|Pressure
|move|p2a: swimmy swim|Wish|p2a: swimmy swim
|
|-damage|p2a: swimmy swim|335\/471 brn|[from] brn
|turn|19
|
|switch|p2a: onion fairy god|Celebi|396\/396
|-damage|p2a: onion fairy god|347\/396|[from] Stealth Rock
|move|p1a: Musho|Substitute|p1a: Musho
|-start|p1a: Musho|Substitute
|-damage|p1a: Musho|241\/321
|
|-heal|p2a: onion fairy god|396\/396|[from] move: Wish|[wisher] swimmy swim
|-heal|p1a: Musho|261\/321|[from] item: Leftovers
|turn|20
|
|move|p1a: Musho|Hidden Power|p2a: onion fairy god
|-supereffective|p2a: onion fairy god
|-damage|p2a: onion fairy god|270\/396
|move|p2a: onion fairy god|Stealth Rock|p1a: Musho
|-sidestart|p1: Emblema de Fuego|move: Stealth Rock
|
|-heal|p1a: Musho|281\/321|[from] item: Leftovers
|-heal|p2a: onion fairy god|294\/396|[from] item: Leftovers
|turn|21
|
|switch|p2a: Mega Chansey|Blissey, F|656\/656
|-damage|p2a: Mega Chansey|574\/656|[from] Stealth Rock
|move|p1a: Musho|Hidden Power|p2a: Mega Chansey
|-damage|p2a: Mega Chansey|535\/656
|
|-heal|p1a: Musho|301\/321|[from] item: Leftovers
|-heal|p2a: Mega Chansey|576\/656|[from] item: Leftovers
|turn|22
|
|switch|p1a: Rodolfo|Donphan, M|383\/383
|-damage|p1a: Rodolfo|360\/383|[from] Stealth Rock
|move|p2a: Mega Chansey|Seismic Toss|p1a: Rodolfo
|-damage|p1a: Rodolfo|260\/383
|
|-heal|p2a: Mega Chansey|617\/656|[from] item: Leftovers
|-heal|p1a: Rodolfo|283\/383|[from] item: Leftovers
|turn|23
|
|move|p2a: Mega Chansey|Heal Bell|p2a: Mega Chansey
|-cureteam|p2a: Mega Chansey|[from] move: HealBell
|move|p1a: Rodolfo|Rapid Spin|p2a: Mega Chansey
|-damage|p2a: Mega Chansey|580\/656
|-sideend|p1: Emblema de Fuego|Stealth Rock|[from] move: Rapid Spin|[of] p1a: Rodolfo
|
|-heal|p2a: Mega Chansey|621\/656|[from] item: Leftovers
|-heal|p1a: Rodolfo|306\/383|[from] item: Leftovers
|turn|24
|
|switch|p2a: batsy watzy|Crobat, F|373\/373
|-damage|p2a: batsy watzy|280\/373|[from] Stealth Rock
|switch|p1a: 5|Fletchinder, F, shiny|327\/327
|
|-heal|p2a: batsy watzy|303\/373|[from] item: Black Sludge
|turn|25
|
|switch|p2a: swimmy swim|Alomomola, F|471\/471
|-damage|p2a: swimmy swim|413\/471|[from] Stealth Rock
|switch|p1a: Uzzzi|Uxie|147\/353 brn
|
|-heal|p1a: Uzzzi|169\/353 brn|[from] item: Leftovers
|-damage|p1a: Uzzzi|125\/353 brn|[from] brn
|turn|26
|
|move|p1a: Uzzzi|Yawn|p2a: swimmy swim
|-start|p2a: swimmy swim|move: Yawn|[of] p1a: Uzzzi
|move|p2a: swimmy swim|Wish|p2a: swimmy swim
|
|-heal|p1a: Uzzzi|147\/353 brn|[from] item: Leftovers
|-damage|p1a: Uzzzi|103\/353 brn|[from] brn
|turn|27
|
|switch|p2a: bubblsy bubbles|Swampert-Mega, M|304\/404
|-damage|p2a: bubblsy bubbles|279\/404|[from] Stealth Rock
|move|p1a: Uzzzi|U-turn|p2a: bubblsy bubbles
|-damage|p2a: bubblsy bubbles|258\/404
|
|switch|p1a: Angela|Absol-Mega, F|45\/271
|
|-heal|p2a: bubblsy bubbles|404\/404|[from] move: Wish|[wisher] swimmy swim
|turn|28
|
|move|p1a: Angela|Will-O-Wisp|p2a: bubblsy bubbles
|-status|p2a: bubblsy bubbles|brn
|move|p2a: bubblsy bubbles|Scald|p1a: Angela
|-damage|p1a: Angela|0 fnt
|faint|p1a: Angela
|
|-damage|p2a: bubblsy bubbles|354\/404 brn|[from] brn
|
|switch|p1a: 5|Fletchinder, F, shiny|327\/327
|turn|29
|
|switch|p1a: Uzzzi|Uxie|103\/353 brn
|move|p2a: bubblsy bubbles|Scald|p1a: Uzzzi
|-damage|p1a: Uzzzi|43\/353 brn
|
|-heal|p1a: Uzzzi|65\/353 brn|[from] item: Leftovers
|-damage|p1a: Uzzzi|21\/353 brn|[from] brn
|-damage|p2a: bubblsy bubbles|304\/404 brn|[from] brn
|turn|30
|
|switch|p2a: batsy watzy|Crobat, F|303\/373
|-damage|p2a: batsy watzy|210\/373|[from] Stealth Rock
|move|p1a: Uzzzi|Knock Off|p2a: batsy watzy
|-damage|p2a: batsy watzy|172\/373
|-enditem|p2a: batsy watzy|Black Sludge|[from] move: Knock Off|[of] p1a: Uzzzi
|
|-heal|p1a: Uzzzi|43\/353 brn|[from] item: Leftovers
|-damage|p1a: Uzzzi|0 fnt|[from] brn
|faint|p1a: Uzzzi
|
|switch|p1a: Musho|Raikou, shiny|301\/321
|-ability|p1a: Musho|Pressure
|turn|31
|
|move|p2a: batsy watzy|Defog|p1a: Musho
|-unboost|p1a: Musho|evasion|1
|-sideend|p2: pokemonisfun|Stealth Rock|[from] move: Defog|[of] p2a: batsy watzy
|move|p1a: Musho|Hidden Power|p2a: batsy watzy
|-supereffective|p2a: batsy watzy
|-damage|p2a: batsy watzy|24\/373
|
|-heal|p1a: Musho|321\/321|[from] item: Leftovers
|turn|32
|
|switch|p2a: Mega Chansey|Blissey, F|621\/656
|move|p1a: Musho|Thunderbolt|p2a: Mega Chansey
|-damage|p2a: Mega Chansey|536\/656
|
|-heal|p2a: Mega Chansey|577\/656|[from] item: Leftovers
|turn|33
|
|switch|p1a: 5|Fletchinder, F, shiny|327\/327
|move|p2a: Mega Chansey|Toxic|p1a: 5
|-status|p1a: 5|tox
|
|-heal|p2a: Mega Chansey|618\/656|[from] item: Leftovers
|-damage|p1a: 5|307\/327 tox|[from] psn
|turn|34
|c|âEmblema de Fuego|gg
|
|switch|p2a: swimmy swim|Alomomola, F|471\/471
|move|p1a: 5|Swords Dance|p1a: 5
|-boost|p1a: 5|atk|2
|
|-damage|p1a: 5|267\/327 tox|[from] psn
|turn|35
|c|âpokemonisfun|gg
|
|move|p1a: 5|Swords Dance|p1a: 5
|-boost|p1a: 5|atk|2
|move|p2a: swimmy swim|Scald|p1a: 5
|-crit|p1a: 5
|-supereffective|p1a: 5
|-damage|p1a: 5|55\/327 tox
|
|-damage|p1a: 5|0 fnt|[from] psn
|faint|p1a: 5
|-message|Emblema de Fuego forfeited.
|
|win|pokemonisfun
|raw|Ladder updating...
|leave|Emblema de Fuego
|player|p1
|raw|Emblema de Fuego's rating: 1538 &rarr; <strong>1524<\/strong><br \/>(-14 for losing)
|raw|pokemonisfun's rating: 1632 &rarr; <strong>1647<\/strong><br \/>(+15 for winning)