|join|Emblema de Fuego
|join|Raegaia
|player|p1|Emblema de Fuego|289
|player|p2|Raegaia|169
|gametype|singles
|gen|6
|tier|UU
|rated
|rule|Sleep Clause Mod: Limit one foe put to sleep
|rule|Species Clause: Limit one of each PokÃ©mon
|rule|OHKO Clause: OHKO moves are banned
|rule|Moody Clause: Moody is banned
|rule|Evasion Moves Clause: Evasion moves are banned
|rule|Endless Battle Clause: Forcing endless battles is banned
|rule|HP Percentage Mod: HP is shown in percentages
|clearpoke
|poke|p1|Absol, F
|poke|p1|Fletchinder, F, shiny
|poke|p1|Donphan, M
|poke|p1|Uxie
|poke|p1|Raikou, shiny
|poke|p1|Seismitoad, M
|poke|p2|Blissey, F, shiny
|poke|p2|Flygon, F
|poke|p2|Houndoom, F
|poke|p2|Suicune
|poke|p2|Roserade, F
|poke|p2|Forretress, M
|rule|Swagger Clause: Swagger is banned
|rule|Baton Pass Clause: Limit one PokÃ©mon knowing Baton Pass
|teampreview
|
|start
|switch|p1a: Angela|Absol, F|271\/271
|switch|p2a: Houndoom|Houndoom, F|291\/291
|-ability|p1a: Angela|Pressure
|turn|1
|
|detailschange|p2a: Houndoom|Houndoom-Mega, F
|-mega|p2a: Houndoom|Houndoom|Houndoominite
|detailschange|p1a: Angela|Absol-Mega, F
|-mega|p1a: Angela|Absol|Absolite
|move|p1a: Angela|Protect|p1a: Angela
|-singleturn|p1a: Angela|Protect
|move|p2a: Houndoom|Flamethrower|p1a: Angela
|-activate|p1a: Angela|Protect
|
|turn|2
|
|move|p2a: Houndoom|Flamethrower|p1a: Angela
|-damage|p1a: Angela|37\/271
|move|p1a: Angela|Play Rough|p2a: Houndoom
|-damage|p2a: Houndoom|158\/291
|
|turn|3
|
|move|p1a: Angela|Protect|p1a: Angela
|-singleturn|p1a: Angela|Protect
|move|p2a: Houndoom|Dark Pulse|p1a: Angela
|-activate|p1a: Angela|Protect
|
|turn|4
|
|move|p1a: Angela|Sucker Punch|p2a: Houndoom
|-resisted|p2a: Houndoom
|-damage|p2a: Houndoom|68\/291
|move|p2a: Houndoom|Flamethrower|p1a: Angela
|-damage|p1a: Angela|0 fnt
|faint|p1a: Angela
|
|
|switch|p1a: 5|Fletchinder, F, shiny|327\/327
|turn|5
|
|switch|p2a: Suicune|Suicune|404\/404
|-ability|p2a: Suicune|Pressure
|move|p1a: 5|Acrobatics|p2a: Suicune
|-damage|p2a: Suicune|304\/404
|
|-heal|p2a: Suicune|329\/404|[from] item: Leftovers
|turn|6
|
|switch|p1a: Seismitoad|Seismitoad, M|405\/405
|move|p2a: Suicune|Scald|p1a: Seismitoad
|-immune|p1a: Seismitoad|[msg]
|
|-heal|p2a: Suicune|354\/404|[from] item: Leftovers
|turn|7
|
|switch|p2a: Roserade|Roserade, F|261\/261
|move|p1a: Seismitoad|Substitute|p1a: Seismitoad
|-start|p1a: Seismitoad|Substitute
|-damage|p1a: Seismitoad|304\/405
|
|-heal|p1a: Seismitoad|329\/405|[from] item: Leftovers
|turn|8
|
|move|p2a: Roserade|Sludge Bomb|p1a: Seismitoad
|-resisted|p1a: Seismitoad
|-end|p1a: Seismitoad|Substitute
|-damage|p2a: Roserade|235\/261|[from] item: Life Orb
|move|p1a: Seismitoad|Earthquake|p2a: Roserade
|-damage|p2a: Roserade|63\/261
|
|-heal|p1a: Seismitoad|354\/405|[from] item: Leftovers
|turn|9
|
|switch|p1a: Uzzzi|Uxie|353\/353
|move|p2a: Roserade|Leaf Storm|p1a: Uzzzi
|-damage|p1a: Uzzzi|149\/353
|-unboost|p2a: Roserade|spa|2
|-damage|p2a: Roserade|37\/261|[from] item: Life Orb
|
|-heal|p1a: Uzzzi|171\/353|[from] item: Leftovers
|turn|10
|
|switch|p2a: Blissey|Blissey, F, shiny|651\/651
|move|p1a: Uzzzi|U-turn|p2a: Blissey
|-damage|p2a: Blissey|563\/651
|
|switch|p1a: Seismitoad|Seismitoad, M|354\/405
|
|-heal|p1a: Seismitoad|379\/405|[from] item: Leftovers
|-heal|p2a: Blissey|603\/651|[from] item: Leftovers
|turn|11
|
|move|p1a: Seismitoad|Infestation|p2a: Blissey
|-damage|p2a: Blissey|595\/651
|-activate|p2a: Blissey|move: Infestation|[of] p1a: Seismitoad
|move|p2a: Blissey|Wish|p2a: Blissey
|
|-heal|p1a: Seismitoad|404\/405|[from] item: Leftovers
|-heal|p2a: Blissey|635\/651|[from] item: Leftovers
|-damage|p2a: Blissey|554\/651|[from] move: Infestation|[partiallytrapped]
|turn|12
|
|move|p1a: Seismitoad|Substitute|p1a: Seismitoad
|-start|p1a: Seismitoad|Substitute
|-damage|p1a: Seismitoad|303\/405
|move|p2a: Blissey|Seismic Toss|p1a: Seismitoad
|-activate|p1a: Seismitoad|Substitute|[damage]
|
|-heal|p2a: Blissey|651\/651|[from] move: Wish|[wisher] Blissey
|-heal|p1a: Seismitoad|328\/405|[from] item: Leftovers
|-damage|p2a: Blissey|570\/651|[from] move: Infestation|[partiallytrapped]
|turn|13
|
|-singleturn|p1a: Seismitoad|move: Focus Punch
|move|p2a: Blissey|Wish|p2a: Blissey
|move|p1a: Seismitoad|Focus Punch|p2a: Blissey
|-supereffective|p2a: Blissey
|-damage|p2a: Blissey|128\/651
|
|-heal|p1a: Seismitoad|353\/405|[from] item: Leftovers
|-heal|p2a: Blissey|168\/651|[from] item: Leftovers
|-damage|p2a: Blissey|87\/651|[from] move: Infestation|[partiallytrapped]
|turn|14
|
|-singleturn|p1a: Seismitoad|move: Focus Punch
|move|p2a: Blissey|Seismic Toss|p1a: Seismitoad
|-end|p1a: Seismitoad|Substitute
|move|p1a: Seismitoad|Focus Punch|p2a: Blissey
|-supereffective|p2a: Blissey
|-damage|p2a: Blissey|0 fnt
|faint|p2a: Blissey
|
|-heal|p1a: Seismitoad|378\/405|[from] item: Leftovers
|
|switch|p2a: Roserade|Roserade, F|37\/261
|turn|15
|
|switch|p1a: Uzzzi|Uxie|171\/353
|move|p2a: Roserade|Leaf Storm|p1a: Uzzzi
|-damage|p1a: Uzzzi|0 fnt
|-unboost|p2a: Roserade|spa|2
|-damage|p2a: Roserade|11\/261|[from] item: Life Orb
|faint|p1a: Uzzzi
|
|
|switch|p1a: Musho|Raikou, shiny|321\/321
|-ability|p1a: Musho|Pressure
|turn|16
|
|switch|p2a: Flygon|Flygon, F|301\/301
|move|p1a: Musho|Hidden Power|p2a: Flygon
|-supereffective|p2a: Flygon
|-damage|p2a: Flygon|5\/301
|
|turn|17
|
|switch|p1a: Rodolfo|Donphan, M|383\/383
|move|p2a: Flygon|Earthquake|p1a: Rodolfo
|-damage|p1a: Rodolfo|277\/383
|
|-heal|p1a: Rodolfo|300\/383|[from] item: Leftovers
|turn|18
|
|switch|p2a: Forretress|Forretress, M|354\/354
|switch|p1a: 5|Fletchinder, F, shiny|327\/327
|
|turn|19
|
|switch|p2a: Suicune|Suicune|354\/404
|-ability|p2a: Suicune|Pressure
|move|p1a: 5|Will-O-Wisp|p2a: Suicune
|-status|p2a: Suicune|brn
|
|-heal|p2a: Suicune|379\/404 brn|[from] item: Leftovers
|-damage|p2a: Suicune|329\/404 brn|[from] brn
|turn|20
|
|switch|p1a: Seismitoad|Seismitoad, M|378\/405
|move|p2a: Suicune|Scald|p1a: Seismitoad
|-heal|p1a: Seismitoad|405\/405|[from] ability: Water Absorb|[of] p2a: Suicune
|
|-heal|p2a: Suicune|354\/404 brn|[from] item: Leftovers
|-damage|p2a: Suicune|304\/404 brn|[from] brn
|turn|21
|
|switch|p2a: Forretress|Forretress, M|354\/354
|move|p1a: Seismitoad|Infestation|p2a: Forretress
|-resisted|p2a: Forretress
|-damage|p2a: Forretress|346\/354
|-activate|p2a: Forretress|move: Infestation|[of] p1a: Seismitoad
|
|-heal|p2a: Forretress|354\/354|[from] item: Leftovers
|-damage|p2a: Forretress|310\/354|[from] move: Infestation|[partiallytrapped]
|turn|22
|
|move|p1a: Seismitoad|Substitute|p1a: Seismitoad
|-start|p1a: Seismitoad|Substitute
|-damage|p1a: Seismitoad|304\/405
|move|p2a: Forretress|Stealth Rock|p1a: Seismitoad
|-sidestart|p1: Emblema de Fuego|move: Stealth Rock
|
|-heal|p1a: Seismitoad|329\/405|[from] item: Leftovers
|-heal|p2a: Forretress|332\/354|[from] item: Leftovers
|-damage|p2a: Forretress|288\/354|[from] move: Infestation|[partiallytrapped]
|turn|23
|
|-singleturn|p1a: Seismitoad|move: Focus Punch
|move|p2a: Forretress|Gyro Ball|p1a: Seismitoad
|-resisted|p1a: Seismitoad
|-activate|p1a: Seismitoad|Substitute|[damage]
|move|p1a: Seismitoad|Focus Punch|p2a: Forretress
|-damage|p2a: Forretress|222\/354
|
|-heal|p1a: Seismitoad|354\/405|[from] item: Leftovers
|-heal|p2a: Forretress|244\/354|[from] item: Leftovers
|-damage|p2a: Forretress|200\/354|[from] move: Infestation|[partiallytrapped]
|turn|24
|
|move|p1a: Seismitoad|Earthquake|p2a: Forretress
|-damage|p2a: Forretress|137\/354
|move|p2a: Forretress|Gyro Ball|p1a: Seismitoad
|-resisted|p1a: Seismitoad
|-activate|p1a: Seismitoad|Substitute|[damage]
|
|-heal|p1a: Seismitoad|379\/405|[from] item: Leftovers
|-heal|p2a: Forretress|159\/354|[from] item: Leftovers
|-damage|p2a: Forretress|115\/354|[from] move: Infestation|[partiallytrapped]
|turn|25
|
|move|p1a: Seismitoad|Earthquake|p2a: Forretress
|-damage|p2a: Forretress|51\/354
|move|p2a: Forretress|Gyro Ball|p1a: Seismitoad
|-resisted|p1a: Seismitoad
|-end|p1a: Seismitoad|Substitute
|
|-heal|p1a: Seismitoad|404\/405|[from] item: Leftovers
|-heal|p2a: Forretress|73\/354|[from] item: Leftovers
|-end|p2a: Forretress|Infestation|[partiallytrapped]
|turn|26
|
|move|p1a: Seismitoad|Substitute|p1a: Seismitoad
|-start|p1a: Seismitoad|Substitute
|-damage|p1a: Seismitoad|303\/405
|move|p2a: Forretress|Gyro Ball|p1a: Seismitoad
|-resisted|p1a: Seismitoad
|-activate|p1a: Seismitoad|Substitute|[damage]
|
|-heal|p1a: Seismitoad|328\/405|[from] item: Leftovers
|-heal|p2a: Forretress|95\/354|[from] item: Leftovers
|turn|27
|
|move|p1a: Seismitoad|Infestation|p2a: Forretress
|-resisted|p2a: Forretress
|-damage|p2a: Forretress|86\/354
|-activate|p2a: Forretress|move: Infestation|[of] p1a: Seismitoad
|move|p2a: Forretress|Rapid Spin|p1a: Seismitoad
|-activate|p1a: Seismitoad|Substitute|[damage]
|-remove|p2a: Forretress|Infestation|[from] move: Rapid Spin|[of] p2a: Forretress|[partiallytrapped]
|
|-heal|p1a: Seismitoad|353\/405|[from] item: Leftovers
|-heal|p2a: Forretress|108\/354|[from] item: Leftovers
|turn|28
|
|move|p1a: Seismitoad|Earthquake|p2a: Forretress
|-damage|p2a: Forretress|44\/354
|move|p2a: Forretress|Rapid Spin|p1a: Seismitoad
|-activate|p1a: Seismitoad|Substitute|[damage]
|
|-heal|p1a: Seismitoad|378\/405|[from] item: Leftovers
|-heal|p2a: Forretress|66\/354|[from] item: Leftovers
|turn|29
|
|-singleturn|p1a: Seismitoad|move: Focus Punch
|move|p2a: Forretress|Rapid Spin|p1a: Seismitoad
|-activate|p1a: Seismitoad|Substitute|[damage]
|move|p1a: Seismitoad|Focus Punch|p2a: Forretress
|-damage|p2a: Forretress|0 fnt
|faint|p2a: Forretress
|
|-heal|p1a: Seismitoad|403\/405|[from] item: Leftovers
|
|switch|p2a: Flygon|Flygon, F|5\/301
|turn|30
|
|move|p2a: Flygon|U-turn|p1a: Seismitoad
|-end|p1a: Seismitoad|Substitute
|
|switch|p2a: Roserade|Roserade, F|11\/261
|move|p1a: Seismitoad|Substitute|p1a: Seismitoad
|-start|p1a: Seismitoad|Substitute
|-damage|p1a: Seismitoad|302\/405
|
|-heal|p1a: Seismitoad|327\/405|[from] item: Leftovers
|turn|31
|
|move|p2a: Roserade|Spikes|p1a: Seismitoad
|-sidestart|p1: Emblema de Fuego|Spikes
|move|p1a: Seismitoad|Substitute|p1a: Seismitoad
|-fail|p1a: Seismitoad|move: Substitute
|
|-heal|p1a: Seismitoad|352\/405|[from] item: Leftovers
|turn|32
|
|switch|p2a: Suicune|Suicune|304\/404 brn
|-ability|p2a: Suicune|Pressure
|move|p1a: Seismitoad|Substitute|p1a: Seismitoad
|-fail|p1a: Seismitoad|move: Substitute
|
|-heal|p1a: Seismitoad|377\/405|[from] item: Leftovers
|-heal|p2a: Suicune|329\/404 brn|[from] item: Leftovers
|-damage|p2a: Suicune|279\/404 brn|[from] brn
|turn|33
|
|move|p1a: Seismitoad|Infestation|p2a: Suicune
|-damage|p2a: Suicune|267\/404 brn
|-activate|p2a: Suicune|move: Infestation|[of] p1a: Seismitoad
|move|p2a: Suicune|Scald|p1a: Seismitoad
|-heal|p1a: Seismitoad|405\/405|[from] ability: Water Absorb|[of] p2a: Suicune
|
|-heal|p2a: Suicune|292\/404 brn|[from] item: Leftovers
|-damage|p2a: Suicune|242\/404 brn|[from] brn
|-damage|p2a: Suicune|192\/404 brn|[from] move: Infestation|[partiallytrapped]
|turn|34
|
|-singleturn|p1a: Seismitoad|move: Focus Punch
|move|p2a: Suicune|Rest|p2a: Suicune
|-status|p2a: Suicune|slp
|-heal|p2a: Suicune|404\/404 slp|[silent]
|-status|p2a: Suicune|slp|[from] move: Rest
|move|p1a: Seismitoad|Focus Punch|p2a: Suicune
|-damage|p2a: Suicune|328\/404 slp
|
|-heal|p2a: Suicune|353\/404 slp|[from] item: Leftovers
|-damage|p2a: Suicune|303\/404 slp|[from] move: Infestation|[partiallytrapped]
|turn|35
|-message|Raegaia forfeited.
|leave|Raegaia
|
|win|Emblema de Fuego
|raw|Ladder updating...
|player|p2
|raw|Emblema de Fuego's rating: 1401 &rarr; <strong>1412<\/strong><br \/>(+11 for winning)
|raw|Raegaia's rating: 1220 &rarr; <strong>1207<\/strong><br \/>(-13 for losing)
|