|join|Emblema de Fuego
|join|Darkzami
|player|p1|Emblema de Fuego|289
|player|p2|Darkzami|102
|gametype|singles
|gen|6
|tier|UU
|rated
|rule|Sleep Clause Mod: Limit one foe put to sleep
|rule|Species Clause: Limit one of each PokÃ©mon
|rule|OHKO Clause: OHKO moves are banned
|rule|Moody Clause: Moody is banned
|rule|Evasion Moves Clause: Evasion moves are banned
|rule|Endless Battle Clause: Forcing endless battles is banned
|rule|HP Percentage Mod: HP is shown in percentages
|clearpoke
|poke|p1|Absol, F
|poke|p1|Fletchinder, F, shiny
|poke|p1|Donphan, M
|poke|p1|Uxie
|poke|p1|Raikou, shiny
|poke|p1|Seismitoad, M
|poke|p2|Porygon-Z
|poke|p2|Alomomola, F
|poke|p2|Lucario, M
|poke|p2|Blastoise, F
|poke|p2|Haxorus, M
|poke|p2|Blissey, F
|rule|Swagger Clause: Swagger is banned
|rule|Baton Pass Clause: Limit one PokÃ©mon knowing Baton Pass
|teampreview
|
|start
|switch|p1a: Uzzzi|Uxie|353\/353
|switch|p2a: Blastoise|Blastoise, F|361\/361
|turn|1
|
|detailschange|p2a: Blastoise|Blastoise-Mega, F
|-mega|p2a: Blastoise|Blastoise|Blastoisinite
|move|p1a: Uzzzi|Yawn|p2a: Blastoise
|-start|p2a: Blastoise|move: Yawn|[of] p1a: Uzzzi
|move|p2a: Blastoise|Dark Pulse|p1a: Uzzzi
|-supereffective|p1a: Uzzzi
|-damage|p1a: Uzzzi|149\/353
|
|-heal|p1a: Uzzzi|171\/353|[from] item: Leftovers
|turn|2
|
|move|p1a: Uzzzi|Stealth Rock|p2a: Blastoise
|-sidestart|p2: Darkzami|move: Stealth Rock
|move|p2a: Blastoise|Dark Pulse|p1a: Uzzzi
|-supereffective|p1a: Uzzzi
|-damage|p1a: Uzzzi|0 fnt
|faint|p1a: Uzzzi
|
|-status|p2a: Blastoise|slp
|
|switch|p1a: Musho|Raikou, shiny|321\/321
|-ability|p1a: Musho|Pressure
|turn|3
|
|switch|p1a: Seismitoad|Seismitoad, M|405\/405
|switch|p2a: Blissey|Blissey, F|714\/714
|-damage|p2a: Blissey|625\/714|[from] Stealth Rock
|
|-heal|p2a: Blissey|669\/714|[from] item: Leftovers
|turn|4
|
|move|p2a: Blissey|Protect|p2a: Blissey
|-singleturn|p2a: Blissey|Protect
|move|p1a: Seismitoad|Infestation|p2a: Blissey
|-activate|p2a: Blissey|Protect
|
|-heal|p2a: Blissey|713\/714|[from] item: Leftovers
|turn|5
|
|move|p1a: Seismitoad|Substitute|p1a: Seismitoad
|-start|p1a: Seismitoad|Substitute
|-damage|p1a: Seismitoad|304\/405
|move|p2a: Blissey|Toxic|p1a: Seismitoad
|
|-heal|p1a: Seismitoad|329\/405|[from] item: Leftovers
|-heal|p2a: Blissey|714\/714|[from] item: Leftovers
|turn|6
|
|move|p1a: Seismitoad|Infestation|p2a: Blissey
|-damage|p2a: Blissey|706\/714
|-activate|p2a: Blissey|move: Infestation|[of] p1a: Seismitoad
|move|p2a: Blissey|Stealth Rock|p1a: Seismitoad
|-sidestart|p1: Emblema de Fuego|move: Stealth Rock
|
|-heal|p1a: Seismitoad|354\/405|[from] item: Leftovers
|-heal|p2a: Blissey|714\/714|[from] item: Leftovers
|-damage|p2a: Blissey|625\/714|[from] move: Infestation|[partiallytrapped]
|turn|7
|
|-singleturn|p1a: Seismitoad|move: Focus Punch
|move|p2a: Blissey|Protect|p2a: Blissey
|-singleturn|p2a: Blissey|Protect
|move|p1a: Seismitoad|Focus Punch|p2a: Blissey
|-activate|p2a: Blissey|Protect
|
|-heal|p1a: Seismitoad|379\/405|[from] item: Leftovers
|-heal|p2a: Blissey|669\/714|[from] item: Leftovers
|-damage|p2a: Blissey|580\/714|[from] move: Infestation|[partiallytrapped]
|turn|8
|
|-singleturn|p1a: Seismitoad|move: Focus Punch
|move|p2a: Blissey|Wish|p2a: Blissey
|move|p1a: Seismitoad|Focus Punch|p2a: Blissey
|-supereffective|p2a: Blissey
|-damage|p2a: Blissey|0 fnt
|faint|p2a: Blissey
|
|-heal|p1a: Seismitoad|404\/405|[from] item: Leftovers
|
|switch|p2a: Porygon-Z|Porygon-Z|352\/352
|-damage|p2a: Porygon-Z|308\/352|[from] Stealth Rock
|turn|9
|
|-singleturn|p1a: Seismitoad|move: Focus Punch
|move|p2a: Porygon-Z|Tri Attack|p1a: Seismitoad
|-end|p1a: Seismitoad|Substitute
|move|p1a: Seismitoad|Focus Punch|p2a: Porygon-Z
|-supereffective|p2a: Porygon-Z
|-damage|p2a: Porygon-Z|12\/352
|
|-heal|p2a: Porygon-Z|352\/352|[from] move: Wish|[wisher] Blissey
|-heal|p1a: Seismitoad|405\/405|[from] item: Leftovers
|turn|10
|
|move|p2a: Porygon-Z|Tri Attack|p1a: Seismitoad
|-damage|p1a: Seismitoad|21\/405
|move|p1a: Seismitoad|Earthquake|p2a: Porygon-Z
|-damage|p2a: Porygon-Z|213\/352
|
|-heal|p1a: Seismitoad|46\/405|[from] item: Leftovers
|turn|11
|
|move|p2a: Porygon-Z|Tri Attack|p1a: Seismitoad
|-damage|p1a: Seismitoad|0 fnt
|faint|p1a: Seismitoad
|
|
|switch|p1a: Angela|Absol, F|271\/271
|-damage|p1a: Angela|238\/271|[from] Stealth Rock
|-ability|p1a: Angela|Pressure
|turn|12
|
|switch|p2a: Alomomola|Alomomola, F|534\/534
|-damage|p2a: Alomomola|468\/534|[from] Stealth Rock
|detailschange|p1a: Angela|Absol-Mega, F
|-mega|p1a: Angela|Absol|Absolite
|move|p1a: Angela|Sucker Punch|p2a: Alomomola
|-fail|p2a: Alomomola
|
|-heal|p2a: Alomomola|501\/534|[from] item: Leftovers
|turn|13
|
|move|p1a: Angela|Will-O-Wisp|p2a: Alomomola
|-status|p2a: Alomomola|brn
|move|p2a: Alomomola|Scald|p1a: Angela
|-damage|p1a: Angela|166\/271
|
|-heal|p2a: Alomomola|534\/534 brn|[from] item: Leftovers
|-damage|p2a: Alomomola|468\/534 brn|[from] brn
|turn|14
|
|move|p1a: Angela|Protect|p1a: Angela
|-singleturn|p1a: Angela|Protect
|move|p2a: Alomomola|Scald|p1a: Angela
|-activate|p1a: Angela|Protect
|
|-heal|p2a: Alomomola|501\/534 brn|[from] item: Leftovers
|-damage|p2a: Alomomola|435\/534 brn|[from] brn
|turn|15
|
|move|p1a: Angela|Sucker Punch|p2a: Alomomola
|-fail|p2a: Alomomola
|move|p2a: Alomomola|Toxic|p1a: Angela
|move|p1a: Angela|Toxic|p2a: Alomomola|[from]Magic Bounce
|-fail|p2a: Alomomola
|
|-heal|p2a: Alomomola|468\/534 brn|[from] item: Leftovers
|-damage|p2a: Alomomola|402\/534 brn|[from] brn
|turn|16
|
|move|p1a: Angela|Protect|p1a: Angela
|-singleturn|p1a: Angela|Protect
|move|p2a: Alomomola|Wish|p2a: Alomomola
|
|-heal|p2a: Alomomola|435\/534 brn|[from] item: Leftovers
|-damage|p2a: Alomomola|369\/534 brn|[from] brn
|turn|17
|
|move|p1a: Angela|Play Rough|p2a: Alomomola
|-damage|p2a: Alomomola|276\/534 brn
|move|p2a: Alomomola|Toxic|p1a: Angela
|move|p1a: Angela|Toxic|p2a: Alomomola|[from]Magic Bounce
|-fail|p2a: Alomomola
|
|-heal|p2a: Alomomola|534\/534 brn|[from] move: Wish|[wisher] Alomomola
|-damage|p2a: Alomomola|468\/534 brn|[from] brn
|turn|18
|
|switch|p1a: Rodolfo|Donphan, M|383\/383
|-damage|p1a: Rodolfo|360\/383|[from] Stealth Rock
|move|p2a: Alomomola|Wish|p2a: Alomomola
|
|-heal|p2a: Alomomola|501\/534 brn|[from] item: Leftovers
|-heal|p1a: Rodolfo|383\/383|[from] item: Leftovers
|-damage|p2a: Alomomola|435\/534 brn|[from] brn
|turn|19
|
|move|p2a: Alomomola|Scald|p1a: Rodolfo
|-supereffective|p1a: Rodolfo
|-damage|p1a: Rodolfo|267\/383
|move|p1a: Rodolfo|Rapid Spin|p2a: Alomomola
|-damage|p2a: Alomomola|418\/534 brn
|-sideend|p1: Emblema de Fuego|Stealth Rock|[from] move: Rapid Spin|[of] p1a: Rodolfo
|
|-heal|p2a: Alomomola|534\/534 brn|[from] move: Wish|[wisher] Alomomola
|-heal|p1a: Rodolfo|290\/383|[from] item: Leftovers
|-damage|p2a: Alomomola|468\/534 brn|[from] brn
|turn|20
|
|switch|p1a: Angela|Absol-Mega, F|166\/271
|move|p2a: Alomomola|Toxic|p1a: Angela
|move|p1a: Angela|Toxic|p2a: Alomomola|[from]Magic Bounce
|-fail|p2a: Alomomola
|
|-heal|p2a: Alomomola|501\/534 brn|[from] item: Leftovers
|-damage|p2a: Alomomola|435\/534 brn|[from] brn
|turn|21
|
|move|p1a: Angela|Protect|p1a: Angela
|-singleturn|p1a: Angela|Protect
|move|p2a: Alomomola|Scald|p1a: Angela
|-activate|p1a: Angela|Protect
|
|-heal|p2a: Alomomola|468\/534 brn|[from] item: Leftovers
|-damage|p2a: Alomomola|402\/534 brn|[from] brn
|turn|22
|
|move|p1a: Angela|Play Rough|p2a: Alomomola|[miss]
|-miss|p1a: Angela|p2a: Alomomola
|move|p2a: Alomomola|Wish|p2a: Alomomola
|
|-heal|p2a: Alomomola|435\/534 brn|[from] item: Leftovers
|-damage|p2a: Alomomola|369\/534 brn|[from] brn
|turn|23
|
|move|p1a: Angela|Protect|p1a: Angela
|-singleturn|p1a: Angela|Protect
|move|p2a: Alomomola|Scald|p1a: Angela
|-activate|p1a: Angela|Protect
|
|-heal|p2a: Alomomola|534\/534 brn|[from] move: Wish|[wisher] Alomomola
|-damage|p2a: Alomomola|468\/534 brn|[from] brn
|turn|24
|
|move|p1a: Angela|Play Rough|p2a: Alomomola
|-damage|p2a: Alomomola|369\/534 brn
|move|p2a: Alomomola|Scald|p1a: Angela
|-damage|p1a: Angela|100\/271
|
|-heal|p2a: Alomomola|402\/534 brn|[from] item: Leftovers
|-damage|p2a: Alomomola|336\/534 brn|[from] brn
|turn|25
|
|move|p1a: Angela|Play Rough|p2a: Alomomola|[miss]
|-miss|p1a: Angela|p2a: Alomomola
|move|p2a: Alomomola|Wish|p2a: Alomomola
|
|-heal|p2a: Alomomola|369\/534 brn|[from] item: Leftovers
|-damage|p2a: Alomomola|303\/534 brn|[from] brn
|turn|26
|
|move|p1a: Angela|Protect|p1a: Angela
|-singleturn|p1a: Angela|Protect
|move|p2a: Alomomola|Toxic|p1a: Angela
|-activate|p1a: Angela|Protect
|
|-heal|p2a: Alomomola|534\/534 brn|[from] move: Wish|[wisher] Alomomola
|-damage|p2a: Alomomola|468\/534 brn|[from] brn
|turn|27
|
|move|p1a: Angela|Play Rough|p2a: Alomomola|[miss]
|-miss|p1a: Angela|p2a: Alomomola
|move|p2a: Alomomola|Scald|p1a: Angela
|-damage|p1a: Angela|30\/271
|-status|p1a: Angela|brn
|
|-heal|p2a: Alomomola|501\/534 brn|[from] item: Leftovers
|-damage|p1a: Angela|0 fnt|[from] brn
|-damage|p2a: Alomomola|435\/534 brn|[from] brn
|faint|p1a: Angela
|
|switch|p1a: Musho|Raikou, shiny|321\/321
|-ability|p1a: Musho|Pressure
|turn|28
|
|move|p2a: Alomomola|Protect|p2a: Alomomola
|-singleturn|p2a: Alomomola|Protect
|move|p1a: Musho|Substitute|p1a: Musho
|-start|p1a: Musho|Substitute
|-damage|p1a: Musho|241\/321
|
|-heal|p1a: Musho|261\/321|[from] item: Leftovers
|-heal|p2a: Alomomola|468\/534 brn|[from] item: Leftovers
|-damage|p2a: Alomomola|402\/534 brn|[from] brn
|turn|29
|
|switch|p2a: Blastoise|Blastoise-Mega, F|361\/361 slp
|-damage|p2a: Blastoise|316\/361 slp|[from] Stealth Rock
|move|p1a: Musho|Calm Mind|p1a: Musho
|-boost|p1a: Musho|spa|1
|-boost|p1a: Musho|spd|1
|
|-heal|p1a: Musho|281\/321|[from] item: Leftovers
|turn|30
|
|move|p1a: Musho|Calm Mind|p1a: Musho
|-boost|p1a: Musho|spa|1
|-boost|p1a: Musho|spd|1
|cant|p2a: Blastoise|slp
|
|-heal|p1a: Musho|301\/321|[from] item: Leftovers
|turn|31
|
|move|p1a: Musho|Thunderbolt|p2a: Blastoise
|-supereffective|p2a: Blastoise
|-damage|p2a: Blastoise|0 fnt
|faint|p2a: Blastoise
|
|-heal|p1a: Musho|321\/321|[from] item: Leftovers
|
|switch|p2a: Lucario|Lucario, M|281\/281
|-damage|p2a: Lucario|273\/281|[from] Stealth Rock
|turn|32
|
|move|p2a: Lucario|Extreme Speed|p1a: Musho
|-end|p1a: Musho|Substitute
|-damage|p2a: Lucario|245\/281|[from] item: Life Orb
|move|p1a: Musho|Thunderbolt|p2a: Lucario
|-damage|p2a: Lucario|0 fnt
|faint|p2a: Lucario
|
|
|switch|p2a: Haxorus|Haxorus, M|293\/293
|-damage|p2a: Haxorus|257\/293|[from] Stealth Rock
|-ability|p2a: Haxorus|Mold Breaker
|turn|33
|
|switch|p1a: Rodolfo|Donphan, M|290\/383
|move|p2a: Haxorus|Earthquake|p1a: Rodolfo
|-damage|p1a: Rodolfo|202\/383
|
|-heal|p1a: Rodolfo|225\/383|[from] item: Leftovers
|turn|34
|
|switch|p2a: Porygon-Z|Porygon-Z|213\/352
|-damage|p2a: Porygon-Z|169\/352|[from] Stealth Rock
|move|p1a: Rodolfo|Knock Off|p2a: Porygon-Z
|-damage|p2a: Porygon-Z|56\/352
|-enditem|p2a: Porygon-Z|Choice Specs|[from] move: Knock Off|[of] p1a: Rodolfo
|
|-heal|p1a: Rodolfo|248\/383|[from] item: Leftovers
|turn|35
|
|switch|p1a: 5|Fletchinder, F, shiny|327\/327
|move|p2a: Porygon-Z|Tri Attack|p1a: 5
|-damage|p1a: 5|0 fnt
|faint|p1a: 5
|
|
|switch|p1a: Musho|Raikou, shiny|321\/321
|-ability|p1a: Musho|Pressure
|turn|36
|
|move|p1a: Musho|Hidden Power|p2a: Porygon-Z
|-damage|p2a: Porygon-Z|0 fnt
|faint|p2a: Porygon-Z
|
|
|switch|p2a: Haxorus|Haxorus, M|257\/293
|-damage|p2a: Haxorus|221\/293|[from] Stealth Rock
|-ability|p2a: Haxorus|Mold Breaker
|turn|37
|
|switch|p2a: Alomomola|Alomomola, F|534\/534 brn
|-damage|p2a: Alomomola|468\/534 brn|[from] Stealth Rock
|switch|p1a: Rodolfo|Donphan, M|248\/383
|
|-heal|p2a: Alomomola|501\/534 brn|[from] item: Leftovers
|-heal|p1a: Rodolfo|271\/383|[from] item: Leftovers
|-damage|p2a: Alomomola|435\/534 brn|[from] brn
|turn|38
|
|switch|p1a: Musho|Raikou, shiny|321\/321
|-ability|p1a: Musho|Pressure
|move|p2a: Alomomola|Toxic|p1a: Musho
|-status|p1a: Musho|tox
|
|-heal|p2a: Alomomola|468\/534 brn|[from] item: Leftovers
|-damage|p1a: Musho|301\/321 tox|[from] psn
|-damage|p2a: Alomomola|402\/534 brn|[from] brn
|turn|39
|
|switch|p2a: Haxorus|Haxorus, M|221\/293
|-damage|p2a: Haxorus|185\/293|[from] Stealth Rock
|-ability|p2a: Haxorus|Mold Breaker
|move|p1a: Musho|Substitute|p1a: Musho
|-start|p1a: Musho|Substitute
|-damage|p1a: Musho|221\/321 tox
|
|-heal|p1a: Musho|241\/321 tox|[from] item: Leftovers
|-damage|p1a: Musho|201\/321 tox|[from] psn
|turn|40
|
|move|p2a: Haxorus|Earthquake|p1a: Musho
|-supereffective|p1a: Musho
|-end|p1a: Musho|Substitute
|move|p1a: Musho|Hidden Power|p2a: Haxorus
|-supereffective|p2a: Haxorus
|-damage|p2a: Haxorus|0 fnt
|faint|p2a: Haxorus
|
|-heal|p1a: Musho|221\/321 tox|[from] item: Leftovers
|-damage|p1a: Musho|161\/321 tox|[from] psn
|
|switch|p2a: Alomomola|Alomomola, F|534\/534 brn
|-damage|p2a: Alomomola|468\/534 brn|[from] Stealth Rock
|turn|41
|
|switch|p1a: Rodolfo|Donphan, M|271\/383
|move|p2a: Alomomola|Protect|p2a: Alomomola
|-fail|p2a: Alomomola
|
|-heal|p2a: Alomomola|501\/534 brn|[from] item: Leftovers
|-heal|p1a: Rodolfo|294\/383|[from] item: Leftovers
|-damage|p2a: Alomomola|435\/534 brn|[from] brn
|turn|42
|
|move|p2a: Alomomola|Scald|p1a: Rodolfo
|-supereffective|p1a: Rodolfo
|-damage|p1a: Rodolfo|172\/383
|move|p1a: Rodolfo|Knock Off|p2a: Alomomola
|-damage|p2a: Alomomola|358\/534 brn
|-enditem|p2a: Alomomola|Leftovers|[from] move: Knock Off|[of] p1a: Rodolfo
|
|-heal|p1a: Rodolfo|195\/383|[from] item: Leftovers
|-damage|p2a: Alomomola|292\/534 brn|[from] brn
|turn|43
|
|move|p2a: Alomomola|Wish|p2a: Alomomola
|move|p1a: Rodolfo|Earthquake|p2a: Alomomola
|-damage|p2a: Alomomola|172\/534 brn
|
|-heal|p1a: Rodolfo|218\/383|[from] item: Leftovers
|-damage|p2a: Alomomola|106\/534 brn|[from] brn
|turn|44
|
|move|p2a: Alomomola|Scald|p1a: Rodolfo
|-supereffective|p1a: Rodolfo
|-damage|p1a: Rodolfo|96\/383
|move|p1a: Rodolfo|Earthquake|p2a: Alomomola
|-damage|p2a: Alomomola|0 fnt
|faint|p2a: Alomomola
|
|win|Emblema de Fuego
|raw|Ladder updating...
|raw|Emblema de Fuego's rating: 1417 &rarr; <strong>1431<\/strong><br \/>(+14 for winning)
|raw|Darkzami's rating: 1314 &rarr; <strong>1300<\/strong><br \/>(-14 for losing)
|c|âEmblema de Fuego|gg
|c|âDarkzami|gg
|leave|Darkzami
|player|p2