|join|Emblema de Fuego
|join|EvanWins
|player|p1|Emblema de Fuego|170
|player|p2|EvanWins|1
|gametype|singles
|gen|6
|tier|UU
|rated
|rule|Sleep Clause Mod: Limit one foe put to sleep
|rule|Species Clause: Limit one of each PokÃ©mon
|rule|OHKO Clause: OHKO moves are banned
|rule|Moody Clause: Moody is banned
|rule|Evasion Moves Clause: Evasion moves are banned
|rule|Endless Battle Clause: Forcing endless battles is banned
|rule|HP Percentage Mod: HP is shown in percentages
|clearpoke
|poke|p1|Absol, F
|poke|p1|Fletchinder, F, shiny
|poke|p1|Donphan, M
|poke|p1|Uxie
|poke|p1|Raikou, shiny
|poke|p1|Poliwrath, M
|poke|p2|Blastoise, M
|poke|p2|Crobat, F
|poke|p2|Arcanine, M, shiny
|poke|p2|Amoonguss, M
|poke|p2|Machamp, M
|poke|p2|Donphan, M
|rule|Swagger Clause: Swagger is banned
|rule|Baton Pass Clause: Limit one PokÃ©mon knowing Baton Pass
|teampreview
|
|start
|switch|p1a: Angela|Absol, F|271\/271
|switch|p2a: Quad Fisting|Machamp, M|384\/384
|-ability|p1a: Angela|Pressure
|turn|1
|
|detailschange|p1a: Angela|Absol-Mega, F
|-mega|p1a: Angela|Absol|Absolite
|move|p1a: Angela|Protect|p1a: Angela
|-singleturn|p1a: Angela|Protect
|move|p2a: Quad Fisting|Dynamic Punch|p1a: Angela
|-activate|p1a: Angela|Protect
|
|turn|2
|
|switch|p1a: Uzzzi|Uxie|353\/353
|move|p2a: Quad Fisting|Dynamic Punch|p1a: Uzzzi
|-resisted|p1a: Uzzzi
|-damage|p1a: Uzzzi|285\/353
|-start|p1a: Uzzzi|confusion
|
|-heal|p1a: Uzzzi|307\/353|[from] item: Leftovers
|turn|3
|
|-activate|p1a: Uzzzi|confusion
|-damage|p1a: Uzzzi|287\/353|[from] confusion
|move|p2a: Quad Fisting|Knock Off|p1a: Uzzzi
|-supereffective|p1a: Uzzzi
|-damage|p1a: Uzzzi|115\/353
|-enditem|p1a: Uzzzi|Leftovers|[from] move: Knock Off|[of] p2a: Quad Fisting
|
|turn|4
|
|-activate|p1a: Uzzzi|confusion
|move|p1a: Uzzzi|Stealth Rock|p2a: Quad Fisting
|-sidestart|p2: EvanWins|move: Stealth Rock
|move|p2a: Quad Fisting|Knock Off|p1a: Uzzzi
|-supereffective|p1a: Uzzzi
|-damage|p1a: Uzzzi|5\/353
|
|turn|5
|c|âEvanWins|wtf
|
|move|p2a: Quad Fisting|Bullet Punch|p1a: Uzzzi
|-damage|p1a: Uzzzi|0 fnt
|faint|p1a: Uzzzi
|
|
|switch|p1a: Rodolfo|Donphan, M|383\/383
|turn|6
|
|move|p2a: Quad Fisting|Knock Off|p1a: Rodolfo
|-damage|p1a: Rodolfo|308\/383
|-enditem|p1a: Rodolfo|Leftovers|[from] move: Knock Off|[of] p2a: Quad Fisting
|move|p1a: Rodolfo|Earthquake|p2a: Quad Fisting
|-damage|p2a: Quad Fisting|239\/384
|
|turn|7
|
|switch|p2a: Dionaea|Donphan, M|384\/384
|-damage|p2a: Dionaea|360\/384|[from] Stealth Rock
|move|p1a: Rodolfo|Earthquake|p2a: Dionaea
|-damage|p2a: Dionaea|231\/384
|
|-heal|p2a: Dionaea|255\/384|[from] item: Leftovers
|turn|8
|
|move|p1a: Rodolfo|Earthquake|p2a: Dionaea
|-damage|p2a: Dionaea|146\/384
|move|p2a: Dionaea|Rapid Spin|p1a: Rodolfo
|-damage|p1a: Rodolfo|292\/383
|-sideend|p2: EvanWins|Stealth Rock|[from] move: Rapid Spin|[of] p2a: Dionaea
|
|-heal|p2a: Dionaea|170\/384|[from] item: Leftovers
|turn|9
|
|switch|p2a: Da fung'g|Amoonguss, M|432\/432
|move|p1a: Rodolfo|Earthquake|p2a: Da fung'g
|-damage|p2a: Da fung'g|264\/432
|
|-heal|p2a: Da fung'g|291\/432|[from] item: Leftovers
|turn|10
|
|switch|p1a: Angela|Absol-Mega, F|271\/271
|move|p2a: Da fung'g|Spore|p1a: Angela
|move|p1a: Angela|Spore|p2a: Da fung'g|[from]Magic Bounce
|-fail|p2a: Da fung'g
|
|-heal|p2a: Da fung'g|318\/432|[from] item: Leftovers
|turn|11
|
|move|p1a: Angela|Will-O-Wisp|p2a: Da fung'g
|-status|p2a: Da fung'g|brn
|move|p2a: Da fung'g|Sludge Bomb|p1a: Angela
|-damage|p1a: Angela|120\/271
|
|-heal|p2a: Da fung'g|345\/432 brn|[from] item: Leftovers
|-damage|p2a: Da fung'g|291\/432 brn|[from] brn
|turn|12
|
|move|p1a: Angela|Protect|p1a: Angela
|-singleturn|p1a: Angela|Protect
|move|p2a: Da fung'g|Sludge Bomb|p1a: Angela
|-activate|p1a: Angela|Protect
|
|-heal|p2a: Da fung'g|318\/432 brn|[from] item: Leftovers
|-damage|p2a: Da fung'g|264\/432 brn|[from] brn
|turn|13
|
|move|p1a: Angela|Sucker Punch|p2a: Da fung'g
|-damage|p2a: Da fung'g|75\/432 brn
|move|p2a: Da fung'g|Sludge Bomb|p1a: Angela
|-damage|p1a: Angela|0 fnt
|faint|p1a: Angela
|
|-heal|p2a: Da fung'g|102\/432 brn|[from] item: Leftovers
|-damage|p2a: Da fung'g|48\/432 brn|[from] brn
|
|switch|p1a: Musho|Raikou, shiny|321\/321
|-ability|p1a: Musho|Pressure
|turn|14
|
|move|p1a: Musho|Substitute|p1a: Musho
|-start|p1a: Musho|Substitute
|-damage|p1a: Musho|241\/321
|move|p2a: Da fung'g|Spore|p1a: Musho
|
|-heal|p1a: Musho|261\/321|[from] item: Leftovers
|-heal|p2a: Da fung'g|75\/432 brn|[from] item: Leftovers
|-damage|p2a: Da fung'g|21\/432 brn|[from] brn
|turn|15
|
|switch|p2a: Dionaea|Donphan, M|170\/384
|move|p1a: Musho|Calm Mind|p1a: Musho
|-boost|p1a: Musho|spa|1
|-boost|p1a: Musho|spd|1
|
|-heal|p1a: Musho|281\/321|[from] item: Leftovers
|-heal|p2a: Dionaea|194\/384|[from] item: Leftovers
|turn|16
|
|move|p1a: Musho|Hidden Power|p2a: Dionaea
|-crit|p2a: Dionaea
|-supereffective|p2a: Dionaea
|-damage|p2a: Dionaea|0 fnt
|faint|p2a: Dionaea
|
|-heal|p1a: Musho|301\/321|[from] item: Leftovers
|
|switch|p2a: Brobat|Crobat, F|356\/356
|turn|17
|
|move|p1a: Musho|Thunderbolt|p2a: Brobat
|-crit|p2a: Brobat
|-supereffective|p2a: Brobat
|-damage|p2a: Brobat|0 fnt
|faint|p2a: Brobat
|
|-heal|p1a: Musho|321\/321|[from] item: Leftovers
|-message|EvanWins forfeited.
|leave|EvanWins
|c|âEmblema de Fuego|gg
|
|win|Emblema de Fuego
|raw|Ladder updating...
|player|p2
|raw|Emblema de Fuego's rating: 1509 &rarr; <strong>1519<\/strong><br \/>(+10 for winning)
|raw|EvanWins's rating: 1305 &rarr; <strong>1296<\/strong><br \/>(-9 for losing)