|join|Emblema de Fuego
|join|ORAS UU Testing
|player|p1|Emblema de Fuego|289
|player|p2|ORAS UU Testing|126
|gametype|singles
|gen|6
|tier|UU
|rated
|rule|Sleep Clause Mod: Limit one foe put to sleep
|rule|Species Clause: Limit one of each PokÃ©mon
|rule|OHKO Clause: OHKO moves are banned
|rule|Moody Clause: Moody is banned
|rule|Evasion Moves Clause: Evasion moves are banned
|rule|Endless Battle Clause: Forcing endless battles is banned
|rule|HP Percentage Mod: HP is shown in percentages
|clearpoke
|poke|p1|Absol, F
|poke|p1|Fletchinder, F, shiny
|poke|p1|Donphan, M
|poke|p1|Uxie
|poke|p1|Raikou, shiny
|poke|p1|Seismitoad, M
|poke|p2|Nidoqueen, F
|poke|p2|Machamp, M
|poke|p2|Jirachi
|poke|p2|Vaporeon, M
|poke|p2|Hydreigon, F
|poke|p2|Crobat, M
|rule|Swagger Clause: Swagger is banned
|rule|Baton Pass Clause: Limit one PokÃ©mon knowing Baton Pass
|teampreview
|join|Cyndefag
|join|CyndePleb
ORAS UU Testing made this room hidden.
|
|start
|switch|p1a: Angela|Absol, F|271\/271
|switch|p2a: Hydreigon|Hydreigon, F|325\/325
|-ability|p1a: Angela|Pressure
|turn|1
|
|detailschange|p1a: Angela|Absol-Mega, F
|-mega|p1a: Angela|Absol|Absolite
|move|p1a: Angela|Protect|p1a: Angela
|-singleturn|p1a: Angela|Protect
|move|p2a: Hydreigon|Dragon Pulse|p1a: Angela
|-activate|p1a: Angela|Protect
|
|turn|2
|
|switch|p2a: Crobat|Crobat, M|337\/337
|move|p1a: Angela|Play Rough|p2a: Crobat
|-resisted|p2a: Crobat
|-damage|p2a: Crobat|270\/337
|
|-heal|p2a: Crobat|291\/337|[from] item: Black Sludge
|turn|3
|
|move|p1a: Angela|Protect|p1a: Angela
|-singleturn|p1a: Angela|Protect
|move|p2a: Crobat|U-turn|p1a: Angela
|-activate|p1a: Angela|Protect
|
|-heal|p2a: Crobat|312\/337|[from] item: Black Sludge
|turn|4
|
|switch|p1a: Rodolfo|Donphan, M|383\/383
|move|p2a: Crobat|U-turn|p1a: Rodolfo
|-damage|p1a: Rodolfo|337\/383
|
|switch|p2a: Hydreigon|Hydreigon, F|325\/325
|
|-heal|p1a: Rodolfo|360\/383|[from] item: Leftovers
|turn|5
|
|move|p2a: Hydreigon|Draco Meteor|p1a: Rodolfo
|-damage|p1a: Rodolfo|0 fnt
|-unboost|p2a: Hydreigon|spa|2
|faint|p1a: Rodolfo
|
|
|switch|p1a: Angela|Absol-Mega, F|271\/271
|turn|6
|
|switch|p2a: Vaporeon|Vaporeon, M|451\/451
|move|p1a: Angela|Will-O-Wisp|p2a: Vaporeon
|-status|p2a: Vaporeon|brn
|
|-damage|p2a: Vaporeon|395\/451 brn|[from] brn
|turn|7
|
|switch|p1a: Seismitoad|Seismitoad, M|405\/405
|move|p2a: Vaporeon|Wish|p2a: Vaporeon
|
|-heal|p2a: Vaporeon|423\/451 brn|[from] item: Leftovers
|-damage|p2a: Vaporeon|367\/451 brn|[from] brn
|turn|8
|
|switch|p2a: Hydreigon|Hydreigon, F|325\/325
|move|p1a: Seismitoad|Substitute|p1a: Seismitoad
|-start|p1a: Seismitoad|Substitute
|-damage|p1a: Seismitoad|304\/405
|
|-heal|p1a: Seismitoad|329\/405|[from] item: Leftovers
|turn|9
|
|-singleturn|p1a: Seismitoad|move: Focus Punch
|move|p2a: Hydreigon|Dragon Pulse|p1a: Seismitoad
|-end|p1a: Seismitoad|Substitute
|move|p1a: Seismitoad|Focus Punch|p2a: Hydreigon
|-supereffective|p2a: Hydreigon
|-damage|p2a: Hydreigon|83\/325
|
|-heal|p1a: Seismitoad|354\/405|[from] item: Leftovers
|turn|10
|
|switch|p1a: Uzzzi|Uxie|353\/353
|move|p2a: Hydreigon|Dragon Pulse|p1a: Uzzzi
|-damage|p1a: Uzzzi|199\/353
|
|-heal|p1a: Uzzzi|221\/353|[from] item: Leftovers
|turn|11
|
|switch|p2a: Machamp|Machamp, M|341\/341
|move|p1a: Uzzzi|Stealth Rock|p2a: Machamp
|-sidestart|p2: ORAS UU Testing|move: Stealth Rock
|
|-heal|p1a: Uzzzi|243\/353|[from] item: Leftovers
|turn|12
|
|move|p1a: Uzzzi|Yawn|p2a: Machamp
|-start|p2a: Machamp|move: Yawn|[of] p1a: Uzzzi
|move|p2a: Machamp|Knock Off|p1a: Uzzzi
|-supereffective|p1a: Uzzzi
|-damage|p1a: Uzzzi|0 fnt
|-enditem|p1a: Uzzzi|Leftovers|[from] move: Knock Off|[of] p2a: Machamp
|faint|p1a: Uzzzi
|
|
|switch|p1a: 5|Fletchinder, F, shiny|327\/327
|turn|13
|
|switch|p2a: Jirachi|Jirachi|341\/341
|-damage|p2a: Jirachi|320\/341|[from] Stealth Rock
|move|p1a: 5|Swords Dance|p1a: 5
|-boost|p1a: 5|atk|2
|
|turn|14
|
|move|p2a: Jirachi|Trick|p1a: 5
|-activate|p2a: Jirachi|move: Trick|[of] p1a: 5
|-item|p1a: 5|Choice Scarf|[from] move: Trick
|move|p1a: 5|Swords Dance|p1a: 5
|-boost|p1a: 5|atk|2
|
|turn|15
|
|switch|p1a: Angela|Absol-Mega, F|271\/271
|move|p2a: Jirachi|U-turn|p1a: Angela
|-supereffective|p1a: Angela
|-damage|p1a: Angela|57\/271
|
|switch|p2a: Crobat|Crobat, M|312\/337
|-damage|p2a: Crobat|228\/337|[from] Stealth Rock
|
|-heal|p2a: Crobat|249\/337|[from] item: Black Sludge
|turn|16
|
|move|p2a: Crobat|Defog|p1a: Angela
|move|p1a: Angela|Defog|p2a: Crobat|[from]Magic Bounce
|-unboost|p2a: Crobat|evasion|1
|-sideend|p2: ORAS UU Testing|Stealth Rock|[from] move: Defog|[of] p2a: Crobat
|move|p1a: Angela|Will-O-Wisp|p2a: Crobat
|-status|p2a: Crobat|brn
|
|-heal|p2a: Crobat|270\/337 brn|[from] item: Black Sludge
|-damage|p2a: Crobat|228\/337 brn|[from] brn
|turn|17
|
|move|p1a: Angela|Sucker Punch|p2a: Crobat
|-damage|p2a: Crobat|42\/337 brn
|move|p2a: Crobat|U-turn|p1a: Angela
|-supereffective|p1a: Angela
|-damage|p1a: Angela|0 fnt
|faint|p1a: Angela
|
|switch|p2a: Machamp|Machamp, M|341\/341
|
|
|switch|p1a: 5|Fletchinder, F, shiny|327\/327
|turn|18
|
|switch|p2a: Crobat|Crobat, M|42\/337 brn
|move|p1a: 5|Acrobatics|p2a: Crobat
|-damage|p2a: Crobat|0 fnt
|faint|p2a: Crobat
|
|
|switch|p2a: Nidoqueen|Nidoqueen, F|359\/359
|turn|19
|
|switch|p1a: Seismitoad|Seismitoad, M|354\/405
|move|p2a: Nidoqueen|Sludge Wave|p1a: Seismitoad
|-resisted|p1a: Seismitoad
|-damage|p1a: Seismitoad|211\/405
|
|-heal|p1a: Seismitoad|236\/405|[from] item: Leftovers
|turn|20
|
|move|p1a: Seismitoad|Earthquake|p2a: Nidoqueen
|-supereffective|p2a: Nidoqueen
|-damage|p2a: Nidoqueen|125\/359
|move|p2a: Nidoqueen|Earth Power|p1a: Seismitoad
|-damage|p1a: Seismitoad|0 fnt
|faint|p1a: Seismitoad
|
|
|switch|p1a: Musho|Raikou, shiny|321\/321
|-ability|p1a: Musho|Pressure
|turn|21
|
|switch|p2a: Vaporeon|Vaporeon, M|367\/451 brn
|move|p1a: Musho|Hidden Power|p2a: Vaporeon
|-resisted|p2a: Vaporeon
|-damage|p2a: Vaporeon|335\/451 brn
|
|-heal|p2a: Vaporeon|363\/451 brn|[from] item: Leftovers
|-damage|p2a: Vaporeon|307\/451 brn|[from] brn
|turn|22
|
|move|p2a: Vaporeon|Protect|p2a: Vaporeon
|-singleturn|p2a: Vaporeon|Protect
|move|p1a: Musho|Calm Mind|p1a: Musho
|-boost|p1a: Musho|spa|1
|-boost|p1a: Musho|spd|1
|
|-heal|p2a: Vaporeon|335\/451 brn|[from] item: Leftovers
|-damage|p2a: Vaporeon|279\/451 brn|[from] brn
|turn|23
|
|switch|p2a: Jirachi|Jirachi|320\/341
|move|p1a: Musho|Substitute|p1a: Musho
|-start|p1a: Musho|Substitute
|-damage|p1a: Musho|241\/321
|
|-heal|p1a: Musho|261\/321|[from] item: Leftovers
|turn|24
|
|move|p1a: Musho|Calm Mind|p1a: Musho
|-boost|p1a: Musho|spa|1
|-boost|p1a: Musho|spd|1
|move|p2a: Jirachi|U-turn|p1a: Musho
|-end|p1a: Musho|Substitute
|
|switch|p2a: Machamp|Machamp, M|341\/341
|
|-heal|p1a: Musho|281\/321|[from] item: Leftovers
|turn|25
|
|move|p1a: Musho|Thunderbolt|p2a: Machamp
|-damage|p2a: Machamp|0 fnt
|faint|p2a: Machamp
|
|-heal|p1a: Musho|301\/321|[from] item: Leftovers
|c|âEmblema de Fuego|bander?
|c|âEmblema de Fuego|gg i think
|-message|ORAS UU Testing forfeited.
|leave|ORAS UU Testing
|
|win|Emblema de Fuego
|raw|Ladder updating...
|player|p2
|raw|Emblema de Fuego's rating: 1437 &rarr; <strong>1458<\/strong><br \/>(+21 for winning)
|raw|ORAS UU Testing's rating: 1467 &rarr; <strong>1445<\/strong><br \/>(-22 for losing)
|leave|Cyndefag
|join|Cyndefag
|leave|Cyndefag