|join|Emblema de Fuego
|join|RACM 2007
|player|p1|Emblema de Fuego|283
|player|p2|RACM 2007|169
|gametype|singles
|gen|6
|tier|UU
|rated
|rule|Sleep Clause Mod: Limit one foe put to sleep
|rule|Species Clause: Limit one of each PokÃ©mon
|rule|OHKO Clause: OHKO moves are banned
|rule|Moody Clause: Moody is banned
|rule|Evasion Moves Clause: Evasion moves are banned
|rule|Endless Battle Clause: Forcing endless battles is banned
|rule|HP Percentage Mod: HP is shown in percentages
|clearpoke
|poke|p1|Fletchinder, F, shiny
|poke|p1|Raikou, shiny
|poke|p1|Absol, M
|poke|p1|Donphan, M
|poke|p1|Seismitoad, F
|poke|p1|Uxie
|poke|p2|Haxorus, F, shiny
|poke|p2|Hippowdon, F
|poke|p2|Florges, F
|poke|p2|Porygon-Z
|poke|p2|Celebi
|poke|p2|Scrafty, M
|rule|Swagger Clause: Swagger is banned
|rule|Baton Pass Clause: Limit one PokÃ©mon knowing Baton Pass
|teampreview
|c|âRACM 2007|tu saliste en un video de Dual
|c|âRACM 2007|xD
|c|âEmblema de Fuego|si XD
|c|âEmblema de Fuego|soy famoso
|c|âEmblema de Fuego|wii
|c|âRACM 2007|yo tambien pero de twich xD
|
|start
|switch|p1a: Uzzi|Uxie|353\/353
|switch|p2a: Hippowdon|Hippowdon, F|420\/420
|-weather|Sandstorm
|turn|1
|
|move|p1a: Uzzi|Stealth Rock|p2a: Hippowdon
|-sidestart|p2: RACM 2007|move: Stealth Rock
|move|p2a: Hippowdon|Toxic|p1a: Uzzi
|-status|p1a: Uzzi|tox
|
|-weather|Sandstorm|[upkeep]
|-damage|p1a: Uzzi|331\/353 tox|[from] sandstorm
|-heal|p1a: Uzzi|353\/353 tox|[from] item: Leftovers
|-damage|p1a: Uzzi|331\/353 tox|[from] psn
|turn|2
|
|move|p1a: Uzzi|Knock Off|p2a: Hippowdon
|-damage|p2a: Hippowdon|379\/420
|-enditem|p2a: Hippowdon|Leftovers|[from] move: Knock Off|[of] p1a: Uzzi
|move|p2a: Hippowdon|Stealth Rock|p1a: Uzzi
|-sidestart|p1: Emblema de Fuego|move: Stealth Rock
|
|-weather|Sandstorm|[upkeep]
|-damage|p1a: Uzzi|309\/353 tox|[from] sandstorm
|-heal|p1a: Uzzi|331\/353 tox|[from] item: Leftovers
|-damage|p1a: Uzzi|287\/353 tox|[from] psn
|turn|3
|
|move|p1a: Uzzi|Yawn|p2a: Hippowdon
|-start|p2a: Hippowdon|move: Yawn|[of] p1a: Uzzi
|move|p2a: Hippowdon|Slack Off|p2a: Hippowdon
|-heal|p2a: Hippowdon|420\/420
|
|-weather|Sandstorm|[upkeep]
|-damage|p1a: Uzzi|265\/353 tox|[from] sandstorm
|-heal|p1a: Uzzi|287\/353 tox|[from] item: Leftovers
|-damage|p1a: Uzzi|221\/353 tox|[from] psn
|turn|4
|
|switch|p2a: Scrafty|Scrafty, M|333\/333
|-damage|p2a: Scrafty|313\/333|[from] Stealth Rock
|-ability|p2a: Scrafty|Intimidate|[of] p1a: Uzzi
|-unboost|p1a: Uzzi|atk|1
|move|p1a: Uzzi|U-turn|p2a: Scrafty
|-damage|p2a: Scrafty|288\/333
|
|switch|p1a: D-Angelo|Absol, M|271\/271
|-damage|p1a: D-Angelo|238\/271|[from] Stealth Rock
|
|-weather|Sandstorm|[upkeep]
|-damage|p1a: D-Angelo|222\/271|[from] sandstorm
|-damage|p2a: Scrafty|268\/333|[from] sandstorm
|turn|5
|
|switch|p2a: Hippowdon|Hippowdon, F|420\/420
|-damage|p2a: Hippowdon|394\/420|[from] Stealth Rock
|detailschange|p1a: D-Angelo|Absol-Mega, M
|-mega|p1a: D-Angelo|Absol|Absolite
|move|p1a: D-Angelo|Play Rough|p2a: Hippowdon
|-damage|p2a: Hippowdon|322\/420
|
|-weather|none
|turn|6
|
|move|p1a: D-Angelo|Will-O-Wisp|p2a: Hippowdon
|-status|p2a: Hippowdon|brn
|move|p2a: Hippowdon|Earthquake|p1a: D-Angelo
|-damage|p1a: D-Angelo|119\/271
|
|-damage|p2a: Hippowdon|270\/420 brn|[from] brn
|turn|7
|
|move|p1a: D-Angelo|Protect|p1a: D-Angelo
|-singleturn|p1a: D-Angelo|Protect
|move|p2a: Hippowdon|Slack Off|p2a: Hippowdon
|-heal|p2a: Hippowdon|420\/420 brn
|
|-damage|p2a: Hippowdon|368\/420 brn|[from] brn
|turn|8
|
|switch|p1a: Uzzi|Uxie|221\/353 tox
|-damage|p1a: Uzzi|177\/353 tox|[from] Stealth Rock
|move|p2a: Hippowdon|Earthquake|p1a: Uzzi
|-immune|p1a: Uzzi|[msg]
|
|-heal|p1a: Uzzi|199\/353 tox|[from] item: Leftovers
|-damage|p1a: Uzzi|177\/353 tox|[from] psn
|-damage|p2a: Hippowdon|316\/420 brn|[from] brn
|turn|9
|c|âRACM 2007|funciona si me haces yawn?
|
|move|p1a: Uzzi|U-turn|p2a: Hippowdon
|-damage|p2a: Hippowdon|285\/420 brn
|c|âEmblema de Fuego|y estas quemado
|c|âEmblema de Fuego|como ue no
|
|switch|p1a: Trolltoad|Seismitoad, F|405\/405
|-damage|p1a: Trolltoad|380\/405|[from] Stealth Rock
|move|p2a: Hippowdon|Slack Off|p2a: Hippowdon
|-heal|p2a: Hippowdon|420\/420 brn
|
|-heal|p1a: Trolltoad|405\/405|[from] item: Leftovers
|-damage|p2a: Hippowdon|368\/420 brn|[from] brn
|turn|10
|
|switch|p2a: Celebi|Celebi|341\/341
|-damage|p2a: Celebi|299\/341|[from] Stealth Rock
|move|p1a: Trolltoad|Substitute|p1a: Trolltoad
|-start|p1a: Trolltoad|Substitute
|-damage|p1a: Trolltoad|304\/405
|
|-heal|p1a: Trolltoad|329\/405|[from] item: Leftovers
|turn|11
|
|move|p2a: Celebi|Giga Drain|p1a: Trolltoad
|-supereffective|p1a: Trolltoad
|-end|p1a: Trolltoad|Substitute
|-heal|p2a: Celebi|341\/341|[from] drain|[of] p1a: Trolltoad
|-damage|p2a: Celebi|307\/341|[from] item: Life Orb
|move|p1a: Trolltoad|Infestation|p2a: Celebi
|-supereffective|p2a: Celebi
|-damage|p2a: Celebi|259\/341
|-activate|p2a: Celebi|move: Infestation|[of] p1a: Trolltoad
|
|-heal|p1a: Trolltoad|354\/405|[from] item: Leftovers
|-damage|p2a: Celebi|217\/341|[from] move: Infestation|[partiallytrapped]
|turn|12
|
|switch|p1a: 5|Fletchinder, F, shiny|327\/327
|-damage|p1a: 5|164\/327|[from] Stealth Rock
|move|p2a: Celebi|Giga Drain|p1a: 5
|-crit|p1a: 5
|-resisted|p1a: 5
|-damage|p1a: 5|73\/327
|-heal|p2a: Celebi|263\/341|[from] drain|[of] p1a: 5
|-damage|p2a: Celebi|229\/341|[from] item: Life Orb
|
|-end|p2a: Celebi|Infestation|[partiallytrapped]
|turn|13
|
|switch|p2a: Hippowdon|Hippowdon, F|368\/420 brn
|-damage|p2a: Hippowdon|342\/420 brn|[from] Stealth Rock
|-weather|Sandstorm
|move|p1a: 5|Roost|p1a: 5
|-heal|p1a: 5|237\/327
|
|-weather|Sandstorm|[upkeep]
|-damage|p1a: 5|217\/327|[from] sandstorm
|-damage|p2a: Hippowdon|290\/420 brn|[from] brn
|turn|14
|
|switch|p1a: Rodolfo|Donphan, M|383\/383
|-damage|p1a: Rodolfo|360\/383|[from] Stealth Rock
|move|p2a: Hippowdon|Toxic|p1a: Rodolfo
|-status|p1a: Rodolfo|tox
|
|-weather|Sandstorm|[upkeep]
|-heal|p1a: Rodolfo|383\/383 tox|[from] item: Leftovers
|-damage|p1a: Rodolfo|360\/383 tox|[from] psn
|-damage|p2a: Hippowdon|238\/420 brn|[from] brn
|turn|15
|
|move|p1a: Rodolfo|Rapid Spin|p2a: Hippowdon
|-damage|p2a: Hippowdon|225\/420 brn
|-sideend|p1: Emblema de Fuego|Stealth Rock|[from] move: Rapid Spin|[of] p1a: Rodolfo
|move|p2a: Hippowdon|Slack Off|p2a: Hippowdon
|-heal|p2a: Hippowdon|420\/420 brn
|
|-weather|Sandstorm|[upkeep]
|-heal|p1a: Rodolfo|383\/383 tox|[from] item: Leftovers
|-damage|p1a: Rodolfo|337\/383 tox|[from] psn
|-damage|p2a: Hippowdon|368\/420 brn|[from] brn
|turn|16
|
|switch|p1a: D-Angelo|Absol-Mega, M|119\/271
|move|p2a: Hippowdon|Stealth Rock|p1a: D-Angelo
|move|p1a: D-Angelo|Stealth Rock|p2a: Hippowdon|[from]Magic Bounce
|-fail|p2a: Hippowdon
|
|-weather|Sandstorm|[upkeep]
|-damage|p1a: D-Angelo|103\/271|[from] sandstorm
|-damage|p2a: Hippowdon|316\/420 brn|[from] brn
|turn|17
|
|switch|p1a: Trolltoad|Seismitoad, F|354\/405
|move|p2a: Hippowdon|Earthquake|p1a: Trolltoad
|-damage|p1a: Trolltoad|266\/405
|
|-weather|none
|-heal|p1a: Trolltoad|291\/405|[from] item: Leftovers
|-damage|p2a: Hippowdon|264\/420 brn|[from] brn
|turn|18
|
|switch|p2a: Celebi|Celebi|229\/341
|-damage|p2a: Celebi|187\/341|[from] Stealth Rock
|move|p1a: Trolltoad|Substitute|p1a: Trolltoad
|-start|p1a: Trolltoad|Substitute
|-damage|p1a: Trolltoad|190\/405
|
|-heal|p1a: Trolltoad|215\/405|[from] item: Leftovers
|turn|19
|
|move|p2a: Celebi|Recover|p2a: Celebi
|-heal|p2a: Celebi|341\/341
|move|p1a: Trolltoad|Infestation|p2a: Celebi
|-supereffective|p2a: Celebi
|-damage|p2a: Celebi|285\/341
|-activate|p2a: Celebi|move: Infestation|[of] p1a: Trolltoad
|
|-heal|p1a: Trolltoad|240\/405|[from] item: Leftovers
|-damage|p2a: Celebi|243\/341|[from] move: Infestation|[partiallytrapped]
|turn|20
|
|move|p2a: Celebi|Giga Drain|p1a: Trolltoad
|-supereffective|p1a: Trolltoad
|-end|p1a: Trolltoad|Substitute
|-heal|p2a: Celebi|294\/341|[from] drain|[of] p1a: Trolltoad
|-damage|p2a: Celebi|260\/341|[from] item: Life Orb
|move|p1a: Trolltoad|Earthquake|p2a: Celebi
|-resisted|p2a: Celebi
|-damage|p2a: Celebi|194\/341
|
|-heal|p1a: Trolltoad|265\/405|[from] item: Leftovers
|-damage|p2a: Celebi|152\/341|[from] move: Infestation|[partiallytrapped]
|turn|21
|
|switch|p1a: 5|Fletchinder, F, shiny|217\/327
|move|p2a: Celebi|Recover|p2a: Celebi
|-heal|p2a: Celebi|323\/341
|
|-end|p2a: Celebi|Infestation|[partiallytrapped]
|turn|22
|
|switch|p2a: Hippowdon|Hippowdon, F|264\/420 brn
|-damage|p2a: Hippowdon|238\/420 brn|[from] Stealth Rock
|-weather|Sandstorm
|move|p1a: 5|Swords Dance|p1a: 5
|-boost|p1a: 5|atk|2
|
|-weather|Sandstorm|[upkeep]
|-damage|p1a: 5|197\/327|[from] sandstorm
|-damage|p2a: Hippowdon|186\/420 brn|[from] brn
|turn|23
|
|move|p1a: 5|Acrobatics|p2a: Hippowdon
|-damage|p2a: Hippowdon|0 fnt
|faint|p2a: Hippowdon
|
|-weather|Sandstorm|[upkeep]
|-damage|p1a: 5|177\/327|[from] sandstorm
|c|âEmblema de Fuego|finalmente murio
|c|âEmblema de Fuego|XD
|
|switch|p2a: Scrafty|Scrafty, M|268\/333
|-damage|p2a: Scrafty|248\/333|[from] Stealth Rock
|-ability|p2a: Scrafty|Intimidate|[of] p1a: 5
|-unboost|p1a: 5|atk|1
|turn|24
|
|move|p1a: 5|Acrobatics|p2a: Scrafty
|-supereffective|p2a: Scrafty
|-damage|p2a: Scrafty|0 fnt
|faint|p2a: Scrafty
|
|-weather|Sandstorm|[upkeep]
|-damage|p1a: 5|157\/327|[from] sandstorm
|
|switch|p2a: Haxorus|Haxorus, F, shiny|294\/294
|-damage|p2a: Haxorus|258\/294|[from] Stealth Rock
|-ability|p2a: Haxorus|Mold Breaker
|turn|25
|
|move|p1a: 5|Acrobatics|p2a: Haxorus
|-damage|p2a: Haxorus|0 fnt
|faint|p2a: Haxorus
|
|-weather|Sandstorm|[upkeep]
|-damage|p1a: 5|137\/327|[from] sandstorm
|c|âRACM 2007|maldito boton de cancel
|
|switch|p2a: Porygon-Z|Porygon-Z|374\/374
|-damage|p2a: Porygon-Z|328\/374|[from] Stealth Rock
|turn|26
|c|âEmblema de Fuego|que cancelaste?
|
|move|p1a: 5|Acrobatics|p2a: Porygon-Z
|-damage|p2a: Porygon-Z|49\/374
|move|p2a: Porygon-Z|Tri Attack|p1a: 5
|-damage|p1a: 5|0 fnt
|faint|p1a: 5
|
|-weather|none
|c|âRACM 2007|iba a poner a porygon
|c|âEmblema de Fuego|recien me doy cuenta que scrafty me bajo el ataque
|c|âRACM 2007|en ves del haxorus
|c|âEmblema de Fuego|estoy apurado mierda
|c|âRACM 2007|:\/
|c|âEmblema de Fuego|perdi un gg jaja
|
|switch|p1a: Musho|Raikou, shiny|322\/322
|-ability|p1a: Musho|Pressure
|turn|27
|c|âEmblema de Fuego|bueno yo nunca me di cuenta
|c|âEmblema de Fuego|me esoty poniendo ropa
|c|âEmblema de Fuego|para salir
|
|switch|p2a: Florges|Florges, F|360\/360
|-damage|p2a: Florges|315\/360|[from] Stealth Rock
|move|p1a: Musho|Hidden Power|p2a: Florges
|-damage|p2a: Florges|277\/360
|
|-heal|p2a: Florges|299\/360|[from] item: Leftovers
|turn|28
|c|âRACM 2007|(Y)
|
|move|p1a: Musho|Calm Mind|p1a: Musho
|-boost|p1a: Musho|spa|1
|-boost|p1a: Musho|spd|1
|move|p2a: Florges|Wish|p2a: Florges
|
|-heal|p2a: Florges|321\/360|[from] item: Leftovers
|turn|29
|
|switch|p2a: Porygon-Z|Porygon-Z|49\/374
|-damage|p2a: Porygon-Z|3\/374|[from] Stealth Rock
|move|p1a: Musho|Calm Mind|p1a: Musho
|-boost|p1a: Musho|spa|1
|-boost|p1a: Musho|spd|1
|
|-heal|p2a: Porygon-Z|183\/374|[from] move: Wish|[wisher] Florges
|turn|30
|
|move|p1a: Musho|Thunderbolt|p2a: Porygon-Z
|-damage|p2a: Porygon-Z|0 fnt
|faint|p2a: Porygon-Z
|
|
|switch|p2a: Celebi|Celebi|323\/341
|-damage|p2a: Celebi|281\/341|[from] Stealth Rock
|turn|31
|
|move|p1a: Musho|Substitute|p1a: Musho
|-start|p1a: Musho|Substitute
|-damage|p1a: Musho|242\/322
|move|p2a: Celebi|Giga Drain|p1a: Musho
|-activate|p1a: Musho|Substitute|[damage]
|-heal|p2a: Celebi|316\/341|[from] drain|[of] p1a: Musho
|-damage|p2a: Celebi|282\/341|[from] item: Life Orb
|
|-heal|p1a: Musho|262\/322|[from] item: Leftovers
|turn|32
|c|âRACM 2007|.-.
|c|âRACM 2007|gg xD
|c|âEmblema de Fuego|gg creo
|c|âEmblema de Fuego|si te rindes me haces un favorazo
|c|âRACM 2007|si tan solo tuviera a haxorus
|c|âEmblema de Fuego|XD
|c|âEmblema de Fuego|jamas me di cuenta
|-message|RACM 2007 forfeited.
|leave|RACM 2007
|c|âEmblema de Fuego|si me daba cuenta
|
|win|Emblema de Fuego
|raw|Ladder updating...
|player|p2
|c|âEmblema de Fuego|hacia otra SD
|c|âEmblema de Fuego|frente scraft
|raw|Emblema de Fuego's rating: 1447 &rarr; <strong>1459<\/strong><br \/>(+12 for winning)
|raw|RACM 2007's rating: 1292 &rarr; <strong>1278<\/strong><br \/>(-14 for losing)