|join|Emblema de Fuego
|join|xFirestorm
|player|p1|Emblema de Fuego|289
|player|p2|xFirestorm|266
|gametype|singles
|gen|6
|tier|UU
|rated
|rule|Sleep Clause Mod: Limit one foe put to sleep
|rule|Species Clause: Limit one of each PokÃ©mon
|rule|OHKO Clause: OHKO moves are banned
|rule|Moody Clause: Moody is banned
|rule|Evasion Moves Clause: Evasion moves are banned
|rule|Endless Battle Clause: Forcing endless battles is banned
|rule|HP Percentage Mod: HP is shown in percentages
|clearpoke
|poke|p1|Absol, F
|poke|p1|Fletchinder, F, shiny
|poke|p1|Donphan, M
|poke|p1|Uxie
|poke|p1|Raikou, shiny
|poke|p1|Seismitoad, M
|poke|p2|Shuckle, M
|poke|p2|Exploud, M
|poke|p2|Hitmonlee, M
|poke|p2|Rotom-Heat
|poke|p2|Celebi
|poke|p2|Aerodactyl, M
|rule|Swagger Clause: Swagger is banned
|rule|Baton Pass Clause: Limit one PokÃ©mon knowing Baton Pass
|teampreview
|
|start
|switch|p1a: Angela|Absol, F|271\/271
|switch|p2a: Hitmonlee|Hitmonlee, M|242\/242
|-ability|p1a: Angela|Pressure
|turn|1
|
|detailschange|p1a: Angela|Absol-Mega, F
|-mega|p1a: Angela|Absol|Absolite
|move|p1a: Angela|Protect|p1a: Angela
|-singleturn|p1a: Angela|Protect
|move|p2a: Hitmonlee|Knock Off|p1a: Angela
|-activate|p1a: Angela|Protect
|
|turn|2
|
|switch|p1a: 5|Fletchinder, F, shiny|327\/327
|move|p2a: Hitmonlee|High Jump Kick|p1a: 5
|-resisted|p1a: 5
|-damage|p1a: 5|33\/327
|-damage|p2a: Hitmonlee|218\/242|[from] item: Life Orb
|
|turn|3
|
|switch|p1a: Uzzzi|Uxie|353\/353
|move|p2a: Hitmonlee|Mach Punch|p1a: Uzzzi
|-resisted|p1a: Uzzzi
|-damage|p1a: Uzzzi|322\/353
|-damage|p2a: Hitmonlee|194\/242|[from] item: Life Orb
|
|-heal|p1a: Uzzzi|344\/353|[from] item: Leftovers
|turn|4
|
|move|p2a: Hitmonlee|Knock Off|p1a: Uzzzi
|-supereffective|p1a: Uzzzi
|-damage|p1a: Uzzzi|149\/353
|-enditem|p1a: Uzzzi|Leftovers|[from] move: Knock Off|[of] p2a: Hitmonlee
|-damage|p2a: Hitmonlee|170\/242|[from] item: Life Orb
|move|p1a: Uzzzi|Yawn|p2a: Hitmonlee
|-start|p2a: Hitmonlee|move: Yawn|[of] p1a: Uzzzi
|
|turn|5
|
|switch|p2a: Exploud|Exploud, M|349\/349
|move|p1a: Uzzzi|Stealth Rock|p2a: Exploud
|-sidestart|p2: xFirestorm|move: Stealth Rock
|
|turn|6
|
|move|p2a: Exploud|Boomburst|p1a: Uzzzi
|-damage|p1a: Uzzzi|0 fnt
|faint|p1a: Uzzzi
|
|
|switch|p1a: Musho|Raikou, shiny|321\/321
|-ability|p1a: Musho|Pressure
|turn|7
|
|move|p1a: Musho|Thunderbolt|p2a: Exploud
|-damage|p2a: Exploud|162\/349
|move|p2a: Exploud|Boomburst|p1a: Musho
|-damage|p1a: Musho|27\/321
|
|-heal|p1a: Musho|47\/321|[from] item: Leftovers
|turn|8
|
|switch|p2a: Celebi|Celebi|403\/403
|-damage|p2a: Celebi|353\/403|[from] Stealth Rock
|move|p1a: Musho|Thunderbolt|p2a: Celebi
|-resisted|p2a: Celebi
|-damage|p2a: Celebi|299\/403
|-status|p2a: Celebi|par
|
|-heal|p1a: Musho|67\/321|[from] item: Leftovers
|-heal|p2a: Celebi|324\/403 par|[from] item: Leftovers
|turn|9
|
|switch|p1a: Angela|Absol-Mega, F|271\/271
|move|p2a: Celebi|Giga Drain|p1a: Angela
|-damage|p1a: Angela|132\/271
|-heal|p2a: Celebi|394\/403 par|[from] drain|[of] p1a: Angela
|
|-heal|p2a: Celebi|403\/403 par|[from] item: Leftovers
|turn|10
|
|move|p1a: Angela|Will-O-Wisp|p2a: Celebi
|-fail|p2a: Celebi
|move|p2a: Celebi|Giga Drain|p1a: Angela
|-damage|p1a: Angela|0 fnt
|faint|p1a: Angela
|
|
|switch|p1a: 5|Fletchinder, F, shiny|33\/327
|turn|11
|
|move|p1a: 5|Roost|p1a: 5
|-heal|p1a: 5|197\/327
|move|p2a: Celebi|U-turn|p1a: 5
|-resisted|p1a: 5
|-damage|p1a: 5|161\/327
|
|switch|p2a: Rotom-Heat|Rotom-Heat|304\/304
|-damage|p2a: Rotom-Heat|228\/304|[from] Stealth Rock
|
|-heal|p2a: Rotom-Heat|247\/304|[from] item: Leftovers
|turn|12
|
|move|p1a: 5|Roost|p1a: 5
|-heal|p1a: 5|325\/327
|move|p2a: Rotom-Heat|Volt Switch|p1a: 5
|-damage|p1a: 5|195\/327
|
|switch|p2a: Hitmonlee|Hitmonlee, M|170\/242
|-damage|p2a: Hitmonlee|155\/242|[from] Stealth Rock
|
|turn|13
|
|move|p1a: 5|Acrobatics|p2a: Hitmonlee
|-supereffective|p2a: Hitmonlee
|-damage|p2a: Hitmonlee|0 fnt
|faint|p2a: Hitmonlee
|
|
|switch|p2a: Shuckle|Shuckle, M|244\/244
|-damage|p2a: Shuckle|183\/244|[from] Stealth Rock
|turn|14
|
|switch|p1a: Musho|Raikou, shiny|67\/321
|-ability|p1a: Musho|Pressure
|move|p2a: Shuckle|Stealth Rock|p1a: Musho
|-sidestart|p1: Emblema de Fuego|move: Stealth Rock
|
|-heal|p1a: Musho|87\/321|[from] item: Leftovers
|turn|15
|
|move|p1a: Musho|Substitute|p1a: Musho
|-start|p1a: Musho|Substitute
|-damage|p1a: Musho|7\/321
|move|p2a: Shuckle|Sticky Web|p1a: Musho
|-sidestart|p1: Emblema de Fuego|move: Sticky Web
|
|-heal|p1a: Musho|27\/321|[from] item: Leftovers
|turn|16
|
|move|p1a: Musho|Thunderbolt|p2a: Shuckle
|-damage|p2a: Shuckle|113\/244
|move|p2a: Shuckle|Infestation|p1a: Musho
|-activate|p1a: Musho|Substitute|[damage]
|
|-heal|p1a: Musho|47\/321|[from] item: Leftovers
|turn|17
|
|switch|p2a: Celebi|Celebi|403\/403
|-damage|p2a: Celebi|353\/403|[from] Stealth Rock
|move|p1a: Musho|Calm Mind|p1a: Musho
|-boost|p1a: Musho|spa|1
|-boost|p1a: Musho|spd|1
|
|-heal|p1a: Musho|67\/321|[from] item: Leftovers
|-heal|p2a: Celebi|378\/403|[from] item: Leftovers
|turn|18
|
|move|p1a: Musho|Calm Mind|p1a: Musho
|-boost|p1a: Musho|spa|1
|-boost|p1a: Musho|spd|1
|move|p2a: Celebi|Giga Drain|p1a: Musho
|-activate|p1a: Musho|Substitute|[damage]
|-heal|p2a: Celebi|401\/403|[from] drain|[of] p1a: Musho
|
|-heal|p1a: Musho|87\/321|[from] item: Leftovers
|-heal|p2a: Celebi|403\/403|[from] item: Leftovers
|turn|19
|
|move|p1a: Musho|Calm Mind|p1a: Musho
|-boost|p1a: Musho|spa|1
|-boost|p1a: Musho|spd|1
|move|p2a: Celebi|Giga Drain|p1a: Musho
|-end|p1a: Musho|Substitute
|
|-heal|p1a: Musho|107\/321|[from] item: Leftovers
|turn|20
|
|move|p1a: Musho|Substitute|p1a: Musho
|-start|p1a: Musho|Substitute
|-damage|p1a: Musho|27\/321
|move|p2a: Celebi|Perish Song|p2a: Celebi
|-fieldactivate|move: Perish Song
|
|-start|p1a: Musho|perish3
|-start|p2a: Celebi|perish3
|-heal|p1a: Musho|47\/321|[from] item: Leftovers
|turn|21
|
|move|p1a: Musho|Hidden Power|p2a: Celebi
|-supereffective|p2a: Celebi
|-damage|p2a: Celebi|177\/403
|move|p2a: Celebi|Giga Drain|p1a: Musho
|-activate|p1a: Musho|Substitute|[damage]
|-heal|p2a: Celebi|194\/403|[from] drain|[of] p1a: Musho
|
|-start|p1a: Musho|perish2
|-start|p2a: Celebi|perish2
|-heal|p1a: Musho|67\/321|[from] item: Leftovers
|-heal|p2a: Celebi|219\/403|[from] item: Leftovers
|turn|22
|
|move|p1a: Musho|Hidden Power|p2a: Celebi
|-supereffective|p2a: Celebi
|-damage|p2a: Celebi|0 fnt
|faint|p2a: Celebi
|
|-start|p1a: Musho|perish1
|-heal|p1a: Musho|87\/321|[from] item: Leftovers
|
|switch|p2a: Rotom-Heat|Rotom-Heat|247\/304
|-damage|p2a: Rotom-Heat|171\/304|[from] Stealth Rock
|turn|23
|
|move|p1a: Musho|Thunderbolt|p2a: Rotom-Heat
|-resisted|p2a: Rotom-Heat
|-damage|p2a: Rotom-Heat|0 fnt
|faint|p2a: Rotom-Heat
|
|-start|p1a: Musho|perish0
|faint|p1a: Musho
|
|switch|p1a: Rodolfo|Donphan, M|383\/383
|switch|p2a: Shuckle|Shuckle, M|113\/244
|-activate|p1a: Rodolfo|move: Sticky Web
|-unboost|p1a: Rodolfo|spe|1
|-damage|p1a: Rodolfo|360\/383|[from] Stealth Rock
|-damage|p2a: Shuckle|52\/244|[from] Stealth Rock
|turn|24
|
|move|p1a: Rodolfo|Earthquake|p2a: Shuckle
|-damage|p2a: Shuckle|0 fnt
|faint|p2a: Shuckle
|
|-heal|p1a: Rodolfo|383\/383|[from] item: Leftovers
|
|switch|p2a: Exploud|Exploud, M|162\/349
|-damage|p2a: Exploud|119\/349|[from] Stealth Rock
|turn|25
|
|move|p2a: Exploud|Surf|p1a: Rodolfo
|-supereffective|p1a: Rodolfo
|-damage|p1a: Rodolfo|11\/383
|move|p1a: Rodolfo|Earthquake|p2a: Exploud
|-damage|p2a: Exploud|0 fnt
|faint|p2a: Exploud
|
|-heal|p1a: Rodolfo|34\/383|[from] item: Leftovers
|
|switch|p2a: Aerodactyl|Aerodactyl, M|301\/301
|-damage|p2a: Aerodactyl|226\/301|[from] Stealth Rock
|-ability|p2a: Aerodactyl|Pressure
|turn|26
|
|detailschange|p2a: Aerodactyl|Aerodactyl-Mega, M
|-mega|p2a: Aerodactyl|Aerodactyl|Aerodactylite
|move|p2a: Aerodactyl|Aerial Ace|p1a: Rodolfo
|-damage|p1a: Rodolfo|0 fnt
|faint|p1a: Rodolfo
|
|
|switch|p1a: Trolltoad|Seismitoad, M|405\/405
|-activate|p1a: Trolltoad|move: Sticky Web
|-unboost|p1a: Trolltoad|spe|1
|-damage|p1a: Trolltoad|380\/405|[from] Stealth Rock
|turn|27
|
|move|p2a: Aerodactyl|Aerial Ace|p1a: Trolltoad
|-damage|p1a: Trolltoad|197\/405
|move|p1a: Trolltoad|Substitute|p1a: Trolltoad
|-start|p1a: Trolltoad|Substitute
|-damage|p1a: Trolltoad|96\/405
|
|-heal|p1a: Trolltoad|121\/405|[from] item: Leftovers
|turn|28
|
|-singleturn|p1a: Trolltoad|move: Focus Punch
|move|p2a: Aerodactyl|Aerial Ace|p1a: Trolltoad
|-end|p1a: Trolltoad|Substitute
|move|p1a: Trolltoad|Focus Punch|p2a: Aerodactyl
|-damage|p2a: Aerodactyl|83\/301
|
|-heal|p1a: Trolltoad|146\/405|[from] item: Leftovers
|turn|29
|
|move|p2a: Aerodactyl|Aerial Ace|p1a: Trolltoad
|-damage|p1a: Trolltoad|0 fnt
|faint|p1a: Trolltoad
|
|
|switch|p1a: 5|Fletchinder, F, shiny|195\/327
|-damage|p1a: 5|32\/327|[from] Stealth Rock
|turn|30
|c|âEmblema de Fuego|mmm
|c|âEmblema de Fuego|gg
|
|move|p1a: 5|Acrobatics|p2a: Aerodactyl
|-crit|p2a: Aerodactyl
|-resisted|p2a: Aerodactyl
|-damage|p2a: Aerodactyl|0 fnt
|faint|p2a: Aerodactyl
|
|win|Emblema de Fuego
|raw|Ladder updating...
|raw|Emblema de Fuego's rating: 1415 &rarr; <strong>1426<\/strong><br \/>(+11 for winning)
|raw|xFirestorm's rating: 1248 &rarr; <strong>1234<\/strong><br \/>(-14 for losing)
|c|âxFirestorm|gg