|join|Emblema de Fuego
|join|park
|player|p1|Emblema de Fuego|265
|player|p2|park|147
|gametype|singles
|gen|6
|tier|UU
|rated
|rule|Sleep Clause Mod: Limit one foe put to sleep
|rule|Species Clause: Limit one of each PokÃ©mon
|rule|OHKO Clause: OHKO moves are banned
|rule|Moody Clause: Moody is banned
|rule|Evasion Moves Clause: Evasion moves are banned
|rule|Endless Battle Clause: Forcing endless battles is banned
|rule|HP Percentage Mod: HP is shown in percentages
|clearpoke
|poke|p1|Absol, F
|poke|p1|Fletchinder, F, shiny
|poke|p1|Donphan, M
|poke|p1|Uxie
|poke|p1|Raikou, shiny
|poke|p1|Poliwrath, M
|poke|p2|Empoleon, F
|poke|p2|Shaymin
|poke|p2|Crobat, M
|poke|p2|Florges, F
|poke|p2|Mienshao, M
|poke|p2|Ampharos, M
|rule|Swagger Clause: Swagger is banned
|rule|Baton Pass Clause: Limit one PokÃ©mon knowing Baton Pass
|teampreview
|
|start
|switch|p1a: Angela|Absol, F|271\/271
|switch|p2a: Shaymin|Shaymin|341\/341
|-ability|p1a: Angela|Pressure
|turn|1
|
|detailschange|p1a: Angela|Absol-Mega, F
|-mega|p1a: Angela|Absol|Absolite
|move|p1a: Angela|Protect|p1a: Angela
|-singleturn|p1a: Angela|Protect
|move|p2a: Shaymin|Seed Flare|p1a: Angela
|-activate|p1a: Angela|Protect
|
|turn|2
|join|josh is a banana
|c| josh is a banana|oooo
|
|switch|p1a: 5|Fletchinder, F, shiny|327\/327
|move|p2a: Shaymin|Seed Flare|p1a: 5|[miss]
|-miss|p2a: Shaymin|p1a: 5
|
|turn|3
|
|switch|p2a: Ampharos|Ampharos, M|360\/360
|move|p1a: 5|Will-O-Wisp|p2a: Ampharos|[miss]
|-miss|p1a: 5|p2a: Ampharos
|
|turn|4
|c| josh is a banana|why a fletchinder
|c|âEmblema de Fuego|shit
|c| josh is a banana|not a tolon flame
|c|âEmblema de Fuego|eee i liked
|c|âEmblema de Fuego|is UU
|c| josh is a banana|mega ampharos
|
|switch|p1a: Uzzzi|Uxie|353\/353
|detailschange|p2a: Ampharos|Ampharos-Mega, M
|-mega|p2a: Ampharos|Ampharos|Ampharosite
|-ability|p2a: Ampharos|Mold Breaker
|move|p2a: Ampharos|Dragon Pulse|p1a: Uzzzi
|-damage|p1a: Uzzzi|220\/353
|
|-heal|p1a: Uzzzi|242\/353|[from] item: Leftovers
|turn|5
|
|move|p1a: Uzzzi|Stealth Rock|p2a: Ampharos
|-sidestart|p2: park|move: Stealth Rock
|move|p2a: Ampharos|Dragon Pulse|p1a: Uzzzi
|-damage|p1a: Uzzzi|119\/353
|
|-heal|p1a: Uzzzi|141\/353|[from] item: Leftovers
|turn|6
|
|move|p1a: Uzzzi|Yawn|p2a: Ampharos
|-start|p2a: Ampharos|move: Yawn|[of] p1a: Uzzzi
|move|p2a: Ampharos|Volt Switch|p1a: Uzzzi
|-damage|p1a: Uzzzi|42\/353
|
|switch|p2a: Empoleon|Empoleon, F|372\/372
|-damage|p2a: Empoleon|349\/372|[from] Stealth Rock
|
|-heal|p1a: Uzzzi|64\/353|[from] item: Leftovers
|-heal|p2a: Empoleon|372\/372|[from] item: Leftovers
|turn|7
|
|move|p1a: Uzzzi|Knock Off|p2a: Empoleon
|-damage|p2a: Empoleon|308\/372
|-enditem|p2a: Empoleon|Leftovers|[from] move: Knock Off|[of] p1a: Uzzzi
|move|p2a: Empoleon|Defog|p1a: Uzzzi
|-unboost|p1a: Uzzzi|evasion|1
|-sideend|p2: park|Stealth Rock|[from] move: Defog|[of] p2a: Empoleon
|
|-heal|p1a: Uzzzi|86\/353|[from] item: Leftovers
|turn|8
|
|move|p1a: Uzzzi|Stealth Rock|p2a: Empoleon
|-sidestart|p2: park|move: Stealth Rock
|move|p2a: Empoleon|Knock Off|p1a: Uzzzi
|-supereffective|p1a: Uzzzi
|-damage|p1a: Uzzzi|0 fnt
|-enditem|p1a: Uzzzi|Leftovers|[from] move: Knock Off|[of] p2a: Empoleon
|faint|p1a: Uzzzi
|
|
|switch|p1a: Musho|Raikou, shiny|321\/321
|-ability|p1a: Musho|Pressure
|turn|9
|
|move|p1a: Musho|Substitute|p1a: Musho
|-start|p1a: Musho|Substitute
|-damage|p1a: Musho|241\/321
|move|p2a: Empoleon|Defog|p1a: Musho
|-sideend|p2: park|Stealth Rock|[from] move: Defog|[of] p2a: Empoleon
|
|-heal|p1a: Musho|261\/321|[from] item: Leftovers
|turn|10
|
|switch|p2a: Ampharos|Ampharos-Mega, M|360\/360
|-ability|p2a: Ampharos|Mold Breaker
|move|p1a: Musho|Calm Mind|p1a: Musho
|-boost|p1a: Musho|spa|1
|-boost|p1a: Musho|spd|1
|
|-heal|p1a: Musho|281\/321|[from] item: Leftovers
|turn|11
|
|move|p1a: Musho|Calm Mind|p1a: Musho
|-boost|p1a: Musho|spa|1
|-boost|p1a: Musho|spd|1
|move|p2a: Ampharos|Dragon Pulse|p1a: Musho
|-end|p1a: Musho|Substitute
|
|-heal|p1a: Musho|301\/321|[from] item: Leftovers
|turn|12
|
|move|p1a: Musho|Calm Mind|p1a: Musho
|-boost|p1a: Musho|spa|1
|-boost|p1a: Musho|spd|1
|move|p2a: Ampharos|Dragon Pulse|p1a: Musho
|-damage|p1a: Musho|217\/321
|
|-heal|p1a: Musho|237\/321|[from] item: Leftovers
|turn|13
|
|switch|p2a: Crobat|Crobat, M|350\/350
|move|p1a: Musho|Hidden Power|p2a: Crobat
|-supereffective|p2a: Crobat
|-damage|p2a: Crobat|0 fnt
|faint|p2a: Crobat
|
|-heal|p1a: Musho|257\/321|[from] item: Leftovers
|leave|josh is a banana
|
|switch|p2a: Mienshao|Mienshao, M|271\/271
|turn|14
|
|switch|p1a: Cojonudo|Poliwrath, M|383\/383
|move|p2a: Mienshao|High Jump Kick|p1a: Cojonudo
|-damage|p1a: Cojonudo|169\/383
|
|-heal|p1a: Cojonudo|192\/383|[from] item: Leftovers
|turn|15
|
|move|p2a: Mienshao|High Jump Kick|p1a: Cojonudo
|-damage|p1a: Cojonudo|0 fnt
|faint|p1a: Cojonudo
|
|
|switch|p1a: 5|Fletchinder, F, shiny|327\/327
|turn|16
|
|switch|p2a: Ampharos|Ampharos-Mega, M|360\/360
|-ability|p2a: Ampharos|Mold Breaker
|move|p1a: 5|Will-O-Wisp|p2a: Ampharos
|-status|p2a: Ampharos|brn
|
|-damage|p2a: Ampharos|315\/360 brn|[from] brn
|turn|17
|
|switch|p1a: Rodolfo|Donphan, M|383\/383
|move|p2a: Ampharos|Dragon Pulse|p1a: Rodolfo
|-crit|p1a: Rodolfo
|-damage|p1a: Rodolfo|0 fnt
|faint|p1a: Rodolfo
|
|-damage|p2a: Ampharos|270\/360 brn|[from] brn
|c|âEmblema de Fuego|vamos
|c|âEmblema de Fuego|comon
|c|âEmblema de Fuego|more hax?
|c|âEmblema de Fuego|the first time i miss the wow
|c|âEmblema de Fuego|now crit?
|c|âpark|para de chorar!
|
|switch|p1a: Angela|Absol-Mega, F|271\/271
|turn|18
|
|move|p1a: Angela|Protect|p1a: Angela
|-singleturn|p1a: Angela|Protect
|move|p2a: Ampharos|Volt Switch|p1a: Angela
|-activate|p1a: Angela|Protect
|
|-damage|p2a: Ampharos|225\/360 brn|[from] brn
|turn|19
|
|move|p1a: Angela|Play Rough|p2a: Ampharos
|-supereffective|p2a: Ampharos
|-damage|p2a: Ampharos|0 fnt
|faint|p2a: Ampharos
|
|
|switch|p2a: Mienshao|Mienshao, M|271\/271
|turn|20
|
|move|p1a: Angela|Protect|p1a: Angela
|-singleturn|p1a: Angela|Protect
|move|p2a: Mienshao|U-turn|p1a: Angela
|-activate|p1a: Angela|Protect
|
|turn|21
|
|switch|p1a: 5|Fletchinder, F, shiny|327\/327
|move|p2a: Mienshao|U-turn|p1a: 5
|-resisted|p1a: 5
|-damage|p1a: 5|295\/327
|
|switch|p2a: Empoleon|Empoleon, F|308\/372
|
|turn|22
|
|switch|p1a: Musho|Raikou, shiny|257\/321
|-ability|p1a: Musho|Pressure
|move|p2a: Empoleon|Scald|p1a: Musho
|-damage|p1a: Musho|134\/321
|-status|p1a: Musho|brn
|
|-heal|p1a: Musho|154\/321 brn|[from] item: Leftovers
|-damage|p1a: Musho|114\/321 brn|[from] brn
|turn|23
|c|âEmblema de Fuego|lol
|
|switch|p2a: Florges|Florges, F|360\/360
|move|p1a: Musho|Thunderbolt|p2a: Florges
|-damage|p2a: Florges|270\/360
|-status|p2a: Florges|par
|
|-heal|p1a: Musho|134\/321 brn|[from] item: Leftovers
|-heal|p2a: Florges|292\/360 par|[from] item: Leftovers
|-damage|p1a: Musho|94\/321 brn|[from] brn
|turn|24
|
|switch|p1a: 5|Fletchinder, F, shiny|295\/327
|move|p2a: Florges|Aromatherapy|p2a: Florges
|-cureteam|p2a: Florges|[from] move: Aromatherapy
|
|-heal|p2a: Florges|314\/360|[from] item: Leftovers
|turn|25
|
|switch|p2a: Empoleon|Empoleon, F|308\/372
|move|p1a: 5|Will-O-Wisp|p2a: Empoleon
|-status|p2a: Empoleon|brn
|
|-damage|p2a: Empoleon|262\/372 brn|[from] brn
|turn|26
|
|switch|p1a: Angela|Absol-Mega, F|271\/271
|move|p2a: Empoleon|Scald|p1a: Angela
|-damage|p1a: Angela|102\/271
|
|-damage|p2a: Empoleon|216\/372 brn|[from] brn
|turn|27
|
|switch|p2a: Florges|Florges, F|314\/360
|move|p1a: Angela|Sucker Punch|p2a: Florges
|-fail|p2a: Florges
|
|-heal|p2a: Florges|336\/360|[from] item: Leftovers
|turn|28
|
|switch|p1a: 5|Fletchinder, F, shiny|295\/327
|move|p2a: Florges|Moonblast|p1a: 5
|-resisted|p1a: 5
|-damage|p1a: 5|199\/327
|
|-heal|p2a: Florges|358\/360|[from] item: Leftovers
|turn|29
|
|move|p1a: 5|Swords Dance|p1a: 5
|-boost|p1a: 5|atk|2
|move|p2a: Florges|Moonblast|p1a: 5
|-resisted|p1a: 5
|-damage|p1a: 5|102\/327
|
|-heal|p2a: Florges|360\/360|[from] item: Leftovers
|turn|30
|
|move|p1a: 5|Roost|p1a: 5
|-heal|p1a: 5|266\/327
|move|p2a: Florges|Moonblast|p1a: 5
|-resisted|p1a: 5
|-damage|p1a: 5|157\/327
|
|turn|31
|
|switch|p2a: Empoleon|Empoleon, F|216\/372 brn
|move|p1a: 5|Roost|p1a: 5
|-heal|p1a: 5|321\/327
|
|-damage|p2a: Empoleon|170\/372 brn|[from] brn
|turn|32
|
|switch|p1a: Musho|Raikou, shiny|94\/321 brn
|-ability|p1a: Musho|Pressure
|move|p2a: Empoleon|Scald|p1a: Musho
|-damage|p1a: Musho|0 fnt
|faint|p1a: Musho
|
|-damage|p2a: Empoleon|124\/372 brn|[from] brn
|
|switch|p1a: Angela|Absol-Mega, F|102\/271
|turn|33
|
|switch|p2a: Florges|Florges, F|360\/360
|move|p1a: Angela|Play Rough|p2a: Florges
|-damage|p2a: Florges|230\/360
|
|-heal|p2a: Florges|252\/360|[from] item: Leftovers
|turn|34
|
|switch|p1a: 5|Fletchinder, F, shiny|321\/327
|move|p2a: Florges|Aromatherapy|p2a: Florges
|-cureteam|p2a: Florges|[from] move: Aromatherapy
|
|-heal|p2a: Florges|274\/360|[from] item: Leftovers
|turn|35
|
|move|p1a: 5|Swords Dance|p1a: 5
|-boost|p1a: 5|atk|2
|move|p2a: Florges|Wish|p2a: Florges
|
|-heal|p2a: Florges|296\/360|[from] item: Leftovers
|turn|36
|
|switch|p2a: Empoleon|Empoleon, F|124\/372
|move|p1a: 5|Acrobatics|p2a: Empoleon
|-resisted|p2a: Empoleon
|-damage|p2a: Empoleon|0 fnt
|faint|p2a: Empoleon
|
|
|switch|p2a: Mienshao|Mienshao, M|271\/271
|turn|37
|
|move|p1a: 5|Acrobatics|p2a: Mienshao
|-supereffective|p2a: Mienshao
|-damage|p2a: Mienshao|0 fnt
|faint|p2a: Mienshao
|
|c|âpark|gg
|-message|park forfeited.
|leave|park
|c|âEmblema de Fuego|gg
|
|win|Emblema de Fuego
|raw|Ladder updating...
|player|p2
|raw|Emblema de Fuego's rating: 1552 &rarr; <strong>1562<\/strong><br \/>(+10 for winning)
|raw|park's rating: 1342 &rarr; <strong>1333<\/strong><br \/>(-9 for losing)