|join|Emblema de Fuego
|join|Loriot
|player|p1|Emblema de Fuego|265
|player|p2|Loriot|102
|gametype|singles
|gen|6
|tier|UU
|rated
|rule|Sleep Clause Mod: Limit one foe put to sleep
|rule|Species Clause: Limit one of each PokÃ©mon
|rule|OHKO Clause: OHKO moves are banned
|rule|Moody Clause: Moody is banned
|rule|Evasion Moves Clause: Evasion moves are banned
|rule|Endless Battle Clause: Forcing endless battles is banned
|rule|HP Percentage Mod: HP is shown in percentages
|clearpoke
|poke|p1|Absol, F
|poke|p1|Fletchinder, F, shiny
|poke|p1|Donphan, M
|poke|p1|Uxie
|poke|p1|Raikou, shiny
|poke|p1|Poliwrath, F
|poke|p2|Machamp, M
|poke|p2|Umbreon, F
|poke|p2|Trevenant, M
|poke|p2|Hippowdon, M
|poke|p2|Tentacruel, F
|poke|p2|Diancie
|rule|Swagger Clause: Swagger is banned
|rule|Baton Pass Clause: Limit one PokÃ©mon knowing Baton Pass
|teampreview
|
|start
|switch|p1a: Angela|Absol, F|271\/271
|switch|p2a: Diancie|Diancie|304\/304
|-ability|p1a: Angela|Pressure
|turn|1
|
|detailschange|p1a: Angela|Absol-Mega, F
|-mega|p1a: Angela|Absol|Absolite
|move|p1a: Angela|Protect|p1a: Angela
|-singleturn|p1a: Angela|Protect
|move|p2a: Diancie|Trick Room|p2a: Diancie
|-fieldstart|move: Trick Room|[of] p2a: Diancie
|
|turn|2
|
|switch|p1a: Uzzzi|Uxie|353\/353
|move|p2a: Diancie|Reflect|p2a: Diancie
|-sidestart|p2: Loriot|Reflect
|
|turn|3
|
|move|p2a: Diancie|Light Screen|p2a: Diancie
|-sidestart|p2: Loriot|move: Light Screen
|move|p1a: Uzzzi|Stealth Rock|p2a: Diancie
|-sidestart|p2: Loriot|move: Stealth Rock
|
|turn|4
|
|move|p2a: Diancie|Diamond Storm|p1a: Uzzzi
|-miss|p2a: Diancie|p1a: Uzzzi
|move|p1a: Uzzzi|Knock Off|p2a: Diancie
|-resisted|p2a: Diancie
|-damage|p2a: Diancie|294\/304
|-enditem|p2a: Diancie|Light Clay|[from] move: Knock Off|[of] p1a: Uzzzi
|
|turn|5
|
|move|p2a: Diancie|Diamond Storm|p1a: Uzzzi
|-damage|p1a: Uzzzi|272\/353
|-boost|p2a: Diancie|def|1
|move|p1a: Uzzzi|Yawn|p2a: Diancie
|-start|p2a: Diancie|move: Yawn|[of] p1a: Uzzzi
|
|-heal|p1a: Uzzzi|294\/353|[from] item: Leftovers
|-fieldend|move: Trick Room
|turn|6
|
|move|p1a: Uzzzi|U-turn|p2a: Diancie
|-resisted|p2a: Diancie
|-damage|p2a: Diancie|289\/304
|
|switch|p1a: Cojonudo|Poliwrath, F|383\/383
|move|p2a: Diancie|Trick Room|p2a: Diancie
|-fieldstart|move: Trick Room|[of] p2a: Diancie
|
|-status|p2a: Diancie|slp
|turn|7
|
|switch|p2a: Trevenant|Trevenant, M|374\/374
|-damage|p2a: Trevenant|328\/374|[from] Stealth Rock
|move|p1a: Cojonudo|Substitute|p1a: Cojonudo
|-start|p1a: Cojonudo|Substitute
|-damage|p1a: Cojonudo|288\/383
|
|-heal|p1a: Cojonudo|311\/383|[from] item: Leftovers
|turn|8
|
|switch|p2a: Machamp|Machamp, M|384\/384
|-damage|p2a: Machamp|360\/384|[from] Stealth Rock
|move|p1a: Cojonudo|Bulk Up|p1a: Cojonudo
|-boost|p1a: Cojonudo|atk|1
|-boost|p1a: Cojonudo|def|1
|
|-heal|p1a: Cojonudo|334\/383|[from] item: Leftovers
|turn|9
|
|move|p2a: Machamp|Dynamic Punch|p1a: Cojonudo
|-end|p1a: Cojonudo|Substitute
|move|p1a: Cojonudo|Bulk Up|p1a: Cojonudo
|-boost|p1a: Cojonudo|atk|1
|-boost|p1a: Cojonudo|def|1
|
|-heal|p1a: Cojonudo|357\/383|[from] item: Leftovers
|-sideend|p2: Loriot|Reflect
|turn|10
|
|move|p2a: Machamp|Dynamic Punch|p1a: Cojonudo
|-damage|p1a: Cojonudo|213\/383
|-start|p1a: Cojonudo|confusion
|-activate|p1a: Cojonudo|confusion
|move|p1a: Cojonudo|Substitute|p1a: Cojonudo
|-start|p1a: Cojonudo|Substitute
|-damage|p1a: Cojonudo|118\/383
|
|-heal|p1a: Cojonudo|141\/383|[from] item: Leftovers
|-sideend|p2: Loriot|move: Light Screen
|-fieldend|move: Trick Room
|turn|11
|
|-activate|p1a: Cojonudo|confusion
|-damage|p1a: Cojonudo|110\/383|[from] confusion
|move|p2a: Machamp|Dynamic Punch|p1a: Cojonudo
|-end|p1a: Cojonudo|Substitute
|
|-heal|p1a: Cojonudo|133\/383|[from] item: Leftovers
|turn|12
|
|-activate|p1a: Cojonudo|confusion
|-damage|p1a: Cojonudo|99\/383|[from] confusion
|move|p2a: Machamp|Dynamic Punch|p1a: Cojonudo
|-damage|p1a: Cojonudo|0 fnt
|faint|p1a: Cojonudo
|
|
|switch|p1a: Uzzzi|Uxie|294\/353
|turn|13
|
|switch|p2a: Diancie|Diancie|289\/304 slp
|-damage|p2a: Diancie|251\/304 slp|[from] Stealth Rock
|move|p1a: Uzzzi|Knock Off|p2a: Diancie
|-resisted|p2a: Diancie
|-damage|p2a: Diancie|237\/304 slp
|
|-heal|p1a: Uzzzi|316\/353|[from] item: Leftovers
|turn|14
|
|move|p1a: Uzzzi|U-turn|p2a: Diancie
|-resisted|p2a: Diancie
|-damage|p2a: Diancie|221\/304 slp
|
|switch|p1a: Rodolfo|Donphan, M|383\/383
|cant|p2a: Diancie|slp
|
|turn|15
|
|move|p1a: Rodolfo|Earthquake|p2a: Diancie
|-supereffective|p2a: Diancie
|-damage|p2a: Diancie|23\/304 slp
|cant|p2a: Diancie|slp
|
|turn|16
|
|switch|p2a: Trevenant|Trevenant, M|328\/374
|-damage|p2a: Trevenant|282\/374|[from] Stealth Rock
|move|p1a: Rodolfo|Ice Shard|p2a: Trevenant
|-supereffective|p2a: Trevenant
|-damage|p2a: Trevenant|194\/374
|
|turn|17
|
|switch|p1a: Angela|Absol-Mega, F|271\/271
|move|p2a: Trevenant|Substitute|p2a: Trevenant
|-start|p2a: Trevenant|Substitute
|-damage|p2a: Trevenant|101\/374
|-enditem|p2a: Trevenant|Sitrus Berry|[eat]
|-heal|p2a: Trevenant|194\/374|[from] item: Sitrus Berry
|
|turn|18
|
|move|p1a: Angela|Play Rough|p2a: Trevenant
|-end|p2a: Trevenant|Substitute
|move|p2a: Trevenant|Trick Room|p2a: Trevenant
|-fieldstart|move: Trick Room|[of] p2a: Trevenant
|
|turn|19
|
|switch|p2a: Tentacruel|Tentacruel, F|364\/364
|-damage|p2a: Tentacruel|319\/364|[from] Stealth Rock
|switch|p1a: 5|Fletchinder, F, shiny|327\/327
|
|-heal|p2a: Tentacruel|341\/364|[from] item: Black Sludge
|turn|20
|
|move|p1a: 5|Will-O-Wisp|p2a: Tentacruel
|-status|p2a: Tentacruel|brn
|move|p2a: Tentacruel|Scald|p1a: 5
|-supereffective|p1a: 5
|-damage|p1a: 5|63\/327
|
|-heal|p2a: Tentacruel|363\/364 brn|[from] item: Black Sludge
|-damage|p2a: Tentacruel|318\/364 brn|[from] brn
|turn|21
|
|switch|p1a: Rodolfo|Donphan, M|383\/383
|move|p2a: Tentacruel|Scald|p1a: Rodolfo
|-supereffective|p1a: Rodolfo
|-damage|p1a: Rodolfo|179\/383
|
|-heal|p1a: Rodolfo|202\/383|[from] item: Leftovers
|-heal|p2a: Tentacruel|340\/364 brn|[from] item: Black Sludge
|-damage|p2a: Tentacruel|295\/364 brn|[from] brn
|turn|22
|
|move|p1a: Rodolfo|Earthquake|p2a: Tentacruel
|-supereffective|p2a: Tentacruel
|-damage|p2a: Tentacruel|13\/364 brn
|move|p2a: Tentacruel|Scald|p1a: Rodolfo
|-supereffective|p1a: Rodolfo
|-damage|p1a: Rodolfo|0 fnt
|faint|p1a: Rodolfo
|
|-heal|p2a: Tentacruel|35\/364 brn|[from] item: Black Sludge
|-damage|p2a: Tentacruel|0 fnt|[from] brn
|-fieldend|move: Trick Room
|faint|p2a: Tentacruel
|
|switch|p2a: Trevenant|Trevenant, M|194\/374
|switch|p1a: Angela|Absol-Mega, F|271\/271
|-damage|p2a: Trevenant|148\/374|[from] Stealth Rock
|turn|23
|
|switch|p2a: Umbreon|Umbreon, F|394\/394
|-damage|p2a: Umbreon|345\/394|[from] Stealth Rock
|move|p1a: Angela|Will-O-Wisp|p2a: Umbreon
|-status|p2a: Umbreon|brn
|-status|p1a: Angela|brn
|
|-heal|p2a: Umbreon|369\/394 brn|[from] item: Leftovers
|-damage|p1a: Angela|238\/271 brn|[from] brn
|-damage|p2a: Umbreon|320\/394 brn|[from] brn
|turn|24
|
|switch|p1a: Musho|Raikou, shiny|321\/321
|-ability|p1a: Musho|Pressure
|move|p2a: Umbreon|Wish|p2a: Umbreon
|
|-heal|p2a: Umbreon|344\/394 brn|[from] item: Leftovers
|-damage|p2a: Umbreon|295\/394 brn|[from] brn
|turn|25
|
|move|p1a: Musho|Substitute|p1a: Musho
|-start|p1a: Musho|Substitute
|-damage|p1a: Musho|241\/321
|move|p2a: Umbreon|Heal Bell|p2a: Umbreon
|-cureteam|p2a: Umbreon|[from] move: HealBell
|
|-heal|p2a: Umbreon|394\/394|[from] move: Wish|[wisher] Umbreon
|-heal|p1a: Musho|261\/321|[from] item: Leftovers
|turn|26
|
|move|p1a: Musho|Calm Mind|p1a: Musho
|-boost|p1a: Musho|spa|1
|-boost|p1a: Musho|spd|1
|move|p2a: Umbreon|Foul Play|p1a: Musho
|-end|p1a: Musho|Substitute
|
|-heal|p1a: Musho|281\/321|[from] item: Leftovers
|turn|27
|
|move|p1a: Musho|Calm Mind|p1a: Musho
|-boost|p1a: Musho|spa|1
|-boost|p1a: Musho|spd|1
|move|p2a: Umbreon|Foul Play|p1a: Musho
|-damage|p1a: Musho|184\/321
|
|-heal|p1a: Musho|204\/321|[from] item: Leftovers
|turn|28
|
|move|p1a: Musho|Thunderbolt|p2a: Umbreon
|-damage|p2a: Umbreon|205\/394
|move|p2a: Umbreon|Foul Play|p1a: Musho
|-damage|p1a: Musho|114\/321
|
|-heal|p1a: Musho|134\/321|[from] item: Leftovers
|-heal|p2a: Umbreon|229\/394|[from] item: Leftovers
|turn|29
|
|switch|p2a: Hippowdon|Hippowdon, M|420\/420
|-damage|p2a: Hippowdon|394\/420|[from] Stealth Rock
|-weather|Sandstorm
|move|p1a: Musho|Calm Mind|p1a: Musho
|-boost|p1a: Musho|spa|1
|-boost|p1a: Musho|spd|1
|
|-weather|Sandstorm|[upkeep]
|-damage|p1a: Musho|114\/321|[from] sandstorm
|-heal|p1a: Musho|134\/321|[from] item: Leftovers
|-heal|p2a: Hippowdon|420\/420|[from] item: Leftovers
|turn|30
|
|move|p1a: Musho|Hidden Power|p2a: Hippowdon
|-supereffective|p2a: Hippowdon
|-damage|p2a: Hippowdon|0 fnt
|faint|p2a: Hippowdon
|
|-weather|Sandstorm|[upkeep]
|-damage|p1a: Musho|114\/321|[from] sandstorm
|-heal|p1a: Musho|134\/321|[from] item: Leftovers
|
|switch|p2a: Machamp|Machamp, M|360\/384
|-damage|p2a: Machamp|336\/384|[from] Stealth Rock
|turn|31
|
|move|p1a: Musho|Thunderbolt|p2a: Machamp
|-damage|p2a: Machamp|0 fnt
|faint|p2a: Machamp
|
|-weather|Sandstorm|[upkeep]
|-damage|p1a: Musho|114\/321|[from] sandstorm
|-heal|p1a: Musho|134\/321|[from] item: Leftovers
|
|switch|p2a: Umbreon|Umbreon, F|229\/394
|-damage|p2a: Umbreon|180\/394|[from] Stealth Rock
|turn|32
|-message|Loriot forfeited.
|leave|Loriot
|c|âEmblema de Fuego|gg
|
|move|p2a: Umbreon|Protect|p2a: Umbreon
|-singleturn|p2a: Umbreon|Protect
|move|p1a: Musho|Thunderbolt|p2a: Umbreon
|-activate|p2a: Umbreon|Protect
|
|-weather|Sandstorm|[upkeep]
|-damage|p1a: Musho|114\/321|[from] sandstorm
|-damage|p2a: Umbreon|156\/394|[from] sandstorm
|-heal|p1a: Musho|134\/321|[from] item: Leftovers
|-heal|p2a: Umbreon|180\/394|[from] item: Leftovers
|turn|33
|
|win|Emblema de Fuego
|raw|Ladder updating...
|player|p2
|raw|Emblema de Fuego's rating: 1566 &rarr; <strong>1577<\/strong><br \/>(+11 for winning)
|raw|Loriot's rating: 1400 &rarr; <strong>1389<\/strong><br \/>(-11 for losing)