|join|Emblema de Fuego
|join|Pladimir Vutin
|player|p1|Emblema de Fuego|289
|player|p2|Pladimir Vutin|161
|gametype|singles
|gen|6
|tier|UU
|rated
|rule|Sleep Clause Mod: Limit one foe put to sleep
|rule|Species Clause: Limit one of each PokÃ©mon
|rule|OHKO Clause: OHKO moves are banned
|rule|Moody Clause: Moody is banned
|rule|Evasion Moves Clause: Evasion moves are banned
|rule|Endless Battle Clause: Forcing endless battles is banned
|rule|HP Percentage Mod: HP is shown in percentages
|clearpoke
|poke|p1|Absol, F
|poke|p1|Fletchinder, F, shiny
|poke|p1|Donphan, M
|poke|p1|Uxie
|poke|p1|Raikou, shiny
|poke|p1|Seismitoad, F
|poke|p2|Medicham, F
|poke|p2|Chandelure, F, shiny
|poke|p2|Porygon2
|poke|p2|Florges, F
|poke|p2|Forretress, F
|poke|p2|Haxorus, M
|rule|Swagger Clause: Swagger is banned
|rule|Baton Pass Clause: Limit one PokÃ©mon knowing Baton Pass
|teampreview
|
|start
|switch|p1a: Angela|Absol, F|271\/271
|switch|p2a: Medicham|Medicham, F|261\/261
|-ability|p1a: Angela|Pressure
|turn|1
|
|detailschange|p2a: Medicham|Medicham-Mega, F
|-mega|p2a: Medicham|Medicham|Medichamite
|detailschange|p1a: Angela|Absol-Mega, F
|-mega|p1a: Angela|Absol|Absolite
|move|p1a: Angela|Protect|p1a: Angela
|-singleturn|p1a: Angela|Protect
|move|p2a: Medicham|High Jump Kick|p1a: Angela
|-activate|p1a: Angela|Protect
|-damage|p2a: Medicham|131\/261|[from] highjumpkick
|
|turn|2
|
|switch|p2a: Forretress|Forretress, F|354\/354
|move|p1a: Angela|Play Rough|p2a: Forretress
|-resisted|p2a: Forretress
|-damage|p2a: Forretress|318\/354
|
|turn|3
|
|move|p1a: Angela|Will-O-Wisp|p2a: Forretress
|-status|p2a: Forretress|brn
|move|p2a: Forretress|Gyro Ball|p1a: Angela
|-damage|p1a: Angela|171\/271
|
|-damage|p2a: Forretress|274\/354 brn|[from] brn
|turn|4
|
|move|p1a: Angela|Protect|p1a: Angela
|-singleturn|p1a: Angela|Protect
|move|p2a: Forretress|Stealth Rock|p1a: Angela
|move|p1a: Angela|Stealth Rock|p2a: Forretress|[from]Magic Bounce
|-sidestart|p2: Pladimir Vutin|move: Stealth Rock
|
|-damage|p2a: Forretress|230\/354 brn|[from] brn
|turn|5
|
|move|p1a: Angela|Sucker Punch|p2a: Forretress
|-damage|p2a: Forretress|131\/354 brn
|move|p2a: Forretress|Rapid Spin|p1a: Angela
|-damage|p1a: Angela|160\/271
|-sideend|p2: Pladimir Vutin|Stealth Rock|[from] move: Rapid Spin|[of] p2a: Forretress
|
|-damage|p2a: Forretress|87\/354 brn|[from] brn
|turn|6
|
|move|p1a: Angela|Play Rough|p2a: Forretress
|-resisted|p2a: Forretress
|-damage|p2a: Forretress|55\/354 brn
|move|p2a: Forretress|Rest|p2a: Forretress
|-status|p2a: Forretress|slp
|-heal|p2a: Forretress|354\/354 slp|[silent]
|-status|p2a: Forretress|slp|[from] move: Rest
|-enditem|p2a: Forretress|Chesto Berry|[eat]
|-curestatus|p2a: Forretress|slp
|
|turn|7
|
|move|p1a: Angela|Will-O-Wisp|p2a: Forretress
|-status|p2a: Forretress|brn
|move|p2a: Forretress|Gyro Ball|p1a: Angela
|-damage|p1a: Angela|69\/271
|
|-damage|p2a: Forretress|310\/354 brn|[from] brn
|turn|8
|
|move|p1a: Angela|Protect|p1a: Angela
|-singleturn|p1a: Angela|Protect
|move|p2a: Forretress|Gyro Ball|p1a: Angela
|-activate|p1a: Angela|Protect
|
|-damage|p2a: Forretress|266\/354 brn|[from] brn
|turn|9
|
|switch|p1a: Musho|Raikou, shiny|321\/321
|-ability|p1a: Musho|Pressure
|move|p2a: Forretress|Gyro Ball|p1a: Musho
|-resisted|p1a: Musho
|-damage|p1a: Musho|281\/321
|
|-heal|p1a: Musho|301\/321|[from] item: Leftovers
|-damage|p2a: Forretress|222\/354 brn|[from] brn
|turn|10
|
|switch|p2a: Florges|Florges, F|360\/360
|move|p1a: Musho|Substitute|p1a: Musho
|-start|p1a: Musho|Substitute
|-damage|p1a: Musho|221\/321
|
|-heal|p1a: Musho|241\/321|[from] item: Leftovers
|turn|11
|
|move|p1a: Musho|Calm Mind|p1a: Musho
|-boost|p1a: Musho|spa|1
|-boost|p1a: Musho|spd|1
|move|p2a: Florges|Moonblast|p1a: Musho
|-end|p1a: Musho|Substitute
|
|-heal|p1a: Musho|261\/321|[from] item: Leftovers
|turn|12
|c|âPladimir Vutin|wot
|
|move|p1a: Musho|Calm Mind|p1a: Musho
|-boost|p1a: Musho|spa|1
|-boost|p1a: Musho|spd|1
|move|p2a: Florges|Moonblast|p1a: Musho
|-damage|p1a: Musho|198\/321
|
|-heal|p1a: Musho|218\/321|[from] item: Leftovers
|turn|13
|
|move|p1a: Musho|Substitute|p1a: Musho
|-start|p1a: Musho|Substitute
|-damage|p1a: Musho|138\/321
|move|p2a: Florges|Moonblast|p1a: Musho
|-activate|p1a: Musho|Substitute|[damage]
|
|-heal|p1a: Musho|158\/321|[from] item: Leftovers
|turn|14
|c|âEmblema de Fuego|ah?
|
|move|p1a: Musho|Calm Mind|p1a: Musho
|-boost|p1a: Musho|spa|1
|-boost|p1a: Musho|spd|1
|move|p2a: Florges|Moonblast|p1a: Musho
|-end|p1a: Musho|Substitute
|
|-heal|p1a: Musho|178\/321|[from] item: Leftovers
|turn|15
|
|move|p1a: Musho|Substitute|p1a: Musho
|-start|p1a: Musho|Substitute
|-damage|p1a: Musho|98\/321
|move|p2a: Florges|Moonblast|p1a: Musho
|-activate|p1a: Musho|Substitute|[damage]
|
|-heal|p1a: Musho|118\/321|[from] item: Leftovers
|turn|16
|
|move|p1a: Musho|Thunderbolt|p2a: Florges
|-damage|p2a: Florges|182\/360
|move|p2a: Florges|Moonblast|p1a: Musho
|-end|p1a: Musho|Substitute
|
|-heal|p1a: Musho|138\/321|[from] item: Leftovers
|-heal|p2a: Florges|204\/360|[from] item: Leftovers
|turn|17
|
|move|p1a: Musho|Calm Mind|p1a: Musho
|-boost|p1a: Musho|spa|1
|-boost|p1a: Musho|spd|1
|move|p2a: Florges|Moonblast|p1a: Musho
|-damage|p1a: Musho|99\/321
|-unboost|p1a: Musho|spa|1
|
|-heal|p1a: Musho|119\/321|[from] item: Leftovers
|-heal|p2a: Florges|226\/360|[from] item: Leftovers
|turn|18
|c|âEmblema de Fuego|shit
|
|move|p1a: Musho|Substitute|p1a: Musho
|-start|p1a: Musho|Substitute
|-damage|p1a: Musho|39\/321
|move|p2a: Florges|Moonblast|p1a: Musho
|-crit|p1a: Musho
|-end|p1a: Musho|Substitute
|
|-heal|p1a: Musho|59\/321|[from] item: Leftovers
|-heal|p2a: Florges|248\/360|[from] item: Leftovers
|turn|19
|c|âEmblema de Fuego|lol
|
|move|p1a: Musho|Thunderbolt|p2a: Florges
|-damage|p2a: Florges|44\/360
|move|p2a: Florges|Toxic|p1a: Musho|[miss]
|-miss|p2a: Florges|p1a: Musho
|
|-heal|p1a: Musho|79\/321|[from] item: Leftovers
|-heal|p2a: Florges|66\/360|[from] item: Leftovers
|turn|20
|c|âPladimir Vutin|wtffff
|c|âEmblema de Fuego|yea
|c|âEmblema de Fuego|you hax first
|c|âPladimir Vutin|30% chance was bound to happen after that many
|
|move|p1a: Musho|Thunderbolt|p2a: Florges
|-damage|p2a: Florges|0 fnt
|faint|p2a: Florges
|
|-heal|p1a: Musho|99\/321|[from] item: Leftovers
|
|switch|p2a: Chandelure|Chandelure, F, shiny|261\/261
|turn|21
|c|âEmblema de Fuego|fucking crit
|
|move|p2a: Chandelure|Fire Blast|p1a: Musho
|-damage|p1a: Musho|14\/321
|move|p1a: Musho|Thunderbolt|p2a: Chandelure
|-crit|p2a: Chandelure
|-damage|p2a: Chandelure|0 fnt
|faint|p2a: Chandelure
|
|-heal|p1a: Musho|34\/321|[from] item: Leftovers
|
|switch|p2a: Medicham|Medicham-Mega, F|131\/261
|turn|22
|
|move|p2a: Medicham|Fake Out|p1a: Musho
|-damage|p1a: Musho|0 fnt
|faint|p1a: Musho
|
|c|âPladimir Vutin|misplay on my part so there you go
|
|switch|p1a: 5|Fletchinder, F, shiny|327\/327
|turn|23
|
|switch|p2a: Forretress|Forretress, F|222\/354 brn
|move|p1a: 5|Acrobatics|p2a: Forretress
|-damage|p2a: Forretress|146\/354 brn
|
|-damage|p2a: Forretress|102\/354 brn|[from] brn
|turn|24
|
|move|p1a: 5|Swords Dance|p1a: 5
|-boost|p1a: 5|atk|2
|move|p2a: Forretress|Rest|p2a: Forretress
|-status|p2a: Forretress|slp
|-heal|p2a: Forretress|354\/354 slp|[silent]
|-status|p2a: Forretress|slp|[from] move: Rest
|
|turn|25
|
|move|p1a: 5|Will-O-Wisp|p2a: Forretress
|-fail|p2a: Forretress
|cant|p2a: Forretress|slp
|
|turn|26
|
|move|p1a: 5|Swords Dance|p1a: 5
|-boost|p1a: 5|atk|2
|cant|p2a: Forretress|slp
|
|turn|27
|
|move|p1a: 5|Will-O-Wisp|p2a: Forretress
|-fail|p2a: Forretress
|-curestatus|p2a: Forretress|slp
|move|p2a: Forretress|Gyro Ball|p1a: 5
|-resisted|p1a: 5
|-damage|p1a: 5|269\/327
|
|turn|28
|
|move|p1a: 5|Will-O-Wisp|p2a: Forretress
|-status|p2a: Forretress|brn
|move|p2a: Forretress|Gyro Ball|p1a: 5
|-resisted|p1a: 5
|-damage|p1a: 5|242\/327
|
|-damage|p2a: Forretress|310\/354 brn|[from] brn
|turn|29
|c|âPladimir Vutin|not scarfed..?
|
|move|p1a: 5|Roost|p1a: 5
|-heal|p1a: 5|327\/327
|move|p2a: Forretress|Gyro Ball|p1a: 5
|-resisted|p1a: 5
|-damage|p1a: 5|296\/327
|
|-damage|p2a: Forretress|266\/354 brn|[from] brn
|turn|30
|
|move|p1a: 5|Swords Dance|p1a: 5
|-boost|p1a: 5|atk|2
|move|p2a: Forretress|Stealth Rock|p1a: 5
|-sidestart|p1: Emblema de Fuego|move: Stealth Rock
|
|-damage|p2a: Forretress|222\/354 brn|[from] brn
|turn|31
|c|âEmblema de Fuego|scarf???
|
|move|p1a: 5|Will-O-Wisp|p2a: Forretress
|-fail|p2a: Forretress|brn
|move|p2a: Forretress|Rapid Spin|p1a: 5
|-damage|p1a: 5|283\/327
|
|-damage|p2a: Forretress|178\/354 brn|[from] brn
|turn|32
|c|âPladimir Vutin|why don't you use a scarf on this
|c|âPladimir Vutin|it's too slow otherwise
|c|âEmblema de Fuego|Fletchinder scarf?
|c|âEmblema de Fuego|Why?
|
|move|p1a: 5|Roost|p1a: 5
|-heal|p1a: 5|327\/327
|move|p2a: Forretress|Rapid Spin|p1a: 5
|-damage|p1a: 5|314\/327
|
|-damage|p2a: Forretress|134\/354 brn|[from] brn
|turn|33
|c|âPladimir Vutin|because of how slow it is
|c|âEmblema de Fuego|gale wings
|c|âPladimir Vutin|it's not uncommon
|c|âPladimir Vutin|other moves though
|
|move|p1a: 5|Acrobatics|p2a: Forretress
|-damage|p2a: Forretress|0 fnt
|faint|p2a: Forretress
|
|
|switch|p2a: Medicham|Medicham-Mega, F|131\/261
|turn|34
|c|âEmblema de Fuego|Gale wing solve the proble
|
|move|p2a: Medicham|Fake Out|p1a: 5
|-damage|p1a: 5|178\/327
|cant|p1a: 5|flinch
|
|turn|35
|
|switch|p2a: Porygon2|Porygon2|374\/374
|-boost|p2a: Porygon2|spa|1|[from] ability: Download
|move|p1a: 5|Acrobatics|p2a: Porygon2
|-damage|p2a: Porygon2|0 fnt
|faint|p2a: Porygon2
|
|
|switch|p2a: Medicham|Medicham-Mega, F|131\/261
|turn|36
|
|switch|p1a: Rodolfo|Donphan, M|383\/383
|-damage|p1a: Rodolfo|360\/383|[from] Stealth Rock
|move|p2a: Medicham|Fake Out|p1a: Rodolfo
|-damage|p1a: Rodolfo|306\/383
|
|-heal|p1a: Rodolfo|329\/383|[from] item: Leftovers
|turn|37
|
|move|p2a: Medicham|High Jump Kick|p1a: Rodolfo
|-damage|p1a: Rodolfo|76\/383
|move|p1a: Rodolfo|Earthquake|p2a: Medicham
|-damage|p2a: Medicham|0 fnt
|faint|p2a: Medicham
|
|-heal|p1a: Rodolfo|99\/383|[from] item: Leftovers
|
|switch|p2a: Haxorus|Haxorus, M|293\/293
|-ability|p2a: Haxorus|Mold Breaker
|turn|38
|
|move|p2a: Haxorus|Earthquake|p1a: Rodolfo
|-damage|p1a: Rodolfo|7\/383
|move|p1a: Rodolfo|Earthquake|p2a: Haxorus
|-damage|p2a: Haxorus|134\/293
|
|-heal|p1a: Rodolfo|30\/383|[from] item: Leftovers
|turn|39
|c|âPladimir Vutin|my luck
|c|âEmblema de Fuego|why earth?
|c|âEmblema de Fuego|only outrage?
|c|âEmblema de Fuego|max defense
|c|âPladimir Vutin|calc said it'd kill so i wanted to ddance after, then outrage
|c|âEmblema de Fuego|ah
|
|move|p2a: Haxorus|Earthquake|p1a: Rodolfo
|-damage|p1a: Rodolfo|0 fnt
|faint|p1a: Rodolfo
|
|c|âPladimir Vutin|only chance i had
|c|âEmblema de Fuego|anyways gg
|c|âEmblema de Fuego|2 priority
|c|âEmblema de Fuego|Fleetchinder and Absol
|c|âEmblema de Fuego|Uxie full life
|c|âPladimir Vutin|yep
|c|âEmblema de Fuego|and the Toad
|
|switch|p1a: 5|Fletchinder, F, shiny|178\/327
|-damage|p1a: 5|15\/327|[from] Stealth Rock
|turn|40
|
|move|p1a: 5|Acrobatics|p2a: Haxorus
|-damage|p2a: Haxorus|0 fnt
|faint|p2a: Haxorus
|
|win|Emblema de Fuego
|raw|Ladder updating...
|raw|Emblema de Fuego's rating: 1441 &rarr; <strong>1458<\/strong><br \/>(+17 for winning)
|raw|Pladimir Vutin's rating: 1384 &rarr; <strong>1367<\/strong><br \/>(-17 for losing)
|c|âEmblema de Fuego|gg