|join|Emblema de Fuego
|join|Hydratic
|player|p1|Emblema de Fuego|289
|player|p2|Hydratic|199
|gametype|singles
|gen|6
|tier|UU
|rated
|rule|Sleep Clause Mod: Limit one foe put to sleep
|rule|Species Clause: Limit one of each PokÃ©mon
|rule|OHKO Clause: OHKO moves are banned
|rule|Moody Clause: Moody is banned
|rule|Evasion Moves Clause: Evasion moves are banned
|rule|Endless Battle Clause: Forcing endless battles is banned
|rule|HP Percentage Mod: HP is shown in percentages
|clearpoke
|poke|p1|Absol, F
|poke|p1|Fletchinder, F, shiny
|poke|p1|Donphan, M
|poke|p1|Uxie
|poke|p1|Raikou, shiny
|poke|p1|Seismitoad, F
|poke|p2|Articuno
|poke|p2|Medicham, F
|poke|p2|Crobat, M
|poke|p2|Slowking, M
|poke|p2|Florges, F
|poke|p2|Celebi
|rule|Swagger Clause: Swagger is banned
|rule|Baton Pass Clause: Limit one PokÃ©mon knowing Baton Pass
|teampreview
|
|start
|switch|p1a: Angela|Absol, F|271\/271
|switch|p2a: Celebi|Celebi|386\/386
|-ability|p1a: Angela|Pressure
|turn|1
|
|detailschange|p1a: Angela|Absol-Mega, F
|-mega|p1a: Angela|Absol|Absolite
|move|p2a: Celebi|U-turn|p1a: Angela
|-crit|p1a: Angela
|-supereffective|p1a: Angela
|-damage|p1a: Angela|0 fnt
|faint|p1a: Angela
|
|switch|p2a: Crobat|Crobat, M|373\/373
|
|
|switch|p1a: Musho|Raikou, shiny|321\/321
|-ability|p1a: Musho|Pressure
|turn|2
|
|switch|p2a: Florges|Florges, F|359\/359
|move|p1a: Musho|Thunderbolt|p2a: Florges
|-damage|p2a: Florges|280\/359
|
|turn|3
|
|switch|p1a: Uzzzi|Uxie|353\/353
|move|p2a: Florges|Wish|p2a: Florges
|
|turn|4
|
|switch|p2a: Celebi|Celebi|386\/386
|move|p1a: Uzzzi|Stealth Rock|p2a: Celebi
|-sidestart|p2: Hydratic|move: Stealth Rock
|
|turn|5
|
|move|p2a: Celebi|Stealth Rock|p1a: Uzzzi
|-sidestart|p1: Emblema de Fuego|move: Stealth Rock
|move|p1a: Uzzzi|U-turn|p2a: Celebi
|-supereffective|p2a: Celebi
|-damage|p2a: Celebi|222\/386
|
|switch|p1a: Musho|Raikou, shiny|321\/321
|-damage|p1a: Musho|281\/321|[from] Stealth Rock
|-ability|p1a: Musho|Pressure
|
|-heal|p1a: Musho|301\/321|[from] item: Leftovers
|turn|6
|
|switch|p2a: Crobat|Crobat, M|373\/373
|-damage|p2a: Crobat|280\/373|[from] Stealth Rock
|move|p1a: Musho|Calm Mind|p1a: Musho
|-boost|p1a: Musho|spa|1
|-boost|p1a: Musho|spd|1
|
|-heal|p1a: Musho|321\/321|[from] item: Leftovers
|turn|7
|
|move|p1a: Musho|Thunderbolt|p2a: Crobat
|-supereffective|p2a: Crobat
|-damage|p2a: Crobat|0 fnt
|faint|p2a: Crobat
|
|
|switch|p2a: Celebi|Celebi|222\/386
|-damage|p2a: Celebi|174\/386|[from] Stealth Rock
|turn|8
|
|move|p1a: Musho|Hidden Power|p2a: Celebi
|-supereffective|p2a: Celebi
|-damage|p2a: Celebi|0 fnt
|faint|p2a: Celebi
|
|
|switch|p2a: Medicham|Medicham, F|323\/323
|-damage|p2a: Medicham|303\/323|[from] Stealth Rock
|turn|9
|
|detailschange|p2a: Medicham|Medicham-Mega, F
|-mega|p2a: Medicham|Medicham|Medichamite
|move|p2a: Medicham|Fake Out|p1a: Musho
|-damage|p1a: Musho|202\/321
|cant|p1a: Musho|flinch
|
|-heal|p1a: Musho|222\/321|[from] item: Leftovers
|turn|10
|c|âHydratic|gg
|
|move|p1a: Musho|Thunderbolt|p2a: Medicham
|-damage|p2a: Medicham|71\/323
|move|p2a: Medicham|High Jump Kick|p1a: Musho
|-damage|p1a: Musho|0 fnt
|faint|p1a: Musho
|
|c|âHydratic|or not
|c|âEmblema de Fuego|lol
|
|switch|p1a: Rodolfo|Donphan, M|383\/383
|-damage|p1a: Rodolfo|360\/383|[from] Stealth Rock
|turn|11
|
|switch|p2a: Slowking|Slowking, M|394\/394
|-damage|p2a: Slowking|345\/394|[from] Stealth Rock
|move|p1a: Rodolfo|Rapid Spin|p2a: Slowking
|-damage|p2a: Slowking|329\/394
|-sideend|p1: Emblema de Fuego|Stealth Rock|[from] move: Rapid Spin|[of] p1a: Rodolfo
|
|-heal|p1a: Rodolfo|383\/383|[from] item: Leftovers
|-heal|p2a: Slowking|353\/394|[from] item: Leftovers
|turn|12
|
|switch|p2a: Articuno|Articuno|383\/383
|-damage|p2a: Articuno|192\/383|[from] Stealth Rock
|-ability|p2a: Articuno|Pressure
|move|p1a: Rodolfo|Knock Off|p2a: Articuno
|-crit|p2a: Articuno
|-damage|p2a: Articuno|53\/383
|-enditem|p2a: Articuno|Life Orb|[from] move: Knock Off|[of] p1a: Rodolfo
|
|turn|13
|
|switch|p1a: Uzzzi|Uxie|353\/353
|move|p2a: Articuno|Freeze-Dry|p1a: Uzzzi
|-damage|p1a: Uzzzi|278\/353
|
|-heal|p1a: Uzzzi|300\/353|[from] item: Leftovers
|turn|14
|
|move|p1a: Uzzzi|Yawn|p2a: Articuno
|-start|p2a: Articuno|move: Yawn|[of] p1a: Uzzzi
|move|p2a: Articuno|Hurricane|p1a: Uzzzi
|-damage|p1a: Uzzzi|194\/353
|
|-heal|p1a: Uzzzi|216\/353|[from] item: Leftovers
|turn|15
|
|move|p1a: Uzzzi|Yawn|p2a: Articuno
|-fail|p2a: Articuno
|move|p2a: Articuno|Roost|p2a: Articuno
|-heal|p2a: Articuno|245\/383
|
|-status|p2a: Articuno|slp
|-heal|p1a: Uzzzi|238\/353|[from] item: Leftovers
|turn|16
|
|move|p1a: Uzzzi|U-turn|p2a: Articuno
|-resisted|p2a: Articuno
|-damage|p2a: Articuno|225\/383 slp
|
|switch|p1a: Trolltoad|Seismitoad, F|405\/405
|cant|p2a: Articuno|slp
|
|turn|17
|
|move|p1a: Trolltoad|Substitute|p1a: Trolltoad
|-start|p1a: Trolltoad|Substitute
|-damage|p1a: Trolltoad|304\/405
|-curestatus|p2a: Articuno|slp
|move|p2a: Articuno|Freeze-Dry|p1a: Trolltoad
|-supereffective|p1a: Trolltoad
|-end|p1a: Trolltoad|Substitute
|
|-heal|p1a: Trolltoad|329\/405|[from] item: Leftovers
|turn|18
|
|switch|p1a: Uzzzi|Uxie|238\/353
|move|p2a: Articuno|Freeze-Dry|p1a: Uzzzi
|-damage|p1a: Uzzzi|171\/353
|
|-heal|p1a: Uzzzi|193\/353|[from] item: Leftovers
|turn|19
|
|move|p1a: Uzzzi|Yawn|p2a: Articuno
|-start|p2a: Articuno|move: Yawn|[of] p1a: Uzzzi
|move|p2a: Articuno|Roost|p2a: Articuno
|-heal|p2a: Articuno|383\/383
|
|-heal|p1a: Uzzzi|215\/353|[from] item: Leftovers
|turn|20
|
|switch|p2a: Slowking|Slowking, M|394\/394
|-damage|p2a: Slowking|345\/394|[from] Stealth Rock
|move|p1a: Uzzzi|U-turn|p2a: Slowking
|-supereffective|p2a: Slowking
|-damage|p2a: Slowking|273\/394
|
|switch|p1a: Rodolfo|Donphan, M|383\/383
|
|-heal|p2a: Slowking|297\/394|[from] item: Leftovers
|turn|21
|
|switch|p2a: Articuno|Articuno|383\/383
|-damage|p2a: Articuno|192\/383|[from] Stealth Rock
|-ability|p2a: Articuno|Pressure
|move|p1a: Rodolfo|Knock Off|p2a: Articuno
|-damage|p2a: Articuno|135\/383
|
|turn|22
|
|move|p2a: Articuno|Roost|p2a: Articuno
|-heal|p2a: Articuno|327\/383
|move|p1a: Rodolfo|Roar|p2a: Articuno
|drag|p2a: Florges|Florges, F|280\/359
|-damage|p2a: Florges|236\/359|[from] Stealth Rock
|
|turn|23
|
|switch|p1a: 5|Fletchinder, F, shiny|327\/327
|move|p2a: Florges|Wish|p2a: Florges
|
|turn|24
|
|switch|p2a: Slowking|Slowking, M|394\/394
|-damage|p2a: Slowking|345\/394|[from] Stealth Rock
|move|p1a: 5|Will-O-Wisp|p2a: Slowking
|-status|p2a: Slowking|brn
|
|-heal|p2a: Slowking|394\/394 brn|[from] move: Wish|[wisher] Florges
|-damage|p2a: Slowking|345\/394 brn|[from] brn
|turn|25
|
|switch|p1a: Trolltoad|Seismitoad, F|329\/405
|move|p2a: Slowking|Psyshock|p1a: Trolltoad
|-damage|p1a: Trolltoad|206\/405
|
|-heal|p1a: Trolltoad|231\/405|[from] item: Leftovers
|-heal|p2a: Slowking|369\/394 brn|[from] item: Leftovers
|-damage|p2a: Slowking|320\/394 brn|[from] brn
|turn|26
|
|move|p1a: Trolltoad|Infestation|p2a: Slowking
|-supereffective|p2a: Slowking
|-damage|p2a: Slowking|296\/394 brn
|-activate|p2a: Slowking|move: Infestation|[of] p1a: Trolltoad
|move|p2a: Slowking|Psyshock|p1a: Trolltoad
|-damage|p1a: Trolltoad|104\/405
|
|-heal|p1a: Trolltoad|129\/405|[from] item: Leftovers
|-heal|p2a: Slowking|320\/394 brn|[from] item: Leftovers
|-damage|p2a: Slowking|271\/394 brn|[from] brn
|-damage|p2a: Slowking|222\/394 brn|[from] move: Infestation|[partiallytrapped]
|turn|27
|
|move|p1a: Trolltoad|Earthquake|p2a: Slowking
|-crit|p2a: Slowking
|-damage|p2a: Slowking|47\/394 brn
|move|p2a: Slowking|Slack Off|p2a: Slowking
|-heal|p2a: Slowking|244\/394 brn
|
|-heal|p1a: Trolltoad|154\/405|[from] item: Leftovers
|-heal|p2a: Slowking|268\/394 brn|[from] item: Leftovers
|-damage|p2a: Slowking|219\/394 brn|[from] brn
|-damage|p2a: Slowking|170\/394 brn|[from] move: Infestation|[partiallytrapped]
|turn|28
|
|move|p1a: Trolltoad|Earthquake|p2a: Slowking
|-damage|p2a: Slowking|52\/394 brn
|move|p2a: Slowking|Slack Off|p2a: Slowking
|-heal|p2a: Slowking|249\/394 brn
|
|-heal|p1a: Trolltoad|179\/405|[from] item: Leftovers
|-heal|p2a: Slowking|273\/394 brn|[from] item: Leftovers
|-damage|p2a: Slowking|224\/394 brn|[from] brn
|-damage|p2a: Slowking|175\/394 brn|[from] move: Infestation|[partiallytrapped]
|turn|29
|
|switch|p1a: Rodolfo|Donphan, M|383\/383
|move|p2a: Slowking|Psyshock|p1a: Rodolfo
|-damage|p1a: Rodolfo|319\/383
|
|-heal|p1a: Rodolfo|342\/383|[from] item: Leftovers
|-heal|p2a: Slowking|199\/394 brn|[from] item: Leftovers
|-damage|p2a: Slowking|150\/394 brn|[from] brn
|-end|p2a: Slowking|Infestation|[partiallytrapped]
|turn|30
|c|âEmblema de Fuego|lol
|
|move|p1a: Rodolfo|Knock Off|p2a: Slowking
|-supereffective|p2a: Slowking
|-damage|p2a: Slowking|0 fnt
|-enditem|p2a: Slowking|Leftovers|[from] move: Knock Off|[of] p1a: Rodolfo
|faint|p2a: Slowking
|
|-heal|p1a: Rodolfo|365\/383|[from] item: Leftovers
|c|âHydratic|didnt click that~
|c|âHydratic|but ok
|
|switch|p2a: Articuno|Articuno|327\/383
|-damage|p2a: Articuno|136\/383|[from] Stealth Rock
|-ability|p2a: Articuno|Pressure
|turn|31
|
|switch|p1a: Uzzzi|Uxie|215\/353
|move|p2a: Articuno|Freeze-Dry|p1a: Uzzzi
|-crit|p1a: Uzzzi
|-damage|p1a: Uzzzi|115\/353
|
|-heal|p1a: Uzzzi|137\/353|[from] item: Leftovers
|turn|32
|
|move|p1a: Uzzzi|Yawn|p2a: Articuno
|-start|p2a: Articuno|move: Yawn|[of] p1a: Uzzzi
|move|p2a: Articuno|Roost|p2a: Articuno
|-heal|p2a: Articuno|328\/383
|
|-heal|p1a: Uzzzi|159\/353|[from] item: Leftovers
|turn|33
|
|move|p1a: Uzzzi|U-turn|p2a: Articuno
|-resisted|p2a: Articuno
|-damage|p2a: Articuno|306\/383
|
|switch|p1a: Trolltoad|Seismitoad, F|179\/405
|move|p2a: Articuno|Hurricane|p1a: Trolltoad
|-damage|p1a: Trolltoad|0 fnt
|faint|p1a: Trolltoad
|
|-status|p2a: Articuno|slp
|
|switch|p1a: 5|Fletchinder, F, shiny|327\/327
|turn|34
|
|cant|p2a: Articuno|slp
|move|p1a: 5|Swords Dance|p1a: 5
|-boost|p1a: 5|atk|2
|
|turn|35
|
|move|p1a: 5|Acrobatics|p2a: Articuno
|-damage|p2a: Articuno|33\/383 slp
|cant|p2a: Articuno|slp
|
|turn|36
|c|âEmblema de Fuego|gg i think
|
|move|p1a: 5|Acrobatics|p2a: Articuno
|-damage|p2a: Articuno|0 fnt
|faint|p2a: Articuno
|
|c|âHydratic|i think soo
|
|switch|p2a: Medicham|Medicham-Mega, F|71\/323
|-damage|p2a: Medicham|51\/323|[from] Stealth Rock
|turn|37
|
|move|p2a: Medicham|Fake Out|p1a: 5
|-damage|p1a: 5|183\/327
|cant|p1a: 5|flinch
|
|turn|38
|
|switch|p2a: Florges|Florges, F|236\/359
|-damage|p2a: Florges|192\/359|[from] Stealth Rock
|move|p1a: 5|Acrobatics|p2a: Florges
|-damage|p2a: Florges|0 fnt
|faint|p2a: Florges
|
|
|switch|p2a: Medicham|Medicham-Mega, F|51\/323
|-damage|p2a: Medicham|31\/323|[from] Stealth Rock
|turn|39
|
|switch|p1a: Rodolfo|Donphan, M|365\/383
|move|p2a: Medicham|Fake Out|p1a: Rodolfo
|-damage|p1a: Rodolfo|306\/383
|
|-heal|p1a: Rodolfo|329\/383|[from] item: Leftovers
|turn|40
|c|âHydratic|gg
|c|âEmblema de Fuego|gg
|
|move|p2a: Medicham|High Jump Kick|p1a: Rodolfo
|-damage|p1a: Rodolfo|47\/383
|move|p1a: Rodolfo|Earthquake|p2a: Medicham
|-damage|p2a: Medicham|0 fnt
|faint|p2a: Medicham
|
|win|Emblema de Fuego
|raw|Ladder updating...
|c|âHydratic|mega cham
|c|âHydratic|needs to be banned
|c|âEmblema de Fuego|is OP in UU
|c|âEmblema de Fuego|yea
|c|âHydratic|ik
|c|âHydratic|i had 3 other people forfeit
|raw|Emblema de Fuego's rating: 1446 &rarr; <strong>1458<\/strong><br \/>(+12 for winning)
|raw|Hydratic's rating: 1296 &rarr; <strong>1281<\/strong><br \/>(-15 for losing)
|c|âHydratic|cause I 2 ohko there donphan
|c|âHydratic|on the switch in
|c|âEmblema de Fuego|my Donphan is 152evs in defense impish
|c|âHydratic|still
|c|âEmblema de Fuego|yea
|c|âEmblema de Fuego|Uxie wall
|c|âHydratic|it does about 60ish percent with max defense hp
|c|âEmblema de Fuego|reserved for emergenci
|c|âHydratic|anyways cool team
|c|âEmblema de Fuego|thanks
|c|âEmblema de Fuego|you to
|c|âHydratic|cool seeing toad not on a rain team for once
|c|âHydratic|ty
|c|âEmblema de Fuego|Articuno is very Rare
|c|âHydratic|articuno is actually decent in uu
|c|âHydratic|n_n
|c|âEmblema de Fuego|the toad traps
|c|âHydratic|yeah
|c|âHydratic|that was annoying on slowking
|c|âEmblema de Fuego|Crocunes, Vaporeons, Gastrodons
|c|âEmblema de Fuego|Slow is more dificult
|c|âHydratic|helps you get the fletch sweep too
|c|âHydratic|it widdles down everything
|c|âEmblema de Fuego|ever changes, and psyshock
|c|âEmblema de Fuego|yea
|c|âEmblema de Fuego|traps Blisey
|c|âHydratic|p. solid team
|c|âEmblema de Fuego|Arcanine
|c|âEmblema de Fuego|thanks
|c|âHydratic|np man
|c|âEmblema de Fuego|Absol die :(
|c|âHydratic|yeah
|c|âEmblema de Fuego|that crit XD
|c|âHydratic|I had banned celebi
|c|âHydratic|didnt matter
|c|âEmblema de Fuego|naaa
|c|âEmblema de Fuego|Celebi is good
|c|âEmblema de Fuego|and very weak vs bug
|c|âHydratic|it is doing a lot better than before
|c|âEmblema de Fuego|uturn is very spamed
|c|âHydratic|there is barely any bug types tho
|c|âEmblema de Fuego|Malamar drop for that
|c|âHydratic|yeah
|c|âEmblema de Fuego|poor Malamar
|c|âHydratic|but there is a lot of bug checks
|c|âHydratic|and stuff
|leave|Hydratic
|player|p2
|c|âEmblema de Fuego|bye