|join|Emblema de Fuego
|join|EvilThief
|player|p1|Emblema de Fuego|283
|player|p2|EvilThief|25
|gametype|singles
|gen|6
|tier|UU
|rated
|rule|Sleep Clause Mod: Limit one foe put to sleep
|rule|Species Clause: Limit one of each PokÃ©mon
|rule|OHKO Clause: OHKO moves are banned
|rule|Moody Clause: Moody is banned
|rule|Evasion Moves Clause: Evasion moves are banned
|rule|Endless Battle Clause: Forcing endless battles is banned
|rule|HP Percentage Mod: HP is shown in percentages
|clearpoke
|poke|p1|Fletchinder, F, shiny
|poke|p1|Raikou, shiny
|poke|p1|Absol, M
|poke|p1|Donphan, M
|poke|p1|Seismitoad, M
|poke|p1|Uxie
|poke|p2|Cresselia, F, shiny
|poke|p2|Blastoise, F
|poke|p2|Crobat, F
|poke|p2|Nidoking, M
|poke|p2|Mienshao, F
|poke|p2|Quagsire, M
|rule|Swagger Clause: Swagger is banned
|rule|Baton Pass Clause: Limit one PokÃ©mon knowing Baton Pass
|teampreview
|
|start
|switch|p1a: Uzzi|Uxie|353\/353
|switch|p2a: Crobat|Crobat, F|311\/311
|turn|1
|
|move|p2a: Crobat|U-turn|p1a: Uzzi
|-supereffective|p1a: Uzzi
|-damage|p1a: Uzzi|226\/353
|-damage|p2a: Crobat|280\/311|[from] item: Life Orb
|
|switch|p2a: Blastoise|Blastoise, F|361\/361
|move|p1a: Uzzi|U-turn|p2a: Blastoise
|-damage|p2a: Blastoise|330\/361
|
|switch|p1a: Musho|Raikou, shiny|322\/322
|-ability|p1a: Musho|Pressure
|
|turn|2
|
|switch|p1a: Uzzi|Uxie|226\/353
|switch|p2a: Cresselia|Cresselia, F, shiny|444\/444
|
|-heal|p1a: Uzzi|248\/353|[from] item: Leftovers
|turn|3
|
|switch|p2a: Blastoise|Blastoise, F|330\/361
|move|p1a: Uzzi|Yawn|p2a: Blastoise
|-start|p2a: Blastoise|move: Yawn|[of] p1a: Uzzi
|
|-heal|p1a: Uzzi|270\/353|[from] item: Leftovers
|turn|4
|
|switch|p2a: Quagsire|Quagsire, M|394\/394
|move|p1a: Uzzi|Stealth Rock|p2a: Quagsire
|-sidestart|p2: EvilThief|move: Stealth Rock
|
|-heal|p1a: Uzzi|292\/353|[from] item: Leftovers
|turn|5
|
|move|p1a: Uzzi|Yawn|p2a: Quagsire
|-start|p2a: Quagsire|move: Yawn|[of] p1a: Uzzi
|move|p2a: Quagsire|Toxic|p1a: Uzzi
|-status|p1a: Uzzi|tox
|
|-heal|p1a: Uzzi|314\/353 tox|[from] item: Leftovers
|-damage|p1a: Uzzi|292\/353 tox|[from] psn
|turn|6
|
|switch|p2a: Crobat|Crobat, F|280\/311
|-damage|p2a: Crobat|203\/311|[from] Stealth Rock
|move|p1a: Uzzi|U-turn|p2a: Crobat
|-resisted|p2a: Crobat
|-damage|p2a: Crobat|191\/311
|
|switch|p1a: Musho|Raikou, shiny|322\/322
|-ability|p1a: Musho|Pressure
|
|turn|7
|
|switch|p2a: Nidoking|Nidoking, M|303\/303
|-damage|p2a: Nidoking|285\/303|[from] Stealth Rock
|move|p1a: Musho|Thunderbolt|p2a: Nidoking
|-immune|p2a: Nidoking|[msg]
|
|turn|8
|c|âEvilThief|fuck
|c|âEvilThief|oh wait
|
|switch|p1a: Uzzi|Uxie|292\/353 tox
|move|p2a: Nidoking|Stealth Rock|p1a: Uzzi
|-sidestart|p1: Emblema de Fuego|move: Stealth Rock
|
|-heal|p1a: Uzzi|314\/353 tox|[from] item: Leftovers
|-damage|p1a: Uzzi|292\/353 tox|[from] psn
|turn|9
|
|switch|p2a: Blastoise|Blastoise, F|330\/361
|-damage|p2a: Blastoise|285\/361|[from] Stealth Rock
|move|p1a: Uzzi|Yawn|p2a: Blastoise
|-start|p2a: Blastoise|move: Yawn|[of] p1a: Uzzi
|
|-heal|p1a: Uzzi|314\/353 tox|[from] item: Leftovers
|-damage|p1a: Uzzi|270\/353 tox|[from] psn
|turn|10
|
|detailschange|p2a: Blastoise|Blastoise-Mega, F
|-mega|p2a: Blastoise|Blastoise|Blastoisinite
|move|p1a: Uzzi|U-turn|p2a: Blastoise
|-damage|p2a: Blastoise|257\/361
|
|switch|p1a: Musho|Raikou, shiny|322\/322
|-damage|p1a: Musho|282\/322|[from] Stealth Rock
|-ability|p1a: Musho|Pressure
|move|p2a: Blastoise|Rapid Spin|p1a: Musho
|-damage|p1a: Musho|264\/322
|-sideend|p2: EvilThief|Stealth Rock|[from] move: Rapid Spin|[of] p2a: Blastoise
|
|-status|p2a: Blastoise|slp
|-heal|p1a: Musho|284\/322|[from] item: Leftovers
|turn|11
|
|switch|p1a: D-Angelo|Absol, M|271\/271
|-damage|p1a: D-Angelo|238\/271|[from] Stealth Rock
|switch|p2a: Cresselia|Cresselia, F, shiny|444\/444
|
|turn|12
|
|switch|p2a: Quagsire|Quagsire, M|394\/394
|detailschange|p1a: D-Angelo|Absol-Mega, M
|-mega|p1a: D-Angelo|Absol|Absolite
|move|p1a: D-Angelo|Will-O-Wisp|p2a: Quagsire|[miss]
|-miss|p1a: D-Angelo|p2a: Quagsire
|
|turn|13
|c|âEmblema de Fuego|shit
|c|âEmblema de Fuego|fuckckkckckc
|
|move|p1a: D-Angelo|Will-O-Wisp|p2a: Quagsire
|-status|p2a: Quagsire|brn
|move|p2a: Quagsire|Scald|p1a: D-Angelo
|-damage|p1a: D-Angelo|138\/271
|
|-damage|p2a: Quagsire|345\/394 brn|[from] brn
|turn|14
|
|switch|p1a: Trolltoad|Seismitoad, M|405\/405
|-damage|p1a: Trolltoad|380\/405|[from] Stealth Rock
|move|p2a: Quagsire|Scald|p1a: Trolltoad
|-heal|p1a: Trolltoad|405\/405|[from] ability: Water Absorb|[of] p2a: Quagsire
|
|-heal|p2a: Quagsire|369\/394 brn|[from] item: Leftovers
|-damage|p2a: Quagsire|320\/394 brn|[from] brn
|turn|15
|
|move|p1a: Trolltoad|Substitute|p1a: Trolltoad
|-start|p1a: Trolltoad|Substitute
|-damage|p1a: Trolltoad|304\/405
|move|p2a: Quagsire|Toxic|p1a: Trolltoad
|
|-heal|p1a: Trolltoad|329\/405|[from] item: Leftovers
|-heal|p2a: Quagsire|344\/394 brn|[from] item: Leftovers
|-damage|p2a: Quagsire|295\/394 brn|[from] brn
|turn|16
|
|switch|p2a: Blastoise|Blastoise-Mega, F|257\/361 slp
|move|p1a: Trolltoad|Infestation|p2a: Blastoise
|-damage|p2a: Blastoise|246\/361 slp
|-activate|p2a: Blastoise|move: Infestation|[of] p1a: Trolltoad
|
|-heal|p1a: Trolltoad|354\/405|[from] item: Leftovers
|-damage|p2a: Blastoise|201\/361 slp|[from] move: Infestation|[partiallytrapped]
|turn|17
|
|move|p1a: Trolltoad|Earthquake|p2a: Blastoise
|-damage|p2a: Blastoise|108\/361 slp
|cant|p2a: Blastoise|slp
|
|-heal|p1a: Trolltoad|379\/405|[from] item: Leftovers
|-damage|p2a: Blastoise|63\/361 slp|[from] move: Infestation|[partiallytrapped]
|turn|18
|c|âEvilThief|fuck the cancellation button doesn't work anymore
|
|move|p1a: Trolltoad|Earthquake|p2a: Blastoise
|-damage|p2a: Blastoise|0 fnt
|faint|p2a: Blastoise
|
|-heal|p1a: Trolltoad|404\/405|[from] item: Leftovers
|c|âEmblema de Fuego|depends
|c|âEmblema de Fuego|i choose fast
|c|âEmblema de Fuego|sorry
|
|switch|p2a: Cresselia|Cresselia, F, shiny|444\/444
|turn|19
|
|move|p1a: Trolltoad|Infestation|p2a: Cresselia
|-supereffective|p2a: Cresselia
|-damage|p2a: Cresselia|424\/444
|-activate|p2a: Cresselia|move: Infestation|[of] p1a: Trolltoad
|move|p2a: Cresselia|Substitute|p2a: Cresselia
|-start|p2a: Cresselia|Substitute
|-damage|p2a: Cresselia|313\/444
|
|-heal|p1a: Trolltoad|405\/405|[from] item: Leftovers
|-heal|p2a: Cresselia|340\/444|[from] item: Leftovers
|turn|20
|c|âEvilThief|no need to apologize
|c|âEmblema de Fuego|and the damage?
|
|switch|p1a: Rodolfo|Donphan, M|383\/383
|-damage|p1a: Rodolfo|360\/383|[from] Stealth Rock
|move|p2a: Cresselia|Calm Mind|p2a: Cresselia
|-boost|p2a: Cresselia|spa|1
|-boost|p2a: Cresselia|spd|1
|
|-heal|p2a: Cresselia|367\/444|[from] item: Leftovers
|-heal|p1a: Rodolfo|383\/383|[from] item: Leftovers
|turn|21
|
|move|p2a: Cresselia|Moonblast|p1a: Rodolfo
|-damage|p1a: Rodolfo|218\/383
|move|p1a: Rodolfo|Rapid Spin|p2a: Cresselia
|-activate|p2a: Cresselia|Substitute|[damage]
|-sideend|p1: Emblema de Fuego|Stealth Rock|[from] move: Rapid Spin|[of] p1a: Rodolfo
|
|-heal|p2a: Cresselia|394\/444|[from] item: Leftovers
|-heal|p1a: Rodolfo|241\/383|[from] item: Leftovers
|turn|22
|
|move|p2a: Cresselia|Moonblast|p1a: Rodolfo
|-damage|p1a: Rodolfo|95\/383
|move|p1a: Rodolfo|Knock Off|p2a: Cresselia
|-supereffective|p2a: Cresselia
|-end|p2a: Cresselia|Substitute
|
|-heal|p2a: Cresselia|421\/444|[from] item: Leftovers
|-heal|p1a: Rodolfo|118\/383|[from] item: Leftovers
|turn|23
|
|switch|p1a: 5|Fletchinder, F, shiny|327\/327
|move|p2a: Cresselia|Moonblast|p1a: 5
|-resisted|p1a: 5
|-damage|p1a: 5|234\/327
|-unboost|p1a: 5|spa|1
|
|-heal|p2a: Cresselia|444\/444|[from] item: Leftovers
|turn|24
|
|move|p1a: 5|Swords Dance|p1a: 5
|-boost|p1a: 5|atk|2
|move|p2a: Cresselia|Substitute|p2a: Cresselia
|-start|p2a: Cresselia|Substitute
|-damage|p2a: Cresselia|333\/444
|
|-heal|p2a: Cresselia|360\/444|[from] item: Leftovers
|turn|25
|
|move|p1a: 5|Acrobatics|p2a: Cresselia
|-end|p2a: Cresselia|Substitute
|move|p2a: Cresselia|Psyshock|p1a: 5
|-damage|p1a: 5|0 fnt
|faint|p1a: 5
|
|-heal|p2a: Cresselia|387\/444|[from] item: Leftovers
|
|switch|p1a: Uzzi|Uxie|270\/353 tox
|turn|26
|
|move|p1a: Uzzi|Yawn|p2a: Cresselia
|-start|p2a: Cresselia|move: Yawn|[of] p1a: Uzzi
|move|p2a: Cresselia|Moonblast|p1a: Uzzi
|-damage|p1a: Uzzi|196\/353 tox
|-unboost|p1a: Uzzi|spa|1
|
|-heal|p1a: Uzzi|218\/353 tox|[from] item: Leftovers
|-heal|p2a: Cresselia|414\/444|[from] item: Leftovers
|-damage|p1a: Uzzi|196\/353 tox|[from] psn
|turn|27
|
|switch|p2a: Nidoking|Nidoking, M|285\/303
|move|p1a: Uzzi|Stealth Rock|p2a: Nidoking
|-sidestart|p2: EvilThief|move: Stealth Rock
|
|-heal|p1a: Uzzi|218\/353 tox|[from] item: Leftovers
|-damage|p1a: Uzzi|174\/353 tox|[from] psn
|turn|28
|
|switch|p1a: D-Angelo|Absol-Mega, M|138\/271
|move|p2a: Nidoking|Stealth Rock|p1a: D-Angelo
|move|p1a: D-Angelo|Stealth Rock|p2a: Nidoking|[from]Magic Bounce
|-fail|p2a: Nidoking
|
|turn|29
|
|switch|p2a: Quagsire|Quagsire, M|295\/394 brn
|-damage|p2a: Quagsire|271\/394 brn|[from] Stealth Rock
|move|p1a: D-Angelo|Sucker Punch|p2a: Quagsire
|-fail|p2a: Quagsire
|
|-heal|p2a: Quagsire|295\/394 brn|[from] item: Leftovers
|-damage|p2a: Quagsire|246\/394 brn|[from] brn
|turn|30
|
|switch|p1a: Trolltoad|Seismitoad, M|405\/405
|move|p2a: Quagsire|Toxic|p1a: Trolltoad
|-status|p1a: Trolltoad|tox
|
|-heal|p2a: Quagsire|270\/394 brn|[from] item: Leftovers
|-damage|p1a: Trolltoad|380\/405 tox|[from] psn
|-damage|p2a: Quagsire|221\/394 brn|[from] brn
|turn|31
|
|switch|p2a: Cresselia|Cresselia, F, shiny|414\/444
|-damage|p2a: Cresselia|359\/444|[from] Stealth Rock
|move|p1a: Trolltoad|Infestation|p2a: Cresselia
|-supereffective|p2a: Cresselia
|-damage|p2a: Cresselia|337\/444
|-activate|p2a: Cresselia|move: Infestation|[of] p1a: Trolltoad
|
|-heal|p1a: Trolltoad|405\/405 tox|[from] item: Leftovers
|-heal|p2a: Cresselia|364\/444|[from] item: Leftovers
|-damage|p1a: Trolltoad|355\/405 tox|[from] psn
|-damage|p2a: Cresselia|309\/444|[from] move: Infestation|[partiallytrapped]
|turn|32
|
|switch|p1a: Uzzi|Uxie|174\/353 tox
|move|p2a: Cresselia|Substitute|p2a: Cresselia
|-start|p2a: Cresselia|Substitute
|-damage|p2a: Cresselia|198\/444
|
|-heal|p1a: Uzzi|196\/353 tox|[from] item: Leftovers
|-heal|p2a: Cresselia|225\/444|[from] item: Leftovers
|-damage|p1a: Uzzi|174\/353 tox|[from] psn
|turn|33
|
|move|p1a: Uzzi|Heal Bell|p1a: Uzzi
|-cureteam|p1a: Uzzi|[from] move: HealBell
|move|p2a: Cresselia|Substitute|p2a: Cresselia
|-fail|p2a: Cresselia|move: Substitute
|
|-heal|p1a: Uzzi|196\/353|[from] item: Leftovers
|-heal|p2a: Cresselia|252\/444|[from] item: Leftovers
|turn|34
|
|move|p1a: Uzzi|U-turn|p2a: Cresselia
|-supereffective|p2a: Cresselia
|-activate|p2a: Cresselia|Substitute|[damage]
|c|âEvilThief|oh
|c|âEvilThief|thats nice
|
|switch|p1a: Musho|Raikou, shiny|284\/322
|-ability|p1a: Musho|Pressure
|move|p2a: Cresselia|Calm Mind|p2a: Cresselia
|-boost|p2a: Cresselia|spa|1
|-boost|p2a: Cresselia|spd|1
|
|-heal|p1a: Musho|304\/322|[from] item: Leftovers
|-heal|p2a: Cresselia|279\/444|[from] item: Leftovers
|turn|35
|
|move|p1a: Musho|Calm Mind|p1a: Musho
|-boost|p1a: Musho|spa|1
|-boost|p1a: Musho|spd|1
|move|p2a: Cresselia|Substitute|p2a: Cresselia
|-fail|p2a: Cresselia|move: Substitute
|
|-heal|p1a: Musho|322\/322|[from] item: Leftovers
|-heal|p2a: Cresselia|306\/444|[from] item: Leftovers
|turn|36
|
|move|p1a: Musho|Thunderbolt|p2a: Cresselia
|-end|p2a: Cresselia|Substitute
|move|p2a: Cresselia|Calm Mind|p2a: Cresselia
|-boost|p2a: Cresselia|spa|1
|-boost|p2a: Cresselia|spd|1
|
|-heal|p2a: Cresselia|333\/444|[from] item: Leftovers
|turn|37
|
|move|p1a: Musho|Thunderbolt|p2a: Cresselia
|-damage|p2a: Cresselia|242\/444
|move|p2a: Cresselia|Substitute|p2a: Cresselia
|-start|p2a: Cresselia|Substitute
|-damage|p2a: Cresselia|131\/444
|
|-heal|p2a: Cresselia|158\/444|[from] item: Leftovers
|turn|38
|
|move|p1a: Musho|Thunderbolt|p2a: Cresselia
|-activate|p2a: Cresselia|Substitute|[damage]
|move|p2a: Cresselia|Calm Mind|p2a: Cresselia
|-boost|p2a: Cresselia|spa|1
|-boost|p2a: Cresselia|spd|1
|
|-heal|p2a: Cresselia|185\/444|[from] item: Leftovers
|turn|39
|
|move|p1a: Musho|Substitute|p1a: Musho
|-start|p1a: Musho|Substitute
|-damage|p1a: Musho|242\/322
|move|p2a: Cresselia|Substitute|p2a: Cresselia
|-fail|p2a: Cresselia|move: Substitute
|
|-heal|p1a: Musho|262\/322|[from] item: Leftovers
|-heal|p2a: Cresselia|212\/444|[from] item: Leftovers
|turn|40
|
|move|p1a: Musho|Thunderbolt|p2a: Cresselia
|-end|p2a: Cresselia|Substitute
|move|p2a: Cresselia|Psyshock|p1a: Musho
|-end|p1a: Musho|Substitute
|
|-heal|p1a: Musho|282\/322|[from] item: Leftovers
|-heal|p2a: Cresselia|239\/444|[from] item: Leftovers
|turn|41
|
|move|p1a: Musho|Thunderbolt|p2a: Cresselia
|-crit|p2a: Cresselia
|-damage|p2a: Cresselia|0 fnt
|faint|p2a: Cresselia
|
|-heal|p1a: Musho|302\/322|[from] item: Leftovers
|c|âEvilThief|fuck
|
|switch|p2a: Nidoking|Nidoking, M|285\/303
|-damage|p2a: Nidoking|267\/303|[from] Stealth Rock
|turn|42
|c|âEmblema de Fuego|sorry
|
|move|p1a: Musho|Hidden Power|p2a: Nidoking
|-supereffective|p2a: Nidoking
|-damage|p2a: Nidoking|17\/303
|move|p2a: Nidoking|Earth Power|p1a: Musho
|-supereffective|p1a: Musho
|-damage|p1a: Musho|26\/322
|
|-heal|p1a: Musho|46\/322|[from] item: Leftovers
|turn|43
|c|âEmblema de Fuego|you won
|
|move|p1a: Musho|Hidden Power|p2a: Nidoking
|-supereffective|p2a: Nidoking
|-damage|p2a: Nidoking|0 fnt
|faint|p2a: Nidoking
|
|-heal|p1a: Musho|66\/322|[from] item: Leftovers
|
|switch|p2a: Mienshao|Mienshao, F|271\/271
|-damage|p2a: Mienshao|255\/271|[from] Stealth Rock
|turn|44
|c|âEmblema de Fuego|i predict Creselia only 1 move
|c|âEvilThief|nah psyshock and moon
|c|âEmblema de Fuego|yea
|
|switch|p1a: Rodolfo|Donphan, M|118\/383
|move|p2a: Mienshao|Knock Off|p1a: Rodolfo
|-crit|p1a: Rodolfo
|-damage|p1a: Rodolfo|0 fnt
|-enditem|p1a: Rodolfo|Leftovers|[from] move: Knock Off|[of] p2a: Mienshao
|faint|p1a: Rodolfo
|
|c|âEmblema de Fuego|this predict fuckme
|c|âEmblema de Fuego|but the hax save
|c|âEvilThief|which predict
|
|switch|p1a: D-Angelo|Absol-Mega, M|138\/271
|turn|45
|c|âEmblema de Fuego|Cresalia
|c|âEvilThief|yeah it happens
|c|âEvilThief|hax fucks over good stategies
|c|âEmblema de Fuego|thought it was only moonblast
|c|âEvilThief|nope
|
|switch|p2a: Quagsire|Quagsire, M|221\/394 brn
|-damage|p2a: Quagsire|197\/394 brn|[from] Stealth Rock
|move|p1a: D-Angelo|Play Rough|p2a: Quagsire
|-damage|p2a: Quagsire|101\/394 brn
|
|-heal|p2a: Quagsire|125\/394 brn|[from] item: Leftovers
|-damage|p2a: Quagsire|76\/394 brn|[from] brn
|turn|46
|c|âEvilThief|it also pwn
|c|âEvilThief|pwns crocune
|c|âEvilThief|which I fucking
|
|move|p1a: D-Angelo|Play Rough|p2a: Quagsire
|-damage|p2a: Quagsire|0 fnt
|faint|p2a: Quagsire
|
|c|âEmblema de Fuego|yea
|c|âEmblema de Fuego|i got the Toad for Alomomola Chansey and Crocune
|
|switch|p2a: Crobat|Crobat, F|191\/311
|-damage|p2a: Crobat|114\/311|[from] Stealth Rock
|turn|47
|
|move|p1a: D-Angelo|Sucker Punch|p2a: Crobat
|-fail|p2a: Crobat
|move|p2a: Crobat|Roost|p2a: Crobat
|-heal|p2a: Crobat|270\/311
|
|turn|48
|
|move|p2a: Crobat|Cross Poison|p1a: D-Angelo
|-damage|p1a: D-Angelo|0 fnt
|-damage|p2a: Crobat|239\/311|[from] item: Life Orb
|faint|p1a: D-Angelo
|
|
|switch|p1a: Uzzi|Uxie|196\/353
|turn|49
|c|âEmblema de Fuego|shit
|c|âEmblema de Fuego|you won
|
|move|p2a: Crobat|Brave Bird|p1a: Uzzi
|-damage|p1a: Uzzi|36\/353
|-damage|p2a: Crobat|186\/311|[from] recoil|[of] p1a: Uzzi
|-damage|p2a: Crobat|155\/311|[from] item: Life Orb
|move|p1a: Uzzi|Yawn|p2a: Crobat
|-start|p2a: Crobat|move: Yawn|[of] p1a: Uzzi
|
|-heal|p1a: Uzzi|58\/353|[from] item: Leftovers
|turn|50
|c|âEvilThief|maybe
|
|move|p2a: Crobat|U-turn|p1a: Uzzi
|-supereffective|p1a: Uzzi
|-damage|p1a: Uzzi|0 fnt
|-damage|p2a: Crobat|124\/311|[from] item: Life Orb
|faint|p1a: Uzzi
|c|âEvilThief|that yawn is annoying
|
|switch|p2a: Mienshao|Mienshao, F|271\/271
|-damage|p2a: Mienshao|255\/271|[from] Stealth Rock
|
|c|âEmblema de Fuego|yea but 2 u turns
|
|switch|p1a: Trolltoad|Seismitoad, M|355\/405
|turn|51
|
|move|p2a: Mienshao|High Jump Kick|p1a: Trolltoad
|-damage|p1a: Trolltoad|87\/405
|move|p1a: Trolltoad|Infestation|p2a: Mienshao
|-resisted|p2a: Mienshao
|-damage|p2a: Mienshao|245\/271
|-activate|p2a: Mienshao|move: Infestation|[of] p1a: Trolltoad
|
|-heal|p1a: Trolltoad|112\/405|[from] item: Leftovers
|-damage|p2a: Mienshao|212\/271|[from] move: Infestation|[partiallytrapped]
|turn|52
|
|move|p2a: Mienshao|High Jump Kick|p1a: Trolltoad|[miss]
|-miss|p2a: Mienshao|p1a: Trolltoad
|-damage|p2a: Mienshao|77\/271|[from] highjumpkick
|move|p1a: Trolltoad|Substitute|p1a: Trolltoad
|-start|p1a: Trolltoad|Substitute
|-damage|p1a: Trolltoad|11\/405
|
|-heal|p1a: Trolltoad|36\/405|[from] item: Leftovers
|-damage|p2a: Mienshao|44\/271|[from] move: Infestation|[partiallytrapped]
|turn|53
|c|âEvilThief|oh fucking god
|c|âEmblema de Fuego|anyways
|c|âEmblema de Fuego|Crobat more fast
|
|move|p2a: Mienshao|High Jump Kick|p1a: Trolltoad
|-crit|p1a: Trolltoad
|-end|p1a: Trolltoad|Substitute
|move|p1a: Trolltoad|Earthquake|p2a: Mienshao
|-damage|p2a: Mienshao|0 fnt
|faint|p2a: Mienshao
|
|-heal|p1a: Trolltoad|61\/405|[from] item: Leftovers
|c|âEvilThief|do you have scald
|c|âEmblema de Fuego|no
|
|switch|p2a: Crobat|Crobat, F|124\/311
|-damage|p2a: Crobat|47\/311|[from] Stealth Rock
|turn|54
|c|âEmblema de Fuego|but my life lol
|
|move|p2a: Crobat|Roost|p2a: Crobat
|-heal|p2a: Crobat|203\/311
|move|p1a: Trolltoad|Earthquake|p2a: Crobat
|-supereffective|p2a: Crobat
|-damage|p2a: Crobat|0 fnt
|faint|p2a: Crobat
|
|win|Emblema de Fuego
|raw|Ladder updating...
|raw|Emblema de Fuego's rating: 1479 &rarr; <strong>1497<\/strong><br \/>(+18 for winning)
|raw|EvilThief's rating: 1441 &rarr; <strong>1423<\/strong><br \/>(-18 for losing)
|c|âEmblema de Fuego|nooooo
|c|âEvilThief|shit
|c|âEmblema de Fuego|why?
|c|âEmblema de Fuego|Whyy???
|c|âEvilThief|case I wouldn't have survived the life orb hit
|c|âEmblema de Fuego|cross
|c|âEmblema de Fuego|no
|c|âEmblema de Fuego|you won anyways
|c|âEvilThief|oh right
|c|âEmblema de Fuego|clausul of Nintendo
|c|âEvilThief|fuck up by me
|c|âEmblema de Fuego|sorry
|c|âEvilThief|misplayed at the end
|c|âEvilThief|gg
|c|âEvilThief|it's cool
|c|âEmblema de Fuego|gg
|leave|EvilThief
|player|p2