|join|Emblema de Fuego
|join|Dvolving
|player|p1|Emblema de Fuego|265
|player|p2|Dvolving|267
|gametype|singles
|gen|6
|tier|UU
|rated
|rule|Sleep Clause Mod: Limit one foe put to sleep
|rule|Species Clause: Limit one of each PokÃ©mon
|rule|OHKO Clause: OHKO moves are banned
|rule|Moody Clause: Moody is banned
|rule|Evasion Moves Clause: Evasion moves are banned
|rule|Endless Battle Clause: Forcing endless battles is banned
|rule|HP Percentage Mod: HP is shown in percentages
|clearpoke
|poke|p1|Absol, F
|poke|p1|Fletchinder, F, shiny
|poke|p1|Donphan, M
|poke|p1|Uxie
|poke|p1|Raikou, shiny
|poke|p1|Poliwrath, M
|poke|p2|Chandelure, M
|poke|p2|Machamp, F
|poke|p2|Empoleon, F
|poke|p2|Nidoking, M
|poke|p2|Porygon2
|poke|p2|Exploud, M
|rule|Swagger Clause: Swagger is banned
|rule|Baton Pass Clause: Limit one PokÃ©mon knowing Baton Pass
|teampreview
|
|start
|switch|p1a: Uzzzi|Uxie|353\/353
|switch|p2a: Chandelure|Chandelure, M|323\/323
|turn|1
|
|move|p1a: Uzzzi|Knock Off|p2a: Chandelure
|-supereffective|p2a: Chandelure
|-damage|p2a: Chandelure|191\/323
|-enditem|p2a: Chandelure|Leftovers|[from] move: Knock Off|[of] p1a: Uzzzi
|move|p2a: Chandelure|Shadow Ball|p1a: Uzzzi
|-supereffective|p1a: Uzzzi
|-damage|p1a: Uzzzi|129\/353
|
|-heal|p1a: Uzzzi|151\/353|[from] item: Leftovers
|turn|2
|join|Mlle Noob
|
|move|p1a: Uzzzi|Stealth Rock|p2a: Chandelure
|-sidestart|p2: Dvolving|move: Stealth Rock
|move|p2a: Chandelure|Will-O-Wisp|p1a: Uzzzi
|-status|p1a: Uzzzi|brn
|
|-heal|p1a: Uzzzi|173\/353 brn|[from] item: Leftovers
|-damage|p1a: Uzzzi|129\/353 brn|[from] brn
|turn|3
|
|move|p1a: Uzzzi|Yawn|p2a: Chandelure
|-start|p2a: Chandelure|move: Yawn|[of] p1a: Uzzzi
|move|p2a: Chandelure|Substitute|p2a: Chandelure
|-start|p2a: Chandelure|Substitute
|-damage|p2a: Chandelure|111\/323
|
|-heal|p1a: Uzzzi|151\/353 brn|[from] item: Leftovers
|-damage|p1a: Uzzzi|107\/353 brn|[from] brn
|turn|4
|
|move|p1a: Uzzzi|U-turn|p2a: Chandelure
|-resisted|p2a: Chandelure
|-activate|p2a: Chandelure|Substitute|[damage]
|
|switch|p1a: 5|Fletchinder, F, shiny|327\/327
|move|p2a: Chandelure|Shadow Ball|p1a: 5
|-damage|p1a: 5|68\/327
|
|-status|p2a: Chandelure|slp
|turn|5
|
|move|p1a: 5|Acrobatics|p2a: Chandelure
|-end|p2a: Chandelure|Substitute
|cant|p2a: Chandelure|slp
|
|turn|6
|
|switch|p2a: Empoleon|Empoleon, F|372\/372
|-damage|p2a: Empoleon|349\/372|[from] Stealth Rock
|move|p1a: 5|Acrobatics|p2a: Empoleon
|-resisted|p2a: Empoleon
|-damage|p2a: Empoleon|268\/372
|
|-heal|p2a: Empoleon|291\/372|[from] item: Leftovers
|turn|7
|
|move|p1a: 5|Will-O-Wisp|p2a: Empoleon
|-status|p2a: Empoleon|brn
|move|p2a: Empoleon|Defog|p1a: 5
|-unboost|p1a: 5|evasion|1
|-sideend|p2: Dvolving|Stealth Rock|[from] move: Defog|[of] p2a: Empoleon
|
|-heal|p2a: Empoleon|314\/372 brn|[from] item: Leftovers
|-damage|p2a: Empoleon|268\/372 brn|[from] brn
|turn|8
|
|move|p1a: 5|Roost|p1a: 5
|-heal|p1a: 5|232\/327
|move|p2a: Empoleon|Stealth Rock|p1a: 5
|-sidestart|p1: Emblema de Fuego|move: Stealth Rock
|
|-heal|p2a: Empoleon|291\/372 brn|[from] item: Leftovers
|-damage|p2a: Empoleon|245\/372 brn|[from] brn
|turn|9
|
|switch|p1a: Cojonudo|Poliwrath, M|383\/383
|-damage|p1a: Cojonudo|360\/383|[from] Stealth Rock
|move|p2a: Empoleon|Scald|p1a: Cojonudo
|-heal|p1a: Cojonudo|383\/383|[from] ability: Water Absorb|[of] p2a: Empoleon
|
|-heal|p2a: Empoleon|268\/372 brn|[from] item: Leftovers
|-damage|p2a: Empoleon|222\/372 brn|[from] brn
|turn|10
|
|move|p1a: Cojonudo|Substitute|p1a: Cojonudo
|-start|p1a: Cojonudo|Substitute
|-damage|p1a: Cojonudo|288\/383
|move|p2a: Empoleon|Roar|p1a: Cojonudo
|drag|p1a: Angela|Absol, F|271\/271
|-damage|p1a: Angela|238\/271|[from] Stealth Rock
|-ability|p1a: Angela|Pressure
|
|-heal|p2a: Empoleon|245\/372 brn|[from] item: Leftovers
|-damage|p2a: Empoleon|199\/372 brn|[from] brn
|turn|11
|
|detailschange|p1a: Angela|Absol-Mega, F
|-mega|p1a: Angela|Absol|Absolite
|move|p1a: Angela|Protect|p1a: Angela
|-singleturn|p1a: Angela|Protect
|move|p2a: Empoleon|Scald|p1a: Angela
|-activate|p1a: Angela|Protect
|
|-heal|p2a: Empoleon|222\/372 brn|[from] item: Leftovers
|-damage|p2a: Empoleon|176\/372 brn|[from] brn
|turn|12
|
|switch|p1a: Cojonudo|Poliwrath, M|288\/383
|-damage|p1a: Cojonudo|265\/383|[from] Stealth Rock
|move|p2a: Empoleon|Scald|p1a: Cojonudo
|-heal|p1a: Cojonudo|360\/383|[from] ability: Water Absorb|[of] p2a: Empoleon
|
|-heal|p1a: Cojonudo|383\/383|[from] item: Leftovers
|-heal|p2a: Empoleon|199\/372 brn|[from] item: Leftovers
|-damage|p2a: Empoleon|153\/372 brn|[from] brn
|turn|13
|
|move|p1a: Cojonudo|Power-Up Punch|p2a: Empoleon
|-supereffective|p2a: Empoleon
|-damage|p2a: Empoleon|61\/372 brn
|-boost|p1a: Cojonudo|atk|1
|move|p2a: Empoleon|Roar|p1a: Cojonudo
|drag|p1a: Angela|Absol-Mega, F|238\/271
|-damage|p1a: Angela|205\/271|[from] Stealth Rock
|
|-heal|p2a: Empoleon|84\/372 brn|[from] item: Leftovers
|-damage|p2a: Empoleon|38\/372 brn|[from] brn
|turn|14
|
|move|p1a: Angela|Sucker Punch|p2a: Empoleon
|-fail|p2a: Empoleon
|move|p2a: Empoleon|Roar|p1a: Angela
|move|p1a: Angela|Roar|p2a: Empoleon|[from]Magic Bounce
|drag|p2a: Porygon2|Porygon2|374\/374
|
|turn|15
|
|move|p1a: Angela|Will-O-Wisp|p2a: Porygon2
|-status|p2a: Porygon2|brn
|move|p2a: Porygon2|Tri Attack|p1a: Angela
|-damage|p1a: Angela|0 fnt
|faint|p1a: Angela
|
|-damage|p2a: Porygon2|328\/374 brn|[from] brn
|
|switch|p1a: Uzzzi|Uxie|107\/353 brn
|-damage|p1a: Uzzzi|63\/353 brn|[from] Stealth Rock
|turn|16
|
|switch|p2a: Empoleon|Empoleon, F|38\/372 brn
|move|p1a: Uzzzi|Stealth Rock|p2a: Empoleon
|-sidestart|p2: Dvolving|move: Stealth Rock
|
|-heal|p1a: Uzzzi|85\/353 brn|[from] item: Leftovers
|-heal|p2a: Empoleon|61\/372 brn|[from] item: Leftovers
|-damage|p1a: Uzzzi|41\/353 brn|[from] brn
|-damage|p2a: Empoleon|15\/372 brn|[from] brn
|turn|17
|
|move|p1a: Uzzzi|Knock Off|p2a: Empoleon
|-damage|p2a: Empoleon|0 fnt
|-enditem|p2a: Empoleon|Leftovers|[from] move: Knock Off|[of] p1a: Uzzzi
|faint|p2a: Empoleon
|
|-heal|p1a: Uzzzi|63\/353 brn|[from] item: Leftovers
|-damage|p1a: Uzzzi|19\/353 brn|[from] brn
|
|switch|p2a: Chandelure|Chandelure, M|111\/323 slp
|-damage|p2a: Chandelure|31\/323 slp|[from] Stealth Rock
|turn|18
|
|move|p1a: Uzzzi|Knock Off|p2a: Chandelure
|-supereffective|p2a: Chandelure
|-damage|p2a: Chandelure|0 fnt
|faint|p2a: Chandelure
|
|-heal|p1a: Uzzzi|41\/353 brn|[from] item: Leftovers
|-damage|p1a: Uzzzi|0 fnt|[from] brn
|faint|p1a: Uzzzi
|
|switch|p1a: Cojonudo|Poliwrath, M|383\/383
|switch|p2a: Exploud|Exploud, M|411\/411
|-damage|p1a: Cojonudo|360\/383|[from] Stealth Rock
|-damage|p2a: Exploud|360\/411|[from] Stealth Rock
|turn|19
|
|move|p1a: Cojonudo|Power-Up Punch|p2a: Exploud
|-supereffective|p2a: Exploud
|-damage|p2a: Exploud|234\/411
|-boost|p1a: Cojonudo|atk|1
|move|p2a: Exploud|Boomburst|p1a: Cojonudo
|-crit|p1a: Cojonudo
|-damage|p1a: Cojonudo|0 fnt
|faint|p1a: Cojonudo
|
|c|âEmblema de Fuego|comon
|c|âEmblema de Fuego|defensive espcial
|
|switch|p1a: Rodolfo|Donphan, M|383\/383
|-damage|p1a: Rodolfo|360\/383|[from] Stealth Rock
|turn|20
|
|move|p2a: Exploud|Boomburst|p1a: Rodolfo
|-damage|p1a: Rodolfo|0 fnt
|faint|p1a: Rodolfo
|
|
|switch|p1a: Musho|Raikou, shiny|321\/321
|-damage|p1a: Musho|281\/321|[from] Stealth Rock
|-ability|p1a: Musho|Pressure
|turn|21
|
|move|p1a: Musho|Thunderbolt|p2a: Exploud
|-damage|p2a: Exploud|56\/411
|move|p2a: Exploud|Boomburst|p1a: Musho
|-damage|p1a: Musho|0 fnt
|faint|p1a: Musho
|
|
|switch|p1a: 5|Fletchinder, F, shiny|232\/327
|-damage|p1a: 5|69\/327|[from] Stealth Rock
|turn|22
|
|move|p1a: 5|Acrobatics|p2a: Exploud
|-damage|p2a: Exploud|0 fnt
|faint|p2a: Exploud
|
|
|switch|p2a: Porygon2|Porygon2|328\/374 brn
|-damage|p2a: Porygon2|282\/374 brn|[from] Stealth Rock
|turn|23
|
|move|p1a: 5|Roost|p1a: 5
|-heal|p1a: 5|233\/327
|move|p2a: Porygon2|Thunderbolt|p1a: 5
|-damage|p1a: 5|9\/327
|
|-damage|p2a: Porygon2|236\/374 brn|[from] brn
|turn|24
|
|move|p1a: 5|Swords Dance|p1a: 5
|-boost|p1a: 5|atk|2
|move|p2a: Porygon2|Thunderbolt|p1a: 5
|-supereffective|p1a: 5
|-damage|p1a: 5|0 fnt
|faint|p1a: 5
|
|win|Dvolving
|raw|Ladder updating...
|raw|Emblema de Fuego's rating: 1562 &rarr; <strong>1536<\/strong><br \/>(-26 for losing)
|raw|Dvolving's rating: 1469 &rarr; <strong>1494<\/strong><br \/>(+25 for winning)
|leave|Dvolving
|player|p2
|leave|Emblema de Fuego
|player|p1