|join|Emblema de Fuego
|join|Kruk
|player|p1|Emblema de Fuego|289
|player|p2|Kruk|236
|gametype|singles
|gen|6
|tier|UU
|rated
|rule|Sleep Clause Mod: Limit one foe put to sleep
|rule|Species Clause: Limit one of each PokÃ©mon
|rule|OHKO Clause: OHKO moves are banned
|rule|Moody Clause: Moody is banned
|rule|Evasion Moves Clause: Evasion moves are banned
|rule|Endless Battle Clause: Forcing endless battles is banned
|rule|HP Percentage Mod: HP is shown in percentages
|clearpoke
|poke|p1|Absol, F
|poke|p1|Fletchinder, F, shiny
|poke|p1|Donphan, M
|poke|p1|Uxie
|poke|p1|Raikou, shiny
|poke|p1|Seismitoad, F
|poke|p2|Beedrill, F
|poke|p2|Empoleon, M
|poke|p2|Shaymin
|poke|p2|Darmanitan, M
|poke|p2|Suicune
|poke|p2|Goodra, M
|rule|Swagger Clause: Swagger is banned
|rule|Baton Pass Clause: Limit one PokÃ©mon knowing Baton Pass
|teampreview
|
|start
|switch|p1a: Angela|Absol, F|271\/271
|switch|p2a: Darmanitan|Darmanitan, M|351\/351
|-ability|p1a: Angela|Pressure
|turn|1
|
|detailschange|p1a: Angela|Absol-Mega, F
|-mega|p1a: Angela|Absol|Absolite
|move|p1a: Angela|Protect|p1a: Angela
|-singleturn|p1a: Angela|Protect
|move|p2a: Darmanitan|U-turn|p1a: Angela
|-activate|p1a: Angela|Protect
|
|turn|2
|
|switch|p1a: Rodolfo|Donphan, M|383\/383
|switch|p2a: Suicune|Suicune|404\/404
|-ability|p2a: Suicune|Pressure
|
|turn|3
|
|switch|p1a: Seismitoad|Seismitoad, F|405\/405
|move|p2a: Suicune|Calm Mind|p2a: Suicune
|-boost|p2a: Suicune|spa|1
|-boost|p2a: Suicune|spd|1
|
|turn|4
|
|switch|p2a: Empoleon|Empoleon, M|372\/372
|move|p1a: Seismitoad|Substitute|p1a: Seismitoad
|-start|p1a: Seismitoad|Substitute
|-damage|p1a: Seismitoad|304\/405
|
|-heal|p1a: Seismitoad|329\/405|[from] item: Leftovers
|turn|5
|
|move|p1a: Seismitoad|Earthquake|p2a: Empoleon
|-supereffective|p2a: Empoleon
|-damage|p2a: Empoleon|130\/372
|move|p2a: Empoleon|Knock Off|p1a: Seismitoad
|-activate|p1a: Seismitoad|Substitute|[damage]
|
|-heal|p1a: Seismitoad|354\/405|[from] item: Leftovers
|-heal|p2a: Empoleon|153\/372|[from] item: Leftovers
|turn|6
|
|-singleturn|p1a: Seismitoad|move: Focus Punch
|switch|p2a: Shaymin|Shaymin|404\/404
|move|p1a: Seismitoad|Focus Punch|p2a: Shaymin
|-damage|p2a: Shaymin|322\/404
|
|-heal|p1a: Seismitoad|379\/405|[from] item: Leftovers
|-heal|p2a: Shaymin|347\/404|[from] item: Leftovers
|turn|7
|
|move|p1a: Seismitoad|Infestation|p2a: Shaymin
|-crit|p2a: Shaymin
|-supereffective|p2a: Shaymin
|-damage|p2a: Shaymin|309\/404
|-activate|p2a: Shaymin|move: Infestation|[of] p1a: Seismitoad
|move|p2a: Shaymin|Seed Flare|p1a: Seismitoad|[miss]
|-miss|p2a: Shaymin|p1a: Seismitoad
|
|-heal|p1a: Seismitoad|404\/405|[from] item: Leftovers
|-heal|p2a: Shaymin|334\/404|[from] item: Leftovers
|-damage|p2a: Shaymin|284\/404|[from] move: Infestation|[partiallytrapped]
|turn|8
|
|-singleturn|p1a: Seismitoad|move: Focus Punch
|move|p2a: Shaymin|Seed Flare|p1a: Seismitoad
|-supereffective|p1a: Seismitoad
|-end|p1a: Seismitoad|Substitute
|move|p1a: Seismitoad|Focus Punch|p2a: Shaymin
|-damage|p2a: Shaymin|204\/404
|
|-heal|p1a: Seismitoad|405\/405|[from] item: Leftovers
|-heal|p2a: Shaymin|229\/404|[from] item: Leftovers
|-damage|p2a: Shaymin|179\/404|[from] move: Infestation|[partiallytrapped]
|turn|9
|
|switch|p1a: 5|Fletchinder, F, shiny|327\/327
|move|p2a: Shaymin|Synthesis|p2a: Shaymin
|-heal|p2a: Shaymin|381\/404
|
|-heal|p2a: Shaymin|404\/404|[from] item: Leftovers
|-end|p2a: Shaymin|Infestation|[partiallytrapped]
|turn|10
|
|switch|p2a: Suicune|Suicune|404\/404
|-ability|p2a: Suicune|Pressure
|move|p1a: 5|Will-O-Wisp|p2a: Suicune|[miss]
|-miss|p1a: 5|p2a: Suicune
|
|turn|11
|
|switch|p1a: Uzzzi|Uxie|353\/353
|move|p2a: Suicune|Scald|p1a: Uzzzi
|-damage|p1a: Uzzzi|298\/353
|-status|p1a: Uzzzi|brn
|
|-heal|p1a: Uzzzi|320\/353 brn|[from] item: Leftovers
|-damage|p1a: Uzzzi|276\/353 brn|[from] brn
|turn|12
|
|switch|p2a: Empoleon|Empoleon, M|153\/372
|move|p1a: Uzzzi|Heal Bell|p1a: Uzzzi
|-cureteam|p1a: Uzzzi|[from] move: HealBell
|
|-heal|p1a: Uzzzi|298\/353|[from] item: Leftovers
|-heal|p2a: Empoleon|176\/372|[from] item: Leftovers
|turn|13
|
|move|p1a: Uzzzi|Stealth Rock|p2a: Empoleon
|-sidestart|p2: Kruk|move: Stealth Rock
|move|p2a: Empoleon|Stealth Rock|p1a: Uzzzi
|-sidestart|p1: Emblema de Fuego|move: Stealth Rock
|
|-heal|p1a: Uzzzi|320\/353|[from] item: Leftovers
|-heal|p2a: Empoleon|199\/372|[from] item: Leftovers
|turn|14
|
|move|p1a: Uzzzi|Yawn|p2a: Empoleon
|-start|p2a: Empoleon|move: Yawn|[of] p1a: Uzzzi
|move|p2a: Empoleon|Knock Off|p1a: Uzzzi
|-supereffective|p1a: Uzzzi
|-damage|p1a: Uzzzi|230\/353
|-enditem|p1a: Uzzzi|Leftovers|[from] move: Knock Off|[of] p2a: Empoleon
|
|-heal|p2a: Empoleon|222\/372|[from] item: Leftovers
|turn|15
|
|switch|p2a: Darmanitan|Darmanitan, M|351\/351
|-damage|p2a: Darmanitan|264\/351|[from] Stealth Rock
|move|p1a: Uzzzi|U-turn|p2a: Darmanitan
|-resisted|p2a: Darmanitan
|-damage|p2a: Darmanitan|228\/351
|
|switch|p1a: Angela|Absol-Mega, F|271\/271
|-damage|p1a: Angela|238\/271|[from] Stealth Rock
|
|turn|16
|
|switch|p2a: Suicune|Suicune|404\/404
|-damage|p2a: Suicune|354\/404|[from] Stealth Rock
|-ability|p2a: Suicune|Pressure
|move|p1a: Angela|Sucker Punch|p2a: Suicune
|-fail|p2a: Suicune
|
|-heal|p2a: Suicune|379\/404|[from] item: Leftovers
|turn|17
|
|switch|p1a: Seismitoad|Seismitoad, F|405\/405
|-damage|p1a: Seismitoad|380\/405|[from] Stealth Rock
|move|p2a: Suicune|Scald|p1a: Seismitoad
|-heal|p1a: Seismitoad|405\/405|[from] ability: Water Absorb|[of] p2a: Suicune
|
|-heal|p2a: Suicune|404\/404|[from] item: Leftovers
|turn|18
|
|switch|p2a: Shaymin|Shaymin|404\/404
|-damage|p2a: Shaymin|354\/404|[from] Stealth Rock
|move|p1a: Seismitoad|Substitute|p1a: Seismitoad
|-start|p1a: Seismitoad|Substitute
|-damage|p1a: Seismitoad|304\/405
|
|-heal|p1a: Seismitoad|329\/405|[from] item: Leftovers
|-heal|p2a: Shaymin|379\/404|[from] item: Leftovers
|turn|19
|
|move|p1a: Seismitoad|Infestation|p2a: Shaymin
|-supereffective|p2a: Shaymin
|-damage|p2a: Shaymin|351\/404
|-activate|p2a: Shaymin|move: Infestation|[of] p1a: Seismitoad
|move|p2a: Shaymin|Seed Flare|p1a: Seismitoad
|-supereffective|p1a: Seismitoad
|-end|p1a: Seismitoad|Substitute
|
|-heal|p1a: Seismitoad|354\/405|[from] item: Leftovers
|-heal|p2a: Shaymin|376\/404|[from] item: Leftovers
|-damage|p2a: Shaymin|326\/404|[from] move: Infestation|[partiallytrapped]
|turn|20
|
|switch|p1a: Uzzzi|Uxie|230\/353
|-damage|p1a: Uzzzi|186\/353|[from] Stealth Rock
|move|p2a: Shaymin|Leech Seed|p1a: Uzzzi
|-start|p1a: Uzzzi|move: Leech Seed
|
|-heal|p2a: Shaymin|351\/404|[from] item: Leftovers
|-damage|p1a: Uzzzi|142\/353|[from] Leech Seed|[of] p2a: Shaymin
|-heal|p2a: Shaymin|395\/404|[silent]
|-end|p2a: Shaymin|Infestation|[partiallytrapped]
|turn|21
|
|move|p2a: Shaymin|Seed Flare|p1a: Uzzzi
|-damage|p1a: Uzzzi|58\/353
|-unboost|p1a: Uzzzi|spd|2
|move|p1a: Uzzzi|U-turn|p2a: Shaymin
|-supereffective|p2a: Shaymin
|-damage|p2a: Shaymin|337\/404
|
|switch|p1a: Musho|Raikou, shiny|321\/321
|-damage|p1a: Musho|281\/321|[from] Stealth Rock
|-ability|p1a: Musho|Pressure
|
|-heal|p1a: Musho|301\/321|[from] item: Leftovers
|-heal|p2a: Shaymin|362\/404|[from] item: Leftovers
|turn|22
|
|switch|p2a: Goodra|Goodra, M|383\/383
|-damage|p2a: Goodra|336\/383|[from] Stealth Rock
|move|p1a: Musho|Substitute|p1a: Musho
|-start|p1a: Musho|Substitute
|-damage|p1a: Musho|221\/321
|
|-heal|p1a: Musho|241\/321|[from] item: Leftovers
|turn|23
|
|move|p1a: Musho|Calm Mind|p1a: Musho
|-boost|p1a: Musho|spa|1
|-boost|p1a: Musho|spd|1
|move|p2a: Goodra|Dragon Tail|p1a: Musho
|-end|p1a: Musho|Substitute
|
|-heal|p1a: Musho|261\/321|[from] item: Leftovers
|turn|24
|
|move|p1a: Musho|Substitute|p1a: Musho
|-start|p1a: Musho|Substitute
|-damage|p1a: Musho|181\/321
|move|p2a: Goodra|Dragon Tail|p1a: Musho|[miss]
|-miss|p2a: Goodra|p1a: Musho
|
|-heal|p1a: Musho|201\/321|[from] item: Leftovers
|turn|25
|c|âKruk|lel
|
|move|p1a: Musho|Hidden Power|p2a: Goodra
|-supereffective|p2a: Goodra
|-damage|p2a: Goodra|238\/383
|move|p2a: Goodra|Dragon Tail|p1a: Musho
|-end|p1a: Musho|Substitute
|
|-heal|p1a: Musho|221\/321|[from] item: Leftovers
|turn|26
|
|move|p1a: Musho|Hidden Power|p2a: Goodra
|-supereffective|p2a: Goodra
|-damage|p2a: Goodra|136\/383
|move|p2a: Goodra|Dragon Tail|p1a: Musho
|-damage|p1a: Musho|136\/321
|drag|p1a: Angela|Absol-Mega, F|238\/271
|-damage|p1a: Angela|205\/271|[from] Stealth Rock
|
|turn|27
|
|move|p1a: Angela|Play Rough|p2a: Goodra|[miss]
|-miss|p1a: Angela|p2a: Goodra
|move|p2a: Goodra|Draco Meteor|p1a: Angela|[miss]
|-miss|p2a: Goodra|p1a: Angela
|
|turn|28
|c|âEmblema de Fuego|lol
|
|switch|p2a: Suicune|Suicune|404\/404
|-damage|p2a: Suicune|354\/404|[from] Stealth Rock
|-ability|p2a: Suicune|Pressure
|move|p1a: Angela|Play Rough|p2a: Suicune
|-damage|p2a: Suicune|280\/404
|
|-heal|p2a: Suicune|305\/404|[from] item: Leftovers
|turn|29
|
|move|p1a: Angela|Will-O-Wisp|p2a: Suicune
|-status|p2a: Suicune|brn
|move|p2a: Suicune|Scald|p1a: Angela
|-damage|p1a: Angela|81\/271
|
|-heal|p2a: Suicune|330\/404 brn|[from] item: Leftovers
|-damage|p2a: Suicune|280\/404 brn|[from] brn
|turn|30
|
|switch|p1a: Seismitoad|Seismitoad, F|354\/405
|-damage|p1a: Seismitoad|329\/405|[from] Stealth Rock
|switch|p2a: Shaymin|Shaymin|362\/404
|-damage|p2a: Shaymin|312\/404|[from] Stealth Rock
|
|-heal|p1a: Seismitoad|354\/405|[from] item: Leftovers
|-heal|p2a: Shaymin|337\/404|[from] item: Leftovers
|turn|31
|
|switch|p1a: Uzzzi|Uxie|58\/353
|-damage|p1a: Uzzzi|14\/353|[from] Stealth Rock
|move|p2a: Shaymin|Leech Seed|p1a: Uzzzi
|-start|p1a: Uzzzi|move: Leech Seed
|
|-heal|p2a: Shaymin|362\/404|[from] item: Leftovers
|-damage|p1a: Uzzzi|0 fnt|[from] Leech Seed|[of] p2a: Shaymin
|-heal|p2a: Shaymin|376\/404|[silent]
|faint|p1a: Uzzzi
|
|switch|p1a: Musho|Raikou, shiny|136\/321
|-damage|p1a: Musho|96\/321|[from] Stealth Rock
|-ability|p1a: Musho|Pressure
|turn|32
|
|move|p1a: Musho|Substitute|p1a: Musho
|-start|p1a: Musho|Substitute
|-damage|p1a: Musho|16\/321
|move|p2a: Shaymin|Seed Flare|p1a: Musho
|-end|p1a: Musho|Substitute
|
|-heal|p1a: Musho|36\/321|[from] item: Leftovers
|-heal|p2a: Shaymin|401\/404|[from] item: Leftovers
|turn|33
|
|move|p1a: Musho|Hidden Power|p2a: Shaymin
|-supereffective|p2a: Shaymin
|-damage|p2a: Shaymin|275\/404
|move|p2a: Shaymin|Leech Seed|p1a: Musho
|-start|p1a: Musho|move: Leech Seed
|
|-heal|p1a: Musho|56\/321|[from] item: Leftovers
|-heal|p2a: Shaymin|300\/404|[from] item: Leftovers
|-damage|p1a: Musho|16\/321|[from] Leech Seed|[of] p2a: Shaymin
|-heal|p2a: Shaymin|340\/404|[silent]
|turn|34
|
|move|p1a: Musho|Thunderbolt|p2a: Shaymin
|-resisted|p2a: Shaymin
|-damage|p2a: Shaymin|260\/404
|move|p2a: Shaymin|Synthesis|p2a: Shaymin
|-heal|p2a: Shaymin|404\/404
|
|-heal|p1a: Musho|36\/321|[from] item: Leftovers
|-damage|p1a: Musho|0 fnt|[from] Leech Seed|[of] p2a: Shaymin
|faint|p1a: Musho
|
|switch|p1a: 5|Fletchinder, F, shiny|327\/327
|-damage|p1a: 5|164\/327|[from] Stealth Rock
|turn|35
|
|move|p2a: Shaymin|Leech Seed|p1a: 5
|-start|p1a: 5|move: Leech Seed
|move|p1a: 5|Will-O-Wisp|p2a: Shaymin
|-status|p2a: Shaymin|brn
|
|-damage|p1a: 5|124\/327|[from] Leech Seed|[of] p2a: Shaymin
|-damage|p2a: Shaymin|354\/404 brn|[from] brn
|turn|36
|
|switch|p2a: Suicune|Suicune|280\/404 brn
|-damage|p2a: Suicune|230\/404 brn|[from] Stealth Rock
|-ability|p2a: Suicune|Pressure
|move|p1a: 5|Roost|p1a: 5
|-heal|p1a: 5|288\/327
|
|-heal|p2a: Suicune|255\/404 brn|[from] item: Leftovers
|-damage|p1a: 5|248\/327|[from] Leech Seed|[of] p2a: Suicune
|-heal|p2a: Suicune|295\/404 brn|[silent]
|-damage|p2a: Suicune|245\/404 brn|[from] brn
|turn|37
|
|switch|p1a: Seismitoad|Seismitoad, F|354\/405
|-damage|p1a: Seismitoad|329\/405|[from] Stealth Rock
|move|p2a: Suicune|Rest|p2a: Suicune
|-status|p2a: Suicune|slp
|-heal|p2a: Suicune|404\/404 slp|[silent]
|-status|p2a: Suicune|slp|[from] move: Rest
|
|-heal|p1a: Seismitoad|354\/405|[from] item: Leftovers
|turn|38
|
|switch|p2a: Shaymin|Shaymin|354\/404
|-damage|p2a: Shaymin|304\/404|[from] Stealth Rock
|move|p1a: Seismitoad|Substitute|p1a: Seismitoad
|-start|p1a: Seismitoad|Substitute
|-damage|p1a: Seismitoad|253\/405
|
|-heal|p1a: Seismitoad|278\/405|[from] item: Leftovers
|-heal|p2a: Shaymin|329\/404|[from] item: Leftovers
|turn|39
|
|move|p1a: Seismitoad|Substitute|p1a: Seismitoad
|-fail|p1a: Seismitoad|move: Substitute
|move|p2a: Shaymin|Seed Flare|p1a: Seismitoad
|-crit|p1a: Seismitoad
|-supereffective|p1a: Seismitoad
|-end|p1a: Seismitoad|Substitute
|
|-heal|p1a: Seismitoad|303\/405|[from] item: Leftovers
|-heal|p2a: Shaymin|354\/404|[from] item: Leftovers
|turn|40
|
|move|p1a: Seismitoad|Substitute|p1a: Seismitoad
|-start|p1a: Seismitoad|Substitute
|-damage|p1a: Seismitoad|202\/405
|move|p2a: Shaymin|Seed Flare|p1a: Seismitoad
|-supereffective|p1a: Seismitoad
|-end|p1a: Seismitoad|Substitute
|
|-heal|p1a: Seismitoad|227\/405|[from] item: Leftovers
|-heal|p2a: Shaymin|379\/404|[from] item: Leftovers
|turn|41
|
|move|p1a: Seismitoad|Substitute|p1a: Seismitoad
|-start|p1a: Seismitoad|Substitute
|-damage|p1a: Seismitoad|126\/405
|move|p2a: Shaymin|Leech Seed|p1a: Seismitoad
|
|-heal|p1a: Seismitoad|151\/405|[from] item: Leftovers
|-heal|p2a: Shaymin|404\/404|[from] item: Leftovers
|turn|42
|
|switch|p2a: Beedrill|Beedrill, F|271\/271
|-damage|p2a: Beedrill|204\/271|[from] Stealth Rock
|move|p1a: Seismitoad|Infestation|p2a: Beedrill
|-resisted|p2a: Beedrill
|-damage|p2a: Beedrill|197\/271
|-activate|p2a: Beedrill|move: Infestation|[of] p1a: Seismitoad
|
|-heal|p1a: Seismitoad|176\/405|[from] item: Leftovers
|-damage|p2a: Beedrill|164\/271|[from] move: Infestation|[partiallytrapped]
|turn|43
|
|detailschange|p2a: Beedrill|Beedrill-Mega, F
|-mega|p2a: Beedrill|Beedrill|Beedrillite
|move|p2a: Beedrill|X-Scissor|p1a: Seismitoad
|-end|p1a: Seismitoad|Substitute
|move|p1a: Seismitoad|Earthquake|p2a: Beedrill
|-damage|p2a: Beedrill|0 fnt
|faint|p2a: Beedrill
|
|-heal|p1a: Seismitoad|201\/405|[from] item: Leftovers
|
|switch|p2a: Darmanitan|Darmanitan, M|228\/351
|-damage|p2a: Darmanitan|141\/351|[from] Stealth Rock
|turn|44
|
|switch|p1a: Rodolfo|Donphan, M|383\/383
|-damage|p1a: Rodolfo|360\/383|[from] Stealth Rock
|move|p2a: Darmanitan|Flare Blitz|p1a: Rodolfo
|-damage|p1a: Rodolfo|75\/383
|-damage|p2a: Darmanitan|47\/351|[from] recoil|[of] p1a: Rodolfo
|
|-heal|p1a: Rodolfo|98\/383|[from] item: Leftovers
|turn|45
|
|move|p2a: Darmanitan|Flare Blitz|p1a: Rodolfo
|-damage|p1a: Rodolfo|0 fnt
|-damage|p2a: Darmanitan|15\/351|[from] recoil|[of] p1a: Rodolfo
|faint|p1a: Rodolfo
|
|
|switch|p1a: Angela|Absol-Mega, F|81\/271
|-damage|p1a: Angela|48\/271|[from] Stealth Rock
|turn|46
|
|move|p1a: Angela|Sucker Punch|p2a: Darmanitan
|-damage|p2a: Darmanitan|0 fnt
|faint|p2a: Darmanitan
|
|
|switch|p2a: Empoleon|Empoleon, M|222\/372
|-damage|p2a: Empoleon|199\/372|[from] Stealth Rock
|turn|47
|
|move|p1a: Angela|Will-O-Wisp|p2a: Empoleon
|-status|p2a: Empoleon|brn
|move|p2a: Empoleon|Scald|p1a: Angela
|-damage|p1a: Angela|0 fnt
|faint|p1a: Angela
|
|-heal|p2a: Empoleon|222\/372 brn|[from] item: Leftovers
|-damage|p2a: Empoleon|176\/372 brn|[from] brn
|
|switch|p1a: Seismitoad|Seismitoad, F|201\/405
|-damage|p1a: Seismitoad|176\/405|[from] Stealth Rock
|turn|48
|
|move|p1a: Seismitoad|Substitute|p1a: Seismitoad
|-start|p1a: Seismitoad|Substitute
|-damage|p1a: Seismitoad|75\/405
|move|p2a: Empoleon|Knock Off|p1a: Seismitoad
|-activate|p1a: Seismitoad|Substitute|[damage]
|
|-heal|p1a: Seismitoad|100\/405|[from] item: Leftovers
|-heal|p2a: Empoleon|199\/372 brn|[from] item: Leftovers
|-damage|p2a: Empoleon|153\/372 brn|[from] brn
|turn|49
|
|move|p1a: Seismitoad|Infestation|p2a: Empoleon
|-resisted|p2a: Empoleon
|-damage|p2a: Empoleon|149\/372 brn
|-activate|p2a: Empoleon|move: Infestation|[of] p1a: Seismitoad
|move|p2a: Empoleon|Knock Off|p1a: Seismitoad
|-activate|p1a: Seismitoad|Substitute|[damage]
|
|-heal|p1a: Seismitoad|125\/405|[from] item: Leftovers
|-heal|p2a: Empoleon|172\/372 brn|[from] item: Leftovers
|-damage|p2a: Empoleon|126\/372 brn|[from] brn
|-damage|p2a: Empoleon|80\/372 brn|[from] move: Infestation|[partiallytrapped]
|turn|50
|
|move|p1a: Seismitoad|Earthquake|p2a: Empoleon
|-supereffective|p2a: Empoleon
|-damage|p2a: Empoleon|0 fnt
|faint|p2a: Empoleon
|
|-heal|p1a: Seismitoad|150\/405|[from] item: Leftovers
|
|switch|p2a: Goodra|Goodra, M|136\/383
|-damage|p2a: Goodra|89\/383|[from] Stealth Rock
|turn|51
|
|move|p1a: Seismitoad|Earthquake|p2a: Goodra
|-damage|p2a: Goodra|0 fnt
|faint|p2a: Goodra
|
|-heal|p1a: Seismitoad|175\/405|[from] item: Leftovers
|c|âKruk|well
|c|âKruk|gotta PP waste you
|c|âEmblema de Fuego|gg?
|
|switch|p2a: Suicune|Suicune|404\/404 slp
|-damage|p2a: Suicune|354\/404 slp|[from] Stealth Rock
|-ability|p2a: Suicune|Pressure
|turn|52
|c|âEmblema de Fuego|haha
|
|move|p1a: Seismitoad|Infestation|p2a: Suicune
|-damage|p2a: Suicune|343\/404 slp
|-activate|p2a: Suicune|move: Infestation|[of] p1a: Seismitoad
|cant|p2a: Suicune|slp
|move|p2a: Suicune|Sleep Talk|p2a: Suicune
|move|p2a: Suicune|Scald|p1a: Seismitoad|[from]Sleep Talk
|-heal|p1a: Seismitoad|276\/405|[from] ability: Water Absorb|[of] p2a: Suicune
|
|-heal|p1a: Seismitoad|301\/405|[from] item: Leftovers
|-heal|p2a: Suicune|368\/404 slp|[from] item: Leftovers
|-damage|p2a: Suicune|318\/404 slp|[from] move: Infestation|[partiallytrapped]
|turn|53
|
|-singleturn|p1a: Seismitoad|move: Focus Punch
|cant|p2a: Suicune|slp
|move|p2a: Suicune|Sleep Talk|p2a: Suicune
|move|p2a: Suicune|Calm Mind|p2a: Suicune|[from]Sleep Talk
|-boost|p2a: Suicune|spa|1
|-boost|p2a: Suicune|spd|1
|move|p1a: Seismitoad|Focus Punch|p2a: Suicune
|-damage|p2a: Suicune|238\/404 slp
|
|-heal|p1a: Seismitoad|326\/405|[from] item: Leftovers
|-heal|p2a: Suicune|263\/404 slp|[from] item: Leftovers
|-damage|p2a: Suicune|213\/404 slp|[from] move: Infestation|[partiallytrapped]
|turn|54
|
|-singleturn|p1a: Seismitoad|move: Focus Punch
|-curestatus|p2a: Suicune|slp
|move|p2a: Suicune|Rest|p2a: Suicune
|-status|p2a: Suicune|slp
|-heal|p2a: Suicune|404\/404 slp|[silent]
|-status|p2a: Suicune|slp|[from] move: Rest
|move|p1a: Seismitoad|Focus Punch|p2a: Suicune
|-damage|p2a: Suicune|331\/404 slp
|
|-heal|p1a: Seismitoad|351\/405|[from] item: Leftovers
|-heal|p2a: Suicune|356\/404 slp|[from] item: Leftovers
|-damage|p2a: Suicune|306\/404 slp|[from] move: Infestation|[partiallytrapped]
|turn|55
|c|âEmblema de Fuego|i have 28 focus
|c|âKruk|I have Pressure
|c|âEmblema de Fuego|26 infestations
|c|âKruk|I have Pressure
|
|move|p1a: Seismitoad|Infestation|p2a: Suicune
|-damage|p2a: Suicune|299\/404 slp
|cant|p2a: Suicune|slp
|move|p2a: Suicune|Sleep Talk|p2a: Suicune
|move|p2a: Suicune|Scald|p1a: Seismitoad|[from]Sleep Talk
|-heal|p1a: Seismitoad|405\/405|[from] ability: Water Absorb|[of] p2a: Suicune
|
|-heal|p2a: Suicune|324\/404 slp|[from] item: Leftovers
|-damage|p2a: Suicune|274\/404 slp|[from] move: Infestation|[partiallytrapped]
|turn|56
|c|âKruk|And i can wait 2 turns while sleeping
|c|âKruk|so lel
|
|move|p1a: Seismitoad|Infestation|p2a: Suicune
|-damage|p2a: Suicune|267\/404 slp
|cant|p2a: Suicune|slp
|move|p2a: Suicune|Sleep Talk|p2a: Suicune
|move|p2a: Suicune|Calm Mind|p2a: Suicune|[from]Sleep Talk
|-boost|p2a: Suicune|spa|1
|-boost|p2a: Suicune|spd|1
|
|-heal|p2a: Suicune|292\/404 slp|[from] item: Leftovers
|-damage|p2a: Suicune|242\/404 slp|[from] move: Infestation|[partiallytrapped]
|turn|57
|
|-singleturn|p1a: Seismitoad|move: Focus Punch
|-curestatus|p2a: Suicune|slp
|move|p2a: Suicune|Calm Mind|p2a: Suicune
|-boost|p2a: Suicune|spa|1
|-boost|p2a: Suicune|spd|1
|move|p1a: Seismitoad|Focus Punch|p2a: Suicune
|-damage|p2a: Suicune|169\/404
|
|-heal|p2a: Suicune|194\/404|[from] item: Leftovers
|-end|p2a: Suicune|Infestation|[partiallytrapped]
|turn|58
|
|move|p1a: Seismitoad|Infestation|p2a: Suicune
|-crit|p2a: Suicune
|-damage|p2a: Suicune|175\/404
|-activate|p2a: Suicune|move: Infestation|[of] p1a: Seismitoad
|move|p2a: Suicune|Rest|p2a: Suicune
|-status|p2a: Suicune|slp
|-heal|p2a: Suicune|404\/404 slp|[silent]
|-status|p2a: Suicune|slp|[from] move: Rest
|
|-damage|p2a: Suicune|354\/404 slp|[from] move: Infestation|[partiallytrapped]
|turn|59
|
|-singleturn|p1a: Seismitoad|move: Focus Punch
|cant|p2a: Suicune|slp
|move|p1a: Seismitoad|Focus Punch|p2a: Suicune
|-damage|p2a: Suicune|284\/404 slp
|
|-heal|p2a: Suicune|309\/404 slp|[from] item: Leftovers
|-damage|p2a: Suicune|259\/404 slp|[from] move: Infestation|[partiallytrapped]
|turn|60
|
|move|p1a: Seismitoad|Earthquake|p2a: Suicune
|-damage|p2a: Suicune|190\/404 slp
|cant|p2a: Suicune|slp
|
|-heal|p2a: Suicune|215\/404 slp|[from] item: Leftovers
|-damage|p2a: Suicune|165\/404 slp|[from] move: Infestation|[partiallytrapped]
|turn|61
|
|move|p1a: Seismitoad|Substitute|p1a: Seismitoad
|-fail|p1a: Seismitoad|move: Substitute
|-curestatus|p2a: Suicune|slp
|move|p2a: Suicune|Rest|p2a: Suicune
|-status|p2a: Suicune|slp
|-heal|p2a: Suicune|404\/404 slp|[silent]
|-status|p2a: Suicune|slp|[from] move: Rest
|
|-damage|p2a: Suicune|354\/404 slp|[from] move: Infestation|[partiallytrapped]
|turn|62
|
|-singleturn|p1a: Seismitoad|move: Focus Punch
|cant|p2a: Suicune|slp
|move|p1a: Seismitoad|Focus Punch|p2a: Suicune
|-damage|p2a: Suicune|277\/404 slp
|
|-heal|p2a: Suicune|302\/404 slp|[from] item: Leftovers
|-end|p2a: Suicune|Infestation|[partiallytrapped]
|turn|63
|
|-singleturn|p1a: Seismitoad|move: Focus Punch
|cant|p2a: Suicune|slp
|move|p1a: Seismitoad|Focus Punch|p2a: Suicune
|-damage|p2a: Suicune|223\/404 slp
|
|-heal|p2a: Suicune|248\/404 slp|[from] item: Leftovers
|turn|64
|
|move|p1a: Seismitoad|Infestation|p2a: Suicune
|-damage|p2a: Suicune|243\/404 slp
|-activate|p2a: Suicune|move: Infestation|[of] p1a: Seismitoad
|-curestatus|p2a: Suicune|slp
|move|p2a: Suicune|Calm Mind|p2a: Suicune
|-boost|p2a: Suicune|spa|1
|-boost|p2a: Suicune|spd|1
|
|-heal|p2a: Suicune|268\/404|[from] item: Leftovers
|-damage|p2a: Suicune|218\/404|[from] move: Infestation|[partiallytrapped]
|turn|65
|
|switch|p1a: 5|Fletchinder, F, shiny|248\/327
|-damage|p1a: 5|85\/327|[from] Stealth Rock
|move|p2a: Suicune|Rest|p2a: Suicune
|-status|p2a: Suicune|slp
|-heal|p2a: Suicune|404\/404 slp|[silent]
|-status|p2a: Suicune|slp|[from] move: Rest
|
|-end|p2a: Suicune|Infestation|[partiallytrapped]
|turn|66
|c|âEmblema de Fuego|ok luck
|
|cant|p2a: Suicune|slp
|move|p2a: Suicune|Sleep Talk|p2a: Suicune
|move|p2a: Suicune|Scald|p1a: 5|[from]Sleep Talk
|-supereffective|p1a: 5
|-damage|p1a: 5|0 fnt
|faint|p1a: 5
|
|c|âKruk|?
|c|âEmblema de Fuego|shit
|c|âEmblema de Fuego|2 turns
|c|âEmblema de Fuego|to sd and hit hard
|
|switch|p1a: Seismitoad|Seismitoad, F|405\/405
|-damage|p1a: Seismitoad|380\/405|[from] Stealth Rock
|turn|67
|c|âKruk|ah
|c|âKruk|nice try
|c|âEmblema de Fuego|fuck
|c|âEmblema de Fuego|33%
|
|move|p1a: Seismitoad|Infestation|p2a: Suicune
|-damage|p2a: Suicune|399\/404 slp
|-activate|p2a: Suicune|move: Infestation|[of] p1a: Seismitoad
|cant|p2a: Suicune|slp
|
|-heal|p1a: Seismitoad|405\/405|[from] item: Leftovers
|-heal|p2a: Suicune|404\/404 slp|[from] item: Leftovers
|-damage|p2a: Suicune|354\/404 slp|[from] move: Infestation|[partiallytrapped]
|turn|68
|
|move|p1a: Seismitoad|Substitute|p1a: Seismitoad
|-start|p1a: Seismitoad|Substitute
|-damage|p1a: Seismitoad|304\/405
|-curestatus|p2a: Suicune|slp
|move|p2a: Suicune|Calm Mind|p2a: Suicune
|-boost|p2a: Suicune|spa|1
|-boost|p2a: Suicune|spd|1
|
|-heal|p1a: Seismitoad|329\/405|[from] item: Leftovers
|-heal|p2a: Suicune|379\/404|[from] item: Leftovers
|-damage|p2a: Suicune|329\/404|[from] move: Infestation|[partiallytrapped]
|turn|69
|
|move|p1a: Seismitoad|Earthquake|p2a: Suicune
|-damage|p2a: Suicune|256\/404
|move|p2a: Suicune|Calm Mind|p2a: Suicune
|-boost|p2a: Suicune|spa|1
|-boost|p2a: Suicune|spd|1
|
|-heal|p1a: Seismitoad|354\/405|[from] item: Leftovers
|-heal|p2a: Suicune|281\/404|[from] item: Leftovers
|-damage|p2a: Suicune|231\/404|[from] move: Infestation|[partiallytrapped]
|turn|70
|
|-singleturn|p1a: Seismitoad|move: Focus Punch
|move|p2a: Suicune|Rest|p2a: Suicune
|-status|p2a: Suicune|slp
|-heal|p2a: Suicune|404\/404 slp|[silent]
|-status|p2a: Suicune|slp|[from] move: Rest
|move|p1a: Seismitoad|Focus Punch|p2a: Suicune
|-damage|p2a: Suicune|333\/404 slp
|
|-heal|p1a: Seismitoad|379\/405|[from] item: Leftovers
|-heal|p2a: Suicune|358\/404 slp|[from] item: Leftovers
|-damage|p2a: Suicune|308\/404 slp|[from] move: Infestation|[partiallytrapped]
|turn|71
|
|move|p1a: Seismitoad|Earthquake|p2a: Suicune
|-damage|p2a: Suicune|236\/404 slp
|cant|p2a: Suicune|slp
|
|-heal|p1a: Seismitoad|404\/405|[from] item: Leftovers
|-heal|p2a: Suicune|261\/404 slp|[from] item: Leftovers
|-end|p2a: Suicune|Infestation|[partiallytrapped]
|turn|72
|
|move|p1a: Seismitoad|Infestation|p2a: Suicune
|-damage|p2a: Suicune|258\/404 slp
|-activate|p2a: Suicune|move: Infestation|[of] p1a: Seismitoad
|cant|p2a: Suicune|slp
|
|-heal|p1a: Seismitoad|405\/405|[from] item: Leftovers
|-heal|p2a: Suicune|283\/404 slp|[from] item: Leftovers
|-damage|p2a: Suicune|233\/404 slp|[from] move: Infestation|[partiallytrapped]
|turn|73
|
|-singleturn|p1a: Seismitoad|move: Focus Punch
|-curestatus|p2a: Suicune|slp
|move|p2a: Suicune|Rest|p2a: Suicune
|-status|p2a: Suicune|slp
|-heal|p2a: Suicune|404\/404 slp|[silent]
|-status|p2a: Suicune|slp|[from] move: Rest
|move|p1a: Seismitoad|Focus Punch|p2a: Suicune
|-damage|p2a: Suicune|335\/404 slp
|
|-heal|p2a: Suicune|360\/404 slp|[from] item: Leftovers
|-damage|p2a: Suicune|310\/404 slp|[from] move: Infestation|[partiallytrapped]
|turn|74
|
|move|p1a: Seismitoad|Substitute|p1a: Seismitoad
|-fail|p1a: Seismitoad|move: Substitute
|cant|p2a: Suicune|slp
|
|-heal|p2a: Suicune|335\/404 slp|[from] item: Leftovers
|-damage|p2a: Suicune|285\/404 slp|[from] move: Infestation|[partiallytrapped]
|turn|75
|
|move|p1a: Seismitoad|Infestation|p2a: Suicune
|-damage|p2a: Suicune|282\/404 slp
|cant|p2a: Suicune|slp
|
|-heal|p2a: Suicune|307\/404 slp|[from] item: Leftovers
|-damage|p2a: Suicune|257\/404 slp|[from] move: Infestation|[partiallytrapped]
|turn|76
|
|move|p1a: Seismitoad|Infestation|p2a: Suicune
|-damage|p2a: Suicune|254\/404 slp
|-curestatus|p2a: Suicune|slp
|move|p2a: Suicune|Calm Mind|p2a: Suicune
|-fail|p2a: Suicune
|
|-heal|p2a: Suicune|279\/404|[from] item: Leftovers
|-damage|p2a: Suicune|229\/404|[from] move: Infestation|[partiallytrapped]
|turn|77
|
|move|p1a: Seismitoad|Earthquake|p2a: Suicune
|-damage|p2a: Suicune|153\/404
|move|p2a: Suicune|Sleep Talk|p2a: Suicune
|-fail|p2a: Suicune
|
|-heal|p2a: Suicune|178\/404|[from] item: Leftovers
|-end|p2a: Suicune|Infestation|[partiallytrapped]
|turn|78
|
|move|p1a: Seismitoad|Earthquake|p2a: Suicune
|-damage|p2a: Suicune|97\/404
|move|p2a: Suicune|Rest|p2a: Suicune
|-status|p2a: Suicune|slp
|-heal|p2a: Suicune|404\/404 slp|[silent]
|-status|p2a: Suicune|slp|[from] move: Rest
|
|turn|79
|
|move|p1a: Seismitoad|Substitute|p1a: Seismitoad
|-fail|p1a: Seismitoad|move: Substitute
|cant|p2a: Suicune|slp
|
|turn|80
|
|move|p1a: Seismitoad|Earthquake|p2a: Suicune
|-damage|p2a: Suicune|335\/404 slp
|cant|p2a: Suicune|slp
|
|-heal|p2a: Suicune|360\/404 slp|[from] item: Leftovers
|turn|81
|
|move|p1a: Seismitoad|Substitute|p1a: Seismitoad
|-fail|p1a: Seismitoad|move: Substitute
|-curestatus|p2a: Suicune|slp
|move|p2a: Suicune|Sleep Talk|p2a: Suicune
|-fail|p2a: Suicune
|
|-heal|p2a: Suicune|385\/404|[from] item: Leftovers
|turn|82
|
|move|p1a: Seismitoad|Substitute|p1a: Seismitoad
|-fail|p1a: Seismitoad|move: Substitute
|move|p2a: Suicune|Sleep Talk|p2a: Suicune
|-fail|p2a: Suicune
|
|-heal|p2a: Suicune|404\/404|[from] item: Leftovers
|turn|83
|c|âEmblema de Fuego|i think but is to late
|
|move|p1a: Seismitoad|Substitute|p1a: Seismitoad
|-fail|p1a: Seismitoad|move: Substitute
|move|p2a: Suicune|Sleep Talk|p2a: Suicune
|-fail|p2a: Suicune
|
|turn|84
|c|âEmblema de Fuego|better dont atack
|
|move|p1a: Seismitoad|Substitute|p1a: Seismitoad
|-fail|p1a: Seismitoad|move: Substitute
|move|p2a: Suicune|Sleep Talk|p2a: Suicune
|-fail|p2a: Suicune
|
|turn|85
|c|âEmblema de Fuego|you wasted the atacks to and cant sleep
|
|move|p1a: Seismitoad|Substitute|p1a: Seismitoad
|-fail|p1a: Seismitoad|move: Substitute
|move|p2a: Suicune|Sleep Talk|p2a: Suicune
|-fail|p2a: Suicune
|
|turn|86
|c|âKruk|?
|
|move|p1a: Seismitoad|Infestation|p2a: Suicune
|-crit|p2a: Suicune
|-damage|p2a: Suicune|387\/404
|-activate|p2a: Suicune|move: Infestation|[of] p1a: Seismitoad
|move|p2a: Suicune|Sleep Talk|p2a: Suicune
|-fail|p2a: Suicune
|
|-heal|p2a: Suicune|404\/404|[from] item: Leftovers
|-damage|p2a: Suicune|354\/404|[from] move: Infestation|[partiallytrapped]
|turn|87
|c|âKruk|don't understand xD
|
|move|p1a: Seismitoad|Infestation|p2a: Suicune
|-damage|p2a: Suicune|351\/404
|move|p2a: Suicune|Sleep Talk|p2a: Suicune
|-fail|p2a: Suicune
|
|-heal|p2a: Suicune|376\/404|[from] item: Leftovers
|-damage|p2a: Suicune|326\/404|[from] move: Infestation|[partiallytrapped]
|turn|88
|c|âKruk|got Shaymin anyway
|c|âEmblema de Fuego|if you have a maximum life you can not sleep and you have to spend the movements
|
|-singleturn|p1a: Seismitoad|move: Focus Punch
|move|p2a: Suicune|Sleep Talk|p2a: Suicune
|-fail|p2a: Suicune
|move|p1a: Seismitoad|Focus Punch|p2a: Suicune
|-damage|p2a: Suicune|246\/404
|
|-heal|p2a: Suicune|271\/404|[from] item: Leftovers
|-damage|p2a: Suicune|221\/404|[from] move: Infestation|[partiallytrapped]
|turn|89
|c|âKruk|ah
|
|-singleturn|p1a: Seismitoad|move: Focus Punch
|move|p2a: Suicune|Sleep Talk|p2a: Suicune
|-fail|p2a: Suicune
|move|p1a: Seismitoad|Focus Punch|p2a: Suicune
|-damage|p2a: Suicune|151\/404
|
|-heal|p2a: Suicune|176\/404|[from] item: Leftovers
|-damage|p2a: Suicune|126\/404|[from] move: Infestation|[partiallytrapped]
|turn|90
|c|âKruk|ok
|c|âEmblema de Fuego|to late XD
|c|âEmblema de Fuego|i spend all XD
|
|-singleturn|p1a: Seismitoad|move: Focus Punch
|move|p2a: Suicune|Rest|p2a: Suicune
|-status|p2a: Suicune|slp
|-heal|p2a: Suicune|404\/404 slp|[silent]
|-status|p2a: Suicune|slp|[from] move: Rest
|move|p1a: Seismitoad|Focus Punch|p2a: Suicune
|-damage|p2a: Suicune|324\/404 slp
|
|-heal|p2a: Suicune|349\/404 slp|[from] item: Leftovers
|-damage|p2a: Suicune|299\/404 slp|[from] move: Infestation|[partiallytrapped]
|turn|91
|
|-singleturn|p1a: Seismitoad|move: Focus Punch
|cant|p2a: Suicune|slp
|move|p1a: Seismitoad|Focus Punch|p2a: Suicune
|-damage|p2a: Suicune|230\/404 slp
|
|-heal|p2a: Suicune|255\/404 slp|[from] item: Leftovers
|-end|p2a: Suicune|Infestation|[partiallytrapped]
|turn|92
|
|-singleturn|p1a: Seismitoad|move: Focus Punch
|cant|p2a: Suicune|slp
|move|p1a: Seismitoad|Focus Punch|p2a: Suicune
|-damage|p2a: Suicune|183\/404 slp
|
|-heal|p2a: Suicune|208\/404 slp|[from] item: Leftovers
|turn|93
|c|âEmblema de Fuego|gg
|
|-singleturn|p1a: Seismitoad|move: Focus Punch
|-curestatus|p2a: Suicune|slp
|move|p2a: Suicune|Rest|p2a: Suicune
|-status|p2a: Suicune|slp
|-heal|p2a: Suicune|404\/404 slp|[silent]
|-status|p2a: Suicune|slp|[from] move: Rest
|move|p1a: Seismitoad|Focus Punch|p2a: Suicune
|-damage|p2a: Suicune|329\/404 slp
|
|-heal|p2a: Suicune|354\/404 slp|[from] item: Leftovers
|turn|94
|c|âKruk|gg
|c|âEmblema de Fuego|My Toad is anty stall
|c|âEmblema de Fuego|but presure fuckme
|c|âKruk|yup xD
|c|âEmblema de Fuego|the nex time i showld move better
|
|move|p1a: Seismitoad|Infestation|p2a: Suicune
|-damage|p2a: Suicune|351\/404 slp
|-activate|p2a: Suicune|move: Infestation|[of] p1a: Seismitoad
|cant|p2a: Suicune|slp
|
|-heal|p2a: Suicune|376\/404 slp|[from] item: Leftovers
|-damage|p2a: Suicune|326\/404 slp|[from] move: Infestation|[partiallytrapped]
|turn|95
|c|âEmblema de Fuego|how many moves lefts you
|c|âEmblema de Fuego|?
|c|âKruk|anyway with Shaymin i don't think you coulg have win
|c|âEmblema de Fuego|i have foeltchinder
|c|âKruk|26 CM 21 Scald 1 Sleep Talk 6 Rests
|c|âEmblema de Fuego|but i suicide XD
|c|âEmblema de Fuego|ufff
|
|move|p1a: Seismitoad|Infestation|p2a: Suicune
|-damage|p2a: Suicune|323\/404 slp
|cant|p2a: Suicune|slp
|
|-heal|p2a: Suicune|348\/404 slp|[from] item: Leftovers
|-damage|p2a: Suicune|298\/404 slp|[from] move: Infestation|[partiallytrapped]
|turn|96
|
|-singleturn|p1a: Seismitoad|move: Focus Punch
|-curestatus|p2a: Suicune|slp
|move|p2a: Suicune|Calm Mind|p2a: Suicune
|-fail|p2a: Suicune
|move|p1a: Seismitoad|Focus Punch|p2a: Suicune
|-damage|p2a: Suicune|227\/404
|
|-heal|p2a: Suicune|252\/404|[from] item: Leftovers
|-damage|p2a: Suicune|202\/404|[from] move: Infestation|[partiallytrapped]
|turn|97
|
|move|p1a: Seismitoad|Infestation|p2a: Suicune
|-damage|p2a: Suicune|199\/404
|move|p2a: Suicune|Rest|p2a: Suicune
|-status|p2a: Suicune|slp
|-heal|p2a: Suicune|404\/404 slp|[silent]
|-status|p2a: Suicune|slp|[from] move: Rest
|
|-damage|p2a: Suicune|354\/404 slp|[from] move: Infestation|[partiallytrapped]
|turn|98
|c|âEmblema de Fuego|is my last move
|
|move|p1a: Seismitoad|Struggle|p2a: Suicune
|-damage|p2a: Suicune|328\/404 slp
|-damage|p1a: Seismitoad|304\/405
|cant|p2a: Suicune|slp
|
|-heal|p1a: Seismitoad|329\/405|[from] item: Leftovers
|-heal|p2a: Suicune|353\/404 slp|[from] item: Leftovers
|-end|p2a: Suicune|Infestation|[partiallytrapped]
|turn|99
|c|âKruk|:b
|
|move|p1a: Seismitoad|Struggle|p2a: Suicune
|-damage|p2a: Suicune|327\/404 slp
|-damage|p1a: Seismitoad|228\/405
|cant|p2a: Suicune|slp
|
|-heal|p1a: Seismitoad|253\/405|[from] item: Leftovers
|-heal|p2a: Suicune|352\/404 slp|[from] item: Leftovers
|turn|100
|c|âKruk|i can heal you
|c|âKruk|xD
|c|âEmblema de Fuego|Shaymin only seed flare?
|c|âKruk|yup
|
|move|p1a: Seismitoad|Struggle|p2a: Suicune
|-damage|p2a: Suicune|327\/404 slp
|-damage|p1a: Seismitoad|152\/405
|-curestatus|p2a: Suicune|slp
|move|p2a: Suicune|Calm Mind|p2a: Suicune
|-fail|p2a: Suicune
|
|-heal|p1a: Seismitoad|177\/405|[from] item: Leftovers
|-heal|p2a: Suicune|352\/404|[from] item: Leftovers
|turn|101
|c|âEmblema de Fuego|ok gg
|c|âKruk|gg
|
|move|p1a: Seismitoad|Struggle|p2a: Suicune
|-damage|p2a: Suicune|327\/404
|-damage|p1a: Seismitoad|76\/405
|move|p2a: Suicune|Calm Mind|p2a: Suicune
|-fail|p2a: Suicune
|
|-heal|p1a: Seismitoad|101\/405|[from] item: Leftovers
|-heal|p2a: Suicune|352\/404|[from] item: Leftovers
|turn|102
|
|move|p1a: Seismitoad|Struggle|p2a: Suicune
|-damage|p2a: Suicune|327\/404
|-damage|p1a: Seismitoad|0 fnt
|faint|p1a: Seismitoad
|
|win|Kruk
|raw|Ladder updating...
|raw|Emblema de Fuego's rating: 1472 &rarr; <strong>1447<\/strong><br \/>(-25 for losing)
|raw|Kruk's rating: 1376 &rarr; <strong>1402<\/strong><br \/>(+26 for winning)
|leave|Kruk
|player|p2