|join|lolaltsareweird
|join|Ace-11
|join|XyloPhobia
lolaltsareweird set modjoin to ~.
|raw|<div class="broadcast-red"><b>Moderated chat was set to +!<\/b><br \/>Only users of rank + and higher can talk.<\/div>
lolaltsareweird made this room hidden.
|player|p1|lolaltsareweird|34
|player|p2|Ace-11|218
|gametype|singles
|gen|5
|tier|[Gen 5] OU
|rule|Evasion Abilities Clause: Evasion abilities are banned
|clearpoke
|poke|p1|Garchomp, F
|poke|p1|Starmie
|poke|p1|Dragonite, M
|poke|p1|Jirachi
|poke|p1|Latios, M
|poke|p1|Landorus-Therian, M
|poke|p2|Bisharp, F
|poke|p2|Rotom-Wash
|poke|p2|Gliscor, M
|poke|p2|Magnezone
|poke|p2|Skarmory, F
|poke|p2|Keldeo-Resolute
|rule|Sleep Clause Mod: Limit one foe put to sleep
|rule|Species Clause: Limit one of each PokÃ©mon
|rule|OHKO Clause: OHKO moves are banned
|rule|Moody Clause: Moody is banned
|rule|Evasion Moves Clause: Evasion moves are banned
|rule|Endless Battle Clause: Forcing endless battles is banned
|rule|HP Percentage Mod: HP is shown in percentages
|teampreview
|leave|XyloPhobia
|c|âAce-11|why modchat?
|
|start
|switch|p1a: CHOMPER|Garchomp, F|373\/373
|switch|p2a: MyLittleBitch|Keldeo-Resolute|324\/324
|turn|1
|
|move|p2a: MyLittleBitch|Scald|p1a: CHOMPER
|-crit|p1a: CHOMPER
|-damage|p1a: CHOMPER|30\/373
|move|p1a: CHOMPER|Outrage|p2a: MyLittleBitch
|-damage|p2a: MyLittleBitch|86\/324
|
|turn|2
|
|move|p2a: MyLittleBitch|Scald|p1a: CHOMPER
|-damage|p1a: CHOMPER|0 fnt
|faint|p1a: CHOMPER
|
|
|switch|p1a: Dr Ciel|Starmie|261\/261
|turn|3
|
|switch|p2a: Bath Time|Rotom-Wash|303\/303
|move|p1a: Dr Ciel|Hydro Pump|p2a: Bath Time
|-resisted|p2a: Bath Time
|-damage|p2a: Bath Time|198\/303
|-damage|p1a: Dr Ciel|235\/261|[from] item: Life Orb
|
|-heal|p2a: Bath Time|216\/303|[from] item: Leftovers
|turn|4
|
|switch|p1a: Nachos|Latios, M|304\/304
|move|p2a: Bath Time|Volt Switch|p1a: Nachos
|-resisted|p1a: Nachos
|-damage|p1a: Nachos|263\/304
|
|switch|p2a: Bisharp|Bisharp, F|333\/333
|
|turn|5
|
|move|p1a: Nachos|Hidden Power|p2a: Bisharp
|-supereffective|p2a: Bisharp
|-damage|p2a: Bisharp|64\/333
|move|p2a: Bisharp|Night Slash|p1a: Nachos
|-supereffective|p1a: Nachos
|-damage|p1a: Nachos|0 fnt
|faint|p1a: Nachos
|
|
|switch|p1a: NANAR|Dragonite, M|338\/338
|turn|6
|
|move|p1a: NANAR|Extreme Speed|p2a: Bisharp
|-resisted|p2a: Bisharp
|-damage|p2a: Bisharp|0 fnt
|faint|p2a: Bisharp
|
|
|switch|p2a: Kyle's BFF|Gliscor, M|354\/354
|turn|7
|
|switch|p1a: Jirachee|Jirachi|353\/353
|move|p2a: Kyle's BFF|Toxic|p1a: Jirachee|[miss]
|-miss|p2a: Kyle's BFF|p1a: Jirachee
|
|-status|p2a: Kyle's BFF|tox|[from] item: Toxic Orb
|turn|8
|
|move|p1a: Jirachee|Ice Punch|p2a: Kyle's BFF
|-supereffective|p2a: Kyle's BFF
|-damage|p2a: Kyle's BFF|94\/354 tox
|move|p2a: Kyle's BFF|Stealth Rock|p1a: Jirachee
|-sidestart|p1: lolaltsareweird|move: Stealth Rock
|
|-heal|p2a: Kyle's BFF|138\/354 tox|[from] ability: Poison Heal
|turn|9
|
|switch|p1a: Dr Ciel|Starmie|235\/261
|-damage|p1a: Dr Ciel|203\/261|[from] Stealth Rock
|move|p2a: Kyle's BFF|Protect|p2a: Kyle's BFF
|-fail|p2a: Kyle's BFF
|
|-heal|p2a: Kyle's BFF|182\/354 tox|[from] ability: Poison Heal
|turn|10
|
|move|p2a: Kyle's BFF|Protect|p2a: Kyle's BFF
|-singleturn|p2a: Kyle's BFF|Protect
|move|p1a: Dr Ciel|Rapid Spin|p2a: Kyle's BFF
|-activate|p2a: Kyle's BFF|Protect
|
|-heal|p2a: Kyle's BFF|226\/354 tox|[from] ability: Poison Heal
|turn|11
|
|switch|p2a: Bath Time|Rotom-Wash|216\/303
|move|p1a: Dr Ciel|Hydro Pump|p2a: Bath Time
|-crit|p2a: Bath Time
|-resisted|p2a: Bath Time
|-damage|p2a: Bath Time|21\/303
|-damage|p1a: Dr Ciel|177\/261|[from] item: Life Orb
|
|-heal|p2a: Bath Time|39\/303|[from] item: Leftovers
|turn|12
|
|move|p1a: Dr Ciel|Ice Beam|p2a: Bath Time
|-resisted|p2a: Bath Time
|-damage|p2a: Bath Time|0 fnt
|-damage|p1a: Dr Ciel|151\/261|[from] item: Life Orb
|faint|p2a: Bath Time
|
|
|switch|p2a: Swagnezone|Magnezone|325\/325
|turn|13
|
|switch|p1a: GGolbat|Landorus-Therian, M|381\/381
|-damage|p1a: GGolbat|334\/381|[from] Stealth Rock
|-ability|p1a: GGolbat|Intimidate|[of] p2a: Swagnezone
|-unboost|p2a: Swagnezone|atk|1
|move|p2a: Swagnezone|Flash Cannon|p1a: GGolbat
|-damage|p1a: GGolbat|67\/381
|
|-heal|p1a: GGolbat|90\/381|[from] item: Leftovers
|turn|14
|
|switch|p2a: Battle Armor|Skarmory, F|334\/334
|move|p1a: GGolbat|Earthquake|p2a: Battle Armor
|-immune|p2a: Battle Armor|[msg]
|
|-heal|p1a: GGolbat|113\/381|[from] item: Leftovers
|turn|15
|
|move|p1a: GGolbat|Swords Dance|p1a: GGolbat
|-boost|p1a: GGolbat|atk|2
|move|p2a: Battle Armor|Spikes|p1a: GGolbat
|-sidestart|p1: lolaltsareweird|Spikes
|
|-heal|p1a: GGolbat|136\/381|[from] item: Leftovers
|turn|16
|
|move|p1a: GGolbat|Stone Edge|p2a: Battle Armor
|-damage|p2a: Battle Armor|190\/334
|move|p2a: Battle Armor|Spikes|p1a: GGolbat
|-sidestart|p1: lolaltsareweird|Spikes
|
|-heal|p1a: GGolbat|159\/381|[from] item: Leftovers
|-heal|p2a: Battle Armor|210\/334|[from] item: Leftovers
|turn|17
|
|move|p1a: GGolbat|Swords Dance|p1a: GGolbat
|-boost|p1a: GGolbat|atk|2
|move|p2a: Battle Armor|Roost|p2a: Battle Armor
|-heal|p2a: Battle Armor|334\/334
|
|-heal|p1a: GGolbat|182\/381|[from] item: Leftovers
|turn|18
|
|move|p1a: GGolbat|Stone Edge|p2a: Battle Armor
|-damage|p2a: Battle Armor|110\/334
|move|p2a: Battle Armor|Spikes|p1a: GGolbat
|-sidestart|p1: lolaltsareweird|Spikes
|
|-heal|p1a: GGolbat|205\/381|[from] item: Leftovers
|-heal|p2a: Battle Armor|130\/334|[from] item: Leftovers
|turn|19
|
|move|p1a: GGolbat|Rock Polish|p1a: GGolbat
|-boost|p1a: GGolbat|spe|2
|move|p2a: Battle Armor|Roost|p2a: Battle Armor
|-heal|p2a: Battle Armor|297\/334
|
|-heal|p1a: GGolbat|228\/381|[from] item: Leftovers
|-heal|p2a: Battle Armor|317\/334|[from] item: Leftovers
|turn|20
|
|move|p1a: GGolbat|Stone Edge|p2a: Battle Armor|[miss]
|-miss|p1a: GGolbat|p2a: Battle Armor
|move|p2a: Battle Armor|Brave Bird|p1a: GGolbat
|-damage|p1a: GGolbat|114\/381
|-damage|p2a: Battle Armor|279\/334|[from] recoil|[of] p1a: GGolbat
|
|-heal|p1a: GGolbat|137\/381|[from] item: Leftovers
|-heal|p2a: Battle Armor|299\/334|[from] item: Leftovers
|turn|21
|
|move|p1a: GGolbat|Stone Edge|p2a: Battle Armor
|-damage|p2a: Battle Armor|104\/334
|move|p2a: Battle Armor|Brave Bird|p1a: GGolbat
|-damage|p1a: GGolbat|31\/381
|-damage|p2a: Battle Armor|69\/334|[from] recoil|[of] p1a: GGolbat
|
|-heal|p1a: GGolbat|54\/381|[from] item: Leftovers
|-heal|p2a: Battle Armor|89\/334|[from] item: Leftovers
|turn|22
|
|move|p1a: GGolbat|Stone Edge|p2a: Battle Armor
|-damage|p2a: Battle Armor|0 fnt
|faint|p2a: Battle Armor
|
|-heal|p1a: GGolbat|77\/381|[from] item: Leftovers
|
|switch|p2a: Kyle's BFF|Gliscor, M|226\/354 tox
|turn|23
|
|move|p1a: GGolbat|Swords Dance|p1a: GGolbat
|-boost|p1a: GGolbat|atk|2
|move|p2a: Kyle's BFF|Toxic|p1a: GGolbat
|-status|p1a: GGolbat|tox
|
|-heal|p1a: GGolbat|100\/381 tox|[from] item: Leftovers
|-damage|p1a: GGolbat|77\/381 tox|[from] psn
|-heal|p2a: Kyle's BFF|270\/354 tox|[from] ability: Poison Heal
|turn|24
|c|âAce-11|u chocked
|
|move|p2a: Kyle's BFF|Protect|p2a: Kyle's BFF
|-singleturn|p2a: Kyle's BFF|Protect
|move|p1a: GGolbat|Stone Edge|p2a: Kyle's BFF
|-activate|p2a: Kyle's BFF|Protect
|
|-heal|p1a: GGolbat|100\/381 tox|[from] item: Leftovers
|-damage|p1a: GGolbat|54\/381 tox|[from] psn
|-heal|p2a: Kyle's BFF|314\/354 tox|[from] ability: Poison Heal
|turn|25
|c|âlolaltsareweird|good 4 u
|c|âAce-11|i didnt do anything
|
|switch|p2a: Swagnezone|Magnezone|325\/325
|move|p1a: GGolbat|Stone Edge|p2a: Swagnezone|[miss]
|-miss|p1a: GGolbat|p2a: Swagnezone
|
|-heal|p1a: GGolbat|77\/381 tox|[from] item: Leftovers
|-damage|p1a: GGolbat|8\/381 tox|[from] psn
|turn|26
|c|âlolaltsareweird|k
|c|âAce-11|hit me
|
|move|p1a: GGolbat|Stone Edge|p2a: Swagnezone
|-resisted|p2a: Swagnezone
|-damage|p2a: Swagnezone|111\/325
|move|p2a: Swagnezone|Flash Cannon|p1a: GGolbat
|-damage|p1a: GGolbat|0 fnt
|faint|p1a: GGolbat
|
|c|âAce-11|man stop chocking
|c|âlolaltsareweird|lol
|c|âAce-11|i dont even predict
|c|âlolaltsareweird|nice
|c|âAce-11|what r u doing?
|
|switch|p1a: NANAR|Dragonite, M|338\/338
|-damage|p1a: NANAR|254\/338|[from] Stealth Rock
|turn|27
|c|âlolaltsareweird|im
|c|âlolaltsareweird|choking
|c|âlolaltsareweird|zzz
|c|âlolaltsareweird|i obv know
|c|âlolaltsareweird|what im doing
|c|âAce-11|ok
|
|move|p1a: NANAR|Fire Punch|p2a: Swagnezone
|-supereffective|p2a: Swagnezone
|-damage|p2a: Swagnezone|0 fnt
|faint|p2a: Swagnezone
|
|
|switch|p2a: Kyle's BFF|Gliscor, M|314\/354 tox
|turn|28
|
|switch|p1a: Jirachee|Jirachi|353\/353
|-damage|p1a: Jirachee|331\/353|[from] Stealth Rock
|-damage|p1a: Jirachee|243\/353|[from] Spikes
|move|p2a: Kyle's BFF|Earthquake|p1a: Jirachee
|-supereffective|p1a: Jirachee
|-damage|p1a: Jirachee|0 fnt
|faint|p1a: Jirachee
|
|-heal|p2a: Kyle's BFF|354\/354 tox|[from] ability: Poison Heal
|c|âAce-11|yes!
|
|switch|p1a: Dr Ciel|Starmie|151\/261
|-damage|p1a: Dr Ciel|119\/261|[from] Stealth Rock
|-damage|p1a: Dr Ciel|54\/261|[from] Spikes
|turn|29
|
|move|p2a: Kyle's BFF|Protect|p2a: Kyle's BFF
|-singleturn|p2a: Kyle's BFF|Protect
|move|p1a: Dr Ciel|Ice Beam|p2a: Kyle's BFF
|-activate|p2a: Kyle's BFF|Protect
|
|turn|30
|-message|Ace-11 lost due to inactivity.
|c|âlolaltsareweird|hahahahah you lost you r a noob ur bad lololol u suck hahaha smd bend over 420 blaze it get rekt hehehe bwoiii u lost to timer hehe nerd you talked smack and lost loool
|c|âAce-11|what!
|
|switch|p2a: MyLittleBitch|Keldeo-Resolute|86\/324
|move|p1a: Dr Ciel|Ice Beam|p2a: MyLittleBitch
|-resisted|p2a: MyLittleBitch
|-damage|p2a: MyLittleBitch|0 fnt
|-damage|p1a: Dr Ciel|28\/261|[from] item: Life Orb
|faint|p2a: MyLittleBitch
|
|c|âlolaltsareweird|get
|
|win|lolaltsareweird
|c|âlolaltsareweird|destroyed
|c|âlolaltsareweird|fren
|c|âlolaltsareweird|jk ily
|c|âAce-11|gay stuff
|c|âlolaltsareweird|lol
|c|âlolaltsareweird|dw
|c|âlolaltsareweird|ily
|c|âAce-11|sd skarmory,ebola in doritos
|c|âAce-11|9+10
|leave|Ace-11