|join|jay29
|join|Ace-11
|player|p1|jay29|293
|player|p2|Ace-11|218
|gametype|singles
|gen|6
|tier|OU
|clearpoke
|poke|p1|Breloom, F
|poke|p1|Metagross
|poke|p1|Clefable, F
|poke|p1|Rotom-Wash
|poke|p1|Ferrothorn, M
|poke|p1|Chansey, F
|poke|p2|Metagross
|poke|p2|Rotom-Wash
|poke|p2|Gliscor, F
|poke|p2|Magnezone
|poke|p2|Skarmory, M
|poke|p2|Keldeo-Resolute
|rule|Swagger Clause: Swagger is banned
|rule|Baton Pass Clause: Limit one PokÃ©mon knowing Baton Pass
|rule|Sleep Clause Mod: Limit one foe put to sleep
|rule|Species Clause: Limit one of each PokÃ©mon
|rule|OHKO Clause: OHKO moves are banned
|rule|Moody Clause: Moody is banned
|rule|Evasion Moves Clause: Evasion moves are banned
|rule|Endless Battle Clause: Forcing endless battles is banned
|rule|HP Percentage Mod: HP is shown in percentages
|teampreview
|join|Silver Falco
|join|NightISkye
|join|MysteryTan
|c|âjay29|gl
|join|Hyuhy
|join|perropoya
|c|âAce-11|u2
|join|Korra Asami
|join|Bloodz
|
|start
|switch|p1a: Breloom|Breloom, F|262\/262
|switch|p2a: Kyle's BFF|Gliscor, F|354\/354
|turn|1
|join|Caius109
|join|Yankmeister
|join|BusterCold
|
|move|p2a: Kyle's BFF|Protect|p2a: Kyle's BFF
|-singleturn|p2a: Kyle's BFF|Protect
|move|p1a: Breloom|Spore|p2a: Kyle's BFF
|-activate|p2a: Kyle's BFF|Protect
|
|-status|p2a: Kyle's BFF|tox|[from] item: Toxic Orb
|turn|2
|c| Yankmeister|sd
|join|Lord Falkner
|join|Shaman Q
|
|move|p1a: Breloom|Bullet Seed|p2a: Kyle's BFF
|-crit|p2a: Kyle's BFF
|-damage|p2a: Kyle's BFF|259\/354 tox
|-damage|p2a: Kyle's BFF|191\/354 tox
|-hitcount|p2a: Kyle's BFF|2
|-damage|p1a: Breloom|236\/262|[from] item: Life Orb
|move|p2a: Kyle's BFF|Toxic|p1a: Breloom|[miss]
|-miss|p2a: Kyle's BFF|p1a: Breloom
|
|-heal|p2a: Kyle's BFF|235\/354 tox|[from] ability: Poison Heal
|turn|3
|join|QKIC
|leave|Hyuhy
|
|move|p2a: Kyle's BFF|Protect|p2a: Kyle's BFF
|-singleturn|p2a: Kyle's BFF|Protect
|move|p1a: Breloom|Swords Dance|p1a: Breloom
|-boost|p1a: Breloom|atk|2
|
|-heal|p2a: Kyle's BFF|279\/354 tox|[from] ability: Poison Heal
|turn|4
|join|5dividedby0
|
|switch|p2a: Battle Armor|Skarmory, M|334\/334
|move|p1a: Breloom|Spore|p2a: Battle Armor
|-status|p2a: Battle Armor|slp
|
|turn|5
|leave|BusterCold
|
|move|p1a: Breloom|Swords Dance|p1a: Breloom
|-boost|p1a: Breloom|atk|2
|cant|p2a: Battle Armor|slp
|
|turn|6
|join|weekendds
|
|move|p1a: Breloom|Mach Punch|p2a: Battle Armor
|-damage|p2a: Battle Armor|99\/334 slp
|-damage|p1a: Breloom|210\/262|[from] item: Life Orb
|cant|p2a: Battle Armor|slp
|
|-heal|p2a: Battle Armor|119\/334 slp|[from] item: Leftovers
|turn|7
|c|âjay29|lol
|
|move|p1a: Breloom|Mach Punch|p2a: Battle Armor
|-damage|p2a: Battle Armor|0 fnt
|-damage|p1a: Breloom|184\/262|[from] item: Life Orb
|faint|p2a: Battle Armor
|
|c|âAce-11|yeah i dont have a counter
|join|EmperorEbe
|
|switch|p2a: Metagross|Metagross|302\/302
|turn|8
|leave|EmperorEbe
|join|samustoise
|
|detailschange|p2a: Metagross|Metagross-Mega
|-mega|p2a: Metagross|Metagross|Metagrossite
|move|p1a: Breloom|Mach Punch|p2a: Metagross
|-damage|p2a: Metagross|2\/302
|-damage|p1a: Breloom|158\/262|[from] item: Life Orb
|move|p2a: Metagross|Zen Headbutt|p1a: Breloom
|-supereffective|p1a: Breloom
|-damage|p1a: Breloom|0 fnt
|faint|p1a: Breloom
|
|c|âjay29|wew
|c|âjay29|sturdy
|leave|Bloodz
|c|âAce-11|did not expect to live
|c| Lord Falkner|jay29 megagross has tough claws lmao
|
|switch|p1a: Metagross|Metagross|302\/302
|turn|9
|join|troll010
|
|switch|p1a: Ferrothorn|Ferrothorn, M|352\/352
|move|p2a: Metagross|Earthquake|p1a: Ferrothorn
|-damage|p1a: Ferrothorn|263\/352
|
|-heal|p1a: Ferrothorn|285\/352|[from] item: Leftovers
|turn|10
|leave|weekendds
|
|switch|p2a: Kyle's BFF|Gliscor, F|279\/354 tox
|move|p1a: Ferrothorn|Stealth Rock|p2a: Kyle's BFF
|-sidestart|p2: Ace-11|move: Stealth Rock
|
|-heal|p1a: Ferrothorn|307\/352|[from] item: Leftovers
|-heal|p2a: Kyle's BFF|323\/354 tox|[from] ability: Poison Heal
|turn|11
|join|JRChappo251
|
|switch|p2a: Swagnezone|Magnezone|325\/325
|-damage|p2a: Swagnezone|305\/325|[from] Stealth Rock
|move|p1a: Ferrothorn|Leech Seed|p2a: Swagnezone
|-start|p2a: Swagnezone|move: Leech Seed
|
|-heal|p1a: Ferrothorn|329\/352|[from] item: Leftovers
|-damage|p2a: Swagnezone|265\/325|[from] Leech Seed|[of] p1a: Ferrothorn
|-heal|p1a: Ferrothorn|352\/352|[silent]
|turn|12
|leave|Lord Falkner
|join|BiggerDaddy
|
|move|p1a: Ferrothorn|Protect|p1a: Ferrothorn
|-singleturn|p1a: Ferrothorn|Protect
|move|p2a: Swagnezone|Hidden Power|p1a: Ferrothorn
|-activate|p1a: Ferrothorn|Protect
|
|-damage|p2a: Swagnezone|225\/325|[from] Leech Seed|[of] p1a: Ferrothorn
|turn|13
|leave|samustoise
|
|move|p2a: Swagnezone|Hidden Power|p1a: Ferrothorn
|-supereffective|p1a: Ferrothorn
|-damage|p1a: Ferrothorn|0 fnt
|faint|p1a: Ferrothorn
|
|
|switch|p1a: Metagross|Metagross|302\/302
|turn|14
|
|switch|p2a: Kyle's BFF|Gliscor, F|323\/354 tox
|-damage|p2a: Kyle's BFF|279\/354 tox|[from] Stealth Rock
|detailschange|p1a: Metagross|Metagross-Mega
|-mega|p1a: Metagross|Metagross|Metagrossite
|move|p1a: Metagross|Meteor Mash|p2a: Kyle's BFF
|-damage|p2a: Kyle's BFF|114\/354 tox
|
|-heal|p2a: Kyle's BFF|158\/354 tox|[from] ability: Poison Heal
|turn|15
|leave|NightISkye
|
|switch|p1a: Clefable|Clefable, F|391\/391
|move|p2a: Kyle's BFF|Protect|p2a: Kyle's BFF
|-fail|p2a: Kyle's BFF
|
|-heal|p2a: Kyle's BFF|202\/354 tox|[from] ability: Poison Heal
|turn|16
|
|move|p2a: Kyle's BFF|Stealth Rock|p1a: Clefable
|-sidestart|p1: jay29|move: Stealth Rock
|move|p1a: Clefable|Calm Mind|p1a: Clefable
|-boost|p1a: Clefable|spa|1
|-boost|p1a: Clefable|spd|1
|
|-heal|p2a: Kyle's BFF|246\/354 tox|[from] ability: Poison Heal
|turn|17
|
|switch|p2a: Metagross|Metagross-Mega|2\/302
|-damage|p2a: Metagross|0 fnt|[from] Stealth Rock
|faint|p2a: Metagross
|move|p1a: Clefable|Calm Mind|p1a: Clefable
|-boost|p1a: Clefable|spa|1
|-boost|p1a: Clefable|spd|1
|
|join|babazoo
|
|switch|p2a: Swagnezone|Magnezone|225\/325
|-damage|p2a: Swagnezone|205\/325|[from] Stealth Rock
|turn|18
|
|move|p2a: Swagnezone|Flash Cannon|p1a: Clefable
|-supereffective|p1a: Clefable
|-damage|p1a: Clefable|121\/391
|move|p1a: Clefable|Calm Mind|p1a: Clefable
|-boost|p1a: Clefable|spa|1
|-boost|p1a: Clefable|spd|1
|
|-heal|p1a: Clefable|145\/391|[from] item: Leftovers
|turn|19
|c|âAce-11|u fucked up
|
|switch|p1a: Metagross|Metagross-Mega|302\/302
|-damage|p1a: Metagross|284\/302|[from] Stealth Rock
|move|p2a: Swagnezone|Flash Cannon|p1a: Metagross
|-resisted|p1a: Metagross
|-damage|p1a: Metagross|173\/302
|
|turn|20
|c| QKIC|lol
|c| QKIC|didn't expect it to be dat strong
|c|âAce-11|never underestimate swagnezone
|c|âjay29|specs
|c|âAce-11|obviously
|
|move|p1a: Metagross|Zen Headbutt|p2a: Swagnezone
|-resisted|p2a: Swagnezone
|-damage|p2a: Swagnezone|121\/325
|move|p2a: Swagnezone|Flash Cannon|p1a: Metagross
|-resisted|p1a: Metagross
|-damage|p1a: Metagross|64\/302
|
|turn|21
|join|EmperorEbe
|
|switch|p2a: Bath Time|Rotom-Wash|303\/303
|-damage|p2a: Bath Time|266\/303|[from] Stealth Rock
|move|p1a: Metagross|Earthquake|p2a: Bath Time
|-immune|p2a: Bath Time|[msg]
|
|-heal|p2a: Bath Time|284\/303|[from] item: Leftovers
|turn|22
|leave|5dividedby0
|c| QKIC|nice play
|
|switch|p1a: Chansey|Chansey, F|700\/700
|-damage|p1a: Chansey|613\/700|[from] Stealth Rock
|move|p2a: Bath Time|Volt Switch|p1a: Chansey
|-damage|p1a: Chansey|559\/700
|join|ioj
|c|âAce-11|after that breloom its time to comeback
|
|switch|p2a: MyLittleBitch|Keldeo-Resolute|324\/324
|-damage|p2a: MyLittleBitch|304\/324|[from] Stealth Rock
|
|turn|23
|join|5dividedby0
|
|move|p2a: MyLittleBitch|Secret Sword|p1a: Chansey
|-supereffective|p1a: Chansey
|-damage|p1a: Chansey|97\/700
|move|p1a: Chansey|Wish|p1a: Chansey
|
|turn|24
|c| QKIC|i got this
|c| QKIC|+4 252 Atk Life Orb Technician Breloom Mach Punch vs. 0 HP \/ 0- Def Mega Metagross: 298-352 (99 - 116.9%) -- 93.8% chance to OHKO
|leave|Caius109
|c|âAce-11|ioj go away,thats scouting!
|
|switch|p2a: Swagnezone|Magnezone|121\/325
|-damage|p2a: Swagnezone|101\/325|[from] Stealth Rock
|switch|p1a: Clefable|Clefable, F|145\/391
|
|-heal|p1a: Clefable|391\/391|[from] move: Wish|[wisher] Chansey
|turn|25
|join|Majorr Specter
|leave|5dividedby0
|c| QKIC|rekt
|
|switch|p1a: Chansey|Chansey, F|97\/700
|-damage|p1a: Chansey|10\/700|[from] Stealth Rock
|move|p2a: Swagnezone|Flash Cannon|p1a: Chansey
|-damage|p1a: Chansey|0 fnt
|faint|p1a: Chansey
|
|
|switch|p1a: Rotom-Wash|Rotom-Wash|304\/304
|-damage|p1a: Rotom-Wash|266\/304|[from] Stealth Rock
|turn|26
|
|switch|p2a: Bath Time|Rotom-Wash|284\/303
|-damage|p2a: Bath Time|247\/303|[from] Stealth Rock
|move|p1a: Rotom-Wash|Volt Switch|p2a: Bath Time
|-damage|p2a: Bath Time|190\/303
|c| ioj|huh
|
|switch|p1a: Clefable|Clefable, F|391\/391
|
|-heal|p2a: Bath Time|208\/303|[from] item: Leftovers
|turn|27
|c| ioj|my computer is old
|c| ioj|i can't see sprites
|join|Karalynia
|c| ioj|scouting is 2 hard 4 me
|join|MoodyBlastz
|c|âAce-11|dude just go away,dont scout
|c| ioj|im not
|join|bluri
|join|I like donkeys
|c|âAce-11|-.-
|join|javibmthebest
|leave|bluri
|
|move|p2a: Bath Time|Hydro Pump|p1a: Clefable
|-damage|p1a: Clefable|235\/391
|move|p1a: Clefable|Moonblast|p2a: Bath Time
|-damage|p2a: Bath Time|135\/303
|
|-heal|p2a: Bath Time|153\/303|[from] item: Leftovers
|-heal|p1a: Clefable|259\/391|[from] item: Leftovers
|turn|28
|leave|ioj
|leave|javibmthebest
|
|move|p2a: Bath Time|Hydro Pump|p1a: Clefable
|-damage|p1a: Clefable|103\/391
|move|p1a: Clefable|Soft-Boiled|p1a: Clefable
|-heal|p1a: Clefable|299\/391
|
|-heal|p2a: Bath Time|171\/303|[from] item: Leftovers
|-heal|p1a: Clefable|323\/391|[from] item: Leftovers
|turn|29
|join|feedreamz
|
|move|p2a: Bath Time|Volt Switch|p1a: Clefable
|-damage|p1a: Clefable|236\/391
|
|switch|p2a: Swagnezone|Magnezone|101\/325
|-damage|p2a: Swagnezone|81\/325|[from] Stealth Rock
|move|p1a: Clefable|Moonblast|p2a: Swagnezone
|-resisted|p2a: Swagnezone
|-damage|p2a: Swagnezone|23\/325
|-unboost|p2a: Swagnezone|spa|1
|
|-heal|p1a: Clefable|260\/391|[from] item: Leftovers
|turn|30
|c|âAce-11|nooo
|
|switch|p1a: Rotom-Wash|Rotom-Wash|266\/304
|-damage|p1a: Rotom-Wash|228\/304|[from] Stealth Rock
|move|p2a: Swagnezone|Flash Cannon|p1a: Rotom-Wash
|-resisted|p1a: Rotom-Wash
|-damage|p1a: Rotom-Wash|201\/304
|
|-heal|p1a: Rotom-Wash|220\/304|[from] item: Leftovers
|turn|31
|
|switch|p2a: Bath Time|Rotom-Wash|171\/303
|-damage|p2a: Bath Time|134\/303|[from] Stealth Rock
|move|p1a: Rotom-Wash|Volt Switch|p2a: Bath Time
|-damage|p2a: Bath Time|74\/303
|c| I like donkeys|testing
|
|switch|p1a: Metagross|Metagross-Mega|64\/302
|-damage|p1a: Metagross|46\/302|[from] Stealth Rock
|
|-heal|p2a: Bath Time|92\/303|[from] item: Leftovers
|turn|32
|c| I like donkeys|oh hey the chat isnt locked
|
|move|p1a: Metagross|Zen Headbutt|p2a: Bath Time
|-damage|p2a: Bath Time|0 fnt
|faint|p2a: Bath Time
|
|c| I like donkeys|why isnt everyone spamming like you normally di?
|c| MoodyBlastz|kek
|join|niccool
|c| MoodyBlastz|>di
|c| I like donkeys|*do
|c| JRChappo251|lol
|join|Klayton96
|leave|niccool
|
|switch|p2a: MyLittleBitch|Keldeo-Resolute|304\/324
|-damage|p2a: MyLittleBitch|284\/324|[from] Stealth Rock
|turn|33
|
|move|p2a: MyLittleBitch|Hydro Pump|p1a: Metagross
|-damage|p1a: Metagross|0 fnt
|faint|p1a: Metagross
|
|c| I like donkeys|aw
|
|switch|p1a: Rotom-Wash|Rotom-Wash|220\/304
|-damage|p1a: Rotom-Wash|182\/304|[from] Stealth Rock
|turn|34
|join|Nuzz
|c| I like donkeys|why not my little bronie?
|c|âAce-11|cuz i hate bronies
|join|Edge1998
|c| I like donkeys|k
|leave|babazoo
|leave|Edge1998
|join|Piccolo1010
|leave|Piccolo1010
|join|Piccolo1010
|
|move|p2a: MyLittleBitch|Hydro Pump|p1a: Rotom-Wash
|-resisted|p1a: Rotom-Wash
|-damage|p1a: Rotom-Wash|103\/304
|move|p1a: Rotom-Wash|Hydro Pump|p2a: MyLittleBitch
|-resisted|p2a: MyLittleBitch
|-damage|p2a: MyLittleBitch|216\/324
|
|-heal|p1a: Rotom-Wash|122\/304|[from] item: Leftovers
|turn|35
|leave|Shaman Q
|
|switch|p2a: Kyle's BFF|Gliscor, F|246\/354 tox
|-damage|p2a: Kyle's BFF|202\/354 tox|[from] Stealth Rock
|move|p1a: Rotom-Wash|Pain Split|p2a: Kyle's BFF
|-sethp|p2a: Kyle's BFF|162\/354 tox|p1a: Rotom-Wash|162\/304|[from] move: Pain Split
|
|-heal|p1a: Rotom-Wash|181\/304|[from] item: Leftovers
|-heal|p2a: Kyle's BFF|206\/354 tox|[from] ability: Poison Heal
|turn|36
|join|lkfgd
|
|move|p2a: Kyle's BFF|Toxic|p1a: Rotom-Wash
|-status|p1a: Rotom-Wash|tox
|move|p1a: Rotom-Wash|Hydro Pump|p2a: Kyle's BFF
|-supereffective|p2a: Kyle's BFF
|-damage|p2a: Kyle's BFF|0 fnt
|faint|p2a: Kyle's BFF
|
|-heal|p1a: Rotom-Wash|200\/304 tox|[from] item: Leftovers
|-damage|p1a: Rotom-Wash|181\/304 tox|[from] psn
|c| I like donkeys|Ace-11 i dont get the reference
|
|switch|p2a: MyLittleBitch|Keldeo-Resolute|216\/324
|-damage|p2a: MyLittleBitch|196\/324|[from] Stealth Rock
|turn|37
|c|âAce-11|me neither
|join|VanilliteCone
|leave|feedreamz
|join|Liquidsnaker25
|
|move|p2a: MyLittleBitch|Hydro Pump|p1a: Rotom-Wash|[miss]
|-miss|p2a: MyLittleBitch|p1a: Rotom-Wash
|move|p1a: Rotom-Wash|Volt Switch|p2a: MyLittleBitch
|-supereffective|p2a: MyLittleBitch
|-damage|p2a: MyLittleBitch|2\/324
|
|switch|p1a: Clefable|Clefable, F|260\/391
|
|-heal|p1a: Clefable|284\/391|[from] item: Leftovers
|turn|38
|c|âAce-11|nah gg
|c|âjay29|w8
|c|âAce-11|what
|c| Piccolo1010|try
|c|âjay29|w8 pls
|c|âAce-11|im not gonna leave
|join|SaraM11
|player|p1|jayarceus29|293
|c| jayarceus29|its me
|c| jayarceus29|lel
|c| moody blastz|hola
|c| moody blastz|yunG one
|c| jayarceus29|xD
|c| Piccolo1010|jay jay??
|join|stratiis
|c| jayarceus29|yupyup
|
|move|p2a: MyLittleBitch|Hydro Pump|p1a: Clefable
|-damage|p1a: Clefable|47\/391
|move|p1a: Clefable|Moonblast|p2a: MyLittleBitch
|-crit|p2a: MyLittleBitch
|-supereffective|p2a: MyLittleBitch
|-damage|p2a: MyLittleBitch|0 fnt
|faint|p2a: MyLittleBitch
|
|-heal|p1a: Clefable|71\/391|[from] item: Leftovers
|join|master kalhuun
|c| Majorr Specter|so there are two jays?
|
|switch|p2a: Swagnezone|Magnezone|23\/325
|-damage|p2a: Swagnezone|3\/325|[from] Stealth Rock
|turn|39
|c| Majorr Specter|in confused
|c| Majorr Specter|im*
|c| Piccolo1010|you down for a j?
|
|move|p2a: Swagnezone|Thunderbolt|p1a: Clefable
|-damage|p1a: Clefable|0 fnt
|faint|p1a: Clefable
|
|c| MoodyBlastz|inb4 scarf
|c| I like donkeys|i found a few other donkeys as well
|c| MoodyBlastz|gg
|
|switch|p1a: Rotom-Wash|Rotom-Wash|181\/304 tox
|-damage|p1a: Rotom-Wash|143\/304 tox|[from] Stealth Rock
|turn|40
|join|a brick
|c| I like donkeys|its not that weird
|c|âAce-11|whats going on?
|join|niccool
|c| QKIC|can it kill?
|c| jayarceus29|aw
|c| jayarceus29|your faster
|c| MoodyBlastz|its scarf, i think
|leave|Liquidsnaker25
|c| I like donkeys|if scarf
|c|âAce-11|he is faster
|join|pedrorealmadrid
|c| I like donkeys|then no
|join|thefrenchcaca
|c| QKIC|it's specs
|c| MoodyBlastz|Scarf > specs
|c|âAce-11|ggwp
|
|move|p1a: Rotom-Wash|Volt Switch|p2a: Swagnezone
|-resisted|p2a: Swagnezone
|-damage|p2a: Swagnezone|0 fnt
|faint|p2a: Swagnezone
|
|win|jayarceus29
|c| I like donkeys|lel
|c| MoodyBlastz|nvm
|leave|Klayton96
|leave|niccool
|leave|Piccolo1010
|leave|master kalhuun
|leave|Ace-11
|player|p2
|c| MoodyBlastz|jay still suks
|leave|perropoya
|c| MoodyBlastz|imeanw0t
|leave|EmperorEbe
|c| MoodyBlastz|kbai
|leave|a brick
|leave|Silver Falco
|leave|pedrorealmadrid
|leave|Nuzz
|join|xlstevo
|leave|MoodyBlastz
|join|Cyndequil
|leave|Majorr Specter
|leave|Cyndequil
|leave|I like donkeys
|leave|SaraM11
|leave|lkfgd
|join|IH8SomePpl
|leave|IH8SomePpl
|leave|xlstevo
|leave|troll010
|leave|jayarceus29
|player|p1