|join|Ace-11
|join|IsThisLoL?
|player|p1|Ace-11|218
|player|p2|IsThisLoL?|289
|gametype|singles
|gen|6
|tier|OU
|rated
|clearpoke
|poke|p1|Landorus, M
|poke|p1|Latias, F
|poke|p1|Pinsir, M, shiny
|poke|p1|Tyranitar, F
|poke|p1|Skarmory, M
|poke|p1|Rotom-Wash
|poke|p2|Keldeo
|poke|p2|Landorus, M
|poke|p2|Tyranitar, M
|poke|p2|Charizard, F
|poke|p2|Azumarill, F
|poke|p2|Garchomp, F
|rule|Swagger Clause: Swagger is banned
|rule|Baton Pass Clause: Limit one PokÃ©mon knowing Baton Pass
|rule|Sleep Clause Mod: Limit one foe put to sleep
|rule|Species Clause: Limit one of each PokÃ©mon
|rule|OHKO Clause: OHKO moves are banned
|rule|Moody Clause: Moody is banned
|rule|Evasion Moves Clause: Evasion moves are banned
|rule|Endless Battle Clause: Forcing endless battles is banned
|rule|HP Percentage Mod: HP is shown in percentages
|teampreview
|
|start
|switch|p1a: Rotom-Wash|Rotom-Wash|241\/241
|switch|p2a: Garchomp|Garchomp, F|357\/357
|turn|1
|
|switch|p1a: Skarmory|Skarmory, M|334\/334
|switch|p2a: Charizard|Charizard, F|298\/298
|
|turn|2
|
|switch|p1a: Latias|Latias, F|364\/364
|detailschange|p2a: Charizard|Charizard-Mega-Y, F
|message|Charizard has Mega Evolved into Mega Charizard!
|-weather|SunnyDay
|move|p2a: Charizard|Focus Blast|p1a: Latias
|-resisted|p1a: Latias
|-damage|p1a: Latias|298\/364
|
|-weather|SunnyDay|[upkeep]
|-heal|p1a: Latias|320\/364|[from] item: Leftovers
|turn|3
|
|switch|p1a: Pinsir|Pinsir, M, shiny|272\/272
|switch|p2a: Tyranitar|Tyranitar, M|341\/341
|-weather|Sandstorm
|
|-weather|Sandstorm|[upkeep]
|-damage|p1a: Pinsir|255\/272|[from] sandstorm
|turn|4
|
|detailschange|p1a: Pinsir|Pinsir-Mega, M, shiny
|message|Pinsir has Mega Evolved into Mega Pinsir!
|move|p2a: Tyranitar|Stone Edge|p1a: Pinsir
|-supereffective|p1a: Pinsir
|-damage|p1a: Pinsir|0 fnt
|faint|p1a: Pinsir
|
|-weather|Sandstorm|[upkeep]
|c|âAce-11|scarfed
|c|âAce-11|wtf
|c|âAce-11|scarfed ttar reallY?
|c|âAce-11|who does that?who??
|
|switch|p1a: Landorus|Landorus, M|320\/320
|turn|5
|
|switch|p2a: Azumarill|Azumarill, F|401\/401
|move|p1a: Landorus|Rock Polish|p1a: Landorus
|-boost|p1a: Landorus|spe|2
|
|-weather|Sandstorm|[upkeep]
|-damage|p2a: Azumarill|376\/401|[from] sandstorm
|turn|6
|
|move|p1a: Landorus|Earth Power|p2a: Azumarill
|-damage|p2a: Azumarill|165\/401
|move|p2a: Azumarill|Waterfall|p1a: Landorus
|-supereffective|p1a: Landorus
|-damage|p1a: Landorus|0 fnt
|faint|p1a: Landorus
|
|-weather|Sandstorm|[upkeep]
|-damage|p2a: Azumarill|140\/401|[from] sandstorm
|c|âAce-11|assault vest great bye
|-message|Ace-11 forfeited.
|
|win|IsThisLoL?
|raw|Ladder updating...
|leave|Ace-11
|player|p1
|raw|Ace-11's rating: 1456 &rarr; <strong>1434<\/strong><br \/>(-22 for losing)
|raw|IsThisLoL?'s rating: 1421 &rarr; <strong>1443<\/strong><br \/>(+22 for winning)