|join|Ace-11
|join|PlasmicBlaze
|player|p1|Ace-11|218
|player|p2|PlasmicBlaze|265
|gametype|singles
|gen|6
|tier|OU
|rated
|clearpoke
|poke|p1|Landorus, M
|poke|p1|Latias, F
|poke|p1|Pinsir, M, shiny
|poke|p1|Tyranitar, M
|poke|p1|Skarmory, M
|poke|p1|Rotom-Wash
|poke|p2|Donphan, M
|poke|p2|Mantine, M
|poke|p2|Ferrothorn, M
|poke|p2|Jolteon, M
|poke|p2|Gastrodon, M
|poke|p2|Venusaur, F
|rule|Swagger Clause: Swagger is banned
|rule|Baton Pass Clause: Limit one PokÃ©mon knowing Baton Pass
|rule|Sleep Clause Mod: Limit one foe put to sleep
|rule|Species Clause: Limit one of each PokÃ©mon
|rule|OHKO Clause: OHKO moves are banned
|rule|Moody Clause: Moody is banned
|rule|Evasion Moves Clause: Evasion moves are banned
|rule|Endless Battle Clause: Forcing endless battles is banned
|rule|HP Percentage Mod: HP is shown in percentages
|teampreview
|
|start
|switch|p1a: Tyranitar|Tyranitar, M|404\/404
|switch|p2a: Ferrothorn|Ferrothorn, M|352\/352
|-weather|Sandstorm
|turn|1
|
|move|p1a: Tyranitar|Fire Blast|p2a: Ferrothorn
|-supereffective|p2a: Ferrothorn
|-damage|p2a: Ferrothorn|60\/352
|move|p2a: Ferrothorn|Stealth Rock|p1a: Tyranitar
|-sidestart|p1: Ace-11|move: Stealth Rock
|
|-weather|Sandstorm|[upkeep]
|-heal|p2a: Ferrothorn|82\/352|[from] item: Leftovers
|turn|2
|c|âAce-11|u mad bro?:P
|c|âPlasmicBlaze|not really
|c|âPlasmicBlaze|:P
|
|switch|p2a: Gastrodon|Gastrodon, M|426\/426
|move|p1a: Tyranitar|Ice Beam|p2a: Gastrodon
|-crit|p2a: Gastrodon
|-damage|p2a: Gastrodon|286\/426
|
|-weather|Sandstorm|[upkeep]
|-heal|p2a: Gastrodon|312\/426|[from] item: Leftovers
|turn|3
|
|switch|p1a: Latias|Latias, F|364\/364
|-damage|p1a: Latias|319\/364|[from] Stealth Rock
|move|p2a: Gastrodon|Toxic|p1a: Latias
|-status|p1a: Latias|tox
|
|-weather|Sandstorm|[upkeep]
|-damage|p1a: Latias|297\/364 tox|[from] sandstorm
|-heal|p1a: Latias|319\/364 tox|[from] item: Leftovers
|-heal|p2a: Gastrodon|338\/426|[from] item: Leftovers
|-damage|p1a: Latias|297\/364 tox|[from] psn
|turn|4
|
|switch|p2a: Mantine|Mantine, M|334\/334
|move|p1a: Latias|Draco Meteor|p2a: Mantine|[miss]
|-miss|p1a: Latias|p2a: Mantine
|
|-weather|Sandstorm|[upkeep]
|-damage|p1a: Latias|275\/364 tox|[from] sandstorm
|-damage|p2a: Mantine|314\/334|[from] sandstorm
|-heal|p1a: Latias|297\/364 tox|[from] item: Leftovers
|-heal|p2a: Mantine|334\/334|[from] item: Leftovers
|-damage|p1a: Latias|253\/364 tox|[from] psn
|turn|5
|
|switch|p1a: Rotom-Wash|Rotom-Wash|241\/241
|-damage|p1a: Rotom-Wash|211\/241|[from] Stealth Rock
|move|p2a: Mantine|Whirlpool|p1a: Rotom-Wash|[miss]
|-miss|p2a: Mantine|p1a: Rotom-Wash
|
|-weather|none
|turn|6
|
|switch|p2a: Donphan|Donphan, M|364\/364
|move|p1a: Rotom-Wash|Hydro Pump|p2a: Donphan
|-supereffective|p2a: Donphan
|-activate|p2a: Donphan|Sturdy
|-damage|p2a: Donphan|1\/364
|
|turn|7
|
|switch|p1a: Skarmory|Skarmory, M|334\/334
|-damage|p1a: Skarmory|293\/334|[from] Stealth Rock
|move|p2a: Donphan|Knock Off|p1a: Skarmory
|-damage|p1a: Skarmory|222\/334
|-enditem|p1a: Skarmory|Leftovers|[from] move: Knock Off|[of] p2a: Donphan
|
|turn|8
|
|switch|p2a: Ferrothorn|Ferrothorn, M|82\/352
|move|p1a: Skarmory|Spikes|p2a: Ferrothorn
|-sidestart|p2: PlasmicBlaze|Spikes
|
|-heal|p2a: Ferrothorn|104\/352|[from] item: Leftovers
|turn|9
|
|move|p1a: Skarmory|Roost|p1a: Skarmory
|-heal|p1a: Skarmory|334\/334
|move|p2a: Ferrothorn|Leech Seed|p1a: Skarmory
|-start|p1a: Skarmory|move: Leech Seed
|
|-heal|p2a: Ferrothorn|126\/352|[from] item: Leftovers
|-damage|p1a: Skarmory|293\/334|[from] Leech Seed|[of] p2a: Ferrothorn
|-heal|p2a: Ferrothorn|167\/352|[silent]
|turn|10
|
|switch|p1a: Latias|Latias, F|253\/364 tox
|-damage|p1a: Latias|208\/364 tox|[from] Stealth Rock
|move|p2a: Ferrothorn|Thunder Wave|p1a: Latias
|-fail|p1a: Latias
|
|-heal|p1a: Latias|230\/364 tox|[from] item: Leftovers
|-heal|p2a: Ferrothorn|189\/352|[from] item: Leftovers
|-damage|p1a: Latias|208\/364 tox|[from] psn
|turn|11
|
|move|p1a: Latias|Hidden Power|p2a: Ferrothorn
|-supereffective|p2a: Ferrothorn
|-damage|p2a: Ferrothorn|25\/352
|move|p2a: Ferrothorn|Gyro Ball|p1a: Latias
|-damage|p1a: Latias|39\/364 tox
|
|-heal|p1a: Latias|61\/364 tox|[from] item: Leftovers
|-heal|p2a: Ferrothorn|47\/352|[from] item: Leftovers
|-damage|p1a: Latias|17\/364 tox|[from] psn
|turn|12
|
|switch|p2a: Mantine|Mantine, M|334\/334
|move|p1a: Latias|Recover|p1a: Latias
|-heal|p1a: Latias|199\/364 tox
|
|-heal|p1a: Latias|221\/364 tox|[from] item: Leftovers
|-damage|p1a: Latias|155\/364 tox|[from] psn
|turn|13
|
|switch|p1a: Rotom-Wash|Rotom-Wash|211\/241
|-damage|p1a: Rotom-Wash|181\/241|[from] Stealth Rock
|move|p2a: Mantine|Whirlpool|p1a: Rotom-Wash
|-resisted|p1a: Rotom-Wash
|-damage|p1a: Rotom-Wash|163\/241
|-activate|p1a: Rotom-Wash|move: Whirlpool|[of] p2a: Mantine
|
|-damage|p1a: Rotom-Wash|133\/241|[from] move: Whirlpool|[partiallytrapped]
|turn|14
|
|switch|p2a: Gastrodon|Gastrodon, M|338\/426
|-damage|p2a: Gastrodon|285\/426|[from] Spikes
|move|p1a: Rotom-Wash|Volt Switch|p2a: Gastrodon
|-immune|p2a: Gastrodon|[msg]
|
|-heal|p2a: Gastrodon|311\/426|[from] item: Leftovers
|-end|p1a: Rotom-Wash|Whirlpool|[partiallytrapped]
|turn|15
|
|switch|p1a: Latias|Latias, F|155\/364 tox
|-damage|p1a: Latias|110\/364 tox|[from] Stealth Rock
|move|p2a: Gastrodon|Toxic|p1a: Latias
|-fail|p1a: Latias|tox
|
|-heal|p1a: Latias|132\/364 tox|[from] item: Leftovers
|-heal|p2a: Gastrodon|337\/426|[from] item: Leftovers
|-damage|p1a: Latias|110\/364 tox|[from] psn
|turn|16
|
|move|p1a: Latias|Recover|p1a: Latias
|-heal|p1a: Latias|292\/364 tox
|move|p2a: Gastrodon|Recover|p2a: Gastrodon
|-heal|p2a: Gastrodon|426\/426
|
|-heal|p1a: Latias|314\/364 tox|[from] item: Leftovers
|-damage|p1a: Latias|270\/364 tox|[from] psn
|turn|17
|
|move|p1a: Latias|Recover|p1a: Latias
|-heal|p1a: Latias|364\/364 tox
|move|p2a: Gastrodon|Scald|p1a: Latias
|-resisted|p1a: Latias
|-damage|p1a: Latias|331\/364 tox
|
|-heal|p1a: Latias|353\/364 tox|[from] item: Leftovers
|-damage|p1a: Latias|287\/364 tox|[from] psn
|turn|18
|
|move|p1a: Latias|Draco Meteor|p2a: Gastrodon
|-damage|p2a: Gastrodon|237\/426
|-unboost|p1a: Latias|spa|2
|move|p2a: Gastrodon|Scald|p1a: Latias
|-crit|p1a: Latias
|-resisted|p1a: Latias
|-damage|p1a: Latias|232\/364 tox
|
|-heal|p1a: Latias|254\/364 tox|[from] item: Leftovers
|-heal|p2a: Gastrodon|263\/426|[from] item: Leftovers
|-damage|p1a: Latias|166\/364 tox|[from] psn
|turn|19
|
|switch|p1a: Rotom-Wash|Rotom-Wash|133\/241
|-damage|p1a: Rotom-Wash|103\/241|[from] Stealth Rock
|move|p2a: Gastrodon|Recover|p2a: Gastrodon
|-heal|p2a: Gastrodon|426\/426
|
|turn|20
|
|move|p1a: Rotom-Wash|Trick|p2a: Gastrodon
|-activate|p1a: Rotom-Wash|move: Trick|[of] p2a: Gastrodon
|-item|p2a: Gastrodon|Choice Scarf|[from] move: Trick
|-item|p1a: Rotom-Wash|Leftovers|[from] move: Trick
|move|p2a: Gastrodon|Toxic|p1a: Rotom-Wash
|-status|p1a: Rotom-Wash|tox
|
|-heal|p1a: Rotom-Wash|118\/241 tox|[from] item: Leftovers
|-damage|p1a: Rotom-Wash|103\/241 tox|[from] psn
|turn|21
|
|switch|p1a: Skarmory|Skarmory, M|293\/334
|-damage|p1a: Skarmory|252\/334|[from] Stealth Rock
|switch|p2a: Ferrothorn|Ferrothorn, M|47\/352
|-damage|p2a: Ferrothorn|3\/352|[from] Spikes
|
|-heal|p2a: Ferrothorn|25\/352|[from] item: Leftovers
|turn|22
|
|move|p1a: Skarmory|Brave Bird|p2a: Ferrothorn
|-damage|p2a: Ferrothorn|0 fnt
|-damage|p1a: Skarmory|211\/334|[from] ability: Iron Barbs|[of] p2a: Ferrothorn
|-damage|p1a: Skarmory|203\/334|[from] recoil|[of] p2a: Ferrothorn
|faint|p2a: Ferrothorn
|
|
|switch|p2a: Mantine|Mantine, M|334\/334
|turn|23
|
|move|p1a: Skarmory|Roost|p1a: Skarmory
|-heal|p1a: Skarmory|334\/334
|move|p2a: Mantine|Scald|p1a: Skarmory
|-damage|p1a: Skarmory|225\/334
|-status|p1a: Skarmory|brn
|
|-damage|p1a: Skarmory|184\/334 brn|[from] brn
|turn|24
|
|move|p2a: Mantine|Whirlpool|p1a: Skarmory
|-damage|p1a: Skarmory|142\/334 brn
|-activate|p1a: Skarmory|move: Whirlpool|[of] p2a: Mantine
|move|p1a: Skarmory|Spikes|p2a: Mantine
|-sidestart|p2: PlasmicBlaze|Spikes
|
|-damage|p1a: Skarmory|101\/334 brn|[from] brn
|-damage|p1a: Skarmory|60\/334 brn|[from] move: Whirlpool|[partiallytrapped]
|turn|25
|join|Manos
|
|move|p1a: Skarmory|Spikes|p2a: Mantine
|-sidestart|p2: PlasmicBlaze|Spikes
|move|p2a: Mantine|Defog|p1a: Skarmory
|-unboost|p1a: Skarmory|evasion|1
|-sideend|p1: Ace-11|Stealth Rock|[from] move: Defog|[of] p1a: Skarmory
|-sideend|p2: PlasmicBlaze|Spikes|[from] move: Defog|[of] p2a: Mantine
|
|-damage|p1a: Skarmory|19\/334 brn|[from] brn
|-damage|p1a: Skarmory|0 fnt|[from] move: Whirlpool|[partiallytrapped]
|faint|p1a: Skarmory
|
|switch|p1a: Rotom-Wash|Rotom-Wash|103\/241 tox
|turn|26
|
|switch|p2a: Donphan|Donphan, M|1\/364
|move|p1a: Rotom-Wash|Hydro Pump|p2a: Donphan
|-supereffective|p2a: Donphan
|-damage|p2a: Donphan|0 fnt
|faint|p2a: Donphan
|
|-heal|p1a: Rotom-Wash|118\/241 tox|[from] item: Leftovers
|-damage|p1a: Rotom-Wash|103\/241 tox|[from] psn
|
|switch|p2a: Venusaur|Venusaur, F|349\/349
|turn|27
|
|detailschange|p2a: Venusaur|Venusaur-Mega, F
|message|Venusaur has Mega Evolved into Mega Venusaur!
|move|p1a: Rotom-Wash|Volt Switch|p2a: Venusaur
|-resisted|p2a: Venusaur
|-damage|p2a: Venusaur|306\/349
|
|switch|p1a: Latias|Latias, F|166\/364 tox
|move|p2a: Venusaur|Giga Drain|p1a: Latias
|-crit|p1a: Latias
|-resisted|p1a: Latias
|-damage|p1a: Latias|88\/364 tox
|-heal|p2a: Venusaur|345\/349|[from] drain|[of] p1a: Latias
|
|-heal|p1a: Latias|110\/364 tox|[from] item: Leftovers
|-damage|p1a: Latias|88\/364 tox|[from] psn
|turn|28
|c| Manos|***
|
|switch|p2a: Mantine|Mantine, M|334\/334
|move|p1a: Latias|Recover|p1a: Latias
|-heal|p1a: Latias|270\/364 tox
|
|-heal|p1a: Latias|292\/364 tox|[from] item: Leftovers
|-damage|p1a: Latias|248\/364 tox|[from] psn
|turn|29
|
|move|p1a: Latias|Recover|p1a: Latias
|-heal|p1a: Latias|364\/364 tox
|move|p2a: Mantine|Whirlpool|p1a: Latias
|-crit|p1a: Latias
|-resisted|p1a: Latias
|-damage|p1a: Latias|345\/364 tox
|-activate|p1a: Latias|move: Whirlpool|[of] p2a: Mantine
|
|-heal|p1a: Latias|364\/364 tox|[from] item: Leftovers
|-damage|p1a: Latias|298\/364 tox|[from] psn
|-damage|p1a: Latias|253\/364 tox|[from] move: Whirlpool|[partiallytrapped]
|turn|30
|
|move|p1a: Latias|Psyshock|p2a: Mantine
|-damage|p2a: Mantine|219\/334
|move|p2a: Mantine|Scald|p1a: Latias
|-resisted|p1a: Latias
|-damage|p1a: Latias|222\/364 tox
|
|-heal|p1a: Latias|244\/364 tox|[from] item: Leftovers
|-heal|p2a: Mantine|239\/334|[from] item: Leftovers
|-damage|p1a: Latias|156\/364 tox|[from] psn
|-damage|p1a: Latias|111\/364 tox|[from] move: Whirlpool|[partiallytrapped]
|turn|31
|
|move|p1a: Latias|Psyshock|p2a: Mantine
|-damage|p2a: Mantine|109\/334
|move|p2a: Mantine|Scald|p1a: Latias
|-resisted|p1a: Latias
|-damage|p1a: Latias|80\/364 tox
|
|-heal|p1a: Latias|102\/364 tox|[from] item: Leftovers
|-heal|p2a: Mantine|129\/334|[from] item: Leftovers
|-damage|p1a: Latias|0 fnt|[from] psn
|faint|p1a: Latias
|
|switch|p1a: Rotom-Wash|Rotom-Wash|103\/241 tox
|turn|32
|
|switch|p1a: Pinsir|Pinsir, M, shiny|272\/272
|move|p2a: Mantine|Toxic|p1a: Pinsir
|-status|p1a: Pinsir|tox
|
|-heal|p2a: Mantine|149\/334|[from] item: Leftovers
|-damage|p1a: Pinsir|255\/272 tox|[from] psn
|turn|33
|
|move|p1a: Pinsir|Quick Attack|p2a: Mantine
|-damage|p2a: Mantine|92\/334
|move|p2a: Mantine|Whirlpool|p1a: Pinsir
|-damage|p1a: Pinsir|212\/272 tox
|-activate|p1a: Pinsir|move: Whirlpool|[of] p2a: Mantine
|
|-heal|p2a: Mantine|112\/334|[from] item: Leftovers
|-damage|p1a: Pinsir|178\/272 tox|[from] psn
|-damage|p1a: Pinsir|144\/272 tox|[from] move: Whirlpool|[partiallytrapped]
|turn|34
|
|switch|p2a: Gastrodon|Gastrodon, M|426\/426
|detailschange|p1a: Pinsir|Pinsir-Mega, M, shiny
|message|Pinsir has Mega Evolved into Mega Pinsir!
|move|p1a: Pinsir|Quick Attack|p2a: Gastrodon
|-damage|p2a: Gastrodon|326\/426
|
|-damage|p1a: Pinsir|93\/272 tox|[from] psn
|-end|p1a: Pinsir|Whirlpool|[partiallytrapped]
|turn|35
|
|move|p1a: Pinsir|X-Scissor|p2a: Gastrodon
|-damage|p2a: Gastrodon|170\/426
|move|p2a: Gastrodon|Scald|p1a: Pinsir
|-damage|p1a: Pinsir|0 fnt
|faint|p1a: Pinsir
|
|
|switch|p1a: Landorus|Landorus, M|320\/320
|turn|36
|
|move|p1a: Landorus|Rock Polish|p1a: Landorus
|-boost|p1a: Landorus|spe|2
|move|p2a: Gastrodon|Scald|p1a: Landorus
|-supereffective|p1a: Landorus
|-damage|p1a: Landorus|90\/320
|
|turn|37
|
|move|p1a: Landorus|Earth Power|p2a: Gastrodon
|-damage|p2a: Gastrodon|0 fnt
|faint|p2a: Gastrodon
|
|
|switch|p2a: Mantine|Mantine, M|112\/334
|turn|38
|
|move|p1a: Landorus|Hidden Power|p2a: Mantine
|-damage|p2a: Mantine|55\/334
|-damage|p1a: Landorus|58\/320|[from] item: Life Orb
|move|p2a: Mantine|Scald|p1a: Landorus
|-supereffective|p1a: Landorus
|-damage|p1a: Landorus|0 fnt
|faint|p1a: Landorus
|
|-heal|p2a: Mantine|75\/334|[from] item: Leftovers
|
|switch|p1a: Tyranitar|Tyranitar, M|404\/404
|-weather|Sandstorm
|turn|39
|
|move|p2a: Mantine|Toxic|p1a: Tyranitar
|-status|p1a: Tyranitar|tox
|move|p1a: Tyranitar|Pursuit|p2a: Mantine
|-damage|p2a: Mantine|0 fnt
|faint|p2a: Mantine
|
|-weather|Sandstorm|[upkeep]
|-damage|p1a: Tyranitar|379\/404 tox|[from] psn
|
|switch|p2a: Venusaur|Venusaur-Mega, F|345\/349
|turn|40
|
|move|p2a: Venusaur|Giga Drain|p1a: Tyranitar
|-supereffective|p1a: Tyranitar
|-damage|p1a: Tyranitar|193\/404 tox
|-heal|p2a: Venusaur|349\/349|[from] drain|[of] p1a: Tyranitar
|move|p1a: Tyranitar|Fire Blast|p2a: Venusaur
|-supereffective|p2a: Venusaur
|-damage|p2a: Venusaur|261\/349
|
|-weather|Sandstorm|[upkeep]
|-damage|p2a: Venusaur|240\/349|[from] sandstorm
|-heal|p1a: Tyranitar|218\/404 tox|[from] item: Leftovers
|-damage|p1a: Tyranitar|168\/404 tox|[from] psn
|turn|41
|-message|Ace-11 forfeited.
|
|win|PlasmicBlaze
|raw|Ladder updating...
|leave|Ace-11
|player|p1
|raw|Ace-11's rating: 1452 &rarr; <strong>1431<\/strong><br \/>(-21 for losing)
|raw|PlasmicBlaze's rating: 1434 &rarr; <strong>1455<\/strong><br \/>(+21 for winning)