|join|Ace-11
|join|dalake37
|player|p1|Ace-11|218
|player|p2|dalake37|169
|gametype|singles
|gen|6
|tier|OU
|rated
|clearpoke
|poke|p1|Landorus, M
|poke|p1|Latias, F
|poke|p1|Pinsir, M, shiny
|poke|p1|Tyranitar, M
|poke|p1|Skarmory, F
|poke|p1|Rotom-Wash
|poke|p2|Talonflame, F
|poke|p2|Tyranitar, F
|poke|p2|Latios, M
|poke|p2|Azumarill, F
|poke|p2|Gengar, M
|poke|p2|Garchomp, F
|rule|Swagger Clause: Swagger is banned
|rule|Baton Pass Clause: Limit one PokÃ©mon knowing Baton Pass
|rule|Sleep Clause Mod: Limit one foe put to sleep
|rule|Species Clause: Limit one of each PokÃ©mon
|rule|OHKO Clause: OHKO moves are banned
|rule|Moody Clause: Moody is banned
|rule|Evasion Moves Clause: Evasion moves are banned
|rule|Endless Battle Clause: Forcing endless battles is banned
|rule|HP Percentage Mod: HP is shown in percentages
|teampreview
|
|start
|switch|p1a: Rotom-Wash|Rotom-Wash|241\/241
|switch|p2a: Talonflame|Talonflame, F|311\/311
|turn|1
|
|switch|p2a: Tyranitar|Tyranitar, F|404\/404
|-weather|Sandstorm
|move|p1a: Rotom-Wash|Volt Switch|p2a: Tyranitar
|-damage|p2a: Tyranitar|353\/404
|
|switch|p1a: Pinsir|Pinsir, M, shiny|272\/272
|
|-weather|Sandstorm|[upkeep]
|-damage|p1a: Pinsir|255\/272|[from] sandstorm
|turn|2
|
|detailschange|p1a: Pinsir|Pinsir-Mega, M, shiny
|message|Pinsir has Mega Evolved into Mega Pinsir!
|detailschange|p2a: Tyranitar|Tyranitar-Mega, F
|message|Tyranitar has Mega Evolved into Mega Tyranitar!
|move|p1a: Pinsir|Return|p2a: Tyranitar
|-resisted|p2a: Tyranitar
|-damage|p2a: Tyranitar|266\/404
|move|p2a: Tyranitar|Stone Edge|p1a: Pinsir
|-supereffective|p1a: Pinsir
|-damage|p1a: Pinsir|0 fnt
|faint|p1a: Pinsir
|
|-weather|Sandstorm|[upkeep]
|c|âAce-11|no prediction,you suck
|
|switch|p1a: Skarmory|Skarmory, F|334\/334
|turn|3
|c|âdalake37|cause I'm not letting that thing set up
|c|âdalake37|basic plays win
|c|âAce-11|i dont even have sd
|
|move|p2a: Tyranitar|Stealth Rock|p1a: Skarmory
|-sidestart|p1: Ace-11|move: Stealth Rock
|move|p1a: Skarmory|Spikes|p2a: Tyranitar
|-sidestart|p2: dalake37|Spikes
|
|-weather|Sandstorm|[upkeep]
|turn|4
|c|âdalake37|see I don't know that
|
|switch|p2a: Talonflame|Talonflame, F|311\/311
|move|p1a: Skarmory|Spikes|p2a: Talonflame
|-sidestart|p2: dalake37|Spikes
|
|-weather|Sandstorm|[upkeep]
|-damage|p2a: Talonflame|292\/311|[from] sandstorm
|-heal|p2a: Talonflame|311\/311|[from] item: Leftovers
|turn|5
|
|switch|p1a: Rotom-Wash|Rotom-Wash|241\/241
|-damage|p1a: Rotom-Wash|211\/241|[from] Stealth Rock
|move|p2a: Talonflame|Substitute|p2a: Talonflame
|-start|p2a: Talonflame|Substitute
|-damage|p2a: Talonflame|234\/311
|
|-weather|none
|-heal|p2a: Talonflame|253\/311|[from] item: Leftovers
|turn|6
|
|move|p1a: Rotom-Wash|Thunderbolt|p2a: Talonflame
|-supereffective|p2a: Talonflame
|-end|p2a: Talonflame|Substitute
|move|p2a: Talonflame|Will-O-Wisp|p1a: Rotom-Wash
|-status|p1a: Rotom-Wash|brn
|
|-heal|p2a: Talonflame|272\/311|[from] item: Leftovers
|-damage|p1a: Rotom-Wash|181\/241 brn|[from] brn
|turn|7
|
|switch|p2a: Garchomp|Garchomp, F|358\/358
|-damage|p2a: Garchomp|299\/358|[from] Spikes
|move|p1a: Rotom-Wash|Thunderbolt|p2a: Garchomp
|-immune|p2a: Garchomp|[msg]
|
|-damage|p1a: Rotom-Wash|151\/241 brn|[from] brn
|turn|8
|c|âAce-11|im stupid
|c|âdalake37|;o
|c|âAce-11|i knew it but my brain stopped
|
|switch|p2a: Talonflame|Talonflame, F|272\/311
|switch|p1a: Skarmory|Skarmory, F|334\/334
|-damage|p1a: Skarmory|293\/334|[from] Stealth Rock
|
|-heal|p2a: Talonflame|291\/311|[from] item: Leftovers
|-heal|p1a: Skarmory|313\/334|[from] item: Leftovers
|turn|9
|
|switch|p1a: Rotom-Wash|Rotom-Wash|151\/241 brn
|-damage|p1a: Rotom-Wash|121\/241 brn|[from] Stealth Rock
|move|p2a: Talonflame|Flamethrower|p1a: Rotom-Wash
|-resisted|p1a: Rotom-Wash
|-damage|p1a: Rotom-Wash|66\/241 brn
|
|-heal|p2a: Talonflame|310\/311|[from] item: Leftovers
|-damage|p1a: Rotom-Wash|36\/241 brn|[from] brn
|turn|10
|
|move|p1a: Rotom-Wash|Thunderbolt|p2a: Talonflame
|-supereffective|p2a: Talonflame
|-damage|p2a: Talonflame|0 fnt
|faint|p2a: Talonflame
|
|-damage|p1a: Rotom-Wash|6\/241 brn|[from] brn
|c|âAce-11|u need your talonflame
|
|switch|p2a: Garchomp|Garchomp, F|299\/358
|-damage|p2a: Garchomp|240\/358|[from] Spikes
|turn|11
|c|âdalake37|I know 
|c|âdalake37|I thought u would overpredict 
|
|switch|p1a: Skarmory|Skarmory, F|313\/334
|-damage|p1a: Skarmory|272\/334|[from] Stealth Rock
|move|p2a: Garchomp|Dragon Claw|p1a: Skarmory
|-resisted|p1a: Skarmory
|-damage|p1a: Skarmory|234\/334
|
|-heal|p1a: Skarmory|254\/334|[from] item: Leftovers
|turn|12
|c|âAce-11|and go for what
|
|move|p2a: Garchomp|Dragon Claw|p1a: Skarmory
|-resisted|p1a: Skarmory
|-damage|p1a: Skarmory|215\/334
|move|p1a: Skarmory|Spikes|p2a: Garchomp
|-sidestart|p2: dalake37|Spikes
|
|-heal|p1a: Skarmory|235\/334|[from] item: Leftovers
|turn|13
|
|switch|p2a: Latios|Latios, M|316\/316
|move|p1a: Skarmory|Roost|p1a: Skarmory
|-heal|p1a: Skarmory|334\/334
|
|turn|14
|
|switch|p1a: Tyranitar|Tyranitar, M|404\/404
|-damage|p1a: Tyranitar|354\/404|[from] Stealth Rock
|-weather|Sandstorm
|move|p2a: Latios|Surf|p1a: Tyranitar
|-supereffective|p1a: Tyranitar
|-damage|p1a: Tyranitar|167\/404
|-damage|p2a: Latios|285\/316|[from] item: Life Orb
|
|-weather|Sandstorm|[upkeep]
|-damage|p2a: Latios|266\/316|[from] sandstorm
|-heal|p1a: Tyranitar|192\/404|[from] item: Leftovers
|turn|15
|c|âdalake37|will-o
|
|move|p2a: Latios|Surf|p1a: Tyranitar
|-supereffective|p1a: Tyranitar
|-damage|p1a: Tyranitar|10\/404
|-damage|p2a: Latios|235\/316|[from] item: Life Orb
|move|p1a: Tyranitar|Pursuit|p2a: Latios
|-supereffective|p2a: Latios
|-damage|p2a: Latios|71\/316
|
|-weather|Sandstorm|[upkeep]
|-damage|p2a: Latios|52\/316|[from] sandstorm
|-heal|p1a: Tyranitar|35\/404|[from] item: Leftovers
|turn|16
|c|âAce-11|yup
|c|âdalake37|actually skarmory can still die
|
|move|p2a: Latios|Surf|p1a: Tyranitar
|-supereffective|p1a: Tyranitar
|-damage|p1a: Tyranitar|0 fnt
|-damage|p2a: Latios|21\/316|[from] item: Life Orb
|faint|p1a: Tyranitar
|
|-weather|Sandstorm|[upkeep]
|-damage|p2a: Latios|2\/316|[from] sandstorm
|
|switch|p1a: Skarmory|Skarmory, F|334\/334
|-damage|p1a: Skarmory|293\/334|[from] Stealth Rock
|turn|17
|
|switch|p1a: Latias|Latias, F|364\/364
|-damage|p1a: Latias|319\/364|[from] Stealth Rock
|move|p2a: Latios|Defog|p1a: Latias
|-unboost|p1a: Latias|evasion|1
|-sideend|p1: Ace-11|Stealth Rock|[from] move: Defog|[of] p1a: Latias
|-sideend|p2: dalake37|Spikes|[from] move: Defog|[of] p2a: Latios
|
|-weather|Sandstorm|[upkeep]
|-damage|p2a: Latios|0 fnt|[from] sandstorm
|-damage|p1a: Latias|297\/364|[from] sandstorm
|-heal|p1a: Latias|319\/364|[from] item: Leftovers
|faint|p2a: Latios
|c|âAce-11|ok
|c|âAce-11|no rocks
|
|switch|p2a: Garchomp|Garchomp, F|240\/358
|turn|18
|c|âdalake37|;o
|c|âAce-11|sorry laaaaaaaaag
|c|âdalake37|its ok
|
|switch|p1a: Skarmory|Skarmory, F|293\/334
|move|p2a: Garchomp|Stealth Rock|p1a: Skarmory
|-sidestart|p1: Ace-11|move: Stealth Rock
|
|-weather|none
|-heal|p1a: Skarmory|313\/334|[from] item: Leftovers
|turn|19
|c|âdalake37|mmmm
|
|switch|p2a: Gengar|Gengar, M|262\/262
|move|p1a: Skarmory|Spikes|p2a: Gengar
|-sidestart|p2: dalake37|Spikes
|
|-heal|p1a: Skarmory|333\/334|[from] item: Leftovers
|turn|20
|
|switch|p1a: Rotom-Wash|Rotom-Wash|6\/241 brn
|-damage|p1a: Rotom-Wash|0 fnt|[from] Stealth Rock
|faint|p1a: Rotom-Wash
|move|p2a: Gengar|Shadow Ball|p1: Rotom-Wash|[notarget]
|-notarget
|
|
|switch|p1a: Latias|Latias, F|319\/364
|-damage|p1a: Latias|274\/364|[from] Stealth Rock
|turn|21
|c|âAce-11|speed tie time
|c|âdalake37|im scared
|
|switch|p2a: Tyranitar|Tyranitar-Mega, F|266\/404
|-damage|p2a: Tyranitar|216\/404|[from] Spikes
|-weather|Sandstorm
|move|p1a: Latias|Draco Meteor|p2a: Tyranitar
|-damage|p2a: Tyranitar|140\/404
|-unboost|p1a: Latias|spa|2
|
|-weather|Sandstorm|[upkeep]
|-damage|p1a: Latias|252\/364|[from] sandstorm
|-heal|p1a: Latias|274\/364|[from] item: Leftovers
|turn|22
|c|âAce-11|XD
|
|move|p2a: Tyranitar|Pursuit|p1a: Latias|[from]Pursuit
|-supereffective|p1a: Latias
|-damage|p1a: Latias|0 fnt
|faint|p1a: Latias
|
|-weather|Sandstorm|[upkeep]
|
|switch|p1a: Landorus|Landorus, M|320\/320
|-damage|p1a: Landorus|280\/320|[from] Stealth Rock
|turn|23
|c|âdalake37|fk that
|
|move|p1a: Landorus|Rock Polish|p1a: Landorus
|-boost|p1a: Landorus|spe|2
|move|p2a: Tyranitar|Stone Edge|p1a: Landorus
|-damage|p1a: Landorus|72\/320
|
|-weather|Sandstorm|[upkeep]
|turn|24
|
|move|p1a: Landorus|Earth Power|p2a: Tyranitar
|-supereffective|p2a: Tyranitar
|-damage|p2a: Tyranitar|0 fnt
|faint|p2a: Tyranitar
|
|-weather|Sandstorm|[upkeep]
|
|switch|p2a: Azumarill|Azumarill, F|404\/404
|-damage|p2a: Azumarill|354\/404|[from] Spikes
|turn|25
|c|âdalake37|checkmate I'm afraid friend
|
|switch|p1a: Skarmory|Skarmory, F|333\/334
|-damage|p1a: Skarmory|292\/334|[from] Stealth Rock
|move|p2a: Azumarill|Aqua Jet|p1a: Skarmory
|-damage|p1a: Skarmory|216\/334
|
|-weather|none
|-heal|p1a: Skarmory|236\/334|[from] item: Leftovers
|turn|26
|
|move|p2a: Azumarill|Aqua Jet|p1a: Skarmory
|-damage|p1a: Skarmory|155\/334
|move|p1a: Skarmory|Brave Bird|p2a: Azumarill
|-damage|p2a: Azumarill|203\/404
|-damage|p1a: Skarmory|105\/334|[from] recoil|[of] p2a: Azumarill
|
|-heal|p1a: Skarmory|125\/334|[from] item: Leftovers
|turn|27
|
|switch|p2a: Gengar|Gengar, M|262\/262
|move|p1a: Skarmory|Roost|p1a: Skarmory
|-heal|p1a: Skarmory|292\/334
|
|-heal|p1a: Skarmory|312\/334|[from] item: Leftovers
|turn|28
|
|move|p2a: Gengar|Shadow Ball|p1a: Skarmory
|-damage|p1a: Skarmory|33\/334
|move|p1a: Skarmory|Roost|p1a: Skarmory
|-heal|p1a: Skarmory|200\/334
|
|-heal|p1a: Skarmory|220\/334|[from] item: Leftovers
|turn|29
|c|âAce-11|skarrmory you bitch
|
|move|p2a: Gengar|Shadow Ball|p1a: Skarmory
|-damage|p1a: Skarmory|0 fnt
|faint|p1a: Skarmory
|
|
|switch|p1a: Landorus|Landorus, M|72\/320
|-damage|p1a: Landorus|32\/320|[from] Stealth Rock
|turn|30
|c|âdalake37|nothing can take specs genga dmg <3
|
|move|p2a: Gengar|Shadow Ball|p1a: Landorus
|-damage|p1a: Landorus|0 fnt
|faint|p1a: Landorus
|
|win|dalake37
|raw|Ladder updating...
|raw|Ace-11's rating: 1393 &rarr; <strong>1373<\/strong><br \/>(-20 for losing)
|raw|dalake37's rating: 1395 &rarr; <strong>1414<\/strong><br \/>(+19 for winning)
|c|âdalake37|fun game 
|c|âAce-11|surely
|leave|Ace-11
|player|p1