|join|SmeraldTheBegin
|join|Ace-11
|player|p1|SmeraldTheBegin|266
|player|p2|Ace-11|218
|gametype|singles
|gen|6
|tier|OU
|rated
|clearpoke
|poke|p1|Sylveon, F
|poke|p1|Mandibuzz, F
|poke|p1|Manectric, M
|poke|p1|Milotic, F
|poke|p1|Houndoom, M
|poke|p1|Diggersby, M, shiny
|poke|p2|Landorus, M
|poke|p2|Latias, F
|poke|p2|Pinsir, M, shiny
|poke|p2|Tyranitar, M
|poke|p2|Skarmory, M
|poke|p2|Rotom-Wash
|rule|Swagger Clause: Swagger is banned
|rule|Baton Pass Clause: Limit one PokÃ©mon knowing Baton Pass
|rule|Sleep Clause Mod: Limit one foe put to sleep
|rule|Species Clause: Limit one of each PokÃ©mon
|rule|OHKO Clause: OHKO moves are banned
|rule|Moody Clause: Moody is banned
|rule|Evasion Moves Clause: Evasion moves are banned
|rule|Endless Battle Clause: Forcing endless battles is banned
|rule|HP Percentage Mod: HP is shown in percentages
|teampreview
|
|start
|switch|p1a: Manectric|Manectric, M|282\/282
|switch|p2a: Rotom-Wash|Rotom-Wash|241\/241
|turn|1
|
|move|p1a: Manectric|Volt Switch|p2a: Rotom-Wash
|-damage|p2a: Rotom-Wash|129\/241
|
|switch|p1a: Sylveon|Sylveon, F|371\/371
|move|p2a: Rotom-Wash|Hydro Pump|p1a: Sylveon|[miss]
|-miss|p2a: Rotom-Wash|p1a: Sylveon
|
|turn|2
|
|switch|p2a: Skarmory|Skarmory, M|334\/334
|switch|p1a: Houndoom|Houndoom, M|291\/291
|
|turn|3
|
|switch|p2a: Tyranitar|Tyranitar, M|404\/404
|-weather|Sandstorm
|detailschange|p1a: Houndoom|Houndoom-Mega, M
|message|Houndoom has Mega Evolved into Mega Houndoom!
|move|p1a: Houndoom|Flamethrower|p2a: Tyranitar
|-resisted|p2a: Tyranitar
|-damage|p2a: Tyranitar|338\/404
|
|-weather|Sandstorm|[upkeep]
|-damage|p1a: Houndoom|273\/291|[from] sandstorm
|-heal|p2a: Tyranitar|363\/404|[from] item: Leftovers
|turn|4
|
|switch|p1a: Mandibuzz|Mandibuzz, F|412\/412
|move|p2a: Tyranitar|Stealth Rock|p1a: Mandibuzz
|-sidestart|p1: SmeraldTheBegin|move: Stealth Rock
|
|-weather|Sandstorm|[upkeep]
|-heal|p2a: Tyranitar|388\/404|[from] item: Leftovers
|turn|5
|
|move|p1a: Mandibuzz|Defog|p2a: Tyranitar
|-unboost|p2a: Tyranitar|evasion|1
|-sideend|p1: SmeraldTheBegin|Stealth Rock|[from] move: Defog|[of] p1a: Mandibuzz
|move|p2a: Tyranitar|Ice Beam|p1a: Mandibuzz
|-supereffective|p1a: Mandibuzz
|-damage|p1a: Mandibuzz|228\/412
|
|-weather|Sandstorm|[upkeep]
|-heal|p2a: Tyranitar|404\/404|[from] item: Leftovers
|turn|6
|
|move|p1a: Mandibuzz|Roost|p1a: Mandibuzz
|-heal|p1a: Mandibuzz|412\/412
|move|p2a: Tyranitar|Stealth Rock|p1a: Mandibuzz
|-sidestart|p1: SmeraldTheBegin|move: Stealth Rock
|
|-weather|Sandstorm|[upkeep]
|turn|7
|
|move|p1a: Mandibuzz|Defog|p2a: Tyranitar
|-unboost|p2a: Tyranitar|evasion|1
|-sideend|p1: SmeraldTheBegin|Stealth Rock|[from] move: Defog|[of] p1a: Mandibuzz
|move|p2a: Tyranitar|Ice Beam|p1a: Mandibuzz
|-supereffective|p1a: Mandibuzz
|-damage|p1a: Mandibuzz|228\/412
|
|-weather|none
|turn|8
|
|switch|p1a: Diggersby|Diggersby, M, shiny|312\/312
|move|p2a: Tyranitar|Ice Beam|p1a: Diggersby
|-supereffective|p1a: Diggersby
|-damage|p1a: Diggersby|90\/312
|
|turn|9
|
|switch|p2a: Latias|Latias, F|364\/364
|move|p1a: Diggersby|U-turn|p2a: Latias
|-supereffective|p2a: Latias
|-damage|p2a: Latias|144\/364
|
|switch|p1a: Sylveon|Sylveon, F|371\/371
|
|-heal|p2a: Latias|166\/364|[from] item: Leftovers
|turn|10
|
|switch|p2a: Skarmory|Skarmory, M|334\/334
|move|p1a: Sylveon|Hyper Voice|p2a: Skarmory
|-resisted|p2a: Skarmory
|-damage|p2a: Skarmory|225\/334
|
|-heal|p2a: Skarmory|245\/334|[from] item: Leftovers
|turn|11
|
|switch|p1a: Houndoom|Houndoom-Mega, M|273\/291
|move|p2a: Skarmory|Roar|p1a: Houndoom
|drag|p1a: Manectric|Manectric, M|282\/282
|
|-heal|p2a: Skarmory|265\/334|[from] item: Leftovers
|turn|12
|
|switch|p2a: Latias|Latias, F|166\/364
|move|p1a: Manectric|Hidden Power|p2a: Latias
|-supereffective|p2a: Latias
|-damage|p2a: Latias|64\/364
|
|-heal|p2a: Latias|86\/364|[from] item: Leftovers
|turn|13
|
|move|p1a: Manectric|Hidden Power|p2a: Latias
|-supereffective|p2a: Latias
|-damage|p2a: Latias|0 fnt
|faint|p2a: Latias
|
|
|switch|p2a: Pinsir|Pinsir, M, shiny|272\/272
|turn|14
|
|detailschange|p2a: Pinsir|Pinsir-Mega, M, shiny
|message|Pinsir has Mega Evolved into Mega Pinsir!
|move|p1a: Manectric|Hidden Power|p2a: Pinsir
|-supereffective|p2a: Pinsir
|-damage|p2a: Pinsir|116\/272
|move|p2a: Pinsir|Swords Dance|p2a: Pinsir
|-boost|p2a: Pinsir|atk|2
|
|turn|15
|
|move|p1a: Manectric|Hidden Power|p2a: Pinsir
|-supereffective|p2a: Pinsir
|-damage|p2a: Pinsir|0 fnt
|faint|p2a: Pinsir
|
|
|switch|p2a: Rotom-Wash|Rotom-Wash|129\/241
|turn|16
|
|switch|p1a: Sylveon|Sylveon, F|371\/371
|move|p2a: Rotom-Wash|Trick|p1a: Sylveon
|-activate|p2a: Rotom-Wash|move: Trick|[of] p1a: Sylveon
|-item|p1a: Sylveon|Choice Scarf|[from] move: Trick
|-item|p2a: Rotom-Wash|Leftovers|[from] move: Trick
|
|-heal|p2a: Rotom-Wash|144\/241|[from] item: Leftovers
|turn|17
|
|switch|p1a: Manectric|Manectric, M|282\/282
|move|p2a: Rotom-Wash|Hydro Pump|p1a: Manectric
|-damage|p1a: Manectric|23\/282
|
|-heal|p2a: Rotom-Wash|159\/241|[from] item: Leftovers
|turn|18
|
|move|p1a: Manectric|Volt Switch|p2a: Rotom-Wash
|-damage|p2a: Rotom-Wash|41\/241
|
|switch|p1a: Sylveon|Sylveon, F|371\/371
|move|p2a: Rotom-Wash|Hydro Pump|p1a: Sylveon
|-damage|p1a: Sylveon|265\/371
|
|-heal|p2a: Rotom-Wash|56\/241|[from] item: Leftovers
|turn|19
|
|switch|p2a: Skarmory|Skarmory, M|265\/334
|move|p1a: Sylveon|Hyper Voice|p2a: Skarmory
|-resisted|p2a: Skarmory
|-damage|p2a: Skarmory|152\/334
|
|-heal|p2a: Skarmory|172\/334|[from] item: Leftovers
|turn|20
|
|switch|p1a: Milotic|Milotic, F|380\/380
|move|p2a: Skarmory|Roost|p2a: Skarmory
|-heal|p2a: Skarmory|334\/334
|
|turn|21
|
|move|p1a: Milotic|Scald|p2a: Skarmory
|-damage|p2a: Skarmory|187\/334
|move|p2a: Skarmory|Spikes|p1a: Milotic
|-sidestart|p1: SmeraldTheBegin|Spikes
|
|-heal|p2a: Skarmory|207\/334|[from] item: Leftovers
|turn|22
|
|switch|p2a: Rotom-Wash|Rotom-Wash|56\/241
|move|p1a: Milotic|Hypnosis|p2a: Rotom-Wash
|-status|p2a: Rotom-Wash|slp
|
|-heal|p2a: Rotom-Wash|71\/241 slp|[from] item: Leftovers
|turn|23
|
|cant|p2a: Rotom-Wash|slp
|move|p1a: Milotic|Scald|p2a: Rotom-Wash
|-resisted|p2a: Rotom-Wash
|-damage|p2a: Rotom-Wash|15\/241 slp
|
|-heal|p2a: Rotom-Wash|30\/241 slp|[from] item: Leftovers
|turn|24
|
|cant|p2a: Rotom-Wash|slp
|move|p1a: Milotic|Scald|p2a: Rotom-Wash
|-resisted|p2a: Rotom-Wash
|-damage|p2a: Rotom-Wash|0 fnt
|faint|p2a: Rotom-Wash
|
|
|switch|p2a: Landorus|Landorus, M|320\/320
|turn|25
|
|move|p2a: Landorus|Earth Power|p1a: Milotic
|-damage|p1a: Milotic|172\/380
|move|p1a: Milotic|Ice Beam|p2a: Landorus
|-supereffective|p2a: Landorus
|-damage|p2a: Landorus|0 fnt
|faint|p2a: Landorus
|
|-heal|p1a: Milotic|195\/380|[from] item: Leftovers
|-message|Ace-11 forfeited.
|
|win|SmeraldTheBegin
|raw|Ladder updating...
|leave|Ace-11
|player|p2
|raw|SmeraldTheBegin's rating: 1377 &rarr; <strong>1401<\/strong><br \/>(+24 for winning)
|raw|Ace-11's rating: 1435 &rarr; <strong>1411<\/strong><br \/>(-24 for losing)