|join|StarmeiJR
|join|SunnyORAS
|player|p1|StarmeiJR|217
|player|p2|SunnyORAS|290
|gametype|singles
|gen|6
|tier|UU
|rule|Sleep Clause Mod: Limit one foe put to sleep
|rule|Species Clause: Limit one of each PokÃ©mon
|rule|OHKO Clause: OHKO moves are banned
|rule|Moody Clause: Moody is banned
|rule|Evasion Moves Clause: Evasion moves are banned
|rule|Endless Battle Clause: Forcing endless battles is banned
|rule|HP Percentage Mod: HP is shown in percentages
|clearpoke
|poke|p1|Azelf
|poke|p1|Raikou
|poke|p1|Crobat, M
|poke|p1|Hydreigon, M
|poke|p1|Entei, shiny
|poke|p1|Blastoise, M
|poke|p2|Rotom-Heat
|poke|p2|Swampert, M
|poke|p2|Beedrill, F
|poke|p2|Florges, F
|poke|p2|Serperior, F
|poke|p2|Crobat, F
|rule|Swagger Clause: Swagger is banned
|rule|Baton Pass Clause: Limit one PokÃ©mon knowing Baton Pass
|teampreview
|c|âSunnyORAS|ooh
|c|âStarmeiJR|nice ct
|c|âSunnyORAS|like
|join|UU mmmm
|c|âSunnyORAS|kekeke
|
|start
|switch|p1a: Crobat|Crobat, M|321\/321
|switch|p2a: Beedrill|Beedrill, F|271\/271
|turn|1
|c| UU mmmm|who to root for
|
|detailschange|p2a: Beedrill|Beedrill-Mega, F
|-mega|p2a: Beedrill|Beedrill|Beedrillite
|move|p2a: Beedrill|Protect|p2a: Beedrill
|-singleturn|p2a: Beedrill|Protect
|move|p1a: Crobat|Brave Bird|p2a: Beedrill
|-activate|p2a: Beedrill|Protect
|
|turn|2
|
|switch|p2a: Swampert|Swampert, M|404\/404
|move|p1a: Crobat|U-turn|p2a: Swampert
|-damage|p2a: Swampert|351\/404
|
|switch|p1a: Blastoise|Blastoise, M|342\/342
|
|-heal|p2a: Swampert|376\/404|[from] item: Leftovers
|turn|3
|
|detailschange|p1a: Blastoise|Blastoise-Mega, M
|-mega|p1a: Blastoise|Blastoise|Blastoisinite
|move|p2a: Swampert|Protect|p2a: Swampert
|-singleturn|p2a: Swampert|Protect
|move|p1a: Blastoise|Scald|p2a: Swampert
|-activate|p2a: Swampert|Protect
|
|-heal|p2a: Swampert|401\/404|[from] item: Leftovers
|turn|4
|
|switch|p1a: Azelf|Azelf|291\/291
|switch|p2a: Serperior|Serperior, F|291\/291
|
|turn|5
|c|âStarmeiJR|yo
|c|âStarmeiJR|catch this
|
|move|p1a: Azelf|Stealth Rock|p2a: Serperior
|-sidestart|p2: SunnyORAS|move: Stealth Rock
|move|p2a: Serperior|Leaf Storm|p1a: Azelf
|-damage|p1a: Azelf|10\/291
|-boost|p2a: Serperior|spa|2
|-damage|p2a: Serperior|262\/291|[from] item: Life Orb
|
|turn|6
|c|âStarmeiJR|sigh
|c|âStarmeiJR|too real
|c|âStarmeiJR|not even scared
|c|âSunnyORAS|:X
|
|switch|p2a: Swampert|Swampert, M|401\/404
|-damage|p2a: Swampert|376\/404|[from] Stealth Rock
|move|p1a: Azelf|Fire Blast|p2a: Swampert
|-crit|p2a: Swampert
|-resisted|p2a: Swampert
|-damage|p2a: Swampert|283\/404
|
|-heal|p2a: Swampert|308\/404|[from] item: Leftovers
|turn|7
|
|move|p1a: Azelf|Taunt|p2a: Swampert
|-start|p2a: Swampert|move: Taunt
|move|p2a: Swampert|Scald|p1a: Azelf
|-damage|p1a: Azelf|0 fnt
|faint|p1a: Azelf
|
|-heal|p2a: Swampert|333\/404|[from] item: Leftovers
|c|âSunnyORAS|kekekeekeke
|c|âStarmeiJR|fuck
|c|âSunnyORAS|:)
|
|switch|p1a: Blastoise|Blastoise-Mega, M|342\/342
|turn|8
|c|âStarmeiJR|expected u to go for rocks
|
|switch|p2a: Florges|Florges, F|360\/360
|-damage|p2a: Florges|315\/360|[from] Stealth Rock
|move|p1a: Blastoise|Scald|p2a: Florges
|-damage|p2a: Florges|219\/360
|-status|p2a: Florges|brn
|
|-heal|p2a: Florges|241\/360 brn|[from] item: Leftovers
|-damage|p2a: Florges|196\/360 brn|[from] brn
|turn|9
|c|âSunnyORAS|hehe
|c|âStarmeiJR|expecting me to explode
|c|âStarmeiJR|smh
|c|âSunnyORAS|I thought you'd think I'd do that
|c|âSunnyORAS|:)
|c|âStarmeiJR|pls
|
|switch|p1a: Entei|Entei, shiny|371\/371
|-ability|p1a: Entei|Pressure
|move|p2a: Florges|Aromatherapy|p2a: Florges
|-cureteam|p2a: Florges|[from] move: Aromatherapy
|
|-heal|p2a: Florges|218\/360|[from] item: Leftovers
|turn|10
|c| UU mmmm|where are the plays
|
|switch|p2a: Swampert|Swampert, M|333\/404
|-damage|p2a: Swampert|308\/404|[from] Stealth Rock
|move|p1a: Entei|Sacred Fire|p2a: Swampert
|-resisted|p2a: Swampert
|-damage|p2a: Swampert|207\/404
|
|-heal|p2a: Swampert|232\/404|[from] item: Leftovers
|turn|11
|c| UU mmmm|I came here for plays
|
|switch|p1a: Blastoise|Blastoise-Mega, M|342\/342
|move|p2a: Swampert|Stealth Rock|p1a: Blastoise
|-sidestart|p1: StarmeiJR|move: Stealth Rock
|
|-heal|p2a: Swampert|257\/404|[from] item: Leftovers
|turn|12
|c|âStarmeiJR|pls erin
|
|switch|p2a: Serperior|Serperior, F|262\/291
|-damage|p2a: Serperior|226\/291|[from] Stealth Rock
|move|p1a: Blastoise|Scald|p2a: Serperior
|-resisted|p2a: Serperior
|-damage|p2a: Serperior|136\/291
|-status|p2a: Serperior|brn
|
|-damage|p2a: Serperior|100\/291 brn|[from] brn
|turn|13
|c|âStarmeiJR|big
|c|âStarmeiJR|damage
|
|switch|p2a: Rotom-Heat|Rotom-Heat|241\/241
|-damage|p2a: Rotom-Heat|181\/241|[from] Stealth Rock
|switch|p1a: Crobat|Crobat, M|321\/321
|-damage|p1a: Crobat|241\/321|[from] Stealth Rock
|
|-heal|p2a: Rotom-Heat|196\/241|[from] item: Leftovers
|turn|14
|c|âStarmeiJR|woah
|c|âStarmeiJR|woah
|
|move|p1a: Crobat|U-turn|p2a: Rotom-Heat
|-resisted|p2a: Rotom-Heat
|-damage|p2a: Rotom-Heat|167\/241
|
|switch|p1a: Raikou|Raikou|321\/321
|-damage|p1a: Raikou|281\/321|[from] Stealth Rock
|-ability|p1a: Raikou|Pressure
|move|p2a: Rotom-Heat|Will-O-Wisp|p1a: Raikou|[miss]
|-miss|p2a: Rotom-Heat|p1a: Raikou
|
|-heal|p2a: Rotom-Heat|182\/241|[from] item: Leftovers
|turn|15
|c|âStarmeiJR|nb
|c|âSunnyORAS|.-.
|
|move|p1a: Raikou|Volt Switch|p2a: Rotom-Heat
|-resisted|p2a: Rotom-Heat
|-damage|p2a: Rotom-Heat|128\/241
|
|switch|p1a: Entei|Entei, shiny|371\/371
|-damage|p1a: Entei|279\/371|[from] Stealth Rock
|-ability|p1a: Entei|Pressure
|move|p2a: Rotom-Heat|Volt Switch|p1a: Entei
|-damage|p1a: Entei|137\/371
|c|âStarmeiJR|dammit
|c| Eyan|solid play
|
|switch|p2a: Crobat|Crobat, F|323\/323
|-damage|p2a: Crobat|243\/323|[from] Stealth Rock
|
|-heal|p2a: Crobat|263\/323|[from] item: Black Sludge
|turn|16
|
|move|p1a: Entei|Extreme Speed|p2a: Crobat
|-damage|p2a: Crobat|93\/323
|move|p2a: Crobat|Brave Bird|p1a: Entei
|-damage|p1a: Entei|0 fnt
|-damage|p2a: Crobat|48\/323|[from] recoil|[of] p1a: Entei
|faint|p1a: Entei
|
|-heal|p2a: Crobat|68\/323|[from] item: Black Sludge
|
|switch|p1a: Raikou|Raikou|281\/321
|-damage|p1a: Raikou|241\/321|[from] Stealth Rock
|-ability|p1a: Raikou|Pressure
|turn|17
|
|switch|p2a: Swampert|Swampert, M|257\/404
|-damage|p2a: Swampert|232\/404|[from] Stealth Rock
|move|p1a: Raikou|Extrasensory|p2a: Swampert
|-damage|p2a: Swampert|134\/404
|
|-heal|p2a: Swampert|159\/404|[from] item: Leftovers
|turn|18
|c|âStarmeiJR|what
|c|âStarmeiJR|the fuck
|c|âStarmeiJR|is that
|c|âStarmeiJR|damage
|
|switch|p1a: Blastoise|Blastoise-Mega, M|342\/342
|-damage|p1a: Blastoise|300\/342|[from] Stealth Rock
|move|p2a: Swampert|Scald|p1a: Blastoise
|-resisted|p1a: Blastoise
|-damage|p1a: Blastoise|263\/342
|
|-heal|p2a: Swampert|184\/404|[from] item: Leftovers
|turn|19
|
|move|p1a: Blastoise|Scald|p2a: Swampert
|-damage|p2a: Swampert|4\/404
|move|p2a: Swampert|Stealth Rock|p1a: Blastoise
|-fail|p1a: Blastoise
|
|-heal|p2a: Swampert|29\/404|[from] item: Leftovers
|turn|20
|c|âStarmeiJR|raikou
|c|âSunnyORAS|ok
|c|âStarmeiJR|nbnb
|
|move|p1a: Blastoise|Rapid Spin|p2a: Swampert
|-damage|p2a: Swampert|17\/404
|-sideend|p1: StarmeiJR|Stealth Rock|[from] move: Rapid Spin|[of] p1a: Blastoise
|move|p2a: Swampert|Stealth Rock|p1a: Blastoise
|-sidestart|p1: StarmeiJR|move: Stealth Rock
|
|-heal|p2a: Swampert|42\/404|[from] item: Leftovers
|turn|21
|
|move|p1a: Blastoise|Scald|p2a: Swampert
|-damage|p2a: Swampert|0 fnt
|faint|p2a: Swampert
|
|
|switch|p2a: Serperior|Serperior, F|100\/291 brn
|-damage|p2a: Serperior|64\/291 brn|[from] Stealth Rock
|turn|22
|
|switch|p1a: Hydreigon|Hydreigon, M|325\/325
|-damage|p1a: Hydreigon|285\/325|[from] Stealth Rock
|move|p2a: Serperior|Dragon Pulse|p1a: Hydreigon
|-supereffective|p1a: Hydreigon
|-damage|p1a: Hydreigon|59\/325
|-damage|p2a: Serperior|35\/291 brn|[from] item: Life Orb
|
|-damage|p2a: Serperior|0 fnt|[from] brn
|faint|p2a: Serperior
|c|âStarmeiJR|weak
|c|âStarmeiJR|ass
|c|âStarmeiJR|fuck
|
|switch|p2a: Florges|Florges, F|218\/360
|-damage|p2a: Florges|173\/360|[from] Stealth Rock
|turn|23
|c|âStarmeiJR|wait
|c|âStarmeiJR|i fucked up
|
|move|p1a: Hydreigon|U-turn|p2a: Florges
|-resisted|p2a: Florges
|-damage|p2a: Florges|147\/360
|
|switch|p1a: Crobat|Crobat, M|241\/321
|-damage|p1a: Crobat|161\/321|[from] Stealth Rock
|move|p2a: Florges|Wish|p2a: Florges
|
|-heal|p2a: Florges|169\/360|[from] item: Leftovers
|turn|24
|
|switch|p2a: Rotom-Heat|Rotom-Heat|128\/241
|-damage|p2a: Rotom-Heat|68\/241|[from] Stealth Rock
|move|p1a: Crobat|Brave Bird|p2a: Rotom-Heat
|-resisted|p2a: Rotom-Heat
|-damage|p2a: Rotom-Heat|0 fnt
|-damage|p1a: Crobat|139\/321|[from] recoil|[of] p2a: Rotom-Heat
|faint|p2a: Rotom-Heat
|
|c|âStarmeiJR|yes
|c|âStarmeiJR|pleb
|c|âSunnyORAS|fuck
|c|âSunnyORAS|.-.
|
|switch|p2a: Beedrill|Beedrill-Mega, F|271\/271
|-damage|p2a: Beedrill|204\/271|[from] Stealth Rock
|turn|25
|c|âStarmeiJR|wait fuck
|c|âSunnyORAS|pft def not scarf bat
|c|âStarmeiJR|bee is still
|c|âStarmeiJR|here?
|c| Eyan|lol
|
|move|p2a: Beedrill|Knock Off|p1a: Crobat
|-damage|p1a: Crobat|0 fnt
|-enditem|p1a: Crobat|Sky Plate|[from] move: Knock Off|[of] p2a: Beedrill
|faint|p1a: Crobat
|
|c| Eyan|nice one
|c|âStarmeiJR|holy shit
|
|switch|p1a: Blastoise|Blastoise-Mega, M|263\/342
|-damage|p1a: Blastoise|221\/342|[from] Stealth Rock
|turn|26
|c|âStarmeiJR|fuck
|c|âStarmeiJR|I'm going to lose
|
|move|p2a: Beedrill|U-turn|p1a: Blastoise
|-damage|p1a: Blastoise|63\/342
|c|âSunnyORAS|ha
|c|âSunnyORAS|:)
|join|5413xwsx
|
|switch|p2a: Crobat|Crobat, F|68\/323
|-damage|p2a: Crobat|0 fnt|[from] Stealth Rock
|faint|p2a: Crobat
|move|p1a: Blastoise|Scald|p2: Crobat|[notarget]
|-notarget
|
|c| 5413xwsx|who's winning
|
|switch|p2a: Beedrill|Beedrill-Mega, F|204\/271
|-damage|p2a: Beedrill|137\/271|[from] Stealth Rock
|turn|27
|
|move|p2a: Beedrill|U-turn|p1a: Blastoise
|-damage|p1a: Blastoise|0 fnt
|faint|p1a: Blastoise
|
|switch|p2a: Florges|Florges, F|169\/360
|-damage|p2a: Florges|124\/360|[from] Stealth Rock
|
|-heal|p2a: Florges|146\/360|[from] item: Leftovers
|c|âStarmeiJR|:[
|
|switch|p1a: Raikou|Raikou|241\/321
|-damage|p1a: Raikou|201\/321|[from] Stealth Rock
|-ability|p1a: Raikou|Pressure
|turn|28
|c|âSunnyORAS|inb4 band kou
|c|âSunnyORAS|:)
|c|âStarmeiJR|i didnt
|c| Eyan|Crit para full para imo
|c|âStarmeiJR|see the
|c|âStarmeiJR|damn bee
|c|âStarmeiJR|fuck
|c|âSunnyORAS|jajaja
|
|move|p1a: Raikou|Thunderbolt|p2a: Florges
|-damage|p2a: Florges|65\/360
|move|p2a: Florges|Moonblast|p1a: Raikou
|-damage|p1a: Raikou|72\/321
|-unboost|p1a: Raikou|spa|1
|
|-heal|p2a: Florges|87\/360|[from] item: Leftovers
|turn|29
|
|move|p1a: Raikou|Thunderbolt|p2a: Florges
|-damage|p2a: Florges|23\/360
|move|p2a: Florges|Moonblast|p1a: Raikou
|-damage|p1a: Raikou|0 fnt
|faint|p1a: Raikou
|
|-heal|p2a: Florges|45\/360|[from] item: Leftovers
|c|âSunnyORAS|o-0
|
|switch|p1a: Hydreigon|Hydreigon, M|59\/325
|-damage|p1a: Hydreigon|19\/325|[from] Stealth Rock
|turn|30
|c|âSunnyORAS|big dommage
|c|âSunnyORAS|G_G
|c|âStarmeiJR|wait
|c|âStarmeiJR|did u choke
|c|âSunnyORAS|oh fuck
|c|âSunnyORAS|did I just
|c|âStarmeiJR|!!!!!
|c|âSunnyORAS|choke
|c| Eyan|wtf
|c|âSunnyORAS|fuck me
|c|âStarmeiJR|rofl
|c|âStarmeiJR|get rekt
|c|âSunnyORAS|.-.
|c|âSunnyORAS|....................
|c| Eyan|Are you defensive flor
|c|âSunnyORAS|yes
|c| Eyan|so its a roll
|
|move|p2a: Florges|Protect|p2a: Florges
|-singleturn|p2a: Florges|Protect
|move|p1a: Hydreigon|Fire Blast|p2a: Florges
|-activate|p2a: Florges|Protect
|
|-heal|p2a: Florges|67\/360|[from] item: Leftovers
|turn|31
|c|âStarmeiJR|nah
|c| 5413xwsx|how much damage
|c|âStarmeiJR|im hitting
|c|âStarmeiJR|both
|c| 5413xwsx|nah
|c|âStarmeiJR|i better
|c| Eyan|oh you run fire blast
|c|âStarmeiJR|hit both
|c| Eyan|never
|c| Eyan|double protect
|c|âStarmeiJR|always
|c|âStarmeiJR|no
|c|âStarmeiJR|dont
|c| Eyan|you need the double protect lol
|c|âStarmeiJR|pussy
|c| 5413xwsx|yes
|c| 5413xwsx|double protect
|c|âStarmeiJR|lose like a man
|c| Eyan|>lose like a man
|
|move|p2a: Florges|Protect|p2a: Florges
|-fail|p2a: Florges
|move|p1a: Hydreigon|Fire Blast|p2a: Florges
|-damage|p2a: Florges|0 fnt
|faint|p2a: Florges
|
|c|âStarmeiJR|rofl
|c|âSunnyORAS|......
|c|âSunnyORAS|shit
|c| Eyan|lame
|c|âStarmeiJR|!!!!!!!
|c|âStarmeiJR|SKRUB
|
|switch|p2a: Beedrill|Beedrill-Mega, F|137\/271
|-damage|p2a: Beedrill|70\/271|[from] Stealth Rock
|turn|32
|c| Eyan|now miss the next one
|c| Eyan|simple
|c|âSunnyORAS|BASED CHOKE
|c|âSunnyORAS|miss RIGHT HERE
|
|move|p1a: Hydreigon|Fire Blast|p2a: Beedrill
|-supereffective|p2a: Beedrill
|-damage|p2a: Beedrill|0 fnt
|faint|p2a: Beedrill
|
|win|StarmeiJR
|c|âStarmeiJR|SKRUBSKRUBSKRUBSKRUB
|c|âStarmeiJR|!!!!!!!!!
|c|âSunnyORAS|aw fuck me
|c| Eyan|Didn't try to PP stall
|c|âSunnyORAS|g.g
|c| Eyan|smh
|c| 5413xwsx|luk-e
|c|âStarmeiJR|obviously
|c|âStarmeiJR|ur team
|c| Eyan|Sunny I'm disappointed
|c|âStarmeiJR|is shit
|c|âSunnyORAS|......
|c|âStarmeiJR|not worth
|c| Eyan|HOW DID YOU CHOKE THAT AWAY
|c|âSunnyORAS|.-0..0-.po.,.0p.0-.0-0]
|c|âStarmeiJR|of the ladder
|c|âSunnyORAS|asfjopemrrrrrrrrrrrrrrrrrrrrrrrrrrrrrrrrrrrr
|c|âSunnyORAS|FFFFUCK
|c|âStarmeiJR|.-.-.-.-.-.-.-.-
|c|âStarmeiJR|learn
|c|âSunnyORAS|akodfasdokfoasefkasmaskmef
|c|âSunnyORAS|\
|c|âStarmeiJR|to pokemon
|c|âSunnyORAS|why
|c| Eyan|Go back to your math
|leave|5413xwsx
|c|âSunnyORAS|did
|c|âStarmeiJR|AHAHAAHHAHAHAHAHAHHAHAHAA
|c|âStarmeiJR|HAHAHAHAHHAHAHAHAHAHHAA
|c|âStarmeiJR|HAHHAHAHAHAHAHAHHAHAHAHA
|c|âSunnyORAS|I get so fucking voerconfident
|c|âStarmeiJR|AHAHAHAHAHHAHAHAHAHAH
|c|âSunnyORAS|.-.[p-l;-;-[l
|c|âStarmeiJR|HAHAHAHAHAHHAHAHAHAH
|c|âStarmeiJR|HAHAHAHAHAHHAHAHAHAHH
|c| Eyan|latios save replay
|c|âStarmeiJR|HAHAHAHAHAHHAHAHAAH
|c|âStarmeiJR|AHAHAHAAHAHHAHAHAHA
|c|âStarmeiJR|y
|c|âStarmeiJR|obv
|c|âStarmeiJR|!git gud
|raw|<div class="infobox">Pokemon Showdown is open source:<br \/>- Language: JavaScript (Node.js)<br \/>- <a href="https:\/\/github.com\/Zarel\/Pokemon-Showdown\/commits\/master">What's new?<\/a><br \/>- <a href="https:\/\/github.com\/Zarel\/Pokemon-Showdown">Server source code<\/a><br \/>- <a href="https:\/\/github.com\/Zarel\/Pokemon-Showdown-Client">Client source code<\/a><\/div>
|c|âSunnyORAS|GOD LEVEL CHOKE
|c|âStarmeiJR|^^^^^^^^^^^^
|c|âSunnyORAS|FFFFFFFFFFFFFFFFFFFFFFFFFFFFFFFFFFFFFFFFFFFFFFFFFFFFFFFFFFFFFFFFFFFFFFFFFFFFFFFFFFFFFFFFFFFFFFFFFFFFFFFFFFFFFFFFFFFFFFFF
|c|âStarmeiJR|AHAHAHAHHAHAHAHAH
|c| Eyan|You amaze me every day
|c|âStarmeiJR|HAHAHAHAHAHHAHAHAHAHAHHAHAHAHAAHHAHAHAHA
|c|âSunnyORAS|what is this I don't even
|c|âStarmeiJR|AHAHAHAHHAHAHAHHAHAHAHAHHAHAHAHAHAHHAHA
|c|âSunnyORAS|.\/-.-.-.-.-.-.
|c|âStarmeiJR|HAAHAHAHHAHAHAHHAHAHAHAHAHAHAHAHHAHAHAHAHA
|c|âStarmeiJR|AHAHAHHAHAHAHAAHAHA
|c|âSunnyORAS|I mean watttttt
|c|âStarmeiJR|HAAHAHAHHAHAHAHHAHAHAHAHAHAHAHAHHAHAHAHAHA
|c|âSunnyORAS|the FUCKKKK
|c|âStarmeiJR|HAAHAHAHHAHAHAHHAHAHAHAHAHAHAHAHHAHAHAHAHA
|c|âStarmeiJR|HAAHAHAHHAHAHAHHAHAHAHAHAHAHAHAHHAHAHAHAHA
|c|âStarmeiJR|v
|c|âStarmeiJR|HAAHAHAHHAHAHAHHAHAHAHAHAHAHAHAHHAHAHAHAHA
|c|âStarmeiJR|HAAHAHAHHAHAHAHHAHAHAHAHAHAHAHAHHAHAHAHAHA
|c|âStarmeiJR|HAAHAHAHHAHAHAHHAHAHAHAHAHAHAHAHHAHAHAHAHA
|c|âStarmeiJR|HAAHAHAHHAHAHAHHAHAHAHAHAHAHAHAHHAHAHAHAHA
|c|âStarmeiJR|HAAHAHAHHAHAHAHHAHAHAHAHAHAHAHAHHAHAHAHAHA
|c|âStarmeiJR|HAAHAHAHHAHAHAHHAHAHAHAHAHAHAHAHHAHAHAHAHAHAAHAHAHHAHAHAHHAHAHAHAHAHAHAHAHHAHAHAHAHA
|c|âStarmeiJR|:]
|c|âSunnyORAS|i am not sure
|c|âSunnyORAS|how dumb that was
|c|âSunnyORAS|I am pretty sure
|c|âSunnyORAS|it was very
|c|âSunnyORAS|DUMBBBBBBBBBBBBBBBBBBBBBBBBBBBBBBBBBBBBBBBBBBBBBBBBBBBBBBBBBBBBBBBBBBB
|c|âSunnyORAS|at least
|c|âSunnyORAS|I didn't choke on ladder
|c|âSunnyORAS|;-;
|c|âSunnyORAS|fuck me seriously
|c|âSunnyORAS|how did I lose this
|c|âStarmeiJR|sigh
|c|âStarmeiJR|sunny
|c|âStarmeiJR|u don't win against me
|c|âStarmeiJR|:[]
|c|âSunnyORAS|;-;
|c|âSunnyORAS|starmei
|c|âSunnyORAS|plz don't make that replay public
|c|âSunnyORAS|;-;