|join|SunnyORAS
|join|lol alts are weird
|player|p1|SunnyORAS|169
|player|p2|lol alts are weird|175
|gametype|singles
|gen|6
|tier|UU
|rule|Sleep Clause Mod: Limit one foe put to sleep
|rule|Species Clause: Limit one of each PokÃ©mon
|rule|OHKO Clause: OHKO moves are banned
|rule|Moody Clause: Moody is banned
|rule|Evasion Moves Clause: Evasion moves are banned
|rule|Endless Battle Clause: Forcing endless battles is banned
|rule|HP Percentage Mod: HP is shown in percentages
|clearpoke
|poke|p1|Houndoom, M, shiny
|poke|p1|Swampert, F
|poke|p1|Rhyperior, M
|poke|p1|Crobat, M
|poke|p1|Aromatisse, M
|poke|p1|Forretress, F
|poke|p2|Jirachi, shiny
|poke|p2|Crobat, M
|poke|p2|Swampert, M
|poke|p2|Ampharos, M
|poke|p2|Florges, F
|poke|p2|Chesnaught, M
|rule|Swagger Clause: Swagger is banned
|rule|Baton Pass Clause: Limit one PokÃ©mon knowing Baton Pass
|teampreview
|c|âlol alts are weird|;o
|c|âlol alts are weird|doge
|c|âSunnyORAS|:]
|
|start
|switch|p1a: Swampert|Swampert, F|401\/401
|switch|p2a: Chesnaught|Chesnaught, M|380\/380
|turn|1
|c|âlol alts are weird|am i good at counterleading
|c|âSunnyORAS|y
|
|switch|p1a: Crobat|Crobat, M|373\/373
|move|p2a: Chesnaught|Spikes|p1a: Crobat
|-sidestart|p1: SunnyORAS|Spikes
|
|turn|2
|c|âlol alts are weird|eatin up this bb
|c|âlol alts are weird|ez
|c|âSunnyORAS|hai
|c|âlol alts are weird|i live bb
|c|âlol alts are weird|js
|
|move|p1a: Crobat|Defog|p2a: Chesnaught
|-unboost|p2a: Chesnaught|evasion|1
|-sideend|p1: SunnyORAS|Spikes|[from] move: Defog|[of] p1a: Crobat
|move|p2a: Chesnaught|Spikes|p1a: Crobat
|-sidestart|p1: SunnyORAS|Spikes
|
|turn|3
|c|âlol alts are weird|:^)
|c|âSunnyORAS|what the fuck
|c|âSunnyORAS|x_x
|
|switch|p2a: Ampharos|Ampharos, M|383\/383
|move|p1a: Crobat|Defog|p2a: Ampharos
|-unboost|p2a: Ampharos|evasion|1
|-sideend|p1: SunnyORAS|Spikes|[from] move: Defog|[of] p1a: Crobat
|
|turn|4
|c|âSunnyORAS|are you reading my mind again?
|c|âlol alts are weird|no
|c|âlol alts are weird|but i clicked cancel
|c|âlol alts are weird|and went for spikes
|c|âlol alts are weird|again
|
|switch|p1a: Swampert|Swampert, F|401\/401
|detailschange|p2a: Ampharos|Ampharos-Mega, M
|-mega|p2a: Ampharos|Ampharos|Ampharosite
|-ability|p2a: Ampharos|Mold Breaker
|move|p2a: Ampharos|Thunderbolt|p1a: Swampert
|-immune|p1a: Swampert|[msg]
|
|turn|5
|
|move|p1a: Swampert|Stealth Rock|p2a: Ampharos
|-sidestart|p2: lol alts are weird|move: Stealth Rock
|move|p2a: Ampharos|Dragon Pulse|p1a: Swampert
|-crit|p1a: Swampert
|-damage|p1a: Swampert|236\/401
|
|-heal|p1a: Swampert|261\/401|[from] item: Leftovers
|turn|6
|c|âSunnyORAS|:(
|c|âlol alts are weird|];
|
|move|p2a: Ampharos|Dragon Pulse|p1a: Swampert
|-damage|p1a: Swampert|141\/401
|move|p1a: Swampert|Roar|p2a: Ampharos
|drag|p2a: Florges|Florges, F|360\/360
|-damage|p2a: Florges|315\/360|[from] Stealth Rock
|
|-heal|p2a: Florges|337\/360|[from] item: Leftovers
|-heal|p1a: Swampert|166\/401|[from] item: Leftovers
|turn|7
|c|âlol alts are weird|i want worryin about nothin
|c|âSunnyORAS|x_x
|c|âSunnyORAS|whats logic lol
|
|switch|p2a: Ampharos|Ampharos-Mega, M|383\/383
|-damage|p2a: Ampharos|336\/383|[from] Stealth Rock
|-ability|p2a: Ampharos|Mold Breaker
|switch|p1a: Forretress|Forretress, F|353\/353
|
|turn|8
|c|âSunnyORAS|the fuck
|c|âSunnyORAS|x_x
|c|âSunnyORAS|you def
|
|move|p2a: Ampharos|Thunderbolt|p1a: Forretress
|-damage|p1a: Forretress|196\/353
|move|p1a: Forretress|Spikes|p2a: Ampharos
|-sidestart|p2: lol alts are weird|Spikes
|
|-heal|p1a: Forretress|218\/353|[from] item: Leftovers
|turn|9
|c|âSunnyORAS|are reading my mind
|c|âSunnyORAS|x_x
|c|âlol alts are weird|they call me
|c|âlol alts are weird|!dt mind reader
|c|~|\/data-move Mind Reader
|raw|<font size="1"><font color=#585858>Priority:<\/font> 0&nbsp;|&ThickSpace;<font color=#585858><font color=black>&#10003; Blocked by Protect<\/font><\/font>&nbsp;|&ThickSpace;<font color=#585858>Target:<\/font> One Adjacent Pokemon<\/font>
|c|âSunnyORAS|x_x
|c|âlol alts are weird|now sitwch into swamp here rofl
|c|âSunnyORAS|>_<
|
|switch|p1a: Aromatisse|Aromatisse, M|406\/406
|move|p2a: Ampharos|Thunderbolt|p1a: Aromatisse
|-damage|p1a: Aromatisse|226\/406
|
|-heal|p1a: Aromatisse|251\/406|[from] item: Leftovers
|turn|10
|
|move|p2a: Ampharos|Thunderbolt|p1a: Aromatisse
|-damage|p1a: Aromatisse|61\/406
|move|p1a: Aromatisse|Wish|p1a: Aromatisse
|
|-heal|p1a: Aromatisse|86\/406|[from] item: Leftovers
|turn|11
|c|âlol alts are weird|lol
|c|âSunnyORAS|holy fuck
|c|âSunnyORAS|strong
|
|move|p1a: Aromatisse|Protect|p1a: Aromatisse
|-singleturn|p1a: Aromatisse|Protect
|move|p2a: Ampharos|Dragon Pulse|p1a: Aromatisse
|-immune|p1a: Aromatisse|[msg]
|
|-heal|p1a: Aromatisse|289\/406|[from] move: Wish|[wisher] Aromatisse
|-heal|p1a: Aromatisse|314\/406|[from] item: Leftovers
|turn|12
|c|âSunnyORAS|x_x
|
|switch|p2a: Jirachi|Jirachi, shiny|404\/404
|-damage|p2a: Jirachi|379\/404|[from] Stealth Rock
|-damage|p2a: Jirachi|329\/404|[from] Spikes
|move|p1a: Aromatisse|Wish|p1a: Aromatisse
|
|-heal|p2a: Jirachi|354\/404|[from] item: Leftovers
|-heal|p1a: Aromatisse|339\/406|[from] item: Leftovers
|turn|13
|
|switch|p2a: Chesnaught|Chesnaught, M|380\/380
|-damage|p2a: Chesnaught|333\/380|[from] Spikes
|-damage|p2a: Chesnaught|310\/380|[from] Stealth Rock
|switch|p1a: Swampert|Swampert, F|166\/401
|
|-heal|p1a: Swampert|369\/401|[from] move: Wish|[wisher] Aromatisse
|-heal|p2a: Chesnaught|333\/380|[from] item: Leftovers
|-heal|p1a: Swampert|394\/401|[from] item: Leftovers
|turn|14
|c|âSunnyORAS|what the fuck
|c|âSunnyORAS|lol
|
|switch|p1a: Houndoom|Houndoom, M, shiny|291\/291
|move|p2a: Chesnaught|Spikes|p1a: Houndoom
|-sidestart|p1: SunnyORAS|Spikes
|
|-heal|p2a: Chesnaught|356\/380|[from] item: Leftovers
|turn|15
|c|âSunnyORAS|getting read like a book
|c|âlol alts are weird|lol
|c|âlol alts are weird|i have nothing for
|c|âlol alts are weird|a fire blast
|c|âSunnyORAS|d00md0g
|
|detailschange|p1a: Houndoom|Houndoom-Mega, M, shiny
|-mega|p1a: Houndoom|Houndoom|Houndoominite
|move|p1a: Houndoom|Sunny Day|p1a: Houndoom
|-weather|SunnyDay
|move|p2a: Chesnaught|Drain Punch|p1a: Houndoom
|-supereffective|p1a: Houndoom
|-damage|p1a: Houndoom|91\/291
|-heal|p2a: Chesnaught|380\/380|[from] drain|[of] p1a: Houndoom
|
|-weather|SunnyDay|[upkeep]
|-damage|p1a: Houndoom|55\/291|[from] ability: Solar Power
|turn|16
|c|âlol alts are weird|zzz
|c|âSunnyORAS|holy shit lol
|c|âSunnyORAS|what is this lordly
|c|âSunnyORAS|move making
|
|switch|p2a: Ampharos|Ampharos-Mega, M|336\/383
|-damage|p2a: Ampharos|289\/383|[from] Spikes
|-damage|p2a: Ampharos|242\/383|[from] Stealth Rock
|-ability|p2a: Ampharos|Mold Breaker
|move|p1a: Houndoom|Fire Blast|p2a: Ampharos
|-resisted|p2a: Ampharos
|-damage|p2a: Ampharos|11\/383
|
|-weather|SunnyDay|[upkeep]
|-damage|p1a: Houndoom|19\/291|[from] ability: Solar Power
|turn|17
|c|âlol alts are weird|cri
|c|âSunnyORAS|they call me you rekt
|
|move|p1a: Houndoom|Solar Beam|p2a: Ampharos|[still]
|-prepare|p1a: Houndoom|Solar Beam|p2a: Ampharos
|-anim|p1a: Houndoom|Solar Beam|p2a: Ampharos
|-resisted|p2a: Ampharos
|-damage|p2a: Ampharos|0 fnt
|faint|p2a: Ampharos
|
|-weather|SunnyDay|[upkeep]
|-damage|p1a: Houndoom|0 fnt|[from] ability: Solar Power
|faint|p1a: Houndoom
|c|âlol alts are weird|ban houndoom
|c|âlol alts are weird|reason:broken
|c|âSunnyORAS|=)
|
|switch|p2a: Crobat|Crobat, M|373\/373
|switch|p1a: Forretress|Forretress, F|218\/353
|-damage|p2a: Crobat|280\/373|[from] Stealth Rock
|-damage|p1a: Forretress|174\/353|[from] Spikes
|turn|18
|c|âlol alts are weird|does it ohko everything with sunny day + plot
|c|âlol alts are weird|]:
|c|âSunnyORAS|:)
|
|move|p2a: Crobat|Brave Bird|p1a: Forretress
|-damage|p1a: Forretress|80\/353
|-damage|p2a: Crobat|249\/373|[from] recoil|[of] p1a: Forretress
|move|p1a: Forretress|Volt Switch|p2a: Crobat
|-supereffective|p2a: Crobat
|-damage|p2a: Crobat|165\/373
|c|âSunnyORAS|I had
|c|âSunnyORAS|taunt
|c|âlol alts are weird|lol
|c|âSunnyORAS|+sunny day
|c|âSunnyORAS|for bliss
|c|âlol alts are weird|o
|c|âSunnyORAS|=)
|c|âlol alts are weird|ban pls
|
|switch|p1a: Rhyperior|Rhyperior, M|434\/434
|-damage|p1a: Rhyperior|380\/434|[from] Spikes
|
|-weather|SunnyDay|[upkeep]
|-heal|p2a: Crobat|188\/373|[from] item: Black Sludge
|-heal|p1a: Rhyperior|407\/434|[from] item: Leftovers
|turn|19
|c|âSunnyORAS|hhhmmm
|c|âSunnyORAS|SALTY TEARS
|c|âSunnyORAS|YUM
|c|âlol alts are weird|salt
|c|âlol alts are weird|;;
|
|move|p2a: Crobat|Defog|p1a: Rhyperior
|-unboost|p1a: Rhyperior|evasion|1
|-sideend|p1: SunnyORAS|Spikes|[from] move: Defog|[of] p1a: Rhyperior
|-sideend|p2: lol alts are weird|Spikes|[from] move: Defog|[of] p2a: Crobat
|-sideend|p2: lol alts are weird|Stealth Rock|[from] move: Defog|[of] p2a: Crobat
|move|p1a: Rhyperior|Fire Punch|p2a: Crobat
|-damage|p2a: Crobat|40\/373
|
|-weather|none
|-heal|p2a: Crobat|63\/373|[from] item: Black Sludge
|-heal|p1a: Rhyperior|434\/434|[from] item: Leftovers
|turn|20
|c|âlol alts are weird|,,
|c|âSunnyORAS|.-.
|c|âSunnyORAS|what the fuck are you
|c|âSunnyORAS|noi fear at all
|
|move|p2a: Crobat|U-turn|p1a: Rhyperior
|-damage|p1a: Rhyperior|402\/434
|c|âlol alts are weird|im inside
|c|âlol alts are weird|:]
|
|switch|p2a: Swampert|Swampert, M|404\/404
|move|p1a: Rhyperior|Earthquake|p2a: Swampert
|-damage|p2a: Swampert|256\/404
|
|-heal|p2a: Swampert|281\/404|[from] item: Leftovers
|-heal|p1a: Rhyperior|429\/434|[from] item: Leftovers
|turn|21
|c|âSunnyORAS|x_x
|
|switch|p1a: Aromatisse|Aromatisse, M|339\/406
|move|p2a: Swampert|Scald|p1a: Aromatisse
|-damage|p1a: Aromatisse|249\/406
|
|-heal|p2a: Swampert|306\/404|[from] item: Leftovers
|-heal|p1a: Aromatisse|274\/406|[from] item: Leftovers
|turn|22
|c|âlol alts are weird|!learn aromatisse, energy ball
|raw|<div class="infobox">Aromatisse <span class="message-learn-canlearn">can<\/span> learn Energy Ball<\/ul><\/div>
|c|âlol alts are weird|i know ur plans
|
|move|p2a: Swampert|Stealth Rock|p1a: Aromatisse
|-sidestart|p1: SunnyORAS|move: Stealth Rock
|move|p1a: Aromatisse|Moonblast|p2a: Swampert
|-damage|p2a: Swampert|186\/404
|
|-heal|p2a: Swampert|211\/404|[from] item: Leftovers
|-heal|p1a: Aromatisse|299\/406|[from] item: Leftovers
|turn|23
|c|âSunnyORAS|=)
|c|âlol alts are weird|owh
|
|switch|p2a: Jirachi|Jirachi, shiny|354\/404
|move|p1a: Aromatisse|Wish|p1a: Aromatisse
|
|-heal|p2a: Jirachi|379\/404|[from] item: Leftovers
|-heal|p1a: Aromatisse|324\/406|[from] item: Leftovers
|turn|24
|
|switch|p1a: Forretress|Forretress, F|80\/353
|-damage|p1a: Forretress|36\/353|[from] Stealth Rock
|move|p2a: Jirachi|Moonblast|p1a: Forretress
|-resisted|p1a: Forretress
|-damage|p1a: Forretress|0 fnt
|faint|p1a: Forretress
|
|-heal|p2a: Jirachi|404\/404|[from] item: Leftovers
|join|AllAttackOnLadders
|c|âlol alts are weird|,,
AllAttackOnLadders was promoted to Room Voice by lol alts are weird.
|c|+AllAttackOnLadders|since
|c|+AllAttackOnLadders|when
|c|+AllAttackOnLadders|did u do uu
|c|âlol alts are weird|i do?
|c|âlol alts are weird|o-o
|c|âSunnyORAS|eh for a while
|
|switch|p1a: Rhyperior|Rhyperior, M|429\/434
|-damage|p1a: Rhyperior|402\/434|[from] Stealth Rock
|turn|25
|c|âlol alts are weird|.[14:46:07] SunnyORAS: wait I' have a concept UU team
|c|âlol alts are weird|[14:46:09] SunnyORAS: wanna go at it?
|c|âlol alts are weird|[14:46:12] lol alts are weird: ok
|c|âlol alts are weird|oops
|c|âSunnyORAS|keke
|c|âSunnyORAS|nbnbn
|c|âlol alts are weird|.[14:46:09] SunnyORAS: wanna go at it?
|c|âSunnyORAS|tbf I've used alts tem before
|c|âSunnyORAS|its v nice
|c|âSunnyORAS|=)
|c|âlol alts are weird|[14:46:12] lol alts are weird: ok
|c|âlol alts are weird|ffs
|c|+AllAttackOnLadders|uh
|c|âSunnyORAS|spike stack offense is good in most metas
|c|âlol alts are weird|.[14:46:12] lol alts are weird: ok
|c|+AllAttackOnLadders|who tf uses moonblast rachi
|c|âSunnyORAS|kekek
|c|âlol alts are weird|i dont like
|c|âlol alts are weird|dark types
|c|âlol alts are weird|];
|c|âSunnyORAS|it killed pedo
|c|âSunnyORAS|o n the switch
|c|âSunnyORAS|<3
|
|switch|p2a: Chesnaught|Chesnaught, M|380\/380
|move|p1a: Rhyperior|Earthquake|p2a: Chesnaught
|-resisted|p2a: Chesnaught
|-damage|p2a: Chesnaught|323\/380
|
|-heal|p2a: Chesnaught|346\/380|[from] item: Leftovers
|-heal|p1a: Rhyperior|429\/434|[from] item: Leftovers
|turn|26
|c|âSunnyORAS|in one game
|
|switch|p2a: Swampert|Swampert, M|211\/404
|switch|p1a: Crobat|Crobat, M|373\/373
|-damage|p1a: Crobat|280\/373|[from] Stealth Rock
|
|-heal|p1a: Crobat|303\/373|[from] item: Black Sludge
|-heal|p2a: Swampert|236\/404|[from] item: Leftovers
|turn|27
|c|âSunnyORAS|no psyshock
|c|âSunnyORAS|smh
|c|âlol alts are weird|n**ice**burn
|
|move|p1a: Crobat|Brave Bird|p2a: Swampert
|-damage|p2a: Swampert|143\/404
|-damage|p1a: Crobat|272\/373|[from] recoil|[of] p2a: Swampert
|move|p2a: Swampert|Scald|p1a: Crobat
|-damage|p1a: Crobat|175\/373
|
|-heal|p1a: Crobat|198\/373|[from] item: Black Sludge
|-heal|p2a: Swampert|168\/404|[from] item: Leftovers
|turn|28
|c|âlol alts are weird|eq
|c|âlol alts are weird|here
|c|âSunnyORAS|pfft
|c|âSunnyORAS|no fear kiddies
|c|âlol alts are weird|im awaitin
|c|+AllAttackOnLadders|burn him
|
|move|p1a: Crobat|Brave Bird|p2a: Swampert
|-damage|p2a: Swampert|75\/404
|-damage|p1a: Crobat|167\/373|[from] recoil|[of] p2a: Swampert
|move|p2a: Swampert|Scald|p1a: Crobat
|-damage|p1a: Crobat|64\/373
|-status|p1a: Crobat|brn
|
|-heal|p1a: Crobat|87\/373 brn|[from] item: Black Sludge
|-heal|p2a: Swampert|100\/404|[from] item: Leftovers
|-damage|p1a: Crobat|41\/373 brn|[from] brn
|turn|29
|c|âlol alts are weird|my burn
|c|+AllAttackOnLadders|ez
|c|+AllAttackOnLadders|rekt
|c|âlol alts are weird|lol
|c|âSunnyORAS|fffff
|c|+AllAttackOnLadders|now eq
|c|âlol alts are weird|kk
|
|move|p1a: Crobat|Defog|p2a: Swampert
|-unboost|p2a: Swampert|evasion|1
|-sideend|p1: SunnyORAS|Stealth Rock|[from] move: Defog|[of] p1a: Crobat
|move|p2a: Swampert|Stealth Rock|p1a: Crobat
|-sidestart|p1: SunnyORAS|move: Stealth Rock
|
|-heal|p1a: Crobat|64\/373 brn|[from] item: Black Sludge
|-heal|p2a: Swampert|125\/404|[from] item: Leftovers
|-damage|p1a: Crobat|18\/373 brn|[from] brn
|turn|30
|c|âlol alts are weird|ez
|c|+AllAttackOnLadders|nb
|c|âlol alts are weird|:]]]]]]]]]]
|
|move|p1a: Crobat|Taunt|p2a: Swampert
|-start|p2a: Swampert|move: Taunt
|cant|p2a: Swampert|move: Taunt|Stealth Rock
|
|-heal|p1a: Crobat|41\/373 brn|[from] item: Black Sludge
|-heal|p2a: Swampert|150\/404|[from] item: Leftovers
|-damage|p1a: Crobat|0 fnt|[from] brn
|faint|p1a: Crobat
|c|âlol alts are weird|ok
|c|âlol alts are weird|,,
|c|âSunnyORAS|;-;
|
|switch|p1a: Swampert|Swampert, F|394\/401
|-damage|p1a: Swampert|369\/401|[from] Stealth Rock
|turn|31
|c|âlol alts are weird|tfw no uturn bat
|c|âSunnyORAS|GOGOGOGO
|c|âSunnyORAS|I KIN DO IT
|
|switch|p2a: Crobat|Crobat, M|63\/373
|move|p1a: Swampert|Scald|p2a: Crobat
|-damage|p2a: Crobat|0 fnt
|faint|p2a: Crobat
|
|-heal|p1a: Swampert|394\/401|[from] item: Leftovers
|c|âlol alts are weird|no u cant nurd
|c|âlol alts are weird|bah
|
|switch|p2a: Florges|Florges, F|337\/360
|turn|32
|c|+AllAttackOnLadders|now cm
|c|+AllAttackOnLadders|ez
|c|âSunnyORAS|I kin do it
|
|move|p2a: Florges|Wish|p2a: Florges
|move|p1a: Swampert|Stealth Rock|p2a: Florges
|-sidestart|p2: lol alts are weird|move: Stealth Rock
|
|-heal|p2a: Florges|359\/360|[from] item: Leftovers
|-heal|p1a: Swampert|401\/401|[from] item: Leftovers
|turn|33
|c|+AllAttackOnLadders|imma ladder while u play
|c|+AllAttackOnLadders|au revoir
|leave|AllAttackOnLadders
|c|âlol alts are weird|au revoir
|c|âSunnyORAS|au revoir mon a ami
|c|âlol alts are weird|isnt it
|c|âlol alts are weird|moname
|c|âlol alts are weird|,,
|c|âSunnyORAS|I think so
|c|âSunnyORAS|x_x
|c|âSunnyORAS|wait I now ur polans
|c|âlol alts are weird|i live
|c|âlol alts are weird|eq
|
|switch|p2a: Swampert|Swampert, M|150\/404
|-damage|p2a: Swampert|125\/404|[from] Stealth Rock
|move|p1a: Swampert|Scald|p2a: Swampert
|-damage|p2a: Swampert|29\/404
|
|-heal|p2a: Swampert|209\/404|[from] move: Wish|[wisher] Florges
|-heal|p2a: Swampert|234\/404|[from] item: Leftovers
|turn|34
|c|âlol alts are weird|:]]]]]]]]]]]]
|c|âSunnyORAS|Energy ball
|c|âlol alts are weird|,,
|c|âlol alts are weird|hp grass
|c|âSunnyORAS|HP:Grass swampert
|c|âSunnyORAS|kekek
|
|switch|p2a: Chesnaught|Chesnaught, M|346\/380
|-damage|p2a: Chesnaught|323\/380|[from] Stealth Rock
|move|p1a: Swampert|Scald|p2a: Chesnaught
|-resisted|p2a: Chesnaught
|-damage|p2a: Chesnaught|272\/380
|
|-heal|p2a: Chesnaught|295\/380|[from] item: Leftovers
|turn|35
|
|move|p2a: Chesnaught|Spikes|p1a: Swampert
|-sidestart|p1: SunnyORAS|Spikes
|move|p1a: Swampert|Scald|p2a: Chesnaught
|-crit|p2a: Chesnaught
|-resisted|p2a: Chesnaught
|-damage|p2a: Chesnaught|215\/380
|
|-heal|p2a: Chesnaught|238\/380|[from] item: Leftovers
|turn|36
|c|âlol alts are weird|tfw outstalled
|c|âSunnyORAS|no burn
|c|âSunnyORAS|fuck my life
|
|switch|p1a: Aromatisse|Aromatisse, M|324\/406
|-damage|p1a: Aromatisse|274\/406|[from] Stealth Rock
|-damage|p1a: Aromatisse|224\/406|[from] Spikes
|move|p2a: Chesnaught|Spikes|p1a: Aromatisse
|-sidestart|p1: SunnyORAS|Spikes
|
|-heal|p2a: Chesnaught|261\/380|[from] item: Leftovers
|-heal|p1a: Aromatisse|249\/406|[from] item: Leftovers
|turn|37
|c|âlol alts are weird|no burn ]:
|c|âSunnyORAS|oml
|c|âSunnyORAS|I lose to your nerdy semistall again
|c|âSunnyORAS|x_X
|
|switch|p2a: Jirachi|Jirachi, shiny|404\/404
|-damage|p2a: Jirachi|379\/404|[from] Stealth Rock
|switch|p1a: Rhyperior|Rhyperior, M|429\/434
|-damage|p1a: Rhyperior|402\/434|[from] Stealth Rock
|-damage|p1a: Rhyperior|330\/434|[from] Spikes
|
|-heal|p2a: Jirachi|404\/404|[from] item: Leftovers
|-heal|p1a: Rhyperior|357\/434|[from] item: Leftovers
|turn|38
|c|âlol alts are weird|semistall 2 gud
|c|âlol alts are weird|:]
|c|âSunnyORAS|you call it lord squad
|c|âlol alts are weird|:]]]]]]]]]]
|c|âSunnyORAS|I call it nerd squad
|c|âSunnyORAS|geddit
|c|âSunnyORAS|:x
|c|âlol alts are weird|u only lose cuz
|c|âlol alts are weird|im a god at predicting
|c|âSunnyORAS|x_x
|c|âlol alts are weird|watch me eat this fire punch
|
|switch|p2a: Chesnaught|Chesnaught, M|261\/380
|-damage|p2a: Chesnaught|238\/380|[from] Stealth Rock
|move|p1a: Rhyperior|Fire Punch|p2a: Chesnaught
|-supereffective|p2a: Chesnaught
|-damage|p2a: Chesnaught|118\/380
|
|-heal|p2a: Chesnaught|141\/380|[from] item: Leftovers
|-heal|p1a: Rhyperior|384\/434|[from] item: Leftovers
|turn|39
|c|âlol alts are weird|look how well
|c|âlol alts are weird|i ate that
|c|âSunnyORAS|;-;
|
|move|p2a: Chesnaught|Synthesis|p2a: Chesnaught
|-heal|p2a: Chesnaught|331\/380
|move|p1a: Rhyperior|Fire Punch|p2a: Chesnaught
|-crit|p2a: Chesnaught
|-supereffective|p2a: Chesnaught
|-damage|p2a: Chesnaught|163\/380
|
|-heal|p2a: Chesnaught|186\/380|[from] item: Leftovers
|-heal|p1a: Rhyperior|411\/434|[from] item: Leftovers
|turn|40
|c|âSunnyORAS|"super effective" ;-;
|c|âlol alts are weird|you should run brave bird rhyperior imo
|c|âlol alts are weird|:^)
|c|âSunnyORAS|lol
|c|âSunnyORAS|RHYPERIOR BRAVE BIRD
|
|move|p2a: Chesnaught|Synthesis|p2a: Chesnaught
|-heal|p2a: Chesnaught|376\/380
|move|p1a: Rhyperior|Fire Punch|p2a: Chesnaught
|-supereffective|p2a: Chesnaught
|-damage|p2a: Chesnaught|264\/380
|
|-heal|p2a: Chesnaught|287\/380|[from] item: Leftovers
|-heal|p1a: Rhyperior|434\/434|[from] item: Leftovers
|turn|41
|c|âSunnyORAS|Rhyperior: Fuck you SUnny ORAS I quit
|c|âlol alts are weird|0 Atk Rhyperior Brave Bird vs. 252 HP \/ 252+ Def Chesnaught: 292-344 (76.8 - 90.5%)
|c|âlol alts are weird|see
|c|âlol alts are weird|u just need to eq for prior damage
|c|âSunnyORAS|kekek
|c|âlol alts are weird|and chesnaught is gone
|c|âSunnyORAS|lordset
|
|move|p2a: Chesnaught|Spikes|p1a: Rhyperior
|-sidestart|p1: SunnyORAS|Spikes
|move|p1a: Rhyperior|Earthquake|p2a: Chesnaught
|-resisted|p2a: Chesnaught
|-damage|p2a: Chesnaught|230\/380
|
|-heal|p2a: Chesnaught|253\/380|[from] item: Leftovers
|turn|42
|c|âSunnyORAS|and my condcept team loses again
|c|âlol alts are weird|or u can just
|c|âSunnyORAS|becuase of careless play
|c|âSunnyORAS|x_x
|c|âlol alts are weird|like
|c|âlol alts are weird|run hp flying
|c|âSunnyORAS|eww
|c|âSunnyORAS|lol
|c|âSunnyORAS|HP:Flying
|c|âlol alts are weird|0 SpA Rhyperior Hidden Power Flying vs. 252 HP \/ 0 SpD Chesnaught: 136-164 (35.7 - 43.1%)
|c|âSunnyORAS|swampert imo
|c|âlol alts are weird|2hkos after spikes and rox
|c|âSunnyORAS|oml  lol
|c|âSunnyORAS|HP:Flying rhypeior
|c|âSunnyORAS|is too new meta for me
|
|move|p2a: Chesnaught|Drain Punch|p1a: Rhyperior
|-supereffective|p1a: Rhyperior
|-damage|p1a: Rhyperior|334\/434
|-heal|p2a: Chesnaught|303\/380|[from] drain|[of] p1a: Rhyperior
|move|p1a: Rhyperior|Fire Punch|p2a: Chesnaught
|-supereffective|p2a: Chesnaught
|-damage|p2a: Chesnaught|187\/380
|
|-heal|p2a: Chesnaught|210\/380|[from] item: Leftovers
|-heal|p1a: Rhyperior|361\/434|[from] item: Leftovers
|turn|43
|c|âSunnyORAS|but then again
|c|âSunnyORAS|b00m burst swellow rekt me
|c|âlol alts are weird|omg
|c|âlol alts are weird|gimme a sec
|c|âSunnyORAS|oml Fire EMblem path of radiance is almost fully downloaded
|c|âSunnyORAS|=)
|c|âlol alts are weird|nice
|c|âlol alts are weird|!learn rhyperior, natural gift
|raw|<div class="infobox">Rhyperior <span class="message-learn-canlearn">can<\/span> learn Natural Gift only when obtained from:<ul class="message-learn-list"><li>any generation before 5<\/ul><\/div>
|c|âSunnyORAS|RPG Mayhem GO!
|c|âlol alts are weird|!dt lansat berry
|c|~|\/data-item Lansat Berry
|raw|<font size="1"><font color=#585858>Fling Base Power:<\/font> 10&nbsp;|&ThickSpace;<font color=#585858>Fling Effect:<\/font> Activates the Berry's effect on the target.&nbsp;|&ThickSpace;<font color=#585858>Natural Gift Type:<\/font> Flying&nbsp;|&ThickSpace;<font color=#585858>Natural Gift Base Power:<\/font> 100<\/font>
|c|âSunnyORAS|oml
|c|âlol alts are weird|ez
|c|âSunnyORAS|what are you trying to say
|c|âSunnyORAS|stajhp[
|c|âlol alts are weird|run
|
|move|p2a: Chesnaught|Drain Punch|p1a: Rhyperior
|-supereffective|p1a: Rhyperior
|-damage|p1a: Rhyperior|267\/434
|-heal|p2a: Chesnaught|257\/380|[from] drain|[of] p1a: Rhyperior
|move|p1a: Rhyperior|Fire Punch|p2a: Chesnaught
|-supereffective|p2a: Chesnaught
|-damage|p2a: Chesnaught|143\/380
|
|-heal|p2a: Chesnaught|166\/380|[from] item: Leftovers
|-heal|p1a: Rhyperior|294\/434|[from] item: Leftovers
|turn|44
|c|âSunnyORAS|theses lord set
|c|âSunnyORAS|NOOOOH
|c|âlol alts are weird|rock polish lansat berry
|c|âSunnyORAS|there is no way
|c|âSunnyORAS|thats a real set
|c|âSunnyORAS|lol
|c|âlol alts are weird|,,
|
|move|p2a: Chesnaught|Drain Punch|p1a: Rhyperior
|-supereffective|p1a: Rhyperior
|-damage|p1a: Rhyperior|200\/434
|-heal|p2a: Chesnaught|213\/380|[from] drain|[of] p1a: Rhyperior
|move|p1a: Rhyperior|Fire Punch|p2a: Chesnaught
|-crit|p2a: Chesnaught
|-supereffective|p2a: Chesnaught
|-damage|p2a: Chesnaught|53\/380
|-status|p2a: Chesnaught|brn
|
|-heal|p2a: Chesnaught|76\/380 brn|[from] item: Leftovers
|-heal|p1a: Rhyperior|227\/434|[from] item: Leftovers
|-damage|p2a: Chesnaught|29\/380 brn|[from] brn
|turn|45
|c|âSunnyORAS|eating it up boi
|c|âSunnyORAS|kekek
|c|âSunnyORAS|gettign hax ond emand
|c|âSunnyORAS|whatta lord
|c|âlol alts are weird|252+ Atk Rhyperior Natural Gift vs. 252 HP \/ 252+ Def Chesnaught: 316-376 (83.1 - 98.9%)
|c|âlol alts are weird|see
|c|âlol alts are weird|wow
|c|âlol alts are weird|burnt me
|c|âlol alts are weird|and a critw
|
|move|p2a: Chesnaught|Synthesis|p2a: Chesnaught
|-heal|p2a: Chesnaught|219\/380 brn
|move|p1a: Rhyperior|Fire Punch|p2a: Chesnaught
|-supereffective|p2a: Chesnaught
|-damage|p2a: Chesnaught|105\/380 brn
|
|-heal|p2a: Chesnaught|128\/380 brn|[from] item: Leftovers
|-heal|p1a: Rhyperior|254\/434|[from] item: Leftovers
|-damage|p2a: Chesnaught|81\/380 brn|[from] brn
|turn|46
|
|move|p2a: Chesnaught|Synthesis|p2a: Chesnaught
|-heal|p2a: Chesnaught|271\/380 brn
|move|p1a: Rhyperior|Fire Punch|p2a: Chesnaught
|-supereffective|p2a: Chesnaught
|-damage|p2a: Chesnaught|153\/380 brn
|
|-heal|p2a: Chesnaught|176\/380 brn|[from] item: Leftovers
|-heal|p1a: Rhyperior|281\/434|[from] item: Leftovers
|-damage|p2a: Chesnaught|129\/380 brn|[from] brn
|turn|47
|c|âlol alts are weird|use eq
|c|âlol alts are weird|thank me later
|
|move|p2a: Chesnaught|Synthesis|p2a: Chesnaught
|-heal|p2a: Chesnaught|319\/380 brn
|move|p1a: Rhyperior|Earthquake|p2a: Chesnaught
|-resisted|p2a: Chesnaught
|-damage|p2a: Chesnaught|265\/380 brn
|
|-heal|p2a: Chesnaught|288\/380 brn|[from] item: Leftovers
|-heal|p1a: Rhyperior|308\/434|[from] item: Leftovers
|-damage|p2a: Chesnaught|241\/380 brn|[from] brn
|turn|48
|c|âSunnyORAS|what lol
|c|âSunnyORAS|>_>
|c|âSunnyORAS|now I'm angry
|
|switch|p2a: Swampert|Swampert, M|234\/404
|-damage|p2a: Swampert|209\/404|[from] Stealth Rock
|move|p1a: Rhyperior|Fire Punch|p2a: Swampert
|-resisted|p2a: Swampert
|-damage|p2a: Swampert|174\/404
|
|-heal|p2a: Swampert|199\/404|[from] item: Leftovers
|-heal|p1a: Rhyperior|335\/434|[from] item: Leftovers
|turn|49
|c|âlol alts are weird|lol
|c|âSunnyORAS|FIRE STYLE
|c|âSunnyORAS|FIRE BALL
|c|âlol alts are weird|shoulda used
|c|âlol alts are weird|eq
|c|âSunnyORAS|fail
|
|move|p2a: Swampert|Scald|p1a: Rhyperior
|-supereffective|p1a: Rhyperior
|-damage|p1a: Rhyperior|0 fnt
|faint|p1a: Rhyperior
|
|-heal|p2a: Swampert|224\/404|[from] item: Leftovers
|c|âlol alts are weird|gawn
|
|switch|p1a: Swampert|Swampert, F|401\/401
|-damage|p1a: Swampert|376\/401|[from] Stealth Rock
|-damage|p1a: Swampert|276\/401|[from] Spikes
|turn|50
|
|move|p1a: Swampert|Scald|p2a: Swampert
|-damage|p2a: Swampert|127\/404
|-status|p2a: Swampert|brn
|move|p2a: Swampert|Roar|p1a: Swampert
|drag|p1a: Aromatisse|Aromatisse, M|249\/406
|-damage|p1a: Aromatisse|199\/406|[from] Stealth Rock
|-damage|p1a: Aromatisse|98\/406|[from] Spikes
|
|-heal|p2a: Swampert|152\/404 brn|[from] item: Leftovers
|-heal|p1a: Aromatisse|123\/406|[from] item: Leftovers
|-damage|p2a: Swampert|102\/404 brn|[from] brn
|turn|51
|c|âlol alts are weird|stup burnin me
|c|âlol alts are weird|];
|c|âSunnyORAS|kekek
|c|âSunnyORAS|brb
|c|âlol alts are weird|k
|c|âSunnyORAS|back
|c|âSunnyORAS|wait I'll tell you the secret
|c|âSunnyORAS|to a better comp
|c|âSunnyORAS|delte synstem 32
|c|âSunnyORAS|kekeke
|
|move|p1a: Aromatisse|Moonblast|p2a: Swampert
|-damage|p2a: Swampert|0 fnt
|faint|p2a: Swampert
|
|-heal|p1a: Aromatisse|148\/406|[from] item: Leftovers
|
|switch|p2a: Jirachi|Jirachi, shiny|404\/404
|-damage|p2a: Jirachi|379\/404|[from] Stealth Rock
|turn|52
|c|âSunnyORAS|oml suich a terrible loss
|
|switch|p1a: Swampert|Swampert, F|276\/401
|-damage|p1a: Swampert|176\/401|[from] Spikes
|-damage|p1a: Swampert|151\/401|[from] Stealth Rock
|move|p2a: Jirachi|Calm Mind|p2a: Jirachi
|-boost|p2a: Jirachi|spa|1
|-boost|p2a: Jirachi|spd|1
|
|-heal|p2a: Jirachi|404\/404|[from] item: Leftovers
|-heal|p1a: Swampert|176\/401|[from] item: Leftovers
|turn|53
|c|âlol alts are weird|im 2 gud
|c|âlol alts are weird|imo
|c|âSunnyORAS|why didn't I kill your chestnaught on turn 10?
|c|âSunnyORAS|I coulda just FB'd
|c|âlol alts are weird|because i was in ur head
|c|âSunnyORAS|but nope
|c|âlol alts are weird|:^)
|c|âSunnyORAS|NO STAHNP IT
|
|move|p2a: Jirachi|Moonblast|p1a: Swampert
|-damage|p1a: Swampert|87\/401
|move|p1a: Swampert|Earthquake|p2a: Jirachi
|-supereffective|p2a: Jirachi
|-damage|p2a: Jirachi|206\/404
|
|-heal|p2a: Jirachi|231\/404|[from] item: Leftovers
|-heal|p1a: Swampert|112\/401|[from] item: Leftovers
|turn|54
|c|âSunnyORAS|holy fuck
|c|âlol alts are weird|tfw live
|c|âSunnyORAS|is that a real pokemon
|c|âlol alts are weird|yes
|c|âlol alts are weird|it doesnt die sadly
|
|move|p2a: Jirachi|Psyshock|p1a: Swampert
|-damage|p1a: Swampert|0 fnt
|faint|p1a: Swampert
|
|-heal|p2a: Jirachi|256\/404|[from] item: Leftovers
|c|âSunnyORAS|didi it just live
|
|switch|p1a: Aromatisse|Aromatisse, M|148\/406
|-damage|p1a: Aromatisse|98\/406|[from] Stealth Rock
|-damage|p1a: Aromatisse|0 fnt|[from] Spikes
|faint|p1a: Aromatisse
|
|win|lol alts are weird
|c|âSunnyORAS|an EQ from swampert
|c|âSunnyORAS|3hko'd
|c|âSunnyORAS|oml
|c|âSunnyORAS|lol
|c|âSunnyORAS|so godly
|c|âlol alts are weird|:^)
|c|âlol alts are weird|gg
|c|âSunnyORAS|wanna helpme build UU
|c|âlol alts are weird|ok
|c|âSunnyORAS|:x
|c|âSunnyORAS|can u make a pirate pad?
|c|âlol alts are weird|sure