|join|lapraz
|join|SunnyORAS
|player|p1|lapraz|157
|player|p2|SunnyORAS|290
|gametype|singles
|gen|6
|tier|UU
|rated
|rule|Sleep Clause Mod: Limit one foe put to sleep
|rule|Species Clause: Limit one of each PokÃ©mon
|rule|OHKO Clause: OHKO moves are banned
|rule|Moody Clause: Moody is banned
|rule|Evasion Moves Clause: Evasion moves are banned
|rule|Endless Battle Clause: Forcing endless battles is banned
|rule|HP Percentage Mod: HP is shown in percentages
|clearpoke
|poke|p1|Florges, F
|poke|p1|Steelix, F
|poke|p1|Tentacruel, M
|poke|p1|Goodra, M
|poke|p1|Jellicent, M
|poke|p1|Chesnaught, M
|poke|p2|Rotom-Heat
|poke|p2|Swampert, F
|poke|p2|Beedrill, M
|poke|p2|Florges, F
|poke|p2|Serperior, F
|poke|p2|Crobat, F
|rule|Swagger Clause: Swagger is banned
|rule|Baton Pass Clause: Limit one PokÃ©mon knowing Baton Pass
|teampreview
|c|âSunnyORAS|hmm
|c|âSunnyORAS|good luck
|c|âlapraz|you too
|join|Arcadeotic
|
|start
|switch|p1a: Steelix|Steelix, F|354\/354
|switch|p2a: Skippert|Swampert, F|404\/404
|turn|1
|c| Arcadeotic|gl to both of you
|c|âSunnyORAS|ty
|c|âlapraz|ty
|
|detailschange|p1a: Steelix|Steelix-Mega, F
|-mega|p1a: Steelix|Steelix|Steelixite
|move|p2a: Skippert|Stealth Rock|p1a: Steelix
|-sidestart|p1: lapraz|move: Stealth Rock
|move|p1a: Steelix|Stealth Rock|p2a: Skippert
|-sidestart|p2: SunnyORAS|move: Stealth Rock
|
|turn|2
|c| Arcadeotic|:)
|
|switch|p1a: Chesnaught|Chesnaught, M|380\/380
|-damage|p1a: Chesnaught|357\/380|[from] Stealth Rock
|move|p2a: Skippert|Earthquake|p1a: Chesnaught
|-resisted|p1a: Chesnaught
|-damage|p1a: Chesnaught|313\/380
|
|-heal|p1a: Chesnaught|336\/380|[from] item: Leftovers
|turn|3
|
|switch|p2a: Ravenclaw|Crobat, F|323\/323
|-damage|p2a: Ravenclaw|243\/323|[from] Stealth Rock
|move|p1a: Chesnaught|Spikes|p2a: Ravenclaw
|-sidestart|p2: SunnyORAS|Spikes
|
|-heal|p2a: Ravenclaw|263\/323|[from] item: Black Sludge
|-heal|p1a: Chesnaught|359\/380|[from] item: Leftovers
|turn|4
|
|switch|p1a: Tentacruel|Tentacruel, M|364\/364
|-damage|p1a: Tentacruel|319\/364|[from] Stealth Rock
|move|p2a: Ravenclaw|Defog|p1a: Tentacruel
|-unboost|p1a: Tentacruel|evasion|1
|-sideend|p1: lapraz|Stealth Rock|[from] move: Defog|[of] p1a: Tentacruel
|-sideend|p2: SunnyORAS|Spikes|[from] move: Defog|[of] p2a: Ravenclaw
|-sideend|p2: SunnyORAS|Stealth Rock|[from] move: Defog|[of] p2a: Ravenclaw
|
|-heal|p2a: Ravenclaw|283\/323|[from] item: Black Sludge
|-heal|p1a: Tentacruel|341\/364|[from] item: Black Sludge
|turn|5
|
|switch|p2a: Roll|Rotom-Heat|241\/241
|move|p1a: Tentacruel|Scald|p2a: Roll
|-supereffective|p2a: Roll
|-damage|p2a: Roll|101\/241
|
|-heal|p1a: Tentacruel|363\/364|[from] item: Black Sludge
|turn|6
|
|switch|p1a: Goodra|Goodra, M|384\/384
|move|p2a: Roll|Volt Switch|p1a: Goodra
|-resisted|p1a: Goodra
|-damage|p1a: Goodra|344\/384
|
|switch|p2a: Shin|Beedrill, M|271\/271
|
|-heal|p1a: Goodra|368\/384|[from] item: Leftovers
|turn|7
|
|switch|p1a: Steelix|Steelix-Mega, F|354\/354
|detailschange|p2a: Shin|Beedrill-Mega, M
|-mega|p2a: Shin|Beedrill|Beedrillite
|move|p2a: Shin|U-turn|p1a: Steelix
|-resisted|p1a: Steelix
|-damage|p1a: Steelix|309\/354
|
|switch|p2a: Roll|Rotom-Heat|101\/241
|
|turn|8
|
|switch|p2a: Shin|Beedrill-Mega, M|271\/271
|switch|p1a: Tentacruel|Tentacruel, M|363\/364
|
|-heal|p1a: Tentacruel|364\/364|[from] item: Black Sludge
|turn|9
|
|move|p2a: Shin|U-turn|p1a: Tentacruel
|-resisted|p1a: Tentacruel
|-damage|p1a: Tentacruel|272\/364
|
|switch|p2a: Slytherin|Serperior, F|291\/291
|move|p1a: Tentacruel|Scald|p2a: Slytherin
|-resisted|p2a: Slytherin
|-damage|p2a: Slytherin|247\/291
|-status|p2a: Slytherin|brn
|
|-heal|p1a: Tentacruel|294\/364|[from] item: Black Sludge
|-damage|p2a: Slytherin|211\/291 brn|[from] brn
|turn|10
|
|switch|p1a: Goodra|Goodra, M|368\/384
|move|p2a: Slytherin|Dragon Pulse|p1a: Goodra
|-supereffective|p1a: Goodra
|-damage|p1a: Goodra|238\/384
|-damage|p2a: Slytherin|182\/291 brn|[from] item: Life Orb
|
|-heal|p1a: Goodra|262\/384|[from] item: Leftovers
|-damage|p2a: Slytherin|146\/291 brn|[from] brn
|turn|11
|
|switch|p2a: Jesus|Florges, F|360\/360
|move|p1a: Goodra|Dragon Tail|p2a: Jesus
|-immune|p2a: Jesus|[msg]
|
|-heal|p1a: Goodra|286\/384|[from] item: Leftovers
|turn|12
|
|switch|p1a: Tentacruel|Tentacruel, M|294\/364
|switch|p2a: Roll|Rotom-Heat|101\/241
|
|-heal|p1a: Tentacruel|316\/364|[from] item: Black Sludge
|turn|13
|
|switch|p1a: Steelix|Steelix-Mega, F|309\/354
|move|p2a: Roll|Will-O-Wisp|p1a: Steelix|[miss]
|-miss|p2a: Roll|p1a: Steelix
|
|turn|14
|c|âSunnyORAS|.-.
|c|âSunnyORAS|fuck my life
|c|âSunnyORAS|seioursly just fuck it
|c|âlapraz|):
|
|switch|p2a: Skippert|Swampert, F|404\/404
|switch|p1a: Goodra|Goodra, M|286\/384
|
|-heal|p1a: Goodra|310\/384|[from] item: Leftovers
|turn|15
|
|switch|p1a: Chesnaught|Chesnaught, M|359\/380
|move|p2a: Skippert|Scald|p1a: Chesnaught
|-resisted|p1a: Chesnaught
|-damage|p1a: Chesnaught|304\/380
|
|-heal|p1a: Chesnaught|327\/380|[from] item: Leftovers
|turn|16
|
|switch|p2a: Jesus|Florges, F|360\/360
|move|p1a: Chesnaught|Spikes|p2a: Jesus
|-sidestart|p2: SunnyORAS|Spikes
|
|-heal|p1a: Chesnaught|350\/380|[from] item: Leftovers
|turn|17
|
|switch|p1a: Tentacruel|Tentacruel, M|316\/364
|move|p2a: Jesus|Wish|p2a: Jesus
|
|-heal|p1a: Tentacruel|338\/364|[from] item: Black Sludge
|turn|18
|
|switch|p2a: Slytherin|Serperior, F|146\/291 brn
|-damage|p2a: Slytherin|110\/291 brn|[from] Spikes
|move|p1a: Tentacruel|Knock Off|p2a: Slytherin
|-damage|p2a: Slytherin|55\/291 brn
|-enditem|p2a: Slytherin|Life Orb|[from] move: Knock Off|[of] p1a: Tentacruel
|
|-heal|p2a: Slytherin|235\/291 brn|[from] move: Wish|[wisher] Jesus
|-heal|p1a: Tentacruel|360\/364|[from] item: Black Sludge
|-damage|p2a: Slytherin|199\/291 brn|[from] brn
|turn|19
|
|switch|p2a: Shin|Beedrill-Mega, M|271\/271
|-damage|p2a: Shin|238\/271|[from] Spikes
|switch|p1a: Florges|Florges, F|360\/360
|
|turn|20
|
|switch|p1a: Steelix|Steelix-Mega, F|309\/354
|move|p2a: Shin|U-turn|p1a: Steelix
|-resisted|p1a: Steelix
|-damage|p1a: Steelix|264\/354
|
|switch|p2a: Skippert|Swampert, F|404\/404
|-damage|p2a: Skippert|354\/404|[from] Spikes
|
|-heal|p2a: Skippert|379\/404|[from] item: Leftovers
|turn|21
|
|switch|p1a: Chesnaught|Chesnaught, M|350\/380
|move|p2a: Skippert|Earthquake|p1a: Chesnaught
|-resisted|p1a: Chesnaught
|-damage|p1a: Chesnaught|313\/380
|
|-heal|p1a: Chesnaught|336\/380|[from] item: Leftovers
|-heal|p2a: Skippert|404\/404|[from] item: Leftovers
|turn|22
|
|switch|p2a: Ravenclaw|Crobat, F|283\/323
|move|p1a: Chesnaught|Leech Seed|p2a: Ravenclaw
|-start|p2a: Ravenclaw|move: Leech Seed
|
|-heal|p2a: Ravenclaw|303\/323|[from] item: Black Sludge
|-heal|p1a: Chesnaught|359\/380|[from] item: Leftovers
|-damage|p2a: Ravenclaw|263\/323|[from] Leech Seed|[of] p1a: Chesnaught
|-heal|p1a: Chesnaught|380\/380|[silent]
|turn|23
|
|switch|p2a: Roll|Rotom-Heat|101\/241
|switch|p1a: Steelix|Steelix-Mega, F|264\/354
|
|turn|24
|
|move|p2a: Roll|Overheat|p1a: Steelix
|-supereffective|p1a: Steelix
|-damage|p1a: Steelix|0 fnt
|-unboost|p2a: Roll|spa|2
|faint|p1a: Steelix
|
|c|âSunnyORAS|kekekeke
|
|switch|p1a: Jellicent|Jellicent, M|404\/404
|turn|25
|leave|Arcadeotic
|
|switch|p2a: Jesus|Florges, F|360\/360
|-damage|p2a: Jesus|315\/360|[from] Spikes
|move|p1a: Jellicent|Scald|p2a: Jesus
|-damage|p2a: Jesus|269\/360
|
|-heal|p2a: Jesus|291\/360|[from] item: Leftovers
|turn|26
|
|move|p2a: Jesus|Wish|p2a: Jesus
|move|p1a: Jellicent|Will-O-Wisp|p2a: Jesus
|-status|p2a: Jesus|brn
|
|-heal|p2a: Jesus|313\/360 brn|[from] item: Leftovers
|-damage|p2a: Jesus|268\/360 brn|[from] brn
|turn|27
|
|move|p2a: Jesus|Aromatherapy|p2a: Jesus
|-cureteam|p2a: Jesus|[from] move: Aromatherapy
|move|p1a: Jellicent|Scald|p2a: Jesus
|-crit|p2a: Jesus
|-damage|p2a: Jesus|199\/360
|-status|p2a: Jesus|brn
|
|-heal|p2a: Jesus|360\/360 brn|[from] move: Wish|[wisher] Jesus
|-damage|p2a: Jesus|315\/360 brn|[from] brn
|turn|28
|
|move|p2a: Jesus|Moonblast|p1a: Jellicent
|-damage|p1a: Jellicent|296\/404
|move|p1a: Jellicent|Taunt|p2a: Jesus
|-start|p2a: Jesus|move: Taunt
|
|-heal|p2a: Jesus|337\/360 brn|[from] item: Leftovers
|-heal|p1a: Jellicent|321\/404|[from] item: Leftovers
|-damage|p2a: Jesus|292\/360 brn|[from] brn
|turn|29
|
|switch|p2a: Slytherin|Serperior, F|199\/291
|-damage|p2a: Slytherin|163\/291|[from] Spikes
|move|p1a: Jellicent|Scald|p2a: Slytherin
|-resisted|p2a: Slytherin
|-damage|p2a: Slytherin|123\/291
|
|-heal|p1a: Jellicent|346\/404|[from] item: Leftovers
|turn|30
|
|switch|p1a: Goodra|Goodra, M|310\/384
|move|p2a: Slytherin|Dragon Pulse|p1a: Goodra
|-supereffective|p1a: Goodra
|-damage|p1a: Goodra|204\/384
|
|-heal|p1a: Goodra|228\/384|[from] item: Leftovers
|turn|31
|
|switch|p2a: Jesus|Florges, F|292\/360 brn
|-damage|p2a: Jesus|247\/360 brn|[from] Spikes
|switch|p1a: Florges|Florges, F|360\/360
|
|-heal|p2a: Jesus|269\/360 brn|[from] item: Leftovers
|-damage|p2a: Jesus|224\/360 brn|[from] brn
|turn|32
|
|move|p2a: Jesus|Aromatherapy|p2a: Jesus
|-cureteam|p2a: Jesus|[from] move: Aromatherapy
|move|p1a: Florges|Moonblast|p2a: Jesus
|-damage|p2a: Jesus|149\/360
|-unboost|p2a: Jesus|spa|1
|
|-heal|p2a: Jesus|171\/360|[from] item: Leftovers
|turn|33
|
|switch|p1a: Tentacruel|Tentacruel, M|360\/364
|move|p2a: Jesus|Wish|p2a: Jesus
|
|-heal|p1a: Tentacruel|364\/364|[from] item: Black Sludge
|-heal|p2a: Jesus|193\/360|[from] item: Leftovers
|turn|34
|
|move|p2a: Jesus|Protect|p2a: Jesus
|-singleturn|p2a: Jesus|Protect
|move|p1a: Tentacruel|Toxic|p2a: Jesus
|-activate|p2a: Jesus|Protect
|
|-heal|p2a: Jesus|360\/360|[from] move: Wish|[wisher] Jesus
|turn|35
|
|move|p1a: Tentacruel|Scald|p2a: Jesus
|-damage|p2a: Jesus|309\/360
|move|p2a: Jesus|Wish|p2a: Jesus
|
|-heal|p2a: Jesus|331\/360|[from] item: Leftovers
|turn|36
|
|switch|p2a: Slytherin|Serperior, F|123\/291
|-damage|p2a: Slytherin|87\/291|[from] Spikes
|move|p1a: Tentacruel|Toxic|p2a: Slytherin
|-status|p2a: Slytherin|tox
|
|-heal|p2a: Slytherin|267\/291 tox|[from] move: Wish|[wisher] Jesus
|-damage|p2a: Slytherin|249\/291 tox|[from] psn
|turn|37
|
|switch|p1a: Florges|Florges, F|360\/360
|move|p2a: Slytherin|Leaf Storm|p1a: Florges
|-damage|p1a: Florges|260\/360
|-boost|p2a: Slytherin|spa|2
|
|-heal|p1a: Florges|282\/360|[from] item: Leftovers
|-damage|p2a: Slytherin|213\/291 tox|[from] psn
|turn|38
|
|move|p1a: Florges|Protect|p1a: Florges
|-singleturn|p1a: Florges|Protect
|move|p2a: Slytherin|Leaf Storm|p1a: Florges
|-activate|p1a: Florges|Protect
|
|-heal|p1a: Florges|304\/360|[from] item: Leftovers
|-damage|p2a: Slytherin|159\/291 tox|[from] psn
|turn|39
|
|switch|p2a: Shin|Beedrill-Mega, M|238\/271
|-damage|p2a: Shin|205\/271|[from] Spikes
|move|p1a: Florges|Moonblast|p2a: Shin
|-resisted|p2a: Shin
|-damage|p2a: Shin|128\/271
|
|-heal|p1a: Florges|326\/360|[from] item: Leftovers
|turn|40
|
|switch|p1a: Jellicent|Jellicent, M|346\/404
|move|p2a: Shin|U-turn|p1a: Jellicent
|-resisted|p1a: Jellicent
|-damage|p1a: Jellicent|262\/404
|join|Arcadeotic
|
|switch|p2a: Ravenclaw|Crobat, F|263\/323
|
|-heal|p2a: Ravenclaw|283\/323|[from] item: Black Sludge
|-heal|p1a: Jellicent|287\/404|[from] item: Leftovers
|turn|41
|c| Arcadeotic|lol rematch
|
|move|p2a: Ravenclaw|Taunt|p1a: Jellicent
|-start|p1a: Jellicent|move: Taunt
|cant|p1a: Jellicent|move: Taunt|Will-O-Wisp
|
|-heal|p2a: Ravenclaw|303\/323|[from] item: Black Sludge
|-heal|p1a: Jellicent|312\/404|[from] item: Leftovers
|turn|42
|
|switch|p1a: Tentacruel|Tentacruel, M|364\/364
|move|p2a: Ravenclaw|Brave Bird|p1a: Tentacruel
|-damage|p1a: Tentacruel|213\/364
|-damage|p2a: Ravenclaw|253\/323|[from] recoil|[of] p1a: Tentacruel
|
|-heal|p2a: Ravenclaw|273\/323|[from] item: Black Sludge
|-heal|p1a: Tentacruel|235\/364|[from] item: Black Sludge
|turn|43
|
|move|p2a: Ravenclaw|Brave Bird|p1a: Tentacruel
|-damage|p1a: Tentacruel|64\/364
|-damage|p2a: Ravenclaw|217\/323|[from] recoil|[of] p1a: Tentacruel
|move|p1a: Tentacruel|Knock Off|p2a: Ravenclaw
|-damage|p2a: Ravenclaw|153\/323
|-enditem|p2a: Ravenclaw|Black Sludge|[from] move: Knock Off|[of] p1a: Tentacruel
|
|-heal|p1a: Tentacruel|86\/364|[from] item: Black Sludge
|turn|44
|
|switch|p1a: Jellicent|Jellicent, M|312\/404
|move|p2a: Ravenclaw|Roost|p2a: Ravenclaw
|-heal|p2a: Ravenclaw|315\/323
|
|-heal|p1a: Jellicent|337\/404|[from] item: Leftovers
|turn|45
|
|move|p2a: Ravenclaw|Taunt|p1a: Jellicent
|-start|p1a: Jellicent|move: Taunt
|cant|p1a: Jellicent|move: Taunt|Taunt
|
|-heal|p1a: Jellicent|362\/404|[from] item: Leftovers
|turn|46
|
|move|p2a: Ravenclaw|Brave Bird|p1a: Jellicent
|-damage|p1a: Jellicent|215\/404
|-damage|p2a: Ravenclaw|266\/323|[from] recoil|[of] p1a: Jellicent
|move|p1a: Jellicent|Scald|p2a: Ravenclaw
|-damage|p2a: Ravenclaw|170\/323
|-status|p2a: Ravenclaw|brn
|
|-heal|p1a: Jellicent|240\/404|[from] item: Leftovers
|-damage|p2a: Ravenclaw|130\/323 brn|[from] brn
|turn|47
|
|switch|p2a: Jesus|Florges, F|331\/360
|-damage|p2a: Jesus|286\/360|[from] Spikes
|switch|p1a: Florges|Florges, F|326\/360
|
|-heal|p2a: Jesus|308\/360|[from] item: Leftovers
|-heal|p1a: Florges|348\/360|[from] item: Leftovers
|turn|48
|
|switch|p1a: Tentacruel|Tentacruel, M|86\/364
|move|p2a: Jesus|Aromatherapy|p2a: Jesus
|-cureteam|p2a: Jesus|[from] move: Aromatherapy
|
|-heal|p1a: Tentacruel|108\/364|[from] item: Black Sludge
|-heal|p2a: Jesus|330\/360|[from] item: Leftovers
|turn|49
|
|move|p1a: Tentacruel|Knock Off|p2a: Jesus
|-resisted|p2a: Jesus
|-damage|p2a: Jesus|302\/360
|-enditem|p2a: Jesus|Leftovers|[from] move: Knock Off|[of] p1a: Tentacruel
|move|p2a: Jesus|Wish|p2a: Jesus
|
|-heal|p1a: Tentacruel|130\/364|[from] item: Black Sludge
|turn|50
|
|switch|p2a: Shin|Beedrill-Mega, M|128\/271
|-damage|p2a: Shin|95\/271|[from] Spikes
|move|p1a: Tentacruel|Scald|p2a: Shin
|-damage|p2a: Shin|8\/271
|-status|p2a: Shin|brn
|
|-heal|p2a: Shin|188\/271 brn|[from] move: Wish|[wisher] Jesus
|-heal|p1a: Tentacruel|152\/364|[from] item: Black Sludge
|-damage|p2a: Shin|155\/271 brn|[from] brn
|turn|51
|
|switch|p2a: Skippert|Swampert, F|404\/404
|-damage|p2a: Skippert|354\/404|[from] Spikes
|switch|p1a: Jellicent|Jellicent, M|240\/404
|
|-heal|p1a: Jellicent|265\/404|[from] item: Leftovers
|-heal|p2a: Skippert|379\/404|[from] item: Leftovers
|turn|52
|
|move|p1a: Jellicent|Taunt|p2a: Skippert
|-start|p2a: Skippert|move: Taunt
|move|p2a: Skippert|Earthquake|p1a: Jellicent
|-damage|p1a: Jellicent|144\/404
|
|-heal|p1a: Jellicent|169\/404|[from] item: Leftovers
|-heal|p2a: Skippert|404\/404|[from] item: Leftovers
|turn|53
|
|switch|p2a: Slytherin|Serperior, F|159\/291
|-damage|p2a: Slytherin|123\/291|[from] Spikes
|move|p1a: Jellicent|Recover|p1a: Jellicent
|-heal|p1a: Jellicent|371\/404
|
|-heal|p1a: Jellicent|396\/404|[from] item: Leftovers
|turn|54
|
|switch|p2a: Jesus|Florges, F|302\/360
|-damage|p2a: Jesus|257\/360|[from] Spikes
|switch|p1a: Goodra|Goodra, M|228\/384
|
|-heal|p1a: Goodra|252\/384|[from] item: Leftovers
|turn|55
|
|switch|p1a: Jellicent|Jellicent, M|396\/404
|move|p2a: Jesus|Aromatherapy|p2a: Jesus
|-cureteam|p2a: Jesus|[from] move: Aromatherapy
|
|-heal|p1a: Jellicent|404\/404|[from] item: Leftovers
|turn|56
|join|PikaCommando
|join|TYP-Cats
|join|Nedor
|
|move|p2a: Jesus|Protect|p2a: Jesus
|-singleturn|p2a: Jesus|Protect
|move|p1a: Jellicent|Will-O-Wisp|p2a: Jesus
|-activate|p2a: Jesus|Protect
|
|turn|57
|c| PikaCommando|>jesus
|c| TYP-Cats|Turn 56... And its still 5v6?
|join|RoxanneHere
|c|âSunnyORAS|y
|
|move|p2a: Jesus|Wish|p2a: Jesus
|move|p1a: Jellicent|Scald|p2a: Jesus
|-damage|p2a: Jesus|203\/360
|
|turn|58
|c| PikaCommando|hey sunny
|c|âSunnyORAS|hey
|c| PikaCommando|are you ever gonna fight hamoodi
|c|âSunnyORAS|no
|c|âSunnyORAS|plz no
|c| PikaCommando|hes doing OU now
|
|switch|p2a: Slytherin|Serperior, F|123\/291
|-damage|p2a: Slytherin|87\/291|[from] Spikes
|move|p1a: Jellicent|Scald|p2a: Slytherin
|-resisted|p2a: Slytherin
|-damage|p2a: Slytherin|45\/291
|
|-heal|p2a: Slytherin|225\/291|[from] move: Wish|[wisher] Jesus
|turn|59
|c| PikaCommando|he just lost his first OU, because "team testing"
|c| Nedor|ah nice no burn
|c|âSunnyORAS|:O
|c|âSunnyORAS|nb
|c|âSunnyORAS|so basically
|
|switch|p1a: Goodra|Goodra, M|252\/384
|move|p2a: Slytherin|Substitute|p2a: Slytherin
|-start|p2a: Slytherin|Substitute
|-damage|p2a: Slytherin|153\/291
|
|-heal|p1a: Goodra|276\/384|[from] item: Leftovers
|turn|60
|c|âSunnyORAS|he's aban me plz
|
|move|p2a: Slytherin|Dragon Pulse|p1a: Goodra
|-supereffective|p1a: Goodra
|-damage|p1a: Goodra|172\/384
|move|p1a: Goodra|Dragon Tail|p2a: Slytherin
|-end|p2a: Slytherin|Substitute
|
|-heal|p1a: Goodra|196\/384|[from] item: Leftovers
|turn|61
|c| PikaCommando|by the way, he used a serperior too
|c| PikaCommando|and he said it was shit
|c| Arcadeotic|ok
|
|move|p2a: Slytherin|Dragon Pulse|p1a: Goodra
|-supereffective|p1a: Goodra
|-damage|p1a: Goodra|90\/384
|move|p1a: Goodra|Rest|p1a: Goodra
|-status|p1a: Goodra|slp
|-heal|p1a: Goodra|384\/384 slp|[silent]
|-status|p1a: Goodra|slp|[from] move: Rest
|
|turn|62
|c| Nedor|serp is shit in ou
|c| Arcadeotic|not shit in ru
|
|switch|p2a: Jesus|Florges, F|203\/360
|-damage|p2a: Jesus|158\/360|[from] Spikes
|cant|p1a: Goodra|slp
|move|p1a: Goodra|Sleep Talk|p1a: Goodra
|move|p1a: Goodra|Earthquake|p2a: Jesus|[from]Sleep Talk
|-damage|p2a: Jesus|73\/360
|
|turn|63
|
|cant|p1a: Goodra|slp
|move|p1a: Goodra|Sleep Talk|p1a: Goodra
|move|p1a: Goodra|Earthquake|p2a: Jesus|[from]Sleep Talk
|-damage|p2a: Jesus|0 fnt
|faint|p2a: Jesus
|
|c|âSunnyORAS|;-;
|c| Nedor|o
|c|âSunnyORAS|;-;
|c| Nedor|nb
|
|switch|p2a: Shin|Beedrill-Mega, M|155\/271
|-damage|p2a: Shin|122\/271|[from] Spikes
|turn|64
|c|âlapraz|olol
|c| PikaCommando|hold on a second
|c| Arcadeotic|really shit in uu
|c|âSunnyORAS|lucky
|c| PikaCommando|isnt lapraz that guy who fought latias a while ago?
|c|âSunnyORAS|that was REALLY
|c|âlapraz|yeah
|c|âSunnyORAS|lucky mate
|c| Arcadeotic|yeh
|c|âSunnyORAS|1\/3*1\/3
|c|âSunnyORAS|so 1\/9 chane
|
|switch|p1a: Jellicent|Jellicent, M|404\/404
|move|p2a: Shin|U-turn|p1a: Jellicent
|-resisted|p1a: Jellicent
|-damage|p1a: Jellicent|316\/404
|c|âSunnyORAS|nb
|
|switch|p2a: Roll|Rotom-Heat|101\/241
|
|-heal|p1a: Jellicent|341\/404|[from] item: Leftovers
|turn|65
|c|âlapraz|specs rotom
|c|âlapraz|so frustrating
|c| Arcadeotic|yeh
|c| Nedor|sunny that piratepad you made with alts is gr8,,
|
|move|p2a: Roll|Trick|p1a: Jellicent
|-activate|p2a: Roll|move: Trick|[of] p1a: Jellicent
|-item|p1a: Jellicent|Choice Scarf|[from] move: Trick
|-item|p2a: Roll|Leftovers|[from] move: Trick
|move|p1a: Jellicent|Scald|p2a: Roll
|-crit|p2a: Roll
|-supereffective|p2a: Roll
|-damage|p2a: Roll|0 fnt
|faint|p2a: Roll
|
|c|âlapraz|finally
|c| Nedor|~~go into serp~~
|c|âSunnyORAS|fuck
|c|âSunnyORAS|.-.
|
|switch|p2a: Shin|Beedrill-Mega, M|122\/271
|-damage|p2a: Shin|89\/271|[from] Spikes
|turn|66
|c| PikaCommando|why does every match contain at least 1 staller?
|c|âlapraz|I have 6 stallers
|c| PikaCommando|i wanna see some fast all out fights for once
|c|âlapraz|they're not that great
|c| Nedor|"staller" is not considered a role lapraz, pika
|c| PikaCommando|i mean stall players
|c| Nedor|their mons
|c|âSunnyORAS|shit lapras you p good
|c|âSunnyORAS|y can't you be bad
|c|âSunnyORAS|;-;
|c| PikaCommando|people who use stall strats
|join|Eyan
|c| Nedor|sunny voice me,,
|
|move|p2a: Shin|Knock Off|p1a: Jellicent
|-supereffective|p1a: Jellicent
|-damage|p1a: Jellicent|103\/404
|-enditem|p1a: Jellicent|Choice Scarf|[from] move: Knock Off|[of] p2a: Shin
|move|p1a: Jellicent|Scald|p2a: Shin
|-damage|p2a: Shin|0 fnt
|faint|p2a: Shin
|
|c| Arcadeotic|Eyan :3
|c|âSunnyORAS|;-;
|c|âlapraz|ded
|c|âSunnyORAS|BAN ME PLz
|c|âlapraz|worth
|
|switch|p2a: Ravenclaw|Crobat, F|130\/323
|turn|67
|c|âlapraz|the scarf
|c| PikaCommando|most good players i know are stall users
|c| Arcadeotic|lol
|c|âlapraz|it's because good players are smart
|c| Nedor|stall is an aids play style but thats how i got top 100 in ou
|c|âSunnyORAS|sup jellicent?
|
|switch|p1a: Goodra|Goodra, M|384\/384 slp
|move|p2a: Ravenclaw|Brave Bird|p1a: Goodra
|-damage|p1a: Goodra|215\/384 slp
|-damage|p2a: Ravenclaw|74\/323|[from] recoil|[of] p1a: Goodra
|
|-heal|p1a: Goodra|239\/384 slp|[from] item: Leftovers
|turn|68
|
|move|p2a: Ravenclaw|Roost|p2a: Ravenclaw
|-heal|p2a: Ravenclaw|236\/323
|-curestatus|p1a: Goodra|slp
|move|p1a: Goodra|Earthquake|p2a: Ravenclaw
|-supereffective|p2a: Ravenclaw
|-damage|p2a: Ravenclaw|64\/323
|
|-heal|p1a: Goodra|263\/384|[from] item: Leftovers
|turn|69
|c|âSunnyORAS|ogohoho nb
|c|âlapraz|ooft
|c| Nedor|2 gud
|c|âlapraz|the bulk
|c| Eyan|rest talk, dragon tail, EQ?
|
|move|p2a: Ravenclaw|Roost|p2a: Ravenclaw
|-heal|p2a: Ravenclaw|226\/323
|move|p1a: Goodra|Earthquake|p2a: Ravenclaw
|-supereffective|p2a: Ravenclaw
|-damage|p2a: Ravenclaw|38\/323
|
|-heal|p1a: Goodra|287\/384|[from] item: Leftovers
|turn|70
|c|âlapraz|yeah
|c| Eyan|nice
|
|move|p2a: Ravenclaw|Brave Bird|p1a: Goodra
|-damage|p1a: Goodra|116\/384
|-damage|p2a: Ravenclaw|0 fnt|[from] recoil|[of] p1a: Goodra
|faint|p2a: Ravenclaw
|move|p1a: Goodra|Earthquake|p2: Ravenclaw|[notarget]
|-notarget
|
|-heal|p1a: Goodra|140\/384|[from] item: Leftovers
|
|switch|p2a: Skippert|Swampert, F|404\/404
|-damage|p2a: Skippert|354\/404|[from] Spikes
|turn|71
|c|âSunnyORAS|can't do shit
|c|âSunnyORAS|wp man
|c| Nedor|~~mega~~
|c|âlapraz|gg
|c|âSunnyORAS|GO MEGA PERT
|
|switch|p1a: Chesnaught|Chesnaught, M|380\/380
|move|p2a: Skippert|Earthquake|p1a: Chesnaught
|-resisted|p1a: Chesnaught
|-damage|p1a: Chesnaught|343\/380
|
|-heal|p1a: Chesnaught|366\/380|[from] item: Leftovers
|-heal|p2a: Skippert|379\/404|[from] item: Leftovers
|turn|72
|
|switch|p2a: Slytherin|Serperior, F|153\/291
|-damage|p2a: Slytherin|117\/291|[from] Spikes
|move|p1a: Chesnaught|Wood Hammer|p2a: Slytherin
|-resisted|p2a: Slytherin
|-damage|p2a: Slytherin|36\/291
|-damage|p1a: Chesnaught|339\/380|[from] recoil|[of] p2a: Slytherin
|
|-heal|p1a: Chesnaught|362\/380|[from] item: Leftovers
|turn|73
|c| Nedor|preserve the 5-0
|c| Nedor|rofl
|c|âSunnyORAS|kekek
|
|move|p2a: Slytherin|Hidden Power|p1a: Chesnaught
|-supereffective|p1a: Chesnaught
|-damage|p1a: Chesnaught|242\/380
|move|p1a: Chesnaught|Wood Hammer|p2a: Slytherin
|-resisted|p2a: Slytherin
|-damage|p2a: Slytherin|0 fnt
|-damage|p1a: Chesnaught|230\/380|[from] recoil|[of] p2a: Slytherin
|faint|p2a: Slytherin
|
|-heal|p1a: Chesnaught|253\/380|[from] item: Leftovers
|c|âSunnyORAS|sepr is alil weak tho
|
|switch|p2a: Skippert|Swampert, F|379\/404
|-damage|p2a: Skippert|329\/404|[from] Spikes
|turn|74
|c|âSunnyORAS|I was thinking of chanigin to NP Celebi
|c|âSunnyORAS|;-;
|
|move|p1a: Chesnaught|Wood Hammer|p2a: Skippert
|-supereffective|p2a: Skippert
|-damage|p2a: Skippert|0 fnt
|-damage|p1a: Chesnaught|144\/380|[from] recoil|[of] p2a: Skippert
|faint|p2a: Skippert
|
|win|lapraz
|raw|Ladder updating...
|raw|lapraz's rating: 1672 &rarr; <strong>1688<\/strong><br \/>(+16 for winning)
|raw|SunnyORAS's rating: 1590 &rarr; <strong>1575<\/strong><br \/>(-15 for losing)
|c|âSunnyORAS|gg mate
|c|âlapraz|plz don't
|c|âlapraz|gg
|c|âSunnyORAS|closer
|c|âlapraz|serp is so easy to handle
|c|âSunnyORAS|than the scorelinge would suggest
|c|âSunnyORAS|;-;
|c| PikaCommando|that was a nice match
|leave|Nedor
|leave|Eyan
|c| PikaCommando|if not for the stalling
|c|âSunnyORAS|thank you
|leave|Arcadeotic
|leave|PikaCommando
|c|âSunnyORAS|I tried to make plays
|join|asxasx
|c|âSunnyORAS|all over you
|c|âlapraz|well you got steelix lol
|c|âSunnyORAS|but serperior is too ass to break anything without +2
|c|âSunnyORAS|;-;
|c|âSunnyORAS|I would have had it earlier
|c|âSunnyORAS|but I was to chicken
|c|âlapraz|was expecting scarf but i got rused
|c|âSunnyORAS|to click overheat
|c|âSunnyORAS|first up
|c|âSunnyORAS|lol
|leave|lapraz
|player|p1
|c|âSunnyORAS|brb saving replay lol