|join|SunnyORAS
|join|lol alts are weird
|player|p1|SunnyORAS|290
|player|p2|lol alts are weird|277
|gametype|singles
|gen|6
|tier|UU
|rule|Sleep Clause Mod: Limit one foe put to sleep
|rule|Species Clause: Limit one of each PokÃ©mon
|rule|OHKO Clause: OHKO moves are banned
|rule|Moody Clause: Moody is banned
|rule|Evasion Moves Clause: Evasion moves are banned
|rule|Endless Battle Clause: Forcing endless battles is banned
|rule|HP Percentage Mod: HP is shown in percentages
|clearpoke
|poke|p1|Rotom-Heat
|poke|p1|Swampert, M
|poke|p1|Beedrill, F
|poke|p1|Florges, F
|poke|p1|Serperior, M
|poke|p1|Crobat, F
|poke|p2|Jirachi, shiny
|poke|p2|Crobat, M
|poke|p2|Swampert, M
|poke|p2|Ampharos, F
|poke|p2|Florges, F
|poke|p2|Chesnaught, M
|rule|Swagger Clause: Swagger is banned
|rule|Baton Pass Clause: Limit one PokÃ©mon knowing Baton Pass
|teampreview
|c|âlol alts are weird|stall
|c|âSunnyORAS|how is that bad lol
|c|âlol alts are weird|idk
|c|âSunnyORAS|solid semistall
|c|âlol alts are weird|it looks bad
|c|âSunnyORAS|ok hmmmmmmmmmmmmmmmmm
|c|âSunnyORAS|b00p
|
|start
|switch|p1a: Swampert|Swampert, M|404\/404
|switch|p2a: Chesnaught|Chesnaught, M|380\/380
|turn|1
|c|âSunnyORAS|turn one
|c|âlol alts are weird|hi swampert
|c|âSunnyORAS|;-;
|
|switch|p1a: Beedrill|Beedrill, F|271\/271
|move|p2a: Chesnaught|Spikes|p1a: Beedrill
|-sidestart|p1: SunnyORAS|Spikes
|
|turn|2
|
|detailschange|p1a: Beedrill|Beedrill-Mega, F
|-mega|p1a: Beedrill|Beedrill|Beedrillite
|move|p1a: Beedrill|Poison Jab|p2a: Chesnaught
|-supereffective|p2a: Chesnaught
|-damage|p2a: Chesnaught|96\/380
|move|p2a: Chesnaught|Spikes|p1a: Beedrill
|-sidestart|p1: SunnyORAS|Spikes
|
|-heal|p2a: Chesnaught|119\/380|[from] item: Leftovers
|turn|3
|c|âSunnyORAS|mfw not real enough
|c|âlol alts are weird|idk if thats a problem or not
|c|âlol alts are weird|oh
|c|âlol alts are weird|it is
|c|âSunnyORAS|mfw chestnaught doesn't die
|c|âSunnyORAS|ffffffffffffffff
|c|âlol alts are weird|lol
|
|switch|p2a: Crobat|Crobat, M|373\/373
|move|p1a: Beedrill|Knock Off|p2a: Crobat
|-damage|p2a: Crobat|224\/373
|-enditem|p2a: Crobat|Black Sludge|[from] move: Knock Off|[of] p1a: Beedrill
|
|turn|4
|c|âSunnyORAS|keeke
|
|switch|p1a: Rotom-Heat|Rotom-Heat|241\/241
|move|p2a: Crobat|U-turn|p1a: Rotom-Heat
|-resisted|p1a: Rotom-Heat
|-damage|p1a: Rotom-Heat|217\/241
|c|âlol alts are weird|:^)
|
|switch|p2a: Ampharos|Ampharos, F|383\/383
|
|turn|5
|c|âlol alts are weird|go into crobat here
|c|âlol alts are weird|instead of florges
|c|âSunnyORAS|hmmmmmmmmmmmmmmmmmm
|
|detailschange|p2a: Ampharos|Ampharos-Mega, F
|-mega|p2a: Ampharos|Ampharos|Ampharosite
|-ability|p2a: Ampharos|Mold Breaker
|move|p1a: Rotom-Heat|Volt Switch|p2a: Ampharos
|-resisted|p2a: Ampharos
|-damage|p2a: Ampharos|354\/383
|
|switch|p1a: Florges|Florges, F|360\/360
|-damage|p1a: Florges|300\/360|[from] Spikes
|move|p2a: Ampharos|Dragon Pulse|p1a: Florges
|-immune|p1a: Florges|[msg]
|
|-heal|p1a: Florges|322\/360|[from] item: Leftovers
|turn|6
|c|âSunnyORAS|time to make lord plays
|c|âlol alts are weird|wow nerd
|c|âSunnyORAS|kekeke
|c|âlol alts are weird|i have energy  ball
|c|âlol alts are weird|on jirachi
|c|âSunnyORAS|nah
|c|âlol alts are weird|prepare for this
|
|switch|p1a: Crobat|Crobat, F|323\/323
|switch|p2a: Jirachi|Jirachi, shiny|404\/404
|
|turn|7
|c|âSunnyORAS|NOT REAL ENUF
|c|âSunnyORAS|prepare urself
|
|move|p1a: Crobat|Defog|p2a: Jirachi
|-unboost|p2a: Jirachi|evasion|1
|-sideend|p1: SunnyORAS|Spikes|[from] move: Defog|[of] p1a: Crobat
|move|p2a: Jirachi|Psyshock|p1a: Crobat
|-supereffective|p1a: Crobat
|-damage|p1a: Crobat|77\/323
|
|-heal|p1a: Crobat|97\/323|[from] item: Black Sludge
|turn|8
|c|âlol alts are weird|the fuck is a crobat
|c|âlol alts are weird|u there
|c|âlol alts are weird|?
|c|âSunnyORAS|ye
|
|switch|p1a: Swampert|Swampert, M|404\/404
|move|p2a: Jirachi|Psyshock|p1a: Swampert
|-damage|p1a: Swampert|326\/404
|
|-heal|p1a: Swampert|351\/404|[from] item: Leftovers
|turn|9
|c|âlol alts are weird|calcing i c
|c|âSunnyORAS|just watching the simpsons :x
|c|âlol alts are weird|o
|c|âlol alts are weird|i have energy ball
|c|âlol alts are weird|go away sawmp
|c|âSunnyORAS|REVEAL ENERGY BALL
|
|switch|p2a: Chesnaught|Chesnaught, M|119\/380
|move|p1a: Swampert|Protect|p1a: Swampert
|-fail|p1a: Swampert
|
|-heal|p2a: Chesnaught|142\/380|[from] item: Leftovers
|-heal|p1a: Swampert|376\/404|[from] item: Leftovers
|turn|10
|c|âSunnyORAS|holy shit...
|c|âlol alts are weird|lmao
|c|âSunnyORAS|seed of doubt PLANTED
|
|move|p2a: Chesnaught|Synthesis|p2a: Chesnaught
|-heal|p2a: Chesnaught|332\/380
|move|p1a: Swampert|Stealth Rock|p2a: Chesnaught
|-sidestart|p2: lol alts are weird|move: Stealth Rock
|
|-heal|p2a: Chesnaught|355\/380|[from] item: Leftovers
|-heal|p1a: Swampert|401\/404|[from] item: Leftovers
|turn|11
|
|switch|p1a: Crobat|Crobat, F|97\/323
|move|p2a: Chesnaught|Spikes|p1a: Crobat
|-sidestart|p1: SunnyORAS|Spikes
|
|-heal|p1a: Crobat|117\/323|[from] item: Black Sludge
|-heal|p2a: Chesnaught|378\/380|[from] item: Leftovers
|turn|12
|c|âSunnyORAS|;-; you're srsly scaring me
|c|âSunnyORAS|;-;
|
|move|p1a: Crobat|Roost|p1a: Crobat
|-heal|p1a: Crobat|279\/323
|move|p2a: Chesnaught|Roar|p1a: Crobat
|drag|p1a: Rotom-Heat|Rotom-Heat|217\/241
|
|-heal|p2a: Chesnaught|380\/380|[from] item: Leftovers
|turn|13
|c|âlol alts are weird|go away nerd
|c|âSunnyORAS|wtf that ballsy?
|c|âlol alts are weird|yes
|c|âSunnyORAS|you have lerned well broda!
|
|switch|p2a: Swampert|Swampert, M|404\/404
|-damage|p2a: Swampert|379\/404|[from] Stealth Rock
|move|p1a: Rotom-Heat|Will-O-Wisp|p2a: Swampert
|-status|p2a: Swampert|brn
|
|-heal|p2a: Swampert|404\/404 brn|[from] item: Leftovers
|-damage|p2a: Swampert|354\/404 brn|[from] brn
|turn|14
|c|âSunnyORAS|kekek
|c|âlol alts are weird|whats a serperior
|c|âSunnyORAS|SERPERIOR INCOMING
|c|âSunnyORAS|also your nerd rocks
|c|âSunnyORAS|fff
|c|âlol alts are weird|go ahead and boost urself to +6
|
|switch|p1a: Serperior|Serperior, M|291\/291
|-damage|p1a: Serperior|255\/291|[from] Spikes
|move|p2a: Swampert|Stealth Rock|p1a: Serperior
|-sidestart|p1: SunnyORAS|move: Stealth Rock
|
|-heal|p2a: Swampert|379\/404 brn|[from] item: Leftovers
|-damage|p2a: Swampert|329\/404 brn|[from] brn
|turn|15
|c|âSunnyORAS|why am I so scared....
|c|âSunnyORAS|;-;
|
|switch|p2a: Jirachi|Jirachi, shiny|404\/404
|-damage|p2a: Jirachi|379\/404|[from] Stealth Rock
|move|p1a: Serperior|Leaf Storm|p2a: Jirachi|[miss]
|-miss|p1a: Serperior|p2a: Jirachi
|
|-heal|p2a: Jirachi|404\/404|[from] item: Leftovers
|turn|16
|c|âSunnyORAS|crobat in coming
|c|âlol alts are weird|ez
|c|âlol alts are weird|lmoa
|c|âSunnyORAS|..................
|c|âSunnyORAS|Skilled :x
|c|âlol alts are weird|stay in
|c|âlol alts are weird|and leaf storm
|c|âlol alts are weird|i dare u
|c|âSunnyORAS|;-;
|c|âlol alts are weird|i dont even have t wave or body slam
|c|âlol alts are weird|if that eases ur soul
|
|switch|p1a: Swampert|Swampert, M|401\/404
|-damage|p1a: Swampert|376\/404|[from] Stealth Rock
|-damage|p1a: Swampert|326\/404|[from] Spikes
|move|p2a: Jirachi|Calm Mind|p2a: Jirachi
|-boost|p2a: Jirachi|spa|1
|-boost|p2a: Jirachi|spd|1
|
|-heal|p1a: Swampert|351\/404|[from] item: Leftovers
|turn|17
|c|âSunnyORAS|not real enuf
|c|âlol alts are weird|not real
|c|âSunnyORAS|;-;
|c|âSunnyORAS|ffffffffffffffffffffffff
|
|switch|p2a: Chesnaught|Chesnaught, M|380\/380
|-damage|p2a: Chesnaught|357\/380|[from] Stealth Rock
|move|p1a: Swampert|Earthquake|p2a: Chesnaught
|-resisted|p2a: Chesnaught
|-damage|p2a: Chesnaught|318\/380
|
|-heal|p2a: Chesnaught|341\/380|[from] item: Leftovers
|-heal|p1a: Swampert|376\/404|[from] item: Leftovers
|turn|18
|c|âSunnyORAS|my god I think that is an awesome team
|c|âSunnyORAS|;-;
|
|switch|p1a: Crobat|Crobat, F|279\/323
|-damage|p1a: Crobat|199\/323|[from] Stealth Rock
|move|p2a: Chesnaught|Roar|p1a: Crobat
|drag|p1a: Beedrill|Beedrill-Mega, F|271\/271
|-damage|p1a: Beedrill|238\/271|[from] Spikes
|-damage|p1a: Beedrill|171\/271|[from] Stealth Rock
|
|-heal|p2a: Chesnaught|364\/380|[from] item: Leftovers
|turn|19
|c|âlol alts are weird|time to shuffle boys
|c|âlol alts are weird|sunny
|c|âlol alts are weird|am i ballsy enough
|c|âSunnyORAS|o_0
|c|âSunnyORAS|lord plays y\/y
|c|âlol alts are weird|ye i think so
|c|âlol alts are weird|im def
|c|âlol alts are weird|ballsy enough
|c|âSunnyORAS|mfw
|c|âSunnyORAS|chest lives through my attacks
|c|âSunnyORAS|balls
|c|âlol alts are weird|*casually switches into crobat**
|
|move|p1a: Beedrill|Poison Jab|p2a: Chesnaught
|-crit|p2a: Chesnaught
|-supereffective|p2a: Chesnaught
|-damage|p2a: Chesnaught|0 fnt
|faint|p2a: Chesnaught
|
|c|âlol alts are weird|wow
|c|âSunnyORAS|kekekeek
|c|âlol alts are weird|this nerd
|c|âSunnyORAS|NERBDRILL
|c|âlol alts are weird|go ahead
|c|âSunnyORAS|i'm naming it that lalala
|c|âlol alts are weird|and die for being so absurd
|
|switch|p2a: Crobat|Crobat, M|224\/373
|-damage|p2a: Crobat|131\/373|[from] Stealth Rock
|turn|20
|c|âSunnyORAS|please be in range
|c|âlol alts are weird|rip my spiker
|c|âSunnyORAS|;-;
|c|âlol alts are weird|how am i gonna win now
|c|âlol alts are weird|lmao
|
|move|p1a: Beedrill|Poison Jab|p2a: Crobat
|-resisted|p2a: Crobat
|-damage|p2a: Crobat|22\/373
|move|p2a: Crobat|Roost|p2a: Crobat
|-heal|p2a: Crobat|209\/373
|
|turn|21
|c|âSunnyORAS|beedrill u fgt
|
|move|p1a: Beedrill|U-turn|p2a: Crobat
|-resisted|p2a: Crobat
|-damage|p2a: Crobat|160\/373
|c|âSunnyORAS|love your setup
|
|switch|p1a: Rotom-Heat|Rotom-Heat|217\/241
|-damage|p1a: Rotom-Heat|157\/241|[from] Stealth Rock
|move|p2a: Crobat|Brave Bird|p1a: Rotom-Heat
|-resisted|p1a: Rotom-Heat
|-damage|p1a: Rotom-Heat|97\/241
|-damage|p2a: Crobat|140\/373|[from] recoil|[of] p1a: Rotom-Heat
|
|turn|22
|c|âSunnyORAS|;-;
|
|switch|p2a: Swampert|Swampert, M|329\/404 brn
|-damage|p2a: Swampert|304\/404 brn|[from] Stealth Rock
|move|p1a: Rotom-Heat|Trick|p2a: Swampert
|-activate|p1a: Rotom-Heat|move: Trick|[of] p2a: Swampert
|-item|p2a: Swampert|Choice Scarf|[from] move: Trick
|-item|p1a: Rotom-Heat|Leftovers|[from] move: Trick
|
|-heal|p1a: Rotom-Heat|112\/241|[from] item: Leftovers
|-damage|p2a: Swampert|254\/404 brn|[from] brn
|turn|23
|
|switch|p1a: Crobat|Crobat, F|199\/323
|-damage|p1a: Crobat|119\/323|[from] Stealth Rock
|move|p2a: Swampert|Roar|p1a: Crobat
|drag|p1a: Beedrill|Beedrill-Mega, F|171\/271
|-damage|p1a: Beedrill|104\/271|[from] Stealth Rock
|-damage|p1a: Beedrill|71\/271|[from] Spikes
|
|-damage|p2a: Swampert|204\/404 brn|[from] brn
|turn|24
|c|âlol alts are weird|im a god rite
|c|âSunnyORAS|;-;
|c|âSunnyORAS|ffffffffff
|c|âlol alts are weird|im such a god
|c|âlol alts are weird|do u see these plays
|c|âSunnyORAS|you baiscally stopped
|c|âSunnyORAS|volt switch\/tick with one move
|
|switch|p2a: Ampharos|Ampharos-Mega, F|354\/383
|-damage|p2a: Ampharos|307\/383|[from] Stealth Rock
|-ability|p2a: Ampharos|Mold Breaker
|move|p1a: Beedrill|U-turn|p2a: Ampharos
|-damage|p2a: Ampharos|185\/383
|c|âSunnyORAS|wp
|c|âSunnyORAS|kekkee
|c|âlol alts are weird|why would u
|c|âSunnyORAS|o_0
|c|âSunnyORAS|wtf
|c|âSunnyORAS|32%
|c|âlol alts are weird|u-turn there
|c|âlol alts are weird|o-o
|c|âSunnyORAS|you have GOT TO BE KIDDING ME
|c|âlol alts are weird|i honestly dunno
|c|âlol alts are weird|why you u-turned
|
|switch|p1a: Serperior|Serperior, M|255\/291
|-damage|p1a: Serperior|219\/291|[from] Stealth Rock
|-damage|p1a: Serperior|183\/291|[from] Spikes
|
|turn|25
|c|âSunnyORAS|izzat the legendarky bold amphy
|c|âlol alts are weird|literally idk o_O
|
|switch|p2a: Jirachi|Jirachi, shiny|404\/404
|-damage|p2a: Jirachi|379\/404|[from] Stealth Rock
|move|p1a: Serperior|Dragon Pulse|p2a: Jirachi
|-resisted|p2a: Jirachi
|-damage|p2a: Jirachi|332\/404
|-damage|p1a: Serperior|154\/291|[from] item: Life Orb
|
|-heal|p2a: Jirachi|357\/404|[from] item: Leftovers
|turn|26
|c|âSunnyORAS|balky sheep
|c|âSunnyORAS|aw shit
|
|move|p1a: Serperior|Leaf Storm|p2a: Jirachi
|-resisted|p2a: Jirachi
|-damage|p2a: Jirachi|253\/404
|-boost|p1a: Serperior|spa|2
|-damage|p1a: Serperior|125\/291|[from] item: Life Orb
|move|p2a: Jirachi|Wish|p2a: Jirachi
|
|-heal|p2a: Jirachi|278\/404|[from] item: Leftovers
|turn|27
|c|âlol alts are weird|o
|c|âlol alts are weird|ur going for it
|c|âlol alts are weird|._.
|c|âSunnyORAS|yup
|
|move|p1a: Serperior|Hidden Power|p2a: Jirachi
|-supereffective|p2a: Jirachi
|-damage|p2a: Jirachi|39\/404
|-damage|p1a: Serperior|96\/291|[from] item: Life Orb
|move|p2a: Jirachi|Calm Mind|p2a: Jirachi
|-boost|p2a: Jirachi|spa|1
|-boost|p2a: Jirachi|spd|1
|
|-heal|p2a: Jirachi|241\/404|[from] move: Wish|[wisher] Jirachi
|-heal|p2a: Jirachi|266\/404|[from] item: Leftovers
|turn|28
|c|âSunnyORAS|;-;
|c|âSunnyORAS|no choice
|c|âSunnyORAS|what the fuck
|c|âSunnyORAS|BULK
|c|âlol alts are weird|uh
|c|âSunnyORAS|man rachi is a nerd\/10
|
|switch|p2a: Ampharos|Ampharos-Mega, F|185\/383
|-damage|p2a: Ampharos|138\/383|[from] Stealth Rock
|-ability|p2a: Ampharos|Mold Breaker
|move|p1a: Serperior|Hidden Power|p2a: Ampharos
|-resisted|p2a: Ampharos
|-damage|p2a: Ampharos|77\/383
|-damage|p1a: Serperior|67\/291|[from] item: Life Orb
|
|turn|29
|c|âlol alts are weird|fuk ampharos its being a nerd
|
|move|p1a: Serperior|Leaf Storm|p2a: Ampharos
|-resisted|p2a: Ampharos
|-damage|p2a: Ampharos|0 fnt
|-boost|p1a: Serperior|spa|2
|-damage|p1a: Serperior|38\/291|[from] item: Life Orb
|faint|p2a: Ampharos
|
|
|switch|p2a: Crobat|Crobat, M|140\/373
|-damage|p2a: Crobat|47\/373|[from] Stealth Rock
|turn|30
|c|âlol alts are weird|rip snake
|c|âSunnyORAS|;-;
|
|move|p2a: Crobat|Brave Bird|p1a: Serperior
|-supereffective|p1a: Serperior
|-damage|p1a: Serperior|0 fnt
|-damage|p2a: Crobat|34\/373|[from] recoil|[of] p1a: Serperior
|faint|p1a: Serperior
|
|join|AllAttack
|c| AllAttack|ah i see
|c|âlol alts are weird|my team is garbaje
|c|âSunnyORAS|:(
|
|switch|p1a: Beedrill|Beedrill-Mega, F|71\/271
|-damage|p1a: Beedrill|4\/271|[from] Stealth Rock
|-damage|p1a: Beedrill|0 fnt|[from] Spikes
|faint|p1a: Beedrill
|c|âSunnyORAS|ded drill
|join|Cat8752
|c| AllAttack|ah
|c|âSunnyORAS|;-;
|
|switch|p1a: Rotom-Heat|Rotom-Heat|112\/241
|-damage|p1a: Rotom-Heat|52\/241|[from] Stealth Rock
|turn|31
|c|âSunnyORAS|nice team fren
|c|âSunnyORAS|;-;
|c| AllAttack|that is nice
|c|âlol alts are weird|oh
|c|âlol alts are weird|ur not scarf anymore
|c| AllAttack|~~but rachi and bat smh~~
|
|move|p2a: Crobat|Roost|p2a: Crobat
|-heal|p2a: Crobat|221\/373
|move|p1a: Rotom-Heat|Volt Switch|p2a: Crobat
|-damage|p2a: Crobat|86\/373
|c| Cat8752|battle me next alt
|c|âlol alts are weird|aa i dont play uu
|c|âlol alts are weird|which is why im ba
|c|âlol alts are weird|d
|c|âlol alts are weird|,,
|c| AllAttack|running those 2 pokes
|
|switch|p1a: Swampert|Swampert, M|376\/404
|-damage|p1a: Swampert|326\/404|[from] Spikes
|-damage|p1a: Swampert|301\/404|[from] Stealth Rock
|
|-heal|p1a: Swampert|326\/404|[from] item: Leftovers
|turn|32
|c|âSunnyORAS|;-;
|c| AllAttack|the most used oml
|c|âSunnyORAS|you are quite good ;-;
|c|âlol alts are weird|lmao
|c| Cat8752|I literally just started playing UU
|
|move|p2a: Crobat|Brave Bird|p1a: Swampert
|-damage|p1a: Swampert|232\/404
|-damage|p2a: Crobat|55\/373|[from] recoil|[of] p1a: Swampert
|move|p1a: Swampert|Earthquake|p2a: Crobat
|-immune|p2a: Crobat|[msg]
|
|-heal|p1a: Swampert|257\/404|[from] item: Leftovers
|turn|33
|c|âlol alts are weird|click eq here
|c|âSunnyORAS|fffffffffffffff
|c|âSunnyORAS|u r hax00r
|
|move|p2a: Crobat|Brave Bird|p1a: Swampert
|-damage|p1a: Swampert|148\/404
|-damage|p2a: Crobat|19\/373|[from] recoil|[of] p1a: Swampert
|move|p1a: Swampert|Earthquake|p2a: Crobat
|-immune|p2a: Crobat|[msg]
|
|-heal|p1a: Swampert|173\/404|[from] item: Leftovers
|turn|34
|c|âlol alts are weird|click eq again
|c|âSunnyORAS|wtf
|c|âlol alts are weird|LMAO
|c|âSunnyORAS|you know me inside out
|c|âSunnyORAS|;-;
|c|âlol alts are weird|now
|c|âlol alts are weird|click
|c|âlol alts are weird|eq
|c|âlol alts are weird|yet again
|
|move|p2a: Crobat|Roost|p2a: Crobat
|-heal|p2a: Crobat|206\/373
|move|p1a: Swampert|Earthquake|p2a: Crobat
|-supereffective|p2a: Crobat
|-damage|p2a: Crobat|0 fnt
|faint|p2a: Crobat
|
|-heal|p1a: Swampert|198\/404|[from] item: Leftovers
|c| Cat8752|alts, I want u 2 break my UU win streak
|c|âlol alts are weird|guh
|c| Cat8752|lol
|c| garbaje|Cat
|c| Cat8752|he technically did
|c| garbaje|in 20 mins I'll use my good team
|
|switch|p2a: Florges|Florges, F|360\/360
|-damage|p2a: Florges|315\/360|[from] Stealth Rock
|turn|35
|c| Cat8752|kewl
garbaje was promoted to Room Voice by lol alts are weird.
|c|âlol alts are weird|garbaje users promote garbaje people
|c| Cat8752|promote me too pls
|c|+garbaje|:]
|
|move|p2a: Florges|Moonblast|p1a: Swampert
|-damage|p1a: Swampert|62\/404
|move|p1a: Swampert|Earthquake|p2a: Florges
|-damage|p2a: Florges|173\/360
|
|-heal|p2a: Florges|195\/360|[from] item: Leftovers
|-heal|p1a: Swampert|87\/404|[from] item: Leftovers
|turn|36
|c|âSunnyORAS|;-;
|c| Cat8752|lol
|c|âlol alts are weird|!Pick promote this nerd, dont promote this nerd
|raw|<div class="infobox"><em>We randomly picked:<\/em> promote this nerd<\/div>
|c|âSunnyORAS|i m bad
|c|âlol alts are weird|kk
|c|+garbaje|lol
|c| Cat8752|yay
Cat8752 was promoted to Room Voice by lol alts are weird.
|c|+Cat8752|:)
|c|âlol alts are weird|:}
|
|switch|p1a: Crobat|Crobat, F|119\/323
|-damage|p1a: Crobat|39\/323|[from] Stealth Rock
|move|p2a: Florges|Wish|p2a: Florges
|
|-heal|p1a: Crobat|59\/323|[from] item: Black Sludge
|-heal|p2a: Florges|217\/360|[from] item: Leftovers
|turn|37
|c|âlol alts are weird|lmoa
|c|âSunnyORAS|holy shit my whole team is worn down
|c|+garbaje|!avatars
|raw|<div class="infobox">You can <button name="avatars">change your avatar<\/button> by clicking on it in the <button name="openOptions"><i class="icon-cog"><\/i> Options<\/button> menu in the upper right. Custom avatars are only obtainable by staff.<\/div>
|c|+garbaje|lol
|
|switch|p2a: Jirachi|Jirachi, shiny|266\/404
|-damage|p2a: Jirachi|241\/404|[from] Stealth Rock
|move|p1a: Crobat|Brave Bird|p2a: Jirachi
|-resisted|p2a: Jirachi
|-damage|p2a: Jirachi|181\/404
|-damage|p1a: Crobat|39\/323|[from] recoil|[of] p2a: Jirachi
|
|-heal|p2a: Jirachi|361\/404|[from] move: Wish|[wisher] Florges
|-heal|p1a: Crobat|59\/323|[from] item: Black Sludge
|-heal|p2a: Jirachi|386\/404|[from] item: Leftovers
|turn|38
|c|âSunnyORAS|;-;
|c|âSunnyORAS|ffffffffffffffffffffffffffffffffffffffffffffffffffffffffffffffffffffff
|c|âlol alts are weird|why am i using
|c|âlol alts are weird|wish cm rachi again
|c|âlol alts are weird|o-o
|c|âSunnyORAS|because ur a lord
|c|+Cat8752|^
|
|move|p1a: Crobat|Taunt|p2a: Jirachi
|-start|p2a: Jirachi|move: Taunt
|cant|p2a: Jirachi|move: Taunt|Calm Mind
|
|-heal|p1a: Crobat|79\/323|[from] item: Black Sludge
|-heal|p2a: Jirachi|404\/404|[from] item: Leftovers
|turn|39
|c|âlol alts are weird|gf
|c|âSunnyORAS|CM rachi is good tho
|
|switch|p1a: Florges|Florges, F|322\/360
|-damage|p1a: Florges|277\/360|[from] Spikes
|-damage|p1a: Florges|232\/360|[from] Stealth Rock
|move|p2a: Jirachi|Psyshock|p1a: Florges
|-damage|p1a: Florges|123\/360
|
|-heal|p1a: Florges|145\/360|[from] item: Leftovers
|turn|40
|c|âlol alts are weird|allattack how garbaje is my team
|c|+Cat8752|!Pick suck up to alts more, start being a good person
|raw|<div class="infobox"><em>We randomly picked:<\/em> start being a good person<\/div>
|c|âSunnyORAS|I prefer mixed rachi tho
|c|+Cat8752|oh
|c|+Cat8752|it didn't work ;-;
|c|âSunnyORAS|wtf.............................
|c|âSunnyORAS|.-.
|c|âSunnyORAS|is that modest
|c|âlol alts are weird|that did so much
|c|âSunnyORAS|252\/252+?
|c|âlol alts are weird|for a rachi
|c|âlol alts are weird|it has no
|c|âlol alts are weird|special attack
|c|âlol alts are weird|LOL
|c|+Cat8752|oh srry alts
|
|move|p2a: Jirachi|Psyshock|p1a: Florges
|-damage|p1a: Florges|43\/360
|move|p1a: Florges|Wish|p1a: Florges
|
|-heal|p1a: Florges|65\/360|[from] item: Leftovers
|-end|p2a: Jirachi|move: Taunt
|turn|41
|c|+Cat8752|I don't worship u anymore
|c|âlol alts are weird|kk
|c|âSunnyORAS|;-;
|
|switch|p1a: Swampert|Swampert, M|87\/404
|-damage|p1a: Swampert|37\/404|[from] Spikes
|-damage|p1a: Swampert|12\/404|[from] Stealth Rock
|move|p2a: Jirachi|Moonblast|p1a: Swampert
|-damage|p1a: Swampert|0 fnt
|faint|p1a: Swampert
|
|c|âSunnyORAS|;-;
|c|âSunnyORAS|FAIL
|c|âlol alts are weird|where is the
|
|switch|p1a: Rotom-Heat|Rotom-Heat|52\/241
|-damage|p1a: Rotom-Heat|0 fnt|[from] Stealth Rock
|faint|p1a: Rotom-Heat
|c|âlol alts are weird|wish + baton pass
|c|âlol alts are weird|vaporeon
|c|âSunnyORAS|holy shit thats a sharp team
|c|âlol alts are weird|]]:
|c|âSunnyORAS|not here
|c|âSunnyORAS|;-;
|c|âlol alts are weird|u need the slowpass fren
|c|âSunnyORAS|MDrill u nerd
|c|âlol alts are weird|]]:
|
|switch|p1a: Florges|Florges, F|65\/360
|-damage|p1a: Florges|20\/360|[from] Spikes
|-damage|p1a: Florges|0 fnt|[from] Stealth Rock
|faint|p1a: Florges
|c|âSunnyORAS|ye
|c|âSunnyORAS|holy fuck
|c|âSunnyORAS|everything got whittled down
|c|âlol alts are weird|hazards + pressure is fun
|c|âSunnyORAS|ded cro
|
|switch|p1a: Crobat|Crobat, F|79\/323
|-damage|p1a: Crobat|0 fnt|[from] Stealth Rock
|faint|p1a: Crobat
|
|win|lol alts are weird
|c|âlol alts are weird|gg fren ouo