|join|lolsidkwhatimdoing
|join|SunnyORAS
|player|p1|lolsidkwhatimdoing|1
|player|p2|SunnyORAS|102
|gametype|singles
|gen|6
|tier|UU
|rated
|rule|Sleep Clause Mod: Limit one foe put to sleep
|rule|Species Clause: Limit one of each PokÃ©mon
|rule|OHKO Clause: OHKO moves are banned
|rule|Moody Clause: Moody is banned
|rule|Evasion Moves Clause: Evasion moves are banned
|rule|Endless Battle Clause: Forcing endless battles is banned
|rule|HP Percentage Mod: HP is shown in percentages
|clearpoke
|poke|p1|Jirachi
|poke|p1|Aerodactyl, M
|poke|p1|Gastrodon, F
|poke|p1|Cresselia, F
|poke|p1|Entei, shiny
|poke|p1|Serperior, F
|poke|p2|Machamp, M
|poke|p2|Swampert, M
|poke|p2|Rhyperior, F
|poke|p2|Crobat, F
|poke|p2|Florges, F
|poke|p2|Chesnaught, F
|rule|Swagger Clause: Swagger is banned
|rule|Baton Pass Clause: Limit one PokÃ©mon knowing Baton Pass
|teampreview
|join|Click Fight Move
|
|start
|switch|p1a: Aerodactyl|Aerodactyl, M|301\/301
|switch|p2a: Swampert|Swampert, M|401\/401
|-ability|p1a: Aerodactyl|Pressure
|turn|1
|join|Blue DrReuniclus3
|
|switch|p1a: Gastrodon|Gastrodon, F|425\/425
|move|p2a: Swampert|Scald|p1a: Gastrodon
|-boost|p1a: Gastrodon|spa|1|[from] ability: Storm Drain
|
|turn|2
|
|move|p2a: Swampert|Stealth Rock|p1a: Gastrodon
|-sidestart|p1: lolsidkwhatimdoing|move: Stealth Rock
|move|p1a: Gastrodon|Scald|p2a: Swampert
|-damage|p2a: Swampert|290\/401
|
|-heal|p2a: Swampert|315\/401|[from] item: Leftovers
|turn|3
|
|switch|p2a: Chesnaught|Chesnaught, F|368\/368
|move|p1a: Gastrodon|Scald|p2a: Chesnaught
|-resisted|p2a: Chesnaught
|-damage|p2a: Chesnaught|280\/368
|
|-heal|p2a: Chesnaught|303\/368|[from] item: Leftovers
|turn|4
|
|switch|p1a: Jirachi|Jirachi|404\/404
|-damage|p1a: Jirachi|379\/404|[from] Stealth Rock
|move|p2a: Chesnaught|Wood Hammer|p1a: Jirachi
|-crit|p1a: Jirachi
|-resisted|p1a: Jirachi
|-damage|p1a: Jirachi|277\/404
|-damage|p2a: Chesnaught|269\/368|[from] recoil|[of] p1a: Jirachi
|
|-heal|p1a: Jirachi|302\/404|[from] item: Leftovers
|-heal|p2a: Chesnaught|292\/368|[from] item: Leftovers
|turn|5
|
|move|p1a: Jirachi|Stealth Rock|p2a: Chesnaught
|-sidestart|p2: SunnyORAS|move: Stealth Rock
|move|p2a: Chesnaught|Spikes|p1a: Jirachi
|-sidestart|p1: lolsidkwhatimdoing|Spikes
|
|-heal|p1a: Jirachi|327\/404|[from] item: Leftovers
|-heal|p2a: Chesnaught|315\/368|[from] item: Leftovers
|turn|6
|
|move|p1a: Jirachi|Wish|p1a: Jirachi
|move|p2a: Chesnaught|Taunt|p1a: Jirachi
|-start|p1a: Jirachi|move: Taunt
|
|-heal|p1a: Jirachi|352\/404|[from] item: Leftovers
|-heal|p2a: Chesnaught|338\/368|[from] item: Leftovers
|turn|7
|c|âSunnyORAS|x_X
|
|switch|p1a: Aerodactyl|Aerodactyl, M|301\/301
|-damage|p1a: Aerodactyl|226\/301|[from] Stealth Rock
|-ability|p1a: Aerodactyl|Pressure
|move|p2a: Chesnaught|Taunt|p1a: Aerodactyl
|-start|p1a: Aerodactyl|move: Taunt
|
|-heal|p1a: Aerodactyl|301\/301|[from] move: Wish|[wisher] Jirachi
|-heal|p2a: Chesnaught|361\/368|[from] item: Leftovers
|turn|8
|c|âSunnyORAS|:]
|
|switch|p2a: Rhyperior|Rhyperior, F|434\/434
|-damage|p2a: Rhyperior|407\/434|[from] Stealth Rock
|detailschange|p1a: Aerodactyl|Aerodactyl-Mega, M
|-mega|p1a: Aerodactyl|Aerodactyl|Aerodactylite
|move|p1a: Aerodactyl|Aerial Ace|p2a: Rhyperior
|-resisted|p2a: Rhyperior
|-damage|p2a: Rhyperior|362\/434
|
|-heal|p2a: Rhyperior|389\/434|[from] item: Leftovers
|turn|9
|
|switch|p1a: Gastrodon|Gastrodon, F|425\/425
|-damage|p1a: Gastrodon|399\/425|[from] Stealth Rock
|-damage|p1a: Gastrodon|346\/425|[from] Spikes
|switch|p2a: Machamp|Machamp, M|384\/384
|-damage|p2a: Machamp|360\/384|[from] Stealth Rock
|
|turn|10
|
|move|p2a: Machamp|Close Combat|p1a: Gastrodon
|-damage|p1a: Gastrodon|159\/425
|-damage|p2a: Machamp|296\/384|[from] item: Rocky Helmet|[of] p1a: Gastrodon
|-unboost|p2a: Machamp|def|1
|-unboost|p2a: Machamp|spd|1
|move|p1a: Gastrodon|Acid Armor|p1a: Gastrodon
|-boost|p1a: Gastrodon|def|2
|
|turn|11
|c|âSunnyORAS|wtf lol
|
|switch|p2a: Swampert|Swampert, M|315\/401
|-damage|p2a: Swampert|290\/401|[from] Stealth Rock
|move|p1a: Gastrodon|Recover|p1a: Gastrodon
|-heal|p1a: Gastrodon|372\/425
|
|-heal|p2a: Swampert|315\/401|[from] item: Leftovers
|turn|12
|
|move|p1a: Gastrodon|Scald|p2a: Swampert
|-damage|p2a: Swampert|242\/401
|-status|p2a: Swampert|brn
|move|p2a: Swampert|Roar|p1a: Gastrodon
|drag|p1a: Aerodactyl|Aerodactyl-Mega, M|301\/301
|-damage|p1a: Aerodactyl|226\/301|[from] Stealth Rock
|
|-heal|p2a: Swampert|267\/401 brn|[from] item: Leftovers
|-damage|p2a: Swampert|217\/401 brn|[from] brn
|turn|13
|c|âSunnyORAS|cancer sets
|
|move|p1a: Aerodactyl|Defog|p2a: Swampert
|-unboost|p2a: Swampert|evasion|1
|-sideend|p2: SunnyORAS|Stealth Rock|[from] move: Defog|[of] p2a: Swampert
|-sideend|p1: lolsidkwhatimdoing|Spikes|[from] move: Defog|[of] p1a: Aerodactyl
|-sideend|p1: lolsidkwhatimdoing|Stealth Rock|[from] move: Defog|[of] p1a: Aerodactyl
|move|p2a: Swampert|Scald|p1a: Aerodactyl
|-supereffective|p1a: Aerodactyl
|-damage|p1a: Aerodactyl|56\/301
|
|-heal|p2a: Swampert|242\/401 brn|[from] item: Leftovers
|-damage|p2a: Swampert|192\/401 brn|[from] brn
|turn|14
|
|switch|p1a: Gastrodon|Gastrodon, F|372\/425
|move|p2a: Swampert|Earthquake|p1a: Gastrodon
|-damage|p1a: Gastrodon|311\/425
|
|-heal|p2a: Swampert|217\/401 brn|[from] item: Leftovers
|-damage|p2a: Swampert|167\/401 brn|[from] brn
|turn|15
|
|switch|p2a: Florges|Florges, F|352\/352
|move|p1a: Gastrodon|Acid Armor|p1a: Gastrodon
|-boost|p1a: Gastrodon|def|2
|
|turn|16
|
|switch|p1a: Jirachi|Jirachi|352\/404
|move|p2a: Florges|Aromatherapy|p2a: Florges
|-cureteam|p2a: Florges|[from] move: Aromatherapy
|
|-heal|p1a: Jirachi|377\/404|[from] item: Leftovers
|turn|17
|
|switch|p2a: Swampert|Swampert, M|167\/401
|move|p1a: Jirachi|Body Slam|p2a: Swampert
|-damage|p2a: Swampert|98\/401
|-status|p2a: Swampert|par
|
|-heal|p1a: Jirachi|402\/404|[from] item: Leftovers
|-heal|p2a: Swampert|123\/401 par|[from] item: Leftovers
|turn|18
|
|move|p1a: Jirachi|Iron Head|p2a: Swampert
|-resisted|p2a: Swampert
|-damage|p2a: Swampert|76\/401 par
|cant|p2a: Swampert|flinch
|
|-heal|p1a: Jirachi|404\/404|[from] item: Leftovers
|-heal|p2a: Swampert|101\/401 par|[from] item: Leftovers
|turn|19
|
|switch|p2a: Rhyperior|Rhyperior, F|389\/434
|move|p1a: Jirachi|Iron Head|p2a: Rhyperior
|-supereffective|p2a: Rhyperior
|-damage|p2a: Rhyperior|302\/434
|
|-heal|p2a: Rhyperior|329\/434|[from] item: Leftovers
|turn|20
|
|switch|p1a: Serperior|Serperior, F|291\/291
|switch|p2a: Chesnaught|Chesnaught, F|361\/368
|
|-heal|p2a: Chesnaught|368\/368|[from] item: Leftovers
|turn|21
|
|move|p1a: Serperior|Leaf Storm|p2a: Chesnaught
|-crit|p2a: Chesnaught
|-resisted|p2a: Chesnaught
|-damage|p2a: Chesnaught|168\/368
|-boost|p1a: Serperior|spa|2
|-damage|p1a: Serperior|262\/291|[from] item: Life Orb
|move|p2a: Chesnaught|Spikes|p1a: Serperior
|-sidestart|p1: lolsidkwhatimdoing|Spikes
|
|-heal|p2a: Chesnaught|191\/368|[from] item: Leftovers
|turn|22
|c|âSunnyORAS|x_X
|
|switch|p2a: Crobat|Crobat, F|373\/373
|move|p1a: Serperior|Glare|p2a: Crobat
|-status|p2a: Crobat|par
|
|turn|23
|
|switch|p1a: Jirachi|Jirachi|404\/404
|-damage|p1a: Jirachi|354\/404|[from] Spikes
|switch|p2a: Rhyperior|Rhyperior, F|329\/434
|
|-heal|p1a: Jirachi|379\/404|[from] item: Leftovers
|-heal|p2a: Rhyperior|356\/434|[from] item: Leftovers
|turn|24
|
|switch|p2a: Florges|Florges, F|352\/352
|move|p1a: Jirachi|Stealth Rock|p2a: Florges
|-sidestart|p2: SunnyORAS|move: Stealth Rock
|
|-heal|p1a: Jirachi|404\/404|[from] item: Leftovers
|turn|25
|
|move|p1a: Jirachi|Iron Head|p2a: Florges
|-supereffective|p2a: Florges
|-damage|p2a: Florges|158\/352
|move|p2a: Florges|Aromatherapy|p2a: Florges
|-cureteam|p2a: Florges|[from] move: Aromatherapy
|
|-heal|p2a: Florges|180\/352|[from] item: Leftovers
|turn|26
|
|move|p2a: Florges|Protect|p2a: Florges
|-singleturn|p2a: Florges|Protect
|move|p1a: Jirachi|Iron Head|p2a: Florges
|-activate|p2a: Florges|Protect
|
|-heal|p2a: Florges|202\/352|[from] item: Leftovers
|turn|27
|
|switch|p2a: Rhyperior|Rhyperior, F|356\/434
|-damage|p2a: Rhyperior|329\/434|[from] Stealth Rock
|move|p1a: Jirachi|Body Slam|p2a: Rhyperior
|-resisted|p2a: Rhyperior
|-damage|p2a: Rhyperior|307\/434
|
|-heal|p2a: Rhyperior|334\/434|[from] item: Leftovers
|turn|28
|
|move|p1a: Jirachi|Wish|p1a: Jirachi
|move|p2a: Rhyperior|Earthquake|p1a: Jirachi
|-supereffective|p1a: Jirachi
|-damage|p1a: Jirachi|20\/404
|
|-heal|p1a: Jirachi|45\/404|[from] item: Leftovers
|-heal|p2a: Rhyperior|361\/434|[from] item: Leftovers
|turn|29
|
|switch|p1a: Serperior|Serperior, F|262\/291
|-damage|p1a: Serperior|226\/291|[from] Spikes
|move|p2a: Rhyperior|Fire Punch|p1a: Serperior
|-supereffective|p1a: Serperior
|-damage|p1a: Serperior|24\/291
|
|-heal|p1a: Serperior|226\/291|[from] move: Wish|[wisher] Jirachi
|-heal|p2a: Rhyperior|388\/434|[from] item: Leftovers
|turn|30
|
|switch|p2a: Crobat|Crobat, F|373\/373
|-damage|p2a: Crobat|280\/373|[from] Stealth Rock
|move|p1a: Serperior|Leaf Storm|p2a: Crobat|[miss]
|-miss|p1a: Serperior|p2a: Crobat
|
|-heal|p2a: Crobat|303\/373|[from] item: Black Sludge
|turn|31
|
|switch|p1a: Gastrodon|Gastrodon, F|311\/425
|-damage|p1a: Gastrodon|258\/425|[from] Spikes
|move|p2a: Crobat|Brave Bird|p1a: Gastrodon
|-damage|p1a: Gastrodon|149\/425
|-damage|p2a: Crobat|241\/373|[from] item: Rocky Helmet|[of] p1a: Gastrodon
|-damage|p2a: Crobat|205\/373|[from] recoil|[of] p1a: Gastrodon
|
|-heal|p2a: Crobat|228\/373|[from] item: Black Sludge
|turn|32
|
|move|p2a: Crobat|Taunt|p1a: Gastrodon
|-start|p1a: Gastrodon|move: Taunt
|move|p1a: Gastrodon|Scald|p2a: Crobat
|-damage|p2a: Crobat|129\/373
|-status|p2a: Crobat|brn
|
|-heal|p2a: Crobat|152\/373 brn|[from] item: Black Sludge
|-damage|p2a: Crobat|106\/373 brn|[from] brn
|turn|33
|
|switch|p2a: Chesnaught|Chesnaught, F|191\/368
|-damage|p2a: Chesnaught|168\/368|[from] Stealth Rock
|move|p1a: Gastrodon|Scald|p2a: Chesnaught
|-resisted|p2a: Chesnaught
|-damage|p2a: Chesnaught|114\/368
|-status|p2a: Chesnaught|brn
|
|-heal|p2a: Chesnaught|137\/368 brn|[from] item: Leftovers
|-damage|p2a: Chesnaught|91\/368 brn|[from] brn
|turn|34
|
|switch|p1a: Serperior|Serperior, F|226\/291
|-damage|p1a: Serperior|190\/291|[from] Spikes
|move|p2a: Chesnaught|Synthesis|p2a: Chesnaught
|-heal|p2a: Chesnaught|275\/368 brn
|
|-heal|p2a: Chesnaught|298\/368 brn|[from] item: Leftovers
|-damage|p2a: Chesnaught|252\/368 brn|[from] brn
|turn|35
|
|move|p1a: Serperior|Leaf Storm|p2a: Chesnaught
|-resisted|p2a: Chesnaught
|-damage|p2a: Chesnaught|131\/368 brn
|-boost|p1a: Serperior|spa|2
|-damage|p1a: Serperior|161\/291|[from] item: Life Orb
|move|p2a: Chesnaught|Wood Hammer|p1a: Serperior
|-resisted|p1a: Serperior
|-damage|p1a: Serperior|119\/291
|-damage|p2a: Chesnaught|117\/368 brn|[from] recoil|[of] p1a: Serperior
|
|-heal|p2a: Chesnaught|140\/368 brn|[from] item: Leftovers
|-damage|p2a: Chesnaught|94\/368 brn|[from] brn
|turn|36
|
|move|p1a: Serperior|Hidden Power|p2a: Chesnaught
|-supereffective|p2a: Chesnaught
|-damage|p2a: Chesnaught|0 fnt
|-damage|p1a: Serperior|90\/291|[from] item: Life Orb
|faint|p2a: Chesnaught
|
|
|switch|p2a: Machamp|Machamp, M|296\/384
|-damage|p2a: Machamp|272\/384|[from] Stealth Rock
|turn|37
|
|switch|p1a: Gastrodon|Gastrodon, F|149\/425
|-damage|p1a: Gastrodon|96\/425|[from] Spikes
|move|p2a: Machamp|Knock Off|p1a: Gastrodon
|-damage|p1a: Gastrodon|0 fnt
|-damage|p2a: Machamp|208\/384|[from] item: Rocky Helmet|[of] p1a: Gastrodon
|-enditem|p1a: Gastrodon|Rocky Helmet|[from] move: Knock Off|[of] p2a: Machamp
|faint|p1a: Gastrodon
|
|
|switch|p1a: Entei|Entei, shiny|385\/385
|-damage|p1a: Entei|337\/385|[from] Spikes
|-ability|p1a: Entei|Pressure
|turn|38
|join|Serperior BaeBlade
|
|switch|p2a: Rhyperior|Rhyperior, F|388\/434
|-damage|p2a: Rhyperior|361\/434|[from] Stealth Rock
|move|p1a: Entei|Sacred Fire|p2a: Rhyperior
|-resisted|p2a: Rhyperior
|-damage|p2a: Rhyperior|284\/434
|-status|p2a: Rhyperior|brn
|-damage|p1a: Entei|299\/385|[from] item: Life Orb
|
|-heal|p2a: Rhyperior|311\/434 brn|[from] item: Leftovers
|-damage|p2a: Rhyperior|257\/434 brn|[from] brn
|turn|39
|
|switch|p1a: Cresselia|Cresselia, F|444\/444
|move|p2a: Rhyperior|Rock Blast|p1a: Cresselia
|-damage|p1a: Cresselia|429\/444
|-damage|p1a: Cresselia|416\/444
|-damage|p1a: Cresselia|401\/444
|-damage|p1a: Cresselia|386\/444
|-hitcount|p1a: Cresselia|4
|
|-heal|p1a: Cresselia|413\/444|[from] item: Leftovers
|-heal|p2a: Rhyperior|284\/434 brn|[from] item: Leftovers
|-damage|p2a: Rhyperior|230\/434 brn|[from] brn
|turn|40
|
|switch|p2a: Swampert|Swampert, M|101\/401
|-damage|p2a: Swampert|76\/401|[from] Stealth Rock
|move|p1a: Cresselia|Calm Mind|p1a: Cresselia
|-boost|p1a: Cresselia|spa|1
|-boost|p1a: Cresselia|spd|1
|
|-heal|p1a: Cresselia|440\/444|[from] item: Leftovers
|-heal|p2a: Swampert|101\/401|[from] item: Leftovers
|turn|41
|
|move|p1a: Cresselia|Psyshock|p2a: Swampert
|-damage|p2a: Swampert|0 fnt
|faint|p2a: Swampert
|
|-heal|p1a: Cresselia|444\/444|[from] item: Leftovers
|-message|SunnyORAS forfeited.
|
|win|lolsidkwhatimdoing
|raw|Ladder updating...
|raw|lolsidkwhatimdoing's rating: 1478 &rarr; <strong>1501<\/strong><br \/>(+23 for winning)
|raw|SunnyORAS's rating: 1525 &rarr; <strong>1503<\/strong><br \/>(-22 for losing)
|c|âlolsidkwhatimdoing|gg
|c|âSunnyORAS|gg