|join|Karalynia
|join|weepeverybattle
|player|p1|Karalynia|209
|player|p2|weepeverybattle|70
|gametype|singles
|gen|6
|tier|UU
|rated
|rule|Sleep Clause Mod: Limit one foe put to sleep
|rule|Species Clause: Limit one of each PokÃ©mon
|rule|OHKO Clause: OHKO moves are banned
|rule|Moody Clause: Moody is banned
|rule|Evasion Moves Clause: Evasion moves are banned
|rule|Endless Battle Clause: Forcing endless battles is banned
|rule|HP Percentage Mod: HP is shown in percentages
|clearpoke
|poke|p1|Raikou, shiny
|poke|p1|Snorlax, M
|poke|p1|Aerodactyl, F
|poke|p1|Krookodile, M
|poke|p1|Yanmega, F, shiny
|poke|p1|Toxicroak, M
|poke|p2|Starmie
|poke|p2|Ampharos, F
|poke|p2|Snorlax, F
|poke|p2|Lucario, F
|poke|p2|Celebi
|poke|p2|Infernape, F
|rule|Swagger Clause: Swagger is banned
|rule|Baton Pass Clause: Limit one PokÃ©mon knowing Baton Pass
|teampreview
|c|âKaralynia|glhf
|c|âweepeverybattle|you too :)
|
|start
|switch|p1a: Intoxicate|Toxicroak, M|307\/307
|switch|p2a: Ampharos|Ampharos, F|383\/383
|turn|1
|
|detailschange|p2a: Ampharos|Ampharos-Mega, F
|-mega|p2a: Ampharos|Ampharos|Ampharosite
|-ability|p2a: Ampharos|Mold Breaker
|move|p1a: Intoxicate|Swords Dance|p1a: Intoxicate
|-boost|p1a: Intoxicate|atk|2
|move|p2a: Ampharos|Dragon Pulse|p1a: Intoxicate
|-damage|p1a: Intoxicate|91\/307
|
|turn|2
|
|move|p1a: Intoxicate|Drain Punch|p2a: Ampharos
|-damage|p2a: Ampharos|230\/383
|-heal|p1a: Intoxicate|168\/307|[from] drain|[of] p2a: Ampharos
|move|p2a: Ampharos|Volt Switch|p1a: Intoxicate
|-damage|p1a: Intoxicate|0 fnt
|faint|p1a: Intoxicate
|
|switch|p2a: Infernape|Infernape, F|293\/293
|
|
|switch|p1a: Pterodactyl|Aerodactyl, F|302\/302
|turn|3
|
|switch|p2a: Snorlax|Snorlax, F|523\/523
|detailschange|p1a: Pterodactyl|Aerodactyl-Mega, F
|-mega|p1a: Pterodactyl|Aerodactyl|Aerodactylite
|move|p1a: Pterodactyl|Aerial Ace|p2a: Snorlax
|-damage|p2a: Snorlax|321\/523
|
|turn|4
|
|move|p1a: Pterodactyl|Rock Slide|p2a: Snorlax
|-miss|p1a: Pterodactyl|p2a: Snorlax
|move|p2a: Snorlax|Return|p1a: Pterodactyl
|-resisted|p1a: Pterodactyl
|-damage|p1a: Pterodactyl|141\/302
|
|turn|5
|
|move|p1a: Pterodactyl|Rock Slide|p2a: Snorlax
|-damage|p2a: Snorlax|111\/523
|cant|p2a: Snorlax|flinch
|
|turn|6
|c|âKaralynia|;-;
|
|move|p1a: Pterodactyl|Aerial Ace|p2a: Snorlax
|-damage|p2a: Snorlax|0 fnt
|faint|p2a: Snorlax
|
|
|switch|p2a: Infernape|Infernape, F|293\/293
|turn|7
|
|move|p2a: Infernape|Close Combat|p1a: Pterodactyl
|-damage|p1a: Pterodactyl|0 fnt
|-unboost|p2a: Infernape|def|1
|-unboost|p2a: Infernape|spd|1
|faint|p1a: Pterodactyl
|
|
|switch|p1a: Dragonfly|Yanmega, F, shiny|313\/313
|turn|8
|
|switch|p2a: Ampharos|Ampharos-Mega, F|230\/383
|-ability|p2a: Ampharos|Mold Breaker
|move|p1a: Dragonfly|Bug Buzz|p2a: Ampharos
|-damage|p2a: Ampharos|42\/383
|-damage|p1a: Dragonfly|282\/313|[from] item: Life Orb
|
|-boost|p1a: Dragonfly|spe|1|[from] ability: Speed Boost
|turn|9
|
|move|p1a: Dragonfly|Giga Drain|p2a: Ampharos
|-resisted|p2a: Ampharos
|-damage|p2a: Ampharos|0 fnt
|-heal|p1a: Dragonfly|303\/313|[from] drain|[of] p2a: Ampharos
|-damage|p1a: Dragonfly|272\/313|[from] item: Life Orb
|faint|p2a: Ampharos
|
|-boost|p1a: Dragonfly|spe|1|[from] ability: Speed Boost
|
|switch|p2a: Lucario|Lucario, F|281\/281
|turn|10
|
|move|p1a: Dragonfly|Air Slash|p2a: Lucario
|-damage|p2a: Lucario|34\/281
|-damage|p1a: Dragonfly|241\/313|[from] item: Life Orb
|cant|p2a: Lucario|flinch
|
|-boost|p1a: Dragonfly|spe|1|[from] ability: Speed Boost
|turn|11
|
|move|p2a: Lucario|Extreme Speed|p1a: Dragonfly
|-damage|p1a: Dragonfly|120\/313
|-damage|p2a: Lucario|6\/281|[from] item: Life Orb
|move|p1a: Dragonfly|Giga Drain|p2a: Lucario
|-resisted|p2a: Lucario
|-damage|p2a: Lucario|0 fnt
|-heal|p1a: Dragonfly|123\/313|[from] drain|[of] p2a: Lucario
|-damage|p1a: Dragonfly|92\/313|[from] item: Life Orb
|faint|p2a: Lucario
|
|-boost|p1a: Dragonfly|spe|1|[from] ability: Speed Boost
|
|switch|p2a: Starmie|Starmie|261\/261
|turn|12
|c|âweepeverybattle|bleh
|c|âweepeverybattle|gg
|
|move|p1a: Dragonfly|Bug Buzz|p2a: Starmie
|-supereffective|p2a: Starmie
|-damage|p2a: Starmie|0 fnt
|-damage|p1a: Dragonfly|61\/313|[from] item: Life Orb
|faint|p2a: Starmie
|
|-boost|p1a: Dragonfly|spe|1|[from] ability: Speed Boost
|c|âKaralynia|gg
|
|switch|p2a: Celebi|Celebi|401\/401
|turn|13
|
|move|p1a: Dragonfly|Bug Buzz|p2a: Celebi
|-supereffective|p2a: Celebi
|-damage|p2a: Celebi|0 fnt
|-damage|p1a: Dragonfly|30\/313|[from] item: Life Orb
|faint|p2a: Celebi
|
|-boost|p1a: Dragonfly|spe|1|[from] ability: Speed Boost
|
|switch|p2a: Infernape|Infernape, F|293\/293
|turn|14
|
|move|p1a: Dragonfly|Air Slash|p2a: Infernape
|-supereffective|p2a: Infernape
|-damage|p2a: Infernape|0 fnt
|-damage|p1a: Dragonfly|0 fnt|[from] item: Life Orb
|faint|p2a: Infernape
|faint|p1a: Dragonfly
|
|win|Karalynia
|raw|Ladder updating...
|raw|Karalynia's rating: 1331 &rarr; <strong>1358<\/strong><br \/>(+27 for winning)
|raw|weepeverybattle's rating: 1458 &rarr; <strong>1431<\/strong><br \/>(-27 for losing)