|join|weepeverybattle
|join|SDF
|player|p1|weepeverybattle|70
|player|p2|SDF|168
|gametype|singles
|gen|6
|tier|UU
|rated
|rule|Sleep Clause Mod: Limit one foe put to sleep
|rule|Species Clause: Limit one of each PokÃ©mon
|rule|OHKO Clause: OHKO moves are banned
|rule|Moody Clause: Moody is banned
|rule|Evasion Moves Clause: Evasion moves are banned
|rule|Endless Battle Clause: Forcing endless battles is banned
|rule|HP Percentage Mod: HP is shown in percentages
|clearpoke
|poke|p1|Jirachi
|poke|p1|Sceptile, F
|poke|p1|Hydreigon, F
|poke|p1|Swampert, F
|poke|p1|Florges, F
|poke|p1|Lucario, F
|poke|p2|Eelektross, F
|poke|p2|Jirachi
|poke|p2|Hitmontop, M
|poke|p2|Milotic, M
|poke|p2|Pidgeot, M
|poke|p2|Entei, shiny
|rule|Swagger Clause: Swagger is banned
|rule|Baton Pass Clause: Limit one PokÃ©mon knowing Baton Pass
|teampreview
|
|start
|switch|p1a: Swampert|Swampert, F|401\/401
|switch|p2a: Pidgeot|Pidgeot, M|307\/307
|turn|1
|
|detailschange|p2a: Pidgeot|Pidgeot-Mega, M
|-mega|p2a: Pidgeot|Pidgeot|Pidgeotite
|move|p2a: Pidgeot|Hurricane|p1a: Swampert
|-damage|p1a: Swampert|182\/401
|-start|p1a: Swampert|confusion
|-activate|p1a: Swampert|confusion
|move|p1a: Swampert|Stealth Rock|p2a: Pidgeot
|-sidestart|p2: SDF|move: Stealth Rock
|
|-heal|p1a: Swampert|207\/401|[from] item: Leftovers
|turn|2
|
|switch|p1a: Jirachi|Jirachi|341\/341
|move|p2a: Pidgeot|Hurricane|p1a: Jirachi
|-resisted|p1a: Jirachi
|-damage|p1a: Jirachi|233\/341
|
|turn|3
|
|move|p1a: Jirachi|Iron Head|p2a: Pidgeot
|-crit|p2a: Pidgeot
|-damage|p2a: Pidgeot|75\/307
|cant|p2a: Pidgeot|flinch
|
|turn|4
|
|switch|p2a: Hitmontop|Hitmontop, M|290\/290
|-damage|p2a: Hitmontop|272\/290|[from] Stealth Rock
|-ability|p2a: Hitmontop|Intimidate|[of] p1a: Jirachi
|-unboost|p1a: Jirachi|atk|1
|move|p1a: Jirachi|Iron Head|p2a: Hitmontop
|-damage|p2a: Hitmontop|217\/290
|
|-heal|p2a: Hitmontop|235\/290|[from] item: Leftovers
|turn|5
|
|switch|p1a: Sceptile|Sceptile, F|281\/281
|move|p2a: Hitmontop|Rapid Spin|p1a: Sceptile
|-damage|p1a: Sceptile|258\/281
|-sideend|p2: SDF|Stealth Rock|[from] move: Rapid Spin|[of] p2a: Hitmontop
|
|-heal|p2a: Hitmontop|253\/290|[from] item: Leftovers
|turn|6
|
|detailschange|p1a: Sceptile|Sceptile-Mega, F
|-mega|p1a: Sceptile|Sceptile|Sceptilite
|move|p1a: Sceptile|Dragon Pulse|p2a: Hitmontop
|-damage|p2a: Hitmontop|93\/290
|move|p2a: Hitmontop|Toxic|p1a: Sceptile
|-status|p1a: Sceptile|tox
|
|-heal|p2a: Hitmontop|111\/290|[from] item: Leftovers
|-damage|p1a: Sceptile|241\/281 tox|[from] psn
|turn|7
|
|switch|p2a: Eelektross|Eelektross, F|360\/360
|move|p1a: Sceptile|Giga Drain|p2a: Eelektross
|-damage|p2a: Eelektross|272\/360
|-heal|p1a: Sceptile|281\/281 tox|[from] drain|[of] p2a: Eelektross
|
|-damage|p1a: Sceptile|247\/281 tox|[from] psn
|turn|8
|
|switch|p1a: Florges|Florges, F|360\/360
|move|p2a: Eelektross|Flamethrower|p1a: Florges
|-damage|p1a: Florges|302\/360
|
|-heal|p1a: Florges|324\/360|[from] item: Leftovers
|turn|9
|
|move|p1a: Florges|Wish|p1a: Florges
|move|p2a: Eelektross|Knock Off|p1a: Florges
|-resisted|p1a: Florges
|-damage|p1a: Florges|284\/360
|-enditem|p1a: Florges|Leftovers|[from] move: Knock Off|[of] p2a: Eelektross
|
|turn|10
|
|move|p1a: Florges|Toxic|p2a: Eelektross
|-status|p2a: Eelektross|tox
|move|p2a: Eelektross|Flamethrower|p1a: Florges
|-damage|p1a: Florges|228\/360
|
|-heal|p1a: Florges|360\/360|[from] move: Wish|[wisher] Florges
|-damage|p2a: Eelektross|250\/360 tox|[from] psn
|turn|11
|
|switch|p2a: Jirachi|Jirachi|390\/390
|move|p1a: Florges|Wish|p1a: Florges
|
|turn|12
|
|switch|p1a: Swampert|Swampert, F|207\/401
|move|p2a: Jirachi|Stealth Rock|p1a: Swampert
|-sidestart|p1: weepeverybattle|move: Stealth Rock
|
|-heal|p1a: Swampert|387\/401|[from] move: Wish|[wisher] Florges
|-heal|p1a: Swampert|401\/401|[from] item: Leftovers
|turn|13
|
|move|p2a: Jirachi|U-turn|p1a: Swampert
|-damage|p1a: Swampert|357\/401
|
|switch|p2a: Pidgeot|Pidgeot-Mega, M|75\/307
|move|p1a: Swampert|Stealth Rock|p2a: Pidgeot
|-sidestart|p2: SDF|move: Stealth Rock
|
|-heal|p1a: Swampert|382\/401|[from] item: Leftovers
|turn|14
|
|switch|p1a: Jirachi|Jirachi|233\/341
|-damage|p1a: Jirachi|212\/341|[from] Stealth Rock
|move|p2a: Pidgeot|Roost|p2a: Pidgeot
|-heal|p2a: Pidgeot|229\/307
|
|turn|15
|
|switch|p2a: Milotic|Milotic, M|380\/380
|-damage|p2a: Milotic|333\/380|[from] Stealth Rock
|move|p1a: Jirachi|U-turn|p2a: Milotic
|-damage|p2a: Milotic|245\/380
|
|switch|p1a: Hydreigon|Hydreigon, F|325\/325
|-damage|p1a: Hydreigon|285\/325|[from] Stealth Rock
|
|-heal|p2a: Milotic|268\/380|[from] item: Leftovers
|turn|16
|
|move|p1a: Hydreigon|Draco Meteor|p2a: Milotic|[miss]
|-miss|p1a: Hydreigon|p2a: Milotic
|move|p2a: Milotic|Recover|p2a: Milotic
|-heal|p2a: Milotic|380\/380
|
|turn|17
|
|switch|p1a: Florges|Florges, F|360\/360
|-damage|p1a: Florges|315\/360|[from] Stealth Rock
|move|p2a: Milotic|Ice Beam|p1a: Florges
|-damage|p1a: Florges|263\/360
|
|turn|18
|
|switch|p2a: Jirachi|Jirachi|390\/390
|-damage|p2a: Jirachi|366\/390|[from] Stealth Rock
|move|p1a: Florges|Toxic|p2a: Jirachi
|-fail|p2a: Jirachi
|
|-heal|p2a: Jirachi|390\/390|[from] item: Leftovers
|turn|19
|
|switch|p1a: Jirachi|Jirachi|212\/341
|-damage|p1a: Jirachi|191\/341|[from] Stealth Rock
|move|p2a: Jirachi|U-turn|p1a: Jirachi
|-damage|p1a: Jirachi|134\/341
|
|switch|p2a: Milotic|Milotic, M|380\/380
|-damage|p2a: Milotic|333\/380|[from] Stealth Rock
|
|-heal|p2a: Milotic|356\/380|[from] item: Leftovers
|turn|20
|
|switch|p1a: Florges|Florges, F|263\/360
|-damage|p1a: Florges|218\/360|[from] Stealth Rock
|move|p2a: Milotic|Toxic|p1a: Florges
|-status|p1a: Florges|tox
|
|-heal|p2a: Milotic|379\/380|[from] item: Leftovers
|-damage|p1a: Florges|196\/360 tox|[from] psn
|turn|21
|
|switch|p2a: Jirachi|Jirachi|390\/390
|-damage|p2a: Jirachi|366\/390|[from] Stealth Rock
|switch|p1a: Lucario|Lucario, F|281\/281
|-damage|p1a: Lucario|273\/281|[from] Stealth Rock
|
|-heal|p2a: Jirachi|390\/390|[from] item: Leftovers
|turn|22
|
|move|p1a: Lucario|Swords Dance|p1a: Lucario
|-boost|p1a: Lucario|atk|2
|move|p2a: Jirachi|Thunder Wave|p1a: Lucario
|-status|p1a: Lucario|par
|
|turn|23
|
|move|p2a: Jirachi|Iron Head|p1a: Lucario
|-resisted|p1a: Lucario
|-damage|p1a: Lucario|205\/281 par
|cant|p1a: Lucario|flinch
|
|turn|24
|
|move|p2a: Jirachi|Iron Head|p1a: Lucario
|-crit|p1a: Lucario
|-resisted|p1a: Lucario
|-damage|p1a: Lucario|112\/281 par
|cant|p1a: Lucario|par
|
|turn|25
|
|move|p2a: Jirachi|Iron Head|p1a: Lucario
|-resisted|p1a: Lucario
|-damage|p1a: Lucario|41\/281 par
|cant|p1a: Lucario|par
|
|turn|26
|
|switch|p1a: Jirachi|Jirachi|134\/341
|-damage|p1a: Jirachi|113\/341|[from] Stealth Rock
|move|p2a: Jirachi|Iron Head|p1a: Jirachi
|-resisted|p1a: Jirachi
|-damage|p1a: Jirachi|65\/341
|
|turn|27
|
|move|p1a: Jirachi|Healing Wish|p1a: Jirachi
|faint|p1a: Jirachi
|move|p2a: Jirachi|Iron Head|p1: Jirachi|[notarget]
|-notarget
|
|
|switch|p1a: Lucario|Lucario, F|41\/281 par
|-heal|p1a: Lucario|281\/281|[from] move: Healing Wish
|-damage|p1a: Lucario|273\/281|[from] Stealth Rock
|turn|28
|
|switch|p1a: Sceptile|Sceptile-Mega, F|247\/281 tox
|-damage|p1a: Sceptile|212\/281 tox|[from] Stealth Rock
|move|p2a: Jirachi|Thunder Wave|p1a: Sceptile
|-boost|p1a: Sceptile|spa|1|[from] ability: Lightning Rod
|
|-damage|p1a: Sceptile|195\/281 tox|[from] psn
|turn|29
|
|move|p1a: Sceptile|Focus Blast|p2a: Jirachi
|-damage|p2a: Jirachi|145\/390
|move|p2a: Jirachi|U-turn|p1a: Sceptile
|-supereffective|p1a: Sceptile
|-damage|p1a: Sceptile|59\/281 tox
|
|switch|p2a: Eelektross|Eelektross, F|250\/360 tox
|-damage|p2a: Eelektross|205\/360 tox|[from] Stealth Rock
|
|-damage|p1a: Sceptile|25\/281 tox|[from] psn
|-damage|p2a: Eelektross|183\/360 tox|[from] psn
|turn|30
|
|move|p1a: Sceptile|Dragon Pulse|p2a: Eelektross
|-damage|p2a: Eelektross|39\/360 tox
|move|p2a: Eelektross|Knock Off|p1a: Sceptile
|-damage|p1a: Sceptile|0 fnt
|faint|p1a: Sceptile
|
|-damage|p2a: Eelektross|0 fnt|[from] psn
|faint|p2a: Eelektross
|
|switch|p1a: Lucario|Lucario, F|273\/281
|switch|p2a: Milotic|Milotic, M|379\/380
|-damage|p1a: Lucario|265\/281|[from] Stealth Rock
|-damage|p2a: Milotic|332\/380|[from] Stealth Rock
|turn|31
|
|move|p1a: Lucario|Swords Dance|p1a: Lucario
|-boost|p1a: Lucario|atk|2
|move|p2a: Milotic|Scald|p1a: Lucario
|-damage|p1a: Lucario|129\/281
|-status|p1a: Lucario|brn
|
|-heal|p2a: Milotic|355\/380|[from] item: Leftovers
|-damage|p1a: Lucario|94\/281 brn|[from] brn
|turn|32
|
|switch|p2a: Jirachi|Jirachi|145\/390
|-damage|p2a: Jirachi|121\/390|[from] Stealth Rock
|move|p1a: Lucario|Close Combat|p2a: Jirachi
|-damage|p2a: Jirachi|0 fnt
|-unboost|p1a: Lucario|def|1
|-unboost|p1a: Lucario|spd|1
|-damage|p1a: Lucario|66\/281 brn|[from] item: Life Orb
|faint|p2a: Jirachi
|
|-damage|p1a: Lucario|31\/281 brn|[from] brn
|
|switch|p2a: Hitmontop|Hitmontop, M|111\/290
|-damage|p2a: Hitmontop|93\/290|[from] Stealth Rock
|-ability|p2a: Hitmontop|Intimidate|[of] p1a: Lucario
|-unboost|p1a: Lucario|atk|1
|turn|33
|
|move|p1a: Lucario|Extreme Speed|p2a: Hitmontop
|-damage|p2a: Hitmontop|36\/290
|-damage|p1a: Lucario|3\/281 brn|[from] item: Life Orb
|move|p2a: Hitmontop|Rapid Spin|p1a: Lucario
|-resisted|p1a: Lucario
|-damage|p1a: Lucario|0 fnt
|-sideend|p2: SDF|Stealth Rock|[from] move: Rapid Spin|[of] p2a: Hitmontop
|faint|p1a: Lucario
|
|-heal|p2a: Hitmontop|54\/290|[from] item: Leftovers
|
|switch|p1a: Swampert|Swampert, F|382\/401
|-damage|p1a: Swampert|357\/401|[from] Stealth Rock
|turn|34
|
|move|p2a: Hitmontop|Toxic|p1a: Swampert
|-status|p1a: Swampert|tox
|move|p1a: Swampert|Scald|p2a: Hitmontop
|-damage|p2a: Hitmontop|0 fnt
|faint|p2a: Hitmontop
|
|-heal|p1a: Swampert|382\/401 tox|[from] item: Leftovers
|-damage|p1a: Swampert|357\/401 tox|[from] psn
|
|switch|p2a: Pidgeot|Pidgeot-Mega, M|229\/307
|turn|35
|
|move|p2a: Pidgeot|Hurricane|p1a: Swampert
|-damage|p1a: Swampert|119\/401 tox
|-start|p1a: Swampert|confusion
|-activate|p1a: Swampert|confusion
|move|p1a: Swampert|Stealth Rock|p2a: Pidgeot
|-sidestart|p2: SDF|move: Stealth Rock
|
|-heal|p1a: Swampert|144\/401 tox|[from] item: Leftovers
|-damage|p1a: Swampert|94\/401 tox|[from] psn
|turn|36
|
|move|p2a: Pidgeot|U-turn|p1a: Swampert
|-damage|p1a: Swampert|58\/401 tox
|
|switch|p2a: Milotic|Milotic, M|355\/380
|-damage|p2a: Milotic|308\/380|[from] Stealth Rock
|-activate|p1a: Swampert|confusion
|-damage|p1a: Swampert|30\/401 tox|[from] confusion
|
|-heal|p2a: Milotic|331\/380|[from] item: Leftovers
|-heal|p1a: Swampert|55\/401 tox|[from] item: Leftovers
|-damage|p1a: Swampert|0 fnt|[from] psn
|faint|p1a: Swampert
|
|switch|p1a: Hydreigon|Hydreigon, F|285\/325
|-damage|p1a: Hydreigon|245\/325|[from] Stealth Rock
|turn|37
|
|move|p1a: Hydreigon|Dark Pulse|p2a: Milotic
|-damage|p2a: Milotic|228\/380
|-damage|p1a: Hydreigon|213\/325|[from] item: Life Orb
|move|p2a: Milotic|Recover|p2a: Milotic
|-heal|p2a: Milotic|380\/380
|
|turn|38
|
|move|p1a: Hydreigon|Superpower|p2a: Milotic
|-crit|p2a: Milotic
|-damage|p2a: Milotic|160\/380
|-unboost|p1a: Hydreigon|atk|1
|-unboost|p1a: Hydreigon|def|1
|-damage|p1a: Hydreigon|181\/325|[from] item: Life Orb
|move|p2a: Milotic|Ice Beam|p1a: Hydreigon
|-supereffective|p1a: Hydreigon
|-damage|p1a: Hydreigon|13\/325
|
|-heal|p2a: Milotic|183\/380|[from] item: Leftovers
|turn|39
|
|move|p1a: Hydreigon|Draco Meteor|p2a: Milotic
|-damage|p2a: Milotic|6\/380
|-unboost|p1a: Hydreigon|spa|2
|-damage|p1a: Hydreigon|0 fnt|[from] item: Life Orb
|faint|p1a: Hydreigon
|move|p2a: Milotic|Recover|p2a: Milotic
|-heal|p2a: Milotic|196\/380
|
|-heal|p2a: Milotic|219\/380|[from] item: Leftovers
|
|switch|p1a: Florges|Florges, F|196\/360 tox
|-damage|p1a: Florges|151\/360 tox|[from] Stealth Rock
|turn|40
|
|move|p2a: Milotic|Scald|p1a: Florges
|-damage|p1a: Florges|79\/360 tox
|move|p1a: Florges|Toxic|p2a: Milotic
|-status|p2a: Milotic|tox
|
|-heal|p2a: Milotic|242\/380 tox|[from] item: Leftovers
|-damage|p2a: Milotic|219\/380 tox|[from] psn
|-damage|p1a: Florges|57\/360 tox|[from] psn
|turn|41
|
|move|p2a: Milotic|Scald|p1a: Florges
|-damage|p1a: Florges|0 fnt
|faint|p1a: Florges
|
|win|SDF
|raw|Ladder updating...
|raw|weepeverybattle's rating: 1332 &rarr; <strong>1311<\/strong><br \/>(-21 for losing)
|raw|SDF's rating: 1304 &rarr; <strong>1326<\/strong><br \/>(+22 for winning)