|join|Mikey C
|join|weepeverybattle
|player|p1|Mikey C|12
|player|p2|weepeverybattle|70
|gametype|singles
|gen|6
|tier|UU
|rated
|rule|Sleep Clause Mod: Limit one foe put to sleep
|rule|Species Clause: Limit one of each PokÃ©mon
|rule|OHKO Clause: OHKO moves are banned
|rule|Moody Clause: Moody is banned
|rule|Evasion Moves Clause: Evasion moves are banned
|rule|Endless Battle Clause: Forcing endless battles is banned
|rule|HP Percentage Mod: HP is shown in percentages
|clearpoke
|poke|p1|Crobat, F, shiny
|poke|p1|Darmanitan, F
|poke|p1|Krookodile, F
|poke|p1|Blastoise, F, shiny
|poke|p1|Honchkrow, F
|poke|p1|Jirachi
|poke|p2|Jirachi
|poke|p2|Sceptile, M
|poke|p2|Hydreigon, M
|poke|p2|Swampert, M
|poke|p2|Florges, F
|poke|p2|Lucario, M
|rule|Swagger Clause: Swagger is banned
|rule|Baton Pass Clause: Limit one PokÃ©mon knowing Baton Pass
|teampreview
|
|start
|switch|p1a: Krookodile|Krookodile, F|394\/394
|switch|p2a: Swampert|Swampert, M|401\/401
|-ability|p1a: Krookodile|Intimidate|[of] p2a: Swampert
|-unboost|p2a: Swampert|atk|1
|turn|1
|
|move|p1a: Krookodile|Stealth Rock|p2a: Swampert
|-sidestart|p2: weepeverybattle|move: Stealth Rock
|move|p2a: Swampert|Stealth Rock|p1a: Krookodile
|-sidestart|p1: Mikey C|move: Stealth Rock
|
|turn|2
|
|move|p1a: Krookodile|Knock Off|p2a: Swampert
|-damage|p2a: Swampert|298\/401
|-enditem|p2a: Swampert|Leftovers|[from] move: Knock Off|[of] p1a: Krookodile
|move|p2a: Swampert|Scald|p1a: Krookodile
|-supereffective|p1a: Krookodile
|-damage|p1a: Krookodile|238\/394
|
|-heal|p1a: Krookodile|262\/394|[from] item: Leftovers
|turn|3
|
|switch|p1a: Blastoise|Blastoise, F, shiny|362\/362
|-damage|p1a: Blastoise|317\/362|[from] Stealth Rock
|move|p2a: Swampert|Scald|p1a: Blastoise
|-resisted|p1a: Blastoise
|-damage|p1a: Blastoise|279\/362
|-status|p1a: Blastoise|brn
|
|-damage|p1a: Blastoise|234\/362 brn|[from] brn
|turn|4
|
|switch|p2a: Florges|Florges, F|360\/360
|-damage|p2a: Florges|315\/360|[from] Stealth Rock
|detailschange|p1a: Blastoise|Blastoise-Mega, F, shiny
|-mega|p1a: Blastoise|Blastoise|Blastoisinite
|move|p1a: Blastoise|Water Pulse|p2a: Florges
|-damage|p2a: Florges|188\/360
|
|-heal|p2a: Florges|210\/360|[from] item: Leftovers
|-damage|p1a: Blastoise|189\/362 brn|[from] brn
|turn|5
|
|move|p1a: Blastoise|Rapid Spin|p2a: Florges
|-damage|p2a: Florges|203\/360
|-sideend|p1: Mikey C|Stealth Rock|[from] move: Rapid Spin|[of] p1a: Blastoise
|move|p2a: Florges|Wish|p2a: Florges
|
|-heal|p2a: Florges|225\/360|[from] item: Leftovers
|-damage|p1a: Blastoise|144\/362 brn|[from] brn
|turn|6
|
|switch|p1a: Jirachi|Jirachi|342\/342
|move|p2a: Florges|Toxic|p1a: Jirachi|[miss]
|-miss|p2a: Florges|p1a: Jirachi
|
|-heal|p2a: Florges|360\/360|[from] move: Wish|[wisher] Florges
|turn|7
|
|move|p2a: Florges|Protect|p2a: Florges
|-singleturn|p2a: Florges|Protect
|move|p1a: Jirachi|Body Slam|p2a: Florges
|-activate|p2a: Florges|Protect
|
|turn|8
|
|switch|p2a: Jirachi|Jirachi|341\/341
|-damage|p2a: Jirachi|320\/341|[from] Stealth Rock
|move|p1a: Jirachi|Body Slam|p2a: Jirachi
|-resisted|p2a: Jirachi
|-damage|p2a: Jirachi|272\/341
|-status|p2a: Jirachi|par
|
|turn|9
|
|switch|p1a: Blastoise|Blastoise-Mega, F, shiny|144\/362 brn
|move|p2a: Jirachi|U-turn|p1a: Blastoise
|-damage|p1a: Blastoise|81\/362 brn
|
|switch|p2a: Sceptile|Sceptile, M|281\/281
|-damage|p2a: Sceptile|246\/281|[from] Stealth Rock
|
|-damage|p1a: Blastoise|36\/362 brn|[from] brn
|turn|10
|
|detailschange|p2a: Sceptile|Sceptile-Mega, M
|-mega|p2a: Sceptile|Sceptile|Sceptilite
|move|p2a: Sceptile|Dragon Pulse|p1a: Blastoise
|-damage|p1a: Blastoise|0 fnt
|faint|p1a: Blastoise
|
|
|switch|p1a: Jirachi|Jirachi|342\/342
|turn|11
|
|switch|p2a: Jirachi|Jirachi|272\/341 par
|-damage|p2a: Jirachi|251\/341 par|[from] Stealth Rock
|move|p1a: Jirachi|Body Slam|p2a: Jirachi
|-resisted|p2a: Jirachi
|-damage|p2a: Jirachi|203\/341 par
|
|turn|12
|
|switch|p1a: Krookodile|Krookodile, F|262\/394
|-ability|p1a: Krookodile|Intimidate|[of] p2a: Jirachi
|-unboost|p2a: Jirachi|atk|1
|move|p2a: Jirachi|U-turn|p1a: Krookodile
|-supereffective|p1a: Krookodile
|-damage|p1a: Krookodile|144\/394
|
|switch|p2a: Swampert|Swampert, M|298\/401
|-damage|p2a: Swampert|273\/401|[from] Stealth Rock
|
|-heal|p1a: Krookodile|168\/394|[from] item: Leftovers
|turn|13
|
|switch|p1a: Jirachi|Jirachi|342\/342
|move|p2a: Swampert|Stealth Rock|p1a: Jirachi
|-sidestart|p1: Mikey C|move: Stealth Rock
|
|turn|14
|
|move|p1a: Jirachi|U-turn|p2a: Swampert
|-damage|p2a: Swampert|216\/401
|
|switch|p1a: Crobat|Crobat, F, shiny|312\/312
|-damage|p1a: Crobat|234\/312|[from] Stealth Rock
|move|p2a: Swampert|Earthquake|p1a: Crobat
|-immune|p1a: Crobat|[msg]
|
|turn|15
|
|move|p1a: Crobat|Brave Bird|p2a: Swampert
|-crit|p2a: Swampert
|-damage|p2a: Swampert|3\/401
|-damage|p1a: Crobat|164\/312|[from] recoil|[of] p2a: Swampert
|move|p2a: Swampert|Scald|p1a: Crobat
|-damage|p1a: Crobat|10\/312
|
|turn|16
|
|move|p1a: Crobat|Brave Bird|p2a: Swampert
|-damage|p2a: Swampert|0 fnt
|-damage|p1a: Crobat|9\/312|[from] recoil|[of] p2a: Swampert
|faint|p2a: Swampert
|
|
|switch|p2a: Sceptile|Sceptile-Mega, M|246\/281
|-damage|p2a: Sceptile|211\/281|[from] Stealth Rock
|turn|17
|
|move|p2a: Sceptile|Giga Drain|p1a: Crobat
|-resisted|p1a: Crobat
|-damage|p1a: Crobat|0 fnt
|-heal|p2a: Sceptile|216\/281|[from] drain|[of] p1a: Crobat
|faint|p1a: Crobat
|
|
|switch|p1a: Darmanitan|Darmanitan, F|352\/352
|-damage|p1a: Darmanitan|264\/352|[from] Stealth Rock
|turn|18
|
|move|p1a: Darmanitan|Flare Blitz|p2a: Sceptile
|-damage|p2a: Sceptile|0 fnt
|-damage|p1a: Darmanitan|193\/352|[from] recoil|[of] p2a: Sceptile
|faint|p2a: Sceptile
|
|
|switch|p2a: Lucario|Lucario, M|281\/281
|-damage|p2a: Lucario|273\/281|[from] Stealth Rock
|turn|19
|
|move|p2a: Lucario|Extreme Speed|p1a: Darmanitan
|-damage|p1a: Darmanitan|3\/352
|-damage|p2a: Lucario|245\/281|[from] item: Life Orb
|move|p1a: Darmanitan|Flare Blitz|p2a: Lucario
|-supereffective|p2a: Lucario
|-damage|p2a: Lucario|0 fnt
|-damage|p1a: Darmanitan|0 fnt|[from] recoil|[of] p2a: Lucario
|faint|p2a: Lucario
|faint|p1a: Darmanitan
|
|
|switch|p2a: Hydreigon|Hydreigon, M|325\/325
|switch|p1a: Honchkrow|Honchkrow, F|342\/342
|-damage|p1a: Honchkrow|257\/342|[from] Stealth Rock
|-damage|p2a: Hydreigon|285\/325|[from] Stealth Rock
|turn|20
|
|move|p1a: Honchkrow|Superpower|p2a: Hydreigon
|-supereffective|p2a: Hydreigon
|-damage|p2a: Hydreigon|0 fnt
|-unboost|p1a: Honchkrow|atk|1
|-unboost|p1a: Honchkrow|def|1
|faint|p2a: Hydreigon
|
|
|switch|p2a: Florges|Florges, F|360\/360
|-damage|p2a: Florges|315\/360|[from] Stealth Rock
|turn|21
|c|âweepeverybattle|well.
|c|âweepeverybattle|LOL..
|c|âweepeverybattle|gg
|c|âMikey C|gg
|
|switch|p1a: Jirachi|Jirachi|342\/342
|-damage|p1a: Jirachi|321\/342|[from] Stealth Rock
|move|p2a: Florges|Wish|p2a: Florges
|
|-heal|p2a: Florges|337\/360|[from] item: Leftovers
|turn|22
|
|switch|p2a: Jirachi|Jirachi|203\/341 par
|-damage|p2a: Jirachi|182\/341 par|[from] Stealth Rock
|move|p1a: Jirachi|Iron Head|p2a: Jirachi
|-resisted|p2a: Jirachi
|-damage|p2a: Jirachi|114\/341 par
|
|-heal|p2a: Jirachi|294\/341 par|[from] move: Wish|[wisher] Florges
|turn|23
|
|move|p1a: Jirachi|Iron Head|p2a: Jirachi
|-resisted|p2a: Jirachi
|-damage|p2a: Jirachi|233\/341 par
|move|p2a: Jirachi|Iron Head|p1a: Jirachi
|-resisted|p1a: Jirachi
|-damage|p1a: Jirachi|260\/342
|
|turn|24
|
|move|p1a: Jirachi|Iron Head|p2a: Jirachi
|-resisted|p2a: Jirachi
|-damage|p2a: Jirachi|169\/341 par
|cant|p2a: Jirachi|flinch
|
|turn|25
|
|move|p1a: Jirachi|Iron Head|p2a: Jirachi
|-resisted|p2a: Jirachi
|-damage|p2a: Jirachi|109\/341 par
|cant|p2a: Jirachi|par
|
|turn|26
|
|move|p1a: Jirachi|Iron Head|p2a: Jirachi
|-resisted|p2a: Jirachi
|-damage|p2a: Jirachi|40\/341 par
|cant|p2a: Jirachi|flinch
|
|turn|27
|
|move|p1a: Jirachi|Iron Head|p2a: Jirachi
|-resisted|p2a: Jirachi
|-damage|p2a: Jirachi|0 fnt
|faint|p2a: Jirachi
|
|
|switch|p2a: Florges|Florges, F|337\/360
|-damage|p2a: Florges|292\/360|[from] Stealth Rock
|turn|28
|
|move|p1a: Jirachi|Iron Head|p2a: Florges
|-supereffective|p2a: Florges
|-damage|p2a: Florges|32\/360
|cant|p2a: Florges|flinch
|
|-heal|p2a: Florges|54\/360|[from] item: Leftovers
|turn|29
|
|move|p1a: Jirachi|Iron Head|p2a: Florges
|-supereffective|p2a: Florges
|-damage|p2a: Florges|0 fnt
|faint|p2a: Florges
|
|win|Mikey C
|raw|Ladder updating...
|raw|Mikey C's rating: 1403 &rarr; <strong>1420<\/strong><br \/>(+17 for winning)
|raw|weepeverybattle's rating: 1356 &rarr; <strong>1339<\/strong><br \/>(-17 for losing)