|join|gUUdman
|join|WraithMC
|player|p1|gUUdman|266
|player|p2|WraithMC|52
|gametype|singles
|gen|6
|tier|UU
|rated
|rule|Sleep Clause Mod: Limit one foe put to sleep
|rule|Species Clause: Limit one of each PokÃ©mon
|rule|OHKO Clause: OHKO moves are banned
|rule|Moody Clause: Moody is banned
|rule|Evasion Moves Clause: Evasion moves are banned
|rule|Endless Battle Clause: Forcing endless battles is banned
|rule|HP Percentage Mod: HP is shown in percentages
|clearpoke
|poke|p1|Swampert, F
|poke|p1|Whimsicott, M
|poke|p1|Infernape, M
|poke|p1|Honchkrow, F
|poke|p1|Jirachi
|poke|p1|Dragalge, M
|poke|p2|Tornadus, M
|poke|p2|Swampert, F
|poke|p2|Forretress, M
|poke|p2|Celebi
|poke|p2|Hydreigon, M
|poke|p2|Porygon-Z
|rule|Swagger Clause: Swagger is banned
|rule|Baton Pass Clause: Limit one PokÃ©mon knowing Baton Pass
|teampreview
|
|start
|switch|p1a: Infernape|Infernape, M|293\/293
|switch|p2a: Tornadus|Tornadus, M|299\/299
|turn|1
|
|move|p1a: Infernape|Fake Out|p2a: Tornadus
|-damage|p2a: Tornadus|234\/299
|cant|p2a: Tornadus|flinch
|
|turn|2
|
|move|p2a: Tornadus|Rain Dance|p2a: Tornadus
|-weather|RainDance
|move|p1a: Infernape|Overheat|p2a: Tornadus
|-damage|p2a: Tornadus|137\/299
|-unboost|p1a: Infernape|spa|2
|
|-weather|RainDance|[upkeep]
|turn|3
|
|switch|p1a: Jirachi|Jirachi|395\/395
|move|p2a: Tornadus|Hurricane|p1a: Jirachi
|-resisted|p1a: Jirachi
|-damage|p1a: Jirachi|316\/395
|
|-weather|RainDance|[upkeep]
|-heal|p1a: Jirachi|340\/395|[from] item: Leftovers
|turn|4
|
|switch|p2a: Swampert|Swampert, F|403\/403
|move|p1a: Jirachi|U-turn|p2a: Swampert
|-damage|p2a: Swampert|335\/403
|
|switch|p1a: Whimsicott|Whimsicott, M|261\/261
|
|-weather|RainDance|[upkeep]
|turn|5
|
|switch|p2a: Forretress|Forretress, M|354\/354
|move|p1a: Whimsicott|Giga Drain|p2a: Forretress
|-resisted|p2a: Forretress
|-damage|p2a: Forretress|319\/354
|
|-weather|RainDance|[upkeep]
|-heal|p2a: Forretress|341\/354|[from] item: Leftovers
|turn|6
|
|move|p1a: Whimsicott|U-turn|p2a: Forretress
|-resisted|p2a: Forretress
|-damage|p2a: Forretress|331\/354
|
|switch|p1a: Infernape|Infernape, M|293\/293
|move|p2a: Forretress|Gyro Ball|p1a: Infernape
|-resisted|p1a: Infernape
|-damage|p1a: Infernape|218\/293
|
|-weather|RainDance|[upkeep]
|-heal|p2a: Forretress|353\/354|[from] item: Leftovers
|turn|7
|
|switch|p2a: Swampert|Swampert, F|335\/403
|move|p1a: Infernape|Stealth Rock|p2a: Swampert
|-sidestart|p2: WraithMC|move: Stealth Rock
|
|-weather|RainDance|[upkeep]
|turn|8
|
|detailschange|p2a: Swampert|Swampert-Mega, F
|-mega|p2a: Swampert|Swampert|Swampertite
|move|p1a: Infernape|Fake Out|p2a: Swampert
|-hint|Fake Out only works on your first turn out.
|-fail|p2a: Swampert
|move|p2a: Swampert|Power-Up Punch|p1a: Infernape
|-damage|p1a: Infernape|147\/293
|-boost|p2a: Swampert|atk|1
|
|-weather|RainDance|[upkeep]
|turn|9
|
|move|p2a: Swampert|Waterfall|p1a: Infernape
|-supereffective|p1a: Infernape
|-damage|p1a: Infernape|0 fnt
|faint|p1a: Infernape
|
|-weather|none
|
|switch|p1a: Whimsicott|Whimsicott, M|261\/261
|turn|10
|
|switch|p2a: Forretress|Forretress, M|353\/354
|-damage|p2a: Forretress|309\/354|[from] Stealth Rock
|move|p1a: Whimsicott|U-turn|p2a: Forretress
|-resisted|p2a: Forretress
|-damage|p2a: Forretress|300\/354
|
|switch|p1a: Dragalge|Dragalge, M|334\/334
|
|-heal|p2a: Forretress|322\/354|[from] item: Leftovers
|turn|11
|
|switch|p2a: Hydreigon|Hydreigon, M|325\/325
|-damage|p2a: Hydreigon|285\/325|[from] Stealth Rock
|move|p1a: Dragalge|Hidden Power|p2a: Hydreigon
|-resisted|p2a: Hydreigon
|-damage|p2a: Hydreigon|251\/325
|
|turn|12
|
|move|p2a: Hydreigon|U-turn|p1a: Dragalge
|-resisted|p1a: Dragalge
|-damage|p1a: Dragalge|305\/334
|
|switch|p2a: Swampert|Swampert-Mega, F|335\/403
|-damage|p2a: Swampert|310\/403|[from] Stealth Rock
|move|p1a: Dragalge|Draco Meteor|p2a: Swampert
|-damage|p2a: Swampert|42\/403
|-unboost|p1a: Dragalge|spa|2
|
|turn|13
|
|switch|p1a: Honchkrow|Honchkrow, F|384\/384
|move|p2a: Swampert|Ice Punch|p1a: Honchkrow
|-supereffective|p1a: Honchkrow
|-damage|p1a: Honchkrow|0 fnt
|faint|p1a: Honchkrow
|
|
|switch|p1a: Swampert|Swampert, F|360\/360
|turn|14
|
|detailschange|p1a: Swampert|Swampert-Mega, F
|-mega|p1a: Swampert|Swampert|Swampertite
|move|p1a: Swampert|Earthquake|p2a: Swampert
|-damage|p2a: Swampert|0 fnt
|faint|p2a: Swampert
|
|
|switch|p2a: Celebi|Celebi|341\/341
|-damage|p2a: Celebi|299\/341|[from] Stealth Rock
|turn|15
|
|switch|p1a: Jirachi|Jirachi|340\/395
|move|p2a: Celebi|Seed Bomb|p1a: Jirachi
|-resisted|p1a: Jirachi
|-damage|p1a: Jirachi|257\/395
|-damage|p2a: Celebi|265\/341|[from] item: Life Orb
|
|-heal|p1a: Jirachi|281\/395|[from] item: Leftovers
|turn|16
|
|switch|p2a: Forretress|Forretress, M|322\/354
|-damage|p2a: Forretress|278\/354|[from] Stealth Rock
|move|p1a: Jirachi|U-turn|p2a: Forretress
|-resisted|p2a: Forretress
|-damage|p2a: Forretress|262\/354
|
|switch|p1a: Dragalge|Dragalge, M|305\/334
|
|-heal|p2a: Forretress|284\/354|[from] item: Leftovers
|turn|17
|
|switch|p2a: Hydreigon|Hydreigon, M|251\/325
|-damage|p2a: Hydreigon|211\/325|[from] Stealth Rock
|move|p1a: Dragalge|Hidden Power|p2a: Hydreigon
|-resisted|p2a: Hydreigon
|-damage|p2a: Hydreigon|177\/325
|
|turn|18
|
|switch|p1a: Whimsicott|Whimsicott, M|261\/261
|move|p2a: Hydreigon|Draco Meteor|p1a: Whimsicott
|-immune|p1a: Whimsicott|[msg]
|
|turn|19
|
|switch|p2a: Porygon-Z|Porygon-Z|373\/373
|-damage|p2a: Porygon-Z|327\/373|[from] Stealth Rock
|move|p1a: Whimsicott|U-turn|p2a: Porygon-Z
|-damage|p2a: Porygon-Z|281\/373
|
|switch|p1a: Jirachi|Jirachi|281\/395
|
|-heal|p1a: Jirachi|305\/395|[from] item: Leftovers
|turn|20
|
|move|p1a: Jirachi|U-turn|p2a: Porygon-Z
|-damage|p2a: Porygon-Z|204\/373
|
|switch|p1a: Whimsicott|Whimsicott, M|261\/261
|move|p2a: Porygon-Z|Shadow Ball|p1a: Whimsicott
|-damage|p1a: Whimsicott|59\/261
|-unboost|p1a: Whimsicott|spd|1
|
|-heal|p1a: Whimsicott|75\/261|[from] item: Leftovers
|turn|21
|
|move|p1a: Whimsicott|Moonblast|p2a: Porygon-Z
|-crit|p2a: Porygon-Z
|-damage|p2a: Porygon-Z|0 fnt
|faint|p2a: Porygon-Z
|
|-heal|p1a: Whimsicott|91\/261|[from] item: Leftovers
|
|switch|p2a: Hydreigon|Hydreigon, M|177\/325
|-damage|p2a: Hydreigon|137\/325|[from] Stealth Rock
|turn|22
|
|move|p2a: Hydreigon|Dark Pulse|p1a: Whimsicott
|-resisted|p1a: Whimsicott
|-damage|p1a: Whimsicott|0 fnt
|faint|p1a: Whimsicott
|
|
|switch|p1a: Swampert|Swampert-Mega, F|360\/360
|turn|23
|
|move|p2a: Hydreigon|Dark Pulse|p1a: Swampert
|-damage|p1a: Swampert|230\/360
|cant|p1a: Swampert|flinch
|
|turn|24
|
|move|p2a: Hydreigon|Dark Pulse|p1a: Swampert
|-damage|p1a: Swampert|103\/360
|move|p1a: Swampert|Rain Dance|p1a: Swampert
|-weather|RainDance
|
|-weather|RainDance|[upkeep]
|turn|25
|
|switch|p1a: Dragalge|Dragalge, M|305\/334
|move|p2a: Hydreigon|Dark Pulse|p1a: Dragalge
|-damage|p1a: Dragalge|230\/334
|
|-weather|RainDance|[upkeep]
|turn|26
|
|switch|p2a: Forretress|Forretress, M|284\/354
|-damage|p2a: Forretress|240\/354|[from] Stealth Rock
|move|p1a: Dragalge|Dragon Tail|p2a: Forretress
|-resisted|p2a: Forretress
|-damage|p2a: Forretress|218\/354
|drag|p2a: Hydreigon|Hydreigon, M|137\/325
|-damage|p2a: Hydreigon|97\/325|[from] Stealth Rock
|
|-weather|RainDance|[upkeep]
|turn|27
|
|move|p2a: Hydreigon|Draco Meteor|p1a: Dragalge
|-supereffective|p1a: Dragalge
|-damage|p1a: Dragalge|0 fnt
|-unboost|p2a: Hydreigon|spa|2
|faint|p1a: Dragalge
|
|-weather|RainDance|[upkeep]
|
|switch|p1a: Jirachi|Jirachi|305\/395
|turn|28
|
|switch|p2a: Tornadus|Tornadus, M|137\/299
|-damage|p2a: Tornadus|63\/299|[from] Stealth Rock
|move|p1a: Jirachi|Healing Wish|p1a: Jirachi
|faint|p1a: Jirachi
|
|-weather|none
|
|switch|p1a: Swampert|Swampert-Mega, F|103\/360
|-heal|p1a: Swampert|360\/360|[from] move: Healing Wish
|turn|29
|
|move|p2a: Tornadus|Hurricane|p1a: Swampert
|-damage|p1a: Swampert|173\/360
|move|p1a: Swampert|Rain Dance|p1a: Swampert
|-weather|RainDance
|
|-weather|RainDance|[upkeep]
|turn|30
|
|move|p1a: Swampert|Ice Punch|p2a: Tornadus
|-supereffective|p2a: Tornadus
|-damage|p2a: Tornadus|0 fnt
|faint|p2a: Tornadus
|
|-weather|RainDance|[upkeep]
|
|switch|p2a: Hydreigon|Hydreigon, M|97\/325
|-damage|p2a: Hydreigon|57\/325|[from] Stealth Rock
|turn|31
|
|move|p2a: Hydreigon|Draco Meteor|p1a: Swampert
|-damage|p1a: Swampert|0 fnt
|-unboost|p2a: Hydreigon|spa|2
|faint|p1a: Swampert
|
|win|WraithMC
|raw|Ladder updating...
|raw|gUUdman's rating: 1495 &rarr; <strong>1471<\/strong><br \/>(-24 for losing)
|raw|WraithMC's rating: 1417 &rarr; <strong>1441<\/strong><br \/>(+24 for winning)
|c|âWraithMC|gg