|join|gUUdman
|join|crustylettuce
|player|p1|gUUdman|266
|player|p2|crustylettuce|68
|gametype|singles
|gen|6
|tier|UU
|rated
|rule|Sleep Clause Mod: Limit one foe put to sleep
|rule|Species Clause: Limit one of each PokÃ©mon
|rule|OHKO Clause: OHKO moves are banned
|rule|Moody Clause: Moody is banned
|rule|Evasion Moves Clause: Evasion moves are banned
|rule|Endless Battle Clause: Forcing endless battles is banned
|rule|HP Percentage Mod: HP is shown in percentages
|clearpoke
|poke|p1|Absol, M
|poke|p1|Vaporeon, F
|poke|p1|Jirachi
|poke|p1|Rotom-Heat
|poke|p1|Whimsicott, M
|poke|p1|Zygarde
|poke|p2|Chesnaught, F
|poke|p2|Empoleon, F
|poke|p2|Chandelure, M
|poke|p2|Mienshao, M
|poke|p2|Flygon, M, shiny
|poke|p2|Forretress, M
|rule|Swagger Clause: Swagger is banned
|rule|Baton Pass Clause: Limit one PokÃ©mon knowing Baton Pass
|teampreview
|
|start
|switch|p1a: Rotom-Heat|Rotom-Heat|241\/241
|switch|p2a: Flygon|Flygon, M, shiny|301\/301
|turn|1
|
|move|p2a: Flygon|U-turn|p1a: Rotom-Heat
|-resisted|p1a: Rotom-Heat
|-damage|p1a: Rotom-Heat|208\/241
|
|switch|p2a: Specter|Chandelure, M|261\/261
|move|p1a: Rotom-Heat|Volt Switch|p2a: Specter
|-damage|p2a: Specter|137\/261
|
|switch|p1a: Absol|Absol, M|271\/271
|-ability|p1a: Absol|Pressure
|
|-heal|p2a: Specter|153\/261|[from] item: Leftovers
|turn|2
|
|detailschange|p1a: Absol|Absol-Mega, M
|-mega|p1a: Absol|Absol|Absolite
|move|p1a: Absol|Pursuit|p2a: Specter
|-crit|p2a: Specter
|-supereffective|p2a: Specter
|-damage|p2a: Specter|0 fnt
|faint|p2a: Specter
|
|
|switch|p2a: Mienshao|Mienshao, M|271\/271
|turn|3
|
|switch|p1a: Whimsicott|Whimsicott, M|261\/261
|move|p2a: Mienshao|High Jump Kick|p1a: Whimsicott
|-resisted|p1a: Whimsicott
|-damage|p1a: Whimsicott|100\/261
|-damage|p2a: Mienshao|244\/271|[from] item: Life Orb
|
|-heal|p1a: Whimsicott|116\/261|[from] item: Leftovers
|turn|4
|
|switch|p2a: Forretress|Forretress, M|353\/353
|move|p1a: Whimsicott|Encore|p2a: Forretress
|-fail|p2a: Forretress
|
|-heal|p1a: Whimsicott|132\/261|[from] item: Leftovers
|turn|5
|
|move|p1a: Whimsicott|U-turn|p2a: Forretress
|-resisted|p2a: Forretress
|-damage|p2a: Forretress|342\/353
|
|switch|p1a: Absol|Absol-Mega, M|271\/271
|move|p2a: Forretress|Volt Switch|p1a: Absol
|-damage|p1a: Absol|211\/271
|
|switch|p2a: Mienshao|Mienshao, M|271\/271
|
|turn|6
|
|switch|p1a: Whimsicott|Whimsicott, M|132\/261
|move|p2a: Mienshao|High Jump Kick|p1a: Whimsicott
|-resisted|p1a: Whimsicott
|-damage|p1a: Whimsicott|0 fnt
|-damage|p2a: Mienshao|244\/271|[from] item: Life Orb
|faint|p1a: Whimsicott
|
|
|switch|p1a: Vaporeon|Vaporeon, F|464\/464
|turn|7
|
|move|p2a: Mienshao|U-turn|p1a: Vaporeon
|-damage|p1a: Vaporeon|364\/464
|-damage|p2a: Mienshao|217\/271|[from] item: Life Orb
|
|switch|p2a: Gunter|Empoleon, F|371\/371
|move|p1a: Vaporeon|Baton Pass|p1a: Vaporeon
|
|switch|p1a: Rotom-Heat|Rotom-Heat|208\/241
|
|turn|8
|
|move|p1a: Rotom-Heat|Volt Switch|p2a: Gunter
|-supereffective|p2a: Gunter
|-damage|p2a: Gunter|209\/371
|
|switch|p1a: Zygarde|Zygarde|419\/419
|-ability|p1a: Zygarde|Aura Break
|move|p2a: Gunter|Scald|p1a: Zygarde
|-damage|p1a: Zygarde|317\/419
|-status|p1a: Zygarde|brn
|
|-heal|p2a: Gunter|232\/371|[from] item: Leftovers
|-damage|p1a: Zygarde|265\/419 brn|[from] brn
|turn|9
|
|move|p1a: Zygarde|Earthquake|p2a: Gunter
|-supereffective|p2a: Gunter
|-damage|p2a: Gunter|0 fnt
|faint|p2a: Gunter
|
|-damage|p1a: Zygarde|213\/419 brn|[from] brn
|
|switch|p2a: Flygon|Flygon, M, shiny|301\/301
|turn|10
|
|move|p2a: Flygon|U-turn|p1a: Zygarde
|-damage|p1a: Zygarde|150\/419 brn
|
|switch|p2a: Forretress|Forretress, M|342\/353
|move|p1a: Zygarde|Earthquake|p2a: Forretress
|-damage|p2a: Forretress|278\/353
|
|-heal|p2a: Forretress|300\/353|[from] item: Leftovers
|-damage|p1a: Zygarde|98\/419 brn|[from] brn
|turn|11
|
|switch|p1a: Absol|Absol-Mega, M|211\/271
|move|p2a: Forretress|Volt Switch|p1a: Absol
|-damage|p1a: Absol|154\/271
|
|switch|p2a: Mienshao|Mienshao, M|271\/271
|
|turn|12
|
|move|p1a: Absol|Play Rough|p2a: Mienshao
|-supereffective|p2a: Mienshao
|-damage|p2a: Mienshao|0 fnt
|faint|p2a: Mienshao
|
|
|switch|p2a: Morton Jr|Chesnaught, F|380\/380
|turn|13
|
|switch|p1a: Zygarde|Zygarde|98\/419 brn
|-ability|p1a: Zygarde|Aura Break
|move|p2a: Morton Jr|Drain Punch|p1a: Zygarde
|-damage|p1a: Zygarde|19\/419 brn
|
|-damage|p1a: Zygarde|0 fnt|[from] brn
|faint|p1a: Zygarde
|
|switch|p1a: Jirachi|Jirachi|404\/404
|turn|14
|
|move|p1a: Jirachi|Substitute|p1a: Jirachi
|-start|p1a: Jirachi|Substitute
|-damage|p1a: Jirachi|303\/404
|move|p2a: Morton Jr|Drain Punch|p1a: Jirachi
|-crit|p1a: Jirachi
|-end|p1a: Jirachi|Substitute
|
|-heal|p1a: Jirachi|328\/404|[from] item: Leftovers
|turn|15
|
|move|p1a: Jirachi|Substitute|p1a: Jirachi
|-start|p1a: Jirachi|Substitute
|-damage|p1a: Jirachi|227\/404
|move|p2a: Morton Jr|Leech Seed|p1a: Jirachi
|
|-heal|p1a: Jirachi|252\/404|[from] item: Leftovers
|turn|16
|
|move|p1a: Jirachi|Toxic|p2a: Morton Jr
|-status|p2a: Morton Jr|tox
|move|p2a: Morton Jr|Drain Punch|p1a: Jirachi
|-end|p1a: Jirachi|Substitute
|
|-heal|p1a: Jirachi|277\/404|[from] item: Leftovers
|-damage|p2a: Morton Jr|357\/380 tox|[from] psn
|turn|17
|
|move|p1a: Jirachi|Iron Head|p2a: Morton Jr
|-crit|p2a: Morton Jr
|-damage|p2a: Morton Jr|273\/380 tox
|cant|p2a: Morton Jr|flinch
|
|-heal|p1a: Jirachi|302\/404|[from] item: Leftovers
|-heal|p2a: Morton Jr|296\/380 tox|[from] item: Leftovers
|-damage|p2a: Morton Jr|250\/380 tox|[from] psn
|turn|18
|
|move|p1a: Jirachi|Substitute|p1a: Jirachi
|-start|p1a: Jirachi|Substitute
|-damage|p1a: Jirachi|201\/404
|move|p2a: Morton Jr|Drain Punch|p1a: Jirachi
|-activate|p1a: Jirachi|Substitute|[damage]
|-heal|p2a: Morton Jr|300\/380 tox|[from] drain|[of] p1a: Jirachi
|
|-heal|p1a: Jirachi|226\/404|[from] item: Leftovers
|-heal|p2a: Morton Jr|323\/380 tox|[from] item: Leftovers
|-damage|p2a: Morton Jr|254\/380 tox|[from] psn
|turn|19
|
|move|p1a: Jirachi|Iron Head|p2a: Morton Jr
|-damage|p2a: Morton Jr|199\/380 tox
|cant|p2a: Morton Jr|flinch
|
|-heal|p1a: Jirachi|251\/404|[from] item: Leftovers
|-heal|p2a: Morton Jr|222\/380 tox|[from] item: Leftovers
|-damage|p2a: Morton Jr|130\/380 tox|[from] psn
|turn|20
|
|move|p1a: Jirachi|Iron Head|p2a: Morton Jr
|-damage|p2a: Morton Jr|66\/380 tox
|cant|p2a: Morton Jr|flinch
|
|-heal|p1a: Jirachi|276\/404|[from] item: Leftovers
|-heal|p2a: Morton Jr|89\/380 tox|[from] item: Leftovers
|-damage|p2a: Morton Jr|0 fnt|[from] psn
|faint|p2a: Morton Jr
|
|switch|p2a: Forretress|Forretress, M|300\/353
|turn|21
|
|move|p1a: Jirachi|Fire Punch|p2a: Forretress
|-supereffective|p2a: Forretress
|-damage|p2a: Forretress|164\/353
|move|p2a: Forretress|Gyro Ball|p1a: Jirachi
|-resisted|p1a: Jirachi
|-end|p1a: Jirachi|Substitute
|
|-heal|p1a: Jirachi|301\/404|[from] item: Leftovers
|-heal|p2a: Forretress|186\/353|[from] item: Leftovers
|turn|22
|
|move|p1a: Jirachi|Substitute|p1a: Jirachi
|-start|p1a: Jirachi|Substitute
|-damage|p1a: Jirachi|200\/404
|move|p2a: Forretress|Volt Switch|p1a: Jirachi
|-activate|p1a: Jirachi|Substitute|[damage]
|
|switch|p2a: Flygon|Flygon, M, shiny|301\/301
|
|-heal|p1a: Jirachi|225\/404|[from] item: Leftovers
|turn|23
|
|move|p2a: Flygon|Stone Edge|p1a: Jirachi
|-crit|p1a: Jirachi
|-resisted|p1a: Jirachi
|-end|p1a: Jirachi|Substitute
|move|p1a: Jirachi|Toxic|p2a: Flygon
|-status|p2a: Flygon|tox
|
|-heal|p1a: Jirachi|250\/404|[from] item: Leftovers
|-damage|p2a: Flygon|283\/301 tox|[from] psn
|turn|24
|-message|crustylettuce forfeited.
|leave|crustylettuce
|
|win|gUUdman
|raw|Ladder updating...
|
|raw|gUUdman's rating: 1336 &rarr; <strong>1354<\/strong><br \/>(+18 for winning)
|raw|crustylettuce's rating: 1304 &rarr; <strong>1286<\/strong><br \/>(-18 for losing)