|join|satsuki121
|join|forfeit or die
|player|p1|satsuki121|116
|player|p2|forfeit or die|2
|gametype|singles
|gen|6
|tier|UU
|rated
|rule|Sleep Clause Mod: Limit one foe put to sleep
|rule|Species Clause: Limit one of each PokÃ©mon
|rule|OHKO Clause: OHKO moves are banned
|rule|Moody Clause: Moody is banned
|rule|Evasion Moves Clause: Evasion moves are banned
|rule|Endless Battle Clause: Forcing endless battles is banned
|rule|HP Percentage Mod: HP is shown in percentages
|clearpoke
|poke|p1|Vaporeon, F
|poke|p1|Forretress, F
|poke|p1|Sceptile, M
|poke|p1|Mienshao, F
|poke|p1|Alakazam, M
|poke|p1|Chandelure, M
|poke|p2|Granbull, F
|poke|p2|Spiritomb, M
|poke|p2|Rhyperior, M
|poke|p2|Tentacruel, M
|poke|p2|Blissey, F
|poke|p2|Gligar, F
|rule|Swagger Clause: Swagger is banned
|rule|Baton Pass Clause: Limit one PokÃ©mon knowing Baton Pass
|teampreview
|
|start
|switch|p1a: Mienshao|Mienshao, F|271\/271
|switch|p2a: Blissey|Blissey, F|651\/651
|turn|1
|
|switch|p1a: Chandelure|Chandelure, M|283\/283
|move|p2a: Blissey|Counter|p1a: Chandelure
|-immune|p1a: Chandelure|[msg]
|
|turn|2
|
|switch|p2a: Gligar|Gligar, F|331\/331
|move|p1a: Chandelure|Substitute|p1a: Chandelure
|-start|p1a: Chandelure|Substitute
|-damage|p1a: Chandelure|213\/283
|
|-heal|p1a: Chandelure|230\/283|[from] item: Leftovers
|turn|3
|
|move|p1a: Chandelure|Flamethrower|p2a: Gligar
|-damage|p2a: Gligar|214\/331
|move|p2a: Gligar|Taunt|p1a: Chandelure
|-start|p1a: Chandelure|move: Taunt
|
|-heal|p1a: Chandelure|247\/283|[from] item: Leftovers
|turn|4
|
|switch|p2a: Blissey|Blissey, F|651\/651
|move|p1a: Chandelure|Flamethrower|p2a: Blissey
|-damage|p2a: Blissey|497\/651
|-status|p2a: Blissey|brn
|
|-heal|p1a: Chandelure|264\/283|[from] item: Leftovers
|-heal|p2a: Blissey|537\/651 brn|[from] item: Leftovers
|-damage|p2a: Blissey|456\/651 brn|[from] brn
|turn|5
|
|move|p1a: Chandelure|Flamethrower|p2a: Blissey
|-damage|p2a: Blissey|312\/651 brn
|move|p2a: Blissey|Wish|p2a: Blissey
|
|-heal|p1a: Chandelure|281\/283|[from] item: Leftovers
|-heal|p2a: Blissey|352\/651 brn|[from] item: Leftovers
|-damage|p2a: Blissey|271\/651 brn|[from] brn
|turn|6
|
|switch|p2a: Gligar|Gligar, F|214\/331
|move|p1a: Chandelure|Flamethrower|p2a: Gligar
|-damage|p2a: Gligar|102\/331
|
|-heal|p2a: Gligar|331\/331|[from] move: Wish|[wisher] Blissey
|-heal|p1a: Chandelure|283\/283|[from] item: Leftovers
|-end|p1a: Chandelure|move: Taunt
|turn|7
|
|move|p1a: Chandelure|Calm Mind|p1a: Chandelure
|-boost|p1a: Chandelure|spa|1
|-boost|p1a: Chandelure|spd|1
|move|p2a: Gligar|Earthquake|p1a: Chandelure
|-supereffective|p1a: Chandelure
|-end|p1a: Chandelure|Substitute
|
|turn|8
|
|move|p1a: Chandelure|Substitute|p1a: Chandelure
|-start|p1a: Chandelure|Substitute
|-damage|p1a: Chandelure|213\/283
|move|p2a: Gligar|Earthquake|p1a: Chandelure
|-supereffective|p1a: Chandelure
|-end|p1a: Chandelure|Substitute
|
|-heal|p1a: Chandelure|230\/283|[from] item: Leftovers
|turn|9
|
|move|p1a: Chandelure|Flamethrower|p2a: Gligar
|-damage|p2a: Gligar|141\/331
|move|p2a: Gligar|Earthquake|p1a: Chandelure
|-supereffective|p1a: Chandelure
|-damage|p1a: Chandelure|20\/283
|
|-heal|p1a: Chandelure|37\/283|[from] item: Leftovers
|turn|10
|
|switch|p2a: Spiritomb|Spiritomb, M|304\/304
|move|p1a: Chandelure|Shadow Ball|p2a: Spiritomb
|-damage|p2a: Spiritomb|142\/304
|
|-heal|p1a: Chandelure|54\/283|[from] item: Leftovers
|-heal|p2a: Spiritomb|161\/304|[from] item: Leftovers
|turn|11
|
|move|p1a: Chandelure|Flamethrower|p2a: Spiritomb
|-crit|p2a: Spiritomb
|-damage|p2a: Spiritomb|0 fnt
|faint|p2a: Spiritomb
|
|-heal|p1a: Chandelure|71\/283|[from] item: Leftovers
|
|switch|p2a: Tentacruel|Tentacruel, M|360\/360
|turn|12
|
|switch|p1a: Vaporeon|Vaporeon, F|464\/464
|move|p2a: Tentacruel|Scald|p1a: Vaporeon
|-immune|p1a: Vaporeon|[msg]
|
|turn|13
|
|move|p2a: Tentacruel|Toxic Spikes|p1a: Vaporeon
|-sidestart|p1: satsuki121|move: Toxic Spikes
|move|p1a: Vaporeon|Wish|p1a: Vaporeon
|
|turn|14
|
|move|p2a: Tentacruel|Toxic Spikes|p1a: Vaporeon
|-sidestart|p1: satsuki121|move: Toxic Spikes
|move|p1a: Vaporeon|Baton Pass|p1a: Vaporeon
|
|switch|p1a: Forretress|Forretress, F|353\/353
|
|turn|15
|
|move|p2a: Tentacruel|Scald|p1a: Forretress
|-crit|p1a: Forretress
|-damage|p1a: Forretress|193\/353
|move|p1a: Forretress|Rapid Spin|p2a: Tentacruel
|-damage|p2a: Tentacruel|345\/360
|-sideend|p1: satsuki121|Toxic Spikes|[from] move: Rapid Spin|[of] p1a: Forretress
|
|-heal|p2a: Tentacruel|360\/360|[from] item: Black Sludge
|-heal|p1a: Forretress|215\/353|[from] item: Leftovers
|turn|16
|
|move|p2a: Tentacruel|Scald|p1a: Forretress
|-damage|p1a: Forretress|107\/353
|move|p1a: Forretress|Stealth Rock|p2a: Tentacruel
|-sidestart|p2: forfeit or die|move: Stealth Rock
|
|-heal|p1a: Forretress|129\/353|[from] item: Leftovers
|turn|17
|
|move|p2a: Tentacruel|Scald|p1a: Forretress
|-damage|p1a: Forretress|5\/353
|move|p1a: Forretress|Volt Switch|p2a: Tentacruel
|-supereffective|p2a: Tentacruel
|-damage|p2a: Tentacruel|296\/360
|
|switch|p1a: Alakazam|Alakazam, M|252\/252
|
|-heal|p2a: Tentacruel|318\/360|[from] item: Black Sludge
|turn|18
|
|switch|p2a: Rhyperior|Rhyperior, M|434\/434
|-damage|p2a: Rhyperior|407\/434|[from] Stealth Rock
|move|p1a: Alakazam|Psychic|p2a: Rhyperior
|-damage|p2a: Rhyperior|145\/434
|
|-heal|p2a: Rhyperior|172\/434|[from] item: Leftovers
|turn|19
|
|switch|p2a: Granbull|Granbull, F|384\/384
|-damage|p2a: Granbull|336\/384|[from] Stealth Rock
|-ability|p2a: Granbull|Intimidate|[of] p1a: Alakazam
|-unboost|p1a: Alakazam|atk|1
|move|p1a: Alakazam|Psychic|p2a: Granbull
|-damage|p2a: Granbull|71\/384
|
|-heal|p2a: Granbull|95\/384|[from] item: Leftovers
|turn|20
|
|move|p1a: Alakazam|Psychic|p2a: Granbull
|-damage|p2a: Granbull|0 fnt
|faint|p2a: Granbull
|
|
|switch|p2a: Blissey|Blissey, F|271\/651
|-damage|p2a: Blissey|190\/651|[from] Stealth Rock
|turn|21
|
|move|p1a: Alakazam|Psychic|p2a: Blissey
|-damage|p2a: Blissey|58\/651
|move|p2a: Blissey|Soft-Boiled|p2a: Blissey
|-heal|p2a: Blissey|384\/651
|
|-heal|p2a: Blissey|424\/651|[from] item: Leftovers
|turn|22
|
|switch|p1a: Chandelure|Chandelure, M|71\/283
|move|p2a: Blissey|Wish|p2a: Blissey
|
|-heal|p1a: Chandelure|88\/283|[from] item: Leftovers
|-heal|p2a: Blissey|464\/651|[from] item: Leftovers
|turn|23
|
|switch|p2a: Gligar|Gligar, F|141\/331
|-damage|p2a: Gligar|100\/331|[from] Stealth Rock
|move|p1a: Chandelure|Flamethrower|p2a: Gligar
|-damage|p2a: Gligar|0 fnt
|faint|p2a: Gligar
|
|-heal|p1a: Chandelure|105\/283|[from] item: Leftovers
|
|switch|p2a: Tentacruel|Tentacruel, M|318\/360
|-damage|p2a: Tentacruel|273\/360|[from] Stealth Rock
|turn|24
|
|switch|p1a: Vaporeon|Vaporeon, F|464\/464
|move|p2a: Tentacruel|Toxic Spikes|p1a: Vaporeon
|-sidestart|p1: satsuki121|move: Toxic Spikes
|
|-heal|p2a: Tentacruel|295\/360|[from] item: Black Sludge
|turn|25
|
|move|p2a: Tentacruel|Toxic Spikes|p1a: Vaporeon
|-sidestart|p1: satsuki121|move: Toxic Spikes
|move|p1a: Vaporeon|Scald|p2a: Tentacruel
|-crit|p2a: Tentacruel
|-resisted|p2a: Tentacruel
|-damage|p2a: Tentacruel|226\/360
|
|-heal|p2a: Tentacruel|248\/360|[from] item: Black Sludge
|turn|26
|
|move|p2a: Tentacruel|Protect|p2a: Tentacruel
|-singleturn|p2a: Tentacruel|Protect
|move|p1a: Vaporeon|Wish|p1a: Vaporeon
|
|-heal|p2a: Tentacruel|270\/360|[from] item: Black Sludge
|turn|27
|
|move|p2a: Tentacruel|Scald|p1a: Vaporeon
|-immune|p1a: Vaporeon|[msg]
|move|p1a: Vaporeon|Baton Pass|p1a: Vaporeon
|
|switch|p1a: Forretress|Forretress, F|5\/353
|
|-heal|p1a: Forretress|237\/353|[from] move: Wish|[wisher] Vaporeon
|-heal|p2a: Tentacruel|292\/360|[from] item: Black Sludge
|-heal|p1a: Forretress|259\/353|[from] item: Leftovers
|turn|28
|
|move|p2a: Tentacruel|Scald|p1a: Forretress
|-damage|p1a: Forretress|145\/353
|move|p1a: Forretress|Rapid Spin|p2a: Tentacruel
|-damage|p2a: Tentacruel|277\/360
|-sideend|p1: satsuki121|Toxic Spikes|[from] move: Rapid Spin|[of] p1a: Forretress
|
|-heal|p2a: Tentacruel|299\/360|[from] item: Black Sludge
|-heal|p1a: Forretress|167\/353|[from] item: Leftovers
|turn|29
|
|move|p2a: Tentacruel|Toxic Spikes|p1a: Forretress
|-sidestart|p1: satsuki121|move: Toxic Spikes
|move|p1a: Forretress|Volt Switch|p2a: Tentacruel
|-supereffective|p2a: Tentacruel
|-damage|p2a: Tentacruel|235\/360
|
|switch|p1a: Alakazam|Alakazam, M|252\/252
|-status|p1a: Alakazam|psn
|
|-heal|p2a: Tentacruel|257\/360|[from] item: Black Sludge
|turn|30
|
|switch|p2a: Blissey|Blissey, F|464\/651
|-damage|p2a: Blissey|383\/651|[from] Stealth Rock
|move|p1a: Alakazam|Psychic|p2a: Blissey
|-damage|p2a: Blissey|254\/651
|
|-heal|p2a: Blissey|294\/651|[from] item: Leftovers
|turn|31
|
|move|p1a: Alakazam|Psychic|p2a: Blissey
|-damage|p2a: Blissey|173\/651
|move|p2a: Blissey|Soft-Boiled|p2a: Blissey
|-heal|p2a: Blissey|499\/651
|
|-heal|p2a: Blissey|539\/651|[from] item: Leftovers
|turn|32
|
|move|p1a: Alakazam|Psychic|p2a: Blissey
|-damage|p2a: Blissey|419\/651
|move|p2a: Blissey|Wish|p2a: Blissey
|
|-heal|p2a: Blissey|459\/651|[from] item: Leftovers
|turn|33
|
|move|p1a: Alakazam|Psychic|p2a: Blissey
|-damage|p2a: Blissey|321\/651
|move|p2a: Blissey|Seismic Toss|p1a: Alakazam
|-damage|p1a: Alakazam|152\/252 psn
|
|-heal|p2a: Blissey|646\/651|[from] move: Wish|[wisher] Blissey
|-heal|p2a: Blissey|651\/651|[from] item: Leftovers
|turn|34
|
|switch|p1a: Mienshao|Mienshao, F|271\/271
|-status|p1a: Mienshao|psn
|move|p2a: Blissey|Wish|p2a: Blissey
|
|-damage|p1a: Mienshao|238\/271 psn|[from] psn
|turn|35
|
|move|p1a: Mienshao|Knock Off|p2a: Blissey
|-damage|p2a: Blissey|456\/651
|-enditem|p2a: Blissey|Leftovers|[from] move: Knock Off|[of] p1a: Mienshao
|move|p2a: Blissey|Counter|p1a: Mienshao
|-damage|p1a: Mienshao|0 fnt
|faint|p1a: Mienshao
|
|-heal|p2a: Blissey|651\/651|[from] move: Wish|[wisher] Blissey
|
|switch|p1a: Forretress|Forretress, F|167\/353
|turn|36
|
|move|p2a: Blissey|Wish|p2a: Blissey
|move|p1a: Forretress|Rapid Spin|p2a: Blissey
|-damage|p2a: Blissey|625\/651
|-sideend|p1: satsuki121|Toxic Spikes|[from] move: Rapid Spin|[of] p1a: Forretress
|
|-heal|p1a: Forretress|189\/353|[from] item: Leftovers
|turn|37
|
|switch|p2a: Rhyperior|Rhyperior, M|172\/434
|-damage|p2a: Rhyperior|145\/434|[from] Stealth Rock
|move|p1a: Forretress|Volt Switch|p2a: Rhyperior
|-immune|p2a: Rhyperior|[msg]
|
|-heal|p2a: Rhyperior|434\/434|[from] move: Wish|[wisher] Blissey
|-heal|p1a: Forretress|211\/353|[from] item: Leftovers
|turn|38
|
|move|p2a: Rhyperior|Stealth Rock|p1a: Forretress
|-sidestart|p1: satsuki121|move: Stealth Rock
|move|p1a: Forretress|Gyro Ball|p2a: Rhyperior
|-supereffective|p2a: Rhyperior
|-damage|p2a: Rhyperior|394\/434
|
|-heal|p2a: Rhyperior|421\/434|[from] item: Leftovers
|-heal|p1a: Forretress|233\/353|[from] item: Leftovers
|turn|39
|
|move|p2a: Rhyperior|Earthquake|p1a: Forretress
|-damage|p1a: Forretress|137\/353
|move|p1a: Forretress|Rapid Spin|p2a: Rhyperior
|-resisted|p2a: Rhyperior
|-damage|p2a: Rhyperior|416\/434
|-sideend|p1: satsuki121|Stealth Rock|[from] move: Rapid Spin|[of] p1a: Forretress
|
|-heal|p2a: Rhyperior|434\/434|[from] item: Leftovers
|-heal|p1a: Forretress|159\/353|[from] item: Leftovers
|turn|40
|
|switch|p1a: Vaporeon|Vaporeon, F|464\/464
|move|p2a: Rhyperior|Stealth Rock|p1a: Vaporeon
|-sidestart|p1: satsuki121|move: Stealth Rock
|
|turn|41
|
|switch|p2a: Blissey|Blissey, F|625\/651
|-damage|p2a: Blissey|544\/651|[from] Stealth Rock
|move|p1a: Vaporeon|Scald|p2a: Blissey
|-damage|p2a: Blissey|466\/651
|
|turn|42
|
|move|p1a: Vaporeon|Scald|p2a: Blissey
|-damage|p2a: Blissey|387\/651
|move|p2a: Blissey|Seismic Toss|p1a: Vaporeon
|-damage|p1a: Vaporeon|364\/464
|
|-heal|p1a: Vaporeon|393\/464|[from] item: Leftovers
|turn|43
|
|move|p1a: Vaporeon|Scald|p2a: Blissey
|-damage|p2a: Blissey|309\/651
|-status|p2a: Blissey|brn
|move|p2a: Blissey|Soft-Boiled|p2a: Blissey
|-heal|p2a: Blissey|635\/651 brn
|
|-heal|p1a: Vaporeon|422\/464|[from] item: Leftovers
|-damage|p2a: Blissey|554\/651 brn|[from] brn
|turn|44
|
|move|p1a: Vaporeon|Wish|p1a: Vaporeon
|move|p2a: Blissey|Wish|p2a: Blissey
|
|-heal|p1a: Vaporeon|451\/464|[from] item: Leftovers
|-damage|p2a: Blissey|473\/651 brn|[from] brn
|turn|45
|
|move|p1a: Vaporeon|Scald|p2a: Blissey
|-damage|p2a: Blissey|400\/651 brn
|move|p2a: Blissey|Seismic Toss|p1a: Vaporeon
|-damage|p1a: Vaporeon|351\/464
|
|-heal|p1a: Vaporeon|464\/464|[from] move: Wish|[wisher] Vaporeon
|-heal|p2a: Blissey|651\/651 brn|[from] move: Wish|[wisher] Blissey
|-damage|p2a: Blissey|570\/651 brn|[from] brn
|turn|46
|
|move|p1a: Vaporeon|Wish|p1a: Vaporeon
|move|p2a: Blissey|Wish|p2a: Blissey
|
|-damage|p2a: Blissey|489\/651 brn|[from] brn
|turn|47
|
|move|p1a: Vaporeon|Baton Pass|p1a: Vaporeon
|
|switch|p1a: Chandelure|Chandelure, M|105\/283
|-damage|p1a: Chandelure|35\/283|[from] Stealth Rock
|move|p2a: Blissey|Seismic Toss|p1a: Chandelure
|-immune|p1a: Chandelure|[msg]
|
|-heal|p2a: Blissey|651\/651 brn|[from] move: Wish|[wisher] Blissey
|-heal|p1a: Chandelure|267\/283|[from] move: Wish|[wisher] Vaporeon
|-heal|p1a: Chandelure|283\/283|[from] item: Leftovers
|-damage|p2a: Blissey|570\/651 brn|[from] brn
|turn|48
|
|switch|p1a: Vaporeon|Vaporeon, F|464\/464
|-damage|p1a: Vaporeon|406\/464|[from] Stealth Rock
|switch|p2a: Rhyperior|Rhyperior, M|434\/434
|-damage|p2a: Rhyperior|407\/434|[from] Stealth Rock
|
|-heal|p1a: Vaporeon|435\/464|[from] item: Leftovers
|-heal|p2a: Rhyperior|434\/434|[from] item: Leftovers
|turn|49
|
|switch|p2a: Blissey|Blissey, F|570\/651
|-damage|p2a: Blissey|489\/651|[from] Stealth Rock
|move|p1a: Vaporeon|Scald|p2a: Blissey
|-damage|p2a: Blissey|407\/651
|
|-heal|p1a: Vaporeon|464\/464|[from] item: Leftovers
|turn|50
|
|move|p1a: Vaporeon|Wish|p1a: Vaporeon
|move|p2a: Blissey|Wish|p2a: Blissey
|
|turn|51
|
|switch|p2a: Tentacruel|Tentacruel, M|257\/360
|-damage|p2a: Tentacruel|212\/360|[from] Stealth Rock
|move|p1a: Vaporeon|Scald|p2a: Tentacruel
|-resisted|p2a: Tentacruel
|-damage|p2a: Tentacruel|171\/360
|-status|p2a: Tentacruel|brn
|
|-heal|p2a: Tentacruel|360\/360 brn|[from] move: Wish|[wisher] Blissey
|-damage|p2a: Tentacruel|315\/360 brn|[from] brn
|turn|52
|
|move|p2a: Tentacruel|Toxic Spikes|p1a: Vaporeon
|-sidestart|p1: satsuki121|move: Toxic Spikes
|move|p1a: Vaporeon|Wish|p1a: Vaporeon
|
|-heal|p2a: Tentacruel|337\/360 brn|[from] item: Black Sludge
|-damage|p2a: Tentacruel|292\/360 brn|[from] brn
|turn|53
|
|move|p2a: Tentacruel|Scald|p1a: Vaporeon
|-immune|p1a: Vaporeon|[msg]
|move|p1a: Vaporeon|Baton Pass|p1a: Vaporeon
|
|switch|p1a: Forretress|Forretress, F|159\/353
|-damage|p1a: Forretress|115\/353|[from] Stealth Rock
|
|-heal|p1a: Forretress|347\/353|[from] move: Wish|[wisher] Vaporeon
|-heal|p2a: Tentacruel|314\/360 brn|[from] item: Black Sludge
|-heal|p1a: Forretress|353\/353|[from] item: Leftovers
|-damage|p2a: Tentacruel|269\/360 brn|[from] brn
|turn|54
|
|move|p2a: Tentacruel|Scald|p1a: Forretress
|-crit|p1a: Forretress
|-damage|p1a: Forretress|176\/353
|-status|p1a: Forretress|brn
|move|p1a: Forretress|Rapid Spin|p2a: Tentacruel
|-damage|p2a: Tentacruel|260\/360 brn
|-sideend|p1: satsuki121|Toxic Spikes|[from] move: Rapid Spin|[of] p1a: Forretress
|-sideend|p1: satsuki121|Stealth Rock|[from] move: Rapid Spin|[of] p1a: Forretress
|
|-heal|p2a: Tentacruel|282\/360 brn|[from] item: Black Sludge
|-heal|p1a: Forretress|198\/353 brn|[from] item: Leftovers
|-damage|p2a: Tentacruel|237\/360 brn|[from] brn
|-damage|p1a: Forretress|154\/353 brn|[from] brn
|turn|55
|
|move|p2a: Tentacruel|Toxic Spikes|p1a: Forretress
|-sidestart|p1: satsuki121|move: Toxic Spikes
|move|p1a: Forretress|Volt Switch|p2a: Tentacruel
|-supereffective|p2a: Tentacruel
|-damage|p2a: Tentacruel|169\/360 brn
|
|switch|p1a: Alakazam|Alakazam, M|152\/252 psn
|
|-heal|p2a: Tentacruel|191\/360 brn|[from] item: Black Sludge
|-damage|p2a: Tentacruel|146\/360 brn|[from] brn
|turn|56
|
|switch|p2a: Blissey|Blissey, F|407\/651
|-damage|p2a: Blissey|326\/651|[from] Stealth Rock
|move|p1a: Alakazam|Psychic|p2a: Blissey
|-damage|p2a: Blissey|208\/651
|
|turn|57
|
|switch|p1a: Forretress|Forretress, F|154\/353 brn
|move|p2a: Blissey|Soft-Boiled|p2a: Blissey
|-heal|p2a: Blissey|534\/651
|
|-heal|p1a: Forretress|176\/353 brn|[from] item: Leftovers
|-damage|p1a: Forretress|132\/353 brn|[from] brn
|turn|58
|
|move|p2a: Blissey|Seismic Toss|p1a: Forretress
|-damage|p1a: Forretress|32\/353 brn
|move|p1a: Forretress|Rapid Spin|p2a: Blissey
|-damage|p2a: Blissey|522\/651
|-sideend|p1: satsuki121|Toxic Spikes|[from] move: Rapid Spin|[of] p1a: Forretress
|
|-heal|p1a: Forretress|54\/353 brn|[from] item: Leftovers
|-damage|p1a: Forretress|10\/353 brn|[from] brn
|turn|59
|
|switch|p1a: Chandelure|Chandelure, M|283\/283
|move|p2a: Blissey|Wish|p2a: Blissey
|
|turn|60
|
|switch|p2a: Rhyperior|Rhyperior, M|434\/434
|-damage|p2a: Rhyperior|407\/434|[from] Stealth Rock
|move|p1a: Chandelure|Substitute|p1a: Chandelure
|-start|p1a: Chandelure|Substitute
|-damage|p1a: Chandelure|213\/283
|
|-heal|p2a: Rhyperior|434\/434|[from] move: Wish|[wisher] Blissey
|-heal|p1a: Chandelure|230\/283|[from] item: Leftovers
|turn|61
|
|move|p1a: Chandelure|Shadow Ball|p2a: Rhyperior
|-damage|p2a: Rhyperior|182\/434
|move|p2a: Rhyperior|Rock Blast|p1a: Chandelure
|-supereffective|p1a: Chandelure
|-end|p1a: Chandelure|Substitute
|-supereffective|p1a: Chandelure
|-damage|p1a: Chandelure|140\/283
|-supereffective|p1a: Chandelure
|-damage|p1a: Chandelure|50\/283
|-supereffective|p1a: Chandelure
|-damage|p1a: Chandelure|0 fnt
|-hitcount|p1a: Chandelure|4
|faint|p1a: Chandelure
|
|-heal|p2a: Rhyperior|209\/434|[from] item: Leftovers
|
|switch|p1a: Sceptile|Sceptile, M|281\/281
|turn|62
|
|switch|p2a: Blissey|Blissey, F|522\/651
|-damage|p2a: Blissey|441\/651|[from] Stealth Rock
|detailschange|p1a: Sceptile|Sceptile-Mega, M
|message|Sceptile has Mega Evolved into Mega Sceptile!
|move|p1a: Sceptile|Giga Drain|p2a: Blissey
|-damage|p2a: Blissey|335\/651
|
|turn|63
|
|move|p1a: Sceptile|Giga Drain|p2a: Blissey
|-damage|p2a: Blissey|230\/651
|move|p2a: Blissey|Soft-Boiled|p2a: Blissey
|-heal|p2a: Blissey|556\/651
|
|turn|64
|
|move|p1a: Sceptile|Giga Drain|p2a: Blissey
|-damage|p2a: Blissey|445\/651
|move|p2a: Blissey|Wish|p2a: Blissey
|
|turn|65
|
|move|p1a: Sceptile|Dragon Pulse|p2a: Blissey
|-damage|p2a: Blissey|319\/651
|move|p2a: Blissey|Seismic Toss|p1a: Sceptile
|-damage|p1a: Sceptile|181\/281
|
|-heal|p2a: Blissey|644\/651|[from] move: Wish|[wisher] Blissey
|turn|66
|
|move|p1a: Sceptile|Giga Drain|p2a: Blissey
|-damage|p2a: Blissey|530\/651
|-heal|p1a: Sceptile|238\/281|[from] drain|[of] p2a: Blissey
|move|p2a: Blissey|Seismic Toss|p1a: Sceptile
|-damage|p1a: Sceptile|138\/281
|
|turn|67
|
|move|p1a: Sceptile|Giga Drain|p2a: Blissey
|-damage|p2a: Blissey|416\/651
|-heal|p1a: Sceptile|195\/281|[from] drain|[of] p2a: Blissey
|move|p2a: Blissey|Seismic Toss|p1a: Sceptile
|-damage|p1a: Sceptile|95\/281
|
|turn|68
|
|move|p1a: Sceptile|Giga Drain|p2a: Blissey
|-damage|p2a: Blissey|308\/651
|-heal|p1a: Sceptile|149\/281|[from] drain|[of] p2a: Blissey
|move|p2a: Blissey|Soft-Boiled|p2a: Blissey
|-heal|p2a: Blissey|634\/651
|
|turn|69
|
|move|p1a: Sceptile|Giga Drain|p2a: Blissey
|-damage|p2a: Blissey|523\/651
|-heal|p1a: Sceptile|205\/281|[from] drain|[of] p2a: Blissey
|move|p2a: Blissey|Seismic Toss|p1a: Sceptile
|-damage|p1a: Sceptile|105\/281
|
|turn|70
|
|move|p1a: Sceptile|Giga Drain|p2a: Blissey
|-damage|p2a: Blissey|414\/651
|-heal|p1a: Sceptile|160\/281|[from] drain|[of] p2a: Blissey
|move|p2a: Blissey|Seismic Toss|p1a: Sceptile
|-damage|p1a: Sceptile|60\/281
|
|turn|71
|
|switch|p1a: Vaporeon|Vaporeon, F|464\/464
|move|p2a: Blissey|Soft-Boiled|p2a: Blissey
|-heal|p2a: Blissey|651\/651
|
|turn|72
|
|move|p1a: Vaporeon|Baton Pass|p1a: Vaporeon
|
|switch|p1a: Alakazam|Alakazam, M|152\/252 psn
|move|p2a: Blissey|Wish|p2a: Blissey
|
|turn|73
|
|switch|p1a: Vaporeon|Vaporeon, F|464\/464
|move|p2a: Blissey|Seismic Toss|p1a: Vaporeon
|-damage|p1a: Vaporeon|364\/464
|
|-heal|p1a: Vaporeon|393\/464|[from] item: Leftovers
|turn|74
|
|move|p1a: Vaporeon|Wish|p1a: Vaporeon
|move|p2a: Blissey|Seismic Toss|p1a: Vaporeon
|-damage|p1a: Vaporeon|293\/464
|
|-heal|p1a: Vaporeon|322\/464|[from] item: Leftovers
|turn|75
|
|move|p1a: Vaporeon|Scald|p2a: Blissey
|-damage|p2a: Blissey|572\/651
|move|p2a: Blissey|Wish|p2a: Blissey
|
|-heal|p1a: Vaporeon|464\/464|[from] move: Wish|[wisher] Vaporeon
|turn|76
|
|switch|p2a: Tentacruel|Tentacruel, M|146\/360 brn
|-damage|p2a: Tentacruel|101\/360 brn|[from] Stealth Rock
|move|p1a: Vaporeon|Wish|p1a: Vaporeon
|
|-heal|p2a: Tentacruel|360\/360 brn|[from] move: Wish|[wisher] Blissey
|-damage|p2a: Tentacruel|315\/360 brn|[from] brn
|turn|77
|
|move|p2a: Tentacruel|Toxic Spikes|p1a: Vaporeon
|-sidestart|p1: satsuki121|move: Toxic Spikes
|move|p1a: Vaporeon|Scald|p2a: Tentacruel
|-resisted|p2a: Tentacruel
|-damage|p2a: Tentacruel|274\/360 brn
|
|-heal|p2a: Tentacruel|296\/360 brn|[from] item: Black Sludge
|-damage|p2a: Tentacruel|251\/360 brn|[from] brn
|turn|78
|
|move|p2a: Tentacruel|Rapid Spin|p1a: Vaporeon
|-damage|p1a: Vaporeon|458\/464
|-sideend|p2: forfeit or die|Stealth Rock|[from] move: Rapid Spin|[of] p2a: Tentacruel
|move|p1a: Vaporeon|Scald|p2a: Tentacruel
|-resisted|p2a: Tentacruel
|-damage|p2a: Tentacruel|207\/360 brn
|
|-heal|p2a: Tentacruel|229\/360 brn|[from] item: Black Sludge
|-heal|p1a: Vaporeon|464\/464|[from] item: Leftovers
|-damage|p2a: Tentacruel|184\/360 brn|[from] brn
|turn|79
|
|move|p2a: Tentacruel|Toxic Spikes|p1a: Vaporeon
|-sidestart|p1: satsuki121|move: Toxic Spikes
|move|p1a: Vaporeon|Scald|p2a: Tentacruel
|-resisted|p2a: Tentacruel
|-damage|p2a: Tentacruel|142\/360 brn
|
|-heal|p2a: Tentacruel|164\/360 brn|[from] item: Black Sludge
|-damage|p2a: Tentacruel|119\/360 brn|[from] brn
|turn|80
|
|switch|p2a: Blissey|Blissey, F|572\/651
|move|p1a: Vaporeon|Scald|p2a: Blissey
|-damage|p2a: Blissey|493\/651
|
|turn|81
|-message|satsuki121 forfeited.
|
|win|forfeit or die
|raw|Ladder updating...
|leave|satsuki121
|player|p1
|raw|satsuki121's rating: 1337 &rarr; <strong>1308<\/strong><br \/>(-29 for losing)
|raw|forfeit or die's rating: 1173 &rarr; <strong>1209<\/strong><br \/>(+36 for winning)