|join|satsuki121
|join|aehqarer
|player|p1|satsuki121|116
|player|p2|aehqarer|1
|gametype|singles
|gen|6
|tier|UU
|rated
|rule|Sleep Clause Mod: Limit one foe put to sleep
|rule|Species Clause: Limit one of each Pokemon
|rule|OHKO Clause: OHKO moves are banned
|rule|Moody Clause: Moody is banned
|rule|Evasion Moves Clause: Evasion moves are banned
|rule|Endless Battle Clause: Forcing endless battles is banned.
|rule|HP Percentage Mod: HP is reported as percentages
|clearpoke
|poke|p1|Blastoise, M, shiny
|poke|p1|Metagross, shiny
|poke|p1|Florges, F, shiny
|poke|p1|Celebi, shiny
|poke|p1|Entei, shiny
|poke|p1|Suicune, shiny
|poke|p2|Honchkrow, F
|poke|p2|Arcanine, F
|poke|p2|Gallade, M
|poke|p2|Porygon-Z
|poke|p2|Flygon, M
|poke|p2|Scrafty, F
|teampreview
|
|start
|switch|p1a: Celebi|Celebi, shiny|404\/404
|switch|p2a: Gallade|Gallade, M|340\/340
|turn|1
|
|move|p1a: Celebi|Stealth Rock|p2a: Gallade
|-sidestart|p2: aehqarer|move: Stealth Rock
|move|p2a: Gallade|Trick Room|p2a: Gallade
|-fieldstart|move: Trick Room|[of] p2a: Gallade
|
|turn|2
|
|move|p2a: Gallade|Knock Off|p1a: Celebi
|-supereffective|p1a: Celebi
|-damage|p1a: Celebi|162\/404
|-enditem|p1a: Celebi|Leftovers|[from] move: Knock Off|[of] p2a: Gallade
|-damage|p2a: Gallade|306\/340|[from] item: Life Orb
|move|p1a: Celebi|U-turn|p2a: Gallade
|-damage|p2a: Gallade|238\/340
|
|switch|p1a: Blastoise|Blastoise, M, shiny|362\/362
|
|turn|3
|
|-formechange|p1a: Blastoise|Blastoise-Mega
|message|Blastoise has Mega Evolved into Mega Blastoise!
|move|p2a: Gallade|Psycho Cut|p1a: Blastoise
|-damage|p1a: Blastoise|222\/362
|-damage|p2a: Gallade|204\/340|[from] item: Life Orb
|move|p1a: Blastoise|Scald|p2a: Gallade
|-damage|p2a: Gallade|72\/340
|
|turn|4
|
|move|p2a: Gallade|Close Combat|p1a: Blastoise
|-damage|p1a: Blastoise|0 fnt
|-unboost|p2a: Gallade|def|1
|-unboost|p2a: Gallade|spd|1
|-damage|p2a: Gallade|38\/340|[from] item: Life Orb
|faint|p1a: Blastoise
|
|
|switch|p1a: Metagross|Metagross, shiny|364\/364
|turn|5
|
|move|p1a: Metagross|Bullet Punch|p2a: Gallade
|-damage|p2a: Gallade|0 fnt
|faint|p2a: Gallade
|
|-fieldend|move: Trick Room
|
|switch|p2a: Flygon|Flygon, M|364\/364
|-damage|p2a: Flygon|342\/364|[from] Stealth Rock
|turn|6
|
|switch|p1a: Suicune|Suicune, shiny|404\/404
|-ability|p1a: Suicune|Pressure
|move|p2a: Flygon|Defog|p1a: Suicune
|-unboost|p1a: Suicune|evasion|1
|-sideend|p2: aehqarer|Stealth Rock|[from] move: Defog|[of] p2a: Flygon
|
|-heal|p2a: Flygon|364\/364|[from] item: Leftovers
|turn|7
|
|switch|p2a: Porygon-Z|Porygon-Z|312\/312
|move|p1a: Suicune|Calm Mind|p1a: Suicune
|-boost|p1a: Suicune|spa|1
|-boost|p1a: Suicune|spd|1
|
|turn|8
|
|move|p2a: Porygon-Z|Nasty Plot|p2a: Porygon-Z
|-boost|p2a: Porygon-Z|spa|2
|move|p1a: Suicune|Scald|p2a: Porygon-Z
|-damage|p2a: Porygon-Z|156\/312
|
|-heal|p2a: Porygon-Z|175\/312|[from] item: Leftovers
|turn|9
|
|move|p2a: Porygon-Z|Tri Attack|p1a: Suicune
|-damage|p1a: Suicune|140\/404
|move|p1a: Suicune|Scald|p2a: Porygon-Z
|-damage|p2a: Porygon-Z|19\/312
|
|-heal|p2a: Porygon-Z|38\/312|[from] item: Leftovers
|-heal|p1a: Suicune|165\/404|[from] item: Leftovers
|turn|10
|
|switch|p1a: Celebi|Celebi, shiny|162\/404
|move|p2a: Porygon-Z|Dark Pulse|p1a: Celebi
|-supereffective|p1a: Celebi
|-damage|p1a: Celebi|0 fnt
|faint|p1a: Celebi
|
|-heal|p2a: Porygon-Z|57\/312|[from] item: Leftovers
|
|switch|p1a: Metagross|Metagross, shiny|364\/364
|turn|11
|
|switch|p2a: Arcanine|Arcanine, F|383\/383
|-ability|p2a: Arcanine|Intimidate|[of] p1a: Metagross
|-fail|p1a: Metagross|unboost|[from] ability: Clear Body|[of] p1a: Metagross
|move|p1a: Metagross|Bullet Punch|p2a: Arcanine
|-resisted|p2a: Arcanine
|-damage|p2a: Arcanine|353\/383
|
|-heal|p2a: Arcanine|376\/383|[from] item: Leftovers
|turn|12
|
|switch|p2a: Porygon-Z|Porygon-Z|57\/312
|switch|p1a: Suicune|Suicune, shiny|165\/404
|-ability|p1a: Suicune|Pressure
|
|-heal|p2a: Porygon-Z|76\/312|[from] item: Leftovers
|-heal|p1a: Suicune|190\/404|[from] item: Leftovers
|turn|13
|
|switch|p1a: Florges|Florges, F, shiny|360\/360
|move|p2a: Porygon-Z|Tri Attack|p1a: Florges
|-damage|p1a: Florges|252\/360
|
|-heal|p2a: Porygon-Z|95\/312|[from] item: Leftovers
|-heal|p1a: Florges|274\/360|[from] item: Leftovers
|turn|14
|
|switch|p2a: Arcanine|Arcanine, F|376\/383
|-ability|p2a: Arcanine|Intimidate|[of] p1a: Florges
|-unboost|p1a: Florges|atk|1
|move|p1a: Florges|Moonblast|p2a: Arcanine
|-resisted|p2a: Arcanine
|-damage|p2a: Arcanine|307\/383
|
|-heal|p2a: Arcanine|330\/383|[from] item: Leftovers
|-heal|p1a: Florges|296\/360|[from] item: Leftovers
|turn|15
|
|move|p2a: Arcanine|Flare Blitz|p1a: Florges
|-damage|p1a: Florges|101\/360
|-damage|p2a: Arcanine|266\/383|[from] recoil|[of] p1a: Florges
|move|p1a: Florges|Wish|p1a: Florges
|
|-heal|p2a: Arcanine|289\/383|[from] item: Leftovers
|-heal|p1a: Florges|123\/360|[from] item: Leftovers
|turn|16
|
|switch|p1a: Suicune|Suicune, shiny|190\/404
|-ability|p1a: Suicune|Pressure
|move|p2a: Arcanine|Will-O-Wisp|p1a: Suicune
|-status|p1a: Suicune|brn
|
|-heal|p1a: Suicune|370\/404 brn|[from] move: Wish|[wisher] Florges
|-heal|p2a: Arcanine|312\/383|[from] item: Leftovers
|-heal|p1a: Suicune|395\/404 brn|[from] item: Leftovers
|-damage|p1a: Suicune|345\/404 brn|[from] brn
|turn|17
|
|switch|p2a: Scrafty|Scrafty, F|271\/271
|move|p1a: Suicune|Calm Mind|p1a: Suicune
|-boost|p1a: Suicune|spa|1
|-boost|p1a: Suicune|spd|1
|
|-heal|p1a: Suicune|370\/404 brn|[from] item: Leftovers
|-damage|p1a: Suicune|320\/404 brn|[from] brn
|turn|18
|
|move|p2a: Scrafty|Dragon Dance|p2a: Scrafty
|-boost|p2a: Scrafty|atk|1
|-boost|p2a: Scrafty|spe|1
|move|p1a: Suicune|Scald|p2a: Scrafty
|-damage|p2a: Scrafty|162\/271
|-status|p2a: Scrafty|brn
|
|-heal|p2a: Scrafty|178\/271 brn|[from] item: Leftovers
|-heal|p1a: Suicune|345\/404 brn|[from] item: Leftovers
|-damage|p2a: Scrafty|145\/271 brn|[from] brn
|-damage|p1a: Suicune|295\/404 brn|[from] brn
|turn|19
|
|move|p2a: Scrafty|Knock Off|p1a: Suicune
|-damage|p1a: Suicune|225\/404 brn
|-enditem|p1a: Suicune|Leftovers|[from] move: Knock Off|[of] p2a: Scrafty
|move|p1a: Suicune|Calm Mind|p1a: Suicune
|-boost|p1a: Suicune|spa|1
|-boost|p1a: Suicune|spd|1
|
|-heal|p2a: Scrafty|161\/271 brn|[from] item: Leftovers
|-damage|p2a: Scrafty|128\/271 brn|[from] brn
|-damage|p1a: Suicune|175\/404 brn|[from] brn
|turn|20
|
|move|p2a: Scrafty|Rest|p2a: Scrafty
|-status|p2a: Scrafty|slp
|-heal|p2a: Scrafty|271\/271 slp|[silent]
|-status|p2a: Scrafty|slp|[from] move: Rest
|move|p1a: Suicune|Calm Mind|p1a: Suicune
|-boost|p1a: Suicune|spa|1
|-boost|p1a: Suicune|spd|1
|
|-damage|p1a: Suicune|125\/404 brn|[from] brn
|turn|21
|
|cant|p2a: Scrafty|slp
|move|p1a: Suicune|Rest|p1a: Suicune
|-status|p1a: Suicune|slp
|-heal|p1a: Suicune|404\/404 slp|[silent]
|-status|p1a: Suicune|slp|[from] move: Rest
|
|turn|22
|
|cant|p2a: Scrafty|slp
|cant|p1a: Suicune|slp
|move|p1a: Suicune|Sleep Talk|p1a: Suicune
|move|p1a: Suicune|Rest|p1a: Suicune|[from]Sleep Talk
|-fail|p1a: Suicune
|
|-activate|p2a: Scrafty|ability: Shed Skin
|-curestatus|p2a: Scrafty|slp
|turn|23
|
|move|p2a: Scrafty|High Jump Kick|p1a: Suicune
|-damage|p1a: Suicune|218\/404 slp
|cant|p1a: Suicune|slp
|move|p1a: Suicune|Sleep Talk|p1a: Suicune
|move|p1a: Suicune|Rest|p1a: Suicune|[from]Sleep Talk
|-fail|p1a: Suicune
|
|turn|24
|
|move|p2a: Scrafty|High Jump Kick|p1a: Suicune
|-damage|p1a: Suicune|43\/404 slp
|-curestatus|p1a: Suicune|slp
|move|p1a: Suicune|Rest|p1a: Suicune
|-status|p1a: Suicune|slp
|-heal|p1a: Suicune|404\/404 slp|[silent]
|-status|p1a: Suicune|slp|[from] move: Rest
|
|turn|25
|
|move|p2a: Scrafty|High Jump Kick|p1a: Suicune
|-damage|p1a: Suicune|226\/404 slp
|cant|p1a: Suicune|slp
|move|p1a: Suicune|Sleep Talk|p1a: Suicune
|move|p1a: Suicune|Rest|p1a: Suicune|[from]Sleep Talk
|-fail|p1a: Suicune
|
|turn|26
|
|move|p2a: Scrafty|High Jump Kick|p1a: Suicune
|-damage|p1a: Suicune|34\/404 slp
|cant|p1a: Suicune|slp
|move|p1a: Suicune|Sleep Talk|p1a: Suicune
|move|p1a: Suicune|Rest|p1a: Suicune|[from]Sleep Talk
|-fail|p1a: Suicune
|
|turn|27
|
|move|p2a: Scrafty|Knock Off|p1a: Suicune
|-damage|p1a: Suicune|0 fnt
|faint|p1a: Suicune
|
|
|switch|p1a: Entei|Entei, shiny|371\/371
|-ability|p1a: Entei|Pressure
|turn|28
|
|move|p2a: Scrafty|High Jump Kick|p1a: Entei
|-damage|p1a: Entei|38\/371
|move|p1a: Entei|Sacred Fire|p2a: Scrafty
|-damage|p2a: Scrafty|45\/271
|-status|p2a: Scrafty|brn
|
|-heal|p2a: Scrafty|61\/271 brn|[from] item: Leftovers
|-damage|p2a: Scrafty|28\/271 brn|[from] brn
|turn|29
|
|switch|p1a: Metagross|Metagross, shiny|364\/364
|move|p2a: Scrafty|Knock Off|p1a: Metagross
|-supereffective|p1a: Metagross
|-damage|p1a: Metagross|206\/364
|-enditem|p1a: Metagross|Assault Vest|[from] move: Knock Off|[of] p2a: Scrafty
|
|-activate|p2a: Scrafty|ability: Shed Skin
|-curestatus|p2a: Scrafty|brn
|-heal|p2a: Scrafty|44\/271|[from] item: Leftovers
|turn|30
|
|move|p1a: Metagross|Bullet Punch|p2a: Scrafty
|-damage|p2a: Scrafty|0 fnt
|faint|p2a: Scrafty
|
|
|switch|p2a: Honchkrow|Honchkrow, F|341\/341
|turn|31
|
|switch|p1a: Entei|Entei, shiny|38\/371
|-ability|p1a: Entei|Pressure
|move|p2a: Honchkrow|Night Slash|p1a: Entei
|-damage|p1a: Entei|0 fnt
|faint|p1a: Entei
|-boost|p2a: Honchkrow|atk|1|[from] ability: Moxie
|
|-message|satsuki121 lost due to inactivity.
|
|win|aehqarer
|raw|Ladder updating...
|raw|satsuki121's rating: 1530 &rarr; <strong>1498<\/strong><br \/>(-32 for losing)
|raw|aehqarer's rating: 1292 &rarr; <strong>1332<\/strong><br \/>(+40 for winning)