|join|satsuki121
|join|Time Square
|player|p1|satsuki121|116
|player|p2|Time Square|152
|gametype|singles
|gen|6
|tier|UU
|rated
|rule|Sleep Clause Mod: Limit one foe put to sleep
|rule|Species Clause: Limit one of each PokÃ©mon
|rule|OHKO Clause: OHKO moves are banned
|rule|Moody Clause: Moody is banned
|rule|Evasion Moves Clause: Evasion moves are banned
|rule|Endless Battle Clause: Forcing endless battles is banned
|rule|HP Percentage Mod: HP is shown in percentages
|clearpoke
|poke|p1|Raikou, shiny
|poke|p1|Arcanine, M
|poke|p1|Absol, F
|poke|p1|Celebi
|poke|p1|Lucario, M
|poke|p1|Flygon, M
|poke|p2|Sableye, F
|poke|p2|Snorlax, M
|poke|p2|Swampert, M
|poke|p2|Florges, F
|poke|p2|Cresselia, F
|poke|p2|Forretress, F
|rule|Swagger Clause: Swagger is banned
|rule|Baton Pass Clause: Limit one PokÃ©mon knowing Baton Pass
|teampreview
|
|start
|switch|p1a: Absol|Absol, F|271\/271
|switch|p2a: Swampert|Swampert, M|401\/401
|turn|1
|
|detailschange|p1a: Absol|Absol-Mega, F
|message|Absol has Mega Evolved into Mega Absol!
|move|p1a: Absol|Knock Off|p2a: Swampert
|-damage|p2a: Swampert|248\/401
|-enditem|p2a: Swampert|Leftovers|[from] move: Knock Off|[of] p1a: Absol
|move|p2a: Swampert|Earthquake|p1a: Absol
|-damage|p1a: Absol|72\/271
|
|turn|2
|
|switch|p1a: Celebi|Celebi|404\/404
|move|p2a: Swampert|Scald|p1a: Celebi
|-resisted|p1a: Celebi
|-damage|p1a: Celebi|374\/404
|
|-heal|p1a: Celebi|399\/404|[from] item: Leftovers
|turn|3
|
|switch|p2a: Forretress|Forretress, F|353\/353
|move|p1a: Celebi|U-turn|p2a: Forretress
|-resisted|p2a: Forretress
|-damage|p2a: Forretress|337\/353
|
|switch|p1a: Arcanine|Arcanine, M|383\/383
|-ability|p1a: Arcanine|Intimidate|[of] p2a: Forretress
|-unboost|p2a: Forretress|atk|1
|
|-heal|p2a: Forretress|353\/353|[from] item: Leftovers
|turn|4
|
|move|p1a: Arcanine|Will-O-Wisp|p2a: Forretress
|-status|p2a: Forretress|brn
|move|p2a: Forretress|Toxic Spikes|p1a: Arcanine
|-sidestart|p1: satsuki121|move: Toxic Spikes
|
|-damage|p2a: Forretress|309\/353 brn|[from] brn
|turn|5
|
|switch|p2a: Florges|Florges, F|359\/359
|move|p1a: Arcanine|Flamethrower|p2a: Florges
|-damage|p2a: Florges|280\/359
|
|-heal|p2a: Florges|302\/359|[from] item: Leftovers
|turn|6
|
|move|p1a: Arcanine|Will-O-Wisp|p2a: Florges
|-status|p2a: Florges|brn
|move|p2a: Florges|Aromatherapy|p2a: Florges
|-cureteam|p2a: Florges|[from] move: Aromatherapy
|
|-heal|p2a: Florges|324\/359|[from] item: Leftovers
|turn|7
|
|move|p1a: Arcanine|Flamethrower|p2a: Florges
|-damage|p2a: Florges|251\/359
|move|p2a: Florges|Wish|p2a: Florges
|
|-heal|p2a: Florges|273\/359|[from] item: Leftovers
|turn|8
|
|switch|p2a: Swampert|Swampert, M|248\/401
|move|p1a: Arcanine|Will-O-Wisp|p2a: Swampert
|-status|p2a: Swampert|brn
|
|-heal|p2a: Swampert|401\/401 brn|[from] move: Wish|[wisher] Florges
|-damage|p2a: Swampert|351\/401 brn|[from] brn
|turn|9
|
|switch|p1a: Celebi|Celebi|399\/404
|-status|p1a: Celebi|psn
|move|p2a: Swampert|Roar|p1a: Celebi
|drag|p1a: Lucario|Lucario, M|281\/281
|
|-damage|p2a: Swampert|301\/401 brn|[from] brn
|turn|10
|
|switch|p1a: Celebi|Celebi|399\/404
|-status|p1a: Celebi|psn
|switch|p2a: Sableye|Sableye, F|303\/303
|
|-heal|p1a: Celebi|404\/404 psn|[from] item: Leftovers
|-damage|p1a: Celebi|354\/404 psn|[from] psn
|turn|11
|
|detailschange|p2a: Sableye|Sableye-Mega, F
|message|Sableye has Mega Evolved into Mega Sableye!
|move|p2a: Sableye|Taunt|p1a: Celebi
|-start|p1a: Celebi|move: Taunt
|move|p1a: Celebi|U-turn|p2a: Sableye
|-damage|p2a: Sableye|269\/303
|
|switch|p1a: Lucario|Lucario, M|281\/281
|
|turn|12
|
|move|p1a: Lucario|Flash Cannon|p2a: Sableye
|-damage|p2a: Sableye|127\/303
|-damage|p1a: Lucario|253\/281|[from] item: Life Orb
|move|p2a: Sableye|Will-O-Wisp|p1a: Lucario
|-status|p1a: Lucario|brn
|
|-damage|p1a: Lucario|218\/281 brn|[from] brn
|turn|13
|
|switch|p2a: Cresselia|Cresselia, F|443\/443
|move|p1a: Lucario|Flash Cannon|p2a: Cresselia
|-damage|p2a: Cresselia|303\/443
|-damage|p1a: Lucario|190\/281 brn|[from] item: Life Orb
|
|-heal|p2a: Cresselia|330\/443|[from] item: Leftovers
|-damage|p1a: Lucario|155\/281 brn|[from] brn
|turn|14
|
|switch|p1a: Celebi|Celebi|354\/404
|-status|p1a: Celebi|psn
|switch|p2a: Snorlax|Snorlax, M|497\/497
|
|-heal|p1a: Celebi|379\/404 psn|[from] item: Leftovers
|-damage|p1a: Celebi|329\/404 psn|[from] psn
|turn|15
|
|move|p1a: Celebi|Perish Song|p1a: Celebi
|-fieldactivate|move: Perish Song
|move|p2a: Snorlax|Curse|p2a: Snorlax
|-boost|p2a: Snorlax|atk|1
|-boost|p2a: Snorlax|def|1
|-unboost|p2a: Snorlax|spe|1
|
|-start|p1a: Celebi|perish3
|-start|p2a: Snorlax|perish3
|-heal|p1a: Celebi|354\/404 psn|[from] item: Leftovers
|-damage|p1a: Celebi|304\/404 psn|[from] psn
|turn|16
|
|move|p1a: Celebi|Recover|p1a: Celebi
|-heal|p1a: Celebi|404\/404 psn
|move|p2a: Snorlax|Body Slam|p1a: Celebi
|-damage|p1a: Celebi|233\/404 psn
|
|-start|p1a: Celebi|perish2
|-start|p2a: Snorlax|perish2
|-heal|p1a: Celebi|258\/404 psn|[from] item: Leftovers
|-damage|p1a: Celebi|208\/404 psn|[from] psn
|turn|17
|
|move|p1a: Celebi|Recover|p1a: Celebi
|-heal|p1a: Celebi|404\/404 psn
|move|p2a: Snorlax|Body Slam|p1a: Celebi
|-damage|p1a: Celebi|256\/404 psn
|
|-start|p1a: Celebi|perish1
|-start|p2a: Snorlax|perish1
|-heal|p1a: Celebi|281\/404 psn|[from] item: Leftovers
|-damage|p1a: Celebi|231\/404 psn|[from] psn
|turn|18
|
|switch|p2a: Swampert|Swampert, M|301\/401 brn
|move|p1a: Celebi|U-turn|p2a: Swampert
|-damage|p2a: Swampert|254\/401 brn
|
|switch|p1a: Flygon|Flygon, M|301\/301
|
|-damage|p2a: Swampert|204\/401 brn|[from] brn
|turn|19
|
|move|p1a: Flygon|Defog|p2a: Swampert
|-unboost|p2a: Swampert|evasion|1
|-sideend|p1: satsuki121|Toxic Spikes|[from] move: Defog|[of] p1a: Flygon
|move|p2a: Swampert|Scald|p1a: Flygon
|-damage|p1a: Flygon|207\/301
|
|-damage|p2a: Swampert|154\/401 brn|[from] brn
|turn|20
|
|switch|p1a: Celebi|Celebi|231\/404
|switch|p2a: Cresselia|Cresselia, F|330\/443
|
|-heal|p1a: Celebi|256\/404|[from] item: Leftovers
|-heal|p2a: Cresselia|357\/443|[from] item: Leftovers
|turn|21
|
|move|p1a: Celebi|Stealth Rock|p2a: Cresselia
|-sidestart|p2: Time Square|move: Stealth Rock
|move|p2a: Cresselia|Ice Beam|p1a: Celebi
|-supereffective|p1a: Celebi
|-damage|p1a: Celebi|172\/404
|
|-heal|p1a: Celebi|197\/404|[from] item: Leftovers
|-heal|p2a: Cresselia|384\/443|[from] item: Leftovers
|turn|22
|
|move|p1a: Celebi|Recover|p1a: Celebi
|-heal|p1a: Celebi|399\/404
|move|p2a: Cresselia|Ice Beam|p1a: Celebi
|-crit|p1a: Celebi
|-supereffective|p1a: Celebi
|-damage|p1a: Celebi|287\/404
|
|-heal|p1a: Celebi|312\/404|[from] item: Leftovers
|-heal|p2a: Cresselia|411\/443|[from] item: Leftovers
|turn|23
|
|move|p1a: Celebi|U-turn|p2a: Cresselia
|-supereffective|p2a: Cresselia
|-damage|p2a: Cresselia|341\/443
|
|switch|p1a: Raikou|Raikou, shiny|321\/321
|-ability|p1a: Raikou|Pressure
|move|p2a: Cresselia|Calm Mind|p2a: Cresselia
|-boost|p2a: Cresselia|spa|1
|-boost|p2a: Cresselia|spd|1
|
|-heal|p2a: Cresselia|368\/443|[from] item: Leftovers
|turn|24
|
|move|p1a: Raikou|Volt Switch|p2a: Cresselia
|-damage|p2a: Cresselia|275\/443
|
|switch|p1a: Celebi|Celebi|312\/404
|move|p2a: Cresselia|Ice Beam|p1a: Celebi
|-supereffective|p1a: Celebi
|-damage|p1a: Celebi|184\/404
|
|-heal|p1a: Celebi|209\/404|[from] item: Leftovers
|-heal|p2a: Cresselia|302\/443|[from] item: Leftovers
|turn|25
|
|move|p1a: Celebi|Perish Song|p1a: Celebi
|-fieldactivate|move: Perish Song
|move|p2a: Cresselia|Ice Beam|p1a: Celebi
|-supereffective|p1a: Celebi
|-damage|p1a: Celebi|81\/404
|-status|p1a: Celebi|frz
|
|-start|p1a: Celebi|perish3
|-start|p2a: Cresselia|perish3
|-heal|p1a: Celebi|106\/404 frz|[from] item: Leftovers
|-heal|p2a: Cresselia|329\/443|[from] item: Leftovers
|turn|26
|
|switch|p1a: Arcanine|Arcanine, M|383\/383
|-ability|p1a: Arcanine|Intimidate|[of] p2a: Cresselia
|-unboost|p2a: Cresselia|atk|1
|move|p2a: Cresselia|Psyshock|p1a: Arcanine
|-damage|p1a: Arcanine|293\/383
|
|-start|p2a: Cresselia|perish2
|-heal|p2a: Cresselia|356\/443|[from] item: Leftovers
|turn|27
|
|switch|p2a: Florges|Florges, F|273\/359
|-damage|p2a: Florges|229\/359|[from] Stealth Rock
|move|p1a: Arcanine|Roar|p2a: Florges
|drag|p2a: Sableye|Sableye-Mega, F|127\/303
|-damage|p2a: Sableye|90\/303|[from] Stealth Rock
|
|turn|28
|
|switch|p1a: Absol|Absol-Mega, F|72\/271
|move|p2a: Sableye|Recover|p2a: Sableye
|-heal|p2a: Sableye|242\/303
|
|turn|29
|c|âTime Square|ur team is strong breh
|
|move|p1a: Absol|Play Rough|p2a: Sableye
|-supereffective|p2a: Sableye
|-damage|p2a: Sableye|106\/303
|move|p2a: Sableye|Night Shade|p1a: Absol
|-damage|p1a: Absol|0 fnt
|faint|p1a: Absol
|
|
|switch|p1a: Lucario|Lucario, M|155\/281 brn
|turn|30
|
|switch|p2a: Swampert|Swampert, M|154\/401 brn
|-damage|p2a: Swampert|129\/401 brn|[from] Stealth Rock
|move|p1a: Lucario|Flash Cannon|p2a: Swampert
|-resisted|p2a: Swampert
|-damage|p2a: Swampert|34\/401 brn
|-damage|p1a: Lucario|127\/281 brn|[from] item: Life Orb
|
|-damage|p1a: Lucario|92\/281 brn|[from] brn
|-damage|p2a: Swampert|0 fnt|[from] brn
|faint|p2a: Swampert
|
|switch|p2a: Cresselia|Cresselia, F|356\/443
|-damage|p2a: Cresselia|301\/443|[from] Stealth Rock
|turn|31
|
|switch|p1a: Celebi|Celebi|106\/404
|move|p2a: Cresselia|Ice Beam|p1a: Celebi
|-supereffective|p1a: Celebi
|-damage|p1a: Celebi|30\/404
|
|-heal|p1a: Celebi|55\/404|[from] item: Leftovers
|-heal|p2a: Cresselia|328\/443|[from] item: Leftovers
|turn|32
|
|switch|p2a: Sableye|Sableye-Mega, F|106\/303
|-damage|p2a: Sableye|69\/303|[from] Stealth Rock
|move|p1a: Celebi|Recover|p1a: Celebi
|-heal|p1a: Celebi|257\/404
|
|-heal|p1a: Celebi|282\/404|[from] item: Leftovers
|turn|33
|
|move|p1a: Celebi|U-turn|p2a: Sableye
|-damage|p2a: Sableye|34\/303
|
|switch|p1a: Raikou|Raikou, shiny|321\/321
|-ability|p1a: Raikou|Pressure
|move|p2a: Sableye|Recover|p2a: Sableye
|-heal|p2a: Sableye|186\/303
|
|turn|34
|
|switch|p2a: Snorlax|Snorlax, M|497\/497
|-damage|p2a: Snorlax|435\/497|[from] Stealth Rock
|move|p1a: Raikou|Thunderbolt|p2a: Snorlax
|-damage|p2a: Snorlax|285\/497
|
|-heal|p2a: Snorlax|316\/497|[from] item: Leftovers
|turn|35
|
|switch|p1a: Arcanine|Arcanine, M|293\/383
|-ability|p1a: Arcanine|Intimidate|[of] p2a: Snorlax
|-unboost|p2a: Snorlax|atk|1
|move|p2a: Snorlax|Body Slam|p1a: Arcanine
|-damage|p1a: Arcanine|238\/383
|-damage|p2a: Snorlax|234\/497|[from] item: Rocky Helmet|[of] p1a: Arcanine
|-status|p1a: Arcanine|par
|
|-heal|p2a: Snorlax|265\/497|[from] item: Leftovers
|turn|36
|
|move|p2a: Snorlax|Earthquake|p1a: Arcanine
|-supereffective|p1a: Arcanine
|-damage|p1a: Arcanine|138\/383 par
|move|p1a: Arcanine|Morning Sun|p1a: Arcanine
|-heal|p1a: Arcanine|329\/383 par
|
|-heal|p2a: Snorlax|296\/497|[from] item: Leftovers
|turn|37
|
|move|p2a: Snorlax|Rest|p2a: Snorlax
|-status|p2a: Snorlax|slp
|-heal|p2a: Snorlax|497\/497 slp|[silent]
|-status|p2a: Snorlax|slp|[from] move: Rest
|move|p1a: Arcanine|Will-O-Wisp|p2a: Snorlax
|-fail|p2a: Snorlax
|
|turn|38
|
|switch|p2a: Florges|Florges, F|229\/359
|-damage|p2a: Florges|185\/359|[from] Stealth Rock
|switch|p1a: Celebi|Celebi|282\/404
|
|-heal|p1a: Celebi|307\/404|[from] item: Leftovers
|-heal|p2a: Florges|207\/359|[from] item: Leftovers
|turn|39
|
|move|p1a: Celebi|U-turn|p2a: Florges
|-resisted|p2a: Florges
|-damage|p2a: Florges|182\/359
|
|switch|p1a: Raikou|Raikou, shiny|321\/321
|-ability|p1a: Raikou|Pressure
|move|p2a: Florges|Wish|p2a: Florges
|
|-heal|p2a: Florges|204\/359|[from] item: Leftovers
|turn|40
|
|move|p1a: Raikou|Volt Switch|p2a: Florges
|-damage|p2a: Florges|75\/359
|
|switch|p1a: Celebi|Celebi|307\/404
|move|p2a: Florges|Aromatherapy|p2a: Florges
|-cureteam|p2a: Florges|[from] move: Aromatherapy
|
|-heal|p2a: Florges|254\/359|[from] move: Wish|[wisher] Florges
|-heal|p1a: Celebi|332\/404|[from] item: Leftovers
|-heal|p2a: Florges|276\/359|[from] item: Leftovers
|turn|41
|
|move|p1a: Celebi|Perish Song|p1a: Celebi
|-fieldactivate|move: Perish Song
|move|p2a: Florges|Wish|p2a: Florges
|
|-start|p1a: Celebi|perish3
|-start|p2a: Florges|perish3
|-heal|p1a: Celebi|357\/404|[from] item: Leftovers
|-heal|p2a: Florges|298\/359|[from] item: Leftovers
|turn|42
|
|move|p1a: Celebi|U-turn|p2a: Florges
|-resisted|p2a: Florges
|-damage|p2a: Florges|271\/359
|
|switch|p1a: Arcanine|Arcanine, M|329\/383 par
|-ability|p1a: Arcanine|Intimidate|[of] p2a: Florges
|-unboost|p2a: Florges|atk|1
|move|p2a: Florges|Wish|p2a: Florges
|-fail|p2a: Florges
|
|-start|p2a: Florges|perish2
|-heal|p2a: Florges|359\/359|[from] move: Wish|[wisher] Florges
|turn|43
|c|âTime Square|ops
|
|switch|p2a: Sableye|Sableye-Mega, F|186\/303
|-damage|p2a: Sableye|149\/303|[from] Stealth Rock
|move|p1a: Arcanine|Will-O-Wisp|p2a: Sableye
|move|p2a: Sableye|Will-O-Wisp|p1a: Arcanine|[from]Magic Bounce
|-fail|p1a: Arcanine
|
|turn|44
|
|switch|p1a: Celebi|Celebi|357\/404
|move|p2a: Sableye|Recover|p2a: Sableye
|-heal|p2a: Sableye|301\/303
|
|-heal|p1a: Celebi|382\/404|[from] item: Leftovers
|turn|45
|
|move|p1a: Celebi|U-turn|p2a: Sableye
|-damage|p2a: Sableye|266\/303
|
|switch|p1a: Raikou|Raikou, shiny|321\/321
|-ability|p1a: Raikou|Pressure
|move|p2a: Sableye|Night Shade|p1a: Raikou
|-damage|p1a: Raikou|221\/321
|
|turn|46
|
|move|p1a: Raikou|Volt Switch|p2a: Sableye
|-crit|p2a: Sableye
|-damage|p2a: Sableye|19\/303
|
|switch|p1a: Celebi|Celebi|382\/404
|move|p2a: Sableye|Recover|p2a: Sableye
|-heal|p2a: Sableye|171\/303
|
|-heal|p1a: Celebi|404\/404|[from] item: Leftovers
|turn|47
|
|move|p1a: Celebi|U-turn|p2a: Sableye
|-damage|p2a: Sableye|137\/303
|
|switch|p1a: Raikou|Raikou, shiny|221\/321
|-ability|p1a: Raikou|Pressure
|move|p2a: Sableye|Recover|p2a: Sableye
|-heal|p2a: Sableye|289\/303
|
|turn|48
|
|switch|p2a: Snorlax|Snorlax, M|497\/497
|-damage|p2a: Snorlax|435\/497|[from] Stealth Rock
|move|p1a: Raikou|Volt Switch|p2a: Snorlax
|-damage|p2a: Snorlax|312\/497
|
|switch|p1a: Lucario|Lucario, M|92\/281 brn
|
|-heal|p2a: Snorlax|343\/497|[from] item: Leftovers
|-damage|p1a: Lucario|57\/281 brn|[from] brn
|turn|49
|
|switch|p2a: Cresselia|Cresselia, F|328\/443
|-damage|p2a: Cresselia|273\/443|[from] Stealth Rock
|move|p1a: Lucario|Aura Sphere|p2a: Cresselia
|-resisted|p2a: Cresselia
|-damage|p2a: Cresselia|199\/443
|-damage|p1a: Lucario|29\/281 brn|[from] item: Life Orb
|
|-heal|p2a: Cresselia|226\/443|[from] item: Leftovers
|-damage|p1a: Lucario|0 fnt|[from] brn
|faint|p1a: Lucario
|
|switch|p1a: Flygon|Flygon, M|207\/301
|turn|50
|
|move|p1a: Flygon|U-turn|p2a: Cresselia
|-supereffective|p2a: Cresselia
|-damage|p2a: Cresselia|122\/443
|
|switch|p1a: Raikou|Raikou, shiny|221\/321
|-ability|p1a: Raikou|Pressure
|move|p2a: Cresselia|Ice Beam|p1a: Raikou
|-damage|p1a: Raikou|160\/321
|
|-heal|p2a: Cresselia|149\/443|[from] item: Leftovers
|turn|51
|
|move|p1a: Raikou|Thunderbolt|p2a: Cresselia
|-crit|p2a: Cresselia
|-damage|p2a: Cresselia|0 fnt
|faint|p2a: Cresselia
|
|
|switch|p2a: Florges|Florges, F|359\/359
|-damage|p2a: Florges|315\/359|[from] Stealth Rock
|turn|52
|
|switch|p1a: Celebi|Celebi|404\/404
|move|p2a: Florges|Wish|p2a: Florges
|
|-heal|p2a: Florges|337\/359|[from] item: Leftovers
|turn|53
|
|switch|p2a: Snorlax|Snorlax, M|343\/497
|-damage|p2a: Snorlax|281\/497|[from] Stealth Rock
|move|p1a: Celebi|U-turn|p2a: Snorlax
|-damage|p2a: Snorlax|218\/497
|
|switch|p1a: Arcanine|Arcanine, M|329\/383 par
|-ability|p1a: Arcanine|Intimidate|[of] p2a: Snorlax
|-unboost|p2a: Snorlax|atk|1
|
|-heal|p2a: Snorlax|397\/497|[from] move: Wish|[wisher] Florges
|-heal|p2a: Snorlax|428\/497|[from] item: Leftovers
|turn|54
|
|move|p2a: Snorlax|Curse|p2a: Snorlax
|-boost|p2a: Snorlax|atk|1
|-boost|p2a: Snorlax|def|1
|-unboost|p2a: Snorlax|spe|1
|move|p1a: Arcanine|Flamethrower|p2a: Snorlax
|-damage|p2a: Snorlax|392\/497
|-status|p2a: Snorlax|brn
|
|-heal|p2a: Snorlax|423\/497 brn|[from] item: Leftovers
|-damage|p2a: Snorlax|361\/497 brn|[from] brn
|turn|55
|
|move|p2a: Snorlax|Rest|p2a: Snorlax
|-status|p2a: Snorlax|slp
|-heal|p2a: Snorlax|497\/497 slp|[silent]
|-status|p2a: Snorlax|slp|[from] move: Rest
|move|p1a: Arcanine|Roar|p2a: Snorlax
|drag|p2a: Florges|Florges, F|337\/359
|-damage|p2a: Florges|293\/359|[from] Stealth Rock
|
|-heal|p2a: Florges|315\/359|[from] item: Leftovers
|turn|56
|
|move|p2a: Florges|Moonblast|p1a: Arcanine
|-resisted|p1a: Arcanine
|-damage|p1a: Arcanine|250\/383 par
|move|p1a: Arcanine|Will-O-Wisp|p2a: Florges
|-status|p2a: Florges|brn
|
|-heal|p2a: Florges|337\/359 brn|[from] item: Leftovers
|-damage|p2a: Florges|293\/359 brn|[from] brn
|turn|57
|
|move|p2a: Florges|Aromatherapy|p2a: Florges
|-cureteam|p2a: Florges|[from] move: Aromatherapy
|move|p1a: Arcanine|Will-O-Wisp|p2a: Florges|[miss]
|-miss|p1a: Arcanine|p2a: Florges
|
|-heal|p2a: Florges|315\/359|[from] item: Leftovers
|turn|58
|
|switch|p2a: Sableye|Sableye-Mega, F|289\/303
|-damage|p2a: Sableye|252\/303|[from] Stealth Rock
|switch|p1a: Raikou|Raikou, shiny|160\/321
|-ability|p1a: Raikou|Pressure
|
|turn|59
|
|switch|p2a: Snorlax|Snorlax, M|497\/497
|-damage|p2a: Snorlax|435\/497|[from] Stealth Rock
|move|p1a: Raikou|Thunderbolt|p2a: Snorlax
|-damage|p2a: Snorlax|291\/497
|
|-heal|p2a: Snorlax|322\/497|[from] item: Leftovers
|turn|60
|
|switch|p1a: Flygon|Flygon, M|207\/301
|move|p2a: Snorlax|Earthquake|p1a: Flygon
|-immune|p1a: Flygon|[msg]
|
|-heal|p2a: Snorlax|353\/497|[from] item: Leftovers
|turn|61
|
|move|p1a: Flygon|Earthquake|p2a: Snorlax
|-damage|p2a: Snorlax|187\/497
|move|p2a: Snorlax|Body Slam|p1a: Flygon
|-damage|p1a: Flygon|68\/301
|
|-heal|p2a: Snorlax|218\/497|[from] item: Leftovers
|turn|62
|
|switch|p1a: Arcanine|Arcanine, M|250\/383 par
|-ability|p1a: Arcanine|Intimidate|[of] p2a: Snorlax
|-unboost|p2a: Snorlax|atk|1
|move|p2a: Snorlax|Rest|p2a: Snorlax
|-status|p2a: Snorlax|slp
|-heal|p2a: Snorlax|497\/497 slp|[silent]
|-status|p2a: Snorlax|slp|[from] move: Rest
|
|turn|63
|
|switch|p2a: Florges|Florges, F|315\/359
|-damage|p2a: Florges|271\/359|[from] Stealth Rock
|move|p1a: Arcanine|Roar|p2a: Florges
|drag|p2a: Forretress|Forretress, F|309\/353
|-damage|p2a: Forretress|265\/353|[from] Stealth Rock
|
|-heal|p2a: Forretress|287\/353|[from] item: Leftovers
|turn|64
|
|move|p2a: Forretress|Rapid Spin|p1a: Arcanine
|-damage|p1a: Arcanine|237\/383 par
|-damage|p2a: Forretress|229\/353|[from] item: Rocky Helmet|[of] p1a: Arcanine
|-sideend|p2: Time Square|Stealth Rock|[from] move: Rapid Spin|[of] p2a: Forretress
|move|p1a: Arcanine|Flamethrower|p2a: Forretress
|-supereffective|p2a: Forretress
|-damage|p2a: Forretress|0 fnt
|faint|p2a: Forretress
|
|
|switch|p2a: Sableye|Sableye-Mega, F|252\/303
|turn|65
|
|switch|p1a: Raikou|Raikou, shiny|160\/321
|-ability|p1a: Raikou|Pressure
|move|p2a: Sableye|Night Shade|p1a: Raikou
|-damage|p1a: Raikou|60\/321
|
|turn|66
|
|move|p1a: Raikou|Volt Switch|p2a: Sableye
|-damage|p2a: Sableye|111\/303
|
|switch|p1a: Celebi|Celebi|404\/404
|move|p2a: Sableye|Night Shade|p1a: Celebi
|-damage|p1a: Celebi|304\/404
|
|-heal|p1a: Celebi|329\/404|[from] item: Leftovers
|turn|67
|
|move|p1a: Celebi|Perish Song|p1a: Celebi
|-fieldactivate|move: Perish Song
|move|p2a: Sableye|Night Shade|p1a: Celebi
|-damage|p1a: Celebi|229\/404
|
|-start|p1a: Celebi|perish3
|-start|p2a: Sableye|perish3
|-heal|p1a: Celebi|254\/404|[from] item: Leftovers
|turn|68
|
|move|p1a: Celebi|Recover|p1a: Celebi
|-heal|p1a: Celebi|404\/404
|move|p2a: Sableye|Recover|p2a: Sableye
|-heal|p2a: Sableye|263\/303
|
|-start|p1a: Celebi|perish2
|-start|p2a: Sableye|perish2
|turn|69
|
|switch|p2a: Florges|Florges, F|271\/359
|move|p1a: Celebi|U-turn|p2a: Florges
|-resisted|p2a: Florges
|-damage|p2a: Florges|244\/359
|
|switch|p1a: Flygon|Flygon, M|68\/301
|
|-heal|p2a: Florges|266\/359|[from] item: Leftovers
|turn|70
|
|move|p1a: Flygon|Earthquake|p2a: Florges
|-damage|p2a: Florges|127\/359
|move|p2a: Florges|Moonblast|p1a: Flygon
|-supereffective|p1a: Flygon
|-damage|p1a: Flygon|0 fnt
|faint|p1a: Flygon
|
|-heal|p2a: Florges|149\/359|[from] item: Leftovers
|
|switch|p1a: Raikou|Raikou, shiny|60\/321
|-ability|p1a: Raikou|Pressure
|turn|71
|
|move|p2a: Florges|Protect|p2a: Florges
|-singleturn|p2a: Florges|Protect
|move|p1a: Raikou|Thunderbolt|p2a: Florges
|-activate|p2a: Florges|Protect
|
|-heal|p2a: Florges|171\/359|[from] item: Leftovers
|turn|72
|
|move|p1a: Raikou|Thunderbolt|p2a: Florges
|-damage|p2a: Florges|32\/359
|move|p2a: Florges|Moonblast|p1a: Raikou
|-damage|p1a: Raikou|0 fnt
|faint|p1a: Raikou
|
|-heal|p2a: Florges|54\/359|[from] item: Leftovers
|
|switch|p1a: Celebi|Celebi|404\/404
|turn|73
|
|move|p1a: Celebi|Stealth Rock|p2a: Florges
|-sidestart|p2: Time Square|move: Stealth Rock
|move|p2a: Florges|Wish|p2a: Florges
|
|-heal|p2a: Florges|76\/359|[from] item: Leftovers
|turn|74
|
|move|p1a: Celebi|Perish Song|p1a: Celebi
|-fieldactivate|move: Perish Song
|move|p2a: Florges|Aromatherapy|p2a: Florges
|-cureteam|p2a: Florges|[from] move: Aromatherapy
|
|-start|p1a: Celebi|perish3
|-start|p2a: Florges|perish3
|-heal|p2a: Florges|255\/359|[from] move: Wish|[wisher] Florges
|-heal|p2a: Florges|277\/359|[from] item: Leftovers
|turn|75
|
|move|p1a: Celebi|Perish Song|p1a: Celebi
|-fail|p1a: Celebi
|move|p2a: Florges|Wish|p2a: Florges
|
|-start|p1a: Celebi|perish2
|-start|p2a: Florges|perish2
|-heal|p2a: Florges|299\/359|[from] item: Leftovers
|turn|76
|
|switch|p2a: Sableye|Sableye-Mega, F|263\/303
|-damage|p2a: Sableye|226\/303|[from] Stealth Rock
|move|p1a: Celebi|U-turn|p2a: Sableye
|-damage|p2a: Sableye|193\/303
|
|switch|p1a: Arcanine|Arcanine, M|237\/383 par
|-ability|p1a: Arcanine|Intimidate|[of] p2a: Sableye
|-unboost|p2a: Sableye|atk|1
|
|-heal|p2a: Sableye|303\/303|[from] move: Wish|[wisher] Florges
|turn|77
|
|move|p2a: Sableye|Taunt|p1a: Arcanine
|-start|p1a: Arcanine|move: Taunt
|cant|p1a: Arcanine|move: Taunt|Morning Sun
|
|turn|78
|
|switch|p1a: Celebi|Celebi|404\/404
|move|p2a: Sableye|Night Shade|p1a: Celebi
|-damage|p1a: Celebi|304\/404
|
|-heal|p1a: Celebi|329\/404|[from] item: Leftovers
|turn|79
|
|move|p1a: Celebi|Perish Song|p1a: Celebi
|-fieldactivate|move: Perish Song
|move|p2a: Sableye|Taunt|p1a: Celebi
|-start|p1a: Celebi|move: Taunt
|
|-start|p1a: Celebi|perish3
|-start|p2a: Sableye|perish3
|-heal|p1a: Celebi|354\/404|[from] item: Leftovers
|turn|80
|
|move|p1a: Celebi|U-turn|p2a: Sableye
|-damage|p2a: Sableye|270\/303
|
|switch|p1a: Arcanine|Arcanine, M|237\/383 par
|-ability|p1a: Arcanine|Intimidate|[of] p2a: Sableye
|-unboost|p2a: Sableye|atk|1
|move|p2a: Sableye|Night Shade|p1a: Arcanine
|-damage|p1a: Arcanine|137\/383 par
|
|-start|p2a: Sableye|perish2
|turn|81
|
|switch|p1a: Celebi|Celebi|354\/404
|move|p2a: Sableye|Taunt|p1a: Celebi
|-start|p1a: Celebi|move: Taunt
|
|-start|p2a: Sableye|perish1
|-heal|p1a: Celebi|379\/404|[from] item: Leftovers
|turn|82
|
|switch|p2a: Snorlax|Snorlax, M|497\/497
|-damage|p2a: Snorlax|435\/497|[from] Stealth Rock
|move|p1a: Celebi|U-turn|p2a: Snorlax
|-damage|p2a: Snorlax|378\/497
|
|switch|p1a: Arcanine|Arcanine, M|137\/383 par
|-ability|p1a: Arcanine|Intimidate|[of] p2a: Snorlax
|-unboost|p2a: Snorlax|atk|1
|
|-heal|p2a: Snorlax|409\/497|[from] item: Leftovers
|turn|83
|
|move|p2a: Snorlax|Curse|p2a: Snorlax
|-boost|p2a: Snorlax|atk|1
|-boost|p2a: Snorlax|def|1
|-unboost|p2a: Snorlax|spe|1
|move|p1a: Arcanine|Morning Sun|p1a: Arcanine
|-heal|p1a: Arcanine|328\/383 par
|
|-heal|p2a: Snorlax|440\/497|[from] item: Leftovers
|turn|84
|
|move|p2a: Snorlax|Earthquake|p1a: Arcanine
|-supereffective|p1a: Arcanine
|-damage|p1a: Arcanine|190\/383 par
|move|p1a: Arcanine|Roar|p2a: Snorlax
|drag|p2a: Florges|Florges, F|299\/359
|-damage|p2a: Florges|255\/359|[from] Stealth Rock
|
|-heal|p2a: Florges|277\/359|[from] item: Leftovers
|turn|85
|
|move|p2a: Florges|Moonblast|p1a: Arcanine
|-resisted|p1a: Arcanine
|-damage|p1a: Arcanine|112\/383 par
|-unboost|p1a: Arcanine|spa|1
|move|p1a: Arcanine|Morning Sun|p1a: Arcanine
|-heal|p1a: Arcanine|303\/383 par
|
|-heal|p2a: Florges|299\/359|[from] item: Leftovers
|turn|86
|
|move|p2a: Florges|Wish|p2a: Florges
|move|p1a: Arcanine|Will-O-Wisp|p2a: Florges
|-status|p2a: Florges|brn
|
|-heal|p2a: Florges|321\/359 brn|[from] item: Leftovers
|-damage|p2a: Florges|277\/359 brn|[from] brn
|turn|87
|
|switch|p1a: Celebi|Celebi|379\/404
|move|p2a: Florges|Aromatherapy|p2a: Florges
|-cureteam|p2a: Florges|[from] move: Aromatherapy
|
|-heal|p2a: Florges|359\/359|[from] move: Wish|[wisher] Florges
|-heal|p1a: Celebi|404\/404|[from] item: Leftovers
|turn|88
|
|switch|p2a: Sableye|Sableye-Mega, F|270\/303
|-damage|p2a: Sableye|233\/303|[from] Stealth Rock
|move|p1a: Celebi|U-turn|p2a: Sableye
|-damage|p2a: Sableye|198\/303
|
|switch|p1a: Arcanine|Arcanine, M|303\/383 par
|-ability|p1a: Arcanine|Intimidate|[of] p2a: Sableye
|-unboost|p2a: Sableye|atk|1
|
|turn|89
|
|move|p2a: Sableye|Night Shade|p1a: Arcanine
|-damage|p1a: Arcanine|203\/383 par
|cant|p1a: Arcanine|par
|
|turn|90
|
|move|p2a: Sableye|Night Shade|p1a: Arcanine
|-damage|p1a: Arcanine|103\/383 par
|move|p1a: Arcanine|Flamethrower|p2a: Sableye
|-damage|p2a: Sableye|101\/303
|
|turn|91
|
|move|p2a: Sableye|Night Shade|p1a: Arcanine
|-damage|p1a: Arcanine|3\/383 par
|move|p1a: Arcanine|Morning Sun|p1a: Arcanine
|-heal|p1a: Arcanine|194\/383 par
|
|turn|92
|
|move|p2a: Sableye|Recover|p2a: Sableye
|-heal|p2a: Sableye|253\/303
|move|p1a: Arcanine|Flamethrower|p2a: Sableye
|-damage|p2a: Sableye|163\/303
|
|turn|93
|
|move|p2a: Sableye|Taunt|p1a: Arcanine
|-start|p1a: Arcanine|move: Taunt
|cant|p1a: Arcanine|move: Taunt|Morning Sun
|
|turn|94
|
|move|p2a: Sableye|Night Shade|p1a: Arcanine
|-damage|p1a: Arcanine|94\/383 par
|cant|p1a: Arcanine|par
|
|turn|95
|
|move|p2a: Sableye|Taunt|p1a: Arcanine
|-fail|p1a: Arcanine
|move|p1a: Arcanine|Flamethrower|p2a: Sableye
|-crit|p2a: Sableye
|-damage|p2a: Sableye|19\/303
|
|-end|p1a: Arcanine|move: Taunt
|turn|96
|
|move|p2a: Sableye|Recover|p2a: Sableye
|-heal|p2a: Sableye|171\/303
|cant|p1a: Arcanine|par
|
|turn|97
|
|move|p2a: Sableye|Night Shade|p1a: Arcanine
|-damage|p1a: Arcanine|0 fnt
|faint|p1a: Arcanine
|
|
|switch|p1a: Celebi|Celebi|404\/404
|turn|98
|
|move|p1a: Celebi|Perish Song|p1a: Celebi
|-fieldactivate|move: Perish Song
|move|p2a: Sableye|Taunt|p1a: Celebi
|-start|p1a: Celebi|move: Taunt
|
|-start|p1a: Celebi|perish3
|-start|p2a: Sableye|perish3
|turn|99
|c|âTime Square|gg
|
|move|p1a: Celebi|U-turn|p2a: Sableye
|-damage|p2a: Sableye|139\/303
|move|p2a: Sableye|Recover|p2a: Sableye
|-heal|p2a: Sableye|291\/303
|
|-start|p1a: Celebi|perish2
|-start|p2a: Sableye|perish2
|turn|100
|c|âsatsuki121|gg
|
|switch|p2a: Snorlax|Snorlax, M|440\/497
|-damage|p2a: Snorlax|378\/497|[from] Stealth Rock
|move|p1a: Celebi|U-turn|p2a: Snorlax
|-damage|p2a: Snorlax|318\/497
|
|-start|p1a: Celebi|perish1
|-heal|p2a: Snorlax|349\/497|[from] item: Leftovers
|turn|101
|
|move|p1a: Celebi|U-turn|p2a: Snorlax
|-damage|p2a: Snorlax|290\/497
|move|p2a: Snorlax|Body Slam|p1a: Celebi
|-damage|p1a: Celebi|292\/404
|-status|p1a: Celebi|par
|
|-start|p1a: Celebi|perish0
|-heal|p2a: Snorlax|321\/497|[from] item: Leftovers
|faint|p1a: Celebi
|
|win|Time Square
|raw|Ladder updating...
|raw|satsuki121's rating: 1521 &rarr; <strong>1501<\/strong><br \/>(-20 for losing)
|raw|Time Square's rating: 1526 &rarr; <strong>1546<\/strong><br \/>(+20 for winning)