|join|kokoloko
|join|satsuki121
|player|p1|kokoloko|169
|player|p2|satsuki121|116
|gametype|singles
|gen|6
|tier|UU
|rated
|rule|Sleep Clause Mod: Limit one foe put to sleep
|rule|Species Clause: Limit one of each Pokemon
|rule|OHKO Clause: OHKO moves are banned
|rule|Moody Clause: Moody is banned
|rule|Evasion Moves Clause: Evasion moves are banned
|rule|Endless Battle Clause: Forcing endless battles is banned.
|rule|HP Percentage Mod: HP is reported as percentages
|clearpoke
|poke|p1|Sharpedo, M
|poke|p1|Swampert, F
|poke|p1|Crobat, M
|poke|p1|Hydreigon, F
|poke|p1|Froslass, F, shiny
|poke|p1|Sableye, F, shiny
|poke|p2|Absol, F
|poke|p2|Hydreigon, F
|poke|p2|Toxicroak, M
|poke|p2|Chesnaught, M
|poke|p2|Mew
|poke|p2|Darmanitan, F
|teampreview
|
|start
|switch|p1a: YUMMMM|Swampert, F|401\/401
|switch|p2a: Darmanitan|Darmanitan, F|351\/351
|turn|1
|
|move|p2a: Darmanitan|U-turn|p1a: YUMMMM
|-damage|p1a: YUMMMM|317\/401
|
|switch|p2a: Mew|Mew|404\/404
|move|p1a: YUMMMM|Stealth Rock|p2a: Mew
|-sidestart|p2: satsuki121|move: Stealth Rock
|
|-heal|p1a: YUMMMM|342\/401|[from] item: Leftovers
|turn|2
|
|switch|p1a: i can sense it|Froslass, F, shiny|343\/343
|move|p2a: Mew|Defog|p1a: i can sense it
|-unboost|p1a: i can sense it|evasion|1
|-sideend|p2: satsuki121|Stealth Rock|[from] move: Defog|[of] p2a: Mew
|
|turn|3
|
|move|p1a: i can sense it|Taunt|p2a: Mew
|-start|p2a: Mew|move: Taunt
|move|p2a: Mew|Knock Off|p1a: i can sense it
|-supereffective|p1a: i can sense it
|-damage|p1a: i can sense it|133\/343
|-enditem|p1a: i can sense it|Focus Sash|[from] move: Knock Off|[of] p2a: Mew
|
|turn|4
|
|switch|p2a: Darmanitan|Darmanitan, F|351\/351
|move|p1a: i can sense it|Destiny Bond|p1a: i can sense it
|-singlemove|p1a: i can sense it|Destiny Bond
|
|turn|5
|
|move|p2a: Darmanitan|U-turn|p1a: i can sense it
|-resisted|p1a: i can sense it
|-damage|p1a: i can sense it|65\/343
|
|switch|p2a: Absol|Absol, F|271\/271
|-ability|p2a: Absol|Pressure
|move|p1a: i can sense it|Thunder Wave|p2a: Absol
|-status|p2a: Absol|par
|
|turn|6
|
|switch|p1a: YUMMMM|Swampert, F|342\/401
|detailschange|p2a: Absol|Absol-Mega, F
|message|Absol has Mega Evolved into Mega Absol!
|move|p2a: Absol|Knock Off|p1a: YUMMMM
|-damage|p1a: YUMMMM|189\/401
|-enditem|p1a: YUMMMM|Leftovers|[from] move: Knock Off|[of] p2a: Absol
|
|turn|7
|
|switch|p1a: check deine emails|Crobat, M|325\/325
|switch|p2a: Mew|Mew|404\/404
|
|turn|8
|
|move|p1a: check deine emails|Taunt|p2a: Mew
|-start|p2a: Mew|move: Taunt
|cant|p2a: Mew|move: Taunt|Stealth Rock
|
|turn|9
|
|switch|p2a: Chesnaught|Chesnaught, M|380\/380
|move|p1a: check deine emails|U-turn|p2a: Chesnaught
|-damage|p2a: Chesnaught|335\/380
|
|switch|p1a: GOT HAXED|Sableye, F, shiny|303\/303
|
|-heal|p2a: Chesnaught|358\/380|[from] item: Leftovers
|turn|10
|
|switch|p1a: check deine emails|Crobat, M|325\/325
|move|p2a: Chesnaught|Spikes|p1a: check deine emails
|-sidestart|p1: kokoloko|Spikes
|
|-heal|p2a: Chesnaught|380\/380|[from] item: Leftovers
|turn|11
|
|move|p2a: Chesnaught|Spiky Shield|p2a: Chesnaught
|-singleturn|p2a: Chesnaught|move: Protect
|move|p1a: check deine emails|Brave Bird|p2a: Chesnaught
|-activate|p2a: Chesnaught|move: Protect
|-damage|p1a: check deine emails|285\/325|[from] Spiky Shield|[of] p2a: Chesnaught
|
|-heal|p1a: check deine emails|305\/325|[from] item: Black Sludge
|turn|12
|
|switch|p2a: Mew|Mew|404\/404
|move|p1a: check deine emails|Brave Bird|p2a: Mew
|-damage|p2a: Mew|247\/404
|-damage|p1a: check deine emails|253\/325|[from] recoil|[of] p2a: Mew
|
|-heal|p1a: check deine emails|273\/325|[from] item: Black Sludge
|-heal|p2a: Mew|272\/404|[from] item: Leftovers
|turn|13
|
|move|p1a: check deine emails|Taunt|p2a: Mew
|-start|p2a: Mew|move: Taunt
|move|p2a: Mew|Knock Off|p1a: check deine emails
|-damage|p1a: check deine emails|178\/325
|-enditem|p1a: check deine emails|Black Sludge|[from] move: Knock Off|[of] p2a: Mew
|
|-heal|p2a: Mew|297\/404|[from] item: Leftovers
|turn|14
|
|switch|p2a: Darmanitan|Darmanitan, F|351\/351
|move|p1a: check deine emails|Brave Bird|p2a: Darmanitan
|-damage|p2a: Darmanitan|105\/351
|-damage|p1a: check deine emails|97\/325|[from] recoil|[of] p2a: Darmanitan
|
|turn|15
|
|switch|p1a: HAZORUS|Hydreigon, F|325\/325
|move|p2a: Darmanitan|U-turn|p1a: HAZORUS
|-supereffective|p1a: HAZORUS
|-damage|p1a: HAZORUS|121\/325
|
|switch|p2a: Absol|Absol-Mega, F|271\/271 par
|
|turn|16
|
|move|p1a: HAZORUS|Draco Meteor|p2a: Absol
|-damage|p2a: Absol|0 fnt
|-unboost|p1a: HAZORUS|spa|2
|faint|p2a: Absol
|
|
|switch|p2a: Mew|Mew|297\/404
|turn|17
|
|switch|p1a: i can sense it|Froslass, F, shiny|65\/343
|-damage|p1a: i can sense it|23\/343|[from] Spikes
|move|p2a: Mew|Stealth Rock|p1a: i can sense it
|-sidestart|p1: kokoloko|move: Stealth Rock
|
|-heal|p2a: Mew|322\/404|[from] item: Leftovers
|turn|18
|
|switch|p2a: Darmanitan|Darmanitan, F|105\/351
|move|p1a: i can sense it|Spikes|p2a: Darmanitan
|-sidestart|p2: satsuki121|Spikes
|
|turn|19
|
|move|p2a: Darmanitan|U-turn|p1a: i can sense it
|-resisted|p1a: i can sense it
|-damage|p1a: i can sense it|0 fnt
|-start|p2a: Darmanitan|Disable|U-turn
|faint|p1a: i can sense it
|
|switch|p2a: Hydreigon|Hydreigon, F|325\/325
|
|
|switch|p1a: HAZORUS|Hydreigon, F|121\/325
|-damage|p1a: HAZORUS|81\/325|[from] Stealth Rock
|turn|20
|
|move|p1a: HAZORUS|Draco Meteor|p2a: Hydreigon
|-supereffective|p2a: Hydreigon
|-damage|p2a: Hydreigon|0 fnt
|-unboost|p1a: HAZORUS|spa|2
|faint|p2a: Hydreigon
|
|
|switch|p2a: Chesnaught|Chesnaught, M|380\/380
|-damage|p2a: Chesnaught|333\/380|[from] Spikes
|turn|21
|
|move|p1a: HAZORUS|Draco Meteor|p2a: Chesnaught|[miss]
|-miss|p1a: HAZORUS|p2a: Chesnaught
|move|p2a: Chesnaught|Leech Seed|p1a: HAZORUS
|-start|p1a: HAZORUS|move: Leech Seed
|
|-heal|p2a: Chesnaught|356\/380|[from] item: Leftovers
|-damage|p1a: HAZORUS|41\/325|[from] Leech Seed|[of] p2a: Chesnaught
|-heal|p2a: Chesnaught|380\/380|[silent]
|turn|22
|
|switch|p1a: check deine emails|Crobat, M|97\/325
|-damage|p1a: check deine emails|16\/325|[from] Stealth Rock
|move|p2a: Chesnaught|Leech Seed|p1a: check deine emails|[miss]
|-miss|p2a: Chesnaught|p1a: check deine emails
|
|turn|23
|
|move|p1a: check deine emails|Roost|p1a: check deine emails
|-heal|p1a: check deine emails|179\/325
|move|p2a: Chesnaught|Leech Seed|p1a: check deine emails
|-start|p1a: check deine emails|move: Leech Seed
|
|-damage|p1a: check deine emails|139\/325|[from] Leech Seed|[of] p2a: Chesnaught
|turn|24
|
|switch|p2a: Mew|Mew|322\/404
|-damage|p2a: Mew|272\/404|[from] Spikes
|move|p1a: check deine emails|Roost|p1a: check deine emails
|-heal|p1a: check deine emails|302\/325
|
|-heal|p2a: Mew|297\/404|[from] item: Leftovers
|-damage|p1a: check deine emails|262\/325|[from] Leech Seed|[of] p2a: Mew
|-heal|p2a: Mew|337\/404|[silent]
|turn|25
|
|move|p1a: check deine emails|U-turn|p2a: Mew
|-supereffective|p2a: Mew
|-damage|p2a: Mew|195\/404
|
|switch|p1a: YUMMMM|Swampert, F|189\/401
|-damage|p1a: YUMMMM|139\/401|[from] Spikes
|-damage|p1a: YUMMMM|114\/401|[from] Stealth Rock
|move|p2a: Mew|Knock Off|p1a: YUMMMM
|-damage|p1a: YUMMMM|74\/401
|
|-heal|p2a: Mew|220\/404|[from] item: Leftovers
|turn|26
|
|move|p2a: Mew|Knock Off|p1a: YUMMMM
|-damage|p1a: YUMMMM|34\/401
|move|p1a: YUMMMM|Stealth Rock|p2a: Mew
|-sidestart|p2: satsuki121|move: Stealth Rock
|
|-heal|p2a: Mew|245\/404|[from] item: Leftovers
|turn|27
|
|move|p2a: Mew|Defog|p1a: YUMMMM
|-unboost|p1a: YUMMMM|evasion|1
|-sideend|p1: kokoloko|Spikes|[from] move: Defog|[of] p1a: YUMMMM
|-sideend|p1: kokoloko|Stealth Rock|[from] move: Defog|[of] p1a: YUMMMM
|-sideend|p2: satsuki121|Spikes|[from] move: Defog|[of] p2a: Mew
|-sideend|p2: satsuki121|Stealth Rock|[from] move: Defog|[of] p2a: Mew
|move|p1a: YUMMMM|Stealth Rock|p2a: Mew
|-sidestart|p2: satsuki121|move: Stealth Rock
|
|-heal|p2a: Mew|270\/404|[from] item: Leftovers
|turn|28
|
|move|p2a: Mew|Defog|p1a: YUMMMM
|-unboost|p1a: YUMMMM|evasion|1
|-sideend|p2: satsuki121|Stealth Rock|[from] move: Defog|[of] p2a: Mew
|move|p1a: YUMMMM|Stealth Rock|p2a: Mew
|-sidestart|p2: satsuki121|move: Stealth Rock
|
|-heal|p2a: Mew|295\/404|[from] item: Leftovers
|turn|29
|
|move|p2a: Mew|Defog|p1a: YUMMMM
|-unboost|p1a: YUMMMM|evasion|1
|-sideend|p2: satsuki121|Stealth Rock|[from] move: Defog|[of] p2a: Mew
|move|p1a: YUMMMM|Stealth Rock|p2a: Mew
|-sidestart|p2: satsuki121|move: Stealth Rock
|
|-heal|p2a: Mew|320\/404|[from] item: Leftovers
|turn|30
|
|move|p2a: Mew|Defog|p1a: YUMMMM
|-unboost|p1a: YUMMMM|evasion|1
|-sideend|p2: satsuki121|Stealth Rock|[from] move: Defog|[of] p2a: Mew
|move|p1a: YUMMMM|Stealth Rock|p2a: Mew
|-sidestart|p2: satsuki121|move: Stealth Rock
|
|-heal|p2a: Mew|345\/404|[from] item: Leftovers
|turn|31
|
|move|p2a: Mew|Defog|p1a: YUMMMM
|-unboost|p1a: YUMMMM|evasion|1
|-sideend|p2: satsuki121|Stealth Rock|[from] move: Defog|[of] p2a: Mew
|move|p1a: YUMMMM|Stealth Rock|p2a: Mew
|-sidestart|p2: satsuki121|move: Stealth Rock
|
|-heal|p2a: Mew|370\/404|[from] item: Leftovers
|turn|32
|
|move|p2a: Mew|Defog|p1a: YUMMMM
|-unboost|p1a: YUMMMM|evasion|1
|-sideend|p2: satsuki121|Stealth Rock|[from] move: Defog|[of] p2a: Mew
|move|p1a: YUMMMM|Stealth Rock|p2a: Mew
|-sidestart|p2: satsuki121|move: Stealth Rock
|
|-heal|p2a: Mew|395\/404|[from] item: Leftovers
|turn|33
|
|move|p2a: Mew|Defog|p1a: YUMMMM
|-sideend|p2: satsuki121|Stealth Rock|[from] move: Defog|[of] p2a: Mew
|move|p1a: YUMMMM|Stealth Rock|p2a: Mew
|-sidestart|p2: satsuki121|move: Stealth Rock
|
|-heal|p2a: Mew|404\/404|[from] item: Leftovers
|turn|34
|
|move|p2a: Mew|Defog|p1a: YUMMMM
|-sideend|p2: satsuki121|Stealth Rock|[from] move: Defog|[of] p2a: Mew
|move|p1a: YUMMMM|Stealth Rock|p2a: Mew
|-sidestart|p2: satsuki121|move: Stealth Rock
|
|turn|35
|
|move|p2a: Mew|Defog|p1a: YUMMMM
|-sideend|p2: satsuki121|Stealth Rock|[from] move: Defog|[of] p2a: Mew
|move|p1a: YUMMMM|Stealth Rock|p2a: Mew
|-sidestart|p2: satsuki121|move: Stealth Rock
|
|turn|36
|
|move|p2a: Mew|Knock Off|p1a: YUMMMM
|-damage|p1a: YUMMMM|0 fnt
|faint|p1a: YUMMMM
|
|
|switch|p1a: GOT HAXED|Sableye, F, shiny|303\/303
|turn|37
|-message|satsuki121 lost due to inactivity.
|
|win|kokoloko
|raw|Ladder updating...
|raw|kokoloko's rating: 1697 &rarr; <strong>1708<\/strong><br \/>(+11 for winning)
|raw|satsuki121's rating: 1532 &rarr; <strong>1521<\/strong><br \/>(-11 for losing)