|join|satsuki121
|join|MrDexter
|player|p1|satsuki121|116
|player|p2|MrDexter|80
|gametype|singles
|gen|6
|tier|UU
|rated
|rule|Sleep Clause Mod: Limit one foe put to sleep
|rule|Species Clause: Limit one of each Pokemon
|rule|OHKO Clause: OHKO moves are banned
|rule|Moody Clause: Moody is banned
|rule|Evasion Moves Clause: Evasion moves are banned
|rule|Endless Battle Clause: Forcing endless battles is banned.
|rule|HP Percentage Mod: HP is reported as percentages
|clearpoke
|poke|p1|Absol, F
|poke|p1|Flygon, M
|poke|p1|Jolteon, F
|poke|p1|Empoleon, M
|poke|p1|Tangrowth, M
|poke|p1|Snorlax, M
|poke|p2|Aerodactyl, M
|poke|p2|Mienshao, F
|poke|p2|Galvantula, M
|poke|p2|Metagross
|poke|p2|Nidoking, M
|poke|p2|Victini
|teampreview
|
|start
|switch|p1a: Flygon|Flygon, M|301\/301
|switch|p2a: Victini|Victini|341\/341
|turn|1
|
|move|p2a: Victini|U-turn|p1a: Flygon
|-damage|p1a: Flygon|218\/301
|
|switch|p2a: Aerodactyl|Aerodactyl, M|302\/302
|move|p1a: Flygon|Earthquake|p2a: Aerodactyl
|-immune|p2a: Aerodactyl|[msg]
|
|turn|2
|
|switch|p1a: Tangrowth|Tangrowth, M|404\/404
|detailschange|p2a: Aerodactyl|Aerodactyl-Mega, M
|message|Aerodactyl has Mega Evolved into Mega Aerodactyl!
|move|p2a: Aerodactyl|Iron Head|p1a: Tangrowth
|-damage|p1a: Tangrowth|324\/404
|
|-heal|p1a: Tangrowth|349\/404|[from] item: Leftovers
|turn|3
|
|switch|p2a: Nidoking|Nidoking, M|304\/304
|move|p1a: Tangrowth|Stun Spore|p2a: Nidoking|[miss]
|-miss|p1a: Tangrowth|p2a: Nidoking
|
|-heal|p1a: Tangrowth|374\/404|[from] item: Leftovers
|turn|4
|
|switch|p1a: Snorlax|Snorlax, M|524\/524
|move|p2a: Nidoking|Sludge Wave|p1a: Snorlax
|-damage|p1a: Snorlax|384\/524
|
|-heal|p1a: Snorlax|416\/524|[from] item: Leftovers
|turn|5
|
|switch|p2a: Metagross|Metagross|364\/364
|move|p1a: Snorlax|Body Slam|p2a: Metagross
|-resisted|p2a: Metagross
|-damage|p2a: Metagross|324\/364
|-status|p2a: Metagross|par
|
|-heal|p1a: Snorlax|448\/524|[from] item: Leftovers
|turn|6
|
|switch|p1a: Tangrowth|Tangrowth, M|404\/404
|move|p2a: Metagross|Meteor Mash|p1a: Tangrowth
|-damage|p1a: Tangrowth|290\/404
|-boost|p2a: Metagross|atk|1
|
|-heal|p1a: Tangrowth|315\/404|[from] item: Leftovers
|turn|7
|
|move|p1a: Tangrowth|Knock Off|p2a: Metagross
|-supereffective|p2a: Metagross
|-damage|p2a: Metagross|206\/364 par
|-enditem|p2a: Metagross|Assault Vest|[from] move: Knock Off|[of] p1a: Tangrowth
|move|p2a: Metagross|Meteor Mash|p1a: Tangrowth
|-damage|p1a: Tangrowth|146\/404
|
|-heal|p1a: Tangrowth|171\/404|[from] item: Leftovers
|turn|8
|
|move|p1a: Tangrowth|Leech Seed|p2a: Metagross|[miss]
|-miss|p1a: Tangrowth|p2a: Metagross
|move|p2a: Metagross|Meteor Mash|p1a: Tangrowth
|-crit|p1a: Tangrowth
|-damage|p1a: Tangrowth|0 fnt
|faint|p1a: Tangrowth
|
|
|switch|p1a: Flygon|Flygon, M|218\/301
|turn|9
|
|move|p2a: Metagross|Bullet Punch|p1a: Flygon
|-damage|p1a: Flygon|80\/301
|move|p1a: Flygon|U-turn|p2a: Metagross
|-damage|p2a: Metagross|148\/364 par
|
|switch|p1a: Absol|Absol, F|271\/271
|
|turn|10
|
|detailschange|p1a: Absol|Absol-Mega, F
|message|Absol has Mega Evolved into Mega Absol!
|move|p2a: Metagross|Bullet Punch|p1a: Absol
|-damage|p1a: Absol|73\/271
|move|p1a: Absol|Knock Off|p2a: Metagross
|-crit|p2a: Metagross
|-supereffective|p2a: Metagross
|-damage|p2a: Metagross|0 fnt
|faint|p2a: Metagross
|
|
|switch|p2a: Nidoking|Nidoking, M|304\/304
|turn|11
|
|move|p1a: Absol|Knock Off|p2a: Nidoking
|-damage|p2a: Nidoking|72\/304
|-enditem|p2a: Nidoking|Life Orb|[from] move: Knock Off|[of] p1a: Absol
|move|p2a: Nidoking|Earth Power|p1a: Absol
|-crit|p1a: Absol
|-damage|p1a: Absol|0 fnt
|faint|p1a: Absol
|
|
|switch|p1a: Flygon|Flygon, M|80\/301
|turn|12
|
|move|p1a: Flygon|U-turn|p2a: Nidoking
|-resisted|p2a: Nidoking
|-damage|p2a: Nidoking|25\/304
|
|switch|p1a: Snorlax|Snorlax, M|448\/524
|move|p2a: Nidoking|Ice Beam|p1a: Snorlax
|-damage|p1a: Snorlax|374\/524
|
|-heal|p1a: Snorlax|406\/524|[from] item: Leftovers
|turn|13
|
|move|p2a: Nidoking|Earth Power|p1a: Snorlax
|-damage|p1a: Snorlax|297\/524
|move|p1a: Snorlax|Curse|p1a: Snorlax
|-boost|p1a: Snorlax|atk|1
|-boost|p1a: Snorlax|def|1
|-unboost|p1a: Snorlax|spe|1
|
|-heal|p1a: Snorlax|329\/524|[from] item: Leftovers
|turn|14
|
|switch|p2a: Mienshao|Mienshao, F|271\/271
|move|p1a: Snorlax|Curse|p1a: Snorlax
|-boost|p1a: Snorlax|atk|1
|-boost|p1a: Snorlax|def|1
|-unboost|p1a: Snorlax|spe|1
|
|-heal|p1a: Snorlax|361\/524|[from] item: Leftovers
|turn|15
|
|move|p2a: Mienshao|High Jump Kick|p1a: Snorlax
|-supereffective|p1a: Snorlax
|-damage|p1a: Snorlax|0 fnt
|-damage|p2a: Mienshao|244\/271|[from] item: Life Orb
|faint|p1a: Snorlax
|
|
|switch|p1a: Jolteon|Jolteon, F|271\/271
|turn|16
|
|switch|p2a: Nidoking|Nidoking, M|25\/304
|move|p1a: Jolteon|Volt Switch|p2a: Nidoking
|-immune|p2a: Nidoking|[msg]
|
|turn|17
|chat|MrDexter|hello?
|
|switch|p1a: Flygon|Flygon, M|80\/301
|move|p2a: Nidoking|Ice Beam|p1a: Flygon
|-supereffective|p1a: Flygon
|-damage|p1a: Flygon|0 fnt
|faint|p1a: Flygon
|
|
|switch|p1a: Jolteon|Jolteon, F|271\/271
|turn|18
|
|move|p1a: Jolteon|Shadow Ball|p2a: Nidoking
|-damage|p2a: Nidoking|0 fnt
|faint|p2a: Nidoking
|
|
|switch|p2a: Aerodactyl|Aerodactyl-Mega, M|302\/302
|turn|19
|
|move|p2a: Aerodactyl|Earthquake|p1a: Jolteon
|-supereffective|p1a: Jolteon
|-damage|p1a: Jolteon|0 fnt
|faint|p1a: Jolteon
|
|
|switch|p1a: Empoleon|Empoleon, M|372\/372
|turn|20
|
|move|p2a: Aerodactyl|Earthquake|p1a: Empoleon
|-crit|p1a: Empoleon
|-supereffective|p1a: Empoleon
|-damage|p1a: Empoleon|0 fnt
|faint|p1a: Empoleon
|
|win|MrDexter
|raw|Ladder updating...
|raw|satsuki121's rating: 1525 &rarr; <strong>1503<\/strong><br \/>(-22 for losing)
|raw|MrDexter's rating: 1503 &rarr; <strong>1524<\/strong><br \/>(+21 for winning)
|chat|MrDexter|gg