|join|jacob
|join|Satsuki121
|player|p1|jacob|287
|player|p2|Satsuki121|116
|gametype|singles
|gen|6
|tier|UU
|rated
|rule|Sleep Clause Mod: Limit one foe put to sleep
|rule|Species Clause: Limit one of each PokÃ©mon
|rule|OHKO Clause: OHKO moves are banned
|rule|Moody Clause: Moody is banned
|rule|Evasion Moves Clause: Evasion moves are banned
|rule|Endless Battle Clause: Forcing endless battles is banned
|rule|HP Percentage Mod: HP is shown in percentages
|clearpoke
|poke|p1|Hydreigon, M
|poke|p1|Chandelure, F
|poke|p1|Celebi
|poke|p1|Tentacruel, M
|poke|p1|Quagsire, F
|poke|p1|Aerodactyl, F
|poke|p2|Mienshao, M, shiny
|poke|p2|Entei, shiny
|poke|p2|Chesnaught, M
|poke|p2|Hydreigon, M
|poke|p2|Swampert, M, shiny
|poke|p2|Alakazam, M
|rule|Swagger Clause: Swagger is banned
|rule|Baton Pass Clause: Limit one PokÃ©mon knowing Baton Pass
|teampreview
|c|âjacob|hf
|
|start
|switch|p1a: Hydreigon|Hydreigon, M|325\/325
|switch|p2a: Mienshao|Mienshao, M, shiny|271\/271
|turn|1
|
|switch|p1a: Quagsire|Quagsire, F|394\/394
|move|p2a: Mienshao|U-turn|p1a: Quagsire
|-damage|p1a: Quagsire|306\/394
|-damage|p2a: Mienshao|244\/271|[from] item: Life Orb
|
|switch|p2a: Chesnaught|Chesnaught, M|379\/379
|
|-heal|p1a: Quagsire|330\/394|[from] item: Leftovers
|turn|2
|
|switch|p1a: Celebi|Celebi|404\/404
|move|p2a: Chesnaught|Seed Bomb|p1a: Celebi
|-resisted|p1a: Celebi
|-damage|p1a: Celebi|353\/404
|
|-heal|p1a: Celebi|378\/404|[from] item: Leftovers
|turn|3
|
|move|p1a: Celebi|Stealth Rock|p2a: Chesnaught
|-sidestart|p2: Satsuki121|move: Stealth Rock
|move|p2a: Chesnaught|Spikes|p1a: Celebi
|-sidestart|p1: jacob|Spikes
|
|-heal|p1a: Celebi|403\/404|[from] item: Leftovers
|turn|4
|
|move|p1a: Celebi|U-turn|p2a: Chesnaught
|-damage|p2a: Chesnaught|343\/379
|
|switch|p1a: Tentacruel|Tentacruel, M|364\/364
|-damage|p1a: Tentacruel|319\/364|[from] Spikes
|move|p2a: Chesnaught|Spikes|p1a: Tentacruel
|-sidestart|p1: jacob|Spikes
|
|-heal|p1a: Tentacruel|341\/364|[from] item: Black Sludge
|-heal|p2a: Chesnaught|366\/379|[from] item: Leftovers
|turn|5
|
|move|p2a: Chesnaught|Spiky Shield|p2a: Chesnaught
|-singleturn|p2a: Chesnaught|move: Protect
|move|p1a: Tentacruel|Scald|p2a: Chesnaught
|-activate|p2a: Chesnaught|move: Protect
|
|-heal|p1a: Tentacruel|363\/364|[from] item: Black Sludge
|-heal|p2a: Chesnaught|379\/379|[from] item: Leftovers
|turn|6
|
|switch|p2a: Swampert|Swampert, M, shiny|404\/404
|-damage|p2a: Swampert|379\/404|[from] Stealth Rock
|move|p1a: Tentacruel|Rapid Spin|p2a: Swampert
|-damage|p2a: Swampert|366\/404
|-sideend|p1: jacob|Spikes|[from] move: Rapid Spin|[of] p1a: Tentacruel
|
|-heal|p1a: Tentacruel|364\/364|[from] item: Black Sludge
|-heal|p2a: Swampert|391\/404|[from] item: Leftovers
|turn|7
|
|switch|p1a: Celebi|Celebi|403\/404
|move|p2a: Swampert|Stealth Rock|p1a: Celebi
|-sidestart|p1: jacob|move: Stealth Rock
|
|-heal|p1a: Celebi|404\/404|[from] item: Leftovers
|-heal|p2a: Swampert|404\/404|[from] item: Leftovers
|turn|8
|
|switch|p2a: Hydreigon|Hydreigon, M|325\/325
|-damage|p2a: Hydreigon|285\/325|[from] Stealth Rock
|move|p1a: Celebi|Leaf Storm|p2a: Hydreigon
|-resisted|p2a: Hydreigon
|-damage|p2a: Hydreigon|209\/325
|-unboost|p1a: Celebi|spa|2
|
|turn|9
|
|switch|p1a: Tentacruel|Tentacruel, M|364\/364
|-damage|p1a: Tentacruel|319\/364|[from] Stealth Rock
|move|p2a: Hydreigon|Dark Pulse|p1a: Tentacruel
|-damage|p1a: Tentacruel|193\/364
|-damage|p2a: Hydreigon|177\/325|[from] item: Life Orb
|
|-heal|p1a: Tentacruel|215\/364|[from] item: Black Sludge
|turn|10
|
|move|p2a: Hydreigon|Draco Meteor|p1a: Tentacruel
|-damage|p1a: Tentacruel|1\/364
|-unboost|p2a: Hydreigon|spa|2
|-damage|p2a: Hydreigon|145\/325|[from] item: Life Orb
|move|p1a: Tentacruel|Rapid Spin|p2a: Hydreigon
|-damage|p2a: Hydreigon|132\/325
|-sideend|p1: jacob|Stealth Rock|[from] move: Rapid Spin|[of] p1a: Tentacruel
|
|-heal|p1a: Tentacruel|23\/364|[from] item: Black Sludge
|turn|11
|c|âjacob|achieve
|
|move|p2a: Hydreigon|Roost|p2a: Hydreigon
|-heal|p2a: Hydreigon|295\/325
|move|p1a: Tentacruel|Knock Off|p2a: Hydreigon
|-resisted|p2a: Hydreigon
|-damage|p2a: Hydreigon|265\/325
|-enditem|p2a: Hydreigon|Life Orb|[from] move: Knock Off|[of] p1a: Tentacruel
|
|-heal|p1a: Tentacruel|45\/364|[from] item: Black Sludge
|turn|12
|
|move|p2a: Hydreigon|Dark Pulse|p1a: Tentacruel
|-damage|p1a: Tentacruel|0 fnt
|faint|p1a: Tentacruel
|
|
|switch|p1a: Hydreigon|Hydreigon, M|325\/325
|turn|13
|
|switch|p2a: Swampert|Swampert, M, shiny|404\/404
|-damage|p2a: Swampert|379\/404|[from] Stealth Rock
|move|p1a: Hydreigon|U-turn|p2a: Swampert
|-damage|p2a: Swampert|325\/404
|
|switch|p1a: Chandelure|Chandelure, F|261\/261
|
|-heal|p2a: Swampert|350\/404|[from] item: Leftovers
|turn|14
|
|switch|p2a: Hydreigon|Hydreigon, M|265\/325
|-damage|p2a: Hydreigon|225\/325|[from] Stealth Rock
|move|p1a: Chandelure|Energy Ball|p2a: Hydreigon
|-crit|p2a: Hydreigon
|-resisted|p2a: Hydreigon
|-damage|p2a: Hydreigon|94\/325
|
|turn|15
|
|switch|p1a: Hydreigon|Hydreigon, M|325\/325
|move|p2a: Hydreigon|Roost|p2a: Hydreigon
|-heal|p2a: Hydreigon|257\/325
|
|turn|16
|
|move|p1a: Hydreigon|Draco Meteor|p2a: Hydreigon
|-supereffective|p2a: Hydreigon
|-damage|p2a: Hydreigon|0 fnt
|-unboost|p1a: Hydreigon|spa|2
|faint|p2a: Hydreigon
|
|
|switch|p2a: Swampert|Swampert, M, shiny|350\/404
|-damage|p2a: Swampert|325\/404|[from] Stealth Rock
|turn|17
|
|switch|p1a: Celebi|Celebi|404\/404
|move|p2a: Swampert|Stealth Rock|p1a: Celebi
|-sidestart|p1: jacob|move: Stealth Rock
|
|-heal|p2a: Swampert|350\/404|[from] item: Leftovers
|turn|18
|
|switch|p2a: Chesnaught|Chesnaught, M|379\/379
|-damage|p2a: Chesnaught|356\/379|[from] Stealth Rock
|move|p1a: Celebi|Leaf Storm|p2a: Chesnaught
|-crit|p2a: Chesnaught
|-resisted|p2a: Chesnaught
|-damage|p2a: Chesnaught|223\/379
|-unboost|p1a: Celebi|spa|2
|
|-heal|p2a: Chesnaught|246\/379|[from] item: Leftovers
|turn|19
|
|move|p1a: Celebi|U-turn|p2a: Chesnaught
|-crit|p2a: Chesnaught
|-damage|p2a: Chesnaught|195\/379
|
|switch|p1a: Aerodactyl|Aerodactyl, F|302\/302
|-damage|p1a: Aerodactyl|227\/302|[from] Stealth Rock
|-ability|p1a: Aerodactyl|Pressure
|move|p2a: Chesnaught|Leech Seed|p1a: Aerodactyl
|-start|p1a: Aerodactyl|move: Leech Seed
|
|-heal|p2a: Chesnaught|218\/379|[from] item: Leftovers
|-damage|p1a: Aerodactyl|190\/302|[from] Leech Seed|[of] p2a: Chesnaught
|-heal|p2a: Chesnaught|255\/379|[silent]
|turn|20
|
|detailschange|p1a: Aerodactyl|Aerodactyl-Mega, F
|message|Aerodactyl has Mega Evolved into Mega Aerodactyl!
|move|p2a: Chesnaught|Spiky Shield|p2a: Chesnaught
|-singleturn|p2a: Chesnaught|move: Protect
|move|p1a: Aerodactyl|Hone Claws|p1a: Aerodactyl
|-boost|p1a: Aerodactyl|atk|1
|-boost|p1a: Aerodactyl|accuracy|1
|
|-heal|p2a: Chesnaught|278\/379|[from] item: Leftovers
|-damage|p1a: Aerodactyl|153\/302|[from] Leech Seed|[of] p2a: Chesnaught
|-heal|p2a: Chesnaught|315\/379|[silent]
|turn|21
|
|switch|p2a: Swampert|Swampert, M, shiny|350\/404
|-damage|p2a: Swampert|325\/404|[from] Stealth Rock
|move|p1a: Aerodactyl|Aerial Ace|p2a: Swampert
|-crit|p2a: Swampert
|-damage|p2a: Swampert|0 fnt
|faint|p2a: Swampert
|
|
|switch|p2a: Chesnaught|Chesnaught, M|315\/379
|-damage|p2a: Chesnaught|292\/379|[from] Stealth Rock
|turn|22
|
|move|p1a: Aerodactyl|Hone Claws|p1a: Aerodactyl
|-boost|p1a: Aerodactyl|atk|1
|-boost|p1a: Aerodactyl|accuracy|1
|move|p2a: Chesnaught|Leech Seed|p1a: Aerodactyl
|-fail|p1a: Aerodactyl
|
|-heal|p2a: Chesnaught|315\/379|[from] item: Leftovers
|-damage|p1a: Aerodactyl|116\/302|[from] Leech Seed|[of] p2a: Chesnaught
|-heal|p2a: Chesnaught|352\/379|[silent]
|turn|23
|
|move|p2a: Chesnaught|Spiky Shield|p2a: Chesnaught
|-singleturn|p2a: Chesnaught|move: Protect
|move|p1a: Aerodactyl|Aerial Ace|p2a: Chesnaught
|-activate|p2a: Chesnaught|move: Protect
|-damage|p1a: Aerodactyl|79\/302|[from] Spiky Shield|[of] p2a: Chesnaught
|
|-heal|p2a: Chesnaught|375\/379|[from] item: Leftovers
|-damage|p1a: Aerodactyl|42\/302|[from] Leech Seed|[of] p2a: Chesnaught
|-heal|p2a: Chesnaught|379\/379|[silent]
|turn|24
|
|move|p2a: Chesnaught|Spiky Shield|p2a: Chesnaught
|-singleturn|p2a: Chesnaught|move: Protect
|move|p1a: Aerodactyl|Aerial Ace|p2a: Chesnaught
|-activate|p2a: Chesnaught|move: Protect
|-damage|p1a: Aerodactyl|5\/302|[from] Spiky Shield|[of] p2a: Chesnaught
|
|-damage|p1a: Aerodactyl|0 fnt|[from] Leech Seed|[of] p2a: Chesnaught
|faint|p1a: Aerodactyl
|c|âjacob|fucking lucky and bad
|
|switch|p1a: Chandelure|Chandelure, F|261\/261
|-damage|p1a: Chandelure|196\/261|[from] Stealth Rock
|turn|25
|
|switch|p2a: Entei|Entei, shiny|371\/371
|-damage|p2a: Entei|279\/371|[from] Stealth Rock
|-ability|p2a: Entei|Pressure
|move|p1a: Chandelure|Overheat|p2a: Entei
|-resisted|p2a: Entei
|-damage|p2a: Entei|32\/371
|-unboost|p1a: Chandelure|spa|2
|
|turn|26
|
|move|p2a: Entei|Stone Edge|p1a: Chandelure
|-supereffective|p1a: Chandelure
|-damage|p1a: Chandelure|0 fnt
|faint|p1a: Chandelure
|
|
|switch|p1a: Hydreigon|Hydreigon, M|325\/325
|-damage|p1a: Hydreigon|285\/325|[from] Stealth Rock
|turn|27
|
|move|p1a: Hydreigon|Flamethrower|p2a: Entei
|-resisted|p2a: Entei
|-damage|p2a: Entei|0 fnt
|faint|p2a: Entei
|
|
|switch|p2a: Alakazam|Alakazam, M|251\/251
|turn|28
|
|switch|p1a: Celebi|Celebi|404\/404
|-damage|p1a: Celebi|354\/404|[from] Stealth Rock
|move|p2a: Alakazam|Dazzling Gleam|p1a: Celebi
|-damage|p1a: Celebi|280\/404
|
|-heal|p1a: Celebi|305\/404|[from] item: Leftovers
|turn|29
|
|switch|p2a: Mienshao|Mienshao, M, shiny|271\/271
|-damage|p2a: Mienshao|255\/271|[from] Stealth Rock
|move|p1a: Celebi|U-turn|p2a: Mienshao
|-resisted|p2a: Mienshao
|-damage|p2a: Mienshao|216\/271
|
|switch|p1a: Quagsire|Quagsire, F|330\/394
|-damage|p1a: Quagsire|306\/394|[from] Stealth Rock
|
|-heal|p1a: Quagsire|330\/394|[from] item: Leftovers
|turn|30
|
|move|p2a: Mienshao|U-turn|p1a: Quagsire
|-damage|p1a: Quagsire|243\/394
|-damage|p2a: Mienshao|189\/271|[from] item: Life Orb
|
|switch|p2a: Chesnaught|Chesnaught, M|379\/379
|-damage|p2a: Chesnaught|356\/379|[from] Stealth Rock
|move|p1a: Quagsire|Scald|p2a: Chesnaught
|-resisted|p2a: Chesnaught
|-damage|p2a: Chesnaught|311\/379
|
|-heal|p2a: Chesnaught|334\/379|[from] item: Leftovers
|-heal|p1a: Quagsire|267\/394|[from] item: Leftovers
|turn|31
|
|move|p2a: Chesnaught|Spikes|p1a: Quagsire
|-sidestart|p1: jacob|Spikes
|move|p1a: Quagsire|Toxic|p2a: Chesnaught
|-status|p2a: Chesnaught|tox
|
|-heal|p2a: Chesnaught|357\/379 tox|[from] item: Leftovers
|-heal|p1a: Quagsire|291\/394|[from] item: Leftovers
|-damage|p2a: Chesnaught|334\/379 tox|[from] psn
|turn|32
|
|switch|p1a: Celebi|Celebi|305\/404
|-damage|p1a: Celebi|255\/404|[from] Spikes
|-damage|p1a: Celebi|205\/404|[from] Stealth Rock
|move|p2a: Chesnaught|Seed Bomb|p1a: Celebi
|-resisted|p1a: Celebi
|-damage|p1a: Celebi|157\/404
|
|-heal|p1a: Celebi|182\/404|[from] item: Leftovers
|-heal|p2a: Chesnaught|357\/379 tox|[from] item: Leftovers
|-damage|p2a: Chesnaught|311\/379 tox|[from] psn
|turn|33
|
|move|p1a: Celebi|Recover|p1a: Celebi
|-heal|p1a: Celebi|384\/404
|move|p2a: Chesnaught|Spikes|p1a: Celebi
|-sidestart|p1: jacob|Spikes
|
|-heal|p1a: Celebi|404\/404|[from] item: Leftovers
|-heal|p2a: Chesnaught|334\/379 tox|[from] item: Leftovers
|-damage|p2a: Chesnaught|265\/379 tox|[from] psn
|turn|34
|
|move|p1a: Celebi|U-turn|p2a: Chesnaught
|-crit|p2a: Chesnaught
|-damage|p2a: Chesnaught|209\/379 tox
|
|switch|p1a: Hydreigon|Hydreigon, M|285\/325
|-damage|p1a: Hydreigon|245\/325|[from] Stealth Rock
|move|p2a: Chesnaught|Spikes|p1a: Hydreigon
|-sidestart|p1: jacob|Spikes
|
|-heal|p2a: Chesnaught|232\/379 tox|[from] item: Leftovers
|-damage|p2a: Chesnaught|140\/379 tox|[from] psn
|turn|35
|c|âjacob|this should be dead
|c|âjacob|but yet you get lucky af
|
|move|p2a: Chesnaught|Spiky Shield|p2a: Chesnaught
|-singleturn|p2a: Chesnaught|move: Protect
|move|p1a: Hydreigon|Flamethrower|p2a: Chesnaught
|-activate|p2a: Chesnaught|move: Protect
|
|-heal|p2a: Chesnaught|163\/379 tox|[from] item: Leftovers
|-damage|p2a: Chesnaught|48\/379 tox|[from] psn
|turn|36
|
|move|p1a: Hydreigon|Flamethrower|p2a: Chesnaught
|-supereffective|p2a: Chesnaught
|-damage|p2a: Chesnaught|0 fnt
|faint|p2a: Chesnaught
|
|
|switch|p2a: Alakazam|Alakazam, M|251\/251
|turn|37
|
|switch|p1a: Quagsire|Quagsire, F|291\/394
|-damage|p1a: Quagsire|193\/394|[from] Spikes
|-damage|p1a: Quagsire|169\/394|[from] Stealth Rock
|move|p2a: Alakazam|Dazzling Gleam|p1a: Quagsire
|-damage|p1a: Quagsire|18\/394
|
|-heal|p1a: Quagsire|42\/394|[from] item: Leftovers
|turn|38
|
|move|p2a: Alakazam|Psyshock|p1a: Quagsire
|-damage|p1a: Quagsire|0 fnt
|faint|p1a: Quagsire
|
|
|switch|p1a: Celebi|Celebi|404\/404
|-damage|p1a: Celebi|354\/404|[from] Stealth Rock
|-damage|p1a: Celebi|253\/404|[from] Spikes
|turn|39
|
|move|p2a: Alakazam|Hidden Power|p1a: Celebi
|-supereffective|p1a: Celebi
|-damage|p1a: Celebi|139\/404
|move|p1a: Celebi|U-turn|p2a: Alakazam
|-supereffective|p2a: Alakazam
|-damage|p2a: Alakazam|41\/251
|
|switch|p1a: Hydreigon|Hydreigon, M|245\/325
|-damage|p1a: Hydreigon|205\/325|[from] Stealth Rock
|
|turn|40
|
|move|p1a: Hydreigon|U-turn|p2a: Alakazam
|-supereffective|p2a: Alakazam
|-damage|p2a: Alakazam|0 fnt
|faint|p2a: Alakazam
|
|switch|p1a: Celebi|Celebi|139\/404
|-damage|p1a: Celebi|89\/404|[from] Stealth Rock
|-damage|p1a: Celebi|0 fnt|[from] Spikes
|faint|p1a: Celebi
|
|
|switch|p1a: Hydreigon|Hydreigon, M|205\/325
|-damage|p1a: Hydreigon|165\/325|[from] Stealth Rock
|switch|p2a: Mienshao|Mienshao, M, shiny|271\/271
|-damage|p2a: Mienshao|255\/271|[from] Stealth Rock
|turn|41
|
|move|p1a: Hydreigon|Draco Meteor|p2a: Mienshao
|-damage|p2a: Mienshao|0 fnt
|-unboost|p1a: Hydreigon|spa|2
|faint|p2a: Mienshao
|
|win|jacob
|raw|Ladder updating...
|raw|jacob's rating: 1406 &rarr; <strong>1426<\/strong><br \/>(+20 for winning)
|raw|Satsuki121's rating: 1401 &rarr; <strong>1381<\/strong><br \/>(-20 for losing)
|c|âSatsuki121|gg
|c|âjacob|gg