|join|satsuki121
|join|freethepeople
|player|p1|satsuki121|116
|player|p2|freethepeople|1
|gametype|singles
|gen|6
|tier|UU
|rated
|rule|Sleep Clause Mod: Limit one foe put to sleep
|rule|Species Clause: Limit one of each PokÃ©mon
|rule|OHKO Clause: OHKO moves are banned
|rule|Moody Clause: Moody is banned
|rule|Evasion Moves Clause: Evasion moves are banned
|rule|Endless Battle Clause: Forcing endless battles is banned
|rule|HP Percentage Mod: HP is shown in percentages
|clearpoke
|poke|p1|Chesnaught, M
|poke|p1|Chandelure, M
|poke|p1|Altaria, F
|poke|p1|Swampert, F
|poke|p1|Jirachi
|poke|p1|Crobat, M
|poke|p2|Suicune
|poke|p2|Diancie
|poke|p2|Crobat, F
|poke|p2|Jirachi
|poke|p2|Bronzong
|poke|p2|Mienshao, F
|rule|Swagger Clause: Swagger is banned
|rule|Baton Pass Clause: Limit one PokÃ©mon knowing Baton Pass
|teampreview
|
|start
|switch|p1a: Swampert|Swampert, F|404\/404
|switch|p2a: Bronzong|Bronzong|338\/338
|turn|1
|
|move|p1a: Swampert|Scald|p2a: Bronzong
|-damage|p2a: Bronzong|281\/338
|move|p2a: Bronzong|Stealth Rock|p1a: Swampert
|-sidestart|p1: satsuki121|move: Stealth Rock
|
|-heal|p2a: Bronzong|302\/338|[from] item: Leftovers
|turn|2
|
|switch|p2a: Suicune|Suicune|404\/404
|-ability|p2a: Suicune|Pressure
|move|p1a: Swampert|Stealth Rock|p2a: Suicune
|-sidestart|p2: freethepeople|move: Stealth Rock
|
|turn|3
|
|move|p2a: Suicune|Scald|p1a: Swampert
|-damage|p1a: Swampert|332\/404
|-status|p1a: Swampert|brn
|move|p1a: Swampert|Roar|p2a: Suicune
|drag|p2a: Jirachi|Jirachi|341\/341
|-damage|p2a: Jirachi|320\/341|[from] Stealth Rock
|
|-heal|p1a: Swampert|357\/404 brn|[from] item: Leftovers
|-damage|p1a: Swampert|307\/404 brn|[from] brn
|turn|4
|
|move|p2a: Jirachi|U-turn|p1a: Swampert
|-crit|p1a: Swampert
|-damage|p1a: Swampert|197\/404 brn
|
|switch|p2a: Suicune|Suicune|404\/404
|-damage|p2a: Suicune|354\/404|[from] Stealth Rock
|-ability|p2a: Suicune|Pressure
|move|p1a: Swampert|Scald|p2a: Suicune
|-resisted|p2a: Suicune
|-damage|p2a: Suicune|314\/404
|
|-heal|p2a: Suicune|339\/404|[from] item: Leftovers
|-heal|p1a: Swampert|222\/404 brn|[from] item: Leftovers
|-damage|p1a: Swampert|172\/404 brn|[from] brn
|turn|5
|
|switch|p1a: Crobat|Crobat, M|374\/374
|-damage|p1a: Crobat|281\/374|[from] Stealth Rock
|move|p2a: Suicune|Scald|p1a: Crobat
|-crit|p1a: Crobat
|-damage|p1a: Crobat|143\/374
|
|-heal|p1a: Crobat|166\/374|[from] item: Black Sludge
|-heal|p2a: Suicune|364\/404|[from] item: Leftovers
|turn|6
|
|move|p1a: Crobat|Roost|p1a: Crobat
|-heal|p1a: Crobat|353\/374
|move|p2a: Suicune|Calm Mind|p2a: Suicune
|-boost|p2a: Suicune|spa|1
|-boost|p2a: Suicune|spd|1
|
|-heal|p1a: Crobat|374\/374|[from] item: Black Sludge
|-heal|p2a: Suicune|389\/404|[from] item: Leftovers
|turn|7
|
|move|p1a: Crobat|Toxic|p2a: Suicune
|-status|p2a: Suicune|tox
|move|p2a: Suicune|Ice Beam|p1a: Crobat
|-supereffective|p1a: Crobat
|-damage|p1a: Crobat|150\/374
|
|-heal|p1a: Crobat|173\/374|[from] item: Black Sludge
|-heal|p2a: Suicune|404\/404 tox|[from] item: Leftovers
|-damage|p2a: Suicune|379\/404 tox|[from] psn
|turn|8
|
|move|p1a: Crobat|Taunt|p2a: Suicune
|-start|p2a: Suicune|move: Taunt
|move|p2a: Suicune|Scald|p1a: Crobat
|-damage|p1a: Crobat|32\/374
|
|-heal|p1a: Crobat|55\/374|[from] item: Black Sludge
|-heal|p2a: Suicune|404\/404 tox|[from] item: Leftovers
|-damage|p2a: Suicune|354\/404 tox|[from] psn
|turn|9
|
|move|p1a: Crobat|Roost|p1a: Crobat
|-heal|p1a: Crobat|242\/374
|move|p2a: Suicune|Scald|p1a: Crobat
|-damage|p1a: Crobat|106\/374
|
|-heal|p1a: Crobat|129\/374|[from] item: Black Sludge
|-heal|p2a: Suicune|379\/404 tox|[from] item: Leftovers
|-damage|p2a: Suicune|304\/404 tox|[from] psn
|turn|10
|
|switch|p2a: Jirachi|Jirachi|320\/341
|-damage|p2a: Jirachi|299\/341|[from] Stealth Rock
|move|p1a: Crobat|Roost|p1a: Crobat
|-heal|p1a: Crobat|316\/374
|
|-heal|p1a: Crobat|339\/374|[from] item: Black Sludge
|turn|11
|
|switch|p1a: Jirachi|Jirachi|341\/341
|-damage|p1a: Jirachi|320\/341|[from] Stealth Rock
|move|p2a: Jirachi|U-turn|p1a: Jirachi
|-damage|p1a: Jirachi|254\/341
|
|switch|p2a: Mienshao|Mienshao, F|271\/271
|-damage|p2a: Mienshao|255\/271|[from] Stealth Rock
|
|turn|12
|
|switch|p2a: Jirachi|Jirachi|299\/341
|-damage|p2a: Jirachi|278\/341|[from] Stealth Rock
|move|p1a: Jirachi|Iron Head|p2a: Jirachi
|-resisted|p2a: Jirachi
|-damage|p2a: Jirachi|223\/341
|
|turn|13
|
|move|p2a: Jirachi|U-turn|p1a: Jirachi
|-damage|p1a: Jirachi|181\/341
|
|switch|p2a: Bronzong|Bronzong|302\/338
|-damage|p2a: Bronzong|281\/338|[from] Stealth Rock
|move|p1a: Jirachi|Iron Head|p2a: Bronzong
|-resisted|p2a: Bronzong
|-damage|p2a: Bronzong|229\/338
|
|-heal|p2a: Bronzong|250\/338|[from] item: Leftovers
|turn|14
|
|switch|p1a: Chesnaught|Chesnaught, M|379\/379
|-damage|p1a: Chesnaught|356\/379|[from] Stealth Rock
|switch|p2a: Mienshao|Mienshao, F|271\/271
|-damage|p2a: Mienshao|255\/271|[from] Stealth Rock
|
|-heal|p1a: Chesnaught|379\/379|[from] item: Leftovers
|turn|15
|
|move|p2a: Mienshao|Knock Off|p1a: Chesnaught
|-resisted|p1a: Chesnaught
|-damage|p1a: Chesnaught|332\/379
|-enditem|p1a: Chesnaught|Leftovers|[from] move: Knock Off|[of] p2a: Mienshao
|-damage|p2a: Mienshao|228\/271|[from] item: Life Orb
|move|p1a: Chesnaught|Leech Seed|p2a: Mienshao
|-start|p2a: Mienshao|move: Leech Seed
|
|-damage|p2a: Mienshao|195\/271|[from] Leech Seed|[of] p1a: Chesnaught
|-heal|p1a: Chesnaught|365\/379|[silent]
|turn|16
|
|switch|p2a: Crobat|Crobat, F|335\/335
|-damage|p2a: Crobat|252\/335|[from] Stealth Rock
|move|p1a: Chesnaught|Drain Punch|p2a: Crobat
|-resisted|p2a: Crobat
|-damage|p2a: Crobat|223\/335
|-heal|p1a: Chesnaught|379\/379|[from] drain|[of] p2a: Crobat
|
|turn|17
|
|switch|p1a: Jirachi|Jirachi|181\/341
|-damage|p1a: Jirachi|160\/341|[from] Stealth Rock
|move|p2a: Crobat|Roost|p2a: Crobat
|-heal|p2a: Crobat|335\/335
|
|turn|18
|
|move|p1a: Jirachi|Fire Punch|p2a: Crobat
|-damage|p2a: Crobat|244\/335
|move|p2a: Crobat|U-turn|p1a: Jirachi
|-damage|p1a: Jirachi|101\/341
|
|switch|p2a: Diancie|Diancie|241\/241
|-damage|p2a: Diancie|211\/241|[from] Stealth Rock
|
|turn|19
|
|detailschange|p2a: Diancie|Diancie-Mega
|message|Diancie has Mega Evolved into Mega Diancie!
|move|p1a: Jirachi|Fire Punch|p2a: Diancie
|-resisted|p2a: Diancie
|-damage|p2a: Diancie|172\/241
|move|p2a: Diancie|Moonblast|p1a: Jirachi
|-resisted|p1a: Jirachi
|-damage|p1a: Jirachi|0 fnt
|faint|p1a: Jirachi
|
|
|switch|p1a: Chandelure|Chandelure, M|293\/293
|-damage|p1a: Chandelure|220\/293|[from] Stealth Rock
|turn|20
|
|move|p2a: Diancie|Earth Power|p1a: Chandelure
|-supereffective|p1a: Chandelure
|-damage|p1a: Chandelure|0 fnt
|faint|p1a: Chandelure
|
|-message|satsuki121 forfeited.
|
|win|freethepeople
|raw|Ladder updating...
|leave|satsuki121
|player|p1
|raw|satsuki121's rating: 1437 &rarr; <strong>1415<\/strong><br \/>(-22 for losing)
|raw|freethepeople's rating: 1394 &rarr; <strong>1416<\/strong><br \/>(+22 for winning)