|join|satsuki121
|join|Scotti
|player|p1|satsuki121|116
|player|p2|Scotti|146
|gametype|singles
|gen|6
|tier|UU
|rated
|rule|Sleep Clause Mod: Limit one foe put to sleep
|rule|Species Clause: Limit one of each Pokemon
|rule|OHKO Clause: OHKO moves are banned
|rule|Moody Clause: Moody is banned
|rule|Evasion Moves Clause: Evasion moves are banned
|rule|Endless Battle Clause: Forcing endless battles is banned.
|rule|HP Percentage Mod: HP is reported as percentages
|clearpoke
|poke|p1|Chesnaught, M
|poke|p1|Jirachi
|poke|p1|Hydreigon, M
|poke|p1|Blastoise, M
|poke|p1|Darmanitan, M
|poke|p1|Magnezone
|poke|p2|Aerodactyl, F
|poke|p2|Jirachi
|poke|p2|Magnezone
|poke|p2|Kingdra, M
|poke|p2|Hydreigon, M
|poke|p2|Ampharos, M
|teampreview
|
|start
|switch|p1a: Magnezone|Magnezone|281\/281
|switch|p2a: Aerodactyl|Aerodactyl, F|301\/301
|-ability|p2a: Aerodactyl|Pressure
|turn|1
|
|move|p2a: Aerodactyl|Stealth Rock|p1a: Magnezone
|-sidestart|p1: satsuki121|move: Stealth Rock
|move|p1a: Magnezone|Volt Switch|p2a: Aerodactyl
|-crit|p2a: Aerodactyl
|-supereffective|p2a: Aerodactyl
|-enditem|p2a: Aerodactyl|Focus Sash
|-damage|p2a: Aerodactyl|1\/301
|
|switch|p1a: Darmanitan|Darmanitan, M|351\/351
|-damage|p1a: Darmanitan|264\/351|[from] Stealth Rock
|
|turn|2
|
|move|p1a: Darmanitan|U-turn|p2a: Aerodactyl
|-resisted|p2a: Aerodactyl
|-damage|p2a: Aerodactyl|0 fnt
|faint|p2a: Aerodactyl
|
|switch|p1a: Jirachi|Jirachi|404\/404
|-damage|p1a: Jirachi|379\/404|[from] Stealth Rock
|
|-heal|p1a: Jirachi|404\/404|[from] item: Leftovers
|
|switch|p2a: Magnezone|Magnezone|344\/344
|turn|3
|
|move|p1a: Jirachi|Stealth Rock|p2a: Magnezone
|-sidestart|p2: Scotti|move: Stealth Rock
|move|p2a: Magnezone|Thunderbolt|p1a: Jirachi
|-damage|p1a: Jirachi|284\/404
|
|-heal|p1a: Jirachi|309\/404|[from] item: Leftovers
|turn|4
|
|move|p1a: Jirachi|Wish|p1a: Jirachi
|move|p2a: Magnezone|Thunderbolt|p1a: Jirachi
|-crit|p1a: Jirachi
|-damage|p1a: Jirachi|123\/404
|
|-heal|p1a: Jirachi|148\/404|[from] item: Leftovers
|turn|5
|
|move|p1a: Jirachi|Meteor Mash|p2a: Magnezone
|-resisted|p2a: Magnezone
|-damage|p2a: Magnezone|319\/344
|move|p2a: Magnezone|Thunderbolt|p1a: Jirachi
|-crit|p1a: Jirachi
|-damage|p1a: Jirachi|0 fnt
|faint|p1a: Jirachi
|
|-heal|p2a: Magnezone|340\/344|[from] item: Leftovers
|chat|Scotti|OMG
|chat|Scotti|DA HAX IS REAL
|
|switch|p1a: Chesnaught|Chesnaught, M|380\/380
|-damage|p1a: Chesnaught|357\/380|[from] Stealth Rock
|turn|6
|
|move|p1a: Chesnaught|Spikes|p2a: Magnezone
|-sidestart|p2: Scotti|Spikes
|move|p2a: Magnezone|Flash Cannon|p1a: Chesnaught
|-damage|p1a: Chesnaught|191\/380
|
|-heal|p1a: Chesnaught|214\/380|[from] item: Leftovers
|-heal|p2a: Magnezone|344\/344|[from] item: Leftovers
|turn|7
|
|move|p1a: Chesnaught|Spiky Shield|p1a: Chesnaught
|-singleturn|p1a: Chesnaught|move: Protect
|move|p2a: Magnezone|Flash Cannon|p1a: Chesnaught
|-activate|p1a: Chesnaught|move: Protect
|
|-heal|p1a: Chesnaught|237\/380|[from] item: Leftovers
|turn|8
|
|move|p1a: Chesnaught|Leech Seed|p2a: Magnezone
|-start|p2a: Magnezone|move: Leech Seed
|move|p2a: Magnezone|Flash Cannon|p1a: Chesnaught
|-damage|p1a: Chesnaught|77\/380
|
|-heal|p1a: Chesnaught|100\/380|[from] item: Leftovers
|-damage|p2a: Magnezone|301\/344|[from] Leech Seed|[of] p1a: Chesnaught
|-heal|p1a: Chesnaught|143\/380|[silent]
|turn|9
|
|switch|p2a: Ampharos|Ampharos, M|322\/322
|-damage|p2a: Ampharos|282\/322|[from] Spikes
|-damage|p2a: Ampharos|242\/322|[from] Stealth Rock
|move|p1a: Chesnaught|Spiky Shield|p1a: Chesnaught
|-fail|p1a: Chesnaught
|
|-heal|p1a: Chesnaught|166\/380|[from] item: Leftovers
|turn|10
|
|-formechange|p2a: Ampharos|Ampharos-Mega
|message|Ampharos has Mega Evolved into Mega Ampharos!
|-ability|p2a: Ampharos|Mold Breaker
|move|p1a: Chesnaught|Spiky Shield|p1a: Chesnaught
|-singleturn|p1a: Chesnaught|move: Protect
|move|p2a: Ampharos|Dragon Pulse|p1a: Chesnaught
|-activate|p1a: Chesnaught|move: Protect
|
|-heal|p1a: Chesnaught|189\/380|[from] item: Leftovers
|turn|11
|
|move|p2a: Ampharos|Agility|p2a: Ampharos
|-boost|p2a: Ampharos|spe|2
|move|p1a: Chesnaught|Leech Seed|p2a: Ampharos|[miss]
|-miss|p1a: Chesnaught|p2a: Ampharos
|
|-heal|p1a: Chesnaught|212\/380|[from] item: Leftovers
|turn|12
|
|move|p1a: Chesnaught|Spiky Shield|p1a: Chesnaught
|-singleturn|p1a: Chesnaught|move: Protect
|move|p2a: Ampharos|Dragon Pulse|p1a: Chesnaught
|-activate|p1a: Chesnaught|move: Protect
|
|-heal|p1a: Chesnaught|235\/380|[from] item: Leftovers
|turn|13
|
|move|p2a: Ampharos|Dragon Pulse|p1a: Chesnaught
|-damage|p1a: Chesnaught|25\/380
|move|p1a: Chesnaught|Leech Seed|p2a: Ampharos
|-start|p2a: Ampharos|move: Leech Seed
|
|-heal|p1a: Chesnaught|48\/380|[from] item: Leftovers
|-damage|p2a: Ampharos|202\/322|[from] Leech Seed|[of] p1a: Chesnaught
|-heal|p1a: Chesnaught|88\/380|[silent]
|turn|14
|
|move|p1a: Chesnaught|Spiky Shield|p1a: Chesnaught
|-singleturn|p1a: Chesnaught|move: Protect
|move|p2a: Ampharos|Agility|p2a: Ampharos
|-boost|p2a: Ampharos|spe|2
|
|-heal|p1a: Chesnaught|111\/380|[from] item: Leftovers
|-damage|p2a: Ampharos|162\/322|[from] Leech Seed|[of] p1a: Chesnaught
|-heal|p1a: Chesnaught|151\/380|[silent]
|turn|15
|
|switch|p1a: Magnezone|Magnezone|281\/281
|-damage|p1a: Magnezone|264\/281|[from] Stealth Rock
|move|p2a: Ampharos|Dragon Pulse|p1a: Magnezone
|-resisted|p1a: Magnezone
|-damage|p1a: Magnezone|165\/281
|
|-damage|p2a: Ampharos|122\/322|[from] Leech Seed|[of] p1a: Magnezone
|-heal|p1a: Magnezone|205\/281|[silent]
|turn|16
|chat|Scotti|don't mess with the amphy
|
|move|p2a: Ampharos|Focus Blast|p1a: Magnezone|[miss]
|-miss|p2a: Ampharos|p1a: Magnezone
|move|p1a: Magnezone|Volt Switch|p2a: Ampharos
|-resisted|p2a: Ampharos
|-damage|p2a: Ampharos|74\/322
|
|switch|p1a: Chesnaught|Chesnaught, M|151\/380
|-damage|p1a: Chesnaught|128\/380|[from] Stealth Rock
|
|-heal|p1a: Chesnaught|151\/380|[from] item: Leftovers
|-damage|p2a: Ampharos|34\/322|[from] Leech Seed|[of] p1a: Chesnaught
|-heal|p1a: Chesnaught|191\/380|[silent]
|turn|17
|chat|Scotti|I hate pokemon
|
|move|p1a: Chesnaught|Spiky Shield|p1a: Chesnaught
|-singleturn|p1a: Chesnaught|move: Protect
|move|p2a: Ampharos|Dragon Pulse|p1a: Chesnaught
|-activate|p1a: Chesnaught|move: Protect
|
|-heal|p1a: Chesnaught|214\/380|[from] item: Leftovers
|-damage|p2a: Ampharos|0 fnt|[from] Leech Seed|[of] p1a: Chesnaught
|-heal|p1a: Chesnaught|248\/380|[silent]
|faint|p2a: Ampharos
|
|switch|p2a: Jirachi|Jirachi|341\/341
|-damage|p2a: Jirachi|299\/341|[from] Spikes
|-damage|p2a: Jirachi|278\/341|[from] Stealth Rock
|turn|18
|
|move|p2a: Jirachi|Trick|p1a: Chesnaught
|-activate|p2a: Jirachi|move: Trick|[of] p1a: Chesnaught
|-item|p1a: Chesnaught|Choice Scarf|[from] move: Trick
|-item|p2a: Jirachi|Leftovers|[from] move: Trick
|move|p1a: Chesnaught|Leech Seed|p2a: Jirachi
|-start|p2a: Jirachi|move: Leech Seed
|
|-heal|p2a: Jirachi|299\/341|[from] item: Leftovers
|-damage|p2a: Jirachi|257\/341|[from] Leech Seed|[of] p1a: Chesnaught
|-heal|p1a: Chesnaught|290\/380|[silent]
|turn|19
|
|switch|p2a: Hydreigon|Hydreigon, M|325\/325
|-damage|p2a: Hydreigon|285\/325|[from] Stealth Rock
|move|p1a: Chesnaught|Leech Seed|p2a: Hydreigon
|-start|p2a: Hydreigon|move: Leech Seed
|
|-damage|p2a: Hydreigon|245\/325|[from] Leech Seed|[of] p1a: Chesnaught
|-heal|p1a: Chesnaught|330\/380|[silent]
|turn|20
|
|switch|p1a: Blastoise|Blastoise, M|362\/362
|-damage|p1a: Blastoise|317\/362|[from] Stealth Rock
|move|p2a: Hydreigon|Draco Meteor|p1a: Blastoise
|-damage|p1a: Blastoise|32\/362
|-unboost|p2a: Hydreigon|spa|2
|-damage|p2a: Hydreigon|213\/325|[from] item: Life Orb
|
|-damage|p2a: Hydreigon|173\/325|[from] Leech Seed|[of] p1a: Blastoise
|-heal|p1a: Blastoise|72\/362|[silent]
|turn|21
|
|switch|p1a: Chesnaught|Chesnaught, M|330\/380
|-damage|p1a: Chesnaught|307\/380|[from] Stealth Rock
|move|p2a: Hydreigon|Draco Meteor|p1a: Chesnaught
|-damage|p1a: Chesnaught|128\/380
|-unboost|p2a: Hydreigon|spa|2
|-damage|p2a: Hydreigon|141\/325|[from] item: Life Orb
|
|-damage|p2a: Hydreigon|101\/325|[from] Leech Seed|[of] p1a: Chesnaught
|-heal|p1a: Chesnaught|168\/380|[silent]
|turn|22
|
|switch|p2a: Kingdra|Kingdra, M|291\/291
|-damage|p2a: Kingdra|255\/291|[from] Stealth Rock
|-damage|p2a: Kingdra|219\/291|[from] Spikes
|move|p1a: Chesnaught|Spikes|p2a: Kingdra
|-sidestart|p2: Scotti|Spikes
|
|turn|23
|
|switch|p1a: Darmanitan|Darmanitan, M|264\/351
|-damage|p1a: Darmanitan|177\/351|[from] Stealth Rock
|move|p2a: Kingdra|Dragon Dance|p2a: Kingdra
|-boost|p2a: Kingdra|atk|1
|-boost|p2a: Kingdra|spe|1
|
|turn|24
|
|move|p2a: Kingdra|Dragon Dance|p2a: Kingdra
|-boost|p2a: Kingdra|atk|1
|-boost|p2a: Kingdra|spe|1
|move|p1a: Darmanitan|U-turn|p2a: Kingdra
|-damage|p2a: Kingdra|120\/291
|
|switch|p1a: Hydreigon|Hydreigon, M|325\/325
|-damage|p1a: Hydreigon|285\/325|[from] Stealth Rock
|
|turn|25
|
|switch|p1a: Chesnaught|Chesnaught, M|168\/380
|-damage|p1a: Chesnaught|145\/380|[from] Stealth Rock
|move|p2a: Kingdra|Waterfall|p1a: Chesnaught
|-resisted|p1a: Chesnaught
|-damage|p1a: Chesnaught|72\/380
|
|turn|26
|
|move|p2a: Kingdra|Rest|p2a: Kingdra
|-status|p2a: Kingdra|slp
|-heal|p2a: Kingdra|291\/291 slp|[silent]
|-status|p2a: Kingdra|slp|[from] move: Rest
|-enditem|p2a: Kingdra|Chesto Berry|[eat]
|-curestatus|p2a: Kingdra|slp
|move|p1a: Chesnaught|Leech Seed|p2a: Kingdra
|-start|p2a: Kingdra|move: Leech Seed
|
|-damage|p2a: Kingdra|255\/291|[from] Leech Seed|[of] p1a: Chesnaught
|-heal|p1a: Chesnaught|108\/380|[silent]
|turn|27
|
|switch|p1a: Blastoise|Blastoise, M|72\/362
|-damage|p1a: Blastoise|27\/362|[from] Stealth Rock
|move|p2a: Kingdra|Dragon Dance|p2a: Kingdra
|-boost|p2a: Kingdra|atk|1
|-boost|p2a: Kingdra|spe|1
|
|-damage|p2a: Kingdra|219\/291|[from] Leech Seed|[of] p1a: Blastoise
|-heal|p1a: Blastoise|63\/362|[silent]
|turn|28
|
|-formechange|p1a: Blastoise|Blastoise-Mega
|message|Blastoise has Mega Evolved into Mega Blastoise!
|move|p2a: Kingdra|Waterfall|p1a: Blastoise
|-resisted|p1a: Blastoise
|-damage|p1a: Blastoise|0 fnt
|faint|p1a: Blastoise
|
|
|switch|p1a: Chesnaught|Chesnaught, M|108\/380
|-damage|p1a: Chesnaught|85\/380|[from] Stealth Rock
|turn|29
|
|move|p1a: Chesnaught|Spiky Shield|p1a: Chesnaught
|-singleturn|p1a: Chesnaught|move: Protect
|move|p2a: Kingdra|Dragon Dance|p2a: Kingdra
|-boost|p2a: Kingdra|atk|1
|-boost|p2a: Kingdra|spe|1
|
|-damage|p2a: Kingdra|183\/291|[from] Leech Seed|[of] p1a: Chesnaught
|-heal|p1a: Chesnaught|121\/380|[silent]
|turn|30
|
|move|p1a: Chesnaught|Spiky Shield|p1a: Chesnaught
|-fail|p1a: Chesnaught
|move|p2a: Kingdra|Waterfall|p1a: Chesnaught
|-resisted|p1a: Chesnaught
|-damage|p1a: Chesnaught|7\/380
|
|-damage|p2a: Kingdra|147\/291|[from] Leech Seed|[of] p1a: Chesnaught
|-heal|p1a: Chesnaught|43\/380|[silent]
|turn|31
|chat|Scotti|IT LIVED
|
|move|p1a: Chesnaught|Spiky Shield|p1a: Chesnaught
|-singleturn|p1a: Chesnaught|move: Protect
|move|p2a: Kingdra|Dragon Dance|p2a: Kingdra
|-boost|p2a: Kingdra|atk|1
|-boost|p2a: Kingdra|spe|1
|
|-damage|p2a: Kingdra|111\/291|[from] Leech Seed|[of] p1a: Chesnaught
|-heal|p1a: Chesnaught|79\/380|[silent]
|turn|32
|
|switch|p1a: Hydreigon|Hydreigon, M|285\/325
|-damage|p1a: Hydreigon|245\/325|[from] Stealth Rock
|move|p2a: Kingdra|Waterfall|p1a: Hydreigon
|-resisted|p1a: Hydreigon
|-damage|p1a: Hydreigon|8\/325
|
|-damage|p2a: Kingdra|75\/291|[from] Leech Seed|[of] p1a: Hydreigon
|-heal|p1a: Hydreigon|44\/325|[silent]
|turn|33
|chat|Scotti|kingdra is really puttin in work
|
|move|p2a: Kingdra|Waterfall|p1a: Hydreigon
|-resisted|p1a: Hydreigon
|-damage|p1a: Hydreigon|0 fnt
|faint|p1a: Hydreigon
|
|
|switch|p1a: Chesnaught|Chesnaught, M|79\/380
|-damage|p1a: Chesnaught|56\/380|[from] Stealth Rock
|turn|34
|
|move|p2a: Kingdra|Waterfall|p1a: Chesnaught
|-resisted|p1a: Chesnaught
|-damage|p1a: Chesnaught|0 fnt
|faint|p1a: Chesnaught
|
|chat|Scotti|:]
|-message|satsuki121 lost due to inactivity.
|
|win|Scotti
|raw|Ladder updating...
|raw|satsuki121's rating: 1545 &rarr; <strong>1519<\/strong><br \/>(-26 for losing)
|raw|Scotti's rating: 1432 &rarr; <strong>1458<\/strong><br \/>(+26 for winning)