|join|satsuki121
|join|Darkmouler
|player|p1|satsuki121|116
|player|p2|Darkmouler|2
|gametype|singles
|gen|6
|tier|UU
|rated
|clearpoke
|poke|p1|Hariyama, M
|poke|p1|Bronzong, shiny
|poke|p1|Tentacruel, M, shiny
|poke|p1|Delphox, F
|poke|p1|Manectric, M
|poke|p1|Noivern, M
|poke|p2|Empoleon, F
|poke|p2|Raikou
|poke|p2|Umbreon, M
|poke|p2|Carbink
|poke|p2|Heracross, F
|poke|p2|Arcanine, M
|rule|Sleep Clause Mod: Limit one foe put to sleep
|rule|Species Clause: Limit one of each Pokemon
|rule|OHKO Clause: OHKO moves are banned
|rule|Moody Clause: Moody is banned
|rule|Evasion Moves Clause: Evasion moves are banned
|rule|Endless Battle Clause: Forcing endless battles is banned.
|rule|HP Percentage Mod: HP is reported as percentages
|teampreview
|
|start
|switch|p1a: Manectric|Manectric, M|281\/281
|switch|p2a: Empoleon|Empoleon, F|372\/372
|turn|1
|
|switch|p2a: Carbink|Carbink|304\/304
|-formechange|p1a: Manectric|Manectric-Mega
|message|Manectric has Mega Evolved into Mega Manectric!
|-ability|p1a: Manectric|Intimidate|[of] p2a: Carbink
|-unboost|p2a: Carbink|atk|1
|move|p1a: Manectric|Thunderbolt|p2a: Carbink
|-damage|p2a: Carbink|183\/304
|
|-heal|p2a: Carbink|202\/304|[from] item: Leftovers
|turn|2
|
|move|p1a: Manectric|Volt Switch|p2a: Carbink
|-damage|p2a: Carbink|118\/304
|
|switch|p1a: Tentacruel|Tentacruel, M, shiny|364\/364
|move|p2a: Carbink|Toxic|p1a: Tentacruel
|-fail|p1a: Tentacruel
|
|-heal|p2a: Carbink|137\/304|[from] item: Leftovers
|turn|3
|
|switch|p2a: Empoleon|Empoleon, F|372\/372
|move|p1a: Tentacruel|Scald|p2a: Empoleon
|-resisted|p2a: Empoleon
|-damage|p2a: Empoleon|334\/372
|-status|p2a: Empoleon|brn
|
|-heal|p2a: Empoleon|357\/372 brn|[from] item: Leftovers
|-damage|p2a: Empoleon|311\/372 brn|[from] brn
|turn|4
|
|switch|p1a: Bronzong|Bronzong, shiny|338\/338
|move|p2a: Empoleon|Aerial Ace|p1a: Bronzong
|-resisted|p1a: Bronzong
|-damage|p1a: Bronzong|332\/338
|
|-heal|p2a: Empoleon|334\/372 brn|[from] item: Leftovers
|-heal|p1a: Bronzong|338\/338|[from] item: Leftovers
|-damage|p2a: Empoleon|288\/372 brn|[from] brn
|turn|5
|
|move|p2a: Empoleon|Scald|p1a: Bronzong
|-damage|p1a: Bronzong|224\/338
|move|p1a: Bronzong|Stealth Rock|p2a: Empoleon
|-sidestart|p2: Darkmouler|move: Stealth Rock
|
|-heal|p2a: Empoleon|311\/372 brn|[from] item: Leftovers
|-heal|p1a: Bronzong|245\/338|[from] item: Leftovers
|-damage|p2a: Empoleon|265\/372 brn|[from] brn
|turn|6
|
|switch|p2a: Arcanine|Arcanine, M|339\/339
|-damage|p2a: Arcanine|255\/339|[from] Stealth Rock
|-ability|p2a: Arcanine|Intimidate|[of] p1a: Bronzong
|-unboost|p1a: Bronzong|atk|1
|move|p1a: Bronzong|Earthquake|p2a: Arcanine
|-supereffective|p2a: Arcanine
|-damage|p2a: Arcanine|135\/339
|
|-heal|p1a: Bronzong|266\/338|[from] item: Leftovers
|turn|7
|
|switch|p1a: Hariyama|Hariyama, M|492\/492
|move|p2a: Arcanine|Extreme Speed|p1a: Hariyama
|-damage|p1a: Hariyama|320\/492
|-damage|p2a: Arcanine|102\/339|[from] item: Life Orb
|
|turn|8
|
|switch|p1a: Bronzong|Bronzong, shiny|266\/338
|move|p2a: Arcanine|Flare Blitz|p1a: Bronzong
|-supereffective|p1a: Bronzong
|-damage|p1a: Bronzong|0 fnt
|-damage|p2a: Arcanine|14\/339|[from] recoil|[of] p1a: Bronzong
|-damage|p2a: Arcanine|0 fnt|[from] item: Life Orb
|faint|p1a: Bronzong
|faint|p2a: Arcanine
|
|
|switch|p2a: Umbreon|Umbreon, M|394\/394
|-damage|p2a: Umbreon|345\/394|[from] Stealth Rock
|switch|p1a: Hariyama|Hariyama, M|320\/492
|turn|9
|
|move|p1a: Hariyama|Fake Out|p2a: Umbreon
|-damage|p2a: Umbreon|296\/394
|cant|p2a: Umbreon|flinch
|
|-heal|p2a: Umbreon|320\/394|[from] item: Leftovers
|turn|10
|
|move|p2a: Umbreon|Foul Play|p1a: Hariyama
|-resisted|p1a: Hariyama
|-damage|p1a: Hariyama|193\/492
|move|p1a: Hariyama|Close Combat|p2a: Umbreon
|-supereffective|p2a: Umbreon
|-damage|p2a: Umbreon|0 fnt
|-unboost|p1a: Hariyama|def|1
|-unboost|p1a: Hariyama|spd|1
|faint|p2a: Umbreon
|
|
|switch|p2a: Raikou|Raikou|321\/321
|-damage|p2a: Raikou|281\/321|[from] Stealth Rock
|-ability|p2a: Raikou|Pressure
|turn|11
|
|switch|p1a: Noivern|Noivern, M|311\/311
|move|p2a: Raikou|Extrasensory|p1a: Noivern
|-damage|p1a: Noivern|145\/311
|
|turn|12
|
|move|p1a: Noivern|Draco Meteor|p2a: Raikou
|-damage|p2a: Raikou|35\/321
|-unboost|p1a: Noivern|spa|2
|-damage|p1a: Noivern|114\/311|[from] item: Life Orb
|move|p2a: Raikou|Extrasensory|p1a: Noivern
|-damage|p1a: Noivern|0 fnt
|faint|p1a: Noivern
|
|
|switch|p1a: Hariyama|Hariyama, M|193\/492
|turn|13
|
|move|p1a: Hariyama|Fake Out|p2a: Raikou
|-damage|p2a: Raikou|0 fnt
|faint|p2a: Raikou
|
|
|switch|p2a: Heracross|Heracross, F|301\/301
|-damage|p2a: Heracross|264\/301|[from] Stealth Rock
|turn|14
|
|switch|p1a: Manectric|Manectric, M|281\/281
|-formechange|p1a: Manectric|Manectric-Mega
|-ability|p1a: Manectric|Intimidate|[of] p2a: Heracross
|-unboost|p2a: Heracross|atk|1
|move|p2a: Heracross|Earthquake|p1a: Manectric
|-supereffective|p1a: Manectric
|-damage|p1a: Manectric|0 fnt
|faint|p1a: Manectric
|-boost|p2a: Heracross|atk|1|[from] ability: Moxie
|
|
|switch|p1a: Delphox|Delphox, F|291\/291
|turn|15
|
|move|p1a: Delphox|Flamethrower|p2a: Heracross
|-supereffective|p2a: Heracross
|-damage|p2a: Heracross|0 fnt
|faint|p2a: Heracross
|
|
|switch|p2a: Empoleon|Empoleon, F|265\/372 brn
|-damage|p2a: Empoleon|242\/372 brn|[from] Stealth Rock
|turn|16
|
|move|p1a: Delphox|Solar Beam|p2a: Empoleon|[still]
|-prepare|p1a: Delphox|Solar Beam|p2a: Empoleon
|-enditem|p1a: Delphox|Power Herb
|-anim|p1a: Delphox|Solar Beam|p2a: Empoleon
|-damage|p2a: Empoleon|112\/372 brn
|-item|p1a: Delphox|Leftovers|[from] ability: Magician|[of] p2a: Empoleon
|move|p2a: Empoleon|Scald|p1a: Delphox
|-supereffective|p1a: Delphox
|-damage|p1a: Delphox|0 fnt
|faint|p1a: Delphox
|
|-damage|p2a: Empoleon|66\/372 brn|[from] brn
|
|switch|p1a: Hariyama|Hariyama, M|193\/492
|turn|17
|
|move|p1a: Hariyama|Fake Out|p2a: Empoleon
|-resisted|p2a: Empoleon
|-damage|p2a: Empoleon|39\/372 brn
|cant|p2a: Empoleon|flinch
|
|-damage|p2a: Empoleon|0 fnt|[from] brn
|faint|p2a: Empoleon
|
|switch|p2a: Carbink|Carbink|137\/304
|-damage|p2a: Carbink|99\/304|[from] Stealth Rock
|turn|18
|chat|Darkmouler|gg
|
|move|p1a: Hariyama|Close Combat|p2a: Carbink
|-damage|p2a: Carbink|0 fnt
|-unboost|p1a: Hariyama|def|1
|-unboost|p1a: Hariyama|spd|1
|faint|p2a: Carbink
|
|win|satsuki121
|raw|Ladder updating...
|raw|satsuki121's rating: 1081 &rarr; <strong>1110<\/strong><br \/>(+29 for winning)
|raw|Darkmouler's rating: 1097 &rarr; <strong>1071<\/strong><br \/>(-26 for losing)
|chat|satsuki121|gg