|join|satsuki121
|join|Strawberry White
|player|p1|satsuki121|116
|player|p2|Strawberry White|54
|gametype|singles
|gen|6
|tier|UU
|rated
|clearpoke
|poke|p1|Hariyama, M
|poke|p1|Trevenant, F, shiny
|poke|p1|Rhyperior, M
|poke|p1|Manectric, M
|poke|p1|Starmie, shiny
|poke|p1|Darmanitan, M
|poke|p2|Roserade, M
|poke|p2|Umbreon, M
|poke|p2|Vaporeon, M
|poke|p2|Snorlax, F
|poke|p2|Hippowdon, M
|poke|p2|Heracross, M
|rule|Sleep Clause Mod: Limit one foe put to sleep
|rule|Species Clause: Limit one of each Pokemon
|rule|OHKO Clause: OHKO moves are banned
|rule|Moody Clause: Moody is banned
|rule|Evasion Moves Clause: Evasion moves are banned
|rule|Endless Battle Clause: Forcing endless battles is banned.
|rule|HP Percentage Mod: HP is reported as percentages
|teampreview
|
|start
|switch|p1a: Darmanitan|Darmanitan, M|351\/351
|switch|p2a: Vaporeon|Vaporeon, M|464\/464
|turn|1
|
|move|p1a: Darmanitan|U-turn|p2a: Vaporeon
|-damage|p2a: Vaporeon|308\/464
|
|switch|p1a: Trevenant|Trevenant, F, shiny|374\/374
|move|p2a: Vaporeon|Wish|p2a: Vaporeon
|
|-heal|p2a: Vaporeon|337\/464|[from] item: Leftovers
|turn|2
|
|move|p2a: Vaporeon|Toxic|p1a: Trevenant
|-status|p1a: Trevenant|tox
|move|p1a: Trevenant|Substitute|p1a: Trevenant
|-start|p1a: Trevenant|Substitute
|-damage|p1a: Trevenant|281\/374 tox
|
|-heal|p2a: Vaporeon|464\/464|[from] move: Wish|[wisher] Vaporeon
|-damage|p1a: Trevenant|258\/374 tox|[from] psn
|turn|3
|
|switch|p2a: Roserade|Roserade, M|261\/261
|move|p1a: Trevenant|Will-O-Wisp|p2a: Roserade
|-status|p2a: Roserade|brn
|
|-damage|p2a: Roserade|229\/261 brn|[from] brn
|-damage|p1a: Trevenant|212\/374 tox|[from] psn
|turn|4
|
|switch|p1a: Starmie|Starmie, shiny|261\/261
|move|p2a: Roserade|Rest|p2a: Roserade
|-status|p2a: Roserade|slp
|-heal|p2a: Roserade|261\/261 slp|[silent]
|-status|p2a: Roserade|slp|[from] move: Rest
|
|turn|5
|
|switch|p2a: Umbreon|Umbreon, M|394\/394
|move|p1a: Starmie|Psyshock|p2a: Umbreon
|-immune|p2a: Umbreon|[msg]
|
|turn|6
|
|switch|p1a: Hariyama|Hariyama, M|492\/492
|move|p2a: Umbreon|Curse|p2a: Umbreon
|-boost|p2a: Umbreon|atk|1
|-boost|p2a: Umbreon|def|1
|-unboost|p2a: Umbreon|spe|1
|
|turn|7
|
|move|p1a: Hariyama|Fake Out|p2a: Umbreon
|-damage|p2a: Umbreon|361\/394
|cant|p2a: Umbreon|flinch
|
|-heal|p2a: Umbreon|385\/394|[from] item: Leftovers
|turn|8
|
|move|p1a: Hariyama|Knock Off|p2a: Umbreon
|-resisted|p2a: Umbreon
|-damage|p2a: Umbreon|351\/394
|-enditem|p2a: Umbreon|Leftovers|[from] move: Knock Off|[of] p1a: Hariyama
|move|p2a: Umbreon|Baton Pass|p2a: Umbreon
|
|switch|p2a: Heracross|Heracross, M|302\/302
|
|turn|9
|
|switch|p1a: Trevenant|Trevenant, F, shiny|212\/374 tox
|move|p2a: Heracross|Megahorn|p1a: Trevenant|[miss]
|-miss|p2a: Heracross|p1a: Trevenant
|
|-damage|p1a: Trevenant|189\/374 tox|[from] psn
|turn|10
|
|move|p2a: Heracross|Megahorn|p1a: Trevenant
|-damage|p1a: Trevenant|0 fnt
|faint|p1a: Trevenant
|-boost|p2a: Heracross|atk|1|[from] ability: Moxie
|
|
|switch|p1a: Darmanitan|Darmanitan, M|351\/351
|turn|11
|
|switch|p2a: Hippowdon|Hippowdon, M|388\/388
|-weather|Sandstorm
|move|p1a: Darmanitan|Flare Blitz|p2a: Hippowdon
|-crit|p2a: Hippowdon
|-damage|p2a: Hippowdon|12\/388
|-damage|p1a: Darmanitan|227\/351|[from] recoil|[of] p2a: Hippowdon
|
|-weather|Sandstorm|[upkeep]
|-damage|p1a: Darmanitan|206\/351|[from] sandstorm
|-heal|p2a: Hippowdon|36\/388|[from] item: Leftovers
|turn|12
|
|switch|p2a: Vaporeon|Vaporeon, M|464\/464
|move|p1a: Darmanitan|Flare Blitz|p2a: Vaporeon
|-resisted|p2a: Vaporeon
|-damage|p2a: Vaporeon|241\/464
|-damage|p1a: Darmanitan|132\/351|[from] recoil|[of] p2a: Vaporeon
|
|-weather|Sandstorm|[upkeep]
|-damage|p1a: Darmanitan|111\/351|[from] sandstorm
|-damage|p2a: Vaporeon|212\/464|[from] sandstorm
|-heal|p2a: Vaporeon|241\/464|[from] item: Leftovers
|turn|13
|
|move|p1a: Darmanitan|Flare Blitz|p2a: Vaporeon
|-resisted|p2a: Vaporeon
|-damage|p2a: Vaporeon|13\/464
|-damage|p1a: Darmanitan|36\/351|[from] recoil|[of] p2a: Vaporeon
|move|p2a: Vaporeon|Wish|p2a: Vaporeon
|
|-weather|Sandstorm|[upkeep]
|-damage|p1a: Darmanitan|15\/351|[from] sandstorm
|-damage|p2a: Vaporeon|0 fnt|[from] sandstorm
|faint|p2a: Vaporeon
|
|switch|p2a: Snorlax|Snorlax, F|524\/524
|turn|14
|
|switch|p1a: Rhyperior|Rhyperior, M|434\/434
|move|p2a: Snorlax|Curse|p2a: Snorlax
|-boost|p2a: Snorlax|atk|1
|-boost|p2a: Snorlax|def|1
|-unboost|p2a: Snorlax|spe|1
|
|-weather|Sandstorm|[upkeep]
|-damage|p2a: Snorlax|492\/524|[from] sandstorm
|-heal|p2a: Snorlax|524\/524|[from] move: Wish|[wisher] Vaporeon
|turn|15
|
|move|p1a: Rhyperior|Stealth Rock|p2a: Snorlax
|-sidestart|p2: Strawberry White|move: Stealth Rock
|move|p2a: Snorlax|Curse|p2a: Snorlax
|-boost|p2a: Snorlax|atk|1
|-boost|p2a: Snorlax|def|1
|-unboost|p2a: Snorlax|spe|1
|
|-weather|none
|turn|16
|
|move|p2a: Snorlax|Ice Punch|p1a: Rhyperior
|-supereffective|p1a: Rhyperior
|-damage|p1a: Rhyperior|263\/434
|move|p1a: Rhyperior|Dragon Tail|p2a: Snorlax
|-damage|p2a: Snorlax|483\/524
|drag|p2a: Umbreon|Umbreon, M|351\/394
|-damage|p2a: Umbreon|302\/394|[from] Stealth Rock
|
|-heal|p1a: Rhyperior|290\/434|[from] item: Leftovers
|turn|17
|
|move|p2a: Umbreon|Toxic|p1a: Rhyperior
|-status|p1a: Rhyperior|tox
|move|p1a: Rhyperior|Earthquake|p2a: Umbreon
|-damage|p2a: Umbreon|157\/394
|
|-heal|p1a: Rhyperior|317\/434 tox|[from] item: Leftovers
|-damage|p1a: Rhyperior|290\/434 tox|[from] psn
|turn|18
|
|move|p2a: Umbreon|Curse|p2a: Umbreon
|-boost|p2a: Umbreon|atk|1
|-boost|p2a: Umbreon|def|1
|-unboost|p2a: Umbreon|spe|1
|move|p1a: Rhyperior|Dragon Tail|p2a: Umbreon
|-crit|p2a: Umbreon
|-damage|p2a: Umbreon|63\/394
|drag|p2a: Snorlax|Snorlax, F|483\/524
|-damage|p2a: Snorlax|418\/524|[from] Stealth Rock
|
|-heal|p1a: Rhyperior|317\/434 tox|[from] item: Leftovers
|-heal|p2a: Snorlax|450\/524|[from] item: Leftovers
|-damage|p1a: Rhyperior|263\/434 tox|[from] psn
|turn|19
|
|move|p2a: Snorlax|Ice Punch|p1a: Rhyperior
|-supereffective|p1a: Rhyperior
|-damage|p1a: Rhyperior|169\/434 tox
|move|p1a: Rhyperior|Dragon Tail|p2a: Snorlax
|-damage|p2a: Snorlax|353\/524
|drag|p2a: Umbreon|Umbreon, M|63\/394
|-damage|p2a: Umbreon|14\/394|[from] Stealth Rock
|
|-heal|p1a: Rhyperior|196\/434 tox|[from] item: Leftovers
|-damage|p1a: Rhyperior|115\/434 tox|[from] psn
|turn|20
|
|move|p2a: Umbreon|Curse|p2a: Umbreon
|-boost|p2a: Umbreon|atk|1
|-boost|p2a: Umbreon|def|1
|-unboost|p2a: Umbreon|spe|1
|move|p1a: Rhyperior|Earthquake|p2a: Umbreon
|-crit|p2a: Umbreon
|-damage|p2a: Umbreon|0 fnt
|faint|p2a: Umbreon
|
|-heal|p1a: Rhyperior|142\/434 tox|[from] item: Leftovers
|-damage|p1a: Rhyperior|34\/434 tox|[from] psn
|
|switch|p2a: Hippowdon|Hippowdon, M|36\/388
|-damage|p2a: Hippowdon|12\/388|[from] Stealth Rock
|-weather|Sandstorm
|turn|21
|
|move|p2a: Hippowdon|Slack Off|p2a: Hippowdon
|-heal|p2a: Hippowdon|206\/388
|move|p1a: Rhyperior|Earthquake|p2a: Hippowdon
|-damage|p2a: Hippowdon|91\/388
|
|-weather|Sandstorm|[upkeep]
|-heal|p2a: Hippowdon|115\/388|[from] item: Leftovers
|-heal|p1a: Rhyperior|61\/434 tox|[from] item: Leftovers
|-damage|p1a: Rhyperior|0 fnt|[from] psn
|faint|p1a: Rhyperior
|
|switch|p1a: Starmie|Starmie, shiny|261\/261
|turn|22
|
|move|p1a: Starmie|Surf|p2a: Hippowdon
|-supereffective|p2a: Hippowdon
|-damage|p2a: Hippowdon|0 fnt
|faint|p2a: Hippowdon
|
|-weather|Sandstorm|[upkeep]
|-damage|p1a: Starmie|245\/261|[from] sandstorm
|-heal|p1a: Starmie|261\/261|[from] item: Leftovers
|
|switch|p2a: Roserade|Roserade, M|261\/261
|-damage|p2a: Roserade|229\/261|[from] Stealth Rock
|turn|23
|
|move|p1a: Starmie|Psyshock|p2a: Roserade
|-supereffective|p2a: Roserade
|-damage|p2a: Roserade|0 fnt
|faint|p2a: Roserade
|
|-weather|Sandstorm|[upkeep]
|-damage|p1a: Starmie|245\/261|[from] sandstorm
|-heal|p1a: Starmie|261\/261|[from] item: Leftovers
|
|switch|p2a: Snorlax|Snorlax, F|353\/524
|-damage|p2a: Snorlax|288\/524|[from] Stealth Rock
|turn|24
|
|move|p1a: Starmie|Surf|p2a: Snorlax
|-damage|p2a: Snorlax|164\/524
|move|p2a: Snorlax|Body Slam|p1a: Starmie
|-damage|p1a: Starmie|84\/261
|
|-weather|Sandstorm|[upkeep]
|-damage|p1a: Starmie|68\/261|[from] sandstorm
|-damage|p2a: Snorlax|132\/524|[from] sandstorm
|-heal|p1a: Starmie|84\/261|[from] item: Leftovers
|-heal|p2a: Snorlax|164\/524|[from] item: Leftovers
|turn|25
|
|move|p1a: Starmie|Surf|p2a: Snorlax
|-damage|p2a: Snorlax|46\/524
|move|p2a: Snorlax|Body Slam|p1a: Starmie
|-damage|p1a: Starmie|0 fnt
|faint|p1a: Starmie
|
|-weather|none
|-heal|p2a: Snorlax|78\/524|[from] item: Leftovers
|
|switch|p1a: Hariyama|Hariyama, M|492\/492
|turn|26
|
|move|p1a: Hariyama|Fake Out|p2a: Snorlax
|-damage|p2a: Snorlax|9\/524
|cant|p2a: Snorlax|flinch
|
|-heal|p2a: Snorlax|41\/524|[from] item: Leftovers
|turn|27
|
|move|p1a: Hariyama|Knock Off|p2a: Snorlax
|-damage|p2a: Snorlax|0 fnt
|faint|p2a: Snorlax
|
|-message|Strawberry White forfeited.
|
|win|satsuki121
|raw|Ladder updating...
|leave|Strawberry White
|player|p2
|raw|satsuki121's rating: 1159 &rarr; <strong>1179<\/strong><br \/>(+20 for winning)
|raw|Strawberry White's rating: 1089 &rarr; <strong>1070<\/strong><br \/>(-19 for losing)