|join|satsuki121
|join|Free Reuniclus
|player|p1|satsuki121|116
|player|p2|Free Reuniclus|121
|gametype|singles
|gen|6
|tier|UU
|rated
|rule|Sleep Clause Mod: Limit one foe put to sleep
|rule|Species Clause: Limit one of each Pokemon
|rule|OHKO Clause: OHKO moves are banned
|rule|Moody Clause: Moody is banned
|rule|Evasion Moves Clause: Evasion moves are banned
|rule|Endless Battle Clause: Forcing endless battles is banned.
|rule|HP Percentage Mod: HP is reported as percentages
|clearpoke
|poke|p1|Forretress, F
|poke|p1|Jellicent, M
|poke|p1|Tyrantrum, M
|poke|p1|Arcanine, M
|poke|p1|Manectric, M
|poke|p1|Suicune, shiny
|poke|p2|Reuniclus, M
|poke|p2|Whimsicott, M
|poke|p2|Victini
|poke|p2|Snorlax, M
|poke|p2|Krookodile, M
|poke|p2|Nidoqueen, F
|teampreview
|join|devostar298
|
|start
|switch|p1a: Manectric|Manectric, M|281\/281
|switch|p2a: Faint|Nidoqueen, F|367\/367
|turn|1
|
|switch|p1a: Jellicent|Jellicent, M|403\/403
|move|p2a: Faint|Stealth Rock|p1a: Jellicent
|-sidestart|p1: satsuki121|move: Stealth Rock
|
|turn|2
|
|switch|p2a: Haruno|Whimsicott, M|323\/323
|move|p1a: Jellicent|Scald|p2a: Haruno
|-resisted|p2a: Haruno
|-damage|p2a: Haruno|278\/323
|
|-heal|p2a: Haruno|298\/323|[from] item: Leftovers
|turn|3
|
|switch|p2a: Champion PTR|Victini|341\/341
|switch|p1a: Forretress|Forretress, F|353\/353
|-damage|p1a: Forretress|309\/353|[from] Stealth Rock
|
|-heal|p1a: Forretress|331\/353|[from] item: Leftovers
|turn|4
|
|switch|p1a: Arcanine|Arcanine, M|321\/321
|-damage|p1a: Arcanine|241\/321|[from] Stealth Rock
|-ability|p1a: Arcanine|Intimidate|[of] p2a: Champion PTR
|-unboost|p2a: Champion PTR|atk|1
|move|p2a: Champion PTR|Blue Flare|p1a: Arcanine
|-crit|p1a: Arcanine
|-resisted|p1a: Arcanine
|-damage|p1a: Arcanine|14\/321
|-damage|p2a: Champion PTR|307\/341|[from] item: Life Orb
|
|turn|5
|
|move|p2a: Champion PTR|Blue Flare|p1a: Arcanine
|-resisted|p1a: Arcanine
|-damage|p1a: Arcanine|0 fnt
|-damage|p2a: Champion PTR|273\/341|[from] item: Life Orb
|faint|p1a: Arcanine
|
|-message|satsuki121 forfeited.
|
|win|Free Reuniclus
|raw|Ladder updating...
|leave|satsuki121
|player|p1
|raw|satsuki121's rating: 1516 &rarr; <strong>1493<\/strong><br \/>(-23 for losing)
|raw|Free Reuniclus's rating: 1460 &rarr; <strong>1483<\/strong><br \/>(+23 for winning)
|leave|devostar298