|join|satsuki121
|join|nayrpink
|player|p1|satsuki121|116
|player|p2|nayrpink|200
|gametype|singles
|gen|6
|tier|UU
|rated
|rule|Sleep Clause Mod: Limit one foe put to sleep
|rule|Species Clause: Limit one of each PokÃ©mon
|rule|OHKO Clause: OHKO moves are banned
|rule|Moody Clause: Moody is banned
|rule|Evasion Moves Clause: Evasion moves are banned
|rule|Endless Battle Clause: Forcing endless battles is banned
|rule|HP Percentage Mod: HP is reported as percentages
|clearpoke
|poke|p1|Snorlax, M
|poke|p1|Umbreon, F
|poke|p1|Aggron, M
|poke|p1|Azelf
|poke|p1|Darmanitan, M
|poke|p1|Goodra, F
|poke|p2|Roserade, F
|poke|p2|Hydreigon, F
|poke|p2|Donphan, M
|poke|p2|Victini
|poke|p2|Florges, F
|poke|p2|Chesnaught, F
|rule|Swagger Clause: Swagger is banned
|rule|Baton Pass Clause: Limit one PokÃ©mon knowing Baton Pass
|teampreview
|
|start
|switch|p1a: Darmanitan|Darmanitan, M|351\/351
|switch|p2a: Victini|Victini|341\/341
|turn|1
|
|switch|p2a: Hydreigon|Hydreigon, F|325\/325
|move|p1a: Darmanitan|U-turn|p2a: Hydreigon
|-supereffective|p2a: Hydreigon
|-damage|p2a: Hydreigon|95\/325
|
|switch|p1a: Azelf|Azelf|291\/291
|
|turn|2
|
|move|p2a: Hydreigon|U-turn|p1a: Azelf
|-supereffective|p1a: Azelf
|-damage|p1a: Azelf|135\/291
|
|switch|p2a: Victini|Victini|341\/341
|move|p1a: Azelf|Dazzling Gleam|p2a: Victini
|-resisted|p2a: Victini
|-damage|p2a: Victini|295\/341
|
|turn|3
|
|move|p1a: Azelf|U-turn|p2a: Victini
|-damage|p2a: Victini|237\/341
|
|switch|p1a: Snorlax|Snorlax, M|524\/524
|move|p2a: Victini|U-turn|p1a: Snorlax
|-damage|p1a: Snorlax|365\/524
|
|switch|p2a: Chesnaught|Chesnaught, F|380\/380
|
|-heal|p1a: Snorlax|397\/524|[from] item: Leftovers
|turn|4
|
|move|p2a: Chesnaught|Leech Seed|p1a: Snorlax
|-start|p1a: Snorlax|move: Leech Seed
|move|p1a: Snorlax|Curse|p1a: Snorlax
|-boost|p1a: Snorlax|atk|1
|-boost|p1a: Snorlax|def|1
|-unboost|p1a: Snorlax|spe|1
|
|-heal|p1a: Snorlax|429\/524|[from] item: Leftovers
|-damage|p1a: Snorlax|364\/524|[from] Leech Seed|[of] p2a: Chesnaught
|turn|5
|
|move|p2a: Chesnaught|Hammer Arm|p1a: Snorlax
|-supereffective|p1a: Snorlax
|-damage|p1a: Snorlax|146\/524
|-unboost|p2a: Chesnaught|spe|1
|move|p1a: Snorlax|Curse|p1a: Snorlax
|-boost|p1a: Snorlax|atk|1
|-boost|p1a: Snorlax|def|1
|-unboost|p1a: Snorlax|spe|1
|
|-heal|p1a: Snorlax|178\/524|[from] item: Leftovers
|-damage|p1a: Snorlax|113\/524|[from] Leech Seed|[of] p2a: Chesnaught
|turn|6
|
|move|p2a: Chesnaught|Hammer Arm|p1a: Snorlax
|-supereffective|p1a: Snorlax
|-damage|p1a: Snorlax|0 fnt
|-unboost|p2a: Chesnaught|spe|1
|faint|p1a: Snorlax
|
|
|switch|p1a: Goodra|Goodra, F|384\/384
|turn|7
|-message|satsuki121 forfeited.
|
|win|nayrpink
|raw|Ladder updating...
|leave|satsuki121
|player|p1
|raw|satsuki121's rating: 1399 &rarr; <strong>1376<\/strong><br \/>(-23 for losing)
|raw|nayrpink's rating: 1340 &rarr; <strong>1363<\/strong><br \/>(+23 for winning)