|join|Satsuki121
|join|Dolph The Showoff
|player|p1|Satsuki121|116
|player|p2|Dolph The Showoff|99
|gametype|singles
|gen|6
|tier|UU
|rated
|rule|Sleep Clause Mod: Limit one foe put to sleep
|rule|Species Clause: Limit one of each PokÃ©mon
|rule|OHKO Clause: OHKO moves are banned
|rule|Moody Clause: Moody is banned
|rule|Evasion Moves Clause: Evasion moves are banned
|rule|Endless Battle Clause: Forcing endless battles is banned
|rule|HP Percentage Mod: HP is shown in percentages
|clearpoke
|poke|p1|Machamp, M, shiny
|poke|p1|Crobat, M
|poke|p1|Swampert, F
|poke|p1|Serperior, F, shiny
|poke|p1|Raikou
|poke|p1|Porygon2, shiny
|poke|p2|Swampert, F
|poke|p2|Infernape, M
|poke|p2|Chesnaught, M
|poke|p2|Blissey, F
|poke|p2|Hydreigon, F
|poke|p2|Starmie
|rule|Swagger Clause: Swagger is banned
|rule|Baton Pass Clause: Limit one PokÃ©mon knowing Baton Pass
|teampreview
|
|start
|switch|p1a: Crobat|Crobat, M|369\/369
|switch|p2a: Hydreigon|Hydreigon, F|325\/325
|turn|1
|
|move|p2a: Hydreigon|Draco Meteor|p1a: Crobat
|-damage|p1a: Crobat|117\/369
|-unboost|p2a: Hydreigon|spa|2
|move|p1a: Crobat|U-turn|p2a: Hydreigon
|-supereffective|p2a: Hydreigon
|-damage|p2a: Hydreigon|203\/325
|
|switch|p1a: Machamp|Machamp, M, shiny|364\/364
|
|turn|2
|
|switch|p2a: Chesnaught|Chesnaught, M|379\/379
|move|p1a: Machamp|Knock Off|p2a: Chesnaught
|-resisted|p2a: Chesnaught
|-damage|p2a: Chesnaught|339\/379
|-damage|p1a: Machamp|304\/364|[from] item: Rocky Helmet|[of] p2a: Chesnaught
|-enditem|p2a: Chesnaught|Rocky Helmet|[from] move: Knock Off|[of] p1a: Machamp
|
|turn|3
|
|switch|p1a: Crobat|Crobat, M|117\/369
|move|p2a: Chesnaught|Leech Seed|p1a: Crobat
|-start|p1a: Crobat|move: Leech Seed
|
|-heal|p1a: Crobat|140\/369|[from] item: Black Sludge
|-damage|p1a: Crobat|94\/369|[from] Leech Seed|[of] p2a: Chesnaught
|-heal|p2a: Chesnaught|379\/379|[silent]
|turn|4
|
|move|p1a: Crobat|Roost|p1a: Crobat
|-heal|p1a: Crobat|279\/369
|move|p2a: Chesnaught|Spikes|p1a: Crobat
|-sidestart|p1: Satsuki121|Spikes
|
|-heal|p1a: Crobat|302\/369|[from] item: Black Sludge
|-damage|p1a: Crobat|256\/369|[from] Leech Seed|[of] p2a: Chesnaught
|turn|5
|
|switch|p2a: Swampert|Swampert, F|367\/367
|move|p1a: Crobat|Roost|p1a: Crobat
|-heal|p1a: Crobat|369\/369
|
|-damage|p1a: Crobat|323\/369|[from] Leech Seed|[of] p2a: Swampert
|turn|6
|
|detailschange|p2a: Swampert|Swampert-Mega, F
|-mega|p2a: Swampert|Swampert|Swampertite
|move|p1a: Crobat|Defog|p2a: Swampert
|-unboost|p2a: Swampert|evasion|1
|-sideend|p1: Satsuki121|Spikes|[from] move: Defog|[of] p1a: Crobat
|move|p2a: Swampert|Ice Punch|p1a: Crobat
|-supereffective|p1a: Crobat
|-damage|p1a: Crobat|45\/369
|
|-heal|p1a: Crobat|68\/369|[from] item: Black Sludge
|-damage|p1a: Crobat|22\/369|[from] Leech Seed|[of] p2a: Swampert
|turn|7
|join|CaptainBravo
|
|move|p1a: Crobat|U-turn|p2a: Swampert
|-damage|p2a: Swampert|321\/367
|
|switch|p1a: Porygon2|Porygon2, shiny|373\/373
|-ability|p1a: Porygon2|Swift Swim|[from] ability: Trace|[of] p2a: Swampert
|move|p2a: Swampert|Earthquake|p1a: Porygon2
|-damage|p1a: Porygon2|214\/373
|
|turn|8
|
|move|p2a: Swampert|Waterfall|p1a: Porygon2
|-damage|p1a: Porygon2|84\/373
|move|p1a: Porygon2|Toxic|p2a: Swampert
|-status|p2a: Swampert|tox
|
|-damage|p2a: Swampert|299\/367 tox|[from] psn
|turn|9
|
|switch|p1a: Swampert|Swampert, F|404\/404
|move|p2a: Swampert|Waterfall|p1a: Swampert
|-damage|p1a: Swampert|268\/404
|
|-heal|p1a: Swampert|293\/404|[from] item: Leftovers
|-damage|p2a: Swampert|255\/367 tox|[from] psn
|turn|10
|
|switch|p2a: Starmie|Starmie|259\/259
|move|p1a: Swampert|Scald|p2a: Starmie
|-resisted|p2a: Starmie
|-damage|p2a: Starmie|215\/259
|
|-heal|p1a: Swampert|318\/404|[from] item: Leftovers
|turn|11
|
|move|p2a: Starmie|Psychic|p1a: Swampert
|-damage|p1a: Swampert|137\/404
|-damage|p2a: Starmie|190\/259|[from] item: Life Orb
|move|p1a: Swampert|Earthquake|p2a: Starmie
|-damage|p2a: Starmie|31\/259
|
|-heal|p1a: Swampert|162\/404|[from] item: Leftovers
|turn|12
|
|switch|p1a: Raikou|Raikou|321\/321
|-ability|p1a: Raikou|Pressure
|move|p2a: Starmie|Psychic|p1a: Raikou
|-damage|p1a: Raikou|103\/321
|-unboost|p1a: Raikou|spd|1
|-damage|p2a: Starmie|6\/259|[from] item: Life Orb
|
|turn|13
|
|switch|p2a: Hydreigon|Hydreigon, F|203\/325
|move|p1a: Raikou|Hidden Power|p2a: Hydreigon
|-resisted|p2a: Hydreigon
|-damage|p2a: Hydreigon|165\/325
|
|turn|14
|
|switch|p1a: Porygon2|Porygon2, shiny|84\/373
|-ability|p1a: Porygon2|Levitate|[from] ability: Trace|[of] p2a: Hydreigon
|move|p2a: Hydreigon|Dark Pulse|p1a: Porygon2
|-damage|p1a: Porygon2|17\/373
|
|turn|15
|
|move|p2a: Hydreigon|Dark Pulse|p1a: Porygon2
|-damage|p1a: Porygon2|0 fnt
|faint|p1a: Porygon2
|
|
|switch|p1a: Machamp|Machamp, M, shiny|304\/364
|turn|16
|
|switch|p2a: Chesnaught|Chesnaught, M|379\/379
|move|p1a: Machamp|Ice Punch|p2a: Chesnaught
|-supereffective|p2a: Chesnaught
|-damage|p2a: Chesnaught|265\/379
|
|turn|17
|
|move|p1a: Machamp|Ice Punch|p2a: Chesnaught
|-supereffective|p2a: Chesnaught
|-damage|p2a: Chesnaught|139\/379
|move|p2a: Chesnaught|Leech Seed|p1a: Machamp
|-start|p1a: Machamp|move: Leech Seed
|
|-damage|p1a: Machamp|259\/364|[from] Leech Seed|[of] p2a: Chesnaught
|-heal|p2a: Chesnaught|184\/379|[silent]
|turn|18
|
|switch|p1a: Crobat|Crobat, M|22\/369
|move|p2a: Chesnaught|Drain Punch|p1a: Crobat
|-resisted|p1a: Crobat
|-damage|p1a: Crobat|0 fnt
|-heal|p2a: Chesnaught|195\/379|[from] drain|[of] p1a: Crobat
|faint|p1a: Crobat
|
|
|switch|p1a: Serperior|Serperior, F, shiny|353\/353
|turn|19
|
|move|p1a: Serperior|Leaf Storm|p2a: Chesnaught
|-resisted|p2a: Chesnaught
|-damage|p2a: Chesnaught|117\/379
|-boost|p1a: Serperior|spa|2
|move|p2a: Chesnaught|Drain Punch|p1a: Serperior
|-damage|p1a: Serperior|262\/353
|-heal|p2a: Chesnaught|163\/379|[from] drain|[of] p1a: Serperior
|
|turn|20
|
|move|p1a: Serperior|Leaf Storm|p2a: Chesnaught
|-resisted|p2a: Chesnaught
|-damage|p2a: Chesnaught|10\/379
|-boost|p1a: Serperior|spa|2
|move|p2a: Chesnaught|Drain Punch|p1a: Serperior
|-damage|p1a: Serperior|171\/353
|-heal|p2a: Chesnaught|56\/379|[from] drain|[of] p1a: Serperior
|
|turn|21
|
|move|p2a: Chesnaught|Spiky Shield|p2a: Chesnaught
|-singleturn|p2a: Chesnaught|move: Protect
|move|p1a: Serperior|Giga Drain|p2a: Chesnaught
|-activate|p2a: Chesnaught|move: Protect
|
|turn|22
|
|move|p1a: Serperior|Giga Drain|p2a: Chesnaught
|-resisted|p2a: Chesnaught
|-damage|p2a: Chesnaught|0 fnt
|-heal|p1a: Serperior|199\/353|[from] drain|[of] p2a: Chesnaught
|faint|p2a: Chesnaught
|
|
|switch|p2a: Starmie|Starmie|6\/259
|turn|23
|
|move|p2a: Starmie|Psychic|p1a: Serperior
|-damage|p1a: Serperior|82\/353
|-damage|p2a: Starmie|0 fnt|[from] item: Life Orb
|faint|p2a: Starmie
|move|p1a: Serperior|Giga Drain|p2: Starmie|[notarget]
|-notarget
|
|
|switch|p2a: Hydreigon|Hydreigon, F|165\/325
|turn|24
|leave|CaptainBravo
|join|CaptainBravo
|
|move|p2a: Hydreigon|U-turn|p1a: Serperior
|-supereffective|p1a: Serperior
|-damage|p1a: Serperior|0 fnt
|faint|p1a: Serperior
|
|switch|p2a: Apeshit|Infernape, M|293\/293
|
|
|switch|p1a: Swampert|Swampert, F|162\/404
|turn|25
|
|move|p2a: Apeshit|Close Combat|p1a: Swampert
|-damage|p1a: Swampert|0 fnt
|-unboost|p2a: Apeshit|def|1
|-unboost|p2a: Apeshit|spd|1
|-damage|p2a: Apeshit|264\/293|[from] item: Life Orb
|faint|p1a: Swampert
|
|
|switch|p1a: Raikou|Raikou|103\/321
|-ability|p1a: Raikou|Pressure
|turn|26
|
|switch|p2a: Swampert|Swampert-Mega, F|255\/367 tox
|move|p1a: Raikou|Volt Switch|p2a: Swampert
|-immune|p2a: Swampert|[msg]
|
|-damage|p2a: Swampert|233\/367 tox|[from] psn
|turn|27
|-message|Satsuki121 forfeited.
|
|win|Dolph The Showoff
|raw|Ladder updating...
|leave|Satsuki121
|player|p1
|raw|Satsuki121's rating: 1445 &rarr; <strong>1417<\/strong><br \/>(-28 for losing)
|raw|Dolph The Showoff's rating: 1296 &rarr; <strong>1331<\/strong><br \/>(+35 for winning)