|join|siegberto
|join|HELLKNIGHT
|player|p1|siegberto|282
|player|p2|HELLKNIGHT|102
|gametype|singles
|gen|6
|tier|UU
|rated
|rule|Sleep Clause Mod: Limit one foe put to sleep
|rule|Species Clause: Limit one of each Pokemon
|rule|OHKO Clause: OHKO moves are banned
|rule|Moody Clause: Moody is banned
|rule|Evasion Moves Clause: Evasion moves are banned
|rule|Endless Battle Clause: Forcing endless battles is banned.
|rule|HP Percentage Mod: HP is reported as percentages
|clearpoke
|poke|p1|Celebi
|poke|p1|Arcanine, F
|poke|p1|Donphan, F
|poke|p1|Drapion, M
|poke|p1|Kingdra, M
|poke|p1|Aerodactyl, M
|poke|p2|Sableye, M
|poke|p2|Hippowdon, M
|poke|p2|Umbreon, M
|poke|p2|Entei, shiny
|poke|p2|Aerodactyl, M
|poke|p2|Tentacruel, M
|teampreview
|
|start
|switch|p1a: Celebi|Celebi|404\/404
|switch|p2a: LADDER|Sableye, M|304\/304
|turn|1
|
|move|p2a: LADDER|Trick|p1a: Celebi
|-activate|p2a: LADDER|move: Trick|[of] p1a: Celebi
|-item|p1a: Celebi|Choice Scarf|[from] move: Trick
|-item|p2a: LADDER|Leftovers|[from] move: Trick
|move|p1a: Celebi|Thunder Wave|p2a: LADDER
|-status|p2a: LADDER|par
|
|turn|2
|
|switch|p1a: Arcanine|Arcanine, F|321\/321
|-ability|p1a: Arcanine|Intimidate|[of] p2a: LADDER
|-unboost|p2a: LADDER|atk|1
|switch|p2a: SUPPORTER|Umbreon, M|394\/394
|
|turn|3
|
|move|p1a: Arcanine|Will-O-Wisp|p2a: SUPPORTER
|-status|p2a: SUPPORTER|brn
|move|p2a: SUPPORTER|Heal Bell|p2a: SUPPORTER
|-cureteam|p2a: SUPPORTER|[from] move: HealBell
|
|turn|4
|
|switch|p1a: Kingdra|Kingdra, M|324\/324
|switch|p2a: BURN!!!|Entei, shiny|372\/372
|-ability|p2a: BURN!!!|Pressure
|-item|p2a: BURN!!!|Air Balloon
|
|turn|5
|
|move|p1a: Kingdra|Dragon Pulse|p2a: BURN!!!
|-damage|p2a: BURN!!!|114\/372
|-enditem|p2a: BURN!!!|Air Balloon
|move|p2a: BURN!!!|Roar|p1a: Kingdra
|drag|p1a: Aerodactyl|Aerodactyl, M|301\/301
|-ability|p1a: Aerodactyl|Pressure
|
|turn|6
|
|switch|p2a: SUPPORTER|Umbreon, M|394\/394
|detailschange|p1a: Aerodactyl|Aerodactyl-Mega, M
|message|Aerodactyl has Mega Evolved into Mega Aerodactyl!
|move|p1a: Aerodactyl|Aerial Ace|p2a: SUPPORTER
|-damage|p2a: SUPPORTER|261\/394
|
|-heal|p2a: SUPPORTER|285\/394|[from] item: Leftovers
|turn|7
|
|move|p2a: SUPPORTER|Protect|p2a: SUPPORTER
|-singleturn|p2a: SUPPORTER|Protect
|move|p1a: Aerodactyl|Stone Edge|p2a: SUPPORTER
|-activate|p2a: SUPPORTER|Protect
|
|-heal|p2a: SUPPORTER|309\/394|[from] item: Leftovers
|turn|8
|
|move|p1a: Aerodactyl|Stone Edge|p2a: SUPPORTER
|-damage|p2a: SUPPORTER|143\/394
|move|p2a: SUPPORTER|Wish|p2a: SUPPORTER
|
|-heal|p2a: SUPPORTER|167\/394|[from] item: Leftovers
|turn|9
|
|switch|p1a: Drapion|Drapion, M|344\/344
|move|p2a: SUPPORTER|Protect|p2a: SUPPORTER
|-fail|p2a: SUPPORTER
|
|-heal|p2a: SUPPORTER|364\/394|[from] move: Wish|[wisher] SUPPORTER
|-heal|p2a: SUPPORTER|388\/394|[from] item: Leftovers
|turn|10
|
|move|p2a: SUPPORTER|Protect|p2a: SUPPORTER
|-singleturn|p2a: SUPPORTER|Protect
|move|p1a: Drapion|Knock Off|p2a: SUPPORTER
|-activate|p2a: SUPPORTER|Protect
|
|-heal|p2a: SUPPORTER|394\/394|[from] item: Leftovers
|turn|11
|
|switch|p2a: LADDER|Sableye, M|304\/304
|move|p1a: Drapion|Knock Off|p2a: LADDER
|-crit|p2a: LADDER
|-damage|p2a: LADDER|9\/304
|-enditem|p2a: LADDER|Leftovers|[from] move: Knock Off|[of] p1a: Drapion
|
|turn|12
|
|move|p2a: LADDER|Will-O-Wisp|p1a: Drapion
|-status|p1a: Drapion|brn
|move|p1a: Drapion|Pursuit|p2a: LADDER
|-damage|p2a: LADDER|0 fnt
|faint|p2a: LADDER
|
|-damage|p1a: Drapion|301\/344 brn|[from] brn
|
|switch|p2a: SUPPORTER|Umbreon, M|394\/394
|turn|13
|chat|siegberto|how was he faster lol im max speed
|
|switch|p1a: Celebi|Celebi|404\/404
|move|p2a: SUPPORTER|Wish|p2a: SUPPORTER
|
|turn|14
|
|move|p2a: SUPPORTER|Protect|p2a: SUPPORTER
|-singleturn|p2a: SUPPORTER|Protect
|move|p1a: Celebi|Heal Bell|p1a: Celebi
|-cureteam|p1a: Celebi|[from] move: HealBell
|
|turn|15
|
|switch|p1a: Drapion|Drapion, M|301\/344
|move|p2a: SUPPORTER|Wish|p2a: SUPPORTER
|
|turn|16
|
|move|p1a: Drapion|Knock Off|p2a: SUPPORTER
|-resisted|p2a: SUPPORTER
|-damage|p2a: SUPPORTER|328\/394
|-enditem|p2a: SUPPORTER|Leftovers|[from] move: Knock Off|[of] p1a: Drapion
|move|p2a: SUPPORTER|Foul Play|p1a: Drapion
|-resisted|p1a: Drapion
|-damage|p1a: Drapion|232\/344
|
|-heal|p2a: SUPPORTER|394\/394|[from] move: Wish|[wisher] SUPPORTER
|turn|17
|
|move|p1a: Drapion|Poison Jab|p2a: SUPPORTER
|-damage|p2a: SUPPORTER|289\/394
|move|p2a: SUPPORTER|Wish|p2a: SUPPORTER
|
|turn|18
|
|switch|p2a: STEEL|Hippowdon, M|420\/420
|-weather|Sandstorm
|move|p1a: Drapion|Poison Jab|p2a: STEEL
|-resisted|p2a: STEEL
|-damage|p2a: STEEL|384\/420
|
|-weather|Sandstorm|[upkeep]
|-damage|p1a: Drapion|211\/344|[from] sandstorm
|-heal|p2a: STEEL|420\/420|[from] move: Wish|[wisher] SUPPORTER
|turn|19
|
|switch|p1a: Celebi|Celebi|404\/404
|move|p2a: STEEL|Stockpile|p2a: STEEL
|-start|p2a: STEEL|stockpile1
|-boost|p2a: STEEL|def|1
|-boost|p2a: STEEL|spd|1
|
|-weather|Sandstorm|[upkeep]
|-damage|p1a: Celebi|379\/404|[from] sandstorm
|turn|20
|chat|siegberto|bb
|-message|siegberto forfeited.
|
|win|HELLKNIGHT
|raw|Ladder updating...
|leave|siegberto
|player|p1