|join|siegberto
|join|ATestTeam
|player|p1|siegberto|282
|player|p2|ATestTeam|222
|gametype|singles
|gen|6
|tier|UU
|rated
|rule|Sleep Clause Mod: Limit one foe put to sleep
|rule|Species Clause: Limit one of each Pokemon
|rule|OHKO Clause: OHKO moves are banned
|rule|Moody Clause: Moody is banned
|rule|Evasion Moves Clause: Evasion moves are banned
|rule|Endless Battle Clause: Forcing endless battles is banned.
|rule|HP Percentage Mod: HP is reported as percentages
|clearpoke
|poke|p1|Absol, F
|poke|p1|Starmie
|poke|p1|Slowbro, M
|poke|p1|Machamp, M
|poke|p1|Darmanitan, M
|poke|p1|Celebi
|poke|p2|Nidoqueen, F
|poke|p2|Forretress, M
|poke|p2|Blastoise, M
|poke|p2|Krookodile, M
|poke|p2|Galvantula, M, shiny
|poke|p2|Rotom-Heat
|teampreview
|chat|ATestTeam|good luck
|chat|siegberto|u2
|
|start
|switch|p1a: Darmanitan|Darmanitan, M|351\/351
|switch|p2a: Princess Toadstool|Nidoqueen, F|384\/384
|turn|1
|
|move|p1a: Darmanitan|U-turn|p2a: Princess Toadstool
|-resisted|p2a: Princess Toadstool
|-damage|p2a: Princess Toadstool|336\/384
|
|switch|p1a: Starmie|Starmie|261\/261
|move|p2a: Princess Toadstool|Rock Slide|p1a: Starmie
|-damage|p1a: Starmie|108\/261
|
|turn|2
|
|switch|p1a: Machamp|Machamp, M|321\/321
|move|p2a: Princess Toadstool|Sucker Punch|p1a: Machamp
|-fail|p1a: Machamp
|
|turn|3
|
|switch|p2a: Doopliss|Rotom-Heat|304\/304
|move|p1a: Machamp|Knock Off|p2a: Doopliss
|-crit|p2a: Doopliss
|-damage|p2a: Doopliss|88\/304
|-enditem|p2a: Doopliss|Choice Specs|[from] move: Knock Off|[of] p1a: Machamp
|
|turn|4
|
|move|p2a: Doopliss|Overheat|p1a: Machamp
|-damage|p1a: Machamp|71\/321
|-unboost|p2a: Doopliss|spa|2
|move|p1a: Machamp|Knock Off|p2a: Doopliss
|-damage|p2a: Doopliss|0 fnt
|faint|p2a: Doopliss
|
|
|switch|p2a: Gohma|Galvantula, M, shiny|281\/281
|turn|5
|
|move|p2a: Gohma|Volt Switch|p1a: Machamp
|-damage|p1a: Machamp|0 fnt
|faint|p1a: Machamp
|
|switch|p2a: Princess Toadstool|Nidoqueen, F|336\/384
|
|
|switch|p1a: Slowbro|Slowbro, M|394\/394
|turn|6
|
|switch|p2a: King Koopa|Blastoise, M|362\/362
|move|p1a: Slowbro|Psyshock|p2a: King Koopa
|-damage|p2a: King Koopa|263\/362
|
|turn|7
|
|switch|p1a: Absol|Absol, F|271\/271
|detailschange|p2a: King Koopa|Blastoise-Mega, M
|message|Blastoise has Mega Evolved into Mega Blastoise!
|move|p2a: King Koopa|Dark Pulse|p1a: Absol
|-resisted|p1a: Absol
|-damage|p1a: Absol|175\/271
|-boost|p1a: Absol|atk|1|[from] ability: Justified
|
|turn|8
|
|detailschange|p1a: Absol|Absol-Mega, F
|message|Absol has Mega Evolved into Mega Absol!
|move|p1a: Absol|Sucker Punch|p2a: King Koopa
|-damage|p2a: King Koopa|65\/362
|move|p2a: King Koopa|Aura Sphere|p1a: Absol
|-supereffective|p1a: Absol
|-damage|p1a: Absol|0 fnt
|faint|p1a: Absol
|
|
|switch|p1a: Darmanitan|Darmanitan, M|351\/351
|turn|9
|
|switch|p2a: King K.rool|Krookodile, M|331\/331
|move|p1a: Darmanitan|Earthquake|p2a: King K.rool
|-damage|p2a: King K.rool|189\/331
|
|turn|10
|
|switch|p1a: Slowbro|Slowbro, M|394\/394
|move|p2a: King K.rool|Earthquake|p1a: Slowbro
|-damage|p1a: Slowbro|264\/394
|
|turn|11
|
|move|p2a: King K.rool|Knock Off|p1a: Slowbro
|-supereffective|p1a: Slowbro
|-damage|p1a: Slowbro|10\/394
|-damage|p2a: King K.rool|134\/331|[from] item: Rocky Helmet|[of] p1a: Slowbro
|-enditem|p1a: Slowbro|Rocky Helmet|[from] move: Knock Off|[of] p2a: King K.rool
|move|p1a: Slowbro|Psyshock|p2a: King K.rool
|-immune|p2a: King K.rool|[msg]
|
|turn|12
|
|move|p2a: King K.rool|Knock Off|p1a: Slowbro
|-supereffective|p1a: Slowbro
|-damage|p1a: Slowbro|0 fnt
|faint|p1a: Slowbro
|-boost|p2a: King K.rool|atk|1|[from] ability: Moxie
|
|
|switch|p1a: Darmanitan|Darmanitan, M|351\/351
|turn|13
|
|move|p1a: Darmanitan|Flare Blitz|p2a: King K.rool
|-damage|p2a: King K.rool|0 fnt
|-damage|p1a: Darmanitan|307\/351|[from] recoil|[of] p2a: King K.rool
|faint|p2a: King K.rool
|
|chat|siegberto|av? :o
|chat|ATestTeam|what?
|chat|siegberto|item of krook
|chat|ATestTeam|assualt
|chat|siegberto|yop that av assault vest ^^
|chat|ATestTeam|crap um....
|
|switch|p2a: Toad|Forretress, M|354\/354
|turn|14
|
|switch|p1a: Celebi|Celebi|404\/404
|move|p2a: Toad|Volt Switch|p1a: Celebi
|-resisted|p1a: Celebi
|-damage|p1a: Celebi|391\/404
|
|switch|p2a: Gohma|Galvantula, M, shiny|281\/281
|
|-heal|p1a: Celebi|404\/404|[from] item: Leftovers
|turn|15
|
|move|p2a: Gohma|Bug Buzz|p1a: Celebi
|-crit|p1a: Celebi
|-supereffective|p1a: Celebi
|-damage|p1a: Celebi|0 fnt
|faint|p1a: Celebi
|
|
|switch|p1a: Darmanitan|Darmanitan, M|307\/351
|turn|16
|
|move|p1a: Darmanitan|Flare Blitz|p2a: Gohma
|-supereffective|p2a: Gohma
|-enditem|p2a: Gohma|Focus Sash
|-damage|p2a: Gohma|1\/281
|-damage|p1a: Darmanitan|215\/351|[from] recoil|[of] p2a: Gohma
|move|p2a: Gohma|Thunder|p1a: Darmanitan
|-crit|p1a: Darmanitan
|-damage|p1a: Darmanitan|0 fnt
|faint|p1a: Darmanitan
|
|chat|ATestTeam|you played well :)
|
|switch|p1a: Starmie|Starmie|108\/261
|turn|17
|chat|siegberto|yeah but a few overpredictions
|chat|siegberto|gg
|
|move|p2a: Gohma|Volt Switch|p1a: Starmie
|-supereffective|p1a: Starmie
|-damage|p1a: Starmie|0 fnt
|faint|p1a: Starmie
|
|win|ATestTeam
|raw|Ladder updating...
|raw|siegberto's rating: 1356 &rarr; <strong>1323<\/strong><br \/>(-33 for losing)
|raw|ATestTeam's rating: 1112 &rarr; <strong>1152<\/strong><br \/>(+40 for winning)
|chat|ATestTeam|gg
|leave|siegberto
|player|p1