|join|The leprechaun
|join|siegberto
|player|p1|The leprechaun|253
|player|p2|siegberto|282
|gametype|singles
|gen|6
|tier|UU
|rated
|clearpoke
|poke|p1|Rhyperior, M
|poke|p1|Celebi
|poke|p1|Blastoise, F
|poke|p1|Raikou
|poke|p1|Metagross
|poke|p1|Heracross, M
|poke|p2|Aggron, M
|poke|p2|Tentacruel, F
|poke|p2|Rotom-Heat
|poke|p2|Roserade, F
|poke|p2|Zygarde
|poke|p2|Electivire, M
|rule|Sleep Clause Mod: Limit one foe put to sleep
|rule|Species Clause: Limit one of each Pokemon
|rule|OHKO Clause: OHKO moves are banned
|rule|Moody Clause: Moody is banned
|rule|Evasion Moves Clause: Evasion moves are banned
|rule|Endless Battle Clause: Forcing endless battles is banned.
|rule|HP Percentage Mod: HP is reported as percentages
|teampreview
|chat|The leprechaun|hf man
|chat|siegberto|hf ^^
|
|start
|switch|p1a: Rhyperior|Rhyperior, M|434\/434
|switch|p2a: Roserade|Roserade, F|261\/261
|turn|1
|
|switch|p1a: Metagross|Metagross|301\/301
|move|p2a: Roserade|Sludge Bomb|p1a: Metagross
|-immune|p1a: Metagross|[msg]
|
|turn|2
|
|switch|p2a: Rotom-Heat|Rotom-Heat|304\/304
|move|p1a: Metagross|Bullet Punch|p2a: Rotom-Heat
|-resisted|p2a: Rotom-Heat
|-damage|p2a: Rotom-Heat|283\/304
|
|-heal|p2a: Rotom-Heat|302\/304|[from] item: Leftovers
|turn|3
|
|switch|p1a: Rhyperior|Rhyperior, M|434\/434
|move|p2a: Rotom-Heat|Will-O-Wisp|p1a: Rhyperior
|-status|p1a: Rhyperior|brn
|
|-heal|p2a: Rotom-Heat|304\/304|[from] item: Leftovers
|-damage|p1a: Rhyperior|380\/434 brn|[from] brn
|turn|4
|
|switch|p2a: Zygarde|Zygarde|420\/420
|-ability|p2a: Zygarde|Aura Break
|move|p1a: Rhyperior|Stealth Rock|p2a: Zygarde
|-sidestart|p2: siegberto|move: Stealth Rock
|
|-heal|p1a: Rhyperior|407\/434 brn|[from] item: Leftovers
|-damage|p1a: Rhyperior|353\/434 brn|[from] brn
|turn|5
|
|switch|p1a: Celebi|Celebi|404\/404
|move|p2a: Zygarde|Dragon Dance|p2a: Zygarde
|-boost|p2a: Zygarde|atk|1
|-boost|p2a: Zygarde|spe|1
|
|turn|6
|
|move|p2a: Zygarde|Outrage|p1a: Celebi
|-damage|p1a: Celebi|86\/404
|move|p1a: Celebi|Perish Song|p1a: Celebi
|-fieldactivate|move: Perish Song
|
|-start|p2a: Zygarde|perish3
|-start|p1a: Celebi|perish3
|-heal|p1a: Celebi|111\/404|[from] item: Leftovers
|turn|7
|
|switch|p1a: Metagross|Metagross|301\/301
|move|p2a: Zygarde|Outrage|p1a: Metagross
|-resisted|p1a: Metagross
|-damage|p1a: Metagross|179\/301
|
|-start|p2a: Zygarde|perish2
|-end|p2a: Zygarde|rampage
|-start|p2a: Zygarde|confusion
|turn|8
|
|switch|p2a: Rotom-Heat|Rotom-Heat|304\/304
|-damage|p2a: Rotom-Heat|228\/304|[from] Stealth Rock
|move|p1a: Metagross|Meteor Mash|p2a: Rotom-Heat
|-resisted|p2a: Rotom-Heat
|-damage|p2a: Rotom-Heat|183\/304
|
|-heal|p2a: Rotom-Heat|202\/304|[from] item: Leftovers
|turn|9
|
|switch|p1a: Rhyperior|Rhyperior, M|353\/434 brn
|move|p2a: Rotom-Heat|Pain Split|p1a: Rhyperior
|-sethp|p1a: Rhyperior|277\/434 brn|p2a: Rotom-Heat|277\/304|[from] move: Pain Split
|
|-heal|p2a: Rotom-Heat|296\/304|[from] item: Leftovers
|-heal|p1a: Rhyperior|304\/434 brn|[from] item: Leftovers
|-damage|p1a: Rhyperior|250\/434 brn|[from] brn
|turn|10
|
|switch|p2a: Zygarde|Zygarde|420\/420
|-damage|p2a: Zygarde|394\/420|[from] Stealth Rock
|-ability|p2a: Zygarde|Aura Break
|switch|p1a: Blastoise|Blastoise, F|308\/308
|
|-heal|p2a: Zygarde|420\/420|[from] item: Leftovers
|turn|11
|
|switch|p2a: Tentacruel|Tentacruel, F|364\/364
|-damage|p2a: Tentacruel|319\/364|[from] Stealth Rock
|-formechange|p1a: Blastoise|Blastoise-Mega
|message|Blastoise has Mega Evolved into Mega Blastoise!
|move|p1a: Blastoise|Ice Beam|p2a: Tentacruel
|-resisted|p2a: Tentacruel
|-damage|p2a: Tentacruel|288\/364
|
|turn|12
|
|move|p1a: Blastoise|Dark Pulse|p2a: Tentacruel
|-damage|p2a: Tentacruel|199\/364
|cant|p2a: Tentacruel|flinch
|
|turn|13
|
|move|p1a: Blastoise|Dark Pulse|p2a: Tentacruel
|-damage|p2a: Tentacruel|101\/364
|cant|p2a: Tentacruel|flinch
|
|turn|14
|
|move|p1a: Blastoise|Dark Pulse|p2a: Tentacruel
|-damage|p2a: Tentacruel|14\/364
|move|p2a: Tentacruel|Rapid Spin|p1a: Blastoise
|-damage|p1a: Blastoise|299\/308
|-sideend|p2: siegberto|Stealth Rock|[from] move: Rapid Spin|[of] p2a: Tentacruel
|
|turn|15
|
|move|p1a: Blastoise|Ice Beam|p2a: Tentacruel
|-resisted|p2a: Tentacruel
|-damage|p2a: Tentacruel|0 fnt
|faint|p2a: Tentacruel
|
|
|switch|p2a: Electivire|Electivire, M|292\/292
|turn|16
|
|switch|p1a: Rhyperior|Rhyperior, M|250\/434 brn
|move|p2a: Electivire|Cross Chop|p1a: Rhyperior
|-supereffective|p1a: Rhyperior
|-damage|p1a: Rhyperior|109\/434 brn
|
|-heal|p1a: Rhyperior|136\/434 brn|[from] item: Leftovers
|-damage|p1a: Rhyperior|82\/434 brn|[from] brn
|turn|17
|
|move|p2a: Electivire|Cross Chop|p1a: Rhyperior
|-supereffective|p1a: Rhyperior
|-damage|p1a: Rhyperior|0 fnt
|faint|p1a: Rhyperior
|
|
|switch|p1a: Heracross|Heracross, M|302\/302
|turn|18
|
|switch|p2a: Rotom-Heat|Rotom-Heat|296\/304
|move|p1a: Heracross|Close Combat|p2a: Rotom-Heat
|-damage|p2a: Rotom-Heat|101\/304
|-unboost|p1a: Heracross|def|1
|-unboost|p1a: Heracross|spd|1
|
|-heal|p2a: Rotom-Heat|120\/304|[from] item: Leftovers
|turn|19
|
|switch|p2a: Zygarde|Zygarde|420\/420
|-ability|p2a: Zygarde|Aura Break
|move|p1a: Heracross|Close Combat|p2a: Zygarde
|-damage|p2a: Zygarde|245\/420
|-unboost|p1a: Heracross|def|1
|-unboost|p1a: Heracross|spd|1
|
|-heal|p2a: Zygarde|271\/420|[from] item: Leftovers
|turn|20
|
|switch|p1a: Blastoise|Blastoise, F|299\/308
|-formechange|p1a: Blastoise|Blastoise-Mega
|move|p2a: Zygarde|Earthquake|p1a: Blastoise
|-damage|p1a: Blastoise|169\/308
|
|-heal|p2a: Zygarde|297\/420|[from] item: Leftovers
|turn|21
|
|switch|p1a: Metagross|Metagross|179\/301
|switch|p2a: Electivire|Electivire, M|292\/292
|
|turn|22
|
|switch|p2a: Rotom-Heat|Rotom-Heat|120\/304
|move|p1a: Metagross|Earthquake|p2a: Rotom-Heat
|-immune|p2a: Rotom-Heat|[msg]
|
|-heal|p2a: Rotom-Heat|139\/304|[from] item: Leftovers
|turn|23
|
|switch|p1a: Celebi|Celebi|111\/404
|move|p2a: Rotom-Heat|Volt Switch|p1a: Celebi
|-resisted|p1a: Celebi
|-damage|p1a: Celebi|70\/404
|
|switch|p2a: Electivire|Electivire, M|292\/292
|
|-heal|p1a: Celebi|95\/404|[from] item: Leftovers
|turn|24
|
|move|p2a: Electivire|Wild Charge|p1a: Celebi
|-resisted|p1a: Celebi
|-damage|p1a: Celebi|17\/404
|-damage|p2a: Electivire|272\/292|[from] recoil|[of] p1a: Celebi
|move|p1a: Celebi|Recover|p1a: Celebi
|-heal|p1a: Celebi|219\/404
|
|-heal|p1a: Celebi|244\/404|[from] item: Leftovers
|turn|25
|
|switch|p2a: Roserade|Roserade, F|261\/261
|move|p1a: Celebi|Giga Drain|p2a: Roserade
|-resisted|p2a: Roserade
|-damage|p2a: Roserade|241\/261
|-heal|p1a: Celebi|254\/404|[from] drain|[of] p2a: Roserade
|
|-heal|p1a: Celebi|279\/404|[from] item: Leftovers
|turn|26
|
|switch|p1a: Metagross|Metagross|179\/301
|move|p2a: Roserade|Leaf Storm|p1a: Metagross|[miss]
|-miss|p2a: Roserade|p1a: Metagross
|
|turn|27
|
|move|p1a: Metagross|Pursuit|p2a: Roserade|[from]Pursuit
|-crit|p2a: Roserade
|-damage|p2a: Roserade|25\/261
|switch|p2a: Rotom-Heat|Rotom-Heat|139\/304
|
|-heal|p2a: Rotom-Heat|158\/304|[from] item: Leftovers
|turn|28
|
|switch|p1a: Celebi|Celebi|279\/404
|move|p2a: Rotom-Heat|Overheat|p1a: Celebi
|-supereffective|p1a: Celebi
|-damage|p1a: Celebi|0 fnt
|-unboost|p2a: Rotom-Heat|spa|2
|faint|p1a: Celebi
|
|-heal|p2a: Rotom-Heat|177\/304|[from] item: Leftovers
|
|switch|p1a: Raikou|Raikou|321\/321
|-ability|p1a: Raikou|Pressure
|turn|29
|
|move|p1a: Raikou|Substitute|p1a: Raikou
|-start|p1a: Raikou|Substitute
|-damage|p1a: Raikou|241\/321
|move|p2a: Rotom-Heat|Pain Split|p1a: Raikou
|
|-heal|p1a: Raikou|261\/321|[from] item: Leftovers
|-heal|p2a: Rotom-Heat|196\/304|[from] item: Leftovers
|turn|30
|
|switch|p2a: Aggron|Aggron, M|344\/344
|move|p1a: Raikou|Calm Mind|p1a: Raikou
|-boost|p1a: Raikou|spa|1
|-boost|p1a: Raikou|spd|1
|
|-heal|p1a: Raikou|281\/321|[from] item: Leftovers
|turn|31
|
|-formechange|p2a: Aggron|Aggron-Mega
|message|Aggron has Mega Evolved into Mega Aggron!
|move|p1a: Raikou|Thunderbolt|p2a: Aggron
|-damage|p2a: Aggron|64\/344
|move|p2a: Aggron|Earthquake|p1a: Raikou
|-supereffective|p1a: Raikou
|-end|p1a: Raikou|Substitute
|
|-heal|p1a: Raikou|301\/321|[from] item: Leftovers
|turn|32
|
|switch|p2a: Electivire|Electivire, M|272\/292
|move|p1a: Raikou|Thunderbolt|p2a: Electivire
|-boost|p2a: Electivire|spe|1|[from] ability: Motor Drive
|
|-heal|p1a: Raikou|321\/321|[from] item: Leftovers
|turn|33
|
|switch|p1a: Heracross|Heracross, M|302\/302
|move|p2a: Electivire|Ice Punch|p1a: Heracross
|-damage|p1a: Heracross|187\/302
|-status|p1a: Heracross|frz
|
|turn|34
|
|move|p2a: Electivire|Ice Punch|p1a: Heracross
|-damage|p1a: Heracross|59\/302 frz
|cant|p1a: Heracross|frz
|
|turn|35
|
|switch|p1a: Blastoise|Blastoise, F|169\/308
|-formechange|p1a: Blastoise|Blastoise-Mega
|move|p2a: Electivire|Ice Punch|p1a: Blastoise
|-resisted|p1a: Blastoise
|-damage|p1a: Blastoise|132\/308
|
|turn|36
|
|switch|p2a: Aggron|Aggron, M|64\/344
|-formechange|p2a: Aggron|Aggron-Mega
|move|p1a: Blastoise|Hydro Pump|p2a: Aggron
|-damage|p2a: Aggron|0 fnt
|faint|p2a: Aggron
|
|
|switch|p2a: Roserade|Roserade, F|25\/261
|turn|37
|
|switch|p1a: Heracross|Heracross, M|59\/302 frz
|move|p2a: Roserade|Giga Drain|p1a: Heracross
|-resisted|p1a: Heracross
|-damage|p1a: Heracross|0 fnt
|-heal|p2a: Roserade|55\/261|[from] drain|[of] p1a: Heracross
|faint|p1a: Heracross
|
|
|switch|p1a: Raikou|Raikou|321\/321
|-ability|p1a: Raikou|Pressure
|turn|38
|
|move|p1a: Raikou|Hidden Power|p2a: Roserade
|-supereffective|p2a: Roserade
|-damage|p2a: Roserade|0 fnt
|faint|p2a: Roserade
|
|
|switch|p2a: Electivire|Electivire, M|272\/292
|turn|39
|
|switch|p1a: Blastoise|Blastoise, F|132\/308
|-formechange|p1a: Blastoise|Blastoise-Mega
|move|p2a: Electivire|Cross Chop|p1a: Blastoise|[miss]
|-miss|p2a: Electivire|p1a: Blastoise
|
|turn|40
|
|move|p2a: Electivire|Cross Chop|p1a: Blastoise
|-damage|p1a: Blastoise|33\/308
|move|p1a: Blastoise|Hydro Pump|p2a: Electivire
|-damage|p2a: Electivire|20\/292
|
|turn|41
|
|move|p2a: Electivire|Cross Chop|p1a: Blastoise
|-damage|p1a: Blastoise|0 fnt
|faint|p1a: Blastoise
|
|
|switch|p1a: Metagross|Metagross|179\/301
|turn|42
|
|move|p2a: Electivire|Cross Chop|p1a: Metagross
|-damage|p1a: Metagross|86\/301
|move|p1a: Metagross|Pursuit|p2a: Electivire
|-damage|p2a: Electivire|0 fnt
|faint|p2a: Electivire
|
|
|switch|p2a: Rotom-Heat|Rotom-Heat|196\/304
|turn|43
|
|move|p2a: Rotom-Heat|Will-O-Wisp|p1a: Metagross
|-status|p1a: Metagross|brn
|move|p1a: Metagross|Meteor Mash|p2a: Rotom-Heat
|-crit|p2a: Rotom-Heat
|-resisted|p2a: Rotom-Heat
|-damage|p2a: Rotom-Heat|163\/304
|-boost|p1a: Metagross|atk|1
|
|-heal|p2a: Rotom-Heat|182\/304|[from] item: Leftovers
|-damage|p1a: Metagross|49\/301 brn|[from] brn
|turn|44
|
|switch|p1a: Raikou|Raikou|321\/321
|-ability|p1a: Raikou|Pressure
|move|p2a: Rotom-Heat|Volt Switch|p1a: Raikou
|-resisted|p1a: Raikou
|-damage|p1a: Raikou|261\/321
|
|switch|p2a: Zygarde|Zygarde|297\/420
|-ability|p2a: Zygarde|Aura Break
|
|-heal|p1a: Raikou|281\/321|[from] item: Leftovers
|-heal|p2a: Zygarde|323\/420|[from] item: Leftovers
|turn|45
|
|switch|p2a: Rotom-Heat|Rotom-Heat|182\/304
|move|p1a: Raikou|Hidden Power|p2a: Rotom-Heat
|-resisted|p2a: Rotom-Heat
|-damage|p2a: Rotom-Heat|151\/304
|
|-heal|p1a: Raikou|301\/321|[from] item: Leftovers
|-heal|p2a: Rotom-Heat|170\/304|[from] item: Leftovers
|turn|46
|
|move|p1a: Raikou|Substitute|p1a: Raikou
|-start|p1a: Raikou|Substitute
|-damage|p1a: Raikou|221\/321
|move|p2a: Rotom-Heat|Pain Split|p1a: Raikou
|
|-heal|p1a: Raikou|241\/321|[from] item: Leftovers
|-heal|p2a: Rotom-Heat|189\/304|[from] item: Leftovers
|turn|47
|
|move|p1a: Raikou|Calm Mind|p1a: Raikou
|-boost|p1a: Raikou|spa|1
|-boost|p1a: Raikou|spd|1
|move|p2a: Rotom-Heat|Overheat|p1a: Raikou
|-end|p1a: Raikou|Substitute
|-unboost|p2a: Rotom-Heat|spa|2
|
|-heal|p1a: Raikou|261\/321|[from] item: Leftovers
|-heal|p2a: Rotom-Heat|208\/304|[from] item: Leftovers
|turn|48
|
|move|p1a: Raikou|Substitute|p1a: Raikou
|-start|p1a: Raikou|Substitute
|-damage|p1a: Raikou|181\/321
|move|p2a: Rotom-Heat|Volt Switch|p1a: Raikou
|-resisted|p1a: Raikou
|-activate|p1a: Raikou|Substitute|[damage]
|chat|siegberto|gg
|
|switch|p2a: Zygarde|Zygarde|323\/420
|-ability|p2a: Zygarde|Aura Break
|
|-heal|p1a: Raikou|201\/321|[from] item: Leftovers
|-heal|p2a: Zygarde|349\/420|[from] item: Leftovers
|turn|49
|chat|The leprechaun|gg
|
|move|p1a: Raikou|Hidden Power|p2a: Zygarde
|-supereffective|p2a: Zygarde
|-damage|p2a: Zygarde|0 fnt
|faint|p2a: Zygarde
|
|-heal|p1a: Raikou|221\/321|[from] item: Leftovers
|
|switch|p2a: Rotom-Heat|Rotom-Heat|208\/304
|turn|50
|
|move|p1a: Raikou|Calm Mind|p1a: Raikou
|-boost|p1a: Raikou|spa|1
|-boost|p1a: Raikou|spd|1
|move|p2a: Rotom-Heat|Overheat|p1a: Raikou
|-end|p1a: Raikou|Substitute
|-unboost|p2a: Rotom-Heat|spa|2
|
|-heal|p1a: Raikou|241\/321|[from] item: Leftovers
|-heal|p2a: Rotom-Heat|227\/304|[from] item: Leftovers
|turn|51
|
|move|p1a: Raikou|Substitute|p1a: Raikou
|-start|p1a: Raikou|Substitute
|-damage|p1a: Raikou|161\/321
|move|p2a: Rotom-Heat|Will-O-Wisp|p1a: Raikou
|
|-heal|p1a: Raikou|181\/321|[from] item: Leftovers
|-heal|p2a: Rotom-Heat|246\/304|[from] item: Leftovers
|turn|52
|
|move|p1a: Raikou|Thunderbolt|p2a: Rotom-Heat
|-resisted|p2a: Rotom-Heat
|-damage|p2a: Rotom-Heat|98\/304
|move|p2a: Rotom-Heat|Overheat|p1a: Raikou
|-activate|p1a: Raikou|Substitute|[damage]
|-unboost|p2a: Rotom-Heat|spa|2
|
|-heal|p1a: Raikou|201\/321|[from] item: Leftovers
|-heal|p2a: Rotom-Heat|117\/304|[from] item: Leftovers
|turn|53
|
|move|p1a: Raikou|Thunderbolt|p2a: Rotom-Heat
|-resisted|p2a: Rotom-Heat
|-damage|p2a: Rotom-Heat|0 fnt
|faint|p2a: Rotom-Heat
|
|win|The leprechaun
|raw|Ladder updating...
|raw|The leprechaun's rating: 1428 &rarr; <strong>1444<\/strong><br \/>(+16 for winning)
|raw|siegberto's rating: 1366 &rarr; <strong>1350<\/strong><br \/>(-16 for losing)
|leave|siegberto
|player|p2