|join|Johnny Guitar
|join|siegberto
|player|p1|Johnny Guitar|284
|player|p2|siegberto|282
|gametype|singles
|gen|6
|tier|UU
|rated
|rule|Sleep Clause Mod: Limit one foe put to sleep
|rule|Species Clause: Limit one of each Pokemon
|rule|OHKO Clause: OHKO moves are banned
|rule|Moody Clause: Moody is banned
|rule|Evasion Moves Clause: Evasion moves are banned
|rule|Endless Battle Clause: Forcing endless battles is banned.
|rule|HP Percentage Mod: HP is reported as percentages
|clearpoke
|poke|p1|Slowbro, M
|poke|p1|Aromatisse, M
|poke|p1|Roserade, F
|poke|p1|Escavalier, F
|poke|p1|Aerodactyl, F
|poke|p1|Hippowdon, F
|poke|p2|Durant, M
|poke|p2|Umbreon, F
|poke|p2|Muk, M
|poke|p2|Gligar, M
|poke|p2|Blastoise, M
|poke|p2|Victini
|teampreview
|
|start
|switch|p1a: Hippowdon|Hippowdon, F|417\/417
|switch|p2a: Blastoise|Blastoise, M|362\/362
|-weather|Sandstorm
|turn|1
|
|switch|p2a: Victini|Victini|341\/341
|switch|p1a: Roserade|Roserade, F|323\/323
|
|-weather|Sandstorm|[upkeep]
|-damage|p2a: Victini|320\/341|[from] sandstorm
|-damage|p1a: Roserade|303\/323|[from] sandstorm
|-heal|p1a: Roserade|323\/323|[from] item: Black Sludge
|turn|2
|
|switch|p1a: Hippowdon|Hippowdon, F|417\/417
|move|p2a: Victini|U-turn|p1a: Hippowdon
|-damage|p1a: Hippowdon|357\/417
|
|switch|p2a: Blastoise|Blastoise, M|362\/362
|
|-weather|Sandstorm|[upkeep]
|-damage|p2a: Blastoise|340\/362|[from] sandstorm
|-heal|p1a: Hippowdon|383\/417|[from] item: Leftovers
|turn|3
|
|switch|p1a: Slowbro|Slowbro, M|391\/391
|-formechange|p2a: Blastoise|Blastoise-Mega
|message|Blastoise has Mega Evolved into Mega Blastoise!
|move|p2a: Blastoise|Scald|p1a: Slowbro
|-resisted|p1a: Slowbro
|-damage|p1a: Slowbro|290\/391
|-status|p1a: Slowbro|brn
|
|-weather|Sandstorm|[upkeep]
|-damage|p2a: Blastoise|318\/362|[from] sandstorm
|-damage|p1a: Slowbro|266\/391 brn|[from] sandstorm
|-heal|p1a: Slowbro|290\/391 brn|[from] item: Leftovers
|-damage|p1a: Slowbro|242\/391 brn|[from] brn
|turn|4
|
|switch|p1a: Roserade|Roserade, F|323\/323
|move|p2a: Blastoise|Dark Pulse|p1a: Roserade
|-damage|p1a: Roserade|215\/323
|
|-weather|Sandstorm|[upkeep]
|-damage|p1a: Roserade|195\/323|[from] sandstorm
|-damage|p2a: Blastoise|296\/362|[from] sandstorm
|-heal|p1a: Roserade|215\/323|[from] item: Black Sludge
|turn|5
|
|switch|p2a: Duracell|Durant, M|258\/258
|move|p1a: Roserade|Leech Seed|p2a: Duracell
|-start|p2a: Duracell|move: Leech Seed
|
|-weather|none
|-heal|p1a: Roserade|235\/323|[from] item: Black Sludge
|-damage|p2a: Duracell|226\/258|[from] Leech Seed|[of] p1a: Roserade
|-heal|p1a: Roserade|267\/323|[silent]
|turn|6
|
|switch|p1a: Hippowdon|Hippowdon, F|383\/417
|-weather|Sandstorm
|move|p2a: Duracell|X-Scissor|p1a: Hippowdon
|-damage|p1a: Hippowdon|217\/417
|
|-weather|Sandstorm|[upkeep]
|-heal|p1a: Hippowdon|243\/417|[from] item: Leftovers
|-damage|p2a: Duracell|194\/258|[from] Leech Seed|[of] p1a: Hippowdon
|-heal|p1a: Hippowdon|275\/417|[silent]
|turn|7
|
|switch|p2a: Gligarswagster|Gligar, M|334\/334
|move|p1a: Hippowdon|Slack Off|p1a: Hippowdon
|-heal|p1a: Hippowdon|417\/417
|
|-weather|Sandstorm|[upkeep]
|turn|8
|
|switch|p1a: Aerodactyl|Aerodactyl, F|363\/363
|-ability|p1a: Aerodactyl|Pressure
|move|p2a: Gligarswagster|Taunt|p1a: Aerodactyl
|-start|p1a: Aerodactyl|move: Taunt
|
|-weather|Sandstorm|[upkeep]
|turn|9
|
|switch|p2a: Duracell|Durant, M|194\/258
|-formechange|p1a: Aerodactyl|Aerodactyl-Mega
|message|Aerodactyl has Mega Evolved into Mega Aerodactyl!
|move|p1a: Aerodactyl|Aqua Tail|p2a: Duracell
|-damage|p2a: Duracell|79\/258
|
|-weather|Sandstorm|[upkeep]
|turn|10
|
|switch|p2a: chiro|Umbreon, F|394\/394
|move|p1a: Aerodactyl|Aerial Ace|p2a: chiro
|-damage|p2a: chiro|285\/394
|
|-weather|none
|-heal|p2a: chiro|309\/394|[from] item: Leftovers
|turn|11
|
|switch|p1a: Aromatisse|Aromatisse, M|405\/405
|move|p2a: chiro|Wish|p2a: chiro
|
|-heal|p2a: chiro|333\/394|[from] item: Leftovers
|turn|12
|
|switch|p2a: Duracell|Durant, M|79\/258
|move|p1a: Aromatisse|Moonblast|p2a: Duracell
|-crit|p2a: Duracell
|-resisted|p2a: Duracell
|-damage|p2a: Duracell|0 fnt
|faint|p2a: Duracell
|
|
|switch|p2a: Oscar|Muk, M|414\/414
|turn|13
|
|switch|p1a: Hippowdon|Hippowdon, F|417\/417
|-weather|Sandstorm
|move|p2a: Oscar|Poison Jab|p1a: Hippowdon
|-resisted|p1a: Hippowdon
|-damage|p1a: Hippowdon|358\/417
|-status|p1a: Hippowdon|psn
|
|-weather|Sandstorm|[upkeep]
|-damage|p2a: Oscar|389\/414|[from] sandstorm
|-heal|p2a: Oscar|414\/414|[from] item: Black Sludge
|-heal|p1a: Hippowdon|384\/417 psn|[from] item: Leftovers
|-damage|p1a: Hippowdon|332\/417 psn|[from] psn
|turn|14
|
|switch|p2a: Gligarswagster|Gligar, M|334\/334
|move|p1a: Hippowdon|Stealth Rock|p2a: Gligarswagster
|-sidestart|p2: siegberto|move: Stealth Rock
|
|-weather|Sandstorm|[upkeep]
|-heal|p1a: Hippowdon|358\/417 psn|[from] item: Leftovers
|-damage|p1a: Hippowdon|306\/417 psn|[from] psn
|turn|15
|
|switch|p1a: Aerodactyl|Aerodactyl, F|363\/363
|-formechange|p1a: Aerodactyl|Aerodactyl-Mega
|move|p2a: Gligarswagster|Knock Off|p1a: Aerodactyl
|-damage|p1a: Aerodactyl|319\/363
|
|-weather|Sandstorm|[upkeep]
|turn|16
|
|move|p1a: Aerodactyl|Aqua Tail|p2a: Gligarswagster
|-supereffective|p2a: Gligarswagster
|-damage|p2a: Gligarswagster|220\/334
|move|p2a: Gligarswagster|Stealth Rock|p1a: Aerodactyl
|-sidestart|p1: Johnny Guitar|move: Stealth Rock
|
|-weather|Sandstorm|[upkeep]
|turn|17
|
|move|p1a: Aerodactyl|Defog|p2a: Gligarswagster
|-unboost|p2a: Gligarswagster|evasion|1
|-sideend|p2: siegberto|Stealth Rock|[from] move: Defog|[of] p2a: Gligarswagster
|-sideend|p1: Johnny Guitar|Stealth Rock|[from] move: Defog|[of] p1a: Aerodactyl
|move|p2a: Gligarswagster|Roost|p2a: Gligarswagster
|-heal|p2a: Gligarswagster|334\/334
|
|-weather|none
|turn|18
|
|switch|p1a: Aromatisse|Aromatisse, M|405\/405
|move|p2a: Gligarswagster|Taunt|p1a: Aromatisse
|-fail|p1a: Aromatisse
|
|turn|19
|
|move|p2a: Gligarswagster|Knock Off|p1a: Aromatisse
|-resisted|p1a: Aromatisse
|-damage|p1a: Aromatisse|383\/405
|-enditem|p1a: Aromatisse|Leftovers|[from] move: Knock Off|[of] p2a: Gligarswagster
|move|p1a: Aromatisse|Aromatherapy|p1a: Aromatisse
|-cureteam|p1a: Aromatisse|[from] move: Aromatherapy
|
|turn|20
|
|move|p2a: Gligarswagster|Stealth Rock|p1a: Aromatisse
|-sidestart|p1: Johnny Guitar|move: Stealth Rock
|move|p1a: Aromatisse|Wish|p1a: Aromatisse
|
|turn|21
|
|switch|p2a: Oscar|Muk, M|414\/414
|switch|p1a: Aerodactyl|Aerodactyl, F|319\/363
|-formechange|p1a: Aerodactyl|Aerodactyl-Mega
|-damage|p1a: Aerodactyl|229\/363|[from] Stealth Rock
|
|-heal|p1a: Aerodactyl|363\/363|[from] move: Wish|[wisher] Aromatisse
|turn|22
|
|switch|p1a: Hippowdon|Hippowdon, F|306\/417
|-damage|p1a: Hippowdon|280\/417|[from] Stealth Rock
|-weather|Sandstorm
|move|p2a: Oscar|Thunder Punch|p1a: Hippowdon
|-immune|p1a: Hippowdon|[msg]
|
|-weather|Sandstorm|[upkeep]
|-damage|p2a: Oscar|389\/414|[from] sandstorm
|-heal|p2a: Oscar|414\/414|[from] item: Black Sludge
|-heal|p1a: Hippowdon|306\/417|[from] item: Leftovers
|turn|23
|
|switch|p2a: Blastoise|Blastoise, M|296\/362
|-formechange|p2a: Blastoise|Blastoise-Mega
|move|p1a: Hippowdon|Stealth Rock|p2a: Blastoise
|-sidestart|p2: siegberto|move: Stealth Rock
|
|-weather|Sandstorm|[upkeep]
|-damage|p2a: Blastoise|274\/362|[from] sandstorm
|-heal|p1a: Hippowdon|332\/417|[from] item: Leftovers
|turn|24
|
|switch|p1a: Roserade|Roserade, F|267\/323
|-damage|p1a: Roserade|227\/323|[from] Stealth Rock
|move|p2a: Blastoise|Scald|p1a: Roserade
|-resisted|p1a: Roserade
|-damage|p1a: Roserade|169\/323
|
|-weather|Sandstorm|[upkeep]
|-damage|p1a: Roserade|149\/323|[from] sandstorm
|-damage|p2a: Blastoise|252\/362|[from] sandstorm
|-heal|p1a: Roserade|169\/323|[from] item: Black Sludge
|turn|25
|
|switch|p2a: chiro|Umbreon, F|333\/394
|-damage|p2a: chiro|284\/394|[from] Stealth Rock
|move|p1a: Roserade|Giga Drain|p2a: chiro
|-damage|p2a: chiro|224\/394
|-heal|p1a: Roserade|199\/323|[from] drain|[of] p2a: chiro
|
|-weather|Sandstorm|[upkeep]
|-damage|p1a: Roserade|179\/323|[from] sandstorm
|-damage|p2a: chiro|200\/394|[from] sandstorm
|-heal|p1a: Roserade|199\/323|[from] item: Black Sludge
|-heal|p2a: chiro|224\/394|[from] item: Leftovers
|turn|26
|
|move|p1a: Roserade|Leech Seed|p2a: chiro
|-start|p2a: chiro|move: Leech Seed
|move|p2a: chiro|Wish|p2a: chiro
|
|-weather|none
|-heal|p1a: Roserade|219\/323|[from] item: Black Sludge
|-heal|p2a: chiro|248\/394|[from] item: Leftovers
|-damage|p2a: chiro|199\/394|[from] Leech Seed|[of] p1a: Roserade
|-heal|p1a: Roserade|268\/323|[silent]
|turn|27
|
|switch|p2a: Oscar|Muk, M|414\/414
|-damage|p2a: Oscar|363\/414|[from] Stealth Rock
|move|p1a: Roserade|Toxic Spikes|p2a: Oscar
|-sidestart|p2: siegberto|move: Toxic Spikes
|
|-heal|p2a: Oscar|414\/414|[from] move: Wish|[wisher] chiro
|-heal|p1a: Roserade|288\/323|[from] item: Black Sludge
|turn|28
|
|switch|p1a: Hippowdon|Hippowdon, F|332\/417
|-damage|p1a: Hippowdon|306\/417|[from] Stealth Rock
|-weather|Sandstorm
|move|p2a: Oscar|Curse|p2a: Oscar
|-boost|p2a: Oscar|atk|1
|-boost|p2a: Oscar|def|1
|-unboost|p2a: Oscar|spe|1
|
|-weather|Sandstorm|[upkeep]
|-damage|p2a: Oscar|389\/414|[from] sandstorm
|-heal|p1a: Hippowdon|332\/417|[from] item: Leftovers
|-heal|p2a: Oscar|414\/414|[from] item: Black Sludge
|turn|29
|
|switch|p2a: Gligarswagster|Gligar, M|334\/334
|-damage|p2a: Gligarswagster|293\/334|[from] Stealth Rock
|move|p1a: Hippowdon|Whirlwind|p2a: Gligarswagster
|drag|p2a: Oscar|Muk, M|414\/414
|-damage|p2a: Oscar|363\/414|[from] Stealth Rock
|-sideend|p2: siegberto|move: Toxic Spikes|[of] p2a: Oscar
|
|-weather|Sandstorm|[upkeep]
|-damage|p2a: Oscar|338\/414|[from] sandstorm
|-heal|p2a: Oscar|363\/414|[from] item: Black Sludge
|-heal|p1a: Hippowdon|358\/417|[from] item: Leftovers
|turn|30
|
|switch|p2a: Gligarswagster|Gligar, M|293\/334
|-damage|p2a: Gligarswagster|252\/334|[from] Stealth Rock
|move|p1a: Hippowdon|Earthquake|p2a: Gligarswagster
|-immune|p2a: Gligarswagster|[msg]
|
|-weather|Sandstorm|[upkeep]
|-heal|p1a: Hippowdon|384\/417|[from] item: Leftovers
|turn|31
|
|switch|p1a: Aromatisse|Aromatisse, M|383\/405
|-damage|p1a: Aromatisse|333\/405|[from] Stealth Rock
|move|p2a: Gligarswagster|Taunt|p1a: Aromatisse
|-fail|p1a: Aromatisse
|
|-weather|Sandstorm|[upkeep]
|-damage|p1a: Aromatisse|308\/405|[from] sandstorm
|turn|32
|
|switch|p2a: Oscar|Muk, M|363\/414
|-damage|p2a: Oscar|312\/414|[from] Stealth Rock
|move|p1a: Aromatisse|Wish|p1a: Aromatisse
|
|-weather|none
|-heal|p2a: Oscar|337\/414|[from] item: Black Sludge
|turn|33
|
|switch|p2a: Blastoise|Blastoise, M|252\/362
|-formechange|p2a: Blastoise|Blastoise-Mega
|-damage|p2a: Blastoise|207\/362|[from] Stealth Rock
|switch|p1a: Hippowdon|Hippowdon, F|384\/417
|-damage|p1a: Hippowdon|358\/417|[from] Stealth Rock
|-weather|Sandstorm
|
|-weather|Sandstorm|[upkeep]
|-damage|p2a: Blastoise|185\/362|[from] sandstorm
|-heal|p1a: Hippowdon|417\/417|[from] move: Wish|[wisher] Aromatisse
|turn|34
|
|switch|p1a: Roserade|Roserade, F|288\/323
|-damage|p1a: Roserade|248\/323|[from] Stealth Rock
|move|p2a: Blastoise|Rapid Spin|p1a: Roserade
|-damage|p1a: Roserade|227\/323
|-sideend|p2: siegberto|Stealth Rock|[from] move: Rapid Spin|[of] p2a: Blastoise
|
|-weather|Sandstorm|[upkeep]
|-damage|p1a: Roserade|207\/323|[from] sandstorm
|-damage|p2a: Blastoise|163\/362|[from] sandstorm
|-heal|p1a: Roserade|227\/323|[from] item: Black Sludge
|turn|35
|
|move|p1a: Roserade|Giga Drain|p2a: Blastoise
|-supereffective|p2a: Blastoise
|-damage|p2a: Blastoise|0 fnt
|-heal|p1a: Roserade|309\/323|[from] drain|[of] p2a: Blastoise
|faint|p2a: Blastoise
|
|-weather|Sandstorm|[upkeep]
|-damage|p1a: Roserade|289\/323|[from] sandstorm
|-heal|p1a: Roserade|309\/323|[from] item: Black Sludge
|
|switch|p2a: Victini|Victini|320\/341
|turn|36
|chat|siegberto|idc takes to long
|
|switch|p1a: Slowbro|Slowbro, M|372\/391
|-damage|p1a: Slowbro|324\/391|[from] Stealth Rock
|move|p2a: Victini|V-create|p1a: Slowbro
|-resisted|p1a: Slowbro
|-damage|p1a: Slowbro|240\/391
|-unboost|p2a: Victini|def|1
|-unboost|p2a: Victini|spd|1
|-unboost|p2a: Victini|spe|1
|
|-weather|Sandstorm|[upkeep]
|-damage|p2a: Victini|299\/341|[from] sandstorm
|-damage|p1a: Slowbro|216\/391|[from] sandstorm
|-heal|p1a: Slowbro|240\/391|[from] item: Leftovers
|turn|37
|chat|Johnny Guitar|sorruy
|chat|Johnny Guitar|sorry*
|chat|Johnny Guitar|I'm playing two games at once
|
|switch|p2a: chiro|Umbreon, F|199\/394
|move|p1a: Slowbro|Slack Off|p1a: Slowbro
|-heal|p1a: Slowbro|391\/391
|
|-weather|none
|-heal|p2a: chiro|223\/394|[from] item: Leftovers
|turn|38
|chat|siegberto|haha busy guy
|
|move|p2a: chiro|Wish|p2a: chiro
|move|p1a: Slowbro|Calm Mind|p1a: Slowbro
|-boost|p1a: Slowbro|spa|1
|-boost|p1a: Slowbro|spd|1
|
|-heal|p2a: chiro|247\/394|[from] item: Leftovers
|turn|39
|
|move|p2a: chiro|Foul Play|p1a: Slowbro
|-supereffective|p1a: Slowbro
|-damage|p1a: Slowbro|301\/391
|move|p1a: Slowbro|Calm Mind|p1a: Slowbro
|-boost|p1a: Slowbro|spa|1
|-boost|p1a: Slowbro|spd|1
|
|-heal|p2a: chiro|394\/394|[from] move: Wish|[wisher] chiro
|-heal|p1a: Slowbro|325\/391|[from] item: Leftovers
|turn|40
|
|move|p2a: chiro|Foul Play|p1a: Slowbro
|-supereffective|p1a: Slowbro
|-damage|p1a: Slowbro|233\/391
|move|p1a: Slowbro|Calm Mind|p1a: Slowbro
|-boost|p1a: Slowbro|spa|1
|-boost|p1a: Slowbro|spd|1
|
|-heal|p1a: Slowbro|257\/391|[from] item: Leftovers
|turn|41
|
|move|p2a: chiro|Foul Play|p1a: Slowbro
|-supereffective|p1a: Slowbro
|-damage|p1a: Slowbro|167\/391
|move|p1a: Slowbro|Slack Off|p1a: Slowbro
|-heal|p1a: Slowbro|363\/391
|
|-heal|p1a: Slowbro|387\/391|[from] item: Leftovers
|turn|42
|
|move|p2a: chiro|Wish|p2a: chiro
|move|p1a: Slowbro|Calm Mind|p1a: Slowbro
|-boost|p1a: Slowbro|spa|1
|-boost|p1a: Slowbro|spd|1
|
|-heal|p1a: Slowbro|391\/391|[from] item: Leftovers
|turn|43
|
|switch|p2a: Victini|Victini|299\/341
|move|p1a: Slowbro|Scald|p2a: Victini
|-supereffective|p2a: Victini
|-damage|p2a: Victini|0 fnt
|faint|p2a: Victini
|
|
|switch|p2a: Gligarswagster|Gligar, M|252\/334
|turn|44
|
|move|p2a: Gligarswagster|Knock Off|p1a: Slowbro
|-supereffective|p1a: Slowbro
|-damage|p1a: Slowbro|323\/391
|-enditem|p1a: Slowbro|Leftovers|[from] move: Knock Off|[of] p2a: Gligarswagster
|move|p1a: Slowbro|Scald|p2a: Gligarswagster
|-supereffective|p2a: Gligarswagster
|-damage|p2a: Gligarswagster|0 fnt
|faint|p2a: Gligarswagster
|
|
|switch|p2a: Oscar|Muk, M|337\/414
|turn|45
|
|move|p2a: Oscar|Poison Jab|p1a: Slowbro
|-damage|p1a: Slowbro|233\/391
|-status|p1a: Slowbro|psn
|move|p1a: Slowbro|Psyshock|p2a: Oscar
|-supereffective|p2a: Oscar
|-damage|p2a: Oscar|0 fnt
|faint|p2a: Oscar
|
|-damage|p1a: Slowbro|185\/391 psn|[from] psn
|
|switch|p2a: chiro|Umbreon, F|394\/394
|turn|46
|
|move|p2a: chiro|Foul Play|p1a: Slowbro
|-crit|p1a: Slowbro
|-supereffective|p1a: Slowbro
|-damage|p1a: Slowbro|53\/391 psn
|move|p1a: Slowbro|Slack Off|p1a: Slowbro
|-heal|p1a: Slowbro|249\/391 psn
|
|-damage|p1a: Slowbro|201\/391 psn|[from] psn
|turn|47
|
|move|p2a: chiro|Foul Play|p1a: Slowbro
|-supereffective|p1a: Slowbro
|-damage|p1a: Slowbro|115\/391 psn
|move|p1a: Slowbro|Slack Off|p1a: Slowbro
|-heal|p1a: Slowbro|311\/391 psn
|
|-damage|p1a: Slowbro|263\/391 psn|[from] psn
|turn|48
|-message|siegberto forfeited.
|
|win|Johnny Guitar
|raw|Ladder updating...
|raw|Johnny Guitar's rating: 1576 &rarr; <strong>1585<\/strong><br \/>(+9 for winning)
|raw|siegberto's rating: 1368 &rarr; <strong>1359<\/strong><br \/>(-9 for losing)
|leave|siegberto
|player|p2