|join|siegberto
|join|Haxxhatred
|player|p1|siegberto|282
|player|p2|Haxxhatred|169
|gametype|singles
|gen|6
|tier|UU
|rated
|rule|Sleep Clause Mod: Limit one foe put to sleep
|rule|Species Clause: Limit one of each Pokemon
|rule|OHKO Clause: OHKO moves are banned
|rule|Moody Clause: Moody is banned
|rule|Evasion Moves Clause: Evasion moves are banned
|rule|Endless Battle Clause: Forcing endless battles is banned.
|rule|HP Percentage Mod: HP is reported as percentages
|clearpoke
|poke|p1|Celebi
|poke|p1|Arcanine, F
|poke|p1|Donphan, F
|poke|p1|Drapion, M
|poke|p1|Kingdra, F
|poke|p1|Aerodactyl, F
|poke|p2|Krookodile, F
|poke|p2|Pyroar, M
|poke|p2|Samurott, M
|poke|p2|Honchkrow, M
|poke|p2|Noivern, F
|poke|p2|Gardevoir, F
|teampreview
|
|start
|switch|p1a: zanzibar|Donphan, F|384\/384
|switch|p2a: Samurott|Samurott, M|332\/332
|turn|1
|
|move|p2a: Samurott|Taunt|p1a: zanzibar
|-start|p1a: zanzibar|move: Taunt
|cant|p1a: zanzibar|move: Taunt|Stealth Rock
|
|turn|2
|
|switch|p1a: Kingdra|Kingdra, F|324\/324
|move|p2a: Samurott|Megahorn|p1a: Kingdra
|-damage|p1a: Kingdra|159\/324
|-damage|p2a: Samurott|299\/332|[from] item: Life Orb
|
|turn|3
|
|switch|p2a: Gardevoir|Gardevoir, F|325\/325
|move|p1a: Kingdra|Draco Meteor|p2a: Gardevoir
|-immune|p2a: Gardevoir|[msg]
|
|turn|4
|
|switch|p1a: Celebi|Celebi|404\/404
|move|p2a: Gardevoir|Moonblast|p1a: Celebi
|-damage|p1a: Celebi|286\/404
|
|-heal|p1a: Celebi|311\/404|[from] item: Leftovers
|turn|5
|
|move|p1a: Celebi|Thunder Wave|p2a: Gardevoir
|-status|p2a: Gardevoir|par
|-status|p1a: Celebi|par
|cant|p2a: Gardevoir|par
|
|-heal|p1a: Celebi|336\/404 par|[from] item: Leftovers
|turn|6
|
|switch|p2a: Krookodile|Krookodile, F|351\/351
|-ability|p2a: Krookodile|Intimidate|[of] p1a: Celebi
|-unboost|p1a: Celebi|atk|1
|move|p1a: Celebi|Heal Bell|p1a: Celebi
|-cureteam|p1a: Celebi|[from] move: HealBell
|
|-heal|p1a: Celebi|361\/404|[from] item: Leftovers
|turn|7
|
|switch|p1a: zanzibar|Donphan, F|384\/384
|move|p2a: Krookodile|Knock Off|p1a: zanzibar
|-damage|p1a: zanzibar|235\/384
|-enditem|p1a: zanzibar|Leftovers|[from] move: Knock Off|[of] p2a: Krookodile
|-damage|p2a: Krookodile|316\/351|[from] item: Life Orb
|
|turn|8
|
|move|p2a: Krookodile|Taunt|p1a: zanzibar
|-start|p1a: zanzibar|move: Taunt
|cant|p1a: zanzibar|move: Taunt|Stealth Rock
|
|turn|9
|
|switch|p2a: Samurott|Samurott, M|299\/332
|move|p1a: zanzibar|Earthquake|p2a: Samurott
|-damage|p2a: Samurott|131\/332
|
|turn|10
|
|switch|p1a: Kingdra|Kingdra, F|159\/324
|move|p2a: Samurott|Hydro Pump|p1a: Kingdra
|-resisted|p1a: Kingdra
|-damage|p1a: Kingdra|106\/324
|-damage|p2a: Samurott|98\/332|[from] item: Life Orb
|
|turn|11
|
|move|p1a: Kingdra|Dragon Pulse|p2a: Samurott
|-damage|p2a: Samurott|0 fnt
|faint|p2a: Samurott
|
|
|switch|p2a: Noivern|Noivern, F|315\/315
|turn|12
|
|switch|p1a: Celebi|Celebi|361\/404
|move|p2a: Noivern|Hurricane|p1a: Celebi
|-crit|p1a: Celebi
|-supereffective|p1a: Celebi
|-damage|p1a: Celebi|7\/404
|-start|p1a: Celebi|confusion
|
|-heal|p1a: Celebi|32\/404|[from] item: Leftovers
|turn|13
|
|switch|p2a: Krookodile|Krookodile, F|316\/351
|-ability|p2a: Krookodile|Intimidate|[of] p1a: Celebi
|-unboost|p1a: Celebi|atk|1
|switch|p1a: Kingdra|Kingdra, F|106\/324
|
|turn|14
|
|switch|p2a: Gardevoir|Gardevoir, F|325\/325 par
|move|p1a: Kingdra|Hydro Pump|p2a: Gardevoir
|-damage|p2a: Gardevoir|85\/325 par
|
|-heal|p2a: Gardevoir|105\/325 par|[from] item: Leftovers
|turn|15
|
|move|p1a: Kingdra|Hydro Pump|p2a: Gardevoir|[miss]
|-miss|p1a: Kingdra|p2a: Gardevoir
|move|p2a: Gardevoir|Moonblast|p1a: Kingdra
|-supereffective|p1a: Kingdra
|-damage|p1a: Kingdra|0 fnt
|faint|p1a: Kingdra
|
|-heal|p2a: Gardevoir|125\/325 par|[from] item: Leftovers
|
|switch|p1a: zanzibar|Donphan, F|235\/384
|turn|16
|
|move|p1a: zanzibar|Stealth Rock|p2a: Gardevoir
|-sidestart|p2: Haxxhatred|move: Stealth Rock
|move|p2a: Gardevoir|Moonblast|p1a: zanzibar
|-damage|p1a: zanzibar|0 fnt
|faint|p1a: zanzibar
|
|-heal|p2a: Gardevoir|145\/325 par|[from] item: Leftovers
|
|switch|p1a: Drapion|Drapion, M|344\/344
|turn|17
|
|switch|p2a: Krookodile|Krookodile, F|316\/351
|-damage|p2a: Krookodile|295\/351|[from] Stealth Rock
|-ability|p2a: Krookodile|Intimidate|[of] p1a: Drapion
|-unboost|p1a: Drapion|atk|1
|move|p1a: Drapion|Poison Jab|p2a: Krookodile
|-resisted|p2a: Krookodile
|-damage|p2a: Krookodile|251\/351
|
|turn|18
|
|move|p2a: Krookodile|Knock Off|p1a: Drapion
|-resisted|p1a: Drapion
|-damage|p1a: Drapion|244\/344
|-enditem|p1a: Drapion|Black Sludge|[from] move: Knock Off|[of] p2a: Krookodile
|-damage|p2a: Krookodile|216\/351|[from] item: Life Orb
|move|p1a: Drapion|Knock Off|p2a: Krookodile
|-resisted|p2a: Krookodile
|-damage|p2a: Krookodile|158\/351
|-enditem|p2a: Krookodile|Life Orb|[from] move: Knock Off|[of] p1a: Drapion
|
|turn|19
|
|switch|p1a: Aerodactyl|Aerodactyl, F|301\/301
|-ability|p1a: Aerodactyl|Pressure
|move|p2a: Krookodile|Knock Off|p1a: Aerodactyl
|-damage|p1a: Aerodactyl|142\/301
|
|turn|20
|
|detailschange|p1a: Aerodactyl|Aerodactyl-Mega, F
|message|Aerodactyl has Mega Evolved into Mega Aerodactyl!
|move|p1a: Aerodactyl|Ice Fang|p2a: Krookodile
|-supereffective|p2a: Krookodile
|-damage|p2a: Krookodile|0 fnt
|faint|p2a: Krookodile
|
|
|switch|p2a: Noivern|Noivern, F|315\/315
|-damage|p2a: Noivern|237\/315|[from] Stealth Rock
|turn|21
|
|move|p2a: Noivern|Draco Meteor|p1a: Aerodactyl
|-damage|p1a: Aerodactyl|0 fnt
|-unboost|p2a: Noivern|spa|2
|faint|p1a: Aerodactyl
|
|chat|siegberto|waaaaat
|chat|siegberto|who runs scarf  noivern
|
|switch|p1a: Arcanine|Arcanine, F|322\/322
|-ability|p1a: Arcanine|Intimidate|[of] p2a: Noivern
|-unboost|p2a: Noivern|atk|1
|turn|22
|
|switch|p2a: Pyroar|Pyroar, M|315\/315
|-damage|p2a: Pyroar|237\/315|[from] Stealth Rock
|-ability|p2a: Pyroar|Unnerve|p1: siegberto
|move|p1a: Arcanine|Extreme Speed|p2a: Pyroar
|-damage|p2a: Pyroar|51\/315
|
|turn|23
|
|switch|p2a: Gardevoir|Gardevoir, F|145\/325 par
|-damage|p2a: Gardevoir|105\/325 par|[from] Stealth Rock
|move|p1a: Arcanine|Extreme Speed|p2a: Gardevoir
|-damage|p2a: Gardevoir|0 fnt
|faint|p2a: Gardevoir
|
|chat|siegberto|sir i need a statement
|
|switch|p2a: Honchkrow|Honchkrow, M|351\/351
|-damage|p2a: Honchkrow|264\/351|[from] Stealth Rock
|turn|24
|
|move|p1a: Arcanine|Extreme Speed|p2a: Honchkrow
|-damage|p2a: Honchkrow|87\/351
|move|p2a: Honchkrow|Brave Bird|p1a: Arcanine
|-damage|p1a: Arcanine|0 fnt
|-damage|p2a: Honchkrow|0 fnt|[from] recoil|[of] p1a: Arcanine
|faint|p1a: Arcanine
|faint|p2a: Honchkrow
|
|
|switch|p2a: Noivern|Noivern, F|237\/315
|-damage|p2a: Noivern|159\/315|[from] Stealth Rock
|switch|p1a: Drapion|Drapion, M|244\/344
|turn|25
|
|move|p2a: Noivern|Draco Meteor|p1a: Drapion
|-damage|p1a: Drapion|0 fnt
|-unboost|p2a: Noivern|spa|2
|faint|p1a: Drapion
|
|
|switch|p1a: Celebi|Celebi|32\/404
|turn|26
|
|move|p2a: Noivern|Draco Meteor|p1a: Celebi
|-damage|p1a: Celebi|0 fnt
|-unboost|p2a: Noivern|spa|2
|faint|p1a: Celebi
|
|win|Haxxhatred
|raw|Ladder updating...
|raw|siegberto's rating: 1423 &rarr; <strong>1407<\/strong><br \/>(-16 for losing)
|raw|Haxxhatred's rating: 1489 &rarr; <strong>1505<\/strong><br \/>(+16 for winning)
|leave|siegberto
|chat|siegberto|,,,
|player|p1