|join|ROB1DR
|join|Pika BOOOM
|player|p1|ROB1DR|25
|player|p2|Pika BOOOM|137
|gametype|singles
|gen|6
|tier|OU
|rated
|clearpoke
|poke|p1|Greninja, F
|poke|p1|Gliscor, M
|poke|p1|Jirachi
|poke|p1|Latios, M
|poke|p1|Sylveon, F
|poke|p1|Dragonite, M
|poke|p2|Scizor, F
|poke|p2|Magnezone
|poke|p2|Landorus-Therian, M
|poke|p2|Rotom-Wash
|poke|p2|Garchomp, F
|poke|p2|Greninja, F
|rule|Swagger Clause: Swagger is banned
|rule|Baton Pass Clause: Limit one PokÃ©mon knowing Baton Pass
|rule|Sleep Clause Mod: Limit one foe put to sleep
|rule|Species Clause: Limit one of each PokÃ©mon
|rule|OHKO Clause: OHKO moves are banned
|rule|Moody Clause: Moody is banned
|rule|Evasion Moves Clause: Evasion moves are banned
|rule|Endless Battle Clause: Forcing endless battles is banned
|rule|HP Percentage Mod: HP is shown in percentages
|teampreview
|
|start
|switch|p1a: Gliscor|Gliscor, M|352\/352
|switch|p2a: Landorus-Therian|Landorus-Therian, M|382\/382
|-ability|p2a: Landorus-Therian|Intimidate|[of] p1a: Gliscor
|-unboost|p1a: Gliscor|atk|1
|turn|1
|
|move|p1a: Gliscor|Protect|p1a: Gliscor
|-singleturn|p1a: Gliscor|Protect
|move|p2a: Landorus-Therian|Stealth Rock|p1a: Gliscor
|-sidestart|p1: ROB1DR|move: Stealth Rock
|
|-status|p1a: Gliscor|tox|[from] item: Toxic Orb
|turn|2
|
|move|p1a: Gliscor|Stealth Rock|p2a: Landorus-Therian
|-sidestart|p2: Pika BOOOM|move: Stealth Rock
|move|p2a: Landorus-Therian|U-turn|p1a: Gliscor
|-crit|p1a: Gliscor
|-resisted|p1a: Gliscor
|-damage|p1a: Gliscor|319\/352 tox
|
|switch|p2a: Greninja|Greninja, F|285\/285
|-damage|p2a: Greninja|250\/285|[from] Stealth Rock
|
|-heal|p1a: Gliscor|352\/352 tox|[from] ability: Poison Heal
|turn|3
|
|switch|p1a: Jirachi|Jirachi|342\/342
|-damage|p1a: Jirachi|321\/342|[from] Stealth Rock
|move|p2a: Greninja|Ice Beam|p1a: Jirachi
|-start|p2a: Greninja|typechange|Ice|[from] Protean
|-resisted|p1a: Jirachi
|-damage|p1a: Jirachi|229\/342
|-damage|p2a: Greninja|222\/285|[from] item: Life Orb
|
|turn|4
|
|switch|p2a: Magnezone|Magnezone|281\/281
|-damage|p2a: Magnezone|264\/281|[from] Stealth Rock
|move|p1a: Jirachi|U-turn|p2a: Magnezone
|-resisted|p2a: Magnezone
|-damage|p2a: Magnezone|235\/281
|
|switch|p1a: Greninja|Greninja, F|285\/285
|-damage|p1a: Greninja|250\/285|[from] Stealth Rock
|
|turn|5
|
|move|p2a: Magnezone|Volt Switch|p1a: Greninja
|-supereffective|p1a: Greninja
|-damage|p1a: Greninja|0 fnt
|faint|p1a: Greninja
|
|switch|p2a: Rotom-Wash|Rotom-Wash|304\/304
|-damage|p2a: Rotom-Wash|266\/304|[from] Stealth Rock
|
|-heal|p2a: Rotom-Wash|285\/304|[from] item: Leftovers
|
|switch|p1a: Sylveon|Sylveon, F|352\/352
|-damage|p1a: Sylveon|308\/352|[from] Stealth Rock
|turn|6
|
|move|p2a: Rotom-Wash|Volt Switch|p1a: Sylveon
|-damage|p1a: Sylveon|239\/352
|
|switch|p2a: Magnezone|Magnezone|235\/281
|-damage|p2a: Magnezone|218\/281|[from] Stealth Rock
|move|p1a: Sylveon|Yawn|p2a: Magnezone
|-start|p2a: Magnezone|move: Yawn|[of] p1a: Sylveon
|
|-heal|p1a: Sylveon|261\/352|[from] item: Leftovers
|turn|7
|
|switch|p2a: Rotom-Wash|Rotom-Wash|285\/304
|-damage|p2a: Rotom-Wash|247\/304|[from] Stealth Rock
|move|p1a: Sylveon|Wish|p1a: Sylveon
|
|-heal|p2a: Rotom-Wash|266\/304|[from] item: Leftovers
|-heal|p1a: Sylveon|283\/352|[from] item: Leftovers
|turn|8
|
|move|p2a: Rotom-Wash|Volt Switch|p1a: Sylveon
|-damage|p1a: Sylveon|219\/352
|
|switch|p2a: Magnezone|Magnezone|218\/281
|-damage|p2a: Magnezone|201\/281|[from] Stealth Rock
|move|p1a: Sylveon|Yawn|p2a: Magnezone
|-start|p2a: Magnezone|move: Yawn|[of] p1a: Sylveon
|
|-heal|p1a: Sylveon|352\/352|[from] move: Wish|[wisher] Sylveon
|turn|9
|
|move|p2a: Magnezone|Volt Switch|p1a: Sylveon
|-damage|p1a: Sylveon|261\/352
|
|switch|p2a: Scizor|Scizor, F|343\/343
|-damage|p2a: Scizor|301\/343|[from] Stealth Rock
|move|p1a: Sylveon|Hyper Voice|p2a: Scizor
|-resisted|p2a: Scizor
|-damage|p2a: Scizor|217\/343
|
|-heal|p1a: Sylveon|283\/352|[from] item: Leftovers
|turn|10
|
|switch|p1a: Jirachi|Jirachi|229\/342
|-damage|p1a: Jirachi|208\/342|[from] Stealth Rock
|detailschange|p2a: Scizor|Scizor-Mega, F
|-mega|p2a: Scizor|Scizor|Scizorite
|move|p2a: Scizor|Bullet Punch|p1a: Jirachi
|-resisted|p1a: Jirachi
|-damage|p1a: Jirachi|151\/342
|
|turn|11
|
|switch|p2a: Landorus-Therian|Landorus-Therian, M|382\/382
|-damage|p2a: Landorus-Therian|335\/382|[from] Stealth Rock
|-ability|p2a: Landorus-Therian|Intimidate|[of] p1a: Jirachi
|-unboost|p1a: Jirachi|atk|1
|move|p1a: Jirachi|Body Slam|p2a: Landorus-Therian
|-damage|p2a: Landorus-Therian|290\/382
|
|-heal|p2a: Landorus-Therian|313\/382|[from] item: Leftovers
|turn|12
|
|switch|p2a: Magnezone|Magnezone|201\/281
|-damage|p2a: Magnezone|184\/281|[from] Stealth Rock
|move|p1a: Jirachi|Body Slam|p2a: Magnezone
|-resisted|p2a: Magnezone
|-damage|p2a: Magnezone|159\/281
|
|turn|13
|
|move|p1a: Jirachi|Body Slam|p2a: Magnezone
|-resisted|p2a: Magnezone
|-damage|p2a: Magnezone|136\/281
|move|p2a: Magnezone|Hidden Power|p1a: Jirachi
|-supereffective|p1a: Jirachi
|-damage|p1a: Jirachi|9\/342
|
|turn|14
|
|move|p1a: Jirachi|Body Slam|p2a: Magnezone
|-resisted|p2a: Magnezone
|-damage|p2a: Magnezone|113\/281
|move|p2a: Magnezone|Hidden Power|p1a: Jirachi
|-supereffective|p1a: Jirachi
|-damage|p1a: Jirachi|0 fnt
|faint|p1a: Jirachi
|
|
|switch|p1a: Dragonite|Dragonite, M|386\/386
|-damage|p1a: Dragonite|290\/386|[from] Stealth Rock
|turn|15
|
|switch|p2a: Landorus-Therian|Landorus-Therian, M|313\/382
|-damage|p2a: Landorus-Therian|266\/382|[from] Stealth Rock
|-ability|p2a: Landorus-Therian|Intimidate|[of] p1a: Dragonite
|-unboost|p1a: Dragonite|atk|1
|move|p1a: Dragonite|Power-Up Punch|p2a: Landorus-Therian
|-resisted|p2a: Landorus-Therian
|-damage|p2a: Landorus-Therian|252\/382
|-boost|p1a: Dragonite|atk|1
|
|-heal|p2a: Landorus-Therian|275\/382|[from] item: Leftovers
|turn|16
|
|move|p2a: Landorus-Therian|Stone Edge|p1a: Dragonite
|-supereffective|p1a: Dragonite
|-damage|p1a: Dragonite|84\/386
|move|p1a: Dragonite|Waterfall|p2a: Landorus-Therian
|-supereffective|p2a: Landorus-Therian
|-damage|p2a: Landorus-Therian|123\/382
|
|-heal|p2a: Landorus-Therian|146\/382|[from] item: Leftovers
|turn|17
|
|move|p1a: Dragonite|Extreme Speed|p2a: Landorus-Therian
|-damage|p2a: Landorus-Therian|68\/382
|move|p2a: Landorus-Therian|Stone Edge|p1a: Dragonite
|-supereffective|p1a: Dragonite
|-damage|p1a: Dragonite|0 fnt
|faint|p1a: Dragonite
|
|-heal|p2a: Landorus-Therian|91\/382|[from] item: Leftovers
|-message|ROB1DR forfeited.
|
|win|Pika BOOOM
|raw|Ladder updating...
|leave|ROB1DR
|player|p1
|raw|ROB1DR's rating: 1128 &rarr; <strong>1102<\/strong><br \/>(-26 for losing)
|raw|Pika BOOOM's rating: 1110 &rarr; <strong>1136<\/strong><br \/>(+26 for winning)