|join|Barge7799
|join|Pika BOOOM
|player|p1|Barge7799|291
|player|p2|Pika BOOOM|23
|gametype|singles
|gen|6
|tier|OU
|rated
|clearpoke
|poke|p1|Gallade, M
|poke|p1|Thundurus, M
|poke|p1|Mamoswine, M
|poke|p1|Talonflame, F
|poke|p1|Latias, F
|poke|p1|Rotom-Wash
|poke|p2|Scizor, F
|poke|p2|Magnezone
|poke|p2|Landorus-Therian, M
|poke|p2|Rotom-Wash
|poke|p2|Garchomp, M
|poke|p2|Greninja, F
|rule|Swagger Clause: Swagger is banned
|rule|Baton Pass Clause: Limit one PokÃ©mon knowing Baton Pass
|rule|Sleep Clause Mod: Limit one foe put to sleep
|rule|Species Clause: Limit one of each PokÃ©mon
|rule|OHKO Clause: OHKO moves are banned
|rule|Moody Clause: Moody is banned
|rule|Evasion Moves Clause: Evasion moves are banned
|rule|Endless Battle Clause: Forcing endless battles is banned
|rule|HP Percentage Mod: HP is shown in percentages
|teampreview
|
|start
|switch|p1a: Rotom-Wash|Rotom-Wash|304\/304
|switch|p2a: Rotom-Wash|Rotom-Wash|304\/304
|turn|1
|
|move|p2a: Rotom-Wash|Will-O-Wisp|p1a: Rotom-Wash
|-status|p1a: Rotom-Wash|brn
|move|p1a: Rotom-Wash|Volt Switch|p2a: Rotom-Wash
|-damage|p2a: Rotom-Wash|247\/304
|
|switch|p1a: Thundurus|Thundurus, M|299\/299
|
|-heal|p2a: Rotom-Wash|266\/304|[from] item: Leftovers
|turn|2
|
|move|p1a: Thundurus|Thunderbolt|p2a: Rotom-Wash
|-damage|p2a: Rotom-Wash|118\/304
|-damage|p1a: Thundurus|270\/299|[from] item: Life Orb
|move|p2a: Rotom-Wash|Pain Split|p1a: Thundurus
|-sethp|p1a: Thundurus|194\/299|p2a: Rotom-Wash|194\/304|[from] move: Pain Split
|
|-heal|p2a: Rotom-Wash|213\/304|[from] item: Leftovers
|turn|3
|
|switch|p1a: Gallade|Gallade, M|278\/278
|move|p2a: Rotom-Wash|Volt Switch|p1a: Gallade
|-damage|p1a: Gallade|203\/278
|
|switch|p2a: Scizor|Scizor, F|343\/343
|
|turn|4
|
|detailschange|p1a: Gallade|Gallade-Mega, M
|-mega|p1a: Gallade|Gallade|Galladite
|detailschange|p2a: Scizor|Scizor-Mega, F
|-mega|p2a: Scizor|Scizor|Scizorite
|move|p1a: Gallade|Swords Dance|p1a: Gallade
|-boost|p1a: Gallade|atk|2
|move|p2a: Scizor|Knock Off|p1a: Gallade
|-damage|p1a: Gallade|122\/278
|
|turn|5
|
|move|p2a: Scizor|Bullet Punch|p1a: Gallade
|-damage|p1a: Gallade|2\/278
|move|p1a: Gallade|Close Combat|p2a: Scizor
|-damage|p2a: Scizor|1\/343
|-unboost|p1a: Gallade|def|1
|-unboost|p1a: Gallade|spd|1
|
|turn|6
|
|switch|p1a: Talonflame|Talonflame, F|355\/355
|move|p2a: Scizor|Bullet Punch|p1a: Talonflame
|-resisted|p1a: Talonflame
|-damage|p1a: Talonflame|283\/355
|
|turn|7
|
|switch|p2a: Landorus-Therian|Landorus-Therian, M|382\/382
|-ability|p2a: Landorus-Therian|Intimidate|[of] p1a: Talonflame
|-unboost|p1a: Talonflame|atk|1
|move|p1a: Talonflame|Brave Bird|p2a: Landorus-Therian
|-damage|p2a: Landorus-Therian|270\/382
|-damage|p1a: Talonflame|246\/355|[from] recoil|[of] p2a: Landorus-Therian
|
|-heal|p2a: Landorus-Therian|293\/382|[from] item: Leftovers
|turn|8
|
|switch|p1a: Rotom-Wash|Rotom-Wash|304\/304 brn
|move|p2a: Landorus-Therian|Stealth Rock|p1a: Rotom-Wash
|-sidestart|p1: Barge7799|move: Stealth Rock
|
|-heal|p2a: Landorus-Therian|316\/382|[from] item: Leftovers
|-damage|p1a: Rotom-Wash|266\/304 brn|[from] brn
|turn|9
|
|move|p2a: Landorus-Therian|U-turn|p1a: Rotom-Wash
|-damage|p1a: Rotom-Wash|212\/304 brn
|
|switch|p2a: Magnezone|Magnezone|281\/281
|move|p1a: Rotom-Wash|Will-O-Wisp|p2a: Magnezone
|-status|p2a: Magnezone|brn
|
|-heal|p1a: Rotom-Wash|231\/304 brn|[from] item: Leftovers
|-damage|p2a: Magnezone|246\/281 brn|[from] brn
|-damage|p1a: Rotom-Wash|193\/304 brn|[from] brn
|turn|10
|
|move|p2a: Magnezone|Volt Switch|p1a: Rotom-Wash
|-damage|p1a: Rotom-Wash|69\/304 brn
|
|switch|p2a: Rotom-Wash|Rotom-Wash|213\/304
|move|p1a: Rotom-Wash|Volt Switch|p2a: Rotom-Wash
|-damage|p2a: Rotom-Wash|155\/304
|
|switch|p1a: Latias|Latias, F|301\/301
|-damage|p1a: Latias|264\/301|[from] Stealth Rock
|
|-heal|p2a: Rotom-Wash|174\/304|[from] item: Leftovers
|turn|11
|
|switch|p2a: Scizor|Scizor-Mega, F|1\/343
|move|p1a: Latias|Defog|p2a: Scizor
|-unboost|p2a: Scizor|evasion|1
|-sideend|p1: Barge7799|Stealth Rock|[from] move: Defog|[of] p1a: Latias
|
|turn|12
|
|move|p1a: Latias|Psyshock|p2a: Scizor
|-resisted|p2a: Scizor
|-damage|p2a: Scizor|0 fnt
|-damage|p1a: Latias|234\/301|[from] item: Life Orb
|faint|p2a: Scizor
|
|
|switch|p2a: Greninja|Greninja, F|285\/285
|turn|13
|
|switch|p1a: Rotom-Wash|Rotom-Wash|69\/304 brn
|move|p2a: Greninja|Dark Pulse|p1a: Rotom-Wash
|-start|p2a: Greninja|typechange|Dark|[from] Protean
|-damage|p1a: Rotom-Wash|0 fnt
|-damage|p2a: Greninja|257\/285|[from] item: Life Orb
|faint|p1a: Rotom-Wash
|
|
|switch|p1a: Thundurus|Thundurus, M|194\/299
|turn|14
|
|switch|p2a: Magnezone|Magnezone|246\/281 brn
|move|p1a: Thundurus|Superpower|p2a: Magnezone
|-crit|p2a: Magnezone
|-supereffective|p2a: Magnezone
|-damage|p2a: Magnezone|0 fnt
|-unboost|p1a: Thundurus|atk|1
|-unboost|p1a: Thundurus|def|1
|-damage|p1a: Thundurus|165\/299|[from] item: Life Orb
|faint|p2a: Magnezone
|
|
|switch|p2a: Rotom-Wash|Rotom-Wash|174\/304
|turn|15
|join|consecutio
|
|move|p1a: Thundurus|Thunderbolt|p2a: Rotom-Wash
|-damage|p2a: Rotom-Wash|22\/304
|-damage|p1a: Thundurus|136\/299|[from] item: Life Orb
|move|p2a: Rotom-Wash|Hydro Pump|p1a: Thundurus|[miss]
|-miss|p2a: Rotom-Wash|p1a: Thundurus
|
|-heal|p2a: Rotom-Wash|41\/304|[from] item: Leftovers
|turn|16
|
|switch|p2a: Landorus-Therian|Landorus-Therian, M|316\/382
|-ability|p2a: Landorus-Therian|Intimidate|[of] p1a: Thundurus
|-unboost|p1a: Thundurus|atk|1
|move|p1a: Thundurus|Thunderbolt|p2a: Landorus-Therian
|-immune|p2a: Landorus-Therian|[msg]
|
|-heal|p2a: Landorus-Therian|339\/382|[from] item: Leftovers
|turn|17
|
|move|p1a: Thundurus|Thunderbolt|p2a: Landorus-Therian
|-immune|p2a: Landorus-Therian|[msg]
|move|p2a: Landorus-Therian|Stealth Rock|p1a: Thundurus
|-sidestart|p1: Barge7799|move: Stealth Rock
|
|-heal|p2a: Landorus-Therian|362\/382|[from] item: Leftovers
|turn|18
|
|move|p1a: Thundurus|Hidden Power|p2a: Landorus-Therian
|-supereffective|p2a: Landorus-Therian
|-damage|p2a: Landorus-Therian|0 fnt
|-damage|p1a: Thundurus|107\/299|[from] item: Life Orb
|faint|p2a: Landorus-Therian
|
|
|switch|p2a: Garchomp|Garchomp, M|358\/358
|turn|19
|
|switch|p1a: Gallade|Gallade-Mega, M|2\/278
|-damage|p1a: Gallade|0 fnt|[from] Stealth Rock
|faint|p1a: Gallade
|move|p2a: Garchomp|Dragon Claw|p1: Gallade|[notarget]
|-notarget
|
|
|switch|p1a: Mamoswine|Mamoswine, M|361\/361
|-damage|p1a: Mamoswine|316\/361|[from] Stealth Rock
|turn|20
|
|switch|p2a: Rotom-Wash|Rotom-Wash|41\/304
|move|p1a: Mamoswine|Earthquake|p2a: Rotom-Wash
|-immune|p2a: Rotom-Wash|[msg]
|
|-heal|p2a: Rotom-Wash|60\/304|[from] item: Leftovers
|turn|21
|
|move|p1a: Mamoswine|Icicle Spear|p2a: Rotom-Wash
|-crit|p2a: Rotom-Wash
|-resisted|p2a: Rotom-Wash
|-damage|p2a: Rotom-Wash|17\/304
|-resisted|p2a: Rotom-Wash
|-damage|p2a: Rotom-Wash|0 fnt
|-hitcount|p2a: Rotom-Wash|2
|-damage|p1a: Mamoswine|280\/361|[from] item: Life Orb
|faint|p2a: Rotom-Wash
|
|
|switch|p2a: Greninja|Greninja, F|257\/285
|turn|22
|
|switch|p1a: Latias|Latias, F|234\/301
|-damage|p1a: Latias|197\/301|[from] Stealth Rock
|move|p2a: Greninja|Hydro Pump|p1a: Latias
|-start|p2a: Greninja|typechange|Water|[from] Protean
|-resisted|p1a: Latias
|-damage|p1a: Latias|115\/301
|-damage|p2a: Greninja|229\/285|[from] item: Life Orb
|
|turn|23
|
|move|p2a: Greninja|Ice Beam|p1a: Latias
|-start|p2a: Greninja|typechange|Ice|[from] Protean
|-supereffective|p1a: Latias
|-damage|p1a: Latias|0 fnt
|-damage|p2a: Greninja|201\/285|[from] item: Life Orb
|faint|p1a: Latias
|
|
|switch|p1a: Talonflame|Talonflame, F|246\/355
|-damage|p1a: Talonflame|69\/355|[from] Stealth Rock
|turn|24
|
|switch|p2a: Garchomp|Garchomp, M|358\/358
|move|p1a: Talonflame|Brave Bird|p2a: Garchomp
|-damage|p2a: Garchomp|132\/358
|-damage|p1a: Talonflame|25\/355|[from] ability: Rough Skin|[of] p2a: Garchomp
|-damage|p1a: Talonflame|0 fnt|[from] recoil|[of] p2a: Garchomp
|faint|p1a: Talonflame
|
|-heal|p2a: Garchomp|154\/358|[from] item: Leftovers
|
|switch|p1a: Thundurus|Thundurus, M|107\/299
|-damage|p1a: Thundurus|33\/299|[from] Stealth Rock
|turn|25
|
|switch|p2a: Greninja|Greninja, F|201\/285
|move|p1a: Thundurus|Hidden Power|p2a: Greninja
|-resisted|p2a: Greninja
|-damage|p2a: Greninja|139\/285
|-damage|p1a: Thundurus|4\/299|[from] item: Life Orb
|
|turn|26
|
|switch|p2a: Garchomp|Garchomp, M|154\/358
|move|p1a: Thundurus|Thunder Wave|p2a: Garchomp
|-immune|p2a: Garchomp|[msg]
|
|-heal|p2a: Garchomp|176\/358|[from] item: Leftovers
|turn|27
|
|move|p1a: Thundurus|Hidden Power|p2a: Garchomp
|-supereffective|p2a: Garchomp
|-damage|p2a: Garchomp|0 fnt
|-damage|p1a: Thundurus|0 fnt|[from] item: Life Orb
|faint|p2a: Garchomp
|faint|p1a: Thundurus
|
|
|switch|p2a: Greninja|Greninja, F|139\/285
|switch|p1a: Mamoswine|Mamoswine, M|280\/361
|-damage|p1a: Mamoswine|235\/361|[from] Stealth Rock
|turn|28
|
|move|p2a: Greninja|Hydro Pump|p1a: Mamoswine
|-start|p2a: Greninja|typechange|Water|[from] Protean
|-supereffective|p1a: Mamoswine
|-damage|p1a: Mamoswine|0 fnt
|-damage|p2a: Greninja|111\/285|[from] item: Life Orb
|faint|p1a: Mamoswine
|
|win|Pika BOOOM
|raw|Ladder updating...
|c|âPika BOOOM|gg
|leave|Barge7799
|raw|Barge7799's rating: 1612 &rarr; <strong>1587<\/strong><br \/>(-25 for losing)
|raw|Pika BOOOM's rating: 1525 &rarr; <strong>1550<\/strong><br \/>(+25 for winning)