|join|Pika BOOOM
|join|njjj
|player|p1|Pika BOOOM|23
|player|p2|njjj|148
|gametype|singles
|gen|6
|tier|OU
|rated
|clearpoke
|poke|p1|Scizor, F
|poke|p1|Magnezone
|poke|p1|Landorus-Therian, M
|poke|p1|Rotom-Wash
|poke|p1|Garchomp, M
|poke|p1|Keldeo-Resolute
|poke|p2|Bisharp, F
|poke|p2|Garchomp, M
|poke|p2|Latios, M
|poke|p2|Lopunny, F
|poke|p2|Gengar, M
|poke|p2|Gyarados, M
|rule|Swagger Clause: Swagger is banned
|rule|Baton Pass Clause: Limit one PokÃ©mon knowing Baton Pass
|rule|Sleep Clause Mod: Limit one foe put to sleep
|rule|Species Clause: Limit one of each PokÃ©mon
|rule|OHKO Clause: OHKO moves are banned
|rule|Moody Clause: Moody is banned
|rule|Evasion Moves Clause: Evasion moves are banned
|rule|Endless Battle Clause: Forcing endless battles is banned
|rule|HP Percentage Mod: HP is shown in percentages
|teampreview
|
|start
|switch|p1a: Landorus-Therian|Landorus-Therian, M|382\/382
|switch|p2a: Latios|Latios, M|301\/301
|-ability|p1a: Landorus-Therian|Intimidate|[of] p2a: Latios
|-unboost|p2a: Latios|atk|1
|turn|1
|
|switch|p2a: Lopunny|Lopunny, F|271\/271
|switch|p1a: Scizor|Scizor, F|343\/343
|
|turn|2
|
|detailschange|p2a: Lopunny|Lopunny-Mega, F
|-mega|p2a: Lopunny|Lopunny|Lopunnite
|detailschange|p1a: Scizor|Scizor-Mega, F
|-mega|p1a: Scizor|Scizor|Scizorite
|move|p1a: Scizor|Bullet Punch|p2a: Lopunny
|-damage|p2a: Lopunny|156\/271
|move|p2a: Lopunny|Drain Punch|p1a: Scizor
|-damage|p1a: Scizor|250\/343
|-heal|p2a: Lopunny|203\/271|[from] drain|[of] p1a: Scizor
|
|turn|3
|
|switch|p2a: Gyarados|Gyarados, M|353\/353
|-ability|p2a: Gyarados|Intimidate|[of] p1a: Scizor
|-unboost|p1a: Scizor|atk|1
|move|p1a: Scizor|Knock Off|p2a: Gyarados
|-damage|p2a: Gyarados|263\/353
|-enditem|p2a: Gyarados|Leftovers|[from] move: Knock Off|[of] p1a: Scizor
|
|turn|4
|
|switch|p1a: Rotom-Wash|Rotom-Wash|304\/304
|move|p2a: Gyarados|Waterfall|p1a: Rotom-Wash
|-resisted|p1a: Rotom-Wash
|-damage|p1a: Rotom-Wash|236\/304
|
|-heal|p1a: Rotom-Wash|255\/304|[from] item: Leftovers
|turn|5
|
|move|p2a: Gyarados|Substitute|p2a: Gyarados
|-start|p2a: Gyarados|Substitute
|-damage|p2a: Gyarados|175\/353
|move|p1a: Rotom-Wash|Will-O-Wisp|p2a: Gyarados
|
|-heal|p1a: Rotom-Wash|274\/304|[from] item: Leftovers
|turn|6
|
|move|p2a: Gyarados|Dragon Dance|p2a: Gyarados
|-boost|p2a: Gyarados|atk|1
|-boost|p2a: Gyarados|spe|1
|move|p1a: Rotom-Wash|Volt Switch|p2a: Gyarados
|-supereffective|p2a: Gyarados
|-end|p2a: Gyarados|Substitute
|
|switch|p1a: Landorus-Therian|Landorus-Therian, M|382\/382
|-ability|p1a: Landorus-Therian|Intimidate|[of] p2a: Gyarados
|-unboost|p2a: Gyarados|atk|1
|
|turn|7
|
|switch|p1a: Rotom-Wash|Rotom-Wash|274\/304
|move|p2a: Gyarados|Dragon Dance|p2a: Gyarados
|-boost|p2a: Gyarados|atk|1
|-boost|p2a: Gyarados|spe|1
|
|-heal|p1a: Rotom-Wash|293\/304|[from] item: Leftovers
|turn|8
|
|move|p2a: Gyarados|Substitute|p2a: Gyarados
|-start|p2a: Gyarados|Substitute
|-damage|p2a: Gyarados|87\/353
|move|p1a: Rotom-Wash|Volt Switch|p2a: Gyarados
|-supereffective|p2a: Gyarados
|-end|p2a: Gyarados|Substitute
|
|switch|p1a: Landorus-Therian|Landorus-Therian, M|382\/382
|-ability|p1a: Landorus-Therian|Intimidate|[of] p2a: Gyarados
|-unboost|p2a: Gyarados|atk|1
|
|turn|9
|
|switch|p1a: Rotom-Wash|Rotom-Wash|293\/304
|move|p2a: Gyarados|Waterfall|p1a: Rotom-Wash
|-resisted|p1a: Rotom-Wash
|-damage|p1a: Rotom-Wash|229\/304
|
|-heal|p1a: Rotom-Wash|248\/304|[from] item: Leftovers
|turn|10
|
|move|p2a: Gyarados|Waterfall|p1a: Rotom-Wash
|-resisted|p1a: Rotom-Wash
|-damage|p1a: Rotom-Wash|176\/304
|move|p1a: Rotom-Wash|Volt Switch|p2a: Gyarados
|-supereffective|p2a: Gyarados
|-damage|p2a: Gyarados|0 fnt
|faint|p2a: Gyarados
|
|switch|p1a: Keldeo-Resolute|Keldeo-Resolute|323\/323
|
|
|switch|p2a: Garchomp|Garchomp, M|357\/357
|turn|11
|
|switch|p1a: Landorus-Therian|Landorus-Therian, M|382\/382
|-ability|p1a: Landorus-Therian|Intimidate|[of] p2a: Garchomp
|-unboost|p2a: Garchomp|atk|1
|move|p2a: Garchomp|Stealth Rock|p1a: Landorus-Therian
|-sidestart|p1: Pika BOOOM|move: Stealth Rock
|
|turn|12
|
|switch|p2a: Latios|Latios, M|301\/301
|move|p1a: Landorus-Therian|Stealth Rock|p2a: Latios
|-sidestart|p2: njjj|move: Stealth Rock
|
|turn|13
|
|switch|p1a: Magnezone|Magnezone|281\/281
|-damage|p1a: Magnezone|264\/281|[from] Stealth Rock
|move|p2a: Latios|Draco Meteor|p1a: Magnezone
|-resisted|p1a: Magnezone
|-damage|p1a: Magnezone|95\/281
|-unboost|p2a: Latios|spa|2
|-damage|p2a: Latios|271\/301|[from] item: Life Orb
|
|turn|14
|
|move|p1a: Magnezone|Flash Cannon|p2a: Latios
|-damage|p2a: Latios|144\/301
|move|p2a: Latios|Earthquake|p1a: Magnezone
|-supereffective|p1a: Magnezone
|-damage|p1a: Magnezone|0 fnt
|-damage|p2a: Latios|114\/301|[from] item: Life Orb
|faint|p1a: Magnezone
|
|
|switch|p1a: Scizor|Scizor-Mega, F|250\/343
|-damage|p1a: Scizor|208\/343|[from] Stealth Rock
|turn|15
|
|switch|p2a: Bisharp|Bisharp, F|271\/271
|-damage|p2a: Bisharp|255\/271|[from] Stealth Rock
|move|p1a: Scizor|Roost|p1a: Scizor
|-heal|p1a: Scizor|343\/343
|
|turn|16
|
|move|p2a: Bisharp|Swords Dance|p2a: Bisharp
|-boost|p2a: Bisharp|atk|2
|move|p1a: Scizor|Knock Off|p2a: Bisharp
|-resisted|p2a: Bisharp
|-damage|p2a: Bisharp|193\/271
|-enditem|p2a: Bisharp|Dread Plate|[from] move: Knock Off|[of] p1a: Scizor
|
|turn|17
|
|move|p2a: Bisharp|Knock Off|p1a: Scizor
|-damage|p1a: Scizor|190\/343
|move|p1a: Scizor|Swords Dance|p1a: Scizor
|-boost|p1a: Scizor|atk|2
|
|turn|18
|
|move|p2a: Bisharp|Swords Dance|p2a: Bisharp
|-boost|p2a: Bisharp|atk|2
|move|p1a: Scizor|Roost|p1a: Scizor
|-heal|p1a: Scizor|343\/343
|
|turn|19
|
|move|p2a: Bisharp|Sucker Punch|p1a: Scizor
|-crit|p1a: Scizor
|-damage|p1a: Scizor|0 fnt
|faint|p1a: Scizor
|
|
|switch|p1a: Garchomp|Garchomp, M|358\/358
|-damage|p1a: Garchomp|336\/358|[from] Stealth Rock
|turn|20
|
|move|p2a: Bisharp|Sucker Punch|p1a: Garchomp
|-fail|p1a: Garchomp
|move|p1a: Garchomp|Substitute|p1a: Garchomp
|-start|p1a: Garchomp|Substitute
|-damage|p1a: Garchomp|247\/358
|
|-heal|p1a: Garchomp|269\/358|[from] item: Leftovers
|turn|21
|
|move|p2a: Bisharp|Sucker Punch|p1a: Garchomp
|-end|p1a: Garchomp|Substitute
|move|p1a: Garchomp|Earthquake|p2a: Bisharp
|-supereffective|p2a: Bisharp
|-damage|p2a: Bisharp|0 fnt
|faint|p2a: Bisharp
|
|-heal|p1a: Garchomp|291\/358|[from] item: Leftovers
|
|switch|p2a: Lopunny|Lopunny-Mega, F|203\/271
|-damage|p2a: Lopunny|187\/271|[from] Stealth Rock
|turn|22
|
|switch|p1a: Rotom-Wash|Rotom-Wash|176\/304
|-damage|p1a: Rotom-Wash|138\/304|[from] Stealth Rock
|move|p2a: Lopunny|Ice Punch|p1a: Rotom-Wash
|-resisted|p1a: Rotom-Wash
|-damage|p1a: Rotom-Wash|94\/304
|
|-heal|p1a: Rotom-Wash|113\/304|[from] item: Leftovers
|turn|23
|
|move|p2a: Lopunny|Frustration|p1a: Rotom-Wash
|-damage|p1a: Rotom-Wash|0 fnt
|faint|p1a: Rotom-Wash
|
|
|switch|p1a: Keldeo-Resolute|Keldeo-Resolute|323\/323
|-damage|p1a: Keldeo-Resolute|303\/323|[from] Stealth Rock
|turn|24
|
|switch|p2a: Garchomp|Garchomp, M|357\/357
|-damage|p2a: Garchomp|335\/357|[from] Stealth Rock
|move|p1a: Keldeo-Resolute|Hydro Pump|p2a: Garchomp
|-crit|p2a: Garchomp
|-damage|p2a: Garchomp|0 fnt
|faint|p2a: Garchomp
|
|
|switch|p2a: Latios|Latios, M|114\/301
|-damage|p2a: Latios|77\/301|[from] Stealth Rock
|turn|25
|
|switch|p1a: Landorus-Therian|Landorus-Therian, M|382\/382
|-damage|p1a: Landorus-Therian|335\/382|[from] Stealth Rock
|-ability|p1a: Landorus-Therian|Intimidate|[of] p2a: Latios
|-unboost|p2a: Latios|atk|1
|move|p2a: Latios|Psyshock|p1a: Landorus-Therian
|-damage|p1a: Landorus-Therian|187\/382
|-damage|p2a: Latios|47\/301|[from] item: Life Orb
|
|-heal|p1a: Landorus-Therian|210\/382|[from] item: Leftovers
|turn|26
|
|move|p2a: Latios|Draco Meteor|p1a: Landorus-Therian
|-damage|p1a: Landorus-Therian|0 fnt
|-unboost|p2a: Latios|spa|2
|-damage|p2a: Latios|17\/301|[from] item: Life Orb
|faint|p1a: Landorus-Therian
|
|
|switch|p1a: Keldeo-Resolute|Keldeo-Resolute|303\/323
|-damage|p1a: Keldeo-Resolute|283\/323|[from] Stealth Rock
|turn|27
|
|move|p1a: Keldeo-Resolute|Scald|p2a: Latios
|-resisted|p2a: Latios
|-damage|p2a: Latios|0 fnt
|faint|p2a: Latios
|
|
|switch|p2a: Gengar|Gengar, M|261\/261
|-damage|p2a: Gengar|229\/261|[from] Stealth Rock
|turn|28
|
|switch|p1a: Garchomp|Garchomp, M|291\/358
|-damage|p1a: Garchomp|269\/358|[from] Stealth Rock
|move|p2a: Gengar|Shadow Ball|p1a: Garchomp
|-damage|p1a: Garchomp|47\/358
|-damage|p2a: Gengar|203\/261|[from] item: Life Orb
|
|-heal|p1a: Garchomp|69\/358|[from] item: Leftovers
|turn|29
|
|move|p2a: Gengar|Shadow Ball|p1a: Garchomp
|-damage|p1a: Garchomp|0 fnt
|-damage|p2a: Gengar|177\/261|[from] item: Life Orb
|faint|p1a: Garchomp
|
|
|switch|p1a: Keldeo-Resolute|Keldeo-Resolute|283\/323
|-damage|p1a: Keldeo-Resolute|263\/323|[from] Stealth Rock
|turn|30
|
|move|p1a: Keldeo-Resolute|Scald|p2a: Gengar
|-damage|p2a: Gengar|0 fnt
|faint|p2a: Gengar
|
|
|switch|p2a: Lopunny|Lopunny-Mega, F|187\/271
|-damage|p2a: Lopunny|171\/271|[from] Stealth Rock
|turn|31
|
|move|p1a: Keldeo-Resolute|Scald|p2a: Lopunny
|-damage|p2a: Lopunny|15\/271
|-status|p2a: Lopunny|brn
|move|p2a: Lopunny|Frustration|p1a: Keldeo-Resolute
|-damage|p1a: Keldeo-Resolute|160\/323
|
|-damage|p2a: Lopunny|0 fnt|[from] brn
|faint|p2a: Lopunny
|
|win|Pika BOOOM
|raw|Ladder updating...
|raw|Pika BOOOM's rating: 1639 &rarr; <strong>1652<\/strong><br \/>(+13 for winning)
|raw|njjj's rating: 1498 &rarr; <strong>1486<\/strong><br \/>(-12 for losing)
|c|âPika BOOOM|gg
|leave|njjj
|player|p2
|join|njjj
|leave|njjj