|join|dodmen
|join|Sketchy Ecchi
|player|p1|dodmen|171
|player|p2|Sketchy Ecchi|146
|gametype|singles
|gen|6
|tier|UU
|rule|Sleep Clause Mod: Limit one foe put to sleep
|rule|Species Clause: Limit one of each PokÃ©mon
|rule|OHKO Clause: OHKO moves are banned
|rule|Moody Clause: Moody is banned
|rule|Evasion Moves Clause: Evasion moves are banned
|rule|Endless Battle Clause: Forcing endless battles is banned
|rule|HP Percentage Mod: HP is shown in percentages
|clearpoke
|poke|p1|Mienshao, M
|poke|p1|Empoleon, M
|poke|p1|Pidgeot, M
|poke|p1|Krookodile, F
|poke|p1|Florges, F
|poke|p1|Zygarde
|poke|p2|Omastar, F
|poke|p2|Slowking, M
|poke|p2|Cofagrigus, M
|poke|p2|Aromatisse, F
|poke|p2|Abomasnow, F
|poke|p2|Escavalier, M
|rule|Swagger Clause: Swagger is banned
|rule|Baton Pass Clause: Limit one PokÃ©mon knowing Baton Pass
|teampreview
|c|âSketchy Ecchi|u hav to see all my qt nicknames
|c|âdodmen|oh.
|
|start
|switch|p1a: Empoleon|Empoleon, M|361\/361
|switch|p2a: CULTURESHOCK|Omastar, F|281\/281
|turn|1
|c|âSketchy Ecchi|o
|c|âSketchy Ecchi|awkward
|c|âdodmen|i have no defags...
|c|âSketchy Ecchi|o
|c|âSketchy Ecchi|awkwar
|
|switch|p2a: LORDOFTHEGAME|Abomasnow, F|321\/321
|-weather|Hail
|move|p1a: Empoleon|Grass Knot|p2a: LORDOFTHEGAME
|-resisted|p2a: LORDOFTHEGAME
|-damage|p2a: LORDOFTHEGAME|253\/321
|
|-weather|Hail|[upkeep]
|-damage|p1a: Empoleon|339\/361|[from] hail
|-heal|p1a: Empoleon|361\/361|[from] item: Leftovers
|turn|2
|
|detailschange|p2a: LORDOFTHEGAME|Abomasnow-Mega, F
|-mega|p2a: LORDOFTHEGAME|Abomasnow|Abomasite
|move|p1a: Empoleon|Flash Cannon|p2a: LORDOFTHEGAME
|-supereffective|p2a: LORDOFTHEGAME
|-damage|p2a: LORDOFTHEGAME|0 fnt
|faint|p2a: LORDOFTHEGAME
|
|-weather|Hail|[upkeep]
|-damage|p1a: Empoleon|339\/361|[from] hail
|-heal|p1a: Empoleon|361\/361|[from] item: Leftovers
|c|âSketchy Ecchi|o
|c|âSketchy Ecchi|this
|c|âSketchy Ecchi|is
|c|âSketchy Ecchi|awkward
|c|âdodmen|y
|c|âSketchy Ecchi|o
|c|âSketchy Ecchi|o
|c|âSketchy Ecchi|o
|c|âSketchy Ecchi|o
|c|âSketchy Ecchi|o
|c|âSketchy Ecchi|o
|c|âSketchy Ecchi|o
|c|âdodmen|why didn't you just fukin
|c|âSketchy Ecchi|o
|c|âdodmen|set up hazard
|c|âSketchy Ecchi|i
|c|âSketchy Ecchi|cancled
|c|âSketchy Ecchi|but
|c|âSketchy Ecchi|it was gay
|c|âSketchy Ecchi|owel
|c|âSketchy Ecchi|you can see
|c|âSketchy Ecchi|my qt nick
|
|switch|p2a: BIRDS|Slowking, M|393\/393
|turn|3
|c|âSketchy Ecchi|do you think
|c|âSketchy Ecchi|deopping tspikes for ice beam is worth
|
|switch|p2a: TAKYONDEATHYON|Escavalier, M|343\/343
|move|p1a: Empoleon|Stealth Rock|p2a: TAKYONDEATHYON
|-sidestart|p2: Sketchy Ecchi|move: Stealth Rock
|
|-weather|Hail|[upkeep]
|-damage|p1a: Empoleon|339\/361|[from] hail
|-heal|p1a: Empoleon|361\/361|[from] item: Leftovers
|turn|4
|c|âSketchy Ecchi|cuz mega shark
|c|âdodmen|drop spikes
|c|âdodmen|nigga
|c|âSketchy Ecchi|o
|c|âdodmen|whatthe fuck
|c|âdodmen|ru doing
|c|âSketchy Ecchi|yeah
|c|âSketchy Ecchi|im showing u
|c|âSketchy Ecchi|nick
|c|âSketchy Ecchi|n_n
|c|âdodmen|ah ok
|c|âSketchy Ecchi|arent they qt
|c|âSketchy Ecchi|this one is bad
|c|âSketchy Ecchi|doesnt work
|c|âSketchy Ecchi|with no spaces
|c|âdodmen|idk what that means
|c|âSketchy Ecchi|its
|c|âSketchy Ecchi|all
|c|âdodmen|anime shit
|c|âSketchy Ecchi|death grips songs
|c|âdodmen|oh
|c|âSketchy Ecchi|>anime
|c|âdodmen|idk
|c|âSketchy Ecchi|>mc ride
|c|âdodmen|you watch anime
|c|âSketchy Ecchi|>culture
|
|move|p1a: Empoleon|Hydro Pump|p2a: TAKYONDEATHYON
|-damage|p2a: TAKYONDEATHYON|156\/343
|move|p2a: TAKYONDEATHYON|Drill Run|p1a: Empoleon
|-supereffective|p1a: Empoleon
|-damage|p1a: Empoleon|9\/361
|
|-weather|Hail|[upkeep]
|-damage|p1a: Empoleon|0 fnt|[from] hail
|faint|p1a: Empoleon
|c|âdodmen|fuk
|c|âdodmen|i was actually
|c|âdodmen|bout to 6-0 with torrent
|c|âdodmen|imo
|c|âSketchy Ecchi|kek
|c|âdodmen|gay nigggers from outer space
|c|âSketchy Ecchi|o
|
|switch|p1a: Krookodile|Krookodile, F|331\/331
|-ability|p1a: Krookodile|Intimidate|[of] p2a: TAKYONDEATHYON
|-unboost|p2a: TAKYONDEATHYON|atk|1
|turn|5
|c|âSketchy Ecchi|wot
|c|âdodmen|idk that's a movie
|c|âSketchy Ecchi|o
|c|âSketchy Ecchi|kek
|
|move|p1a: Krookodile|Knock Off|p2a: TAKYONDEATHYON
|-damage|p2a: TAKYONDEATHYON|0 fnt
|-enditem|p2a: TAKYONDEATHYON|Choice Band|[from] move: Knock Off|[of] p1a: Krookodile
|faint|p2a: TAKYONDEATHYON
|
|-weather|none
|c|âSketchy Ecchi|listen to d gris
|c|âdodmen|i have a lil bit just
|
|switch|p2a: PUNKWEIGHT|Aromatisse, F|406\/406
|-damage|p2a: PUNKWEIGHT|356\/406|[from] Stealth Rock
|turn|6
|c|âdodmen|haven't really explored it all the way
|c|âSketchy Ecchi|listen to exmil and no love deep web
|c|âdodmen|oh wtf this is a decent shark check
|c|âdodmen|what're you talking about
|
|move|p1a: Krookodile|Earthquake|p2a: PUNKWEIGHT
|-crit|p2a: PUNKWEIGHT
|-damage|p2a: PUNKWEIGHT|52\/406
|move|p2a: PUNKWEIGHT|Trick Room|p2a: PUNKWEIGHT
|-fieldstart|move: Trick Room|[of] p2a: PUNKWEIGHT
|
|turn|7
|c|âSketchy Ecchi|its
|c|âdodmen|woops
|c|âSketchy Ecchi|life orb max spatk
|c|âdodmen|i can tell
|c|âSketchy Ecchi|lol
|
|move|p2a: PUNKWEIGHT|Moonblast|p1a: Krookodile
|-supereffective|p1a: Krookodile
|-damage|p1a: Krookodile|0 fnt
|-damage|p2a: PUNKWEIGHT|12\/406|[from] item: Life Orb
|faint|p1a: Krookodile
|
|c|âSketchy Ecchi|does it
|c|âSketchy Ecchi|check shark
|c|âdodmen|probaly
|c|âdodmen|unless flinch
|
|switch|p1a: Zygarde|Zygarde|357\/357
|-ability|p1a: Zygarde|Aura Break
|turn|8
|c|âdodmen|huru up i have 2 leave soon
|c|âdodmen|o what if you put tspike on cofag
|c|âSketchy Ecchi|252+ Atk Mega Sharpedo Waterfall vs. 252 HP \/ 0 Def Aromatisse: 199-235 (49 - 57.8%) -- 97.7% chance to 2HKO
|c|âSketchy Ecchi|o
|c|âSketchy Ecchi|that would be cheeky
|
|move|p1a: Zygarde|Extreme Speed|p2a: PUNKWEIGHT
|-damage|p2a: PUNKWEIGHT|0 fnt
|-damage|p1a: Zygarde|322\/357|[from] item: Life Orb
|faint|p2a: PUNKWEIGHT
|
|c|âdodmen|!ds normal type, ru
|raw|<div class="infobox">Ambipom, Braviary, Cinccino, Exploud, Heliolisk, Lopunny, Meloetta, Pidgeot<\/div>
|c|âdodmen|oh that's
|c|âSketchy Ecchi|yeah rip
|c|âdodmen|a lot
|c|âdodmen|but like
|c|âSketchy Ecchi|i used to have
|c|âSketchy Ecchi|this ru tr team
|c|âdodmen|you're not beating any of those
|c|âdodmen|o what if you had like
|c|âdodmen|a random scarfer
|c|âdodmen|that beats things that beat t
|c|âSketchy Ecchi|with pursuit esca + chesto rest nasty room
|c|âdodmen|r
|c|âSketchy Ecchi|to pursuit frail normal types
|c|âSketchy Ecchi|kek
|c|âdodmen|yeah i remember that team
|c|âdodmen|you should put pursuit
|
|switch|p2a: CULTURESHOCK|Omastar, F|281\/281
|-damage|p2a: CULTURESHOCK|246\/281|[from] Stealth Rock
|turn|9
|c|âSketchy Ecchi|kek
|
|move|p2a: CULTURESHOCK|Toxic Spikes|p1a: Zygarde
|-sidestart|p1: dodmen|move: Toxic Spikes
|move|p1a: Zygarde|Earthquake|p2a: CULTURESHOCK
|-supereffective|p2a: CULTURESHOCK
|-damage|p2a: CULTURESHOCK|0 fnt
|-damage|p1a: Zygarde|287\/357|[from] item: Life Orb
|faint|p2a: CULTURESHOCK
|
|
|switch|p2a: BIRDS|Slowking, M|393\/393
|-damage|p2a: BIRDS|344\/393|[from] Stealth Rock
|turn|10
|c|âSketchy Ecchi|easiest brun
|
|move|p2a: BIRDS|Scald|p1a: Zygarde
|-damage|p1a: Zygarde|114\/357
|-status|p1a: Zygarde|brn
|-damage|p2a: BIRDS|305\/393|[from] item: Life Orb
|move|p1a: Zygarde|Outrage|p2a: BIRDS
|-damage|p2a: BIRDS|163\/393
|-damage|p1a: Zygarde|79\/357 brn|[from] item: Life Orb
|
|-damage|p1a: Zygarde|35\/357 brn|[from] brn
|-fieldend|move: Trick Room
|turn|11
|c|âdodmen|easiest
|c|âSketchy Ecchi|nothax.jpeg
|join|waiv
|
|move|p1a: Zygarde|Outrage|p2a: BIRDS
|-damage|p2a: BIRDS|21\/393
|-damage|p1a: Zygarde|0 fnt|[from] item: Life Orb
|faint|p1a: Zygarde
|move|p2a: BIRDS|Trick Room|p2a: BIRDS
|-fieldstart|move: Trick Room|[of] p2a: BIRDS
|
|
|switch|p1a: Mienshao|Mienshao, M|271\/271
|-status|p1a: Mienshao|psn
|turn|12
|
|switch|p2a: THEFEVER|Cofagrigus, M|320\/320
|-damage|p2a: THEFEVER|280\/320|[from] Stealth Rock
|move|p1a: Mienshao|U-turn|p2a: THEFEVER
|-resisted|p2a: THEFEVER
|-damage|p2a: THEFEVER|248\/320
|-endability|p1a: Mienshao|reckless|[from] Mummy
|-ability|p1a: Mienshao|Mummy|[from] Mummy
|c|âSketchy Ecchi|ur
|c|âSketchy Ecchi|1
|c|âdodmen|fuck
|c|âSketchy Ecchi|cheeky
|c|âdodmen|i hjkd
|c|âSketchy Ecchi|kunt
|c|âdodmen|bullshit
|c|âSketchy Ecchi|o
|
|switch|p1a: Pidgeot|Pidgeot, M|307\/307
|
|-heal|p2a: THEFEVER|268\/320|[from] item: Leftovers
|turn|13
|c|âSketchy Ecchi|easiest
|
|detailschange|p1a: Pidgeot|Pidgeot-Mega, M
|-mega|p1a: Pidgeot|Pidgeot|Pidgeotite
|move|p2a: THEFEVER|Nasty Plot|p2a: THEFEVER
|-boost|p2a: THEFEVER|spa|2
|move|p1a: Pidgeot|Hurricane|p2a: THEFEVER
|-damage|p2a: THEFEVER|88\/320
|
|-heal|p2a: THEFEVER|108\/320|[from] item: Leftovers
|turn|14
|c|âSketchy Ecchi|crit
|
|move|p2a: THEFEVER|Hidden Power|p1a: Pidgeot
|-damage|p1a: Pidgeot|148\/307
|move|p1a: Pidgeot|Roost|p1a: Pidgeot
|-heal|p1a: Pidgeot|302\/307
|
|-heal|p2a: THEFEVER|128\/320|[from] item: Leftovers
|turn|15
|
|move|p2a: THEFEVER|Hidden Power|p1a: Pidgeot
|-damage|p1a: Pidgeot|163\/307
|move|p1a: Pidgeot|Substitute|p1a: Pidgeot
|-start|p1a: Pidgeot|Substitute
|-damage|p1a: Pidgeot|87\/307
|
|-heal|p2a: THEFEVER|148\/320|[from] item: Leftovers
|-fieldend|move: Trick Room
|turn|16
|c|âSketchy Ecchi|thats
|c|âSketchy Ecchi|awkward
|c|âSketchy Ecchi|of u
|
|move|p1a: Pidgeot|Hurricane|p2a: THEFEVER
|-damage|p2a: THEFEVER|0 fnt
|faint|p2a: THEFEVER
|
|
|switch|p2a: BIRDS|Slowking, M|152\/393
|-damage|p2a: BIRDS|103\/393|[from] Stealth Rock
|turn|17
|c|âSketchy Ecchi|im gonna take all caps from names
|c|âSketchy Ecchi|confusing
|c|âSketchy Ecchi|imo
|c|âdodmen|burn
|
|move|p1a: Pidgeot|Heat Wave|p2a: BIRDS
|-resisted|p2a: BIRDS
|-damage|p2a: BIRDS|49\/393
|move|p2a: BIRDS|Trick Room|p2a: BIRDS
|-fieldstart|move: Trick Room|[of] p2a: BIRDS
|
|turn|18
|c|âSketchy Ecchi|kek
|c|âdodmen|hax :\/
|
|move|p2a: BIRDS|Psychic|p1a: Pidgeot
|-end|p1a: Pidgeot|Substitute
|-damage|p2a: BIRDS|10\/393|[from] item: Life Orb
|move|p1a: Pidgeot|Substitute|p1a: Pidgeot
|-start|p1a: Pidgeot|Substitute
|-damage|p1a: Pidgeot|11\/307
|
|turn|19
|
|move|p2a: BIRDS|Nasty Plot|p2a: BIRDS
|-boost|p2a: BIRDS|spa|2
|move|p1a: Pidgeot|Heat Wave|p2a: BIRDS
|-resisted|p2a: BIRDS
|-damage|p2a: BIRDS|0 fnt
|faint|p2a: BIRDS
|
|win|dodmen
|c|âdodmen|predicted
|c|âSketchy Ecchi|rip