|join|Sketchy Ecchi
|join|King UU
|player|p1|Sketchy Ecchi|146
|player|p2|King UU|22
|gametype|singles
|gen|6
|tier|UU
|rated
|rule|Sleep Clause Mod: Limit one foe put to sleep
|rule|Species Clause: Limit one of each PokÃ©mon
|rule|OHKO Clause: OHKO moves are banned
|rule|Moody Clause: Moody is banned
|rule|Evasion Moves Clause: Evasion moves are banned
|rule|Endless Battle Clause: Forcing endless battles is banned
|rule|HP Percentage Mod: HP is shown in percentages
|clearpoke
|poke|p1|Nidoqueen, F
|poke|p1|Forretress, F
|poke|p1|Togetic, F
|poke|p1|Suicune
|poke|p1|Blissey, F
|poke|p1|Spiritomb, M
|poke|p2|Aggron, F
|poke|p2|Vaporeon, F
|poke|p2|Florges, F
|poke|p2|Hydreigon, F
|poke|p2|Donphan, M
|poke|p2|Machamp, F
|rule|Swagger Clause: Swagger is banned
|rule|Baton Pass Clause: Limit one PokÃ©mon knowing Baton Pass
|teampreview
|join|Emma Bae
|c|âKing UU|how are you so fast
|c|âKing UU|lol
|c| Emma Bae|no idea, i just checked ur name randomly
|c|âKing UU|cute.
|c| Emma Bae|and i didnt know u just went into a game
|c| Emma Bae|-_-"
|c|âKing UU|LOL
|c| Emma Bae|:P
|
|start
|switch|p1a: Heart-Shaped Box|Forretress, F|354\/354
|switch|p2a: Donphan|Donphan, M|353\/353
|turn|1
|
|move|p2a: Donphan|Knock Off|p1a: Heart-Shaped Box
|-damage|p1a: Heart-Shaped Box|290\/354
|-enditem|p1a: Heart-Shaped Box|Leftovers|[from] move: Knock Off|[of] p2a: Donphan
|move|p1a: Heart-Shaped Box|Toxic|p2a: Donphan
|-status|p2a: Donphan|tox
|
|-damage|p2a: Donphan|331\/353 tox|[from] psn
|turn|2
|c| Emma Bae|wait is this ladder?
|
|move|p2a: Donphan|Earthquake|p1a: Heart-Shaped Box
|-damage|p1a: Heart-Shaped Box|191\/354
|move|p1a: Heart-Shaped Box|Spikes|p2a: Donphan
|-sidestart|p2: King UU|Spikes
|
|-damage|p2a: Donphan|287\/353 tox|[from] psn
|turn|3
|c|âKing UU|yes.
|join|DrReuniclus3
|
|move|p2a: Donphan|Earthquake|p1a: Heart-Shaped Box
|-damage|p1a: Heart-Shaped Box|92\/354
|move|p1a: Heart-Shaped Box|Spikes|p2a: Donphan
|-sidestart|p2: King UU|Spikes
|
|-damage|p2a: Donphan|221\/353 tox|[from] psn
|turn|4
|
|switch|p1a: Blew|Spiritomb, M|304\/304
|move|p2a: Donphan|Rapid Spin|p1a: Blew
|-immune|p1a: Blew|[msg]
|
|-damage|p2a: Donphan|133\/353 tox|[from] psn
|turn|5
|c| Emma Bae|nice tilt you've been on...
|c|âKing UU|tilt?
|c|âKing UU|I just haven't played
|c| Emma Bae|weren't you like 1700
|
|switch|p2a: Florges|Florges, F|360\/360
|-damage|p2a: Florges|300\/360|[from] Spikes
|move|p1a: Blew|Dark Pulse|p2a: Florges
|-resisted|p2a: Florges
|-damage|p2a: Florges|272\/360
|
|-heal|p2a: Florges|294\/360|[from] item: Leftovers
|turn|6
|
|switch|p1a: About A Girl|Nidoqueen, F|384\/384
|move|p2a: Florges|Calm Mind|p2a: Florges
|-boost|p2a: Florges|spa|1
|-boost|p2a: Florges|spd|1
|
|-heal|p2a: Florges|316\/360|[from] item: Leftovers
|turn|7
|
|switch|p1a: Dumb|Suicune|404\/404
|-ability|p1a: Dumb|Pressure
|move|p2a: Florges|Calm Mind|p2a: Florges
|-boost|p2a: Florges|spa|1
|-boost|p2a: Florges|spd|1
|
|-heal|p2a: Florges|338\/360|[from] item: Leftovers
|turn|8
|
|move|p2a: Florges|Moonblast|p1a: Dumb
|-damage|p1a: Dumb|170\/404
|move|p1a: Dumb|Roar|p2a: Florges
|drag|p2a: Vaporeon|Vaporeon, F|464\/464
|-damage|p2a: Vaporeon|387\/464|[from] Spikes
|
|-heal|p1a: Dumb|195\/404|[from] item: Leftovers
|-heal|p2a: Vaporeon|416\/464|[from] item: Leftovers
|turn|9
|
|move|p2a: Vaporeon|Baton Pass|p2a: Vaporeon
|
|switch|p2a: Aggron|Aggron, F|344\/344
|-damage|p2a: Aggron|287\/344|[from] Spikes
|move|p1a: Dumb|Roar|p2a: Aggron
|drag|p2a: Hydreigon|Hydreigon, F|325\/325
|
|-heal|p1a: Dumb|220\/404|[from] item: Leftovers
|turn|10
|
|switch|p1a: Rape Me|Blissey, F|714\/714
|move|p2a: Hydreigon|U-turn|p1a: Rape Me
|-damage|p1a: Rape Me|617\/714
|
|switch|p2a: Aggron|Aggron, F|287\/344
|-damage|p2a: Aggron|230\/344|[from] Spikes
|
|-heal|p1a: Rape Me|661\/714|[from] item: Leftovers
|turn|11
|
|detailschange|p2a: Aggron|Aggron-Mega, F
|-mega|p2a: Aggron|Aggron|Aggronite
|move|p1a: Rape Me|Wish|p1a: Rape Me
|move|p2a: Aggron|Stealth Rock|p1a: Rape Me
|-sidestart|p1: Sketchy Ecchi|move: Stealth Rock
|
|-heal|p1a: Rape Me|705\/714|[from] item: Leftovers
|turn|12
|
|move|p1a: Rape Me|Seismic Toss|p2a: Aggron
|-damage|p2a: Aggron|130\/344
|move|p2a: Aggron|Roar|p1a: Rape Me
|drag|p1a: Heart-Shaped Box|Forretress, F|92\/354
|-damage|p1a: Heart-Shaped Box|48\/354|[from] Stealth Rock
|
|-heal|p1a: Heart-Shaped Box|354\/354|[from] move: Wish|[wisher] Rape Me
|turn|13
|c|âKing UU|the wrost
|c|âSketchy Ecchi|easy
|c|âKing UU|possible
|c|âKing UU|switch in
|c|âKing UU|lol
|c|âSketchy Ecchi|sry kinky
|c|âKing UU|s'ok
|
|switch|p2a: Florges|Florges, F|338\/360
|-damage|p2a: Florges|278\/360|[from] Spikes
|move|p1a: Heart-Shaped Box|Rapid Spin|p2a: Florges
|-damage|p2a: Florges|265\/360
|-sideend|p1: Sketchy Ecchi|Stealth Rock|[from] move: Rapid Spin|[of] p1a: Heart-Shaped Box
|
|-heal|p2a: Florges|287\/360|[from] item: Leftovers
|turn|14
|c|âKing UU|I'll get this done, watch
|
|move|p2a: Florges|Calm Mind|p2a: Florges
|-boost|p2a: Florges|spa|1
|-boost|p2a: Florges|spd|1
|move|p1a: Heart-Shaped Box|Toxic|p2a: Florges
|-status|p2a: Florges|tox
|
|-heal|p2a: Florges|309\/360 tox|[from] item: Leftovers
|-damage|p2a: Florges|287\/360 tox|[from] psn
|turn|15
|
|move|p2a: Florges|Aromatherapy|p2a: Florges
|-cureteam|p2a: Florges|[from] move: Aromatherapy
|move|p1a: Heart-Shaped Box|Gyro Ball|p2a: Florges
|-supereffective|p2a: Florges
|-damage|p2a: Florges|167\/360
|
|-heal|p2a: Florges|189\/360|[from] item: Leftovers
|turn|16
|
|move|p2a: Florges|Calm Mind|p2a: Florges
|-boost|p2a: Florges|spa|1
|-boost|p2a: Florges|spd|1
|move|p1a: Heart-Shaped Box|Toxic|p2a: Florges
|-status|p2a: Florges|tox
|
|-heal|p2a: Florges|211\/360 tox|[from] item: Leftovers
|-damage|p2a: Florges|189\/360 tox|[from] psn
|turn|17
|
|move|p2a: Florges|Aromatherapy|p2a: Florges
|-cureteam|p2a: Florges|[from] move: Aromatherapy
|move|p1a: Heart-Shaped Box|Gyro Ball|p2a: Florges
|-supereffective|p2a: Florges
|-damage|p2a: Florges|67\/360
|
|-heal|p2a: Florges|89\/360|[from] item: Leftovers
|turn|18
|
|move|p2a: Florges|Synthesis|p2a: Florges
|-heal|p2a: Florges|269\/360
|move|p1a: Heart-Shaped Box|Toxic|p2a: Florges
|-status|p2a: Florges|tox
|
|-heal|p2a: Florges|291\/360 tox|[from] item: Leftovers
|-damage|p2a: Florges|269\/360 tox|[from] psn
|turn|19
|
|move|p2a: Florges|Aromatherapy|p2a: Florges
|-cureteam|p2a: Florges|[from] move: Aromatherapy
|move|p1a: Heart-Shaped Box|Gyro Ball|p2a: Florges
|-supereffective|p2a: Florges
|-damage|p2a: Florges|137\/360
|
|-heal|p2a: Florges|159\/360|[from] item: Leftovers
|turn|20
|
|move|p2a: Florges|Synthesis|p2a: Florges
|-heal|p2a: Florges|339\/360
|move|p1a: Heart-Shaped Box|Toxic|p2a: Florges
|-status|p2a: Florges|tox
|
|-heal|p2a: Florges|360\/360 tox|[from] item: Leftovers
|-damage|p2a: Florges|338\/360 tox|[from] psn
|turn|21
|
|move|p2a: Florges|Aromatherapy|p2a: Florges
|-cureteam|p2a: Florges|[from] move: Aromatherapy
|move|p1a: Heart-Shaped Box|Gyro Ball|p2a: Florges
|-supereffective|p2a: Florges
|-damage|p2a: Florges|210\/360
|
|-heal|p2a: Florges|232\/360|[from] item: Leftovers
|turn|22
|
|move|p2a: Florges|Calm Mind|p2a: Florges
|-boost|p2a: Florges|spa|1
|-boost|p2a: Florges|spd|1
|move|p1a: Heart-Shaped Box|Toxic|p2a: Florges
|-status|p2a: Florges|tox
|
|-heal|p2a: Florges|254\/360 tox|[from] item: Leftovers
|-damage|p2a: Florges|232\/360 tox|[from] psn
|turn|23
|c| Emma Bae|greeedy
|
|move|p2a: Florges|Aromatherapy|p2a: Florges
|-cureteam|p2a: Florges|[from] move: Aromatherapy
|move|p1a: Heart-Shaped Box|Gyro Ball|p2a: Florges
|-supereffective|p2a: Florges
|-damage|p2a: Florges|112\/360
|
|-heal|p2a: Florges|134\/360|[from] item: Leftovers
|turn|24
|
|move|p2a: Florges|Synthesis|p2a: Florges
|-heal|p2a: Florges|314\/360
|move|p1a: Heart-Shaped Box|Toxic|p2a: Florges
|-status|p2a: Florges|tox
|
|-heal|p2a: Florges|336\/360 tox|[from] item: Leftovers
|-damage|p2a: Florges|314\/360 tox|[from] psn
|turn|25
|c|âKing UU|hardly.
|c| Emma Bae|you're not getting past blissey idfk what ur dooing
|c|âKing UU|have faith
|c|âKing UU|in your kink
|
|move|p2a: Florges|Aromatherapy|p2a: Florges
|-cureteam|p2a: Florges|[from] move: Aromatherapy
|move|p1a: Heart-Shaped Box|Gyro Ball|p2a: Florges
|-supereffective|p2a: Florges
|-damage|p2a: Florges|186\/360
|
|-heal|p2a: Florges|208\/360|[from] item: Leftovers
|turn|26
|
|move|p2a: Florges|Calm Mind|p2a: Florges
|-boost|p2a: Florges|spa|1
|-boost|p2a: Florges|spd|1
|move|p1a: Heart-Shaped Box|Toxic|p2a: Florges|[miss]
|-miss|p1a: Heart-Shaped Box|p2a: Florges
|
|-heal|p2a: Florges|230\/360|[from] item: Leftovers
|turn|27
|c| Emma Bae|btw is this hexium guy the ubers player?
|c|âKing UU|idk if he plays ubers or not
|
|move|p2a: Florges|Moonblast|p1a: Heart-Shaped Box
|-resisted|p1a: Heart-Shaped Box
|-damage|p1a: Heart-Shaped Box|68\/354
|move|p1a: Heart-Shaped Box|Toxic|p2a: Florges
|-status|p2a: Florges|tox
|
|-heal|p2a: Florges|252\/360 tox|[from] item: Leftovers
|-damage|p2a: Florges|230\/360 tox|[from] psn
|turn|28
|c| Emma Bae|i found him on ubers ladder
|c| Emma Bae|i got shat on
|c| Emma Bae|no no that was another guy
|
|move|p2a: Florges|Aromatherapy|p2a: Florges
|-cureteam|p2a: Florges|[from] move: Aromatherapy
|move|p1a: Heart-Shaped Box|Gyro Ball|p2a: Florges
|-supereffective|p2a: Florges
|-damage|p2a: Florges|104\/360
|
|-heal|p2a: Florges|126\/360|[from] item: Leftovers
|turn|29
|
|move|p2a: Florges|Synthesis|p2a: Florges
|-heal|p2a: Florges|306\/360
|move|p1a: Heart-Shaped Box|Toxic|p2a: Florges
|-status|p2a: Florges|tox
|
|-heal|p2a: Florges|328\/360 tox|[from] item: Leftovers
|-damage|p2a: Florges|306\/360 tox|[from] psn
|turn|30
|c| Emma Bae|i beat hexium
|c| Emma Bae|i lost to rare candy dealer or something -_-"
|
|move|p2a: Florges|Moonblast|p1a: Heart-Shaped Box
|-resisted|p1a: Heart-Shaped Box
|-damage|p1a: Heart-Shaped Box|0 fnt
|faint|p1a: Heart-Shaped Box
|
|-heal|p2a: Florges|328\/360 tox|[from] item: Leftovers
|-damage|p2a: Florges|284\/360 tox|[from] psn
|
|switch|p1a: Rape Me|Blissey, F|705\/714
|turn|31
|
|move|p2a: Florges|Aromatherapy|p2a: Florges
|-cureteam|p2a: Florges|[from] move: Aromatherapy
|move|p1a: Rape Me|Seismic Toss|p2a: Florges
|-damage|p2a: Florges|184\/360
|
|-heal|p2a: Florges|206\/360|[from] item: Leftovers
|-heal|p1a: Rape Me|714\/714|[from] item: Leftovers
|turn|32
|
|move|p2a: Florges|Calm Mind|p2a: Florges
|-boost|p2a: Florges|spa|1
|-boost|p2a: Florges|spd|1
|move|p1a: Rape Me|Toxic|p2a: Florges
|-status|p2a: Florges|tox
|
|-heal|p2a: Florges|228\/360 tox|[from] item: Leftovers
|-damage|p2a: Florges|206\/360 tox|[from] psn
|turn|33
|
|move|p2a: Florges|Moonblast|p1a: Rape Me
|-damage|p1a: Rape Me|401\/714
|move|p1a: Rape Me|Seismic Toss|p2a: Florges
|-damage|p2a: Florges|106\/360 tox
|
|-heal|p2a: Florges|128\/360 tox|[from] item: Leftovers
|-heal|p1a: Rape Me|445\/714|[from] item: Leftovers
|-damage|p2a: Florges|84\/360 tox|[from] psn
|turn|34
|
|move|p2a: Florges|Moonblast|p1a: Rape Me
|-damage|p1a: Rape Me|111\/714
|move|p1a: Rape Me|Soft-Boiled|p1a: Rape Me
|-heal|p1a: Rape Me|468\/714
|
|-heal|p2a: Florges|106\/360 tox|[from] item: Leftovers
|-heal|p1a: Rape Me|512\/714|[from] item: Leftovers
|-damage|p2a: Florges|40\/360 tox|[from] psn
|turn|35
|
|move|p2a: Florges|Moonblast|p1a: Rape Me
|-damage|p1a: Rape Me|196\/714
|move|p1a: Rape Me|Soft-Boiled|p1a: Rape Me
|-heal|p1a: Rape Me|553\/714
|
|-heal|p2a: Florges|62\/360 tox|[from] item: Leftovers
|-heal|p1a: Rape Me|597\/714|[from] item: Leftovers
|-damage|p2a: Florges|0 fnt|[from] psn
|faint|p2a: Florges
|
|switch|p2a: Donphan|Donphan, M|133\/353
|-damage|p2a: Donphan|75\/353|[from] Spikes
|turn|36
|c|âKing UU|Not good.
|c| Emma Bae|i bet u got a lot of aromatherapy's left
|c|âKing UU|Oi
|c|âKing UU|Emma
|c| DrReuniclus3|kek
|c| Emma Bae|lol
|
|move|p2a: Donphan|Earthquake|p1a: Rape Me
|-damage|p1a: Rape Me|260\/714
|move|p1a: Rape Me|Seismic Toss|p2a: Donphan
|-damage|p2a: Donphan|0 fnt
|faint|p2a: Donphan
|
|-heal|p1a: Rape Me|304\/714|[from] item: Leftovers
|join|dodmen
|
|switch|p2a: Machamp|Machamp, F|321\/321
|-damage|p2a: Machamp|268\/321|[from] Spikes
|turn|37
|
|switch|p1a: About A Girl|Nidoqueen, F|384\/384
|move|p2a: Machamp|Knock Off|p1a: About A Girl
|-damage|p1a: About A Girl|247\/384
|-enditem|p1a: About A Girl|Leftovers|[from] move: Knock Off|[of] p2a: Machamp
|
|turn|38
|
|switch|p2a: Vaporeon|Vaporeon, F|416\/464
|-damage|p2a: Vaporeon|339\/464|[from] Spikes
|move|p1a: About A Girl|Earth Power|p2a: Vaporeon
|-damage|p2a: Vaporeon|249\/464
|
|-heal|p2a: Vaporeon|278\/464|[from] item: Leftovers
|turn|39
|
|switch|p1a: Dumb|Suicune|220\/404
|-ability|p1a: Dumb|Pressure
|move|p2a: Vaporeon|Wish|p2a: Vaporeon
|
|-heal|p1a: Dumb|245\/404|[from] item: Leftovers
|-heal|p2a: Vaporeon|307\/464|[from] item: Leftovers
|turn|40
|
|move|p1a: Dumb|Rest|p1a: Dumb
|-status|p1a: Dumb|slp
|-heal|p1a: Dumb|404\/404 slp|[silent]
|-status|p1a: Dumb|slp|[from] move: Rest
|move|p2a: Vaporeon|Baton Pass|p2a: Vaporeon
|
|switch|p2a: Aggron|Aggron-Mega, F|130\/344
|-damage|p2a: Aggron|73\/344|[from] Spikes
|
|-heal|p2a: Aggron|305\/344|[from] move: Wish|[wisher] Vaporeon
|turn|41
|
|cant|p1a: Dumb|slp
|move|p1a: Dumb|Sleep Talk|p1a: Dumb
|move|p1a: Dumb|Rest|p1a: Dumb|[from]Sleep Talk
|-fail|p1a: Dumb
|move|p2a: Aggron|Stealth Rock|p1a: Dumb
|-sidestart|p1: Sketchy Ecchi|move: Stealth Rock
|
|turn|42
|
|cant|p1a: Dumb|slp
|move|p1a: Dumb|Sleep Talk|p1a: Dumb
|move|p1a: Dumb|Scald|p2a: Aggron|[from]Sleep Talk
|-damage|p2a: Aggron|221\/344
|-status|p2a: Aggron|brn
|move|p2a: Aggron|Roar|p1a: Dumb
|drag|p1a: About A Girl|Nidoqueen, F|247\/384
|-damage|p1a: About A Girl|223\/384|[from] Stealth Rock
|
|-damage|p2a: Aggron|178\/344 brn|[from] brn
|turn|43
|
|switch|p1a: Rape Me|Blissey, F|304\/714
|-damage|p1a: Rape Me|215\/714|[from] Stealth Rock
|switch|p2a: Vaporeon|Vaporeon, F|307\/464
|-damage|p2a: Vaporeon|230\/464|[from] Spikes
|
|-heal|p2a: Vaporeon|259\/464|[from] item: Leftovers
|-heal|p1a: Rape Me|259\/714|[from] item: Leftovers
|turn|44
|c| Emma Bae|ur unlucky with roars
|
|move|p2a: Vaporeon|Wish|p2a: Vaporeon
|move|p1a: Rape Me|Toxic|p2a: Vaporeon
|-status|p2a: Vaporeon|tox
|
|-heal|p2a: Vaporeon|288\/464 tox|[from] item: Leftovers
|-heal|p1a: Rape Me|303\/714|[from] item: Leftovers
|-damage|p2a: Vaporeon|259\/464 tox|[from] psn
|turn|45
|
|move|p2a: Vaporeon|Scald|p1a: Rape Me
|-damage|p1a: Rape Me|221\/714
|move|p1a: Rape Me|Soft-Boiled|p1a: Rape Me
|-heal|p1a: Rape Me|578\/714
|
|-heal|p2a: Vaporeon|464\/464 tox|[from] move: Wish|[wisher] Vaporeon
|-heal|p1a: Rape Me|622\/714|[from] item: Leftovers
|-damage|p2a: Vaporeon|406\/464 tox|[from] psn
|turn|46
|
|move|p2a: Vaporeon|Baton Pass|p2a: Vaporeon
|
|switch|p2a: Machamp|Machamp, F|268\/321
|-damage|p2a: Machamp|215\/321|[from] Spikes
|move|p1a: Rape Me|Seismic Toss|p2a: Machamp
|-damage|p2a: Machamp|115\/321
|
|-heal|p1a: Rape Me|666\/714|[from] item: Leftovers
|turn|47
|
|switch|p1a: About A Girl|Nidoqueen, F|223\/384
|-damage|p1a: About A Girl|199\/384|[from] Stealth Rock
|move|p2a: Machamp|Dynamic Punch|p1a: About A Girl
|-resisted|p1a: About A Girl
|-damage|p1a: About A Girl|83\/384
|-start|p1a: About A Girl|confusion
|
|turn|48
|
|switch|p2a: Hydreigon|Hydreigon, F|325\/325
|-activate|p1a: About A Girl|confusion
|-damage|p1a: About A Girl|66\/384|[from] confusion
|
|turn|49
|
|switch|p1a: All Apologies|Togetic, F|311\/311
|-damage|p1a: All Apologies|234\/311|[from] Stealth Rock
|move|p2a: Hydreigon|Dark Pulse|p1a: All Apologies
|-resisted|p1a: All Apologies
|-damage|p1a: All Apologies|174\/311
|
|turn|50
|
|move|p2a: Hydreigon|Dark Pulse|p1a: All Apologies
|-resisted|p1a: All Apologies
|-damage|p1a: All Apologies|105\/311
|move|p1a: All Apologies|Roost|p1a: All Apologies
|-heal|p1a: All Apologies|261\/311
|
|turn|51
|
|switch|p2a: Vaporeon|Vaporeon, F|406\/464 tox
|-damage|p2a: Vaporeon|329\/464 tox|[from] Spikes
|move|p1a: All Apologies|Dazzling Gleam|p2a: Vaporeon
|-damage|p2a: Vaporeon|265\/464 tox
|
|-heal|p2a: Vaporeon|294\/464 tox|[from] item: Leftovers
|-damage|p2a: Vaporeon|265\/464 tox|[from] psn
|turn|52
|
|switch|p1a: Dumb|Suicune|404\/404 slp
|-damage|p1a: Dumb|354\/404 slp|[from] Stealth Rock
|-ability|p1a: Dumb|Pressure
|move|p2a: Vaporeon|Wish|p2a: Vaporeon
|
|-heal|p1a: Dumb|379\/404 slp|[from] item: Leftovers
|-heal|p2a: Vaporeon|294\/464 tox|[from] item: Leftovers
|-damage|p2a: Vaporeon|236\/464 tox|[from] psn
|turn|53
|
|move|p2a: Vaporeon|Baton Pass|p2a: Vaporeon
|
|switch|p2a: Hydreigon|Hydreigon, F|325\/325
|-curestatus|p1a: Dumb|slp
|move|p1a: Dumb|Roar|p2a: Hydreigon
|drag|p2a: Aggron|Aggron-Mega, F|178\/344 brn
|-damage|p2a: Aggron|121\/344 brn|[from] Spikes
|
|-heal|p2a: Aggron|344\/344 brn|[from] move: Wish|[wisher] Vaporeon
|-heal|p1a: Dumb|404\/404|[from] item: Leftovers
|-damage|p2a: Aggron|301\/344 brn|[from] brn
|turn|54
|
|move|p1a: Dumb|Roar|p2a: Aggron
|drag|p2a: Machamp|Machamp, F|115\/321
|-damage|p2a: Machamp|62\/321|[from] Spikes
|
|turn|55
|
|move|p2a: Machamp|Dynamic Punch|p1a: Dumb
|-damage|p1a: Dumb|205\/404
|-start|p1a: Dumb|confusion
|-activate|p1a: Dumb|confusion
|move|p1a: Dumb|Scald|p2a: Machamp
|-damage|p2a: Machamp|0 fnt
|faint|p2a: Machamp
|
|-heal|p1a: Dumb|230\/404|[from] item: Leftovers
|
|switch|p2a: Hydreigon|Hydreigon, F|325\/325
|turn|56
|
|switch|p1a: Rape Me|Blissey, F|666\/714
|-damage|p1a: Rape Me|577\/714|[from] Stealth Rock
|move|p2a: Hydreigon|Dark Pulse|p1a: Rape Me
|-damage|p1a: Rape Me|414\/714
|
|-heal|p1a: Rape Me|458\/714|[from] item: Leftovers
|turn|57
|
|move|p2a: Hydreigon|Dark Pulse|p1a: Rape Me
|-damage|p1a: Rape Me|290\/714
|move|p1a: Rape Me|Seismic Toss|p2a: Hydreigon
|-damage|p2a: Hydreigon|225\/325
|
|-heal|p1a: Rape Me|334\/714|[from] item: Leftovers
|turn|58
|
|move|p2a: Hydreigon|Dark Pulse|p1a: Rape Me
|-damage|p1a: Rape Me|177\/714
|move|p1a: Rape Me|Soft-Boiled|p1a: Rape Me
|-heal|p1a: Rape Me|534\/714
|
|-heal|p1a: Rape Me|578\/714|[from] item: Leftovers
|turn|59
|
|move|p2a: Hydreigon|Dark Pulse|p1a: Rape Me
|-damage|p1a: Rape Me|409\/714
|move|p1a: Rape Me|Seismic Toss|p2a: Hydreigon
|-damage|p2a: Hydreigon|125\/325
|
|-heal|p1a: Rape Me|453\/714|[from] item: Leftovers
|turn|60
|leave|Emma Bae
|
|move|p2a: Hydreigon|Dark Pulse|p1a: Rape Me
|-damage|p1a: Rape Me|300\/714
|cant|p1a: Rape Me|flinch
|
|-heal|p1a: Rape Me|344\/714|[from] item: Leftovers
|turn|61
|
|move|p2a: Hydreigon|Dark Pulse|p1a: Rape Me
|-damage|p1a: Rape Me|185\/714
|move|p1a: Rape Me|Soft-Boiled|p1a: Rape Me
|-heal|p1a: Rape Me|542\/714
|
|-heal|p1a: Rape Me|586\/714|[from] item: Leftovers
|turn|62
|
|move|p2a: Hydreigon|Dark Pulse|p1a: Rape Me
|-damage|p1a: Rape Me|438\/714
|move|p1a: Rape Me|Seismic Toss|p2a: Hydreigon
|-damage|p2a: Hydreigon|25\/325
|
|-heal|p1a: Rape Me|482\/714|[from] item: Leftovers
|turn|63
|
|move|p2a: Hydreigon|Dark Pulse|p1a: Rape Me
|-damage|p1a: Rape Me|314\/714
|move|p1a: Rape Me|Seismic Toss|p2a: Hydreigon
|-damage|p2a: Hydreigon|0 fnt
|faint|p2a: Hydreigon
|
|-heal|p1a: Rape Me|358\/714|[from] item: Leftovers
|
|switch|p2a: Aggron|Aggron-Mega, F|301\/344 brn
|-damage|p2a: Aggron|244\/344 brn|[from] Spikes
|turn|64
|c|âKing UU|gg
|-message|King UU forfeited.
|
|win|Sketchy Ecchi
|raw|Ladder updating...
|leave|King UU
|player|p2
|raw|Sketchy Ecchi's rating: 1632 &rarr; <strong>1651<\/strong><br \/>(+19 for winning)
|raw|King UU's rating: 1614 &rarr; <strong>1595<\/strong><br \/>(-19 for losing)
|c|âSketchy Ecchi|gg
|leave|Sketchy Ecchi
|player|p1
|leave|DrReuniclus3
|join|DrReuniclus3
|leave|DrReuniclus3