|join|Hades974
|join|Handiman
|player|p1|Hades974|256
|player|p2|Handiman|2
|gametype|singles
|tier|OU
|rated
|rule|Evasion Abilities Clause: Evasion abilities are banned
|clearpoke
|poke|p1|Garchomp, M
|poke|p1|Breloom, F
|poke|p1|Weavile, F
|poke|p1|Landorus, M
|poke|p1|Latios, M
|poke|p1|Lucario, F
|poke|p2|Politoed, F
|poke|p2|Landorus-Therian, M
|poke|p2|Thundurus-Therian, M
|poke|p2|Toxicroak, M
|poke|p2|Tentacruel, M
|poke|p2|Ferrothorn, M
|rule|Sleep Clause: Limit one foe put to sleep
|rule|Species Clause: Limit one of each Pokemon
|rule|OHKO Clause: OHKO moves are banned
|rule|Moody Clause: Moody is banned
|rule|Evasion Moves Clause: Evasion moves are banned
|teampreview
|callback|decision
|
|start
|switch|p1a: Garchomp|Garchomp, M|358\/358
|switch|p2a: Landorus-Therian|Landorus-Therian, M|369\/369
|-ability|p2a: Landorus-Therian|Intimidate|[of] p1a: Garchomp
|-unboost|p1a: Garchomp|atk|1
|turn|1
|callback|decision
|
|move|p1a: Garchomp|Stealth Rock|p2a: Landorus-Therian
|-sidestart|p2: Handiman|move: Stealth Rock
|move|p2a: Landorus-Therian|Stealth Rock|p1a: Garchomp
|-sidestart|p1: Hades974|move: Stealth Rock
|
|turn|2
|callback|decision
|
|move|p1a: Garchomp|Swords Dance|p1a: Garchomp
|-boost|p1a: Garchomp|atk|2
|move|p2a: Landorus-Therian|Earthquake|p1a: Garchomp
|-damage|p1a: Garchomp|151\/358
|
|turn|3
|callback|decision
|
|move|p1a: Garchomp|Dragon Claw|p2a: Landorus-Therian
|-crit|p2a: Landorus-Therian
|-damage|p2a: Landorus-Therian|0 fnt
|faint|p2a: Landorus-Therian
|
|callback|decision
|
|switch|p2a: Ferrothorn|Ferrothorn, M|352\/352
|-damage|p2a: Ferrothorn|330\/352|[from] Stealth Rock
|turn|4
|callback|decision
|
|move|p1a: Garchomp|Earthquake|p2a: Ferrothorn
|-damage|p2a: Ferrothorn|128\/352
|move|p2a: Ferrothorn|Gyro Ball|p1a: Garchomp
|-damage|p1a: Garchomp|0 fnt
|-damage|p2a: Ferrothorn|84\/352|[from] ability: Rough Skin|[of] p1a: Garchomp
|faint|p1a: Garchomp
|
|-heal|p2a: Ferrothorn|106\/352|[from] item: Leftovers
|callback|decision
|
|switch|p1a: Landorus|Landorus, M|320\/320
|-damage|p1a: Landorus|280\/320|[from] Stealth Rock
|turn|5
|callback|decision
|
|move|p1a: Landorus|Earth Power|p2a: Ferrothorn
|-damage|p2a: Ferrothorn|0 fnt
|faint|p2a: Ferrothorn
|
|callback|decision
|
|switch|p2a: Politoed|Politoed, F|384\/384
|-damage|p2a: Politoed|336\/384|[from] Stealth Rock
|-weather|RainDance|[from] ability: Drizzle|[of] p2a: Politoed
|turn|6
|callback|decision
|
|switch|p1a: Breloom|Breloom, F|262\/262
|-damage|p1a: Breloom|246\/262|[from] Stealth Rock
|move|p2a: Politoed|Scald|p1a: Breloom
|-resisted|p1a: Breloom
|-damage|p1a: Breloom|152\/262
|
|-weather|RainDance|[upkeep]
|-heal|p2a: Politoed|360\/384|[from] item: Leftovers
|turn|7
|callback|decision
|
|move|p1a: Breloom|Spore|p2a: Politoed
|-status|p2a: Politoed|slp
|cant|p2a: Politoed|slp
|
|-weather|RainDance|[upkeep]
|-heal|p2a: Politoed|384\/384 slp|[from] item: Leftovers
|turn|8
|callback|decision
|
|switch|p1a: Landorus|Landorus, M|280\/320
|-damage|p1a: Landorus|240\/320|[from] Stealth Rock
|switch|p2a: Toxicroak|Toxicroak, M|313\/313
|-damage|p2a: Toxicroak|294\/313|[from] Stealth Rock
|
|-weather|RainDance|[upkeep]
|-heal|p2a: Toxicroak|313\/313|[from] ability: Dry Skin
|turn|9
|callback|decision
|
|move|p2a: Toxicroak|Sucker Punch|p1a: Landorus
|-damage|p1a: Landorus|106\/320
|-damage|p2a: Toxicroak|282\/313|[from] item: Life Orb
|move|p1a: Landorus|Earth Power|p2a: Toxicroak
|-supereffective|p2a: Toxicroak
|-damage|p2a: Toxicroak|0 fnt
|faint|p2a: Toxicroak
|
|-weather|RainDance|[upkeep]
|callback|decision
|
|switch|p2a: Thundurus-Therian|Thundurus-Therian, M|299\/299
|-damage|p2a: Thundurus-Therian|225\/299|[from] Stealth Rock
|turn|10
|callback|decision
|
|switch|p1a: Latios|Latios, M|302\/302
|-damage|p1a: Latios|265\/302|[from] Stealth Rock
|move|p2a: Thundurus-Therian|Agility|p2a: Thundurus-Therian
|-boost|p2a: Thundurus-Therian|spe|2
|
|-weather|RainDance|[upkeep]
|turn|11
|callback|decision
|
|move|p2a: Thundurus-Therian|Hidden Power|p1a: Latios
|-supereffective|p1a: Latios
|-damage|p1a: Latios|41\/302
|-damage|p2a: Thundurus-Therian|196\/299|[from] item: Life Orb
|move|p1a: Latios|Psyshock|p2a: Thundurus-Therian
|-damage|p2a: Thundurus-Therian|7\/299
|
|-weather|RainDance|[upkeep]
|turn|12
|callback|decision
|-message|Handiman forfeited.
|
|win|Hades974
|raw|Ladder updating...
|raw|Hades974's rating: 1621 &rarr; <strong>1625<\/strong><br \/>(+4 for winning)
|raw|Handiman's rating: 1656 &rarr; <strong>1652<\/strong><br \/>(-4 for losing)
|leave|Handiman
|player|p2