|join|Handiman
|join|sis puella magi!
|player|p1|Handiman|260
|player|p2|sis puella magi!|86
|gametype|singles
|gen|6
|tier|OU
|rated
|clearpoke
|poke|p1|Rotom-Wash
|poke|p1|Latios, M
|poke|p1|Scizor, M
|poke|p1|Gyarados, F
|poke|p1|Terrakion
|poke|p1|Landorus-Therian, M
|poke|p2|Sylveon, F
|poke|p2|Aegislash, F
|poke|p2|Azumarill, F
|poke|p2|Mawile, F, shiny
|poke|p2|Gardevoir, F
|poke|p2|Sableye, M
|rule|Baton Pass Clause: Limit 3 pokemon knowing Baton Pass
|rule|Sleep Clause Mod: Limit one foe put to sleep
|rule|Species Clause: Limit one of each Pokemon
|rule|OHKO Clause: OHKO moves are banned
|rule|Moody Clause: Moody is banned
|rule|Evasion Moves Clause: Evasion moves are banned
|rule|Endless Battle Clause: Forcing endless battles is banned
|rule|HP Percentage Mod: HP is reported as percentages
|teampreview
|
|start
|switch|p1a: Kav|Latios, M|302\/302
|switch|p2a: Mami Tomoe|Gardevoir, F|278\/278
|-ability|p2a: Mami Tomoe|Levitate|[from] ability: Trace|[of] p1a: Kav
|turn|1
|
|switch|p1a: Scizor|Scizor, M|341\/341
|move|p2a: Mami Tomoe|Moonblast|p1a: Scizor
|-resisted|p1a: Scizor
|-damage|p1a: Scizor|265\/341
|-unboost|p1a: Scizor|spa|1
|
|turn|2
|
|switch|p2a: Homura|Aegislash, F|324\/324
|move|p1a: Scizor|U-turn|p2a: Homura
|-resisted|p2a: Homura
|-damage|p2a: Homura|301\/324
|
|switch|p1a: Zenas|Landorus-Therian, M|369\/369
|-ability|p1a: Zenas|Intimidate|[of] p2a: Homura
|-unboost|p2a: Homura|atk|1
|
|turn|3
|
|switch|p2a: Mami Tomoe|Gardevoir, F|278\/278
|-ability|p2a: Mami Tomoe|Intimidate|[from] ability: Trace|[of] p1a: Zenas
|-ability|p2a: Mami Tomoe|Intimidate|[of] p1a: Zenas
|-unboost|p1a: Zenas|atk|1
|move|p1a: Zenas|Earthquake|p2a: Mami Tomoe
|-damage|p2a: Mami Tomoe|100\/278
|
|turn|4
|
|switch|p1a: Scizor|Scizor, M|265\/341
|move|p2a: Mami Tomoe|Moonblast|p1a: Scizor
|-resisted|p1a: Scizor
|-damage|p1a: Scizor|192\/341
|
|turn|5
|
|switch|p2a: Homura|Aegislash, F|301\/324
|move|p1a: Scizor|U-turn|p2a: Homura
|-resisted|p2a: Homura
|-damage|p2a: Homura|277\/324
|
|switch|p1a: Zenas|Landorus-Therian, M|369\/369
|-ability|p1a: Zenas|Intimidate|[of] p2a: Homura
|-unboost|p2a: Homura|atk|1
|
|turn|6
|
|move|p1a: Zenas|Earthquake|p2a: Homura
|-supereffective|p2a: Homura
|-damage|p2a: Homura|0 fnt
|faint|p2a: Homura
|
|
|switch|p2a: Mami Tomoe|Gardevoir, F|100\/278
|-ability|p2a: Mami Tomoe|Intimidate|[from] ability: Trace|[of] p1a: Zenas
|-ability|p2a: Mami Tomoe|Intimidate|[of] p1a: Zenas
|-unboost|p1a: Zenas|atk|1
|turn|7
|
|switch|p1a: Scizor|Scizor, M|192\/341
|move|p2a: Mami Tomoe|Hidden Power|p1a: Scizor
|-supereffective|p1a: Scizor
|-damage|p1a: Scizor|0 fnt
|faint|p1a: Scizor
|
|
|switch|p1a: Gyarados|Gyarados, F|331\/331
|turn|8
|
|switch|p2a: Sableye|Sableye, M|304\/304
|move|p1a: Gyarados|Dragon Dance|p1a: Gyarados
|-boost|p1a: Gyarados|atk|1
|-boost|p1a: Gyarados|spe|1
|
|turn|9
|
|switch|p1a: Jim|Rotom-Wash|304\/304
|move|p2a: Sableye|Will-O-Wisp|p1a: Jim
|-status|p1a: Jim|brn
|
|-damage|p1a: Jim|266\/304 brn|[from] brn
|turn|10
|
|move|p2a: Sableye|Taunt|p1a: Jim
|-start|p1a: Jim|move: Taunt
|cant|p1a: Jim|move: Taunt|Will-O-Wisp
|
|-heal|p1a: Jim|285\/304 brn|[from] item: Leftovers
|-damage|p1a: Jim|247\/304 brn|[from] brn
|turn|11
|
|move|p1a: Jim|Volt Switch|p2a: Sableye
|-damage|p2a: Sableye|225\/304
|
|switch|p1a: Kav|Latios, M|302\/302
|move|p2a: Sableye|Foul Play|p1a: Kav
|-supereffective|p1a: Kav
|-damage|p1a: Kav|74\/302
|
|-heal|p2a: Sableye|244\/304|[from] item: Leftovers
|turn|12
|
|switch|p2a: Mami Tomoe|Gardevoir, F|100\/278
|-ability|p2a: Mami Tomoe|Levitate|[from] ability: Trace|[of] p1a: Kav
|move|p1a: Kav|Trick|p2a: Mami Tomoe
|-activate|p1a: Kav|move: Trick|[of] p2a: Mami Tomoe
|-item|p2a: Mami Tomoe|Choice Scarf|[from] move: Trick
|-item|p1a: Kav|Choice Scarf|[from] move: Trick
|
|turn|13
|
|move|p1a: Kav|Psyshock|p2a: Mami Tomoe
|-resisted|p2a: Mami Tomoe
|-damage|p2a: Mami Tomoe|0 fnt
|faint|p2a: Mami Tomoe
|
|
|switch|p2a: Sableye|Sableye, M|244\/304
|turn|14
|
|switch|p1a: Jim|Rotom-Wash|247\/304 brn
|move|p2a: Sableye|Foul Play|p1a: Jim
|-damage|p1a: Jim|183\/304 brn
|
|-heal|p1a: Jim|202\/304 brn|[from] item: Leftovers
|-heal|p2a: Sableye|263\/304|[from] item: Leftovers
|-damage|p1a: Jim|164\/304 brn|[from] brn
|turn|15
|
|move|p2a: Sableye|Taunt|p1a: Jim
|-start|p1a: Jim|move: Taunt
|move|p1a: Jim|Hydro Pump|p2a: Sableye
|-damage|p2a: Sableye|122\/304
|
|-heal|p1a: Jim|183\/304 brn|[from] item: Leftovers
|-heal|p2a: Sableye|141\/304|[from] item: Leftovers
|-damage|p1a: Jim|145\/304 brn|[from] brn
|turn|16
|
|move|p2a: Sableye|Recover|p2a: Sableye
|-heal|p2a: Sableye|293\/304
|move|p1a: Jim|Volt Switch|p2a: Sableye
|-damage|p2a: Sableye|215\/304
|
|switch|p1a: Kav|Latios, M|74\/302
|
|-heal|p2a: Sableye|234\/304|[from] item: Leftovers
|turn|17
|
|move|p2a: Sableye|Taunt|p1a: Kav
|-start|p1a: Kav|move: Taunt
|cant|p1a: Kav|move: Taunt|Trick
|
|-heal|p2a: Sableye|253\/304|[from] item: Leftovers
|turn|18
|
|move|p1a: Kav|Draco Meteor|p2a: Sableye
|-damage|p2a: Sableye|16\/304
|-unboost|p1a: Kav|spa|2
|move|p2a: Sableye|Foul Play|p1a: Kav
|-supereffective|p1a: Kav
|-damage|p1a: Kav|0 fnt
|faint|p1a: Kav
|
|-heal|p2a: Sableye|35\/304|[from] item: Leftovers
|
|switch|p1a: Zenas|Landorus-Therian, M|369\/369
|-ability|p1a: Zenas|Intimidate|[of] p2a: Sableye
|-unboost|p2a: Sableye|atk|1
|turn|19
|
|move|p2a: Sableye|Will-O-Wisp|p1a: Zenas
|-status|p1a: Zenas|brn
|move|p1a: Zenas|Earthquake|p2a: Sableye
|-damage|p2a: Sableye|0 fnt
|faint|p2a: Sableye
|
|-damage|p1a: Zenas|323\/369 brn|[from] brn
|
|switch|p2a: Sayaka|Azumarill, F|404\/404
|turn|20
|
|move|p1a: Zenas|U-turn|p2a: Sayaka
|-resisted|p2a: Sayaka
|-damage|p2a: Sayaka|378\/404
|
|switch|p1a: Gyarados|Gyarados, F|331\/331
|move|p2a: Sayaka|Play Rough|p1a: Gyarados
|-damage|p1a: Gyarados|103\/331
|
|turn|21
|
|detailschange|p1a: Gyarados|Gyarados-Mega, F
|message|Gyarados has Mega Evolved into Mega Gyarados!
|-ability|p1a: Gyarados|Mold Breaker
|move|p1a: Gyarados|Earthquake|p2a: Sayaka
|-crit|p2a: Sayaka
|-damage|p2a: Sayaka|128\/404
|-enditem|p2a: Sayaka|Sitrus Berry|[eat]
|-heal|p2a: Sayaka|229\/404|[from] item: Sitrus Berry
|move|p2a: Sayaka|Play Rough|p1a: Gyarados
|-supereffective|p1a: Gyarados
|-damage|p1a: Gyarados|0 fnt
|faint|p1a: Gyarados
|
|
|switch|p1a: Zenas|Landorus-Therian, M|323\/369 brn
|-ability|p1a: Zenas|Intimidate|[of] p2a: Sayaka
|-unboost|p2a: Sayaka|atk|1
|turn|22
|
|switch|p1a: Jim|Rotom-Wash|145\/304 brn
|move|p2a: Sayaka|Play Rough|p1a: Jim
|-damage|p1a: Jim|24\/304 brn
|-unboost|p1a: Jim|atk|1
|
|-heal|p1a: Jim|43\/304 brn|[from] item: Leftovers
|-damage|p1a: Jim|5\/304 brn|[from] brn
|turn|23
|
|move|p2a: Sayaka|Aqua Jet|p1a: Jim
|-resisted|p1a: Jim
|-damage|p1a: Jim|0 fnt
|faint|p1a: Jim
|
|
|switch|p1a: Zenas|Landorus-Therian, M|323\/369 brn
|-ability|p1a: Zenas|Intimidate|[of] p2a: Sayaka
|-unboost|p2a: Sayaka|atk|1
|turn|24
|
|move|p2a: Sayaka|Aqua Jet|p1a: Zenas
|-supereffective|p1a: Zenas
|-damage|p1a: Zenas|251\/369 brn
|move|p1a: Zenas|Earthquake|p2a: Sayaka
|-damage|p2a: Sayaka|114\/404
|
|-heal|p1a: Zenas|274\/369 brn|[from] item: Leftovers
|-damage|p1a: Zenas|228\/369 brn|[from] brn
|turn|25
|
|move|p2a: Sayaka|Aqua Jet|p1a: Zenas
|-supereffective|p1a: Zenas
|-damage|p1a: Zenas|154\/369 brn
|move|p1a: Zenas|Earthquake|p2a: Sayaka
|-damage|p2a: Sayaka|0 fnt
|faint|p2a: Sayaka
|
|-heal|p1a: Zenas|177\/369 brn|[from] item: Leftovers
|-damage|p1a: Zenas|131\/369 brn|[from] brn
|
|switch|p2a: kyoko|Mawile, F, shiny|304\/304
|-ability|p2a: kyoko|Intimidate|[of] p1a: Zenas
|-unboost|p1a: Zenas|atk|1
|turn|26
|
|detailschange|p2a: kyoko|Mawile-Mega, F, shiny
|message|Mawile has Mega Evolved into Mega Mawile!
|move|p2a: kyoko|Sucker Punch|p1a: Zenas
|-damage|p1a: Zenas|0 fnt
|faint|p1a: Zenas
|
|
|switch|p1a: Kat|Terrakion|324\/324
|turn|27
|
|move|p1a: Kat|Close Combat|p2a: kyoko
|-damage|p2a: kyoko|126\/304
|-unboost|p1a: Kat|def|1
|-unboost|p1a: Kat|spd|1
|move|p2a: kyoko|Iron Head|p1a: Kat
|-crit|p1a: Kat
|-supereffective|p1a: Kat
|-damage|p1a: Kat|0 fnt
|faint|p1a: Kat
|
|win|sis puella magi!
|raw|Ladder updating...
|raw|Handiman's rating: 1638 &rarr; <strong>1612<\/strong><br \/>(-26 for losing)
|raw|sis puella magi!'s rating: 1531 &rarr; <strong>1557<\/strong><br \/>(+26 for winning)
|leave|Handiman
|player|p1