|join|Reverb
|join|Handiman
|player|p1|Reverb|#reverb
|player|p2|Handiman|253
|gametype|singles
|gen|6
|tier|OU
|rated
|clearpoke
|poke|p1|Lopunny, F
|poke|p1|Celebi
|poke|p1|Tyranitar, M
|poke|p1|Keldeo
|poke|p1|Landorus-Therian, M
|poke|p1|Empoleon, F
|poke|p2|Landorus-Therian, M
|poke|p2|Rotom-Wash
|poke|p2|Talonflame, M
|poke|p2|Sableye, F
|poke|p2|Azumarill, M
|poke|p2|Serperior, F
|rule|Swagger Clause: Swagger is banned
|rule|Baton Pass Clause: Limit one PokÃ©mon knowing Baton Pass
|rule|Sleep Clause Mod: Limit one foe put to sleep
|rule|Species Clause: Limit one of each PokÃ©mon
|rule|OHKO Clause: OHKO moves are banned
|rule|Moody Clause: Moody is banned
|rule|Evasion Moves Clause: Evasion moves are banned
|rule|Endless Battle Clause: Forcing endless battles is banned
|rule|HP Percentage Mod: HP is shown in percentages
|teampreview
|join|Cienight
|join|Alkov
|join|Prankster
|join|I Iike Squirtles
|
|start
|switch|p1a: Celebi|Celebi|404\/404
|switch|p2a: Sableye|Sableye, F|304\/304
|turn|1
|
|detailschange|p2a: Sableye|Sableye-Mega, F
|-mega|p2a: Sableye|Sableye|Sablenite
|move|p1a: Celebi|Baton Pass|p1a: Celebi
|
|switch|p1a: Empoleon|Empoleon, F|371\/371
|move|p2a: Sableye|Knock Off|p1a: Empoleon
|-damage|p1a: Empoleon|287\/371
|-enditem|p1a: Empoleon|Leftovers|[from] move: Knock Off|[of] p2a: Sableye
|
|turn|2
|
|move|p1a: Empoleon|Scald|p2a: Sableye
|-damage|p2a: Sableye|217\/304
|move|p2a: Sableye|Will-O-Wisp|p1a: Empoleon|[miss]
|-miss|p2a: Sableye|p1a: Empoleon
|
|turn|3
|
|switch|p2a: Rotom-Wash|Rotom-Wash|304\/304
|move|p1a: Empoleon|Scald|p2a: Rotom-Wash
|-resisted|p2a: Rotom-Wash
|-damage|p2a: Rotom-Wash|271\/304
|
|-heal|p2a: Rotom-Wash|290\/304|[from] item: Leftovers
|turn|4
|
|switch|p1a: Celebi|Celebi|404\/404
|move|p2a: Rotom-Wash|Volt Switch|p1a: Celebi
|-resisted|p1a: Celebi
|-damage|p1a: Celebi|371\/404
|
|switch|p2a: Landorus-Therian|Landorus-Therian, M|382\/382
|-ability|p2a: Landorus-Therian|Intimidate|[of] p1a: Celebi
|-unboost|p1a: Celebi|atk|1
|
|-heal|p1a: Celebi|396\/404|[from] item: Leftovers
|turn|5
|
|switch|p1a: Keldeo|Keldeo|323\/323
|move|p2a: Landorus-Therian|U-turn|p1a: Keldeo
|-resisted|p1a: Keldeo
|-damage|p1a: Keldeo|282\/323
|
|switch|p2a: Rotom-Wash|Rotom-Wash|290\/304
|
|-heal|p2a: Rotom-Wash|304\/304|[from] item: Leftovers
|turn|6
|
|move|p1a: Keldeo|Secret Sword|p2a: Rotom-Wash
|-damage|p2a: Rotom-Wash|109\/304
|move|p2a: Rotom-Wash|Volt Switch|p1a: Keldeo
|-supereffective|p1a: Keldeo
|-damage|p1a: Keldeo|112\/323
|
|switch|p2a: Landorus-Therian|Landorus-Therian, M|382\/382
|-ability|p2a: Landorus-Therian|Intimidate|[of] p1a: Keldeo
|-unboost|p1a: Keldeo|atk|1
|
|turn|7
|
|switch|p1a: Landorus-Therian|Landorus-Therian, M|327\/327
|-ability|p1a: Landorus-Therian|Intimidate|[of] p2a: Landorus-Therian
|-unboost|p2a: Landorus-Therian|atk|1
|move|p2a: Landorus-Therian|Stealth Rock|p1a: Landorus-Therian
|-sidestart|p1: Reverb|move: Stealth Rock
|
|turn|8
|
|move|p1a: Landorus-Therian|U-turn|p2a: Landorus-Therian
|-resisted|p2a: Landorus-Therian
|-damage|p2a: Landorus-Therian|345\/382
|
|switch|p1a: Empoleon|Empoleon, F|287\/371
|-damage|p1a: Empoleon|264\/371|[from] Stealth Rock
|move|p2a: Landorus-Therian|U-turn|p1a: Empoleon
|-resisted|p1a: Empoleon
|-damage|p1a: Empoleon|244\/371
|
|switch|p2a: Rotom-Wash|Rotom-Wash|109\/304
|
|-heal|p2a: Rotom-Wash|128\/304|[from] item: Leftovers
|turn|9
|
|move|p2a: Rotom-Wash|Volt Switch|p1a: Empoleon
|-supereffective|p1a: Empoleon
|-damage|p1a: Empoleon|80\/371
|
|switch|p2a: Sableye|Sableye-Mega, F|217\/304
|move|p1a: Empoleon|Stealth Rock|p2a: Sableye
|move|p2a: Sableye|Stealth Rock|p1a: Empoleon|[from]Magic Bounce
|-fail|p1a: Empoleon
|
|turn|10
|
|move|p1a: Empoleon|Defog|p2a: Sableye
|move|p2a: Sableye|Defog|p1a: Empoleon|[from]Magic Bounce
|-unboost|p1a: Empoleon|evasion|1
|-sideend|p1: Reverb|Stealth Rock|[from] move: Defog|[of] p1a: Empoleon
|move|p2a: Sableye|Recover|p2a: Sableye
|-heal|p2a: Sableye|304\/304
|
|turn|11
|
|move|p1a: Empoleon|Scald|p2a: Sableye
|-damage|p2a: Sableye|165\/304
|move|p2a: Sableye|Will-O-Wisp|p1a: Empoleon
|-status|p1a: Empoleon|brn
|
|-damage|p1a: Empoleon|34\/371 brn|[from] brn
|turn|12
|
|move|p2a: Sableye|Protect|p2a: Sableye
|-singleturn|p2a: Sableye|Protect
|move|p1a: Empoleon|Scald|p2a: Sableye
|-activate|p2a: Sableye|Protect
|
|-damage|p1a: Empoleon|0 fnt|[from] brn
|faint|p1a: Empoleon
|
|switch|p1a: Keldeo|Keldeo|112\/323
|turn|13
|
|move|p2a: Sableye|Protect|p2a: Sableye
|-fail|p2a: Sableye
|move|p1a: Keldeo|Scald|p2a: Sableye
|-damage|p2a: Sableye|0 fnt
|faint|p2a: Sableye
|
|
|switch|p2a: Serperior|Serperior, F|291\/291
|turn|14
|
|switch|p1a: Celebi|Celebi|396\/404
|move|p2a: Serperior|Leaf Storm|p1a: Celebi
|-resisted|p1a: Celebi
|-damage|p1a: Celebi|336\/404
|-boost|p2a: Serperior|spa|2
|
|-heal|p1a: Celebi|361\/404|[from] item: Leftovers
|turn|15
|join|Gros orteil
|
|move|p2a: Serperior|Hidden Power|p1a: Celebi
|-supereffective|p1a: Celebi
|-damage|p1a: Celebi|203\/404
|move|p1a: Celebi|Thunder Wave|p2a: Serperior
|-status|p2a: Serperior|par
|
|-heal|p1a: Celebi|228\/404|[from] item: Leftovers
|turn|16
|
|move|p1a: Celebi|Recover|p1a: Celebi
|-heal|p1a: Celebi|404\/404
|move|p2a: Serperior|Leaf Storm|p1a: Celebi
|-resisted|p1a: Celebi
|-damage|p1a: Celebi|281\/404
|-boost|p2a: Serperior|spa|2
|
|-heal|p1a: Celebi|306\/404|[from] item: Leftovers
|turn|17
|
|move|p1a: Celebi|Psychic|p2a: Serperior
|-damage|p2a: Serperior|183\/291 par
|-boost|p2a: Serperior|spd|1
|move|p2a: Serperior|Leaf Storm|p1a: Celebi
|-resisted|p1a: Celebi
|-damage|p1a: Celebi|138\/404
|-boost|p2a: Serperior|spa|2
|
|-heal|p1a: Celebi|163\/404|[from] item: Leftovers
|-heal|p2a: Serperior|201\/291 par|[from] item: Leftovers
|turn|18
|c| Cienight|rofl
|
|move|p1a: Celebi|Psychic|p2a: Serperior
|-damage|p2a: Serperior|129\/291 par
|move|p2a: Serperior|Leaf Storm|p1a: Celebi
|-resisted|p1a: Celebi
|-damage|p1a: Celebi|0 fnt
|faint|p1a: Celebi
|
|-heal|p2a: Serperior|147\/291 par|[from] item: Leftovers
|
|switch|p1a: Landorus-Therian|Landorus-Therian, M|327\/327
|-ability|p1a: Landorus-Therian|Intimidate|[of] p2a: Serperior
|-boost|p2a: Serperior|atk|1
|turn|19
|
|move|p1a: Landorus-Therian|U-turn|p2a: Serperior
|-supereffective|p2a: Serperior
|-damage|p2a: Serperior|0 fnt
|faint|p2a: Serperior
|
|switch|p1a: Keldeo|Keldeo|112\/323
|
|
|switch|p2a: Talonflame|Talonflame, M|360\/360
|turn|20
|join|lil manaphy
|
|switch|p1a: Tyranitar|Tyranitar, M|383\/383
|-weather|Sandstorm
|move|p2a: Talonflame|Brave Bird|p1a: Tyranitar
|-resisted|p1a: Tyranitar
|-damage|p1a: Tyranitar|300\/383
|-damage|p2a: Talonflame|333\/360|[from] recoil|[of] p1a: Tyranitar
|
|-weather|Sandstorm|[upkeep]
|-damage|p2a: Talonflame|311\/360|[from] sandstorm
|-heal|p2a: Talonflame|333\/360|[from] item: Leftovers
|turn|21
|
|switch|p2a: Landorus-Therian|Landorus-Therian, M|345\/382
|-ability|p2a: Landorus-Therian|Intimidate|[of] p1a: Tyranitar
|-unboost|p1a: Tyranitar|atk|1
|move|p1a: Tyranitar|Stone Edge|p2a: Landorus-Therian
|-damage|p2a: Landorus-Therian|200\/382
|
|-weather|Sandstorm|[upkeep]
|-heal|p2a: Landorus-Therian|223\/382|[from] item: Leftovers
|turn|22
|
|move|p2a: Landorus-Therian|Stealth Rock|p1a: Tyranitar
|-sidestart|p1: Reverb|move: Stealth Rock
|move|p1a: Tyranitar|Stone Edge|p2a: Landorus-Therian|[miss]
|-miss|p1a: Tyranitar|p2a: Landorus-Therian
|
|-weather|Sandstorm|[upkeep]
|-heal|p2a: Landorus-Therian|246\/382|[from] item: Leftovers
|turn|23
|
|switch|p1a: Landorus-Therian|Landorus-Therian, M|327\/327
|-damage|p1a: Landorus-Therian|287\/327|[from] Stealth Rock
|-ability|p1a: Landorus-Therian|Intimidate|[of] p2a: Landorus-Therian
|-unboost|p2a: Landorus-Therian|atk|1
|move|p2a: Landorus-Therian|Earthquake|p1a: Landorus-Therian
|-immune|p1a: Landorus-Therian|[msg]
|
|-weather|Sandstorm|[upkeep]
|-heal|p2a: Landorus-Therian|269\/382|[from] item: Leftovers
|turn|24
|
|move|p1a: Landorus-Therian|Stone Edge|p2a: Landorus-Therian
|-damage|p2a: Landorus-Therian|171\/382
|move|p2a: Landorus-Therian|U-turn|p1a: Landorus-Therian
|-resisted|p1a: Landorus-Therian
|-damage|p1a: Landorus-Therian|260\/327
|
|switch|p2a: Rotom-Wash|Rotom-Wash|128\/304
|
|-weather|none
|-heal|p2a: Rotom-Wash|147\/304|[from] item: Leftovers
|turn|25
|
|switch|p1a: Keldeo|Keldeo|112\/323
|-damage|p1a: Keldeo|92\/323|[from] Stealth Rock
|move|p2a: Rotom-Wash|Hydro Pump|p1a: Keldeo|[miss]
|-miss|p2a: Rotom-Wash|p1a: Keldeo
|
|-heal|p2a: Rotom-Wash|166\/304|[from] item: Leftovers
|turn|26
|
|move|p1a: Keldeo|Secret Sword|p2a: Rotom-Wash
|-damage|p2a: Rotom-Wash|0 fnt
|faint|p2a: Rotom-Wash
|
|
|switch|p2a: Talonflame|Talonflame, M|333\/360
|turn|27
|
|switch|p1a: Tyranitar|Tyranitar, M|300\/383
|-damage|p1a: Tyranitar|253\/383|[from] Stealth Rock
|-weather|Sandstorm
|move|p2a: Talonflame|Brave Bird|p1a: Tyranitar
|-resisted|p1a: Tyranitar
|-damage|p1a: Tyranitar|167\/383
|-damage|p2a: Talonflame|305\/360|[from] recoil|[of] p1a: Tyranitar
|
|-weather|Sandstorm|[upkeep]
|-damage|p2a: Talonflame|283\/360|[from] sandstorm
|-heal|p2a: Talonflame|305\/360|[from] item: Leftovers
|turn|28
|join|Madara2stronk
|
|move|p1a: Tyranitar|Pursuit|p2a: Talonflame|[from]Pursuit
|-damage|p2a: Talonflame|13\/360
|switch|p2a: Landorus-Therian|Landorus-Therian, M|171\/382
|-ability|p2a: Landorus-Therian|Intimidate|[of] p1a: Tyranitar
|-unboost|p1a: Tyranitar|atk|1
|
|-weather|Sandstorm|[upkeep]
|-heal|p2a: Landorus-Therian|194\/382|[from] item: Leftovers
|turn|29
|join|haunter
|
|switch|p2a: Azumarill|Azumarill, M|364\/364
|switch|p1a: Landorus-Therian|Landorus-Therian, M|260\/327
|-damage|p1a: Landorus-Therian|220\/327|[from] Stealth Rock
|-ability|p1a: Landorus-Therian|Intimidate|[of] p2a: Azumarill
|-unboost|p2a: Azumarill|atk|1
|
|-weather|Sandstorm|[upkeep]
|-damage|p2a: Azumarill|342\/364|[from] sandstorm
|turn|30
|
|switch|p2a: Landorus-Therian|Landorus-Therian, M|194\/382
|-ability|p2a: Landorus-Therian|Intimidate|[of] p1a: Landorus-Therian
|-unboost|p1a: Landorus-Therian|atk|1
|move|p1a: Landorus-Therian|Explosion|p2a: Landorus-Therian
|-damage|p2a: Landorus-Therian|26\/382
|faint|p1a: Landorus-Therian
|
|-weather|Sandstorm|[upkeep]
|-heal|p2a: Landorus-Therian|49\/382|[from] item: Leftovers
|
|switch|p1a: Lopunny|Lopunny, F|271\/271
|-damage|p1a: Lopunny|238\/271|[from] Stealth Rock
|turn|31
|
|detailschange|p1a: Lopunny|Lopunny-Mega, F
|-mega|p1a: Lopunny|Lopunny|Lopunnite
|move|p1a: Lopunny|Return|p2a: Landorus-Therian
|-damage|p2a: Landorus-Therian|0 fnt
|faint|p2a: Landorus-Therian
|
|-weather|none
|
|switch|p2a: Talonflame|Talonflame, M|13\/360
|turn|32
|
|switch|p1a: Tyranitar|Tyranitar, M|167\/383
|-damage|p1a: Tyranitar|120\/383|[from] Stealth Rock
|-weather|Sandstorm
|move|p2a: Talonflame|Roost|p2a: Talonflame
|-heal|p2a: Talonflame|193\/360
|
|-weather|Sandstorm|[upkeep]
|-damage|p2a: Talonflame|171\/360|[from] sandstorm
|-heal|p2a: Talonflame|193\/360|[from] item: Leftovers
|turn|33
|c| Prankster|hi nello
|
|move|p2a: Talonflame|Brave Bird|p1a: Tyranitar
|-resisted|p1a: Tyranitar
|-damage|p1a: Tyranitar|39\/383
|-damage|p2a: Talonflame|166\/360|[from] recoil|[of] p1a: Tyranitar
|move|p1a: Tyranitar|Stone Edge|p2a: Talonflame
|-supereffective|p2a: Talonflame
|-damage|p2a: Talonflame|0 fnt
|faint|p2a: Talonflame
|
|-weather|Sandstorm|[upkeep]
|c|~haunter|hi
|c| Prankster|poopyhead
|
|switch|p2a: Azumarill|Azumarill, M|342\/364
|turn|34
|
|move|p2a: Azumarill|Aqua Jet|p1a: Tyranitar
|-supereffective|p1a: Tyranitar
|-damage|p1a: Tyranitar|0 fnt
|faint|p1a: Tyranitar
|
|-weather|Sandstorm|[upkeep]
|-damage|p2a: Azumarill|320\/364|[from] sandstorm
|
|switch|p1a: Lopunny|Lopunny-Mega, F|238\/271
|-damage|p1a: Lopunny|222\/271|[from] Stealth Rock
|turn|35
|join|JohnxYiu
|
|move|p1a: Lopunny|Fake Out|p2a: Azumarill
|-damage|p2a: Azumarill|233\/364
|cant|p2a: Azumarill|flinch
|
|-weather|Sandstorm|[upkeep]
|-damage|p1a: Lopunny|206\/271|[from] sandstorm
|-damage|p2a: Azumarill|211\/364|[from] sandstorm
|turn|36
|
|move|p1a: Lopunny|Return|p2a: Azumarill
|-damage|p2a: Azumarill|0 fnt
|faint|p2a: Azumarill
|
|win|Reverb
|raw|Ladder updating...
|raw|Reverb's rating: 1702 &rarr; <strong>1719<\/strong><br \/>(+17 for winning)
|raw|Handiman's rating: 1662 &rarr; <strong>1645<\/strong><br \/>(-17 for losing)
|c|âReverb|gg
|leave|Handiman
|player|p2
|leave|Prankster