|join|Handiman
|join|el capitan grande
|player|p1|Handiman|253
|player|p2|el capitan grande|266
|gametype|singles
|gen|6
|tier|OU
|rated
|clearpoke
|poke|p1|Landorus-Therian, M
|poke|p1|Rotom-Wash
|poke|p1|Talonflame, F
|poke|p1|Sableye, M
|poke|p1|Azumarill, M
|poke|p1|Greninja, M
|poke|p2|Lopunny, M
|poke|p2|Heatran, M
|poke|p2|Mandibuzz, F
|poke|p2|Celebi
|poke|p2|Rotom-Wash
|poke|p2|Gothitelle, F
|rule|Swagger Clause: Swagger is banned
|rule|Baton Pass Clause: Limit one PokÃ©mon knowing Baton Pass
|rule|Sleep Clause Mod: Limit one foe put to sleep
|rule|Species Clause: Limit one of each PokÃ©mon
|rule|OHKO Clause: OHKO moves are banned
|rule|Moody Clause: Moody is banned
|rule|Evasion Moves Clause: Evasion moves are banned
|rule|Endless Battle Clause: Forcing endless battles is banned
|rule|HP Percentage Mod: HP is shown in percentages
|teampreview
|
|start
|switch|p1a: Sableye|Sableye, M|304\/304
|switch|p2a: Lopunny|Lopunny, M|271\/271
|turn|1
|
|detailschange|p2a: Lopunny|Lopunny-Mega, M
|-mega|p2a: Lopunny|Lopunny|Lopunnite
|detailschange|p1a: Sableye|Sableye-Mega, M
|-mega|p1a: Sableye|Sableye|Sablenite
|move|p1a: Sableye|Protect|p1a: Sableye
|-singleturn|p1a: Sableye|Protect
|move|p2a: Lopunny|Fake Out|p1a: Sableye
|-activate|p1a: Sableye|Protect
|
|turn|2
|
|switch|p2a: Heatran|Heatran, M|386\/386
|switch|p1a: Landorus-Therian|Landorus-Therian, M|382\/382
|-ability|p1a: Landorus-Therian|Intimidate|[of] p2a: Heatran
|-unboost|p2a: Heatran|atk|1
|
|turn|3
|
|switch|p2a: Mandibuzz|Mandibuzz, F|423\/423
|move|p1a: Landorus-Therian|U-turn|p2a: Mandibuzz
|-crit|p2a: Mandibuzz
|-damage|p2a: Mandibuzz|337\/423
|-damage|p1a: Landorus-Therian|319\/382|[from] item: Rocky Helmet|[of] p2a: Mandibuzz
|
|switch|p1a: Rotom-Wash|Rotom-Wash|304\/304
|
|turn|4
|
|switch|p2a: Celebi|Celebi|404\/404
|move|p1a: Rotom-Wash|Volt Switch|p2a: Celebi
|-resisted|p2a: Celebi
|-damage|p2a: Celebi|374\/404
|
|switch|p1a: Landorus-Therian|Landorus-Therian, M|319\/382
|-ability|p1a: Landorus-Therian|Intimidate|[of] p2a: Celebi
|-unboost|p2a: Celebi|atk|1
|
|-heal|p2a: Celebi|399\/404|[from] item: Leftovers
|-heal|p1a: Landorus-Therian|342\/382|[from] item: Leftovers
|turn|5
|
|switch|p2a: Mandibuzz|Mandibuzz, F|337\/423
|move|p1a: Landorus-Therian|Stealth Rock|p2a: Mandibuzz
|-sidestart|p2: el capitan grande|move: Stealth Rock
|
|-heal|p1a: Landorus-Therian|365\/382|[from] item: Leftovers
|turn|6
|
|move|p1a: Landorus-Therian|Stone Edge|p2a: Mandibuzz
|-supereffective|p2a: Mandibuzz
|-damage|p2a: Mandibuzz|179\/423
|move|p2a: Mandibuzz|Defog|p1a: Landorus-Therian
|-unboost|p1a: Landorus-Therian|evasion|1
|-sideend|p2: el capitan grande|Stealth Rock|[from] move: Defog|[of] p2a: Mandibuzz
|
|-heal|p1a: Landorus-Therian|382\/382|[from] item: Leftovers
|turn|7
|
|switch|p1a: Rotom-Wash|Rotom-Wash|304\/304
|move|p2a: Mandibuzz|Roost|p2a: Mandibuzz
|-heal|p2a: Mandibuzz|391\/423
|
|turn|8
|
|switch|p2a: Celebi|Celebi|399\/404
|move|p1a: Rotom-Wash|Volt Switch|p2a: Celebi
|-resisted|p2a: Celebi
|-damage|p2a: Celebi|368\/404
|
|switch|p1a: Landorus-Therian|Landorus-Therian, M|382\/382
|-ability|p1a: Landorus-Therian|Intimidate|[of] p2a: Celebi
|-unboost|p2a: Celebi|atk|1
|
|-heal|p2a: Celebi|393\/404|[from] item: Leftovers
|turn|9
|
|switch|p2a: Mandibuzz|Mandibuzz, F|391\/423
|switch|p1a: Rotom-Wash|Rotom-Wash|304\/304
|
|turn|10
|
|switch|p2a: Celebi|Celebi|393\/404
|move|p1a: Rotom-Wash|Volt Switch|p2a: Celebi
|-resisted|p2a: Celebi
|-damage|p2a: Celebi|362\/404
|
|switch|p1a: Landorus-Therian|Landorus-Therian, M|382\/382
|-ability|p1a: Landorus-Therian|Intimidate|[of] p2a: Celebi
|-unboost|p2a: Celebi|atk|1
|
|-heal|p2a: Celebi|387\/404|[from] item: Leftovers
|turn|11
|
|switch|p2a: Mandibuzz|Mandibuzz, F|391\/423
|switch|p1a: Sableye|Sableye-Mega, M|304\/304
|
|turn|12
|
|switch|p2a: Heatran|Heatran, M|386\/386
|move|p1a: Sableye|Knock Off|p2a: Heatran
|-damage|p2a: Heatran|296\/386
|-enditem|p2a: Heatran|Leftovers|[from] move: Knock Off|[of] p1a: Sableye
|
|turn|13
|
|switch|p1a: Rotom-Wash|Rotom-Wash|304\/304
|move|p2a: Heatran|Lava Plume|p1a: Rotom-Wash
|-resisted|p1a: Rotom-Wash
|-damage|p1a: Rotom-Wash|265\/304
|-status|p1a: Rotom-Wash|brn
|
|-heal|p1a: Rotom-Wash|284\/304 brn|[from] item: Leftovers
|-damage|p1a: Rotom-Wash|246\/304 brn|[from] brn
|turn|14
|
|switch|p1a: Sableye|Sableye-Mega, M|304\/304
|move|p2a: Heatran|Protect|p2a: Heatran
|-fail|p2a: Heatran
|
|turn|15
|
|switch|p1a: Rotom-Wash|Rotom-Wash|246\/304 brn
|move|p2a: Heatran|Lava Plume|p1a: Rotom-Wash
|-resisted|p1a: Rotom-Wash
|-damage|p1a: Rotom-Wash|204\/304 brn
|
|-heal|p1a: Rotom-Wash|223\/304 brn|[from] item: Leftovers
|-damage|p1a: Rotom-Wash|185\/304 brn|[from] brn
|turn|16
|
|move|p2a: Heatran|Protect|p2a: Heatran
|-singleturn|p2a: Heatran|Protect
|move|p1a: Rotom-Wash|Hydro Pump|p2a: Heatran
|-activate|p2a: Heatran|Protect
|
|-heal|p1a: Rotom-Wash|204\/304 brn|[from] item: Leftovers
|-damage|p1a: Rotom-Wash|166\/304 brn|[from] brn
|turn|17
|
|move|p1a: Rotom-Wash|Volt Switch|p2a: Heatran
|-damage|p2a: Heatran|235\/386
|
|switch|p1a: Sableye|Sableye-Mega, M|304\/304
|move|p2a: Heatran|Lava Plume|p1a: Sableye
|-damage|p1a: Sableye|190\/304
|-status|p1a: Sableye|brn
|
|-damage|p1a: Sableye|152\/304 brn|[from] brn
|turn|18
|-message|Handiman forfeited.
|
|win|el capitan grande
|raw|Ladder updating...
|raw|Handiman's rating: 1516 &rarr; <strong>1495<\/strong><br \/>(-21 for losing)
|raw|el capitan grande's rating: 1506 &rarr; <strong>1526<\/strong><br \/>(+20 for winning)
|leave|Handiman
|player|p1
|c|âel capitan grande|what the fuck were you trying to do
|c|âel capitan grande|rofl
|c|âel capitan grande|doubling for no fucking reason