|join|Handiman
|join|rayyyyyyyyyy!!!!!!
|player|p1|Handiman|260
|player|p2|rayyyyyyyyyy!!!!!!|2
|gametype|singles
|tier|OU
|rated
|rule|Evasion Abilities Clause: Evasion abilities are banned
|clearpoke
|poke|p1|Rotom-Wash
|poke|p1|Latios, M
|poke|p1|Scizor, F
|poke|p1|Alakazam, F
|poke|p1|Terrakion
|poke|p1|Landorus-Therian, M
|poke|p2|Haxorus, M
|poke|p2|Landorus-Therian, M
|poke|p2|Jirachi
|poke|p2|Scizor, F
|poke|p2|Heatran, F
|poke|p2|Latios, M
|rule|Sleep Clause Mod: Limit one foe put to sleep
|rule|Species Clause: Limit one of each Pokemon
|rule|OHKO Clause: OHKO moves are banned
|rule|Moody Clause: Moody is banned
|rule|Evasion Moves Clause: Evasion moves are banned
|rule|HP Percentage Mod: HP is reported as percentages
|teampreview
|callback|decision
|
|start
|switch|p1a: Jim|Rotom-Wash|304\/304
|switch|p2a: Heatran|Heatran, F|386\/386
|-item|p2a: Heatran|Air Balloon
|turn|1
|callback|decision
|
|switch|p2a: Jirachi|Jirachi|404\/404
|move|p1a: Jim|Hydro Pump|p2a: Jirachi
|-damage|p2a: Jirachi|296\/404
|
|-heal|p2a: Jirachi|321\/404|[from] item: Leftovers
|turn|2
|callback|decision
|
|move|p2a: Jirachi|Thunder Wave|p1a: Jim
|-status|p1a: Jim|par
|move|p1a: Jim|Will-O-Wisp|p2a: Jirachi
|-status|p2a: Jirachi|brn
|
|-heal|p2a: Jirachi|346\/404 brn|[from] item: Leftovers
|-damage|p2a: Jirachi|296\/404 brn|[from] brn
|turn|3
|callback|decision
|
|move|p2a: Jirachi|Wish|p2a: Jirachi
|cant|p1a: Jim|par
|
|-heal|p2a: Jirachi|321\/404 brn|[from] item: Leftovers
|-damage|p2a: Jirachi|271\/404 brn|[from] brn
|turn|4
|callback|decision
|
|move|p2a: Jirachi|Iron Head|p1a: Jim
|-resisted|p1a: Jim
|-damage|p1a: Jim|293\/304 par
|move|p1a: Jim|Volt Switch|p2a: Jirachi
|-damage|p2a: Jirachi|204\/404 brn
|callback|decision
|
|switch|p1a: Zenas|Landorus-Therian, M|369\/369
|-ability|p1a: Zenas|Intimidate|[of] p2a: Jirachi
|-unboost|p2a: Jirachi|atk|1
|
|-heal|p2a: Jirachi|404\/404 brn|[from] move: Wish|[wisher] Jirachi
|-damage|p2a: Jirachi|354\/404 brn|[from] brn
|turn|5
|callback|decision
|
|switch|p2a: Landorus-Therian|Landorus-Therian, M|382\/382
|-ability|p2a: Landorus-Therian|Intimidate|[of] p1a: Zenas
|-unboost|p1a: Zenas|atk|1
|move|p1a: Zenas|Stealth Rock|p2a: Landorus-Therian
|-sidestart|p2: rayyyyyyyyyy!!!!!!|move: Stealth Rock
|
|turn|6
|callback|decision
|
|switch|p1a: Jim|Rotom-Wash|293\/304 par
|move|p2a: Landorus-Therian|Stealth Rock|p1a: Jim
|-sidestart|p1: Handiman|move: Stealth Rock
|
|-heal|p1a: Jim|304\/304 par|[from] item: Leftovers
|turn|7
|callback|decision
|
|move|p2a: Landorus-Therian|U-turn|p1a: Jim
|-damage|p1a: Jim|227\/304 par
|callback|decision
|
|switch|p2a: Latios|Latios, M|302\/302
|-damage|p2a: Latios|265\/302|[from] Stealth Rock
|move|p1a: Jim|Hydro Pump|p2a: Latios
|-resisted|p2a: Latios
|-damage|p2a: Latios|196\/302
|
|-heal|p1a: Jim|246\/304 par|[from] item: Leftovers
|turn|8
|callback|decision
|
|switch|p1a: Andrew|Scizor, F|343\/343
|-damage|p1a: Andrew|301\/343|[from] Stealth Rock
|move|p2a: Latios|Draco Meteor|p1a: Andrew
|-resisted|p1a: Andrew
|-damage|p1a: Andrew|176\/343
|-unboost|p2a: Latios|spa|2
|
|-heal|p1a: Andrew|197\/343|[from] item: Leftovers
|turn|9
|callback|decision
|
|move|p2a: Latios|Draco Meteor|p1a: Andrew
|-resisted|p1a: Andrew
|-damage|p1a: Andrew|137\/343
|-unboost|p2a: Latios|spa|2
|move|p1a: Andrew|U-turn|p2a: Latios
|-supereffective|p2a: Latios
|-damage|p2a: Latios|0 fnt
|faint|p2a: Latios
|callback|decision
|
|switch|p1a: Jim|Rotom-Wash|246\/304 par
|-damage|p1a: Jim|208\/304 par|[from] Stealth Rock
|
|-heal|p1a: Jim|227\/304 par|[from] item: Leftovers
|callback|decision
|
|switch|p2a: Heatran|Heatran, F|386\/386
|-damage|p2a: Heatran|338\/386|[from] Stealth Rock
|-item|p2a: Heatran|Air Balloon
|turn|10
|callback|decision
|
|switch|p2a: Jirachi|Jirachi|354\/404 brn
|-damage|p2a: Jirachi|329\/404 brn|[from] Stealth Rock
|move|p1a: Jim|Hydro Pump|p2a: Jirachi|[miss]
|-miss|p1a: Jim|p2a: Jirachi
|
|-heal|p2a: Jirachi|354\/404 brn|[from] item: Leftovers
|-heal|p1a: Jim|246\/304 par|[from] item: Leftovers
|-damage|p2a: Jirachi|304\/404 brn|[from] brn
|turn|11
|callback|decision
|
|move|p2a: Jirachi|Wish|p2a: Jirachi
|move|p1a: Jim|Volt Switch|p2a: Jirachi
|-damage|p2a: Jirachi|240\/404 brn
|callback|decision
|
|switch|p1a: Zenas|Landorus-Therian, M|369\/369
|-damage|p1a: Zenas|323\/369|[from] Stealth Rock
|-ability|p1a: Zenas|Intimidate|[of] p2a: Jirachi
|-unboost|p2a: Jirachi|atk|1
|
|-heal|p2a: Jirachi|265\/404 brn|[from] item: Leftovers
|-heal|p1a: Zenas|346\/369|[from] item: Leftovers
|-damage|p2a: Jirachi|215\/404 brn|[from] brn
|turn|12
|callback|decision
|
|move|p2a: Jirachi|Protect|p2a: Jirachi
|-singleturn|p2a: Jirachi|Protect
|move|p1a: Zenas|U-turn|p2a: Jirachi
|-activate|p2a: Jirachi|Protect
|
|-heal|p2a: Jirachi|404\/404 brn|[from] move: Wish|[wisher] Jirachi
|-heal|p1a: Zenas|369\/369|[from] item: Leftovers
|-damage|p2a: Jirachi|354\/404 brn|[from] brn
|turn|13
|callback|decision
|
|move|p2a: Jirachi|Thunder Wave|p1a: Zenas
|-immune|p1a: Zenas|[msg]
|move|p1a: Zenas|Earthquake|p2a: Jirachi
|-supereffective|p2a: Jirachi
|-damage|p2a: Jirachi|4\/404 brn
|
|-heal|p2a: Jirachi|29\/404 brn|[from] item: Leftovers
|-damage|p2a: Jirachi|0 fnt|[from] brn
|faint|p2a: Jirachi
|callback|decision
|
|switch|p2a: Landorus-Therian|Landorus-Therian, M|382\/382
|-damage|p2a: Landorus-Therian|335\/382|[from] Stealth Rock
|-ability|p2a: Landorus-Therian|Intimidate|[of] p1a: Zenas
|-unboost|p1a: Zenas|atk|1
|turn|14
|callback|decision
|
|switch|p1a: Jim|Rotom-Wash|246\/304 par
|-damage|p1a: Jim|208\/304 par|[from] Stealth Rock
|move|p2a: Landorus-Therian|Hidden Power|p1a: Jim
|-resisted|p1a: Jim
|-damage|p1a: Jim|187\/304 par
|
|-heal|p2a: Landorus-Therian|358\/382|[from] item: Leftovers
|-heal|p1a: Jim|206\/304 par|[from] item: Leftovers
|turn|15
|callback|decision
|
|move|p2a: Landorus-Therian|U-turn|p1a: Jim
|-damage|p1a: Jim|140\/304 par
|callback|decision
|
|switch|p2a: Haxorus|Haxorus, M|302\/302
|-damage|p2a: Haxorus|265\/302|[from] Stealth Rock
|-ability|p2a: Haxorus|Mold Breaker
|move|p1a: Jim|Volt Switch|p2a: Haxorus
|-resisted|p2a: Haxorus
|-damage|p2a: Haxorus|202\/302
|callback|decision
|
|switch|p1a: Kav|Latios, M|302\/302
|-damage|p1a: Kav|265\/302|[from] Stealth Rock
|
|turn|16
|callback|decision
|
|switch|p2a: Scizor|Scizor, F|344\/344
|-damage|p2a: Scizor|301\/344|[from] Stealth Rock
|move|p1a: Kav|Draco Meteor|p2a: Scizor
|-resisted|p2a: Scizor
|-damage|p2a: Scizor|159\/344
|-unboost|p1a: Kav|spa|2
|
|turn|17
|callback|decision
|
|move|p2a: Scizor|Pursuit|p1a: Kav|[from]Pursuit
|-supereffective|p1a: Kav
|-damage|p1a: Kav|0 fnt
|faint|p1a: Kav
|
|callback|decision
|
|switch|p1a: Kat|Terrakion|324\/324
|-damage|p1a: Kat|304\/324|[from] Stealth Rock
|turn|18
|callback|decision
|
|switch|p2a: Landorus-Therian|Landorus-Therian, M|358\/382
|-damage|p2a: Landorus-Therian|311\/382|[from] Stealth Rock
|-ability|p2a: Landorus-Therian|Intimidate|[of] p1a: Kat
|-unboost|p1a: Kat|atk|1
|move|p1a: Kat|Stone Edge|p2a: Landorus-Therian|[miss]
|-miss|p1a: Kat|p2a: Landorus-Therian
|
|-heal|p2a: Landorus-Therian|334\/382|[from] item: Leftovers
|turn|19
|callback|decision
|
|move|p1a: Kat|Close Combat|p2a: Landorus-Therian
|-resisted|p2a: Landorus-Therian
|-damage|p2a: Landorus-Therian|280\/382
|-unboost|p1a: Kat|def|1
|-unboost|p1a: Kat|spd|1
|move|p2a: Landorus-Therian|U-turn|p1a: Kat
|-crit|p1a: Kat
|-resisted|p1a: Kat
|-damage|p1a: Kat|170\/324
|callback|decision
|
|switch|p2a: Scizor|Scizor, F|159\/344
|-damage|p2a: Scizor|116\/344|[from] Stealth Rock
|
|turn|20
|callback|decision
|
|move|p2a: Scizor|Bullet Punch|p1a: Kat
|-supereffective|p1a: Kat
|-damage|p1a: Kat|0 fnt
|faint|p1a: Kat
|
|callback|decision
|
|switch|p1a: Jim|Rotom-Wash|140\/304 par
|-damage|p1a: Jim|102\/304 par|[from] Stealth Rock
|turn|21
|callback|decision
|
|switch|p2a: Landorus-Therian|Landorus-Therian, M|280\/382
|-damage|p2a: Landorus-Therian|233\/382|[from] Stealth Rock
|-ability|p2a: Landorus-Therian|Intimidate|[of] p1a: Jim
|-unboost|p1a: Jim|atk|1
|move|p1a: Jim|Hydro Pump|p2a: Landorus-Therian
|-supereffective|p2a: Landorus-Therian
|-damage|p2a: Landorus-Therian|0 fnt
|faint|p2a: Landorus-Therian
|
|-heal|p1a: Jim|121\/304 par|[from] item: Leftovers
|callback|decision
|
|switch|p2a: Haxorus|Haxorus, M|202\/302
|-damage|p2a: Haxorus|165\/302|[from] Stealth Rock
|-ability|p2a: Haxorus|Mold Breaker
|turn|22
|callback|decision
|
|switch|p1a: Zenas|Landorus-Therian, M|369\/369
|-damage|p1a: Zenas|323\/369|[from] Stealth Rock
|-ability|p1a: Zenas|Intimidate|[of] p2a: Haxorus
|-unboost|p2a: Haxorus|atk|1
|move|p2a: Haxorus|Dragon Dance|p2a: Haxorus
|-boost|p2a: Haxorus|atk|1
|-boost|p2a: Haxorus|spe|1
|
|-heal|p1a: Zenas|346\/369|[from] item: Leftovers
|turn|23
|callback|decision
|
|move|p2a: Haxorus|Outrage|p1a: Zenas
|-damage|p1a: Zenas|109\/369
|move|p1a: Zenas|Earthquake|p2a: Haxorus
|-damage|p2a: Haxorus|0 fnt
|faint|p2a: Haxorus
|
|-heal|p1a: Zenas|132\/369|[from] item: Leftovers
|callback|decision
|
|switch|p2a: Scizor|Scizor, F|116\/344
|-damage|p2a: Scizor|73\/344|[from] Stealth Rock
|turn|24
|callback|decision
|
|switch|p1a: Andrew|Scizor, F|137\/343
|-damage|p1a: Andrew|95\/343|[from] Stealth Rock
|move|p2a: Scizor|U-turn|p1a: Andrew
|-resisted|p1a: Andrew
|-damage|p1a: Andrew|0 fnt
|faint|p1a: Andrew
|callback|decision
|
|switch|p2a: Heatran|Heatran, F|338\/386
|-damage|p2a: Heatran|290\/386|[from] Stealth Rock
|-item|p2a: Heatran|Air Balloon
|
|callback|decision
|
|switch|p1a: Jim|Rotom-Wash|121\/304 par
|-damage|p1a: Jim|83\/304 par|[from] Stealth Rock
|turn|25
|callback|decision
|
|move|p2a: Heatran|Fire Blast|p1a: Jim
|-resisted|p1a: Jim
|-damage|p1a: Jim|0 fnt
|faint|p1a: Jim
|
|callback|decision
|
|switch|p1a: Kevin|Alakazam, F|251\/251
|turn|26
|callback|decision
|
|move|p1a: Kevin|Focus Blast|p2a: Heatran
|-supereffective|p2a: Heatran
|-damage|p2a: Heatran|4\/386
|-enditem|p2a: Heatran|Air Balloon
|move|p2a: Heatran|Earth Power|p1a: Kevin
|-damage|p1a: Kevin|120\/251
|
|turn|27
|callback|decision
|
|move|p1a: Kevin|Psyshock|p2a: Heatran
|-resisted|p2a: Heatran
|-damage|p2a: Heatran|0 fnt
|faint|p2a: Heatran
|
|callback|decision
|
|switch|p2a: Scizor|Scizor, F|73\/344
|-damage|p2a: Scizor|30\/344|[from] Stealth Rock
|turn|28
|callback|decision
|
|move|p2a: Scizor|Bullet Punch|p1a: Kevin
|-damage|p1a: Kevin|0 fnt
|faint|p1a: Kevin
|
|callback|decision
|
|switch|p1a: Zenas|Landorus-Therian, M|132\/369
|-damage|p1a: Zenas|86\/369|[from] Stealth Rock
|-ability|p1a: Zenas|Intimidate|[of] p2a: Scizor
|-unboost|p2a: Scizor|atk|1
|turn|29
|callback|decision
|
|move|p2a: Scizor|Bullet Punch|p1a: Zenas
|-damage|p1a: Zenas|0 fnt
|faint|p1a: Zenas
|
|win|rayyyyyyyyyy!!!!!!
|raw|Ladder updating...
|raw|Handiman's rating: 1853 &rarr; <strong>1826<\/strong><br \/>(-27 for losing)
|raw|rayyyyyyyyyy!!!!!!'s rating: 1761 &rarr; <strong>1766<\/strong><br \/>(+5 for winning)
|leave|Handiman
|player|p1
|chat|rayyyyyyyyyy!!!!!!|gg