|join|Handiman
|join|Prof kenki
|player|p1|Handiman|266
|player|p2|Prof kenki|23
|gametype|singles
|gen|6
|tier|OU (suspect test)
|rated
|clearpoke
|poke|p1|Landorus-Therian, M
|poke|p1|Scizor, F
|poke|p1|Talonflame, F
|poke|p1|Rotom-Wash
|poke|p1|Azumarill, F
|poke|p1|Altaria, M
|poke|p2|Tyranitar, M
|poke|p2|Lopunny, M
|poke|p2|Wobbuffet, F
|poke|p2|Breloom, M
|poke|p2|Talonflame, M
|poke|p2|Magnezone
|rule|Swagger Clause: Swagger is banned
|rule|Baton Pass Clause: Limit one PokÃ©mon knowing Baton Pass
|rule|Sleep Clause Mod: Limit one foe put to sleep
|rule|Species Clause: Limit one of each PokÃ©mon
|rule|OHKO Clause: OHKO moves are banned
|rule|Moody Clause: Moody is banned
|rule|Evasion Moves Clause: Evasion moves are banned
|rule|Endless Battle Clause: Forcing endless battles is banned
|rule|HP Percentage Mod: HP is shown in percentages
|teampreview
|
|start
|switch|p1a: Talonflame|Talonflame, F|359\/359
|switch|p2a: Wobbuffet|Wobbuffet, F|583\/583
|turn|1
|
|move|p1a: Talonflame|Taunt|p2a: Wobbuffet
|-start|p2a: Wobbuffet|move: Taunt
|cant|p2a: Wobbuffet|move: Taunt|Encore
|
|turn|2
|
|switch|p2a: Tyranitar|Tyranitar, M|341\/341
|-weather|Sandstorm
|move|p1a: Talonflame|Brave Bird|p2a: Tyranitar
|-resisted|p2a: Tyranitar
|-damage|p2a: Tyranitar|241\/341
|-damage|p1a: Talonflame|326\/359|[from] recoil|[of] p2a: Tyranitar
|
|-weather|Sandstorm|[upkeep]
|-damage|p1a: Talonflame|304\/359|[from] sandstorm
|turn|3
|
|switch|p1a: Scizor|Scizor, F|306\/306
|move|p2a: Tyranitar|Stone Edge|p1a: Scizor
|-damage|p1a: Scizor|126\/306
|
|-weather|Sandstorm|[upkeep]
|turn|4
|
|switch|p2a: Magnezone|Magnezone|281\/281
|move|p1a: Scizor|Superpower|p2a: Magnezone
|-crit|p2a: Magnezone
|-supereffective|p2a: Magnezone
|-damage|p2a: Magnezone|0 fnt
|-unboost|p1a: Scizor|atk|1
|-unboost|p1a: Scizor|def|1
|-damage|p1a: Scizor|96\/306|[from] item: Life Orb
|faint|p2a: Magnezone
|
|-weather|Sandstorm|[upkeep]
|
|switch|p2a: Lopunny|Lopunny, M|271\/271
|turn|5
|
|detailschange|p2a: Lopunny|Lopunny-Mega, M
|-mega|p2a: Lopunny|Lopunny|Lopunnite
|move|p1a: Scizor|Bullet Punch|p2a: Lopunny
|-damage|p2a: Lopunny|158\/271
|-damage|p1a: Scizor|66\/306|[from] item: Life Orb
|move|p2a: Lopunny|High Jump Kick|p1a: Scizor
|-damage|p1a: Scizor|0 fnt
|faint|p1a: Scizor
|
|-weather|Sandstorm|[upkeep]
|-damage|p2a: Lopunny|142\/271|[from] sandstorm
|
|switch|p1a: Talonflame|Talonflame, F|304\/359
|turn|6
|
|switch|p2a: Tyranitar|Tyranitar, M|241\/341
|switch|p1a: Landorus-Therian|Landorus-Therian, M|382\/382
|-ability|p1a: Landorus-Therian|Intimidate|[of] p2a: Tyranitar
|-unboost|p2a: Tyranitar|atk|1
|
|-weather|none
|turn|7
|
|move|p2a: Tyranitar|Ice Punch|p1a: Landorus-Therian
|-supereffective|p1a: Landorus-Therian
|-damage|p1a: Landorus-Therian|206\/382
|-status|p1a: Landorus-Therian|frz
|cant|p1a: Landorus-Therian|frz
|
|-heal|p1a: Landorus-Therian|229\/382 frz|[from] item: Leftovers
|turn|8
|c|âProf kenki|whats the percentage on this really
|c|âProf kenki|10
|c|âProf kenki|seriously
|c|âProf kenki|ive got that freeze thrice
|c|âProf kenki|in 3 games
|c|âProf kenki|IN A ROW
|
|switch|p2a: Lopunny|Lopunny-Mega, M|142\/271
|switch|p1a: Talonflame|Talonflame, F|304\/359
|
|turn|9
|
|switch|p2a: Tyranitar|Tyranitar, M|241\/341
|-weather|Sandstorm
|move|p1a: Talonflame|Brave Bird|p2a: Tyranitar
|-resisted|p2a: Tyranitar
|-damage|p2a: Tyranitar|139\/341
|-damage|p1a: Talonflame|270\/359|[from] recoil|[of] p2a: Tyranitar
|
|-weather|Sandstorm|[upkeep]
|-damage|p1a: Talonflame|248\/359|[from] sandstorm
|turn|10
|
|switch|p1a: Landorus-Therian|Landorus-Therian, M|229\/382 frz
|-ability|p1a: Landorus-Therian|Intimidate|[of] p2a: Tyranitar
|-unboost|p2a: Tyranitar|atk|1
|move|p2a: Tyranitar|Stone Edge|p1a: Landorus-Therian|[miss]
|-miss|p2a: Tyranitar|p1a: Landorus-Therian
|
|-weather|Sandstorm|[upkeep]
|-heal|p1a: Landorus-Therian|252\/382 frz|[from] item: Leftovers
|turn|11
|
|switch|p2a: Lopunny|Lopunny-Mega, M|142\/271
|cant|p1a: Landorus-Therian|frz
|
|-weather|Sandstorm|[upkeep]
|-damage|p2a: Lopunny|126\/271|[from] sandstorm
|-heal|p1a: Landorus-Therian|275\/382 frz|[from] item: Leftovers
|turn|12
|
|move|p2a: Lopunny|Ice Punch|p1a: Landorus-Therian
|-supereffective|p1a: Landorus-Therian
|-damage|p1a: Landorus-Therian|0 fnt
|faint|p1a: Landorus-Therian
|
|-weather|Sandstorm|[upkeep]
|-damage|p2a: Lopunny|110\/271|[from] sandstorm
|
|switch|p1a: Azumarill|Azumarill, F|342\/342
|turn|13
|
|switch|p2a: Wobbuffet|Wobbuffet, F|583\/583
|move|p1a: Azumarill|Play Rough|p2a: Wobbuffet
|-damage|p2a: Wobbuffet|270\/583
|-enditem|p2a: Wobbuffet|Sitrus Berry|[eat]
|-heal|p2a: Wobbuffet|415\/583|[from] item: Sitrus Berry
|
|-weather|none
|turn|14
|
|move|p1a: Azumarill|Belly Drum|p1a: Azumarill
|-damage|p1a: Azumarill|171\/342
|-setboost|p1a: Azumarill|atk|6|[from] move: Belly Drum
|-enditem|p1a: Azumarill|Sitrus Berry|[eat]
|-heal|p1a: Azumarill|256\/342|[from] item: Sitrus Berry
|move|p2a: Wobbuffet|Destiny Bond|p2a: Wobbuffet
|-singlemove|p2a: Wobbuffet|Destiny Bond
|
|turn|15
|
|move|p1a: Azumarill|Aqua Jet|p2a: Wobbuffet
|-damage|p2a: Wobbuffet|0 fnt
|faint|p2a: Wobbuffet
|-activate|p2a: Wobbuffet|Destiny Bond
|faint|p1a: Azumarill
|
|
|switch|p2a: Lopunny|Lopunny-Mega, M|110\/271
|switch|p1a: Altaria|Altaria, M|292\/292
|turn|16
|
|switch|p1a: Talonflame|Talonflame, F|248\/359
|move|p2a: Lopunny|Fake Out|p1a: Talonflame
|-damage|p1a: Talonflame|157\/359
|
|turn|17
|
|switch|p2a: Talonflame|Talonflame, M|360\/360
|move|p1a: Talonflame|Swords Dance|p1a: Talonflame
|-boost|p1a: Talonflame|atk|2
|
|turn|18
|
|move|p1a: Talonflame|Roost|p1a: Talonflame
|-heal|p1a: Talonflame|337\/359
|move|p2a: Talonflame|Brave Bird|p1a: Talonflame
|-damage|p1a: Talonflame|130\/359
|-damage|p2a: Talonflame|292\/360|[from] recoil|[of] p1a: Talonflame
|
|-heal|p2a: Talonflame|314\/360|[from] item: Leftovers
|turn|19
|
|move|p2a: Talonflame|Brave Bird|p1a: Talonflame
|-damage|p1a: Talonflame|0 fnt
|-damage|p2a: Talonflame|271\/360|[from] recoil|[of] p1a: Talonflame
|faint|p1a: Talonflame
|
|-heal|p2a: Talonflame|293\/360|[from] item: Leftovers
|-message|Handiman forfeited.
|
|win|Prof kenki
|raw|Ladder updating...
|leave|Handiman
|player|p1
|raw|Handiman's rating: 1495 &rarr; <strong>1466<\/strong><br \/>(-29 for losing)
|raw|Prof kenki's rating: 1320 &rarr; <strong>1349<\/strong><br \/>(+29 for winning)