|join|raichu pro
|join|GrimoireGod
|player|p1|raichu pro|290
|player|p2|GrimoireGod|128
|gametype|singles
|gen|6
|tier|OU
|clearpoke
|poke|p1|Sceptile, M, shiny
|poke|p1|Gyarados, M, shiny
|poke|p1|Malamar, M
|poke|p1|Volcarona, M
|poke|p1|Scolipede, M, shiny
|poke|p1|Raichu, M
|poke|p2|Scizor, M
|poke|p2|Heatran, M
|poke|p2|Kyurem-Black
|poke|p2|Landorus-Therian, M
|poke|p2|Starmie
|poke|p2|Ferrothorn, F
|rule|Swagger Clause: Swagger is banned
|rule|Baton Pass Clause: Limit one PokÃ©mon knowing Baton Pass
|rule|Sleep Clause Mod: Limit one foe put to sleep
|rule|Species Clause: Limit one of each PokÃ©mon
|rule|OHKO Clause: OHKO moves are banned
|rule|Moody Clause: Moody is banned
|rule|Evasion Moves Clause: Evasion moves are banned
|rule|Endless Battle Clause: Forcing endless battles is banned
|rule|HP Percentage Mod: HP is shown in percentages
|teampreview
|
|start
|switch|p1a: Gyarados|Gyarados, M, shiny|332\/332
|switch|p2a: Landorus-Therian|Landorus-Therian, M|381\/381
|-ability|p2a: Landorus-Therian|Intimidate|[of] p1a: Gyarados
|-unboost|p1a: Gyarados|atk|1
|turn|1
|
|move|p1a: Gyarados|Ice Fang|p2a: Landorus-Therian
|-supereffective|p2a: Landorus-Therian
|-damage|p2a: Landorus-Therian|205\/381
|move|p2a: Landorus-Therian|U-turn|p1a: Gyarados
|-resisted|p1a: Gyarados
|-damage|p1a: Gyarados|286\/332
|
|switch|p2a: Kyurem-Black|Kyurem-Black|391\/391
|-ability|p2a: Kyurem-Black|Teravolt
|
|-heal|p1a: Gyarados|306\/332|[from] item: Leftovers
|turn|2
|
|switch|p1a: Malamar|Malamar, M|313\/313
|move|p2a: Kyurem-Black|Fusion Bolt|p1a: Malamar
|-damage|p1a: Malamar|138\/313
|-damage|p2a: Kyurem-Black|352\/391|[from] item: Life Orb
|
|-heal|p1a: Malamar|157\/313|[from] item: Leftovers
|turn|3
|
|move|p2a: Kyurem-Black|Fusion Bolt|p1a: Malamar
|-damage|p1a: Malamar|0 fnt
|-damage|p2a: Kyurem-Black|313\/391|[from] item: Life Orb
|faint|p1a: Malamar
|
|
|switch|p1a: Scolipede|Scolipede, M, shiny|262\/262
|turn|4
|
|switch|p2a: Scizor|Scizor, M|343\/343
|move|p1a: Scolipede|Rock Slide|p2a: Scizor
|-damage|p2a: Scizor|268\/343
|
|-boost|p1a: Scolipede|spe|1|[from] ability: Speed Boost
|turn|5
|
|detailschange|p2a: Scizor|Scizor-Mega, M
|-mega|p2a: Scizor|Scizor|Scizorite
|move|p1a: Scolipede|Steamroller|p2a: Scizor
|-resisted|p2a: Scizor
|-damage|p2a: Scizor|229\/343
|move|p2a: Scizor|Swords Dance|p2a: Scizor
|-boost|p2a: Scizor|atk|2
|
|-boost|p1a: Scolipede|spe|1|[from] ability: Speed Boost
|turn|6
|
|move|p1a: Scolipede|Rock Slide|p2a: Scizor
|-miss|p1a: Scolipede|p2a: Scizor
|move|p2a: Scizor|Swords Dance|p2a: Scizor
|-boost|p2a: Scizor|atk|2
|
|-boost|p1a: Scolipede|spe|1|[from] ability: Speed Boost
|turn|7
|
|move|p1a: Scolipede|Rock Slide|p2a: Scizor
|-damage|p2a: Scizor|178\/343
|move|p2a: Scizor|Swords Dance|p2a: Scizor
|-boost|p2a: Scizor|atk|2
|
|-boost|p1a: Scolipede|spe|1|[from] ability: Speed Boost
|turn|8
|
|move|p1a: Scolipede|Dig|p2a: Scizor|[still]
|-prepare|p1a: Scolipede|Dig|p2a: Scizor
|move|p2a: Scizor|Roost|p2a: Scizor
|-heal|p2a: Scizor|343\/343
|
|-boost|p1a: Scolipede|spe|1|[from] ability: Speed Boost
|turn|9
|
|move|p1a: Scolipede|Dig|p2a: Scizor
|-damage|p2a: Scizor|287\/343
|move|p2a: Scizor|Knock Off|p1a: Scolipede
|-damage|p1a: Scolipede|0 fnt
|-enditem|p1a: Scolipede|Assault Vest|[from] move: Knock Off|[of] p2a: Scizor
|faint|p1a: Scolipede
|
|c|âGrimoireGod|lol
|
|switch|p1a: Raichu|Raichu, M|262\/262
|turn|10
|
|move|p1a: Raichu|Protect|p1a: Raichu
|-singleturn|p1a: Raichu|Protect
|move|p2a: Scizor|Bullet Punch|p1a: Raichu
|-activate|p1a: Raichu|Protect
|
|turn|11
|
|move|p2a: Scizor|Bullet Punch|p1a: Raichu
|-resisted|p1a: Raichu
|-enditem|p1a: Raichu|Focus Sash
|-damage|p1a: Raichu|1\/262
|move|p1a: Raichu|Thunder Wave|p2a: Scizor
|-status|p2a: Scizor|par
|
|turn|12
|
|move|p2a: Scizor|Bullet Punch|p1a: Raichu
|-resisted|p1a: Raichu
|-damage|p1a: Raichu|0 fnt
|faint|p1a: Raichu
|
|
|switch|p1a: Sceptile|Sceptile, M, shiny|281\/281
|turn|13
|
|detailschange|p1a: Sceptile|Sceptile-Mega, M, shiny
|-mega|p1a: Sceptile|Sceptile|Sceptilite
|move|p2a: Scizor|Bullet Punch|p1a: Sceptile
|-damage|p1a: Sceptile|0 fnt
|faint|p1a: Sceptile
|
|
|switch|p1a: Volcarona|Volcarona, M|311\/311
|turn|14
|join|soldado negro
|
|move|p2a: Scizor|Bullet Punch|p1a: Volcarona
|-resisted|p1a: Volcarona
|-damage|p1a: Volcarona|13\/311
|move|p1a: Volcarona|Fiery Dance|p2a: Scizor
|-supereffective|p2a: Scizor
|-damage|p2a: Scizor|0 fnt
|faint|p2a: Scizor
|
|c|âraichu pro|ja
|
|switch|p2a: Starmie|Starmie|261\/261
|turn|15
|
|move|p2a: Starmie|Psyshock|p1a: Volcarona
|-damage|p1a: Volcarona|0 fnt
|-damage|p2a: Starmie|235\/261|[from] item: Life Orb
|faint|p1a: Volcarona
|
|
|switch|p1a: Gyarados|Gyarados, M, shiny|306\/332
|turn|16
|join|Diogo-gamer
|join|Frântier POOL
|
|move|p2a: Starmie|Psyshock|p1a: Gyarados
|-damage|p1a: Gyarados|114\/332
|-damage|p2a: Starmie|209\/261|[from] item: Life Orb
|move|p1a: Gyarados|Dragon Dance|p1a: Gyarados
|-boost|p1a: Gyarados|atk|1
|-boost|p1a: Gyarados|spe|1
|
|-heal|p1a: Gyarados|134\/332|[from] item: Leftovers
|turn|17
|
|move|p1a: Gyarados|Waterfall|p2a: Starmie
|-resisted|p2a: Starmie
|-damage|p2a: Starmie|83\/261
|move|p2a: Starmie|Psyshock|p1a: Gyarados
|-crit|p1a: Gyarados
|-damage|p1a: Gyarados|0 fnt
|-damage|p2a: Starmie|57\/261|[from] item: Life Orb
|faint|p1a: Gyarados
|
|win|GrimoireGod
|c|âGrimoireGod|gg
|c| Frântier POOL|5-0 lol
|c| Frântier POOL|gg