|J|Joim
|J|GrimoireGod
|player|p1|Joim|163
|player|p2|GrimoireGod|265
|gametype|singles
|gen|6
|tier|Skillmons OU
|clearpoke
|poke|p1|Durant, M
|poke|p1|Latias, F
|poke|p1|Chandelure, F
|poke|p1|Gengar, M
|poke|p1|Kyurem-Black
|poke|p1|Landorus-Therian, M
|poke|p2|Krookodile, F
|poke|p2|Gengar, F
|poke|p2|Garchomp, F
|poke|p2|Breloom, M
|poke|p2|Azumarill, F
|poke|p2|Bisharp, F
|rule|Sleep Clause Mod: Limit one foe put to sleep
|rule|Species Clause: Limit one of each PokÃ©mon
|rule|Endless Battle Clause: Forcing endless battles is banned
|rule|Exact HP Mod: exact HP is shown
|teampreview
|J|Aston Rasen
|
|start
|switch|p1a: Landorus-Therian|Landorus-Therian, M|382\/382
|switch|p2a: Garchomp|Garchomp, F|357\/357
|-ability|p1a: Landorus-Therian|Intimidate|[of] p2a: Garchomp
|-unboost|p2a: Garchomp|atk|1
|turn|1
|
|move|p2a: Garchomp|Stealth Rock|p1a: Landorus-Therian
|-sidestart|p1: Joim|move: Stealth Rock
|move|p1a: Landorus-Therian|Stealth Rock|p2a: Garchomp
|-sidestart|p2: GrimoireGod|move: Stealth Rock
|
|turn|2
|J|Ransei
|
|switch|p1a: Latias|Latias, F|302\/302
|-damage|p1a: Latias|265\/302|[from] Stealth Rock
|move|p2a: Garchomp|Hone Claws|p2a: Garchomp
|-boost|p2a: Garchomp|atk|2
|-boost|p2a: Garchomp|spa|1
|
|turn|3
|J|Piexplode
|
|switch|p2a: Bisharp|Bisharp, F|271\/271
|-damage|p2a: Bisharp|255\/271|[from] Stealth Rock
|detailschange|p1a: Latias|Latias-Mega, F
|-mega|p1a: Latias|Latias|Latiasite
|move|p1a: Latias|Dragon Pulse|p2a: Bisharp
|-resisted|p2a: Bisharp
|-damage|p2a: Bisharp|129\/271
|
|turn|4
|
|switch|p1a: Landorus-Therian|Landorus-Therian, M|382\/382
|-damage|p1a: Landorus-Therian|335\/382|[from] Stealth Rock
|-ability|p1a: Landorus-Therian|Intimidate|[of] p2a: Bisharp
|-unboost|p2a: Bisharp|atk|1
|-boost|p2a: Bisharp|atk|2|[from] ability: Defiant
|move|p2a: Bisharp|Knock Off|p1a: Landorus-Therian
|-damage|p1a: Landorus-Therian|0 fnt
|-enditem|p1a: Landorus-Therian|Leftovers|[from] move: Knock Off|[of] p2a: Bisharp
|-damage|p2a: Bisharp|102\/271|[from] item: Life Orb
|faint|p1a: Landorus-Therian
|
|c|âJoim|well, fuck
|c|âGrimoireGod|xD
|
|switch|p1a: Gengar|Gengar, M|262\/262
|-damage|p1a: Gengar|230\/262|[from] Stealth Rock
|turn|5
|L|Aston Rasen
|
|move|p2a: Bisharp|Sucker Punch|p1a: Gengar
|-fail|p1a: Gengar
|move|p1a: Gengar|Hypnosis|p2a: Bisharp
|-status|p2a: Bisharp|slp
|
|-heal|p1a: Gengar|246\/262|[from] item: Leftovers
|turn|6
|c|âJoim|thought you'd sucker punch
|
|switch|p2a: Garchomp|Garchomp, F|357\/357
|-damage|p2a: Garchomp|335\/357|[from] Stealth Rock
|move|p1a: Gengar|Substitute|p1a: Gengar
|-start|p1a: Gengar|Substitute
|-damage|p1a: Gengar|181\/262
|
|-heal|p1a: Gengar|197\/262|[from] item: Leftovers
|turn|7
|
|move|p1a: Gengar|Shadow Ball|p2a: Garchomp
|-damage|p2a: Garchomp|158\/357
|move|p2a: Garchomp|Dragon Rush|p1a: Gengar
|-end|p1a: Gengar|Substitute
|
|-heal|p1a: Gengar|213\/262|[from] item: Leftovers
|turn|8
|
|move|p1a: Gengar|Shadow Ball|p2a: Garchomp
|-damage|p2a: Garchomp|0 fnt
|faint|p2a: Garchomp
|
|-heal|p1a: Gengar|229\/262|[from] item: Leftovers
|
|switch|p2a: Azumarill|Azumarill, F|399\/399
|-damage|p2a: Azumarill|350\/399|[from] Stealth Rock
|turn|9
|c|âJoim|gengar is so good on this meta lol
|c|âGrimoireGod|yeah
|c|âGrimoireGod|I 6-0'd Asian Kiwi with it rof
|
|move|p1a: Gengar|Substitute|p1a: Gengar
|-start|p1a: Gengar|Substitute
|-damage|p1a: Gengar|164\/262
|move|p2a: Azumarill|Waterfall|p1a: Gengar
|-end|p1a: Gengar|Substitute
|
|-heal|p1a: Gengar|180\/262|[from] item: Leftovers
|turn|10
|
|move|p1a: Gengar|Shadow Ball|p2a: Azumarill
|-damage|p2a: Azumarill|163\/399
|move|p2a: Azumarill|Waterfall|p1a: Gengar
|-damage|p1a: Gengar|0 fnt
|faint|p1a: Gengar
|
|
|switch|p1a: Serial Killer|Durant, M|258\/258
|-damage|p1a: Serial Killer|226\/258|[from] Stealth Rock
|turn|11
|
|move|p1a: Serial Killer|Iron Head|p2a: Azumarill
|-damage|p2a: Azumarill|0 fnt
|faint|p2a: Azumarill
|
|
|switch|p2a: Gengar|Gengar, F|261\/261
|-damage|p2a: Gengar|229\/261|[from] Stealth Rock
|turn|12
|
|move|p2a: Gengar|Shadow Ball|p1a: Serial Killer
|-damage|p1a: Serial Killer|0 fnt
|faint|p1a: Serial Killer
|
|-heal|p2a: Gengar|245\/261|[from] item: Black Sludge
|c|âJoim|ups
|
|switch|p1a: Chandelure|Chandelure, F|261\/261
|-damage|p1a: Chandelure|196\/261|[from] Stealth Rock
|turn|13
|c|âGrimoireGod|Durant has like zero SpD
|c|âJoim|forgot the weird speed tier
|
|switch|p2a: Krookodile|Krookodile, F|331\/331
|-damage|p2a: Krookodile|311\/331|[from] Stealth Rock
|move|p1a: Chandelure|Shadow Ball|p2a: Krookodile
|-resisted|p2a: Krookodile
|-damage|p2a: Krookodile|188\/331
|
|turn|14
|
|switch|p1a: Kyurem-Black|Kyurem-Black|454\/454
|-damage|p1a: Kyurem-Black|341\/454|[from] Stealth Rock
|-ability|p1a: Kyurem-Black|Teravolt
|move|p2a: Krookodile|Knock Off|p1a: Kyurem-Black
|-damage|p1a: Kyurem-Black|167\/454
|-enditem|p1a: Kyurem-Black|Leftovers|[from] move: Knock Off|[of] p2a: Krookodile
|
|turn|15
|
|move|p2a: Krookodile|Stone Edge|p1a: Kyurem-Black
|-supereffective|p1a: Kyurem-Black
|-damage|p1a: Kyurem-Black|0 fnt
|faint|p1a: Kyurem-Black
|
|
|switch|p1a: Chandelure|Chandelure, F|196\/261
|-damage|p1a: Chandelure|131\/261|[from] Stealth Rock
|turn|16
|
|move|p2a: Krookodile|Endure|p2a: Krookodile
|-singleturn|p2a: Krookodile|move: Endure
|move|p1a: Chandelure|Inferno|p2a: Krookodile
|-damage|p2a: Krookodile|110\/331
|-status|p2a: Krookodile|brn
|
|-damage|p2a: Krookodile|69\/331 brn|[from] brn
|-enditem|p2a: Krookodile|Salac Berry|[eat]
|-boost|p2a: Krookodile|spe|1|[from] item: Salac Berry
|turn|17
|c|âGrimoireGod|oh wow
|c|âGrimoireGod|lmao
|
|switch|p1a: Latias|Latias-Mega, F|265\/302
|-damage|p1a: Latias|228\/302|[from] Stealth Rock
|move|p2a: Krookodile|Knock Off|p1a: Latias
|-supereffective|p1a: Latias
|-damage|p1a: Latias|126\/302
|
|-damage|p2a: Krookodile|28\/331 brn|[from] brn
|turn|18
|c|âGrimoireGod|so weak tho
|c|âJoim|yeah but it burns
|
|move|p2a: Krookodile|Knock Off|p1a: Latias
|-supereffective|p1a: Latias
|-damage|p1a: Latias|24\/302
|move|p1a: Latias|Defog|p2a: Krookodile
|-unboost|p2a: Krookodile|def|1
|-unboost|p2a: Krookodile|spd|1
|-sideend|p2: GrimoireGod|Stealth Rock|[from] move: Defog|[of] p2a: Krookodile
|-sideend|p1: Joim|Stealth Rock|[from] move: Defog|[of] p1a: Latias
|
|-damage|p2a: Krookodile|0 fnt|[from] brn
|faint|p2a: Krookodile
|c| Piexplode|inferno = buffed WoW
|c|âJoim|yup
|
|switch|p2a: Breloom|Breloom, M|261\/261
|turn|19
|
|switch|p1a: Chandelure|Chandelure, F|131\/261
|move|p2a: Breloom|Mach Punch|p1a: Chandelure
|-immune|p1a: Chandelure|[msg]
|
|turn|20
|
|move|p1a: Chandelure|Fire Blast|p2a: Breloom
|-supereffective|p2a: Breloom
|-enditem|p2a: Breloom|Focus Sash
|-damage|p2a: Breloom|1\/261
|-status|p2a: Breloom|brn
|move|p2a: Breloom|Spore|p1a: Chandelure
|-status|p1a: Chandelure|slp
|
|-damage|p2a: Breloom|0 fnt|[from] brn
|faint|p2a: Breloom
|c|âGrimoireGod|>burn
|c|âJoim|that shouldn't happen
|c|âJoim|sorry
|
|switch|p2a: Gengar|Gengar, F|245\/261
|turn|21
|c|âGrimoireGod|lol
|c|âGrimoireGod|doesn't matter
|c|âGrimoireGod|gengar cleans up :]
|
|switch|p1a: Latias|Latias-Mega, F|24\/302
|move|p2a: Gengar|Shadow Ball|p1a: Latias
|-supereffective|p1a: Latias
|-damage|p1a: Latias|0 fnt
|faint|p1a: Latias
|
|-heal|p2a: Gengar|261\/261|[from] item: Black Sludge
|c|âJoim|that's the only thing I need to change
|
|switch|p1a: Chandelure|Chandelure, F|131\/261 slp
|turn|22
|c|âJoim|gg
|c|âGrimoireGod|gg
|
|cant|p1a: Chandelure|slp
|move|p2a: Gengar|Shadow Ball|p1a: Chandelure
|-supereffective|p1a: Chandelure
|-damage|p1a: Chandelure|0 fnt
|faint|p1a: Chandelure
|
|win|GrimoireGod
|L|GrimoireGod
|player|p2
|L|Piexplode