|J|GrimoireGod
|J|jeran
|player|p1|GrimoireGod|128
|player|p2|jeran|209
|gametype|singles
|gen|6
|tier|Skillmons OU
|clearpoke
|poke|p1|Krookodile, F
|poke|p1|Gengar, M
|poke|p1|Garchomp, M
|poke|p1|Breloom, M
|poke|p1|Bisharp, F
|poke|p1|Azumarill, M
|poke|p2|Zygarde
|poke|p2|Heatran, M
|poke|p2|Gengar, M
|poke|p2|Rotom-Wash
|poke|p2|Lopunny, M
|poke|p2|Zapdos
|rule|Sleep Clause Mod: Limit one foe put to sleep
|rule|Species Clause: Limit one of each PokÃ©mon
|rule|Endless Battle Clause: Forcing endless battles is banned
|rule|Exact HP Mod: exact HP is shown
|teampreview
|J|ludicrousman
|L|ludicrousman
|J|xfix
|c|âjeran|brb can u wait?
|c|âGrimoireGod|sure
|J|Jack Dalton
|L|Jack Dalton
|J|endervirus
|L|endervirus
|J|endervirus
|L|endervirus
|J|Exothermic Artemis
|J|Trauer
|J|ludicrousman
|J|endervirus
|L|ludicrousman
|J|suiÑunÐµ
|c| suiÑunÐµ|o
|c|âjeran|back
|
|start
|switch|p1a: Breloom|Breloom, M|261\/261
|switch|p2a: Lopunny|Lopunny, M|271\/271
|turn|1
|
|switch|p1a: Azumarill|Azumarill, M|400\/400
|detailschange|p2a: Lopunny|Lopunny-Mega, M
|-mega|p2a: Lopunny|Lopunny|Lopunnite
|move|p2a: Lopunny|Fake Out|p1a: Azumarill
|-damage|p1a: Azumarill|303\/400
|-message|GrimoireGod acquired 100 points in Flinch [Total: 150]!
|-message|A secondary effect on Flinch triggered! [-100 points]
|
|turn|2
|
|switch|p2a: Rotom-Wash|Rotom-Wash|304\/304
|move|p1a: Azumarill|Play Rough|p2a: Rotom-Wash
|-damage|p2a: Rotom-Wash|100\/304
|-message|jeran acquired 10 points in Attack debuff [Total: 60]!
|
|-heal|p2a: Rotom-Wash|119\/304|[from] item: Leftovers
|turn|3
|
|switch|p1a: Garchomp|Garchomp, M|357\/357
|move|p2a: Rotom-Wash|Pain Split|p1a: Garchomp
|-sethp|p1a: Garchomp|238\/357|p2a: Rotom-Wash|238\/304|[from] move: Pain Split
|
|-heal|p2a: Rotom-Wash|257\/304|[from] item: Leftovers
|turn|4
|
|move|p1a: Garchomp|Swords Dance|p1a: Garchomp
|-boost|p1a: Garchomp|atk|2
|move|p2a: Rotom-Wash|Will-O-Wisp|p1a: Garchomp
|-message|GrimoireGod acquired 85 points in Burn [Total: 135]!
|-message|A secondary effect on Burn triggered! [-100 points]
|-status|p1a: Garchomp|brn
|-enditem|p1a: Garchomp|Lum Berry|[eat]
|-curestatus|p1a: Garchomp|brn
|
|-heal|p2a: Rotom-Wash|276\/304|[from] item: Leftovers
|turn|5
|
|move|p1a: Garchomp|Dragon Rush|p2a: Rotom-Wash
|-damage|p2a: Rotom-Wash|68\/304
|-message|jeran acquired 20 points in Flinch [Total: 70]!
|move|p2a: Rotom-Wash|Will-O-Wisp|p1a: Garchomp
|-message|GrimoireGod acquired 85 points in Burn [Total: 120]!
|-message|A secondary effect on Burn triggered! [-100 points]
|-status|p1a: Garchomp|brn
|
|-heal|p2a: Rotom-Wash|87\/304|[from] item: Leftovers
|-damage|p1a: Garchomp|194\/357 brn|[from] brn
|turn|6
|
|switch|p2a: Zapdos|Zapdos|384\/384
|-ability|p2a: Zapdos|Pressure
|move|p1a: Garchomp|Stealth Rock|p2a: Zapdos
|-sidestart|p2: jeran|move: Stealth Rock
|
|-damage|p1a: Garchomp|150\/357 brn|[from] brn
|turn|7
|
|switch|p1a: Bisharp|Bisharp, F|271\/271
|move|p2a: Zapdos|Zap Cannon|p1a: Bisharp
|-damage|p1a: Bisharp|147\/271
|-message|GrimoireGod acquired 100 points in Paralyze [Total: 150]!
|-message|A secondary effect on Paralyze triggered! [-100 points]
|-status|p1a: Bisharp|par
|
|turn|8
|c|âGrimoireGod|o
|c|âGrimoireGod|did not even know it gets that
|
|move|p2a: Zapdos|Hidden Power|p1a: Bisharp
|-resisted|p1a: Bisharp
|-damage|p1a: Bisharp|106\/271 par
|move|p1a: Bisharp|Knock Off|p2a: Zapdos
|-damage|p2a: Zapdos|193\/384
|-enditem|p2a: Zapdos|Leftovers|[from] move: Knock Off|[of] p1a: Bisharp
|-damage|p1a: Bisharp|79\/271 par|[from] item: Life Orb
|
|turn|9
|
|move|p1a: Bisharp|Sucker Punch|p2a: Zapdos
|-fail|p2a: Zapdos
|move|p2a: Zapdos|Roost|p2a: Zapdos
|-heal|p2a: Zapdos|384\/384
|
|turn|10
|L|endervirus
|
|switch|p1a: Garchomp|Garchomp, M|150\/357 brn
|move|p2a: Zapdos|Zap Cannon|p1a: Garchomp
|-immune|p1a: Garchomp|[msg]
|
|-damage|p1a: Garchomp|106\/357 brn|[from] brn
|turn|11
|
|switch|p1a: Bisharp|Bisharp, F|79\/271 par
|move|p2a: Zapdos|Defog|p1a: Bisharp
|-unboost|p1a: Bisharp|def|1
|-boost|p1a: Bisharp|atk|2|[from] ability: Defiant
|-unboost|p1a: Bisharp|spd|1
|-boost|p1a: Bisharp|atk|2|[from] ability: Defiant
|-sideend|p2: jeran|Stealth Rock|[from] move: Defog|[of] p2a: Zapdos
|
|turn|12
|
|switch|p2a: Rotom-Wash|Rotom-Wash|87\/304
|move|p1a: Bisharp|Knock Off|p2a: Rotom-Wash
|-damage|p2a: Rotom-Wash|0 fnt
|-enditem|p2a: Rotom-Wash|Leftovers|[from] move: Knock Off|[of] p1a: Bisharp
|-damage|p1a: Bisharp|52\/271 par|[from] item: Life Orb
|faint|p2a: Rotom-Wash
|
|
|switch|p2a: Heatran|Heatran, M|386\/386
|turn|13
|
|move|p1a: Bisharp|Sucker Punch|p2a: Heatran
|-fail|p2a: Heatran
|move|p2a: Heatran|Stealth Rock|p1a: Bisharp
|-sidestart|p1: GrimoireGod|move: Stealth Rock
|
|turn|14
|
|move|p2a: Heatran|Protect|p2a: Heatran
|-singleturn|p2a: Heatran|Protect
|move|p1a: Bisharp|Knock Off|p2a: Heatran
|-activate|p2a: Heatran|Protect
|
|turn|15
|
|move|p2a: Heatran|Protect|p2a: Heatran
|-singleturn|p2a: Heatran|Protect
|move|p1a: Bisharp|Sucker Punch|p2a: Heatran
|-fail|p2a: Heatran
|
|turn|16
|
|move|p2a: Heatran|Lava Plume|p1a: Bisharp
|-supereffective|p1a: Bisharp
|-damage|p1a: Bisharp|0 fnt
|faint|p1a: Bisharp
|
|
|switch|p1a: Krookodile|Krookodile, F|331\/331
|-damage|p1a: Krookodile|311\/331|[from] Stealth Rock
|turn|17
|
|switch|p2a: Zapdos|Zapdos|384\/384
|-ability|p2a: Zapdos|Pressure
|move|p1a: Krookodile|Earthquake|p2a: Zapdos
|-immune|p2a: Zapdos|[msg]
|
|turn|18
|
|move|p1a: Krookodile|Stone Edge|p2a: Zapdos
|-supereffective|p2a: Zapdos
|-damage|p2a: Zapdos|210\/384
|move|p2a: Zapdos|Hidden Power|p1a: Krookodile
|-supereffective|p1a: Krookodile
|-damage|p1a: Krookodile|145\/331
|-boost|p1a: Krookodile|atk|6|[from] ability: Anger Point
|
|turn|19
|
|move|p1a: Krookodile|Stone Edge|p2a: Zapdos
|-supereffective|p2a: Zapdos
|-damage|p2a: Zapdos|0 fnt
|faint|p2a: Zapdos
|
|
|switch|p2a: Lopunny|Lopunny-Mega, M|271\/271
|turn|20
|
|move|p1a: Krookodile|Endure|p1a: Krookodile
|-singleturn|p1a: Krookodile|move: Endure
|move|p2a: Lopunny|Return|p1a: Krookodile
|-damage|p1a: Krookodile|1\/331
|-enditem|p1a: Krookodile|Salac Berry|[eat]
|-boost|p1a: Krookodile|spe|1|[from] item: Salac Berry
|
|turn|21
|
|switch|p2a: Heatran|Heatran, M|386\/386
|move|p1a: Krookodile|Earthquake|p2a: Heatran
|-supereffective|p2a: Heatran
|-damage|p2a: Heatran|0 fnt
|faint|p2a: Heatran
|
|
|switch|p2a: Lopunny|Lopunny-Mega, M|271\/271
|turn|22
|
|move|p1a: Krookodile|Endure|p1a: Krookodile
|-singleturn|p1a: Krookodile|move: Endure
|move|p2a: Lopunny|Fake Out|p1a: Krookodile
|-damage|p1a: Krookodile|1\/331
|-message|GrimoireGod acquired 100 points in Flinch [Total: 150]!
|-message|A secondary effect on Flinch triggered! [-100 points]
|
|turn|23
|
|switch|p2a: Gengar|Gengar, M|261\/261
|move|p1a: Krookodile|Earthquake|p2a: Gengar
|-immune|p2a: Gengar|[msg]
|
|turn|24
|
|move|p1a: Krookodile|Knock Off|p2a: Gengar
|-supereffective|p2a: Gengar
|-damage|p2a: Gengar|0 fnt
|-enditem|p2a: Gengar|Life Orb|[from] move: Knock Off|[of] p1a: Krookodile
|faint|p2a: Gengar
|
|
|switch|p2a: Zygarde|Zygarde|417\/417
|-ability|p2a: Zygarde|Aura Break
|turn|25
|
|move|p2a: Zygarde|Extreme Speed|p1a: Krookodile
|-damage|p1a: Krookodile|0 fnt
|faint|p1a: Krookodile
|
|
|switch|p1a: Gengar|Gengar, M|261\/261
|-damage|p1a: Gengar|229\/261|[from] Stealth Rock
|turn|26
|J|Kasumi
|
|move|p1a: Gengar|Hypnosis|p2a: Zygarde
|-message|jeran acquired 60 points in Sleep status [Total: 110]!
|-message|A secondary effect on Sleep status triggered! [-100 points]
|-status|p2a: Zygarde|slp
|cant|p2a: Zygarde|slp
|
|-heal|p1a: Gengar|245\/261|[from] item: Black Sludge
|turn|27
|L|xfix
|
|switch|p2a: Lopunny|Lopunny-Mega, M|271\/271
|move|p1a: Gengar|Shadow Ball|p2a: Lopunny
|-immune|p2a: Lopunny|[msg]
|
|-heal|p1a: Gengar|261\/261|[from] item: Black Sludge
|turn|28
|
|move|p2a: Lopunny|Return|p1a: Gengar
|-damage|p1a: Gengar|0 fnt
|faint|p1a: Gengar
|
|L|suiÑunÐµ
|
|switch|p1a: Azumarill|Azumarill, M|303\/400
|-damage|p1a: Azumarill|253\/400|[from] Stealth Rock
|turn|29
|
|move|p1a: Azumarill|Aqua Jet|p2a: Lopunny
|-damage|p2a: Lopunny|121\/271
|move|p2a: Lopunny|Return|p1a: Azumarill
|-damage|p1a: Azumarill|7\/400
|
|turn|30
|
|switch|p2a: Zygarde|Zygarde|417\/417 slp
|-ability|p2a: Zygarde|Aura Break
|move|p1a: Azumarill|Aqua Jet|p2a: Zygarde
|-damage|p2a: Zygarde|297\/417 slp
|
|-heal|p2a: Zygarde|323\/417 slp|[from] item: Leftovers
|turn|31
|
|move|p1a: Azumarill|Aqua Jet|p2a: Zygarde
|-damage|p2a: Zygarde|203\/417 slp
|cant|p2a: Zygarde|slp
|
|-heal|p2a: Zygarde|229\/417 slp|[from] item: Leftovers
|turn|32
|
|move|p1a: Azumarill|Aqua Jet|p2a: Zygarde
|-damage|p2a: Zygarde|109\/417 slp
|-curestatus|p2a: Zygarde|slp
|move|p2a: Zygarde|Coil|p2a: Zygarde
|-boost|p2a: Zygarde|atk|2
|-boost|p2a: Zygarde|def|1
|-boost|p2a: Zygarde|spa|1
|
|-heal|p2a: Zygarde|135\/417|[from] item: Leftovers
|turn|33
|c|âGrimoireGod|broken lol
|
|move|p1a: Azumarill|Aqua Jet|p2a: Zygarde
|-damage|p2a: Zygarde|54\/417
|move|p2a: Zygarde|Coil|p2a: Zygarde
|-boost|p2a: Zygarde|atk|2
|-boost|p2a: Zygarde|def|1
|-boost|p2a: Zygarde|spa|1
|
|-heal|p2a: Zygarde|80\/417|[from] item: Leftovers
|turn|34
|
|move|p2a: Zygarde|Extreme Speed|p1a: Azumarill
|-damage|p1a: Azumarill|0 fnt
|faint|p1a: Azumarill
|
|-heal|p2a: Zygarde|106\/417|[from] item: Leftovers
|
|switch|p1a: Breloom|Breloom, M|261\/261
|-damage|p1a: Breloom|245\/261|[from] Stealth Rock
|turn|35
|c|âjeran|gg
|c|âGrimoireGod|gg
|
|move|p2a: Zygarde|Extreme Speed|p1a: Breloom
|-damage|p1a: Breloom|0 fnt
|faint|p1a: Breloom
|
|-heal|p2a: Zygarde|132\/417|[from] item: Leftovers
|
|switch|p1a: Garchomp|Garchomp, M|106\/357 brn
|-damage|p1a: Garchomp|84\/357 brn|[from] Stealth Rock
|turn|36
|
|move|p2a: Zygarde|Extreme Speed|p1a: Garchomp
|-damage|p1a: Garchomp|0 fnt
|-damage|p2a: Zygarde|80\/417|[from] ability: Rough Skin|[of] p1a: Garchomp
|faint|p1a: Garchomp
|
|win|jeran
|L|GrimoireGod
|player|p1