|J|Kim Il Saturn
|J|GrimoireGod
|player|p1|Kim Il Saturn|292
|player|p2|GrimoireGod|128
|gametype|singles
|gen|6
|tier|Skillmons OU
|clearpoke
|poke|p1|Suicune
|poke|p1|Mew
|poke|p1|Scizor, M
|poke|p1|Clefable, M
|poke|p1|Sableye, F
|poke|p1|Smeargle, F
|poke|p2|Crobat, F
|poke|p2|Metagross
|poke|p2|Rotom-Wash
|poke|p2|Garchomp, F
|poke|p2|Landorus-Therian, M
|poke|p2|Thundurus, M
|rule|Sleep Clause Mod: Limit one foe put to sleep
|rule|Species Clause: Limit one of each PokÃ©mon
|rule|OHKO Clause: OHKO moves are banned
|rule|Moody Clause: Moody is banned
|rule|Evasion Moves Clause: Evasion moves are banned
|rule|Endless Battle Clause: Forcing endless battles is banned
|rule|HP Percentage Mod: HP is shown in percentages
|teampreview
|c|âGrimoireGod|I'm glad I didn't take my stall team
|c|âGrimoireGod|lol
|
|start
|switch|p1a: Sableye|Sableye, F|303\/303
|switch|p2a: Garchomp|Garchomp, F|357\/357
|turn|1
|
|detailschange|p1a: Sableye|Sableye-Mega, F
|-mega|p1a: Sableye|Sableye|Sablenite
|move|p1a: Sableye|Will-O-Wisp|p2a: Garchomp
|-status|p2a: Garchomp|brn
|-enditem|p2a: Garchomp|Lum Berry|[eat]
|-curestatus|p2a: Garchomp|brn
|move|p2a: Garchomp|Hone Claws|p2a: Garchomp
|-boost|p2a: Garchomp|atk|1
|-boost|p2a: Garchomp|accuracy|1
|
|turn|2
|c|âGrimoireGod|RIP
|c|âGrimoireGod|Joim fix imo lol
|
|move|p2a: Garchomp|Outrage|p1a: Sableye
|-damage|p1a: Sableye|17\/303
|move|p1a: Sableye|Will-O-Wisp|p2a: Garchomp
|-status|p2a: Garchomp|brn
|
|-damage|p2a: Garchomp|313\/357 brn|[from] brn
|turn|3
|
|switch|p1a: Clefable|Clefable, M|393\/393
|move|p2a: Garchomp|Outrage|p1a: Clefable
|-immune|p1a: Clefable|[msg]
|
|-end|p2a: Garchomp|rampage
|-start|p2a: Garchomp|confusion
|-damage|p2a: Garchomp|269\/357 brn|[from] brn
|turn|4
|
|switch|p2a: Metagross|Metagross|301\/301
|move|p1a: Clefable|Moonblast|p2a: Metagross
|-resisted|p2a: Metagross
|-damage|p2a: Metagross|209\/301
|-damage|p1a: Clefable|354\/393|[from] item: Life Orb
|
|turn|5
|
|switch|p1a: Mew|Mew|404\/404
|detailschange|p2a: Metagross|Metagross-Mega
|-mega|p2a: Metagross|Metagross|Metagrossite
|move|p2a: Metagross|Zen Headbutt|p1a: Mew
|-resisted|p1a: Mew
|-damage|p1a: Mew|304\/404
|
|-heal|p1a: Mew|329\/404|[from] item: Leftovers
|turn|6
|
|switch|p2a: Garchomp|Garchomp, F|269\/357 brn
|move|p1a: Mew|Will-O-Wisp|p2a: Garchomp
|-fail|p2a: Garchomp|brn
|
|-heal|p1a: Mew|354\/404|[from] item: Leftovers
|-damage|p2a: Garchomp|225\/357 brn|[from] brn
|turn|7
|
|move|p2a: Garchomp|Stealth Rock|p1a: Mew
|-sidestart|p1: Kim Il Saturn|move: Stealth Rock
|move|p1a: Mew|Stealth Rock|p2a: Garchomp
|-sidestart|p2: GrimoireGod|move: Stealth Rock
|
|-heal|p1a: Mew|379\/404|[from] item: Leftovers
|-damage|p2a: Garchomp|181\/357 brn|[from] brn
|turn|8
|
|switch|p2a: Rotom-Wash|Rotom-Wash|303\/303
|-damage|p2a: Rotom-Wash|266\/303|[from] Stealth Rock
|move|p1a: Mew|Snarl|p2a: Rotom-Wash
|-damage|p2a: Rotom-Wash|207\/303
|-unboost|p2a: Rotom-Wash|spa|1
|
|-heal|p1a: Mew|404\/404|[from] item: Leftovers
|-heal|p2a: Rotom-Wash|225\/303|[from] item: Leftovers
|turn|9
|
|move|p1a: Mew|Will-O-Wisp|p2a: Rotom-Wash
|-status|p2a: Rotom-Wash|brn
|move|p2a: Rotom-Wash|Thunder Wave|p1a: Mew
|-status|p1a: Mew|par
|
|-heal|p2a: Rotom-Wash|243\/303 brn|[from] item: Leftovers
|-damage|p2a: Rotom-Wash|206\/303 brn|[from] brn
|turn|10
|
|move|p2a: Rotom-Wash|Volt Switch|p1a: Mew
|-damage|p1a: Mew|341\/404 par
|
|switch|p2a: Garchomp|Garchomp, F|181\/357 brn
|-damage|p2a: Garchomp|159\/357 brn|[from] Stealth Rock
|move|p1a: Mew|Snarl|p2a: Garchomp
|-damage|p2a: Garchomp|88\/357 brn
|-unboost|p2a: Garchomp|spa|1
|
|-heal|p1a: Mew|366\/404 par|[from] item: Leftovers
|-damage|p2a: Garchomp|44\/357 brn|[from] brn
|turn|11
|
|move|p2a: Garchomp|Outrage|p1a: Mew
|-damage|p1a: Mew|249\/404 par
|move|p1a: Mew|Aura Sphere|p2a: Garchomp
|-damage|p2a: Garchomp|0 fnt
|faint|p2a: Garchomp
|
|-heal|p1a: Mew|274\/404 par|[from] item: Leftovers
|
|switch|p2a: Crobat|Crobat, F|311\/311
|-damage|p2a: Crobat|234\/311|[from] Stealth Rock
|turn|12
|J|Tentacruel3
|
|move|p2a: Crobat|U-turn|p1a: Mew
|-supereffective|p1a: Mew
|-damage|p1a: Mew|132\/404 par
|c|âGrimoireGod|lol forgot
|c|âGrimoireGod|that I paralyzed it
|
|switch|p2a: Rotom-Wash|Rotom-Wash|206\/303 brn
|-damage|p2a: Rotom-Wash|169\/303 brn|[from] Stealth Rock
|move|p1a: Mew|Will-O-Wisp|p2a: Rotom-Wash
|-fail|p2a: Rotom-Wash|brn
|
|-heal|p2a: Rotom-Wash|187\/303 brn|[from] item: Leftovers
|-heal|p1a: Mew|157\/404 par|[from] item: Leftovers
|-damage|p2a: Rotom-Wash|150\/303 brn|[from] brn
|turn|13
|c|âGrimoireGod|stupid me
|c| Tentacruel3|grim ur stupid :[
|
|move|p2a: Rotom-Wash|Hydro Pump|p1a: Mew
|-damage|p1a: Mew|40\/404 par
|move|p1a: Mew|Snarl|p2a: Rotom-Wash
|-damage|p2a: Rotom-Wash|91\/303 brn
|-unboost|p2a: Rotom-Wash|spa|1
|
|-heal|p2a: Rotom-Wash|109\/303 brn|[from] item: Leftovers
|-heal|p1a: Mew|65\/404 par|[from] item: Leftovers
|-damage|p2a: Rotom-Wash|72\/303 brn|[from] brn
|turn|14
|
|move|p2a: Rotom-Wash|Hydro Pump|p1a: Mew
|-damage|p1a: Mew|0 fnt
|faint|p1a: Mew
|
|-heal|p2a: Rotom-Wash|90\/303 brn|[from] item: Leftovers
|-damage|p2a: Rotom-Wash|53\/303 brn|[from] brn
|
|switch|p1a: Suicune|Suicune|404\/404
|-damage|p1a: Suicune|354\/404|[from] Stealth Rock
|-ability|p1a: Suicune|Pressure
|turn|15
|
|move|p2a: Rotom-Wash|Volt Switch|p1a: Suicune
|-supereffective|p1a: Suicune
|-damage|p1a: Suicune|240\/404
|
|switch|p2a: Thundurus|Thundurus, M|299\/299
|-damage|p2a: Thundurus|225\/299|[from] Stealth Rock
|move|p1a: Suicune|Calm Mind|p1a: Suicune
|-boost|p1a: Suicune|spa|1
|-boost|p1a: Suicune|spd|1
|
|-heal|p1a: Suicune|265\/404|[from] item: Leftovers
|turn|16
|
|move|p2a: Thundurus|Thunderbolt|p1a: Suicune
|-supereffective|p1a: Suicune
|-damage|p1a: Suicune|0 fnt
|-damage|p2a: Thundurus|196\/299|[from] item: Life Orb
|faint|p1a: Suicune
|
|
|switch|p1a: Clefable|Clefable, M|354\/393
|-damage|p1a: Clefable|305\/393|[from] Stealth Rock
|turn|17
|J|hinting
|L|hinting
|J|WreckDra
|
|switch|p2a: Crobat|Crobat, F|234\/311
|-damage|p2a: Crobat|157\/311|[from] Stealth Rock
|move|p1a: Clefable|Sing|p2a: Crobat
|-status|p2a: Crobat|slp
|
|-heal|p2a: Crobat|176\/311 slp|[from] item: Black Sludge
|turn|18
|c|âGrimoireGod|shit lol
|
|switch|p1a: Scizor|Scizor, M|343\/343
|-damage|p1a: Scizor|301\/343|[from] Stealth Rock
|cant|p2a: Crobat|slp
|
|-heal|p2a: Crobat|195\/311 slp|[from] item: Black Sludge
|turn|19
|
|switch|p2a: Rotom-Wash|Rotom-Wash|53\/303 brn
|-damage|p2a: Rotom-Wash|16\/303 brn|[from] Stealth Rock
|move|p1a: Scizor|Bullet Punch|p2a: Rotom-Wash
|-resisted|p2a: Rotom-Wash
|-damage|p2a: Rotom-Wash|0 fnt
|faint|p2a: Rotom-Wash
|
|
|switch|p2a: Thundurus|Thundurus, M|196\/299
|-damage|p2a: Thundurus|122\/299|[from] Stealth Rock
|turn|20
|
|move|p1a: Scizor|Bullet Punch|p2a: Thundurus
|-resisted|p2a: Thundurus
|-damage|p2a: Thundurus|0 fnt
|faint|p2a: Thundurus
|
|c|âGrimoireGod|o
|c|âGrimoireGod|lol
|
|switch|p2a: Landorus-Therian|Landorus-Therian, M|325\/325
|-damage|p2a: Landorus-Therian|285\/325|[from] Stealth Rock
|-ability|p2a: Landorus-Therian|Intimidate|[of] p1a: Scizor
|-unboost|p1a: Scizor|atk|1
|turn|21
|
|switch|p1a: Sableye|Sableye-Mega, F|17\/303
|-damage|p1a: Sableye|0 fnt|[from] Stealth Rock
|faint|p1a: Sableye
|move|p2a: Landorus-Therian|Earthquake|p1: Sableye|[notarget]
|-notarget
|
|J|Joim
|
|switch|p1a: Clefable|Clefable, M|305\/393
|-damage|p1a: Clefable|256\/393|[from] Stealth Rock
|turn|22
|
|switch|p2a: Metagross|Metagross-Mega|209\/301
|-damage|p2a: Metagross|191\/301|[from] Stealth Rock
|move|p1a: Clefable|Moonblast|p2a: Metagross
|-resisted|p2a: Metagross
|-damage|p2a: Metagross|113\/301
|-damage|p1a: Clefable|217\/393|[from] item: Life Orb
|
|turn|23
|c|~Joim|moves aren't updated yet, soz
|c|âGrimoireGod|yeah
|c|âGrimoireGod|rip hone claws
|
|move|p2a: Metagross|Meteor Mash|p1a: Clefable
|-supereffective|p1a: Clefable
|-damage|p1a: Clefable|0 fnt
|faint|p1a: Clefable
|
|
|switch|p1a: Scizor|Scizor, M|301\/343
|-damage|p1a: Scizor|259\/343|[from] Stealth Rock
|turn|24
|
|move|p2a: Metagross|Earthquake|p1a: Scizor
|-damage|p1a: Scizor|119\/343
|move|p1a: Scizor|Bug Bite|p2a: Metagross
|-damage|p2a: Metagross|0 fnt
|faint|p2a: Metagross
|
|
|switch|p2a: Landorus-Therian|Landorus-Therian, M|285\/325
|-damage|p2a: Landorus-Therian|245\/325|[from] Stealth Rock
|-ability|p2a: Landorus-Therian|Intimidate|[of] p1a: Scizor
|-unboost|p1a: Scizor|atk|1
|turn|25
|c|âGrimoireGod|gg
|
|switch|p1a: Smeargle|Smeargle, F|313\/313
|-damage|p1a: Smeargle|274\/313|[from] Stealth Rock
|move|p2a: Landorus-Therian|Earthquake|p1a: Smeargle
|-damage|p1a: Smeargle|0 fnt
|faint|p1a: Smeargle
|
|c|âKim Il Saturn|gg
|
|switch|p1a: Scizor|Scizor, M|119\/343
|-damage|p1a: Scizor|77\/343|[from] Stealth Rock
|turn|26
|
|move|p1a: Scizor|Bullet Punch|p2a: Landorus-Therian
|-damage|p2a: Landorus-Therian|37\/325
|move|p2a: Landorus-Therian|Earthquake|p1a: Scizor
|-damage|p1a: Scizor|0 fnt
|faint|p1a: Scizor
|
|win|GrimoireGod
|c|âGrimoireGod|strong
|L|Kim Il Saturn
|player|p1