|join|GrimoireGod
|join|jakapoke
|player|p1|GrimoireGod|128
|player|p2|jakapoke|163
|gametype|singles
|gen|6
|tier|OU
|rated
|clearpoke
|poke|p1|Tyranitar, F
|poke|p1|Excadrill, F
|poke|p1|Keldeo
|poke|p1|Victini
|poke|p1|Celebi
|poke|p1|Altaria, F
|poke|p2|Diggersby, M
|poke|p2|Raikou
|poke|p2|Azelf
|poke|p2|Bisharp, F
|poke|p2|Slowbro, M
|poke|p2|Landorus, M
|rule|Swagger Clause: Swagger is banned
|rule|Baton Pass Clause: Limit one PokÃ©mon knowing Baton Pass
|rule|Sleep Clause Mod: Limit one foe put to sleep
|rule|Species Clause: Limit one of each PokÃ©mon
|rule|OHKO Clause: OHKO moves are banned
|rule|Moody Clause: Moody is banned
|rule|Evasion Moves Clause: Evasion moves are banned
|rule|Endless Battle Clause: Forcing endless battles is banned
|rule|HP Percentage Mod: HP is shown in percentages
|teampreview
|
|start
|switch|p1a: Altariana Grande|Altaria, F|307\/307
|switch|p2a: Azelf|Azelf|291\/291
|turn|1
|
|detailschange|p1a: Altariana Grande|Altaria-Mega, F
|-mega|p1a: Altariana Grande|Altaria|Altarianite
|move|p2a: Azelf|Taunt|p1a: Altariana Grande
|-start|p1a: Altariana Grande|move: Taunt
|cant|p1a: Altariana Grande|move: Taunt|Dragon Dance
|
|turn|2
|join|Thompson129
|
|move|p2a: Azelf|Stealth Rock|p1a: Altariana Grande
|-sidestart|p1: GrimoireGod|move: Stealth Rock
|move|p1a: Altariana Grande|Return|p2a: Azelf
|-enditem|p2a: Azelf|Focus Sash
|-damage|p2a: Azelf|1\/291
|
|turn|3
|c| Thompson129|Grim pls
|c|âGrimoireGod|u wot
|
|switch|p1a: The Rock|Tyranitar, F|342\/342
|-damage|p1a: The Rock|300\/342|[from] Stealth Rock
|-weather|Sandstorm
|move|p2a: Azelf|Explosion|p1a: The Rock
|-resisted|p1a: The Rock
|-damage|p1a: The Rock|174\/342
|faint|p2a: Azelf
|
|-weather|Sandstorm|[upkeep]
|c| Thompson129|de nickname -_-
|c|âGrimoireGod|heh
|
|switch|p2a: Diggersby|Diggersby, M|311\/311
|turn|4
|
|switch|p1a: Celebrity|Celebi|373\/373
|-damage|p1a: Celebrity|327\/373|[from] Stealth Rock
|move|p2a: Diggersby|Earthquake|p1a: Celebrity
|-resisted|p1a: Celebrity
|-damage|p1a: Celebrity|176\/373
|-damage|p2a: Diggersby|280\/311|[from] item: Life Orb
|
|-weather|Sandstorm|[upkeep]
|-damage|p1a: Celebrity|153\/373|[from] sandstorm
|turn|5
|
|switch|p2a: Bisharp|Bisharp, F|272\/272
|move|p1a: Celebrity|Giga Drain|p2a: Bisharp
|-resisted|p2a: Bisharp
|-damage|p2a: Bisharp|199\/272
|-heal|p1a: Celebrity|190\/373|[from] drain|[of] p2a: Bisharp
|
|-weather|Sandstorm|[upkeep]
|-damage|p1a: Celebrity|167\/373|[from] sandstorm
|turn|6
|
|switch|p2a: Landorus|Landorus, M|319\/319
|move|p1a: Celebrity|Earth Power|p2a: Landorus
|-immune|p2a: Landorus|[msg]
|
|-weather|Sandstorm|[upkeep]
|-damage|p1a: Celebrity|144\/373|[from] sandstorm
|turn|7
|
|move|p2a: Landorus|Hidden Power|p1a: Celebrity
|-supereffective|p1a: Celebrity
|-damage|p1a: Celebrity|0 fnt
|-damage|p2a: Landorus|288\/319|[from] item: Life Orb
|faint|p1a: Celebrity
|
|-weather|Sandstorm|[upkeep]
|
|switch|p1a: Immanuel Keld|Keldeo|323\/323
|-damage|p1a: Immanuel Keld|303\/323|[from] Stealth Rock
|turn|8
|
|switch|p1a: The Rock|Tyranitar, F|174\/342
|-damage|p1a: The Rock|132\/342|[from] Stealth Rock
|switch|p2a: Raikou|Raikou|321\/321
|-ability|p2a: Raikou|Pressure
|
|-weather|Sandstorm|[upkeep]
|-damage|p2a: Raikou|301\/321|[from] sandstorm
|-heal|p2a: Raikou|321\/321|[from] item: Leftovers
|turn|9
|
|move|p2a: Raikou|Thunderbolt|p1a: The Rock
|-damage|p1a: The Rock|26\/342
|move|p1a: The Rock|Pursuit|p2a: Raikou
|-damage|p2a: Raikou|239\/321
|
|-weather|Sandstorm|[upkeep]
|-damage|p2a: Raikou|219\/321|[from] sandstorm
|-heal|p2a: Raikou|239\/321|[from] item: Leftovers
|turn|10
|
|switch|p1a: Excavalier|Excadrill, F|361\/361
|-damage|p1a: Excavalier|350\/361|[from] Stealth Rock
|move|p2a: Raikou|Volt Switch|p1a: Excavalier
|-immune|p1a: Excavalier|[msg]
|
|-weather|none
|-heal|p2a: Raikou|259\/321|[from] item: Leftovers
|turn|11
|
|switch|p2a: Slowbro|Slowbro, M|394\/394
|move|p1a: Excavalier|Rapid Spin|p2a: Slowbro
|-damage|p2a: Slowbro|362\/394
|-sideend|p1: GrimoireGod|Stealth Rock|[from] move: Rapid Spin|[of] p1a: Excavalier
|-damage|p1a: Excavalier|314\/361|[from] item: Life Orb
|
|turn|12
|c|âjakapoke|gg?
|
|switch|p1a: Altariana Grande|Altaria-Mega, F|307\/307
|detailschange|p2a: Slowbro|Slowbro-Mega, M
|-mega|p2a: Slowbro|Slowbro|Slowbronite
|move|p2a: Slowbro|Scald|p1a: Altariana Grande
|-resisted|p1a: Altariana Grande
|-damage|p1a: Altariana Grande|236\/307
|
|turn|13
|c|âGrimoireGod|uhm
|c|âGrimoireGod|okay?
|c|âjakapoke|oh i couldnt see
|c|âjakapoke|altaria
|c|âGrimoireGod|lol
|c|âjakapoke|bug
|
|move|p1a: Altariana Grande|Dragon Dance|p1a: Altariana Grande
|-boost|p1a: Altariana Grande|atk|1
|-boost|p1a: Altariana Grande|spe|1
|move|p2a: Slowbro|Psyshock|p1a: Altariana Grande
|-damage|p1a: Altariana Grande|88\/307
|
|turn|14
|
|move|p1a: Altariana Grande|Roost|p1a: Altariana Grande
|-heal|p1a: Altariana Grande|242\/307
|move|p2a: Slowbro|Psyshock|p1a: Altariana Grande
|-damage|p1a: Altariana Grande|103\/307
|
|turn|15
|
|move|p1a: Altariana Grande|Roost|p1a: Altariana Grande
|-heal|p1a: Altariana Grande|257\/307
|move|p2a: Slowbro|Psyshock|p1a: Altariana Grande
|-damage|p1a: Altariana Grande|113\/307
|
|turn|16
|
|move|p1a: Altariana Grande|Roost|p1a: Altariana Grande
|-heal|p1a: Altariana Grande|267\/307
|move|p2a: Slowbro|Scald|p1a: Altariana Grande
|-resisted|p1a: Altariana Grande
|-damage|p1a: Altariana Grande|197\/307
|-status|p1a: Altariana Grande|brn
|
|-damage|p1a: Altariana Grande|159\/307 brn|[from] brn
|turn|17
|leave|Thompson129
|
|move|p1a: Altariana Grande|Heal Bell|p1a: Altariana Grande
|-cureteam|p1a: Altariana Grande|[from] move: HealBell
|move|p2a: Slowbro|Psyshock|p1a: Altariana Grande
|-damage|p1a: Altariana Grande|26\/307
|
|turn|18
|
|move|p1a: Altariana Grande|Roost|p1a: Altariana Grande
|-heal|p1a: Altariana Grande|180\/307
|move|p2a: Slowbro|Scald|p1a: Altariana Grande
|-resisted|p1a: Altariana Grande
|-damage|p1a: Altariana Grande|109\/307
|
|turn|19
|
|move|p1a: Altariana Grande|Roost|p1a: Altariana Grande
|-heal|p1a: Altariana Grande|263\/307
|move|p2a: Slowbro|Scald|p1a: Altariana Grande
|-resisted|p1a: Altariana Grande
|-damage|p1a: Altariana Grande|185\/307
|
|turn|20
|
|move|p1a: Altariana Grande|Return|p2a: Slowbro
|-damage|p2a: Slowbro|175\/394
|move|p2a: Slowbro|Scald|p1a: Altariana Grande
|-resisted|p1a: Altariana Grande
|-damage|p1a: Altariana Grande|111\/307
|
|turn|21
|
|move|p1a: Altariana Grande|Roost|p1a: Altariana Grande
|-heal|p1a: Altariana Grande|265\/307
|move|p2a: Slowbro|Scald|p1a: Altariana Grande
|-resisted|p1a: Altariana Grande
|-damage|p1a: Altariana Grande|192\/307
|
|turn|22
|
|move|p1a: Altariana Grande|Dragon Dance|p1a: Altariana Grande
|-boost|p1a: Altariana Grande|atk|1
|-boost|p1a: Altariana Grande|spe|1
|move|p2a: Slowbro|Scald|p1a: Altariana Grande
|-resisted|p1a: Altariana Grande
|-damage|p1a: Altariana Grande|119\/307
|
|turn|23
|
|move|p1a: Altariana Grande|Roost|p1a: Altariana Grande
|-heal|p1a: Altariana Grande|273\/307
|move|p2a: Slowbro|Scald|p1a: Altariana Grande
|-resisted|p1a: Altariana Grande
|-damage|p1a: Altariana Grande|203\/307
|-status|p1a: Altariana Grande|brn
|
|-damage|p1a: Altariana Grande|165\/307 brn|[from] brn
|turn|24
|
|move|p1a: Altariana Grande|Heal Bell|p1a: Altariana Grande
|-cureteam|p1a: Altariana Grande|[from] move: HealBell
|move|p2a: Slowbro|Scald|p1a: Altariana Grande
|-resisted|p1a: Altariana Grande
|-damage|p1a: Altariana Grande|90\/307
|
|turn|25
|
|move|p1a: Altariana Grande|Roost|p1a: Altariana Grande
|-heal|p1a: Altariana Grande|244\/307
|move|p2a: Slowbro|Scald|p1a: Altariana Grande
|-resisted|p1a: Altariana Grande
|-damage|p1a: Altariana Grande|163\/307
|
|turn|26
|
|move|p1a: Altariana Grande|Return|p2a: Slowbro
|-damage|p2a: Slowbro|0 fnt
|faint|p2a: Slowbro
|
|c|âGrimoireGod|reveal the sash bisharp
|c|âjakapoke|it has been damaged
|c|âjakapoke|lol
|c|âGrimoireGod|oh right
|c|âGrimoireGod|xD
|
|switch|p2a: Bisharp|Bisharp, F|199\/272
|turn|27
|
|move|p1a: Altariana Grande|Return|p2a: Bisharp
|-damage|p2a: Bisharp|0 fnt
|faint|p2a: Bisharp
|
|c|âGrimoireGod|mindgames
|
|switch|p2a: Raikou|Raikou|259\/321
|-ability|p2a: Raikou|Pressure
|turn|28
|
|move|p1a: Altariana Grande|Return|p2a: Raikou
|-damage|p2a: Raikou|0 fnt
|faint|p2a: Raikou
|
|
|switch|p2a: Diggersby|Diggersby, M|280\/311
|turn|29
|
|move|p2a: Diggersby|Quick Attack|p1a: Altariana Grande
|-damage|p1a: Altariana Grande|58\/307
|-damage|p2a: Diggersby|249\/311|[from] item: Life Orb
|move|p1a: Altariana Grande|Return|p2a: Diggersby
|-damage|p2a: Diggersby|0 fnt
|faint|p2a: Diggersby
|
|c|âGrimoireGod|gg lol
|c|âjakapoke|gg
|
|switch|p2a: Landorus|Landorus, M|288\/319
|turn|30
|
|move|p1a: Altariana Grande|Return|p2a: Landorus
|-damage|p2a: Landorus|0 fnt
|faint|p2a: Landorus
|
|win|GrimoireGod
|raw|Ladder updating...
|raw|GrimoireGod's rating: 1472 &rarr; <strong>1488<\/strong><br \/>(+16 for winning)
|raw|jakapoke's rating: 1404 &rarr; <strong>1388<\/strong><br \/>(-16 for losing)
|leave|jakapoke
|player|p2