|join|arxigameas
|join|GrimoireGod
|player|p1|arxigameas|127
|player|p2|GrimoireGod|128
|gametype|singles
|gen|6
|tier|OU
|rated
|clearpoke
|poke|p1|Clefable, F
|poke|p1|Gallade, M
|poke|p1|Rotom-Wash
|poke|p1|Kyurem-Black
|poke|p1|Talonflame, F
|poke|p1|Ferrothorn, M
|poke|p2|Tyranitar, M
|poke|p2|Excadrill, M
|poke|p2|Keldeo
|poke|p2|Victini
|poke|p2|Celebi
|poke|p2|Altaria, F
|rule|Swagger Clause: Swagger is banned
|rule|Baton Pass Clause: Limit one PokÃ©mon knowing Baton Pass
|rule|Sleep Clause Mod: Limit one foe put to sleep
|rule|Species Clause: Limit one of each PokÃ©mon
|rule|OHKO Clause: OHKO moves are banned
|rule|Moody Clause: Moody is banned
|rule|Evasion Moves Clause: Evasion moves are banned
|rule|Endless Battle Clause: Forcing endless battles is banned
|rule|HP Percentage Mod: HP is shown in percentages
|teampreview
|
|start
|switch|p1a: Ferrothorn|Ferrothorn, M|289\/289
|switch|p2a: Victina Turner|Victini|365\/365
|turn|1
|
|switch|p1a: Rotom-Wash|Rotom-Wash|304\/304
|move|p2a: Victina Turner|Substitute|p2a: Victina Turner
|-start|p2a: Victina Turner|Substitute
|-damage|p2a: Victina Turner|274\/365
|
|-heal|p2a: Victina Turner|296\/365|[from] item: Leftovers
|turn|2
|
|move|p2a: Victina Turner|Bolt Strike|p1a: Rotom-Wash
|-damage|p1a: Rotom-Wash|170\/304
|move|p1a: Rotom-Wash|Hydro Pump|p2a: Victina Turner
|-supereffective|p2a: Victina Turner
|-end|p2a: Victina Turner|Substitute
|
|-heal|p2a: Victina Turner|318\/365|[from] item: Leftovers
|-heal|p1a: Rotom-Wash|189\/304|[from] item: Leftovers
|turn|3
|
|switch|p2a: Celebitry|Celebi|373\/373
|move|p1a: Rotom-Wash|Hydro Pump|p2a: Celebitry
|-resisted|p2a: Celebitry
|-damage|p2a: Celebitry|307\/373
|
|-heal|p1a: Rotom-Wash|208\/304|[from] item: Leftovers
|turn|4
|
|switch|p1a: Talonflame|Talonflame, F|298\/298
|move|p2a: Celebitry|Giga Drain|p1a: Talonflame
|-resisted|p1a: Talonflame
|-damage|p1a: Talonflame|261\/298
|-heal|p2a: Celebitry|326\/373|[from] drain|[of] p1a: Talonflame
|
|turn|5
|
|switch|p2a: GODZILLA|Tyranitar, M|403\/403
|-weather|Sandstorm
|move|p1a: Talonflame|Substitute|p1a: Talonflame
|-start|p1a: Talonflame|Substitute
|-damage|p1a: Talonflame|187\/298
|
|-weather|Sandstorm|[upkeep]
|-damage|p1a: Talonflame|169\/298|[from] sandstorm
|turn|6
|c|âGrimoireGod|wat
|
|move|p1a: Talonflame|Roost|p1a: Talonflame
|-heal|p1a: Talonflame|298\/298
|move|p2a: GODZILLA|Stone Edge|p1a: Talonflame
|-supereffective|p1a: Talonflame
|-end|p1a: Talonflame|Substitute
|
|-weather|Sandstorm|[upkeep]
|-damage|p1a: Talonflame|280\/298|[from] sandstorm
|turn|7
|
|switch|p1a: Ferrothorn|Ferrothorn, M|289\/289
|move|p2a: GODZILLA|Stealth Rock|p1a: Ferrothorn
|-sidestart|p1: arxigameas|move: Stealth Rock
|
|-weather|Sandstorm|[upkeep]
|turn|8
|
|switch|p2a: Victina Turner|Victini|318\/365
|move|p1a: Ferrothorn|Stealth Rock|p2a: Victina Turner
|-sidestart|p2: GrimoireGod|move: Stealth Rock
|
|-weather|Sandstorm|[upkeep]
|-damage|p2a: Victina Turner|296\/365|[from] sandstorm
|-heal|p2a: Victina Turner|318\/365|[from] item: Leftovers
|turn|9
|join|testsnoepje
|
|switch|p1a: Rotom-Wash|Rotom-Wash|208\/304
|-damage|p1a: Rotom-Wash|170\/304|[from] Stealth Rock
|move|p2a: Victina Turner|V-create|p1a: Rotom-Wash
|-resisted|p1a: Rotom-Wash
|-damage|p1a: Rotom-Wash|40\/304
|-unboost|p2a: Victina Turner|def|1
|-unboost|p2a: Victina Turner|spd|1
|-unboost|p2a: Victina Turner|spe|1
|
|-weather|Sandstorm|[upkeep]
|-damage|p1a: Rotom-Wash|21\/304|[from] sandstorm
|-damage|p2a: Victina Turner|296\/365|[from] sandstorm
|-heal|p1a: Rotom-Wash|40\/304|[from] item: Leftovers
|-heal|p2a: Victina Turner|318\/365|[from] item: Leftovers
|turn|10
|join|Porto
|leave|Porto
|
|switch|p2a: Celebitry|Celebi|326\/373
|-damage|p2a: Celebitry|280\/373|[from] Stealth Rock
|move|p1a: Rotom-Wash|Pain Split|p2a: Celebitry
|-sethp|p2a: Celebitry|160\/373|p1a: Rotom-Wash|160\/304|[from] move: Pain Split
|
|-weather|Sandstorm|[upkeep]
|-damage|p2a: Celebitry|137\/373|[from] sandstorm
|-damage|p1a: Rotom-Wash|141\/304|[from] sandstorm
|-heal|p1a: Rotom-Wash|160\/304|[from] item: Leftovers
|turn|11
|join|Porto
|
|switch|p1a: Talonflame|Talonflame, F|280\/298
|-damage|p1a: Talonflame|131\/298|[from] Stealth Rock
|move|p2a: Celebitry|Recover|p2a: Celebitry
|-heal|p2a: Celebitry|324\/373
|
|-weather|Sandstorm|[upkeep]
|-damage|p1a: Talonflame|113\/298|[from] sandstorm
|-damage|p2a: Celebitry|301\/373|[from] sandstorm
|turn|12
|leave|Porto
|join|Porto
|leave|Porto
|
|switch|p2a: GODZILLA|Tyranitar, M|403\/403
|-damage|p2a: GODZILLA|353\/403|[from] Stealth Rock
|move|p1a: Talonflame|Roost|p1a: Talonflame
|-heal|p1a: Talonflame|262\/298
|
|-weather|none
|turn|13
|join|Porto
|leave|Porto
|join|Porto
|
|move|p2a: GODZILLA|Pursuit|p1a: Talonflame|[from]Pursuit
|-damage|p1a: Talonflame|55\/298
|switch|p1a: Ferrothorn|Ferrothorn, M|289\/289
|-damage|p1a: Ferrothorn|271\/289|[from] Stealth Rock
|
|turn|14
|leave|Porto
|join|Porto
|leave|Porto
|join|Porto
|
|switch|p2a: Altariana Grande|Altaria, F|307\/307
|-damage|p2a: Altariana Grande|231\/307|[from] Stealth Rock
|move|p1a: Ferrothorn|Leech Seed|p2a: Altariana Grande
|-start|p2a: Altariana Grande|move: Leech Seed
|
|-damage|p2a: Altariana Grande|193\/307|[from] Leech Seed|[of] p1a: Ferrothorn
|-heal|p1a: Ferrothorn|289\/289|[silent]
|turn|15
|leave|Porto
|join|Porto
|leave|Porto
|join|Porto
|
|switch|p2a: Victina Turner|Victini|318\/365
|-damage|p2a: Victina Turner|227\/365|[from] Stealth Rock
|move|p1a: Ferrothorn|Protect|p1a: Ferrothorn
|-fail|p1a: Ferrothorn
|
|-heal|p2a: Victina Turner|249\/365|[from] item: Leftovers
|turn|16
|c| testsnoepje|Altariana c:
|leave|Porto
|join|Porto
|c|âGrimoireGod|heh
|leave|Porto
|
|switch|p1a: Talonflame|Talonflame, F|55\/298
|-damage|p1a: Talonflame|0 fnt|[from] Stealth Rock
|faint|p1a: Talonflame
|move|p2a: Victina Turner|Substitute|p2a: Victina Turner
|-start|p2a: Victina Turner|Substitute
|-damage|p2a: Victina Turner|158\/365
|
|-heal|p2a: Victina Turner|180\/365|[from] item: Leftovers
|join|goldkrper
|
|switch|p1a: Rotom-Wash|Rotom-Wash|160\/304
|-damage|p1a: Rotom-Wash|122\/304|[from] Stealth Rock
|turn|17
|join|Porto
|
|move|p2a: Victina Turner|Bolt Strike|p1a: Rotom-Wash
|-damage|p1a: Rotom-Wash|0 fnt
|faint|p1a: Rotom-Wash
|
|-heal|p2a: Victina Turner|202\/365|[from] item: Leftovers
|leave|Porto
|
|switch|p1a: Gallade|Gallade, M|278\/278
|-damage|p1a: Gallade|261\/278|[from] Stealth Rock
|turn|18
|
|detailschange|p1a: Gallade|Gallade-Mega, M
|-mega|p1a: Gallade|Gallade|Galladite
|move|p1a: Gallade|Knock Off|p2a: Victina Turner
|-supereffective|p2a: Victina Turner
|-end|p2a: Victina Turner|Substitute
|move|p2a: Victina Turner|V-create|p1a: Gallade
|-damage|p1a: Gallade|0 fnt
|-unboost|p2a: Victina Turner|def|1
|-unboost|p2a: Victina Turner|spd|1
|-unboost|p2a: Victina Turner|spe|1
|faint|p1a: Gallade
|
|-heal|p2a: Victina Turner|224\/365|[from] item: Leftovers
|
|switch|p1a: Clefable|Clefable, F|332\/332
|turn|19
|
|move|p2a: Victina Turner|Power-Up Punch|p1a: Clefable
|-resisted|p1a: Clefable
|-damage|p1a: Clefable|311\/332
|-boost|p2a: Victina Turner|atk|1
|move|p1a: Clefable|Flamethrower|p2a: Victina Turner
|-resisted|p2a: Victina Turner
|-damage|p2a: Victina Turner|147\/365
|
|-heal|p2a: Victina Turner|169\/365|[from] item: Leftovers
|-heal|p1a: Clefable|331\/332|[from] item: Leftovers
|turn|20
|
|move|p2a: Victina Turner|Power-Up Punch|p1a: Clefable
|-resisted|p1a: Clefable
|-damage|p1a: Clefable|302\/332
|-boost|p2a: Victina Turner|atk|1
|move|p1a: Clefable|Moonblast|p2a: Victina Turner
|-resisted|p2a: Victina Turner
|-damage|p2a: Victina Turner|51\/365
|
|-heal|p2a: Victina Turner|73\/365|[from] item: Leftovers
|-heal|p1a: Clefable|322\/332|[from] item: Leftovers
|turn|21
|c|âGrimoireGod|git nuked
|
|move|p2a: Victina Turner|V-create|p1a: Clefable
|-damage|p1a: Clefable|0 fnt
|-unboost|p2a: Victina Turner|def|1
|-unboost|p2a: Victina Turner|spd|1
|-unboost|p2a: Victina Turner|spe|1
|faint|p1a: Clefable
|
|-heal|p2a: Victina Turner|95\/365|[from] item: Leftovers
|
|switch|p1a: Ferrothorn|Ferrothorn, M|289\/289
|-damage|p1a: Ferrothorn|271\/289|[from] Stealth Rock
|turn|22
|
|switch|p2a: Immanuel Keld|Keldeo|323\/323
|-damage|p2a: Immanuel Keld|303\/323|[from] Stealth Rock
|move|p1a: Ferrothorn|Leech Seed|p2a: Immanuel Keld
|-start|p2a: Immanuel Keld|move: Leech Seed
|
|-heal|p2a: Immanuel Keld|323\/323|[from] item: Leftovers
|-damage|p2a: Immanuel Keld|283\/323|[from] Leech Seed|[of] p1a: Ferrothorn
|-heal|p1a: Ferrothorn|289\/289|[silent]
|turn|23
|
|move|p1a: Ferrothorn|Protect|p1a: Ferrothorn
|-singleturn|p1a: Ferrothorn|Protect
|move|p2a: Immanuel Keld|Secret Sword|p1a: Ferrothorn
|-activate|p1a: Ferrothorn|Protect
|
|-heal|p2a: Immanuel Keld|303\/323|[from] item: Leftovers
|-damage|p2a: Immanuel Keld|263\/323|[from] Leech Seed|[of] p1a: Ferrothorn
|turn|24
|
|move|p2a: Immanuel Keld|Secret Sword|p1a: Ferrothorn
|-supereffective|p1a: Ferrothorn
|-damage|p1a: Ferrothorn|83\/289
|move|p1a: Ferrothorn|Gyro Ball|p2a: Immanuel Keld
|-resisted|p2a: Immanuel Keld
|-damage|p2a: Immanuel Keld|176\/323
|
|-heal|p2a: Immanuel Keld|196\/323|[from] item: Leftovers
|-damage|p2a: Immanuel Keld|156\/323|[from] Leech Seed|[of] p1a: Ferrothorn
|-heal|p1a: Ferrothorn|123\/289|[silent]
|turn|25
|
|move|p1a: Ferrothorn|Protect|p1a: Ferrothorn
|-singleturn|p1a: Ferrothorn|Protect
|move|p2a: Immanuel Keld|Secret Sword|p1a: Ferrothorn
|-activate|p1a: Ferrothorn|Protect
|
|-heal|p2a: Immanuel Keld|176\/323|[from] item: Leftovers
|-damage|p2a: Immanuel Keld|136\/323|[from] Leech Seed|[of] p1a: Ferrothorn
|-heal|p1a: Ferrothorn|163\/289|[silent]
|turn|26
|leave|testsnoepje
|
|move|p1a: Ferrothorn|Protect|p1a: Ferrothorn
|-singleturn|p1a: Ferrothorn|Protect
|move|p2a: Immanuel Keld|Secret Sword|p1a: Ferrothorn
|-activate|p1a: Ferrothorn|Protect
|
|-heal|p2a: Immanuel Keld|156\/323|[from] item: Leftovers
|-damage|p2a: Immanuel Keld|116\/323|[from] Leech Seed|[of] p1a: Ferrothorn
|-heal|p1a: Ferrothorn|203\/289|[silent]
|turn|27
|
|move|p2a: Immanuel Keld|Secret Sword|p1a: Ferrothorn
|-supereffective|p1a: Ferrothorn
|-damage|p1a: Ferrothorn|11\/289
|move|p1a: Ferrothorn|Gyro Ball|p2a: Immanuel Keld
|-resisted|p2a: Immanuel Keld
|-damage|p2a: Immanuel Keld|22\/323
|
|-heal|p2a: Immanuel Keld|42\/323|[from] item: Leftovers
|-damage|p2a: Immanuel Keld|2\/323|[from] Leech Seed|[of] p1a: Ferrothorn
|-heal|p1a: Ferrothorn|51\/289|[silent]
|turn|28
|c|âGrimoireGod|oml
|
|move|p1a: Ferrothorn|Protect|p1a: Ferrothorn
|-singleturn|p1a: Ferrothorn|Protect
|move|p2a: Immanuel Keld|Secret Sword|p1a: Ferrothorn
|-activate|p1a: Ferrothorn|Protect
|
|-heal|p2a: Immanuel Keld|22\/323|[from] item: Leftovers
|-damage|p2a: Immanuel Keld|0 fnt|[from] Leech Seed|[of] p1a: Ferrothorn
|-heal|p1a: Ferrothorn|73\/289|[silent]
|faint|p2a: Immanuel Keld
|c| goldkrper|im a survivor
|c| goldkrper|lal
|c|âGrimoireGod|lol
|
|switch|p2a: Excavalier|Excadrill, M|361\/361
|-damage|p2a: Excavalier|350\/361|[from] Stealth Rock
|turn|29
|
|move|p2a: Excavalier|Earthquake|p1a: Ferrothorn
|-damage|p1a: Ferrothorn|0 fnt
|-damage|p2a: Excavalier|314\/361|[from] item: Life Orb
|faint|p1a: Ferrothorn
|
|
|switch|p1a: Kyurem-Black|Kyurem-Black|391\/391
|-damage|p1a: Kyurem-Black|294\/391|[from] Stealth Rock
|-ability|p1a: Kyurem-Black|Teravolt
|turn|30
|
|move|p1a: Kyurem-Black|Ice Beam|p2a: Excavalier
|-damage|p2a: Excavalier|149\/361
|move|p2a: Excavalier|Iron Head|p1a: Kyurem-Black
|-supereffective|p1a: Kyurem-Black
|-damage|p1a: Kyurem-Black|0 fnt
|-damage|p2a: Excavalier|113\/361|[from] item: Life Orb
|faint|p1a: Kyurem-Black
|
|win|GrimoireGod
|raw|Ladder updating...
|raw|arxigameas's rating: 1372 &rarr; <strong>1357<\/strong><br \/>(-15 for losing)
|raw|GrimoireGod's rating: 1457 &rarr; <strong>1472<\/strong><br \/>(+15 for winning)
|c|âGrimoireGod|gg
|leave|arxigameas
|player|p1