|join|Reverb
|join|GrimoireGod
|player|p1|Reverb|#reverb
|player|p2|GrimoireGod|41
|gametype|singles
|gen|6
|tier|OU
|rated
|clearpoke
|poke|p1|Empoleon, M
|poke|p1|Tyranitar, M
|poke|p1|Charizard, F
|poke|p1|Keldeo
|poke|p1|Tangrowth, M
|poke|p1|Landorus-Therian, M
|poke|p2|Keldeo
|poke|p2|Tyranitar, M
|poke|p2|Excadrill, F
|poke|p2|Altaria, F
|poke|p2|Heatran, F
|poke|p2|Celebi
|rule|Swagger Clause: Swagger is banned
|rule|Baton Pass Clause: Limit one PokÃ©mon knowing Baton Pass
|rule|Sleep Clause Mod: Limit one foe put to sleep
|rule|Species Clause: Limit one of each PokÃ©mon
|rule|OHKO Clause: OHKO moves are banned
|rule|Moody Clause: Moody is banned
|rule|Evasion Moves Clause: Evasion moves are banned
|rule|Endless Battle Clause: Forcing endless battles is banned
|rule|HP Percentage Mod: HP is shown in percentages
|teampreview
|join|I Iike Squirtles
|c|âGrimoireGod|w-wow
|c|âReverb|hf
|join|Cienight
|c|âGrimoireGod|you too
|join|Escavalier
|
|start
|switch|p1a: Landorus-Therian|Landorus-Therian, M|319\/319
|switch|p2a: Keldeo|Keldeo|323\/323
|-ability|p1a: Landorus-Therian|Intimidate|[of] p2a: Keldeo
|-unboost|p2a: Keldeo|atk|1
|turn|1
|
|switch|p1a: Empoleon|Empoleon, M|371\/371
|move|p2a: Keldeo|Scald|p1a: Empoleon
|-resisted|p1a: Empoleon
|-damage|p1a: Empoleon|298\/371
|
|-heal|p1a: Empoleon|321\/371|[from] item: Leftovers
|turn|2
|c| Escavalier|wasnt ss the best play
|c| Escavalier|there was no way he was staying in
|c| Cienight|n
|c|âGrimoireGod|perhaps, but scald is spammable with burns and stuff
|c| Cienight|he had to try and scald
|c| Cienight|the ventual tangela
|c| Cienight|e
|c| Cienight|*
|
|move|p2a: Keldeo|Secret Sword|p1a: Empoleon
|-supereffective|p1a: Empoleon
|-damage|p1a: Empoleon|91\/371
|move|p1a: Empoleon|Stealth Rock|p2a: Keldeo
|-sidestart|p2: GrimoireGod|move: Stealth Rock
|
|-heal|p1a: Empoleon|114\/371|[from] item: Leftovers
|turn|3
|c|âReverb|for some reason ppl always scald anyway
|c| Escavalier|oh its cm
|c| Cienight|cause scald
|
|switch|p1a: Tangrowth|Tangrowth, M|404\/404
|move|p2a: Keldeo|Secret Sword|p1a: Tangrowth
|-damage|p1a: Tangrowth|269\/404
|
|turn|4
|c| Cienight|is a broken move
|c| Escavalier|prepare ur anus
|
|switch|p2a: Altaria|Altaria, F|291\/291
|-damage|p2a: Altaria|219\/291|[from] Stealth Rock
|move|p1a: Tangrowth|Leaf Storm|p2a: Altaria
|-resisted|p2a: Altaria
|-damage|p2a: Altaria|182\/291
|-unboost|p1a: Tangrowth|spa|2
|
|turn|5
|
|switch|p1a: Landorus-Therian|Landorus-Therian, M|319\/319
|-ability|p1a: Landorus-Therian|Intimidate|[of] p2a: Altaria
|-unboost|p2a: Altaria|atk|1
|detailschange|p2a: Altaria|Altaria-Mega, F
|-mega|p2a: Altaria|Altaria|Altarianite
|move|p2a: Altaria|Roost|p2a: Altaria
|-heal|p2a: Altaria|291\/291
|
|turn|6
|
|move|p1a: Landorus-Therian|Earthquake|p2a: Altaria
|-damage|p2a: Altaria|126\/291
|move|p2a: Altaria|Hyper Voice|p1a: Landorus-Therian
|-crit|p1a: Landorus-Therian
|-damage|p1a: Landorus-Therian|0 fnt
|faint|p1a: Landorus-Therian
|
|
|switch|p1a: Charizard|Charizard, F|297\/297
|turn|7
|c|âGrimoireGod|sorry
|c|âReverb|it's k
|
|detailschange|p1a: Charizard|Charizard-Mega-Y, F
|-mega|p1a: Charizard|Charizard|Charizardite Y
|-weather|SunnyDay
|move|p1a: Charizard|Flamethrower|p2a: Altaria
|-resisted|p2a: Altaria
|-damage|p2a: Altaria|0 fnt
|faint|p2a: Altaria
|
|-weather|SunnyDay|[upkeep]
|
|switch|p2a: Tyranitar|Tyranitar, M|341\/341
|-damage|p2a: Tyranitar|299\/341|[from] Stealth Rock
|-weather|Sandstorm
|turn|8
|join|haunter
|
|move|p2a: Tyranitar|Pursuit|p1a: Charizard|[from]Pursuit
|-damage|p1a: Charizard|83\/297
|switch|p1a: Keldeo|Keldeo|323\/323
|
|-weather|Sandstorm|[upkeep]
|-damage|p1a: Keldeo|303\/323|[from] sandstorm
|turn|9
|
|switch|p2a: Celebi|Celebi|403\/403
|-damage|p2a: Celebi|353\/403|[from] Stealth Rock
|switch|p1a: Charizard|Charizard-Mega-Y, F|83\/297
|-weather|SunnyDay
|
|-weather|SunnyDay|[upkeep]
|-heal|p2a: Celebi|378\/403|[from] item: Leftovers
|turn|10
|
|switch|p2a: Keldeo|Keldeo|323\/323
|-damage|p2a: Keldeo|303\/323|[from] Stealth Rock
|move|p1a: Charizard|Roost|p1a: Charizard
|-heal|p1a: Charizard|232\/297
|
|-weather|SunnyDay|[upkeep]
|-heal|p2a: Keldeo|323\/323|[from] item: Leftovers
|turn|11
|
|switch|p2a: Tyranitar|Tyranitar, M|299\/341
|-damage|p2a: Tyranitar|257\/341|[from] Stealth Rock
|-weather|Sandstorm
|switch|p1a: Tangrowth|Tangrowth, M|403\/404
|
|-weather|Sandstorm|[upkeep]
|-damage|p1a: Tangrowth|378\/404|[from] sandstorm
|turn|12
|
|switch|p2a: Celebi|Celebi|378\/403
|-damage|p2a: Celebi|328\/403|[from] Stealth Rock
|move|p1a: Tangrowth|Leaf Storm|p2a: Celebi
|-resisted|p2a: Celebi
|-damage|p2a: Celebi|268\/403
|-unboost|p1a: Tangrowth|spa|2
|
|-weather|Sandstorm|[upkeep]
|-damage|p2a: Celebi|243\/403|[from] sandstorm
|-damage|p1a: Tangrowth|353\/404|[from] sandstorm
|-heal|p2a: Celebi|268\/403|[from] item: Leftovers
|turn|13
|
|switch|p1a: Charizard|Charizard-Mega-Y, F|232\/297
|-weather|SunnyDay
|move|p2a: Celebi|Baton Pass|p2a: Celebi
|
|switch|p2a: Tyranitar|Tyranitar, M|257\/341
|-damage|p2a: Tyranitar|215\/341|[from] Stealth Rock
|-weather|Sandstorm
|
|-weather|Sandstorm|[upkeep]
|-damage|p1a: Charizard|214\/297|[from] sandstorm
|turn|14
|
|switch|p1a: Empoleon|Empoleon, M|114\/371
|move|p2a: Tyranitar|Stone Edge|p1a: Empoleon|[miss]
|-miss|p2a: Tyranitar|p1a: Empoleon
|
|-weather|Sandstorm|[upkeep]
|-heal|p1a: Empoleon|137\/371|[from] item: Leftovers
|turn|15
|join|Chillingtilnoon
|
|switch|p2a: Celebi|Celebi|268\/403
|-damage|p2a: Celebi|218\/403|[from] Stealth Rock
|move|p1a: Empoleon|Roar|p2a: Celebi
|drag|p2a: Keldeo|Keldeo|323\/323
|-damage|p2a: Keldeo|303\/323|[from] Stealth Rock
|
|-weather|Sandstorm|[upkeep]
|-damage|p2a: Keldeo|283\/323|[from] sandstorm
|-heal|p2a: Keldeo|303\/323|[from] item: Leftovers
|-heal|p1a: Empoleon|160\/371|[from] item: Leftovers
|turn|16
|
|switch|p1a: Tangrowth|Tangrowth, M|404\/404
|move|p2a: Keldeo|Substitute|p2a: Keldeo
|-start|p2a: Keldeo|Substitute
|-damage|p2a: Keldeo|223\/323
|
|-weather|Sandstorm|[upkeep]
|-damage|p2a: Keldeo|203\/323|[from] sandstorm
|-damage|p1a: Tangrowth|379\/404|[from] sandstorm
|-heal|p2a: Keldeo|223\/323|[from] item: Leftovers
|turn|17
|
|move|p2a: Keldeo|Calm Mind|p2a: Keldeo
|-boost|p2a: Keldeo|spa|1
|-boost|p2a: Keldeo|spd|1
|move|p1a: Tangrowth|Leaf Storm|p2a: Keldeo|[miss]
|-miss|p1a: Tangrowth|p2a: Keldeo
|
|-weather|none
|-heal|p2a: Keldeo|243\/323|[from] item: Leftovers
|turn|18
|c|âReverb|im putting eq on after this
|
|move|p2a: Keldeo|Calm Mind|p2a: Keldeo
|-boost|p2a: Keldeo|spa|1
|-boost|p2a: Keldeo|spd|1
|move|p1a: Tangrowth|Leaf Storm|p2a: Keldeo
|-supereffective|p2a: Keldeo
|-end|p2a: Keldeo|Substitute
|-unboost|p1a: Tangrowth|spa|2
|
|-heal|p2a: Keldeo|263\/323|[from] item: Leftovers
|turn|19
|
|move|p2a: Keldeo|Substitute|p2a: Keldeo
|-start|p2a: Keldeo|Substitute
|-damage|p2a: Keldeo|183\/323
|move|p1a: Tangrowth|Leaf Storm|p2a: Keldeo
|-supereffective|p2a: Keldeo
|-end|p2a: Keldeo|Substitute
|-unboost|p1a: Tangrowth|spa|2
|
|-heal|p2a: Keldeo|203\/323|[from] item: Leftovers
|turn|20
|
|move|p2a: Keldeo|Secret Sword|p1a: Tangrowth
|-crit|p1a: Tangrowth
|-damage|p1a: Tangrowth|3\/404
|move|p1a: Tangrowth|Leaf Storm|p2a: Keldeo|[miss]
|-miss|p1a: Tangrowth|p2a: Keldeo
|
|-heal|p2a: Keldeo|223\/323|[from] item: Leftovers
|turn|21
|c|âReverb|wtf
|c|âGrimoireGod|._.
|
|move|p2a: Keldeo|Scald|p1a: Tangrowth
|-resisted|p1a: Tangrowth
|-damage|p1a: Tangrowth|0 fnt
|faint|p1a: Tangrowth
|
|-heal|p2a: Keldeo|243\/323|[from] item: Leftovers
|
|switch|p1a: Keldeo|Keldeo|303\/323
|turn|22
|
|move|p2a: Keldeo|Secret Sword|p1a: Keldeo
|-damage|p1a: Keldeo|0 fnt
|faint|p1a: Keldeo
|
|-heal|p2a: Keldeo|263\/323|[from] item: Leftovers
|c|âReverb|fck speed ties
|-message|Reverb forfeited.
|
|win|GrimoireGod
|raw|Ladder updating...
|raw|Reverb's rating: 1709 &rarr; <strong>1681<\/strong><br \/>(-28 for losing)
|raw|GrimoireGod's rating: 1554 &rarr; <strong>1582<\/strong><br \/>(+28 for winning)
|c|âGrimoireGod|gg
|leave|Reverb
|player|p1
|leave|Escavalier
|leave|haunter
|leave|GrimoireGod
|player|p2