|join|Here to GG
|join|GrimoireGod
|player|p1|Here to GG|148
|player|p2|GrimoireGod|41
|gametype|singles
|gen|6
|tier|OU
|rated
|clearpoke
|poke|p1|Gothitelle, F
|poke|p1|Metagross
|poke|p1|Raikou
|poke|p1|Skarmory, F
|poke|p1|Tyranitar, M
|poke|p1|Azumarill, F
|poke|p2|Keldeo
|poke|p2|Tyranitar, M
|poke|p2|Excadrill, F
|poke|p2|Altaria, M
|poke|p2|Heatran, M
|poke|p2|Celebi
|rule|Swagger Clause: Swagger is banned
|rule|Baton Pass Clause: Limit one PokÃ©mon knowing Baton Pass
|rule|Sleep Clause Mod: Limit one foe put to sleep
|rule|Species Clause: Limit one of each PokÃ©mon
|rule|OHKO Clause: OHKO moves are banned
|rule|Moody Clause: Moody is banned
|rule|Evasion Moves Clause: Evasion moves are banned
|rule|Endless Battle Clause: Forcing endless battles is banned
|rule|HP Percentage Mod: HP is shown in percentages
|teampreview
|
|start
|switch|p1a: Skarmory|Skarmory, F|334\/334
|switch|p2a: Celebi|Celebi|403\/403
|turn|1
|
|move|p2a: Celebi|Nasty Plot|p2a: Celebi
|-boost|p2a: Celebi|spa|2
|move|p1a: Skarmory|Stealth Rock|p2a: Celebi
|-sidestart|p2: GrimoireGod|move: Stealth Rock
|
|turn|2
|
|move|p2a: Celebi|Baton Pass|p2a: Celebi
|
|switch|p2a: Altaria|Altaria, M|291\/291
|-damage|p2a: Altaria|219\/291|[from] Stealth Rock
|move|p1a: Skarmory|Taunt|p2a: Altaria
|-start|p2a: Altaria|move: Taunt
|
|turn|3
|
|switch|p1a: Tyranitar|Tyranitar, M|341\/341
|-weather|Sandstorm
|detailschange|p2a: Altaria|Altaria-Mega, M
|-mega|p2a: Altaria|Altaria|Altarianite
|move|p2a: Altaria|Fire Blast|p1a: Tyranitar
|-resisted|p1a: Tyranitar
|-damage|p1a: Tyranitar|257\/341
|
|-weather|Sandstorm|[upkeep]
|-damage|p2a: Altaria|201\/291|[from] sandstorm
|turn|4
|
|move|p1a: Tyranitar|Stone Edge|p2a: Altaria
|-damage|p2a: Altaria|35\/291
|move|p2a: Altaria|Hyper Voice|p1a: Tyranitar
|-supereffective|p1a: Tyranitar
|-damage|p1a: Tyranitar|0 fnt
|faint|p1a: Tyranitar
|
|-weather|Sandstorm|[upkeep]
|-damage|p2a: Altaria|17\/291|[from] sandstorm
|
|switch|p1a: Raikou|Raikou|321\/321
|-ability|p1a: Raikou|Pressure
|turn|5
|
|move|p1a: Raikou|Volt Switch|p2a: Altaria
|-resisted|p2a: Altaria
|-damage|p2a: Altaria|0 fnt
|faint|p2a: Altaria
|
|switch|p1a: Metagross|Metagross|301\/301
|
|-weather|Sandstorm|[upkeep]
|
|switch|p2a: Heatran|Heatran, M|323\/323
|-damage|p2a: Heatran|283\/323|[from] Stealth Rock
|turn|6
|
|detailschange|p1a: Metagross|Metagross-Mega
|-mega|p1a: Metagross|Metagross|Metagrossite
|move|p2a: Heatran|Magma Storm|p1a: Metagross
|-supereffective|p1a: Metagross
|-damage|p1a: Metagross|0 fnt
|faint|p1a: Metagross
|
|-weather|Sandstorm|[upkeep]
|-heal|p2a: Heatran|303\/323|[from] item: Leftovers
|
|switch|p1a: Azumarill|Azumarill, F|364\/364
|turn|7
|
|switch|p2a: Celebi|Celebi|403\/403
|-damage|p2a: Celebi|353\/403|[from] Stealth Rock
|move|p1a: Azumarill|Belly Drum|p1a: Azumarill
|-damage|p1a: Azumarill|182\/364
|-setboost|p1a: Azumarill|atk|6|[from] move: Belly Drum
|-enditem|p1a: Azumarill|Sitrus Berry|[eat]
|-heal|p1a: Azumarill|273\/364|[from] item: Sitrus Berry
|
|-weather|none
|-heal|p2a: Celebi|378\/403|[from] item: Leftovers
|turn|8
|
|move|p2a: Celebi|Giga Drain|p1a: Azumarill
|-supereffective|p1a: Azumarill
|-damage|p1a: Azumarill|61\/364
|-heal|p2a: Celebi|403\/403|[from] drain|[of] p1a: Azumarill
|move|p1a: Azumarill|Knock Off|p2a: Celebi
|-supereffective|p2a: Celebi
|-damage|p2a: Celebi|0 fnt
|-enditem|p2a: Celebi|Leftovers|[from] move: Knock Off|[of] p1a: Azumarill
|faint|p2a: Celebi
|
|
|switch|p2a: Keldeo|Keldeo|323\/323
|-damage|p2a: Keldeo|303\/323|[from] Stealth Rock
|turn|9
|
|switch|p1a: Gothitelle|Gothitelle, F|301\/301
|move|p2a: Keldeo|Secret Sword|p1a: Gothitelle
|-crit|p1a: Gothitelle
|-resisted|p1a: Gothitelle
|-damage|p1a: Gothitelle|191\/301
|
|-heal|p2a: Keldeo|323\/323|[from] item: Leftovers
|turn|10
|
|move|p1a: Gothitelle|Psyshock|p2a: Keldeo
|-supereffective|p2a: Keldeo
|-damage|p2a: Keldeo|107\/323
|move|p2a: Keldeo|Scald|p1a: Gothitelle
|-damage|p1a: Gothitelle|59\/301
|
|-heal|p2a: Keldeo|127\/323|[from] item: Leftovers
|turn|11
|
|move|p1a: Gothitelle|Psyshock|p2a: Keldeo
|-supereffective|p2a: Keldeo
|-damage|p2a: Keldeo|0 fnt
|faint|p2a: Keldeo
|
|
|switch|p2a: Heatran|Heatran, M|303\/323
|-damage|p2a: Heatran|263\/323|[from] Stealth Rock
|turn|12
|
|move|p1a: Gothitelle|Psyshock|p2a: Heatran
|-resisted|p2a: Heatran
|-damage|p2a: Heatran|218\/323
|move|p2a: Heatran|Earth Power|p1a: Gothitelle
|-damage|p1a: Gothitelle|0 fnt
|faint|p1a: Gothitelle
|
|-heal|p2a: Heatran|238\/323|[from] item: Leftovers
|
|switch|p1a: Azumarill|Azumarill, F|61\/364
|turn|13
|
|switch|p2a: Tyranitar|Tyranitar, M|341\/341
|-damage|p2a: Tyranitar|299\/341|[from] Stealth Rock
|-weather|Sandstorm
|move|p1a: Azumarill|Aqua Jet|p2a: Tyranitar
|-supereffective|p2a: Tyranitar
|-damage|p2a: Tyranitar|149\/341
|
|-weather|Sandstorm|[upkeep]
|-damage|p1a: Azumarill|39\/364|[from] sandstorm
|turn|14
|
|switch|p1a: Skarmory|Skarmory, F|334\/334
|move|p2a: Tyranitar|Crunch|p1a: Skarmory
|-damage|p1a: Skarmory|249\/334
|-damage|p2a: Tyranitar|93\/341|[from] item: Rocky Helmet|[of] p1a: Skarmory
|
|-weather|Sandstorm|[upkeep]
|turn|15
|
|switch|p2a: Heatran|Heatran, M|238\/323
|-damage|p2a: Heatran|198\/323|[from] Stealth Rock
|move|p1a: Skarmory|Taunt|p2a: Heatran
|-start|p2a: Heatran|move: Taunt
|
|-weather|Sandstorm|[upkeep]
|-heal|p2a: Heatran|218\/323|[from] item: Leftovers
|turn|16
|
|switch|p1a: Raikou|Raikou|321\/321
|-ability|p1a: Raikou|Pressure
|move|p2a: Heatran|Magma Storm|p1a: Raikou
|-damage|p1a: Raikou|209\/321
|-activate|p1a: Raikou|move: Magma Storm|[of] p2a: Heatran
|
|-weather|Sandstorm|[upkeep]
|-damage|p1a: Raikou|189\/321|[from] sandstorm
|-heal|p2a: Heatran|238\/323|[from] item: Leftovers
|-damage|p1a: Raikou|149\/321|[from] move: Magma Storm|[partiallytrapped]
|turn|17
|
|move|p1a: Raikou|Thunderbolt|p2a: Heatran
|-damage|p2a: Heatran|94\/323
|-status|p2a: Heatran|par
|move|p2a: Heatran|Earth Power|p1a: Raikou
|-supereffective|p1a: Raikou
|-damage|p1a: Raikou|0 fnt
|faint|p1a: Raikou
|
|-weather|none
|-heal|p2a: Heatran|114\/323 par|[from] item: Leftovers
|
|switch|p1a: Azumarill|Azumarill, F|39\/364
|turn|18
|
|switch|p2a: Tyranitar|Tyranitar, M|93\/341
|-damage|p2a: Tyranitar|51\/341|[from] Stealth Rock
|-weather|Sandstorm
|move|p1a: Azumarill|Aqua Jet|p2a: Tyranitar
|-supereffective|p2a: Tyranitar
|-damage|p2a: Tyranitar|0 fnt
|faint|p2a: Tyranitar
|
|-weather|Sandstorm|[upkeep]
|-damage|p1a: Azumarill|17\/364|[from] sandstorm
|
|switch|p2a: Excadrill|Excadrill, F|361\/361
|-damage|p2a: Excadrill|350\/361|[from] Stealth Rock
|-item|p2a: Excadrill|Air Balloon
|turn|19
|
|switch|p1a: Skarmory|Skarmory, F|249\/334
|move|p2a: Excadrill|Rock Slide|p1a: Skarmory
|-damage|p1a: Skarmory|186\/334
|
|-weather|Sandstorm|[upkeep]
|turn|20
|-message|Here to GG forfeited.
|
|win|GrimoireGod
|raw|Ladder updating...
|leave|Here to GG
|player|p1
|raw|Here to GG's rating: 1671 &rarr; <strong>1646<\/strong><br \/>(-25 for losing)
|raw|GrimoireGod's rating: 1582 &rarr; <strong>1607<\/strong><br \/>(+25 for winning)