|join|GrimoireGod
|join|PedroPie
|player|p1|GrimoireGod|266
|player|p2|PedroPie|169
|gametype|singles
|gen|6
|tier|OU (suspect test)
|rated
|clearpoke
|poke|p1|Gallade, M
|poke|p1|Bisharp, F
|poke|p1|Sylveon, M
|poke|p1|Keldeo
|poke|p1|Klefki, F
|poke|p1|Heatran, F
|poke|p2|Sableye, F
|poke|p2|Wobbuffet, M
|poke|p2|Azelf
|poke|p2|Whimsicott, F
|poke|p2|Smeargle, M
|poke|p2|Espeon, M
|rule|Swagger Clause: Swagger is banned
|rule|Baton Pass Clause: Limit one PokÃ©mon knowing Baton Pass
|rule|Sleep Clause Mod: Limit one foe put to sleep
|rule|Species Clause: Limit one of each PokÃ©mon
|rule|OHKO Clause: OHKO moves are banned
|rule|Moody Clause: Moody is banned
|rule|Evasion Moves Clause: Evasion moves are banned
|rule|Endless Battle Clause: Forcing endless battles is banned
|rule|HP Percentage Mod: HP is shown in percentages
|teampreview
|
|start
|switch|p1a: Sylveon|Sylveon, M|372\/372
|switch|p2a: Wobbuffet|Wobbuffet, M|584\/584
|turn|1
|
|move|p1a: Sylveon|Baton Pass|p1a: Sylveon
|
|switch|p1a: Klefki|Klefki, F|318\/318
|move|p2a: Wobbuffet|Encore|p1a: Klefki
|-fail|p1a: Klefki
|
|turn|2
|
|switch|p2a: Espeon|Espeon, M|334\/334
|move|p1a: Klefki|Spikes|p2a: Espeon
|move|p2a: Espeon|Spikes|p1a: Klefki|[from]Magic Bounce
|-sidestart|p1: GrimoireGod|Spikes
|
|turn|3
|
|switch|p2a: Wobbuffet|Wobbuffet, M|584\/584
|switch|p1a: Bisharp|Bisharp, F|272\/272
|-damage|p1a: Bisharp|238\/272|[from] Spikes
|
|turn|4
|
|move|p1a: Bisharp|Knock Off|p2a: Wobbuffet
|-supereffective|p2a: Wobbuffet
|-damage|p2a: Wobbuffet|0 fnt
|-enditem|p2a: Wobbuffet|Leftovers|[from] move: Knock Off|[of] p1a: Bisharp
|-damage|p1a: Bisharp|211\/272|[from] item: Life Orb
|faint|p2a: Wobbuffet
|
|
|switch|p2a: Sableye|Sableye, F|304\/304
|turn|5
|
|switch|p1a: Sylveon|Sylveon, M|372\/372
|-damage|p1a: Sylveon|326\/372|[from] Spikes
|move|p2a: Sableye|Foul Play|p1a: Sylveon
|-crit|p1a: Sylveon
|-resisted|p1a: Sylveon
|-damage|p1a: Sylveon|248\/372
|
|turn|6
|
|move|p2a: Sableye|Taunt|p1a: Sylveon
|-start|p1a: Sylveon|move: Taunt
|move|p1a: Sylveon|Hyper Voice|p2a: Sableye
|-supereffective|p2a: Sableye
|-damage|p2a: Sableye|0 fnt
|faint|p2a: Sableye
|
|
|switch|p2a: Azelf|Azelf|323\/323
|turn|7
|
|move|p2a: Azelf|Light Screen|p2a: Azelf
|-sidestart|p2: PedroPie|move: Light Screen
|move|p1a: Sylveon|Hyper Voice|p2a: Azelf
|-damage|p2a: Azelf|125\/323
|
|turn|8
|
|move|p2a: Azelf|Reflect|p2a: Azelf
|-sidestart|p2: PedroPie|Reflect
|move|p1a: Sylveon|Hyper Voice|p2a: Azelf
|-damage|p2a: Azelf|0 fnt
|faint|p2a: Azelf
|
|-end|p1a: Sylveon|move: Taunt
|
|switch|p2a: Whimsicott|Whimsicott, F|324\/324
|turn|9
|
|move|p2a: Whimsicott|Taunt|p1a: Sylveon
|-start|p1a: Sylveon|move: Taunt
|move|p1a: Sylveon|Hyper Voice|p2a: Whimsicott
|-damage|p2a: Whimsicott|149\/324
|
|turn|10
|
|move|p2a: Whimsicott|Memento|p1a: Sylveon
|-unboost|p1a: Sylveon|atk|2
|-unboost|p1a: Sylveon|spa|2
|faint|p2a: Whimsicott
|move|p1a: Sylveon|Hyper Voice|p2: Whimsicott|[notarget]
|-notarget
|
|
|switch|p2a: Smeargle|Smeargle, M|314\/314
|turn|11
|
|switch|p1a: Gallade|Gallade, M|278\/278
|-damage|p1a: Gallade|244\/278|[from] Spikes
|move|p2a: Smeargle|Geomancy|p2a: Smeargle|[still]
|-prepare|p2a: Smeargle|Geomancy|p2a: Smeargle
|-enditem|p2a: Smeargle|Power Herb
|-anim|p2a: Smeargle|Geomancy|p2a: Smeargle
|-boost|p2a: Smeargle|spa|2
|-boost|p2a: Smeargle|spd|2
|-boost|p2a: Smeargle|spe|2
|
|turn|12
|
|detailschange|p1a: Gallade|Gallade-Mega, M
|-mega|p1a: Gallade|Gallade|Galladite
|move|p2a: Smeargle|Cotton Guard|p2a: Smeargle
|-boost|p2a: Smeargle|def|3
|move|p1a: Gallade|Close Combat|p2a: Smeargle
|-supereffective|p2a: Smeargle
|-damage|p2a: Smeargle|112\/314
|-unboost|p1a: Gallade|def|1
|-unboost|p1a: Gallade|spd|1
|
|turn|13
|
|move|p2a: Smeargle|Baton Pass|p2a: Smeargle
|
|switch|p2a: Espeon|Espeon, M|334\/334
|move|p1a: Gallade|Knock Off|p2a: Espeon
|-supereffective|p2a: Espeon
|-damage|p2a: Espeon|284\/334
|-enditem|p2a: Espeon|Leftovers|[from] move: Knock Off|[of] p1a: Gallade
|
|turn|14
|
|move|p2a: Espeon|Substitute|p2a: Espeon
|-start|p2a: Espeon|Substitute
|-damage|p2a: Espeon|201\/334
|move|p1a: Gallade|Knock Off|p2a: Espeon
|-supereffective|p2a: Espeon
|-activate|p2a: Espeon|Substitute|[damage]
|
|-sideend|p2: PedroPie|move: Light Screen
|turn|15
|
|move|p2a: Espeon|Stored Power|p1a: Gallade
|-damage|p1a: Gallade|0 fnt
|faint|p1a: Gallade
|
|-sideend|p2: PedroPie|Reflect
|
|switch|p1a: Heatran|Heatran, F|324\/324
|-item|p1a: Heatran|Air Balloon
|turn|16
|
|move|p2a: Espeon|Stored Power|p1a: Heatran
|-resisted|p1a: Heatran
|-damage|p1a: Heatran|68\/324
|-enditem|p1a: Heatran|Air Balloon
|move|p1a: Heatran|Earth Power|p2a: Espeon
|-activate|p2a: Espeon|Substitute|[damage]
|
|turn|17
|
|move|p2a: Espeon|Stored Power|p1a: Heatran
|-resisted|p1a: Heatran
|-damage|p1a: Heatran|0 fnt
|faint|p1a: Heatran
|
|
|switch|p1a: Bisharp|Bisharp, F|211\/272
|-damage|p1a: Bisharp|177\/272|[from] Spikes
|turn|18
|-message|GrimoireGod forfeited.
|leave|GrimoireGod
|
|win|PedroPie
|raw|Ladder updating...
|player|p1
|raw|GrimoireGod's rating: 1471 &rarr; <strong>1446<\/strong><br \/>(-25 for losing)
|raw|PedroPie's rating: 1381 &rarr; <strong>1406<\/strong><br \/>(+25 for winning)