|join|ToxiCrunch
|join|Donphantastic
|player|p1|ToxiCrunch|269
|player|p2|Donphantastic|290
|gametype|singles
|gen|6
|tier|UU
|rule|Sleep Clause Mod: Limit one foe put to sleep
|rule|Species Clause: Limit one of each PokÃ©mon
|rule|OHKO Clause: OHKO moves are banned
|rule|Moody Clause: Moody is banned
|rule|Evasion Moves Clause: Evasion moves are banned
|rule|Endless Battle Clause: Forcing endless battles is banned
|rule|HP Percentage Mod: HP is shown in percentages
|clearpoke
|poke|p1|Azelf
|poke|p1|Lucario, M
|poke|p1|Hydreigon, F
|poke|p1|Rhyperior, M
|poke|p1|Roserade, M
|poke|p1|Darmanitan, M
|poke|p2|Delphox, M
|poke|p2|Snorlax, M
|poke|p2|Vaporeon, M
|poke|p2|Machamp, F
|poke|p2|Crobat, F
|poke|p2|Krookodile, M
|rule|Swagger Clause: Swagger is banned
|rule|Baton Pass Clause: Limit one PokÃ©mon knowing Baton Pass
|teampreview
|
|start
|switch|p1a: Azelf|Azelf|291\/291
|switch|p2a: Crobat|Crobat, F|373\/373
|turn|1
|
|move|p2a: Crobat|Acrobatics|p1a: Azelf
|-damage|p1a: Azelf|116\/291
|move|p1a: Azelf|Psyshock|p2a: Crobat
|-supereffective|p2a: Crobat
|-damage|p2a: Crobat|0 fnt
|-damage|p1a: Azelf|87\/291|[from] item: Life Orb
|faint|p2a: Crobat
|
|
|switch|p2a: Machamp|Machamp, F|374\/374
|turn|2
|
|move|p2a: Machamp|Bullet Punch|p1a: Azelf
|-damage|p1a: Azelf|0 fnt
|faint|p1a: Azelf
|
|
|switch|p1a: Darmanitan|Darmanitan, M|414\/414
|turn|3
|
|switch|p2a: Vaporeon|Vaporeon, M|464\/464
|move|p1a: Darmanitan|Flare Blitz|p2a: Vaporeon
|-resisted|p2a: Vaporeon
|-damage|p2a: Vaporeon|74\/464
|-damage|p1a: Darmanitan|285\/414|[from] recoil|[of] p2a: Vaporeon
|
|-heal|p2a: Vaporeon|103\/464|[from] item: Leftovers
|turn|4
|
|switch|p1a: Lucario|Lucario, M|281\/281
|move|p2a: Vaporeon|Protect|p2a: Vaporeon
|-fail|p2a: Vaporeon
|
|-heal|p2a: Vaporeon|132\/464|[from] item: Leftovers
|turn|5
|
|move|p1a: Lucario|Swords Dance|p1a: Lucario
|-boost|p1a: Lucario|atk|2
|move|p2a: Vaporeon|Scald|p1a: Lucario
|-damage|p1a: Lucario|133\/281
|-status|p1a: Lucario|brn
|
|-heal|p2a: Vaporeon|161\/464|[from] item: Leftovers
|-damage|p1a: Lucario|98\/281 brn|[from] brn
|turn|6
|
|move|p2a: Vaporeon|Protect|p2a: Vaporeon
|-singleturn|p2a: Vaporeon|Protect
|move|p1a: Lucario|Extreme Speed|p2a: Vaporeon
|-activate|p2a: Vaporeon|Protect
|
|-heal|p2a: Vaporeon|190\/464|[from] item: Leftovers
|-damage|p1a: Lucario|63\/281 brn|[from] brn
|turn|7
|
|move|p1a: Lucario|Close Combat|p2a: Vaporeon
|-damage|p2a: Vaporeon|0 fnt
|-unboost|p1a: Lucario|def|1
|-unboost|p1a: Lucario|spd|1
|-damage|p1a: Lucario|35\/281 brn|[from] item: Life Orb
|faint|p2a: Vaporeon
|
|-damage|p1a: Lucario|0 fnt|[from] brn
|faint|p1a: Lucario
|
|switch|p2a: Delphox|Delphox, M|291\/291
|switch|p1a: Hydreigon|Hydreigon, F|326\/326
|turn|8
|
|switch|p2a: Krookodile|Krookodile, M|394\/394
|-ability|p2a: Krookodile|Intimidate|[of] p1a: Hydreigon
|-unboost|p1a: Hydreigon|atk|1
|move|p1a: Hydreigon|Dark Pulse|p2a: Krookodile
|-resisted|p2a: Krookodile
|-damage|p2a: Krookodile|252\/394
|
|-heal|p2a: Krookodile|276\/394|[from] item: Leftovers
|turn|9
|
|switch|p1a: Darmanitan|Darmanitan, M|285\/414
|move|p2a: Krookodile|Stealth Rock|p1a: Darmanitan
|-sidestart|p1: ToxiCrunch|move: Stealth Rock
|
|-heal|p2a: Krookodile|300\/394|[from] item: Leftovers
|turn|10
|
|switch|p1a: Hydreigon|Hydreigon, F|326\/326
|-damage|p1a: Hydreigon|286\/326|[from] Stealth Rock
|move|p2a: Krookodile|Earthquake|p1a: Hydreigon
|-immune|p1a: Hydreigon|[msg]
|
|-heal|p2a: Krookodile|324\/394|[from] item: Leftovers
|turn|11
|
|move|p1a: Hydreigon|Draco Meteor|p2a: Krookodile
|-crit|p2a: Krookodile
|-damage|p2a: Krookodile|0 fnt
|-unboost|p1a: Hydreigon|spa|2
|faint|p2a: Krookodile
|
|
|switch|p2a: Snorlax|Snorlax, M|523\/523
|turn|12
|
|switch|p1a: Darmanitan|Darmanitan, M|285\/414
|-damage|p1a: Darmanitan|182\/414|[from] Stealth Rock
|move|p2a: Snorlax|Curse|p2a: Snorlax
|-boost|p2a: Snorlax|atk|1
|-boost|p2a: Snorlax|def|1
|-unboost|p2a: Snorlax|spe|1
|
|turn|13
|
|move|p1a: Darmanitan|Superpower|p2a: Snorlax
|-supereffective|p2a: Snorlax
|-damage|p2a: Snorlax|83\/523
|-unboost|p1a: Darmanitan|atk|1
|-unboost|p1a: Darmanitan|def|1
|move|p2a: Snorlax|Rest|p2a: Snorlax
|-status|p2a: Snorlax|slp
|-heal|p2a: Snorlax|523\/523 slp|[silent]
|-status|p2a: Snorlax|slp|[from] move: Rest
|
|turn|14
|
|switch|p2a: Delphox|Delphox, M|291\/291
|move|p1a: Darmanitan|Superpower|p2a: Delphox
|-crit|p2a: Delphox
|-resisted|p2a: Delphox
|-damage|p2a: Delphox|47\/291
|-unboost|p1a: Darmanitan|atk|1
|-unboost|p1a: Darmanitan|def|1
|
|turn|15
|c|âDonphantastic|ugh
|
|move|p2a: Delphox|Psyshock|p1a: Darmanitan
|-damage|p1a: Darmanitan|0 fnt
|-damage|p2a: Delphox|18\/291|[from] item: Life Orb
|faint|p1a: Darmanitan
|
|
|switch|p1a: Hydreigon|Hydreigon, F|286\/326
|-damage|p1a: Hydreigon|246\/326|[from] Stealth Rock
|turn|16
|
|switch|p2a: Snorlax|Snorlax, M|523\/523 slp
|move|p1a: Hydreigon|Draco Meteor|p2a: Snorlax
|-damage|p2a: Snorlax|294\/523 slp
|-unboost|p1a: Hydreigon|spa|2
|
|-heal|p2a: Snorlax|326\/523 slp|[from] item: Leftovers
|turn|17
|
|switch|p1a: Rhyperior|Rhyperior, M|434\/434
|-damage|p1a: Rhyperior|407\/434|[from] Stealth Rock
|switch|p2a: Machamp|Machamp, F|374\/374
|
|turn|18
|join|Saganabyss
|
|move|p2a: Machamp|Close Combat|p1a: Rhyperior
|-supereffective|p1a: Rhyperior
|-damage|p1a: Rhyperior|0 fnt
|-unboost|p2a: Machamp|def|1
|-unboost|p2a: Machamp|spd|1
|faint|p1a: Rhyperior
|
|
|switch|p1a: Roserade|Roserade, M|262\/262
|-damage|p1a: Roserade|230\/262|[from] Stealth Rock
|turn|19
|
|switch|p2a: Delphox|Delphox, M|18\/291
|move|p1a: Roserade|Leaf Storm|p2a: Delphox|[miss]
|-miss|p1a: Roserade|p2a: Delphox
|
|turn|20
|
|switch|p1a: Hydreigon|Hydreigon, F|246\/326
|-damage|p1a: Hydreigon|206\/326|[from] Stealth Rock
|move|p2a: Delphox|Fire Blast|p1a: Hydreigon
|-resisted|p1a: Hydreigon
|-damage|p1a: Hydreigon|14\/326
|-damage|p2a: Delphox|0 fnt|[from] item: Life Orb
|faint|p2a: Delphox
|
|
|switch|p2a: Machamp|Machamp, F|374\/374
|turn|21
|join|Tipsy Russian
|c|âDonphantastic|hi russian
|c| Tipsy Russian|ello
|
|move|p2a: Machamp|Bullet Punch|p1a: Hydreigon
|-damage|p1a: Hydreigon|0 fnt
|faint|p1a: Hydreigon
|
|
|switch|p1a: Roserade|Roserade, M|230\/262
|-damage|p1a: Roserade|198\/262|[from] Stealth Rock
|turn|22
|join|Pinkin Lark
|
|move|p2a: Machamp|Bullet Punch|p1a: Roserade
|-damage|p1a: Roserade|88\/262
|move|p1a: Roserade|Sludge Bomb|p2a: Machamp
|-damage|p2a: Machamp|135\/374
|-damage|p1a: Roserade|62\/262|[from] item: Life Orb
|
|turn|23
|join|harrison guice
|
|move|p2a: Machamp|Bullet Punch|p1a: Roserade
|-damage|p1a: Roserade|0 fnt
|faint|p1a: Roserade
|
|win|Donphantastic
|leave|Tipsy Russian
|leave|Pinkin Lark
|leave|Donphantastic
|player|p2
|leave|ToxiCrunch
|player|p1
|join|abusive af
|leave|abusive af