|join|TimidTotodile
|join|Donphantastic
|player|p1|TimidTotodile|284
|player|p2|Donphantastic|101
|gametype|singles
|gen|6
|tier|UU
|rated
|rule|Sleep Clause Mod: Limit one foe put to sleep
|rule|Species Clause: Limit one of each PokÃ©mon
|rule|OHKO Clause: OHKO moves are banned
|rule|Moody Clause: Moody is banned
|rule|Evasion Moves Clause: Evasion moves are banned
|rule|Endless Battle Clause: Forcing endless battles is banned
|rule|HP Percentage Mod: HP is shown in percentages
|clearpoke
|poke|p1|Lucario, M
|poke|p1|Machamp, M
|poke|p1|Vaporeon, F
|poke|p1|Aerodactyl, F
|poke|p1|Jirachi
|poke|p1|Donphan, F
|poke|p2|Nidoqueen, F
|poke|p2|Raikou
|poke|p2|Hydreigon, M
|poke|p2|Infernape, F
|poke|p2|Togekiss, F
|poke|p2|Quagsire, M
|rule|Swagger Clause: Swagger is banned
|rule|Baton Pass Clause: Limit one PokÃ©mon knowing Baton Pass
|teampreview
|
|start
|switch|p1a: Jirachi|Jirachi|404\/404
|switch|p2a: Nidoqueen|Nidoqueen, F|346\/346
|turn|1
|
|move|p1a: Jirachi|Stealth Rock|p2a: Nidoqueen
|-sidestart|p2: Donphantastic|move: Stealth Rock
|move|p2a: Nidoqueen|Earth Power|p1a: Jirachi
|-supereffective|p1a: Jirachi
|-damage|p1a: Jirachi|92\/404
|
|-heal|p1a: Jirachi|117\/404|[from] item: Leftovers
|turn|2
|
|move|p1a: Jirachi|Iron Head|p2a: Nidoqueen
|-damage|p2a: Nidoqueen|246\/346
|cant|p2a: Nidoqueen|flinch
|
|-heal|p1a: Jirachi|142\/404|[from] item: Leftovers
|turn|3
|
|move|p1a: Jirachi|Iron Head|p2a: Nidoqueen
|-damage|p2a: Nidoqueen|143\/346
|cant|p2a: Nidoqueen|flinch
|
|-heal|p1a: Jirachi|167\/404|[from] item: Leftovers
|turn|4
|
|switch|p2a: Quagsire|Quagsire, M|394\/394
|-damage|p2a: Quagsire|370\/394|[from] Stealth Rock
|move|p1a: Jirachi|Iron Head|p2a: Quagsire
|-resisted|p2a: Quagsire
|-damage|p2a: Quagsire|332\/394
|
|-heal|p1a: Jirachi|192\/404|[from] item: Leftovers
|-heal|p2a: Quagsire|356\/394|[from] item: Leftovers
|turn|5
|
|switch|p1a: Donphan|Donphan, F|384\/384
|move|p2a: Quagsire|Earthquake|p1a: Donphan
|-damage|p1a: Donphan|317\/384
|
|-heal|p1a: Donphan|341\/384|[from] item: Leftovers
|-heal|p2a: Quagsire|380\/394|[from] item: Leftovers
|turn|6
|
|move|p1a: Donphan|Knock Off|p2a: Quagsire
|-damage|p2a: Quagsire|307\/394
|-enditem|p2a: Quagsire|Leftovers|[from] move: Knock Off|[of] p1a: Donphan
|move|p2a: Quagsire|Scald|p1a: Donphan
|-supereffective|p1a: Donphan
|-damage|p1a: Donphan|129\/384
|-status|p1a: Donphan|brn
|
|-heal|p1a: Donphan|153\/384 brn|[from] item: Leftovers
|-damage|p1a: Donphan|105\/384 brn|[from] brn
|turn|7
|
|move|p1a: Donphan|Earthquake|p2a: Quagsire
|-damage|p2a: Quagsire|250\/394
|move|p2a: Quagsire|Earthquake|p1a: Donphan
|-damage|p1a: Donphan|41\/384 brn
|
|-heal|p1a: Donphan|65\/384 brn|[from] item: Leftovers
|-damage|p1a: Donphan|17\/384 brn|[from] brn
|turn|8
|
|move|p1a: Donphan|Earthquake|p2a: Quagsire
|-damage|p2a: Quagsire|195\/394
|move|p2a: Quagsire|Recover|p2a: Quagsire
|-heal|p2a: Quagsire|392\/394
|
|-heal|p1a: Donphan|41\/384 brn|[from] item: Leftovers
|-damage|p1a: Donphan|0 fnt|[from] brn
|faint|p1a: Donphan
|
|switch|p1a: Vaporeon|Vaporeon, F|464\/464
|turn|9
|
|move|p1a: Vaporeon|Scald|p2a: Quagsire
|-heal|p2a: Quagsire|394\/394|[from] ability: Water Absorb|[of] p1a: Vaporeon
|move|p2a: Quagsire|Encore|p1a: Vaporeon
|-start|p1a: Vaporeon|Encore
|
|turn|10
|
|switch|p1a: Aerodactyl|Aerodactyl, F|302\/302
|-ability|p1a: Aerodactyl|Pressure
|move|p2a: Quagsire|Scald|p1a: Aerodactyl
|-supereffective|p1a: Aerodactyl
|-damage|p1a: Aerodactyl|140\/302
|
|turn|11
|
|switch|p1a: Lucario|Lucario, M|281\/281
|move|p2a: Quagsire|Earthquake|p1a: Lucario
|-crit|p1a: Lucario
|-supereffective|p1a: Lucario
|-damage|p1a: Lucario|0 fnt
|faint|p1a: Lucario
|
|
|switch|p1a: Machamp|Machamp, M|363\/363
|turn|12
|
|switch|p2a: Nidoqueen|Nidoqueen, F|143\/346
|-damage|p2a: Nidoqueen|122\/346|[from] Stealth Rock
|move|p1a: Machamp|Close Combat|p2a: Nidoqueen
|-resisted|p2a: Nidoqueen
|-damage|p2a: Nidoqueen|0 fnt
|-unboost|p1a: Machamp|def|1
|-unboost|p1a: Machamp|spd|1
|faint|p2a: Nidoqueen
|
|
|switch|p2a: Togekiss|Togekiss, F|373\/373
|-damage|p2a: Togekiss|280\/373|[from] Stealth Rock
|turn|13
|
|switch|p1a: Jirachi|Jirachi|192\/404
|move|p2a: Togekiss|Defog|p1a: Jirachi
|-unboost|p1a: Jirachi|evasion|1
|-sideend|p2: Donphantastic|Stealth Rock|[from] move: Defog|[of] p2a: Togekiss
|
|-heal|p1a: Jirachi|217\/404|[from] item: Leftovers
|-heal|p2a: Togekiss|303\/373|[from] item: Leftovers
|turn|14
|
|switch|p2a: Raikou|Raikou|321\/321
|-ability|p2a: Raikou|Pressure
|move|p1a: Jirachi|Body Slam|p2a: Raikou
|-damage|p2a: Raikou|236\/321
|
|-heal|p2a: Raikou|256\/321|[from] item: Leftovers
|-heal|p1a: Jirachi|242\/404|[from] item: Leftovers
|turn|15
|
|move|p2a: Raikou|Calm Mind|p2a: Raikou
|-boost|p2a: Raikou|spa|1
|-boost|p2a: Raikou|spd|1
|move|p1a: Jirachi|Stealth Rock|p2a: Raikou
|-sidestart|p2: Donphantastic|move: Stealth Rock
|
|-heal|p2a: Raikou|276\/321|[from] item: Leftovers
|-heal|p1a: Jirachi|267\/404|[from] item: Leftovers
|turn|16
|
|move|p2a: Raikou|Substitute|p2a: Raikou
|-start|p2a: Raikou|Substitute
|-damage|p2a: Raikou|196\/321
|move|p1a: Jirachi|Body Slam|p2a: Raikou
|-end|p2a: Raikou|Substitute
|
|-heal|p2a: Raikou|216\/321|[from] item: Leftovers
|-heal|p1a: Jirachi|292\/404|[from] item: Leftovers
|turn|17
|
|move|p2a: Raikou|Calm Mind|p2a: Raikou
|-boost|p2a: Raikou|spa|1
|-boost|p2a: Raikou|spd|1
|move|p1a: Jirachi|Body Slam|p2a: Raikou
|-damage|p2a: Raikou|126\/321
|
|-heal|p2a: Raikou|146\/321|[from] item: Leftovers
|-heal|p1a: Jirachi|317\/404|[from] item: Leftovers
|turn|18
|
|move|p2a: Raikou|Thunderbolt|p1a: Jirachi
|-damage|p1a: Jirachi|83\/404
|move|p1a: Jirachi|Body Slam|p2a: Raikou
|-damage|p2a: Raikou|66\/321
|
|-heal|p2a: Raikou|86\/321|[from] item: Leftovers
|-heal|p1a: Jirachi|108\/404|[from] item: Leftovers
|turn|19
|
|move|p2a: Raikou|Thunderbolt|p1a: Jirachi
|-damage|p1a: Jirachi|0 fnt
|faint|p1a: Jirachi
|
|-heal|p2a: Raikou|106\/321|[from] item: Leftovers
|
|switch|p1a: Machamp|Machamp, M|363\/363
|turn|20
|
|move|p2a: Raikou|Thunderbolt|p1a: Machamp
|-damage|p1a: Machamp|147\/363
|move|p1a: Machamp|Close Combat|p2a: Raikou
|-damage|p2a: Raikou|0 fnt
|-unboost|p1a: Machamp|def|1
|-unboost|p1a: Machamp|spd|1
|faint|p2a: Raikou
|
|
|switch|p2a: Togekiss|Togekiss, F|303\/373
|-damage|p2a: Togekiss|210\/373|[from] Stealth Rock
|turn|21
|
|switch|p1a: Aerodactyl|Aerodactyl, F|140\/302
|-ability|p1a: Aerodactyl|Pressure
|move|p2a: Togekiss|Defog|p1a: Aerodactyl
|-unboost|p1a: Aerodactyl|evasion|1
|-sideend|p2: Donphantastic|Stealth Rock|[from] move: Defog|[of] p2a: Togekiss
|
|-heal|p2a: Togekiss|233\/373|[from] item: Leftovers
|turn|22
|
|switch|p2a: Quagsire|Quagsire, M|394\/394
|detailschange|p1a: Aerodactyl|Aerodactyl-Mega, F
|message|Aerodactyl has Mega Evolved into Mega Aerodactyl!
|move|p1a: Aerodactyl|Aerial Ace|p2a: Quagsire
|-damage|p2a: Quagsire|258\/394
|
|turn|23
|
|move|p1a: Aerodactyl|Aerial Ace|p2a: Quagsire
|-damage|p2a: Quagsire|125\/394
|move|p2a: Quagsire|Recover|p2a: Quagsire
|-heal|p2a: Quagsire|322\/394
|
|turn|24
|
|move|p1a: Aerodactyl|Aerial Ace|p2a: Quagsire
|-damage|p2a: Quagsire|196\/394
|move|p2a: Quagsire|Scald|p1a: Aerodactyl
|-supereffective|p1a: Aerodactyl
|-damage|p1a: Aerodactyl|0 fnt
|faint|p1a: Aerodactyl
|
|
|switch|p1a: Machamp|Machamp, M|147\/363
|turn|25
|
|move|p1a: Machamp|Close Combat|p2a: Quagsire
|-damage|p2a: Quagsire|3\/394
|-unboost|p1a: Machamp|def|1
|-unboost|p1a: Machamp|spd|1
|move|p2a: Quagsire|Earthquake|p1a: Machamp
|-damage|p1a: Machamp|0 fnt
|faint|p1a: Machamp
|
|-message|TimidTotodile forfeited.
|
|win|Donphantastic
|raw|Ladder updating...
|raw|TimidTotodile's rating: 1594 &rarr; <strong>1572<\/strong><br \/>(-22 for losing)
|raw|Donphantastic's rating: 1563 &rarr; <strong>1585<\/strong><br \/>(+22 for winning)
|leave|TimidTotodile
|player|p1