|join|Donphantastic
|join|VoodooOsprey
|player|p1|Donphantastic|290
|player|p2|VoodooOsprey|198
|gametype|singles
|gen|6
|tier|UU
|rated
|rule|Sleep Clause Mod: Limit one foe put to sleep
|rule|Species Clause: Limit one of each PokÃ©mon
|rule|OHKO Clause: OHKO moves are banned
|rule|Moody Clause: Moody is banned
|rule|Evasion Moves Clause: Evasion moves are banned
|rule|Endless Battle Clause: Forcing endless battles is banned
|rule|HP Percentage Mod: HP is shown in percentages
|clearpoke
|poke|p1|Piloswine, F
|poke|p1|Vaporeon, M
|poke|p1|Hydreigon, M
|poke|p1|Crobat, M
|poke|p1|Swampert, F
|poke|p1|Jirachi
|poke|p2|Arcanine, F
|poke|p2|Crobat, M
|poke|p2|Ampharos, M
|poke|p2|Quagsire, F
|poke|p2|Empoleon, F
|poke|p2|Florges, F
|rule|Swagger Clause: Swagger is banned
|rule|Baton Pass Clause: Limit one PokÃ©mon knowing Baton Pass
|teampreview
|
|start
|switch|p1a: Swampert|Swampert, F|404\/404
|switch|p2a: Crobat|Crobat, M|311\/311
|turn|1
|
|move|p2a: Crobat|U-turn|p1a: Swampert
|-damage|p1a: Swampert|323\/404
|
|switch|p2a: Empoleon|Empoleon, F|372\/372
|move|p1a: Swampert|Waterfall|p2a: Empoleon
|-resisted|p2a: Empoleon
|-damage|p2a: Empoleon|252\/372
|
|turn|2
|
|switch|p1a: Mermaid|Vaporeon, M|464\/464
|move|p2a: Empoleon|Grass Knot|p1a: Mermaid
|-supereffective|p1a: Mermaid
|-damage|p1a: Mermaid|336\/464
|
|-heal|p1a: Mermaid|365\/464|[from] item: Leftovers
|turn|3
|
|switch|p2a: Ampharos|Ampharos, M|384\/384
|move|p1a: Mermaid|Baton Pass|p1a: Mermaid
|
|switch|p1a: BasedMammoth|Piloswine, F|404\/404
|
|turn|4
|
|switch|p2a: Quagsire|Quagsire, F|394\/394
|move|p1a: BasedMammoth|Icicle Crash|p2a: Quagsire
|-damage|p2a: Quagsire|280\/394
|
|-heal|p2a: Quagsire|304\/394|[from] item: Leftovers
|turn|5
|
|switch|p1a: Heil|Hydreigon, M|325\/325
|move|p2a: Quagsire|Toxic|p1a: Heil|[miss]
|-miss|p2a: Quagsire|p1a: Heil
|
|-heal|p2a: Quagsire|328\/394|[from] item: Leftovers
|turn|6
|
|switch|p2a: Florges|Florges, F|343\/343
|move|p1a: Heil|U-turn|p2a: Florges
|-resisted|p2a: Florges
|-damage|p2a: Florges|313\/343
|
|switch|p1a: Jirachi|Jirachi|341\/341
|
|-heal|p2a: Florges|334\/343|[from] item: Leftovers
|turn|7
|
|switch|p2a: Arcanine|Arcanine, F|321\/321
|move|p1a: Jirachi|Iron Head|p2a: Arcanine
|-resisted|p2a: Arcanine
|-damage|p2a: Arcanine|243\/321
|
|turn|8
|
|move|p1a: Jirachi|Iron Head|p2a: Arcanine
|-resisted|p2a: Arcanine
|-damage|p2a: Arcanine|170\/321
|cant|p2a: Arcanine|flinch
|
|turn|9
|
|switch|p1a: Swampert|Swampert, F|323\/404
|move|p2a: Arcanine|Flare Blitz|p1a: Swampert
|-resisted|p1a: Swampert
|-damage|p1a: Swampert|181\/404
|-damage|p2a: Arcanine|123\/321|[from] recoil|[of] p1a: Swampert
|-damage|p2a: Arcanine|91\/321|[from] item: Life Orb
|
|turn|10
|
|switch|p2a: Quagsire|Quagsire, F|328\/394
|move|p1a: Swampert|Earthquake|p2a: Quagsire
|-damage|p2a: Quagsire|108\/394
|
|-heal|p2a: Quagsire|132\/394|[from] item: Leftovers
|turn|11
|
|move|p1a: Swampert|Earthquake|p2a: Quagsire
|-damage|p2a: Quagsire|0 fnt
|faint|p2a: Quagsire
|
|
|switch|p2a: Crobat|Crobat, M|311\/311
|turn|12
|
|switch|p1a: Jirachi|Jirachi|341\/341
|move|p2a: Crobat|Brave Bird|p1a: Jirachi
|-resisted|p1a: Jirachi
|-damage|p1a: Jirachi|256\/341
|-damage|p2a: Crobat|283\/311|[from] recoil|[of] p1a: Jirachi
|
|turn|13
|
|switch|p2a: Ampharos|Ampharos, M|384\/384
|move|p1a: Jirachi|Iron Head|p2a: Ampharos
|-resisted|p2a: Ampharos
|-damage|p2a: Ampharos|328\/384
|
|turn|14
|
|switch|p1a: Swampert|Swampert, F|181\/404
|detailschange|p2a: Ampharos|Ampharos-Mega, M
|message|Ampharos has Mega Evolved into Mega Ampharos!
|-ability|p2a: Ampharos|Mold Breaker
|move|p2a: Ampharos|Dragon Pulse|p1a: Swampert
|-damage|p1a: Swampert|0 fnt
|faint|p1a: Swampert
|
|
|switch|p1a: BasedMammoth|Piloswine, F|404\/404
|turn|15
|
|switch|p2a: Empoleon|Empoleon, F|252\/372
|move|p1a: BasedMammoth|Icicle Crash|p2a: Empoleon
|-crit|p2a: Empoleon
|-resisted|p2a: Empoleon
|-damage|p2a: Empoleon|198\/372
|
|turn|16
|
|switch|p1a: Mermaid|Vaporeon, M|365\/464
|move|p2a: Empoleon|Scald|p1a: Mermaid
|-heal|p1a: Mermaid|464\/464|[from] ability: Water Absorb|[of] p2a: Empoleon
|
|turn|17
|
|move|p1a: Mermaid|Scald|p2a: Empoleon
|-crit|p2a: Empoleon
|-resisted|p2a: Empoleon
|-damage|p2a: Empoleon|150\/372
|move|p2a: Empoleon|Grass Knot|p1a: Mermaid
|-supereffective|p1a: Mermaid
|-damage|p1a: Mermaid|332\/464
|
|-heal|p1a: Mermaid|361\/464|[from] item: Leftovers
|turn|18
|
|switch|p2a: Ampharos|Ampharos-Mega, M|328\/384
|-ability|p2a: Ampharos|Mold Breaker
|move|p1a: Mermaid|Baton Pass|p1a: Mermaid
|
|switch|p1a: BasedMammoth|Piloswine, F|404\/404
|
|turn|19
|
|switch|p2a: Arcanine|Arcanine, F|91\/321
|move|p1a: BasedMammoth|Icicle Crash|p2a: Arcanine
|-resisted|p2a: Arcanine
|-damage|p2a: Arcanine|6\/321
|
|turn|20
|
|move|p1a: BasedMammoth|Ice Shard|p2a: Arcanine
|-resisted|p2a: Arcanine
|-damage|p2a: Arcanine|0 fnt
|faint|p2a: Arcanine
|
|
|switch|p2a: Empoleon|Empoleon, F|150\/372
|turn|21
|
|move|p2a: Empoleon|Scald|p1a: BasedMammoth
|-supereffective|p1a: BasedMammoth
|-damage|p1a: BasedMammoth|132\/404
|move|p1a: BasedMammoth|Earthquake|p2a: Empoleon
|-supereffective|p2a: Empoleon
|-damage|p2a: Empoleon|0 fnt
|faint|p2a: Empoleon
|
|
|switch|p2a: Crobat|Crobat, M|283\/311
|turn|22
|
|switch|p1a: Crobat|Crobat, M|373\/373
|move|p2a: Crobat|U-turn|p1a: Crobat
|-resisted|p1a: Crobat
|-damage|p1a: Crobat|351\/373
|
|switch|p2a: Ampharos|Ampharos-Mega, M|328\/384
|-ability|p2a: Ampharos|Mold Breaker
|
|turn|23
|
|move|p1a: Crobat|U-turn|p2a: Ampharos
|-damage|p2a: Ampharos|281\/384
|
|switch|p1a: Heil|Hydreigon, M|325\/325
|move|p2a: Ampharos|Thunderbolt|p1a: Heil
|-resisted|p1a: Heil
|-damage|p1a: Heil|224\/325
|
|turn|24
|
|move|p1a: Heil|Dark Pulse|p2a: Ampharos
|-damage|p2a: Ampharos|53\/384
|move|p2a: Ampharos|Dragon Pulse|p1a: Heil
|-supereffective|p1a: Heil
|-damage|p1a: Heil|0 fnt
|faint|p1a: Heil
|
|
|switch|p1a: Jirachi|Jirachi|256\/341
|turn|25
|
|move|p1a: Jirachi|Iron Head|p2a: Ampharos
|-resisted|p2a: Ampharos
|-damage|p2a: Ampharos|11\/384
|cant|p2a: Ampharos|flinch
|
|turn|26
|-message|VoodooOsprey forfeited.
|
|win|Donphantastic
|raw|Ladder updating...
|leave|VoodooOsprey
|player|p2
|raw|Donphantastic's rating: 1542 &rarr; <strong>1554<\/strong><br \/>(+12 for winning)
|raw|VoodooOsprey's rating: 1377 &rarr; <strong>1366<\/strong><br \/>(-11 for losing)