|join|Kink Horse
|join|Donphantastic
|player|p1|Kink Horse|29
|player|p2|Donphantastic|290
|gametype|singles
|gen|6
|tier|UU
|rated
|rule|Sleep Clause Mod: Limit one foe put to sleep
|rule|Species Clause: Limit one of each PokÃ©mon
|rule|OHKO Clause: OHKO moves are banned
|rule|Moody Clause: Moody is banned
|rule|Evasion Moves Clause: Evasion moves are banned
|rule|Endless Battle Clause: Forcing endless battles is banned
|rule|HP Percentage Mod: HP is shown in percentages
|clearpoke
|poke|p1|Snorlax, F
|poke|p1|Alomomola, F
|poke|p1|Dugtrio, M
|poke|p1|Ampharos, M
|poke|p1|Chesnaught, M
|poke|p1|Tornadus, M
|poke|p2|Jirachi, shiny
|poke|p2|Hydreigon, M
|poke|p2|Whimsicott, M
|poke|p2|Snorlax, F
|poke|p2|Crobat, M
|poke|p2|Nidoking, M
|rule|Swagger Clause: Swagger is banned
|rule|Baton Pass Clause: Limit one PokÃ©mon knowing Baton Pass
|teampreview
|c|âKink Horse|ohai
|c|âDonphantastic|hallo
|c|âKink Horse|<-- King UU
|
|start
|switch|p1a: Tornadus|Tornadus, M|299\/299
|switch|p2a: Hydreigon|Hydreigon, M|325\/325
|turn|1
|c|âDonphantastic|you have duggy
|c|âDonphantastic|im sad
|c|âDonphantastic|:[
|
|move|p1a: Tornadus|Air Slash|p2a: Hydreigon
|-damage|p2a: Hydreigon|138\/325
|-damage|p1a: Tornadus|270\/299|[from] item: Life Orb
|cant|p2a: Hydreigon|flinch
|
|turn|2
|
|switch|p2a: Snorlax|Snorlax, F|523\/523
|move|p1a: Tornadus|Superpower|p2a: Snorlax
|-supereffective|p2a: Snorlax
|-damage|p2a: Snorlax|162\/523
|-unboost|p1a: Tornadus|atk|1
|-unboost|p1a: Tornadus|def|1
|-damage|p1a: Tornadus|241\/299|[from] item: Life Orb
|
|turn|3
|c|âDonphantastic|oml
|c|âDonphantastic|this is bad
|
|move|p1a: Tornadus|Air Slash|p2a: Snorlax
|-crit|p2a: Snorlax
|-damage|p2a: Snorlax|0 fnt
|-damage|p1a: Tornadus|212\/299|[from] item: Life Orb
|faint|p2a: Snorlax
|
|
|switch|p2a: Crobat|Crobat, M|373\/373
|turn|4
|
|switch|p1a: Alomomola|Alomomola, F|529\/529
|move|p2a: Crobat|U-turn|p1a: Alomomola
|-damage|p1a: Alomomola|480\/529
|-damage|p2a: Crobat|311\/373|[from] item: Rocky Helmet|[of] p1a: Alomomola
|
|switch|p2a: Hydreigon|Hydreigon, M|138\/325
|
|turn|5
|
|move|p1a: Alomomola|Protect|p1a: Alomomola
|-singleturn|p1a: Alomomola|Protect
|move|p2a: Hydreigon|Draco Meteor|p1a: Alomomola
|-activate|p1a: Alomomola|Protect
|
|turn|6
|join|BenzMafia
|
|move|p2a: Hydreigon|Draco Meteor|p1a: Alomomola
|-damage|p1a: Alomomola|0 fnt
|-unboost|p2a: Hydreigon|spa|2
|faint|p1a: Alomomola
|
|
|switch|p1a: Tornadus|Tornadus, M|212\/299
|turn|7
|
|switch|p2a: Jirachi|Jirachi, shiny|341\/341
|move|p1a: Tornadus|Air Slash|p2a: Jirachi
|-resisted|p2a: Jirachi
|-damage|p2a: Jirachi|260\/341
|-damage|p1a: Tornadus|183\/299|[from] item: Life Orb
|
|turn|8
|
|switch|p2a: Crobat|Crobat, M|311\/373
|move|p1a: Tornadus|Heat Wave|p2a: Crobat
|-damage|p2a: Crobat|165\/373
|-damage|p1a: Tornadus|154\/299|[from] item: Life Orb
|
|turn|9
|
|switch|p1a: Ampharos|Ampharos, M|369\/369
|move|p2a: Crobat|Roost|p2a: Crobat
|-heal|p2a: Crobat|352\/373
|
|turn|10
|
|detailschange|p1a: Ampharos|Ampharos-Mega, M
|message|Ampharos has Mega Evolved into Mega Ampharos!
|-ability|p1a: Ampharos|Mold Breaker
|move|p2a: Crobat|U-turn|p1a: Ampharos
|-damage|p1a: Ampharos|318\/369
|
|switch|p2a: Whimsicott|Whimsicott, M|323\/323
|move|p1a: Ampharos|Dragon Pulse|p2a: Whimsicott
|-immune|p2a: Whimsicott|[msg]
|
|turn|11
|
|switch|p2a: Nidoking|Nidoking, M|303\/303
|move|p1a: Ampharos|Volt Switch|p2a: Nidoking
|-immune|p2a: Nidoking|[msg]
|
|turn|12
|
|switch|p1a: Snorlax|Snorlax, F|497\/497
|move|p2a: Nidoking|Stealth Rock|p1a: Snorlax
|-sidestart|p1: Kink Horse|move: Stealth Rock
|
|turn|13
|
|switch|p2a: Whimsicott|Whimsicott, M|323\/323
|move|p1a: Snorlax|Curse|p1a: Snorlax
|-boost|p1a: Snorlax|atk|1
|-boost|p1a: Snorlax|def|1
|-unboost|p1a: Snorlax|spe|1
|
|turn|14
|
|move|p2a: Whimsicott|Taunt|p1a: Snorlax
|-start|p1a: Snorlax|move: Taunt
|move|p1a: Snorlax|Return|p2a: Whimsicott
|-damage|p2a: Whimsicott|169\/323
|
|-heal|p2a: Whimsicott|189\/323|[from] item: Leftovers
|turn|15
|c|âKink Horse|no encore?
|
|move|p2a: Whimsicott|Leech Seed|p1a: Snorlax
|-start|p1a: Snorlax|move: Leech Seed
|move|p1a: Snorlax|Return|p2a: Whimsicott
|-damage|p2a: Whimsicott|45\/323
|
|-heal|p2a: Whimsicott|65\/323|[from] item: Leftovers
|-damage|p1a: Snorlax|435\/497|[from] Leech Seed|[of] p2a: Whimsicott
|-heal|p2a: Whimsicott|127\/323|[silent]
|turn|16
|
|move|p2a: Whimsicott|Stun Spore|p1a: Snorlax
|-status|p1a: Snorlax|par
|cant|p1a: Snorlax|par
|
|-heal|p2a: Whimsicott|147\/323|[from] item: Leftovers
|-damage|p1a: Snorlax|373\/497 par|[from] Leech Seed|[of] p2a: Whimsicott
|-heal|p2a: Whimsicott|209\/323|[silent]
|-end|p1a: Snorlax|move: Taunt
|turn|17
|c|âDonphantastic|dont have it
|c|âDonphantastic|:[
|
|move|p2a: Whimsicott|Taunt|p1a: Snorlax
|-start|p1a: Snorlax|move: Taunt
|move|p1a: Snorlax|Return|p2a: Whimsicott
|-damage|p2a: Whimsicott|59\/323
|
|-heal|p2a: Whimsicott|79\/323|[from] item: Leftovers
|-damage|p1a: Snorlax|311\/497 par|[from] Leech Seed|[of] p2a: Whimsicott
|-heal|p2a: Whimsicott|141\/323|[silent]
|turn|18
|c|âDonphantastic|mfw this actually lives that much
|
|move|p2a: Whimsicott|U-turn|p1a: Snorlax
|-damage|p1a: Snorlax|281\/497 par
|
|switch|p2a: Jirachi|Jirachi, shiny|260\/341
|move|p1a: Snorlax|Return|p2a: Jirachi
|-resisted|p2a: Jirachi
|-damage|p2a: Jirachi|159\/341
|
|-damage|p1a: Snorlax|219\/497 par|[from] Leech Seed|[of] p2a: Jirachi
|-heal|p2a: Jirachi|221\/341|[silent]
|turn|19
|
|switch|p1a: Chesnaught|Chesnaught, M|380\/380
|-damage|p1a: Chesnaught|357\/380|[from] Stealth Rock
|move|p2a: Jirachi|Calm Mind|p2a: Jirachi
|-boost|p2a: Jirachi|spa|1
|-boost|p2a: Jirachi|spd|1
|
|-heal|p1a: Chesnaught|380\/380|[from] item: Leftovers
|turn|20
|
|move|p2a: Jirachi|Moonblast|p1a: Chesnaught
|-crit|p1a: Chesnaught
|-supereffective|p1a: Chesnaught
|-damage|p1a: Chesnaught|0 fnt
|-damage|p2a: Jirachi|187\/341|[from] item: Life Orb
|faint|p1a: Chesnaught
|
|
|switch|p1a: Dugtrio|Dugtrio, M|211\/211
|-damage|p1a: Dugtrio|198\/211|[from] Stealth Rock
|turn|21
|
|move|p1a: Dugtrio|Earthquake|p2a: Jirachi
|-supereffective|p2a: Jirachi
|-damage|p2a: Jirachi|0 fnt
|faint|p2a: Jirachi
|
|
|switch|p2a: Hydreigon|Hydreigon, M|138\/325
|turn|22
|
|switch|p1a: Snorlax|Snorlax, F|219\/497 par
|-damage|p1a: Snorlax|157\/497 par|[from] Stealth Rock
|move|p2a: Hydreigon|Dark Pulse|p1a: Snorlax
|-damage|p1a: Snorlax|0 fnt
|faint|p1a: Snorlax
|
|c|âDonphantastic|not a switch in
|c|âDonphantastic|tbh
|c|âDonphantastic|also, I miss tini :p
|c|âDonphantastic|*:[
|
|switch|p1a: Tornadus|Tornadus, M|154\/299
|-damage|p1a: Tornadus|80\/299|[from] Stealth Rock
|turn|23
|c|âKink Horse|me too
|
|switch|p2a: Whimsicott|Whimsicott, M|141\/323
|move|p1a: Tornadus|Air Slash|p2a: Whimsicott
|-supereffective|p2a: Whimsicott
|-damage|p2a: Whimsicott|0 fnt
|-damage|p1a: Tornadus|51\/299|[from] item: Life Orb
|faint|p2a: Whimsicott
|
|
|switch|p2a: Crobat|Crobat, M|352\/373
|turn|24
|
|move|p1a: Tornadus|Air Slash|p2a: Crobat
|-damage|p2a: Crobat|188\/373
|-damage|p1a: Tornadus|22\/299|[from] item: Life Orb
|move|p2a: Crobat|Acrobatics|p1a: Tornadus
|-crit|p1a: Tornadus
|-damage|p1a: Tornadus|0 fnt
|faint|p1a: Tornadus
|
|
|switch|p1a: Ampharos|Ampharos-Mega, M|318\/369
|-damage|p1a: Ampharos|272\/369|[from] Stealth Rock
|-ability|p1a: Ampharos|Mold Breaker
|turn|25
|
|switch|p2a: Nidoking|Nidoking, M|303\/303
|move|p1a: Ampharos|Dragon Pulse|p2a: Nidoking
|-damage|p2a: Nidoking|74\/303
|
|turn|26
|
|move|p2a: Nidoking|Earth Power|p1a: Ampharos
|-supereffective|p1a: Ampharos
|-damage|p1a: Ampharos|0 fnt
|faint|p1a: Ampharos
|
|
|switch|p1a: Dugtrio|Dugtrio, M|198\/211
|-damage|p1a: Dugtrio|185\/211|[from] Stealth Rock
|turn|27
|c|âDonphantastic|regardless of outcome, I can solidly say this has been a gg
|c|âKink Horse|le sigh
|
|move|p1a: Dugtrio|Night Slash|p2a: Nidoking
|-damage|p2a: Nidoking|0 fnt
|faint|p2a: Nidoking
|
|c|âKink Horse|more losses for me
|
|switch|p2a: Hydreigon|Hydreigon, M|138\/325
|turn|28
|c|âDonphantastic|tbh this has been the only team I can sorta make work
|c|âDonphantastic|since tier shift
|
|move|p1a: Dugtrio|Night Slash|p2a: Hydreigon
|-resisted|p2a: Hydreigon
|-damage|p2a: Hydreigon|92\/325
|move|p2a: Hydreigon|Dark Pulse|p1a: Dugtrio
|-damage|p1a: Dugtrio|0 fnt
|faint|p1a: Dugtrio
|
|win|Donphantastic
|raw|Ladder updating...
|raw|Kink Horse's rating: 1562 &rarr; <strong>1542<\/strong><br \/>(-20 for losing)
|raw|Donphantastic's rating: 1563 &rarr; <strong>1583<\/strong><br \/>(+20 for winning)
|c|âKink Horse|gg
|leave|Kink Horse
|player|p1
|c|âDonphantastic|gg
|leave|BenzMafia