|join|0rbital
|join|Donphantastic
|player|p1|0rbital|248
|player|p2|Donphantastic|102
|gametype|singles
|gen|6
|tier|UU
|rule|Sleep Clause Mod: Limit one foe put to sleep
|rule|Species Clause: Limit one of each PokÃ©mon
|rule|OHKO Clause: OHKO moves are banned
|rule|Moody Clause: Moody is banned
|rule|Evasion Moves Clause: Evasion moves are banned
|rule|Endless Battle Clause: Forcing endless battles is banned
|rule|HP Percentage Mod: HP is shown in percentages
|clearpoke
|poke|p1|Sceptile, M
|poke|p1|Vaporeon, F
|poke|p1|Jirachi
|poke|p1|Krookodile, F
|poke|p1|Crobat, F
|poke|p1|Infernape, F
|poke|p2|Yanmega, M
|poke|p2|Alakazam, M
|poke|p2|Magneton
|poke|p2|Fletchinder, F
|poke|p2|Starmie
|poke|p2|Gligar, F
|rule|Swagger Clause: Swagger is banned
|rule|Baton Pass Clause: Limit one PokÃ©mon knowing Baton Pass
|teampreview
|join|santysas
|
|start
|switch|p1a: Infernape|Infernape, F|293\/293
|switch|p2a: Gligar|Gligar, F|333\/333
|turn|1
|join|Duskt70
|
|move|p1a: Infernape|U-turn|p2a: Gligar
|-resisted|p2a: Gligar
|-damage|p2a: Gligar|312\/333
|join|DatGuyChuck
|
|switch|p1a: Vaporeon|Vaporeon, F|464\/464
|move|p2a: Gligar|Earthquake|p1a: Vaporeon
|-damage|p1a: Vaporeon|373\/464
|
|-heal|p1a: Vaporeon|402\/464|[from] item: Leftovers
|turn|2
|leave|Duskt70
|
|move|p2a: Gligar|U-turn|p1a: Vaporeon
|-damage|p1a: Vaporeon|361\/464
|
|switch|p2a: Yanmega|Yanmega, M|313\/313
|move|p1a: Vaporeon|Scald|p2a: Yanmega
|-damage|p2a: Yanmega|145\/313
|
|-heal|p1a: Vaporeon|390\/464|[from] item: Leftovers
|turn|3
|
|move|p1a: Vaporeon|Protect|p1a: Vaporeon
|-singleturn|p1a: Vaporeon|Protect
|move|p2a: Yanmega|Bug Buzz|p1a: Vaporeon
|-activate|p1a: Vaporeon|Protect
|
|-heal|p1a: Vaporeon|419\/464|[from] item: Leftovers
|turn|4
|
|move|p2a: Yanmega|Bug Buzz|p1a: Vaporeon
|-damage|p1a: Vaporeon|175\/464
|move|p1a: Vaporeon|Scald|p2a: Yanmega
|-damage|p2a: Yanmega|0 fnt
|faint|p2a: Yanmega
|
|-heal|p1a: Vaporeon|204\/464|[from] item: Leftovers
|
|switch|p2a: Alakazam|Alakazam, M|251\/251
|turn|5
|
|switch|p1a: Jirachi|Jirachi|404\/404
|detailschange|p2a: Alakazam|Alakazam-Mega, M
|message|Alakazam has Mega Evolved into Mega Alakazam!
|-ability|p2a: Alakazam|Serene Grace|[from] ability: Trace|[of] p1a: Jirachi
|move|p2a: Alakazam|Calm Mind|p2a: Alakazam
|-boost|p2a: Alakazam|spa|1
|-boost|p2a: Alakazam|spd|1
|
|turn|6
|join|LOP jerrygs96
|
|switch|p2a: Magneton|Magneton|241\/241
|switch|p1a: Infernape|Infernape, F|293\/293
|
|turn|7
|
|switch|p2a: Starmie|Starmie|324\/324
|move|p1a: Infernape|U-turn|p2a: Starmie
|-supereffective|p2a: Starmie
|-damage|p2a: Starmie|216\/324
|
|switch|p1a: Sceptile|Sceptile, M|281\/281
|
|-heal|p2a: Starmie|236\/324|[from] item: Leftovers
|turn|8
|
|switch|p2a: Gligar|Gligar, F|312\/333
|detailschange|p1a: Sceptile|Sceptile-Mega, M
|message|Sceptile has Mega Evolved into Mega Sceptile!
|move|p1a: Sceptile|Substitute|p1a: Sceptile
|-start|p1a: Sceptile|Substitute
|-damage|p1a: Sceptile|211\/281
|
|turn|9
|
|move|p1a: Sceptile|Giga Drain|p2a: Gligar
|-damage|p2a: Gligar|224\/333
|-heal|p1a: Sceptile|255\/281|[from] drain|[of] p2a: Gligar
|move|p2a: Gligar|U-turn|p1a: Sceptile
|-supereffective|p1a: Sceptile
|-end|p1a: Sceptile|Substitute
|join|LiiquidG
|
|switch|p2a: Fletchinder|Fletchinder, F|291\/291
|
|turn|10
|
|switch|p1a: Jirachi|Jirachi|404\/404
|move|p2a: Fletchinder|Will-O-Wisp|p1a: Jirachi
|-status|p1a: Jirachi|brn
|
|-damage|p1a: Jirachi|354\/404 brn|[from] brn
|turn|11
|
|switch|p1a: Krookodile|Krookodile, F|331\/331
|-ability|p1a: Krookodile|Intimidate|[of] p2a: Fletchinder
|-unboost|p2a: Fletchinder|atk|1
|switch|p2a: Magneton|Magneton|241\/241
|
|turn|12
|
|move|p1a: Krookodile|Pursuit|p2a: Magneton|[from]Pursuit
|-damage|p2a: Magneton|111\/241
|switch|p2a: Gligar|Gligar, F|224\/333
|
|turn|13
|leave|DatGuyChuck
|
|switch|p1a: Crobat|Crobat, F|373\/373
|move|p2a: Gligar|Stealth Rock|p1a: Crobat
|-sidestart|p1: 0rbital|move: Stealth Rock
|
|turn|14
|
|move|p1a: Crobat|Defog|p2a: Gligar
|-unboost|p2a: Gligar|evasion|1
|-sideend|p1: 0rbital|Stealth Rock|[from] move: Defog|[of] p1a: Crobat
|move|p2a: Gligar|Stealth Rock|p1a: Crobat
|-sidestart|p1: 0rbital|move: Stealth Rock
|
|turn|15
|
|switch|p1a: Krookodile|Krookodile, F|331\/331
|-damage|p1a: Krookodile|311\/331|[from] Stealth Rock
|-ability|p1a: Krookodile|Intimidate|[of] p2a: Gligar
|-unboost|p2a: Gligar|atk|1
|move|p2a: Gligar|U-turn|p1a: Krookodile
|-supereffective|p1a: Krookodile
|-damage|p1a: Krookodile|243\/331
|
|switch|p2a: Fletchinder|Fletchinder, F|291\/291
|
|turn|16
|
|move|p1a: Krookodile|Stone Edge|p2a: Fletchinder
|-supereffective|p2a: Fletchinder
|-damage|p2a: Fletchinder|0 fnt
|faint|p2a: Fletchinder
|
|leave|Donphantastic
|player|p2
|join|Donphantastic
|player|p2|Donphantastic|102
|-message|Donphantastic forfeited.
|
|win|0rbital
|leave|Donphantastic
|player|p2
|c|â0rbital|krook is speedy