|join|Donphantastic
|join|Mikey C
|player|p1|Donphantastic|290
|player|p2|Mikey C|12
|gametype|singles
|gen|6
|tier|UU
|rated
|rule|Sleep Clause Mod: Limit one foe put to sleep
|rule|Species Clause: Limit one of each PokÃ©mon
|rule|OHKO Clause: OHKO moves are banned
|rule|Moody Clause: Moody is banned
|rule|Evasion Moves Clause: Evasion moves are banned
|rule|Endless Battle Clause: Forcing endless battles is banned
|rule|HP Percentage Mod: HP is shown in percentages
|clearpoke
|poke|p1|Pidgeot, M
|poke|p1|Swampert, F
|poke|p1|Starmie
|poke|p1|Mienshao, M
|poke|p1|Jirachi
|poke|p1|Fletchinder, M
|poke|p2|Crobat, F, shiny
|poke|p2|Darmanitan, F
|poke|p2|Krookodile, F
|poke|p2|Blastoise, F, shiny
|poke|p2|Honchkrow, F
|poke|p2|Jirachi
|rule|Swagger Clause: Swagger is banned
|rule|Baton Pass Clause: Limit one PokÃ©mon knowing Baton Pass
|teampreview
|
|start
|switch|p1a: good I swear|Starmie|324\/324
|switch|p2a: Krookodile|Krookodile, F|394\/394
|-ability|p2a: Krookodile|Intimidate|[of] p1a: good I swear
|-unboost|p1a: good I swear|atk|1
|turn|1
|
|switch|p1a: Burd 1|Pidgeot, M|307\/307
|move|p2a: Krookodile|Knock Off|p1a: Burd 1
|-damage|p1a: Burd 1|156\/307
|
|turn|2
|
|detailschange|p1a: Burd 1|Pidgeot-Mega, M
|-mega|p1a: Burd 1|Pidgeot|Pidgeotite
|move|p1a: Burd 1|Heat Wave|p2a: Krookodile
|-damage|p2a: Krookodile|276\/394
|move|p2a: Krookodile|Stealth Rock|p1a: Burd 1
|-sidestart|p1: Donphantastic|move: Stealth Rock
|
|turn|3
|
|move|p1a: Burd 1|Heat Wave|p2a: Krookodile
|-damage|p2a: Krookodile|169\/394
|move|p2a: Krookodile|Knock Off|p1a: Burd 1
|-damage|p1a: Burd 1|27\/307
|
|turn|4
|
|move|p1a: Burd 1|Hurricane|p2a: Krookodile
|-damage|p2a: Krookodile|0 fnt
|faint|p2a: Krookodile
|
|
|switch|p2a: Crobat|Crobat, F, shiny|312\/312
|turn|5
|
|switch|p1a: Not Broken|Jirachi|341\/341
|-damage|p1a: Not Broken|320\/341|[from] Stealth Rock
|move|p2a: Crobat|Brave Bird|p1a: Not Broken
|-resisted|p1a: Not Broken
|-damage|p1a: Not Broken|221\/341
|-damage|p2a: Crobat|279\/312|[from] recoil|[of] p1a: Not Broken
|
|turn|6
|
|move|p1a: Not Broken|U-turn|p2a: Crobat
|-resisted|p2a: Crobat
|-damage|p2a: Crobat|257\/312
|
|switch|p1a: I do enough|Swampert, F|403\/403
|-damage|p1a: I do enough|378\/403|[from] Stealth Rock
|move|p2a: Crobat|U-turn|p1a: I do enough
|-damage|p1a: I do enough|311\/403
|
|switch|p2a: Blastoise|Blastoise, F, shiny|362\/362
|
|-heal|p1a: I do enough|336\/403|[from] item: Leftovers
|turn|7
|
|detailschange|p2a: Blastoise|Blastoise-Mega, F, shiny
|-mega|p2a: Blastoise|Blastoise|Blastoisinite
|move|p2a: Blastoise|Water Pulse|p1a: I do enough
|-damage|p1a: I do enough|192\/403
|move|p1a: I do enough|Stealth Rock|p2a: Blastoise
|-sidestart|p2: Mikey C|move: Stealth Rock
|
|-heal|p1a: I do enough|217\/403|[from] item: Leftovers
|turn|8
|
|move|p2a: Blastoise|Dark Pulse|p1a: I do enough
|-damage|p1a: I do enough|97\/403
|move|p1a: I do enough|Earthquake|p2a: Blastoise
|-damage|p2a: Blastoise|244\/362
|
|-heal|p1a: I do enough|122\/403|[from] item: Leftovers
|turn|9
|
|move|p2a: Blastoise|Water Pulse|p1a: I do enough
|-damage|p1a: I do enough|0 fnt
|faint|p1a: I do enough
|
|
|switch|p1a: good I swear|Starmie|324\/324
|-damage|p1a: good I swear|284\/324|[from] Stealth Rock
|turn|10
|
|move|p1a: good I swear|Rapid Spin|p2a: Blastoise
|-damage|p2a: Blastoise|233\/362
|-sideend|p1: Donphantastic|Stealth Rock|[from] move: Rapid Spin|[of] p1a: good I swear
|move|p2a: Blastoise|Dark Pulse|p1a: good I swear
|-supereffective|p1a: good I swear
|-damage|p1a: good I swear|0 fnt
|faint|p1a: good I swear
|
|
|switch|p1a: 1 move and die|Mienshao, M|271\/271
|turn|11
|
|move|p1a: 1 move and die|U-turn|p2a: Blastoise
|-damage|p2a: Blastoise|122\/362
|
|switch|p1a: Not Broken|Jirachi|221\/341
|move|p2a: Blastoise|Rapid Spin|p1a: Not Broken
|-resisted|p1a: Not Broken
|-damage|p1a: Not Broken|214\/341
|-sideend|p2: Mikey C|Stealth Rock|[from] move: Rapid Spin|[of] p2a: Blastoise
|
|turn|12
|
|move|p1a: Not Broken|Iron Head|p2a: Blastoise
|-resisted|p2a: Blastoise
|-damage|p2a: Blastoise|71\/362
|cant|p2a: Blastoise|flinch
|
|turn|13
|
|move|p1a: Not Broken|Iron Head|p2a: Blastoise
|-resisted|p2a: Blastoise
|-damage|p2a: Blastoise|18\/362
|cant|p2a: Blastoise|flinch
|
|turn|14
|
|move|p1a: Not Broken|Iron Head|p2a: Blastoise
|-resisted|p2a: Blastoise
|-damage|p2a: Blastoise|0 fnt
|faint|p2a: Blastoise
|
|
|switch|p2a: Darmanitan|Darmanitan, F|352\/352
|turn|15
|
|move|p1a: Not Broken|Iron Head|p2a: Darmanitan
|-resisted|p2a: Darmanitan
|-damage|p2a: Darmanitan|261\/352
|cant|p2a: Darmanitan|flinch
|
|turn|16
|
|move|p1a: Not Broken|Iron Head|p2a: Darmanitan
|-resisted|p2a: Darmanitan
|-damage|p2a: Darmanitan|161\/352
|move|p2a: Darmanitan|Flare Blitz|p1a: Not Broken
|-supereffective|p1a: Not Broken
|-damage|p1a: Not Broken|0 fnt
|-damage|p2a: Darmanitan|90\/352|[from] recoil|[of] p1a: Not Broken
|faint|p1a: Not Broken
|
|
|switch|p1a: Burd 2|Fletchinder, M|291\/291
|turn|17
|
|move|p1a: Burd 2|Acrobatics|p2a: Darmanitan
|-damage|p2a: Darmanitan|0 fnt
|faint|p2a: Darmanitan
|
|
|switch|p2a: Jirachi|Jirachi|342\/342
|turn|18
|
|move|p2a: Jirachi|Body Slam|p1a: Burd 2
|-damage|p1a: Burd 2|141\/291
|-status|p1a: Burd 2|par
|move|p1a: Burd 2|Will-O-Wisp|p2a: Jirachi
|-status|p2a: Jirachi|brn
|
|-damage|p2a: Jirachi|300\/342 brn|[from] brn
|turn|19
|
|move|p1a: Burd 2|Roost|p1a: Burd 2
|-heal|p1a: Burd 2|287\/291 par
|move|p2a: Jirachi|Body Slam|p1a: Burd 2
|-damage|p1a: Burd 2|212\/291 par
|
|-damage|p2a: Jirachi|258\/342 brn|[from] brn
|turn|20
|
|switch|p2a: Crobat|Crobat, F, shiny|257\/312
|cant|p1a: Burd 2|par
|
|turn|21
|
|move|p1a: Burd 2|Acrobatics|p2a: Crobat
|-damage|p2a: Crobat|89\/312
|move|p2a: Crobat|Brave Bird|p1a: Burd 2
|-damage|p1a: Burd 2|0 fnt
|-damage|p2a: Crobat|19\/312|[from] recoil|[of] p1a: Burd 2
|faint|p1a: Burd 2
|
|
|switch|p1a: Burd 1|Pidgeot-Mega, M|27\/307
|turn|22
|
|move|p2a: Crobat|Brave Bird|p1a: Burd 1
|-damage|p1a: Burd 1|0 fnt
|-damage|p2a: Crobat|10\/312|[from] recoil|[of] p1a: Burd 1
|faint|p1a: Burd 1
|
|
|switch|p1a: 1 move and die|Mienshao, M|271\/271
|turn|23
|
|move|p2a: Crobat|Brave Bird|p1a: 1 move and die
|-crit|p1a: 1 move and die
|-supereffective|p1a: 1 move and die
|-damage|p1a: 1 move and die|0 fnt
|-damage|p2a: Crobat|0 fnt|[from] recoil|[of] p1a: 1 move and die
|faint|p1a: 1 move and die
|faint|p2a: Crobat
|
|win|Mikey C
|raw|Ladder updating...
|c|âMikey C|gg
|raw|Donphantastic's rating: 1558 &rarr; <strong>1529<\/strong><br \/>(-29 for losing)
|raw|Mikey C's rating: 1392 &rarr; <strong>1421<\/strong><br \/>(+29 for winning)