|join|Donphantastic
|join|Raul8
|player|p1|Donphantastic|290
|player|p2|Raul8|274
|gametype|singles
|gen|6
|tier|UU
|rated
|rule|Sleep Clause Mod: Limit one foe put to sleep
|rule|Species Clause: Limit one of each PokÃ©mon
|rule|OHKO Clause: OHKO moves are banned
|rule|Moody Clause: Moody is banned
|rule|Evasion Moves Clause: Evasion moves are banned
|rule|Endless Battle Clause: Forcing endless battles is banned
|rule|HP Percentage Mod: HP is shown in percentages
|clearpoke
|poke|p1|Gligar, M
|poke|p1|Togekiss, M
|poke|p1|Vaporeon, F
|poke|p1|Lucario, F
|poke|p1|Roserade, M
|poke|p1|Aerodactyl, F
|poke|p2|Mienshao, M
|poke|p2|Florges, F
|poke|p2|Rotom-Heat
|poke|p2|Forretress, M, shiny
|poke|p2|Suicune
|poke|p2|Scrafty, M
|rule|Swagger Clause: Swagger is banned
|rule|Baton Pass Clause: Limit one PokÃ©mon knowing Baton Pass
|teampreview
|
|start
|switch|p1a: Aerodactyl|Aerodactyl, F|339\/339
|switch|p2a: Rotom-Heat|Rotom-Heat|241\/241
|-ability|p1a: Aerodactyl|Unnerve|p2: Raul8
|turn|1
|
|detailschange|p1a: Aerodactyl|Aerodactyl-Mega, F
|message|Aerodactyl has Mega Evolved into Mega Aerodactyl!
|move|p2a: Rotom-Heat|Volt Switch|p1a: Aerodactyl
|-supereffective|p1a: Aerodactyl
|-damage|p1a: Aerodactyl|115\/339
|
|switch|p2a: BanCrocuneSet|Suicune|399\/399
|-ability|p2a: BanCrocuneSet|Pressure
|move|p1a: Aerodactyl|Stone Edge|p2a: BanCrocuneSet
|-damage|p2a: BanCrocuneSet|273\/399
|
|-heal|p2a: BanCrocuneSet|297\/399|[from] item: Leftovers
|turn|2
|
|switch|p1a: Vaporeon|Vaporeon, F|464\/464
|switch|p2a: Rotom-Heat|Rotom-Heat|241\/241
|
|turn|3
|
|move|p1a: Vaporeon|Protect|p1a: Vaporeon
|-singleturn|p1a: Vaporeon|Protect
|move|p2a: Rotom-Heat|Trick|p1a: Vaporeon
|-activate|p1a: Vaporeon|Protect
|
|turn|4
|
|switch|p2a: BanCrocuneSet|Suicune|297\/399
|-ability|p2a: BanCrocuneSet|Pressure
|switch|p1a: Aerodactyl|Aerodactyl-Mega, F|115\/339
|
|-heal|p2a: BanCrocuneSet|321\/399|[from] item: Leftovers
|turn|5
|
|switch|p1a: Vaporeon|Vaporeon, F|464\/464
|move|p2a: BanCrocuneSet|Toxic|p1a: Vaporeon
|-status|p1a: Vaporeon|tox
|
|-heal|p2a: BanCrocuneSet|345\/399|[from] item: Leftovers
|-damage|p1a: Vaporeon|435\/464 tox|[from] psn
|turn|6
|
|switch|p2a: Florges|Florges, F|360\/360
|move|p1a: Vaporeon|Wish|p1a: Vaporeon
|
|-heal|p1a: Vaporeon|464\/464 tox|[from] item: Leftovers
|-damage|p1a: Vaporeon|406\/464 tox|[from] psn
|turn|7
|
|move|p2a: Florges|Moonblast|p1a: Vaporeon
|-damage|p1a: Vaporeon|285\/464 tox
|move|p1a: Vaporeon|Baton Pass|p1a: Vaporeon
|
|switch|p1a: Aerodactyl|Aerodactyl-Mega, F|115\/339
|
|-heal|p1a: Aerodactyl|339\/339|[from] move: Wish|[wisher] Vaporeon
|turn|8
|
|switch|p1a: Togekiss|Togekiss, M|373\/373
|move|p2a: Florges|Protect|p2a: Florges
|-fail|p2a: Florges
|
|turn|9
|
|switch|p2a: Rotom-Heat|Rotom-Heat|241\/241
|move|p1a: Togekiss|Heal Bell|p1a: Togekiss
|-cureteam|p1a: Togekiss|[from] move: HealBell
|
|turn|10
|
|switch|p1a: Aerodactyl|Aerodactyl-Mega, F|339\/339
|move|p2a: Rotom-Heat|Volt Switch|p1a: Aerodactyl
|-supereffective|p1a: Aerodactyl
|-damage|p1a: Aerodactyl|99\/339
|
|switch|p2a: BanCrocuneSet|Suicune|345\/399
|-ability|p2a: BanCrocuneSet|Pressure
|
|-heal|p2a: BanCrocuneSet|369\/399|[from] item: Leftovers
|turn|11
|
|switch|p1a: Vaporeon|Vaporeon, F|285\/464
|move|p2a: BanCrocuneSet|Scald|p1a: Vaporeon
|-heal|p1a: Vaporeon|401\/464|[from] ability: Water Absorb|[of] p2a: BanCrocuneSet
|
|-heal|p2a: BanCrocuneSet|393\/399|[from] item: Leftovers
|-heal|p1a: Vaporeon|430\/464|[from] item: Leftovers
|turn|12
|
|switch|p1a: Roserade|Roserade, M|261\/261
|move|p2a: BanCrocuneSet|Toxic|p1a: Roserade
|-fail|p1a: Roserade
|
|-heal|p2a: BanCrocuneSet|399\/399|[from] item: Leftovers
|turn|13
|
|switch|p2a: Scrafty|Scrafty, M|334\/334
|-ability|p2a: Scrafty|Intimidate|[of] p1a: Roserade
|-unboost|p1a: Roserade|atk|1
|move|p1a: Roserade|Spikes|p2a: Scrafty
|-sidestart|p2: Raul8|Spikes
|
|turn|14
|
|move|p1a: Roserade|Sleep Powder|p2a: Scrafty
|-status|p2a: Scrafty|slp
|cant|p2a: Scrafty|slp
|
|turn|15
|
|move|p1a: Roserade|Spikes|p2a: Scrafty
|-sidestart|p2: Raul8|Spikes
|-curestatus|p2a: Scrafty|slp
|move|p2a: Scrafty|Ice Punch|p1a: Roserade
|-supereffective|p1a: Roserade
|-damage|p1a: Roserade|33\/261
|
|turn|16
|
|move|p1a: Roserade|Sleep Powder|p2a: Scrafty
|-status|p2a: Scrafty|slp
|cant|p2a: Scrafty|slp
|
|turn|17
|
|switch|p1a: Vaporeon|Vaporeon, F|430\/464
|cant|p2a: Scrafty|slp
|
|-heal|p1a: Vaporeon|459\/464|[from] item: Leftovers
|turn|18
|
|move|p1a: Vaporeon|Wish|p1a: Vaporeon
|-curestatus|p2a: Scrafty|slp
|move|p2a: Scrafty|Knock Off|p1a: Vaporeon
|-crit|p1a: Vaporeon
|-damage|p1a: Vaporeon|251\/464
|-enditem|p1a: Vaporeon|Leftovers|[from] move: Knock Off|[of] p2a: Scrafty
|
|turn|19
|
|move|p1a: Vaporeon|Scald|p2a: Scrafty
|-damage|p2a: Scrafty|274\/334
|-status|p2a: Scrafty|brn
|move|p2a: Scrafty|Ice Punch|p1a: Vaporeon
|-resisted|p1a: Vaporeon
|-damage|p1a: Vaporeon|233\/464
|
|-heal|p1a: Vaporeon|464\/464|[from] move: Wish|[wisher] Vaporeon
|-damage|p2a: Scrafty|233\/334 brn|[from] brn
|turn|20
|
|switch|p2a: Rotom-Heat|Rotom-Heat|241\/241
|move|p1a: Vaporeon|Wish|p1a: Vaporeon
|
|turn|21
|
|move|p1a: Vaporeon|Protect|p1a: Vaporeon
|-singleturn|p1a: Vaporeon|Protect
|move|p2a: Rotom-Heat|Trick|p1a: Vaporeon
|-activate|p1a: Vaporeon|Protect
|
|turn|22
|
|switch|p1a: Aerodactyl|Aerodactyl-Mega, F|99\/339
|move|p2a: Rotom-Heat|Trick|p1a: Aerodactyl
|-fail|p1a: Aerodactyl
|
|turn|23
|
|switch|p2a: Forretress|Forretress, M, shiny|354\/354
|-damage|p2a: Forretress|295\/354|[from] Spikes
|move|p1a: Aerodactyl|Roost|p1a: Aerodactyl
|-heal|p1a: Aerodactyl|269\/339
|
|-heal|p2a: Forretress|317\/354|[from] item: Leftovers
|turn|24
|
|move|p1a: Aerodactyl|Stone Edge|p2a: Forretress
|-damage|p2a: Forretress|212\/354
|move|p2a: Forretress|Rapid Spin|p1a: Aerodactyl
|-resisted|p1a: Aerodactyl
|-damage|p1a: Aerodactyl|261\/339
|-sideend|p2: Raul8|Spikes|[from] move: Rapid Spin|[of] p2a: Forretress
|
|-heal|p2a: Forretress|234\/354|[from] item: Leftovers
|turn|25
|
|switch|p1a: Gligar|Gligar, M|333\/333
|move|p2a: Forretress|Gyro Ball|p1a: Gligar
|-damage|p1a: Gligar|272\/333
|
|-heal|p1a: Gligar|292\/333|[from] item: Leftovers
|-heal|p2a: Forretress|256\/354|[from] item: Leftovers
|turn|26
|
|switch|p2a: Rotom-Heat|Rotom-Heat|241\/241
|move|p1a: Gligar|Stealth Rock|p2a: Rotom-Heat
|-sidestart|p2: Raul8|move: Stealth Rock
|
|-heal|p1a: Gligar|312\/333|[from] item: Leftovers
|turn|27
|
|move|p2a: Rotom-Heat|Volt Switch|p1a: Gligar
|-immune|p1a: Gligar|[msg]
|move|p1a: Gligar|U-turn|p2a: Rotom-Heat
|-resisted|p2a: Rotom-Heat
|-damage|p2a: Rotom-Heat|222\/241
|
|switch|p1a: Aerodactyl|Aerodactyl-Mega, F|261\/339
|
|turn|28
|
|switch|p2a: Forretress|Forretress, M, shiny|256\/354
|-damage|p2a: Forretress|212\/354|[from] Stealth Rock
|switch|p1a: Gligar|Gligar, M|312\/333
|
|-heal|p1a: Gligar|332\/333|[from] item: Leftovers
|-heal|p2a: Forretress|234\/354|[from] item: Leftovers
|turn|29
|
|move|p1a: Gligar|Earthquake|p2a: Forretress
|-damage|p2a: Forretress|177\/354
|move|p2a: Forretress|Stealth Rock|p1a: Gligar
|-sidestart|p1: Donphantastic|move: Stealth Rock
|
|-heal|p1a: Gligar|333\/333|[from] item: Leftovers
|-heal|p2a: Forretress|199\/354|[from] item: Leftovers
|turn|30
|
|move|p1a: Gligar|Earthquake|p2a: Forretress
|-damage|p2a: Forretress|144\/354
|move|p2a: Forretress|Rapid Spin|p1a: Gligar
|-damage|p1a: Gligar|321\/333
|-sideend|p2: Raul8|Stealth Rock|[from] move: Rapid Spin|[of] p2a: Forretress
|
|-heal|p1a: Gligar|333\/333|[from] item: Leftovers
|-heal|p2a: Forretress|166\/354|[from] item: Leftovers
|turn|31
|
|switch|p2a: BanCrocuneSet|Suicune|399\/399
|-ability|p2a: BanCrocuneSet|Pressure
|move|p1a: Gligar|Stealth Rock|p2a: BanCrocuneSet
|-sidestart|p2: Raul8|move: Stealth Rock
|
|turn|32
|
|switch|p1a: Vaporeon|Vaporeon, F|464\/464
|-damage|p1a: Vaporeon|406\/464|[from] Stealth Rock
|move|p2a: BanCrocuneSet|Roar|p1a: Vaporeon
|drag|p1a: Aerodactyl|Aerodactyl-Mega, F|261\/339
|-damage|p1a: Aerodactyl|177\/339|[from] Stealth Rock
|
|turn|33
|
|switch|p1a: Vaporeon|Vaporeon, F|406\/464
|-damage|p1a: Vaporeon|348\/464|[from] Stealth Rock
|move|p2a: BanCrocuneSet|Scald|p1a: Vaporeon
|-heal|p1a: Vaporeon|464\/464|[from] ability: Water Absorb|[of] p2a: BanCrocuneSet
|
|turn|34
|
|move|p2a: BanCrocuneSet|Toxic|p1a: Vaporeon
|-status|p1a: Vaporeon|tox
|move|p1a: Vaporeon|Wish|p1a: Vaporeon
|
|-damage|p1a: Vaporeon|435\/464 tox|[from] psn
|turn|35
|
|move|p1a: Vaporeon|Scald|p2a: BanCrocuneSet
|-resisted|p2a: BanCrocuneSet
|-damage|p2a: BanCrocuneSet|354\/399
|move|p2a: BanCrocuneSet|Roar|p1a: Vaporeon
|drag|p1a: Togekiss|Togekiss, M|373\/373
|-damage|p1a: Togekiss|280\/373|[from] Stealth Rock
|
|-heal|p1a: Togekiss|373\/373|[from] move: Wish|[wisher] Vaporeon
|-heal|p2a: BanCrocuneSet|378\/399|[from] item: Leftovers
|turn|36
|
|switch|p2a: Florges|Florges, F|360\/360
|-damage|p2a: Florges|315\/360|[from] Stealth Rock
|move|p1a: Togekiss|Defog|p2a: Florges
|-unboost|p2a: Florges|evasion|1
|-sideend|p2: Raul8|Stealth Rock|[from] move: Defog|[of] p2a: Florges
|-sideend|p1: Donphantastic|Stealth Rock|[from] move: Defog|[of] p1a: Togekiss
|
|-heal|p2a: Florges|337\/360|[from] item: Leftovers
|turn|37
|
|move|p1a: Togekiss|Heal Bell|p1a: Togekiss
|-cureteam|p1a: Togekiss|[from] move: HealBell
|move|p2a: Florges|Aromatherapy|p2a: Florges
|-cureteam|p2a: Florges|[from] move: Aromatherapy
|
|-heal|p2a: Florges|359\/360|[from] item: Leftovers
|turn|38
|
|switch|p1a: Vaporeon|Vaporeon, F|435\/464
|move|p2a: Florges|Moonblast|p1a: Vaporeon
|-damage|p1a: Vaporeon|317\/464
|
|-heal|p2a: Florges|360\/360|[from] item: Leftovers
|turn|39
|
|switch|p2a: BanCrocuneSet|Suicune|378\/399
|-ability|p2a: BanCrocuneSet|Pressure
|move|p1a: Vaporeon|Wish|p1a: Vaporeon
|
|-heal|p2a: BanCrocuneSet|399\/399|[from] item: Leftovers
|turn|40
|
|move|p1a: Vaporeon|Baton Pass|p1a: Vaporeon
|
|switch|p1a: Togekiss|Togekiss, M|373\/373
|move|p2a: BanCrocuneSet|Roar|p1a: Togekiss
|drag|p1a: Gligar|Gligar, M|333\/333
|
|turn|41
|
|switch|p2a: Forretress|Forretress, M, shiny|166\/354
|move|p1a: Gligar|Stealth Rock|p2a: Forretress
|-sidestart|p2: Raul8|move: Stealth Rock
|
|-heal|p2a: Forretress|188\/354|[from] item: Leftovers
|turn|42
|
|move|p1a: Gligar|U-turn|p2a: Forretress
|-resisted|p2a: Forretress
|-damage|p2a: Forretress|176\/354
|
|switch|p1a: Lucario|Lucario, F|281\/281
|move|p2a: Forretress|Stealth Rock|p1a: Lucario
|-sidestart|p1: Donphantastic|move: Stealth Rock
|
|-heal|p2a: Forretress|198\/354|[from] item: Leftovers
|turn|43
|
|move|p1a: Lucario|Swords Dance|p1a: Lucario
|-boost|p1a: Lucario|atk|2
|move|p2a: Forretress|Toxic Spikes|p1a: Lucario
|-sidestart|p1: Donphantastic|move: Toxic Spikes
|
|-heal|p2a: Forretress|220\/354|[from] item: Leftovers
|turn|44
|
|switch|p2a: BanCrocuneSet|Suicune|399\/399
|-damage|p2a: BanCrocuneSet|350\/399|[from] Stealth Rock
|-ability|p2a: BanCrocuneSet|Pressure
|move|p1a: Lucario|Swords Dance|p1a: Lucario
|-boost|p1a: Lucario|atk|2
|
|-heal|p2a: BanCrocuneSet|374\/399|[from] item: Leftovers
|turn|45
|
|switch|p2a: Forretress|Forretress, M, shiny|220\/354
|-damage|p2a: Forretress|176\/354|[from] Stealth Rock
|move|p1a: Lucario|Close Combat|p2a: Forretress
|-damage|p2a: Forretress|0 fnt
|-unboost|p1a: Lucario|def|1
|-unboost|p1a: Lucario|spd|1
|-damage|p1a: Lucario|253\/281|[from] item: Life Orb
|faint|p2a: Forretress
|
|
|switch|p2a: Rotom-Heat|Rotom-Heat|222\/241
|-damage|p2a: Rotom-Heat|162\/241|[from] Stealth Rock
|turn|46
|
|move|p1a: Lucario|Extreme Speed|p2a: Rotom-Heat
|-crit|p2a: Rotom-Heat
|-damage|p2a: Rotom-Heat|0 fnt
|-damage|p1a: Lucario|225\/281|[from] item: Life Orb
|faint|p2a: Rotom-Heat
|
|
|switch|p2a: Scrafty|Scrafty, M|233\/334
|-damage|p2a: Scrafty|213\/334|[from] Stealth Rock
|-ability|p2a: Scrafty|Intimidate|[of] p1a: Lucario
|-unboost|p1a: Lucario|atk|1
|turn|47
|
|move|p1a: Lucario|Close Combat|p2a: Scrafty
|-supereffective|p2a: Scrafty
|-damage|p2a: Scrafty|0 fnt
|-unboost|p1a: Lucario|def|1
|-unboost|p1a: Lucario|spd|1
|-damage|p1a: Lucario|197\/281|[from] item: Life Orb
|faint|p2a: Scrafty
|
|c|âRaul8|gg
|-message|Raul8 forfeited.
|
|win|Donphantastic
|raw|Ladder updating...
|leave|Raul8
|player|p2
|raw|Donphantastic's rating: 1552 &rarr; <strong>1564<\/strong><br \/>(+12 for winning)
|raw|Raul8's rating: 1410 &rarr; <strong>1398<\/strong><br \/>(-12 for losing)
|c|âDonphantastic|gg