|join|Donphantastic
|join|Tyler.92
|player|p1|Donphantastic|101
|player|p2|Tyler.92|102
|gametype|singles
|gen|6
|tier|UU
|rated
|rule|Sleep Clause Mod: Limit one foe put to sleep
|rule|Species Clause: Limit one of each PokÃ©mon
|rule|OHKO Clause: OHKO moves are banned
|rule|Moody Clause: Moody is banned
|rule|Evasion Moves Clause: Evasion moves are banned
|rule|Endless Battle Clause: Forcing endless battles is banned
|rule|HP Percentage Mod: HP is shown in percentages
|clearpoke
|poke|p1|Togekiss, M
|poke|p1|Raikou
|poke|p1|Quagsire, F
|poke|p1|Nidoqueen, F
|poke|p1|Hydreigon, M
|poke|p1|Infernape, M
|poke|p2|Dugtrio, M
|poke|p2|Jirachi
|poke|p2|Togekiss, F
|poke|p2|Sableye, M
|poke|p2|Krookodile, F
|poke|p2|Hydreigon, M
|rule|Swagger Clause: Swagger is banned
|rule|Baton Pass Clause: Limit one PokÃ©mon knowing Baton Pass
|teampreview
|
|start
|switch|p1a: Nidoqueen|Nidoqueen, F|350\/350
|switch|p2a: Jirachi|Jirachi|341\/341
|turn|1
|
|move|p2a: Jirachi|U-turn|p1a: Nidoqueen
|-resisted|p1a: Nidoqueen
|-damage|p1a: Nidoqueen|309\/350
|
|switch|p2a: Hydreigon|Hydreigon, M|325\/325
|move|p1a: Nidoqueen|Earth Power|p2a: Hydreigon
|-immune|p2a: Hydreigon|[msg]
|
|turn|2
|
|switch|p2a: Jirachi|Jirachi|341\/341
|move|p1a: Nidoqueen|Stealth Rock|p2a: Jirachi
|-sidestart|p2: Tyler.92|move: Stealth Rock
|
|turn|3
|
|move|p2a: Jirachi|U-turn|p1a: Nidoqueen
|-resisted|p1a: Nidoqueen
|-damage|p1a: Nidoqueen|273\/350
|
|switch|p2a: Hydreigon|Hydreigon, M|325\/325
|-damage|p2a: Hydreigon|285\/325|[from] Stealth Rock
|move|p1a: Nidoqueen|Sludge Wave|p2a: Hydreigon
|-damage|p2a: Hydreigon|15\/325
|
|turn|4
|
|switch|p1a: Togekiss|Togekiss, M|373\/373
|move|p2a: Hydreigon|Dark Pulse|p1a: Togekiss
|-resisted|p1a: Togekiss
|-damage|p1a: Togekiss|315\/373
|-damage|p2a: Hydreigon|0 fnt|[from] item: Life Orb
|faint|p2a: Hydreigon
|
|-heal|p1a: Togekiss|338\/373|[from] item: Leftovers
|
|switch|p2a: Jirachi|Jirachi|341\/341
|-damage|p2a: Jirachi|320\/341|[from] Stealth Rock
|turn|5
|
|switch|p1a: Quagsire|Quagsire, F|394\/394
|move|p2a: Jirachi|Iron Head|p1a: Quagsire
|-resisted|p1a: Quagsire
|-damage|p1a: Quagsire|348\/394
|
|-heal|p1a: Quagsire|372\/394|[from] item: Leftovers
|turn|6
|
|switch|p2a: Sableye|Sableye, M|304\/304
|-damage|p2a: Sableye|266\/304|[from] Stealth Rock
|switch|p1a: Nidoqueen|Nidoqueen, F|273\/350
|
|-heal|p2a: Sableye|285\/304|[from] item: Leftovers
|turn|7
|
|move|p2a: Sableye|Will-O-Wisp|p1a: Nidoqueen
|-status|p1a: Nidoqueen|brn
|move|p1a: Nidoqueen|Earth Power|p2a: Sableye
|-damage|p2a: Sableye|82\/304
|
|-heal|p2a: Sableye|101\/304|[from] item: Leftovers
|-damage|p1a: Nidoqueen|230\/350 brn|[from] brn
|turn|8
|
|switch|p2a: Togekiss|Togekiss, F|374\/374
|-damage|p2a: Togekiss|281\/374|[from] Stealth Rock
|move|p1a: Nidoqueen|Earth Power|p2a: Togekiss
|-immune|p2a: Togekiss|[msg]
|
|-heal|p2a: Togekiss|304\/374|[from] item: Leftovers
|-damage|p1a: Nidoqueen|187\/350 brn|[from] brn
|turn|9
|
|move|p1a: Nidoqueen|Earth Power|p2a: Togekiss
|-immune|p2a: Togekiss|[msg]
|move|p2a: Togekiss|Nasty Plot|p2a: Togekiss
|-boost|p2a: Togekiss|spa|2
|
|-heal|p2a: Togekiss|327\/374|[from] item: Leftovers
|-damage|p1a: Nidoqueen|144\/350 brn|[from] brn
|turn|10
|
|move|p1a: Nidoqueen|Sludge Wave|p2a: Togekiss
|-supereffective|p2a: Togekiss
|-damage|p2a: Togekiss|0 fnt
|faint|p2a: Togekiss
|
|-damage|p1a: Nidoqueen|101\/350 brn|[from] brn
|-message|Tyler.92 forfeited.
|
|win|Donphantastic
|raw|Ladder updating...
|leave|Tyler.92
|player|p2
|raw|Donphantastic's rating: 1568 &rarr; <strong>1586<\/strong><br \/>(+18 for winning)
|raw|Tyler.92's rating: 1543 &rarr; <strong>1524<\/strong><br \/>(-19 for losing)