|join|azertyuiopo
|join|Donphantastic
|player|p1|azertyuiopo|238
|player|p2|Donphantastic|290
|gametype|singles
|gen|6
|tier|UU
|rule|Sleep Clause Mod: Limit one foe put to sleep
|rule|Species Clause: Limit one of each PokÃ©mon
|rule|OHKO Clause: OHKO moves are banned
|rule|Moody Clause: Moody is banned
|rule|Evasion Moves Clause: Evasion moves are banned
|rule|Endless Battle Clause: Forcing endless battles is banned
|rule|HP Percentage Mod: HP is shown in percentages
|clearpoke
|poke|p1|Arcanine, M
|poke|p1|Roserade, M
|poke|p1|Empoleon, M
|poke|p1|Tornadus, M
|poke|p1|Mienshao, M
|poke|p1|Flygon, F
|poke|p2|Honchkrow, F
|poke|p2|Mienshao, M
|poke|p2|Victini
|poke|p2|Shaymin
|poke|p2|Crobat, M
|poke|p2|Jirachi
|rule|Swagger Clause: Swagger is banned
|rule|Baton Pass Clause: Limit one PokÃ©mon knowing Baton Pass
|teampreview
|join|Saganabyss
|join|kyla-kylls
|c|âazertyuiopo|oh crap victini is back
|join|Kekpert
|join|MafiaGeorge
|c| Saganabyss|Victini ... Why are you still in UU?
|c| Saganabyss|Ã².Ã³
|join|Anti-Darmanitan
|c| Saganabyss|And Jirachi is also too strong and too unpredictable
|c| Saganabyss|Both should be in BL!
|
|start
|switch|p1a: Tornadus|Tornadus, M|300\/300
|switch|p2a: Victini|Victini|341\/341
|turn|1
|c|âDonphantastic|N to both
|
|switch|p1a: Arcanine|Arcanine, M|384\/384
|-ability|p1a: Arcanine|Intimidate|[of] p2a: Victini
|-unboost|p2a: Victini|atk|1
|move|p2a: Victini|U-turn|p1a: Arcanine
|-resisted|p1a: Arcanine
|-damage|p1a: Arcanine|340\/384
|c| Kekpert|I think Doph has u-Turner team
|join|silverbackkap
|join|YMAS
|
|switch|p2a: Jirachi|Jirachi|404\/404
|
|turn|2
|
|move|p2a: Jirachi|Stealth Rock|p1a: Arcanine
|-sidestart|p1: azertyuiopo|move: Stealth Rock
|move|p1a: Arcanine|Flare Blitz|p2a: Jirachi
|-supereffective|p2a: Jirachi
|-damage|p2a: Jirachi|0 fnt
|-damage|p1a: Arcanine|207\/384|[from] recoil|[of] p2a: Jirachi
|faint|p2a: Jirachi
|
|join|ExtremeArcanine
|join|joltage
|
|switch|p2a: Honchkrow|Honchkrow, F|341\/341
|turn|3
|join|UniterFlash
|
|switch|p1a: Empoleon|Empoleon, M|372\/372
|-damage|p1a: Empoleon|349\/372|[from] Stealth Rock
|move|p2a: Honchkrow|Brave Bird|p1a: Empoleon
|-resisted|p1a: Empoleon
|-damage|p1a: Empoleon|249\/372
|-damage|p2a: Honchkrow|308\/341|[from] recoil|[of] p1a: Empoleon
|-damage|p2a: Honchkrow|274\/341|[from] item: Life Orb
|
|-heal|p1a: Empoleon|272\/372|[from] item: Leftovers
|turn|4
|join|Starmei
|
|switch|p2a: Victini|Victini|341\/341
|move|p1a: Empoleon|Defog|p2a: Victini
|-unboost|p2a: Victini|evasion|1
|-sideend|p1: azertyuiopo|Stealth Rock|[from] move: Defog|[of] p1a: Empoleon
|
|-heal|p1a: Empoleon|295\/372|[from] item: Leftovers
|turn|5
|leave|Starmei
|
|switch|p1a: Arcanine|Arcanine, M|207\/384
|-ability|p1a: Arcanine|Intimidate|[of] p2a: Victini
|-unboost|p2a: Victini|atk|1
|move|p2a: Victini|V-create|p1a: Arcanine
|-resisted|p1a: Arcanine
|-damage|p1a: Arcanine|60\/384
|-unboost|p2a: Victini|def|1
|-unboost|p2a: Victini|spd|1
|-unboost|p2a: Victini|spe|1
|
|turn|6
|c| ExtremeArcanine|superpower?
|join|Jet Nebula
|
|move|p1a: Arcanine|Crunch|p2a: Victini
|-supereffective|p2a: Victini
|-damage|p2a: Victini|73\/341
|move|p2a: Victini|V-create|p1a: Arcanine
|-resisted|p1a: Arcanine
|-damage|p1a: Arcanine|0 fnt
|-unboost|p2a: Victini|def|1
|-unboost|p2a: Victini|spd|1
|-unboost|p2a: Victini|spe|1
|faint|p1a: Arcanine
|
|join|schalamadingdong
|join|LoLprod
|leave|schalamadingdong
|c|âDonphantastic|mfw crunch
|join|i wish i had hoes
|
|switch|p1a: Flygon|Flygon, F|322\/322
|turn|7
|leave|ExtremeArcanine
|
|switch|p2a: Crobat|Crobat, M|373\/373
|move|p1a: Flygon|U-turn|p2a: Crobat
|-resisted|p2a: Crobat
|-damage|p2a: Crobat|354\/373
|
|switch|p1a: Empoleon|Empoleon, M|295\/372
|
|-heal|p1a: Empoleon|318\/372|[from] item: Leftovers
|turn|8
|
|move|p2a: Crobat|U-turn|p1a: Empoleon
|-resisted|p1a: Empoleon
|-damage|p1a: Empoleon|298\/372
|
|switch|p2a: Victini|Victini|73\/341
|move|p1a: Empoleon|Stealth Rock|p2a: Victini
|-sidestart|p2: Donphantastic|move: Stealth Rock
|
|-heal|p1a: Empoleon|321\/372|[from] item: Leftovers
|turn|9
|
|move|p2a: Victini|V-create|p1a: Empoleon
|-damage|p1a: Empoleon|20\/372
|-unboost|p2a: Victini|def|1
|-unboost|p2a: Victini|spd|1
|-unboost|p2a: Victini|spe|1
|move|p1a: Empoleon|Scald|p2a: Victini
|-supereffective|p2a: Victini
|-damage|p2a: Victini|0 fnt
|faint|p2a: Victini
|
|-heal|p1a: Empoleon|43\/372|[from] item: Leftovers
|leave|LoLprod
|join|Happee
|
|switch|p2a: Crobat|Crobat, M|354\/373
|-damage|p2a: Crobat|261\/373|[from] Stealth Rock
|turn|10
|leave|Happee
|leave|silverbackkap
|join|harrison guice
|
|move|p2a: Crobat|Acrobatics|p1a: Empoleon
|-resisted|p1a: Empoleon
|-damage|p1a: Empoleon|0 fnt
|faint|p1a: Empoleon
|
|join|Happee
|
|switch|p1a: Flygon|Flygon, F|322\/322
|turn|11
|c| Saganabyss|lol
|c| Kekpert|acro and brave?
|c| Kekpert|wut?
|
|move|p1a: Flygon|U-turn|p2a: Crobat
|-resisted|p2a: Crobat
|-damage|p2a: Crobat|244\/373
|
|switch|p1a: Tornadus|Tornadus, M|300\/300
|move|p2a: Crobat|Defog|p1a: Tornadus
|-unboost|p1a: Tornadus|evasion|1
|-sideend|p2: Donphantastic|Stealth Rock|[from] move: Defog|[of] p2a: Crobat
|
|turn|12
|c|âDonphantastic|I never used brave
|c|âDonphantastic|lol
|
|move|p2a: Crobat|Acrobatics|p1a: Tornadus
|-damage|p1a: Tornadus|120\/300
|move|p1a: Tornadus|Heat Wave|p2a: Crobat
|-damage|p2a: Crobat|105\/373
|
|turn|13
|c| Kekpert|oh
|
|move|p2a: Crobat|Acrobatics|p1a: Tornadus
|-damage|p1a: Tornadus|0 fnt
|faint|p1a: Tornadus
|
|join|Noriya
|c| Kekpert|it was Honch :S
|
|switch|p1a: Flygon|Flygon, F|322\/322
|turn|14
|
|move|p1a: Flygon|Outrage|p2a: Crobat
|-damage|p2a: Crobat|0 fnt
|faint|p2a: Crobat
|
|c| Happee|eq if real
|join|HexFaron
|c| Kekpert|well both are flying things
|
|switch|p2a: Mienshao|Mienshao, M|271\/271
|turn|15
|c| Happee|oh scarf ;-;
|
|move|p2a: Mienshao|High Jump Kick|p1a: Flygon
|-damage|p1a: Flygon|40\/322
|move|p1a: Flygon|Outrage|p2a: Mienshao
|-damage|p2a: Mienshao|40\/271
|
|turn|16
|
|move|p2a: Mienshao|High Jump Kick|p1a: Flygon
|-damage|p1a: Flygon|0 fnt
|faint|p1a: Flygon
|
|
|switch|p1a: Mienshao|Mienshao, M|271\/271
|turn|17
|c| Kekpert|fo?
|
|switch|p2a: Shaymin|Shaymin|341\/341
|move|p1a: Mienshao|Fake Out|p2a: Shaymin
|-damage|p2a: Shaymin|284\/341
|-damage|p1a: Mienshao|244\/271|[from] item: Life Orb
|
|turn|18
|
|move|p1a: Mienshao|U-turn|p2a: Shaymin
|-supereffective|p2a: Shaymin
|-damage|p2a: Shaymin|89\/341
|-damage|p1a: Mienshao|217\/271|[from] item: Life Orb
|
|switch|p1a: Roserade|Roserade, M|324\/324
|move|p2a: Shaymin|Air Slash|p1a: Roserade
|-supereffective|p1a: Roserade
|-damage|p1a: Roserade|197\/324
|-damage|p2a: Shaymin|55\/341|[from] item: Life Orb
|
|-heal|p1a: Roserade|217\/324|[from] item: Black Sludge
|turn|19
|
|move|p2a: Shaymin|Air Slash|p1a: Roserade
|-supereffective|p1a: Roserade
|-damage|p1a: Roserade|74\/324
|-damage|p2a: Shaymin|21\/341|[from] item: Life Orb
|move|p1a: Roserade|Giga Drain|p2a: Shaymin
|-resisted|p2a: Shaymin
|-damage|p2a: Shaymin|0 fnt
|-heal|p1a: Roserade|85\/324|[from] drain|[of] p2a: Shaymin
|faint|p2a: Shaymin
|
|-heal|p1a: Roserade|105\/324|[from] item: Black Sludge
|leave|Anti-Darmanitan
|c| Saganabyss|FINISH HIM HONCH
|
|switch|p2a: Honchkrow|Honchkrow, F|274\/341
|turn|20
|c| kyla-kylls|donphantastic wins gg
|
|move|p2a: Honchkrow|Brave Bird|p1a: Roserade
|-supereffective|p1a: Roserade
|-damage|p1a: Roserade|0 fnt
|-damage|p2a: Honchkrow|239\/341|[from] recoil|[of] p1a: Roserade
|-damage|p2a: Honchkrow|205\/341|[from] item: Life Orb
|faint|p1a: Roserade
|-boost|p2a: Honchkrow|atk|1|[from] ability: Moxie
|
|
|switch|p1a: Mienshao|Mienshao, M|271\/271
|turn|21
|c| Saganabyss|YOU DONT SAY?
|c| Saganabyss|:O
|c| Happee|unless hi jump miss
|
|move|p1a: Mienshao|Fake Out|p2a: Honchkrow
|-damage|p2a: Honchkrow|97\/341
|-damage|p1a: Mienshao|244\/271|[from] item: Life Orb
|cant|p2a: Honchkrow|flinch
|
|turn|22
|c| kyla-kylls|lol
|c| i wish i had hoes|dont fake
|
|move|p2a: Honchkrow|Sucker Punch|p1a: Mienshao
|-crit|p1a: Mienshao
|-resisted|p1a: Mienshao
|-damage|p1a: Mienshao|0 fnt
|-damage|p2a: Honchkrow|63\/341|[from] item: Life Orb
|faint|p1a: Mienshao
|-boost|p2a: Honchkrow|atk|1|[from] ability: Moxie
|
|win|Donphantastic
|c| i wish i had hoes|nvm
|c|âDonphantastic|lel
|c|âDonphantastic|gg
|c| Saganabyss|gg.
|leave|kyla-kylls