|join|Donphantastic
|join|True Chiba
|player|p1|Donphantastic|290
|player|p2|True Chiba|216
|gametype|singles
|gen|6
|tier|UU
|rated
|rule|Sleep Clause Mod: Limit one foe put to sleep
|rule|Species Clause: Limit one of each PokÃ©mon
|rule|OHKO Clause: OHKO moves are banned
|rule|Moody Clause: Moody is banned
|rule|Evasion Moves Clause: Evasion moves are banned
|rule|Endless Battle Clause: Forcing endless battles is banned
|rule|HP Percentage Mod: HP is shown in percentages
|clearpoke
|poke|p1|Abomasnow, F
|poke|p1|Starmie
|poke|p1|Yanmega, M
|poke|p1|Entei, shiny
|poke|p1|Diancie
|poke|p1|Shaymin
|poke|p2|Doublade, F
|poke|p2|Celebi
|poke|p2|Houndoom, M
|poke|p2|Tentacruel, F
|poke|p2|Florges, F
|poke|p2|Blissey, F
|rule|Swagger Clause: Swagger is banned
|rule|Baton Pass Clause: Limit one PokÃ©mon knowing Baton Pass
|teampreview
|
|start
|switch|p1a: Entei|Entei, shiny|371\/371
|switch|p2a: Tentacruel|Tentacruel, F|364\/364
|-ability|p1a: Entei|Pressure
|turn|1
|
|move|p1a: Entei|Sacred Fire|p2a: Tentacruel
|-resisted|p2a: Tentacruel
|-damage|p2a: Tentacruel|244\/364
|move|p2a: Tentacruel|Toxic Spikes|p1a: Entei
|-sidestart|p1: Donphantastic|move: Toxic Spikes
|
|-heal|p2a: Tentacruel|266\/364|[from] item: Black Sludge
|turn|2
|join|Tipsy Russian
|
|switch|p1a: Starmie|Starmie|324\/324
|-status|p1a: Starmie|psn
|move|p2a: Tentacruel|Scald|p1a: Starmie
|-resisted|p1a: Starmie
|-damage|p1a: Starmie|279\/324 psn
|
|-heal|p1a: Starmie|299\/324 psn|[from] item: Leftovers
|-heal|p2a: Tentacruel|288\/364|[from] item: Black Sludge
|-damage|p1a: Starmie|259\/324 psn|[from] psn
|turn|3
|
|switch|p2a: Florges|Florges, F|360\/360
|move|p1a: Starmie|Scald|p2a: Florges
|-damage|p2a: Florges|299\/360
|
|-heal|p1a: Starmie|279\/324 psn|[from] item: Leftovers
|-heal|p2a: Florges|321\/360|[from] item: Leftovers
|-damage|p1a: Starmie|239\/324 psn|[from] psn
|turn|4
|leave|Tipsy Russian
|
|move|p1a: Starmie|Rapid Spin|p2a: Florges
|-damage|p2a: Florges|311\/360
|-sideend|p1: Donphantastic|Toxic Spikes|[from] move: Rapid Spin|[of] p1a: Starmie
|move|p2a: Florges|Calm Mind|p2a: Florges
|-boost|p2a: Florges|spa|1
|-boost|p2a: Florges|spd|1
|
|-heal|p1a: Starmie|259\/324 psn|[from] item: Leftovers
|-heal|p2a: Florges|333\/360|[from] item: Leftovers
|-damage|p1a: Starmie|219\/324 psn|[from] psn
|turn|5
|
|switch|p1a: Entei|Entei, shiny|371\/371
|-ability|p1a: Entei|Pressure
|move|p2a: Florges|Moonblast|p1a: Entei
|-resisted|p1a: Entei
|-damage|p1a: Entei|256\/371
|
|-heal|p2a: Florges|355\/360|[from] item: Leftovers
|turn|6
|
|switch|p2a: Houndoom|Houndoom, M|291\/291
|move|p1a: Entei|Sacred Fire|p2a: Houndoom
|-start|p2a: Houndoom|ability: Flash Fire
|
|turn|7
|
|switch|p2a: Tentacruel|Tentacruel, F|288\/364
|switch|p1a: Diancie|Diancie|304\/304
|
|-heal|p2a: Tentacruel|310\/364|[from] item: Black Sludge
|turn|8
|
|move|p2a: Tentacruel|Toxic|p1a: Diancie
|-status|p1a: Diancie|tox
|move|p1a: Diancie|Earth Power|p2a: Tentacruel
|-supereffective|p2a: Tentacruel
|-damage|p2a: Tentacruel|146\/364
|
|-heal|p2a: Tentacruel|168\/364|[from] item: Black Sludge
|-damage|p1a: Diancie|285\/304 tox|[from] psn
|turn|9
|
|switch|p2a: Blissey|Blissey, F|713\/713
|switch|p1a: Starmie|Starmie|219\/324
|
|-heal|p1a: Starmie|239\/324|[from] item: Leftovers
|turn|10
|
|switch|p1a: Abomasnow|Abomasnow, F|384\/384
|move|p2a: Blissey|Stealth Rock|p1a: Abomasnow
|-sidestart|p1: Donphantastic|move: Stealth Rock
|
|turn|11
|
|switch|p2a: Doublade|Doublade, F|321\/321
|detailschange|p1a: Abomasnow|Abomasnow-Mega, F
|-mega|p1a: Abomasnow|Abomasnow|Abomasite
|-weather|Hail
|move|p1a: Abomasnow|Swords Dance|p1a: Abomasnow
|-boost|p1a: Abomasnow|atk|2
|
|-weather|Hail|[upkeep]
|-damage|p2a: Doublade|301\/321|[from] hail
|turn|12
|
|move|p2a: Doublade|Iron Head|p1a: Abomasnow
|-supereffective|p1a: Abomasnow
|-damage|p1a: Abomasnow|124\/384
|move|p1a: Abomasnow|Earthquake|p2a: Doublade
|-supereffective|p2a: Doublade
|-damage|p2a: Doublade|65\/321
|
|-weather|Hail|[upkeep]
|-damage|p2a: Doublade|45\/321|[from] hail
|turn|13
|
|switch|p1a: Starmie|Starmie|239\/324
|-damage|p1a: Starmie|199\/324|[from] Stealth Rock
|move|p2a: Doublade|Shadow Sneak|p1a: Starmie
|-supereffective|p1a: Starmie
|-damage|p1a: Starmie|85\/324
|
|-weather|Hail|[upkeep]
|-damage|p1a: Starmie|65\/324|[from] hail
|-damage|p2a: Doublade|25\/321|[from] hail
|-heal|p1a: Starmie|85\/324|[from] item: Leftovers
|turn|14
|
|move|p1a: Starmie|Recover|p1a: Starmie
|-heal|p1a: Starmie|247\/324
|move|p2a: Doublade|Pursuit|p1a: Starmie
|-supereffective|p1a: Starmie
|-damage|p1a: Starmie|173\/324
|
|-weather|Hail|[upkeep]
|-damage|p1a: Starmie|153\/324|[from] hail
|-damage|p2a: Doublade|5\/321|[from] hail
|-heal|p1a: Starmie|173\/324|[from] item: Leftovers
|turn|15
|
|move|p2a: Doublade|Shadow Sneak|p1a: Starmie
|-supereffective|p1a: Starmie
|-damage|p1a: Starmie|51\/324
|move|p1a: Starmie|Recover|p1a: Starmie
|-heal|p1a: Starmie|213\/324
|
|-weather|none
|-heal|p1a: Starmie|233\/324|[from] item: Leftovers
|turn|16
|c|âTrue Chiba|if you predicted me not to sneak
|c|âTrue Chiba|then why recover?
|
|move|p2a: Doublade|Shadow Sneak|p1a: Starmie
|-supereffective|p1a: Starmie
|-damage|p1a: Starmie|129\/324
|move|p1a: Starmie|Scald|p2a: Doublade
|-damage|p2a: Doublade|0 fnt
|faint|p2a: Doublade
|
|-heal|p1a: Starmie|149\/324|[from] item: Leftovers
|
|switch|p2a: Houndoom|Houndoom, M|291\/291
|turn|17
|
|switch|p1a: Diancie|Diancie|285\/304 tox
|-damage|p1a: Diancie|247\/304 tox|[from] Stealth Rock
|detailschange|p2a: Houndoom|Houndoom-Mega, M
|-mega|p2a: Houndoom|Houndoom|Houndoominite
|move|p2a: Houndoom|Dark Pulse|p1a: Diancie
|-resisted|p1a: Diancie
|-damage|p1a: Diancie|198\/304 tox
|
|-heal|p1a: Diancie|217\/304 tox|[from] item: Leftovers
|-damage|p1a: Diancie|198\/304 tox|[from] psn
|turn|18
|
|switch|p2a: Blissey|Blissey, F|713\/713
|move|p1a: Diancie|Stealth Rock|p2a: Blissey
|-sidestart|p2: True Chiba|move: Stealth Rock
|
|-heal|p1a: Diancie|217\/304 tox|[from] item: Leftovers
|-damage|p1a: Diancie|179\/304 tox|[from] psn
|turn|19
|
|move|p2a: Blissey|Seismic Toss|p1a: Diancie
|-damage|p1a: Diancie|79\/304 tox
|move|p1a: Diancie|Diamond Storm|p2a: Blissey
|-damage|p2a: Blissey|508\/713
|
|-heal|p2a: Blissey|552\/713|[from] item: Leftovers
|-heal|p1a: Diancie|98\/304 tox|[from] item: Leftovers
|-damage|p1a: Diancie|41\/304 tox|[from] psn
|turn|20
|
|move|p2a: Blissey|Wish|p2a: Blissey
|move|p1a: Diancie|Diamond Storm|p2a: Blissey
|-damage|p2a: Blissey|330\/713
|
|-heal|p2a: Blissey|374\/713|[from] item: Leftovers
|-heal|p1a: Diancie|60\/304 tox|[from] item: Leftovers
|-damage|p1a: Diancie|0 fnt|[from] psn
|faint|p1a: Diancie
|
|switch|p1a: Starmie|Starmie|149\/324
|-damage|p1a: Starmie|109\/324|[from] Stealth Rock
|turn|21
|
|switch|p2a: Houndoom|Houndoom-Mega, M|291\/291
|-damage|p2a: Houndoom|219\/291|[from] Stealth Rock
|move|p1a: Starmie|Recover|p1a: Starmie
|-heal|p1a: Starmie|271\/324
|
|-heal|p2a: Houndoom|291\/291|[from] move: Wish|[wisher] Blissey
|-heal|p1a: Starmie|291\/324|[from] item: Leftovers
|turn|22
|
|move|p2a: Houndoom|Dark Pulse|p1a: Starmie
|-supereffective|p1a: Starmie
|-damage|p1a: Starmie|0 fnt
|faint|p1a: Starmie
|
|-message|Donphantastic forfeited.
|leave|Donphantastic
|
|win|True Chiba
|raw|Ladder updating...
|player|p1
|raw|Donphantastic's rating: 1638 &rarr; <strong>1606<\/strong><br \/>(-32 for losing)
|raw|True Chiba's rating: 1401 &rarr; <strong>1433<\/strong><br \/>(+32 for winning)
|c|âTrue Chiba|uu auths are so bad at this game
|c|âTrue Chiba|smh