|join|asdlkf
|join|Donphantastic
|player|p1|asdlkf|171
|player|p2|Donphantastic|290
|gametype|singles
|gen|6
|tier|UU
|rated
|rule|Sleep Clause Mod: Limit one foe put to sleep
|rule|Species Clause: Limit one of each PokÃ©mon
|rule|OHKO Clause: OHKO moves are banned
|rule|Moody Clause: Moody is banned
|rule|Evasion Moves Clause: Evasion moves are banned
|rule|Endless Battle Clause: Forcing endless battles is banned
|rule|HP Percentage Mod: HP is shown in percentages
|clearpoke
|poke|p1|Feraligatr, M
|poke|p1|Jirachi, shiny
|poke|p1|Blastoise, M
|poke|p1|Krookodile, M
|poke|p1|Goodra, F
|poke|p1|Mienshao, F
|poke|p2|Delphox, F
|poke|p2|Snorlax, M
|poke|p2|Vaporeon, M
|poke|p2|Machamp, M
|poke|p2|Crobat, F
|poke|p2|Krookodile, F
|rule|Swagger Clause: Swagger is banned
|rule|Baton Pass Clause: Limit one PokÃ©mon knowing Baton Pass
|teampreview
|join|Super Mario Kek
|c| Super Mario Kek|DUDEMAN
|
|start
|switch|p1a: Mienshao|Mienshao, F|271\/271
|switch|p2a: Crobat|Crobat, F|373\/373
|turn|1
|c| Super Mario Kek|SEMPAI
|c|âasdlkf|HI
|c| Super Mario Kek|SPARE ME
|c|âasdlkf|kek
|
|move|p1a: Mienshao|U-turn|p2a: Crobat
|-resisted|p2a: Crobat
|-damage|p2a: Crobat|348\/373
|
|switch|p1a: Jirachi|Jirachi, shiny|341\/341
|move|p2a: Crobat|U-turn|p1a: Jirachi
|-damage|p1a: Jirachi|284\/341
|
|switch|p2a: Krookodile|Krookodile, F|394\/394
|-ability|p2a: Krookodile|Intimidate|[of] p1a: Jirachi
|-unboost|p1a: Jirachi|atk|1
|
|-heal|p1a: Jirachi|305\/341|[from] item: Leftovers
|turn|2
|c| Super Mario Kek|why not delphox?
|
|move|p1a: Jirachi|Moonblast|p2a: Krookodile
|-supereffective|p2a: Krookodile
|-damage|p2a: Krookodile|162\/394
|-unboost|p2a: Krookodile|spa|1
|move|p2a: Krookodile|Pursuit|p1a: Jirachi
|-supereffective|p1a: Jirachi
|-damage|p1a: Jirachi|153\/341
|
|-heal|p1a: Jirachi|174\/341|[from] item: Leftovers
|-heal|p2a: Krookodile|186\/394|[from] item: Leftovers
|turn|3
|c|âasdlkf|KEK
|c|âDonphantastic|hoping he did not have that
|
|switch|p2a: Delphox|Delphox, F|291\/291
|move|p1a: Jirachi|Moonblast|p2a: Delphox
|-resisted|p2a: Delphox
|-damage|p2a: Delphox|248\/291
|
|-heal|p1a: Jirachi|195\/341|[from] item: Leftovers
|turn|4
|c|âasdlkf|damn
|c|âasdlkf|i was thinking how real it'd be if i switched out there
|
|switch|p1a: Blastoise|Blastoise, M|324\/324
|move|p2a: Delphox|Fire Blast|p1a: Blastoise
|-resisted|p1a: Blastoise
|-damage|p1a: Blastoise|221\/324
|-status|p1a: Blastoise|brn
|-damage|p2a: Delphox|219\/291|[from] item: Life Orb
|
|-damage|p1a: Blastoise|181\/324 brn|[from] brn
|turn|5
|c|âasdlkf|ok
|c|âasdlkf|wel
|
|switch|p2a: Vaporeon|Vaporeon, M|464\/464
|detailschange|p1a: Blastoise|Blastoise-Mega, M
|message|Blastoise has Mega Evolved into Mega Blastoise!
|move|p1a: Blastoise|Hydro Pump|p2a: Vaporeon
|-immune|p2a: Vaporeon|[msg]
|
|-damage|p1a: Blastoise|141\/324 brn|[from] brn
|turn|6
|
|move|p1a: Blastoise|Dragon Pulse|p2a: Vaporeon
|-damage|p2a: Vaporeon|336\/464
|move|p2a: Vaporeon|Wish|p2a: Vaporeon
|
|-heal|p2a: Vaporeon|365\/464|[from] item: Leftovers
|-damage|p1a: Blastoise|101\/324 brn|[from] brn
|turn|7
|c|âDonphantastic|#dammage
|
|move|p1a: Blastoise|Dragon Pulse|p2a: Vaporeon
|-damage|p2a: Vaporeon|232\/464
|move|p2a: Vaporeon|Baton Pass|p2a: Vaporeon
|
|switch|p2a: Krookodile|Krookodile, F|186\/394
|-ability|p2a: Krookodile|Intimidate|[of] p1a: Blastoise
|-unboost|p1a: Blastoise|atk|1
|
|-heal|p2a: Krookodile|394\/394|[from] move: Wish|[wisher] Vaporeon
|-damage|p1a: Blastoise|61\/324 brn|[from] brn
|turn|8
|
|switch|p1a: Krookodile|Krookodile, M|394\/394
|-ability|p1a: Krookodile|Intimidate|[of] p2a: Krookodile
|-unboost|p2a: Krookodile|atk|1
|move|p2a: Krookodile|Earthquake|p1a: Krookodile
|-damage|p1a: Krookodile|255\/394
|
|-heal|p1a: Krookodile|279\/394|[from] item: Leftovers
|turn|9
|c| Super Mario Kek|MASTER
|
|switch|p2a: Vaporeon|Vaporeon, M|232\/464
|move|p1a: Krookodile|Knock Off|p2a: Vaporeon
|-damage|p2a: Vaporeon|7\/464
|-enditem|p2a: Vaporeon|Leftovers|[from] move: Knock Off|[of] p1a: Krookodile
|
|-heal|p1a: Krookodile|303\/394|[from] item: Leftovers
|turn|10
|c| Super Mario Kek|k
|c| Super Mario Kek|e
|c| Super Mario Kek|k
|
|move|p1a: Krookodile|Knock Off|p2a: Vaporeon
|-damage|p2a: Vaporeon|0 fnt
|faint|p2a: Vaporeon
|
|-heal|p1a: Krookodile|327\/394|[from] item: Leftovers
|c|âDonphantastic|forgot
|c|âDonphantastic|I switched
|c|âDonphantastic|to spdef
|
|switch|p2a: Machamp|Machamp, M|374\/374
|turn|11
|
|move|p1a: Krookodile|Stealth Rock|p2a: Machamp
|-sidestart|p2: Donphantastic|move: Stealth Rock
|move|p2a: Machamp|Close Combat|p1a: Krookodile
|-supereffective|p1a: Krookodile
|-damage|p1a: Krookodile|0 fnt
|-unboost|p2a: Machamp|def|1
|-unboost|p2a: Machamp|spd|1
|faint|p1a: Krookodile
|
|
|switch|p1a: Jirachi|Jirachi, shiny|195\/341
|turn|12
|
|move|p1a: Jirachi|Psyshock|p2a: Machamp
|-supereffective|p2a: Machamp
|-damage|p2a: Machamp|0 fnt
|faint|p2a: Machamp
|
|-heal|p1a: Jirachi|216\/341|[from] item: Leftovers
|c| Super Mario Kek|cc
|c| Super Mario Kek|why?
|c| Super Mario Kek|is that band?
|
|switch|p2a: Krookodile|Krookodile, F|394\/394
|-damage|p2a: Krookodile|370\/394|[from] Stealth Rock
|-ability|p2a: Krookodile|Intimidate|[of] p1a: Jirachi
|-unboost|p1a: Jirachi|atk|1
|turn|13
|c|âDonphantastic|yes
|
|move|p1a: Jirachi|Moonblast|p2a: Krookodile
|-supereffective|p2a: Krookodile
|-damage|p2a: Krookodile|140\/394
|move|p2a: Krookodile|Knock Off|p1a: Jirachi
|-supereffective|p1a: Jirachi
|-damage|p1a: Jirachi|0 fnt
|-enditem|p1a: Jirachi|Leftovers|[from] move: Knock Off|[of] p2a: Krookodile
|faint|p1a: Jirachi
|
|-heal|p2a: Krookodile|164\/394|[from] item: Leftovers
|
|switch|p1a: Feraligatr|Feraligatr, M|344\/344
|turn|14
|
|move|p1a: Feraligatr|Swords Dance|p1a: Feraligatr
|-boost|p1a: Feraligatr|atk|2
|move|p2a: Krookodile|Knock Off|p1a: Feraligatr
|-damage|p1a: Feraligatr|175\/344
|-enditem|p1a: Feraligatr|Splash Plate|[from] move: Knock Off|[of] p2a: Krookodile
|
|-heal|p2a: Krookodile|188\/394|[from] item: Leftovers
|turn|15
|
|move|p1a: Feraligatr|Aqua Jet|p2a: Krookodile
|-supereffective|p2a: Krookodile
|-damage|p2a: Krookodile|0 fnt
|faint|p2a: Krookodile
|
|
|switch|p2a: Snorlax|Snorlax, M|523\/523
|-damage|p2a: Snorlax|458\/523|[from] Stealth Rock
|turn|16
|
|move|p1a: Feraligatr|Waterfall|p2a: Snorlax
|-damage|p2a: Snorlax|62\/523
|cant|p2a: Snorlax|flinch
|
|-heal|p2a: Snorlax|94\/523|[from] item: Leftovers
|turn|17
|c| Super Mario Kek|k
|c| Super Mario Kek|e
|c| Super Mario Kek|k
|c| Super Mario Kek|where is the bat
|c|âasdlkf|lol
|c|âDonphantastic|no
|c|âasdlkf|sorry
|c|âDonphantastic|self destruct
|c|âasdlkf|here
|c|âDonphantastic|:[
|
|move|p1a: Feraligatr|Swords Dance|p1a: Feraligatr
|-boost|p1a: Feraligatr|atk|2
|move|p2a: Snorlax|Body Slam|p1a: Feraligatr
|-damage|p1a: Feraligatr|69\/344
|-status|p1a: Feraligatr|par
|
|-heal|p2a: Snorlax|126\/523|[from] item: Leftovers
|turn|18
|c|âasdlkf|freebie
|
|move|p1a: Feraligatr|Aqua Jet|p2a: Snorlax
|-damage|p2a: Snorlax|0 fnt
|faint|p2a: Snorlax
|
|c|âasdlkf|no para
|
|switch|p2a: Delphox|Delphox, F|219\/291
|-damage|p2a: Delphox|147\/291|[from] Stealth Rock
|turn|19
|c|âDonphantastic|hoping
|c|âDonphantastic|for
|c|âDonphantastic|para
|c|âDonphantastic|y\/y
|
|move|p1a: Feraligatr|Aqua Jet|p2a: Delphox
|-supereffective|p2a: Delphox
|-damage|p2a: Delphox|0 fnt
|faint|p2a: Delphox
|
|
|switch|p2a: Crobat|Crobat, F|348\/373
|-damage|p2a: Crobat|255\/373|[from] Stealth Rock
|turn|20
|
|move|p1a: Feraligatr|Aqua Jet|p2a: Crobat
|-damage|p2a: Crobat|0 fnt
|faint|p2a: Crobat
|
|win|asdlkf
|raw|Ladder updating...
|c|âasdlkf|gg
|c| Super Mario Kek|bat can take the hit...
|raw|asdlkf's rating: 1611 &rarr; <strong>1626<\/strong><br \/>(+15 for winning)
|raw|Donphantastic's rating: 1523 &rarr; <strong>1508<\/strong><br \/>(-15 for losing)
|c| Super Mario Kek|lol nvm
|c|âDonphantastic|gg
|c| Super Mario Kek|kkek
|c| Super Mario Kek|MASTER
|leave|Donphantastic
|player|p2