|join|team of legends
|join|Donphantastic
|player|p1|team of legends|23
|player|p2|Donphantastic|1
|gametype|singles
|gen|6
|tier|UU
|rule|Sleep Clause Mod: Limit one foe put to sleep
|rule|Species Clause: Limit one of each PokÃ©mon
|rule|OHKO Clause: OHKO moves are banned
|rule|Moody Clause: Moody is banned
|rule|Evasion Moves Clause: Evasion moves are banned
|rule|Endless Battle Clause: Forcing endless battles is banned
|rule|HP Percentage Mod: HP is shown in percentages
|clearpoke
|poke|p1|Scyther, F, shiny
|poke|p1|Arcanine, M
|poke|p1|Dugtrio, M, shiny
|poke|p1|Hitmonchan, M
|poke|p1|Lanturn, F
|poke|p1|Poliwhirl, M, shiny
|poke|p2|Reuniclus, F
|poke|p2|Camerupt, M
|poke|p2|Porygon2
|poke|p2|Machamp, F
|poke|p2|Aromatisse, M
|poke|p2|Escavalier, M
|rule|Swagger Clause: Swagger is banned
|rule|Baton Pass Clause: Limit one PokÃ©mon knowing Baton Pass
|teampreview
|c|âteam of legends|good luck sir
|c|âDonphantastic|u2 fren
|c|âDonphantastic|hm
|
|start
|switch|p1a: Scyther|Scyther, F, shiny|281\/281
|switch|p2a: Aromatisse|Aromatisse, M|405\/405
|turn|1
|
|move|p1a: Scyther|Swords Dance|p1a: Scyther
|-boost|p1a: Scyther|atk|2
|move|p2a: Aromatisse|Trick Room|p2a: Aromatisse
|-fieldstart|move: Trick Room|[of] p2a: Aromatisse
|
|turn|2
|
|move|p2a: Aromatisse|Moonblast|p1a: Scyther
|-damage|p1a: Scyther|188\/281
|move|p1a: Scyther|Aerial Ace|p2a: Aromatisse
|-damage|p2a: Aromatisse|155\/405
|
|-heal|p2a: Aromatisse|180\/405|[from] item: Leftovers
|turn|3
|
|switch|p2a: Escavalier|Escavalier, M|344\/344
|move|p1a: Scyther|Roost|p1a: Scyther
|-heal|p1a: Scyther|281\/281
|
|turn|4
|
|switch|p1a: Arcanine|Arcanine, M|384\/384
|-ability|p1a: Arcanine|Intimidate|[of] p2a: Escavalier
|-unboost|p2a: Escavalier|atk|1
|move|p2a: Escavalier|Knock Off|p1a: Arcanine
|-damage|p1a: Arcanine|272\/384
|-enditem|p1a: Arcanine|Assault Vest|[from] move: Knock Off|[of] p2a: Escavalier
|
|turn|5
|
|switch|p2a: Porygon2|Porygon2|373\/373
|-ability|p2a: Porygon2|Intimidate|[from] ability: Trace|[of] p1a: Arcanine
|-ability|p2a: Porygon2|Intimidate|[of] p1a: Arcanine
|-unboost|p1a: Arcanine|atk|1
|move|p1a: Arcanine|Flare Blitz|p2a: Porygon2
|-damage|p2a: Porygon2|273\/373
|-damage|p1a: Arcanine|239\/384|[from] recoil|[of] p2a: Porygon2
|
|-fieldend|move: Trick Room
|turn|6
|
|switch|p1a: Hitmonchan|Hitmonchan, M|304\/304
|move|p2a: Porygon2|Trick Room|p2a: Porygon2
|-fieldstart|move: Trick Room|[of] p2a: Porygon2
|
|turn|7
|
|switch|p2a: Reuniclus|Reuniclus, F|423\/423
|move|p1a: Hitmonchan|Ice Punch|p2a: Reuniclus
|-damage|p2a: Reuniclus|258\/423
|-damage|p1a: Hitmonchan|274\/304|[from] item: Life Orb
|
|-heal|p2a: Reuniclus|284\/423|[from] item: Leftovers
|turn|8
|
|switch|p1a: Lanturn|Lanturn, F|454\/454
|move|p2a: Reuniclus|Psychic|p1a: Lanturn
|-damage|p1a: Lanturn|265\/454
|
|-heal|p2a: Reuniclus|310\/423|[from] item: Leftovers
|-heal|p1a: Lanturn|293\/454|[from] item: Leftovers
|turn|9
|
|move|p2a: Reuniclus|Psychic|p1a: Lanturn
|-damage|p1a: Lanturn|94\/454
|move|p1a: Lanturn|Scald|p2a: Reuniclus
|-damage|p2a: Reuniclus|219\/423
|-status|p2a: Reuniclus|brn
|
|-heal|p2a: Reuniclus|245\/423 brn|[from] item: Leftovers
|-heal|p1a: Lanturn|122\/454|[from] item: Leftovers
|turn|10
|
|move|p1a: Lanturn|Protect|p1a: Lanturn
|-singleturn|p1a: Lanturn|Protect
|move|p2a: Reuniclus|Recover|p2a: Reuniclus
|-heal|p2a: Reuniclus|423\/423 brn
|
|-heal|p1a: Lanturn|150\/454|[from] item: Leftovers
|-fieldend|move: Trick Room
|turn|11
|
|switch|p1a: Arcanine|Arcanine, M|239\/384
|-ability|p1a: Arcanine|Intimidate|[of] p2a: Reuniclus
|-unboost|p2a: Reuniclus|atk|1
|move|p2a: Reuniclus|Trick Room|p2a: Reuniclus
|-fieldstart|move: Trick Room|[of] p2a: Reuniclus
|
|turn|12
|
|move|p2a: Reuniclus|Psychic|p1a: Arcanine
|-crit|p1a: Arcanine
|-damage|p1a: Arcanine|0 fnt
|faint|p1a: Arcanine
|
|
|switch|p1a: Scyther|Scyther, F, shiny|281\/281
|turn|13
|join|BurstStream
|
|move|p2a: Reuniclus|Psychic|p1a: Scyther
|-damage|p1a: Scyther|142\/281
|move|p1a: Scyther|X-Scissor|p2a: Reuniclus
|-supereffective|p2a: Reuniclus
|-damage|p2a: Reuniclus|103\/423 brn
|
|-heal|p2a: Reuniclus|129\/423 brn|[from] item: Leftovers
|turn|14
|
|move|p2a: Reuniclus|Psychic|p1a: Scyther
|-damage|p1a: Scyther|3\/281
|move|p1a: Scyther|Aerial Ace|p2a: Reuniclus
|-damage|p2a: Reuniclus|0 fnt
|faint|p2a: Reuniclus
|
|
|switch|p2a: Porygon2|Porygon2|273\/373
|-ability|p2a: Porygon2|Technician|[from] ability: Trace|[of] p1a: Scyther
|turn|15
|
|move|p2a: Porygon2|Tri Attack|p1a: Scyther
|-damage|p1a: Scyther|0 fnt
|faint|p1a: Scyther
|
|-fieldend|move: Trick Room
|
|switch|p1a: Dugtrio|Dugtrio, M, shiny|212\/212
|turn|16
|
|move|p1a: Dugtrio|Earthquake|p2a: Porygon2
|-damage|p2a: Porygon2|137\/373
|move|p2a: Porygon2|Trick Room|p2a: Porygon2
|-fieldstart|move: Trick Room|[of] p2a: Porygon2
|
|turn|17
|
|move|p2a: Porygon2|Tri Attack|p1a: Dugtrio
|-damage|p1a: Dugtrio|88\/212
|move|p1a: Dugtrio|Earthquake|p2a: Porygon2
|-damage|p2a: Porygon2|1\/373
|
|turn|18
|
|move|p2a: Porygon2|Recover|p2a: Porygon2
|-heal|p2a: Porygon2|188\/373
|move|p1a: Dugtrio|Earthquake|p2a: Porygon2
|-damage|p2a: Porygon2|55\/373
|
|turn|19
|
|move|p2a: Porygon2|Tri Attack|p1a: Dugtrio
|-damage|p1a: Dugtrio|0 fnt
|faint|p1a: Dugtrio
|
|
|switch|p1a: Hitmonchan|Hitmonchan, M|274\/304
|turn|20
|join|GetTheQuambo
|join|Eren Swaeger
|c| GetTheQuambo|Hey Eren :D
|c| Eren Swaeger|Mach punch?
|c| GetTheQuambo|Falcon*
|c| Eren Swaeger|Hey Quambo
|
|move|p1a: Hitmonchan|Mach Punch|p2a: Porygon2
|-supereffective|p2a: Porygon2
|-damage|p2a: Porygon2|0 fnt
|-damage|p1a: Hitmonchan|244\/304|[from] item: Life Orb
|faint|p2a: Porygon2
|
|-fieldend|move: Trick Room
|c| Eren Swaeger|lol
|
|switch|p2a: Camerupt|Camerupt, M|344\/344
|turn|21
|
|detailschange|p2a: Camerupt|Camerupt-Mega, M
|message|Camerupt has Mega Evolved into Mega Camerupt!
|move|p1a: Hitmonchan|Drain Punch|p2a: Camerupt
|-damage|p2a: Camerupt|130\/344
|-heal|p1a: Hitmonchan|304\/304|[from] drain|[of] p2a: Camerupt
|-damage|p1a: Hitmonchan|274\/304|[from] item: Life Orb
|move|p2a: Camerupt|Earth Power|p1a: Hitmonchan
|-damage|p1a: Hitmonchan|61\/304
|
|turn|22
|c| BurstStream|not even
|c|âteam of legends|yum
|c| BurstStream|AV
|c| BurstStream|dudes real
|c| GetTheQuambo|panicing is the number one way to not win.
|c| Eren Swaeger|ye
|c| BurstStream|also Don`t know why he didn`t simply
|c| BurstStream|go for a FB
|
|switch|p2a: Aromatisse|Aromatisse, M|180\/405
|move|p1a: Hitmonchan|Drain Punch|p2a: Aromatisse
|-resisted|p2a: Aromatisse
|-damage|p2a: Aromatisse|101\/405
|-heal|p1a: Hitmonchan|101\/304|[from] drain|[of] p2a: Aromatisse
|-damage|p1a: Hitmonchan|71\/304|[from] item: Life Orb
|
|-heal|p2a: Aromatisse|126\/405|[from] item: Leftovers
|turn|23
|c| BurstStream|would prolly still tend
|c| BurstStream|his switch ins
|
|move|p2a: Aromatisse|Protect|p2a: Aromatisse
|-singleturn|p2a: Aromatisse|Protect
|move|p1a: Hitmonchan|Ice Punch|p2a: Aromatisse
|-activate|p2a: Aromatisse|Protect
|
|-heal|p2a: Aromatisse|151\/405|[from] item: Leftovers
|turn|24
|c| Eren Swaeger|This match
|c| Eren Swaeger|Is still p even
|c| Eren Swaeger|o
|
|move|p1a: Hitmonchan|Ice Punch|p2a: Aromatisse
|-damage|p2a: Aromatisse|34\/405
|-damage|p1a: Hitmonchan|41\/304|[from] item: Life Orb
|move|p2a: Aromatisse|Wish|p2a: Aromatisse
|
|-heal|p2a: Aromatisse|59\/405|[from] item: Leftovers
|turn|25
|c| Eren Swaeger|No poison jab ;-;
|
|switch|p1a: Lanturn|Lanturn, F|150\/454
|move|p2a: Aromatisse|Protect|p2a: Aromatisse
|-fail|p2a: Aromatisse
|
|-heal|p2a: Aromatisse|261\/405|[from] move: Wish|[wisher] Aromatisse
|-heal|p1a: Lanturn|178\/454|[from] item: Leftovers
|-heal|p2a: Aromatisse|286\/405|[from] item: Leftovers
|turn|26
|c| Eren Swaeger|nvm
|
|switch|p2a: Machamp|Machamp, F|384\/384
|move|p1a: Lanturn|Scald|p2a: Machamp
|-crit|p2a: Machamp
|-damage|p2a: Machamp|251\/384
|
|-heal|p1a: Lanturn|206\/454|[from] item: Leftovers
|turn|27
|c| Eren Swaeger|Hitmonchan can't learn poison jab
|
|switch|p1a: Poliwhirl|Poliwhirl, M, shiny|334\/334
|move|p2a: Machamp|Close Combat|p1a: Poliwhirl
|-damage|p1a: Poliwhirl|129\/334
|-unboost|p2a: Machamp|def|1
|-unboost|p2a: Machamp|spd|1
|
|turn|28
|c|âDonphantastic|ufknwotm8
|
|switch|p2a: Aromatisse|Aromatisse, M|286\/405
|move|p1a: Poliwhirl|Waterfall|p2a: Aromatisse
|-damage|p2a: Aromatisse|228\/405
|
|-heal|p2a: Aromatisse|253\/405|[from] item: Leftovers
|turn|29
|
|move|p1a: Poliwhirl|Toxic|p2a: Aromatisse
|-status|p2a: Aromatisse|tox
|move|p2a: Aromatisse|Trick Room|p2a: Aromatisse
|-fieldstart|move: Trick Room|[of] p2a: Aromatisse
|
|-heal|p2a: Aromatisse|278\/405 tox|[from] item: Leftovers
|-damage|p2a: Aromatisse|253\/405 tox|[from] psn
|turn|30
|
|switch|p2a: Machamp|Machamp, F|251\/384
|move|p1a: Poliwhirl|Waterfall|p2a: Machamp
|-damage|p2a: Machamp|175\/384
|
|turn|31
|
|move|p2a: Machamp|Close Combat|p1a: Poliwhirl
|-damage|p1a: Poliwhirl|0 fnt
|-unboost|p2a: Machamp|def|1
|-unboost|p2a: Machamp|spd|1
|faint|p1a: Poliwhirl
|
|
|switch|p1a: Hitmonchan|Hitmonchan, M|41\/304
|turn|32
|c| Eren Swaeger|lmao
|c| Eren Swaeger|Poliwhirl
|
|move|p1a: Hitmonchan|Mach Punch|p2a: Machamp
|-damage|p2a: Machamp|0 fnt
|-damage|p1a: Hitmonchan|11\/304|[from] item: Life Orb
|faint|p2a: Machamp
|
|join|Frickett
|c|âteam of legends|:)
|
|switch|p2a: Escavalier|Escavalier, M|344\/344
|turn|33
|c| Eren Swaeger|o
|c| Eren Swaeger|Trick room is set up again
|c| Eren Swaeger|It's over
|
|switch|p1a: Lanturn|Lanturn, F|206\/454
|move|p2a: Escavalier|Drill Run|p1a: Lanturn
|-supereffective|p1a: Lanturn
|-damage|p1a: Lanturn|0 fnt
|faint|p1a: Lanturn
|
|-fieldend|move: Trick Room
|
|switch|p1a: Hitmonchan|Hitmonchan, M|11\/304
|turn|34
|
|switch|p2a: Aromatisse|Aromatisse, M|253\/405 tox
|move|p1a: Hitmonchan|Drain Punch|p2a: Aromatisse
|-resisted|p2a: Aromatisse
|-damage|p2a: Aromatisse|167\/405 tox
|-heal|p1a: Hitmonchan|54\/304|[from] drain|[of] p2a: Aromatisse
|-damage|p1a: Hitmonchan|24\/304|[from] item: Life Orb
|
|-heal|p2a: Aromatisse|192\/405 tox|[from] item: Leftovers
|-damage|p2a: Aromatisse|167\/405 tox|[from] psn
|turn|35
|
|move|p1a: Hitmonchan|Drain Punch|p2a: Aromatisse
|-resisted|p2a: Aromatisse
|-damage|p2a: Aromatisse|85\/405 tox
|-heal|p1a: Hitmonchan|65\/304|[from] drain|[of] p2a: Aromatisse
|-damage|p1a: Hitmonchan|35\/304|[from] item: Life Orb
|move|p2a: Aromatisse|Moonblast|p1a: Hitmonchan
|-supereffective|p1a: Hitmonchan
|-damage|p1a: Hitmonchan|0 fnt
|faint|p1a: Hitmonchan
|
|win|Donphantastic
|c|âteam of legends|gg
|c|âDonphantastic|gee gee
|leave|GetTheQuambo
|leave|team of legends
|player|p1
|leave|Donphantastic
|player|p2
|leave|Frickett