|join|Donphantastic
|join|Bob the Bro
|player|p1|Donphantastic|102
|player|p2|Bob the Bro|23
|gametype|singles
|gen|6
|tier|UU
|rule|Sleep Clause Mod: Limit one foe put to sleep
|rule|Species Clause: Limit one of each PokÃ©mon
|rule|OHKO Clause: OHKO moves are banned
|rule|Moody Clause: Moody is banned
|rule|Evasion Moves Clause: Evasion moves are banned
|rule|Endless Battle Clause: Forcing endless battles is banned
|rule|HP Percentage Mod: HP is shown in percentages
|clearpoke
|poke|p1|Misdreavus, F
|poke|p1|Machamp, F
|poke|p1|Dragalge, M
|poke|p1|Reuniclus, F
|poke|p1|Empoleon, F
|poke|p1|Noivern, M
|poke|p2|Lopunny, M
|poke|p2|Mienshao, M
|poke|p2|Raikou
|poke|p2|Roserade, M
|poke|p2|Forretress, M
|poke|p2|Vaporeon, M
|rule|Swagger Clause: Swagger is banned
|rule|Baton Pass Clause: Limit one PokÃ©mon knowing Baton Pass
|teampreview
|join|who is dadsdad
|c|âDonphantastic|o
|join|LessThanThreeMan
|c|âBob the Bro|who is dadsdad
|c| who is dadsdad|wooo!
|c| who is dadsdad|tobi!!!
|c| who is dadsdad|goooo tobi!!!!!!
|c|âDonphantastic|you didnt bring stalll af
|join|DoneWithFinals
|c|âBob the Bro|coz im a merciful god
|c| who is dadsdad|lol he ct'd
|c|âDonphantastic|but I brought a team of anti stall :p
|c| who is dadsdad|with reuniclus
|c|âDonphantastic|actually
|c|âDonphantastic|entire team
|c|âDonphantastic|is anti stall
|c| who is dadsdad|lmfao
|c| who is dadsdad|ur so shit
|c|âDonphantastic|im shit af
|c|âDonphantastic|:]
|join|DYEL BREH
|
|start
|switch|p1a: Dragalge|Dragalge, M|301\/301
|switch|p2a: Mienshao|Mienshao, M|271\/271
|turn|1
|c|âBob the Bro|make a move nerd
|c|âBob the Bro|or i dq
|c|âDonphantastic|the move
|c|âDonphantastic|has been made
|c| LessThanThreeMan|strong abuse bob
|c|âDonphantastic|r00d
|
|move|p2a: Mienshao|U-turn|p1a: Dragalge
|-resisted|p1a: Dragalge
|-damage|p1a: Dragalge|260\/301
|c| LessThanThreeMan|:^
|c|âBob the Bro|how well does forry eat this draco???
|c|âDonphantastic|not
|c|âDonphantastic|very
|c|âDonphantastic|well
|c|âBob the Bro|oh rip
|join|Cyndequil
|
|switch|p2a: Forretress|Forretress, M|354\/354
|move|p1a: Dragalge|Draco Meteor|p2a: Forretress
|-resisted|p2a: Forretress
|-damage|p2a: Forretress|58\/354
|-unboost|p1a: Dragalge|spa|2
|
|-heal|p2a: Forretress|80\/354|[from] item: Leftovers
|turn|2
|c| LessThanThreeMan|50%
|c| LessThanThreeMan|o shit
|c|âBob the Bro|fkn
|c| LessThanThreeMan|nevermind
|c|âBob the Bro|shit
|c|âDonphantastic|no blissey= no switch ins
|c|âDonphantastic|tbh
|
|move|p1a: Dragalge|Draco Meteor|p2a: Forretress|[miss]
|-miss|p1a: Dragalge|p2a: Forretress
|move|p2a: Forretress|Volt Switch|p1a: Dragalge
|-resisted|p1a: Dragalge
|-damage|p1a: Dragalge|245\/301
|c|âBob the Bro|ez
|c| LessThanThreeMan|kek
|
|switch|p2a: Lopunny|Lopunny, M|271\/271
|
|turn|3
|c| LessThanThreeMan|and forry remains fodder for another day
|c| LessThanThreeMan|:]
|
|switch|p1a: Reuniclus|Reuniclus, F|424\/424
|detailschange|p2a: Lopunny|Lopunny-Mega, M
|message|Lopunny has Mega Evolved into Mega Lopunny!
|move|p2a: Lopunny|Return|p1a: Reuniclus
|-damage|p1a: Reuniclus|255\/424
|
|-heal|p1a: Reuniclus|281\/424|[from] item: Leftovers
|turn|4
|c|âBob the Bro|fk that did nothing
|
|switch|p2a: Forretress|Forretress, M|80\/354
|move|p1a: Reuniclus|Recover|p1a: Reuniclus
|-heal|p1a: Reuniclus|424\/424
|
|-heal|p2a: Forretress|102\/354|[from] item: Leftovers
|turn|5
|c|âDonphantastic|I was so ready with the anti bob c team
|c|âDonphantastic|:p
|c|âDonphantastic|*:[
|
|move|p1a: Reuniclus|Calm Mind|p1a: Reuniclus
|-boost|p1a: Reuniclus|spa|1
|-boost|p1a: Reuniclus|spd|1
|move|p2a: Forretress|Volt Switch|p1a: Reuniclus
|-crit|p1a: Reuniclus
|-damage|p1a: Reuniclus|359\/424
|c| LessThanThreeMan|toxic here imo
|c|âDonphantastic|ez critz
|
|switch|p2a: Lopunny|Lopunny-Mega, M|271\/271
|
|-heal|p1a: Reuniclus|385\/424|[from] item: Leftovers
|turn|6
|
|move|p2a: Lopunny|Encore|p1a: Reuniclus
|-start|p1a: Reuniclus|Encore
|move|p1a: Reuniclus|Calm Mind|p1a: Reuniclus
|-boost|p1a: Reuniclus|spa|1
|-boost|p1a: Reuniclus|spd|1
|
|-heal|p1a: Reuniclus|411\/424|[from] item: Leftovers
|turn|7
|c|âBob the Bro|ez
|join|RowDog
|
|switch|p1a: Empoleon|Empoleon, F|372\/372
|move|p2a: Lopunny|Return|p1a: Empoleon
|-crit|p1a: Empoleon
|-resisted|p1a: Empoleon
|-damage|p1a: Empoleon|261\/372
|
|-heal|p1a: Empoleon|284\/372|[from] item: Leftovers
|turn|8
|c|âDonphantastic|so ez
|c| Cyndequil|sending in counters now
|
|move|p2a: Lopunny|Drain Punch|p1a: Empoleon
|-supereffective|p1a: Empoleon
|-damage|p1a: Empoleon|80\/372
|move|p1a: Empoleon|Stealth Rock|p2a: Lopunny
|-sidestart|p2: Bob the Bro|move: Stealth Rock
|
|-heal|p1a: Empoleon|103\/372|[from] item: Leftovers
|turn|9
|c| LessThanThreeMan|that was free sub though
|c| LessThanThreeMan|:[
|
|move|p2a: Lopunny|Drain Punch|p1a: Empoleon
|-supereffective|p1a: Empoleon
|-damage|p1a: Empoleon|0 fnt
|faint|p1a: Empoleon
|
|
|switch|p1a: Reuniclus|Reuniclus, F|411\/424
|turn|10
|
|switch|p2a: Raikou|Raikou|321\/321
|-damage|p2a: Raikou|281\/321|[from] Stealth Rock
|-ability|p2a: Raikou|Pressure
|move|p1a: Reuniclus|Calm Mind|p1a: Reuniclus
|-boost|p1a: Reuniclus|spa|1
|-boost|p1a: Reuniclus|spd|1
|
|-heal|p1a: Reuniclus|424\/424|[from] item: Leftovers
|turn|11
|c| RowDog|wait, wth?
|c| RowDog|Misdreavus?
|c|âDonphantastic|this team
|c|âDonphantastic|is severely anti stall
|join|VividLatias
|c|âDonphantastic|aka trapbond missy
|leave|VividLatias
|
|move|p2a: Raikou|Volt Switch|p1a: Reuniclus
|-damage|p1a: Reuniclus|283\/424
|
|switch|p2a: Forretress|Forretress, M|102\/354
|-damage|p2a: Forretress|58\/354|[from] Stealth Rock
|move|p1a: Reuniclus|Psyshock|p2a: Forretress
|-crit|p2a: Forretress
|-resisted|p2a: Forretress
|-damage|p2a: Forretress|0 fnt
|faint|p2a: Forretress
|
|-heal|p1a: Reuniclus|309\/424|[from] item: Leftovers
|
|switch|p2a: Mienshao|Mienshao, M|271\/271
|-damage|p2a: Mienshao|255\/271|[from] Stealth Rock
|turn|12
|
|move|p2a: Mienshao|Knock Off|p1a: Reuniclus
|-supereffective|p1a: Reuniclus
|-damage|p1a: Reuniclus|107\/424
|-enditem|p1a: Reuniclus|Leftovers|[from] move: Knock Off|[of] p2a: Mienshao
|move|p1a: Reuniclus|Recover|p1a: Reuniclus
|-heal|p1a: Reuniclus|319\/424
|
|turn|13
|
|move|p2a: Mienshao|Knock Off|p1a: Reuniclus
|-supereffective|p1a: Reuniclus
|-damage|p1a: Reuniclus|195\/424
|move|p1a: Reuniclus|Psyshock|p2a: Mienshao
|-supereffective|p2a: Mienshao
|-damage|p2a: Mienshao|0 fnt
|faint|p2a: Mienshao
|
|
|switch|p2a: Roserade|Roserade, M|261\/261
|-damage|p2a: Roserade|229\/261|[from] Stealth Rock
|turn|14
|
|move|p2a: Roserade|Sleep Powder|p1a: Reuniclus|[miss]
|-miss|p2a: Roserade|p1a: Reuniclus
|move|p1a: Reuniclus|Recover|p1a: Reuniclus
|-heal|p1a: Reuniclus|407\/424
|
|-heal|p2a: Roserade|245\/261|[from] item: Black Sludge
|turn|15
|c| LessThanThreeMan|I like how bob didn't bring stall
|c|âBob the Bro|rip
|c| Cyndequil|skilful dodge
|c| LessThanThreeMan|and this still has a hella good match up against him
|c|âDonphantastic|tbh he expected the c team
|
|switch|p1a: Dragalge|Dragalge, M|245\/301
|move|p2a: Roserade|Sleep Powder|p1a: Dragalge|[miss]
|-miss|p2a: Roserade|p1a: Dragalge
|
|-heal|p2a: Roserade|261\/261|[from] item: Black Sludge
|turn|16
|c|âDonphantastic|rip
|c| Cyndequil|q.q
|leave|DYEL BREH
|
|move|p2a: Roserade|Sleep Powder|p1a: Dragalge
|-status|p1a: Dragalge|slp
|cant|p1a: Dragalge|slp
|
|turn|17
|join|megaseptile99
|
|switch|p2a: Raikou|Raikou|281\/321
|-damage|p2a: Raikou|241\/321|[from] Stealth Rock
|-ability|p2a: Raikou|Pressure
|cant|p1a: Dragalge|slp
|move|p1a: Dragalge|Sleep Talk|p1a: Dragalge
|move|p1a: Dragalge|Draco Meteor|p2a: Raikou|[from]Sleep Talk
|-crit|p2a: Raikou
|-damage|p2a: Raikou|0 fnt
|-unboost|p1a: Dragalge|spa|2
|faint|p2a: Raikou
|
|c|âBob the Bro|oh
|c| LessThanThreeMan|oh bop
|
|switch|p2a: Lopunny|Lopunny-Mega, M|271\/271
|-damage|p2a: Lopunny|255\/271|[from] Stealth Rock
|turn|18
|c| LessThanThreeMan|roserade counter is here
|
|switch|p1a: Noivern|Noivern, M|374\/374
|move|p2a: Lopunny|Substitute|p2a: Lopunny
|-start|p2a: Lopunny|Substitute
|-damage|p2a: Lopunny|188\/271
|
|turn|19
|c|âBob the Bro|can i get a crit here
|c| LessThanThreeMan|y
|
|move|p2a: Lopunny|Return|p1a: Noivern
|-damage|p1a: Noivern|143\/374
|move|p1a: Noivern|Toxic|p2a: Lopunny
|-status|p2a: Lopunny|tox
|
|-heal|p1a: Noivern|166\/374|[from] item: Leftovers
|-damage|p2a: Lopunny|172\/271 tox|[from] psn
|turn|20
|c|âBob the Bro|wut
|c|âDonphantastic|taunt
|c|âDonphantastic|toxic
|c|âDonphantastic|vern
|c|âBob the Bro|strong
|c|âDonphantastic|bc fuck stall to the hardest possible degree
|c| LessThanThreeMan|don't they run air slash though?
|
|switch|p2a: Roserade|Roserade, M|261\/261
|-damage|p2a: Roserade|229\/261|[from] Stealth Rock
|move|p1a: Noivern|Roost|p1a: Noivern
|-heal|p1a: Noivern|353\/374
|
|-heal|p1a: Noivern|374\/374|[from] item: Leftovers
|-heal|p2a: Roserade|245\/261|[from] item: Black Sludge
|turn|21
|c|âDonphantastic|no need
|
|move|p1a: Noivern|Taunt|p2a: Roserade
|-start|p2a: Roserade|move: Taunt
|move|p2a: Roserade|Sludge Bomb|p1a: Noivern
|-damage|p1a: Noivern|193\/374
|
|-heal|p1a: Noivern|216\/374|[from] item: Leftovers
|-heal|p2a: Roserade|261\/261|[from] item: Black Sludge
|turn|22
|c| LessThanThreeMan|or is it like superfang or something
|
|switch|p1a: Dragalge|Dragalge, M|245\/301 slp
|move|p2a: Roserade|Sludge Bomb|p1a: Dragalge
|-resisted|p1a: Dragalge
|-damage|p1a: Dragalge|179\/301 slp
|
|turn|23
|c|âDonphantastic|it is superfang
|
|switch|p2a: Vaporeon|Vaporeon, M|464\/464
|-damage|p2a: Vaporeon|406\/464|[from] Stealth Rock
|cant|p1a: Dragalge|slp
|move|p1a: Dragalge|Sleep Talk|p1a: Dragalge
|move|p1a: Dragalge|Focus Blast|p2a: Vaporeon|[from]Sleep Talk
|-damage|p2a: Vaporeon|220\/464
|
|-heal|p2a: Vaporeon|249\/464|[from] item: Leftovers
|turn|24
|
|switch|p1a: Machamp|Machamp, F|384\/384
|move|p2a: Vaporeon|Heal Bell|p2a: Vaporeon
|-cureteam|p2a: Vaporeon|[from] move: HealBell
|
|-heal|p2a: Vaporeon|278\/464|[from] item: Leftovers
|turn|25
|c| LessThanThreeMan|but air slash makes it
|c| LessThanThreeMan|a poor man's sub toxic rachi :^
|
|move|p2a: Vaporeon|Wish|p2a: Vaporeon
|move|p1a: Machamp|Bulk Up|p1a: Machamp
|-boost|p1a: Machamp|atk|1
|-boost|p1a: Machamp|def|1
|
|-heal|p2a: Vaporeon|307\/464|[from] item: Leftovers
|turn|26
|c|âBob the Bro|wut
|
|move|p2a: Vaporeon|Scald|p1a: Machamp
|-damage|p1a: Machamp|294\/384
|-status|p1a: Machamp|brn
|move|p1a: Machamp|Low Kick|p2a: Vaporeon
|-damage|p2a: Vaporeon|94\/464
|
|-heal|p2a: Vaporeon|326\/464|[from] move: Wish|[wisher] Vaporeon
|-heal|p2a: Vaporeon|355\/464|[from] item: Leftovers
|-heal|p1a: Machamp|318\/384 brn|[from] item: Leftovers
|-damage|p1a: Machamp|270\/384 brn|[from] brn
|turn|27
|c| LessThanThreeMan|scan bald
|
|move|p2a: Vaporeon|Wish|p2a: Vaporeon
|move|p1a: Machamp|Rest|p1a: Machamp
|-status|p1a: Machamp|slp
|-heal|p1a: Machamp|384\/384 slp|[silent]
|-status|p1a: Machamp|slp|[from] move: Rest
|
|-heal|p2a: Vaporeon|384\/464|[from] item: Leftovers
|turn|28
|c|âBob the Bro|nigga can you not
|
|switch|p2a: Roserade|Roserade, M|261\/261
|-damage|p2a: Roserade|229\/261|[from] Stealth Rock
|cant|p1a: Machamp|slp
|move|p1a: Machamp|Sleep Talk|p1a: Machamp
|move|p1a: Machamp|Low Kick|p2a: Roserade|[from]Sleep Talk
|-resisted|p2a: Roserade
|-damage|p2a: Roserade|139\/261
|
|-heal|p2a: Roserade|261\/261|[from] move: Wish|[wisher] Vaporeon
|turn|29
|c|âDonphantastic|rofl
|
|switch|p1a: Dragalge|Dragalge, M|179\/301 slp
|move|p2a: Roserade|Spikes|p1a: Dragalge
|-sidestart|p1: Donphantastic|Spikes
|
|turn|30
|
|move|p2a: Roserade|Sludge Bomb|p1a: Dragalge
|-resisted|p1a: Dragalge
|-damage|p1a: Dragalge|119\/301 slp
|-curestatus|p1a: Dragalge|slp
|move|p1a: Dragalge|Draco Meteor|p2a: Roserade
|-damage|p2a: Roserade|0 fnt
|-unboost|p1a: Dragalge|spa|2
|faint|p2a: Roserade
|
|
|switch|p2a: Lopunny|Lopunny-Mega, M|172\/271
|-damage|p2a: Lopunny|156\/271|[from] Stealth Rock
|turn|31
|
|move|p2a: Lopunny|Return|p1a: Dragalge
|-damage|p1a: Dragalge|0 fnt
|faint|p1a: Dragalge
|
|c| LessThanThreeMan|this cteam is strong af lol
|leave|who is dadsdad
|
|switch|p1a: Reuniclus|Reuniclus, F|407\/424
|turn|32
|leave|megaseptile99
|c|âDonphantastic|didnt even bring stall
|c|âDonphantastic|still effective
|c|âDonphantastic|10\/10 imo
|
|switch|p2a: Vaporeon|Vaporeon, M|384\/464
|-damage|p2a: Vaporeon|326\/464|[from] Stealth Rock
|move|p1a: Reuniclus|Psyshock|p2a: Vaporeon
|-damage|p2a: Vaporeon|202\/464
|
|-heal|p2a: Vaporeon|231\/464|[from] item: Leftovers
|turn|33
|c| LessThanThreeMan|the matchup
|c| LessThanThreeMan|is pretty strong
|leave|DoneWithFinals
|
|switch|p2a: Lopunny|Lopunny-Mega, M|156\/271
|-damage|p2a: Lopunny|140\/271|[from] Stealth Rock
|move|p1a: Reuniclus|Calm Mind|p1a: Reuniclus
|-boost|p1a: Reuniclus|spa|1
|-boost|p1a: Reuniclus|spd|1
|
|turn|34
|
|switch|p1a: Noivern|Noivern, M|216\/374
|move|p2a: Lopunny|Substitute|p2a: Lopunny
|-start|p2a: Lopunny|Substitute
|-damage|p2a: Lopunny|73\/271
|
|-heal|p1a: Noivern|239\/374|[from] item: Leftovers
|turn|35
|join|dodmen
|
|move|p2a: Lopunny|Return|p1a: Noivern
|-damage|p1a: Noivern|16\/374
|move|p1a: Noivern|Toxic|p2a: Lopunny
|-status|p2a: Lopunny|tox
|
|-heal|p1a: Noivern|39\/374|[from] item: Leftovers
|-damage|p2a: Lopunny|57\/271 tox|[from] psn
|turn|36
|c|âBob the Bro|fk
|c| dodmen|toxic
|c| dodmen|what
|c| dodmen|and
|c| dodmen|why
|c|âBob the Bro|ct
|c|âDonphantastic|because
|c|âDonphantastic|ct af
|c| LessThanThreeMan|cteamed stall
|
|switch|p1a: Misdreavus|Misdreavus, F|324\/324
|move|p2a: Lopunny|Drain Punch|p1a: Misdreavus
|-damage|p1a: Misdreavus|180\/324
|-heal|p2a: Lopunny|129\/271 tox|[from] drain|[of] p1a: Misdreavus
|
|-damage|p2a: Lopunny|97\/271 tox|[from] psn
|turn|37
|c| LessThanThreeMan|didn't bring stall
|c| LessThanThreeMan|still effective c team kek
|
|switch|p2a: Vaporeon|Vaporeon, M|231\/464
|-damage|p2a: Vaporeon|173\/464|[from] Stealth Rock
|move|p1a: Misdreavus|Protect|p1a: Misdreavus
|-fail|p1a: Misdreavus
|
|-heal|p2a: Vaporeon|202\/464|[from] item: Leftovers
|turn|38
|
|move|p1a: Misdreavus|Taunt|p2a: Vaporeon
|-start|p2a: Vaporeon|move: Taunt
|cant|p2a: Vaporeon|move: Taunt|Heal Bell
|
|-heal|p2a: Vaporeon|231\/464|[from] item: Leftovers
|turn|39
|
|move|p1a: Misdreavus|Mean Look|p2a: Vaporeon
|-activate|p2a: Vaporeon|trapped
|move|p2a: Vaporeon|Scald|p1a: Misdreavus
|-damage|p1a: Misdreavus|98\/324
|
|-heal|p2a: Vaporeon|260\/464|[from] item: Leftovers
|turn|40
|
|move|p1a: Misdreavus|Perish Song|p1a: Misdreavus
|-fieldactivate|move: Perish Song
|move|p2a: Vaporeon|Scald|p1a: Misdreavus
|-damage|p1a: Misdreavus|13\/324
|
|-start|p1a: Misdreavus|perish3
|-start|p2a: Vaporeon|perish3
|-heal|p2a: Vaporeon|289\/464|[from] item: Leftovers
|-end|p2a: Vaporeon|move: Taunt
|turn|41
|c|âDonphantastic|fuck missy
|c|âDonphantastic|so weak
|c|âBob the Bro|rip
|
|move|p1a: Misdreavus|Protect|p1a: Misdreavus
|-singleturn|p1a: Misdreavus|Protect
|move|p2a: Vaporeon|Scald|p1a: Misdreavus
|-activate|p1a: Misdreavus|Protect
|
|-start|p1a: Misdreavus|perish2
|-start|p2a: Vaporeon|perish2
|-heal|p2a: Vaporeon|318\/464|[from] item: Leftovers
|turn|42
|
|move|p1a: Misdreavus|Taunt|p2a: Vaporeon
|-start|p2a: Vaporeon|move: Taunt
|cant|p2a: Vaporeon|move: Taunt|Heal Bell
|
|-start|p1a: Misdreavus|perish1
|-start|p2a: Vaporeon|perish1
|-heal|p2a: Vaporeon|347\/464|[from] item: Leftovers
|turn|43
|c|âDonphantastic|not
|c|âDonphantastic|even
|c|âDonphantastic|bad
|
|move|p1a: Misdreavus|Protect|p1a: Misdreavus
|-singleturn|p1a: Misdreavus|Protect
|move|p2a: Vaporeon|Scald|p1a: Misdreavus
|-activate|p1a: Misdreavus|Protect
|
|-start|p1a: Misdreavus|perish0
|-start|p2a: Vaporeon|perish0
|faint|p1a: Misdreavus
|faint|p2a: Vaporeon
|
|switch|p2a: Lopunny|Lopunny-Mega, M|97\/271 tox
|switch|p1a: Reuniclus|Reuniclus, F|407\/424
|-damage|p2a: Lopunny|81\/271 tox|[from] Stealth Rock
|turn|44
|c|âBob the Bro|k time to pull thru
|c|âBob the Bro|cm here if real
|c| dodmen|implying
|join|icebox94
|
|move|p2a: Lopunny|Return|p1a: Reuniclus
|-damage|p1a: Reuniclus|245\/424
|move|p1a: Reuniclus|Psyshock|p2a: Lopunny
|-supereffective|p2a: Lopunny
|-damage|p2a: Lopunny|0 fnt
|faint|p2a: Lopunny
|
|win|Donphantastic
|c|âBob the Bro|not real