|join|Donphantastic
|join|zTerribadTastic
|player|p1|Donphantastic|101
|player|p2|zTerribadTastic|217
|gametype|singles
|gen|6
|tier|UU
|rated
|rule|Sleep Clause Mod: Limit one foe put to sleep
|rule|Species Clause: Limit one of each PokÃ©mon
|rule|OHKO Clause: OHKO moves are banned
|rule|Moody Clause: Moody is banned
|rule|Evasion Moves Clause: Evasion moves are banned
|rule|Endless Battle Clause: Forcing endless battles is banned
|rule|HP Percentage Mod: HP is shown in percentages
|clearpoke
|poke|p1|Togekiss, F
|poke|p1|Nidoqueen, F
|poke|p1|Dugtrio, F
|poke|p1|Raikou
|poke|p1|Infernape, M
|poke|p1|Hydreigon, M
|poke|p2|Togekiss, M
|poke|p2|Swampert, M
|poke|p2|Jirachi
|poke|p2|Aerodactyl, F
|poke|p2|Sableye, F
|poke|p2|Roserade, M
|rule|Swagger Clause: Swagger is banned
|rule|Baton Pass Clause: Limit one PokÃ©mon knowing Baton Pass
|teampreview
|
|start
|switch|p1a: Infernape|Infernape, M|293\/293
|switch|p2a: Sableye|Sableye, F|303\/303
|turn|1
|
|switch|p2a: Swampert|Swampert, M|404\/404
|move|p1a: Infernape|Fire Blast|p2a: Swampert
|-resisted|p2a: Swampert
|-damage|p2a: Swampert|284\/404
|-damage|p1a: Infernape|264\/293|[from] item: Life Orb
|
|-heal|p2a: Swampert|309\/404|[from] item: Leftovers
|turn|2
|
|switch|p2a: Aerodactyl|Aerodactyl, F|363\/363
|move|p1a: Infernape|Grass Knot|p2a: Aerodactyl
|-damage|p2a: Aerodactyl|241\/363
|-damage|p1a: Infernape|235\/293|[from] item: Life Orb
|
|turn|3
|
|detailschange|p2a: Aerodactyl|Aerodactyl-Mega, F
|message|Aerodactyl has Mega Evolved into Mega Aerodactyl!
|move|p2a: Aerodactyl|Earthquake|p1a: Infernape
|-supereffective|p1a: Infernape
|-damage|p1a: Infernape|0 fnt
|faint|p1a: Infernape
|
|
|switch|p1a: Hydreigon|Hydreigon, M|325\/325
|turn|4
|
|switch|p2a: Togekiss|Togekiss, M|373\/373
|switch|p1a: Raikou|Raikou|321\/321
|-ability|p1a: Raikou|Pressure
|
|turn|5
|
|switch|p1a: Nidoqueen|Nidoqueen, F|350\/350
|switch|p2a: Roserade|Roserade, M|324\/324
|
|turn|6
|
|move|p1a: Nidoqueen|Ice Beam|p2a: Roserade
|-supereffective|p2a: Roserade
|-damage|p2a: Roserade|43\/324
|move|p2a: Roserade|Leaf Storm|p1a: Nidoqueen
|-damage|p1a: Nidoqueen|3\/350
|-unboost|p2a: Roserade|spa|2
|-damage|p2a: Roserade|11\/324|[from] item: Life Orb
|
|turn|7
|join|EyanTeamTest
|
|move|p1a: Nidoqueen|Earth Power|p2a: Roserade
|-damage|p2a: Roserade|0 fnt
|faint|p2a: Roserade
|
|
|switch|p2a: Jirachi|Jirachi|341\/341
|turn|8
|
|switch|p1a: Raikou|Raikou|321\/321
|-ability|p1a: Raikou|Pressure
|move|p2a: Jirachi|U-turn|p1a: Raikou
|-damage|p1a: Raikou|234\/321
|
|switch|p2a: Sableye|Sableye, F|303\/303
|
|-heal|p1a: Raikou|254\/321|[from] item: Leftovers
|turn|9
|
|move|p2a: Sableye|Will-O-Wisp|p1a: Raikou|[miss]
|-miss|p2a: Sableye|p1a: Raikou
|move|p1a: Raikou|Substitute|p1a: Raikou
|-start|p1a: Raikou|Substitute
|-damage|p1a: Raikou|174\/321
|
|-heal|p1a: Raikou|194\/321|[from] item: Leftovers
|turn|10
|
|move|p2a: Sableye|Taunt|p1a: Raikou
|-start|p1a: Raikou|move: Taunt
|cant|p1a: Raikou|move: Taunt|Calm Mind
|
|-heal|p1a: Raikou|214\/321|[from] item: Leftovers
|turn|11
|
|move|p1a: Raikou|Thunderbolt|p2a: Sableye
|-crit|p2a: Sableye
|-damage|p2a: Sableye|93\/303
|move|p2a: Sableye|Knock Off|p1a: Raikou
|-end|p1a: Raikou|Substitute
|
|-heal|p1a: Raikou|234\/321|[from] item: Leftovers
|-heal|p2a: Sableye|111\/303|[from] item: Leftovers
|turn|12
|
|move|p2a: Sableye|Recover|p2a: Sableye
|-heal|p2a: Sableye|263\/303
|move|p1a: Raikou|Thunderbolt|p2a: Sableye
|-damage|p2a: Sableye|130\/303
|
|-heal|p1a: Raikou|254\/321|[from] item: Leftovers
|-heal|p2a: Sableye|148\/303|[from] item: Leftovers
|-end|p1a: Raikou|move: Taunt
|turn|13
|
|switch|p1a: Nidoqueen|Nidoqueen, F|3\/350
|move|p2a: Sableye|Taunt|p1a: Nidoqueen
|-start|p1a: Nidoqueen|move: Taunt
|
|-heal|p2a: Sableye|166\/303|[from] item: Leftovers
|turn|14
|
|switch|p2a: Aerodactyl|Aerodactyl-Mega, F|241\/363
|move|p1a: Nidoqueen|Earth Power|p2a: Aerodactyl
|-immune|p2a: Aerodactyl|[msg]
|
|turn|15
|
|switch|p1a: Hydreigon|Hydreigon, M|325\/325
|move|p2a: Aerodactyl|Earthquake|p1a: Hydreigon
|-immune|p1a: Hydreigon|[msg]
|
|turn|16
|
|switch|p2a: Jirachi|Jirachi|341\/341
|move|p1a: Hydreigon|Dark Pulse|p2a: Jirachi
|-supereffective|p2a: Jirachi
|-damage|p2a: Jirachi|0 fnt
|-damage|p1a: Hydreigon|293\/325|[from] item: Life Orb
|faint|p2a: Jirachi
|
|
|switch|p2a: Togekiss|Togekiss, M|373\/373
|turn|17
|
|switch|p1a: Raikou|Raikou|254\/321
|-ability|p1a: Raikou|Pressure
|switch|p2a: Swampert|Swampert, M|309\/404
|
|-heal|p1a: Raikou|274\/321|[from] item: Leftovers
|-heal|p2a: Swampert|334\/404|[from] item: Leftovers
|turn|18
|
|switch|p1a: Hydreigon|Hydreigon, M|293\/325
|move|p2a: Swampert|Stealth Rock|p1a: Hydreigon
|-sidestart|p1: Donphantastic|move: Stealth Rock
|
|-heal|p2a: Swampert|359\/404|[from] item: Leftovers
|turn|19
|
|switch|p1a: Togekiss|Togekiss, F|373\/373
|-damage|p1a: Togekiss|280\/373|[from] Stealth Rock
|switch|p2a: Togekiss|Togekiss, M|373\/373
|
|-heal|p1a: Togekiss|303\/373|[from] item: Leftovers
|turn|20
|
|move|p2a: Togekiss|Nasty Plot|p2a: Togekiss
|-boost|p2a: Togekiss|spa|2
|move|p1a: Togekiss|Thunder Wave|p2a: Togekiss
|-status|p2a: Togekiss|par
|
|-heal|p1a: Togekiss|326\/373|[from] item: Leftovers
|turn|21
|
|move|p1a: Togekiss|Defog|p2a: Togekiss
|-unboost|p2a: Togekiss|evasion|1
|-sideend|p1: Donphantastic|Stealth Rock|[from] move: Defog|[of] p1a: Togekiss
|move|p2a: Togekiss|Heal Bell|p2a: Togekiss
|-cureteam|p2a: Togekiss|[from] move: HealBell
|
|-heal|p1a: Togekiss|349\/373|[from] item: Leftovers
|turn|22
|
|move|p2a: Togekiss|Air Slash|p1a: Togekiss
|-damage|p1a: Togekiss|207\/373
|move|p1a: Togekiss|Thunder Wave|p2a: Togekiss
|-status|p2a: Togekiss|par
|
|-heal|p1a: Togekiss|230\/373|[from] item: Leftovers
|turn|23
|
|move|p1a: Togekiss|Air Slash|p2a: Togekiss
|-damage|p2a: Togekiss|280\/373 par
|cant|p2a: Togekiss|flinch
|
|-heal|p1a: Togekiss|253\/373|[from] item: Leftovers
|-heal|p2a: Togekiss|303\/373 par|[from] item: Leftovers
|turn|24
|
|switch|p1a: Nidoqueen|Nidoqueen, F|3\/350
|switch|p2a: Aerodactyl|Aerodactyl-Mega, F|241\/363
|
|turn|25
|
|switch|p1a: Dugtrio|Dugtrio, F|211\/211
|move|p2a: Aerodactyl|Stone Edge|p1a: Dugtrio
|-resisted|p1a: Dugtrio
|-damage|p1a: Dugtrio|67\/211
|
|turn|26
|
|move|p1a: Dugtrio|Sucker Punch|p2a: Aerodactyl
|-damage|p2a: Aerodactyl|162\/363
|move|p2a: Aerodactyl|Earthquake|p1a: Dugtrio
|-damage|p1a: Dugtrio|0 fnt
|faint|p1a: Dugtrio
|
|
|switch|p1a: Hydreigon|Hydreigon, M|293\/325
|turn|27
|
|switch|p2a: Togekiss|Togekiss, M|303\/373 par
|switch|p1a: Nidoqueen|Nidoqueen, F|3\/350
|
|-heal|p2a: Togekiss|326\/373 par|[from] item: Leftovers
|turn|28
|
|switch|p2a: Sableye|Sableye, F|166\/303
|move|p1a: Nidoqueen|Sludge Wave|p2a: Sableye
|-resisted|p2a: Sableye
|-damage|p2a: Sableye|57\/303
|
|-heal|p2a: Sableye|75\/303|[from] item: Leftovers
|turn|29
|
|move|p2a: Sableye|Will-O-Wisp|p1a: Nidoqueen
|-status|p1a: Nidoqueen|brn
|move|p1a: Nidoqueen|Sludge Wave|p2a: Sableye
|-resisted|p2a: Sableye
|-damage|p2a: Sableye|0 fnt
|faint|p2a: Sableye
|
|-damage|p1a: Nidoqueen|0 fnt|[from] brn
|faint|p1a: Nidoqueen
|
|switch|p2a: Aerodactyl|Aerodactyl-Mega, F|162\/363
|switch|p1a: Togekiss|Togekiss, F|253\/373
|turn|30
|
|move|p2a: Aerodactyl|Stone Edge|p1a: Togekiss
|-supereffective|p1a: Togekiss
|-damage|p1a: Togekiss|0 fnt
|faint|p1a: Togekiss
|
|
|switch|p1a: Hydreigon|Hydreigon, M|293\/325
|turn|31
|
|switch|p2a: Togekiss|Togekiss, M|326\/373 par
|move|p1a: Hydreigon|Dark Pulse|p2a: Togekiss
|-resisted|p2a: Togekiss
|-damage|p2a: Togekiss|240\/373 par
|-damage|p1a: Hydreigon|261\/325|[from] item: Life Orb
|
|-heal|p2a: Togekiss|263\/373 par|[from] item: Leftovers
|turn|32
|
|switch|p1a: Raikou|Raikou|274\/321
|-ability|p1a: Raikou|Pressure
|cant|p2a: Togekiss|par
|
|-heal|p1a: Raikou|294\/321|[from] item: Leftovers
|-heal|p2a: Togekiss|286\/373 par|[from] item: Leftovers
|turn|33
|
|switch|p2a: Swampert|Swampert, M|359\/404
|move|p1a: Raikou|Hidden Power|p2a: Swampert
|-damage|p2a: Swampert|285\/404
|
|-heal|p1a: Raikou|314\/321|[from] item: Leftovers
|-heal|p2a: Swampert|310\/404|[from] item: Leftovers
|turn|34
|
|move|p1a: Raikou|Hidden Power|p2a: Swampert
|-damage|p2a: Swampert|243\/404
|move|p2a: Swampert|Stealth Rock|p1a: Raikou
|-sidestart|p1: Donphantastic|move: Stealth Rock
|
|-heal|p1a: Raikou|321\/321|[from] item: Leftovers
|-heal|p2a: Swampert|268\/404|[from] item: Leftovers
|turn|35
|
|switch|p1a: Hydreigon|Hydreigon, M|261\/325
|-damage|p1a: Hydreigon|221\/325|[from] Stealth Rock
|move|p2a: Swampert|Earthquake|p1a: Hydreigon
|-immune|p1a: Hydreigon|[msg]
|
|-heal|p2a: Swampert|293\/404|[from] item: Leftovers
|turn|36
|
|switch|p2a: Togekiss|Togekiss, M|286\/373 par
|move|p1a: Hydreigon|Dark Pulse|p2a: Togekiss
|-crit|p2a: Togekiss
|-resisted|p2a: Togekiss
|-damage|p2a: Togekiss|169\/373 par
|-damage|p1a: Hydreigon|189\/325|[from] item: Life Orb
|
|-heal|p2a: Togekiss|192\/373 par|[from] item: Leftovers
|turn|37
|
|move|p1a: Hydreigon|Dark Pulse|p2a: Togekiss
|-resisted|p2a: Togekiss
|-damage|p2a: Togekiss|108\/373 par
|-damage|p1a: Hydreigon|157\/325|[from] item: Life Orb
|cant|p2a: Togekiss|par
|
|-heal|p2a: Togekiss|131\/373 par|[from] item: Leftovers
|turn|38
|
|move|p1a: Hydreigon|Dark Pulse|p2a: Togekiss
|-resisted|p2a: Togekiss
|-damage|p2a: Togekiss|48\/373 par
|-damage|p1a: Hydreigon|125\/325|[from] item: Life Orb
|cant|p2a: Togekiss|flinch
|
|-heal|p2a: Togekiss|71\/373 par|[from] item: Leftovers
|turn|39
|
|move|p1a: Hydreigon|Dark Pulse|p2a: Togekiss
|-resisted|p2a: Togekiss
|-damage|p2a: Togekiss|0 fnt
|-damage|p1a: Hydreigon|93\/325|[from] item: Life Orb
|faint|p2a: Togekiss
|
|
|switch|p2a: Aerodactyl|Aerodactyl-Mega, F|162\/363
|turn|40
|
|move|p2a: Aerodactyl|Stone Edge|p1a: Hydreigon
|-damage|p1a: Hydreigon|0 fnt
|faint|p1a: Hydreigon
|
|
|switch|p1a: Raikou|Raikou|321\/321
|-damage|p1a: Raikou|281\/321|[from] Stealth Rock
|-ability|p1a: Raikou|Pressure
|turn|41
|
|move|p2a: Aerodactyl|Earthquake|p1a: Raikou
|-supereffective|p1a: Raikou
|-damage|p1a: Raikou|0 fnt
|faint|p1a: Raikou
|
|win|zTerribadTastic
|raw|Ladder updating...
|raw|Donphantastic's rating: 1485 &rarr; <strong>1470<\/strong><br \/>(-15 for losing)
|raw|zTerribadTastic's rating: 1571 &rarr; <strong>1586<\/strong><br \/>(+15 for winning)
|leave|zTerribadTastic
|player|p2
|leave|Donphantastic
|player|p1
|join|Your Cock is NU
|leave|Your Cock is NU