|join|Hugg Wild
|join|Donphantastic
|player|p1|Hugg Wild|125
|player|p2|Donphantastic|265
|gametype|singles
|gen|6
|tier|UU
|rated
|rule|Sleep Clause Mod: Limit one foe put to sleep
|rule|Species Clause: Limit one of each PokÃ©mon
|rule|OHKO Clause: OHKO moves are banned
|rule|Moody Clause: Moody is banned
|rule|Evasion Moves Clause: Evasion moves are banned
|rule|Endless Battle Clause: Forcing endless battles is banned
|rule|HP Percentage Mod: HP is shown in percentages
|clearpoke
|poke|p1|Sharpedo, F
|poke|p1|Machamp, F
|poke|p1|Reuniclus, M, shiny
|poke|p1|Froslass, F
|poke|p1|Swampert, M
|poke|p1|Spiritomb, F, shiny
|poke|p2|Beedrill, M
|poke|p2|Hydreigon, M
|poke|p2|Rotom-Heat
|poke|p2|Jirachi
|poke|p2|Forretress, M
|poke|p2|Vaporeon, M
|rule|Swagger Clause: Swagger is banned
|rule|Baton Pass Clause: Limit one PokÃ©mon knowing Baton Pass
|teampreview
|
|start
|switch|p1a: Spiritomb|Spiritomb, F, shiny|294\/294
|switch|p2a: Hydreigon|Hydreigon, M|325\/325
|turn|1
|
|switch|p1a: Machamp|Machamp, F|364\/364
|move|p2a: Hydreigon|U-turn|p1a: Machamp
|-resisted|p1a: Machamp
|-damage|p1a: Machamp|339\/364
|
|switch|p2a: Jirachi|Jirachi|403\/403
|
|turn|2
|
|move|p2a: Jirachi|Iron Head|p1a: Machamp
|-damage|p1a: Machamp|231\/364
|cant|p1a: Machamp|flinch
|
|turn|3
|
|switch|p1a: Swampert|Swampert, M|403\/403
|move|p2a: Jirachi|Iron Head|p1a: Swampert
|-resisted|p1a: Swampert
|-damage|p1a: Swampert|364\/403
|
|-heal|p1a: Swampert|389\/403|[from] item: Leftovers
|turn|4
|
|move|p2a: Jirachi|U-turn|p1a: Swampert
|-damage|p1a: Swampert|345\/403
|
|switch|p2a: Hydreigon|Hydreigon, M|325\/325
|move|p1a: Swampert|Stealth Rock|p2a: Hydreigon
|-sidestart|p2: Donphantastic|move: Stealth Rock
|
|-heal|p1a: Swampert|370\/403|[from] item: Leftovers
|turn|5
|
|move|p2a: Hydreigon|Draco Meteor|p1a: Swampert
|-damage|p1a: Swampert|90\/403
|-unboost|p2a: Hydreigon|spa|2
|move|p1a: Swampert|Roar|p2a: Hydreigon
|drag|p2a: Forretress|Forretress, M|354\/354
|-damage|p2a: Forretress|310\/354|[from] Stealth Rock
|
|-heal|p1a: Swampert|115\/403|[from] item: Leftovers
|-heal|p2a: Forretress|332\/354|[from] item: Leftovers
|turn|6
|c|âHugg Wild|well, that was convenient all around
|
|switch|p1a: Froslass|Froslass, F|344\/344
|move|p2a: Forretress|Rapid Spin|p1a: Froslass
|-immune|p1a: Froslass|[msg]
|
|-heal|p2a: Forretress|354\/354|[from] item: Leftovers
|turn|7
|
|move|p1a: Froslass|Taunt|p2a: Forretress
|-start|p2a: Forretress|move: Taunt
|move|p2a: Forretress|Gyro Ball|p1a: Froslass
|-supereffective|p1a: Froslass
|-damage|p1a: Froslass|30\/344
|-start|p2a: Forretress|Disable|Gyro Ball
|
|turn|8
|
|move|p1a: Froslass|Destiny Bond|p1a: Froslass
|-singlemove|p1a: Froslass|Destiny Bond
|move|p2a: Forretress|Rapid Spin|p1a: Froslass
|-immune|p1a: Froslass|[msg]
|
|turn|9
|
|move|p1a: Froslass|Spikes|p2a: Forretress
|-sidestart|p2: Donphantastic|Spikes
|move|p2a: Forretress|Volt Switch|p1a: Froslass
|-damage|p1a: Froslass|0 fnt
|faint|p1a: Froslass
|
|switch|p2a: Hydreigon|Hydreigon, M|325\/325
|-damage|p2a: Hydreigon|285\/325|[from] Stealth Rock
|
|
|switch|p1a: Machamp|Machamp, F|231\/364
|turn|10
|
|move|p2a: Hydreigon|Draco Meteor|p1a: Machamp
|-damage|p1a: Machamp|35\/364
|-unboost|p2a: Hydreigon|spa|2
|move|p1a: Machamp|Knock Off|p2a: Hydreigon
|-resisted|p2a: Hydreigon
|-damage|p2a: Hydreigon|213\/325
|-enditem|p2a: Hydreigon|Choice Scarf|[from] move: Knock Off|[of] p1a: Machamp
|
|turn|11
|
|move|p2a: Hydreigon|U-turn|p1a: Machamp
|-resisted|p1a: Machamp
|-damage|p1a: Machamp|7\/364
|
|switch|p2a: Forretress|Forretress, M|354\/354
|-damage|p2a: Forretress|310\/354|[from] Stealth Rock
|-damage|p2a: Forretress|266\/354|[from] Spikes
|move|p1a: Machamp|Close Combat|p2a: Forretress
|-damage|p2a: Forretress|136\/354
|-unboost|p1a: Machamp|def|1
|-unboost|p1a: Machamp|spd|1
|
|-heal|p2a: Forretress|158\/354|[from] item: Leftovers
|turn|12
|
|switch|p1a: Spiritomb|Spiritomb, F, shiny|294\/294
|move|p2a: Forretress|Spikes|p1a: Spiritomb
|-sidestart|p1: Hugg Wild|Spikes
|
|-heal|p2a: Forretress|180\/354|[from] item: Leftovers
|turn|13
|
|move|p1a: Spiritomb|Taunt|p2a: Forretress
|-start|p2a: Forretress|move: Taunt
|cant|p2a: Forretress|move: Taunt|Spikes
|
|-heal|p2a: Forretress|202\/354|[from] item: Leftovers
|turn|14
|
|move|p1a: Spiritomb|Will-O-Wisp|p2a: Forretress
|-status|p2a: Forretress|brn
|move|p2a: Forretress|Volt Switch|p1a: Spiritomb
|-damage|p1a: Spiritomb|261\/294
|
|switch|p2a: Rotom-Heat|Rotom-Heat|304\/304
|-damage|p2a: Rotom-Heat|228\/304|[from] Stealth Rock
|
|turn|15
|
|switch|p1a: Reuniclus|Reuniclus, M, shiny|409\/409
|move|p2a: Rotom-Heat|Overheat|p1a: Reuniclus
|-damage|p1a: Reuniclus|52\/409
|-unboost|p2a: Rotom-Heat|spa|2
|
|turn|16
|c|âHugg Wild|specs?
|
|move|p2a: Rotom-Heat|Overheat|p1a: Reuniclus
|-damage|p1a: Reuniclus|0 fnt
|-unboost|p2a: Rotom-Heat|spa|2
|faint|p1a: Reuniclus
|
|c|âDonphantastic|flame pl8
|
|switch|p1a: Sharpedo|Sharpedo, F|281\/281
|-damage|p1a: Sharpedo|246\/281|[from] Spikes
|turn|17
|
|switch|p2a: Forretress|Forretress, M|202\/354 brn
|-damage|p2a: Forretress|158\/354 brn|[from] Stealth Rock
|-damage|p2a: Forretress|114\/354 brn|[from] Spikes
|move|p1a: Sharpedo|Waterfall|p2a: Forretress
|-damage|p2a: Forretress|36\/354 brn
|
|-heal|p2a: Forretress|58\/354 brn|[from] item: Leftovers
|-damage|p2a: Forretress|14\/354 brn|[from] brn
|-boost|p1a: Sharpedo|spe|1|[from] ability: Speed Boost
|turn|18
|
|move|p1a: Sharpedo|Crunch|p2a: Forretress
|-damage|p2a: Forretress|0 fnt
|faint|p2a: Forretress
|
|-boost|p1a: Sharpedo|spe|1|[from] ability: Speed Boost
|
|switch|p2a: Vaporeon|Vaporeon, M|463\/463
|-damage|p2a: Vaporeon|406\/463|[from] Stealth Rock
|-damage|p2a: Vaporeon|349\/463|[from] Spikes
|turn|19
|
|detailschange|p1a: Sharpedo|Sharpedo-Mega, F
|message|Sharpedo has Mega Evolved into Mega Sharpedo!
|move|p2a: Vaporeon|Protect|p2a: Vaporeon
|-singleturn|p2a: Vaporeon|Protect
|move|p1a: Sharpedo|Crunch|p2a: Vaporeon
|-activate|p2a: Vaporeon|Protect
|
|-heal|p2a: Vaporeon|377\/463|[from] item: Leftovers
|turn|20
|
|move|p1a: Sharpedo|Crunch|p2a: Vaporeon
|-damage|p2a: Vaporeon|0 fnt
|faint|p2a: Vaporeon
|
|
|switch|p2a: Hydreigon|Hydreigon, M|213\/325
|-damage|p2a: Hydreigon|173\/325|[from] Stealth Rock
|turn|21
|
|move|p1a: Sharpedo|Ice Fang|p2a: Hydreigon
|-supereffective|p2a: Hydreigon
|-damage|p2a: Hydreigon|0 fnt
|faint|p2a: Hydreigon
|
|
|switch|p2a: Rotom-Heat|Rotom-Heat|228\/304
|-damage|p2a: Rotom-Heat|152\/304|[from] Stealth Rock
|turn|22
|
|move|p1a: Sharpedo|Waterfall|p2a: Rotom-Heat
|-supereffective|p2a: Rotom-Heat
|-damage|p2a: Rotom-Heat|0 fnt
|faint|p2a: Rotom-Heat
|
|
|switch|p2a: Beedrill|Beedrill, M|271\/271
|-damage|p2a: Beedrill|204\/271|[from] Stealth Rock
|-damage|p2a: Beedrill|171\/271|[from] Spikes
|turn|23
|
|detailschange|p2a: Beedrill|Beedrill-Mega, M
|message|Beedrill has Mega Evolved into Mega Beedrill!
|move|p2a: Beedrill|Protect|p2a: Beedrill
|-singleturn|p2a: Beedrill|Protect
|move|p1a: Sharpedo|Crunch|p2a: Beedrill
|-activate|p2a: Beedrill|Protect
|
|turn|24
|
|move|p1a: Sharpedo|Crunch|p2a: Beedrill
|-damage|p2a: Beedrill|0 fnt
|faint|p2a: Beedrill
|
|
|switch|p2a: Jirachi|Jirachi|403\/403
|-damage|p2a: Jirachi|378\/403|[from] Stealth Rock
|-damage|p2a: Jirachi|328\/403|[from] Spikes
|turn|25
|
|move|p1a: Sharpedo|Crunch|p2a: Jirachi
|-supereffective|p2a: Jirachi
|-damage|p2a: Jirachi|0 fnt
|faint|p2a: Jirachi
|
|win|Hugg Wild
|raw|Ladder updating...
|raw|Hugg Wild's rating: 1580 &rarr; <strong>1599<\/strong><br \/>(+19 for winning)
|raw|Donphantastic's rating: 1568 &rarr; <strong>1549<\/strong><br \/>(-19 for losing)
|c|âHugg Wild|gg
|leave|Donphantastic
|player|p2