|join|Donphantastic
|join|mirandascooltoo
|player|p1|Donphantastic|266
|player|p2|mirandascooltoo|217
|gametype|singles
|gen|6
|tier|UU
|rated
|rule|Sleep Clause Mod: Limit one foe put to sleep
|rule|Species Clause: Limit one of each PokÃ©mon
|rule|OHKO Clause: OHKO moves are banned
|rule|Moody Clause: Moody is banned
|rule|Evasion Moves Clause: Evasion moves are banned
|rule|Endless Battle Clause: Forcing endless battles is banned
|rule|HP Percentage Mod: HP is shown in percentages
|clearpoke
|poke|p1|Dragalge, F
|poke|p1|Arcanine, M
|poke|p1|Hydreigon, F
|poke|p1|Empoleon, M
|poke|p1|Lopunny, M
|poke|p1|Crobat, M
|poke|p2|Ampharos, F
|poke|p2|Crobat, M
|poke|p2|Jirachi
|poke|p2|Krookodile, M
|poke|p2|Darmanitan, M
|poke|p2|Milotic, M
|rule|Swagger Clause: Swagger is banned
|rule|Baton Pass Clause: Limit one PokÃ©mon knowing Baton Pass
|teampreview
|join|Tipsy Russian
|
|start
|switch|p1a: Lopunny|Lopunny, M|271\/271
|switch|p2a: Darmanitan|Darmanitan, M|351\/351
|turn|1
|
|switch|p2a: Jirachi|Jirachi|341\/341
|detailschange|p1a: Lopunny|Lopunny-Mega, M
|message|Lopunny has Mega Evolved into Mega Lopunny!
|move|p1a: Lopunny|Fake Out|p2a: Jirachi
|-resisted|p2a: Jirachi
|-damage|p2a: Jirachi|301\/341
|
|-heal|p2a: Jirachi|322\/341|[from] item: Leftovers
|turn|2
|
|switch|p1a: Empoleon|Empoleon, M|372\/372
|move|p2a: Jirachi|Stealth Rock|p1a: Empoleon
|-sidestart|p1: Donphantastic|move: Stealth Rock
|
|-heal|p2a: Jirachi|341\/341|[from] item: Leftovers
|turn|3
|
|move|p2a: Jirachi|U-turn|p1a: Empoleon
|-resisted|p1a: Empoleon
|-damage|p1a: Empoleon|334\/372
|
|switch|p2a: Milotic|Milotic, M|394\/394
|move|p1a: Empoleon|Defog|p2a: Milotic
|-unboost|p2a: Milotic|evasion|1
|-sideend|p1: Donphantastic|Stealth Rock|[from] move: Defog|[of] p1a: Empoleon
|
|-heal|p1a: Empoleon|357\/372|[from] item: Leftovers
|turn|4
|
|move|p1a: Empoleon|Stealth Rock|p2a: Milotic
|-sidestart|p2: mirandascooltoo|move: Stealth Rock
|move|p2a: Milotic|Dragon Tail|p1a: Empoleon
|-resisted|p1a: Empoleon
|-damage|p1a: Empoleon|340\/372
|drag|p1a: Hydreigon|Hydreigon, F|325\/325
|
|turn|5
|c| Tipsy Russian|this mans team doesnt like mega bunny
|c| Tipsy Russian|at all
|c|âDonphantastic|pray tell
|c|âDonphantastic|which teams do
|
|move|p1a: Hydreigon|U-turn|p2a: Milotic
|-damage|p2a: Milotic|331\/394
|
|switch|p1a: Empoleon|Empoleon, M|340\/372
|move|p2a: Milotic|Scald|p1a: Empoleon
|-resisted|p1a: Empoleon
|-damage|p1a: Empoleon|307\/372
|-status|p1a: Empoleon|brn
|
|-heal|p2a: Milotic|355\/394|[from] item: Leftovers
|-heal|p1a: Empoleon|330\/372 brn|[from] item: Leftovers
|-damage|p1a: Empoleon|284\/372 brn|[from] brn
|turn|6
|c| Tipsy Russian|hm
|c| Tipsy Russian|ones with cofag on them
|join|xShiba
|
|move|p2a: Milotic|Dragon Tail|p1a: Empoleon
|-crit|p1a: Empoleon
|-resisted|p1a: Empoleon
|-damage|p1a: Empoleon|260\/372 brn
|drag|p1a: Arcanine|Arcanine, M|383\/383
|-ability|p1a: Arcanine|Intimidate|[of] p2a: Milotic
|-unboost|p2a: Milotic|atk|1
|
|-heal|p2a: Milotic|379\/394|[from] item: Leftovers
|turn|7
|c| Tipsy Russian|shuffling with no hazards
|c| Tipsy Russian|wot
|
|switch|p1a: Dragalge|Dragalge, F|301\/301
|move|p2a: Milotic|Scald|p1a: Dragalge
|-resisted|p1a: Dragalge
|-damage|p1a: Dragalge|261\/301
|
|-heal|p2a: Milotic|394\/394|[from] item: Leftovers
|turn|8
|
|move|p1a: Dragalge|Sludge Wave|p2a: Milotic
|-damage|p2a: Milotic|206\/394
|move|p2a: Milotic|Mirror Coat|p1a: Dragalge
|-damage|p1a: Dragalge|0 fnt
|faint|p1a: Dragalge
|
|-heal|p2a: Milotic|230\/394|[from] item: Leftovers
|
|switch|p1a: Lopunny|Lopunny-Mega, M|271\/271
|turn|9
|c|âDonphantastic|oml
|c|âDonphantastic|why me
|c| Tipsy Russian|ive seen more of these shits running around
|c| Tipsy Russian|ive faced like 3 with mirror coat
|c|âDonphantastic|WHY ARE THESE SHITS A THING
|
|switch|p2a: Jirachi|Jirachi|341\/341
|-damage|p2a: Jirachi|320\/341|[from] Stealth Rock
|move|p1a: Lopunny|Fake Out|p2a: Jirachi
|-resisted|p2a: Jirachi
|-damage|p2a: Jirachi|287\/341
|
|-heal|p2a: Jirachi|308\/341|[from] item: Leftovers
|turn|10
|c|âDonphantastic|I mean I ran mirror coat bandpert
|c|âDonphantastic|but thats a me thing
|
|move|p1a: Lopunny|High Jump Kick|p2a: Jirachi|[miss]
|-miss|p1a: Lopunny|p2a: Jirachi
|-damage|p1a: Lopunny|136\/271|[from] highjumpkick
|move|p2a: Jirachi|Stealth Rock|p1a: Lopunny
|-sidestart|p1: Donphantastic|move: Stealth Rock
|
|-heal|p2a: Jirachi|329\/341|[from] item: Leftovers
|turn|11
|c| Tipsy Russian|rip
|c|âDonphantastic|I swear e,e
|
|switch|p2a: Crobat|Crobat, M|373\/373
|-damage|p2a: Crobat|280\/373|[from] Stealth Rock
|move|p1a: Lopunny|High Jump Kick|p2a: Crobat
|-resisted|p2a: Crobat
|-damage|p2a: Crobat|217\/373
|
|-heal|p2a: Crobat|240\/373|[from] item: Black Sludge
|turn|12
|c|âDonphantastic|inb4
|c|âDonphantastic|nvm
|
|move|p1a: Lopunny|Return|p2a: Crobat
|-damage|p2a: Crobat|33\/373
|move|p2a: Crobat|Brave Bird|p1a: Lopunny
|-supereffective|p1a: Lopunny
|-damage|p1a: Lopunny|0 fnt
|-damage|p2a: Crobat|0 fnt|[from] recoil|[of] p1a: Lopunny
|faint|p1a: Lopunny
|faint|p2a: Crobat
|
|
|switch|p1a: Crobat|Crobat, M|361\/361
|switch|p2a: Krookodile|Krookodile, M|332\/332
|-damage|p1a: Crobat|271\/361|[from] Stealth Rock
|-damage|p2a: Krookodile|312\/332|[from] Stealth Rock
|turn|13
|
|move|p1a: Crobat|U-turn|p2a: Krookodile
|-supereffective|p2a: Krookodile
|-damage|p2a: Krookodile|144\/332
|
|switch|p1a: Arcanine|Arcanine, M|383\/383
|-damage|p1a: Arcanine|288\/383|[from] Stealth Rock
|-ability|p1a: Arcanine|Intimidate|[of] p2a: Krookodile
|-unboost|p2a: Krookodile|atk|1
|move|p2a: Krookodile|Stone Edge|p1a: Arcanine
|-supereffective|p1a: Arcanine
|-damage|p1a: Arcanine|142\/383
|
|-heal|p1a: Arcanine|165\/383|[from] item: Leftovers
|turn|14
|c| Tipsy Russian|scarf is weak
|join|I3Magikarp
|
|move|p2a: Krookodile|Stone Edge|p1a: Arcanine
|-supereffective|p1a: Arcanine
|-damage|p1a: Arcanine|3\/383
|move|p1a: Arcanine|Morning Sun|p1a: Arcanine
|-heal|p1a: Arcanine|194\/383
|
|-heal|p1a: Arcanine|217\/383|[from] item: Leftovers
|turn|15
|join|Alldaalts
|c|âDonphantastic|nice min\/max
|
|switch|p2a: Milotic|Milotic, M|230\/394
|-damage|p2a: Milotic|181\/394|[from] Stealth Rock
|move|p1a: Arcanine|Will-O-Wisp|p2a: Milotic
|-status|p2a: Milotic|brn
|
|-heal|p1a: Arcanine|240\/383|[from] item: Leftovers
|-heal|p2a: Milotic|205\/394 brn|[from] item: Leftovers
|-damage|p2a: Milotic|156\/394 brn|[from] brn
|turn|16
|join|meowiekins
|join|blitzfiend
|c| meowiekins|he wouldve crit
|c| meowiekins|if he stayed one more
|c| meowiekins|i can feel it
|c| Tipsy Russian|wowowowwowow
|c| Tipsy Russian|thats bad luck meowie
|c| Tipsy Russian|dont do that
|
|move|p1a: Arcanine|Morning Sun|p1a: Arcanine
|-heal|p1a: Arcanine|383\/383
|move|p2a: Milotic|Recover|p2a: Milotic
|-heal|p2a: Milotic|353\/394 brn
|
|-heal|p2a: Milotic|377\/394 brn|[from] item: Leftovers
|-damage|p2a: Milotic|328\/394 brn|[from] brn
|turn|17
|c| xShiba|reveal wild charge
|c|âDonphantastic|tbh
|c|âDonphantastic|!Data marvel scale
|c|~|\/data-ability Marvel Scale

|c|âDonphantastic|I lose
|-message|Donphantastic forfeited.
|
|win|mirandascooltoo
|raw|Ladder updating...
|c| meowiekins|couldve
|raw|Donphantastic's rating: 1393 &rarr; <strong>1363<\/strong><br \/>(-30 for losing)
|raw|mirandascooltoo's rating: 1212 &rarr; <strong>1249<\/strong><br \/>(+37 for winning)
|leave|Donphantastic
|player|p1
|c| meowiekins|just flinched
|leave|blitzfiend