|join|Donphantastic
|join|DuntDropDatDedenne
|player|p1|Donphantastic|290
|player|p2|DuntDropDatDedenne|226
|gametype|singles
|gen|6
|tier|UU
|rated
|rule|Sleep Clause Mod: Limit one foe put to sleep
|rule|Species Clause: Limit one of each PokÃ©mon
|rule|OHKO Clause: OHKO moves are banned
|rule|Moody Clause: Moody is banned
|rule|Evasion Moves Clause: Evasion moves are banned
|rule|Endless Battle Clause: Forcing endless battles is banned
|rule|HP Percentage Mod: HP is shown in percentages
|clearpoke
|poke|p1|Honchkrow, F
|poke|p1|Mienshao, M
|poke|p1|Victini
|poke|p1|Shaymin
|poke|p1|Crobat, F
|poke|p1|Jirachi
|poke|p2|Metagross
|poke|p2|Houndoom, M
|poke|p2|Crobat, M
|poke|p2|Swampert, M
|poke|p2|Rotom-Mow
|poke|p2|Aromatisse, F
|rule|Swagger Clause: Swagger is banned
|rule|Baton Pass Clause: Limit one PokÃ©mon knowing Baton Pass
|teampreview
|join|Swagilyph
|join|AquajetBreloom
|join|Hallowed Thoughts
|join|mikechang2000
|c|âDonphantastic|:o swagilyph is here
|c|âDonphantastic|I enjoy the channel fren
|c| AquajetBreloom|OMG SWAGILYPH
DuntDropDatDedenne made this room private.
|raw|<div class="broadcast-red"><b>Moderated chat was set to +!<\/b><br \/>Only users of rank + and higher can talk.<\/div>
|
|start
|switch|p1a: Shaymin|Shaymin|341\/341
|switch|p2a: Rotom-Mow|Rotom-Mow|241\/241
|turn|1
Swagilyph was promoted to Room Voice by Donphantastic.
|c|âDonphantastic|:]
|c|+Swagilyph|youre playing the famous bt
|c|+Swagilyph|good luck
|c|âDonphantastic|I know
|c|âDonphantastic|lol
|
|move|p2a: Rotom-Mow|Hidden Power|p1a: Shaymin
|-supereffective|p1a: Shaymin
|-damage|p1a: Shaymin|229\/341
|move|p1a: Shaymin|Seed Flare|p2a: Rotom-Mow
|-resisted|p2a: Rotom-Mow
|-damage|p2a: Rotom-Mow|132\/241
|-unboost|p2a: Rotom-Mow|spd|2
|-damage|p1a: Shaymin|195\/341|[from] item: Life Orb
|
|turn|2
|c|âDonphantastic|wanna try that again
|
|switch|p2a: Crobat|Crobat, M|373\/373
|switch|p1a: Jirachi|Jirachi|404\/404
|
|turn|3
|
|move|p2a: Crobat|Taunt|p1a: Jirachi
|-start|p1a: Jirachi|move: Taunt
|move|p1a: Jirachi|U-turn|p2a: Crobat
|-resisted|p2a: Crobat
|-damage|p2a: Crobat|357\/373
|join|iplaytennislol
|
|switch|p1a: Victini|Victini|341\/341
|
|-heal|p2a: Crobat|373\/373|[from] item: Leftovers
|turn|4
|join|Teddeh
|join|Thrillz
|
|switch|p2a: Houndoom|Houndoom, M|291\/291
|move|p1a: Victini|Thunder|p2a: Houndoom
|-damage|p2a: Houndoom|123\/291
|-damage|p1a: Victini|307\/341|[from] item: Life Orb
|
|turn|5
|
|switch|p2a: Aromatisse|Aromatisse, F|404\/404
|move|p1a: Victini|Thunder|p2a: Aromatisse
|-damage|p2a: Aromatisse|290\/404
|-damage|p1a: Victini|273\/341|[from] item: Life Orb
|
|-heal|p2a: Aromatisse|315\/404|[from] item: Leftovers
|turn|6
|
|switch|p1a: Jirachi|Jirachi|404\/404
|move|p2a: Aromatisse|Wish|p2a: Aromatisse
|
|-heal|p2a: Aromatisse|340\/404|[from] item: Leftovers
|turn|7
|
|switch|p2a: Rotom-Mow|Rotom-Mow|132\/241
|move|p1a: Jirachi|Thunder Wave|p2a: Rotom-Mow
|-fail|p2a: Rotom-Mow
|
|-heal|p2a: Rotom-Mow|241\/241|[from] move: Wish|[wisher] Aromatisse
|turn|8
|
|move|p2a: Rotom-Mow|Volt Switch|p1a: Jirachi
|-damage|p1a: Jirachi|296\/404
|
|switch|p2a: Metagross|Metagross|364\/364
|move|p1a: Jirachi|Stealth Rock|p2a: Metagross
|-sidestart|p2: DuntDropDatDedenne|move: Stealth Rock
|
|-heal|p1a: Jirachi|321\/404|[from] item: Leftovers
|turn|9
|c|+Swagilyph|Brazilian jirachi
|
|move|p1a: Jirachi|Thunder Wave|p2a: Metagross
|-status|p2a: Metagross|par
|cant|p2a: Metagross|par
|
|-heal|p1a: Jirachi|346\/404|[from] item: Leftovers
|turn|10
|
|move|p1a: Jirachi|U-turn|p2a: Metagross
|-damage|p2a: Metagross|319\/364 par
|
|switch|p1a: Honchkrow|Honchkrow, F|341\/341
|cant|p2a: Metagross|par
|
|turn|11
|
|move|p1a: Honchkrow|Pursuit|p2a: Metagross
|-supereffective|p2a: Metagross
|-damage|p2a: Metagross|171\/364 par
|-damage|p1a: Honchkrow|307\/341|[from] item: Life Orb
|move|p2a: Metagross|Meteor Mash|p1a: Honchkrow
|-damage|p1a: Honchkrow|0 fnt
|faint|p1a: Honchkrow
|
|c|âDonphantastic|ldl
|c|âDonphantastic|*lel
|
|switch|p1a: Victini|Victini|273\/341
|turn|12
|
|switch|p2a: Aromatisse|Aromatisse, F|340\/404
|-damage|p2a: Aromatisse|290\/404|[from] Stealth Rock
|move|p1a: Victini|V-create|p2a: Aromatisse
|-damage|p2a: Aromatisse|0 fnt
|-unboost|p1a: Victini|def|1
|-unboost|p1a: Victini|spd|1
|-unboost|p1a: Victini|spe|1
|-damage|p1a: Victini|239\/341|[from] item: Life Orb
|faint|p2a: Aromatisse
|
|
|switch|p2a: Crobat|Crobat, M|373\/373
|-damage|p2a: Crobat|280\/373|[from] Stealth Rock
|turn|13
|
|switch|p1a: Jirachi|Jirachi|346\/404
|move|p2a: Crobat|Brave Bird|p1a: Jirachi
|-crit|p1a: Jirachi
|-resisted|p1a: Jirachi
|-damage|p1a: Jirachi|233\/404
|-damage|p2a: Crobat|243\/373|[from] recoil|[of] p1a: Jirachi
|
|-heal|p2a: Crobat|266\/373|[from] item: Leftovers
|-heal|p1a: Jirachi|258\/404|[from] item: Leftovers
|turn|14
|
|move|p2a: Crobat|Taunt|p1a: Jirachi
|-start|p1a: Jirachi|move: Taunt
|move|p1a: Jirachi|U-turn|p2a: Crobat
|-resisted|p2a: Crobat
|-damage|p2a: Crobat|250\/373
|
|switch|p1a: Crobat|Crobat, F|373\/373
|
|-heal|p2a: Crobat|273\/373|[from] item: Leftovers
|turn|15
|
|move|p2a: Crobat|Defog|p1a: Crobat
|-unboost|p1a: Crobat|evasion|1
|-sideend|p2: DuntDropDatDedenne|Stealth Rock|[from] move: Defog|[of] p2a: Crobat
|move|p1a: Crobat|Acrobatics|p2a: Crobat
|-damage|p2a: Crobat|123\/373
|
|-heal|p2a: Crobat|146\/373|[from] item: Leftovers
|turn|16
|c|+Swagilyph|hey im gonna go play an nu tourney so if you beat bt message me and let me know. Ill give you a handjob
|leave|Swagilyph
|leave|AquajetBreloom
|
|switch|p2a: Swampert|Swampert, M|401\/401
|move|p1a: Crobat|Acrobatics|p2a: Swampert
|-damage|p2a: Swampert|305\/401
|
|-heal|p2a: Swampert|330\/401|[from] item: Leftovers
|turn|17
|
|move|p1a: Crobat|U-turn|p2a: Swampert
|-damage|p2a: Swampert|287\/401
|
|switch|p1a: Victini|Victini|239\/341
|move|p2a: Swampert|Stealth Rock|p1a: Victini
|-sidestart|p1: Donphantastic|move: Stealth Rock
|
|-heal|p2a: Swampert|312\/401|[from] item: Leftovers
|turn|18
|leave|Thrillz
|
|switch|p2a: Crobat|Crobat, M|146\/373
|move|p1a: Victini|Thunder|p2a: Crobat
|-supereffective|p2a: Crobat
|-damage|p2a: Crobat|0 fnt
|-damage|p1a: Victini|205\/341|[from] item: Life Orb
|faint|p2a: Crobat
|
|
|switch|p2a: Swampert|Swampert, M|312\/401
|turn|19
|c|âDuntDropDatDedenne|a little fishy bro
|c|âDonphantastic|um blub blub
|c|âDonphantastic|tbh grass knot was too obvious
|
|switch|p2a: Rotom-Mow|Rotom-Mow|241\/241
|move|p1a: Victini|Grass Knot|p2a: Rotom-Mow
|-resisted|p2a: Rotom-Mow
|-damage|p2a: Rotom-Mow|228\/241
|-damage|p1a: Victini|171\/341|[from] item: Life Orb
|
|turn|20
|c|âDonphantastic|Damn it has been revealed
|
|switch|p1a: Jirachi|Jirachi|258\/404
|-damage|p1a: Jirachi|233\/404|[from] Stealth Rock
|move|p2a: Rotom-Mow|Volt Switch|p1a: Jirachi
|-damage|p1a: Jirachi|128\/404
|
|switch|p2a: Houndoom|Houndoom, M|123\/291
|
|-heal|p1a: Jirachi|153\/404|[from] item: Leftovers
|turn|21
|
|detailschange|p2a: Houndoom|Houndoom-Mega, M
|message|Houndoom has Mega Evolved into Mega Houndoom!
|move|p1a: Jirachi|Thunder Wave|p2a: Houndoom
|-status|p2a: Houndoom|par
|move|p2a: Houndoom|Flamethrower|p1a: Jirachi
|-supereffective|p1a: Jirachi
|-damage|p1a: Jirachi|0 fnt
|faint|p1a: Jirachi
|
|
|switch|p1a: Crobat|Crobat, F|373\/373
|-damage|p1a: Crobat|280\/373|[from] Stealth Rock
|turn|22
|
|move|p1a: Crobat|Defog|p2a: Houndoom
|-unboost|p2a: Houndoom|evasion|1
|-sideend|p1: Donphantastic|Stealth Rock|[from] move: Defog|[of] p1a: Crobat
|move|p2a: Houndoom|Flamethrower|p1a: Crobat
|-damage|p1a: Crobat|84\/373
|
|turn|23
|
|switch|p2a: Rotom-Mow|Rotom-Mow|228\/241
|move|p1a: Crobat|Acrobatics|p2a: Rotom-Mow
|-damage|p2a: Rotom-Mow|101\/241
|
|turn|24
|
|move|p2a: Rotom-Mow|Volt Switch|p1a: Crobat
|-supereffective|p1a: Crobat
|-damage|p1a: Crobat|0 fnt
|faint|p1a: Crobat
|
|switch|p2a: Metagross|Metagross|171\/364 par
|
|
|switch|p1a: Mienshao|Mienshao, M|271\/271
|turn|25
|
|move|p2a: Metagross|Bullet Punch|p1a: Mienshao
|-damage|p1a: Mienshao|97\/271
|move|p1a: Mienshao|High Jump Kick|p2a: Metagross
|-damage|p2a: Metagross|0 fnt
|faint|p2a: Metagross
|
|
|switch|p2a: Rotom-Mow|Rotom-Mow|101\/241
|turn|26
|
|move|p1a: Mienshao|High Jump Kick|p2a: Rotom-Mow
|-damage|p2a: Rotom-Mow|0 fnt
|faint|p2a: Rotom-Mow
|
|
|switch|p2a: Houndoom|Houndoom-Mega, M|123\/291 par
|turn|27
|
|move|p1a: Mienshao|High Jump Kick|p2a: Houndoom
|-supereffective|p2a: Houndoom
|-damage|p2a: Houndoom|0 fnt
|faint|p2a: Houndoom
|
|c|âDonphantastic|GG BT
|
|switch|p2a: Swampert|Swampert, M|312\/401
|turn|28
|c|âDonphantastic|:]
|c|âDuntDropDatDedenne|gg
|
|move|p1a: Mienshao|High Jump Kick|p2a: Swampert
|-damage|p2a: Swampert|98\/401
|move|p2a: Swampert|Earthquake|p1a: Mienshao
|-damage|p1a: Mienshao|0 fnt
|faint|p1a: Mienshao
|
|-heal|p2a: Swampert|123\/401|[from] item: Leftovers
|
|switch|p1a: Victini|Victini|171\/341
|turn|29
|
|move|p1a: Victini|Grass Knot|p2a: Swampert
|-supereffective|p2a: Swampert
|-damage|p2a: Swampert|0 fnt
|-damage|p1a: Victini|137\/341|[from] item: Life Orb
|faint|p2a: Swampert
|
|win|Donphantastic
|raw|Ladder updating...
|raw|Donphantastic's rating: 1479 &rarr; <strong>1495<\/strong><br \/>(+16 for winning)
|raw|DuntDropDatDedenne's rating: 1395 &rarr; <strong>1380<\/strong><br \/>(-15 for losing)
|leave|iplaytennislol
|leave|DuntDropDatDedenne
|player|p2
|leave|Teddeh
|leave|Hallowed Thoughts