|join|Donphantastic
|join|blacksol97
|player|p1|Donphantastic|290
|player|p2|blacksol97|70
|gametype|singles
|gen|6
|tier|UU
|rated
|rule|Sleep Clause Mod: Limit one foe put to sleep
|rule|Species Clause: Limit one of each PokÃ©mon
|rule|OHKO Clause: OHKO moves are banned
|rule|Moody Clause: Moody is banned
|rule|Evasion Moves Clause: Evasion moves are banned
|rule|Endless Battle Clause: Forcing endless battles is banned
|rule|HP Percentage Mod: HP is shown in percentages
|clearpoke
|poke|p1|Honchkrow, F
|poke|p1|Mienshao, F
|poke|p1|Victini
|poke|p1|Shaymin
|poke|p1|Crobat, F
|poke|p1|Jirachi
|poke|p2|Toxicroak, M
|poke|p2|Alakazam, M
|poke|p2|Darmanitan, M
|poke|p2|Blastoise, M
|poke|p2|Hippowdon, F
|poke|p2|Blissey, F
|rule|Swagger Clause: Swagger is banned
|rule|Baton Pass Clause: Limit one PokÃ©mon knowing Baton Pass
|teampreview
|
|start
|switch|p1a: Mienshao|Mienshao, F|271\/271
|switch|p2a: Gloria|Hippowdon, F|420\/420
|turn|1
|
|move|p1a: Mienshao|U-turn|p2a: Gloria
|-damage|p2a: Gloria|365\/420
|
|switch|p1a: Crobat|Crobat, F|373\/373
|move|p2a: Gloria|Stealth Rock|p1a: Crobat
|-sidestart|p1: Donphantastic|move: Stealth Rock
|
|-heal|p2a: Gloria|391\/420|[from] item: Leftovers
|turn|2
|
|move|p1a: Crobat|Defog|p2a: Gloria
|-unboost|p2a: Gloria|evasion|1
|-sideend|p1: Donphantastic|Stealth Rock|[from] move: Defog|[of] p1a: Crobat
|move|p2a: Gloria|Stone Edge|p1a: Crobat
|-supereffective|p1a: Crobat
|-damage|p1a: Crobat|151\/373
|
|-heal|p2a: Gloria|417\/420|[from] item: Leftovers
|turn|3
|
|move|p1a: Crobat|U-turn|p2a: Gloria
|-damage|p2a: Gloria|382\/420
|
|switch|p1a: Shaymin|Shaymin|341\/341
|move|p2a: Gloria|Earthquake|p1a: Shaymin
|-resisted|p1a: Shaymin
|-damage|p1a: Shaymin|276\/341
|
|-heal|p2a: Gloria|408\/420|[from] item: Leftovers
|turn|4
|
|switch|p1a: Victini|Victini|341\/341
|switch|p2a: Paula Deen|Blissey, F|652\/652
|
|turn|5
|
|move|p1a: Victini|V-create|p2a: Paula Deen
|-damage|p2a: Paula Deen|184\/652
|-unboost|p1a: Victini|def|1
|-unboost|p1a: Victini|spd|1
|-unboost|p1a: Victini|spe|1
|-damage|p1a: Victini|307\/341|[from] item: Life Orb
|move|p2a: Paula Deen|Seismic Toss|p1a: Victini
|-damage|p1a: Victini|207\/341
|
|-heal|p2a: Paula Deen|224\/652|[from] item: Leftovers
|turn|6
|
|move|p1a: Victini|V-create|p2a: Paula Deen
|-damage|p2a: Paula Deen|0 fnt
|-unboost|p1a: Victini|def|1
|-unboost|p1a: Victini|spd|1
|-unboost|p1a: Victini|spe|1
|-damage|p1a: Victini|173\/341|[from] item: Life Orb
|faint|p2a: Paula Deen
|
|
|switch|p2a: Mega Shofu|Darmanitan, M|351\/351
|turn|7
|
|switch|p1a: Jirachi|Jirachi|404\/404
|move|p2a: Mega Shofu|Flare Blitz|p1a: Jirachi
|-supereffective|p1a: Jirachi
|-damage|p1a: Jirachi|0 fnt
|-damage|p2a: Mega Shofu|218\/351|[from] recoil|[of] p1a: Jirachi
|faint|p1a: Jirachi
|
|
|switch|p1a: Mienshao|Mienshao, F|271\/271
|turn|8
|
|switch|p2a: Gloria|Hippowdon, F|408\/420
|move|p1a: Mienshao|High Jump Kick|p2a: Gloria
|-damage|p2a: Gloria|233\/420
|
|-heal|p2a: Gloria|259\/420|[from] item: Leftovers
|turn|9
|
|move|p1a: Mienshao|High Jump Kick|p2a: Gloria
|-damage|p2a: Gloria|81\/420
|move|p2a: Gloria|Slack Off|p2a: Gloria
|-heal|p2a: Gloria|291\/420
|
|-heal|p2a: Gloria|317\/420|[from] item: Leftovers
|turn|10
|
|switch|p1a: Honchkrow|Honchkrow, F|341\/341
|move|p2a: Gloria|Earthquake|p1a: Honchkrow
|-immune|p1a: Honchkrow|[msg]
|
|-heal|p2a: Gloria|343\/420|[from] item: Leftovers
|turn|11
|
|switch|p1a: Shaymin|Shaymin|276\/341
|move|p2a: Gloria|Stone Edge|p1a: Shaymin
|-damage|p1a: Shaymin|185\/341
|
|-heal|p2a: Gloria|369\/420|[from] item: Leftovers
|turn|12
|
|switch|p2a: Froggy|Toxicroak, M|307\/307
|move|p1a: Shaymin|Seed Flare|p2a: Froggy|[miss]
|-miss|p1a: Shaymin|p2a: Froggy
|
|turn|13
|
|switch|p1a: Crobat|Crobat, F|151\/373
|move|p2a: Froggy|Poison Jab|p1a: Crobat
|-resisted|p1a: Crobat
|-damage|p1a: Crobat|38\/373
|-damage|p2a: Froggy|277\/307|[from] item: Life Orb
|
|turn|14
|
|move|p1a: Crobat|Roost|p1a: Crobat
|-heal|p1a: Crobat|225\/373
|move|p2a: Froggy|Poison Jab|p1a: Crobat
|-resisted|p1a: Crobat
|-damage|p1a: Crobat|120\/373
|-damage|p2a: Froggy|247\/307|[from] item: Life Orb
|
|turn|15
|
|move|p2a: Froggy|Sucker Punch|p1a: Crobat
|-fail|p1a: Crobat
|move|p1a: Crobat|Roost|p1a: Crobat
|-heal|p1a: Crobat|307\/373
|
|turn|16
|
|switch|p2a: Gloria|Hippowdon, F|369\/420
|move|p1a: Crobat|U-turn|p2a: Gloria
|-damage|p2a: Gloria|332\/420
|
|switch|p1a: Victini|Victini|173\/341
|
|-heal|p2a: Gloria|358\/420|[from] item: Leftovers
|turn|17
|
|move|p1a: Victini|Energy Ball|p2a: Gloria
|-supereffective|p2a: Gloria
|-damage|p2a: Gloria|69\/420
|-damage|p1a: Victini|139\/341|[from] item: Life Orb
|move|p2a: Gloria|Earthquake|p1a: Victini
|-supereffective|p1a: Victini
|-damage|p1a: Victini|0 fnt
|faint|p1a: Victini
|
|-heal|p2a: Gloria|95\/420|[from] item: Leftovers
|
|switch|p1a: Mienshao|Mienshao, F|271\/271
|turn|18
|
|move|p1a: Mienshao|High Jump Kick|p2a: Gloria
|-damage|p2a: Gloria|0 fnt
|faint|p2a: Gloria
|
|
|switch|p2a: Spooner|Alakazam, M|252\/252
|turn|19
|
|switch|p1a: Honchkrow|Honchkrow, F|341\/341
|move|p2a: Spooner|Psyshock|p1a: Honchkrow
|-immune|p1a: Honchkrow|[msg]
|
|turn|20
|
|move|p1a: Honchkrow|Sucker Punch|p2a: Spooner
|-supereffective|p2a: Spooner
|-enditem|p2a: Spooner|Focus Sash
|-damage|p2a: Spooner|1\/252
|-damage|p1a: Honchkrow|307\/341|[from] item: Life Orb
|move|p2a: Spooner|Dazzling Gleam|p1a: Honchkrow
|-supereffective|p1a: Honchkrow
|-damage|p1a: Honchkrow|3\/341
|
|turn|21
|
|move|p1a: Honchkrow|Sucker Punch|p2a: Spooner
|-supereffective|p2a: Spooner
|-damage|p2a: Spooner|0 fnt
|-damage|p1a: Honchkrow|0 fnt|[from] item: Life Orb
|faint|p2a: Spooner
|faint|p1a: Honchkrow
|
|
|switch|p1a: Mienshao|Mienshao, F|271\/271
|switch|p2a: Mega Shofu|Darmanitan, M|218\/351
|turn|22
|
|move|p1a: Mienshao|High Jump Kick|p2a: Mega Shofu|[miss]
|-miss|p1a: Mienshao|p2a: Mega Shofu
|-damage|p1a: Mienshao|136\/271|[from] highjumpkick
|move|p2a: Mega Shofu|Flare Blitz|p1a: Mienshao
|-damage|p1a: Mienshao|0 fnt
|-damage|p2a: Mega Shofu|173\/351|[from] recoil|[of] p1a: Mienshao
|faint|p1a: Mienshao
|
|
|switch|p1a: Crobat|Crobat, F|307\/373
|turn|23
|
|move|p1a: Crobat|Acrobatics|p2a: Mega Shofu
|-damage|p2a: Mega Shofu|0 fnt
|faint|p2a: Mega Shofu
|
|
|switch|p2a: Maelstrom|Blastoise, M|358\/358
|turn|24
|
|detailschange|p2a: Maelstrom|Blastoise-Mega, M
|message|Blastoise has Mega Evolved into Mega Blastoise!
|move|p1a: Crobat|Acrobatics|p2a: Maelstrom
|-damage|p2a: Maelstrom|243\/358
|move|p2a: Maelstrom|Dark Pulse|p1a: Crobat
|-damage|p1a: Crobat|127\/373
|
|turn|25
|
|move|p1a: Crobat|Acrobatics|p2a: Maelstrom
|-damage|p2a: Maelstrom|125\/358
|move|p2a: Maelstrom|Dark Pulse|p1a: Crobat
|-damage|p1a: Crobat|0 fnt
|faint|p1a: Crobat
|
|
|switch|p1a: Shaymin|Shaymin|185\/341
|turn|26
|
|move|p1a: Shaymin|Seed Flare|p2a: Maelstrom|[miss]
|-miss|p1a: Shaymin|p2a: Maelstrom
|move|p2a: Maelstrom|Dark Pulse|p1a: Shaymin
|-damage|p1a: Shaymin|13\/341
|
|turn|27
|c|âDonphantastic|ffs
|c|âDonphantastic|gg
|-message|Donphantastic forfeited.
|
|win|blacksol97
|raw|Ladder updating...
|leave|Donphantastic
|player|p1
|c|âblacksol97|gg sorry about the hax
|raw|Donphantastic's rating: 1508 &rarr; <strong>1480<\/strong><br \/>(-28 for losing)
|raw|blacksol97's rating: 1366 &rarr; <strong>1393<\/strong><br \/>(+27 for winning)