|join|SW4GILYPH
|join|Donphantastic
|player|p1|SW4GILYPH|188
|player|p2|Donphantastic|102
|gametype|singles
|gen|6
|tier|UU
|rule|Sleep Clause Mod: Limit one foe put to sleep
|rule|Species Clause: Limit one of each PokÃ©mon
|rule|OHKO Clause: OHKO moves are banned
|rule|Moody Clause: Moody is banned
|rule|Evasion Moves Clause: Evasion moves are banned
|rule|Endless Battle Clause: Forcing endless battles is banned
|rule|HP Percentage Mod: HP is shown in percentages
|clearpoke
|poke|p1|Beedrill, F
|poke|p1|Raikou
|poke|p1|Jirachi
|poke|p1|Swampert, M
|poke|p1|Florges, F
|poke|p1|Crobat, M
|poke|p2|Beedrill, M
|poke|p2|Rotom-Heat
|poke|p2|Forretress, M
|poke|p2|Jirachi
|poke|p2|Vaporeon, M
|poke|p2|Hydreigon, F
|rule|Swagger Clause: Swagger is banned
|rule|Baton Pass Clause: Limit one PokÃ©mon knowing Baton Pass
|teampreview
|join|IheartMagikarp
|c|âDonphantastic|gimme a second
|join|Pacilo
|c| Pacilo|kill dem hoes
|c|âSW4GILYPH|yeah actually i gotta go piss so
|c|âSW4GILYPH|same
|join|DMT
|join|Demxer
|c|+DMT|rakou kind of has fun kind of
|c|âSW4GILYPH|kk back
|c|âDonphantastic|same
|c|âDonphantastic|gl
|c|âDonphantastic|Dmt
|join|FlederMau5
|c|âSW4GILYPH|u2
|c|âDonphantastic|raikou has much fun
|
|start
|switch|p1a: Beedrill|Beedrill, F|271\/271
|switch|p2a: Rotom-Heat|Rotom-Heat|303\/303
|turn|1
|
|detailschange|p1a: Beedrill|Beedrill-Mega, F
|message|Beedrill has Mega Evolved into Mega Beedrill!
|move|p1a: Beedrill|Protect|p1a: Beedrill
|-singleturn|p1a: Beedrill|Protect
|move|p2a: Rotom-Heat|Will-O-Wisp|p1a: Beedrill
|-activate|p1a: Beedrill|Protect
|
|turn|2
|
|switch|p1a: Florges|Florges, F|357\/357
|move|p2a: Rotom-Heat|Will-O-Wisp|p1a: Florges
|-status|p1a: Florges|brn
|
|-damage|p1a: Florges|313\/357 brn|[from] brn
|turn|3
|c| Pacilo|brings da heat
|
|switch|p1a: Jirachi|Jirachi|341\/341
|move|p2a: Rotom-Heat|Volt Switch|p1a: Jirachi
|-crit|p1a: Jirachi
|-damage|p1a: Jirachi|209\/341
|c|âSW4GILYPH|hm
|
|switch|p2a: Beedrill|Beedrill, M|271\/271
|
|turn|4
|c| Demxer|bop
|c| Pacilo|brings da drill
|c|âDonphantastic|I apologize
|c|âDonphantastic|:[
|
|detailschange|p2a: Beedrill|Beedrill-Mega, M
|message|Beedrill has Mega Evolved into Mega Beedrill!
|move|p1a: Jirachi|Fire Punch|p2a: Beedrill
|-supereffective|p2a: Beedrill
|-damage|p2a: Beedrill|0 fnt
|faint|p2a: Beedrill
|
|c|âSW4GILYPH|me too
|c| Demxer|LOL
|c|âDonphantastic|fuk
|c|+DMT|paper bee
|c| Pacilo|get rekt
|c|âDonphantastic|u
|
|switch|p2a: Hydreigon|Hydreigon, F|325\/325
|turn|5
|c|âDonphantastic|my fault tho
|c|âDonphantastic|no need to not protect
|
|move|p2a: Hydreigon|U-turn|p1a: Jirachi
|-damage|p1a: Jirachi|148\/341
|
|switch|p2a: Rotom-Heat|Rotom-Heat|303\/303
|move|p1a: Jirachi|U-turn|p2a: Rotom-Heat
|-resisted|p2a: Rotom-Heat
|-damage|p2a: Rotom-Heat|274\/303
|leave|IheartMagikarp
|
|switch|p1a: Beedrill|Beedrill-Mega, F|271\/271
|
|-heal|p2a: Rotom-Heat|292\/303|[from] item: Leftovers
|turn|6
|leave|DMT
|join|0rbital
|
|move|p1a: Beedrill|U-turn|p2a: Rotom-Heat
|-resisted|p2a: Rotom-Heat
|-damage|p2a: Rotom-Heat|197\/303
|
|switch|p1a: Florges|Florges, F|313\/357 brn
|move|p2a: Rotom-Heat|Volt Switch|p1a: Florges
|-damage|p1a: Florges|250\/357 brn
|
|switch|p2a: Jirachi|Jirachi|403\/403
|
|-heal|p1a: Florges|272\/357 brn|[from] item: Leftovers
|-damage|p1a: Florges|228\/357 brn|[from] brn
|turn|7
|c| Pacilo|this is gonna take too long
|leave|Pacilo
|
|switch|p1a: Swampert|Swampert, M|401\/401
|move|p2a: Jirachi|Stealth Rock|p1a: Swampert
|-sidestart|p1: SW4GILYPH|move: Stealth Rock
|
|turn|8
|c|âSW4GILYPH|didnt even energy ball
|
|move|p2a: Jirachi|U-turn|p1a: Swampert
|-damage|p1a: Swampert|354\/401
|
|switch|p2a: Hydreigon|Hydreigon, F|325\/325
|move|p1a: Swampert|Stealth Rock|p2a: Hydreigon
|-sidestart|p2: Donphantastic|move: Stealth Rock
|
|-heal|p1a: Swampert|379\/401|[from] item: Leftovers
|turn|9
|
|move|p2a: Hydreigon|Draco Meteor|p1a: Swampert|[miss]
|-miss|p2a: Hydreigon|p1a: Swampert
|move|p1a: Swampert|Scald|p2a: Hydreigon
|-resisted|p2a: Hydreigon
|-damage|p2a: Hydreigon|277\/325
|
|-heal|p1a: Swampert|401\/401|[from] item: Leftovers
|turn|10
|c|âSW4GILYPH|sorry
|
|switch|p2a: Forretress|Forretress, M|354\/354
|-damage|p2a: Forretress|310\/354|[from] Stealth Rock
|move|p1a: Swampert|Scald|p2a: Forretress
|-damage|p2a: Forretress|177\/354
|
|-heal|p2a: Forretress|199\/354|[from] item: Leftovers
|turn|11
|leave|0rbital
|
|move|p1a: Swampert|Scald|p2a: Forretress
|-damage|p2a: Forretress|79\/354
|move|p2a: Forretress|Spikes|p1a: Swampert
|-sidestart|p1: SW4GILYPH|Spikes
|
|-heal|p2a: Forretress|101\/354|[from] item: Leftovers
|turn|12
|
|switch|p1a: Crobat|Crobat, M|340\/340
|-damage|p1a: Crobat|255\/340|[from] Stealth Rock
|switch|p2a: Vaporeon|Vaporeon, M|464\/464
|-damage|p2a: Vaporeon|406\/464|[from] Stealth Rock
|
|-heal|p1a: Crobat|276\/340|[from] item: Black Sludge
|-heal|p2a: Vaporeon|435\/464|[from] item: Leftovers
|turn|13
|
|move|p1a: Crobat|Defog|p2a: Vaporeon
|-unboost|p2a: Vaporeon|evasion|1
|-sideend|p2: Donphantastic|Stealth Rock|[from] move: Defog|[of] p2a: Vaporeon
|-sideend|p1: SW4GILYPH|Spikes|[from] move: Defog|[of] p1a: Crobat
|-sideend|p1: SW4GILYPH|Stealth Rock|[from] move: Defog|[of] p1a: Crobat
|move|p2a: Vaporeon|Ice Beam|p1a: Crobat
|-supereffective|p1a: Crobat
|-damage|p1a: Crobat|92\/340
|
|-heal|p1a: Crobat|113\/340|[from] item: Black Sludge
|-heal|p2a: Vaporeon|464\/464|[from] item: Leftovers
|turn|14
|
|move|p1a: Crobat|U-turn|p2a: Vaporeon
|-damage|p2a: Vaporeon|400\/464
|
|switch|p1a: Jirachi|Jirachi|148\/341
|move|p2a: Vaporeon|Scald|p1a: Jirachi
|-damage|p1a: Jirachi|51\/341
|-status|p1a: Jirachi|brn
|
|-heal|p2a: Vaporeon|429\/464|[from] item: Leftovers
|-damage|p1a: Jirachi|9\/341 brn|[from] brn
|turn|15
|
|move|p2a: Vaporeon|Protect|p2a: Vaporeon
|-singleturn|p2a: Vaporeon|Protect
|move|p1a: Jirachi|Energy Ball|p2a: Vaporeon
|-activate|p2a: Vaporeon|Protect
|
|-heal|p2a: Vaporeon|458\/464|[from] item: Leftovers
|-damage|p1a: Jirachi|0 fnt|[from] brn
|faint|p1a: Jirachi
|
|switch|p1a: Raikou|Raikou|321\/321
|-ability|p1a: Raikou|Pressure
|turn|16
|join|adlei
|join|tomibello
|
|switch|p2a: Rotom-Heat|Rotom-Heat|197\/303
|move|p1a: Raikou|Calm Mind|p1a: Raikou
|-boost|p1a: Raikou|spa|1
|-boost|p1a: Raikou|spd|1
|
|-heal|p2a: Rotom-Heat|215\/303|[from] item: Leftovers
|turn|17
|
|move|p1a: Raikou|Calm Mind|p1a: Raikou
|-boost|p1a: Raikou|spa|1
|-boost|p1a: Raikou|spd|1
|move|p2a: Rotom-Heat|Volt Switch|p1a: Raikou
|-resisted|p1a: Raikou
|-damage|p1a: Raikou|300\/321
|
|switch|p2a: Jirachi|Jirachi|403\/403
|
|-heal|p1a: Raikou|320\/321|[from] item: Leftovers
|turn|18
|join|Swampdert
|c|âDonphantastic|yup
|c|âDonphantastic|without mega bee
|c|âDonphantastic|I lose to this
|
|move|p1a: Raikou|Thunderbolt|p2a: Jirachi
|-damage|p2a: Jirachi|193\/403
|move|p2a: Jirachi|U-turn|p1a: Raikou
|-crit|p1a: Raikou
|-damage|p1a: Raikou|218\/321
|
|switch|p2a: Hydreigon|Hydreigon, F|277\/325
|
|-heal|p1a: Raikou|238\/321|[from] item: Leftovers
|turn|19
|
|move|p2a: Hydreigon|Draco Meteor|p1a: Raikou
|-damage|p1a: Raikou|133\/321
|-unboost|p2a: Hydreigon|spa|2
|move|p1a: Raikou|Hidden Power|p2a: Hydreigon
|-supereffective|p2a: Hydreigon
|-damage|p2a: Hydreigon|0 fnt
|faint|p2a: Hydreigon
|
|-heal|p1a: Raikou|153\/321|[from] item: Leftovers
|-message|Donphantastic forfeited.
|
|win|SW4GILYPH
|leave|Donphantastic
|player|p2
|c|âSW4GILYPH|gg