|join|TrauMill
|join|Donphantastic
|player|p1|TrauMill|274
|player|p2|Donphantastic|266
|gametype|singles
|gen|6
|tier|UU
|rule|Sleep Clause Mod: Limit one foe put to sleep
|rule|Species Clause: Limit one of each PokÃ©mon
|rule|OHKO Clause: OHKO moves are banned
|rule|Moody Clause: Moody is banned
|rule|Evasion Moves Clause: Evasion moves are banned
|rule|Endless Battle Clause: Forcing endless battles is banned
|rule|HP Percentage Mod: HP is shown in percentages
|clearpoke
|poke|p1|Krookodile, F
|poke|p1|Suicune
|poke|p1|Hydreigon, F
|poke|p1|Froslass, F, shiny
|poke|p1|Crobat, M
|poke|p1|Snorlax, F, shiny
|poke|p2|Dragalge, F
|poke|p2|Arcanine, F
|poke|p2|Hydreigon, M
|poke|p2|Empoleon, F
|poke|p2|Lopunny, F
|poke|p2|Crobat, F
|rule|Swagger Clause: Swagger is banned
|rule|Baton Pass Clause: Limit one PokÃ©mon knowing Baton Pass
|teampreview
|
|start
|switch|p1a: Froslass|Froslass, F, shiny|344\/344
|switch|p2a: Lopunny|Lopunny, F|271\/271
|turn|1
|join|pokemonisfun
|
|detailschange|p2a: Lopunny|Lopunny-Mega, F
|message|Lopunny has Mega Evolved into Mega Lopunny!
|move|p2a: Lopunny|Fake Out|p1a: Froslass
|-damage|p1a: Froslass|245\/344
|-start|p2a: Lopunny|Disable|Fake Out
|cant|p1a: Froslass|flinch
|
|turn|2
|c| pokemonisfun|l o l
|
|move|p2a: Lopunny|High Jump Kick|p1a: Froslass
|-supereffective|p1a: Froslass
|-damage|p1a: Froslass|0 fnt
|faint|p1a: Froslass
|
|
|switch|p1a: Laxbro|Snorlax, F, shiny|497\/497
|turn|3
|
|move|p2a: Lopunny|High Jump Kick|p1a: Laxbro
|-supereffective|p1a: Laxbro
|-damage|p1a: Laxbro|0 fnt
|faint|p1a: Laxbro
|
|
|switch|p1a: Crobat|Crobat, M|373\/373
|turn|4
|
|switch|p2a: Arcanine|Arcanine, F|383\/383
|-ability|p2a: Arcanine|Intimidate|[of] p1a: Crobat
|-unboost|p1a: Crobat|atk|1
|move|p1a: Crobat|Brave Bird|p2a: Arcanine
|-damage|p2a: Arcanine|277\/383
|-damage|p1a: Crobat|338\/373|[from] recoil|[of] p2a: Arcanine
|
|-heal|p1a: Crobat|361\/373|[from] item: Black Sludge
|-heal|p2a: Arcanine|300\/383|[from] item: Leftovers
|turn|5
|join|meowiekins
|
|move|p1a: Crobat|Super Fang|p2a: Arcanine
|-damage|p2a: Arcanine|150\/383
|move|p2a: Arcanine|Will-O-Wisp|p1a: Crobat
|-status|p1a: Crobat|brn
|
|-heal|p1a: Crobat|373\/373 brn|[from] item: Black Sludge
|-heal|p2a: Arcanine|173\/383|[from] item: Leftovers
|-damage|p1a: Crobat|327\/373 brn|[from] brn
|turn|6
|
|switch|p1a: Suicune|Suicune|404\/404
|-ability|p1a: Suicune|Pressure
|move|p2a: Arcanine|Morning Sun|p2a: Arcanine
|-heal|p2a: Arcanine|364\/383
|
|-heal|p2a: Arcanine|383\/383|[from] item: Leftovers
|turn|7
|
|switch|p2a: Empoleon|Empoleon, F|372\/372
|move|p1a: Suicune|Calm Mind|p1a: Suicune
|-boost|p1a: Suicune|spa|1
|-boost|p1a: Suicune|spd|1
|
|turn|8
|
|move|p1a: Suicune|Calm Mind|p1a: Suicune
|-boost|p1a: Suicune|spa|1
|-boost|p1a: Suicune|spd|1
|move|p2a: Empoleon|Stealth Rock|p1a: Suicune
|-sidestart|p1: TrauMill|move: Stealth Rock
|
|turn|9
|c| pokemonisfun|reveal roar suicune
|
|move|p1a: Suicune|Scald|p2a: Empoleon
|-resisted|p2a: Empoleon
|-damage|p2a: Empoleon|314\/372
|move|p2a: Empoleon|Roar|p1a: Suicune
|drag|p1a: Krook|Krookodile, F|332\/332
|-damage|p1a: Krook|312\/332|[from] Stealth Rock
|
|-heal|p2a: Empoleon|337\/372|[from] item: Leftovers
|turn|10
|
|switch|p2a: Hydreigon|Hydreigon, M|325\/325
|move|p1a: Krook|Earthquake|p2a: Hydreigon
|-immune|p2a: Hydreigon|[msg]
|
|turn|11
|
|switch|p1a: Crobat|Crobat, M|327\/373 brn
|-damage|p1a: Crobat|234\/373 brn|[from] Stealth Rock
|move|p2a: Hydreigon|Draco Meteor|p1a: Crobat
|-damage|p1a: Crobat|0 fnt
|-unboost|p2a: Hydreigon|spa|2
|faint|p1a: Crobat
|
|leave|pokemonisfun
|c| meowiekins|does crocune win
|
|switch|p1a: Hydreigon|Hydreigon, F|325\/325
|-damage|p1a: Hydreigon|285\/325|[from] Stealth Rock
|turn|12
|c|âDonphantastic|n
|c|âDonphantastic|bunny + dragalge
|
|switch|p2a: Empoleon|Empoleon, F|337\/372
|move|p1a: Hydreigon|Draco Meteor|p2a: Empoleon
|-resisted|p2a: Empoleon
|-damage|p2a: Empoleon|263\/372
|-unboost|p1a: Hydreigon|spa|2
|
|-heal|p2a: Empoleon|286\/372|[from] item: Leftovers
|turn|13
|c| meowiekins|oh tru
|c| meowiekins|good bunny set
|c| meowiekins|i assume
|
|switch|p1a: Suicune|Suicune|404\/404
|-damage|p1a: Suicune|354\/404|[from] Stealth Rock
|-ability|p1a: Suicune|Pressure
|move|p2a: Empoleon|Stealth Rock|p1a: Suicune
|-fail|p1a: Suicune
|
|-heal|p1a: Suicune|379\/404|[from] item: Leftovers
|-heal|p2a: Empoleon|309\/372|[from] item: Leftovers
|turn|14
|c|âDonphantastic|what is the good set
|c|âDonphantastic|also
|c|âDonphantastic|misclick of the gods
|
|move|p1a: Suicune|Calm Mind|p1a: Suicune
|-boost|p1a: Suicune|spa|1
|-boost|p1a: Suicune|spd|1
|move|p2a: Empoleon|Roar|p1a: Suicune
|drag|p1a: Krook|Krookodile, F|312\/332
|-damage|p1a: Krook|292\/332|[from] Stealth Rock
|
|-heal|p2a: Empoleon|332\/372|[from] item: Leftovers
|turn|15
|
|move|p1a: Krook|Stone Edge|p2a: Empoleon|[miss]
|-miss|p1a: Krook|p2a: Empoleon
|move|p2a: Empoleon|Roar|p1a: Krook
|drag|p1a: Suicune|Suicune|379\/404
|-damage|p1a: Suicune|329\/404|[from] Stealth Rock
|-ability|p1a: Suicune|Pressure
|
|-heal|p1a: Suicune|354\/404|[from] item: Leftovers
|-heal|p2a: Empoleon|355\/372|[from] item: Leftovers
|turn|16
|
|move|p1a: Suicune|Scald|p2a: Empoleon
|-resisted|p2a: Empoleon
|-damage|p2a: Empoleon|325\/372
|move|p2a: Empoleon|Roar|p1a: Suicune
|drag|p1a: Hydreigon|Hydreigon, F|285\/325
|-damage|p1a: Hydreigon|245\/325|[from] Stealth Rock
|
|-heal|p2a: Empoleon|348\/372|[from] item: Leftovers
|turn|17
|
|move|p1a: Hydreigon|Fire Blast|p2a: Empoleon
|-damage|p2a: Empoleon|263\/372
|move|p2a: Empoleon|Roar|p1a: Hydreigon
|drag|p1a: Krook|Krookodile, F|292\/332
|-damage|p1a: Krook|272\/332|[from] Stealth Rock
|
|-heal|p2a: Empoleon|286\/372|[from] item: Leftovers
|turn|18
|
|switch|p2a: Hydreigon|Hydreigon, M|325\/325
|move|p1a: Krook|Earthquake|p2a: Hydreigon
|-immune|p2a: Hydreigon|[msg]
|
|turn|19
|
|switch|p1a: Suicune|Suicune|354\/404
|-damage|p1a: Suicune|304\/404|[from] Stealth Rock
|-ability|p1a: Suicune|Pressure
|move|p2a: Hydreigon|U-turn|p1a: Suicune
|-damage|p1a: Suicune|273\/404
|
|switch|p2a: Lopunny|Lopunny-Mega, F|271\/271
|
|-heal|p1a: Suicune|298\/404|[from] item: Leftovers
|turn|20
|
|move|p2a: Lopunny|Fake Out|p1a: Suicune
|-damage|p1a: Suicune|249\/404
|cant|p1a: Suicune|flinch
|
|-heal|p1a: Suicune|274\/404|[from] item: Leftovers
|turn|21
|
|move|p2a: Lopunny|High Jump Kick|p1a: Suicune
|-damage|p1a: Suicune|130\/404
|move|p1a: Suicune|Calm Mind|p1a: Suicune
|-boost|p1a: Suicune|spa|1
|-boost|p1a: Suicune|spd|1
|
|-heal|p1a: Suicune|155\/404|[from] item: Leftovers
|turn|22
|
|move|p2a: Lopunny|High Jump Kick|p1a: Suicune
|-damage|p1a: Suicune|2\/404
|move|p1a: Suicune|Rest|p1a: Suicune
|-status|p1a: Suicune|slp
|-heal|p1a: Suicune|404\/404 slp|[silent]
|-status|p1a: Suicune|slp|[from] move: Rest
|
|turn|23
|c| meowiekins|encore
|c|âDonphantastic|,
|
|switch|p2a: Empoleon|Empoleon, F|286\/372
|cant|p1a: Suicune|slp
|move|p1a: Suicune|Sleep Talk|p1a: Suicune
|move|p1a: Suicune|Calm Mind|p1a: Suicune|[from]Sleep Talk
|-boost|p1a: Suicune|spa|1
|-boost|p1a: Suicune|spd|1
|
|-heal|p2a: Empoleon|309\/372|[from] item: Leftovers
|turn|24
|c|âDonphantastic|*.
|c|âDonphantastic|I
|c|âDonphantastic|wish
|c|âDonphantastic|I was that smart
|c| meowiekins|encore is great
|c|âDonphantastic|I have ice punch for spdef gligar tho
|c| meowiekins|just roar and fkn bop this thing
|c|âDonphantastic|cause it kinda shits on my team
|c| meowiekins|with sludge wave
|c|âDonphantastic|y
|
|cant|p1a: Suicune|slp
|move|p1a: Suicune|Sleep Talk|p1a: Suicune
|move|p1a: Suicune|Calm Mind|p1a: Suicune|[from]Sleep Talk
|-boost|p1a: Suicune|spa|1
|-boost|p1a: Suicune|spd|1
|move|p2a: Empoleon|Roar|p1a: Suicune
|drag|p1a: Hydreigon|Hydreigon, F|245\/325
|-damage|p1a: Hydreigon|205\/325|[from] Stealth Rock
|
|-heal|p2a: Empoleon|332\/372|[from] item: Leftovers
|turn|25
|
|move|p1a: Hydreigon|Draco Meteor|p2a: Empoleon
|-resisted|p2a: Empoleon
|-damage|p2a: Empoleon|245\/372
|-unboost|p1a: Hydreigon|spa|2
|move|p2a: Empoleon|Scald|p1a: Hydreigon
|-resisted|p1a: Hydreigon
|-damage|p1a: Hydreigon|148\/325
|-status|p1a: Hydreigon|brn
|
|-heal|p2a: Empoleon|268\/372|[from] item: Leftovers
|-damage|p1a: Hydreigon|108\/325 brn|[from] brn
|turn|26
|
|move|p1a: Hydreigon|Draco Meteor|p2a: Empoleon
|-resisted|p2a: Empoleon
|-damage|p2a: Empoleon|229\/372
|-unboost|p1a: Hydreigon|spa|2
|move|p2a: Empoleon|Scald|p1a: Hydreigon
|-resisted|p1a: Hydreigon
|-damage|p1a: Hydreigon|52\/325 brn
|
|-heal|p2a: Empoleon|252\/372|[from] item: Leftovers
|-damage|p1a: Hydreigon|12\/325 brn|[from] brn
|turn|27
|
|move|p1a: Hydreigon|Draco Meteor|p2a: Empoleon
|-resisted|p2a: Empoleon
|-damage|p2a: Empoleon|227\/372
|-unboost|p1a: Hydreigon|spa|2
|move|p2a: Empoleon|Scald|p1a: Hydreigon
|-resisted|p1a: Hydreigon
|-damage|p1a: Hydreigon|0 fnt
|faint|p1a: Hydreigon
|
|-heal|p2a: Empoleon|250\/372|[from] item: Leftovers
|
|switch|p1a: Krook|Krookodile, F|272\/332
|-damage|p1a: Krook|252\/332|[from] Stealth Rock
|turn|28
|
|move|p1a: Krook|Stone Edge|p2a: Empoleon
|-crit|p2a: Empoleon
|-resisted|p2a: Empoleon
|-damage|p2a: Empoleon|148\/372
|move|p2a: Empoleon|Scald|p1a: Krook
|-supereffective|p1a: Krook
|-damage|p1a: Krook|0 fnt
|faint|p1a: Krook
|
|-heal|p2a: Empoleon|171\/372|[from] item: Leftovers
|
|switch|p1a: Suicune|Suicune|404\/404 slp
|-damage|p1a: Suicune|354\/404 slp|[from] Stealth Rock
|-ability|p1a: Suicune|Pressure
|turn|29
|join|YeLlOw SkArMoRy
|c| meowiekins|are you taunt bat?
|
|switch|p2a: Dragalge|Dragalge, F|301\/301
|-curestatus|p1a: Suicune|slp
|move|p1a: Suicune|Calm Mind|p1a: Suicune
|-boost|p1a: Suicune|spa|1
|-boost|p1a: Suicune|spd|1
|
|-heal|p1a: Suicune|379\/404|[from] item: Leftovers
|turn|30
|
|move|p1a: Suicune|Calm Mind|p1a: Suicune
|-boost|p1a: Suicune|spa|1
|-boost|p1a: Suicune|spd|1
|move|p2a: Dragalge|Sludge Wave|p1a: Suicune
|-damage|p1a: Suicune|251\/404
|
|-heal|p1a: Suicune|276\/404|[from] item: Leftovers
|turn|31
|c| meowiekins|just
|c| meowiekins|crit
|c| meowiekins|ez
|c|âDonphantastic|ez
|
|move|p1a: Suicune|Calm Mind|p1a: Suicune
|-boost|p1a: Suicune|spa|1
|-boost|p1a: Suicune|spd|1
|move|p2a: Dragalge|Sludge Wave|p1a: Suicune
|-damage|p1a: Suicune|176\/404
|
|-heal|p1a: Suicune|201\/404|[from] item: Leftovers
|turn|32
|c| YeLlOw SkArMoRy|ezpz
|c|âDonphantastic|I am due for one
|c| YeLlOw SkArMoRy|poison where
|
|move|p1a: Suicune|Calm Mind|p1a: Suicune
|-boost|p1a: Suicune|spa|1
|-boost|p1a: Suicune|spd|1
|move|p2a: Dragalge|Sludge Wave|p1a: Suicune
|-damage|p1a: Suicune|111\/404
|
|-heal|p1a: Suicune|136\/404|[from] item: Leftovers
|turn|33
|
|move|p1a: Suicune|Calm Mind|p1a: Suicune
|-boost|p1a: Suicune|spa|1
|-boost|p1a: Suicune|spd|1
|move|p2a: Dragalge|Sludge Wave|p1a: Suicune
|-damage|p1a: Suicune|64\/404
|-status|p1a: Suicune|psn
|
|-heal|p1a: Suicune|89\/404 psn|[from] item: Leftovers
|-damage|p1a: Suicune|39\/404 psn|[from] psn
|turn|34
|
|switch|p2a: Crobat|Crobat, F|361\/361
|move|p1a: Suicune|Rest|p1a: Suicune
|-status|p1a: Suicune|slp
|-heal|p1a: Suicune|404\/404 slp|[silent]
|-status|p1a: Suicune|slp|[from] move: Rest
|
|turn|35
|
|move|p2a: Crobat|Brave Bird|p1a: Suicune
|-damage|p1a: Suicune|298\/404 slp
|-damage|p2a: Crobat|326\/361|[from] recoil|[of] p1a: Suicune
|cant|p1a: Suicune|slp
|move|p1a: Suicune|Sleep Talk|p1a: Suicune
|move|p1a: Suicune|Scald|p2a: Crobat|[from]Sleep Talk
|-damage|p2a: Crobat|0 fnt
|faint|p2a: Crobat
|
|-heal|p1a: Suicune|323\/404 slp|[from] item: Leftovers
|
|switch|p2a: Lopunny|Lopunny-Mega, F|271\/271
|turn|36
|
|move|p2a: Lopunny|High Jump Kick|p1a: Suicune
|-damage|p1a: Suicune|160\/404 slp
|cant|p1a: Suicune|slp
|move|p1a: Suicune|Sleep Talk|p1a: Suicune
|move|p1a: Suicune|Rest|p1a: Suicune|[from]Sleep Talk
|-fail|p1a: Suicune
|
|-heal|p1a: Suicune|185\/404 slp|[from] item: Leftovers
|turn|37
|
|move|p2a: Lopunny|High Jump Kick|p1a: Suicune
|-damage|p1a: Suicune|31\/404 slp
|-curestatus|p1a: Suicune|slp
|move|p1a: Suicune|Rest|p1a: Suicune
|-status|p1a: Suicune|slp
|-heal|p1a: Suicune|404\/404 slp|[silent]
|-status|p1a: Suicune|slp|[from] move: Rest
|
|turn|38
|
|move|p2a: Lopunny|High Jump Kick|p1a: Suicune
|-damage|p1a: Suicune|254\/404 slp
|cant|p1a: Suicune|slp
|move|p1a: Suicune|Sleep Talk|p1a: Suicune
|move|p1a: Suicune|Rest|p1a: Suicune|[from]Sleep Talk
|-fail|p1a: Suicune
|
|-heal|p1a: Suicune|279\/404 slp|[from] item: Leftovers
|turn|39
|c| YeLlOw SkArMoRy|crit has to be soon
|
|move|p2a: Lopunny|High Jump Kick|p1a: Suicune
|-damage|p1a: Suicune|132\/404 slp
|cant|p1a: Suicune|slp
|move|p1a: Suicune|Sleep Talk|p1a: Suicune
|move|p1a: Suicune|Calm Mind|p1a: Suicune|[from]Sleep Talk
|-boost|p1a: Suicune|spa|1
|-boost|p1a: Suicune|spd|1
|
|-heal|p1a: Suicune|157\/404 slp|[from] item: Leftovers
|turn|40
|c|âTrauMill|Noooo
|
|move|p2a: Lopunny|High Jump Kick|p1a: Suicune
|-damage|p1a: Suicune|6\/404 slp
|-curestatus|p1a: Suicune|slp
|move|p1a: Suicune|Rest|p1a: Suicune
|-status|p1a: Suicune|slp
|-heal|p1a: Suicune|404\/404 slp|[silent]
|-status|p1a: Suicune|slp|[from] move: Rest
|
|turn|41
|c|âTrauMill|o
|c|âTrauMill|I thought i was dead
|c|âDonphantastic|I got
|c|âDonphantastic|low rolls
|
|move|p2a: Lopunny|Return|p1a: Suicune
|-damage|p1a: Suicune|290\/404 slp
|cant|p1a: Suicune|slp
|move|p1a: Suicune|Sleep Talk|p1a: Suicune
|move|p1a: Suicune|Calm Mind|p1a: Suicune|[from]Sleep Talk
|-fail|p1a: Suicune
|
|-heal|p1a: Suicune|315\/404 slp|[from] item: Leftovers
|turn|42
|c|âTrauMill|SCalddddd
|
|move|p2a: Lopunny|Return|p1a: Suicune
|-damage|p1a: Suicune|188\/404 slp
|cant|p1a: Suicune|slp
|move|p1a: Suicune|Sleep Talk|p1a: Suicune
|move|p1a: Suicune|Rest|p1a: Suicune|[from]Sleep Talk
|-fail|p1a: Suicune
|
|-heal|p1a: Suicune|213\/404 slp|[from] item: Leftovers
|turn|43
|
|move|p2a: Lopunny|Return|p1a: Suicune
|-damage|p1a: Suicune|78\/404 slp
|-curestatus|p1a: Suicune|slp
|move|p1a: Suicune|Rest|p1a: Suicune
|-status|p1a: Suicune|slp
|-heal|p1a: Suicune|404\/404 slp|[silent]
|-status|p1a: Suicune|slp|[from] move: Rest
|
|turn|44
|
|move|p2a: Lopunny|Return|p1a: Suicune
|-damage|p1a: Suicune|290\/404 slp
|cant|p1a: Suicune|slp
|move|p1a: Suicune|Sleep Talk|p1a: Suicune
|move|p1a: Suicune|Calm Mind|p1a: Suicune|[from]Sleep Talk
|-fail|p1a: Suicune
|
|-heal|p1a: Suicune|315\/404 slp|[from] item: Leftovers
|turn|45
|c|âTrauMill|fucking scald
|
|move|p2a: Lopunny|Return|p1a: Suicune
|-damage|p1a: Suicune|182\/404 slp
|cant|p1a: Suicune|slp
|move|p1a: Suicune|Sleep Talk|p1a: Suicune
|move|p1a: Suicune|Rest|p1a: Suicune|[from]Sleep Talk
|-fail|p1a: Suicune
|
|-heal|p1a: Suicune|207\/404 slp|[from] item: Leftovers
|turn|46
|
|move|p2a: Lopunny|Return|p1a: Suicune
|-damage|p1a: Suicune|84\/404 slp
|-curestatus|p1a: Suicune|slp
|move|p1a: Suicune|Rest|p1a: Suicune
|-status|p1a: Suicune|slp
|-heal|p1a: Suicune|404\/404 slp|[silent]
|-status|p1a: Suicune|slp|[from] move: Rest
|
|turn|47
|leave|YeLlOw SkArMoRy
|
|switch|p2a: Dragalge|Dragalge, F|301\/301
|cant|p1a: Suicune|slp
|move|p1a: Suicune|Sleep Talk|p1a: Suicune
|move|p1a: Suicune|Scald|p2a: Dragalge|[from]Sleep Talk
|-resisted|p2a: Dragalge
|-damage|p2a: Dragalge|151\/301
|-status|p2a: Dragalge|brn
|
|-damage|p2a: Dragalge|114\/301 brn|[from] brn
|turn|48
|c|âTrauMill|R
|c|âTrauMill|U
|
|cant|p1a: Suicune|slp
|move|p1a: Suicune|Sleep Talk|p1a: Suicune
|move|p1a: Suicune|Calm Mind|p1a: Suicune|[from]Sleep Talk
|-fail|p1a: Suicune
|move|p2a: Dragalge|Draco Meteor|p1a: Suicune
|-damage|p1a: Suicune|310\/404 slp
|-unboost|p2a: Dragalge|spa|2
|
|-heal|p1a: Suicune|335\/404 slp|[from] item: Leftovers
|-damage|p2a: Dragalge|77\/301 brn|[from] brn
|turn|49
|
|switch|p2a: Hydreigon|Hydreigon, M|325\/325
|-curestatus|p1a: Suicune|slp
|move|p1a: Suicune|Scald|p2a: Hydreigon
|-resisted|p2a: Hydreigon
|-damage|p2a: Hydreigon|148\/325
|-status|p2a: Hydreigon|brn
|
|-heal|p1a: Suicune|360\/404|[from] item: Leftovers
|-damage|p2a: Hydreigon|108\/325 brn|[from] brn
|turn|50
|
|move|p2a: Hydreigon|Draco Meteor|p1a: Suicune|[miss]
|-miss|p2a: Hydreigon|p1a: Suicune
|move|p1a: Suicune|Rest|p1a: Suicune
|-status|p1a: Suicune|slp
|-heal|p1a: Suicune|404\/404 slp|[silent]
|-status|p1a: Suicune|slp|[from] move: Rest
|
|-damage|p2a: Hydreigon|68\/325 brn|[from] brn
|turn|51
|c|âTrauMill|I wan
|
|move|p2a: Hydreigon|Draco Meteor|p1a: Suicune
|-damage|p1a: Suicune|350\/404 slp
|-unboost|p2a: Hydreigon|spa|2
|cant|p1a: Suicune|slp
|move|p1a: Suicune|Sleep Talk|p1a: Suicune
|move|p1a: Suicune|Scald|p2a: Hydreigon|[from]Sleep Talk
|-resisted|p2a: Hydreigon
|-damage|p2a: Hydreigon|0 fnt
|faint|p2a: Hydreigon
|
|-heal|p1a: Suicune|375\/404 slp|[from] item: Leftovers
|
|switch|p2a: Dragalge|Dragalge, F|77\/301 brn
|turn|52
|join|YeLlOw SkArMoRy
|c|âDonphantastic|0 crits
|c|âDonphantastic|must be hax
|c|âTrauMill|lol
|c|âTrauMill|All hax
|
|cant|p1a: Suicune|slp
|move|p1a: Suicune|Sleep Talk|p1a: Suicune
|move|p1a: Suicune|Scald|p2a: Dragalge|[from]Sleep Talk
|-resisted|p2a: Dragalge
|-damage|p2a: Dragalge|0 fnt
|faint|p2a: Dragalge
|
|-heal|p1a: Suicune|400\/404 slp|[from] item: Leftovers
|c|âDonphantastic|well
|c|âDonphantastic|tbh
|c|âDonphantastic|mathematically
|c|âDonphantastic|one should have happened
|c|âTrauMill|H
|c|âTrauMill|a
|c|âTrauMill|x
|-message|Donphantastic forfeited.
|
|win|TrauMill
|leave|Donphantastic
|player|p2
|c|âTrauMill|AA
|leave|YeLlOw SkArMoRy