|join|LiberalLucario
|join|Donphantastic
|player|p1|LiberalLucario|15
|player|p2|Donphantastic|2
|gametype|singles
|gen|6
|tier|UU
|rule|Sleep Clause Mod: Limit one foe put to sleep
|rule|Species Clause: Limit one of each PokÃ©mon
|rule|OHKO Clause: OHKO moves are banned
|rule|Moody Clause: Moody is banned
|rule|Evasion Moves Clause: Evasion moves are banned
|rule|Endless Battle Clause: Forcing endless battles is banned
|rule|HP Percentage Mod: HP is shown in percentages
|clearpoke
|poke|p1|Jirachi
|poke|p1|Hydreigon, F
|poke|p1|Rhyperior, F
|poke|p1|Florges, F
|poke|p1|Blastoise, F
|poke|p1|Victini
|poke|p2|Nidoqueen, F
|poke|p2|Lucario, F
|poke|p2|Raikou
|poke|p2|Togekiss, F
|poke|p2|Dugtrio, M
|poke|p2|Hydreigon, M
|rule|Swagger Clause: Swagger is banned
|rule|Baton Pass Clause: Limit one PokÃ©mon knowing Baton Pass
|teampreview
|c|âDonphantastic|Even tho
|c|âLiberalLucario|Donphan
|c|âLiberalLucario|Don't sack duggy
|c|âDonphantastic|ty
|c|âDonphantastic|:]
|c|âDonphantastic|also
|join|OG_Wanka
|c|âDonphantastic|ty for participating
|c|âLiberalLucario|yeah np
|c|âDonphantastic|This tourney woulda been a clean sweep w\/o you imo
|c|âLiberalLucario|yeah
|c|âLiberalLucario|you were by far the best player in this tourney
|c|âLiberalLucario|playing you has made it more entertaining for me
|
|start
|switch|p1a: Blastoise|Blastoise, F|333\/333
|switch|p2a: Nidoqueen|Nidoqueen, F|347\/347
|turn|1
|join|Outer World
|c| Outer World|liberal luckario
|c| Outer World|2 the rescue
|
|detailschange|p1a: Blastoise|Blastoise-Mega, F
|message|Blastoise has Mega Evolved into Mega Blastoise!
|move|p2a: Nidoqueen|Earth Power|p1a: Blastoise
|-damage|p1a: Blastoise|146\/333
|move|p1a: Blastoise|Hydro Pump|p2a: Nidoqueen
|-supereffective|p2a: Nidoqueen
|-damage|p2a: Nidoqueen|0 fnt
|faint|p2a: Nidoqueen
|
|c|âDonphantastic|Ouch
|c| Outer World|hydro miss
|c| Outer World|just hit
|c| Outer World|erm
|c| Outer World|wait
|c| Outer World|why do you use hydro pump
|c|âLiberalLucario|power?
|c| Outer World|when water pulse has 120 power
|c|âLiberalLucario|hydro pump is optimal
|c|âLiberalLucario|uh
|c|âLiberalLucario|hydro pump has
|c|âLiberalLucario|180
|c|âLiberalLucario|180>120
|c| Outer World|its only aura and pulse moves lol
|c|âDonphantastic|I dont like pump
|c|âDonphantastic|cause unlucky
|c|âLiberalLucario|and your point is?
|
|switch|p2a: Dugtrio|Dugtrio, M|211\/211
|turn|2
|c|âDonphantastic|This is not a sack
|c|âLiberalLucario|do you know about mega launcher
|c|âDonphantastic|this is getting rid of threat
|c|âLiberalLucario|!data mega launcher
|c|~|\/data-ability Mega Launcher

|c| Outer World|hydro is 110 power
|c|âLiberalLucario|therefore
|c| OG_Wanka|mega launcher is the same as specs
|c|âLiberalLucario|water pulse is 90
|c| OG_Wanka|1.5 boosts
|
|move|p2a: Dugtrio|Earthquake|p1a: Blastoise
|-damage|p1a: Blastoise|0 fnt
|faint|p1a: Blastoise
|
|
|switch|p1a: Hydreigon|Hydreigon, F|325\/325
|turn|3
|leave|Outer World
|
|move|p1a: Hydreigon|U-turn|p2a: Dugtrio
|-damage|p2a: Dugtrio|116\/211
|c|âDonphantastic|they call me plays
|c| OG_Wanka|lel
|c|âLiberalLucario|let me think
|
|switch|p1a: Jirachi|Jirachi|404\/404
|move|p2a: Dugtrio|Earthquake|p1a: Jirachi
|-supereffective|p1a: Jirachi
|-damage|p1a: Jirachi|32\/404
|
|-heal|p1a: Jirachi|57\/404|[from] item: Leftovers
|turn|4
|
|move|p2a: Dugtrio|Earthquake|p1a: Jirachi
|-supereffective|p1a: Jirachi
|-damage|p1a: Jirachi|0 fnt
|faint|p1a: Jirachi
|
|
|switch|p1a: Florges|Florges, F|360\/360
|turn|5
|
|switch|p2a: Togekiss|Togekiss, F|373\/373
|move|p1a: Florges|Moonblast|p2a: Togekiss
|-damage|p2a: Togekiss|285\/373
|
|-heal|p2a: Togekiss|308\/373|[from] item: Leftovers
|turn|6
|
|switch|p2a: Raikou|Raikou|322\/322
|-ability|p2a: Raikou|Pressure
|switch|p1a: Rhyperior|Rhyperior, F|434\/434
|
|turn|7
|
|switch|p1a: Hydreigon|Hydreigon, F|325\/325
|move|p2a: Raikou|Hidden Power|p1a: Hydreigon
|-crit|p1a: Hydreigon
|-resisted|p1a: Hydreigon
|-damage|p1a: Hydreigon|260\/325
|
|turn|8
|
|move|p1a: Hydreigon|U-turn|p2a: Raikou
|-damage|p2a: Raikou|254\/322
|
|switch|p1a: Florges|Florges, F|360\/360
|move|p2a: Raikou|Volt Switch|p1a: Florges
|-damage|p1a: Florges|284\/360
|
|switch|p2a: Lucario|Lucario, F|281\/281
|
|-heal|p1a: Florges|306\/360|[from] item: Leftovers
|turn|9
|
|switch|p1a: Victini|Victini|341\/341
|move|p2a: Lucario|Swords Dance|p2a: Lucario
|-boost|p2a: Lucario|atk|2
|
|turn|10
|
|switch|p2a: Hydreigon|Hydreigon, M|325\/325
|move|p1a: Victini|V-create|p2a: Hydreigon
|-resisted|p2a: Hydreigon
|-damage|p2a: Hydreigon|84\/325
|-unboost|p1a: Victini|def|1
|-unboost|p1a: Victini|spd|1
|-unboost|p1a: Victini|spe|1
|
|turn|11
|
|switch|p2a: Lucario|Lucario, F|281\/281
|switch|p1a: Florges|Florges, F|306\/360
|
|-heal|p1a: Florges|328\/360|[from] item: Leftovers
|turn|12
|
|switch|p1a: Victini|Victini|341\/341
|move|p2a: Lucario|Swords Dance|p2a: Lucario
|-boost|p2a: Lucario|atk|2
|
|turn|13
|
|move|p1a: Victini|V-create|p2a: Lucario
|-supereffective|p2a: Lucario
|-damage|p2a: Lucario|0 fnt
|-unboost|p1a: Victini|def|1
|-unboost|p1a: Victini|spd|1
|-unboost|p1a: Victini|spe|1
|faint|p2a: Lucario
|
|c|âDonphantastic|damn
|c|âDonphantastic|knew I shoulda sacked hydrei
|c|âDonphantastic|trapped tini
|
|switch|p2a: Dugtrio|Dugtrio, M|116\/211
|turn|14
|c|âLiberalLucario|well tbh
|c|âLiberalLucario|you can't stop rhyp now
|
|move|p2a: Dugtrio|Earthquake|p1a: Victini
|-supereffective|p1a: Victini
|-damage|p1a: Victini|0 fnt
|faint|p1a: Victini
|
|c|âDonphantastic|I tried over thinking
|
|switch|p1a: Hydreigon|Hydreigon, F|260\/325
|turn|15
|c|âDonphantastic|didnt work out
|c|âDonphantastic|and I cant kill florges
|c|âDonphantastic|which is bigger
|
|switch|p2a: Raikou|Raikou|254\/322
|-ability|p2a: Raikou|Pressure
|move|p1a: Hydreigon|Dark Pulse|p2a: Raikou
|-damage|p2a: Raikou|121\/322
|
|turn|16
|
|switch|p2a: Togekiss|Togekiss, F|308\/373
|move|p1a: Hydreigon|Dark Pulse|p2a: Togekiss
|-resisted|p2a: Togekiss
|-damage|p2a: Togekiss|260\/373
|
|-heal|p2a: Togekiss|283\/373|[from] item: Leftovers
|turn|17
|
|switch|p1a: Rhyperior|Rhyperior, F|434\/434
|move|p2a: Togekiss|Thunder Wave|p1a: Rhyperior
|-immune|p1a: Rhyperior|[msg]
|
|-heal|p2a: Togekiss|306\/373|[from] item: Leftovers
|turn|18
|
|switch|p2a: Hydreigon|Hydreigon, M|84\/325
|move|p1a: Rhyperior|Rock Blast|p2a: Hydreigon
|-damage|p2a: Hydreigon|36\/325
|-damage|p2a: Hydreigon|0 fnt
|-hitcount|p2a: Hydreigon|2
|faint|p2a: Hydreigon
|
|
|switch|p2a: Dugtrio|Dugtrio, M|116\/211
|turn|19
|
|move|p2a: Dugtrio|Earthquake|p1a: Rhyperior
|-supereffective|p1a: Rhyperior
|-damage|p1a: Rhyperior|221\/434
|move|p1a: Rhyperior|Earthquake|p2a: Dugtrio
|-damage|p2a: Dugtrio|0 fnt
|faint|p2a: Dugtrio
|
|-heal|p1a: Rhyperior|248\/434|[from] item: Leftovers
|
|switch|p2a: Raikou|Raikou|121\/322
|-ability|p2a: Raikou|Pressure
|turn|20
|
|switch|p1a: Florges|Florges, F|328\/360
|move|p2a: Raikou|Hidden Power|p1a: Florges
|-damage|p1a: Florges|287\/360
|
|-heal|p1a: Florges|309\/360|[from] item: Leftovers
|turn|21
|
|move|p2a: Raikou|Volt Switch|p1a: Florges
|-damage|p1a: Florges|233\/360
|
|switch|p2a: Togekiss|Togekiss, F|306\/373
|move|p1a: Florges|Wish|p1a: Florges
|
|-heal|p2a: Togekiss|329\/373|[from] item: Leftovers
|-heal|p1a: Florges|255\/360|[from] item: Leftovers
|turn|22
|
|switch|p1a: Rhyperior|Rhyperior, F|248\/434
|move|p2a: Togekiss|Air Slash|p1a: Rhyperior
|-resisted|p1a: Rhyperior
|-damage|p1a: Rhyperior|196\/434
|
|-heal|p1a: Rhyperior|376\/434|[from] move: Wish|[wisher] Florges
|-heal|p2a: Togekiss|352\/373|[from] item: Leftovers
|-heal|p1a: Rhyperior|403\/434|[from] item: Leftovers
|turn|23
|
|move|p2a: Togekiss|Air Slash|p1a: Rhyperior
|-resisted|p1a: Rhyperior
|-damage|p1a: Rhyperior|349\/434
|cant|p1a: Rhyperior|flinch
|
|-heal|p2a: Togekiss|373\/373|[from] item: Leftovers
|-heal|p1a: Rhyperior|376\/434|[from] item: Leftovers
|turn|24
|
|move|p2a: Togekiss|Air Slash|p1a: Rhyperior
|-resisted|p1a: Rhyperior
|-damage|p1a: Rhyperior|323\/434
|move|p1a: Rhyperior|Rock Blast|p2a: Togekiss
|-supereffective|p2a: Togekiss
|-damage|p2a: Togekiss|287\/373
|-supereffective|p2a: Togekiss
|-damage|p2a: Togekiss|207\/373
|-supereffective|p2a: Togekiss
|-damage|p2a: Togekiss|123\/373
|-supereffective|p2a: Togekiss
|-damage|p2a: Togekiss|43\/373
|-hitcount|p2a: Togekiss|4
|
|-heal|p2a: Togekiss|66\/373|[from] item: Leftovers
|-heal|p1a: Rhyperior|350\/434|[from] item: Leftovers
|turn|25
|
|move|p2a: Togekiss|Air Slash|p1a: Rhyperior
|-resisted|p1a: Rhyperior
|-damage|p1a: Rhyperior|295\/434
|move|p1a: Rhyperior|Earthquake|p2a: Togekiss
|-immune|p2a: Togekiss|[msg]
|
|-heal|p2a: Togekiss|89\/373|[from] item: Leftovers
|-heal|p1a: Rhyperior|322\/434|[from] item: Leftovers
|turn|26
|
|move|p2a: Togekiss|Roost|p2a: Togekiss
|-heal|p2a: Togekiss|276\/373
|move|p1a: Rhyperior|Rock Blast|p2a: Togekiss
|-damage|p2a: Togekiss|231\/373
|-damage|p2a: Togekiss|186\/373
|-damage|p2a: Togekiss|147\/373
|-damage|p2a: Togekiss|102\/373
|-hitcount|p2a: Togekiss|4
|
|-heal|p2a: Togekiss|125\/373|[from] item: Leftovers
|-heal|p1a: Rhyperior|349\/434|[from] item: Leftovers
|turn|27
|
|move|p2a: Togekiss|Air Slash|p1a: Rhyperior
|-resisted|p1a: Rhyperior
|-damage|p1a: Rhyperior|295\/434
|cant|p1a: Rhyperior|flinch
|
|-heal|p2a: Togekiss|148\/373|[from] item: Leftovers
|-heal|p1a: Rhyperior|322\/434|[from] item: Leftovers
|turn|28
|
|move|p2a: Togekiss|Air Slash|p1a: Rhyperior
|-resisted|p1a: Rhyperior
|-damage|p1a: Rhyperior|265\/434
|cant|p1a: Rhyperior|flinch
|
|-heal|p2a: Togekiss|171\/373|[from] item: Leftovers
|-heal|p1a: Rhyperior|292\/434|[from] item: Leftovers
|turn|29
|
|move|p2a: Togekiss|Air Slash|p1a: Rhyperior
|-resisted|p1a: Rhyperior
|-damage|p1a: Rhyperior|235\/434
|move|p1a: Rhyperior|Rock Blast|p2a: Togekiss
|-supereffective|p2a: Togekiss
|-damage|p2a: Togekiss|81\/373
|-crit|p2a: Togekiss
|-supereffective|p2a: Togekiss
|-damage|p2a: Togekiss|0 fnt
|-hitcount|p2a: Togekiss|2
|faint|p2a: Togekiss
|
|-heal|p1a: Rhyperior|262\/434|[from] item: Leftovers
|
|switch|p2a: Raikou|Raikou|121\/322
|-ability|p2a: Raikou|Pressure
|turn|30
|
|move|p2a: Raikou|Hidden Power|p1a: Rhyperior
|-supereffective|p1a: Rhyperior
|-damage|p1a: Rhyperior|17\/434
|move|p1a: Rhyperior|Earthquake|p2a: Raikou
|-crit|p2a: Raikou
|-supereffective|p2a: Raikou
|-damage|p2a: Raikou|0 fnt
|faint|p2a: Raikou
|
|win|LiberalLucario
|c|âLiberalLucario|gg dude
|c|âDonphantastic|gg fren
|c|âLiberalLucario|sorry i beat you at your own tourney
|leave|OG_Wanka
|c|âDonphantastic|np
|c|âDonphantastic|I'd rahter have fun than win
|c|âDonphantastic|and I cant complain about a rhyp winning
|c|âLiberalLucario|didja have fun :]
|c|âLiberalLucario|also rhyp is underrated imo
|c|âDonphantastic|extreemly
|c|âDonphantastic|which is why im okay with this
|c|âDonphantastic|if I ever get a good screen rec, this will be going up on my channel
|c|âDonphantastic|I'll let you know