|join|Donphantastic
|join|xFalse
|player|p1|Donphantastic|290
|player|p2|xFalse|286
|gametype|singles
|gen|6
|tier|UU
|rule|Sleep Clause Mod: Limit one foe put to sleep
|rule|Species Clause: Limit one of each PokÃ©mon
|rule|OHKO Clause: OHKO moves are banned
|rule|Moody Clause: Moody is banned
|rule|Evasion Moves Clause: Evasion moves are banned
|rule|Endless Battle Clause: Forcing endless battles is banned
|rule|HP Percentage Mod: HP is shown in percentages
|clearpoke
|poke|p1|Honchkrow, F
|poke|p1|Mienshao, F
|poke|p1|Victini
|poke|p1|Shaymin
|poke|p1|Crobat, F
|poke|p1|Jirachi
|poke|p2|Nidoqueen, F
|poke|p2|Raikou, shiny
|poke|p2|Darmanitan, F
|poke|p2|Honchkrow, F, shiny
|poke|p2|Quagsire, F, shiny
|poke|p2|Umbreon, F, shiny
|rule|Swagger Clause: Swagger is banned
|rule|Baton Pass Clause: Limit one PokÃ©mon knowing Baton Pass
|teampreview
|c|âxFalse|glhf
|c|âxFalse|dat team is threatening as hell
|c|âxFalse|le
|c|âDonphantastic|sh
|c|âxFalse|the lag is real
|c|âDonphantastic|you have umbreon and quag
|c|âDonphantastic|I instantly hate you
|
|start
|switch|p1a: Mienshao|Mienshao, F|271\/271
|switch|p2a: swagkou|Raikou, shiny|322\/322
|-ability|p2a: swagkou|Pressure
|turn|1
|c|âxFalse|lol
|c|âDonphantastic|SWEG
|
|switch|p2a: swagsire|Quagsire, F, shiny|394\/394
|move|p1a: Mienshao|High Jump Kick|p2a: swagsire
|-damage|p2a: swagsire|141\/394
|
|-heal|p2a: swagsire|165\/394|[from] item: Leftovers
|turn|2
|c|âDonphantastic|>Switchins
|
|switch|p2a: swagqueen|Nidoqueen, F|330\/330
|move|p1a: Mienshao|High Jump Kick|p2a: swagqueen
|-resisted|p2a: swagqueen
|-damage|p2a: swagqueen|195\/330
|
|turn|3
|
|switch|p1a: Crobat|Crobat, F|373\/373
|move|p2a: swagqueen|Stealth Rock|p1a: Crobat
|-sidestart|p1: Donphantastic|move: Stealth Rock
|
|turn|4
|
|move|p1a: Crobat|Defog|p2a: swagqueen
|-unboost|p2a: swagqueen|evasion|1
|-sideend|p1: Donphantastic|Stealth Rock|[from] move: Defog|[of] p1a: Crobat
|move|p2a: swagqueen|Ice Beam|p1a: Crobat
|-supereffective|p1a: Crobat
|-damage|p1a: Crobat|92\/373
|
|turn|5
|
|move|p1a: Crobat|Acrobatics|p2a: swagqueen
|-damage|p2a: swagqueen|51\/330
|move|p2a: swagqueen|Ice Beam|p1a: Crobat
|-supereffective|p1a: Crobat
|-damage|p1a: Crobat|0 fnt
|faint|p1a: Crobat
|
|
|switch|p1a: Honchkrow|Honchkrow, F|341\/341
|turn|6
|
|move|p1a: Honchkrow|Pursuit|p2a: swagqueen
|-damage|p2a: swagqueen|0 fnt
|-damage|p1a: Honchkrow|307\/341|[from] item: Life Orb
|faint|p2a: swagqueen
|-boost|p1a: Honchkrow|atk|1|[from] ability: Moxie
|
|c|âDonphantastic|and yes I know this team is threatening as hell
|
|switch|p2a: swagkrow|Honchkrow, F, shiny|342\/342
|turn|7
|c|âDonphantastic|bc three deadly sweepers
|
|move|p1a: Honchkrow|Brave Bird|p2a: swagkrow
|-damage|p2a: swagkrow|0 fnt
|-damage|p1a: Honchkrow|194\/341|[from] recoil|[of] p2a: swagkrow
|-damage|p1a: Honchkrow|160\/341|[from] item: Life Orb
|faint|p2a: swagkrow
|-boost|p1a: Honchkrow|atk|1|[from] ability: Moxie
|
|c|âDonphantastic|also I am jolly
|c|âxFalse|:[
|c|âDonphantastic|:]]]]]
|c|âxFalse|i am too
|c|âxFalse|:[
|c|âDonphantastic|Good set
|c|âxFalse|i thought i was the only one
|c|âDonphantastic|many people just click adamant
|c|âxFalse|yeah
|c|âDonphantastic|tbh adamant krow is meta
|
|switch|p2a: swagkou|Raikou, shiny|322\/322
|-ability|p2a: swagkou|Pressure
|turn|8
|
|switch|p2a: swageon|Umbreon, F, shiny|394\/394
|move|p1a: Honchkrow|Sucker Punch|p2a: swageon
|-fail|p2a: swageon
|
|turn|9
|c|âxFalse|wtf was that
|c|âDonphantastic|I am a fan of the click and die play style
|c|âxFalse|lol
|c|âDonphantastic|I recommend it
|
|move|p1a: Honchkrow|Brave Bird|p2a: swageon
|-damage|p2a: swageon|0 fnt
|-damage|p1a: Honchkrow|30\/341|[from] recoil|[of] p2a: swageon
|-damage|p1a: Honchkrow|0 fnt|[from] item: Life Orb
|faint|p2a: swageon
|faint|p1a: Honchkrow
|
|c|âDonphantastic|just get some mons that things die to when they click a move
|c|âxFalse|lol
|c|âxFalse|i get rent by victini
|
|switch|p1a: Victini|Victini|341\/341
|switch|p2a: swagsire|Quagsire, F, shiny|165\/394
|turn|10
|c|âDonphantastic|and honch
|c|âDonphantastic|and mien
|c|âDonphantastic|which is an amazing offensive core btw
|
|move|p1a: Victini|V-create|p2a: swagsire
|-resisted|p2a: swagsire
|-damage|p2a: swagsire|0 fnt
|-unboost|p1a: Victini|def|1
|-unboost|p1a: Victini|spd|1
|-unboost|p1a: Victini|spe|1
|faint|p2a: swagsire
|
|
|switch|p2a: swagmonkey|Darmanitan, F|351\/351
|turn|11
|c|âxFalse|lol
|c|âxFalse|if darmanitan had priority
|
|move|p2a: swagmonkey|Earthquake|p1a: Victini
|-supereffective|p1a: Victini
|-damage|p1a: Victini|0 fnt
|faint|p1a: Victini
|
|
|switch|p1a: Mienshao|Mienshao, F|271\/271
|turn|12
|join|specs umbreon
|c|âxFalse|miss pls
|
|switch|p2a: swagkou|Raikou, shiny|322\/322
|-ability|p2a: swagkou|Pressure
|move|p1a: Mienshao|High Jump Kick|p2a: swagkou
|-damage|p2a: swagkou|0 fnt
|faint|p2a: swagkou
|
|c|âxFalse|O.o
|
|switch|p2a: swagmonkey|Darmanitan, F|351\/351
|turn|13
|c|âDonphantastic|they call me power
|
|move|p1a: Mienshao|High Jump Kick|p2a: swagmonkey|[miss]
|-miss|p1a: Mienshao|p2a: swagmonkey
|-damage|p1a: Mienshao|136\/271|[from] highjumpkick
|move|p2a: swagmonkey|Flare Blitz|p1a: Mienshao
|-crit|p1a: Mienshao
|-damage|p1a: Mienshao|0 fnt
|-damage|p2a: swagmonkey|306\/351|[from] recoil|[of] p1a: Mienshao
|faint|p1a: Mienshao
|
|c|âDonphantastic|oml
|c|âDonphantastic|ofc
|c|âxFalse|YESSSSSSS
|
|switch|p1a: Jirachi|Jirachi|404\/404
|turn|14
|c|âDonphantastic|not surprised
|c|âDonphantastic|but still
|c|âDonphantastic|:p
|
|move|p2a: swagmonkey|Flare Blitz|p1a: Jirachi
|-supereffective|p1a: Jirachi
|-damage|p1a: Jirachi|0 fnt
|-damage|p2a: swagmonkey|173\/351|[from] recoil|[of] p1a: Jirachi
|faint|p1a: Jirachi
|
|c|âDonphantastic|I miss played
|c|âDonphantastic|the play there
|c|âDonphantastic|was switch out
|c|âDonphantastic|knock off
|c|âDonphantastic|and win with shaymin
|
|switch|p1a: Shaymin|Shaymin|341\/341
|turn|15
|
|move|p2a: swagmonkey|Flare Blitz|p1a: Shaymin
|-supereffective|p1a: Shaymin
|-damage|p1a: Shaymin|0 fnt
|-damage|p2a: swagmonkey|60\/351|[from] recoil|[of] p1a: Shaymin
|faint|p1a: Shaymin
|
|win|xFalse
|leave|Donphantastic
|player|p1
|leave|specs umbreon