|join|Donphantastic
|join|GeathDrips
|player|p1|Donphantastic|290
|player|p2|GeathDrips|49
|gametype|singles
|gen|6
|tier|UU
|rated
|rule|Sleep Clause Mod: Limit one foe put to sleep
|rule|Species Clause: Limit one of each PokÃ©mon
|rule|OHKO Clause: OHKO moves are banned
|rule|Moody Clause: Moody is banned
|rule|Evasion Moves Clause: Evasion moves are banned
|rule|Endless Battle Clause: Forcing endless battles is banned
|rule|HP Percentage Mod: HP is shown in percentages
|clearpoke
|poke|p1|Vaporeon, M
|poke|p1|Victini
|poke|p1|Raikou
|poke|p1|Hydreigon, M
|poke|p1|Crobat, F
|poke|p1|Swampert, M
|poke|p2|Celebi
|poke|p2|Rotom-Heat
|poke|p2|Suicune
|poke|p2|Jirachi
|poke|p2|Aerodactyl, F
|poke|p2|Nidoqueen, F
|rule|Swagger Clause: Swagger is banned
|rule|Baton Pass Clause: Limit one PokÃ©mon knowing Baton Pass
|teampreview
|
|start
|switch|p1a: Hydreigon|Hydreigon, M|325\/325
|switch|p2a: Jirachi|Jirachi|341\/341
|turn|1
|
|move|p2a: Jirachi|U-turn|p1a: Hydreigon
|-supereffective|p1a: Hydreigon
|-damage|p1a: Hydreigon|177\/325
|
|switch|p2a: Nidoqueen|Nidoqueen, F|362\/362
|move|p1a: Hydreigon|Dark Pulse|p2a: Nidoqueen
|-damage|p2a: Nidoqueen|142\/362
|
|turn|2
|
|move|p1a: Hydreigon|Dark Pulse|p2a: Nidoqueen
|-crit|p2a: Nidoqueen
|-damage|p2a: Nidoqueen|0 fnt
|faint|p2a: Nidoqueen
|
|
|switch|p2a: Aerodactyl|Aerodactyl, F|350\/350
|turn|3
|
|switch|p1a: Swampert|Swampert, M|404\/404
|detailschange|p2a: Aerodactyl|Aerodactyl-Mega, F
|message|Aerodactyl has Mega Evolved into Mega Aerodactyl!
|move|p2a: Aerodactyl|Defog|p1a: Swampert
|-unboost|p1a: Swampert|evasion|1
|
|turn|4
|c|âGeathDrips|misclick
|c|âGeathDrips|lol
|c|âDonphantastic|happens
|
|switch|p2a: Celebi|Celebi|341\/341
|move|p1a: Swampert|Stealth Rock|p2a: Celebi
|-sidestart|p2: GeathDrips|move: Stealth Rock
|
|turn|5
|
|switch|p2a: Jirachi|Jirachi|341\/341
|-damage|p2a: Jirachi|320\/341|[from] Stealth Rock
|switch|p1a: Victini|Victini|341\/341
|
|turn|6
|
|move|p2a: Jirachi|U-turn|p1a: Victini
|-crit|p1a: Victini
|-damage|p1a: Victini|234\/341
|
|switch|p2a: Aerodactyl|Aerodactyl-Mega, F|350\/350
|-damage|p2a: Aerodactyl|263\/350|[from] Stealth Rock
|move|p1a: Victini|U-turn|p2a: Aerodactyl
|-resisted|p2a: Aerodactyl
|-damage|p2a: Aerodactyl|207\/350
|
|switch|p1a: Swampert|Swampert, M|404\/404
|
|turn|7
|
|move|p2a: Aerodactyl|Defog|p1a: Swampert
|-unboost|p1a: Swampert|evasion|1
|-sideend|p2: GeathDrips|Stealth Rock|[from] move: Defog|[of] p2a: Aerodactyl
|move|p1a: Swampert|Scald|p2a: Aerodactyl
|-supereffective|p2a: Aerodactyl
|-damage|p2a: Aerodactyl|45\/350
|-status|p2a: Aerodactyl|brn
|
|-damage|p2a: Aerodactyl|2\/350 brn|[from] brn
|turn|8
|
|move|p2a: Aerodactyl|Roost|p2a: Aerodactyl
|-heal|p2a: Aerodactyl|177\/350 brn
|move|p1a: Swampert|Stealth Rock|p2a: Aerodactyl
|-sidestart|p2: GeathDrips|move: Stealth Rock
|
|-damage|p2a: Aerodactyl|134\/350 brn|[from] brn
|turn|9
|
|move|p2a: Aerodactyl|Defog|p1a: Swampert
|-unboost|p1a: Swampert|evasion|1
|-sideend|p2: GeathDrips|Stealth Rock|[from] move: Defog|[of] p2a: Aerodactyl
|move|p1a: Swampert|Scald|p2a: Aerodactyl
|-supereffective|p2a: Aerodactyl
|-damage|p2a: Aerodactyl|0 fnt
|faint|p2a: Aerodactyl
|
|
|switch|p2a: Celebi|Celebi|341\/341
|turn|10
|
|switch|p1a: Crobat|Crobat, F|373\/373
|move|p2a: Celebi|Swords Dance|p2a: Celebi
|-boost|p2a: Celebi|atk|2
|
|turn|11
|
|switch|p2a: Rotom-Heat|Rotom-Heat|241\/241
|move|p1a: Crobat|Brave Bird|p2a: Rotom-Heat
|-resisted|p2a: Rotom-Heat
|-damage|p2a: Rotom-Heat|163\/241
|-damage|p1a: Crobat|347\/373|[from] recoil|[of] p2a: Rotom-Heat
|
|-heal|p1a: Crobat|370\/373|[from] item: Leftovers
|turn|12
|
|move|p1a: Crobat|U-turn|p2a: Rotom-Heat
|-resisted|p2a: Rotom-Heat
|-damage|p2a: Rotom-Heat|132\/241
|
|switch|p1a: Swampert|Swampert, M|404\/404
|move|p2a: Rotom-Heat|Trick|p1a: Swampert
|-activate|p2a: Rotom-Heat|move: Trick|[of] p1a: Swampert
|-item|p1a: Swampert|Choice Specs|[from] move: Trick
|-item|p2a: Rotom-Heat|Leftovers|[from] move: Trick
|
|-heal|p2a: Rotom-Heat|147\/241|[from] item: Leftovers
|turn|13
|
|switch|p2a: Suicune|Suicune|404\/404
|-ability|p2a: Suicune|Pressure
|move|p1a: Swampert|Stealth Rock|p2a: Suicune
|-sidestart|p2: GeathDrips|move: Stealth Rock
|
|turn|14
|c|âDonphantastic|specs scald y\/n
|
|switch|p1a: Raikou|Raikou|321\/321
|-ability|p1a: Raikou|Pressure
|move|p2a: Suicune|Substitute|p2a: Suicune
|-start|p2a: Suicune|Substitute
|-damage|p2a: Suicune|303\/404
|
|-heal|p2a: Suicune|328\/404|[from] item: Leftovers
|turn|15
|
|move|p1a: Raikou|Thunderbolt|p2a: Suicune
|-supereffective|p2a: Suicune
|-end|p2a: Suicune|Substitute
|move|p2a: Suicune|Scald|p1a: Raikou
|-damage|p1a: Raikou|239\/321
|-status|p1a: Raikou|brn
|
|-heal|p2a: Suicune|353\/404|[from] item: Leftovers
|-damage|p1a: Raikou|199\/321 brn|[from] brn
|turn|16
|
|switch|p2a: Jirachi|Jirachi|320\/341
|-damage|p2a: Jirachi|299\/341|[from] Stealth Rock
|move|p1a: Raikou|Volt Switch|p2a: Jirachi
|-damage|p2a: Jirachi|190\/341
|
|switch|p1a: Victini|Victini|234\/341
|
|turn|17
|
|move|p2a: Jirachi|Iron Head|p1a: Victini
|-resisted|p1a: Victini
|-damage|p1a: Victini|171\/341
|move|p1a: Victini|V-create|p2a: Jirachi
|-supereffective|p2a: Jirachi
|-damage|p2a: Jirachi|0 fnt
|-unboost|p1a: Victini|def|1
|-unboost|p1a: Victini|spd|1
|-unboost|p1a: Victini|spe|1
|faint|p2a: Jirachi
|
|
|switch|p2a: Rotom-Heat|Rotom-Heat|147\/241
|-damage|p2a: Rotom-Heat|87\/241|[from] Stealth Rock
|turn|18
|
|switch|p2a: Celebi|Celebi|341\/341
|-damage|p2a: Celebi|299\/341|[from] Stealth Rock
|move|p1a: Victini|V-create|p2a: Celebi
|-supereffective|p2a: Celebi
|-damage|p2a: Celebi|0 fnt
|-unboost|p1a: Victini|def|1
|-unboost|p1a: Victini|spd|1
|-unboost|p1a: Victini|spe|1
|faint|p2a: Celebi
|
|-message|GeathDrips forfeited.
|
|win|Donphantastic
|raw|Ladder updating...
|raw|Donphantastic's rating: 1599 &rarr; <strong>1621<\/strong><br \/>(+22 for winning)
|raw|GeathDrips's rating: 1633 &rarr; <strong>1611<\/strong><br \/>(-22 for losing)
|leave|GeathDrips
|player|p2