|join|Living Proof
|join|Donphantastic
|player|p1|Living Proof|238
|player|p2|Donphantastic|290
|gametype|singles
|gen|6
|tier|UU
|rule|Sleep Clause Mod: Limit one foe put to sleep
|rule|Species Clause: Limit one of each PokÃ©mon
|rule|OHKO Clause: OHKO moves are banned
|rule|Moody Clause: Moody is banned
|rule|Evasion Moves Clause: Evasion moves are banned
|rule|Endless Battle Clause: Forcing endless battles is banned
|rule|HP Percentage Mod: HP is shown in percentages
|clearpoke
|poke|p1|Machamp, M
|poke|p1|Snorlax, M, shiny
|poke|p1|Jirachi, shiny
|poke|p1|Darmanitan, F
|poke|p1|Gligar, M
|poke|p1|Rotom-Mow
|poke|p2|Jirachi, shiny
|poke|p2|Hydreigon, F
|poke|p2|Whimsicott, M
|poke|p2|Snorlax, F
|poke|p2|Crobat, F
|poke|p2|Nidoking, M
|rule|Swagger Clause: Swagger is banned
|rule|Baton Pass Clause: Limit one PokÃ©mon knowing Baton Pass
|teampreview
|c|âDonphantastic|oml
|c|âDonphantastic|based lord gligar
|
|start
|switch|p1a: Darmanitan|Darmanitan, F|351\/351
|switch|p2a: Hydreigon|Hydreigon, F|325\/325
|turn|1
|
|switch|p1a: Snorlax|Snorlax, M, shiny|461\/461
|move|p2a: Hydreigon|Dark Pulse|p1a: Snorlax
|-damage|p1a: Snorlax|316\/461
|
|turn|2
|
|switch|p2a: Whimsicott|Whimsicott, M|323\/323
|switch|p1a: Darmanitan|Darmanitan, F|351\/351
|
|turn|3
|
|move|p2a: Whimsicott|Stun Spore|p1a: Darmanitan
|-status|p1a: Darmanitan|par
|move|p1a: Darmanitan|U-turn|p2a: Whimsicott
|-damage|p2a: Whimsicott|250\/323
|
|switch|p1a: Snorlax|Snorlax, M, shiny|316\/461
|
|-heal|p2a: Whimsicott|270\/323|[from] item: Leftovers
|turn|4
|
|move|p2a: Whimsicott|Leech Seed|p1a: Snorlax
|-start|p1a: Snorlax|move: Leech Seed
|move|p1a: Snorlax|Body Slam|p2a: Whimsicott
|-damage|p2a: Whimsicott|155\/323
|
|-heal|p2a: Whimsicott|175\/323|[from] item: Leftovers
|-damage|p1a: Snorlax|259\/461|[from] Leech Seed|[of] p2a: Whimsicott
|-heal|p2a: Whimsicott|232\/323|[silent]
|turn|5
|join|Stlsd
|
|switch|p1a: Hillside Strangler|Machamp, M|322\/322
|move|p2a: Whimsicott|U-turn|p1a: Hillside Strangler
|-crit|p1a: Hillside Strangler
|-resisted|p1a: Hillside Strangler
|-damage|p1a: Hillside Strangler|295\/322
|
|switch|p2a: Crobat|Crobat, F|373\/373
|
|turn|6
|
|switch|p1a: Jirachi|Jirachi, shiny|341\/341
|move|p2a: Crobat|Acrobatics|p1a: Jirachi
|-resisted|p1a: Jirachi
|-damage|p1a: Jirachi|273\/341
|
|-heal|p1a: Jirachi|294\/341|[from] item: Leftovers
|turn|7
|
|move|p2a: Crobat|U-turn|p1a: Jirachi
|-damage|p1a: Jirachi|243\/341
|
|switch|p2a: Nidoking|Nidoking, M|303\/303
|move|p1a: Jirachi|Stealth Rock|p2a: Nidoking
|-sidestart|p2: Donphantastic|move: Stealth Rock
|
|-heal|p1a: Jirachi|264\/341|[from] item: Leftovers
|turn|8
|
|switch|p1a: Snorlax|Snorlax, M, shiny|259\/461
|move|p2a: Nidoking|Stealth Rock|p1a: Snorlax
|-sidestart|p1: Living Proof|move: Stealth Rock
|
|turn|9
|
|move|p2a: Nidoking|Sludge Wave|p1a: Snorlax
|-damage|p1a: Snorlax|106\/461
|move|p1a: Snorlax|Pursuit|p2a: Nidoking
|-damage|p2a: Nidoking|249\/303
|
|turn|10
|
|move|p2a: Nidoking|Sludge Wave|p1a: Snorlax
|-damage|p1a: Snorlax|0 fnt
|faint|p1a: Snorlax
|
|c|âDonphantastic|Dont let me para rachi
|
|switch|p1a: Rotom-Mow|Rotom-Mow|241\/241
|-damage|p1a: Rotom-Mow|211\/241|[from] Stealth Rock
|turn|11
|c|âDonphantastic|at that point hydrei just wins
|
|move|p1a: Rotom-Mow|Leaf Storm|p2a: Nidoking
|-damage|p2a: Nidoking|18\/303
|-unboost|p1a: Rotom-Mow|spa|2
|move|p2a: Nidoking|Sludge Wave|p1a: Rotom-Mow
|-supereffective|p1a: Rotom-Mow
|-damage|p1a: Rotom-Mow|0 fnt
|faint|p1a: Rotom-Mow
|
|c|âLiving Proof|Hm
|c|âLiving Proof|Why did you live? :<
|c|âDonphantastic|King is bulkier than people give it credit for tbh
|
|switch|p1a: Jirachi|Jirachi, shiny|264\/341
|-damage|p1a: Jirachi|243\/341|[from] Stealth Rock
|turn|12
|
|move|p1a: Jirachi|Iron Head|p2a: Nidoking
|-damage|p2a: Nidoking|0 fnt
|faint|p2a: Nidoking
|
|-heal|p1a: Jirachi|264\/341|[from] item: Leftovers
|
|switch|p2a: Hydreigon|Hydreigon, F|325\/325
|-damage|p2a: Hydreigon|285\/325|[from] Stealth Rock
|turn|13
|
|switch|p1a: Darmanitan|Darmanitan, F|351\/351 par
|-damage|p1a: Darmanitan|264\/351 par|[from] Stealth Rock
|move|p2a: Hydreigon|Dark Pulse|p1a: Darmanitan
|-damage|p1a: Darmanitan|0 fnt
|faint|p1a: Darmanitan
|
|
|switch|p1a: Hillside Strangler|Machamp, M|295\/322
|-damage|p1a: Hillside Strangler|275\/322|[from] Stealth Rock
|turn|14
|
|switch|p2a: Whimsicott|Whimsicott, M|232\/323
|-damage|p2a: Whimsicott|192\/323|[from] Stealth Rock
|move|p1a: Hillside Strangler|Stone Edge|p2a: Whimsicott|[miss]
|-miss|p1a: Hillside Strangler|p2a: Whimsicott
|
|-heal|p2a: Whimsicott|212\/323|[from] item: Leftovers
|turn|15
|c|âLiving Proof|Aw
|
|move|p2a: Whimsicott|Leech Seed|p1a: Hillside Strangler
|-start|p1a: Hillside Strangler|move: Leech Seed
|move|p1a: Hillside Strangler|Stone Edge|p2a: Whimsicott
|-damage|p2a: Whimsicott|61\/323
|
|-heal|p2a: Whimsicott|81\/323|[from] item: Leftovers
|-damage|p1a: Hillside Strangler|235\/322|[from] Leech Seed|[of] p2a: Whimsicott
|-heal|p2a: Whimsicott|121\/323|[silent]
|turn|16
|
|move|p2a: Whimsicott|U-turn|p1a: Hillside Strangler
|-resisted|p1a: Hillside Strangler
|-damage|p1a: Hillside Strangler|217\/322
|
|switch|p2a: Jirachi|Jirachi, shiny|404\/404
|-damage|p2a: Jirachi|379\/404|[from] Stealth Rock
|move|p1a: Hillside Strangler|Stone Edge|p2a: Jirachi
|-crit|p2a: Jirachi
|-resisted|p2a: Jirachi
|-damage|p2a: Jirachi|244\/404
|
|-heal|p2a: Jirachi|269\/404|[from] item: Leftovers
|-damage|p1a: Hillside Strangler|177\/322|[from] Leech Seed|[of] p2a: Jirachi
|-heal|p2a: Jirachi|309\/404|[silent]
|turn|17
|c|âDonphantastic|I miss tini dont you?
|c|âDonphantastic|tini on all teams is why I didnt use whims
|join|Shit User
|c|âLiving Proof|But I'm sure you get the idea behind the team
|
|switch|p1a: Gligar|Gligar, M|334\/334
|-damage|p1a: Gligar|293\/334|[from] Stealth Rock
|move|p2a: Jirachi|Calm Mind|p2a: Jirachi
|-boost|p2a: Jirachi|spa|1
|-boost|p2a: Jirachi|spd|1
|
|-heal|p2a: Jirachi|334\/404|[from] item: Leftovers
|turn|18
|c|âLiving Proof|I just need help pulling it together
|c|âDonphantastic|I feel it
|
|switch|p2a: Hydreigon|Hydreigon, F|285\/325
|-damage|p2a: Hydreigon|245\/325|[from] Stealth Rock
|move|p1a: Gligar|Earthquake|p2a: Hydreigon
|-immune|p2a: Hydreigon|[msg]
|
|turn|19
|c|âDonphantastic|reveal the switch in
|
|move|p2a: Hydreigon|Dark Pulse|p1a: Gligar
|-damage|p1a: Gligar|79\/334
|move|p1a: Gligar|U-turn|p2a: Hydreigon
|-supereffective|p2a: Hydreigon
|-damage|p2a: Hydreigon|155\/325
|
|switch|p1a: Hillside Strangler|Machamp, M|177\/322
|-damage|p1a: Hillside Strangler|157\/322|[from] Stealth Rock
|
|turn|20
|c|âDonphantastic|shoulda dracod
|c|âDonphantastic|:[
|join|Sarahpod
|
|switch|p2a: Snorlax|Snorlax, F|524\/524
|-damage|p2a: Snorlax|459\/524|[from] Stealth Rock
|move|p1a: Hillside Strangler|Knock Off|p2a: Snorlax
|-damage|p2a: Snorlax|173\/524
|-enditem|p2a: Snorlax|Assault Vest|[from] move: Knock Off|[of] p1a: Hillside Strangler
|
|turn|21
|leave|Sarahpod
|c|âDonphantastic|Snorlax the machamp counter
|
|move|p1a: Hillside Strangler|Knock Off|p2a: Snorlax
|-damage|p2a: Snorlax|0 fnt
|faint|p2a: Snorlax
|
|
|switch|p2a: Crobat|Crobat, F|373\/373
|-damage|p2a: Crobat|280\/373|[from] Stealth Rock
|turn|22
|
|switch|p1a: Gligar|Gligar, M|79\/334
|-damage|p1a: Gligar|38\/334|[from] Stealth Rock
|move|p2a: Crobat|U-turn|p1a: Gligar
|-resisted|p1a: Gligar
|-damage|p1a: Gligar|25\/334
|
|switch|p2a: Jirachi|Jirachi, shiny|334\/404
|-damage|p2a: Jirachi|309\/404|[from] Stealth Rock
|
|-heal|p2a: Jirachi|334\/404|[from] item: Leftovers
|turn|23
|
|move|p2a: Jirachi|Psyshock|p1a: Gligar
|-damage|p1a: Gligar|0 fnt
|faint|p1a: Gligar
|
|-heal|p2a: Jirachi|359\/404|[from] item: Leftovers
|
|switch|p1a: Jirachi|Jirachi, shiny|264\/341
|-damage|p1a: Jirachi|243\/341|[from] Stealth Rock
|turn|24
|
|move|p1a: Jirachi|Fire Punch|p2a: Jirachi
|-supereffective|p2a: Jirachi
|-damage|p2a: Jirachi|197\/404
|move|p2a: Jirachi|Substitute|p2a: Jirachi
|-start|p2a: Jirachi|Substitute
|-damage|p2a: Jirachi|96\/404
|
|-heal|p1a: Jirachi|264\/341|[from] item: Leftovers
|-heal|p2a: Jirachi|121\/404|[from] item: Leftovers
|turn|25
|
|move|p2a: Jirachi|Psyshock|p1a: Jirachi
|-resisted|p1a: Jirachi
|-damage|p1a: Jirachi|241\/341
|move|p1a: Jirachi|Fire Punch|p2a: Jirachi
|-supereffective|p2a: Jirachi
|-end|p2a: Jirachi|Substitute
|
|-heal|p1a: Jirachi|262\/341|[from] item: Leftovers
|-heal|p2a: Jirachi|146\/404|[from] item: Leftovers
|turn|26
|leave|Shit User
|
|move|p2a: Jirachi|Psyshock|p1a: Jirachi
|-resisted|p1a: Jirachi
|-damage|p1a: Jirachi|237\/341
|move|p1a: Jirachi|Fire Punch|p2a: Jirachi
|-supereffective|p2a: Jirachi
|-damage|p2a: Jirachi|8\/404
|
|-heal|p1a: Jirachi|258\/341|[from] item: Leftovers
|-heal|p2a: Jirachi|33\/404|[from] item: Leftovers
|turn|27
|join|Midnight Raper
|c|âDonphantastic|the game comes down to a 60\/40 with me having the advantage
|c|âDonphantastic|fun
|
|move|p1a: Jirachi|Fire Punch|p2a: Jirachi
|-supereffective|p2a: Jirachi
|-damage|p2a: Jirachi|0 fnt
|faint|p2a: Jirachi
|
|-heal|p1a: Jirachi|279\/341|[from] item: Leftovers
|c| Midnight Raper|rekt
|
|switch|p2a: Whimsicott|Whimsicott, M|121\/323
|-damage|p2a: Whimsicott|81\/323|[from] Stealth Rock
|turn|28
|c|âLiving Proof|Good time to win a speed tie there
|c|âLiving Proof|Hm
|c|âDonphantastic|see what I mean about 60\/40
|
|switch|p1a: Hillside Strangler|Machamp, M|157\/322
|-damage|p1a: Hillside Strangler|137\/322|[from] Stealth Rock
|move|p2a: Whimsicott|Stun Spore|p1a: Hillside Strangler
|-status|p1a: Hillside Strangler|par
|
|-heal|p2a: Whimsicott|101\/323|[from] item: Leftovers
|turn|29
|
|move|p1a: Hillside Strangler|Bullet Punch|p2a: Whimsicott
|-supereffective|p2a: Whimsicott
|-damage|p2a: Whimsicott|0 fnt
|faint|p2a: Whimsicott
|
|
|switch|p2a: Crobat|Crobat, F|280\/373
|-damage|p2a: Crobat|187\/373|[from] Stealth Rock
|turn|30
|c|âLiving Proof|Inb4 Super Fang
|
|switch|p1a: Jirachi|Jirachi, shiny|279\/341
|-damage|p1a: Jirachi|258\/341|[from] Stealth Rock
|move|p2a: Crobat|U-turn|p1a: Jirachi
|-damage|p1a: Jirachi|208\/341
|
|switch|p2a: Hydreigon|Hydreigon, F|155\/325
|-damage|p2a: Hydreigon|115\/325|[from] Stealth Rock
|
|-heal|p1a: Jirachi|229\/341|[from] item: Leftovers
|turn|31
|c|âDonphantastic|gg tho
|join|Doopliss19
|c|âDonphantastic|I feel like lax is the weak link on both of our teams
|c|âLiving Proof|Lax checks Ghosts for Machamp
|c|âLiving Proof|So I can more freely bop things with CC
|c|âDonphantastic|lolghostsinuu
|c|âDonphantastic|Only common ones are chandy and sableye
|c|âLiving Proof|And it helps me with my Nido weakness
|c|âLiving Proof|Because he's so fat to sponge them up
|leave|Doopliss19
|c|âLiving Proof|And kill them
|c|âDonphantastic|That point I will not argue
|c|âDonphantastic|lax is one of the few nido counters
|
|move|p1a: Jirachi|U-turn|p2a: Hydreigon
|-supereffective|p2a: Hydreigon
|-damage|p2a: Hydreigon|0 fnt
|faint|p2a: Hydreigon
|
|switch|p1a: Hillside Strangler|Machamp, M|137\/322 par
|-damage|p1a: Hillside Strangler|117\/322 par|[from] Stealth Rock
|
|
|switch|p2a: Crobat|Crobat, F|187\/373
|-damage|p2a: Crobat|94\/373|[from] Stealth Rock
|turn|32
|c|âLiving Proof|I should've realized you were Specs forever ago
|c|âDonphantastic|specs modest yes
|c|âDonphantastic|I want to replace lax
|c|âDonphantastic|but idk with who
|c|âDonphantastic|any thoughts?
|c|âLiving Proof|Hm
|join|Shit User
|
|move|p1a: Hillside Strangler|Bullet Punch|p2a: Crobat
|-damage|p2a: Crobat|0 fnt
|faint|p2a: Crobat
|
|win|Living Proof
|c| Shit User|curselax
|c| Shit User|:^)
|c|âDonphantastic|>.>
|c|âDonphantastic|<.<
|c|âLiving Proof|You can replace it with a cleanup
|c|âLiving Proof|Once Nido and Dragon punch holes in everything
|c|âDonphantastic|hmm
|c|âDonphantastic|perhaps an entei?
|c|âDonphantastic|keeps some form of special bulk
|c|âDonphantastic|cleans up w\/ priority
|c|âDonphantastic|and sacred fire keeps the "where are your switch in" theme