|join|Donphantastic
|join|ANGER MANAGEMENT
|player|p1|Donphantastic|170
|player|p2|ANGER MANAGEMENT|123
|gametype|singles
|gen|6
|tier|UU
|rule|Sleep Clause Mod: Limit one foe put to sleep
|rule|Species Clause: Limit one of each PokÃ©mon
|rule|OHKO Clause: OHKO moves are banned
|rule|Moody Clause: Moody is banned
|rule|Evasion Moves Clause: Evasion moves are banned
|rule|Endless Battle Clause: Forcing endless battles is banned
|rule|HP Percentage Mod: HP is shown in percentages
|clearpoke
|poke|p1|Gligar, M
|poke|p1|Beedrill, M
|poke|p1|Jirachi
|poke|p1|Chesnaught, F
|poke|p1|Empoleon, M
|poke|p1|Zygarde
|poke|p2|Slowking, F
|poke|p2|Lopunny, F
|poke|p2|Zygarde
|poke|p2|Tornadus, M, shiny
|poke|p2|Azelf, shiny
|poke|p2|Fletchinder, F
|rule|Swagger Clause: Swagger is banned
|rule|Baton Pass Clause: Limit one PokÃ©mon knowing Baton Pass
|teampreview
|join|Doctor Ciel
|join|VividLatias
|join|poonHunter (DD)
|join|Frickett
|join|FlederMau5
|join|so dynamic
|join|Stupidity is bad
|c| VividLatias|go donphan
|c| VividLatias|<3
|join|dodmen
|join|BurstStream
|c|âDonphantastic|TY
|
|start
|switch|p1a: Gligar|Gligar, M|333\/333
|switch|p2a: xMarth|Zygarde|405\/405
|-ability|p2a: xMarth|Aura Break
|turn|1
|c| VividLatias|i mean gl anger management
|join|r0ady
|
|move|p2a: xMarth|Substitute|p2a: xMarth
|-start|p2a: xMarth|Substitute
|-damage|p2a: xMarth|304\/405
|move|p1a: Gligar|U-turn|p2a: xMarth
|-activate|p2a: xMarth|Substitute|[damage]
|join|100CASH
|join|Tom's Harry Dick
|
|switch|p1a: Empoleon|Empoleon, M|371\/371
|
|-heal|p2a: xMarth|329\/405|[from] item: Leftovers
|turn|2
|join|Nappi Boi
|
|move|p2a: xMarth|Earthquake|p1a: Empoleon
|-supereffective|p1a: Empoleon
|-damage|p1a: Empoleon|105\/371
|move|p1a: Empoleon|Scald|p2a: xMarth
|-end|p2a: xMarth|Substitute
|
|-heal|p2a: xMarth|354\/405|[from] item: Leftovers
|-heal|p1a: Empoleon|128\/371|[from] item: Leftovers
|turn|3
|c| poonHunter (DD)|ay
|c| Nappi Boi|lmao
|c| BurstStream|why sack empoleon
|c|âDonphantastic|i thought
|c| poonHunter (DD)|roar where
|join|wadsyhdj
|c| Tom's Harry Dick|sub here
|c| BurstStream|and risk beeing swept by Linda
|c|âDonphantastic|hed expect my roar
|leave|100CASH
|c|âANGER MANAGEMENT|if you didn't torrent
|c| dodmen|what did he lose from eqing
|c| BurstStream|if you weaken poleon
|c|âANGER MANAGEMENT|it wouldn't break sub
|c| BurstStream|Linda is inda
|join|Tipsy Russian
|join|cdslknse
|leave|FlederMau5
|
|move|p2a: xMarth|Earthquake|p1a: Empoleon
|-supereffective|p1a: Empoleon
|-damage|p1a: Empoleon|0 fnt
|faint|p1a: Empoleon
|
|-heal|p2a: xMarth|379\/405|[from] item: Leftovers
|c| Tom's Harry Dick|he isn't torrent
|
|switch|p1a: Beedrill|Beedrill, M|271\/271
|turn|4
|c| poonHunter (DD)|.0.
|c|âDonphantastic|honestly
|c| dodmen|this is not going to
|c| dodmen|work
|join|Niqas
|c|âDonphantastic|I have nothing for ziggy
|c| dodmen|buddy
|
|detailschange|p1a: Beedrill|Beedrill-Mega, M
|message|Beedrill has Mega Evolved into Mega Beedrill!
|move|p2a: xMarth|Extreme Speed|p1a: Beedrill
|-damage|p1a: Beedrill|151\/271
|move|p1a: Beedrill|Knock Off|p2a: xMarth
|-damage|p2a: xMarth|263\/405
|-enditem|p2a: xMarth|Leftovers|[from] move: Knock Off|[of] p1a: Beedrill
|
|turn|5
|c| Nappi Boi|ok
|c| poonHunter (DD)|weak
|c| Nappi Boi|,l
|c| poonHunter (DD)|not even 50 wtf
|
|move|p1a: Beedrill|U-turn|p2a: xMarth
|-damage|p2a: xMarth|117\/405
|c| r0ady|kniock doesnt6 even break sub
|leave|Doctor Ciel
|
|switch|p1a: Gligar|Gligar, M|333\/333
|move|p2a: xMarth|Coil|p2a: xMarth
|-boost|p2a: xMarth|atk|1
|-boost|p2a: xMarth|def|1
|-boost|p2a: xMarth|accuracy|1
|
|turn|6
|join|4FS
|
|switch|p2a: Dudeman130498|Azelf, shiny|291\/291
|move|p1a: Gligar|U-turn|p2a: Dudeman130498
|-supereffective|p2a: Dudeman130498
|-damage|p2a: Dudeman130498|175\/291
|c| r0ady|coil espeed?
|
|switch|p1a: Beedrill|Beedrill-Mega, M|151\/271
|
|turn|7
|c| r0ady|thats new
|
|switch|p2a: xMarth|Zygarde|117\/405
|-ability|p2a: xMarth|Aura Break
|move|p1a: Beedrill|U-turn|p2a: xMarth
|-damage|p2a: xMarth|0 fnt
|faint|p2a: xMarth
|c| poonHunter (DD)|not
|c| poonHunter (DD)|realluy
|
|switch|p1a: Jirachi|Jirachi|341\/341
|
|c| r0ady|its usally coil sub d tail eq
|
|switch|p2a: King UU|Slowking, F|394\/394
|turn|8
|
|move|p1a: Jirachi|U-turn|p2a: King UU
|-supereffective|p2a: King UU
|-damage|p2a: King UU|216\/394
|
|switch|p1a: Chesnaught|Chesnaught, F|380\/380
|move|p2a: King UU|Scald|p1a: Chesnaught
|-resisted|p1a: Chesnaught
|-damage|p1a: Chesnaught|297\/380
|
|-heal|p2a: King UU|240\/394|[from] item: Leftovers
|turn|9
|c| poonHunter (DD)|there are sets with espeed
|
|switch|p2a: Dudeman130498|Azelf, shiny|175\/291
|move|p1a: Chesnaught|Leech Seed|p2a: Dudeman130498
|-start|p2a: Dudeman130498|move: Leech Seed
|
|-damage|p2a: Dudeman130498|139\/291|[from] Leech Seed|[of] p1a: Chesnaught
|-heal|p1a: Chesnaught|333\/380|[silent]
|turn|10
|
|move|p2a: Dudeman130498|Stealth Rock|p1a: Chesnaught
|-sidestart|p1: Donphantastic|move: Stealth Rock
|move|p1a: Chesnaught|Seed Bomb|p2a: Dudeman130498
|-damage|p2a: Dudeman130498|3\/291
|
|-damage|p2a: Dudeman130498|0 fnt|[from] Leech Seed|[of] p1a: Chesnaught
|-heal|p1a: Chesnaught|336\/380|[silent]
|faint|p2a: Dudeman130498
|
|switch|p2a: sniperaim|Fletchinder, F|291\/291
|turn|11
|
|switch|p1a: Jirachi|Jirachi|341\/341
|-damage|p1a: Jirachi|320\/341|[from] Stealth Rock
|move|p2a: sniperaim|Will-O-Wisp|p1a: Jirachi
|-status|p1a: Jirachi|brn
|
|-damage|p1a: Jirachi|278\/341 brn|[from] brn
|turn|12
|
|switch|p2a: King UU|Slowking, F|371\/394
|move|p1a: Jirachi|Trick|p2a: King UU
|-activate|p1a: Jirachi|move: Trick|[of] p2a: King UU
|-item|p2a: King UU|Choice Scarf|[from] move: Trick
|-item|p1a: Jirachi|Leftovers|[from] move: Trick
|
|-heal|p1a: Jirachi|299\/341 brn|[from] item: Leftovers
|-damage|p1a: Jirachi|257\/341 brn|[from] brn
|turn|13
|
|switch|p2a: sniperaim|Fletchinder, F|291\/291
|move|p1a: Jirachi|U-turn|p2a: sniperaim
|-resisted|p2a: sniperaim
|-damage|p2a: sniperaim|276\/291
|join|LiberalLucario
|
|switch|p1a: Zygarde|Zygarde|404\/404
|-damage|p1a: Zygarde|379\/404|[from] Stealth Rock
|-ability|p1a: Zygarde|Aura Break
|
|-heal|p1a: Zygarde|404\/404|[from] item: Leftovers
|turn|14
|
|switch|p2a: DMT|Lopunny, F|271\/271
|move|p1a: Zygarde|Substitute|p1a: Zygarde
|-start|p1a: Zygarde|Substitute
|-damage|p1a: Zygarde|303\/404
|
|-heal|p1a: Zygarde|328\/404|[from] item: Leftovers
|turn|15
|
|detailschange|p2a: DMT|Lopunny-Mega, F
|message|Lopunny has Mega Evolved into Mega Lopunny!
|move|p2a: DMT|Encore|p1a: Zygarde
|-start|p1a: Zygarde|Encore
|move|p1a: Zygarde|Substitute|p1a: Zygarde
|-fail|p1a: Zygarde|move: Substitute
|
|-heal|p1a: Zygarde|353\/404|[from] item: Leftovers
|turn|16
|
|switch|p2a: sniperaim|Fletchinder, F|276\/291
|switch|p1a: Chesnaught|Chesnaught, F|336\/380
|-damage|p1a: Chesnaught|313\/380|[from] Stealth Rock
|
|turn|17
|c| Nappi Boi|thisll be good
|
|move|p2a: sniperaim|Acrobatics|p1a: Chesnaught
|-supereffective|p1a: Chesnaught
|-damage|p1a: Chesnaught|0 fnt
|-damage|p2a: sniperaim|228\/291|[from] item: Rocky Helmet|[of] p1a: Chesnaught
|faint|p1a: Chesnaught
|
|
|switch|p1a: Zygarde|Zygarde|353\/404
|-damage|p1a: Zygarde|328\/404|[from] Stealth Rock
|-ability|p1a: Zygarde|Aura Break
|turn|18
|
|switch|p2a: DMT|Lopunny-Mega, F|271\/271
|move|p1a: Zygarde|Substitute|p1a: Zygarde
|-start|p1a: Zygarde|Substitute
|-damage|p1a: Zygarde|227\/404
|
|-heal|p1a: Zygarde|252\/404|[from] item: Leftovers
|turn|19
|
|switch|p1a: Gligar|Gligar, M|333\/333
|-damage|p1a: Gligar|292\/333|[from] Stealth Rock
|move|p2a: DMT|Encore|p1a: Gligar
|-fail|p1a: Gligar
|
|turn|20
|
|switch|p2a: sniperaim|Fletchinder, F|228\/291
|move|p1a: Gligar|Stealth Rock|p2a: sniperaim
|-sidestart|p2: ANGER MANAGEMENT|move: Stealth Rock
|
|turn|21
|
|move|p2a: sniperaim|Swords Dance|p2a: sniperaim
|-boost|p2a: sniperaim|atk|2
|move|p1a: Gligar|U-turn|p2a: sniperaim
|-resisted|p2a: sniperaim
|-damage|p2a: sniperaim|212\/291
|
|switch|p1a: Zygarde|Zygarde|252\/404
|-damage|p1a: Zygarde|227\/404|[from] Stealth Rock
|-ability|p1a: Zygarde|Aura Break
|
|-heal|p1a: Zygarde|252\/404|[from] item: Leftovers
|turn|22
|
|move|p2a: sniperaim|Acrobatics|p1a: Zygarde
|-damage|p1a: Zygarde|21\/404
|move|p1a: Zygarde|Dragon Tail|p2a: sniperaim
|-damage|p2a: sniperaim|103\/291
|drag|p2a: King UU|Slowking, F|394\/394
|-damage|p2a: King UU|345\/394|[from] Stealth Rock
|
|-heal|p1a: Zygarde|46\/404|[from] item: Leftovers
|turn|23
|
|move|p1a: Zygarde|Earthquake|p2a: King UU
|-damage|p2a: King UU|198\/394
|move|p2a: King UU|Scald|p1a: Zygarde
|-damage|p1a: Zygarde|0 fnt
|faint|p1a: Zygarde
|
|leave|wadsyhdj
|join|100CASH
|
|switch|p1a: Jirachi|Jirachi|257\/341 brn
|-damage|p1a: Jirachi|236\/341 brn|[from] Stealth Rock
|turn|24
|leave|100CASH
|
|switch|p2a: sniperaim|Fletchinder, F|103\/291
|-damage|p2a: sniperaim|0 fnt|[from] Stealth Rock
|faint|p2a: sniperaim
|move|p1a: Jirachi|Iron Head|p2: sniperaim|[notarget]
|-notarget
|
|-heal|p1a: Jirachi|257\/341 brn|[from] item: Leftovers
|-damage|p1a: Jirachi|215\/341 brn|[from] brn
|join|Gurbo
|leave|cdslknse
|
|switch|p2a: DMT|Lopunny-Mega, F|271\/271
|-damage|p2a: DMT|255\/271|[from] Stealth Rock
|turn|25
|
|move|p2a: DMT|Substitute|p2a: DMT
|-start|p2a: DMT|Substitute
|-damage|p2a: DMT|188\/271
|move|p1a: Jirachi|U-turn|p2a: DMT
|-resisted|p2a: DMT
|-activate|p2a: DMT|Substitute|[damage]
|
|switch|p1a: Gligar|Gligar, M|292\/333
|-damage|p1a: Gligar|251\/333|[from] Stealth Rock
|
|turn|26
|
|move|p2a: DMT|Frustration|p1a: Gligar
|-damage|p1a: Gligar|125\/333
|move|p1a: Gligar|Earthquake|p2a: DMT
|-end|p2a: DMT|Substitute
|
|turn|27
|
|move|p2a: DMT|Encore|p1a: Gligar
|-start|p1a: Gligar|Encore
|move|p1a: Gligar|Earthquake|p2a: DMT
|-damage|p2a: DMT|86\/271
|
|turn|28
|
|switch|p2a: Technosis|Tornadus, M, shiny|299\/299
|-damage|p2a: Technosis|225\/299|[from] Stealth Rock
|switch|p1a: Beedrill|Beedrill-Mega, M|151\/271
|-damage|p1a: Beedrill|84\/271|[from] Stealth Rock
|
|turn|29
|join|100CASH
|
|move|p2a: Technosis|Tailwind|p2a: Technosis
|-sidestart|p2: ANGER MANAGEMENT|move: Tailwind
|move|p1a: Beedrill|Poison Jab|p2a: Technosis
|-damage|p2a: Technosis|0 fnt
|faint|p2a: Technosis
|
|
|switch|p2a: DMT|Lopunny-Mega, F|86\/271
|-damage|p2a: DMT|70\/271|[from] Stealth Rock
|turn|30
|c| poonHunter (DD)|oo the 50\/50
|
|switch|p1a: Jirachi|Jirachi|215\/341 brn
|-damage|p1a: Jirachi|194\/341 brn|[from] Stealth Rock
|move|p2a: DMT|High Jump Kick|p1a: Jirachi
|-damage|p1a: Jirachi|0 fnt
|faint|p1a: Jirachi
|
|leave|100CASH
|
|switch|p1a: Gligar|Gligar, M|125\/333
|-damage|p1a: Gligar|84\/333|[from] Stealth Rock
|turn|31
|c| poonHunter (DD)|oosh
|
|move|p2a: DMT|Frustration|p1a: Gligar
|-damage|p1a: Gligar|0 fnt
|faint|p1a: Gligar
|
|
|switch|p1a: Beedrill|Beedrill-Mega, M|84\/271
|-damage|p1a: Beedrill|17\/271|[from] Stealth Rock
|turn|32
|join|Mike Hunts
|c|âANGER MANAGEMENT|ah protect wins
|c|âANGER MANAGEMENT|gg
|c| BurstStream|Beedrill wins
|c| poonHunter (DD)|oooooo
|c| Tom's Harry Dick|um sub
|
|move|p1a: Beedrill|Protect|p1a: Beedrill
|-singleturn|p1a: Beedrill|Protect
|move|p2a: DMT|Substitute|p2a: DMT
|-start|p2a: DMT|Substitute
|-damage|p2a: DMT|3\/271
|
|-sideend|p2: ANGER MANAGEMENT|move: Tailwind
|turn|33
|c| dodmen|inb4
|c| poonHunter (DD)|forgot
|c| dodmen|LOL
|c| poonHunter (DD)|rip
|c| BurstStream|why
|c| dodmen|DESTROYED
|c| BurstStream|why
|c| poonHunter (DD)|oml
|c|âANGER MANAGEMENT|i'm a dick
|c| Nappi Boi|OHHHHHHHHHHHHHHH
|
|move|p1a: Beedrill|Poison Jab|p2a: DMT
|-end|p2a: DMT|Substitute
|move|p2a: DMT|Frustration|p1a: Beedrill
|-damage|p1a: Beedrill|0 fnt
|faint|p1a: Beedrill
|
|win|ANGER MANAGEMENT
|c|âDonphantastic|lol
|c| poonHunter (DD)|WHY DIDNT U ATTACK
|c|âANGER MANAGEMENT|gg
|c|âDonphantastic|tailwind
|c|âDonphantastic|it was
|c|âDonphantastic|5050
|leave|Niqas