|join|Donphantastic
|join|Living Proof
|player|p1|Donphantastic|290
|player|p2|Living Proof|238
|gametype|singles
|gen|6
|tier|UU
|rule|Sleep Clause Mod: Limit one foe put to sleep
|rule|Species Clause: Limit one of each PokÃ©mon
|rule|OHKO Clause: OHKO moves are banned
|rule|Moody Clause: Moody is banned
|rule|Evasion Moves Clause: Evasion moves are banned
|rule|Endless Battle Clause: Forcing endless battles is banned
|rule|HP Percentage Mod: HP is shown in percentages
|clearpoke
|poke|p1|Victini
|poke|p1|Vaporeon, M
|poke|p1|Raikou
|poke|p1|Hydreigon, F
|poke|p1|Empoleon, M
|poke|p1|Tornadus, M
|poke|p2|Roserade, F, shiny
|poke|p2|Sableye, M
|poke|p2|Suicune, shiny
|poke|p2|Hippowdon, M, shiny
|poke|p2|Jirachi
|poke|p2|Sharpedo, M
|rule|Swagger Clause: Swagger is banned
|rule|Baton Pass Clause: Limit one PokÃ©mon knowing Baton Pass
|teampreview
|join|Happee
|join|Pinkin Lark
|c|âDonphantastic|so mmuch fat
|c|âDonphantastic|:[
|c| Pinkin Lark|Victini
|c| Pinkin Lark|oh god
|c|âDonphantastic|it dont matter he has the cune
|c|âDonphantastic|THE CUNEEEEE
|c| Pinkin Lark|and pedo
|join|ChronoNiqqa
|c|âDonphantastic|mainly the cune doe
|join|Tipsy Russian
|
|start
|switch|p1a: Hydreigon|Hydreigon, F|325\/325
|switch|p2a: BOOM!|Jirachi|341\/341
|turn|1
|join|PokeGyarados
|
|switch|p2a: House of Sand|Hippowdon, M, shiny|420\/420
|-weather|Sandstorm
|move|p1a: Hydreigon|Dark Pulse|p2a: House of Sand
|-damage|p2a: House of Sand|224\/420
|
|-weather|Sandstorm|[upkeep]
|-damage|p1a: Hydreigon|305\/325|[from] sandstorm
|-heal|p2a: House of Sand|250\/420|[from] item: Leftovers
|turn|2
|c|âLiving Proof|Oh
|c|âLiving Proof|Specs
|c|âLiving Proof|Fun
|c|âDonphantastic|y
|join|harrison guice
|
|switch|p2a: Bad Seed|Roserade, F, shiny|324\/324
|move|p1a: Hydreigon|Dark Pulse|p2a: Bad Seed
|-damage|p2a: Bad Seed|165\/324
|
|-weather|Sandstorm|[upkeep]
|-damage|p1a: Hydreigon|285\/325|[from] sandstorm
|-damage|p2a: Bad Seed|145\/324|[from] sandstorm
|-heal|p2a: Bad Seed|165\/324|[from] item: Black Sludge
|turn|3
|c| Tipsy Russian|nice and eating that up
|c| ChronoNiqqa|AV Rose wouldve ate that up
|c|âDonphantastic|thats a resist
|c| ChronoNiqqa|better
|
|move|p1a: Hydreigon|Dark Pulse|p2a: Bad Seed
|-damage|p2a: Bad Seed|2\/324
|move|p2a: Bad Seed|Sludge Bomb|p1a: Hydreigon
|-damage|p1a: Hydreigon|143\/325
|
|-weather|Sandstorm|[upkeep]
|-damage|p1a: Hydreigon|123\/325|[from] sandstorm
|-damage|p2a: Bad Seed|0 fnt|[from] sandstorm
|faint|p2a: Bad Seed
|
|switch|p2a: Walk on Water|Suicune, shiny|404\/404
|-ability|p2a: Walk on Water|Pressure
|turn|4
|c|âDonphantastic|I like specs bc it comes in and things jjust die
|c| Pinkin Lark|has good speed for it too
|
|move|p1a: Hydreigon|Dark Pulse|p2a: Walk on Water
|-damage|p2a: Walk on Water|191\/404
|move|p2a: Walk on Water|Calm Mind|p2a: Walk on Water
|-boost|p2a: Walk on Water|spa|1
|-boost|p2a: Walk on Water|spd|1
|
|-weather|Sandstorm|[upkeep]
|-damage|p1a: Hydreigon|103\/325|[from] sandstorm
|-damage|p2a: Walk on Water|166\/404|[from] sandstorm
|-heal|p2a: Walk on Water|191\/404|[from] item: Leftovers
|turn|5
|join|Saganabyss
|c|+PokeGyarados|flinch
|c|+PokeGyarados|here
|
|switch|p1a: Raikou|Raikou|321\/321
|-ability|p1a: Raikou|Pressure
|move|p2a: Walk on Water|Rest|p2a: Walk on Water
|-status|p2a: Walk on Water|slp
|-heal|p2a: Walk on Water|404\/404 slp|[silent]
|-status|p2a: Walk on Water|slp|[from] move: Rest
|
|-weather|none
|turn|6
|
|switch|p2a: House of Sand|Hippowdon, M, shiny|250\/420
|-weather|Sandstorm
|move|p1a: Raikou|Thunderbolt|p2a: House of Sand
|-immune|p2a: House of Sand|[msg]
|
|-weather|Sandstorm|[upkeep]
|-damage|p1a: Raikou|301\/321|[from] sandstorm
|-heal|p2a: House of Sand|276\/420|[from] item: Leftovers
|turn|7
|
|move|p1a: Raikou|Hidden Power|p2a: House of Sand
|-supereffective|p2a: House of Sand
|-damage|p2a: House of Sand|130\/420
|move|p2a: House of Sand|Slack Off|p2a: House of Sand
|-heal|p2a: House of Sand|340\/420
|
|-weather|Sandstorm|[upkeep]
|-damage|p1a: Raikou|281\/321|[from] sandstorm
|-heal|p2a: House of Sand|366\/420|[from] item: Leftovers
|turn|8
|join|lower it down
|join|FALCOWNPAUNCH!
|
|switch|p1a: Hydreigon|Hydreigon, F|103\/325
|move|p2a: House of Sand|Stealth Rock|p1a: Hydreigon
|-sidestart|p1: Donphantastic|move: Stealth Rock
|
|-weather|Sandstorm|[upkeep]
|-damage|p1a: Hydreigon|83\/325|[from] sandstorm
|-heal|p2a: House of Sand|392\/420|[from] item: Leftovers
|turn|9
|
|move|p1a: Hydreigon|Draco Meteor|p2a: House of Sand
|-damage|p2a: House of Sand|56\/420
|-unboost|p1a: Hydreigon|spa|2
|move|p2a: House of Sand|Slack Off|p2a: House of Sand
|-heal|p2a: House of Sand|266\/420
|
|-weather|Sandstorm|[upkeep]
|-damage|p1a: Hydreigon|63\/325|[from] sandstorm
|-heal|p2a: House of Sand|292\/420|[from] item: Leftovers
|turn|10
|join|abusive af
|leave|abusive af
|join|Noriya
|c|âDonphantastic|hippo is bulk
|join|Latias tho
|
|switch|p1a: Empoleon|Empoleon, M|372\/372
|-damage|p1a: Empoleon|349\/372|[from] Stealth Rock
|move|p2a: House of Sand|Slack Off|p2a: House of Sand
|-heal|p2a: House of Sand|420\/420
|
|-weather|none
|-heal|p1a: Empoleon|372\/372|[from] item: Leftovers
|turn|11
|join|silverbackkap
|c| Tipsy Russian|spdef gligar>spdef hippo
|
|switch|p2a: BOOM!|Jirachi|341\/341
|move|p1a: Empoleon|Scald|p2a: BOOM!
|-damage|p2a: BOOM!|233\/341
|
|turn|12
|
|move|p2a: BOOM!|Energy Ball|p1a: Empoleon
|-crit|p1a: Empoleon
|-damage|p1a: Empoleon|159\/372
|-unboost|p1a: Empoleon|spd|1
|move|p1a: Empoleon|Defog|p2a: BOOM!
|-unboost|p2a: BOOM!|evasion|1
|-sideend|p1: Donphantastic|Stealth Rock|[from] move: Defog|[of] p1a: Empoleon
|
|-heal|p1a: Empoleon|182\/372|[from] item: Leftovers
|turn|13
|c|+PokeGyarados|ow
|c| Tipsy Russian|nice and crit
|c|âDonphantastic|mfw critdrop
|c| Pinkin Lark|well trained
|
|switch|p1a: Tornadus|Tornadus, M|299\/299
|move|p2a: BOOM!|Energy Ball|p1a: Tornadus
|-resisted|p1a: Tornadus
|-damage|p1a: Tornadus|213\/299
|
|turn|14
|
|switch|p2a: Black Bruce Willis|Sableye, M|304\/304
|move|p1a: Tornadus|Knock Off|p2a: Black Bruce Willis
|-damage|p2a: Black Bruce Willis|161\/304
|-enditem|p2a: Black Bruce Willis|Leftovers|[from] move: Knock Off|[of] p1a: Tornadus
|-damage|p1a: Tornadus|184\/299|[from] item: Life Orb
|
|turn|15
|
|move|p1a: Tornadus|Air Slash|p2a: Black Bruce Willis
|-damage|p2a: Black Bruce Willis|0 fnt
|-damage|p1a: Tornadus|155\/299|[from] item: Life Orb
|faint|p2a: Black Bruce Willis
|
|
|switch|p2a: House of Sand|Hippowdon, M, shiny|420\/420
|-weather|Sandstorm
|turn|16
|
|move|p1a: Tornadus|Knock Off|p2a: House of Sand
|-crit|p2a: House of Sand
|-damage|p2a: House of Sand|277\/420
|-enditem|p2a: House of Sand|Leftovers|[from] move: Knock Off|[of] p1a: Tornadus
|-damage|p1a: Tornadus|126\/299|[from] item: Life Orb
|move|p2a: House of Sand|Stealth Rock|p1a: Tornadus
|-sidestart|p1: Donphantastic|move: Stealth Rock
|
|-weather|Sandstorm|[upkeep]
|-damage|p1a: Tornadus|108\/299|[from] sandstorm
|turn|17
|
|switch|p2a: BOOM!|Jirachi|233\/341
|move|p1a: Tornadus|Air Slash|p2a: BOOM!
|-resisted|p2a: BOOM!
|-damage|p2a: BOOM!|150\/341
|-damage|p1a: Tornadus|79\/299|[from] item: Life Orb
|
|-weather|Sandstorm|[upkeep]
|-damage|p1a: Tornadus|61\/299|[from] sandstorm
|turn|18
|join|Yellow Skarmory
|
|move|p1a: Tornadus|Knock Off|p2a: BOOM!
|-supereffective|p2a: BOOM!
|-damage|p2a: BOOM!|0 fnt
|-enditem|p2a: BOOM!|Choice Specs|[from] move: Knock Off|[of] p1a: Tornadus
|-damage|p1a: Tornadus|32\/299|[from] item: Life Orb
|faint|p2a: BOOM!
|
|-weather|Sandstorm|[upkeep]
|-damage|p1a: Tornadus|14\/299|[from] sandstorm
|c| Yellow Skarmory|hi
|c| Saganabyss|lol
|
|switch|p2a: Strong Fin Steady|Sharpedo, M|281\/281
|turn|19
|c| FALCOWNPAUNCH!|Welcome to the battle
|c| Pinkin Lark|lo
|
|move|p2a: Strong Fin Steady|Aqua Jet|p1a: Tornadus
|-damage|p1a: Tornadus|0 fnt
|-damage|p2a: Strong Fin Steady|253\/281|[from] item: Life Orb
|faint|p1a: Tornadus
|
|-weather|Sandstorm|[upkeep]
|-damage|p2a: Strong Fin Steady|236\/281|[from] sandstorm
|-boost|p2a: Strong Fin Steady|spe|1|[from] ability: Speed Boost
|c|âDonphantastic|the aqua jet threw me off
|c|âDonphantastic|tbh
|
|switch|p1a: Vaporeon|Vaporeon, M|463\/463
|-damage|p1a: Vaporeon|406\/463|[from] Stealth Rock
|turn|20
|c|âLiving Proof|It does that, which is why I like it
|c| Tipsy Russian|why aqua jet on a speed boost poke
|c|âLiving Proof|Infernape
|c|âDonphantastic|bc priority
|c| Yellow Skarmory|Because in case you need it
|c| Pinkin Lark|he caught me with it too :3
|c| Tipsy Russian|that means he doesnt have water falle eq or ice fang if he runs protect
|c| FALCOWNPAUNCH!|For those moments when the opposing Poke is weakened and faster
|c| Tipsy Russian|well then just protect
|c| Tipsy Russian|and smack them with wwaterfall
|c|âLiving Proof|People like to predict around proect
|c| Pinkin Lark|real sharpedos kill from turn 1
|c| Tipsy Russian|and ape usually never runs mach punch
|c|âLiving Proof|Go into priority user
|c|âLiving Proof|Kill
|
|switch|p2a: Walk on Water|Suicune, shiny|404\/404 slp
|-ability|p2a: Walk on Water|Pressure
|move|p1a: Vaporeon|Scald|p2a: Walk on Water
|-resisted|p2a: Walk on Water
|-damage|p2a: Walk on Water|362\/404 slp
|
|-weather|none
|-heal|p2a: Walk on Water|387\/404 slp|[from] item: Leftovers
|-heal|p1a: Vaporeon|434\/463|[from] item: Leftovers
|turn|21
|leave|Yellow Skarmory
|
|switch|p1a: Empoleon|Empoleon, M|182\/372
|-damage|p1a: Empoleon|159\/372|[from] Stealth Rock
|cant|p2a: Walk on Water|slp
|move|p2a: Walk on Water|Sleep Talk|p2a: Walk on Water
|move|p2a: Walk on Water|Scald|p1a: Empoleon|[from]Sleep Talk
|-resisted|p1a: Empoleon
|-damage|p1a: Empoleon|116\/372
|
|-heal|p2a: Walk on Water|404\/404 slp|[from] item: Leftovers
|-heal|p1a: Empoleon|139\/372|[from] item: Leftovers
|turn|22
|
|cant|p2a: Walk on Water|slp
|move|p2a: Walk on Water|Sleep Talk|p2a: Walk on Water
|move|p2a: Walk on Water|Scald|p1a: Empoleon|[from]Sleep Talk
|-resisted|p1a: Empoleon
|-damage|p1a: Empoleon|96\/372
|move|p1a: Empoleon|Defog|p2a: Walk on Water
|-unboost|p2a: Walk on Water|evasion|1
|-sideend|p1: Donphantastic|Stealth Rock|[from] move: Defog|[of] p1a: Empoleon
|
|-heal|p1a: Empoleon|119\/372|[from] item: Leftovers
|turn|23
|
|-curestatus|p2a: Walk on Water|slp
|move|p2a: Walk on Water|Calm Mind|p2a: Walk on Water
|-boost|p2a: Walk on Water|spa|1
|-boost|p2a: Walk on Water|spd|1
|move|p1a: Empoleon|Stealth Rock|p2a: Walk on Water
|-sidestart|p2: Living Proof|move: Stealth Rock
|
|-heal|p1a: Empoleon|142\/372|[from] item: Leftovers
|turn|24
|
|move|p2a: Walk on Water|Scald|p1a: Empoleon
|-resisted|p1a: Empoleon
|-damage|p1a: Empoleon|74\/372
|move|p1a: Empoleon|Roar|p2a: Walk on Water
|drag|p2a: Strong Fin Steady|Sharpedo, M|236\/281
|-damage|p2a: Strong Fin Steady|201\/281|[from] Stealth Rock
|
|-heal|p1a: Empoleon|97\/372|[from] item: Leftovers
|turn|25
|
|move|p2a: Strong Fin Steady|Earthquake|p1a: Empoleon
|-supereffective|p1a: Empoleon
|-damage|p1a: Empoleon|0 fnt
|-damage|p2a: Strong Fin Steady|173\/281|[from] item: Life Orb
|faint|p1a: Empoleon
|
|-boost|p2a: Strong Fin Steady|spe|1|[from] ability: Speed Boost
|c| Saganabyss|lol
|
|switch|p1a: Vaporeon|Vaporeon, M|434\/463
|turn|26
|
|switch|p2a: Walk on Water|Suicune, shiny|404\/404
|-damage|p2a: Walk on Water|354\/404|[from] Stealth Rock
|-ability|p2a: Walk on Water|Pressure
|move|p1a: Vaporeon|Scald|p2a: Walk on Water
|-resisted|p2a: Walk on Water
|-damage|p2a: Walk on Water|310\/404
|
|-heal|p2a: Walk on Water|335\/404|[from] item: Leftovers
|-heal|p1a: Vaporeon|462\/463|[from] item: Leftovers
|turn|27
|
|move|p2a: Walk on Water|Scald|p1a: Vaporeon
|-heal|p1a: Vaporeon|463\/463|[from] ability: Water Absorb|[of] p2a: Walk on Water
|move|p1a: Vaporeon|Baton Pass|p1a: Vaporeon
|
|switch|p1a: Raikou|Raikou|281\/321
|-ability|p1a: Raikou|Pressure
|
|-heal|p2a: Walk on Water|360\/404|[from] item: Leftovers
|turn|28
|join|Shit in a Bucket
|c| Shit in a Bucket|TINI
|c| Shit in a Bucket|HOW
|c| Shit in a Bucket|EXPLAIN
|c| Shit in a Bucket|WHAT
|c| Tipsy Russian|tested
|c|âDonphantastic|IT IS BACK
|c| Tipsy Russian|rn
|c| Shit in a Bucket|OH 
|c| Shit in a Bucket|MY
|
|move|p1a: Raikou|Hidden Power|p2a: Walk on Water
|-supereffective|p2a: Walk on Water
|-damage|p2a: Walk on Water|218\/404
|move|p2a: Walk on Water|Scald|p1a: Raikou
|-damage|p1a: Raikou|194\/321
|
|-heal|p2a: Walk on Water|243\/404|[from] item: Leftovers
|turn|29
|c| Shit in a Bucket|GOD
|c|âDonphantastic|THE BASED LORD HAS RETURNED
|c| FALCOWNPAUNCH!|Back with a f***ing vengeance
|c| Shit in a Bucket|BASED TINI
|
|switch|p2a: House of Sand|Hippowdon, M, shiny|277\/420
|-damage|p2a: House of Sand|251\/420|[from] Stealth Rock
|-weather|Sandstorm
|move|p1a: Raikou|Thunderbolt|p2a: House of Sand
|-immune|p2a: House of Sand|[msg]
|
|-weather|Sandstorm|[upkeep]
|-damage|p1a: Raikou|174\/321|[from] sandstorm
|turn|30
|c| Pinkin Lark|and has yet to show up, lol
|
|switch|p1a: Victini|Victini|341\/341
|move|p2a: House of Sand|Slack Off|p2a: House of Sand
|-heal|p2a: House of Sand|420\/420
|
|-weather|Sandstorm|[upkeep]
|-damage|p1a: Victini|320\/341|[from] sandstorm
|turn|31
|c| Saganabyss|Suicune <3
|
|move|p1a: Victini|V-create|p2a: House of Sand
|-damage|p2a: House of Sand|72\/420
|-unboost|p1a: Victini|def|1
|-unboost|p1a: Victini|spd|1
|-unboost|p1a: Victini|spe|1
|move|p2a: House of Sand|Slack Off|p2a: House of Sand
|-heal|p2a: House of Sand|282\/420
|
|-weather|Sandstorm|[upkeep]
|-damage|p1a: Victini|299\/341|[from] sandstorm
|turn|32
|leave|Latias tho
|c| Tipsy Russian|def not eating that up
|c| Shit in a Bucket|TINNNNNNNNNNNNNNNNNNNNNNNNNNNNNNNNNNNNNNNNNNNNNNNNNNNNNNNNNNNNNNI
|
|switch|p2a: Walk on Water|Suicune, shiny|243\/404
|-damage|p2a: Walk on Water|193\/404|[from] Stealth Rock
|-ability|p2a: Walk on Water|Pressure
|move|p1a: Victini|V-create|p2a: Walk on Water
|-resisted|p2a: Walk on Water
|-damage|p2a: Walk on Water|69\/404
|-unboost|p1a: Victini|def|1
|-unboost|p1a: Victini|spd|1
|-unboost|p1a: Victini|spe|1
|
|-weather|Sandstorm|[upkeep]
|-damage|p2a: Walk on Water|44\/404|[from] sandstorm
|-damage|p1a: Victini|278\/341|[from] sandstorm
|-heal|p2a: Walk on Water|69\/404|[from] item: Leftovers
|turn|33
|c| Saganabyss|TAKE THIS
|c| Saganabyss|oh
|
|switch|p1a: Raikou|Raikou|174\/321
|-ability|p1a: Raikou|Pressure
|move|p2a: Walk on Water|Rest|p2a: Walk on Water
|-status|p2a: Walk on Water|slp
|-heal|p2a: Walk on Water|404\/404 slp|[silent]
|-status|p2a: Walk on Water|slp|[from] move: Rest
|
|-weather|none
|turn|34
|
|switch|p2a: House of Sand|Hippowdon, M, shiny|282\/420
|-damage|p2a: House of Sand|256\/420|[from] Stealth Rock
|-weather|Sandstorm
|move|p1a: Raikou|Thunderbolt|p2a: House of Sand
|-immune|p2a: House of Sand|[msg]
|
|-weather|Sandstorm|[upkeep]
|-damage|p1a: Raikou|154\/321|[from] sandstorm
|turn|35
|c| Saganabyss|lol
|c| Pinkin Lark|poor raikou :3
|c| FALCOWNPAUNCH!|Reveal HP Grass
|c| Shit in a Bucket|^
|c|âDonphantastic|I have it lol
|c|âLiving Proof|Done that already
|c| Pinkin Lark|he already did :3
|c| Pinkin Lark|unless it was HP Elec
|c|âLiving Proof|I eat it up
|c| silverbackkap|wait a minute whats a victini doing here?
|join|Ghrian
|
|switch|p1a: Victini|Victini|278\/341
|move|p2a: House of Sand|Slack Off|p2a: House of Sand
|-heal|p2a: House of Sand|420\/420
|
|-weather|Sandstorm|[upkeep]
|-damage|p1a: Victini|257\/341|[from] sandstorm
|turn|36
|c| Shit in a Bucket|ITS
|c|+PokeGyarados|retesting
|c| Shit in a Bucket|CUS
|c| Shit in a Bucket|TINI
|join|Banchot
|c| Shit in a Bucket|TIIIIIIIIIIIINI
|c| silverbackkap|yyuuuuss
|c| silverbackkap|come back to me
|
|move|p1a: Victini|Trick|p2a: House of Sand
|-activate|p1a: Victini|move: Trick|[of] p2a: House of Sand
|-item|p2a: House of Sand|Choice Band|[from] move: Trick
|move|p2a: House of Sand|Slack Off|p2a: House of Sand
|-fail|p2a: House of Sand
|
|-weather|Sandstorm|[upkeep]
|-damage|p1a: Victini|236\/341|[from] sandstorm
|turn|37
|c|âDonphantastic|guys
|c|âLiving Proof|Oh
|c|âDonphantastic|I have to eat
|c|âLiving Proof|ok
|c| Pinkin Lark|oh snap
|c| Shit in a Bucket|o
|c| Tipsy Russian|let me finish
|c| Tipsy Russian|!!!!!!!
|c| Shit in a Bucket|no ur shabs
|c|+PokeGyarados|me "\
|c|+PokeGyarados|:]*
|c| silverbackkap|my fiery friend <3
|
|switch|p2a: Walk on Water|Suicune, shiny|404\/404 slp
|-damage|p2a: Walk on Water|354\/404 slp|[from] Stealth Rock
|-ability|p2a: Walk on Water|Pressure
|move|p1a: Victini|U-turn|p2a: Walk on Water
|-damage|p2a: Walk on Water|309\/404 slp
|c| Tipsy Russian|go poke gyrados
|
|switch|p1a: Hydreigon|Hydreigon, F|63\/325
|
|-weather|Sandstorm|[upkeep]
|-damage|p1a: Hydreigon|43\/325|[from] sandstorm
|-damage|p2a: Walk on Water|284\/404 slp|[from] sandstorm
|-heal|p2a: Walk on Water|309\/404 slp|[from] item: Leftovers
|turn|38
|c| Tipsy Russian|i gotta do homework
|
|switch|p2a: House of Sand|Hippowdon, M, shiny|420\/420
|-damage|p2a: House of Sand|394\/420|[from] Stealth Rock
|move|p1a: Hydreigon|Draco Meteor|p2a: House of Sand
|-damage|p2a: House of Sand|52\/420
|-unboost|p1a: Hydreigon|spa|2
|
|-weather|none
|turn|39
|
|move|p1a: Hydreigon|Draco Meteor|p2a: House of Sand
|-damage|p2a: House of Sand|0 fnt
|-unboost|p1a: Hydreigon|spa|2
|faint|p2a: House of Sand
|
|leave|Ghrian
|
|switch|p2a: Strong Fin Steady|Sharpedo, M|173\/281
|-damage|p2a: Strong Fin Steady|138\/281|[from] Stealth Rock
|turn|40
|
|switch|p1a: Victini|Victini|236\/341
|move|p2a: Strong Fin Steady|Aqua Jet|p1a: Victini
|-supereffective|p1a: Victini
|-damage|p1a: Victini|33\/341
|-damage|p2a: Strong Fin Steady|110\/281|[from] item: Life Orb
|
|-boost|p2a: Strong Fin Steady|spe|1|[from] ability: Speed Boost
|turn|41
|
|move|p2a: Strong Fin Steady|Crunch|p1a: Victini
|-supereffective|p1a: Victini
|-damage|p1a: Victini|0 fnt
|-damage|p2a: Strong Fin Steady|82\/281|[from] item: Life Orb
|faint|p1a: Victini
|
|-boost|p2a: Strong Fin Steady|spe|1|[from] ability: Speed Boost
|
|switch|p1a: Vaporeon|Vaporeon, M|463\/463
|turn|42
|
|move|p2a: Strong Fin Steady|Earthquake|p1a: Vaporeon
|-damage|p1a: Vaporeon|200\/463
|-damage|p2a: Strong Fin Steady|54\/281|[from] item: Life Orb
|move|p1a: Vaporeon|Scald|p2a: Strong Fin Steady
|-resisted|p2a: Strong Fin Steady
|-damage|p2a: Strong Fin Steady|0 fnt
|faint|p2a: Strong Fin Steady
|
|-heal|p1a: Vaporeon|228\/463|[from] item: Leftovers
|
|switch|p2a: Walk on Water|Suicune, shiny|309\/404 slp
|-damage|p2a: Walk on Water|259\/404 slp|[from] Stealth Rock
|-ability|p2a: Walk on Water|Pressure
|turn|43
|
|cant|p2a: Walk on Water|slp
|move|p2a: Walk on Water|Sleep Talk|p2a: Walk on Water
|move|p2a: Walk on Water|Rest|p2a: Walk on Water|[from]Sleep Talk
|-fail|p2a: Walk on Water
|move|p1a: Vaporeon|Baton Pass|p1a: Vaporeon
|leave|Banchot
|c|âLiving Proof|Welplaid
|
|switch|p1a: Raikou|Raikou|154\/321
|-ability|p1a: Raikou|Pressure
|
|-heal|p2a: Walk on Water|284\/404 slp|[from] item: Leftovers
|turn|44
|c|âDonphantastic|g
|c|âDonphantastic|g
|c|âDonphantastic|fren
|
|move|p1a: Raikou|Thunderbolt|p2a: Walk on Water
|-supereffective|p2a: Walk on Water
|-damage|p2a: Walk on Water|0 fnt
|faint|p2a: Walk on Water
|
|win|Donphantastic
|c| FALCOWNPAUNCH!|gg right there
|leave|FALCOWNPAUNCH!
|c| Pinkin Lark|gg
|leave|PokeGyarados
|leave|silverbackkap
|leave|Living Proof
|player|p2
|leave|Pinkin Lark
|leave|Tipsy Russian
|leave|Shit in a Bucket
|leave|Noriya
|join|Noriya
|leave|Noriya
|leave|lower it down
|leave|Happee