|join|Donphantastic
|join|IONLYLOSETODCs14
|player|p1|Donphantastic|290
|player|p2|IONLYLOSETODCs14|125
|gametype|singles
|gen|6
|tier|UU
|rated
|rule|Sleep Clause Mod: Limit one foe put to sleep
|rule|Species Clause: Limit one of each PokÃ©mon
|rule|OHKO Clause: OHKO moves are banned
|rule|Moody Clause: Moody is banned
|rule|Evasion Moves Clause: Evasion moves are banned
|rule|Endless Battle Clause: Forcing endless battles is banned
|rule|HP Percentage Mod: HP is shown in percentages
|clearpoke
|poke|p1|Piloswine, M
|poke|p1|Vaporeon, M
|poke|p1|Hydreigon, M
|poke|p1|Crobat, M
|poke|p1|Swampert, M
|poke|p1|Jirachi
|poke|p2|Swampert, F, shiny
|poke|p2|Alakazam, F, shiny
|poke|p2|Jirachi, shiny
|poke|p2|Machamp, F, shiny
|poke|p2|Crobat, F, shiny
|poke|p2|Shaymin, shiny
|rule|Swagger Clause: Swagger is banned
|rule|Baton Pass Clause: Limit one PokÃ©mon knowing Baton Pass
|teampreview
|join|Betapf
|
|start
|switch|p1a: Heil|Hydreigon, M|325\/325
|switch|p2a: Shaymin|Shaymin, shiny|341\/341
|turn|1
|
|switch|p1a: Crobat|Crobat, M|373\/373
|move|p2a: Shaymin|Dazzling Gleam|p1a: Crobat
|-resisted|p1a: Crobat
|-damage|p1a: Crobat|296\/373
|
|turn|2
|
|switch|p2a: Jirachi|Jirachi, shiny|341\/341
|move|p1a: Crobat|U-turn|p2a: Jirachi
|-damage|p2a: Jirachi|280\/341
|
|switch|p1a: Swampert|Swampert, M|404\/404
|
|turn|3
|
|move|p2a: Jirachi|U-turn|p1a: Swampert
|-damage|p1a: Swampert|333\/404
|
|switch|p2a: Shaymin|Shaymin, shiny|341\/341
|move|p1a: Swampert|Earthquake|p2a: Shaymin
|-resisted|p2a: Shaymin
|-damage|p2a: Shaymin|202\/341
|
|turn|4
|
|switch|p1a: Jirachi|Jirachi|341\/341
|move|p2a: Shaymin|Psychic|p1a: Jirachi
|-resisted|p1a: Jirachi
|-damage|p1a: Jirachi|310\/341
|
|turn|5
|
|switch|p2a: Swampert|Swampert, F, shiny|403\/403
|move|p1a: Jirachi|U-turn|p2a: Swampert
|-damage|p2a: Swampert|351\/403
|
|switch|p1a: Heil|Hydreigon, M|325\/325
|
|-heal|p2a: Swampert|376\/403|[from] item: Leftovers
|turn|6
|
|move|p2a: Swampert|Protect|p2a: Swampert
|-singleturn|p2a: Swampert|Protect
|move|p1a: Heil|Draco Meteor|p2a: Swampert
|-activate|p2a: Swampert|Protect
|
|-heal|p2a: Swampert|401\/403|[from] item: Leftovers
|turn|7
|
|switch|p2a: Jirachi|Jirachi, shiny|280\/341
|move|p1a: Heil|Draco Meteor|p2a: Jirachi
|-resisted|p2a: Jirachi
|-damage|p2a: Jirachi|107\/341
|-unboost|p1a: Heil|spa|2
|
|turn|8
|
|switch|p1a: Jirachi|Jirachi|310\/341
|move|p2a: Jirachi|U-turn|p1a: Jirachi
|-damage|p1a: Jirachi|246\/341
|
|switch|p2a: Swampert|Swampert, F, shiny|401\/403
|
|-heal|p2a: Swampert|403\/403|[from] item: Leftovers
|turn|9
|
|move|p1a: Jirachi|Trick|p2a: Swampert
|-activate|p1a: Jirachi|move: Trick|[of] p2a: Swampert
|-item|p2a: Swampert|Choice Scarf|[from] move: Trick
|-item|p1a: Jirachi|Leftovers|[from] move: Trick
|move|p2a: Swampert|Stealth Rock|p1a: Jirachi
|-sidestart|p1: Donphantastic|move: Stealth Rock
|
|-heal|p1a: Jirachi|267\/341|[from] item: Leftovers
|turn|10
|
|switch|p2a: Crobat|Crobat, F, shiny|329\/329
|move|p1a: Jirachi|U-turn|p2a: Crobat
|-resisted|p2a: Crobat
|-damage|p2a: Crobat|310\/329
|
|switch|p1a: Swampert|Swampert, M|333\/404
|-damage|p1a: Swampert|308\/404|[from] Stealth Rock
|
|-heal|p2a: Crobat|329\/329|[from] item: Black Sludge
|turn|11
|
|move|p2a: Crobat|U-turn|p1a: Swampert
|-damage|p1a: Swampert|240\/404
|
|switch|p2a: Swampert|Swampert, F, shiny|403\/403
|move|p1a: Swampert|Waterfall|p2a: Swampert
|-damage|p2a: Swampert|246\/403
|
|turn|12
|
|switch|p2a: Shaymin|Shaymin, shiny|202\/341
|switch|p1a: Mermaid|Vaporeon, M|464\/464
|-damage|p1a: Mermaid|406\/464|[from] Stealth Rock
|
|-heal|p1a: Mermaid|435\/464|[from] item: Leftovers
|turn|13
|
|move|p1a: Mermaid|Protect|p1a: Mermaid
|-singleturn|p1a: Mermaid|Protect
|move|p2a: Shaymin|Seed Flare|p1a: Mermaid
|-activate|p1a: Mermaid|Protect
|
|-heal|p1a: Mermaid|464\/464|[from] item: Leftovers
|turn|14
|
|switch|p2a: Jirachi|Jirachi, shiny|107\/341
|switch|p1a: Jirachi|Jirachi|267\/341
|-damage|p1a: Jirachi|246\/341|[from] Stealth Rock
|
|-heal|p1a: Jirachi|267\/341|[from] item: Leftovers
|turn|15
|
|move|p2a: Jirachi|U-turn|p1a: Jirachi
|-damage|p1a: Jirachi|195\/341
|
|switch|p2a: Crobat|Crobat, F, shiny|329\/329
|move|p1a: Jirachi|Fire Punch|p2a: Crobat
|-damage|p2a: Crobat|232\/329
|
|-heal|p2a: Crobat|252\/329|[from] item: Black Sludge
|-heal|p1a: Jirachi|216\/341|[from] item: Leftovers
|turn|16
|
|move|p2a: Crobat|Brave Bird|p1a: Jirachi
|-resisted|p1a: Jirachi
|-damage|p1a: Jirachi|133\/341
|-damage|p2a: Crobat|225\/329|[from] recoil|[of] p1a: Jirachi
|move|p1a: Jirachi|U-turn|p2a: Crobat
|-resisted|p2a: Crobat
|-damage|p2a: Crobat|205\/329
|
|switch|p1a: BasedMammoth|Piloswine, M|404\/404
|-damage|p1a: BasedMammoth|354\/404|[from] Stealth Rock
|
|-heal|p2a: Crobat|225\/329|[from] item: Black Sludge
|turn|17
|
|switch|p2a: Machamp|Machamp, F, shiny|343\/343
|move|p1a: BasedMammoth|Icicle Crash|p2a: Machamp
|-damage|p2a: Machamp|183\/343
|
|turn|18
|
|move|p2a: Machamp|Knock Off|p1a: BasedMammoth
|-damage|p1a: BasedMammoth|214\/404
|-enditem|p1a: BasedMammoth|Eviolite|[from] move: Knock Off|[of] p2a: Machamp
|move|p1a: BasedMammoth|Earthquake|p2a: Machamp
|-damage|p2a: Machamp|0 fnt
|faint|p2a: Machamp
|
|
|switch|p2a: Alakazam|Alakazam, F, shiny|251\/251
|turn|19
|
|detailschange|p2a: Alakazam|Alakazam-Mega, F, shiny
|message|Alakazam has Mega Evolved into Mega Alakazam!
|-ability|p2a: Alakazam|Thick Fat|[from] ability: Trace|[of] p1a: BasedMammoth
|move|p1a: BasedMammoth|Ice Shard|p2a: Alakazam
|-damage|p2a: Alakazam|203\/251
|move|p2a: Alakazam|Psychic|p1a: BasedMammoth
|-damage|p1a: BasedMammoth|0 fnt
|faint|p1a: BasedMammoth
|
|
|switch|p1a: Mermaid|Vaporeon, M|464\/464
|-damage|p1a: Mermaid|406\/464|[from] Stealth Rock
|turn|20
|
|switch|p2a: Jirachi|Jirachi, shiny|107\/341
|switch|p1a: Crobat|Crobat, M|296\/373
|-damage|p1a: Crobat|203\/373|[from] Stealth Rock
|
|turn|21
|
|move|p2a: Jirachi|Iron Head|p1a: Crobat
|-damage|p1a: Crobat|68\/373
|move|p1a: Crobat|Defog|p2a: Jirachi
|-unboost|p2a: Jirachi|evasion|1
|-sideend|p1: Donphantastic|Stealth Rock|[from] move: Defog|[of] p1a: Crobat
|
|turn|22
|
|switch|p1a: Mermaid|Vaporeon, M|406\/464
|move|p2a: Jirachi|Iron Head|p1a: Mermaid
|-resisted|p1a: Mermaid
|-damage|p1a: Mermaid|349\/464
|
|-heal|p1a: Mermaid|378\/464|[from] item: Leftovers
|turn|23
|
|switch|p2a: Alakazam|Alakazam-Mega, F, shiny|203\/251
|-ability|p2a: Alakazam|Water Absorb|[from] ability: Trace|[of] p1a: Mermaid
|move|p1a: Mermaid|Baton Pass|p1a: Mermaid
|
|switch|p1a: Swampert|Swampert, M|240\/404
|
|turn|24
|
|switch|p2a: Shaymin|Shaymin, shiny|202\/341
|move|p1a: Swampert|Waterfall|p2a: Shaymin
|-resisted|p2a: Shaymin
|-damage|p2a: Shaymin|106\/341
|
|turn|25
|leave|Donphantastic
|player|p1
|join|Donphantastic
|player|p1|Donphantastic|290
|
|switch|p1a: Heil|Hydreigon, M|325\/325
|move|p2a: Shaymin|Seed Flare|p1a: Heil
|-resisted|p1a: Heil
|-damage|p1a: Heil|167\/325
|
|turn|26
|
|switch|p2a: Swampert|Swampert, F, shiny|246\/403
|move|p1a: Heil|Dark Pulse|p2a: Swampert
|-damage|p2a: Swampert|0 fnt
|faint|p2a: Swampert
|
|
|switch|p2a: Crobat|Crobat, F, shiny|225\/329
|turn|27
|
|move|p2a: Crobat|Brave Bird|p1a: Heil
|-damage|p1a: Heil|0 fnt
|-damage|p2a: Crobat|170\/329|[from] recoil|[of] p1a: Heil
|faint|p1a: Heil
|
|-heal|p2a: Crobat|190\/329|[from] item: Black Sludge
|
|switch|p1a: Jirachi|Jirachi|133\/341
|turn|28
|
|move|p2a: Crobat|Brave Bird|p1a: Jirachi
|-resisted|p1a: Jirachi
|-damage|p1a: Jirachi|53\/341
|-damage|p2a: Crobat|164\/329|[from] recoil|[of] p1a: Jirachi
|move|p1a: Jirachi|Iron Head|p2a: Crobat
|-crit|p2a: Crobat
|-damage|p2a: Crobat|0 fnt
|faint|p2a: Crobat
|
|-heal|p1a: Jirachi|74\/341|[from] item: Leftovers
|
|switch|p2a: Alakazam|Alakazam-Mega, F, shiny|203\/251
|-ability|p2a: Alakazam|Serene Grace|[from] ability: Trace|[of] p1a: Jirachi
|turn|29
|
|move|p2a: Alakazam|Shadow Ball|p1a: Jirachi
|-supereffective|p1a: Jirachi
|-damage|p1a: Jirachi|0 fnt
|faint|p1a: Jirachi
|
|
|switch|p1a: Mermaid|Vaporeon, M|378\/464
|turn|30
|
|switch|p2a: Shaymin|Shaymin, shiny|106\/341
|switch|p1a: Crobat|Crobat, M|68\/373
|
|turn|31
|
|switch|p2a: Jirachi|Jirachi, shiny|107\/341
|move|p1a: Crobat|U-turn|p2a: Jirachi
|-crit|p2a: Jirachi
|-damage|p2a: Jirachi|9\/341
|c|âIONLYLOSETODCs14|2 CRIT
|c|âIONLYLOSETODCs14|2 CRITS
|c|âIONLYLOSETODCs14|THATS BS
|c|âIONLYLOSETODCs14|HAX RELIANT SKILLESS PITIFUL PATHETIC SHAMEFUL SCRUB
|c|âIONLYLOSETODCs14|WITHOUT HAX YOURE NOTHING
|c|âIONLYLOSETODCs14|IVE OUTSKILLED YOU ALL GAME
|c|âIONLYLOSETODCs14|APOLOGISE WITH DIGNITY NOW
|
|switch|p1a: Mermaid|Vaporeon, M|378\/464
|
|-heal|p1a: Mermaid|407\/464|[from] item: Leftovers
|turn|32
|c|âDonphantastic|the game is yours regardless
|c|âDonphantastic|lel
|c|âDonphantastic|calm your tits fren
|
|move|p1a: Mermaid|Protect|p1a: Mermaid
|-singleturn|p1a: Mermaid|Protect
|move|p2a: Jirachi|Trick|p1a: Mermaid
|-activate|p1a: Mermaid|Protect
|
|-heal|p1a: Mermaid|436\/464|[from] item: Leftovers
|turn|33
|
|switch|p2a: Alakazam|Alakazam-Mega, F, shiny|203\/251
|-ability|p2a: Alakazam|Water Absorb|[from] ability: Trace|[of] p1a: Mermaid
|switch|p1a: Crobat|Crobat, M|68\/373
|
|turn|34
|c|âIONLYLOSETODCs14|GAME OVER
|c|âDonphantastic|yerp
|
|switch|p1a: Mermaid|Vaporeon, M|436\/464
|move|p2a: Alakazam|Psychic|p1a: Mermaid
|-damage|p1a: Mermaid|205\/464
|
|-heal|p1a: Mermaid|234\/464|[from] item: Leftovers
|turn|35
|c|âIONLYLOSETODCs14|YET AGAIN OUTSKILLED BY THE SUPERIOR IMMORTAL ALMIGHTY PRO
|c|âIONLYLOSETODCs14|DONT EVEN TRY IT
|
|move|p1a: Mermaid|Protect|p1a: Mermaid
|-singleturn|p1a: Mermaid|Protect
|move|p2a: Alakazam|Psychic|p1a: Mermaid
|-activate|p1a: Mermaid|Protect
|
|-heal|p1a: Mermaid|263\/464|[from] item: Leftovers
|turn|36
|
|move|p2a: Alakazam|Psychic|p1a: Mermaid
|-damage|p1a: Mermaid|20\/464
|move|p1a: Mermaid|Wish|p1a: Mermaid
|
|-heal|p1a: Mermaid|49\/464|[from] item: Leftovers
|turn|37
|
|switch|p2a: Shaymin|Shaymin, shiny|106\/341
|move|p1a: Mermaid|Protect|p1a: Mermaid
|-fail|p1a: Mermaid
|
|-heal|p1a: Mermaid|281\/464|[from] move: Wish|[wisher] Mermaid
|-heal|p1a: Mermaid|310\/464|[from] item: Leftovers
|turn|38
|
|move|p1a: Mermaid|Protect|p1a: Mermaid
|-singleturn|p1a: Mermaid|Protect
|move|p2a: Shaymin|Seed Flare|p1a: Mermaid
|-activate|p1a: Mermaid|Protect
|
|-heal|p1a: Mermaid|339\/464|[from] item: Leftovers
|turn|39
|
|switch|p1a: Crobat|Crobat, M|68\/373
|move|p2a: Shaymin|Seed Flare|p1a: Crobat
|-resisted|p1a: Crobat
|-damage|p1a: Crobat|0 fnt
|faint|p1a: Crobat
|
|-message|Donphantastic forfeited.
|
|win|IONLYLOSETODCs14
|raw|Ladder updating...
|leave|Donphantastic
|player|p1
|c|âIONLYLOSETODCs14|GAME OVER BARRING BS UNFAIR MISSES
|c|âIONLYLOSETODCs14|RAGEQUITTING WEAK PITIFUL PATHETIC WORTHLESS COWARD DESPITE MASSIVE BS HAX IN YOUR FAVOUR
|c|âIONLYLOSETODCs14|GET GUD
|raw|Ladder (probably) updated, but score could not be retrieved (timeout).
|raw|Ladder (probably) updated, but score could not be retrieved (Error: socket hang up).