|join|Donphantastic
|join|PiggK
|player|p1|Donphantastic|290
|player|p2|PiggK|125
|gametype|singles
|gen|6
|tier|UU
|rated
|rule|Sleep Clause Mod: Limit one foe put to sleep
|rule|Species Clause: Limit one of each PokÃ©mon
|rule|OHKO Clause: OHKO moves are banned
|rule|Moody Clause: Moody is banned
|rule|Evasion Moves Clause: Evasion moves are banned
|rule|Endless Battle Clause: Forcing endless battles is banned
|rule|HP Percentage Mod: HP is shown in percentages
|clearpoke
|poke|p1|Emboar, F
|poke|p1|Darmanitan, M
|poke|p1|Diancie
|poke|p1|Celebi
|poke|p1|Swampert, F
|poke|p1|Crobat, F
|poke|p2|Darmanitan, M
|poke|p2|Sceptile, F
|poke|p2|Gligar, M
|poke|p2|Starmie
|poke|p2|Jirachi
|poke|p2|Krookodile, F
|rule|Swagger Clause: Swagger is banned
|rule|Baton Pass Clause: Limit one PokÃ©mon knowing Baton Pass
|teampreview
|c|âDonphantastic|really wish you had a pig
|c|âDonphantastic|pig is so fun
|
|start
|switch|p1a: Darmanitan|Darmanitan, M|351\/351
|switch|p2a: Darmanitan|Darmanitan, M|351\/351
|turn|1
|c|âPiggK|http:\/\/disabledgrappler.com\/wp-content\/uploads\/2014\/05\/pig.jpg
|
|switch|p1a: Swampert|Swampert, F|404\/404
|move|p2a: Darmanitan|U-turn|p1a: Swampert
|-damage|p1a: Swampert|332\/404
|
|switch|p2a: Sceptile|Sceptile, F|281\/281
|
|-heal|p1a: Swampert|357\/404|[from] item: Leftovers
|turn|2
|
|switch|p1a: Crobat|Crobat, F|325\/325
|detailschange|p2a: Sceptile|Sceptile-Mega, F
|-mega|p2a: Sceptile|Sceptile|Sceptilite
|move|p2a: Sceptile|Dragon Pulse|p1a: Crobat
|-damage|p1a: Crobat|120\/325
|
|turn|3
|
|move|p2a: Sceptile|Dragon Pulse|p1a: Crobat
|-damage|p1a: Crobat|0 fnt
|faint|p1a: Crobat
|
|
|switch|p1a: Emboar|Emboar, F|361\/361
|turn|4
|c|âPiggK|crap
|c|âPiggK|if that's banded
|c|âPiggK|I don't have any sqitch ins
|c|âPiggK|*switch
|
|switch|p2a: Starmie|Starmie|323\/323
|move|p1a: Emboar|Flare Blitz|p2a: Starmie
|-resisted|p2a: Starmie
|-damage|p2a: Starmie|173\/323
|-damage|p1a: Emboar|311\/361|[from] recoil|[of] p2a: Starmie
|
|-heal|p2a: Starmie|193\/323|[from] item: Leftovers
|turn|5
|
|move|p2a: Starmie|Scald|p1a: Emboar
|-supereffective|p1a: Emboar
|-damage|p1a: Emboar|41\/361
|move|p1a: Emboar|Wild Charge|p2a: Starmie
|-supereffective|p2a: Starmie
|-damage|p2a: Starmie|0 fnt
|-damage|p1a: Emboar|0 fnt|[from] recoil|[of] p2a: Starmie
|faint|p2a: Starmie
|faint|p1a: Emboar
|
|
|switch|p2a: Darmanitan|Darmanitan, M|351\/351
|switch|p1a: Diancie|Diancie|300\/300
|turn|6
|
|detailschange|p1a: Diancie|Diancie-Mega
|-mega|p1a: Diancie|Diancie|Diancite
|move|p2a: Darmanitan|U-turn|p1a: Diancie
|-resisted|p1a: Diancie
|-damage|p1a: Diancie|260\/300
|
|switch|p2a: Gligar|Gligar, M|333\/333
|move|p1a: Diancie|Earth Power|p2a: Gligar
|-immune|p2a: Gligar|[msg]
|
|turn|7
|
|move|p1a: Diancie|Moonblast|p2a: Gligar
|-damage|p2a: Gligar|198\/333
|move|p2a: Gligar|Earthquake|p1a: Diancie
|-supereffective|p1a: Diancie
|-damage|p1a: Diancie|92\/300
|
|turn|8
|
|move|p1a: Diancie|Moonblast|p2a: Gligar
|-damage|p2a: Gligar|71\/333
|-unboost|p2a: Gligar|spa|1
|move|p2a: Gligar|Roost|p2a: Gligar
|-heal|p2a: Gligar|238\/333
|
|turn|9
|
|move|p1a: Diancie|Moonblast|p2a: Gligar
|-damage|p2a: Gligar|105\/333
|move|p2a: Gligar|Earthquake|p1a: Diancie
|-supereffective|p1a: Diancie
|-damage|p1a: Diancie|0 fnt
|faint|p1a: Diancie
|
|
|switch|p1a: Darmanitan|Darmanitan, M|351\/351
|turn|10
|
|switch|p2a: Krookodile|Krookodile, F|331\/331
|-ability|p2a: Krookodile|Intimidate|[of] p1a: Darmanitan
|-unboost|p1a: Darmanitan|atk|1
|move|p1a: Darmanitan|Flare Blitz|p2a: Krookodile
|-damage|p2a: Krookodile|112\/331
|-damage|p1a: Darmanitan|279\/351|[from] recoil|[of] p2a: Krookodile
|
|turn|11
|
|move|p1a: Darmanitan|Flare Blitz|p2a: Krookodile
|-damage|p2a: Krookodile|0 fnt
|-damage|p1a: Darmanitan|242\/351|[from] recoil|[of] p2a: Krookodile
|faint|p2a: Krookodile
|
|
|switch|p2a: Sceptile|Sceptile-Mega, F|281\/281
|turn|12
|
|switch|p1a: Celebi|Celebi|341\/341
|move|p2a: Sceptile|Dragon Pulse|p1a: Celebi
|-damage|p1a: Celebi|169\/341
|
|turn|13
|
|move|p2a: Sceptile|Dragon Pulse|p1a: Celebi
|-damage|p1a: Celebi|0 fnt
|faint|p1a: Celebi
|
|
|switch|p1a: Darmanitan|Darmanitan, M|242\/351
|turn|14
|
|switch|p2a: Gligar|Gligar, M|105\/333
|move|p1a: Darmanitan|Flare Blitz|p2a: Gligar
|-damage|p2a: Gligar|0 fnt
|-damage|p1a: Darmanitan|207\/351|[from] recoil|[of] p2a: Gligar
|faint|p2a: Gligar
|
|
|switch|p2a: Darmanitan|Darmanitan, M|351\/351
|turn|15
|
|switch|p1a: Swampert|Swampert, F|357\/404
|move|p2a: Darmanitan|Superpower|p1a: Swampert
|-damage|p1a: Swampert|244\/404
|-unboost|p2a: Darmanitan|atk|1
|-unboost|p2a: Darmanitan|def|1
|
|-heal|p1a: Swampert|269\/404|[from] item: Leftovers
|turn|16
|
|switch|p2a: Sceptile|Sceptile-Mega, F|281\/281
|switch|p1a: Darmanitan|Darmanitan, M|207\/351
|
|turn|17
|
|move|p1a: Darmanitan|Flare Blitz|p2a: Sceptile
|-damage|p2a: Sceptile|0 fnt
|-damage|p1a: Darmanitan|114\/351|[from] recoil|[of] p2a: Sceptile
|faint|p2a: Sceptile
|
|
|switch|p2a: Darmanitan|Darmanitan, M|351\/351
|turn|18
|
|move|p1a: Darmanitan|Flare Blitz|p2a: Darmanitan
|-resisted|p2a: Darmanitan
|-damage|p2a: Darmanitan|111\/351
|-damage|p1a: Darmanitan|35\/351|[from] recoil|[of] p2a: Darmanitan
|move|p2a: Darmanitan|U-turn|p1a: Darmanitan
|-resisted|p1a: Darmanitan
|-damage|p1a: Darmanitan|0 fnt
|faint|p1a: Darmanitan
|
|switch|p2a: Jirachi|Jirachi|404\/404
|
|
|switch|p1a: Swampert|Swampert, F|269\/404
|turn|19
|
|move|p2a: Jirachi|Toxic|p1a: Swampert
|-status|p1a: Swampert|tox
|move|p1a: Swampert|Earthquake|p2a: Jirachi
|-supereffective|p2a: Jirachi
|-damage|p2a: Jirachi|150\/404
|
|-heal|p2a: Jirachi|175\/404|[from] item: Leftovers
|-heal|p1a: Swampert|294\/404 tox|[from] item: Leftovers
|-damage|p1a: Swampert|269\/404 tox|[from] psn
|turn|20
|
|move|p2a: Jirachi|Substitute|p2a: Jirachi
|-start|p2a: Jirachi|Substitute
|-damage|p2a: Jirachi|74\/404
|move|p1a: Swampert|Roar|p2a: Jirachi
|drag|p2a: Darmanitan|Darmanitan, M|111\/351
|
|-heal|p1a: Swampert|294\/404 tox|[from] item: Leftovers
|-damage|p1a: Swampert|244\/404 tox|[from] psn
|turn|21
|
|move|p2a: Darmanitan|Superpower|p1a: Swampert
|-damage|p1a: Swampert|124\/404 tox
|-unboost|p2a: Darmanitan|atk|1
|-unboost|p2a: Darmanitan|def|1
|move|p1a: Swampert|Earthquake|p2a: Darmanitan
|-crit|p2a: Darmanitan
|-supereffective|p2a: Darmanitan
|-damage|p2a: Darmanitan|0 fnt
|faint|p2a: Darmanitan
|
|-heal|p1a: Swampert|149\/404 tox|[from] item: Leftovers
|-damage|p1a: Swampert|74\/404 tox|[from] psn
|c|âDonphantastic|welp
|
|switch|p2a: Jirachi|Jirachi|74\/404
|turn|22
|c|âDonphantastic|Im going to lose to hax
|c|âDonphantastic|but
|c|âDonphantastic|gee gee
|
|move|p2a: Jirachi|Iron Head|p1a: Swampert
|-resisted|p1a: Swampert
|-damage|p1a: Swampert|38\/404 tox
|move|p1a: Swampert|Earthquake|p2a: Jirachi
|-supereffective|p2a: Jirachi
|-damage|p2a: Jirachi|0 fnt
|faint|p2a: Jirachi
|
|win|Donphantastic
|raw|Ladder updating...
|c|âPiggK|40% chance to win
|raw|Donphantastic's rating: 1563 &rarr; <strong>1572<\/strong><br \/>(+9 for winning)
|raw|PiggK's rating: 1337 &rarr; <strong>1329<\/strong><br \/>(-8 for losing)
|c|âPiggK|hey, look at that
|c|âPiggK|gg
|c|âDonphantastic|rawr
|c|âDonphantastic|cletch