|join|Dolph The Showoff
|join|Donphantastic
|player|p1|Dolph The Showoff|99
|player|p2|Donphantastic|290
|gametype|singles
|gen|6
|tier|UU
|rated
|rule|Sleep Clause Mod: Limit one foe put to sleep
|rule|Species Clause: Limit one of each PokÃ©mon
|rule|OHKO Clause: OHKO moves are banned
|rule|Moody Clause: Moody is banned
|rule|Evasion Moves Clause: Evasion moves are banned
|rule|Endless Battle Clause: Forcing endless battles is banned
|rule|HP Percentage Mod: HP is shown in percentages
|clearpoke
|poke|p1|Medicham, M
|poke|p1|Cresselia, F
|poke|p1|Crobat, M
|poke|p1|Krookodile, M
|poke|p1|Snorlax, M
|poke|p1|Hydreigon, M
|poke|p2|Medicham, M
|poke|p2|Krookodile, M
|poke|p2|Jirachi
|poke|p2|Starmie
|poke|p2|Florges, F
|poke|p2|Mienshao, F
|rule|Swagger Clause: Swagger is banned
|rule|Baton Pass Clause: Limit one PokÃ©mon knowing Baton Pass
|teampreview
|c|âDonphantastic|!!!!!!
|c|âDonphantastic|Am I gonna be on yt
|join|Obamascience
|c|âDolph The Showoff|not today, just passing the time testing out the team lol
|c|âDonphantastic|ahh
|c|âDonphantastic|nb
|c| Obamascience|so what am I missing out on
|c| Obamascience|who's this
|c| Obamascience|:o
|
|start
|switch|p1a: No Hands|Medicham, M|261\/261
|switch|p2a: Medicham|Medicham, M|261\/261
|turn|1
|c|âDonphantastic|!!
|c|âDonphantastic|The mirror
|
|detailschange|p2a: Medicham|Medicham-Mega, M
|-mega|p2a: Medicham|Medicham|Medichamite
|detailschange|p1a: No Hands|Medicham-Mega, M
|-mega|p1a: No Hands|Medicham|Medichamite
|move|p1a: No Hands|Fake Out|p2a: Medicham
|-damage|p2a: Medicham|164\/261
|cant|p2a: Medicham|flinch
|
|turn|2
|
|switch|p2a: Krookodile|Krookodile, M|331\/331
|-ability|p2a: Krookodile|Intimidate|[of] p1a: No Hands
|-unboost|p1a: No Hands|atk|1
|switch|p1a: John|Cresselia, F|443\/443
|
|turn|3
|c|âDonphantastic|hi john
|
|move|p2a: Krookodile|Knock Off|p1a: John
|-supereffective|p1a: John
|-damage|p1a: John|207\/443
|-enditem|p1a: John|Leftovers|[from] move: Knock Off|[of] p2a: Krookodile
|move|p1a: John|Moonblast|p2a: Krookodile
|-supereffective|p2a: Krookodile
|-damage|p2a: Krookodile|185\/331
|-unboost|p2a: Krookodile|spa|1
|
|turn|4
|c|âDonphantastic|o no my special attack
|
|move|p2a: Krookodile|Stealth Rock|p1a: John
|-sidestart|p1: Dolph The Showoff|move: Stealth Rock
|move|p1a: John|Moonlight|p1a: John
|-heal|p1a: John|428\/443
|
|turn|5
|
|switch|p2a: Jirachi|Jirachi|404\/404
|move|p1a: John|Thunder Wave|p2a: Jirachi
|-status|p2a: Jirachi|par
|
|turn|6
|
|switch|p1a: Rfizzle9|Krookodile, M|331\/331
|-damage|p1a: Rfizzle9|311\/331|[from] Stealth Rock
|-ability|p1a: Rfizzle9|Intimidate|[of] p2a: Jirachi
|-unboost|p2a: Jirachi|atk|1
|move|p2a: Jirachi|Substitute|p2a: Jirachi
|-start|p2a: Jirachi|Substitute
|-damage|p2a: Jirachi|303\/404 par
|
|-heal|p2a: Jirachi|328\/404 par|[from] item: Leftovers
|turn|7
|
|move|p1a: Rfizzle9|Pursuit|p2a: Jirachi
|-supereffective|p2a: Jirachi
|-end|p2a: Jirachi|Substitute
|move|p2a: Jirachi|Toxic|p1a: Rfizzle9
|-status|p1a: Rfizzle9|tox
|
|-heal|p2a: Jirachi|353\/404 par|[from] item: Leftovers
|-damage|p1a: Rfizzle9|291\/331 tox|[from] psn
|turn|8
|
|move|p1a: Rfizzle9|Knock Off|p2a: Jirachi
|-supereffective|p2a: Jirachi
|-damage|p2a: Jirachi|0 fnt
|-enditem|p2a: Jirachi|Leftovers|[from] move: Knock Off|[of] p1a: Rfizzle9
|faint|p2a: Jirachi
|
|-damage|p1a: Rfizzle9|251\/331 tox|[from] psn
|
|switch|p2a: Medicham|Medicham-Mega, M|164\/261
|turn|9
|
|switch|p1a: Landbat|Crobat, M|373\/373
|-damage|p1a: Landbat|280\/373|[from] Stealth Rock
|move|p2a: Medicham|Drain Punch|p1a: Landbat
|-resisted|p1a: Landbat
|-damage|p1a: Landbat|216\/373
|-heal|p2a: Medicham|196\/261|[from] drain|[of] p1a: Landbat
|
|turn|10
|
|switch|p2a: Starmie|Starmie|324\/324
|move|p1a: Landbat|U-turn|p2a: Starmie
|-supereffective|p2a: Starmie
|-damage|p2a: Starmie|240\/324
|
|switch|p1a: The Shield|Hydreigon, M|325\/325
|-damage|p1a: The Shield|285\/325|[from] Stealth Rock
|
|-heal|p2a: Starmie|260\/324|[from] item: Leftovers
|turn|11
|
|switch|p2a: Florges|Florges, F|330\/330
|move|p1a: The Shield|U-turn|p2a: Florges
|-resisted|p2a: Florges
|-damage|p2a: Florges|295\/330
|
|switch|p1a: Landbat|Crobat, M|216\/373
|-damage|p1a: Landbat|123\/373|[from] Stealth Rock
|
|-heal|p2a: Florges|315\/330|[from] item: Leftovers
|turn|12
|
|move|p1a: Landbat|Defog|p2a: Florges
|-unboost|p2a: Florges|evasion|1
|-sideend|p1: Dolph The Showoff|Stealth Rock|[from] move: Defog|[of] p1a: Landbat
|move|p2a: Florges|Calm Mind|p2a: Florges
|-boost|p2a: Florges|spa|1
|-boost|p2a: Florges|spd|1
|
|-heal|p2a: Florges|330\/330|[from] item: Leftovers
|turn|13
|
|move|p1a: Landbat|U-turn|p2a: Florges
|-resisted|p2a: Florges
|-damage|p2a: Florges|292\/330
|c|âDolph The Showoff|lots of CM florges recently
|
|switch|p1a: Mistake|Snorlax, M|513\/513
|move|p2a: Florges|Moonblast|p1a: Mistake
|-damage|p1a: Mistake|342\/513
|
|-heal|p2a: Florges|312\/330|[from] item: Leftovers
|-heal|p1a: Mistake|374\/513|[from] item: Leftovers
|turn|14
|c|âDonphantastic|you sir
|c|âDonphantastic|have wayy too many switch ins
|c|âDonphantastic|to hjk
|c|âDolph The Showoff|lol
|
|move|p2a: Florges|Calm Mind|p2a: Florges
|-boost|p2a: Florges|spa|1
|-boost|p2a: Florges|spd|1
|move|p1a: Mistake|Curse|p1a: Mistake
|-boost|p1a: Mistake|atk|1
|-boost|p1a: Mistake|def|1
|-unboost|p1a: Mistake|spe|1
|
|-heal|p2a: Florges|330\/330|[from] item: Leftovers
|-heal|p1a: Mistake|406\/513|[from] item: Leftovers
|turn|15
|
|move|p2a: Florges|Moonblast|p1a: Mistake
|-damage|p1a: Mistake|160\/513
|move|p1a: Mistake|Curse|p1a: Mistake
|-boost|p1a: Mistake|atk|1
|-boost|p1a: Mistake|def|1
|-unboost|p1a: Mistake|spe|1
|
|-heal|p1a: Mistake|192\/513|[from] item: Leftovers
|turn|16
|c|âDolph The Showoff|welp
|c|âDonphantastic|nice curse
|
|move|p2a: Florges|Moonblast|p1a: Mistake
|-damage|p1a: Mistake|0 fnt
|faint|p1a: Mistake
|
|c| Obamascience|o god
|c| Obamascience|set up flower
|c|âDolph The Showoff|yeah, mistake o my part
|c|âDolph The Showoff|you won I think
|c| Obamascience|terror
|
|switch|p1a: Rfizzle9|Krookodile, M|251\/331 tox
|-ability|p1a: Rfizzle9|Intimidate|[of] p2a: Florges
|-unboost|p2a: Florges|atk|1
|turn|17
|
|move|p1a: Rfizzle9|Earthquake|p2a: Florges
|-damage|p2a: Florges|110\/330
|move|p2a: Florges|Moonblast|p1a: Rfizzle9
|-supereffective|p1a: Rfizzle9
|-damage|p1a: Rfizzle9|0 fnt
|faint|p1a: Rfizzle9
|
|-heal|p2a: Florges|130\/330|[from] item: Leftovers
|
|switch|p1a: No Hands|Medicham-Mega, M|261\/261
|turn|18
|
|move|p2a: Florges|Protect|p2a: Florges
|-singleturn|p2a: Florges|Protect
|move|p1a: No Hands|Zen Headbutt|p2a: Florges
|-activate|p2a: Florges|Protect
|
|-heal|p2a: Florges|150\/330|[from] item: Leftovers
|turn|19
|join|thunderkid blitz
|join|gobosox
|c|âDonphantastic|this thing needs to stop
|
|switch|p2a: Krookodile|Krookodile, M|185\/331
|-ability|p2a: Krookodile|Intimidate|[of] p1a: No Hands
|-unboost|p1a: No Hands|atk|1
|move|p1a: No Hands|Zen Headbutt|p2a: Krookodile
|-immune|p2a: Krookodile|[msg]
|
|turn|20
|
|move|p1a: No Hands|High Jump Kick|p2a: Krookodile
|-supereffective|p2a: Krookodile
|-damage|p2a: Krookodile|0 fnt
|faint|p2a: Krookodile
|
|c|âDolph The Showoff|IT wont stay
|c|âDolph The Showoff|itll get banned for sure
|
|switch|p2a: Starmie|Starmie|260\/324
|turn|21
|c|âDolph The Showoff|way too strong
|c|âDonphantastic|if it stays I give up on life
|
|switch|p1a: John|Cresselia, F|428\/443
|switch|p2a: Florges|Florges, F|150\/330
|
|-heal|p2a: Florges|170\/330|[from] item: Leftovers
|turn|22
|
|move|p2a: Florges|Wish|p2a: Florges
|move|p1a: John|Thunder Wave|p2a: Florges
|-status|p2a: Florges|par
|
|-heal|p2a: Florges|190\/330 par|[from] item: Leftovers
|turn|23
|c|âDonphantastic|also, I thought you were better than spreading the yellow color
|c|âDonphantastic|:[
|
|switch|p1a: Landbat|Crobat, M|123\/373
|cant|p2a: Florges|par
|
|-heal|p2a: Florges|330\/330 par|[from] move: Wish|[wisher] Florges
|turn|24
|c| thunderkid blitz|if zyggy got to stay for awhile this gets to stay too
|c|âDolph The Showoff|I never get paras, so it's okay :[
|c|âDolph The Showoff|WELP
|c|âDonphantastic|>Never gets paras
|c|âDolph The Showoff|LOL
|
|move|p1a: Landbat|Roost|p1a: Landbat
|-heal|p1a: Landbat|310\/373
|move|p2a: Florges|Calm Mind|p2a: Florges
|-boost|p2a: Florges|spa|1
|-boost|p2a: Florges|spd|1
|
|turn|25
|c|âDonphantastic|u liar
|c|âDonphantastic|0\/10 unsubbing
|c|âDolph The Showoff|why not synthesis and aromatherapy?
|
|move|p1a: Landbat|Acrobatics|p2a: Florges
|-damage|p2a: Florges|177\/330 par
|move|p2a: Florges|Calm Mind|p2a: Florges
|-boost|p2a: Florges|spa|1
|-boost|p2a: Florges|spd|1
|
|-heal|p2a: Florges|197\/330 par|[from] item: Leftovers
|turn|26
|c|âDonphantastic|because I prefer passing wishes to krook\/rachi
|c|âDolph The Showoff|Fair enough
|
|move|p1a: Landbat|Acrobatics|p2a: Florges
|-damage|p2a: Florges|20\/330 par
|move|p2a: Florges|Moonblast|p1a: Landbat
|-resisted|p1a: Landbat
|-damage|p1a: Landbat|112\/373
|
|-heal|p2a: Florges|40\/330 par|[from] item: Leftovers
|turn|27
|
|switch|p2a: Starmie|Starmie|260\/324
|move|p1a: Landbat|Acrobatics|p2a: Starmie
|-damage|p2a: Starmie|161\/324
|
|-heal|p2a: Starmie|181\/324|[from] item: Leftovers
|turn|28
|
|move|p1a: Landbat|U-turn|p2a: Starmie
|-crit|p2a: Starmie
|-supereffective|p2a: Starmie
|-damage|p2a: Starmie|53\/324
|
|switch|p1a: John|Cresselia, F|428\/443
|move|p2a: Starmie|Scald|p1a: John
|-damage|p1a: John|358\/443
|
|-heal|p2a: Starmie|73\/324|[from] item: Leftovers
|turn|29
|c|âDonphantastic|of courseee
|
|move|p2a: Starmie|Recover|p2a: Starmie
|-heal|p2a: Starmie|235\/324
|move|p1a: John|Moonblast|p2a: Starmie
|-damage|p2a: Starmie|162\/324
|
|-heal|p2a: Starmie|182\/324|[from] item: Leftovers
|turn|30
|
|switch|p1a: The Shield|Hydreigon, M|285\/325
|move|p2a: Starmie|Toxic|p1a: The Shield
|-status|p1a: The Shield|tox
|
|-heal|p2a: Starmie|202\/324|[from] item: Leftovers
|-damage|p1a: The Shield|265\/325 tox|[from] psn
|turn|31
|c|âDolph The Showoff|THANKS CANCEL BUTTON
|c|âDolph The Showoff|well, that works out kinda lol
|
|switch|p2a: Mienshao|Mienshao, F|271\/271
|move|p1a: The Shield|U-turn|p2a: Mienshao
|-resisted|p2a: Mienshao
|-damage|p2a: Mienshao|233\/271
|c|âDonphantastic|im still salty at your way too many hjk switch ins
|c| Obamascience|well tbh
|c| Obamascience|Half his team is weak to fighting
|c|âDonphantastic|the other half
|c| Obamascience|Atleast 2 good resistances is mandatory
|c|âDonphantastic|walls them for day
|c|âDonphantastic|s
|
|switch|p1a: No Hands|Medicham-Mega, M|261\/261
|
|turn|32
|
|move|p1a: No Hands|Fake Out|p2a: Mienshao
|-damage|p2a: Mienshao|120\/271
|cant|p2a: Mienshao|flinch
|
|turn|33
|
|switch|p1a: John|Cresselia, F|358\/443
|move|p2a: Mienshao|U-turn|p1a: John
|-supereffective|p1a: John
|-damage|p1a: John|244\/443
|
|switch|p2a: Starmie|Starmie|202\/324
|
|-heal|p2a: Starmie|222\/324|[from] item: Leftovers
|turn|34
|
|switch|p1a: The Shield|Hydreigon, M|265\/325 tox
|move|p2a: Starmie|Scald|p1a: The Shield
|-crit|p1a: The Shield
|-resisted|p1a: The Shield
|-damage|p1a: The Shield|194\/325 tox
|
|-heal|p2a: Starmie|242\/324|[from] item: Leftovers
|-damage|p1a: The Shield|174\/325 tox|[from] psn
|turn|35
|c|âDonphantastic|I  can still win
|c|âDonphantastic|all I have to do
|c|âDonphantastic|is take out hydra
|c|âDonphantastic|and have starmie be healthy
|c|âDonphantastic|and burn bat
|
|switch|p2a: Mienshao|Mienshao, F|120\/271
|move|p1a: The Shield|Dark Pulse|p2a: Mienshao
|-resisted|p2a: Mienshao
|-damage|p2a: Mienshao|15\/271
|
|-damage|p1a: The Shield|134\/325 tox|[from] psn
|turn|36
|c|âDolph The Showoff|My mons are well trained
|c|âDolph The Showoff|JS
|c|âDonphantastic|I've seen the lives
|c|âDonphantastic|I know this
|c|âDolph The Showoff|lol
|
|switch|p1a: John|Cresselia, F|244\/443
|move|p2a: Mienshao|U-turn|p1a: John
|-supereffective|p1a: John
|-damage|p1a: John|136\/443
|c|âDonphantastic|252 Atk Pure Power Mega Medicham High Jump Kick vs. 252 HP \/ 252+ Def Cresselia: 112-132 (25.2 - 29.7%) -- 0% chance to 4HKO after Leftovers recovery
|c|âDonphantastic|reasons to cry
|c|âDolph The Showoff|WELP
|c|âDolph The Showoff|Ye
|c|âDolph The Showoff|Cress is fat
|c|âDolph The Showoff|lol
|
|switch|p2a: Starmie|Starmie|242\/324
|
|-heal|p2a: Starmie|262\/324|[from] item: Leftovers
|turn|37
|c|âDolph The Showoff|*phat
|
|move|p2a: Starmie|Toxic|p1a: John
|-status|p1a: John|tox
|move|p1a: John|Moonlight|p1a: John
|-heal|p1a: John|357\/443 tox
|
|-heal|p2a: Starmie|282\/324|[from] item: Leftovers
|-damage|p1a: John|330\/443 tox|[from] psn
|turn|38
|c|âDonphantastic|ok
|c|âDonphantastic|ok
|c|âDonphantastic|there is hope
|
|move|p2a: Starmie|Scald|p1a: John
|-damage|p1a: John|251\/443 tox
|move|p1a: John|Moonblast|p2a: Starmie
|-damage|p2a: Starmie|209\/324
|
|-heal|p2a: Starmie|229\/324|[from] item: Leftovers
|-damage|p1a: John|197\/443 tox|[from] psn
|turn|39
|
|move|p2a: Starmie|Scald|p1a: John
|-damage|p1a: John|121\/443 tox
|move|p1a: John|Moonlight|p1a: John
|-heal|p1a: John|342\/443 tox
|
|-heal|p2a: Starmie|249\/324|[from] item: Leftovers
|-damage|p1a: John|261\/443 tox|[from] psn
|turn|40
|
|switch|p1a: The Shield|Hydreigon, M|134\/325 tox
|move|p2a: Starmie|Scald|p1a: The Shield
|-resisted|p1a: The Shield
|-damage|p1a: The Shield|78\/325 tox
|
|-heal|p2a: Starmie|269\/324|[from] item: Leftovers
|-damage|p1a: The Shield|58\/325 tox|[from] psn
|turn|41
|
|switch|p2a: Florges|Florges, F|40\/330 par
|move|p1a: The Shield|Dark Pulse|p2a: Florges
|-resisted|p2a: Florges
|-damage|p2a: Florges|0 fnt
|faint|p2a: Florges
|
|-damage|p1a: The Shield|18\/325 tox|[from] psn
|
|switch|p2a: Mienshao|Mienshao, F|15\/271
|turn|42
|
|switch|p1a: Landbat|Crobat, M|112\/373
|move|p2a: Mienshao|U-turn|p1a: Landbat
|-resisted|p1a: Landbat
|-damage|p1a: Landbat|89\/373
|
|switch|p2a: Starmie|Starmie|269\/324
|
|-heal|p2a: Starmie|289\/324|[from] item: Leftovers
|turn|43
|c|âDonphantastic|bulkmieeee
|c|âDonphantastic|save meee
|
|move|p1a: Landbat|Acrobatics|p2a: Starmie
|-damage|p2a: Starmie|193\/324
|move|p2a: Starmie|Scald|p1a: Landbat
|-damage|p1a: Landbat|0 fnt
|faint|p1a: Landbat
|
|-heal|p2a: Starmie|213\/324|[from] item: Leftovers
|
|switch|p1a: No Hands|Medicham-Mega, M|261\/261
|turn|44
|
|move|p1a: No Hands|Fake Out|p2a: Starmie
|-damage|p2a: Starmie|146\/324
|cant|p2a: Starmie|flinch
|
|-heal|p2a: Starmie|166\/324|[from] item: Leftovers
|turn|45
|
|move|p1a: No Hands|High Jump Kick|p2a: Starmie
|-resisted|p2a: Starmie
|-damage|p2a: Starmie|15\/324
|move|p2a: Starmie|Recover|p2a: Starmie
|-heal|p2a: Starmie|177\/324
|
|-heal|p2a: Starmie|197\/324|[from] item: Leftovers
|turn|46
|
|move|p1a: No Hands|High Jump Kick|p2a: Starmie
|-resisted|p2a: Starmie
|-damage|p2a: Starmie|47\/324
|move|p2a: Starmie|Recover|p2a: Starmie
|-heal|p2a: Starmie|209\/324
|
|-heal|p2a: Starmie|229\/324|[from] item: Leftovers
|turn|47
|c|âDonphantastic|MISS
|
|move|p1a: No Hands|High Jump Kick|p2a: Starmie
|-resisted|p2a: Starmie
|-damage|p2a: Starmie|64\/324
|move|p2a: Starmie|Recover|p2a: Starmie
|-heal|p2a: Starmie|226\/324
|
|-heal|p2a: Starmie|246\/324|[from] item: Leftovers
|turn|48
|
|move|p1a: No Hands|High Jump Kick|p2a: Starmie
|-resisted|p2a: Starmie
|-damage|p2a: Starmie|83\/324
|move|p2a: Starmie|Recover|p2a: Starmie
|-heal|p2a: Starmie|245\/324
|
|-heal|p2a: Starmie|265\/324|[from] item: Leftovers
|turn|49
|join|DracoNinja
|
|move|p1a: No Hands|High Jump Kick|p2a: Starmie
|-crit|p2a: Starmie
|-resisted|p2a: Starmie
|-damage|p2a: Starmie|25\/324
|move|p2a: Starmie|Recover|p2a: Starmie
|-heal|p2a: Starmie|187\/324
|
|-heal|p2a: Starmie|207\/324|[from] item: Leftovers
|turn|50
|c|âDonphantastic|e-z survival
|
|move|p1a: No Hands|High Jump Kick|p2a: Starmie
|-resisted|p2a: Starmie
|-damage|p2a: Starmie|49\/324
|move|p2a: Starmie|Recover|p2a: Starmie
|-heal|p2a: Starmie|211\/324
|
|-heal|p2a: Starmie|231\/324|[from] item: Leftovers
|turn|51
|c| Obamascience|o
|c| Obamascience|you're alive draco
|
|switch|p1a: John|Cresselia, F|261\/443 tox
|move|p2a: Starmie|Recover|p2a: Starmie
|-heal|p2a: Starmie|324\/324
|
|-damage|p1a: John|234\/443 tox|[from] psn
|turn|52
|c|âDonphantastic|my medicham
|c|âDonphantastic|would have missed
|c|âDonphantastic|years ago
|
|move|p2a: Starmie|Scald|p1a: John
|-damage|p1a: John|164\/443 tox
|move|p1a: John|Moonblast|p2a: Starmie
|-damage|p2a: Starmie|258\/324
|
|-heal|p2a: Starmie|278\/324|[from] item: Leftovers
|-damage|p1a: John|110\/443 tox|[from] psn
|turn|53
|
|move|p2a: Starmie|Scald|p1a: John
|-damage|p1a: John|34\/443 tox
|move|p1a: John|Moonblast|p2a: Starmie
|-damage|p2a: Starmie|215\/324
|
|-heal|p2a: Starmie|235\/324|[from] item: Leftovers
|-damage|p1a: John|0 fnt|[from] psn
|faint|p1a: John
|
|switch|p1a: The Shield|Hydreigon, M|18\/325 tox
|turn|54
|
|move|p1a: The Shield|U-turn|p2a: Starmie
|-supereffective|p2a: Starmie
|-damage|p2a: Starmie|153\/324
|
|switch|p1a: No Hands|Medicham-Mega, M|261\/261
|move|p2a: Starmie|Recover|p2a: Starmie
|-heal|p2a: Starmie|315\/324
|
|-heal|p2a: Starmie|324\/324|[from] item: Leftovers
|turn|55
|c|âDolph The Showoff|GG
|
|move|p1a: No Hands|Fake Out|p2a: Starmie
|-damage|p2a: Starmie|264\/324
|cant|p2a: Starmie|flinch
|
|-heal|p2a: Starmie|284\/324|[from] item: Leftovers
|turn|56
|leave|thunderkid blitz
|
|move|p1a: No Hands|High Jump Kick|p2a: Starmie
|-resisted|p2a: Starmie
|-damage|p2a: Starmie|121\/324
|move|p2a: Starmie|Scald|p1a: No Hands
|-damage|p1a: No Hands|144\/261
|
|-heal|p2a: Starmie|141\/324|[from] item: Leftovers
|turn|57
|
|move|p1a: No Hands|High Jump Kick|p2a: Starmie
|-resisted|p2a: Starmie
|-damage|p2a: Starmie|0 fnt
|faint|p2a: Starmie
|
|
|switch|p2a: Mienshao|Mienshao, F|15\/271
|turn|58
|
|move|p1a: No Hands|Bullet Punch|p2a: Mienshao
|-damage|p2a: Mienshao|0 fnt
|faint|p2a: Mienshao
|
|c|âDolph The Showoff|....:]
|c|âDonphantastic|o
|c|âDonphantastic|you had dual priority
|c|âDonphantastic|guess you want to lose to gligar!
|
|switch|p2a: Medicham|Medicham-Mega, M|196\/261
|turn|59
|c|âDolph The Showoff|Gligar is meh
|c|âDonphantastic|gligar is a god
|c| Obamascience|gligod
|c| Obamascience|:]
|c| Obamascience|doesn't die
|
|move|p2a: Medicham|Ice Punch|p1a: No Hands
|-damage|p1a: No Hands|0 fnt
|faint|p1a: No Hands
|
|
|switch|p1a: The Shield|Hydreigon, M|18\/325 tox
|turn|60
|c|âDolph The Showoff|BP
|c|âDolph The Showoff|:[
|
|move|p1a: The Shield|Draco Meteor|p2a: Medicham
|-damage|p2a: Medicham|0 fnt
|-unboost|p1a: The Shield|spa|2
|faint|p2a: Medicham
|
|win|Dolph The Showoff
|raw|Ladder updating...
|raw|Dolph The Showoff's rating: 1457 &rarr; <strong>1480<\/strong><br \/>(+23 for winning)
|raw|Donphantastic's rating: 1502 &rarr; <strong>1480<\/strong><br \/>(-22 for losing)
|c|âDonphantastic|n
|c|âDonphantastic|gg
|c|âDolph The Showoff|HEHE BOI