|join|Donphantastic
|join|Nidoking G.O.D
|player|p1|Donphantastic|290
|player|p2|Nidoking G.O.D|80
|gametype|singles
|gen|6
|tier|UU
|rated
|rule|Sleep Clause Mod: Limit one foe put to sleep
|rule|Species Clause: Limit one of each PokÃ©mon
|rule|OHKO Clause: OHKO moves are banned
|rule|Moody Clause: Moody is banned
|rule|Evasion Moves Clause: Evasion moves are banned
|rule|Endless Battle Clause: Forcing endless battles is banned
|rule|HP Percentage Mod: HP is shown in percentages
|clearpoke
|poke|p1|Lucario, F
|poke|p1|Beedrill, F
|poke|p1|Hydreigon, M
|poke|p1|Roserade, M
|poke|p1|Diancie
|poke|p1|Starmie
|poke|p2|Beedrill, F
|poke|p2|Chandelure, M
|poke|p2|Donphan, M
|poke|p2|Celebi
|poke|p2|Lucario, F
|poke|p2|Cloyster, F
|rule|Swagger Clause: Swagger is banned
|rule|Baton Pass Clause: Limit one PokÃ©mon knowing Baton Pass
|teampreview
|
|start
|switch|p1a: Beedrill|Beedrill, F|271\/271
|switch|p2a: Beedrill|Beedrill, F|271\/271
|turn|1
|
|detailschange|p2a: Beedrill|Beedrill-Mega, F
|-mega|p2a: Beedrill|Beedrill|Beedrillite
|detailschange|p1a: Beedrill|Beedrill-Mega, F
|-mega|p1a: Beedrill|Beedrill|Beedrillite
|move|p1a: Beedrill|U-turn|p2a: Beedrill
|-resisted|p2a: Beedrill
|-damage|p2a: Beedrill|78\/271
|
|switch|p1a: Diancie|Diancie|304\/304
|move|p2a: Beedrill|U-turn|p1a: Diancie
|-resisted|p1a: Diancie
|-damage|p1a: Diancie|244\/304
|
|switch|p2a: Donphan|Donphan, M|384\/384
|
|-heal|p1a: Diancie|263\/304|[from] item: Leftovers
|turn|2
|join|r0ady
|
|switch|p1a: Starmie|Starmie|261\/261
|move|p2a: Donphan|Stealth Rock|p1a: Starmie
|-sidestart|p1: Donphantastic|move: Stealth Rock
|
|turn|3
|
|switch|p2a: Chandelure|Chandelure, M|261\/261
|move|p1a: Starmie|Rapid Spin|p2a: Chandelure
|-immune|p2a: Chandelure|[msg]
|
|turn|4
|
|switch|p1a: Hydreigon|Hydreigon, M|325\/325
|-damage|p1a: Hydreigon|285\/325|[from] Stealth Rock
|move|p2a: Chandelure|Shadow Ball|p1a: Hydreigon
|-resisted|p1a: Hydreigon
|-damage|p1a: Hydreigon|147\/325
|
|turn|5
|leave|r0ady
|
|switch|p2a: Celebi|Celebi|404\/404
|move|p1a: Hydreigon|Dark Pulse|p2a: Celebi
|-supereffective|p2a: Celebi
|-damage|p2a: Celebi|198\/404
|
|-heal|p2a: Celebi|223\/404|[from] item: Leftovers
|turn|6
|
|switch|p1a: Beedrill|Beedrill-Mega, F|271\/271
|-damage|p1a: Beedrill|204\/271|[from] Stealth Rock
|move|p2a: Celebi|U-turn|p1a: Beedrill
|-resisted|p1a: Beedrill
|-damage|p1a: Beedrill|146\/271
|
|switch|p2a: Donphan|Donphan, M|384\/384
|
|turn|7
|
|move|p1a: Beedrill|Knock Off|p2a: Donphan
|-damage|p2a: Donphan|269\/384
|-enditem|p2a: Donphan|Leftovers|[from] move: Knock Off|[of] p1a: Beedrill
|move|p2a: Donphan|Earthquake|p1a: Beedrill
|-damage|p1a: Beedrill|0 fnt
|faint|p1a: Beedrill
|
|
|switch|p1a: Starmie|Starmie|261\/261
|-damage|p1a: Starmie|229\/261|[from] Stealth Rock
|turn|8
|
|move|p1a: Starmie|Rapid Spin|p2a: Donphan
|-damage|p2a: Donphan|256\/384
|-sideend|p1: Donphantastic|Stealth Rock|[from] move: Rapid Spin|[of] p1a: Starmie
|-damage|p1a: Starmie|203\/261|[from] item: Life Orb
|move|p2a: Donphan|Knock Off|p1a: Starmie
|-supereffective|p1a: Starmie
|-damage|p1a: Starmie|0 fnt
|-enditem|p1a: Starmie|Life Orb|[from] move: Knock Off|[of] p2a: Donphan
|faint|p1a: Starmie
|
|
|switch|p1a: Roserade|Roserade, M|261\/261
|turn|9
|
|move|p1a: Roserade|Leaf Storm|p2a: Donphan
|-supereffective|p2a: Donphan
|-damage|p2a: Donphan|0 fnt
|-unboost|p1a: Roserade|spa|2
|-damage|p1a: Roserade|235\/261|[from] item: Life Orb
|faint|p2a: Donphan
|
|
|switch|p2a: Lucario|Lucario, F|281\/281
|turn|10
|join|xShiba
|
|switch|p1a: Diancie|Diancie|263\/304
|move|p2a: Lucario|Nasty Plot|p2a: Lucario
|-boost|p2a: Lucario|spa|2
|
|-heal|p1a: Diancie|282\/304|[from] item: Leftovers
|turn|11
|
|move|p2a: Lucario|Flash Cannon|p1a: Diancie
|-supereffective|p1a: Diancie
|-damage|p1a: Diancie|0 fnt
|-damage|p2a: Lucario|253\/281|[from] item: Life Orb
|faint|p1a: Diancie
|
|-message|Donphantastic forfeited.
|leave|Donphantastic
|
|win|Nidoking G.O.D
|raw|Ladder updating...
|player|p1
|leave|xShiba
|raw|Donphantastic's rating: 1448 &rarr; <strong>1414<\/strong><br \/>(-34 for losing)
|raw|Nidoking G.O.D's rating: 1158 &rarr; <strong>1200<\/strong><br \/>(+42 for winning)