|join|pokeblade101
|join|Naklonat
|player|p1|pokeblade101|163
|player|p2|Naklonat|200
|gametype|singles
|gen|6
|tier|UU
|rated
|rule|Sleep Clause Mod: Limit one foe put to sleep
|rule|Species Clause: Limit one of each PokÃ©mon
|rule|OHKO Clause: OHKO moves are banned
|rule|Moody Clause: Moody is banned
|rule|Evasion Moves Clause: Evasion moves are banned
|rule|Endless Battle Clause: Forcing endless battles is banned
|rule|HP Percentage Mod: HP is shown in percentages
|clearpoke
|poke|p1|Gallade, M
|poke|p1|Zygarde
|poke|p1|Vaporeon, F
|poke|p1|Golbat, F
|poke|p1|Porygon2
|poke|p1|Cofagrigus, M
|poke|p2|Slurpuff, F, shiny
|poke|p2|Galvantula, F, shiny
|poke|p2|Nidoking, M, shiny
|poke|p2|Blastoise, M, shiny
|poke|p2|Espeon, F, shiny
|poke|p2|Honchkrow, M, shiny
|rule|Swagger Clause: Swagger is banned
|rule|Baton Pass Clause: Limit one PokÃ©mon knowing Baton Pass
|teampreview
|
|start
|switch|p1a: Gallade|Gallade, M|278\/278
|switch|p2a: Espeon|Espeon, F, shiny|334\/334
|turn|1
|
|detailschange|p1a: Gallade|Gallade-Mega, M
|message|Gallade has Mega Evolved into Mega Gallade!
|move|p2a: Espeon|Reflect|p2a: Espeon
|-sidestart|p2: Naklonat|Reflect
|move|p1a: Gallade|Ice Punch|p2a: Espeon
|-damage|p2a: Espeon|260\/334
|
|turn|2
|
|move|p1a: Gallade|Ice Punch|p2a: Espeon
|-damage|p2a: Espeon|179\/334
|-status|p2a: Espeon|frz
|cant|p2a: Espeon|frz
|
|turn|3
|
|cant|p2a: Espeon|frz
|move|p1a: Gallade|Swords Dance|p1a: Gallade
|-boost|p1a: Gallade|atk|2
|
|turn|4
|
|switch|p2a: Galvantula|Galvantula, F, shiny|281\/281
|move|p1a: Gallade|Ice Punch|p2a: Galvantula
|-damage|p2a: Galvantula|114\/281
|
|turn|5
|
|move|p1a: Gallade|Ice Punch|p2a: Galvantula
|-damage|p2a: Galvantula|0 fnt
|faint|p2a: Galvantula
|
|
|switch|p2a: Blastoise|Blastoise, M, shiny|345\/345
|turn|6
|
|detailschange|p2a: Blastoise|Blastoise-Mega, M, shiny
|message|Blastoise has Mega Evolved into Mega Blastoise!
|move|p1a: Gallade|Zen Headbutt|p2a: Blastoise
|-damage|p2a: Blastoise|222\/345
|move|p2a: Blastoise|Water Pulse|p1a: Gallade
|-damage|p1a: Gallade|137\/278
|
|turn|7
|
|switch|p1a: Vaporeon|Vaporeon, F|464\/464
|move|p2a: Blastoise|Dark Pulse|p1a: Vaporeon
|-damage|p1a: Vaporeon|317\/464
|
|-heal|p1a: Vaporeon|346\/464|[from] item: Leftovers
|turn|8
|
|move|p2a: Blastoise|Aura Sphere|p1a: Vaporeon
|-damage|p1a: Vaporeon|188\/464
|move|p1a: Vaporeon|Wish|p1a: Vaporeon
|
|-heal|p1a: Vaporeon|217\/464|[from] item: Leftovers
|-sideend|p2: Naklonat|Reflect
|turn|9
|
|move|p2a: Blastoise|Dark Pulse|p1a: Vaporeon
|-damage|p1a: Vaporeon|70\/464
|move|p1a: Vaporeon|Scald|p2a: Blastoise
|-resisted|p2a: Blastoise
|-damage|p2a: Blastoise|179\/345
|
|-heal|p1a: Vaporeon|302\/464|[from] move: Wish|[wisher] Vaporeon
|-heal|p1a: Vaporeon|331\/464|[from] item: Leftovers
|turn|10
|
|move|p2a: Blastoise|Dark Pulse|p1a: Vaporeon
|-damage|p1a: Vaporeon|189\/464
|move|p1a: Vaporeon|Wish|p1a: Vaporeon
|
|-heal|p1a: Vaporeon|218\/464|[from] item: Leftovers
|turn|11
|
|move|p2a: Blastoise|Dark Pulse|p1a: Vaporeon
|-damage|p1a: Vaporeon|63\/464
|cant|p1a: Vaporeon|flinch
|
|-heal|p1a: Vaporeon|295\/464|[from] move: Wish|[wisher] Vaporeon
|-heal|p1a: Vaporeon|324\/464|[from] item: Leftovers
|turn|12
|
|move|p2a: Blastoise|Dark Pulse|p1a: Vaporeon
|-damage|p1a: Vaporeon|169\/464
|cant|p1a: Vaporeon|flinch
|
|-heal|p1a: Vaporeon|198\/464|[from] item: Leftovers
|turn|13
|
|move|p1a: Vaporeon|Protect|p1a: Vaporeon
|-singleturn|p1a: Vaporeon|Protect
|move|p2a: Blastoise|Dark Pulse|p1a: Vaporeon
|-activate|p1a: Vaporeon|Protect
|
|-heal|p1a: Vaporeon|227\/464|[from] item: Leftovers
|turn|14
|
|move|p2a: Blastoise|Aura Sphere|p1a: Vaporeon
|-damage|p1a: Vaporeon|71\/464
|move|p1a: Vaporeon|Wish|p1a: Vaporeon
|
|-heal|p1a: Vaporeon|100\/464|[from] item: Leftovers
|turn|15
|
|move|p1a: Vaporeon|Protect|p1a: Vaporeon
|-singleturn|p1a: Vaporeon|Protect
|move|p2a: Blastoise|Dark Pulse|p1a: Vaporeon
|-activate|p1a: Vaporeon|Protect
|
|-heal|p1a: Vaporeon|332\/464|[from] move: Wish|[wisher] Vaporeon
|-heal|p1a: Vaporeon|361\/464|[from] item: Leftovers
|turn|16
|c|âNaklonat|i'm gonna go kill myself
|-message|Naklonat forfeited.
|
|win|pokeblade101
|raw|Ladder updating...
|leave|Naklonat
|player|p2
|c|âpokeblade101|Go