|join|pokemonisfun
|join|pokeblade101
|player|p1|pokemonisfun|184
|player|p2|pokeblade101|163
|gametype|singles
|gen|6
|tier|UU
|rated
|rule|Sleep Clause Mod: Limit one foe put to sleep
|rule|Species Clause: Limit one of each PokÃ©mon
|rule|OHKO Clause: OHKO moves are banned
|rule|Moody Clause: Moody is banned
|rule|Evasion Moves Clause: Evasion moves are banned
|rule|Endless Battle Clause: Forcing endless battles is banned
|rule|HP Percentage Mod: HP is shown in percentages
|clearpoke
|poke|p1|Blissey, F
|poke|p1|Zygarde
|poke|p1|Granbull, F
|poke|p1|Alomomola, F
|poke|p1|Crobat, F
|poke|p1|Celebi
|poke|p2|Hydreigon, F
|poke|p2|Pidgeot, F
|poke|p2|Jirachi
|poke|p2|Raikou
|poke|p2|Machamp, M
|poke|p2|Zygarde
|rule|Swagger Clause: Swagger is banned
|rule|Baton Pass Clause: Limit one PokÃ©mon knowing Baton Pass
|teampreview
|
|start
|switch|p1a: Alomomola|Alomomola, F|471\/471
|switch|p2a: Jirachi|Jirachi|341\/341
|turn|1
|
|move|p2a: Jirachi|Trick|p1a: Alomomola
|-activate|p2a: Jirachi|move: Trick|[of] p1a: Alomomola
|-item|p1a: Alomomola|Choice Scarf|[from] move: Trick
|-item|p2a: Jirachi|Leftovers|[from] move: Trick
|move|p1a: Alomomola|Scald|p2a: Jirachi
|-damage|p2a: Jirachi|295\/341
|
|-heal|p2a: Jirachi|316\/341|[from] item: Leftovers
|turn|2
|
|move|p2a: Jirachi|U-turn|p1a: Alomomola
|-damage|p1a: Alomomola|415\/471
|
|switch|p2a: Hydreigon|Hydreigon, F|325\/325
|move|p1a: Alomomola|Scald|p2a: Hydreigon
|-resisted|p2a: Hydreigon
|-damage|p2a: Hydreigon|302\/325
|
|turn|3
|
|switch|p1a: Granbull|Granbull, F|384\/384
|-ability|p1a: Granbull|Intimidate|[of] p2a: Hydreigon
|-unboost|p2a: Hydreigon|atk|1
|move|p2a: Hydreigon|Draco Meteor|p1a: Granbull
|-immune|p1a: Granbull|[msg]
|
|turn|4
|
|switch|p2a: Jirachi|Jirachi|316\/341
|move|p1a: Granbull|Play Rough|p2a: Jirachi
|-resisted|p2a: Jirachi
|-damage|p2a: Jirachi|253\/341
|
|-heal|p2a: Jirachi|274\/341|[from] item: Leftovers
|turn|5
|
|switch|p1a: Alomomola|Alomomola, F|471\/471
|move|p2a: Jirachi|Iron Head|p1a: Alomomola
|-resisted|p1a: Alomomola
|-damage|p1a: Alomomola|420\/471
|
|-heal|p2a: Jirachi|295\/341|[from] item: Leftovers
|turn|6
|
|move|p2a: Jirachi|U-turn|p1a: Alomomola
|-damage|p1a: Alomomola|358\/471
|
|switch|p2a: Hydreigon|Hydreigon, F|302\/325
|move|p1a: Alomomola|Scald|p2a: Hydreigon
|-resisted|p2a: Hydreigon
|-damage|p2a: Hydreigon|278\/325
|
|turn|7
|
|switch|p1a: Granbull|Granbull, F|384\/384
|-ability|p1a: Granbull|Intimidate|[of] p2a: Hydreigon
|-unboost|p2a: Hydreigon|atk|1
|move|p2a: Hydreigon|Flash Cannon|p1a: Granbull
|-supereffective|p1a: Granbull
|-damage|p1a: Granbull|0 fnt
|faint|p1a: Granbull
|
|join|philz
|join|DatLatias
|c| DatLatias|rip
|c| philz|u sshud predict the flash cannon
|c|âpokemonisfun|why does this get flash cannon
|c| philz|nd go into the counter
|c| DatLatias|idk senpai
|c| DatLatias|i dont know :\/
|
|switch|p1a: Celebi|Celebi|396\/396
|turn|8
|c|âpokemonisfun|ugh
|c|âpokemonisfun|:\/
|c| philz|pif
|c| philz|a more pressing matter
|c| philz|this thing learns surf
|c| philz|..
|c|âpokeblade101|Eightth on ladder going up!^.^
|c|âpokeblade101|Seventh sorry
|
|switch|p2a: Pidgeot|Pidgeot, F|307\/307
|move|p1a: Celebi|Stealth Rock|p2a: Pidgeot
|-sidestart|p2: pokeblade101|move: Stealth Rock
|
|turn|9
|c|âpokemonisfun|rofl
|c|âpokemonisfun|my senpai could crush you giving you hazards and 5-6 odds
|c| philz|10\/10
|c| DatLatias|^.^
|
|switch|p1a: Blissey|Blissey, F|656\/656
|detailschange|p2a: Pidgeot|Pidgeot-Mega, F
|-mega|p2a: Pidgeot|Pidgeot|Pidgeotite
|move|p2a: Pidgeot|Defog|p1a: Blissey
|-unboost|p1a: Blissey|evasion|1
|-sideend|p2: pokeblade101|Stealth Rock|[from] move: Defog|[of] p2a: Pidgeot
|
|turn|10
|c| philz|new meta
|
|switch|p2a: Jirachi|Jirachi|295\/341
|move|p1a: Blissey|Toxic|p2a: Jirachi|[miss]
|-miss|p1a: Blissey|p2a: Jirachi
|
|-heal|p2a: Jirachi|316\/341|[from] item: Leftovers
|turn|11
|c|âpokeblade101|This team never lost^.^
|c| DatLatias|its weak to pif
|
|move|p2a: Jirachi|U-turn|p1a: Blissey
|-damage|p1a: Blissey|522\/656
|c| philz|everything is weak to pif
|c| DatLatias|pif is kinda op
|c| philz|nothing counters pif
|
|switch|p2a: Machamp|Machamp, M|374\/374
|move|p1a: Blissey|Seismic Toss|p2a: Machamp
|-damage|p2a: Machamp|274\/374
|
|-heal|p1a: Blissey|563\/656|[from] item: Leftovers
|turn|12
|c| DatLatias|nerf pif pls
|c|âpokemonisfun|senpai you dont need to bother with this
|c| philz|nerf cathy pls
|c| DatLatias|ok sorry senpai
|
|switch|p1a: Alomomola|Alomomola, F|471\/471
|move|p2a: Machamp|Dynamic Punch|p1a: Alomomola
|-damage|p1a: Alomomola|302\/471
|-start|p1a: Alomomola|confusion
|
|turn|13
|c| DatLatias|youre right
|c|âpokeblade101|Pif?
|c|âpokemonisfun|no
|c| philz|rip
|c|âpokemonisfun|you never need to apologize to me ^_^
|c| philz|oml
|c| DatLatias|n.n
|
|switch|p1a: Celebi|Celebi|396\/396
|move|p2a: Machamp|Dynamic Punch|p1a: Celebi
|-resisted|p1a: Celebi
|-damage|p1a: Celebi|325\/396
|-start|p1a: Celebi|confusion
|
|-heal|p1a: Celebi|349\/396|[from] item: Leftovers
|turn|14
|
|switch|p1a: Alomomola|Alomomola, F|459\/471
|switch|p2a: Pidgeot|Pidgeot-Mega, F|307\/307
|
|turn|15
|c|âpokeblade101|Alomomola is still annoying as fuck
|
|switch|p1a: Blissey|Blissey, F|563\/656
|move|p2a: Pidgeot|Hurricane|p1a: Blissey
|-damage|p1a: Blissey|439\/656
|-start|p1a: Blissey|confusion
|
|-heal|p1a: Blissey|480\/656|[from] item: Leftovers
|turn|16
|c| DatLatias|dnt hax my senpai thx
|c| DatLatias|hell still win
|
|switch|p2a: Jirachi|Jirachi|316\/341
|-activate|p1a: Blissey|confusion
|move|p1a: Blissey|Seismic Toss|p2a: Jirachi
|-damage|p2a: Jirachi|216\/341
|
|-heal|p2a: Jirachi|237\/341|[from] item: Leftovers
|-heal|p1a: Blissey|521\/656|[from] item: Leftovers
|turn|17
|c| DatLatias|but
|c| DatLatias|it makes my anxiety act up
|
|switch|p1a: Alomomola|Alomomola, F|471\/471
|move|p2a: Jirachi|Iron Head|p1a: Alomomola
|-resisted|p1a: Alomomola
|-damage|p1a: Alomomola|422\/471
|
|-heal|p2a: Jirachi|258\/341|[from] item: Leftovers
|turn|18
|
|move|p2a: Jirachi|U-turn|p1a: Alomomola
|-damage|p1a: Alomomola|363\/471
|c|âpokemonisfun|x_x
|
|switch|p2a: Hydreigon|Hydreigon, F|278\/325
|move|p1a: Alomomola|Scald|p2a: Hydreigon
|-resisted|p2a: Hydreigon
|-damage|p2a: Hydreigon|253\/325
|-status|p2a: Hydreigon|brn
|
|-damage|p2a: Hydreigon|213\/325 brn|[from] brn
|turn|19
|c|âpokemonisfun|are you okay senpai?
|c| DatLatias|y-yes im doing my best
|
|switch|p1a: Blissey|Blissey, F|521\/656
|move|p2a: Hydreigon|Draco Meteor|p1a: Blissey
|-crit|p1a: Blissey
|-damage|p1a: Blissey|212\/656
|-unboost|p2a: Hydreigon|spa|2
|
|-heal|p1a: Blissey|253\/656|[from] item: Leftovers
|-damage|p2a: Hydreigon|173\/325 brn|[from] brn
|turn|20
|c| DatLatias|senpai y-you have one less mon
|c| DatLatias|OMG
|c|âpokeblade101|Sorry for crit
|c| DatLatias|DONT CIRT
|c| DatLatias|IM SO SCARED
|c| DatLatias|SENPAI
|c|âpokemonisfun|its alright senpai we have to give the peasants a fighting chance
|c| philz|LATIAS
|c| philz|NEEDS TO BE HELD
|c| DatLatias|WHAT IS HE HAS A CRITICAL HIT
|
|switch|p2a: Machamp|Machamp, M|274\/374
|move|p1a: Blissey|Soft-Boiled|p1a: Blissey
|-heal|p1a: Blissey|581\/656
|
|-heal|p1a: Blissey|622\/656|[from] item: Leftovers
|turn|21
|c| DatLatias|I WANT TO BE HELD
|c| philz|lmfao
|c| philz|give the peasants a chance
|
|switch|p1a: Alomomola|Alomomola, F|471\/471
|move|p2a: Machamp|Dynamic Punch|p1a: Alomomola
|-damage|p1a: Alomomola|299\/471
|-start|p1a: Alomomola|confusion
|
|turn|22
|join|ANGER MANAGEMENT
|
|switch|p1a: Celebi|Celebi|349\/396
|switch|p2a: Jirachi|Jirachi|258\/341
|
|-heal|p2a: Jirachi|279\/341|[from] item: Leftovers
|-heal|p1a: Celebi|373\/396|[from] item: Leftovers
|turn|23
|
|switch|p1a: Alomomola|Alomomola, F|456\/471
|move|p2a: Jirachi|U-turn|p1a: Alomomola
|-damage|p1a: Alomomola|400\/471
|
|switch|p2a: Raikou|Raikou|321\/321
|-ability|p2a: Raikou|Pressure
|
|turn|24
|
|switch|p1a: Blissey|Blissey, F|622\/656
|move|p2a: Raikou|Calm Mind|p2a: Raikou
|-boost|p2a: Raikou|spa|1
|-boost|p2a: Raikou|spd|1
|
|-heal|p1a: Blissey|656\/656|[from] item: Leftovers
|turn|25
|c|âpokemonisfun|look senpai
|c| philz|w0w
|c|âpokemonisfun|hes trying to sweep me with raikou
|c| DatLatias|thats qt
|c| DatLatias|because
|c| DatLatias|he cant
|c|âpokemonisfun|too bad blissey has 800 base spdef
|c|âpokemonisfun|:)
|c| DatLatias|(:
|c| philz|trying to sweep with bliss still alive
|c| DatLatias|ur the best senpai
|c| philz|:<
|
|move|p2a: Raikou|Substitute|p2a: Raikou
|-start|p2a: Raikou|Substitute
|-damage|p2a: Raikou|241\/321
|move|p1a: Blissey|Seismic Toss|p2a: Raikou
|-end|p2a: Raikou|Substitute
|
|-heal|p2a: Raikou|261\/321|[from] item: Leftovers
|turn|26
|join|based lord zvz
|c| DatLatias|toss his salad
|c| DatLatias|senpai
|c| philz|mfw theres no point trying to set up now
|c| DatLatias|!
|c| philz|LMFAO
|c| philz|>toss his salad
|
|move|p2a: Raikou|Calm Mind|p2a: Raikou
|-boost|p2a: Raikou|spa|1
|-boost|p2a: Raikou|spd|1
|move|p1a: Blissey|Seismic Toss|p2a: Raikou
|-damage|p2a: Raikou|161\/321
|
|-heal|p2a: Raikou|181\/321|[from] item: Leftovers
|turn|27
|c| based lord zvz|g
|c| philz|still trying to setup mfw
|c| based lord zvz|k
|c| based lord zvz|l
|
|move|p2a: Raikou|Substitute|p2a: Raikou
|-start|p2a: Raikou|Substitute
|-damage|p2a: Raikou|101\/321
|move|p1a: Blissey|Seismic Toss|p2a: Raikou
|-end|p2a: Raikou|Substitute
|
|-heal|p2a: Raikou|121\/321|[from] item: Leftovers
|turn|28
|c| based lord zvz|j
|c| based lord zvz|h
|c| based lord zvz|g
|c| based lord zvz|yes\
|c| philz|zvz pls
|
|move|p2a: Raikou|Thunderbolt|p1a: Blissey
|-damage|p1a: Blissey|470\/656
|move|p1a: Blissey|Seismic Toss|p2a: Raikou
|-damage|p2a: Raikou|21\/321
|
|-heal|p2a: Raikou|41\/321|[from] item: Leftovers
|-heal|p1a: Blissey|511\/656|[from] item: Leftovers
|turn|29
|c|âpokemonisfun|senpai is zvz allowed to talk
|leave|based lord zvz
|c| DatLatias|is that damage?
|c| philz|damage where
|c| DatLatias|let him talk senpai
|c| philz|i didnt see any
|c| DatLatias|hes qt
|
|move|p2a: Raikou|Thunderbolt|p1a: Blissey
|-damage|p1a: Blissey|349\/656
|move|p1a: Blissey|Soft-Boiled|p1a: Blissey
|-heal|p1a: Blissey|656\/656
|
|-heal|p2a: Raikou|61\/321|[from] item: Leftovers
|turn|30
|c| philz|latias did u see damage
|c| philz|i didnt
|c| DatLatias|no
|c| DatLatias|i cant find it
|c|âpokemonisfun|:)
|c| philz|its rip
|
|move|p2a: Raikou|Thunderbolt|p1a: Blissey
|-damage|p1a: Blissey|496\/656
|move|p1a: Blissey|Seismic Toss|p2a: Raikou
|-damage|p2a: Raikou|0 fnt
|faint|p2a: Raikou
|
|-heal|p1a: Blissey|537\/656|[from] item: Leftovers
|c| philz|rip damage
|join|Christo m8
|c| philz|go into hydra
|c| philz|ohkos bliss with draco
|c| philz|10\/10
|
|switch|p2a: Zygarde|Zygarde|358\/358
|-ability|p2a: Zygarde|Aura Break
|turn|31
|join|livin like lary
|c| Christo m8|its not time
|
|switch|p1a: Celebi|Celebi|373\/396
|move|p2a: Zygarde|Dragon Dance|p2a: Zygarde
|-boost|p2a: Zygarde|atk|1
|-boost|p2a: Zygarde|spe|1
|
|-heal|p1a: Celebi|396\/396|[from] item: Leftovers
|turn|32
|c|âpokeblade101|Christo this is annoying
|c| philz|kek
|c| Christo m8|he makes pokemonnotfun
|
|move|p2a: Zygarde|Dragon Dance|p2a: Zygarde
|-boost|p2a: Zygarde|atk|1
|-boost|p2a: Zygarde|spe|1
|move|p1a: Celebi|Perish Song|p1a: Celebi
|-fieldactivate|move: Perish Song
|
|-start|p2a: Zygarde|perish3
|-start|p1a: Celebi|perish3
|turn|33
|c| DatLatias|got em senpai
|
|switch|p1a: Alomomola|Alomomola, F|471\/471
|move|p2a: Zygarde|Outrage|p1a: Alomomola
|-damage|p1a: Alomomola|132\/471
|
|-start|p2a: Zygarde|perish2
|turn|34
|
|move|p1a: Alomomola|Protect|p1a: Alomomola
|-singleturn|p1a: Alomomola|Protect
|move|p2a: Zygarde|Outrage|p1a: Alomomola
|-activate|p1a: Alomomola|Protect
|
|-start|p2a: Zygarde|perish1
|-end|p2a: Zygarde|rampage
|-start|p2a: Zygarde|confusion
|-enditem|p2a: Zygarde|Lum Berry|[eat]
|-end|p2a: Zygarde|confusion
|turn|35
|c| philz|w0w
|c| philz|dmg
|c|âpokeblade101|Hate perish so g
|
|switch|p2a: Machamp|Machamp, M|274\/374
|switch|p1a: Zygarde|Zygarde|420\/420
|-ability|p1a: Zygarde|Aura Break
|
|turn|36
|c| philz|why run zygarde when haxo is clearly better
|c| Christo m8|fucking alomamola blissey core smh
|
|move|p1a: Zygarde|Earthquake|p2a: Machamp
|-damage|p2a: Machamp|141\/374
|move|p2a: Machamp|Dynamic Punch|p1a: Zygarde
|-damage|p1a: Zygarde|254\/420
|-start|p1a: Zygarde|confusion
|
|-heal|p1a: Zygarde|280\/420|[from] item: Leftovers
|turn|37
|c|âpokeblade101|I hate ikr
|c| Christo m8|cant tell if seriou philz
|c| philz|k3k
|
|switch|p1a: Alomomola|Alomomola, F|289\/471
|switch|p2a: Jirachi|Jirachi|279\/341
|
|-heal|p2a: Jirachi|300\/341|[from] item: Leftovers
|turn|38
|
|move|p2a: Jirachi|Zen Headbutt|p1a: Alomomola
|-damage|p1a: Alomomola|198\/471
|move|p1a: Alomomola|Scald|p2a: Jirachi
|-damage|p2a: Jirachi|254\/341
|-status|p2a: Jirachi|brn
|
|-heal|p2a: Jirachi|275\/341 brn|[from] item: Leftovers
|-damage|p2a: Jirachi|233\/341 brn|[from] brn
|turn|39
|c| Christo m8|typical
|c|âpokeblade101|Gg
|c|âpokeblade101|Hate that core
|-message|pokeblade101 forfeited.
|
|win|pokemonisfun
|raw|Ladder updating...
|c| philz|pif op
|c|âpokemonisfun|did i do good senpai ^_^
|c| Christo m8|must be nice
|raw|pokemonisfun's rating: 1499 &rarr; <strong>1528<\/strong><br \/>(+29 for winning)
|raw|pokeblade101's rating: 1656 &rarr; <strong>1628<\/strong><br \/>(-28 for losing)
|c| philz|nerf pif