|join|OU Are Dreadful
|join|pokeblade101
|player|p1|OU Are Dreadful|201
|player|p2|pokeblade101|1
|gametype|singles
|gen|6
|tier|UU
|rated
|rule|Sleep Clause Mod: Limit one foe put to sleep
|rule|Species Clause: Limit one of each PokÃ©mon
|rule|OHKO Clause: OHKO moves are banned
|rule|Moody Clause: Moody is banned
|rule|Evasion Moves Clause: Evasion moves are banned
|rule|Endless Battle Clause: Forcing endless battles is banned
|rule|HP Percentage Mod: HP is shown in percentages
|clearpoke
|poke|p1|Swampert, F, shiny
|poke|p1|Alakazam, F, shiny
|poke|p1|Jirachi, shiny
|poke|p1|Machamp, F, shiny
|poke|p1|Crobat, F, shiny
|poke|p1|Shaymin, shiny
|poke|p2|Alakazam, M
|poke|p2|Gourgeist-*, F
|poke|p2|Vaporeon, M
|poke|p2|Absol, F
|poke|p2|Machamp, M
|poke|p2|Porygon2
|rule|Swagger Clause: Swagger is banned
|rule|Baton Pass Clause: Limit one PokÃ©mon knowing Baton Pass
|teampreview
|
|start
|switch|p1a: Machamp|Machamp, F, shiny|343\/343
|switch|p2a: Alakazam|Alakazam, M|252\/252
|turn|1
|
|switch|p1a: Jirachi|Jirachi, shiny|341\/341
|move|p2a: Alakazam|Psyshock|p1a: Jirachi
|-resisted|p1a: Jirachi
|-damage|p1a: Jirachi|303\/341
|
|turn|2
|
|switch|p2a: Porygon2|Porygon2|374\/374
|-ability|p2a: Porygon2|Serene Grace|[from] ability: Trace|[of] p1a: Jirachi
|move|p1a: Jirachi|Iron Head|p2a: Porygon2
|-crit|p2a: Porygon2
|-damage|p2a: Porygon2|232\/374
|
|turn|3
|
|move|p1a: Jirachi|Iron Head|p2a: Porygon2
|-crit|p2a: Porygon2
|-damage|p2a: Porygon2|97\/374
|cant|p2a: Porygon2|flinch
|
|turn|4
|
|move|p1a: Jirachi|Iron Head|p2a: Porygon2
|-damage|p2a: Porygon2|3\/374
|move|p2a: Porygon2|Thunder Wave|p1a: Jirachi
|-status|p1a: Jirachi|par
|
|turn|5
|
|switch|p1a: Machamp|Machamp, F, shiny|343\/343
|move|p2a: Porygon2|Recover|p2a: Porygon2
|-heal|p2a: Porygon2|190\/374
|
|turn|6
|
|switch|p2a: Gourgeist-Super|Gourgeist-Super, F|374\/374
|-item|p1a: Machamp|Choice Band|[from] ability: Frisk|[of] p2a: Gourgeist-Super|[identify]
|move|p1a: Machamp|Knock Off|p2a: Gourgeist-Super
|-supereffective|p2a: Gourgeist-Super
|-damage|p2a: Gourgeist-Super|90\/374
|-enditem|p2a: Gourgeist-Super|Leftovers|[from] move: Knock Off|[of] p1a: Machamp
|
|turn|7
|
|switch|p1a: Shaymin|Shaymin, shiny|341\/341
|switch|p2a: Absol|Absol, F|271\/271
|
|turn|8
|
|detailschange|p2a: Absol|Absol-Mega, F
|message|Absol has Mega Evolved into Mega Absol!
|move|p1a: Shaymin|Seed Flare|p2a: Absol|[miss]
|-miss|p1a: Shaymin|p2a: Absol
|move|p2a: Absol|Fire Blast|p1a: Shaymin
|-supereffective|p1a: Shaymin
|-damage|p1a: Shaymin|129\/341
|
|turn|9
|
|move|p2a: Absol|Fire Blast|p1a: Shaymin
|-supereffective|p1a: Shaymin
|-damage|p1a: Shaymin|0 fnt
|faint|p1a: Shaymin
|
|
|switch|p1a: Machamp|Machamp, F, shiny|343\/343
|turn|10
|
|switch|p2a: Gourgeist-Super|Gourgeist-Super, F|90\/374
|-item|p1a: Machamp|Choice Band|[from] ability: Frisk|[of] p2a: Gourgeist-Super|[identify]
|move|p1a: Machamp|Close Combat|p2a: Gourgeist-Super
|-immune|p2a: Gourgeist-Super|[msg]
|
|turn|11
|
|switch|p1a: Crobat|Crobat, F, shiny|331\/331
|move|p2a: Gourgeist-Super|Pain Split|p1a: Crobat
|-sethp|p1a: Crobat|210\/331|p2a: Gourgeist-Super|210\/374|[from] move: Pain Split
|
|-heal|p1a: Crobat|230\/331|[from] item: Black Sludge
|turn|12
|
|switch|p2a: Vaporeon|Vaporeon, M|464\/464
|move|p1a: Crobat|Brave Bird|p2a: Vaporeon
|-damage|p2a: Vaporeon|311\/464
|-damage|p1a: Crobat|180\/331|[from] recoil|[of] p2a: Vaporeon
|
|-heal|p1a: Crobat|200\/331|[from] item: Black Sludge
|-heal|p2a: Vaporeon|340\/464|[from] item: Leftovers
|turn|13
|
|move|p1a: Crobat|U-turn|p2a: Vaporeon
|-damage|p2a: Vaporeon|273\/464
|
|switch|p1a: Machamp|Machamp, F, shiny|343\/343
|move|p2a: Vaporeon|Scald|p1a: Machamp
|-damage|p1a: Machamp|232\/343
|-status|p1a: Machamp|brn
|
|-heal|p2a: Vaporeon|302\/464|[from] item: Leftovers
|-damage|p1a: Machamp|190\/343 brn|[from] brn
|turn|14
|
|move|p2a: Vaporeon|Protect|p2a: Vaporeon
|-singleturn|p2a: Vaporeon|Protect
|move|p1a: Machamp|Knock Off|p2a: Vaporeon
|-activate|p2a: Vaporeon|Protect
|
|-heal|p2a: Vaporeon|331\/464|[from] item: Leftovers
|-damage|p1a: Machamp|148\/343 brn|[from] brn
|turn|15
|
|switch|p2a: Absol|Absol-Mega, F|271\/271
|move|p1a: Machamp|Knock Off|p2a: Absol
|-resisted|p2a: Absol
|-damage|p2a: Absol|100\/271
|
|-damage|p1a: Machamp|106\/343 brn|[from] brn
|turn|16
|
|switch|p1a: Swampert|Swampert, F, shiny|403\/403
|move|p2a: Absol|Play Rough|p1a: Swampert|[miss]
|-miss|p2a: Absol|p1a: Swampert
|
|turn|17
|
|move|p2a: Absol|Night Slash|p1a: Swampert
|-damage|p1a: Swampert|303\/403
|move|p1a: Swampert|Earthquake|p2a: Absol
|-damage|p2a: Absol|0 fnt
|faint|p2a: Absol
|
|-heal|p1a: Swampert|328\/403|[from] item: Leftovers
|
|switch|p2a: Alakazam|Alakazam, M|252\/252
|turn|18
|
|move|p1a: Swampert|Protect|p1a: Swampert
|-singleturn|p1a: Swampert|Protect
|move|p2a: Alakazam|Energy Ball|p1a: Swampert
|-activate|p1a: Swampert|Protect
|
|-heal|p1a: Swampert|353\/403|[from] item: Leftovers
|turn|19
|
|switch|p1a: Jirachi|Jirachi, shiny|303\/341 par
|move|p2a: Alakazam|Shadow Ball|p1a: Jirachi
|-supereffective|p1a: Jirachi
|-damage|p1a: Jirachi|117\/341 par
|
|turn|20
|
|move|p2a: Alakazam|Shadow Ball|p1a: Jirachi
|-supereffective|p1a: Jirachi
|-damage|p1a: Jirachi|0 fnt
|faint|p1a: Jirachi
|
|
|switch|p1a: Crobat|Crobat, F, shiny|200\/331
|turn|21
|
|switch|p2a: Vaporeon|Vaporeon, M|331\/464
|move|p1a: Crobat|U-turn|p2a: Vaporeon
|-damage|p2a: Vaporeon|264\/464
|
|switch|p1a: Alakazam|Alakazam, F, shiny|251\/251
|
|-heal|p2a: Vaporeon|293\/464|[from] item: Leftovers
|turn|22
|
|detailschange|p1a: Alakazam|Alakazam-Mega, F, shiny
|message|Alakazam has Mega Evolved into Mega Alakazam!
|-ability|p1a: Alakazam|Water Absorb|[from] ability: Trace|[of] p2a: Vaporeon
|move|p1a: Alakazam|Psychic|p2a: Vaporeon
|-damage|p2a: Vaporeon|55\/464
|move|p2a: Vaporeon|Toxic|p1a: Alakazam
|-status|p1a: Alakazam|tox
|
|-heal|p2a: Vaporeon|84\/464|[from] item: Leftovers
|-damage|p1a: Alakazam|236\/251 tox|[from] psn
|turn|23
|
|switch|p1a: Crobat|Crobat, F, shiny|200\/331
|move|p2a: Vaporeon|Protect|p2a: Vaporeon
|-fail|p2a: Vaporeon
|
|-heal|p1a: Crobat|220\/331|[from] item: Black Sludge
|-heal|p2a: Vaporeon|113\/464|[from] item: Leftovers
|turn|24
|
|move|p2a: Vaporeon|Protect|p2a: Vaporeon
|-singleturn|p2a: Vaporeon|Protect
|move|p1a: Crobat|Brave Bird|p2a: Vaporeon
|-activate|p2a: Vaporeon|Protect
|
|-heal|p1a: Crobat|240\/331|[from] item: Black Sludge
|-heal|p2a: Vaporeon|142\/464|[from] item: Leftovers
|turn|25
|
|move|p1a: Crobat|Brave Bird|p2a: Vaporeon
|-damage|p2a: Vaporeon|0 fnt
|-damage|p1a: Crobat|193\/331|[from] recoil|[of] p2a: Vaporeon
|faint|p2a: Vaporeon
|
|-heal|p1a: Crobat|213\/331|[from] item: Black Sludge
|
|switch|p2a: Porygon2|Porygon2|190\/374
|-ability|p2a: Porygon2|Infiltrator|[from] ability: Trace|[of] p1a: Crobat
|turn|26
|
|move|p1a: Crobat|U-turn|p2a: Porygon2
|-crit|p2a: Porygon2
|-damage|p2a: Porygon2|116\/374
|
|switch|p1a: Machamp|Machamp, F, shiny|106\/343 brn
|move|p2a: Porygon2|Recover|p2a: Porygon2
|-heal|p2a: Porygon2|303\/374
|
|-damage|p1a: Machamp|64\/343 brn|[from] brn
|turn|27
|
|switch|p2a: Gourgeist-Super|Gourgeist-Super, F|210\/374
|-item|p1a: Machamp|Choice Band|[from] ability: Frisk|[of] p2a: Gourgeist-Super|[identify]
|move|p1a: Machamp|Knock Off|p2a: Gourgeist-Super
|-supereffective|p2a: Gourgeist-Super
|-damage|p2a: Gourgeist-Super|0 fnt
|faint|p2a: Gourgeist-Super
|
|-damage|p1a: Machamp|22\/343 brn|[from] brn
|
|switch|p2a: Alakazam|Alakazam, M|252\/252
|turn|28
|
|switch|p1a: Swampert|Swampert, F, shiny|353\/403
|move|p2a: Alakazam|Psyshock|p1a: Swampert
|-damage|p1a: Swampert|239\/403
|
|-heal|p1a: Swampert|264\/403|[from] item: Leftovers
|turn|29
|
|switch|p1a: Crobat|Crobat, F, shiny|213\/331
|move|p2a: Alakazam|Energy Ball|p1a: Crobat
|-resisted|p1a: Crobat
|-damage|p1a: Crobat|179\/331
|
|-heal|p1a: Crobat|199\/331|[from] item: Black Sludge
|turn|30
|
|switch|p2a: Porygon2|Porygon2|303\/374
|-ability|p2a: Porygon2|Infiltrator|[from] ability: Trace|[of] p1a: Crobat
|move|p1a: Crobat|U-turn|p2a: Porygon2
|-crit|p2a: Porygon2
|-damage|p2a: Porygon2|227\/374
|
|switch|p1a: Swampert|Swampert, F, shiny|264\/403
|
|-heal|p1a: Swampert|289\/403|[from] item: Leftovers
|turn|31
|
|move|p2a: Porygon2|Recover|p2a: Porygon2
|-heal|p2a: Porygon2|374\/374
|move|p1a: Swampert|Scald|p2a: Porygon2
|-damage|p2a: Porygon2|335\/374
|-status|p2a: Porygon2|brn
|
|-heal|p1a: Swampert|314\/403|[from] item: Leftovers
|-damage|p2a: Porygon2|289\/374 brn|[from] brn
|turn|32
|
|move|p2a: Porygon2|Tri Attack|p1a: Swampert
|-damage|p1a: Swampert|214\/403
|move|p1a: Swampert|Stealth Rock|p2a: Porygon2
|-sidestart|p2: pokeblade101|move: Stealth Rock
|
|-heal|p1a: Swampert|239\/403|[from] item: Leftovers
|-damage|p2a: Porygon2|243\/374 brn|[from] brn
|turn|33
|
|move|p2a: Porygon2|Recover|p2a: Porygon2
|-heal|p2a: Porygon2|374\/374 brn
|move|p1a: Swampert|Earthquake|p2a: Porygon2
|-damage|p2a: Porygon2|287\/374 brn
|
|-heal|p1a: Swampert|264\/403|[from] item: Leftovers
|-damage|p2a: Porygon2|241\/374 brn|[from] brn
|turn|34
|
|move|p1a: Swampert|Protect|p1a: Swampert
|-singleturn|p1a: Swampert|Protect
|move|p2a: Porygon2|Tri Attack|p1a: Swampert
|-activate|p1a: Swampert|Protect
|
|-heal|p1a: Swampert|289\/403|[from] item: Leftovers
|-damage|p2a: Porygon2|195\/374 brn|[from] brn
|turn|35
|
|move|p2a: Porygon2|Tri Attack|p1a: Swampert
|-damage|p1a: Swampert|189\/403
|-status|p1a: Swampert|frz
|cant|p1a: Swampert|frz
|
|-heal|p1a: Swampert|214\/403 frz|[from] item: Leftovers
|-damage|p2a: Porygon2|149\/374 brn|[from] brn
|turn|36
|
|move|p2a: Porygon2|Recover|p2a: Porygon2
|-heal|p2a: Porygon2|336\/374 brn
|-curestatus|p1a: Swampert|frz
|move|p1a: Swampert|Scald|p2a: Porygon2
|-damage|p2a: Porygon2|294\/374 brn
|
|-heal|p1a: Swampert|239\/403|[from] item: Leftovers
|-damage|p2a: Porygon2|248\/374 brn|[from] brn
|turn|37
|
|move|p1a: Swampert|Protect|p1a: Swampert
|-singleturn|p1a: Swampert|Protect
|move|p2a: Porygon2|Tri Attack|p1a: Swampert
|-activate|p1a: Swampert|Protect
|
|-heal|p1a: Swampert|264\/403|[from] item: Leftovers
|-damage|p2a: Porygon2|202\/374 brn|[from] brn
|turn|38
|
|move|p2a: Porygon2|Tri Attack|p1a: Swampert
|-crit|p1a: Swampert
|-damage|p1a: Swampert|98\/403
|move|p1a: Swampert|Earthquake|p2a: Porygon2
|-damage|p2a: Porygon2|109\/374 brn
|
|-heal|p1a: Swampert|123\/403|[from] item: Leftovers
|-damage|p2a: Porygon2|63\/374 brn|[from] brn
|turn|39
|
|move|p2a: Porygon2|Recover|p2a: Porygon2
|-heal|p2a: Porygon2|250\/374 brn
|move|p1a: Swampert|Earthquake|p2a: Porygon2
|-crit|p2a: Porygon2
|-damage|p2a: Porygon2|100\/374 brn
|
|-heal|p1a: Swampert|148\/403|[from] item: Leftovers
|-damage|p2a: Porygon2|54\/374 brn|[from] brn
|turn|40
|
|move|p2a: Porygon2|Recover|p2a: Porygon2
|-heal|p2a: Porygon2|241\/374 brn
|move|p1a: Swampert|Earthquake|p2a: Porygon2
|-damage|p2a: Porygon2|142\/374 brn
|
|-heal|p1a: Swampert|173\/403|[from] item: Leftovers
|-damage|p2a: Porygon2|96\/374 brn|[from] brn
|turn|41
|
|move|p2a: Porygon2|Tri Attack|p1a: Swampert
|-damage|p1a: Swampert|62\/403
|move|p1a: Swampert|Earthquake|p2a: Porygon2
|-damage|p2a: Porygon2|6\/374 brn
|
|-heal|p1a: Swampert|87\/403|[from] item: Leftovers
|-damage|p2a: Porygon2|0 fnt|[from] brn
|faint|p2a: Porygon2
|
|switch|p2a: Machamp|Machamp, M|384\/384
|-damage|p2a: Machamp|360\/384|[from] Stealth Rock
|turn|42
|
|move|p2a: Machamp|Dynamic Punch|p1a: Swampert
|-crit|p1a: Swampert
|-damage|p1a: Swampert|0 fnt
|faint|p1a: Swampert
|
|
|switch|p1a: Alakazam|Alakazam-Mega, F, shiny|236\/251 tox
|-ability|p1a: Alakazam|No Guard|[from] ability: Trace|[of] p2a: Machamp
|turn|43
|
|move|p1a: Alakazam|Psychic|p2a: Machamp
|-supereffective|p2a: Machamp
|-damage|p2a: Machamp|42\/384
|-unboost|p2a: Machamp|spd|1
|move|p2a: Machamp|Knock Off|p1a: Alakazam
|-supereffective|p1a: Alakazam
|-damage|p1a: Alakazam|6\/251 tox
|
|-damage|p1a: Alakazam|0 fnt|[from] psn
|faint|p1a: Alakazam
|
|switch|p1a: Crobat|Crobat, F, shiny|199\/331
|turn|44
|
|move|p2a: Machamp|Bullet Punch|p1a: Crobat
|-damage|p1a: Crobat|132\/331
|move|p1a: Crobat|Brave Bird|p2a: Machamp
|-supereffective|p2a: Machamp
|-damage|p2a: Machamp|0 fnt
|-damage|p1a: Crobat|118\/331|[from] recoil|[of] p2a: Machamp
|faint|p2a: Machamp
|
|-heal|p1a: Crobat|138\/331|[from] item: Black Sludge
|
|switch|p2a: Alakazam|Alakazam, M|252\/252
|turn|45
|
|move|p1a: Crobat|Brave Bird|p2a: Alakazam
|-enditem|p2a: Alakazam|Focus Sash
|-damage|p2a: Alakazam|1\/252
|-damage|p1a: Crobat|55\/331|[from] recoil|[of] p2a: Alakazam
|move|p2a: Alakazam|Psyshock|p1a: Crobat
|-supereffective|p1a: Crobat
|-damage|p1a: Crobat|0 fnt
|faint|p1a: Crobat
|
|
|switch|p1a: Machamp|Machamp, F, shiny|22\/343 brn
|turn|46
|
|move|p1a: Machamp|Bullet Punch|p2a: Alakazam
|-damage|p2a: Alakazam|0 fnt
|faint|p2a: Alakazam
|
|win|OU Are Dreadful
|raw|Ladder updating...
|raw|OU Are Dreadful's rating: 1166 &rarr; <strong>1192<\/strong><br \/>(+26 for winning)
|raw|pokeblade101's rating: 1183 &rarr; <strong>1157<\/strong><br \/>(-26 for losing)
|c|âpokeblade101|Gg
|leave|pokeblade101
|player|p2