|join|Pheonixmaster
|join|pokeblade101
|player|p1|Pheonixmaster|168
|player|p2|pokeblade101|163
|gametype|singles
|gen|6
|tier|UU
|rated
|rule|Sleep Clause Mod: Limit one foe put to sleep
|rule|Species Clause: Limit one of each PokÃ©mon
|rule|OHKO Clause: OHKO moves are banned
|rule|Moody Clause: Moody is banned
|rule|Evasion Moves Clause: Evasion moves are banned
|rule|Endless Battle Clause: Forcing endless battles is banned
|rule|HP Percentage Mod: HP is shown in percentages
|clearpoke
|poke|p1|Swampert, M
|poke|p1|Tornadus, M
|poke|p1|Raikou, shiny
|poke|p1|Kingdra, M
|poke|p1|Azelf
|poke|p1|Toxicroak, M
|poke|p2|Blissey, F
|poke|p2|Gallade, M
|poke|p2|Celebi
|poke|p2|Alomomola, F
|poke|p2|Donphan, F
|poke|p2|Hydreigon, F
|rule|Swagger Clause: Swagger is banned
|rule|Baton Pass Clause: Limit one PokÃ©mon knowing Baton Pass
|teampreview
|
|start
|switch|p1a: Azelf|Azelf|291\/291
|switch|p2a: Gallade|Gallade, M|278\/278
|turn|1
|
|detailschange|p2a: Gallade|Gallade-Mega, M
|message|Gallade has Mega Evolved into Mega Gallade!
|move|p1a: Azelf|Rain Dance|p1a: Azelf
|-weather|RainDance
|move|p2a: Gallade|Knock Off|p1a: Azelf
|-supereffective|p1a: Azelf
|-damage|p1a: Azelf|0 fnt
|-enditem|p1a: Azelf|Damp Rock|[from] move: Knock Off|[of] p2a: Gallade
|faint|p1a: Azelf
|
|-weather|RainDance|[upkeep]
|
|switch|p1a: Swampert|Swampert, M|341\/341
|turn|2
|
|switch|p2a: Alomomola|Alomomola, F|534\/534
|detailschange|p1a: Swampert|Swampert-Mega, M
|message|Swampert has Mega Evolved into Mega Swampert!
|move|p1a: Swampert|Power-Up Punch|p2a: Alomomola
|-damage|p2a: Alomomola|474\/534
|-boost|p1a: Swampert|atk|1
|
|-weather|RainDance|[upkeep]
|-heal|p2a: Alomomola|507\/534|[from] item: Leftovers
|turn|3
|
|switch|p1a: Toxicroak|Toxicroak, M|307\/307
|move|p2a: Alomomola|Toxic|p1a: Toxicroak
|-fail|p1a: Toxicroak
|
|-weather|RainDance|[upkeep]
|-heal|p2a: Alomomola|534\/534|[from] item: Leftovers
|turn|4
|
|switch|p2a: Donphan|Donphan, F|384\/384
|move|p1a: Toxicroak|Gunk Shot|p2a: Donphan
|-resisted|p2a: Donphan
|-damage|p2a: Donphan|272\/384
|-status|p2a: Donphan|psn
|-damage|p1a: Toxicroak|277\/307|[from] item: Life Orb
|
|-weather|RainDance|[upkeep]
|-heal|p1a: Toxicroak|307\/307|[from] ability: Dry Skin
|-damage|p2a: Donphan|224\/384 psn|[from] psn
|turn|5
|
|switch|p1a: Swampert|Swampert-Mega, M|341\/341
|move|p2a: Donphan|Knock Off|p1a: Swampert
|-damage|p1a: Swampert|286\/341
|
|-weather|RainDance|[upkeep]
|-damage|p2a: Donphan|176\/384 psn|[from] psn
|turn|6
|
|switch|p1a: Toxicroak|Toxicroak, M|307\/307
|switch|p2a: Celebi|Celebi|404\/404
|
|-weather|RainDance|[upkeep]
|turn|7
|
|switch|p1a: Tornadus|Tornadus, M|299\/299
|switch|p2a: Alomomola|Alomomola, F|534\/534
|
|-weather|RainDance|[upkeep]
|turn|8
|
|move|p2a: Alomomola|Protect|p2a: Alomomola
|-singleturn|p2a: Alomomola|Protect
|move|p1a: Tornadus|Hurricane|p2a: Alomomola
|-activate|p2a: Alomomola|Protect
|
|-weather|none
|turn|9
|
|switch|p2a: Donphan|Donphan, F|176\/384 psn
|move|p1a: Tornadus|Rain Dance|p1a: Tornadus
|-weather|RainDance
|
|-weather|RainDance|[upkeep]
|-damage|p2a: Donphan|128\/384 psn|[from] psn
|turn|10
|
|move|p1a: Tornadus|Hurricane|p2a: Donphan
|-damage|p2a: Donphan|0 fnt
|faint|p2a: Donphan
|
|-weather|RainDance|[upkeep]
|
|switch|p2a: Hydreigon|Hydreigon, F|325\/325
|turn|11
|
|switch|p1a: Raikou|Raikou, shiny|321\/321
|-ability|p1a: Raikou|Pressure
|move|p2a: Hydreigon|Draco Meteor|p1a: Raikou
|-damage|p1a: Raikou|0 fnt
|-unboost|p2a: Hydreigon|spa|2
|faint|p1a: Raikou
|
|-weather|RainDance|[upkeep]
|
|switch|p1a: Toxicroak|Toxicroak, M|307\/307
|turn|12
|
|switch|p2a: Celebi|Celebi|404\/404
|move|p1a: Toxicroak|Swords Dance|p1a: Toxicroak
|-boost|p1a: Toxicroak|atk|2
|
|-weather|RainDance|[upkeep]
|turn|13
|
|move|p1a: Toxicroak|Sucker Punch|p2a: Celebi
|-fail|p2a: Celebi
|move|p2a: Celebi|Leech Seed|p1a: Toxicroak
|-start|p1a: Toxicroak|move: Leech Seed
|
|-weather|RainDance|[upkeep]
|-damage|p1a: Toxicroak|269\/307|[from] Leech Seed|[of] p2a: Celebi
|turn|14
|
|switch|p2a: Alomomola|Alomomola, F|534\/534
|move|p1a: Toxicroak|Gunk Shot|p2a: Alomomola
|-damage|p2a: Alomomola|2\/534
|-status|p2a: Alomomola|psn
|-damage|p1a: Toxicroak|239\/307|[from] item: Life Orb
|
|-weather|RainDance|[upkeep]
|-heal|p1a: Toxicroak|277\/307|[from] ability: Dry Skin
|-heal|p2a: Alomomola|35\/534 psn|[from] item: Leftovers
|-damage|p1a: Toxicroak|239\/307|[from] Leech Seed|[of] p2a: Alomomola
|-heal|p2a: Alomomola|73\/534 psn|[silent]
|-damage|p2a: Alomomola|7\/534 psn|[from] psn
|turn|15
|
|move|p1a: Toxicroak|Drain Punch|p2a: Alomomola
|-damage|p2a: Alomomola|0 fnt
|-heal|p1a: Toxicroak|243\/307|[from] drain|[of] p2a: Alomomola
|-damage|p1a: Toxicroak|213\/307|[from] item: Life Orb
|faint|p2a: Alomomola
|
|-weather|RainDance|[upkeep]
|-heal|p1a: Toxicroak|251\/307|[from] ability: Dry Skin
|
|switch|p2a: Hydreigon|Hydreigon, F|325\/325
|turn|16
|
|switch|p1a: Kingdra|Kingdra, M|291\/291
|move|p2a: Hydreigon|Draco Meteor|p1a: Kingdra
|-supereffective|p1a: Kingdra
|-damage|p1a: Kingdra|0 fnt
|-unboost|p2a: Hydreigon|spa|2
|faint|p1a: Kingdra
|
|-weather|none
|
|switch|p1a: Tornadus|Tornadus, M|299\/299
|turn|17
|
|switch|p2a: Blissey|Blissey, F|714\/714
|move|p1a: Tornadus|Rain Dance|p1a: Tornadus
|-weather|RainDance
|
|-weather|RainDance|[upkeep]
|turn|18
|
|switch|p2a: Hydreigon|Hydreigon, F|325\/325
|move|p1a: Tornadus|U-turn|p2a: Hydreigon
|-supereffective|p2a: Hydreigon
|-damage|p2a: Hydreigon|181\/325
|
|switch|p1a: Swampert|Swampert-Mega, M|286\/341
|
|-weather|RainDance|[upkeep]
|turn|19
|
|switch|p2a: Celebi|Celebi|404\/404
|move|p1a: Swampert|Ice Punch|p2a: Celebi
|-supereffective|p2a: Celebi
|-damage|p2a: Celebi|218\/404
|
|-weather|RainDance|[upkeep]
|-heal|p2a: Celebi|243\/404|[from] item: Leftovers
|turn|20
|
|switch|p1a: Toxicroak|Toxicroak, M|251\/307
|move|p2a: Celebi|Giga Drain|p1a: Toxicroak
|-resisted|p1a: Toxicroak
|-damage|p1a: Toxicroak|193\/307
|-heal|p2a: Celebi|272\/404|[from] drain|[of] p1a: Toxicroak
|
|-weather|RainDance|[upkeep]
|-heal|p1a: Toxicroak|231\/307|[from] ability: Dry Skin
|-heal|p2a: Celebi|297\/404|[from] item: Leftovers
|turn|21
|
|switch|p2a: Gallade|Gallade-Mega, M|278\/278
|move|p1a: Toxicroak|Gunk Shot|p2a: Gallade
|-damage|p2a: Gallade|4\/278
|-damage|p1a: Toxicroak|201\/307|[from] item: Life Orb
|
|-weather|RainDance|[upkeep]
|-heal|p1a: Toxicroak|239\/307|[from] ability: Dry Skin
|turn|22
|
|switch|p1a: Swampert|Swampert-Mega, M|286\/341
|move|p2a: Gallade|Zen Headbutt|p1a: Swampert
|-damage|p1a: Swampert|139\/341
|
|-weather|RainDance|[upkeep]
|turn|23
|
|move|p1a: Swampert|Power-Up Punch|p2a: Gallade
|-resisted|p2a: Gallade
|-damage|p2a: Gallade|0 fnt
|-boost|p1a: Swampert|atk|1
|faint|p2a: Gallade
|
|-weather|RainDance|[upkeep]
|
|switch|p2a: Celebi|Celebi|297\/404
|turn|24
|
|move|p1a: Swampert|Ice Punch|p2a: Celebi
|-supereffective|p2a: Celebi
|-damage|p2a: Celebi|37\/404
|move|p2a: Celebi|Giga Drain|p1a: Swampert
|-supereffective|p1a: Swampert
|-damage|p1a: Swampert|0 fnt
|-heal|p2a: Celebi|107\/404|[from] drain|[of] p1a: Swampert
|faint|p1a: Swampert
|
|-weather|none
|-heal|p2a: Celebi|132\/404|[from] item: Leftovers
|
|switch|p1a: Toxicroak|Toxicroak, M|239\/307
|turn|25
|
|move|p1a: Toxicroak|Swords Dance|p1a: Toxicroak
|-boost|p1a: Toxicroak|atk|2
|move|p2a: Celebi|Leech Seed|p1a: Toxicroak
|-start|p1a: Toxicroak|move: Leech Seed
|
|-heal|p2a: Celebi|157\/404|[from] item: Leftovers
|-damage|p1a: Toxicroak|201\/307|[from] Leech Seed|[of] p2a: Celebi
|-heal|p2a: Celebi|195\/404|[silent]
|turn|26
|
|move|p1a: Toxicroak|Swords Dance|p1a: Toxicroak
|-boost|p1a: Toxicroak|atk|2
|move|p2a: Celebi|Recover|p2a: Celebi
|-heal|p2a: Celebi|397\/404
|
|-heal|p2a: Celebi|404\/404|[from] item: Leftovers
|-damage|p1a: Toxicroak|163\/307|[from] Leech Seed|[of] p2a: Celebi
|turn|27
|
|move|p1a: Toxicroak|Drain Punch|p2a: Celebi
|-resisted|p2a: Celebi
|-damage|p2a: Celebi|205\/404
|-heal|p1a: Toxicroak|263\/307|[from] drain|[of] p2a: Celebi
|-damage|p1a: Toxicroak|233\/307|[from] item: Life Orb
|move|p2a: Celebi|Giga Drain|p1a: Toxicroak
|-resisted|p1a: Toxicroak
|-damage|p1a: Toxicroak|167\/307
|-heal|p2a: Celebi|238\/404|[from] drain|[of] p1a: Toxicroak
|
|-heal|p2a: Celebi|263\/404|[from] item: Leftovers
|-damage|p1a: Toxicroak|129\/307|[from] Leech Seed|[of] p2a: Celebi
|-heal|p2a: Celebi|301\/404|[silent]
|turn|28
|
|move|p1a: Toxicroak|Gunk Shot|p2a: Celebi
|-supereffective|p2a: Celebi
|-damage|p2a: Celebi|0 fnt
|-damage|p1a: Toxicroak|99\/307|[from] item: Life Orb
|faint|p2a: Celebi
|
|
|switch|p2a: Hydreigon|Hydreigon, F|181\/325
|turn|29
|
|move|p1a: Toxicroak|Sucker Punch|p2a: Hydreigon
|-resisted|p2a: Hydreigon
|-damage|p2a: Hydreigon|0 fnt
|-damage|p1a: Toxicroak|69\/307|[from] item: Life Orb
|faint|p2a: Hydreigon
|
|-message|pokeblade101 forfeited.
|
|win|Pheonixmaster
|raw|Ladder updating...
|leave|pokeblade101
|player|p2
|raw|Pheonixmaster's rating: 1379 &rarr; <strong>1404<\/strong><br \/>(+25 for winning)
|raw|pokeblade101's rating: 1464 &rarr; <strong>1439<\/strong><br \/>(-25 for losing)