|join|Great_Expectations
|join|pokeblade101
|player|p1|Great_Expectations|239
|player|p2|pokeblade101|163
|gametype|singles
|gen|6
|tier|UU
|rated
|rule|Sleep Clause Mod: Limit one foe put to sleep
|rule|Species Clause: Limit one of each PokÃ©mon
|rule|OHKO Clause: OHKO moves are banned
|rule|Moody Clause: Moody is banned
|rule|Evasion Moves Clause: Evasion moves are banned
|rule|Endless Battle Clause: Forcing endless battles is banned
|rule|HP Percentage Mod: HP is shown in percentages
|clearpoke
|poke|p1|Aerodactyl, F
|poke|p1|Porygon-Z
|poke|p1|Machamp, M
|poke|p1|Florges, F
|poke|p1|Jirachi
|poke|p1|Raikou
|poke|p2|Blissey, F
|poke|p2|Gallade, M
|poke|p2|Celebi
|poke|p2|Alomomola, M
|poke|p2|Donphan, F
|poke|p2|Hydreigon, M
|rule|Swagger Clause: Swagger is banned
|rule|Baton Pass Clause: Limit one PokÃ©mon knowing Baton Pass
|teampreview
|
|start
|switch|p1a: Machamp|Machamp, M|384\/384
|switch|p2a: Gallade|Gallade, M|278\/278
|turn|1
|
|switch|p1a: Jirachi|Jirachi|404\/404
|detailschange|p2a: Gallade|Gallade-Mega, M
|message|Gallade has Mega Evolved into Mega Gallade!
|move|p2a: Gallade|Substitute|p2a: Gallade
|-start|p2a: Gallade|Substitute
|-damage|p2a: Gallade|209\/278
|
|turn|2
|
|move|p2a: Gallade|Knock Off|p1a: Jirachi
|-supereffective|p1a: Jirachi
|-damage|p1a: Jirachi|190\/404
|-enditem|p1a: Jirachi|Leftovers|[from] move: Knock Off|[of] p2a: Gallade
|move|p1a: Jirachi|Stealth Rock|p2a: Gallade
|-sidestart|p2: pokeblade101|move: Stealth Rock
|
|turn|3
|
|move|p2a: Gallade|Drain Punch|p1a: Jirachi
|-damage|p1a: Jirachi|69\/404
|-heal|p2a: Gallade|270\/278|[from] drain|[of] p1a: Jirachi
|move|p1a: Jirachi|U-turn|p2a: Gallade
|-activate|p2a: Gallade|Substitute|[damage]
|
|switch|p1a: Florges|Florges, F|360\/360
|
|turn|4
|
|move|p2a: Gallade|Zen Headbutt|p1a: Florges
|-damage|p1a: Florges|107\/360
|cant|p1a: Florges|flinch
|
|-heal|p1a: Florges|129\/360|[from] item: Leftovers
|turn|5
|
|switch|p1a: Jirachi|Jirachi|69\/404
|move|p2a: Gallade|Zen Headbutt|p1a: Jirachi
|-resisted|p1a: Jirachi
|-damage|p1a: Jirachi|36\/404
|
|turn|6
|
|move|p2a: Gallade|Drain Punch|p1a: Jirachi
|-damage|p1a: Jirachi|0 fnt
|-heal|p2a: Gallade|278\/278|[from] drain|[of] p1a: Jirachi
|faint|p1a: Jirachi
|
|
|switch|p1a: Aerodactyl|Aerodactyl, F|302\/302
|turn|7
|
|detailschange|p1a: Aerodactyl|Aerodactyl-Mega, F
|message|Aerodactyl has Mega Evolved into Mega Aerodactyl!
|move|p1a: Aerodactyl|Wing Attack|p2a: Gallade
|-supereffective|p2a: Gallade
|-end|p2a: Gallade|Substitute
|move|p2a: Gallade|Drain Punch|p1a: Aerodactyl
|-damage|p1a: Aerodactyl|113\/302
|
|turn|8
|
|switch|p2a: Alomomola|Alomomola, M|534\/534
|-damage|p2a: Alomomola|468\/534|[from] Stealth Rock
|move|p1a: Aerodactyl|Roost|p1a: Aerodactyl
|-heal|p1a: Aerodactyl|264\/302
|
|-heal|p2a: Alomomola|501\/534|[from] item: Leftovers
|turn|9
|
|switch|p1a: PZ|Porygon-Z|312\/312
|switch|p2a: Gallade|Gallade-Mega, M|278\/278
|-damage|p2a: Gallade|261\/278|[from] Stealth Rock
|
|turn|10
|
|move|p2a: Gallade|Drain Punch|p1a: PZ
|-supereffective|p1a: PZ
|-damage|p1a: PZ|0 fnt
|-heal|p2a: Gallade|278\/278|[from] drain|[of] p1a: PZ
|faint|p1a: PZ
|
|-message|Great_Expectations forfeited.
|
|win|pokeblade101
|raw|Ladder updating...
|leave|Great_Expectations
|player|p1
|raw|Great_Expectations's rating: 1421 &rarr; <strong>1406<\/strong><br \/>(-15 for losing)
|raw|pokeblade101's rating: 1510 &rarr; <strong>1525<\/strong><br \/>(+15 for winning)