|join|Sae
|join|pokeblade101
|player|p1|Sae|99
|player|p2|pokeblade101|264
|gametype|singles
|gen|6
|tier|UU
|rated
|rule|Sleep Clause Mod: Limit one foe put to sleep
|rule|Species Clause: Limit one of each PokÃ©mon
|rule|OHKO Clause: OHKO moves are banned
|rule|Moody Clause: Moody is banned
|rule|Evasion Moves Clause: Evasion moves are banned
|rule|Endless Battle Clause: Forcing endless battles is banned
|rule|HP Percentage Mod: HP is shown in percentages
|clearpoke
|poke|p1|Alakazam, M
|poke|p1|Hydreigon, M
|poke|p1|Jirachi
|poke|p1|Gligar, M
|poke|p1|Nidoking, M
|poke|p1|Tentacruel, M
|poke|p2|Alakazam, M, shiny
|poke|p2|Shaymin
|poke|p2|Suicune
|poke|p2|Beedrill, F
|poke|p2|Darmanitan, M
|poke|p2|Donphan, M
|rule|Swagger Clause: Swagger is banned
|rule|Baton Pass Clause: Limit one PokÃ©mon knowing Baton Pass
|teampreview
|
|start
|switch|p1a: Nidoking|Nidoking, M|304\/304
|switch|p2a: Darmanitan|Darmanitan, M|351\/351
|turn|1
|
|switch|p1a: Gligar|Gligar, M|334\/334
|move|p2a: Darmanitan|Flare Blitz|p1a: Gligar
|-damage|p1a: Gligar|199\/334
|-damage|p2a: Darmanitan|306\/351|[from] recoil|[of] p1a: Gligar
|
|turn|2
|
|switch|p2a: Shaymin|Shaymin|341\/341
|move|p1a: Gligar|Roost|p1a: Gligar
|-heal|p1a: Gligar|334\/334
|
|turn|3
|
|switch|p1a: Tentacruel|Tentacruel, M|364\/364
|move|p2a: Shaymin|Seed Flare|p1a: Tentacruel
|-damage|p1a: Tentacruel|154\/364
|-unboost|p1a: Tentacruel|spd|2
|
|-heal|p1a: Tentacruel|176\/364|[from] item: Black Sludge
|turn|4
|
|move|p2a: Shaymin|Seed Flare|p1a: Tentacruel
|-damage|p1a: Tentacruel|0 fnt
|faint|p1a: Tentacruel
|
|
|switch|p1a: Nidoking|Nidoking, M|304\/304
|turn|5
|
|switch|p2a: Suicune|Suicune|404\/404
|-ability|p2a: Suicune|Pressure
|move|p1a: Nidoking|Sludge Wave|p2a: Suicune
|-damage|p2a: Suicune|201\/404
|
|-heal|p2a: Suicune|226\/404|[from] item: Leftovers
|turn|6
|
|move|p1a: Nidoking|Sludge Wave|p2a: Suicune
|-damage|p2a: Suicune|34\/404
|move|p2a: Suicune|Scald|p1a: Nidoking
|-supereffective|p1a: Nidoking
|-damage|p1a: Nidoking|88\/304
|
|-heal|p2a: Suicune|59\/404|[from] item: Leftovers
|turn|7
|
|move|p1a: Nidoking|Earth Power|p2a: Suicune
|-damage|p2a: Suicune|0 fnt
|faint|p2a: Suicune
|
|
|switch|p2a: Darmanitan|Darmanitan, M|306\/351
|turn|8
|
|switch|p1a: Gligar|Gligar, M|334\/334
|move|p2a: Darmanitan|U-turn|p1a: Gligar
|-resisted|p1a: Gligar
|-damage|p1a: Gligar|312\/334
|
|switch|p2a: Shaymin|Shaymin|341\/341
|
|turn|9
|
|switch|p1a: Jirachi|Jirachi|404\/404
|move|p2a: Shaymin|Earth Power|p1a: Jirachi
|-supereffective|p1a: Jirachi
|-damage|p1a: Jirachi|152\/404
|
|-heal|p1a: Jirachi|177\/404|[from] item: Leftovers
|turn|10
|
|switch|p1a: Hydreigon|Hydreigon, M|325\/325
|move|p2a: Shaymin|Earth Power|p1a: Hydreigon
|-immune|p1a: Hydreigon|[msg]
|
|turn|11
|
|switch|p2a: Alakazam|Alakazam, M, shiny|252\/252
|move|p1a: Hydreigon|U-turn|p2a: Alakazam
|-supereffective|p2a: Alakazam
|-damage|p2a: Alakazam|28\/252
|
|switch|p1a: Alakazam|Alakazam, M|252\/252
|
|turn|12
|
|detailschange|p1a: Alakazam|Alakazam-Mega, M
|message|Alakazam has Mega Evolved into Mega Alakazam!
|-ability|p1a: Alakazam|Magic Guard|[from] ability: Trace|[of] p2a: Alakazam
|move|p2a: Alakazam|Shadow Ball|p1a: Alakazam
|-supereffective|p1a: Alakazam
|-damage|p1a: Alakazam|40\/252
|move|p1a: Alakazam|Psyshock|p2a: Alakazam
|-resisted|p2a: Alakazam
|-damage|p2a: Alakazam|0 fnt
|faint|p2a: Alakazam
|
|
|switch|p2a: Darmanitan|Darmanitan, M|306\/351
|turn|13
|
|switch|p1a: Gligar|Gligar, M|312\/334
|move|p2a: Darmanitan|U-turn|p1a: Gligar
|-resisted|p1a: Gligar
|-damage|p1a: Gligar|292\/334
|
|switch|p2a: Shaymin|Shaymin|341\/341
|
|turn|14
|
|move|p2a: Shaymin|Seed Flare|p1a: Gligar
|-damage|p1a: Gligar|37\/334
|move|p1a: Gligar|Roost|p1a: Gligar
|-heal|p1a: Gligar|204\/334
|
|turn|15
|
|switch|p1a: Nidoking|Nidoking, M|88\/304
|move|p2a: Shaymin|Seed Flare|p1a: Nidoking
|-damage|p1a: Nidoking|0 fnt
|faint|p1a: Nidoking
|
|
|switch|p1a: Hydreigon|Hydreigon, M|325\/325
|turn|16
|
|switch|p2a: Donphan|Donphan, M|384\/384
|move|p1a: Hydreigon|U-turn|p2a: Donphan
|-damage|p2a: Donphan|346\/384
|
|switch|p1a: Jirachi|Jirachi|177\/404
|
|-heal|p1a: Jirachi|202\/404|[from] item: Leftovers
|-heal|p2a: Donphan|370\/384|[from] item: Leftovers
|turn|17
|
|move|p1a: Jirachi|Toxic|p2a: Donphan
|-status|p2a: Donphan|tox
|move|p2a: Donphan|Stealth Rock|p1a: Jirachi
|-sidestart|p1: Sae|move: Stealth Rock
|
|-heal|p1a: Jirachi|227\/404|[from] item: Leftovers
|-heal|p2a: Donphan|384\/384 tox|[from] item: Leftovers
|-damage|p2a: Donphan|360\/384 tox|[from] psn
|turn|18
|
|switch|p1a: Gligar|Gligar, M|204\/334
|-damage|p1a: Gligar|163\/334|[from] Stealth Rock
|move|p2a: Donphan|Earthquake|p1a: Gligar
|-immune|p1a: Gligar|[msg]
|
|-heal|p2a: Donphan|384\/384 tox|[from] item: Leftovers
|-damage|p2a: Donphan|336\/384 tox|[from] psn
|turn|19
|
|switch|p2a: Shaymin|Shaymin|341\/341
|move|p1a: Gligar|Roost|p1a: Gligar
|-heal|p1a: Gligar|330\/334
|
|turn|20
|
|switch|p1a: Hydreigon|Hydreigon, M|325\/325
|-damage|p1a: Hydreigon|285\/325|[from] Stealth Rock
|move|p2a: Shaymin|Seed Flare|p1a: Hydreigon
|-resisted|p1a: Hydreigon
|-damage|p1a: Hydreigon|137\/325
|
|turn|21
|
|move|p1a: Hydreigon|U-turn|p2a: Shaymin
|-supereffective|p2a: Shaymin
|-damage|p2a: Shaymin|215\/341
|
|switch|p1a: Jirachi|Jirachi|227\/404
|-damage|p1a: Jirachi|202\/404|[from] Stealth Rock
|move|p2a: Shaymin|Seed Flare|p1a: Jirachi
|-resisted|p1a: Jirachi
|-damage|p1a: Jirachi|79\/404
|
|-heal|p1a: Jirachi|104\/404|[from] item: Leftovers
|turn|22
|
|switch|p2a: Donphan|Donphan, M|336\/384 tox
|move|p1a: Jirachi|Iron Head|p2a: Donphan
|-damage|p2a: Donphan|275\/384 tox
|
|-heal|p1a: Jirachi|129\/404|[from] item: Leftovers
|-heal|p2a: Donphan|299\/384 tox|[from] item: Leftovers
|-damage|p2a: Donphan|275\/384 tox|[from] psn
|turn|23
|
|move|p2a: Donphan|Ice Shard|p1a: Jirachi
|-resisted|p1a: Jirachi
|-damage|p1a: Jirachi|110\/404
|move|p1a: Jirachi|Iron Head|p2a: Donphan
|-damage|p2a: Donphan|218\/384 tox
|
|-heal|p1a: Jirachi|135\/404|[from] item: Leftovers
|-heal|p2a: Donphan|242\/384 tox|[from] item: Leftovers
|-damage|p2a: Donphan|194\/384 tox|[from] psn
|turn|24
|
|move|p1a: Jirachi|Iron Head|p2a: Donphan
|-damage|p2a: Donphan|136\/384 tox
|move|p2a: Donphan|Earthquake|p1a: Jirachi
|-supereffective|p1a: Jirachi
|-damage|p1a: Jirachi|0 fnt
|faint|p1a: Jirachi
|
|-heal|p2a: Donphan|160\/384 tox|[from] item: Leftovers
|-damage|p2a: Donphan|88\/384 tox|[from] psn
|
|switch|p1a: Gligar|Gligar, M|330\/334
|-damage|p1a: Gligar|289\/334|[from] Stealth Rock
|turn|25
|
|move|p2a: Donphan|Ice Shard|p1a: Gligar
|-supereffective|p1a: Gligar
|-damage|p1a: Gligar|221\/334
|move|p1a: Gligar|Stealth Rock|p2a: Donphan
|-sidestart|p2: pokeblade101|move: Stealth Rock
|
|-heal|p2a: Donphan|112\/384 tox|[from] item: Leftovers
|-damage|p2a: Donphan|16\/384 tox|[from] psn
|turn|26
|
|move|p1a: Gligar|Earthquake|p2a: Donphan
|-damage|p2a: Donphan|0 fnt
|faint|p2a: Donphan
|
|join|Red's Charizard
|
|switch|p2a: Shaymin|Shaymin|215\/341
|-damage|p2a: Shaymin|173\/341|[from] Stealth Rock
|turn|27
|
|move|p2a: Shaymin|Air Slash|p1a: Gligar
|-damage|p1a: Gligar|118\/334
|move|p1a: Gligar|Roost|p1a: Gligar
|-heal|p1a: Gligar|285\/334
|
|turn|28
|leave|Red's Charizard
|
|move|p2a: Shaymin|Air Slash|p1a: Gligar
|-damage|p1a: Gligar|185\/334
|cant|p1a: Gligar|flinch
|
|turn|29
|
|move|p2a: Shaymin|Air Slash|p1a: Gligar
|-damage|p1a: Gligar|74\/334
|cant|p1a: Gligar|flinch
|
|turn|30
|
|move|p2a: Shaymin|Air Slash|p1a: Gligar|[miss]
|-miss|p2a: Shaymin|p1a: Gligar
|move|p1a: Gligar|Roost|p1a: Gligar
|-heal|p1a: Gligar|241\/334
|
|turn|31
|
|move|p2a: Shaymin|Air Slash|p1a: Gligar
|-damage|p1a: Gligar|139\/334
|move|p1a: Gligar|Roost|p1a: Gligar
|-heal|p1a: Gligar|306\/334
|
|turn|32
|
|move|p2a: Shaymin|Air Slash|p1a: Gligar
|-damage|p1a: Gligar|202\/334
|cant|p1a: Gligar|flinch
|
|turn|33
|
|move|p2a: Shaymin|Air Slash|p1a: Gligar
|-damage|p1a: Gligar|99\/334
|cant|p1a: Gligar|flinch
|
|turn|34
|
|move|p2a: Shaymin|Air Slash|p1a: Gligar
|-damage|p1a: Gligar|1\/334
|move|p1a: Gligar|Roost|p1a: Gligar
|-heal|p1a: Gligar|168\/334
|
|turn|35
|
|move|p2a: Shaymin|Air Slash|p1a: Gligar
|-damage|p1a: Gligar|55\/334
|move|p1a: Gligar|Roost|p1a: Gligar
|-heal|p1a: Gligar|222\/334
|
|turn|36
|
|move|p2a: Shaymin|Air Slash|p1a: Gligar
|-crit|p1a: Gligar
|-damage|p1a: Gligar|71\/334
|move|p1a: Gligar|Roost|p1a: Gligar
|-heal|p1a: Gligar|238\/334
|
|turn|37
|
|move|p2a: Shaymin|Air Slash|p1a: Gligar
|-damage|p1a: Gligar|126\/334
|move|p1a: Gligar|Roost|p1a: Gligar
|-heal|p1a: Gligar|293\/334
|
|turn|38
|
|move|p2a: Shaymin|Air Slash|p1a: Gligar
|-damage|p1a: Gligar|192\/334
|move|p1a: Gligar|Toxic|p2a: Shaymin
|-status|p2a: Shaymin|tox
|
|-damage|p2a: Shaymin|152\/341 tox|[from] psn
|turn|39
|
|switch|p2a: Beedrill|Beedrill, F|272\/272
|-damage|p2a: Beedrill|204\/272|[from] Stealth Rock
|move|p1a: Gligar|Roost|p1a: Gligar
|-heal|p1a: Gligar|334\/334
|
|turn|40
|
|detailschange|p2a: Beedrill|Beedrill-Mega, F
|message|Beedrill has Mega Evolved into Mega Beedrill!
|move|p2a: Beedrill|Poison Jab|p1a: Gligar
|-resisted|p1a: Gligar
|-damage|p1a: Gligar|281\/334
|move|p1a: Gligar|Earthquake|p2a: Beedrill
|-damage|p2a: Beedrill|24\/272
|
|turn|41
|
|move|p2a: Beedrill|Poison Jab|p1a: Gligar
|-resisted|p1a: Gligar
|-damage|p1a: Gligar|233\/334
|move|p1a: Gligar|Roost|p1a: Gligar
|-heal|p1a: Gligar|334\/334
|
|turn|42
|
|move|p2a: Beedrill|Poison Jab|p1a: Gligar
|-resisted|p1a: Gligar
|-damage|p1a: Gligar|282\/334
|move|p1a: Gligar|Earthquake|p2a: Beedrill
|-damage|p2a: Beedrill|0 fnt
|faint|p2a: Beedrill
|
|
|switch|p2a: Shaymin|Shaymin|152\/341
|-damage|p2a: Shaymin|110\/341|[from] Stealth Rock
|turn|43
|
|switch|p1a: Alakazam|Alakazam-Mega, M|40\/252
|-damage|p1a: Alakazam|9\/252|[from] Stealth Rock
|-ability|p1a: Alakazam|Natural Cure|[from] ability: Trace|[of] p2a: Shaymin
|move|p2a: Shaymin|Air Slash|p1a: Alakazam
|-damage|p1a: Alakazam|0 fnt
|faint|p1a: Alakazam
|
|
|switch|p1a: Hydreigon|Hydreigon, M|137\/325
|-damage|p1a: Hydreigon|97\/325|[from] Stealth Rock
|turn|44
|
|move|p1a: Hydreigon|Dark Pulse|p2a: Shaymin
|-crit|p2a: Shaymin
|-damage|p2a: Shaymin|0 fnt
|faint|p2a: Shaymin
|
|
|switch|p2a: Darmanitan|Darmanitan, M|306\/351
|-damage|p2a: Darmanitan|219\/351|[from] Stealth Rock
|turn|45
|-message|pokeblade101 forfeited.
|
|win|Sae
|raw|Ladder updating...
|leave|pokeblade101
|player|p2
|raw|Sae's rating: 1352 &rarr; <strong>1379<\/strong><br \/>(+27 for winning)
|raw|pokeblade101's rating: 1461 &rarr; <strong>1435<\/strong><br \/>(-26 for losing)