|join|HappyPierrot
|join|pokeblade101
|player|p1|HappyPierrot|238
|player|p2|pokeblade101|264
|gametype|singles
|gen|6
|tier|UU
|rated
|rule|Sleep Clause Mod: Limit one foe put to sleep
|rule|Species Clause: Limit one of each PokÃ©mon
|rule|OHKO Clause: OHKO moves are banned
|rule|Moody Clause: Moody is banned
|rule|Evasion Moves Clause: Evasion moves are banned
|rule|Endless Battle Clause: Forcing endless battles is banned
|rule|HP Percentage Mod: HP is shown in percentages
|clearpoke
|poke|p1|Bronzong
|poke|p1|Alomomola, M
|poke|p1|Altaria, F
|poke|p1|Hippowdon, F
|poke|p1|Crobat, F
|poke|p1|Staraptor, M
|poke|p2|Empoleon, M
|poke|p2|Umbreon, M, shiny
|poke|p2|Doublade, M, shiny
|poke|p2|Starmie, shiny
|poke|p2|Mienshao, M
|poke|p2|Lopunny, M
|rule|Swagger Clause: Swagger is banned
|rule|Baton Pass Clause: Limit one PokÃ©mon knowing Baton Pass
|teampreview
|
|start
|switch|p1a: Crobat|Crobat, F|374\/374
|switch|p2a: Starmie|Starmie, shiny|261\/261
|turn|1
|
|move|p2a: Starmie|Psyshock|p1a: Crobat
|-crit|p1a: Crobat
|-supereffective|p1a: Crobat
|-damage|p1a: Crobat|0 fnt
|faint|p1a: Crobat
|
|
|switch|p1a: Bronzong|Bronzong|338\/338
|turn|2
|
|switch|p2a: Empoleon|Empoleon, M|372\/372
|move|p1a: Bronzong|Gyro Ball|p2a: Empoleon
|-resisted|p2a: Empoleon
|-damage|p2a: Empoleon|362\/372
|
|-heal|p2a: Empoleon|372\/372|[from] item: Leftovers
|turn|3
|leave|pokeblade101
|player|p2
|join|pokeblade101
|player|p2|pokeblade101|264
|
|switch|p1a: Altaria|Altaria, F|292\/292
|move|p2a: Empoleon|Stealth Rock|p1a: Altaria
|-sidestart|p1: HappyPierrot|move: Stealth Rock
|
|turn|4
|
|detailschange|p1a: Altaria|Altaria-Mega, F
|message|Altaria has Mega Evolved into Mega Altaria!
|move|p1a: Altaria|Substitute|p1a: Altaria
|-start|p1a: Altaria|Substitute
|-damage|p1a: Altaria|219\/292
|move|p2a: Empoleon|Roar|p1a: Altaria
|drag|p1a: Hippowdon|Hippowdon, F|420\/420
|-damage|p1a: Hippowdon|394\/420|[from] Stealth Rock
|-weather|Sandstorm
|
|-weather|Sandstorm|[upkeep]
|-heal|p1a: Hippowdon|420\/420|[from] item: Leftovers
|turn|5
|
|move|p2a: Empoleon|Scald|p1a: Hippowdon
|-supereffective|p1a: Hippowdon
|-damage|p1a: Hippowdon|216\/420
|-status|p1a: Hippowdon|brn
|move|p1a: Hippowdon|Earthquake|p2a: Empoleon
|-supereffective|p2a: Empoleon
|-damage|p2a: Empoleon|262\/372
|
|-weather|Sandstorm|[upkeep]
|-heal|p2a: Empoleon|285\/372|[from] item: Leftovers
|-heal|p1a: Hippowdon|242\/420 brn|[from] item: Leftovers
|-damage|p1a: Hippowdon|190\/420 brn|[from] brn
|turn|6
|-message|HappyPierrot forfeited.
|leave|HappyPierrot
|
|win|pokeblade101
|raw|Ladder updating...
|player|p1
|raw|HappyPierrot's rating: 1375 &rarr; <strong>1354<\/strong><br \/>(-21 for losing)
|raw|pokeblade101's rating: 1352 &rarr; <strong>1373<\/strong><br \/>(+21 for winning)
|leave|pokeblade101
|player|p2
|join|pokeblade101