|join|pokeblade101
|join|michael 666
|player|p1|pokeblade101|163
|player|p2|michael 666|161
|gametype|singles
|gen|6
|tier|UU
|rated
|rule|Sleep Clause Mod: Limit one foe put to sleep
|rule|Species Clause: Limit one of each PokÃ©mon
|rule|OHKO Clause: OHKO moves are banned
|rule|Moody Clause: Moody is banned
|rule|Evasion Moves Clause: Evasion moves are banned
|rule|Endless Battle Clause: Forcing endless battles is banned
|rule|HP Percentage Mod: HP is shown in percentages
|clearpoke
|poke|p1|Gallade, M
|poke|p1|Zygarde
|poke|p1|Vaporeon, F
|poke|p1|Golbat, F
|poke|p1|Porygon2
|poke|p1|Cofagrigus, M
|poke|p2|Scrafty, F
|poke|p2|Donphan, F
|poke|p2|Vaporeon, M
|poke|p2|Darmanitan, F
|poke|p2|Crobat, M
|poke|p2|Sceptile, M
|rule|Swagger Clause: Swagger is banned
|rule|Baton Pass Clause: Limit one PokÃ©mon knowing Baton Pass
|teampreview
|
|start
|switch|p1a: Zygarde|Zygarde|358\/358
|switch|p2a: Crobat|Crobat, M|374\/374
|-ability|p1a: Zygarde|Aura Break
|turn|1
|
|switch|p1a: Porygon2|Porygon2|374\/374
|-ability|p1a: Porygon2|Infiltrator|[from] ability: Trace|[of] p2a: Crobat
|move|p2a: Crobat|Toxic|p1a: Porygon2
|-status|p1a: Porygon2|tox
|
|-damage|p1a: Porygon2|351\/374 tox|[from] psn
|turn|2
|
|switch|p2a: Vaporeon|Vaporeon, M|464\/464
|move|p1a: Porygon2|Thunder Wave|p2a: Vaporeon
|-status|p2a: Vaporeon|par
|
|-damage|p1a: Porygon2|305\/374 tox|[from] psn
|turn|3
|
|switch|p1a: Vaporeon|Vaporeon, F|464\/464
|cant|p2a: Vaporeon|par
|
|turn|4
|
|move|p1a: Vaporeon|Heal Bell|p1a: Vaporeon
|-cureteam|p1a: Vaporeon|[from] move: HealBell
|move|p2a: Vaporeon|Heal Bell|p2a: Vaporeon
|-cureteam|p2a: Vaporeon|[from] move: HealBell
|
|turn|5
|
|switch|p2a: Scrafty|Scrafty, F|334\/334
|move|p1a: Vaporeon|Scald|p2a: Scrafty
|-damage|p2a: Scrafty|256\/334
|-status|p2a: Scrafty|brn
|
|-heal|p2a: Scrafty|276\/334 brn|[from] item: Leftovers
|-damage|p2a: Scrafty|235\/334 brn|[from] brn
|turn|6
|
|switch|p1a: Gallade|Gallade, M|278\/278
|move|p2a: Scrafty|Knock Off|p1a: Gallade
|-damage|p1a: Gallade|227\/278
|
|-heal|p2a: Scrafty|255\/334 brn|[from] item: Leftovers
|-damage|p2a: Scrafty|214\/334 brn|[from] brn
|turn|7
|
|switch|p2a: Donphan|Donphan, F|384\/384
|detailschange|p1a: Gallade|Gallade-Mega, M
|message|Gallade has Mega Evolved into Mega Gallade!
|move|p1a: Gallade|Zen Headbutt|p2a: Donphan
|-damage|p2a: Donphan|272\/384
|
|-heal|p2a: Donphan|296\/384|[from] item: Leftovers
|turn|8
|
|switch|p1a: Golbat|Golbat, F|354\/354
|move|p2a: Donphan|Stealth Rock|p1a: Golbat
|-sidestart|p1: pokeblade101|move: Stealth Rock
|
|-heal|p2a: Donphan|320\/384|[from] item: Leftovers
|turn|9
|
|switch|p2a: Vaporeon|Vaporeon, M|464\/464
|move|p1a: Golbat|Defog|p2a: Vaporeon
|-unboost|p2a: Vaporeon|evasion|1
|-sideend|p1: pokeblade101|Stealth Rock|[from] move: Defog|[of] p1a: Golbat
|
|turn|10
|
|move|p1a: Golbat|Super Fang|p2a: Vaporeon
|-damage|p2a: Vaporeon|232\/464
|move|p2a: Vaporeon|Heal Bell|p2a: Vaporeon
|-cureteam|p2a: Vaporeon|[from] move: HealBell
|
|-heal|p2a: Vaporeon|261\/464|[from] item: Leftovers
|turn|11
|
|switch|p1a: Gallade|Gallade-Mega, M|227\/278
|move|p2a: Vaporeon|Wish|p2a: Vaporeon
|
|-heal|p2a: Vaporeon|290\/464|[from] item: Leftovers
|turn|12
|
|switch|p2a: Donphan|Donphan, F|320\/384
|move|p1a: Gallade|Swords Dance|p1a: Gallade
|-boost|p1a: Gallade|atk|2
|
|-heal|p2a: Donphan|384\/384|[from] move: Wish|[wisher] Vaporeon
|turn|13
|
|move|p1a: Gallade|Ice Punch|p2a: Donphan
|-supereffective|p2a: Donphan
|-damage|p2a: Donphan|126\/384
|move|p2a: Donphan|Earthquake|p1a: Gallade
|-damage|p1a: Gallade|86\/278
|
|-heal|p2a: Donphan|150\/384|[from] item: Leftovers
|turn|14
|
|move|p2a: Donphan|Ice Shard|p1a: Gallade
|-damage|p1a: Gallade|48\/278
|move|p1a: Gallade|Ice Punch|p2a: Donphan
|-supereffective|p2a: Donphan
|-damage|p2a: Donphan|0 fnt
|faint|p2a: Donphan
|
|
|switch|p2a: Crobat|Crobat, M|374\/374
|turn|15
|
|switch|p1a: Cofagrigus|Cofagrigus, M|320\/320
|move|p2a: Crobat|Brave Bird|p1a: Cofagrigus
|-damage|p1a: Cofagrigus|239\/320
|-endability|p2a: Crobat|infiltrator|[from] Mummy
|-ability|p2a: Crobat|Mummy|[from] Mummy
|-damage|p2a: Crobat|347\/374|[from] recoil|[of] p1a: Cofagrigus
|
|-heal|p2a: Crobat|370\/374|[from] item: Black Sludge
|-heal|p1a: Cofagrigus|259\/320|[from] item: Leftovers
|turn|16
|
|move|p2a: Crobat|Toxic|p1a: Cofagrigus
|-status|p1a: Cofagrigus|tox
|move|p1a: Cofagrigus|Will-O-Wisp|p2a: Crobat
|-status|p2a: Crobat|brn
|
|-heal|p2a: Crobat|374\/374 brn|[from] item: Black Sludge
|-heal|p1a: Cofagrigus|279\/320 tox|[from] item: Leftovers
|-damage|p2a: Crobat|328\/374 brn|[from] brn
|-damage|p1a: Cofagrigus|259\/320 tox|[from] psn
|turn|17
|
|switch|p2a: Vaporeon|Vaporeon, M|290\/464
|move|p1a: Cofagrigus|Shadow Ball|p2a: Vaporeon
|-damage|p2a: Vaporeon|221\/464
|
|-heal|p2a: Vaporeon|250\/464|[from] item: Leftovers
|-heal|p1a: Cofagrigus|279\/320 tox|[from] item: Leftovers
|-damage|p1a: Cofagrigus|239\/320 tox|[from] psn
|turn|18
|
|switch|p1a: Gallade|Gallade-Mega, M|48\/278
|move|p2a: Vaporeon|Scald|p1a: Gallade
|-damage|p1a: Gallade|0 fnt
|faint|p1a: Gallade
|
|-heal|p2a: Vaporeon|279\/464|[from] item: Leftovers
|
|switch|p1a: Golbat|Golbat, F|354\/354
|turn|19
|
|move|p1a: Golbat|Super Fang|p2a: Vaporeon
|-damage|p2a: Vaporeon|140\/464
|move|p2a: Vaporeon|Wish|p2a: Vaporeon
|
|-heal|p2a: Vaporeon|169\/464|[from] item: Leftovers
|turn|20
|
|move|p1a: Golbat|Toxic|p2a: Vaporeon
|-status|p2a: Vaporeon|tox
|move|p2a: Vaporeon|Heal Bell|p2a: Vaporeon
|-cureteam|p2a: Vaporeon|[from] move: HealBell
|
|-heal|p2a: Vaporeon|401\/464|[from] move: Wish|[wisher] Vaporeon
|-heal|p2a: Vaporeon|430\/464|[from] item: Leftovers
|turn|21
|
|switch|p1a: Porygon2|Porygon2|305\/374
|-ability|p1a: Porygon2|Water Absorb|[from] ability: Trace|[of] p2a: Vaporeon
|move|p2a: Vaporeon|Scald|p1a: Porygon2
|-heal|p1a: Porygon2|374\/374|[from] ability: Water Absorb|[of] p2a: Vaporeon
|
|-heal|p2a: Vaporeon|459\/464|[from] item: Leftovers
|turn|22
|
|move|p2a: Vaporeon|Protect|p2a: Vaporeon
|-singleturn|p2a: Vaporeon|Protect
|move|p1a: Porygon2|Tri Attack|p2a: Vaporeon
|-activate|p2a: Vaporeon|Protect
|
|-heal|p2a: Vaporeon|464\/464|[from] item: Leftovers
|turn|23
|
|move|p2a: Vaporeon|Wish|p2a: Vaporeon
|move|p1a: Porygon2|Thunder Wave|p2a: Vaporeon
|-status|p2a: Vaporeon|par
|
|turn|24
|
|switch|p2a: Scrafty|Scrafty, F|214\/334
|move|p1a: Porygon2|Tri Attack|p2a: Scrafty
|-damage|p2a: Scrafty|145\/334
|
|-heal|p2a: Scrafty|334\/334|[from] move: Wish|[wisher] Vaporeon
|turn|25
|
|switch|p1a: Cofagrigus|Cofagrigus, M|239\/320 tox
|move|p2a: Scrafty|Knock Off|p1a: Cofagrigus
|-supereffective|p1a: Cofagrigus
|-damage|p1a: Cofagrigus|89\/320 tox
|-endability|p2a: Scrafty|shedskin|[from] Mummy
|-ability|p2a: Scrafty|Mummy|[from] Mummy
|-enditem|p1a: Cofagrigus|Leftovers|[from] move: Knock Off|[of] p2a: Scrafty
|
|-damage|p1a: Cofagrigus|69\/320 tox|[from] psn
|turn|26
|
|move|p2a: Scrafty|Bulk Up|p2a: Scrafty
|-boost|p2a: Scrafty|atk|1
|-boost|p2a: Scrafty|def|1
|move|p1a: Cofagrigus|Will-O-Wisp|p2a: Scrafty
|-status|p2a: Scrafty|brn
|
|-damage|p2a: Scrafty|293\/334 brn|[from] brn
|-damage|p1a: Cofagrigus|29\/320 tox|[from] psn
|turn|27
|
|move|p2a: Scrafty|Bulk Up|p2a: Scrafty
|-boost|p2a: Scrafty|atk|1
|-boost|p2a: Scrafty|def|1
|move|p1a: Cofagrigus|Pain Split|p2a: Scrafty
|-sethp|p2a: Scrafty|161\/334 brn|p1a: Cofagrigus|161\/320 tox|[from] move: Pain Split
|
|-heal|p2a: Scrafty|181\/334 brn|[from] item: Leftovers
|-damage|p2a: Scrafty|140\/334 brn|[from] brn
|-damage|p1a: Cofagrigus|101\/320 tox|[from] psn
|turn|28
|
|switch|p1a: Zygarde|Zygarde|358\/358
|-ability|p1a: Zygarde|Aura Break
|move|p2a: Scrafty|Rest|p2a: Scrafty
|-status|p2a: Scrafty|slp
|-heal|p2a: Scrafty|334\/334 slp|[silent]
|-status|p2a: Scrafty|slp|[from] move: Rest
|
|turn|29
|
|move|p1a: Zygarde|Dragon Dance|p1a: Zygarde
|-boost|p1a: Zygarde|atk|1
|-boost|p1a: Zygarde|spe|1
|cant|p2a: Scrafty|slp
|
|turn|30
|
|move|p1a: Zygarde|Dragon Dance|p1a: Zygarde
|-boost|p1a: Zygarde|atk|1
|-boost|p1a: Zygarde|spe|1
|cant|p2a: Scrafty|slp
|
|turn|31
|
|move|p1a: Zygarde|Substitute|p1a: Zygarde
|-start|p1a: Zygarde|Substitute
|-damage|p1a: Zygarde|269\/358
|-curestatus|p2a: Scrafty|slp
|move|p2a: Scrafty|Drain Punch|p1a: Zygarde
|-end|p1a: Zygarde|Substitute
|
|-heal|p1a: Zygarde|291\/358|[from] item: Leftovers
|turn|32
|
|move|p1a: Zygarde|Earthquake|p2a: Scrafty
|-damage|p2a: Scrafty|201\/334
|move|p2a: Scrafty|Drain Punch|p1a: Zygarde
|-damage|p1a: Zygarde|137\/358
|-heal|p2a: Scrafty|278\/334|[from] drain|[of] p1a: Zygarde
|
|-heal|p1a: Zygarde|159\/358|[from] item: Leftovers
|-heal|p2a: Scrafty|298\/334|[from] item: Leftovers
|turn|33
|
|move|p1a: Zygarde|Earthquake|p2a: Scrafty
|-damage|p2a: Scrafty|156\/334
|move|p2a: Scrafty|Bulk Up|p2a: Scrafty
|-boost|p2a: Scrafty|atk|1
|-boost|p2a: Scrafty|def|1
|
|-heal|p1a: Zygarde|181\/358|[from] item: Leftovers
|-heal|p2a: Scrafty|176\/334|[from] item: Leftovers
|turn|34
|
|move|p1a: Zygarde|Earthquake|p2a: Scrafty
|-damage|p2a: Scrafty|59\/334
|move|p2a: Scrafty|Drain Punch|p1a: Zygarde
|-damage|p1a: Zygarde|0 fnt
|-heal|p2a: Scrafty|150\/334|[from] drain|[of] p1a: Zygarde
|faint|p1a: Zygarde
|
|-heal|p2a: Scrafty|170\/334|[from] item: Leftovers
|-message|pokeblade101 forfeited.
|
|win|michael 666
|raw|Ladder updating...
|leave|pokeblade101
|player|p1