|join|SacredGengar
|join|pokeblade101
|join|ZacharyJP
|join|ferocia
|join|feederzop
|join|txk
|join|Verrios
|join|ChoiceBird
|join|orastesting
|join|Nathanm119
|join|RedMolgera
|join|HaqM123
|join|Speeedmo
|c| Verrios|glhf
|join|PlayerII
|join|wafulet
|join|Virginia = Virgin
|c| ferocia|Go pokeblade101
|c| ZacharyJP|First :D
|player|p1|SacredGengar|126
|player|p2|pokeblade101|163
|gametype|singles
|gen|6
|tier|UU
|rule|Sleep Clause Mod: Limit one foe put to sleep
|rule|Species Clause: Limit one of each PokÃ©mon
|rule|OHKO Clause: OHKO moves are banned
|rule|Moody Clause: Moody is banned
|rule|Evasion Moves Clause: Evasion moves are banned
|rule|Endless Battle Clause: Forcing endless battles is banned
|rule|HP Percentage Mod: HP is shown in percentages
|clearpoke
|poke|p1|Shedinja
|poke|p1|Aggron, F
|poke|p1|Tentacruel, F
|poke|p1|Aromatisse, M
|poke|p1|Xatu, F
|poke|p1|Snorlax, M
|poke|p2|Cresselia, F
|poke|p2|Ampharos, F
|poke|p2|Hippowdon, M
|poke|p2|Florges, F
|poke|p2|Suicune
|poke|p2|Crobat, F
|rule|Swagger Clause: Swagger is banned
|rule|Baton Pass Clause: Limit one PokÃ©mon knowing Baton Pass
|teampreview
|join|ZHT
|c|âSacredGengar|gl
|join|Thibburdd
|c| Nathanm119|gooo gengar
|join|kjd919
|join|DARMANITAN ROX
|c| Verrios|this will be a good battle
|c| wafulet|lol
|join|Sambo
|
|start
|switch|p1a: Tentacruel|Tentacruel, F|364\/364
|switch|p2a: Ampharos|Ampharos, F|384\/384
|turn|1
|join|Jacobio
|c| wafulet|hippo laugh at shedinja
|join|arceus3
|join|Kubone
|c| DARMANITAN ROX|tht shedinja
|join|jigjag
|join|advance4life
|c| HaqM123|GL ALL
|
|switch|p1a: Snorlax|Snorlax, M|497\/497
|detailschange|p2a: Ampharos|Ampharos-Mega, F
|-mega|p2a: Ampharos|Ampharos|Ampharosite
|-ability|p2a: Ampharos|Mold Breaker
|move|p2a: Ampharos|Volt Switch|p1a: Snorlax
|-damage|p1a: Snorlax|374\/497
|c|âpokeblade101|Crap shedninja
|c| ChoiceBird|Its safety goggles
|c| wafulet|he must kill hippo
|join|PokeUniversity
|c| orastesting|mfw another five things threaten shedinja
|join|Farfetchite
|
|switch|p2a: Hippowdon|Hippowdon, M|419\/419
|-weather|Sandstorm
|
|-weather|Sandstorm|[upkeep]
|-damage|p1a: Snorlax|343\/497|[from] sandstorm
|-heal|p1a: Snorlax|374\/497|[from] item: Leftovers
|turn|2
|c| wafulet|sands storm is enough
|c| ZHT|whats the next tourney after this
|join|Uberbully
|c| RedMolgera|Gen 4 OU
|join|Orei
|c|âSacredGengar|sweep?
|join|LionDKaiser1
|c| ferocia|Yupp
|c| wafulet|but i think it has goggles
|c| Verrios|gen 4 ou? crap lol
|join|Oddnat
|c| RedMolgera|Gen 4 OU after this?
|leave|PokeUniversity
|
|switch|p2a: Ampharos|Ampharos-Mega, F|384\/384
|-ability|p2a: Ampharos|Mold Breaker
|move|p1a: Snorlax|Curse|p1a: Snorlax
|-boost|p1a: Snorlax|atk|1
|-boost|p1a: Snorlax|def|1
|-unboost|p1a: Snorlax|spe|1
|
|-weather|Sandstorm|[upkeep]
|-damage|p2a: Ampharos|360\/384|[from] sandstorm
|-damage|p1a: Snorlax|343\/497|[from] sandstorm
|-heal|p1a: Snorlax|374\/497|[from] item: Leftovers
|turn|3
|join|NehemiahTho
|c| ZHT|again we already did that
|c| wafulet|sweep!
|c| orastesting|dat focus blast
|c| wafulet|lawl
|c| ChoiceBird|Did you see how much nidoqueen did?
|join|The Grim Sylveon
|c|âSacredGengar|but high chance of missing\
|join|ConDohr
|c|âSacredGengar|also non stab
|c|âSacredGengar|:]
|c| RedMolgera|Yep.
|join|SeeMyNameAndEat
|c| wafulet|but it can crit
|
|move|p2a: Ampharos|Focus Blast|p1a: Snorlax
|-supereffective|p1a: Snorlax
|-damage|p1a: Snorlax|88\/497
|move|p1a: Snorlax|Body Slam|p2a: Ampharos
|-damage|p2a: Ampharos|210\/384
|
|-weather|Sandstorm|[upkeep]
|-damage|p2a: Ampharos|186\/384|[from] sandstorm
|-damage|p1a: Snorlax|57\/497|[from] sandstorm
|-heal|p1a: Snorlax|88\/497|[from] item: Leftovers
|turn|4
|c| wafulet|lol
|c| orastesting|rekt
|c|âSacredGengar|o nice
|c| wafulet|rekt it apmy
|join|sangi2012
|join|chavez123
|c| ChoiceBird|Specs mega ampharos
|c| wafulet|volta switcha!
|
|switch|p1a: Aromatisse|Aromatisse, M|406\/406
|move|p2a: Ampharos|Volt Switch|p1a: Aromatisse
|-damage|p1a: Aromatisse|231\/406
|leave|arceus3
|join|purpledragonite
|join|Dinactfy
|
|switch|p2a: Crobat|Crobat, F|374\/374
|
|-weather|Sandstorm|[upkeep]
|-damage|p2a: Crobat|351\/374|[from] sandstorm
|-damage|p1a: Aromatisse|206\/406|[from] sandstorm
|-heal|p2a: Crobat|374\/374|[from] item: Black Sludge
|-heal|p1a: Aromatisse|231\/406|[from] item: Leftovers
|turn|5
|c| orastesting|that sexy af base 165 spa
|join|Mudkipfan1
|c| orastesting|all it needs is draco meteor
|leave|advance4life
|leave|sangi2012
|c|âSacredGengar|it be ou then
|c| wafulet|aromatisse wing's on her butt
|leave|chavez123
|c| ferocia|nice
|c| Dinactfy|xD
|join|TheObsessed
|c| orastesting|it wont be ou with that speed
|join|joaoruben
|
|switch|p1a: Xatu|Xatu, F|333\/333
|move|p2a: Crobat|Brave Bird|p1a: Xatu
|-crit|p1a: Xatu
|-damage|p1a: Xatu|162\/333
|-damage|p2a: Crobat|312\/374|[from] item: Rocky Helmet|[of] p1a: Xatu
|-damage|p2a: Crobat|256\/374|[from] recoil|[of] p1a: Xatu
|
|-weather|none
|-heal|p2a: Crobat|279\/374|[from] item: Black Sludge
|turn|6
|c| wafulet|lawl
|join|Ariox64
|c|âSacredGengar|but stradegys
|c| wafulet|max hp and def!
|c| wafulet|knew it
|c|âSacredGengar|like baton pass
|leave|TheObsessed
|c| Mudkipfan1|going for pokeblade101
|leave|Ariox64
|
|switch|p2a: Cresselia|Cresselia, F|444\/444
|move|p1a: Xatu|Roost|p1a: Xatu
|-heal|p1a: Xatu|329\/333
|
|turn|7
|leave|SeeMyNameAndEat
|
|move|p1a: Xatu|Toxic|p2a: Cresselia
|-status|p2a: Cresselia|tox
|move|p2a: Cresselia|Calm Mind|p2a: Cresselia
|-boost|p2a: Cresselia|spa|1
|-boost|p2a: Cresselia|spd|1
|
|-damage|p2a: Cresselia|417\/444 tox|[from] psn
|turn|8
|c| Dinactfy|Lol for some reason I thought Cresselia was in OU
|c| orastesting|dat rest?
|c|âSacredGengar|ru.
|
|switch|p1a: ()|Shedinja|1\/1
|move|p2a: Cresselia|Moonblast|p1a: ()
|-activate|p1a: ()|ability: Wonder Guard
|
|-heal|p2a: Cresselia|444\/444 tox|[from] item: Leftovers
|-damage|p2a: Cresselia|390\/444 tox|[from] psn
|turn|9
|c|âpokeblade101|Rest ftw
|
|switch|p2a: Hippowdon|Hippowdon, M|419\/419
|-weather|Sandstorm
|switch|p1a: Tentacruel|Tentacruel, F|364\/364
|
|-weather|Sandstorm|[upkeep]
|-damage|p1a: Tentacruel|342\/364|[from] sandstorm
|-heal|p1a: Tentacruel|364\/364|[from] item: Black Sludge
|turn|10
|c| wafulet|wow
|
|move|p1a: Tentacruel|Toxic Spikes|p2a: Hippowdon
|-sidestart|p2: pokeblade101|move: Toxic Spikes
|move|p2a: Hippowdon|Earthquake|p1a: Tentacruel
|-supereffective|p1a: Tentacruel
|-damage|p1a: Tentacruel|106\/364
|
|-weather|Sandstorm|[upkeep]
|-damage|p1a: Tentacruel|84\/364|[from] sandstorm
|-heal|p1a: Tentacruel|106\/364|[from] item: Black Sludge
|turn|11
|join|juseme
|c| orastesting|crobat most likely has defog
|leave|juseme
|leave|ZHT
|
|switch|p1a: Xatu|Xatu, F|329\/333
|move|p2a: Hippowdon|Earthquake|p1a: Xatu
|-immune|p1a: Xatu|[msg]
|
|-weather|Sandstorm|[upkeep]
|-damage|p1a: Xatu|309\/333|[from] sandstorm
|turn|12
|
|switch|p2a: Florges|Florges, F|360\/360
|-status|p2a: Florges|psn
|move|p1a: Xatu|Night Shade|p2a: Florges
|-damage|p2a: Florges|260\/360 psn
|
|-weather|Sandstorm|[upkeep]
|-damage|p1a: Xatu|289\/333|[from] sandstorm
|-damage|p2a: Florges|238\/360 psn|[from] sandstorm
|-heal|p2a: Florges|260\/360 psn|[from] item: Leftovers
|-damage|p2a: Florges|215\/360 psn|[from] psn
|turn|13
|c| orastesting|hippo would be so much bulkier if his tying was rock
|
|switch|p1a: Aggron|Aggron, F|344\/344
|move|p2a: Florges|Aromatherapy|p2a: Florges
|-cureteam|p2a: Florges|[from] move: Aromatherapy
|
|-weather|none
|-heal|p2a: Florges|237\/360|[from] item: Leftovers
|turn|14
|
|switch|p2a: Crobat|Crobat, F|279\/374
|detailschange|p1a: Aggron|Aggron-Mega, F
|-mega|p1a: Aggron|Aggron|Aggronite
|move|p1a: Aggron|Roar|p2a: Crobat
|drag|p2a: Florges|Florges, F|237\/360
|-status|p2a: Florges|psn
|
|-heal|p2a: Florges|259\/360 psn|[from] item: Leftovers
|-damage|p2a: Florges|214\/360 psn|[from] psn
|turn|15
|leave|joaoruben
|join|joaoruben
|join|nandoPT
|join|The Good Kush
|
|switch|p2a: Crobat|Crobat, F|279\/374
|move|p1a: Aggron|Roar|p2a: Crobat
|drag|p2a: Hippowdon|Hippowdon, M|419\/419
|-status|p2a: Hippowdon|psn
|-weather|Sandstorm
|
|-weather|Sandstorm|[upkeep]
|-damage|p2a: Hippowdon|367\/419 psn|[from] psn
|turn|16
|c|âpokeblade101|U have to be kidding me
|c| Dinactfy|LOl
|join|jac1802
|c| Nathanm119|lets go gengar
|c|âpokeblade101|Crap misclick
|c| wafulet|XD
|
|move|p1a: Aggron|Stealth Rock|p2a: Hippowdon
|-sidestart|p2: pokeblade101|move: Stealth Rock
|move|p2a: Hippowdon|Stealth Rock|p1a: Aggron
|-sidestart|p1: SacredGengar|move: Stealth Rock
|
|-weather|Sandstorm|[upkeep]
|-damage|p2a: Hippowdon|315\/419 psn|[from] psn
|turn|17
|c| Dinactfy|xD
|c|âSacredGengar|damn i cancled
|join|bigshags
|join|slipster
|c|âSacredGengar|oh well. what are even good plays
|c| Mudkipfan1|You can do it pokeblade
|c|âpokeblade101|Lol
|join|catterpie
|c| Mudkipfan1|Its so epic
|
|switch|p2a: Cresselia|Cresselia, F|390\/444
|-damage|p2a: Cresselia|335\/444|[from] Stealth Rock
|move|p1a: Aggron|Roar|p2a: Cresselia
|drag|p2a: Hippowdon|Hippowdon, M|315\/419 psn
|-damage|p2a: Hippowdon|289\/419 psn|[from] Stealth Rock
|
|-weather|Sandstorm|[upkeep]
|-damage|p2a: Hippowdon|237\/419 psn|[from] psn
|turn|18
|join|Thundersz
|c|âSacredGengar|k3k
|c| jac1802|oh mah gawsh... so loooooooooooong
|c|âSacredGengar|4 lyfe
|join|TheKittenSays
|c|âpokeblade101|Nah sheninja
|c|âpokeblade101|Shedninja
|
|move|p2a: Hippowdon|Slack Off|p2a: Hippowdon
|-heal|p2a: Hippowdon|419\/419 psn
|move|p1a: Aggron|Roar|p2a: Hippowdon
|drag|p2a: Ampharos|Ampharos-Mega, F|186\/384
|-status|p2a: Ampharos|psn
|-damage|p2a: Ampharos|138\/384 psn|[from] Stealth Rock
|-ability|p2a: Ampharos|Mold Breaker
|
|-weather|Sandstorm|[upkeep]
|-damage|p2a: Ampharos|114\/384 psn|[from] sandstorm
|-damage|p2a: Ampharos|66\/384 psn|[from] psn
|turn|19
|c| wafulet|lawl
|c| orastesting|cya
|join|FallenAngels17
|c|âSacredGengar|nice
|
|move|p1a: Aggron|Heavy Slam|p2a: Ampharos
|-resisted|p2a: Ampharos
|-damage|p2a: Ampharos|0 fnt
|faint|p2a: Ampharos
|
|-weather|none
|c|âSacredGengar|wow
|c|âSacredGengar|k.
|c| Mudkipfan1|I don't think pokeblade is going to win
|
|switch|p2a: Crobat|Crobat, F|279\/374
|-damage|p2a: Crobat|186\/374|[from] Stealth Rock
|turn|20
|c|âpokeblade101|Nah couldnt do crap
|leave|DARMANITAN ROX
|join|dono123
|c| orastesting|defog ;c
|
|move|p2a: Crobat|Defog|p1a: Aggron
|-unboost|p1a: Aggron|evasion|1
|-sideend|p1: SacredGengar|Stealth Rock|[from] move: Defog|[of] p1a: Aggron
|-sideend|p2: pokeblade101|Toxic Spikes|[from] move: Defog|[of] p2a: Crobat
|-sideend|p2: pokeblade101|Stealth Rock|[from] move: Defog|[of] p2a: Crobat
|move|p1a: Aggron|Stealth Rock|p2a: Crobat
|-sidestart|p2: pokeblade101|move: Stealth Rock
|
|-heal|p2a: Crobat|209\/374|[from] item: Black Sludge
|turn|21
|join|liverisalive
|join|Gammy
|
|move|p2a: Crobat|Defog|p1a: Aggron
|-unboost|p1a: Aggron|evasion|1
|-sideend|p2: pokeblade101|Stealth Rock|[from] move: Defog|[of] p2a: Crobat
|move|p1a: Aggron|Earthquake|p2a: Crobat
|-immune|p2a: Crobat|[msg]
|
|-heal|p2a: Crobat|232\/374|[from] item: Black Sludge
|turn|22
|c| orastesting|nice
|leave|Gammy
|c|âpokeblade101|Amp was so good against his team
|
|move|p2a: Crobat|Roost|p2a: Crobat
|-heal|p2a: Crobat|374\/374
|move|p1a: Aggron|Earthquake|p2a: Crobat
|-supereffective|p2a: Crobat
|-damage|p2a: Crobat|136\/374
|
|-heal|p2a: Crobat|159\/374|[from] item: Black Sludge
|turn|23
|c| wafulet|but
|c| wafulet|hes gone
|
|move|p2a: Crobat|Roost|p2a: Crobat
|-heal|p2a: Crobat|346\/374
|move|p1a: Aggron|Stealth Rock|p2a: Crobat
|-sidestart|p2: pokeblade101|move: Stealth Rock
|
|-heal|p2a: Crobat|369\/374|[from] item: Black Sludge
|turn|24
|leave|NehemiahTho
|
|move|p2a: Crobat|Defog|p1a: Aggron
|-unboost|p1a: Aggron|evasion|1
|-sideend|p2: pokeblade101|Stealth Rock|[from] move: Defog|[of] p2a: Crobat
|move|p1a: Aggron|Heavy Slam|p2a: Crobat
|-damage|p2a: Crobat|120\/374
|
|-heal|p2a: Crobat|143\/374|[from] item: Black Sludge
|turn|25
|c| Mudkipfan1|I'm sill going for you pokeblade
|c|âpokeblade101|What
|c|âSacredGengar|im a heavy mofo
|c|âpokeblade101|That did so much
|c|âSacredGengar|tbh
|join|lucarave
|c|âpokeblade101|Ik
|join|PinkRosa
|leave|The Good Kush
|join|juseme
|c| liverisalive|it probably factors in trainer weight hahah
|c|âpokeblade101|But usually heavy slam does 48%
|
|move|p2a: Crobat|U-turn|p1a: Aggron
|-resisted|p1a: Aggron
|-damage|p1a: Aggron|332\/344
|c|âpokeblade101|So ur max attack
|leave|juseme
|c|âSacredGengar|no.
|c| orastesting|395kg lmao
|
|switch|p2a: Suicune|Suicune|404\/404
|-ability|p2a: Suicune|Pressure
|move|p1a: Aggron|Roar|p2a: Suicune
|drag|p2a: Crobat|Crobat, F|143\/374
|
|-heal|p2a: Crobat|166\/374|[from] item: Black Sludge
|turn|26
|c| Nathanm119|lol
|c| orastesting|wtf
|c|âSacredGengar|just checked
|c|âSacredGengar|16evs
|c| orastesting|crobat is 75kg
|c|âSacredGengar|for atk
|leave|lucarave
|c| orastesting|i thought it was like 10kg
|c|âpokeblade101|And 30 of those and hes dead
|c| Sambo|crobat is fat as fuck
|
|move|p2a: Crobat|U-turn|p1a: Aggron
|-resisted|p1a: Aggron
|-damage|p1a: Aggron|319\/344
|join|NehemiahTho
|
|switch|p2a: Suicune|Suicune|404\/404
|-ability|p2a: Suicune|Pressure
|move|p1a: Aggron|Stealth Rock|p2a: Suicune
|-sidestart|p2: pokeblade101|move: Stealth Rock
|
|turn|27
|c| Mudkipfan1|you an do it pokeblade just use a status affect if you have any
|c|âpokeblade101|If i had it
|
|move|p2a: Suicune|Scald|p1a: Aggron
|-damage|p1a: Aggron|252\/344
|move|p1a: Aggron|Roar|p2a: Suicune
|drag|p2a: Cresselia|Cresselia, F|335\/444
|-damage|p2a: Cresselia|280\/444|[from] Stealth Rock
|
|-heal|p2a: Cresselia|307\/444|[from] item: Leftovers
|turn|28
|c| orastesting|its a good thing that shedinja walls suicune
|c| orastesting|and cresselia
|c|âSacredGengar|ya
|
|move|p2a: Cresselia|Moonblast|p1a: Aggron
|-resisted|p1a: Aggron
|-damage|p1a: Aggron|220\/344
|-unboost|p1a: Aggron|spa|1
|move|p1a: Aggron|Roar|p2a: Cresselia
|drag|p2a: Hippowdon|Hippowdon, M|419\/419 psn
|-damage|p2a: Hippowdon|393\/419 psn|[from] Stealth Rock
|-weather|Sandstorm
|
|-weather|Sandstorm|[upkeep]
|-damage|p2a: Hippowdon|341\/419 psn|[from] psn
|turn|29
|c|âSacredGengar|reason i have it
|c|âSacredGengar|tbh
|join|Megazard Z
|c|âpokeblade101|But ampharos was the big thing to beat his team
|c| orastesting|^
|join|yanderp20
|leave|Megazard Z
|c| yanderp20|FLORGES
|c| yanderp20|IS
|c| wafulet|so forfeit now
|c| yanderp20|STUPID
|c|âSacredGengar|k3k
|c| orastesting|and you sacked it
|c| ChoiceBird|Wait where did ampharos vanish to?
|c| wafulet|.\/forfeit
|
|move|p2a: Hippowdon|Earthquake|p1a: Aggron
|-supereffective|p1a: Aggron
|-damage|p1a: Aggron|130\/344
|move|p1a: Aggron|Roar|p2a: Hippowdon
|drag|p2a: Cresselia|Cresselia, F|307\/444
|-damage|p2a: Cresselia|252\/444|[from] Stealth Rock
|
|-weather|Sandstorm|[upkeep]
|-damage|p2a: Cresselia|225\/444|[from] sandstorm
|-heal|p2a: Cresselia|252\/444|[from] item: Leftovers
|turn|30
|c| yanderp20|FLORGES IS FUCKING STUPID
|c|âpokeblade101|He roard my amp and now its useless
|leave|Verrios
|
|switch|p1a: Aromatisse|Aromatisse, M|231\/406
|move|p2a: Cresselia|Moonblast|p1a: Aromatisse
|-damage|p1a: Aromatisse|140\/406
|-unboost|p1a: Aromatisse|spa|1
|
|-weather|Sandstorm|[upkeep]
|-damage|p2a: Cresselia|225\/444|[from] sandstorm
|-damage|p1a: Aromatisse|115\/406|[from] sandstorm
|-heal|p2a: Cresselia|252\/444|[from] item: Leftovers
|-heal|p1a: Aromatisse|140\/406|[from] item: Leftovers
|turn|31
|c|âSacredGengar|no aggron outsped
|c| Sambo|use a revive
|c| Sambo|idiot
|c|âSacredGengar|and killed
|c|âSacredGengar|tbh
|join|GreatExpectations
|
|move|p2a: Cresselia|Calm Mind|p2a: Cresselia
|-boost|p2a: Cresselia|spa|1
|-boost|p2a: Cresselia|spd|1
|move|p1a: Aromatisse|Wish|p1a: Aromatisse
|
|-weather|Sandstorm|[upkeep]
|-damage|p2a: Cresselia|225\/444|[from] sandstorm
|-damage|p1a: Aromatisse|115\/406|[from] sandstorm
|-heal|p2a: Cresselia|252\/444|[from] item: Leftovers
|-heal|p1a: Aromatisse|140\/406|[from] item: Leftovers
|turn|32
|c| ChoiceBird|Revival herb
|c| wafulet|ok
|c|âSacredGengar|gg i guess
|join|juseme
|c| Dinactfy|*French voice*  Three hours later
|leave|Mudkipfan1
|c|âSacredGengar|cause aggron
|
|switch|p1a: Aggron|Aggron-Mega, F|130\/344
|move|p2a: Cresselia|Psyshock|p1a: Aggron
|-resisted|p1a: Aggron
|-damage|p1a: Aggron|95\/344
|
|-weather|none
|-heal|p1a: Aggron|298\/344|[from] move: Wish|[wisher] Aromatisse
|-heal|p2a: Cresselia|279\/444|[from] item: Leftovers
|turn|33
|c|âSacredGengar|...
|c| wafulet|cresselia
|c| jac1802|spoiler: it is gg
|leave|juseme
|c| wafulet|lol
|c| ChoiceBird|Sacred gengar your aggron destroys your team lol
|leave|TheKittenSays
|c|âSacredGengar|ikr
|c|âSacredGengar|my own counter
|c|âSacredGengar|for ditto
|c|âSacredGengar|i love loseing
|join|Gammy
|c| ChoiceBird|Pokeblade101 use master ball m8
|c|âpokeblade101|I just noticed
|c|âSacredGengar|jk
|c| orastesting|ill never see mega aggron the same way again
|c|âSacredGengar|xatu walls it
|c| wafulet|trade your pokes!
|c|âpokeblade101|I always wanted to use aggron
|c| ChoiceBird|Heavy slam tho
|c|âpokeblade101|But never got a chance to do that
|
|move|p2a: Cresselia|Moonblast|p1a: Aggron
|-resisted|p1a: Aggron
|-damage|p1a: Aggron|249\/344
|move|p1a: Aggron|Roar|p2a: Cresselia
|drag|p2a: Florges|Florges, F|214\/360 psn
|-damage|p2a: Florges|169\/360 psn|[from] Stealth Rock
|
|-heal|p2a: Florges|191\/360 psn|[from] item: Leftovers
|-damage|p2a: Florges|146\/360 psn|[from] psn
|turn|34
|leave|Gammy
|join|DLSPOkeFreak
|c| wafulet|pokeblade trade 1 of your poke to gengar
|c|âSacredGengar|k3k
|leave|Speeedmo
|c|âSacredGengar|do et
|join|PokeUniversity
|join|Ezio
|
|move|p2a: Florges|Wish|p2a: Florges
|move|p1a: Aggron|Heavy Slam|p2a: Florges
|-crit|p2a: Florges
|-supereffective|p2a: Florges
|-damage|p2a: Florges|0 fnt
|faint|p2a: Florges
|
|join|Speeedmo
|leave|PokeUniversity
|leave|The Grim Sylveon
|c| orastesting|crit mattered
|c|âSacredGengar|should of aromatherapied
|c| Nathanm119|spell it right
|c| Sambo|i demand a rematch
|c|âpokeblade101|At least i got four points
|c|âSacredGengar|ya tru
|join|MisterUnknown
|leave|Thundersz
|join|G0bbo
|c| Sambo|gengar cheated by being better
|join|dman1455
|c|âSacredGengar|i wonder if i can 6-0
|c| jac1802|spoiler: this was over after ampharos went down
|
|switch|p2a: Crobat|Crobat, F|166\/374
|-damage|p2a: Crobat|73\/374|[from] Stealth Rock
|turn|35
|c|âSacredGengar|ive already go t so many
|c| Nathanm119|forfeit please lol
|
|move|p2a: Crobat|Roost|p2a: Crobat
|-heal|p2a: Crobat|260\/374
|move|p1a: Aggron|Roar|p2a: Crobat
|drag|p2a: Hippowdon|Hippowdon, M|341\/419 psn
|-damage|p2a: Hippowdon|315\/419 psn|[from] Stealth Rock
|-weather|Sandstorm
|
|-weather|Sandstorm|[upkeep]
|-heal|p2a: Hippowdon|419\/419 psn|[from] move: Wish|[wisher] Florges
|-damage|p2a: Hippowdon|367\/419 psn|[from] psn
|turn|36
|c| yanderp20|spoiler: WAFFLES ARE TASTY
|leave|FallenAngels17
|c| jigjag|What do points do?
|leave|MisterUnknown
|join|sirpekoman
|c|âSacredGengar|nothintg
|c| yanderp20|stuff
|
|move|p2a: Hippowdon|Earthquake|p1a: Aggron
|-supereffective|p1a: Aggron
|-damage|p1a: Aggron|158\/344
|move|p1a: Aggron|Roar|p2a: Hippowdon
|drag|p2a: Suicune|Suicune|404\/404
|-damage|p2a: Suicune|354\/404|[from] Stealth Rock
|-ability|p2a: Suicune|Pressure
|
|-weather|Sandstorm|[upkeep]
|-damage|p2a: Suicune|329\/404|[from] sandstorm
|-heal|p2a: Suicune|354\/404|[from] item: Leftovers
|turn|37
|c|âSacredGengar|;D
|c| yanderp20|bragging rights really
|c| Sambo|if you collect 5000 you can get an easy bake oven
|c| Nathanm119|spoiler: no one cares
|c| Virginia = Virgin|if you get enough you can buy a car with them
|join|juseme
|join|The Grim Sylveon
|join|verdi1
|
|move|p2a: Suicune|Scald|p1a: Aggron
|-damage|p1a: Aggron|82\/344
|-status|p1a: Aggron|brn
|move|p1a: Aggron|Roar|p2a: Suicune
|drag|p2a: Hippowdon|Hippowdon, M|367\/419 psn
|-damage|p2a: Hippowdon|341\/419 psn|[from] Stealth Rock
|
|-weather|Sandstorm|[upkeep]
|-damage|p1a: Aggron|39\/344 brn|[from] brn
|-damage|p2a: Hippowdon|289\/419 psn|[from] psn
|turn|38
|leave|juseme
|c| wafulet|rekt
|join|After Hours
|leave|Uberbully
|c|âSacredGengar|i got plans
|c| Dinactfy|A wild Suicune has apeared.  HOLY CRAP IT DOESNT USE ROAR? Oh the other one used roar seems legit
|c|âSacredGengar|kids
|
|switch|p1a: Tentacruel|Tentacruel, F|106\/364
|move|p2a: Hippowdon|Slack Off|p2a: Hippowdon
|-heal|p2a: Hippowdon|419\/419 psn
|
|-weather|Sandstorm|[upkeep]
|-damage|p1a: Tentacruel|84\/364|[from] sandstorm
|-heal|p1a: Tentacruel|106\/364|[from] item: Black Sludge
|-damage|p2a: Hippowdon|367\/419 psn|[from] psn
|turn|39
|
|switch|p2a: Crobat|Crobat, F|260\/374
|-damage|p2a: Crobat|167\/374|[from] Stealth Rock
|move|p1a: Tentacruel|Scald|p2a: Crobat
|-damage|p2a: Crobat|73\/374
|
|-weather|none
|-heal|p2a: Crobat|96\/374|[from] item: Black Sludge
|-heal|p1a: Tentacruel|128\/364|[from] item: Black Sludge
|turn|40
|join|FallenAngels17
|c| jac1802|\/me falls asleep
|join|Chandelure M Bing
|
|switch|p1a: Snorlax|Snorlax, M|88\/497
|move|p2a: Crobat|Roost|p2a: Crobat
|-heal|p2a: Crobat|283\/374
|
|-heal|p2a: Crobat|306\/374|[from] item: Black Sludge
|-heal|p1a: Snorlax|119\/497|[from] item: Leftovers
|turn|41
|c| Dinactfy|xD
|c| NehemiahTho|FORFEIT!!!!!!!!!!!
|leave|slipster
|
|move|p2a: Crobat|Brave Bird|p1a: Snorlax
|-damage|p1a: Snorlax|0 fnt
|-damage|p2a: Crobat|267\/374|[from] recoil|[of] p1a: Snorlax
|faint|p1a: Snorlax
|
|-heal|p2a: Crobat|290\/374|[from] item: Black Sludge
|join|slipster
|c| jac1802|\/me wakes up
|c| orastesting|rip 6-0
|c| Virginia = Virgin|pokeblade isn't in too bad of a position
|c| jac1802|wait one of his got ko'd
|
|switch|p1a: Aromatisse|Aromatisse, M|140\/406
|turn|42
|
|move|p1a: Aromatisse|Protect|p1a: Aromatisse
|-singleturn|p1a: Aromatisse|Protect
|move|p2a: Crobat|Brave Bird|p1a: Aromatisse
|-activate|p1a: Aromatisse|Protect
|
|-heal|p2a: Crobat|313\/374|[from] item: Black Sludge
|-heal|p1a: Aromatisse|165\/406|[from] item: Leftovers
|turn|43
|join|Ariox64
|join|Mudkipfan1
|
|move|p2a: Crobat|Brave Bird|p1a: Aromatisse
|-damage|p1a: Aromatisse|59\/406
|-damage|p2a: Crobat|278\/374|[from] recoil|[of] p1a: Aromatisse
|move|p1a: Aromatisse|Wish|p1a: Aromatisse
|
|-heal|p2a: Crobat|301\/374|[from] item: Black Sludge
|-heal|p1a: Aromatisse|84\/406|[from] item: Leftovers
|turn|44
|c| NehemiahTho|god damn 5 hours later
|join|Elite 4 JasJosh
|
|move|p1a: Aromatisse|Protect|p1a: Aromatisse
|-singleturn|p1a: Aromatisse|Protect
|move|p2a: Crobat|Defog|p1a: Aromatisse
|-activate|p1a: Aromatisse|Protect
|
|-heal|p1a: Aromatisse|287\/406|[from] move: Wish|[wisher] Aromatisse
|-heal|p2a: Crobat|324\/374|[from] item: Black Sludge
|-heal|p1a: Aromatisse|312\/406|[from] item: Leftovers
|turn|45
|c| ZacharyJP|you should ru Cross Poison
|c|âSacredGengar|atleast it isnt 100+turns
|leave|Ariox64
|leave|shyhorn
|c| ZacharyJP|run*
|join|Sorus5
|c| orastesting|it will be
|
|move|p2a: Crobat|Defog|p1a: Aromatisse
|-unboost|p1a: Aromatisse|evasion|1
|-sideend|p2: pokeblade101|Stealth Rock|[from] move: Defog|[of] p2a: Crobat
|move|p1a: Aromatisse|Aromatherapy|p1a: Aromatisse
|-cureteam|p1a: Aromatisse|[from] move: Aromatherapy
|
|-heal|p2a: Crobat|347\/374|[from] item: Black Sludge
|-heal|p1a: Aromatisse|337\/406|[from] item: Leftovers
|turn|46
|
|move|p2a: Crobat|U-turn|p1a: Aromatisse
|-resisted|p1a: Aromatisse
|-damage|p1a: Aromatisse|315\/406
|join|sangi2012
|leave|PinkRosa
|leave|sangi2012
|c| Chandelure M Bing|why u no run cross poison\/
|
|switch|p2a: Suicune|Suicune|354\/404
|-ability|p2a: Suicune|Pressure
|move|p1a: Aromatisse|Wish|p1a: Aromatisse
|
|-heal|p2a: Suicune|379\/404|[from] item: Leftovers
|-heal|p1a: Aromatisse|340\/406|[from] item: Leftovers
|turn|47
|c| jac1802|\/me hears narrator say 20 hours later...
|leave|jigjag
|
|switch|p1a: Tentacruel|Tentacruel, F|128\/364
|move|p2a: Suicune|Scald|p1a: Tentacruel
|-resisted|p1a: Tentacruel
|-damage|p1a: Tentacruel|92\/364
|
|-heal|p1a: Tentacruel|295\/364|[from] move: Wish|[wisher] Aromatisse
|-heal|p1a: Tentacruel|317\/364|[from] item: Black Sludge
|-heal|p2a: Suicune|404\/404|[from] item: Leftovers
|turn|48
|join|Silent Blues
|c| orastesting|because its support
|
|move|p1a: Tentacruel|Acid Spray|p2a: Suicune
|-damage|p2a: Suicune|371\/404
|-unboost|p2a: Suicune|spd|2
|move|p2a: Suicune|Calm Mind|p2a: Suicune
|-boost|p2a: Suicune|spa|1
|-boost|p2a: Suicune|spd|1
|
|-heal|p1a: Tentacruel|339\/364|[from] item: Black Sludge
|-heal|p2a: Suicune|396\/404|[from] item: Leftovers
|turn|49
|c|âpokeblade101|Well crap
|c| ZacharyJP|It looked physical too me
|c| Mudkipfan1|Can someone forfeit or finish it already
|
|move|p1a: Tentacruel|Acid Spray|p2a: Suicune
|-damage|p2a: Suicune|347\/404
|-unboost|p2a: Suicune|spd|2
|move|p2a: Suicune|Scald|p1a: Tentacruel
|-resisted|p1a: Tentacruel
|-damage|p1a: Tentacruel|282\/364
|-status|p1a: Tentacruel|brn
|
|-heal|p1a: Tentacruel|304\/364 brn|[from] item: Black Sludge
|-heal|p2a: Suicune|372\/404|[from] item: Leftovers
|-damage|p1a: Tentacruel|259\/364 brn|[from] brn
|turn|50
|c| ZacharyJP|This is the finals
|c| ZacharyJP|take it easy
|c|âpokeblade101|Yes
|c| Mudkipfan1|ok
|join|tui1
|c| Sambo|this isn't even full stall
|c| Silent Blues|tentacruel
|
|switch|p2a: Crobat|Crobat, F|347\/374
|move|p1a: Tentacruel|Acid Spray|p2a: Crobat
|-resisted|p2a: Crobat
|-damage|p2a: Crobat|321\/374
|-unboost|p2a: Crobat|spd|2
|
|-heal|p2a: Crobat|344\/374|[from] item: Black Sludge
|-heal|p1a: Tentacruel|281\/364 brn|[from] item: Black Sludge
|-damage|p1a: Tentacruel|236\/364 brn|[from] brn
|turn|51
|
|switch|p1a: Aromatisse|Aromatisse, M|340\/406
|move|p2a: Crobat|U-turn|p1a: Aromatisse
|-resisted|p1a: Aromatisse
|-damage|p1a: Aromatisse|318\/406
|c|âSacredGengar|hmmm ok
|c|âSacredGengar|why
|
|switch|p2a: Suicune|Suicune|372\/404
|-ability|p2a: Suicune|Pressure
|
|-heal|p2a: Suicune|397\/404|[from] item: Leftovers
|-heal|p1a: Aromatisse|343\/406|[from] item: Leftovers
|turn|52
|join|asuop
|join|shyhorn
|join|xXCrazyGamerXx
|leave|RedMolgera
|
|switch|p2a: Hippowdon|Hippowdon, M|367\/419 psn
|-weather|Sandstorm
|move|p1a: Aromatisse|Aromatherapy|p1a: Aromatisse
|-cureteam|p1a: Aromatisse|[from] move: Aromatherapy
|
|-weather|Sandstorm|[upkeep]
|-damage|p1a: Aromatisse|318\/406|[from] sandstorm
|-heal|p1a: Aromatisse|343\/406|[from] item: Leftovers
|-damage|p2a: Hippowdon|315\/419 psn|[from] psn
|turn|53
|c|âSacredGengar|k
|c| xXCrazyGamerXx|pokeblade!!!!!!!!!!!!!!!!!!!!!!!
|join|Zachajawea
|
|move|p2a: Hippowdon|Slack Off|p2a: Hippowdon
|-heal|p2a: Hippowdon|419\/419 psn
|move|p1a: Aromatisse|Wish|p1a: Aromatisse
|
|-weather|Sandstorm|[upkeep]
|-damage|p1a: Aromatisse|318\/406|[from] sandstorm
|-heal|p1a: Aromatisse|343\/406|[from] item: Leftovers
|-damage|p2a: Hippowdon|367\/419 psn|[from] psn
|turn|54
|join|Christo m8
|join|Larel
|leave|slipster
|join|slipster
|c|âpokeblade101|Pls die
|
|switch|p1a: Xatu|Xatu, F|289\/333
|move|p2a: Hippowdon|Earthquake|p1a: Xatu
|-immune|p1a: Xatu|[msg]
|
|-weather|Sandstorm|[upkeep]
|-damage|p1a: Xatu|269\/333|[from] sandstorm
|-heal|p1a: Xatu|333\/333|[from] move: Wish|[wisher] Aromatisse
|-damage|p2a: Hippowdon|315\/419 psn|[from] psn
|turn|55
|join|MisterUnknown
|join|PokeUniversity
|join|Metagross Gaming
|c|âpokeblade101|So annoying
|leave|jac1802
|c|âSacredGengar|then forfeit.
|leave|kjd919
|leave|Metagross Gaming
|c| xXCrazyGamerXx|pokeblade is gonna win
|
|switch|p2a: Suicune|Suicune|397\/404
|-ability|p2a: Suicune|Pressure
|move|p1a: Xatu|Toxic|p2a: Suicune
|-status|p2a: Suicune|tox
|
|-weather|Sandstorm|[upkeep]
|-damage|p1a: Xatu|313\/333|[from] sandstorm
|-damage|p2a: Suicune|372\/404 tox|[from] sandstorm
|-heal|p2a: Suicune|397\/404 tox|[from] item: Leftovers
|-damage|p2a: Suicune|372\/404 tox|[from] psn
|turn|56
|c|âpokeblade101|Not giving up
|c|âSacredGengar|ok
|c| Christo m8|u dont need rocks, sandstorm kills shedninja
|c| xXCrazyGamerXx|u better not i believe in u
|join|Baumz
|
|switch|p1a: Aromatisse|Aromatisse, M|343\/406
|move|p2a: Suicune|Rest|p2a: Suicune
|-status|p2a: Suicune|slp
|-heal|p2a: Suicune|404\/404 slp|[silent]
|-status|p2a: Suicune|slp|[from] move: Rest
|
|-weather|none
|-heal|p1a: Aromatisse|368\/406|[from] item: Leftovers
|turn|57
|c| Zachajawea|U do u
|leave|tui1
|c| Mudkipfan1|You can do it pokeblade!!!!!!!!!!!
|join|Bav40
|c| xXCrazyGamerXx|u can do it
|
|switch|p2a: Hippowdon|Hippowdon, M|315\/419 psn
|-weather|Sandstorm
|move|p1a: Aromatisse|Wish|p1a: Aromatisse
|
|-weather|Sandstorm|[upkeep]
|-damage|p1a: Aromatisse|343\/406|[from] sandstorm
|-heal|p1a: Aromatisse|368\/406|[from] item: Leftovers
|-damage|p2a: Hippowdon|263\/419 psn|[from] psn
|turn|58
|
|switch|p1a: Xatu|Xatu, F|313\/333
|move|p2a: Hippowdon|Earthquake|p1a: Xatu
|-immune|p1a: Xatu|[msg]
|
|-weather|Sandstorm|[upkeep]
|-damage|p1a: Xatu|293\/333|[from] sandstorm
|-heal|p1a: Xatu|333\/333|[from] move: Wish|[wisher] Aromatisse
|-damage|p2a: Hippowdon|211\/419 psn|[from] psn
|turn|59
|join|Bolt126
|c|âpokeblade101|Yh u keepvdoing that
|leave|Sorus5
|c| Baumz|?
|join|Lumpy Space King
|
|switch|p1a: Aromatisse|Aromatisse, M|368\/406
|move|p2a: Hippowdon|Slack Off|p2a: Hippowdon
|-heal|p2a: Hippowdon|419\/419 psn
|
|-weather|Sandstorm|[upkeep]
|-damage|p1a: Aromatisse|343\/406|[from] sandstorm
|-heal|p1a: Aromatisse|368\/406|[from] item: Leftovers
|-damage|p2a: Hippowdon|367\/419 psn|[from] psn
|turn|60
|join|Sorus5
|join|jac1802
|c|âSacredGengar|ok
|
|move|p2a: Hippowdon|Toxic|p1a: Aromatisse
|-status|p1a: Aromatisse|tox
|move|p1a: Aromatisse|Wish|p1a: Aromatisse
|
|-weather|Sandstorm|[upkeep]
|-damage|p1a: Aromatisse|343\/406 tox|[from] sandstorm
|-heal|p1a: Aromatisse|368\/406 tox|[from] item: Leftovers
|-damage|p2a: Hippowdon|315\/419 psn|[from] psn
|-damage|p1a: Aromatisse|343\/406 tox|[from] psn
|turn|61
|c| xXCrazyGamerXx|don't lose pokeblade
|
|move|p2a: Hippowdon|Earthquake|p1a: Aromatisse
|-damage|p1a: Aromatisse|217\/406 tox
|move|p1a: Aromatisse|Aromatherapy|p1a: Aromatisse
|-cureteam|p1a: Aromatisse|[from] move: Aromatherapy
|
|-weather|none
|-heal|p1a: Aromatisse|406\/406|[from] move: Wish|[wisher] Aromatisse
|-damage|p2a: Hippowdon|263\/419 psn|[from] psn
|turn|62
|join|gewhrfrggh
|c| Baumz|you are jinxing him
|c| gewhrfrggh|is this the finals?
|c| orastesting|>crit on aggron
|c| Elite 4 JasJosh|yes
|leave|catterpie
|
|switch|p1a: Xatu|Xatu, F|333\/333
|move|p2a: Hippowdon|Stealth Rock|p1a: Xatu
|move|p1a: Xatu|Stealth Rock|p2a: Hippowdon|[from]Magic Bounce
|-sidestart|p2: pokeblade101|move: Stealth Rock
|
|-damage|p2a: Hippowdon|211\/419 psn|[from] psn
|turn|63
|c| xXCrazyGamerXx|im sorry
|leave|Bav40
|c|âSacredGengar|ty
|c|âpokeblade101|Well crap
|c|âSacredGengar|sir
|c| Bolt126|o_O
|c| orastesting|rekt
|c| gewhrfrggh|SacredGengar go win
|leave|Silent Blues
|
|switch|p2a: Crobat|Crobat, F|344\/374
|-damage|p2a: Crobat|251\/374|[from] Stealth Rock
|move|p1a: Xatu|Giga Drain|p2a: Crobat
|-resisted|p2a: Crobat
|-damage|p2a: Crobat|236\/374
|
|-heal|p2a: Crobat|259\/374|[from] item: Black Sludge
|turn|64
|c|âpokeblade101|I wonder if any attacking moves
|leave|Bolt126
|c| xXCrazyGamerXx|*sigh*
|c|âSacredGengar|again i cancled to make a good play
|c|âSacredGengar|i would of had something going
|c| Baumz|yeeeeaaaaahhhh
|join|Bav40
|c|âSacredGengar|if it was for ps..
|c| Mudkipfan1|No pokeblade is going to win
|c|âSacredGengar|sigh
|c| liverisalive|cant cancel in real pokes either :\/
|c| Elite 4 JasJosh|pokeblade you made finals here yet can't win UU in my surivivals?
|c|âpokeblade101|This is frustrating a way
|
|switch|p1a: Aromatisse|Aromatisse, M|406\/406
|move|p2a: Crobat|Defog|p1a: Aromatisse
|-unboost|p1a: Aromatisse|evasion|1
|-sideend|p2: pokeblade101|Stealth Rock|[from] move: Defog|[of] p2a: Crobat
|
|-heal|p2a: Crobat|282\/374|[from] item: Black Sludge
|turn|65
|c|âpokeblade101|??
|c| Baumz|y
|c| xXCrazyGamerXx|??
|
|move|p2a: Crobat|U-turn|p1a: Aromatisse
|-resisted|p1a: Aromatisse
|-damage|p1a: Aromatisse|384\/406
|c| Baumz|just y
|c| asuop|wut
|
|switch|p2a: Hippowdon|Hippowdon, M|211\/419 psn
|-weather|Sandstorm
|move|p1a: Aromatisse|Moonblast|p2a: Hippowdon
|-damage|p2a: Hippowdon|52\/419 psn
|
|-weather|Sandstorm|[upkeep]
|-damage|p1a: Aromatisse|359\/406|[from] sandstorm
|-heal|p1a: Aromatisse|384\/406|[from] item: Leftovers
|-damage|p2a: Hippowdon|0 fnt|[from] psn
|faint|p2a: Hippowdon
|c|âSacredGengar|yay
|c| Sorus5|YAY
|c| ferocia|Hi Mr. Asop
|c|âpokeblade101|I knew it
|c| Nathanm119|togikiss isnt alowed in gen 4 uu right
|c| shyhorn|forfeit imo
|c| Chandelure M Bing|this is just a pp battle
|c| Sambo|its oger
|c|âSacredGengar|my predict worked this time
|c| orastesting|dat shedinja sweep
|c|âSacredGengar|ps isnt stupid
|c|âSacredGengar|no moze
|c|âSacredGengar|:D
|
|switch|p2a: Cresselia|Cresselia, F|279\/444
|turn|66
|c| xXCrazyGamerXx|SacredGengar forfeit its good for u
|c| gewhrfrggh|gg
|c| asuop|hello ferocia
|c| Zachajawea|Yo this games just gonna last an hour
|
|move|p2a: Cresselia|Calm Mind|p2a: Cresselia
|-boost|p2a: Cresselia|spa|1
|-boost|p2a: Cresselia|spd|1
|move|p1a: Aromatisse|Wish|p1a: Aromatisse
|
|-weather|Sandstorm|[upkeep]
|-damage|p2a: Cresselia|252\/444|[from] sandstorm
|-damage|p1a: Aromatisse|359\/406|[from] sandstorm
|-heal|p2a: Cresselia|279\/444|[from] item: Leftovers
|-heal|p1a: Aromatisse|384\/406|[from] item: Leftovers
|turn|67
|join|flygonisdragon
|c| GreatExpectations|quit bitching
|c| xXCrazyGamerXx|LMFAO
|c|âpokeblade101|I wondered if u had moonblast
|c| gewhrfrggh|switch out sacredgengar
|c| Sambo|shedinja sweeps
|join|Dodger50
|leave|Larel
|c| GreatExpectations|god damn can someone put this on modchat
|c|âSacredGengar|no
|c| orastesting|nty
|
|switch|p1a: Tentacruel|Tentacruel, F|236\/364
|move|p2a: Cresselia|Moonblast|p1a: Tentacruel
|-resisted|p1a: Tentacruel
|-damage|p1a: Tentacruel|184\/364
|
|-weather|Sandstorm|[upkeep]
|-damage|p1a: Tentacruel|162\/364|[from] sandstorm
|-damage|p2a: Cresselia|252\/444|[from] sandstorm
|-heal|p1a: Tentacruel|364\/364|[from] move: Wish|[wisher] Aromatisse
|-heal|p2a: Cresselia|279\/444|[from] item: Leftovers
|turn|68
|c|âpokeblade101|Y
|c| Baumz|no
|c|âSacredGengar|cause
|join|a random duck
|c|âSacredGengar|its all good in da hood
|c| Baumz|lol
|
|move|p1a: Tentacruel|Scald|p2a: Cresselia
|-damage|p2a: Cresselia|233\/444
|move|p2a: Cresselia|Psyshock|p1a: Tentacruel
|-supereffective|p1a: Tentacruel
|-damage|p1a: Tentacruel|68\/364
|
|-weather|Sandstorm|[upkeep]
|-damage|p1a: Tentacruel|46\/364|[from] sandstorm
|-damage|p2a: Cresselia|206\/444|[from] sandstorm
|-heal|p1a: Tentacruel|68\/364|[from] item: Black Sludge
|-heal|p2a: Cresselia|233\/444|[from] item: Leftovers
|turn|69
|c| orastesting|kek
|c| Baumz|dayum
|join|medagross999
|leave|bigshags
|
|move|p1a: Tentacruel|Scald|p2a: Cresselia
|-damage|p2a: Cresselia|194\/444
|move|p2a: Cresselia|Psyshock|p1a: Tentacruel
|-crit|p1a: Tentacruel
|-supereffective|p1a: Tentacruel
|-damage|p1a: Tentacruel|0 fnt
|faint|p1a: Tentacruel
|
|-weather|none
|-heal|p2a: Cresselia|221\/444|[from] item: Leftovers
|join|bigshags
|c| xXCrazyGamerXx|yes
|c| gewhrfrggh|aggron or shedninja
|
|switch|p1a: ()|Shedinja|1\/1
|turn|70
|c| shyhorn|lawl
|leave|MisterUnknown
|c| xXCrazyGamerXx|no
|c| gewhrfrggh|smart sacredgengar
|c| Christo m8|shouldnt have led hipo die
|leave|a random duck
|c| orastesting|reveal toxc\/shadow ball
|c| Christo m8|let*
|join|Uberbully
|leave|PokeUniversity
|leave|Mudkipfan1
|join|PokeUniversity
|c|âSacredGengar|i predicted on him
|c|âSacredGengar|he didnt do it on putpode
|c|âSacredGengar|kek
|c| Christo m8|oh wasnt looking
|c|âpokeblade101|Now suicune destroys
|c| Christo m8|my b
|c|âSacredGengar|purpose*
|
|switch|p2a: Suicune|Suicune|404\/404 slp
|-ability|p2a: Suicune|Pressure
|move|p1a: ()|X-Scissor|p2a: Suicune
|-damage|p2a: Suicune|322\/404 slp
|
|-heal|p2a: Suicune|347\/404 slp|[from] item: Leftovers
|turn|71
|c|âSacredGengar|k3k the no auto
|join|ZlatanIbraimovic10
|
|switch|p2a: Crobat|Crobat, F|282\/374
|move|p1a: ()|Swords Dance|p1a: ()
|-boost|p1a: ()|atk|2
|
|-heal|p2a: Crobat|305\/374|[from] item: Black Sludge
|turn|72
|
|switch|p1a: Xatu|Xatu, F|333\/333
|move|p2a: Crobat|Brave Bird|p1a: Xatu
|-damage|p1a: Xatu|215\/333
|-damage|p2a: Crobat|243\/374|[from] item: Rocky Helmet|[of] p1a: Xatu
|-damage|p2a: Crobat|204\/374|[from] recoil|[of] p1a: Xatu
|
|-heal|p2a: Crobat|227\/374|[from] item: Black Sludge
|turn|73
|join|DcFreeze
|c| xXCrazyGamerXx|use confuse ray pokeblade
|c| shyhorn|lol
|c| Nathanm119|oi dont interfair
|
|switch|p2a: Cresselia|Cresselia, F|221\/444
|switch|p1a: Aromatisse|Aromatisse, M|384\/406
|
|-heal|p2a: Cresselia|248\/444|[from] item: Leftovers
|-heal|p1a: Aromatisse|406\/406|[from] item: Leftovers
|turn|74
|join|tGxGrizzy
|join|they call me good
|c| ChoiceBird|Why isnt this game over?
|c| shyhorn|wish pass on shedinja
|c| shyhorn|genius
|c| gewhrfrggh|longest battle ever
|
|switch|p1a: ()|Shedinja|1\/1
|move|p2a: Cresselia|Calm Mind|p2a: Cresselia
|-boost|p2a: Cresselia|spa|1
|-boost|p2a: Cresselia|spd|1
|
|-heal|p2a: Cresselia|275\/444|[from] item: Leftovers
|turn|75
|leave|verdi1
|join|verdi1
|
|switch|p2a: Crobat|Crobat, F|227\/374
|move|p1a: ()|Will-O-Wisp|p2a: Crobat
|-status|p2a: Crobat|brn
|
|-heal|p2a: Crobat|250\/374 brn|[from] item: Black Sludge
|-damage|p2a: Crobat|204\/374 brn|[from] brn
|turn|76
|c| ChoiceBird|wisp da bat
|leave|Farfetchite
|c|âpokeblade101|Wait
|c| sirpekoman|ayyy
|c| ChoiceBird|yeabuddy
|c| shyhorn|lawl
|c| yanderp20|THis is still not over?
|c|âpokeblade101|I knew that was coming
|c| Sambo|power plays
|c| sirpekoman|shoulda predicted the sheding switch
|c|âSacredGengar|no you didnt
|join|PinkRosa
|leave|Zachajawea
|c|âSacredGengar|kek
|
|switch|p1a: Xatu|Xatu, F|215\/333
|move|p2a: Crobat|Roost|p2a: Crobat
|-heal|p2a: Crobat|374\/374 brn
|
|-damage|p2a: Crobat|328\/374 brn|[from] brn
|turn|77
|c| Sambo|jokes on YOU pal I WANTED my crobat crippled
|c| sirpekoman|lol he said no you didnt
|c| xXCrazyGamerXx|roost tho
|c| Sambo|FOOL
|c| Christo m8|sacred the type of guy to run a stall shedninja
|
|switch|p2a: Cresselia|Cresselia, F|275\/444
|move|p1a: Xatu|Roost|p1a: Xatu
|-heal|p1a: Xatu|333\/333
|
|-heal|p2a: Cresselia|302\/444|[from] item: Leftovers
|turn|78
|c|âSacredGengar|i run stall in every tier cause i love it
|c| sirpekoman|be smart
|c| orastesting|thats a standard sheddinja set
|c|âSacredGengar|you can ask most people
|c|âpokeblade101|Wish i had hp fire
|
|switch|p1a: ()|Shedinja|1\/1
|move|p2a: Cresselia|Moonlight|p2a: Cresselia
|-heal|p2a: Cresselia|444\/444
|
|turn|79
|c| Christo m8|that makes me sad :[
|c| sirpekoman|i said be smart
|c|âSacredGengar|good
|join|Gym Triner Ape
|
|switch|p2a: Crobat|Crobat, F|328\/374 brn
|move|p1a: ()|X-Scissor|p2a: Crobat
|-crit|p2a: Crobat
|-resisted|p2a: Crobat
|-damage|p2a: Crobat|270\/374 brn
|
|-heal|p2a: Crobat|293\/374 brn|[from] item: Black Sludge
|-damage|p2a: Crobat|247\/374 brn|[from] brn
|turn|80
|leave|PokeUniversity
|c| Christo m8|:\/
|c| shyhorn|crit mattered
|join|PokeUniversity
|c| shyhorn|^^
|c| gewhrfrggh|lol
|c| Baumz|you should run toxic endure focus sash shedninja
|
|switch|p1a: Aromatisse|Aromatisse, M|406\/406
|move|p2a: Crobat|Roost|p2a: Crobat
|-heal|p2a: Crobat|374\/374 brn
|
|-damage|p2a: Crobat|328\/374 brn|[from] brn
|turn|81
|join|Mudkipfan1
|c|âSacredGengar|no thanks
|c|âSacredGengar|my set works
|c| Baumz|k
|c|âSacredGengar|and does the job
|c|âSacredGengar|in uu
|c| sirpekoman|shut down
|c| Christo m8|does shedninja get endevor?
|
|switch|p2a: Suicune|Suicune|347\/404 slp
|-ability|p2a: Suicune|Pressure
|move|p1a: Aromatisse|Wish|p1a: Aromatisse
|
|-heal|p2a: Suicune|372\/404 slp|[from] item: Leftovers
|turn|82
|c| orastesting|no
|c| Elite 4 JasJosh|no
|c| shyhorn|lol
|c| shyhorn|that would be op
|c| shyhorn|XD
|c|âpokeblade101|Must get scald or screwed
|c| Christo m8|w\/ shadow sneak
|c| Elite 4 JasJosh|this chat
|c| orastesting|toxic spikes+endeavor. bye
|c| Mudkipfan1|Try to find my battle its stupid
|c|âSacredGengar|in BH
|c|âSacredGengar|only tho
|
|switch|p1a: Aggron|Aggron-Mega, F|39\/344
|cant|p2a: Suicune|slp
|move|p2a: Suicune|Sleep Talk|p2a: Suicune
|move|p2a: Suicune|Calm Mind|p2a: Suicune|[from]Sleep Talk
|-boost|p2a: Suicune|spa|1
|-boost|p2a: Suicune|spd|1
|
|-heal|p1a: Aggron|242\/344|[from] move: Wish|[wisher] Aromatisse
|-heal|p2a: Suicune|397\/404 slp|[from] item: Leftovers
|turn|83
|leave|PlayerII
|c| orastesting|^
|join|EternalSylveon
|c|âSacredGengar|gg
|c|âSacredGengar|buddy
|c| Sambo|its ogre
|c|âpokeblade101|Nooooooooooooooo
|c| Christo m8|must be nice
|c| Mudkipfan1|never mind I won
|leave|xXCrazyGamerXx
|
|cant|p2a: Suicune|slp
|move|p1a: Aggron|Roar|p2a: Suicune
|drag|p2a: Cresselia|Cresselia, F|444\/444
|
|turn|84
|c| orastesting|had a 33% chance to scald
|c|âpokeblade101|Gg this is pointless now
|join|xXCrazyGamerXx
|join|HeroTheAbsol
|leave|medagross999
|c| gewhrfrggh|how pokeblade?
|c|âSacredGengar|**has aromatherapy pinkydinkydoo**
|join|Aiden806
|join|kjd919
|c|âpokeblade101|I cant kill aggron now
|c|âSacredGengar|why not forfeit
|c|âpokeblade101|So its gg
|c| verdi1|get up rocky..... get up
|c|âSacredGengar|gg
|c|âSacredGengar|bud
|-message|pokeblade101 forfeited.
|c|âpokeblade101|Gg
|leave|ferocia
|leave|EternalSylveon
|join|medagross999
|leave|HeroTheAbsol
|leave|FallenAngels17
|c| jac1802|\/me yells gggggggggggggggggggggggggggggggggggggggggggggggggggggggggg finally even though longest I have seen is 216 turns.
|leave|Uberbully
|leave|Christo m8
|leave|Sambo
|leave|they call me good
|leave|ZlatanIbraimovic10
|
|win|SacredGengar
|c| Mudkipfan1|gg
|leave|Dodger50
|leave|asuop
|leave|liverisalive
|leave|Kubone
|leave|feederzop
|leave|Chandelure M Bing
|leave|Mudkipfan1
|leave|shyhorn
|leave|Thibburdd
|leave|Lumpy Space King
|leave|orastesting
|leave|Ezio
|leave|sirpekoman
|leave|Oddnat
|leave|Nathanm119
|leave|Sorus5
|leave|SacredGengar
|leave|slipster
|leave|LionDKaiser1
|leave|After Hours
|leave|nandoPT
|leave|PinkRosa
|leave|verdi1
|leave|xXCrazyGamerXx
|player|p1
|leave|joaoruben
|leave|tGxGrizzy
|leave|dono123
|leave|medagross999
|leave|Baumz
|leave|Speeedmo
|leave|DcFreeze
|c| jac1802|you could have wn
|leave|jac1802
|leave|Aiden806
|c|âpokeblade101|Ik
|leave|pokeblade101
|player|p2
|leave|The Grim Sylveon
|c| Dinactfy|Finaly some progress xD
|leave|gewhrfrggh
|leave|ZacharyJP
|leave|flygonisdragon
|leave|Dinactfy
|leave|Jacobio
|leave|Bav40
|leave|dman1455
|leave|bigshags
|join|Zachajawea
|leave|Zachajawea
|leave|Virginia = Virgin
|leave|yanderp20
|leave|Elite 4 JasJosh
|leave|Orei
|leave|G0bbo
|leave|GreatExpectations
|leave|kjd919
|leave|PokeUniversity
|leave|ConDohr
|leave|Gym Triner Ape
|join|Gym Triner Ape
|leave|Gym Triner Ape
|leave|HaqM123