|join|Hentai Guy
|join|pokeblade101
|player|p1|Hentai Guy|265
|player|p2|pokeblade101|163
|gametype|singles
|gen|6
|tier|UU
|rated
|rule|Sleep Clause Mod: Limit one foe put to sleep
|rule|Species Clause: Limit one of each PokÃ©mon
|rule|OHKO Clause: OHKO moves are banned
|rule|Moody Clause: Moody is banned
|rule|Evasion Moves Clause: Evasion moves are banned
|rule|Endless Battle Clause: Forcing endless battles is banned
|rule|HP Percentage Mod: HP is shown in percentages
|clearpoke
|poke|p1|Sharpedo, M
|poke|p1|Hydreigon, M
|poke|p1|Infernape, F
|poke|p1|Nidoqueen, F
|poke|p1|Starmie
|poke|p1|Jirachi, shiny
|poke|p2|Gallade, M
|poke|p2|Zygarde
|poke|p2|Vaporeon, F
|poke|p2|Golbat, M
|poke|p2|Porygon2
|poke|p2|Cofagrigus, M
|rule|Swagger Clause: Swagger is banned
|rule|Baton Pass Clause: Limit one PokÃ©mon knowing Baton Pass
|teampreview
|
|start
|switch|p1a: Infernape|Infernape, F|293\/293
|switch|p2a: Gallade|Gallade, M|278\/278
|turn|1
|
|detailschange|p2a: Gallade|Gallade-Mega, M
|message|Gallade has Mega Evolved into Mega Gallade!
|move|p1a: Infernape|Fire Blast|p2a: Gallade|[miss]
|-miss|p1a: Infernape|p2a: Gallade
|move|p2a: Gallade|Zen Headbutt|p1a: Infernape
|-supereffective|p1a: Infernape
|-damage|p1a: Infernape|0 fnt
|faint|p1a: Infernape
|
|
|switch|p1a: Sharpedo|Sharpedo, M|281\/281
|turn|2
|
|switch|p2a: Golbat|Golbat, M|354\/354
|move|p1a: Sharpedo|Protect|p1a: Sharpedo
|-fail|p1a: Sharpedo
|
|-boost|p1a: Sharpedo|spe|1|[from] ability: Speed Boost
|turn|3
|
|switch|p1a: Jirachi|Jirachi, shiny|403\/403
|move|p2a: Golbat|Toxic|p1a: Jirachi
|-fail|p1a: Jirachi
|
|turn|4
|
|move|p1a: Jirachi|Substitute|p1a: Jirachi
|-start|p1a: Jirachi|Substitute
|-damage|p1a: Jirachi|303\/403
|move|p2a: Golbat|Super Fang|p1a: Jirachi|[miss]
|-miss|p2a: Golbat|p1a: Jirachi
|
|-heal|p1a: Jirachi|328\/403|[from] item: Leftovers
|turn|5
|
|move|p1a: Jirachi|Calm Mind|p1a: Jirachi
|-boost|p1a: Jirachi|spa|1
|-boost|p1a: Jirachi|spd|1
|move|p2a: Golbat|Super Fang|p1a: Jirachi
|-damage|p1a: Jirachi|164\/403
|
|-heal|p1a: Jirachi|189\/403|[from] item: Leftovers
|turn|6
|
|switch|p2a: Cofagrigus|Cofagrigus, M|320\/320
|move|p1a: Jirachi|Psyshock|p2a: Cofagrigus
|-damage|p2a: Cofagrigus|230\/320
|
|-heal|p1a: Jirachi|214\/403|[from] item: Leftovers
|-heal|p2a: Cofagrigus|250\/320|[from] item: Leftovers
|turn|7
|
|move|p1a: Jirachi|Moonblast|p2a: Cofagrigus
|-damage|p2a: Cofagrigus|168\/320
|-unboost|p2a: Cofagrigus|spa|1
|move|p2a: Cofagrigus|Shadow Ball|p1a: Jirachi
|-supereffective|p1a: Jirachi
|-activate|p1a: Jirachi|Substitute|[damage]
|
|-heal|p1a: Jirachi|239\/403|[from] item: Leftovers
|-heal|p2a: Cofagrigus|188\/320|[from] item: Leftovers
|turn|8
|
|move|p1a: Jirachi|Calm Mind|p1a: Jirachi
|-boost|p1a: Jirachi|spa|1
|-boost|p1a: Jirachi|spd|1
|move|p2a: Cofagrigus|Shadow Ball|p1a: Jirachi
|-supereffective|p1a: Jirachi
|-end|p1a: Jirachi|Substitute
|
|-heal|p1a: Jirachi|264\/403|[from] item: Leftovers
|-heal|p2a: Cofagrigus|208\/320|[from] item: Leftovers
|turn|9
|
|switch|p2a: Vaporeon|Vaporeon, F|464\/464
|move|p1a: Jirachi|Psyshock|p2a: Vaporeon
|-damage|p2a: Vaporeon|181\/464
|
|-heal|p1a: Jirachi|289\/403|[from] item: Leftovers
|-heal|p2a: Vaporeon|210\/464|[from] item: Leftovers
|turn|10
|
|move|p1a: Jirachi|Substitute|p1a: Jirachi
|-start|p1a: Jirachi|Substitute
|-damage|p1a: Jirachi|189\/403
|move|p2a: Vaporeon|Scald|p1a: Jirachi
|-activate|p1a: Jirachi|Substitute|[damage]
|
|-heal|p1a: Jirachi|214\/403|[from] item: Leftovers
|-heal|p2a: Vaporeon|239\/464|[from] item: Leftovers
|turn|11
|
|move|p1a: Jirachi|Psyshock|p2a: Vaporeon
|-damage|p2a: Vaporeon|0 fnt
|faint|p2a: Vaporeon
|
|-heal|p1a: Jirachi|239\/403|[from] item: Leftovers
|
|switch|p2a: Cofagrigus|Cofagrigus, M|208\/320
|turn|12
|
|move|p1a: Jirachi|Moonblast|p2a: Cofagrigus
|-damage|p2a: Cofagrigus|103\/320
|-unboost|p2a: Cofagrigus|spa|1
|move|p2a: Cofagrigus|Shadow Ball|p1a: Jirachi
|-supereffective|p1a: Jirachi
|-end|p1a: Jirachi|Substitute
|
|-heal|p1a: Jirachi|264\/403|[from] item: Leftovers
|-heal|p2a: Cofagrigus|123\/320|[from] item: Leftovers
|turn|13
|
|move|p1a: Jirachi|Substitute|p1a: Jirachi
|-start|p1a: Jirachi|Substitute
|-damage|p1a: Jirachi|164\/403
|move|p2a: Cofagrigus|Shadow Ball|p1a: Jirachi
|-supereffective|p1a: Jirachi
|-activate|p1a: Jirachi|Substitute|[damage]
|
|-heal|p1a: Jirachi|189\/403|[from] item: Leftovers
|-heal|p2a: Cofagrigus|143\/320|[from] item: Leftovers
|turn|14
|
|move|p1a: Jirachi|Moonblast|p2a: Cofagrigus
|-damage|p2a: Cofagrigus|34\/320
|move|p2a: Cofagrigus|Shadow Ball|p1a: Jirachi
|-supereffective|p1a: Jirachi
|-end|p1a: Jirachi|Substitute
|
|-heal|p1a: Jirachi|214\/403|[from] item: Leftovers
|-heal|p2a: Cofagrigus|54\/320|[from] item: Leftovers
|turn|15
|
|move|p1a: Jirachi|Substitute|p1a: Jirachi
|-start|p1a: Jirachi|Substitute
|-damage|p1a: Jirachi|114\/403
|move|p2a: Cofagrigus|Shadow Ball|p1a: Jirachi
|-supereffective|p1a: Jirachi
|-activate|p1a: Jirachi|Substitute|[damage]
|
|-heal|p1a: Jirachi|139\/403|[from] item: Leftovers
|-heal|p2a: Cofagrigus|74\/320|[from] item: Leftovers
|turn|16
|
|move|p1a: Jirachi|Moonblast|p2a: Cofagrigus
|-damage|p2a: Cofagrigus|0 fnt
|faint|p2a: Cofagrigus
|
|-heal|p1a: Jirachi|164\/403|[from] item: Leftovers
|
|switch|p2a: Zygarde|Zygarde|358\/358
|-ability|p2a: Zygarde|Aura Break
|turn|17
|
|move|p2a: Zygarde|Extreme Speed|p1a: Jirachi
|-crit|p1a: Jirachi
|-resisted|p1a: Jirachi
|-end|p1a: Jirachi|Substitute
|move|p1a: Jirachi|Calm Mind|p1a: Jirachi
|-boost|p1a: Jirachi|spa|1
|-boost|p1a: Jirachi|spd|1
|
|-heal|p1a: Jirachi|189\/403|[from] item: Leftovers
|turn|18
|
|move|p1a: Jirachi|Moonblast|p2a: Zygarde
|-supereffective|p2a: Zygarde
|-damage|p2a: Zygarde|0 fnt
|faint|p2a: Zygarde
|
|-heal|p1a: Jirachi|214\/403|[from] item: Leftovers
|
|switch|p2a: Gallade|Gallade-Mega, M|278\/278
|turn|19
|
|move|p2a: Gallade|Close Combat|p1a: Jirachi
|-damage|p1a: Jirachi|0 fnt
|-unboost|p2a: Gallade|def|1
|-unboost|p2a: Gallade|spd|1
|faint|p1a: Jirachi
|
|
|switch|p1a: Sharpedo|Sharpedo, M|281\/281
|turn|20
|
|move|p1a: Sharpedo|Protect|p1a: Sharpedo
|-singleturn|p1a: Sharpedo|Protect
|move|p2a: Gallade|Close Combat|p1a: Sharpedo
|-activate|p1a: Sharpedo|Protect
|
|-boost|p1a: Sharpedo|spe|1|[from] ability: Speed Boost
|turn|21
|
|switch|p2a: Porygon2|Porygon2|374\/374
|-ability|p2a: Porygon2|Speed Boost|[from] ability: Trace|[of] p1a: Sharpedo
|move|p1a: Sharpedo|Crunch|p2a: Porygon2
|-damage|p2a: Porygon2|263\/374
|
|-boost|p1a: Sharpedo|spe|1|[from] ability: Speed Boost
|turn|22
|
|switch|p1a: Nidoqueen|Nidoqueen, F|345\/345
|move|p2a: Porygon2|Thunder Wave|p1a: Nidoqueen
|-immune|p1a: Nidoqueen|[msg]
|
|-boost|p2a: Porygon2|spe|1|[from] ability: Speed Boost
|turn|23
|
|move|p2a: Porygon2|Ice Beam|p1a: Nidoqueen
|-supereffective|p1a: Nidoqueen
|-damage|p1a: Nidoqueen|185\/345
|move|p1a: Nidoqueen|Earth Power|p2a: Porygon2
|-crit|p2a: Porygon2
|-damage|p2a: Porygon2|106\/374
|
|-boost|p2a: Porygon2|spe|1|[from] ability: Speed Boost
|turn|24
|
|move|p2a: Porygon2|Recover|p2a: Porygon2
|-heal|p2a: Porygon2|293\/374
|move|p1a: Nidoqueen|Sludge Wave|p2a: Porygon2
|-damage|p2a: Porygon2|192\/374
|
|-boost|p2a: Porygon2|spe|1|[from] ability: Speed Boost
|turn|25
|
|move|p2a: Porygon2|Ice Beam|p1a: Nidoqueen
|-supereffective|p1a: Nidoqueen
|-damage|p1a: Nidoqueen|7\/345
|-status|p1a: Nidoqueen|frz
|cant|p1a: Nidoqueen|frz
|
|-boost|p2a: Porygon2|spe|1|[from] ability: Speed Boost
|turn|26
|
|switch|p1a: Starmie|Starmie|261\/261
|move|p2a: Porygon2|Tri Attack|p1a: Starmie
|-damage|p1a: Starmie|155\/261
|
|-boost|p2a: Porygon2|spe|1|[from] ability: Speed Boost
|turn|27
|
|move|p2a: Porygon2|Recover|p2a: Porygon2
|-heal|p2a: Porygon2|374\/374
|move|p1a: Starmie|Hydro Pump|p2a: Porygon2
|-damage|p2a: Porygon2|265\/374
|
|-boost|p2a: Porygon2|spe|1|[from] ability: Speed Boost
|turn|28
|
|move|p2a: Porygon2|Tri Attack|p1a: Starmie
|-damage|p1a: Starmie|41\/261
|move|p1a: Starmie|Hydro Pump|p2a: Porygon2
|-damage|p2a: Porygon2|166\/374
|
|turn|29
|
|move|p2a: Porygon2|Recover|p2a: Porygon2
|-heal|p2a: Porygon2|353\/374
|move|p1a: Starmie|Hydro Pump|p2a: Porygon2
|-damage|p2a: Porygon2|245\/374
|
|turn|30
|
|move|p2a: Porygon2|Tri Attack|p1a: Starmie
|-damage|p1a: Starmie|0 fnt
|faint|p1a: Starmie
|
|
|switch|p1a: Hydreigon|Hydreigon, M|325\/325
|turn|31
|
|move|p2a: Porygon2|Recover|p2a: Porygon2
|-heal|p2a: Porygon2|374\/374
|move|p1a: Hydreigon|Dragon Pulse|p2a: Porygon2
|-damage|p2a: Porygon2|272\/374
|
|turn|32
|
|move|p2a: Porygon2|Ice Beam|p1a: Hydreigon
|-supereffective|p1a: Hydreigon
|-damage|p1a: Hydreigon|159\/325
|-status|p1a: Hydreigon|frz
|cant|p1a: Hydreigon|frz
|
|turn|33
|c|âpokeblade101|Sorry
|c|âHentai Guy|Fuck Porygon
|c|âpokeblade101|Lol
|
|switch|p1a: Sharpedo|Sharpedo, M|281\/281
|move|p2a: Porygon2|Ice Beam|p1a: Sharpedo
|-resisted|p1a: Sharpedo
|-damage|p1a: Sharpedo|202\/281
|
|turn|34
|
|move|p1a: Sharpedo|Protect|p1a: Sharpedo
|-singleturn|p1a: Sharpedo|Protect
|move|p2a: Porygon2|Tri Attack|p1a: Sharpedo
|-activate|p1a: Sharpedo|Protect
|
|-boost|p1a: Sharpedo|spe|1|[from] ability: Speed Boost
|turn|35
|
|move|p2a: Porygon2|Tri Attack|p1a: Sharpedo
|-damage|p1a: Sharpedo|0 fnt
|faint|p1a: Sharpedo
|
|-message|Hentai Guy forfeited.
|
|win|pokeblade101
|raw|Ladder updating...
|leave|Hentai Guy
|player|p1
|raw|Hentai Guy's rating: 1523 &rarr; <strong>1500<\/strong><br \/>(-23 for losing)
|raw|pokeblade101's rating: 1466 &rarr; <strong>1489<\/strong><br \/>(+23 for winning)
|leave|pokeblade101
|player|p2
|join|pokeblade101