|join|KingEnvoy
|join|pokeblade101
|player|p1|KingEnvoy|293
|player|p2|pokeblade101|163
|gametype|singles
|gen|6
|tier|UU
|rule|Sleep Clause Mod: Limit one foe put to sleep
|rule|Species Clause: Limit one of each PokÃ©mon
|rule|OHKO Clause: OHKO moves are banned
|rule|Moody Clause: Moody is banned
|rule|Evasion Moves Clause: Evasion moves are banned
|rule|Endless Battle Clause: Forcing endless battles is banned
|rule|HP Percentage Mod: HP is shown in percentages
|clearpoke
|poke|p1|Steelix, M
|poke|p1|Hippowdon, F
|poke|p1|Alomomola, F, shiny
|poke|p1|Crobat, M
|poke|p1|Raikou, shiny
|poke|p1|Spiritomb, F, shiny
|poke|p2|Cresselia, F
|poke|p2|Ampharos, F
|poke|p2|Hippowdon, F
|poke|p2|Florges, F
|poke|p2|Suicune
|poke|p2|Crobat, M
|rule|Swagger Clause: Swagger is banned
|rule|Baton Pass Clause: Limit one PokÃ©mon knowing Baton Pass
|teampreview
|join|akenomepillas
|leave|akenomepillas
|c|âKingEnvoy|gl
|
|start
|switch|p1a: Crobat|Crobat, M|311\/311
|switch|p2a: Suicune|Suicune|404\/404
|-ability|p2a: Suicune|Pressure
|turn|1
|c|âpokeblade101|Gl
|
|move|p1a: Crobat|U-turn|p2a: Suicune
|-damage|p2a: Suicune|362\/404
|
|switch|p1a: Raikou|Raikou, shiny|322\/322
|-ability|p1a: Raikou|Pressure
|move|p2a: Suicune|Scald|p1a: Raikou
|-damage|p1a: Raikou|259\/322
|
|-heal|p2a: Suicune|387\/404|[from] item: Leftovers
|turn|2
|
|switch|p2a: Ampharos|Ampharos, F|384\/384
|move|p1a: Raikou|Volt Switch|p2a: Ampharos
|-resisted|p2a: Ampharos
|-damage|p2a: Ampharos|324\/384
|
|switch|p1a: Hippowdon|Hippowdon, F|420\/420
|-weather|Sandstorm
|
|-weather|Sandstorm|[upkeep]
|-damage|p2a: Ampharos|300\/384|[from] sandstorm
|turn|3
|
|switch|p2a: Crobat|Crobat, M|374\/374
|move|p1a: Hippowdon|Stealth Rock|p2a: Crobat
|-sidestart|p2: pokeblade101|move: Stealth Rock
|
|-weather|Sandstorm|[upkeep]
|-damage|p2a: Crobat|351\/374|[from] sandstorm
|-heal|p2a: Crobat|374\/374|[from] item: Black Sludge
|turn|4
|
|switch|p1a: Steelix|Steelix, M|338\/338
|move|p2a: Crobat|Defog|p1a: Steelix
|-unboost|p1a: Steelix|evasion|1
|-sideend|p2: pokeblade101|Stealth Rock|[from] move: Defog|[of] p2a: Crobat
|
|-weather|Sandstorm|[upkeep]
|-damage|p2a: Crobat|351\/374|[from] sandstorm
|-heal|p2a: Crobat|374\/374|[from] item: Black Sludge
|turn|5
|
|detailschange|p1a: Steelix|Steelix-Mega, M
|-mega|p1a: Steelix|Steelix|Steelixite
|move|p2a: Crobat|U-turn|p1a: Steelix
|-crit|p1a: Steelix
|-resisted|p1a: Steelix
|-damage|p1a: Steelix|319\/338
|c|âKingEnvoy|dat crit though
|
|switch|p2a: Hippowdon|Hippowdon, F|419\/419
|move|p1a: Steelix|Heavy Slam|p2a: Hippowdon
|-damage|p2a: Hippowdon|319\/419
|-damage|p1a: Steelix|263\/338|[from] item: Rocky Helmet|[of] p2a: Hippowdon
|
|-weather|Sandstorm|[upkeep]
|turn|6
|c|âpokeblade101|Ikr
|
|switch|p1a: Alomomola|Alomomola, F, shiny|534\/534
|move|p2a: Hippowdon|Stealth Rock|p1a: Alomomola
|-sidestart|p1: KingEnvoy|move: Stealth Rock
|
|-weather|none
|turn|7
|
|move|p1a: Alomomola|Toxic|p2a: Hippowdon
|-status|p2a: Hippowdon|tox
|move|p2a: Hippowdon|Toxic|p1a: Alomomola
|-status|p1a: Alomomola|tox
|
|-damage|p1a: Alomomola|501\/534 tox|[from] psn
|-damage|p2a: Hippowdon|293\/419 tox|[from] psn
|turn|8
|
|switch|p1a: Crobat|Crobat, M|311\/311
|-damage|p1a: Crobat|234\/311|[from] Stealth Rock
|switch|p2a: Florges|Florges, F|360\/360
|
|turn|9
|
|move|p1a: Crobat|Acrobatics|p2a: Florges
|-damage|p2a: Florges|146\/360
|move|p2a: Florges|Aromatherapy|p2a: Florges
|-cureteam|p2a: Florges|[from] move: Aromatherapy
|
|-heal|p2a: Florges|168\/360|[from] item: Leftovers
|turn|10
|
|switch|p2a: Hippowdon|Hippowdon, F|293\/419
|-weather|Sandstorm
|move|p1a: Crobat|Defog|p2a: Hippowdon
|-unboost|p2a: Hippowdon|evasion|1
|-sideend|p1: KingEnvoy|Stealth Rock|[from] move: Defog|[of] p1a: Crobat
|
|-weather|Sandstorm|[upkeep]
|-damage|p1a: Crobat|215\/311|[from] sandstorm
|turn|11
|
|switch|p1a: Alomomola|Alomomola, F, shiny|534\/534 tox
|move|p2a: Hippowdon|Stealth Rock|p1a: Alomomola
|-sidestart|p1: KingEnvoy|move: Stealth Rock
|
|-weather|Sandstorm|[upkeep]
|-damage|p1a: Alomomola|501\/534 tox|[from] sandstorm
|-heal|p1a: Alomomola|534\/534 tox|[from] item: Leftovers
|-damage|p1a: Alomomola|501\/534 tox|[from] psn
|turn|12
|
|switch|p2a: Florges|Florges, F|168\/360
|move|p1a: Alomomola|Wish|p1a: Alomomola
|
|-weather|Sandstorm|[upkeep]
|-damage|p2a: Florges|146\/360|[from] sandstorm
|-damage|p1a: Alomomola|468\/534 tox|[from] sandstorm
|-heal|p2a: Florges|168\/360|[from] item: Leftovers
|-heal|p1a: Alomomola|501\/534 tox|[from] item: Leftovers
|-damage|p1a: Alomomola|435\/534 tox|[from] psn
|turn|13
|
|switch|p1a: Steelix|Steelix-Mega, M|263\/338
|-damage|p1a: Steelix|253\/338|[from] Stealth Rock
|move|p2a: Florges|Wish|p2a: Florges
|
|-weather|Sandstorm|[upkeep]
|-damage|p2a: Florges|146\/360|[from] sandstorm
|-heal|p1a: Steelix|338\/338|[from] move: Wish|[wisher] Alomomola
|-heal|p2a: Florges|168\/360|[from] item: Leftovers
|turn|14
|join|Christo m8
|
|move|p2a: Florges|Protect|p2a: Florges
|-singleturn|p2a: Florges|Protect
|move|p1a: Steelix|Stone Edge|p2a: Florges
|-activate|p2a: Florges|Protect
|
|-weather|none
|-heal|p2a: Florges|348\/360|[from] move: Wish|[wisher] Florges
|-heal|p2a: Florges|360\/360|[from] item: Leftovers
|turn|15
|c|âpokeblade101|Hi christo
|c| Christo m8|stall against stall, how nice
|
|switch|p2a: Hippowdon|Hippowdon, F|293\/419
|-weather|Sandstorm
|move|p1a: Steelix|Ice Fang|p2a: Hippowdon
|-supereffective|p2a: Hippowdon
|-damage|p2a: Hippowdon|191\/419
|-damage|p1a: Steelix|282\/338|[from] item: Rocky Helmet|[of] p2a: Hippowdon
|-status|p2a: Hippowdon|frz
|
|-weather|Sandstorm|[upkeep]
|turn|16
|c|âpokeblade101|Wtf
|
|cant|p2a: Hippowdon|frz
|move|p1a: Steelix|Earthquake|p2a: Hippowdon
|-damage|p2a: Hippowdon|26\/419 frz
|
|-weather|Sandstorm|[upkeep]
|turn|17
|
|cant|p2a: Hippowdon|frz
|move|p1a: Steelix|Heavy Slam|p2a: Hippowdon
|-crit|p2a: Hippowdon
|-damage|p2a: Hippowdon|0 fnt
|-damage|p1a: Steelix|226\/338|[from] item: Rocky Helmet|[of] p2a: Hippowdon
|faint|p2a: Hippowdon
|
|-weather|Sandstorm|[upkeep]
|c|âKingEnvoy|srry
|c|âpokeblade101|That is crap
|c|âKingEnvoy|ik
|c|âpokeblade101|That cost me alot there
|c| Christo m8|must be nice
|
|switch|p2a: Suicune|Suicune|387\/404
|-ability|p2a: Suicune|Pressure
|turn|18
|c|âpokeblade101|Yup
|
|switch|p1a: Raikou|Raikou, shiny|259\/322
|-damage|p1a: Raikou|219\/322|[from] Stealth Rock
|-ability|p1a: Raikou|Pressure
|move|p2a: Suicune|Calm Mind|p2a: Suicune
|-boost|p2a: Suicune|spa|1
|-boost|p2a: Suicune|spd|1
|
|-weather|Sandstorm|[upkeep]
|-damage|p1a: Raikou|199\/322|[from] sandstorm
|-damage|p2a: Suicune|362\/404|[from] sandstorm
|-heal|p2a: Suicune|387\/404|[from] item: Leftovers
|turn|19
|
|move|p1a: Raikou|Thunderbolt|p2a: Suicune
|-supereffective|p2a: Suicune
|-damage|p2a: Suicune|213\/404
|move|p2a: Suicune|Calm Mind|p2a: Suicune
|-boost|p2a: Suicune|spa|1
|-boost|p2a: Suicune|spd|1
|
|-weather|none
|-heal|p2a: Suicune|238\/404|[from] item: Leftovers
|turn|20
|
|move|p1a: Raikou|Thunderbolt|p2a: Suicune
|-supereffective|p2a: Suicune
|-damage|p2a: Suicune|116\/404
|move|p2a: Suicune|Rest|p2a: Suicune
|-status|p2a: Suicune|slp
|-heal|p2a: Suicune|404\/404 slp|[silent]
|-status|p2a: Suicune|slp|[from] move: Rest
|
|turn|21
|
|switch|p1a: Hippowdon|Hippowdon, F|420\/420
|-damage|p1a: Hippowdon|394\/420|[from] Stealth Rock
|-weather|Sandstorm
|cant|p2a: Suicune|slp
|move|p2a: Suicune|Sleep Talk|p2a: Suicune
|move|p2a: Suicune|Rest|p2a: Suicune|[from]Sleep Talk
|-fail|p2a: Suicune
|
|-weather|Sandstorm|[upkeep]
|-damage|p2a: Suicune|379\/404 slp|[from] sandstorm
|-heal|p2a: Suicune|404\/404 slp|[from] item: Leftovers
|-heal|p1a: Hippowdon|420\/420|[from] item: Leftovers
|turn|22
|c|âpokeblade101|If u crit me thehax gods are hating me
|
|cant|p2a: Suicune|slp
|move|p2a: Suicune|Sleep Talk|p2a: Suicune
|move|p2a: Suicune|Rest|p2a: Suicune|[from]Sleep Talk
|-fail|p2a: Suicune
|move|p1a: Hippowdon|Roar|p2a: Suicune
|drag|p2a: Ampharos|Ampharos, F|300\/384
|
|-weather|Sandstorm|[upkeep]
|-damage|p2a: Ampharos|276\/384|[from] sandstorm
|turn|23
|c|âpokeblade101|I hate this game
|
|switch|p2a: Cresselia|Cresselia, F|444\/444
|move|p1a: Hippowdon|Stealth Rock|p2a: Cresselia
|-sidestart|p2: pokeblade101|move: Stealth Rock
|
|-weather|Sandstorm|[upkeep]
|-damage|p2a: Cresselia|417\/444|[from] sandstorm
|-heal|p2a: Cresselia|444\/444|[from] item: Leftovers
|turn|24
|
|switch|p1a: Spiritomb|Spiritomb, F, shiny|304\/304
|-damage|p1a: Spiritomb|266\/304|[from] Stealth Rock
|move|p2a: Cresselia|Calm Mind|p2a: Cresselia
|-boost|p2a: Cresselia|spa|1
|-boost|p2a: Cresselia|spd|1
|
|-weather|Sandstorm|[upkeep]
|-damage|p2a: Cresselia|417\/444|[from] sandstorm
|-damage|p1a: Spiritomb|247\/304|[from] sandstorm
|-heal|p2a: Cresselia|444\/444|[from] item: Leftovers
|-heal|p1a: Spiritomb|266\/304|[from] item: Leftovers
|turn|25
|
|move|p2a: Cresselia|Moonblast|p1a: Spiritomb
|-supereffective|p1a: Spiritomb
|-damage|p1a: Spiritomb|28\/304
|-unboost|p1a: Spiritomb|spa|1
|move|p1a: Spiritomb|Calm Mind|p1a: Spiritomb
|-boost|p1a: Spiritomb|spa|1
|-boost|p1a: Spiritomb|spd|1
|
|-weather|none
|-heal|p1a: Spiritomb|47\/304|[from] item: Leftovers
|turn|26
|
|move|p1a: Spiritomb|Sucker Punch|p2a: Cresselia
|-supereffective|p2a: Cresselia
|-damage|p2a: Cresselia|304\/444
|move|p2a: Cresselia|Moonblast|p1a: Spiritomb
|-supereffective|p1a: Spiritomb
|-damage|p1a: Spiritomb|0 fnt
|faint|p1a: Spiritomb
|
|-heal|p2a: Cresselia|331\/444|[from] item: Leftovers
|
|switch|p1a: Steelix|Steelix-Mega, M|226\/338
|-damage|p1a: Steelix|216\/338|[from] Stealth Rock
|turn|27
|
|move|p2a: Cresselia|Moonblast|p1a: Steelix
|-resisted|p1a: Steelix
|-damage|p1a: Steelix|161\/338
|-unboost|p1a: Steelix|spa|1
|move|p1a: Steelix|Heavy Slam|p2a: Cresselia
|-damage|p2a: Cresselia|166\/444
|
|-heal|p2a: Cresselia|193\/444|[from] item: Leftovers
|turn|28
|
|switch|p1a: Alomomola|Alomomola, F, shiny|534\/534 tox
|-damage|p1a: Alomomola|468\/534 tox|[from] Stealth Rock
|move|p2a: Cresselia|Moonlight|p2a: Cresselia
|-heal|p2a: Cresselia|415\/444
|
|-heal|p2a: Cresselia|442\/444|[from] item: Leftovers
|-heal|p1a: Alomomola|501\/534 tox|[from] item: Leftovers
|-damage|p1a: Alomomola|468\/534 tox|[from] psn
|turn|29
|
|switch|p2a: Crobat|Crobat, M|374\/374
|-damage|p2a: Crobat|281\/374|[from] Stealth Rock
|move|p1a: Alomomola|Wish|p1a: Alomomola
|
|-heal|p2a: Crobat|304\/374|[from] item: Black Sludge
|-heal|p1a: Alomomola|501\/534 tox|[from] item: Leftovers
|-damage|p1a: Alomomola|435\/534 tox|[from] psn
|turn|30
|
|switch|p1a: Steelix|Steelix-Mega, M|161\/338
|-damage|p1a: Steelix|151\/338|[from] Stealth Rock
|move|p2a: Crobat|Defog|p1a: Steelix
|-unboost|p1a: Steelix|evasion|1
|-sideend|p1: KingEnvoy|Stealth Rock|[from] move: Defog|[of] p1a: Steelix
|-sideend|p2: pokeblade101|Stealth Rock|[from] move: Defog|[of] p2a: Crobat
|
|-heal|p1a: Steelix|338\/338|[from] move: Wish|[wisher] Alomomola
|-heal|p2a: Crobat|327\/374|[from] item: Black Sludge
|turn|31
|
|switch|p2a: Suicune|Suicune|404\/404 slp
|-ability|p2a: Suicune|Pressure
|move|p1a: Steelix|Earthquake|p2a: Suicune
|-damage|p2a: Suicune|283\/404 slp
|
|-heal|p2a: Suicune|308\/404 slp|[from] item: Leftovers
|turn|32
|
|switch|p1a: Raikou|Raikou, shiny|199\/322
|-ability|p1a: Raikou|Pressure
|-curestatus|p2a: Suicune|slp
|move|p2a: Suicune|Scald|p1a: Raikou
|-damage|p1a: Raikou|145\/322
|-status|p1a: Raikou|brn
|
|-heal|p2a: Suicune|333\/404|[from] item: Leftovers
|-damage|p1a: Raikou|105\/322 brn|[from] brn
|turn|33
|c|âpokeblade101|This match isstill in my favor
|c|âKingEnvoy|ik
|
|switch|p2a: Ampharos|Ampharos, F|276\/384
|move|p1a: Raikou|Volt Switch|p2a: Ampharos
|-resisted|p2a: Ampharos
|-damage|p2a: Ampharos|212\/384
|c|âpokeblade101|Once suicune doesnt die
|
|switch|p1a: Hippowdon|Hippowdon, F|420\/420
|-weather|Sandstorm
|
|-weather|Sandstorm|[upkeep]
|-damage|p2a: Ampharos|188\/384|[from] sandstorm
|turn|34
|
|switch|p2a: Crobat|Crobat, M|327\/374
|move|p1a: Hippowdon|Earthquake|p2a: Crobat
|-immune|p2a: Crobat|[msg]
|
|-weather|Sandstorm|[upkeep]
|-damage|p2a: Crobat|304\/374|[from] sandstorm
|-heal|p2a: Crobat|327\/374|[from] item: Black Sludge
|turn|35
|
|move|p2a: Crobat|Roost|p2a: Crobat
|-heal|p2a: Crobat|374\/374
|move|p1a: Hippowdon|Roar|p2a: Crobat
|drag|p2a: Suicune|Suicune|333\/404
|-ability|p2a: Suicune|Pressure
|
|-weather|Sandstorm|[upkeep]
|-damage|p2a: Suicune|308\/404|[from] sandstorm
|-heal|p2a: Suicune|333\/404|[from] item: Leftovers
|turn|36
|
|move|p2a: Suicune|Scald|p1a: Hippowdon
|-supereffective|p1a: Hippowdon
|-damage|p1a: Hippowdon|240\/420
|move|p1a: Hippowdon|Roar|p2a: Suicune
|drag|p2a: Florges|Florges, F|360\/360
|
|-weather|Sandstorm|[upkeep]
|-damage|p2a: Florges|338\/360|[from] sandstorm
|-heal|p2a: Florges|360\/360|[from] item: Leftovers
|-heal|p1a: Hippowdon|266\/420|[from] item: Leftovers
|turn|37
|
|switch|p1a: Alomomola|Alomomola, F, shiny|534\/534 tox
|move|p2a: Florges|Wish|p2a: Florges
|
|-weather|none
|-damage|p1a: Alomomola|501\/534 tox|[from] psn
|turn|38
|
|switch|p2a: Ampharos|Ampharos, F|188\/384
|move|p1a: Alomomola|Wish|p1a: Alomomola
|
|-heal|p2a: Ampharos|368\/384|[from] move: Wish|[wisher] Florges
|-heal|p1a: Alomomola|534\/534 tox|[from] item: Leftovers
|-damage|p1a: Alomomola|468\/534 tox|[from] psn
|turn|39
|c|âpokeblade101|Finally mega evolving
|
|switch|p1a: Hippowdon|Hippowdon, F|266\/420
|-weather|Sandstorm
|detailschange|p2a: Ampharos|Ampharos-Mega, F
|-mega|p2a: Ampharos|Ampharos|Ampharosite
|-ability|p2a: Ampharos|Mold Breaker
|move|p2a: Ampharos|Dragon Pulse|p1a: Hippowdon
|-damage|p1a: Hippowdon|71\/420
|
|-weather|Sandstorm|[upkeep]
|-damage|p2a: Ampharos|344\/384|[from] sandstorm
|-heal|p1a: Hippowdon|338\/420|[from] move: Wish|[wisher] Alomomola
|-heal|p1a: Hippowdon|364\/420|[from] item: Leftovers
|turn|40
|c|âpokeblade101|Wel crap
|c|âpokeblade101|Well
|join|Asturias
|
|switch|p2a: Crobat|Crobat, M|374\/374
|move|p1a: Hippowdon|Stealth Rock|p2a: Crobat
|-sidestart|p2: pokeblade101|move: Stealth Rock
|
|-weather|Sandstorm|[upkeep]
|-damage|p2a: Crobat|351\/374|[from] sandstorm
|-heal|p2a: Crobat|374\/374|[from] item: Black Sludge
|-heal|p1a: Hippowdon|390\/420|[from] item: Leftovers
|turn|41
|
|switch|p1a: Steelix|Steelix-Mega, M|338\/338
|move|p2a: Crobat|Defog|p1a: Steelix
|-unboost|p1a: Steelix|evasion|1
|-sideend|p2: pokeblade101|Stealth Rock|[from] move: Defog|[of] p2a: Crobat
|
|-weather|Sandstorm|[upkeep]
|-damage|p2a: Crobat|351\/374|[from] sandstorm
|-heal|p2a: Crobat|374\/374|[from] item: Black Sludge
|turn|42
|
|move|p2a: Crobat|U-turn|p1a: Steelix
|-resisted|p1a: Steelix
|-damage|p1a: Steelix|325\/338
|
|switch|p2a: Suicune|Suicune|333\/404
|-ability|p2a: Suicune|Pressure
|move|p1a: Steelix|Earthquake|p2a: Suicune
|-damage|p2a: Suicune|171\/404
|
|-weather|Sandstorm|[upkeep]
|-damage|p2a: Suicune|146\/404|[from] sandstorm
|-heal|p2a: Suicune|171\/404|[from] item: Leftovers
|turn|43
|
|move|p2a: Suicune|Scald|p1a: Steelix
|-supereffective|p1a: Steelix
|-damage|p1a: Steelix|143\/338
|move|p1a: Steelix|Earthquake|p2a: Suicune
|-damage|p2a: Suicune|0 fnt
|faint|p2a: Suicune
|
|-weather|none
|c|âpokeblade101|Noooo
|
|switch|p2a: Ampharos|Ampharos-Mega, F|344\/384
|-ability|p2a: Ampharos|Mold Breaker
|turn|44
|
|switch|p1a: Raikou|Raikou, shiny|105\/322 brn
|-ability|p1a: Raikou|Pressure
|move|p2a: Ampharos|Focus Blast|p1a: Raikou
|-damage|p1a: Raikou|0 fnt
|faint|p1a: Raikou
|
|
|switch|p1a: Hippowdon|Hippowdon, F|390\/420
|-weather|Sandstorm
|turn|45
|join|Naruto(sage)
|
|switch|p1a: Alomomola|Alomomola, F, shiny|534\/534 tox
|switch|p2a: Crobat|Crobat, M|374\/374
|
|-weather|Sandstorm|[upkeep]
|-damage|p2a: Crobat|351\/374|[from] sandstorm
|-damage|p1a: Alomomola|501\/534 tox|[from] sandstorm
|-heal|p2a: Crobat|374\/374|[from] item: Black Sludge
|-heal|p1a: Alomomola|534\/534 tox|[from] item: Leftovers
|-damage|p1a: Alomomola|501\/534 tox|[from] psn
|turn|46
|c| Christo m8|i missed this tourney by like a minute
|c|âpokeblade101|Lol
|
|move|p2a: Crobat|U-turn|p1a: Alomomola
|-damage|p1a: Alomomola|455\/534 tox
|c|âpokeblade101|Suicune dying was alot of pain
|
|switch|p2a: Ampharos|Ampharos-Mega, F|344\/384
|-ability|p2a: Ampharos|Mold Breaker
|move|p1a: Alomomola|Wish|p1a: Alomomola
|
|-weather|Sandstorm|[upkeep]
|-damage|p1a: Alomomola|422\/534 tox|[from] sandstorm
|-damage|p2a: Ampharos|320\/384|[from] sandstorm
|-heal|p1a: Alomomola|455\/534 tox|[from] item: Leftovers
|-damage|p1a: Alomomola|389\/534 tox|[from] psn
|turn|47
|c|âpokeblade101|That damage roll was off
|join|Ult Sasuke(Susanoo
|
|switch|p1a: Hippowdon|Hippowdon, F|390\/420
|move|p2a: Ampharos|Focus Blast|p1a: Hippowdon
|-damage|p1a: Hippowdon|217\/420
|
|-weather|Sandstorm|[upkeep]
|-damage|p2a: Ampharos|296\/384|[from] sandstorm
|-heal|p1a: Hippowdon|420\/420|[from] move: Wish|[wisher] Alomomola
|turn|48
|join|Pancakesviolin
|
|switch|p2a: Cresselia|Cresselia, F|442\/444
|move|p1a: Hippowdon|Earthquake|p2a: Cresselia
|-immune|p2a: Cresselia|[msg]
|
|-weather|Sandstorm|[upkeep]
|-damage|p2a: Cresselia|415\/444|[from] sandstorm
|-heal|p2a: Cresselia|442\/444|[from] item: Leftovers
|turn|49
|c|âpokeblade101|I dont mind suicune dying but it was better for me if suicune was here
|
|switch|p2a: Crobat|Crobat, M|374\/374
|move|p1a: Hippowdon|Roar|p2a: Crobat
|drag|p2a: Florges|Florges, F|360\/360
|
|-weather|none
|turn|50
|
|move|p2a: Florges|Wish|p2a: Florges
|move|p1a: Hippowdon|Stealth Rock|p2a: Florges
|-sidestart|p2: pokeblade101|move: Stealth Rock
|
|turn|51
|
|move|p2a: Florges|Moonblast|p1a: Hippowdon
|-damage|p1a: Hippowdon|290\/420
|move|p1a: Hippowdon|Roar|p2a: Florges
|drag|p2a: Ampharos|Ampharos-Mega, F|296\/384
|-damage|p2a: Ampharos|248\/384|[from] Stealth Rock
|-ability|p2a: Ampharos|Mold Breaker
|
|-heal|p2a: Ampharos|384\/384|[from] move: Wish|[wisher] Florges
|-heal|p1a: Hippowdon|316\/420|[from] item: Leftovers
|turn|52
|
|switch|p2a: Crobat|Crobat, M|374\/374
|-damage|p2a: Crobat|281\/374|[from] Stealth Rock
|move|p1a: Hippowdon|Earthquake|p2a: Crobat
|-immune|p2a: Crobat|[msg]
|
|-heal|p2a: Crobat|304\/374|[from] item: Black Sludge
|-heal|p1a: Hippowdon|342\/420|[from] item: Leftovers
|turn|53
|
|switch|p1a: Steelix|Steelix-Mega, M|143\/338
|move|p2a: Crobat|Defog|p1a: Steelix
|-unboost|p1a: Steelix|evasion|1
|-sideend|p2: pokeblade101|Stealth Rock|[from] move: Defog|[of] p2a: Crobat
|
|-heal|p2a: Crobat|327\/374|[from] item: Black Sludge
|turn|54
|
|move|p2a: Crobat|U-turn|p1a: Steelix
|-resisted|p1a: Steelix
|-damage|p1a: Steelix|131\/338
|
|switch|p2a: Cresselia|Cresselia, F|442\/444
|move|p1a: Steelix|Ice Fang|p2a: Cresselia
|-damage|p2a: Cresselia|373\/444
|
|-heal|p2a: Cresselia|400\/444|[from] item: Leftovers
|turn|55
|
|switch|p1a: Alomomola|Alomomola, F, shiny|534\/534 tox
|move|p2a: Cresselia|Calm Mind|p2a: Cresselia
|-boost|p2a: Cresselia|spa|1
|-boost|p2a: Cresselia|spd|1
|
|-heal|p2a: Cresselia|427\/444|[from] item: Leftovers
|-damage|p1a: Alomomola|501\/534 tox|[from] psn
|turn|56
|
|move|p2a: Cresselia|Calm Mind|p2a: Cresselia
|-boost|p2a: Cresselia|spa|1
|-boost|p2a: Cresselia|spd|1
|move|p1a: Alomomola|Wish|p1a: Alomomola
|
|-heal|p2a: Cresselia|444\/444|[from] item: Leftovers
|-heal|p1a: Alomomola|534\/534 tox|[from] item: Leftovers
|-damage|p1a: Alomomola|468\/534 tox|[from] psn
|turn|57
|c| Christo m8|do u win with this?
|
|switch|p1a: Steelix|Steelix-Mega, M|131\/338
|move|p2a: Cresselia|Calm Mind|p2a: Cresselia
|-boost|p2a: Cresselia|spa|1
|-boost|p2a: Cresselia|spd|1
|
|-heal|p1a: Steelix|338\/338|[from] move: Wish|[wisher] Alomomola
|turn|58
|c|âpokeblade101|Not really
|c|âpokeblade101|But
|
|switch|p1a: Crobat|Crobat, M|215\/311
|move|p2a: Cresselia|Moonblast|p1a: Crobat
|-resisted|p1a: Crobat
|-damage|p1a: Crobat|103\/311
|-unboost|p1a: Crobat|spa|1
|
|turn|59
|c|âpokeblade101|He cant do anything do me
|
|move|p1a: Crobat|Roost|p1a: Crobat
|-heal|p1a: Crobat|259\/311
|move|p2a: Cresselia|Calm Mind|p2a: Cresselia
|-boost|p2a: Cresselia|spa|1
|-boost|p2a: Cresselia|spd|1
|
|turn|60
|join|Baseballs2
|
|move|p1a: Crobat|Acrobatics|p2a: Cresselia
|-damage|p2a: Cresselia|333\/444
|move|p2a: Cresselia|Calm Mind|p2a: Cresselia
|-boost|p2a: Cresselia|spa|1
|-boost|p2a: Cresselia|spd|1
|
|-heal|p2a: Cresselia|360\/444|[from] item: Leftovers
|turn|61
|c|âpokeblade101|I well denthis team with this
|
|move|p1a: Crobat|U-turn|p2a: Cresselia
|-supereffective|p2a: Cresselia
|-damage|p2a: Cresselia|256\/444
|leave|Asturias
|
|switch|p1a: Hippowdon|Hippowdon, F|342\/420
|-weather|Sandstorm
|move|p2a: Cresselia|Calm Mind|p2a: Cresselia
|-boost|p2a: Cresselia|spa|1
|-boost|p2a: Cresselia|spd|1
|
|-weather|Sandstorm|[upkeep]
|-damage|p2a: Cresselia|229\/444|[from] sandstorm
|-heal|p2a: Cresselia|256\/444|[from] item: Leftovers
|-heal|p1a: Hippowdon|368\/420|[from] item: Leftovers
|turn|62
|
|move|p2a: Cresselia|Moonblast|p1a: Hippowdon
|-damage|p1a: Hippowdon|43\/420
|move|p1a: Hippowdon|Roar|p2a: Cresselia
|drag|p2a: Ampharos|Ampharos-Mega, F|384\/384
|-ability|p2a: Ampharos|Mold Breaker
|
|-weather|Sandstorm|[upkeep]
|-damage|p2a: Ampharos|360\/384|[from] sandstorm
|-heal|p1a: Hippowdon|69\/420|[from] item: Leftovers
|turn|63
|
|move|p1a: Hippowdon|Slack Off|p1a: Hippowdon
|-heal|p1a: Hippowdon|279\/420
|move|p2a: Ampharos|Dragon Pulse|p1a: Hippowdon
|-damage|p1a: Hippowdon|77\/420
|
|-weather|Sandstorm|[upkeep]
|-damage|p2a: Ampharos|336\/384|[from] sandstorm
|-heal|p1a: Hippowdon|103\/420|[from] item: Leftovers
|turn|64
|join|Pancakesviolin
|leave|Pancakesviolin
|
|move|p1a: Hippowdon|Slack Off|p1a: Hippowdon
|-heal|p1a: Hippowdon|313\/420
|move|p2a: Ampharos|Dragon Pulse|p1a: Hippowdon
|-damage|p1a: Hippowdon|135\/420
|
|-weather|Sandstorm|[upkeep]
|-damage|p2a: Ampharos|312\/384|[from] sandstorm
|-heal|p1a: Hippowdon|161\/420|[from] item: Leftovers
|turn|65
|
|switch|p2a: Cresselia|Cresselia, F|256\/444
|move|p1a: Hippowdon|Earthquake|p2a: Cresselia
|-immune|p2a: Cresselia|[msg]
|
|-weather|none
|-heal|p2a: Cresselia|283\/444|[from] item: Leftovers
|-heal|p1a: Hippowdon|187\/420|[from] item: Leftovers
|turn|66
|
|move|p2a: Cresselia|Moonblast|p1a: Hippowdon
|-damage|p1a: Hippowdon|110\/420
|move|p1a: Hippowdon|Slack Off|p1a: Hippowdon
|-heal|p1a: Hippowdon|320\/420
|
|-heal|p2a: Cresselia|310\/444|[from] item: Leftovers
|-heal|p1a: Hippowdon|346\/420|[from] item: Leftovers
|turn|67
|c|âpokeblade101|I hate hippowdown for this
|c|âpokeblade101|But that freeze on hippowdown was the game changer
|c| Naruto(sage)|hippowdon the real mvp
|
|move|p2a: Cresselia|Moonblast|p1a: Hippowdon
|-damage|p1a: Hippowdon|274\/420
|-unboost|p1a: Hippowdon|spa|1
|move|p1a: Hippowdon|Roar|p2a: Cresselia
|drag|p2a: Ampharos|Ampharos-Mega, F|312\/384
|-ability|p2a: Ampharos|Mold Breaker
|
|-heal|p1a: Hippowdon|300\/420|[from] item: Leftovers
|turn|68
|
|switch|p2a: Cresselia|Cresselia, F|310\/444
|move|p1a: Hippowdon|Stealth Rock|p2a: Cresselia
|-sidestart|p2: pokeblade101|move: Stealth Rock
|
|-heal|p2a: Cresselia|337\/444|[from] item: Leftovers
|-heal|p1a: Hippowdon|326\/420|[from] item: Leftovers
|turn|69
|c|âpokeblade101|Hippowdon is the only thing standing in my way
|c| Christo m8|u have nothing for it
|c| Christo m8|just need to pp stall it
|c|âpokeblade101|If suicune was here
|
|switch|p1a: Alomomola|Alomomola, F, shiny|534\/534 tox
|move|p2a: Cresselia|Moonblast|p1a: Alomomola
|-damage|p1a: Alomomola|410\/534 tox
|
|-heal|p2a: Cresselia|364\/444|[from] item: Leftovers
|-heal|p1a: Alomomola|443\/534 tox|[from] item: Leftovers
|-damage|p1a: Alomomola|410\/534 tox|[from] psn
|turn|70
|
|switch|p2a: Ampharos|Ampharos-Mega, F|312\/384
|-damage|p2a: Ampharos|264\/384|[from] Stealth Rock
|-ability|p2a: Ampharos|Mold Breaker
|move|p1a: Alomomola|Toxic|p2a: Ampharos
|-status|p2a: Ampharos|tox
|
|-heal|p1a: Alomomola|443\/534 tox|[from] item: Leftovers
|-damage|p1a: Alomomola|377\/534 tox|[from] psn
|-damage|p2a: Ampharos|240\/384 tox|[from] psn
|turn|71
|join|bdrayk2
|c|âpokeblade101|Alomomola annoying too
|
|switch|p1a: Hippowdon|Hippowdon, F|326\/420
|-weather|Sandstorm
|move|p2a: Ampharos|Dragon Pulse|p1a: Hippowdon
|-damage|p1a: Hippowdon|146\/420
|
|-weather|Sandstorm|[upkeep]
|-damage|p2a: Ampharos|216\/384 tox|[from] sandstorm
|-heal|p1a: Hippowdon|172\/420|[from] item: Leftovers
|-damage|p2a: Ampharos|168\/384 tox|[from] psn
|turn|72
|c|âpokeblade101|Cant stall roar though
|c| Ult Sasuke(Susanoo|the bulk is real
|c|âpokeblade101|Have to stall slack off
|c| Christo m8|it sucks that amph is slower than this hippo
|
|switch|p2a: Crobat|Crobat, M|327\/374
|-damage|p2a: Crobat|234\/374|[from] Stealth Rock
|move|p1a: Hippowdon|Slack Off|p1a: Hippowdon
|-heal|p1a: Hippowdon|382\/420
|
|-weather|Sandstorm|[upkeep]
|-damage|p2a: Crobat|211\/374|[from] sandstorm
|-heal|p2a: Crobat|234\/374|[from] item: Black Sludge
|-heal|p1a: Hippowdon|408\/420|[from] item: Leftovers
|turn|73
|c|âpokeblade101|Yup
|
|switch|p1a: Steelix|Steelix-Mega, M|338\/338
|move|p2a: Crobat|Defog|p1a: Steelix
|-unboost|p1a: Steelix|evasion|1
|-sideend|p2: pokeblade101|Stealth Rock|[from] move: Defog|[of] p2a: Crobat
|
|-weather|Sandstorm|[upkeep]
|-damage|p2a: Crobat|211\/374|[from] sandstorm
|-heal|p2a: Crobat|234\/374|[from] item: Black Sludge
|turn|74
|c| Christo m8|u should speed creep that for next time
|c|âpokeblade101|Wait steelix is full
|c|âKingEnvoy|wish passd
|c|âpokeblade101|I hate that suicune got max damage and no burn
|c|âpokeblade101|U are getting lucky my son
|
|move|p2a: Crobat|U-turn|p1a: Steelix
|-resisted|p1a: Steelix
|-damage|p1a: Steelix|326\/338
|
|switch|p2a: Cresselia|Cresselia, F|364\/444
|move|p1a: Steelix|Heavy Slam|p2a: Cresselia
|-crit|p2a: Cresselia
|-damage|p2a: Cresselia|42\/444
|
|-weather|Sandstorm|[upkeep]
|-damage|p2a: Cresselia|15\/444|[from] sandstorm
|-heal|p2a: Cresselia|42\/444|[from] item: Leftovers
|turn|75
|c|âpokeblade101|See?
|
|move|p2a: Cresselia|Moonlight|p2a: Cresselia
|-heal|p2a: Cresselia|153\/444
|move|p1a: Steelix|Heavy Slam|p2a: Cresselia
|-damage|p2a: Cresselia|0 fnt
|faint|p2a: Cresselia
|
|-weather|none
|c|âpokeblade101|Gg damn crit
|c| Naruto(sage)|the new meta
|c|âpokeblade101|Stupidness
|c| Naruto(sage)|the crits are coming
|join|akenomepillas
|c|âpokeblade101|I had this game easily but noooo
|c| Ult Sasuke(Susanoo|get the squirtle squad
|c|âpokeblade101|That stupid freeze messed up everything
|c|âpokeblade101|I hate ppl that get hax to win damn it
|-message|pokeblade101 forfeited.
|leave|pokeblade101
|c| Naruto(sage)|gg
|
|win|KingEnvoy