|join|pokeblade101
|join|Tewmew alt
|player|p1|pokeblade101|163
|player|p2|Tewmew alt|43
|gametype|singles
|gen|6
|tier|UU
|rated
|rule|Sleep Clause Mod: Limit one foe put to sleep
|rule|Species Clause: Limit one of each PokÃ©mon
|rule|OHKO Clause: OHKO moves are banned
|rule|Moody Clause: Moody is banned
|rule|Evasion Moves Clause: Evasion moves are banned
|rule|Endless Battle Clause: Forcing endless battles is banned
|rule|HP Percentage Mod: HP is shown in percentages
|clearpoke
|poke|p1|Hippowdon, F
|poke|p1|Scrafty, M
|poke|p1|Crobat, F
|poke|p1|Jirachi
|poke|p1|Vaporeon, F
|poke|p1|Sceptile, M
|poke|p2|Gallade, M
|poke|p2|Krookodile, M
|poke|p2|Whimsicott, M
|poke|p2|Snorlax, F
|poke|p2|Alomomola, F
|poke|p2|Crobat, F
|rule|Swagger Clause: Swagger is banned
|rule|Baton Pass Clause: Limit one PokÃ©mon knowing Baton Pass
|teampreview
|c|âTewmew alt|idk if i can beat this tbh
|c|âpokeblade101|Idk if i can beat yours either
|
|start
|switch|p1a: Crobat|Crobat, F|374\/374
|switch|p2a: Whimsicott|Whimsicott, M|273\/273
|turn|1
|
|switch|p2a: Alomomola|Alomomola, F|534\/534
|move|p1a: Crobat|Brave Bird|p2a: Alomomola
|-damage|p2a: Alomomola|419\/534
|-damage|p1a: Crobat|312\/374|[from] item: Rocky Helmet|[of] p2a: Alomomola
|-damage|p1a: Crobat|274\/374|[from] recoil|[of] p2a: Alomomola
|
|-heal|p1a: Crobat|297\/374|[from] item: Black Sludge
|turn|2
|
|switch|p1a: Sceptile|Sceptile, M|282\/282
|move|p2a: Alomomola|Wish|p2a: Alomomola
|
|turn|3
|
|switch|p2a: Crobat|Crobat, F|374\/374
|detailschange|p1a: Sceptile|Sceptile-Mega, M
|message|Sceptile has Mega Evolved into Mega Sceptile!
|move|p1a: Sceptile|Giga Drain|p2a: Crobat
|-resisted|p2a: Crobat
|-damage|p2a: Crobat|333\/374
|
|-heal|p2a: Crobat|374\/374|[from] move: Wish|[wisher] Alomomola
|turn|4
|
|switch|p1a: Hippowdon|Hippowdon, F|420\/420
|-weather|Sandstorm
|move|p2a: Crobat|U-turn|p1a: Hippowdon
|-damage|p1a: Hippowdon|384\/420
|-damage|p2a: Crobat|312\/374|[from] item: Rocky Helmet|[of] p1a: Hippowdon
|
|switch|p2a: Krookodile|Krookodile, M|331\/331
|-ability|p2a: Krookodile|Intimidate|[of] p1a: Hippowdon
|-unboost|p1a: Hippowdon|atk|1
|
|-weather|Sandstorm|[upkeep]
|turn|5
|
|move|p2a: Krookodile|Knock Off|p1a: Hippowdon
|-damage|p1a: Hippowdon|244\/420
|-damage|p2a: Krookodile|276\/331|[from] item: Rocky Helmet|[of] p1a: Hippowdon
|-enditem|p1a: Hippowdon|Rocky Helmet|[from] move: Knock Off|[of] p2a: Krookodile
|-damage|p2a: Krookodile|243\/331|[from] item: Life Orb
|move|p1a: Hippowdon|Toxic|p2a: Krookodile
|-status|p2a: Krookodile|tox
|
|-weather|Sandstorm|[upkeep]
|-damage|p2a: Krookodile|223\/331 tox|[from] psn
|turn|6
|
|move|p2a: Krookodile|Earthquake|p1a: Hippowdon
|-damage|p1a: Hippowdon|100\/420
|-damage|p2a: Krookodile|190\/331 tox|[from] item: Life Orb
|move|p1a: Hippowdon|Slack Off|p1a: Hippowdon
|-heal|p1a: Hippowdon|310\/420
|
|-weather|Sandstorm|[upkeep]
|-damage|p2a: Krookodile|150\/331 tox|[from] psn
|turn|7
|
|switch|p2a: Snorlax|Snorlax, F|524\/524
|move|p1a: Hippowdon|Toxic|p2a: Snorlax
|-status|p2a: Snorlax|tox
|
|-weather|Sandstorm|[upkeep]
|-damage|p2a: Snorlax|492\/524 tox|[from] sandstorm
|-heal|p2a: Snorlax|524\/524 tox|[from] item: Leftovers
|-damage|p2a: Snorlax|492\/524 tox|[from] psn
|turn|8
|
|switch|p1a: Scrafty|Scrafty, M|271\/271
|move|p2a: Snorlax|Curse|p2a: Snorlax
|-boost|p2a: Snorlax|atk|1
|-boost|p2a: Snorlax|def|1
|-unboost|p2a: Snorlax|spe|1
|
|-weather|none
|-heal|p2a: Snorlax|524\/524 tox|[from] item: Leftovers
|-damage|p2a: Snorlax|460\/524 tox|[from] psn
|turn|9
|
|switch|p2a: Crobat|Crobat, F|312\/374
|move|p1a: Scrafty|Knock Off|p2a: Crobat
|-damage|p2a: Crobat|128\/374
|-enditem|p2a: Crobat|Black Sludge|[from] move: Knock Off|[of] p1a: Scrafty
|
|turn|10
|
|switch|p1a: Jirachi|Jirachi|341\/341
|move|p2a: Crobat|Roost|p2a: Crobat
|-heal|p2a: Crobat|315\/374
|
|turn|11
|
|move|p1a: Jirachi|U-turn|p2a: Crobat
|-resisted|p2a: Crobat
|-damage|p2a: Crobat|294\/374
|
|switch|p1a: Crobat|Crobat, F|297\/374
|move|p2a: Crobat|U-turn|p1a: Crobat
|-resisted|p1a: Crobat
|-damage|p1a: Crobat|280\/374
|
|switch|p2a: Alomomola|Alomomola, F|534\/534
|
|-heal|p1a: Crobat|303\/374|[from] item: Black Sludge
|turn|12
|
|move|p1a: Crobat|U-turn|p2a: Alomomola
|-damage|p2a: Alomomola|494\/534
|-damage|p1a: Crobat|241\/374|[from] item: Rocky Helmet|[of] p2a: Alomomola
|
|switch|p1a: Sceptile|Sceptile-Mega, M|282\/282
|move|p2a: Alomomola|Wish|p2a: Alomomola
|
|turn|13
|
|switch|p2a: Crobat|Crobat, F|294\/374
|move|p1a: Sceptile|Dragon Pulse|p2a: Crobat
|-damage|p2a: Crobat|80\/374
|
|-heal|p2a: Crobat|347\/374|[from] move: Wish|[wisher] Alomomola
|turn|14
|
|switch|p1a: Jirachi|Jirachi|341\/341
|move|p2a: Crobat|Brave Bird|p1a: Jirachi
|-resisted|p1a: Jirachi
|-damage|p1a: Jirachi|268\/341
|-damage|p2a: Crobat|323\/374|[from] recoil|[of] p1a: Jirachi
|
|turn|15
|
|switch|p1a: Hippowdon|Hippowdon, F|310\/420
|-weather|Sandstorm
|switch|p2a: FUCKRACHI|Gallade, M|277\/277
|
|-weather|Sandstorm|[upkeep]
|-damage|p2a: FUCKRACHI|260\/277|[from] sandstorm
|turn|16
|
|detailschange|p2a: FUCKRACHI|Gallade-Mega, M
|message|Gallade has Mega Evolved into Mega Gallade!
|move|p2a: FUCKRACHI|Swords Dance|p2a: FUCKRACHI
|-boost|p2a: FUCKRACHI|atk|2
|move|p1a: Hippowdon|Toxic|p2a: FUCKRACHI
|-status|p2a: FUCKRACHI|tox
|
|-weather|Sandstorm|[upkeep]
|-damage|p2a: FUCKRACHI|243\/277 tox|[from] sandstorm
|-damage|p2a: FUCKRACHI|226\/277 tox|[from] psn
|turn|17
|
|move|p2a: FUCKRACHI|Close Combat|p1a: Hippowdon
|-damage|p1a: Hippowdon|0 fnt
|-unboost|p2a: FUCKRACHI|def|1
|-unboost|p2a: FUCKRACHI|spd|1
|faint|p1a: Hippowdon
|
|-weather|Sandstorm|[upkeep]
|-damage|p2a: FUCKRACHI|209\/277 tox|[from] sandstorm
|-damage|p2a: FUCKRACHI|175\/277 tox|[from] psn
|
|switch|p1a: Crobat|Crobat, F|241\/374
|turn|18
|
|switch|p2a: Alomomola|Alomomola, F|534\/534
|move|p1a: Crobat|Brave Bird|p2a: Alomomola
|-damage|p2a: Alomomola|431\/534
|-damage|p1a: Crobat|179\/374|[from] item: Rocky Helmet|[of] p2a: Alomomola
|-damage|p1a: Crobat|145\/374|[from] recoil|[of] p2a: Alomomola
|
|-weather|Sandstorm|[upkeep]
|-damage|p1a: Crobat|122\/374|[from] sandstorm
|-damage|p2a: Alomomola|398\/534|[from] sandstorm
|-heal|p1a: Crobat|145\/374|[from] item: Black Sludge
|turn|19
|
|move|p1a: Crobat|Roost|p1a: Crobat
|-heal|p1a: Crobat|332\/374
|move|p2a: Alomomola|Wish|p2a: Alomomola
|
|-weather|none
|-heal|p1a: Crobat|355\/374|[from] item: Black Sludge
|turn|20
|
|move|p1a: Crobat|U-turn|p2a: Alomomola
|-crit|p2a: Alomomola
|-damage|p2a: Alomomola|340\/534
|-damage|p1a: Crobat|293\/374|[from] item: Rocky Helmet|[of] p2a: Alomomola
|
|switch|p1a: Sceptile|Sceptile-Mega, M|282\/282
|move|p2a: Alomomola|Scald|p1a: Sceptile
|-resisted|p1a: Sceptile
|-damage|p1a: Sceptile|268\/282
|
|-heal|p2a: Alomomola|534\/534|[from] move: Wish|[wisher] Alomomola
|turn|21
|
|move|p1a: Sceptile|Giga Drain|p2a: Alomomola
|-supereffective|p2a: Alomomola
|-damage|p2a: Alomomola|36\/534
|-heal|p1a: Sceptile|282\/282|[from] drain|[of] p2a: Alomomola
|move|p2a: Alomomola|Wish|p2a: Alomomola
|
|turn|22
|
|switch|p2a: Crobat|Crobat, F|323\/374
|move|p1a: Sceptile|Dragon Pulse|p2a: Crobat
|-damage|p2a: Crobat|125\/374
|
|-heal|p2a: Crobat|374\/374|[from] move: Wish|[wisher] Alomomola
|turn|23
|
|switch|p1a: Vaporeon|Vaporeon, F|464\/464
|move|p2a: Crobat|Brave Bird|p1a: Vaporeon
|-damage|p1a: Vaporeon|317\/464
|-damage|p2a: Crobat|325\/374|[from] recoil|[of] p1a: Vaporeon
|
|-heal|p1a: Vaporeon|346\/464|[from] item: Leftovers
|turn|24
|
|move|p2a: Crobat|U-turn|p1a: Vaporeon
|-damage|p1a: Vaporeon|296\/464
|
|switch|p2a: Snorlax|Snorlax, F|460\/524 tox
|move|p1a: Vaporeon|Wish|p1a: Vaporeon
|
|-heal|p1a: Vaporeon|325\/464|[from] item: Leftovers
|-heal|p2a: Snorlax|492\/524 tox|[from] item: Leftovers
|-damage|p2a: Snorlax|460\/524 tox|[from] psn
|turn|25
|
|switch|p1a: Scrafty|Scrafty, M|271\/271
|move|p2a: Snorlax|Frustration|p1a: Scrafty
|-damage|p1a: Scrafty|154\/271
|
|-heal|p1a: Scrafty|271\/271|[from] move: Wish|[wisher] Vaporeon
|-heal|p2a: Snorlax|492\/524 tox|[from] item: Leftovers
|-damage|p2a: Snorlax|428\/524 tox|[from] psn
|turn|26
|
|switch|p2a: Whimsicott|Whimsicott, M|273\/273
|move|p1a: Scrafty|Ice Punch|p2a: Whimsicott
|-supereffective|p2a: Whimsicott
|-damage|p2a: Whimsicott|89\/273
|-status|p2a: Whimsicott|frz
|
|-heal|p2a: Whimsicott|106\/273 frz|[from] item: Leftovers
|turn|27
|
|cant|p2a: Whimsicott|frz
|move|p1a: Scrafty|Ice Punch|p2a: Whimsicott
|-supereffective|p2a: Whimsicott
|-damage|p2a: Whimsicott|0 fnt
|faint|p2a: Whimsicott
|
|
|switch|p2a: FUCKRACHI|Gallade-Mega, M|175\/277 tox
|turn|28
|
|switch|p1a: Jirachi|Jirachi|268\/341
|move|p2a: FUCKRACHI|Zen Headbutt|p1a: Jirachi
|-resisted|p1a: Jirachi
|-damage|p1a: Jirachi|225\/341
|
|-damage|p2a: FUCKRACHI|158\/277 tox|[from] psn
|turn|29
|
|move|p1a: Jirachi|Iron Head|p2a: FUCKRACHI
|-damage|p2a: FUCKRACHI|41\/277 tox
|move|p2a: FUCKRACHI|Knock Off|p1a: Jirachi
|-supereffective|p1a: Jirachi
|-damage|p1a: Jirachi|0 fnt
|-enditem|p1a: Jirachi|Choice Scarf|[from] move: Knock Off|[of] p2a: FUCKRACHI
|faint|p1a: Jirachi
|
|-damage|p2a: FUCKRACHI|7\/277 tox|[from] psn
|
|switch|p1a: Sceptile|Sceptile-Mega, M|282\/282
|turn|30
|
|switch|p2a: Crobat|Crobat, F|325\/374
|move|p1a: Sceptile|Dragon Pulse|p2a: Crobat
|-damage|p2a: Crobat|127\/374
|
|turn|31
|
|switch|p2a: Snorlax|Snorlax, F|428\/524 tox
|move|p1a: Sceptile|Dragon Pulse|p2a: Snorlax
|-damage|p2a: Snorlax|326\/524 tox
|
|-heal|p2a: Snorlax|358\/524 tox|[from] item: Leftovers
|-damage|p2a: Snorlax|326\/524 tox|[from] psn
|turn|32
|
|switch|p1a: Scrafty|Scrafty, M|271\/271
|move|p2a: Snorlax|Rest|p2a: Snorlax
|-status|p2a: Snorlax|slp
|-heal|p2a: Snorlax|524\/524 slp|[silent]
|-status|p2a: Snorlax|slp|[from] move: Rest
|
|turn|33
|
|switch|p2a: Krookodile|Krookodile, M|150\/331 tox
|-ability|p2a: Krookodile|Intimidate|[of] p1a: Scrafty
|-unboost|p1a: Scrafty|atk|1
|move|p1a: Scrafty|Drain Punch|p2a: Krookodile
|-supereffective|p2a: Krookodile
|-damage|p2a: Krookodile|0 fnt
|faint|p2a: Krookodile
|
|
|switch|p2a: Crobat|Crobat, F|127\/374
|turn|34
|
|switch|p1a: Vaporeon|Vaporeon, F|325\/464
|move|p2a: Crobat|Roost|p2a: Crobat
|-heal|p2a: Crobat|314\/374
|
|-heal|p1a: Vaporeon|354\/464|[from] item: Leftovers
|turn|35
|
|move|p2a: Crobat|U-turn|p1a: Vaporeon
|-damage|p1a: Vaporeon|297\/464
|
|switch|p2a: Snorlax|Snorlax, F|524\/524 slp
|move|p1a: Vaporeon|Wish|p1a: Vaporeon
|
|-heal|p1a: Vaporeon|326\/464|[from] item: Leftovers
|turn|36
|
|move|p1a: Vaporeon|Baton Pass|p1a: Vaporeon
|
|switch|p1a: Scrafty|Scrafty, M|271\/271
|cant|p2a: Snorlax|slp
|
|turn|37
|
|switch|p2a: Crobat|Crobat, F|314\/374
|move|p1a: Scrafty|Knock Off|p2a: Crobat
|-damage|p2a: Crobat|197\/374
|
|turn|38
|
|switch|p1a: Vaporeon|Vaporeon, F|326\/464
|move|p2a: Crobat|Brave Bird|p1a: Vaporeon
|-damage|p1a: Vaporeon|196\/464
|-damage|p2a: Crobat|154\/374|[from] recoil|[of] p1a: Vaporeon
|
|-heal|p1a: Vaporeon|225\/464|[from] item: Leftovers
|turn|39
|
|move|p2a: Crobat|Brave Bird|p1a: Vaporeon
|-damage|p1a: Vaporeon|83\/464
|-damage|p2a: Crobat|107\/374|[from] recoil|[of] p1a: Vaporeon
|move|p1a: Vaporeon|Wish|p1a: Vaporeon
|
|-heal|p1a: Vaporeon|112\/464|[from] item: Leftovers
|turn|40
|
|move|p1a: Vaporeon|Protect|p1a: Vaporeon
|-singleturn|p1a: Vaporeon|Protect
|move|p2a: Crobat|Roost|p2a: Crobat
|-heal|p2a: Crobat|294\/374
|
|-heal|p1a: Vaporeon|344\/464|[from] move: Wish|[wisher] Vaporeon
|-heal|p1a: Vaporeon|373\/464|[from] item: Leftovers
|turn|41
|
|move|p2a: Crobat|U-turn|p1a: Vaporeon
|-damage|p1a: Vaporeon|322\/464
|
|switch|p2a: Alomomola|Alomomola, F|214\/534
|move|p1a: Vaporeon|Baton Pass|p1a: Vaporeon
|
|switch|p1a: Crobat|Crobat, F|293\/374
|
|-heal|p1a: Crobat|316\/374|[from] item: Black Sludge
|turn|42
|c|âpokeblade101|Wtf i mistake and do that
|
|switch|p1a: Sceptile|Sceptile-Mega, M|282\/282
|move|p2a: Alomomola|Wish|p2a: Alomomola
|
|turn|43
|
|move|p2a: Alomomola|Protect|p2a: Alomomola
|-singleturn|p2a: Alomomola|Protect
|move|p1a: Sceptile|Dragon Pulse|p2a: Alomomola
|-activate|p2a: Alomomola|Protect
|
|-heal|p2a: Alomomola|481\/534|[from] move: Wish|[wisher] Alomomola
|turn|44
|
|switch|p2a: Snorlax|Snorlax, F|524\/524 slp
|move|p1a: Sceptile|Giga Drain|p2a: Snorlax
|-damage|p2a: Snorlax|424\/524 slp
|
|-heal|p2a: Snorlax|456\/524 slp|[from] item: Leftovers
|turn|45
|
|switch|p1a: Scrafty|Scrafty, M|271\/271
|cant|p2a: Snorlax|slp
|
|-heal|p2a: Snorlax|488\/524 slp|[from] item: Leftovers
|turn|46
|
|switch|p2a: Crobat|Crobat, F|294\/374
|move|p1a: Scrafty|Ice Punch|p2a: Crobat
|-supereffective|p2a: Crobat
|-damage|p2a: Crobat|104\/374
|
|turn|47
|
|switch|p1a: Vaporeon|Vaporeon, F|322\/464
|move|p2a: Crobat|Roost|p2a: Crobat
|-heal|p2a: Crobat|291\/374
|
|-heal|p1a: Vaporeon|351\/464|[from] item: Leftovers
|turn|48
|
|move|p2a: Crobat|U-turn|p1a: Vaporeon
|-crit|p1a: Vaporeon
|-damage|p1a: Vaporeon|269\/464
|
|switch|p2a: Alomomola|Alomomola, F|534\/534
|move|p1a: Vaporeon|Wish|p1a: Vaporeon
|
|-heal|p1a: Vaporeon|298\/464|[from] item: Leftovers
|turn|49
|
|switch|p1a: Sceptile|Sceptile-Mega, M|282\/282
|move|p2a: Alomomola|Scald|p1a: Sceptile
|-resisted|p1a: Sceptile
|-damage|p1a: Sceptile|267\/282
|
|-heal|p1a: Sceptile|282\/282|[from] move: Wish|[wisher] Vaporeon
|turn|50
|
|switch|p2a: Snorlax|Snorlax, F|488\/524 slp
|move|p1a: Sceptile|Leaf Storm|p2a: Snorlax
|-damage|p2a: Snorlax|331\/524 slp
|-unboost|p1a: Sceptile|spa|2
|
|-heal|p2a: Snorlax|363\/524 slp|[from] item: Leftovers
|turn|51
|
|switch|p1a: Vaporeon|Vaporeon, F|298\/464
|-curestatus|p2a: Snorlax|slp
|move|p2a: Snorlax|Frustration|p1a: Vaporeon
|-damage|p1a: Vaporeon|162\/464
|
|-heal|p1a: Vaporeon|191\/464|[from] item: Leftovers
|-heal|p2a: Snorlax|395\/524|[from] item: Leftovers
|turn|52
|
|move|p1a: Vaporeon|Wish|p1a: Vaporeon
|move|p2a: Snorlax|Curse|p2a: Snorlax
|-boost|p2a: Snorlax|atk|1
|-boost|p2a: Snorlax|def|1
|-unboost|p2a: Snorlax|spe|1
|
|-heal|p1a: Vaporeon|220\/464|[from] item: Leftovers
|-heal|p2a: Snorlax|427\/524|[from] item: Leftovers
|turn|53
|
|switch|p1a: Scrafty|Scrafty, M|271\/271
|move|p2a: Snorlax|Frustration|p1a: Scrafty
|-damage|p1a: Scrafty|85\/271
|
|-heal|p1a: Scrafty|271\/271|[from] move: Wish|[wisher] Vaporeon
|-heal|p2a: Snorlax|459\/524|[from] item: Leftovers
|turn|54
|
|switch|p2a: Crobat|Crobat, F|291\/374
|move|p1a: Scrafty|Dragon Dance|p1a: Scrafty
|-boost|p1a: Scrafty|atk|1
|-boost|p1a: Scrafty|spe|1
|
|turn|55
|
|move|p2a: Crobat|Brave Bird|p1a: Scrafty
|-supereffective|p1a: Scrafty
|-damage|p1a: Scrafty|31\/271
|-damage|p2a: Crobat|212\/374|[from] recoil|[of] p1a: Scrafty
|move|p1a: Scrafty|Dragon Dance|p1a: Scrafty
|-boost|p1a: Scrafty|atk|1
|-boost|p1a: Scrafty|spe|1
|
|-heal|p1a: Scrafty|47\/271|[from] item: Leftovers
|turn|56
|
|switch|p2a: Alomomola|Alomomola, F|534\/534
|move|p1a: Scrafty|Ice Punch|p2a: Alomomola
|-resisted|p2a: Alomomola
|-damage|p2a: Alomomola|469\/534
|-damage|p1a: Scrafty|2\/271|[from] item: Rocky Helmet|[of] p2a: Alomomola
|
|-heal|p1a: Scrafty|18\/271|[from] item: Leftovers
|turn|57
|
|move|p1a: Scrafty|Drain Punch|p2a: Alomomola
|-crit|p2a: Alomomola
|-damage|p2a: Alomomola|178\/534
|-heal|p1a: Scrafty|164\/271|[from] drain|[of] p2a: Alomomola
|-damage|p1a: Scrafty|119\/271|[from] item: Rocky Helmet|[of] p2a: Alomomola
|move|p2a: Alomomola|Scald|p1a: Scrafty
|-damage|p1a: Scrafty|79\/271
|-status|p1a: Scrafty|brn
|
|-activate|p1a: Scrafty|ability: Shed Skin
|-curestatus|p1a: Scrafty|brn
|-heal|p1a: Scrafty|95\/271|[from] item: Leftovers
|turn|58
|
|move|p1a: Scrafty|Knock Off|p2a: Alomomola
|-damage|p2a: Alomomola|0 fnt
|-damage|p1a: Scrafty|50\/271|[from] item: Rocky Helmet|[of] p2a: Alomomola
|-enditem|p2a: Alomomola|Rocky Helmet|[from] move: Knock Off|[of] p1a: Scrafty
|faint|p2a: Alomomola
|
|-heal|p1a: Scrafty|66\/271|[from] item: Leftovers
|c|âTewmew alt|that crit sucks tbh
|c|âpokeblade101|Yes i win now
|c|âpokeblade101|And shed skin
|c|âpokeblade101|Too
|c|âpokeblade101|Sorry
|c|âpokeblade101|But it has to be this way
|c|âTewmew alt|it doesnt with lucky players like you lol
|
|switch|p2a: Crobat|Crobat, F|212\/374
|turn|59
|c|âpokeblade101|Im not lucky i am actually skilled player
|
|move|p1a: Scrafty|Ice Punch|p2a: Crobat
|-supereffective|p2a: Crobat
|-damage|p2a: Crobat|0 fnt
|faint|p2a: Crobat
|
|-heal|p1a: Scrafty|82\/271|[from] item: Leftovers
|c|âTewmew alt|and im one of the most skilled in UU
|c|âTewmew alt|Lol
|c|âpokeblade101|No im a lucky skilled player
|c|âpokeblade101|Ik
|c|âTewmew alt|you cant be lucky and skilled kid
|c|âpokeblade101|I was your nname at the topof the laddee
|c|âpokeblade101|No im skilled
|c|âTewmew alt|yes, i have 2 comps
|c|âTewmew alt|...
|
|switch|p2a: Snorlax|Snorlax, F|459\/524
|turn|60
|c|âTewmew alt|lucky*
|-message|Tewmew alt forfeited.
|
|win|pokeblade101
|raw|Ladder updating...
|c|âpokeblade101|I was once 11th in uu
|leave|Tewmew alt
|player|p2
|raw|pokeblade101's rating: 1416 &rarr; <strong>1426<\/strong><br \/>(+10 for winning)
|raw|Tewmew alt's rating: 1225 &rarr; <strong>1212<\/strong><br \/>(-13 for losing)
|leave|pokeblade101
|player|p1
|join|pokeblade101
|join|Arena Trap Blissey
|c| Arena Trap Blissey|nb
|c|âpokeblade101|It the person alt
|c| Arena Trap Blissey|ik
|c| Arena Trap Blissey|lol
|c| Arena Trap Blissey|you were right
|c| Arena Trap Blissey|good work man
|c|âpokeblade101|So dont be suprised her rating is low
|c|âpokeblade101|Yup thx
|c| Arena Trap Blissey|ik
|c| Arena Trap Blissey|lol
|c| Arena Trap Blissey|i aint judging