|join|doctor sparks
|join|pokeblade101
|player|p1|doctor sparks|2
|player|p2|pokeblade101|264
|gametype|singles
|gen|6
|tier|UU
|rated
|rule|Sleep Clause Mod: Limit one foe put to sleep
|rule|Species Clause: Limit one of each PokÃ©mon
|rule|OHKO Clause: OHKO moves are banned
|rule|Moody Clause: Moody is banned
|rule|Evasion Moves Clause: Evasion moves are banned
|rule|Endless Battle Clause: Forcing endless battles is banned
|rule|HP Percentage Mod: HP is shown in percentages
|clearpoke
|poke|p1|Lucario, F
|poke|p1|Darmanitan, M
|poke|p1|Suicune
|poke|p1|Florges, F
|poke|p1|Forretress, F
|poke|p1|Absol, F
|poke|p2|Empoleon, M
|poke|p2|Doublade, F, shiny
|poke|p2|Starmie, shiny
|poke|p2|Blissey, F
|poke|p2|Beedrill, F
|poke|p2|Alomomola, M, shiny
|rule|Swagger Clause: Swagger is banned
|rule|Baton Pass Clause: Limit one PokÃ©mon knowing Baton Pass
|teampreview
|
|start
|switch|p1a: Darmanitan|Darmanitan, M|351\/351
|switch|p2a: Starmie|Starmie, shiny|261\/261
|turn|1
|
|switch|p1a: Florges|Florges, F|360\/360
|move|p2a: Starmie|Scald|p1a: Florges
|-damage|p1a: Florges|299\/360
|-status|p1a: Florges|brn
|
|-heal|p1a: Florges|321\/360 brn|[from] item: Leftovers
|-damage|p1a: Florges|276\/360 brn|[from] brn
|turn|2
|
|switch|p2a: Empoleon|Empoleon, M|372\/372
|move|p1a: Florges|Aromatherapy|p1a: Florges
|-cureteam|p1a: Florges|[from] move: Aromatherapy
|
|-heal|p1a: Florges|298\/360|[from] item: Leftovers
|turn|3
|
|switch|p1a: Darmanitan|Darmanitan, M|351\/351
|move|p2a: Empoleon|Stealth Rock|p1a: Darmanitan
|-sidestart|p1: doctor sparks|move: Stealth Rock
|
|turn|4
|
|move|p1a: Darmanitan|U-turn|p2a: Empoleon
|-resisted|p2a: Empoleon
|-damage|p2a: Empoleon|325\/372
|-damage|p1a: Darmanitan|316\/351|[from] item: Life Orb
|
|switch|p1a: Florges|Florges, F|298\/360
|-damage|p1a: Florges|253\/360|[from] Stealth Rock
|move|p2a: Empoleon|Scald|p1a: Florges
|-damage|p1a: Florges|198\/360
|
|-heal|p1a: Florges|220\/360|[from] item: Leftovers
|-heal|p2a: Empoleon|348\/372|[from] item: Leftovers
|turn|5
|
|move|p1a: Florges|Wish|p1a: Florges
|move|p2a: Empoleon|Scald|p1a: Florges
|-damage|p1a: Florges|160\/360
|-status|p1a: Florges|brn
|
|-heal|p1a: Florges|182\/360 brn|[from] item: Leftovers
|-heal|p2a: Empoleon|371\/372|[from] item: Leftovers
|-damage|p1a: Florges|137\/360 brn|[from] brn
|turn|6
|
|move|p1a: Florges|Aromatherapy|p1a: Florges
|-cureteam|p1a: Florges|[from] move: Aromatherapy
|move|p2a: Empoleon|Roar|p1a: Florges
|drag|p1a: Forretress|Forretress, F|354\/354
|-damage|p1a: Forretress|310\/354|[from] Stealth Rock
|
|-heal|p1a: Forretress|354\/354|[from] move: Wish|[wisher] Florges
|-heal|p2a: Empoleon|372\/372|[from] item: Leftovers
|turn|7
|
|move|p2a: Empoleon|Scald|p1a: Forretress
|-damage|p1a: Forretress|195\/354
|move|p1a: Forretress|Stealth Rock|p2a: Empoleon
|-sidestart|p2: pokeblade101|move: Stealth Rock
|
|-heal|p1a: Forretress|217\/354|[from] item: Leftovers
|turn|8
|
|move|p2a: Empoleon|Defog|p1a: Forretress
|-unboost|p1a: Forretress|evasion|1
|-sideend|p1: doctor sparks|Stealth Rock|[from] move: Defog|[of] p1a: Forretress
|-sideend|p2: pokeblade101|Stealth Rock|[from] move: Defog|[of] p2a: Empoleon
|move|p1a: Forretress|Volt Switch|p2a: Empoleon
|-supereffective|p2a: Empoleon
|-damage|p2a: Empoleon|296\/372
|
|switch|p1a: Darmanitan|Darmanitan, M|316\/351
|
|-heal|p2a: Empoleon|319\/372|[from] item: Leftovers
|turn|9
|
|switch|p2a: Alomomola|Alomomola, M, shiny|534\/534
|move|p1a: Darmanitan|Flare Blitz|p2a: Alomomola
|-resisted|p2a: Alomomola
|-damage|p2a: Alomomola|387\/534
|-damage|p1a: Darmanitan|267\/351|[from] recoil|[of] p2a: Alomomola
|
|-heal|p2a: Alomomola|420\/534|[from] item: Leftovers
|turn|10
|c|âdoctor sparks|now he goes into
|c|âdoctor sparks|it
|c|âdoctor sparks|most idiotic player yet lool
|
|switch|p1a: Suicune|Suicune|404\/404
|-ability|p1a: Suicune|Pressure
|move|p2a: Alomomola|Wish|p2a: Alomomola
|
|-heal|p2a: Alomomola|453\/534|[from] item: Leftovers
|turn|11
|c|âpokeblade101|Predicting
|c|âdoctor sparks|HAHAHAHA
|c|âpokeblade101|Thats what i am doing
|
|switch|p2a: Empoleon|Empoleon, M|319\/372
|move|p1a: Suicune|Calm Mind|p1a: Suicune
|-boost|p1a: Suicune|spa|1
|-boost|p1a: Suicune|spd|1
|
|-heal|p2a: Empoleon|372\/372|[from] move: Wish|[wisher] Alomomola
|turn|12
|c|âdoctor sparks|like staying in on a darmanitan on turn 1 when i could be scarf? youre just being a dumbass
|
|move|p1a: Suicune|Scald|p2a: Empoleon
|-resisted|p2a: Empoleon
|-damage|p2a: Empoleon|310\/372
|move|p2a: Empoleon|Stealth Rock|p1a: Suicune
|-sidestart|p1: doctor sparks|move: Stealth Rock
|
|-heal|p2a: Empoleon|333\/372|[from] item: Leftovers
|turn|13
|c|âpokeblade101|Ok
|
|move|p1a: Suicune|Scald|p2a: Empoleon
|-resisted|p2a: Empoleon
|-damage|p2a: Empoleon|268\/372
|move|p2a: Empoleon|Roar|p1a: Suicune
|drag|p1a: Florges|Florges, F|137\/360
|-damage|p1a: Florges|92\/360|[from] Stealth Rock
|
|-heal|p1a: Florges|114\/360|[from] item: Leftovers
|-heal|p2a: Empoleon|291\/372|[from] item: Leftovers
|turn|14
|
|move|p1a: Florges|Protect|p1a: Florges
|-singleturn|p1a: Florges|Protect
|move|p2a: Empoleon|Scald|p1a: Florges
|-activate|p1a: Florges|Protect
|
|-heal|p1a: Florges|136\/360|[from] item: Leftovers
|-heal|p2a: Empoleon|314\/372|[from] item: Leftovers
|turn|15
|
|move|p1a: Florges|Wish|p1a: Florges
|move|p2a: Empoleon|Scald|p1a: Florges
|-damage|p1a: Florges|85\/360
|
|-heal|p1a: Florges|107\/360|[from] item: Leftovers
|-heal|p2a: Empoleon|337\/372|[from] item: Leftovers
|turn|16
|
|move|p1a: Florges|Moonblast|p2a: Empoleon
|-resisted|p2a: Empoleon
|-damage|p2a: Empoleon|278\/372
|-unboost|p2a: Empoleon|spa|1
|move|p2a: Empoleon|Roar|p1a: Florges
|drag|p1a: Lucario|Lucario, F|281\/281
|-damage|p1a: Lucario|273\/281|[from] Stealth Rock
|
|-heal|p1a: Lucario|281\/281|[from] move: Wish|[wisher] Florges
|-heal|p2a: Empoleon|301\/372|[from] item: Leftovers
|turn|17
|
|switch|p2a: Doublade|Doublade, F, shiny|322\/322
|move|p1a: Lucario|Swords Dance|p1a: Lucario
|-boost|p1a: Lucario|atk|2
|
|turn|18
|
|move|p1a: Lucario|Earthquake|p2a: Doublade
|-supereffective|p2a: Doublade
|-damage|p2a: Doublade|80\/322
|-damage|p1a: Lucario|253\/281|[from] item: Life Orb
|move|p2a: Doublade|Sacred Sword|p1a: Lucario
|-supereffective|p1a: Lucario
|-damage|p1a: Lucario|0 fnt
|faint|p1a: Lucario
|
|
|switch|p1a: Absol|Absol, F|271\/271
|-damage|p1a: Absol|238\/271|[from] Stealth Rock
|-ability|p1a: Absol|Pressure
|turn|19
|
|switch|p2a: Alomomola|Alomomola, M, shiny|534\/534
|detailschange|p1a: Absol|Absol-Mega, F
|message|Absol has Mega Evolved into Mega Absol!
|move|p1a: Absol|Knock Off|p2a: Alomomola
|-damage|p2a: Alomomola|386\/534
|-enditem|p2a: Alomomola|Leftovers|[from] move: Knock Off|[of] p1a: Absol
|
|turn|20
|
|move|p1a: Absol|Swords Dance|p1a: Absol
|-boost|p1a: Absol|atk|2
|move|p2a: Alomomola|Wish|p2a: Alomomola
|
|turn|21
|
|move|p1a: Absol|Swords Dance|p1a: Absol
|-boost|p1a: Absol|atk|2
|move|p2a: Alomomola|Scald|p1a: Absol
|-damage|p1a: Absol|169\/271
|-status|p1a: Absol|brn
|
|-heal|p2a: Alomomola|534\/534|[from] move: Wish|[wisher] Alomomola
|-damage|p1a: Absol|136\/271 brn|[from] brn
|turn|22
|c|âdoctor sparks|go and firmly fuck yourself you lucky piece of shit
|c|âpokeblade101|Ok
|
|switch|p1a: Forretress|Forretress, F|217\/354
|-damage|p1a: Forretress|173\/354|[from] Stealth Rock
|move|p2a: Alomomola|Wish|p2a: Alomomola
|
|-heal|p1a: Forretress|195\/354|[from] item: Leftovers
|turn|23
|c|âpokeblade101|Not lucky skill
|c|âdoctor sparks|youre not good at all
|
|switch|p2a: Empoleon|Empoleon, M|301\/372
|move|p1a: Forretress|Volt Switch|p2a: Empoleon
|-supereffective|p2a: Empoleon
|-damage|p2a: Empoleon|227\/372
|c|âpokeblade101|No you are shitty
|
|switch|p1a: Darmanitan|Darmanitan, M|267\/351
|-damage|p1a: Darmanitan|180\/351|[from] Stealth Rock
|
|-heal|p2a: Empoleon|372\/372|[from] move: Wish|[wisher] Alomomola
|turn|24
|c|âdoctor sparks|oh no
|c|âdoctor sparks|look at my stats, now look at yours
|c|âdoctor sparks|plus this is only a test account, so imagine that, you pitiful noob
|
|move|p1a: Darmanitan|U-turn|p2a: Empoleon
|-resisted|p2a: Empoleon
|-damage|p2a: Empoleon|325\/372
|-damage|p1a: Darmanitan|145\/351|[from] item: Life Orb
|c|âdoctor sparks|staying in again
|c|âpokeblade101|Who is winning
|c|âdoctor sparks|this guy is the epitome of noobness
|c|âpokeblade101|Because i can take one
|c|âdoctor sparks|youre winning to the poorest fucking plays you shit for brains!
|c|âpokeblade101|I predicting stupid
|c|âpokeblade101|Darmanitan too predictable
|c|âdoctor sparks|a life orb eq or flare blitz?? no you fucking idiot, you cant!
|c|âdoctor sparks|go to alamomola fukcking retard
|c|âpokeblade101|I can
|c|âdoctor sparks|geez youre an idiot
|c|âdoctor sparks|no, you cannot
|c|âpokeblade101|I seen it before
|c|âpokeblade101|So fuck off
|c|âdoctor sparks|excuse me? you little skill-less fucking noob
|-message|doctor sparks forfeited.
|
|win|pokeblade101
|raw|Ladder updating...
|leave|doctor sparks
|player|p1
|raw|doctor sparks's rating: 1372 &rarr; <strong>1352<\/strong><br \/>(-20 for losing)
|raw|pokeblade101's rating: 1371 &rarr; <strong>1391<\/strong><br \/>(+20 for winning)