|join|Sw4gmaster16
|join|pokeblade101
|player|p1|Sw4gmaster16|163
|player|p2|pokeblade101|163
|gametype|singles
|gen|6
|tier|UU
|rated
|rule|Sleep Clause Mod: Limit one foe put to sleep
|rule|Species Clause: Limit one of each PokÃ©mon
|rule|OHKO Clause: OHKO moves are banned
|rule|Moody Clause: Moody is banned
|rule|Evasion Moves Clause: Evasion moves are banned
|rule|Endless Battle Clause: Forcing endless battles is banned
|rule|HP Percentage Mod: HP is shown in percentages
|clearpoke
|poke|p1|Infernape, M
|poke|p1|Beedrill, M
|poke|p1|Vaporeon, M
|poke|p1|Forretress, M
|poke|p1|Porygon2
|poke|p1|Raikou
|poke|p2|Lucario, F, shiny
|poke|p2|Umbreon, F, shiny
|poke|p2|Kyurem, shiny
|poke|p2|Alomomola, F, shiny
|poke|p2|Galvantula, M, shiny
|poke|p2|Empoleon, M
|rule|Swagger Clause: Swagger is banned
|rule|Baton Pass Clause: Limit one PokÃ©mon knowing Baton Pass
|teampreview
|
|start
|switch|p1a: Beedrill|Beedrill, M|272\/272
|switch|p2a: Kyurem|Kyurem, shiny|391\/391
|-ability|p2a: Kyurem|Pressure
|turn|1
|
|switch|p1a: Forretress|Forretress, M|354\/354
|move|p2a: Kyurem|Draco Meteor|p1a: Forretress
|-resisted|p1a: Forretress
|-damage|p1a: Forretress|184\/354
|-unboost|p2a: Kyurem|spa|2
|
|-heal|p1a: Forretress|206\/354|[from] item: Leftovers
|turn|2
|
|switch|p2a: Empoleon|Empoleon, M|372\/372
|move|p1a: Forretress|Stealth Rock|p2a: Empoleon
|-sidestart|p2: pokeblade101|move: Stealth Rock
|
|-heal|p1a: Forretress|228\/354|[from] item: Leftovers
|turn|3
|
|move|p2a: Empoleon|Defog|p1a: Forretress
|-unboost|p1a: Forretress|evasion|1
|-sideend|p2: pokeblade101|Stealth Rock|[from] move: Defog|[of] p2a: Empoleon
|move|p1a: Forretress|Volt Switch|p2a: Empoleon
|-supereffective|p2a: Empoleon
|-damage|p2a: Empoleon|294\/372
|
|switch|p1a: Raikou|Raikou|322\/322
|-ability|p1a: Raikou|Pressure
|
|-heal|p2a: Empoleon|317\/372|[from] item: Leftovers
|turn|4
|
|switch|p2a: Kyurem|Kyurem, shiny|391\/391
|-ability|p2a: Kyurem|Pressure
|move|p1a: Raikou|Volt Switch|p2a: Kyurem
|-crit|p2a: Kyurem
|-resisted|p2a: Kyurem
|-damage|p2a: Kyurem|296\/391
|
|switch|p1a: Forretress|Forretress, M|228\/354
|
|-heal|p1a: Forretress|250\/354|[from] item: Leftovers
|turn|5
|
|move|p2a: Kyurem|Earth Power|p1a: Forretress
|-damage|p1a: Forretress|81\/354
|-unboost|p1a: Forretress|spd|1
|move|p1a: Forretress|Stealth Rock|p2a: Kyurem
|-sidestart|p2: pokeblade101|move: Stealth Rock
|
|-heal|p1a: Forretress|103\/354|[from] item: Leftovers
|turn|6
|
|switch|p1a: Vaporeon|Vaporeon, M|464\/464
|move|p2a: Kyurem|Earth Power|p1a: Vaporeon
|-crit|p1a: Vaporeon
|-damage|p1a: Vaporeon|337\/464
|
|-heal|p1a: Vaporeon|366\/464|[from] item: Leftovers
|turn|7
|
|switch|p2a: Empoleon|Empoleon, M|317\/372
|-damage|p2a: Empoleon|294\/372|[from] Stealth Rock
|move|p1a: Vaporeon|Wish|p1a: Vaporeon
|
|-heal|p1a: Vaporeon|395\/464|[from] item: Leftovers
|-heal|p2a: Empoleon|317\/372|[from] item: Leftovers
|turn|8
|
|switch|p1a: Porygon2|Porygon2|374\/374
|-ability|p1a: Porygon2|Torrent|[from] ability: Trace|[of] p2a: Empoleon
|move|p2a: Empoleon|Defog|p1a: Porygon2
|-unboost|p1a: Porygon2|evasion|1
|-sideend|p2: pokeblade101|Stealth Rock|[from] move: Defog|[of] p2a: Empoleon
|
|-heal|p2a: Empoleon|340\/372|[from] item: Leftovers
|turn|9
|
|move|p2a: Empoleon|Stealth Rock|p1a: Porygon2
|-sidestart|p1: Sw4gmaster16|move: Stealth Rock
|move|p1a: Porygon2|Discharge|p2a: Empoleon
|-supereffective|p2a: Empoleon
|-damage|p2a: Empoleon|208\/372
|
|-heal|p2a: Empoleon|231\/372|[from] item: Leftovers
|turn|10
|
|switch|p2a: Umbreon|Umbreon, F, shiny|394\/394
|move|p1a: Porygon2|Toxic|p2a: Umbreon|[miss]
|-miss|p1a: Porygon2|p2a: Umbreon
|
|turn|11
|
|switch|p2a: Lucario|Lucario, F, shiny|281\/281
|switch|p1a: Forretress|Forretress, M|103\/354
|-damage|p1a: Forretress|59\/354|[from] Stealth Rock
|
|-heal|p1a: Forretress|81\/354|[from] item: Leftovers
|turn|12
|
|move|p2a: Lucario|Swords Dance|p2a: Lucario
|-boost|p2a: Lucario|atk|2
|move|p1a: Forretress|Rapid Spin|p2a: Lucario
|-resisted|p2a: Lucario
|-damage|p2a: Lucario|271\/281
|-sideend|p1: Sw4gmaster16|Stealth Rock|[from] move: Rapid Spin|[of] p1a: Forretress
|
|-heal|p1a: Forretress|103\/354|[from] item: Leftovers
|turn|13
|
|move|p2a: Lucario|Swords Dance|p2a: Lucario
|-boost|p2a: Lucario|atk|2
|move|p1a: Forretress|Volt Switch|p2a: Lucario
|-damage|p2a: Lucario|220\/281
|
|switch|p1a: Raikou|Raikou|322\/322
|-ability|p1a: Raikou|Pressure
|
|turn|14
|
|move|p2a: Lucario|Extreme Speed|p1a: Raikou
|-damage|p1a: Raikou|0 fnt
|-damage|p2a: Lucario|192\/281|[from] item: Life Orb
|faint|p1a: Raikou
|
|-message|Sw4gmaster16 forfeited.
|
|win|pokeblade101
|raw|Ladder updating...
|leave|Sw4gmaster16
|player|p1
|raw|Sw4gmaster16's rating: 1326 &rarr; <strong>1309<\/strong><br \/>(-17 for losing)
|raw|pokeblade101's rating: 1377 &rarr; <strong>1394<\/strong><br \/>(+17 for winning)