|join|pokeblade101
|join|klos
|player|p1|pokeblade101|264
|player|p2|klos|249
|gametype|singles
|gen|6
|tier|UU
|rule|Sleep Clause Mod: Limit one foe put to sleep
|rule|Species Clause: Limit one of each PokÃ©mon
|rule|OHKO Clause: OHKO moves are banned
|rule|Moody Clause: Moody is banned
|rule|Evasion Moves Clause: Evasion moves are banned
|rule|Endless Battle Clause: Forcing endless battles is banned
|rule|HP Percentage Mod: HP is shown in percentages
|clearpoke
|poke|p1|Alakazam, F, shiny
|poke|p1|Shaymin
|poke|p1|Suicune
|poke|p1|Beedrill, F
|poke|p1|Darmanitan, F
|poke|p1|Forretress, F
|poke|p2|Altaria, F
|poke|p2|Crobat, F
|poke|p2|Chandelure, M
|poke|p2|Krookodile, F
|poke|p2|Bronzong
|poke|p2|Vaporeon, F
|rule|Swagger Clause: Swagger is banned
|rule|Baton Pass Clause: Limit one PokÃ©mon knowing Baton Pass
|teampreview
|
|start
|switch|p1a: Darmanitan|Darmanitan, F|351\/351
|switch|p2a: Bronzong|Bronzong|337\/337
|turn|1
|c|âklos|gl!
|
|move|p1a: Darmanitan|U-turn|p2a: Bronzong
|-damage|p2a: Bronzong|264\/337
|
|switch|p1a: Forretress|Forretress, F|354\/354
|move|p2a: Bronzong|Stealth Rock|p1a: Forretress
|-sidestart|p1: pokeblade101|move: Stealth Rock
|
|-heal|p2a: Bronzong|285\/337|[from] item: Leftovers
|turn|2
|join|AFoolOfATook
|
|switch|p2a: Chandelure|Chandelure, M|261\/261
|move|p1a: Forretress|Stealth Rock|p2a: Chandelure
|-sidestart|p2: klos|move: Stealth Rock
|
|turn|3
|leave|AFoolOfATook
|join|Time Square
|
|switch|p1a: Darmanitan|Darmanitan, F|351\/351
|-damage|p1a: Darmanitan|264\/351|[from] Stealth Rock
|move|p2a: Chandelure|Fire Blast|p1a: Darmanitan
|-resisted|p1a: Darmanitan
|-damage|p1a: Darmanitan|108\/351
|
|turn|4
|leave|Time Square
|
|switch|p2a: Krookodile|Krookodile, F|394\/394
|-damage|p2a: Krookodile|370\/394|[from] Stealth Rock
|-ability|p2a: Krookodile|Intimidate|[of] p1a: Darmanitan
|-unboost|p1a: Darmanitan|atk|1
|move|p1a: Darmanitan|Rock Slide|p2a: Krookodile
|-resisted|p2a: Krookodile
|-damage|p2a: Krookodile|323\/394
|
|turn|5
|
|move|p2a: Krookodile|Pursuit|p1a: Darmanitan|[from]Pursuit
|-damage|p1a: Darmanitan|0 fnt
|faint|p1a: Darmanitan
|
|
|switch|p1a: Forretress|Forretress, F|354\/354
|-damage|p1a: Forretress|310\/354|[from] Stealth Rock
|turn|6
|
|switch|p2a: Chandelure|Chandelure, M|261\/261
|-damage|p2a: Chandelure|196\/261|[from] Stealth Rock
|move|p1a: Forretress|Spikes|p2a: Chandelure
|-sidestart|p2: klos|Spikes
|
|-heal|p1a: Forretress|332\/354|[from] item: Leftovers
|turn|7
|
|switch|p1a: Suicune|Suicune|404\/404
|-damage|p1a: Suicune|354\/404|[from] Stealth Rock
|-ability|p1a: Suicune|Pressure
|move|p2a: Chandelure|Trick|p1a: Suicune
|-activate|p2a: Chandelure|move: Trick|[of] p1a: Suicune
|-item|p1a: Suicune|Choice Scarf|[from] move: Trick
|-item|p2a: Chandelure|Leftovers|[from] move: Trick
|
|-heal|p2a: Chandelure|212\/261|[from] item: Leftovers
|turn|8
|
|switch|p1a: Shaymin|Shaymin|341\/341
|-damage|p1a: Shaymin|299\/341|[from] Stealth Rock
|switch|p2a: Crobat|Crobat, F|373\/373
|-damage|p2a: Crobat|280\/373|[from] Stealth Rock
|
|-heal|p2a: Crobat|303\/373|[from] item: Black Sludge
|turn|9
|
|move|p2a: Crobat|Defog|p1a: Shaymin
|-unboost|p1a: Shaymin|evasion|1
|-sideend|p1: pokeblade101|Stealth Rock|[from] move: Defog|[of] p1a: Shaymin
|-sideend|p2: klos|Spikes|[from] move: Defog|[of] p2a: Crobat
|-sideend|p2: klos|Stealth Rock|[from] move: Defog|[of] p2a: Crobat
|move|p1a: Shaymin|Psychic|p2a: Crobat
|-supereffective|p2a: Crobat
|-damage|p2a: Crobat|0 fnt
|faint|p2a: Crobat
|
|
|switch|p2a: Bronzong|Bronzong|285\/337
|turn|10
|
|switch|p1a: Forretress|Forretress, F|332\/354
|move|p2a: Bronzong|Stealth Rock|p1a: Forretress
|-sidestart|p1: pokeblade101|move: Stealth Rock
|
|-heal|p1a: Forretress|354\/354|[from] item: Leftovers
|-heal|p2a: Bronzong|306\/337|[from] item: Leftovers
|turn|11
|
|switch|p1a: Alakazam|Alakazam, F, shiny|252\/252
|switch|p2a: Chandelure|Chandelure, M|212\/261
|
|-heal|p2a: Chandelure|228\/261|[from] item: Leftovers
|turn|12
|
|move|p1a: Alakazam|Shadow Ball|p2a: Chandelure
|-supereffective|p2a: Chandelure
|-damage|p2a: Chandelure|6\/261
|move|p2a: Chandelure|Shadow Ball|p1a: Alakazam
|-supereffective|p1a: Alakazam
|-enditem|p1a: Alakazam|Focus Sash
|-damage|p1a: Alakazam|1\/252
|
|-heal|p2a: Chandelure|22\/261|[from] item: Leftovers
|turn|13
|
|move|p1a: Alakazam|Energy Ball|p2a: Chandelure
|-resisted|p2a: Chandelure
|-damage|p2a: Chandelure|0 fnt
|faint|p2a: Chandelure
|
|
|switch|p2a: Altaria|Altaria, F|307\/307
|turn|14
|
|detailschange|p2a: Altaria|Altaria-Mega, F
|message|Altaria has Mega Evolved into Mega Altaria!
|move|p1a: Alakazam|Psyshock|p2a: Altaria
|-damage|p2a: Altaria|162\/307
|move|p2a: Altaria|Dragon Dance|p2a: Altaria
|-boost|p2a: Altaria|atk|1
|-boost|p2a: Altaria|spe|1
|
|turn|15
|
|move|p2a: Altaria|Return|p1a: Alakazam
|-crit|p1a: Alakazam
|-damage|p1a: Alakazam|0 fnt
|faint|p1a: Alakazam
|
|
|switch|p1a: Forretress|Forretress, F|354\/354
|-damage|p1a: Forretress|310\/354|[from] Stealth Rock
|turn|16
|
|switch|p2a: Krookodile|Krookodile, F|323\/394
|-ability|p2a: Krookodile|Intimidate|[of] p1a: Forretress
|-unboost|p1a: Forretress|atk|1
|move|p1a: Forretress|Gyro Ball|p2a: Krookodile
|-damage|p2a: Krookodile|265\/394
|
|-heal|p1a: Forretress|332\/354|[from] item: Leftovers
|turn|17
|
|move|p2a: Krookodile|Earthquake|p1a: Forretress
|-damage|p1a: Forretress|233\/354
|move|p1a: Forretress|Rapid Spin|p2a: Krookodile
|-crit|p2a: Krookodile
|-damage|p2a: Krookodile|240\/394
|-sideend|p1: pokeblade101|Stealth Rock|[from] move: Rapid Spin|[of] p1a: Forretress
|
|-heal|p1a: Forretress|255\/354|[from] item: Leftovers
|turn|18
|
|switch|p1a: Shaymin|Shaymin|299\/341
|move|p2a: Krookodile|Knock Off|p1a: Shaymin
|-damage|p1a: Shaymin|97\/341
|-enditem|p1a: Shaymin|Choice Specs|[from] move: Knock Off|[of] p2a: Krookodile
|
|turn|19
|
|switch|p2a: Bronzong|Bronzong|306\/337
|move|p1a: Shaymin|Seed Flare|p2a: Bronzong
|-resisted|p2a: Bronzong
|-damage|p2a: Bronzong|240\/337
|-unboost|p2a: Bronzong|spd|2
|
|-heal|p2a: Bronzong|261\/337|[from] item: Leftovers
|turn|20
|
|switch|p1a: Forretress|Forretress, F|255\/354
|move|p2a: Bronzong|Gyro Ball|p1a: Forretress
|-resisted|p1a: Forretress
|-damage|p1a: Forretress|246\/354
|
|-heal|p1a: Forretress|268\/354|[from] item: Leftovers
|-heal|p2a: Bronzong|282\/337|[from] item: Leftovers
|turn|21
|
|switch|p2a: Vaporeon|Vaporeon, F|449\/449
|move|p1a: Forretress|Spikes|p2a: Vaporeon
|-sidestart|p2: klos|Spikes
|
|-heal|p1a: Forretress|290\/354|[from] item: Leftovers
|turn|22
|
|move|p2a: Vaporeon|Scald|p1a: Forretress
|-damage|p1a: Forretress|142\/354
|-status|p1a: Forretress|brn
|move|p1a: Forretress|Stealth Rock|p2a: Vaporeon
|-sidestart|p2: klos|move: Stealth Rock
|
|-heal|p1a: Forretress|164\/354 brn|[from] item: Leftovers
|-damage|p1a: Forretress|120\/354 brn|[from] brn
|turn|23
|
|move|p2a: Vaporeon|Scald|p1a: Forretress
|-damage|p1a: Forretress|0 fnt
|faint|p1a: Forretress
|
|
|switch|p1a: Shaymin|Shaymin|97\/341
|turn|24
|join|purrl
|
|switch|p1a: Beedrill|Beedrill, F|272\/272
|switch|p2a: Bronzong|Bronzong|282\/337
|-damage|p2a: Bronzong|261\/337|[from] Stealth Rock
|
|-heal|p2a: Bronzong|282\/337|[from] item: Leftovers
|turn|25
|
|detailschange|p1a: Beedrill|Beedrill-Mega, F
|message|Beedrill has Mega Evolved into Mega Beedrill!
|move|p1a: Beedrill|U-turn|p2a: Bronzong
|-damage|p2a: Bronzong|124\/337
|
|switch|p1a: Suicune|Suicune|354\/404
|-ability|p1a: Suicune|Pressure
|move|p2a: Bronzong|Earthquake|p1a: Suicune
|-damage|p1a: Suicune|308\/404
|
|-heal|p2a: Bronzong|145\/337|[from] item: Leftovers
|turn|26
|join|wonderbusty
|
|move|p1a: Suicune|Scald|p2a: Bronzong
|-damage|p2a: Bronzong|87\/337
|-status|p2a: Bronzong|brn
|move|p2a: Bronzong|Toxic|p1a: Suicune
|-status|p1a: Suicune|tox
|
|-heal|p2a: Bronzong|108\/337 brn|[from] item: Leftovers
|-damage|p1a: Suicune|283\/404 tox|[from] psn
|-damage|p2a: Bronzong|66\/337 brn|[from] brn
|turn|27
|
|switch|p1a: Beedrill|Beedrill-Mega, F|272\/272
|switch|p2a: Vaporeon|Vaporeon, F|449\/449
|-damage|p2a: Vaporeon|393\/449|[from] Stealth Rock
|-damage|p2a: Vaporeon|337\/449|[from] Spikes
|
|-heal|p2a: Vaporeon|365\/449|[from] item: Leftovers
|turn|28
|
|move|p1a: Beedrill|Poison Jab|p2a: Vaporeon
|-damage|p2a: Vaporeon|141\/449
|move|p2a: Vaporeon|Scald|p1a: Beedrill
|-damage|p1a: Beedrill|145\/272
|
|-heal|p2a: Vaporeon|169\/449|[from] item: Leftovers
|turn|29
|join|YeLLoWâSKaRMoRYâ
|join|OmiOP
|leave|OmiOP
|
|move|p2a: Vaporeon|Protect|p2a: Vaporeon
|-singleturn|p2a: Vaporeon|Protect
|move|p1a: Beedrill|Poison Jab|p2a: Vaporeon
|-activate|p2a: Vaporeon|Protect
|
|-heal|p2a: Vaporeon|197\/449|[from] item: Leftovers
|turn|30
|join|OmiOP
|
|move|p1a: Beedrill|Poison Jab|p2a: Vaporeon
|-damage|p2a: Vaporeon|0 fnt
|faint|p2a: Vaporeon
|
|c|âpokeblade101|Gg
|
|switch|p2a: Krookodile|Krookodile, F|240\/394
|-damage|p2a: Krookodile|216\/394|[from] Stealth Rock
|-damage|p2a: Krookodile|167\/394|[from] Spikes
|-ability|p2a: Krookodile|Intimidate|[of] p1a: Beedrill
|-unboost|p1a: Beedrill|atk|1
|turn|31
|c|âklos|gg
|
|move|p1a: Beedrill|U-turn|p2a: Krookodile
|-supereffective|p2a: Krookodile
|-damage|p2a: Krookodile|0 fnt
|faint|p2a: Krookodile
|
|switch|p1a: Shaymin|Shaymin|97\/341
|
|
|switch|p2a: Altaria|Altaria-Mega, F|162\/307
|-damage|p2a: Altaria|124\/307|[from] Spikes
|-damage|p2a: Altaria|86\/307|[from] Stealth Rock
|turn|32
|
|move|p1a: Shaymin|Air Slash|p2a: Altaria
|-damage|p2a: Altaria|10\/307
|move|p2a: Altaria|Dragon Dance|p2a: Altaria
|-boost|p2a: Altaria|atk|1
|-boost|p2a: Altaria|spe|1
|
|turn|33
|
|move|p2a: Altaria|Roost|p2a: Altaria
|-heal|p2a: Altaria|164\/307
|move|p1a: Shaymin|Air Slash|p2a: Altaria
|-crit|p2a: Altaria
|-damage|p2a: Altaria|58\/307
|
|turn|34
|
|move|p2a: Altaria|Roost|p2a: Altaria
|-heal|p2a: Altaria|212\/307
|move|p1a: Shaymin|Seed Flare|p2a: Altaria
|-resisted|p2a: Altaria
|-damage|p2a: Altaria|134\/307
|
|turn|35
|
|move|p2a: Altaria|Dragon Dance|p2a: Altaria
|-boost|p2a: Altaria|atk|1
|-boost|p2a: Altaria|spe|1
|move|p1a: Shaymin|Earth Power|p2a: Altaria
|-damage|p2a: Altaria|48\/307
|
|turn|36
|
|move|p2a: Altaria|Return|p1a: Shaymin
|-damage|p1a: Shaymin|0 fnt
|faint|p1a: Shaymin
|
|
|switch|p1a: Beedrill|Beedrill-Mega, F|145\/272
|turn|37
|
|move|p2a: Altaria|Earthquake|p1a: Beedrill
|-damage|p1a: Beedrill|0 fnt
|faint|p1a: Beedrill
|
|
|switch|p1a: Suicune|Suicune|283\/404 tox
|-ability|p1a: Suicune|Pressure
|turn|38
|
|move|p2a: Altaria|Return|p1a: Suicune
|-damage|p1a: Suicune|0 fnt
|faint|p1a: Suicune
|
|win|klos
|c|âklos|gg
|c|âpokeblade101|GGGG
|c|âpokeblade101|Omg
|c|âklos|great game
|c|âpokeblade101|Shoulda Have let that happen
|c|âklos|no way
|c|âklos|at +2 altaria wrecks the meta