|join|kiddmewtwo
|join|pokeblade101
|join|Christo m8
|player|p1|kiddmewtwo|267
|player|p2|pokeblade101|163
|gametype|singles
|gen|6
|tier|UU
|rated
|rule|Sleep Clause Mod: Limit one foe put to sleep
|rule|Species Clause: Limit one of each PokÃ©mon
|rule|OHKO Clause: OHKO moves are banned
|rule|Moody Clause: Moody is banned
|rule|Evasion Moves Clause: Evasion moves are banned
|rule|Endless Battle Clause: Forcing endless battles is banned
|rule|HP Percentage Mod: HP is shown in percentages
|clearpoke
|poke|p1|Honchkrow, M
|poke|p1|Aromatisse, M
|poke|p1|Krookodile, M
|poke|p1|Gastrodon, M
|poke|p1|Crobat, F
|poke|p1|Empoleon, F
|poke|p2|Cresselia, F
|poke|p2|Ampharos, M
|poke|p2|Hippowdon, M
|poke|p2|Florges, F
|poke|p2|Suicune
|poke|p2|Crobat, F
|rule|Swagger Clause: Swagger is banned
|rule|Baton Pass Clause: Limit one PokÃ©mon knowing Baton Pass
|teampreview
|c|âkiddmewtwo|does your flrges have energy ball?
|c| Christo m8|of course
|c|âpokeblade101|Maybe
|c| Christo m8|it does
|
|start
|switch|p1a: dasheep|Honchkrow, M|404\/404
|switch|p2a: Hippowdon|Hippowdon, M|419\/419
|-weather|Sandstorm
|turn|1
|c|âkiddmewtwo|if so i encourage you to keep it alive at all cost
|
|switch|p2a: Ampharos|Ampharos, M|384\/384
|move|p1a: dasheep|Brave Bird|p2a: Ampharos
|-resisted|p2a: Ampharos
|-damage|p2a: Ampharos|228\/384
|-damage|p1a: dasheep|353\/404|[from] recoil|[of] p2a: Ampharos
|-damage|p1a: dasheep|313\/404|[from] item: Life Orb
|
|-weather|Sandstorm|[upkeep]
|-damage|p1a: dasheep|288\/404|[from] sandstorm
|-damage|p2a: Ampharos|204\/384|[from] sandstorm
|turn|2
|
|switch|p1a: bruce wayne|Crobat, F|311\/311
|switch|p2a: Hippowdon|Hippowdon, M|419\/419
|
|-weather|Sandstorm|[upkeep]
|-damage|p1a: bruce wayne|292\/311|[from] sandstorm
|turn|3
|
|move|p1a: bruce wayne|U-turn|p2a: Hippowdon
|-damage|p2a: Hippowdon|362\/419
|-damage|p1a: bruce wayne|241\/311|[from] item: Rocky Helmet|[of] p2a: Hippowdon
|
|switch|p1a: Ankylosaurus|Krookodile, M|394\/394
|-ability|p1a: Ankylosaurus|Intimidate|[of] p2a: Hippowdon
|-unboost|p2a: Hippowdon|atk|1
|move|p2a: Hippowdon|Stealth Rock|p1a: Ankylosaurus
|-sidestart|p1: kiddmewtwo|move: Stealth Rock
|
|-weather|Sandstorm|[upkeep]
|turn|4
|
|move|p1a: Ankylosaurus|Toxic|p2a: Hippowdon
|-status|p2a: Hippowdon|tox
|move|p2a: Hippowdon|Toxic|p1a: Ankylosaurus|[miss]
|-miss|p2a: Hippowdon|p1a: Ankylosaurus
|
|-weather|Sandstorm|[upkeep]
|-damage|p2a: Hippowdon|336\/419 tox|[from] psn
|turn|5
|c|âpokeblade101|Wtf
|c|âpokeblade101|I knew that would happen
|c|âkiddmewtwo|poorly trained
|
|switch|p2a: Florges|Florges, F|360\/360
|move|p1a: Ankylosaurus|Taunt|p2a: Florges
|-start|p2a: Florges|move: Taunt
|
|-weather|none
|turn|6
|c| Christo m8|nah its just luck
|
|switch|p2a: Hippowdon|Hippowdon, M|336\/419 tox
|-weather|Sandstorm
|move|p1a: Ankylosaurus|Stealth Rock|p2a: Hippowdon
|-sidestart|p2: pokeblade101|move: Stealth Rock
|
|-weather|Sandstorm|[upkeep]
|-damage|p2a: Hippowdon|310\/419 tox|[from] psn
|turn|7
|c|âpokeblade101|That was a mistakr
|
|switch|p2a: Crobat|Crobat, F|374\/374
|-damage|p2a: Crobat|281\/374|[from] Stealth Rock
|move|p1a: Ankylosaurus|Taunt|p2a: Crobat
|-start|p2a: Crobat|move: Taunt
|
|-weather|Sandstorm|[upkeep]
|-damage|p2a: Crobat|258\/374|[from] sandstorm
|-heal|p2a: Crobat|281\/374|[from] item: Black Sludge
|turn|8
|c|âkiddmewtwo|oh the cheating version of crobat
|
|switch|p1a: Empoleon|Empoleon, F|310\/310
|-damage|p1a: Empoleon|291\/310|[from] Stealth Rock
|move|p2a: Crobat|U-turn|p1a: Empoleon
|-crit|p1a: Empoleon
|-resisted|p1a: Empoleon
|-damage|p1a: Empoleon|251\/310
|
|switch|p2a: Ampharos|Ampharos, M|204\/384
|-damage|p2a: Ampharos|156\/384|[from] Stealth Rock
|
|-weather|Sandstorm|[upkeep]
|-damage|p2a: Ampharos|132\/384|[from] sandstorm
|turn|9
|
|detailschange|p2a: Ampharos|Ampharos-Mega, M
|-mega|p2a: Ampharos|Ampharos|Ampharosite
|-ability|p2a: Ampharos|Mold Breaker
|move|p1a: Empoleon|Substitute|p1a: Empoleon
|-start|p1a: Empoleon|Substitute
|-damage|p1a: Empoleon|174\/310
|move|p2a: Ampharos|Focus Blast|p1a: Empoleon|[miss]
|-miss|p2a: Ampharos|p1a: Empoleon
|
|-weather|Sandstorm|[upkeep]
|-damage|p2a: Ampharos|108\/384|[from] sandstorm
|turn|10
|c|âpokeblade101|Wtf
|c|âkiddmewtwo|so sad
|
|move|p1a: Empoleon|Ice Beam|p2a: Ampharos
|-supereffective|p2a: Ampharos
|-damage|p2a: Ampharos|0 fnt
|faint|p2a: Ampharos
|
|-weather|none
|c| Christo m8|ampharos= widdled
|c| Christo m8|lmao
|c|âpokeblade101|All the damn luck
|c|âkiddmewtwo|you did that youself
|c|âpokeblade101|U fucking lucky bastard
|c|âkiddmewtwo|putting my baby in a sandstorm
|c|âkiddmewtwo|now she is dead
|c|âpokeblade101|What
|
|switch|p2a: Cresselia|Cresselia, F|444\/444
|-damage|p2a: Cresselia|389\/444|[from] Stealth Rock
|turn|11
|
|move|p1a: Empoleon|Agility|p1a: Empoleon
|-boost|p1a: Empoleon|spe|2
|move|p2a: Cresselia|Calm Mind|p2a: Cresselia
|-boost|p2a: Cresselia|spa|1
|-boost|p2a: Cresselia|spd|1
|
|-heal|p2a: Cresselia|416\/444|[from] item: Leftovers
|turn|12
|c|âkiddmewtwo|shit i canceled
|
|switch|p1a: Ankylosaurus|Krookodile, M|394\/394
|-damage|p1a: Ankylosaurus|370\/394|[from] Stealth Rock
|-ability|p1a: Ankylosaurus|Intimidate|[of] p2a: Cresselia
|-unboost|p2a: Cresselia|atk|1
|move|p2a: Cresselia|Moonblast|p1a: Ankylosaurus
|-crit|p1a: Ankylosaurus
|-supereffective|p1a: Ankylosaurus
|-damage|p1a: Ankylosaurus|0 fnt
|faint|p1a: Ankylosaurus
|
|-heal|p2a: Cresselia|443\/444|[from] item: Leftovers
|
|switch|p1a: furfag|Aromatisse, M|406\/406
|-damage|p1a: furfag|356\/406|[from] Stealth Rock
|turn|13
|
|move|p2a: Cresselia|Calm Mind|p2a: Cresselia
|-boost|p2a: Cresselia|spa|1
|-boost|p2a: Cresselia|spd|1
|move|p1a: furfag|Toxic|p2a: Cresselia
|-status|p2a: Cresselia|tox
|
|-heal|p2a: Cresselia|444\/444 tox|[from] item: Leftovers
|-heal|p1a: furfag|381\/406|[from] item: Leftovers
|-damage|p2a: Cresselia|417\/444 tox|[from] psn
|turn|14
|
|move|p2a: Cresselia|Psyshock|p1a: furfag
|-damage|p1a: furfag|161\/406
|move|p1a: furfag|Wish|p1a: furfag
|
|-heal|p2a: Cresselia|444\/444 tox|[from] item: Leftovers
|-heal|p1a: furfag|186\/406|[from] item: Leftovers
|-damage|p2a: Cresselia|390\/444 tox|[from] psn
|turn|15
|
|move|p1a: furfag|Protect|p1a: furfag
|-singleturn|p1a: furfag|Protect
|move|p2a: Cresselia|Moonblast|p1a: furfag
|-activate|p1a: furfag|Protect
|
|-heal|p1a: furfag|389\/406|[from] move: Wish|[wisher] furfag
|-heal|p2a: Cresselia|417\/444 tox|[from] item: Leftovers
|-heal|p1a: furfag|406\/406|[from] item: Leftovers
|-damage|p2a: Cresselia|336\/444 tox|[from] psn
|turn|16
|
|switch|p2a: Florges|Florges, F|360\/360
|-damage|p2a: Florges|315\/360|[from] Stealth Rock
|move|p1a: furfag|Wish|p1a: furfag
|
|-heal|p2a: Florges|337\/360|[from] item: Leftovers
|turn|17
|c|âkiddmewtwo|please just switch to florges
|c|âkiddmewtwo|thank you we were wasting time
|
|move|p2a: Florges|Aromatherapy|p2a: Florges
|-cureteam|p2a: Florges|[from] move: Aromatherapy
|move|p1a: furfag|Toxic|p2a: Florges
|-status|p2a: Florges|tox
|
|-heal|p2a: Florges|359\/360 tox|[from] item: Leftovers
|-damage|p2a: Florges|337\/360 tox|[from] psn
|turn|18
|c|âpokeblade101|U were winning that so i dont see your point
|
|move|p2a: Florges|Wish|p2a: Florges
|move|p1a: furfag|Wish|p1a: furfag
|
|-heal|p2a: Florges|359\/360 tox|[from] item: Leftovers
|-damage|p2a: Florges|315\/360 tox|[from] psn
|turn|19
|c|âkiddmewtwo|i dont care about winning
|c|âpokeblade101|Ok
|c|âkiddmewtwo|i want a fun match my pokemon can enjoy
|
|switch|p2a: Crobat|Crobat, F|281\/374
|-damage|p2a: Crobat|188\/374|[from] Stealth Rock
|switch|p1a: dasheep|Honchkrow, M|288\/404
|-damage|p1a: dasheep|187\/404|[from] Stealth Rock
|
|-heal|p2a: Crobat|368\/374|[from] move: Wish|[wisher] Florges
|-heal|p1a: dasheep|390\/404|[from] move: Wish|[wisher] furfag
|-heal|p2a: Crobat|374\/374|[from] item: Black Sludge
|turn|20
|
|move|p2a: Crobat|U-turn|p1a: dasheep
|-damage|p1a: dasheep|299\/404
|
|switch|p2a: Hippowdon|Hippowdon, M|310\/419
|-damage|p2a: Hippowdon|284\/419|[from] Stealth Rock
|-weather|Sandstorm
|move|p1a: dasheep|Brave Bird|p2a: Hippowdon
|-damage|p2a: Hippowdon|84\/419
|-damage|p1a: dasheep|232\/404|[from] item: Rocky Helmet|[of] p2a: Hippowdon
|-damage|p1a: dasheep|166\/404|[from] recoil|[of] p2a: Hippowdon
|-damage|p1a: dasheep|126\/404|[from] item: Life Orb
|
|-weather|Sandstorm|[upkeep]
|-damage|p1a: dasheep|101\/404|[from] sandstorm
|turn|21
|c|âpokeblade101|Lol
|
|move|p1a: dasheep|Brave Bird|p2a: Hippowdon
|-damage|p2a: Hippowdon|0 fnt
|-damage|p1a: dasheep|34\/404|[from] item: Rocky Helmet|[of] p2a: Hippowdon
|-damage|p1a: dasheep|6\/404|[from] recoil|[of] p2a: Hippowdon
|-damage|p1a: dasheep|0 fnt|[from] item: Life Orb
|faint|p2a: Hippowdon
|faint|p1a: dasheep
|
|-weather|Sandstorm|[upkeep]
|
|switch|p2a: Cresselia|Cresselia, F|336\/444
|switch|p1a: furfag|Aromatisse, M|406\/406
|-damage|p2a: Cresselia|281\/444|[from] Stealth Rock
|-damage|p1a: furfag|356\/406|[from] Stealth Rock
|turn|22
|
|move|p2a: Cresselia|Psyshock|p1a: furfag
|-damage|p1a: furfag|244\/406
|move|p1a: furfag|Toxic|p2a: Cresselia
|-status|p2a: Cresselia|tox
|
|-weather|Sandstorm|[upkeep]
|-damage|p2a: Cresselia|254\/444 tox|[from] sandstorm
|-damage|p1a: furfag|219\/406|[from] sandstorm
|-heal|p2a: Cresselia|281\/444 tox|[from] item: Leftovers
|-heal|p1a: furfag|244\/406|[from] item: Leftovers
|-damage|p2a: Cresselia|254\/444 tox|[from] psn
|turn|23
|c|âpokeblade101|I hate that cancel button
|
|switch|p2a: Crobat|Crobat, F|374\/374
|-damage|p2a: Crobat|281\/374|[from] Stealth Rock
|move|p1a: furfag|Wish|p1a: furfag
|
|-weather|Sandstorm|[upkeep]
|-damage|p2a: Crobat|258\/374|[from] sandstorm
|-damage|p1a: furfag|219\/406|[from] sandstorm
|-heal|p2a: Crobat|281\/374|[from] item: Black Sludge
|-heal|p1a: furfag|244\/406|[from] item: Leftovers
|turn|24
|
|move|p1a: furfag|Protect|p1a: furfag
|-singleturn|p1a: furfag|Protect
|move|p2a: Crobat|Defog|p1a: furfag
|-activate|p1a: furfag|Protect
|
|-weather|none
|-heal|p1a: furfag|406\/406|[from] move: Wish|[wisher] furfag
|-heal|p2a: Crobat|304\/374|[from] item: Black Sludge
|turn|25
|c|âkiddmewtwo|your last turn of sand sad
|
|move|p2a: Crobat|Brave Bird|p1a: furfag
|-damage|p1a: furfag|274\/406
|-damage|p2a: Crobat|260\/374|[from] recoil|[of] p1a: furfag
|move|p1a: furfag|Wish|p1a: furfag
|
|-heal|p2a: Crobat|283\/374|[from] item: Black Sludge
|-heal|p1a: furfag|299\/406|[from] item: Leftovers
|turn|26
|c| Christo m8|can u pls use a diff team
|c| Christo m8|this team is so boring
|c|âpokeblade101|Idfgf
|
|switch|p1a: bruce wayne|Crobat, F|241\/311
|-damage|p1a: bruce wayne|164\/311|[from] Stealth Rock
|move|p2a: Crobat|Roost|p2a: Crobat
|-heal|p2a: Crobat|374\/374
|
|-heal|p1a: bruce wayne|311\/311|[from] move: Wish|[wisher] furfag
|turn|27
|c|âpokeblade101|Idgaf
|c| Christo m8|try my sharp team, its done wel
|c| Christo m8|l
|c|âkiddmewtwo|i knew you were using the gay crobat
|
|move|p1a: bruce wayne|Brave Bird|p2a: Crobat
|-damage|p2a: Crobat|94\/374
|-damage|p1a: bruce wayne|219\/311|[from] recoil|[of] p2a: Crobat
|move|p2a: Crobat|Defog|p1a: bruce wayne
|-unboost|p1a: bruce wayne|evasion|1
|-sideend|p1: kiddmewtwo|Stealth Rock|[from] move: Defog|[of] p1a: bruce wayne
|-sideend|p2: pokeblade101|Stealth Rock|[from] move: Defog|[of] p2a: Crobat
|
|-heal|p2a: Crobat|117\/374|[from] item: Black Sludge
|turn|28
|c|âpokeblade101|And hoe is this gay
|c|âkiddmewtwo|ruining pokemon tis a shame
|c|âpokeblade101|Damn banded set
|
|switch|p2a: Suicune|Suicune|404\/404
|-ability|p2a: Suicune|Pressure
|move|p1a: bruce wayne|Brave Bird|p2a: Suicune
|-crit|p2a: Suicune
|-damage|p2a: Suicune|169\/404
|-damage|p1a: bruce wayne|141\/311|[from] recoil|[of] p2a: Suicune
|
|-heal|p2a: Suicune|194\/404|[from] item: Leftovers
|turn|29
|c|âkiddmewtwo|thats the way crobats like to be they dont like being defensive
|c|âkiddmewtwo|they like to do damage hard and quickly
|c|âpokeblade101|I won with suicune tbh
|c|âkiddmewtwo|how so?
|
|move|p1a: bruce wayne|Brave Bird|p2a: Suicune
|-damage|p2a: Suicune|46\/404
|-damage|p1a: bruce wayne|92\/311|[from] recoil|[of] p2a: Suicune
|move|p2a: Suicune|Rest|p2a: Suicune
|-status|p2a: Suicune|slp
|-heal|p2a: Suicune|404\/404 slp|[silent]
|-status|p2a: Suicune|slp|[from] move: Rest
|
|turn|30
|c|âpokeblade101|What csn u do
|c|âpokeblade101|Csn*
|c|âpokeblade101|Can*
|
|switch|p1a: kekleon|Gastrodon, M|426\/426
|cant|p2a: Suicune|slp
|move|p2a: Suicune|Sleep Talk|p2a: Suicune
|move|p2a: Suicune|Scald|p1a: kekleon|[from]Sleep Talk
|-boost|p1a: kekleon|spa|1|[from] ability: Storm Drain
|
|turn|31
|c|âpokeblade101|Facepalm
|
|cant|p2a: Suicune|slp
|move|p1a: kekleon|Curse|p1a: kekleon
|-boost|p1a: kekleon|atk|1
|-boost|p1a: kekleon|def|1
|-unboost|p1a: kekleon|spe|1
|
|turn|32
|c|âpokeblade101|Ok then
|c|âkiddmewtwo|use florges
|c|âkiddmewtwo|i told you would need it
|
|switch|p2a: Cresselia|Cresselia, F|254\/444 tox
|move|p1a: kekleon|Curse|p1a: kekleon
|-boost|p1a: kekleon|atk|1
|-boost|p1a: kekleon|def|1
|-unboost|p1a: kekleon|spe|1
|
|-heal|p2a: Cresselia|281\/444 tox|[from] item: Leftovers
|-damage|p2a: Cresselia|254\/444 tox|[from] psn
|turn|33
|c|âpokeblade101|Florges doesnt have energy ball
|c|âpokeblade101|Who the fuq uses enegry ball
|c|âkiddmewtwo|i have seen a few orb florges in my day
|
|move|p2a: Cresselia|Moonlight|p2a: Cresselia
|-heal|p2a: Cresselia|444\/444 tox
|move|p1a: kekleon|Waterfall|p2a: Cresselia
|-damage|p2a: Cresselia|321\/444 tox
|
|-heal|p2a: Cresselia|348\/444 tox|[from] item: Leftovers
|-damage|p2a: Cresselia|294\/444 tox|[from] psn
|turn|34
|c|âpokeblade101|Damage
|
|switch|p2a: Florges|Florges, F|315\/360 tox
|move|p1a: kekleon|Curse|p1a: kekleon
|-boost|p1a: kekleon|atk|1
|-boost|p1a: kekleon|def|1
|-unboost|p1a: kekleon|spe|1
|
|-heal|p2a: Florges|337\/360 tox|[from] item: Leftovers
|-damage|p2a: Florges|315\/360 tox|[from] psn
|turn|35
|
|move|p2a: Florges|Aromatherapy|p2a: Florges
|-cureteam|p2a: Florges|[from] move: Aromatherapy
|move|p1a: kekleon|Earthquake|p2a: Florges
|-damage|p2a: Florges|0 fnt
|faint|p2a: Florges
|
|
|switch|p2a: Suicune|Suicune|404\/404
|-ability|p2a: Suicune|Pressure
|turn|36
|c|âpokeblade101|Ok u won lol
|c|âkiddmewtwo|you did not head my warning
|c|âpokeblade101|But idk
|c| Christo m8|EZ
|
|switch|p2a: Cresselia|Cresselia, F|294\/444
|move|p1a: kekleon|Earthquake|p2a: Cresselia
|-immune|p2a: Cresselia|[msg]
|
|-heal|p2a: Cresselia|321\/444|[from] item: Leftovers
|turn|37
|c|âkiddmewtwo|i told you needed energy ball
|c| Christo m8|got played
|c| Christo m8|"noob"
|c|âkiddmewtwo|i saw your team and saw that if i wanted to i could have sent out kekleon from the begininng
|
|move|p2a: Cresselia|Calm Mind|p2a: Cresselia
|-boost|p2a: Cresselia|spa|1
|-boost|p2a: Cresselia|spd|1
|move|p1a: kekleon|Waterfall|p2a: Cresselia
|-damage|p2a: Cresselia|173\/444
|
|-heal|p2a: Cresselia|200\/444|[from] item: Leftovers
|turn|38
|c|âkiddmewtwo|and still did well
|c|âpokeblade101|Nope
|c|âpokeblade101|U wouldnt get pass my team with thst
|
|move|p2a: Cresselia|Moonblast|p1a: kekleon
|-damage|p1a: kekleon|327\/426
|-unboost|p1a: kekleon|spa|1
|move|p1a: kekleon|Curse|p1a: kekleon
|-boost|p1a: kekleon|atk|1
|-boost|p1a: kekleon|def|1
|-unboost|p1a: kekleon|spe|1
|
|-heal|p2a: Cresselia|227\/444|[from] item: Leftovers
|-heal|p1a: kekleon|353\/426|[from] item: Leftovers
|turn|39
|c|âkiddmewtwo|max sp.d
|c|âpokeblade101|Ok
|
|move|p2a: Cresselia|Calm Mind|p2a: Cresselia
|-boost|p2a: Cresselia|spa|1
|-boost|p2a: Cresselia|spd|1
|move|p1a: kekleon|Curse|p1a: kekleon
|-boost|p1a: kekleon|atk|1
|-boost|p1a: kekleon|def|1
|-unboost|p1a: kekleon|spe|1
|
|-heal|p2a: Cresselia|254\/444|[from] item: Leftovers
|-heal|p1a: kekleon|379\/426|[from] item: Leftovers
|turn|40
|c|âpokeblade101|Crit
|c|âpokeblade101|Crit
|c|âpokeblade101|Rit
|c|âpokeblade101|Crit
|
|move|p2a: Cresselia|Moonblast|p1a: kekleon
|-damage|p1a: kekleon|259\/426
|move|p1a: kekleon|Curse|p1a: kekleon
|-boost|p1a: kekleon|atk|1
|-boost|p1a: kekleon|def|1
|-unboost|p1a: kekleon|spe|1
|
|-heal|p2a: Cresselia|281\/444|[from] item: Leftovers
|-heal|p1a: kekleon|285\/426|[from] item: Leftovers
|turn|41
|c|âkiddmewtwo|how pathetic
|c|âpokeblade101|And recover is last
|
|move|p2a: Cresselia|Moonblast|p1a: kekleon
|-damage|p1a: kekleon|153\/426
|-unboost|p1a: kekleon|spa|1
|move|p1a: kekleon|Waterfall|p2a: Cresselia
|-damage|p2a: Cresselia|41\/444
|
|-heal|p2a: Cresselia|68\/444|[from] item: Leftovers
|-heal|p1a: kekleon|179\/426|[from] item: Leftovers
|turn|42
|c|âkiddmewtwo|asking for crits is super low
|c|âpokeblade101|Only way of winning
|c|âkiddmewtwo|is that how you want to win?
|
|move|p2a: Cresselia|Moonblast|p1a: kekleon
|-damage|p1a: kekleon|45\/426
|move|p1a: kekleon|Recover|p1a: kekleon
|-heal|p1a: kekleon|258\/426
|
|-heal|p2a: Cresselia|95\/444|[from] item: Leftovers
|-heal|p1a: kekleon|284\/426|[from] item: Leftovers
|turn|43
|c|âpokeblade101|Well gg
|
|move|p2a: Cresselia|Moonblast|p1a: kekleon
|-damage|p1a: kekleon|154\/426
|move|p1a: kekleon|Waterfall|p2a: Cresselia
|-damage|p2a: Cresselia|0 fnt
|faint|p2a: Cresselia
|
|-heal|p1a: kekleon|180\/426|[from] item: Leftovers
|c|âkiddmewtwo|gg
|-message|pokeblade101 forfeited.
|leave|pokeblade101
|
|win|kiddmewtwo
|raw|Ladder updating...
|player|p2