|join|pokeblade101
|join|RevolverOtacon
|player|p1|pokeblade101|163
|player|p2|RevolverOtacon|254
|gametype|singles
|gen|6
|tier|UU
|rated
|rule|Sleep Clause Mod: Limit one foe put to sleep
|rule|Species Clause: Limit one of each PokÃ©mon
|rule|OHKO Clause: OHKO moves are banned
|rule|Moody Clause: Moody is banned
|rule|Evasion Moves Clause: Evasion moves are banned
|rule|Endless Battle Clause: Forcing endless battles is banned
|rule|HP Percentage Mod: HP is shown in percentages
|clearpoke
|poke|p1|Celebi
|poke|p1|Alomomola, M
|poke|p1|Blissey, F
|poke|p1|Toxicroak, F
|poke|p1|Spiritomb, M
|poke|p1|Crobat, F
|poke|p2|Swampert, M
|poke|p2|Cobalion
|poke|p2|Celebi
|poke|p2|Hydreigon, M
|poke|p2|Starmie, shiny
|poke|p2|Jirachi
|rule|Swagger Clause: Swagger is banned
|rule|Baton Pass Clause: Limit one PokÃ©mon knowing Baton Pass
|teampreview
|
|start
|switch|p1a: Celebi|Celebi|404\/404
|switch|p2a: M0skaciekante|Cobalion|363\/363
|turn|1
|c|âpokeblade101|You have potentially four leads
|
|move|p2a: M0skaciekante|Stealth Rock|p1a: Celebi
|-sidestart|p1: pokeblade101|move: Stealth Rock
|move|p1a: Celebi|Stealth Rock|p2a: M0skaciekante
|-sidestart|p2: RevolverOtacon|move: Stealth Rock
|
|turn|2
|
|move|p2a: M0skaciekante|Volt Switch|p1a: Celebi
|-resisted|p1a: Celebi
|-damage|p1a: Celebi|388\/404
|
|switch|p2a: DMC|Hydreigon, M|325\/325
|-damage|p2a: DMC|285\/325|[from] Stealth Rock
|move|p1a: Celebi|Giga Drain|p2a: DMC
|-resisted|p2a: DMC
|-damage|p2a: DMC|237\/325
|-heal|p1a: Celebi|404\/404|[from] drain|[of] p2a: DMC
|
|turn|3
|c|âRevolverOtacon|that's a good thing
|c|âpokeblade101|Tru
|c|âpokeblade101|Confuse ppl
|c|âpokeblade101|I just lost a match i could of easily won by stupid timeout
|
|switch|p1a: Blissey|Blissey, F|714\/714
|-damage|p1a: Blissey|625\/714|[from] Stealth Rock
|move|p2a: DMC|U-turn|p1a: Blissey
|-damage|p1a: Blissey|531\/714
|c|âpokeblade101|Ofc
|
|switch|p2a: M0skaciekante|Cobalion|363\/363
|-damage|p2a: M0skaciekante|352\/363|[from] Stealth Rock
|
|-heal|p2a: M0skaciekante|363\/363|[from] item: Leftovers
|-heal|p1a: Blissey|575\/714|[from] item: Leftovers
|turn|4
|
|switch|p1a: Celebi|Celebi|404\/404
|-damage|p1a: Celebi|354\/404|[from] Stealth Rock
|move|p2a: M0skaciekante|Volt Switch|p1a: Celebi
|-resisted|p1a: Celebi
|-damage|p1a: Celebi|338\/404
|
|switch|p2a: DMC|Hydreigon, M|237\/325
|-damage|p2a: DMC|197\/325|[from] Stealth Rock
|
|-heal|p1a: Celebi|363\/404|[from] item: Leftovers
|turn|5
|
|move|p2a: DMC|U-turn|p1a: Celebi
|-supereffective|p1a: Celebi
|-damage|p1a: Celebi|175\/404
|
|switch|p2a: Evil|Jirachi|341\/341
|-damage|p2a: Evil|320\/341|[from] Stealth Rock
|move|p1a: Celebi|Recover|p1a: Celebi
|-heal|p1a: Celebi|377\/404
|
|-heal|p1a: Celebi|402\/404|[from] item: Leftovers
|turn|6
|
|switch|p1a: Toxicroak|Toxicroak, F|308\/308
|-damage|p1a: Toxicroak|289\/308|[from] Stealth Rock
|move|p2a: Evil|U-turn|p1a: Toxicroak
|-resisted|p1a: Toxicroak
|-damage|p1a: Toxicroak|265\/308
|
|switch|p2a: DMC|Hydreigon, M|197\/325
|-damage|p2a: DMC|157\/325|[from] Stealth Rock
|
|turn|7
|c|âpokeblade101|Annoying
|c|âpokeblade101|But soon dead
|
|switch|p1a: Blissey|Blissey, F|575\/714
|-damage|p1a: Blissey|486\/714|[from] Stealth Rock
|move|p2a: DMC|Draco Meteor|p1a: Blissey
|-damage|p1a: Blissey|228\/714
|-unboost|p2a: DMC|spa|2
|
|-heal|p1a: Blissey|272\/714|[from] item: Leftovers
|turn|8
|c|âRevolverOtacon|i know
|
|switch|p2a: Celebi|Celebi|396\/396
|-damage|p2a: Celebi|347\/396|[from] Stealth Rock
|move|p1a: Blissey|Soft-Boiled|p1a: Blissey
|-heal|p1a: Blissey|629\/714
|
|-heal|p2a: Celebi|371\/396|[from] item: Leftovers
|-heal|p1a: Blissey|673\/714|[from] item: Leftovers
|turn|9
|
|move|p2a: Celebi|Swords Dance|p2a: Celebi
|-boost|p2a: Celebi|atk|2
|move|p1a: Blissey|Wish|p1a: Blissey
|
|-heal|p2a: Celebi|395\/396|[from] item: Leftovers
|-heal|p1a: Blissey|714\/714|[from] item: Leftovers
|turn|10
|
|switch|p1a: Celebi|Celebi|402\/404
|-damage|p1a: Celebi|352\/404|[from] Stealth Rock
|move|p2a: Celebi|Swords Dance|p2a: Celebi
|-boost|p2a: Celebi|atk|2
|
|-heal|p1a: Celebi|404\/404|[from] move: Wish|[wisher] Blissey
|-heal|p2a: Celebi|396\/396|[from] item: Leftovers
|turn|11
|
|move|p2a: Celebi|Seed Bomb|p1a: Celebi
|-crit|p1a: Celebi
|-resisted|p1a: Celebi
|-damage|p1a: Celebi|127\/404
|move|p1a: Celebi|Perish Song|p1a: Celebi
|-fieldactivate|move: Perish Song
|
|-start|p2a: Celebi|perish3
|-start|p1a: Celebi|perish3
|-heal|p1a: Celebi|152\/404|[from] item: Leftovers
|turn|12
|c|âpokeblade101|Crit!!
|
|switch|p1a: Crobat|Crobat, F|374\/374
|-damage|p1a: Crobat|281\/374|[from] Stealth Rock
|move|p2a: Celebi|Seed Bomb|p1a: Crobat
|-resisted|p1a: Crobat
|-damage|p1a: Crobat|176\/374
|
|-start|p2a: Celebi|perish2
|-heal|p1a: Crobat|199\/374|[from] item: Black Sludge
|turn|13
|
|move|p1a: Crobat|Roost|p1a: Crobat
|-heal|p1a: Crobat|374\/374
|move|p2a: Celebi|Baton Pass|p2a: Celebi
|
|switch|p2a: Evil|Jirachi|320\/341
|-damage|p2a: Evil|299\/341|[from] Stealth Rock
|
|-start|p2a: Evil|perish1
|turn|14
|c|âpokeblade101|Pass perish song
|c|âRevolverOtacon|i thought it couldn't do that
|c|âpokeblade101|Neither me
|
|switch|p2a: M0skaciekante|Cobalion|363\/363
|-damage|p2a: M0skaciekante|352\/363|[from] Stealth Rock
|switch|p1a: Alomomola|Alomomola, M|534\/534
|-damage|p1a: Alomomola|468\/534|[from] Stealth Rock
|
|-heal|p2a: M0skaciekante|363\/363|[from] item: Leftovers
|-heal|p1a: Alomomola|501\/534|[from] item: Leftovers
|turn|15
|c|âpokeblade101|Good to know
|
|move|p2a: M0skaciekante|Volt Switch|p1a: Alomomola
|-supereffective|p1a: Alomomola
|-damage|p1a: Alomomola|339\/534
|
|switch|p2a: Celebi|Celebi|396\/396
|-damage|p2a: Celebi|347\/396|[from] Stealth Rock
|move|p1a: Alomomola|Wish|p1a: Alomomola
|
|-heal|p2a: Celebi|371\/396|[from] item: Leftovers
|-heal|p1a: Alomomola|372\/534|[from] item: Leftovers
|turn|16
|
|switch|p1a: Celebi|Celebi|152\/404
|-damage|p1a: Celebi|102\/404|[from] Stealth Rock
|move|p2a: Celebi|Swords Dance|p2a: Celebi
|-boost|p2a: Celebi|atk|2
|
|-heal|p1a: Celebi|369\/404|[from] move: Wish|[wisher] Alomomola
|-heal|p2a: Celebi|395\/396|[from] item: Leftovers
|-heal|p1a: Celebi|394\/404|[from] item: Leftovers
|turn|17
|
|move|p2a: Celebi|Baton Pass|p2a: Celebi
|
|switch|p2a: DMC|Hydreigon, M|157\/325
|-damage|p2a: DMC|117\/325|[from] Stealth Rock
|move|p1a: Celebi|Perish Song|p1a: Celebi
|-fieldactivate|move: Perish Song
|
|-start|p2a: DMC|perish3
|-start|p1a: Celebi|perish3
|-heal|p1a: Celebi|404\/404|[from] item: Leftovers
|turn|18
|
|switch|p1a: Spiritomb|Spiritomb, M|304\/304
|-damage|p1a: Spiritomb|266\/304|[from] Stealth Rock
|-ability|p1a: Spiritomb|Pressure
|move|p2a: DMC|U-turn|p1a: Spiritomb
|-damage|p1a: Spiritomb|166\/304
|
|switch|p2a: Celebi|Celebi|395\/396
|-damage|p2a: Celebi|346\/396|[from] Stealth Rock
|
|-heal|p2a: Celebi|370\/396|[from] item: Leftovers
|-heal|p1a: Spiritomb|185\/304|[from] item: Leftovers
|turn|19
|
|move|p2a: Celebi|Swords Dance|p2a: Celebi
|-boost|p2a: Celebi|atk|2
|move|p1a: Spiritomb|Will-O-Wisp|p2a: Celebi|[miss]
|-miss|p1a: Spiritomb|p2a: Celebi
|
|-heal|p2a: Celebi|394\/396|[from] item: Leftovers
|-heal|p1a: Spiritomb|204\/304|[from] item: Leftovers
|turn|20
|
|move|p2a: Celebi|Swords Dance|p2a: Celebi
|-boost|p2a: Celebi|atk|2
|move|p1a: Spiritomb|Foul Play|p2a: Celebi
|-supereffective|p2a: Celebi
|-damage|p2a: Celebi|0 fnt
|faint|p2a: Celebi
|
|-heal|p1a: Spiritomb|223\/304|[from] item: Leftovers
|
|switch|p2a: DMC|Hydreigon, M|117\/325
|-damage|p2a: DMC|77\/325|[from] Stealth Rock
|turn|21
|c|âRevolverOtacon|ok that was stupid
|c|âpokeblade101|Ya think
|
|move|p2a: DMC|Draco Meteor|p1a: Spiritomb|[miss]
|-miss|p2a: DMC|p1a: Spiritomb
|move|p1a: Spiritomb|Rest|p1a: Spiritomb
|-status|p1a: Spiritomb|slp
|-heal|p1a: Spiritomb|304\/304 slp|[silent]
|-status|p1a: Spiritomb|slp|[from] move: Rest
|
|turn|22
|c|âpokeblade101|Ahh
|c|âpokeblade101|All pokes at full now
|c|âRevolverOtacon|talking about myself
|
|switch|p2a: Mambo Swampo|Swampert, M|351\/351
|-damage|p2a: Mambo Swampo|330\/351|[from] Stealth Rock
|switch|p1a: Blissey|Blissey, F|714\/714
|-damage|p1a: Blissey|625\/714|[from] Stealth Rock
|
|-heal|p1a: Blissey|669\/714|[from] item: Leftovers
|turn|23
|
|switch|p1a: Alomomola|Alomomola, M|534\/534
|-damage|p1a: Alomomola|468\/534|[from] Stealth Rock
|detailschange|p2a: Mambo Swampo|Swampert-Mega, M
|-mega|p2a: Mambo Swampo|Swampert|Swampertite
|move|p2a: Mambo Swampo|Rain Dance|p2a: Mambo Swampo
|-weather|RainDance
|
|-weather|RainDance|[upkeep]
|-heal|p1a: Alomomola|501\/534|[from] item: Leftovers
|turn|24
|
|move|p1a: Alomomola|Protect|p1a: Alomomola
|-singleturn|p1a: Alomomola|Protect
|move|p2a: Mambo Swampo|Earthquake|p1a: Alomomola
|-activate|p1a: Alomomola|Protect
|
|-weather|RainDance|[upkeep]
|-heal|p1a: Alomomola|534\/534|[from] item: Leftovers
|turn|25
|
|move|p2a: Mambo Swampo|Waterfall|p1a: Alomomola
|-resisted|p1a: Alomomola
|-damage|p1a: Alomomola|428\/534
|cant|p1a: Alomomola|flinch
|
|-weather|RainDance|[upkeep]
|-heal|p1a: Alomomola|461\/534|[from] item: Leftovers
|turn|26
|c|âpokeblade101|Lol
|
|move|p2a: Mambo Swampo|Earthquake|p1a: Alomomola
|-damage|p1a: Alomomola|268\/534
|move|p1a: Alomomola|Wish|p1a: Alomomola
|
|-weather|RainDance|[upkeep]
|-heal|p1a: Alomomola|301\/534|[from] item: Leftovers
|turn|27
|join|Ace-11
|c| Ace-11|uu tourney?
|c|âpokeblade101|Nop
|c|âpokeblade101|E
|c|âpokeblade101|Ladder
|c| Ace-11|why didn u join it?
|c|âpokeblade101|Huh?
|c|âpokeblade101|I wasnt in the room
|
|switch|p2a: M0skaciekante|Cobalion|363\/363
|-damage|p2a: M0skaciekante|352\/363|[from] Stealth Rock
|move|p1a: Alomomola|Scald|p2a: M0skaciekante
|-damage|p2a: M0skaciekante|259\/363
|
|-weather|none
|-heal|p1a: Alomomola|534\/534|[from] move: Wish|[wisher] Alomomola
|-heal|p2a: M0skaciekante|281\/363|[from] item: Leftovers
|turn|28
|c|âpokeblade101|I had to reconnect a couple of times
|c|âRevolverOtacon|gg i'm arleady done
|-message|RevolverOtacon forfeited.
|
|win|pokeblade101
|raw|Ladder updating...