|inactive|Battle timer is ON: inactive players will automatically lose when time's up.
|J|candres
|J|HaxBro.K
|player|p1|candres|169
|player|p2|HaxBro.K|1
|gametype|singles
|gen|6
|tier|UU
|rule|Sleep Clause Mod: Limit one foe put to sleep
|rule|Species Clause: Limit one of each PokÃ©mon
|rule|OHKO Clause: OHKO moves are banned
|rule|Moody Clause: Moody is banned
|rule|Evasion Moves Clause: Evasion moves are banned
|rule|Endless Battle Clause: Forcing endless battles is banned
|rule|HP Percentage Mod: HP is shown in percentages
|clearpoke
|poke|p1|Ampharos, F
|poke|p1|Lucario, F
|poke|p1|Swampert, M
|poke|p1|Hydreigon, M
|poke|p1|Jirachi
|poke|p1|Crobat, M
|poke|p2|Sharpedo, M
|poke|p2|Shaymin
|poke|p2|Granbull, M
|poke|p2|Krookodile, F
|poke|p2|Nidoking, M
|poke|p2|Jirachi
|rule|Swagger Clause: Swagger is banned
|rule|Baton Pass Clause: Limit one PokÃ©mon knowing Baton Pass
|teampreview
|J|reiku
|c|âHaxBro.K|glhf
|c|âHaxBro.K|:)
|J|Disenchanted
|J|hairy toenail
|
|start
|switch|p1a: Swampert|Swampert, M|401\/401
|switch|p2a: Krookodile|Krookodile, F|394\/394
|-ability|p2a: Krookodile|Intimidate|[of] p1a: Swampert
|-unboost|p1a: Swampert|atk|1
|turn|1
|J|El Didi
|
|move|p2a: Krookodile|Stealth Rock|p1a: Swampert
|-sidestart|p1: candres|move: Stealth Rock
|move|p1a: Swampert|Stealth Rock|p2a: Krookodile
|-sidestart|p2: HaxBro.K|move: Stealth Rock
|
|turn|2
|L|El Didi
|
|switch|p2a: Shaymin|Shaymin|403\/403
|-damage|p2a: Shaymin|353\/403|[from] Stealth Rock
|move|p1a: Swampert|Scald|p2a: Shaymin
|-resisted|p2a: Shaymin
|-damage|p2a: Shaymin|313\/403
|
|-heal|p2a: Shaymin|338\/403|[from] item: Leftovers
|turn|3
|J|e7e
|J|Feeling The Moment
|L|Feeling The Moment
|J|NocturOP
|
|switch|p2a: Jirachi|Jirachi|341\/341
|-damage|p2a: Jirachi|320\/341|[from] Stealth Rock
|switch|p1a: Jirachi|Jirachi|341\/341
|-damage|p1a: Jirachi|320\/341|[from] Stealth Rock
|
|turn|4
|J|ssjjynx
|
|move|p2a: Jirachi|U-turn|p1a: Jirachi
|-damage|p1a: Jirachi|251\/341
|J|Pyrogon
|
|switch|p2a: Krookodile|Krookodile, F|394\/394
|-damage|p2a: Krookodile|370\/394|[from] Stealth Rock
|-ability|p2a: Krookodile|Intimidate|[of] p1a: Jirachi
|-unboost|p1a: Jirachi|atk|1
|move|p1a: Jirachi|Fire Punch|p2a: Krookodile
|-damage|p2a: Krookodile|325\/394
|
|-heal|p2a: Krookodile|349\/394|[from] item: Leftovers
|turn|5
|
|switch|p1a: Hydreigon|Hydreigon, M|325\/325
|-damage|p1a: Hydreigon|285\/325|[from] Stealth Rock
|move|p2a: Krookodile|Roar|p1a: Hydreigon
|drag|p1a: Swampert|Swampert, M|401\/401
|-damage|p1a: Swampert|376\/401|[from] Stealth Rock
|
|-heal|p2a: Krookodile|373\/394|[from] item: Leftovers
|-heal|p1a: Swampert|401\/401|[from] item: Leftovers
|turn|6
|
|move|p2a: Krookodile|Knock Off|p1a: Swampert
|-damage|p1a: Swampert|292\/401
|-enditem|p1a: Swampert|Leftovers|[from] move: Knock Off|[of] p2a: Krookodile
|move|p1a: Swampert|Roar|p2a: Krookodile
|drag|p2a: Granbull|Granbull, M|383\/383
|-damage|p2a: Granbull|336\/383|[from] Stealth Rock
|-ability|p2a: Granbull|Intimidate|[of] p1a: Swampert
|-unboost|p1a: Swampert|atk|1
|
|-heal|p2a: Granbull|359\/383|[from] item: Leftovers
|turn|7
|
|move|p1a: Swampert|Scald|p2a: Granbull
|-damage|p2a: Granbull|226\/383
|move|p2a: Granbull|Thunder Wave|p1a: Swampert
|-immune|p1a: Swampert|[msg]
|
|-heal|p2a: Granbull|249\/383|[from] item: Leftovers
|turn|8
|
|move|p2a: Granbull|Protect|p2a: Granbull
|-singleturn|p2a: Granbull|Protect
|move|p1a: Swampert|Scald|p2a: Granbull
|-activate|p2a: Granbull|Protect
|
|-heal|p2a: Granbull|272\/383|[from] item: Leftovers
|turn|9
|J|kamisama_no49
|L|kamisama_no49
|J|cerberush
|J|Exeggutor
|J|Ren-chon
|
|move|p2a: Granbull|Play Rough|p1a: Swampert
|-damage|p1a: Swampert|190\/401
|move|p1a: Swampert|Roar|p2a: Granbull
|drag|p2a: Shaymin|Shaymin|338\/403
|-damage|p2a: Shaymin|288\/403|[from] Stealth Rock
|
|-heal|p2a: Shaymin|313\/403|[from] item: Leftovers
|turn|10
|
|switch|p1a: Jirachi|Jirachi|251\/341
|-damage|p1a: Jirachi|230\/341|[from] Stealth Rock
|move|p2a: Shaymin|Dazzling Gleam|p1a: Jirachi
|-resisted|p1a: Jirachi
|-damage|p1a: Jirachi|183\/341
|
|-heal|p2a: Shaymin|338\/403|[from] item: Leftovers
|turn|11
|J|Le Austin
|J|Ranger Dave
|
|move|p1a: Jirachi|U-turn|p2a: Shaymin
|-supereffective|p2a: Shaymin
|-damage|p2a: Shaymin|194\/403
|J|pokeaim
|L|Ranger Dave
|
|switch|p1a: Hydreigon|Hydreigon, M|285\/325
|-damage|p1a: Hydreigon|245\/325|[from] Stealth Rock
|move|p2a: Shaymin|Earth Power|p1a: Hydreigon
|-immune|p1a: Hydreigon|[msg]
|
|-heal|p2a: Shaymin|219\/403|[from] item: Leftovers
|turn|12
|c|âHaxBro.K|outplayed :)
|
|switch|p2a: Granbull|Granbull, M|272\/383
|-damage|p2a: Granbull|225\/383|[from] Stealth Rock
|-ability|p2a: Granbull|Intimidate|[of] p1a: Hydreigon
|-unboost|p1a: Hydreigon|atk|1
|move|p1a: Hydreigon|Dark Pulse|p2a: Granbull
|-resisted|p2a: Granbull
|-damage|p2a: Granbull|72\/383
|-damage|p1a: Hydreigon|213\/325|[from] item: Life Orb
|
|-heal|p2a: Granbull|95\/383|[from] item: Leftovers
|turn|13
|
|move|p2a: Granbull|Protect|p2a: Granbull
|-singleturn|p2a: Granbull|Protect
|move|p1a: Hydreigon|Dark Pulse|p2a: Granbull
|-activate|p2a: Granbull|Protect
|
|-heal|p2a: Granbull|118\/383|[from] item: Leftovers
|turn|14
|
|switch|p2a: Krookodile|Krookodile, F|373\/394
|-damage|p2a: Krookodile|349\/394|[from] Stealth Rock
|-ability|p2a: Krookodile|Intimidate|[of] p1a: Hydreigon
|-unboost|p1a: Hydreigon|atk|1
|move|p1a: Hydreigon|Dark Pulse|p2a: Krookodile
|-resisted|p2a: Krookodile
|-damage|p2a: Krookodile|206\/394
|-damage|p1a: Hydreigon|181\/325|[from] item: Life Orb
|
|-heal|p2a: Krookodile|230\/394|[from] item: Leftovers
|turn|15
|
|move|p2a: Krookodile|Protect|p2a: Krookodile
|-singleturn|p2a: Krookodile|Protect
|move|p1a: Hydreigon|Draco Meteor|p2a: Krookodile
|-activate|p2a: Krookodile|Protect
|
|-heal|p2a: Krookodile|254\/394|[from] item: Leftovers
|turn|16
|J|ITS IGGY IGGS
|L|ITS IGGY IGGS
|
|move|p1a: Hydreigon|Draco Meteor|p2a: Krookodile
|-damage|p2a: Krookodile|0 fnt
|-unboost|p1a: Hydreigon|spa|2
|-damage|p1a: Hydreigon|149\/325|[from] item: Life Orb
|faint|p2a: Krookodile
|
|
|switch|p2a: Jirachi|Jirachi|320\/341
|-damage|p2a: Jirachi|299\/341|[from] Stealth Rock
|turn|17
|
|switch|p1a: Jirachi|Jirachi|183\/341
|-damage|p1a: Jirachi|162\/341|[from] Stealth Rock
|move|p2a: Jirachi|U-turn|p1a: Jirachi
|-damage|p1a: Jirachi|93\/341
|
|switch|p2a: Sharpedo|Sharpedo, M|281\/281
|-damage|p2a: Sharpedo|246\/281|[from] Stealth Rock
|
|turn|18
|
|move|p2a: Sharpedo|Protect|p2a: Sharpedo
|-singleturn|p2a: Sharpedo|Protect
|move|p1a: Jirachi|U-turn|p2a: Sharpedo
|-activate|p2a: Sharpedo|Protect
|
|-boost|p2a: Sharpedo|spe|1|[from] ability: Speed Boost
|turn|19
|
|switch|p2a: Granbull|Granbull, M|118\/383
|-damage|p2a: Granbull|71\/383|[from] Stealth Rock
|-ability|p2a: Granbull|Intimidate|[of] p1a: Jirachi
|-unboost|p1a: Jirachi|atk|1
|move|p1a: Jirachi|U-turn|p2a: Granbull
|-resisted|p2a: Granbull
|-damage|p2a: Granbull|51\/383
|
|switch|p1a: Ampharos|Ampharos, F|369\/369
|-damage|p1a: Ampharos|323\/369|[from] Stealth Rock
|
|-heal|p2a: Granbull|74\/383|[from] item: Leftovers
|turn|20
|L|cerberush
|
|detailschange|p1a: Ampharos|Ampharos-Mega, F
|-mega|p1a: Ampharos|Ampharos|Ampharosite
|-ability|p1a: Ampharos|Mold Breaker
|move|p2a: Granbull|Protect|p2a: Granbull
|-singleturn|p2a: Granbull|Protect
|move|p1a: Ampharos|Volt Switch|p2a: Granbull
|-activate|p2a: Granbull|Protect
|
|-heal|p2a: Granbull|97\/383|[from] item: Leftovers
|turn|21
|J|Lunarr
|L|Lunarr
|
|move|p1a: Ampharos|Dragon Pulse|p2a: Granbull
|-immune|p2a: Granbull|[msg]
|move|p2a: Granbull|Play Rough|p1a: Ampharos
|-supereffective|p1a: Ampharos
|-damage|p1a: Ampharos|65\/369
|
|-heal|p2a: Granbull|120\/383|[from] item: Leftovers
|turn|22
|
|switch|p2a: Nidoking|Nidoking, M|304\/304
|-damage|p2a: Nidoking|285\/304|[from] Stealth Rock
|move|p1a: Ampharos|Volt Switch|p2a: Nidoking
|-immune|p2a: Nidoking|[msg]
|
|turn|23
|
|switch|p1a: Jirachi|Jirachi|93\/341
|-damage|p1a: Jirachi|72\/341|[from] Stealth Rock
|move|p2a: Nidoking|Ice Beam|p1a: Jirachi
|-resisted|p1a: Jirachi
|-damage|p1a: Jirachi|7\/341
|
|turn|24
|
|move|p1a: Jirachi|Iron Head|p2a: Nidoking
|-damage|p2a: Nidoking|137\/304
|cant|p2a: Nidoking|flinch
|
|turn|25
|
|switch|p2a: Granbull|Granbull, M|120\/383
|-damage|p2a: Granbull|73\/383|[from] Stealth Rock
|-ability|p2a: Granbull|Intimidate|[of] p1a: Jirachi
|-unboost|p1a: Jirachi|atk|1
|move|p1a: Jirachi|Iron Head|p2a: Granbull
|-supereffective|p2a: Granbull
|-damage|p2a: Granbull|0 fnt
|faint|p2a: Granbull
|
|
|switch|p2a: Sharpedo|Sharpedo, M|246\/281
|-damage|p2a: Sharpedo|211\/281|[from] Stealth Rock
|turn|26
|
|move|p2a: Sharpedo|Protect|p2a: Sharpedo
|-singleturn|p2a: Sharpedo|Protect
|move|p1a: Jirachi|Iron Head|p2a: Sharpedo
|-activate|p2a: Sharpedo|Protect
|
|-boost|p2a: Sharpedo|spe|1|[from] ability: Speed Boost
|turn|27
|L|pokeaim
|
|move|p1a: Jirachi|Iron Head|p2a: Sharpedo
|-resisted|p2a: Sharpedo
|-damage|p2a: Sharpedo|125\/281
|cant|p2a: Sharpedo|flinch
|
|-boost|p2a: Sharpedo|spe|1|[from] ability: Speed Boost
|turn|28
|
|move|p2a: Sharpedo|Waterfall|p1a: Jirachi
|-crit|p1a: Jirachi
|-damage|p1a: Jirachi|0 fnt
|faint|p1a: Jirachi
|
|-boost|p2a: Sharpedo|spe|1|[from] ability: Speed Boost
|
|switch|p1a: Crobat|Crobat, M|323\/323
|-damage|p1a: Crobat|243\/323|[from] Stealth Rock
|turn|29
|
|detailschange|p2a: Sharpedo|Sharpedo-Mega, M
|-mega|p2a: Sharpedo|Sharpedo|Sharpedonite
|move|p2a: Sharpedo|Crunch|p1a: Crobat
|-damage|p1a: Crobat|0 fnt
|faint|p1a: Crobat
|
|
|switch|p1a: Lucario|Lucario, F|281\/281
|-damage|p1a: Lucario|273\/281|[from] Stealth Rock
|turn|30
|
|switch|p2a: Nidoking|Nidoking, M|137\/304
|-damage|p2a: Nidoking|118\/304|[from] Stealth Rock
|move|p1a: Lucario|Extreme Speed|p2a: Nidoking
|-damage|p2a: Nidoking|0 fnt
|-damage|p1a: Lucario|245\/281|[from] item: Life Orb
|faint|p2a: Nidoking
|
|L|hairy toenail
|J|yung sensei
|
|switch|p2a: Jirachi|Jirachi|299\/341
|-damage|p2a: Jirachi|278\/341|[from] Stealth Rock
|turn|31
|
|switch|p1a: Ampharos|Ampharos-Mega, F|65\/369
|-damage|p1a: Ampharos|19\/369|[from] Stealth Rock
|-ability|p1a: Ampharos|Mold Breaker
|move|p2a: Jirachi|Zen Headbutt|p1a: Ampharos
|-damage|p1a: Ampharos|0 fnt
|faint|p1a: Ampharos
|
|
|switch|p1a: Hydreigon|Hydreigon, M|149\/325
|-damage|p1a: Hydreigon|109\/325|[from] Stealth Rock
|turn|32
|J|Problems
|
|switch|p2a: Sharpedo|Sharpedo-Mega, M|125\/281
|-damage|p2a: Sharpedo|90\/281|[from] Stealth Rock
|move|p1a: Hydreigon|Roost|p1a: Hydreigon
|-heal|p1a: Hydreigon|272\/325
|
|turn|33
|
|move|p2a: Sharpedo|Ice Fang|p1a: Hydreigon
|-supereffective|p1a: Hydreigon
|-damage|p1a: Hydreigon|0 fnt
|faint|p1a: Hydreigon
|
|
|switch|p1a: Lucario|Lucario, F|245\/281
|-damage|p1a: Lucario|237\/281|[from] Stealth Rock
|turn|34
|J|JeyTheGrey
|
|move|p1a: Lucario|Extreme Speed|p2a: Sharpedo
|-crit|p2a: Sharpedo
|-damage|p2a: Sharpedo|0 fnt
|-damage|p1a: Lucario|209\/281|[from] item: Life Orb
|faint|p2a: Sharpedo
|
|
|switch|p2a: Jirachi|Jirachi|278\/341
|-damage|p2a: Jirachi|257\/341|[from] Stealth Rock
|turn|35
|
|move|p2a: Jirachi|Zen Headbutt|p1a: Lucario
|-damage|p1a: Lucario|62\/281
|move|p1a: Lucario|Close Combat|p2a: Jirachi
|-damage|p2a: Jirachi|0 fnt
|-unboost|p1a: Lucario|def|1
|-unboost|p1a: Lucario|spd|1
|-damage|p1a: Lucario|34\/281|[from] item: Life Orb
|faint|p2a: Jirachi
|
|
|switch|p2a: Shaymin|Shaymin|219\/403
|-damage|p2a: Shaymin|169\/403|[from] Stealth Rock
|turn|36
|c|âHaxBro.K|wow
|c|âHaxBro.K|gg
|c|âHaxBro.K|:D
|
|move|p1a: Lucario|Ice Punch|p2a: Shaymin
|-crit|p2a: Shaymin
|-supereffective|p2a: Shaymin
|-damage|p2a: Shaymin|0 fnt
|-damage|p1a: Lucario|6\/281|[from] item: Life Orb
|faint|p2a: Shaymin
|
|win|candres
|L|Problems
|c|âcandres|gg