|join|candres
|join|Ticantundra
|player|p1|candres|291
|player|p2|Ticantundra|161
|gametype|singles
|gen|6
|tier|UU
|rated
|rule|Sleep Clause Mod: Limit one foe put to sleep
|rule|Species Clause: Limit one of each PokÃ©mon
|rule|OHKO Clause: OHKO moves are banned
|rule|Moody Clause: Moody is banned
|rule|Evasion Moves Clause: Evasion moves are banned
|rule|Endless Battle Clause: Forcing endless battles is banned
|rule|HP Percentage Mod: HP is shown in percentages
|clearpoke
|poke|p1|Ampharos, M
|poke|p1|Crobat, F
|poke|p1|Jirachi
|poke|p1|Swampert, F
|poke|p1|Lucario, F
|poke|p1|Hydreigon, F
|poke|p2|Sceptile, F
|poke|p2|Tentacruel, M
|poke|p2|Donphan, F
|poke|p2|Scrafty, M
|poke|p2|Arcanine, M
|poke|p2|Rotom-Mow
|rule|Swagger Clause: Swagger is banned
|rule|Baton Pass Clause: Limit one PokÃ©mon knowing Baton Pass
|teampreview
|join|Heliosan
|
|start
|switch|p1a: Crobat|Crobat, F|323\/323
|switch|p2a: Sceptile|Sceptile, F|281\/281
|turn|1
|
|switch|p2a: Donphan|Donphan, F|384\/384
|move|p1a: Crobat|U-turn|p2a: Donphan
|-damage|p2a: Donphan|345\/384
|
|switch|p1a: Hydreigon|Hydreigon, F|325\/325
|
|-heal|p2a: Donphan|369\/384|[from] item: Leftovers
|turn|2
|
|move|p1a: Hydreigon|Draco Meteor|p2a: Donphan|[miss]
|-miss|p1a: Hydreigon|p2a: Donphan
|move|p2a: Donphan|Stealth Rock|p1a: Hydreigon
|-sidestart|p1: candres|move: Stealth Rock
|
|-heal|p2a: Donphan|384\/384|[from] item: Leftovers
|turn|3
|
|move|p2a: Donphan|Ice Shard|p1a: Hydreigon
|-supereffective|p1a: Hydreigon
|-damage|p1a: Hydreigon|233\/325
|move|p1a: Hydreigon|Dark Pulse|p2a: Donphan
|-damage|p2a: Donphan|80\/384
|-damage|p1a: Hydreigon|201\/325|[from] item: Life Orb
|
|-heal|p2a: Donphan|104\/384|[from] item: Leftovers
|turn|4
|
|move|p2a: Donphan|Ice Shard|p1a: Hydreigon
|-supereffective|p1a: Hydreigon
|-damage|p1a: Hydreigon|111\/325
|move|p1a: Hydreigon|Roost|p1a: Hydreigon
|-heal|p1a: Hydreigon|274\/325
|
|-heal|p2a: Donphan|128\/384|[from] item: Leftovers
|turn|5
|
|move|p2a: Donphan|Ice Shard|p1a: Hydreigon
|-supereffective|p1a: Hydreigon
|-damage|p1a: Hydreigon|182\/325
|move|p1a: Hydreigon|Dark Pulse|p2a: Donphan
|-damage|p2a: Donphan|0 fnt
|-damage|p1a: Hydreigon|150\/325|[from] item: Life Orb
|faint|p2a: Donphan
|
|
|switch|p2a: Scrafty|Scrafty, M|271\/271
|turn|6
|
|switch|p1a: Crobat|Crobat, F|323\/323
|-damage|p1a: Crobat|243\/323|[from] Stealth Rock
|move|p2a: Scrafty|Dragon Dance|p2a: Scrafty
|-boost|p2a: Scrafty|atk|1
|-boost|p2a: Scrafty|spe|1
|
|-heal|p1a: Crobat|263\/323|[from] item: Black Sludge
|turn|7
|
|move|p1a: Crobat|Defog|p2a: Scrafty
|-unboost|p2a: Scrafty|evasion|1
|-sideend|p1: candres|Stealth Rock|[from] move: Defog|[of] p1a: Crobat
|move|p2a: Scrafty|Ice Punch|p1a: Crobat
|-supereffective|p1a: Crobat
|-damage|p1a: Crobat|0 fnt
|-damage|p2a: Scrafty|244\/271|[from] item: Life Orb
|faint|p1a: Crobat
|-boost|p2a: Scrafty|atk|1|[from] ability: Moxie
|
|
|switch|p1a: Jirachi|Jirachi|342\/342
|turn|8
|
|move|p1a: Jirachi|Iron Head|p2a: Scrafty
|-damage|p2a: Scrafty|133\/271
|move|p2a: Scrafty|Knock Off|p1a: Jirachi
|-supereffective|p1a: Jirachi
|-damage|p1a: Jirachi|0 fnt
|-enditem|p1a: Jirachi|Choice Scarf|[from] move: Knock Off|[of] p2a: Scrafty
|-damage|p2a: Scrafty|106\/271|[from] item: Life Orb
|faint|p1a: Jirachi
|-boost|p2a: Scrafty|atk|1|[from] ability: Moxie
|
|
|switch|p1a: Hydreigon|Hydreigon, F|150\/325
|turn|9
|
|move|p2a: Scrafty|Drain Punch|p1a: Hydreigon
|-supereffective|p1a: Hydreigon
|-damage|p1a: Hydreigon|0 fnt
|-heal|p2a: Scrafty|181\/271|[from] drain|[of] p1a: Hydreigon
|-damage|p2a: Scrafty|154\/271|[from] item: Life Orb
|faint|p1a: Hydreigon
|-boost|p2a: Scrafty|atk|1|[from] ability: Moxie
|
|
|switch|p1a: Swampert|Swampert, F|401\/401
|turn|10
|
|move|p2a: Scrafty|Knock Off|p1a: Swampert
|-damage|p1a: Swampert|0 fnt
|-enditem|p1a: Swampert|Leftovers|[from] move: Knock Off|[of] p2a: Scrafty
|-damage|p2a: Scrafty|127\/271|[from] item: Life Orb
|faint|p1a: Swampert
|-boost|p2a: Scrafty|atk|1|[from] ability: Moxie
|
|
|switch|p1a: Lucario|Lucario, F|282\/282
|turn|11
|c|âTicantundra|gg
|
|move|p1a: Lucario|Extreme Speed|p2a: Scrafty
|-damage|p2a: Scrafty|15\/271
|-damage|p1a: Lucario|254\/282|[from] item: Life Orb
|move|p2a: Scrafty|Drain Punch|p1a: Lucario
|-supereffective|p1a: Lucario
|-damage|p1a: Lucario|0 fnt
|-heal|p2a: Scrafty|142\/271|[from] drain|[of] p1a: Lucario
|-damage|p2a: Scrafty|115\/271|[from] item: Life Orb
|faint|p1a: Lucario
|-boost|p2a: Scrafty|atk|1|[from] ability: Moxie
|
|-message|candres forfeited.
|leave|candres
|
|win|Ticantundra
|raw|Ladder updating...
|player|p1
|raw|candres's rating: 1185 &rarr; <strong>1166<\/strong><br \/>(-19 for losing)
|raw|Ticantundra's rating: 1260 &rarr; <strong>1280<\/strong><br \/>(+20 for winning)
|leave|Heliosan