|join|aqbf
|join|candres
|player|p1|aqbf|4
|player|p2|candres|291
|gametype|singles
|gen|6
|tier|UU
|rule|Sleep Clause Mod: Limit one foe put to sleep
|rule|Species Clause: Limit one of each PokÃ©mon
|rule|OHKO Clause: OHKO moves are banned
|rule|Moody Clause: Moody is banned
|rule|Evasion Moves Clause: Evasion moves are banned
|rule|Endless Battle Clause: Forcing endless battles is banned
|rule|HP Percentage Mod: HP is shown in percentages
|clearpoke
|poke|p1|Vivillon, M
|poke|p1|Toxicroak, M
|poke|p1|Chandelure, F
|poke|p1|Aerodactyl, F, shiny
|poke|p1|Krookodile, M
|poke|p1|Swampert, F
|poke|p2|Ampharos, F
|poke|p2|Crobat, F
|poke|p2|Jirachi
|poke|p2|Swampert, M
|poke|p2|Lucario, M
|poke|p2|Hydreigon, F
|rule|Swagger Clause: Swagger is banned
|rule|Baton Pass Clause: Limit one PokÃ©mon knowing Baton Pass
|teampreview
|join|DahEmVeePee
|join|Heliosan
|join|YouAreTheBest
|join|Meruu
|join|RichBitchGastly
|join|epic4eternity
|join|oh no oh no
|c| Meruu|fking
|c|âaqbf|finals hype?
|join|gobosox
|c| Meruu|vivillion in the finals
|c| Meruu|zzz
|join|BroingHop
|c|âaqbf|sorry :(
|
|start
|switch|p1a: Kraid|Swampert, F|404\/404
|switch|p2a: Crobat|Crobat, F|323\/323
|turn|1
|c| BroingHop|pink aerodactyl pls
|
|move|p2a: Crobat|U-turn|p1a: Kraid
|-damage|p1a: Kraid|351\/404
|
|switch|p2a: Swampert|Swampert, M|401\/401
|move|p1a: Kraid|Stealth Rock|p2a: Swampert
|-sidestart|p2: candres|move: Stealth Rock
|
|-heal|p1a: Kraid|376\/404|[from] item: Leftovers
|turn|2
|c| BroingHop|moar rek
|
|move|p1a: Kraid|Scald|p2a: Swampert
|-damage|p2a: Swampert|305\/401
|move|p2a: Swampert|Stealth Rock|p1a: Kraid
|-sidestart|p1: aqbf|move: Stealth Rock
|
|-heal|p1a: Kraid|401\/404|[from] item: Leftovers
|-heal|p2a: Swampert|330\/401|[from] item: Leftovers
|turn|3
|c| gobosox|nice water weakness aqbf
|
|move|p1a: Kraid|Scald|p2a: Swampert
|-damage|p2a: Swampert|237\/401
|move|p2a: Swampert|Roar|p1a: Kraid
|drag|p1a: Ridley|Aerodactyl, F, shiny|331\/331
|-damage|p1a: Ridley|249\/331|[from] Stealth Rock
|-ability|p1a: Ridley|Pressure
|
|-heal|p2a: Swampert|262\/401|[from] item: Leftovers
|turn|4
|c| BroingHop|nice toxicroak
|
|detailschange|p1a: Ridley|Aerodactyl-Mega, F, shiny
|-mega|p1a: Ridley|Aerodactyl|Aerodactylite
|move|p1a: Ridley|Defog|p2a: Swampert
|-unboost|p2a: Swampert|evasion|1
|-sideend|p2: candres|Stealth Rock|[from] move: Defog|[of] p2a: Swampert
|-sideend|p1: aqbf|Stealth Rock|[from] move: Defog|[of] p1a: Ridley
|move|p2a: Swampert|Scald|p1a: Ridley
|-supereffective|p1a: Ridley
|-damage|p1a: Ridley|87\/331
|
|-heal|p2a: Swampert|287\/401|[from] item: Leftovers
|turn|5
|join|QKIC
|c| Meruu|????
|join|Bob the Bro
|c| Meruu|set up SR and get rid of it
|leave|gobosox
|c| Meruu|makes sense
|join|gobosox
|c| Meruu|...
|c|âaqbf|yeah this is why on the superior version of this team, I have whimsicott
|join|waiv
|c|âaqbf|> vivillon
|c| Heliosan|is that the counter? O.o
|c| Meruu|tbh his entire team is just super weak to swamp
|
|move|p1a: Ridley|Aerial Ace|p2a: Swampert
|-damage|p2a: Swampert|173\/401
|move|p2a: Swampert|Stealth Rock|p1a: Ridley
|-sidestart|p1: aqbf|move: Stealth Rock
|
|-heal|p2a: Swampert|198\/401|[from] item: Leftovers
|turn|6
|
|move|p1a: Ridley|Defog|p2a: Swampert
|-unboost|p2a: Swampert|evasion|1
|-sideend|p1: aqbf|Stealth Rock|[from] move: Defog|[of] p1a: Ridley
|move|p2a: Swampert|Scald|p1a: Ridley
|-supereffective|p1a: Ridley
|-damage|p1a: Ridley|0 fnt
|faint|p1a: Ridley
|
|-heal|p2a: Swampert|223\/401|[from] item: Leftovers
|c|âaqbf|yeah
|leave|gobosox
|c|âaqbf|and hydreigon
|
|switch|p1a: Vivillion|Vivillon, M|301\/301
|turn|7
|join|trevor ellis
|c| BroingHop|ooooo rek
|c| RichBitchGastly|candres, you can do this
|
|move|p1a: Vivillion|Quiver Dance|p1a: Vivillion
|-boost|p1a: Vivillion|spa|1
|-boost|p1a: Vivillion|spd|1
|-boost|p1a: Vivillion|spe|1
|move|p2a: Swampert|Scald|p1a: Vivillion
|-damage|p1a: Vivillion|204\/301
|
|-heal|p2a: Swampert|248\/401|[from] item: Leftovers
|turn|8
|c| RichBitchGastly|avenge me
|c| BroingHop|used defog to use slp powder :D
|c| BroingHop|aww
|c|âaqbf|aww no switch?
|c| BroingHop|:i
|c| Meruu|powder now
|c| Meruu|..
|
|switch|p2a: Jirachi|Jirachi|342\/342
|move|p1a: Vivillion|Quiver Dance|p1a: Vivillion
|-boost|p1a: Vivillion|spa|1
|-boost|p1a: Vivillion|spd|1
|-boost|p1a: Vivillion|spe|1
|
|turn|9
|c|âaqbf|it can't touch me
|
|move|p1a: Vivillion|Sleep Powder|p2a: Jirachi
|-status|p2a: Jirachi|slp
|cant|p2a: Jirachi|slp
|
|turn|10
|c| BroingHop|yay
|c|âaqbf|well not very well anyways
|c| Meruu|it could roar u
|c| Meruu|o_o
|c| Bob the Bro|rekt
|c|âaqbf|oh true
|c|âaqbf|I'm dumb
|c| Meruu|fking niggas letting vivillion get +2
|c| Meruu|no wonder it's in the finals
|
|switch|p2a: Ampharos|Ampharos, F|369\/369
|move|p1a: Vivillion|Bug Buzz|p2a: Ampharos
|-damage|p2a: Ampharos|53\/369
|-unboost|p2a: Ampharos|spd|1
|
|turn|11
|c|âaqbf|I'm tired and sex crazed right now
|c| BroingHop|o rek
|c|âaqbf|pls forgive me I just want winter break to be over
|
|detailschange|p2a: Ampharos|Ampharos-Mega, F
|-mega|p2a: Ampharos|Ampharos|Ampharosite
|-ability|p2a: Ampharos|Mold Breaker
|move|p1a: Vivillion|Bug Buzz|p2a: Ampharos
|-damage|p2a: Ampharos|0 fnt
|faint|p2a: Ampharos
|
|join|laioma
|join|Bassy To
|
|switch|p2a: Lucario|Lucario, M|282\/282
|turn|12
|c| BroingHop|o shitr
|c| BroingHop|rip vivillion
|
|move|p2a: Lucario|Extreme Speed|p1a: Vivillion
|-damage|p1a: Vivillion|0 fnt
|-damage|p2a: Lucario|254\/282|[from] item: Life Orb
|faint|p1a: Vivillion
|
|
|switch|p1a: Kraid|Swampert, F|401\/404
|turn|13
|c| Meruu|viv a shit
|
|switch|p2a: Hydreigon|Hydreigon, F|325\/325
|move|p1a: Kraid|Stealth Rock|p2a: Hydreigon
|-sidestart|p2: candres|move: Stealth Rock
|
|-heal|p1a: Kraid|404\/404|[from] item: Leftovers
|turn|14
|c| BroingHop|ho ho ho green giant!
|
|move|p2a: Hydreigon|Dark Pulse|p1a: Kraid
|-damage|p1a: Kraid|182\/404
|-damage|p2a: Hydreigon|293\/325|[from] item: Life Orb
|move|p1a: Kraid|Scald|p2a: Hydreigon
|-resisted|p2a: Hydreigon
|-damage|p2a: Hydreigon|245\/325
|-status|p2a: Hydreigon|brn
|
|-heal|p1a: Kraid|207\/404|[from] item: Leftovers
|-damage|p2a: Hydreigon|205\/325 brn|[from] brn
|turn|15
|c|âaqbf|nice and hax sorry
|
|switch|p1a: Toxicroak|Toxicroak, M|334\/334
|move|p2a: Hydreigon|Draco Meteor|p1a: Toxicroak
|-damage|p1a: Toxicroak|0 fnt
|-unboost|p2a: Hydreigon|spa|2
|-damage|p2a: Hydreigon|173\/325 brn|[from] item: Life Orb
|faint|p1a: Toxicroak
|
|-damage|p2a: Hydreigon|133\/325 brn|[from] brn
|c|âaqbf|well
|c|âcandres|counter?
|c|âaqbf|that was unexpected
|c| Heliosan|why wouldn't he go for draco? O.o
|c|âaqbf|wait what
|c|âaqbf|I'm dumb
|c| Meruu|this nigga literally doesnt give a single fuck if he's weak to hyreigon
|c|âaqbf|I can't watch porn and play pokemon at the same time
|c| epic4eternity|âaqbf: I can't watch porn and play pokemon at the same time
|
|switch|p1a: Crocomire|Krookodile, M|332\/332
|turn|16
|c| Meruu|amateur
|c| epic4eternity|if this man trying to be ben gay
|
|switch|p2a: Jirachi|Jirachi|342\/342 slp
|-damage|p2a: Jirachi|321\/342 slp|[from] Stealth Rock
|move|p1a: Crocomire|Superpower|p2a: Jirachi
|-damage|p2a: Jirachi|180\/342 slp
|-unboost|p1a: Crocomire|atk|1
|-unboost|p1a: Crocomire|def|1
|
|turn|17
|c| Meruu|also e4e
|c| Meruu|im starting
|
|switch|p1a: Phantoon|Chandelure, F|289\/289
|cant|p2a: Jirachi|slp
|
|turn|18
|c| Meruu|so go suck my dick
|
|cant|p2a: Jirachi|slp
|move|p1a: Phantoon|Shadow Ball|p2a: Jirachi
|-supereffective|p2a: Jirachi
|-damage|p2a: Jirachi|0 fnt
|faint|p2a: Jirachi
|
|
|switch|p2a: Hydreigon|Hydreigon, F|133\/325 brn
|-damage|p2a: Hydreigon|93\/325 brn|[from] Stealth Rock
|turn|19
|c|âaqbf|I'm still going to win because rnjesus is happy with me today
|c| epic4eternity|doesn't matter psychotic will ebat you anyway
|c|âaqbf|:P
|c| LAIOMA|draco
|c|âaqbf|it sucks
|
|switch|p1a: Kraid|Swampert, F|207\/404
|move|p2a: Hydreigon|Draco Meteor|p1a: Kraid
|-damage|p1a: Kraid|0 fnt
|-unboost|p2a: Hydreigon|spa|2
|-damage|p2a: Hydreigon|61\/325 brn|[from] item: Life Orb
|faint|p1a: Kraid
|
|-damage|p2a: Hydreigon|21\/325 brn|[from] brn
|
|switch|p1a: Phantoon|Chandelure, F|289\/289
|turn|20
|c|âaqbf|for my opp that is
|
|move|p2a: Hydreigon|Dark Pulse|p1a: Phantoon
|-supereffective|p1a: Phantoon
|-damage|p1a: Phantoon|84\/289
|-damage|p2a: Hydreigon|0 fnt|[from] item: Life Orb
|faint|p2a: Hydreigon
|cant|p1a: Phantoon|flinch
|
|-heal|p1a: Phantoon|102\/289|[from] item: Leftovers
|
|switch|p2a: Crobat|Crobat, F|323\/323
|-damage|p2a: Crobat|243\/323|[from] Stealth Rock
|turn|21
|c|âaqbf|oh shit
|c|âaqbf|rnjesus might be a bit pissed
|join|skysoki
|c|âaqbf|since I took its name in vain
|c| LAIOMA|krook was better play
|c|âaqbf|also lo hydriegon is stronk
|c| LAIOMA|couldnt even touch u
|c|âaqbf|the double into krook
|c|âaqbf|was a better play
|c|âaqbf|but I misclicked
|
|switch|p1a: Crocomire|Krookodile, M|332\/332
|move|p2a: Crobat|Brave Bird|p1a: Crocomire
|-damage|p1a: Crocomire|115\/332
|-damage|p2a: Crobat|171\/323|[from] recoil|[of] p1a: Crocomire
|
|-heal|p2a: Crobat|191\/323|[from] item: Black Sludge
|turn|22
|leave|skysoki
|c| LAIOMA|wow
|c| LAIOMA|wtf
|
|switch|p2a: Lucario|Lucario, M|254\/282
|-damage|p2a: Lucario|246\/282|[from] Stealth Rock
|move|p1a: Crocomire|Stone Edge|p2a: Lucario
|-resisted|p2a: Lucario
|-damage|p2a: Lucario|212\/282
|
|turn|23
|c| LAIOMA|omg choke city
|
|switch|p1a: Phantoon|Chandelure, F|102\/289
|move|p2a: Lucario|Ice Punch|p1a: Phantoon
|-resisted|p1a: Phantoon
|-damage|p1a: Phantoon|37\/289
|-damage|p2a: Lucario|184\/282|[from] item: Life Orb
|
|-heal|p1a: Phantoon|55\/289|[from] item: Leftovers
|turn|24
|c|âaqbf|yeah not going to lie, some major choking went on here
|
|move|p2a: Lucario|Ice Punch|p1a: Phantoon
|-resisted|p1a: Phantoon
|-damage|p1a: Phantoon|0 fnt
|-damage|p2a: Lucario|156\/282|[from] item: Life Orb
|faint|p1a: Phantoon
|
|
|switch|p1a: Crocomire|Krookodile, M|115\/332
|turn|25
|c| BroingHop|eww stone edge krookodile
|c| BroingHop|XD
|leave|LAIOMA
|c|âcandres|gg
|c| RichBitchGastly|yay candres!
|
|move|p2a: Lucario|Extreme Speed|p1a: Crocomire
|-damage|p1a: Crocomire|0 fnt
|-damage|p2a: Lucario|128\/282|[from] item: Life Orb
|faint|p1a: Crocomire
|
|win|candres
|c|âaqbf|gg
|c| Heliosan|woooo
|leave|Meruu
|leave|epic4eternity
|leave|RichBitchGastly
|c|âaqbf|time to learn to be less bad
|leave|Bob the Bro
|leave|oh no oh no
|leave|YouAreTheBest
|c|âaqbf|or just watch more gay porn tbh
|leave|aqbf
|player|p1
|leave|Heliosan
|leave|candres
|player|p2
|join|MistahPenguino
|join|meowiekins
|leave|Bassy To
|join|Moniker
|leave|Moniker
|leave|meowiekins
|join|Focus Sash Florges
|leave|Focus Sash Florges
|leave|MistahPenguino