|join|Balanir
|join|candres
|player|p1|Balanir|15
|player|p2|candres|291
|gametype|singles
|gen|6
|tier|UU
|rated
|rule|Sleep Clause Mod: Limit one foe put to sleep
|rule|Species Clause: Limit one of each PokÃ©mon
|rule|OHKO Clause: OHKO moves are banned
|rule|Moody Clause: Moody is banned
|rule|Evasion Moves Clause: Evasion moves are banned
|rule|Endless Battle Clause: Forcing endless battles is banned
|rule|HP Percentage Mod: HP is shown in percentages
|clearpoke
|poke|p1|Forretress, M
|poke|p1|Beedrill, F
|poke|p1|Haxorus, F
|poke|p1|Lucario, M
|poke|p1|Alakazam, F
|poke|p1|Darmanitan, F
|poke|p2|Ampharos, F
|poke|p2|Crobat, F
|poke|p2|Jirachi
|poke|p2|Swampert, F
|poke|p2|Lucario, M
|poke|p2|Hydreigon, F
|rule|Swagger Clause: Swagger is banned
|rule|Baton Pass Clause: Limit one PokÃ©mon knowing Baton Pass
|teampreview
|
|start
|switch|p1a: Allahu Akbar|Forretress, M|312\/312
|switch|p2a: Ampharos|Ampharos, F|369\/369
|turn|1
|
|detailschange|p2a: Ampharos|Ampharos-Mega, F
|-mega|p2a: Ampharos|Ampharos|Ampharosite
|-ability|p2a: Ampharos|Mold Breaker
|move|p2a: Ampharos|Thunderbolt|p1a: Allahu Akbar
|-damage|p1a: Allahu Akbar|8\/312
|move|p1a: Allahu Akbar|Stealth Rock|p2a: Ampharos
|-sidestart|p2: candres|move: Stealth Rock
|
|-heal|p1a: Allahu Akbar|27\/312|[from] item: Leftovers
|turn|2
|
|move|p2a: Ampharos|Volt Switch|p1a: Allahu Akbar
|-damage|p1a: Allahu Akbar|0 fnt
|faint|p1a: Allahu Akbar
|
|switch|p2a: Swampert|Swampert, F|401\/401
|-damage|p2a: Swampert|376\/401|[from] Stealth Rock
|
|-heal|p2a: Swampert|401\/401|[from] item: Leftovers
|
|switch|p1a: Mr.Crowly|Alakazam, F|251\/251
|turn|3
|
|switch|p2a: Jirachi|Jirachi|342\/342
|-damage|p2a: Jirachi|321\/342|[from] Stealth Rock
|move|p1a: Mr.Crowly|Calm Mind|p1a: Mr.Crowly
|-boost|p1a: Mr.Crowly|spa|1
|-boost|p1a: Mr.Crowly|spd|1
|
|turn|4
|
|move|p2a: Jirachi|U-turn|p1a: Mr.Crowly
|-supereffective|p1a: Mr.Crowly
|-damage|p1a: Mr.Crowly|9\/251
|
|switch|p2a: Hydreigon|Hydreigon, F|325\/325
|-damage|p2a: Hydreigon|285\/325|[from] Stealth Rock
|move|p1a: Mr.Crowly|Shadow Ball|p2a: Hydreigon
|-resisted|p2a: Hydreigon
|-damage|p2a: Hydreigon|181\/325
|
|turn|5
|
|move|p1a: Mr.Crowly|Dazzling Gleam|p2a: Hydreigon
|-supereffective|p2a: Hydreigon
|-damage|p2a: Hydreigon|0 fnt
|faint|p2a: Hydreigon
|
|
|switch|p2a: Jirachi|Jirachi|321\/342
|-damage|p2a: Jirachi|300\/342|[from] Stealth Rock
|turn|6
|
|move|p2a: Jirachi|U-turn|p1a: Mr.Crowly
|-supereffective|p1a: Mr.Crowly
|-damage|p1a: Mr.Crowly|0 fnt
|faint|p1a: Mr.Crowly
|
|switch|p2a: Swampert|Swampert, F|401\/401
|-damage|p2a: Swampert|376\/401|[from] Stealth Rock
|
|-heal|p2a: Swampert|401\/401|[from] item: Leftovers
|
|switch|p1a: Kakarot|Lucario, M|281\/281
|turn|7
|
|move|p1a: Kakarot|Nasty Plot|p1a: Kakarot
|-boost|p1a: Kakarot|spa|2
|move|p2a: Swampert|Earthquake|p1a: Kakarot
|-supereffective|p1a: Kakarot
|-damage|p1a: Kakarot|0 fnt
|faint|p1a: Kakarot
|
|c|âcandres|lol
|
|switch|p1a: AXECTLY|Haxorus, F|293\/293
|-ability|p1a: AXECTLY|Mold Breaker
|turn|8
|c|âBalanir|aura sphere does not kill XD
|
|switch|p2a: Jirachi|Jirachi|300\/342
|-damage|p2a: Jirachi|279\/342|[from] Stealth Rock
|move|p1a: AXECTLY|Dragon Dance|p1a: AXECTLY
|-boost|p1a: AXECTLY|atk|1
|-boost|p1a: AXECTLY|spe|1
|
|turn|9
|
|move|p2a: Jirachi|Iron Head|p1a: AXECTLY
|-damage|p1a: AXECTLY|172\/293
|cant|p1a: AXECTLY|flinch
|
|turn|10
|
|move|p2a: Jirachi|Iron Head|p1a: AXECTLY
|-damage|p1a: AXECTLY|36\/293
|move|p1a: AXECTLY|Dragon Dance|p1a: AXECTLY
|-boost|p1a: AXECTLY|atk|1
|-boost|p1a: AXECTLY|spe|1
|
|turn|11
|
|switch|p2a: Ampharos|Ampharos-Mega, F|369\/369
|-damage|p2a: Ampharos|323\/369|[from] Stealth Rock
|-ability|p2a: Ampharos|Mold Breaker
|move|p1a: AXECTLY|Earthquake|p2a: Ampharos
|-supereffective|p2a: Ampharos
|-damage|p2a: Ampharos|0 fnt
|faint|p2a: Ampharos
|
|
|switch|p2a: Lucario|Lucario, M|282\/282
|-damage|p2a: Lucario|274\/282|[from] Stealth Rock
|turn|12
|
|move|p2a: Lucario|Extreme Speed|p1a: AXECTLY
|-damage|p1a: AXECTLY|0 fnt
|-damage|p2a: Lucario|246\/282|[from] item: Life Orb
|faint|p1a: AXECTLY
|
|
|switch|p1a: Darude|Darmanitan, F|351\/351
|turn|13
|
|move|p1a: Darude|U-turn|p2a: Lucario
|-resisted|p2a: Lucario
|-damage|p2a: Lucario|215\/282
|
|switch|p1a: Jorge|Beedrill, F|271\/271
|move|p2a: Lucario|Swords Dance|p2a: Lucario
|-boost|p2a: Lucario|atk|2
|
|turn|14
|c|âcandres|heh get predicted
|
|detailschange|p1a: Jorge|Beedrill-Mega, F
|-mega|p1a: Jorge|Beedrill|Beedrillite
|move|p2a: Lucario|Extreme Speed|p1a: Jorge
|-damage|p1a: Jorge|0 fnt
|-damage|p2a: Lucario|187\/282|[from] item: Life Orb
|faint|p1a: Jorge
|
|c|âBalanir|wp
|
|switch|p1a: Darude|Darmanitan, F|351\/351
|turn|15
|c|âcandres|gg
|
|move|p2a: Lucario|Extreme Speed|p1a: Darude
|-damage|p1a: Darude|0 fnt
|-damage|p2a: Lucario|159\/282|[from] item: Life Orb
|faint|p1a: Darude
|
|win|candres
|raw|Ladder updating...
|raw|Balanir's rating: 1086 &rarr; <strong>1063<\/strong><br \/>(-23 for losing)
|raw|candres's rating: 1085 &rarr; <strong>1113<\/strong><br \/>(+28 for winning)