|join|zmj23
|join|GamerGal
|player|p1|zmj23|169
|player|p2|GamerGal|4
|gametype|singles
|gen|6
|tier|OU
|rated
|clearpoke
|poke|p1|Greninja, M
|poke|p1|Sableye, M
|poke|p1|Talonflame, M
|poke|p1|Empoleon, M
|poke|p1|Latias, F
|poke|p1|Landorus-Therian, M
|poke|p2|Landorus-Therian, M
|poke|p2|Manectric, F
|poke|p2|Jirachi
|poke|p2|Latios, M
|poke|p2|Keldeo-Resolute
|poke|p2|Greninja, F
|rule|Swagger Clause: Swagger is banned
|rule|Baton Pass Clause: Limit one PokÃ©mon knowing Baton Pass
|rule|Sleep Clause Mod: Limit one foe put to sleep
|rule|Species Clause: Limit one of each PokÃ©mon
|rule|OHKO Clause: OHKO moves are banned
|rule|Moody Clause: Moody is banned
|rule|Evasion Moves Clause: Evasion moves are banned
|rule|Endless Battle Clause: Forcing endless battles is banned
|rule|HP Percentage Mod: HP is shown in percentages
|teampreview
|
|start
|switch|p1a: Sableye|Sableye, M|304\/304
|switch|p2a: Keldeo-Resolute|Keldeo-Resolute|324\/324
|turn|1
|join|aaace
|
|switch|p1a: Latias|Latias, F|301\/301
|move|p2a: Keldeo-Resolute|Hydro Pump|p1a: Latias|[miss]
|-miss|p2a: Keldeo-Resolute|p1a: Latias
|
|turn|2
|
|switch|p1a: Sableye|Sableye, M|304\/304
|switch|p2a: Jirachi|Jirachi|404\/404
|
|turn|3
|
|detailschange|p1a: Sableye|Sableye-Mega, M
|message|Sableye has Mega Evolved into Mega Sableye!
|move|p1a: Sableye|Will-O-Wisp|p2a: Jirachi|[miss]
|-miss|p1a: Sableye|p2a: Jirachi
|move|p2a: Jirachi|Stealth Rock|p1a: Sableye
|move|p1a: Sableye|Stealth Rock|p2a: Jirachi|[from]Magic Bounce
|-sidestart|p2: GamerGal|move: Stealth Rock
|
|turn|4
|c|âGamerGal|LOL
|
|move|p2a: Jirachi|U-turn|p1a: Sableye
|-damage|p1a: Sableye|269\/304
|
|switch|p2a: Keldeo-Resolute|Keldeo-Resolute|324\/324
|-damage|p2a: Keldeo-Resolute|304\/324|[from] Stealth Rock
|move|p1a: Sableye|Will-O-Wisp|p2a: Keldeo-Resolute
|-status|p2a: Keldeo-Resolute|brn
|
|-damage|p2a: Keldeo-Resolute|264\/324 brn|[from] brn
|turn|5
|
|switch|p1a: Latias|Latias, F|301\/301
|move|p2a: Keldeo-Resolute|Hydro Pump|p1a: Latias
|-resisted|p1a: Latias
|-damage|p1a: Latias|192\/301
|
|-damage|p2a: Keldeo-Resolute|224\/324 brn|[from] brn
|turn|6
|
|switch|p2a: Jirachi|Jirachi|404\/404
|-damage|p2a: Jirachi|379\/404|[from] Stealth Rock
|move|p1a: Latias|Roost|p1a: Latias
|-heal|p1a: Latias|301\/301
|
|-heal|p2a: Jirachi|404\/404|[from] item: Leftovers
|turn|7
|
|switch|p1a: Sableye|Sableye-Mega, M|269\/304
|move|p2a: Jirachi|Iron Head|p1a: Sableye
|-damage|p1a: Sableye|215\/304
|
|turn|8
|
|move|p2a: Jirachi|U-turn|p1a: Sableye
|-damage|p1a: Sableye|181\/304
|
|switch|p2a: Keldeo-Resolute|Keldeo-Resolute|224\/324 brn
|-damage|p2a: Keldeo-Resolute|204\/324 brn|[from] Stealth Rock
|move|p1a: Sableye|Snarl|p2a: Keldeo-Resolute
|-resisted|p2a: Keldeo-Resolute
|-damage|p2a: Keldeo-Resolute|171\/324 brn
|-boost|p2a: Keldeo-Resolute|atk|1|[from] ability: Justified
|-unboost|p2a: Keldeo-Resolute|spa|1
|
|-damage|p2a: Keldeo-Resolute|131\/324 brn|[from] brn
|turn|9
|
|switch|p1a: Latias|Latias, F|301\/301
|move|p2a: Keldeo-Resolute|Icy Wind|p1a: Latias
|-supereffective|p1a: Latias
|-damage|p1a: Latias|191\/301
|-unboost|p1a: Latias|spe|1
|
|-damage|p2a: Keldeo-Resolute|91\/324 brn|[from] brn
|turn|10
|
|switch|p1a: Empoleon|Empoleon, M|372\/372
|move|p2a: Keldeo-Resolute|Icy Wind|p1a: Empoleon
|-resisted|p1a: Empoleon
|-damage|p1a: Empoleon|362\/372
|-unboost|p1a: Empoleon|spe|1
|
|-heal|p1a: Empoleon|372\/372|[from] item: Leftovers
|-damage|p2a: Keldeo-Resolute|51\/324 brn|[from] brn
|turn|11
|
|move|p2a: Keldeo-Resolute|Icy Wind|p1a: Empoleon
|-miss|p2a: Keldeo-Resolute|p1a: Empoleon
|move|p1a: Empoleon|Knock Off|p2a: Keldeo-Resolute
|-resisted|p2a: Keldeo-Resolute
|-damage|p2a: Keldeo-Resolute|12\/324 brn
|-boost|p2a: Keldeo-Resolute|atk|1|[from] ability: Justified
|-enditem|p2a: Keldeo-Resolute|Choice Specs|[from] move: Knock Off|[of] p1a: Empoleon
|
|-damage|p2a: Keldeo-Resolute|0 fnt|[from] brn
|faint|p2a: Keldeo-Resolute
|
|switch|p2a: Latios|Latios, M|301\/301
|-damage|p2a: Latios|264\/301|[from] Stealth Rock
|turn|12
|
|move|p2a: Latios|Defog|p1a: Empoleon
|-unboost|p1a: Empoleon|evasion|1
|-sideend|p2: GamerGal|Stealth Rock|[from] move: Defog|[of] p2a: Latios
|move|p1a: Empoleon|Knock Off|p2a: Latios
|-supereffective|p2a: Latios
|-damage|p2a: Latios|112\/301
|-enditem|p2a: Latios|Life Orb|[from] move: Knock Off|[of] p1a: Empoleon
|
|turn|13
|
|switch|p2a: Landorus-Therian|Landorus-Therian, M|319\/319
|-ability|p2a: Landorus-Therian|Intimidate|[of] p1a: Empoleon
|-unboost|p1a: Empoleon|atk|1
|move|p1a: Empoleon|Knock Off|p2a: Landorus-Therian
|-crit|p2a: Landorus-Therian
|-damage|p2a: Landorus-Therian|215\/319
|-enditem|p2a: Landorus-Therian|Choice Scarf|[from] move: Knock Off|[of] p1a: Empoleon
|
|turn|14
|
|switch|p1a: Landorus-Therian|Landorus-Therian, M|320\/320
|-ability|p1a: Landorus-Therian|Intimidate|[of] p2a: Landorus-Therian
|-unboost|p2a: Landorus-Therian|atk|1
|move|p2a: Landorus-Therian|U-turn|p1a: Landorus-Therian
|-resisted|p1a: Landorus-Therian
|-damage|p1a: Landorus-Therian|288\/320
|
|switch|p2a: Manectric|Manectric, F|281\/281
|
|turn|15
|
|switch|p2a: Landorus-Therian|Landorus-Therian, M|215\/319
|-ability|p2a: Landorus-Therian|Intimidate|[of] p1a: Landorus-Therian
|-unboost|p1a: Landorus-Therian|atk|1
|move|p1a: Landorus-Therian|U-turn|p2a: Landorus-Therian
|-resisted|p2a: Landorus-Therian
|-damage|p2a: Landorus-Therian|181\/319
|
|switch|p1a: Greninja|Greninja, M|285\/285
|
|turn|16
|
|move|p1a: Greninja|Dark Pulse|p2a: Landorus-Therian
|-start|p1a: Greninja|typechange|Dark|[from] Protean
|-crit|p2a: Landorus-Therian
|-damage|p2a: Landorus-Therian|0 fnt
|-damage|p1a: Greninja|257\/285|[from] item: Life Orb
|faint|p2a: Landorus-Therian
|
|
|switch|p2a: Jirachi|Jirachi|404\/404
|turn|17
|
|switch|p1a: Sableye|Sableye-Mega, M|181\/304
|move|p2a: Jirachi|Body Slam|p1a: Sableye
|-immune|p1a: Sableye|[msg]
|
|turn|18
|
|move|p2a: Jirachi|U-turn|p1a: Sableye
|-damage|p1a: Sableye|145\/304
|
|switch|p2a: Latios|Latios, M|112\/301
|move|p1a: Sableye|Will-O-Wisp|p2a: Latios
|-status|p2a: Latios|brn
|
|-damage|p2a: Latios|75\/301 brn|[from] brn
|turn|19
|
|switch|p2a: Manectric|Manectric, F|281\/281
|switch|p1a: Empoleon|Empoleon, M|372\/372
|
|turn|20
|
|detailschange|p2a: Manectric|Manectric-Mega, F
|message|Manectric has Mega Evolved into Mega Manectric!
|-ability|p2a: Manectric|Intimidate|[of] p1a: Empoleon
|-unboost|p1a: Empoleon|atk|1
|move|p2a: Manectric|Thunderbolt|p1a: Empoleon
|-supereffective|p1a: Empoleon
|-damage|p1a: Empoleon|136\/372
|move|p1a: Empoleon|Stealth Rock|p2a: Manectric
|-sidestart|p2: GamerGal|move: Stealth Rock
|
|-heal|p1a: Empoleon|159\/372|[from] item: Leftovers
|turn|21
|
|move|p2a: Manectric|Volt Switch|p1a: Empoleon
|-supereffective|p1a: Empoleon
|-damage|p1a: Empoleon|0 fnt
|faint|p1a: Empoleon
|
|switch|p2a: Jirachi|Jirachi|404\/404
|-damage|p2a: Jirachi|379\/404|[from] Stealth Rock
|
|-heal|p2a: Jirachi|404\/404|[from] item: Leftovers
|
|switch|p1a: Sableye|Sableye-Mega, M|145\/304
|turn|22
|
|move|p2a: Jirachi|Iron Head|p1a: Sableye
|-damage|p1a: Sableye|87\/304
|cant|p1a: Sableye|flinch
|
|turn|23
|
|move|p2a: Jirachi|Iron Head|p1a: Sableye
|-damage|p1a: Sableye|29\/304
|move|p1a: Sableye|Recover|p1a: Sableye
|-heal|p1a: Sableye|181\/304
|
|turn|24
|
|switch|p1a: Landorus-Therian|Landorus-Therian, M|288\/320
|-ability|p1a: Landorus-Therian|Intimidate|[of] p2a: Jirachi
|-unboost|p2a: Jirachi|atk|1
|move|p2a: Jirachi|Iron Head|p1a: Landorus-Therian
|-damage|p1a: Landorus-Therian|219\/320
|
|turn|25
|
|move|p1a: Landorus-Therian|U-turn|p2a: Jirachi
|-damage|p2a: Jirachi|316\/404
|
|switch|p1a: Sableye|Sableye-Mega, M|181\/304
|move|p2a: Jirachi|Iron Head|p1a: Sableye
|-damage|p1a: Sableye|141\/304
|
|-heal|p2a: Jirachi|341\/404|[from] item: Leftovers
|turn|26
|
|move|p2a: Jirachi|U-turn|p1a: Sableye
|-crit|p1a: Sableye
|-damage|p1a: Sableye|92\/304
|
|switch|p2a: Greninja|Greninja, F|285\/285
|-damage|p2a: Greninja|250\/285|[from] Stealth Rock
|move|p1a: Sableye|Recover|p1a: Sableye
|-heal|p1a: Sableye|244\/304
|
|turn|27
|
|switch|p1a: Latias|Latias, F|191\/301
|move|p2a: Greninja|Hydro Pump|p1a: Latias|[miss]
|-start|p2a: Greninja|typechange|Water|[from] Protean
|-miss|p2a: Greninja|p1a: Latias
|
|turn|28
|
|move|p2a: Greninja|Ice Beam|p1a: Latias
|-start|p2a: Greninja|typechange|Ice|[from] Protean
|-supereffective|p1a: Latias
|-damage|p1a: Latias|0 fnt
|-damage|p2a: Greninja|222\/285|[from] item: Life Orb
|faint|p1a: Latias
|
|
|switch|p1a: Talonflame|Talonflame, M|317\/317
|turn|29
|
|move|p1a: Talonflame|Brave Bird|p2a: Greninja
|-damage|p2a: Greninja|0 fnt
|-damage|p1a: Talonflame|244\/317|[from] recoil|[of] p2a: Greninja
|faint|p2a: Greninja
|
|
|switch|p2a: Manectric|Manectric-Mega, F|281\/281
|-damage|p2a: Manectric|246\/281|[from] Stealth Rock
|-ability|p2a: Manectric|Intimidate|[of] p1a: Talonflame
|-unboost|p1a: Talonflame|atk|1
|turn|30
|
|switch|p1a: Landorus-Therian|Landorus-Therian, M|219\/320
|-ability|p1a: Landorus-Therian|Intimidate|[of] p2a: Manectric
|-unboost|p2a: Manectric|atk|1
|move|p2a: Manectric|Hidden Power|p1a: Landorus-Therian
|-supereffective|p1a: Landorus-Therian
|-damage|p1a: Landorus-Therian|0 fnt
|faint|p1a: Landorus-Therian
|
|
|switch|p1a: Sableye|Sableye-Mega, M|244\/304
|turn|31
|
|move|p2a: Manectric|Thunderbolt|p1a: Sableye
|-damage|p1a: Sableye|93\/304
|move|p1a: Sableye|Snarl|p2a: Manectric
|-damage|p2a: Manectric|173\/281
|-unboost|p2a: Manectric|spa|1
|
|turn|32
|
|move|p2a: Manectric|Thunderbolt|p1a: Sableye
|-damage|p1a: Sableye|0 fnt
|faint|p1a: Sableye
|
|
|switch|p1a: Greninja|Greninja, M|257\/285
|turn|33
|
|switch|p2a: Latios|Latios, M|75\/301 brn
|-damage|p2a: Latios|38\/301 brn|[from] Stealth Rock
|move|p1a: Greninja|Ice Beam|p2a: Latios
|-start|p1a: Greninja|typechange|Ice|[from] Protean
|-supereffective|p2a: Latios
|-damage|p2a: Latios|0 fnt
|-damage|p1a: Greninja|229\/285|[from] item: Life Orb
|faint|p2a: Latios
|
|
|switch|p2a: Manectric|Manectric-Mega, F|173\/281
|-damage|p2a: Manectric|138\/281|[from] Stealth Rock
|-ability|p2a: Manectric|Intimidate|[of] p1a: Greninja
|-unboost|p1a: Greninja|atk|1
|turn|34
|
|move|p2a: Manectric|Flamethrower|p1a: Greninja
|-supereffective|p1a: Greninja
|-damage|p1a: Greninja|0 fnt
|faint|p1a: Greninja
|
|
|switch|p1a: Talonflame|Talonflame, M|244\/317
|turn|35
|
|move|p1a: Talonflame|Brave Bird|p2a: Manectric
|-resisted|p2a: Manectric
|-damage|p2a: Manectric|24\/281
|-damage|p1a: Talonflame|206\/317|[from] recoil|[of] p2a: Manectric
|move|p2a: Manectric|Thunderbolt|p1a: Talonflame
|-supereffective|p1a: Talonflame
|-damage|p1a: Talonflame|0 fnt
|faint|p1a: Talonflame
|
|win|GamerGal
|raw|Ladder updating...
|raw|zmj23's rating: 1426 &rarr; <strong>1404<\/strong><br \/>(-22 for losing)
|raw|GamerGal's rating: 1399 &rarr; <strong>1420<\/strong><br \/>(+21 for winning)
|c|âGamerGal|gg
|c|âGamerGal|outplayed imo
|c|âzmj23|gg