|join|gamergal
|join|LT4A Padeli
|player|p1|gamergal|4
|player|p2|LT4A Padeli|29
|gametype|singles
|gen|6
|tier|OU
|rated
|clearpoke
|poke|p1|Landorus, M
|poke|p1|Bisharp, F
|poke|p1|Heatran, M
|poke|p1|Thundurus, M
|poke|p1|Alakazam, M
|poke|p1|Keldeo-Resolute
|poke|p2|Landorus-Therian, M
|poke|p2|Ferrothorn, M
|poke|p2|Keldeo
|poke|p2|Gardevoir, M
|poke|p2|Heatran, M
|poke|p2|Azumarill, M
|rule|Swagger Clause: Swagger is banned
|rule|Baton Pass Clause: Limit one PokÃ©mon knowing Baton Pass
|rule|Sleep Clause Mod: Limit one foe put to sleep
|rule|Species Clause: Limit one of each PokÃ©mon
|rule|OHKO Clause: OHKO moves are banned
|rule|Moody Clause: Moody is banned
|rule|Evasion Moves Clause: Evasion moves are banned
|rule|Endless Battle Clause: Forcing endless battles is banned
|rule|HP Percentage Mod: HP is shown in percentages
|teampreview
|
|start
|switch|p1a: Keldeo-Resolute|Keldeo-Resolute|323\/323
|switch|p2a: Keldeo|Keldeo|323\/323
|turn|1
|
|move|p1a: Keldeo-Resolute|Scald|p2a: Keldeo
|-resisted|p2a: Keldeo
|-damage|p2a: Keldeo|213\/323
|move|p2a: Keldeo|Secret Sword|p1a: Keldeo-Resolute
|-damage|p1a: Keldeo-Resolute|56\/323
|
|turn|2
|
|switch|p2a: Ferrothorn|Ferrothorn, M|352\/352
|switch|p1a: Landorus|Landorus, M|319\/319
|
|turn|3
|
|move|p1a: Landorus|Stealth Rock|p2a: Ferrothorn
|-sidestart|p2: LT4A Padeli|move: Stealth Rock
|move|p2a: Ferrothorn|Spikes|p1a: Landorus
|-sidestart|p1: gamergal|Spikes
|
|turn|4
|
|move|p1a: Landorus|Focus Blast|p2a: Ferrothorn
|-supereffective|p2a: Ferrothorn
|-damage|p2a: Ferrothorn|0 fnt
|faint|p2a: Ferrothorn
|
|
|switch|p2a: Keldeo|Keldeo|213\/323
|-damage|p2a: Keldeo|193\/323|[from] Stealth Rock
|turn|5
|
|switch|p1a: Keldeo-Resolute|Keldeo-Resolute|56\/323
|-damage|p1a: Keldeo-Resolute|16\/323|[from] Spikes
|move|p2a: Keldeo|Scald|p1a: Keldeo-Resolute
|-resisted|p1a: Keldeo-Resolute
|-damage|p1a: Keldeo-Resolute|0 fnt
|faint|p1a: Keldeo-Resolute
|
|
|switch|p1a: Thundurus|Thundurus, M|299\/299
|turn|6
|
|switch|p2a: Landorus-Therian|Landorus-Therian, M|319\/319
|-damage|p2a: Landorus-Therian|280\/319|[from] Stealth Rock
|-ability|p2a: Landorus-Therian|Intimidate|[of] p1a: Thundurus
|-unboost|p1a: Thundurus|atk|1
|move|p1a: Thundurus|Hidden Power|p2a: Landorus-Therian
|-supereffective|p2a: Landorus-Therian
|-damage|p2a: Landorus-Therian|0 fnt
|-damage|p1a: Thundurus|270\/299|[from] item: Life Orb
|faint|p2a: Landorus-Therian
|
|
|switch|p2a: Heatran|Heatran, M|386\/386
|-damage|p2a: Heatran|338\/386|[from] Stealth Rock
|turn|7
|
|move|p1a: Thundurus|Thunderbolt|p2a: Heatran
|-damage|p2a: Heatran|198\/386
|-damage|p1a: Thundurus|241\/299|[from] item: Life Orb
|move|p2a: Heatran|Stealth Rock|p1a: Thundurus
|-sidestart|p1: gamergal|move: Stealth Rock
|
|-heal|p2a: Heatran|222\/386|[from] item: Leftovers
|turn|8
|
|switch|p1a: Landorus|Landorus, M|319\/319
|-damage|p1a: Landorus|280\/319|[from] Stealth Rock
|move|p2a: Heatran|Protect|p2a: Heatran
|-fail|p2a: Heatran
|
|-heal|p2a: Heatran|246\/386|[from] item: Leftovers
|turn|9
|
|move|p2a: Heatran|Protect|p2a: Heatran
|-singleturn|p2a: Heatran|Protect
|move|p1a: Landorus|Earth Power|p2a: Heatran
|-activate|p2a: Heatran|Protect
|
|-heal|p2a: Heatran|270\/386|[from] item: Leftovers
|turn|10
|
|move|p1a: Landorus|Earth Power|p2a: Heatran
|-supereffective|p2a: Heatran
|-damage|p2a: Heatran|0 fnt
|faint|p2a: Heatran
|
|
|switch|p2a: Keldeo|Keldeo|193\/323
|-damage|p2a: Keldeo|173\/323|[from] Stealth Rock
|turn|11
|
|switch|p1a: Bisharp|Bisharp, F|271\/271
|-damage|p1a: Bisharp|238\/271|[from] Spikes
|-damage|p1a: Bisharp|222\/271|[from] Stealth Rock
|move|p2a: Keldeo|Scald|p1a: Bisharp
|-damage|p1a: Bisharp|0 fnt
|faint|p1a: Bisharp
|
|
|switch|p1a: Thundurus|Thundurus, M|241\/299
|-damage|p1a: Thundurus|167\/299|[from] Stealth Rock
|turn|12
|
|switch|p2a: Gardevoir|Gardevoir, M|277\/277
|-damage|p2a: Gardevoir|243\/277|[from] Stealth Rock
|-ability|p2a: Gardevoir|Prankster|[from] ability: Trace|[of] p1a: Thundurus
|move|p1a: Thundurus|Thunderbolt|p2a: Gardevoir
|-damage|p2a: Gardevoir|86\/277
|-status|p2a: Gardevoir|par
|-damage|p1a: Thundurus|138\/299|[from] item: Life Orb
|
|turn|13
|
|detailschange|p2a: Gardevoir|Gardevoir-Mega, M
|message|Gardevoir has Mega Evolved into Mega Gardevoir!
|move|p1a: Thundurus|Thunderbolt|p2a: Gardevoir
|-damage|p2a: Gardevoir|0 fnt
|-damage|p1a: Thundurus|109\/299|[from] item: Life Orb
|faint|p2a: Gardevoir
|
|
|switch|p2a: Azumarill|Azumarill, M|364\/364
|-damage|p2a: Azumarill|319\/364|[from] Stealth Rock
|turn|14
|
|move|p1a: Thundurus|Thunder Wave|p2a: Azumarill
|-status|p2a: Azumarill|par
|move|p2a: Azumarill|Aqua Jet|p1a: Thundurus
|-damage|p1a: Thundurus|0 fnt
|faint|p1a: Thundurus
|
|
|switch|p1a: Landorus|Landorus, M|280\/319
|-damage|p1a: Landorus|241\/319|[from] Stealth Rock
|turn|15
|c|âgamergal|gg
|-message|LT4A Padeli lost due to inactivity.
|
|win|gamergal
|raw|Ladder updating...
|raw|gamergal's rating: 1604 &rarr; <strong>1628<\/strong><br \/>(+24 for winning)
|raw|LT4A Padeli's rating: 1686 &rarr; <strong>1662<\/strong><br \/>(-24 for losing)