|join|GamerGal
|join|ArkaMustang
|player|p1|GamerGal|115
|player|p2|ArkaMustang|40
|gametype|singles
|gen|6
|tier|OU
|rated
|clearpoke
|poke|p1|Thundurus-Therian, M
|poke|p1|Scizor, M
|poke|p1|Azumarill, M
|poke|p1|Kyurem-Black
|poke|p1|Infernape, F
|poke|p1|Gardevoir, F
|poke|p2|Deoxys-Speed
|poke|p2|Haxorus, M, shiny
|poke|p2|Charizard, M
|poke|p2|Gyarados, F
|poke|p2|Dragonite, M
|poke|p2|Greninja, M, shiny
|rule|Sleep Clause Mod: Limit one foe put to sleep
|rule|Species Clause: Limit one of each Pokemon
|rule|OHKO Clause: OHKO moves are banned
|rule|Moody Clause: Moody is banned
|rule|Evasion Moves Clause: Evasion moves are banned
|rule|Endless Battle Clause: Forcing endless battles is banned.
|rule|HP Percentage Mod: HP is reported as percentages
|teampreview
|
|start
|switch|p1a: Infernape|Infernape, F|293\/293
|switch|p2a: Deoxys-Speed|Deoxys-Speed|304\/304
|-ability|p2a: Deoxys-Speed|Pressure
|turn|1
|
|move|p2a: Deoxys-Speed|Reflect|p2a: Deoxys-Speed
|-sidestart|p2: ArkaMustang|Reflect
|move|p1a: Infernape|U-turn|p2a: Deoxys-Speed
|-supereffective|p2a: Deoxys-Speed
|-damage|p2a: Deoxys-Speed|220\/304
|chat|GamerGal|hi
|
|switch|p1a: Thundurus-Therian|Thundurus-Therian, M|300\/300
|
|turn|2
|chat|ArkaMustang|hi
|
|move|p2a: Deoxys-Speed|Magic Coat|p2a: Deoxys-Speed
|-singleturn|p2a: Deoxys-Speed|move: Magic Coat
|move|p1a: Thundurus-Therian|Volt Switch|p2a: Deoxys-Speed
|-damage|p2a: Deoxys-Speed|52\/304
|
|switch|p1a: Scizor|Scizor, M|344\/344
|
|turn|3
|
|switch|p2a: Gyarados|Gyarados, F|332\/332
|move|p1a: Scizor|Bullet Punch|p2a: Gyarados
|-resisted|p2a: Gyarados
|-damage|p2a: Gyarados|283\/332
|-damage|p1a: Scizor|310\/344|[from] item: Life Orb
|
|turn|4
|
|move|p2a: Gyarados|Dragon Dance|p2a: Gyarados
|-boost|p2a: Gyarados|atk|1
|-boost|p2a: Gyarados|spe|1
|move|p1a: Scizor|U-turn|p2a: Gyarados
|-resisted|p2a: Gyarados
|-damage|p2a: Gyarados|226\/332
|-damage|p1a: Scizor|276\/344|[from] item: Life Orb
|
|switch|p1a: Thundurus-Therian|Thundurus-Therian, M|300\/300
|
|turn|5
|
|move|p1a: Thundurus-Therian|Volt Switch|p2a: Gyarados
|-supereffective|p2a: Gyarados
|-damage|p2a: Gyarados|0 fnt
|faint|p2a: Gyarados
|
|switch|p1a: Infernape|Infernape, F|293\/293
|
|
|switch|p2a: Deoxys-Speed|Deoxys-Speed|52\/304
|-ability|p2a: Deoxys-Speed|Pressure
|turn|6
|
|move|p2a: Deoxys-Speed|Light Screen|p2a: Deoxys-Speed
|-sidestart|p2: ArkaMustang|move: Light Screen
|move|p1a: Infernape|U-turn|p2a: Deoxys-Speed
|-supereffective|p2a: Deoxys-Speed
|-damage|p2a: Deoxys-Speed|0 fnt
|faint|p2a: Deoxys-Speed
|
|switch|p1a: Thundurus-Therian|Thundurus-Therian, M|300\/300
|
|
|switch|p2a: Dragonite|Dragonite, M|324\/324
|turn|7
|
|move|p1a: Thundurus-Therian|Volt Switch|p2a: Dragonite
|-damage|p2a: Dragonite|288\/324
|
|switch|p1a: Azumarill|Azumarill, M|404\/404
|move|p2a: Dragonite|Dragon Dance|p2a: Dragonite
|-boost|p2a: Dragonite|atk|1
|-boost|p2a: Dragonite|spe|1
|
|turn|8
|
|move|p2a: Dragonite|Extreme Speed|p1a: Azumarill
|-damage|p1a: Azumarill|213\/404
|move|p1a: Azumarill|Knock Off|p2a: Dragonite
|-damage|p2a: Dragonite|213\/324
|-enditem|p2a: Dragonite|Lum Berry|[from] move: Knock Off|[of] p1a: Azumarill
|
|-sideend|p2: ArkaMustang|Reflect
|turn|9
|
|switch|p2a: Charizard|Charizard, M|298\/298
|move|p1a: Azumarill|Play Rough|p2a: Charizard
|-resisted|p2a: Charizard
|-damage|p2a: Charizard|174\/298
|
|turn|10
|
|-formechange|p2a: Charizard|Charizard-Mega-X
|message|Charizard has Mega Evolved into Mega Charizard!
|move|p1a: Azumarill|Aqua Jet|p2a: Charizard
|-crit|p2a: Charizard
|-damage|p2a: Charizard|54\/298
|move|p2a: Charizard|Earthquake|p1a: Azumarill
|-damage|p1a: Azumarill|48\/404
|
|turn|11
|
|switch|p2a: Greninja|Greninja, M, shiny|285\/285
|move|p1a: Azumarill|Aqua Jet|p2a: Greninja
|-crit|p2a: Greninja
|-resisted|p2a: Greninja
|-damage|p2a: Greninja|193\/285
|
|turn|12
|
|move|p1a: Azumarill|Aqua Jet|p2a: Greninja
|-resisted|p2a: Greninja
|-damage|p2a: Greninja|121\/285
|-start|p2a: Greninja|typechange|Bug|[from] Protean
|move|p2a: Greninja|U-turn|p1a: Azumarill
|-resisted|p1a: Azumarill
|-damage|p1a: Azumarill|0 fnt
|faint|p1a: Azumarill
|
|switch|p2a: Charizard|Charizard, M|54\/298
|-formechange|p2a: Charizard|Charizard-Mega-X
|
|
|switch|p1a: Scizor|Scizor, M|276\/344
|turn|13
|
|move|p1a: Scizor|Bullet Punch|p2a: Charizard
|-resisted|p2a: Charizard
|-damage|p2a: Charizard|0 fnt
|-damage|p1a: Scizor|242\/344|[from] item: Life Orb
|faint|p2a: Charizard
|
|-sideend|p2: ArkaMustang|move: Light Screen
|
|switch|p2a: Dragonite|Dragonite, M|213\/324
|turn|14
|
|move|p2a: Dragonite|Fire Punch|p1a: Scizor
|-supereffective|p1a: Scizor
|-damage|p1a: Scizor|0 fnt
|faint|p1a: Scizor
|
|
|switch|p1a: Thundurus-Therian|Thundurus-Therian, M|300\/300
|turn|15
|
|move|p1a: Thundurus-Therian|Hidden Power|p2a: Dragonite
|-supereffective|p2a: Dragonite
|-damage|p2a: Dragonite|0 fnt
|faint|p2a: Dragonite
|
|
|switch|p2a: Greninja|Greninja, M, shiny|121\/285
|turn|16
|
|switch|p1a: Infernape|Infernape, F|293\/293
|-start|p2a: Greninja|typechange|Ice|[from] Protean
|move|p2a: Greninja|Ice Beam|p1a: Infernape
|-resisted|p1a: Infernape
|-damage|p1a: Infernape|196\/293
|
|turn|17
|
|-start|p2a: Greninja|typechange|Water|[from] Protean
|move|p2a: Greninja|Scald|p1a: Infernape
|-supereffective|p1a: Infernape
|-damage|p1a: Infernape|0 fnt
|faint|p1a: Infernape
|
|
|switch|p1a: Gardevoir|Gardevoir, F|278\/278
|turn|18
|chat|GamerGal|damn thought you would pull out predicting mach punch, lol
|
|-formechange|p1a: Gardevoir|Gardevoir-Mega
|message|Gardevoir has Mega Evolved into Mega Gardevoir!
|-start|p2a: Greninja|typechange|Ice|[from] Protean
|move|p2a: Greninja|Ice Beam|p1a: Gardevoir
|-damage|p1a: Gardevoir|178\/278
|move|p1a: Gardevoir|Hyper Voice|p2a: Greninja
|-damage|p2a: Greninja|0 fnt
|faint|p2a: Greninja
|
|
|switch|p2a: Haxorus|Haxorus, M, shiny|294\/294
|-ability|p2a: Haxorus|Mold Breaker
|turn|19
|
|move|p1a: Gardevoir|Hyper Voice|p2a: Haxorus
|-supereffective|p2a: Haxorus
|-damage|p2a: Haxorus|0 fnt
|faint|p2a: Haxorus
|
|win|GamerGal
|raw|Ladder updating...
|chat|GamerGal|gg
|leave|ArkaMustang
|player|p2