|join|GamerGal
|join|Malvado
|player|p1|GamerGal|4
|player|p2|Malvado|169
|gametype|singles
|gen|6
|tier|OU
|rated
|clearpoke
|poke|p1|Conkeldurr, M
|poke|p1|Charizard, F
|poke|p1|Tyranitar, M
|poke|p1|Rotom-Wash
|poke|p1|Latios, M
|poke|p1|Garchomp, M
|poke|p2|Charizard, M
|poke|p2|Latios, M
|poke|p2|Tyranitar, F
|poke|p2|Excadrill, F
|poke|p2|Ferrothorn, F
|poke|p2|Keldeo
|rule|Swagger Clause: Swagger is banned
|rule|Baton Pass Clause: Limit one PokÃ©mon knowing Baton Pass
|rule|Sleep Clause Mod: Limit one foe put to sleep
|rule|Species Clause: Limit one of each PokÃ©mon
|rule|OHKO Clause: OHKO moves are banned
|rule|Moody Clause: Moody is banned
|rule|Evasion Moves Clause: Evasion moves are banned
|rule|Endless Battle Clause: Forcing endless battles is banned
|rule|HP Percentage Mod: HP is reported as percentages
|teampreview
|
|start
|switch|p1a: Rotom-Wash|Rotom-Wash|304\/304
|switch|p2a: Keldeo|Keldeo|322\/322
|turn|1
|
|move|p2a: Keldeo|Secret Sword|p1a: Rotom-Wash
|-damage|p1a: Rotom-Wash|147\/304
|move|p1a: Rotom-Wash|Will-O-Wisp|p2a: Keldeo|[miss]
|-miss|p1a: Rotom-Wash|p2a: Keldeo
|
|-heal|p1a: Rotom-Wash|166\/304|[from] item: Leftovers
|turn|2
|
|move|p2a: Keldeo|Secret Sword|p1a: Rotom-Wash
|-damage|p1a: Rotom-Wash|21\/304
|move|p1a: Rotom-Wash|Volt Switch|p2a: Keldeo
|-supereffective|p2a: Keldeo
|-damage|p2a: Keldeo|136\/322
|
|switch|p1a: Garchomp|Garchomp, M|358\/358
|
|turn|3
|
|switch|p1a: Charizard|Charizard, F|297\/297
|switch|p2a: Ferrothorn|Ferrothorn, F|352\/352
|
|turn|4
|
|switch|p1a: Conkeldurr|Conkeldurr, M|414\/414
|switch|p2a: Tyranitar|Tyranitar, F|403\/403
|-weather|Sandstorm
|
|-weather|Sandstorm|[upkeep]
|-damage|p1a: Conkeldurr|389\/414|[from] sandstorm
|turn|5
|
|switch|p2a: Ferrothorn|Ferrothorn, F|352\/352
|move|p1a: Conkeldurr|Knock Off|p2a: Ferrothorn
|-damage|p2a: Ferrothorn|263\/352
|-damage|p1a: Conkeldurr|338\/414|[from] ability: Iron Barbs|[of] p2a: Ferrothorn
|-enditem|p2a: Ferrothorn|Leftovers|[from] move: Knock Off|[of] p1a: Conkeldurr
|
|-weather|Sandstorm|[upkeep]
|-damage|p1a: Conkeldurr|313\/414|[from] sandstorm
|turn|6
|
|move|p1a: Conkeldurr|Drain Punch|p2a: Ferrothorn
|-supereffective|p2a: Ferrothorn
|-damage|p2a: Ferrothorn|53\/352
|-heal|p1a: Conkeldurr|414\/414|[from] drain|[of] p2a: Ferrothorn
|-damage|p1a: Conkeldurr|363\/414|[from] ability: Iron Barbs|[of] p2a: Ferrothorn
|move|p2a: Ferrothorn|Leech Seed|p1a: Conkeldurr
|-start|p1a: Conkeldurr|move: Leech Seed
|
|-weather|Sandstorm|[upkeep]
|-damage|p1a: Conkeldurr|338\/414|[from] sandstorm
|-damage|p1a: Conkeldurr|287\/414|[from] Leech Seed|[of] p2a: Ferrothorn
|-heal|p2a: Ferrothorn|104\/352|[silent]
|turn|7
|
|switch|p1a: Charizard|Charizard, F|297\/297
|move|p2a: Ferrothorn|Protect|p2a: Ferrothorn
|-fail|p2a: Ferrothorn
|
|-weather|Sandstorm|[upkeep]
|-damage|p1a: Charizard|279\/297|[from] sandstorm
|turn|8
|
|switch|p2a: Tyranitar|Tyranitar, F|403\/403
|detailschange|p1a: Charizard|Charizard-Mega-Y, F
|message|Charizard has Mega Evolved into Mega Charizard!
|-weather|SunnyDay
|move|p1a: Charizard|Fire Blast|p2a: Tyranitar
|-resisted|p2a: Tyranitar
|-damage|p2a: Tyranitar|232\/403
|
|-weather|SunnyDay|[upkeep]
|turn|9
|
|switch|p1a: Rotom-Wash|Rotom-Wash|21\/304
|switch|p2a: Latios|Latios, M|302\/302
|
|-weather|SunnyDay|[upkeep]
|-heal|p1a: Rotom-Wash|40\/304|[from] item: Leftovers
|turn|10
|
|move|p2a: Latios|Earthquake|p1a: Rotom-Wash
|-immune|p1a: Rotom-Wash|[msg]
|move|p1a: Rotom-Wash|Pain Split|p2a: Latios
|-sethp|p2a: Latios|171\/302|p1a: Rotom-Wash|171\/304|[from] move: Pain Split
|
|-weather|SunnyDay|[upkeep]
|-heal|p1a: Rotom-Wash|190\/304|[from] item: Leftovers
|turn|11
|chat|Malvado|xD
|
|switch|p2a: Charizard|Charizard, M|333\/333
|move|p1a: Rotom-Wash|Will-O-Wisp|p2a: Charizard|[miss]
|-miss|p1a: Rotom-Wash|p2a: Charizard
|
|-weather|SunnyDay|[upkeep]
|-heal|p1a: Rotom-Wash|209\/304|[from] item: Leftovers
|turn|12
|
|detailschange|p2a: Charizard|Charizard-Mega-X, M
|message|Charizard has Mega Evolved into Mega Charizard!
|move|p2a: Charizard|Dragon Dance|p2a: Charizard
|-boost|p2a: Charizard|atk|1
|-boost|p2a: Charizard|spe|1
|move|p1a: Rotom-Wash|Volt Switch|p2a: Charizard
|-resisted|p2a: Charizard
|-damage|p2a: Charizard|280\/333
|
|switch|p1a: Garchomp|Garchomp, M|358\/358
|
|-weather|none
|turn|13
|
|move|p1a: Garchomp|Dragon Claw|p2a: Charizard
|-supereffective|p2a: Charizard
|-damage|p2a: Charizard|40\/333
|move|p2a: Charizard|Dragon Claw|p1a: Garchomp
|-crit|p1a: Garchomp
|-supereffective|p1a: Garchomp
|-damage|p1a: Garchomp|0 fnt
|faint|p1a: Garchomp
|
|
|switch|p1a: Conkeldurr|Conkeldurr, M|287\/414
|turn|14
|
|move|p1a: Conkeldurr|Mach Punch|p2a: Charizard
|-damage|p2a: Charizard|0 fnt
|faint|p2a: Charizard
|
|
|switch|p2a: Latios|Latios, M|171\/302
|turn|15
|
|switch|p1a: Tyranitar|Tyranitar, M|404\/404
|-weather|Sandstorm
|move|p2a: Latios|Roost|p2a: Latios
|-heal|p2a: Latios|302\/302
|
|-weather|Sandstorm|[upkeep]
|-damage|p2a: Latios|284\/302|[from] sandstorm
|turn|16
|
|move|p1a: Tyranitar|Pursuit|p2a: Latios|[from]Pursuit
|-supereffective|p2a: Latios
|-damage|p2a: Latios|0 fnt
|faint|p2a: Latios
|
|-weather|Sandstorm|[upkeep]
|
|switch|p2a: Excadrill|Excadrill, F|362\/362
|-ability|p2a: Excadrill|Mold Breaker
|turn|17
|
|switch|p1a: Charizard|Charizard-Mega-Y, F|279\/297
|-weather|SunnyDay
|move|p2a: Excadrill|Rock Slide|p1a: Charizard
|-supereffective|p1a: Charizard
|-damage|p1a: Charizard|0 fnt
|-damage|p2a: Excadrill|326\/362|[from] item: Life Orb
|faint|p1a: Charizard
|
|-weather|SunnyDay|[upkeep]
|
|switch|p1a: Conkeldurr|Conkeldurr, M|287\/414
|turn|18
|
|switch|p2a: Ferrothorn|Ferrothorn, F|104\/352
|move|p1a: Conkeldurr|Drain Punch|p2a: Ferrothorn
|-supereffective|p2a: Ferrothorn
|-damage|p2a: Ferrothorn|0 fnt
|-heal|p1a: Conkeldurr|339\/414|[from] drain|[of] p2a: Ferrothorn
|-damage|p1a: Conkeldurr|288\/414|[from] ability: Iron Barbs|[of] p2a: Ferrothorn
|faint|p2a: Ferrothorn
|
|-weather|SunnyDay|[upkeep]
|
|switch|p2a: Keldeo|Keldeo|136\/322
|turn|19
|
|switch|p1a: Latios|Latios, M|302\/302
|move|p2a: Keldeo|Hidden Power|p1a: Latios
|-damage|p1a: Latios|197\/302
|
|-weather|SunnyDay|[upkeep]
|turn|20
|
|switch|p1a: Conkeldurr|Conkeldurr, M|288\/414
|switch|p2a: Tyranitar|Tyranitar, F|232\/403
|-weather|Sandstorm
|
|-weather|Sandstorm|[upkeep]
|-damage|p1a: Conkeldurr|263\/414|[from] sandstorm
|turn|21
|
|move|p2a: Tyranitar|Crunch|p1a: Conkeldurr
|-resisted|p1a: Conkeldurr
|-damage|p1a: Conkeldurr|195\/414
|move|p1a: Conkeldurr|Drain Punch|p2a: Tyranitar
|-supereffective|p2a: Tyranitar
|-damage|p2a: Tyranitar|0 fnt
|-heal|p1a: Conkeldurr|311\/414|[from] drain|[of] p2a: Tyranitar
|faint|p2a: Tyranitar
|
|-weather|Sandstorm|[upkeep]
|-damage|p1a: Conkeldurr|286\/414|[from] sandstorm
|chat|Malvado|I got wrecked
|
|switch|p2a: Excadrill|Excadrill, F|326\/362
|-ability|p2a: Excadrill|Mold Breaker
|turn|22
|chat|GamerGal|it's alright
|
|move|p2a: Excadrill|Earthquake|p1a: Conkeldurr
|-damage|p1a: Conkeldurr|0 fnt
|-damage|p2a: Excadrill|290\/362|[from] item: Life Orb
|faint|p1a: Conkeldurr
|
|-weather|Sandstorm|[upkeep]
|chat|GamerGal|you won
|chat|Malvado|oh my god i could have done that a long time ago apparently
|chat|GamerGal|i thought i could live
|chat|Malvado|me too lol
|
|switch|p1a: Latios|Latios, M|197\/302
|turn|23
|
|move|p1a: Latios|Draco Meteor|p2a: Excadrill
|-resisted|p2a: Excadrill
|-damage|p2a: Excadrill|68\/362
|-unboost|p1a: Latios|spa|2
|-damage|p1a: Latios|167\/302|[from] item: Life Orb
|move|p2a: Excadrill|Earthquake|p1a: Latios
|-damage|p1a: Latios|0 fnt
|-damage|p2a: Excadrill|32\/362|[from] item: Life Orb
|faint|p1a: Latios
|
|-weather|Sandstorm|[upkeep]
|
|switch|p1a: Tyranitar|Tyranitar, M|404\/404
|turn|24
|
|move|p2a: Excadrill|Earthquake|p1a: Tyranitar
|-supereffective|p1a: Tyranitar
|-damage|p1a: Tyranitar|0 fnt
|-damage|p2a: Excadrill|0 fnt|[from] item: Life Orb
|faint|p1a: Tyranitar
|faint|p2a: Excadrill
|
|-weather|Sandstorm|[upkeep]
|
|switch|p2a: Keldeo|Keldeo|136\/322
|switch|p1a: Rotom-Wash|Rotom-Wash|209\/304
|turn|25
|
|move|p2a: Keldeo|Secret Sword|p1a: Rotom-Wash
|-damage|p1a: Rotom-Wash|49\/304
|move|p1a: Rotom-Wash|Volt Switch|p2a: Keldeo
|-supereffective|p2a: Keldeo
|-damage|p2a: Keldeo|0 fnt
|faint|p2a: Keldeo
|
|win|GamerGal
|raw|Ladder updating...
|raw|GamerGal's rating: 1496 &rarr; <strong>1518<\/strong><br \/>(+22 for winning)
|raw|Malvado's rating: 1539 &rarr; <strong>1517<\/strong><br \/>(-22 for losing)
|chat|GamerGal|close
|chat|GamerGal|gg