|join|LT7Y LoomMyHomie
|join|gamergal
|player|p1|LT7Y LoomMyHomie|101
|player|p2|gamergal|4
|gametype|singles
|gen|6
|tier|OU
|rated
|clearpoke
|poke|p1|Azelf
|poke|p1|Whimsicott, M
|poke|p1|Espeon, M
|poke|p1|Blastoise, F
|poke|p1|Smeargle, F
|poke|p1|Togekiss, M
|poke|p2|Politoed, F
|poke|p2|Keldeo
|poke|p2|Kingdra, F
|poke|p2|Ferrothorn, M
|poke|p2|Kabutops, M
|poke|p2|Ampharos, F
|rule|Swagger Clause: Swagger is banned
|rule|Baton Pass Clause: Limit one PokÃ©mon knowing Baton Pass
|rule|Sleep Clause Mod: Limit one foe put to sleep
|rule|Species Clause: Limit one of each PokÃ©mon
|rule|OHKO Clause: OHKO moves are banned
|rule|Moody Clause: Moody is banned
|rule|Evasion Moves Clause: Evasion moves are banned
|rule|Endless Battle Clause: Forcing endless battles is banned
|rule|HP Percentage Mod: HP is shown in percentages
|teampreview
|
|start
|switch|p1a: Azelf|Azelf|354\/354
|switch|p2a: Politoed|Politoed, F|384\/384
|-weather|RainDance
|turn|1
|c|âLT7Y LoomMyHomie|!data kingdra
|c|~|\/data-pokemon Kingdra

|
|move|p1a: Azelf|Taunt|p2a: Politoed
|-start|p2a: Politoed|move: Taunt
|move|p2a: Politoed|Hydro Pump|p1a: Azelf
|-damage|p1a: Azelf|0 fnt
|faint|p1a: Azelf
|
|-weather|RainDance|[upkeep]
|
|switch|p1a: Whimsicott|Whimsicott, M|324\/324
|turn|2
|
|move|p1a: Whimsicott|Light Screen|p1a: Whimsicott
|-sidestart|p1: LT7Y LoomMyHomie|move: Light Screen
|move|p2a: Politoed|Ice Beam|p1a: Whimsicott
|-supereffective|p1a: Whimsicott
|-damage|p1a: Whimsicott|209\/324
|
|-weather|RainDance|[upkeep]
|turn|3
|
|move|p1a: Whimsicott|Tailwind|p1a: Whimsicott
|-sidestart|p1: LT7Y LoomMyHomie|move: Tailwind
|move|p2a: Politoed|Ice Beam|p1a: Whimsicott
|-supereffective|p1a: Whimsicott
|-damage|p1a: Whimsicott|92\/324
|
|-weather|RainDance|[upkeep]
|-end|p2a: Politoed|move: Taunt
|turn|4
|
|switch|p2a: Ferrothorn|Ferrothorn, M|352\/352
|move|p1a: Whimsicott|Taunt|p2a: Ferrothorn
|-start|p2a: Ferrothorn|move: Taunt
|
|-weather|RainDance|[upkeep]
|turn|5
|
|move|p1a: Whimsicott|Memento|p2a: Ferrothorn
|-unboost|p2a: Ferrothorn|atk|2
|-unboost|p2a: Ferrothorn|spa|2
|faint|p1a: Whimsicott
|move|p2a: Ferrothorn|Power Whip|p1: Whimsicott|[notarget]
|-notarget
|
|-weather|RainDance|[upkeep]
|
|switch|p1a: Smeargle|Smeargle, F|278\/278
|turn|6
|
|switch|p2a: Kabutops|Kabutops, M|268\/268
|move|p1a: Smeargle|Geomancy|p1a: Smeargle|[still]
|-prepare|p1a: Smeargle|Geomancy|p1a: Smeargle
|-enditem|p1a: Smeargle|Power Herb
|-anim|p1a: Smeargle|Geomancy|p1a: Smeargle
|-boost|p1a: Smeargle|spa|2
|-boost|p1a: Smeargle|spd|2
|-boost|p1a: Smeargle|spe|2
|
|-weather|RainDance|[upkeep]
|-sideend|p1: LT7Y LoomMyHomie|move: Light Screen
|-sideend|p1: LT7Y LoomMyHomie|move: Tailwind
|turn|7
|
|move|p1a: Smeargle|Spore|p2a: Kabutops
|-status|p2a: Kabutops|slp
|-enditem|p2a: Kabutops|Lum Berry|[eat]
|-curestatus|p2a: Kabutops|slp
|move|p2a: Kabutops|Swords Dance|p2a: Kabutops
|-boost|p2a: Kabutops|atk|2
|
|-weather|RainDance|[upkeep]
|turn|8
|
|move|p2a: Kabutops|Aqua Jet|p1a: Smeargle
|-damage|p1a: Smeargle|0 fnt
|faint|p1a: Smeargle
|
|-weather|none
|-message|LT7Y LoomMyHomie forfeited.
|
|win|gamergal
|raw|Ladder updating...
|leave|LT7Y LoomMyHomie
|player|p1
|raw|LT7Y LoomMyHomie's rating: 1590 &rarr; <strong>1573<\/strong><br \/>(-17 for losing)
|raw|gamergal's rating: 1623 &rarr; <strong>1641<\/strong><br \/>(+18 for winning)