|join|GamerGal
|join|n1gger
|player|p1|GamerGal|115
|player|p2|n1gger|76
|gametype|singles
|gen|6
|tier|OU
|rated
|clearpoke
|poke|p1|Thundurus-Therian, M
|poke|p1|Scizor, F
|poke|p1|Azumarill, F, shiny
|poke|p1|Kyurem-Black
|poke|p1|Infernape, F
|poke|p1|Gardevoir, M, shiny
|poke|p2|Mew, shiny
|poke|p2|Charizard, F, shiny
|poke|p2|Rhyperior, M, shiny
|poke|p2|Thundurus, M, shiny
|poke|p2|Chansey, F
|poke|p2|Landorus-Therian, M
|rule|Sleep Clause Mod: Limit one foe put to sleep
|rule|Species Clause: Limit one of each Pokemon
|rule|OHKO Clause: OHKO moves are banned
|rule|Moody Clause: Moody is banned
|rule|Evasion Moves Clause: Evasion moves are banned
|rule|Endless Battle Clause: Forcing endless battles is banned.
|rule|HP Percentage Mod: HP is reported as percentages
|teampreview
|
|start
|switch|p1a: Infernape|Infernape, F|293\/293
|switch|p2a: Thundurus|Thundurus, M, shiny|300\/300
|turn|1
|
|switch|p2a: jew|Mew, shiny|404\/404
|move|p1a: Infernape|Flare Blitz|p2a: jew
|-damage|p2a: jew|262\/404
|-damage|p1a: Infernape|246\/293|[from] recoil|[of] p2a: jew
|
|-heal|p2a: jew|287\/404|[from] item: Leftovers
|turn|2
|
|move|p1a: Infernape|Stealth Rock|p2a: jew
|-sidestart|p2: n1gger|move: Stealth Rock
|move|p2a: jew|Psychic|p1a: Infernape
|-supereffective|p1a: Infernape
|-damage|p1a: Infernape|0 fnt
|faint|p1a: Infernape
|
|-heal|p2a: jew|312\/404|[from] item: Leftovers
|
|switch|p1a: Scizor|Scizor, F|344\/344
|turn|3
|chat|n1gger|tell that bitch hop out
|
|move|p2a: jew|Will-O-Wisp|p1a: Scizor|[miss]
|-miss|p2a: jew|p1a: Scizor
|move|p1a: Scizor|U-turn|p2a: jew
|-supereffective|p2a: jew
|-damage|p2a: jew|62\/404
|-damage|p1a: Scizor|310\/344|[from] item: Life Orb
|chat|n1gger|so fucking lucky
|
|switch|p1a: Thundurus-Therian|Thundurus-Therian, M|300\/300
|
|-heal|p2a: jew|87\/404|[from] item: Leftovers
|turn|4
|
|switch|p2a: Chansey|Chansey, F|704\/704
|-damage|p2a: Chansey|616\/704|[from] Stealth Rock
|move|p1a: Thundurus-Therian|Volt Switch|p2a: Chansey
|-damage|p2a: Chansey|519\/704
|
|switch|p1a: Scizor|Scizor, F|310\/344
|
|turn|5
|
|move|p1a: Scizor|Knock Off|p2a: Chansey
|-damage|p2a: Chansey|316\/704
|-enditem|p2a: Chansey|Eviolite|[from] move: Knock Off|[of] p1a: Scizor
|-damage|p1a: Scizor|276\/344|[from] item: Life Orb
|move|p2a: Chansey|Soft-Boiled|p2a: Chansey
|-heal|p2a: Chansey|668\/704
|
|turn|6
|
|move|p1a: Scizor|Bullet Punch|p2a: Chansey
|-damage|p2a: Chansey|359\/704
|-damage|p1a: Scizor|242\/344|[from] item: Life Orb
|move|p2a: Chansey|Stealth Rock|p1a: Scizor
|-sidestart|p1: GamerGal|move: Stealth Rock
|
|turn|7
|
|move|p1a: Scizor|Bullet Punch|p2a: Chansey
|-damage|p2a: Chansey|39\/704
|-damage|p1a: Scizor|208\/344|[from] item: Life Orb
|move|p2a: Chansey|Soft-Boiled|p2a: Chansey
|-heal|p2a: Chansey|391\/704
|
|turn|8
|
|move|p1a: Scizor|Bullet Punch|p2a: Chansey
|-crit|p2a: Chansey
|-damage|p2a: Chansey|0 fnt
|-damage|p1a: Scizor|174\/344|[from] item: Life Orb
|faint|p2a: Chansey
|
|chat|n1gger|sack more faggot
|
|switch|p2a: Â´ââââ|Charizard, F, shiny|297\/297
|-damage|p2a: Â´ââââ|149\/297|[from] Stealth Rock
|turn|9
|
|-formechange|p2a: Â´ââââ|Charizard-Mega-Y
|message|Charizard has Mega Evolved into Mega Charizard!
|-weather|SunnyDay
|move|p1a: Scizor|Bullet Punch|p2a: Â´ââââ
|-resisted|p2a: Â´ââââ
|-damage|p2a: Â´ââââ|40\/297
|-damage|p1a: Scizor|140\/344|[from] item: Life Orb
|move|p2a: Â´ââââ|Roost|p2a: Â´ââââ
|-heal|p2a: Â´ââââ|189\/297
|
|-weather|SunnyDay|[upkeep]
|turn|10
|
|switch|p1a: Azumarill|Azumarill, F, shiny|404\/404
|-damage|p1a: Azumarill|354\/404|[from] Stealth Rock
|move|p2a: Â´ââââ|Fire Blast|p1a: Azumarill
|-resisted|p1a: Azumarill
|-damage|p1a: Azumarill|220\/404
|
|-weather|SunnyDay|[upkeep]
|turn|11
|
|switch|p1a: Thundurus-Therian|Thundurus-Therian, M|300\/300
|-damage|p1a: Thundurus-Therian|225\/300|[from] Stealth Rock
|move|p2a: Â´ââââ|Solar Beam|p1a: Thundurus-Therian|[still]
|-prepare|p2a: Â´ââââ|Solar Beam|p1a: Thundurus-Therian
|-anim|p2a: Â´ââââ|Solar Beam|p1a: Thundurus-Therian
|-resisted|p1a: Thundurus-Therian
|-damage|p1a: Thundurus-Therian|123\/300
|
|-weather|SunnyDay|[upkeep]
|turn|12
|
|switch|p2a: Landorus-Therian|Landorus-Therian, M|382\/382
|-damage|p2a: Landorus-Therian|335\/382|[from] Stealth Rock
|-ability|p2a: Landorus-Therian|Intimidate|[of] p1a: Thundurus-Therian
|-unboost|p1a: Thundurus-Therian|atk|1
|move|p1a: Thundurus-Therian|Hidden Power|p2a: Landorus-Therian
|-supereffective|p2a: Landorus-Therian
|-damage|p2a: Landorus-Therian|0 fnt
|faint|p2a: Landorus-Therian
|
|-weather|SunnyDay|[upkeep]
|
|switch|p2a: Thundurus|Thundurus, M, shiny|300\/300
|-damage|p2a: Thundurus|225\/300|[from] Stealth Rock
|turn|13
|
|move|p1a: Thundurus-Therian|Hidden Power|p2a: Thundurus
|-supereffective|p2a: Thundurus
|-damage|p2a: Thundurus|31\/300
|move|p2a: Thundurus|Hidden Power|p1a: Thundurus-Therian
|-supereffective|p1a: Thundurus-Therian
|-damage|p1a: Thundurus-Therian|0 fnt
|faint|p1a: Thundurus-Therian
|
|-weather|none
|
|switch|p1a: Scizor|Scizor, F|140\/344
|-damage|p1a: Scizor|97\/344|[from] Stealth Rock
|turn|14
|
|move|p2a: Thundurus|Thunder Wave|p1a: Scizor
|-status|p1a: Scizor|par
|move|p1a: Scizor|Bullet Punch|p2a: Thundurus
|-resisted|p2a: Thundurus
|-damage|p2a: Thundurus|0 fnt
|-damage|p1a: Scizor|63\/344 par|[from] item: Life Orb
|faint|p2a: Thundurus
|
|
|switch|p2a: jew|Mew, shiny|87\/404
|-damage|p2a: jew|37\/404|[from] Stealth Rock
|turn|15
|
|move|p1a: Scizor|Bullet Punch|p2a: jew
|-damage|p2a: jew|0 fnt
|-damage|p1a: Scizor|29\/344 par|[from] item: Life Orb
|faint|p2a: jew
|
|
|switch|p2a: Â´ââââ|Rhyperior, M, shiny|434\/434
|-damage|p2a: Â´ââââ|407\/434|[from] Stealth Rock
|turn|16
|
|move|p1a: Scizor|Bullet Punch|p2a: Â´ââââ
|-supereffective|p2a: Â´ââââ
|-damage|p2a: Â´ââââ|278\/434
|-damage|p1a: Scizor|0 fnt|[from] item: Life Orb
|faint|p1a: Scizor
|move|p2a: Â´ââââ|Earthquake|p1: Scizor|[notarget]
|-notarget
|
|-heal|p2a: Â´ââââ|305\/434|[from] item: Leftovers
|
|switch|p1a: Kyurem-Black|Kyurem-Black|404\/404
|-damage|p1a: Kyurem-Black|303\/404|[from] Stealth Rock
|-ability|p1a: Kyurem-Black|Teravolt
|turn|17
|
|move|p1a: Kyurem-Black|Ice Beam|p2a: Â´ââââ
|-supereffective|p2a: Â´ââââ
|-damage|p2a: Â´ââââ|0 fnt
|faint|p2a: Â´ââââ
|
|-heal|p1a: Kyurem-Black|328\/404|[from] item: Leftovers
|
|switch|p2a: Â´ââââ|Charizard, F, shiny|189\/297
|-formechange|p2a: Â´ââââ|Charizard-Mega-Y
|-damage|p2a: Â´ââââ|41\/297|[from] Stealth Rock
|-weather|SunnyDay
|turn|18
|chat|GamerGal|i love beating the fags that talk trash, lol nice try kiddo
|
|move|p2a: Â´ââââ|Fire Blast|p1a: Kyurem-Black
|-damage|p1a: Kyurem-Black|0 fnt
|faint|p1a: Kyurem-Black
|
|-weather|SunnyDay|[upkeep]
|
|switch|p1a: Azumarill|Azumarill, F, shiny|220\/404
|-damage|p1a: Azumarill|170\/404|[from] Stealth Rock
|turn|19
|
|move|p1a: Azumarill|Aqua Jet|p2a: Â´ââââ
|-supereffective|p2a: Â´ââââ
|-damage|p2a: Â´ââââ|0 fnt
|faint|p2a: Â´ââââ
|
|win|GamerGal
|raw|Ladder updating...
|raw|GamerGal's rating: 1532 &rarr; <strong>1549<\/strong><br \/>(+17 for winning)
|raw|n1gger's rating: 1476 &rarr; <strong>1459<\/strong><br \/>(-17 for losing)
|chat|n1gger|ur fucking horrible