|join|GamerGal
|join|Ben Ohver
|player|p1|GamerGal|4
|player|p2|Ben Ohver|214
|gametype|singles
|gen|6
|tier|OU
|rated
|clearpoke
|poke|p1|Breloom, M
|poke|p1|Weavile, F
|poke|p1|Latias, F
|poke|p1|Gyarados, M
|poke|p1|Thundurus, M
|poke|p1|Landorus, M
|poke|p2|Hawlucha, F
|poke|p2|Scizor, M
|poke|p2|Heatran, F
|poke|p2|Rotom-Wash
|poke|p2|Kyurem-Black, shiny
|poke|p2|Greninja, M
|rule|Swagger Clause: Swagger is banned
|rule|Baton Pass Clause: Limit one PokÃ©mon knowing Baton Pass
|rule|Sleep Clause Mod: Limit one foe put to sleep
|rule|Species Clause: Limit one of each PokÃ©mon
|rule|OHKO Clause: OHKO moves are banned
|rule|Moody Clause: Moody is banned
|rule|Evasion Moves Clause: Evasion moves are banned
|rule|Endless Battle Clause: Forcing endless battles is banned
|rule|HP Percentage Mod: HP is shown in percentages
|teampreview
|c|âBen Ohver|gl hf
|c|âGamerGal|u2
|
|start
|switch|p1a: Breloom|Breloom, M|262\/262
|switch|p2a: Ol' Reliable|Heatran, F|323\/323
|turn|1
|
|move|p2a: Ol' Reliable|Flamethrower|p1a: Breloom
|-supereffective|p1a: Breloom
|-enditem|p1a: Breloom|Focus Sash
|-damage|p1a: Breloom|1\/262
|move|p1a: Breloom|Spore|p2a: Ol' Reliable
|-status|p2a: Ol' Reliable|slp
|
|turn|2
|
|switch|p2a: Nope|Scizor, M|343\/343
|move|p1a: Breloom|Force Palm|p2a: Nope
|-damage|p2a: Nope|226\/343
|-status|p2a: Nope|par
|
|turn|3
|c|âBen Ohver|not having any of that
|
|switch|p1a: Gyarados|Gyarados, M|331\/331
|-ability|p1a: Gyarados|Intimidate|[of] p2a: Nope
|-unboost|p2a: Nope|atk|1
|detailschange|p2a: Nope|Scizor-Mega, M
|message|Scizor has Mega Evolved into Mega Scizor!
|move|p2a: Nope|Bullet Punch|p1a: Gyarados
|-resisted|p1a: Gyarados
|-damage|p1a: Gyarados|289\/331
|
|turn|4
|
|switch|p2a: Kyurem-Black|Kyurem-Black, shiny|391\/391
|-ability|p2a: Kyurem-Black|Teravolt
|move|p1a: Gyarados|Dragon Dance|p1a: Gyarados
|-boost|p1a: Gyarados|atk|1
|-boost|p1a: Gyarados|spe|1
|
|turn|5
|
|switch|p1a: Landorus|Landorus, M|319\/319
|move|p2a: Kyurem-Black|Fusion Bolt|p1a: Landorus
|-immune|p1a: Landorus|[msg]
|
|turn|6
|
|switch|p2a: splash.|Rotom-Wash|303\/303
|move|p1a: Landorus|Stealth Rock|p2a: splash.
|-sidestart|p2: Ben Ohver|move: Stealth Rock
|
|turn|7
|
|switch|p1a: Latias|Latias, F|319\/319
|move|p2a: splash.|Will-O-Wisp|p1a: Latias
|-status|p1a: Latias|brn
|
|-damage|p1a: Latias|280\/319 brn|[from] brn
|turn|8
|
|switch|p1a: Gyarados|Gyarados, M|289\/331
|-ability|p1a: Gyarados|Intimidate|[of] p2a: splash.
|-unboost|p2a: splash.|atk|1
|move|p2a: splash.|Volt Switch|p1a: Gyarados
|-supereffective|p1a: Gyarados
|-damage|p1a: Gyarados|0 fnt
|faint|p1a: Gyarados
|c|âBen Ohver|lol
|
|switch|p2a: Nope|Scizor-Mega, M|226\/343 par
|-damage|p2a: Nope|184\/343 par|[from] Stealth Rock
|
|
|switch|p1a: Latias|Latias, F|280\/319 brn
|turn|9
|
|move|p1a: Latias|Hidden Power|p2a: Nope
|-supereffective|p2a: Nope
|-damage|p2a: Nope|0 fnt
|-damage|p1a: Latias|249\/319 brn|[from] item: Life Orb
|faint|p2a: Nope
|
|-damage|p1a: Latias|210\/319 brn|[from] brn
|
|switch|p2a: Greninja|Greninja, M|285\/285
|-damage|p2a: Greninja|250\/285|[from] Stealth Rock
|turn|10
|c|âBen Ohver|you may have a little ice weakness
|
|switch|p1a: Breloom|Breloom, M|1\/262
|move|p2a: Greninja|Ice Beam|p1a: Breloom
|-start|p2a: Greninja|typechange|Ice|[from] Protean
|-supereffective|p1a: Breloom
|-damage|p1a: Breloom|0 fnt
|faint|p1a: Breloom
|
|
|switch|p1a: Weavile|Weavile, F|281\/281
|-ability|p1a: Weavile|Pressure
|turn|11
|
|switch|p2a: Ol' Reliable|Heatran, F|323\/323 slp
|-damage|p2a: Ol' Reliable|283\/323 slp|[from] Stealth Rock
|move|p1a: Weavile|Knock Off|p2a: Ol' Reliable
|-damage|p2a: Ol' Reliable|63\/323 slp
|-enditem|p2a: Ol' Reliable|Choice Scarf|[from] move: Knock Off|[of] p1a: Weavile
|-damage|p1a: Weavile|253\/281|[from] item: Life Orb
|
|turn|12
|
|move|p1a: Weavile|Knock Off|p2a: Ol' Reliable
|-damage|p2a: Ol' Reliable|0 fnt
|-damage|p1a: Weavile|225\/281|[from] item: Life Orb
|faint|p2a: Ol' Reliable
|
|
|switch|p2a: Taco Tuesday|Hawlucha, F|297\/297
|-damage|p2a: Taco Tuesday|260\/297|[from] Stealth Rock
|turn|13
|
|switch|p1a: Latias|Latias, F|210\/319 brn
|move|p2a: Taco Tuesday|Sky Attack|p1a: Latias|[still]
|-prepare|p2a: Taco Tuesday|Sky Attack|p1a: Latias
|-enditem|p2a: Taco Tuesday|Power Herb
|-anim|p2a: Taco Tuesday|Sky Attack|p1a: Latias
|-damage|p1a: Latias|0 fnt
|faint|p1a: Latias
|
|
|switch|p1a: Thundurus|Thundurus, M|299\/299
|turn|14
|
|switch|p2a: splash.|Rotom-Wash|303\/303
|-damage|p2a: splash.|266\/303|[from] Stealth Rock
|move|p1a: Thundurus|Thunder Wave|p2a: splash.
|-fail|p2a: splash.
|
|-heal|p2a: splash.|284\/303|[from] item: Leftovers
|turn|15
|
|move|p1a: Thundurus|Thunderbolt|p2a: splash.
|-damage|p2a: splash.|146\/303
|-damage|p1a: Thundurus|270\/299|[from] item: Life Orb
|move|p2a: splash.|Hydro Pump|p1a: Thundurus
|-damage|p1a: Thundurus|93\/299
|
|-heal|p2a: splash.|164\/303|[from] item: Leftovers
|turn|16
|
|move|p1a: Thundurus|Thunderbolt|p2a: splash.
|-damage|p2a: splash.|28\/303
|-damage|p1a: Thundurus|64\/299|[from] item: Life Orb
|move|p2a: splash.|Volt Switch|p1a: Thundurus
|-damage|p1a: Thundurus|0 fnt
|faint|p1a: Thundurus
|
|switch|p2a: Kyurem-Black|Kyurem-Black, shiny|391\/391
|-damage|p2a: Kyurem-Black|294\/391|[from] Stealth Rock
|-ability|p2a: Kyurem-Black|Teravolt
|
|
|switch|p1a: Landorus|Landorus, M|319\/319
|turn|17
|
|move|p1a: Landorus|Focus Blast|p2a: Kyurem-Black
|-supereffective|p2a: Kyurem-Black
|-damage|p2a: Kyurem-Black|0 fnt
|faint|p2a: Kyurem-Black
|
|
|switch|p2a: Taco Tuesday|Hawlucha, F|260\/297
|-damage|p2a: Taco Tuesday|223\/297|[from] Stealth Rock
|turn|18
|
|move|p2a: Taco Tuesday|Acrobatics|p1a: Landorus
|-damage|p1a: Landorus|138\/319
|move|p1a: Landorus|Psychic|p2a: Taco Tuesday
|-supereffective|p2a: Taco Tuesday
|-damage|p2a: Taco Tuesday|0 fnt
|faint|p2a: Taco Tuesday
|
|
|switch|p2a: Greninja|Greninja, M|250\/285
|-damage|p2a: Greninja|215\/285|[from] Stealth Rock
|turn|19
|
|move|p2a: Greninja|Ice Beam|p1a: Landorus
|-start|p2a: Greninja|typechange|Ice|[from] Protean
|-supereffective|p1a: Landorus
|-damage|p1a: Landorus|0 fnt
|faint|p1a: Landorus
|
|
|switch|p1a: Weavile|Weavile, F|225\/281
|-ability|p1a: Weavile|Pressure
|turn|20
|
|switch|p2a: splash.|Rotom-Wash|28\/303
|-damage|p2a: splash.|0 fnt|[from] Stealth Rock
|faint|p2a: splash.
|move|p1a: Weavile|Knock Off|p2: splash.|[notarget]
|-notarget
|
|
|switch|p2a: Greninja|Greninja, M|215\/285
|-damage|p2a: Greninja|180\/285|[from] Stealth Rock
|turn|21
|
|move|p1a: Weavile|Knock Off|p2a: Greninja
|-resisted|p2a: Greninja
|-damage|p2a: Greninja|32\/285
|-enditem|p2a: Greninja|Choice Specs|[from] move: Knock Off|[of] p1a: Weavile
|-damage|p1a: Weavile|197\/281|[from] item: Life Orb
|move|p2a: Greninja|Surf|p1a: Weavile
|-start|p2a: Greninja|typechange|Water|[from] Protean
|-damage|p1a: Weavile|53\/281
|
|turn|22
|c|âBen Ohver|fuck
|c|âBen Ohver|gg
|c|âGamerGal|gg
|
|move|p1a: Weavile|Poison Jab|p2a: Greninja
|-damage|p2a: Greninja|0 fnt
|-damage|p1a: Weavile|25\/281|[from] item: Life Orb
|faint|p2a: Greninja
|
|win|GamerGal
|raw|Ladder updating...
|raw|GamerGal's rating: 1554 &rarr; <strong>1573<\/strong><br \/>(+19 for winning)
|raw|Ben Ohver's rating: 1537 &rarr; <strong>1518<\/strong><br \/>(-19 for losing)
|c|âGamerGal|gg
|leave|Ben Ohver
|player|p2