|join|GamerGal
|join|Lord Migz
|player|p1|GamerGal|37
|player|p2|Lord Migz|290
|gametype|singles
|gen|6
|tier|OU
|rated
|clearpoke
|poke|p1|Heatran, F
|poke|p1|Rotom-Wash
|poke|p1|Amoonguss, M
|poke|p1|Latias, F
|poke|p1|Lopunny, M
|poke|p1|Diggersby, M
|poke|p2|Landorus-Therian, M
|poke|p2|Thundurus, M
|poke|p2|Breloom, F
|poke|p2|Latios, M
|poke|p2|Keldeo
|poke|p2|Metagross
|rule|Swagger Clause: Swagger is banned
|rule|Baton Pass Clause: Limit one PokÃ©mon knowing Baton Pass
|rule|Sleep Clause Mod: Limit one foe put to sleep
|rule|Species Clause: Limit one of each PokÃ©mon
|rule|OHKO Clause: OHKO moves are banned
|rule|Moody Clause: Moody is banned
|rule|Evasion Moves Clause: Evasion moves are banned
|rule|Endless Battle Clause: Forcing endless battles is banned
|rule|HP Percentage Mod: HP is shown in percentages
|teampreview
|
|start
|switch|p1a: Amoonguss|Amoonguss, M|432\/432
|switch|p2a: Breloom|Breloom, F|261\/261
|turn|1
|
|switch|p2a: Metagross|Metagross|301\/301
|move|p1a: Amoonguss|Spore|p2a: Metagross
|-status|p2a: Metagross|slp
|
|turn|2
|
|switch|p1a: Heatran|Heatran, F|386\/386
|detailschange|p2a: Metagross|Metagross-Mega
|message|Metagross has Mega Evolved into Mega Metagross!
|cant|p2a: Metagross|slp
|
|turn|3
|
|switch|p2a: Keldeo|Keldeo|323\/323
|move|p1a: Heatran|Toxic|p2a: Keldeo
|-status|p2a: Keldeo|tox
|
|-damage|p2a: Keldeo|303\/323 tox|[from] psn
|turn|4
|
|move|p2a: Keldeo|Calm Mind|p2a: Keldeo
|-boost|p2a: Keldeo|spa|1
|-boost|p2a: Keldeo|spd|1
|move|p1a: Heatran|Taunt|p2a: Keldeo
|-start|p2a: Keldeo|move: Taunt
|
|-heal|p2a: Keldeo|323\/323 tox|[from] item: Leftovers
|-damage|p2a: Keldeo|283\/323 tox|[from] psn
|turn|5
|
|switch|p1a: Latias|Latias, F|320\/320
|move|p2a: Keldeo|Scald|p1a: Latias
|-crit|p1a: Latias
|-resisted|p1a: Latias
|-damage|p1a: Latias|187\/320
|
|-heal|p2a: Keldeo|303\/323 tox|[from] item: Leftovers
|-damage|p2a: Keldeo|243\/323 tox|[from] psn
|turn|6
|
|switch|p2a: Metagross|Metagross-Mega|301\/301 slp
|move|p1a: Latias|Recover|p1a: Latias
|-heal|p1a: Latias|320\/320
|
|turn|7
|
|switch|p1a: Heatran|Heatran, F|386\/386
|-curestatus|p2a: Metagross|slp
|move|p2a: Metagross|Ice Punch|p1a: Heatran
|-resisted|p1a: Heatran
|-damage|p1a: Heatran|355\/386
|
|-heal|p1a: Heatran|379\/386|[from] item: Leftovers
|turn|8
|
|move|p2a: Metagross|Hammer Arm|p1a: Heatran
|-supereffective|p1a: Heatran
|-damage|p1a: Heatran|33\/386
|-unboost|p2a: Metagross|spe|1
|move|p1a: Heatran|Stealth Rock|p2a: Metagross
|-sidestart|p2: Lord Migz|move: Stealth Rock
|
|-heal|p1a: Heatran|57\/386|[from] item: Leftovers
|turn|9
|c|âGamerGal|lol ctc sux
|
|move|p2a: Metagross|Pursuit|p1a: Heatran
|-damage|p1a: Heatran|0 fnt
|faint|p1a: Heatran
|
|c|âLord Migz|lol
|
|switch|p1a: Diggersby|Diggersby, M|311\/311
|turn|10
|
|switch|p2a: Landorus-Therian|Landorus-Therian, M|365\/365
|-damage|p2a: Landorus-Therian|320\/365|[from] Stealth Rock
|-ability|p2a: Landorus-Therian|Intimidate|[of] p1a: Diggersby
|-unboost|p1a: Diggersby|atk|1
|move|p1a: Diggersby|Earthquake|p2a: Landorus-Therian
|-immune|p2a: Landorus-Therian|[msg]
|
|-heal|p2a: Landorus-Therian|342\/365|[from] item: Leftovers
|turn|11
|
|move|p1a: Diggersby|Swords Dance|p1a: Diggersby
|-boost|p1a: Diggersby|atk|2
|move|p2a: Landorus-Therian|U-turn|p1a: Diggersby
|-damage|p1a: Diggersby|219\/311
|
|switch|p2a: Metagross|Metagross-Mega|301\/301
|-damage|p2a: Metagross|283\/301|[from] Stealth Rock
|
|turn|12
|
|switch|p1a: Rotom-Wash|Rotom-Wash|304\/304
|move|p2a: Metagross|Ice Punch|p1a: Rotom-Wash
|-resisted|p1a: Rotom-Wash
|-damage|p1a: Rotom-Wash|260\/304
|
|-heal|p1a: Rotom-Wash|279\/304|[from] item: Leftovers
|turn|13
|
|switch|p2a: Keldeo|Keldeo|243\/323 tox
|-damage|p2a: Keldeo|223\/323 tox|[from] Stealth Rock
|move|p1a: Rotom-Wash|Volt Switch|p2a: Keldeo
|-supereffective|p2a: Keldeo
|-damage|p2a: Keldeo|47\/323 tox
|
|switch|p1a: Diggersby|Diggersby, M|219\/311
|
|-heal|p2a: Keldeo|67\/323 tox|[from] item: Leftovers
|-damage|p2a: Keldeo|47\/323 tox|[from] psn
|turn|14
|
|move|p1a: Diggersby|Quick Attack|p2a: Keldeo
|-damage|p2a: Keldeo|0 fnt
|-damage|p1a: Diggersby|188\/311|[from] item: Life Orb
|faint|p2a: Keldeo
|
|
|switch|p2a: Metagross|Metagross-Mega|283\/301
|-damage|p2a: Metagross|265\/301|[from] Stealth Rock
|turn|15
|
|switch|p1a: Rotom-Wash|Rotom-Wash|279\/304
|move|p2a: Metagross|Zen Headbutt|p1a: Rotom-Wash|[miss]
|-miss|p2a: Metagross|p1a: Rotom-Wash
|
|-heal|p1a: Rotom-Wash|298\/304|[from] item: Leftovers
|turn|16
|
|switch|p2a: Latios|Latios, M|301\/301
|-damage|p2a: Latios|264\/301|[from] Stealth Rock
|move|p1a: Rotom-Wash|Will-O-Wisp|p2a: Latios
|-status|p2a: Latios|brn
|
|-heal|p1a: Rotom-Wash|304\/304|[from] item: Leftovers
|-damage|p2a: Latios|227\/301 brn|[from] brn
|turn|17
|
|move|p2a: Latios|Defog|p1a: Rotom-Wash
|-unboost|p1a: Rotom-Wash|evasion|1
|-sideend|p2: Lord Migz|Stealth Rock|[from] move: Defog|[of] p2a: Latios
|move|p1a: Rotom-Wash|Volt Switch|p2a: Latios
|-resisted|p2a: Latios
|-damage|p2a: Latios|188\/301 brn
|
|switch|p1a: Lopunny|Lopunny, M|271\/271
|
|-damage|p2a: Latios|151\/301 brn|[from] brn
|turn|18
|
|switch|p2a: Metagross|Metagross-Mega|265\/301
|detailschange|p1a: Lopunny|Lopunny-Mega, M
|message|Lopunny has Mega Evolved into Mega Lopunny!
|move|p1a: Lopunny|Fake Out|p2a: Metagross
|-resisted|p2a: Metagross
|-damage|p2a: Metagross|238\/301
|
|turn|19
|
|switch|p1a: Rotom-Wash|Rotom-Wash|304\/304
|move|p2a: Metagross|Zen Headbutt|p1a: Rotom-Wash
|-damage|p1a: Rotom-Wash|148\/304
|
|-heal|p1a: Rotom-Wash|167\/304|[from] item: Leftovers
|turn|20
|
|move|p2a: Metagross|Zen Headbutt|p1a: Rotom-Wash
|-damage|p1a: Rotom-Wash|28\/304
|move|p1a: Rotom-Wash|Volt Switch|p2a: Metagross
|-damage|p2a: Metagross|162\/301
|
|switch|p1a: Lopunny|Lopunny-Mega, M|271\/271
|
|turn|21
|
|switch|p1a: Latias|Latias, F|320\/320
|switch|p2a: Breloom|Breloom, F|261\/261
|
|turn|22
|
|switch|p2a: Metagross|Metagross-Mega|162\/301
|move|p1a: Latias|Psyshock|p2a: Metagross
|-resisted|p2a: Metagross
|-damage|p2a: Metagross|135\/301
|-damage|p1a: Latias|288\/320|[from] item: Life Orb
|
|turn|23
|
|move|p1a: Latias|Draco Meteor|p2a: Metagross
|-resisted|p2a: Metagross
|-damage|p2a: Metagross|15\/301
|-unboost|p1a: Latias|spa|2
|-damage|p1a: Latias|256\/320|[from] item: Life Orb
|move|p2a: Metagross|Ice Punch|p1a: Latias
|-supereffective|p1a: Latias
|-damage|p1a: Latias|0 fnt
|faint|p1a: Latias
|
|
|switch|p1a: Lopunny|Lopunny-Mega, M|271\/271
|turn|24
|
|switch|p2a: Latios|Latios, M|151\/301 brn
|move|p1a: Lopunny|Power-Up Punch|p2a: Latios
|-resisted|p2a: Latios
|-damage|p2a: Latios|109\/301 brn
|-boost|p1a: Lopunny|atk|1
|
|-damage|p2a: Latios|72\/301 brn|[from] brn
|turn|25
|
|move|p1a: Lopunny|Frustration|p2a: Latios
|-damage|p2a: Latios|0 fnt
|faint|p2a: Latios
|
|
|switch|p2a: Thundurus|Thundurus, M|299\/299
|turn|26
|
|switch|p1a: Rotom-Wash|Rotom-Wash|28\/304
|move|p2a: Thundurus|Thunder Wave|p1a: Rotom-Wash
|-fail|p1a: Rotom-Wash
|
|-heal|p1a: Rotom-Wash|47\/304|[from] item: Leftovers
|turn|27
|
|move|p2a: Thundurus|Nasty Plot|p2a: Thundurus
|-boost|p2a: Thundurus|spa|2
|move|p1a: Rotom-Wash|Volt Switch|p2a: Thundurus
|-damage|p2a: Thundurus|191\/299
|
|switch|p1a: Lopunny|Lopunny-Mega, M|271\/271
|
|-heal|p2a: Thundurus|209\/299|[from] item: Leftovers
|turn|28
|
|move|p1a: Lopunny|Fake Out|p2a: Thundurus
|-damage|p2a: Thundurus|110\/299
|cant|p2a: Thundurus|flinch
|
|-heal|p2a: Thundurus|128\/299|[from] item: Leftovers
|turn|29
|
|switch|p1a: Diggersby|Diggersby, M|188\/311
|move|p2a: Thundurus|Thunder Wave|p1a: Diggersby
|-immune|p1a: Diggersby|[msg]
|
|-heal|p2a: Thundurus|146\/299|[from] item: Leftovers
|turn|30
|
|switch|p2a: Landorus-Therian|Landorus-Therian, M|342\/365
|-ability|p2a: Landorus-Therian|Intimidate|[of] p1a: Diggersby
|-unboost|p1a: Diggersby|atk|1
|move|p1a: Diggersby|Quick Attack|p2a: Landorus-Therian
|-crit|p2a: Landorus-Therian
|-damage|p2a: Landorus-Therian|194\/365
|-damage|p1a: Diggersby|157\/311|[from] item: Life Orb
|
|-heal|p2a: Landorus-Therian|216\/365|[from] item: Leftovers
|turn|31
|
|switch|p1a: Rotom-Wash|Rotom-Wash|47\/304
|move|p2a: Landorus-Therian|Stealth Rock|p1a: Rotom-Wash
|-sidestart|p1: GamerGal|move: Stealth Rock
|
|-heal|p2a: Landorus-Therian|238\/365|[from] item: Leftovers
|-heal|p1a: Rotom-Wash|66\/304|[from] item: Leftovers
|turn|32
|
|move|p2a: Landorus-Therian|Stone Edge|p1a: Rotom-Wash
|-crit|p1a: Rotom-Wash
|-damage|p1a: Rotom-Wash|0 fnt
|faint|p1a: Rotom-Wash
|
|-heal|p2a: Landorus-Therian|260\/365|[from] item: Leftovers
|
|switch|p1a: Diggersby|Diggersby, M|157\/311
|-damage|p1a: Diggersby|138\/311|[from] Stealth Rock
|turn|33
|
|move|p1a: Diggersby|Frustration|p2a: Landorus-Therian
|-damage|p2a: Landorus-Therian|38\/365
|-damage|p1a: Diggersby|107\/311|[from] item: Life Orb
|move|p2a: Landorus-Therian|Earthquake|p1a: Diggersby
|-damage|p1a: Diggersby|0 fnt
|faint|p1a: Diggersby
|
|-heal|p2a: Landorus-Therian|60\/365|[from] item: Leftovers
|
|switch|p1a: Amoonguss|Amoonguss, M|432\/432
|-damage|p1a: Amoonguss|378\/432|[from] Stealth Rock
|turn|34
|
|move|p2a: Landorus-Therian|Earthquake|p1a: Amoonguss
|-damage|p1a: Amoonguss|236\/432
|move|p1a: Amoonguss|Giga Drain|p2a: Landorus-Therian
|-damage|p2a: Landorus-Therian|0 fnt
|-heal|p1a: Amoonguss|266\/432|[from] drain|[of] p2a: Landorus-Therian
|faint|p2a: Landorus-Therian
|
|-heal|p1a: Amoonguss|293\/432|[from] item: Black Sludge
|
|switch|p2a: Metagross|Metagross-Mega|15\/301
|turn|35
|
|move|p2a: Metagross|Zen Headbutt|p1a: Amoonguss
|-supereffective|p1a: Amoonguss
|-damage|p1a: Amoonguss|0 fnt
|faint|p1a: Amoonguss
|
|
|switch|p1a: Lopunny|Lopunny-Mega, M|271\/271
|-damage|p1a: Lopunny|255\/271|[from] Stealth Rock
|turn|36
|c|âLord Migz|gg
|-message|GamerGal forfeited.
|
|win|Lord Migz
|raw|Ladder updating...
|leave|GamerGal
|player|p1
|raw|GamerGal's rating: 1454 &rarr; <strong>1436<\/strong><br \/>(-18 for losing)
|raw|Lord Migz's rating: 1499 &rarr; <strong>1517<\/strong><br \/>(+18 for winning)