|join|GamerGal
|join|Quantum Fields
|player|p1|GamerGal|73
|player|p2|Quantum Fields|284
|gametype|singles
|gen|6
|tier|OU
|rated
|clearpoke
|poke|p1|Starmie
|poke|p1|Altaria, M
|poke|p1|Tyranitar, F
|poke|p1|Gliscor, F
|poke|p1|Heatran, M
|poke|p1|Ferrothorn, F
|poke|p2|Tornadus-Therian, M, shiny
|poke|p2|Swampert, F
|poke|p2|Politoed, F
|poke|p2|Kingdra, M
|poke|p2|Celebi
|poke|p2|Skarmory, F
|rule|Swagger Clause: Swagger is banned
|rule|Baton Pass Clause: Limit one PokÃ©mon knowing Baton Pass
|rule|Sleep Clause Mod: Limit one foe put to sleep
|rule|Species Clause: Limit one of each PokÃ©mon
|rule|OHKO Clause: OHKO moves are banned
|rule|Moody Clause: Moody is banned
|rule|Evasion Moves Clause: Evasion moves are banned
|rule|Endless Battle Clause: Forcing endless battles is banned
|rule|HP Percentage Mod: HP is shown in percentages
|teampreview
|
|start
|switch|p1a: Altaria|Altaria, M|331\/331
|switch|p2a: Politoed|Politoed, F|384\/384
|-weather|RainDance
|turn|1
|
|detailschange|p1a: Altaria|Altaria-Mega, M
|-mega|p1a: Altaria|Altaria|Altarianite
|move|p1a: Altaria|Hyper Voice|p2a: Politoed
|-crit|p2a: Politoed
|-damage|p2a: Politoed|68\/384
|move|p2a: Politoed|Ice Beam|p1a: Altaria
|-supereffective|p1a: Altaria
|-damage|p1a: Altaria|181\/331
|
|-weather|RainDance|[upkeep]
|turn|2
|
|switch|p2a: Skarmory|Skarmory, F|326\/326
|move|p1a: Altaria|Roost|p1a: Altaria
|-heal|p1a: Altaria|331\/331
|
|-weather|RainDance|[upkeep]
|turn|3
|
|switch|p1a: Heatran|Heatran, M|365\/365
|move|p2a: Skarmory|Stealth Rock|p1a: Heatran
|-sidestart|p1: GamerGal|move: Stealth Rock
|
|-weather|RainDance|[upkeep]
|turn|4
|
|switch|p2a: Kingdra|Kingdra, M|292\/292
|move|p1a: Heatran|Stealth Rock|p2a: Kingdra
|-sidestart|p2: Quantum Fields|move: Stealth Rock
|
|-weather|RainDance|[upkeep]
|turn|5
|
|move|p1a: Heatran|Protect|p1a: Heatran
|-singleturn|p1a: Heatran|Protect
|move|p2a: Kingdra|Ice Beam|p1a: Heatran
|-activate|p1a: Heatran|Protect
|
|-weather|RainDance|[upkeep]
|turn|6
|
|switch|p1a: Starmie|Starmie|323\/323
|-damage|p1a: Starmie|283\/323|[from] Stealth Rock
|move|p2a: Kingdra|Scald|p1a: Starmie
|-resisted|p1a: Starmie
|-damage|p1a: Starmie|157\/323
|-damage|p2a: Kingdra|263\/292|[from] item: Life Orb
|
|-weather|RainDance|[upkeep]
|-heal|p1a: Starmie|177\/323|[from] item: Leftovers
|turn|7
|
|switch|p1a: Ferrothorn|Ferrothorn, F|352\/352
|-damage|p1a: Ferrothorn|330\/352|[from] Stealth Rock
|move|p2a: Kingdra|Hydro Pump|p1a: Ferrothorn
|-resisted|p1a: Ferrothorn
|-damage|p1a: Ferrothorn|214\/352
|-damage|p2a: Kingdra|234\/292|[from] item: Life Orb
|
|-weather|RainDance|[upkeep]
|-heal|p1a: Ferrothorn|236\/352|[from] item: Leftovers
|turn|8
|
|switch|p2a: Skarmory|Skarmory, F|326\/326
|-damage|p2a: Skarmory|286\/326|[from] Stealth Rock
|move|p1a: Ferrothorn|Protect|p1a: Ferrothorn
|-fail|p1a: Ferrothorn
|
|-weather|none
|-heal|p1a: Ferrothorn|258\/352|[from] item: Leftovers
|turn|9
|
|switch|p2a: Politoed|Politoed, F|68\/384
|-damage|p2a: Politoed|20\/384|[from] Stealth Rock
|-weather|RainDance
|switch|p1a: Heatran|Heatran, M|365\/365
|-damage|p1a: Heatran|320\/365|[from] Stealth Rock
|
|-weather|RainDance|[upkeep]
|-heal|p1a: Heatran|342\/365|[from] item: Leftovers
|turn|10
|
|move|p1a: Heatran|Lava Plume|p2a: Politoed
|-resisted|p2a: Politoed
|-damage|p2a: Politoed|0 fnt
|faint|p2a: Politoed
|
|-weather|RainDance|[upkeep]
|-heal|p1a: Heatran|364\/365|[from] item: Leftovers
|
|switch|p2a: Swampert|Swampert, F|403\/403
|-damage|p2a: Swampert|378\/403|[from] Stealth Rock
|turn|11
|
|detailschange|p2a: Swampert|Swampert-Mega, F
|-mega|p2a: Swampert|Swampert|Swampertite
|move|p1a: Heatran|Protect|p1a: Heatran
|-singleturn|p1a: Heatran|Protect
|move|p2a: Swampert|Aqua Tail|p1a: Heatran
|-activate|p1a: Heatran|Protect
|
|-weather|RainDance|[upkeep]
|-heal|p1a: Heatran|365\/365|[from] item: Leftovers
|turn|12
|
|switch|p1a: Ferrothorn|Ferrothorn, F|258\/352
|-damage|p1a: Ferrothorn|236\/352|[from] Stealth Rock
|move|p2a: Swampert|Earthquake|p1a: Ferrothorn
|-damage|p1a: Ferrothorn|68\/352
|
|-weather|RainDance|[upkeep]
|-heal|p1a: Ferrothorn|90\/352|[from] item: Leftovers
|turn|13
|
|move|p1a: Ferrothorn|Protect|p1a: Ferrothorn
|-singleturn|p1a: Ferrothorn|Protect
|move|p2a: Swampert|Aqua Tail|p1a: Ferrothorn
|-activate|p1a: Ferrothorn|Protect
|
|-weather|RainDance|[upkeep]
|-heal|p1a: Ferrothorn|112\/352|[from] item: Leftovers
|turn|14
|
|switch|p1a: Gliscor|Gliscor, F|353\/353
|-damage|p1a: Gliscor|309\/353|[from] Stealth Rock
|move|p2a: Swampert|Earthquake|p1a: Gliscor
|-immune|p1a: Gliscor|[msg]
|
|-weather|RainDance|[upkeep]
|-status|p1a: Gliscor|tox|[from] item: Toxic Orb
|turn|15
|
|move|p2a: Swampert|Aqua Tail|p1a: Gliscor
|-supereffective|p1a: Gliscor
|-damage|p1a: Gliscor|0 fnt
|faint|p1a: Gliscor
|
|-weather|RainDance|[upkeep]
|
|switch|p1a: Ferrothorn|Ferrothorn, F|112\/352
|-damage|p1a: Ferrothorn|90\/352|[from] Stealth Rock
|turn|16
|
|move|p1a: Ferrothorn|Protect|p1a: Ferrothorn
|-singleturn|p1a: Ferrothorn|Protect
|move|p2a: Swampert|Aqua Tail|p1a: Ferrothorn
|-activate|p1a: Ferrothorn|Protect
|
|-weather|none
|-heal|p1a: Ferrothorn|112\/352|[from] item: Leftovers
|turn|17
|
|switch|p1a: Starmie|Starmie|177\/323
|-damage|p1a: Starmie|137\/323|[from] Stealth Rock
|move|p2a: Swampert|Rain Dance|p2a: Swampert
|-weather|RainDance
|
|-weather|RainDance|[upkeep]
|-heal|p1a: Starmie|157\/323|[from] item: Leftovers
|turn|18
|
|move|p1a: Starmie|Rapid Spin|p2a: Swampert
|-damage|p2a: Swampert|367\/403
|-sideend|p1: GamerGal|Stealth Rock|[from] move: Rapid Spin|[of] p1a: Starmie
|move|p2a: Swampert|Aqua Tail|p1a: Starmie
|-resisted|p1a: Starmie
|-damage|p1a: Starmie|1\/323
|
|-weather|RainDance|[upkeep]
|-heal|p1a: Starmie|21\/323|[from] item: Leftovers
|turn|19
|
|move|p1a: Starmie|Scald|p2a: Swampert
|-damage|p2a: Swampert|228\/403
|-status|p2a: Swampert|brn
|move|p2a: Swampert|Ice Punch|p1a: Starmie
|-resisted|p1a: Starmie
|-damage|p1a: Starmie|0 fnt
|faint|p1a: Starmie
|
|-weather|RainDance|[upkeep]
|-damage|p2a: Swampert|178\/403 brn|[from] brn
|
|switch|p1a: Ferrothorn|Ferrothorn, F|112\/352
|turn|20
|
|move|p1a: Ferrothorn|Protect|p1a: Ferrothorn
|-singleturn|p1a: Ferrothorn|Protect
|move|p2a: Swampert|Aqua Tail|p1a: Ferrothorn
|-activate|p1a: Ferrothorn|Protect
|
|-weather|RainDance|[upkeep]
|-heal|p1a: Ferrothorn|134\/352|[from] item: Leftovers
|-damage|p2a: Swampert|128\/403 brn|[from] brn
|turn|21
|
|move|p2a: Swampert|Ice Punch|p1a: Ferrothorn
|-damage|p1a: Ferrothorn|92\/352
|-damage|p2a: Swampert|78\/403 brn|[from] ability: Iron Barbs|[of] p1a: Ferrothorn
|move|p1a: Ferrothorn|Leech Seed|p2a: Swampert
|-start|p2a: Swampert|move: Leech Seed
|
|-weather|none
|-heal|p1a: Ferrothorn|114\/352|[from] item: Leftovers
|-damage|p2a: Swampert|28\/403 brn|[from] Leech Seed|[of] p1a: Ferrothorn
|-heal|p1a: Ferrothorn|164\/352|[silent]
|-damage|p2a: Swampert|0 fnt|[from] brn
|faint|p2a: Swampert
|
|switch|p2a: Skarmory|Skarmory, F|286\/326
|-damage|p2a: Skarmory|246\/326|[from] Stealth Rock
|turn|22
|
|switch|p2a: Celebi|Celebi|396\/396
|-damage|p2a: Celebi|347\/396|[from] Stealth Rock
|switch|p1a: Altaria|Altaria-Mega, M|331\/331
|
|-heal|p2a: Celebi|371\/396|[from] item: Leftovers
|turn|23
|
|switch|p1a: Heatran|Heatran, M|365\/365
|move|p2a: Celebi|Ancient Power|p1a: Heatran
|-damage|p1a: Heatran|309\/365
|
|-heal|p1a: Heatran|331\/365|[from] item: Leftovers
|-heal|p2a: Celebi|395\/396|[from] item: Leftovers
|turn|24
|
|switch|p2a: Skarmory|Skarmory, F|246\/326
|-damage|p2a: Skarmory|206\/326|[from] Stealth Rock
|move|p1a: Heatran|Toxic|p2a: Skarmory|[miss]
|-miss|p1a: Heatran|p2a: Skarmory
|
|-heal|p1a: Heatran|353\/365|[from] item: Leftovers
|turn|25
|
|move|p1a: Heatran|Lava Plume|p2a: Skarmory
|-supereffective|p2a: Skarmory
|-damage|p2a: Skarmory|0 fnt
|faint|p2a: Skarmory
|
|-heal|p1a: Heatran|365\/365|[from] item: Leftovers
|
|switch|p2a: Kingdra|Kingdra, M|234\/292
|-damage|p2a: Kingdra|198\/292|[from] Stealth Rock
|turn|26
|
|switch|p1a: Ferrothorn|Ferrothorn, F|164\/352
|move|p2a: Kingdra|Scald|p1a: Ferrothorn
|-resisted|p1a: Ferrothorn
|-damage|p1a: Ferrothorn|108\/352
|-damage|p2a: Kingdra|169\/292|[from] item: Life Orb
|
|-heal|p1a: Ferrothorn|130\/352|[from] item: Leftovers
|turn|27
|
|switch|p2a: Celebi|Celebi|395\/396
|-damage|p2a: Celebi|346\/396|[from] Stealth Rock
|move|p1a: Ferrothorn|Leech Seed|p2a: Celebi
|-immune|p2a: Celebi|[msg]
|
|-heal|p2a: Celebi|370\/396|[from] item: Leftovers
|-heal|p1a: Ferrothorn|152\/352|[from] item: Leftovers
|turn|28
|
|switch|p1a: Heatran|Heatran, M|365\/365
|move|p2a: Celebi|Earth Power|p1a: Heatran
|-supereffective|p1a: Heatran
|-damage|p1a: Heatran|53\/365
|
|-heal|p1a: Heatran|75\/365|[from] item: Leftovers
|-heal|p2a: Celebi|394\/396|[from] item: Leftovers
|turn|29
|
|move|p1a: Heatran|Lava Plume|p2a: Celebi
|-supereffective|p2a: Celebi
|-damage|p2a: Celebi|142\/396
|move|p2a: Celebi|Earth Power|p1a: Heatran
|-supereffective|p1a: Heatran
|-damage|p1a: Heatran|0 fnt
|faint|p1a: Heatran
|
|-heal|p2a: Celebi|166\/396|[from] item: Leftovers
|
|switch|p1a: Tyranitar|Tyranitar, F|341\/341
|-weather|Sandstorm
|turn|30
|
|move|p1a: Tyranitar|Crunch|p2a: Celebi
|-supereffective|p2a: Celebi
|-damage|p2a: Celebi|0 fnt
|faint|p2a: Celebi
|
|-weather|Sandstorm|[upkeep]
|
|switch|p2a: Tornadus-Therian|Tornadus-Therian, M, shiny|299\/299
|-damage|p2a: Tornadus-Therian|225\/299|[from] Stealth Rock
|turn|31
|
|move|p2a: Tornadus-Therian|Superpower|p1a: Tyranitar
|-supereffective|p1a: Tyranitar
|-damage|p1a: Tyranitar|0 fnt
|-unboost|p2a: Tornadus-Therian|atk|1
|-unboost|p2a: Tornadus-Therian|def|1
|-damage|p2a: Tornadus-Therian|196\/299|[from] item: Life Orb
|faint|p1a: Tyranitar
|
|-weather|Sandstorm|[upkeep]
|-damage|p2a: Tornadus-Therian|178\/299|[from] sandstorm
|
|switch|p1a: Altaria|Altaria-Mega, M|331\/331
|turn|32
|
|move|p2a: Tornadus-Therian|Hurricane|p1a: Altaria
|-damage|p1a: Altaria|109\/331
|-start|p1a: Altaria|confusion
|-damage|p2a: Tornadus-Therian|149\/299|[from] item: Life Orb
|-activate|p1a: Altaria|confusion
|-damage|p1a: Altaria|82\/331|[from] confusion
|
|-weather|Sandstorm|[upkeep]
|-damage|p2a: Tornadus-Therian|131\/299|[from] sandstorm
|-damage|p1a: Altaria|62\/331|[from] sandstorm
|turn|33
|c|âGamerGal|are you fucking me?
|c|âGamerGal|what the fuck just happened?
|
|move|p2a: Tornadus-Therian|Taunt|p1a: Altaria
|-start|p1a: Altaria|move: Taunt
|-activate|p1a: Altaria|confusion
|-damage|p1a: Altaria|33\/331|[from] confusion
|
|-weather|Sandstorm|[upkeep]
|-damage|p2a: Tornadus-Therian|113\/299|[from] sandstorm
|-damage|p1a: Altaria|13\/331|[from] sandstorm
|turn|34
|c|âGamerGal|twice
|c|âGamerGal|god you're so bad
|
|move|p2a: Tornadus-Therian|U-turn|p1a: Altaria
|-resisted|p1a: Altaria
|-damage|p1a: Altaria|0 fnt
|-damage|p2a: Tornadus-Therian|84\/299|[from] item: Life Orb
|faint|p1a: Altaria
|
|switch|p2a: Kingdra|Kingdra, M|169\/292
|-damage|p2a: Kingdra|133\/292|[from] Stealth Rock
|
|-weather|none
|
|switch|p1a: Ferrothorn|Ferrothorn, F|152\/352
|turn|35
|c|âGamerGal|how the hell are you this shit?
|
|move|p2a: Kingdra|Scald|p1a: Ferrothorn
|-resisted|p1a: Ferrothorn
|-damage|p1a: Ferrothorn|96\/352
|-damage|p2a: Kingdra|104\/292|[from] item: Life Orb
|move|p1a: Ferrothorn|Leech Seed|p2a: Kingdra
|-start|p2a: Kingdra|move: Leech Seed
|
|-heal|p1a: Ferrothorn|118\/352|[from] item: Leftovers
|-damage|p2a: Kingdra|68\/292|[from] Leech Seed|[of] p1a: Ferrothorn
|-heal|p1a: Ferrothorn|154\/352|[silent]
|turn|36
|
|switch|p2a: Tornadus-Therian|Tornadus-Therian, M, shiny|183\/299
|-damage|p2a: Tornadus-Therian|109\/299|[from] Stealth Rock
|move|p1a: Ferrothorn|Protect|p1a: Ferrothorn
|-fail|p1a: Ferrothorn
|
|-heal|p1a: Ferrothorn|176\/352|[from] item: Leftovers
|turn|37
|
|move|p1a: Ferrothorn|Protect|p1a: Ferrothorn
|-singleturn|p1a: Ferrothorn|Protect
|move|p2a: Tornadus-Therian|Superpower|p1a: Ferrothorn
|-activate|p1a: Ferrothorn|Protect
|
|-heal|p1a: Ferrothorn|198\/352|[from] item: Leftovers
|turn|38
|
|move|p2a: Tornadus-Therian|Superpower|p1a: Ferrothorn
|-supereffective|p1a: Ferrothorn
|-damage|p1a: Ferrothorn|0 fnt
|-damage|p2a: Tornadus-Therian|72\/299|[from] ability: Iron Barbs|[of] p1a: Ferrothorn
|-unboost|p2a: Tornadus-Therian|atk|1
|-unboost|p2a: Tornadus-Therian|def|1
|-damage|p2a: Tornadus-Therian|43\/299|[from] item: Life Orb
|faint|p1a: Ferrothorn
|
|win|Quantum Fields
|raw|Ladder updating...
|raw|GamerGal's rating: 1532 &rarr; <strong>1510<\/strong><br \/>(-22 for losing)
|raw|Quantum Fields's rating: 1501 &rarr; <strong>1522<\/strong><br \/>(+21 for winning)
|c|âGamerGal|lucky retard
|leave|GamerGal
|player|p1