|join|crazybones
|join|GamerGal
|player|p1|crazybones|211
|player|p2|GamerGal|73
|gametype|singles
|gen|6
|tier|OU
|rated
|clearpoke
|poke|p1|Victini
|poke|p1|Staraptor, M, shiny
|poke|p1|Scolipede, M, shiny
|poke|p1|Latias, F, shiny
|poke|p1|Infernape, M, shiny
|poke|p1|Azumarill, F
|poke|p2|Metagross
|poke|p2|Keldeo
|poke|p2|Thundurus, M
|poke|p2|Landorus-Therian, M
|poke|p2|Bisharp, F
|poke|p2|Garchomp, F
|rule|Swagger Clause: Swagger is banned
|rule|Baton Pass Clause: Limit one PokÃ©mon knowing Baton Pass
|rule|Sleep Clause Mod: Limit one foe put to sleep
|rule|Species Clause: Limit one of each PokÃ©mon
|rule|OHKO Clause: OHKO moves are banned
|rule|Moody Clause: Moody is banned
|rule|Evasion Moves Clause: Evasion moves are banned
|rule|Endless Battle Clause: Forcing endless battles is banned
|rule|HP Percentage Mod: HP is shown in percentages
|teampreview
|
|start
|switch|p1a: Infernape|Infernape, M, shiny|355\/355
|switch|p2a: talk me down|Garchomp, F|358\/358
|turn|1
|
|move|p1a: Infernape|Taunt|p2a: talk me down
|-start|p2a: talk me down|move: Taunt
|cant|p2a: talk me down|move: Taunt|Stealth Rock
|
|turn|2
|
|move|p1a: Infernape|Stealth Rock|p2a: talk me down
|-sidestart|p2: GamerGal|move: Stealth Rock
|move|p2a: talk me down|Earthquake|p1a: Infernape
|-supereffective|p1a: Infernape
|-enditem|p1a: Infernape|Focus Sash
|-damage|p1a: Infernape|1\/355
|
|turn|3
|
|move|p1a: Infernape|Overheat|p2a: talk me down
|-resisted|p2a: talk me down
|-damage|p2a: talk me down|213\/358
|-unboost|p1a: Infernape|spa|2
|move|p2a: talk me down|Earthquake|p1a: Infernape
|-supereffective|p1a: Infernape
|-damage|p1a: Infernape|0 fnt
|faint|p1a: Infernape
|
|-end|p2a: talk me down|move: Taunt
|
|switch|p1a: Staraptor|Staraptor, M, shiny|374\/374
|-ability|p1a: Staraptor|Intimidate|[of] p2a: talk me down
|-unboost|p2a: talk me down|atk|1
|turn|4
|
|move|p1a: Staraptor|Final Gambit|p2a: talk me down
|-damage|p2a: talk me down|0 fnt
|faint|p1a: Staraptor
|faint|p2a: talk me down
|
|
|switch|p1a: Victini|Victini|404\/404
|switch|p2a: printer jam|Metagross|301\/301
|-damage|p2a: printer jam|283\/301|[from] Stealth Rock
|turn|5
|
|switch|p2a: from memory|Landorus-Therian, M|319\/319
|-damage|p2a: from memory|280\/319|[from] Stealth Rock
|-ability|p2a: from memory|Intimidate|[of] p1a: Victini
|-unboost|p1a: Victini|atk|1
|move|p1a: Victini|Final Gambit|p2a: from memory
|-damage|p2a: from memory|0 fnt
|faint|p1a: Victini
|faint|p2a: from memory
|
|
|switch|p1a: Scolipede|Scolipede, M, shiny|315\/315
|switch|p2a: printer jam|Metagross|283\/301
|-damage|p2a: printer jam|265\/301|[from] Stealth Rock
|turn|6
|
|detailschange|p2a: printer jam|Metagross-Mega
|-mega|p2a: printer jam|Metagross|Metagrossite
|move|p1a: Scolipede|Protect|p1a: Scolipede
|-singleturn|p1a: Scolipede|Protect
|move|p2a: printer jam|Zen Headbutt|p1a: Scolipede
|-activate|p1a: Scolipede|Protect
|
|-boost|p1a: Scolipede|spe|1|[from] ability: Speed Boost
|turn|7
|
|move|p1a: Scolipede|Iron Defense|p1a: Scolipede
|-boost|p1a: Scolipede|def|2
|move|p2a: printer jam|Zen Headbutt|p1a: Scolipede
|-supereffective|p1a: Scolipede
|-damage|p1a: Scolipede|153\/315
|
|-boost|p1a: Scolipede|spe|1|[from] ability: Speed Boost
|turn|8
|
|move|p1a: Scolipede|Protect|p1a: Scolipede
|-singleturn|p1a: Scolipede|Protect
|move|p2a: printer jam|Zen Headbutt|p1a: Scolipede
|-activate|p1a: Scolipede|Protect
|
|-boost|p1a: Scolipede|spe|1|[from] ability: Speed Boost
|turn|9
|
|move|p1a: Scolipede|Iron Defense|p1a: Scolipede
|-boost|p1a: Scolipede|def|2
|move|p2a: printer jam|Zen Headbutt|p1a: Scolipede
|-supereffective|p1a: Scolipede
|-damage|p1a: Scolipede|51\/315
|
|-boost|p1a: Scolipede|spe|1|[from] ability: Speed Boost
|turn|10
|
|move|p1a: Scolipede|Baton Pass|p1a: Scolipede
|
|switch|p1a: Latias|Latias, F, shiny|364\/364
|move|p2a: printer jam|Meteor Mash|p1a: Latias
|-damage|p1a: Latias|279\/364
|
|turn|11
|c|âGamerGal|i find it hilarious that you think you're good
|
|detailschange|p1a: Latias|Latias-Mega, F, shiny
|-mega|p1a: Latias|Latias|Latiasite
|move|p1a: Latias|Calm Mind|p1a: Latias
|-boost|p1a: Latias|spa|1
|-boost|p1a: Latias|spd|1
|move|p2a: printer jam|Ice Punch|p1a: Latias
|-supereffective|p1a: Latias
|-damage|p1a: Latias|197\/364
|
|turn|12
|
|move|p1a: Latias|Roost|p1a: Latias
|-heal|p1a: Latias|364\/364
|move|p2a: printer jam|Meteor Mash|p1a: Latias
|-damage|p1a: Latias|292\/364
|
|turn|13
|
|move|p1a: Latias|Thunderbolt|p2a: printer jam
|-damage|p2a: printer jam|129\/301
|move|p2a: printer jam|Meteor Mash|p1a: Latias
|-damage|p1a: Latias|220\/364
|
|turn|14
|
|move|p1a: Latias|Thunderbolt|p2a: printer jam
|-damage|p2a: printer jam|10\/301
|move|p2a: printer jam|Meteor Mash|p1a: Latias|[miss]
|-miss|p2a: printer jam|p1a: Latias
|
|turn|15
|
|move|p1a: Latias|Roost|p1a: Latias
|-heal|p1a: Latias|364\/364
|move|p2a: printer jam|Ice Punch|p1a: Latias
|-supereffective|p1a: Latias
|-damage|p1a: Latias|292\/364
|
|turn|16
|
|move|p1a: Latias|Thunderbolt|p2a: printer jam
|-damage|p2a: printer jam|0 fnt
|faint|p2a: printer jam
|
|
|switch|p2a: she lied|Bisharp, F|271\/271
|-damage|p2a: she lied|255\/271|[from] Stealth Rock
|turn|17
|
|move|p2a: she lied|Sucker Punch|p1a: Latias
|-supereffective|p1a: Latias
|-damage|p1a: Latias|212\/364
|move|p1a: Latias|Thunderbolt|p2a: she lied
|-damage|p2a: she lied|65\/271
|
|turn|18
|
|move|p2a: she lied|Sucker Punch|p1a: Latias
|-fail|p1a: Latias
|move|p1a: Latias|Roost|p1a: Latias
|-heal|p1a: Latias|364\/364
|
|turn|19
|
|move|p2a: she lied|Sucker Punch|p1a: Latias
|-supereffective|p1a: Latias
|-damage|p1a: Latias|284\/364
|move|p1a: Latias|Thunderbolt|p2a: she lied
|-damage|p2a: she lied|0 fnt
|faint|p2a: she lied
|
|
|switch|p2a: greed|Thundurus, M|304\/304
|-damage|p2a: greed|228\/304|[from] Stealth Rock
|turn|20
|
|move|p2a: greed|Thunder Wave|p1a: Latias
|-status|p1a: Latias|par
|move|p1a: Latias|Stored Power|p2a: greed
|-damage|p2a: greed|0 fnt
|faint|p2a: greed
|
|c|âGamerGal|lol bp fag
|-message|GamerGal forfeited.
|leave|GamerGal
|
|win|crazybones
|raw|Ladder updating...
|player|p2
|raw|crazybones's rating: 1665 &rarr; <strong>1680<\/strong><br \/>(+15 for winning)
|raw|GamerGal's rating: 1583 &rarr; <strong>1568<\/strong><br \/>(-15 for losing)