|join|Hal1fax
|join|niggstolemyalt
|player|p1|Hal1fax|283
|player|p2|niggstolemyalt|242
|gametype|singles
|gen|6
|tier|UU
|rated
|rule|Sleep Clause Mod: Limit one foe put to sleep
|rule|Species Clause: Limit one of each PokÃ©mon
|rule|OHKO Clause: OHKO moves are banned
|rule|Moody Clause: Moody is banned
|rule|Evasion Moves Clause: Evasion moves are banned
|rule|Endless Battle Clause: Forcing endless battles is banned
|rule|HP Percentage Mod: HP is shown in percentages
|clearpoke
|poke|p1|Raikou
|poke|p1|Beedrill, F
|poke|p1|Chandelure, M
|poke|p1|Forretress, F
|poke|p1|Porygon2
|poke|p1|Krookodile, M
|poke|p2|Abomasnow, M
|poke|p2|Tentacruel, F
|poke|p2|Swampert, M
|poke|p2|Crobat, F
|poke|p2|Jirachi
|poke|p2|Umbreon, F
|rule|Swagger Clause: Swagger is banned
|rule|Baton Pass Clause: Limit one PokÃ©mon knowing Baton Pass
|teampreview
|
|start
|switch|p1a: Clyde|Krookodile, M|332\/332
|switch|p2a: Crobat|Crobat, F|373\/373
|-ability|p1a: Clyde|Intimidate|[of] p2a: Crobat
|-unboost|p2a: Crobat|atk|1
|turn|1
|
|move|p2a: Crobat|Acrobatics|p1a: Clyde
|-damage|p1a: Clyde|242\/332
|move|p1a: Clyde|Knock Off|p2a: Crobat
|-damage|p2a: Crobat|192\/373
|
|turn|2
|
|move|p2a: Crobat|Roost|p2a: Crobat
|-heal|p2a: Crobat|373\/373
|move|p1a: Clyde|Knock Off|p2a: Crobat
|-crit|p2a: Crobat
|-damage|p2a: Crobat|85\/373
|
|turn|3
|join|CrazySinjab
|
|move|p2a: Crobat|Roost|p2a: Crobat
|-heal|p2a: Crobat|272\/373
|move|p1a: Clyde|Knock Off|p2a: Crobat
|-crit|p2a: Crobat
|-damage|p2a: Crobat|0 fnt
|faint|p2a: Crobat
|
|c|âniggstolemyalt|hm.
|c| CrazySinjab|Nice
|
|switch|p2a: Abomasnow|Abomasnow, M|364\/364
|turn|4
|
|switch|p1a: Waxman|Chandelure, M|261\/261
|detailschange|p2a: Abomasnow|Abomasnow-Mega, M
|-mega|p2a: Abomasnow|Abomasnow|Abomasite
|-weather|Hail
|move|p2a: Abomasnow|Earthquake|p1a: Waxman
|-supereffective|p1a: Waxman
|-damage|p1a: Waxman|0 fnt
|faint|p1a: Waxman
|
|-weather|Hail|[upkeep]
|c| CrazySinjab|O-O
|
|switch|p1a: Oprah|Beedrill, F|271\/271
|turn|5
|c| CrazySinjab|Oprah XD
|
|switch|p2a: Swampert|Swampert, M|401\/401
|detailschange|p1a: Oprah|Beedrill-Mega, F
|-mega|p1a: Oprah|Beedrill|Beedrillite
|move|p1a: Oprah|U-turn|p2a: Swampert
|-crit|p2a: Swampert
|-damage|p2a: Swampert|173\/401
|
|switch|p1a: Clyde|Krookodile, M|242\/332
|-ability|p1a: Clyde|Intimidate|[of] p2a: Swampert
|-unboost|p2a: Swampert|atk|1
|
|-weather|Hail|[upkeep]
|-damage|p1a: Clyde|222\/332|[from] hail
|-damage|p2a: Swampert|148\/401|[from] hail
|-heal|p2a: Swampert|173\/401|[from] item: Leftovers
|turn|6
|c|âniggstolemyalt|critted 3 times by turn 5
|c|âniggstolemyalt|nice
|
|switch|p2a: Abomasnow|Abomasnow-Mega, M|364\/364
|move|p1a: Clyde|Knock Off|p2a: Abomasnow
|-damage|p2a: Abomasnow|202\/364
|
|-weather|Hail|[upkeep]
|-damage|p1a: Clyde|202\/332|[from] hail
|turn|7
|
|switch|p1a: Goose|Porygon2|373\/373
|-ability|p1a: Goose|Snow Warning|[from] ability: Trace|[of] p2a: Abomasnow
|move|p2a: Abomasnow|Swords Dance|p2a: Abomasnow
|-boost|p2a: Abomasnow|atk|2
|
|-weather|Hail|[upkeep]
|-damage|p1a: Goose|350\/373|[from] hail
|turn|8
|
|move|p1a: Goose|Toxic|p2a: Abomasnow
|-status|p2a: Abomasnow|tox
|move|p2a: Abomasnow|Wood Hammer|p1a: Goose
|-damage|p1a: Goose|10\/373
|-damage|p2a: Abomasnow|90\/364 tox|[from] recoil|[of] p1a: Goose
|
|-weather|none
|-damage|p2a: Abomasnow|68\/364 tox|[from] psn
|turn|9
|
|move|p2a: Abomasnow|Ice Shard|p1a: Goose
|-damage|p1a: Goose|0 fnt
|faint|p1a: Goose
|
|-damage|p2a: Abomasnow|24\/364 tox|[from] psn
|c| CrazySinjab|Those nicknames are amazing
|
|switch|p1a: Gumnut|Forretress, F|353\/353
|turn|10
|
|switch|p2a: Tentacruel|Tentacruel, F|361\/361
|move|p1a: Gumnut|Stealth Rock|p2a: Tentacruel
|-sidestart|p2: niggstolemyalt|move: Stealth Rock
|
|turn|11
|
|move|p2a: Tentacruel|Scald|p1a: Gumnut
|-damage|p1a: Gumnut|224\/353
|move|p1a: Gumnut|Volt Switch|p2a: Tentacruel
|-supereffective|p2a: Tentacruel
|-damage|p2a: Tentacruel|297\/361
|
|switch|p1a: Clyde|Krookodile, M|202\/332
|-ability|p1a: Clyde|Intimidate|[of] p2a: Tentacruel
|-unboost|p2a: Tentacruel|atk|1
|
|-heal|p2a: Tentacruel|319\/361|[from] item: Black Sludge
|turn|12
|
|switch|p2a: Umbreon|Umbreon, F|393\/393
|-damage|p2a: Umbreon|344\/393|[from] Stealth Rock
|move|p1a: Clyde|Earthquake|p2a: Umbreon
|-damage|p2a: Umbreon|115\/393
|
|-heal|p2a: Umbreon|139\/393|[from] item: Leftovers
|turn|13
|
|move|p1a: Clyde|Earthquake|p2a: Umbreon
|-damage|p2a: Umbreon|0 fnt
|faint|p2a: Umbreon
|
|
|switch|p2a: Jirachi|Jirachi|341\/341
|-damage|p2a: Jirachi|320\/341|[from] Stealth Rock
|turn|14
|
|switch|p1a: Raikou|Raikou|321\/321
|-ability|p1a: Raikou|Pressure
|move|p2a: Jirachi|U-turn|p1a: Raikou
|-damage|p1a: Raikou|237\/321
|
|switch|p2a: Swampert|Swampert, M|173\/401
|-damage|p2a: Swampert|148\/401|[from] Stealth Rock
|
|-heal|p2a: Swampert|173\/401|[from] item: Leftovers
|turn|15
|
|switch|p1a: Gumnut|Forretress, F|224\/353
|move|p2a: Swampert|Earthquake|p1a: Gumnut
|-damage|p1a: Gumnut|145\/353
|
|-heal|p2a: Swampert|198\/401|[from] item: Leftovers
|-heal|p1a: Gumnut|167\/353|[from] item: Leftovers
|turn|16
|
|move|p2a: Swampert|Scald|p1a: Gumnut
|-damage|p1a: Gumnut|44\/353
|-status|p1a: Gumnut|brn
|move|p1a: Gumnut|Spikes|p2a: Swampert
|-sidestart|p2: niggstolemyalt|Spikes
|
|-heal|p2a: Swampert|223\/401|[from] item: Leftovers
|-heal|p1a: Gumnut|66\/353 brn|[from] item: Leftovers
|-damage|p1a: Gumnut|22\/353 brn|[from] brn
|turn|17
|
|move|p2a: Swampert|Stealth Rock|p1a: Gumnut
|-sidestart|p1: Hal1fax|move: Stealth Rock
|move|p1a: Gumnut|Spikes|p2a: Swampert
|-sidestart|p2: niggstolemyalt|Spikes
|
|-heal|p2a: Swampert|248\/401|[from] item: Leftovers
|-heal|p1a: Gumnut|44\/353 brn|[from] item: Leftovers
|-damage|p1a: Gumnut|0 fnt|[from] brn
|faint|p1a: Gumnut
|
|switch|p1a: Clyde|Krookodile, M|202\/332
|-damage|p1a: Clyde|182\/332|[from] Stealth Rock
|-ability|p1a: Clyde|Intimidate|[of] p2a: Swampert
|-unboost|p2a: Swampert|atk|1
|turn|18
|
|move|p1a: Clyde|Earthquake|p2a: Swampert
|-damage|p2a: Swampert|37\/401
|move|p2a: Swampert|Scald|p1a: Clyde
|-supereffective|p1a: Clyde
|-damage|p1a: Clyde|0 fnt
|faint|p1a: Clyde
|
|-heal|p2a: Swampert|62\/401|[from] item: Leftovers
|
|switch|p1a: Raikou|Raikou|237\/321
|-damage|p1a: Raikou|197\/321|[from] Stealth Rock
|-ability|p1a: Raikou|Pressure
|turn|19
|
|move|p1a: Raikou|Shadow Ball|p2a: Swampert
|-damage|p2a: Swampert|0 fnt
|-damage|p1a: Raikou|165\/321|[from] item: Life Orb
|faint|p2a: Swampert
|
|
|switch|p2a: Jirachi|Jirachi|320\/341
|-damage|p2a: Jirachi|299\/341|[from] Stealth Rock
|-damage|p2a: Jirachi|243\/341|[from] Spikes
|turn|20
|
|move|p2a: Jirachi|U-turn|p1a: Raikou
|-damage|p1a: Raikou|80\/321
|
|switch|p2a: Tentacruel|Tentacruel, F|319\/361
|-damage|p2a: Tentacruel|259\/361|[from] Spikes
|-damage|p2a: Tentacruel|214\/361|[from] Stealth Rock
|move|p1a: Raikou|Shadow Ball|p2a: Tentacruel
|-damage|p2a: Tentacruel|120\/361
|-damage|p1a: Raikou|48\/321|[from] item: Life Orb
|
|-heal|p2a: Tentacruel|142\/361|[from] item: Black Sludge
|turn|21
|
|move|p1a: Raikou|Thunderbolt|p2a: Tentacruel
|-supereffective|p2a: Tentacruel
|-damage|p2a: Tentacruel|0 fnt
|-damage|p1a: Raikou|16\/321|[from] item: Life Orb
|faint|p2a: Tentacruel
|
|
|switch|p2a: Jirachi|Jirachi|243\/341
|-damage|p2a: Jirachi|187\/341|[from] Spikes
|-damage|p2a: Jirachi|166\/341|[from] Stealth Rock
|turn|22
|
|move|p2a: Jirachi|Fire Punch|p1a: Raikou
|-damage|p1a: Raikou|0 fnt
|faint|p1a: Raikou
|
|
|switch|p1a: Oprah|Beedrill-Mega, F|271\/271
|-damage|p1a: Oprah|204\/271|[from] Stealth Rock
|turn|23
|
|move|p2a: Jirachi|Fire Punch|p1a: Oprah
|-supereffective|p1a: Oprah
|-damage|p1a: Oprah|0 fnt
|faint|p1a: Oprah
|
|win|niggstolemyalt
|raw|Ladder updating...
|raw|Hal1fax's rating: 1329 &rarr; <strong>1314<\/strong><br \/>(-15 for losing)
|raw|niggstolemyalt's rating: 1402 &rarr; <strong>1418<\/strong><br \/>(+16 for winning)
|leave|Hal1fax
|player|p1
|c|âniggstolemyalt|lol
|leave|CrazySinjab