|join|niggstolemyalt
|join|zoid's warhorse
|player|p1|niggstolemyalt|242
|player|p2|zoid's warhorse|188
|gametype|singles
|gen|6
|tier|UU
|rated
|rule|Sleep Clause Mod: Limit one foe put to sleep
|rule|Species Clause: Limit one of each PokÃ©mon
|rule|OHKO Clause: OHKO moves are banned
|rule|Moody Clause: Moody is banned
|rule|Evasion Moves Clause: Evasion moves are banned
|rule|Endless Battle Clause: Forcing endless battles is banned
|rule|HP Percentage Mod: HP is shown in percentages
|clearpoke
|poke|p1|Rotom-Mow
|poke|p1|Jirachi
|poke|p1|Ampharos, M
|poke|p1|Suicune
|poke|p1|Umbreon, M
|poke|p1|Crobat, M
|poke|p2|Aerodactyl, F
|poke|p2|Azelf
|poke|p2|Dragalge, F
|poke|p2|Lucario, F
|poke|p2|Magneton
|poke|p2|Serperior, F
|rule|Swagger Clause: Swagger is banned
|rule|Baton Pass Clause: Limit one PokÃ©mon knowing Baton Pass
|teampreview
|
|start
|switch|p1a: Rotom-Mow|Rotom-Mow|241\/241
|switch|p2a: Magneton|Magneton|303\/303
|turn|1
|
|move|p1a: Rotom-Mow|Volt Switch|p2a: Magneton
|-resisted|p2a: Magneton
|-damage|p2a: Magneton|252\/303
|
|switch|p1a: Ampharos|Ampharos, M|383\/383
|move|p2a: Magneton|Volt Switch|p1a: Ampharos
|-resisted|p1a: Ampharos
|-damage|p1a: Ampharos|308\/383
|
|switch|p2a: Azelf|Azelf|291\/291
|
|turn|2
|
|detailschange|p1a: Ampharos|Ampharos-Mega, M
|-mega|p1a: Ampharos|Ampharos|Ampharosite
|-ability|p1a: Ampharos|Mold Breaker
|move|p2a: Azelf|Stealth Rock|p1a: Ampharos
|-sidestart|p1: niggstolemyalt|move: Stealth Rock
|move|p1a: Ampharos|Dragon Pulse|p2a: Azelf
|-crit|p2a: Azelf
|-enditem|p2a: Azelf|Focus Sash
|-damage|p2a: Azelf|1\/291
|
|turn|3
|
|switch|p1a: Jirachi|Jirachi|341\/341
|-damage|p1a: Jirachi|320\/341|[from] Stealth Rock
|move|p2a: Azelf|Explosion|p1a: Jirachi
|-resisted|p1a: Jirachi
|-damage|p1a: Jirachi|174\/341
|faint|p2a: Azelf
|
|-heal|p1a: Jirachi|195\/341|[from] item: Leftovers
|
|switch|p2a: Magneton|Magneton|252\/303
|turn|4
|
|move|p1a: Jirachi|Fire Punch|p2a: Magneton
|-supereffective|p2a: Magneton
|-damage|p2a: Magneton|144\/303
|move|p2a: Magneton|Thunderbolt|p1a: Jirachi
|-damage|p1a: Jirachi|36\/341
|
|-heal|p1a: Jirachi|57\/341|[from] item: Leftovers
|turn|5
|
|switch|p2a: Aerodactyl|Aerodactyl, F|302\/302
|-ability|p2a: Aerodactyl|Unnerve|p1: niggstolemyalt
|move|p1a: Jirachi|Iron Head|p2a: Aerodactyl
|-crit|p2a: Aerodactyl
|-supereffective|p2a: Aerodactyl
|-damage|p2a: Aerodactyl|0 fnt
|faint|p2a: Aerodactyl
|
|-heal|p1a: Jirachi|78\/341|[from] item: Leftovers
|
|switch|p2a: Serperior|Serperior, F|296\/296
|turn|6
|
|move|p2a: Serperior|Leaf Storm|p1a: Jirachi
|-resisted|p1a: Jirachi
|-damage|p1a: Jirachi|1\/341
|-boost|p2a: Serperior|spa|2
|move|p1a: Jirachi|Iron Head|p2a: Serperior
|-damage|p2a: Serperior|161\/296
|
|-heal|p1a: Jirachi|22\/341|[from] item: Leftovers
|turn|7
|
|move|p2a: Serperior|Leaf Storm|p1a: Jirachi
|-resisted|p1a: Jirachi
|-damage|p1a: Jirachi|0 fnt
|-boost|p2a: Serperior|spa|2
|faint|p1a: Jirachi
|
|
|switch|p1a: Crobat|Crobat, M|329\/329
|-damage|p1a: Crobat|247\/329|[from] Stealth Rock
|turn|8
|
|switch|p2a: Magneton|Magneton|144\/303
|move|p1a: Crobat|Defog|p2a: Magneton
|-unboost|p2a: Magneton|evasion|1
|-sideend|p1: niggstolemyalt|Stealth Rock|[from] move: Defog|[of] p1a: Crobat
|
|turn|9
|
|move|p1a: Crobat|U-turn|p2a: Magneton
|-resisted|p2a: Magneton
|-damage|p2a: Magneton|120\/303
|
|switch|p1a: Ampharos|Ampharos-Mega, M|308\/383
|-ability|p1a: Ampharos|Mold Breaker
|move|p2a: Magneton|Volt Switch|p1a: Ampharos
|-resisted|p1a: Ampharos
|-damage|p1a: Ampharos|277\/383
|
|switch|p2a: Lucario|Lucario, F|289\/289
|
|turn|10
|
|move|p2a: Lucario|Close Combat|p1a: Ampharos
|-damage|p1a: Ampharos|89\/383
|-unboost|p2a: Lucario|def|1
|-unboost|p2a: Lucario|spd|1
|-damage|p2a: Lucario|261\/289|[from] item: Life Orb
|move|p1a: Ampharos|Volt Switch|p2a: Lucario
|-damage|p2a: Lucario|11\/289
|
|switch|p1a: Rotom-Mow|Rotom-Mow|241\/241
|
|turn|11
|
|move|p2a: Lucario|Extreme Speed|p1a: Rotom-Mow
|-damage|p1a: Rotom-Mow|132\/241
|-damage|p2a: Lucario|0 fnt|[from] item: Life Orb
|faint|p2a: Lucario
|move|p1a: Rotom-Mow|Volt Switch|p2: Lucario|[notarget]
|-notarget
|
|
|switch|p2a: Serperior|Serperior, F|161\/296
|turn|12
|
|move|p1a: Rotom-Mow|Volt Switch|p2a: Serperior
|-resisted|p2a: Serperior
|-damage|p2a: Serperior|100\/296
|
|switch|p1a: Umbreon|Umbreon, M|393\/393
|move|p2a: Serperior|Leaf Storm|p1a: Umbreon
|-crit|p1a: Umbreon
|-damage|p1a: Umbreon|248\/393
|-boost|p2a: Serperior|spa|2
|
|-heal|p1a: Umbreon|272\/393|[from] item: Leftovers
|turn|13
|
|move|p2a: Serperior|Leaf Storm|p1a: Umbreon
|-damage|p1a: Umbreon|74\/393
|-boost|p2a: Serperior|spa|2
|move|p1a: Umbreon|Foul Play|p2a: Serperior
|-damage|p2a: Serperior|24\/296
|
|-heal|p1a: Umbreon|98\/393|[from] item: Leftovers
|turn|14
|
|move|p1a: Umbreon|Protect|p1a: Umbreon
|-singleturn|p1a: Umbreon|Protect
|move|p2a: Serperior|Giga Drain|p1a: Umbreon
|-activate|p1a: Umbreon|Protect
|
|-heal|p1a: Umbreon|122\/393|[from] item: Leftovers
|turn|15
|
|move|p2a: Serperior|Giga Drain|p1a: Umbreon
|-damage|p1a: Umbreon|0 fnt
|-heal|p2a: Serperior|85\/296|[from] drain|[of] p1a: Umbreon
|faint|p1a: Umbreon
|
|
|switch|p1a: Crobat|Crobat, M|247\/329
|turn|16
|
|switch|p2a: Magneton|Magneton|120\/303
|move|p1a: Crobat|Acrobatics|p2a: Magneton
|-resisted|p2a: Magneton
|-damage|p2a: Magneton|92\/303
|
|turn|17
|
|move|p1a: Crobat|U-turn|p2a: Magneton
|-resisted|p2a: Magneton
|-damage|p2a: Magneton|68\/303
|
|switch|p1a: Rotom-Mow|Rotom-Mow|132\/241
|move|p2a: Magneton|Volt Switch|p1a: Rotom-Mow
|-resisted|p1a: Rotom-Mow
|-damage|p1a: Rotom-Mow|100\/241
|
|switch|p2a: Dragalge|Dragalge, F|309\/309
|
|turn|18
|
|move|p1a: Rotom-Mow|Trick|p2a: Dragalge
|-activate|p1a: Rotom-Mow|move: Trick|[of] p2a: Dragalge
|-item|p2a: Dragalge|Choice Scarf|[from] move: Trick
|-item|p1a: Rotom-Mow|Choice Specs|[from] move: Trick
|move|p2a: Dragalge|Sludge Wave|p1a: Rotom-Mow
|-supereffective|p1a: Rotom-Mow
|-damage|p1a: Rotom-Mow|0 fnt
|faint|p1a: Rotom-Mow
|
|
|switch|p1a: Suicune|Suicune|401\/401
|-ability|p1a: Suicune|Pressure
|turn|19
|
|move|p2a: Dragalge|Sludge Wave|p1a: Suicune
|-damage|p1a: Suicune|225\/401
|move|p1a: Suicune|Scald|p2a: Dragalge
|-resisted|p2a: Dragalge
|-damage|p2a: Dragalge|273\/309
|-status|p2a: Dragalge|brn
|
|-heal|p1a: Suicune|250\/401|[from] item: Leftovers
|-damage|p2a: Dragalge|235\/309 brn|[from] brn
|turn|20
|
|switch|p2a: Serperior|Serperior, F|85\/296
|move|p1a: Suicune|Rest|p1a: Suicune
|-status|p1a: Suicune|slp
|-heal|p1a: Suicune|401\/401 slp|[silent]
|-status|p1a: Suicune|slp|[from] move: Rest
|
|turn|21
|
|switch|p1a: Crobat|Crobat, M|247\/329
|move|p2a: Serperior|Leaf Storm|p1a: Crobat
|-resisted|p1a: Crobat
|-damage|p1a: Crobat|197\/329
|-boost|p2a: Serperior|spa|2
|
|turn|22
|
|switch|p2a: Magneton|Magneton|68\/303
|move|p1a: Crobat|Acrobatics|p2a: Magneton
|-resisted|p2a: Magneton
|-damage|p2a: Magneton|40\/303
|
|turn|23
|
|move|p1a: Crobat|U-turn|p2a: Magneton
|-crit|p2a: Magneton
|-resisted|p2a: Magneton
|-damage|p2a: Magneton|7\/303
|
|switch|p1a: Ampharos|Ampharos-Mega, M|89\/383
|-ability|p1a: Ampharos|Mold Breaker
|move|p2a: Magneton|Thunderbolt|p1a: Ampharos
|-resisted|p1a: Ampharos
|-damage|p1a: Ampharos|49\/383
|
|turn|24
|
|move|p2a: Magneton|Thunderbolt|p1a: Ampharos
|-resisted|p1a: Ampharos
|-damage|p1a: Ampharos|12\/383
|move|p1a: Ampharos|Volt Switch|p2a: Magneton
|-resisted|p2a: Magneton
|-damage|p2a: Magneton|0 fnt
|faint|p2a: Magneton
|
|switch|p1a: Crobat|Crobat, M|197\/329
|
|
|switch|p2a: Dragalge|Dragalge, F|235\/309 brn
|turn|25
|
|switch|p1a: Ampharos|Ampharos-Mega, M|12\/383
|-ability|p1a: Ampharos|Mold Breaker
|move|p2a: Dragalge|Draco Meteor|p1a: Ampharos
|-supereffective|p1a: Ampharos
|-damage|p1a: Ampharos|0 fnt
|-unboost|p2a: Dragalge|spa|2
|faint|p1a: Ampharos
|
|-damage|p2a: Dragalge|197\/309 brn|[from] brn
|
|switch|p1a: Crobat|Crobat, M|197\/329
|turn|26
|
|move|p1a: Crobat|Roost|p1a: Crobat
|-heal|p1a: Crobat|329\/329
|move|p2a: Dragalge|Draco Meteor|p1a: Crobat|[miss]
|-miss|p2a: Dragalge|p1a: Crobat
|
|-damage|p2a: Dragalge|159\/309 brn|[from] brn
|turn|27
|
|move|p1a: Crobat|Acrobatics|p2a: Dragalge
|-damage|p2a: Dragalge|0 fnt
|faint|p2a: Dragalge
|
|-message|zoid's warhorse forfeited.
|
|win|niggstolemyalt
|raw|Ladder updating...
|c|âzoid's warhorse|gg
|raw|niggstolemyalt's rating: 1489 &rarr; <strong>1502<\/strong><br \/>(+13 for winning)
|raw|zoid&apos;s warhorse's rating: 1360 &rarr; <strong>1347<\/strong><br \/>(-13 for losing)
|c|âniggstolemyalt|gg