|join|JiaShengz
|join|bad n lucky
|player|p1|JiaShengz|169
|player|p2|bad n lucky|33
|gametype|singles
|gen|6
|tier|OU
|rated
|clearpoke
|poke|p1|Chansey, F
|poke|p1|Clefable, M
|poke|p1|Sableye, F
|poke|p1|Heatran, M
|poke|p1|Tentacruel, M
|poke|p1|Chesnaught, F
|poke|p2|Metagross
|poke|p2|Rotom-Wash
|poke|p2|Landorus-Therian, M
|poke|p2|Conkeldurr, M
|poke|p2|Gengar, F
|poke|p2|Heatran, M
|rule|Swagger Clause: Swagger is banned
|rule|Baton Pass Clause: Limit one PokÃ©mon knowing Baton Pass
|rule|Sleep Clause Mod: Limit one foe put to sleep
|rule|Species Clause: Limit one of each PokÃ©mon
|rule|OHKO Clause: OHKO moves are banned
|rule|Moody Clause: Moody is banned
|rule|Evasion Moves Clause: Evasion moves are banned
|rule|Endless Battle Clause: Forcing endless battles is banned
|rule|HP Percentage Mod: HP is shown in percentages
|teampreview
|
|start
|switch|p1a: Tentacruel|Tentacruel, M|361\/361
|switch|p2a: Heatran|Heatran, M|323\/323
|-item|p2a: Heatran|Air Balloon
|turn|1
|
|switch|p2a: Rotom-Wash|Rotom-Wash|303\/303
|move|p1a: Tentacruel|Scald|p2a: Rotom-Wash
|-resisted|p2a: Rotom-Wash
|-damage|p2a: Rotom-Wash|267\/303
|
|-heal|p2a: Rotom-Wash|285\/303|[from] item: Leftovers
|turn|2
|
|move|p1a: Tentacruel|Knock Off|p2a: Rotom-Wash
|-damage|p2a: Rotom-Wash|247\/303
|-enditem|p2a: Rotom-Wash|Leftovers|[from] move: Knock Off|[of] p1a: Tentacruel
|move|p2a: Rotom-Wash|Volt Switch|p1a: Tentacruel
|-supereffective|p1a: Tentacruel
|-damage|p1a: Tentacruel|209\/361
|
|switch|p2a: Metagross|Metagross|301\/301
|
|-heal|p1a: Tentacruel|231\/361|[from] item: Black Sludge
|turn|3
|
|switch|p1a: Sableye|Sableye, F|304\/304
|detailschange|p2a: Metagross|Metagross-Mega
|-mega|p2a: Metagross|Metagross|Metagrossite
|move|p2a: Metagross|Zen Headbutt|p1a: Sableye
|-immune|p1a: Sableye|[msg]
|
|turn|4
|
|detailschange|p1a: Sableye|Sableye-Mega, F
|-mega|p1a: Sableye|Sableye|Sablenite
|move|p2a: Metagross|Meteor Mash|p1a: Sableye
|-damage|p1a: Sableye|153\/304
|-boost|p2a: Metagross|atk|1
|move|p1a: Sableye|Knock Off|p2a: Metagross
|-supereffective|p2a: Metagross
|-damage|p2a: Metagross|209\/301
|
|turn|5
|
|move|p2a: Metagross|Meteor Mash|p1a: Sableye
|-damage|p1a: Sableye|0 fnt
|faint|p1a: Sableye
|
|
|switch|p1a: Chesnaught|Chesnaught, F|380\/380
|turn|6
|
|move|p1a: Chesnaught|Spiky Shield|p1a: Chesnaught
|-singleturn|p1a: Chesnaught|move: Protect
|move|p2a: Metagross|Zen Headbutt|p1a: Chesnaught
|-activate|p1a: Chesnaught|move: Protect
|-damage|p2a: Metagross|172\/301|[from] Spiky Shield|[of] p1a: Chesnaught
|
|turn|7
|
|move|p2a: Metagross|Zen Headbutt|p1a: Chesnaught
|-supereffective|p1a: Chesnaught
|-damage|p1a: Chesnaught|12\/380
|move|p1a: Chesnaught|Drain Punch|p2a: Metagross
|-damage|p2a: Metagross|100\/301
|-heal|p1a: Chesnaught|48\/380|[from] drain|[of] p2a: Metagross
|
|-heal|p1a: Chesnaught|71\/380|[from] item: Leftovers
|turn|8
|
|move|p1a: Chesnaught|Spiky Shield|p1a: Chesnaught
|-singleturn|p1a: Chesnaught|move: Protect
|move|p2a: Metagross|Earthquake|p1a: Chesnaught
|-activate|p1a: Chesnaught|move: Protect
|
|-heal|p1a: Chesnaught|94\/380|[from] item: Leftovers
|turn|9
|
|move|p1a: Chesnaught|Spiky Shield|p1a: Chesnaught
|-singleturn|p1a: Chesnaught|move: Protect
|move|p2a: Metagross|Ice Punch|p1a: Chesnaught
|-activate|p1a: Chesnaught|move: Protect
|-damage|p2a: Metagross|63\/301|[from] Spiky Shield|[of] p1a: Chesnaught
|
|-heal|p1a: Chesnaught|117\/380|[from] item: Leftovers
|turn|10
|
|move|p1a: Chesnaught|Spiky Shield|p1a: Chesnaught
|-fail|p1a: Chesnaught
|move|p2a: Metagross|Ice Punch|p1a: Chesnaught
|-supereffective|p1a: Chesnaught
|-damage|p1a: Chesnaught|0 fnt
|faint|p1a: Chesnaught
|
|
|switch|p1a: Chansey|Chansey, F|703\/703
|turn|11
|
|move|p2a: Metagross|Meteor Mash|p1a: Chansey
|-damage|p1a: Chansey|261\/703
|move|p1a: Chansey|Seismic Toss|p2a: Metagross
|-damage|p2a: Metagross|0 fnt
|faint|p2a: Metagross
|
|
|switch|p2a: Conkeldurr|Conkeldurr, M|351\/351
|turn|12
|
|switch|p1a: Clefable|Clefable, M|394\/394
|move|p2a: Conkeldurr|Drain Punch|p1a: Clefable
|-resisted|p1a: Clefable
|-damage|p1a: Clefable|331\/394
|
|-heal|p1a: Clefable|355\/394|[from] item: Leftovers
|turn|13
|
|switch|p2a: Heatran|Heatran, M|323\/323
|-item|p2a: Heatran|Air Balloon
|move|p1a: Clefable|Wish|p1a: Clefable
|
|-heal|p1a: Clefable|379\/394|[from] item: Leftovers
|turn|14
|
|switch|p1a: Chansey|Chansey, F|261\/703
|move|p2a: Heatran|Toxic|p1a: Chansey
|-status|p1a: Chansey|tox
|
|-heal|p1a: Chansey|458\/703 tox|[from] move: Wish|[wisher] Clefable
|-damage|p1a: Chansey|415\/703 tox|[from] psn
|turn|15
|
|switch|p1a: Tentacruel|Tentacruel, M|231\/361
|move|p2a: Heatran|Taunt|p1a: Tentacruel
|-start|p1a: Tentacruel|move: Taunt
|
|-heal|p1a: Tentacruel|253\/361|[from] item: Black Sludge
|turn|16
|
|switch|p2a: Conkeldurr|Conkeldurr, M|351\/351
|move|p1a: Tentacruel|Scald|p2a: Conkeldurr
|-damage|p2a: Conkeldurr|294\/351
|
|-heal|p1a: Tentacruel|275\/361|[from] item: Black Sludge
|turn|17
|
|switch|p1a: Clefable|Clefable, M|379\/394
|move|p2a: Conkeldurr|Knock Off|p1a: Clefable
|-resisted|p1a: Clefable
|-damage|p1a: Clefable|323\/394
|-enditem|p1a: Clefable|Leftovers|[from] move: Knock Off|[of] p2a: Conkeldurr
|
|turn|18
|
|switch|p2a: Gengar|Gengar, F|261\/261
|move|p1a: Clefable|Wish|p1a: Clefable
|
|turn|19
|
|switch|p1a: Tentacruel|Tentacruel, M|275\/361
|move|p2a: Gengar|Trick|p1a: Tentacruel
|-activate|p2a: Gengar|move: Trick|[of] p1a: Tentacruel
|-item|p1a: Tentacruel|Choice Scarf|[from] move: Trick
|-item|p2a: Gengar|Black Sludge|[from] move: Trick
|
|-heal|p1a: Tentacruel|361\/361|[from] move: Wish|[wisher] Clefable
|turn|20
|
|switch|p2a: Rotom-Wash|Rotom-Wash|247\/303
|move|p1a: Tentacruel|Knock Off|p2a: Rotom-Wash
|-damage|p2a: Rotom-Wash|224\/303
|
|turn|21
|
|switch|p1a: Clefable|Clefable, M|323\/394
|move|p2a: Rotom-Wash|Volt Switch|p1a: Clefable
|-damage|p1a: Clefable|229\/394
|
|switch|p2a: Heatran|Heatran, M|323\/323
|-item|p2a: Heatran|Air Balloon
|
|turn|22
|
|switch|p1a: Tentacruel|Tentacruel, M|361\/361
|move|p2a: Heatran|Magma Storm|p1a: Tentacruel
|-resisted|p1a: Tentacruel
|-damage|p1a: Tentacruel|283\/361
|-activate|p1a: Tentacruel|move: Magma Storm|[of] p2a: Heatran
|
|-damage|p1a: Tentacruel|238\/361|[from] move: Magma Storm|[partiallytrapped]
|turn|23
|
|move|p2a: Heatran|Protect|p2a: Heatran
|-singleturn|p2a: Heatran|Protect
|move|p1a: Tentacruel|Scald|p2a: Heatran
|-activate|p2a: Heatran|Protect
|
|-damage|p1a: Tentacruel|193\/361|[from] move: Magma Storm|[partiallytrapped]
|turn|24
|
|move|p1a: Tentacruel|Scald|p2a: Heatran
|-supereffective|p2a: Heatran
|-damage|p2a: Heatran|171\/323
|-enditem|p2a: Heatran|Air Balloon
|move|p2a: Heatran|Magma Storm|p1a: Tentacruel
|-resisted|p1a: Tentacruel
|-damage|p1a: Tentacruel|116\/361
|
|-damage|p1a: Tentacruel|71\/361|[from] move: Magma Storm|[partiallytrapped]
|turn|25
|
|move|p2a: Heatran|Protect|p2a: Heatran
|-singleturn|p2a: Heatran|Protect
|move|p1a: Tentacruel|Scald|p2a: Heatran
|-activate|p2a: Heatran|Protect
|
|-damage|p1a: Tentacruel|26\/361|[from] move: Magma Storm|[partiallytrapped]
|turn|26
|
|switch|p2a: Rotom-Wash|Rotom-Wash|224\/303
|move|p1a: Tentacruel|Scald|p2a: Rotom-Wash
|-crit|p2a: Rotom-Wash
|-resisted|p2a: Rotom-Wash
|-damage|p2a: Rotom-Wash|164\/303
|-status|p2a: Rotom-Wash|brn
|
|-damage|p2a: Rotom-Wash|127\/303 brn|[from] brn
|-end|p1a: Tentacruel|Magma Storm|[partiallytrapped]
|turn|27
|
|move|p1a: Tentacruel|Scald|p2a: Rotom-Wash
|-resisted|p2a: Rotom-Wash
|-damage|p2a: Rotom-Wash|91\/303 brn
|move|p2a: Rotom-Wash|Volt Switch|p1a: Tentacruel
|-supereffective|p1a: Tentacruel
|-damage|p1a: Tentacruel|0 fnt
|faint|p1a: Tentacruel
|
|switch|p2a: Heatran|Heatran, M|171\/323
|
|
|switch|p1a: Heatran|Heatran, M|386\/386
|turn|28
|
|move|p2a: Heatran|Taunt|p1a: Heatran
|-start|p1a: Heatran|move: Taunt
|cant|p1a: Heatran|move: Taunt|Taunt
|
|turn|29
|
|switch|p2a: Conkeldurr|Conkeldurr, M|294\/351
|move|p1a: Heatran|Lava Plume|p2a: Conkeldurr
|-damage|p2a: Conkeldurr|210\/351
|
|turn|30
|
|switch|p1a: Clefable|Clefable, M|229\/394
|switch|p2a: Landorus-Therian|Landorus-Therian, M|382\/382
|-ability|p2a: Landorus-Therian|Intimidate|[of] p1a: Clefable
|-unboost|p1a: Clefable|atk|1
|
|turn|31
|
|move|p2a: Landorus-Therian|Earthquake|p1a: Clefable
|-damage|p1a: Clefable|88\/394
|move|p1a: Clefable|Wish|p1a: Clefable
|
|turn|32
|
|move|p1a: Clefable|Protect|p1a: Clefable
|-singleturn|p1a: Clefable|Protect
|move|p2a: Landorus-Therian|Stealth Rock|p1a: Clefable
|-sidestart|p1: JiaShengz|move: Stealth Rock
|
|-heal|p1a: Clefable|285\/394|[from] move: Wish|[wisher] Clefable
|turn|33
|
|move|p2a: Landorus-Therian|Earthquake|p1a: Clefable
|-damage|p1a: Clefable|150\/394
|move|p1a: Clefable|Wish|p1a: Clefable
|
|turn|34
|
|move|p2a: Landorus-Therian|U-turn|p1a: Clefable
|-resisted|p1a: Clefable
|-damage|p1a: Clefable|117\/394
|
|switch|p2a: Heatran|Heatran, M|171\/323
|move|p1a: Clefable|Moonblast|p2a: Heatran
|-resisted|p2a: Heatran
|-damage|p2a: Heatran|145\/323
|
|-heal|p1a: Clefable|314\/394|[from] move: Wish|[wisher] Clefable
|turn|35
|
|switch|p1a: Heatran|Heatran, M|386\/386
|-damage|p1a: Heatran|338\/386|[from] Stealth Rock
|move|p2a: Heatran|Taunt|p1a: Heatran
|-start|p1a: Heatran|move: Taunt
|
|-heal|p1a: Heatran|362\/386|[from] item: Leftovers
|turn|36
|
|switch|p2a: Rotom-Wash|Rotom-Wash|91\/303 brn
|move|p1a: Heatran|Lava Plume|p2a: Rotom-Wash
|-resisted|p2a: Rotom-Wash
|-damage|p2a: Rotom-Wash|35\/303 brn
|
|-heal|p1a: Heatran|386\/386|[from] item: Leftovers
|-damage|p2a: Rotom-Wash|0 fnt|[from] brn
|faint|p2a: Rotom-Wash
|
|switch|p2a: Gengar|Gengar, F|261\/261
|turn|37
|
|move|p2a: Gengar|Trick|p1a: Heatran
|-activate|p2a: Gengar|move: Trick|[of] p1a: Heatran
|-item|p1a: Heatran|Black Sludge|[from] move: Trick
|-item|p2a: Gengar|Leftovers|[from] move: Trick
|move|p1a: Heatran|Lava Plume|p2a: Gengar
|-damage|p2a: Gengar|123\/261
|-status|p2a: Gengar|brn
|
|-heal|p2a: Gengar|139\/261 brn|[from] item: Leftovers
|-damage|p1a: Heatran|338\/386|[from] item: Black Sludge
|-damage|p2a: Gengar|107\/261 brn|[from] brn
|turn|38
|
|switch|p1a: Chansey|Chansey, F|415\/703
|-damage|p1a: Chansey|328\/703|[from] Stealth Rock
|move|p2a: Gengar|Focus Blast|p1a: Chansey
|-supereffective|p1a: Chansey
|-damage|p1a: Chansey|132\/703
|
|-heal|p2a: Gengar|123\/261 brn|[from] item: Leftovers
|-damage|p2a: Gengar|91\/261 brn|[from] brn
|turn|39
|
|switch|p1a: Clefable|Clefable, M|314\/394
|-damage|p1a: Clefable|265\/394|[from] Stealth Rock
|move|p2a: Gengar|Focus Blast|p1a: Clefable|[miss]
|-miss|p2a: Gengar|p1a: Clefable
|
|-heal|p2a: Gengar|107\/261 brn|[from] item: Leftovers
|-damage|p2a: Gengar|75\/261 brn|[from] brn
|turn|40
|
|move|p1a: Clefable|Protect|p1a: Clefable
|-singleturn|p1a: Clefable|Protect
|move|p2a: Gengar|Sludge Wave|p1a: Clefable
|-activate|p1a: Clefable|Protect
|
|-heal|p2a: Gengar|91\/261 brn|[from] item: Leftovers
|-damage|p2a: Gengar|59\/261 brn|[from] brn
|turn|41
|
|switch|p1a: Chansey|Chansey, F|132\/703
|-damage|p1a: Chansey|45\/703|[from] Stealth Rock
|move|p2a: Gengar|Focus Blast|p1a: Chansey
|-supereffective|p1a: Chansey
|-damage|p1a: Chansey|0 fnt
|faint|p1a: Chansey
|
|-heal|p2a: Gengar|75\/261 brn|[from] item: Leftovers
|-damage|p2a: Gengar|43\/261 brn|[from] brn
|
|switch|p1a: Clefable|Clefable, M|265\/394
|-damage|p1a: Clefable|216\/394|[from] Stealth Rock
|turn|42
|
|switch|p2a: Heatran|Heatran, M|145\/323
|move|p1a: Clefable|Protect|p1a: Clefable
|-fail|p1a: Clefable
|
|turn|43
|
|switch|p1a: Heatran|Heatran, M|338\/386
|-damage|p1a: Heatran|290\/386|[from] Stealth Rock
|move|p2a: Heatran|Taunt|p1a: Heatran
|-start|p1a: Heatran|move: Taunt
|
|-damage|p1a: Heatran|242\/386|[from] item: Black Sludge
|turn|44
|
|switch|p1a: Clefable|Clefable, M|216\/394
|-damage|p1a: Clefable|167\/394|[from] Stealth Rock
|move|p2a: Heatran|Toxic|p1a: Clefable
|-status|p1a: Clefable|tox
|
|-damage|p1a: Clefable|143\/394 tox|[from] psn
|turn|45
|
|move|p2a: Heatran|Taunt|p1a: Clefable
|-start|p1a: Clefable|move: Taunt
|cant|p1a: Clefable|move: Taunt|Wish
|
|-damage|p1a: Clefable|95\/394 tox|[from] psn
|turn|46
|
|move|p2a: Heatran|Magma Storm|p1a: Clefable
|-damage|p1a: Clefable|0 fnt
|faint|p1a: Clefable
|
|-message|JiaShengz forfeited.
|leave|JiaShengz
|
|switch|p1a: Heatran|Heatran, M|242\/386
|-damage|p1a: Heatran|194\/386|[from] Stealth Rock
|turn|47
|
|win|bad n lucky
|raw|Ladder updating...
|player|p1
|raw|JiaShengz's rating: 1768 &rarr; <strong>1738<\/strong><br \/>(-30 for losing)
|raw|bad n lucky's rating: 1560 &rarr; <strong>1590<\/strong><br \/>(+30 for winning)