|join|JiaShengz
|join|Dark_380
|player|p1|JiaShengz|265
|player|p2|Dark_380|283
|gametype|singles
|gen|6
|tier|OU
|rated
|clearpoke
|poke|p1|Sableye, F
|poke|p1|Heatran, F
|poke|p1|Tentacruel, F
|poke|p1|Chesnaught, M
|poke|p1|Chansey, F
|poke|p1|Clefable, F
|poke|p2|Gardevoir, M
|poke|p2|Ferrothorn, F
|poke|p2|Keldeo
|poke|p2|Landorus-Therian, M
|poke|p2|Latios, M
|poke|p2|Heatran, F
|rule|Swagger Clause: Swagger is banned
|rule|Baton Pass Clause: Limit one PokÃ©mon knowing Baton Pass
|rule|Sleep Clause Mod: Limit one foe put to sleep
|rule|Species Clause: Limit one of each PokÃ©mon
|rule|OHKO Clause: OHKO moves are banned
|rule|Moody Clause: Moody is banned
|rule|Evasion Moves Clause: Evasion moves are banned
|rule|Endless Battle Clause: Forcing endless battles is banned
|rule|HP Percentage Mod: HP is shown in percentages
|teampreview
|
|start
|switch|p1a: Chansey|Chansey, F|703\/703
|switch|p2a: Gardevoir|Gardevoir, M|277\/277
|-ability|p2a: Gardevoir|Natural Cure|[from] ability: Trace|[of] p1a: Chansey
|turn|1
|
|detailschange|p2a: Gardevoir|Gardevoir-Mega, M
|message|Gardevoir has Mega Evolved into Mega Gardevoir!
|move|p2a: Gardevoir|Taunt|p1a: Chansey
|-start|p1a: Chansey|move: Taunt
|move|p1a: Chansey|Seismic Toss|p2a: Gardevoir
|-damage|p2a: Gardevoir|177\/277
|
|turn|2
|
|switch|p2a: Ferrothorn|Ferrothorn, F|352\/352
|move|p1a: Chansey|Seismic Toss|p2a: Ferrothorn
|-damage|p2a: Ferrothorn|252\/352
|-damage|p1a: Chansey|616\/703|[from] ability: Iron Barbs|[of] p2a: Ferrothorn
|
|-heal|p2a: Ferrothorn|274\/352|[from] item: Leftovers
|turn|3
|
|switch|p1a: Tentacruel|Tentacruel, F|361\/361
|move|p2a: Ferrothorn|Spikes|p1a: Tentacruel
|-sidestart|p1: JiaShengz|Spikes
|
|-heal|p2a: Ferrothorn|296\/352|[from] item: Leftovers
|turn|4
|
|switch|p2a: Gardevoir|Gardevoir-Mega, M|177\/277
|move|p1a: Tentacruel|Toxic Spikes|p2a: Gardevoir
|-sidestart|p2: Dark_380|move: Toxic Spikes
|
|turn|5
|
|move|p2a: Gardevoir|Psyshock|p1a: Tentacruel
|-crit|p1a: Tentacruel
|-supereffective|p1a: Tentacruel
|-damage|p1a: Tentacruel|0 fnt
|faint|p1a: Tentacruel
|
|
|switch|p1a: Chansey|Chansey, F|616\/703
|-damage|p1a: Chansey|529\/703|[from] Spikes
|turn|6
|
|switch|p2a: Heatran|Heatran, F|323\/323
|move|p1a: Chansey|Wish|p1a: Chansey
|
|turn|7
|
|move|p2a: Heatran|Magma Storm|p1a: Chansey
|-damage|p1a: Chansey|424\/703
|-activate|p1a: Chansey|move: Magma Storm|[of] p2a: Heatran
|move|p1a: Chansey|Seismic Toss|p2a: Heatran
|-damage|p2a: Heatran|223\/323
|
|-heal|p1a: Chansey|703\/703|[from] move: Wish|[wisher] Chansey
|-heal|p2a: Heatran|243\/323|[from] item: Leftovers
|-damage|p1a: Chansey|616\/703|[from] move: Magma Storm|[partiallytrapped]
|turn|8
|
|move|p2a: Heatran|Toxic|p1a: Chansey
|-status|p1a: Chansey|tox
|move|p1a: Chansey|Seismic Toss|p2a: Heatran
|-damage|p2a: Heatran|143\/323
|
|-heal|p2a: Heatran|163\/323|[from] item: Leftovers
|-damage|p1a: Chansey|573\/703 tox|[from] psn
|-damage|p1a: Chansey|486\/703 tox|[from] move: Magma Storm|[partiallytrapped]
|turn|9
|
|move|p2a: Heatran|Taunt|p1a: Chansey
|-start|p1a: Chansey|move: Taunt
|cant|p1a: Chansey|move: Taunt|Wish
|
|-heal|p2a: Heatran|183\/323|[from] item: Leftovers
|-damage|p1a: Chansey|400\/703 tox|[from] psn
|-damage|p1a: Chansey|313\/703 tox|[from] move: Magma Storm|[partiallytrapped]
|turn|10
|
|move|p2a: Heatran|Magma Storm|p1a: Chansey
|-damage|p1a: Chansey|192\/703 tox
|move|p1a: Chansey|Seismic Toss|p2a: Heatran
|-damage|p2a: Heatran|83\/323
|
|-heal|p2a: Heatran|103\/323|[from] item: Leftovers
|-damage|p1a: Chansey|63\/703 tox|[from] psn
|-damage|p1a: Chansey|0 fnt|[from] move: Magma Storm|[partiallytrapped]
|faint|p1a: Chansey
|
|switch|p1a: Heatran|Heatran, F|386\/386
|-damage|p1a: Heatran|338\/386|[from] Spikes
|turn|11
|
|move|p2a: Heatran|Earth Power|p1a: Heatran
|-supereffective|p1a: Heatran
|-damage|p1a: Heatran|58\/386
|move|p1a: Heatran|Stealth Rock|p2a: Heatran
|-sidestart|p2: Dark_380|move: Stealth Rock
|
|-heal|p2a: Heatran|123\/323|[from] item: Leftovers
|-heal|p1a: Heatran|82\/386|[from] item: Leftovers
|turn|12
|
|move|p2a: Heatran|Earth Power|p1a: Heatran
|-supereffective|p1a: Heatran
|-damage|p1a: Heatran|0 fnt
|faint|p1a: Heatran
|
|-heal|p2a: Heatran|143\/323|[from] item: Leftovers
|
|switch|p1a: Sableye|Sableye, F|304\/304
|-damage|p1a: Sableye|266\/304|[from] Spikes
|turn|13
|
|switch|p2a: Gardevoir|Gardevoir-Mega, M|177\/277
|-damage|p2a: Gardevoir|143\/277|[from] Stealth Rock
|-status|p2a: Gardevoir|psn
|detailschange|p1a: Sableye|Sableye-Mega, F
|message|Sableye has Mega Evolved into Mega Sableye!
|move|p1a: Sableye|Knock Off|p2a: Gardevoir
|-damage|p2a: Gardevoir|50\/277 psn
|
|-damage|p2a: Gardevoir|16\/277 psn|[from] psn
|turn|14
|
|switch|p2a: Heatran|Heatran, F|143\/323
|-damage|p2a: Heatran|103\/323|[from] Stealth Rock
|switch|p1a: Clefable|Clefable, F|394\/394
|-damage|p1a: Clefable|345\/394|[from] Spikes
|
|-heal|p2a: Heatran|123\/323|[from] item: Leftovers
|-heal|p1a: Clefable|369\/394|[from] item: Leftovers
|turn|15
|
|switch|p1a: Chesnaught|Chesnaught, M|380\/380
|-damage|p1a: Chesnaught|333\/380|[from] Spikes
|move|p2a: Heatran|Magma Storm|p1a: Chesnaught
|-supereffective|p1a: Chesnaught
|-damage|p1a: Chesnaught|0 fnt
|faint|p1a: Chesnaught
|
|-heal|p2a: Heatran|143\/323|[from] item: Leftovers
|
|switch|p1a: Sableye|Sableye-Mega, F|266\/304
|-damage|p1a: Sableye|228\/304|[from] Spikes
|turn|16
|
|move|p2a: Heatran|Magma Storm|p1a: Sableye
|-damage|p1a: Sableye|69\/304
|-activate|p1a: Sableye|move: Magma Storm|[of] p2a: Heatran
|move|p1a: Sableye|Knock Off|p2a: Heatran
|-damage|p2a: Heatran|40\/323
|-enditem|p2a: Heatran|Leftovers|[from] move: Knock Off|[of] p1a: Sableye
|
|-damage|p1a: Sableye|31\/304|[from] move: Magma Storm|[partiallytrapped]
|turn|17
|
|move|p2a: Heatran|Earth Power|p1a: Sableye
|-damage|p1a: Sableye|0 fnt
|faint|p1a: Sableye
|
|
|switch|p1a: Clefable|Clefable, F|369\/394
|-damage|p1a: Clefable|320\/394|[from] Spikes
|turn|18
|
|move|p2a: Heatran|Magma Storm|p1a: Clefable
|-damage|p1a: Clefable|140\/394
|-activate|p1a: Clefable|move: Magma Storm|[of] p2a: Heatran
|move|p1a: Clefable|Moonblast|p2a: Heatran
|-resisted|p2a: Heatran
|-damage|p2a: Heatran|13\/323
|
|-heal|p1a: Clefable|164\/394|[from] item: Leftovers
|-damage|p1a: Clefable|115\/394|[from] move: Magma Storm|[partiallytrapped]
|turn|19
|
|move|p2a: Heatran|Magma Storm|p1a: Clefable
|-damage|p1a: Clefable|0 fnt
|faint|p1a: Clefable
|
|win|Dark_380
|raw|Ladder updating...