|join|JiaShengz
|join|bilabong
|player|p1|JiaShengz|1
|player|p2|bilabong|1
|gametype|singles
|gen|6
|tier|OU
|rated
|clearpoke
|poke|p1|Sableye, F
|poke|p1|Heatran, F
|poke|p1|Tentacruel, M
|poke|p1|Chesnaught, M
|poke|p1|Chansey, F
|poke|p1|Clefable, F
|poke|p2|Alakazam, M
|poke|p2|Magnezone
|poke|p2|Landorus-Therian, M
|poke|p2|Rotom-Wash
|poke|p2|Chansey, F
|poke|p2|Medicham, F
|rule|Swagger Clause: Swagger is banned
|rule|Baton Pass Clause: Limit one PokÃ©mon knowing Baton Pass
|rule|Sleep Clause Mod: Limit one foe put to sleep
|rule|Species Clause: Limit one of each PokÃ©mon
|rule|OHKO Clause: OHKO moves are banned
|rule|Moody Clause: Moody is banned
|rule|Evasion Moves Clause: Evasion moves are banned
|rule|Endless Battle Clause: Forcing endless battles is banned
|rule|HP Percentage Mod: HP is shown in percentages
|teampreview
|
|start
|switch|p1a: Sableye|Sableye, F|304\/304
|switch|p2a: Magnezone|Magnezone|282\/282
|turn|1
|
|detailschange|p1a: Sableye|Sableye-Mega, F
|message|Sableye has Mega Evolved into Mega Sableye!
|move|p1a: Sableye|Will-O-Wisp|p2a: Magnezone
|-status|p2a: Magnezone|brn
|move|p2a: Magnezone|Volt Switch|p1a: Sableye
|-damage|p1a: Sableye|193\/304
|
|switch|p2a: Alakazam|Alakazam, M|252\/252
|
|turn|2
|
|switch|p1a: Heatran|Heatran, F|386\/386
|move|p2a: Alakazam|Dazzling Gleam|p1a: Heatran
|-crit|p1a: Heatran
|-resisted|p1a: Heatran
|-damage|p1a: Heatran|359\/386
|
|-heal|p1a: Heatran|383\/386|[from] item: Leftovers
|turn|3
|
|switch|p2a: Landorus-Therian|Landorus-Therian, M|382\/382
|-ability|p2a: Landorus-Therian|Intimidate|[of] p1a: Heatran
|-unboost|p1a: Heatran|atk|1
|move|p1a: Heatran|Stealth Rock|p2a: Landorus-Therian
|-sidestart|p2: bilabong|move: Stealth Rock
|
|-heal|p1a: Heatran|386\/386|[from] item: Leftovers
|turn|4
|
|switch|p1a: Chesnaught|Chesnaught, M|380\/380
|move|p2a: Landorus-Therian|Earthquake|p1a: Chesnaught
|-resisted|p1a: Chesnaught
|-damage|p1a: Chesnaught|314\/380
|
|-heal|p1a: Chesnaught|337\/380|[from] item: Leftovers
|turn|5
|
|move|p2a: Landorus-Therian|Knock Off|p1a: Chesnaught
|-resisted|p1a: Chesnaught
|-damage|p1a: Chesnaught|296\/380
|-enditem|p1a: Chesnaught|Leftovers|[from] move: Knock Off|[of] p2a: Landorus-Therian
|move|p1a: Chesnaught|Spikes|p2a: Landorus-Therian
|-sidestart|p2: bilabong|Spikes
|
|turn|6
|
|move|p2a: Landorus-Therian|Stealth Rock|p1a: Chesnaught
|-sidestart|p1: JiaShengz|move: Stealth Rock
|move|p1a: Chesnaught|Spikes|p2a: Landorus-Therian
|-sidestart|p2: bilabong|Spikes
|
|turn|7
|
|move|p2a: Landorus-Therian|U-turn|p1a: Chesnaught
|-crit|p1a: Chesnaught
|-damage|p1a: Chesnaught|196\/380
|
|switch|p2a: Rotom-Wash|Rotom-Wash|304\/304
|-damage|p2a: Rotom-Wash|266\/304|[from] Stealth Rock
|move|p1a: Chesnaught|Spikes|p2a: Rotom-Wash
|-sidestart|p2: bilabong|Spikes
|
|-heal|p2a: Rotom-Wash|285\/304|[from] item: Leftovers
|turn|8
|
|switch|p1a: Heatran|Heatran, F|386\/386
|-damage|p1a: Heatran|338\/386|[from] Stealth Rock
|move|p2a: Rotom-Wash|Will-O-Wisp|p1a: Heatran
|-start|p1a: Heatran|ability: Flash Fire
|
|-heal|p2a: Rotom-Wash|304\/304|[from] item: Leftovers
|-heal|p1a: Heatran|362\/386|[from] item: Leftovers
|turn|9
|
|move|p2a: Rotom-Wash|Hydro Pump|p1a: Heatran
|-supereffective|p1a: Heatran
|-damage|p1a: Heatran|176\/386
|move|p1a: Heatran|Lava Plume|p2a: Rotom-Wash
|-resisted|p2a: Rotom-Wash
|-damage|p2a: Rotom-Wash|214\/304
|
|-heal|p2a: Rotom-Wash|233\/304|[from] item: Leftovers
|-heal|p1a: Heatran|200\/386|[from] item: Leftovers
|turn|10
|
|switch|p1a: Chansey|Chansey, F|703\/703
|-damage|p1a: Chansey|616\/703|[from] Stealth Rock
|move|p2a: Rotom-Wash|Hydro Pump|p1a: Chansey
|-damage|p1a: Chansey|528\/703
|
|-heal|p2a: Rotom-Wash|252\/304|[from] item: Leftovers
|turn|11
|
|move|p2a: Rotom-Wash|Will-O-Wisp|p1a: Chansey|[miss]
|-miss|p2a: Rotom-Wash|p1a: Chansey
|move|p1a: Chansey|Wish|p1a: Chansey
|
|-heal|p2a: Rotom-Wash|271\/304|[from] item: Leftovers
|turn|12
|
|switch|p1a: Sableye|Sableye-Mega, F|193\/304
|-damage|p1a: Sableye|155\/304|[from] Stealth Rock
|move|p2a: Rotom-Wash|Volt Switch|p1a: Sableye
|-damage|p1a: Sableye|86\/304
|
|switch|p2a: Landorus-Therian|Landorus-Therian, M|382\/382
|-damage|p2a: Landorus-Therian|335\/382|[from] Stealth Rock
|-ability|p2a: Landorus-Therian|Intimidate|[of] p1a: Sableye
|-unboost|p1a: Sableye|atk|1
|
|-heal|p1a: Sableye|304\/304|[from] move: Wish|[wisher] Chansey
|-heal|p2a: Landorus-Therian|358\/382|[from] item: Leftovers
|turn|13
|
|move|p2a: Landorus-Therian|U-turn|p1a: Sableye
|-damage|p1a: Sableye|245\/304
|
|switch|p2a: Alakazam|Alakazam, M|252\/252
|move|p1a: Sableye|Knock Off|p2a: Alakazam
|-supereffective|p2a: Alakazam
|-damage|p2a: Alakazam|16\/252
|-enditem|p2a: Alakazam|Focus Sash|[from] move: Knock Off|[of] p1a: Sableye
|
|turn|14
|
|switch|p1a: Chansey|Chansey, F|528\/703
|-damage|p1a: Chansey|441\/703|[from] Stealth Rock
|move|p2a: Alakazam|Dazzling Gleam|p1a: Chansey
|-damage|p1a: Chansey|382\/703
|
|turn|15
|
|switch|p2a: Landorus-Therian|Landorus-Therian, M|358\/382
|-damage|p2a: Landorus-Therian|311\/382|[from] Stealth Rock
|-ability|p2a: Landorus-Therian|Intimidate|[of] p1a: Chansey
|-unboost|p1a: Chansey|atk|1
|move|p1a: Chansey|Soft-Boiled|p1a: Chansey
|-heal|p1a: Chansey|703\/703
|
|-heal|p2a: Landorus-Therian|334\/382|[from] item: Leftovers
|turn|16
|
|switch|p1a: Clefable|Clefable, F|394\/394
|-damage|p1a: Clefable|345\/394|[from] Stealth Rock
|move|p2a: Landorus-Therian|Earthquake|p1a: Clefable
|-damage|p1a: Clefable|171\/394
|
|-heal|p2a: Landorus-Therian|357\/382|[from] item: Leftovers
|-heal|p1a: Clefable|195\/394|[from] item: Leftovers
|turn|17
|
|switch|p1a: Sableye|Sableye-Mega, F|245\/304
|-damage|p1a: Sableye|207\/304|[from] Stealth Rock
|move|p2a: Landorus-Therian|Knock Off|p1a: Sableye
|-damage|p1a: Sableye|152\/304
|
|-heal|p2a: Landorus-Therian|380\/382|[from] item: Leftovers
|turn|18
|
|move|p2a: Landorus-Therian|Earthquake|p1a: Sableye
|-damage|p1a: Sableye|22\/304
|move|p1a: Sableye|Recover|p1a: Sableye
|-heal|p1a: Sableye|174\/304
|
|-heal|p2a: Landorus-Therian|382\/382|[from] item: Leftovers
|turn|19
|
|move|p2a: Landorus-Therian|U-turn|p1a: Sableye
|-damage|p1a: Sableye|114\/304
|
|switch|p2a: Alakazam|Alakazam, M|16\/252
|move|p1a: Sableye|Knock Off|p2a: Alakazam
|-supereffective|p2a: Alakazam
|-damage|p2a: Alakazam|0 fnt
|faint|p2a: Alakazam
|
|
|switch|p2a: Landorus-Therian|Landorus-Therian, M|382\/382
|-damage|p2a: Landorus-Therian|335\/382|[from] Stealth Rock
|-ability|p2a: Landorus-Therian|Intimidate|[of] p1a: Sableye
|-unboost|p1a: Sableye|atk|1
|turn|20
|
|switch|p1a: Chesnaught|Chesnaught, M|196\/380
|-damage|p1a: Chesnaught|173\/380|[from] Stealth Rock
|move|p2a: Landorus-Therian|Earthquake|p1a: Chesnaught
|-resisted|p1a: Chesnaught
|-damage|p1a: Chesnaught|106\/380
|
|-heal|p2a: Landorus-Therian|358\/382|[from] item: Leftovers
|turn|21
|
|move|p1a: Chesnaught|Spiky Shield|p1a: Chesnaught
|-singleturn|p1a: Chesnaught|move: Protect
|move|p2a: Landorus-Therian|Earthquake|p1a: Chesnaught
|-activate|p1a: Chesnaught|move: Protect
|
|-heal|p2a: Landorus-Therian|381\/382|[from] item: Leftovers
|turn|22
|
|move|p2a: Landorus-Therian|Earthquake|p1a: Chesnaught
|-resisted|p1a: Chesnaught
|-damage|p1a: Chesnaught|35\/380
|move|p1a: Chesnaught|Leech Seed|p2a: Landorus-Therian
|-start|p2a: Landorus-Therian|move: Leech Seed
|
|-heal|p2a: Landorus-Therian|382\/382|[from] item: Leftovers
|-damage|p2a: Landorus-Therian|335\/382|[from] Leech Seed|[of] p1a: Chesnaught
|-heal|p1a: Chesnaught|82\/380|[silent]
|turn|23
|
|switch|p2a: Rotom-Wash|Rotom-Wash|271\/304
|-damage|p2a: Rotom-Wash|233\/304|[from] Stealth Rock
|move|p1a: Chesnaught|Leech Seed|p2a: Rotom-Wash|[miss]
|-miss|p1a: Chesnaught|p2a: Rotom-Wash
|
|-heal|p2a: Rotom-Wash|252\/304|[from] item: Leftovers
|turn|24
|
|switch|p1a: Chansey|Chansey, F|703\/703
|-damage|p1a: Chansey|616\/703|[from] Stealth Rock
|move|p2a: Rotom-Wash|Volt Switch|p1a: Chansey
|-damage|p1a: Chansey|562\/703
|
|switch|p2a: Landorus-Therian|Landorus-Therian, M|335\/382
|-damage|p2a: Landorus-Therian|288\/382|[from] Stealth Rock
|-ability|p2a: Landorus-Therian|Intimidate|[of] p1a: Chansey
|-unboost|p1a: Chansey|atk|1
|
|-heal|p2a: Landorus-Therian|311\/382|[from] item: Leftovers
|turn|25
|
|move|p2a: Landorus-Therian|Earthquake|p1a: Chansey
|-damage|p1a: Chansey|271\/703
|move|p1a: Chansey|Wish|p1a: Chansey
|
|-heal|p2a: Landorus-Therian|334\/382|[from] item: Leftovers
|turn|26
|
|switch|p1a: Chesnaught|Chesnaught, M|82\/380
|-damage|p1a: Chesnaught|59\/380|[from] Stealth Rock
|move|p2a: Landorus-Therian|Earthquake|p1a: Chesnaught
|-resisted|p1a: Chesnaught
|-damage|p1a: Chesnaught|0 fnt
|faint|p1a: Chesnaught
|
|-heal|p2a: Landorus-Therian|357\/382|[from] item: Leftovers
|
|switch|p1a: Clefable|Clefable, F|195\/394
|-damage|p1a: Clefable|146\/394|[from] Stealth Rock
|turn|27
|
|move|p1a: Clefable|Protect|p1a: Clefable
|-singleturn|p1a: Clefable|Protect
|move|p2a: Landorus-Therian|Earthquake|p1a: Clefable
|-activate|p1a: Clefable|Protect
|
|-heal|p2a: Landorus-Therian|380\/382|[from] item: Leftovers
|-heal|p1a: Clefable|170\/394|[from] item: Leftovers
|turn|28
|
|move|p2a: Landorus-Therian|Knock Off|p1a: Clefable
|-resisted|p1a: Clefable
|-damage|p1a: Clefable|112\/394
|-enditem|p1a: Clefable|Leftovers|[from] move: Knock Off|[of] p2a: Landorus-Therian
|move|p1a: Clefable|Wish|p1a: Clefable
|
|-heal|p2a: Landorus-Therian|382\/382|[from] item: Leftovers
|turn|29
|
|move|p1a: Clefable|Protect|p1a: Clefable
|-singleturn|p1a: Clefable|Protect
|move|p2a: Landorus-Therian|Earthquake|p1a: Clefable
|-activate|p1a: Clefable|Protect
|
|-heal|p1a: Clefable|309\/394|[from] move: Wish|[wisher] Clefable
|turn|30
|
|move|p2a: Landorus-Therian|Earthquake|p1a: Clefable
|-crit|p1a: Clefable
|-damage|p1a: Clefable|50\/394
|move|p1a: Clefable|Wish|p1a: Clefable
|
|turn|31
|
|move|p1a: Clefable|Protect|p1a: Clefable
|-singleturn|p1a: Clefable|Protect
|move|p2a: Landorus-Therian|U-turn|p1a: Clefable
|-activate|p1a: Clefable|Protect
|
|-heal|p1a: Clefable|247\/394|[from] move: Wish|[wisher] Clefable
|turn|32
|
|move|p2a: Landorus-Therian|Earthquake|p1a: Clefable
|-damage|p1a: Clefable|45\/394
|move|p1a: Clefable|Wish|p1a: Clefable
|
|turn|33
|
|move|p1a: Clefable|Protect|p1a: Clefable
|-singleturn|p1a: Clefable|Protect
|move|p2a: Landorus-Therian|U-turn|p1a: Clefable
|-activate|p1a: Clefable|Protect
|
|-heal|p1a: Clefable|242\/394|[from] move: Wish|[wisher] Clefable
|turn|34
|
|move|p2a: Landorus-Therian|Earthquake|p1a: Clefable
|-damage|p1a: Clefable|61\/394
|move|p1a: Clefable|Wish|p1a: Clefable
|
|turn|35
|
|move|p1a: Clefable|Protect|p1a: Clefable
|-singleturn|p1a: Clefable|Protect
|move|p2a: Landorus-Therian|Earthquake|p1a: Clefable
|-activate|p1a: Clefable|Protect
|
|-heal|p1a: Clefable|258\/394|[from] move: Wish|[wisher] Clefable
|turn|36
|
|move|p2a: Landorus-Therian|Earthquake|p1a: Clefable
|-damage|p1a: Clefable|87\/394
|move|p1a: Clefable|Wish|p1a: Clefable
|
|turn|37
|
|move|p1a: Clefable|Protect|p1a: Clefable
|-singleturn|p1a: Clefable|Protect
|move|p2a: Landorus-Therian|Earthquake|p1a: Clefable
|-activate|p1a: Clefable|Protect
|
|-heal|p1a: Clefable|284\/394|[from] move: Wish|[wisher] Clefable
|turn|38
|
|move|p2a: Landorus-Therian|U-turn|p1a: Clefable
|-crit|p1a: Clefable
|-resisted|p1a: Clefable
|-damage|p1a: Clefable|223\/394
|
|switch|p2a: Magnezone|Magnezone|282\/282 brn
|-damage|p2a: Magnezone|265\/282 brn|[from] Stealth Rock
|-damage|p2a: Magnezone|195\/282 brn|[from] Spikes
|move|p1a: Clefable|Wish|p1a: Clefable
|
|-damage|p2a: Magnezone|160\/282 brn|[from] brn
|turn|39
|
|move|p1a: Clefable|Protect|p1a: Clefable
|-singleturn|p1a: Clefable|Protect
|move|p2a: Magnezone|Volt Switch|p1a: Clefable
|-activate|p1a: Clefable|Protect
|
|-heal|p1a: Clefable|394\/394|[from] move: Wish|[wisher] Clefable
|-damage|p2a: Magnezone|125\/282 brn|[from] brn
|turn|40
|
|move|p2a: Magnezone|Volt Switch|p1a: Clefable
|-damage|p1a: Clefable|237\/394
|
|switch|p2a: Rotom-Wash|Rotom-Wash|252\/304
|-damage|p2a: Rotom-Wash|214\/304|[from] Stealth Rock
|move|p1a: Clefable|Wish|p1a: Clefable
|
|-heal|p2a: Rotom-Wash|233\/304|[from] item: Leftovers
|turn|41
|
|switch|p1a: Chansey|Chansey, F|271\/703
|-damage|p1a: Chansey|184\/703|[from] Stealth Rock
|move|p2a: Rotom-Wash|Hydro Pump|p1a: Chansey|[miss]
|-miss|p2a: Rotom-Wash|p1a: Chansey
|
|-heal|p1a: Chansey|381\/703|[from] move: Wish|[wisher] Clefable
|-heal|p2a: Rotom-Wash|252\/304|[from] item: Leftovers
|turn|42
|
|move|p2a: Rotom-Wash|Will-O-Wisp|p1a: Chansey
|-status|p1a: Chansey|brn
|move|p1a: Chansey|Wish|p1a: Chansey
|
|-heal|p2a: Rotom-Wash|271\/304|[from] item: Leftovers
|-damage|p1a: Chansey|294\/703 brn|[from] brn
|turn|43
|
|switch|p1a: Clefable|Clefable, F|237\/394
|-damage|p1a: Clefable|188\/394|[from] Stealth Rock
|move|p2a: Rotom-Wash|Hydro Pump|p1a: Clefable|[miss]
|-miss|p2a: Rotom-Wash|p1a: Clefable
|
|-heal|p1a: Clefable|394\/394|[from] move: Wish|[wisher] Chansey
|-heal|p2a: Rotom-Wash|290\/304|[from] item: Leftovers
|turn|44
|
|switch|p1a: Sableye|Sableye-Mega, F|114\/304
|-damage|p1a: Sableye|76\/304|[from] Stealth Rock
|move|p2a: Rotom-Wash|Hydro Pump|p1a: Sableye
|-damage|p1a: Sableye|0 fnt
|faint|p1a: Sableye
|
|-heal|p2a: Rotom-Wash|304\/304|[from] item: Leftovers
|
|switch|p1a: Chansey|Chansey, F|294\/703
|-damage|p1a: Chansey|207\/703|[from] Stealth Rock
|turn|45
|
|move|p2a: Rotom-Wash|Will-O-Wisp|p1a: Chansey
|-status|p1a: Chansey|brn
|move|p1a: Chansey|Soft-Boiled|p1a: Chansey
|-heal|p1a: Chansey|559\/703 brn
|
|-damage|p1a: Chansey|472\/703 brn|[from] brn
|turn|46
|
|move|p2a: Rotom-Wash|Pain Split|p1a: Chansey
|-sethp|p1a: Chansey|388\/703 brn|p2a: Rotom-Wash|304\/304|[from] move: Pain Split
|move|p1a: Chansey|Wish|p1a: Chansey
|
|-damage|p1a: Chansey|301\/703 brn|[from] brn
|turn|47
|
|move|p2a: Rotom-Wash|Volt Switch|p1a: Chansey
|-damage|p1a: Chansey|244\/703 brn
|
|switch|p2a: Landorus-Therian|Landorus-Therian, M|382\/382
|-damage|p2a: Landorus-Therian|335\/382|[from] Stealth Rock
|-ability|p2a: Landorus-Therian|Intimidate|[of] p1a: Chansey
|-unboost|p1a: Chansey|atk|1
|move|p1a: Chansey|Soft-Boiled|p1a: Chansey
|-heal|p1a: Chansey|596\/703 brn
|
|-heal|p1a: Chansey|703\/703 brn|[from] move: Wish|[wisher] Chansey
|-heal|p2a: Landorus-Therian|358\/382|[from] item: Leftovers
|-damage|p1a: Chansey|616\/703 brn|[from] brn
|turn|48
|
|switch|p1a: Heatran|Heatran, F|200\/386
|-damage|p1a: Heatran|152\/386|[from] Stealth Rock
|move|p2a: Landorus-Therian|Knock Off|p1a: Heatran
|-damage|p1a: Heatran|31\/386
|-enditem|p1a: Heatran|Leftovers|[from] move: Knock Off|[of] p2a: Landorus-Therian
|
|-heal|p2a: Landorus-Therian|381\/382|[from] item: Leftovers
|turn|49
|
|move|p2a: Landorus-Therian|Knock Off|p1a: Heatran
|-damage|p1a: Heatran|0 fnt
|faint|p1a: Heatran
|
|-heal|p2a: Landorus-Therian|382\/382|[from] item: Leftovers
|
|switch|p1a: Clefable|Clefable, F|394\/394
|-damage|p1a: Clefable|345\/394|[from] Stealth Rock
|turn|50
|
|move|p2a: Landorus-Therian|U-turn|p1a: Clefable
|-resisted|p1a: Clefable
|-damage|p1a: Clefable|301\/394
|
|switch|p2a: Medicham|Medicham, F|324\/324
|-damage|p2a: Medicham|304\/324|[from] Stealth Rock
|-damage|p2a: Medicham|223\/324|[from] Spikes
|move|p1a: Clefable|Wish|p1a: Clefable
|
|turn|51
|
|detailschange|p2a: Medicham|Medicham-Mega, F
|message|Medicham has Mega Evolved into Mega Medicham!
|move|p2a: Medicham|Fake Out|p1a: Clefable
|-damage|p1a: Clefable|220\/394
|cant|p1a: Clefable|flinch
|
|-heal|p1a: Clefable|394\/394|[from] move: Wish|[wisher] Clefable
|turn|52
|
|move|p2a: Medicham|Psycho Cut|p1a: Clefable
|-crit|p1a: Clefable
|-damage|p1a: Clefable|73\/394
|move|p1a: Clefable|Wish|p1a: Clefable
|
|turn|53
|
|move|p1a: Clefable|Protect|p1a: Clefable
|-singleturn|p1a: Clefable|Protect
|move|p2a: Medicham|Bullet Punch|p1a: Clefable
|-activate|p1a: Clefable|Protect
|
|-heal|p1a: Clefable|270\/394|[from] move: Wish|[wisher] Clefable
|turn|54
|
|move|p2a: Medicham|Psycho Cut|p1a: Clefable
|-damage|p1a: Clefable|69\/394
|move|p1a: Clefable|Wish|p1a: Clefable
|
|turn|55
|
|move|p1a: Clefable|Protect|p1a: Clefable
|-singleturn|p1a: Clefable|Protect
|move|p2a: Medicham|Bullet Punch|p1a: Clefable
|-activate|p1a: Clefable|Protect
|
|-heal|p1a: Clefable|266\/394|[from] move: Wish|[wisher] Clefable
|turn|56
|
|move|p2a: Medicham|Psycho Cut|p1a: Clefable
|-damage|p1a: Clefable|53\/394
|move|p1a: Clefable|Wish|p1a: Clefable
|
|turn|57
|
|move|p1a: Clefable|Protect|p1a: Clefable
|-singleturn|p1a: Clefable|Protect
|move|p2a: Medicham|Bullet Punch|p1a: Clefable
|-activate|p1a: Clefable|Protect
|
|-heal|p1a: Clefable|250\/394|[from] move: Wish|[wisher] Clefable
|turn|58
|
|move|p2a: Medicham|Psycho Cut|p1a: Clefable
|-damage|p1a: Clefable|55\/394
|move|p1a: Clefable|Moonblast|p2a: Medicham
|-supereffective|p2a: Medicham
|-damage|p2a: Medicham|0 fnt
|faint|p2a: Medicham
|
|
|switch|p2a: Rotom-Wash|Rotom-Wash|304\/304
|-damage|p2a: Rotom-Wash|266\/304|[from] Stealth Rock
|turn|59
|
|move|p2a: Rotom-Wash|Volt Switch|p1a: Clefable
|-damage|p1a: Clefable|0 fnt
|faint|p1a: Clefable
|
|switch|p2a: Landorus-Therian|Landorus-Therian, M|382\/382
|-damage|p2a: Landorus-Therian|335\/382|[from] Stealth Rock
|
|-heal|p2a: Landorus-Therian|358\/382|[from] item: Leftovers
|
|switch|p1a: Tentacruel|Tentacruel, M|361\/361
|-damage|p1a: Tentacruel|316\/361|[from] Stealth Rock
|turn|60
|
|switch|p2a: Rotom-Wash|Rotom-Wash|266\/304
|-damage|p2a: Rotom-Wash|228\/304|[from] Stealth Rock
|move|p1a: Tentacruel|Knock Off|p2a: Rotom-Wash
|-damage|p2a: Rotom-Wash|190\/304
|-enditem|p2a: Rotom-Wash|Leftovers|[from] move: Knock Off|[of] p1a: Tentacruel
|
|-heal|p1a: Tentacruel|338\/361|[from] item: Black Sludge
|turn|61
|
|move|p1a: Tentacruel|Scald|p2a: Rotom-Wash
|-resisted|p2a: Rotom-Wash
|-damage|p2a: Rotom-Wash|157\/304
|move|p2a: Rotom-Wash|Will-O-Wisp|p1a: Tentacruel
|-status|p1a: Tentacruel|brn
|
|-heal|p1a: Tentacruel|360\/361 brn|[from] item: Black Sludge
|-damage|p1a: Tentacruel|315\/361 brn|[from] brn
|turn|62
|
|switch|p1a: Chansey|Chansey, F|616\/703
|-damage|p1a: Chansey|529\/703|[from] Stealth Rock
|move|p2a: Rotom-Wash|Pain Split|p1a: Chansey
|-sethp|p1a: Chansey|343\/703|p2a: Rotom-Wash|304\/304|[from] move: Pain Split
|
|turn|63
|
|move|p2a: Rotom-Wash|Will-O-Wisp|p1a: Chansey
|-status|p1a: Chansey|brn
|move|p1a: Chansey|Wish|p1a: Chansey
|
|-damage|p1a: Chansey|256\/703 brn|[from] brn
|turn|64
|
|move|p2a: Rotom-Wash|Hydro Pump|p1a: Chansey
|-damage|p1a: Chansey|165\/703 brn
|move|p1a: Chansey|Heal Bell|p1a: Chansey
|-cureteam|p1a: Chansey|[from] move: HealBell
|
|-heal|p1a: Chansey|516\/703|[from] move: Wish|[wisher] Chansey
|turn|65
|
|move|p2a: Rotom-Wash|Will-O-Wisp|p1a: Chansey
|-status|p1a: Chansey|brn
|move|p1a: Chansey|Wish|p1a: Chansey
|
|-damage|p1a: Chansey|429\/703 brn|[from] brn
|turn|66
|
|move|p2a: Rotom-Wash|Will-O-Wisp|p1a: Chansey
|-fail|p1a: Chansey|brn
|move|p1a: Chansey|Wish|p1a: Chansey
|-fail|p1a: Chansey
|
|-heal|p1a: Chansey|703\/703 brn|[from] move: Wish|[wisher] Chansey
|-damage|p1a: Chansey|616\/703 brn|[from] brn
|turn|67
|
|move|p2a: Rotom-Wash|Hydro Pump|p1a: Chansey
|-damage|p1a: Chansey|537\/703 brn
|move|p1a: Chansey|Wish|p1a: Chansey
|
|-damage|p1a: Chansey|450\/703 brn|[from] brn
|turn|68
|
|move|p2a: Rotom-Wash|Will-O-Wisp|p1a: Chansey|[miss]
|-miss|p2a: Rotom-Wash|p1a: Chansey
|move|p1a: Chansey|Seismic Toss|p2a: Rotom-Wash
|-damage|p2a: Rotom-Wash|204\/304
|
|-heal|p1a: Chansey|703\/703 brn|[from] move: Wish|[wisher] Chansey
|-damage|p1a: Chansey|616\/703 brn|[from] brn
|turn|69
|
|move|p2a: Rotom-Wash|Pain Split|p1a: Chansey
|-sethp|p1a: Chansey|410\/703 brn|p2a: Rotom-Wash|304\/304|[from] move: Pain Split
|move|p1a: Chansey|Seismic Toss|p2a: Rotom-Wash
|-damage|p2a: Rotom-Wash|204\/304
|
|-damage|p1a: Chansey|323\/703 brn|[from] brn
|turn|70
|
|move|p2a: Rotom-Wash|Hydro Pump|p1a: Chansey
|-crit|p1a: Chansey
|-damage|p1a: Chansey|190\/703 brn
|move|p1a: Chansey|Soft-Boiled|p1a: Chansey
|-heal|p1a: Chansey|542\/703 brn
|
|-damage|p1a: Chansey|455\/703 brn|[from] brn
|turn|71
|
|move|p2a: Rotom-Wash|Pain Split|p1a: Chansey
|-sethp|p1a: Chansey|329\/703 brn|p2a: Rotom-Wash|304\/304|[from] move: Pain Split
|move|p1a: Chansey|Wish|p1a: Chansey
|
|-damage|p1a: Chansey|242\/703 brn|[from] brn
|turn|72
|
|move|p2a: Rotom-Wash|Pain Split|p1a: Chansey
|-sethp|p1a: Chansey|273\/703 brn|p2a: Rotom-Wash|273\/304|[from] move: Pain Split
|move|p1a: Chansey|Soft-Boiled|p1a: Chansey
|-heal|p1a: Chansey|625\/703 brn
|
|-heal|p1a: Chansey|703\/703 brn|[from] move: Wish|[wisher] Chansey
|-damage|p1a: Chansey|616\/703 brn|[from] brn
|turn|73
|
|move|p2a: Rotom-Wash|Pain Split|p1a: Chansey
|-sethp|p1a: Chansey|444\/703 brn|p2a: Rotom-Wash|304\/304|[from] move: Pain Split
|move|p1a: Chansey|Seismic Toss|p2a: Rotom-Wash
|-damage|p2a: Rotom-Wash|204\/304
|
|-damage|p1a: Chansey|357\/703 brn|[from] brn
|turn|74
|
|move|p2a: Rotom-Wash|Pain Split|p1a: Chansey
|-sethp|p1a: Chansey|280\/703 brn|p2a: Rotom-Wash|280\/304|[from] move: Pain Split
|move|p1a: Chansey|Soft-Boiled|p1a: Chansey
|-heal|p1a: Chansey|632\/703 brn
|
|-damage|p1a: Chansey|545\/703 brn|[from] brn
|turn|75
|
|switch|p1a: Tentacruel|Tentacruel, M|315\/361
|-damage|p1a: Tentacruel|270\/361|[from] Stealth Rock
|move|p2a: Rotom-Wash|Pain Split|p1a: Tentacruel
|-sethp|p1a: Tentacruel|275\/361|p2a: Rotom-Wash|275\/304|[from] move: Pain Split
|
|-heal|p1a: Tentacruel|297\/361|[from] item: Black Sludge
|turn|76
|
|move|p1a: Tentacruel|Scald|p2a: Rotom-Wash
|-resisted|p2a: Rotom-Wash
|-damage|p2a: Rotom-Wash|238\/304
|-status|p2a: Rotom-Wash|brn
|move|p2a: Rotom-Wash|Will-O-Wisp|p1a: Tentacruel
|-status|p1a: Tentacruel|brn
|
|-heal|p1a: Tentacruel|319\/361 brn|[from] item: Black Sludge
|-damage|p1a: Tentacruel|274\/361 brn|[from] brn
|-damage|p2a: Rotom-Wash|200\/304 brn|[from] brn
|turn|77
|
|switch|p1a: Chansey|Chansey, F|545\/703
|-damage|p1a: Chansey|458\/703|[from] Stealth Rock
|move|p2a: Rotom-Wash|Volt Switch|p1a: Chansey
|-damage|p1a: Chansey|406\/703
|
|switch|p2a: Chansey|Chansey, F|704\/704
|-damage|p2a: Chansey|616\/704|[from] Stealth Rock
|-damage|p2a: Chansey|440\/704|[from] Spikes
|
|turn|78
|
|move|p1a: Chansey|Seismic Toss|p2a: Chansey
|-damage|p2a: Chansey|340\/704
|move|p2a: Chansey|Heal Bell|p2a: Chansey
|-cureteam|p2a: Chansey|[from] move: HealBell
|
|turn|79
|
|move|p1a: Chansey|Seismic Toss|p2a: Chansey
|-damage|p2a: Chansey|240\/704
|move|p2a: Chansey|Wish|p2a: Chansey
|
|turn|80
|
|move|p2a: Chansey|Protect|p2a: Chansey
|-singleturn|p2a: Chansey|Protect
|move|p1a: Chansey|Wish|p1a: Chansey
|
|-heal|p2a: Chansey|592\/704|[from] move: Wish|[wisher] Chansey
|turn|81
|
|move|p1a: Chansey|Heal Bell|p1a: Chansey
|-cureteam|p1a: Chansey|[from] move: HealBell
|move|p2a: Chansey|Toxic|p1a: Chansey|[miss]
|-miss|p2a: Chansey|p1a: Chansey
|
|-heal|p1a: Chansey|703\/703|[from] move: Wish|[wisher] Chansey
|turn|82
|
|move|p1a: Chansey|Wish|p1a: Chansey
|move|p2a: Chansey|Wish|p2a: Chansey
|
|turn|83
|
|switch|p2a: Rotom-Wash|Rotom-Wash|200\/304
|-damage|p2a: Rotom-Wash|162\/304|[from] Stealth Rock
|switch|p1a: Tentacruel|Tentacruel, M|274\/361
|-damage|p1a: Tentacruel|229\/361|[from] Stealth Rock
|
|-heal|p2a: Rotom-Wash|304\/304|[from] move: Wish|[wisher] Chansey
|-heal|p1a: Tentacruel|361\/361|[from] move: Wish|[wisher] Chansey
|turn|84
|
|move|p1a: Tentacruel|Toxic Spikes|p2a: Rotom-Wash
|-sidestart|p2: bilabong|move: Toxic Spikes
|move|p2a: Rotom-Wash|Will-O-Wisp|p1a: Tentacruel
|-status|p1a: Tentacruel|brn
|
|-damage|p1a: Tentacruel|316\/361 brn|[from] brn
|turn|85
|
|switch|p1a: Chansey|Chansey, F|703\/703
|-damage|p1a: Chansey|616\/703|[from] Stealth Rock
|move|p2a: Rotom-Wash|Pain Split|p1a: Chansey
|-sethp|p1a: Chansey|460\/703|p2a: Rotom-Wash|304\/304|[from] move: Pain Split
|
|turn|86
|
|move|p2a: Rotom-Wash|Will-O-Wisp|p1a: Chansey
|-status|p1a: Chansey|brn
|move|p1a: Chansey|Soft-Boiled|p1a: Chansey
|-heal|p1a: Chansey|703\/703 brn
|
|-damage|p1a: Chansey|616\/703 brn|[from] brn
|turn|87
|
|move|p2a: Rotom-Wash|Pain Split|p1a: Chansey
|-sethp|p1a: Chansey|460\/703 brn|p2a: Rotom-Wash|304\/304|[from] move: Pain Split
|move|p1a: Chansey|Heal Bell|p1a: Chansey
|-cureteam|p1a: Chansey|[from] move: HealBell
|
|turn|88
|
|move|p2a: Rotom-Wash|Pain Split|p1a: Chansey
|-sethp|p1a: Chansey|382\/703|p2a: Rotom-Wash|304\/304|[from] move: Pain Split
|move|p1a: Chansey|Seismic Toss|p2a: Rotom-Wash
|-damage|p2a: Rotom-Wash|204\/304
|
|turn|89
|
|move|p2a: Rotom-Wash|Will-O-Wisp|p1a: Chansey
|-status|p1a: Chansey|brn
|move|p1a: Chansey|Soft-Boiled|p1a: Chansey
|-heal|p1a: Chansey|703\/703 brn
|
|-damage|p1a: Chansey|616\/703 brn|[from] brn
|turn|90
|
|switch|p1a: Tentacruel|Tentacruel, M|316\/361
|-damage|p1a: Tentacruel|271\/361|[from] Stealth Rock
|move|p2a: Rotom-Wash|Pain Split|p1a: Tentacruel
|-sethp|p1a: Tentacruel|237\/361|p2a: Rotom-Wash|237\/304|[from] move: Pain Split
|
|-heal|p1a: Tentacruel|259\/361|[from] item: Black Sludge
|turn|91
|
|move|p1a: Tentacruel|Rapid Spin|p2a: Rotom-Wash
|-damage|p2a: Rotom-Wash|229\/304
|-sideend|p1: JiaShengz|Stealth Rock|[from] move: Rapid Spin|[of] p1a: Tentacruel
|move|p2a: Rotom-Wash|Will-O-Wisp|p1a: Tentacruel
|-status|p1a: Tentacruel|brn
|
|-heal|p1a: Tentacruel|281\/361 brn|[from] item: Black Sludge
|-damage|p1a: Tentacruel|236\/361 brn|[from] brn
|turn|92
|
|switch|p1a: Chansey|Chansey, F|616\/703
|move|p2a: Rotom-Wash|Pain Split|p1a: Chansey
|-sethp|p1a: Chansey|422\/703|p2a: Rotom-Wash|304\/304|[from] move: Pain Split
|
|turn|93
|
|move|p2a: Rotom-Wash|Volt Switch|p1a: Chansey
|-damage|p1a: Chansey|364\/703
|
|switch|p2a: Landorus-Therian|Landorus-Therian, M|358\/382
|-damage|p2a: Landorus-Therian|311\/382|[from] Stealth Rock
|-ability|p2a: Landorus-Therian|Intimidate|[of] p1a: Chansey
|-unboost|p1a: Chansey|atk|1
|move|p1a: Chansey|Seismic Toss|p2a: Landorus-Therian
|-damage|p2a: Landorus-Therian|211\/382
|
|-heal|p2a: Landorus-Therian|234\/382|[from] item: Leftovers
|turn|94
|
|move|p2a: Landorus-Therian|Knock Off|p1a: Chansey
|-damage|p1a: Chansey|195\/703
|-enditem|p1a: Chansey|Eviolite|[from] move: Knock Off|[of] p2a: Landorus-Therian
|move|p1a: Chansey|Wish|p1a: Chansey
|
|-heal|p2a: Landorus-Therian|257\/382|[from] item: Leftovers
|turn|95
|
|switch|p1a: Tentacruel|Tentacruel, M|236\/361 brn
|move|p2a: Landorus-Therian|Stealth Rock|p1a: Tentacruel
|-sidestart|p1: JiaShengz|move: Stealth Rock
|
|-heal|p1a: Tentacruel|361\/361 brn|[from] move: Wish|[wisher] Chansey
|-heal|p2a: Landorus-Therian|280\/382|[from] item: Leftovers
|-damage|p1a: Tentacruel|316\/361 brn|[from] brn
|turn|96
|
|move|p1a: Tentacruel|Scald|p2a: Landorus-Therian
|-supereffective|p2a: Landorus-Therian
|-damage|p2a: Landorus-Therian|94\/382
|-status|p2a: Landorus-Therian|brn
|move|p2a: Landorus-Therian|Knock Off|p1a: Tentacruel
|-damage|p1a: Tentacruel|252\/361 brn
|-enditem|p1a: Tentacruel|Black Sludge|[from] move: Knock Off|[of] p2a: Landorus-Therian
|
|-heal|p2a: Landorus-Therian|117\/382 brn|[from] item: Leftovers
|-damage|p1a: Tentacruel|207\/361 brn|[from] brn
|-damage|p2a: Landorus-Therian|70\/382 brn|[from] brn
|turn|97
|
|switch|p2a: Rotom-Wash|Rotom-Wash|304\/304
|-damage|p2a: Rotom-Wash|266\/304|[from] Stealth Rock
|move|p1a: Tentacruel|Scald|p2a: Rotom-Wash
|-crit|p2a: Rotom-Wash
|-resisted|p2a: Rotom-Wash
|-damage|p2a: Rotom-Wash|212\/304
|
|-damage|p1a: Tentacruel|162\/361 brn|[from] brn
|turn|98
|
|move|p1a: Tentacruel|Toxic Spikes|p2a: Rotom-Wash
|-sidestart|p2: bilabong|move: Toxic Spikes
|move|p2a: Rotom-Wash|Pain Split|p1a: Tentacruel
|-sethp|p1a: Tentacruel|187\/361 brn|p2a: Rotom-Wash|187\/304|[from] move: Pain Split
|
|-damage|p1a: Tentacruel|142\/361 brn|[from] brn
|turn|99
|
|switch|p1a: Chansey|Chansey, F|195\/703
|-damage|p1a: Chansey|108\/703|[from] Stealth Rock
|move|p2a: Rotom-Wash|Volt Switch|p1a: Chansey
|-damage|p1a: Chansey|21\/703
|
|switch|p2a: Landorus-Therian|Landorus-Therian, M|70\/382 brn
|-damage|p2a: Landorus-Therian|23\/382 brn|[from] Stealth Rock
|-ability|p2a: Landorus-Therian|Intimidate|[of] p1a: Chansey
|-unboost|p1a: Chansey|atk|1
|
|-heal|p2a: Landorus-Therian|46\/382 brn|[from] item: Leftovers
|-damage|p2a: Landorus-Therian|0 fnt|[from] brn
|faint|p2a: Landorus-Therian
|
|switch|p2a: Magnezone|Magnezone|125\/282
|-damage|p2a: Magnezone|108\/282|[from] Stealth Rock
|-damage|p2a: Magnezone|38\/282|[from] Spikes
|turn|100
|
|move|p2a: Magnezone|Thunderbolt|p1a: Chansey
|-damage|p1a: Chansey|0 fnt
|faint|p1a: Chansey
|
|
|switch|p1a: Tentacruel|Tentacruel, M|142\/361 brn
|-damage|p1a: Tentacruel|97\/361 brn|[from] Stealth Rock
|turn|101
|
|move|p2a: Magnezone|Thunderbolt|p1a: Tentacruel
|-supereffective|p1a: Tentacruel
|-damage|p1a: Tentacruel|0 fnt
|faint|p1a: Tentacruel
|
|win|bilabong
|raw|Ladder updating...
|raw|JiaShengz's rating: 1730 &rarr; <strong>1704<\/strong><br \/>(-26 for losing)
|raw|bilabong's rating: 1627 &rarr; <strong>1652<\/strong><br \/>(+25 for winning)
|leave|JiaShengz
|player|p1