|join|JiaShengz
|join|M0gwai
|player|p1|JiaShengz|102
|player|p2|M0gwai|101
|gametype|singles
|gen|6
|tier|OU
|rated
|clearpoke
|poke|p1|Chansey, F
|poke|p1|Clefable, M
|poke|p1|Sableye, M
|poke|p1|Heatran, F
|poke|p1|Tentacruel, M
|poke|p1|Chesnaught, M
|poke|p2|Houndoom, M
|poke|p2|Landorus-Therian, M
|poke|p2|Rotom-Wash
|poke|p2|Clefable, F
|poke|p2|Skarmory, M
|poke|p2|Toxicroak, M
|rule|Swagger Clause: Swagger is banned
|rule|Baton Pass Clause: Limit one PokÃ©mon knowing Baton Pass
|rule|Sleep Clause Mod: Limit one foe put to sleep
|rule|Species Clause: Limit one of each PokÃ©mon
|rule|OHKO Clause: OHKO moves are banned
|rule|Moody Clause: Moody is banned
|rule|Evasion Moves Clause: Evasion moves are banned
|rule|Endless Battle Clause: Forcing endless battles is banned
|rule|HP Percentage Mod: HP is shown in percentages
|teampreview
|
|start
|switch|p1a: Sableye|Sableye, M|304\/304
|switch|p2a: Houndoom|Houndoom, M|291\/291
|turn|1
|
|detailschange|p2a: Houndoom|Houndoom-Mega, M
|-mega|p2a: Houndoom|Houndoom|Houndoominite
|detailschange|p1a: Sableye|Sableye-Mega, M
|-mega|p1a: Sableye|Sableye|Sablenite
|move|p2a: Houndoom|Nasty Plot|p2a: Houndoom
|-boost|p2a: Houndoom|spa|2
|move|p1a: Sableye|Knock Off|p2a: Houndoom
|-resisted|p2a: Houndoom
|-damage|p2a: Houndoom|255\/291
|
|turn|2
|
|switch|p1a: Heatran|Heatran, F|386\/386
|move|p2a: Houndoom|Nasty Plot|p2a: Houndoom
|-boost|p2a: Houndoom|spa|2
|
|turn|3
|
|move|p2a: Houndoom|Dark Pulse|p1a: Heatran
|-damage|p1a: Heatran|53\/386
|cant|p1a: Heatran|flinch
|
|-heal|p1a: Heatran|77\/386|[from] item: Leftovers
|turn|4
|
|switch|p1a: Clefable|Clefable, M|394\/394
|move|p2a: Houndoom|Dark Pulse|p1a: Clefable
|-resisted|p1a: Clefable
|-damage|p1a: Clefable|310\/394
|
|-heal|p1a: Clefable|334\/394|[from] item: Leftovers
|turn|5
|
|move|p2a: Houndoom|Fire Blast|p1a: Clefable
|-damage|p1a: Clefable|93\/394
|move|p1a: Clefable|Wish|p1a: Clefable
|
|-heal|p1a: Clefable|117\/394|[from] item: Leftovers
|turn|6
|
|move|p1a: Clefable|Protect|p1a: Clefable
|-singleturn|p1a: Clefable|Protect
|move|p2a: Houndoom|Fire Blast|p1a: Clefable
|-activate|p1a: Clefable|Protect
|
|-heal|p1a: Clefable|314\/394|[from] move: Wish|[wisher] Clefable
|-heal|p1a: Clefable|338\/394|[from] item: Leftovers
|turn|7
|
|move|p2a: Houndoom|Fire Blast|p1a: Clefable
|-damage|p1a: Clefable|119\/394
|-status|p1a: Clefable|brn
|move|p1a: Clefable|Wish|p1a: Clefable
|
|-heal|p1a: Clefable|143\/394 brn|[from] item: Leftovers
|-damage|p1a: Clefable|94\/394 brn|[from] brn
|turn|8
|
|move|p1a: Clefable|Protect|p1a: Clefable
|-singleturn|p1a: Clefable|Protect
|move|p2a: Houndoom|Dark Pulse|p1a: Clefable
|-activate|p1a: Clefable|Protect
|
|-heal|p1a: Clefable|291\/394 brn|[from] move: Wish|[wisher] Clefable
|-heal|p1a: Clefable|315\/394 brn|[from] item: Leftovers
|-damage|p1a: Clefable|266\/394 brn|[from] brn
|turn|9
|
|switch|p1a: Chansey|Chansey, F|703\/703
|move|p2a: Houndoom|Fire Blast|p1a: Chansey
|-damage|p1a: Chansey|337\/703
|
|turn|10
|
|switch|p1a: Heatran|Heatran, F|77\/386
|move|p2a: Houndoom|Nasty Plot|p2a: Houndoom
|-boost|p2a: Houndoom|spa|2
|
|-heal|p1a: Heatran|101\/386|[from] item: Leftovers
|turn|11
|
|move|p2a: Houndoom|Dark Pulse|p1a: Heatran
|-damage|p1a: Heatran|0 fnt
|faint|p1a: Heatran
|
|
|switch|p1a: Chesnaught|Chesnaught, M|380\/380
|turn|12
|
|move|p1a: Chesnaught|Spiky Shield|p1a: Chesnaught
|-singleturn|p1a: Chesnaught|move: Protect
|move|p2a: Houndoom|Fire Blast|p1a: Chesnaught
|-activate|p1a: Chesnaught|move: Protect
|
|turn|13
|
|switch|p1a: Tentacruel|Tentacruel, M|361\/361
|move|p2a: Houndoom|Fire Blast|p1a: Tentacruel
|-resisted|p1a: Tentacruel
|-damage|p1a: Tentacruel|0 fnt
|faint|p1a: Tentacruel
|
|
|switch|p1a: Sableye|Sableye-Mega, M|304\/304
|turn|14
|
|move|p2a: Houndoom|Dark Pulse|p1a: Sableye
|-damage|p1a: Sableye|0 fnt
|faint|p1a: Sableye
|
|
|switch|p1a: Clefable|Clefable, M|266\/394 brn
|turn|15
|
|move|p1a: Clefable|Protect|p1a: Clefable
|-singleturn|p1a: Clefable|Protect
|move|p2a: Houndoom|Fire Blast|p1a: Clefable
|-activate|p1a: Clefable|Protect
|
|-heal|p1a: Clefable|290\/394 brn|[from] item: Leftovers
|-damage|p1a: Clefable|241\/394 brn|[from] brn
|turn|16
|
|move|p2a: Houndoom|Dark Pulse|p1a: Clefable
|-resisted|p1a: Clefable
|-damage|p1a: Clefable|158\/394 brn
|move|p1a: Clefable|Wish|p1a: Clefable
|
|-heal|p1a: Clefable|182\/394 brn|[from] item: Leftovers
|-damage|p1a: Clefable|133\/394 brn|[from] brn
|turn|17
|c|âM0gwai|This is gonna make a fine video :]
|
|move|p1a: Clefable|Protect|p1a: Clefable
|-singleturn|p1a: Clefable|Protect
|move|p2a: Houndoom|Dark Pulse|p1a: Clefable
|-activate|p1a: Clefable|Protect
|
|-heal|p1a: Clefable|330\/394 brn|[from] move: Wish|[wisher] Clefable
|-heal|p1a: Clefable|354\/394 brn|[from] item: Leftovers
|-damage|p1a: Clefable|305\/394 brn|[from] brn
|turn|18
|
|move|p2a: Houndoom|Dark Pulse|p1a: Clefable
|-resisted|p1a: Clefable
|-damage|p1a: Clefable|222\/394 brn
|move|p1a: Clefable|Wish|p1a: Clefable
|
|-heal|p1a: Clefable|246\/394 brn|[from] item: Leftovers
|-damage|p1a: Clefable|197\/394 brn|[from] brn
|turn|19
|
|move|p2a: Houndoom|Fire Blast|p1a: Clefable
|-damage|p1a: Clefable|0 fnt
|faint|p1a: Clefable
|
|
|switch|p1a: Chansey|Chansey, F|337\/703
|turn|20
|
|move|p2a: Houndoom|Dark Pulse|p1a: Chansey
|-crit|p1a: Chansey
|-damage|p1a: Chansey|0 fnt
|faint|p1a: Chansey
|
|-message|JiaShengz forfeited.
|
|win|M0gwai
|raw|Ladder updating...
|leave|JiaShengz
|player|p1
|raw|JiaShengz's rating: 1853 &rarr; <strong>1825<\/strong><br \/>(-28 for losing)
|raw|M0gwai's rating: 1701 &rarr; <strong>1729<\/strong><br \/>(+28 for winning)