|join|JiaShengz
|join|CheckmateWeee
|player|p1|JiaShengz|265
|player|p2|CheckmateWeee|101
|gametype|singles
|gen|6
|tier|OU
|rated
|clearpoke
|poke|p1|Sableye, M
|poke|p1|Heatran, F
|poke|p1|Tentacruel, F
|poke|p1|Chesnaught, M
|poke|p1|Chansey, F
|poke|p1|Clefable, M
|poke|p2|Gyarados, F
|poke|p2|Talonflame, M
|poke|p2|Zapdos
|poke|p2|Gliscor, M
|poke|p2|Jirachi
|poke|p2|Kyurem-Black
|rule|Swagger Clause: Swagger is banned
|rule|Baton Pass Clause: Limit one PokÃ©mon knowing Baton Pass
|rule|Sleep Clause Mod: Limit one foe put to sleep
|rule|Species Clause: Limit one of each PokÃ©mon
|rule|OHKO Clause: OHKO moves are banned
|rule|Moody Clause: Moody is banned
|rule|Evasion Moves Clause: Evasion moves are banned
|rule|Endless Battle Clause: Forcing endless battles is banned
|rule|HP Percentage Mod: HP is shown in percentages
|teampreview
|
|start
|switch|p1a: Sableye|Sableye, M|304\/304
|switch|p2a: Zapdos|Zapdos|384\/384
|-ability|p2a: Zapdos|Pressure
|turn|1
|
|detailschange|p1a: Sableye|Sableye-Mega, M
|message|Sableye has Mega Evolved into Mega Sableye!
|move|p2a: Zapdos|Thunderbolt|p1a: Sableye
|-damage|p1a: Sableye|195\/304
|-status|p1a: Sableye|par
|move|p1a: Sableye|Knock Off|p2a: Zapdos
|-damage|p2a: Zapdos|300\/384
|-enditem|p2a: Zapdos|Leftovers|[from] move: Knock Off|[of] p1a: Sableye
|
|turn|2
|
|move|p2a: Zapdos|Thunderbolt|p1a: Sableye
|-damage|p1a: Sableye|83\/304 par
|move|p1a: Sableye|Will-O-Wisp|p2a: Zapdos|[miss]
|-miss|p1a: Sableye|p2a: Zapdos
|
|turn|3
|
|switch|p1a: Chansey|Chansey, F|703\/703
|move|p2a: Zapdos|Thunderbolt|p1a: Chansey
|-damage|p1a: Chansey|619\/703
|
|turn|4
|
|switch|p2a: Gliscor|Gliscor, M|352\/352
|move|p1a: Chansey|Heal Bell|p1a: Chansey
|-cureteam|p1a: Chansey|[from] move: HealBell
|
|-status|p2a: Gliscor|tox|[from] item: Toxic Orb
|turn|5
|
|switch|p1a: Clefable|Clefable, M|394\/394
|move|p2a: Gliscor|Taunt|p1a: Clefable
|-start|p1a: Clefable|move: Taunt
|
|turn|6
|
|move|p2a: Gliscor|Earthquake|p1a: Clefable
|-damage|p1a: Clefable|298\/394
|move|p1a: Clefable|Moonblast|p2a: Gliscor
|-damage|p2a: Gliscor|253\/352 tox
|
|-heal|p1a: Clefable|322\/394|[from] item: Leftovers
|-heal|p2a: Gliscor|297\/352 tox|[from] ability: Poison Heal
|turn|7
|
|move|p2a: Gliscor|Stealth Rock|p1a: Clefable
|-sidestart|p1: JiaShengz|move: Stealth Rock
|move|p1a: Clefable|Moonblast|p2a: Gliscor
|-damage|p2a: Gliscor|192\/352 tox
|
|-heal|p1a: Clefable|346\/394|[from] item: Leftovers
|-heal|p2a: Gliscor|236\/352 tox|[from] ability: Poison Heal
|turn|8
|
|switch|p1a: Tentacruel|Tentacruel, F|361\/361
|-damage|p1a: Tentacruel|316\/361|[from] Stealth Rock
|move|p2a: Gliscor|Earthquake|p1a: Tentacruel
|-supereffective|p1a: Tentacruel
|-damage|p1a: Tentacruel|98\/361
|
|-heal|p1a: Tentacruel|120\/361|[from] item: Black Sludge
|-heal|p2a: Gliscor|280\/352 tox|[from] ability: Poison Heal
|turn|9
|
|switch|p1a: Chesnaught|Chesnaught, M|380\/380
|-damage|p1a: Chesnaught|357\/380|[from] Stealth Rock
|move|p2a: Gliscor|Earthquake|p1a: Chesnaught
|-crit|p1a: Chesnaught
|-resisted|p1a: Chesnaught
|-damage|p1a: Chesnaught|300\/380
|
|-heal|p1a: Chesnaught|323\/380|[from] item: Leftovers
|-heal|p2a: Gliscor|324\/352 tox|[from] ability: Poison Heal
|turn|10
|
|switch|p1a: Sableye|Sableye-Mega, M|83\/304
|-damage|p1a: Sableye|45\/304|[from] Stealth Rock
|move|p2a: Gliscor|Taunt|p1a: Sableye
|move|p1a: Sableye|Taunt|p2a: Gliscor|[from]Magic Bounce
|-start|p2a: Gliscor|move: Taunt
|
|-heal|p2a: Gliscor|352\/352 tox|[from] ability: Poison Heal
|turn|11
|
|switch|p1a: Chesnaught|Chesnaught, M|323\/380
|-damage|p1a: Chesnaught|300\/380|[from] Stealth Rock
|move|p2a: Gliscor|Earthquake|p1a: Chesnaught
|-resisted|p1a: Chesnaught
|-damage|p1a: Chesnaught|267\/380
|
|-heal|p1a: Chesnaught|290\/380|[from] item: Leftovers
|turn|12
|
|switch|p2a: Talonflame|Talonflame, M|345\/345
|move|p1a: Chesnaught|Leech Seed|p2a: Talonflame
|-start|p2a: Talonflame|move: Leech Seed
|
|-heal|p1a: Chesnaught|313\/380|[from] item: Leftovers
|-damage|p2a: Talonflame|302\/345|[from] Leech Seed|[of] p1a: Chesnaught
|-heal|p1a: Chesnaught|356\/380|[silent]
|turn|13
|
|switch|p2a: Kyurem-Black|Kyurem-Black|391\/391
|-ability|p2a: Kyurem-Black|Teravolt
|switch|p1a: Heatran|Heatran, F|386\/386
|-damage|p1a: Heatran|338\/386|[from] Stealth Rock
|
|-heal|p1a: Heatran|362\/386|[from] item: Leftovers
|turn|14
|
|switch|p1a: Clefable|Clefable, M|346\/394
|-damage|p1a: Clefable|297\/394|[from] Stealth Rock
|move|p2a: Kyurem-Black|Earth Power|p1a: Clefable
|-damage|p1a: Clefable|138\/394
|-damage|p2a: Kyurem-Black|352\/391|[from] item: Life Orb
|
|-heal|p1a: Clefable|162\/394|[from] item: Leftovers
|turn|15
|
|switch|p1a: Chansey|Chansey, F|619\/703
|-damage|p1a: Chansey|532\/703|[from] Stealth Rock
|move|p2a: Kyurem-Black|Ice Beam|p1a: Chansey
|-damage|p1a: Chansey|398\/703
|-damage|p2a: Kyurem-Black|313\/391|[from] item: Life Orb
|
|turn|16
|
|switch|p2a: Gliscor|Gliscor, M|352\/352 tox
|switch|p1a: Clefable|Clefable, M|162\/394
|-damage|p1a: Clefable|113\/394|[from] Stealth Rock
|
|-heal|p1a: Clefable|137\/394|[from] item: Leftovers
|turn|17
|
|move|p1a: Clefable|Protect|p1a: Clefable
|-singleturn|p1a: Clefable|Protect
|move|p2a: Gliscor|Taunt|p1a: Clefable
|-activate|p1a: Clefable|Protect
|
|-heal|p1a: Clefable|161\/394|[from] item: Leftovers
|turn|18
|
|switch|p1a: Chesnaught|Chesnaught, M|356\/380
|-damage|p1a: Chesnaught|333\/380|[from] Stealth Rock
|move|p2a: Gliscor|Earthquake|p1a: Chesnaught
|-resisted|p1a: Chesnaught
|-damage|p1a: Chesnaught|297\/380
|
|-heal|p1a: Chesnaught|320\/380|[from] item: Leftovers
|turn|19
|
|move|p2a: Gliscor|Taunt|p1a: Chesnaught
|-start|p1a: Chesnaught|move: Taunt
|move|p1a: Chesnaught|Drain Punch|p2a: Gliscor
|-resisted|p2a: Gliscor
|-damage|p2a: Gliscor|313\/352 tox
|-heal|p1a: Chesnaught|340\/380|[from] drain|[of] p2a: Gliscor
|
|-heal|p1a: Chesnaught|363\/380|[from] item: Leftovers
|-heal|p2a: Gliscor|352\/352 tox|[from] ability: Poison Heal
|turn|20
|
|switch|p2a: Talonflame|Talonflame, M|302\/345
|move|p1a: Chesnaught|Drain Punch|p2a: Talonflame
|-resisted|p2a: Talonflame
|-damage|p2a: Talonflame|236\/345
|-heal|p1a: Chesnaught|380\/380|[from] drain|[of] p2a: Talonflame
|
|turn|21
|
|switch|p2a: Kyurem-Black|Kyurem-Black|313\/391
|-ability|p2a: Kyurem-Black|Teravolt
|switch|p1a: Heatran|Heatran, F|362\/386
|-damage|p1a: Heatran|314\/386|[from] Stealth Rock
|
|-heal|p1a: Heatran|338\/386|[from] item: Leftovers
|turn|22
|
|switch|p1a: Chansey|Chansey, F|398\/703
|-damage|p1a: Chansey|311\/703|[from] Stealth Rock
|move|p2a: Kyurem-Black|Earth Power|p1a: Chansey
|-damage|p1a: Chansey|225\/703
|-damage|p2a: Kyurem-Black|274\/391|[from] item: Life Orb
|
|turn|23
|
|move|p2a: Kyurem-Black|Fusion Bolt|p1a: Chansey
|-damage|p1a: Chansey|9\/703
|-damage|p2a: Kyurem-Black|235\/391|[from] item: Life Orb
|move|p1a: Chansey|Soft-Boiled|p1a: Chansey
|-heal|p1a: Chansey|361\/703
|
|turn|24
|
|move|p2a: Kyurem-Black|Fusion Bolt|p1a: Chansey
|-crit|p1a: Chansey
|-damage|p1a: Chansey|24\/703
|-damage|p2a: Kyurem-Black|196\/391|[from] item: Life Orb
|move|p1a: Chansey|Wish|p1a: Chansey
|
|turn|25
|
|switch|p1a: Tentacruel|Tentacruel, F|120\/361
|-damage|p1a: Tentacruel|75\/361|[from] Stealth Rock
|move|p2a: Kyurem-Black|Roost|p2a: Kyurem-Black
|-heal|p2a: Kyurem-Black|391\/391
|
|-heal|p1a: Tentacruel|361\/361|[from] move: Wish|[wisher] Chansey
|turn|26
|
|move|p2a: Kyurem-Black|Fusion Bolt|p1a: Tentacruel
|-supereffective|p1a: Tentacruel
|-damage|p1a: Tentacruel|67\/361
|-damage|p2a: Kyurem-Black|352\/391|[from] item: Life Orb
|move|p1a: Tentacruel|Rapid Spin|p2a: Kyurem-Black
|-damage|p2a: Kyurem-Black|341\/391
|-sideend|p1: JiaShengz|Stealth Rock|[from] move: Rapid Spin|[of] p1a: Tentacruel
|
|-heal|p1a: Tentacruel|89\/361|[from] item: Black Sludge
|turn|27
|
|move|p2a: Kyurem-Black|Fusion Bolt|p1a: Tentacruel
|-supereffective|p1a: Tentacruel
|-damage|p1a: Tentacruel|0 fnt
|-damage|p2a: Kyurem-Black|302\/391|[from] item: Life Orb
|faint|p1a: Tentacruel
|
|
|switch|p1a: Clefable|Clefable, M|161\/394
|turn|28
|
|move|p1a: Clefable|Protect|p1a: Clefable
|-singleturn|p1a: Clefable|Protect
|move|p2a: Kyurem-Black|Ice Beam|p1a: Clefable
|-activate|p1a: Clefable|Protect
|
|-heal|p1a: Clefable|185\/394|[from] item: Leftovers
|turn|29
|
|switch|p1a: Chansey|Chansey, F|24\/703
|move|p2a: Kyurem-Black|Ice Beam|p1a: Chansey
|-damage|p1a: Chansey|0 fnt
|-damage|p2a: Kyurem-Black|263\/391|[from] item: Life Orb
|faint|p1a: Chansey
|
|
|switch|p1a: Clefable|Clefable, M|185\/394
|turn|30
|
|switch|p2a: Jirachi|Jirachi|341\/341
|move|p1a: Clefable|Protect|p1a: Clefable
|-fail|p1a: Clefable
|
|-heal|p1a: Clefable|209\/394|[from] item: Leftovers
|turn|31
|
|move|p1a: Clefable|Protect|p1a: Clefable
|-singleturn|p1a: Clefable|Protect
|move|p2a: Jirachi|Iron Head|p1a: Clefable
|-activate|p1a: Clefable|Protect
|
|-heal|p1a: Clefable|233\/394|[from] item: Leftovers
|turn|32
|
|switch|p2a: Gliscor|Gliscor, M|352\/352 tox
|switch|p1a: Heatran|Heatran, F|338\/386
|
|-heal|p1a: Heatran|362\/386|[from] item: Leftovers
|turn|33
|
|switch|p1a: Chesnaught|Chesnaught, M|380\/380
|move|p2a: Gliscor|Earthquake|p1a: Chesnaught
|-resisted|p1a: Chesnaught
|-damage|p1a: Chesnaught|346\/380
|
|-heal|p1a: Chesnaught|369\/380|[from] item: Leftovers
|turn|34
|
|switch|p1a: Sableye|Sableye-Mega, M|45\/304
|move|p2a: Gliscor|Earthquake|p1a: Sableye
|-damage|p1a: Sableye|0 fnt
|faint|p1a: Sableye
|
|
|switch|p1a: Chesnaught|Chesnaught, M|369\/380
|turn|35
|
|move|p2a: Gliscor|Taunt|p1a: Chesnaught
|-start|p1a: Chesnaught|move: Taunt
|move|p1a: Chesnaught|Drain Punch|p2a: Gliscor
|-resisted|p2a: Gliscor
|-damage|p2a: Gliscor|310\/352 tox
|-heal|p1a: Chesnaught|380\/380|[from] drain|[of] p2a: Gliscor
|
|-heal|p2a: Gliscor|352\/352 tox|[from] ability: Poison Heal
|turn|36
|
|switch|p1a: Clefable|Clefable, M|233\/394
|move|p2a: Gliscor|Stealth Rock|p1a: Clefable
|-sidestart|p1: JiaShengz|move: Stealth Rock
|
|-heal|p1a: Clefable|257\/394|[from] item: Leftovers
|turn|37
|-message|JiaShengz forfeited.
|
|win|CheckmateWeee
|raw|Ladder updating...
|leave|JiaShengz
|player|p1
|raw|JiaShengz's rating: 1672 &rarr; <strong>1648<\/strong><br \/>(-24 for losing)
|raw|CheckmateWeee's rating: 1604 &rarr; <strong>1628<\/strong><br \/>(+24 for winning)