|join|Reverb
|join|JiaShengz
|player|p1|Reverb|#reverb
|player|p2|JiaShengz|265
|gametype|singles
|gen|6
|tier|OU
|rated
|clearpoke
|poke|p1|Scizor, F
|poke|p1|Diggersby, M, shiny
|poke|p1|Raikou, shiny
|poke|p1|Azelf
|poke|p1|Greninja, M
|poke|p1|Latios, M, shiny
|poke|p2|Sableye, F
|poke|p2|Heatran, M
|poke|p2|Tentacruel, F
|poke|p2|Chesnaught, F
|poke|p2|Chansey, F
|poke|p2|Clefable, M
|rule|Swagger Clause: Swagger is banned
|rule|Baton Pass Clause: Limit one PokÃ©mon knowing Baton Pass
|rule|Sleep Clause Mod: Limit one foe put to sleep
|rule|Species Clause: Limit one of each PokÃ©mon
|rule|OHKO Clause: OHKO moves are banned
|rule|Moody Clause: Moody is banned
|rule|Evasion Moves Clause: Evasion moves are banned
|rule|Endless Battle Clause: Forcing endless battles is banned
|rule|HP Percentage Mod: HP is shown in percentages
|teampreview
|join|haunter
|join|Ox the Fox
|join|jake5
|
|start
|switch|p1a: Azelf|Azelf|291\/291
|switch|p2a: Sableye|Sableye, F|304\/304
|turn|1
|
|detailschange|p2a: Sableye|Sableye-Mega, F
|message|Sableye has Mega Evolved into Mega Sableye!
|move|p2a: Sableye|Taunt|p1a: Azelf
|-start|p1a: Azelf|move: Taunt
|cant|p1a: Azelf|move: Taunt|Skill Swap
|
|turn|2
|
|switch|p1a: Greninja|Greninja, M|285\/285
|move|p2a: Sableye|Knock Off|p1a: Greninja
|-resisted|p1a: Greninja
|-damage|p1a: Greninja|211\/285
|-enditem|p1a: Greninja|Life Orb|[from] move: Knock Off|[of] p2a: Sableye
|
|turn|3
|join|Squirrelll
|join|Escavalier
|
|switch|p1a: Azelf|Azelf|291\/291
|move|p2a: Sableye|Will-O-Wisp|p1a: Azelf
|-status|p1a: Azelf|brn
|
|-damage|p1a: Azelf|255\/291 brn|[from] brn
|turn|4
|
|switch|p1a: Greninja|Greninja, M|211\/285
|move|p2a: Sableye|Knock Off|p1a: Greninja
|-resisted|p1a: Greninja
|-damage|p1a: Greninja|160\/285
|
|turn|5
|
|move|p1a: Greninja|Gunk Shot|p2a: Sableye
|-start|p1a: Greninja|typechange|Poison|[from] Protean
|-resisted|p2a: Sableye
|-damage|p2a: Sableye|258\/304
|move|p2a: Sableye|Will-O-Wisp|p1a: Greninja
|-status|p1a: Greninja|brn
|
|-damage|p1a: Greninja|125\/285 brn|[from] brn
|turn|6
|
|move|p1a: Greninja|Ice Beam|p2a: Sableye
|-start|p1a: Greninja|typechange|Ice|[from] Protean
|-damage|p2a: Sableye|143\/304
|move|p2a: Sableye|Recover|p2a: Sableye
|-heal|p2a: Sableye|295\/304
|
|-damage|p1a: Greninja|90\/285 brn|[from] brn
|turn|7
|
|move|p1a: Greninja|Gunk Shot|p2a: Sableye|[miss]
|-start|p1a: Greninja|typechange|Poison|[from] Protean
|-miss|p1a: Greninja|p2a: Sableye
|move|p2a: Sableye|Recover|p2a: Sableye
|-heal|p2a: Sableye|304\/304
|
|-damage|p1a: Greninja|55\/285 brn|[from] brn
|turn|8
|join|Cienight
|
|move|p1a: Greninja|Gunk Shot|p2a: Sableye
|-resisted|p2a: Sableye
|-damage|p2a: Sableye|283\/304
|move|p2a: Sableye|Recover|p2a: Sableye
|-heal|p2a: Sableye|304\/304
|
|-damage|p1a: Greninja|20\/285 brn|[from] brn
|turn|9
|join|I Iike Squirtles
|
|move|p1a: Greninja|Gunk Shot|p2a: Sableye
|-resisted|p2a: Sableye
|-damage|p2a: Sableye|280\/304
|-status|p2a: Sableye|psn
|move|p2a: Sableye|Recover|p2a: Sableye
|-heal|p2a: Sableye|304\/304 psn
|
|-damage|p1a: Greninja|0 fnt|[from] brn
|-damage|p2a: Sableye|266\/304 psn|[from] psn
|faint|p1a: Greninja
|c| Ox the Fox|nicce
|
|switch|p1a: Raikou|Raikou, shiny|329\/329
|-ability|p1a: Raikou|Pressure
|turn|10
|c| Escavalier|why didnt he go into chans
|
|move|p1a: Raikou|Volt Switch|p2a: Sableye
|-damage|p2a: Sableye|118\/304 psn
|c| Escavalier|i guess it allows diggers in
|
|switch|p1a: Azelf|Azelf|255\/291 brn
|move|p2a: Sableye|Recover|p2a: Sableye
|-heal|p2a: Sableye|270\/304 psn
|
|-damage|p1a: Azelf|219\/291 brn|[from] brn
|-damage|p2a: Sableye|232\/304 psn|[from] psn
|turn|11
|
|move|p1a: Azelf|Skill Swap|p2a: Sableye
|-activate|p1a: Azelf|move: Skill Swap|Magic Bounce|Levitate|[of] p2a: Sableye
|move|p2a: Sableye|Knock Off|p1a: Azelf
|-supereffective|p1a: Azelf
|-damage|p1a: Azelf|0 fnt
|-enditem|p1a: Azelf|Focus Sash|[from] move: Knock Off|[of] p2a: Sableye
|faint|p1a: Azelf
|
|-damage|p2a: Sableye|194\/304 psn|[from] psn
|
|switch|p1a: Raikou|Raikou, shiny|329\/329
|-ability|p1a: Raikou|Pressure
|turn|12
|join|fingerscrossed
|
|switch|p2a: Chansey|Chansey, F|703\/703
|move|p1a: Raikou|Volt Switch|p2a: Chansey
|-crit|p2a: Chansey
|-damage|p2a: Chansey|526\/703
|
|switch|p1a: hoes on mah bed|Diggersby, M, shiny|311\/311
|
|turn|13
|
|switch|p2a: Chesnaught|Chesnaught, F|380\/380
|move|p1a: hoes on mah bed|Return|p2a: Chesnaught
|-damage|p2a: Chesnaught|205\/380
|-damage|p1a: hoes on mah bed|280\/311|[from] item: Life Orb
|
|-heal|p2a: Chesnaught|228\/380|[from] item: Leftovers
|turn|14
|
|switch|p1a: Latios|Latios, M, shiny|301\/301
|move|p2a: Chesnaught|Leech Seed|p1a: Latios
|-start|p1a: Latios|move: Leech Seed
|
|-heal|p2a: Chesnaught|251\/380|[from] item: Leftovers
|-damage|p1a: Latios|264\/301|[from] Leech Seed|[of] p2a: Chesnaught
|-heal|p2a: Chesnaught|288\/380|[silent]
|turn|15
|
|switch|p1a: Scizor|Scizor, F|307\/307
|move|p2a: Chesnaught|Spiky Shield|p2a: Chesnaught
|-fail|p2a: Chesnaught
|
|-heal|p2a: Chesnaught|311\/380|[from] item: Leftovers
|turn|16
|
|detailschange|p1a: Scizor|Scizor-Mega, F
|message|Scizor has Mega Evolved into Mega Scizor!
|move|p2a: Chesnaught|Spiky Shield|p2a: Chesnaught
|-singleturn|p2a: Chesnaught|move: Protect
|move|p1a: Scizor|Swords Dance|p1a: Scizor
|-boost|p1a: Scizor|atk|2
|
|-heal|p2a: Chesnaught|334\/380|[from] item: Leftovers
|turn|17
|
|move|p1a: Scizor|Bug Bite|p2a: Chesnaught
|-damage|p2a: Chesnaught|78\/380
|move|p2a: Chesnaught|Leech Seed|p1a: Scizor
|-start|p1a: Scizor|move: Leech Seed
|
|-heal|p2a: Chesnaught|101\/380|[from] item: Leftovers
|-damage|p1a: Scizor|269\/307|[from] Leech Seed|[of] p2a: Chesnaught
|-heal|p2a: Chesnaught|139\/380|[silent]
|turn|18
|
|switch|p2a: Heatran|Heatran, M|386\/386
|move|p1a: Scizor|Superpower|p2a: Heatran
|-supereffective|p2a: Heatran
|-damage|p2a: Heatran|0 fnt
|-unboost|p1a: Scizor|atk|1
|-unboost|p1a: Scizor|def|1
|faint|p2a: Heatran
|
|join|Gizmoâ
|c|âJiaShengz|Nice :]
|c|âReverb|ty
|c|+fingerscrossed|why the hell would you switch jia
|c| Escavalier|why the hell
|join|Aka DH
|join|Fr33dom n_n
|c|+fingerscrossed|just curious tbh
|c| Squirrelll|blunder blunder
|c| Escavalier|would you not go to tentacruel
|c| Escavalier|straight away
|c| Ox the Fox|and why would u not go ttenta
|join|Cosine180
|
|switch|p2a: Tentacruel|Tentacruel, F|361\/361
|turn|19
|c| Gizmoâ|click that x
|c|+fingerscrossed|so this is how reverb wins ;]
|c|âReverb|stfu tim i fucked your sister
|c| Escavalier|ladder just clicks buttons...
|c| Gizmoâ|oh
|
|switch|p1a: Raikou|Raikou, shiny|329\/329
|-ability|p1a: Raikou|Pressure
|move|p2a: Tentacruel|Toxic Spikes|p1a: Raikou
|-sidestart|p1: Reverb|move: Toxic Spikes
|
|turn|20
|c| Gizmoâ|k
|c|~haunter|fuck his gf imo
|c| Cienight|fuck yourself
|c| Cienight|reverb
|
|switch|p2a: Chansey|Chansey, F|526\/703
|move|p1a: Raikou|Volt Switch|p2a: Chansey
|-damage|p2a: Chansey|420\/703
|c|~haunter|or both
|
|switch|p1a: Scizor|Scizor-Mega, F|269\/307
|
|turn|21
|c|+fingerscrossed|hahah bro reverb tryin to act like he knows what to do with a girl
|c| Gizmoâ|shots
|c| Gizmoâ|shots
|c| Gizmoâ|shots
|c| Cienight|bop
|c| Gizmoâ|shots
|
|switch|p2a: Tentacruel|Tentacruel, F|361\/361
|move|p1a: Scizor|Swords Dance|p1a: Scizor
|-boost|p1a: Scizor|atk|2
|
|turn|22
|c|~haunter|lol
|join|mistaken
|c|~haunter|reverb
|
|move|p2a: Tentacruel|Scald|p1a: Scizor
|-crit|p1a: Scizor
|-damage|p1a: Scizor|157\/307
|move|p1a: Scizor|Bug Bite|p2a: Tentacruel
|-resisted|p2a: Tentacruel
|-damage|p2a: Tentacruel|185\/361
|
|-heal|p2a: Tentacruel|207\/361|[from] item: Black Sludge
|turn|23
|c| mistaken|the ox team
|c|~haunter|are you taking that
|
|move|p2a: Tentacruel|Scald|p1a: Scizor
|-damage|p1a: Scizor|84\/307
|move|p1a: Scizor|Bug Bite|p2a: Tentacruel
|-resisted|p2a: Tentacruel
|-damage|p2a: Tentacruel|11\/361
|
|-heal|p2a: Tentacruel|33\/361|[from] item: Black Sludge
|turn|24
|c|~haunter|ban him imo
|c|+fingerscrossed|haunter the instigator
|c| Gizmoâ|NO BURNS
|c| Ox the Fox|cool no burn
|c| Ox the Fox|now u win
|c| Cienight|SD if real
|c| Ox the Fox|unless he outskills u with ches
|
|move|p1a: Scizor|Bullet Punch|p2a: Tentacruel
|-resisted|p2a: Tentacruel
|-damage|p2a: Tentacruel|0 fnt
|faint|p2a: Tentacruel
|
|
|switch|p2a: Sableye|Sableye-Mega, F|194\/304 psn
|turn|25
|c| Escavalier|?
|c| Cosine180|?
|c| Ox the Fox|counter?
|
|move|p1a: Scizor|Bug Bite|p2a: Sableye
|-crit|p2a: Sableye
|-damage|p2a: Sableye|0 fnt
|faint|p2a: Sableye
|
|c| Cosine180|sableye
|c| Squirrelll|<.<
|c| Cienight|amh , this thing dies
|c| Cosine180|instead of chesnaught
|c|+fingerscrossed|yummy
|c|âJiaShengz|wow
|c| Cosine180|gr8 play m8
|
|switch|p2a: Clefable|Clefable, M|394\/394
|turn|26
|c|+fingerscrossed|damn scizor commin thru
|c| Ox the Fox|ches at least has a chance
|
|move|p1a: Scizor|Bullet Punch|p2a: Clefable
|-supereffective|p2a: Clefable
|-damage|p2a: Clefable|154\/394
|move|p2a: Clefable|Wish|p2a: Clefable
|
|-heal|p2a: Clefable|178\/394|[from] item: Leftovers
|turn|27
|leave|Squirrelll
|c| Escavalier|unaware clef
|c| Cosine180|>wish
|c| Ox the Fox|nigga going to pp stall
|
|switch|p2a: Chesnaught|Chesnaught, F|139\/380
|move|p1a: Scizor|Bullet Punch|p2a: Chesnaught
|-crit|p2a: Chesnaught
|-damage|p2a: Chesnaught|0 fnt
|faint|p2a: Chesnaught
|
|c| Escavalier|stall this nigga
|c| Ox the Fox|lol
|c|âReverb|ah
|c| Escavalier|LOL
|c| mistaken|lol
|c| Ox the Fox|it killed
|c| Cienight|jesus
|c| Cienight|so lucky
|c|âReverb|dude im +2
|c|âReverb|max atk adamant
|c|âReverb|it killed
|c| Ox the Fox|+2 252+ Atk Technician Mega Scizor Bullet Punch vs. 252 HP \/ 252+ Def Chesnaught: 151-178 (39.7 - 46.8%) -- guaranteed 3HKO after Leftovers recovery
|
|switch|p2a: Clefable|Clefable, M|178\/394
|turn|28
|
|move|p2a: Clefable|Protect|p2a: Clefable
|-singleturn|p2a: Clefable|Protect
|move|p1a: Scizor|Bullet Punch|p2a: Clefable
|-activate|p2a: Clefable|Protect
|
|-heal|p2a: Clefable|202\/394|[from] item: Leftovers
|turn|29
|c| Ox the Fox|four protects
|join|Zenzo
|leave|Zenzo
|c|+fingerscrossed|lol he is a mod
|c| mistaken|what is the percent chance of triple protect
|c|+fingerscrossed|dont stall him
|c|âReverb|he isnt
|c|âReverb|he's thinking
|c| Ox the Fox|while hes timer stlaling checking out my rmt!
|c|+fingerscrossed|just warning him
|
|move|p2a: Clefable|Protect|p2a: Clefable
|-fail|p2a: Clefable
|move|p1a: Scizor|Bullet Punch|p2a: Clefable
|-supereffective|p2a: Clefable
|-damage|p2a: Clefable|0 fnt
|faint|p2a: Clefable
|
|c| Ox the Fox|http:\/\/www.smogon.com\/forums\/threads\/sableye-broken-pls-nerf-peaked-1906-1.3524706\/
|
|switch|p2a: Chansey|Chansey, F|420\/703
|turn|30
|c|âJiaShengz|Gg
|c|âReverb|gg
|
|move|p1a: Scizor|Superpower|p2a: Chansey
|-supereffective|p2a: Chansey
|-damage|p2a: Chansey|0 fnt
|-unboost|p1a: Scizor|atk|1
|-unboost|p1a: Scizor|def|1
|faint|p2a: Chansey
|
|win|Reverb
|raw|Ladder updating...
|leave|JiaShengz
|player|p2
|leave|fingerscrossed
|leave|Escavalier
|leave|Cosine180
|join|Squirrelll
|join|Cosine180
|leave|Reverb
|raw|Reverb's rating: 1836 &rarr; <strong>1846<\/strong><br \/>(+10 for winning)
|raw|JiaShengz's rating: 1639 &rarr; <strong>1629<\/strong><br \/>(-10 for losing)
|leave|Cosine180
|player|p1
|leave|Squirrelll
|leave|haunter