|join|I'm your Soul
|join|JiaShengz
|player|p1|I'm your Soul|167
|player|p2|JiaShengz|102
|gametype|singles
|gen|6
|tier|OU
|rated
|clearpoke
|poke|p1|Slowbro, F
|poke|p1|Amoonguss, F
|poke|p1|Heatran, M
|poke|p1|Zapdos
|poke|p1|Tyranitar, F
|poke|p1|Scizor, F
|poke|p2|Sableye, M
|poke|p2|Gliscor, M
|poke|p2|Tentacruel, M
|poke|p2|Skarmory, M
|poke|p2|Chansey, F
|poke|p2|Clefable, M
|rule|Swagger Clause: Swagger is banned
|rule|Baton Pass Clause: Limit one PokÃ©mon knowing Baton Pass
|rule|Sleep Clause Mod: Limit one foe put to sleep
|rule|Species Clause: Limit one of each PokÃ©mon
|rule|OHKO Clause: OHKO moves are banned
|rule|Moody Clause: Moody is banned
|rule|Evasion Moves Clause: Evasion moves are banned
|rule|Endless Battle Clause: Forcing endless battles is banned
|rule|HP Percentage Mod: HP is shown in percentages
|teampreview
|
|start
|switch|p1a: Heatran|Heatran, M|385\/385
|switch|p2a: Sableye|Sableye, M|304\/304
|turn|1
|
|detailschange|p2a: Sableye|Sableye-Mega, M
|-mega|p2a: Sableye|Sableye|Sablenite
|move|p1a: Heatran|Lava Plume|p2a: Sableye
|-damage|p2a: Sableye|208\/304
|move|p2a: Sableye|Knock Off|p1a: Heatran
|-damage|p1a: Heatran|295\/385
|-enditem|p1a: Heatran|Leftovers|[from] move: Knock Off|[of] p2a: Sableye
|
|turn|2
|
|switch|p2a: Tentacruel|Tentacruel, M|363\/363
|move|p1a: Heatran|Lava Plume|p2a: Tentacruel
|-resisted|p2a: Tentacruel
|-damage|p2a: Tentacruel|317\/363
|-status|p2a: Tentacruel|brn
|
|-heal|p2a: Tentacruel|339\/363 brn|[from] item: Black Sludge
|-damage|p2a: Tentacruel|294\/363 brn|[from] brn
|turn|3
|
|move|p2a: Tentacruel|Scald|p1a: Heatran
|-supereffective|p1a: Heatran
|-damage|p1a: Heatran|175\/385
|move|p1a: Heatran|Stealth Rock|p2a: Tentacruel
|-sidestart|p2: JiaShengz|move: Stealth Rock
|
|-heal|p2a: Tentacruel|316\/363 brn|[from] item: Black Sludge
|-damage|p2a: Tentacruel|271\/363 brn|[from] brn
|turn|4
|
|switch|p1a: Zapdos|Zapdos|383\/383
|-ability|p1a: Zapdos|Pressure
|move|p2a: Tentacruel|Rapid Spin|p1a: Zapdos
|-damage|p1a: Zapdos|379\/383
|-sideend|p2: JiaShengz|Stealth Rock|[from] move: Rapid Spin|[of] p2a: Tentacruel
|
|-heal|p1a: Zapdos|383\/383|[from] item: Leftovers
|-heal|p2a: Tentacruel|293\/363 brn|[from] item: Black Sludge
|-damage|p2a: Tentacruel|248\/363 brn|[from] brn
|turn|5
|
|switch|p2a: Gliscor|Gliscor, M|354\/354
|move|p1a: Zapdos|Volt Switch|p2a: Gliscor
|-immune|p2a: Gliscor|[msg]
|
|-status|p2a: Gliscor|tox|[from] item: Toxic Orb
|turn|6
|
|move|p1a: Zapdos|Heat Wave|p2a: Gliscor
|-damage|p2a: Gliscor|270\/354 tox
|move|p2a: Gliscor|Knock Off|p1a: Zapdos
|-damage|p1a: Zapdos|319\/383
|-enditem|p1a: Zapdos|Leftovers|[from] move: Knock Off|[of] p2a: Gliscor
|
|-heal|p2a: Gliscor|314\/354 tox|[from] ability: Poison Heal
|turn|7
|
|switch|p1a: Scizor|Scizor, F|343\/343
|move|p2a: Gliscor|Knock Off|p1a: Scizor
|-damage|p1a: Scizor|301\/343
|
|-heal|p2a: Gliscor|354\/354 tox|[from] ability: Poison Heal
|turn|8
|
|detailschange|p1a: Scizor|Scizor-Mega, F
|-mega|p1a: Scizor|Scizor|Scizorite
|move|p2a: Gliscor|Taunt|p1a: Scizor
|-start|p1a: Scizor|move: Taunt
|cant|p1a: Scizor|move: Taunt|Swords Dance
|
|turn|9
|
|move|p2a: Gliscor|Earthquake|p1a: Scizor
|-damage|p1a: Scizor|219\/343
|move|p1a: Scizor|Knock Off|p2a: Gliscor
|-damage|p2a: Gliscor|256\/354 tox
|-enditem|p2a: Gliscor|Toxic Orb|[from] move: Knock Off|[of] p1a: Scizor
|
|-heal|p2a: Gliscor|300\/354 tox|[from] ability: Poison Heal
|turn|10
|
|switch|p1a: Slowbro|Slowbro, F|393\/393
|move|p2a: Gliscor|Earthquake|p1a: Slowbro
|-damage|p1a: Slowbro|321\/393
|
|-heal|p1a: Slowbro|345\/393|[from] item: Leftovers
|-heal|p2a: Gliscor|344\/354 tox|[from] ability: Poison Heal
|turn|11
|
|move|p2a: Gliscor|Knock Off|p1a: Slowbro
|-supereffective|p1a: Slowbro
|-damage|p1a: Slowbro|253\/393
|-enditem|p1a: Slowbro|Leftovers|[from] move: Knock Off|[of] p2a: Gliscor
|move|p1a: Slowbro|Scald|p2a: Gliscor
|-crit|p2a: Gliscor
|-supereffective|p2a: Gliscor
|-damage|p2a: Gliscor|116\/354 tox
|
|-heal|p2a: Gliscor|160\/354 tox|[from] ability: Poison Heal
|turn|12
|
|move|p2a: Gliscor|Roost|p2a: Gliscor
|-heal|p2a: Gliscor|337\/354 tox
|move|p1a: Slowbro|Psyshock|p2a: Gliscor
|-crit|p2a: Gliscor
|-damage|p2a: Gliscor|214\/354 tox
|
|-heal|p2a: Gliscor|258\/354 tox|[from] ability: Poison Heal
|turn|13
|
|move|p2a: Gliscor|Taunt|p1a: Slowbro
|-start|p1a: Slowbro|move: Taunt
|move|p1a: Slowbro|Scald|p2a: Gliscor
|-supereffective|p2a: Gliscor
|-damage|p2a: Gliscor|106\/354 tox
|
|-heal|p2a: Gliscor|150\/354 tox|[from] ability: Poison Heal
|turn|14
|
|move|p2a: Gliscor|Roost|p2a: Gliscor
|-heal|p2a: Gliscor|327\/354 tox
|move|p1a: Slowbro|Scald|p2a: Gliscor
|-supereffective|p2a: Gliscor
|-damage|p2a: Gliscor|171\/354 tox
|
|-heal|p2a: Gliscor|215\/354 tox|[from] ability: Poison Heal
|turn|15
|
|move|p2a: Gliscor|Earthquake|p1a: Slowbro
|-damage|p1a: Slowbro|172\/393
|move|p1a: Slowbro|Scald|p2a: Gliscor
|-supereffective|p2a: Gliscor
|-damage|p2a: Gliscor|59\/354 tox
|
|-heal|p2a: Gliscor|103\/354 tox|[from] ability: Poison Heal
|-end|p1a: Slowbro|move: Taunt
|turn|16
|
|move|p2a: Gliscor|Roost|p2a: Gliscor
|-heal|p2a: Gliscor|280\/354 tox
|move|p1a: Slowbro|Scald|p2a: Gliscor
|-supereffective|p2a: Gliscor
|-damage|p2a: Gliscor|128\/354 tox
|
|-heal|p2a: Gliscor|172\/354 tox|[from] ability: Poison Heal
|turn|17
|
|move|p2a: Gliscor|Taunt|p1a: Slowbro
|-start|p1a: Slowbro|move: Taunt
|move|p1a: Slowbro|Scald|p2a: Gliscor
|-supereffective|p2a: Gliscor
|-damage|p2a: Gliscor|10\/354 tox
|
|-heal|p2a: Gliscor|54\/354 tox|[from] ability: Poison Heal
|turn|18
|
|move|p2a: Gliscor|Roost|p2a: Gliscor
|-heal|p2a: Gliscor|231\/354 tox
|move|p1a: Slowbro|Scald|p2a: Gliscor
|-supereffective|p2a: Gliscor
|-damage|p2a: Gliscor|73\/354 tox
|
|-heal|p2a: Gliscor|117\/354 tox|[from] ability: Poison Heal
|turn|19
|
|move|p2a: Gliscor|Roost|p2a: Gliscor
|-heal|p2a: Gliscor|294\/354 tox
|move|p1a: Slowbro|Scald|p2a: Gliscor
|-supereffective|p2a: Gliscor
|-damage|p2a: Gliscor|114\/354 tox
|
|-heal|p2a: Gliscor|158\/354 tox|[from] ability: Poison Heal
|-end|p1a: Slowbro|move: Taunt
|turn|20
|
|switch|p2a: Chansey|Chansey, F|703\/703
|move|p1a: Slowbro|Scald|p2a: Chansey
|-damage|p2a: Chansey|637\/703
|
|turn|21
|
|switch|p1a: Scizor|Scizor-Mega, F|219\/343
|move|p2a: Chansey|Wish|p2a: Chansey
|
|turn|22
|
|switch|p2a: Gliscor|Gliscor, M|158\/354 tox
|move|p1a: Scizor|Swords Dance|p1a: Scizor
|-boost|p1a: Scizor|atk|2
|
|-heal|p2a: Gliscor|354\/354 tox|[from] move: Wish|[wisher] Chansey
|turn|23
|
|move|p1a: Scizor|Bullet Punch|p2a: Gliscor
|-damage|p2a: Gliscor|188\/354 tox
|move|p2a: Gliscor|Earthquake|p1a: Scizor
|-damage|p1a: Scizor|140\/343
|
|-heal|p2a: Gliscor|232\/354 tox|[from] ability: Poison Heal
|turn|24
|
|switch|p2a: Skarmory|Skarmory, M|334\/334
|move|p1a: Scizor|Roost|p1a: Scizor
|-heal|p1a: Scizor|312\/343
|
|turn|25
|
|move|p1a: Scizor|Knock Off|p2a: Skarmory
|-damage|p2a: Skarmory|203\/334
|-enditem|p2a: Skarmory|Shed Shell|[from] move: Knock Off|[of] p1a: Scizor
|move|p2a: Skarmory|Stealth Rock|p1a: Scizor
|-sidestart|p1: I'm your Soul|move: Stealth Rock
|
|turn|26
|
|move|p1a: Scizor|Knock Off|p2a: Skarmory
|-damage|p2a: Skarmory|108\/334
|move|p2a: Skarmory|Whirlwind|p1a: Scizor
|drag|p1a: Tyranitar|Tyranitar, F|341\/341
|-damage|p1a: Tyranitar|299\/341|[from] Stealth Rock
|-weather|Sandstorm
|
|-weather|Sandstorm|[upkeep]
|turn|27
|
|switch|p2a: Sableye|Sableye-Mega, M|208\/304
|move|p1a: Tyranitar|Stone Edge|p2a: Sableye
|-damage|p2a: Sableye|100\/304
|
|-weather|Sandstorm|[upkeep]
|-damage|p2a: Sableye|81\/304|[from] sandstorm
|turn|28
|
|switch|p2a: Chansey|Chansey, F|637\/703
|move|p1a: Tyranitar|Stone Edge|p2a: Chansey
|-damage|p2a: Chansey|385\/703
|
|-weather|Sandstorm|[upkeep]
|-damage|p2a: Chansey|342\/703|[from] sandstorm
|turn|29
|
|move|p1a: Tyranitar|Stone Edge|p2a: Chansey
|-damage|p2a: Chansey|117\/703
|move|p2a: Chansey|Soft-Boiled|p2a: Chansey
|-heal|p2a: Chansey|469\/703
|
|-weather|Sandstorm|[upkeep]
|-damage|p2a: Chansey|426\/703|[from] sandstorm
|turn|30
|
|move|p1a: Tyranitar|Stone Edge|p2a: Chansey
|-damage|p2a: Chansey|177\/703
|move|p2a: Chansey|Wish|p2a: Chansey
|
|-weather|none
|turn|31
|
|switch|p2a: Gliscor|Gliscor, M|232\/354 tox
|move|p1a: Tyranitar|Stone Edge|p2a: Gliscor
|-damage|p2a: Gliscor|90\/354 tox
|
|-heal|p2a: Gliscor|354\/354 tox|[from] move: Wish|[wisher] Chansey
|turn|32
|
|switch|p1a: Zapdos|Zapdos|319\/383
|-damage|p1a: Zapdos|224\/383|[from] Stealth Rock
|-ability|p1a: Zapdos|Pressure
|move|p2a: Gliscor|Earthquake|p1a: Zapdos
|-immune|p1a: Zapdos|[msg]
|
|turn|33
|
|move|p1a: Zapdos|Defog|p2a: Gliscor
|-unboost|p2a: Gliscor|evasion|1
|-sideend|p1: I'm your Soul|Stealth Rock|[from] move: Defog|[of] p1a: Zapdos
|move|p2a: Gliscor|Knock Off|p1a: Zapdos
|-damage|p1a: Zapdos|187\/383
|
|turn|34
|
|move|p1a: Zapdos|Roost|p1a: Zapdos
|-heal|p1a: Zapdos|379\/383
|move|p2a: Gliscor|Earthquake|p1a: Zapdos
|-supereffective|p1a: Zapdos
|-damage|p1a: Zapdos|191\/383
|
|turn|35
|
|switch|p1a: Scizor|Scizor-Mega, F|312\/343
|move|p2a: Gliscor|Earthquake|p1a: Scizor
|-damage|p1a: Scizor|234\/343
|
|turn|36
|
|switch|p1a: Slowbro|Slowbro, F|303\/393
|move|p2a: Gliscor|Earthquake|p1a: Slowbro
|-damage|p1a: Slowbro|225\/393
|
|turn|37
|
|move|p2a: Gliscor|Earthquake|p1a: Slowbro
|-damage|p1a: Slowbro|153\/393
|move|p1a: Slowbro|Scald|p2a: Gliscor
|-supereffective|p2a: Gliscor
|-damage|p2a: Gliscor|184\/354 tox
|
|-heal|p2a: Gliscor|228\/354 tox|[from] ability: Poison Heal
|turn|38
|
|move|p2a: Gliscor|Taunt|p1a: Slowbro
|-start|p1a: Slowbro|move: Taunt
|cant|p1a: Slowbro|move: Taunt|Slack Off
|
|-heal|p2a: Gliscor|272\/354 tox|[from] ability: Poison Heal
|turn|39
|
|switch|p1a: Zapdos|Zapdos|191\/383
|-ability|p1a: Zapdos|Pressure
|move|p2a: Gliscor|Earthquake|p1a: Zapdos
|-immune|p1a: Zapdos|[msg]
|
|-heal|p2a: Gliscor|316\/354 tox|[from] ability: Poison Heal
|turn|40
|
|switch|p1a: Slowbro|Slowbro, F|284\/393
|move|p2a: Gliscor|Taunt|p1a: Slowbro
|-start|p1a: Slowbro|move: Taunt
|
|-heal|p2a: Gliscor|354\/354 tox|[from] ability: Poison Heal
|turn|41
|
|switch|p2a: Chansey|Chansey, F|177\/703
|move|p1a: Slowbro|Scald|p2a: Chansey
|-damage|p2a: Chansey|120\/703
|-status|p2a: Chansey|brn
|
|-damage|p2a: Chansey|33\/703 brn|[from] brn
|turn|42
|
|move|p2a: Chansey|Soft-Boiled|p2a: Chansey
|-heal|p2a: Chansey|385\/703 brn
|move|p1a: Slowbro|Psyshock|p2a: Chansey
|-damage|p2a: Chansey|249\/703 brn
|
|-damage|p2a: Chansey|162\/703 brn|[from] brn
|turn|43
|
|switch|p1a: Scizor|Scizor-Mega, F|234\/343
|move|p2a: Chansey|Soft-Boiled|p2a: Chansey
|-heal|p2a: Chansey|514\/703 brn
|
|-damage|p2a: Chansey|427\/703 brn|[from] brn
|turn|44
|
|switch|p2a: Gliscor|Gliscor, M|354\/354 tox
|move|p1a: Scizor|Swords Dance|p1a: Scizor
|-boost|p1a: Scizor|atk|2
|
|turn|45
|
|move|p1a: Scizor|Bullet Punch|p2a: Gliscor
|-damage|p2a: Gliscor|182\/354 tox
|move|p2a: Gliscor|Taunt|p1a: Scizor
|-start|p1a: Scizor|move: Taunt
|
|-heal|p2a: Gliscor|226\/354 tox|[from] ability: Poison Heal
|turn|46
|
|move|p1a: Scizor|Bullet Punch|p2a: Gliscor
|-damage|p2a: Gliscor|39\/354 tox
|move|p2a: Gliscor|Roost|p2a: Gliscor
|-heal|p2a: Gliscor|216\/354 tox
|
|-heal|p2a: Gliscor|260\/354 tox|[from] ability: Poison Heal
|turn|47
|
|move|p1a: Scizor|Bullet Punch|p2a: Gliscor
|-crit|p2a: Gliscor
|-damage|p2a: Gliscor|0 fnt
|faint|p2a: Gliscor
|
|
|switch|p2a: Clefable|Clefable, M|394\/394
|turn|48
|
|switch|p1a: Heatran|Heatran, M|175\/385
|move|p2a: Clefable|Wish|p2a: Clefable
|
|turn|49
|
|switch|p2a: Tentacruel|Tentacruel, M|248\/363 brn
|move|p1a: Heatran|Stealth Rock|p2a: Tentacruel
|-sidestart|p2: JiaShengz|move: Stealth Rock
|
|-heal|p2a: Tentacruel|363\/363 brn|[from] move: Wish|[wisher] Clefable
|-damage|p2a: Tentacruel|318\/363 brn|[from] brn
|turn|50
|
|switch|p1a: Zapdos|Zapdos|191\/383
|-ability|p1a: Zapdos|Pressure
|move|p2a: Tentacruel|Rapid Spin|p1a: Zapdos
|-damage|p1a: Zapdos|187\/383
|-sideend|p2: JiaShengz|Stealth Rock|[from] move: Rapid Spin|[of] p2a: Tentacruel
|
|-heal|p2a: Tentacruel|340\/363 brn|[from] item: Black Sludge
|-damage|p2a: Tentacruel|295\/363 brn|[from] brn
|turn|51
|
|move|p1a: Zapdos|Volt Switch|p2a: Tentacruel
|-supereffective|p2a: Tentacruel
|-damage|p2a: Tentacruel|109\/363 brn
|
|switch|p1a: Slowbro|Slowbro, F|393\/393
|move|p2a: Tentacruel|Scald|p1a: Slowbro
|-resisted|p1a: Slowbro
|-damage|p1a: Slowbro|343\/393
|
|-heal|p2a: Tentacruel|131\/363 brn|[from] item: Black Sludge
|-damage|p2a: Tentacruel|86\/363 brn|[from] brn
|turn|52
|
|switch|p2a: Skarmory|Skarmory, M|108\/334
|move|p1a: Slowbro|Scald|p2a: Skarmory
|-damage|p2a: Skarmory|0 fnt
|faint|p2a: Skarmory
|
|
|switch|p2a: Chansey|Chansey, F|427\/703
|turn|53
|
|switch|p1a: Scizor|Scizor-Mega, F|234\/343
|move|p2a: Chansey|Wish|p2a: Chansey
|
|turn|54
|
|switch|p2a: Sableye|Sableye-Mega, M|81\/304
|move|p1a: Scizor|Knock Off|p2a: Sableye
|-damage|p2a: Sableye|36\/304
|
|-heal|p2a: Sableye|304\/304|[from] move: Wish|[wisher] Chansey
|turn|55
|
|switch|p1a: Heatran|Heatran, M|175\/385
|move|p2a: Sableye|Will-O-Wisp|p1a: Heatran
|-start|p1a: Heatran|ability: Flash Fire
|
|turn|56
|
|move|p1a: Heatran|Lava Plume|p2a: Sableye
|-damage|p2a: Sableye|139\/304
|move|p2a: Sableye|Taunt|p1a: Heatran
|-start|p1a: Heatran|move: Taunt
|
|turn|57
|
|switch|p2a: Chansey|Chansey, F|427\/703
|move|p1a: Heatran|Lava Plume|p2a: Chansey
|-damage|p2a: Chansey|312\/703
|
|turn|58
|
|switch|p1a: Scizor|Scizor-Mega, F|234\/343
|move|p2a: Chansey|Wish|p2a: Chansey
|
|turn|59
|
|switch|p2a: Sableye|Sableye-Mega, M|139\/304
|move|p1a: Scizor|Bullet Punch|p2a: Sableye
|-damage|p2a: Sableye|76\/304
|
|-heal|p2a: Sableye|304\/304|[from] move: Wish|[wisher] Chansey
|turn|60
|
|switch|p1a: Heatran|Heatran, M|175\/385
|move|p2a: Sableye|Will-O-Wisp|p1a: Heatran
|-start|p1a: Heatran|ability: Flash Fire
|
|turn|61
|
|switch|p2a: Chansey|Chansey, F|312\/703
|move|p1a: Heatran|Lava Plume|p2a: Chansey
|-damage|p2a: Chansey|204\/703
|
|turn|62
|
|switch|p2a: Sableye|Sableye-Mega, M|304\/304
|move|p1a: Heatran|Stealth Rock|p2a: Sableye
|move|p2a: Sableye|Stealth Rock|p1a: Heatran|[from]Magic Bounce
|-sidestart|p1: I'm your Soul|move: Stealth Rock
|
|turn|63
|
|move|p1a: Heatran|Lava Plume|p2a: Sableye
|-damage|p2a: Sableye|138\/304
|move|p2a: Sableye|Taunt|p1a: Heatran
|-start|p1a: Heatran|move: Taunt
|
|turn|64
|
|switch|p2a: Chansey|Chansey, F|204\/703
|move|p1a: Heatran|Lava Plume|p2a: Chansey
|-damage|p2a: Chansey|84\/703
|
|turn|65
|
|move|p1a: Heatran|Lava Plume|p2a: Chansey
|-damage|p2a: Chansey|0 fnt
|faint|p2a: Chansey
|
|
|switch|p2a: Tentacruel|Tentacruel, M|86\/363 brn
|turn|66
|
|switch|p1a: Slowbro|Slowbro, F|393\/393
|-damage|p1a: Slowbro|344\/393|[from] Stealth Rock
|move|p2a: Tentacruel|Scald|p1a: Slowbro
|-resisted|p1a: Slowbro
|-damage|p1a: Slowbro|295\/393
|
|-heal|p2a: Tentacruel|108\/363 brn|[from] item: Black Sludge
|-damage|p2a: Tentacruel|63\/363 brn|[from] brn
|turn|67
|
|move|p2a: Tentacruel|Scald|p1a: Slowbro
|-resisted|p1a: Slowbro
|-damage|p1a: Slowbro|252\/393
|-status|p1a: Slowbro|brn
|move|p1a: Slowbro|Scald|p2a: Tentacruel
|-resisted|p2a: Tentacruel
|-damage|p2a: Tentacruel|21\/363 brn
|
|-heal|p2a: Tentacruel|43\/363 brn|[from] item: Black Sludge
|-damage|p2a: Tentacruel|0 fnt|[from] brn
|-damage|p1a: Slowbro|203\/393 brn|[from] brn
|faint|p2a: Tentacruel
|
|switch|p2a: Sableye|Sableye-Mega, M|138\/304
|turn|68
|
|move|p1a: Slowbro|Scald|p2a: Sableye
|-damage|p2a: Sableye|59\/304
|move|p2a: Sableye|Recover|p2a: Sableye
|-heal|p2a: Sableye|211\/304
|
|-damage|p1a: Slowbro|154\/393 brn|[from] brn
|turn|69
|
|move|p1a: Slowbro|Scald|p2a: Sableye
|-damage|p2a: Sableye|124\/304
|-status|p2a: Sableye|brn
|move|p2a: Sableye|Taunt|p1a: Slowbro
|-start|p1a: Slowbro|move: Taunt
|
|-damage|p1a: Slowbro|105\/393 brn|[from] brn
|-damage|p2a: Sableye|86\/304 brn|[from] brn
|turn|70
|
|move|p1a: Slowbro|Scald|p2a: Sableye
|-damage|p2a: Sableye|7\/304 brn
|move|p2a: Sableye|Recover|p2a: Sableye
|-heal|p2a: Sableye|159\/304 brn
|
|-damage|p1a: Slowbro|56\/393 brn|[from] brn
|-damage|p2a: Sableye|121\/304 brn|[from] brn
|turn|71
|
|switch|p1a: Zapdos|Zapdos|187\/383
|-damage|p1a: Zapdos|92\/383|[from] Stealth Rock
|-ability|p1a: Zapdos|Pressure
|move|p2a: Sableye|Taunt|p1a: Zapdos
|-start|p1a: Zapdos|move: Taunt
|
|-damage|p2a: Sableye|83\/304 brn|[from] brn
|turn|72
|
|move|p1a: Zapdos|Heat Wave|p2a: Sableye
|-damage|p2a: Sableye|2\/304 brn
|move|p2a: Sableye|Recover|p2a: Sableye
|-heal|p2a: Sableye|154\/304 brn
|
|-damage|p2a: Sableye|116\/304 brn|[from] brn
|turn|73
|
|move|p1a: Zapdos|Volt Switch|p2a: Sableye
|-damage|p2a: Sableye|22\/304 brn
|
|switch|p1a: Slowbro|Slowbro, F|187\/393 brn
|-damage|p1a: Slowbro|138\/393 brn|[from] Stealth Rock
|move|p2a: Sableye|Recover|p2a: Sableye
|-heal|p2a: Sableye|174\/304 brn
|
|-damage|p1a: Slowbro|89\/393 brn|[from] brn
|-damage|p2a: Sableye|136\/304 brn|[from] brn
|turn|74
|
|switch|p1a: Heatran|Heatran, M|175\/385
|-damage|p1a: Heatran|127\/385|[from] Stealth Rock
|move|p2a: Sableye|Taunt|p1a: Heatran
|-start|p1a: Heatran|move: Taunt
|
|-damage|p2a: Sableye|98\/304 brn|[from] brn
|turn|75
|
|move|p1a: Heatran|Lava Plume|p2a: Sableye
|-damage|p2a: Sableye|0 fnt
|faint|p2a: Sableye
|
|
|switch|p2a: Clefable|Clefable, M|394\/394
|turn|76
|
|move|p1a: Heatran|Lava Plume|p2a: Clefable
|-damage|p2a: Clefable|268\/394
|move|p2a: Clefable|Calm Mind|p2a: Clefable
|-boost|p2a: Clefable|spa|1
|-boost|p2a: Clefable|spd|1
|
|-heal|p2a: Clefable|292\/394|[from] item: Leftovers
|turn|77
|
|move|p1a: Heatran|Lava Plume|p2a: Clefable
|-damage|p2a: Clefable|213\/394
|move|p2a: Clefable|Wish|p2a: Clefable
|
|-heal|p2a: Clefable|237\/394|[from] item: Leftovers
|-end|p1a: Heatran|move: Taunt
|turn|78
|
|switch|p1a: Amoonguss|Amoonguss, F|429\/429
|-damage|p1a: Amoonguss|376\/429|[from] Stealth Rock
|move|p2a: Clefable|Calm Mind|p2a: Clefable
|-boost|p2a: Clefable|spa|1
|-boost|p2a: Clefable|spd|1
|
|-heal|p2a: Clefable|394\/394|[from] move: Wish|[wisher] Clefable
|-heal|p1a: Amoonguss|402\/429|[from] item: Black Sludge
|turn|79
|
|move|p2a: Clefable|Moonblast|p1a: Amoonguss
|-resisted|p1a: Amoonguss
|-damage|p1a: Amoonguss|309\/429
|-unboost|p1a: Amoonguss|spa|1
|move|p1a: Amoonguss|Spore|p2a: Clefable
|-status|p2a: Clefable|slp
|
|-heal|p1a: Amoonguss|335\/429|[from] item: Black Sludge
|turn|80
|
|cant|p2a: Clefable|slp
|move|p1a: Amoonguss|Clear Smog|p2a: Clefable
|-supereffective|p2a: Clefable
|-damage|p2a: Clefable|338\/394 slp
|-clearboost|p2a: Clefable
|
|-heal|p2a: Clefable|362\/394 slp|[from] item: Leftovers
|-heal|p1a: Amoonguss|361\/429|[from] item: Black Sludge
|turn|81
|
|cant|p2a: Clefable|slp
|move|p1a: Amoonguss|Giga Drain|p2a: Clefable
|-damage|p2a: Clefable|277\/394 slp
|-heal|p1a: Amoonguss|404\/429|[from] drain|[of] p2a: Clefable
|
|-heal|p2a: Clefable|301\/394 slp|[from] item: Leftovers
|-heal|p1a: Amoonguss|429\/429|[from] item: Black Sludge
|turn|82
|
|-curestatus|p2a: Clefable|slp
|move|p2a: Clefable|Moonblast|p1a: Amoonguss
|-resisted|p1a: Amoonguss
|-damage|p1a: Amoonguss|381\/429
|-unboost|p1a: Amoonguss|spa|1
|move|p1a: Amoonguss|Clear Smog|p2a: Clefable
|-supereffective|p2a: Clefable
|-damage|p2a: Clefable|191\/394
|-clearboost|p2a: Clefable
|
|-heal|p2a: Clefable|215\/394|[from] item: Leftovers
|-heal|p1a: Amoonguss|407\/429|[from] item: Black Sludge
|turn|83
|
|move|p2a: Clefable|Wish|p2a: Clefable
|move|p1a: Amoonguss|Spore|p2a: Clefable
|-status|p2a: Clefable|slp
|
|-heal|p2a: Clefable|239\/394 slp|[from] item: Leftovers
|-heal|p1a: Amoonguss|429\/429|[from] item: Black Sludge
|turn|84
|
|switch|p1a: Scizor|Scizor-Mega, F|234\/343
|-damage|p1a: Scizor|192\/343|[from] Stealth Rock
|cant|p2a: Clefable|slp
|
|-heal|p2a: Clefable|394\/394 slp|[from] move: Wish|[wisher] Clefable
|turn|85
|
|move|p1a: Scizor|Bullet Punch|p2a: Clefable
|-supereffective|p2a: Clefable
|-damage|p2a: Clefable|220\/394 slp
|-curestatus|p2a: Clefable|slp
|move|p2a: Clefable|Moonblast|p1a: Scizor
|-resisted|p1a: Scizor
|-damage|p1a: Scizor|147\/343
|
|-heal|p2a: Clefable|244\/394|[from] item: Leftovers
|turn|86
|
|move|p1a: Scizor|Bullet Punch|p2a: Clefable
|-supereffective|p2a: Clefable
|-damage|p2a: Clefable|68\/394
|move|p2a: Clefable|Wish|p2a: Clefable
|
|-heal|p2a: Clefable|92\/394|[from] item: Leftovers
|turn|87
|c|âI'm your Soul|gg
|
|move|p2a: Clefable|Protect|p2a: Clefable
|-singleturn|p2a: Clefable|Protect
|move|p1a: Scizor|Bullet Punch|p2a: Clefable
|-activate|p2a: Clefable|Protect
|
|-heal|p2a: Clefable|289\/394|[from] move: Wish|[wisher] Clefable
|-heal|p2a: Clefable|313\/394|[from] item: Leftovers
|turn|88
|
|move|p1a: Scizor|Roost|p1a: Scizor
|-heal|p1a: Scizor|319\/343
|move|p2a: Clefable|Wish|p2a: Clefable
|
|-heal|p2a: Clefable|337\/394|[from] item: Leftovers
|turn|89
|
|move|p1a: Scizor|Swords Dance|p1a: Scizor
|-boost|p1a: Scizor|atk|2
|move|p2a: Clefable|Calm Mind|p2a: Clefable
|-boost|p2a: Clefable|spa|1
|-boost|p2a: Clefable|spd|1
|
|-heal|p2a: Clefable|394\/394|[from] move: Wish|[wisher] Clefable
|turn|90
|
|move|p1a: Scizor|Bullet Punch|p2a: Clefable
|-supereffective|p2a: Clefable
|-damage|p2a: Clefable|196\/394
|move|p2a: Clefable|Calm Mind|p2a: Clefable
|-boost|p2a: Clefable|spa|1
|-boost|p2a: Clefable|spd|1
|
|-heal|p2a: Clefable|220\/394|[from] item: Leftovers
|turn|91
|
|move|p1a: Scizor|Bullet Punch|p2a: Clefable
|-supereffective|p2a: Clefable
|-damage|p2a: Clefable|22\/394
|move|p2a: Clefable|Wish|p2a: Clefable
|
|-heal|p2a: Clefable|46\/394|[from] item: Leftovers
|turn|92
|
|move|p1a: Scizor|Swords Dance|p1a: Scizor
|-boost|p1a: Scizor|atk|2
|move|p2a: Clefable|Moonblast|p1a: Scizor
|-resisted|p1a: Scizor
|-damage|p1a: Scizor|236\/343
|
|-heal|p2a: Clefable|243\/394|[from] move: Wish|[wisher] Clefable
|-heal|p2a: Clefable|267\/394|[from] item: Leftovers
|turn|93
|
|move|p1a: Scizor|Bullet Punch|p2a: Clefable
|-supereffective|p2a: Clefable
|-damage|p2a: Clefable|85\/394
|move|p2a: Clefable|Wish|p2a: Clefable
|
|-heal|p2a: Clefable|109\/394|[from] item: Leftovers
|turn|94
|
|move|p1a: Scizor|Roost|p1a: Scizor
|-heal|p1a: Scizor|343\/343
|move|p2a: Clefable|Moonblast|p1a: Scizor
|-resisted|p1a: Scizor
|-damage|p1a: Scizor|253\/343
|-unboost|p1a: Scizor|spa|1
|
|-heal|p2a: Clefable|306\/394|[from] move: Wish|[wisher] Clefable
|-heal|p2a: Clefable|330\/394|[from] item: Leftovers
|turn|95
|
|move|p1a: Scizor|Knock Off|p2a: Clefable
|-resisted|p2a: Clefable
|-damage|p2a: Clefable|284\/394
|-enditem|p2a: Clefable|Leftovers|[from] move: Knock Off|[of] p1a: Scizor
|move|p2a: Clefable|Calm Mind|p2a: Clefable
|-boost|p2a: Clefable|spa|1
|-boost|p2a: Clefable|spd|1
|
|turn|96
|
|move|p1a: Scizor|Bullet Punch|p2a: Clefable
|-supereffective|p2a: Clefable
|-damage|p2a: Clefable|104\/394
|move|p2a: Clefable|Wish|p2a: Clefable
|
|turn|97
|
|move|p2a: Clefable|Protect|p2a: Clefable
|-singleturn|p2a: Clefable|Protect
|move|p1a: Scizor|Bullet Punch|p2a: Clefable
|-activate|p2a: Clefable|Protect
|
|-heal|p2a: Clefable|301\/394|[from] move: Wish|[wisher] Clefable
|turn|98
|
|move|p1a: Scizor|Bullet Punch|p2a: Clefable
|-supereffective|p2a: Clefable
|-damage|p2a: Clefable|115\/394
|move|p2a: Clefable|Wish|p2a: Clefable
|
|turn|99
|
|move|p1a: Scizor|Bullet Punch|p2a: Clefable
|-supereffective|p2a: Clefable
|-damage|p2a: Clefable|0 fnt
|faint|p2a: Clefable
|
|win|I'm your Soul
|raw|Ladder updating...
|raw|I&apos;m your Soul's rating: 1509 &rarr; <strong>1531<\/strong><br \/>(+22 for winning)
|raw|JiaShengz's rating: 1550 &rarr; <strong>1529<\/strong><br \/>(-21 for losing)
|leave|JiaShengz
|player|p2