|join|JiaShengz
|join|Gianluigigames96
|join|TMasterPu
|player|p1|JiaShengz|101
|player|p2|Gianluigigames96|17
|gametype|singles
|gen|6
|tier|OU
|rated
|clearpoke
|poke|p1|Tentacruel, F
|poke|p1|Skarmory, M
|poke|p1|Clefable, F
|poke|p1|Sableye, F
|poke|p1|Chansey, F
|poke|p1|Gliscor, M
|poke|p2|Manaphy
|poke|p2|Scizor, M
|poke|p2|Terrakion
|poke|p2|Gothitelle, M
|poke|p2|Venusaur, F
|poke|p2|Raikou
|rule|Swagger Clause: Swagger is banned
|rule|Baton Pass Clause: Limit one PokÃ©mon knowing Baton Pass
|rule|Sleep Clause Mod: Limit one foe put to sleep
|rule|Species Clause: Limit one of each PokÃ©mon
|rule|OHKO Clause: OHKO moves are banned
|rule|Moody Clause: Moody is banned
|rule|Evasion Moves Clause: Evasion moves are banned
|rule|Endless Battle Clause: Forcing endless battles is banned
|rule|HP Percentage Mod: HP is shown in percentages
|teampreview
|
|start
|switch|p1a: Sableye|Sableye, F|304\/304
|switch|p2a: Raikou|Raikou|321\/321
|-ability|p2a: Raikou|Pressure
|turn|1
|
|switch|p1a: Gliscor|Gliscor, M|354\/354
|move|p2a: Raikou|Volt Switch|p1a: Gliscor
|-immune|p1a: Gliscor|[msg]
|
|-status|p1a: Gliscor|tox|[from] item: Toxic Orb
|turn|2
|
|move|p2a: Raikou|Hidden Power|p1a: Gliscor
|-supereffective|p1a: Gliscor
|-damage|p1a: Gliscor|146\/354 tox
|move|p1a: Gliscor|Knock Off|p2a: Raikou
|-damage|p2a: Raikou|224\/321
|-enditem|p2a: Raikou|Assault Vest|[from] move: Knock Off|[of] p1a: Gliscor
|
|-heal|p1a: Gliscor|190\/354 tox|[from] ability: Poison Heal
|turn|3
|
|switch|p2a: Gothitelle|Gothitelle, M|282\/282
|switch|p1a: Chansey|Chansey, F|703\/703
|
|turn|4
|
|move|p2a: Gothitelle|Trick|p1a: Chansey
|-activate|p2a: Gothitelle|move: Trick|[of] p1a: Chansey
|-item|p1a: Chansey|Choice Specs|[from] move: Trick
|-item|p2a: Gothitelle|Eviolite|[from] move: Trick
|move|p1a: Chansey|Seismic Toss|p2a: Gothitelle
|-damage|p2a: Gothitelle|182\/282
|
|turn|5
|
|move|p2a: Gothitelle|Psyshock|p1a: Chansey
|-damage|p1a: Chansey|453\/703
|move|p1a: Chansey|Seismic Toss|p2a: Gothitelle
|-damage|p2a: Gothitelle|82\/282
|
|turn|6
|
|move|p2a: Gothitelle|Psyshock|p1a: Chansey
|-damage|p1a: Chansey|219\/703
|move|p1a: Chansey|Seismic Toss|p2a: Gothitelle
|-damage|p2a: Gothitelle|0 fnt
|faint|p2a: Gothitelle
|
|
|switch|p2a: Terrakion|Terrakion|323\/323
|turn|7
|
|switch|p1a: Sableye|Sableye, F|304\/304
|move|p2a: Terrakion|Stealth Rock|p1a: Sableye
|-sidestart|p1: JiaShengz|move: Stealth Rock
|
|turn|8
|
|switch|p2a: Manaphy|Manaphy|404\/404
|detailschange|p1a: Sableye|Sableye-Mega, F
|-mega|p1a: Sableye|Sableye|Sablenite
|move|p1a: Sableye|Will-O-Wisp|p2a: Manaphy|[miss]
|-miss|p1a: Sableye|p2a: Manaphy
|
|turn|9
|
|move|p2a: Manaphy|Rain Dance|p2a: Manaphy
|-weather|RainDance
|move|p1a: Sableye|Knock Off|p2a: Manaphy
|-damage|p2a: Manaphy|326\/404
|-enditem|p2a: Manaphy|Leftovers|[from] move: Knock Off|[of] p1a: Sableye
|
|-weather|RainDance|[upkeep]
|turn|10
|
|switch|p1a: Tentacruel|Tentacruel, F|363\/363
|-damage|p1a: Tentacruel|318\/363|[from] Stealth Rock
|move|p2a: Manaphy|Calm Mind|p2a: Manaphy
|-boost|p2a: Manaphy|spa|1
|-boost|p2a: Manaphy|spd|1
|
|-weather|RainDance|[upkeep]
|-heal|p1a: Tentacruel|340\/363|[from] item: Black Sludge
|turn|11
|
|move|p2a: Manaphy|Calm Mind|p2a: Manaphy
|-boost|p2a: Manaphy|spa|1
|-boost|p2a: Manaphy|spd|1
|move|p1a: Tentacruel|Acid Spray|p2a: Manaphy
|-damage|p2a: Manaphy|307\/404
|-unboost|p2a: Manaphy|spd|2
|
|-weather|RainDance|[upkeep]
|-heal|p1a: Tentacruel|362\/363|[from] item: Black Sludge
|turn|12
|
|move|p2a: Manaphy|Calm Mind|p2a: Manaphy
|-boost|p2a: Manaphy|spa|1
|-boost|p2a: Manaphy|spd|1
|move|p1a: Tentacruel|Scald|p2a: Manaphy
|-resisted|p2a: Manaphy
|-damage|p2a: Manaphy|267\/404
|
|-weather|RainDance|[upkeep]
|-heal|p1a: Tentacruel|363\/363|[from] item: Black Sludge
|turn|13
|
|move|p2a: Manaphy|Scald|p1a: Tentacruel
|-resisted|p1a: Tentacruel
|-damage|p1a: Tentacruel|216\/363
|-status|p1a: Tentacruel|brn
|move|p1a: Tentacruel|Scald|p2a: Manaphy
|-resisted|p2a: Manaphy
|-damage|p2a: Manaphy|230\/404
|
|-weather|none
|-heal|p1a: Tentacruel|238\/363 brn|[from] item: Black Sludge
|-damage|p1a: Tentacruel|193\/363 brn|[from] brn
|turn|14
|
|switch|p1a: Clefable|Clefable, F|394\/394
|-damage|p1a: Clefable|345\/394|[from] Stealth Rock
|move|p2a: Manaphy|Rain Dance|p2a: Manaphy
|-weather|RainDance
|
|-weather|RainDance|[upkeep]
|-heal|p1a: Clefable|369\/394|[from] item: Leftovers
|turn|15
|
|move|p1a: Clefable|Protect|p1a: Clefable
|-singleturn|p1a: Clefable|Protect
|move|p2a: Manaphy|Rest|p2a: Manaphy
|-status|p2a: Manaphy|slp
|-heal|p2a: Manaphy|404\/404 slp|[silent]
|-status|p2a: Manaphy|slp|[from] move: Rest
|
|-weather|RainDance|[upkeep]
|-curestatus|p2a: Manaphy|slp
|-heal|p1a: Clefable|393\/394|[from] item: Leftovers
|turn|16
|
|move|p2a: Manaphy|Scald|p1a: Clefable
|-damage|p1a: Clefable|252\/394
|-status|p1a: Clefable|brn
|move|p1a: Clefable|Calm Mind|p1a: Clefable
|-boost|p1a: Clefable|spa|1
|-boost|p1a: Clefable|spd|1
|
|-weather|RainDance|[upkeep]
|-heal|p1a: Clefable|276\/394 brn|[from] item: Leftovers
|-damage|p1a: Clefable|227\/394 brn|[from] brn
|turn|17
|
|switch|p2a: Scizor|Scizor, M|343\/343
|move|p1a: Clefable|Wish|p1a: Clefable
|
|-weather|RainDance|[upkeep]
|-heal|p1a: Clefable|251\/394 brn|[from] item: Leftovers
|-damage|p1a: Clefable|202\/394 brn|[from] brn
|turn|18
|
|switch|p1a: Tentacruel|Tentacruel, F|193\/363 brn
|-damage|p1a: Tentacruel|148\/363 brn|[from] Stealth Rock
|move|p2a: Scizor|Bullet Punch|p1a: Tentacruel
|-resisted|p1a: Tentacruel
|-damage|p1a: Tentacruel|109\/363 brn
|
|-weather|none
|-heal|p1a: Tentacruel|306\/363 brn|[from] move: Wish|[wisher] Clefable
|-heal|p1a: Tentacruel|328\/363 brn|[from] item: Black Sludge
|-damage|p1a: Tentacruel|283\/363 brn|[from] brn
|turn|19
|
|move|p1a: Tentacruel|Rapid Spin|p2a: Scizor
|-resisted|p2a: Scizor
|-damage|p2a: Scizor|341\/343
|-sideend|p1: JiaShengz|Stealth Rock|[from] move: Rapid Spin|[of] p1a: Tentacruel
|move|p2a: Scizor|U-turn|p1a: Tentacruel
|-resisted|p1a: Tentacruel
|-damage|p1a: Tentacruel|238\/363 brn
|
|switch|p2a: Raikou|Raikou|224\/321
|-ability|p2a: Raikou|Pressure
|
|-heal|p1a: Tentacruel|260\/363 brn|[from] item: Black Sludge
|-damage|p1a: Tentacruel|215\/363 brn|[from] brn
|turn|20
|
|switch|p1a: Sableye|Sableye-Mega, F|304\/304
|move|p2a: Raikou|Volt Switch|p1a: Sableye
|-damage|p1a: Sableye|211\/304
|
|switch|p2a: Manaphy|Manaphy|404\/404
|
|turn|21
|
|switch|p1a: Chansey|Chansey, F|219\/703
|move|p2a: Manaphy|Rain Dance|p2a: Manaphy
|-weather|RainDance
|
|-weather|RainDance|[upkeep]
|turn|22
|
|move|p2a: Manaphy|Calm Mind|p2a: Manaphy
|-boost|p2a: Manaphy|spa|1
|-boost|p2a: Manaphy|spd|1
|move|p1a: Chansey|Soft-Boiled|p1a: Chansey
|-heal|p1a: Chansey|571\/703
|
|-weather|RainDance|[upkeep]
|turn|23
|
|switch|p1a: Tentacruel|Tentacruel, F|215\/363 brn
|move|p2a: Manaphy|Calm Mind|p2a: Manaphy
|-boost|p2a: Manaphy|spa|1
|-boost|p2a: Manaphy|spd|1
|
|-weather|RainDance|[upkeep]
|-heal|p1a: Tentacruel|237\/363 brn|[from] item: Black Sludge
|-damage|p1a: Tentacruel|192\/363 brn|[from] brn
|turn|24
|
|switch|p1a: Chansey|Chansey, F|571\/703
|move|p2a: Manaphy|Scald|p1a: Chansey
|-damage|p1a: Chansey|312\/703
|
|-weather|RainDance|[upkeep]
|turn|25
|
|move|p2a: Manaphy|Calm Mind|p2a: Manaphy
|-boost|p2a: Manaphy|spa|1
|-boost|p2a: Manaphy|spd|1
|move|p1a: Chansey|Heal Bell|p1a: Chansey
|-cureteam|p1a: Chansey|[from] move: HealBell
|
|-weather|none
|turn|26
|
|switch|p1a: Tentacruel|Tentacruel, F|192\/363
|move|p2a: Manaphy|Rain Dance|p2a: Manaphy
|-weather|RainDance
|
|-weather|RainDance|[upkeep]
|-heal|p1a: Tentacruel|214\/363|[from] item: Black Sludge
|turn|27
|
|move|p2a: Manaphy|Scald|p1a: Tentacruel
|-resisted|p1a: Tentacruel
|-damage|p1a: Tentacruel|61\/363
|move|p1a: Tentacruel|Scald|p2a: Manaphy
|-resisted|p2a: Manaphy
|-damage|p2a: Manaphy|380\/404
|
|-weather|RainDance|[upkeep]
|-heal|p1a: Tentacruel|83\/363|[from] item: Black Sludge
|turn|28
|
|move|p2a: Manaphy|Scald|p1a: Tentacruel
|-resisted|p1a: Tentacruel
|-damage|p1a: Tentacruel|0 fnt
|faint|p1a: Tentacruel
|
|-weather|RainDance|[upkeep]
|
|switch|p1a: Clefable|Clefable, F|202\/394
|turn|29
|
|move|p1a: Clefable|Protect|p1a: Clefable
|-singleturn|p1a: Clefable|Protect
|move|p2a: Manaphy|Scald|p1a: Clefable
|-activate|p1a: Clefable|Protect
|
|-weather|RainDance|[upkeep]
|-heal|p1a: Clefable|226\/394|[from] item: Leftovers
|turn|30
|
|move|p2a: Manaphy|Scald|p1a: Clefable
|-damage|p1a: Clefable|79\/394
|move|p1a: Clefable|Wish|p1a: Clefable
|
|-weather|none
|-heal|p1a: Clefable|103\/394|[from] item: Leftovers
|turn|31
|
|move|p1a: Clefable|Protect|p1a: Clefable
|-singleturn|p1a: Clefable|Protect
|move|p2a: Manaphy|Rain Dance|p2a: Manaphy
|-weather|RainDance
|
|-weather|RainDance|[upkeep]
|-heal|p1a: Clefable|300\/394|[from] move: Wish|[wisher] Clefable
|-heal|p1a: Clefable|324\/394|[from] item: Leftovers
|turn|32
|
|move|p2a: Manaphy|Scald|p1a: Clefable
|-damage|p1a: Clefable|179\/394
|move|p1a: Clefable|Wish|p1a: Clefable
|
|-weather|RainDance|[upkeep]
|-heal|p1a: Clefable|203\/394|[from] item: Leftovers
|turn|33
|
|switch|p2a: Scizor|Scizor, M|341\/343
|move|p1a: Clefable|Protect|p1a: Clefable
|-fail|p1a: Clefable
|
|-weather|RainDance|[upkeep]
|-heal|p1a: Clefable|394\/394|[from] move: Wish|[wisher] Clefable
|-heal|p2a: Scizor|343\/343|[from] item: Leftovers
|turn|34
|
|switch|p1a: Sableye|Sableye-Mega, F|211\/304
|move|p2a: Scizor|U-turn|p1a: Sableye
|-damage|p1a: Sableye|144\/304
|
|switch|p2a: Manaphy|Manaphy|380\/404
|
|-weather|RainDance|[upkeep]
|turn|35
|
|switch|p1a: Chansey|Chansey, F|312\/703
|move|p2a: Manaphy|Scald|p1a: Chansey
|-damage|p1a: Chansey|179\/703
|
|-weather|none
|turn|36
|
|switch|p2a: Terrakion|Terrakion|323\/323
|move|p1a: Chansey|Soft-Boiled|p1a: Chansey
|-heal|p1a: Chansey|531\/703
|
|turn|37
|
|switch|p1a: Clefable|Clefable, F|394\/394
|move|p2a: Terrakion|Stone Edge|p1a: Clefable
|-damage|p1a: Clefable|234\/394
|
|-heal|p1a: Clefable|258\/394|[from] item: Leftovers
|turn|38
|
|switch|p1a: Sableye|Sableye-Mega, F|144\/304
|move|p2a: Terrakion|Stealth Rock|p1a: Sableye
|move|p1a: Sableye|Stealth Rock|p2a: Terrakion|[from]Magic Bounce
|-sidestart|p2: Gianluigigames96|move: Stealth Rock
|
|turn|39
|
|move|p2a: Terrakion|Stone Edge|p1a: Sableye
|-damage|p1a: Sableye|26\/304
|move|p1a: Sableye|Recover|p1a: Sableye
|-heal|p1a: Sableye|178\/304
|
|turn|40
|
|move|p2a: Terrakion|Stone Edge|p1a: Sableye
|-damage|p1a: Sableye|75\/304
|move|p1a: Sableye|Recover|p1a: Sableye
|-heal|p1a: Sableye|227\/304
|
|turn|41
|
|move|p2a: Terrakion|Stone Edge|p1a: Sableye
|-damage|p1a: Sableye|119\/304
|move|p1a: Sableye|Will-O-Wisp|p2a: Terrakion
|-status|p2a: Terrakion|brn
|
|-damage|p2a: Terrakion|283\/323 brn|[from] brn
|turn|42
|
|move|p2a: Terrakion|Stone Edge|p1a: Sableye
|-damage|p1a: Sableye|59\/304
|move|p1a: Sableye|Recover|p1a: Sableye
|-heal|p1a: Sableye|211\/304
|
|-damage|p2a: Terrakion|243\/323 brn|[from] brn
|turn|43
|
|move|p2a: Terrakion|Stone Edge|p1a: Sableye
|-damage|p1a: Sableye|154\/304
|move|p1a: Sableye|Recover|p1a: Sableye
|-heal|p1a: Sableye|304\/304
|
|-damage|p2a: Terrakion|203\/323 brn|[from] brn
|turn|44
|
|move|p2a: Terrakion|Stone Edge|p1a: Sableye
|-crit|p1a: Sableye
|-damage|p1a: Sableye|226\/304
|move|p1a: Sableye|Taunt|p2a: Terrakion
|-start|p2a: Terrakion|move: Taunt
|
|-damage|p2a: Terrakion|163\/323 brn|[from] brn
|turn|45
|
|move|p2a: Terrakion|Stone Edge|p1a: Sableye|[miss]
|-miss|p2a: Terrakion|p1a: Sableye
|move|p1a: Sableye|Recover|p1a: Sableye
|-heal|p1a: Sableye|304\/304
|
|-damage|p2a: Terrakion|123\/323 brn|[from] brn
|turn|46
|
|switch|p1a: Gliscor|Gliscor, M|190\/354
|move|p2a: Terrakion|Close Combat|p1a: Gliscor
|-resisted|p1a: Gliscor
|-damage|p1a: Gliscor|147\/354
|-unboost|p2a: Terrakion|def|1
|-unboost|p2a: Terrakion|spd|1
|
|-damage|p2a: Terrakion|83\/323 brn|[from] brn
|-status|p1a: Gliscor|tox|[from] item: Toxic Orb
|turn|47
|
|move|p2a: Terrakion|Close Combat|p1a: Gliscor
|-resisted|p1a: Gliscor
|-damage|p1a: Gliscor|107\/354 tox
|-unboost|p2a: Terrakion|def|1
|-unboost|p2a: Terrakion|spd|1
|move|p1a: Gliscor|Roost|p1a: Gliscor
|-heal|p1a: Gliscor|284\/354 tox
|
|-damage|p2a: Terrakion|43\/323 brn|[from] brn
|-heal|p1a: Gliscor|328\/354 tox|[from] ability: Poison Heal
|-end|p2a: Terrakion|move: Taunt
|turn|48
|
|switch|p1a: Sableye|Sableye-Mega, F|304\/304
|move|p2a: Terrakion|Taunt|p1a: Sableye
|move|p1a: Sableye|Taunt|p2a: Terrakion|[from]Magic Bounce
|-start|p2a: Terrakion|move: Taunt
|
|-damage|p2a: Terrakion|3\/323 brn|[from] brn
|turn|49
|
|move|p2a: Terrakion|Close Combat|p1a: Sableye
|-immune|p1a: Sableye|[msg]
|move|p1a: Sableye|Knock Off|p2a: Terrakion
|-resisted|p2a: Terrakion
|-damage|p2a: Terrakion|0 fnt
|-enditem|p2a: Terrakion|Focus Sash|[from] move: Knock Off|[of] p1a: Sableye
|faint|p2a: Terrakion
|
|
|switch|p2a: Venusaur|Venusaur, F|340\/340
|-damage|p2a: Venusaur|298\/340|[from] Stealth Rock
|turn|50
|
|detailschange|p2a: Venusaur|Venusaur-Mega, F
|-mega|p2a: Venusaur|Venusaur|Venusaurite
|move|p2a: Venusaur|Giga Drain|p1a: Sableye
|-damage|p1a: Sableye|181\/304
|-heal|p2a: Venusaur|340\/340|[from] drain|[of] p1a: Sableye
|move|p1a: Sableye|Will-O-Wisp|p2a: Venusaur|[miss]
|-miss|p1a: Sableye|p2a: Venusaur
|
|turn|51
|
|move|p2a: Venusaur|Giga Drain|p1a: Sableye
|-damage|p1a: Sableye|60\/304
|move|p1a: Sableye|Recover|p1a: Sableye
|-heal|p1a: Sableye|212\/304
|
|turn|52
|
|move|p2a: Venusaur|Giga Drain|p1a: Sableye
|-damage|p1a: Sableye|77\/304
|move|p1a: Sableye|Recover|p1a: Sableye
|-heal|p1a: Sableye|229\/304
|
|turn|53
|
|move|p2a: Venusaur|Giga Drain|p1a: Sableye
|-damage|p1a: Sableye|94\/304
|move|p1a: Sableye|Recover|p1a: Sableye
|-heal|p1a: Sableye|246\/304
|
|turn|54
|
|move|p2a: Venusaur|Giga Drain|p1a: Sableye
|-damage|p1a: Sableye|111\/304
|move|p1a: Sableye|Recover|p1a: Sableye
|-heal|p1a: Sableye|263\/304
|
|turn|55
|
|move|p2a: Venusaur|Giga Drain|p1a: Sableye
|-damage|p1a: Sableye|146\/304
|move|p1a: Sableye|Will-O-Wisp|p2a: Venusaur
|-status|p2a: Venusaur|brn
|
|-damage|p2a: Venusaur|298\/340 brn|[from] brn
|turn|56
|
|move|p2a: Venusaur|Giga Drain|p1a: Sableye
|-damage|p1a: Sableye|11\/304
|-heal|p2a: Venusaur|340\/340 brn|[from] drain|[of] p1a: Sableye
|move|p1a: Sableye|Recover|p1a: Sableye
|-heal|p1a: Sableye|163\/304
|
|-damage|p2a: Venusaur|298\/340 brn|[from] brn
|turn|57
|
|switch|p1a: Skarmory|Skarmory, M|334\/334
|move|p2a: Venusaur|Giga Drain|p1a: Skarmory
|-resisted|p1a: Skarmory
|-damage|p1a: Skarmory|286\/334
|-heal|p2a: Venusaur|322\/340 brn|[from] drain|[of] p1a: Skarmory
|
|-damage|p2a: Venusaur|280\/340 brn|[from] brn
|turn|58
|
|move|p2a: Venusaur|Leech Seed|p1a: Skarmory
|-start|p1a: Skarmory|move: Leech Seed
|move|p1a: Skarmory|Stealth Rock|p2a: Venusaur
|-fail|p2a: Venusaur
|
|-damage|p1a: Skarmory|245\/334|[from] Leech Seed|[of] p2a: Venusaur
|-heal|p2a: Venusaur|321\/340 brn|[silent]
|-damage|p2a: Venusaur|279\/340 brn|[from] brn
|turn|59
|
|move|p2a: Venusaur|Giga Drain|p1a: Skarmory
|-resisted|p1a: Skarmory
|-damage|p1a: Skarmory|198\/334
|-heal|p2a: Venusaur|303\/340 brn|[from] drain|[of] p1a: Skarmory
|move|p1a: Skarmory|Spikes|p2a: Venusaur
|-sidestart|p2: Gianluigigames96|Spikes
|
|-damage|p1a: Skarmory|157\/334|[from] Leech Seed|[of] p2a: Venusaur
|-heal|p2a: Venusaur|340\/340 brn|[silent]
|-damage|p2a: Venusaur|298\/340 brn|[from] brn
|turn|60
|
|switch|p1a: Gliscor|Gliscor, M|328\/354 tox
|move|p2a: Venusaur|Giga Drain|p1a: Gliscor
|-damage|p1a: Gliscor|199\/354 tox
|-heal|p2a: Venusaur|340\/340 brn|[from] drain|[of] p1a: Gliscor
|
|-heal|p1a: Gliscor|243\/354 tox|[from] ability: Poison Heal
|-damage|p2a: Venusaur|298\/340 brn|[from] brn
|turn|61
|
|switch|p1a: Chansey|Chansey, F|531\/703
|move|p2a: Venusaur|Leech Seed|p1a: Chansey
|-start|p1a: Chansey|move: Leech Seed
|
|-damage|p1a: Chansey|444\/703|[from] Leech Seed|[of] p2a: Venusaur
|-heal|p2a: Venusaur|340\/340 brn|[silent]
|-damage|p2a: Venusaur|298\/340 brn|[from] brn
|turn|62
|
|switch|p2a: Scizor|Scizor, M|343\/343
|-damage|p2a: Scizor|301\/343|[from] Stealth Rock
|-damage|p2a: Scizor|259\/343|[from] Spikes
|move|p1a: Chansey|Wish|p1a: Chansey
|
|-heal|p2a: Scizor|280\/343|[from] item: Leftovers
|-damage|p1a: Chansey|357\/703|[from] Leech Seed|[of] p2a: Scizor
|-heal|p2a: Scizor|343\/343|[silent]
|turn|63
|
|switch|p1a: Skarmory|Skarmory, M|157\/334
|move|p2a: Scizor|Defog|p1a: Skarmory
|-unboost|p1a: Skarmory|evasion|1
|-sideend|p2: Gianluigigames96|Spikes|[from] move: Defog|[of] p2a: Scizor
|-sideend|p2: Gianluigigames96|Stealth Rock|[from] move: Defog|[of] p2a: Scizor
|
|-heal|p1a: Skarmory|334\/334|[from] move: Wish|[wisher] Chansey
|turn|64
|
|move|p1a: Skarmory|Stealth Rock|p2a: Scizor
|-sidestart|p2: Gianluigigames96|move: Stealth Rock
|move|p2a: Scizor|U-turn|p1a: Skarmory
|-resisted|p1a: Skarmory
|-damage|p1a: Skarmory|319\/334
|
|switch|p2a: Raikou|Raikou|224\/321
|-damage|p2a: Raikou|184\/321|[from] Stealth Rock
|-ability|p2a: Raikou|Pressure
|
|turn|65
|
|switch|p1a: Gliscor|Gliscor, M|243\/354 tox
|move|p2a: Raikou|Thunderbolt|p1a: Gliscor
|-immune|p1a: Gliscor|[msg]
|
|-heal|p1a: Gliscor|287\/354 tox|[from] ability: Poison Heal
|turn|66
|
|move|p2a: Raikou|Hidden Power|p1a: Gliscor
|-crit|p1a: Gliscor
|-supereffective|p1a: Gliscor
|-damage|p1a: Gliscor|0 fnt
|faint|p1a: Gliscor
|
|
|switch|p1a: Chansey|Chansey, F|357\/703
|turn|67
|
|move|p2a: Raikou|Volt Switch|p1a: Chansey
|-damage|p1a: Chansey|255\/703
|
|switch|p2a: Scizor|Scizor, M|343\/343
|-damage|p2a: Scizor|301\/343|[from] Stealth Rock
|move|p1a: Chansey|Wish|p1a: Chansey
|
|-heal|p2a: Scizor|322\/343|[from] item: Leftovers
|turn|68
|
|switch|p1a: Sableye|Sableye-Mega, F|163\/304
|move|p2a: Scizor|U-turn|p1a: Sableye
|-damage|p1a: Sableye|96\/304
|
|switch|p2a: Venusaur|Venusaur-Mega, F|298\/340 brn
|-damage|p2a: Venusaur|256\/340 brn|[from] Stealth Rock
|
|-heal|p1a: Sableye|304\/304|[from] move: Wish|[wisher] Chansey
|-damage|p2a: Venusaur|214\/340 brn|[from] brn
|turn|69
|
|move|p2a: Venusaur|Giga Drain|p1a: Sableye
|-damage|p1a: Sableye|190\/304
|-heal|p2a: Venusaur|271\/340 brn|[from] drain|[of] p1a: Sableye
|move|p1a: Sableye|Taunt|p2a: Venusaur
|-start|p2a: Venusaur|move: Taunt
|
|-damage|p2a: Venusaur|229\/340 brn|[from] brn
|turn|70
|leave|TMasterPu
|
|switch|p1a: Chansey|Chansey, F|255\/703
|move|p2a: Venusaur|Giga Drain|p1a: Chansey
|-damage|p1a: Chansey|110\/703
|-heal|p2a: Venusaur|302\/340 brn|[from] drain|[of] p1a: Chansey
|
|-damage|p2a: Venusaur|260\/340 brn|[from] brn
|turn|71
|
|switch|p1a: Skarmory|Skarmory, M|319\/334
|move|p2a: Venusaur|Giga Drain|p1a: Skarmory
|-resisted|p1a: Skarmory
|-damage|p1a: Skarmory|270\/334
|-heal|p2a: Venusaur|285\/340 brn|[from] drain|[of] p1a: Skarmory
|
|-damage|p2a: Venusaur|243\/340 brn|[from] brn
|turn|72
|join|dragons100
|
|switch|p2a: Raikou|Raikou|184\/321
|-damage|p2a: Raikou|144\/321|[from] Stealth Rock
|-ability|p2a: Raikou|Pressure
|move|p1a: Skarmory|Spikes|p2a: Raikou
|-sidestart|p2: Gianluigigames96|Spikes
|
|turn|73
|
|switch|p1a: Clefable|Clefable, F|258\/394
|move|p2a: Raikou|Thunderbolt|p1a: Clefable
|-damage|p1a: Clefable|89\/394
|
|-heal|p1a: Clefable|113\/394|[from] item: Leftovers
|turn|74
|
|move|p1a: Clefable|Protect|p1a: Clefable
|-singleturn|p1a: Clefable|Protect
|move|p2a: Raikou|Thunderbolt|p1a: Clefable
|-activate|p1a: Clefable|Protect
|
|-heal|p1a: Clefable|137\/394|[from] item: Leftovers
|turn|75
|leave|dragons100
|
|switch|p1a: Chansey|Chansey, F|110\/703
|move|p2a: Raikou|Thunderbolt|p1a: Chansey
|-damage|p1a: Chansey|0 fnt
|faint|p1a: Chansey
|
|
|switch|p1a: Sableye|Sableye-Mega, F|190\/304
|turn|76
|
|move|p2a: Raikou|Volt Switch|p1a: Sableye
|-damage|p1a: Sableye|97\/304
|
|switch|p2a: Venusaur|Venusaur-Mega, F|243\/340 brn
|-damage|p2a: Venusaur|201\/340 brn|[from] Stealth Rock
|-damage|p2a: Venusaur|159\/340 brn|[from] Spikes
|move|p1a: Sableye|Recover|p1a: Sableye
|-heal|p1a: Sableye|249\/304
|
|-damage|p2a: Venusaur|117\/340 brn|[from] brn
|turn|77
|
|switch|p1a: Skarmory|Skarmory, M|270\/334
|move|p2a: Venusaur|Giga Drain|p1a: Skarmory
|-resisted|p1a: Skarmory
|-damage|p1a: Skarmory|222\/334
|-heal|p2a: Venusaur|141\/340 brn|[from] drain|[of] p1a: Skarmory
|
|-damage|p2a: Venusaur|99\/340 brn|[from] brn
|turn|78
|
|switch|p1a: Sableye|Sableye-Mega, F|249\/304
|move|p2a: Venusaur|Leech Seed|p1a: Sableye
|move|p1a: Sableye|Leech Seed|p2a: Venusaur|[from]Magic Bounce
|-immune|p2a: Venusaur|[msg]
|
|-damage|p2a: Venusaur|57\/340 brn|[from] brn
|turn|79
|
|move|p2a: Venusaur|Giga Drain|p1a: Sableye
|-damage|p1a: Sableye|120\/304
|-heal|p2a: Venusaur|122\/340 brn|[from] drain|[of] p1a: Sableye
|move|p1a: Sableye|Recover|p1a: Sableye
|-heal|p1a: Sableye|272\/304
|
|-damage|p2a: Venusaur|80\/340 brn|[from] brn
|turn|80
|
|switch|p1a: Skarmory|Skarmory, M|222\/334
|move|p2a: Venusaur|Giga Drain|p1a: Skarmory
|-resisted|p1a: Skarmory
|-damage|p1a: Skarmory|178\/334
|-heal|p2a: Venusaur|102\/340 brn|[from] drain|[of] p1a: Skarmory
|
|-damage|p2a: Venusaur|60\/340 brn|[from] brn
|turn|81
|
|move|p2a: Venusaur|Sludge Bomb|p1a: Skarmory
|-immune|p1a: Skarmory|[msg]
|move|p1a: Skarmory|Roost|p1a: Skarmory
|-heal|p1a: Skarmory|334\/334
|
|-damage|p2a: Venusaur|18\/340 brn|[from] brn
|turn|82
|
|move|p2a: Venusaur|Leech Seed|p1a: Skarmory
|-start|p1a: Skarmory|move: Leech Seed
|move|p1a: Skarmory|Spikes|p2a: Venusaur
|-sidestart|p2: Gianluigigames96|Spikes
|
|-damage|p1a: Skarmory|293\/334|[from] Leech Seed|[of] p2a: Venusaur
|-heal|p2a: Venusaur|59\/340 brn|[silent]
|-damage|p2a: Venusaur|17\/340 brn|[from] brn
|turn|83
|
|switch|p1a: Sableye|Sableye-Mega, F|272\/304
|move|p2a: Venusaur|Synthesis|p2a: Venusaur
|-heal|p2a: Venusaur|187\/340 brn
|
|-damage|p2a: Venusaur|145\/340 brn|[from] brn
|turn|84
|
|move|p2a: Venusaur|Sludge Bomb|p1a: Sableye
|-resisted|p1a: Sableye
|-damage|p1a: Sableye|201\/304
|move|p1a: Sableye|Knock Off|p2a: Venusaur
|-damage|p2a: Venusaur|93\/340 brn
|
|-damage|p2a: Venusaur|51\/340 brn|[from] brn
|turn|85
|
|move|p2a: Venusaur|Sludge Bomb|p1a: Sableye
|-resisted|p1a: Sableye
|-damage|p1a: Sableye|129\/304
|move|p1a: Sableye|Taunt|p2a: Venusaur
|-start|p2a: Venusaur|move: Taunt
|
|-damage|p2a: Venusaur|9\/340 brn|[from] brn
|turn|86
|
|move|p2a: Venusaur|Sludge Bomb|p1a: Sableye
|-resisted|p1a: Sableye
|-damage|p1a: Sableye|52\/304
|move|p1a: Sableye|Recover|p1a: Sableye
|-heal|p1a: Sableye|204\/304
|
|-damage|p2a: Venusaur|0 fnt|[from] brn
|faint|p2a: Venusaur
|
|switch|p2a: Raikou|Raikou|144\/321
|-damage|p2a: Raikou|104\/321|[from] Stealth Rock
|-damage|p2a: Raikou|51\/321|[from] Spikes
|-ability|p2a: Raikou|Pressure
|turn|87
|
|move|p2a: Raikou|Thunderbolt|p1a: Sableye
|-damage|p1a: Sableye|74\/304
|move|p1a: Sableye|Recover|p1a: Sableye
|-heal|p1a: Sableye|226\/304
|
|turn|88
|
|switch|p1a: Skarmory|Skarmory, M|293\/334
|move|p2a: Raikou|Thunderbolt|p1a: Skarmory
|-supereffective|p1a: Skarmory
|-damage|p1a: Skarmory|0 fnt
|faint|p1a: Skarmory
|
|
|switch|p1a: Clefable|Clefable, F|137\/394
|turn|89
|c|âGianluigigames96|please, come on, it's the turn 89
|c|âGianluigigames96|xD
|
|move|p1a: Clefable|Protect|p1a: Clefable
|-singleturn|p1a: Clefable|Protect
|move|p2a: Raikou|Thunderbolt|p1a: Clefable
|-activate|p1a: Clefable|Protect
|
|-heal|p1a: Clefable|161\/394|[from] item: Leftovers
|turn|90
|c|âJiaShengz|im so sorry i thought ive clicked and im waiting unknowingly
|c|âGianluigigames96|no problem
|
|move|p2a: Raikou|Thunderbolt|p1a: Clefable
|-damage|p1a: Clefable|0 fnt
|faint|p1a: Clefable
|
|c|âGianluigigames96|great battle man
|c|âGianluigigames96|wp
|
|switch|p1a: Sableye|Sableye-Mega, F|226\/304
|turn|91
|c|âJiaShengz|Gg bruh
|-message|JiaShengz forfeited.
|leave|JiaShengz
|
|win|Gianluigigames96
|raw|Ladder updating...
|player|p1
|raw|JiaShengz's rating: 1613 &rarr; <strong>1584<\/strong><br \/>(-29 for losing)
|raw|Gianluigigames96's rating: 1433 &rarr; <strong>1463<\/strong><br \/>(+30 for winning)