|join|JiaShengz
|join|mattk
|player|p1|JiaShengz|170
|player|p2|mattk|163
|gametype|singles
|gen|6
|tier|OU
|rated
|clearpoke
|poke|p1|Tentacruel, M
|poke|p1|Skarmory, M
|poke|p1|Clefable, M
|poke|p1|Sableye, F
|poke|p1|Chansey, F
|poke|p1|Gliscor, M
|poke|p2|Ferrothorn, M
|poke|p2|Clefable, F
|poke|p2|Charizard, M
|poke|p2|Landorus-Therian, M
|poke|p2|Azumarill, M
|poke|p2|Greninja, M, shiny
|rule|Swagger Clause: Swagger is banned
|rule|Baton Pass Clause: Limit one PokÃ©mon knowing Baton Pass
|rule|Sleep Clause Mod: Limit one foe put to sleep
|rule|Species Clause: Limit one of each PokÃ©mon
|rule|OHKO Clause: OHKO moves are banned
|rule|Moody Clause: Moody is banned
|rule|Evasion Moves Clause: Evasion moves are banned
|rule|Endless Battle Clause: Forcing endless battles is banned
|rule|HP Percentage Mod: HP is shown in percentages
|teampreview
|
|start
|switch|p1a: Tentacruel|Tentacruel, M|363\/363
|switch|p2a: Landorus-Therian|Landorus-Therian, M|319\/319
|-ability|p2a: Landorus-Therian|Intimidate|[of] p1a: Tentacruel
|-unboost|p1a: Tentacruel|atk|1
|turn|1
|
|switch|p2a: Ferrothorn|Ferrothorn, M|352\/352
|move|p1a: Tentacruel|Toxic Spikes|p2a: Ferrothorn
|-sidestart|p2: mattk|move: Toxic Spikes
|
|turn|2
|
|move|p1a: Tentacruel|Toxic Spikes|p2a: Ferrothorn
|-sidestart|p2: mattk|move: Toxic Spikes
|move|p2a: Ferrothorn|Stealth Rock|p1a: Tentacruel
|-sidestart|p1: JiaShengz|move: Stealth Rock
|
|turn|3
|
|move|p1a: Tentacruel|Rapid Spin|p2a: Ferrothorn
|-resisted|p2a: Ferrothorn
|-damage|p2a: Ferrothorn|349\/352
|-damage|p1a: Tentacruel|318\/363|[from] ability: Iron Barbs|[of] p2a: Ferrothorn
|-sideend|p1: JiaShengz|Stealth Rock|[from] move: Rapid Spin|[of] p1a: Tentacruel
|move|p2a: Ferrothorn|Power Whip|p1a: Tentacruel
|-damage|p1a: Tentacruel|198\/363
|
|-heal|p1a: Tentacruel|220\/363|[from] item: Black Sludge
|-heal|p2a: Ferrothorn|352\/352|[from] item: Leftovers
|turn|4
|
|switch|p1a: Sableye|Sableye, F|304\/304
|move|p2a: Ferrothorn|Power Whip|p1a: Sableye
|-damage|p1a: Sableye|196\/304
|
|turn|5
|
|detailschange|p1a: Sableye|Sableye-Mega, F
|-mega|p1a: Sableye|Sableye|Sablenite
|move|p1a: Sableye|Knock Off|p2a: Ferrothorn
|-damage|p2a: Ferrothorn|276\/352
|-damage|p1a: Sableye|158\/304|[from] ability: Iron Barbs|[of] p2a: Ferrothorn
|-enditem|p2a: Ferrothorn|Leftovers|[from] move: Knock Off|[of] p1a: Sableye
|move|p2a: Ferrothorn|Leech Seed|p1a: Sableye
|move|p1a: Sableye|Leech Seed|p2a: Ferrothorn|[from]Magic Bounce
|-immune|p2a: Ferrothorn|[msg]
|
|turn|6
|
|switch|p2a: Charizard|Charizard, M|297\/297
|move|p1a: Sableye|Recover|p1a: Sableye
|-heal|p1a: Sableye|304\/304
|
|turn|7
|
|switch|p1a: Gliscor|Gliscor, M|354\/354
|detailschange|p2a: Charizard|Charizard-Mega-Y, M
|-mega|p2a: Charizard|Charizard|Charizardite Y
|-weather|SunnyDay
|move|p2a: Charizard|Flamethrower|p1a: Gliscor
|-damage|p1a: Gliscor|105\/354
|
|-weather|SunnyDay|[upkeep]
|-status|p1a: Gliscor|tox|[from] item: Toxic Orb
|turn|8
|
|switch|p1a: Chansey|Chansey, F|703\/703
|move|p2a: Charizard|Flamethrower|p1a: Chansey
|-damage|p1a: Chansey|513\/703
|
|-weather|SunnyDay|[upkeep]
|turn|9
|
|move|p2a: Charizard|Focus Blast|p1a: Chansey
|-supereffective|p1a: Chansey
|-damage|p1a: Chansey|307\/703
|move|p1a: Chansey|Wish|p1a: Chansey
|
|-weather|SunnyDay|[upkeep]
|turn|10
|
|switch|p2a: Ferrothorn|Ferrothorn, M|276\/352
|move|p1a: Chansey|Seismic Toss|p2a: Ferrothorn
|-damage|p2a: Ferrothorn|176\/352
|-damage|p1a: Chansey|220\/703|[from] ability: Iron Barbs|[of] p2a: Ferrothorn
|
|-weather|SunnyDay|[upkeep]
|-heal|p1a: Chansey|571\/703|[from] move: Wish|[wisher] Chansey
|turn|11
|
|switch|p1a: Skarmory|Skarmory, M|334\/334
|move|p2a: Ferrothorn|Leech Seed|p1a: Skarmory
|-start|p1a: Skarmory|move: Leech Seed
|
|-weather|none
|-damage|p1a: Skarmory|293\/334|[from] Leech Seed|[of] p2a: Ferrothorn
|-heal|p2a: Ferrothorn|217\/352|[silent]
|turn|12
|
|move|p1a: Skarmory|Stealth Rock|p2a: Ferrothorn
|-sidestart|p2: mattk|move: Stealth Rock
|move|p2a: Ferrothorn|Stealth Rock|p1a: Skarmory
|-sidestart|p1: JiaShengz|move: Stealth Rock
|
|-damage|p1a: Skarmory|252\/334|[from] Leech Seed|[of] p2a: Ferrothorn
|-heal|p2a: Ferrothorn|258\/352|[silent]
|turn|13
|
|switch|p1a: Sableye|Sableye-Mega, F|304\/304
|-damage|p1a: Sableye|266\/304|[from] Stealth Rock
|move|p2a: Ferrothorn|Gyro Ball|p1a: Sableye
|-crit|p1a: Sableye
|-damage|p1a: Sableye|218\/304
|
|turn|14
|
|switch|p2a: Clefable|Clefable, F|394\/394
|-status|p2a: Clefable|tox
|move|p1a: Sableye|Taunt|p2a: Clefable
|-start|p2a: Clefable|move: Taunt
|
|turn|15
|
|switch|p1a: Tentacruel|Tentacruel, M|220\/363
|-damage|p1a: Tentacruel|175\/363|[from] Stealth Rock
|move|p2a: Clefable|Moonblast|p1a: Tentacruel
|-resisted|p1a: Tentacruel
|-damage|p1a: Tentacruel|129\/363
|
|-heal|p1a: Tentacruel|151\/363|[from] item: Black Sludge
|turn|16
|
|switch|p2a: Landorus-Therian|Landorus-Therian, M|319\/319
|-damage|p2a: Landorus-Therian|280\/319|[from] Stealth Rock
|-ability|p2a: Landorus-Therian|Intimidate|[of] p1a: Tentacruel
|-unboost|p1a: Tentacruel|atk|1
|move|p1a: Tentacruel|Rapid Spin|p2a: Landorus-Therian
|-damage|p2a: Landorus-Therian|271\/319
|-sideend|p1: JiaShengz|Stealth Rock|[from] move: Rapid Spin|[of] p1a: Tentacruel
|
|-heal|p1a: Tentacruel|173\/363|[from] item: Black Sludge
|turn|17
|
|switch|p1a: Skarmory|Skarmory, M|252\/334
|move|p2a: Landorus-Therian|Earthquake|p1a: Skarmory
|-immune|p1a: Skarmory|[msg]
|
|turn|18
|
|switch|p2a: Charizard|Charizard-Mega-Y, M|297\/297
|-damage|p2a: Charizard|149\/297|[from] Stealth Rock
|-weather|SunnyDay
|move|p1a: Skarmory|Spikes|p2a: Charizard
|-sidestart|p2: mattk|Spikes
|
|-weather|SunnyDay|[upkeep]
|turn|19
|
|switch|p1a: Chansey|Chansey, F|571\/703
|move|p2a: Charizard|Flamethrower|p1a: Chansey
|-damage|p1a: Chansey|396\/703
|
|-weather|SunnyDay|[upkeep]
|turn|20
|
|switch|p2a: Clefable|Clefable, F|394\/394 tox
|move|p1a: Chansey|Soft-Boiled|p1a: Chansey
|-heal|p1a: Chansey|703\/703
|
|-weather|SunnyDay|[upkeep]
|turn|21
|
|move|p2a: Clefable|Calm Mind|p2a: Clefable
|-boost|p2a: Clefable|spa|1
|-boost|p2a: Clefable|spd|1
|move|p1a: Chansey|Wish|p1a: Chansey
|
|-weather|SunnyDay|[upkeep]
|turn|22
|
|switch|p1a: Tentacruel|Tentacruel, M|173\/363
|move|p2a: Clefable|Calm Mind|p2a: Clefable
|-boost|p2a: Clefable|spa|1
|-boost|p2a: Clefable|spd|1
|
|-weather|none
|-heal|p1a: Tentacruel|363\/363|[from] move: Wish|[wisher] Chansey
|turn|23
|
|move|p1a: Tentacruel|Acid Spray|p2a: Clefable
|-supereffective|p2a: Clefable
|-damage|p2a: Clefable|358\/394 tox
|-unboost|p2a: Clefable|spd|2
|move|p2a: Clefable|Calm Mind|p2a: Clefable
|-boost|p2a: Clefable|spa|1
|-boost|p2a: Clefable|spd|1
|
|-heal|p2a: Clefable|382\/394 tox|[from] item: Leftovers
|turn|24
|
|move|p1a: Tentacruel|Acid Spray|p2a: Clefable
|-supereffective|p2a: Clefable
|-damage|p2a: Clefable|332\/394 tox
|-unboost|p2a: Clefable|spd|2
|move|p2a: Clefable|Calm Mind|p2a: Clefable
|-boost|p2a: Clefable|spa|1
|-boost|p2a: Clefable|spd|1
|
|-heal|p2a: Clefable|356\/394 tox|[from] item: Leftovers
|turn|25
|
|move|p1a: Tentacruel|Acid Spray|p2a: Clefable
|-supereffective|p2a: Clefable
|-damage|p2a: Clefable|288\/394 tox
|-unboost|p2a: Clefable|spd|2
|move|p2a: Clefable|Calm Mind|p2a: Clefable
|-boost|p2a: Clefable|spa|1
|-boost|p2a: Clefable|spd|1
|
|-heal|p2a: Clefable|312\/394 tox|[from] item: Leftovers
|turn|26
|
|move|p1a: Tentacruel|Scald|p2a: Clefable
|-damage|p2a: Clefable|213\/394 tox
|move|p2a: Clefable|Moonblast|p1a: Tentacruel
|-resisted|p1a: Tentacruel
|-damage|p1a: Tentacruel|202\/363
|
|-heal|p1a: Tentacruel|224\/363|[from] item: Black Sludge
|-heal|p2a: Clefable|237\/394 tox|[from] item: Leftovers
|turn|27
|
|switch|p1a: Clefable|Clefable, M|394\/394
|move|p2a: Clefable|Soft-Boiled|p2a: Clefable
|-heal|p2a: Clefable|394\/394 tox
|
|turn|28
|
|move|p2a: Clefable|Moonblast|p1a: Clefable
|-damage|p1a: Clefable|283\/394
|move|p1a: Clefable|Moonblast|p2a: Clefable
|-crit|p2a: Clefable
|-damage|p2a: Clefable|259\/394 tox
|
|-heal|p2a: Clefable|283\/394 tox|[from] item: Leftovers
|-heal|p1a: Clefable|307\/394|[from] item: Leftovers
|turn|29
|
|move|p2a: Clefable|Flamethrower|p1a: Clefable
|-damage|p1a: Clefable|228\/394
|move|p1a: Clefable|Calm Mind|p1a: Clefable
|-boost|p1a: Clefable|spa|1
|-boost|p1a: Clefable|spd|1
|
|-heal|p1a: Clefable|252\/394|[from] item: Leftovers
|-heal|p2a: Clefable|307\/394 tox|[from] item: Leftovers
|turn|30
|
|move|p2a: Clefable|Calm Mind|p2a: Clefable
|-boost|p2a: Clefable|spa|1
|-boost|p2a: Clefable|spd|1
|move|p1a: Clefable|Calm Mind|p1a: Clefable
|-boost|p1a: Clefable|spa|1
|-boost|p1a: Clefable|spd|1
|
|-heal|p1a: Clefable|276\/394|[from] item: Leftovers
|-heal|p2a: Clefable|331\/394 tox|[from] item: Leftovers
|turn|31
|
|move|p1a: Clefable|Moonblast|p2a: Clefable
|-damage|p2a: Clefable|151\/394 tox
|move|p2a: Clefable|Calm Mind|p2a: Clefable
|-boost|p2a: Clefable|spd|1
|
|-heal|p1a: Clefable|300\/394|[from] item: Leftovers
|-heal|p2a: Clefable|175\/394 tox|[from] item: Leftovers
|turn|32
|
|move|p1a: Clefable|Moonblast|p2a: Clefable
|-damage|p2a: Clefable|0 fnt
|faint|p2a: Clefable
|
|-heal|p1a: Clefable|324\/394|[from] item: Leftovers
|
|switch|p2a: Ferrothorn|Ferrothorn, M|258\/352
|-damage|p2a: Ferrothorn|236\/352|[from] Stealth Rock
|-damage|p2a: Ferrothorn|192\/352|[from] Spikes
|turn|33
|
|switch|p1a: Sableye|Sableye-Mega, F|218\/304
|move|p2a: Ferrothorn|Leech Seed|p1a: Sableye
|move|p1a: Sableye|Leech Seed|p2a: Ferrothorn|[from]Magic Bounce
|-immune|p2a: Ferrothorn|[msg]
|
|turn|34
|-message|mattk forfeited.
|
|win|JiaShengz
|raw|Ladder updating...
|leave|mattk
|player|p2
|raw|JiaShengz's rating: 1734 &rarr; <strong>1744<\/strong><br \/>(+10 for winning)
|raw|mattk's rating: 1534 &rarr; <strong>1524<\/strong><br \/>(-10 for losing)
|leave|JiaShengz
|player|p1