|join|Exiline
|join|JiaShengz
|player|p1|Exiline|131
|player|p2|JiaShengz|266
|gametype|singles
|gen|6
|tier|OU
|rated
|clearpoke
|poke|p1|Jirachi
|poke|p1|Keldeo
|poke|p1|Talonflame, F
|poke|p1|Latios, M
|poke|p1|Altaria, F, shiny
|poke|p1|Landorus-Therian, M
|poke|p2|Chansey, F
|poke|p2|Gliscor, M
|poke|p2|Sableye, M
|poke|p2|Tentacruel, F
|poke|p2|Skarmory, F
|poke|p2|Clefable, F
|rule|Swagger Clause: Swagger is banned
|rule|Baton Pass Clause: Limit one PokÃ©mon knowing Baton Pass
|rule|Sleep Clause Mod: Limit one foe put to sleep
|rule|Species Clause: Limit one of each PokÃ©mon
|rule|OHKO Clause: OHKO moves are banned
|rule|Moody Clause: Moody is banned
|rule|Evasion Moves Clause: Evasion moves are banned
|rule|Endless Battle Clause: Forcing endless battles is banned
|rule|HP Percentage Mod: HP is shown in percentages
|teampreview
|
|start
|switch|p1a: Keldeo|Keldeo|323\/323
|switch|p2a: Sableye|Sableye, M|304\/304
|turn|1
|
|detailschange|p2a: Sableye|Sableye-Mega, M
|-mega|p2a: Sableye|Sableye|Sablenite
|move|p2a: Sableye|Will-O-Wisp|p1a: Keldeo
|-status|p1a: Keldeo|brn
|move|p1a: Keldeo|Scald|p2a: Sableye
|-damage|p2a: Sableye|184\/304
|-status|p2a: Sableye|brn
|
|-damage|p1a: Keldeo|283\/323 brn|[from] brn
|-damage|p2a: Sableye|146\/304 brn|[from] brn
|turn|2
|
|switch|p1a: Jirachi|Jirachi|404\/404
|switch|p2a: Chansey|Chansey, F|703\/703
|
|turn|3
|
|move|p1a: Jirachi|Fire Punch|p2a: Chansey
|-damage|p2a: Chansey|624\/703
|move|p2a: Chansey|Heal Bell|p2a: Chansey
|-cureteam|p2a: Chansey|[from] move: HealBell
|
|turn|4
|
|move|p1a: Jirachi|Iron Head|p2a: Chansey
|-damage|p2a: Chansey|492\/703
|cant|p2a: Chansey|flinch
|
|turn|5
|
|switch|p2a: Tentacruel|Tentacruel, F|363\/363
|move|p1a: Jirachi|Iron Head|p2a: Tentacruel
|-crit|p2a: Tentacruel
|-resisted|p2a: Tentacruel
|-damage|p2a: Tentacruel|300\/363
|
|-heal|p2a: Tentacruel|322\/363|[from] item: Black Sludge
|turn|6
|
|switch|p1a: Altaria|Altaria, F, shiny|291\/291
|switch|p2a: Gliscor|Gliscor, M|354\/354
|
|-status|p2a: Gliscor|tox|[from] item: Toxic Orb
|turn|7
|
|detailschange|p1a: Altaria|Altaria-Mega, F, shiny
|-mega|p1a: Altaria|Altaria|Altarianite
|move|p1a: Altaria|Frustration|p2a: Gliscor
|-damage|p2a: Gliscor|174\/354 tox
|move|p2a: Gliscor|Taunt|p1a: Altaria
|-start|p1a: Altaria|move: Taunt
|
|-heal|p2a: Gliscor|218\/354 tox|[from] ability: Poison Heal
|turn|8
|
|switch|p1a: Talonflame|Talonflame, F|319\/319
|switch|p2a: Skarmory|Skarmory, F|334\/334
|
|turn|9
|
|move|p1a: Talonflame|Flare Blitz|p2a: Skarmory
|-supereffective|p2a: Skarmory
|-damage|p2a: Skarmory|80\/334
|-damage|p1a: Talonflame|235\/319|[from] recoil|[of] p2a: Skarmory
|move|p2a: Skarmory|Stealth Rock|p1a: Talonflame
|-sidestart|p1: Exiline|move: Stealth Rock
|
|turn|10
|
|switch|p2a: Clefable|Clefable, F|394\/394
|move|p1a: Talonflame|Flare Blitz|p2a: Clefable
|-damage|p2a: Clefable|199\/394
|-damage|p1a: Talonflame|171\/319|[from] recoil|[of] p2a: Clefable
|
|-heal|p2a: Clefable|223\/394|[from] item: Leftovers
|turn|11
|
|move|p1a: Talonflame|Flare Blitz|p2a: Clefable
|-damage|p2a: Clefable|6\/394
|-damage|p1a: Talonflame|99\/319|[from] recoil|[of] p2a: Clefable
|move|p2a: Clefable|Wish|p2a: Clefable
|
|-heal|p2a: Clefable|30\/394|[from] item: Leftovers
|turn|12
|
|switch|p1a: Jirachi|Jirachi|404\/404
|-damage|p1a: Jirachi|379\/404|[from] Stealth Rock
|move|p2a: Clefable|Protect|p2a: Clefable
|-fail|p2a: Clefable
|
|-heal|p2a: Clefable|227\/394|[from] move: Wish|[wisher] Clefable
|-heal|p1a: Jirachi|404\/404|[from] item: Leftovers
|-heal|p2a: Clefable|251\/394|[from] item: Leftovers
|turn|13
|
|move|p2a: Clefable|Protect|p2a: Clefable
|-singleturn|p2a: Clefable|Protect
|move|p1a: Jirachi|Iron Head|p2a: Clefable
|-activate|p2a: Clefable|Protect
|
|-heal|p2a: Clefable|275\/394|[from] item: Leftovers
|turn|14
|
|switch|p2a: Tentacruel|Tentacruel, F|322\/363
|move|p1a: Jirachi|Fire Punch|p2a: Tentacruel
|-resisted|p2a: Tentacruel
|-damage|p2a: Tentacruel|294\/363
|-status|p2a: Tentacruel|brn
|
|-heal|p2a: Tentacruel|316\/363 brn|[from] item: Black Sludge
|-damage|p2a: Tentacruel|271\/363 brn|[from] brn
|turn|15
|c|âExiline|ez burn
|
|move|p1a: Jirachi|Iron Head|p2a: Tentacruel
|-resisted|p2a: Tentacruel
|-damage|p2a: Tentacruel|223\/363 brn
|cant|p2a: Tentacruel|flinch
|
|-heal|p2a: Tentacruel|245\/363 brn|[from] item: Black Sludge
|-damage|p2a: Tentacruel|200\/363 brn|[from] brn
|turn|16
|
|move|p1a: Jirachi|Iron Head|p2a: Tentacruel
|-resisted|p2a: Tentacruel
|-damage|p2a: Tentacruel|153\/363 brn
|cant|p2a: Tentacruel|flinch
|
|-heal|p2a: Tentacruel|175\/363 brn|[from] item: Black Sludge
|-damage|p2a: Tentacruel|130\/363 brn|[from] brn
|turn|17
|
|move|p1a: Jirachi|Iron Head|p2a: Tentacruel
|-resisted|p2a: Tentacruel
|-damage|p2a: Tentacruel|85\/363 brn
|cant|p2a: Tentacruel|flinch
|
|-heal|p2a: Tentacruel|107\/363 brn|[from] item: Black Sludge
|-damage|p2a: Tentacruel|62\/363 brn|[from] brn
|turn|18
|
|move|p1a: Jirachi|Iron Head|p2a: Tentacruel
|-resisted|p2a: Tentacruel
|-damage|p2a: Tentacruel|14\/363 brn
|move|p2a: Tentacruel|Scald|p1a: Jirachi
|-damage|p1a: Jirachi|343\/404
|-status|p1a: Jirachi|brn
|
|-heal|p1a: Jirachi|368\/404 brn|[from] item: Leftovers
|-heal|p2a: Tentacruel|36\/363 brn|[from] item: Black Sludge
|-damage|p1a: Jirachi|318\/404 brn|[from] brn
|-damage|p2a: Tentacruel|0 fnt|[from] brn
|faint|p2a: Tentacruel
|c|âExiline|no x(
|
|switch|p2a: Gliscor|Gliscor, M|218\/354 tox
|turn|19
|
|switch|p1a: Landorus-Therian|Landorus-Therian, M|365\/365
|-damage|p1a: Landorus-Therian|320\/365|[from] Stealth Rock
|-ability|p1a: Landorus-Therian|Intimidate|[of] p2a: Gliscor
|-unboost|p2a: Gliscor|atk|1
|move|p2a: Gliscor|Knock Off|p1a: Landorus-Therian
|-crit|p1a: Landorus-Therian
|-damage|p1a: Landorus-Therian|233\/365
|-enditem|p1a: Landorus-Therian|Leftovers|[from] move: Knock Off|[of] p2a: Gliscor
|
|-heal|p2a: Gliscor|262\/354 tox|[from] ability: Poison Heal
|turn|20
|
|move|p1a: Landorus-Therian|Stealth Rock|p2a: Gliscor
|-sidestart|p2: JiaShengz|move: Stealth Rock
|move|p2a: Gliscor|Taunt|p1a: Landorus-Therian
|-start|p1a: Landorus-Therian|move: Taunt
|
|-heal|p2a: Gliscor|306\/354 tox|[from] ability: Poison Heal
|turn|21
|
|move|p1a: Landorus-Therian|U-turn|p2a: Gliscor
|-resisted|p2a: Gliscor
|-damage|p2a: Gliscor|274\/354 tox
|
|switch|p1a: Latios|Latios, M|301\/301
|-damage|p1a: Latios|264\/301|[from] Stealth Rock
|move|p2a: Gliscor|Knock Off|p1a: Latios
|-supereffective|p1a: Latios
|-damage|p1a: Latios|138\/301
|-enditem|p1a: Latios|Life Orb|[from] move: Knock Off|[of] p2a: Gliscor
|
|-heal|p2a: Gliscor|318\/354 tox|[from] ability: Poison Heal
|turn|22
|
|move|p1a: Latios|Psyshock|p2a: Gliscor
|-crit|p2a: Gliscor
|-damage|p2a: Gliscor|135\/354 tox
|move|p2a: Gliscor|Roost|p2a: Gliscor
|-heal|p2a: Gliscor|312\/354 tox
|
|-heal|p2a: Gliscor|354\/354 tox|[from] ability: Poison Heal
|turn|23
|
|move|p1a: Latios|Defog|p2a: Gliscor
|-unboost|p2a: Gliscor|evasion|1
|-sideend|p2: JiaShengz|Stealth Rock|[from] move: Defog|[of] p2a: Gliscor
|-sideend|p1: Exiline|Stealth Rock|[from] move: Defog|[of] p1a: Latios
|move|p2a: Gliscor|Knock Off|p1a: Latios
|-supereffective|p1a: Latios
|-damage|p1a: Latios|66\/301
|
|turn|24
|
|switch|p2a: Clefable|Clefable, F|275\/394
|move|p1a: Latios|Draco Meteor|p2a: Clefable
|-immune|p2a: Clefable|[msg]
|
|-heal|p2a: Clefable|299\/394|[from] item: Leftovers
|turn|25
|
|move|p1a: Latios|Psyshock|p2a: Clefable
|-damage|p2a: Clefable|163\/394
|move|p2a: Clefable|Wish|p2a: Clefable
|
|-heal|p2a: Clefable|187\/394|[from] item: Leftovers
|turn|26
|
|move|p1a: Latios|Draco Meteor|p2a: Clefable
|-immune|p2a: Clefable|[msg]
|move|p2a: Clefable|Moonblast|p1a: Latios
|-supereffective|p1a: Latios
|-damage|p1a: Latios|0 fnt
|faint|p1a: Latios
|
|-heal|p2a: Clefable|384\/394|[from] move: Wish|[wisher] Clefable
|-heal|p2a: Clefable|394\/394|[from] item: Leftovers
|
|switch|p1a: Jirachi|Jirachi|318\/404 brn
|turn|27
|
|move|p1a: Jirachi|Iron Head|p2a: Clefable
|-supereffective|p2a: Clefable
|-damage|p2a: Clefable|310\/394
|move|p2a: Clefable|Wish|p2a: Clefable
|
|-heal|p1a: Jirachi|343\/404 brn|[from] item: Leftovers
|-heal|p2a: Clefable|334\/394|[from] item: Leftovers
|-damage|p1a: Jirachi|293\/404 brn|[from] brn
|turn|28
|c|âExiline|ok
|
|switch|p2a: Skarmory|Skarmory, F|80\/334
|move|p1a: Jirachi|Fire Punch|p2a: Skarmory
|-supereffective|p2a: Skarmory
|-damage|p2a: Skarmory|46\/334
|
|-heal|p2a: Skarmory|243\/334|[from] move: Wish|[wisher] Clefable
|-heal|p1a: Jirachi|318\/404 brn|[from] item: Leftovers
|-damage|p1a: Jirachi|268\/404 brn|[from] brn
|turn|29
|c|âExiline|x(
|
|switch|p1a: Keldeo|Keldeo|283\/323 brn
|move|p2a: Skarmory|Stealth Rock|p1a: Keldeo
|-sidestart|p1: Exiline|move: Stealth Rock
|
|-heal|p1a: Keldeo|303\/323 brn|[from] item: Leftovers
|-damage|p1a: Keldeo|263\/323 brn|[from] brn
|turn|30
|
|move|p1a: Keldeo|Scald|p2a: Skarmory
|-damage|p2a: Skarmory|63\/334
|-status|p2a: Skarmory|brn
|move|p2a: Skarmory|Roost|p2a: Skarmory
|-heal|p2a: Skarmory|230\/334 brn
|
|-heal|p1a: Keldeo|283\/323 brn|[from] item: Leftovers
|-damage|p1a: Keldeo|243\/323 brn|[from] brn
|-damage|p2a: Skarmory|189\/334 brn|[from] brn
|turn|31
|
|switch|p2a: Clefable|Clefable, F|334\/394
|move|p1a: Keldeo|Calm Mind|p1a: Keldeo
|-boost|p1a: Keldeo|spa|1
|-boost|p1a: Keldeo|spd|1
|
|-heal|p1a: Keldeo|263\/323 brn|[from] item: Leftovers
|-heal|p2a: Clefable|358\/394|[from] item: Leftovers
|-damage|p1a: Keldeo|223\/323 brn|[from] brn
|turn|32
|
|move|p2a: Clefable|Protect|p2a: Clefable
|-singleturn|p2a: Clefable|Protect
|move|p1a: Keldeo|Scald|p2a: Clefable
|-activate|p2a: Clefable|Protect
|
|-heal|p1a: Keldeo|243\/323 brn|[from] item: Leftovers
|-heal|p2a: Clefable|382\/394|[from] item: Leftovers
|-damage|p1a: Keldeo|203\/323 brn|[from] brn
|turn|33
|
|move|p1a: Keldeo|Scald|p2a: Clefable
|-damage|p2a: Clefable|240\/394
|move|p2a: Clefable|Moonblast|p1a: Keldeo
|-supereffective|p1a: Keldeo
|-damage|p1a: Keldeo|0 fnt
|faint|p1a: Keldeo
|
|-heal|p2a: Clefable|264\/394|[from] item: Leftovers
|
|switch|p1a: Altaria|Altaria-Mega, F, shiny|291\/291
|-damage|p1a: Altaria|255\/291|[from] Stealth Rock
|turn|34
|
|move|p1a: Altaria|Frustration|p2a: Clefable
|-damage|p2a: Clefable|56\/394
|move|p2a: Clefable|Moonblast|p1a: Altaria
|-supereffective|p1a: Altaria
|-damage|p1a: Altaria|61\/291
|
|-heal|p2a: Clefable|80\/394|[from] item: Leftovers
|turn|35
|
|move|p1a: Altaria|Frustration|p2a: Clefable
|-damage|p2a: Clefable|0 fnt
|faint|p2a: Clefable
|
|
|switch|p2a: Gliscor|Gliscor, M|354\/354 tox
|turn|36
|
|move|p1a: Altaria|Roost|p1a: Altaria
|-heal|p1a: Altaria|207\/291
|move|p2a: Gliscor|Earthquake|p1a: Altaria
|-damage|p1a: Altaria|101\/291
|
|turn|37
|
|move|p1a: Altaria|Roost|p1a: Altaria
|-heal|p1a: Altaria|247\/291
|move|p2a: Gliscor|Taunt|p1a: Altaria
|-start|p1a: Altaria|move: Taunt
|
|turn|38
|
|switch|p1a: Talonflame|Talonflame, F|99\/319
|-damage|p1a: Talonflame|0 fnt|[from] Stealth Rock
|faint|p1a: Talonflame
|move|p2a: Gliscor|Earthquake|p1: Talonflame|[notarget]
|-notarget
|
|
|switch|p1a: Altaria|Altaria-Mega, F, shiny|247\/291
|-damage|p1a: Altaria|211\/291|[from] Stealth Rock
|turn|39
|
|move|p1a: Altaria|Dragon Dance|p1a: Altaria
|-boost|p1a: Altaria|atk|1
|-boost|p1a: Altaria|spe|1
|move|p2a: Gliscor|Taunt|p1a: Altaria
|-start|p1a: Altaria|move: Taunt
|
|turn|40
|
|switch|p2a: Sableye|Sableye-Mega, M|146\/304
|move|p1a: Altaria|Frustration|p2a: Sableye
|-supereffective|p2a: Sableye
|-damage|p2a: Sableye|0 fnt
|faint|p2a: Sableye
|
|
|switch|p2a: Skarmory|Skarmory, F|189\/334 brn
|turn|41
|leave|Exiline
|join|Exiline
|
|move|p1a: Altaria|Frustration|p2a: Skarmory
|-resisted|p2a: Skarmory
|-damage|p2a: Skarmory|99\/334 brn
|move|p2a: Skarmory|Roost|p2a: Skarmory
|-heal|p2a: Skarmory|266\/334 brn
|
|-damage|p2a: Skarmory|225\/334 brn|[from] brn
|turn|42
|player|p1
|player|p1|Exiline|131
|
|move|p1a: Altaria|Frustration|p2a: Skarmory
|-resisted|p2a: Skarmory
|-damage|p2a: Skarmory|134\/334 brn
|move|p2a: Skarmory|Roost|p2a: Skarmory
|-heal|p2a: Skarmory|301\/334 brn
|
|-damage|p2a: Skarmory|260\/334 brn|[from] brn
|-end|p1a: Altaria|move: Taunt
|turn|43
|
|move|p1a: Altaria|Dragon Dance|p1a: Altaria
|-boost|p1a: Altaria|atk|1
|-boost|p1a: Altaria|spe|1
|move|p2a: Skarmory|Whirlwind|p1a: Altaria
|drag|p1a: Landorus-Therian|Landorus-Therian, M|233\/365
|-damage|p1a: Landorus-Therian|188\/365|[from] Stealth Rock
|-ability|p1a: Landorus-Therian|Intimidate|[of] p2a: Skarmory
|-unboost|p2a: Skarmory|atk|1
|
|-damage|p2a: Skarmory|219\/334 brn|[from] brn
|turn|44
|
|move|p1a: Landorus-Therian|Stealth Rock|p2a: Skarmory
|-sidestart|p2: JiaShengz|move: Stealth Rock
|move|p2a: Skarmory|Spikes|p1a: Landorus-Therian
|-sidestart|p1: Exiline|Spikes
|
|-damage|p2a: Skarmory|178\/334 brn|[from] brn
|turn|45
|
|move|p1a: Landorus-Therian|Stone Edge|p2a: Skarmory|[miss]
|-miss|p1a: Landorus-Therian|p2a: Skarmory
|move|p2a: Skarmory|Roost|p2a: Skarmory
|-heal|p2a: Skarmory|334\/334 brn
|
|-damage|p2a: Skarmory|293\/334 brn|[from] brn
|turn|46
|
|switch|p1a: Altaria|Altaria-Mega, F, shiny|211\/291
|-damage|p1a: Altaria|175\/291|[from] Stealth Rock
|-damage|p1a: Altaria|139\/291|[from] Spikes
|move|p2a: Skarmory|Spikes|p1a: Altaria
|-sidestart|p1: Exiline|Spikes
|
|-damage|p2a: Skarmory|252\/334 brn|[from] brn
|turn|47
|
|move|p1a: Altaria|Roost|p1a: Altaria
|-heal|p1a: Altaria|285\/291
|move|p2a: Skarmory|Whirlwind|p1a: Altaria
|drag|p1a: Landorus-Therian|Landorus-Therian, M|188\/365
|-damage|p1a: Landorus-Therian|143\/365|[from] Stealth Rock
|-ability|p1a: Landorus-Therian|Intimidate|[of] p2a: Skarmory
|-unboost|p2a: Skarmory|atk|1
|
|-damage|p2a: Skarmory|211\/334 brn|[from] brn
|turn|48
|
|move|p1a: Landorus-Therian|Stone Edge|p2a: Skarmory
|-damage|p2a: Skarmory|149\/334 brn
|move|p2a: Skarmory|Roost|p2a: Skarmory
|-heal|p2a: Skarmory|316\/334 brn
|
|-damage|p2a: Skarmory|275\/334 brn|[from] brn
|turn|49
|
|move|p1a: Landorus-Therian|Stone Edge|p2a: Skarmory|[miss]
|-miss|p1a: Landorus-Therian|p2a: Skarmory
|move|p2a: Skarmory|Spikes|p1a: Landorus-Therian
|-sidestart|p1: Exiline|Spikes
|
|-damage|p2a: Skarmory|234\/334 brn|[from] brn
|turn|50
|
|switch|p1a: Jirachi|Jirachi|268\/404 brn
|-damage|p1a: Jirachi|243\/404 brn|[from] Stealth Rock
|-damage|p1a: Jirachi|142\/404 brn|[from] Spikes
|move|p2a: Skarmory|Roost|p2a: Skarmory
|-heal|p2a: Skarmory|334\/334 brn
|
|-heal|p1a: Jirachi|167\/404 brn|[from] item: Leftovers
|-damage|p1a: Jirachi|117\/404 brn|[from] brn
|-damage|p2a: Skarmory|293\/334 brn|[from] brn
|turn|51
|
|switch|p2a: Chansey|Chansey, F|492\/703
|-damage|p2a: Chansey|405\/703|[from] Stealth Rock
|move|p1a: Jirachi|Iron Head|p2a: Chansey
|-damage|p2a: Chansey|336\/703
|
|-heal|p1a: Jirachi|142\/404 brn|[from] item: Leftovers
|-damage|p1a: Jirachi|92\/404 brn|[from] brn
|turn|52
|
|move|p1a: Jirachi|Iron Head|p2a: Chansey
|-damage|p2a: Chansey|273\/703
|move|p2a: Chansey|Heal Bell|p2a: Chansey
|-cureteam|p2a: Chansey|[from] move: HealBell
|
|-heal|p1a: Jirachi|117\/404 brn|[from] item: Leftovers
|-damage|p1a: Jirachi|67\/404 brn|[from] brn
|turn|53
|c|âExiline|and my flinch ?7
|
|move|p1a: Jirachi|Iron Head|p2a: Chansey
|-damage|p2a: Chansey|212\/703
|move|p2a: Chansey|Soft-Boiled|p2a: Chansey
|-heal|p2a: Chansey|564\/703
|
|-heal|p1a: Jirachi|92\/404 brn|[from] item: Leftovers
|-damage|p1a: Jirachi|42\/404 brn|[from] brn
|turn|54
|
|move|p1a: Jirachi|Iron Head|p2a: Chansey
|-damage|p2a: Chansey|504\/703
|move|p2a: Chansey|Wish|p2a: Chansey
|
|-heal|p1a: Jirachi|67\/404 brn|[from] item: Leftovers
|-damage|p1a: Jirachi|17\/404 brn|[from] brn
|turn|55
|
|switch|p2a: Skarmory|Skarmory, F|293\/334
|-damage|p2a: Skarmory|252\/334|[from] Stealth Rock
|move|p1a: Jirachi|Fire Punch|p2a: Skarmory
|-supereffective|p2a: Skarmory
|-damage|p2a: Skarmory|218\/334
|
|-heal|p2a: Skarmory|334\/334|[from] move: Wish|[wisher] Chansey
|-heal|p1a: Jirachi|42\/404 brn|[from] item: Leftovers
|-damage|p1a: Jirachi|0 fnt|[from] brn
|faint|p1a: Jirachi
|
|switch|p1a: Landorus-Therian|Landorus-Therian, M|143\/365
|-damage|p1a: Landorus-Therian|98\/365|[from] Stealth Rock
|-ability|p1a: Landorus-Therian|Intimidate|[of] p2a: Skarmory
|-unboost|p2a: Skarmory|atk|1
|turn|56
|
|switch|p2a: Gliscor|Gliscor, M|354\/354
|-damage|p2a: Gliscor|310\/354|[from] Stealth Rock
|move|p1a: Landorus-Therian|Stone Edge|p2a: Gliscor
|-damage|p2a: Gliscor|228\/354
|
|-status|p2a: Gliscor|tox|[from] item: Toxic Orb
|turn|57
|c|âExiline|if jirachi is no burn x(
|
|move|p1a: Landorus-Therian|Stone Edge|p2a: Gliscor
|-damage|p2a: Gliscor|134\/354 tox
|move|p2a: Gliscor|Roost|p2a: Gliscor
|-heal|p2a: Gliscor|311\/354 tox
|
|-heal|p2a: Gliscor|354\/354 tox|[from] ability: Poison Heal
|turn|58
|
|move|p1a: Landorus-Therian|Stone Edge|p2a: Gliscor|[miss]
|-miss|p1a: Landorus-Therian|p2a: Gliscor
|move|p2a: Gliscor|Taunt|p1a: Landorus-Therian
|-start|p1a: Landorus-Therian|move: Taunt
|
|turn|59
|
|move|p1a: Landorus-Therian|Stone Edge|p2a: Gliscor|[miss]
|-miss|p1a: Landorus-Therian|p2a: Gliscor
|move|p2a: Gliscor|Roost|p2a: Gliscor
|-fail|p2a: Gliscor
|
|turn|60
|
|move|p1a: Landorus-Therian|Stone Edge|p2a: Gliscor
|-damage|p2a: Gliscor|272\/354 tox
|move|p2a: Gliscor|Knock Off|p1a: Landorus-Therian
|-damage|p1a: Landorus-Therian|56\/365
|
|-heal|p2a: Gliscor|316\/354 tox|[from] ability: Poison Heal
|turn|61
|
|move|p1a: Landorus-Therian|Earthquake|p2a: Gliscor
|-immune|p2a: Gliscor|[msg]
|move|p2a: Gliscor|Knock Off|p1a: Landorus-Therian
|-damage|p1a: Landorus-Therian|18\/365
|
|-heal|p2a: Gliscor|354\/354 tox|[from] ability: Poison Heal
|-end|p1a: Landorus-Therian|move: Taunt
|turn|62
|
|move|p1a: Landorus-Therian|Stealth Rock|p2a: Gliscor
|-fail|p2a: Gliscor
|move|p2a: Gliscor|Knock Off|p1a: Landorus-Therian
|-damage|p1a: Landorus-Therian|0 fnt
|faint|p1a: Landorus-Therian
|
|
|switch|p1a: Altaria|Altaria-Mega, F, shiny|285\/291
|-damage|p1a: Altaria|249\/291|[from] Stealth Rock
|-damage|p1a: Altaria|177\/291|[from] Spikes
|turn|63
|
|move|p1a: Altaria|Roost|p1a: Altaria
|-heal|p1a: Altaria|291\/291
|move|p2a: Gliscor|Taunt|p1a: Altaria
|-start|p1a: Altaria|move: Taunt
|
|turn|64
|
|move|p1a: Altaria|Frustration|p2a: Gliscor
|-damage|p2a: Gliscor|168\/354 tox
|move|p2a: Gliscor|Earthquake|p1a: Altaria
|-damage|p1a: Altaria|194\/291
|
|-heal|p2a: Gliscor|212\/354 tox|[from] ability: Poison Heal
|turn|65
|
|move|p1a: Altaria|Frustration|p2a: Gliscor
|-damage|p2a: Gliscor|14\/354 tox
|move|p2a: Gliscor|Roost|p2a: Gliscor
|-heal|p2a: Gliscor|191\/354 tox
|
|-heal|p2a: Gliscor|235\/354 tox|[from] ability: Poison Heal
|turn|66
|
|move|p1a: Altaria|Frustration|p2a: Gliscor
|-damage|p2a: Gliscor|49\/354 tox
|move|p2a: Gliscor|Roost|p2a: Gliscor
|-heal|p2a: Gliscor|226\/354 tox
|
|-heal|p2a: Gliscor|270\/354 tox|[from] ability: Poison Heal
|-end|p1a: Altaria|move: Taunt
|turn|67
|
|move|p1a: Altaria|Dragon Dance|p1a: Altaria
|-boost|p1a: Altaria|atk|1
|-boost|p1a: Altaria|spe|1
|move|p2a: Gliscor|Taunt|p1a: Altaria
|-start|p1a: Altaria|move: Taunt
|
|-heal|p2a: Gliscor|314\/354 tox|[from] ability: Poison Heal
|turn|68
|
|move|p1a: Altaria|Frustration|p2a: Gliscor
|-damage|p2a: Gliscor|16\/354 tox
|move|p2a: Gliscor|Earthquake|p1a: Altaria
|-damage|p1a: Altaria|101\/291
|
|-heal|p2a: Gliscor|60\/354 tox|[from] ability: Poison Heal
|turn|69
|
|move|p1a: Altaria|Frustration|p2a: Gliscor
|-damage|p2a: Gliscor|0 fnt
|faint|p2a: Gliscor
|
|
|switch|p2a: Chansey|Chansey, F|504\/703
|-damage|p2a: Chansey|417\/703|[from] Stealth Rock
|turn|70
|
|move|p1a: Altaria|Frustration|p2a: Chansey
|-damage|p2a: Chansey|0 fnt
|faint|p2a: Chansey
|
|-end|p1a: Altaria|move: Taunt
|c|âExiline|gg
|c|âExiline|altaria
|c|âJiaShengz|gg
|c|âExiline|<3
|
|switch|p2a: Skarmory|Skarmory, F|334\/334
|-damage|p2a: Skarmory|293\/334|[from] Stealth Rock
|turn|71
|
|move|p1a: Altaria|Roost|p1a: Altaria
|-heal|p1a: Altaria|247\/291
|move|p2a: Skarmory|Whirlwind|p1a: Altaria
|-fail|p1a: Altaria
|
|turn|72
|-message|JiaShengz forfeited.
|leave|JiaShengz
|
|win|Exiline
|raw|Ladder updating...
|player|p2
|raw|Exiline's rating: 1606 &rarr; <strong>1623<\/strong><br \/>(+17 for winning)
|raw|JiaShengz's rating: 1543 &rarr; <strong>1526<\/strong><br \/>(-17 for losing)