|join|1800Rekt
|join|JiaShengz
|player|p1|1800Rekt|270
|player|p2|JiaShengz|2
|gametype|singles
|gen|6
|tier|OU
|rated
|clearpoke
|poke|p1|Heatran, M, shiny
|poke|p1|Serperior, F, shiny
|poke|p1|Altaria, F, shiny
|poke|p1|Zapdos
|poke|p1|Tornadus-Therian, M, shiny
|poke|p1|Rotom-Wash, shiny
|poke|p2|Chansey, F
|poke|p2|Gliscor, M
|poke|p2|Sableye, F
|poke|p2|Tentacruel, M
|poke|p2|Skarmory, M
|poke|p2|Clefable, M
|rule|Swagger Clause: Swagger is banned
|rule|Baton Pass Clause: Limit one PokÃ©mon knowing Baton Pass
|rule|Sleep Clause Mod: Limit one foe put to sleep
|rule|Species Clause: Limit one of each PokÃ©mon
|rule|OHKO Clause: OHKO moves are banned
|rule|Moody Clause: Moody is banned
|rule|Evasion Moves Clause: Evasion moves are banned
|rule|Endless Battle Clause: Forcing endless battles is banned
|rule|HP Percentage Mod: HP is shown in percentages
|teampreview
|
|start
|switch|p1a: Heatran|Heatran, M, shiny|386\/386
|switch|p2a: Sableye|Sableye, F|304\/304
|turn|1
|
|detailschange|p2a: Sableye|Sableye-Mega, F
|-mega|p2a: Sableye|Sableye|Sablenite
|move|p1a: Heatran|Lava Plume|p2a: Sableye
|-damage|p2a: Sableye|187\/304
|move|p2a: Sableye|Knock Off|p1a: Heatran
|-damage|p1a: Heatran|284\/386
|-enditem|p1a: Heatran|Leftovers|[from] move: Knock Off|[of] p2a: Sableye
|
|turn|2
|
|switch|p2a: Tentacruel|Tentacruel, M|363\/363
|move|p1a: Heatran|Lava Plume|p2a: Tentacruel
|-resisted|p2a: Tentacruel
|-damage|p2a: Tentacruel|308\/363
|-status|p2a: Tentacruel|brn
|
|-heal|p2a: Tentacruel|330\/363 brn|[from] item: Black Sludge
|-damage|p2a: Tentacruel|285\/363 brn|[from] brn
|turn|3
|
|move|p2a: Tentacruel|Scald|p1a: Heatran
|-supereffective|p1a: Heatran
|-damage|p1a: Heatran|182\/386
|move|p1a: Heatran|Earth Power|p2a: Tentacruel
|-supereffective|p2a: Tentacruel
|-damage|p2a: Tentacruel|127\/363 brn
|-unboost|p2a: Tentacruel|spd|1
|
|-heal|p2a: Tentacruel|149\/363 brn|[from] item: Black Sludge
|-damage|p2a: Tentacruel|104\/363 brn|[from] brn
|turn|4
|
|switch|p2a: Gliscor|Gliscor, M|354\/354
|switch|p1a: Tornadus-Therian|Tornadus-Therian, M, shiny|327\/327
|
|-status|p2a: Gliscor|tox|[from] item: Toxic Orb
|turn|5
|
|move|p1a: Tornadus-Therian|Hurricane|p2a: Gliscor
|-damage|p2a: Gliscor|221\/354 tox
|move|p2a: Gliscor|Knock Off|p1a: Tornadus-Therian
|-crit|p1a: Tornadus-Therian
|-damage|p1a: Tornadus-Therian|192\/327
|-enditem|p1a: Tornadus-Therian|Assault Vest|[from] move: Knock Off|[of] p2a: Gliscor
|
|-heal|p2a: Gliscor|265\/354 tox|[from] ability: Poison Heal
|turn|6
|
|move|p1a: Tornadus-Therian|U-turn|p2a: Gliscor
|-resisted|p2a: Gliscor
|-damage|p2a: Gliscor|240\/354 tox
|
|switch|p1a: Altaria|Altaria, F, shiny|354\/354
|move|p2a: Gliscor|Knock Off|p1a: Altaria
|-damage|p1a: Altaria|314\/354
|
|-heal|p2a: Gliscor|284\/354 tox|[from] ability: Poison Heal
|turn|7
|
|switch|p2a: Chansey|Chansey, F|703\/703
|detailschange|p1a: Altaria|Altaria-Mega, F, shiny
|-mega|p1a: Altaria|Altaria|Altarianite
|move|p1a: Altaria|Frustration|p2a: Chansey
|-damage|p2a: Chansey|487\/703
|
|turn|8
|
|switch|p2a: Skarmory|Skarmory, M|334\/334
|move|p1a: Altaria|Dragon Dance|p1a: Altaria
|-boost|p1a: Altaria|atk|1
|-boost|p1a: Altaria|spe|1
|
|turn|9
|
|move|p1a: Altaria|Frustration|p2a: Skarmory
|-resisted|p2a: Skarmory
|-damage|p2a: Skarmory|264\/334
|move|p2a: Skarmory|Stealth Rock|p1a: Altaria
|-sidestart|p1: 1800Rekt|move: Stealth Rock
|
|turn|10
|
|move|p1a: Altaria|Frustration|p2a: Skarmory
|-resisted|p2a: Skarmory
|-damage|p2a: Skarmory|192\/334
|move|p2a: Skarmory|Whirlwind|p1a: Altaria
|drag|p1a: Rotom-Wash|Rotom-Wash, shiny|304\/304
|-damage|p1a: Rotom-Wash|266\/304|[from] Stealth Rock
|
|-heal|p1a: Rotom-Wash|285\/304|[from] item: Leftovers
|turn|11
|
|switch|p2a: Gliscor|Gliscor, M|284\/354 tox
|move|p1a: Rotom-Wash|Hydro Pump|p2a: Gliscor|[miss]
|-miss|p1a: Rotom-Wash|p2a: Gliscor
|
|-heal|p1a: Rotom-Wash|304\/304|[from] item: Leftovers
|-heal|p2a: Gliscor|328\/354 tox|[from] ability: Poison Heal
|turn|12
|
|move|p2a: Gliscor|Knock Off|p1a: Rotom-Wash
|-damage|p1a: Rotom-Wash|248\/304
|-enditem|p1a: Rotom-Wash|Leftovers|[from] move: Knock Off|[of] p2a: Gliscor
|move|p1a: Rotom-Wash|Hydro Pump|p2a: Gliscor
|-supereffective|p2a: Gliscor
|-damage|p2a: Gliscor|92\/354 tox
|
|-heal|p2a: Gliscor|136\/354 tox|[from] ability: Poison Heal
|turn|13
|
|switch|p1a: Altaria|Altaria-Mega, F, shiny|314\/354
|-damage|p1a: Altaria|270\/354|[from] Stealth Rock
|move|p2a: Gliscor|Roost|p2a: Gliscor
|-heal|p2a: Gliscor|313\/354 tox
|
|-heal|p2a: Gliscor|354\/354 tox|[from] ability: Poison Heal
|turn|14
|
|move|p2a: Gliscor|Earthquake|p1a: Altaria
|-damage|p1a: Altaria|198\/354
|move|p1a: Altaria|Frustration|p2a: Gliscor
|-damage|p2a: Gliscor|213\/354 tox
|
|-heal|p2a: Gliscor|257\/354 tox|[from] ability: Poison Heal
|turn|15
|
|move|p2a: Gliscor|Taunt|p1a: Altaria
|-start|p1a: Altaria|move: Taunt
|cant|p1a: Altaria|move: Taunt|Roost
|
|-heal|p2a: Gliscor|301\/354 tox|[from] ability: Poison Heal
|turn|16
|
|switch|p1a: Zapdos|Zapdos|384\/384
|-damage|p1a: Zapdos|288\/384|[from] Stealth Rock
|-ability|p1a: Zapdos|Pressure
|move|p2a: Gliscor|Knock Off|p1a: Zapdos
|-damage|p1a: Zapdos|228\/384
|-enditem|p1a: Zapdos|Leftovers|[from] move: Knock Off|[of] p2a: Gliscor
|
|-heal|p2a: Gliscor|345\/354 tox|[from] ability: Poison Heal
|turn|17
|
|move|p1a: Zapdos|Defog|p2a: Gliscor
|-unboost|p2a: Gliscor|evasion|1
|-sideend|p1: 1800Rekt|Stealth Rock|[from] move: Defog|[of] p1a: Zapdos
|move|p2a: Gliscor|Taunt|p1a: Zapdos
|-start|p1a: Zapdos|move: Taunt
|
|-heal|p2a: Gliscor|354\/354 tox|[from] ability: Poison Heal
|turn|18
|
|switch|p1a: Serperior|Serperior, F, shiny|291\/291
|move|p2a: Gliscor|Knock Off|p1a: Serperior
|-damage|p1a: Serperior|211\/291
|-enditem|p1a: Serperior|Life Orb|[from] move: Knock Off|[of] p2a: Gliscor
|
|turn|19
|
|move|p1a: Serperior|Taunt|p2a: Gliscor
|-start|p2a: Gliscor|move: Taunt
|move|p2a: Gliscor|Earthquake|p1a: Serperior
|-crit|p1a: Serperior
|-resisted|p1a: Serperior
|-damage|p1a: Serperior|130\/291
|
|turn|20
|
|move|p1a: Serperior|Leaf Storm|p2a: Gliscor
|-damage|p2a: Gliscor|210\/354 tox
|-boost|p1a: Serperior|spa|2
|move|p2a: Gliscor|Knock Off|p1a: Serperior
|-damage|p1a: Serperior|83\/291
|
|-heal|p2a: Gliscor|254\/354 tox|[from] ability: Poison Heal
|turn|21
|
|switch|p2a: Clefable|Clefable, M|394\/394
|move|p1a: Serperior|Giga Drain|p2a: Clefable
|-damage|p2a: Clefable|300\/394
|-heal|p1a: Serperior|130\/291|[from] drain|[of] p2a: Clefable
|
|-heal|p2a: Clefable|324\/394|[from] item: Leftovers
|turn|22
|
|switch|p1a: Heatran|Heatran, M, shiny|182\/386
|move|p2a: Clefable|Moonblast|p1a: Heatran
|-resisted|p1a: Heatran
|-damage|p1a: Heatran|163\/386
|
|-heal|p2a: Clefable|348\/394|[from] item: Leftovers
|turn|23
|
|switch|p2a: Gliscor|Gliscor, M|254\/354 tox
|move|p1a: Heatran|Lava Plume|p2a: Gliscor
|-damage|p2a: Gliscor|140\/354 tox
|
|-heal|p2a: Gliscor|184\/354 tox|[from] ability: Poison Heal
|turn|24
|
|move|p2a: Gliscor|Roost|p2a: Gliscor
|-heal|p2a: Gliscor|354\/354 tox
|move|p1a: Heatran|Stealth Rock|p2a: Gliscor
|-sidestart|p2: JiaShengz|move: Stealth Rock
|
|turn|25
|
|switch|p1a: Rotom-Wash|Rotom-Wash, shiny|248\/304
|move|p2a: Gliscor|Knock Off|p1a: Rotom-Wash
|-damage|p1a: Rotom-Wash|212\/304
|
|turn|26
|
|switch|p2a: Chansey|Chansey, F|487\/703
|-damage|p2a: Chansey|400\/703|[from] Stealth Rock
|move|p1a: Rotom-Wash|Hydro Pump|p2a: Chansey
|-damage|p2a: Chansey|319\/703
|
|turn|27
|
|move|p1a: Rotom-Wash|Volt Switch|p2a: Chansey
|-crit|p2a: Chansey
|-damage|p2a: Chansey|232\/703
|
|switch|p1a: Tornadus-Therian|Tornadus-Therian, M, shiny|301\/327
|move|p2a: Chansey|Heal Bell|p2a: Chansey
|-cureteam|p2a: Chansey|[from] move: HealBell
|
|turn|28
|
|switch|p2a: Sableye|Sableye-Mega, F|187\/304
|-damage|p2a: Sableye|149\/304|[from] Stealth Rock
|move|p1a: Tornadus-Therian|Knock Off|p2a: Sableye
|-damage|p2a: Sableye|119\/304
|
|turn|29
|
|move|p1a: Tornadus-Therian|Hurricane|p2a: Sableye
|-damage|p2a: Sableye|0 fnt
|faint|p2a: Sableye
|
|
|switch|p2a: Clefable|Clefable, M|348\/394
|-damage|p2a: Clefable|299\/394|[from] Stealth Rock
|turn|30
|
|move|p1a: Tornadus-Therian|Knock Off|p2a: Clefable
|-resisted|p2a: Clefable
|-damage|p2a: Clefable|268\/394
|-enditem|p2a: Clefable|Leftovers|[from] move: Knock Off|[of] p1a: Tornadus-Therian
|move|p2a: Clefable|Wish|p2a: Clefable
|
|turn|31
|
|move|p1a: Tornadus-Therian|Knock Off|p2a: Clefable
|-resisted|p2a: Clefable
|-damage|p2a: Clefable|247\/394
|move|p2a: Clefable|Moonblast|p1a: Tornadus-Therian
|-damage|p1a: Tornadus-Therian|183\/327
|-unboost|p1a: Tornadus-Therian|spa|1
|
|-heal|p2a: Clefable|394\/394|[from] move: Wish|[wisher] Clefable
|turn|32
|
|switch|p2a: Tentacruel|Tentacruel, M|104\/363
|-damage|p2a: Tentacruel|59\/363|[from] Stealth Rock
|move|p1a: Tornadus-Therian|U-turn|p2a: Tentacruel
|-resisted|p2a: Tentacruel
|-damage|p2a: Tentacruel|33\/363
|
|switch|p1a: Serperior|Serperior, F, shiny|130\/291
|
|-heal|p2a: Tentacruel|55\/363|[from] item: Black Sludge
|turn|33
|
|switch|p2a: Clefable|Clefable, M|394\/394
|-damage|p2a: Clefable|345\/394|[from] Stealth Rock
|move|p1a: Serperior|Leaf Storm|p2a: Clefable
|-damage|p2a: Clefable|155\/394
|-boost|p1a: Serperior|spa|2
|
|turn|34
|
|move|p2a: Clefable|Protect|p2a: Clefable
|-singleturn|p2a: Clefable|Protect
|move|p1a: Serperior|Leaf Storm|p2a: Clefable
|-activate|p2a: Clefable|Protect
|
|turn|35
|
|move|p2a: Clefable|Protect|p2a: Clefable
|-fail|p2a: Clefable
|move|p1a: Serperior|Leaf Storm|p2a: Clefable
|-damage|p2a: Clefable|0 fnt
|-boost|p1a: Serperior|spa|2
|faint|p2a: Clefable
|
|
|switch|p2a: Gliscor|Gliscor, M|354\/354
|-damage|p2a: Gliscor|310\/354|[from] Stealth Rock
|turn|36
|
|move|p1a: Serperior|Leaf Storm|p2a: Gliscor
|-damage|p2a: Gliscor|0 fnt
|-boost|p1a: Serperior|spa|2
|faint|p2a: Gliscor
|
|
|switch|p2a: Skarmory|Skarmory, M|192\/334
|-damage|p2a: Skarmory|151\/334|[from] Stealth Rock
|turn|37
|
|move|p1a: Serperior|Hidden Power|p2a: Skarmory
|-supereffective|p2a: Skarmory
|-damage|p2a: Skarmory|0 fnt
|faint|p2a: Skarmory
|
|-message|JiaShengz forfeited.
|leave|JiaShengz
|
|win|1800Rekt
|raw|Ladder updating...
|player|p2
|raw|1800Rekt's rating: 1613 &rarr; <strong>1634<\/strong><br \/>(+21 for winning)
|raw|JiaShengz's rating: 1634 &rarr; <strong>1613<\/strong><br \/>(-21 for losing)