|join|JiaShengz
|join|Aegislash Returns
|player|p1|JiaShengz|102
|player|p2|Aegislash Returns|274
|gametype|singles
|gen|6
|tier|OU (suspect test)
|rated
|clearpoke
|poke|p1|Tentacruel, F
|poke|p1|Skarmory, F
|poke|p1|Clefable, F
|poke|p1|Sableye, F
|poke|p1|Chansey, F
|poke|p1|Gliscor, M
|poke|p2|Doublade, F
|poke|p2|Chansey, F
|poke|p2|Slowbro, M
|poke|p2|Gothitelle, F
|poke|p2|Mandibuzz, F
|poke|p2|Quagsire, M
|rule|Swagger Clause: Swagger is banned
|rule|Baton Pass Clause: Limit one PokÃ©mon knowing Baton Pass
|rule|Sleep Clause Mod: Limit one foe put to sleep
|rule|Species Clause: Limit one of each PokÃ©mon
|rule|OHKO Clause: OHKO moves are banned
|rule|Moody Clause: Moody is banned
|rule|Evasion Moves Clause: Evasion moves are banned
|rule|Endless Battle Clause: Forcing endless battles is banned
|rule|HP Percentage Mod: HP is shown in percentages
|teampreview
|
|start
|switch|p1a: Sableye|Sableye, F|304\/304
|switch|p2a: Starmie.|Slowbro, M|394\/394
|turn|1
|
|detailschange|p1a: Sableye|Sableye-Mega, F
|-mega|p1a: Sableye|Sableye|Sablenite
|move|p1a: Sableye|Knock Off|p2a: Starmie.
|-supereffective|p2a: Starmie.
|-damage|p2a: Starmie.|296\/394
|move|p2a: Starmie.|Scald|p1a: Sableye
|-damage|p1a: Sableye|220\/304
|
|turn|2
|
|move|p2a: Starmie.|Calm Mind|p2a: Starmie.
|-boost|p2a: Starmie.|spa|1
|-boost|p2a: Starmie.|spd|1
|move|p1a: Sableye|Will-O-Wisp|p2a: Starmie.
|-status|p2a: Starmie.|brn
|
|-damage|p2a: Starmie.|247\/394 brn|[from] brn
|turn|3
|
|move|p2a: Starmie.|Scald|p1a: Sableye
|-damage|p1a: Sableye|102\/304
|move|p1a: Sableye|Taunt|p2a: Starmie.
|-start|p2a: Starmie.|move: Taunt
|
|-damage|p2a: Starmie.|198\/394 brn|[from] brn
|turn|4
|
|switch|p2a: Wobbuffet.|Gothitelle, F|301\/301
|switch|p1a: Clefable|Clefable, F|394\/394
|
|turn|5
|
|move|p2a: Wobbuffet.|Trick|p1a: Clefable
|-activate|p2a: Wobbuffet.|move: Trick|[of] p1a: Clefable
|-item|p1a: Clefable|Choice Scarf|[from] move: Trick
|-item|p2a: Wobbuffet.|Leftovers|[from] move: Trick
|move|p1a: Clefable|Moonblast|p2a: Wobbuffet.
|-damage|p2a: Wobbuffet.|210\/301
|-unboost|p2a: Wobbuffet.|spa|1
|
|-heal|p2a: Wobbuffet.|228\/301|[from] item: Leftovers
|turn|6
|
|move|p2a: Wobbuffet.|Calm Mind|p2a: Wobbuffet.
|-boost|p2a: Wobbuffet.|spa|1
|-boost|p2a: Wobbuffet.|spd|1
|move|p1a: Clefable|Moonblast|p2a: Wobbuffet.
|-damage|p2a: Wobbuffet.|135\/301
|-unboost|p2a: Wobbuffet.|spa|1
|
|-heal|p2a: Wobbuffet.|153\/301|[from] item: Leftovers
|turn|7
|
|move|p2a: Wobbuffet.|Psychic|p1a: Clefable
|-damage|p1a: Clefable|247\/394
|move|p1a: Clefable|Moonblast|p2a: Wobbuffet.
|-damage|p2a: Wobbuffet.|60\/301
|-unboost|p2a: Wobbuffet.|spa|1
|
|-heal|p2a: Wobbuffet.|78\/301|[from] item: Leftovers
|turn|8
|
|move|p2a: Wobbuffet.|Rest|p2a: Wobbuffet.
|-status|p2a: Wobbuffet.|slp
|-heal|p2a: Wobbuffet.|301\/301 slp|[silent]
|-status|p2a: Wobbuffet.|slp|[from] move: Rest
|move|p1a: Clefable|Moonblast|p2a: Wobbuffet.
|-damage|p2a: Wobbuffet.|199\/301 slp
|
|-heal|p2a: Wobbuffet.|217\/301 slp|[from] item: Leftovers
|turn|9
|
|cant|p2a: Wobbuffet.|slp
|move|p1a: Clefable|Moonblast|p2a: Wobbuffet.
|-damage|p2a: Wobbuffet.|117\/301 slp
|
|-heal|p2a: Wobbuffet.|135\/301 slp|[from] item: Leftovers
|turn|10
|
|cant|p2a: Wobbuffet.|slp
|move|p1a: Clefable|Moonblast|p2a: Wobbuffet.
|-damage|p2a: Wobbuffet.|36\/301 slp
|
|-heal|p2a: Wobbuffet.|54\/301 slp|[from] item: Leftovers
|turn|11
|
|-curestatus|p2a: Wobbuffet.|slp
|move|p2a: Wobbuffet.|Rest|p2a: Wobbuffet.
|-status|p2a: Wobbuffet.|slp
|-heal|p2a: Wobbuffet.|301\/301 slp|[silent]
|-status|p2a: Wobbuffet.|slp|[from] move: Rest
|move|p1a: Clefable|Moonblast|p2a: Wobbuffet.
|-damage|p2a: Wobbuffet.|202\/301 slp
|
|-heal|p2a: Wobbuffet.|220\/301 slp|[from] item: Leftovers
|turn|12
|
|switch|p2a: Blissey.|Chansey, F|642\/642
|move|p1a: Clefable|Moonblast|p2a: Blissey.
|-damage|p2a: Blissey.|585\/642
|
|turn|13
|
|switch|p1a: Gliscor|Gliscor, M|354\/354
|move|p2a: Blissey.|Heal Bell|p2a: Blissey.
|-cureteam|p2a: Blissey.|[from] move: HealBell
|
|-status|p1a: Gliscor|tox|[from] item: Toxic Orb
|turn|14
|
|switch|p2a: Honchkrow.|Mandibuzz, F|423\/423
|move|p1a: Gliscor|Earthquake|p2a: Honchkrow.
|-immune|p2a: Honchkrow.|[msg]
|
|turn|15
|
|switch|p2a: Blissey.|Chansey, F|585\/642
|move|p1a: Gliscor|Knock Off|p2a: Blissey.
|-damage|p2a: Blissey.|480\/642
|-enditem|p2a: Blissey.|Eviolite|[from] move: Knock Off|[of] p1a: Gliscor
|
|turn|16
|
|switch|p2a: Starmie.|Slowbro, M|329\/394
|move|p1a: Gliscor|Taunt|p2a: Starmie.
|-start|p2a: Starmie.|move: Taunt
|
|turn|17
|
|switch|p1a: Clefable|Clefable, F|247\/394
|move|p2a: Starmie.|Scald|p1a: Clefable
|-damage|p1a: Clefable|135\/394
|
|turn|18
|
|move|p1a: Clefable|Wish|p1a: Clefable
|move|p2a: Starmie.|Psyshock|p1a: Clefable
|-damage|p1a: Clefable|48\/394
|
|turn|19
|
|switch|p1a: Skarmory|Skarmory, F|334\/334
|move|p2a: Starmie.|Scald|p1a: Skarmory
|-damage|p1a: Skarmory|202\/334
|-status|p1a: Skarmory|brn
|
|-heal|p1a: Skarmory|334\/334 brn|[from] move: Wish|[wisher] Clefable
|-damage|p1a: Skarmory|293\/334 brn|[from] brn
|-end|p2a: Starmie.|move: Taunt
|turn|20
|
|move|p1a: Skarmory|Stealth Rock|p2a: Starmie.
|-sidestart|p2: Aegislash Returns|move: Stealth Rock
|move|p2a: Starmie.|Calm Mind|p2a: Starmie.
|-boost|p2a: Starmie.|spa|1
|-boost|p2a: Starmie.|spd|1
|
|-damage|p1a: Skarmory|252\/334 brn|[from] brn
|turn|21
|
|move|p2a: Starmie.|Scald|p1a: Skarmory
|-damage|p1a: Skarmory|74\/334 brn
|move|p1a: Skarmory|Whirlwind|p2a: Starmie.
|drag|p2a: Swampert.|Quagsire, M|394\/394
|-damage|p2a: Swampert.|370\/394|[from] Stealth Rock
|
|-heal|p2a: Swampert.|394\/394|[from] item: Leftovers
|-damage|p1a: Skarmory|33\/334 brn|[from] brn
|turn|22
|
|move|p1a: Skarmory|Roost|p1a: Skarmory
|-heal|p1a: Skarmory|200\/334 brn
|move|p2a: Swampert.|Scald|p1a: Skarmory
|-damage|p1a: Skarmory|115\/334 brn
|
|-damage|p1a: Skarmory|74\/334 brn|[from] brn
|turn|23
|
|switch|p2a: Honchkrow.|Mandibuzz, F|423\/423
|-damage|p2a: Honchkrow.|318\/423|[from] Stealth Rock
|move|p1a: Skarmory|Roost|p1a: Skarmory
|-heal|p1a: Skarmory|241\/334 brn
|
|-heal|p2a: Honchkrow.|344\/423|[from] item: Leftovers
|-damage|p1a: Skarmory|200\/334 brn|[from] brn
|turn|24
|
|switch|p1a: Sableye|Sableye-Mega, F|102\/304
|move|p2a: Honchkrow.|Defog|p1a: Sableye
|move|p1a: Sableye|Defog|p2a: Honchkrow.|[from]Magic Bounce
|-unboost|p2a: Honchkrow.|evasion|1
|-sideend|p2: Aegislash Returns|Stealth Rock|[from] move: Defog|[of] p2a: Honchkrow.
|
|-heal|p2a: Honchkrow.|370\/423|[from] item: Leftovers
|turn|25
|
|move|p2a: Honchkrow.|Foul Play|p1a: Sableye
|-damage|p1a: Sableye|38\/304
|move|p1a: Sableye|Recover|p1a: Sableye
|-heal|p1a: Sableye|190\/304
|
|-heal|p2a: Honchkrow.|396\/423|[from] item: Leftovers
|turn|26
|
|switch|p2a: Starmie.|Slowbro, M|394\/394
|move|p1a: Sableye|Will-O-Wisp|p2a: Starmie.
|-status|p2a: Starmie.|brn
|
|-damage|p2a: Starmie.|345\/394 brn|[from] brn
|turn|27
|
|switch|p1a: Chansey|Chansey, F|703\/703
|move|p2a: Starmie.|Calm Mind|p2a: Starmie.
|-boost|p2a: Starmie.|spa|1
|-boost|p2a: Starmie.|spd|1
|
|-damage|p2a: Starmie.|296\/394 brn|[from] brn
|turn|28
|
|switch|p2a: Wobbuffet.|Gothitelle, F|220\/301
|move|p1a: Chansey|Seismic Toss|p2a: Wobbuffet.
|-damage|p2a: Wobbuffet.|120\/301
|
|-heal|p2a: Wobbuffet.|138\/301|[from] item: Leftovers
|turn|29
|
|move|p2a: Wobbuffet.|Calm Mind|p2a: Wobbuffet.
|-boost|p2a: Wobbuffet.|spa|1
|-boost|p2a: Wobbuffet.|spd|1
|move|p1a: Chansey|Seismic Toss|p2a: Wobbuffet.
|-damage|p2a: Wobbuffet.|38\/301
|
|-heal|p2a: Wobbuffet.|56\/301|[from] item: Leftovers
|turn|30
|
|move|p2a: Wobbuffet.|Rest|p2a: Wobbuffet.
|-status|p2a: Wobbuffet.|slp
|-heal|p2a: Wobbuffet.|301\/301 slp|[silent]
|-status|p2a: Wobbuffet.|slp|[from] move: Rest
|move|p1a: Chansey|Heal Bell|p1a: Chansey
|-cureteam|p1a: Chansey|[from] move: HealBell
|
|turn|31
|
|cant|p2a: Wobbuffet.|slp
|move|p1a: Chansey|Seismic Toss|p2a: Wobbuffet.
|-damage|p2a: Wobbuffet.|201\/301 slp
|
|-heal|p2a: Wobbuffet.|219\/301 slp|[from] item: Leftovers
|turn|32
|
|cant|p2a: Wobbuffet.|slp
|move|p1a: Chansey|Seismic Toss|p2a: Wobbuffet.
|-damage|p2a: Wobbuffet.|119\/301 slp
|
|-heal|p2a: Wobbuffet.|137\/301 slp|[from] item: Leftovers
|turn|33
|
|-curestatus|p2a: Wobbuffet.|slp
|move|p2a: Wobbuffet.|Calm Mind|p2a: Wobbuffet.
|-boost|p2a: Wobbuffet.|spa|1
|-boost|p2a: Wobbuffet.|spd|1
|move|p1a: Chansey|Seismic Toss|p2a: Wobbuffet.
|-damage|p2a: Wobbuffet.|37\/301
|
|-heal|p2a: Wobbuffet.|55\/301|[from] item: Leftovers
|turn|34
|
|move|p2a: Wobbuffet.|Rest|p2a: Wobbuffet.
|-status|p2a: Wobbuffet.|slp
|-heal|p2a: Wobbuffet.|301\/301 slp|[silent]
|-status|p2a: Wobbuffet.|slp|[from] move: Rest
|move|p1a: Chansey|Seismic Toss|p2a: Wobbuffet.
|-damage|p2a: Wobbuffet.|201\/301 slp
|
|-heal|p2a: Wobbuffet.|219\/301 slp|[from] item: Leftovers
|turn|35
|
|cant|p2a: Wobbuffet.|slp
|move|p1a: Chansey|Seismic Toss|p2a: Wobbuffet.
|-damage|p2a: Wobbuffet.|119\/301 slp
|
|-heal|p2a: Wobbuffet.|137\/301 slp|[from] item: Leftovers
|turn|36
|
|cant|p2a: Wobbuffet.|slp
|move|p1a: Chansey|Seismic Toss|p2a: Wobbuffet.
|-damage|p2a: Wobbuffet.|37\/301 slp
|
|-heal|p2a: Wobbuffet.|55\/301 slp|[from] item: Leftovers
|turn|37
|
|-curestatus|p2a: Wobbuffet.|slp
|move|p2a: Wobbuffet.|Rest|p2a: Wobbuffet.
|-status|p2a: Wobbuffet.|slp
|-heal|p2a: Wobbuffet.|301\/301 slp|[silent]
|-status|p2a: Wobbuffet.|slp|[from] move: Rest
|move|p1a: Chansey|Seismic Toss|p2a: Wobbuffet.
|-damage|p2a: Wobbuffet.|201\/301 slp
|
|-heal|p2a: Wobbuffet.|219\/301 slp|[from] item: Leftovers
|turn|38
|
|cant|p2a: Wobbuffet.|slp
|move|p1a: Chansey|Seismic Toss|p2a: Wobbuffet.
|-damage|p2a: Wobbuffet.|119\/301 slp
|
|-heal|p2a: Wobbuffet.|137\/301 slp|[from] item: Leftovers
|turn|39
|
|cant|p2a: Wobbuffet.|slp
|move|p1a: Chansey|Seismic Toss|p2a: Wobbuffet.
|-damage|p2a: Wobbuffet.|37\/301 slp
|
|-heal|p2a: Wobbuffet.|55\/301 slp|[from] item: Leftovers
|turn|40
|
|-curestatus|p2a: Wobbuffet.|slp
|move|p2a: Wobbuffet.|Rest|p2a: Wobbuffet.
|-status|p2a: Wobbuffet.|slp
|-heal|p2a: Wobbuffet.|301\/301 slp|[silent]
|-status|p2a: Wobbuffet.|slp|[from] move: Rest
|move|p1a: Chansey|Seismic Toss|p2a: Wobbuffet.
|-damage|p2a: Wobbuffet.|201\/301 slp
|
|-heal|p2a: Wobbuffet.|219\/301 slp|[from] item: Leftovers
|turn|41
|
|cant|p2a: Wobbuffet.|slp
|move|p1a: Chansey|Seismic Toss|p2a: Wobbuffet.
|-damage|p2a: Wobbuffet.|119\/301 slp
|
|-heal|p2a: Wobbuffet.|137\/301 slp|[from] item: Leftovers
|turn|42
|
|cant|p2a: Wobbuffet.|slp
|move|p1a: Chansey|Seismic Toss|p2a: Wobbuffet.
|-damage|p2a: Wobbuffet.|37\/301 slp
|
|-heal|p2a: Wobbuffet.|55\/301 slp|[from] item: Leftovers
|turn|43
|
|-curestatus|p2a: Wobbuffet.|slp
|move|p2a: Wobbuffet.|Rest|p2a: Wobbuffet.
|-status|p2a: Wobbuffet.|slp
|-heal|p2a: Wobbuffet.|301\/301 slp|[silent]
|-status|p2a: Wobbuffet.|slp|[from] move: Rest
|move|p1a: Chansey|Seismic Toss|p2a: Wobbuffet.
|-damage|p2a: Wobbuffet.|201\/301 slp
|
|-heal|p2a: Wobbuffet.|219\/301 slp|[from] item: Leftovers
|turn|44
|
|cant|p2a: Wobbuffet.|slp
|move|p1a: Chansey|Seismic Toss|p2a: Wobbuffet.
|-damage|p2a: Wobbuffet.|119\/301 slp
|
|-heal|p2a: Wobbuffet.|137\/301 slp|[from] item: Leftovers
|turn|45
|
|cant|p2a: Wobbuffet.|slp
|move|p1a: Chansey|Seismic Toss|p2a: Wobbuffet.
|-damage|p2a: Wobbuffet.|37\/301 slp
|
|-heal|p2a: Wobbuffet.|55\/301 slp|[from] item: Leftovers
|turn|46
|
|-curestatus|p2a: Wobbuffet.|slp
|move|p2a: Wobbuffet.|Rest|p2a: Wobbuffet.
|-status|p2a: Wobbuffet.|slp
|-heal|p2a: Wobbuffet.|301\/301 slp|[silent]
|-status|p2a: Wobbuffet.|slp|[from] move: Rest
|move|p1a: Chansey|Wish|p1a: Chansey
|
|turn|47
|
|cant|p2a: Wobbuffet.|slp
|move|p1a: Chansey|Wish|p1a: Chansey
|-fail|p1a: Chansey
|
|turn|48
|
|cant|p2a: Wobbuffet.|slp
|move|p1a: Chansey|Wish|p1a: Chansey
|
|turn|49
|
|-curestatus|p2a: Wobbuffet.|slp
|move|p2a: Wobbuffet.|Calm Mind|p2a: Wobbuffet.
|-boost|p2a: Wobbuffet.|spa|1
|-boost|p2a: Wobbuffet.|spd|1
|move|p1a: Chansey|Wish|p1a: Chansey
|-fail|p1a: Chansey
|
|turn|50
|
|move|p2a: Wobbuffet.|Calm Mind|p2a: Wobbuffet.
|-boost|p2a: Wobbuffet.|spa|1
|-boost|p2a: Wobbuffet.|spd|1
|move|p1a: Chansey|Seismic Toss|p2a: Wobbuffet.
|-damage|p2a: Wobbuffet.|201\/301
|
|-heal|p2a: Wobbuffet.|219\/301|[from] item: Leftovers
|turn|51
|
|move|p2a: Wobbuffet.|Calm Mind|p2a: Wobbuffet.
|-boost|p2a: Wobbuffet.|spa|1
|-boost|p2a: Wobbuffet.|spd|1
|move|p1a: Chansey|Seismic Toss|p2a: Wobbuffet.
|-damage|p2a: Wobbuffet.|119\/301
|
|-heal|p2a: Wobbuffet.|137\/301|[from] item: Leftovers
|turn|52
|
|move|p2a: Wobbuffet.|Calm Mind|p2a: Wobbuffet.
|-boost|p2a: Wobbuffet.|spa|1
|-boost|p2a: Wobbuffet.|spd|1
|move|p1a: Chansey|Wish|p1a: Chansey
|
|-heal|p2a: Wobbuffet.|155\/301|[from] item: Leftovers
|turn|53
|
|move|p2a: Wobbuffet.|Rest|p2a: Wobbuffet.
|-status|p2a: Wobbuffet.|slp
|-heal|p2a: Wobbuffet.|301\/301 slp|[silent]
|-status|p2a: Wobbuffet.|slp|[from] move: Rest
|move|p1a: Chansey|Seismic Toss|p2a: Wobbuffet.
|-damage|p2a: Wobbuffet.|201\/301 slp
|
|-heal|p2a: Wobbuffet.|219\/301 slp|[from] item: Leftovers
|turn|54
|
|cant|p2a: Wobbuffet.|slp
|move|p1a: Chansey|Wish|p1a: Chansey
|
|-heal|p2a: Wobbuffet.|237\/301 slp|[from] item: Leftovers
|turn|55
|
|cant|p2a: Wobbuffet.|slp
|move|p1a: Chansey|Heal Bell|p1a: Chansey
|-cureteam|p1a: Chansey|[from] move: HealBell
|
|-heal|p2a: Wobbuffet.|255\/301 slp|[from] item: Leftovers
|turn|56
|
|-curestatus|p2a: Wobbuffet.|slp
|move|p2a: Wobbuffet.|Trick|p1a: Chansey
|-activate|p2a: Wobbuffet.|move: Trick|[of] p1a: Chansey
|-item|p1a: Chansey|Leftovers|[from] move: Trick
|-item|p2a: Wobbuffet.|Eviolite|[from] move: Trick
|move|p1a: Chansey|Seismic Toss|p2a: Wobbuffet.
|-damage|p2a: Wobbuffet.|155\/301
|
|turn|57
|
|move|p2a: Wobbuffet.|Trick|p1a: Chansey
|-activate|p2a: Wobbuffet.|move: Trick|[of] p1a: Chansey
|-item|p1a: Chansey|Eviolite|[from] move: Trick
|-item|p2a: Wobbuffet.|Leftovers|[from] move: Trick
|move|p1a: Chansey|Soft-Boiled|p1a: Chansey
|-fail|p1a: Chansey
|
|-heal|p2a: Wobbuffet.|173\/301|[from] item: Leftovers
|turn|58
|
|move|p2a: Wobbuffet.|Calm Mind|p2a: Wobbuffet.
|-fail|p2a: Wobbuffet.
|move|p1a: Chansey|Seismic Toss|p2a: Wobbuffet.
|-damage|p2a: Wobbuffet.|73\/301
|
|-heal|p2a: Wobbuffet.|91\/301|[from] item: Leftovers
|turn|59
|
|move|p2a: Wobbuffet.|Rest|p2a: Wobbuffet.
|-status|p2a: Wobbuffet.|slp
|-heal|p2a: Wobbuffet.|301\/301 slp|[silent]
|-status|p2a: Wobbuffet.|slp|[from] move: Rest
|move|p1a: Chansey|Seismic Toss|p2a: Wobbuffet.
|-damage|p2a: Wobbuffet.|201\/301 slp
|
|-heal|p2a: Wobbuffet.|219\/301 slp|[from] item: Leftovers
|turn|60
|
|cant|p2a: Wobbuffet.|slp
|move|p1a: Chansey|Seismic Toss|p2a: Wobbuffet.
|-damage|p2a: Wobbuffet.|119\/301 slp
|
|-heal|p2a: Wobbuffet.|137\/301 slp|[from] item: Leftovers
|turn|61
|
|cant|p2a: Wobbuffet.|slp
|move|p1a: Chansey|Seismic Toss|p2a: Wobbuffet.
|-damage|p2a: Wobbuffet.|37\/301 slp
|
|-heal|p2a: Wobbuffet.|55\/301 slp|[from] item: Leftovers
|turn|62
|
|-curestatus|p2a: Wobbuffet.|slp
|move|p2a: Wobbuffet.|Rest|p2a: Wobbuffet.
|-status|p2a: Wobbuffet.|slp
|-heal|p2a: Wobbuffet.|301\/301 slp|[silent]
|-status|p2a: Wobbuffet.|slp|[from] move: Rest
|move|p1a: Chansey|Seismic Toss|p2a: Wobbuffet.
|-damage|p2a: Wobbuffet.|201\/301 slp
|
|-heal|p2a: Wobbuffet.|219\/301 slp|[from] item: Leftovers
|turn|63
|
|cant|p2a: Wobbuffet.|slp
|move|p1a: Chansey|Seismic Toss|p2a: Wobbuffet.
|-damage|p2a: Wobbuffet.|119\/301 slp
|
|-heal|p2a: Wobbuffet.|137\/301 slp|[from] item: Leftovers
|turn|64
|
|cant|p2a: Wobbuffet.|slp
|move|p1a: Chansey|Seismic Toss|p2a: Wobbuffet.
|-damage|p2a: Wobbuffet.|37\/301 slp
|
|-heal|p2a: Wobbuffet.|55\/301 slp|[from] item: Leftovers
|turn|65
|
|-curestatus|p2a: Wobbuffet.|slp
|move|p2a: Wobbuffet.|Rest|p2a: Wobbuffet.
|-status|p2a: Wobbuffet.|slp
|-heal|p2a: Wobbuffet.|301\/301 slp|[silent]
|-status|p2a: Wobbuffet.|slp|[from] move: Rest
|move|p1a: Chansey|Wish|p1a: Chansey
|
|turn|66
|
|cant|p2a: Wobbuffet.|slp
|move|p1a: Chansey|Seismic Toss|p2a: Wobbuffet.
|-damage|p2a: Wobbuffet.|201\/301 slp
|
|-heal|p2a: Wobbuffet.|219\/301 slp|[from] item: Leftovers
|turn|67
|
|cant|p2a: Wobbuffet.|slp
|move|p1a: Chansey|Seismic Toss|p2a: Wobbuffet.
|-damage|p2a: Wobbuffet.|119\/301 slp
|
|-heal|p2a: Wobbuffet.|137\/301 slp|[from] item: Leftovers
|turn|68
|
|-curestatus|p2a: Wobbuffet.|slp
|move|p2a: Wobbuffet.|Calm Mind|p2a: Wobbuffet.
|-fail|p2a: Wobbuffet.
|move|p1a: Chansey|Wish|p1a: Chansey
|
|-heal|p2a: Wobbuffet.|155\/301|[from] item: Leftovers
|turn|69
|
|move|p2a: Wobbuffet.|Calm Mind|p2a: Wobbuffet.
|-fail|p2a: Wobbuffet.
|move|p1a: Chansey|Seismic Toss|p2a: Wobbuffet.
|-damage|p2a: Wobbuffet.|55\/301
|
|-heal|p2a: Wobbuffet.|73\/301|[from] item: Leftovers
|turn|70
|
|move|p2a: Wobbuffet.|Rest|p2a: Wobbuffet.
|-status|p2a: Wobbuffet.|slp
|-heal|p2a: Wobbuffet.|301\/301 slp|[silent]
|-status|p2a: Wobbuffet.|slp|[from] move: Rest
|move|p1a: Chansey|Wish|p1a: Chansey
|
|turn|71
|
|cant|p2a: Wobbuffet.|slp
|move|p1a: Chansey|Wish|p1a: Chansey
|-fail|p1a: Chansey
|
|turn|72
|
|cant|p2a: Wobbuffet.|slp
|move|p1a: Chansey|Seismic Toss|p2a: Wobbuffet.
|-damage|p2a: Wobbuffet.|201\/301 slp
|
|-heal|p2a: Wobbuffet.|219\/301 slp|[from] item: Leftovers
|turn|73
|
|-curestatus|p2a: Wobbuffet.|slp
|move|p2a: Wobbuffet.|Rest|p2a: Wobbuffet.
|-status|p2a: Wobbuffet.|slp
|-heal|p2a: Wobbuffet.|301\/301 slp|[silent]
|-status|p2a: Wobbuffet.|slp|[from] move: Rest
|move|p1a: Chansey|Wish|p1a: Chansey
|
|turn|74
|
|cant|p2a: Wobbuffet.|slp
|move|p1a: Chansey|Wish|p1a: Chansey
|-fail|p1a: Chansey
|
|turn|75
|
|cant|p2a: Wobbuffet.|slp
|move|p1a: Chansey|Wish|p1a: Chansey
|
|turn|76
|
|-curestatus|p2a: Wobbuffet.|slp
|move|p2a: Wobbuffet.|Trick|p1a: Chansey
|-activate|p2a: Wobbuffet.|move: Trick|[of] p1a: Chansey
|-item|p1a: Chansey|Leftovers|[from] move: Trick
|-item|p2a: Wobbuffet.|Eviolite|[from] move: Trick
|move|p1a: Chansey|Wish|p1a: Chansey
|-fail|p1a: Chansey
|
|turn|77
|
|move|p2a: Wobbuffet.|Psychic|p1a: Chansey
|-damage|p1a: Chansey|220\/703
|move|p1a: Chansey|Wish|p1a: Chansey
|
|-heal|p1a: Chansey|263\/703|[from] item: Leftovers
|turn|78
|
|move|p2a: Wobbuffet.|Psychic|p1a: Chansey
|-damage|p1a: Chansey|0 fnt
|faint|p1a: Chansey
|
|
|switch|p1a: Sableye|Sableye-Mega, F|190\/304
|turn|79
|
|switch|p2a: Starmie.|Slowbro, M|394\/394 brn
|move|p1a: Sableye|Taunt|p2a: Starmie.
|-start|p2a: Starmie.|move: Taunt
|
|-damage|p2a: Starmie.|345\/394 brn|[from] brn
|turn|80
|
|switch|p1a: Tentacruel|Tentacruel, F|363\/363
|move|p2a: Starmie.|Scald|p1a: Tentacruel
|-crit|p1a: Tentacruel
|-resisted|p1a: Tentacruel
|-damage|p1a: Tentacruel|305\/363
|
|-heal|p1a: Tentacruel|327\/363|[from] item: Black Sludge
|-damage|p2a: Starmie.|296\/394 brn|[from] brn
|turn|81
|
|move|p1a: Tentacruel|Toxic Spikes|p2a: Starmie.
|-sidestart|p2: Aegislash Returns|move: Toxic Spikes
|move|p2a: Starmie.|Psyshock|p1a: Tentacruel
|-supereffective|p1a: Tentacruel
|-damage|p1a: Tentacruel|133\/363
|
|-heal|p1a: Tentacruel|155\/363|[from] item: Black Sludge
|-damage|p2a: Starmie.|247\/394 brn|[from] brn
|turn|82
|
|switch|p1a: Gliscor|Gliscor, M|354\/354
|move|p2a: Starmie.|Psyshock|p1a: Gliscor
|-damage|p1a: Gliscor|279\/354
|
|-damage|p2a: Starmie.|198\/394 brn|[from] brn
|-end|p2a: Starmie.|move: Taunt
|-status|p1a: Gliscor|tox|[from] item: Toxic Orb
|turn|83
|
|move|p1a: Gliscor|Taunt|p2a: Starmie.
|-start|p2a: Starmie.|move: Taunt
|cant|p2a: Starmie.|move: Taunt|Slack Off
|
|-heal|p1a: Gliscor|323\/354 tox|[from] ability: Poison Heal
|-damage|p2a: Starmie.|149\/394 brn|[from] brn
|turn|84
|
|switch|p2a: Honchkrow.|Mandibuzz, F|396\/423
|move|p1a: Gliscor|Knock Off|p2a: Honchkrow.
|-resisted|p2a: Honchkrow.
|-damage|p2a: Honchkrow.|370\/423
|-enditem|p2a: Honchkrow.|Leftovers|[from] move: Knock Off|[of] p1a: Gliscor
|
|-heal|p1a: Gliscor|354\/354 tox|[from] ability: Poison Heal
|turn|85
|
|move|p1a: Gliscor|Taunt|p2a: Honchkrow.
|-start|p2a: Honchkrow.|move: Taunt
|move|p2a: Honchkrow.|Foul Play|p1a: Gliscor
|-damage|p1a: Gliscor|263\/354 tox
|
|-heal|p1a: Gliscor|307\/354 tox|[from] ability: Poison Heal
|turn|86
|
|move|p1a: Gliscor|Knock Off|p2a: Honchkrow.
|-resisted|p2a: Honchkrow.
|-damage|p2a: Honchkrow.|351\/423
|move|p2a: Honchkrow.|Foul Play|p1a: Gliscor
|-damage|p1a: Gliscor|225\/354 tox
|
|-heal|p1a: Gliscor|269\/354 tox|[from] ability: Poison Heal
|turn|87
|
|move|p1a: Gliscor|Knock Off|p2a: Honchkrow.
|-crit|p2a: Honchkrow.
|-resisted|p2a: Honchkrow.
|-damage|p2a: Honchkrow.|320\/423
|move|p2a: Honchkrow.|Foul Play|p1a: Gliscor
|-damage|p1a: Gliscor|176\/354 tox
|
|-heal|p1a: Gliscor|220\/354 tox|[from] ability: Poison Heal
|-end|p2a: Honchkrow.|move: Taunt
|turn|88
|
|move|p1a: Gliscor|Taunt|p2a: Honchkrow.
|-start|p2a: Honchkrow.|move: Taunt
|move|p2a: Honchkrow.|Foul Play|p1a: Gliscor
|-damage|p1a: Gliscor|132\/354 tox
|
|-heal|p1a: Gliscor|176\/354 tox|[from] ability: Poison Heal
|turn|89
|
|move|p1a: Gliscor|Roost|p1a: Gliscor
|-heal|p1a: Gliscor|353\/354 tox
|move|p2a: Honchkrow.|Foul Play|p1a: Gliscor
|-damage|p1a: Gliscor|263\/354 tox
|
|-heal|p1a: Gliscor|307\/354 tox|[from] ability: Poison Heal
|turn|90
|
|move|p1a: Gliscor|Roost|p1a: Gliscor
|-heal|p1a: Gliscor|354\/354 tox
|move|p2a: Honchkrow.|Foul Play|p1a: Gliscor
|-crit|p1a: Gliscor
|-damage|p1a: Gliscor|213\/354 tox
|
|-heal|p1a: Gliscor|257\/354 tox|[from] ability: Poison Heal
|-end|p2a: Honchkrow.|move: Taunt
|turn|91
|
|switch|p2a: Starmie.|Slowbro, M|280\/394 brn
|move|p1a: Gliscor|Taunt|p2a: Starmie.
|-start|p2a: Starmie.|move: Taunt
|
|-heal|p1a: Gliscor|301\/354 tox|[from] ability: Poison Heal
|-damage|p2a: Starmie.|231\/394 brn|[from] brn
|turn|92
|
|switch|p2a: Honchkrow.|Mandibuzz, F|320\/423
|move|p1a: Gliscor|Earthquake|p2a: Honchkrow.
|-immune|p2a: Honchkrow.|[msg]
|
|-heal|p1a: Gliscor|345\/354 tox|[from] ability: Poison Heal
|turn|93
|
|move|p1a: Gliscor|Taunt|p2a: Honchkrow.
|-start|p2a: Honchkrow.|move: Taunt
|cant|p2a: Honchkrow.|move: Taunt|Defog
|
|-heal|p1a: Gliscor|354\/354 tox|[from] ability: Poison Heal
|turn|94
|
|switch|p2a: Starmie.|Slowbro, M|362\/394 brn
|move|p1a: Gliscor|Earthquake|p2a: Starmie.
|-damage|p2a: Starmie.|289\/394 brn
|
|-damage|p2a: Starmie.|240\/394 brn|[from] brn
|turn|95
|
|move|p1a: Gliscor|Knock Off|p2a: Starmie.
|-supereffective|p2a: Starmie.
|-damage|p2a: Starmie.|176\/394 brn
|move|p2a: Starmie.|Scald|p1a: Gliscor
|-supereffective|p1a: Gliscor
|-damage|p1a: Gliscor|186\/354 tox
|
|-heal|p1a: Gliscor|230\/354 tox|[from] ability: Poison Heal
|-damage|p2a: Starmie.|127\/394 brn|[from] brn
|turn|96
|
|move|p1a: Gliscor|Taunt|p2a: Starmie.
|-start|p2a: Starmie.|move: Taunt
|cant|p2a: Starmie.|move: Taunt|Slack Off
|
|-heal|p1a: Gliscor|274\/354 tox|[from] ability: Poison Heal
|-damage|p2a: Starmie.|78\/394 brn|[from] brn
|turn|97
|
|switch|p2a: Honchkrow.|Mandibuzz, F|320\/423
|move|p1a: Gliscor|Earthquake|p2a: Honchkrow.
|-immune|p2a: Honchkrow.|[msg]
|
|-heal|p1a: Gliscor|318\/354 tox|[from] ability: Poison Heal
|turn|98
|
|switch|p2a: Starmie.|Slowbro, M|209\/394 brn
|move|p1a: Gliscor|Taunt|p2a: Starmie.
|-start|p2a: Starmie.|move: Taunt
|
|-heal|p1a: Gliscor|354\/354 tox|[from] ability: Poison Heal
|-damage|p2a: Starmie.|160\/394 brn|[from] brn
|turn|99
|
|switch|p2a: Honchkrow.|Mandibuzz, F|320\/423
|move|p1a: Gliscor|Knock Off|p2a: Honchkrow.
|-resisted|p2a: Honchkrow.
|-damage|p2a: Honchkrow.|300\/423
|
|turn|100
|
|move|p1a: Gliscor|Taunt|p2a: Honchkrow.
|-start|p2a: Honchkrow.|move: Taunt
|cant|p2a: Honchkrow.|move: Taunt|Defog
|
|turn|101
|
|switch|p2a: Starmie.|Slowbro, M|291\/394 brn
|move|p1a: Gliscor|Knock Off|p2a: Starmie.
|-supereffective|p2a: Starmie.
|-damage|p2a: Starmie.|219\/394 brn
|
|-damage|p2a: Starmie.|170\/394 brn|[from] brn
|turn|102
|
|switch|p2a: Honchkrow.|Mandibuzz, F|300\/423
|move|p1a: Gliscor|Taunt|p2a: Honchkrow.
|-start|p2a: Honchkrow.|move: Taunt
|
|turn|103
|
|switch|p2a: Starmie.|Slowbro, M|301\/394 brn
|move|p1a: Gliscor|Knock Off|p2a: Starmie.
|-supereffective|p2a: Starmie.
|-damage|p2a: Starmie.|233\/394 brn
|
|-damage|p2a: Starmie.|184\/394 brn|[from] brn
|turn|104
|
|switch|p2a: Honchkrow.|Mandibuzz, F|300\/423
|move|p1a: Gliscor|Taunt|p2a: Honchkrow.
|-start|p2a: Honchkrow.|move: Taunt
|
|turn|105
|
|switch|p2a: Starmie.|Slowbro, M|315\/394 brn
|move|p1a: Gliscor|Knock Off|p2a: Starmie.
|-supereffective|p2a: Starmie.
|-damage|p2a: Starmie.|247\/394 brn
|
|-damage|p2a: Starmie.|198\/394 brn|[from] brn
|turn|106
|
|move|p1a: Gliscor|Taunt|p2a: Starmie.
|-start|p2a: Starmie.|move: Taunt
|cant|p2a: Starmie.|move: Taunt|Slack Off
|
|-damage|p2a: Starmie.|149\/394 brn|[from] brn
|turn|107
|
|switch|p2a: Honchkrow.|Mandibuzz, F|300\/423
|move|p1a: Gliscor|Knock Off|p2a: Honchkrow.
|-resisted|p2a: Honchkrow.
|-damage|p2a: Honchkrow.|280\/423
|
|turn|108
|
|move|p1a: Gliscor|Taunt|p2a: Honchkrow.
|-start|p2a: Honchkrow.|move: Taunt
|cant|p2a: Honchkrow.|move: Taunt|Defog
|
|turn|109
|
|switch|p2a: Starmie.|Slowbro, M|280\/394 brn
|move|p1a: Gliscor|Knock Off|p2a: Starmie.
|-supereffective|p2a: Starmie.
|-damage|p2a: Starmie.|210\/394 brn
|
|-damage|p2a: Starmie.|161\/394 brn|[from] brn
|turn|110
|
|switch|p2a: Honchkrow.|Mandibuzz, F|280\/423
|move|p1a: Gliscor|Taunt|p2a: Honchkrow.
|-start|p2a: Honchkrow.|move: Taunt
|
|turn|111
|
|switch|p2a: Starmie.|Slowbro, M|292\/394 brn
|move|p1a: Gliscor|Knock Off|p2a: Starmie.
|-supereffective|p2a: Starmie.
|-damage|p2a: Starmie.|228\/394 brn
|
|-damage|p2a: Starmie.|179\/394 brn|[from] brn
|turn|112
|
|switch|p2a: Honchkrow.|Mandibuzz, F|280\/423
|move|p1a: Gliscor|Knock Off|p2a: Honchkrow.
|-resisted|p2a: Honchkrow.
|-damage|p2a: Honchkrow.|262\/423
|
|turn|113
|
|move|p1a: Gliscor|Taunt|p2a: Honchkrow.
|-start|p2a: Honchkrow.|move: Taunt
|cant|p2a: Honchkrow.|move: Taunt|Defog
|
|turn|114
|
|switch|p2a: Starmie.|Slowbro, M|310\/394 brn
|move|p1a: Gliscor|Knock Off|p2a: Starmie.
|-supereffective|p2a: Starmie.
|-damage|p2a: Starmie.|242\/394 brn
|
|-damage|p2a: Starmie.|193\/394 brn|[from] brn
|turn|115
|
|move|p1a: Gliscor|Knock Off|p2a: Starmie.
|-supereffective|p2a: Starmie.
|-damage|p2a: Starmie.|123\/394 brn
|move|p2a: Starmie.|Slack Off|p2a: Starmie.
|-heal|p2a: Starmie.|320\/394 brn
|
|-damage|p2a: Starmie.|271\/394 brn|[from] brn
|turn|116
|
|move|p1a: Gliscor|Knock Off|p2a: Starmie.
|-supereffective|p2a: Starmie.
|-damage|p2a: Starmie.|201\/394 brn
|move|p2a: Starmie.|Calm Mind|p2a: Starmie.
|-boost|p2a: Starmie.|spa|1
|-boost|p2a: Starmie.|spd|1
|
|-damage|p2a: Starmie.|152\/394 brn|[from] brn
|turn|117
|
|move|p1a: Gliscor|Taunt|p2a: Starmie.
|-start|p2a: Starmie.|move: Taunt
|move|p2a: Starmie.|Scald|p1a: Gliscor
|-supereffective|p1a: Gliscor
|-damage|p1a: Gliscor|114\/354 tox
|
|-heal|p1a: Gliscor|158\/354 tox|[from] ability: Poison Heal
|-damage|p2a: Starmie.|103\/394 brn|[from] brn
|turn|118
|
|switch|p2a: Honchkrow.|Mandibuzz, F|262\/423
|move|p1a: Gliscor|Roost|p1a: Gliscor
|-heal|p1a: Gliscor|335\/354 tox
|
|-heal|p1a: Gliscor|354\/354 tox|[from] ability: Poison Heal
|turn|119
|
|move|p1a: Gliscor|Taunt|p2a: Honchkrow.
|-start|p2a: Honchkrow.|move: Taunt
|cant|p2a: Honchkrow.|move: Taunt|Roost
|
|turn|120
|
|switch|p2a: Starmie.|Slowbro, M|234\/394 brn
|move|p1a: Gliscor|Knock Off|p2a: Starmie.
|-supereffective|p2a: Starmie.
|-damage|p2a: Starmie.|164\/394 brn
|
|-damage|p2a: Starmie.|115\/394 brn|[from] brn
|turn|121
|
|move|p1a: Gliscor|Taunt|p2a: Starmie.
|-start|p2a: Starmie.|move: Taunt
|cant|p2a: Starmie.|move: Taunt|Slack Off
|
|-damage|p2a: Starmie.|66\/394 brn|[from] brn
|turn|122
|
|switch|p2a: Honchkrow.|Mandibuzz, F|262\/423
|move|p1a: Gliscor|Knock Off|p2a: Honchkrow.
|-crit|p2a: Honchkrow.
|-resisted|p2a: Honchkrow.
|-damage|p2a: Honchkrow.|234\/423
|
|turn|123
|
|move|p1a: Gliscor|Taunt|p2a: Honchkrow.
|-start|p2a: Honchkrow.|move: Taunt
|cant|p2a: Honchkrow.|move: Taunt|Roost
|
|turn|124
|
|switch|p2a: Starmie.|Slowbro, M|197\/394 brn
|move|p1a: Gliscor|Earthquake|p2a: Starmie.
|-crit|p2a: Starmie.
|-damage|p2a: Starmie.|71\/394 brn
|
|-damage|p2a: Starmie.|22\/394 brn|[from] brn
|turn|125
|
|switch|p2a: Honchkrow.|Mandibuzz, F|234\/423
|move|p1a: Gliscor|Knock Off|p2a: Honchkrow.
|-resisted|p2a: Honchkrow.
|-damage|p2a: Honchkrow.|216\/423
|
|turn|126
|
|switch|p2a: Starmie.|Slowbro, M|153\/394 brn
|move|p1a: Gliscor|Taunt|p2a: Starmie.
|-start|p2a: Starmie.|move: Taunt
|
|-damage|p2a: Starmie.|104\/394 brn|[from] brn
|turn|127
|
|switch|p2a: Honchkrow.|Mandibuzz, F|216\/423
|move|p1a: Gliscor|Knock Off|p2a: Honchkrow.
|-resisted|p2a: Honchkrow.
|-damage|p2a: Honchkrow.|197\/423
|
|turn|128
|
|switch|p2a: Starmie.|Slowbro, M|235\/394 brn
|move|p1a: Gliscor|Taunt|p2a: Starmie.
|-start|p2a: Starmie.|move: Taunt
|
|-damage|p2a: Starmie.|186\/394 brn|[from] brn
|turn|129
|
|switch|p2a: Honchkrow.|Mandibuzz, F|197\/423
|move|p1a: Gliscor|Knock Off|p2a: Honchkrow.
|-crit|p2a: Honchkrow.
|-resisted|p2a: Honchkrow.
|-damage|p2a: Honchkrow.|169\/423
|
|turn|130
|
|switch|p2a: Starmie.|Slowbro, M|317\/394 brn
|move|p1a: Gliscor|Taunt|p2a: Starmie.
|-start|p2a: Starmie.|move: Taunt
|
|-damage|p2a: Starmie.|268\/394 brn|[from] brn
|turn|131
|
|move|p1a: Gliscor|Earthquake|p2a: Starmie.
|-damage|p2a: Starmie.|192\/394 brn
|move|p2a: Starmie.|Scald|p1a: Gliscor
|-supereffective|p1a: Gliscor
|-damage|p1a: Gliscor|184\/354 tox
|
|-heal|p1a: Gliscor|228\/354 tox|[from] ability: Poison Heal
|-damage|p2a: Starmie.|143\/394 brn|[from] brn
|turn|132
|
|switch|p2a: Honchkrow.|Mandibuzz, F|169\/423
|move|p1a: Gliscor|Taunt|p2a: Honchkrow.
|-start|p2a: Honchkrow.|move: Taunt
|
|-heal|p1a: Gliscor|272\/354 tox|[from] ability: Poison Heal
|turn|133
|
|switch|p2a: Starmie.|Slowbro, M|274\/394 brn
|move|p1a: Gliscor|Earthquake|p2a: Starmie.
|-damage|p2a: Starmie.|201\/394 brn
|
|-heal|p1a: Gliscor|316\/354 tox|[from] ability: Poison Heal
|-damage|p2a: Starmie.|152\/394 brn|[from] brn
|turn|134
|
|switch|p2a: Honchkrow.|Mandibuzz, F|169\/423
|move|p1a: Gliscor|Taunt|p2a: Honchkrow.
|-start|p2a: Honchkrow.|move: Taunt
|
|-heal|p1a: Gliscor|354\/354 tox|[from] ability: Poison Heal
|turn|135
|
|switch|p1a: Skarmory|Skarmory, F|200\/334
|switch|p2a: Starmie.|Slowbro, M|283\/394 brn
|
|-damage|p2a: Starmie.|234\/394 brn|[from] brn
|turn|136
|
|switch|p2a: Honchkrow.|Mandibuzz, F|169\/423
|move|p1a: Skarmory|Whirlwind|p2a: Honchkrow.
|drag|p2a: Starmie.|Slowbro, M|365\/394 brn
|
|-damage|p2a: Starmie.|316\/394 brn|[from] brn
|turn|137
|
|switch|p1a: Gliscor|Gliscor, M|354\/354 tox
|switch|p2a: Honchkrow.|Mandibuzz, F|169\/423
|
|turn|138
|
|move|p1a: Gliscor|Taunt|p2a: Honchkrow.
|-start|p2a: Honchkrow.|move: Taunt
|cant|p2a: Honchkrow.|move: Taunt|Roost
|
|turn|139
|
|switch|p2a: Starmie.|Slowbro, M|394\/394 brn
|move|p1a: Gliscor|Earthquake|p2a: Starmie.
|-crit|p2a: Starmie.
|-damage|p2a: Starmie.|277\/394 brn
|
|-damage|p2a: Starmie.|228\/394 brn|[from] brn
|turn|140
|
|move|p1a: Gliscor|Earthquake|p2a: Starmie.
|-damage|p2a: Starmie.|150\/394 brn
|move|p2a: Starmie.|Slack Off|p2a: Starmie.
|-heal|p2a: Starmie.|347\/394 brn
|
|-damage|p2a: Starmie.|298\/394 brn|[from] brn
|turn|141
|
|move|p1a: Gliscor|Taunt|p2a: Starmie.
|-start|p2a: Starmie.|move: Taunt
|move|p2a: Starmie.|Scald|p1a: Gliscor
|-supereffective|p1a: Gliscor
|-damage|p1a: Gliscor|202\/354 tox
|
|-heal|p1a: Gliscor|246\/354 tox|[from] ability: Poison Heal
|-damage|p2a: Starmie.|249\/394 brn|[from] brn
|turn|142
|
|move|p1a: Gliscor|Earthquake|p2a: Starmie.
|-damage|p2a: Starmie.|173\/394 brn
|move|p2a: Starmie.|Scald|p1a: Gliscor
|-supereffective|p1a: Gliscor
|-damage|p1a: Gliscor|70\/354 tox
|
|-heal|p1a: Gliscor|114\/354 tox|[from] ability: Poison Heal
|-damage|p2a: Starmie.|124\/394 brn|[from] brn
|turn|143
|
|switch|p2a: Honchkrow.|Mandibuzz, F|169\/423
|move|p1a: Gliscor|Roost|p1a: Gliscor
|-heal|p1a: Gliscor|291\/354 tox
|
|-heal|p1a: Gliscor|335\/354 tox|[from] ability: Poison Heal
|turn|144
|
|switch|p2a: Starmie.|Slowbro, M|255\/394 brn
|move|p1a: Gliscor|Taunt|p2a: Starmie.
|-start|p2a: Starmie.|move: Taunt
|
|-heal|p1a: Gliscor|354\/354 tox|[from] ability: Poison Heal
|-damage|p2a: Starmie.|206\/394 brn|[from] brn
|turn|145
|
|switch|p1a: Sableye|Sableye-Mega, F|190\/304
|switch|p2a: Honchkrow.|Mandibuzz, F|169\/423
|
|turn|146
|
|switch|p2a: Starmie.|Slowbro, M|337\/394 brn
|move|p1a: Sableye|Will-O-Wisp|p2a: Starmie.
|-fail|p2a: Starmie.|brn
|
|-damage|p2a: Starmie.|288\/394 brn|[from] brn
|turn|147
|
|switch|p1a: Gliscor|Gliscor, M|354\/354 tox
|move|p2a: Starmie.|Scald|p1a: Gliscor
|-supereffective|p1a: Gliscor
|-damage|p1a: Gliscor|198\/354 tox
|
|-heal|p1a: Gliscor|242\/354 tox|[from] ability: Poison Heal
|-damage|p2a: Starmie.|239\/394 brn|[from] brn
|turn|148
|
|move|p1a: Gliscor|Knock Off|p2a: Starmie.
|-supereffective|p2a: Starmie.
|-damage|p2a: Starmie.|169\/394 brn
|move|p2a: Starmie.|Scald|p1a: Gliscor
|-supereffective|p1a: Gliscor
|-damage|p1a: Gliscor|72\/354 tox
|
|-heal|p1a: Gliscor|116\/354 tox|[from] ability: Poison Heal
|-damage|p2a: Starmie.|120\/394 brn|[from] brn
|turn|149
|
|switch|p2a: Honchkrow.|Mandibuzz, F|169\/423
|move|p1a: Gliscor|Roost|p1a: Gliscor
|-heal|p1a: Gliscor|293\/354 tox
|
|-heal|p1a: Gliscor|337\/354 tox|[from] ability: Poison Heal
|turn|150
|
|move|p1a: Gliscor|Taunt|p2a: Honchkrow.
|-start|p2a: Honchkrow.|move: Taunt
|cant|p2a: Honchkrow.|move: Taunt|Roost
|
|-heal|p1a: Gliscor|354\/354 tox|[from] ability: Poison Heal
|turn|151
|
|switch|p1a: Skarmory|Skarmory, F|200\/334
|switch|p2a: Starmie.|Slowbro, M|251\/394 brn
|
|-damage|p2a: Starmie.|202\/394 brn|[from] brn
|turn|152
|
|switch|p2a: Honchkrow.|Mandibuzz, F|169\/423
|move|p1a: Skarmory|Stealth Rock|p2a: Honchkrow.
|-sidestart|p2: Aegislash Returns|move: Stealth Rock
|
|turn|153
|
|move|p2a: Honchkrow.|Defog|p1a: Skarmory
|-unboost|p1a: Skarmory|evasion|1
|-sideend|p2: Aegislash Returns|Toxic Spikes|[from] move: Defog|[of] p2a: Honchkrow.
|-sideend|p2: Aegislash Returns|Stealth Rock|[from] move: Defog|[of] p2a: Honchkrow.
|move|p1a: Skarmory|Stealth Rock|p2a: Honchkrow.
|-sidestart|p2: Aegislash Returns|move: Stealth Rock
|
|turn|154
|
|move|p2a: Honchkrow.|Defog|p1a: Skarmory
|-unboost|p1a: Skarmory|evasion|1
|-sideend|p2: Aegislash Returns|Stealth Rock|[from] move: Defog|[of] p2a: Honchkrow.
|move|p1a: Skarmory|Roost|p1a: Skarmory
|-heal|p1a: Skarmory|334\/334
|
|turn|155
|
|move|p2a: Honchkrow.|Roost|p2a: Honchkrow.
|-heal|p2a: Honchkrow.|381\/423
|move|p1a: Skarmory|Stealth Rock|p2a: Honchkrow.
|-sidestart|p2: Aegislash Returns|move: Stealth Rock
|
|turn|156
|
|switch|p1a: Sableye|Sableye-Mega, F|190\/304
|move|p2a: Honchkrow.|Defog|p1a: Sableye
|move|p1a: Sableye|Defog|p2a: Honchkrow.|[from]Magic Bounce
|-unboost|p2a: Honchkrow.|evasion|1
|-sideend|p2: Aegislash Returns|Stealth Rock|[from] move: Defog|[of] p2a: Honchkrow.
|
|turn|157
|
|switch|p2a: Starmie.|Slowbro, M|333\/394 brn
|move|p1a: Sableye|Taunt|p2a: Starmie.
|-start|p2a: Starmie.|move: Taunt
|
|-damage|p2a: Starmie.|284\/394 brn|[from] brn
|turn|158
|
|switch|p1a: Gliscor|Gliscor, M|354\/354 tox
|move|p2a: Starmie.|Scald|p1a: Gliscor
|-supereffective|p1a: Gliscor
|-damage|p1a: Gliscor|192\/354 tox
|
|-heal|p1a: Gliscor|236\/354 tox|[from] ability: Poison Heal
|-damage|p2a: Starmie.|235\/394 brn|[from] brn
|turn|159
|
|switch|p2a: Honchkrow.|Mandibuzz, F|381\/423
|move|p1a: Gliscor|Earthquake|p2a: Honchkrow.
|-immune|p2a: Honchkrow.|[msg]
|
|-heal|p1a: Gliscor|280\/354 tox|[from] ability: Poison Heal
|turn|160
|
|switch|p1a: Tentacruel|Tentacruel, F|155\/363
|switch|p2a: Starmie.|Slowbro, M|366\/394 brn
|
|-heal|p1a: Tentacruel|177\/363|[from] item: Black Sludge
|-damage|p2a: Starmie.|317\/394 brn|[from] brn
|turn|161
|
|switch|p1a: Sableye|Sableye-Mega, F|190\/304
|move|p2a: Starmie.|Calm Mind|p2a: Starmie.
|-boost|p2a: Starmie.|spa|1
|-boost|p2a: Starmie.|spd|1
|
|-damage|p2a: Starmie.|268\/394 brn|[from] brn
|turn|162
|
|move|p2a: Starmie.|Scald|p1a: Sableye
|-damage|p1a: Sableye|70\/304
|move|p1a: Sableye|Taunt|p2a: Starmie.
|-start|p2a: Starmie.|move: Taunt
|
|-damage|p2a: Starmie.|219\/394 brn|[from] brn
|turn|163
|
|switch|p1a: Clefable|Clefable, F|48\/394
|move|p2a: Starmie.|Scald|p1a: Clefable
|-damage|p1a: Clefable|0 fnt
|faint|p1a: Clefable
|
|-damage|p2a: Starmie.|170\/394 brn|[from] brn
|
|switch|p1a: Gliscor|Gliscor, M|280\/354 tox
|turn|164
|
|move|p1a: Gliscor|Earthquake|p2a: Starmie.
|-damage|p2a: Starmie.|86\/394 brn
|move|p2a: Starmie.|Scald|p1a: Gliscor
|-supereffective|p1a: Gliscor
|-damage|p1a: Gliscor|28\/354 tox
|
|-heal|p1a: Gliscor|72\/354 tox|[from] ability: Poison Heal
|-damage|p2a: Starmie.|37\/394 brn|[from] brn
|turn|165
|
|switch|p1a: Skarmory|Skarmory, F|334\/334
|switch|p2a: Honchkrow.|Mandibuzz, F|381\/423
|
|turn|166
|
|move|p2a: Honchkrow.|Foul Play|p1a: Skarmory
|-damage|p1a: Skarmory|291\/334
|move|p1a: Skarmory|Stealth Rock|p2a: Honchkrow.
|-sidestart|p2: Aegislash Returns|move: Stealth Rock
|
|turn|167
|
|move|p2a: Honchkrow.|Defog|p1a: Skarmory
|-unboost|p1a: Skarmory|evasion|1
|-sideend|p2: Aegislash Returns|Stealth Rock|[from] move: Defog|[of] p2a: Honchkrow.
|move|p1a: Skarmory|Stealth Rock|p2a: Honchkrow.
|-sidestart|p2: Aegislash Returns|move: Stealth Rock
|
|turn|168
|
|move|p2a: Honchkrow.|Foul Play|p1a: Skarmory
|-damage|p1a: Skarmory|249\/334
|move|p1a: Skarmory|Stealth Rock|p2a: Honchkrow.
|-fail|p2a: Honchkrow.
|
|turn|169
|
|switch|p1a: Tentacruel|Tentacruel, F|177\/363
|move|p2a: Honchkrow.|Defog|p1a: Tentacruel
|-unboost|p1a: Tentacruel|evasion|1
|-sideend|p2: Aegislash Returns|Stealth Rock|[from] move: Defog|[of] p2a: Honchkrow.
|
|-heal|p1a: Tentacruel|199\/363|[from] item: Black Sludge
|turn|170
|
|switch|p2a: Wobbuffet.|Gothitelle, F|301\/301
|move|p1a: Tentacruel|Acid Spray|p2a: Wobbuffet.
|-damage|p2a: Wobbuffet.|268\/301
|-unboost|p2a: Wobbuffet.|spd|2
|
|-heal|p1a: Tentacruel|221\/363|[from] item: Black Sludge
|turn|171
|
|move|p2a: Wobbuffet.|Psychic|p1a: Tentacruel
|-supereffective|p1a: Tentacruel
|-damage|p1a: Tentacruel|23\/363
|move|p1a: Tentacruel|Scald|p2a: Wobbuffet.
|-damage|p2a: Wobbuffet.|135\/301
|-status|p2a: Wobbuffet.|brn
|
|-heal|p1a: Tentacruel|45\/363|[from] item: Black Sludge
|-damage|p2a: Wobbuffet.|98\/301 brn|[from] brn
|turn|172
|
|move|p2a: Wobbuffet.|Psychic|p1a: Tentacruel
|-supereffective|p1a: Tentacruel
|-damage|p1a: Tentacruel|0 fnt
|faint|p1a: Tentacruel
|
|-damage|p2a: Wobbuffet.|61\/301 brn|[from] brn
|
|switch|p1a: Skarmory|Skarmory, F|249\/334
|turn|173
|
|switch|p2a: Blissey.|Chansey, F|480\/642
|move|p1a: Skarmory|Stealth Rock|p2a: Blissey.
|-sidestart|p2: Aegislash Returns|move: Stealth Rock
|
|turn|174
|
|move|p1a: Skarmory|Spikes|p2a: Blissey.
|-sidestart|p2: Aegislash Returns|Spikes
|move|p2a: Blissey.|Heal Bell|p2a: Blissey.
|-cureteam|p2a: Blissey.|[from] move: HealBell
|
|turn|175
|
|switch|p2a: Honchkrow.|Mandibuzz, F|381\/423
|-damage|p2a: Honchkrow.|276\/423|[from] Stealth Rock
|move|p1a: Skarmory|Spikes|p2a: Honchkrow.
|-sidestart|p2: Aegislash Returns|Spikes
|
|turn|176
|
|move|p2a: Honchkrow.|Defog|p1a: Skarmory
|-unboost|p1a: Skarmory|evasion|1
|-sideend|p2: Aegislash Returns|Spikes|[from] move: Defog|[of] p2a: Honchkrow.
|-sideend|p2: Aegislash Returns|Stealth Rock|[from] move: Defog|[of] p2a: Honchkrow.
|move|p1a: Skarmory|Stealth Rock|p2a: Honchkrow.
|-sidestart|p2: Aegislash Returns|move: Stealth Rock
|
|turn|177
|
|move|p2a: Honchkrow.|Defog|p1a: Skarmory
|-unboost|p1a: Skarmory|evasion|1
|-sideend|p2: Aegislash Returns|Stealth Rock|[from] move: Defog|[of] p2a: Honchkrow.
|move|p1a: Skarmory|Stealth Rock|p2a: Honchkrow.
|-sidestart|p2: Aegislash Returns|move: Stealth Rock
|
|turn|178
|
|move|p2a: Honchkrow.|Defog|p1a: Skarmory
|-unboost|p1a: Skarmory|evasion|1
|-sideend|p2: Aegislash Returns|Stealth Rock|[from] move: Defog|[of] p2a: Honchkrow.
|move|p1a: Skarmory|Stealth Rock|p2a: Honchkrow.
|-sidestart|p2: Aegislash Returns|move: Stealth Rock
|
|turn|179
|
|move|p2a: Honchkrow.|Roost|p2a: Honchkrow.
|-heal|p2a: Honchkrow.|423\/423
|move|p1a: Skarmory|Spikes|p2a: Honchkrow.
|-sidestart|p2: Aegislash Returns|Spikes
|
|turn|180
|
|move|p2a: Honchkrow.|Defog|p1a: Skarmory
|-unboost|p1a: Skarmory|evasion|1
|-sideend|p2: Aegislash Returns|Spikes|[from] move: Defog|[of] p2a: Honchkrow.
|-sideend|p2: Aegislash Returns|Stealth Rock|[from] move: Defog|[of] p2a: Honchkrow.
|move|p1a: Skarmory|Stealth Rock|p2a: Honchkrow.
|-sidestart|p2: Aegislash Returns|move: Stealth Rock
|
|turn|181
|
|switch|p2a: Swampert.|Quagsire, M|394\/394
|-damage|p2a: Swampert.|370\/394|[from] Stealth Rock
|move|p1a: Skarmory|Stealth Rock|p2a: Swampert.
|-fail|p2a: Swampert.
|
|-heal|p2a: Swampert.|394\/394|[from] item: Leftovers
|turn|182
|
|move|p1a: Skarmory|Roost|p1a: Skarmory
|-heal|p1a: Skarmory|334\/334
|move|p2a: Swampert.|Scald|p1a: Skarmory
|-damage|p1a: Skarmory|237\/334
|-status|p1a: Skarmory|brn
|
|-damage|p1a: Skarmory|196\/334 brn|[from] brn
|turn|183
|
|move|p2a: Swampert.|Scald|p1a: Skarmory
|-damage|p1a: Skarmory|109\/334 brn
|move|p1a: Skarmory|Whirlwind|p2a: Swampert.
|drag|p2a: Honchkrow.|Mandibuzz, F|423\/423
|-damage|p2a: Honchkrow.|318\/423|[from] Stealth Rock
|
|-damage|p1a: Skarmory|68\/334 brn|[from] brn
|turn|184
|
|switch|p2a: Starmie.|Slowbro, M|168\/394
|-damage|p2a: Starmie.|119\/394|[from] Stealth Rock
|switch|p1a: Gliscor|Gliscor, M|72\/354 tox
|
|-heal|p1a: Gliscor|116\/354 tox|[from] ability: Poison Heal
|turn|185
|
|move|p1a: Gliscor|Roost|p1a: Gliscor
|-heal|p1a: Gliscor|293\/354 tox
|move|p2a: Starmie.|Slack Off|p2a: Starmie.
|-heal|p2a: Starmie.|316\/394
|
|-heal|p1a: Gliscor|337\/354 tox|[from] ability: Poison Heal
|turn|186
|
|detailschange|p2a: Starmie.|Slowbro-Mega, M
|-mega|p2a: Starmie.|Slowbro|Slowbronite
|move|p1a: Gliscor|Taunt|p2a: Starmie.
|-start|p2a: Starmie.|move: Taunt
|move|p2a: Starmie.|Scald|p1a: Gliscor
|-crit|p1a: Gliscor
|-supereffective|p1a: Gliscor
|-damage|p1a: Gliscor|25\/354 tox
|
|-heal|p1a: Gliscor|69\/354 tox|[from] ability: Poison Heal
|turn|187
|
|move|p1a: Gliscor|Roost|p1a: Gliscor
|-heal|p1a: Gliscor|246\/354 tox
|move|p2a: Starmie.|Scald|p1a: Gliscor
|-supereffective|p1a: Gliscor
|-damage|p1a: Gliscor|34\/354 tox
|
|-heal|p1a: Gliscor|78\/354 tox|[from] ability: Poison Heal
|turn|188
|
|move|p1a: Gliscor|Roost|p1a: Gliscor
|-heal|p1a: Gliscor|255\/354 tox
|move|p2a: Starmie.|Scald|p1a: Gliscor
|-supereffective|p1a: Gliscor
|-damage|p1a: Gliscor|37\/354 tox
|
|-heal|p1a: Gliscor|81\/354 tox|[from] ability: Poison Heal
|-end|p2a: Starmie.|move: Taunt
|turn|189
|
|move|p1a: Gliscor|Roost|p1a: Gliscor
|-heal|p1a: Gliscor|258\/354 tox
|move|p2a: Starmie.|Scald|p1a: Gliscor
|-supereffective|p1a: Gliscor
|-damage|p1a: Gliscor|64\/354 tox
|
|-heal|p1a: Gliscor|108\/354 tox|[from] ability: Poison Heal
|turn|190
|
|move|p1a: Gliscor|Roost|p1a: Gliscor
|-heal|p1a: Gliscor|285\/354 tox
|move|p2a: Starmie.|Calm Mind|p2a: Starmie.
|-boost|p2a: Starmie.|spa|1
|-boost|p2a: Starmie.|spd|1
|
|-heal|p1a: Gliscor|329\/354 tox|[from] ability: Poison Heal
|turn|191
|
|switch|p1a: Sableye|Sableye-Mega, F|70\/304
|move|p2a: Starmie.|Psyshock|p1a: Sableye
|-immune|p1a: Sableye|[msg]
|
|turn|192
|
|move|p2a: Starmie.|Scald|p1a: Sableye
|-damage|p1a: Sableye|0 fnt
|faint|p1a: Sableye
|
|
|switch|p1a: Skarmory|Skarmory, F|68\/334 brn
|turn|193
|
|move|p2a: Starmie.|Scald|p1a: Skarmory
|-damage|p1a: Skarmory|0 fnt
|faint|p1a: Skarmory
|
|c|âAegislash Returns|gg
|
|switch|p1a: Gliscor|Gliscor, M|329\/354 tox
|turn|194
|c|âJiaShengz|gg
|
|move|p1a: Gliscor|Earthquake|p2a: Starmie.
|-damage|p2a: Starmie.|262\/394
|move|p2a: Starmie.|Psyshock|p1a: Gliscor
|-damage|p1a: Gliscor|190\/354 tox
|
|-heal|p1a: Gliscor|234\/354 tox|[from] ability: Poison Heal
|turn|195
|
|move|p1a: Gliscor|Roost|p1a: Gliscor
|-heal|p1a: Gliscor|354\/354 tox
|move|p2a: Starmie.|Psyshock|p1a: Gliscor
|-damage|p1a: Gliscor|200\/354 tox
|
|-heal|p1a: Gliscor|244\/354 tox|[from] ability: Poison Heal
|turn|196
|
|move|p1a: Gliscor|Taunt|p2a: Starmie.
|-start|p2a: Starmie.|move: Taunt
|cant|p2a: Starmie.|move: Taunt|Calm Mind
|
|-heal|p1a: Gliscor|288\/354 tox|[from] ability: Poison Heal
|turn|197
|
|move|p1a: Gliscor|Earthquake|p2a: Starmie.
|-damage|p2a: Starmie.|213\/394
|move|p2a: Starmie.|Psyshock|p1a: Gliscor
|-damage|p1a: Gliscor|152\/354 tox
|
|-heal|p1a: Gliscor|196\/354 tox|[from] ability: Poison Heal
|turn|198
|
|move|p1a: Gliscor|Roost|p1a: Gliscor
|-heal|p1a: Gliscor|354\/354 tox
|move|p2a: Starmie.|Psyshock|p1a: Gliscor
|-damage|p1a: Gliscor|215\/354 tox
|
|-heal|p1a: Gliscor|259\/354 tox|[from] ability: Poison Heal
|-end|p2a: Starmie.|move: Taunt
|turn|199
|c|âJiaShengz|gg
|c|âAegislash Returns|gg lol
|
|move|p1a: Gliscor|Earthquake|p2a: Starmie.
|-damage|p2a: Starmie.|156\/394
|move|p2a: Starmie.|Psyshock|p1a: Gliscor
|-damage|p1a: Gliscor|115\/354 tox
|
|-heal|p1a: Gliscor|159\/354 tox|[from] ability: Poison Heal
|turn|200
|
|move|p1a: Gliscor|Taunt|p2a: Starmie.
|-start|p2a: Starmie.|move: Taunt
|cant|p2a: Starmie.|move: Taunt|Calm Mind
|
|-heal|p1a: Gliscor|203\/354 tox|[from] ability: Poison Heal
|turn|201
|
|move|p1a: Gliscor|Roost|p1a: Gliscor
|-heal|p1a: Gliscor|354\/354 tox
|move|p2a: Starmie.|Psyshock|p1a: Gliscor
|-damage|p1a: Gliscor|213\/354 tox
|
|-heal|p1a: Gliscor|257\/354 tox|[from] ability: Poison Heal
|turn|202
|
|move|p1a: Gliscor|Knock Off|p2a: Starmie.
|-supereffective|p2a: Starmie.
|-damage|p2a: Starmie.|112\/394
|move|p2a: Starmie.|Psyshock|p1a: Gliscor
|-damage|p1a: Gliscor|115\/354 tox
|
|-heal|p1a: Gliscor|159\/354 tox|[from] ability: Poison Heal
|-end|p2a: Starmie.|move: Taunt
|turn|203
|
|move|p1a: Gliscor|Taunt|p2a: Starmie.
|-start|p2a: Starmie.|move: Taunt
|move|p2a: Starmie.|Scald|p1a: Gliscor
|-supereffective|p1a: Gliscor
|-damage|p1a: Gliscor|0 fnt
|faint|p1a: Gliscor
|
|win|Aegislash Returns
|raw|Ladder updating...
|raw|JiaShengz's rating: 1517 &rarr; <strong>1496<\/strong><br \/>(-21 for losing)
|raw|Aegislash Returns's rating: 1502 &rarr; <strong>1523<\/strong><br \/>(+21 for winning)
|c|âJiaShengz|gg
|c|âAegislash Returns|gg
|leave|JiaShengz
|player|p1