|join|JiaShengz
|join|NME THATSAplusONE
|c|âNME THATSAplusONE|glhf
|player|p1|JiaShengz|168
|player|p2|NME THATSAplusONE|291
|gametype|singles
|gen|6
|tier|OU (suspect test)
|rated
|clearpoke
|poke|p1|Chansey, F
|poke|p1|Clefable, M
|poke|p1|Sableye, F
|poke|p1|Heatran, M
|poke|p1|Tentacruel, F
|poke|p1|Chesnaught, M
|poke|p2|Latios, M
|poke|p2|Keldeo-Resolute
|poke|p2|Scizor, M
|poke|p2|Talonflame, F
|poke|p2|Suicune
|poke|p2|Thundurus-Therian, M
|rule|Swagger Clause: Swagger is banned
|rule|Baton Pass Clause: Limit one PokÃ©mon knowing Baton Pass
|rule|Sleep Clause Mod: Limit one foe put to sleep
|rule|Species Clause: Limit one of each PokÃ©mon
|rule|OHKO Clause: OHKO moves are banned
|rule|Moody Clause: Moody is banned
|rule|Evasion Moves Clause: Evasion moves are banned
|rule|Endless Battle Clause: Forcing endless battles is banned
|rule|HP Percentage Mod: HP is shown in percentages
|teampreview
|
|start
|switch|p1a: Sableye|Sableye, F|304\/304
|switch|p2a: Suicune|Suicune|404\/404
|-ability|p2a: Suicune|Pressure
|turn|1
|join|jake5
|
|detailschange|p1a: Sableye|Sableye-Mega, F
|-mega|p1a: Sableye|Sableye|Sablenite
|move|p2a: Suicune|Scald|p1a: Sableye
|-damage|p1a: Sableye|223\/304
|move|p1a: Sableye|Knock Off|p2a: Suicune
|-crit|p2a: Suicune
|-damage|p2a: Suicune|304\/404
|-enditem|p2a: Suicune|Leftovers|[from] move: Knock Off|[of] p1a: Sableye
|
|turn|2
|c|âNME THATSAplusONE|nice team man
|
|switch|p1a: Tentacruel|Tentacruel, F|361\/361
|move|p2a: Suicune|Calm Mind|p2a: Suicune
|-boost|p2a: Suicune|spa|1
|-boost|p2a: Suicune|spd|1
|
|turn|3
|c|âNME THATSAplusONE|really cool to see some off meta picks in there
|c|âJiaShengz|thx
|
|move|p1a: Tentacruel|Toxic Spikes|p2a: Suicune
|-sidestart|p2: NME THATSAplusONE|move: Toxic Spikes
|move|p2a: Suicune|Scald|p1a: Tentacruel
|-resisted|p1a: Tentacruel
|-damage|p1a: Tentacruel|304\/361
|
|-heal|p1a: Tentacruel|326\/361|[from] item: Black Sludge
|turn|4
|
|move|p1a: Tentacruel|Toxic Spikes|p2a: Suicune
|-sidestart|p2: NME THATSAplusONE|move: Toxic Spikes
|move|p2a: Suicune|Calm Mind|p2a: Suicune
|-boost|p2a: Suicune|spa|1
|-boost|p2a: Suicune|spd|1
|
|-heal|p1a: Tentacruel|348\/361|[from] item: Black Sludge
|turn|5
|
|switch|p1a: Chansey|Chansey, F|703\/703
|move|p2a: Suicune|Scald|p1a: Chansey
|-damage|p1a: Chansey|598\/703
|-status|p1a: Chansey|brn
|
|-damage|p1a: Chansey|511\/703 brn|[from] brn
|turn|6
|
|switch|p1a: Clefable|Clefable, M|394\/394
|move|p2a: Suicune|Calm Mind|p2a: Suicune
|-boost|p2a: Suicune|spa|1
|-boost|p2a: Suicune|spd|1
|
|turn|7
|
|move|p2a: Suicune|Scald|p1a: Clefable
|-damage|p1a: Clefable|300\/394
|-status|p1a: Clefable|brn
|move|p1a: Clefable|Calm Mind|p1a: Clefable
|-boost|p1a: Clefable|spa|1
|-boost|p1a: Clefable|spd|1
|
|-heal|p1a: Clefable|324\/394 brn|[from] item: Leftovers
|-damage|p1a: Clefable|275\/394 brn|[from] brn
|turn|8
|
|move|p2a: Suicune|Scald|p1a: Clefable
|-damage|p1a: Clefable|214\/394 brn
|move|p1a: Clefable|Moonblast|p2a: Suicune
|-damage|p2a: Suicune|168\/404
|
|-heal|p1a: Clefable|238\/394 brn|[from] item: Leftovers
|-damage|p1a: Clefable|189\/394 brn|[from] brn
|turn|9
|
|move|p2a: Suicune|Scald|p1a: Clefable
|-damage|p1a: Clefable|122\/394 brn
|move|p1a: Clefable|Wish|p1a: Clefable
|
|-heal|p1a: Clefable|146\/394 brn|[from] item: Leftovers
|-damage|p1a: Clefable|97\/394 brn|[from] brn
|turn|10
|
|move|p1a: Clefable|Protect|p1a: Clefable
|-singleturn|p1a: Clefable|Protect
|move|p2a: Suicune|Scald|p1a: Clefable
|-activate|p1a: Clefable|Protect
|
|-heal|p1a: Clefable|294\/394 brn|[from] move: Wish|[wisher] Clefable
|-heal|p1a: Clefable|318\/394 brn|[from] item: Leftovers
|-damage|p1a: Clefable|269\/394 brn|[from] brn
|turn|11
|
|move|p2a: Suicune|Scald|p1a: Clefable
|-damage|p1a: Clefable|209\/394 brn
|move|p1a: Clefable|Moonblast|p2a: Suicune
|-damage|p2a: Suicune|20\/404
|
|-heal|p1a: Clefable|233\/394 brn|[from] item: Leftovers
|-damage|p1a: Clefable|184\/394 brn|[from] brn
|turn|12
|
|move|p2a: Suicune|Rest|p2a: Suicune
|-status|p2a: Suicune|slp
|-heal|p2a: Suicune|404\/404 slp|[silent]
|-status|p2a: Suicune|slp|[from] move: Rest
|move|p1a: Clefable|Wish|p1a: Clefable
|
|-heal|p1a: Clefable|208\/394 brn|[from] item: Leftovers
|-damage|p1a: Clefable|159\/394 brn|[from] brn
|turn|13
|
|cant|p2a: Suicune|slp
|move|p2a: Suicune|Sleep Talk|p2a: Suicune
|move|p2a: Suicune|Scald|p1a: Clefable|[from]Sleep Talk
|-damage|p1a: Clefable|99\/394 brn
|move|p1a: Clefable|Calm Mind|p1a: Clefable
|-boost|p1a: Clefable|spa|1
|-boost|p1a: Clefable|spd|1
|
|-heal|p1a: Clefable|296\/394 brn|[from] move: Wish|[wisher] Clefable
|-heal|p1a: Clefable|320\/394 brn|[from] item: Leftovers
|-damage|p1a: Clefable|271\/394 brn|[from] brn
|turn|14
|
|cant|p2a: Suicune|slp
|move|p2a: Suicune|Sleep Talk|p2a: Suicune
|move|p2a: Suicune|Calm Mind|p2a: Suicune|[from]Sleep Talk
|-boost|p2a: Suicune|spa|1
|-boost|p2a: Suicune|spd|1
|move|p1a: Clefable|Calm Mind|p1a: Clefable
|-boost|p1a: Clefable|spa|1
|-boost|p1a: Clefable|spd|1
|
|-heal|p1a: Clefable|295\/394 brn|[from] item: Leftovers
|-damage|p1a: Clefable|246\/394 brn|[from] brn
|turn|15
|
|-curestatus|p2a: Suicune|slp
|move|p2a: Suicune|Scald|p1a: Clefable
|-damage|p1a: Clefable|209\/394 brn
|move|p1a: Clefable|Moonblast|p2a: Suicune
|-damage|p2a: Suicune|160\/404
|
|-heal|p1a: Clefable|233\/394 brn|[from] item: Leftovers
|-damage|p1a: Clefable|184\/394 brn|[from] brn
|turn|16
|
|switch|p2a: Scizor|Scizor, M|344\/344
|move|p1a: Clefable|Moonblast|p2a: Scizor
|-resisted|p2a: Scizor
|-damage|p2a: Scizor|179\/344
|
|-heal|p2a: Scizor|200\/344|[from] item: Leftovers
|-heal|p1a: Clefable|208\/394 brn|[from] item: Leftovers
|-damage|p1a: Clefable|159\/394 brn|[from] brn
|turn|17
|
|switch|p1a: Sableye|Sableye-Mega, F|223\/304
|move|p2a: Scizor|Bullet Punch|p1a: Sableye
|-damage|p1a: Sableye|144\/304
|
|-heal|p2a: Scizor|221\/344|[from] item: Leftovers
|turn|18
|
|switch|p2a: Suicune|Suicune|160\/404
|-status|p2a: Suicune|tox
|-ability|p2a: Suicune|Pressure
|move|p1a: Sableye|Knock Off|p2a: Suicune
|-damage|p2a: Suicune|114\/404 tox
|
|-damage|p2a: Suicune|89\/404 tox|[from] psn
|turn|19
|
|move|p2a: Suicune|Rest|p2a: Suicune
|-status|p2a: Suicune|slp
|-heal|p2a: Suicune|404\/404 slp|[silent]
|-status|p2a: Suicune|slp|[from] move: Rest
|move|p1a: Sableye|Taunt|p2a: Suicune
|-start|p2a: Suicune|move: Taunt
|
|turn|20
|
|switch|p2a: Keldeo-Resolute|Keldeo-Resolute|323\/323
|-status|p2a: Keldeo-Resolute|tox
|switch|p1a: Chansey|Chansey, F|511\/703
|
|-damage|p2a: Keldeo-Resolute|303\/323 tox|[from] psn
|turn|21
|
|switch|p1a: Tentacruel|Tentacruel, F|348\/361
|move|p2a: Keldeo-Resolute|Secret Sword|p1a: Tentacruel
|-resisted|p1a: Tentacruel
|-damage|p1a: Tentacruel|260\/361
|-damage|p2a: Keldeo-Resolute|271\/323 tox|[from] item: Life Orb
|
|-heal|p1a: Tentacruel|282\/361|[from] item: Black Sludge
|-damage|p2a: Keldeo-Resolute|231\/323 tox|[from] psn
|turn|22
|join|FlamingVictini PB
|
|switch|p2a: Latios|Latios, M|302\/302
|move|p1a: Tentacruel|Knock Off|p2a: Latios
|-supereffective|p2a: Latios
|-damage|p2a: Latios|218\/302
|
|-heal|p1a: Tentacruel|304\/361|[from] item: Black Sludge
|turn|23
|
|switch|p1a: Chansey|Chansey, F|511\/703
|detailschange|p2a: Latios|Latios-Mega, M
|-mega|p2a: Latios|Latios|Latiosite
|move|p2a: Latios|Substitute|p2a: Latios
|-start|p2a: Latios|Substitute
|-damage|p2a: Latios|143\/302
|
|turn|24
|
|move|p2a: Latios|Psyshock|p1a: Chansey
|-damage|p1a: Chansey|303\/703
|move|p1a: Chansey|Heal Bell|p1a: Chansey
|-cureteam|p1a: Chansey|[from] move: HealBell
|
|turn|25
|
|move|p2a: Latios|Psyshock|p1a: Chansey
|-damage|p1a: Chansey|65\/703
|move|p1a: Chansey|Soft-Boiled|p1a: Chansey
|-heal|p1a: Chansey|417\/703
|
|turn|26
|
|move|p2a: Latios|Psyshock|p1a: Chansey
|-damage|p1a: Chansey|213\/703
|move|p1a: Chansey|Soft-Boiled|p1a: Chansey
|-heal|p1a: Chansey|565\/703
|
|turn|27
|
|move|p2a: Latios|Ice Beam|p1a: Chansey
|-damage|p1a: Chansey|487\/703
|-status|p1a: Chansey|frz
|cant|p1a: Chansey|frz
|
|turn|28
|join|Telepath Sabrina
|
|switch|p1a: Heatran|Heatran, M|386\/386
|move|p2a: Latios|Psyshock|p1a: Heatran
|-resisted|p1a: Heatran
|-damage|p1a: Heatran|305\/386
|
|-heal|p1a: Heatran|329\/386|[from] item: Leftovers
|turn|29
|leave|FlamingVictini PB
|
|move|p2a: Latios|Psyshock|p1a: Heatran
|-resisted|p1a: Heatran
|-damage|p1a: Heatran|257\/386
|move|p1a: Heatran|Stealth Rock|p2a: Latios
|-sidestart|p2: NME THATSAplusONE|move: Stealth Rock
|
|-heal|p1a: Heatran|281\/386|[from] item: Leftovers
|turn|30
|
|move|p2a: Latios|Psyshock|p1a: Heatran
|-resisted|p1a: Heatran
|-damage|p1a: Heatran|207\/386
|move|p1a: Heatran|Taunt|p2a: Latios
|-start|p2a: Latios|move: Taunt
|
|-heal|p1a: Heatran|231\/386|[from] item: Leftovers
|turn|31
|
|switch|p1a: Chansey|Chansey, F|487\/703
|move|p2a: Latios|Psyshock|p1a: Chansey
|-damage|p1a: Chansey|249\/703
|
|turn|32
|
|move|p2a: Latios|Psyshock|p1a: Chansey
|-damage|p1a: Chansey|23\/703
|move|p1a: Chansey|Soft-Boiled|p1a: Chansey
|-heal|p1a: Chansey|375\/703
|
|turn|33
|
|move|p2a: Latios|Ice Beam|p1a: Chansey
|-damage|p1a: Chansey|292\/703
|move|p1a: Chansey|Soft-Boiled|p1a: Chansey
|-heal|p1a: Chansey|644\/703
|
|-end|p2a: Latios|move: Taunt
|turn|34
|
|move|p2a: Latios|Ice Beam|p1a: Chansey
|-damage|p1a: Chansey|571\/703
|move|p1a: Chansey|Seismic Toss|p2a: Latios
|-end|p2a: Latios|Substitute
|
|turn|35
|
|switch|p2a: Suicune|Suicune|404\/404 slp
|-damage|p2a: Suicune|354\/404 slp|[from] Stealth Rock
|-ability|p2a: Suicune|Pressure
|move|p1a: Chansey|Seismic Toss|p2a: Suicune
|-damage|p2a: Suicune|254\/404 slp
|
|turn|36
|
|cant|p2a: Suicune|slp
|move|p2a: Suicune|Sleep Talk|p2a: Suicune
|move|p2a: Suicune|Scald|p1a: Chansey|[from]Sleep Talk
|-damage|p1a: Chansey|511\/703
|move|p1a: Chansey|Wish|p1a: Chansey
|
|turn|37
|leave|Telepath Sabrina
|
|switch|p1a: Clefable|Clefable, M|159\/394
|cant|p2a: Suicune|slp
|move|p2a: Suicune|Sleep Talk|p2a: Suicune
|move|p2a: Suicune|Rest|p2a: Suicune|[from]Sleep Talk
|-fail|p2a: Suicune
|
|-heal|p1a: Clefable|394\/394|[from] move: Wish|[wisher] Chansey
|turn|38
|join|KratosSnake
|
|switch|p2a: Scizor|Scizor, M|221\/344
|-damage|p2a: Scizor|178\/344|[from] Stealth Rock
|move|p1a: Clefable|Wish|p1a: Clefable
|
|-heal|p2a: Scizor|199\/344|[from] item: Leftovers
|turn|39
|
|switch|p1a: Chesnaught|Chesnaught, M|380\/380
|move|p2a: Scizor|U-turn|p1a: Chesnaught
|-damage|p1a: Chesnaught|290\/380
|
|switch|p2a: Talonflame|Talonflame, F|360\/360
|-damage|p2a: Talonflame|180\/360|[from] Stealth Rock
|
|-heal|p1a: Chesnaught|380\/380|[from] move: Wish|[wisher] Clefable
|turn|40
|
|switch|p1a: Clefable|Clefable, M|394\/394
|move|p2a: Talonflame|Brave Bird|p1a: Clefable
|-damage|p1a: Clefable|184\/394
|-damage|p2a: Talonflame|111\/360|[from] recoil|[of] p1a: Clefable
|
|-heal|p1a: Clefable|208\/394|[from] item: Leftovers
|turn|41
|
|move|p1a: Clefable|Protect|p1a: Clefable
|-singleturn|p1a: Clefable|Protect
|move|p2a: Talonflame|Brave Bird|p1a: Clefable
|-activate|p1a: Clefable|Protect
|
|-heal|p1a: Clefable|232\/394|[from] item: Leftovers
|turn|42
|c|âNME THATSAplusONE|I just cant break you man
|
|move|p2a: Talonflame|Brave Bird|p1a: Clefable
|-damage|p1a: Clefable|0 fnt
|-damage|p2a: Talonflame|34\/360|[from] recoil|[of] p1a: Clefable
|faint|p1a: Clefable
|
|
|switch|p1a: Chesnaught|Chesnaught, M|380\/380
|turn|43
|
|move|p1a: Chesnaught|Spiky Shield|p1a: Chesnaught
|-singleturn|p1a: Chesnaught|move: Protect
|move|p2a: Talonflame|Brave Bird|p1a: Chesnaught
|-activate|p1a: Chesnaught|move: Protect
|-damage|p2a: Talonflame|0 fnt|[from] Spiky Shield|[of] p1a: Chesnaught
|faint|p2a: Talonflame
|
|
|switch|p2a: Scizor|Scizor, M|199\/344
|-damage|p2a: Scizor|156\/344|[from] Stealth Rock
|turn|44
|
|move|p2a: Scizor|Swords Dance|p2a: Scizor
|-boost|p2a: Scizor|atk|2
|move|p1a: Chesnaught|Spikes|p2a: Scizor
|-sidestart|p2: NME THATSAplusONE|Spikes
|
|-heal|p2a: Scizor|177\/344|[from] item: Leftovers
|turn|45
|
|move|p2a: Scizor|Swords Dance|p2a: Scizor
|-boost|p2a: Scizor|atk|2
|move|p1a: Chesnaught|Leech Seed|p2a: Scizor|[miss]
|-miss|p1a: Chesnaught|p2a: Scizor
|
|-heal|p2a: Scizor|198\/344|[from] item: Leftovers
|turn|46
|
|move|p2a: Scizor|Bug Bite|p1a: Chesnaught
|-damage|p1a: Chesnaught|40\/380
|move|p1a: Chesnaught|Leech Seed|p2a: Scizor
|-start|p2a: Scizor|move: Leech Seed
|
|-heal|p2a: Scizor|219\/344|[from] item: Leftovers
|-heal|p1a: Chesnaught|63\/380|[from] item: Leftovers
|-damage|p2a: Scizor|176\/344|[from] Leech Seed|[of] p1a: Chesnaught
|-heal|p1a: Chesnaught|106\/380|[silent]
|turn|47
|
|switch|p1a: Tentacruel|Tentacruel, F|304\/361
|move|p2a: Scizor|Swords Dance|p2a: Scizor
|-boost|p2a: Scizor|atk|2
|
|-heal|p1a: Tentacruel|326\/361|[from] item: Black Sludge
|-heal|p2a: Scizor|197\/344|[from] item: Leftovers
|-damage|p2a: Scizor|154\/344|[from] Leech Seed|[of] p1a: Tentacruel
|-heal|p1a: Tentacruel|361\/361|[silent]
|turn|48
|
|move|p1a: Tentacruel|Scald|p2a: Scizor
|-damage|p2a: Scizor|66\/344
|move|p2a: Scizor|Bug Bite|p1a: Tentacruel
|-resisted|p1a: Tentacruel
|-damage|p1a: Tentacruel|8\/361
|
|-heal|p1a: Tentacruel|30\/361|[from] item: Black Sludge
|-heal|p2a: Scizor|87\/344|[from] item: Leftovers
|-damage|p2a: Scizor|44\/344|[from] Leech Seed|[of] p1a: Tentacruel
|-heal|p1a: Tentacruel|73\/361|[silent]
|turn|49
|
|switch|p1a: Heatran|Heatran, M|231\/386
|move|p2a: Scizor|Bullet Punch|p1a: Heatran
|-crit|p1a: Heatran
|-resisted|p1a: Heatran
|-damage|p1a: Heatran|59\/386
|
|-heal|p1a: Heatran|83\/386|[from] item: Leftovers
|-heal|p2a: Scizor|65\/344|[from] item: Leftovers
|-damage|p2a: Scizor|22\/344|[from] Leech Seed|[of] p1a: Heatran
|-heal|p1a: Heatran|126\/386|[silent]
|turn|50
|
|move|p1a: Heatran|Taunt|p2a: Scizor
|-start|p2a: Scizor|move: Taunt
|move|p2a: Scizor|Bug Bite|p1a: Heatran
|-resisted|p1a: Heatran
|-damage|p1a: Heatran|0 fnt
|faint|p1a: Heatran
|
|-heal|p2a: Scizor|43\/344|[from] item: Leftovers
|c|âJiaShengz|wtf misclick omg
|c|âJiaShengz|lol
|
|switch|p1a: Chesnaught|Chesnaught, M|106\/380
|turn|51
|c| KratosSnake|lol
|c|âNME THATSAplusONE|did you want to switch?
|c|âJiaShengz|nope click on a different move
|c|âNME THATSAplusONE|ahhh
|
|move|p1a: Chesnaught|Spiky Shield|p1a: Chesnaught
|-singleturn|p1a: Chesnaught|move: Protect
|move|p2a: Scizor|Bug Bite|p1a: Chesnaught
|-activate|p1a: Chesnaught|move: Protect
|-damage|p2a: Scizor|0 fnt|[from] Spiky Shield|[of] p1a: Chesnaught
|faint|p2a: Scizor
|
|-heal|p1a: Chesnaught|129\/380|[from] item: Leftovers
|
|switch|p2a: Thundurus-Therian|Thundurus-Therian, M|300\/300
|-damage|p2a: Thundurus-Therian|225\/300|[from] Stealth Rock
|turn|52
|c| KratosSnake|NME THATSAplusONE roost on scizor ?
|c|âNME THATSAplusONE|nope
|join|King Time Stall
|
|switch|p1a: Chansey|Chansey, F|511\/703
|move|p2a: Thundurus-Therian|Nasty Plot|p2a: Thundurus-Therian
|-boost|p2a: Thundurus-Therian|spa|2
|
|turn|53
|c|âNME THATSAplusONE|he got me good with that taunt
|
|move|p2a: Thundurus-Therian|Thunderbolt|p1a: Chansey
|-damage|p1a: Chansey|286\/703
|move|p1a: Chansey|Seismic Toss|p2a: Thundurus-Therian
|-damage|p2a: Thundurus-Therian|125\/300
|
|turn|54
|
|move|p2a: Thundurus-Therian|Thunderbolt|p1a: Chansey
|-damage|p1a: Chansey|66\/703
|move|p1a: Chansey|Soft-Boiled|p1a: Chansey
|-heal|p1a: Chansey|418\/703
|
|turn|55
|c|âNME THATSAplusONE|u turn was the last move
|
|move|p2a: Thundurus-Therian|Thunderbolt|p1a: Chansey
|-damage|p1a: Chansey|202\/703
|move|p1a: Chansey|Soft-Boiled|p1a: Chansey
|-heal|p1a: Chansey|554\/703
|
|turn|56
|c| jake5|ah sup kratos
|c| jake5|are u laddering on suspect?
|
|move|p2a: Thundurus-Therian|Nasty Plot|p2a: Thundurus-Therian
|-boost|p2a: Thundurus-Therian|spa|2
|move|p1a: Chansey|Soft-Boiled|p1a: Chansey
|-heal|p1a: Chansey|703\/703
|
|turn|57
|c| KratosSnake|yes on a alt
|c| jake5|-.-
|c| jake5|everyone's doing that
|
|move|p2a: Thundurus-Therian|Thunderbolt|p1a: Chansey
|-damage|p1a: Chansey|357\/703
|move|p1a: Chansey|Seismic Toss|p2a: Thundurus-Therian
|-damage|p2a: Thundurus-Therian|25\/300
|
|turn|58
|c| jake5|hmm
|c| jake5|if that high rolls
|c| KratosSnake|i been doing that since 2012
|c| jake5|ah ok
|c| jake5|yeah ik i was kidding
|c| jake5|most people ladder on alts in suspect
|
|move|p2a: Thundurus-Therian|Thunderbolt|p1a: Chansey
|-damage|p1a: Chansey|32\/703
|move|p1a: Chansey|Seismic Toss|p2a: Thundurus-Therian
|-damage|p2a: Thundurus-Therian|0 fnt
|faint|p2a: Thundurus-Therian
|
|
|switch|p2a: Latios|Latios-Mega, M|143\/302
|-damage|p2a: Latios|106\/302|[from] Stealth Rock
|turn|59
|c| KratosSnake|k jake u want ninja ban
|
|switch|p1a: Sableye|Sableye-Mega, F|144\/304
|move|p2a: Latios|Ice Beam|p1a: Sableye
|-damage|p1a: Sableye|40\/304
|
|turn|60
|c| jake5|no idea as of now i'll see
|
|move|p2a: Latios|Ice Beam|p1a: Sableye
|-damage|p1a: Sableye|0 fnt
|faint|p1a: Sableye
|
|c|âJiaShengz|gg
|c|âNME THATSAplusONE|gg
|-message|JiaShengz forfeited.
|leave|JiaShengz
|c|âNME THATSAplusONE|weaw
|
|win|NME THATSAplusONE
|raw|Ladder updating...
|player|p1
|raw|JiaShengz's rating: 1435 &rarr; <strong>1408<\/strong><br \/>(-27 for losing)
|raw|NME THATSAplusONE's rating: 1313 &rarr; <strong>1340<\/strong><br \/>(+27 for winning)
|c| KratosSnake|lol
|c|âNME THATSAplusONE|took a while
|leave|jake5
|c| KratosSnake|didn't took me long against him