|join|JiaShengz
|join|Makaa
|player|p1|JiaShengz|168
|player|p2|Makaa|2
|gametype|singles
|gen|6
|tier|OU (suspect test)
|rated
|clearpoke
|poke|p1|Chansey, F
|poke|p1|Clefable, F
|poke|p1|Sableye, M
|poke|p1|Heatran, M
|poke|p1|Tentacruel, F
|poke|p1|Chesnaught, F
|poke|p2|Landorus-Therian, M
|poke|p2|Latios, M
|poke|p2|Keldeo
|poke|p2|Manectric, F
|poke|p2|Ferrothorn, M
|poke|p2|Azumarill, F
|rule|Swagger Clause: Swagger is banned
|rule|Baton Pass Clause: Limit one PokÃ©mon knowing Baton Pass
|rule|Sleep Clause Mod: Limit one foe put to sleep
|rule|Species Clause: Limit one of each PokÃ©mon
|rule|OHKO Clause: OHKO moves are banned
|rule|Moody Clause: Moody is banned
|rule|Evasion Moves Clause: Evasion moves are banned
|rule|Endless Battle Clause: Forcing endless battles is banned
|rule|HP Percentage Mod: HP is shown in percentages
|teampreview
|join|Cobalt XY
|
|start
|switch|p1a: Heatran|Heatran, M|386\/386
|switch|p2a: Manectric|Manectric, F|281\/281
|turn|1
|
|detailschange|p2a: Manectric|Manectric-Mega, F
|-mega|p2a: Manectric|Manectric|Manectite
|-ability|p2a: Manectric|Intimidate|[of] p1a: Heatran
|-unboost|p1a: Heatran|atk|1
|move|p2a: Manectric|Volt Switch|p1a: Heatran
|-damage|p1a: Heatran|295\/386
|
|switch|p2a: Keldeo|Keldeo|323\/323
|move|p1a: Heatran|Stealth Rock|p2a: Keldeo
|-sidestart|p2: Makaa|move: Stealth Rock
|
|-heal|p1a: Heatran|319\/386|[from] item: Leftovers
|turn|2
|
|switch|p2a: Latios|Latios, M|301\/301
|-damage|p2a: Latios|264\/301|[from] Stealth Rock
|switch|p1a: Tentacruel|Tentacruel, F|361\/361
|
|turn|3
|
|move|p2a: Latios|Psyshock|p1a: Tentacruel
|-supereffective|p1a: Tentacruel
|-damage|p1a: Tentacruel|0 fnt
|-damage|p2a: Latios|234\/301|[from] item: Life Orb
|faint|p1a: Tentacruel
|
|
|switch|p1a: Heatran|Heatran, M|319\/386
|turn|4
|
|switch|p2a: Manectric|Manectric-Mega, F|281\/281
|-damage|p2a: Manectric|246\/281|[from] Stealth Rock
|-ability|p2a: Manectric|Intimidate|[of] p1a: Heatran
|-unboost|p1a: Heatran|atk|1
|switch|p1a: Clefable|Clefable, F|394\/394
|
|turn|5
|
|move|p2a: Manectric|Volt Switch|p1a: Clefable
|-damage|p1a: Clefable|264\/394
|
|switch|p2a: Azumarill|Azumarill, F|365\/365
|-damage|p2a: Azumarill|320\/365|[from] Stealth Rock
|move|p1a: Clefable|Wish|p1a: Clefable
|
|-heal|p1a: Clefable|288\/394|[from] item: Leftovers
|turn|6
|
|move|p2a: Azumarill|Waterfall|p1a: Clefable
|-damage|p1a: Clefable|56\/394
|move|p1a: Clefable|Moonblast|p2a: Azumarill
|-damage|p2a: Azumarill|196\/365
|
|-heal|p1a: Clefable|253\/394|[from] move: Wish|[wisher] Clefable
|-heal|p1a: Clefable|277\/394|[from] item: Leftovers
|turn|7
|
|switch|p2a: Latios|Latios, M|234\/301
|-damage|p2a: Latios|197\/301|[from] Stealth Rock
|switch|p1a: Chesnaught|Chesnaught, F|380\/380
|
|turn|8
|
|switch|p1a: Chansey|Chansey, F|703\/703
|move|p2a: Latios|Defog|p1a: Chansey
|-unboost|p1a: Chansey|evasion|1
|-sideend|p2: Makaa|Stealth Rock|[from] move: Defog|[of] p2a: Latios
|
|turn|9
|
|switch|p2a: Landorus-Therian|Landorus-Therian, M|319\/319
|-ability|p2a: Landorus-Therian|Intimidate|[of] p1a: Chansey
|-unboost|p1a: Chansey|atk|1
|move|p1a: Chansey|Wish|p1a: Chansey
|
|turn|10
|
|switch|p1a: Sableye|Sableye, M|304\/304
|move|p2a: Landorus-Therian|U-turn|p1a: Sableye
|-damage|p1a: Sableye|224\/304
|
|switch|p2a: Manectric|Manectric-Mega, F|246\/281
|-ability|p2a: Manectric|Intimidate|[of] p1a: Sableye
|-unboost|p1a: Sableye|atk|1
|
|-heal|p1a: Sableye|304\/304|[from] move: Wish|[wisher] Chansey
|turn|11
|
|detailschange|p1a: Sableye|Sableye-Mega, M
|-mega|p1a: Sableye|Sableye|Sablenite
|move|p1a: Sableye|Will-O-Wisp|p2a: Manectric
|-status|p2a: Manectric|brn
|move|p2a: Manectric|Volt Switch|p1a: Sableye
|-crit|p1a: Sableye
|-damage|p1a: Sableye|127\/304
|
|switch|p2a: Azumarill|Azumarill, F|196\/365
|
|turn|12
|
|switch|p1a: Heatran|Heatran, M|319\/386
|move|p2a: Azumarill|Waterfall|p1a: Heatran
|-supereffective|p1a: Heatran
|-damage|p1a: Heatran|0 fnt
|faint|p1a: Heatran
|
|
|switch|p1a: Chesnaught|Chesnaught, F|380\/380
|turn|13
|
|switch|p2a: Landorus-Therian|Landorus-Therian, M|319\/319
|-ability|p2a: Landorus-Therian|Intimidate|[of] p1a: Chesnaught
|-unboost|p1a: Chesnaught|atk|1
|move|p1a: Chesnaught|Leech Seed|p2a: Landorus-Therian
|-start|p2a: Landorus-Therian|move: Leech Seed
|
|-damage|p2a: Landorus-Therian|280\/319|[from] Leech Seed|[of] p1a: Chesnaught
|turn|14
|
|move|p1a: Chesnaught|Spiky Shield|p1a: Chesnaught
|-singleturn|p1a: Chesnaught|move: Protect
|move|p2a: Landorus-Therian|Knock Off|p1a: Chesnaught
|-activate|p1a: Chesnaught|move: Protect
|-damage|p2a: Landorus-Therian|241\/319|[from] Spiky Shield|[of] p1a: Chesnaught
|
|-damage|p2a: Landorus-Therian|202\/319|[from] Leech Seed|[of] p1a: Chesnaught
|turn|15
|
|switch|p2a: Latios|Latios, M|197\/301
|switch|p1a: Sableye|Sableye-Mega, M|127\/304
|
|turn|16
|
|switch|p1a: Chansey|Chansey, F|703\/703
|move|p2a: Latios|Draco Meteor|p1a: Chansey|[miss]
|-miss|p2a: Latios|p1a: Chansey
|
|turn|17
|
|switch|p2a: Landorus-Therian|Landorus-Therian, M|202\/319
|-ability|p2a: Landorus-Therian|Intimidate|[of] p1a: Chansey
|-unboost|p1a: Chansey|atk|1
|move|p1a: Chansey|Wish|p1a: Chansey
|
|turn|18
|
|switch|p2a: Azumarill|Azumarill, F|196\/365
|switch|p1a: Sableye|Sableye-Mega, M|127\/304
|
|-heal|p1a: Sableye|304\/304|[from] move: Wish|[wisher] Chansey
|turn|19
|
|move|p2a: Azumarill|Play Rough|p1a: Sableye
|-supereffective|p1a: Sableye
|-damage|p1a: Sableye|0 fnt
|faint|p1a: Sableye
|
|
|switch|p1a: Clefable|Clefable, F|277\/394
|turn|20
|
|move|p2a: Azumarill|Play Rough|p1a: Clefable
|-damage|p1a: Clefable|25\/394
|move|p1a: Clefable|Moonblast|p2a: Azumarill
|-damage|p2a: Azumarill|78\/365
|
|-heal|p1a: Clefable|49\/394|[from] item: Leftovers
|turn|21
|
|move|p1a: Clefable|Protect|p1a: Clefable
|-singleturn|p1a: Clefable|Protect
|move|p2a: Azumarill|Play Rough|p1a: Clefable
|-activate|p1a: Clefable|Protect
|
|-heal|p1a: Clefable|73\/394|[from] item: Leftovers
|turn|22
|
|move|p2a: Azumarill|Play Rough|p1a: Clefable
|-damage|p1a: Clefable|0 fnt
|faint|p1a: Clefable
|
|
|switch|p1a: Chansey|Chansey, F|703\/703
|turn|23
|
|switch|p2a: Ferrothorn|Ferrothorn, M|351\/351
|move|p1a: Chansey|Seismic Toss|p2a: Ferrothorn
|-damage|p2a: Ferrothorn|251\/351
|-damage|p1a: Chansey|616\/703|[from] ability: Iron Barbs|[of] p2a: Ferrothorn
|
|-heal|p2a: Ferrothorn|272\/351|[from] item: Leftovers
|turn|24
|
|switch|p1a: Chesnaught|Chesnaught, F|380\/380
|move|p2a: Ferrothorn|Stealth Rock|p1a: Chesnaught
|-sidestart|p1: JiaShengz|move: Stealth Rock
|
|-heal|p2a: Ferrothorn|293\/351|[from] item: Leftovers
|turn|25
|
|switch|p2a: Manectric|Manectric-Mega, F|246\/281 brn
|-ability|p2a: Manectric|Intimidate|[of] p1a: Chesnaught
|-unboost|p1a: Chesnaught|atk|1
|move|p1a: Chesnaught|Spikes|p2a: Manectric
|-sidestart|p2: Makaa|Spikes
|
|-damage|p2a: Manectric|211\/281 brn|[from] brn
|turn|26
|
|move|p1a: Chesnaught|Spiky Shield|p1a: Chesnaught
|-singleturn|p1a: Chesnaught|move: Protect
|move|p2a: Manectric|Flamethrower|p1a: Chesnaught
|-activate|p1a: Chesnaught|move: Protect
|
|-damage|p2a: Manectric|176\/281 brn|[from] brn
|turn|27
|
|switch|p1a: Chansey|Chansey, F|616\/703
|-damage|p1a: Chansey|529\/703|[from] Stealth Rock
|move|p2a: Manectric|Flamethrower|p1a: Chansey
|-damage|p1a: Chansey|456\/703
|
|-damage|p2a: Manectric|141\/281 brn|[from] brn
|turn|28
|
|move|p2a: Manectric|Volt Switch|p1a: Chansey
|-damage|p1a: Chansey|378\/703
|
|switch|p2a: Latios|Latios, M|197\/301
|move|p1a: Chansey|Soft-Boiled|p1a: Chansey
|-heal|p1a: Chansey|703\/703
|
|turn|29
|
|move|p2a: Latios|Defog|p1a: Chansey
|-unboost|p1a: Chansey|evasion|1
|-sideend|p1: JiaShengz|Stealth Rock|[from] move: Defog|[of] p1a: Chansey
|-sideend|p2: Makaa|Spikes|[from] move: Defog|[of] p2a: Latios
|move|p1a: Chansey|Seismic Toss|p2a: Latios
|-damage|p2a: Latios|97\/301
|
|turn|30
|
|move|p2a: Latios|Roost|p2a: Latios
|-heal|p2a: Latios|248\/301
|move|p1a: Chansey|Wish|p1a: Chansey
|
|turn|31
|
|switch|p2a: Keldeo|Keldeo|323\/323
|move|p1a: Chansey|Seismic Toss|p2a: Keldeo
|-damage|p2a: Keldeo|223\/323
|
|turn|32
|
|switch|p1a: Chesnaught|Chesnaught, F|380\/380
|move|p2a: Keldeo|Secret Sword|p1a: Chesnaught
|-damage|p1a: Chesnaught|226\/380
|
|-heal|p1a: Chesnaught|249\/380|[from] item: Leftovers
|turn|33
|
|move|p2a: Keldeo|Secret Sword|p1a: Chesnaught
|-damage|p1a: Chesnaught|102\/380
|move|p1a: Chesnaught|Leech Seed|p2a: Keldeo
|-start|p2a: Keldeo|move: Leech Seed
|
|-heal|p1a: Chesnaught|125\/380|[from] item: Leftovers
|-damage|p2a: Keldeo|183\/323|[from] Leech Seed|[of] p1a: Chesnaught
|-heal|p1a: Chesnaught|165\/380|[silent]
|turn|34
|
|switch|p2a: Latios|Latios, M|248\/301
|move|p1a: Chesnaught|Leech Seed|p2a: Latios
|-start|p2a: Latios|move: Leech Seed
|
|-heal|p1a: Chesnaught|188\/380|[from] item: Leftovers
|-damage|p2a: Latios|211\/301|[from] Leech Seed|[of] p1a: Chesnaught
|-heal|p1a: Chesnaught|225\/380|[silent]
|turn|35
|
|switch|p2a: Keldeo|Keldeo|183\/323
|move|p1a: Chesnaught|Spiky Shield|p1a: Chesnaught
|-fail|p1a: Chesnaught
|
|-heal|p1a: Chesnaught|248\/380|[from] item: Leftovers
|turn|36
|
|move|p1a: Chesnaught|Spiky Shield|p1a: Chesnaught
|-singleturn|p1a: Chesnaught|move: Protect
|move|p2a: Keldeo|Icy Wind|p1a: Chesnaught
|-activate|p1a: Chesnaught|move: Protect
|
|-heal|p1a: Chesnaught|271\/380|[from] item: Leftovers
|turn|37
|
|switch|p1a: Chansey|Chansey, F|703\/703
|move|p2a: Keldeo|Icy Wind|p1a: Chansey
|-miss|p2a: Keldeo|p1a: Chansey
|
|turn|38
|
|switch|p2a: Landorus-Therian|Landorus-Therian, M|202\/319
|-ability|p2a: Landorus-Therian|Intimidate|[of] p1a: Chansey
|-unboost|p1a: Chansey|atk|1
|move|p1a: Chansey|Seismic Toss|p2a: Landorus-Therian
|-damage|p2a: Landorus-Therian|102\/319
|
|turn|39
|
|move|p2a: Landorus-Therian|Knock Off|p1a: Chansey
|-damage|p1a: Chansey|529\/703
|-enditem|p1a: Chansey|Eviolite|[from] move: Knock Off|[of] p2a: Landorus-Therian
|move|p1a: Chansey|Seismic Toss|p2a: Landorus-Therian
|-damage|p2a: Landorus-Therian|2\/319
|
|turn|40
|
|move|p2a: Landorus-Therian|Knock Off|p1a: Chansey
|-damage|p1a: Chansey|353\/703
|move|p1a: Chansey|Soft-Boiled|p1a: Chansey
|-heal|p1a: Chansey|703\/703
|
|turn|41
|
|switch|p2a: Ferrothorn|Ferrothorn, M|293\/351
|move|p1a: Chansey|Wish|p1a: Chansey
|
|-heal|p2a: Ferrothorn|314\/351|[from] item: Leftovers
|turn|42
|
|switch|p1a: Chesnaught|Chesnaught, F|271\/380
|switch|p2a: Latios|Latios, M|211\/301
|
|-heal|p1a: Chesnaught|380\/380|[from] move: Wish|[wisher] Chansey
|turn|43
|join|jake5
|
|move|p2a: Latios|Psyshock|p1a: Chesnaught
|-supereffective|p1a: Chesnaught
|-damage|p1a: Chesnaught|167\/380
|-damage|p2a: Latios|181\/301|[from] item: Life Orb
|move|p1a: Chesnaught|Leech Seed|p2a: Latios
|-start|p2a: Latios|move: Leech Seed
|
|-heal|p1a: Chesnaught|190\/380|[from] item: Leftovers
|-damage|p2a: Latios|144\/301|[from] Leech Seed|[of] p1a: Chesnaught
|-heal|p1a: Chesnaught|227\/380|[silent]
|turn|44
|
|move|p2a: Latios|Roost|p2a: Latios
|-heal|p2a: Latios|295\/301
|move|p1a: Chesnaught|Spikes|p2a: Latios
|-sidestart|p2: Makaa|Spikes
|
|-heal|p1a: Chesnaught|250\/380|[from] item: Leftovers
|-damage|p2a: Latios|258\/301|[from] Leech Seed|[of] p1a: Chesnaught
|-heal|p1a: Chesnaught|287\/380|[silent]
|turn|45
|
|move|p1a: Chesnaught|Spiky Shield|p1a: Chesnaught
|-singleturn|p1a: Chesnaught|move: Protect
|move|p2a: Latios|Psyshock|p1a: Chesnaught
|-activate|p1a: Chesnaught|move: Protect
|
|-heal|p1a: Chesnaught|310\/380|[from] item: Leftovers
|-damage|p2a: Latios|221\/301|[from] Leech Seed|[of] p1a: Chesnaught
|-heal|p1a: Chesnaught|347\/380|[silent]
|turn|46
|
|move|p2a: Latios|Psyshock|p1a: Chesnaught
|-supereffective|p1a: Chesnaught
|-damage|p1a: Chesnaught|129\/380
|-damage|p2a: Latios|191\/301|[from] item: Life Orb
|move|p1a: Chesnaught|Drain Punch|p2a: Latios
|-resisted|p2a: Latios
|-damage|p2a: Latios|134\/301
|-heal|p1a: Chesnaught|158\/380|[from] drain|[of] p2a: Latios
|
|-heal|p1a: Chesnaught|181\/380|[from] item: Leftovers
|-damage|p2a: Latios|97\/301|[from] Leech Seed|[of] p1a: Chesnaught
|-heal|p1a: Chesnaught|218\/380|[silent]
|turn|47
|
|move|p2a: Latios|Psyshock|p1a: Chesnaught
|-crit|p1a: Chesnaught
|-supereffective|p1a: Chesnaught
|-damage|p1a: Chesnaught|0 fnt
|-damage|p2a: Latios|67\/301|[from] item: Life Orb
|faint|p1a: Chesnaught
|
|
|switch|p1a: Chansey|Chansey, F|703\/703
|turn|48
|-message|JiaShengz forfeited.
|
|win|Makaa
|raw|Ladder updating...
|leave|JiaShengz
|player|p1
|raw|JiaShengz's rating: 1546 &rarr; <strong>1516<\/strong><br \/>(-30 for losing)
|raw|Makaa's rating: 1344 &rarr; <strong>1374<\/strong><br \/>(+30 for winning)