|join|JiaShengz
|join|Firo Prochinezo
|player|p1|JiaShengz|266
|player|p2|Firo Prochinezo|165
|gametype|singles
|gen|6
|tier|OU (suspect test)
|rated
|clearpoke
|poke|p1|Chansey, F
|poke|p1|Clefable, F
|poke|p1|Sableye, F
|poke|p1|Gliscor, F
|poke|p1|Tentacruel, F
|poke|p1|Skarmory, M
|poke|p2|Zapdos
|poke|p2|Tyranitar, M
|poke|p2|Sylveon, F
|poke|p2|Azumarill, M
|poke|p2|Venusaur, F
|poke|p2|Heatran, F
|rule|Swagger Clause: Swagger is banned
|rule|Baton Pass Clause: Limit one PokÃ©mon knowing Baton Pass
|rule|Sleep Clause Mod: Limit one foe put to sleep
|rule|Species Clause: Limit one of each PokÃ©mon
|rule|OHKO Clause: OHKO moves are banned
|rule|Moody Clause: Moody is banned
|rule|Evasion Moves Clause: Evasion moves are banned
|rule|Endless Battle Clause: Forcing endless battles is banned
|rule|HP Percentage Mod: HP is shown in percentages
|teampreview
|
|start
|switch|p1a: Sableye|Sableye, F|304\/304
|switch|p2a: Zapdos|Zapdos|321\/321
|-ability|p2a: Zapdos|Pressure
|turn|1
|
|detailschange|p1a: Sableye|Sableye-Mega, F
|-mega|p1a: Sableye|Sableye|Sablenite
|move|p2a: Zapdos|Volt Switch|p1a: Sableye
|-crit|p1a: Sableye
|-damage|p1a: Sableye|154\/304
|
|switch|p2a: Sylveon|Sylveon, F|394\/394
|move|p1a: Sableye|Knock Off|p2a: Sylveon
|-resisted|p2a: Sylveon
|-damage|p2a: Sylveon|346\/394
|-enditem|p2a: Sylveon|Leftovers|[from] move: Knock Off|[of] p1a: Sableye
|
|turn|2
|
|switch|p1a: Tentacruel|Tentacruel, F|363\/363
|move|p2a: Sylveon|Hyper Voice|p1a: Tentacruel
|-resisted|p1a: Tentacruel
|-damage|p1a: Tentacruel|294\/363
|
|-heal|p1a: Tentacruel|316\/363|[from] item: Black Sludge
|turn|3
|
|switch|p2a: Venusaur|Venusaur, F|363\/363
|move|p1a: Tentacruel|Toxic Spikes|p2a: Venusaur
|-sidestart|p2: Firo Prochinezo|move: Toxic Spikes
|
|-heal|p1a: Tentacruel|338\/363|[from] item: Black Sludge
|turn|4
|
|detailschange|p2a: Venusaur|Venusaur-Mega, F
|-mega|p2a: Venusaur|Venusaur|Venusaurite
|move|p1a: Tentacruel|Scald|p2a: Venusaur
|-resisted|p2a: Venusaur
|-damage|p2a: Venusaur|338\/363
|move|p2a: Venusaur|Leech Seed|p1a: Tentacruel
|-start|p1a: Tentacruel|move: Leech Seed
|
|-heal|p1a: Tentacruel|360\/363|[from] item: Black Sludge
|-damage|p1a: Tentacruel|315\/363|[from] Leech Seed|[of] p2a: Venusaur
|-damage|p2a: Venusaur|293\/363|[from] ability: Liquid Ooze|[of] p1a: Tentacruel
|turn|5
|
|switch|p2a: Zapdos|Zapdos|321\/321
|-ability|p2a: Zapdos|Pressure
|move|p1a: Tentacruel|Scald|p2a: Zapdos
|-damage|p2a: Zapdos|239\/321
|
|-heal|p1a: Tentacruel|337\/363|[from] item: Black Sludge
|-damage|p1a: Tentacruel|292\/363|[from] Leech Seed|[of] p2a: Zapdos
|-damage|p2a: Zapdos|194\/321|[from] ability: Liquid Ooze|[of] p1a: Tentacruel
|turn|6
|
|switch|p2a: Venusaur|Venusaur-Mega, F|293\/363
|-sideend|p2: Firo Prochinezo|move: Toxic Spikes|[of] p2a: Venusaur
|move|p1a: Tentacruel|Scald|p2a: Venusaur
|-resisted|p2a: Venusaur
|-damage|p2a: Venusaur|265\/363
|
|-heal|p1a: Tentacruel|314\/363|[from] item: Black Sludge
|-damage|p1a: Tentacruel|269\/363|[from] Leech Seed|[of] p2a: Venusaur
|-damage|p2a: Venusaur|220\/363|[from] ability: Liquid Ooze|[of] p1a: Tentacruel
|turn|7
|
|move|p1a: Tentacruel|Scald|p2a: Venusaur
|-resisted|p2a: Venusaur
|-damage|p2a: Venusaur|194\/363
|move|p2a: Venusaur|Synthesis|p2a: Venusaur
|-heal|p2a: Venusaur|363\/363
|
|-heal|p1a: Tentacruel|291\/363|[from] item: Black Sludge
|-damage|p1a: Tentacruel|246\/363|[from] Leech Seed|[of] p2a: Venusaur
|-damage|p2a: Venusaur|318\/363|[from] ability: Liquid Ooze|[of] p1a: Tentacruel
|turn|8
|
|move|p1a: Tentacruel|Scald|p2a: Venusaur
|-resisted|p2a: Venusaur
|-damage|p2a: Venusaur|289\/363
|move|p2a: Venusaur|Giga Drain|p1a: Tentacruel
|-damage|p1a: Tentacruel|153\/363
|-damage|p2a: Venusaur|242\/363|[from] ability: Liquid Ooze|[of] p1a: Tentacruel
|
|-heal|p1a: Tentacruel|175\/363|[from] item: Black Sludge
|-damage|p1a: Tentacruel|130\/363|[from] Leech Seed|[of] p2a: Venusaur
|-damage|p2a: Venusaur|197\/363|[from] ability: Liquid Ooze|[of] p1a: Tentacruel
|turn|9
|
|switch|p1a: Gliscor|Gliscor, F|354\/354
|move|p2a: Venusaur|Synthesis|p2a: Venusaur
|-heal|p2a: Venusaur|363\/363
|
|-status|p1a: Gliscor|tox|[from] item: Toxic Orb
|turn|10
|leave|JiaShengz
|player|p1
|join|JiaShengz
|player|p1|JiaShengz|266
|
|move|p1a: Gliscor|Earthquake|p2a: Venusaur
|-damage|p2a: Venusaur|260\/363
|move|p2a: Venusaur|Leech Seed|p1a: Gliscor
|-start|p1a: Gliscor|move: Leech Seed
|
|-damage|p1a: Gliscor|310\/354 tox|[from] Leech Seed|[of] p2a: Venusaur
|-heal|p2a: Venusaur|304\/363|[silent]
|-heal|p1a: Gliscor|354\/354 tox|[from] ability: Poison Heal
|turn|11
|
|switch|p1a: Chansey|Chansey, F|703\/703
|move|p2a: Venusaur|Giga Drain|p1a: Chansey
|-damage|p1a: Chansey|627\/703
|-heal|p2a: Venusaur|342\/363|[from] drain|[of] p1a: Chansey
|
|turn|12
|
|move|p2a: Venusaur|Leech Seed|p1a: Chansey
|-start|p1a: Chansey|move: Leech Seed
|move|p1a: Chansey|Wish|p1a: Chansey
|
|-damage|p1a: Chansey|540\/703|[from] Leech Seed|[of] p2a: Venusaur
|-heal|p2a: Venusaur|363\/363|[silent]
|turn|13
|
|switch|p2a: Sylveon|Sylveon, F|346\/394
|switch|p1a: Tentacruel|Tentacruel, F|130\/363
|
|-heal|p1a: Tentacruel|363\/363|[from] move: Wish|[wisher] Chansey
|turn|14
|
|switch|p2a: Heatran|Heatran, F|385\/385
|-item|p2a: Heatran|Air Balloon
|move|p1a: Tentacruel|Acid Spray|p2a: Heatran
|-immune|p2a: Heatran|[msg]
|
|turn|15
|
|move|p1a: Tentacruel|Scald|p2a: Heatran
|-supereffective|p2a: Heatran
|-damage|p2a: Heatran|235\/385
|-enditem|p2a: Heatran|Air Balloon
|move|p2a: Heatran|Earth Power|p1a: Tentacruel
|-supereffective|p1a: Tentacruel
|-damage|p1a: Tentacruel|145\/363
|
|-heal|p1a: Tentacruel|167\/363|[from] item: Black Sludge
|turn|16
|
|switch|p1a: Gliscor|Gliscor, F|354\/354 tox
|move|p2a: Heatran|Earth Power|p1a: Gliscor
|-immune|p1a: Gliscor|[msg]
|
|turn|17
|
|switch|p2a: Zapdos|Zapdos|194\/321
|-ability|p2a: Zapdos|Pressure
|move|p1a: Gliscor|Knock Off|p2a: Zapdos
|-damage|p2a: Zapdos|114\/321
|-enditem|p2a: Zapdos|Choice Scarf|[from] move: Knock Off|[of] p1a: Gliscor
|
|turn|18
|
|move|p2a: Zapdos|Hidden Power|p1a: Gliscor
|-supereffective|p1a: Gliscor
|-damage|p1a: Gliscor|106\/354 tox
|move|p1a: Gliscor|Earthquake|p2a: Zapdos
|-immune|p2a: Zapdos|[msg]
|
|-heal|p1a: Gliscor|150\/354 tox|[from] ability: Poison Heal
|turn|19
|
|switch|p1a: Chansey|Chansey, F|540\/703
|move|p2a: Zapdos|Hidden Power|p1a: Chansey
|-damage|p1a: Chansey|494\/703
|
|turn|20
|
|move|p2a: Zapdos|Volt Switch|p1a: Chansey
|-damage|p1a: Chansey|419\/703
|
|switch|p2a: Azumarill|Azumarill, M|404\/404
|move|p1a: Chansey|Wish|p1a: Chansey
|
|turn|21
|
|switch|p1a: Tentacruel|Tentacruel, F|167\/363
|move|p2a: Azumarill|Belly Drum|p2a: Azumarill
|-damage|p2a: Azumarill|202\/404
|-setboost|p2a: Azumarill|atk|6|[from] move: Belly Drum
|-enditem|p2a: Azumarill|Sitrus Berry|[eat]
|-heal|p2a: Azumarill|303\/404|[from] item: Sitrus Berry
|
|-heal|p1a: Tentacruel|363\/363|[from] move: Wish|[wisher] Chansey
|turn|22
|
|switch|p1a: Clefable|Clefable, F|394\/394
|move|p2a: Azumarill|Play Rough|p1a: Clefable
|-damage|p1a: Clefable|229\/394
|
|-heal|p1a: Clefable|253\/394|[from] item: Leftovers
|turn|23
|
|move|p1a: Clefable|Wish|p1a: Clefable
|move|p2a: Azumarill|Waterfall|p1a: Clefable
|-damage|p1a: Clefable|103\/394
|
|-heal|p1a: Clefable|127\/394|[from] item: Leftovers
|turn|24
|
|move|p1a: Clefable|Moonblast|p2a: Azumarill
|-damage|p2a: Azumarill|170\/404
|move|p2a: Azumarill|Waterfall|p1a: Clefable
|-damage|p1a: Clefable|0 fnt
|faint|p1a: Clefable
|
|
|switch|p1a: Skarmory|Skarmory, M|334\/334
|turn|25
|
|move|p2a: Azumarill|Waterfall|p1a: Skarmory
|-activate|p1a: Skarmory|Sturdy
|-damage|p1a: Skarmory|1\/334
|move|p1a: Skarmory|Whirlwind|p2a: Azumarill
|drag|p2a: Sylveon|Sylveon, F|346\/394
|
|turn|26
|
|switch|p1a: Tentacruel|Tentacruel, F|363\/363
|move|p2a: Sylveon|Hyper Voice|p1a: Tentacruel
|-resisted|p1a: Tentacruel
|-damage|p1a: Tentacruel|305\/363
|
|-heal|p1a: Tentacruel|327\/363|[from] item: Black Sludge
|turn|27
|
|move|p1a: Tentacruel|Scald|p2a: Sylveon
|-crit|p2a: Sylveon
|-damage|p2a: Sylveon|259\/394
|move|p2a: Sylveon|Wish|p2a: Sylveon
|
|-heal|p1a: Tentacruel|349\/363|[from] item: Black Sludge
|turn|28
|
|switch|p2a: Zapdos|Zapdos|114\/321
|-ability|p2a: Zapdos|Pressure
|move|p1a: Tentacruel|Acid Spray|p2a: Zapdos
|-damage|p2a: Zapdos|72\/321
|-unboost|p2a: Zapdos|spd|2
|
|-heal|p2a: Zapdos|269\/321|[from] move: Wish|[wisher] Sylveon
|-heal|p1a: Tentacruel|363\/363|[from] item: Black Sludge
|turn|29
|
|switch|p2a: Heatran|Heatran, F|235\/385
|move|p1a: Tentacruel|Scald|p2a: Heatran
|-supereffective|p2a: Heatran
|-damage|p2a: Heatran|77\/385
|
|turn|30
|
|move|p1a: Tentacruel|Scald|p2a: Heatran
|-supereffective|p2a: Heatran
|-damage|p2a: Heatran|0 fnt
|faint|p2a: Heatran
|
|
|switch|p2a: Zapdos|Zapdos|269\/321
|-ability|p2a: Zapdos|Pressure
|turn|31
|
|switch|p1a: Chansey|Chansey, F|419\/703
|move|p2a: Zapdos|Thunderbolt|p1a: Chansey
|-damage|p1a: Chansey|317\/703
|
|turn|32
|
|move|p2a: Zapdos|Volt Switch|p1a: Chansey
|-damage|p1a: Chansey|244\/703
|
|switch|p2a: Azumarill|Azumarill, M|170\/404
|move|p1a: Chansey|Soft-Boiled|p1a: Chansey
|-heal|p1a: Chansey|596\/703
|
|turn|33
|
|switch|p1a: Tentacruel|Tentacruel, F|363\/363
|move|p2a: Azumarill|Play Rough|p1a: Tentacruel
|-resisted|p1a: Tentacruel
|-damage|p1a: Tentacruel|278\/363
|
|-heal|p1a: Tentacruel|300\/363|[from] item: Black Sludge
|turn|34
|
|switch|p2a: Zapdos|Zapdos|269\/321
|-ability|p2a: Zapdos|Pressure
|move|p1a: Tentacruel|Scald|p2a: Zapdos
|-damage|p2a: Zapdos|181\/321
|
|-heal|p1a: Tentacruel|322\/363|[from] item: Black Sludge
|turn|35
|
|move|p2a: Zapdos|Volt Switch|p1a: Tentacruel
|-supereffective|p1a: Tentacruel
|-damage|p1a: Tentacruel|112\/363
|
|switch|p2a: Sylveon|Sylveon, F|259\/394
|move|p1a: Tentacruel|Scald|p2a: Sylveon
|-damage|p2a: Sylveon|196\/394
|
|-heal|p1a: Tentacruel|134\/363|[from] item: Black Sludge
|turn|36
|
|move|p1a: Tentacruel|Acid Spray|p2a: Sylveon
|-supereffective|p2a: Sylveon
|-damage|p2a: Sylveon|136\/394
|-unboost|p2a: Sylveon|spd|2
|move|p2a: Sylveon|Wish|p2a: Sylveon
|
|-heal|p1a: Tentacruel|156\/363|[from] item: Black Sludge
|turn|37
|
|switch|p2a: Azumarill|Azumarill, M|170\/404
|move|p1a: Tentacruel|Acid Spray|p2a: Azumarill
|-supereffective|p2a: Azumarill
|-damage|p2a: Azumarill|74\/404
|-unboost|p2a: Azumarill|spd|2
|
|-heal|p2a: Azumarill|271\/404|[from] move: Wish|[wisher] Sylveon
|-heal|p1a: Tentacruel|178\/363|[from] item: Black Sludge
|turn|38
|
|switch|p2a: Tyranitar|Tyranitar, M|403\/403
|-weather|Sandstorm
|move|p1a: Tentacruel|Acid Spray|p2a: Tyranitar
|-crit|p2a: Tyranitar
|-resisted|p2a: Tyranitar
|-damage|p2a: Tyranitar|389\/403
|-unboost|p2a: Tyranitar|spd|2
|
|-weather|Sandstorm|[upkeep]
|-damage|p1a: Tentacruel|156\/363|[from] sandstorm
|-heal|p1a: Tentacruel|178\/363|[from] item: Black Sludge
|turn|39
|
|switch|p1a: Gliscor|Gliscor, F|150\/354 tox
|move|p2a: Tyranitar|Earthquake|p1a: Gliscor
|-immune|p1a: Gliscor|[msg]
|
|-weather|Sandstorm|[upkeep]
|-heal|p1a: Gliscor|194\/354 tox|[from] ability: Poison Heal
|turn|40
|
|switch|p2a: Venusaur|Venusaur-Mega, F|363\/363
|move|p1a: Gliscor|Knock Off|p2a: Venusaur
|-damage|p2a: Venusaur|323\/363
|
|-weather|Sandstorm|[upkeep]
|-damage|p2a: Venusaur|301\/363|[from] sandstorm
|-heal|p1a: Gliscor|238\/354 tox|[from] ability: Poison Heal
|turn|41
|
|move|p1a: Gliscor|Taunt|p2a: Venusaur
|-start|p2a: Venusaur|move: Taunt
|cant|p2a: Venusaur|move: Taunt|Leech Seed
|
|-weather|Sandstorm|[upkeep]
|-damage|p2a: Venusaur|279\/363|[from] sandstorm
|-heal|p1a: Gliscor|282\/354 tox|[from] ability: Poison Heal
|turn|42
|
|move|p1a: Gliscor|Earthquake|p2a: Venusaur
|-damage|p2a: Venusaur|183\/363
|move|p2a: Venusaur|Giga Drain|p1a: Gliscor
|-damage|p1a: Gliscor|186\/354 tox
|-heal|p2a: Venusaur|231\/363|[from] drain|[of] p1a: Gliscor
|
|-weather|none
|-heal|p1a: Gliscor|230\/354 tox|[from] ability: Poison Heal
|turn|43
|
|move|p1a: Gliscor|Earthquake|p2a: Venusaur
|-damage|p2a: Venusaur|138\/363
|move|p2a: Venusaur|Giga Drain|p1a: Gliscor
|-damage|p1a: Gliscor|133\/354 tox
|-heal|p2a: Venusaur|187\/363|[from] drain|[of] p1a: Gliscor
|
|-heal|p1a: Gliscor|177\/354 tox|[from] ability: Poison Heal
|-end|p2a: Venusaur|move: Taunt
|turn|44
|
|move|p1a: Gliscor|Roost|p1a: Gliscor
|-heal|p1a: Gliscor|354\/354 tox
|move|p2a: Venusaur|Giga Drain|p1a: Gliscor
|-supereffective|p1a: Gliscor
|-damage|p1a: Gliscor|136\/354 tox
|-heal|p2a: Venusaur|296\/363|[from] drain|[of] p1a: Gliscor
|
|-heal|p1a: Gliscor|180\/354 tox|[from] ability: Poison Heal
|turn|45
|
|switch|p1a: Chansey|Chansey, F|596\/703
|move|p2a: Venusaur|Giga Drain|p1a: Chansey
|-damage|p1a: Chansey|518\/703
|-heal|p2a: Venusaur|335\/363|[from] drain|[of] p1a: Chansey
|
|turn|46
|
|switch|p2a: Azumarill|Azumarill, M|271\/404
|switch|p1a: Sableye|Sableye-Mega, F|154\/304
|
|turn|47
|
|switch|p1a: Skarmory|Skarmory, M|1\/334
|move|p2a: Azumarill|Play Rough|p1a: Skarmory
|-resisted|p1a: Skarmory
|-damage|p1a: Skarmory|0 fnt
|faint|p1a: Skarmory
|
|
|switch|p1a: Tentacruel|Tentacruel, F|178\/363
|turn|48
|
|switch|p2a: Tyranitar|Tyranitar, M|389\/403
|-weather|Sandstorm
|move|p1a: Tentacruel|Acid Spray|p2a: Tyranitar
|-resisted|p2a: Tyranitar
|-damage|p2a: Tyranitar|381\/403
|-unboost|p2a: Tyranitar|spd|2
|
|-weather|Sandstorm|[upkeep]
|-damage|p1a: Tentacruel|156\/363|[from] sandstorm
|-heal|p1a: Tentacruel|178\/363|[from] item: Black Sludge
|turn|49
|
|move|p1a: Tentacruel|Scald|p2a: Tyranitar
|-supereffective|p2a: Tyranitar
|-damage|p2a: Tyranitar|241\/403
|move|p2a: Tyranitar|Pursuit|p1a: Tentacruel
|-damage|p1a: Tentacruel|108\/363
|
|-weather|Sandstorm|[upkeep]
|-damage|p1a: Tentacruel|86\/363|[from] sandstorm
|-heal|p1a: Tentacruel|108\/363|[from] item: Black Sludge
|turn|50
|
|move|p1a: Tentacruel|Scald|p2a: Tyranitar
|-supereffective|p2a: Tyranitar
|-damage|p2a: Tyranitar|113\/403
|move|p2a: Tyranitar|Pursuit|p1a: Tentacruel
|-damage|p1a: Tentacruel|38\/363
|
|-weather|Sandstorm|[upkeep]
|-damage|p1a: Tentacruel|16\/363|[from] sandstorm
|-heal|p1a: Tentacruel|38\/363|[from] item: Black Sludge
|turn|51
|
|move|p1a: Tentacruel|Scald|p2a: Tyranitar
|-supereffective|p2a: Tyranitar
|-damage|p2a: Tyranitar|0 fnt
|faint|p2a: Tyranitar
|
|-weather|Sandstorm|[upkeep]
|-damage|p1a: Tentacruel|16\/363|[from] sandstorm
|-heal|p1a: Tentacruel|38\/363|[from] item: Black Sludge
|
|switch|p2a: Zapdos|Zapdos|181\/321
|-ability|p2a: Zapdos|Pressure
|turn|52
|
|switch|p1a: Chansey|Chansey, F|518\/703
|move|p2a: Zapdos|Volt Switch|p1a: Chansey
|-damage|p1a: Chansey|443\/703
|
|switch|p2a: Azumarill|Azumarill, M|271\/404
|
|-weather|none
|turn|53
|
|move|p2a: Azumarill|Belly Drum|p2a: Azumarill
|-damage|p2a: Azumarill|69\/404
|-setboost|p2a: Azumarill|atk|6|[from] move: Belly Drum
|move|p1a: Chansey|Soft-Boiled|p1a: Chansey
|-heal|p1a: Chansey|703\/703
|
|turn|54
|
|move|p2a: Azumarill|Waterfall|p1a: Chansey
|-damage|p1a: Chansey|0 fnt
|faint|p1a: Chansey
|
|
|switch|p1a: Gliscor|Gliscor, F|180\/354 tox
|turn|55
|
|move|p2a: Azumarill|Aqua Jet|p1a: Gliscor
|-supereffective|p1a: Gliscor
|-damage|p1a: Gliscor|0 fnt
|faint|p1a: Gliscor
|
|-message|JiaShengz forfeited.
|leave|JiaShengz
|
|win|Firo Prochinezo
|raw|Ladder updating...
|player|p1