|join|JiaShengz
|join|IraArchive
|player|p1|JiaShengz|170
|player|p2|IraArchive|70
|gametype|singles
|gen|6
|tier|OU (suspect test)
|rated
|clearpoke
|poke|p1|Chansey, F
|poke|p1|Clefable, F
|poke|p1|Sableye, F
|poke|p1|Gliscor, M
|poke|p1|Tentacruel, M
|poke|p1|Skarmory, F
|poke|p2|Heracross, M
|poke|p2|Heatran, M
|poke|p2|Ferrothorn, F
|poke|p2|Thundurus, M
|poke|p2|Latias, F
|poke|p2|Conkeldurr, F
|rule|Swagger Clause: Swagger is banned
|rule|Baton Pass Clause: Limit one PokÃ©mon knowing Baton Pass
|rule|Sleep Clause Mod: Limit one foe put to sleep
|rule|Species Clause: Limit one of each PokÃ©mon
|rule|OHKO Clause: OHKO moves are banned
|rule|Moody Clause: Moody is banned
|rule|Evasion Moves Clause: Evasion moves are banned
|rule|Endless Battle Clause: Forcing endless battles is banned
|rule|HP Percentage Mod: HP is shown in percentages
|teampreview
|c|âIraArchive|hey
|c|âIraArchive|it's meloettafminor
|
|start
|switch|p1a: Sableye|Sableye, F|304\/304
|switch|p2a: Heracross|Heracross, M|311\/311
|turn|1
|c|âIraArchive|from elite battle and trade
|c|âJiaShengz|michael?
|c|âJiaShengz|or ssomeone else
|c|âJiaShengz|i cant remmber but that ign is familiar
|
|detailschange|p2a: Heracross|Heracross-Mega, M
|-mega|p2a: Heracross|Heracross|Heracronite
|detailschange|p1a: Sableye|Sableye-Mega, F
|-mega|p1a: Sableye|Sableye|Sablenite
|move|p2a: Heracross|Pin Missile|p1a: Sableye
|-damage|p1a: Sableye|265\/304
|-damage|p1a: Sableye|223\/304
|-damage|p1a: Sableye|183\/304
|-damage|p1a: Sableye|146\/304
|-damage|p1a: Sableye|107\/304
|-hitcount|p1a: Sableye|5
|move|p1a: Sableye|Knock Off|p2a: Heracross
|-resisted|p2a: Heracross
|-damage|p2a: Heracross|284\/311
|
|turn|2
|
|move|p2a: Heracross|Pin Missile|p1a: Sableye
|-crit|p1a: Sableye
|-damage|p1a: Sableye|47\/304
|-damage|p1a: Sableye|7\/304
|-damage|p1a: Sableye|0 fnt
|-hitcount|p1a: Sableye|3
|faint|p1a: Sableye
|
|c|âIraArchive|yes
|c|âIraArchive|it's michael
|
|switch|p1a: Skarmory|Skarmory, F|334\/334
|turn|3
|
|move|p2a: Heracross|Close Combat|p1a: Skarmory
|-damage|p1a: Skarmory|171\/334
|-unboost|p2a: Heracross|def|1
|-unboost|p2a: Heracross|spd|1
|move|p1a: Skarmory|Stealth Rock|p2a: Heracross
|-sidestart|p2: IraArchive|move: Stealth Rock
|
|turn|4
|
|move|p2a: Heracross|Rock Blast|p1a: Skarmory
|-damage|p1a: Skarmory|147\/334
|-damage|p1a: Skarmory|124\/334
|-damage|p1a: Skarmory|98\/334
|-damage|p1a: Skarmory|72\/334
|-damage|p1a: Skarmory|47\/334
|-hitcount|p1a: Skarmory|5
|move|p1a: Skarmory|Roost|p1a: Skarmory
|-heal|p1a: Skarmory|214\/334
|
|turn|5
|
|move|p2a: Heracross|Close Combat|p1a: Skarmory
|-damage|p1a: Skarmory|54\/334
|-unboost|p2a: Heracross|def|1
|-unboost|p2a: Heracross|spd|1
|move|p1a: Skarmory|Roost|p1a: Skarmory
|-heal|p1a: Skarmory|221\/334
|
|turn|6
|
|switch|p2a: Heatran|Heatran, M|344\/344
|-damage|p2a: Heatran|301\/344|[from] Stealth Rock
|move|p1a: Skarmory|Roost|p1a: Skarmory
|-heal|p1a: Skarmory|334\/334
|
|-heal|p2a: Heatran|322\/344|[from] item: Leftovers
|turn|7
|
|switch|p1a: Tentacruel|Tentacruel, M|363\/363
|move|p2a: Heatran|Stealth Rock|p1a: Tentacruel
|-sidestart|p1: JiaShengz|move: Stealth Rock
|
|-heal|p2a: Heatran|343\/344|[from] item: Leftovers
|turn|8
|
|switch|p2a: Ferrothorn|Ferrothorn, F|352\/352
|-damage|p2a: Ferrothorn|330\/352|[from] Stealth Rock
|move|p1a: Tentacruel|Toxic Spikes|p2a: Ferrothorn
|-sidestart|p2: IraArchive|move: Toxic Spikes
|
|turn|9
|
|move|p1a: Tentacruel|Toxic Spikes|p2a: Ferrothorn
|-sidestart|p2: IraArchive|move: Toxic Spikes
|move|p2a: Ferrothorn|Thunder Wave|p1a: Tentacruel
|-status|p1a: Tentacruel|par
|
|turn|10
|
|switch|p1a: Gliscor|Gliscor, M|354\/354
|-damage|p1a: Gliscor|310\/354|[from] Stealth Rock
|switch|p2a: Conkeldurr|Conkeldurr, F|352\/352
|-damage|p2a: Conkeldurr|330\/352|[from] Stealth Rock
|-status|p2a: Conkeldurr|tox
|
|-damage|p2a: Conkeldurr|308\/352 tox|[from] psn
|-status|p1a: Gliscor|tox|[from] item: Toxic Orb
|turn|11
|
|switch|p1a: Clefable|Clefable, F|394\/394
|-damage|p1a: Clefable|345\/394|[from] Stealth Rock
|move|p2a: Conkeldurr|Ice Punch|p1a: Clefable
|-damage|p1a: Clefable|217\/394
|
|-heal|p1a: Clefable|241\/394|[from] item: Leftovers
|-damage|p2a: Conkeldurr|264\/352 tox|[from] psn
|turn|12
|
|move|p1a: Clefable|Wish|p1a: Clefable
|move|p2a: Conkeldurr|Knock Off|p1a: Clefable
|-resisted|p1a: Clefable
|-damage|p1a: Clefable|160\/394
|-enditem|p1a: Clefable|Leftovers|[from] move: Knock Off|[of] p2a: Conkeldurr
|
|-damage|p2a: Conkeldurr|198\/352 tox|[from] psn
|turn|13
|
|switch|p2a: Heatran|Heatran, M|343\/344
|-damage|p2a: Heatran|300\/344|[from] Stealth Rock
|move|p1a: Clefable|Moonblast|p2a: Heatran
|-resisted|p2a: Heatran
|-damage|p2a: Heatran|278\/344
|
|-heal|p1a: Clefable|357\/394|[from] move: Wish|[wisher] Clefable
|-heal|p2a: Heatran|299\/344|[from] item: Leftovers
|turn|14
|
|switch|p1a: Gliscor|Gliscor, M|310\/354 tox
|-damage|p1a: Gliscor|266\/354 tox|[from] Stealth Rock
|move|p2a: Heatran|Roar|p1a: Gliscor
|drag|p1a: Tentacruel|Tentacruel, M|363\/363 par
|-damage|p1a: Tentacruel|318\/363 par|[from] Stealth Rock
|
|-heal|p2a: Heatran|320\/344|[from] item: Leftovers
|-heal|p1a: Tentacruel|340\/363 par|[from] item: Black Sludge
|turn|15
|
|move|p1a: Tentacruel|Scald|p2a: Heatran
|-supereffective|p2a: Heatran
|-damage|p2a: Heatran|198\/344
|move|p2a: Heatran|Roar|p1a: Tentacruel
|drag|p1a: Gliscor|Gliscor, M|266\/354 tox
|-damage|p1a: Gliscor|222\/354 tox|[from] Stealth Rock
|
|-heal|p2a: Heatran|219\/344|[from] item: Leftovers
|-heal|p1a: Gliscor|266\/354 tox|[from] ability: Poison Heal
|turn|16
|
|switch|p2a: Latias|Latias, F|302\/302
|-damage|p2a: Latias|265\/302|[from] Stealth Rock
|move|p1a: Gliscor|Knock Off|p2a: Latias
|-supereffective|p2a: Latias
|-damage|p2a: Latias|103\/302
|-enditem|p2a: Latias|Life Orb|[from] move: Knock Off|[of] p1a: Gliscor
|
|-heal|p1a: Gliscor|310\/354 tox|[from] ability: Poison Heal
|turn|17
|
|move|p2a: Latias|Surf|p1a: Gliscor
|-supereffective|p1a: Gliscor
|-damage|p1a: Gliscor|136\/354 tox
|move|p1a: Gliscor|Taunt|p2a: Latias
|-start|p2a: Latias|move: Taunt
|
|-heal|p1a: Gliscor|180\/354 tox|[from] ability: Poison Heal
|turn|18
|
|switch|p2a: Ferrothorn|Ferrothorn, F|330\/352
|-damage|p2a: Ferrothorn|308\/352|[from] Stealth Rock
|switch|p1a: Chansey|Chansey, F|703\/703
|-damage|p1a: Chansey|616\/703|[from] Stealth Rock
|
|turn|19
|
|switch|p1a: Gliscor|Gliscor, M|180\/354 tox
|-damage|p1a: Gliscor|136\/354 tox|[from] Stealth Rock
|move|p2a: Ferrothorn|Leech Seed|p1a: Gliscor
|-start|p1a: Gliscor|move: Leech Seed
|
|-damage|p1a: Gliscor|92\/354 tox|[from] Leech Seed|[of] p2a: Ferrothorn
|-heal|p2a: Ferrothorn|352\/352|[silent]
|-heal|p1a: Gliscor|136\/354 tox|[from] ability: Poison Heal
|turn|20
|
|move|p1a: Gliscor|Roost|p1a: Gliscor
|-heal|p1a: Gliscor|313\/354 tox
|move|p2a: Ferrothorn|Gyro Ball|p1a: Gliscor
|-damage|p1a: Gliscor|174\/354 tox
|
|-damage|p1a: Gliscor|130\/354 tox|[from] Leech Seed|[of] p2a: Ferrothorn
|-heal|p1a: Gliscor|174\/354 tox|[from] ability: Poison Heal
|turn|21
|
|switch|p1a: Skarmory|Skarmory, F|334\/334
|-damage|p1a: Skarmory|293\/334|[from] Stealth Rock
|move|p2a: Ferrothorn|Gyro Ball|p1a: Skarmory
|-resisted|p1a: Skarmory
|-damage|p1a: Skarmory|259\/334
|
|turn|22
|
|move|p1a: Skarmory|Spikes|p2a: Ferrothorn
|-sidestart|p2: IraArchive|Spikes
|move|p2a: Ferrothorn|Thunder Wave|p1a: Skarmory
|-status|p1a: Skarmory|par
|
|turn|23
|
|move|p2a: Ferrothorn|Leech Seed|p1a: Skarmory
|-start|p1a: Skarmory|move: Leech Seed
|cant|p1a: Skarmory|par
|
|-damage|p1a: Skarmory|218\/334 par|[from] Leech Seed|[of] p2a: Ferrothorn
|turn|24
|
|switch|p2a: Latias|Latias, F|103\/302
|-damage|p2a: Latias|66\/302|[from] Stealth Rock
|move|p1a: Skarmory|Spikes|p2a: Latias
|-sidestart|p2: IraArchive|Spikes
|
|-damage|p1a: Skarmory|177\/334 par|[from] Leech Seed|[of] p2a: Latias
|-heal|p2a: Latias|107\/302|[silent]
|turn|25
|
|switch|p1a: Chansey|Chansey, F|616\/703
|-damage|p1a: Chansey|529\/703|[from] Stealth Rock
|move|p2a: Latias|Defog|p1a: Chansey
|-unboost|p1a: Chansey|evasion|1
|-sideend|p1: JiaShengz|Stealth Rock|[from] move: Defog|[of] p1a: Chansey
|-sideend|p2: IraArchive|Spikes|[from] move: Defog|[of] p2a: Latias
|-sideend|p2: IraArchive|Toxic Spikes|[from] move: Defog|[of] p2a: Latias
|-sideend|p2: IraArchive|Stealth Rock|[from] move: Defog|[of] p2a: Latias
|
|turn|26
|
|switch|p2a: Ferrothorn|Ferrothorn, F|352\/352
|move|p1a: Chansey|Heal Bell|p1a: Chansey
|-cureteam|p1a: Chansey|[from] move: HealBell
|
|turn|27
|
|switch|p1a: Gliscor|Gliscor, M|174\/354
|move|p2a: Ferrothorn|Leech Seed|p1a: Gliscor
|-start|p1a: Gliscor|move: Leech Seed
|
|-damage|p1a: Gliscor|130\/354|[from] Leech Seed|[of] p2a: Ferrothorn
|-status|p1a: Gliscor|tox|[from] item: Toxic Orb
|turn|28
|
|move|p1a: Gliscor|Roost|p1a: Gliscor
|-heal|p1a: Gliscor|307\/354 tox
|move|p2a: Ferrothorn|Gyro Ball|p1a: Gliscor
|-damage|p1a: Gliscor|169\/354 tox
|
|-damage|p1a: Gliscor|125\/354 tox|[from] Leech Seed|[of] p2a: Ferrothorn
|-heal|p1a: Gliscor|169\/354 tox|[from] ability: Poison Heal
|turn|29
|
|move|p1a: Gliscor|Roost|p1a: Gliscor
|-heal|p1a: Gliscor|346\/354 tox
|move|p2a: Ferrothorn|Gyro Ball|p1a: Gliscor
|-damage|p1a: Gliscor|220\/354 tox
|
|-damage|p1a: Gliscor|176\/354 tox|[from] Leech Seed|[of] p2a: Ferrothorn
|-heal|p1a: Gliscor|220\/354 tox|[from] ability: Poison Heal
|turn|30
|
|switch|p2a: Thundurus|Thundurus, M|300\/300
|move|p1a: Gliscor|Knock Off|p2a: Thundurus
|-damage|p2a: Thundurus|203\/300
|-enditem|p2a: Thundurus|Life Orb|[from] move: Knock Off|[of] p1a: Gliscor
|
|-damage|p1a: Gliscor|176\/354 tox|[from] Leech Seed|[of] p2a: Thundurus
|-heal|p2a: Thundurus|247\/300|[silent]
|-heal|p1a: Gliscor|220\/354 tox|[from] ability: Poison Heal
|turn|31
|
|switch|p2a: Heracross|Heracross-Mega, M|284\/311
|switch|p1a: Clefable|Clefable, F|357\/394
|
|turn|32
|
|move|p2a: Heracross|Bullet Seed|p1a: Clefable
|-damage|p1a: Clefable|318\/394
|-damage|p1a: Clefable|280\/394
|-damage|p1a: Clefable|244\/394
|-damage|p1a: Clefable|208\/394
|-damage|p1a: Clefable|169\/394
|-hitcount|p1a: Clefable|5
|move|p1a: Clefable|Moonblast|p2a: Heracross
|-supereffective|p2a: Heracross
|-damage|p2a: Heracross|62\/311
|
|turn|33
|c|âIraArchive|what the hell happened
|
|switch|p1a: Gliscor|Gliscor, M|220\/354 tox
|move|p2a: Heracross|Rock Blast|p1a: Gliscor
|-damage|p1a: Gliscor|183\/354 tox
|-damage|p1a: Gliscor|144\/354 tox
|-damage|p1a: Gliscor|110\/354 tox
|-damage|p1a: Gliscor|75\/354 tox
|-damage|p1a: Gliscor|42\/354 tox
|-hitcount|p1a: Gliscor|5
|
|-heal|p1a: Gliscor|86\/354 tox|[from] ability: Poison Heal
|turn|34
|
|switch|p1a: Clefable|Clefable, F|169\/394
|move|p2a: Heracross|Bullet Seed|p1a: Clefable
|-damage|p1a: Clefable|129\/394
|-damage|p1a: Clefable|92\/394
|-damage|p1a: Clefable|55\/394
|-damage|p1a: Clefable|14\/394
|-damage|p1a: Clefable|0 fnt
|-hitcount|p1a: Clefable|5
|faint|p1a: Clefable
|
|
|switch|p1a: Skarmory|Skarmory, F|177\/334
|turn|35
|c|âIraArchive|k, just an animation mistake
|
|move|p2a: Heracross|Close Combat|p1a: Skarmory
|-damage|p1a: Skarmory|9\/334
|-unboost|p2a: Heracross|def|1
|-unboost|p2a: Heracross|spd|1
|move|p1a: Skarmory|Roost|p1a: Skarmory
|-heal|p1a: Skarmory|176\/334
|
|turn|36
|
|switch|p2a: Heatran|Heatran, M|219\/344
|move|p1a: Skarmory|Roost|p1a: Skarmory
|-heal|p1a: Skarmory|334\/334
|
|-heal|p2a: Heatran|240\/344|[from] item: Leftovers
|turn|37
|
|switch|p1a: Tentacruel|Tentacruel, M|340\/363
|move|p2a: Heatran|Stealth Rock|p1a: Tentacruel
|-sidestart|p1: JiaShengz|move: Stealth Rock
|
|-heal|p1a: Tentacruel|362\/363|[from] item: Black Sludge
|-heal|p2a: Heatran|261\/344|[from] item: Leftovers
|turn|38
|
|switch|p2a: Ferrothorn|Ferrothorn, F|352\/352
|move|p1a: Tentacruel|Rapid Spin|p2a: Ferrothorn
|-resisted|p2a: Ferrothorn
|-damage|p2a: Ferrothorn|349\/352
|-damage|p1a: Tentacruel|317\/363|[from] ability: Iron Barbs|[of] p2a: Ferrothorn
|-damage|p1a: Tentacruel|257\/363|[from] item: Rocky Helmet|[of] p2a: Ferrothorn
|-sideend|p1: JiaShengz|Stealth Rock|[from] move: Rapid Spin|[of] p1a: Tentacruel
|
|-heal|p1a: Tentacruel|279\/363|[from] item: Black Sludge
|turn|39
|
|switch|p2a: Thundurus|Thundurus, M|247\/300
|move|p1a: Tentacruel|Scald|p2a: Thundurus
|-damage|p2a: Thundurus|150\/300
|
|-heal|p1a: Tentacruel|301\/363|[from] item: Black Sludge
|turn|40
|
|switch|p2a: Latias|Latias, F|107\/302
|switch|p1a: Chansey|Chansey, F|529\/703
|
|turn|41
|
|move|p2a: Latias|Healing Wish|p2a: Latias
|faint|p2a: Latias
|move|p1a: Chansey|Wish|p1a: Chansey
|
|
|switch|p2a: Heracross|Heracross-Mega, M|62\/311
|-heal|p2a: Heracross|311\/311|[from] move: Healing Wish
|turn|42
|
|switch|p1a: Skarmory|Skarmory, F|334\/334
|move|p2a: Heracross|Bullet Seed|p1a: Skarmory
|-resisted|p1a: Skarmory
|-damage|p1a: Skarmory|328\/334
|-resisted|p1a: Skarmory
|-damage|p1a: Skarmory|322\/334
|-resisted|p1a: Skarmory
|-damage|p1a: Skarmory|316\/334
|-resisted|p1a: Skarmory
|-damage|p1a: Skarmory|311\/334
|-resisted|p1a: Skarmory
|-damage|p1a: Skarmory|305\/334
|-hitcount|p1a: Skarmory|5
|
|-heal|p1a: Skarmory|334\/334|[from] move: Wish|[wisher] Chansey
|turn|43
|
|move|p2a: Heracross|Close Combat|p1a: Skarmory
|-damage|p1a: Skarmory|159\/334
|-unboost|p2a: Heracross|def|1
|-unboost|p2a: Heracross|spd|1
|move|p1a: Skarmory|Stealth Rock|p2a: Heracross
|-sidestart|p2: IraArchive|move: Stealth Rock
|
|turn|44
|
|move|p2a: Heracross|Close Combat|p1a: Skarmory
|-damage|p1a: Skarmory|0 fnt
|-unboost|p2a: Heracross|def|1
|-unboost|p2a: Heracross|spd|1
|faint|p1a: Skarmory
|
|
|switch|p1a: Tentacruel|Tentacruel, M|301\/363
|turn|45
|
|switch|p2a: Conkeldurr|Conkeldurr, F|198\/352 tox
|-damage|p2a: Conkeldurr|176\/352 tox|[from] Stealth Rock
|switch|p1a: Gliscor|Gliscor, M|86\/354 tox
|
|-heal|p1a: Gliscor|130\/354 tox|[from] ability: Poison Heal
|-damage|p2a: Conkeldurr|154\/352 tox|[from] psn
|turn|46
|
|switch|p1a: Tentacruel|Tentacruel, M|301\/363
|move|p2a: Conkeldurr|Ice Punch|p1a: Tentacruel
|-resisted|p1a: Tentacruel
|-damage|p1a: Tentacruel|234\/363
|
|-heal|p1a: Tentacruel|256\/363|[from] item: Black Sludge
|-damage|p2a: Conkeldurr|110\/352 tox|[from] psn
|turn|47
|
|move|p1a: Tentacruel|Scald|p2a: Conkeldurr
|-damage|p2a: Conkeldurr|52\/352 tox
|move|p2a: Conkeldurr|Knock Off|p1a: Tentacruel
|-damage|p1a: Tentacruel|65\/363
|-enditem|p1a: Tentacruel|Black Sludge|[from] move: Knock Off|[of] p2a: Conkeldurr
|
|-damage|p2a: Conkeldurr|0 fnt|[from] psn
|faint|p2a: Conkeldurr
|
|switch|p2a: Heracross|Heracross-Mega, M|311\/311
|-damage|p2a: Heracross|273\/311|[from] Stealth Rock
|turn|48
|
|move|p2a: Heracross|Bullet Seed|p1a: Tentacruel
|-damage|p1a: Tentacruel|23\/363
|-damage|p1a: Tentacruel|0 fnt
|-hitcount|p1a: Tentacruel|2
|faint|p1a: Tentacruel
|
|
|switch|p1a: Chansey|Chansey, F|529\/703
|turn|49
|
|switch|p1a: Gliscor|Gliscor, M|130\/354 tox
|move|p2a: Heracross|Close Combat|p1a: Gliscor
|-resisted|p1a: Gliscor
|-damage|p1a: Gliscor|0 fnt
|-unboost|p2a: Heracross|def|1
|-unboost|p2a: Heracross|spd|1
|faint|p1a: Gliscor
|
|c|âIraArchive|gg
|c|âJiaShengz|gg
|-message|JiaShengz forfeited.
|
|win|IraArchive
|raw|Ladder updating...
|leave|JiaShengz
|player|p1
|raw|JiaShengz's rating: 1511 &rarr; <strong>1489<\/strong><br \/>(-22 for losing)
|raw|IraArchive's rating: 1489 &rarr; <strong>1511<\/strong><br \/>(+22 for winning)