|join|John Apricorn
|join|JiaShengz
|player|p1|John Apricorn|16
|player|p2|JiaShengz|169
|gametype|singles
|gen|6
|tier|OU (suspect test)
|rated
|clearpoke
|poke|p1|Kyurem-Black
|poke|p1|Scizor, M
|poke|p1|Slowbro, M
|poke|p1|Clefable, M
|poke|p1|Jirachi
|poke|p1|Keldeo-Resolute
|poke|p2|Chansey, F
|poke|p2|Clefable, F
|poke|p2|Sableye, M
|poke|p2|Gliscor, F
|poke|p2|Tentacruel, M
|poke|p2|Skarmory, F
|rule|Swagger Clause: Swagger is banned
|rule|Baton Pass Clause: Limit one PokÃ©mon knowing Baton Pass
|rule|Sleep Clause Mod: Limit one foe put to sleep
|rule|Species Clause: Limit one of each PokÃ©mon
|rule|OHKO Clause: OHKO moves are banned
|rule|Moody Clause: Moody is banned
|rule|Evasion Moves Clause: Evasion moves are banned
|rule|Endless Battle Clause: Forcing endless battles is banned
|rule|HP Percentage Mod: HP is shown in percentages
|teampreview
|
|start
|switch|p1a: Jirachi|Jirachi|341\/341
|switch|p2a: Tentacruel|Tentacruel, M|363\/363
|turn|1
|
|switch|p2a: Sableye|Sableye, M|304\/304
|move|p1a: Jirachi|Substitute|p1a: Jirachi
|-start|p1a: Jirachi|Substitute
|-damage|p1a: Jirachi|256\/341
|
|-heal|p1a: Jirachi|277\/341|[from] item: Leftovers
|turn|2
|
|move|p1a: Jirachi|Iron Head|p2a: Sableye
|-damage|p2a: Sableye|202\/304
|cant|p2a: Sableye|flinch
|
|-heal|p1a: Jirachi|298\/341|[from] item: Leftovers
|turn|3
|
|move|p2a: Sableye|Recover|p2a: Sableye
|-heal|p2a: Sableye|304\/304
|move|p1a: Jirachi|Iron Head|p2a: Sableye
|-damage|p2a: Sableye|208\/304
|
|-heal|p1a: Jirachi|319\/341|[from] item: Leftovers
|turn|4
|
|move|p2a: Sableye|Recover|p2a: Sableye
|-heal|p2a: Sableye|304\/304
|move|p1a: Jirachi|Fire Punch|p2a: Sableye
|-damage|p2a: Sableye|241\/304
|
|-heal|p1a: Jirachi|340\/341|[from] item: Leftovers
|turn|5
|
|move|p1a: Jirachi|Iron Head|p2a: Sableye
|-damage|p2a: Sableye|141\/304
|cant|p2a: Sableye|flinch
|
|-heal|p1a: Jirachi|341\/341|[from] item: Leftovers
|turn|6
|
|move|p2a: Sableye|Recover|p2a: Sableye
|-heal|p2a: Sableye|293\/304
|move|p1a: Jirachi|Stealth Rock|p2a: Sableye
|-sidestart|p2: JiaShengz|move: Stealth Rock
|
|turn|7
|
|move|p1a: Jirachi|Iron Head|p2a: Sableye
|-damage|p2a: Sableye|193\/304
|cant|p2a: Sableye|flinch
|
|turn|8
|
|move|p2a: Sableye|Recover|p2a: Sableye
|-heal|p2a: Sableye|304\/304
|move|p1a: Jirachi|Iron Head|p2a: Sableye
|-crit|p2a: Sableye
|-damage|p2a: Sableye|153\/304
|
|turn|9
|
|move|p1a: Jirachi|Fire Punch|p2a: Sableye
|-damage|p2a: Sableye|89\/304
|move|p2a: Sableye|Knock Off|p1a: Jirachi
|-supereffective|p1a: Jirachi
|-end|p1a: Jirachi|Substitute
|
|turn|10
|
|switch|p1a: Clefable|Clefable, M|393\/393
|move|p2a: Sableye|Will-O-Wisp|p1a: Clefable
|-status|p1a: Clefable|brn
|
|-damage|p1a: Clefable|344\/393 brn|[from] brn
|turn|11
|
|detailschange|p2a: Sableye|Sableye-Mega, M
|-mega|p2a: Sableye|Sableye|Sablenite
|move|p2a: Sableye|Recover|p2a: Sableye
|-heal|p2a: Sableye|241\/304
|move|p1a: Clefable|Moonblast|p2a: Sableye
|-supereffective|p2a: Sableye
|-damage|p2a: Sableye|41\/304
|
|-heal|p1a: Clefable|368\/393 brn|[from] item: Leftovers
|-damage|p1a: Clefable|319\/393 brn|[from] brn
|turn|12
|
|switch|p2a: Tentacruel|Tentacruel, M|363\/363
|-damage|p2a: Tentacruel|318\/363|[from] Stealth Rock
|move|p1a: Clefable|Heal Bell|p1a: Clefable
|-cureteam|p1a: Clefable|[from] move: HealBell
|
|-heal|p2a: Tentacruel|340\/363|[from] item: Black Sludge
|-heal|p1a: Clefable|343\/393|[from] item: Leftovers
|turn|13
|
|switch|p1a: Keldeo-Resolute|Keldeo-Resolute|323\/323
|move|p2a: Tentacruel|Rapid Spin|p1a: Keldeo-Resolute
|-crit|p1a: Keldeo-Resolute
|-damage|p1a: Keldeo-Resolute|307\/323
|-sideend|p2: JiaShengz|Stealth Rock|[from] move: Rapid Spin|[of] p2a: Tentacruel
|
|-heal|p1a: Keldeo-Resolute|323\/323|[from] item: Leftovers
|-heal|p2a: Tentacruel|362\/363|[from] item: Black Sludge
|turn|14
|
|move|p1a: Keldeo-Resolute|Substitute|p1a: Keldeo-Resolute
|-start|p1a: Keldeo-Resolute|Substitute
|-damage|p1a: Keldeo-Resolute|243\/323
|move|p2a: Tentacruel|Toxic Spikes|p1a: Keldeo-Resolute
|-sidestart|p1: John Apricorn|move: Toxic Spikes
|
|-heal|p1a: Keldeo-Resolute|263\/323|[from] item: Leftovers
|-heal|p2a: Tentacruel|363\/363|[from] item: Black Sludge
|turn|15
|
|move|p1a: Keldeo-Resolute|Calm Mind|p1a: Keldeo-Resolute
|-boost|p1a: Keldeo-Resolute|spa|1
|-boost|p1a: Keldeo-Resolute|spd|1
|move|p2a: Tentacruel|Toxic Spikes|p1a: Keldeo-Resolute
|-sidestart|p1: John Apricorn|move: Toxic Spikes
|
|-heal|p1a: Keldeo-Resolute|283\/323|[from] item: Leftovers
|turn|16
|
|switch|p2a: Clefable|Clefable, F|394\/394
|move|p1a: Keldeo-Resolute|Calm Mind|p1a: Keldeo-Resolute
|-boost|p1a: Keldeo-Resolute|spa|1
|-boost|p1a: Keldeo-Resolute|spd|1
|
|-heal|p1a: Keldeo-Resolute|303\/323|[from] item: Leftovers
|turn|17
|
|move|p1a: Keldeo-Resolute|Scald|p2a: Clefable
|-damage|p2a: Clefable|252\/394
|move|p2a: Clefable|Moonblast|p1a: Keldeo-Resolute
|-supereffective|p1a: Keldeo-Resolute
|-end|p1a: Keldeo-Resolute|Substitute
|
|-heal|p1a: Keldeo-Resolute|323\/323|[from] item: Leftovers
|-heal|p2a: Clefable|276\/394|[from] item: Leftovers
|turn|18
|
|switch|p1a: Jirachi|Jirachi|341\/341
|move|p2a: Clefable|Wish|p2a: Clefable
|
|-heal|p2a: Clefable|300\/394|[from] item: Leftovers
|turn|19
|
|switch|p2a: Gliscor|Gliscor, F|354\/354
|move|p1a: Jirachi|Iron Head|p2a: Gliscor
|-damage|p2a: Gliscor|251\/354
|
|-heal|p2a: Gliscor|354\/354|[from] move: Wish|[wisher] Clefable
|-status|p2a: Gliscor|tox|[from] item: Toxic Orb
|turn|20
|
|switch|p1a: Scizor|Scizor, M|281\/281
|move|p2a: Gliscor|Earthquake|p1a: Scizor
|-damage|p1a: Scizor|176\/281
|
|turn|21
|
|switch|p1a: Slowbro|Slowbro, M|393\/393
|-status|p1a: Slowbro|tox
|move|p2a: Gliscor|Taunt|p1a: Slowbro
|-start|p1a: Slowbro|move: Taunt
|
|-damage|p1a: Slowbro|369\/393 tox|[from] psn
|turn|22
|
|switch|p1a: Clefable|Clefable, M|343\/393
|-status|p1a: Clefable|tox
|move|p2a: Gliscor|Knock Off|p1a: Clefable
|-resisted|p1a: Clefable
|-damage|p1a: Clefable|304\/393 tox
|-enditem|p1a: Clefable|Leftovers|[from] move: Knock Off|[of] p2a: Gliscor
|
|-damage|p1a: Clefable|280\/393 tox|[from] psn
|turn|23
|
|move|p2a: Gliscor|Taunt|p1a: Clefable
|-start|p1a: Clefable|move: Taunt
|move|p1a: Clefable|Moonblast|p2a: Gliscor
|-damage|p2a: Gliscor|264\/354 tox
|
|-heal|p2a: Gliscor|308\/354 tox|[from] ability: Poison Heal
|-damage|p1a: Clefable|232\/393 tox|[from] psn
|turn|24
|
|switch|p1a: Keldeo-Resolute|Keldeo-Resolute|323\/323
|-status|p1a: Keldeo-Resolute|tox
|move|p2a: Gliscor|Earthquake|p1a: Keldeo-Resolute
|-damage|p1a: Keldeo-Resolute|199\/323 tox
|
|-heal|p1a: Keldeo-Resolute|219\/323 tox|[from] item: Leftovers
|-damage|p1a: Keldeo-Resolute|199\/323 tox|[from] psn
|-heal|p2a: Gliscor|352\/354 tox|[from] ability: Poison Heal
|turn|25
|
|switch|p2a: Tentacruel|Tentacruel, M|363\/363
|move|p1a: Keldeo-Resolute|Scald|p2a: Tentacruel
|-resisted|p2a: Tentacruel
|-damage|p2a: Tentacruel|297\/363
|
|-heal|p1a: Keldeo-Resolute|219\/323 tox|[from] item: Leftovers
|-heal|p2a: Tentacruel|319\/363|[from] item: Black Sludge
|-damage|p1a: Keldeo-Resolute|179\/323 tox|[from] psn
|turn|26
|
|move|p1a: Keldeo-Resolute|Scald|p2a: Tentacruel
|-resisted|p2a: Tentacruel
|-damage|p2a: Tentacruel|258\/363
|move|p2a: Tentacruel|Acid Spray|p1a: Keldeo-Resolute
|-damage|p1a: Keldeo-Resolute|133\/323 tox
|-unboost|p1a: Keldeo-Resolute|spd|2
|
|-heal|p1a: Keldeo-Resolute|153\/323 tox|[from] item: Leftovers
|-heal|p2a: Tentacruel|280\/363|[from] item: Black Sludge
|-damage|p1a: Keldeo-Resolute|93\/323 tox|[from] psn
|turn|27
|
|switch|p1a: Scizor|Scizor, M|176\/281
|move|p2a: Tentacruel|Scald|p1a: Scizor
|-damage|p1a: Scizor|79\/281
|
|-heal|p2a: Tentacruel|302\/363|[from] item: Black Sludge
|turn|28
|
|detailschange|p1a: Scizor|Scizor-Mega, M
|-mega|p1a: Scizor|Scizor|Scizorite
|move|p2a: Tentacruel|Scald|p1a: Scizor
|-damage|p1a: Scizor|4\/281
|move|p1a: Scizor|U-turn|p2a: Tentacruel
|-resisted|p2a: Tentacruel
|-damage|p2a: Tentacruel|233\/363
|
|switch|p1a: Jirachi|Jirachi|341\/341
|
|-heal|p2a: Tentacruel|255\/363|[from] item: Black Sludge
|turn|29
|
|switch|p2a: Sableye|Sableye-Mega, M|41\/304
|move|p1a: Jirachi|Substitute|p1a: Jirachi
|-start|p1a: Jirachi|Substitute
|-damage|p1a: Jirachi|256\/341
|
|-heal|p1a: Jirachi|277\/341|[from] item: Leftovers
|turn|30
|
|switch|p2a: Gliscor|Gliscor, F|352\/354 tox
|move|p1a: Jirachi|Iron Head|p2a: Gliscor
|-damage|p2a: Gliscor|249\/354 tox
|
|-heal|p1a: Jirachi|298\/341|[from] item: Leftovers
|-heal|p2a: Gliscor|293\/354 tox|[from] ability: Poison Heal
|turn|31
|
|move|p1a: Jirachi|Fire Punch|p2a: Gliscor
|-crit|p2a: Gliscor
|-damage|p2a: Gliscor|207\/354 tox
|move|p2a: Gliscor|Taunt|p1a: Jirachi
|-start|p1a: Jirachi|move: Taunt
|
|-heal|p1a: Jirachi|319\/341|[from] item: Leftovers
|-heal|p2a: Gliscor|251\/354 tox|[from] ability: Poison Heal
|turn|32
|
|move|p1a: Jirachi|Iron Head|p2a: Gliscor
|-damage|p2a: Gliscor|148\/354 tox
|cant|p2a: Gliscor|flinch
|
|-heal|p1a: Jirachi|340\/341|[from] item: Leftovers
|-heal|p2a: Gliscor|192\/354 tox|[from] ability: Poison Heal
|turn|33
|
|move|p1a: Jirachi|Fire Punch|p2a: Gliscor
|-damage|p2a: Gliscor|128\/354 tox
|move|p2a: Gliscor|Roost|p2a: Gliscor
|-heal|p2a: Gliscor|305\/354 tox
|
|-heal|p1a: Jirachi|341\/341|[from] item: Leftovers
|-heal|p2a: Gliscor|349\/354 tox|[from] ability: Poison Heal
|turn|34
|
|move|p1a: Jirachi|Iron Head|p2a: Gliscor
|-damage|p2a: Gliscor|246\/354 tox
|cant|p2a: Gliscor|flinch
|
|-heal|p2a: Gliscor|290\/354 tox|[from] ability: Poison Heal
|-end|p1a: Jirachi|move: Taunt
|turn|35
|
|move|p1a: Jirachi|Iron Head|p2a: Gliscor
|-damage|p2a: Gliscor|191\/354 tox
|cant|p2a: Gliscor|flinch
|
|-heal|p2a: Gliscor|235\/354 tox|[from] ability: Poison Heal
|turn|36
|
|move|p1a: Jirachi|Iron Head|p2a: Gliscor
|-damage|p2a: Gliscor|139\/354 tox
|cant|p2a: Gliscor|flinch
|
|-heal|p2a: Gliscor|183\/354 tox|[from] ability: Poison Heal
|turn|37
|
|move|p1a: Jirachi|Iron Head|p2a: Gliscor
|-damage|p2a: Gliscor|80\/354 tox
|cant|p2a: Gliscor|flinch
|
|-heal|p2a: Gliscor|124\/354 tox|[from] ability: Poison Heal
|turn|38
|
|move|p1a: Jirachi|Iron Head|p2a: Gliscor
|-damage|p2a: Gliscor|24\/354 tox
|cant|p2a: Gliscor|flinch
|
|-heal|p2a: Gliscor|68\/354 tox|[from] ability: Poison Heal
|turn|39
|
|switch|p2a: Tentacruel|Tentacruel, M|255\/363
|move|p1a: Jirachi|Iron Head|p2a: Tentacruel
|-resisted|p2a: Tentacruel
|-damage|p2a: Tentacruel|199\/363
|
|-heal|p2a: Tentacruel|221\/363|[from] item: Black Sludge
|turn|40
|
|move|p1a: Jirachi|Fire Punch|p2a: Tentacruel
|-resisted|p2a: Tentacruel
|-damage|p2a: Tentacruel|183\/363
|move|p2a: Tentacruel|Scald|p1a: Jirachi
|-activate|p1a: Jirachi|Substitute|[damage]
|
|-heal|p2a: Tentacruel|205\/363|[from] item: Black Sludge
|turn|41
|
|switch|p2a: Skarmory|Skarmory, F|334\/334
|move|p1a: Jirachi|Fire Punch|p2a: Skarmory
|-supereffective|p2a: Skarmory
|-damage|p2a: Skarmory|240\/334
|
|turn|42
|
|move|p1a: Jirachi|Fire Punch|p2a: Skarmory
|-crit|p2a: Skarmory
|-supereffective|p2a: Skarmory
|-damage|p2a: Skarmory|102\/334
|move|p2a: Skarmory|Stealth Rock|p1a: Jirachi
|-sidestart|p1: John Apricorn|move: Stealth Rock
|
|turn|43
|
|move|p1a: Jirachi|Iron Head|p2a: Skarmory
|-resisted|p2a: Skarmory
|-damage|p2a: Skarmory|70\/334
|cant|p2a: Skarmory|flinch
|
|turn|44
|
|switch|p2a: Tentacruel|Tentacruel, M|205\/363
|move|p1a: Jirachi|Fire Punch|p2a: Tentacruel
|-crit|p2a: Tentacruel
|-resisted|p2a: Tentacruel
|-damage|p2a: Tentacruel|151\/363
|
|-heal|p2a: Tentacruel|173\/363|[from] item: Black Sludge
|turn|45
|
|move|p1a: Jirachi|Fire Punch|p2a: Tentacruel
|-resisted|p2a: Tentacruel
|-damage|p2a: Tentacruel|135\/363
|-status|p2a: Tentacruel|brn
|move|p2a: Tentacruel|Scald|p1a: Jirachi
|-end|p1a: Jirachi|Substitute
|
|-heal|p2a: Tentacruel|157\/363 brn|[from] item: Black Sludge
|-damage|p2a: Tentacruel|112\/363 brn|[from] brn
|turn|46
|
|switch|p2a: Chansey|Chansey, F|703\/703
|move|p1a: Jirachi|Substitute|p1a: Jirachi
|-start|p1a: Jirachi|Substitute
|-damage|p1a: Jirachi|256\/341
|
|-heal|p1a: Jirachi|277\/341|[from] item: Leftovers
|turn|47
|
|move|p1a: Jirachi|Iron Head|p2a: Chansey
|-damage|p2a: Chansey|541\/703
|move|p2a: Chansey|Heal Bell|p2a: Chansey
|-cureteam|p2a: Chansey|[from] move: HealBell
|
|-heal|p1a: Jirachi|298\/341|[from] item: Leftovers
|turn|48
|
|move|p1a: Jirachi|Iron Head|p2a: Chansey
|-damage|p2a: Chansey|375\/703
|cant|p2a: Chansey|flinch
|
|-heal|p1a: Jirachi|319\/341|[from] item: Leftovers
|turn|49
|
|move|p1a: Jirachi|Iron Head|p2a: Chansey
|-damage|p2a: Chansey|231\/703
|move|p2a: Chansey|Soft-Boiled|p2a: Chansey
|-heal|p2a: Chansey|583\/703
|
|-heal|p1a: Jirachi|340\/341|[from] item: Leftovers
|turn|50
|
|move|p1a: Jirachi|Iron Head|p2a: Chansey
|-damage|p2a: Chansey|417\/703
|cant|p2a: Chansey|flinch
|
|-heal|p1a: Jirachi|341\/341|[from] item: Leftovers
|turn|51
|
|move|p1a: Jirachi|Iron Head|p2a: Chansey
|-damage|p2a: Chansey|252\/703
|cant|p2a: Chansey|flinch
|
|turn|52
|
|switch|p2a: Tentacruel|Tentacruel, M|112\/363
|move|p1a: Jirachi|Iron Head|p2a: Tentacruel
|-resisted|p2a: Tentacruel
|-damage|p2a: Tentacruel|52\/363
|
|-heal|p2a: Tentacruel|74\/363|[from] item: Black Sludge
|turn|53
|
|move|p1a: Jirachi|Fire Punch|p2a: Tentacruel
|-resisted|p2a: Tentacruel
|-damage|p2a: Tentacruel|39\/363
|move|p2a: Tentacruel|Scald|p1a: Jirachi
|-activate|p1a: Jirachi|Substitute|[damage]
|
|-heal|p2a: Tentacruel|61\/363|[from] item: Black Sludge
|turn|54
|
|switch|p2a: Clefable|Clefable, F|300\/394
|move|p1a: Jirachi|Fire Punch|p2a: Clefable
|-damage|p2a: Clefable|237\/394
|-status|p2a: Clefable|brn
|
|-heal|p2a: Clefable|261\/394 brn|[from] item: Leftovers
|-damage|p2a: Clefable|212\/394 brn|[from] brn
|turn|55
|
|move|p2a: Clefable|Protect|p2a: Clefable
|-singleturn|p2a: Clefable|Protect
|move|p1a: Jirachi|Iron Head|p2a: Clefable
|-activate|p2a: Clefable|Protect
|
|-heal|p2a: Clefable|236\/394 brn|[from] item: Leftovers
|-damage|p2a: Clefable|187\/394 brn|[from] brn
|turn|56
|
|switch|p2a: Tentacruel|Tentacruel, M|61\/363
|move|p1a: Jirachi|Stealth Rock|p2a: Tentacruel
|-sidestart|p2: JiaShengz|move: Stealth Rock
|
|-heal|p2a: Tentacruel|83\/363|[from] item: Black Sludge
|turn|57
|
|move|p1a: Jirachi|Fire Punch|p2a: Tentacruel
|-resisted|p2a: Tentacruel
|-damage|p2a: Tentacruel|46\/363
|move|p2a: Tentacruel|Rapid Spin|p1a: Jirachi
|-resisted|p1a: Jirachi
|-activate|p1a: Jirachi|Substitute|[damage]
|-sideend|p2: JiaShengz|Stealth Rock|[from] move: Rapid Spin|[of] p2a: Tentacruel
|
|-heal|p2a: Tentacruel|68\/363|[from] item: Black Sludge
|turn|58
|
|switch|p2a: Skarmory|Skarmory, F|70\/334
|move|p1a: Jirachi|Fire Punch|p2a: Skarmory
|-supereffective|p2a: Skarmory
|-damage|p2a: Skarmory|0 fnt
|faint|p2a: Skarmory
|
|
|switch|p2a: Chansey|Chansey, F|252\/703
|turn|59
|
|move|p1a: Jirachi|Iron Head|p2a: Chansey
|-damage|p2a: Chansey|108\/703
|cant|p2a: Chansey|flinch
|
|turn|60
|-message|JiaShengz lost due to inactivity.
|
|win|John Apricorn
|raw|Ladder updating...
|raw|John Apricorn's rating: 1542 &rarr; <strong>1562<\/strong><br \/>(+20 for winning)
|raw|JiaShengz's rating: 1547 &rarr; <strong>1527<\/strong><br \/>(-20 for losing)
|leave|JiaShengz
|player|p2