|join|JiaShengz
|join|ciniglia
|player|p1|JiaShengz|168
|player|p2|ciniglia|285
|gametype|singles
|gen|6
|tier|OU (suspect test)
|rated
|clearpoke
|poke|p1|Chansey, F
|poke|p1|Clefable, F
|poke|p1|Sableye, F
|poke|p1|Heatran, F
|poke|p1|Tentacruel, F
|poke|p1|Chesnaught, F
|poke|p2|Haxorus, M, shiny
|poke|p2|Scizor, M
|poke|p2|Landorus-Therian, M
|poke|p2|Gothitelle, F
|poke|p2|Sylveon, F
|poke|p2|Metagross, shiny
|rule|Swagger Clause: Swagger is banned
|rule|Baton Pass Clause: Limit one PokÃ©mon knowing Baton Pass
|rule|Sleep Clause Mod: Limit one foe put to sleep
|rule|Species Clause: Limit one of each PokÃ©mon
|rule|OHKO Clause: OHKO moves are banned
|rule|Moody Clause: Moody is banned
|rule|Evasion Moves Clause: Evasion moves are banned
|rule|Endless Battle Clause: Forcing endless battles is banned
|rule|HP Percentage Mod: HP is shown in percentages
|teampreview
|
|start
|switch|p1a: Tentacruel|Tentacruel, F|361\/361
|switch|p2a: Sylveon|Sylveon, F|393\/393
|turn|1
|
|switch|p2a: Emilie|Gothitelle, F|282\/282
|move|p1a: Tentacruel|Toxic Spikes|p2a: Emilie
|-sidestart|p2: ciniglia|move: Toxic Spikes
|
|turn|2
|
|move|p1a: Tentacruel|Knock Off|p2a: Emilie
|-supereffective|p2a: Emilie
|-damage|p2a: Emilie|172\/282
|-enditem|p2a: Emilie|Choice Specs|[from] move: Knock Off|[of] p1a: Tentacruel
|move|p2a: Emilie|Psyshock|p1a: Tentacruel
|-supereffective|p1a: Tentacruel
|-damage|p1a: Tentacruel|103\/361
|
|-heal|p1a: Tentacruel|125\/361|[from] item: Black Sludge
|turn|3
|
|move|p1a: Tentacruel|Toxic Spikes|p2a: Emilie
|-sidestart|p2: ciniglia|move: Toxic Spikes
|move|p2a: Emilie|Psyshock|p1a: Tentacruel
|-supereffective|p1a: Tentacruel
|-damage|p1a: Tentacruel|0 fnt
|faint|p1a: Tentacruel
|
|
|switch|p1a: Heatran|Heatran, F|386\/386
|turn|4
|
|switch|p2a: Landorus-Therian|Landorus-Therian, M|319\/319
|-ability|p2a: Landorus-Therian|Intimidate|[of] p1a: Heatran
|-unboost|p1a: Heatran|atk|1
|move|p1a: Heatran|Lava Plume|p2a: Landorus-Therian
|-damage|p2a: Landorus-Therian|180\/319
|
|turn|5
|
|switch|p1a: Clefable|Clefable, F|394\/394
|move|p2a: Landorus-Therian|Earthquake|p1a: Clefable
|-damage|p1a: Clefable|232\/394
|
|-heal|p1a: Clefable|256\/394|[from] item: Leftovers
|turn|6
|
|switch|p2a: Scizor|Scizor, M|281\/281
|move|p1a: Clefable|Wish|p1a: Clefable
|
|-heal|p1a: Clefable|280\/394|[from] item: Leftovers
|turn|7
|
|switch|p1a: Sableye|Sableye, F|304\/304
|move|p2a: Scizor|Swords Dance|p2a: Scizor
|-boost|p2a: Scizor|atk|2
|
|turn|8
|
|move|p1a: Sableye|Will-O-Wisp|p2a: Scizor
|-status|p2a: Scizor|brn
|-enditem|p2a: Scizor|Lum Berry|[eat]
|-curestatus|p2a: Scizor|brn
|move|p2a: Scizor|Bug Bite|p1a: Sableye
|-damage|p1a: Sableye|99\/304
|
|turn|9
|
|detailschange|p1a: Sableye|Sableye-Mega, F
|-mega|p1a: Sableye|Sableye|Sablenite
|move|p2a: Scizor|Bullet Punch|p1a: Sableye
|-damage|p1a: Sableye|0 fnt
|faint|p1a: Sableye
|
|
|switch|p1a: Chesnaught|Chesnaught, F|380\/380
|turn|10
|
|move|p2a: Scizor|Bug Bite|p1a: Chesnaught
|-damage|p1a: Chesnaught|239\/380
|move|p1a: Chesnaught|Leech Seed|p2a: Scizor|[miss]
|-miss|p1a: Chesnaught|p2a: Scizor
|
|-heal|p1a: Chesnaught|262\/380|[from] item: Leftovers
|turn|11
|
|move|p1a: Chesnaught|Spiky Shield|p1a: Chesnaught
|-singleturn|p1a: Chesnaught|move: Protect
|move|p2a: Scizor|Swords Dance|p2a: Scizor
|-boost|p2a: Scizor|atk|2
|
|-heal|p1a: Chesnaught|285\/380|[from] item: Leftovers
|turn|12
|
|move|p2a: Scizor|Bug Bite|p1a: Chesnaught
|-damage|p1a: Chesnaught|77\/380
|move|p1a: Chesnaught|Leech Seed|p2a: Scizor
|-start|p2a: Scizor|move: Leech Seed
|
|-heal|p1a: Chesnaught|100\/380|[from] item: Leftovers
|-damage|p2a: Scizor|246\/281|[from] Leech Seed|[of] p1a: Chesnaught
|-heal|p1a: Chesnaught|135\/380|[silent]
|turn|13
|
|move|p1a: Chesnaught|Spiky Shield|p1a: Chesnaught
|-singleturn|p1a: Chesnaught|move: Protect
|move|p2a: Scizor|Swords Dance|p2a: Scizor
|-boost|p2a: Scizor|atk|2
|
|-heal|p1a: Chesnaught|158\/380|[from] item: Leftovers
|-damage|p2a: Scizor|211\/281|[from] Leech Seed|[of] p1a: Chesnaught
|-heal|p1a: Chesnaught|193\/380|[silent]
|turn|14
|
|move|p1a: Chesnaught|Spiky Shield|p1a: Chesnaught
|-fail|p1a: Chesnaught
|move|p2a: Scizor|Bug Bite|p1a: Chesnaught
|-damage|p1a: Chesnaught|0 fnt
|faint|p1a: Chesnaught
|
|c|âciniglia|gg
|
|switch|p1a: Clefable|Clefable, F|280\/394
|turn|15
|
|move|p1a: Clefable|Protect|p1a: Clefable
|-singleturn|p1a: Clefable|Protect
|move|p2a: Scizor|Bullet Punch|p1a: Clefable
|-activate|p1a: Clefable|Protect
|
|-heal|p1a: Clefable|304\/394|[from] item: Leftovers
|-damage|p2a: Scizor|176\/281|[from] Leech Seed|[of] p1a: Clefable
|-heal|p1a: Clefable|339\/394|[silent]
|turn|16
|
|move|p2a: Scizor|Bullet Punch|p1a: Clefable
|-supereffective|p1a: Clefable
|-damage|p1a: Clefable|201\/394
|move|p1a: Clefable|Wish|p1a: Clefable
|
|-heal|p1a: Clefable|225\/394|[from] item: Leftovers
|-damage|p2a: Scizor|141\/281|[from] Leech Seed|[of] p1a: Clefable
|-heal|p1a: Clefable|260\/394|[silent]
|turn|17
|
|switch|p2a: Emilie|Gothitelle, F|172\/282
|-status|p2a: Emilie|tox
|move|p1a: Clefable|Moonblast|p2a: Emilie
|-damage|p2a: Emilie|73\/282 tox
|-unboost|p2a: Emilie|spa|1
|
|-heal|p1a: Clefable|394\/394|[from] move: Wish|[wisher] Clefable
|-damage|p2a: Emilie|56\/282 tox|[from] psn
|turn|18
|
|move|p1a: Clefable|Protect|p1a: Clefable
|-singleturn|p1a: Clefable|Protect
|move|p2a: Emilie|Trick|p1a: Clefable
|-activate|p1a: Clefable|Protect
|
|-damage|p2a: Emilie|22\/282 tox|[from] psn
|turn|19
|
|move|p2a: Emilie|Trick|p1a: Clefable
|-activate|p2a: Emilie|move: Trick|[of] p1a: Clefable
|-item|p2a: Emilie|Leftovers|[from] move: Trick
|move|p1a: Clefable|Wish|p1a: Clefable
|
|-heal|p2a: Emilie|39\/282 tox|[from] item: Leftovers
|-damage|p2a: Emilie|0 fnt|[from] psn
|faint|p2a: Emilie
|
|switch|p2a: Metagross|Metagross, shiny|364\/364
|turn|20
|
|switch|p1a: Chansey|Chansey, F|703\/703
|detailschange|p2a: Metagross|Metagross-Mega, shiny
|-mega|p2a: Metagross|Metagross|Metagrossite
|move|p2a: Metagross|Meteor Mash|p1a: Chansey|[miss]
|-miss|p2a: Metagross|p1a: Chansey
|
|turn|21
|
|move|p2a: Metagross|Meteor Mash|p1a: Chansey
|-damage|p1a: Chansey|346\/703
|move|p1a: Chansey|Seismic Toss|p2a: Metagross
|-damage|p2a: Metagross|264\/364
|
|turn|22
|
|move|p2a: Metagross|Meteor Mash|p1a: Chansey
|-damage|p1a: Chansey|0 fnt
|-boost|p2a: Metagross|atk|1
|faint|p1a: Chansey
|
|
|switch|p1a: Heatran|Heatran, F|386\/386
|turn|23
|
|move|p2a: Metagross|Earthquake|p1a: Heatran
|-supereffective|p1a: Heatran
|-damage|p1a: Heatran|0 fnt
|faint|p1a: Heatran
|
|-message|JiaShengz forfeited.
|
|win|ciniglia
|raw|Ladder updating...
|leave|JiaShengz
|player|p1
|raw|JiaShengz's rating: 1420 &rarr; <strong>1391<\/strong><br \/>(-29 for losing)
|raw|ciniglia's rating: 1263 &rarr; <strong>1299<\/strong><br \/>(+36 for winning)