|join|JiaShengz
|join|The Fedora Man
|player|p1|JiaShengz|168
|player|p2|The Fedora Man|52
|gametype|singles
|gen|6
|tier|OU (suspect test)
|rated
|clearpoke
|poke|p1|Chansey, F
|poke|p1|Clefable, M
|poke|p1|Sableye, F
|poke|p1|Heatran, M
|poke|p1|Tentacruel, M
|poke|p1|Chesnaught, F
|poke|p2|Zapdos
|poke|p2|Toxicroak, F
|poke|p2|Altaria, F
|poke|p2|Claydol, shiny
|poke|p2|Rotom-Heat
|poke|p2|Bisharp, F
|rule|Swagger Clause: Swagger is banned
|rule|Baton Pass Clause: Limit one PokÃ©mon knowing Baton Pass
|rule|Sleep Clause Mod: Limit one foe put to sleep
|rule|Species Clause: Limit one of each PokÃ©mon
|rule|OHKO Clause: OHKO moves are banned
|rule|Moody Clause: Moody is banned
|rule|Evasion Moves Clause: Evasion moves are banned
|rule|Endless Battle Clause: Forcing endless battles is banned
|rule|HP Percentage Mod: HP is shown in percentages
|teampreview
|
|start
|switch|p1a: Sableye|Sableye, F|304\/304
|switch|p2a: ghost oven|Rotom-Heat|303\/303
|turn|1
|c|âThe Fedora Man|rank jiashengz
|c|âThe Fedora Man|uh
|
|switch|p1a: Heatran|Heatran, M|386\/386
|move|p2a: ghost oven|Volt Switch|p1a: Heatran
|-damage|p1a: Heatran|326\/386
|c|âThe Fedora Man|i mean
|c|âThe Fedora Man|why stall
|
|switch|p2a: thanks owle|Claydol, shiny|324\/324
|
|-heal|p1a: Heatran|350\/386|[from] item: Leftovers
|turn|2
|
|switch|p1a: Sableye|Sableye, F|304\/304
|move|p2a: thanks owle|Stealth Rock|p1a: Sableye
|-sidestart|p1: JiaShengz|move: Stealth Rock
|
|turn|3
|c|âJiaShengz|bcos why not
|
|switch|p2a: zap7|Zapdos|358\/358
|-ability|p2a: zap7|Pressure
|detailschange|p1a: Sableye|Sableye-Mega, F
|-mega|p1a: Sableye|Sableye|Sablenite
|move|p1a: Sableye|Knock Off|p2a: zap7
|-damage|p2a: zap7|250\/358
|-enditem|p2a: zap7|Life Orb|[from] move: Knock Off|[of] p1a: Sableye
|
|turn|4
|c|âThe Fedora Man|because gaining coil means you have to grind
|c|âThe Fedora Man|so you generally want your battles fast
|
|move|p2a: zap7|Thunderbolt|p1a: Sableye
|-damage|p1a: Sableye|151\/304
|move|p1a: Sableye|Will-O-Wisp|p2a: zap7
|-status|p2a: zap7|brn
|
|-damage|p2a: zap7|206\/358 brn|[from] brn
|turn|5
|c|âJiaShengz|i have all the time lol
|
|switch|p1a: Heatran|Heatran, M|350\/386
|-damage|p1a: Heatran|302\/386|[from] Stealth Rock
|move|p2a: zap7|Roost|p2a: zap7
|-heal|p2a: zap7|358\/358 brn
|
|-heal|p1a: Heatran|326\/386|[from] item: Leftovers
|-damage|p2a: zap7|314\/358 brn|[from] brn
|turn|6
|
|move|p2a: zap7|Thunderbolt|p1a: Heatran
|-damage|p1a: Heatran|211\/386
|-status|p1a: Heatran|par
|move|p1a: Heatran|Stealth Rock|p2a: zap7
|-sidestart|p2: The Fedora Man|move: Stealth Rock
|
|-heal|p1a: Heatran|235\/386 par|[from] item: Leftovers
|-damage|p2a: zap7|270\/358 brn|[from] brn
|turn|7
|
|move|p2a: zap7|Thunderbolt|p1a: Heatran
|-damage|p1a: Heatran|117\/386 par
|move|p1a: Heatran|Taunt|p2a: zap7
|-start|p2a: zap7|move: Taunt
|
|-heal|p1a: Heatran|141\/386 par|[from] item: Leftovers
|-damage|p2a: zap7|226\/358 brn|[from] brn
|turn|8
|
|switch|p1a: Chansey|Chansey, F|703\/703
|-damage|p1a: Chansey|616\/703|[from] Stealth Rock
|move|p2a: zap7|Thunderbolt|p1a: Chansey
|-damage|p1a: Chansey|513\/703
|
|-damage|p2a: zap7|182\/358 brn|[from] brn
|turn|9
|
|switch|p2a: ghost oven|Rotom-Heat|303\/303
|-damage|p2a: ghost oven|228\/303|[from] Stealth Rock
|move|p1a: Chansey|Wish|p1a: Chansey
|
|-heal|p2a: ghost oven|246\/303|[from] item: Leftovers
|turn|10
|
|move|p2a: ghost oven|Volt Switch|p1a: Chansey
|-damage|p1a: Chansey|453\/703
|
|switch|p2a: le 5050 man|Bisharp, F|271\/271
|-damage|p2a: le 5050 man|255\/271|[from] Stealth Rock
|move|p1a: Chansey|Seismic Toss|p2a: le 5050 man
|-damage|p2a: le 5050 man|155\/271
|
|-heal|p1a: Chansey|703\/703|[from] move: Wish|[wisher] Chansey
|turn|11
|
|switch|p1a: Chesnaught|Chesnaught, F|380\/380
|-damage|p1a: Chesnaught|357\/380|[from] Stealth Rock
|move|p2a: le 5050 man|Swords Dance|p2a: le 5050 man
|-boost|p2a: le 5050 man|atk|2
|
|-heal|p1a: Chesnaught|380\/380|[from] item: Leftovers
|turn|12
|
|move|p2a: le 5050 man|Iron Head|p1a: Chesnaught
|-damage|p1a: Chesnaught|203\/380
|move|p1a: Chesnaught|Drain Punch|p2a: le 5050 man
|-supereffective|p2a: le 5050 man
|-damage|p2a: le 5050 man|0 fnt
|-heal|p1a: Chesnaught|281\/380|[from] drain|[of] p2a: le 5050 man
|faint|p2a: le 5050 man
|
|-heal|p1a: Chesnaught|304\/380|[from] item: Leftovers
|
|switch|p2a: ghost oven|Rotom-Heat|246\/303
|-damage|p2a: ghost oven|171\/303|[from] Stealth Rock
|turn|13
|
|switch|p1a: Heatran|Heatran, M|141\/386 par
|-damage|p1a: Heatran|93\/386 par|[from] Stealth Rock
|move|p2a: ghost oven|Volt Switch|p1a: Heatran
|-damage|p1a: Heatran|35\/386 par
|
|switch|p2a: frog meme|Toxicroak, F|307\/307
|-damage|p2a: frog meme|288\/307|[from] Stealth Rock
|
|-heal|p2a: frog meme|307\/307|[from] item: Black Sludge
|-heal|p1a: Heatran|59\/386 par|[from] item: Leftovers
|turn|14
|
|move|p2a: frog meme|Drain Punch|p1a: Heatran
|-supereffective|p1a: Heatran
|-damage|p1a: Heatran|0 fnt
|faint|p1a: Heatran
|
|
|switch|p1a: Tentacruel|Tentacruel, M|361\/361
|-damage|p1a: Tentacruel|316\/361|[from] Stealth Rock
|turn|15
|
|move|p2a: frog meme|Swords Dance|p2a: frog meme
|-boost|p2a: frog meme|atk|2
|move|p1a: Tentacruel|Rapid Spin|p2a: frog meme
|-damage|p2a: frog meme|292\/307
|-sideend|p1: JiaShengz|Stealth Rock|[from] move: Rapid Spin|[of] p1a: Tentacruel
|
|-heal|p2a: frog meme|307\/307|[from] item: Black Sludge
|-heal|p1a: Tentacruel|338\/361|[from] item: Black Sludge
|turn|16
|
|move|p2a: frog meme|Swords Dance|p2a: frog meme
|-boost|p2a: frog meme|atk|2
|move|p1a: Tentacruel|Scald|p2a: frog meme
|-immune|p2a: frog meme|[msg]
|
|-heal|p1a: Tentacruel|360\/361|[from] item: Black Sludge
|turn|17
|
|move|p2a: frog meme|Swords Dance|p2a: frog meme
|-boost|p2a: frog meme|atk|2
|move|p1a: Tentacruel|Knock Off|p2a: frog meme
|-resisted|p2a: frog meme
|-damage|p2a: frog meme|270\/307
|-enditem|p2a: frog meme|Black Sludge|[from] move: Knock Off|[of] p1a: Tentacruel
|
|-heal|p1a: Tentacruel|361\/361|[from] item: Black Sludge
|turn|18
|
|move|p2a: frog meme|Gunk Shot|p1a: Tentacruel
|-resisted|p1a: Tentacruel
|-damage|p1a: Tentacruel|10\/361
|move|p1a: Tentacruel|Toxic Spikes|p2a: frog meme
|-sidestart|p2: The Fedora Man|move: Toxic Spikes
|
|-heal|p1a: Tentacruel|32\/361|[from] item: Black Sludge
|turn|19
|
|move|p2a: frog meme|Drain Punch|p1a: Tentacruel
|-resisted|p1a: Tentacruel
|-damage|p1a: Tentacruel|0 fnt
|-damage|p2a: frog meme|254\/307|[from] ability: Liquid Ooze|[of] p1a: Tentacruel
|faint|p1a: Tentacruel
|
|
|switch|p1a: Clefable|Clefable, M|394\/394
|turn|20
|
|move|p2a: frog meme|Gunk Shot|p1a: Clefable
|-supereffective|p1a: Clefable
|-damage|p1a: Clefable|4\/394
|-status|p1a: Clefable|psn
|move|p1a: Clefable|Moonblast|p2a: frog meme
|-damage|p2a: frog meme|94\/307
|
|-heal|p1a: Clefable|28\/394 psn|[from] item: Leftovers
|-damage|p1a: Clefable|0 fnt|[from] psn
|faint|p1a: Clefable
|
|switch|p1a: Chesnaught|Chesnaught, F|304\/380
|turn|21
|
|move|p2a: frog meme|Gunk Shot|p1a: Chesnaught
|-supereffective|p1a: Chesnaught
|-damage|p1a: Chesnaught|0 fnt
|faint|p1a: Chesnaught
|
|
|switch|p1a: Sableye|Sableye-Mega, F|151\/304
|turn|22
|
|move|p2a: frog meme|Gunk Shot|p1a: Sableye
|-resisted|p1a: Sableye
|-damage|p1a: Sableye|0 fnt
|faint|p1a: Sableye
|
|-message|JiaShengz forfeited.
|
|win|The Fedora Man
|raw|Ladder updating...
|leave|JiaShengz
|player|p1
|raw|JiaShengz's rating: 1391 &rarr; <strong>1370<\/strong><br \/>(-21 for losing)
|raw|The Fedora Man's rating: 1360 &rarr; <strong>1382<\/strong><br \/>(+22 for winning)
|join|Spurdo Sparde
|leave|Spurdo Sparde