|join|Will-I-am2
|join|JiaShengz
|player|p1|Will-I-am2|170
|player|p2|JiaShengz|265
|gametype|singles
|gen|6
|tier|OU (suspect test)
|rated
|clearpoke
|poke|p1|Registeel
|poke|p1|Mamoswine, M
|poke|p1|Hydreigon, F
|poke|p1|Slowbro, M
|poke|p1|Talonflame, F
|poke|p1|Xatu, F
|poke|p2|Chansey, F
|poke|p2|Clefable, F
|poke|p2|Sableye, M
|poke|p2|Gliscor, M
|poke|p2|Tentacruel, M
|poke|p2|Skarmory, M
|rule|Swagger Clause: Swagger is banned
|rule|Baton Pass Clause: Limit one PokÃ©mon knowing Baton Pass
|rule|Sleep Clause Mod: Limit one foe put to sleep
|rule|Species Clause: Limit one of each PokÃ©mon
|rule|OHKO Clause: OHKO moves are banned
|rule|Moody Clause: Moody is banned
|rule|Evasion Moves Clause: Evasion moves are banned
|rule|Endless Battle Clause: Forcing endless battles is banned
|rule|HP Percentage Mod: HP is shown in percentages
|teampreview
|
|start
|switch|p1a: Hydreigon|Hydreigon, F|333\/333
|switch|p2a: Sableye|Sableye, M|304\/304
|turn|1
|
|switch|p1a: Talonflame|Talonflame, F|360\/360
|detailschange|p2a: Sableye|Sableye-Mega, M
|-mega|p2a: Sableye|Sableye|Sablenite
|move|p2a: Sableye|Will-O-Wisp|p1a: Talonflame
|-fail|p1a: Talonflame
|
|turn|2
|
|move|p1a: Talonflame|Swords Dance|p1a: Talonflame
|-boost|p1a: Talonflame|atk|2
|move|p2a: Sableye|Taunt|p1a: Talonflame
|-start|p1a: Talonflame|move: Taunt
|
|turn|3
|
|move|p1a: Talonflame|Brave Bird|p2a: Sableye
|-damage|p2a: Sableye|150\/304
|-damage|p1a: Talonflame|309\/360|[from] recoil|[of] p2a: Sableye
|move|p2a: Sableye|Knock Off|p1a: Talonflame
|-damage|p1a: Talonflame|176\/360
|-enditem|p1a: Talonflame|Leftovers|[from] move: Knock Off|[of] p2a: Sableye
|
|turn|4
|
|move|p1a: Talonflame|Brave Bird|p2a: Sableye
|-damage|p2a: Sableye|0 fnt
|-damage|p1a: Talonflame|126\/360|[from] recoil|[of] p2a: Sableye
|faint|p2a: Sableye
|
|
|switch|p2a: Tentacruel|Tentacruel, M|363\/363
|turn|5
|
|switch|p1a: Slowbro|Slowbro, M|394\/394
|move|p2a: Tentacruel|Toxic Spikes|p1a: Slowbro
|-sidestart|p1: Will-I-am2|move: Toxic Spikes
|
|turn|6
|
|switch|p2a: Gliscor|Gliscor, M|354\/354
|move|p1a: Slowbro|Psychic|p2a: Gliscor
|-damage|p2a: Gliscor|234\/354
|
|-status|p2a: Gliscor|tox|[from] item: Toxic Orb
|turn|7
|
|switch|p2a: Chansey|Chansey, F|703\/703
|move|p1a: Slowbro|Scald|p2a: Chansey
|-damage|p2a: Chansey|624\/703
|
|turn|8
|
|switch|p1a: Talonflame|Talonflame, F|126\/360
|move|p2a: Chansey|Wish|p2a: Chansey
|
|turn|9
|
|switch|p2a: Tentacruel|Tentacruel, M|363\/363
|move|p1a: Talonflame|Roost|p1a: Talonflame
|-heal|p1a: Talonflame|306\/360
|
|turn|10
|
|move|p1a: Talonflame|Swords Dance|p1a: Talonflame
|-boost|p1a: Talonflame|atk|2
|move|p2a: Tentacruel|Scald|p1a: Talonflame
|-supereffective|p1a: Talonflame
|-damage|p1a: Talonflame|162\/360
|
|turn|11
|
|move|p1a: Talonflame|Roost|p1a: Talonflame
|-heal|p1a: Talonflame|342\/360
|move|p2a: Tentacruel|Acid Spray|p1a: Talonflame
|-damage|p1a: Talonflame|305\/360
|-unboost|p1a: Talonflame|spd|2
|
|turn|12
|
|move|p1a: Talonflame|Brave Bird|p2a: Tentacruel
|-damage|p2a: Tentacruel|152\/363
|-damage|p1a: Talonflame|235\/360|[from] recoil|[of] p2a: Tentacruel
|move|p2a: Tentacruel|Scald|p1a: Talonflame
|-supereffective|p1a: Talonflame
|-damage|p1a: Talonflame|0 fnt
|faint|p1a: Talonflame
|
|-heal|p2a: Tentacruel|174\/363|[from] item: Black Sludge
|
|switch|p1a: Mamoswine|Mamoswine, M|361\/361
|-status|p1a: Mamoswine|psn
|turn|13
|
|switch|p2a: Skarmory|Skarmory, M|334\/334
|move|p1a: Mamoswine|Knock Off|p2a: Skarmory
|-damage|p2a: Skarmory|242\/334
|-enditem|p2a: Skarmory|Shed Shell|[from] move: Knock Off|[of] p1a: Mamoswine
|-damage|p1a: Mamoswine|325\/361 psn|[from] item: Life Orb
|
|-damage|p1a: Mamoswine|280\/361 psn|[from] psn
|turn|14
|
|move|p1a: Mamoswine|Icicle Crash|p2a: Skarmory
|-damage|p2a: Skarmory|117\/334
|-damage|p1a: Mamoswine|244\/361 psn|[from] item: Life Orb
|move|p2a: Skarmory|Roost|p2a: Skarmory
|-heal|p2a: Skarmory|284\/334
|
|-damage|p1a: Mamoswine|199\/361 psn|[from] psn
|turn|15
|
|switch|p1a: Xatu|Xatu, F|333\/333
|move|p2a: Skarmory|Stealth Rock|p1a: Xatu
|move|p1a: Xatu|Stealth Rock|p2a: Skarmory|[from]Magic Bounce
|-sidestart|p2: JiaShengz|move: Stealth Rock
|
|turn|16
|
|switch|p2a: Gliscor|Gliscor, M|234\/354 tox
|-damage|p2a: Gliscor|190\/354 tox|[from] Stealth Rock
|move|p1a: Xatu|Heat Wave|p2a: Gliscor
|-damage|p2a: Gliscor|124\/354 tox
|
|-heal|p2a: Gliscor|168\/354 tox|[from] ability: Poison Heal
|turn|17
|
|move|p2a: Gliscor|Knock Off|p1a: Xatu
|-supereffective|p1a: Xatu
|-damage|p1a: Xatu|191\/333
|-damage|p2a: Gliscor|109\/354 tox|[from] item: Rocky Helmet|[of] p1a: Xatu
|-enditem|p1a: Xatu|Rocky Helmet|[from] move: Knock Off|[of] p2a: Gliscor
|move|p1a: Xatu|Heat Wave|p2a: Gliscor
|-damage|p2a: Gliscor|46\/354 tox
|
|-heal|p2a: Gliscor|90\/354 tox|[from] ability: Poison Heal
|turn|18
|
|move|p1a: Xatu|Heat Wave|p2a: Gliscor
|-damage|p2a: Gliscor|29\/354 tox
|move|p2a: Gliscor|Roost|p2a: Gliscor
|-heal|p2a: Gliscor|206\/354 tox
|
|-heal|p2a: Gliscor|250\/354 tox|[from] ability: Poison Heal
|turn|19
|
|move|p2a: Gliscor|Knock Off|p1a: Xatu
|-supereffective|p1a: Xatu
|-damage|p1a: Xatu|109\/333
|move|p1a: Xatu|Heat Wave|p2a: Gliscor
|-damage|p2a: Gliscor|183\/354 tox
|
|-heal|p2a: Gliscor|227\/354 tox|[from] ability: Poison Heal
|turn|20
|
|move|p1a: Xatu|Roost|p1a: Xatu
|-heal|p1a: Xatu|276\/333
|move|p2a: Gliscor|Roost|p2a: Gliscor
|-heal|p2a: Gliscor|354\/354 tox
|
|turn|21
|
|move|p2a: Gliscor|Knock Off|p1a: Xatu
|-supereffective|p1a: Xatu
|-damage|p1a: Xatu|188\/333
|move|p1a: Xatu|Heat Wave|p2a: Gliscor
|-damage|p2a: Gliscor|293\/354 tox
|
|-heal|p2a: Gliscor|337\/354 tox|[from] ability: Poison Heal
|turn|22
|
|move|p1a: Xatu|Roost|p1a: Xatu
|-heal|p1a: Xatu|333\/333
|move|p2a: Gliscor|Knock Off|p1a: Xatu
|-supereffective|p1a: Xatu
|-damage|p1a: Xatu|249\/333
|
|-heal|p2a: Gliscor|354\/354 tox|[from] ability: Poison Heal
|turn|23
|
|move|p1a: Xatu|Heat Wave|p2a: Gliscor
|-damage|p2a: Gliscor|289\/354 tox
|move|p2a: Gliscor|Knock Off|p1a: Xatu
|-supereffective|p1a: Xatu
|-damage|p1a: Xatu|159\/333
|
|-heal|p2a: Gliscor|333\/354 tox|[from] ability: Poison Heal
|turn|24
|
|switch|p2a: Tentacruel|Tentacruel, M|174\/363
|-damage|p2a: Tentacruel|129\/363|[from] Stealth Rock
|move|p1a: Xatu|Roost|p1a: Xatu
|-heal|p1a: Xatu|326\/333
|
|-heal|p2a: Tentacruel|151\/363|[from] item: Black Sludge
|turn|25
|
|move|p2a: Tentacruel|Rapid Spin|p1a: Xatu
|-damage|p1a: Xatu|317\/333
|-sideend|p2: JiaShengz|Stealth Rock|[from] move: Rapid Spin|[of] p2a: Tentacruel
|move|p1a: Xatu|U-turn|p2a: Tentacruel
|-resisted|p2a: Tentacruel
|-damage|p2a: Tentacruel|130\/363
|
|switch|p1a: Hydreigon|Hydreigon, F|333\/333
|
|-heal|p2a: Tentacruel|152\/363|[from] item: Black Sludge
|turn|26
|
|switch|p2a: Chansey|Chansey, F|624\/703
|move|p1a: Hydreigon|Focus Blast|p2a: Chansey|[miss]
|-miss|p1a: Hydreigon|p2a: Chansey
|
|turn|27
|
|switch|p1a: Xatu|Xatu, F|317\/333
|switch|p2a: Tentacruel|Tentacruel, M|152\/363
|
|-heal|p2a: Tentacruel|174\/363|[from] item: Black Sludge
|turn|28
|
|move|p2a: Tentacruel|Scald|p1a: Xatu
|-damage|p1a: Xatu|202\/333
|move|p1a: Xatu|U-turn|p2a: Tentacruel
|-resisted|p2a: Tentacruel
|-damage|p2a: Tentacruel|152\/363
|
|switch|p1a: Hydreigon|Hydreigon, F|333\/333
|
|-heal|p2a: Tentacruel|174\/363|[from] item: Black Sludge
|turn|29
|
|switch|p2a: Clefable|Clefable, F|394\/394
|move|p1a: Hydreigon|Dark Pulse|p2a: Clefable
|-resisted|p2a: Clefable
|-damage|p2a: Clefable|260\/394
|
|-heal|p2a: Clefable|284\/394|[from] item: Leftovers
|turn|30
|
|switch|p1a: Registeel|Registeel|364\/364
|move|p2a: Clefable|Wish|p2a: Clefable
|
|-heal|p2a: Clefable|308\/394|[from] item: Leftovers
|turn|31
|
|switch|p2a: Tentacruel|Tentacruel, M|174\/363
|move|p1a: Registeel|Stealth Rock|p2a: Tentacruel
|-sidestart|p2: JiaShengz|move: Stealth Rock
|
|-heal|p2a: Tentacruel|363\/363|[from] move: Wish|[wisher] Clefable
|turn|32
|
|move|p2a: Tentacruel|Rapid Spin|p1a: Registeel
|-resisted|p1a: Registeel
|-damage|p1a: Registeel|361\/364
|-sideend|p2: JiaShengz|Stealth Rock|[from] move: Rapid Spin|[of] p2a: Tentacruel
|move|p1a: Registeel|Thunder Wave|p2a: Tentacruel
|-status|p2a: Tentacruel|par
|
|-heal|p1a: Registeel|364\/364|[from] item: Leftovers
|turn|33
|
|switch|p1a: Slowbro|Slowbro, M|394\/394
|-status|p1a: Slowbro|psn
|move|p2a: Tentacruel|Scald|p1a: Slowbro
|-crit|p1a: Slowbro
|-resisted|p1a: Slowbro
|-damage|p1a: Slowbro|327\/394 psn
|
|-heal|p1a: Slowbro|351\/394 psn|[from] item: Leftovers
|-damage|p1a: Slowbro|302\/394 psn|[from] psn
|turn|34
|
|switch|p2a: Chansey|Chansey, F|624\/703
|move|p1a: Slowbro|Psychic|p2a: Chansey
|-damage|p2a: Chansey|527\/703
|
|-heal|p1a: Slowbro|326\/394 psn|[from] item: Leftovers
|-damage|p1a: Slowbro|277\/394 psn|[from] psn
|turn|35
|
|switch|p1a: Xatu|Xatu, F|202\/333
|move|p2a: Chansey|Seismic Toss|p1a: Xatu
|-damage|p1a: Xatu|102\/333
|
|turn|36
|
|switch|p2a: Tentacruel|Tentacruel, M|363\/363 par
|move|p1a: Xatu|Roost|p1a: Xatu
|-heal|p1a: Xatu|269\/333
|
|turn|37
|
|move|p1a: Xatu|U-turn|p2a: Tentacruel
|-resisted|p2a: Tentacruel
|-damage|p2a: Tentacruel|341\/363 par
|
|switch|p1a: Slowbro|Slowbro, M|394\/394 psn
|move|p2a: Tentacruel|Scald|p1a: Slowbro
|-resisted|p1a: Slowbro
|-damage|p1a: Slowbro|350\/394 psn
|
|-heal|p2a: Tentacruel|363\/363 par|[from] item: Black Sludge
|-heal|p1a: Slowbro|374\/394 psn|[from] item: Leftovers
|-damage|p1a: Slowbro|325\/394 psn|[from] psn
|turn|38
|
|switch|p2a: Gliscor|Gliscor, M|333\/354 tox
|move|p1a: Slowbro|Psychic|p2a: Gliscor
|-damage|p2a: Gliscor|215\/354 tox
|
|-heal|p1a: Slowbro|349\/394 psn|[from] item: Leftovers
|-heal|p2a: Gliscor|259\/354 tox|[from] ability: Poison Heal
|-damage|p1a: Slowbro|300\/394 psn|[from] psn
|turn|39
|
|move|p2a: Gliscor|Knock Off|p1a: Slowbro
|-supereffective|p1a: Slowbro
|-damage|p1a: Slowbro|176\/394 psn
|-enditem|p1a: Slowbro|Leftovers|[from] move: Knock Off|[of] p2a: Gliscor
|move|p1a: Slowbro|Scald|p2a: Gliscor
|-supereffective|p2a: Gliscor
|-damage|p2a: Gliscor|13\/354 tox
|
|-heal|p2a: Gliscor|57\/354 tox|[from] ability: Poison Heal
|-damage|p1a: Slowbro|127\/394 psn|[from] psn
|turn|40
|
|switch|p2a: Chansey|Chansey, F|527\/703
|move|p1a: Slowbro|Scald|p2a: Chansey
|-crit|p2a: Chansey
|-damage|p2a: Chansey|391\/703
|
|-damage|p1a: Slowbro|78\/394 psn|[from] psn
|turn|41
|
|switch|p1a: Xatu|Xatu, F|269\/333
|move|p2a: Chansey|Wish|p2a: Chansey
|
|turn|42
|
|move|p1a: Xatu|Heat Wave|p2a: Chansey
|-miss|p1a: Xatu|p2a: Chansey
|move|p2a: Chansey|Heal Bell|p2a: Chansey
|-cureteam|p2a: Chansey|[from] move: HealBell
|
|-heal|p2a: Chansey|703\/703|[from] move: Wish|[wisher] Chansey
|turn|43
|
|move|p1a: Xatu|U-turn|p2a: Chansey
|-damage|p2a: Chansey|640\/703
|
|switch|p1a: Registeel|Registeel|364\/364
|move|p2a: Chansey|Wish|p2a: Chansey
|
|turn|44
|
|switch|p2a: Gliscor|Gliscor, M|57\/354
|move|p1a: Registeel|Seismic Toss|p2a: Gliscor
|-damage|p2a: Gliscor|0 fnt
|faint|p2a: Gliscor
|
|
|switch|p2a: Tentacruel|Tentacruel, M|363\/363
|turn|45
|
|move|p2a: Tentacruel|Scald|p1a: Registeel
|-damage|p1a: Registeel|318\/364
|move|p1a: Registeel|Thunder Wave|p2a: Tentacruel
|-status|p2a: Tentacruel|par
|
|-heal|p1a: Registeel|340\/364|[from] item: Leftovers
|turn|46
|
|switch|p1a: Slowbro|Slowbro, M|209\/394 psn
|move|p2a: Tentacruel|Scald|p1a: Slowbro
|-resisted|p1a: Slowbro
|-damage|p1a: Slowbro|162\/394 psn
|
|-damage|p1a: Slowbro|113\/394 psn|[from] psn
|turn|47
|
|switch|p1a: Xatu|Xatu, F|269\/333
|move|p2a: Tentacruel|Acid Spray|p1a: Xatu
|-crit|p1a: Xatu
|-damage|p1a: Xatu|184\/333
|-unboost|p1a: Xatu|spd|2
|
|turn|48
|
|move|p1a: Xatu|U-turn|p2a: Tentacruel
|-resisted|p2a: Tentacruel
|-damage|p2a: Tentacruel|341\/363 par
|
|switch|p1a: Slowbro|Slowbro, M|244\/394 psn
|move|p2a: Tentacruel|Scald|p1a: Slowbro
|-resisted|p1a: Slowbro
|-damage|p1a: Slowbro|200\/394 psn
|
|-heal|p2a: Tentacruel|363\/363 par|[from] item: Black Sludge
|-damage|p1a: Slowbro|151\/394 psn|[from] psn
|turn|49
|
|switch|p1a: Xatu|Xatu, F|184\/333
|move|p2a: Tentacruel|Acid Spray|p1a: Xatu
|-damage|p1a: Xatu|126\/333
|-unboost|p1a: Xatu|spd|2
|
|turn|50
|
|switch|p1a: Slowbro|Slowbro, M|282\/394 psn
|move|p2a: Tentacruel|Scald|p1a: Slowbro
|-resisted|p1a: Slowbro
|-damage|p1a: Slowbro|234\/394 psn
|
|-damage|p1a: Slowbro|185\/394 psn|[from] psn
|turn|51
|
|move|p2a: Tentacruel|Scald|p1a: Slowbro
|-resisted|p1a: Slowbro
|-damage|p1a: Slowbro|143\/394 psn
|move|p1a: Slowbro|Psychic|p2a: Tentacruel
|-supereffective|p2a: Tentacruel
|-damage|p2a: Tentacruel|105\/363 par
|-unboost|p2a: Tentacruel|spd|1
|
|-heal|p2a: Tentacruel|127\/363 par|[from] item: Black Sludge
|-damage|p1a: Slowbro|94\/394 psn|[from] psn
|turn|52
|
|switch|p2a: Chansey|Chansey, F|640\/703
|switch|p1a: Xatu|Xatu, F|126\/333
|
|turn|53
|
|move|p1a: Xatu|U-turn|p2a: Chansey
|-damage|p2a: Chansey|578\/703
|
|switch|p1a: Hydreigon|Hydreigon, F|333\/333
|move|p2a: Chansey|Wish|p2a: Chansey
|
|turn|54
|
|switch|p1a: Xatu|Xatu, F|126\/333
|move|p2a: Chansey|Heal Bell|p2a: Chansey
|-cureteam|p2a: Chansey|[from] move: HealBell
|
|-heal|p2a: Chansey|703\/703|[from] move: Wish|[wisher] Chansey
|turn|55
|
|move|p1a: Xatu|U-turn|p2a: Chansey
|-damage|p2a: Chansey|646\/703
|
|switch|p1a: Registeel|Registeel|340\/364
|move|p2a: Chansey|Seismic Toss|p1a: Registeel
|-damage|p1a: Registeel|240\/364
|
|-heal|p1a: Registeel|262\/364|[from] item: Leftovers
|turn|56
|
|switch|p2a: Tentacruel|Tentacruel, M|127\/363
|move|p1a: Registeel|Stealth Rock|p2a: Tentacruel
|-sidestart|p2: JiaShengz|move: Stealth Rock
|
|-heal|p2a: Tentacruel|149\/363|[from] item: Black Sludge
|-heal|p1a: Registeel|284\/364|[from] item: Leftovers
|turn|57
|
|move|p2a: Tentacruel|Scald|p1a: Registeel
|-damage|p1a: Registeel|239\/364
|move|p1a: Registeel|Seismic Toss|p2a: Tentacruel
|-damage|p2a: Tentacruel|49\/363
|
|-heal|p2a: Tentacruel|71\/363|[from] item: Black Sludge
|-heal|p1a: Registeel|261\/364|[from] item: Leftovers
|turn|58
|
|move|p2a: Tentacruel|Rapid Spin|p1a: Registeel
|-resisted|p1a: Registeel
|-damage|p1a: Registeel|258\/364
|-sideend|p2: JiaShengz|Stealth Rock|[from] move: Rapid Spin|[of] p2a: Tentacruel
|move|p1a: Registeel|Seismic Toss|p2a: Tentacruel
|-damage|p2a: Tentacruel|0 fnt
|faint|p2a: Tentacruel
|
|-heal|p1a: Registeel|280\/364|[from] item: Leftovers
|
|switch|p2a: Skarmory|Skarmory, M|284\/334
|turn|59
|
|switch|p1a: Xatu|Xatu, F|126\/333
|move|p2a: Skarmory|Whirlwind|p1a: Xatu
|move|p1a: Xatu|Whirlwind|p2a: Skarmory|[from]Magic Bounce
|drag|p2a: Chansey|Chansey, F|646\/703
|
|turn|60
|
|switch|p2a: Clefable|Clefable, F|308\/394
|move|p1a: Xatu|Roost|p1a: Xatu
|-heal|p1a: Xatu|293\/333
|
|-heal|p2a: Clefable|332\/394|[from] item: Leftovers
|turn|61
|
|move|p1a: Xatu|U-turn|p2a: Clefable
|-resisted|p2a: Clefable
|-damage|p2a: Clefable|312\/394
|
|switch|p1a: Registeel|Registeel|280\/364
|move|p2a: Clefable|Calm Mind|p2a: Clefable
|-boost|p2a: Clefable|spa|1
|-boost|p2a: Clefable|spd|1
|
|-heal|p2a: Clefable|336\/394|[from] item: Leftovers
|-heal|p1a: Registeel|302\/364|[from] item: Leftovers
|turn|62
|
|move|p2a: Clefable|Calm Mind|p2a: Clefable
|-boost|p2a: Clefable|spa|1
|-boost|p2a: Clefable|spd|1
|move|p1a: Registeel|Thunder Wave|p2a: Clefable
|-status|p2a: Clefable|par
|
|-heal|p1a: Registeel|324\/364|[from] item: Leftovers
|-heal|p2a: Clefable|360\/394 par|[from] item: Leftovers
|turn|63
|
|move|p1a: Registeel|Iron Head|p2a: Clefable
|-supereffective|p2a: Clefable
|-damage|p2a: Clefable|226\/394 par
|move|p2a: Clefable|Wish|p2a: Clefable
|
|-heal|p1a: Registeel|346\/364|[from] item: Leftovers
|-heal|p2a: Clefable|250\/394 par|[from] item: Leftovers
|turn|64
|
|move|p1a: Registeel|Iron Head|p2a: Clefable
|-supereffective|p2a: Clefable
|-damage|p2a: Clefable|110\/394 par
|cant|p2a: Clefable|flinch
|
|-heal|p2a: Clefable|307\/394 par|[from] move: Wish|[wisher] Clefable
|-heal|p1a: Registeel|364\/364|[from] item: Leftovers
|-heal|p2a: Clefable|331\/394 par|[from] item: Leftovers
|turn|65
|
|switch|p2a: Chansey|Chansey, F|646\/703
|move|p1a: Registeel|Iron Head|p2a: Chansey
|-damage|p2a: Chansey|535\/703
|
|turn|66
|
|move|p2a: Chansey|Seismic Toss|p1a: Registeel
|-damage|p1a: Registeel|264\/364
|move|p1a: Registeel|Thunder Wave|p2a: Chansey
|-status|p2a: Chansey|par
|
|-heal|p1a: Registeel|286\/364|[from] item: Leftovers
|turn|67
|
|move|p1a: Registeel|Iron Head|p2a: Chansey
|-damage|p2a: Chansey|435\/703 par
|cant|p2a: Chansey|par
|
|-heal|p1a: Registeel|308\/364|[from] item: Leftovers
|turn|68
|
|move|p1a: Registeel|Stealth Rock|p2a: Chansey
|-sidestart|p2: JiaShengz|move: Stealth Rock
|move|p2a: Chansey|Seismic Toss|p1a: Registeel
|-damage|p1a: Registeel|208\/364
|
|-heal|p1a: Registeel|230\/364|[from] item: Leftovers
|turn|69
|
|move|p1a: Registeel|Iron Head|p2a: Chansey
|-damage|p2a: Chansey|324\/703 par
|cant|p2a: Chansey|par
|
|-heal|p1a: Registeel|252\/364|[from] item: Leftovers
|turn|70
|
|switch|p1a: Mamoswine|Mamoswine, M|199\/361 psn
|cant|p2a: Chansey|par
|
|-damage|p1a: Mamoswine|154\/361 psn|[from] psn
|turn|71
|
|switch|p2a: Skarmory|Skarmory, M|284\/334
|-damage|p2a: Skarmory|243\/334|[from] Stealth Rock
|move|p1a: Mamoswine|Icicle Crash|p2a: Skarmory
|-damage|p2a: Skarmory|113\/334
|-damage|p1a: Mamoswine|118\/361 psn|[from] item: Life Orb
|
|-damage|p1a: Mamoswine|73\/361 psn|[from] psn
|turn|72
|
|move|p1a: Mamoswine|Icicle Crash|p2a: Skarmory
|-damage|p2a: Skarmory|0 fnt
|-damage|p1a: Mamoswine|37\/361 psn|[from] item: Life Orb
|faint|p2a: Skarmory
|
|-damage|p1a: Mamoswine|0 fnt|[from] psn
|faint|p1a: Mamoswine
|
|switch|p1a: Hydreigon|Hydreigon, F|333\/333
|switch|p2a: Chansey|Chansey, F|324\/703
|-damage|p2a: Chansey|237\/703|[from] Stealth Rock
|turn|73
|
|move|p1a: Hydreigon|Focus Blast|p2a: Chansey
|-supereffective|p2a: Chansey
|-damage|p2a: Chansey|0 fnt
|faint|p2a: Chansey
|
|-message|JiaShengz forfeited.
|leave|JiaShengz
|
|win|Will-I-am2
|raw|Ladder updating...
|player|p2
|raw|Will-I-am2's rating: 1618 &rarr; <strong>1634<\/strong><br \/>(+16 for winning)
|raw|JiaShengz's rating: 1550 &rarr; <strong>1534<\/strong><br \/>(-16 for losing)