|join|JiaShengz
|join|test 56389
|player|p1|JiaShengz|168
|player|p2|test 56389|266
|gametype|singles
|gen|6
|tier|OU (suspect test)
|rated
|clearpoke
|poke|p1|Chansey, F
|poke|p1|Clefable, M
|poke|p1|Sableye, M
|poke|p1|Heatran, M
|poke|p1|Tentacruel, M
|poke|p1|Chesnaught, M
|poke|p2|Mismagius, F
|poke|p2|Smeargle, F, shiny
|poke|p2|Pinsir, M
|poke|p2|Excadrill, M
|poke|p2|Lucario, M, shiny
|poke|p2|Zapdos
|rule|Swagger Clause: Swagger is banned
|rule|Baton Pass Clause: Limit one PokÃ©mon knowing Baton Pass
|rule|Sleep Clause Mod: Limit one foe put to sleep
|rule|Species Clause: Limit one of each PokÃ©mon
|rule|OHKO Clause: OHKO moves are banned
|rule|Moody Clause: Moody is banned
|rule|Evasion Moves Clause: Evasion moves are banned
|rule|Endless Battle Clause: Forcing endless battles is banned
|rule|HP Percentage Mod: HP is shown in percentages
|teampreview
|
|start
|switch|p1a: Sableye|Sableye, M|304\/304
|switch|p2a: Zapdos|Zapdos|384\/384
|-ability|p2a: Zapdos|Pressure
|turn|1
|
|detailschange|p1a: Sableye|Sableye-Mega, M
|-mega|p1a: Sableye|Sableye|Sablenite
|move|p1a: Sableye|Will-O-Wisp|p2a: Zapdos|[miss]
|-miss|p1a: Sableye|p2a: Zapdos
|move|p2a: Zapdos|Thunderbolt|p1a: Sableye
|-damage|p1a: Sableye|156\/304
|
|turn|2
|
|switch|p1a: Chansey|Chansey, F|703\/703
|move|p2a: Zapdos|Thunderbolt|p1a: Chansey
|-damage|p1a: Chansey|595\/703
|
|turn|3
|
|switch|p2a: Excadrill|Excadrill, M|361\/361
|-ability|p2a: Excadrill|Mold Breaker
|-item|p2a: Excadrill|Air Balloon
|move|p1a: Chansey|Wish|p1a: Chansey
|
|turn|4
|
|switch|p1a: Sableye|Sableye-Mega, M|156\/304
|move|p2a: Excadrill|Iron Head|p1a: Sableye
|-damage|p1a: Sableye|45\/304
|
|-heal|p1a: Sableye|304\/304|[from] move: Wish|[wisher] Chansey
|turn|5
|
|switch|p2a: Zapdos|Zapdos|384\/384
|-ability|p2a: Zapdos|Pressure
|move|p1a: Sableye|Will-O-Wisp|p2a: Zapdos
|-status|p2a: Zapdos|brn
|
|-damage|p2a: Zapdos|336\/384 brn|[from] brn
|turn|6
|
|move|p2a: Zapdos|Thunderbolt|p1a: Sableye
|-crit|p1a: Sableye
|-damage|p1a: Sableye|73\/304
|move|p1a: Sableye|Knock Off|p2a: Zapdos
|-damage|p2a: Zapdos|219\/384 brn
|-enditem|p2a: Zapdos|Leftovers|[from] move: Knock Off|[of] p1a: Sableye
|
|-damage|p2a: Zapdos|171\/384 brn|[from] brn
|turn|7
|
|switch|p1a: Heatran|Heatran, M|386\/386
|move|p2a: Zapdos|Thunderbolt|p1a: Heatran
|-damage|p1a: Heatran|275\/386
|
|-heal|p1a: Heatran|299\/386|[from] item: Leftovers
|-damage|p2a: Zapdos|123\/384 brn|[from] brn
|turn|8
|
|switch|p2a: Smeargle|Smeargle, F, shiny|314\/314
|move|p1a: Heatran|Lava Plume|p2a: Smeargle
|-damage|p2a: Smeargle|97\/314
|
|-heal|p1a: Heatran|323\/386|[from] item: Leftovers
|turn|9
|
|switch|p1a: Sableye|Sableye-Mega, M|73\/304
|move|p2a: Smeargle|Shell Smash|p2a: Smeargle
|-boost|p2a: Smeargle|atk|2
|-boost|p2a: Smeargle|spa|2
|-boost|p2a: Smeargle|spe|2
|-unboost|p2a: Smeargle|def|1
|-unboost|p2a: Smeargle|spd|1
|
|turn|10
|
|move|p2a: Smeargle|Baton Pass|p2a: Smeargle
|
|switch|p2a: Mismagius|Mismagius, F|324\/324
|move|p1a: Sableye|Will-O-Wisp|p2a: Mismagius
|-status|p2a: Mismagius|brn
|
|-damage|p2a: Mismagius|284\/324 brn|[from] brn
|turn|11
|
|switch|p1a: Clefable|Clefable, M|394\/394
|move|p2a: Mismagius|Hex|p1a: Clefable
|-damage|p1a: Clefable|310\/394
|
|-heal|p1a: Clefable|334\/394|[from] item: Leftovers
|-damage|p2a: Mismagius|244\/324 brn|[from] brn
|turn|12
|
|move|p2a: Mismagius|Toxic|p1a: Clefable
|-status|p1a: Clefable|tox
|move|p1a: Clefable|Wish|p1a: Clefable
|
|-heal|p1a: Clefable|358\/394 tox|[from] item: Leftovers
|-damage|p2a: Mismagius|204\/324 brn|[from] brn
|-damage|p1a: Clefable|334\/394 tox|[from] psn
|turn|13
|
|move|p2a: Mismagius|Hex|p1a: Clefable
|-damage|p1a: Clefable|148\/394 tox
|move|p1a: Clefable|Moonblast|p2a: Mismagius
|-damage|p2a: Mismagius|93\/324 brn
|
|-heal|p1a: Clefable|345\/394 tox|[from] move: Wish|[wisher] Clefable
|-heal|p1a: Clefable|369\/394 tox|[from] item: Leftovers
|-damage|p2a: Mismagius|53\/324 brn|[from] brn
|-damage|p1a: Clefable|321\/394 tox|[from] psn
|turn|14
|
|move|p2a: Mismagius|Skill Swap|p1a: Clefable
|-activate|p2a: Mismagius|move: Skill Swap|Unaware|Levitate|[of] p1a: Clefable
|move|p1a: Clefable|Wish|p1a: Clefable
|
|-heal|p1a: Clefable|345\/394 tox|[from] item: Leftovers
|-damage|p2a: Mismagius|13\/324 brn|[from] brn
|-damage|p1a: Clefable|273\/394 tox|[from] psn
|turn|15
|
|move|p1a: Clefable|Protect|p1a: Clefable
|-singleturn|p1a: Clefable|Protect
|move|p2a: Mismagius|Curse|p1a: Clefable
|-start|p1a: Clefable|Curse|[of] p2a: Mismagius
|-damage|p2a: Mismagius|0 fnt
|faint|p2a: Mismagius
|
|-heal|p1a: Clefable|394\/394 tox|[from] move: Wish|[wisher] Clefable
|-damage|p1a: Clefable|298\/394 tox|[from] psn
|-damage|p1a: Clefable|200\/394 tox|[from] Curse
|
|switch|p2a: Zapdos|Zapdos|123\/384 brn
|-ability|p2a: Zapdos|Pressure
|turn|16
|
|switch|p1a: Heatran|Heatran, M|323\/386
|move|p2a: Zapdos|Roost|p2a: Zapdos
|-heal|p2a: Zapdos|315\/384 brn
|
|-heal|p1a: Heatran|347\/386|[from] item: Leftovers
|-damage|p2a: Zapdos|267\/384 brn|[from] brn
|turn|17
|
|move|p2a: Zapdos|Thunderbolt|p1a: Heatran
|-damage|p1a: Heatran|229\/386
|move|p1a: Heatran|Lava Plume|p2a: Zapdos
|-damage|p2a: Zapdos|144\/384 brn
|
|-heal|p1a: Heatran|253\/386|[from] item: Leftovers
|-damage|p2a: Zapdos|96\/384 brn|[from] brn
|turn|18
|
|move|p2a: Zapdos|Roost|p2a: Zapdos
|-heal|p2a: Zapdos|288\/384 brn
|move|p1a: Heatran|Stealth Rock|p2a: Zapdos
|-sidestart|p2: test 56389|move: Stealth Rock
|
|-heal|p1a: Heatran|277\/386|[from] item: Leftovers
|-damage|p2a: Zapdos|240\/384 brn|[from] brn
|turn|19
|
|move|p2a: Zapdos|Thunderbolt|p1a: Heatran
|-damage|p1a: Heatran|168\/386
|move|p1a: Heatran|Taunt|p2a: Zapdos
|-start|p2a: Zapdos|move: Taunt
|
|-heal|p1a: Heatran|192\/386|[from] item: Leftovers
|-damage|p2a: Zapdos|192\/384 brn|[from] brn
|turn|20
|
|move|p2a: Zapdos|Thunderbolt|p1a: Heatran
|-damage|p1a: Heatran|68\/386
|move|p1a: Heatran|Lava Plume|p2a: Zapdos
|-damage|p2a: Zapdos|71\/384 brn
|
|-heal|p1a: Heatran|92\/386|[from] item: Leftovers
|-damage|p2a: Zapdos|23\/384 brn|[from] brn
|turn|21
|
|switch|p1a: Chesnaught|Chesnaught, M|380\/380
|move|p2a: Zapdos|Thunderbolt|p1a: Chesnaught
|-resisted|p1a: Chesnaught
|-damage|p1a: Chesnaught|263\/380
|
|-heal|p1a: Chesnaught|286\/380|[from] item: Leftovers
|-damage|p2a: Zapdos|0 fnt|[from] brn
|faint|p2a: Zapdos
|
|switch|p2a: Smeargle|Smeargle, F, shiny|97\/314
|-damage|p2a: Smeargle|58\/314|[from] Stealth Rock
|turn|22
|
|move|p2a: Smeargle|Shell Smash|p2a: Smeargle
|-boost|p2a: Smeargle|atk|2
|-boost|p2a: Smeargle|spa|2
|-boost|p2a: Smeargle|spe|2
|-unboost|p2a: Smeargle|def|1
|-unboost|p2a: Smeargle|spd|1
|move|p1a: Chesnaught|Drain Punch|p2a: Smeargle
|-supereffective|p2a: Smeargle
|-damage|p2a: Smeargle|0 fnt
|-heal|p1a: Chesnaught|315\/380|[from] drain|[of] p2a: Smeargle
|faint|p2a: Smeargle
|
|-heal|p1a: Chesnaught|338\/380|[from] item: Leftovers
|
|switch|p2a: Pinsir|Pinsir, M|271\/271
|-damage|p2a: Pinsir|204\/271|[from] Stealth Rock
|turn|23
|
|detailschange|p2a: Pinsir|Pinsir-Mega, M
|-mega|p2a: Pinsir|Pinsir|Pinsirite
|move|p2a: Pinsir|Return|p1a: Chesnaught
|-supereffective|p1a: Chesnaught
|-damage|p1a: Chesnaught|0 fnt
|faint|p1a: Chesnaught
|
|
|switch|p1a: Tentacruel|Tentacruel, M|361\/361
|turn|24
|
|move|p2a: Pinsir|Earthquake|p1a: Tentacruel
|-supereffective|p1a: Tentacruel
|-damage|p1a: Tentacruel|83\/361
|move|p1a: Tentacruel|Scald|p2a: Pinsir
|-damage|p2a: Pinsir|125\/271
|
|-heal|p1a: Tentacruel|105\/361|[from] item: Black Sludge
|turn|25
|
|move|p2a: Pinsir|Earthquake|p1a: Tentacruel
|-supereffective|p1a: Tentacruel
|-damage|p1a: Tentacruel|0 fnt
|faint|p1a: Tentacruel
|
|
|switch|p1a: Chansey|Chansey, F|595\/703
|turn|26
|
|move|p2a: Pinsir|Close Combat|p1a: Chansey
|-supereffective|p1a: Chansey
|-damage|p1a: Chansey|135\/703
|-unboost|p2a: Pinsir|def|1
|-unboost|p2a: Pinsir|spd|1
|move|p1a: Chansey|Wish|p1a: Chansey
|
|turn|27
|
|move|p2a: Pinsir|Return|p1a: Chansey
|-damage|p1a: Chansey|0 fnt
|faint|p1a: Chansey
|
|
|switch|p1a: Clefable|Clefable, M|200\/394 tox
|turn|28
|
|move|p2a: Pinsir|Return|p1a: Clefable
|-damage|p1a: Clefable|0 fnt
|faint|p1a: Clefable
|
|-message|JiaShengz forfeited.
|
|win|test 56389
|raw|Ladder updating...
|leave|JiaShengz
|player|p1
|raw|JiaShengz's rating: 1420 &rarr; <strong>1393<\/strong><br \/>(-27 for losing)
|raw|test 56389's rating: 1280 &rarr; <strong>1314<\/strong><br \/>(+34 for winning)