|join|To Test
|join|JiaShengz
|player|p1|To Test|169
|player|p2|JiaShengz|170
|gametype|singles
|gen|6
|tier|OU (suspect test)
|rated
|clearpoke
|poke|p1|Tyranitar, M, shiny
|poke|p1|Gardevoir, F
|poke|p1|Landorus-Therian, M
|poke|p1|Ferrothorn, F
|poke|p1|Latios, M
|poke|p1|Heatran, M
|poke|p2|Chansey, F
|poke|p2|Clefable, M
|poke|p2|Sableye, M
|poke|p2|Gliscor, M
|poke|p2|Tentacruel, F
|poke|p2|Skarmory, F
|rule|Swagger Clause: Swagger is banned
|rule|Baton Pass Clause: Limit one PokÃ©mon knowing Baton Pass
|rule|Sleep Clause Mod: Limit one foe put to sleep
|rule|Species Clause: Limit one of each PokÃ©mon
|rule|OHKO Clause: OHKO moves are banned
|rule|Moody Clause: Moody is banned
|rule|Evasion Moves Clause: Evasion moves are banned
|rule|Endless Battle Clause: Forcing endless battles is banned
|rule|HP Percentage Mod: HP is shown in percentages
|teampreview
|
|start
|switch|p1a: Isis|Gardevoir, F|277\/277
|switch|p2a: Gliscor|Gliscor, M|354\/354
|-ability|p1a: Isis|Poison Heal|[from] ability: Trace|[of] p2a: Gliscor
|turn|1
|
|switch|p1a: Ironside|Ferrothorn, F|352\/352
|move|p2a: Gliscor|Earthquake|p1a: Ironside
|-damage|p1a: Ironside|274\/352
|
|-heal|p1a: Ironside|296\/352|[from] item: Leftovers
|-status|p2a: Gliscor|tox|[from] item: Toxic Orb
|turn|2
|
|switch|p1a: Isis|Gardevoir, F|277\/277
|-ability|p1a: Isis|Poison Heal|[from] ability: Trace|[of] p2a: Gliscor
|move|p2a: Gliscor|Taunt|p1a: Isis
|-start|p1a: Isis|move: Taunt
|
|turn|3
|join|ALEXwarwick
|
|switch|p1a: Primal|Landorus-Therian, M|320\/320
|-ability|p1a: Primal|Intimidate|[of] p2a: Gliscor
|-unboost|p2a: Gliscor|atk|1
|move|p2a: Gliscor|Knock Off|p1a: Primal
|-damage|p1a: Primal|267\/320
|-enditem|p1a: Primal|Choice Scarf|[from] move: Knock Off|[of] p2a: Gliscor
|
|turn|4
|
|switch|p2a: Tentacruel|Tentacruel, F|363\/363
|move|p1a: Primal|Knock Off|p2a: Tentacruel
|-damage|p2a: Tentacruel|237\/363
|-enditem|p2a: Tentacruel|Black Sludge|[from] move: Knock Off|[of] p1a: Primal
|
|turn|5
|
|move|p1a: Primal|Earthquake|p2a: Tentacruel
|-supereffective|p2a: Tentacruel
|-damage|p2a: Tentacruel|0 fnt
|faint|p2a: Tentacruel
|
|
|switch|p2a: Skarmory|Skarmory, F|334\/334
|turn|6
|
|move|p1a: Primal|Knock Off|p2a: Skarmory
|-damage|p2a: Skarmory|258\/334
|-enditem|p2a: Skarmory|Shed Shell|[from] move: Knock Off|[of] p1a: Primal
|move|p2a: Skarmory|Stealth Rock|p1a: Primal
|-sidestart|p1: To Test|move: Stealth Rock
|
|turn|7
|
|switch|p1a: Smaug|Heatran, M|324\/324
|-damage|p1a: Smaug|284\/324|[from] Stealth Rock
|switch|p2a: Gliscor|Gliscor, M|354\/354 tox
|
|-heal|p1a: Smaug|304\/324|[from] item: Leftovers
|turn|8
|
|switch|p1a: Primal|Landorus-Therian, M|267\/320
|-damage|p1a: Primal|227\/320|[from] Stealth Rock
|-ability|p1a: Primal|Intimidate|[of] p2a: Gliscor
|-unboost|p2a: Gliscor|atk|1
|switch|p2a: Skarmory|Skarmory, F|258\/334
|
|turn|9
|
|move|p1a: Primal|Stone Edge|p2a: Skarmory
|-damage|p2a: Skarmory|182\/334
|move|p2a: Skarmory|Whirlwind|p1a: Primal
|drag|p1a: Jetstream|Latios, M|301\/301
|-damage|p1a: Jetstream|264\/301|[from] Stealth Rock
|
|turn|10
|
|switch|p1a: Smaug|Heatran, M|304\/324
|-damage|p1a: Smaug|264\/324|[from] Stealth Rock
|switch|p2a: Gliscor|Gliscor, M|354\/354 tox
|
|-heal|p1a: Smaug|284\/324|[from] item: Leftovers
|turn|11
|
|switch|p1a: Ironside|Ferrothorn, F|296\/352
|-damage|p1a: Ironside|274\/352|[from] Stealth Rock
|move|p2a: Gliscor|Earthquake|p1a: Ironside
|-damage|p1a: Ironside|208\/352
|
|-heal|p1a: Ironside|230\/352|[from] item: Leftovers
|turn|12
|
|switch|p1a: Jetstream|Latios, M|264\/301
|-damage|p1a: Jetstream|227\/301|[from] Stealth Rock
|move|p2a: Gliscor|Taunt|p1a: Jetstream
|-start|p1a: Jetstream|move: Taunt
|
|turn|13
|
|move|p1a: Jetstream|Draco Meteor|p2a: Gliscor
|-damage|p2a: Gliscor|72\/354 tox
|-unboost|p1a: Jetstream|spa|2
|-damage|p1a: Jetstream|197\/301|[from] item: Life Orb
|move|p2a: Gliscor|Knock Off|p1a: Jetstream
|-supereffective|p1a: Jetstream
|-damage|p1a: Jetstream|17\/301
|-enditem|p1a: Jetstream|Life Orb|[from] move: Knock Off|[of] p2a: Gliscor
|
|-heal|p2a: Gliscor|116\/354 tox|[from] ability: Poison Heal
|turn|14
|
|switch|p2a: Chansey|Chansey, F|703\/703
|move|p1a: Jetstream|Draco Meteor|p2a: Chansey
|-damage|p2a: Chansey|630\/703
|-unboost|p1a: Jetstream|spa|2
|
|turn|15
|
|switch|p1a: Smaug|Heatran, M|284\/324
|-damage|p1a: Smaug|244\/324|[from] Stealth Rock
|switch|p2a: Gliscor|Gliscor, M|116\/354 tox
|
|-heal|p1a: Smaug|264\/324|[from] item: Leftovers
|-heal|p2a: Gliscor|160\/354 tox|[from] ability: Poison Heal
|turn|16
|
|move|p1a: Smaug|Lava Plume|p2a: Gliscor
|-damage|p2a: Gliscor|49\/354 tox
|move|p2a: Gliscor|Roost|p2a: Gliscor
|-heal|p2a: Gliscor|226\/354 tox
|
|-heal|p1a: Smaug|284\/324|[from] item: Leftovers
|-heal|p2a: Gliscor|270\/354 tox|[from] ability: Poison Heal
|turn|17
|
|switch|p1a: Primal|Landorus-Therian, M|227\/320
|-damage|p1a: Primal|187\/320|[from] Stealth Rock
|-ability|p1a: Primal|Intimidate|[of] p2a: Gliscor
|-unboost|p2a: Gliscor|atk|1
|move|p2a: Gliscor|Taunt|p1a: Primal
|-start|p1a: Primal|move: Taunt
|
|-heal|p2a: Gliscor|314\/354 tox|[from] ability: Poison Heal
|turn|18
|
|move|p1a: Primal|Knock Off|p2a: Gliscor
|-damage|p2a: Gliscor|207\/354 tox
|-enditem|p2a: Gliscor|Toxic Orb|[from] move: Knock Off|[of] p1a: Primal
|move|p2a: Gliscor|Knock Off|p1a: Primal
|-damage|p1a: Primal|154\/320
|
|-heal|p2a: Gliscor|251\/354 tox|[from] ability: Poison Heal
|turn|19
|
|move|p1a: Primal|Stone Edge|p2a: Gliscor
|-crit|p2a: Gliscor
|-damage|p2a: Gliscor|102\/354 tox
|move|p2a: Gliscor|Knock Off|p1a: Primal
|-damage|p1a: Primal|116\/320
|
|-heal|p2a: Gliscor|146\/354 tox|[from] ability: Poison Heal
|turn|20
|
|switch|p1a: Isis|Gardevoir, F|277\/277
|-damage|p1a: Isis|243\/277|[from] Stealth Rock
|-ability|p1a: Isis|Poison Heal|[from] ability: Trace|[of] p2a: Gliscor
|move|p2a: Gliscor|Roost|p2a: Gliscor
|-heal|p2a: Gliscor|323\/354 tox
|
|-heal|p2a: Gliscor|354\/354 tox|[from] ability: Poison Heal
|turn|21
|
|switch|p2a: Chansey|Chansey, F|630\/703
|detailschange|p1a: Isis|Gardevoir-Mega, F
|-mega|p1a: Isis|Gardevoir|Gardevoirite
|move|p1a: Isis|Hyper Voice|p2a: Chansey
|-damage|p2a: Chansey|455\/703
|
|turn|22
|
|switch|p2a: Sableye|Sableye, M|304\/304
|move|p1a: Isis|Substitute|p1a: Isis
|-start|p1a: Isis|Substitute
|-damage|p1a: Isis|174\/277
|
|turn|23
|
|switch|p2a: Chansey|Chansey, F|455\/703
|move|p1a: Isis|Hyper Voice|p2a: Chansey
|-damage|p2a: Chansey|283\/703
|
|turn|24
|
|move|p1a: Isis|Focus Blast|p2a: Chansey
|-crit|p2a: Chansey
|-supereffective|p2a: Chansey
|-damage|p2a: Chansey|0 fnt
|faint|p2a: Chansey
|
|c|âTo Test|woo!
|
|switch|p2a: Clefable|Clefable, M|394\/394
|turn|25
|
|move|p1a: Isis|Hyper Voice|p2a: Clefable
|-damage|p2a: Clefable|111\/394
|move|p2a: Clefable|Calm Mind|p2a: Clefable
|-boost|p2a: Clefable|spa|1
|-boost|p2a: Clefable|spd|1
|
|-heal|p2a: Clefable|135\/394|[from] item: Leftovers
|turn|26
|
|move|p2a: Clefable|Protect|p2a: Clefable
|-singleturn|p2a: Clefable|Protect
|move|p1a: Isis|Hyper Voice|p2a: Clefable
|-activate|p2a: Clefable|Protect
|
|-heal|p2a: Clefable|159\/394|[from] item: Leftovers
|turn|27
|
|move|p2a: Clefable|Protect|p2a: Clefable
|-fail|p2a: Clefable
|move|p1a: Isis|Hyper Voice|p2a: Clefable
|-crit|p2a: Clefable
|-damage|p2a: Clefable|0 fnt
|faint|p2a: Clefable
|
|
|switch|p2a: Skarmory|Skarmory, F|182\/334
|turn|28
|
|move|p1a: Isis|Focus Blast|p2a: Skarmory
|-damage|p2a: Skarmory|0 fnt
|faint|p2a: Skarmory
|
|
|switch|p2a: Gliscor|Gliscor, M|354\/354 tox
|turn|29
|
|move|p1a: Isis|Hyper Voice|p2a: Gliscor
|-damage|p2a: Gliscor|101\/354 tox
|move|p2a: Gliscor|Roost|p2a: Gliscor
|-heal|p2a: Gliscor|278\/354 tox
|
|-heal|p2a: Gliscor|322\/354 tox|[from] ability: Poison Heal
|turn|30
|
|move|p1a: Isis|Hyper Voice|p2a: Gliscor
|-damage|p2a: Gliscor|79\/354 tox
|move|p2a: Gliscor|Roost|p2a: Gliscor
|-heal|p2a: Gliscor|256\/354 tox
|
|-heal|p2a: Gliscor|300\/354 tox|[from] ability: Poison Heal
|turn|31
|
|move|p1a: Isis|Hyper Voice|p2a: Gliscor
|-damage|p2a: Gliscor|72\/354 tox
|move|p2a: Gliscor|Roost|p2a: Gliscor
|-heal|p2a: Gliscor|249\/354 tox
|
|-heal|p2a: Gliscor|293\/354 tox|[from] ability: Poison Heal
|turn|32
|
|move|p1a: Isis|Hyper Voice|p2a: Gliscor
|-damage|p2a: Gliscor|50\/354 tox
|move|p2a: Gliscor|Roost|p2a: Gliscor
|-heal|p2a: Gliscor|227\/354 tox
|
|-heal|p2a: Gliscor|271\/354 tox|[from] ability: Poison Heal
|turn|33
|
|move|p1a: Isis|Hyper Voice|p2a: Gliscor
|-damage|p2a: Gliscor|54\/354 tox
|move|p2a: Gliscor|Roost|p2a: Gliscor
|-heal|p2a: Gliscor|231\/354 tox
|
|-heal|p2a: Gliscor|275\/354 tox|[from] ability: Poison Heal
|turn|34
|
|move|p1a: Isis|Hyper Voice|p2a: Gliscor
|-damage|p2a: Gliscor|40\/354 tox
|move|p2a: Gliscor|Roost|p2a: Gliscor
|-heal|p2a: Gliscor|217\/354 tox
|
|-heal|p2a: Gliscor|261\/354 tox|[from] ability: Poison Heal
|turn|35
|
|move|p1a: Isis|Hyper Voice|p2a: Gliscor
|-damage|p2a: Gliscor|39\/354 tox
|move|p2a: Gliscor|Roost|p2a: Gliscor
|-heal|p2a: Gliscor|216\/354 tox
|
|-heal|p2a: Gliscor|260\/354 tox|[from] ability: Poison Heal
|turn|36
|
|move|p1a: Isis|Hyper Voice|p2a: Gliscor
|-damage|p2a: Gliscor|46\/354 tox
|move|p2a: Gliscor|Roost|p2a: Gliscor
|-heal|p2a: Gliscor|223\/354 tox
|
|-heal|p2a: Gliscor|267\/354 tox|[from] ability: Poison Heal
|turn|37
|
|switch|p1a: Ironside|Ferrothorn, F|230\/352
|-damage|p1a: Ironside|208\/352|[from] Stealth Rock
|move|p2a: Gliscor|Roost|p2a: Gliscor
|-heal|p2a: Gliscor|354\/354 tox
|
|-heal|p1a: Ironside|230\/352|[from] item: Leftovers
|turn|38
|
|move|p2a: Gliscor|Roost|p2a: Gliscor
|-fail|p2a: Gliscor
|move|p1a: Ironside|Power Whip|p2a: Gliscor
|-damage|p2a: Gliscor|245\/354 tox
|
|-heal|p1a: Ironside|252\/352|[from] item: Leftovers
|-heal|p2a: Gliscor|289\/354 tox|[from] ability: Poison Heal
|turn|39
|
|move|p2a: Gliscor|Taunt|p1a: Ironside
|-start|p1a: Ironside|move: Taunt
|cant|p1a: Ironside|move: Taunt|Leech Seed
|
|-heal|p1a: Ironside|274\/352|[from] item: Leftovers
|-heal|p2a: Gliscor|333\/354 tox|[from] ability: Poison Heal
|turn|40
|
|move|p2a: Gliscor|Knock Off|p1a: Ironside
|-damage|p1a: Ironside|225\/352
|-damage|p2a: Gliscor|289\/354 tox|[from] ability: Iron Barbs|[of] p1a: Ironside
|-enditem|p1a: Ironside|Leftovers|[from] move: Knock Off|[of] p2a: Gliscor
|move|p1a: Ironside|Power Whip|p2a: Gliscor
|-damage|p2a: Gliscor|177\/354 tox
|
|-heal|p2a: Gliscor|221\/354 tox|[from] ability: Poison Heal
|turn|41
|
|move|p2a: Gliscor|Earthquake|p1a: Ironside
|-damage|p1a: Ironside|156\/352
|move|p1a: Ironside|Power Whip|p2a: Gliscor
|-damage|p2a: Gliscor|112\/354 tox
|
|-heal|p2a: Gliscor|156\/354 tox|[from] ability: Poison Heal
|-end|p1a: Ironside|move: Taunt
|turn|42
|
|move|p2a: Gliscor|Roost|p2a: Gliscor
|-heal|p2a: Gliscor|333\/354 tox
|move|p1a: Ironside|Power Whip|p2a: Gliscor
|-supereffective|p2a: Gliscor
|-damage|p2a: Gliscor|127\/354 tox
|
|-heal|p2a: Gliscor|171\/354 tox|[from] ability: Poison Heal
|turn|43
|c| ALEXwarwick|lul
|
|switch|p2a: Sableye|Sableye, M|304\/304
|move|p1a: Ironside|Power Whip|p2a: Sableye
|-damage|p2a: Sableye|180\/304
|
|turn|44
|
|switch|p1a: Smaug|Heatran, M|284\/324
|-damage|p1a: Smaug|244\/324|[from] Stealth Rock
|move|p2a: Sableye|Will-O-Wisp|p1a: Smaug
|-start|p1a: Smaug|ability: Flash Fire
|
|-heal|p1a: Smaug|264\/324|[from] item: Leftovers
|turn|45
|
|detailschange|p2a: Sableye|Sableye-Mega, M
|-mega|p2a: Sableye|Sableye|Sablenite
|move|p2a: Sableye|Recover|p2a: Sableye
|-heal|p2a: Sableye|304\/304
|move|p1a: Smaug|Lava Plume|p2a: Sableye
|-damage|p2a: Sableye|157\/304
|-status|p2a: Sableye|brn
|
|-heal|p1a: Smaug|284\/324|[from] item: Leftovers
|-damage|p2a: Sableye|119\/304 brn|[from] brn
|turn|46
|
|move|p1a: Smaug|Lava Plume|p2a: Sableye
|-damage|p2a: Sableye|0 fnt
|faint|p2a: Sableye
|
|-heal|p1a: Smaug|304\/324|[from] item: Leftovers
|
|switch|p2a: Gliscor|Gliscor, M|171\/354 tox
|turn|47
|
|move|p1a: Smaug|Lava Plume|p2a: Gliscor
|-damage|p2a: Gliscor|29\/354 tox
|move|p2a: Gliscor|Earthquake|p1a: Smaug
|-supereffective|p1a: Smaug
|-damage|p1a: Smaug|0 fnt
|faint|p1a: Smaug
|
|-heal|p2a: Gliscor|73\/354 tox|[from] ability: Poison Heal
|
|switch|p1a: Godzilla|Tyranitar, M, shiny|341\/341
|-damage|p1a: Godzilla|299\/341|[from] Stealth Rock
|-weather|Sandstorm
|turn|48
|
|move|p1a: Godzilla|Crunch|p2a: Gliscor
|-damage|p2a: Gliscor|0 fnt
|faint|p2a: Gliscor
|
|win|To Test
|raw|Ladder updating...
|raw|To Test's rating: 1449 &rarr; <strong>1472<\/strong><br \/>(+23 for winning)
|raw|JiaShengz's rating: 1500 &rarr; <strong>1477<\/strong><br \/>(-23 for losing)
|c|âTo Test|gg
|leave|JiaShengz
|player|p2
|leave|ALEXwarwick