|join|FrogsRUs
|join|JiaShengz
|player|p1|FrogsRUs|101
|player|p2|JiaShengz|170
|gametype|singles
|gen|6
|tier|OU (suspect test)
|rated
|clearpoke
|poke|p1|Houndoom, F
|poke|p1|Toxicroak, F
|poke|p1|Landorus-Therian, M
|poke|p1|Azumarill, F
|poke|p1|Latios, M
|poke|p1|Ferrothorn, F
|poke|p2|Tentacruel, M
|poke|p2|Skarmory, M
|poke|p2|Clefable, F
|poke|p2|Sableye, M
|poke|p2|Chansey, F
|poke|p2|Gliscor, F
|rule|Swagger Clause: Swagger is banned
|rule|Baton Pass Clause: Limit one PokÃ©mon knowing Baton Pass
|rule|Sleep Clause Mod: Limit one foe put to sleep
|rule|Species Clause: Limit one of each PokÃ©mon
|rule|OHKO Clause: OHKO moves are banned
|rule|Moody Clause: Moody is banned
|rule|Evasion Moves Clause: Evasion moves are banned
|rule|Endless Battle Clause: Forcing endless battles is banned
|rule|HP Percentage Mod: HP is shown in percentages
|teampreview
|
|start
|switch|p1a: Houndoom|Houndoom, F|291\/291
|switch|p2a: Sableye|Sableye, M|304\/304
|turn|1
|
|detailschange|p1a: Houndoom|Houndoom-Mega, F
|-mega|p1a: Houndoom|Houndoom|Houndoominite
|detailschange|p2a: Sableye|Sableye-Mega, M
|-mega|p2a: Sableye|Sableye|Sablenite
|move|p2a: Sableye|Taunt|p1a: Houndoom
|-start|p1a: Houndoom|move: Taunt
|cant|p1a: Houndoom|move: Taunt|Nasty Plot
|
|turn|2
|
|switch|p2a: Chansey|Chansey, F|703\/703
|move|p1a: Houndoom|Fire Blast|p2a: Chansey
|-damage|p2a: Chansey|571\/703
|
|turn|3
|
|switch|p1a: Latios|Latios, M|301\/301
|move|p2a: Chansey|Wish|p2a: Chansey
|
|turn|4
|join|Albertdaeinstein
|
|switch|p1a: Houndoom|Houndoom-Mega, F|291\/291
|switch|p2a: Sableye|Sableye-Mega, M|304\/304
|
|turn|5
|
|switch|p2a: Gliscor|Gliscor, F|354\/354
|move|p1a: Houndoom|Nasty Plot|p1a: Houndoom
|-boost|p1a: Houndoom|spa|2
|
|-status|p2a: Gliscor|tox|[from] item: Toxic Orb
|turn|6
|
|switch|p2a: Chansey|Chansey, F|571\/703
|move|p1a: Houndoom|Fire Blast|p2a: Chansey|[miss]
|-miss|p1a: Houndoom|p2a: Chansey
|
|turn|7
|
|move|p1a: Houndoom|Taunt|p2a: Chansey
|-start|p2a: Chansey|move: Taunt
|cant|p2a: Chansey|move: Taunt|Wish
|
|turn|8
|
|move|p1a: Houndoom|Nasty Plot|p1a: Houndoom
|-boost|p1a: Houndoom|spa|2
|move|p2a: Chansey|Seismic Toss|p1a: Houndoom
|-damage|p1a: Houndoom|191\/291
|
|turn|9
|
|move|p1a: Houndoom|Fire Blast|p2a: Chansey
|-damage|p2a: Chansey|159\/703
|move|p2a: Chansey|Seismic Toss|p1a: Houndoom
|-damage|p1a: Houndoom|91\/291
|
|-end|p2a: Chansey|move: Taunt
|turn|10
|
|switch|p2a: Tentacruel|Tentacruel, M|363\/363
|move|p1a: Houndoom|Dark Pulse|p2a: Tentacruel
|-damage|p2a: Tentacruel|0 fnt
|faint|p2a: Tentacruel
|
|
|switch|p2a: Clefable|Clefable, F|394\/394
|turn|11
|
|move|p1a: Houndoom|Fire Blast|p2a: Clefable
|-damage|p2a: Clefable|165\/394
|move|p2a: Clefable|Moonblast|p1a: Houndoom
|-damage|p1a: Houndoom|0 fnt
|faint|p1a: Houndoom
|
|-heal|p2a: Clefable|189\/394|[from] item: Leftovers
|
|switch|p1a: Toxicroak|Toxicroak, F|307\/307
|turn|12
|
|switch|p2a: Sableye|Sableye-Mega, M|304\/304
|move|p1a: Toxicroak|Drain Punch|p2a: Sableye
|-immune|p2a: Sableye|[msg]
|
|turn|13
|
|switch|p1a: Latios|Latios, M|301\/301
|move|p2a: Sableye|Will-O-Wisp|p1a: Latios|[miss]
|-miss|p2a: Sableye|p1a: Latios
|
|turn|14
|
|move|p1a: Latios|Draco Meteor|p2a: Sableye
|-damage|p2a: Sableye|91\/304
|-unboost|p1a: Latios|spa|2
|move|p2a: Sableye|Recover|p2a: Sableye
|-heal|p2a: Sableye|243\/304
|
|turn|15
|
|switch|p1a: Landorus-Therian|Landorus-Therian, M|382\/382
|-ability|p1a: Landorus-Therian|Intimidate|[of] p2a: Sableye
|-unboost|p2a: Sableye|atk|1
|move|p2a: Sableye|Will-O-Wisp|p1a: Landorus-Therian
|-status|p1a: Landorus-Therian|brn
|
|-damage|p1a: Landorus-Therian|335\/382 brn|[from] brn
|turn|16
|
|move|p1a: Landorus-Therian|Earthquake|p2a: Sableye
|-damage|p2a: Sableye|194\/304
|move|p2a: Sableye|Knock Off|p1a: Landorus-Therian
|-damage|p1a: Landorus-Therian|287\/382 brn
|-enditem|p1a: Landorus-Therian|Leftovers|[from] move: Knock Off|[of] p2a: Sableye
|
|-damage|p1a: Landorus-Therian|240\/382 brn|[from] brn
|turn|17
|
|move|p1a: Landorus-Therian|U-turn|p2a: Sableye
|-damage|p2a: Sableye|170\/304
|
|switch|p1a: Azumarill|Azumarill, F|404\/404
|move|p2a: Sableye|Recover|p2a: Sableye
|-heal|p2a: Sableye|304\/304
|
|turn|18
|
|switch|p2a: Skarmory|Skarmory, M|334\/334
|move|p1a: Azumarill|Waterfall|p2a: Skarmory
|-damage|p2a: Skarmory|234\/334
|
|turn|19
|
|switch|p1a: Latios|Latios, M|301\/301
|move|p2a: Skarmory|Stealth Rock|p1a: Latios
|-sidestart|p1: FrogsRUs|move: Stealth Rock
|
|turn|20
|
|switch|p2a: Gliscor|Gliscor, F|354\/354 tox
|move|p1a: Latios|Draco Meteor|p2a: Gliscor
|-damage|p2a: Gliscor|155\/354 tox
|-unboost|p1a: Latios|spa|2
|
|-heal|p2a: Gliscor|199\/354 tox|[from] ability: Poison Heal
|turn|21
|
|switch|p1a: Toxicroak|Toxicroak, F|307\/307
|-damage|p1a: Toxicroak|288\/307|[from] Stealth Rock
|move|p2a: Gliscor|Knock Off|p1a: Toxicroak
|-resisted|p1a: Toxicroak
|-damage|p1a: Toxicroak|236\/307
|-enditem|p1a: Toxicroak|Life Orb|[from] move: Knock Off|[of] p2a: Gliscor
|
|-heal|p2a: Gliscor|243\/354 tox|[from] ability: Poison Heal
|turn|22
|
|switch|p2a: Skarmory|Skarmory, M|234\/334
|move|p1a: Toxicroak|Ice Punch|p2a: Skarmory
|-damage|p2a: Skarmory|187\/334
|
|turn|23
|
|move|p1a: Toxicroak|Ice Punch|p2a: Skarmory
|-damage|p2a: Skarmory|137\/334
|move|p2a: Skarmory|Roost|p2a: Skarmory
|-heal|p2a: Skarmory|304\/334
|
|turn|24
|
|move|p1a: Toxicroak|Ice Punch|p2a: Skarmory
|-damage|p2a: Skarmory|255\/334
|move|p2a: Skarmory|Whirlwind|p1a: Toxicroak
|drag|p1a: Ferrothorn|Ferrothorn, F|352\/352
|-damage|p1a: Ferrothorn|330\/352|[from] Stealth Rock
|
|turn|25
|
|switch|p2a: Sableye|Sableye-Mega, M|304\/304
|switch|p1a: Azumarill|Azumarill, F|404\/404
|-damage|p1a: Azumarill|354\/404|[from] Stealth Rock
|
|turn|26
|
|switch|p1a: Latios|Latios, M|301\/301
|-damage|p1a: Latios|264\/301|[from] Stealth Rock
|switch|p2a: Skarmory|Skarmory, M|255\/334
|
|turn|27
|c| Albertdaeinstein|nice predictions
|
|switch|p2a: Clefable|Clefable, F|189\/394
|move|p1a: Latios|Draco Meteor|p2a: Clefable
|-immune|p2a: Clefable|[msg]
|
|-heal|p2a: Clefable|213\/394|[from] item: Leftovers
|turn|28
|
|switch|p1a: Toxicroak|Toxicroak, F|236\/307
|-damage|p1a: Toxicroak|217\/307|[from] Stealth Rock
|move|p2a: Clefable|Moonblast|p1a: Toxicroak
|-damage|p1a: Toxicroak|55\/307
|
|-heal|p2a: Clefable|237\/394|[from] item: Leftovers
|turn|29
|
|switch|p2a: Skarmory|Skarmory, M|255\/334
|move|p1a: Toxicroak|Ice Punch|p2a: Skarmory
|-damage|p2a: Skarmory|206\/334
|
|turn|30
|
|move|p1a: Toxicroak|Drain Punch|p2a: Skarmory
|-damage|p2a: Skarmory|130\/334
|-heal|p1a: Toxicroak|93\/307|[from] drain|[of] p2a: Skarmory
|move|p2a: Skarmory|Roost|p2a: Skarmory
|-heal|p2a: Skarmory|297\/334
|
|turn|31
|
|switch|p2a: Sableye|Sableye-Mega, M|304\/304
|move|p1a: Toxicroak|Drain Punch|p2a: Sableye
|-immune|p2a: Sableye|[msg]
|
|turn|32
|
|switch|p1a: Landorus-Therian|Landorus-Therian, M|240\/382 brn
|-damage|p1a: Landorus-Therian|193\/382 brn|[from] Stealth Rock
|-ability|p1a: Landorus-Therian|Intimidate|[of] p2a: Sableye
|-unboost|p2a: Sableye|atk|1
|move|p2a: Sableye|Will-O-Wisp|p1a: Landorus-Therian
|-fail|p1a: Landorus-Therian|brn
|
|-damage|p1a: Landorus-Therian|146\/382 brn|[from] brn
|turn|33
|
|move|p1a: Landorus-Therian|Stealth Rock|p2a: Sableye
|move|p2a: Sableye|Stealth Rock|p1a: Landorus-Therian|[from]Magic Bounce
|-fail|p1a: Landorus-Therian
|move|p2a: Sableye|Will-O-Wisp|p1a: Landorus-Therian
|-fail|p1a: Landorus-Therian|brn
|
|-damage|p1a: Landorus-Therian|99\/382 brn|[from] brn
|turn|34
|
|move|p1a: Landorus-Therian|U-turn|p2a: Sableye
|-damage|p2a: Sableye|277\/304
|
|switch|p1a: Latios|Latios, M|264\/301
|-damage|p1a: Latios|227\/301|[from] Stealth Rock
|move|p2a: Sableye|Knock Off|p1a: Latios
|-supereffective|p1a: Latios
|-damage|p1a: Latios|71\/301
|-enditem|p1a: Latios|Choice Scarf|[from] move: Knock Off|[of] p2a: Sableye
|
|turn|35
|
|move|p1a: Latios|Defog|p2a: Sableye
|move|p2a: Sableye|Defog|p1a: Latios|[from]Magic Bounce
|-unboost|p1a: Latios|evasion|1
|-sideend|p1: FrogsRUs|Stealth Rock|[from] move: Defog|[of] p1a: Latios
|move|p2a: Sableye|Recover|p2a: Sableye
|-heal|p2a: Sableye|304\/304
|
|turn|36
|
|move|p1a: Latios|Draco Meteor|p2a: Sableye
|-damage|p2a: Sableye|100\/304
|-unboost|p1a: Latios|spa|2
|move|p2a: Sableye|Will-O-Wisp|p1a: Latios
|-status|p1a: Latios|brn
|
|-damage|p1a: Latios|34\/301 brn|[from] brn
|turn|37
|
|move|p1a: Latios|Draco Meteor|p2a: Sableye
|-crit|p2a: Sableye
|-damage|p2a: Sableye|0 fnt
|-unboost|p1a: Latios|spa|2
|faint|p2a: Sableye
|
|-damage|p1a: Latios|0 fnt|[from] brn
|faint|p1a: Latios
|
|switch|p1a: Toxicroak|Toxicroak, F|93\/307
|switch|p2a: Gliscor|Gliscor, F|243\/354 tox
|turn|38
|
|switch|p2a: Skarmory|Skarmory, M|297\/334
|move|p1a: Toxicroak|Ice Punch|p2a: Skarmory
|-damage|p2a: Skarmory|246\/334
|
|turn|39
|
|move|p1a: Toxicroak|Drain Punch|p2a: Skarmory
|-damage|p2a: Skarmory|179\/334
|-heal|p1a: Toxicroak|127\/307|[from] drain|[of] p2a: Skarmory
|move|p2a: Skarmory|Stealth Rock|p1a: Toxicroak
|-sidestart|p1: FrogsRUs|move: Stealth Rock
|
|turn|40
|
|move|p1a: Toxicroak|Ice Punch|p2a: Skarmory
|-crit|p2a: Skarmory
|-damage|p2a: Skarmory|112\/334
|move|p2a: Skarmory|Roost|p2a: Skarmory
|-heal|p2a: Skarmory|279\/334
|
|turn|41
|
|move|p1a: Toxicroak|Drain Punch|p2a: Skarmory
|-damage|p2a: Skarmory|207\/334
|-heal|p1a: Toxicroak|163\/307|[from] drain|[of] p2a: Skarmory
|move|p2a: Skarmory|Spikes|p1a: Toxicroak
|-sidestart|p1: FrogsRUs|Spikes
|
|turn|42
|
|move|p1a: Toxicroak|Drain Punch|p2a: Skarmory
|-damage|p2a: Skarmory|134\/334
|-heal|p1a: Toxicroak|200\/307|[from] drain|[of] p2a: Skarmory
|move|p2a: Skarmory|Spikes|p1a: Toxicroak
|-sidestart|p1: FrogsRUs|Spikes
|
|turn|43
|
|move|p1a: Toxicroak|Ice Punch|p2a: Skarmory
|-damage|p2a: Skarmory|86\/334
|move|p2a: Skarmory|Roost|p2a: Skarmory
|-heal|p2a: Skarmory|253\/334
|
|turn|44
|
|move|p1a: Toxicroak|Drain Punch|p2a: Skarmory
|-damage|p2a: Skarmory|184\/334
|-heal|p1a: Toxicroak|235\/307|[from] drain|[of] p2a: Skarmory
|move|p2a: Skarmory|Spikes|p1a: Toxicroak
|-sidestart|p1: FrogsRUs|Spikes
|
|turn|45
|
|move|p1a: Toxicroak|Ice Punch|p2a: Skarmory
|-damage|p2a: Skarmory|131\/334
|move|p2a: Skarmory|Roost|p2a: Skarmory
|-heal|p2a: Skarmory|298\/334
|
|turn|46
|
|move|p1a: Toxicroak|Ice Punch|p2a: Skarmory
|-damage|p2a: Skarmory|246\/334
|move|p2a: Skarmory|Whirlwind|p1a: Toxicroak
|drag|p1a: Ferrothorn|Ferrothorn, F|330\/352
|-damage|p1a: Ferrothorn|308\/352|[from] Stealth Rock
|-damage|p1a: Ferrothorn|220\/352|[from] Spikes
|
|turn|47
|
|move|p1a: Ferrothorn|Leech Seed|p2a: Skarmory
|-start|p2a: Skarmory|move: Leech Seed
|move|p2a: Skarmory|Whirlwind|p1a: Ferrothorn
|drag|p1a: Toxicroak|Toxicroak, F|235\/307
|-damage|p1a: Toxicroak|159\/307|[from] Spikes
|-damage|p1a: Toxicroak|140\/307|[from] Stealth Rock
|
|-damage|p2a: Skarmory|205\/334|[from] Leech Seed|[of] p1a: Toxicroak
|-heal|p1a: Toxicroak|181\/307|[silent]
|turn|48
|
|switch|p2a: Clefable|Clefable, F|237\/394
|move|p1a: Toxicroak|Drain Punch|p2a: Clefable
|-resisted|p2a: Clefable
|-damage|p2a: Clefable|183\/394
|-heal|p1a: Toxicroak|208\/307|[from] drain|[of] p2a: Clefable
|
|-heal|p2a: Clefable|207\/394|[from] item: Leftovers
|turn|49
|
|move|p1a: Toxicroak|Gunk Shot|p2a: Clefable|[miss]
|-miss|p1a: Toxicroak|p2a: Clefable
|move|p2a: Clefable|Wish|p2a: Clefable
|
|-heal|p2a: Clefable|231\/394|[from] item: Leftovers
|turn|50
|
|move|p2a: Clefable|Protect|p2a: Clefable
|-singleturn|p2a: Clefable|Protect
|move|p1a: Toxicroak|Drain Punch|p2a: Clefable
|-activate|p2a: Clefable|Protect
|
|-heal|p2a: Clefable|394\/394|[from] move: Wish|[wisher] Clefable
|turn|51
|
|switch|p2a: Skarmory|Skarmory, M|205\/334
|move|p1a: Toxicroak|Gunk Shot|p2a: Skarmory
|-immune|p2a: Skarmory|[msg]
|
|turn|52
|
|move|p1a: Toxicroak|Drain Punch|p2a: Skarmory
|-damage|p2a: Skarmory|138\/334
|-heal|p1a: Toxicroak|242\/307|[from] drain|[of] p2a: Skarmory
|move|p2a: Skarmory|Roost|p2a: Skarmory
|-heal|p2a: Skarmory|305\/334
|
|turn|53
|
|move|p1a: Toxicroak|Ice Punch|p2a: Skarmory
|-damage|p2a: Skarmory|257\/334
|-status|p2a: Skarmory|frz
|cant|p2a: Skarmory|frz
|
|turn|54
|
|move|p1a: Toxicroak|Drain Punch|p2a: Skarmory
|-damage|p2a: Skarmory|181\/334 frz
|-heal|p1a: Toxicroak|280\/307|[from] drain|[of] p2a: Skarmory
|cant|p2a: Skarmory|frz
|
|turn|55
|
|switch|p2a: Clefable|Clefable, F|394\/394
|move|p1a: Toxicroak|Drain Punch|p2a: Clefable
|-resisted|p2a: Clefable
|-damage|p2a: Clefable|336\/394
|-heal|p1a: Toxicroak|307\/307|[from] drain|[of] p2a: Clefable
|
|-heal|p2a: Clefable|360\/394|[from] item: Leftovers
|turn|56
|
|move|p2a: Clefable|Protect|p2a: Clefable
|-singleturn|p2a: Clefable|Protect
|move|p1a: Toxicroak|Gunk Shot|p2a: Clefable
|-activate|p2a: Clefable|Protect
|
|-heal|p2a: Clefable|384\/394|[from] item: Leftovers
|turn|57
|
|switch|p2a: Chansey|Chansey, F|159\/703
|move|p1a: Toxicroak|Gunk Shot|p2a: Chansey
|-damage|p2a: Chansey|0 fnt
|faint|p2a: Chansey
|
|
|switch|p2a: Clefable|Clefable, F|384\/394
|turn|58
|
|move|p1a: Toxicroak|Gunk Shot|p2a: Clefable
|-supereffective|p2a: Clefable
|-damage|p2a: Clefable|28\/394
|move|p2a: Clefable|Wish|p2a: Clefable
|
|-heal|p2a: Clefable|52\/394|[from] item: Leftovers
|turn|59
|
|switch|p2a: Skarmory|Skarmory, M|181\/334 frz
|move|p1a: Toxicroak|Ice Punch|p2a: Skarmory
|-damage|p2a: Skarmory|132\/334 frz
|
|-heal|p2a: Skarmory|329\/334 frz|[from] move: Wish|[wisher] Clefable
|turn|60
|
|switch|p1a: Azumarill|Azumarill, F|354\/404
|-damage|p1a: Azumarill|304\/404|[from] Stealth Rock
|-damage|p1a: Azumarill|203\/404|[from] Spikes
|cant|p2a: Skarmory|frz
|
|turn|61
|
|move|p1a: Azumarill|Waterfall|p2a: Skarmory
|-damage|p2a: Skarmory|226\/334 frz
|cant|p2a: Skarmory|frz
|
|turn|62
|
|cant|p2a: Skarmory|frz
|move|p1a: Azumarill|Waterfall|p2a: Skarmory
|-damage|p2a: Skarmory|127\/334 frz
|
|turn|63
|
|cant|p2a: Skarmory|frz
|move|p1a: Azumarill|Waterfall|p2a: Skarmory
|-damage|p2a: Skarmory|19\/334 frz
|
|turn|64
|
|move|p1a: Azumarill|Aqua Jet|p2a: Skarmory
|-damage|p2a: Skarmory|0 fnt
|faint|p2a: Skarmory
|
|c|âFrogsRUs|thank god lol
|
|switch|p2a: Gliscor|Gliscor, F|243\/354 tox
|turn|65
|c| Albertdaeinstein|who doesnt like stall
|
|move|p2a: Gliscor|Earthquake|p1a: Azumarill
|-damage|p1a: Azumarill|68\/404
|move|p1a: Azumarill|Waterfall|p2a: Gliscor
|-supereffective|p2a: Gliscor
|-damage|p2a: Gliscor|0 fnt
|faint|p2a: Gliscor
|
|
|switch|p2a: Clefable|Clefable, F|52\/394
|turn|66
|-message|JiaShengz forfeited.
|leave|JiaShengz
|
|win|FrogsRUs
|raw|Ladder updating...
|player|p2
|raw|FrogsRUs's rating: 1533 &rarr; <strong>1555<\/strong><br \/>(+22 for winning)
|raw|JiaShengz's rating: 1567 &rarr; <strong>1545<\/strong><br \/>(-22 for losing)
|c|âFrogsRUs|was calc'ing aqua jet
|c|âFrogsRUs|YUSSSSS
|c| Albertdaeinstein|definitive ko?
|c|âFrogsRUs|yep
|c|âFrogsRUs|wanted to make sure