|join|Savage-Jay
|join|JiaShengz
|player|p1|Savage-Jay|257
|player|p2|JiaShengz|168
|gametype|singles
|gen|6
|tier|OU (suspect test)
|rated
|clearpoke
|poke|p1|Metagross
|poke|p1|Landorus, M
|poke|p1|Azumarill, F
|poke|p1|Hippowdon, M
|poke|p1|Excadrill, F
|poke|p1|Celebi
|poke|p2|Chansey, F
|poke|p2|Clefable, M
|poke|p2|Sableye, F
|poke|p2|Heatran, F
|poke|p2|Tentacruel, M
|poke|p2|Chesnaught, F
|rule|Swagger Clause: Swagger is banned
|rule|Baton Pass Clause: Limit one PokÃ©mon knowing Baton Pass
|rule|Sleep Clause Mod: Limit one foe put to sleep
|rule|Species Clause: Limit one of each PokÃ©mon
|rule|OHKO Clause: OHKO moves are banned
|rule|Moody Clause: Moody is banned
|rule|Evasion Moves Clause: Evasion moves are banned
|rule|Endless Battle Clause: Forcing endless battles is banned
|rule|HP Percentage Mod: HP is shown in percentages
|teampreview
|
|start
|switch|p1a: Azumarill|Azumarill, F|403\/403
|switch|p2a: Sableye|Sableye, F|304\/304
|turn|1
|
|switch|p1a: Celebi|Celebi|396\/396
|detailschange|p2a: Sableye|Sableye-Mega, F
|-mega|p2a: Sableye|Sableye|Sablenite
|move|p2a: Sableye|Will-O-Wisp|p1a: Celebi
|-status|p1a: Celebi|brn
|
|-damage|p1a: Celebi|347\/396 brn|[from] brn
|turn|2
|
|move|p1a: Celebi|Nasty Plot|p1a: Celebi
|-boost|p1a: Celebi|spa|2
|move|p2a: Sableye|Knock Off|p1a: Celebi
|-supereffective|p1a: Celebi
|-damage|p1a: Celebi|189\/396 brn
|-enditem|p1a: Celebi|Leftovers|[from] move: Knock Off|[of] p2a: Sableye
|
|-damage|p1a: Celebi|140\/396 brn|[from] brn
|turn|3
|
|switch|p2a: Clefable|Clefable, M|394\/394
|move|p1a: Celebi|Baton Pass|p1a: Celebi
|
|switch|p1a: Landorus|Landorus, M|319\/319
|
|turn|4
|
|move|p2a: Clefable|Protect|p2a: Clefable
|-singleturn|p2a: Clefable|Protect
|move|p1a: Landorus|Earth Power|p2a: Clefable
|-activate|p2a: Clefable|Protect
|
|turn|5
|
|move|p1a: Landorus|Earth Power|p2a: Clefable
|-damage|p2a: Clefable|100\/394
|move|p2a: Clefable|Moonblast|p1a: Landorus
|-damage|p1a: Landorus|195\/319
|
|-heal|p2a: Clefable|124\/394|[from] item: Leftovers
|turn|6
|
|move|p2a: Clefable|Protect|p2a: Clefable
|-singleturn|p2a: Clefable|Protect
|move|p1a: Landorus|Calm Mind|p1a: Landorus
|-boost|p1a: Landorus|spa|1
|-boost|p1a: Landorus|spd|1
|
|-heal|p2a: Clefable|148\/394|[from] item: Leftovers
|turn|7
|
|move|p1a: Landorus|Earth Power|p2a: Clefable
|-damage|p2a: Clefable|0 fnt
|faint|p2a: Clefable
|
|
|switch|p2a: Chansey|Chansey, F|703\/703
|turn|8
|
|move|p1a: Landorus|Focus Blast|p2a: Chansey
|-supereffective|p2a: Chansey
|-damage|p2a: Chansey|0 fnt
|faint|p2a: Chansey
|
|-message|JiaShengz forfeited.
|leave|JiaShengz
|
|win|Savage-Jay
|raw|Ladder updating...
|player|p2
|raw|Savage-Jay's rating: 1373 &rarr; <strong>1395<\/strong><br \/>(+22 for winning)
|raw|JiaShengz's rating: 1411 &rarr; <strong>1389<\/strong><br \/>(-22 for losing)