|join|JiaShengz
|join|lil manaphy
|player|p1|JiaShengz|168
|player|p2|lil manaphy|34
|gametype|singles
|gen|6
|tier|OU (suspect test)
|rated
|clearpoke
|poke|p1|Chansey, F
|poke|p1|Clefable, M
|poke|p1|Sableye, M
|poke|p1|Heatran, F
|poke|p1|Tentacruel, M
|poke|p1|Chesnaught, M
|poke|p2|Diancie
|poke|p2|Ferrothorn, M
|poke|p2|Wobbuffet, M
|poke|p2|Landorus-Therian, M
|poke|p2|Conkeldurr, F
|poke|p2|Mandibuzz, F
|rule|Swagger Clause: Swagger is banned
|rule|Baton Pass Clause: Limit one PokÃ©mon knowing Baton Pass
|rule|Sleep Clause Mod: Limit one foe put to sleep
|rule|Species Clause: Limit one of each PokÃ©mon
|rule|OHKO Clause: OHKO moves are banned
|rule|Moody Clause: Moody is banned
|rule|Evasion Moves Clause: Evasion moves are banned
|rule|Endless Battle Clause: Forcing endless battles is banned
|rule|HP Percentage Mod: HP is shown in percentages
|teampreview
|join|ZNain
|
|start
|switch|p1a: Tentacruel|Tentacruel, M|361\/361
|switch|p2a: Landorus-Therian|Landorus-Therian, M|382\/382
|-ability|p2a: Landorus-Therian|Intimidate|[of] p1a: Tentacruel
|-unboost|p1a: Tentacruel|atk|1
|turn|1
|
|switch|p1a: Sableye|Sableye, M|304\/304
|move|p2a: Landorus-Therian|Stealth Rock|p1a: Sableye
|-sidestart|p1: JiaShengz|move: Stealth Rock
|
|turn|2
|
|detailschange|p1a: Sableye|Sableye-Mega, M
|-mega|p1a: Sableye|Sableye|Sablenite
|move|p1a: Sableye|Will-O-Wisp|p2a: Landorus-Therian
|-status|p2a: Landorus-Therian|brn
|move|p2a: Landorus-Therian|U-turn|p1a: Sableye
|-damage|p1a: Sableye|279\/304
|
|switch|p2a: Diancie|Diancie|241\/241
|
|turn|3
|
|switch|p1a: Chansey|Chansey, F|703\/703
|-damage|p1a: Chansey|616\/703|[from] Stealth Rock
|detailschange|p2a: Diancie|Diancie-Mega
|-mega|p2a: Diancie|Diancie|Diancite
|move|p2a: Diancie|Moonblast|p1a: Chansey
|-crit|p1a: Chansey
|-damage|p1a: Chansey|429\/703
|
|turn|4
|
|switch|p2a: Wobbuffet|Wobbuffet, M|528\/528
|move|p1a: Chansey|Wish|p1a: Chansey
|
|turn|5
|
|move|p1a: Chansey|Seismic Toss|p2a: Wobbuffet
|-damage|p2a: Wobbuffet|428\/528
|move|p2a: Wobbuffet|Mirror Coat|p1a: Chansey
|-fail|p1a: Chansey
|
|-heal|p1a: Chansey|703\/703|[from] move: Wish|[wisher] Chansey
|-heal|p2a: Wobbuffet|461\/528|[from] item: Leftovers
|turn|6
|join|HayPrime
|
|move|p2a: Wobbuffet|Encore|p1a: Chansey
|-start|p1a: Chansey|Encore
|move|p1a: Chansey|Seismic Toss|p2a: Wobbuffet
|-damage|p2a: Wobbuffet|361\/528
|
|-heal|p2a: Wobbuffet|394\/528|[from] item: Leftovers
|turn|7
|
|move|p1a: Chansey|Seismic Toss|p2a: Wobbuffet
|-damage|p2a: Wobbuffet|294\/528
|move|p2a: Wobbuffet|Counter|p1a: Chansey
|-damage|p1a: Chansey|503\/703
|
|-heal|p2a: Wobbuffet|327\/528|[from] item: Leftovers
|turn|8
|
|move|p1a: Chansey|Seismic Toss|p2a: Wobbuffet
|-damage|p2a: Wobbuffet|227\/528
|move|p2a: Wobbuffet|Counter|p1a: Chansey
|-damage|p1a: Chansey|303\/703
|
|-heal|p2a: Wobbuffet|260\/528|[from] item: Leftovers
|-end|p1a: Chansey|Encore
|turn|9
|
|move|p2a: Wobbuffet|Encore|p1a: Chansey
|-start|p1a: Chansey|Encore
|move|p1a: Chansey|Seismic Toss|p2a: Wobbuffet
|-damage|p2a: Wobbuffet|160\/528
|
|-heal|p2a: Wobbuffet|193\/528|[from] item: Leftovers
|turn|10
|
|move|p1a: Chansey|Seismic Toss|p2a: Wobbuffet
|-damage|p2a: Wobbuffet|93\/528
|move|p2a: Wobbuffet|Counter|p1a: Chansey
|-damage|p1a: Chansey|103\/703
|
|-heal|p2a: Wobbuffet|126\/528|[from] item: Leftovers
|turn|11
|
|move|p1a: Chansey|Seismic Toss|p2a: Wobbuffet
|-damage|p2a: Wobbuffet|26\/528
|move|p2a: Wobbuffet|Counter|p1a: Chansey
|-damage|p1a: Chansey|0 fnt
|faint|p1a: Chansey
|
|-heal|p2a: Wobbuffet|59\/528|[from] item: Leftovers
|leave|HayPrime
|
|switch|p1a: Tentacruel|Tentacruel, M|361\/361
|-damage|p1a: Tentacruel|316\/361|[from] Stealth Rock
|turn|12
|
|switch|p2a: Conkeldurr|Conkeldurr, F|352\/352
|move|p1a: Tentacruel|Rapid Spin|p2a: Conkeldurr
|-damage|p2a: Conkeldurr|340\/352
|-sideend|p1: JiaShengz|Stealth Rock|[from] move: Rapid Spin|[of] p1a: Tentacruel
|
|-heal|p1a: Tentacruel|338\/361|[from] item: Black Sludge
|turn|13
|
|move|p1a: Tentacruel|Toxic Spikes|p2a: Conkeldurr
|-sidestart|p2: lil manaphy|move: Toxic Spikes
|move|p2a: Conkeldurr|Knock Off|p1a: Tentacruel
|-damage|p1a: Tentacruel|203\/361
|-enditem|p1a: Tentacruel|Black Sludge|[from] move: Knock Off|[of] p2a: Conkeldurr
|
|turn|14
|
|switch|p1a: Clefable|Clefable, M|394\/394
|switch|p2a: Mandibuzz|Mandibuzz, F|424\/424
|
|turn|15
|
|switch|p2a: Ferrothorn|Ferrothorn, M|352\/352
|move|p1a: Clefable|Moonblast|p2a: Ferrothorn
|-resisted|p2a: Ferrothorn
|-damage|p2a: Ferrothorn|307\/352
|
|turn|16
|
|move|p1a: Clefable|Calm Mind|p1a: Clefable
|-boost|p1a: Clefable|spa|1
|-boost|p1a: Clefable|spd|1
|move|p2a: Ferrothorn|Thunder Wave|p1a: Clefable
|-status|p1a: Clefable|par
|
|turn|17
|
|switch|p2a: Mandibuzz|Mandibuzz, F|424\/424
|move|p1a: Clefable|Calm Mind|p1a: Clefable
|-boost|p1a: Clefable|spa|1
|-boost|p1a: Clefable|spd|1
|
|turn|18
|
|move|p2a: Mandibuzz|Defog|p1a: Clefable
|-unboost|p1a: Clefable|evasion|1
|-sideend|p2: lil manaphy|Toxic Spikes|[from] move: Defog|[of] p2a: Mandibuzz
|move|p1a: Clefable|Moonblast|p2a: Mandibuzz
|-supereffective|p2a: Mandibuzz
|-damage|p2a: Mandibuzz|0 fnt
|faint|p2a: Mandibuzz
|
|join|Light Infection
|leave|Light Infection
|
|switch|p2a: Wobbuffet|Wobbuffet, M|59\/528
|turn|19
|
|move|p2a: Wobbuffet|Destiny Bond|p2a: Wobbuffet
|-singlemove|p2a: Wobbuffet|Destiny Bond
|cant|p1a: Clefable|par
|
|-heal|p2a: Wobbuffet|92\/528|[from] item: Leftovers
|turn|20
|
|move|p1a: Clefable|Calm Mind|p1a: Clefable
|-boost|p1a: Clefable|spa|1
|-boost|p1a: Clefable|spd|1
|move|p2a: Wobbuffet|Mirror Coat|p1a: Clefable
|-fail|p1a: Clefable
|
|-heal|p2a: Wobbuffet|125\/528|[from] item: Leftovers
|turn|21
|
|move|p2a: Wobbuffet|Encore|p1a: Clefable
|-start|p1a: Clefable|Encore
|move|p1a: Clefable|Calm Mind|p1a: Clefable
|-boost|p1a: Clefable|spa|1
|-boost|p1a: Clefable|spd|1
|
|-heal|p2a: Wobbuffet|158\/528|[from] item: Leftovers
|turn|22
|
|move|p1a: Clefable|Calm Mind|p1a: Clefable
|-boost|p1a: Clefable|spa|1
|-boost|p1a: Clefable|spd|1
|move|p2a: Wobbuffet|Mirror Coat|p1a: Clefable
|-fail|p1a: Clefable
|
|-heal|p2a: Wobbuffet|191\/528|[from] item: Leftovers
|turn|23
|
|move|p1a: Clefable|Calm Mind|p1a: Clefable
|-boost|p1a: Clefable|spa|1
|-boost|p1a: Clefable|spd|1
|move|p2a: Wobbuffet|Mirror Coat|p1a: Clefable
|-fail|p1a: Clefable
|
|-heal|p2a: Wobbuffet|224\/528|[from] item: Leftovers
|-end|p1a: Clefable|Encore
|turn|24
|
|move|p2a: Wobbuffet|Destiny Bond|p2a: Wobbuffet
|-singlemove|p2a: Wobbuffet|Destiny Bond
|cant|p1a: Clefable|par
|
|-heal|p2a: Wobbuffet|257\/528|[from] item: Leftovers
|turn|25
|
|move|p1a: Clefable|Wish|p1a: Clefable
|move|p2a: Wobbuffet|Mirror Coat|p1a: Clefable
|-fail|p1a: Clefable
|
|-heal|p2a: Wobbuffet|290\/528|[from] item: Leftovers
|turn|26
|
|move|p2a: Wobbuffet|Encore|p1a: Clefable
|-start|p1a: Clefable|Encore
|move|p1a: Clefable|Wish|p1a: Clefable
|-fail|p1a: Clefable
|
|-heal|p2a: Wobbuffet|323\/528|[from] item: Leftovers
|turn|27
|
|cant|p1a: Clefable|par
|move|p2a: Wobbuffet|Mirror Coat|p1a: Clefable
|-fail|p1a: Clefable
|
|-heal|p2a: Wobbuffet|356\/528|[from] item: Leftovers
|turn|28
|
|move|p1a: Clefable|Wish|p1a: Clefable
|move|p2a: Wobbuffet|Mirror Coat|p1a: Clefable
|-fail|p1a: Clefable
|
|-heal|p2a: Wobbuffet|389\/528|[from] item: Leftovers
|-end|p1a: Clefable|Encore
|turn|29
|
|move|p2a: Wobbuffet|Destiny Bond|p2a: Wobbuffet
|-singlemove|p2a: Wobbuffet|Destiny Bond
|move|p1a: Clefable|Moonblast|p2a: Wobbuffet
|-damage|p2a: Wobbuffet|0 fnt
|faint|p2a: Wobbuffet
|-activate|p2a: Wobbuffet|Destiny Bond
|faint|p1a: Clefable
|
|
|switch|p2a: Diancie|Diancie-Mega|241\/241
|switch|p1a: Tentacruel|Tentacruel, M|203\/361
|turn|30
|c|âJiaShengz|gg
|
|move|p2a: Diancie|Earth Power|p1a: Tentacruel
|-supereffective|p1a: Tentacruel
|-damage|p1a: Tentacruel|0 fnt
|faint|p1a: Tentacruel
|
|-message|JiaShengz forfeited.
|
|win|lil manaphy
|raw|Ladder updating...
|leave|JiaShengz
|player|p1
|raw|JiaShengz's rating: 1474 &rarr; <strong>1451<\/strong><br \/>(-23 for losing)
|raw|lil manaphy's rating: 1410 &rarr; <strong>1433<\/strong><br \/>(+23 for winning)