|join|JiaShengz
|join|SunnySuspect
|player|p1|JiaShengz|265
|player|p2|SunnySuspect|2
|gametype|singles
|gen|6
|tier|OU (suspect test)
|rated
|clearpoke
|poke|p1|Chansey, F
|poke|p1|Clefable, M
|poke|p1|Sableye, F
|poke|p1|Gliscor, F
|poke|p1|Tentacruel, M
|poke|p1|Skarmory, F
|poke|p2|Celebi
|poke|p2|Latios, M
|poke|p2|Jirachi
|poke|p2|Altaria, M
|poke|p2|Keldeo-Resolute
|poke|p2|Landorus-Therian, M
|rule|Swagger Clause: Swagger is banned
|rule|Baton Pass Clause: Limit one PokÃ©mon knowing Baton Pass
|rule|Sleep Clause Mod: Limit one foe put to sleep
|rule|Species Clause: Limit one of each PokÃ©mon
|rule|OHKO Clause: OHKO moves are banned
|rule|Moody Clause: Moody is banned
|rule|Evasion Moves Clause: Evasion moves are banned
|rule|Endless Battle Clause: Forcing endless battles is banned
|rule|HP Percentage Mod: HP is shown in percentages
|teampreview
|
|start
|switch|p1a: Sableye|Sableye, F|304\/304
|switch|p2a: Celebi|Celebi|404\/404
|turn|1
|
|detailschange|p1a: Sableye|Sableye-Mega, F
|-mega|p1a: Sableye|Sableye|Sablenite
|move|p2a: Celebi|Nasty Plot|p2a: Celebi
|-boost|p2a: Celebi|spa|2
|move|p1a: Sableye|Knock Off|p2a: Celebi
|-supereffective|p2a: Celebi
|-damage|p2a: Celebi|200\/404
|-enditem|p2a: Celebi|Leftovers|[from] move: Knock Off|[of] p1a: Sableye
|
|turn|2
|
|switch|p1a: Clefable|Clefable, M|394\/394
|move|p2a: Celebi|Giga Drain|p1a: Clefable
|-damage|p1a: Clefable|294\/394
|-heal|p2a: Celebi|250\/404|[from] drain|[of] p1a: Clefable
|
|-heal|p1a: Clefable|318\/394|[from] item: Leftovers
|turn|3
|
|move|p2a: Celebi|Recover|p2a: Celebi
|-heal|p2a: Celebi|404\/404
|move|p1a: Clefable|Wish|p1a: Clefable
|
|-heal|p1a: Clefable|342\/394|[from] item: Leftovers
|turn|4
|
|move|p2a: Celebi|Nasty Plot|p2a: Celebi
|-boost|p2a: Celebi|spa|2
|move|p1a: Clefable|Moonblast|p2a: Celebi
|-damage|p2a: Celebi|317\/404
|
|-heal|p1a: Clefable|394\/394|[from] move: Wish|[wisher] Clefable
|turn|5
|
|move|p2a: Celebi|Giga Drain|p1a: Clefable
|-crit|p1a: Clefable
|-damage|p1a: Clefable|246\/394
|-heal|p2a: Celebi|391\/404|[from] drain|[of] p1a: Clefable
|move|p1a: Clefable|Calm Mind|p1a: Clefable
|-boost|p1a: Clefable|spa|1
|-boost|p1a: Clefable|spd|1
|
|-heal|p1a: Clefable|270\/394|[from] item: Leftovers
|turn|6
|
|move|p2a: Celebi|Baton Pass|p2a: Celebi
|
|switch|p2a: Jirachi|Jirachi|404\/404
|move|p1a: Clefable|Wish|p1a: Clefable
|
|-heal|p1a: Clefable|294\/394|[from] item: Leftovers
|turn|7
|
|switch|p1a: Gliscor|Gliscor, F|354\/354
|move|p2a: Jirachi|Wish|p2a: Jirachi
|
|-status|p1a: Gliscor|tox|[from] item: Toxic Orb
|turn|8
|
|move|p2a: Jirachi|Iron Head|p1a: Gliscor
|-damage|p1a: Gliscor|281\/354 tox
|move|p1a: Gliscor|Knock Off|p2a: Jirachi
|-supereffective|p2a: Jirachi
|-damage|p2a: Jirachi|248\/404
|-enditem|p2a: Jirachi|Leftovers|[from] move: Knock Off|[of] p1a: Gliscor
|
|-heal|p2a: Jirachi|404\/404|[from] move: Wish|[wisher] Jirachi
|-heal|p1a: Gliscor|325\/354 tox|[from] ability: Poison Heal
|turn|9
|
|move|p2a: Jirachi|Wish|p2a: Jirachi
|move|p1a: Gliscor|Earthquake|p2a: Jirachi
|-supereffective|p2a: Jirachi
|-damage|p2a: Jirachi|188\/404
|
|-heal|p1a: Gliscor|354\/354 tox|[from] ability: Poison Heal
|turn|10
|
|move|p2a: Jirachi|Protect|p2a: Jirachi
|-singleturn|p2a: Jirachi|Protect
|move|p1a: Gliscor|Knock Off|p2a: Jirachi
|-activate|p2a: Jirachi|Protect
|
|-heal|p2a: Jirachi|390\/404|[from] move: Wish|[wisher] Jirachi
|turn|11
|
|move|p2a: Jirachi|Wish|p2a: Jirachi
|move|p1a: Gliscor|Taunt|p2a: Jirachi
|-start|p2a: Jirachi|move: Taunt
|
|turn|12
|
|switch|p2a: Keldeo-Resolute|Keldeo-Resolute|323\/323
|move|p1a: Gliscor|Earthquake|p2a: Keldeo-Resolute
|-damage|p2a: Keldeo-Resolute|211\/323
|
|-heal|p2a: Keldeo-Resolute|323\/323|[from] move: Wish|[wisher] Jirachi
|turn|13
|
|switch|p1a: Tentacruel|Tentacruel, M|363\/363
|move|p2a: Keldeo-Resolute|Scald|p1a: Tentacruel
|-resisted|p1a: Tentacruel
|-damage|p1a: Tentacruel|303\/363
|
|-heal|p1a: Tentacruel|325\/363|[from] item: Black Sludge
|turn|14
|
|move|p2a: Keldeo-Resolute|Substitute|p2a: Keldeo-Resolute
|-start|p2a: Keldeo-Resolute|Substitute
|-damage|p2a: Keldeo-Resolute|243\/323
|move|p1a: Tentacruel|Toxic Spikes|p2a: Keldeo-Resolute
|-sidestart|p2: SunnySuspect|move: Toxic Spikes
|
|-heal|p2a: Keldeo-Resolute|263\/323|[from] item: Leftovers
|-heal|p1a: Tentacruel|347\/363|[from] item: Black Sludge
|turn|15
|
|move|p2a: Keldeo-Resolute|Calm Mind|p2a: Keldeo-Resolute
|-boost|p2a: Keldeo-Resolute|spa|1
|-boost|p2a: Keldeo-Resolute|spd|1
|move|p1a: Tentacruel|Toxic Spikes|p2a: Keldeo-Resolute
|-sidestart|p2: SunnySuspect|move: Toxic Spikes
|
|-heal|p2a: Keldeo-Resolute|283\/323|[from] item: Leftovers
|-heal|p1a: Tentacruel|363\/363|[from] item: Black Sludge
|turn|16
|
|switch|p1a: Chansey|Chansey, F|703\/703
|move|p2a: Keldeo-Resolute|Scald|p1a: Chansey
|-damage|p1a: Chansey|576\/703
|-status|p1a: Chansey|brn
|
|-heal|p2a: Keldeo-Resolute|303\/323|[from] item: Leftovers
|-damage|p1a: Chansey|489\/703 brn|[from] brn
|turn|17
|
|switch|p1a: Clefable|Clefable, M|294\/394
|move|p2a: Keldeo-Resolute|Secret Sword|p1a: Clefable
|-resisted|p1a: Clefable
|-damage|p1a: Clefable|231\/394
|
|-heal|p2a: Keldeo-Resolute|323\/323|[from] item: Leftovers
|-heal|p1a: Clefable|255\/394|[from] item: Leftovers
|turn|18
|
|move|p1a: Clefable|Protect|p1a: Clefable
|-singleturn|p1a: Clefable|Protect
|move|p2a: Keldeo-Resolute|Scald|p1a: Clefable
|-activate|p1a: Clefable|Protect
|
|-heal|p1a: Clefable|279\/394|[from] item: Leftovers
|turn|19
|
|move|p2a: Keldeo-Resolute|Scald|p1a: Clefable
|-damage|p1a: Clefable|132\/394
|move|p1a: Clefable|Wish|p1a: Clefable
|
|-heal|p1a: Clefable|156\/394|[from] item: Leftovers
|turn|20
|
|move|p1a: Clefable|Protect|p1a: Clefable
|-singleturn|p1a: Clefable|Protect
|move|p2a: Keldeo-Resolute|Calm Mind|p2a: Keldeo-Resolute
|-boost|p2a: Keldeo-Resolute|spa|1
|-boost|p2a: Keldeo-Resolute|spd|1
|
|-heal|p1a: Clefable|353\/394|[from] move: Wish|[wisher] Clefable
|-heal|p1a: Clefable|377\/394|[from] item: Leftovers
|turn|21
|
|move|p2a: Keldeo-Resolute|Scald|p1a: Clefable
|-damage|p1a: Clefable|229\/394
|-status|p1a: Clefable|brn
|move|p1a: Clefable|Moonblast|p2a: Keldeo-Resolute
|-supereffective|p2a: Keldeo-Resolute
|-end|p2a: Keldeo-Resolute|Substitute
|
|-heal|p1a: Clefable|253\/394 brn|[from] item: Leftovers
|-damage|p1a: Clefable|204\/394 brn|[from] brn
|turn|22
|
|move|p2a: Keldeo-Resolute|Scald|p1a: Clefable
|-damage|p1a: Clefable|56\/394 brn
|move|p1a: Clefable|Moonblast|p2a: Keldeo-Resolute
|-supereffective|p2a: Keldeo-Resolute
|-damage|p2a: Keldeo-Resolute|69\/323
|-unboost|p2a: Keldeo-Resolute|spa|1
|
|-heal|p2a: Keldeo-Resolute|89\/323|[from] item: Leftovers
|-heal|p1a: Clefable|80\/394 brn|[from] item: Leftovers
|-damage|p1a: Clefable|31\/394 brn|[from] brn
|turn|23
|
|move|p2a: Keldeo-Resolute|Secret Sword|p1a: Clefable
|-resisted|p1a: Clefable
|-damage|p1a: Clefable|0 fnt
|faint|p1a: Clefable
|
|-heal|p2a: Keldeo-Resolute|109\/323|[from] item: Leftovers
|
|switch|p1a: Skarmory|Skarmory, F|334\/334
|turn|24
|
|move|p2a: Keldeo-Resolute|Scald|p1a: Skarmory
|-damage|p1a: Skarmory|27\/334
|move|p1a: Skarmory|Whirlwind|p2a: Keldeo-Resolute
|drag|p2a: Landorus-Therian|Landorus-Therian, M|369\/369
|-ability|p2a: Landorus-Therian|Intimidate|[of] p1a: Skarmory
|-unboost|p1a: Skarmory|atk|1
|
|turn|25
|
|switch|p1a: Sableye|Sableye-Mega, F|304\/304
|move|p2a: Landorus-Therian|Knock Off|p1a: Sableye
|-damage|p1a: Sableye|258\/304
|
|turn|26
|
|move|p2a: Landorus-Therian|U-turn|p1a: Sableye
|-damage|p1a: Sableye|213\/304
|
|switch|p2a: Latios|Latios, M|302\/302
|move|p1a: Sableye|Taunt|p2a: Latios
|-start|p2a: Latios|move: Taunt
|
|turn|27
|
|switch|p1a: Gliscor|Gliscor, F|354\/354 tox
|move|p2a: Latios|Draco Meteor|p1a: Gliscor
|-damage|p1a: Gliscor|95\/354 tox
|-unboost|p2a: Latios|spa|2
|-damage|p2a: Latios|272\/302|[from] item: Life Orb
|
|-heal|p1a: Gliscor|139\/354 tox|[from] ability: Poison Heal
|turn|28
|
|switch|p2a: Altaria|Altaria, M|353\/353
|move|p1a: Gliscor|Knock Off|p2a: Altaria
|-damage|p2a: Altaria|308\/353
|
|-heal|p1a: Gliscor|183\/354 tox|[from] ability: Poison Heal
|turn|29
|
|detailschange|p2a: Altaria|Altaria-Mega, M
|-mega|p2a: Altaria|Altaria|Altarianite
|move|p1a: Gliscor|Taunt|p2a: Altaria
|-start|p2a: Altaria|move: Taunt
|cant|p2a: Altaria|move: Taunt|Dragon Dance
|
|-heal|p1a: Gliscor|227\/354 tox|[from] ability: Poison Heal
|turn|30
|
|move|p1a: Gliscor|Earthquake|p2a: Altaria
|-damage|p2a: Altaria|224\/353
|move|p2a: Altaria|Return|p1a: Gliscor
|-damage|p1a: Gliscor|100\/354 tox
|
|-heal|p1a: Gliscor|144\/354 tox|[from] ability: Poison Heal
|turn|31
|
|switch|p2a: Latios|Latios, M|272\/302
|move|p1a: Gliscor|Roost|p1a: Gliscor
|-heal|p1a: Gliscor|321\/354 tox
|
|-heal|p1a: Gliscor|354\/354 tox|[from] ability: Poison Heal
|turn|32
|
|move|p2a: Latios|Calm Mind|p2a: Latios
|-boost|p2a: Latios|spa|1
|-boost|p2a: Latios|spd|1
|move|p1a: Gliscor|Knock Off|p2a: Latios
|-supereffective|p2a: Latios
|-damage|p2a: Latios|86\/302
|-enditem|p2a: Latios|Life Orb|[from] move: Knock Off|[of] p1a: Gliscor
|
|turn|33
|
|move|p2a: Latios|Draco Meteor|p1a: Gliscor|[miss]
|-miss|p2a: Latios|p1a: Gliscor
|move|p1a: Gliscor|Knock Off|p2a: Latios
|-supereffective|p2a: Latios
|-damage|p2a: Latios|0 fnt
|faint|p2a: Latios
|
|c|âSunnySuspect|._.
|
|switch|p2a: Landorus-Therian|Landorus-Therian, M|369\/369
|-ability|p2a: Landorus-Therian|Intimidate|[of] p1a: Gliscor
|-unboost|p1a: Gliscor|atk|1
|turn|34
|c|âSunnySuspect|not bad man
|
|switch|p1a: Sableye|Sableye-Mega, F|213\/304
|move|p2a: Landorus-Therian|U-turn|p1a: Sableye
|-damage|p1a: Sableye|167\/304
|
|switch|p2a: Altaria|Altaria-Mega, M|224\/353
|-status|p2a: Altaria|tox
|
|-damage|p2a: Altaria|202\/353 tox|[from] psn
|turn|35
|
|switch|p1a: Tentacruel|Tentacruel, M|363\/363
|move|p2a: Altaria|Dragon Dance|p2a: Altaria
|-boost|p2a: Altaria|atk|1
|-boost|p2a: Altaria|spe|1
|
|-damage|p2a: Altaria|158\/353 tox|[from] psn
|turn|36
|
|move|p2a: Altaria|Earthquake|p1a: Tentacruel
|-supereffective|p1a: Tentacruel
|-damage|p1a: Tentacruel|143\/363
|move|p1a: Tentacruel|Acid Spray|p2a: Altaria
|-crit|p2a: Altaria
|-supereffective|p2a: Altaria
|-damage|p2a: Altaria|56\/353 tox
|-unboost|p2a: Altaria|spd|2
|
|-heal|p1a: Tentacruel|165\/363|[from] item: Black Sludge
|-damage|p2a: Altaria|0 fnt|[from] psn
|faint|p2a: Altaria
|
|switch|p2a: Landorus-Therian|Landorus-Therian, M|369\/369
|-ability|p2a: Landorus-Therian|Intimidate|[of] p1a: Tentacruel
|-unboost|p1a: Tentacruel|atk|1
|turn|37
|c|âSunnySuspect|wtf is this shit lol
|
|switch|p1a: Skarmory|Skarmory, F|27\/334
|move|p2a: Landorus-Therian|Stealth Rock|p1a: Skarmory
|-sidestart|p1: JiaShengz|move: Stealth Rock
|
|turn|38
|
|move|p2a: Landorus-Therian|Knock Off|p1a: Skarmory
|-damage|p1a: Skarmory|0 fnt
|-enditem|p1a: Skarmory|Shed Shell|[from] move: Knock Off|[of] p2a: Landorus-Therian
|faint|p1a: Skarmory
|
|
|switch|p1a: Sableye|Sableye-Mega, F|167\/304
|-damage|p1a: Sableye|129\/304|[from] Stealth Rock
|turn|39
|
|move|p2a: Landorus-Therian|Earthquake|p1a: Sableye
|-damage|p1a: Sableye|21\/304
|move|p1a: Sableye|Recover|p1a: Sableye
|-heal|p1a: Sableye|173\/304
|
|turn|40
|c|âSunnySuspect|nice man
|
|move|p2a: Landorus-Therian|U-turn|p1a: Sableye
|-crit|p1a: Sableye
|-damage|p1a: Sableye|95\/304
|
|switch|p2a: Celebi|Celebi|391\/404
|-status|p2a: Celebi|tox
|move|p1a: Sableye|Recover|p1a: Sableye
|-heal|p1a: Sableye|247\/304
|
|-damage|p2a: Celebi|366\/404 tox|[from] psn
|turn|41
|
|move|p2a: Celebi|Nasty Plot|p2a: Celebi
|-boost|p2a: Celebi|spa|2
|move|p1a: Sableye|Taunt|p2a: Celebi
|-start|p2a: Celebi|move: Taunt
|
|-damage|p2a: Celebi|316\/404 tox|[from] psn
|turn|42
|
|move|p2a: Celebi|Giga Drain|p1a: Sableye
|-damage|p1a: Sableye|99\/304
|-heal|p2a: Celebi|390\/404 tox|[from] drain|[of] p1a: Sableye
|move|p1a: Sableye|Recover|p1a: Sableye
|-heal|p1a: Sableye|251\/304
|
|-damage|p2a: Celebi|315\/404 tox|[from] psn
|turn|43
|
|move|p2a: Celebi|Giga Drain|p1a: Sableye
|-crit|p1a: Sableye
|-damage|p1a: Sableye|7\/304
|-heal|p2a: Celebi|404\/404 tox|[from] drain|[of] p1a: Sableye
|move|p1a: Sableye|Recover|p1a: Sableye
|-heal|p1a: Sableye|159\/304
|
|-damage|p2a: Celebi|304\/404 tox|[from] psn
|turn|44
|
|move|p2a: Celebi|Giga Drain|p1a: Sableye
|-damage|p1a: Sableye|0 fnt
|-heal|p2a: Celebi|384\/404 tox|[from] drain|[of] p1a: Sableye
|faint|p1a: Sableye
|
|-damage|p2a: Celebi|259\/404 tox|[from] psn
|-end|p2a: Celebi|move: Taunt
|c|âSunnySuspect|bullshit
|
|switch|p1a: Gliscor|Gliscor, F|354\/354 tox
|-damage|p1a: Gliscor|310\/354 tox|[from] Stealth Rock
|turn|45
|
|move|p2a: Celebi|Giga Drain|p1a: Gliscor
|-damage|p1a: Gliscor|166\/354 tox
|-heal|p2a: Celebi|331\/404 tox|[from] drain|[of] p1a: Gliscor
|move|p1a: Gliscor|Knock Off|p2a: Celebi
|-supereffective|p2a: Celebi
|-damage|p2a: Celebi|223\/404 tox
|
|-damage|p2a: Celebi|73\/404 tox|[from] psn
|-heal|p1a: Gliscor|210\/354 tox|[from] ability: Poison Heal
|turn|46
|
|switch|p2a: Jirachi|Jirachi|390\/404
|move|p1a: Gliscor|Roost|p1a: Gliscor
|-heal|p1a: Gliscor|354\/354 tox
|
|turn|47
|
|move|p2a: Jirachi|Wish|p2a: Jirachi
|move|p1a: Gliscor|Earthquake|p2a: Jirachi
|-supereffective|p2a: Jirachi
|-damage|p2a: Jirachi|160\/404
|
|turn|48
|
|move|p2a: Jirachi|Protect|p2a: Jirachi
|-singleturn|p2a: Jirachi|Protect
|move|p1a: Gliscor|Taunt|p2a: Jirachi
|-activate|p2a: Jirachi|Protect
|
|-heal|p2a: Jirachi|362\/404|[from] move: Wish|[wisher] Jirachi
|turn|49
|
|move|p2a: Jirachi|Wish|p2a: Jirachi
|move|p1a: Gliscor|Taunt|p2a: Jirachi
|-start|p2a: Jirachi|move: Taunt
|
|turn|50
|
|switch|p2a: Landorus-Therian|Landorus-Therian, M|369\/369
|-ability|p2a: Landorus-Therian|Intimidate|[of] p1a: Gliscor
|-unboost|p1a: Gliscor|atk|1
|move|p1a: Gliscor|Earthquake|p2a: Landorus-Therian
|-immune|p2a: Landorus-Therian|[msg]
|
|turn|51
|
|move|p2a: Landorus-Therian|Knock Off|p1a: Gliscor
|-damage|p1a: Gliscor|268\/354 tox
|-enditem|p1a: Gliscor|Toxic Orb|[from] move: Knock Off|[of] p2a: Landorus-Therian
|move|p1a: Gliscor|Knock Off|p2a: Landorus-Therian
|-damage|p2a: Landorus-Therian|326\/369
|-damage|p1a: Gliscor|209\/354 tox|[from] item: Rocky Helmet|[of] p2a: Landorus-Therian
|-enditem|p2a: Landorus-Therian|Rocky Helmet|[from] move: Knock Off|[of] p1a: Gliscor
|
|-heal|p1a: Gliscor|253\/354 tox|[from] ability: Poison Heal
|turn|52
|
|move|p2a: Landorus-Therian|U-turn|p1a: Gliscor
|-resisted|p1a: Gliscor
|-damage|p1a: Gliscor|221\/354 tox
|
|switch|p2a: Jirachi|Jirachi|362\/404
|move|p1a: Gliscor|Knock Off|p2a: Jirachi
|-supereffective|p2a: Jirachi
|-damage|p2a: Jirachi|300\/404
|
|-heal|p1a: Gliscor|265\/354 tox|[from] ability: Poison Heal
|turn|53
|
|move|p2a: Jirachi|Wish|p2a: Jirachi
|move|p1a: Gliscor|Earthquake|p2a: Jirachi
|-supereffective|p2a: Jirachi
|-damage|p2a: Jirachi|160\/404
|
|-heal|p1a: Gliscor|309\/354 tox|[from] ability: Poison Heal
|turn|54
|
|move|p2a: Jirachi|Protect|p2a: Jirachi
|-singleturn|p2a: Jirachi|Protect
|move|p1a: Gliscor|Earthquake|p2a: Jirachi
|-activate|p2a: Jirachi|Protect
|
|-heal|p2a: Jirachi|362\/404|[from] move: Wish|[wisher] Jirachi
|-heal|p1a: Gliscor|353\/354 tox|[from] ability: Poison Heal
|turn|55
|
|switch|p1a: Tentacruel|Tentacruel, M|165\/363
|-damage|p1a: Tentacruel|120\/363|[from] Stealth Rock
|move|p2a: Jirachi|Wish|p2a: Jirachi
|
|-heal|p1a: Tentacruel|142\/363|[from] item: Black Sludge
|turn|56
|
|move|p2a: Jirachi|Iron Head|p1a: Tentacruel
|-resisted|p1a: Tentacruel
|-damage|p1a: Tentacruel|101\/363
|move|p1a: Tentacruel|Rapid Spin|p2a: Jirachi
|-resisted|p2a: Jirachi
|-damage|p2a: Jirachi|357\/404
|-sideend|p1: JiaShengz|Stealth Rock|[from] move: Rapid Spin|[of] p1a: Tentacruel
|
|-heal|p2a: Jirachi|404\/404|[from] move: Wish|[wisher] Jirachi
|-heal|p1a: Tentacruel|123\/363|[from] item: Black Sludge
|turn|57
|
|move|p2a: Jirachi|Iron Head|p1a: Tentacruel
|-resisted|p1a: Tentacruel
|-damage|p1a: Tentacruel|76\/363
|cant|p1a: Tentacruel|flinch
|
|-heal|p1a: Tentacruel|98\/363|[from] item: Black Sludge
|turn|58
|
|move|p2a: Jirachi|Iron Head|p1a: Tentacruel
|-resisted|p1a: Tentacruel
|-damage|p1a: Tentacruel|53\/363
|move|p1a: Tentacruel|Scald|p2a: Jirachi
|-damage|p2a: Jirachi|349\/404
|
|-heal|p1a: Tentacruel|75\/363|[from] item: Black Sludge
|turn|59
|
|move|p2a: Jirachi|Iron Head|p1a: Tentacruel
|-resisted|p1a: Tentacruel
|-damage|p1a: Tentacruel|28\/363
|cant|p1a: Tentacruel|flinch
|
|-heal|p1a: Tentacruel|50\/363|[from] item: Black Sludge
|turn|60
|
|switch|p1a: Gliscor|Gliscor, F|353\/354 tox
|move|p2a: Jirachi|Iron Head|p1a: Gliscor
|-damage|p1a: Gliscor|269\/354 tox
|
|-heal|p1a: Gliscor|313\/354 tox|[from] ability: Poison Heal
|turn|61
|
|move|p2a: Jirachi|Wish|p2a: Jirachi
|move|p1a: Gliscor|Earthquake|p2a: Jirachi
|-supereffective|p2a: Jirachi
|-damage|p2a: Jirachi|125\/404
|
|-heal|p1a: Gliscor|354\/354 tox|[from] ability: Poison Heal
|turn|62
|
|move|p2a: Jirachi|Protect|p2a: Jirachi
|-singleturn|p2a: Jirachi|Protect
|move|p1a: Gliscor|Taunt|p2a: Jirachi
|-activate|p2a: Jirachi|Protect
|
|-heal|p2a: Jirachi|327\/404|[from] move: Wish|[wisher] Jirachi
|turn|63
|
|move|p2a: Jirachi|Wish|p2a: Jirachi
|move|p1a: Gliscor|Taunt|p2a: Jirachi
|-start|p2a: Jirachi|move: Taunt
|
|turn|64
|
|switch|p2a: Landorus-Therian|Landorus-Therian, M|326\/369
|-ability|p2a: Landorus-Therian|Intimidate|[of] p1a: Gliscor
|-unboost|p1a: Gliscor|atk|1
|move|p1a: Gliscor|Earthquake|p2a: Landorus-Therian
|-immune|p2a: Landorus-Therian|[msg]
|
|-heal|p2a: Landorus-Therian|369\/369|[from] move: Wish|[wisher] Jirachi
|turn|65
|
|switch|p1a: Tentacruel|Tentacruel, M|50\/363
|move|p2a: Landorus-Therian|Knock Off|p1a: Tentacruel
|-damage|p1a: Tentacruel|0 fnt
|-enditem|p1a: Tentacruel|Black Sludge|[from] move: Knock Off|[of] p2a: Landorus-Therian
|faint|p1a: Tentacruel
|
|
|switch|p1a: Gliscor|Gliscor, F|354\/354 tox
|turn|66
|
|move|p2a: Landorus-Therian|Stealth Rock|p1a: Gliscor
|-sidestart|p1: JiaShengz|move: Stealth Rock
|move|p1a: Gliscor|Knock Off|p2a: Landorus-Therian
|-damage|p2a: Landorus-Therian|331\/369
|
|turn|67
|
|move|p2a: Landorus-Therian|Knock Off|p1a: Gliscor
|-damage|p1a: Gliscor|296\/354 tox
|move|p1a: Gliscor|Knock Off|p2a: Landorus-Therian
|-damage|p2a: Landorus-Therian|288\/369
|
|-heal|p1a: Gliscor|340\/354 tox|[from] ability: Poison Heal
|turn|68
|
|move|p2a: Landorus-Therian|U-turn|p1a: Gliscor
|-resisted|p1a: Gliscor
|-damage|p1a: Gliscor|308\/354 tox
|
|switch|p2a: Jirachi|Jirachi|327\/404
|move|p1a: Gliscor|Knock Off|p2a: Jirachi
|-supereffective|p2a: Jirachi
|-damage|p2a: Jirachi|227\/404
|
|-heal|p1a: Gliscor|352\/354 tox|[from] ability: Poison Heal
|turn|69
|
|move|p2a: Jirachi|Wish|p2a: Jirachi
|move|p1a: Gliscor|Earthquake|p2a: Jirachi
|-crit|p2a: Jirachi
|-supereffective|p2a: Jirachi
|-damage|p2a: Jirachi|0 fnt
|faint|p2a: Jirachi
|
|-heal|p1a: Gliscor|354\/354 tox|[from] ability: Poison Heal
|c|âSunnySuspect|fuck you lol
|
|switch|p2a: Keldeo-Resolute|Keldeo-Resolute|109\/323
|-status|p2a: Keldeo-Resolute|tox
|turn|70
|
|move|p2a: Keldeo-Resolute|Substitute|p2a: Keldeo-Resolute
|-start|p2a: Keldeo-Resolute|Substitute
|-damage|p2a: Keldeo-Resolute|29\/323 tox
|move|p1a: Gliscor|Earthquake|p2a: Keldeo-Resolute
|-end|p2a: Keldeo-Resolute|Substitute
|
|-heal|p2a: Keldeo-Resolute|231\/323 tox|[from] move: Wish|[wisher] Jirachi
|-heal|p2a: Keldeo-Resolute|251\/323 tox|[from] item: Leftovers
|-damage|p2a: Keldeo-Resolute|231\/323 tox|[from] psn
|turn|71
|
|move|p2a: Keldeo-Resolute|Calm Mind|p2a: Keldeo-Resolute
|-boost|p2a: Keldeo-Resolute|spa|1
|-boost|p2a: Keldeo-Resolute|spd|1
|move|p1a: Gliscor|Knock Off|p2a: Keldeo-Resolute
|-resisted|p2a: Keldeo-Resolute
|-damage|p2a: Keldeo-Resolute|189\/323 tox
|-boost|p2a: Keldeo-Resolute|atk|1|[from] ability: Justified
|-enditem|p2a: Keldeo-Resolute|Leftovers|[from] move: Knock Off|[of] p1a: Gliscor
|
|-damage|p2a: Keldeo-Resolute|149\/323 tox|[from] psn
|turn|72
|
|switch|p1a: Chansey|Chansey, F|489\/703
|-damage|p1a: Chansey|402\/703|[from] Stealth Rock
|move|p2a: Keldeo-Resolute|Scald|p1a: Chansey
|-damage|p1a: Chansey|257\/703
|
|-damage|p2a: Keldeo-Resolute|89\/323 tox|[from] psn
|turn|73
|
|switch|p1a: Gliscor|Gliscor, F|354\/354 tox
|-damage|p1a: Gliscor|310\/354 tox|[from] Stealth Rock
|move|p2a: Keldeo-Resolute|Scald|p1a: Gliscor
|-supereffective|p1a: Gliscor
|-damage|p1a: Gliscor|0 fnt
|faint|p1a: Gliscor
|
|-damage|p2a: Keldeo-Resolute|9\/323 tox|[from] psn
|-message|JiaShengz forfeited.
|leave|JiaShengz
|
|win|SunnySuspect
|raw|Ladder updating...
|player|p1
|raw|JiaShengz's rating: 1494 &rarr; <strong>1473<\/strong><br \/>(-21 for losing)
|raw|SunnySuspect's rating: 1482 &rarr; <strong>1503<\/strong><br \/>(+21 for winning)
|c|âSunnySuspect|fucker
|c|âSunnySuspect|:\/
|join|lolaltsareweird
|c| lolaltsareweird|o nice