|join|Merry Jewmas
|join|JiaShengz
|player|p1|Merry Jewmas|#cpgtan
|player|p2|JiaShengz|170
|gametype|singles
|gen|6
|tier|OU (suspect test)
|rated
|clearpoke
|poke|p1|Diggersby, F
|poke|p1|Sableye, F
|poke|p1|Ferrothorn, M
|poke|p1|Azumarill, F
|poke|p1|Gengar, M
|poke|p1|Heatran, F
|poke|p2|Chansey, F
|poke|p2|Clefable, F
|poke|p2|Sableye, F
|poke|p2|Gliscor, F
|poke|p2|Tentacruel, M
|poke|p2|Skarmory, M
|rule|Swagger Clause: Swagger is banned
|rule|Baton Pass Clause: Limit one PokÃ©mon knowing Baton Pass
|rule|Sleep Clause Mod: Limit one foe put to sleep
|rule|Species Clause: Limit one of each PokÃ©mon
|rule|OHKO Clause: OHKO moves are banned
|rule|Moody Clause: Moody is banned
|rule|Evasion Moves Clause: Evasion moves are banned
|rule|Endless Battle Clause: Forcing endless battles is banned
|rule|HP Percentage Mod: HP is shown in percentages
|teampreview
|
|start
|switch|p1a: TRIPLE CHARIZARD|Heatran, F|385\/385
|switch|p2a: Sableye|Sableye, F|304\/304
|-item|p1a: TRIPLE CHARIZARD|Air Balloon
|turn|1
|
|switch|p1a: HNNNNNNNNG|Azumarill, F|377\/377
|switch|p2a: Tentacruel|Tentacruel, M|363\/363
|
|turn|2
|
|switch|p1a: TAMALE|Ferrothorn, M|349\/349
|move|p2a: Tentacruel|Toxic Spikes|p1a: TAMALE
|-sidestart|p1: Merry Jewmas|move: Toxic Spikes
|
|turn|3
|
|move|p2a: Tentacruel|Toxic Spikes|p1a: TAMALE
|-sidestart|p1: Merry Jewmas|move: Toxic Spikes
|move|p1a: TAMALE|Spikes|p2a: Tentacruel
|-sidestart|p2: JiaShengz|Spikes
|
|turn|4
|
|switch|p2a: Sableye|Sableye, F|304\/304
|-damage|p2a: Sableye|266\/304|[from] Spikes
|move|p1a: TAMALE|Spikes|p2a: Sableye
|-sidestart|p2: JiaShengz|Spikes
|
|turn|5
|
|switch|p1a: TRIPLE CHARIZARD|Heatran, F|385\/385
|-item|p1a: TRIPLE CHARIZARD|Air Balloon
|detailschange|p2a: Sableye|Sableye-Mega, F
|-mega|p2a: Sableye|Sableye|Sablenite
|move|p2a: Sableye|Knock Off|p1a: TRIPLE CHARIZARD
|-damage|p1a: TRIPLE CHARIZARD|294\/385
|-enditem|p1a: TRIPLE CHARIZARD|Air Balloon
|
|turn|6
|
|switch|p2a: Tentacruel|Tentacruel, M|363\/363
|-damage|p2a: Tentacruel|303\/363|[from] Spikes
|move|p1a: TRIPLE CHARIZARD|Fire Blast|p2a: Tentacruel
|-resisted|p2a: Tentacruel
|-damage|p2a: Tentacruel|232\/363
|
|-heal|p2a: Tentacruel|254\/363|[from] item: Black Sludge
|turn|7
|
|switch|p1a: CALL ME SHOFU|Gengar, M|261\/261
|move|p2a: Tentacruel|Rapid Spin|p1a: CALL ME SHOFU
|-immune|p1a: CALL ME SHOFU|[msg]
|
|-heal|p2a: Tentacruel|276\/363|[from] item: Black Sludge
|turn|8
|
|move|p1a: CALL ME SHOFU|Shadow Ball|p2a: Tentacruel
|-damage|p2a: Tentacruel|127\/363
|-unboost|p2a: Tentacruel|spd|1
|-damage|p1a: CALL ME SHOFU|235\/261|[from] item: Life Orb
|move|p2a: Tentacruel|Scald|p1a: CALL ME SHOFU
|-damage|p1a: CALL ME SHOFU|132\/261
|-status|p1a: CALL ME SHOFU|brn
|
|-heal|p2a: Tentacruel|149\/363|[from] item: Black Sludge
|-damage|p1a: CALL ME SHOFU|100\/261 brn|[from] brn
|turn|9
|
|switch|p1a: SHIZZ 2 DA SIXX|Diggersby, F|311\/311
|-status|p1a: SHIZZ 2 DA SIXX|tox
|switch|p2a: Gliscor|Gliscor, F|354\/354
|
|-damage|p1a: SHIZZ 2 DA SIXX|292\/311 tox|[from] psn
|-status|p2a: Gliscor|tox|[from] item: Toxic Orb
|turn|10
|
|move|p1a: SHIZZ 2 DA SIXX|Swords Dance|p1a: SHIZZ 2 DA SIXX
|-boost|p1a: SHIZZ 2 DA SIXX|atk|2
|move|p2a: Gliscor|Knock Off|p1a: SHIZZ 2 DA SIXX
|-damage|p1a: SHIZZ 2 DA SIXX|208\/311 tox
|-enditem|p1a: SHIZZ 2 DA SIXX|Life Orb|[from] move: Knock Off|[of] p2a: Gliscor
|
|-damage|p1a: SHIZZ 2 DA SIXX|170\/311 tox|[from] psn
|turn|11
|
|switch|p2a: Sableye|Sableye-Mega, F|266\/304
|-damage|p2a: Sableye|216\/304|[from] Spikes
|move|p1a: SHIZZ 2 DA SIXX|Swords Dance|p1a: SHIZZ 2 DA SIXX
|-boost|p1a: SHIZZ 2 DA SIXX|atk|2
|
|-damage|p1a: SHIZZ 2 DA SIXX|113\/311 tox|[from] psn
|turn|12
|
|switch|p2a: Skarmory|Skarmory, M|334\/334
|move|p1a: SHIZZ 2 DA SIXX|Knock Off|p2a: Skarmory
|-damage|p2a: Skarmory|90\/334
|-enditem|p2a: Skarmory|Shed Shell|[from] move: Knock Off|[of] p1a: SHIZZ 2 DA SIXX
|
|-damage|p1a: SHIZZ 2 DA SIXX|37\/311 tox|[from] psn
|turn|13
|
|switch|p2a: Clefable|Clefable, F|394\/394
|-damage|p2a: Clefable|329\/394|[from] Spikes
|move|p1a: SHIZZ 2 DA SIXX|Knock Off|p2a: Clefable
|-resisted|p2a: Clefable
|-damage|p2a: Clefable|274\/394
|-enditem|p2a: Clefable|Leftovers|[from] move: Knock Off|[of] p1a: SHIZZ 2 DA SIXX
|
|-damage|p1a: SHIZZ 2 DA SIXX|0 fnt|[from] psn
|faint|p1a: SHIZZ 2 DA SIXX
|
|switch|p1a: TRIPLE CHARIZARD|Heatran, F|294\/385
|turn|14
|
|switch|p2a: Sableye|Sableye-Mega, F|216\/304
|-damage|p2a: Sableye|166\/304|[from] Spikes
|move|p1a: TRIPLE CHARIZARD|Flash Cannon|p2a: Sableye
|-damage|p2a: Sableye|69\/304
|
|turn|15
|
|switch|p2a: Gliscor|Gliscor, F|354\/354 tox
|move|p1a: TRIPLE CHARIZARD|Flash Cannon|p2a: Gliscor
|-damage|p2a: Gliscor|248\/354 tox
|
|-heal|p2a: Gliscor|292\/354 tox|[from] ability: Poison Heal
|turn|16
|
|switch|p1a: TAMALE|Ferrothorn, M|349\/349
|move|p2a: Gliscor|Taunt|p1a: TAMALE
|-start|p1a: TAMALE|move: Taunt
|
|-heal|p2a: Gliscor|336\/354 tox|[from] ability: Poison Heal
|turn|17
|
|move|p2a: Gliscor|Earthquake|p1a: TAMALE
|-damage|p1a: TAMALE|271\/349
|move|p1a: TAMALE|Gyro Ball|p2a: Gliscor
|-damage|p2a: Gliscor|216\/354 tox
|
|-heal|p1a: TAMALE|292\/349|[from] item: Leftovers
|-heal|p2a: Gliscor|260\/354 tox|[from] ability: Poison Heal
|turn|18
|
|switch|p1a: CALL ME SHOFU|Gengar, M|100\/261 brn
|move|p2a: Gliscor|Knock Off|p1a: CALL ME SHOFU
|-supereffective|p1a: CALL ME SHOFU
|-damage|p1a: CALL ME SHOFU|0 fnt
|-enditem|p1a: CALL ME SHOFU|Life Orb|[from] move: Knock Off|[of] p2a: Gliscor
|faint|p1a: CALL ME SHOFU
|
|-heal|p2a: Gliscor|304\/354 tox|[from] ability: Poison Heal
|
|switch|p1a: HNNNNNNNNG|Azumarill, F|377\/377
|-status|p1a: HNNNNNNNNG|tox
|turn|19
|
|switch|p2a: Tentacruel|Tentacruel, M|149\/363
|-damage|p2a: Tentacruel|89\/363|[from] Spikes
|move|p1a: HNNNNNNNNG|Waterfall|p2a: Tentacruel
|-resisted|p2a: Tentacruel
|-damage|p2a: Tentacruel|0 fnt
|faint|p2a: Tentacruel
|
|-damage|p1a: HNNNNNNNNG|354\/377 tox|[from] psn
|
|switch|p2a: Clefable|Clefable, F|274\/394
|-damage|p2a: Clefable|209\/394|[from] Spikes
|turn|20
|
|move|p1a: HNNNNNNNNG|Waterfall|p2a: Clefable
|-damage|p2a: Clefable|0 fnt
|faint|p2a: Clefable
|
|-damage|p1a: HNNNNNNNNG|308\/377 tox|[from] psn
|
|switch|p2a: Chansey|Chansey, F|703\/703
|-damage|p2a: Chansey|586\/703|[from] Spikes
|turn|21
|
|switch|p1a: TAMALE|Ferrothorn, M|292\/349
|move|p2a: Chansey|Soft-Boiled|p2a: Chansey
|-heal|p2a: Chansey|703\/703
|
|-heal|p1a: TAMALE|313\/349|[from] item: Leftovers
|turn|22
|
|switch|p2a: Skarmory|Skarmory, M|90\/334
|move|p1a: TAMALE|Gyro Ball|p2a: Skarmory
|-resisted|p2a: Skarmory
|-damage|p2a: Skarmory|55\/334
|
|-heal|p1a: TAMALE|334\/349|[from] item: Leftovers
|turn|23
|
|move|p2a: Skarmory|Roost|p2a: Skarmory
|-heal|p2a: Skarmory|222\/334
|move|p1a: TAMALE|Spikes|p2a: Skarmory
|-sidestart|p2: JiaShengz|Spikes
|
|-heal|p1a: TAMALE|349\/349|[from] item: Leftovers
|turn|24
|
|move|p2a: Skarmory|Stealth Rock|p1a: TAMALE
|-sidestart|p1: Merry Jewmas|move: Stealth Rock
|move|p1a: TAMALE|Leech Seed|p2a: Skarmory
|-start|p2a: Skarmory|move: Leech Seed
|
|-damage|p2a: Skarmory|181\/334|[from] Leech Seed|[of] p1a: TAMALE
|turn|25
|
|switch|p1a: TRIPLE CHARIZARD|Heatran, F|294\/385
|-damage|p1a: TRIPLE CHARIZARD|246\/385|[from] Stealth Rock
|move|p2a: Skarmory|Spikes|p1a: TRIPLE CHARIZARD
|-sidestart|p1: Merry Jewmas|Spikes
|
|-damage|p2a: Skarmory|140\/334|[from] Leech Seed|[of] p1a: TRIPLE CHARIZARD
|-heal|p1a: TRIPLE CHARIZARD|287\/385|[silent]
|turn|26
|
|switch|p2a: Chansey|Chansey, F|703\/703
|-damage|p2a: Chansey|528\/703|[from] Spikes
|move|p1a: TRIPLE CHARIZARD|Stealth Rock|p2a: Chansey
|-sidestart|p2: JiaShengz|move: Stealth Rock
|
|turn|27
|
|switch|p1a: TAMALE|Ferrothorn, M|349\/349
|-damage|p1a: TAMALE|306\/349|[from] Spikes
|-damage|p1a: TAMALE|285\/349|[from] Stealth Rock
|move|p2a: Chansey|Seismic Toss|p1a: TAMALE
|-damage|p1a: TAMALE|185\/349
|-damage|p2a: Chansey|441\/703|[from] ability: Iron Barbs|[of] p1a: TAMALE
|
|-heal|p1a: TAMALE|206\/349|[from] item: Leftovers
|turn|28
|
|switch|p2a: Sableye|Sableye-Mega, F|69\/304
|-damage|p2a: Sableye|31\/304|[from] Stealth Rock
|-damage|p2a: Sableye|0 fnt|[from] Spikes
|faint|p2a: Sableye
|move|p1a: TAMALE|Leech Seed|p2: Sableye|[notarget]
|-notarget
|
|-heal|p1a: TAMALE|227\/349|[from] item: Leftovers
|
|switch|p2a: Skarmory|Skarmory, M|140\/334
|-damage|p2a: Skarmory|99\/334|[from] Stealth Rock
|turn|29
|
|move|p2a: Skarmory|Spikes|p1a: TAMALE
|-sidestart|p1: Merry Jewmas|Spikes
|move|p1a: TAMALE|Leech Seed|p2a: Skarmory
|-start|p2a: Skarmory|move: Leech Seed
|
|-heal|p1a: TAMALE|248\/349|[from] item: Leftovers
|-damage|p2a: Skarmory|58\/334|[from] Leech Seed|[of] p1a: TAMALE
|-heal|p1a: TAMALE|289\/349|[silent]
|turn|30
|
|switch|p1a: TRIPLE CHARIZARD|Heatran, F|287\/385
|-damage|p1a: TRIPLE CHARIZARD|239\/385|[from] Stealth Rock
|-damage|p1a: TRIPLE CHARIZARD|175\/385|[from] Spikes
|move|p2a: Skarmory|Roost|p2a: Skarmory
|-heal|p2a: Skarmory|225\/334
|
|-damage|p2a: Skarmory|184\/334|[from] Leech Seed|[of] p1a: TRIPLE CHARIZARD
|-heal|p1a: TRIPLE CHARIZARD|216\/385|[silent]
|turn|31
|
|switch|p2a: Gliscor|Gliscor, F|304\/354 tox
|-damage|p2a: Gliscor|260\/354 tox|[from] Stealth Rock
|move|p1a: TRIPLE CHARIZARD|Roar|p2a: Gliscor
|drag|p2a: Skarmory|Skarmory, M|184\/334
|-damage|p2a: Skarmory|143\/334|[from] Stealth Rock
|
|turn|32
|
|move|p1a: TRIPLE CHARIZARD|Fire Blast|p2a: Skarmory
|-supereffective|p2a: Skarmory
|-damage|p2a: Skarmory|0 fnt
|faint|p2a: Skarmory
|
|
|switch|p2a: Gliscor|Gliscor, F|260\/354 tox
|-damage|p2a: Gliscor|216\/354 tox|[from] Stealth Rock
|turn|33
|
|move|p1a: TRIPLE CHARIZARD|Flash Cannon|p2a: Gliscor
|-damage|p2a: Gliscor|122\/354 tox
|move|p2a: Gliscor|Roost|p2a: Gliscor
|-heal|p2a: Gliscor|299\/354 tox
|
|-heal|p2a: Gliscor|343\/354 tox|[from] ability: Poison Heal
|turn|34
|
|move|p1a: TRIPLE CHARIZARD|Flash Cannon|p2a: Gliscor
|-damage|p2a: Gliscor|238\/354 tox
|move|p2a: Gliscor|Earthquake|p1a: TRIPLE CHARIZARD
|-supereffective|p1a: TRIPLE CHARIZARD
|-damage|p1a: TRIPLE CHARIZARD|0 fnt
|faint|p1a: TRIPLE CHARIZARD
|
|-heal|p2a: Gliscor|282\/354 tox|[from] ability: Poison Heal
|
|switch|p1a: HNNNNNNNNG|Azumarill, F|308\/377 tox
|-damage|p1a: HNNNNNNNNG|261\/377 tox|[from] Stealth Rock
|-damage|p1a: HNNNNNNNNG|199\/377 tox|[from] Spikes
|turn|35
|
|switch|p2a: Chansey|Chansey, F|441\/703
|-damage|p2a: Chansey|266\/703|[from] Spikes
|-damage|p2a: Chansey|179\/703|[from] Stealth Rock
|move|p1a: HNNNNNNNNG|Waterfall|p2a: Chansey
|-damage|p2a: Chansey|0 fnt
|faint|p2a: Chansey
|
|-damage|p1a: HNNNNNNNNG|176\/377 tox|[from] psn
|
|switch|p2a: Gliscor|Gliscor, F|282\/354 tox
|-damage|p2a: Gliscor|238\/354 tox|[from] Stealth Rock
|turn|36
|
|move|p2a: Gliscor|Earthquake|p1a: HNNNNNNNNG
|-damage|p1a: HNNNNNNNNG|34\/377 tox
|move|p1a: HNNNNNNNNG|Waterfall|p2a: Gliscor
|-supereffective|p2a: Gliscor
|-damage|p2a: Gliscor|0 fnt
|faint|p2a: Gliscor
|
|win|Merry Jewmas
|raw|Ladder updating...
|raw|Merry Jewmas's rating: 1567 &rarr; <strong>1583<\/strong><br \/>(+16 for winning)
|raw|JiaShengz's rating: 1504 &rarr; <strong>1487<\/strong><br \/>(-17 for losing)
|c|âMerry Jewmas|gg