|join|lapraz
|join|Bob the Wut
|player|p1|lapraz|157
|player|p2|Bob the Wut|23
|gametype|singles
|gen|6
|tier|UU
|rated
|rule|Sleep Clause Mod: Limit one foe put to sleep
|rule|Species Clause: Limit one of each PokÃ©mon
|rule|OHKO Clause: OHKO moves are banned
|rule|Moody Clause: Moody is banned
|rule|Evasion Moves Clause: Evasion moves are banned
|rule|Endless Battle Clause: Forcing endless battles is banned
|rule|HP Percentage Mod: HP is shown in percentages
|clearpoke
|poke|p1|Snorlax, M
|poke|p1|Granbull, M
|poke|p1|Blissey, F
|poke|p1|Mantine, M
|poke|p1|Gligar, F
|poke|p1|Crobat, F
|poke|p2|Medicham, M
|poke|p2|Hydreigon, M
|poke|p2|Vaporeon, M
|poke|p2|Nidoqueen, F
|poke|p2|Forretress, F
|poke|p2|Blissey, F
|rule|Swagger Clause: Swagger is banned
|rule|Baton Pass Clause: Limit one PokÃ©mon knowing Baton Pass
|teampreview
|c|âBob the Wut|wut
|c|âlapraz|:D
|
|start
|switch|p1a: Mantine|Mantine, M|334\/334
|switch|p2a: Nidoqueen|Nidoqueen, F|362\/362
|turn|1
|
|move|p2a: Nidoqueen|Stealth Rock|p1a: Mantine
|-sidestart|p1: lapraz|move: Stealth Rock
|move|p1a: Mantine|Scald|p2a: Nidoqueen
|-supereffective|p2a: Nidoqueen
|-damage|p2a: Nidoqueen|180\/362
|
|turn|2
|
|switch|p2a: Vaporeon|Vaporeon, M|464\/464
|switch|p1a: Blissey|Blissey, F|657\/657
|-damage|p1a: Blissey|575\/657|[from] Stealth Rock
|
|-heal|p1a: Blissey|616\/657|[from] item: Leftovers
|turn|3
|
|move|p1a: Blissey|Toxic|p2a: Vaporeon|[miss]
|-miss|p1a: Blissey|p2a: Vaporeon
|move|p2a: Vaporeon|Wish|p2a: Vaporeon
|
|-heal|p1a: Blissey|657\/657|[from] item: Leftovers
|turn|4
|
|switch|p2a: Nidoqueen|Nidoqueen, F|180\/362
|move|p1a: Blissey|Wish|p1a: Blissey
|
|-heal|p2a: Nidoqueen|362\/362|[from] move: Wish|[wisher] Vaporeon
|turn|5
|
|switch|p2a: Forretress|Forretress, F|354\/354
|switch|p1a: Mantine|Mantine, M|334\/334
|-damage|p1a: Mantine|251\/334|[from] Stealth Rock
|
|-heal|p1a: Mantine|334\/334|[from] move: Wish|[wisher] Blissey
|turn|6
|
|move|p1a: Mantine|Scald|p2a: Forretress
|-damage|p2a: Forretress|242\/354
|-status|p2a: Forretress|brn
|move|p2a: Forretress|Volt Switch|p1a: Mantine
|-supereffective|p1a: Mantine
|-damage|p1a: Mantine|242\/334
|
|switch|p2a: Medicham|Medicham, M|261\/261
|
|-heal|p1a: Mantine|262\/334|[from] item: Leftovers
|turn|7
|
|detailschange|p2a: Medicham|Medicham-Mega, M
|-mega|p2a: Medicham|Medicham|Medichamite
|move|p1a: Mantine|Protect|p1a: Mantine
|-singleturn|p1a: Mantine|Protect
|move|p2a: Medicham|Zen Headbutt|p1a: Mantine
|-activate|p1a: Mantine|Protect
|
|-heal|p1a: Mantine|282\/334|[from] item: Leftovers
|turn|8
|
|switch|p1a: Gligar|Gligar, F|334\/334
|-damage|p1a: Gligar|293\/334|[from] Stealth Rock
|move|p2a: Medicham|Zen Headbutt|p1a: Gligar
|-damage|p1a: Gligar|185\/334
|
|turn|9
|
|switch|p1a: Granbull|Granbull, M|384\/384
|-damage|p1a: Granbull|336\/384|[from] Stealth Rock
|-ability|p1a: Granbull|Intimidate|[of] p2a: Medicham
|-unboost|p2a: Medicham|atk|1
|move|p2a: Medicham|Zen Headbutt|p1a: Granbull
|-damage|p1a: Granbull|200\/384
|
|-heal|p1a: Granbull|224\/384|[from] item: Leftovers
|turn|10
|
|switch|p2a: Nidoqueen|Nidoqueen, F|362\/362
|move|p1a: Granbull|Play Rough|p2a: Nidoqueen
|-resisted|p2a: Nidoqueen
|-damage|p2a: Nidoqueen|298\/362
|
|-heal|p1a: Granbull|248\/384|[from] item: Leftovers
|turn|11
|
|switch|p1a: Blissey|Blissey, F|657\/657
|-damage|p1a: Blissey|575\/657|[from] Stealth Rock
|move|p2a: Nidoqueen|Sludge Wave|p1a: Blissey
|-crit|p1a: Blissey
|-damage|p1a: Blissey|349\/657
|
|-heal|p1a: Blissey|390\/657|[from] item: Leftovers
|turn|12
|
|switch|p2a: Blissey|Blissey, F|714\/714
|move|p1a: Blissey|Seismic Toss|p2a: Blissey
|-damage|p2a: Blissey|614\/714
|
|-heal|p2a: Blissey|658\/714|[from] item: Leftovers
|-heal|p1a: Blissey|431\/657|[from] item: Leftovers
|turn|13
|
|move|p2a: Blissey|Heal Bell|p2a: Blissey
|-cureteam|p2a: Blissey|[from] move: HealBell
|move|p1a: Blissey|Wish|p1a: Blissey
|
|-heal|p2a: Blissey|702\/714|[from] item: Leftovers
|-heal|p1a: Blissey|472\/657|[from] item: Leftovers
|turn|14
|
|switch|p1a: Crobat|Crobat, F|373\/373
|-damage|p1a: Crobat|280\/373|[from] Stealth Rock
|move|p2a: Blissey|Wish|p2a: Blissey
|
|-heal|p1a: Crobat|373\/373|[from] move: Wish|[wisher] Blissey
|-heal|p2a: Blissey|714\/714|[from] item: Leftovers
|turn|15
|
|switch|p2a: Forretress|Forretress, F|242\/354
|move|p1a: Crobat|Defog|p2a: Forretress
|-unboost|p2a: Forretress|evasion|1
|-sideend|p1: lapraz|Stealth Rock|[from] move: Defog|[of] p1a: Crobat
|
|-heal|p2a: Forretress|354\/354|[from] move: Wish|[wisher] Blissey
|turn|16
|
|switch|p1a: Gligar|Gligar, F|185\/334
|move|p2a: Forretress|Spikes|p1a: Gligar
|-sidestart|p1: lapraz|Spikes
|
|turn|17
|
|move|p1a: Gligar|Knock Off|p2a: Forretress
|-damage|p2a: Forretress|319\/354
|-enditem|p2a: Forretress|Leftovers|[from] move: Knock Off|[of] p1a: Gligar
|move|p2a: Forretress|Spikes|p1a: Gligar
|-sidestart|p1: lapraz|Spikes
|
|turn|18
|
|switch|p1a: Crobat|Crobat, F|373\/373
|switch|p2a: Hydreigon|Hydreigon, M|325\/325
|
|turn|19
|
|switch|p1a: Blissey|Blissey, F|472\/657
|-damage|p1a: Blissey|363\/657|[from] Spikes
|move|p2a: Hydreigon|Dark Pulse|p1a: Blissey
|-damage|p1a: Blissey|279\/657
|
|-heal|p1a: Blissey|320\/657|[from] item: Leftovers
|turn|20
|
|switch|p2a: Medicham|Medicham-Mega, M|261\/261
|move|p1a: Blissey|Wish|p1a: Blissey
|
|-heal|p1a: Blissey|361\/657|[from] item: Leftovers
|turn|21
|
|switch|p1a: Gligar|Gligar, F|185\/334
|move|p2a: Medicham|Zen Headbutt|p1a: Gligar
|-damage|p1a: Gligar|83\/334
|
|-heal|p1a: Gligar|334\/334|[from] move: Wish|[wisher] Blissey
|turn|22
|
|switch|p2a: Hydreigon|Hydreigon, M|325\/325
|move|p1a: Gligar|Earthquake|p2a: Hydreigon
|-immune|p2a: Hydreigon|[msg]
|
|turn|23
|
|move|p2a: Hydreigon|U-turn|p1a: Gligar
|-resisted|p1a: Gligar
|-damage|p1a: Gligar|321\/334
|
|switch|p2a: Forretress|Forretress, F|319\/354
|move|p1a: Gligar|Stealth Rock|p2a: Forretress
|-sidestart|p2: Bob the Wut|move: Stealth Rock
|
|turn|24
|
|switch|p1a: Crobat|Crobat, F|373\/373
|move|p2a: Forretress|Spikes|p1a: Crobat
|-sidestart|p1: lapraz|Spikes
|
|turn|25
|
|move|p1a: Crobat|Defog|p2a: Forretress
|-unboost|p2a: Forretress|evasion|1
|-sideend|p2: Bob the Wut|Stealth Rock|[from] move: Defog|[of] p2a: Forretress
|-sideend|p1: lapraz|Spikes|[from] move: Defog|[of] p1a: Crobat
|move|p2a: Forretress|Volt Switch|p1a: Crobat
|-supereffective|p1a: Crobat
|-damage|p1a: Crobat|283\/373
|
|switch|p2a: Nidoqueen|Nidoqueen, F|298\/362
|
|-heal|p1a: Crobat|306\/373|[from] item: Black Sludge
|turn|26
|
|switch|p1a: Mantine|Mantine, M|282\/334
|move|p2a: Nidoqueen|Stealth Rock|p1a: Mantine
|-sidestart|p1: lapraz|move: Stealth Rock
|
|-heal|p1a: Mantine|302\/334|[from] item: Leftovers
|turn|27
|
|switch|p2a: Vaporeon|Vaporeon, M|464\/464
|move|p1a: Mantine|Toxic|p2a: Vaporeon
|-status|p2a: Vaporeon|tox
|
|-heal|p1a: Mantine|322\/334|[from] item: Leftovers
|-damage|p2a: Vaporeon|435\/464 tox|[from] psn
|turn|28
|
|switch|p1a: Blissey|Blissey, F|361\/657
|-damage|p1a: Blissey|279\/657|[from] Stealth Rock
|move|p2a: Vaporeon|Baton Pass|p2a: Vaporeon
|
|switch|p2a: Medicham|Medicham-Mega, M|261\/261
|
|-heal|p1a: Blissey|320\/657|[from] item: Leftovers
|turn|29
|
|move|p1a: Blissey|Protect|p1a: Blissey
|-singleturn|p1a: Blissey|Protect
|move|p2a: Medicham|Zen Headbutt|p1a: Blissey
|-activate|p1a: Blissey|Protect
|
|-heal|p1a: Blissey|361\/657|[from] item: Leftovers
|turn|30
|
|switch|p1a: Gligar|Gligar, F|321\/334
|-damage|p1a: Gligar|280\/334|[from] Stealth Rock
|move|p2a: Medicham|Zen Headbutt|p1a: Gligar
|-damage|p1a: Gligar|171\/334
|
|turn|31
|
|move|p2a: Medicham|Zen Headbutt|p1a: Gligar
|-damage|p1a: Gligar|51\/334
|move|p1a: Gligar|Roost|p1a: Gligar
|-heal|p1a: Gligar|218\/334
|
|turn|32
|
|move|p2a: Medicham|Zen Headbutt|p1a: Gligar
|-damage|p1a: Gligar|107\/334
|cant|p1a: Gligar|flinch
|
|turn|33
|c|âBob the Wut|high roll
|c|âlapraz|low roll pls
|
|switch|p1a: Granbull|Granbull, M|248\/384
|-damage|p1a: Granbull|200\/384|[from] Stealth Rock
|-ability|p1a: Granbull|Intimidate|[of] p2a: Medicham
|-unboost|p2a: Medicham|atk|1
|move|p2a: Medicham|Zen Headbutt|p1a: Granbull
|-damage|p1a: Granbull|71\/384
|
|-heal|p1a: Granbull|95\/384|[from] item: Leftovers
|turn|34
|
|move|p2a: Medicham|Zen Headbutt|p1a: Granbull|[miss]
|-miss|p2a: Medicham|p1a: Granbull
|move|p1a: Granbull|Rest|p1a: Granbull
|-status|p1a: Granbull|slp
|-heal|p1a: Granbull|384\/384 slp|[silent]
|-status|p1a: Granbull|slp|[from] move: Rest
|
|turn|35
|c|âBob the Wut|fuk
|
|switch|p2a: Nidoqueen|Nidoqueen, F|298\/362
|cant|p1a: Granbull|slp
|move|p1a: Granbull|Sleep Talk|p1a: Granbull
|move|p1a: Granbull|Play Rough|p2a: Nidoqueen|[from]Sleep Talk
|-resisted|p2a: Nidoqueen
|-damage|p2a: Nidoqueen|223\/362
|
|turn|36
|
|switch|p1a: Mantine|Mantine, M|322\/334
|-damage|p1a: Mantine|239\/334|[from] Stealth Rock
|move|p2a: Nidoqueen|Sludge Wave|p1a: Mantine
|-damage|p1a: Mantine|99\/334
|
|-heal|p1a: Mantine|119\/334|[from] item: Leftovers
|turn|37
|
|move|p1a: Mantine|Protect|p1a: Mantine
|-singleturn|p1a: Mantine|Protect
|move|p2a: Nidoqueen|Sludge Wave|p1a: Mantine
|-activate|p1a: Mantine|Protect
|
|-heal|p1a: Mantine|139\/334|[from] item: Leftovers
|turn|38
|
|move|p2a: Nidoqueen|Sludge Wave|p1a: Mantine
|-damage|p1a: Mantine|10\/334
|move|p1a: Mantine|Scald|p2a: Nidoqueen
|-supereffective|p2a: Nidoqueen
|-damage|p2a: Nidoqueen|59\/362
|
|-heal|p1a: Mantine|30\/334|[from] item: Leftovers
|turn|39
|
|move|p1a: Mantine|Protect|p1a: Mantine
|-singleturn|p1a: Mantine|Protect
|move|p2a: Nidoqueen|Ice Beam|p1a: Mantine
|-activate|p1a: Mantine|Protect
|
|-heal|p1a: Mantine|50\/334|[from] item: Leftovers
|turn|40
|
|switch|p1a: Blissey|Blissey, F|361\/657
|-damage|p1a: Blissey|279\/657|[from] Stealth Rock
|move|p2a: Nidoqueen|Sludge Wave|p1a: Blissey
|-damage|p1a: Blissey|131\/657
|
|-heal|p1a: Blissey|172\/657|[from] item: Leftovers
|turn|41
|join|Snowballin
|
|switch|p2a: Medicham|Medicham-Mega, M|261\/261
|move|p1a: Blissey|Wish|p1a: Blissey
|
|-heal|p1a: Blissey|213\/657|[from] item: Leftovers
|turn|42
|
|move|p1a: Blissey|Protect|p1a: Blissey
|-singleturn|p1a: Blissey|Protect
|move|p2a: Medicham|Zen Headbutt|p1a: Blissey
|-activate|p1a: Blissey|Protect
|
|-heal|p1a: Blissey|541\/657|[from] move: Wish|[wisher] Blissey
|-heal|p1a: Blissey|582\/657|[from] item: Leftovers
|turn|43
|
|switch|p1a: Granbull|Granbull, M|384\/384 slp
|-damage|p1a: Granbull|336\/384 slp|[from] Stealth Rock
|-ability|p1a: Granbull|Intimidate|[of] p2a: Medicham
|-unboost|p2a: Medicham|atk|1
|move|p2a: Medicham|Zen Headbutt|p1a: Granbull
|-damage|p1a: Granbull|197\/384 slp
|
|-heal|p1a: Granbull|221\/384 slp|[from] item: Leftovers
|turn|44
|
|switch|p2a: Forretress|Forretress, F|319\/354
|cant|p1a: Granbull|slp
|move|p1a: Granbull|Sleep Talk|p1a: Granbull
|move|p1a: Granbull|Heal Bell|p1a: Granbull|[from]Sleep Talk
|-cureteam|p1a: Granbull|[from] move: HealBell
|
|-heal|p1a: Granbull|245\/384|[from] item: Leftovers
|turn|45
|
|switch|p1a: Gligar|Gligar, F|107\/334
|-damage|p1a: Gligar|66\/334|[from] Stealth Rock
|switch|p2a: Hydreigon|Hydreigon, M|325\/325
|
|turn|46
|
|switch|p1a: Snorlax|Snorlax, M|524\/524
|-damage|p1a: Snorlax|459\/524|[from] Stealth Rock
|move|p2a: Hydreigon|Dark Pulse|p1a: Snorlax
|-damage|p1a: Snorlax|369\/524
|
|-heal|p1a: Snorlax|401\/524|[from] item: Leftovers
|turn|47
|
|switch|p2a: Medicham|Medicham-Mega, M|261\/261
|move|p1a: Snorlax|Frustration|p2a: Medicham
|-damage|p2a: Medicham|110\/261
|
|-heal|p1a: Snorlax|433\/524|[from] item: Leftovers
|turn|48
|
|switch|p1a: Gligar|Gligar, F|66\/334
|-damage|p1a: Gligar|25\/334|[from] Stealth Rock
|move|p2a: Medicham|High Jump Kick|p1a: Gligar
|-resisted|p1a: Gligar
|-damage|p1a: Gligar|0 fnt
|faint|p1a: Gligar
|
|
|switch|p1a: Crobat|Crobat, F|306\/373
|-damage|p1a: Crobat|213\/373|[from] Stealth Rock
|turn|49
|
|switch|p2a: Blissey|Blissey, F|714\/714
|move|p1a: Crobat|Defog|p2a: Blissey
|-unboost|p2a: Blissey|evasion|1
|-sideend|p1: lapraz|Stealth Rock|[from] move: Defog|[of] p1a: Crobat
|
|-heal|p1a: Crobat|236\/373|[from] item: Black Sludge
|turn|50
|
|move|p1a: Crobat|Toxic|p2a: Blissey
|-status|p2a: Blissey|tox
|move|p2a: Blissey|Heal Bell|p2a: Blissey
|-cureteam|p2a: Blissey|[from] move: HealBell
|
|-heal|p1a: Crobat|259\/373|[from] item: Black Sludge
|turn|51
|
|move|p1a: Crobat|Toxic|p2a: Blissey
|-status|p2a: Blissey|tox
|move|p2a: Blissey|Wish|p2a: Blissey
|
|-heal|p1a: Crobat|282\/373|[from] item: Black Sludge
|-damage|p2a: Blissey|670\/714 tox|[from] psn
|turn|52
|
|switch|p2a: Forretress|Forretress, F|319\/354
|move|p1a: Crobat|Brave Bird|p2a: Forretress
|-damage|p2a: Forretress|232\/354
|-damage|p1a: Crobat|253\/373|[from] recoil|[of] p2a: Forretress
|
|-heal|p2a: Forretress|354\/354|[from] move: Wish|[wisher] Blissey
|-heal|p1a: Crobat|276\/373|[from] item: Black Sludge
|turn|53
|
|switch|p1a: Snorlax|Snorlax, M|433\/524
|move|p2a: Forretress|Volt Switch|p1a: Snorlax
|-damage|p1a: Snorlax|409\/524
|
|switch|p2a: Medicham|Medicham-Mega, M|110\/261
|
|-heal|p1a: Snorlax|441\/524|[from] item: Leftovers
|turn|54
|
|switch|p1a: Granbull|Granbull, M|245\/384
|-ability|p1a: Granbull|Intimidate|[of] p2a: Medicham
|-unboost|p2a: Medicham|atk|1
|move|p2a: Medicham|High Jump Kick|p1a: Granbull
|-resisted|p1a: Granbull
|-damage|p1a: Granbull|126\/384
|
|-heal|p1a: Granbull|150\/384|[from] item: Leftovers
|turn|55
|
|switch|p2a: Vaporeon|Vaporeon, M|435\/464
|move|p1a: Granbull|Rest|p1a: Granbull
|-status|p1a: Granbull|slp
|-heal|p1a: Granbull|384\/384 slp|[silent]
|-status|p1a: Granbull|slp|[from] move: Rest
|
|-heal|p2a: Vaporeon|464\/464|[from] item: Leftovers
|turn|56
|
|switch|p1a: Mantine|Mantine, M|50\/334
|move|p2a: Vaporeon|Wish|p2a: Vaporeon
|
|-heal|p1a: Mantine|70\/334|[from] item: Leftovers
|turn|57
|
|move|p1a: Mantine|Scald|p2a: Vaporeon
|-immune|p2a: Vaporeon|[msg]
|move|p2a: Vaporeon|Baton Pass|p2a: Vaporeon
|
|switch|p2a: Medicham|Medicham-Mega, M|110\/261
|
|-heal|p2a: Medicham|261\/261|[from] move: Wish|[wisher] Vaporeon
|-heal|p1a: Mantine|90\/334|[from] item: Leftovers
|turn|58
|join|Emma Bae â¥
|
|move|p1a: Mantine|Protect|p1a: Mantine
|-singleturn|p1a: Mantine|Protect
|move|p2a: Medicham|Fake Out|p1a: Mantine
|-activate|p1a: Mantine|Protect
|
|-heal|p1a: Mantine|110\/334|[from] item: Leftovers
|turn|59
|leave|Emma Bae â¥
|
|switch|p1a: Granbull|Granbull, M|384\/384 slp
|-ability|p1a: Granbull|Intimidate|[of] p2a: Medicham
|-unboost|p2a: Medicham|atk|1
|move|p2a: Medicham|Zen Headbutt|p1a: Granbull
|-damage|p1a: Granbull|251\/384 slp
|
|-heal|p1a: Granbull|275\/384 slp|[from] item: Leftovers
|turn|60
|
|switch|p2a: Vaporeon|Vaporeon, M|464\/464
|cant|p1a: Granbull|slp
|move|p1a: Granbull|Sleep Talk|p1a: Granbull
|move|p1a: Granbull|Heal Bell|p1a: Granbull|[from]Sleep Talk
|-cureteam|p1a: Granbull|[from] move: HealBell
|
|-heal|p1a: Granbull|299\/384|[from] item: Leftovers
|turn|61
|
|switch|p1a: Blissey|Blissey, F|582\/657
|move|p2a: Vaporeon|Wish|p2a: Vaporeon
|
|-heal|p1a: Blissey|623\/657|[from] item: Leftovers
|turn|62
|
|move|p1a: Blissey|Seismic Toss|p2a: Vaporeon
|-damage|p2a: Vaporeon|364\/464
|move|p2a: Vaporeon|Baton Pass|p2a: Vaporeon
|
|switch|p2a: Nidoqueen|Nidoqueen, F|59\/362
|
|-heal|p2a: Nidoqueen|291\/362|[from] move: Wish|[wisher] Vaporeon
|-heal|p1a: Blissey|657\/657|[from] item: Leftovers
|turn|63
|
|move|p2a: Nidoqueen|Stealth Rock|p1a: Blissey
|-sidestart|p1: lapraz|move: Stealth Rock
|move|p1a: Blissey|Seismic Toss|p2a: Nidoqueen
|-damage|p2a: Nidoqueen|191\/362
|
|turn|64
|c| Snowballin|that vappy's still doing it's job annoyingly well
|
|switch|p2a: Blissey|Blissey, F|670\/714
|move|p1a: Blissey|Wish|p1a: Blissey
|
|-heal|p2a: Blissey|714\/714|[from] item: Leftovers
|turn|65
|
|switch|p1a: Crobat|Crobat, F|276\/373
|-damage|p1a: Crobat|183\/373|[from] Stealth Rock
|move|p2a: Blissey|Wish|p2a: Blissey
|
|-heal|p1a: Crobat|373\/373|[from] move: Wish|[wisher] Blissey
|turn|66
|
|switch|p2a: Nidoqueen|Nidoqueen, F|191\/362
|move|p1a: Crobat|Defog|p2a: Nidoqueen
|-unboost|p2a: Nidoqueen|evasion|1
|-sideend|p1: lapraz|Stealth Rock|[from] move: Defog|[of] p1a: Crobat
|
|-heal|p2a: Nidoqueen|362\/362|[from] move: Wish|[wisher] Blissey
|turn|67
|
|move|p1a: Crobat|Brave Bird|p2a: Nidoqueen
|-damage|p2a: Nidoqueen|199\/362
|-damage|p1a: Crobat|319\/373|[from] recoil|[of] p2a: Nidoqueen
|move|p2a: Nidoqueen|Stealth Rock|p1a: Crobat
|-sidestart|p1: lapraz|move: Stealth Rock
|
|-heal|p1a: Crobat|342\/373|[from] item: Black Sludge
|turn|68
|
|switch|p1a: Blissey|Blissey, F|657\/657
|-damage|p1a: Blissey|575\/657|[from] Stealth Rock
|switch|p2a: Forretress|Forretress, F|354\/354
|
|-heal|p1a: Blissey|616\/657|[from] item: Leftovers
|turn|69
|
|switch|p1a: Crobat|Crobat, F|342\/373
|-damage|p1a: Crobat|249\/373|[from] Stealth Rock
|move|p2a: Forretress|Spikes|p1a: Crobat
|-sidestart|p1: lapraz|Spikes
|
|-heal|p1a: Crobat|272\/373|[from] item: Black Sludge
|turn|70
|
|move|p1a: Crobat|Defog|p2a: Forretress
|-unboost|p2a: Forretress|evasion|1
|-sideend|p1: lapraz|Spikes|[from] move: Defog|[of] p1a: Crobat
|-sideend|p1: lapraz|Stealth Rock|[from] move: Defog|[of] p1a: Crobat
|move|p2a: Forretress|Volt Switch|p1a: Crobat
|-supereffective|p1a: Crobat
|-damage|p1a: Crobat|192\/373
|
|switch|p2a: Hydreigon|Hydreigon, M|325\/325
|
|-heal|p1a: Crobat|215\/373|[from] item: Black Sludge
|turn|71
|
|switch|p1a: Snorlax|Snorlax, M|441\/524
|move|p2a: Hydreigon|U-turn|p1a: Snorlax
|-damage|p1a: Snorlax|364\/524
|
|switch|p2a: Medicham|Medicham-Mega, M|261\/261
|
|-heal|p1a: Snorlax|396\/524|[from] item: Leftovers
|turn|72
|
|switch|p1a: Granbull|Granbull, M|299\/384
|-ability|p1a: Granbull|Intimidate|[of] p2a: Medicham
|-unboost|p2a: Medicham|atk|1
|move|p2a: Medicham|High Jump Kick|p1a: Granbull
|-resisted|p1a: Granbull
|-damage|p1a: Granbull|190\/384
|
|-heal|p1a: Granbull|214\/384|[from] item: Leftovers
|turn|73
|
|switch|p2a: Nidoqueen|Nidoqueen, F|199\/362
|move|p1a: Granbull|Play Rough|p2a: Nidoqueen|[miss]
|-miss|p1a: Granbull|p2a: Nidoqueen
|
|-heal|p1a: Granbull|238\/384|[from] item: Leftovers
|turn|74
|
|switch|p1a: Blissey|Blissey, F|616\/657
|move|p2a: Nidoqueen|Stealth Rock|p1a: Blissey
|-sidestart|p1: lapraz|move: Stealth Rock
|
|-heal|p1a: Blissey|657\/657|[from] item: Leftovers
|turn|75
|
|switch|p2a: Hydreigon|Hydreigon, M|325\/325
|move|p1a: Blissey|Seismic Toss|p2a: Hydreigon
|-damage|p2a: Hydreigon|225\/325
|
|turn|76
|
|move|p2a: Hydreigon|U-turn|p1a: Blissey
|-damage|p1a: Blissey|558\/657
|
|switch|p2a: Forretress|Forretress, F|354\/354
|move|p1a: Blissey|Wish|p1a: Blissey
|
|-heal|p1a: Blissey|599\/657|[from] item: Leftovers
|turn|77
|
|switch|p1a: Crobat|Crobat, F|215\/373
|-damage|p1a: Crobat|122\/373|[from] Stealth Rock
|move|p2a: Forretress|Volt Switch|p1a: Crobat
|-crit|p1a: Crobat
|-supereffective|p1a: Crobat
|-damage|p1a: Crobat|0 fnt
|faint|p1a: Crobat
|c|âlapraz|);
|
|switch|p2a: Medicham|Medicham-Mega, M|261\/261
|
|c|âBob the Wut|dw im specs
|c|âBob the Wut|didnt matter
|c|âlapraz|ye
|
|switch|p1a: Granbull|Granbull, M|238\/384
|-damage|p1a: Granbull|190\/384|[from] Stealth Rock
|-ability|p1a: Granbull|Intimidate|[of] p2a: Medicham
|-unboost|p2a: Medicham|atk|1
|turn|78
|c| Snowballin|Real talk though
|c| Snowballin|Imagine Forry wearing the choice specs
|c| Snowballin|LOL
|
|switch|p2a: Forretress|Forretress, F|354\/354
|move|p1a: Granbull|Play Rough|p2a: Forretress
|-resisted|p2a: Forretress
|-damage|p2a: Forretress|317\/354
|
|-heal|p1a: Granbull|214\/384|[from] item: Leftovers
|turn|79
|c|âBob the Wut|volt switch giga drain flash cannon
|
|switch|p1a: Snorlax|Snorlax, M|396\/524
|-damage|p1a: Snorlax|331\/524|[from] Stealth Rock
|move|p2a: Forretress|Spikes|p1a: Snorlax
|-sidestart|p1: lapraz|Spikes
|
|-heal|p1a: Snorlax|363\/524|[from] item: Leftovers
|turn|80
|
|move|p2a: Forretress|Volt Switch|p1a: Snorlax
|-damage|p1a: Snorlax|339\/524
|
|switch|p2a: Medicham|Medicham-Mega, M|261\/261
|move|p1a: Snorlax|Curse|p1a: Snorlax
|-boost|p1a: Snorlax|atk|1
|-boost|p1a: Snorlax|def|1
|-unboost|p1a: Snorlax|spe|1
|
|-heal|p1a: Snorlax|371\/524|[from] item: Leftovers
|turn|81
|c|âlapraz|plz miss
|
|move|p2a: Medicham|Fake Out|p1a: Snorlax
|-damage|p1a: Snorlax|292\/524
|cant|p1a: Snorlax|flinch
|
|-heal|p1a: Snorlax|324\/524|[from] item: Leftovers
|turn|82
|c|âBob the Wut|pls hit
|
|move|p2a: Medicham|High Jump Kick|p1a: Snorlax
|-supereffective|p1a: Snorlax
|-damage|p1a: Snorlax|0 fnt
|faint|p1a: Snorlax
|
|c|âlapraz|nooooo
|
|switch|p1a: Granbull|Granbull, M|214\/384
|-damage|p1a: Granbull|166\/384|[from] Spikes
|-damage|p1a: Granbull|118\/384|[from] Stealth Rock
|-ability|p1a: Granbull|Intimidate|[of] p2a: Medicham
|-unboost|p2a: Medicham|atk|1
|turn|83
|
|switch|p2a: Forretress|Forretress, F|317\/354
|move|p1a: Granbull|Play Rough|p2a: Forretress
|-resisted|p2a: Forretress
|-damage|p2a: Forretress|281\/354
|
|-heal|p1a: Granbull|142\/384|[from] item: Leftovers
|turn|84
|
|move|p1a: Granbull|Rest|p1a: Granbull
|-status|p1a: Granbull|slp
|-heal|p1a: Granbull|384\/384 slp|[silent]
|-status|p1a: Granbull|slp|[from] move: Rest
|move|p2a: Forretress|Spikes|p1a: Granbull
|-sidestart|p1: lapraz|Spikes
|
|turn|85
|
|cant|p1a: Granbull|slp
|move|p1a: Granbull|Sleep Talk|p1a: Granbull
|move|p1a: Granbull|Heal Bell|p1a: Granbull|[from]Sleep Talk
|-cureteam|p1a: Granbull|[from] move: HealBell
|move|p2a: Forretress|Spikes|p1a: Granbull
|-sidestart|p1: lapraz|Spikes
|
|turn|86
|
|move|p1a: Granbull|Play Rough|p2a: Forretress
|-resisted|p2a: Forretress
|-damage|p2a: Forretress|248\/354
|move|p2a: Forretress|Volt Switch|p1a: Granbull
|-damage|p1a: Granbull|329\/384
|
|switch|p2a: Nidoqueen|Nidoqueen, F|199\/362
|
|-heal|p1a: Granbull|353\/384|[from] item: Leftovers
|turn|87
|
|switch|p1a: Mantine|Mantine, M|110\/334
|-damage|p1a: Mantine|27\/334|[from] Stealth Rock
|move|p2a: Nidoqueen|Sludge Wave|p1a: Mantine
|-damage|p1a: Mantine|0 fnt
|faint|p1a: Mantine
|
|
|switch|p1a: Blissey|Blissey, F|599\/657
|-damage|p1a: Blissey|517\/657|[from] Stealth Rock
|-damage|p1a: Blissey|353\/657|[from] Spikes
|turn|88
|
|switch|p2a: Vaporeon|Vaporeon, M|364\/464
|move|p1a: Blissey|Seismic Toss|p2a: Vaporeon
|-damage|p2a: Vaporeon|264\/464
|
|-heal|p1a: Blissey|394\/657|[from] item: Leftovers
|-heal|p2a: Vaporeon|293\/464|[from] item: Leftovers
|turn|89
|
|move|p1a: Blissey|Toxic|p2a: Vaporeon
|-status|p2a: Vaporeon|tox
|move|p2a: Vaporeon|Baton Pass|p2a: Vaporeon
|
|switch|p2a: Medicham|Medicham-Mega, M|261\/261
|
|-heal|p1a: Blissey|435\/657|[from] item: Leftovers
|turn|90
|c| Snowballin|actually
|
|move|p1a: Blissey|Protect|p1a: Blissey
|-singleturn|p1a: Blissey|Protect
|move|p2a: Medicham|Zen Headbutt|p1a: Blissey
|-activate|p1a: Blissey|Protect
|
|-heal|p1a: Blissey|476\/657|[from] item: Leftovers
|turn|91
|c| Snowballin|I'm going to work on making a choice specs forry picture with my horrible photoshop skills
|c| Snowballin|brb
|
|move|p1a: Blissey|Protect|p1a: Blissey
|-fail|p1a: Blissey
|move|p2a: Medicham|Zen Headbutt|p1a: Blissey
|-damage|p1a: Blissey|47\/657
|
|-heal|p1a: Blissey|88\/657|[from] item: Leftovers
|turn|92
|
|move|p1a: Blissey|Protect|p1a: Blissey
|-singleturn|p1a: Blissey|Protect
|move|p2a: Medicham|Zen Headbutt|p1a: Blissey
|-activate|p1a: Blissey|Protect
|
|-heal|p1a: Blissey|129\/657|[from] item: Leftovers
|turn|93
|
|move|p2a: Medicham|Zen Headbutt|p1a: Blissey
|-damage|p1a: Blissey|0 fnt
|faint|p1a: Blissey
|
|
|switch|p1a: Granbull|Granbull, M|353\/384
|-damage|p1a: Granbull|305\/384|[from] Stealth Rock
|-damage|p1a: Granbull|209\/384|[from] Spikes
|-ability|p1a: Granbull|Intimidate|[of] p2a: Medicham
|-unboost|p2a: Medicham|atk|1
|turn|94
|
|switch|p2a: Nidoqueen|Nidoqueen, F|199\/362
|move|p1a: Granbull|Play Rough|p2a: Nidoqueen
|-resisted|p2a: Nidoqueen
|-damage|p2a: Nidoqueen|130\/362
|
|-heal|p1a: Granbull|233\/384|[from] item: Leftovers
|turn|95
|c|âBob the Wut|mantine is dumb
|
|move|p2a: Nidoqueen|Sludge Wave|p1a: Granbull
|-supereffective|p1a: Granbull
|-damage|p1a: Granbull|0 fnt
|faint|p1a: Granbull
|
|win|Bob the Wut
|raw|Ladder updating...
|raw|lapraz's rating: 1598 &rarr; <strong>1580<\/strong><br \/>(-18 for losing)
|raw|Bob the Wut's rating: 1634 &rarr; <strong>1652<\/strong><br \/>(+18 for winning)
|c|âlapraz|it's cool but
|c|âlapraz|gg