|join|Bob the Wut
|join|Emma Bae â¥
|player|p1|Bob the Wut|23
|player|p2|Emma Bae â¥|169
|gametype|singles
|gen|6
|tier|UU
|rated
|rule|Sleep Clause Mod: Limit one foe put to sleep
|rule|Species Clause: Limit one of each PokÃ©mon
|rule|OHKO Clause: OHKO moves are banned
|rule|Moody Clause: Moody is banned
|rule|Evasion Moves Clause: Evasion moves are banned
|rule|Endless Battle Clause: Forcing endless battles is banned
|rule|HP Percentage Mod: HP is shown in percentages
|clearpoke
|poke|p1|Jirachi
|poke|p1|Suicune
|poke|p1|Lucario, F
|poke|p1|Entei, shiny
|poke|p1|Crobat, F
|poke|p1|Machamp, M
|poke|p2|Gorebyss, M
|poke|p2|Swampert, F
|poke|p2|Cloyster, F
|poke|p2|Accelgor, M
|poke|p2|Poliwrath, F
|poke|p2|Tornadus, M
|rule|Swagger Clause: Swagger is banned
|rule|Baton Pass Clause: Limit one PokÃ©mon knowing Baton Pass
|teampreview
|c|âEmma Bae â¥|who r u
|c|âBob the Wut|oh
|c|âBob the Wut|idk
|c|âEmma Bae â¥|Good thing i have gobo rain hahaha
|
|start
|switch|p1a: Jirachi|Jirachi|341\/341
|switch|p2a: NASCAR|Accelgor, M|364\/364
|turn|1
|
|move|p1a: Jirachi|Iron Head|p2a: NASCAR
|-damage|p2a: NASCAR|133\/364
|cant|p2a: NASCAR|flinch
|
|turn|2
|c|âEmma Bae â¥|fk u
|c|âBob the Wut|ez
|
|switch|p2a: Twistah|Tornadus, M|361\/361
|move|p1a: Jirachi|Iron Head|p2a: Twistah
|-crit|p2a: Twistah
|-damage|p2a: Twistah|105\/361
|
|turn|3
|
|move|p2a: Twistah|Rain Dance|p2a: Twistah
|-weather|RainDance
|move|p1a: Jirachi|Iron Head|p2a: Twistah
|-damage|p2a: Twistah|0 fnt
|faint|p2a: Twistah
|
|-weather|RainDance|[upkeep]
|c|âEmma Bae â¥|fk u again
|
|switch|p2a: Get Wet|Swampert, F|341\/341
|turn|4
|
|switch|p1a: Suicune|Suicune|400\/400
|-ability|p1a: Suicune|Pressure
|switch|p2a: Second Amendment|Poliwrath, F|322\/322
|
|-weather|RainDance|[upkeep]
|turn|5
|
|move|p2a: Second Amendment|Belly Drum|p2a: Second Amendment
|-damage|p2a: Second Amendment|161\/322
|-setboost|p2a: Second Amendment|atk|6|[from] move: Belly Drum
|-enditem|p2a: Second Amendment|Sitrus Berry|[eat]
|-heal|p2a: Second Amendment|241\/322|[from] item: Sitrus Berry
|move|p1a: Suicune|Scald|p2a: Second Amendment
|-resisted|p2a: Second Amendment
|-damage|p2a: Second Amendment|175\/322
|-status|p2a: Second Amendment|brn
|
|-weather|RainDance|[upkeep]
|-damage|p2a: Second Amendment|135\/322 brn|[from] brn
|turn|6
|c|âEmma Bae â¥|ur bad
|c|âBob the Wut|catch this burn
|c|âEmma Bae â¥|so much ahx
|c|âEmma Bae â¥|oml
|
|move|p2a: Second Amendment|Brick Break|p1a: Suicune
|-damage|p1a: Suicune|259\/400
|move|p1a: Suicune|Calm Mind|p1a: Suicune
|-boost|p1a: Suicune|spa|1
|-boost|p1a: Suicune|spd|1
|
|-weather|RainDance|[upkeep]
|-heal|p1a: Suicune|284\/400|[from] item: Leftovers
|-damage|p2a: Second Amendment|95\/322 brn|[from] brn
|turn|7
|
|move|p2a: Second Amendment|Brick Break|p1a: Suicune
|-damage|p1a: Suicune|137\/400
|move|p1a: Suicune|Calm Mind|p1a: Suicune
|-boost|p1a: Suicune|spa|1
|-boost|p1a: Suicune|spd|1
|
|-weather|RainDance|[upkeep]
|-heal|p1a: Suicune|162\/400|[from] item: Leftovers
|-damage|p2a: Second Amendment|55\/322 brn|[from] brn
|turn|8
|c|âEmma Bae â¥|crit
|c|âEmma Bae â¥|here
|
|move|p2a: Second Amendment|Brick Break|p1a: Suicune
|-damage|p1a: Suicune|29\/400
|move|p1a: Suicune|Rest|p1a: Suicune
|-status|p1a: Suicune|slp
|-heal|p1a: Suicune|400\/400 slp|[silent]
|-status|p1a: Suicune|slp|[from] move: Rest
|
|-weather|RainDance|[upkeep]
|-damage|p2a: Second Amendment|15\/322 brn|[from] brn
|turn|9
|c|âEmma Bae â¥|y\/n
|c|âEmma Bae â¥|n
|c|âBob the Wut|ez
|
|move|p2a: Second Amendment|Brick Break|p1a: Suicune
|-damage|p1a: Suicune|255\/400 slp
|cant|p1a: Suicune|slp
|move|p1a: Suicune|Sleep Talk|p1a: Suicune
|move|p1a: Suicune|Calm Mind|p1a: Suicune|[from]Sleep Talk
|-boost|p1a: Suicune|spa|1
|-boost|p1a: Suicune|spd|1
|
|-weather|RainDance|[upkeep]
|-heal|p1a: Suicune|280\/400 slp|[from] item: Leftovers
|-damage|p2a: Second Amendment|0 fnt|[from] brn
|faint|p2a: Second Amendment
|c|âEmma Bae â¥|ur terribad
|
|switch|p2a: Shelley|Cloyster, F|241\/241
|turn|10
|c|âBob the Wut|no u
|c|âEmma Bae â¥|no u
|c|âBob the Wut|catch another burn
|c|âEmma Bae â¥|no thx
|
|move|p2a: Shelley|Shell Smash|p2a: Shelley
|-boost|p2a: Shelley|atk|2
|-boost|p2a: Shelley|spa|2
|-boost|p2a: Shelley|spe|2
|-unboost|p2a: Shelley|def|1
|-unboost|p2a: Shelley|spd|1
|cant|p1a: Suicune|slp
|move|p1a: Suicune|Sleep Talk|p1a: Suicune
|move|p1a: Suicune|Scald|p2a: Shelley|[from]Sleep Talk
|-resisted|p2a: Shelley
|-enditem|p2a: Shelley|Focus Sash
|-damage|p2a: Shelley|1\/241
|
|-weather|none
|-heal|p1a: Suicune|305\/400 slp|[from] item: Leftovers
|turn|11
|c|âEmma Bae â¥|YES :D
|c|âBob the Wut|wow hgax
|
|move|p2a: Shelley|Explosion|p1a: Suicune
|-damage|p1a: Suicune|0 fnt
|faint|p2a: Shelley
|faint|p1a: Suicune
|
|c|âEmma Bae â¥|:]
|
|switch|p2a: NASCAR|Accelgor, M|133\/364
|switch|p1a: Lucario|Lucario, F|281\/281
|turn|12
|
|move|p1a: Lucario|Extreme Speed|p2a: NASCAR
|-damage|p2a: NASCAR|0 fnt
|-damage|p1a: Lucario|253\/281|[from] item: Life Orb
|faint|p2a: NASCAR
|
|c|âEmma Bae â¥|fk sake
|
|switch|p2a: Get Wet|Swampert, F|341\/341
|turn|13
|c|âBob the Wut|ur 2ez
|
|detailschange|p2a: Get Wet|Swampert-Mega, F
|-mega|p2a: Get Wet|Swampert|Swampertite
|move|p1a: Lucario|Close Combat|p2a: Get Wet
|-damage|p2a: Get Wet|90\/341
|-unboost|p1a: Lucario|def|1
|-unboost|p1a: Lucario|spd|1
|-damage|p1a: Lucario|225\/281|[from] item: Life Orb
|move|p2a: Get Wet|Earthquake|p1a: Lucario
|-supereffective|p1a: Lucario
|-damage|p1a: Lucario|0 fnt
|faint|p1a: Lucario
|
|c|âEmma Bae â¥|:[
|
|switch|p1a: Crobat|Crobat, F|325\/325
|turn|14
|
|move|p1a: Crobat|Brave Bird|p2a: Get Wet
|-crit|p2a: Get Wet
|-damage|p2a: Get Wet|0 fnt
|-damage|p1a: Crobat|295\/325|[from] recoil|[of] p2a: Get Wet
|faint|p2a: Get Wet
|
|-heal|p1a: Crobat|315\/325|[from] item: Black Sludge
|c|âEmma Bae â¥|crit
|c|âEmma Bae â¥|:[
|
|switch|p2a: Gorepiss|Gorebyss, M|251\/251
|turn|15
|
|move|p1a: Crobat|Brave Bird|p2a: Gorepiss
|-damage|p2a: Gorepiss|94\/251
|-damage|p1a: Crobat|263\/325|[from] recoil|[of] p2a: Gorepiss
|move|p2a: Gorepiss|Baton Pass|p2a: Gorepiss
|-fail|p2a: Gorepiss
|
|-heal|p1a: Crobat|283\/325|[from] item: Black Sludge
|turn|16
|c|âEmma Bae â¥|OML
|c|âEmma Bae â¥|:[
|c|âEmma Bae â¥|i couldve
|c|âEmma Bae â¥|won
|c|âEmma Bae â¥|MFW
|c|âBob the Wut|dw i have haze
|c|âEmma Bae â¥|misclickkkkkkkkkkkkkkkkkkkkkkkkkkkkkkkkkkkkkkkkkkkkkkkkkkkkkkkkkkkkkkkkkkkkkkkkk
|c|âEmma Bae â¥|but i outspeed
|c|âEmma Bae â¥|and ice beam
|c|âEmma Bae â¥|ur butt
|c|âBob the Wut|im scarf
|c|âEmma Bae â¥|go for roost
|c|âEmma Bae â¥|no you're not
|c|âEmma Bae â¥|The opposing Crobat restored HP using its Black Sludge!
|c|âBob the Wut|lies
|c|âEmma Bae â¥|go for roost
|c|âEmma Bae â¥|if you're real
|c|âBob the Wut|get rekt
|c|âEmma Bae â¥|but  u wont
|c|âEmma Bae â¥|cause u wuss
|
|move|p1a: Crobat|Brave Bird|p2a: Gorepiss
|-damage|p2a: Gorepiss|0 fnt
|-damage|p1a: Crobat|252\/325|[from] recoil|[of] p2a: Gorepiss
|faint|p2a: Gorepiss
|
|win|Bob the Wut
|raw|Ladder updating...
|raw|Bob the Wut's rating: 1633 &rarr; <strong>1644<\/strong><br \/>(+11 for winning)
|raw|Emma Bae â¥'s rating: 1461 &rarr; <strong>1451<\/strong><br \/>(-10 for losing)
|c|âEmma Bae â¥|wuss
|c|âBob the Wut|i cancelled
|c|âEmma Bae â¥|:P
|c|âBob the Wut|i swear
|c|âEmma Bae â¥|lies
|leave|Emma Bae â¥
|player|p2
|leave|Bob the Wut
|player|p1
|join|Bob the Wut