|join|Bob the Wut
|join|SunnyORAS
|player|p1|Bob the Wut|23
|player|p2|SunnyORAS|265
|gametype|singles
|gen|6
|tier|UU
|rated
|rule|Sleep Clause Mod: Limit one foe put to sleep
|rule|Species Clause: Limit one of each PokÃ©mon
|rule|OHKO Clause: OHKO moves are banned
|rule|Moody Clause: Moody is banned
|rule|Evasion Moves Clause: Evasion moves are banned
|rule|Endless Battle Clause: Forcing endless battles is banned
|rule|HP Percentage Mod: HP is shown in percentages
|clearpoke
|poke|p1|Suicune
|poke|p1|Snorlax, M
|poke|p1|Reuniclus, F
|poke|p1|Chandelure, M
|poke|p1|Absol, M
|poke|p1|Toxicroak, M
|poke|p2|Rotom-Heat
|poke|p2|Ampharos, M
|poke|p2|Forretress, M
|poke|p2|Swampert, M
|poke|p2|Umbreon, M
|poke|p2|Crobat, M
|rule|Swagger Clause: Swagger is banned
|rule|Baton Pass Clause: Limit one PokÃ©mon knowing Baton Pass
|teampreview
|
|start
|switch|p1a: Suicune|Suicune|401\/401
|switch|p2a: Crobat|Crobat, M|331\/331
|-ability|p1a: Suicune|Pressure
|turn|1
|
|move|p2a: Crobat|U-turn|p1a: Suicune
|-damage|p1a: Suicune|353\/401
|
|switch|p2a: Ampharos|Ampharos, M|384\/384
|move|p1a: Suicune|Scald|p2a: Ampharos
|-damage|p2a: Ampharos|294\/384
|
|-heal|p1a: Suicune|378\/401|[from] item: Leftovers
|turn|2
|
|switch|p1a: Snorlax|Snorlax, M|524\/524
|detailschange|p2a: Ampharos|Ampharos-Mega, M
|-mega|p2a: Ampharos|Ampharos|Ampharosite
|-ability|p2a: Ampharos|Mold Breaker
|move|p2a: Ampharos|Volt Switch|p1a: Snorlax
|-damage|p1a: Snorlax|395\/524
|
|switch|p2a: Forretress|Forretress, M|354\/354
|
|-heal|p1a: Snorlax|427\/524|[from] item: Leftovers
|turn|3
|
|move|p2a: Forretress|Spikes|p1a: Snorlax
|-sidestart|p1: Bob the Wut|Spikes
|move|p1a: Snorlax|Curse|p1a: Snorlax
|-boost|p1a: Snorlax|atk|1
|-boost|p1a: Snorlax|def|1
|-unboost|p1a: Snorlax|spe|1
|
|-heal|p1a: Snorlax|459\/524|[from] item: Leftovers
|turn|4
|
|move|p2a: Forretress|Spikes|p1a: Snorlax
|-sidestart|p1: Bob the Wut|Spikes
|move|p1a: Snorlax|Curse|p1a: Snorlax
|-boost|p1a: Snorlax|atk|1
|-boost|p1a: Snorlax|def|1
|-unboost|p1a: Snorlax|spe|1
|
|-heal|p1a: Snorlax|491\/524|[from] item: Leftovers
|turn|5
|
|move|p2a: Forretress|Toxic|p1a: Snorlax
|-status|p1a: Snorlax|tox
|move|p1a: Snorlax|Curse|p1a: Snorlax
|-boost|p1a: Snorlax|atk|1
|-boost|p1a: Snorlax|def|1
|-unboost|p1a: Snorlax|spe|1
|
|-heal|p1a: Snorlax|523\/524 tox|[from] item: Leftovers
|-damage|p1a: Snorlax|491\/524 tox|[from] psn
|turn|6
|
|move|p2a: Forretress|Volt Switch|p1a: Snorlax
|-damage|p1a: Snorlax|464\/524 tox
|
|switch|p2a: Swampert|Swampert, M|404\/404
|move|p1a: Snorlax|Frustration|p2a: Swampert
|-damage|p2a: Swampert|133\/404
|
|-heal|p2a: Swampert|158\/404|[from] item: Leftovers
|-heal|p1a: Snorlax|496\/524 tox|[from] item: Leftovers
|-damage|p1a: Snorlax|432\/524 tox|[from] psn
|turn|7
|
|switch|p2a: Forretress|Forretress, M|354\/354
|move|p1a: Snorlax|Frustration|p2a: Forretress
|-resisted|p2a: Forretress
|-damage|p2a: Forretress|257\/354
|
|-heal|p2a: Forretress|279\/354|[from] item: Leftovers
|-heal|p1a: Snorlax|464\/524 tox|[from] item: Leftovers
|-damage|p1a: Snorlax|368\/524 tox|[from] psn
|turn|8
|
|move|p2a: Forretress|Spikes|p1a: Snorlax
|-sidestart|p1: Bob the Wut|Spikes
|move|p1a: Snorlax|Rest|p1a: Snorlax
|-status|p1a: Snorlax|slp
|-heal|p1a: Snorlax|524\/524 slp|[silent]
|-status|p1a: Snorlax|slp|[from] move: Rest
|
|-heal|p2a: Forretress|301\/354|[from] item: Leftovers
|turn|9
|
|move|p2a: Forretress|Volt Switch|p1a: Snorlax
|-damage|p1a: Snorlax|495\/524 slp
|
|switch|p2a: Rotom-Heat|Rotom-Heat|241\/241
|cant|p1a: Snorlax|slp
|move|p1a: Snorlax|Sleep Talk|p1a: Snorlax
|move|p1a: Snorlax|Rest|p1a: Snorlax|[from]Sleep Talk
|-fail|p1a: Snorlax
|
|-heal|p1a: Snorlax|524\/524 slp|[from] item: Leftovers
|turn|10
|
|switch|p1a: Reuniclus|Reuniclus, F|424\/424
|move|p2a: Rotom-Heat|Trick|p1a: Reuniclus
|-activate|p2a: Rotom-Heat|move: Trick|[of] p1a: Reuniclus
|-item|p1a: Reuniclus|Choice Scarf|[from] move: Trick
|-item|p2a: Rotom-Heat|Leftovers|[from] move: Trick
|
|turn|11
|
|switch|p2a: Umbreon|Umbreon, M|394\/394
|move|p1a: Reuniclus|Signal Beam|p2a: Umbreon
|-supereffective|p2a: Umbreon
|-damage|p2a: Umbreon|312\/394
|
|-heal|p2a: Umbreon|336\/394|[from] item: Leftovers
|turn|12
|
|switch|p1a: Snorlax|Snorlax, M|524\/524 slp
|-damage|p1a: Snorlax|393\/524 slp|[from] Spikes
|move|p2a: Umbreon|Wish|p2a: Umbreon
|
|-heal|p2a: Umbreon|360\/394|[from] item: Leftovers
|-heal|p1a: Snorlax|425\/524 slp|[from] item: Leftovers
|turn|13
|join|watfor
|
|switch|p2a: Swampert|Swampert, M|158\/404
|cant|p1a: Snorlax|slp
|move|p1a: Snorlax|Sleep Talk|p1a: Snorlax
|move|p1a: Snorlax|Curse|p1a: Snorlax|[from]Sleep Talk
|-boost|p1a: Snorlax|atk|1
|-boost|p1a: Snorlax|def|1
|-unboost|p1a: Snorlax|spe|1
|
|-heal|p2a: Swampert|355\/404|[from] move: Wish|[wisher] Umbreon
|-heal|p2a: Swampert|380\/404|[from] item: Leftovers
|-heal|p1a: Snorlax|457\/524 slp|[from] item: Leftovers
|turn|14
|join|AllAttack
|
|move|p2a: Swampert|Stealth Rock|p1a: Snorlax
|-sidestart|p1: Bob the Wut|move: Stealth Rock
|-curestatus|p1a: Snorlax|slp
|move|p1a: Snorlax|Frustration|p2a: Swampert
|-damage|p2a: Swampert|221\/404
|
|-heal|p2a: Swampert|246\/404|[from] item: Leftovers
|-heal|p1a: Snorlax|489\/524|[from] item: Leftovers
|turn|15
|
|move|p1a: Snorlax|Frustration|p2a: Swampert
|-damage|p2a: Swampert|90\/404
|move|p2a: Swampert|Roar|p1a: Snorlax
|drag|p1a: Chandelure|Chandelure, M|283\/283
|-damage|p1a: Chandelure|213\/283|[from] Spikes
|-damage|p1a: Chandelure|143\/283|[from] Stealth Rock
|
|-heal|p1a: Chandelure|160\/283|[from] item: Leftovers
|-heal|p2a: Swampert|115\/404|[from] item: Leftovers
|turn|16
|
|switch|p2a: Umbreon|Umbreon, M|360\/394
|move|p1a: Chandelure|Flamethrower|p2a: Umbreon
|-damage|p2a: Umbreon|254\/394
|
|-heal|p1a: Chandelure|177\/283|[from] item: Leftovers
|-heal|p2a: Umbreon|278\/394|[from] item: Leftovers
|turn|17
|
|move|p1a: Chandelure|Calm Mind|p1a: Chandelure
|-boost|p1a: Chandelure|spa|1
|-boost|p1a: Chandelure|spd|1
|move|p2a: Umbreon|Wish|p2a: Umbreon
|
|-heal|p1a: Chandelure|194\/283|[from] item: Leftovers
|-heal|p2a: Umbreon|302\/394|[from] item: Leftovers
|turn|18
|
|move|p1a: Chandelure|Flamethrower|p2a: Umbreon
|-damage|p2a: Umbreon|121\/394
|move|p2a: Umbreon|Foul Play|p1a: Chandelure
|-supereffective|p1a: Chandelure
|-damage|p1a: Chandelure|86\/283
|
|-heal|p2a: Umbreon|318\/394|[from] move: Wish|[wisher] Umbreon
|-heal|p1a: Chandelure|103\/283|[from] item: Leftovers
|-heal|p2a: Umbreon|342\/394|[from] item: Leftovers
|turn|19
|
|move|p1a: Chandelure|Flamethrower|p2a: Umbreon
|-damage|p2a: Umbreon|176\/394
|move|p2a: Umbreon|Foul Play|p1a: Chandelure
|-supereffective|p1a: Chandelure
|-damage|p1a: Chandelure|0 fnt
|faint|p1a: Chandelure
|
|-heal|p2a: Umbreon|200\/394|[from] item: Leftovers
|c| watfor|no burn
|c|âSunnyORAS|phew
|
|switch|p1a: Absol|Absol, M|271\/271
|-damage|p1a: Absol|204\/271|[from] Spikes
|-damage|p1a: Absol|171\/271|[from] Stealth Rock
|turn|20
|c| watfor|hax
|c| watfor|kek
|
|detailschange|p1a: Absol|Absol-Mega, M
|-mega|p1a: Absol|Absol|Absolite
|move|p1a: Absol|Knock Off|p2a: Umbreon
|-resisted|p2a: Umbreon
|-damage|p2a: Umbreon|97\/394
|-enditem|p2a: Umbreon|Leftovers|[from] move: Knock Off|[of] p1a: Absol
|move|p2a: Umbreon|Foul Play|p1a: Absol
|-resisted|p1a: Absol
|-damage|p1a: Absol|26\/271
|
|turn|21
|
|move|p1a: Absol|Play Rough|p2a: Umbreon
|-supereffective|p2a: Umbreon
|-damage|p2a: Umbreon|0 fnt
|faint|p2a: Umbreon
|
|
|switch|p2a: Crobat|Crobat, M|331\/331
|turn|22
|
|move|p1a: Absol|Sucker Punch|p2a: Crobat
|-damage|p2a: Crobat|115\/331
|move|p2a: Crobat|U-turn|p1a: Absol
|-supereffective|p1a: Absol
|-damage|p1a: Absol|0 fnt
|faint|p1a: Absol
|
|switch|p2a: Rotom-Heat|Rotom-Heat|241\/241
|
|
|switch|p1a: Reuniclus|Reuniclus, F|424\/424
|turn|23
|
|move|p2a: Rotom-Heat|Volt Switch|p1a: Reuniclus
|-damage|p1a: Reuniclus|304\/424
|
|switch|p2a: Forretress|Forretress, M|301\/354
|move|p1a: Reuniclus|Psyshock|p2a: Forretress
|-resisted|p2a: Forretress
|-damage|p2a: Forretress|268\/354
|
|-heal|p2a: Forretress|290\/354|[from] item: Leftovers
|turn|24
|join|mlg dew
|
|move|p1a: Reuniclus|Psyshock|p2a: Forretress
|-resisted|p2a: Forretress
|-damage|p2a: Forretress|260\/354
|move|p2a: Forretress|Toxic|p1a: Reuniclus
|-status|p1a: Reuniclus|tox
|
|-heal|p2a: Forretress|282\/354|[from] item: Leftovers
|turn|25
|
|move|p1a: Reuniclus|Psyshock|p2a: Forretress
|-resisted|p2a: Forretress
|-damage|p2a: Forretress|250\/354
|move|p2a: Forretress|Rapid Spin|p1a: Reuniclus
|-damage|p1a: Reuniclus|292\/424 tox
|
|-heal|p2a: Forretress|272\/354|[from] item: Leftovers
|turn|26
|
|move|p1a: Reuniclus|Psyshock|p2a: Forretress
|-resisted|p2a: Forretress
|-damage|p2a: Forretress|239\/354
|move|p2a: Forretress|Rapid Spin|p1a: Reuniclus
|-damage|p1a: Reuniclus|280\/424 tox
|
|-heal|p2a: Forretress|261\/354|[from] item: Leftovers
|turn|27
|
|move|p1a: Reuniclus|Psyshock|p2a: Forretress
|-resisted|p2a: Forretress
|-damage|p2a: Forretress|228\/354
|move|p2a: Forretress|Volt Switch|p1a: Reuniclus
|-damage|p1a: Reuniclus|235\/424 tox
|
|switch|p2a: Rotom-Heat|Rotom-Heat|241\/241
|
|turn|28
|
|move|p2a: Rotom-Heat|Volt Switch|p1a: Reuniclus
|-damage|p1a: Reuniclus|118\/424 tox
|
|switch|p2a: Forretress|Forretress, M|228\/354
|move|p1a: Reuniclus|Psyshock|p2a: Forretress
|-resisted|p2a: Forretress
|-damage|p2a: Forretress|198\/354
|
|-heal|p2a: Forretress|220\/354|[from] item: Leftovers
|turn|29
|
|move|p1a: Reuniclus|Psyshock|p2a: Forretress
|-resisted|p2a: Forretress
|-damage|p2a: Forretress|190\/354
|move|p2a: Forretress|Volt Switch|p1a: Reuniclus
|-damage|p1a: Reuniclus|75\/424 tox
|
|switch|p2a: Rotom-Heat|Rotom-Heat|241\/241
|
|turn|30
|
|move|p2a: Rotom-Heat|Volt Switch|p1a: Reuniclus
|-damage|p1a: Reuniclus|0 fnt
|faint|p1a: Reuniclus
|
|switch|p2a: Forretress|Forretress, M|190\/354
|
|-heal|p2a: Forretress|212\/354|[from] item: Leftovers
|
|switch|p1a: Toxicroak|Toxicroak, M|307\/307
|-damage|p1a: Toxicroak|288\/307|[from] Stealth Rock
|-damage|p1a: Toxicroak|212\/307|[from] Spikes
|turn|31
|c| watfor|nice spinner bob
|
|move|p1a: Toxicroak|Swords Dance|p1a: Toxicroak
|-boost|p1a: Toxicroak|atk|2
|move|p2a: Forretress|Volt Switch|p1a: Toxicroak
|-damage|p1a: Toxicroak|163\/307
|c|âBob the Wut|no need
|
|switch|p2a: Rotom-Heat|Rotom-Heat|241\/241
|
|turn|32
|
|move|p1a: Toxicroak|Sucker Punch|p2a: Rotom-Heat
|-damage|p2a: Rotom-Heat|20\/241
|-damage|p1a: Toxicroak|133\/307|[from] item: Life Orb
|move|p2a: Rotom-Heat|Overheat|p1a: Toxicroak
|-damage|p1a: Toxicroak|0 fnt
|-unboost|p2a: Rotom-Heat|spa|2
|faint|p1a: Toxicroak
|
|-heal|p2a: Rotom-Heat|35\/241|[from] item: Leftovers
|c| mlg dew|lol
|c|âSunnyORAS|phew ;-;
|
|switch|p1a: Snorlax|Snorlax, M|489\/524
|-damage|p1a: Snorlax|358\/524|[from] Spikes
|-damage|p1a: Snorlax|293\/524|[from] Stealth Rock
|turn|33
|
|move|p2a: Rotom-Heat|Volt Switch|p1a: Snorlax
|-damage|p1a: Snorlax|250\/524
|
|switch|p2a: Ampharos|Ampharos-Mega, M|294\/384
|-ability|p2a: Ampharos|Mold Breaker
|move|p1a: Snorlax|Curse|p1a: Snorlax
|-boost|p1a: Snorlax|atk|1
|-boost|p1a: Snorlax|def|1
|-unboost|p1a: Snorlax|spe|1
|
|-heal|p1a: Snorlax|282\/524|[from] item: Leftovers
|turn|34
|c| AllAttack|rest curse
|
|move|p2a: Ampharos|Focus Blast|p1a: Snorlax
|-supereffective|p1a: Snorlax
|-damage|p1a: Snorlax|0 fnt
|faint|p1a: Snorlax
|
|c| AllAttack|imo
|c| AllAttack|i c
|c|âBob the Wut|oh
|c|âSunnyORAS|g_g
|
|switch|p1a: Suicune|Suicune|378\/401
|-damage|p1a: Suicune|328\/401|[from] Stealth Rock
|-damage|p1a: Suicune|228\/401|[from] Spikes
|-ability|p1a: Suicune|Pressure
|turn|35
|
|move|p1a: Suicune|Calm Mind|p1a: Suicune
|-boost|p1a: Suicune|spa|1
|-boost|p1a: Suicune|spd|1
|move|p2a: Ampharos|Thunderbolt|p1a: Suicune
|-supereffective|p1a: Suicune
|-damage|p1a: Suicune|0 fnt
|faint|p1a: Suicune
|
|win|SunnyORAS
|raw|Ladder updating...
|raw|Bob the Wut's rating: 1608 &rarr; <strong>1580<\/strong><br \/>(-28 for losing)
|raw|SunnyORAS's rating: 1461 &rarr; <strong>1489<\/strong><br \/>(+28 for winning)
|c|âSunnyORAS|<3
|leave|Bob the Wut
|player|p1