|join|Bob the Wut
|join|Jar of Flies
|player|p1|Bob the Wut|23
|player|p2|Jar of Flies|244
|gametype|singles
|gen|6
|tier|UU
|rated
|rule|Sleep Clause Mod: Limit one foe put to sleep
|rule|Species Clause: Limit one of each PokÃ©mon
|rule|OHKO Clause: OHKO moves are banned
|rule|Moody Clause: Moody is banned
|rule|Evasion Moves Clause: Evasion moves are banned
|rule|Endless Battle Clause: Forcing endless battles is banned
|rule|HP Percentage Mod: HP is shown in percentages
|clearpoke
|poke|p1|Suicune
|poke|p1|Snorlax, F
|poke|p1|Reuniclus, F
|poke|p1|Chandelure, F
|poke|p1|Absol, F
|poke|p1|Toxicroak, F
|poke|p2|Darmanitan, M
|poke|p2|Crobat, F
|poke|p2|Machamp, M
|poke|p2|Milotic, F
|poke|p2|Umbreon, F
|poke|p2|Raikou
|rule|Swagger Clause: Swagger is banned
|rule|Baton Pass Clause: Limit one PokÃ©mon knowing Baton Pass
|teampreview
|
|start
|switch|p1a: Suicune|Suicune|401\/401
|switch|p2a: Machamp|Machamp, M|364\/364
|-ability|p1a: Suicune|Pressure
|turn|1
|
|move|p1a: Suicune|Scald|p2a: Machamp
|-damage|p2a: Machamp|301\/364
|move|p2a: Machamp|Knock Off|p1a: Suicune
|-damage|p1a: Suicune|316\/401
|-enditem|p1a: Suicune|Leftovers|[from] move: Knock Off|[of] p2a: Machamp
|
|turn|2
|
|move|p1a: Suicune|Scald|p2a: Machamp
|-damage|p2a: Machamp|232\/364
|move|p2a: Machamp|Dynamic Punch|p1a: Suicune
|-damage|p1a: Suicune|190\/401
|-start|p1a: Suicune|confusion
|
|turn|3
|
|-activate|p1a: Suicune|confusion
|move|p1a: Suicune|Rest|p1a: Suicune
|-status|p1a: Suicune|slp
|-heal|p1a: Suicune|401\/401 slp|[silent]
|-status|p1a: Suicune|slp|[from] move: Rest
|move|p2a: Machamp|Knock Off|p1a: Suicune
|-damage|p1a: Suicune|349\/401 slp
|
|turn|4
|
|switch|p2a: Raikou|Raikou|321\/321
|-ability|p2a: Raikou|Pressure
|cant|p1a: Suicune|slp
|-activate|p1a: Suicune|confusion
|move|p1a: Suicune|Sleep Talk|p1a: Suicune
|move|p1a: Suicune|Calm Mind|p1a: Suicune|[from]Sleep Talk
|-boost|p1a: Suicune|spa|1
|-boost|p1a: Suicune|spd|1
|
|turn|5
|
|switch|p1a: Snorlax|Snorlax, F|524\/524
|move|p2a: Raikou|Thunderbolt|p1a: Snorlax
|-damage|p1a: Snorlax|331\/524
|
|-heal|p1a: Snorlax|363\/524|[from] item: Leftovers
|turn|6
|
|switch|p2a: Machamp|Machamp, M|232\/364
|move|p1a: Snorlax|Curse|p1a: Snorlax
|-boost|p1a: Snorlax|atk|1
|-boost|p1a: Snorlax|def|1
|-unboost|p1a: Snorlax|spe|1
|
|-heal|p1a: Snorlax|395\/524|[from] item: Leftovers
|turn|7
|
|switch|p1a: Suicune|Suicune|349\/401 slp
|-ability|p1a: Suicune|Pressure
|move|p2a: Machamp|Dynamic Punch|p1a: Suicune
|-damage|p1a: Suicune|219\/401 slp
|-start|p1a: Suicune|confusion
|
|turn|8
|
|cant|p1a: Suicune|slp
|-activate|p1a: Suicune|confusion
|-damage|p1a: Suicune|204\/401 slp|[from] confusion
|move|p2a: Machamp|Dynamic Punch|p1a: Suicune
|-damage|p1a: Suicune|66\/401 slp
|
|turn|9
|
|-curestatus|p1a: Suicune|slp
|-activate|p1a: Suicune|confusion
|move|p1a: Suicune|Rest|p1a: Suicune
|-status|p1a: Suicune|slp
|-heal|p1a: Suicune|401\/401 slp|[silent]
|-status|p1a: Suicune|slp|[from] move: Rest
|move|p2a: Machamp|Stone Edge|p1a: Suicune
|-damage|p1a: Suicune|321\/401 slp
|
|turn|10
|
|switch|p2a: Raikou|Raikou|321\/321
|-ability|p2a: Raikou|Pressure
|cant|p1a: Suicune|slp
|-end|p1a: Suicune|confusion
|move|p1a: Suicune|Sleep Talk|p1a: Suicune
|move|p1a: Suicune|Rest|p1a: Suicune|[from]Sleep Talk
|-fail|p1a: Suicune
|
|turn|11
|
|switch|p1a: Snorlax|Snorlax, F|395\/524
|move|p2a: Raikou|Thunderbolt|p1a: Snorlax
|-damage|p1a: Snorlax|218\/524
|
|-heal|p1a: Snorlax|250\/524|[from] item: Leftovers
|turn|12
|
|switch|p2a: Crobat|Crobat, F|331\/331
|move|p1a: Snorlax|Rest|p1a: Snorlax
|-status|p1a: Snorlax|slp
|-heal|p1a: Snorlax|524\/524 slp|[silent]
|-status|p1a: Snorlax|slp|[from] move: Rest
|
|turn|13
|
|move|p2a: Crobat|Super Fang|p1a: Snorlax
|-damage|p1a: Snorlax|262\/524 slp
|cant|p1a: Snorlax|slp
|move|p1a: Snorlax|Sleep Talk|p1a: Snorlax
|move|p1a: Snorlax|Frustration|p2a: Crobat|[from]Sleep Talk
|-damage|p2a: Crobat|172\/331
|
|-heal|p2a: Crobat|192\/331|[from] item: Black Sludge
|-heal|p1a: Snorlax|294\/524 slp|[from] item: Leftovers
|turn|14
|
|move|p2a: Crobat|Brave Bird|p1a: Snorlax
|-damage|p1a: Snorlax|77\/524 slp
|-damage|p2a: Crobat|120\/331|[from] recoil|[of] p1a: Snorlax
|cant|p1a: Snorlax|slp
|move|p1a: Snorlax|Sleep Talk|p1a: Snorlax
|move|p1a: Snorlax|Rest|p1a: Snorlax|[from]Sleep Talk
|-fail|p1a: Snorlax
|
|-heal|p2a: Crobat|140\/331|[from] item: Black Sludge
|-heal|p1a: Snorlax|109\/524 slp|[from] item: Leftovers
|turn|15
|
|switch|p1a: Suicune|Suicune|321\/401 slp
|-ability|p1a: Suicune|Pressure
|move|p2a: Crobat|Brave Bird|p1a: Suicune
|-damage|p1a: Suicune|195\/401 slp
|-damage|p2a: Crobat|98\/331|[from] recoil|[of] p1a: Suicune
|
|-heal|p2a: Crobat|118\/331|[from] item: Black Sludge
|turn|16
|
|switch|p2a: Raikou|Raikou|321\/321
|-ability|p2a: Raikou|Pressure
|cant|p1a: Suicune|slp
|move|p1a: Suicune|Sleep Talk|p1a: Suicune
|move|p1a: Suicune|Calm Mind|p1a: Suicune|[from]Sleep Talk
|-boost|p1a: Suicune|spa|1
|-boost|p1a: Suicune|spd|1
|
|turn|17
|
|switch|p1a: Snorlax|Snorlax, F|109\/524 slp
|move|p2a: Raikou|Thunderbolt|p1a: Snorlax
|-damage|p1a: Snorlax|0 fnt
|faint|p1a: Snorlax
|
|
|switch|p1a: Reuniclus|Reuniclus, F|424\/424
|turn|18
|
|switch|p2a: Umbreon|Umbreon, F|393\/393
|move|p1a: Reuniclus|Calm Mind|p1a: Reuniclus
|-boost|p1a: Reuniclus|spa|1
|-boost|p1a: Reuniclus|spd|1
|
|turn|19
|
|move|p2a: Umbreon|Foul Play|p1a: Reuniclus
|-supereffective|p1a: Reuniclus
|-damage|p1a: Reuniclus|332\/424
|move|p1a: Reuniclus|Calm Mind|p1a: Reuniclus
|-boost|p1a: Reuniclus|spa|1
|-boost|p1a: Reuniclus|spd|1
|
|-heal|p1a: Reuniclus|358\/424|[from] item: Leftovers
|turn|20
|
|switch|p2a: Machamp|Machamp, M|232\/364
|move|p1a: Reuniclus|Calm Mind|p1a: Reuniclus
|-boost|p1a: Reuniclus|spa|1
|-boost|p1a: Reuniclus|spd|1
|
|-heal|p1a: Reuniclus|384\/424|[from] item: Leftovers
|turn|21
|
|move|p2a: Machamp|Knock Off|p1a: Reuniclus
|-supereffective|p1a: Reuniclus
|-damage|p1a: Reuniclus|180\/424
|-enditem|p1a: Reuniclus|Leftovers|[from] move: Knock Off|[of] p2a: Machamp
|move|p1a: Reuniclus|Psyshock|p2a: Machamp
|-supereffective|p2a: Machamp
|-damage|p2a: Machamp|0 fnt
|faint|p2a: Machamp
|
|
|switch|p2a: Darmanitan|Darmanitan, M|351\/351
|turn|22
|join|Prankster
|
|switch|p1a: Suicune|Suicune|195\/401 slp
|-ability|p1a: Suicune|Pressure
|move|p2a: Darmanitan|U-turn|p1a: Suicune
|-damage|p1a: Suicune|141\/401 slp
|leave|Prankster
|
|switch|p2a: Raikou|Raikou|321\/321
|-ability|p2a: Raikou|Pressure
|
|turn|23
|
|move|p2a: Raikou|Thunderbolt|p1a: Suicune
|-supereffective|p1a: Suicune
|-damage|p1a: Suicune|0 fnt
|faint|p1a: Suicune
|
|
|switch|p1a: Absol|Absol, F|271\/271
|turn|24
|
|detailschange|p1a: Absol|Absol-Mega, F
|-mega|p1a: Absol|Absol|Absolite
|move|p1a: Absol|Sucker Punch|p2a: Raikou
|-damage|p2a: Raikou|86\/321
|move|p2a: Raikou|Thunderbolt|p1a: Absol
|-damage|p1a: Absol|0 fnt
|faint|p1a: Absol
|
|
|switch|p1a: Toxicroak|Toxicroak, F|307\/307
|turn|25
|
|switch|p2a: Crobat|Crobat, F|118\/331
|move|p1a: Toxicroak|Swords Dance|p1a: Toxicroak
|-boost|p1a: Toxicroak|atk|2
|
|-heal|p2a: Crobat|138\/331|[from] item: Black Sludge
|turn|26
|
|move|p2a: Crobat|Roost|p2a: Crobat
|-heal|p2a: Crobat|304\/331
|move|p1a: Toxicroak|Swords Dance|p1a: Toxicroak
|-boost|p1a: Toxicroak|atk|2
|
|-heal|p2a: Crobat|324\/331|[from] item: Black Sludge
|turn|27
|
|move|p1a: Toxicroak|Sucker Punch|p2a: Crobat
|-damage|p2a: Crobat|0 fnt
|-damage|p1a: Toxicroak|277\/307|[from] item: Life Orb
|faint|p2a: Crobat
|
|
|switch|p2a: Milotic|Milotic, F|393\/393
|turn|28
|c|âBob the Wut|sick
|
|move|p1a: Toxicroak|Drain Punch|p2a: Milotic
|-damage|p2a: Milotic|3\/393
|-heal|p1a: Toxicroak|307\/307|[from] drain|[of] p2a: Milotic
|-damage|p1a: Toxicroak|277\/307|[from] item: Life Orb
|move|p2a: Milotic|Ice Beam|p1a: Toxicroak
|-damage|p1a: Toxicroak|181\/307
|
|-heal|p2a: Milotic|27\/393|[from] item: Leftovers
|turn|29
|
|move|p2a: Milotic|Protect|p2a: Milotic
|-singleturn|p2a: Milotic|Protect
|move|p1a: Toxicroak|Drain Punch|p2a: Milotic
|-activate|p2a: Milotic|Protect
|
|-heal|p2a: Milotic|51\/393|[from] item: Leftovers
|turn|30
|
|move|p1a: Toxicroak|Drain Punch|p2a: Milotic
|-damage|p2a: Milotic|0 fnt
|-heal|p1a: Toxicroak|207\/307|[from] drain|[of] p2a: Milotic
|-damage|p1a: Toxicroak|177\/307|[from] item: Life Orb
|faint|p2a: Milotic
|
|
|switch|p2a: Umbreon|Umbreon, F|393\/393
|turn|31
|
|move|p1a: Toxicroak|Drain Punch|p2a: Umbreon
|-supereffective|p2a: Umbreon
|-damage|p2a: Umbreon|0 fnt
|-heal|p1a: Toxicroak|307\/307|[from] drain|[of] p2a: Umbreon
|-damage|p1a: Toxicroak|277\/307|[from] item: Life Orb
|faint|p2a: Umbreon
|
|c|âJar of Flies|gg
|c|âBob the Wut|gg
|-message|Jar of Flies forfeited.
|
|win|Bob the Wut
|raw|Ladder updating...
|raw|Bob the Wut's rating: 1489 &rarr; <strong>1496<\/strong><br \/>(+7 for winning)
|raw|Jar of Flies's rating: 1236 &rarr; <strong>1227<\/strong><br \/>(-9 for losing)
|leave|Jar of Flies
|player|p2