|join|Bob the Wut
|join|King UU
King UU turned on modjoin.
|raw|<div class="broadcast-red"><b>Moderated chat was set to +!<\/b><br \/>Only users of rank + and higher can talk.<\/div>
King UU made this room hidden.
|c|âBob the Wut|oh
|player|p1|Bob the Wut|23
|player|p2|King UU|#kinguu
|gametype|singles
|gen|6
|tier|UU
|rated
|rule|Sleep Clause Mod: Limit one foe put to sleep
|rule|Species Clause: Limit one of each PokÃ©mon
|rule|OHKO Clause: OHKO moves are banned
|rule|Moody Clause: Moody is banned
|rule|Evasion Moves Clause: Evasion moves are banned
|rule|Endless Battle Clause: Forcing endless battles is banned
|rule|HP Percentage Mod: HP is shown in percentages
|clearpoke
|poke|p1|Medicham, M
|poke|p1|Escavalier, M
|poke|p1|Vaporeon, M
|poke|p1|Krookodile, F
|poke|p1|Forretress, F
|poke|p1|Blissey, F
|poke|p2|Serperior, M
|poke|p2|Crobat, F
|poke|p2|Jirachi
|poke|p2|Chandelure, F
|poke|p2|Hydreigon, M
|poke|p2|Swampert, F
|rule|Swagger Clause: Swagger is banned
|rule|Baton Pass Clause: Limit one PokÃ©mon knowing Baton Pass
|teampreview
|c|âBob the Wut|rip
|c|âKing UU|Don't be scared of me bob
|c|âKing UU|I'm only kink
|c|âBob the Wut|mercy
|
|start
|switch|p1a: reveal foresight|Medicham, M|261\/261
|switch|p2a: Serperior|Serperior, M|291\/291
|turn|1
|
|switch|p2a: Jirachi|Jirachi|341\/341
|detailschange|p1a: reveal foresight|Medicham-Mega, M
|-mega|p1a: reveal foresight|Medicham|Medichamite
|move|p1a: reveal foresight|Fake Out|p2a: Jirachi
|-resisted|p2a: Jirachi
|-damage|p2a: Jirachi|303\/341
|
|turn|2
|
|move|p2a: Jirachi|U-turn|p1a: reveal foresight
|-damage|p1a: reveal foresight|181\/261
|c|âKing UU|risky.
|
|switch|p2a: Crobat|Crobat, F|323\/323
|move|p1a: reveal foresight|Zen Headbutt|p2a: Crobat
|-supereffective|p2a: Crobat
|-damage|p2a: Crobat|0 fnt
|faint|p2a: Crobat
|
|c|âKing UU|oof
|c|âBob the Wut|oooooooof
|
|switch|p2a: Serperior|Serperior, M|291\/291
|turn|3
|
|switch|p1a: ur mum|Blissey, F|714\/714
|move|p2a: Serperior|Leaf Storm|p1a: ur mum|[miss]
|-miss|p2a: Serperior|p1a: ur mum
|
|turn|4
|c|âKing UU|welp
|
|switch|p2a: Swampert|Swampert, F|364\/364
|move|p1a: ur mum|Seismic Toss|p2a: Swampert
|-damage|p2a: Swampert|264\/364
|
|turn|5
|c|âKing UU|like I said
|c|âBob the Wut|i need faster mons
|c|âKing UU|it's only me
|c|âBob the Wut|tbh
|
|switch|p1a: allahu akbar|Forretress, F|354\/354
|detailschange|p2a: Swampert|Swampert-Mega, F
|-mega|p2a: Swampert|Swampert|Swampertite
|move|p2a: Swampert|Stealth Rock|p1a: allahu akbar
|-sidestart|p1: Bob the Wut|move: Stealth Rock
|
|turn|6
|
|switch|p2a: Chandelure|Chandelure, F|289\/289
|move|p1a: allahu akbar|Toxic|p2a: Chandelure
|-status|p2a: Chandelure|tox
|
|-damage|p2a: Chandelure|271\/289 tox|[from] psn
|turn|7
|
|switch|p1a: cat mermaid|Vaporeon, M|464\/464
|-damage|p1a: cat mermaid|406\/464|[from] Stealth Rock
|move|p2a: Chandelure|Flamethrower|p1a: cat mermaid
|-resisted|p1a: cat mermaid
|-damage|p1a: cat mermaid|329\/464
|
|-heal|p2a: Chandelure|289\/289 tox|[from] item: Leftovers
|-heal|p1a: cat mermaid|358\/464|[from] item: Leftovers
|-damage|p2a: Chandelure|253\/289 tox|[from] psn
|turn|8
|
|switch|p2a: Serperior|Serperior, M|291\/291
|move|p1a: cat mermaid|Baton Pass|p1a: cat mermaid
|
|switch|p1a: ur mum|Blissey, F|714\/714
|-damage|p1a: ur mum|625\/714|[from] Stealth Rock
|
|-heal|p1a: ur mum|669\/714|[from] item: Leftovers
|turn|9
|
|move|p2a: Serperior|Leaf Storm|p1a: ur mum
|-damage|p1a: ur mum|534\/714
|-boost|p2a: Serperior|spa|2
|move|p1a: ur mum|Seismic Toss|p2a: Serperior
|-damage|p2a: Serperior|191\/291
|
|-heal|p1a: ur mum|578\/714|[from] item: Leftovers
|turn|10
|
|move|p2a: Serperior|Leaf Storm|p1a: ur mum
|-damage|p1a: ur mum|278\/714
|-boost|p2a: Serperior|spa|2
|move|p1a: ur mum|Seismic Toss|p2a: Serperior
|-damage|p2a: Serperior|91\/291
|
|-heal|p1a: ur mum|322\/714|[from] item: Leftovers
|turn|11
|c|âBob the Wut|oh this is bad
|
|move|p1a: ur mum|Protect|p1a: ur mum
|-singleturn|p1a: ur mum|Protect
|move|p2a: Serperior|Leaf Storm|p1a: ur mum
|-activate|p1a: ur mum|Protect
|
|-heal|p1a: ur mum|366\/714|[from] item: Leftovers
|turn|12
|c|âKing UU|Something needs to die
|
|switch|p1a: allahu akbar|Forretress, F|354\/354
|-damage|p1a: allahu akbar|310\/354|[from] Stealth Rock
|move|p2a: Serperior|Leaf Storm|p1a: allahu akbar
|-resisted|p1a: allahu akbar
|-damage|p1a: allahu akbar|112\/354
|-boost|p2a: Serperior|spa|2
|
|-heal|p1a: allahu akbar|134\/354|[from] item: Leftovers
|turn|13
|
|move|p2a: Serperior|Dragon Pulse|p1a: allahu akbar
|-crit|p1a: allahu akbar
|-resisted|p1a: allahu akbar
|-damage|p1a: allahu akbar|0 fnt
|faint|p1a: allahu akbar
|
|
|switch|p1a: reveal foresight|Medicham-Mega, M|181\/261
|-damage|p1a: reveal foresight|165\/261|[from] Stealth Rock
|turn|14
|
|switch|p2a: Jirachi|Jirachi|303\/341
|move|p1a: reveal foresight|Fake Out|p2a: Jirachi
|-resisted|p2a: Jirachi
|-damage|p2a: Jirachi|260\/341
|
|turn|15
|
|switch|p1a: midget knight|Escavalier, M|312\/312
|-damage|p1a: midget knight|273\/312|[from] Stealth Rock
|move|p2a: Jirachi|U-turn|p1a: midget knight
|-resisted|p1a: midget knight
|-damage|p1a: midget knight|242\/312
|
|switch|p2a: Serperior|Serperior, M|91\/291
|
|turn|16
|
|move|p2a: Serperior|Hidden Power|p1a: midget knight
|-supereffective|p1a: midget knight
|-damage|p1a: midget knight|34\/312
|move|p1a: midget knight|Iron Head|p2a: Serperior
|-damage|p2a: Serperior|0 fnt
|faint|p2a: Serperior
|
|c|âBob the Wut|ah nb
|
|switch|p2a: Jirachi|Jirachi|260\/341
|turn|17
|c|âKing UU|thought it'd KO
|c|âKing UU|damn
|
|move|p2a: Jirachi|Iron Head|p1a: midget knight
|-crit|p1a: midget knight
|-resisted|p1a: midget knight
|-damage|p1a: midget knight|0 fnt
|faint|p1a: midget knight
|
|
|switch|p1a: andy dufresne|Krookodile, F|331\/331
|-damage|p1a: andy dufresne|311\/331|[from] Stealth Rock
|-ability|p1a: andy dufresne|Intimidate|[of] p2a: Jirachi
|-unboost|p2a: Jirachi|atk|1
|turn|18
|
|move|p2a: Jirachi|Iron Head|p1a: andy dufresne
|-damage|p1a: andy dufresne|206\/331
|cant|p1a: andy dufresne|flinch
|
|turn|19
|c|âBob the Wut|dont do this kink
|
|switch|p2a: Hydreigon|Hydreigon, M|325\/325
|move|p1a: andy dufresne|Knock Off|p2a: Hydreigon
|-resisted|p2a: Hydreigon
|-damage|p2a: Hydreigon|220\/325
|-enditem|p2a: Hydreigon|Choice Specs|[from] move: Knock Off|[of] p1a: andy dufresne
|
|turn|20
|c|âKing UU|I promise I won't
|c|âKing UU|:)
|
|switch|p1a: ur mum|Blissey, F|366\/714
|-damage|p1a: ur mum|277\/714|[from] Stealth Rock
|move|p2a: Hydreigon|Draco Meteor|p1a: ur mum
|-damage|p1a: ur mum|112\/714
|-unboost|p2a: Hydreigon|spa|2
|
|-heal|p1a: ur mum|156\/714|[from] item: Leftovers
|turn|21
|
|switch|p2a: Swampert|Swampert-Mega, F|264\/364
|move|p1a: ur mum|Wish|p1a: ur mum
|
|-heal|p1a: ur mum|200\/714|[from] item: Leftovers
|turn|22
|
|move|p1a: ur mum|Protect|p1a: ur mum
|-singleturn|p1a: ur mum|Protect
|move|p2a: Swampert|Rain Dance|p2a: Swampert
|-weather|RainDance
|
|-weather|RainDance|[upkeep]
|-heal|p1a: ur mum|557\/714|[from] move: Wish|[wisher] ur mum
|-heal|p1a: ur mum|601\/714|[from] item: Leftovers
|turn|23
|
|move|p2a: Swampert|Earthquake|p1a: ur mum
|-damage|p1a: ur mum|241\/714
|move|p1a: ur mum|Wish|p1a: ur mum
|
|-weather|RainDance|[upkeep]
|-heal|p1a: ur mum|285\/714|[from] item: Leftovers
|turn|24
|
|move|p1a: ur mum|Protect|p1a: ur mum
|-singleturn|p1a: ur mum|Protect
|move|p2a: Swampert|Earthquake|p1a: ur mum
|-activate|p1a: ur mum|Protect
|
|-weather|RainDance|[upkeep]
|-heal|p1a: ur mum|642\/714|[from] move: Wish|[wisher] ur mum
|-heal|p1a: ur mum|686\/714|[from] item: Leftovers
|turn|25
|
|move|p2a: Swampert|Waterfall|p1a: ur mum
|-damage|p1a: ur mum|232\/714
|move|p1a: ur mum|Wish|p1a: ur mum
|
|-weather|RainDance|[upkeep]
|-heal|p1a: ur mum|276\/714|[from] item: Leftovers
|turn|26
|
|move|p1a: ur mum|Protect|p1a: ur mum
|-singleturn|p1a: ur mum|Protect
|move|p2a: Swampert|Earthquake|p1a: ur mum
|-activate|p1a: ur mum|Protect
|
|-weather|none
|-heal|p1a: ur mum|633\/714|[from] move: Wish|[wisher] ur mum
|-heal|p1a: ur mum|677\/714|[from] item: Leftovers
|turn|27
|
|move|p2a: Swampert|Earthquake|p1a: ur mum
|-damage|p1a: ur mum|325\/714
|move|p1a: ur mum|Seismic Toss|p2a: Swampert
|-damage|p2a: Swampert|164\/364
|
|-heal|p1a: ur mum|369\/714|[from] item: Leftovers
|turn|28
|
|move|p2a: Swampert|Earthquake|p1a: ur mum
|-damage|p1a: ur mum|0 fnt
|faint|p1a: ur mum
|
|c|âBob the Wut|oh rip
|
|switch|p1a: andy dufresne|Krookodile, F|206\/331
|-damage|p1a: andy dufresne|186\/331|[from] Stealth Rock
|-ability|p1a: andy dufresne|Intimidate|[of] p2a: Swampert
|-unboost|p2a: Swampert|atk|1
|turn|29
|
|switch|p1a: cat mermaid|Vaporeon, M|358\/464
|-damage|p1a: cat mermaid|300\/464|[from] Stealth Rock
|move|p2a: Swampert|Earthquake|p1a: cat mermaid
|-damage|p1a: cat mermaid|138\/464
|
|-heal|p1a: cat mermaid|167\/464|[from] item: Leftovers
|turn|30
|
|switch|p2a: Hydreigon|Hydreigon, M|220\/325
|move|p1a: cat mermaid|Protect|p1a: cat mermaid
|-fail|p1a: cat mermaid
|
|-heal|p1a: cat mermaid|196\/464|[from] item: Leftovers
|turn|31
|
|move|p1a: cat mermaid|Protect|p1a: cat mermaid
|-singleturn|p1a: cat mermaid|Protect
|move|p2a: Hydreigon|Dark Pulse|p1a: cat mermaid
|-activate|p1a: cat mermaid|Protect
|
|-heal|p1a: cat mermaid|225\/464|[from] item: Leftovers
|turn|32
|
|move|p2a: Hydreigon|Dark Pulse|p1a: cat mermaid
|-damage|p1a: cat mermaid|101\/464
|move|p1a: cat mermaid|Wish|p1a: cat mermaid
|
|-heal|p1a: cat mermaid|130\/464|[from] item: Leftovers
|turn|33
|
|move|p1a: cat mermaid|Protect|p1a: cat mermaid
|-singleturn|p1a: cat mermaid|Protect
|move|p2a: Hydreigon|U-turn|p1a: cat mermaid
|-activate|p1a: cat mermaid|Protect
|
|-heal|p1a: cat mermaid|362\/464|[from] move: Wish|[wisher] cat mermaid
|-heal|p1a: cat mermaid|391\/464|[from] item: Leftovers
|turn|34
|
|move|p2a: Hydreigon|Dark Pulse|p1a: cat mermaid
|-damage|p1a: cat mermaid|259\/464
|cant|p1a: cat mermaid|flinch
|
|-heal|p1a: cat mermaid|288\/464|[from] item: Leftovers
|turn|35
|
|switch|p2a: Swampert|Swampert-Mega, F|164\/364
|move|p1a: cat mermaid|Wish|p1a: cat mermaid
|
|-heal|p1a: cat mermaid|317\/464|[from] item: Leftovers
|turn|36
|
|move|p2a: Swampert|Earthquake|p1a: cat mermaid
|-damage|p1a: cat mermaid|100\/464
|move|p1a: cat mermaid|Scald|p2a: Swampert
|-damage|p2a: Swampert|64\/364
|-status|p2a: Swampert|brn
|
|-heal|p1a: cat mermaid|332\/464|[from] move: Wish|[wisher] cat mermaid
|-heal|p1a: cat mermaid|361\/464|[from] item: Leftovers
|-damage|p2a: Swampert|19\/364 brn|[from] brn
|turn|37
|c|âBob the Wut|nb
|
|move|p2a: Swampert|Earthquake|p1a: cat mermaid
|-damage|p1a: cat mermaid|247\/464
|move|p1a: cat mermaid|Wish|p1a: cat mermaid
|
|-heal|p1a: cat mermaid|276\/464|[from] item: Leftovers
|-damage|p2a: Swampert|0 fnt|[from] brn
|faint|p2a: Swampert
|
|switch|p2a: Chandelure|Chandelure, F|253\/289 tox
|turn|38
|
|move|p2a: Chandelure|Calm Mind|p2a: Chandelure
|-boost|p2a: Chandelure|spa|1
|-boost|p2a: Chandelure|spd|1
|move|p1a: cat mermaid|Scald|p2a: Chandelure
|-supereffective|p2a: Chandelure
|-damage|p2a: Chandelure|97\/289 tox
|
|-heal|p1a: cat mermaid|464\/464|[from] move: Wish|[wisher] cat mermaid
|-heal|p2a: Chandelure|115\/289 tox|[from] item: Leftovers
|-damage|p2a: Chandelure|97\/289 tox|[from] psn
|turn|39
|
|move|p2a: Chandelure|Calm Mind|p2a: Chandelure
|-boost|p2a: Chandelure|spa|1
|-boost|p2a: Chandelure|spd|1
|move|p1a: cat mermaid|Wish|p1a: cat mermaid
|
|-heal|p2a: Chandelure|115\/289 tox|[from] item: Leftovers
|-damage|p2a: Chandelure|79\/289 tox|[from] psn
|turn|40
|
|move|p2a: Chandelure|Shadow Ball|p1a: cat mermaid
|-damage|p1a: cat mermaid|211\/464
|-unboost|p1a: cat mermaid|spd|1
|move|p1a: cat mermaid|Scald|p2a: Chandelure
|-supereffective|p2a: Chandelure
|-damage|p2a: Chandelure|0 fnt
|faint|p2a: Chandelure
|
|-heal|p1a: cat mermaid|443\/464|[from] move: Wish|[wisher] cat mermaid
|-heal|p1a: cat mermaid|464\/464|[from] item: Leftovers
|
|switch|p2a: Hydreigon|Hydreigon, M|220\/325
|turn|41
|c|âKing UU|Just what I needed.
|
|switch|p1a: reveal foresight|Medicham-Mega, M|165\/261
|-damage|p1a: reveal foresight|149\/261|[from] Stealth Rock
|move|p2a: Hydreigon|Dark Pulse|p1a: reveal foresight
|-damage|p1a: reveal foresight|2\/261
|
|turn|42
|c|âKing UU|no
|c|âKing UU|NO
|
|move|p1a: reveal foresight|High Jump Kick|p2a: Hydreigon
|-supereffective|p2a: Hydreigon
|-damage|p2a: Hydreigon|0 fnt
|faint|p2a: Hydreigon
|
|c|âBob the Wut|i know your spread
|
|switch|p2a: Jirachi|Jirachi|260\/341
|turn|43
|c|âKing UU|You know shit
|c|âKing UU|that
|c|âKing UU|was a roll
|
|move|p2a: Jirachi|Iron Head|p1a: reveal foresight
|-damage|p1a: reveal foresight|0 fnt
|faint|p1a: reveal foresight
|
|c|âBob the Wut|im obv defensive
|c|âKing UU|yifeng
|c|âKing UU|keep it in your pants
|
|switch|p1a: andy dufresne|Krookodile, F|186\/331
|-damage|p1a: andy dufresne|166\/331|[from] Stealth Rock
|-ability|p1a: andy dufresne|Intimidate|[of] p2a: Jirachi
|-unboost|p2a: Jirachi|atk|1
|turn|44
|c|âBob the Wut|soz senpai
|
|move|p2a: Jirachi|Iron Head|p1a: andy dufresne
|-damage|p1a: andy dufresne|75\/331
|move|p1a: andy dufresne|Knock Off|p2a: Jirachi
|-supereffective|p2a: Jirachi
|-damage|p2a: Jirachi|0 fnt
|-enditem|p2a: Jirachi|Choice Scarf|[from] move: Knock Off|[of] p1a: andy dufresne
|faint|p2a: Jirachi
|
|win|Bob the Wut
|raw|Ladder updating...
|raw|Bob the Wut's rating: 1663 &rarr; <strong>1683<\/strong><br \/>(+20 for winning)
|raw|King UU's rating: 1664 &rarr; <strong>1644<\/strong><br \/>(-20 for losing)
|c|âKing UU|gg
|leave|King UU
|c|âBob the Wut|g_g
|player|p2