|join|Bob the Wut
|join|Snowballin
|player|p1|Bob the Wut|23
|player|p2|Snowballin|92
|gametype|singles
|gen|6
|tier|UU
|rated
|rule|Sleep Clause Mod: Limit one foe put to sleep
|rule|Species Clause: Limit one of each PokÃ©mon
|rule|OHKO Clause: OHKO moves are banned
|rule|Moody Clause: Moody is banned
|rule|Evasion Moves Clause: Evasion moves are banned
|rule|Endless Battle Clause: Forcing endless battles is banned
|rule|HP Percentage Mod: HP is shown in percentages
|clearpoke
|poke|p1|Medicham, M
|poke|p1|Escavalier, F
|poke|p1|Vaporeon, F
|poke|p1|Krookodile, F
|poke|p1|Forretress, M
|poke|p1|Blissey, F
|poke|p2|Goodra, M
|poke|p2|Escavalier, F
|poke|p2|Florges, F
|poke|p2|Gligar, M
|poke|p2|Ampharos, F
|poke|p2|Honchkrow, F
|rule|Swagger Clause: Swagger is banned
|rule|Baton Pass Clause: Limit one PokÃ©mon knowing Baton Pass
|teampreview
|c|âBob the Wut|escavalier squad
|c|âSnowballin|psh
|c|âSnowballin|Escavalier is a one man squad
|
|start
|switch|p1a: andy dufresne|Krookodile, F|331\/331
|switch|p2a: Gligar|Gligar, M|334\/334
|-ability|p1a: andy dufresne|Intimidate|[of] p2a: Gligar
|-fail|p2a: Gligar|unboost|Attack|[from] ability: Hyper Cutter|[of] p2a: Gligar
|turn|1
|c|âSnowballin|1 bug army.
|join|ablert enistein
|
|switch|p2a: Florges|Florges, F|360\/360
|move|p1a: andy dufresne|Knock Off|p2a: Florges
|-resisted|p2a: Florges
|-damage|p2a: Florges|264\/360
|-enditem|p2a: Florges|Leftovers|[from] move: Knock Off|[of] p1a: andy dufresne
|
|turn|2
|
|switch|p1a: allahu akbar|Forretress, M|354\/354
|switch|p2a: Escavalier|Escavalier, F|324\/324
|
|turn|3
|c| ablert enistein|d-did pif really say that
|
|move|p1a: allahu akbar|Spikes|p2a: Escavalier
|-sidestart|p2: Snowballin|Spikes
|move|p2a: Escavalier|Knock Off|p1a: allahu akbar
|-damage|p1a: allahu akbar|273\/354
|-enditem|p1a: allahu akbar|Leftovers|[from] move: Knock Off|[of] p2a: Escavalier
|
|turn|4
|
|switch|p2a: Gligar|Gligar, M|334\/334
|move|p1a: allahu akbar|Volt Switch|p2a: Gligar
|-immune|p2a: Gligar|[msg]
|
|turn|5
|
|move|p2a: Gligar|Defog|p1a: allahu akbar
|-unboost|p1a: allahu akbar|evasion|1
|-sideend|p2: Snowballin|Spikes|[from] move: Defog|[of] p2a: Gligar
|move|p1a: allahu akbar|Toxic|p2a: Gligar
|-status|p2a: Gligar|tox
|
|-damage|p2a: Gligar|314\/334 tox|[from] psn
|turn|6
|c| ablert enistein|oml this nick
|c| ablert enistein|is so gr8
|c|âBob the Wut|????
|
|switch|p2a: Ampharos|Ampharos, F|383\/383
|move|p1a: allahu akbar|Spikes|p2a: Ampharos
|-sidestart|p2: Snowballin|Spikes
|
|turn|7
|c| ablert enistein|allah bless your soul bon
|c| ablert enistein|bob*
|
|switch|p1a: ur mum|Blissey, F|714\/714
|detailschange|p2a: Ampharos|Ampharos-Mega, F
|-mega|p2a: Ampharos|Ampharos|Ampharosite
|-ability|p2a: Ampharos|Mold Breaker
|move|p2a: Ampharos|Dragon Pulse|p1a: ur mum
|-damage|p1a: ur mum|594\/714
|
|-heal|p1a: ur mum|638\/714|[from] item: Leftovers
|turn|8
|c| ablert enistein|allah bless your soul bob
|c|âBob the Wut|oh ty
|
|move|p1a: ur mum|Seismic Toss|p2a: Ampharos
|-damage|p2a: Ampharos|283\/383
|move|p2a: Ampharos|Volt Switch|p1a: ur mum
|-damage|p1a: ur mum|539\/714
|
|switch|p2a: Escavalier|Escavalier, F|324\/324
|-damage|p2a: Escavalier|284\/324|[from] Spikes
|
|-heal|p1a: ur mum|583\/714|[from] item: Leftovers
|turn|9
|
|move|p1a: ur mum|Protect|p1a: ur mum
|-singleturn|p1a: ur mum|Protect
|move|p2a: Escavalier|Knock Off|p1a: ur mum
|-activate|p1a: ur mum|Protect
|
|-heal|p1a: ur mum|627\/714|[from] item: Leftovers
|turn|10
|
|switch|p1a: allahu akbar|Forretress, M|273\/354
|move|p2a: Escavalier|Drill Run|p1a: allahu akbar
|-damage|p1a: allahu akbar|207\/354
|
|turn|11
|
|switch|p1a: midget knight|Escavalier, F|312\/312
|move|p2a: Escavalier|Drill Run|p1a: midget knight
|-damage|p1a: midget knight|214\/312
|
|turn|12
|
|move|p1a: midget knight|Knock Off|p2a: Escavalier
|-damage|p2a: Escavalier|86\/324
|-enditem|p2a: Escavalier|Assault Vest|[from] move: Knock Off|[of] p1a: midget knight
|move|p2a: Escavalier|Knock Off|p1a: midget knight
|-damage|p1a: midget knight|84\/312
|-enditem|p1a: midget knight|Choice Band|[from] move: Knock Off|[of] p2a: Escavalier
|
|turn|13
|
|move|p1a: midget knight|Knock Off|p2a: Escavalier
|-damage|p2a: Escavalier|0 fnt
|faint|p2a: Escavalier
|
|
|switch|p2a: Ampharos|Ampharos-Mega, F|283\/383
|-damage|p2a: Ampharos|236\/383|[from] Spikes
|-ability|p2a: Ampharos|Mold Breaker
|turn|14
|
|switch|p1a: andy dufresne|Krookodile, F|331\/331
|-ability|p1a: andy dufresne|Intimidate|[of] p2a: Ampharos
|-unboost|p2a: Ampharos|atk|1
|move|p2a: Ampharos|Volt Switch|p1a: andy dufresne
|-immune|p1a: andy dufresne|[msg]
|
|turn|15
|
|switch|p2a: Gligar|Gligar, M|314\/334 tox
|move|p1a: andy dufresne|Stealth Rock|p2a: Gligar
|-sidestart|p2: Snowballin|move: Stealth Rock
|
|-damage|p2a: Gligar|294\/334 tox|[from] psn
|turn|16
|
|move|p1a: andy dufresne|Knock Off|p2a: Gligar
|-damage|p2a: Gligar|177\/334 tox
|-enditem|p2a: Gligar|Eviolite|[from] move: Knock Off|[of] p1a: andy dufresne
|move|p2a: Gligar|Defog|p1a: andy dufresne
|-unboost|p1a: andy dufresne|evasion|1
|-sideend|p2: Snowballin|Spikes|[from] move: Defog|[of] p2a: Gligar
|-sideend|p2: Snowballin|Stealth Rock|[from] move: Defog|[of] p2a: Gligar
|
|-damage|p2a: Gligar|137\/334 tox|[from] psn
|turn|17
|
|move|p1a: andy dufresne|Knock Off|p2a: Gligar
|-damage|p2a: Gligar|23\/334 tox
|move|p2a: Gligar|Roost|p2a: Gligar
|-heal|p2a: Gligar|190\/334 tox
|
|-damage|p2a: Gligar|130\/334 tox|[from] psn
|turn|18
|
|move|p1a: andy dufresne|Pursuit|p2a: Gligar|[from]Pursuit
|-damage|p2a: Gligar|0 fnt
|faint|p2a: Gligar
|
|c|âSnowballin|o
|c|âSnowballin|wp
|
|switch|p2a: Goodra|Goodra, M|384\/384
|turn|19
|c|âBob the Wut|r u band goodra
|c|âSnowballin|I am
|c|âBob the Wut|coz that'd be bad
|c|âBob the Wut|i have
|c|âBob the Wut|0 switchins
|c|âSnowballin|well
|c|âSnowballin|theres like
|c|âSnowballin|forry
|
|switch|p1a: midget knight|Escavalier, F|84\/312
|move|p2a: Goodra|Outrage|p1a: midget knight
|-resisted|p1a: midget knight
|-damage|p1a: midget knight|0 fnt
|faint|p1a: midget knight
|
|
|switch|p1a: andy dufresne|Krookodile, F|331\/331
|-ability|p1a: andy dufresne|Intimidate|[of] p2a: Goodra
|-unboost|p2a: Goodra|atk|1
|turn|20
|
|move|p1a: andy dufresne|Knock Off|p2a: Goodra
|-damage|p2a: Goodra|131\/384
|-enditem|p2a: Goodra|Choice Band|[from] move: Knock Off|[of] p1a: andy dufresne
|move|p2a: Goodra|Outrage|p1a: andy dufresne
|-damage|p1a: andy dufresne|178\/331
|
|turn|21
|
|move|p1a: andy dufresne|Knock Off|p2a: Goodra
|-damage|p2a: Goodra|0 fnt
|faint|p2a: Goodra
|
|
|switch|p2a: Florges|Florges, F|264\/360
|turn|22
|
|switch|p1a: ur mum|Blissey, F|627\/714
|switch|p2a: Honchkrow|Honchkrow, F|341\/341
|
|-heal|p1a: ur mum|671\/714|[from] item: Leftovers
|turn|23
|
|move|p1a: ur mum|Protect|p1a: ur mum
|-singleturn|p1a: ur mum|Protect
|move|p2a: Honchkrow|Brave Bird|p1a: ur mum
|-activate|p1a: ur mum|Protect
|
|-heal|p1a: ur mum|714\/714|[from] item: Leftovers
|turn|24
|c|âSnowballin|I completely forgot I should put superpower on this
|c|âSnowballin|LOL...
|c|âSnowballin|dumb mistake on my part
|c|âSnowballin|GG
|
|switch|p1a: allahu akbar|Forretress, M|207\/354
|move|p2a: Honchkrow|Brave Bird|p1a: allahu akbar
|-damage|p1a: allahu akbar|51\/354
|-damage|p2a: Honchkrow|290\/341|[from] recoil|[of] p1a: allahu akbar
|-damage|p2a: Honchkrow|256\/341|[from] item: Life Orb
|
|turn|25
|c|âBob the Wut|reveal actually have superpower
|c|âSnowballin|LOL
|
|move|p2a: Honchkrow|Brave Bird|p1a: allahu akbar
|-damage|p1a: allahu akbar|0 fnt
|-damage|p2a: Honchkrow|239\/341|[from] recoil|[of] p1a: allahu akbar
|-damage|p2a: Honchkrow|205\/341|[from] item: Life Orb
|faint|p1a: allahu akbar
|-boost|p2a: Honchkrow|atk|1|[from] ability: Moxie
|
|c|âSnowballin|I wish
|c|âSnowballin|that might've won me match
|
|switch|p1a: cat mermaid|Vaporeon, F|464\/464
|turn|26
|
|move|p2a: Honchkrow|Brave Bird|p1a: cat mermaid
|-damage|p1a: cat mermaid|19\/464
|-damage|p2a: Honchkrow|58\/341|[from] recoil|[of] p1a: cat mermaid
|-damage|p2a: Honchkrow|24\/341|[from] item: Life Orb
|move|p1a: cat mermaid|Scald|p2a: Honchkrow
|-damage|p2a: Honchkrow|0 fnt
|faint|p2a: Honchkrow
|
|-heal|p1a: cat mermaid|48\/464|[from] item: Leftovers
|c|âBob the Wut|fk thats strong
|
|switch|p2a: Ampharos|Ampharos-Mega, F|236\/383
|-ability|p2a: Ampharos|Mold Breaker
|turn|27
|
|move|p2a: Ampharos|Dragon Pulse|p1a: cat mermaid
|-damage|p1a: cat mermaid|0 fnt
|faint|p1a: cat mermaid
|
|
|switch|p1a: andy dufresne|Krookodile, F|178\/331
|-ability|p1a: andy dufresne|Intimidate|[of] p2a: Ampharos
|-unboost|p2a: Ampharos|atk|1
|turn|28
|c|âSnowballin|don underestimate birds
|
|move|p1a: andy dufresne|Earthquake|p2a: Ampharos
|-supereffective|p2a: Ampharos
|-damage|p2a: Ampharos|2\/383
|move|p2a: Ampharos|Dragon Pulse|p1a: andy dufresne
|-damage|p1a: andy dufresne|0 fnt
|faint|p1a: andy dufresne
|
|c|âBob the Wut|fk
|c|âBob the Wut|bulk
|
|switch|p1a: reveal foresight|Medicham, M|261\/261
|turn|29
|
|detailschange|p1a: reveal foresight|Medicham-Mega, M
|-mega|p1a: reveal foresight|Medicham|Medichamite
|move|p1a: reveal foresight|Zen Headbutt|p2a: Ampharos
|-damage|p2a: Ampharos|0 fnt
|faint|p2a: Ampharos
|
|
|switch|p2a: Florges|Florges, F|264\/360
|turn|30
|
|move|p1a: reveal foresight|Zen Headbutt|p2a: Florges
|-damage|p2a: Florges|14\/360
|move|p2a: Florges|Moonblast|p1a: reveal foresight
|-supereffective|p1a: reveal foresight
|-damage|p1a: reveal foresight|0 fnt
|faint|p1a: reveal foresight
|
|c|âSnowballin|god
|c|âSnowballin|that power
|c|âSnowballin|qq
|
|switch|p1a: ur mum|Blissey, F|714\/714
|turn|31
|c|âBob the Wut|gg
|
|move|p2a: Florges|Wish|p2a: Florges
|move|p1a: ur mum|Seismic Toss|p2a: Florges
|-damage|p2a: Florges|0 fnt
|faint|p2a: Florges
|
|win|Bob the Wut
|raw|Ladder updating...
|c|âSnowballin|GG :]
|raw|Bob the Wut's rating: 1644 &rarr; <strong>1657<\/strong><br \/>(+13 for winning)
|raw|Snowballin's rating: 1514 &rarr; <strong>1501<\/strong><br \/>(-13 for losing)
|c|âBob the Wut|blis sweep
|c|âSnowballin|LOL
|leave|Bob the Wut
|player|p1
|c|âSnowballin|blissey bes offensive threat
|join|Bob the Wut