|join|oh no oh no
|join|Bob the Wut
|player|p1|oh no oh no|157
|player|p2|Bob the Wut|23
|gametype|singles
|gen|6
|tier|UU
|rated
|rule|Sleep Clause Mod: Limit one foe put to sleep
|rule|Species Clause: Limit one of each PokÃ©mon
|rule|OHKO Clause: OHKO moves are banned
|rule|Moody Clause: Moody is banned
|rule|Evasion Moves Clause: Evasion moves are banned
|rule|Endless Battle Clause: Forcing endless battles is banned
|rule|HP Percentage Mod: HP is shown in percentages
|clearpoke
|poke|p1|Weezing, M
|poke|p1|Forretress, F
|poke|p1|Suicune
|poke|p1|Celebi
|poke|p1|Blissey, F
|poke|p1|Spiritomb, F
|poke|p2|Suicune
|poke|p2|Snorlax, F
|poke|p2|Reuniclus, M
|poke|p2|Chandelure, F
|poke|p2|Absol, F
|poke|p2|Toxicroak, M
|rule|Swagger Clause: Swagger is banned
|rule|Baton Pass Clause: Limit one PokÃ©mon knowing Baton Pass
|teampreview
|
|start
|switch|p1a: Body and Soul|Forretress, F|354\/354
|switch|p2a: Absol|Absol, F|271\/271
|turn|1
|
|switch|p2a: Chandelure|Chandelure, F|291\/291
|move|p1a: Body and Soul|Gyro Ball|p2a: Chandelure
|-resisted|p2a: Chandelure
|-damage|p2a: Chandelure|244\/291
|
|-heal|p2a: Chandelure|262\/291|[from] item: Leftovers
|turn|2
|
|switch|p1a: Bitches Brew|Spiritomb, F|304\/304
|move|p2a: Chandelure|Substitute|p2a: Chandelure
|-start|p2a: Chandelure|Substitute
|-damage|p2a: Chandelure|190\/291
|
|-heal|p2a: Chandelure|208\/291|[from] item: Leftovers
|turn|3
|
|move|p2a: Chandelure|Flamethrower|p1a: Bitches Brew
|-damage|p1a: Bitches Brew|177\/304
|move|p1a: Bitches Brew|Foul Play|p2a: Chandelure
|-supereffective|p2a: Chandelure
|-damage|p2a: Chandelure|92\/291
|
|-heal|p2a: Chandelure|110\/291|[from] item: Leftovers
|-heal|p1a: Bitches Brew|196\/304|[from] item: Leftovers
|turn|4
|
|switch|p2a: Absol|Absol, F|271\/271
|move|p1a: Bitches Brew|Foul Play|p2a: Absol
|-resisted|p2a: Absol
|-damage|p2a: Absol|121\/271
|-boost|p2a: Absol|atk|1|[from] ability: Justified
|
|-heal|p1a: Bitches Brew|215\/304|[from] item: Leftovers
|turn|5
|
|switch|p1a: Blue in Green|Suicune|404\/404
|-ability|p1a: Blue in Green|Pressure
|detailschange|p2a: Absol|Absol-Mega, F
|-mega|p2a: Absol|Absol|Absolite
|move|p2a: Absol|Knock Off|p1a: Blue in Green
|-damage|p1a: Blue in Green|209\/404
|-enditem|p1a: Blue in Green|Leftovers|[from] move: Knock Off|[of] p2a: Absol
|
|turn|6
|
|switch|p2a: Toxicroak|Toxicroak, M|307\/307
|move|p1a: Blue in Green|Scald|p2a: Toxicroak
|-immune|p2a: Toxicroak|[msg]
|
|turn|7
|
|move|p2a: Toxicroak|Swords Dance|p2a: Toxicroak
|-boost|p2a: Toxicroak|atk|2
|move|p1a: Blue in Green|Rest|p1a: Blue in Green
|-status|p1a: Blue in Green|slp
|-heal|p1a: Blue in Green|404\/404 slp|[silent]
|-status|p1a: Blue in Green|slp|[from] move: Rest
|
|turn|8
|
|switch|p1a: Nardis|Weezing, M|333\/333
|move|p2a: Toxicroak|Gunk Shot|p1a: Nardis
|-resisted|p1a: Nardis
|-damage|p1a: Nardis|158\/333
|-damage|p2a: Toxicroak|277\/307|[from] item: Life Orb
|
|-heal|p1a: Nardis|178\/333|[from] item: Black Sludge
|turn|9
|
|switch|p2a: Chandelure|Chandelure, F|110\/291
|move|p1a: Nardis|Pain Split|p2a: Chandelure
|-sethp|p2a: Chandelure|144\/291|p1a: Nardis|144\/333|[from] move: Pain Split
|
|-heal|p2a: Chandelure|162\/291|[from] item: Leftovers
|-heal|p1a: Nardis|164\/333|[from] item: Black Sludge
|turn|10
|
|switch|p1a: Bitches Brew|Spiritomb, F|215\/304
|move|p2a: Chandelure|Flamethrower|p1a: Bitches Brew
|-damage|p1a: Bitches Brew|85\/304
|
|-heal|p2a: Chandelure|180\/291|[from] item: Leftovers
|-heal|p1a: Bitches Brew|104\/304|[from] item: Leftovers
|turn|11
|
|switch|p1a: Blue in Green|Suicune|404\/404 slp
|-ability|p1a: Blue in Green|Pressure
|move|p2a: Chandelure|Shadow Ball|p1a: Blue in Green
|-damage|p1a: Blue in Green|241\/404 slp
|
|-heal|p2a: Chandelure|198\/291|[from] item: Leftovers
|turn|12
|
|move|p2a: Chandelure|Shadow Ball|p1a: Blue in Green
|-crit|p1a: Blue in Green
|-damage|p1a: Blue in Green|19\/404 slp
|cant|p1a: Blue in Green|slp
|move|p1a: Blue in Green|Sleep Talk|p1a: Blue in Green
|move|p1a: Blue in Green|Roar|p2a: Chandelure|[from]Sleep Talk
|drag|p2a: Absol|Absol-Mega, F|121\/271
|
|turn|13
|
|switch|p1a: Body and Soul|Forretress, F|354\/354
|move|p2a: Absol|Knock Off|p1a: Body and Soul
|-damage|p1a: Body and Soul|237\/354
|-enditem|p1a: Body and Soul|Leftovers|[from] move: Knock Off|[of] p2a: Absol
|
|turn|14
|
|switch|p2a: Toxicroak|Toxicroak, M|277\/307
|move|p1a: Body and Soul|Spikes|p2a: Toxicroak
|-sidestart|p2: Bob the Wut|Spikes
|
|turn|15
|
|switch|p1a: Nardis|Weezing, M|164\/333
|move|p2a: Toxicroak|Swords Dance|p2a: Toxicroak
|-boost|p2a: Toxicroak|atk|2
|
|-heal|p1a: Nardis|184\/333|[from] item: Black Sludge
|turn|16
|
|move|p2a: Toxicroak|Swords Dance|p2a: Toxicroak
|-boost|p2a: Toxicroak|atk|2
|move|p1a: Nardis|Will-O-Wisp|p2a: Toxicroak|[miss]
|-miss|p1a: Nardis|p2a: Toxicroak
|
|-heal|p1a: Nardis|204\/333|[from] item: Black Sludge
|turn|17
|
|move|p2a: Toxicroak|Gunk Shot|p1a: Nardis
|-resisted|p1a: Nardis
|-damage|p1a: Nardis|0 fnt
|-damage|p2a: Toxicroak|247\/307|[from] item: Life Orb
|faint|p1a: Nardis
|
|
|switch|p1a: Body and Soul|Forretress, F|237\/354
|turn|18
|
|move|p2a: Toxicroak|Drain Punch|p1a: Body and Soul
|-damage|p1a: Body and Soul|0 fnt
|-heal|p2a: Toxicroak|307\/307|[from] drain|[of] p1a: Body and Soul
|-damage|p2a: Toxicroak|277\/307|[from] item: Life Orb
|faint|p1a: Body and Soul
|
|
|switch|p1a: Lush Life|Celebi|403\/403
|turn|19
|
|move|p2a: Toxicroak|Gunk Shot|p1a: Lush Life
|-supereffective|p1a: Lush Life
|-damage|p1a: Lush Life|0 fnt
|-damage|p2a: Toxicroak|247\/307|[from] item: Life Orb
|faint|p1a: Lush Life
|
|
|switch|p1a: Bitches Brew|Spiritomb, F|104\/304
|turn|20
|
|move|p2a: Toxicroak|Gunk Shot|p1a: Bitches Brew
|-resisted|p1a: Bitches Brew
|-damage|p1a: Bitches Brew|0 fnt
|-damage|p2a: Toxicroak|217\/307|[from] item: Life Orb
|faint|p1a: Bitches Brew
|
|
|switch|p1a: Blue in Green|Suicune|19\/404 slp
|-ability|p1a: Blue in Green|Pressure
|turn|21
|
|move|p2a: Toxicroak|Drain Punch|p1a: Blue in Green
|-damage|p1a: Blue in Green|0 fnt
|-heal|p2a: Toxicroak|227\/307|[from] drain|[of] p1a: Blue in Green
|-damage|p2a: Toxicroak|197\/307|[from] item: Life Orb
|faint|p1a: Blue in Green
|
|-message|oh no oh no forfeited.
|
|win|Bob the Wut
|raw|Ladder updating...
|leave|oh no oh no
|player|p1
|raw|oh no oh no's rating: 1661 &rarr; <strong>1630<\/strong><br \/>(-31 for losing)
|raw|Bob the Wut's rating: 1431 &rarr; <strong>1463<\/strong><br \/>(+32 for winning)