|join|Bob the Wut
|join|Exemption
|player|p1|Bob the Wut|23
|player|p2|Exemption|293
|gametype|singles
|gen|6
|tier|UU
|rated
|rule|Sleep Clause Mod: Limit one foe put to sleep
|rule|Species Clause: Limit one of each PokÃ©mon
|rule|OHKO Clause: OHKO moves are banned
|rule|Moody Clause: Moody is banned
|rule|Evasion Moves Clause: Evasion moves are banned
|rule|Endless Battle Clause: Forcing endless battles is banned
|rule|HP Percentage Mod: HP is shown in percentages
|clearpoke
|poke|p1|Medicham, F
|poke|p1|Escavalier, F
|poke|p1|Vaporeon, F
|poke|p1|Krookodile, F
|poke|p1|Forretress, F
|poke|p1|Blissey, F
|poke|p2|Swampert, M
|poke|p2|Florges, F
|poke|p2|Doublade, F
|poke|p2|Medicham, F
|poke|p2|Crobat, M
|poke|p2|Hydreigon, F
|rule|Swagger Clause: Swagger is banned
|rule|Baton Pass Clause: Limit one PokÃ©mon knowing Baton Pass
|teampreview
|c|âExemption|oh
|c|âBob the Wut|hi
|c|âExemption|hi
|join|Emma Bae â¥
|
|start
|switch|p1a: reveal foresight|Medicham, F|261\/261
|switch|p2a: Team Player|Swampert, M|404\/404
|turn|1
|c|âExemption|!learn medicham, foresight
|raw|<div class="infobox">Medicham <span class="message-learn-canlearn">can<\/span> learn Foresight only when obtained from:<ul class="message-learn-list"><li>gen 3 egg: hitmonlee, hitmontop, machamp, machoke, ...<li>gen 4 egg: buneary, hitmonlee, hitmontop, lopunny, ...<li>gen 5 egg: buneary, hitmonlee, hitmontop, lopunny, ...<li>gen 6 egg<\/ul><\/div>
|c|âExemption|shit
|
|switch|p2a: Doublade|Doublade, F|322\/322
|detailschange|p1a: reveal foresight|Medicham-Mega, F
|-mega|p1a: reveal foresight|Medicham|Medichamite
|move|p1a: reveal foresight|Fake Out|p2a: Doublade
|-immune|p2a: Doublade|[msg]
|
|turn|2
|
|switch|p1a: cat mermaid|Vaporeon, F|464\/464
|switch|p2a: Team Player|Swampert, M|404\/404
|
|turn|3
|join|Zhaf
|
|move|p2a: Team Player|Stealth Rock|p1a: cat mermaid
|-sidestart|p1: Bob the Wut|move: Stealth Rock
|move|p1a: cat mermaid|Scald|p2a: Team Player
|-damage|p2a: Team Player|302\/404
|
|-heal|p2a: Team Player|327\/404|[from] item: Leftovers
|turn|4
|
|move|p2a: Team Player|Earthquake|p1a: cat mermaid
|-damage|p1a: cat mermaid|325\/464
|move|p1a: cat mermaid|Scald|p2a: Team Player
|-damage|p2a: Team Player|213\/404
|
|-heal|p2a: Team Player|238\/404|[from] item: Leftovers
|-heal|p1a: cat mermaid|354\/464|[from] item: Leftovers
|turn|5
|c|âBob the Wut|burn pls
|
|switch|p2a: I am Exempt|Hydreigon, F|325\/325
|move|p1a: cat mermaid|Scald|p2a: I am Exempt
|-resisted|p2a: I am Exempt
|-damage|p2a: I am Exempt|271\/325
|
|-heal|p1a: cat mermaid|383\/464|[from] item: Leftovers
|turn|6
|
|move|p2a: I am Exempt|Dragon Pulse|p1a: cat mermaid
|-damage|p1a: cat mermaid|241\/464
|move|p1a: cat mermaid|Wish|p1a: cat mermaid
|
|-heal|p1a: cat mermaid|270\/464|[from] item: Leftovers
|turn|7
|
|switch|p2a: CoolStoryBrobat|Crobat, M|373\/373
|move|p1a: cat mermaid|Scald|p2a: CoolStoryBrobat
|-damage|p2a: CoolStoryBrobat|261\/373
|
|-heal|p1a: cat mermaid|464\/464|[from] move: Wish|[wisher] cat mermaid
|-heal|p2a: CoolStoryBrobat|284\/373|[from] item: Black Sludge
|turn|8
|
|move|p2a: CoolStoryBrobat|Taunt|p1a: cat mermaid
|-start|p1a: cat mermaid|move: Taunt
|move|p1a: cat mermaid|Scald|p2a: CoolStoryBrobat
|-damage|p2a: CoolStoryBrobat|172\/373
|-status|p2a: CoolStoryBrobat|brn
|
|-heal|p2a: CoolStoryBrobat|195\/373 brn|[from] item: Black Sludge
|-damage|p2a: CoolStoryBrobat|149\/373 brn|[from] brn
|turn|9
|
|switch|p1a: allahu akbar|Forretress, F|354\/354
|-damage|p1a: allahu akbar|310\/354|[from] Stealth Rock
|move|p2a: CoolStoryBrobat|Roost|p2a: CoolStoryBrobat
|-heal|p2a: CoolStoryBrobat|336\/373 brn
|
|-heal|p2a: CoolStoryBrobat|359\/373 brn|[from] item: Black Sludge
|-heal|p1a: allahu akbar|332\/354|[from] item: Leftovers
|-damage|p2a: CoolStoryBrobat|313\/373 brn|[from] brn
|turn|10
|
|switch|p2a: Doublade|Doublade, F|322\/322
|move|p1a: allahu akbar|Spikes|p2a: Doublade
|-sidestart|p2: Exemption|Spikes
|
|-heal|p1a: allahu akbar|354\/354|[from] item: Leftovers
|turn|11
|
|move|p1a: allahu akbar|Volt Switch|p2a: Doublade
|-damage|p2a: Doublade|258\/322
|
|switch|p1a: cat mermaid|Vaporeon, F|464\/464
|-damage|p1a: cat mermaid|406\/464|[from] Stealth Rock
|move|p2a: Doublade|Swords Dance|p2a: Doublade
|-boost|p2a: Doublade|atk|2
|
|-heal|p1a: cat mermaid|435\/464|[from] item: Leftovers
|-heal|p2a: Doublade|278\/322|[from] item: Leftovers
|turn|12
|join|Meowiekins
|
|move|p1a: cat mermaid|Scald|p2a: Doublade
|-damage|p2a: Doublade|112\/322
|move|p2a: Doublade|Shadow Claw|p1a: cat mermaid
|-damage|p1a: cat mermaid|170\/464
|
|-heal|p1a: cat mermaid|199\/464|[from] item: Leftovers
|-heal|p2a: Doublade|132\/322|[from] item: Leftovers
|turn|13
|c|âBob the Wut|buuuuuuuurn
|
|switch|p2a: Annoying|Florges, F|352\/352
|-damage|p2a: Annoying|308\/352|[from] Spikes
|move|p1a: cat mermaid|Scald|p2a: Annoying
|-damage|p2a: Annoying|242\/352
|
|-heal|p2a: Annoying|264\/352|[from] item: Leftovers
|-heal|p1a: cat mermaid|228\/464|[from] item: Leftovers
|turn|14
|c| Emma Bae â¥|lol
|
|move|p2a: Annoying|Moonblast|p1a: cat mermaid
|-damage|p1a: cat mermaid|113\/464
|move|p1a: cat mermaid|Wish|p1a: cat mermaid
|
|-heal|p2a: Annoying|286\/352|[from] item: Leftovers
|-heal|p1a: cat mermaid|142\/464|[from] item: Leftovers
|turn|15
|
|move|p2a: Annoying|Aromatherapy|p2a: Annoying
|-cureteam|p2a: Annoying|[from] move: Aromatherapy
|move|p1a: cat mermaid|Scald|p2a: Annoying
|-damage|p2a: Annoying|223\/352
|-status|p2a: Annoying|brn
|
|-heal|p1a: cat mermaid|374\/464|[from] move: Wish|[wisher] cat mermaid
|-heal|p2a: Annoying|245\/352 brn|[from] item: Leftovers
|-heal|p1a: cat mermaid|403\/464|[from] item: Leftovers
|-damage|p2a: Annoying|201\/352 brn|[from] brn
|turn|16
|
|move|p2a: Annoying|Wish|p2a: Annoying
|move|p1a: cat mermaid|Wish|p1a: cat mermaid
|
|-heal|p2a: Annoying|223\/352 brn|[from] item: Leftovers
|-heal|p1a: cat mermaid|432\/464|[from] item: Leftovers
|-damage|p2a: Annoying|179\/352 brn|[from] brn
|turn|17
|
|switch|p2a: CoolStoryBrobat|Crobat, M|313\/373
|move|p1a: cat mermaid|Baton Pass|p1a: cat mermaid
|
|switch|p1a: midget knight|Escavalier, F|312\/312
|-damage|p1a: midget knight|273\/312|[from] Stealth Rock
|
|-heal|p1a: midget knight|312\/312|[from] move: Wish|[wisher] cat mermaid
|-heal|p2a: CoolStoryBrobat|373\/373|[from] move: Wish|[wisher] Annoying
|turn|18
|
|move|p2a: CoolStoryBrobat|Brave Bird|p1a: midget knight
|-damage|p1a: midget knight|188\/312
|-damage|p2a: CoolStoryBrobat|332\/373|[from] recoil|[of] p1a: midget knight
|move|p1a: midget knight|Knock Off|p2a: CoolStoryBrobat
|-damage|p2a: CoolStoryBrobat|106\/373
|-enditem|p2a: CoolStoryBrobat|Black Sludge|[from] move: Knock Off|[of] p1a: midget knight
|
|turn|19
|
|switch|p1a: allahu akbar|Forretress, F|354\/354
|-damage|p1a: allahu akbar|310\/354|[from] Stealth Rock
|move|p2a: CoolStoryBrobat|Roost|p2a: CoolStoryBrobat
|-heal|p2a: CoolStoryBrobat|293\/373
|
|-heal|p1a: allahu akbar|332\/354|[from] item: Leftovers
|turn|20
|
|move|p2a: CoolStoryBrobat|Taunt|p1a: allahu akbar
|-start|p1a: allahu akbar|move: Taunt
|move|p1a: allahu akbar|Volt Switch|p2a: CoolStoryBrobat
|-supereffective|p2a: CoolStoryBrobat
|-damage|p2a: CoolStoryBrobat|211\/373
|
|switch|p1a: andy dufresne|Krookodile, F|331\/331
|-damage|p1a: andy dufresne|311\/331|[from] Stealth Rock
|-ability|p1a: andy dufresne|Intimidate|[of] p2a: CoolStoryBrobat
|-unboost|p2a: CoolStoryBrobat|atk|1
|
|turn|21
|
|move|p2a: CoolStoryBrobat|Roost|p2a: CoolStoryBrobat
|-heal|p2a: CoolStoryBrobat|373\/373
|move|p1a: andy dufresne|Stealth Rock|p2a: CoolStoryBrobat
|-sidestart|p2: Exemption|move: Stealth Rock
|
|turn|22
|
|move|p2a: CoolStoryBrobat|Defog|p1a: andy dufresne
|-unboost|p1a: andy dufresne|evasion|1
|-sideend|p1: Bob the Wut|Stealth Rock|[from] move: Defog|[of] p1a: andy dufresne
|-sideend|p2: Exemption|Spikes|[from] move: Defog|[of] p2a: CoolStoryBrobat
|-sideend|p2: Exemption|Stealth Rock|[from] move: Defog|[of] p2a: CoolStoryBrobat
|move|p1a: andy dufresne|Knock Off|p2a: CoolStoryBrobat
|-damage|p2a: CoolStoryBrobat|219\/373
|
|turn|23
|
|switch|p2a: Team Player|Swampert, M|238\/404
|move|p1a: andy dufresne|Knock Off|p2a: Team Player
|-damage|p2a: Team Player|90\/404
|-enditem|p2a: Team Player|Leftovers|[from] move: Knock Off|[of] p1a: andy dufresne
|
|turn|24
|
|move|p1a: andy dufresne|Earthquake|p2a: Team Player
|-damage|p2a: Team Player|0 fnt
|faint|p2a: Team Player
|
|
|switch|p2a: Ban this|Medicham, F|261\/261
|turn|25
|
|switch|p1a: allahu akbar|Forretress, F|332\/354
|detailschange|p2a: Ban this|Medicham-Mega, F
|-mega|p2a: Ban this|Medicham|Medichamite
|move|p2a: Ban this|Drain Punch|p1a: allahu akbar
|-damage|p1a: allahu akbar|211\/354
|
|-heal|p1a: allahu akbar|233\/354|[from] item: Leftovers
|turn|26
|
|move|p2a: Ban this|Substitute|p2a: Ban this
|-start|p2a: Ban this|Substitute
|-damage|p2a: Ban this|196\/261
|move|p1a: allahu akbar|Toxic|p2a: Ban this
|
|-heal|p1a: allahu akbar|255\/354|[from] item: Leftovers
|turn|27
|c|âBob the Wut|fuk
|
|move|p2a: Ban this|Bulk Up|p2a: Ban this
|-boost|p2a: Ban this|atk|1
|-boost|p2a: Ban this|def|1
|move|p1a: allahu akbar|Volt Switch|p2a: Ban this
|-activate|p2a: Ban this|Substitute|[damage]
|c| Emma Bae â¥|lol
|join|Colbrushie
|c| Colbrushie|bob is nerd
|c| Emma Bae â¥|^
|c|âExemption|bop
|leave|Zhaf
|
|switch|p1a: cat mermaid|Vaporeon, F|432\/464
|
|-heal|p1a: cat mermaid|461\/464|[from] item: Leftovers
|turn|28
|
|move|p2a: Ban this|Drain Punch|p1a: cat mermaid
|-damage|p1a: cat mermaid|82\/464
|-heal|p2a: Ban this|261\/261|[from] drain|[of] p1a: cat mermaid
|move|p1a: cat mermaid|Scald|p2a: Ban this
|-end|p2a: Ban this|Substitute
|
|-heal|p1a: cat mermaid|111\/464|[from] item: Leftovers
|turn|29
|c| Colbrushie|yum
|c|âBob the Wut|need
|c|âBob the Wut|crobat
|
|move|p2a: Ban this|Drain Punch|p1a: cat mermaid
|-damage|p1a: cat mermaid|0 fnt
|faint|p1a: cat mermaid
|
|
|switch|p1a: reveal foresight|Medicham-Mega, F|261\/261
|turn|30
|
|move|p1a: reveal foresight|Fake Out|p2a: Ban this
|-damage|p2a: Ban this|195\/261
|cant|p2a: Ban this|flinch
|
|turn|31
|
|move|p2a: Ban this|Psycho Cut|p1a: reveal foresight
|-damage|p1a: reveal foresight|0 fnt
|faint|p1a: reveal foresight
|
|c|âBob the Wut|oh its ogre
|c|âExemption|y
|
|switch|p1a: andy dufresne|Krookodile, F|311\/331
|-ability|p1a: andy dufresne|Intimidate|[of] p2a: Ban this
|-unboost|p2a: Ban this|atk|1
|turn|32
|c|âExemption|once i found out it wasnt scarf krook
|c|âExemption|pls kill
|
|move|p2a: Ban this|Drain Punch|p1a: andy dufresne
|-supereffective|p1a: andy dufresne
|-damage|p1a: andy dufresne|0 fnt
|-heal|p2a: Ban this|261\/261|[from] drain|[of] p1a: andy dufresne
|faint|p1a: andy dufresne
|
|
|switch|p1a: midget knight|Escavalier, F|188\/312
|turn|33
|
|move|p2a: Ban this|Substitute|p2a: Ban this
|-start|p2a: Ban this|Substitute
|-damage|p2a: Ban this|196\/261
|move|p1a: midget knight|Megahorn|p2a: Ban this
|-end|p2a: Ban this|Substitute
|
|turn|34
|
|move|p2a: Ban this|Drain Punch|p1a: midget knight
|-damage|p1a: midget knight|0 fnt
|-heal|p2a: Ban this|261\/261|[from] drain|[of] p1a: midget knight
|faint|p1a: midget knight
|
|c|âBob the Wut|rip
|c|âExemption|rip
|
|switch|p1a: allahu akbar|Forretress, F|255\/354
|turn|35
|
|move|p2a: Ban this|Substitute|p2a: Ban this
|-start|p2a: Ban this|Substitute
|-damage|p2a: Ban this|196\/261
|move|p1a: allahu akbar|Volt Switch|p2a: Ban this
|-activate|p2a: Ban this|Substitute|[damage]
|c| Emma Bae â¥|lol
|c| Emma Bae â¥|bob lost xDDD
|-message|Bob the Wut forfeited.
|
|win|Exemption
|raw|Ladder updating...
|raw|Bob the Wut's rating: 1704 &rarr; <strong>1670<\/strong><br \/>(-34 for losing)
|raw|Exemption's rating: 1409 &rarr; <strong>1443<\/strong><br \/>(+34 for winning)
|leave|Bob the Wut
|player|p1
|c| Emma Bae â¥|That's great :]
|leave|Emma Bae â¥