|join|Bob the Wut
|join|Aggron
|c|âAggron|have fun!
|player|p1|Bob the Wut|23
|player|p2|Aggron|17
|gametype|singles
|gen|6
|tier|UU
|rated
|rule|Sleep Clause Mod: Limit one foe put to sleep
|rule|Species Clause: Limit one of each PokÃ©mon
|rule|OHKO Clause: OHKO moves are banned
|rule|Moody Clause: Moody is banned
|rule|Evasion Moves Clause: Evasion moves are banned
|rule|Endless Battle Clause: Forcing endless battles is banned
|rule|HP Percentage Mod: HP is shown in percentages
|clearpoke
|poke|p1|Suicune
|poke|p1|Snorlax, F
|poke|p1|Reuniclus, M
|poke|p1|Chandelure, M
|poke|p1|Absol, F
|poke|p1|Toxicroak, F
|poke|p2|Darmanitan, M
|poke|p2|Roserade, F
|poke|p2|Blastoise, M
|poke|p2|Rhyperior, M
|poke|p2|Scrafty, M
|poke|p2|Crobat, M
|rule|Swagger Clause: Swagger is banned
|rule|Baton Pass Clause: Limit one PokÃ©mon knowing Baton Pass
|teampreview
|c|âAggron|nice team too
|
|start
|switch|p1a: ban pls|Suicune|401\/401
|switch|p2a: Scrafty|Scrafty, M|320\/320
|-ability|p1a: ban pls|Pressure
|turn|1
|
|switch|p1a: Toxiforg|Toxicroak, F|307\/307
|move|p2a: Scrafty|Knock Off|p1a: Toxiforg
|-resisted|p1a: Toxiforg
|-damage|p1a: Toxiforg|230\/307
|-enditem|p1a: Toxiforg|Life Orb|[from] move: Knock Off|[of] p2a: Scrafty
|
|turn|2
|join|Luna Bae â¥
|join|ablert enistein
|c| Luna Bae â¥|bob m9
|c|âBob the Wut|luna m7
|c| Luna Bae â¥|what's with the threat team
|c| ablert enistein|i dont fuck wit yall if u aint bout money
|c| Luna Bae â¥|is stall ded
|
|switch|p2a: Crobat|Crobat, M|353\/353
|move|p1a: Toxiforg|Drain Punch|p2a: Crobat
|-resisted|p2a: Crobat
|-damage|p2a: Crobat|313\/353
|-heal|p1a: Toxiforg|250\/307|[from] drain|[of] p2a: Crobat
|
|-heal|p2a: Crobat|335\/353|[from] item: Black Sludge
|turn|3
|c|âBob the Wut|nah it just got a bit repetitive
|c| Luna Bae â¥|gp
|
|switch|p1a: ban pls|Suicune|401\/401
|-ability|p1a: ban pls|Pressure
|move|p2a: Crobat|Brave Bird|p1a: ban pls
|-damage|p1a: ban pls|301\/401
|-damage|p2a: Crobat|302\/353|[from] recoil|[of] p1a: ban pls
|
|-heal|p2a: Crobat|324\/353|[from] item: Black Sludge
|-heal|p1a: ban pls|326\/401|[from] item: Leftovers
|turn|4
|c| Luna Bae â¥|I'm running out off mons to use ngl
|c| Luna Bae â¥|*of
|
|move|p2a: Crobat|U-turn|p1a: ban pls
|-damage|p1a: ban pls|287\/401
|c|âBob the Wut|play HO
|c|âBob the Wut|lol
|c|âBob the Wut|HO is weak af tho
|
|switch|p2a: Roserade|Roserade, F|261\/261
|move|p1a: ban pls|Scald|p2a: Roserade
|-resisted|p2a: Roserade
|-damage|p2a: Roserade|221\/261
|
|-heal|p1a: ban pls|312\/401|[from] item: Leftovers
|turn|5
|c| Luna Bae â¥|^
|join|xShiba
|
|switch|p1a: your mum|Snorlax, F|524\/524
|move|p2a: Roserade|Spikes|p1a: your mum
|-sidestart|p1: Bob the Wut|Spikes
|
|turn|6
|
|switch|p2a: Scrafty|Scrafty, M|320\/320
|move|p1a: your mum|Curse|p1a: your mum
|-boost|p1a: your mum|atk|1
|-boost|p1a: your mum|def|1
|-unboost|p1a: your mum|spe|1
|
|turn|7
|
|move|p2a: Scrafty|Knock Off|p1a: your mum
|-damage|p1a: your mum|451\/524
|-enditem|p1a: your mum|Leftovers|[from] move: Knock Off|[of] p2a: Scrafty
|move|p1a: your mum|Frustration|p2a: Scrafty
|-damage|p2a: Scrafty|167\/320
|
|-heal|p2a: Scrafty|187\/320|[from] item: Leftovers
|turn|8
|
|move|p2a: Scrafty|Bulk Up|p2a: Scrafty
|-boost|p2a: Scrafty|atk|1
|-boost|p2a: Scrafty|def|1
|move|p1a: your mum|Frustration|p2a: Scrafty
|-damage|p2a: Scrafty|76\/320
|
|-heal|p2a: Scrafty|96\/320|[from] item: Leftovers
|turn|9
|
|switch|p1a: 3spooky5me|Chandelure, M|283\/283
|-damage|p1a: 3spooky5me|248\/283|[from] Spikes
|move|p2a: Scrafty|Drain Punch|p1a: 3spooky5me
|-immune|p1a: 3spooky5me|[msg]
|
|-heal|p1a: 3spooky5me|265\/283|[from] item: Leftovers
|-heal|p2a: Scrafty|116\/320|[from] item: Leftovers
|turn|10
|
|switch|p2a: Rhyperior|Rhyperior, M|432\/432
|move|p1a: 3spooky5me|Flamethrower|p2a: Rhyperior
|-resisted|p2a: Rhyperior
|-damage|p2a: Rhyperior|329\/432
|
|-heal|p1a: 3spooky5me|282\/283|[from] item: Leftovers
|-heal|p2a: Rhyperior|356\/432|[from] item: Leftovers
|turn|11
|
|switch|p1a: ban pls|Suicune|312\/401
|-damage|p1a: ban pls|262\/401|[from] Spikes
|-ability|p1a: ban pls|Pressure
|switch|p2a: Darmanitan|Darmanitan, M|351\/351
|
|-heal|p1a: ban pls|287\/401|[from] item: Leftovers
|turn|12
|
|move|p2a: Darmanitan|U-turn|p1a: ban pls
|-damage|p1a: ban pls|232\/401
|
|switch|p2a: Roserade|Roserade, F|221\/261
|move|p1a: ban pls|Scald|p2a: Roserade
|-resisted|p2a: Roserade
|-damage|p2a: Roserade|182\/261
|-status|p2a: Roserade|brn
|
|-heal|p1a: ban pls|257\/401|[from] item: Leftovers
|-damage|p2a: Roserade|150\/261 brn|[from] brn
|turn|13
|
|switch|p2a: Scrafty|Scrafty, M|116\/320
|switch|p1a: your mum|Snorlax, F|451\/524
|-damage|p1a: your mum|386\/524|[from] Spikes
|
|-heal|p2a: Scrafty|136\/320|[from] item: Leftovers
|turn|14
|
|switch|p1a: Toxiforg|Toxicroak, F|250\/307
|-damage|p1a: Toxiforg|212\/307|[from] Spikes
|move|p2a: Scrafty|Drain Punch|p1a: Toxiforg
|-resisted|p1a: Toxiforg
|-damage|p1a: Toxiforg|157\/307
|-heal|p2a: Scrafty|164\/320|[from] drain|[of] p1a: Toxiforg
|
|-heal|p2a: Scrafty|184\/320|[from] item: Leftovers
|turn|15
|
|switch|p2a: Crobat|Crobat, M|324\/353
|move|p1a: Toxiforg|Gunk Shot|p2a: Crobat
|-resisted|p2a: Crobat
|-damage|p2a: Crobat|193\/353
|
|-heal|p2a: Crobat|215\/353|[from] item: Black Sludge
|turn|16
|
|switch|p1a: kawaii desu|Reuniclus, M|424\/424
|move|p2a: Crobat|Brave Bird|p1a: kawaii desu
|-damage|p1a: kawaii desu|289\/424
|-damage|p2a: Crobat|170\/353|[from] recoil|[of] p1a: kawaii desu
|
|-heal|p2a: Crobat|192\/353|[from] item: Black Sludge
|turn|17
|join|Emma Bae
|
|move|p2a: Crobat|U-turn|p1a: kawaii desu
|-supereffective|p1a: kawaii desu
|-damage|p1a: kawaii desu|185\/424
|
|switch|p2a: Scrafty|Scrafty, M|184\/320
|move|p1a: kawaii desu|Calm Mind|p1a: kawaii desu
|-boost|p1a: kawaii desu|spa|1
|-boost|p1a: kawaii desu|spd|1
|
|-heal|p2a: Scrafty|204\/320|[from] item: Leftovers
|turn|18
|
|move|p2a: Scrafty|Knock Off|p1a: kawaii desu
|-crit|p1a: kawaii desu
|-supereffective|p1a: kawaii desu
|-enditem|p1a: kawaii desu|Colbur Berry|[eat]
|-damage|p1a: kawaii desu|53\/424
|move|p1a: kawaii desu|Signal Beam|p2a: Scrafty
|-damage|p2a: Scrafty|129\/320
|-start|p2a: Scrafty|confusion
|
|-heal|p2a: Scrafty|149\/320|[from] item: Leftovers
|turn|19
|join|Serperior Test
|c|âAggron|kek
|
|switch|p2a: Crobat|Crobat, M|192\/353
|move|p1a: kawaii desu|Signal Beam|p2a: Crobat
|-resisted|p2a: Crobat
|-damage|p2a: Crobat|162\/353
|
|-heal|p2a: Crobat|184\/353|[from] item: Black Sludge
|turn|20
|leave|Serperior Test
|
|move|p2a: Crobat|U-turn|p1a: kawaii desu
|-supereffective|p1a: kawaii desu
|-damage|p1a: kawaii desu|0 fnt
|faint|p1a: kawaii desu
|
|switch|p2a: Darmanitan|Darmanitan, M|351\/351
|
|leave|xShiba
|
|switch|p1a: Toxiforg|Toxicroak, F|157\/307
|-damage|p1a: Toxiforg|119\/307|[from] Spikes
|turn|21
|
|switch|p2a: Crobat|Crobat, M|184\/353
|move|p1a: Toxiforg|Sucker Punch|p2a: Crobat
|-fail|p2a: Crobat
|
|-heal|p2a: Crobat|206\/353|[from] item: Black Sludge
|turn|22
|
|move|p2a: Crobat|Roost|p2a: Crobat
|-heal|p2a: Crobat|353\/353
|move|p1a: Toxiforg|Swords Dance|p1a: Toxiforg
|-boost|p1a: Toxiforg|atk|2
|
|turn|23
|c|âAggron|well played
|
|move|p1a: Toxiforg|Sucker Punch|p2a: Crobat
|-damage|p2a: Crobat|125\/353
|move|p2a: Crobat|Brave Bird|p1a: Toxiforg
|-supereffective|p1a: Toxiforg
|-damage|p1a: Toxiforg|0 fnt
|-damage|p2a: Crobat|86\/353|[from] recoil|[of] p1a: Toxiforg
|faint|p1a: Toxiforg
|
|-heal|p2a: Crobat|108\/353|[from] item: Black Sludge
|c| Emma Bae|bob ur bad
|c|âBob the Wut|no u
|
|switch|p1a: Absolute|Absol, F|271\/271
|-damage|p1a: Absolute|238\/271|[from] Spikes
|turn|24
|c| Emma Bae|oh ok :[
|
|detailschange|p1a: Absolute|Absol-Mega, F
|-mega|p1a: Absolute|Absol|Absolite
|move|p2a: Crobat|U-turn|p1a: Absolute
|-supereffective|p1a: Absolute
|-damage|p1a: Absolute|56\/271
|
|switch|p2a: Rhyperior|Rhyperior, M|356\/432
|move|p1a: Absolute|Swords Dance|p1a: Absolute
|-boost|p1a: Absolute|atk|2
|
|-heal|p2a: Rhyperior|383\/432|[from] item: Leftovers
|turn|25
|
|move|p1a: Absolute|Knock Off|p2a: Rhyperior
|-damage|p2a: Rhyperior|71\/432
|-enditem|p2a: Rhyperior|Leftovers|[from] move: Knock Off|[of] p1a: Absolute
|move|p2a: Rhyperior|Earthquake|p1a: Absolute
|-damage|p1a: Absolute|0 fnt
|faint|p1a: Absolute
|
|c|âAggron|out of curiosity
|
|switch|p1a: 3spooky5me|Chandelure, M|282\/283
|-damage|p1a: 3spooky5me|247\/283|[from] Spikes
|turn|26
|c|âAggron|were you adamant?
|c|âBob the Wut|yea
|c|âAggron|ah
|c|âAggron|yeah that did a lot
|
|move|p1a: 3spooky5me|Shadow Ball|p2a: Rhyperior
|-damage|p2a: Rhyperior|0 fnt
|faint|p2a: Rhyperior
|
|-heal|p1a: 3spooky5me|264\/283|[from] item: Leftovers
|
|switch|p2a: Blastoise|Blastoise, M|361\/361
|turn|27
|join|xShiba
|
|detailschange|p2a: Blastoise|Blastoise-Mega, M
|-mega|p2a: Blastoise|Blastoise|Blastoisinite
|move|p1a: 3spooky5me|Shadow Ball|p2a: Blastoise
|-damage|p2a: Blastoise|216\/361
|move|p2a: Blastoise|Dark Pulse|p1a: 3spooky5me
|-supereffective|p1a: 3spooky5me
|-damage|p1a: 3spooky5me|0 fnt
|faint|p1a: 3spooky5me
|
|c| Emma Bae|lax wins
|
|switch|p1a: ban pls|Suicune|257\/401
|-damage|p1a: ban pls|207\/401|[from] Spikes
|-ability|p1a: ban pls|Pressure
|turn|28
|c|âBob the Wut|fkn scrafty
|join|Meowiekins
|c|âAggron|scrafty too real
|c| Emma Bae|forget scrafty =)
|
|switch|p2a: Roserade|Roserade, F|150\/261
|move|p1a: ban pls|Calm Mind|p1a: ban pls
|-boost|p1a: ban pls|spa|1
|-boost|p1a: ban pls|spd|1
|
|-heal|p1a: ban pls|232\/401|[from] item: Leftovers
|turn|29
|c| xShiba|dont use scrafty
|c| xShiba|pls
|join|waiv
|c| waiv|wait
|c| waiv|who is bob
|c|âBob the Wut|idk
|c|âAggron|scrafty is much better then people give it credit for
|
|move|p2a: Roserade|Giga Drain|p1a: ban pls
|-supereffective|p1a: ban pls
|-damage|p1a: ban pls|19\/401
|-heal|p2a: Roserade|257\/261|[from] drain|[of] p1a: ban pls
|-damage|p2a: Roserade|231\/261|[from] item: Life Orb
|move|p1a: ban pls|Calm Mind|p1a: ban pls
|-boost|p1a: ban pls|spa|1
|-boost|p1a: ban pls|spd|1
|
|-heal|p1a: ban pls|44\/401|[from] item: Leftovers
|turn|30
|c| waiv|:) hi nerd
|c|âAggron|knock off everything
|c| Emma Bae|lol bob
|c|âBob the Wut|hi
|c|âAggron|and late game clean up
|c|âAggron|just lose the fairies
|
|move|p2a: Roserade|Giga Drain|p1a: ban pls
|-supereffective|p1a: ban pls
|-damage|p1a: ban pls|0 fnt
|-heal|p2a: Roserade|253\/261|[from] drain|[of] p1a: ban pls
|-damage|p2a: Roserade|227\/261|[from] item: Life Orb
|faint|p1a: ban pls
|
|leave|Meowiekins
|
|switch|p1a: your mum|Snorlax, F|386\/524
|-damage|p1a: your mum|321\/524|[from] Spikes
|turn|31
|
|switch|p2a: Scrafty|Scrafty, M|149\/320
|move|p1a: your mum|Curse|p1a: your mum
|-boost|p1a: your mum|atk|1
|-boost|p1a: your mum|def|1
|-unboost|p1a: your mum|spe|1
|
|-heal|p2a: Scrafty|169\/320|[from] item: Leftovers
|turn|32
|
|move|p2a: Scrafty|Bulk Up|p2a: Scrafty
|-boost|p2a: Scrafty|atk|1
|-boost|p2a: Scrafty|def|1
|move|p1a: your mum|Frustration|p2a: Scrafty
|-damage|p2a: Scrafty|52\/320
|
|-heal|p2a: Scrafty|72\/320|[from] item: Leftovers
|turn|33
|
|move|p2a: Scrafty|Drain Punch|p1a: your mum
|-supereffective|p1a: your mum
|-damage|p1a: your mum|151\/524
|-heal|p2a: Scrafty|157\/320|[from] drain|[of] p1a: your mum
|move|p1a: your mum|Frustration|p2a: Scrafty
|-damage|p2a: Scrafty|51\/320
|
|-heal|p2a: Scrafty|71\/320|[from] item: Leftovers
|turn|34
|c|âAggron|gg
|c|âBob the Wut|rip
|c| Emma Bae|RIp bob the bro
|
|move|p2a: Scrafty|Drain Punch|p1a: your mum
|-supereffective|p1a: your mum
|-damage|p1a: your mum|0 fnt
|-heal|p2a: Scrafty|147\/320|[from] drain|[of] p1a: your mum
|faint|p1a: your mum
|
|win|Aggron
|raw|Ladder updating...