|join|Bellicose
|join|z0mog
|player|p1|Bellicose|1
|player|p2|z0mog|58
|gametype|singles
|gen|6
|tier|OU
|rated
|clearpoke
|poke|p1|Scizor, M
|poke|p1|Azelf
|poke|p1|Landorus, M
|poke|p1|Azumarill, F
|poke|p1|Breloom, F
|poke|p1|Greninja, M
|poke|p2|Politoed, M
|poke|p2|Kabutops, F
|poke|p2|Lanturn, F
|poke|p2|Tornadus-Therian, M
|poke|p2|Latias, F
|poke|p2|Scizor, F
|rule|Swagger Clause: Swagger is banned
|rule|Baton Pass Clause: Limit one PokÃ©mon knowing Baton Pass
|rule|Sleep Clause Mod: Limit one foe put to sleep
|rule|Species Clause: Limit one of each PokÃ©mon
|rule|OHKO Clause: OHKO moves are banned
|rule|Moody Clause: Moody is banned
|rule|Evasion Moves Clause: Evasion moves are banned
|rule|Endless Battle Clause: Forcing endless battles is banned
|rule|HP Percentage Mod: HP is shown in percentages
|teampreview
|c|âz0mog|ok
|c|âBellicose|ew its this bad
|
|start
|switch|p1a: Azelf|Azelf|291\/291
|switch|p2a: Tornadus-Therian|Tornadus-Therian, M|299\/299
|turn|1
|
|move|p2a: Tornadus-Therian|U-turn|p1a: Azelf
|-supereffective|p1a: Azelf
|-damage|p1a: Azelf|129\/291
|
|switch|p2a: Kabutops|Kabutops, F|261\/261
|move|p1a: Azelf|Stealth Rock|p2a: Kabutops
|-sidestart|p2: z0mog|move: Stealth Rock
|
|turn|2
|
|move|p2a: Kabutops|Aqua Jet|p1a: Azelf
|-damage|p1a: Azelf|0 fnt
|-damage|p2a: Kabutops|235\/261|[from] item: Life Orb
|faint|p1a: Azelf
|
|
|switch|p1a: Scizor|Scizor, M|311\/311
|turn|3
|
|detailschange|p1a: Scizor|Scizor-Mega, M
|message|Scizor has Mega Evolved into Mega Scizor!
|move|p2a: Kabutops|Waterfall|p1a: Scizor
|-damage|p1a: Scizor|165\/311
|-damage|p2a: Kabutops|209\/261|[from] item: Life Orb
|move|p1a: Scizor|Bug Bite|p2a: Kabutops
|-damage|p2a: Kabutops|19\/261
|
|turn|4
|c|âz0mog|holy fuck im lagging so hard
|c|âz0mog|win this 50\/50 bro
|
|move|p1a: Scizor|Bullet Punch|p2a: Kabutops
|-crit|p2a: Kabutops
|-damage|p2a: Kabutops|0 fnt
|faint|p2a: Kabutops
|
|
|switch|p2a: Politoed|Politoed, M|384\/384
|-damage|p2a: Politoed|336\/384|[from] Stealth Rock
|-weather|RainDance
|turn|5
|join|Biz
|
|move|p1a: Scizor|Bug Bite|p2a: Politoed
|-damage|p2a: Politoed|119\/384
|move|p2a: Politoed|Encore|p1a: Scizor
|-start|p1a: Scizor|Encore
|
|-weather|RainDance|[upkeep]
|turn|6
|
|switch|p2a: Tornadus-Therian|Tornadus-Therian, M|299\/299
|-damage|p2a: Tornadus-Therian|225\/299|[from] Stealth Rock
|move|p1a: Scizor|Bug Bite|p2a: Tornadus-Therian
|-resisted|p2a: Tornadus-Therian
|-damage|p2a: Tornadus-Therian|95\/299
|
|-weather|RainDance|[upkeep]
|turn|7
|c|âBellicose|epic predictions
|
|switch|p1a: Azumarill|Azumarill, F|401\/401
|move|p2a: Tornadus-Therian|Hurricane|p1a: Azumarill
|-damage|p1a: Azumarill|268\/401
|
|-weather|RainDance|[upkeep]
|turn|8
|
|move|p2a: Tornadus-Therian|Hurricane|p1a: Azumarill
|-crit|p1a: Azumarill
|-damage|p1a: Azumarill|60\/401
|move|p1a: Azumarill|Knock Off|p2a: Tornadus-Therian
|-damage|p2a: Tornadus-Therian|0 fnt
|-enditem|p2a: Tornadus-Therian|Assault Vest|[from] move: Knock Off|[of] p1a: Azumarill
|faint|p2a: Tornadus-Therian
|
|-weather|RainDance|[upkeep]
|
|switch|p2a: Scizor|Scizor, F|343\/343
|-damage|p2a: Scizor|301\/343|[from] Stealth Rock
|turn|9
|
|detailschange|p2a: Scizor|Scizor-Mega, F
|message|Scizor has Mega Evolved into Mega Scizor!
|move|p2a: Scizor|Bullet Punch|p1a: Azumarill
|-damage|p1a: Azumarill|0 fnt
|faint|p1a: Azumarill
|
|-weather|RainDance|[upkeep]
|
|switch|p1a: Greninja|Greninja, M|286\/286
|turn|10
|
|switch|p2a: Lanturn|Lanturn, F|401\/401
|-damage|p2a: Lanturn|351\/401|[from] Stealth Rock
|move|p1a: Greninja|Hydro Pump|p2a: Lanturn
|-start|p1a: Greninja|typechange|Water|[from] Protean
|-resisted|p2a: Lanturn
|-damage|p2a: Lanturn|187\/401
|-damage|p1a: Greninja|258\/286|[from] item: Life Orb
|
|-weather|RainDance|[upkeep]
|-heal|p2a: Lanturn|212\/401|[from] item: Leftovers
|turn|11
|
|switch|p1a: Breloom|Breloom, F|262\/262
|move|p2a: Lanturn|Scald|p1a: Breloom
|-resisted|p1a: Breloom
|-damage|p1a: Breloom|181\/262
|-status|p1a: Breloom|brn
|
|-weather|RainDance|[upkeep]
|-heal|p2a: Lanturn|237\/401|[from] item: Leftovers
|-damage|p1a: Breloom|149\/262 brn|[from] brn
|turn|12
|c|âBellicose|wow
|c|âz0mog|nice
|c|âBellicose|fuck this game
|
|switch|p2a: Latias|Latias, F|302\/302
|-damage|p2a: Latias|265\/302|[from] Stealth Rock
|move|p1a: Breloom|Spore|p2a: Latias
|-status|p2a: Latias|slp
|
|-weather|none
|-damage|p1a: Breloom|117\/262 brn|[from] brn
|turn|13
|
|switch|p2a: Scizor|Scizor-Mega, F|301\/343
|-damage|p2a: Scizor|259\/343|[from] Stealth Rock
|switch|p1a: Scizor|Scizor-Mega, M|165\/311
|
|turn|14
|
|switch|p1a: Greninja|Greninja, M|258\/286
|move|p2a: Scizor|Swords Dance|p2a: Scizor
|-boost|p2a: Scizor|atk|2
|
|turn|15
|
|switch|p2a: Lanturn|Lanturn, F|237\/401
|-damage|p2a: Lanturn|187\/401|[from] Stealth Rock
|move|p1a: Greninja|Hidden Power|p2a: Lanturn
|-start|p1a: Greninja|typechange|Fire|[from] Protean
|-resisted|p2a: Lanturn
|-damage|p2a: Lanturn|130\/401
|-damage|p1a: Greninja|230\/286|[from] item: Life Orb
|
|-heal|p2a: Lanturn|155\/401|[from] item: Leftovers
|turn|16
|
|move|p1a: Greninja|Dark Pulse|p2a: Lanturn
|-start|p1a: Greninja|typechange|Dark|[from] Protean
|-damage|p2a: Lanturn|0 fnt
|-damage|p1a: Greninja|202\/286|[from] item: Life Orb
|faint|p2a: Lanturn
|
|
|switch|p2a: Latias|Latias, F|265\/302 slp
|-damage|p2a: Latias|228\/302 slp|[from] Stealth Rock
|turn|17
|
|move|p1a: Greninja|Dark Pulse|p2a: Latias
|-supereffective|p2a: Latias
|-damage|p2a: Latias|0 fnt
|-damage|p1a: Greninja|174\/286|[from] item: Life Orb
|faint|p2a: Latias
|
|
|switch|p2a: Scizor|Scizor-Mega, F|259\/343
|-damage|p2a: Scizor|217\/343|[from] Stealth Rock
|turn|18
|
|switch|p2a: Politoed|Politoed, M|119\/384
|-damage|p2a: Politoed|71\/384|[from] Stealth Rock
|-weather|RainDance
|move|p1a: Greninja|Hidden Power|p2a: Politoed
|-start|p1a: Greninja|typechange|Fire|[from] Protean
|-resisted|p2a: Politoed
|-damage|p2a: Politoed|46\/384
|-damage|p1a: Greninja|146\/286|[from] item: Life Orb
|
|-weather|RainDance|[upkeep]
|turn|19
|
|move|p1a: Greninja|Dark Pulse|p2a: Politoed
|-start|p1a: Greninja|typechange|Dark|[from] Protean
|-damage|p2a: Politoed|0 fnt
|-damage|p1a: Greninja|118\/286|[from] item: Life Orb
|faint|p2a: Politoed
|
|-weather|RainDance|[upkeep]
|
|switch|p2a: Scizor|Scizor-Mega, F|217\/343
|-damage|p2a: Scizor|175\/343|[from] Stealth Rock
|turn|20
|
|move|p2a: Scizor|Bullet Punch|p1a: Greninja
|-damage|p1a: Greninja|0 fnt
|faint|p1a: Greninja
|
|-weather|RainDance|[upkeep]
|
|switch|p1a: Landorus|Landorus, M|320\/320
|turn|21
|
|move|p1a: Landorus|Earth Power|p2a: Scizor
|-damage|p2a: Scizor|0 fnt
|faint|p2a: Scizor
|
|win|Bellicose
|raw|Ladder updating...
|raw|Bellicose's rating: 1702 &rarr; <strong>1723<\/strong><br \/>(+21 for winning)
|raw|z0mog's rating: 1718 &rarr; <strong>1697<\/strong><br \/>(-21 for losing)
|c|âz0mog|smh at luck
|leave|z0mog
|player|p2