|join|excyro
|join|Bellicose
|player|p1|excyro|1
|player|p2|Bellicose|#cpgtan
|gametype|singles
|gen|6
|tier|OU
|rated
|clearpoke
|poke|p1|Zoroark, F, shiny
|poke|p1|Garchomp, F
|poke|p1|Gyarados, F
|poke|p1|Metagross
|poke|p1|Whimsicott, F
|poke|p1|Sableye, F
|poke|p2|Azumarill, M
|poke|p2|Chesnaught, M
|poke|p2|Gothitelle, F
|poke|p2|Heatran, M
|poke|p2|Sylveon, M
|poke|p2|Scizor, M
|rule|Swagger Clause: Swagger is banned
|rule|Baton Pass Clause: Limit one PokÃ©mon knowing Baton Pass
|rule|Sleep Clause Mod: Limit one foe put to sleep
|rule|Species Clause: Limit one of each PokÃ©mon
|rule|OHKO Clause: OHKO moves are banned
|rule|Moody Clause: Moody is banned
|rule|Evasion Moves Clause: Evasion moves are banned
|rule|Endless Battle Clause: Forcing endless battles is banned
|rule|HP Percentage Mod: HP is shown in percentages
|teampreview
|join|Ox the Fox
|
|start
|switch|p1a: Sableye|Sableye, F|324\/324
|switch|p2a: Chesnaught|Chesnaught, M|380\/380
|turn|1
|join|Gizmoâ
|c| Gizmoâ|nope
|
|switch|p2a: Heatran|Heatran, M|386\/386
|move|p1a: Sableye|Flamethrower|p2a: Heatran
|-start|p2a: Heatran|ability: Flash Fire
|
|turn|2
|leave|Gizmoâ
|c|âBellicose|Nice zoro
|join|A2tehBR
|c|âexcyro|lol good predict
|
|move|p1a: Sableye|Focus Blast|p2a: Heatran|[miss]
|-miss|p1a: Sableye|p2a: Heatran
|move|p2a: Heatran|Will-O-Wisp|p1a: Sableye
|-status|p1a: Sableye|brn
|
|-damage|p1a: Sableye|284\/324 brn|[from] brn
|turn|3
|c|âexcyro|people usually don't get that
|
|move|p1a: Sableye|Focus Blast|p2a: Heatran
|-supereffective|p2a: Heatran
|-damage|p2a: Heatran|194\/386
|move|p2a: Heatran|Stealth Rock|p1a: Sableye
|-sidestart|p1: excyro|move: Stealth Rock
|
|-heal|p2a: Heatran|218\/386|[from] item: Leftovers
|-damage|p1a: Sableye|244\/324 brn|[from] brn
|turn|4
|
|switch|p2a: Azumarill|Azumarill, M|342\/342
|move|p1a: Sableye|Focus Blast|p2a: Azumarill
|-resisted|p2a: Azumarill
|-damage|p2a: Azumarill|255\/342
|-unboost|p2a: Azumarill|spd|1
|
|-damage|p1a: Sableye|204\/324 brn|[from] brn
|turn|5
|c| A2tehBR|nice team belli
|
|move|p1a: Sableye|Grass Knot|p2a: Azumarill
|-supereffective|p2a: Azumarill
|-damage|p2a: Azumarill|0 fnt
|faint|p2a: Azumarill
|
|-damage|p1a: Sableye|164\/324 brn|[from] brn
|c| A2tehBR|lol
|c| A2tehBR|rekt
|c|âBellicose|ayy lmao
|c|âexcyro|XD
|
|switch|p2a: Sylveon|Sylveon, M|394\/394
|turn|6
|
|switch|p1a: Metagross|Metagross|364\/364
|-damage|p1a: Metagross|342\/364|[from] Stealth Rock
|move|p2a: Sylveon|Wish|p2a: Sylveon
|
|turn|7
|join|Praj.pran
|c| Praj.pran|bellicose
|
|switch|p2a: Heatran|Heatran, M|218\/386
|detailschange|p1a: Metagross|Metagross-Mega
|message|Metagross has Mega Evolved into Mega Metagross!
|move|p1a: Metagross|Earthquake|p2a: Heatran
|-supereffective|p2a: Heatran
|-damage|p2a: Heatran|0 fnt
|faint|p2a: Heatran
|
|c| Praj.pran|bellicose
|c| Praj.pran|bellicose
|
|switch|p2a: Scizor|Scizor, M|330\/330
|turn|8
|join|Gizmoâ
|
|detailschange|p2a: Scizor|Scizor-Mega, M
|message|Scizor has Mega Evolved into Mega Scizor!
|move|p1a: Metagross|Earthquake|p2a: Scizor
|-damage|p2a: Scizor|233\/330
|move|p2a: Scizor|Swords Dance|p2a: Scizor
|-boost|p2a: Scizor|atk|2
|
|turn|9
|c| A2tehBR|nice n setup fodder
|
|move|p2a: Scizor|Bullet Punch|p1a: Metagross
|-resisted|p1a: Metagross
|-damage|p1a: Metagross|245\/364
|move|p1a: Metagross|Brick Break|p2a: Scizor
|-damage|p2a: Scizor|128\/330
|
|turn|10
|c| A2tehBR|and thats game
|c| Gizmoâ|mfw
|c| Gizmoâ|went for bp
|
|move|p1a: Metagross|Brick Break|p2a: Scizor
|-damage|p2a: Scizor|20\/330
|move|p2a: Scizor|Roost|p2a: Scizor
|-heal|p2a: Scizor|185\/330
|
|turn|11
|c| Gizmoâ|oh wtf
|c| Gizmoâ|it's this set
|c| Praj.pran|lool
|c| Gizmoâ|ggggggggggg
|c| A2tehBR|i only use fast sd now
|c| A2tehBR|bug bite is too fun
|
|switch|p1a: Sableye|Sableye, F|304\/304
|-damage|p1a: Sableye|266\/304|[from] Stealth Rock
|move|p2a: Scizor|Roost|p2a: Scizor
|-heal|p2a: Scizor|330\/330
|
|-heal|p1a: Sableye|285\/304|[from] item: Leftovers
|turn|12
|c| A2tehBR|oh its this sab lol
|
|switch|p2a: Sylveon|Sylveon, M|394\/394
|move|p1a: Sableye|Will-O-Wisp|p2a: Sylveon
|-status|p2a: Sylveon|brn
|
|-heal|p1a: Sableye|304\/304|[from] item: Leftovers
|-damage|p2a: Sylveon|345\/394 brn|[from] brn
|turn|13
|
|move|p1a: Sableye|Taunt|p2a: Sylveon
|-start|p2a: Sylveon|move: Taunt
|move|p2a: Sylveon|Hyper Voice|p1a: Sableye
|-supereffective|p1a: Sableye
|-damage|p1a: Sableye|32\/304
|
|-heal|p2a: Sylveon|369\/394 brn|[from] item: Leftovers
|-heal|p1a: Sableye|51\/304|[from] item: Leftovers
|-damage|p2a: Sylveon|320\/394 brn|[from] brn
|turn|14
|c| Praj.pran|lol
|
|switch|p1a: Metagross|Metagross-Mega|245\/364
|-damage|p1a: Metagross|223\/364|[from] Stealth Rock
|move|p2a: Sylveon|Hyper Voice|p1a: Metagross
|-resisted|p1a: Metagross
|-damage|p1a: Metagross|148\/364
|
|-heal|p2a: Sylveon|344\/394 brn|[from] item: Leftovers
|-damage|p2a: Sylveon|295\/394 brn|[from] brn
|turn|15
|
|move|p1a: Metagross|Bullet Punch|p2a: Sylveon
|-supereffective|p2a: Sylveon
|-damage|p2a: Sylveon|71\/394 brn
|move|p2a: Sylveon|Hyper Voice|p1a: Metagross
|-resisted|p1a: Metagross
|-damage|p1a: Metagross|84\/364
|
|-heal|p2a: Sylveon|95\/394 brn|[from] item: Leftovers
|-damage|p2a: Sylveon|46\/394 brn|[from] brn
|-end|p2a: Sylveon|move: Taunt
|turn|16
|
|move|p1a: Metagross|Bullet Punch|p2a: Sylveon
|-crit|p2a: Sylveon
|-supereffective|p2a: Sylveon
|-damage|p2a: Sylveon|0 fnt
|faint|p2a: Sylveon
|
|c| A2tehBR|sciz should win
|c|âBellicose|What set is that
|c| Gizmoâ|four attacks
|c|âBellicose|I rly dont like low ladder
|c| Praj.pran|:(
|c| Gizmoâ|no dude
|c|âBellicose|Does it have meteor mash
|c| Gizmoâ|It's good
|c| Gizmoâ|four attacks with grass knot
|c| Gizmoâ|i mean
|c|âBellicose|or zen
|c| Gizmoâ|it should
|c| Gizmoâ|have both
|c| A2tehBR|wait
|c| A2tehBR|didnt he use
|c|âBellicose|it has brick break
|c| A2tehBR|brick + eq
|c|âexcyro|mine?
|c|âBellicose|its not good
|c| Gizmoâ|wait what
|c|âBellicose|yes he used brick break eq and bullet punch
|c|âexcyro|nope i don't have meteor mash
|c| Gizmoâ|i'm talking about meteor mash zen head hammer arm grass knot
|c|âBellicose|whats his last move
|c|âexcyro|nope
|c| Gizmoâ|zen?
|c|âBellicose|no gizmo stop
|c|âexcyro|thats not my set
|
|switch|p2a: Scizor|Scizor-Mega, M|330\/330
|turn|17
|c|âexcyro|bullet punch
|c| Gizmoâ|well
|c|âexcyro|eq
|c| Gizmoâ|that's the good set
|c|âexcyro|and brick break
|
|switch|p1a: Gyarados|Gyarados, F|331\/331
|-damage|p1a: Gyarados|249\/331|[from] Stealth Rock
|-ability|p1a: Gyarados|Intimidate|[of] p2a: Scizor
|-unboost|p2a: Scizor|atk|1
|move|p2a: Scizor|Swords Dance|p2a: Scizor
|-boost|p2a: Scizor|atk|2
|
|turn|18
|join|Inflikted
|
|switch|p1a: Sableye|Sableye, F|164\/324 brn
|-damage|p1a: Sableye|124\/324 brn|[from] Stealth Rock
|move|p2a: Scizor|Swords Dance|p2a: Scizor
|-boost|p2a: Scizor|atk|2
|
|-damage|p1a: Sableye|84\/324 brn|[from] brn
|turn|19
|c| Gizmoâ|cheri berry natural gift
|
|move|p2a: Scizor|Bullet Punch|p1a: Sableye
|replace|p1a: Zoroark|Zoroark, F, shiny|84\/324 brn
|-damage|p1a: Zoroark|0 fnt
|faint|p1a: Zoroark
|
|c| Gizmoâ|woah
|
|switch|p1a: Sableye|Sableye, F|51\/304
|-damage|p1a: Sableye|13\/304|[from] Stealth Rock
|turn|20
|c| Gizmoâ|mind games
|c| Gizmoâ|!!!111
|
|move|p2a: Scizor|Bullet Punch|p1a: Sableye
|-crit|p1a: Sableye
|-damage|p1a: Sableye|0 fnt
|faint|p1a: Sableye
|
|
|switch|p1a: Metagross|Metagross-Mega|84\/364
|-damage|p1a: Metagross|62\/364|[from] Stealth Rock
|turn|21
|
|switch|p1a: Garchomp|Garchomp, F|357\/357
|-damage|p1a: Garchomp|335\/357|[from] Stealth Rock
|move|p2a: Scizor|Swords Dance|p2a: Scizor
|-boost|p2a: Scizor|atk|2
|
|turn|22
|
|move|p2a: Scizor|Bullet Punch|p1a: Garchomp
|-crit|p1a: Garchomp
|-damage|p1a: Garchomp|0 fnt
|-damage|p2a: Scizor|289\/330|[from] ability: Rough Skin|[of] p1a: Garchomp
|-damage|p2a: Scizor|234\/330|[from] item: Rocky Helmet|[of] p1a: Garchomp
|faint|p1a: Garchomp
|
|
|switch|p1a: Gyarados|Gyarados, F|249\/331
|-damage|p1a: Gyarados|167\/331|[from] Stealth Rock
|-ability|p1a: Gyarados|Intimidate|[of] p2a: Scizor
|-unboost|p2a: Scizor|atk|1
|turn|23
|
|move|p2a: Scizor|Bullet Punch|p1a: Gyarados
|-crit|p1a: Gyarados
|-resisted|p1a: Gyarados
|-damage|p1a: Gyarados|0 fnt
|faint|p1a: Gyarados
|
|c|âBellicose|Reveal fire blast gyara
|
|switch|p1a: Whimsicott|Whimsicott, F|324\/324
|-damage|p1a: Whimsicott|284\/324|[from] Stealth Rock
|turn|24
|c|âBellicose|nvm crit my way thru
|
|move|p1a: Whimsicott|Substitute|p1a: Whimsicott
|-start|p1a: Whimsicott|Substitute
|-damage|p1a: Whimsicott|203\/324
|move|p2a: Scizor|Bullet Punch|p1a: Whimsicott
|-crit|p1a: Whimsicott
|-supereffective|p1a: Whimsicott
|-end|p1a: Whimsicott|Substitute
|
|-heal|p1a: Whimsicott|223\/324|[from] item: Leftovers
|turn|25
|c|âBellicose|kek
|c|âexcyro|gg
|c|âBellicose|thats 4 crits in a row
|leave|Ox the Fox
|c|âexcyro|rematch? ur fun!
|
|move|p1a: Whimsicott|Leech Seed|p2a: Scizor
|-start|p2a: Scizor|move: Leech Seed
|move|p2a: Scizor|Bullet Punch|p1a: Whimsicott
|-supereffective|p1a: Whimsicott
|-damage|p1a: Whimsicott|0 fnt
|faint|p1a: Whimsicott
|
|
|switch|p1a: Metagross|Metagross-Mega|62\/364
|-damage|p1a: Metagross|40\/364|[from] Stealth Rock
|turn|26
|c|âexcyro|rematch?
|
|move|p2a: Scizor|Bullet Punch|p1a: Metagross
|-resisted|p1a: Metagross
|-damage|p1a: Metagross|0 fnt
|faint|p1a: Metagross
|
|win|Bellicose
|raw|Ladder updating...
|join|Henry
|raw|excyro's rating: 1177 &rarr; <strong>1154<\/strong><br \/>(-23 for losing)
|raw|Bellicose's rating: 1201 &rarr; <strong>1224<\/strong><br \/>(+23 for winning)
|c|âBellicose|n
|leave|excyro
|player|p1