|join|Nazi that coming
|join|Bellicose
|player|p1|Nazi that coming|153
|player|p2|Bellicose|1
|gametype|singles
|gen|6
|tier|OU
|rated
|clearpoke
|poke|p1|Mamoswine, M
|poke|p1|Bisharp, M
|poke|p1|Venusaur, F
|poke|p1|Dragonite, M
|poke|p1|Rotom-Wash
|poke|p1|Latias, F
|poke|p2|Raikou
|poke|p2|Charizard, M
|poke|p2|Latios, M
|poke|p2|Ferrothorn, F
|poke|p2|Landorus-Therian, M
|poke|p2|Slowbro, F
|rule|Swagger Clause: Swagger is banned
|rule|Baton Pass Clause: Limit one PokÃ©mon knowing Baton Pass
|rule|Sleep Clause Mod: Limit one foe put to sleep
|rule|Species Clause: Limit one of each PokÃ©mon
|rule|OHKO Clause: OHKO moves are banned
|rule|Moody Clause: Moody is banned
|rule|Evasion Moves Clause: Evasion moves are banned
|rule|Endless Battle Clause: Forcing endless battles is banned
|rule|HP Percentage Mod: HP is shown in percentages
|teampreview
|
|start
|switch|p1a: Rotom-Wash|Rotom-Wash|304\/304
|switch|p2a: Charizard|Charizard, M|315\/315
|turn|1
|
|detailschange|p2a: Charizard|Charizard-Mega-X, M
|message|Charizard has Mega Evolved into Mega Charizard!
|move|p2a: Charizard|Dragon Claw|p1a: Rotom-Wash
|-damage|p1a: Rotom-Wash|160\/304
|move|p1a: Rotom-Wash|Volt Switch|p2a: Charizard
|-resisted|p2a: Charizard
|-damage|p2a: Charizard|261\/315
|
|switch|p1a: Mamoswine|Mamoswine, M|361\/361
|
|turn|2
|
|switch|p2a: Ferrothorn|Ferrothorn, F|352\/352
|switch|p1a: Venusaur|Venusaur, F|364\/364
|
|turn|3
|
|detailschange|p1a: Venusaur|Venusaur-Mega, F
|message|Venusaur has Mega Evolved into Mega Venusaur!
|move|p1a: Venusaur|Hidden Power|p2a: Ferrothorn
|-supereffective|p2a: Ferrothorn
|-damage|p2a: Ferrothorn|104\/352
|move|p2a: Ferrothorn|Stealth Rock|p1a: Venusaur
|-sidestart|p1: Nazi that coming|move: Stealth Rock
|
|-heal|p2a: Ferrothorn|126\/352|[from] item: Leftovers
|turn|4
|
|move|p1a: Venusaur|Sludge Bomb|p2a: Ferrothorn
|-immune|p2a: Ferrothorn|[msg]
|move|p2a: Ferrothorn|Gyro Ball|p1a: Venusaur
|-damage|p1a: Venusaur|249\/364
|
|-heal|p2a: Ferrothorn|148\/352|[from] item: Leftovers
|turn|5
|
|switch|p2a: Latios|Latios, M|302\/302
|move|p1a: Venusaur|Sludge Bomb|p2a: Latios
|-damage|p2a: Latios|154\/302
|
|turn|6
|join|Biz
|
|switch|p1a: Latias|Latias, F|302\/302
|-damage|p1a: Latias|265\/302|[from] Stealth Rock
|move|p2a: Latios|Draco Meteor|p1a: Latias
|-supereffective|p1a: Latias
|-damage|p1a: Latias|0 fnt
|-unboost|p2a: Latios|spa|2
|-damage|p2a: Latios|124\/302|[from] item: Life Orb
|faint|p1a: Latias
|
|
|switch|p1a: Bisharp|Bisharp, M|291\/291
|-damage|p1a: Bisharp|273\/291|[from] Stealth Rock
|turn|7
|
|move|p2a: Latios|Draco Meteor|p1a: Bisharp
|-resisted|p1a: Bisharp
|-damage|p1a: Bisharp|178\/291
|-unboost|p2a: Latios|spa|2
|-damage|p2a: Latios|94\/302|[from] item: Life Orb
|move|p1a: Bisharp|Swords Dance|p1a: Bisharp
|-boost|p1a: Bisharp|atk|2
|
|turn|8
|
|switch|p2a: Ferrothorn|Ferrothorn, F|148\/352
|move|p1a: Bisharp|Swords Dance|p1a: Bisharp
|-boost|p1a: Bisharp|atk|2
|
|-heal|p2a: Ferrothorn|170\/352|[from] item: Leftovers
|turn|9
|
|move|p1a: Bisharp|Knock Off|p2a: Ferrothorn
|-damage|p2a: Ferrothorn|0 fnt
|-damage|p1a: Bisharp|142\/291|[from] ability: Iron Barbs|[of] p2a: Ferrothorn
|-enditem|p2a: Ferrothorn|Leftovers|[from] move: Knock Off|[of] p1a: Bisharp
|faint|p2a: Ferrothorn
|
|
|switch|p2a: Charizard|Charizard-Mega-X, M|261\/315
|turn|10
|
|move|p2a: Charizard|Dragon Dance|p2a: Charizard
|-boost|p2a: Charizard|atk|1
|-boost|p2a: Charizard|spe|1
|move|p1a: Bisharp|Knock Off|p2a: Charizard
|-damage|p2a: Charizard|0 fnt
|faint|p2a: Charizard
|
|-message|Bellicose forfeited.
|
|win|Nazi that coming
|raw|Ladder updating...
|leave|Bellicose
|player|p2
|leave|Biz
|raw|Ladder (probably) updated, but score could not be retrieved (timeout).
|raw|Ladder (probably) updated, but score could not be retrieved (Error: socket hang up).