|join|MoB Barley
|join|bellicose
|player|p1|MoB Barley|161
|player|p2|bellicose|#cpgtan
|gametype|singles
|gen|6
|tier|OU
|clearpoke
|poke|p1|Bisharp, M, shiny
|poke|p1|Diancie, shiny
|poke|p1|Slowbro, M, shiny
|poke|p1|Conkeldurr, M, shiny
|poke|p1|Latios, M
|poke|p1|Ferrothorn, M, shiny
|poke|p2|Feraligatr, M
|poke|p2|Mesprit
|poke|p2|Bouffalant, F
|poke|p2|Roselia, M
|poke|p2|Pangoro, M
|poke|p2|Steelix, M
|rule|Swagger Clause: Swagger is banned
|rule|Baton Pass Clause: Limit one PokÃ©mon knowing Baton Pass
|rule|Sleep Clause Mod: Limit one foe put to sleep
|rule|Species Clause: Limit one of each PokÃ©mon
|rule|OHKO Clause: OHKO moves are banned
|rule|Moody Clause: Moody is banned
|rule|Evasion Moves Clause: Evasion moves are banned
|rule|Endless Battle Clause: Forcing endless battles is banned
|rule|HP Percentage Mod: HP is shown in percentages
|teampreview
|join|Fedayi
|join|I ABR I
|c|âMoB Barley|noice
|c|âMoB Barley|pangoros dope
|join|RedKingAlmighty
|c| I ABR I|bellicose gimme ur avatar
|join|ulcer
|c| I ABR I|pls
|c| RedKingAlmighty|where is everybody getting that avatar???
|join|BIG SCHLONG MCDONG
|c| RedKingAlmighty|Mush had it
|c| RedKingAlmighty|some other guy had it
|c| RedKingAlmighty|and this person has it
|c|âbellicose|Well get epic
|c|âbellicose|and youll get it
|leave|I ABR I
|
|start
|switch|p1a: Diancie|Diancie, shiny|241\/241
|switch|p2a: Roselia|Roselia, M|304\/304
|turn|1
|c| RedKingAlmighty|.cri
|c| ulcer|beating a ou team with a nu team eh
|c| RedKingAlmighty|im not epic enuh
|c| ulcer|i remember those times!
|
|switch|p1a: Latios|Latios, M|301\/301
|switch|p2a: Steelix|Steelix, M|354\/354
|
|turn|2
|join|Ill leave
|
|switch|p1a: Slowbro|Slowbro, M, shiny|394\/394
|detailschange|p2a: Steelix|Steelix-Mega, M
|message|Steelix has Mega Evolved into Mega Steelix!
|move|p2a: Steelix|Stealth Rock|p1a: Slowbro
|-sidestart|p1: MoB Barley|move: Stealth Rock
|
|turn|3
|c| RedKingAlmighty|MoB what set\/evs should i run on stall chesnaught?
|
|switch|p2a: Roselia|Roselia, M|304\/304
|move|p1a: Slowbro|Psyshock|p2a: Roselia
|-supereffective|p2a: Roselia
|-damage|p2a: Roselia|164\/304
|
|turn|4
|c| ulcer|tanked w\/ ease
|
|switch|p1a: Ferrothorn|Ferrothorn, M, shiny|352\/352
|-damage|p1a: Ferrothorn|330\/352|[from] Stealth Rock
|move|p2a: Roselia|Toxic|p1a: Ferrothorn
|-fail|p1a: Ferrothorn
|
|-heal|p1a: Ferrothorn|352\/352|[from] item: Leftovers
|turn|5
|c| ulcer|now ``hp fire``
|c|âMoB Barley|depends like, i prefer
|c|âMoB Barley|96 sp def
|c|âMoB Barley|252 hp
|c|âMoB Barley|rest def
|c|âMoB Barley|but u can max out if u want
|c| RedKingAlmighty|thanks
|
|move|p2a: Roselia|Synthesis|p2a: Roselia
|-heal|p2a: Roselia|304\/304
|move|p1a: Ferrothorn|Stealth Rock|p2a: Roselia
|-sidestart|p2: bellicose|move: Stealth Rock
|
|turn|6
|
|move|p2a: Roselia|Spikes|p1a: Ferrothorn
|-sidestart|p1: MoB Barley|Spikes
|move|p1a: Ferrothorn|Gyro Ball|p2a: Roselia
|-damage|p2a: Roselia|222\/304
|
|turn|7
|c| RedKingAlmighty|whats the spdef for out of curiosity?
|
|switch|p1a: Latios|Latios, M|301\/301
|-damage|p1a: Latios|264\/301|[from] Stealth Rock
|move|p2a: Roselia|Toxic|p1a: Latios
|-status|p1a: Latios|tox
|
|-damage|p1a: Latios|246\/301 tox|[from] psn
|turn|8
|
|switch|p2a: Steelix|Steelix-Mega, M|354\/354
|-damage|p2a: Steelix|343\/354|[from] Stealth Rock
|move|p1a: Latios|Defog|p2a: Steelix
|-unboost|p2a: Steelix|evasion|1
|-sideend|p2: bellicose|Stealth Rock|[from] move: Defog|[of] p2a: Steelix
|-sideend|p1: MoB Barley|Spikes|[from] move: Defog|[of] p1a: Latios
|-sideend|p1: MoB Barley|Stealth Rock|[from] move: Defog|[of] p1a: Latios
|
|-damage|p1a: Latios|210\/301 tox|[from] psn
|turn|9
|c| ulcer|see if you had stun spore or sleep powder i might give you some credit
|
|switch|p1a: Conkeldurr|Conkeldurr, M, shiny|361\/361
|move|p2a: Steelix|Rock Slide|p1a: Conkeldurr
|-resisted|p1a: Conkeldurr
|-damage|p1a: Conkeldurr|317\/361
|
|turn|10
|
|switch|p2a: Roselia|Roselia, M|222\/304
|move|p1a: Conkeldurr|Drain Punch|p2a: Roselia
|-resisted|p2a: Roselia
|-damage|p2a: Roselia|162\/304
|-heal|p1a: Conkeldurr|347\/361|[from] drain|[of] p2a: Roselia
|
|turn|11
|
|move|p2a: Roselia|Spikes|p1a: Conkeldurr
|-sidestart|p1: MoB Barley|Spikes
|move|p1a: Conkeldurr|Knock Off|p2a: Roselia
|-damage|p2a: Roselia|53\/304
|-enditem|p2a: Roselia|Eviolite|[from] move: Knock Off|[of] p1a: Conkeldurr
|
|turn|12
|
|move|p2a: Roselia|Synthesis|p2a: Roselia
|-heal|p2a: Roselia|205\/304
|move|p1a: Conkeldurr|Drain Punch|p2a: Roselia
|-crit|p2a: Roselia
|-resisted|p2a: Roselia
|-damage|p2a: Roselia|63\/304
|-heal|p1a: Conkeldurr|361\/361|[from] drain|[of] p2a: Roselia
|
|turn|13
|
|move|p2a: Roselia|Synthesis|p2a: Roselia
|-heal|p2a: Roselia|215\/304
|move|p1a: Conkeldurr|Ice Punch|p2a: Roselia
|-supereffective|p2a: Roselia
|-damage|p2a: Roselia|0 fnt
|faint|p2a: Roselia
|
|join|fuccboi 2
|
|switch|p2a: Mesprit|Mesprit|301\/301
|turn|14
|
|switch|p1a: Latios|Latios, M|210\/301 tox
|move|p2a: Mesprit|Future Sight|p1a: Latios
|-start|p2a: Mesprit|move: Future Sight
|
|-damage|p1a: Latios|192\/301 tox|[from] psn
|turn|15
|c| RedKingAlmighty|._.
|
|move|p1a: Latios|Defog|p2a: Mesprit
|-unboost|p2a: Mesprit|evasion|1
|-sideend|p1: MoB Barley|Spikes|[from] move: Defog|[of] p1a: Latios
|move|p2a: Mesprit|U-turn|p1a: Latios
|-supereffective|p1a: Latios
|-damage|p1a: Latios|60\/301 tox
|
|switch|p2a: Bouffalant|Bouffalant, F|394\/394
|
|-damage|p1a: Latios|24\/301 tox|[from] psn
|turn|16
|
|switch|p1a: Slowbro|Slowbro, M, shiny|394\/394
|move|p2a: Bouffalant|Substitute|p2a: Bouffalant
|-start|p2a: Bouffalant|Substitute
|-damage|p2a: Bouffalant|296\/394
|
|-end|p1a: Slowbro|move: Future Sight
|-resisted|p1a: Slowbro
|-damage|p1a: Slowbro|255\/394
|-heal|p2a: Bouffalant|320\/394|[from] item: Leftovers
|-heal|p1a: Slowbro|279\/394|[from] item: Leftovers
|turn|17
|
|move|p2a: Bouffalant|Swords Dance|p2a: Bouffalant
|-boost|p2a: Bouffalant|atk|2
|move|p1a: Slowbro|Scald|p2a: Bouffalant
|-end|p2a: Bouffalant|Substitute
|
|-heal|p2a: Bouffalant|344\/394|[from] item: Leftovers
|-heal|p1a: Slowbro|303\/394|[from] item: Leftovers
|turn|18
|c|âMoB Barley|I've used this set before
|c|âMoB Barley|so good
|
|move|p2a: Bouffalant|Substitute|p2a: Bouffalant
|-start|p2a: Bouffalant|Substitute
|-damage|p2a: Bouffalant|246\/394
|move|p1a: Slowbro|Thunder Wave|p2a: Bouffalant
|
|-heal|p2a: Bouffalant|270\/394|[from] item: Leftovers
|-heal|p1a: Slowbro|327\/394|[from] item: Leftovers
|turn|19
|
|move|p2a: Bouffalant|Return|p1a: Slowbro
|-damage|p1a: Slowbro|102\/394
|move|p1a: Slowbro|Scald|p2a: Bouffalant
|-activate|p2a: Bouffalant|Substitute|[damage]
|
|-heal|p2a: Bouffalant|294\/394|[from] item: Leftovers
|-heal|p1a: Slowbro|126\/394|[from] item: Leftovers
|turn|20
|c| Ill leave|0_o
|
|switch|p1a: Ferrothorn|Ferrothorn, M, shiny|352\/352
|move|p2a: Bouffalant|Swords Dance|p2a: Bouffalant
|-boost|p2a: Bouffalant|atk|2
|
|-heal|p2a: Bouffalant|318\/394|[from] item: Leftovers
|turn|21
|
|move|p2a: Bouffalant|Earthquake|p1a: Ferrothorn
|-damage|p1a: Ferrothorn|133\/352
|move|p1a: Ferrothorn|Gyro Ball|p2a: Bouffalant
|-end|p2a: Bouffalant|Substitute
|
|-heal|p2a: Bouffalant|342\/394|[from] item: Leftovers
|-heal|p1a: Ferrothorn|155\/352|[from] item: Leftovers
|turn|22
|
|move|p2a: Bouffalant|Substitute|p2a: Bouffalant
|-start|p2a: Bouffalant|Substitute
|-damage|p2a: Bouffalant|244\/394
|move|p1a: Ferrothorn|Gyro Ball|p2a: Bouffalant
|-end|p2a: Bouffalant|Substitute
|
|-heal|p2a: Bouffalant|268\/394|[from] item: Leftovers
|-heal|p1a: Ferrothorn|177\/352|[from] item: Leftovers
|turn|23
|
|move|p2a: Bouffalant|Earthquake|p1a: Ferrothorn
|-damage|p1a: Ferrothorn|0 fnt
|faint|p1a: Ferrothorn
|
|-heal|p2a: Bouffalant|292\/394|[from] item: Leftovers
|
|switch|p1a: Latios|Latios, M|24\/301 tox
|turn|24
|
|switch|p2a: Steelix|Steelix-Mega, M|343\/354
|move|p1a: Latios|Draco Meteor|p2a: Steelix|[miss]
|-miss|p1a: Latios|p2a: Steelix
|
|-damage|p1a: Latios|6\/301 tox|[from] psn
|turn|25
|
|move|p1a: Latios|Roost|p1a: Latios
|-heal|p1a: Latios|157\/301 tox
|move|p2a: Steelix|Stealth Rock|p1a: Latios
|-sidestart|p1: MoB Barley|move: Stealth Rock
|
|-damage|p1a: Latios|121\/301 tox|[from] psn
|turn|26
|
|switch|p1a: Slowbro|Slowbro, M, shiny|257\/394
|-damage|p1a: Slowbro|208\/394|[from] Stealth Rock
|move|p2a: Steelix|Stealth Rock|p1a: Slowbro
|-fail|p1a: Slowbro
|
|-heal|p1a: Slowbro|232\/394|[from] item: Leftovers
|turn|27
|
|switch|p2a: Mesprit|Mesprit|301\/301
|move|p1a: Slowbro|Slack Off|p1a: Slowbro
|-heal|p1a: Slowbro|394\/394
|
|turn|28
|
|move|p2a: Mesprit|Future Sight|p1a: Slowbro
|-start|p2a: Mesprit|move: Future Sight
|move|p1a: Slowbro|Thunder Wave|p2a: Mesprit
|-status|p2a: Mesprit|par
|
|turn|29
|
|move|p1a: Slowbro|Scald|p2a: Mesprit
|-damage|p2a: Mesprit|202\/301 par
|cant|p2a: Mesprit|par
|
|turn|30
|
|move|p1a: Slowbro|Scald|p2a: Mesprit
|-damage|p2a: Mesprit|112\/301 par
|cant|p2a: Mesprit|par
|
|-end|p1a: Slowbro|move: Future Sight
|-resisted|p1a: Slowbro
|-damage|p1a: Slowbro|244\/394
|-heal|p1a: Slowbro|268\/394|[from] item: Leftovers
|turn|31
|c|âbellicose|Can you fuck off
|
|switch|p1a: Bisharp|Bisharp, M, shiny|271\/271
|-damage|p1a: Bisharp|255\/271|[from] Stealth Rock
|move|p2a: Mesprit|Future Sight|p1a: Bisharp
|-start|p2a: Mesprit|move: Future Sight
|
|turn|32
|
|switch|p2a: Steelix|Steelix-Mega, M|343\/354
|move|p1a: Bisharp|Knock Off|p2a: Steelix
|-damage|p2a: Steelix|272\/354
|-damage|p1a: Bisharp|228\/271|[from] item: Life Orb
|
|turn|33
|
|switch|p1a: Slowbro|Slowbro, M, shiny|394\/394
|-damage|p1a: Slowbro|345\/394|[from] Stealth Rock
|move|p2a: Steelix|Earthquake|p1a: Slowbro
|-damage|p1a: Slowbro|231\/394
|
|-end|p1a: Slowbro|move: Future Sight
|-resisted|p1a: Slowbro
|-damage|p1a: Slowbro|98\/394
|-heal|p1a: Slowbro|122\/394|[from] item: Leftovers
|turn|34
|
|move|p2a: Steelix|Earthquake|p1a: Slowbro
|-damage|p1a: Slowbro|14\/394
|move|p1a: Slowbro|Slack Off|p1a: Slowbro
|-heal|p1a: Slowbro|211\/394
|
|-heal|p1a: Slowbro|235\/394|[from] item: Leftovers
|turn|35
|
|switch|p2a: Pangoro|Pangoro, M|394\/394
|move|p1a: Slowbro|Slack Off|p1a: Slowbro
|-heal|p1a: Slowbro|394\/394
|
|turn|36
|
|move|p2a: Pangoro|Knock Off|p1a: Slowbro
|-crit|p1a: Slowbro
|-supereffective|p1a: Slowbro
|-damage|p1a: Slowbro|0 fnt
|-enditem|p1a: Slowbro|Leftovers|[from] move: Knock Off|[of] p2a: Pangoro
|faint|p1a: Slowbro
|
|c| ulcer|rekt
|join|Dokkerich
|c| ulcer|hard
|
|switch|p1a: Conkeldurr|Conkeldurr, M, shiny|361\/361
|-damage|p1a: Conkeldurr|339\/361|[from] Stealth Rock
|turn|37
|c|âbellicose|Im banded
|c| ulcer|ik
|c|âbellicose|Idk if it mattered
|c|âbellicose|probably did
|c| ulcer|probably
|c|âMoB Barley|idc
|c| Ill leave|stilll a slowbro
|
|switch|p2a: Mesprit|Mesprit|112\/301 par
|move|p1a: Conkeldurr|Drain Punch|p2a: Mesprit
|-resisted|p2a: Mesprit
|-damage|p2a: Mesprit|43\/301 par
|-heal|p1a: Conkeldurr|361\/361|[from] drain|[of] p2a: Mesprit
|
|turn|38
|
|move|p1a: Conkeldurr|Knock Off|p2a: Mesprit
|-supereffective|p2a: Mesprit
|-damage|p2a: Mesprit|0 fnt
|-enditem|p2a: Mesprit|Mind Plate|[from] move: Knock Off|[of] p1a: Conkeldurr
|faint|p2a: Mesprit
|
|
|switch|p2a: Feraligatr|Feraligatr, M|347\/347
|turn|39
|c| Ill leave|i dont think it did though
|c| Ill leave|tbh
|c|âMoB Barley|at 100
|c| Ill leave|think about lo bish
|
|switch|p2a: Steelix|Steelix-Mega, M|272\/354
|move|p1a: Conkeldurr|Drain Punch|p2a: Steelix
|-supereffective|p2a: Steelix
|-damage|p2a: Steelix|116\/354
|
|turn|40
|c| Ill leave|its more power than that
|c| Ill leave|by decent amount
|c| Ill leave|ill calc
|join|Henry
|c|âMoB Barley|252+ Atk Choice Band Pangoro Knock Off (97.5 BP) vs. 252 HP \/ 252+ Def Slowbro: 338-402 (85.7 - 102%) -- 12.5% chance to OHKO
|c|âbellicose|Lets go with 12%
|c| Ill leave|252+ Atk Choice Band Pangoro Knock Off (97.5 BP) vs. 252 HP \/ 252+ Def Slowbro: 338-402 (85.7 - 102%) -- 12.5% chance to OHKO
|
|switch|p1a: Bisharp|Bisharp, M, shiny|228\/271
|-damage|p1a: Bisharp|212\/271|[from] Stealth Rock
|move|p2a: Steelix|Iron Head|p1a: Bisharp
|-resisted|p1a: Bisharp
|-damage|p1a: Bisharp|146\/271
|
|turn|41
|c| Ill leave|oh
|c| Ill leave|lol
|
|move|p1a: Bisharp|Swords Dance|p1a: Bisharp
|-boost|p1a: Bisharp|atk|2
|move|p2a: Steelix|Earthquake|p1a: Bisharp
|-supereffective|p1a: Bisharp
|-damage|p1a: Bisharp|0 fnt
|faint|p1a: Bisharp
|
|
|switch|p1a: Diancie|Diancie, shiny|241\/241
|-damage|p1a: Diancie|211\/241|[from] Stealth Rock
|turn|42
|
|detailschange|p1a: Diancie|Diancie-Mega, shiny
|message|Diancie has Mega Evolved into Mega Diancie!
|move|p1a: Diancie|Earth Power|p2a: Steelix
|-supereffective|p2a: Steelix
|-damage|p2a: Steelix|0 fnt
|faint|p2a: Steelix
|
|join|Liem A
|
|switch|p2a: Bouffalant|Bouffalant, F|292\/394
|turn|43
|
|switch|p1a: Latios|Latios, M|121\/301 tox
|-damage|p1a: Latios|84\/301 tox|[from] Stealth Rock
|move|p2a: Bouffalant|Substitute|p2a: Bouffalant
|-start|p2a: Bouffalant|Substitute
|-damage|p2a: Bouffalant|194\/394
|
|-heal|p2a: Bouffalant|218\/394|[from] item: Leftovers
|-damage|p1a: Latios|66\/301 tox|[from] psn
|turn|44
|join|etaoi
|
|move|p1a: Latios|Psyshock|p2a: Bouffalant
|-end|p2a: Bouffalant|Substitute
|-damage|p1a: Latios|36\/301 tox|[from] item: Life Orb
|move|p2a: Bouffalant|Return|p1a: Latios
|-damage|p1a: Latios|0 fnt
|faint|p1a: Latios
|
|-heal|p2a: Bouffalant|242\/394|[from] item: Leftovers
|
|switch|p1a: Conkeldurr|Conkeldurr, M, shiny|361\/361
|-damage|p1a: Conkeldurr|339\/361|[from] Stealth Rock
|turn|45
|
|move|p2a: Bouffalant|Substitute|p2a: Bouffalant
|-start|p2a: Bouffalant|Substitute
|-damage|p2a: Bouffalant|144\/394
|move|p1a: Conkeldurr|Drain Punch|p2a: Bouffalant
|-supereffective|p2a: Bouffalant
|-end|p2a: Bouffalant|Substitute
|-heal|p1a: Conkeldurr|361\/361|[from] drain|[of] p2a: Bouffalant
|
|-heal|p2a: Bouffalant|168\/394|[from] item: Leftovers
|turn|46
|
|move|p1a: Conkeldurr|Mach Punch|p2a: Bouffalant
|-supereffective|p2a: Bouffalant
|-damage|p2a: Bouffalant|4\/394
|move|p2a: Bouffalant|Return|p1a: Conkeldurr
|-damage|p1a: Conkeldurr|171\/361
|
|-heal|p2a: Bouffalant|28\/394|[from] item: Leftovers
|turn|47
|
|move|p1a: Conkeldurr|Mach Punch|p2a: Bouffalant
|-supereffective|p2a: Bouffalant
|-damage|p2a: Bouffalant|0 fnt
|faint|p2a: Bouffalant
|
|
|switch|p2a: Pangoro|Pangoro, M|394\/394
|turn|48
|
|move|p2a: Pangoro|Drain Punch|p1a: Conkeldurr
|-damage|p1a: Conkeldurr|0 fnt
|faint|p1a: Conkeldurr
|
|
|switch|p1a: Diancie|Diancie-Mega, shiny|211\/241
|-damage|p1a: Diancie|181\/241|[from] Stealth Rock
|turn|49
|
|move|p1a: Diancie|Moonblast|p2a: Pangoro
|-supereffective|p2a: Pangoro
|-damage|p2a: Pangoro|0 fnt
|faint|p2a: Pangoro
|
|
|switch|p2a: Feraligatr|Feraligatr, M|347\/347
|turn|50
|c| Henry|almost bellicoes
|
|move|p1a: Diancie|Moonblast|p2a: Feraligatr
|-damage|p2a: Feraligatr|109\/347
|move|p2a: Feraligatr|Waterfall|p1a: Diancie
|-supereffective|p1a: Diancie
|-damage|p1a: Diancie|0 fnt
|faint|p1a: Diancie
|
|win|bellicose
|c| Henry|almost
|c| Henry|oh shit nvm
|c| Henry|HAHAHAHAHAHAH
|c|âMoB Barley|he haxed bro so idc
|leave|Dokkerich
|leave|MoB Barley
|player|p1
|c| Ill leave|wow
|join|Ary
|join|Crestfall
|c| etaoi|yeah you noob mob never gets outplayed
|c| Ill leave|gg bellicose
|c| Ary|LMAO
|c| Ary|LMAO
|c| Ary|LMAO
|c| Ary|LMAO
|join|Gogoplata
|c|%Crestfall|BELLI
|c|%Crestfall|SO GOOD
|leave|Henry
|leave|Ill leave
|leave|Gogoplata
|leave|Liem A
|leave|etaoi
|leave|Fedayi
|leave|Ary