|join|bellicose
|join|Gaunab
|player|p1|bellicose|101
|player|p2|Gaunab|266
|gametype|singles
|gen|6
|tier|OU
|rated
|clearpoke
|poke|p1|Altaria, F
|poke|p1|Ferrothorn, F
|poke|p1|Landorus-Therian, M
|poke|p1|Raikou
|poke|p1|Keldeo
|poke|p1|Mew
|poke|p2|Landorus-Therian, M
|poke|p2|Chesnaught, F
|poke|p2|Heatran, F
|poke|p2|Mew
|poke|p2|Manectric, F
|poke|p2|Suicune
|rule|Swagger Clause: Swagger is banned
|rule|Baton Pass Clause: Limit one PokÃ©mon knowing Baton Pass
|rule|Sleep Clause Mod: Limit one foe put to sleep
|rule|Species Clause: Limit one of each PokÃ©mon
|rule|OHKO Clause: OHKO moves are banned
|rule|Moody Clause: Moody is banned
|rule|Evasion Moves Clause: Evasion moves are banned
|rule|Endless Battle Clause: Forcing endless battles is banned
|rule|HP Percentage Mod: HP is shown in percentages
|teampreview
|c|âbellicose|Nice fucking teamsteal
|join|Druides
|c|âGaunab|calm yo ass
|join|Updated Kanto
|c| Updated Kanto|>tfw bellicose faces his own team
|
|start
|switch|p1a: Keldeo|Keldeo|323\/323
|switch|p2a: Landorus-Therian|Landorus-Therian, M|324\/324
|-ability|p2a: Landorus-Therian|Intimidate|[of] p1a: Keldeo
|-unboost|p1a: Keldeo|atk|1
|turn|1
|c| Updated Kanto|how does it feel to be famous on le ladder????
|
|switch|p2a: Mew|Mew|404\/404
|move|p1a: Keldeo|Scald|p2a: Mew
|-damage|p2a: Mew|236\/404
|
|-heal|p2a: Mew|261\/404|[from] item: Leftovers
|turn|2
|join|kektus
|c| Druides|>
|c| kektus|mad
|
|switch|p2a: Suicune|Suicune|403\/403
|-ability|p2a: Suicune|Pressure
|move|p1a: Keldeo|Scald|p2a: Suicune
|-resisted|p2a: Suicune
|-damage|p2a: Suicune|304\/403
|-status|p2a: Suicune|brn
|
|-heal|p2a: Suicune|329\/403 brn|[from] item: Leftovers
|-damage|p2a: Suicune|279\/403 brn|[from] brn
|turn|3
|
|switch|p1a: Ferrothorn|Ferrothorn, F|352\/352
|switch|p2a: Manctric|Manectric, F|281\/281
|
|turn|4
|
|switch|p1a: Landorus-Therian|Landorus-Therian, M|320\/320
|-ability|p1a: Landorus-Therian|Intimidate|[of] p2a: Manctric
|-unboost|p2a: Manctric|atk|1
|detailschange|p2a: Manctric|Manectric-Mega, F
|-mega|p2a: Manctric|Manectric|Manectite
|-ability|p2a: Manctric|Intimidate|[of] p1a: Landorus-Therian
|-unboost|p1a: Landorus-Therian|atk|1
|move|p2a: Manctric|Overheat|p1a: Landorus-Therian
|-damage|p1a: Landorus-Therian|126\/320
|-unboost|p2a: Manctric|spa|2
|
|turn|5
|
|switch|p2a: Landorus-Therian|Landorus-Therian, M|324\/324
|-ability|p2a: Landorus-Therian|Intimidate|[of] p1a: Landorus-Therian
|-unboost|p1a: Landorus-Therian|atk|1
|move|p1a: Landorus-Therian|U-turn|p2a: Landorus-Therian
|-resisted|p2a: Landorus-Therian
|-damage|p2a: Landorus-Therian|301\/324
|
|switch|p1a: Ferrothorn|Ferrothorn, F|352\/352
|
|turn|6
|c|âbellicose|Mentum
|
|move|p2a: Landorus-Therian|U-turn|p1a: Ferrothorn
|-damage|p1a: Ferrothorn|294\/352
|-damage|p2a: Landorus-Therian|261\/324|[from] ability: Iron Barbs|[of] p1a: Ferrothorn
|
|switch|p2a: Chesnaught|Chesnaught, F|379\/379
|move|p1a: Ferrothorn|Stealth Rock|p2a: Chesnaught
|-sidestart|p2: Gaunab|move: Stealth Rock
|
|-heal|p1a: Ferrothorn|316\/352|[from] item: Leftovers
|turn|7
|c|âbellicose|Nice mentum
|
|switch|p1a: Altaria|Altaria, F|311\/311
|move|p2a: Chesnaught|Spikes|p1a: Altaria
|-sidestart|p1: bellicose|Spikes
|
|turn|8
|
|switch|p2a: Heatran|Heatran, F|386\/386
|-damage|p2a: Heatran|338\/386|[from] Stealth Rock
|detailschange|p1a: Altaria|Altaria-Mega, F
|-mega|p1a: Altaria|Altaria|Altarianite
|move|p1a: Altaria|Hyper Voice|p2a: Heatran
|-resisted|p2a: Heatran
|-damage|p2a: Heatran|307\/386
|
|-heal|p2a: Heatran|331\/386|[from] item: Leftovers
|turn|9
|leave|kektus
|
|move|p1a: Altaria|Earthquake|p2a: Heatran
|-supereffective|p2a: Heatran
|-damage|p2a: Heatran|7\/386
|move|p2a: Heatran|Stealth Rock|p1a: Altaria
|-sidestart|p1: bellicose|move: Stealth Rock
|
|-heal|p2a: Heatran|31\/386|[from] item: Leftovers
|turn|10
|c|âbellicose|El rolls
|
|move|p1a: Altaria|Earthquake|p2a: Heatran
|-supereffective|p2a: Heatran
|-damage|p2a: Heatran|0 fnt
|faint|p2a: Heatran
|
|
|switch|p2a: Mew|Mew|261\/404
|-damage|p2a: Mew|211\/404|[from] Stealth Rock
|turn|11
|
|switch|p1a: Keldeo|Keldeo|323\/323
|-damage|p1a: Keldeo|303\/323|[from] Stealth Rock
|-damage|p1a: Keldeo|263\/323|[from] Spikes
|move|p2a: Mew|Roost|p2a: Mew
|-heal|p2a: Mew|404\/404
|
|turn|12
|
|move|p1a: Keldeo|Hydro Pump|p2a: Mew
|-damage|p2a: Mew|185\/404
|move|p2a: Mew|Will-O-Wisp|p1a: Keldeo
|-status|p1a: Keldeo|brn
|
|-heal|p2a: Mew|210\/404|[from] item: Leftovers
|-damage|p1a: Keldeo|223\/323 brn|[from] brn
|turn|13
|
|switch|p2a: Suicune|Suicune|279\/403 brn
|-damage|p2a: Suicune|229\/403 brn|[from] Stealth Rock
|-ability|p2a: Suicune|Pressure
|move|p1a: Keldeo|Hydro Pump|p2a: Suicune
|-resisted|p2a: Suicune
|-damage|p2a: Suicune|110\/403 brn
|
|-heal|p2a: Suicune|135\/403 brn|[from] item: Leftovers
|-damage|p1a: Keldeo|183\/323 brn|[from] brn
|-damage|p2a: Suicune|85\/403 brn|[from] brn
|turn|14
|
|move|p1a: Keldeo|Hydro Pump|p2a: Suicune
|-resisted|p2a: Suicune
|-damage|p2a: Suicune|0 fnt
|faint|p2a: Suicune
|
|-damage|p1a: Keldeo|143\/323 brn|[from] brn
|join|Reud
|
|switch|p2a: Chesnaught|Chesnaught, F|379\/379
|-damage|p2a: Chesnaught|356\/379|[from] Stealth Rock
|turn|15
|
|switch|p1a: Altaria|Altaria-Mega, F|311\/311
|-damage|p1a: Altaria|273\/311|[from] Spikes
|-damage|p1a: Altaria|235\/311|[from] Stealth Rock
|move|p2a: Chesnaught|Leech Seed|p1a: Altaria
|-start|p1a: Altaria|move: Leech Seed
|
|-heal|p2a: Chesnaught|379\/379|[from] item: Leftovers
|-damage|p1a: Altaria|197\/311|[from] Leech Seed|[of] p2a: Chesnaught
|turn|16
|
|switch|p2a: Mew|Mew|210\/404
|-damage|p2a: Mew|160\/404|[from] Stealth Rock
|move|p1a: Altaria|Hyper Voice|p2a: Mew
|-damage|p2a: Mew|33\/404
|
|-heal|p2a: Mew|58\/404|[from] item: Leftovers
|-damage|p1a: Altaria|159\/311|[from] Leech Seed|[of] p2a: Mew
|-heal|p2a: Mew|96\/404|[silent]
|turn|17
|
|move|p1a: Altaria|Hyper Voice|p2a: Mew
|-damage|p2a: Mew|0 fnt
|faint|p2a: Mew
|
|
|switch|p2a: Manctric|Manectric-Mega, F|281\/281
|-damage|p2a: Manctric|246\/281|[from] Stealth Rock
|-ability|p2a: Manctric|Intimidate|[of] p1a: Altaria
|-unboost|p1a: Altaria|atk|1
|turn|18
|
|switch|p1a: Mew|Mew|404\/404
|-damage|p1a: Mew|354\/404|[from] Stealth Rock
|-damage|p1a: Mew|304\/404|[from] Spikes
|move|p2a: Manctric|Hidden Power|p1a: Mew
|-damage|p1a: Mew|240\/404
|
|-heal|p1a: Mew|265\/404|[from] item: Leftovers
|turn|19
|
|move|p2a: Manctric|Thunderbolt|p1a: Mew
|-damage|p1a: Mew|126\/404
|move|p1a: Mew|Will-O-Wisp|p2a: Manctric
|-status|p2a: Manctric|brn
|
|-heal|p1a: Mew|151\/404|[from] item: Leftovers
|-damage|p2a: Manctric|211\/281 brn|[from] brn
|turn|20
|
|move|p2a: Manctric|Hidden Power|p1a: Mew
|-damage|p1a: Mew|95\/404
|move|p1a: Mew|Roost|p1a: Mew
|-heal|p1a: Mew|297\/404
|
|-heal|p1a: Mew|322\/404|[from] item: Leftovers
|-damage|p2a: Manctric|176\/281 brn|[from] brn
|turn|21
|-message|Gaunab forfeited.
|leave|Gaunab
|
|win|bellicose
|raw|Ladder updating...