|join|bellicose
|join|Dragolight
|player|p1|bellicose|102
|player|p2|Dragolight|163
|gametype|singles
|gen|6
|tier|OU
|rated
|clearpoke
|poke|p1|Azelf
|poke|p1|Landorus-Therian, M
|poke|p1|Ferrothorn, F
|poke|p1|Keldeo
|poke|p1|Sableye, M
|poke|p1|Heatran, M
|poke|p2|Lopunny, F, shiny
|poke|p2|Gengar, F
|poke|p2|Latios, M
|poke|p2|Thundurus, M
|poke|p2|Conkeldurr, F
|poke|p2|Mamoswine, M
|rule|Swagger Clause: Swagger is banned
|rule|Baton Pass Clause: Limit one PokÃ©mon knowing Baton Pass
|rule|Sleep Clause Mod: Limit one foe put to sleep
|rule|Species Clause: Limit one of each PokÃ©mon
|rule|OHKO Clause: OHKO moves are banned
|rule|Moody Clause: Moody is banned
|rule|Evasion Moves Clause: Evasion moves are banned
|rule|Endless Battle Clause: Forcing endless battles is banned
|rule|HP Percentage Mod: HP is shown in percentages
|teampreview
|join|Alt0927
|join|mouse de frank
|join|Updated Kanto
|join|crappy gxe
|
|start
|switch|p1a: Keldeo|Keldeo|323\/323
|switch|p2a: Mamoswine|Mamoswine, M|361\/361
|turn|1
|
|move|p1a: Keldeo|Scald|p2a: Mamoswine
|-supereffective|p2a: Mamoswine
|-enditem|p2a: Mamoswine|Focus Sash
|-damage|p2a: Mamoswine|1\/361
|move|p2a: Mamoswine|Stealth Rock|p1a: Keldeo
|-sidestart|p1: bellicose|move: Stealth Rock
|
|turn|2
|
|switch|p2a: Conkeldurr|Conkeldurr, F|413\/413
|move|p1a: Keldeo|Scald|p2a: Conkeldurr
|-damage|p2a: Conkeldurr|197\/413
|
|turn|3
|
|move|p1a: Keldeo|Scald|p2a: Conkeldurr
|-damage|p2a: Conkeldurr|0 fnt
|faint|p2a: Conkeldurr
|
|c| mouse de frank|good switch!
|c|âbellicose|El sack
|c|âDragolight|not again fags
|c| mouse de frank|?
|
|switch|p2a: Thundurus|Thundurus, M|299\/299
|turn|4
|
|switch|p1a: Ferrothorn|Ferrothorn, F|352\/352
|-damage|p1a: Ferrothorn|330\/352|[from] Stealth Rock
|move|p2a: Thundurus|Knock Off|p1a: Ferrothorn
|-damage|p1a: Ferrothorn|263\/352
|-damage|p2a: Thundurus|262\/299|[from] ability: Iron Barbs|[of] p1a: Ferrothorn
|-enditem|p1a: Ferrothorn|Leftovers|[from] move: Knock Off|[of] p2a: Thundurus
|
|-heal|p2a: Thundurus|280\/299|[from] item: Leftovers
|turn|5
|
|move|p2a: Thundurus|Superpower|p1a: Ferrothorn
|-supereffective|p1a: Ferrothorn
|-damage|p1a: Ferrothorn|75\/352
|-damage|p2a: Thundurus|243\/299|[from] ability: Iron Barbs|[of] p1a: Ferrothorn
|-unboost|p2a: Thundurus|atk|1
|-unboost|p2a: Thundurus|def|1
|move|p1a: Ferrothorn|Stealth Rock|p2a: Thundurus
|-sidestart|p2: Dragolight|move: Stealth Rock
|
|-heal|p2a: Thundurus|261\/299|[from] item: Leftovers
|turn|6
|
|switch|p1a: Landorus-Therian|Landorus-Therian, M|319\/319
|-damage|p1a: Landorus-Therian|280\/319|[from] Stealth Rock
|-ability|p1a: Landorus-Therian|Intimidate|[of] p2a: Thundurus
|-unboost|p2a: Thundurus|atk|1
|move|p2a: Thundurus|Knock Off|p1a: Landorus-Therian
|-damage|p1a: Landorus-Therian|223\/319
|-enditem|p1a: Landorus-Therian|Choice Scarf|[from] move: Knock Off|[of] p2a: Thundurus
|
|-heal|p2a: Thundurus|279\/299|[from] item: Leftovers
|turn|7
|
|move|p2a: Thundurus|Knock Off|p1a: Landorus-Therian
|-damage|p1a: Landorus-Therian|186\/319
|move|p1a: Landorus-Therian|Knock Off|p2a: Thundurus
|-crit|p2a: Thundurus
|-damage|p2a: Thundurus|0 fnt
|-enditem|p2a: Thundurus|Leftovers|[from] move: Knock Off|[of] p1a: Landorus-Therian
|faint|p2a: Thundurus
|
|c|âDragolight|fucking cancel button
|
|switch|p2a: Latios|Latios, M|301\/301
|-damage|p2a: Latios|264\/301|[from] Stealth Rock
|turn|8
|
|move|p2a: Latios|Ice Beam|p1a: Landorus-Therian
|-supereffective|p1a: Landorus-Therian
|-damage|p1a: Landorus-Therian|0 fnt
|-damage|p2a: Latios|234\/301|[from] item: Life Orb
|faint|p1a: Landorus-Therian
|
|
|switch|p1a: Azelf|Azelf|291\/291
|-damage|p1a: Azelf|255\/291|[from] Stealth Rock
|turn|9
|
|switch|p2a: Gengar|Gengar, F|261\/261
|-damage|p2a: Gengar|229\/261|[from] Stealth Rock
|move|p1a: Azelf|Knock Off|p2a: Gengar
|-supereffective|p2a: Gengar
|-damage|p2a: Gengar|0 fnt
|-enditem|p2a: Gengar|Life Orb|[from] move: Knock Off|[of] p1a: Azelf
|faint|p2a: Gengar
|
|c|âDragolight|damn
|c|âDragolight|really expected explosion
|
|switch|p2a: Lopunny|Lopunny, F, shiny|271\/271
|-damage|p2a: Lopunny|238\/271|[from] Stealth Rock
|turn|10
|
|switch|p1a: Ferrothorn|Ferrothorn, F|75\/352
|-damage|p1a: Ferrothorn|53\/352|[from] Stealth Rock
|detailschange|p2a: Lopunny|Lopunny-Mega, F, shiny
|-mega|p2a: Lopunny|Lopunny|Lopunnite
|move|p2a: Lopunny|High Jump Kick|p1a: Ferrothorn
|-supereffective|p1a: Ferrothorn
|-damage|p1a: Ferrothorn|0 fnt
|-damage|p2a: Lopunny|205\/271|[from] ability: Iron Barbs|[of] p1a: Ferrothorn
|faint|p1a: Ferrothorn
|
|
|switch|p1a: Keldeo|Keldeo|323\/323
|-damage|p1a: Keldeo|303\/323|[from] Stealth Rock
|turn|11
|
|switch|p2a: Latios|Latios, M|234\/301
|-damage|p2a: Latios|197\/301|[from] Stealth Rock
|move|p1a: Keldeo|Scald|p2a: Latios
|-resisted|p2a: Latios
|-damage|p2a: Latios|96\/301
|
|turn|12
|
|switch|p1a: Sableye|Sableye, M|303\/303
|-damage|p1a: Sableye|266\/303|[from] Stealth Rock
|move|p2a: Latios|Thunderbolt|p1a: Sableye
|-damage|p1a: Sableye|80\/303
|-damage|p2a: Latios|66\/301|[from] item: Life Orb
|
|turn|13
|
|detailschange|p1a: Sableye|Sableye-Mega, M
|-mega|p1a: Sableye|Sableye|Sablenite
|move|p1a: Sableye|Recover|p1a: Sableye
|-heal|p1a: Sableye|232\/303
|move|p2a: Latios|Thunderbolt|p1a: Sableye
|-damage|p1a: Sableye|116\/303
|-damage|p2a: Latios|36\/301|[from] item: Life Orb
|
|turn|14
|
|move|p2a: Latios|Thunderbolt|p1a: Sableye
|-crit|p1a: Sableye
|-damage|p1a: Sableye|0 fnt
|-damage|p2a: Latios|6\/301|[from] item: Life Orb
|faint|p1a: Sableye
|
|c| Updated Kanto|belli
|c|âDragolight|did that matter?
|c| Updated Kanto|us so fucking bad
|
|switch|p1a: Azelf|Azelf|255\/291
|-damage|p1a: Azelf|219\/291|[from] Stealth Rock
|turn|15
|c| Alt0927|i agree
|
|move|p1a: Azelf|Knock Off|p2a: Latios
|-supereffective|p2a: Latios
|-damage|p2a: Latios|0 fnt
|-enditem|p2a: Latios|Life Orb|[from] move: Knock Off|[of] p1a: Azelf
|faint|p2a: Latios
|
|c| Updated Kanto|why did you mega
|c| Updated Kanto|sableye
|c| Updated Kanto|now you lose
|c|âbellicose|How
|c| Updated Kanto|unless
|c|âbellicose|youre retardd lmoa!!!
|c| Updated Kanto|u r
|
|switch|p2a: Lopunny|Lopunny-Mega, F, shiny|205\/271
|-damage|p2a: Lopunny|189\/271|[from] Stealth Rock
|turn|16
|c| Updated Kanto|scarf
|c| Updated Kanto|keldeo
|c|âDragolight|I think its specs
|c|âDragolight|that damage did way too much to my AV conk
|c|âbellicose|Tran tanks returns
|c|âbellicose|all day
|
|move|p2a: Lopunny|Fake Out|p1a: Azelf
|-damage|p1a: Azelf|90\/291
|cant|p1a: Azelf|flinch
|
|turn|17
|c| Updated Kanto|but not hjks
|
|move|p2a: Lopunny|Return|p1a: Azelf
|-damage|p1a: Azelf|0 fnt
|faint|p1a: Azelf
|
|c| Updated Kanto|noob
|
|switch|p1a: Keldeo|Keldeo|303\/323
|-damage|p1a: Keldeo|283\/323|[from] Stealth Rock
|turn|18
|c|âbellicose|Kid!
|join|Clefairy
|c| Updated Kanto|hjk kills this
|c| Updated Kanto|oml
|c| Updated Kanto|if he misses
|c| Updated Kanto|ur so fucking terrible
|
|move|p2a: Lopunny|High Jump Kick|p1a: Keldeo
|-damage|p1a: Keldeo|0 fnt
|faint|p1a: Keldeo
|
|
|switch|p1a: Heatran|Heatran, M|386\/386
|-damage|p1a: Heatran|338\/386|[from] Stealth Rock
|turn|19
|c|âDragolight|now, ima do something for the lolz xP
|c|+Clefairy|no one has ever done that
|c| Updated Kanto|why did u sack sableye
|c| Updated Kanto|over
|c| Updated Kanto|latias
|
|move|p2a: Lopunny|Healing Wish|p2a: Lopunny
|faint|p2a: Lopunny
|move|p1a: Heatran|Lava Plume|p2: Lopunny|[notarget]
|-notarget
|
|-heal|p1a: Heatran|362\/386|[from] item: Leftovers
|c| Updated Kanto|hetra
|c| Updated Kanto|heatran i mean
|
|switch|p2a: Mamoswine|Mamoswine, M|1\/361
|-heal|p2a: Mamoswine|361\/361|[from] move: Healing Wish
|-damage|p2a: Mamoswine|316\/361|[from] Stealth Rock
|turn|20
|leave|mouse de frank
|c|âDragolight|in case of protect tran xP
|
|move|p1a: Heatran|Lava Plume|p2a: Mamoswine
|-supereffective|p2a: Mamoswine
|-damage|p2a: Mamoswine|0 fnt
|faint|p2a: Mamoswine
|
|win|bellicose
|raw|Ladder updating...
|raw|bellicose's rating: 1543 &rarr; <strong>1560<\/strong><br \/>(+17 for winning)
|raw|Dragolight's rating: 1485 &rarr; <strong>1468<\/strong><br \/>(-17 for losing)
|c|âDragolight|nooooo
|c| Updated Kanto|LOL
|c|âDragolight|T___T
|c|âbellicose|hahah loz
|c|âDragolight|wtf
|c|âbellicose|lolz xD
|c|âDragolight|was that scarfed? xD
|c| Updated Kanto|U LOST
|c| Updated Kanto|BECAUSE
|c|âbellicose|lolz xP
|c| Updated Kanto|OF
|c| Updated Kanto|HEALING
|c| Updated Kanto|WISH
|c| Updated Kanto|K
|c|+Clefairy|why
|c| Updated Kanto|e
|c| Updated Kanto|k
|c|âbellicose|lolz xP!
|leave|Alt0927
|c|+Clefairy|how
|c|+Clefairy|why
|c|âDragolight|but, no seriously
|leave|Updated Kanto
|c|âDragolight|fuck you and your scarfed shit
|leave|Dragolight
|player|p2
|join|TOTEMO
|join|Updated Kanto