|join|bellicose
|join|Cranham
|player|p1|bellicose|170
|player|p2|Cranham|93
|gametype|singles
|gen|6
|tier|OU
|rated
|clearpoke
|poke|p1|Altaria, M
|poke|p1|Ferrothorn, M
|poke|p1|Landorus-Therian, M
|poke|p1|Raikou
|poke|p1|Keldeo
|poke|p1|Mew
|poke|p2|Diancie
|poke|p2|Bisharp, F
|poke|p2|Landorus-Therian, M
|poke|p2|Latios, M
|poke|p2|Terrakion
|poke|p2|Keldeo
|rule|Swagger Clause: Swagger is banned
|rule|Baton Pass Clause: Limit one PokÃ©mon knowing Baton Pass
|rule|Sleep Clause Mod: Limit one foe put to sleep
|rule|Species Clause: Limit one of each PokÃ©mon
|rule|OHKO Clause: OHKO moves are banned
|rule|Moody Clause: Moody is banned
|rule|Evasion Moves Clause: Evasion moves are banned
|rule|Endless Battle Clause: Forcing endless battles is banned
|rule|HP Percentage Mod: HP is shown in percentages
|teampreview
|
|start
|switch|p1a: Ferrothorn|Ferrothorn, M|352\/352
|switch|p2a: Terrakion|Terrakion|323\/323
|turn|1
|
|move|p2a: Terrakion|Stealth Rock|p1a: Ferrothorn
|-sidestart|p1: bellicose|move: Stealth Rock
|move|p1a: Ferrothorn|Stealth Rock|p2a: Terrakion
|-sidestart|p2: Cranham|move: Stealth Rock
|
|turn|2
|
|move|p2a: Terrakion|Close Combat|p1a: Ferrothorn
|-supereffective|p1a: Ferrothorn
|-damage|p1a: Ferrothorn|82\/352
|-damage|p2a: Terrakion|283\/323|[from] ability: Iron Barbs|[of] p1a: Ferrothorn
|-unboost|p2a: Terrakion|def|1
|-unboost|p2a: Terrakion|spd|1
|move|p1a: Ferrothorn|Gyro Ball|p2a: Terrakion
|-supereffective|p2a: Terrakion
|-damage|p2a: Terrakion|0 fnt
|faint|p2a: Terrakion
|
|-heal|p1a: Ferrothorn|104\/352|[from] item: Leftovers
|
|switch|p2a: Keldeo|Keldeo|323\/323
|-damage|p2a: Keldeo|303\/323|[from] Stealth Rock
|turn|3
|
|move|p2a: Keldeo|Hydro Pump|p1a: Ferrothorn
|-resisted|p1a: Ferrothorn
|-damage|p1a: Ferrothorn|0 fnt
|faint|p1a: Ferrothorn
|
|
|switch|p1a: Altaria|Altaria, M|311\/311
|-damage|p1a: Altaria|234\/311|[from] Stealth Rock
|turn|4
|
|switch|p2a: Landorus-Therian|Landorus-Therian, M|319\/319
|-damage|p2a: Landorus-Therian|280\/319|[from] Stealth Rock
|-ability|p2a: Landorus-Therian|Intimidate|[of] p1a: Altaria
|-unboost|p1a: Altaria|atk|1
|detailschange|p1a: Altaria|Altaria-Mega, M
|-mega|p1a: Altaria|Altaria|Altarianite
|move|p1a: Altaria|Hyper Voice|p2a: Landorus-Therian
|-damage|p2a: Landorus-Therian|55\/319
|
|turn|5
|
|switch|p1a: Landorus-Therian|Landorus-Therian, M|320\/320
|-damage|p1a: Landorus-Therian|280\/320|[from] Stealth Rock
|-ability|p1a: Landorus-Therian|Intimidate|[of] p2a: Landorus-Therian
|-unboost|p2a: Landorus-Therian|atk|1
|move|p2a: Landorus-Therian|Stone Edge|p1a: Landorus-Therian
|-damage|p1a: Landorus-Therian|194\/320
|
|turn|6
|
|move|p1a: Landorus-Therian|U-turn|p2a: Landorus-Therian
|-resisted|p2a: Landorus-Therian
|-damage|p2a: Landorus-Therian|9\/319
|
|switch|p1a: Mew|Mew|404\/404
|-damage|p1a: Mew|354\/404|[from] Stealth Rock
|move|p2a: Landorus-Therian|Stone Edge|p1a: Mew
|-damage|p1a: Mew|267\/404
|
|-heal|p1a: Mew|292\/404|[from] item: Leftovers
|turn|7
|
|switch|p2a: Keldeo|Keldeo|303\/323
|-damage|p2a: Keldeo|283\/323|[from] Stealth Rock
|move|p1a: Mew|Roost|p1a: Mew
|-heal|p1a: Mew|404\/404
|
|turn|8
|
|move|p2a: Keldeo|Icy Wind|p1a: Mew
|-damage|p1a: Mew|328\/404
|-unboost|p1a: Mew|spe|1
|move|p1a: Mew|Will-O-Wisp|p2a: Keldeo
|-status|p2a: Keldeo|brn
|
|-heal|p1a: Mew|353\/404|[from] item: Leftovers
|-damage|p2a: Keldeo|243\/323 brn|[from] brn
|turn|9
|
|switch|p2a: Landorus-Therian|Landorus-Therian, M|9\/319
|-damage|p2a: Landorus-Therian|0 fnt|[from] Stealth Rock
|faint|p2a: Landorus-Therian
|move|p1a: Mew|Knock Off|p2: Landorus-Therian|[notarget]
|-notarget
|
|-heal|p1a: Mew|378\/404|[from] item: Leftovers
|
|switch|p2a: Bisharp|Bisharp, F|271\/271
|-damage|p2a: Bisharp|255\/271|[from] Stealth Rock
|turn|10
|join|Altilt
|
|switch|p1a: Keldeo|Keldeo|323\/323
|-damage|p1a: Keldeo|303\/323|[from] Stealth Rock
|move|p2a: Bisharp|Swords Dance|p2a: Bisharp
|-boost|p2a: Bisharp|atk|2
|
|turn|11
|
|switch|p2a: Latios|Latios, M|299\/299
|-damage|p2a: Latios|262\/299|[from] Stealth Rock
|move|p1a: Keldeo|Secret Sword|p2a: Latios
|-resisted|p2a: Latios
|-damage|p2a: Latios|138\/299
|
|turn|12
|
|switch|p1a: Mew|Mew|378\/404
|-damage|p1a: Mew|328\/404|[from] Stealth Rock
|move|p2a: Latios|Roost|p2a: Latios
|-heal|p2a: Latios|288\/299
|
|-heal|p1a: Mew|353\/404|[from] item: Leftovers
|turn|13
|
|move|p2a: Latios|Draco Meteor|p1a: Mew
|-damage|p1a: Mew|102\/404
|-unboost|p2a: Latios|spa|2
|-damage|p2a: Latios|259\/299|[from] item: Life Orb
|move|p1a: Mew|Will-O-Wisp|p2a: Latios|[miss]
|-miss|p1a: Mew|p2a: Latios
|
|-heal|p1a: Mew|127\/404|[from] item: Leftovers
|turn|14
|
|move|p2a: Latios|Draco Meteor|p1a: Mew
|-damage|p1a: Mew|6\/404
|-unboost|p2a: Latios|spa|2
|-damage|p2a: Latios|230\/299|[from] item: Life Orb
|move|p1a: Mew|Roost|p1a: Mew
|-heal|p1a: Mew|208\/404
|
|-heal|p1a: Mew|233\/404|[from] item: Leftovers
|turn|15
|
|switch|p2a: Bisharp|Bisharp, F|255\/271
|-damage|p2a: Bisharp|239\/271|[from] Stealth Rock
|move|p1a: Mew|Roost|p1a: Mew
|-heal|p1a: Mew|404\/404
|
|turn|16
|
|move|p2a: Bisharp|Knock Off|p1a: Mew
|-supereffective|p1a: Mew
|-damage|p1a: Mew|0 fnt
|-enditem|p1a: Mew|Leftovers|[from] move: Knock Off|[of] p2a: Bisharp
|-damage|p2a: Bisharp|212\/271|[from] item: Life Orb
|faint|p1a: Mew
|
|
|switch|p1a: Keldeo|Keldeo|303\/323
|-damage|p1a: Keldeo|283\/323|[from] Stealth Rock
|turn|17
|
|move|p2a: Bisharp|Sucker Punch|p1a: Keldeo
|-resisted|p1a: Keldeo
|-damage|p1a: Keldeo|186\/323
|-boost|p1a: Keldeo|atk|1|[from] ability: Justified
|-damage|p2a: Bisharp|185\/271|[from] item: Life Orb
|move|p1a: Keldeo|Secret Sword|p2a: Bisharp
|-supereffective|p2a: Bisharp
|-damage|p2a: Bisharp|0 fnt
|faint|p2a: Bisharp
|
|
|switch|p2a: Diancie|Diancie|241\/241
|-damage|p2a: Diancie|211\/241|[from] Stealth Rock
|turn|18
|
|detailschange|p2a: Diancie|Diancie-Mega
|-mega|p2a: Diancie|Diancie|Diancite
|move|p1a: Keldeo|Secret Sword|p2a: Diancie
|-damage|p2a: Diancie|4\/241
|move|p2a: Diancie|Moonblast|p1a: Keldeo
|-supereffective|p1a: Keldeo
|-damage|p1a: Keldeo|0 fnt
|faint|p1a: Keldeo
|
|
|switch|p1a: Raikou|Raikou|321\/321
|-damage|p1a: Raikou|281\/321|[from] Stealth Rock
|-ability|p1a: Raikou|Pressure
|turn|19
|join|Jefo
|
|move|p1a: Raikou|Thunderbolt|p2a: Diancie
|-damage|p2a: Diancie|0 fnt
|faint|p2a: Diancie
|
|
|switch|p2a: Latios|Latios, M|230\/299
|-damage|p2a: Latios|193\/299|[from] Stealth Rock
|turn|20
|
|move|p1a: Raikou|Volt Switch|p2a: Latios
|-crit|p2a: Latios
|-resisted|p2a: Latios
|-damage|p2a: Latios|107\/299
|
|switch|p1a: Landorus-Therian|Landorus-Therian, M|194\/320
|-damage|p1a: Landorus-Therian|154\/320|[from] Stealth Rock
|-ability|p1a: Landorus-Therian|Intimidate|[of] p2a: Latios
|-unboost|p2a: Latios|atk|1
|move|p2a: Latios|Psyshock|p1a: Landorus-Therian
|-damage|p1a: Landorus-Therian|0 fnt
|-damage|p2a: Latios|78\/299|[from] item: Life Orb
|faint|p1a: Landorus-Therian
|
|
|switch|p1a: Raikou|Raikou|281\/321
|-damage|p1a: Raikou|241\/321|[from] Stealth Rock
|-ability|p1a: Raikou|Pressure
|turn|21
|c| Jefo|is keld scarf?
|c|âbellicose|Idk
|c|âbellicose|even if it is he loses
|c| Jefo|he can crot
|c| Jefo|the ss
|c|âbellicose|Cant touch alt
|
|move|p1a: Raikou|Shadow Ball|p2a: Latios
|-supereffective|p2a: Latios
|-damage|p2a: Latios|0 fnt
|faint|p2a: Latios
|
|c| Jefo|I cant see the megas
|join|stratiis
|c| Jefo|for some reason
|
|switch|p2a: Keldeo|Keldeo|243\/323 brn
|-damage|p2a: Keldeo|223\/323 brn|[from] Stealth Rock
|turn|22
|
|move|p1a: Raikou|Thunderbolt|p2a: Keldeo
|-supereffective|p2a: Keldeo
|-damage|p2a: Keldeo|0 fnt
|faint|p2a: Keldeo
|
|win|bellicose
|raw|Ladder updating...
|raw|bellicose's rating: 1335 &rarr; <strong>1353<\/strong><br \/>(+18 for winning)
|raw|Cranham's rating: 1302 &rarr; <strong>1284<\/strong><br \/>(-18 for losing)
|leave|Cranham
|leave|stratiis
|player|p2