|join|bellicose
|join|pkbreeder
|player|p1|bellicose|266
|player|p2|pkbreeder|169
|gametype|singles
|gen|6
|tier|OU (suspect test)
|rated
|clearpoke
|poke|p1|Smeargle, M
|poke|p1|Diggersby, M
|poke|p1|Dragonite, M
|poke|p1|Scizor, M
|poke|p1|Chandelure, F
|poke|p1|Kabutops, M
|poke|p2|Bisharp, M, shiny
|poke|p2|Chansey, F
|poke|p2|Talonflame, M
|poke|p2|Keldeo-Resolute
|poke|p2|Landorus-Therian, M
|poke|p2|Mandibuzz, F
|rule|Swagger Clause: Swagger is banned
|rule|Baton Pass Clause: Limit one PokÃ©mon knowing Baton Pass
|rule|Sleep Clause Mod: Limit one foe put to sleep
|rule|Species Clause: Limit one of each PokÃ©mon
|rule|OHKO Clause: OHKO moves are banned
|rule|Moody Clause: Moody is banned
|rule|Evasion Moves Clause: Evasion moves are banned
|rule|Endless Battle Clause: Forcing endless battles is banned
|rule|HP Percentage Mod: HP is shown in percentages
|teampreview
|join|Updated Kanto
|
|start
|switch|p1a: Smeargle|Smeargle, M|314\/314
|switch|p2a: Landorus-Therian|Landorus-Therian, M|320\/320
|-ability|p2a: Landorus-Therian|Intimidate|[of] p1a: Smeargle
|-unboost|p1a: Smeargle|atk|1
|turn|1
|
|switch|p2a: Mandibuzz|Mandibuzz, F|423\/423
|move|p1a: Smeargle|King's Shield|p1a: Smeargle
|-fail|p1a: Smeargle
|
|turn|2
|c|âbellicose|Nice ym
|c|âbellicose|uturn
|c| Updated Kanto|u turn mandibuzz?
|c| Updated Kanto|xD
|c|âbellicose|xd
|
|move|p1a: Smeargle|Sticky Web|p2a: Mandibuzz
|-sidestart|p2: pkbreeder|move: Sticky Web
|move|p2a: Mandibuzz|Knock Off|p1a: Smeargle
|-damage|p1a: Smeargle|139\/314
|-enditem|p1a: Smeargle|Focus Sash|[from] move: Knock Off|[of] p2a: Mandibuzz
|
|turn|3
|c| Updated Kanto|xd
|
|switch|p1a: Dragonite|Dragonite, M|386\/386
|move|p2a: Mandibuzz|Foul Play|p1a: Dragonite
|-damage|p1a: Dragonite|287\/386
|
|turn|4
|
|move|p2a: Mandibuzz|Defog|p1a: Dragonite
|-unboost|p1a: Dragonite|evasion|1
|-sideend|p2: pkbreeder|Sticky Web|[from] move: Defog|[of] p2a: Mandibuzz
|move|p1a: Dragonite|Outrage|p2a: Mandibuzz
|-damage|p2a: Mandibuzz|185\/423
|
|-heal|p2a: Mandibuzz|211\/423|[from] item: Leftovers
|turn|5
|c|âbellicose|Mandibuzz counters webs
|c|âbellicose|Unfair
|
|move|p2a: Mandibuzz|Roost|p2a: Mandibuzz
|-heal|p2a: Mandibuzz|423\/423
|move|p1a: Dragonite|Outrage|p2a: Mandibuzz
|-damage|p2a: Mandibuzz|171\/423
|
|-end|p1a: Dragonite|rampage
|-start|p1a: Dragonite|confusion
|-heal|p2a: Mandibuzz|197\/423|[from] item: Leftovers
|turn|6
|
|switch|p1a: Kabutops|Kabutops, M|261\/261
|move|p2a: Mandibuzz|Roost|p2a: Mandibuzz
|-heal|p2a: Mandibuzz|409\/423
|
|-heal|p2a: Mandibuzz|423\/423|[from] item: Leftovers
|turn|7
|
|move|p1a: Kabutops|Stone Edge|p2a: Mandibuzz
|-supereffective|p2a: Mandibuzz
|-damage|p2a: Mandibuzz|101\/423
|-damage|p1a: Kabutops|235\/261|[from] item: Life Orb
|move|p2a: Mandibuzz|Knock Off|p1a: Kabutops
|-damage|p1a: Kabutops|151\/261
|-enditem|p1a: Kabutops|Life Orb|[from] move: Knock Off|[of] p2a: Mandibuzz
|
|-heal|p2a: Mandibuzz|127\/423|[from] item: Leftovers
|turn|8
|
|switch|p2a: Keldeo-Resolute|Keldeo-Resolute|324\/324
|move|p1a: Kabutops|Waterfall|p2a: Keldeo-Resolute
|-crit|p2a: Keldeo-Resolute
|-resisted|p2a: Keldeo-Resolute
|-damage|p2a: Keldeo-Resolute|219\/324
|
|turn|9
|
|switch|p1a: Dragonite|Dragonite, M|287\/386
|move|p2a: Keldeo-Resolute|Secret Sword|p1a: Dragonite
|-resisted|p1a: Dragonite
|-damage|p1a: Dragonite|177\/386
|
|turn|10
|
|switch|p2a: Landorus-Therian|Landorus-Therian, M|320\/320
|-ability|p2a: Landorus-Therian|Intimidate|[of] p1a: Dragonite
|-unboost|p1a: Dragonite|atk|1
|move|p1a: Dragonite|Outrage|p2a: Landorus-Therian
|-damage|p2a: Landorus-Therian|40\/320
|
|-heal|p2a: Landorus-Therian|60\/320|[from] item: Leftovers
|turn|11
|
|move|p2a: Landorus-Therian|Knock Off|p1a: Dragonite
|-crit|p1a: Dragonite
|-damage|p1a: Dragonite|0 fnt
|-enditem|p1a: Dragonite|Choice Band|[from] move: Knock Off|[of] p2a: Landorus-Therian
|faint|p1a: Dragonite
|
|-heal|p2a: Landorus-Therian|80\/320|[from] item: Leftovers
|c|âbellicose|Nice crit!
|
|switch|p1a: Kabutops|Kabutops, M|151\/261
|turn|12
|
|move|p2a: Landorus-Therian|Earthquake|p1a: Kabutops
|-supereffective|p1a: Kabutops
|-damage|p1a: Kabutops|0 fnt
|faint|p1a: Kabutops
|
|-heal|p2a: Landorus-Therian|100\/320|[from] item: Leftovers
|c|âbellicose|Max speed lefties!
|c|âbellicose|The set of gods!
|leave|Updated Kanto
|
|switch|p1a: Scizor|Scizor, M|281\/281
|turn|13
|
|switch|p2a: Mandibuzz|Mandibuzz, F|127\/423
|detailschange|p1a: Scizor|Scizor-Mega, M
|-mega|p1a: Scizor|Scizor|Scizorite
|move|p1a: Scizor|Swords Dance|p1a: Scizor
|-boost|p1a: Scizor|atk|2
|
|-heal|p2a: Mandibuzz|153\/423|[from] item: Leftovers
|turn|14
|
|move|p1a: Scizor|Bullet Punch|p2a: Mandibuzz
|-damage|p2a: Mandibuzz|0 fnt
|faint|p2a: Mandibuzz
|
|
|switch|p2a: Landorus-Therian|Landorus-Therian, M|100\/320
|-ability|p2a: Landorus-Therian|Intimidate|[of] p1a: Scizor
|-unboost|p1a: Scizor|atk|1
|turn|15
|
|move|p2a: Landorus-Therian|Earthquake|p1a: Scizor
|-damage|p1a: Scizor|143\/281
|move|p1a: Scizor|Swords Dance|p1a: Scizor
|-boost|p1a: Scizor|atk|2
|
|-heal|p2a: Landorus-Therian|120\/320|[from] item: Leftovers
|turn|16
|
|move|p2a: Landorus-Therian|Earthquake|p1a: Scizor
|-damage|p1a: Scizor|8\/281
|move|p1a: Scizor|Roost|p1a: Scizor
|-heal|p1a: Scizor|149\/281
|
|-heal|p2a: Landorus-Therian|140\/320|[from] item: Leftovers
|turn|17
|
|move|p1a: Scizor|Bullet Punch|p2a: Landorus-Therian
|-damage|p2a: Landorus-Therian|0 fnt
|faint|p2a: Landorus-Therian
|
|
|switch|p2a: Talonflame|Talonflame, M|298\/298
|turn|18
|
|move|p2a: Talonflame|Brave Bird|p1a: Scizor
|-damage|p1a: Scizor|0 fnt
|-damage|p2a: Talonflame|249\/298|[from] recoil|[of] p1a: Scizor
|faint|p1a: Scizor
|
|
|switch|p1a: Diggersby|Diggersby, M|311\/311
|turn|19
|
|move|p2a: Talonflame|Brave Bird|p1a: Diggersby
|-damage|p1a: Diggersby|71\/311
|-damage|p2a: Talonflame|170\/298|[from] recoil|[of] p1a: Diggersby
|move|p1a: Diggersby|Knock Off|p2a: Talonflame
|-damage|p2a: Talonflame|0 fnt
|-enditem|p2a: Talonflame|Sharp Beak|[from] move: Knock Off|[of] p1a: Diggersby
|-damage|p1a: Diggersby|40\/311|[from] item: Life Orb
|faint|p2a: Talonflame
|
|
|switch|p2a: Bisharp|Bisharp, M, shiny|272\/272
|turn|20
|
|move|p1a: Diggersby|Quick Attack|p2a: Bisharp
|-resisted|p2a: Bisharp
|-damage|p2a: Bisharp|217\/272
|-damage|p1a: Diggersby|9\/311|[from] item: Life Orb
|move|p2a: Bisharp|Sucker Punch|p1a: Diggersby
|-fail|p1a: Diggersby
|
|turn|21
|
|move|p2a: Bisharp|Sucker Punch|p1a: Diggersby
|-damage|p1a: Diggersby|0 fnt
|faint|p1a: Diggersby
|
|
|switch|p1a: Smeargle|Smeargle, M|139\/314
|turn|22
|
|move|p1a: Smeargle|Sticky Web|p2a: Bisharp
|-sidestart|p2: pkbreeder|move: Sticky Web
|move|p2a: Bisharp|Iron Head|p1a: Smeargle
|-damage|p1a: Smeargle|0 fnt
|faint|p1a: Smeargle
|
|
|switch|p1a: Chandelure|Chandelure, F|261\/261
|-item|p1a: Chandelure|Air Balloon
|turn|23
|
|move|p2a: Bisharp|Sucker Punch|p1a: Chandelure
|-fail|p1a: Chandelure
|move|p1a: Chandelure|Substitute|p1a: Chandelure
|-start|p1a: Chandelure|Substitute
|-damage|p1a: Chandelure|196\/261
|
|turn|24
|
|move|p2a: Bisharp|Sucker Punch|p1a: Chandelure
|-fail|p1a: Chandelure
|move|p1a: Chandelure|Calm Mind|p1a: Chandelure
|-boost|p1a: Chandelure|spa|1
|-boost|p1a: Chandelure|spd|1
|
|turn|25
|
|move|p2a: Bisharp|Sucker Punch|p1a: Chandelure
|-fail|p1a: Chandelure
|move|p1a: Chandelure|Calm Mind|p1a: Chandelure
|-boost|p1a: Chandelure|spa|1
|-boost|p1a: Chandelure|spd|1
|
|turn|26
|
|move|p1a: Chandelure|Calm Mind|p1a: Chandelure
|-boost|p1a: Chandelure|spa|1
|-boost|p1a: Chandelure|spd|1
|move|p2a: Bisharp|Knock Off|p1a: Chandelure
|-supereffective|p1a: Chandelure
|-end|p1a: Chandelure|Substitute
|-enditem|p1a: Chandelure|Air Balloon
|
|turn|27
|
|move|p1a: Chandelure|Substitute|p1a: Chandelure
|-start|p1a: Chandelure|Substitute
|-damage|p1a: Chandelure|131\/261
|move|p2a: Bisharp|Knock Off|p1a: Chandelure
|-supereffective|p1a: Chandelure
|-end|p1a: Chandelure|Substitute
|
|turn|28
|
|move|p2a: Bisharp|Sucker Punch|p1a: Chandelure
|-fail|p1a: Chandelure
|move|p1a: Chandelure|Substitute|p1a: Chandelure
|-start|p1a: Chandelure|Substitute
|-damage|p1a: Chandelure|66\/261
|
|turn|29
|
|move|p2a: Bisharp|Sucker Punch|p1a: Chandelure
|-supereffective|p1a: Chandelure
|-end|p1a: Chandelure|Substitute
|move|p1a: Chandelure|Fire Blast|p2a: Bisharp
|-supereffective|p2a: Bisharp
|-damage|p2a: Bisharp|0 fnt
|faint|p2a: Bisharp
|
|
|switch|p2a: Keldeo-Resolute|Keldeo-Resolute|219\/324
|-activate|p2a: Keldeo-Resolute|move: Sticky Web
|-unboost|p2a: Keldeo-Resolute|spe|1
|turn|30
|
|move|p1a: Chandelure|Shadow Ball|p2a: Keldeo-Resolute
|-damage|p2a: Keldeo-Resolute|0 fnt
|faint|p2a: Keldeo-Resolute
|
|
|switch|p2a: Chansey|Chansey, F|704\/704
|-activate|p2a: Chansey|move: Sticky Web
|-unboost|p2a: Chansey|spe|1
|turn|31
|
|move|p1a: Chandelure|Substitute|p1a: Chandelure
|-start|p1a: Chandelure|Substitute
|-damage|p1a: Chandelure|1\/261
|move|p2a: Chansey|Toxic|p1a: Chandelure
|
|turn|32
|join|Updated Kanto
|c|âbellicose|kek
|
|move|p1a: Chandelure|Calm Mind|p1a: Chandelure
|-boost|p1a: Chandelure|spa|1
|-boost|p1a: Chandelure|spd|1
|move|p2a: Chansey|Seismic Toss|p1a: Chandelure
|-immune|p1a: Chandelure|[msg]
|
|turn|33
|-message|pkbreeder forfeited.
|leave|pkbreeder
|
|win|bellicose
|raw|Ladder updating...
|player|p2
|raw|bellicose's rating: 1298 &rarr; <strong>1326<\/strong><br \/>(+28 for winning)
|raw|pkbreeder's rating: 1341 &rarr; <strong>1319<\/strong><br \/>(-22 for losing)
|join|TOTEMO
|join|Reud
|leave|TOTEMO
|leave|Reud
|join|Reud
|leave|Reud
|join|Druides
|leave|Druides
|join|Druides