|join|subzeromkx
|join|bellicose
|player|p1|subzeromkx|20
|player|p2|bellicose|266
|gametype|singles
|gen|6
|tier|OU (suspect test)
|rated
|clearpoke
|poke|p1|Garchomp, F
|poke|p1|Landorus, M
|poke|p1|Gardevoir, F
|poke|p1|Breloom, M
|poke|p1|Bisharp, M
|poke|p1|Latios, M
|poke|p2|Altaria, F
|poke|p2|Ferrothorn, M
|poke|p2|Landorus-Therian, M
|poke|p2|Raikou
|poke|p2|Keldeo
|poke|p2|Mew
|rule|Swagger Clause: Swagger is banned
|rule|Baton Pass Clause: Limit one PokÃ©mon knowing Baton Pass
|rule|Sleep Clause Mod: Limit one foe put to sleep
|rule|Species Clause: Limit one of each PokÃ©mon
|rule|OHKO Clause: OHKO moves are banned
|rule|Moody Clause: Moody is banned
|rule|Evasion Moves Clause: Evasion moves are banned
|rule|Endless Battle Clause: Forcing endless battles is banned
|rule|HP Percentage Mod: HP is shown in percentages
|teampreview
|c|âbellicose|:^)
|
|start
|switch|p1a: Hilda|Gardevoir, F|314\/314
|switch|p2a: Mew|Mew|404\/404
|-ability|p1a: Hilda|Synchronize|[from] ability: Trace|[of] p2a: Mew
|turn|1
|
|detailschange|p1a: Hilda|Gardevoir-Mega, F
|-mega|p1a: Hilda|Gardevoir|Gardevoirite
|move|p2a: Mew|Will-O-Wisp|p1a: Hilda|[miss]
|-miss|p2a: Mew|p1a: Hilda
|move|p1a: Hilda|Hyper Voice|p2a: Mew
|-damage|p2a: Mew|200\/404
|
|-heal|p2a: Mew|225\/404|[from] item: Leftovers
|turn|2
|join|Semenspire
|
|move|p1a: Hilda|Hyper Voice|p2a: Mew
|-crit|p2a: Mew
|-damage|p2a: Mew|0 fnt
|faint|p2a: Mew
|
|join|Altilt
|join|Muk
|join|kektus
|c|âbellicose|AYY LMAO
|c| Semenspire|um
|c|âbellicose|nice crit!
|c| Semenspire|ok
|c| kektus|frug me in el assholu
|c| Altilt|double skill
|join|Outrageous Fortune
|
|switch|p2a: Ferrothorn|Ferrothorn, M|352\/352
|turn|3
|
|switch|p1a: Kisame|Garchomp, F|419\/419
|move|p2a: Ferrothorn|Stealth Rock|p1a: Kisame
|-sidestart|p1: subzeromkx|move: Stealth Rock
|
|turn|4
|
|switch|p2a: Keldeo|Keldeo|323\/323
|move|p1a: Kisame|Stealth Rock|p2a: Keldeo
|-sidestart|p2: bellicose|move: Stealth Rock
|
|turn|5
|
|move|p2a: Keldeo|Icy Wind|p1a: Kisame
|-supereffective|p1a: Kisame
|-damage|p1a: Kisame|0 fnt
|faint|p1a: Kisame
|
|c| kektus|>
|
|switch|p1a: Uryu|Latios, M|301\/301
|-damage|p1a: Uryu|264\/301|[from] Stealth Rock
|turn|6
|
|switch|p1a: Ugo|Landorus, M|319\/319
|-damage|p1a: Ugo|280\/319|[from] Stealth Rock
|switch|p2a: Ferrothorn|Ferrothorn, M|352\/352
|-damage|p2a: Ferrothorn|330\/352|[from] Stealth Rock
|
|-heal|p2a: Ferrothorn|352\/352|[from] item: Leftovers
|turn|7
|
|switch|p2a: Landorus-Therian|Landorus-Therian, M|320\/320
|-damage|p2a: Landorus-Therian|280\/320|[from] Stealth Rock
|-ability|p2a: Landorus-Therian|Intimidate|[of] p1a: Ugo
|-unboost|p1a: Ugo|atk|1
|move|p1a: Ugo|Focus Blast|p2a: Landorus-Therian|[miss]
|-miss|p1a: Ugo|p2a: Landorus-Therian
|
|turn|8
|
|move|p2a: Landorus-Therian|Knock Off|p1a: Ugo
|-damage|p1a: Ugo|146\/319
|-enditem|p1a: Ugo|Life Orb|[from] move: Knock Off|[of] p2a: Landorus-Therian
|move|p1a: Ugo|Earth Power|p2a: Landorus-Therian
|-immune|p2a: Landorus-Therian|[msg]
|
|turn|9
|
|move|p2a: Landorus-Therian|Knock Off|p1a: Ugo
|-damage|p1a: Ugo|61\/319
|move|p1a: Ugo|Earth Power|p2a: Landorus-Therian
|-immune|p2a: Landorus-Therian|[msg]
|
|turn|10
|c| kektus|a yy lm ao
|
|switch|p1a: Madara|Bisharp, M|290\/290
|-damage|p1a: Madara|272\/290|[from] Stealth Rock
|move|p2a: Landorus-Therian|Knock Off|p1a: Madara
|-resisted|p1a: Madara
|-damage|p1a: Madara|204\/290
|-enditem|p1a: Madara|Life Orb|[from] move: Knock Off|[of] p2a: Landorus-Therian
|
|turn|11
|join|HxH Hisoka
|
|move|p1a: Madara|Pursuit|p2a: Landorus-Therian|[from]Pursuit
|-damage|p2a: Landorus-Therian|105\/320
|switch|p2a: Ferrothorn|Ferrothorn, M|352\/352
|-damage|p2a: Ferrothorn|330\/352|[from] Stealth Rock
|
|-heal|p2a: Ferrothorn|352\/352|[from] item: Leftovers
|turn|12
|
|move|p1a: Madara|Knock Off|p2a: Ferrothorn
|-crit|p2a: Ferrothorn
|-damage|p2a: Ferrothorn|175\/352
|-damage|p1a: Madara|168\/290|[from] ability: Iron Barbs|[of] p2a: Ferrothorn
|-enditem|p2a: Ferrothorn|Leftovers|[from] move: Knock Off|[of] p1a: Madara
|move|p2a: Ferrothorn|Leech Seed|p1a: Madara
|-start|p1a: Madara|move: Leech Seed
|
|-damage|p1a: Madara|132\/290|[from] Leech Seed|[of] p2a: Ferrothorn
|-heal|p2a: Ferrothorn|211\/352|[silent]
|turn|13
|
|move|p1a: Madara|Knock Off|p2a: Ferrothorn
|-damage|p2a: Ferrothorn|121\/352
|-damage|p1a: Madara|96\/290|[from] ability: Iron Barbs|[of] p2a: Ferrothorn
|move|p2a: Ferrothorn|Leech Seed|p1a: Madara
|-fail|p1a: Madara
|
|-damage|p1a: Madara|60\/290|[from] Leech Seed|[of] p2a: Ferrothorn
|-heal|p2a: Ferrothorn|157\/352|[silent]
|turn|14
|
|move|p2a: Ferrothorn|Protect|p2a: Ferrothorn
|-singleturn|p2a: Ferrothorn|Protect
|move|p1a: Madara|Knock Off|p2a: Ferrothorn
|-activate|p2a: Ferrothorn|Protect
|
|-damage|p1a: Madara|24\/290|[from] Leech Seed|[of] p2a: Ferrothorn
|-heal|p2a: Ferrothorn|193\/352|[silent]
|turn|15
|
|move|p1a: Madara|Knock Off|p2a: Ferrothorn
|-damage|p2a: Ferrothorn|100\/352
|-damage|p1a: Madara|0 fnt|[from] ability: Iron Barbs|[of] p2a: Ferrothorn
|faint|p1a: Madara
|move|p2a: Ferrothorn|Leech Seed|p1: Madara|[notarget]
|-notarget
|
|
|switch|p1a: Ugo|Landorus, M|61\/319
|-damage|p1a: Ugo|22\/319|[from] Stealth Rock
|turn|16
|
|move|p2a: Ferrothorn|Protect|p2a: Ferrothorn
|-singleturn|p2a: Ferrothorn|Protect
|move|p1a: Ugo|Earth Power|p2a: Ferrothorn
|-activate|p2a: Ferrothorn|Protect
|
|turn|17
|
|move|p1a: Ugo|Earth Power|p2a: Ferrothorn
|-damage|p2a: Ferrothorn|0 fnt
|faint|p2a: Ferrothorn
|
|join|markastan
|
|switch|p2a: Raikou|Raikou|321\/321
|-damage|p2a: Raikou|281\/321|[from] Stealth Rock
|-ability|p2a: Raikou|Pressure
|turn|18
|c| kektus|oh shit
|c| kektus|nice dubs belli
|c| kektus|i checked em
|c|âbellicose|:)
|
|move|p2a: Raikou|Shadow Ball|p1a: Ugo
|-damage|p1a: Ugo|0 fnt
|faint|p1a: Ugo
|
|c| kektus|199899300
|c| kektus|almost all dubs........
|
|switch|p1a: Hilda|Gardevoir-Mega, F|314\/314
|-damage|p1a: Hilda|275\/314|[from] Stealth Rock
|turn|19
|
|move|p2a: Raikou|Volt Switch|p1a: Hilda
|-crit|p1a: Hilda
|-damage|p1a: Hilda|148\/314
|
|switch|p2a: Altaria|Altaria, F|311\/311
|-damage|p2a: Altaria|234\/311|[from] Stealth Rock
|move|p1a: Hilda|Psyshock|p2a: Altaria
|-damage|p2a: Altaria|33\/311
|
|turn|20
|
|detailschange|p2a: Altaria|Altaria-Mega, F
|-mega|p2a: Altaria|Altaria|Altarianite
|move|p2a: Altaria|Roost|p2a: Altaria
|-heal|p2a: Altaria|189\/311
|move|p1a: Hilda|Psyshock|p2a: Altaria
|-damage|p2a: Altaria|17\/311
|
|turn|21
|c|âbellicose|>>>>>>>
|c|âbellicose|SLOW GARD
|
|move|p2a: Altaria|Hyper Voice|p1a: Hilda
|-damage|p1a: Hilda|3\/314
|move|p1a: Hilda|Hyper Voice|p2a: Altaria
|-supereffective|p2a: Altaria
|-damage|p2a: Altaria|0 fnt
|faint|p2a: Altaria
|
|c| kektus|lmoaaaaaaaaaaaaaaaaaaaaaa
|c| kektus|hHAHAHAHAHS
|c| kektus|S**KILLED**
|c| Altilt|nice frustration dude
|c| kektus|btw um
|c|âbellicose|Godly man
|c|âbellicose|simply godly
|c| kektus|u lose to breloom now
|c| kektus|X
|c| kektus|DDDDDDDDDD
|c|âbellicose|no i dont xd
|c| Altilt|no he
|
|switch|p2a: Keldeo|Keldeo|323\/323
|-damage|p2a: Keldeo|303\/323|[from] Stealth Rock
|turn|22
|c| Altilt|he
|c| Altilt|really
|c| Altilt|doesnt
|
|move|p2a: Keldeo|Icy Wind|p1a: Hilda
|-damage|p1a: Hilda|0 fnt
|faint|p1a: Hilda
|
|
|switch|p1a: Uryu|Latios, M|264\/301
|-damage|p1a: Uryu|227\/301|[from] Stealth Rock
|turn|23
|
|switch|p1a: Kensei|Breloom, M|262\/262
|-damage|p1a: Kensei|246\/262|[from] Stealth Rock
|move|p2a: Keldeo|Icy Wind|p1a: Kensei
|-supereffective|p1a: Kensei
|-damage|p1a: Kensei|0 fnt
|faint|p1a: Kensei
|
|c|âbellicose|Good play
|c|âsubzeromkx|welp
|c|âsubzeromkx|gg
|-message|subzeromkx forfeited.
|
|win|bellicose
|raw|Ladder updating...
|leave|subzeromkx
|player|p1
|raw|subzeromkx's rating: 1605 &rarr; <strong>1578<\/strong><br \/>(-27 for losing)
|raw|bellicose's rating: 1485 &rarr; <strong>1512<\/strong><br \/>(+27 for winning)
|leave|kektus
|c|âbellicose|Free elo!!!
|leave|Altilt
|leave|Muk