|join|bellicose
|join|nehilim98
|player|p1|bellicose|266
|player|p2|nehilim98|68
|gametype|singles
|gen|6
|tier|OU (suspect test)
|rated
|clearpoke
|poke|p1|Smeargle, F
|poke|p1|Diggersby, F
|poke|p1|Dragonite, M
|poke|p1|Scizor, M
|poke|p1|Chandelure, F
|poke|p1|Kabutops, M
|poke|p2|Trevenant, M
|poke|p2|Heatran, M
|poke|p2|Alomomola, F
|poke|p2|Excadrill, F
|poke|p2|Gardevoir, F
|poke|p2|Gyarados, M
|rule|Swagger Clause: Swagger is banned
|rule|Baton Pass Clause: Limit one PokÃ©mon knowing Baton Pass
|rule|Sleep Clause Mod: Limit one foe put to sleep
|rule|Species Clause: Limit one of each PokÃ©mon
|rule|OHKO Clause: OHKO moves are banned
|rule|Moody Clause: Moody is banned
|rule|Evasion Moves Clause: Evasion moves are banned
|rule|Endless Battle Clause: Forcing endless battles is banned
|rule|HP Percentage Mod: HP is shown in percentages
|teampreview
|
|start
|switch|p1a: Smeargle|Smeargle, F|314\/314
|switch|p2a: Ying|Gardevoir, F|277\/277
|-ability|p2a: Ying|Own Tempo|[from] ability: Trace|[of] p1a: Smeargle
|turn|1
|
|move|p2a: Ying|Moonblast|p1a: Smeargle
|-enditem|p1a: Smeargle|Focus Sash
|-damage|p1a: Smeargle|1\/314
|-unboost|p1a: Smeargle|spa|1
|move|p1a: Smeargle|Spore|p2a: Ying
|-status|p2a: Ying|slp
|
|turn|2
|
|switch|p2a: Holy Moly|Excadrill, F|361\/361
|-ability|p2a: Holy Moly|Mold Breaker
|move|p1a: Smeargle|Sticky Web|p2a: Holy Moly
|-sidestart|p2: nehilim98|move: Sticky Web
|
|turn|3
|join|yuy
|
|move|p1a: Smeargle|King's Shield|p1a: Smeargle
|-singleturn|p1a: Smeargle|Protect
|move|p2a: Holy Moly|Rapid Spin|p1a: Smeargle
|-activate|p1a: Smeargle|Protect
|-unboost|p2a: Holy Moly|atk|2
|
|turn|4
|join|Updated Kanto
|
|switch|p1a: Chandelure|Chandelure, F|261\/261
|-item|p1a: Chandelure|Air Balloon
|move|p2a: Holy Moly|Rapid Spin|p1a: Chandelure
|-immune|p1a: Chandelure|[msg]
|
|turn|5
|c| Updated Kanto|hey c0mp
|c| Updated Kanto|ur bad
|c| Updated Kanto|LOL!
|c| yuy|lmoa
|join|MeaninglessTripfag
|join|Druides
|c| Updated Kanto|belli
|c| Updated Kanto|what the fuck
|c| Updated Kanto|is that team
|c| Druides|>comp using trev
|c|âbellicose|im 8-0!
|c| Druides|also what the fuck is this team
|
|switch|p2a: Saugglocke|Gyarados, M|331\/331
|-ability|p2a: Saugglocke|Intimidate|[of] p1a: Chandelure
|-unboost|p1a: Chandelure|atk|1
|move|p1a: Chandelure|Substitute|p1a: Chandelure
|-start|p1a: Chandelure|Substitute
|-damage|p1a: Chandelure|196\/261
|
|turn|6
|c| yuy|rain dance agility thunder\/hurricane dnite
|c| yuy|with kabutops
|c| yuy|OP combo
|c|âbellicose|10-0*
|c| Updated Kanto|wow yuy with the innovative sets
|
|move|p1a: Chandelure|Shadow Ball|p2a: Saugglocke
|-damage|p2a: Saugglocke|171\/331
|move|p2a: Saugglocke|Waterfall|p1a: Chandelure
|-crit|p1a: Chandelure
|-supereffective|p1a: Chandelure
|-end|p1a: Chandelure|Substitute
|-enditem|p1a: Chandelure|Air Balloon
|
|turn|7
|c| Updated Kanto|no infiltrator gyarados?
|c| Updated Kanto|what are you?
|c| Updated Kanto|a noob?
|c|âbellicose|Why does ballon pop thru subs
|c| Updated Kanto|noob.
|c| MeaninglessTripfag|he's 5
|c|âbellicose|i just dont get it
|c|âbellicose|:\/
|c| MeaninglessTripfag|that's why
|join|Reud
|c| MeaninglessTripfag|you outspeed :^)
|c|âbellicose|xd
|
|switch|p1a: Smeargle|Smeargle, F|1\/314
|detailschange|p2a: Saugglocke|Gyarados-Mega, M
|-mega|p2a: Saugglocke|Gyarados|Gyaradosite
|-ability|p2a: Saugglocke|Mold Breaker
|move|p2a: Saugglocke|Waterfall|p1a: Smeargle
|-damage|p1a: Smeargle|0 fnt
|faint|p1a: Smeargle
|
|c| Reud|because the substitute is using the balloon, you dummy
|c|âbellicose|Hes adamant!
|
|switch|p1a: Diggersby|Diggersby, F|311\/311
|turn|8
|
|move|p1a: Diggersby|Earthquake|p2a: Saugglocke
|-damage|p2a: Saugglocke|0 fnt
|-damage|p1a: Diggersby|280\/311|[from] item: Life Orb
|faint|p2a: Saugglocke
|
|
|switch|p2a: Waterlove|Alomomola, F|534\/534
|-activate|p2a: Waterlove|move: Sticky Web
|-unboost|p2a: Waterlove|spe|1
|turn|9
|
|switch|p1a: Kabutops|Kabutops, M|261\/261
|move|p2a: Waterlove|Toxic|p1a: Kabutops
|-status|p1a: Kabutops|tox
|
|-damage|p1a: Kabutops|245\/261 tox|[from] psn
|turn|10
|
|move|p1a: Kabutops|Swords Dance|p1a: Kabutops
|-boost|p1a: Kabutops|atk|2
|move|p2a: Waterlove|Knock Off|p1a: Kabutops
|-damage|p1a: Kabutops|184\/261 tox
|-enditem|p1a: Kabutops|Life Orb|[from] move: Knock Off|[of] p2a: Waterlove
|
|-damage|p1a: Kabutops|152\/261 tox|[from] psn
|turn|11
|
|move|p1a: Kabutops|Swords Dance|p1a: Kabutops
|-boost|p1a: Kabutops|atk|2
|move|p2a: Waterlove|Knock Off|p1a: Kabutops
|-damage|p1a: Kabutops|114\/261 tox
|
|-damage|p1a: Kabutops|66\/261 tox|[from] psn
|turn|12
|c| MeaninglessTripfag|>kabutops outside of rain
|c| MeaninglessTripfag|>not showderp
|
|move|p2a: Waterlove|Protect|p2a: Waterlove
|-singleturn|p2a: Waterlove|Protect
|move|p1a: Kabutops|Stone Edge|p2a: Waterlove
|-activate|p2a: Waterlove|Protect
|
|-damage|p1a: Kabutops|2\/261 tox|[from] psn
|turn|13
|
|move|p1a: Kabutops|Stone Edge|p2a: Waterlove
|-damage|p2a: Waterlove|104\/534
|move|p2a: Waterlove|Wish|p2a: Waterlove
|
|-heal|p2a: Waterlove|137\/534|[from] item: Leftovers
|-damage|p1a: Kabutops|0 fnt|[from] psn
|faint|p1a: Kabutops
|
|switch|p1a: Chandelure|Chandelure, F|196\/261
|turn|14
|c| MeaninglessTripfag|and that's why kabutops is ru\/nu
|
|switch|p2a: Edna|Heatran, M|324\/324
|-item|p2a: Edna|Air Balloon
|move|p1a: Chandelure|Calm Mind|p1a: Chandelure
|-boost|p1a: Chandelure|spa|1
|-boost|p1a: Chandelure|spd|1
|
|turn|15
|
|move|p1a: Chandelure|Shadow Ball|p2a: Edna
|-damage|p2a: Edna|116\/324
|-enditem|p2a: Edna|Air Balloon
|move|p2a: Edna|Earth Power|p1a: Chandelure
|-supereffective|p1a: Chandelure
|-damage|p1a: Chandelure|14\/261
|
|turn|16
|c|âbellicose|Owned!
|
|switch|p2a: Ying|Gardevoir, F|277\/277 slp
|-activate|p2a: Ying|move: Sticky Web
|-unboost|p2a: Ying|spe|1
|-ability|p2a: Ying|Flash Fire|[from] ability: Trace|[of] p1a: Chandelure
|move|p1a: Chandelure|Shadow Ball|p2a: Ying
|-supereffective|p2a: Ying
|-damage|p2a: Ying|0 fnt
|faint|p2a: Ying
|
|
|switch|p2a: Holy Moly|Excadrill, F|361\/361
|-activate|p2a: Holy Moly|move: Sticky Web
|-unboost|p2a: Holy Moly|spe|1
|-ability|p2a: Holy Moly|Mold Breaker
|turn|17
|leave|Updated Kanto
|
|move|p1a: Chandelure|Fire Blast|p2a: Holy Moly
|-supereffective|p2a: Holy Moly
|-enditem|p2a: Holy Moly|Focus Sash
|-damage|p2a: Holy Moly|1\/361
|move|p2a: Holy Moly|Earthquake|p1a: Chandelure
|-supereffective|p1a: Chandelure
|-damage|p1a: Chandelure|0 fnt
|faint|p1a: Chandelure
|
|c|âbellicose|Donked with the sash!
|leave|MeaninglessTripfag
|
|switch|p1a: Scizor|Scizor, M|281\/281
|turn|18
|
|detailschange|p1a: Scizor|Scizor-Mega, M
|-mega|p1a: Scizor|Scizor|Scizorite
|move|p1a: Scizor|Swords Dance|p1a: Scizor
|-boost|p1a: Scizor|atk|2
|move|p2a: Holy Moly|Rapid Spin|p1a: Scizor
|-crit|p1a: Scizor
|-resisted|p1a: Scizor
|-damage|p1a: Scizor|267\/281
|-sideend|p2: nehilim98|Sticky Web|[from] move: Rapid Spin|[of] p2a: Holy Moly
|
|turn|19
|
|switch|p2a: Trevenant|Trevenant, M|374\/374
|move|p1a: Scizor|Swords Dance|p1a: Scizor
|-boost|p1a: Scizor|atk|2
|
|turn|20
|
|move|p1a: Scizor|Bullet Punch|p2a: Trevenant
|-damage|p2a: Trevenant|0 fnt
|faint|p2a: Trevenant
|
|
|switch|p2a: Waterlove|Alomomola, F|315\/534
|turn|21
|
|move|p1a: Scizor|Superpower|p2a: Waterlove
|-damage|p2a: Waterlove|0 fnt
|-unboost|p1a: Scizor|atk|1
|-unboost|p1a: Scizor|def|1
|faint|p2a: Waterlove
|
|
|switch|p2a: Edna|Heatran, M|116\/324
|turn|22
|join|Jefo
|c| Jefo|t-that isnt c0mp!
|
|move|p2a: Edna|Fire Blast|p1a: Scizor
|-supereffective|p1a: Scizor
|-damage|p1a: Scizor|0 fnt
|faint|p1a: Scizor
|
|c|âbellicose|holy moly!
|c|âbellicose|thats fast!
|
|switch|p1a: Dragonite|Dragonite, M|386\/386
|turn|23
|join|HENRY
|
|move|p2a: Edna|Flash Cannon|p1a: Dragonite
|-damage|p1a: Dragonite|306\/386
|move|p1a: Dragonite|Earthquake|p2a: Edna
|-supereffective|p2a: Edna
|-damage|p2a: Edna|0 fnt
|faint|p2a: Edna
|
|
|switch|p2a: Holy Moly|Excadrill, F|1\/361
|-ability|p2a: Holy Moly|Mold Breaker
|turn|24
|leave|HENRY
|
|switch|p1a: Diggersby|Diggersby, F|280\/311
|move|p2a: Holy Moly|Rock Slide|p1a: Diggersby
|-resisted|p1a: Diggersby
|-damage|p1a: Diggersby|225\/311
|
|turn|25
|
|move|p1a: Diggersby|Quick Attack|p2a: Holy Moly
|-resisted|p2a: Holy Moly
|-damage|p2a: Holy Moly|0 fnt
|-damage|p1a: Diggersby|194\/311|[from] item: Life Orb
|faint|p2a: Holy Moly
|
|win|bellicose
|raw|Ladder updating...
|raw|bellicose's rating: 1283 &rarr; <strong>1298<\/strong><br \/>(+15 for winning)
|raw|nehilim98's rating: 1133 &rarr; <strong>1118<\/strong><br \/>(-15 for losing)
|leave|bellicose
|c|ânehilim98|gg
|player|p1
|leave|nehilim98
|player|p2
|join|bellicose