|join|bellicose
|join|Devin Chen
|player|p1|bellicose|266
|player|p2|Devin Chen|#reverbxmas
|gametype|singles
|gen|6
|tier|OU (suspect test)
|clearpoke
|poke|p1|Altaria, F
|poke|p1|Ferrothorn, M
|poke|p1|Landorus-Therian, M
|poke|p1|Raikou
|poke|p1|Keldeo
|poke|p1|Mew
|poke|p2|Landorus, M
|poke|p2|Celebi
|poke|p2|Talonflame, M
|poke|p2|Empoleon, M
|poke|p2|Azumarill, M
|poke|p2|Metagross
|rule|Swagger Clause: Swagger is banned
|rule|Baton Pass Clause: Limit one PokÃ©mon knowing Baton Pass
|rule|Sleep Clause Mod: Limit one foe put to sleep
|rule|Species Clause: Limit one of each PokÃ©mon
|rule|OHKO Clause: OHKO moves are banned
|rule|Moody Clause: Moody is banned
|rule|Evasion Moves Clause: Evasion moves are banned
|rule|Endless Battle Clause: Forcing endless battles is banned
|rule|HP Percentage Mod: HP is shown in percentages
|teampreview
|join|Altilt
|join|jake5
|join|Alkov
|join|daftmau5
|join|xtraDOLLARshine
|join|Gizmo
|c|âDevin Chen|hmm
|c|âDevin Chen|my team is p mew-weak
|leave|Gizmo
|join|gay af
|c| xtraDOLLARshine|dam
|c| Alkov|tflame?
|join|Apathos
|c| xtraDOLLARshine|ur teams always luk teh same
|c| xtraDOLLARshine|reverb
|join|Escavalier
|join|Deluxe 55
|c|âDevin Chen|lel
|c| Apathos|__Bellicose Bellicose he's our man, if he can't do it someone good can!__
|c|âDevin Chen|belli
|c|âDevin Chen|go
|c| xtraDOLLARshine|use manectric instead broe
|join|Disorient
|c| Escavalier|its because squirrel feeds him teams
|c| xtraDOLLARshine|the rainbow
|c|âDevin Chen|manetric is shit lel
|leave|Disorient
|c| xtraDOLLARshine|ooo use
|join|JohnxYiu
|
|start
|switch|p1a: Raikou|Raikou|321\/321
|switch|p2a: Empoleon|Empoleon, M|371\/371
|-ability|p1a: Raikou|Pressure
|turn|1
|c| xtraDOLLARshine|lopunny
|c| xtraDOLLARshine|bisharp hertz
|
|move|p1a: Raikou|Thunderbolt|p2a: Empoleon
|-crit|p2a: Empoleon
|-supereffective|p2a: Empoleon
|-damage|p2a: Empoleon|0 fnt
|faint|p2a: Empoleon
|
|c|âDevin Chen|....
|c| Apathos|Bravo.
|
|switch|p2a: Landorus|Landorus, M|319\/319
|turn|2
|c| daftmau5|dw, he's specs
|c| Escavalier|if this is av
|c| Escavalier|lmao
|c| jake5|inb4 scarfed hahahhah
|c|âbellicose|Im av
|
|switch|p1a: Altaria|Altaria, F|311\/311
|move|p2a: Landorus|Knock Off|p1a: Altaria
|-crit|p1a: Altaria
|-damage|p1a: Altaria|169\/311
|-damage|p2a: Landorus|288\/319|[from] item: Life Orb
|
|turn|3
|join|Jukain
|c| Deluxe 55|crit for crit
|c|âbellicose|donk
|
|switch|p2a: Metagross|Metagross|301\/301
|switch|p1a: Mew|Mew|404\/404
|
|turn|4
|
|switch|p2a: Talonflame|Talonflame, M|297\/297
|move|p1a: Mew|Knock Off|p2a: Talonflame
|-damage|p2a: Talonflame|202\/297
|-enditem|p2a: Talonflame|Choice Band|[from] move: Knock Off|[of] p1a: Mew
|
|turn|5
|
|move|p2a: Talonflame|U-turn|p1a: Mew
|-supereffective|p1a: Mew
|-damage|p1a: Mew|276\/404
|
|switch|p2a: Landorus|Landorus, M|288\/319
|move|p1a: Mew|Taunt|p2a: Landorus
|-start|p2a: Landorus|move: Taunt
|
|-heal|p1a: Mew|301\/404|[from] item: Leftovers
|turn|6
|c| Escavalier|LOL
|c| Escavalier|zero
|
|move|p2a: Landorus|Knock Off|p1a: Mew
|-supereffective|p1a: Mew
|-damage|p1a: Mew|44\/404
|-enditem|p1a: Mew|Leftovers|[from] move: Knock Off|[of] p2a: Landorus
|-damage|p2a: Landorus|257\/319|[from] item: Life Orb
|move|p1a: Mew|Roost|p1a: Mew
|-heal|p1a: Mew|246\/404
|
|turn|7
|c| jake5|that did way too much lol
|
|switch|p1a: Landorus-Therian|Landorus-Therian, M|320\/320
|-ability|p1a: Landorus-Therian|Intimidate|[of] p2a: Landorus
|-unboost|p2a: Landorus|atk|1
|move|p2a: Landorus|Earth Power|p1a: Landorus-Therian
|-immune|p1a: Landorus-Therian|[msg]
|
|turn|8
|
|move|p1a: Landorus-Therian|U-turn|p2a: Landorus
|-resisted|p2a: Landorus
|-damage|p2a: Landorus|206\/319
|
|switch|p1a: Mew|Mew|246\/404
|move|p2a: Landorus|Psychic|p1a: Mew
|-resisted|p1a: Mew
|-damage|p1a: Mew|191\/404
|
|-end|p2a: Landorus|move: Taunt
|turn|9
|
|move|p2a: Landorus|Earth Power|p1a: Mew
|-damage|p1a: Mew|16\/404
|move|p1a: Mew|Roost|p1a: Mew
|-heal|p1a: Mew|218\/404
|
|turn|10
|
|move|p2a: Landorus|Earth Power|p1a: Mew
|-damage|p1a: Mew|31\/404
|move|p1a: Mew|Roost|p1a: Mew
|-heal|p1a: Mew|233\/404
|
|turn|11
|
|move|p2a: Landorus|Earth Power|p1a: Mew
|-damage|p1a: Mew|56\/404
|move|p1a: Mew|Roost|p1a: Mew
|-heal|p1a: Mew|258\/404
|
|turn|12
|c|âbellicose|Ur a tiny bit mew weak
|c|âDevin Chen|v mew weak
|c|âDevin Chen|this team isnt 100% done yet
|c|+Jukain|u do have talon
|c|+Jukain|reverb
|c| jake5|^
|c|+Jukain|oo
|c|+Jukain|lol
|c|+Jukain|not that mew weak
|
|switch|p1a: Landorus-Therian|Landorus-Therian, M|320\/320
|-ability|p1a: Landorus-Therian|Intimidate|[of] p2a: Landorus
|-unboost|p2a: Landorus|atk|1
|move|p2a: Landorus|Earth Power|p1a: Landorus-Therian
|-immune|p1a: Landorus-Therian|[msg]
|
|turn|13
|c| xtraDOLLARshine|use sharpedo
|c| xtraDOLLARshine|its good with emp
|
|switch|p2a: Azumarill|Azumarill, M|372\/372
|move|p1a: Landorus-Therian|Stone Edge|p2a: Azumarill|[miss]
|-miss|p1a: Landorus-Therian|p2a: Azumarill
|
|turn|14
|
|switch|p1a: Ferrothorn|Ferrothorn, M|352\/352
|move|p2a: Azumarill|Superpower|p1a: Ferrothorn
|-supereffective|p1a: Ferrothorn
|-damage|p1a: Ferrothorn|138\/352
|-damage|p2a: Azumarill|326\/372|[from] ability: Iron Barbs|[of] p1a: Ferrothorn
|-unboost|p2a: Azumarill|atk|1
|-unboost|p2a: Azumarill|def|1
|
|-heal|p1a: Ferrothorn|160\/352|[from] item: Leftovers
|turn|15
|
|move|p2a: Azumarill|Superpower|p1a: Ferrothorn
|-supereffective|p1a: Ferrothorn
|-damage|p1a: Ferrothorn|26\/352
|-damage|p2a: Azumarill|280\/372|[from] ability: Iron Barbs|[of] p1a: Ferrothorn
|-unboost|p2a: Azumarill|atk|1
|-unboost|p2a: Azumarill|def|1
|move|p1a: Ferrothorn|Stealth Rock|p2a: Azumarill
|-sidestart|p2: Devin Chen|move: Stealth Rock
|
|-heal|p1a: Ferrothorn|48\/352|[from] item: Leftovers
|turn|16
|
|move|p2a: Azumarill|Superpower|p1a: Ferrothorn
|-supereffective|p1a: Ferrothorn
|-damage|p1a: Ferrothorn|0 fnt
|-damage|p2a: Azumarill|234\/372|[from] ability: Iron Barbs|[of] p1a: Ferrothorn
|-unboost|p2a: Azumarill|atk|1
|-unboost|p2a: Azumarill|def|1
|faint|p1a: Ferrothorn
|
|
|switch|p1a: Keldeo|Keldeo|323\/323
|turn|17
|
|switch|p2a: Celebi|Celebi|403\/403
|-damage|p2a: Celebi|353\/403|[from] Stealth Rock
|move|p1a: Keldeo|Secret Sword|p2a: Celebi
|-resisted|p2a: Celebi
|-damage|p2a: Celebi|250\/403
|
|-heal|p2a: Celebi|275\/403|[from] item: Leftovers
|turn|18
|
|switch|p1a: Altaria|Altaria, F|169\/311
|move|p2a: Celebi|Substitute|p2a: Celebi
|-start|p2a: Celebi|Substitute
|-damage|p2a: Celebi|175\/403
|
|-heal|p2a: Celebi|200\/403|[from] item: Leftovers
|turn|19
|
|detailschange|p1a: Altaria|Altaria-Mega, F
|-mega|p1a: Altaria|Altaria|Altarianite
|move|p1a: Altaria|Roost|p1a: Altaria
|-heal|p1a: Altaria|311\/311
|move|p2a: Celebi|Baton Pass|p2a: Celebi
|
|switch|p2a: Metagross|Metagross|301\/301
|-damage|p2a: Metagross|283\/301|[from] Stealth Rock
|
|turn|20
|c|âbellicose|AH
|c|âbellicose|forfot
|join|Cienight
|c|âbellicose|forgot!
|join|Reverend
|c| Deluxe 55|dAMN
|
|switch|p1a: Raikou|Raikou|321\/321
|-ability|p1a: Raikou|Pressure
|detailschange|p2a: Metagross|Metagross-Mega
|-mega|p2a: Metagross|Metagross|Metagrossite
|move|p2a: Metagross|Meteor Mash|p1a: Raikou
|-resisted|p1a: Raikou
|-damage|p1a: Raikou|166\/321
|
|turn|21
|join|Emma Bae
|
|move|p1a: Raikou|Volt Switch|p2a: Metagross
|-end|p2a: Metagross|Substitute
|c| xtraDOLLARshine|emma bae followin me
|
|switch|p1a: Landorus-Therian|Landorus-Therian, M|320\/320
|-ability|p1a: Landorus-Therian|Intimidate|[of] p2a: Metagross
|-unboost|p2a: Metagross|atk|1
|move|p2a: Metagross|Ice Punch|p1a: Landorus-Therian
|-supereffective|p1a: Landorus-Therian
|-damage|p1a: Landorus-Therian|0 fnt
|faint|p1a: Landorus-Therian
|
|
|switch|p1a: Mew|Mew|258\/404
|turn|22
|
|switch|p2a: Celebi|Celebi|200\/403
|-damage|p2a: Celebi|150\/403|[from] Stealth Rock
|switch|p1a: Raikou|Raikou|166\/321
|-ability|p1a: Raikou|Pressure
|
|-heal|p2a: Celebi|175\/403|[from] item: Leftovers
|turn|23
|c|âbellicose|lol
|
|move|p1a: Raikou|Volt Switch|p2a: Celebi
|-resisted|p2a: Celebi
|-damage|p2a: Celebi|133\/403
|c|âbellicose|idk what that play was
|c|âbellicose|a sack?
|
|switch|p1a: Altaria|Altaria-Mega, F|311\/311
|move|p2a: Celebi|Recover|p2a: Celebi
|-heal|p2a: Celebi|335\/403
|
|-heal|p2a: Celebi|360\/403|[from] item: Leftovers
|turn|24
|leave|Altilt
|
|move|p1a: Altaria|Fire Blast|p2a: Celebi
|-supereffective|p2a: Celebi
|-damage|p2a: Celebi|174\/403
|-status|p2a: Celebi|brn
|move|p2a: Celebi|Baton Pass|p2a: Celebi
|
|switch|p2a: Metagross|Metagross-Mega|283\/301
|-damage|p2a: Metagross|265\/301|[from] Stealth Rock
|
|turn|25
|
|move|p2a: Metagross|Meteor Mash|p1a: Altaria
|-supereffective|p1a: Altaria
|-damage|p1a: Altaria|0 fnt
|faint|p1a: Altaria
|
|
|switch|p1a: Mew|Mew|258\/404
|turn|26
|c| Deluxe 55|hello
|leave|Deluxe 55
|
|move|p2a: Metagross|Meteor Mash|p1a: Mew
|-damage|p1a: Mew|35\/404
|-boost|p2a: Metagross|atk|1
|move|p1a: Mew|Will-O-Wisp|p2a: Metagross
|-status|p2a: Metagross|brn
|
|-damage|p2a: Metagross|228\/301 brn|[from] brn
|turn|27
|join|Deluxe 55
|
|move|p2a: Metagross|Earthquake|p1a: Mew
|-damage|p1a: Mew|0 fnt
|faint|p1a: Mew
|
|-damage|p2a: Metagross|191\/301 brn|[from] brn
|
|switch|p1a: Raikou|Raikou|166\/321
|-ability|p1a: Raikou|Pressure
|turn|28
|
|move|p1a: Raikou|Volt Switch|p2a: Metagross
|-damage|p2a: Metagross|85\/301 brn
|
|switch|p1a: Keldeo|Keldeo|323\/323
|move|p2a: Metagross|Zen Headbutt|p1a: Keldeo
|-supereffective|p1a: Keldeo
|-damage|p1a: Keldeo|0 fnt
|faint|p1a: Keldeo
|
|-damage|p2a: Metagross|48\/301 brn|[from] brn
|
|switch|p1a: Raikou|Raikou|166\/321
|-ability|p1a: Raikou|Pressure
|turn|29
|
|move|p1a: Raikou|Shadow Ball|p2a: Metagross
|-supereffective|p2a: Metagross
|-damage|p2a: Metagross|0 fnt
|faint|p2a: Metagross
|
|
|switch|p2a: Talonflame|Talonflame, M|202\/297
|-damage|p2a: Talonflame|54\/297|[from] Stealth Rock
|turn|30
|
|move|p2a: Talonflame|Tailwind|p2a: Talonflame
|-sidestart|p2: Devin Chen|move: Tailwind
|move|p1a: Raikou|Shadow Ball|p2a: Talonflame
|-damage|p2a: Talonflame|0 fnt
|faint|p2a: Talonflame
|
|
|switch|p2a: Landorus|Landorus, M|206\/319
|-damage|p2a: Landorus|167\/319|[from] Stealth Rock
|turn|31
|c|âDevin Chen|gg
|leave|jake5
|
|move|p2a: Landorus|Earth Power|p1a: Raikou
|-supereffective|p1a: Raikou
|-damage|p1a: Raikou|0 fnt
|faint|p1a: Raikou
|
|win|Devin Chen
|c|âbellicose|Gg kiddo
|leave|Deluxe 55
|leave|bellicose
|player|p1
|leave|Emma Bae
|c| Cienight|>kiddo
|player|p2|Reverb|#reverbxmas
|join|Deluxe 55
|join|jake5
|leave|xtraDOLLARshine
|leave|Cienight
|join|Cienight
|leave|jake5
|leave|Cienight
|leave|gay af
|leave|Escavalier
|join|Trickzio
|join|gay af
|leave|gay af
|leave|Trickzio
|leave|Deluxe 55
|join|Deluxe 55