|join|bizarman
|join|tigers
|player|p1|bizarman|42
|player|p2|tigers|170
|gametype|singles
|gen|6
|tier|OU
|rated
|clearpoke
|poke|p1|Latios, M
|poke|p1|Talonflame, F
|poke|p1|Keldeo
|poke|p1|Medicham, M
|poke|p1|Heatran, F
|poke|p1|Clefable, M
|poke|p2|Umbreon, M
|poke|p2|Venusaur, M
|poke|p2|Gliscor, M
|poke|p2|Slowbro, M, shiny
|poke|p2|Latias, F
|poke|p2|Heatran, F
|rule|Swagger Clause: Swagger is banned
|rule|Baton Pass Clause: Limit one PokÃ©mon knowing Baton Pass
|rule|Sleep Clause Mod: Limit one foe put to sleep
|rule|Species Clause: Limit one of each PokÃ©mon
|rule|OHKO Clause: OHKO moves are banned
|rule|Moody Clause: Moody is banned
|rule|Evasion Moves Clause: Evasion moves are banned
|rule|Endless Battle Clause: Forcing endless battles is banned
|rule|HP Percentage Mod: HP is shown in percentages
|teampreview
|
|start
|switch|p1a: Medicham|Medicham, M|261\/261
|switch|p2a: Scrooge|Gliscor, M|354\/354
|turn|1
|
|detailschange|p1a: Medicham|Medicham-Mega, M
|message|Medicham has Mega Evolved into Mega Medicham!
|move|p2a: Scrooge|Protect|p2a: Scrooge
|-singleturn|p2a: Scrooge|Protect
|move|p1a: Medicham|Fake Out|p2a: Scrooge
|-activate|p2a: Scrooge|Protect
|
|-status|p2a: Scrooge|tox|[from] item: Toxic Orb
|turn|2
|
|switch|p1a: Heatran|Heatran, F|323\/323
|-item|p1a: Heatran|Air Balloon
|switch|p2a: Lightning|Slowbro, M, shiny|394\/394
|
|turn|3
|
|switch|p2a: Latias|Latias, F|364\/364
|move|p1a: Heatran|Stealth Rock|p2a: Latias
|-sidestart|p2: tigers|move: Stealth Rock
|
|turn|4
|
|switch|p1a: Clefable|Clefable, M|394\/394
|move|p2a: Latias|Defog|p1a: Clefable
|-unboost|p1a: Clefable|evasion|1
|-sideend|p2: tigers|Stealth Rock|[from] move: Defog|[of] p2a: Latias
|
|turn|5
|
|switch|p2a: Heatran|Heatran, F|386\/386
|move|p1a: Clefable|Moonblast|p2a: Heatran
|-resisted|p2a: Heatran
|-damage|p2a: Heatran|369\/386
|-unboost|p2a: Heatran|spa|1
|
|-heal|p2a: Heatran|386\/386|[from] item: Leftovers
|turn|6
|
|switch|p1a: Heatran|Heatran, F|323\/323
|-item|p1a: Heatran|Air Balloon
|move|p2a: Heatran|Stealth Rock|p1a: Heatran
|-sidestart|p1: bizarman|move: Stealth Rock
|
|turn|7
|
|switch|p2a: Latias|Latias, F|364\/364
|move|p1a: Heatran|Stealth Rock|p2a: Latias
|-sidestart|p2: tigers|move: Stealth Rock
|
|turn|8
|
|move|p1a: Heatran|Flash Cannon|p2a: Latias
|-damage|p2a: Latias|279\/364
|move|p2a: Latias|Surf|p1a: Heatran
|-supereffective|p1a: Heatran
|-damage|p1a: Heatran|187\/323
|-enditem|p1a: Heatran|Air Balloon
|
|-heal|p2a: Latias|301\/364|[from] item: Leftovers
|turn|9
|
|switch|p1a: Latios|Latios, M|301\/301
|-damage|p1a: Latios|264\/301|[from] Stealth Rock
|move|p2a: Latias|Defog|p1a: Latios
|-unboost|p1a: Latios|evasion|1
|-sideend|p1: bizarman|Stealth Rock|[from] move: Defog|[of] p1a: Latios
|-sideend|p2: tigers|Stealth Rock|[from] move: Defog|[of] p2a: Latias
|
|-heal|p2a: Latias|323\/364|[from] item: Leftovers
|turn|10
|
|switch|p2a: Umbreon|Umbreon, M|394\/394
|move|p1a: Latios|Draco Meteor|p2a: Umbreon
|-damage|p2a: Umbreon|221\/394
|-unboost|p1a: Latios|spa|2
|-damage|p1a: Latios|234\/301|[from] item: Life Orb
|
|-heal|p2a: Umbreon|245\/394|[from] item: Leftovers
|turn|11
|
|switch|p1a: Medicham|Medicham-Mega, M|261\/261
|move|p2a: Umbreon|Wish|p2a: Umbreon
|
|-heal|p2a: Umbreon|269\/394|[from] item: Leftovers
|turn|12
|
|move|p2a: Umbreon|Protect|p2a: Umbreon
|-singleturn|p2a: Umbreon|Protect
|move|p1a: Medicham|Fake Out|p2a: Umbreon
|-activate|p2a: Umbreon|Protect
|
|-heal|p2a: Umbreon|394\/394|[from] move: Wish|[wisher] Umbreon
|turn|13
|
|switch|p2a: Lightning|Slowbro, M, shiny|394\/394
|move|p1a: Medicham|High Jump Kick|p2a: Lightning
|-resisted|p2a: Lightning
|-damage|p2a: Lightning|259\/394
|
|-heal|p2a: Lightning|283\/394|[from] item: Leftovers
|turn|14
|
|move|p1a: Medicham|Thunder Punch|p2a: Lightning
|-supereffective|p2a: Lightning
|-damage|p2a: Lightning|59\/394
|move|p2a: Lightning|Thunder Wave|p1a: Medicham
|-status|p1a: Medicham|par
|
|-heal|p2a: Lightning|83\/394|[from] item: Leftovers
|turn|15
|
|switch|p2a: Scrooge|Gliscor, M|354\/354 tox
|cant|p1a: Medicham|par
|
|turn|16
|
|switch|p1a: Keldeo|Keldeo|323\/323
|move|p2a: Scrooge|Protect|p2a: Scrooge
|-fail|p2a: Scrooge
|
|turn|17
|
|move|p2a: Scrooge|Protect|p2a: Scrooge
|-singleturn|p2a: Scrooge|Protect
|move|p1a: Keldeo|Scald|p2a: Scrooge
|-activate|p2a: Scrooge|Protect
|
|turn|18
|
|switch|p1a: Clefable|Clefable, M|394\/394
|switch|p2a: Latias|Latias, F|323\/364
|
|-heal|p2a: Latias|345\/364|[from] item: Leftovers
|turn|19
|
|switch|p2a: Heatran|Heatran, F|386\/386
|move|p1a: Clefable|Heal Bell|p1a: Clefable
|-cureteam|p1a: Clefable|[from] move: HealBell
|
|turn|20
|
|switch|p1a: Medicham|Medicham-Mega, M|261\/261
|move|p2a: Heatran|Stealth Rock|p1a: Medicham
|-sidestart|p1: bizarman|move: Stealth Rock
|
|turn|21
|
|switch|p2a: Scrooge|Gliscor, M|354\/354 tox
|move|p1a: Medicham|High Jump Kick|p2a: Scrooge|[miss]
|-miss|p1a: Medicham|p2a: Scrooge
|-damage|p1a: Medicham|131\/261|[from] highjumpkick
|
|turn|22
|
|move|p2a: Scrooge|Protect|p2a: Scrooge
|-singleturn|p2a: Scrooge|Protect
|move|p1a: Medicham|Zen Headbutt|p2a: Scrooge
|-activate|p2a: Scrooge|Protect
|
|turn|23
|
|switch|p1a: Keldeo|Keldeo|323\/323
|-damage|p1a: Keldeo|303\/323|[from] Stealth Rock
|move|p2a: Scrooge|Toxic|p1a: Keldeo
|-status|p1a: Keldeo|tox
|
|-damage|p1a: Keldeo|283\/323 tox|[from] psn
|turn|24
|
|move|p2a: Scrooge|Protect|p2a: Scrooge
|-singleturn|p2a: Scrooge|Protect
|move|p1a: Keldeo|Scald|p2a: Scrooge
|-activate|p2a: Scrooge|Protect
|
|-damage|p1a: Keldeo|243\/323 tox|[from] psn
|turn|25
|
|switch|p2a: Latias|Latias, F|345\/364
|move|p1a: Keldeo|Scald|p2a: Latias
|-resisted|p2a: Latias
|-damage|p2a: Latias|304\/364
|
|-heal|p2a: Latias|326\/364|[from] item: Leftovers
|-damage|p1a: Keldeo|183\/323 tox|[from] psn
|turn|26
|
|switch|p1a: Clefable|Clefable, M|394\/394
|-damage|p1a: Clefable|345\/394|[from] Stealth Rock
|move|p2a: Latias|Surf|p1a: Clefable
|-damage|p1a: Clefable|264\/394
|
|-heal|p2a: Latias|348\/364|[from] item: Leftovers
|-heal|p1a: Clefable|288\/394|[from] item: Leftovers
|turn|27
|
|switch|p2a: Heatran|Heatran, F|386\/386
|move|p1a: Clefable|Wish|p1a: Clefable
|
|-heal|p1a: Clefable|312\/394|[from] item: Leftovers
|turn|28
|
|move|p1a: Clefable|Heal Bell|p1a: Clefable
|-cureteam|p1a: Clefable|[from] move: HealBell
|move|p2a: Heatran|Roar|p1a: Clefable
|drag|p1a: Medicham|Medicham-Mega, M|131\/261
|-damage|p1a: Medicham|115\/261|[from] Stealth Rock
|
|-heal|p1a: Medicham|261\/261|[from] move: Wish|[wisher] Clefable
|turn|29
|
|switch|p2a: Scrooge|Gliscor, M|354\/354 tox
|move|p1a: Medicham|High Jump Kick|p2a: Scrooge
|-resisted|p2a: Scrooge
|-damage|p2a: Scrooge|222\/354 tox
|
|-heal|p2a: Scrooge|266\/354 tox|[from] ability: Poison Heal
|turn|30
|
|switch|p1a: Keldeo|Keldeo|183\/323
|-damage|p1a: Keldeo|163\/323|[from] Stealth Rock
|move|p2a: Scrooge|Protect|p2a: Scrooge
|-fail|p2a: Scrooge
|
|-heal|p2a: Scrooge|310\/354 tox|[from] ability: Poison Heal
|turn|31
|
|move|p2a: Scrooge|Protect|p2a: Scrooge
|-singleturn|p2a: Scrooge|Protect
|move|p1a: Keldeo|Scald|p2a: Scrooge
|-activate|p2a: Scrooge|Protect
|
|-heal|p2a: Scrooge|354\/354 tox|[from] ability: Poison Heal
|turn|32
|
|switch|p2a: Latias|Latias, F|348\/364
|move|p1a: Keldeo|Scald|p2a: Latias
|-resisted|p2a: Latias
|-damage|p2a: Latias|309\/364
|
|-heal|p2a: Latias|331\/364|[from] item: Leftovers
|turn|33
|
|switch|p1a: Latios|Latios, M|234\/301
|-damage|p1a: Latios|197\/301|[from] Stealth Rock
|move|p2a: Latias|Roar|p1a: Latios
|drag|p1a: Heatran|Heatran, F|187\/323
|-damage|p1a: Heatran|147\/323|[from] Stealth Rock
|
|-heal|p2a: Latias|353\/364|[from] item: Leftovers
|turn|34
|
|switch|p1a: Latios|Latios, M|197\/301
|-damage|p1a: Latios|160\/301|[from] Stealth Rock
|move|p2a: Latias|Surf|p1a: Latios
|-resisted|p1a: Latios
|-damage|p1a: Latios|127\/301
|
|-heal|p2a: Latias|364\/364|[from] item: Leftovers
|turn|35
|
|switch|p2a: Umbreon|Umbreon, M|394\/394
|move|p1a: Latios|Defog|p2a: Umbreon
|-unboost|p2a: Umbreon|evasion|1
|-sideend|p1: bizarman|Stealth Rock|[from] move: Defog|[of] p1a: Latios
|
|turn|36
|
|switch|p1a: Clefable|Clefable, M|312\/394
|move|p2a: Umbreon|Foul Play|p1a: Clefable
|-resisted|p1a: Clefable
|-damage|p1a: Clefable|280\/394
|
|-heal|p1a: Clefable|304\/394|[from] item: Leftovers
|turn|37
|
|move|p2a: Umbreon|Wish|p2a: Umbreon
|move|p1a: Clefable|Wish|p1a: Clefable
|
|-heal|p1a: Clefable|328\/394|[from] item: Leftovers
|turn|38
|
|switch|p2a: Lightning|Slowbro, M, shiny|214\/394
|switch|p1a: Keldeo|Keldeo|163\/323
|
|-heal|p1a: Keldeo|323\/323|[from] move: Wish|[wisher] Clefable
|-heal|p2a: Lightning|394\/394|[from] move: Wish|[wisher] Umbreon
|turn|39
|
|switch|p1a: Clefable|Clefable, M|328\/394
|move|p2a: Lightning|Thunder Wave|p1a: Clefable
|-status|p1a: Clefable|par
|
|-heal|p1a: Clefable|352\/394 par|[from] item: Leftovers
|turn|40
|
|switch|p2a: Heatran|Heatran, F|386\/386
|move|p1a: Clefable|Wish|p1a: Clefable
|
|-heal|p1a: Clefable|376\/394 par|[from] item: Leftovers
|turn|41
|
|switch|p1a: Heatran|Heatran, F|147\/323
|move|p2a: Heatran|Roar|p1a: Heatran
|drag|p1a: Talonflame|Talonflame, F|327\/327
|
|turn|42
|
|switch|p1a: Latios|Latios, M|127\/301
|move|p2a: Heatran|Stealth Rock|p1a: Latios
|-sidestart|p1: bizarman|move: Stealth Rock
|
|turn|43
|
|switch|p2a: Umbreon|Umbreon, M|394\/394
|move|p1a: Latios|Earthquake|p2a: Umbreon
|-damage|p2a: Umbreon|303\/394
|-damage|p1a: Latios|97\/301|[from] item: Life Orb
|
|-heal|p2a: Umbreon|327\/394|[from] item: Leftovers
|turn|44
|
|switch|p1a: Clefable|Clefable, M|376\/394 par
|-damage|p1a: Clefable|327\/394 par|[from] Stealth Rock
|move|p2a: Umbreon|Foul Play|p1a: Clefable
|-crit|p1a: Clefable
|-resisted|p1a: Clefable
|-damage|p1a: Clefable|277\/394 par
|
|-heal|p2a: Umbreon|351\/394|[from] item: Leftovers
|-heal|p1a: Clefable|301\/394 par|[from] item: Leftovers
|turn|45
|
|switch|p2a: Lightning|Slowbro, M, shiny|394\/394
|move|p1a: Clefable|Wish|p1a: Clefable
|
|-heal|p1a: Clefable|325\/394 par|[from] item: Leftovers
|turn|46
|
|switch|p1a: Latios|Latios, M|97\/301
|-damage|p1a: Latios|60\/301|[from] Stealth Rock
|move|p2a: Lightning|Scald|p1a: Latios
|-resisted|p1a: Latios
|-damage|p1a: Latios|15\/301
|-status|p1a: Latios|brn
|
|-heal|p1a: Latios|212\/301 brn|[from] move: Wish|[wisher] Clefable
|-damage|p1a: Latios|175\/301 brn|[from] brn
|turn|47
|
|move|p1a: Latios|Defog|p2a: Lightning
|-unboost|p2a: Lightning|evasion|1
|-sideend|p1: bizarman|Stealth Rock|[from] move: Defog|[of] p1a: Latios
|move|p2a: Lightning|Ice Beam|p1a: Latios
|-supereffective|p1a: Latios
|-damage|p1a: Latios|41\/301 brn
|
|-damage|p1a: Latios|4\/301 brn|[from] brn
|turn|48
|
|switch|p2a: Heatran|Heatran, F|386\/386
|move|p1a: Latios|Draco Meteor|p2a: Heatran
|-resisted|p2a: Heatran
|-damage|p2a: Heatran|289\/386
|-unboost|p1a: Latios|spa|2
|-damage|p1a: Latios|0 fnt|[from] item: Life Orb
|faint|p1a: Latios
|
|-heal|p2a: Heatran|313\/386|[from] item: Leftovers
|
|switch|p1a: Medicham|Medicham-Mega, M|261\/261
|turn|49
|
|switch|p2a: Lightning|Slowbro, M, shiny|394\/394
|move|p1a: Medicham|High Jump Kick|p2a: Lightning
|-resisted|p2a: Lightning
|-damage|p2a: Lightning|240\/394
|
|-heal|p2a: Lightning|264\/394|[from] item: Leftovers
|turn|50
|
|switch|p2a: Scrooge|Gliscor, M|354\/354 tox
|move|p1a: Medicham|Thunder Punch|p2a: Scrooge
|-immune|p2a: Scrooge|[msg]
|
|turn|51
|
|switch|p1a: Keldeo|Keldeo|323\/323
|move|p2a: Scrooge|Earthquake|p1a: Keldeo
|-damage|p1a: Keldeo|209\/323
|
|turn|52
|
|switch|p1a: Clefable|Clefable, M|325\/394 par
|move|p2a: Scrooge|Protect|p2a: Scrooge
|-fail|p2a: Scrooge
|
|-heal|p1a: Clefable|349\/394 par|[from] item: Leftovers
|turn|53
|
|move|p2a: Scrooge|Taunt|p1a: Clefable
|-start|p1a: Clefable|move: Taunt
|cant|p1a: Clefable|move: Taunt|Wish
|
|-heal|p1a: Clefable|373\/394 par|[from] item: Leftovers
|turn|54
|
|move|p2a: Scrooge|Earthquake|p1a: Clefable
|-damage|p1a: Clefable|277\/394 par
|move|p1a: Clefable|Moonblast|p2a: Scrooge
|-damage|p2a: Scrooge|221\/354 tox
|
|-heal|p1a: Clefable|301\/394 par|[from] item: Leftovers
|-heal|p2a: Scrooge|265\/354 tox|[from] ability: Poison Heal
|turn|55
|
|switch|p1a: Keldeo|Keldeo|209\/323
|move|p2a: Scrooge|Protect|p2a: Scrooge
|-fail|p2a: Scrooge
|
|-heal|p2a: Scrooge|309\/354 tox|[from] ability: Poison Heal
|turn|56
|
|move|p2a: Scrooge|Protect|p2a: Scrooge
|-singleturn|p2a: Scrooge|Protect
|move|p1a: Keldeo|Scald|p2a: Scrooge
|-activate|p2a: Scrooge|Protect
|
|-heal|p2a: Scrooge|353\/354 tox|[from] ability: Poison Heal
|turn|57
|
|switch|p2a: Latias|Latias, F|364\/364
|move|p1a: Keldeo|Scald|p2a: Latias
|-resisted|p2a: Latias
|-damage|p2a: Latias|325\/364
|-status|p2a: Latias|brn
|
|-heal|p2a: Latias|347\/364 brn|[from] item: Leftovers
|-damage|p2a: Latias|302\/364 brn|[from] brn
|turn|58
|c|âbizarman|at last
|
|switch|p1a: Clefable|Clefable, M|301\/394 par
|move|p2a: Latias|Surf|p1a: Clefable
|-damage|p1a: Clefable|213\/394 par
|
|-heal|p2a: Latias|324\/364 brn|[from] item: Leftovers
|-heal|p1a: Clefable|237\/394 par|[from] item: Leftovers
|-damage|p2a: Latias|279\/364 brn|[from] brn
|turn|59
|
|switch|p2a: Heatran|Heatran, F|313\/386
|move|p1a: Clefable|Wish|p1a: Clefable
|
|-heal|p2a: Heatran|337\/386|[from] item: Leftovers
|-heal|p1a: Clefable|261\/394 par|[from] item: Leftovers
|turn|60
|
|cant|p1a: Clefable|par
|move|p2a: Heatran|Roar|p1a: Clefable
|drag|p1a: Medicham|Medicham-Mega, M|261\/261
|
|-heal|p2a: Heatran|361\/386|[from] item: Leftovers
|turn|61
|
|switch|p2a: Scrooge|Gliscor, M|353\/354 tox
|move|p1a: Medicham|Zen Headbutt|p2a: Scrooge
|-damage|p2a: Scrooge|191\/354 tox
|
|-heal|p2a: Scrooge|235\/354 tox|[from] ability: Poison Heal
|turn|62
|
|move|p2a: Scrooge|Protect|p2a: Scrooge
|-singleturn|p2a: Scrooge|Protect
|move|p1a: Medicham|Zen Headbutt|p2a: Scrooge
|-activate|p2a: Scrooge|Protect
|
|-heal|p2a: Scrooge|279\/354 tox|[from] ability: Poison Heal
|turn|63
|
|switch|p2a: Lightning|Slowbro, M, shiny|394\/394
|move|p1a: Medicham|Zen Headbutt|p2a: Lightning|[miss]
|-miss|p1a: Medicham|p2a: Lightning
|
|turn|64
|
|move|p1a: Medicham|Thunder Punch|p2a: Lightning
|-supereffective|p2a: Lightning
|-damage|p2a: Lightning|154\/394
|move|p2a: Lightning|Thunder Wave|p1a: Medicham
|-status|p1a: Medicham|par
|
|-heal|p2a: Lightning|178\/394|[from] item: Leftovers
|turn|65
|
|switch|p2a: Scrooge|Gliscor, M|279\/354 tox
|move|p1a: Medicham|Zen Headbutt|p2a: Scrooge
|-damage|p2a: Scrooge|104\/354 tox
|
|-heal|p2a: Scrooge|148\/354 tox|[from] ability: Poison Heal
|turn|66
|
|move|p2a: Scrooge|Protect|p2a: Scrooge
|-singleturn|p2a: Scrooge|Protect
|cant|p1a: Medicham|par
|
|-heal|p2a: Scrooge|192\/354 tox|[from] ability: Poison Heal
|turn|67
|
|switch|p2a: Umbreon|Umbreon, M|351\/394
|cant|p1a: Medicham|par
|
|-heal|p2a: Umbreon|375\/394|[from] item: Leftovers
|turn|68
|
|switch|p1a: Clefable|Clefable, M|261\/394 par
|move|p2a: Umbreon|Protect|p2a: Umbreon
|-fail|p2a: Umbreon
|
|-heal|p2a: Umbreon|394\/394|[from] item: Leftovers
|-heal|p1a: Clefable|285\/394 par|[from] item: Leftovers
|turn|69
|
|switch|p2a: Scrooge|Gliscor, M|192\/354 tox
|move|p1a: Clefable|Heal Bell|p1a: Clefable
|-cureteam|p1a: Clefable|[from] move: HealBell
|
|-heal|p1a: Clefable|309\/394|[from] item: Leftovers
|-heal|p2a: Scrooge|236\/354 tox|[from] ability: Poison Heal
|turn|70
|
|switch|p2a: Heatran|Heatran, F|361\/386
|move|p1a: Clefable|Wish|p1a: Clefable
|
|-heal|p2a: Heatran|385\/386|[from] item: Leftovers
|-heal|p1a: Clefable|333\/394|[from] item: Leftovers
|turn|71
|
|switch|p1a: Heatran|Heatran, F|147\/323
|move|p2a: Heatran|Stealth Rock|p1a: Heatran
|-sidestart|p1: bizarman|move: Stealth Rock
|
|-heal|p1a: Heatran|323\/323|[from] move: Wish|[wisher] Clefable
|-heal|p2a: Heatran|386\/386|[from] item: Leftovers
|turn|72
|
|switch|p2a: Scrooge|Gliscor, M|236\/354 tox
|move|p1a: Heatran|Stealth Rock|p2a: Scrooge
|-sidestart|p2: tigers|move: Stealth Rock
|
|-heal|p2a: Scrooge|280\/354 tox|[from] ability: Poison Heal
|turn|73
|
|move|p1a: Heatran|Fire Blast|p2a: Scrooge
|-damage|p2a: Scrooge|24\/354 tox
|move|p2a: Scrooge|Earthquake|p1a: Heatran
|-supereffective|p1a: Heatran
|-damage|p1a: Heatran|0 fnt
|faint|p1a: Heatran
|
|-heal|p2a: Scrooge|68\/354 tox|[from] ability: Poison Heal
|
|switch|p1a: Medicham|Medicham-Mega, M|261\/261
|-damage|p1a: Medicham|245\/261|[from] Stealth Rock
|turn|74
|
|move|p2a: Scrooge|Protect|p2a: Scrooge
|-singleturn|p2a: Scrooge|Protect
|move|p1a: Medicham|Fake Out|p2a: Scrooge
|-activate|p2a: Scrooge|Protect
|
|-heal|p2a: Scrooge|112\/354 tox|[from] ability: Poison Heal
|turn|75
|
|switch|p2a: Umbreon|Umbreon, M|394\/394
|-damage|p2a: Umbreon|345\/394|[from] Stealth Rock
|move|p1a: Medicham|High Jump Kick|p2a: Umbreon
|-supereffective|p2a: Umbreon
|-damage|p2a: Umbreon|0 fnt
|faint|p2a: Umbreon
|
|
|switch|p2a: Lightning|Slowbro, M, shiny|309\/394
|-damage|p2a: Lightning|260\/394|[from] Stealth Rock
|turn|76
|
|move|p1a: Medicham|Thunder Punch|p2a: Lightning
|-crit|p2a: Lightning
|-supereffective|p2a: Lightning
|-damage|p2a: Lightning|0 fnt
|faint|p2a: Lightning
|
|c|âtigers|...
|c|âtigers|come on
|
|switch|p2a: Venusaur|Venusaur, M|364\/364
|-damage|p2a: Venusaur|319\/364|[from] Stealth Rock
|turn|77
|
|detailschange|p2a: Venusaur|Venusaur-Mega, M
|message|Venusaur has Mega Evolved into Mega Venusaur!
|move|p1a: Medicham|Zen Headbutt|p2a: Venusaur
|-supereffective|p2a: Venusaur
|-damage|p2a: Venusaur|0 fnt
|faint|p2a: Venusaur
|
|-message|tigers forfeited.
|
|win|bizarman
|raw|Ladder updating...
|leave|tigers
|player|p2
|c|âbizarman|I love this so much
|raw|bizarman's rating: 1603 &rarr; <strong>1627<\/strong><br \/>(+24 for winning)
|raw|tigers's rating: 1664 &rarr; <strong>1641<\/strong><br \/>(-23 for losing)