|join|muk the kid
|join|tigers
|player|p1|muk the kid|170
|player|p2|tigers|169
|gametype|singles
|gen|6
|tier|OU
|rated
|clearpoke
|poke|p1|Sceptile, F
|poke|p1|Talonflame, F
|poke|p1|Starmie
|poke|p1|Landorus-Therian, M
|poke|p1|Lucario, M
|poke|p1|Rotom-Wash
|poke|p2|Umbreon, M
|poke|p2|Venusaur, M
|poke|p2|Gliscor, M
|poke|p2|Slowbro, M, shiny
|poke|p2|Latias, F
|poke|p2|Heatran, F
|rule|Swagger Clause: Swagger is banned
|rule|Baton Pass Clause: Limit one PokÃ©mon knowing Baton Pass
|rule|Sleep Clause Mod: Limit one foe put to sleep
|rule|Species Clause: Limit one of each PokÃ©mon
|rule|OHKO Clause: OHKO moves are banned
|rule|Moody Clause: Moody is banned
|rule|Evasion Moves Clause: Evasion moves are banned
|rule|Endless Battle Clause: Forcing endless battles is banned
|rule|HP Percentage Mod: HP is shown in percentages
|teampreview
|join|y4
|
|start
|switch|p1a: Reptar|Sceptile, F|281\/281
|switch|p2a: Scrooge|Gliscor, M|354\/354
|turn|1
|
|detailschange|p1a: Reptar|Sceptile-Mega, F
|-mega|p1a: Reptar|Sceptile|Sceptilite
|move|p2a: Scrooge|Protect|p2a: Scrooge
|-singleturn|p2a: Scrooge|Protect
|move|p1a: Reptar|Leaf Storm|p2a: Scrooge
|-activate|p2a: Scrooge|Protect
|
|-status|p2a: Scrooge|tox|[from] item: Toxic Orb
|turn|2
|
|switch|p2a: Umbreon|Umbreon, M|394\/394
|move|p1a: Reptar|Dragon Pulse|p2a: Umbreon
|-damage|p2a: Umbreon|288\/394
|
|-heal|p2a: Umbreon|312\/394|[from] item: Leftovers
|turn|3
|
|switch|p1a: DOGE EBINEST|Lucario, M|281\/281
|move|p2a: Umbreon|Foul Play|p1a: DOGE EBINEST
|-resisted|p1a: DOGE EBINEST
|-damage|p1a: DOGE EBINEST|170\/281
|-boost|p1a: DOGE EBINEST|atk|1|[from] ability: Justified
|
|-heal|p2a: Umbreon|336\/394|[from] item: Leftovers
|turn|4
|
|switch|p2a: Venusaur|Venusaur, M|364\/364
|move|p1a: DOGE EBINEST|Swords Dance|p1a: DOGE EBINEST
|-boost|p1a: DOGE EBINEST|atk|2
|
|turn|5
|
|detailschange|p2a: Venusaur|Venusaur-Mega, M
|-mega|p2a: Venusaur|Venusaur|Venusaurite
|move|p1a: DOGE EBINEST|Iron Tail|p2a: Venusaur|[miss]
|-miss|p1a: DOGE EBINEST|p2a: Venusaur
|move|p2a: Venusaur|Hidden Power|p1a: DOGE EBINEST
|-supereffective|p1a: DOGE EBINEST
|-damage|p1a: DOGE EBINEST|20\/281
|
|turn|6
|join|TOTEMO
|join|Bedschibaer
|
|move|p1a: DOGE EBINEST|Iron Tail|p2a: Venusaur
|-damage|p2a: Venusaur|5\/364
|-damage|p1a: DOGE EBINEST|0 fnt|[from] item: Life Orb
|faint|p1a: DOGE EBINEST
|move|p2a: Venusaur|Hidden Power|p1: DOGE EBINEST|[notarget]
|-notarget
|
|join|I'm Rick Astley
|
|switch|p1a: Landorus-Therian|Landorus-Therian, M|381\/381
|-ability|p1a: Landorus-Therian|Intimidate|[of] p2a: Venusaur
|-unboost|p2a: Venusaur|atk|1
|turn|7
|
|move|p1a: Landorus-Therian|U-turn|p2a: Venusaur
|-damage|p2a: Venusaur|0 fnt
|faint|p2a: Venusaur
|join|C Le Fairy
|
|switch|p1a: Balonflame|Talonflame, F|359\/359
|
|
|switch|p2a: Heatran|Heatran, F|386\/386
|turn|8
|
|move|p1a: Balonflame|Taunt|p2a: Heatran
|-start|p2a: Heatran|move: Taunt
|cant|p2a: Heatran|move: Taunt|Stealth Rock
|
|turn|9
|
|move|p1a: Balonflame|Bulk Up|p1a: Balonflame
|-boost|p1a: Balonflame|atk|1
|-boost|p1a: Balonflame|def|1
|move|p2a: Heatran|Lava Plume|p1a: Balonflame
|-resisted|p1a: Balonflame
|-damage|p1a: Balonflame|309\/359
|
|-heal|p1a: Balonflame|331\/359|[from] item: Leftovers
|turn|10
|join|mouse de frank
|
|switch|p2a: Lightning|Slowbro, M, shiny|394\/394
|move|p1a: Balonflame|Bulk Up|p1a: Balonflame
|-boost|p1a: Balonflame|atk|1
|-boost|p1a: Balonflame|def|1
|
|-heal|p1a: Balonflame|353\/359|[from] item: Leftovers
|turn|11
|
|move|p1a: Balonflame|Taunt|p2a: Lightning
|-start|p2a: Lightning|move: Taunt
|move|p2a: Lightning|Scald|p1a: Balonflame
|-supereffective|p1a: Balonflame
|-damage|p1a: Balonflame|195\/359
|
|-heal|p1a: Balonflame|217\/359|[from] item: Leftovers
|turn|12
|
|move|p1a: Balonflame|Roost|p1a: Balonflame
|-heal|p1a: Balonflame|359\/359
|move|p2a: Lightning|Scald|p1a: Balonflame
|-supereffective|p1a: Balonflame
|-damage|p1a: Balonflame|195\/359
|
|-heal|p1a: Balonflame|217\/359|[from] item: Leftovers
|turn|13
|
|switch|p1a: Rotardation|Rotom-Wash|303\/303
|move|p2a: Lightning|Scald|p1a: Rotardation
|-resisted|p1a: Rotardation
|-damage|p1a: Rotardation|256\/303
|-status|p1a: Rotardation|brn
|
|-heal|p1a: Rotardation|274\/303 brn|[from] item: Leftovers
|-damage|p1a: Rotardation|237\/303 brn|[from] brn
|-end|p2a: Lightning|move: Taunt
|turn|14
|c|âmuk the kid|yeah epic
|c|âmuk the kid|nice
|c|âmuk the kid|nice
|
|switch|p2a: Latias|Latias, F|364\/364
|move|p1a: Rotardation|Volt Switch|p2a: Latias
|-resisted|p2a: Latias
|-damage|p2a: Latias|337\/364
|
|switch|p1a: Landorus-Therian|Landorus-Therian, M|381\/381
|-ability|p1a: Landorus-Therian|Intimidate|[of] p2a: Latias
|-unboost|p2a: Latias|atk|1
|
|-heal|p2a: Latias|359\/364|[from] item: Leftovers
|turn|15
|
|switch|p2a: Scrooge|Gliscor, M|354\/354 tox
|move|p1a: Landorus-Therian|Knock Off|p2a: Scrooge
|-damage|p2a: Scrooge|286\/354 tox
|-enditem|p2a: Scrooge|Toxic Orb|[from] move: Knock Off|[of] p1a: Landorus-Therian
|
|-heal|p2a: Scrooge|330\/354 tox|[from] ability: Poison Heal
|turn|16
|
|move|p2a: Scrooge|Toxic|p1a: Landorus-Therian
|-status|p1a: Landorus-Therian|tox
|move|p1a: Landorus-Therian|Stealth Rock|p2a: Scrooge
|-sidestart|p2: tigers|move: Stealth Rock
|
|-heal|p2a: Scrooge|354\/354 tox|[from] ability: Poison Heal
|-damage|p1a: Landorus-Therian|358\/381 tox|[from] psn
|turn|17
|
|move|p2a: Scrooge|Protect|p2a: Scrooge
|-singleturn|p2a: Scrooge|Protect
|move|p1a: Landorus-Therian|U-turn|p2a: Scrooge
|-activate|p2a: Scrooge|Protect
|
|-heal|p1a: Landorus-Therian|381\/381 tox|[from] item: Leftovers
|-damage|p1a: Landorus-Therian|335\/381 tox|[from] psn
|turn|18
|
|move|p2a: Scrooge|Protect|p2a: Scrooge
|-fail|p2a: Scrooge
|move|p1a: Landorus-Therian|U-turn|p2a: Scrooge
|-resisted|p2a: Scrooge
|-damage|p2a: Scrooge|328\/354 tox
|
|switch|p1a: Starmeme|Starmie|323\/323
|
|-heal|p2a: Scrooge|354\/354 tox|[from] ability: Poison Heal
|turn|19
|
|switch|p2a: Latias|Latias, F|359\/364
|-damage|p2a: Latias|314\/364|[from] Stealth Rock
|move|p1a: Starmeme|Ice Beam|p2a: Latias
|-supereffective|p2a: Latias
|-damage|p2a: Latias|234\/364
|
|-heal|p2a: Latias|256\/364|[from] item: Leftovers
|turn|20
|
|move|p1a: Starmeme|Scald|p2a: Latias
|-resisted|p2a: Latias
|-damage|p2a: Latias|225\/364
|move|p2a: Latias|Defog|p1a: Starmeme
|-unboost|p1a: Starmeme|evasion|1
|-sideend|p2: tigers|Stealth Rock|[from] move: Defog|[of] p2a: Latias
|
|-heal|p2a: Latias|247\/364|[from] item: Leftovers
|turn|21
|leave|TOTEMO
|
|move|p1a: Starmeme|Scald|p2a: Latias
|-resisted|p2a: Latias
|-damage|p2a: Latias|217\/364
|move|p2a: Latias|Recover|p2a: Latias
|-heal|p2a: Latias|364\/364
|
|turn|22
|
|switch|p1a: Landorus-Therian|Landorus-Therian, M|335\/381 tox
|-ability|p1a: Landorus-Therian|Intimidate|[of] p2a: Latias
|-unboost|p2a: Latias|atk|1
|move|p2a: Latias|Surf|p1a: Landorus-Therian
|-supereffective|p1a: Landorus-Therian
|-damage|p1a: Landorus-Therian|213\/381 tox
|
|-heal|p1a: Landorus-Therian|236\/381 tox|[from] item: Leftovers
|-damage|p1a: Landorus-Therian|213\/381 tox|[from] psn
|turn|23
|join|Tom Green
|
|move|p2a: Latias|Surf|p1a: Landorus-Therian
|-supereffective|p1a: Landorus-Therian
|-damage|p1a: Landorus-Therian|79\/381 tox
|move|p1a: Landorus-Therian|Knock Off|p2a: Latias
|-supereffective|p2a: Latias
|-damage|p2a: Latias|140\/364
|-enditem|p2a: Latias|Leftovers|[from] move: Knock Off|[of] p1a: Landorus-Therian
|
|-heal|p1a: Landorus-Therian|102\/381 tox|[from] item: Leftovers
|-damage|p1a: Landorus-Therian|56\/381 tox|[from] psn
|turn|24
|
|move|p2a: Latias|Recover|p2a: Latias
|-heal|p2a: Latias|322\/364
|move|p1a: Landorus-Therian|Stealth Rock|p2a: Latias
|-sidestart|p2: tigers|move: Stealth Rock
|
|-heal|p1a: Landorus-Therian|79\/381 tox|[from] item: Leftovers
|-damage|p1a: Landorus-Therian|10\/381 tox|[from] psn
|turn|25
|
|move|p2a: Latias|Defog|p1a: Landorus-Therian
|-unboost|p1a: Landorus-Therian|evasion|1
|-sideend|p2: tigers|Stealth Rock|[from] move: Defog|[of] p2a: Latias
|move|p1a: Landorus-Therian|Stealth Rock|p2a: Latias
|-sidestart|p2: tigers|move: Stealth Rock
|
|-heal|p1a: Landorus-Therian|33\/381 tox|[from] item: Leftovers
|-damage|p1a: Landorus-Therian|0 fnt|[from] psn
|faint|p1a: Landorus-Therian
|
|switch|p1a: Reptar|Sceptile-Mega, F|281\/281
|turn|26
|
|switch|p2a: Umbreon|Umbreon, M|336\/394
|-damage|p2a: Umbreon|287\/394|[from] Stealth Rock
|move|p1a: Reptar|Dragon Pulse|p2a: Umbreon
|-damage|p2a: Umbreon|179\/394
|
|-heal|p2a: Umbreon|203\/394|[from] item: Leftovers
|turn|27
|
|move|p2a: Umbreon|Protect|p2a: Umbreon
|-singleturn|p2a: Umbreon|Protect
|move|p1a: Reptar|Focus Blast|p2a: Umbreon
|-activate|p2a: Umbreon|Protect
|
|-heal|p2a: Umbreon|227\/394|[from] item: Leftovers
|turn|28
|
|switch|p2a: Scrooge|Gliscor, M|354\/354 tox
|-damage|p2a: Scrooge|310\/354 tox|[from] Stealth Rock
|move|p1a: Reptar|Focus Blast|p2a: Scrooge
|-resisted|p2a: Scrooge
|-damage|p2a: Scrooge|203\/354 tox
|
|-heal|p2a: Scrooge|247\/354 tox|[from] ability: Poison Heal
|turn|29
|join|TOTEMO
|
|move|p2a: Scrooge|Protect|p2a: Scrooge
|-singleturn|p2a: Scrooge|Protect
|move|p1a: Reptar|Leaf Storm|p2a: Scrooge
|-activate|p2a: Scrooge|Protect
|
|-heal|p2a: Scrooge|291\/354 tox|[from] ability: Poison Heal
|turn|30
|
|switch|p2a: Heatran|Heatran, F|386\/386
|-damage|p2a: Heatran|338\/386|[from] Stealth Rock
|move|p1a: Reptar|Leaf Storm|p2a: Heatran
|-resisted|p2a: Heatran
|-damage|p2a: Heatran|294\/386
|-unboost|p1a: Reptar|spa|2
|
|-heal|p2a: Heatran|318\/386|[from] item: Leftovers
|turn|31
|
|switch|p1a: Starmeme|Starmie|323\/323
|move|p2a: Heatran|Lava Plume|p1a: Starmeme
|-resisted|p1a: Starmeme
|-damage|p1a: Starmeme|258\/323
|
|-heal|p1a: Starmeme|278\/323|[from] item: Leftovers
|-heal|p2a: Heatran|342\/386|[from] item: Leftovers
|turn|32
|
|switch|p2a: Latias|Latias, F|322\/364
|-damage|p2a: Latias|277\/364|[from] Stealth Rock
|move|p1a: Starmeme|Scald|p2a: Latias
|-resisted|p2a: Latias
|-damage|p2a: Latias|250\/364
|
|-heal|p1a: Starmeme|298\/323|[from] item: Leftovers
|turn|33
|
|switch|p1a: Reptar|Sceptile-Mega, F|281\/281
|move|p2a: Latias|Defog|p1a: Reptar
|-unboost|p1a: Reptar|evasion|1
|-sideend|p2: tigers|Stealth Rock|[from] move: Defog|[of] p2a: Latias
|
|turn|34
|
|move|p1a: Reptar|Focus Blast|p2a: Latias
|-resisted|p2a: Latias
|-damage|p2a: Latias|199\/364
|move|p2a: Latias|Recover|p2a: Latias
|-heal|p2a: Latias|364\/364
|
|turn|35
|
|move|p1a: Reptar|Dragon Pulse|p2a: Latias
|-crit|p2a: Latias
|-supereffective|p2a: Latias
|-damage|p2a: Latias|28\/364
|move|p2a: Latias|Recover|p2a: Latias
|-heal|p2a: Latias|210\/364
|
|turn|36
|
|move|p1a: Reptar|Focus Blast|p2a: Latias
|-resisted|p2a: Latias
|-damage|p2a: Latias|159\/364
|move|p2a: Latias|Recover|p2a: Latias
|-heal|p2a: Latias|341\/364
|
|turn|37
|join|Exeggutor
|
|switch|p2a: Scrooge|Gliscor, M|291\/354 tox
|move|p1a: Reptar|Dragon Pulse|p2a: Scrooge
|-damage|p2a: Scrooge|66\/354 tox
|
|-heal|p2a: Scrooge|110\/354 tox|[from] ability: Poison Heal
|turn|38
|
|move|p2a: Scrooge|Protect|p2a: Scrooge
|-singleturn|p2a: Scrooge|Protect
|move|p1a: Reptar|Substitute|p1a: Reptar
|-start|p1a: Reptar|Substitute
|-damage|p1a: Reptar|211\/281
|
|-heal|p2a: Scrooge|154\/354 tox|[from] ability: Poison Heal
|turn|39
|
|switch|p2a: Heatran|Heatran, F|342\/386
|move|p1a: Reptar|Dragon Pulse|p2a: Heatran
|-resisted|p2a: Heatran
|-damage|p2a: Heatran|275\/386
|
|-heal|p2a: Heatran|299\/386|[from] item: Leftovers
|turn|40
|
|switch|p2a: Scrooge|Gliscor, M|154\/354 tox
|move|p1a: Reptar|Focus Blast|p2a: Scrooge
|-resisted|p2a: Scrooge
|-damage|p2a: Scrooge|40\/354 tox
|
|-heal|p2a: Scrooge|84\/354 tox|[from] ability: Poison Heal
|turn|41
|leave|y4
|
|move|p2a: Scrooge|Protect|p2a: Scrooge
|-singleturn|p2a: Scrooge|Protect
|move|p1a: Reptar|Dragon Pulse|p2a: Scrooge
|-activate|p2a: Scrooge|Protect
|
|-heal|p2a: Scrooge|128\/354 tox|[from] ability: Poison Heal
|turn|42
|
|move|p1a: Reptar|Focus Blast|p2a: Scrooge|[miss]
|-miss|p1a: Reptar|p2a: Scrooge
|move|p2a: Scrooge|Earthquake|p1a: Reptar
|-resisted|p1a: Reptar
|-activate|p1a: Reptar|Substitute|[damage]
|
|-heal|p2a: Scrooge|172\/354 tox|[from] ability: Poison Heal
|turn|43
|c|âmuk the kid|your bad
|
|move|p2a: Scrooge|Protect|p2a: Scrooge
|-singleturn|p2a: Scrooge|Protect
|move|p1a: Reptar|Dragon Pulse|p2a: Scrooge
|-activate|p2a: Scrooge|Protect
|
|-heal|p2a: Scrooge|216\/354 tox|[from] ability: Poison Heal
|turn|44
|join|Praj.pran
|c|âtigers|data gliscor
|
|switch|p2a: Lightning|Slowbro, M, shiny|394\/394
|move|p1a: Reptar|Leaf Storm|p2a: Lightning
|-supereffective|p2a: Lightning
|-damage|p2a: Lightning|0 fnt
|-unboost|p1a: Reptar|spa|2
|faint|p2a: Lightning
|
|
|switch|p2a: Umbreon|Umbreon, M|227\/394
|turn|45
|
|switch|p1a: Balonflame|Talonflame, F|217\/359
|move|p2a: Umbreon|Wish|p2a: Umbreon
|
|-heal|p1a: Balonflame|239\/359|[from] item: Leftovers
|-heal|p2a: Umbreon|251\/394|[from] item: Leftovers
|turn|46
|
|move|p1a: Balonflame|Taunt|p2a: Umbreon
|-start|p2a: Umbreon|move: Taunt
|move|p2a: Umbreon|Foul Play|p1a: Balonflame
|-damage|p1a: Balonflame|112\/359
|
|-heal|p2a: Umbreon|394\/394|[from] move: Wish|[wisher] Umbreon
|-heal|p1a: Balonflame|134\/359|[from] item: Leftovers
|turn|47
|join|Apathos
|
|move|p1a: Balonflame|Roost|p1a: Balonflame
|-heal|p1a: Balonflame|314\/359
|move|p2a: Umbreon|Foul Play|p1a: Balonflame
|-crit|p1a: Balonflame
|-damage|p1a: Balonflame|125\/359
|
|-heal|p1a: Balonflame|147\/359|[from] item: Leftovers
|turn|48
|
|move|p1a: Balonflame|Bulk Up|p1a: Balonflame
|-boost|p1a: Balonflame|atk|1
|-boost|p1a: Balonflame|def|1
|move|p2a: Umbreon|Foul Play|p1a: Balonflame
|-damage|p1a: Balonflame|21\/359
|
|-heal|p1a: Balonflame|43\/359|[from] item: Leftovers
|-end|p2a: Umbreon|move: Taunt
|turn|49
|leave|I'm Rick Astley
|
|move|p1a: Balonflame|Roost|p1a: Balonflame
|-heal|p1a: Balonflame|223\/359
|move|p2a: Umbreon|Foul Play|p1a: Balonflame
|-damage|p1a: Balonflame|105\/359
|
|-heal|p1a: Balonflame|127\/359|[from] item: Leftovers
|turn|50
|
|switch|p2a: Latias|Latias, F|341\/364
|move|p1a: Balonflame|Roost|p1a: Balonflame
|-heal|p1a: Balonflame|307\/359
|
|-heal|p1a: Balonflame|329\/359|[from] item: Leftovers
|turn|51
|leave|nidvikie
|
|move|p1a: Balonflame|Taunt|p2a: Latias
|-start|p2a: Latias|move: Taunt
|cant|p2a: Latias|move: Taunt|Roar
|
|-heal|p1a: Balonflame|351\/359|[from] item: Leftovers
|turn|52
|leave|Praj.pran
|
|move|p1a: Balonflame|Bulk Up|p1a: Balonflame
|-boost|p1a: Balonflame|atk|1
|-boost|p1a: Balonflame|def|1
|move|p2a: Latias|Surf|p1a: Balonflame
|-supereffective|p1a: Balonflame
|-damage|p1a: Balonflame|219\/359
|
|-heal|p1a: Balonflame|241\/359|[from] item: Leftovers
|turn|53
|
|move|p1a: Balonflame|Brave Bird|p2a: Latias
|-damage|p2a: Latias|82\/364
|-damage|p1a: Balonflame|156\/359|[from] recoil|[of] p2a: Latias
|move|p2a: Latias|Surf|p1a: Balonflame
|-supereffective|p1a: Balonflame
|-damage|p1a: Balonflame|28\/359
|
|-heal|p1a: Balonflame|50\/359|[from] item: Leftovers
|-end|p2a: Latias|move: Taunt
|turn|54
|
|move|p1a: Balonflame|Roost|p1a: Balonflame
|-heal|p1a: Balonflame|230\/359
|move|p2a: Latias|Roar|p1a: Balonflame
|drag|p1a: Rotardation|Rotom-Wash|237\/303 brn
|
|-heal|p1a: Rotardation|255\/303 brn|[from] item: Leftovers
|-damage|p1a: Rotardation|218\/303 brn|[from] brn
|turn|55
|
|move|p2a: Latias|Recover|p2a: Latias
|-heal|p2a: Latias|264\/364
|move|p1a: Rotardation|Will-O-Wisp|p2a: Latias
|-status|p2a: Latias|brn
|
|-heal|p1a: Rotardation|236\/303 brn|[from] item: Leftovers
|-damage|p2a: Latias|219\/364 brn|[from] brn
|-damage|p1a: Rotardation|199\/303 brn|[from] brn
|turn|56
|
|move|p2a: Latias|Recover|p2a: Latias
|-heal|p2a: Latias|364\/364 brn
|move|p1a: Rotardation|Volt Switch|p2a: Latias
|-resisted|p2a: Latias
|-damage|p2a: Latias|339\/364 brn
|
|switch|p1a: Balonflame|Talonflame, F|230\/359
|
|-heal|p1a: Balonflame|252\/359|[from] item: Leftovers
|-damage|p2a: Latias|294\/364 brn|[from] brn
|turn|57
|
|move|p1a: Balonflame|Taunt|p2a: Latias
|-start|p2a: Latias|move: Taunt
|move|p2a: Latias|Surf|p1a: Balonflame
|-supereffective|p1a: Balonflame
|-damage|p1a: Balonflame|100\/359
|
|-heal|p1a: Balonflame|122\/359|[from] item: Leftovers
|-damage|p2a: Latias|249\/364 brn|[from] brn
|turn|58
|leave|mouse de frank
|
|move|p1a: Balonflame|Roost|p1a: Balonflame
|-heal|p1a: Balonflame|302\/359
|move|p2a: Latias|Surf|p1a: Balonflame
|-supereffective|p1a: Balonflame
|-damage|p1a: Balonflame|168\/359
|
|-heal|p1a: Balonflame|190\/359|[from] item: Leftovers
|-damage|p2a: Latias|204\/364 brn|[from] brn
|turn|59
|
|move|p1a: Balonflame|Roost|p1a: Balonflame
|-heal|p1a: Balonflame|359\/359
|move|p2a: Latias|Surf|p1a: Balonflame
|-supereffective|p1a: Balonflame
|-damage|p1a: Balonflame|225\/359
|
|-heal|p1a: Balonflame|247\/359|[from] item: Leftovers
|-damage|p2a: Latias|159\/364 brn|[from] brn
|-end|p2a: Latias|move: Taunt
|turn|60
|
|move|p1a: Balonflame|Taunt|p2a: Latias
|-start|p2a: Latias|move: Taunt
|move|p2a: Latias|Surf|p1a: Balonflame
|-crit|p1a: Balonflame
|-supereffective|p1a: Balonflame
|-damage|p1a: Balonflame|29\/359
|
|-heal|p1a: Balonflame|51\/359|[from] item: Leftovers
|-damage|p2a: Latias|114\/364 brn|[from] brn
|turn|61
|
|move|p1a: Balonflame|Roost|p1a: Balonflame
|-heal|p1a: Balonflame|231\/359
|move|p2a: Latias|Surf|p1a: Balonflame
|-supereffective|p1a: Balonflame
|-damage|p1a: Balonflame|83\/359
|
|-heal|p1a: Balonflame|105\/359|[from] item: Leftovers
|-damage|p2a: Latias|69\/364 brn|[from] brn
|turn|62
|
|move|p1a: Balonflame|Brave Bird|p2a: Latias
|-damage|p2a: Latias|0 fnt
|-damage|p1a: Balonflame|82\/359|[from] recoil|[of] p2a: Latias
|faint|p2a: Latias
|
|-heal|p1a: Balonflame|104\/359|[from] item: Leftovers
|-message|tigers forfeited.
|
|win|muk the kid
|raw|Ladder updating...
|leave|tigers
|player|p2
|raw|muk the kid's rating: 1617 &rarr; <strong>1636<\/strong><br \/>(+19 for winning)
|raw|tigers's rating: 1596 &rarr; <strong>1577<\/strong><br \/>(-19 for losing)
|leave|muk the kid
|player|p1
|leave|Bedschibaer
|leave|C Le Fairy
|leave|TOTEMO