|join|Hark
|join|tigers
|player|p1|Hark|1
|player|p2|tigers|93
|gametype|singles
|tier|OU
|rated
|rule|Evasion Abilities Clause: Evasion abilities are banned
|clearpoke
|poke|p1|Gliscor, M
|poke|p1|Jellicent, M
|poke|p1|Abomasnow, M
|poke|p1|Infernape, F
|poke|p1|Metagross
|poke|p1|Claydol
|poke|p2|Hippowdon, M
|poke|p2|Tentacruel, M
|poke|p2|Jirachi
|poke|p2|Skarmory, M
|poke|p2|Celebi
|poke|p2|Dusclops, M
|rule|Sleep Clause Mod: Limit one foe put to sleep
|rule|Species Clause: Limit one of each Pokemon
|rule|OHKO Clause: OHKO moves are banned
|rule|Moody Clause: Moody is banned
|rule|Evasion Moves Clause: Evasion moves are banned
|rule|HP Percentage Mod: HP is reported as percentages
|teampreview
|callback|decision
|
|start
|switch|p1a: Stalin|Jellicent, M|384\/384
|switch|p2a: Cruel2|Tentacruel, M|364\/364
|turn|1
|callback|decision
|
|switch|p1a: Claydowl|Claydol|300\/300
|move|p2a: Cruel2|Toxic Spikes|p1a: Claydowl
|-sidestart|p1: Hark|move: Toxic Spikes
|
|turn|2
|callback|decision
|
|move|p2a: Cruel2|Knock Off|p1a: Claydowl
|-supereffective|p1a: Claydowl
|-damage|p1a: Claydowl|278\/300
|-enditem|p1a: Claydowl|Leftovers|[from] move: Knock Off|[of] p2a: Cruel2
|move|p1a: Claydowl|Stealth Rock|p2a: Cruel2
|-sidestart|p2: tigers|move: Stealth Rock
|
|turn|3
|callback|decision
|
|move|p2a: Cruel2|Toxic Spikes|p1a: Claydowl
|-sidestart|p1: Hark|move: Toxic Spikes
|move|p1a: Claydowl|Rapid Spin|p2a: Cruel2
|-damage|p2a: Cruel2|347\/364
|-sideend|p1: Hark|Toxic Spikes|[from] move: Rapid Spin|[of] p1a: Claydowl
|
|-heal|p2a: Cruel2|364\/364|[from] item: Black Sludge
|turn|4
|callback|decision
|
|move|p2a: Cruel2|Rapid Spin|p1a: Claydowl
|-damage|p1a: Claydowl|267\/300
|-sideend|p2: tigers|Stealth Rock|[from] move: Rapid Spin|[of] p2a: Cruel2
|move|p1a: Claydowl|Earthquake|p2a: Cruel2
|-supereffective|p2a: Cruel2
|-damage|p2a: Cruel2|116\/364
|
|-heal|p2a: Cruel2|138\/364|[from] item: Black Sludge
|turn|5
|callback|decision
|
|switch|p2a: Skarmory|Skarmory, M|334\/334
|move|p1a: Claydowl|Stealth Rock|p2a: Skarmory
|-sidestart|p2: tigers|move: Stealth Rock
|
|turn|6
|callback|decision
|
|move|p1a: Claydowl|Stone Edge|p2a: Skarmory
|-damage|p2a: Skarmory|291\/334
|move|p2a: Skarmory|Spikes|p1a: Claydowl
|-sidestart|p1: Hark|Spikes
|
|-heal|p2a: Skarmory|311\/334|[from] item: Leftovers
|turn|7
|callback|decision
|
|switch|p1a: Mandrill|Infernape, F|293\/293
|-damage|p1a: Mandrill|257\/293|[from] Spikes
|move|p2a: Skarmory|Brave Bird|p1a: Mandrill
|-supereffective|p1a: Mandrill
|-damage|p1a: Mandrill|0 fnt
|-damage|p2a: Skarmory|226\/334|[from] recoil|[of] p1a: Mandrill
|faint|p1a: Mandrill
|
|-heal|p2a: Skarmory|246\/334|[from] item: Leftovers
|callback|decision
|
|switch|p1a: Abomination|Abomasnow, M|321\/321
|-damage|p1a: Abomination|281\/321|[from] Spikes
|-weather|Hail|[from] ability: Snow Warning|[of] p1a: Abomination
|turn|8
|callback|decision
|
|switch|p2a: Jirachi|Jirachi|404\/404
|-damage|p2a: Jirachi|379\/404|[from] Stealth Rock
|move|p1a: Abomination|Substitute|p1a: Abomination
|-start|p1a: Abomination|Substitute
|-damage|p1a: Abomination|201\/321
|
|-weather|Hail|[upkeep]
|-damage|p2a: Jirachi|354\/404|[from] hail
|-heal|p1a: Abomination|221\/321|[from] item: Leftovers
|-heal|p2a: Jirachi|379\/404|[from] item: Leftovers
|turn|9
|callback|decision
|
|move|p1a: Abomination|Hidden Power|p2a: Jirachi
|-crit|p2a: Jirachi
|-supereffective|p2a: Jirachi
|-damage|p2a: Jirachi|175\/404
|move|p2a: Jirachi|Body Slam|p1a: Abomination
|-end|p1a: Abomination|Substitute
|
|-weather|Hail|[upkeep]
|-damage|p2a: Jirachi|150\/404|[from] hail
|-heal|p1a: Abomination|241\/321|[from] item: Leftovers
|-heal|p2a: Jirachi|175\/404|[from] item: Leftovers
|turn|10
|callback|decision
|
|move|p1a: Abomination|Leech Seed|p2a: Jirachi
|-start|p2a: Jirachi|move: Leech Seed
|move|p2a: Jirachi|Wish|p2a: Jirachi
|
|-weather|Hail|[upkeep]
|-damage|p2a: Jirachi|150\/404|[from] hail
|-heal|p1a: Abomination|261\/321|[from] item: Leftovers
|-heal|p2a: Jirachi|175\/404|[from] item: Leftovers
|-damage|p2a: Jirachi|125\/404|[from] Leech Seed|[of] p1a: Abomination
|-heal|p1a: Abomination|311\/321|[silent]
|turn|11
|callback|decision
|
|move|p1a: Abomination|Substitute|p1a: Abomination
|-start|p1a: Abomination|Substitute
|-damage|p1a: Abomination|231\/321
|move|p2a: Jirachi|Body Slam|p1a: Abomination
|-crit|p1a: Abomination
|-end|p1a: Abomination|Substitute
|
|-weather|Hail|[upkeep]
|-damage|p2a: Jirachi|100\/404|[from] hail
|-heal|p2a: Jirachi|302\/404|[from] move: Wish|[wisher] Jirachi
|-heal|p1a: Abomination|251\/321|[from] item: Leftovers
|-heal|p2a: Jirachi|327\/404|[from] item: Leftovers
|-damage|p2a: Jirachi|277\/404|[from] Leech Seed|[of] p1a: Abomination
|-heal|p1a: Abomination|301\/321|[silent]
|turn|12
|callback|decision
|
|switch|p1a: Stalin|Jellicent, M|384\/384
|-damage|p1a: Stalin|336\/384|[from] Spikes
|switch|p2a: Hippowdon|Hippowdon, M|420\/420
|-damage|p2a: Hippowdon|394\/420|[from] Stealth Rock
|-weather|Sandstorm|[from] ability: Sand Stream|[of] p2a: Hippowdon
|
|-weather|Sandstorm|[upkeep]
|-damage|p1a: Stalin|312\/384|[from] sandstorm
|-heal|p1a: Stalin|336\/384|[from] item: Leftovers
|-heal|p2a: Hippowdon|420\/420|[from] item: Leftovers
|turn|13
|callback|decision
|
|move|p1a: Stalin|Scald|p2a: Hippowdon
|-supereffective|p2a: Hippowdon
|-damage|p2a: Hippowdon|142\/420
|move|p2a: Hippowdon|Stealth Rock|p1a: Stalin
|-sidestart|p1: Hark|move: Stealth Rock
|
|-weather|Sandstorm|[upkeep]
|-damage|p1a: Stalin|312\/384|[from] sandstorm
|-heal|p1a: Stalin|336\/384|[from] item: Leftovers
|-heal|p2a: Hippowdon|168\/420|[from] item: Leftovers
|turn|14
|callback|decision
|
|switch|p2a: Cruel2|Tentacruel, M|138\/364
|-damage|p2a: Cruel2|93\/364|[from] Stealth Rock
|move|p1a: Stalin|Blizzard|p2a: Cruel2
|-resisted|p2a: Cruel2
|-damage|p2a: Cruel2|51\/364
|
|-weather|Sandstorm|[upkeep]
|-damage|p2a: Cruel2|29\/364|[from] sandstorm
|-damage|p1a: Stalin|312\/384|[from] sandstorm
|-heal|p2a: Cruel2|51\/364|[from] item: Black Sludge
|-heal|p1a: Stalin|336\/384|[from] item: Leftovers
|turn|15
|callback|decision
|
|move|p2a: Cruel2|Toxic Spikes|p1a: Stalin
|-sidestart|p1: Hark|move: Toxic Spikes
|move|p1a: Stalin|Giga Drain|p2a: Cruel2
|-crit|p2a: Cruel2
|-damage|p2a: Cruel2|0 fnt
|-damage|p1a: Stalin|310\/384|[from] ability: Liquid Ooze|[of] p2a: Cruel2
|faint|p2a: Cruel2
|
|-weather|Sandstorm|[upkeep]
|-damage|p1a: Stalin|286\/384|[from] sandstorm
|-heal|p1a: Stalin|310\/384|[from] item: Leftovers
|callback|decision
|
|switch|p2a: Dusclops|Dusclops, M|284\/284
|-damage|p2a: Dusclops|249\/284|[from] Stealth Rock
|-ability|p2a: Dusclops|Pressure
|turn|16
|callback|decision
|
|switch|p1a: Widow|Metagross|364\/364
|-damage|p1a: Widow|342\/364|[from] Stealth Rock
|-damage|p1a: Widow|297\/364|[from] Spikes
|switch|p2a: Celebi|Celebi|341\/341
|-damage|p2a: Celebi|299\/341|[from] Stealth Rock
|
|-weather|Sandstorm|[upkeep]
|-damage|p2a: Celebi|278\/341|[from] sandstorm
|-heal|p2a: Celebi|299\/341|[from] item: Leftovers
|-heal|p1a: Widow|319\/364|[from] item: Leftovers
|turn|17
|callback|decision
|
|move|p2a: Celebi|U-turn|p1a: Widow
|-damage|p1a: Widow|284\/364
|callback|decision
|
|switch|p2a: Skarmory|Skarmory, M|246\/334
|-damage|p2a: Skarmory|205\/334|[from] Stealth Rock
|move|p1a: Widow|Meteor Mash|p2a: Skarmory
|-resisted|p2a: Skarmory
|-damage|p2a: Skarmory|157\/334
|
|-weather|Sandstorm|[upkeep]
|-heal|p1a: Widow|306\/364|[from] item: Leftovers
|-heal|p2a: Skarmory|177\/334|[from] item: Leftovers
|turn|18
|callback|decision
|
|switch|p1a: Claydowl|Claydol|267\/300
|-damage|p1a: Claydowl|249\/300|[from] Stealth Rock
|move|p2a: Skarmory|Roost|p2a: Skarmory
|-heal|p2a: Skarmory|334\/334
|
|-weather|Sandstorm|[upkeep]
|turn|19
|callback|decision
|
|switch|p1a: Gliscwhore|Gliscor, M|292\/292
|-damage|p1a: Gliscwhore|256\/292|[from] Stealth Rock
|switch|p2a: Dusclops|Dusclops, M|249\/284
|-damage|p2a: Dusclops|214\/284|[from] Stealth Rock
|-ability|p2a: Dusclops|Pressure
|
|-weather|Sandstorm|[upkeep]
|-damage|p2a: Dusclops|197\/284|[from] sandstorm
|-activate|p1a: Gliscwhore|item: Toxic Orb
|-status|p1a: Gliscwhore|tox
|turn|20
|callback|decision
|
|switch|p2a: Skarmory|Skarmory, M|334\/334
|-damage|p2a: Skarmory|293\/334|[from] Stealth Rock
|move|p1a: Gliscwhore|Fling|p2a: Skarmory
|-enditem|p1a: Gliscwhore|Toxic Orb|[from] move: Fling
|-resisted|p2a: Skarmory
|-damage|p2a: Skarmory|283\/334
|
|-weather|Sandstorm|[upkeep]
|-heal|p2a: Skarmory|303\/334|[from] item: Leftovers
|-heal|p1a: Gliscwhore|292\/292 tox|[from] ability: Poison Heal
|turn|21
|callback|decision
|
|move|p1a: Gliscwhore|Substitute|p1a: Gliscwhore
|-start|p1a: Gliscwhore|Substitute
|-damage|p1a: Gliscwhore|219\/292 tox
|move|p2a: Skarmory|Spikes|p1a: Gliscwhore
|-sidestart|p1: Hark|Spikes
|
|-weather|Sandstorm|[upkeep]
|-heal|p2a: Skarmory|323\/334|[from] item: Leftovers
|-heal|p1a: Gliscwhore|255\/292 tox|[from] ability: Poison Heal
|turn|22
|callback|decision
|
|move|p1a: Gliscwhore|Acrobatics|p2a: Skarmory
|-resisted|p2a: Skarmory
|-damage|p2a: Skarmory|270\/334
|move|p2a: Skarmory|Spikes|p1a: Gliscwhore
|-sidestart|p1: Hark|Spikes
|
|-weather|Sandstorm|[upkeep]
|-heal|p2a: Skarmory|290\/334|[from] item: Leftovers
|-heal|p1a: Gliscwhore|291\/292 tox|[from] ability: Poison Heal
|turn|23
|callback|decision
|
|move|p1a: Gliscwhore|Acrobatics|p2a: Skarmory
|-resisted|p2a: Skarmory
|-damage|p2a: Skarmory|236\/334
|move|p2a: Skarmory|Roost|p2a: Skarmory
|-heal|p2a: Skarmory|334\/334
|
|-weather|Sandstorm|[upkeep]
|-heal|p1a: Gliscwhore|292\/292 tox|[from] ability: Poison Heal
|turn|24
|callback|decision
|
|move|p1a: Gliscwhore|Acrobatics|p2a: Skarmory
|-crit|p2a: Skarmory
|-resisted|p2a: Skarmory
|-damage|p2a: Skarmory|225\/334
|move|p2a: Skarmory|Whirlwind|p1a: Gliscwhore
|drag|p1a: Claydowl|Claydol|249\/300
|-damage|p1a: Claydowl|231\/300|[from] Stealth Rock
|
|-weather|Sandstorm|[upkeep]
|-heal|p2a: Skarmory|245\/334|[from] item: Leftovers
|turn|25
|callback|decision
|
|switch|p2a: Dusclops|Dusclops, M|197\/284
|-damage|p2a: Dusclops|162\/284|[from] Stealth Rock
|-ability|p2a: Dusclops|Pressure
|move|p1a: Claydowl|Rapid Spin|p2a: Dusclops
|-immune|p2a: Dusclops|[msg]
|
|-weather|Sandstorm|[upkeep]
|-damage|p2a: Dusclops|145\/284|[from] sandstorm
|turn|26
|callback|decision
|
|move|p1a: Claydowl|Earthquake|p2a: Dusclops
|-damage|p2a: Dusclops|99\/284
|move|p2a: Dusclops|Pain Split|p1a: Claydowl
|-sethp|p1a: Claydowl|165\/300|p2a: Dusclops|165\/284|[from] move: Pain Split
|
|-weather|Sandstorm|[upkeep]
|-damage|p2a: Dusclops|148\/284|[from] sandstorm
|turn|27
|callback|decision
|
|switch|p1a: Gliscwhore|Gliscor, M|292\/292 tox
|-damage|p1a: Gliscwhore|256\/292 tox|[from] Stealth Rock
|move|p2a: Dusclops|Will-O-Wisp|p1a: Gliscwhore
|-fail|p1a: Gliscwhore
|
|-weather|Sandstorm|[upkeep]
|-damage|p2a: Dusclops|131\/284|[from] sandstorm
|-heal|p1a: Gliscwhore|292\/292 tox|[from] ability: Poison Heal
|turn|28
|callback|decision
|
|switch|p1a: Claydowl|Claydol|165\/300
|-damage|p1a: Claydowl|147\/300|[from] Stealth Rock
|move|p2a: Dusclops|Pain Split|p1a: Claydowl
|-sethp|p1a: Claydowl|139\/300|p2a: Dusclops|139\/284|[from] move: Pain Split
|
|-weather|Sandstorm|[upkeep]
|-damage|p2a: Dusclops|122\/284|[from] sandstorm
|turn|29
|callback|decision
|
|switch|p1a: Widow|Metagross|306\/364
|-damage|p1a: Widow|215\/364|[from] Spikes
|-damage|p1a: Widow|193\/364|[from] Stealth Rock
|move|p2a: Dusclops|Seismic Toss|p1a: Widow
|-damage|p1a: Widow|93\/364
|
|-weather|Sandstorm|[upkeep]
|-damage|p2a: Dusclops|105\/284|[from] sandstorm
|-heal|p1a: Widow|115\/364|[from] item: Leftovers
|turn|30
|callback|decision
|
|switch|p2a: Skarmory|Skarmory, M|245\/334
|-damage|p2a: Skarmory|204\/334|[from] Stealth Rock
|move|p1a: Widow|Meteor Mash|p2a: Skarmory
|-resisted|p2a: Skarmory
|-damage|p2a: Skarmory|158\/334
|
|-weather|Sandstorm|[upkeep]
|-heal|p2a: Skarmory|178\/334|[from] item: Leftovers
|-heal|p1a: Widow|137\/364|[from] item: Leftovers
|turn|31
|callback|decision
|
|move|p1a: Widow|Meteor Mash|p2a: Skarmory
|-resisted|p2a: Skarmory
|-damage|p2a: Skarmory|132\/334
|move|p2a: Skarmory|Roost|p2a: Skarmory
|-heal|p2a: Skarmory|299\/334
|
|-weather|Sandstorm|[upkeep]
|-heal|p1a: Widow|159\/364|[from] item: Leftovers
|-heal|p2a: Skarmory|319\/334|[from] item: Leftovers
|turn|32
|callback|decision
|
|move|p1a: Widow|Meteor Mash|p2a: Skarmory
|-crit|p2a: Skarmory
|-resisted|p2a: Skarmory
|-damage|p2a: Skarmory|229\/334
|move|p2a: Skarmory|Whirlwind|p1a: Widow
|drag|p1a: Claydowl|Claydol|139\/300
|-damage|p1a: Claydowl|121\/300|[from] Stealth Rock
|
|-weather|Sandstorm|[upkeep]
|-heal|p2a: Skarmory|249\/334|[from] item: Leftovers
|turn|33
|callback|decision
|
|switch|p2a: Dusclops|Dusclops, M|105\/284
|-damage|p2a: Dusclops|70\/284|[from] Stealth Rock
|-ability|p2a: Dusclops|Pressure
|move|p1a: Claydowl|Earthquake|p2a: Dusclops
|-damage|p2a: Dusclops|25\/284
|
|-weather|Sandstorm|[upkeep]
|-damage|p2a: Dusclops|8\/284|[from] sandstorm
|turn|34
|callback|decision
|
|move|p1a: Claydowl|Earthquake|p2a: Dusclops
|-damage|p2a: Dusclops|0 fnt
|faint|p2a: Dusclops
|
|-weather|Sandstorm|[upkeep]
|callback|decision
|
|switch|p2a: Jirachi|Jirachi|277\/404
|-damage|p2a: Jirachi|252\/404|[from] Stealth Rock
|turn|35
|callback|decision
|
|switch|p1a: Widow|Metagross|159\/364
|-damage|p1a: Widow|68\/364|[from] Spikes
|-damage|p1a: Widow|46\/364|[from] Stealth Rock
|move|p2a: Jirachi|Ice Punch|p1a: Widow
|-resisted|p1a: Widow
|-damage|p1a: Widow|27\/364
|
|-weather|Sandstorm|[upkeep]
|-heal|p2a: Jirachi|277\/404|[from] item: Leftovers
|-heal|p1a: Widow|49\/364|[from] item: Leftovers
|turn|36
|callback|decision
|
|switch|p2a: Skarmory|Skarmory, M|249\/334
|-damage|p2a: Skarmory|208\/334|[from] Stealth Rock
|move|p1a: Widow|Earthquake|p2a: Skarmory
|-immune|p2a: Skarmory|[msg]
|
|-weather|Sandstorm|[upkeep]
|-heal|p2a: Skarmory|228\/334|[from] item: Leftovers
|-heal|p1a: Widow|71\/364|[from] item: Leftovers
|turn|37
|callback|decision
|
|move|p1a: Widow|Meteor Mash|p2a: Skarmory
|-resisted|p2a: Skarmory
|-damage|p2a: Skarmory|181\/334
|move|p2a: Skarmory|Whirlwind|p1a: Widow
|drag|p1a: Claydowl|Claydol|121\/300
|-damage|p1a: Claydowl|103\/300|[from] Stealth Rock
|
|-weather|Sandstorm|[upkeep]
|-heal|p2a: Skarmory|201\/334|[from] item: Leftovers
|turn|38
|callback|decision
|chat|Hark|Good job.
|
|move|p1a: Claydowl|Rapid Spin|p2a: Skarmory
|-resisted|p2a: Skarmory
|-damage|p2a: Skarmory|197\/334
|-sideend|p1: Hark|Spikes|[from] move: Rapid Spin|[of] p1a: Claydowl
|-sideend|p1: Hark|Toxic Spikes|[from] move: Rapid Spin|[of] p1a: Claydowl
|-sideend|p1: Hark|Stealth Rock|[from] move: Rapid Spin|[of] p1a: Claydowl
|move|p2a: Skarmory|Roost|p2a: Skarmory
|-heal|p2a: Skarmory|334\/334
|
|-weather|Sandstorm|[upkeep]
|turn|39
|callback|decision
|
|switch|p1a: Abomination|Abomasnow, M|301\/321
|-weather|Hail|[from] ability: Snow Warning|[of] p1a: Abomination
|move|p2a: Skarmory|Spikes|p1a: Abomination
|-sidestart|p1: Hark|Spikes
|
|-weather|Hail|[upkeep]
|-damage|p2a: Skarmory|314\/334|[from] hail
|-heal|p1a: Abomination|321\/321|[from] item: Leftovers
|-heal|p2a: Skarmory|334\/334|[from] item: Leftovers
|turn|40
|callback|decision
|
|switch|p2a: Hippowdon|Hippowdon, M|168\/420
|-damage|p2a: Hippowdon|142\/420|[from] Stealth Rock
|-weather|Sandstorm|[from] ability: Sand Stream|[of] p2a: Hippowdon
|move|p1a: Abomination|Leech Seed|p2a: Hippowdon
|-start|p2a: Hippowdon|move: Leech Seed
|
|-weather|Sandstorm|[upkeep]
|-damage|p1a: Abomination|301\/321|[from] sandstorm
|-heal|p1a: Abomination|321\/321|[from] item: Leftovers
|-heal|p2a: Hippowdon|168\/420|[from] item: Leftovers
|-damage|p2a: Hippowdon|116\/420|[from] Leech Seed|[of] p1a: Abomination
|turn|41
|callback|decision
|
|move|p1a: Abomination|Ice Beam|p2a: Hippowdon
|-supereffective|p2a: Hippowdon
|-damage|p2a: Hippowdon|0 fnt
|faint|p2a: Hippowdon
|
|-weather|Sandstorm|[upkeep]
|-damage|p1a: Abomination|301\/321|[from] sandstorm
|-heal|p1a: Abomination|321\/321|[from] item: Leftovers
|callback|decision
|
|switch|p2a: Jirachi|Jirachi|277\/404
|-damage|p2a: Jirachi|252\/404|[from] Stealth Rock
|turn|42
|callback|decision
|
|switch|p1a: Stalin|Jellicent, M|310\/384
|-damage|p1a: Stalin|262\/384|[from] Spikes
|move|p2a: Jirachi|Wish|p2a: Jirachi
|
|-weather|Sandstorm|[upkeep]
|-damage|p1a: Stalin|238\/384|[from] sandstorm
|-heal|p2a: Jirachi|277\/404|[from] item: Leftovers
|-heal|p1a: Stalin|262\/384|[from] item: Leftovers
|turn|43
|callback|decision
|
|move|p2a: Jirachi|Protect|p2a: Jirachi
|-singleturn|p2a: Jirachi|Protect
|move|p1a: Stalin|Scald|p2a: Jirachi
|-activate|p2a: Jirachi|Protect
|
|-weather|Sandstorm|[upkeep]
|-damage|p1a: Stalin|238\/384|[from] sandstorm
|-heal|p2a: Jirachi|404\/404|[from] move: Wish|[wisher] Jirachi
|-heal|p1a: Stalin|262\/384|[from] item: Leftovers
|turn|44
|callback|decision
|
|switch|p2a: Celebi|Celebi|299\/341
|-damage|p2a: Celebi|257\/341|[from] Stealth Rock
|move|p1a: Stalin|Scald|p2a: Celebi
|-crit|p2a: Celebi
|-resisted|p2a: Celebi
|-damage|p2a: Celebi|128\/341
|-status|p2a: Celebi|brn
|
|-weather|Sandstorm|[upkeep]
|-damage|p2a: Celebi|107\/341 brn|[from] sandstorm
|-damage|p1a: Stalin|238\/384|[from] sandstorm
|-heal|p2a: Celebi|128\/341 brn|[from] item: Leftovers
|-heal|p1a: Stalin|262\/384|[from] item: Leftovers
|-damage|p2a: Celebi|86\/341 brn|[from] brn
|turn|45
|callback|decision
|chat|tigers|Com. On
|
|move|p2a: Celebi|Recover|p2a: Celebi
|-heal|p2a: Celebi|257\/341 brn
|move|p1a: Stalin|Blizzard|p2a: Celebi
|-supereffective|p2a: Celebi
|-damage|p2a: Celebi|5\/341 brn
|
|-weather|Sandstorm|[upkeep]
|-damage|p2a: Celebi|0 fnt|[from] sandstorm
|-damage|p1a: Stalin|238\/384|[from] sandstorm
|-heal|p1a: Stalin|262\/384|[from] item: Leftovers
|faint|p2a: Celebi
|callback|decision
|
|switch|p2a: Skarmory|Skarmory, M|334\/334
|-damage|p2a: Skarmory|293\/334|[from] Stealth Rock
|turn|46
|callback|decision
|
|move|p1a: Stalin|Scald|p2a: Skarmory
|-damage|p2a: Skarmory|167\/334
|-status|p2a: Skarmory|brn
|move|p2a: Skarmory|Whirlwind|p1a: Stalin
|drag|p1a: Gliscwhore|Gliscor, M|292\/292 tox
|
|-weather|Sandstorm|[upkeep]
|-heal|p2a: Skarmory|187\/334 brn|[from] item: Leftovers
|-damage|p2a: Skarmory|146\/334 brn|[from] brn
|turn|47
|callback|decision
|chat|tigers|Only luck
|chat|tigers|Badgame
|-message|tigers forfeited.
|
|win|Hark
|raw|Ladder updating...
|raw|Hark's rating: 1718 &rarr; <strong>1769<\/strong><br \/>(+51 for winning)
|raw|tigers's rating: 2005 &rarr; <strong>1995<\/strong><br \/>(-10 for losing)
|leave|tigers
|player|p2