|join|Quarter-Turn
|join|tigers
|player|p1|Quarter-Turn|4
|player|p2|tigers|93
|gametype|singles
|tier|OU (current)
|rated
|rule|Evasion Abilities Clause: Evasion abilities are banned
|clearpoke
|poke|p1|Zoroark, M
|poke|p1|Scizor, F
|poke|p1|Heracross, F
|poke|p1|Heatran, M
|poke|p1|Rotom-Wash
|poke|p1|Gliscor, F
|poke|p2|Politoed, M
|poke|p2|Toxicroak, M
|poke|p2|Ferrothorn, M
|poke|p2|Tornadus, M
|poke|p2|Rotom-Wash
|poke|p2|Latios, M
|rule|Sleep Clause Mod: Limit one foe put to sleep
|rule|Species Clause: Limit one of each Pokemon
|rule|OHKO Clause: OHKO moves are banned
|rule|Moody Clause: Moody is banned
|rule|Evasion Moves Clause: Evasion moves are banned
|rule|HP Percentage Mod: HP is reported as percentages
|teampreview
|callback|decision
|
|start
|switch|p1a: Rotom-Wash|Rotom-Wash|303\/303
|switch|p2a: Rotom-Wash|Rotom-Wash|242\/242
|turn|1
|callback|decision
|
|move|p2a: Rotom-Wash|Volt Switch|p1a: Rotom-Wash
|-damage|p1a: Rotom-Wash|221\/303
|callback|decision
|
|switch|p2a: Ferrothorn|Ferrothorn, M|352\/352
|move|p1a: Rotom-Wash|Will-O-Wisp|p2a: Ferrothorn
|-status|p2a: Ferrothorn|brn
|
|-heal|p1a: Rotom-Wash|239\/303|[from] item: Leftovers
|-damage|p2a: Ferrothorn|308\/352 brn|[from] brn
|turn|2
|callback|decision
|
|move|p1a: Rotom-Wash|Volt Switch|p2a: Ferrothorn
|-resisted|p2a: Ferrothorn
|-damage|p2a: Ferrothorn|270\/352 brn
|callback|decision
|
|switch|p1a: Heatran|Heatran, M|323\/323
|-item|p1a: Heatran|Air Balloon
|move|p2a: Ferrothorn|Stealth Rock|p1a: Heatran
|-sidestart|p1: Quarter-Turn|move: Stealth Rock
|
|-heal|p2a: Ferrothorn|292\/352 brn|[from] item: Leftovers
|-damage|p2a: Ferrothorn|248\/352 brn|[from] brn
|turn|3
|callback|decision
|
|switch|p2a: Politoed|Politoed, M|322\/322
|-weather|RainDance|[from] ability: Drizzle|[of] p2a: Politoed
|move|p1a: Heatran|Stealth Rock|p2a: Politoed
|-sidestart|p2: tigers|move: Stealth Rock
|
|-weather|RainDance|[upkeep]
|turn|4
|callback|decision
|
|switch|p1a: Rotom-Wash|Rotom-Wash|239\/303
|-damage|p1a: Rotom-Wash|202\/303|[from] Stealth Rock
|move|p2a: Politoed|Surf|p1a: Rotom-Wash
|-resisted|p1a: Rotom-Wash
|-damage|p1a: Rotom-Wash|132\/303
|
|-weather|RainDance|[upkeep]
|-heal|p1a: Rotom-Wash|150\/303|[from] item: Leftovers
|turn|5
|callback|decision
|
|switch|p2a: Ferrothorn|Ferrothorn, M|248\/352 brn
|-damage|p2a: Ferrothorn|226\/352 brn|[from] Stealth Rock
|move|p1a: Rotom-Wash|Pain Split|p2a: Ferrothorn
|-sethp|p2a: Ferrothorn|188\/352 brn|p1a: Rotom-Wash|188\/303|[from] move: Pain Split
|
|-weather|RainDance|[upkeep]
|-heal|p1a: Rotom-Wash|206\/303|[from] item: Leftovers
|-heal|p2a: Ferrothorn|210\/352 brn|[from] item: Leftovers
|-damage|p2a: Ferrothorn|166\/352 brn|[from] brn
|turn|6
|callback|decision
|
|move|p1a: Rotom-Wash|Volt Switch|p2a: Ferrothorn
|-resisted|p2a: Ferrothorn
|-damage|p2a: Ferrothorn|134\/352 brn
|callback|decision
|
|switch|p1a: Gliscor|Gliscor, F|354\/354
|-damage|p1a: Gliscor|310\/354|[from] Stealth Rock
|move|p2a: Ferrothorn|Spikes|p1a: Gliscor
|-sidestart|p1: Quarter-Turn|Spikes
|
|-weather|RainDance|[upkeep]
|-heal|p2a: Ferrothorn|156\/352 brn|[from] item: Leftovers
|-damage|p2a: Ferrothorn|112\/352 brn|[from] brn
|-activate|p1a: Gliscor|item: Toxic Orb
|-status|p1a: Gliscor|tox
|turn|7
|callback|decision
|
|move|p1a: Gliscor|Substitute|p1a: Gliscor
|-start|p1a: Gliscor|Substitute
|-damage|p1a: Gliscor|222\/354 tox
|move|p2a: Ferrothorn|Leech Seed|p1a: Gliscor
|
|-weather|RainDance|[upkeep]
|-heal|p2a: Ferrothorn|134\/352 brn|[from] item: Leftovers
|-heal|p1a: Gliscor|266\/354 tox|[from] ability: Poison Heal
|-damage|p2a: Ferrothorn|90\/352 brn|[from] brn
|turn|8
|callback|decision
|
|move|p1a: Gliscor|Swords Dance|p1a: Gliscor
|-boost|p1a: Gliscor|atk|2
|move|p2a: Ferrothorn|Spikes|p1a: Gliscor
|-sidestart|p1: Quarter-Turn|Spikes
|
|-weather|RainDance|[upkeep]
|-heal|p2a: Ferrothorn|112\/352 brn|[from] item: Leftovers
|-heal|p1a: Gliscor|310\/354 tox|[from] ability: Poison Heal
|-damage|p2a: Ferrothorn|68\/352 brn|[from] brn
|turn|9
|callback|decision
|
|move|p1a: Gliscor|Baton Pass|p1a: Gliscor
|callback|decision
|
|switch|p1a: Heracross|Heracross, F|261\/261
|-damage|p1a: Heracross|229\/261|[from] Stealth Rock
|-damage|p1a: Heracross|186\/261|[from] Spikes
|move|p2a: Ferrothorn|Spikes|p1a: Heracross
|-sidestart|p1: Quarter-Turn|Spikes
|
|-weather|RainDance|[upkeep]
|-heal|p2a: Ferrothorn|90\/352 brn|[from] item: Leftovers
|-damage|p2a: Ferrothorn|46\/352 brn|[from] brn
|turn|10
|callback|decision
|
|move|p1a: Heracross|Low Kick|p2a: Ferrothorn
|-crit|p2a: Ferrothorn
|-supereffective|p2a: Ferrothorn
|-damage|p2a: Ferrothorn|0 fnt
|-damage|p1a: Heracross|154\/261|[from] ability: Iron Barbs|[of] p2a: Ferrothorn
|-damage|p1a: Heracross|128\/261|[from] item: Life Orb
|faint|p2a: Ferrothorn
|
|-weather|RainDance|[upkeep]
|callback|decision
|
|switch|p2a: Politoed|Politoed, M|322\/322
|-damage|p2a: Politoed|282\/322|[from] Stealth Rock
|turn|11
|callback|decision
|
|move|p1a: Heracross|Sucker Punch|p2a: Politoed
|-damage|p2a: Politoed|0 fnt
|-damage|p1a: Heracross|102\/261|[from] item: Life Orb
|faint|p2a: Politoed
|
|-weather|RainDance|[upkeep]
|callback|decision
|
|switch|p2a: Rotom-Wash|Rotom-Wash|242\/242
|-damage|p2a: Rotom-Wash|212\/242|[from] Stealth Rock
|turn|12
|callback|decision
|
|move|p1a: Heracross|Sucker Punch|p2a: Rotom-Wash
|-damage|p2a: Rotom-Wash|0 fnt
|-damage|p1a: Heracross|76\/261|[from] item: Life Orb
|faint|p2a: Rotom-Wash
|
|-weather|RainDance|[upkeep]
|callback|decision
|
|switch|p2a: Toxicrap|Toxicroak, M|308\/308
|-damage|p2a: Toxicrap|289\/308|[from] Stealth Rock
|turn|13
|callback|decision
|
|move|p1a: Heracross|Flamethrower|p2a: Toxicrap
|-damage|p2a: Toxicrap|181\/308
|-status|p2a: Toxicrap|brn
|-damage|p1a: Heracross|50\/261|[from] item: Life Orb
|move|p2a: Toxicrap|Drain Punch|p1a: Heracross
|-supereffective|p1a: Heracross
|-end|p1a: Heracross|Substitute
|-heal|p2a: Toxicrap|225\/308 brn|[from] drain|[of] p1a: Heracross
|-damage|p2a: Toxicrap|195\/308 brn|[from] item: Life Orb
|
|-weather|RainDance|[upkeep]
|-heal|p2a: Toxicrap|233\/308 brn|[from] ability: Dry Skin
|-damage|p2a: Toxicrap|195\/308 brn|[from] brn
|turn|14
|callback|decision
|
|move|p1a: Heracross|Sucker Punch|p2a: Toxicrap
|-resisted|p2a: Toxicrap
|-damage|p2a: Toxicrap|0 fnt
|-damage|p1a: Heracross|24\/261|[from] item: Life Orb
|faint|p2a: Toxicrap
|
|-weather|RainDance|[upkeep]
|callback|decision
|
|switch|p2a: Latios|Latios, M|302\/302
|-damage|p2a: Latios|265\/302|[from] Stealth Rock
|turn|15
|callback|decision
|
|move|p1a: Heracross|Sucker Punch|p2a: Latios
|-fail|p2a: Latios
|move|p2a: Latios|Trick|p1a: Heracross
|-activate|p2a: Latios|move: Trick|[of] p1a: Heracross
|-item|p1a: Heracross|Choice Scarf|[from] move: Trick
|-item|p2a: Latios|Life Orb|[from] move: Trick
|
|-weather|RainDance|[upkeep]
|turn|16
|callback|decision
|
|move|p1a: Heracross|Sucker Punch|p2a: Latios
|-supereffective|p2a: Latios
|-damage|p2a: Latios|0 fnt
|faint|p2a: Latios
|
|-weather|RainDance|[upkeep]
|callback|decision
|
|switch|p2a: Tornadus|Tornadus, M|300\/300
|-damage|p2a: Tornadus|225\/300|[from] Stealth Rock
|turn|17
|callback|decision
|
|move|p1a: Heracross|Sucker Punch|p2a: Tornadus
|-damage|p2a: Tornadus|0 fnt
|faint|p2a: Tornadus
|
|win|Quarter-Turn
|raw|Ladder updating...
|raw|Quarter-Turn's rating: 1247 &rarr; <strong>1570<\/strong><br \/>(+323 for winning)
|raw|tigers's rating: 1878 &rarr; <strong>1823<\/strong><br \/>(-55 for losing)