|join|frazla
|join|MC_34543
|player|p1|frazla|1
|player|p2|MC_34543|167
|gametype|singles
|gen|6
|tier|UU
|rated
|rule|Sleep Clause Mod: Limit one foe put to sleep
|rule|Species Clause: Limit one of each Pokemon
|rule|OHKO Clause: OHKO moves are banned
|rule|Moody Clause: Moody is banned
|rule|Evasion Moves Clause: Evasion moves are banned
|rule|Endless Battle Clause: Forcing endless battles is banned.
|rule|HP Percentage Mod: HP is reported as percentages
|clearpoke
|poke|p1|Rhyperior, F
|poke|p1|Heracross, F
|poke|p1|Rotom-Heat
|poke|p1|Swellow, F
|poke|p1|Qwilfish, F
|poke|p1|Manectric, F
|poke|p2|Arcanine, F
|poke|p2|Heracross, F
|poke|p2|Honchkrow, F
|poke|p2|Manectric, M
|poke|p2|Tentacruel, F
|poke|p2|Flygon, F
|teampreview
|
|start
|switch|p1a: Rotom-Heat|Rotom-Heat|241\/241
|switch|p2a: Flygon|Flygon, F|301\/301
|turn|1
|
|move|p1a: Rotom-Heat|Overheat|p2a: Flygon
|-resisted|p2a: Flygon
|-damage|p2a: Flygon|177\/301
|-unboost|p1a: Rotom-Heat|spa|2
|move|p2a: Flygon|Stone Edge|p1a: Rotom-Heat
|-supereffective|p1a: Rotom-Heat
|-damage|p1a: Rotom-Heat|0 fnt
|faint|p1a: Rotom-Heat
|
|
|switch|p1a: Rhyperior|Rhyperior, F|372\/372
|turn|2
|
|switch|p2a: Tentacruel|Tentacruel, F|364\/364
|move|p1a: Rhyperior|Rock Polish|p1a: Rhyperior
|-boost|p1a: Rhyperior|spe|2
|
|turn|3
|
|move|p1a: Rhyperior|Earthquake|p2a: Tentacruel
|-supereffective|p2a: Tentacruel
|-damage|p2a: Tentacruel|0 fnt
|-damage|p1a: Rhyperior|335\/372|[from] item: Life Orb
|faint|p2a: Tentacruel
|
|
|switch|p2a: Heracross|Heracross, F|302\/302
|turn|4
|
|switch|p1a: Qwilfish|Qwilfish, F|334\/334
|-ability|p1a: Qwilfish|Intimidate|[of] p2a: Heracross
|-unboost|p2a: Heracross|atk|1
|move|p2a: Heracross|Close Combat|p1a: Qwilfish
|-resisted|p1a: Qwilfish
|-damage|p1a: Qwilfish|271\/334
|-unboost|p2a: Heracross|def|1
|-unboost|p2a: Heracross|spd|1
|
|-heal|p1a: Qwilfish|291\/334|[from] item: Black Sludge
|turn|5
|
|switch|p2a: Manectric|Manectric, M|281\/281
|move|p1a: Qwilfish|Spikes|p2a: Manectric
|-sidestart|p2: MC_34543|Spikes
|
|-heal|p1a: Qwilfish|311\/334|[from] item: Black Sludge
|turn|6
|
|switch|p1a: Manectric|Manectric, F|281\/281
|detailschange|p2a: Manectric|Manectric-Mega, M
|message|Manectric has Mega Evolved into Mega Manectric!
|-ability|p2a: Manectric|Intimidate|[of] p1a: Manectric
|-unboost|p1a: Manectric|atk|1
|move|p2a: Manectric|Hidden Power|p1a: Manectric
|-damage|p1a: Manectric|161\/281
|
|turn|7
|
|detailschange|p1a: Manectric|Manectric-Mega, F
|message|Manectric has Mega Evolved into Mega Manectric!
|-ability|p1a: Manectric|Intimidate|[of] p2a: Manectric
|-unboost|p2a: Manectric|atk|1
|move|p2a: Manectric|Flamethrower|p1a: Manectric
|-damage|p1a: Manectric|29\/281
|move|p1a: Manectric|Thunderbolt|p2a: Manectric
|-crit|p2a: Manectric
|-resisted|p2a: Manectric
|-damage|p2a: Manectric|139\/281
|
|turn|8
|
|move|p1a: Manectric|Hidden Power|p2a: Manectric
|-damage|p2a: Manectric|47\/281
|move|p2a: Manectric|Hidden Power|p1a: Manectric
|-damage|p1a: Manectric|0 fnt
|faint|p1a: Manectric
|
|
|switch|p1a: Swellow|Swellow, F|262\/262
|turn|9
|
|move|p2a: Manectric|Thunderbolt|p1a: Swellow
|-supereffective|p1a: Swellow
|-damage|p1a: Swellow|0 fnt
|faint|p1a: Swellow
|
|
|switch|p1a: Rhyperior|Rhyperior, F|335\/372
|turn|10
|
|move|p2a: Manectric|Hidden Power|p1a: Rhyperior
|-supereffective|p1a: Rhyperior
|-damage|p1a: Rhyperior|145\/372
|move|p1a: Rhyperior|Rock Polish|p1a: Rhyperior
|-boost|p1a: Rhyperior|spe|2
|
|turn|11
|
|move|p2a: Manectric|Hidden Power|p1a: Rhyperior
|-crit|p1a: Rhyperior
|-supereffective|p1a: Rhyperior
|-damage|p1a: Rhyperior|0 fnt
|faint|p1a: Rhyperior
|
|-message|frazla forfeited.
|
|win|MC_34543
|raw|Ladder updating...
|leave|frazla
|player|p1
|raw|frazla's rating: 1182 &rarr; <strong>1155<\/strong><br \/>(-27 for losing)
|raw|MC_34543's rating: 1155 &rarr; <strong>1182<\/strong><br \/>(+27 for winning)