|join|The Clean Bandit
|join|yuricon
|player|p1|The Clean Bandit|252
|player|p2|yuricon|2
|gametype|singles
|gen|6
|tier|UU
|rated
|rule|Sleep Clause Mod: Limit one foe put to sleep
|rule|Species Clause: Limit one of each PokÃ©mon
|rule|OHKO Clause: OHKO moves are banned
|rule|Moody Clause: Moody is banned
|rule|Evasion Moves Clause: Evasion moves are banned
|rule|Endless Battle Clause: Forcing endless battles is banned
|rule|HP Percentage Mod: HP is shown in percentages
|clearpoke
|poke|p1|Hydreigon, M
|poke|p1|Crobat, M
|poke|p1|Diancie
|poke|p1|Raikou
|poke|p1|Abomasnow, F
|poke|p1|Jirachi
|poke|p2|Lopunny, M
|poke|p2|Bronzong
|poke|p2|Tentacruel, F
|poke|p2|Florges, F
|poke|p2|Hydreigon, F
|poke|p2|Zygarde
|rule|Swagger Clause: Swagger is banned
|rule|Baton Pass Clause: Limit one PokÃ©mon knowing Baton Pass
|teampreview
|c|âyuricon|gl hf
|c|âThe Clean Bandit|HF man
|
|start
|switch|p1a: Hydreigon|Hydreigon, M|325\/325
|switch|p2a: Hydreigon|Hydreigon, F|325\/325
|turn|1
|
|switch|p1a: Diancie|Diancie|303\/303
|move|p2a: Hydreigon|U-turn|p1a: Diancie
|-resisted|p1a: Diancie
|-damage|p1a: Diancie|284\/303
|
|switch|p2a: Bronzong|Bronzong|338\/338
|
|turn|2
|
|switch|p1a: Hydreigon|Hydreigon, M|325\/325
|move|p2a: Bronzong|Stealth Rock|p1a: Hydreigon
|-sidestart|p1: The Clean Bandit|move: Stealth Rock
|
|turn|3
|
|switch|p1a: Crobat|Crobat, M|369\/369
|-damage|p1a: Crobat|277\/369|[from] Stealth Rock
|move|p2a: Bronzong|Toxic|p1a: Crobat
|-fail|p1a: Crobat
|
|-heal|p1a: Crobat|300\/369|[from] item: Black Sludge
|turn|4
|
|move|p1a: Crobat|Defog|p2a: Bronzong
|-unboost|p2a: Bronzong|evasion|1
|-sideend|p1: The Clean Bandit|Stealth Rock|[from] move: Defog|[of] p1a: Crobat
|move|p2a: Bronzong|Flash Cannon|p1a: Crobat
|-damage|p1a: Crobat|209\/369
|
|-heal|p1a: Crobat|232\/369|[from] item: Black Sludge
|turn|5
|
|move|p1a: Crobat|Roost|p1a: Crobat
|-heal|p1a: Crobat|369\/369
|move|p2a: Bronzong|Stealth Rock|p1a: Crobat
|-sidestart|p1: The Clean Bandit|move: Stealth Rock
|
|turn|6
|
|move|p1a: Crobat|Defog|p2a: Bronzong
|-unboost|p2a: Bronzong|evasion|1
|-sideend|p1: The Clean Bandit|Stealth Rock|[from] move: Defog|[of] p1a: Crobat
|move|p2a: Bronzong|Stealth Rock|p1a: Crobat
|-sidestart|p1: The Clean Bandit|move: Stealth Rock
|
|turn|7
|
|move|p1a: Crobat|Defog|p2a: Bronzong
|-unboost|p2a: Bronzong|evasion|1
|-sideend|p1: The Clean Bandit|Stealth Rock|[from] move: Defog|[of] p1a: Crobat
|move|p2a: Bronzong|Flash Cannon|p1a: Crobat
|-damage|p1a: Crobat|276\/369
|-unboost|p1a: Crobat|spd|1
|
|-heal|p1a: Crobat|299\/369|[from] item: Black Sludge
|turn|8
|
|move|p1a: Crobat|U-turn|p2a: Bronzong
|-damage|p2a: Bronzong|298\/338
|
|switch|p1a: Hydreigon|Hydreigon, M|325\/325
|move|p2a: Bronzong|Stealth Rock|p1a: Hydreigon
|-sidestart|p1: The Clean Bandit|move: Stealth Rock
|
|-heal|p2a: Bronzong|319\/338|[from] item: Leftovers
|turn|9
|
|switch|p2a: Florges|Florges, F|359\/359
|move|p1a: Hydreigon|Dark Pulse|p2a: Florges
|-resisted|p2a: Florges
|-damage|p2a: Florges|297\/359
|-damage|p1a: Hydreigon|293\/325|[from] item: Life Orb
|
|-heal|p2a: Florges|319\/359|[from] item: Leftovers
|turn|10
|
|switch|p1a: Crobat|Crobat, M|299\/369
|-damage|p1a: Crobat|207\/369|[from] Stealth Rock
|switch|p2a: Lopunny|Lopunny, M|271\/271
|
|-heal|p1a: Crobat|230\/369|[from] item: Black Sludge
|turn|11
|
|switch|p1a: Jirachi|Jirachi|341\/341
|-damage|p1a: Jirachi|320\/341|[from] Stealth Rock
|detailschange|p2a: Lopunny|Lopunny-Mega, M
|message|Lopunny has Mega Evolved into Mega Lopunny!
|move|p2a: Lopunny|Frustration|p1a: Jirachi
|-resisted|p1a: Jirachi
|-damage|p1a: Jirachi|222\/341
|
|turn|12
|
|switch|p2a: Zygarde|Zygarde|419\/419
|-ability|p2a: Zygarde|Aura Break
|move|p1a: Jirachi|U-turn|p2a: Zygarde
|-damage|p2a: Zygarde|371\/419
|
|switch|p1a: Abomasnow|Abomasnow, F|383\/383
|-damage|p1a: Abomasnow|288\/383|[from] Stealth Rock
|-weather|Hail
|
|-weather|Hail|[upkeep]
|-damage|p2a: Zygarde|345\/419|[from] hail
|-heal|p2a: Zygarde|371\/419|[from] item: Leftovers
|turn|13
|
|switch|p2a: Bronzong|Bronzong|319\/338
|detailschange|p1a: Abomasnow|Abomasnow-Mega, F
|message|Abomasnow has Mega Evolved into Mega Abomasnow!
|move|p1a: Abomasnow|Wood Hammer|p2a: Bronzong
|-resisted|p2a: Bronzong
|-damage|p2a: Bronzong|232\/338
|-damage|p1a: Abomasnow|259\/383|[from] recoil|[of] p2a: Bronzong
|
|-weather|Hail|[upkeep]
|-damage|p2a: Bronzong|211\/338|[from] hail
|-heal|p2a: Bronzong|232\/338|[from] item: Leftovers
|turn|14
|
|switch|p1a: Crobat|Crobat, M|230\/369
|-damage|p1a: Crobat|138\/369|[from] Stealth Rock
|move|p2a: Bronzong|Flash Cannon|p1a: Crobat
|-damage|p1a: Crobat|44\/369
|
|-weather|Hail|[upkeep]
|-damage|p1a: Crobat|21\/369|[from] hail
|-damage|p2a: Bronzong|211\/338|[from] hail
|-heal|p1a: Crobat|44\/369|[from] item: Black Sludge
|-heal|p2a: Bronzong|232\/338|[from] item: Leftovers
|turn|15
|
|switch|p2a: Lopunny|Lopunny-Mega, M|271\/271
|move|p1a: Crobat|Roost|p1a: Crobat
|-heal|p1a: Crobat|229\/369
|
|-weather|Hail|[upkeep]
|-damage|p2a: Lopunny|255\/271|[from] hail
|-damage|p1a: Crobat|206\/369|[from] hail
|-heal|p1a: Crobat|229\/369|[from] item: Black Sludge
|turn|16
|
|switch|p1a: Diancie|Diancie|284\/303
|-damage|p1a: Diancie|247\/303|[from] Stealth Rock
|move|p2a: Lopunny|Frustration|p1a: Diancie
|-resisted|p1a: Diancie
|-damage|p1a: Diancie|178\/303
|
|-weather|none
|turn|17
|
|move|p2a: Lopunny|Substitute|p2a: Lopunny
|-start|p2a: Lopunny|Substitute
|-damage|p2a: Lopunny|188\/271
|move|p1a: Diancie|Explosion|p2a: Lopunny
|-enditem|p1a: Diancie|Normal Gem|[from] gem|[move] Explosion
|-end|p2a: Lopunny|Substitute
|faint|p1a: Diancie
|
|
|switch|p1a: Jirachi|Jirachi|222\/341
|-damage|p1a: Jirachi|201\/341|[from] Stealth Rock
|turn|18
|
|switch|p2a: Florges|Florges, F|319\/359
|move|p1a: Jirachi|Iron Head|p2a: Florges
|-supereffective|p2a: Florges
|-damage|p2a: Florges|113\/359
|
|-heal|p2a: Florges|135\/359|[from] item: Leftovers
|turn|19
|
|switch|p1a: Crobat|Crobat, M|229\/369
|-damage|p1a: Crobat|137\/369|[from] Stealth Rock
|switch|p2a: Bronzong|Bronzong|232\/338
|
|-heal|p1a: Crobat|160\/369|[from] item: Black Sludge
|-heal|p2a: Bronzong|253\/338|[from] item: Leftovers
|turn|20
|
|move|p1a: Crobat|Defog|p2a: Bronzong
|-unboost|p2a: Bronzong|evasion|1
|-sideend|p1: The Clean Bandit|Stealth Rock|[from] move: Defog|[of] p1a: Crobat
|move|p2a: Bronzong|Flash Cannon|p1a: Crobat
|-damage|p1a: Crobat|73\/369
|
|-heal|p1a: Crobat|96\/369|[from] item: Black Sludge
|-heal|p2a: Bronzong|274\/338|[from] item: Leftovers
|turn|21
|
|move|p1a: Crobat|Roost|p1a: Crobat
|-heal|p1a: Crobat|281\/369
|move|p2a: Bronzong|Stealth Rock|p1a: Crobat
|-sidestart|p1: The Clean Bandit|move: Stealth Rock
|
|-heal|p1a: Crobat|304\/369|[from] item: Black Sludge
|-heal|p2a: Bronzong|295\/338|[from] item: Leftovers
|turn|22
|
|switch|p2a: Hydreigon|Hydreigon, F|325\/325
|move|p1a: Crobat|Defog|p2a: Hydreigon
|-unboost|p2a: Hydreigon|evasion|1
|-sideend|p1: The Clean Bandit|Stealth Rock|[from] move: Defog|[of] p1a: Crobat
|
|-heal|p1a: Crobat|327\/369|[from] item: Black Sludge
|turn|23
|
|move|p2a: Hydreigon|Draco Meteor|p1a: Crobat
|-damage|p1a: Crobat|33\/369
|-unboost|p2a: Hydreigon|spa|2
|move|p1a: Crobat|Roost|p1a: Crobat
|-heal|p1a: Crobat|218\/369
|
|-heal|p1a: Crobat|241\/369|[from] item: Black Sludge
|turn|24
|
|switch|p2a: Bronzong|Bronzong|295\/338
|move|p1a: Crobat|U-turn|p2a: Bronzong
|-damage|p2a: Bronzong|256\/338
|
|switch|p1a: Hydreigon|Hydreigon, M|293\/325
|
|-heal|p2a: Bronzong|277\/338|[from] item: Leftovers
|turn|25
|
|switch|p1a: Abomasnow|Abomasnow-Mega, F|259\/383
|-weather|Hail
|switch|p2a: Florges|Florges, F|135\/359
|
|-weather|Hail|[upkeep]
|-damage|p2a: Florges|113\/359|[from] hail
|-heal|p2a: Florges|135\/359|[from] item: Leftovers
|turn|26
|
|move|p2a: Florges|Moonblast|p1a: Abomasnow
|-damage|p1a: Abomasnow|135\/383
|move|p1a: Abomasnow|Wood Hammer|p2a: Florges
|-damage|p2a: Florges|0 fnt
|-damage|p1a: Abomasnow|90\/383|[from] recoil|[of] p2a: Florges
|faint|p2a: Florges
|
|-weather|Hail|[upkeep]
|
|switch|p2a: Bronzong|Bronzong|277\/338
|turn|27
|
|switch|p1a: Crobat|Crobat, M|241\/369
|move|p2a: Bronzong|Stealth Rock|p1a: Crobat
|-sidestart|p1: The Clean Bandit|move: Stealth Rock
|
|-weather|Hail|[upkeep]
|-damage|p1a: Crobat|218\/369|[from] hail
|-damage|p2a: Bronzong|256\/338|[from] hail
|-heal|p1a: Crobat|241\/369|[from] item: Black Sludge
|-heal|p2a: Bronzong|277\/338|[from] item: Leftovers
|turn|28
|
|move|p1a: Crobat|Roost|p1a: Crobat
|-heal|p1a: Crobat|369\/369
|move|p2a: Bronzong|Flash Cannon|p1a: Crobat
|-damage|p1a: Crobat|272\/369
|
|-weather|Hail|[upkeep]
|-damage|p1a: Crobat|249\/369|[from] hail
|-damage|p2a: Bronzong|256\/338|[from] hail
|-heal|p1a: Crobat|272\/369|[from] item: Black Sludge
|-heal|p2a: Bronzong|277\/338|[from] item: Leftovers
|turn|29
|c|âyuricon|should i run gyro ball lol
|c|âThe Clean Bandit|Well I mean, it has its uses
|c|âThe Clean Bandit|But in this particular case
|c|âThe Clean Bandit|You'd be out of PP by now
|c|âyuricon|ya
|c|âThe Clean Bandit|So you kinda benefit from having Flash Cannon here
|
|switch|p2a: Hydreigon|Hydreigon, F|325\/325
|move|p1a: Crobat|Defog|p2a: Hydreigon
|-unboost|p2a: Hydreigon|evasion|1
|-sideend|p1: The Clean Bandit|Stealth Rock|[from] move: Defog|[of] p1a: Crobat
|
|-weather|none
|-heal|p1a: Crobat|295\/369|[from] item: Black Sludge
|turn|30
|
|move|p2a: Hydreigon|Draco Meteor|p1a: Crobat
|-damage|p1a: Crobat|40\/369
|-unboost|p2a: Hydreigon|spa|2
|move|p1a: Crobat|Roost|p1a: Crobat
|-heal|p1a: Crobat|225\/369
|
|-heal|p1a: Crobat|248\/369|[from] item: Black Sludge
|turn|31
|
|move|p2a: Hydreigon|Draco Meteor|p1a: Crobat
|-damage|p1a: Crobat|122\/369
|-unboost|p2a: Hydreigon|spa|2
|move|p1a: Crobat|U-turn|p2a: Hydreigon
|-supereffective|p2a: Hydreigon
|-damage|p2a: Hydreigon|203\/325
|
|switch|p1a: Jirachi|Jirachi|201\/341
|
|turn|32
|
|move|p1a: Jirachi|U-turn|p2a: Hydreigon
|-supereffective|p2a: Hydreigon
|-damage|p2a: Hydreigon|53\/325
|
|switch|p1a: Crobat|Crobat, M|122\/369
|move|p2a: Hydreigon|Draco Meteor|p1a: Crobat
|-damage|p1a: Crobat|35\/369
|-unboost|p2a: Hydreigon|spa|2
|
|-heal|p1a: Crobat|58\/369|[from] item: Black Sludge
|turn|33
|
|switch|p2a: Lopunny|Lopunny-Mega, M|188\/271
|move|p1a: Crobat|Roost|p1a: Crobat
|-heal|p1a: Crobat|243\/369
|
|-heal|p1a: Crobat|266\/369|[from] item: Black Sludge
|turn|34
|
|move|p2a: Lopunny|Frustration|p1a: Crobat
|-crit|p1a: Crobat
|-damage|p1a: Crobat|0 fnt
|faint|p1a: Crobat
|
|c|âThe Clean Bandit|dang homie, that's unfortunate
|
|switch|p1a: Jirachi|Jirachi|201\/341
|turn|35
|c|âyuricon|:[
|
|switch|p2a: Bronzong|Bronzong|277\/338
|move|p1a: Jirachi|U-turn|p2a: Bronzong
|-damage|p2a: Bronzong|225\/338
|
|switch|p1a: Hydreigon|Hydreigon, M|293\/325
|
|-heal|p2a: Bronzong|246\/338|[from] item: Leftovers
|turn|36
|
|switch|p2a: Tentacruel|Tentacruel, F|364\/364
|move|p1a: Hydreigon|Dark Pulse|p2a: Tentacruel
|-damage|p2a: Tentacruel|218\/364
|-damage|p1a: Hydreigon|261\/325|[from] item: Life Orb
|
|-heal|p2a: Tentacruel|240\/364|[from] item: Black Sludge
|turn|37
|
|switch|p1a: Raikou|Raikou|321\/321
|-ability|p1a: Raikou|Pressure
|move|p2a: Tentacruel|Scald|p1a: Raikou
|-damage|p1a: Raikou|237\/321
|
|-heal|p2a: Tentacruel|262\/364|[from] item: Black Sludge
|turn|38
|
|switch|p2a: Bronzong|Bronzong|246\/338
|move|p1a: Raikou|Volt Switch|p2a: Bronzong
|-damage|p2a: Bronzong|161\/338
|
|switch|p1a: Hydreigon|Hydreigon, M|261\/325
|
|-heal|p2a: Bronzong|182\/338|[from] item: Leftovers
|turn|39
|
|switch|p2a: Lopunny|Lopunny-Mega, M|188\/271
|move|p1a: Hydreigon|Dark Pulse|p2a: Lopunny
|-resisted|p2a: Lopunny
|-damage|p2a: Lopunny|94\/271
|-damage|p1a: Hydreigon|229\/325|[from] item: Life Orb
|
|turn|40
|
|switch|p1a: Abomasnow|Abomasnow-Mega, F|90\/383
|-weather|Hail
|move|p2a: Lopunny|Drain Punch|p1a: Abomasnow
|-supereffective|p1a: Abomasnow
|-damage|p1a: Abomasnow|0 fnt
|-heal|p2a: Lopunny|139\/271|[from] drain|[of] p1a: Abomasnow
|faint|p1a: Abomasnow
|
|-weather|Hail|[upkeep]
|-damage|p2a: Lopunny|123\/271|[from] hail
|
|switch|p1a: Jirachi|Jirachi|201\/341
|turn|41
|
|switch|p2a: Tentacruel|Tentacruel, F|262\/364
|move|p1a: Jirachi|Iron Head|p2a: Tentacruel
|-resisted|p2a: Tentacruel
|-damage|p2a: Tentacruel|202\/364
|
|-weather|Hail|[upkeep]
|-damage|p1a: Jirachi|180\/341|[from] hail
|-damage|p2a: Tentacruel|180\/364|[from] hail
|-heal|p2a: Tentacruel|202\/364|[from] item: Black Sludge
|turn|42
|
|switch|p1a: Raikou|Raikou|237\/321
|-ability|p1a: Raikou|Pressure
|move|p2a: Tentacruel|Toxic|p1a: Raikou
|-status|p1a: Raikou|tox
|
|-weather|Hail|[upkeep]
|-damage|p1a: Raikou|217\/321 tox|[from] hail
|-damage|p2a: Tentacruel|180\/364|[from] hail
|-heal|p2a: Tentacruel|202\/364|[from] item: Black Sludge
|-damage|p1a: Raikou|197\/321 tox|[from] psn
|turn|43
|
|move|p1a: Raikou|Volt Switch|p2a: Tentacruel
|-supereffective|p2a: Tentacruel
|-damage|p2a: Tentacruel|0 fnt
|faint|p2a: Tentacruel
|
|switch|p1a: Jirachi|Jirachi|180\/341
|
|-weather|Hail|[upkeep]
|-damage|p1a: Jirachi|159\/341|[from] hail
|
|switch|p2a: Zygarde|Zygarde|371\/419
|-ability|p2a: Zygarde|Aura Break
|turn|44
|
|move|p1a: Jirachi|Iron Head|p2a: Zygarde
|-damage|p2a: Zygarde|289\/419
|move|p2a: Zygarde|Substitute|p2a: Zygarde
|-start|p2a: Zygarde|Substitute
|-damage|p2a: Zygarde|185\/419
|
|-weather|none
|-heal|p2a: Zygarde|211\/419|[from] item: Leftovers
|turn|45
|
|switch|p1a: Raikou|Raikou|197\/321 tox
|-ability|p1a: Raikou|Pressure
|move|p2a: Zygarde|Earthquake|p1a: Raikou
|-supereffective|p1a: Raikou
|-damage|p1a: Raikou|0 fnt
|faint|p1a: Raikou
|
|-heal|p2a: Zygarde|237\/419|[from] item: Leftovers
|
|switch|p1a: Hydreigon|Hydreigon, M|229\/325
|turn|46
|
|move|p1a: Hydreigon|Dark Pulse|p2a: Zygarde
|-end|p2a: Zygarde|Substitute
|-damage|p1a: Hydreigon|197\/325|[from] item: Life Orb
|move|p2a: Zygarde|Dragon Tail|p1a: Hydreigon
|-supereffective|p1a: Hydreigon
|-damage|p1a: Hydreigon|35\/325
|drag|p1a: Jirachi|Jirachi|159\/341
|
|-heal|p2a: Zygarde|263\/419|[from] item: Leftovers
|turn|47
|
|switch|p2a: Hydreigon|Hydreigon, F|53\/325
|move|p1a: Jirachi|Iron Head|p2a: Hydreigon
|-crit|p2a: Hydreigon
|-damage|p2a: Hydreigon|0 fnt
|faint|p2a: Hydreigon
|
|
|switch|p2a: Zygarde|Zygarde|263\/419
|-ability|p2a: Zygarde|Aura Break
|turn|48
|
|switch|p1a: Hydreigon|Hydreigon, M|35\/325
|move|p2a: Zygarde|Substitute|p2a: Zygarde
|-start|p2a: Zygarde|Substitute
|-damage|p2a: Zygarde|159\/419
|
|-heal|p2a: Zygarde|185\/419|[from] item: Leftovers
|turn|49
|
|move|p1a: Hydreigon|Roost|p1a: Hydreigon
|-heal|p1a: Hydreigon|198\/325
|move|p2a: Zygarde|Dragon Tail|p1a: Hydreigon
|-supereffective|p1a: Hydreigon
|-damage|p1a: Hydreigon|16\/325
|drag|p1a: Jirachi|Jirachi|159\/341
|
|-heal|p2a: Zygarde|211\/419|[from] item: Leftovers
|turn|50
|
|move|p1a: Jirachi|U-turn|p2a: Zygarde
|-activate|p2a: Zygarde|Substitute|[damage]
|
|switch|p1a: Hydreigon|Hydreigon, M|16\/325
|move|p2a: Zygarde|Dragon Tail|p1a: Hydreigon|[miss]
|-miss|p2a: Zygarde|p1a: Hydreigon
|
|-heal|p2a: Zygarde|237\/419|[from] item: Leftovers
|turn|51
|
|move|p1a: Hydreigon|Roost|p1a: Hydreigon
|-heal|p1a: Hydreigon|179\/325
|move|p2a: Zygarde|Dragon Tail|p1a: Hydreigon
|-supereffective|p1a: Hydreigon
|-damage|p1a: Hydreigon|9\/325
|drag|p1a: Jirachi|Jirachi|159\/341
|
|-heal|p2a: Zygarde|263\/419|[from] item: Leftovers
|turn|52
|
|move|p1a: Jirachi|U-turn|p2a: Zygarde
|-end|p2a: Zygarde|Substitute
|
|switch|p1a: Hydreigon|Hydreigon, M|9\/325
|move|p2a: Zygarde|Coil|p2a: Zygarde
|-boost|p2a: Zygarde|atk|1
|-boost|p2a: Zygarde|def|1
|-boost|p2a: Zygarde|accuracy|1
|
|-heal|p2a: Zygarde|289\/419|[from] item: Leftovers
|turn|53
|c|âyuricon|oops
|
|switch|p2a: Bronzong|Bronzong|182\/338
|move|p1a: Hydreigon|Dark Pulse|p2a: Bronzong
|-supereffective|p2a: Bronzong
|-damage|p2a: Bronzong|0 fnt
|-damage|p1a: Hydreigon|0 fnt|[from] item: Life Orb
|faint|p2a: Bronzong
|faint|p1a: Hydreigon
|
|
|switch|p1a: Jirachi|Jirachi|159\/341
|switch|p2a: Zygarde|Zygarde|289\/419
|-ability|p2a: Zygarde|Aura Break
|turn|54
|c|âThe Clean Bandit|Damn man, sorry to complain but that crit on Crobat was pretty bad
|c|âyuricon|sorry bro
|
|move|p1a: Jirachi|Iron Head|p2a: Zygarde
|-damage|p2a: Zygarde|198\/419
|cant|p2a: Zygarde|flinch
|
|-heal|p2a: Zygarde|224\/419|[from] item: Leftovers
|turn|55
|
|move|p1a: Jirachi|Iron Head|p2a: Zygarde
|-damage|p2a: Zygarde|136\/419
|cant|p2a: Zygarde|flinch
|
|-heal|p2a: Zygarde|162\/419|[from] item: Leftovers
|turn|56
|c|âyuricon|pls dont
|
|move|p1a: Jirachi|Iron Head|p2a: Zygarde
|-damage|p2a: Zygarde|83\/419
|move|p2a: Zygarde|Earthquake|p1a: Jirachi
|-supereffective|p1a: Jirachi
|-damage|p1a: Jirachi|0 fnt
|faint|p1a: Jirachi
|
|win|yuricon
|raw|Ladder updating...
|raw|The Clean Bandit's rating: 1657 &rarr; <strong>1624<\/strong><br \/>(-33 for losing)
|raw|yuricon's rating: 1387 &rarr; <strong>1420<\/strong><br \/>(+33 for winning)
|leave|The Clean Bandit
|player|p1