|join|The Clean Bandit
|join|waiv
|player|p1|The Clean Bandit|252
|player|p2|waiv|286
|gametype|singles
|gen|6
|tier|UU
|rule|Sleep Clause Mod: Limit one foe put to sleep
|rule|Species Clause: Limit one of each PokÃ©mon
|rule|OHKO Clause: OHKO moves are banned
|rule|Moody Clause: Moody is banned
|rule|Evasion Moves Clause: Evasion moves are banned
|rule|Endless Battle Clause: Forcing endless battles is banned
|rule|HP Percentage Mod: HP is shown in percentages
|clearpoke
|poke|p1|Hydreigon, M
|poke|p1|Crobat, F
|poke|p1|Diancie
|poke|p1|Raikou
|poke|p1|Abomasnow, F
|poke|p1|Jirachi
|poke|p2|Blissey, F
|poke|p2|Forretress, M
|poke|p2|Vaporeon, M
|poke|p2|Bronzong
|poke|p2|Lopunny, F
|poke|p2|Machamp, M
|rule|Swagger Clause: Swagger is banned
|rule|Baton Pass Clause: Limit one PokÃ©mon knowing Baton Pass
|teampreview
|join|kamisama_no49
|join|Shaneee
|join|lol haha xd
|join|Rudeman130498
|c|âwaiv|wasn't mega diancie banned
|join|Gary2346
|c|âwaiv|o it's regular
|c|âThe Clean Bandit|Yeah it is
|join|BMTF
|c|âwaiv|kek
|c|âThe Clean Bandit|don't say kek ever again
|join|the Jaiho
|join|Frickett
|c| Gary2346|kekleon
|c|âwaiv|kek
|c|âwaiv|kek
|c|âwaiv|kek
|c|âwaiv|kek
|c|âwaiv|kek
|c| lol haha xd|LOL
|c|âwaiv|kek
|c|âwaiv|kek
|c| kamisama_no49|u shouldn't be alive
|c|âwaiv|:3
|join|BatSol
|c|âThe Clean Bandit|;3
|c| lol haha xd|:3
|c|âThe Clean Bandit|xP
|join|chiefpoptart
|c| lol haha xd|XD
|c| Gary2346|:G
|join|YeLlOw SkArMoRy
|join|Janine 2.0
|c| chiefpoptart|frfr
|c| chiefpoptart|frfr
|c|âThe Clean Bandit|:$
|c| the Jaiho|:0
|c| lol haha xd|:O
|c| Janine 2.0|Taunt all of those mons
|c| lol haha xd|~n_n~
|
|start
|switch|p1a: Hydreigon|Hydreigon, M|325\/325
|switch|p2a: Forretress|Forretress, M|354\/354
|turn|1
|join|asdfssd
|
|switch|p2a: Blissey|Blissey, F|661\/661
|move|p1a: Hydreigon|Dark Pulse|p2a: Blissey
|-damage|p2a: Blissey|554\/661
|-damage|p1a: Hydreigon|293\/325|[from] item: Life Orb
|
|-heal|p2a: Blissey|595\/661|[from] item: Leftovers
|turn|2
|c| chiefpoptart|bÃ¦
|
|move|p1a: Hydreigon|Superpower|p2a: Blissey
|-supereffective|p2a: Blissey
|-damage|p2a: Blissey|91\/661
|-unboost|p1a: Hydreigon|atk|1
|-unboost|p1a: Hydreigon|def|1
|-damage|p1a: Hydreigon|261\/325|[from] item: Life Orb
|move|p2a: Blissey|Wish|p2a: Blissey
|
|-heal|p2a: Blissey|132\/661|[from] item: Leftovers
|turn|3
|
|switch|p1a: Abomasnow|Abomasnow, F|383\/383
|-weather|Hail
|move|p2a: Blissey|Protect|p2a: Blissey
|-fail|p2a: Blissey
|
|-weather|Hail|[upkeep]
|-damage|p2a: Blissey|91\/661|[from] hail
|-heal|p2a: Blissey|421\/661|[from] move: Wish|[wisher] Blissey
|-heal|p2a: Blissey|462\/661|[from] item: Leftovers
|turn|4
|
|switch|p1a: Hydreigon|Hydreigon, M|261\/325
|switch|p2a: Forretress|Forretress, M|354\/354
|
|-weather|Hail|[upkeep]
|-damage|p1a: Hydreigon|241\/325|[from] hail
|turn|5
|
|switch|p2a: Blissey|Blissey, F|462\/661
|move|p1a: Hydreigon|Dark Pulse|p2a: Blissey
|-damage|p2a: Blissey|341\/661
|-damage|p1a: Hydreigon|209\/325|[from] item: Life Orb
|
|-weather|Hail|[upkeep]
|-damage|p1a: Hydreigon|189\/325|[from] hail
|-damage|p2a: Blissey|300\/661|[from] hail
|-heal|p2a: Blissey|341\/661|[from] item: Leftovers
|turn|6
|
|move|p2a: Blissey|Protect|p2a: Blissey
|-singleturn|p2a: Blissey|Protect
|move|p1a: Hydreigon|Dark Pulse|p2a: Blissey
|-activate|p2a: Blissey|Protect
|
|-weather|Hail|[upkeep]
|-damage|p1a: Hydreigon|169\/325|[from] hail
|-damage|p2a: Blissey|300\/661|[from] hail
|-heal|p2a: Blissey|341\/661|[from] item: Leftovers
|turn|7
|
|switch|p2a: Forretress|Forretress, M|354\/354
|move|p1a: Hydreigon|Dark Pulse|p2a: Forretress
|-damage|p2a: Forretress|127\/354
|-damage|p1a: Hydreigon|137\/325|[from] item: Life Orb
|
|-weather|none
|-heal|p2a: Forretress|149\/354|[from] item: Leftovers
|turn|8
|c| chiefpoptart|why do they lose hp why not hang onto life?
|join|Dudeman130498
|join|Tipsy Russian
|join|xMarth
|c|âThe Clean Bandit|aren't shoes just like,
|c|âThe Clean Bandit|hard socks?
|
|switch|p2a: Vaporeon|Vaporeon, M|464\/464
|move|p1a: Hydreigon|Dark Pulse|p2a: Vaporeon
|-damage|p2a: Vaporeon|281\/464
|-damage|p1a: Hydreigon|105\/325|[from] item: Life Orb
|
|-heal|p2a: Vaporeon|310\/464|[from] item: Leftovers
|turn|9
|c| lol haha xd|xD
|
|move|p1a: Hydreigon|Roost|p1a: Hydreigon
|-heal|p1a: Hydreigon|268\/325
|move|p2a: Vaporeon|Wish|p2a: Vaporeon
|
|-heal|p2a: Vaporeon|339\/464|[from] item: Leftovers
|turn|10
|join|AFoolOfATook
|
|move|p1a: Hydreigon|Superpower|p2a: Vaporeon
|-damage|p2a: Vaporeon|203\/464
|-unboost|p1a: Hydreigon|atk|1
|-unboost|p1a: Hydreigon|def|1
|-damage|p1a: Hydreigon|236\/325|[from] item: Life Orb
|move|p2a: Vaporeon|Baton Pass|p2a: Vaporeon
|
|switch|p2a: Blissey|Blissey, F|341\/661
|
|-heal|p2a: Blissey|573\/661|[from] move: Wish|[wisher] Vaporeon
|-heal|p2a: Blissey|614\/661|[from] item: Leftovers
|turn|11
|join|Alldaalts
|
|switch|p1a: Crobat|Crobat, F|369\/369
|move|p2a: Blissey|Wish|p2a: Blissey
|
|-heal|p2a: Blissey|655\/661|[from] item: Leftovers
|turn|12
|
|switch|p2a: Forretress|Forretress, M|149\/354
|move|p1a: Crobat|U-turn|p2a: Forretress
|-resisted|p2a: Forretress
|-damage|p2a: Forretress|133\/354
|
|switch|p1a: Hydreigon|Hydreigon, M|236\/325
|
|-heal|p2a: Forretress|354\/354|[from] move: Wish|[wisher] Blissey
|turn|13
|c| Dudeman130498|i feel like you definitely do not need baton pass on that team
|
|switch|p2a: Blissey|Blissey, F|655\/661
|move|p1a: Hydreigon|Dark Pulse|p2a: Blissey
|-damage|p2a: Blissey|546\/661
|-damage|p1a: Hydreigon|204\/325|[from] item: Life Orb
|
|-heal|p2a: Blissey|587\/661|[from] item: Leftovers
|turn|14
|leave|AFoolOfATook
|
|switch|p1a: Abomasnow|Abomasnow, F|383\/383
|-weather|Hail
|move|p2a: Blissey|Wish|p2a: Blissey
|
|-weather|Hail|[upkeep]
|-damage|p2a: Blissey|546\/661|[from] hail
|-heal|p2a: Blissey|587\/661|[from] item: Leftovers
|turn|15
|c| YeLlOw SkArMoRy|unlike my porygon-z team
|join|PLOF
|
|switch|p2a: Forretress|Forretress, M|354\/354
|move|p1a: Abomasnow|Swords Dance|p1a: Abomasnow
|-boost|p1a: Abomasnow|atk|2
|
|-weather|Hail|[upkeep]
|turn|16
|c|âwaiv|i'll take it off
|c|âwaiv|after this
|c|âwaiv|thanks dud
|join|thunderkid blitz
|
|detailschange|p1a: Abomasnow|Abomasnow-Mega, F
|message|Abomasnow has Mega Evolved into Mega Abomasnow!
|move|p1a: Abomasnow|Swords Dance|p1a: Abomasnow
|-boost|p1a: Abomasnow|atk|2
|move|p2a: Forretress|Volt Switch|p1a: Abomasnow
|-crit|p1a: Abomasnow
|-resisted|p1a: Abomasnow
|-damage|p1a: Abomasnow|355\/383
|
|switch|p2a: Bronzong|Bronzong|338\/338
|
|-weather|Hail|[upkeep]
|-damage|p2a: Bronzong|317\/338|[from] hail
|-heal|p2a: Bronzong|338\/338|[from] item: Leftovers
|turn|17
|
|move|p1a: Abomasnow|Wood Hammer|p2a: Bronzong
|-resisted|p2a: Bronzong
|-damage|p2a: Bronzong|79\/338
|-damage|p1a: Abomasnow|270\/383|[from] recoil|[of] p2a: Bronzong
|move|p2a: Bronzong|Toxic|p1a: Abomasnow
|-status|p1a: Abomasnow|tox
|
|-weather|Hail|[upkeep]
|-damage|p2a: Bronzong|58\/338|[from] hail
|-heal|p2a: Bronzong|79\/338|[from] item: Leftovers
|-damage|p1a: Abomasnow|247\/383 tox|[from] psn
|turn|18
|join|poonHunter (DD)
|
|switch|p2a: Forretress|Forretress, M|354\/354
|move|p1a: Abomasnow|Wood Hammer|p2a: Forretress
|-resisted|p2a: Forretress
|-damage|p2a: Forretress|251\/354
|-damage|p1a: Abomasnow|213\/383 tox|[from] recoil|[of] p2a: Forretress
|
|-weather|none
|-heal|p2a: Forretress|273\/354|[from] item: Leftovers
|-damage|p1a: Abomasnow|167\/383 tox|[from] psn
|turn|19
|
|switch|p2a: Bronzong|Bronzong|79\/338
|move|p1a: Abomasnow|Earthquake|p2a: Bronzong
|-immune|p2a: Bronzong|[msg]
|
|-heal|p2a: Bronzong|100\/338|[from] item: Leftovers
|-damage|p1a: Abomasnow|98\/383 tox|[from] psn
|turn|20
|c| poonHunter (DD)|wait
|c| poonHunter (DD)|i though lop left
|
|switch|p1a: Jirachi|Jirachi|341\/341
|switch|p2a: Forretress|Forretress, M|273\/354
|
|-heal|p2a: Forretress|295\/354|[from] item: Leftovers
|turn|21
|c| BatSol|Nope.
|
|move|p1a: Jirachi|Trick|p2a: Forretress
|-activate|p1a: Jirachi|move: Trick|[of] p2a: Forretress
|-item|p2a: Forretress|Choice Scarf|[from] move: Trick
|-item|p1a: Jirachi|Leftovers|[from] move: Trick
|move|p2a: Forretress|Toxic Spikes|p1a: Jirachi
|-sidestart|p1: The Clean Bandit|move: Toxic Spikes
|
|turn|22
|c| poonHunter (DD)|o
|
|switch|p2a: Bronzong|Bronzong|100\/338
|move|p1a: Jirachi|U-turn|p2a: Bronzong
|-damage|p2a: Bronzong|50\/338
|
|switch|p1a: Hydreigon|Hydreigon, M|204\/325
|
|-heal|p2a: Bronzong|71\/338|[from] item: Leftovers
|turn|23
|
|switch|p2a: Blissey|Blissey, F|587\/661
|move|p1a: Hydreigon|Dark Pulse|p2a: Blissey
|-damage|p2a: Blissey|478\/661
|-damage|p1a: Hydreigon|172\/325|[from] item: Life Orb
|
|-heal|p2a: Blissey|519\/661|[from] item: Leftovers
|turn|24
|leave|PLOF
|
|move|p1a: Hydreigon|Roost|p1a: Hydreigon
|-heal|p1a: Hydreigon|325\/325
|move|p2a: Blissey|Wish|p2a: Blissey
|
|-heal|p2a: Blissey|560\/661|[from] item: Leftovers
|turn|25
|join|epic4eternity
|
|move|p1a: Hydreigon|Draco Meteor|p2a: Blissey
|-damage|p2a: Blissey|375\/661
|-unboost|p1a: Hydreigon|spa|2
|-damage|p1a: Hydreigon|293\/325|[from] item: Life Orb
|move|p2a: Blissey|Seismic Toss|p1a: Hydreigon
|-damage|p1a: Hydreigon|193\/325
|
|-heal|p2a: Blissey|661\/661|[from] move: Wish|[wisher] Blissey
|turn|26
|c| lol haha xd|he's chople berry
|
|move|p1a: Hydreigon|Superpower|p2a: Blissey
|-supereffective|p2a: Blissey
|-damage|p2a: Blissey|193\/661
|-unboost|p1a: Hydreigon|atk|1
|-unboost|p1a: Hydreigon|def|1
|-damage|p1a: Hydreigon|161\/325|[from] item: Life Orb
|move|p2a: Blissey|Wish|p2a: Blissey
|
|-heal|p2a: Blissey|234\/661|[from] item: Leftovers
|turn|27
|
|move|p2a: Blissey|Protect|p2a: Blissey
|-singleturn|p2a: Blissey|Protect
|move|p1a: Hydreigon|Roost|p1a: Hydreigon
|-heal|p1a: Hydreigon|324\/325
|
|-heal|p2a: Blissey|564\/661|[from] move: Wish|[wisher] Blissey
|-heal|p2a: Blissey|605\/661|[from] item: Leftovers
|turn|28
|
|switch|p1a: Crobat|Crobat, F|369\/369
|move|p2a: Blissey|Wish|p2a: Blissey
|
|-heal|p2a: Blissey|646\/661|[from] item: Leftovers
|turn|29
|join|0kay
|
|switch|p2a: Vaporeon|Vaporeon, M|203\/464
|move|p1a: Crobat|Defog|p2a: Vaporeon
|-unboost|p2a: Vaporeon|evasion|1
|-sideend|p1: The Clean Bandit|Toxic Spikes|[from] move: Defog|[of] p1a: Crobat
|
|-heal|p2a: Vaporeon|464\/464|[from] move: Wish|[wisher] Blissey
|turn|30
|join|Ununhexium
|leave|0kay
|
|move|p1a: Crobat|U-turn|p2a: Vaporeon
|-crit|p2a: Vaporeon
|-damage|p2a: Vaporeon|376\/464
|
|switch|p1a: Raikou|Raikou|321\/321
|-ability|p1a: Raikou|Pressure
|move|p2a: Vaporeon|Wish|p2a: Vaporeon
|
|-heal|p2a: Vaporeon|405\/464|[from] item: Leftovers
|turn|31
|
|move|p2a: Vaporeon|Protect|p2a: Vaporeon
|-singleturn|p2a: Vaporeon|Protect
|move|p1a: Raikou|Volt Switch|p2a: Vaporeon
|-activate|p2a: Vaporeon|Protect
|
|-heal|p2a: Vaporeon|464\/464|[from] move: Wish|[wisher] Vaporeon
|turn|32
|c|âThe Clean Bandit|lol?
|
|switch|p2a: Blissey|Blissey, F|646\/661
|move|p1a: Raikou|Volt Switch|p2a: Blissey
|-damage|p2a: Blissey|570\/661
|
|switch|p1a: Diancie|Diancie|303\/303
|
|-heal|p2a: Blissey|611\/661|[from] item: Leftovers
|turn|33
|
|move|p2a: Blissey|Wish|p2a: Blissey
|move|p1a: Diancie|Stealth Rock|p2a: Blissey
|-sidestart|p2: waiv|move: Stealth Rock
|
|-heal|p2a: Blissey|652\/661|[from] item: Leftovers
|turn|34
|leave|BatSol
|
|switch|p2a: Forretress|Forretress, M|295\/354
|-damage|p2a: Forretress|251\/354|[from] Stealth Rock
|switch|p1a: Hydreigon|Hydreigon, M|324\/325
|
|-heal|p2a: Forretress|354\/354|[from] move: Wish|[wisher] Blissey
|turn|35
|
|move|p1a: Hydreigon|Dark Pulse|p2a: Forretress
|-damage|p2a: Forretress|104\/354
|-damage|p1a: Hydreigon|292\/325|[from] item: Life Orb
|move|p2a: Forretress|Rapid Spin|p1a: Hydreigon
|-damage|p1a: Hydreigon|273\/325
|-sideend|p2: waiv|Stealth Rock|[from] move: Rapid Spin|[of] p2a: Forretress
|
|turn|36
|
|switch|p2a: Blissey|Blissey, F|652\/661
|move|p1a: Hydreigon|Superpower|p2a: Blissey
|-supereffective|p2a: Blissey
|-damage|p2a: Blissey|153\/661
|-unboost|p1a: Hydreigon|atk|1
|-unboost|p1a: Hydreigon|def|1
|-damage|p1a: Hydreigon|241\/325|[from] item: Life Orb
|
|-heal|p2a: Blissey|194\/661|[from] item: Leftovers
|turn|37
|
|switch|p2a: Vaporeon|Vaporeon, M|464\/464
|move|p1a: Hydreigon|Superpower|p2a: Vaporeon
|-crit|p2a: Vaporeon
|-damage|p2a: Vaporeon|252\/464
|-unboost|p1a: Hydreigon|atk|1
|-unboost|p1a: Hydreigon|def|1
|-damage|p1a: Hydreigon|209\/325|[from] item: Life Orb
|
|-heal|p2a: Vaporeon|281\/464|[from] item: Leftovers
|turn|38
|
|move|p1a: Hydreigon|Draco Meteor|p2a: Vaporeon
|-damage|p2a: Vaporeon|16\/464
|-unboost|p1a: Hydreigon|spa|2
|-damage|p1a: Hydreigon|177\/325|[from] item: Life Orb
|move|p2a: Vaporeon|Wish|p2a: Vaporeon
|
|-heal|p2a: Vaporeon|45\/464|[from] item: Leftovers
|turn|39
|
|switch|p1a: Raikou|Raikou|321\/321
|-ability|p1a: Raikou|Pressure
|move|p2a: Vaporeon|Protect|p2a: Vaporeon
|-fail|p2a: Vaporeon
|
|-heal|p2a: Vaporeon|277\/464|[from] move: Wish|[wisher] Vaporeon
|-heal|p2a: Vaporeon|306\/464|[from] item: Leftovers
|turn|40
|
|move|p2a: Vaporeon|Protect|p2a: Vaporeon
|-singleturn|p2a: Vaporeon|Protect
|move|p1a: Raikou|Volt Switch|p2a: Vaporeon
|-activate|p2a: Vaporeon|Protect
|
|-heal|p2a: Vaporeon|335\/464|[from] item: Leftovers
|turn|41
|
|move|p1a: Raikou|Volt Switch|p2a: Vaporeon
|-supereffective|p2a: Vaporeon
|-damage|p2a: Vaporeon|52\/464
|c|âwaiv|fuk me your team is scurry
|
|switch|p1a: Jirachi|Jirachi|341\/341
|move|p2a: Vaporeon|Wish|p2a: Vaporeon
|
|-heal|p2a: Vaporeon|81\/464|[from] item: Leftovers
|turn|42
|join|itsBibz
|c| Tipsy Russian|you need hazards up waiv
|c|âThe Clean Bandit|i'd take u out to dinner first :$
|c| Gary2346|you need this dick
|c|âThe Clean Bandit|i'd like to think i'm a gentleman
|join|Gerald Eugene III
|c| kamisama_no49|he isn't, actually
|
|switch|p1a: Raikou|Raikou|321\/321
|-ability|p1a: Raikou|Pressure
|move|p2a: Vaporeon|Protect|p2a: Vaporeon
|-fail|p2a: Vaporeon
|
|-heal|p2a: Vaporeon|313\/464|[from] move: Wish|[wisher] Vaporeon
|-heal|p2a: Vaporeon|342\/464|[from] item: Leftovers
|turn|43
|c| Ununhexium|waiv do you usually play defensive balance
|leave|epic4eternity
|
|move|p2a: Vaporeon|Protect|p2a: Vaporeon
|-singleturn|p2a: Vaporeon|Protect
|move|p1a: Raikou|Volt Switch|p2a: Vaporeon
|-activate|p2a: Vaporeon|Protect
|
|-heal|p2a: Vaporeon|371\/464|[from] item: Leftovers
|turn|44
|c| Tipsy Russian|this is waivs strong suit
|c| Ununhexium|ive never really played it
|c|âwaiv|no i usually play hazard stack
|c| Ununhexium|im more BO
|c|âwaiv|but this meanie has like
|c|âwaiv|3 wall breakers LOL
|
|move|p1a: Raikou|Thunderbolt|p2a: Vaporeon
|-supereffective|p2a: Vaporeon
|-damage|p2a: Vaporeon|37\/464
|move|p2a: Vaporeon|Wish|p2a: Vaporeon
|
|-heal|p2a: Vaporeon|66\/464|[from] item: Leftovers
|turn|45
|c| lol haha xd|what a meanie
|
|switch|p2a: Blissey|Blissey, F|194\/661
|move|p1a: Raikou|Volt Switch|p2a: Blissey
|-damage|p2a: Blissey|116\/661
|c| Ununhexium|i thought diancie got the axe
|
|switch|p1a: Diancie|Diancie|303\/303
|
|-heal|p2a: Blissey|348\/661|[from] move: Wish|[wisher] Vaporeon
|-heal|p2a: Blissey|389\/661|[from] item: Leftovers
|turn|46
|c| poonHunter (DD)|mega
|c| Tipsy Russian|showdown is slowdown
|
|switch|p2a: Bronzong|Bronzong|71\/338
|move|p1a: Diancie|Stealth Rock|p2a: Bronzong
|-sidestart|p2: waiv|move: Stealth Rock
|
|-heal|p2a: Bronzong|92\/338|[from] item: Leftovers
|turn|47
|c| Gerald Eugene III|mega diancie got banned?
|c| poonHunter (DD)|normal di is still here
|c| poonHunter (DD)|yah
|
|move|p1a: Diancie|Explosion|p2a: Bronzong
|-enditem|p1a: Diancie|Normal Gem|[from] gem|[move] Explosion
|-resisted|p2a: Bronzong
|-damage|p2a: Bronzong|0 fnt
|faint|p1a: Diancie
|faint|p2a: Bronzong
|
|join|Calloflochie
|c| Ununhexium|oh yeah
|c| Gerald Eugene III|oh
|c| Ununhexium|duh
|c|âwaiv|omfg
|c| Gerald Eugene III|would've been good to know
|
|switch|p1a: Hydreigon|Hydreigon, M|177\/325
|switch|p2a: Lopunny|Lopunny, F|272\/272
|-damage|p2a: Lopunny|238\/272|[from] Stealth Rock
|turn|48
|c| Gerald Eugene III|When I exploded on the normal earlier when I had my azelf out
|c| Tipsy Russian|now
|c| Tipsy Russian|its shreking time
|c| poonHunter (DD)|i think it just happened like today
|
|switch|p1a: Crobat|Crobat, F|369\/369
|detailschange|p2a: Lopunny|Lopunny-Mega, F
|message|Lopunny has Mega Evolved into Mega Lopunny!
|move|p2a: Lopunny|Fake Out|p1a: Crobat
|-crit|p1a: Crobat
|-damage|p1a: Crobat|224\/369
|
|-heal|p1a: Crobat|247\/369|[from] item: Black Sludge
|turn|49
|c|âwaiv|not rly
|c| Ununhexium|yeah
|c|âThe Clean Bandit|dang, homie
|c|âThe Clean Bandit|that's ruff
|
|switch|p2a: Vaporeon|Vaporeon, M|66\/464
|-damage|p2a: Vaporeon|8\/464|[from] Stealth Rock
|move|p1a: Crobat|Brave Bird|p2a: Vaporeon
|-damage|p2a: Vaporeon|0 fnt
|-damage|p1a: Crobat|244\/369|[from] recoil|[of] p2a: Vaporeon
|faint|p2a: Vaporeon
|
|-heal|p1a: Crobat|267\/369|[from] item: Black Sludge
|
|switch|p2a: Forretress|Forretress, M|104\/354
|-damage|p2a: Forretress|60\/354|[from] Stealth Rock
|turn|50
|c| Tipsy Russian|why did you not return
|join|natsukoren
|
|move|p1a: Crobat|Brave Bird|p2a: Forretress
|-damage|p2a: Forretress|0 fnt
|-damage|p1a: Crobat|247\/369|[from] recoil|[of] p2a: Forretress
|faint|p2a: Forretress
|
|-heal|p1a: Crobat|270\/369|[from] item: Black Sludge
|
|switch|p2a: Lopunny|Lopunny-Mega, F|238\/272
|-damage|p2a: Lopunny|221\/272|[from] Stealth Rock
|turn|51
|
|switch|p1a: Jirachi|Jirachi|341\/341
|move|p2a: Lopunny|Fake Out|p1a: Jirachi
|-resisted|p1a: Jirachi
|-damage|p1a: Jirachi|301\/341
|
|-heal|p1a: Jirachi|322\/341|[from] item: Leftovers
|turn|52
|
|move|p2a: Lopunny|High Jump Kick|p1a: Jirachi
|-damage|p1a: Jirachi|81\/341
|move|p1a: Jirachi|Iron Head|p2a: Lopunny
|-damage|p2a: Lopunny|100\/272
|
|-heal|p1a: Jirachi|102\/341|[from] item: Leftovers
|turn|53
|c|âwaiv|because i'm shit at this game lol
|leave|poonHunter (DD)
|join|I'm a Spork
|c| Tipsy Russian|hjk here
|
|switch|p1a: Hydreigon|Hydreigon, M|177\/325
|move|p2a: Lopunny|Return|p1a: Hydreigon
|-damage|p1a: Hydreigon|0 fnt
|faint|p1a: Hydreigon
|
|
|switch|p1a: Raikou|Raikou|321\/321
|-ability|p1a: Raikou|Pressure
|turn|54
|c| Tipsy Russian|o
|c| Tipsy Russian|good play
|
|move|p2a: Lopunny|High Jump Kick|p1a: Raikou
|-damage|p1a: Raikou|0 fnt
|faint|p1a: Raikou
|
|c| Tipsy Russian|not even bork
|c| Ununhexium|o
|c| Ununhexium|good play
|c|âwaiv|i still lose i think?
|c| thunderkid blitz|stop making lopunny look good. I don't wanna lose it
|c| Tipsy Russian|nah
|c| Rudeman130498|this is why I feel naked w\/o a scarfer
|leave|Ununhexium
|
|switch|p1a: Abomasnow|Abomasnow-Mega, F|98\/383 tox
|-weather|Hail
|turn|55
|join|I Love You Not Her
|
|switch|p2a: Blissey|Blissey, F|389\/661
|-damage|p2a: Blissey|307\/661|[from] Stealth Rock
|move|p1a: Abomasnow|Ice Shard|p2a: Blissey
|-crit|p2a: Blissey
|-damage|p2a: Blissey|90\/661
|
|-weather|Hail|[upkeep]
|-damage|p2a: Blissey|49\/661|[from] hail
|-heal|p2a: Blissey|90\/661|[from] item: Leftovers
|-damage|p1a: Abomasnow|75\/383 tox|[from] psn
|turn|56
|c|âwaiv|fukin critz
|c|âThe Clean Bandit|that crit didn't matter lol
|join|PLOF
|c| Tipsy Russian|it kinda did though
|
|switch|p1a: Jirachi|Jirachi|102\/341
|move|p2a: Blissey|Wish|p2a: Blissey
|
|-weather|Hail|[upkeep]
|-damage|p1a: Jirachi|81\/341|[from] hail
|-damage|p2a: Blissey|49\/661|[from] hail
|-heal|p1a: Jirachi|102\/341|[from] item: Leftovers
|-heal|p2a: Blissey|90\/661|[from] item: Leftovers
|turn|57
|
|move|p2a: Blissey|Protect|p2a: Blissey
|-singleturn|p2a: Blissey|Protect
|move|p1a: Jirachi|Iron Head|p2a: Blissey
|-activate|p2a: Blissey|Protect
|
|-weather|Hail|[upkeep]
|-damage|p1a: Jirachi|81\/341|[from] hail
|-damage|p2a: Blissey|49\/661|[from] hail
|-heal|p2a: Blissey|379\/661|[from] move: Wish|[wisher] Blissey
|-heal|p1a: Jirachi|102\/341|[from] item: Leftovers
|-heal|p2a: Blissey|420\/661|[from] item: Leftovers
|turn|58
|
|move|p1a: Jirachi|Iron Head|p2a: Blissey
|-crit|p2a: Blissey
|-damage|p2a: Blissey|69\/661
|cant|p2a: Blissey|flinch
|
|-weather|Hail|[upkeep]
|-damage|p1a: Jirachi|81\/341|[from] hail
|-damage|p2a: Blissey|28\/661|[from] hail
|-heal|p1a: Jirachi|102\/341|[from] item: Leftovers
|-heal|p2a: Blissey|69\/661|[from] item: Leftovers
|turn|59
|c|+Calloflochie|n_n
|c| thunderkid blitz|ez crit flinch
|leave|I'm a Spork
|
|move|p1a: Jirachi|Iron Head|p2a: Blissey
|-damage|p2a: Blissey|0 fnt
|faint|p2a: Blissey
|
|-weather|none
|-heal|p1a: Jirachi|123\/341|[from] item: Leftovers
|
|switch|p2a: Lopunny|Lopunny-Mega, F|100\/272
|-damage|p2a: Lopunny|83\/272|[from] Stealth Rock
|turn|60
|join|Munkin
|
|move|p2a: Lopunny|High Jump Kick|p1a: Jirachi
|-damage|p1a: Jirachi|0 fnt
|faint|p1a: Jirachi
|
|
|switch|p1a: Abomasnow|Abomasnow-Mega, F|75\/383 tox
|-weather|Hail
|turn|61
|join|Kyla's Nightmare
|
|switch|p2a: Machamp|Machamp, M|384\/384
|-damage|p2a: Machamp|360\/384|[from] Stealth Rock
|switch|p1a: Crobat|Crobat, F|270\/369
|
|-weather|Hail|[upkeep]
|-damage|p1a: Crobat|247\/369|[from] hail
|-damage|p2a: Machamp|336\/384|[from] hail
|-heal|p1a: Crobat|270\/369|[from] item: Black Sludge
|turn|62
|
|move|p1a: Crobat|Brave Bird|p2a: Machamp
|-supereffective|p2a: Machamp
|-damage|p2a: Machamp|0 fnt
|-damage|p1a: Crobat|159\/369|[from] recoil|[of] p2a: Machamp
|faint|p2a: Machamp
|
|-weather|Hail|[upkeep]
|-damage|p1a: Crobat|136\/369|[from] hail
|-heal|p1a: Crobat|159\/369|[from] item: Black Sludge
|c| Tipsy Russian|dem doubles
|c|âThe Clean Bandit|GG man
|c|+Calloflochie|the win
|c|+Calloflochie|is hele
|c|âwaiv|gg
|
|switch|p2a: Lopunny|Lopunny-Mega, F|83\/272
|-damage|p2a: Lopunny|66\/272|[from] Stealth Rock
|turn|63
|
|move|p2a: Lopunny|Fake Out|p1a: Crobat
|-damage|p1a: Crobat|71\/369
|cant|p1a: Crobat|flinch
|
|-weather|Hail|[upkeep]
|-damage|p2a: Lopunny|49\/272|[from] hail
|-damage|p1a: Crobat|48\/369|[from] hail
|-heal|p1a: Crobat|71\/369|[from] item: Black Sludge
|turn|64
|leave|Shaneee
|c|+Calloflochie|da 50\/50 for da game
|
|move|p2a: Lopunny|Return|p1a: Crobat
|-crit|p1a: Crobat
|-damage|p1a: Crobat|0 fnt
|faint|p1a: Crobat
|
|-weather|Hail|[upkeep]
|-damage|p2a: Lopunny|32\/272|[from] hail
|
|switch|p1a: Abomasnow|Abomasnow-Mega, F|75\/383 tox
|turn|65
|c|+Calloflochie|let's gooooooooo
|c|âwaiv|i choked
|
|move|p1a: Abomasnow|Ice Shard|p2a: Lopunny
|-damage|p2a: Lopunny|0 fnt
|faint|p2a: Lopunny
|
|win|The Clean Bandit
|leave|kamisama_no49
|leave|Tipsy Russian
|c| Janine 2.0|ice shard ftw
|leave|thunderkid blitz
|leave|Munkin