|join|The Clean Bandit
|join|Sweep
|player|p1|The Clean Bandit|252
|player|p2|Sweep|1
|gametype|singles
|gen|6
|tier|UU
|rated
|rule|Sleep Clause Mod: Limit one foe put to sleep
|rule|Species Clause: Limit one of each PokÃ©mon
|rule|OHKO Clause: OHKO moves are banned
|rule|Moody Clause: Moody is banned
|rule|Evasion Moves Clause: Evasion moves are banned
|rule|Endless Battle Clause: Forcing endless battles is banned
|rule|HP Percentage Mod: HP is shown in percentages
|clearpoke
|poke|p1|Sharpedo, M
|poke|p1|Zygarde
|poke|p1|Jirachi
|poke|p1|Suicune
|poke|p1|Altaria, M
|poke|p1|Gligar, M
|poke|p2|Rhyperior, M
|poke|p2|Doublade, M
|poke|p2|Lopunny, M
|poke|p2|Qwilfish, F
|poke|p2|Hitmonlee, M
|poke|p2|Delphox, F
|rule|Swagger Clause: Swagger is banned
|rule|Baton Pass Clause: Limit one PokÃ©mon knowing Baton Pass
|teampreview
|join|sugarhigh
|c| sugarhigh|oo
|c| sugarhigh|sweep
|c| sugarhigh|ban him
|join|kamisama_no49
|
|start
|switch|p1a: Jirachi|Jirachi|341\/341
|switch|p2a: Qwilfish|Qwilfish, F|271\/271
|-ability|p2a: Qwilfish|Intimidate|[of] p1a: Jirachi
|-unboost|p1a: Jirachi|atk|1
|turn|1
|join|Dallaren
|c| sugarhigh|and take the win
|c| sugarhigh|hes been boosting
|c|âSweep|why
|c|âSweep|oh
|join|The DragonKnight
|c|+Dallaren|LOL
|c|âThe Clean Bandit|...
|c|âThe Clean Bandit|HELLO
|
|move|p1a: Jirachi|Psychic|p2a: Qwilfish
|-crit|p2a: Qwilfish
|-supereffective|p2a: Qwilfish
|-enditem|p2a: Qwilfish|Focus Sash
|-damage|p2a: Qwilfish|1\/271
|-unboost|p2a: Qwilfish|spd|1
|move|p2a: Qwilfish|Toxic Spikes|p1a: Jirachi
|-sidestart|p1: The Clean Bandit|move: Toxic Spikes
|
|turn|2
|c| The DragonKnight|LOL
|c| kamisama_no49|o_o
|c|+Dallaren|woah isnt that like xy ru sweep
|
|switch|p2a: Delphox|Delphox, F|291\/291
|move|p1a: Jirachi|Psychic|p2a: Delphox
|-resisted|p2a: Delphox
|-damage|p2a: Delphox|223\/291
|
|turn|3
|c|âSweep|yes i'm bored to tears
|
|switch|p1a: Altaria|Altaria, M|291\/291
|move|p2a: Delphox|Calm Mind|p2a: Delphox
|-boost|p2a: Delphox|spa|1
|-boost|p2a: Delphox|spd|1
|
|turn|4
|c|âSweep|mostly seeing how delphox etc do in uu
|c|+Dallaren|oO
|join|Vladimir Vysotsky
|
|switch|p1a: Sharpedo|Sharpedo, M|281\/281
|-status|p1a: Sharpedo|psn
|move|p2a: Delphox|Psyshock|p1a: Sharpedo
|-immune|p1a: Sharpedo|[msg]
|
|-damage|p1a: Sharpedo|246\/281 psn|[from] psn
|turn|5
|c| kamisama_no49|i'm god
|
|switch|p2a: Lopunny|Lopunny, M|271\/271
|move|p1a: Sharpedo|Crunch|p2a: Lopunny
|-damage|p2a: Lopunny|49\/271
|-damage|p1a: Sharpedo|218\/281 psn|[from] item: Life Orb
|
|-damage|p1a: Sharpedo|183\/281 psn|[from] psn
|-boost|p1a: Sharpedo|spe|1|[from] ability: Speed Boost
|turn|6
|c| kamisama_no49|i'm god
|c| kamisama_no49|part 2
|
|detailschange|p2a: Lopunny|Lopunny-Mega, M
|message|Lopunny has Mega Evolved into Mega Lopunny!
|move|p1a: Sharpedo|Protect|p1a: Sharpedo
|-singleturn|p1a: Sharpedo|Protect
|move|p2a: Lopunny|Fake Out|p1a: Sharpedo
|-activate|p1a: Sharpedo|Protect
|
|-damage|p1a: Sharpedo|148\/281 psn|[from] psn
|-boost|p1a: Sharpedo|spe|1|[from] ability: Speed Boost
|turn|7
|c|+Dallaren|nice ghosting
|c|+Dallaren|ban pls
|c| The DragonKnight|he's getting ghosted in a call
|c| The DragonKnight|ban yn
|c|âSweep|winning 50\/50's \/ = \/ god
|c|+Dallaren|LOL
|c|âSweep|lol
|c| The DragonKnight|LOL
|c| sugarhigh|sweep
|
|switch|p2a: Qwilfish|Qwilfish, F|1\/271
|-ability|p2a: Qwilfish|Intimidate|[of] p1a: Sharpedo
|-unboost|p1a: Sharpedo|atk|1
|move|p1a: Sharpedo|Waterfall|p2a: Qwilfish
|-crit|p2a: Qwilfish
|-resisted|p2a: Qwilfish
|-damage|p2a: Qwilfish|0 fnt
|-damage|p1a: Sharpedo|120\/281 psn|[from] item: Life Orb
|faint|p2a: Qwilfish
|
|-damage|p1a: Sharpedo|85\/281 psn|[from] psn
|-boost|p1a: Sharpedo|spe|1|[from] ability: Speed Boost
|c| sugarhigh|tesung vs
|c| sugarhigh|sweepage
|c| sugarhigh|who will win
|c| sugarhigh|O_O
|
|switch|p2a: Lopunny|Lopunny-Mega, M|49\/271
|turn|8
|
|move|p1a: Sharpedo|Protect|p1a: Sharpedo
|-singleturn|p1a: Sharpedo|Protect
|move|p2a: Lopunny|Ice Punch|p1a: Sharpedo
|-activate|p1a: Sharpedo|Protect
|
|-damage|p1a: Sharpedo|50\/281 psn|[from] psn
|-boost|p1a: Sharpedo|spe|1|[from] ability: Speed Boost
|turn|9
|
|switch|p2a: Delphox|Delphox, F|223\/291
|move|p1a: Sharpedo|Crunch|p2a: Delphox
|-supereffective|p2a: Delphox
|-damage|p2a: Delphox|0 fnt
|-damage|p1a: Sharpedo|22\/281 psn|[from] item: Life Orb
|faint|p2a: Delphox
|
|-damage|p1a: Sharpedo|0 fnt|[from] psn
|faint|p1a: Sharpedo
|c| kamisama_no49|"why does everything dead"
|c| kamisama_no49|ban sugar
|c| kamisama_no49|actually
|
|switch|p2a: Lopunny|Lopunny-Mega, M|49\/271
|switch|p1a: Jirachi|Jirachi|341\/341
|turn|10
|c| The DragonKnight|"what now master ghoster 49?"
|c| The DragonKnight|- the clean bandit
|
|move|p2a: Lopunny|Fake Out|p1a: Jirachi
|-resisted|p1a: Jirachi
|-damage|p1a: Jirachi|302\/341
|cant|p1a: Jirachi|flinch
|
|-heal|p1a: Jirachi|323\/341|[from] item: Leftovers
|turn|11
|
|move|p2a: Lopunny|High Jump Kick|p1a: Jirachi
|-damage|p1a: Jirachi|77\/341
|move|p1a: Jirachi|Psychic|p2a: Lopunny
|-supereffective|p2a: Lopunny
|-damage|p2a: Lopunny|0 fnt
|faint|p2a: Lopunny
|
|-heal|p1a: Jirachi|98\/341|[from] item: Leftovers
|
|switch|p2a: Hitmonlee|Hitmonlee, M|241\/241
|turn|12
|
|move|p2a: Hitmonlee|Knock Off|p1a: Jirachi
|-crit|p1a: Jirachi
|-supereffective|p1a: Jirachi
|-damage|p1a: Jirachi|0 fnt
|-enditem|p1a: Jirachi|Leftovers|[from] move: Knock Off|[of] p2a: Hitmonlee
|faint|p1a: Jirachi
|
|c|+Dallaren|"O wait he has a ru team" The clean bandito
|
|switch|p1a: Gligar|Gligar, M|333\/333
|turn|13
|
|move|p2a: Hitmonlee|Knock Off|p1a: Gligar
|-damage|p1a: Gligar|267\/333
|-enditem|p1a: Gligar|Eviolite|[from] move: Knock Off|[of] p2a: Hitmonlee
|move|p1a: Gligar|Swords Dance|p1a: Gligar
|-boost|p1a: Gligar|atk|2
|
|turn|14
|
|switch|p2a: Rhyperior|Rhyperior, M|432\/432
|move|p1a: Gligar|Baton Pass|p1a: Gligar
|
|switch|p1a: Zygarde|Zygarde|359\/359
|-status|p1a: Zygarde|psn
|-ability|p1a: Zygarde|Aura Break
|
|-damage|p1a: Zygarde|315\/359 psn|[from] psn
|turn|15
|
|move|p1a: Zygarde|Earthquake|p2a: Rhyperior
|-supereffective|p2a: Rhyperior
|-damage|p2a: Rhyperior|0 fnt
|-damage|p1a: Zygarde|280\/359 psn|[from] item: Life Orb
|faint|p2a: Rhyperior
|
|-damage|p1a: Zygarde|236\/359 psn|[from] psn
|
|switch|p2a: Hitmonlee|Hitmonlee, M|241\/241
|turn|16
|
|move|p1a: Zygarde|Extreme Speed|p2a: Hitmonlee
|-damage|p2a: Hitmonlee|0 fnt
|-damage|p1a: Zygarde|201\/359 psn|[from] item: Life Orb
|faint|p2a: Hitmonlee
|
|-damage|p1a: Zygarde|157\/359 psn|[from] psn
|
|switch|p2a: Doublade|Doublade, M|307\/307
|turn|17
|
|move|p2a: Doublade|Shadow Sneak|p1a: Zygarde
|-damage|p1a: Zygarde|102\/359 psn
|move|p1a: Zygarde|Earthquake|p2a: Doublade
|-supereffective|p2a: Doublade
|-damage|p2a: Doublade|0 fnt
|-damage|p1a: Zygarde|67\/359 psn|[from] item: Life Orb
|faint|p2a: Doublade
|
|win|The Clean Bandit
|raw|Ladder updating...
|raw|The Clean Bandit's rating: 1594 &rarr; <strong>1609<\/strong><br \/>(+15 for winning)
|raw|Sweep's rating: 1494 &rarr; <strong>1480<\/strong><br \/>(-14 for losing)
|leave|Sweep
|player|p2
|leave|The Clean Bandit
|player|p1