|join|Meruu
|join|The Clean Bandit
|player|p1|Meruu|174
|player|p2|The Clean Bandit|252
|gametype|singles
|gen|6
|tier|UU
|rated
|rule|Sleep Clause Mod: Limit one foe put to sleep
|rule|Species Clause: Limit one of each PokÃ©mon
|rule|OHKO Clause: OHKO moves are banned
|rule|Moody Clause: Moody is banned
|rule|Evasion Moves Clause: Evasion moves are banned
|rule|Endless Battle Clause: Forcing endless battles is banned
|rule|HP Percentage Mod: HP is shown in percentages
|clearpoke
|poke|p1|Heliolisk, F
|poke|p1|Swampert, M
|poke|p1|Klefki, F
|poke|p1|Kingdra, F
|poke|p1|Togekiss, F
|poke|p1|Donphan, M
|poke|p2|Sharpedo, F
|poke|p2|Zygarde
|poke|p2|Jirachi
|poke|p2|Suicune
|poke|p2|Altaria, M
|poke|p2|Gligar, F
|rule|Swagger Clause: Swagger is banned
|rule|Baton Pass Clause: Limit one PokÃ©mon knowing Baton Pass
|teampreview
|join|Dallaren
|
|start
|switch|p1a: Donphan|Donphan, M|334\/334
|switch|p2a: Jirachi|Jirachi|341\/341
|turn|1
|join|meowiekins
|
|move|p2a: Jirachi|Grass Knot|p1a: Donphan
|-supereffective|p1a: Donphan
|-damage|p1a: Donphan|32\/334
|move|p1a: Donphan|Stealth Rock|p2a: Jirachi
|-sidestart|p2: The Clean Bandit|move: Stealth Rock
|
|-heal|p1a: Donphan|52\/334|[from] item: Leftovers
|turn|2
|join|watfor
|c| watfor|grass knot
|
|switch|p1a: jingle jingle muhf|Klefki, F|318\/318
|move|p2a: Jirachi|Flash Cannon|p1a: jingle jingle muhf
|-damage|p1a: jingle jingle muhf|209\/318
|
|turn|3
|c| watfor|rachi
|c| watfor|kek
|
|move|p1a: jingle jingle muhf|Thunder Wave|p2a: Jirachi
|-status|p2a: Jirachi|par
|cant|p2a: Jirachi|par
|
|turn|4
|
|switch|p1a: Swampert|Swampert, M|361\/361
|cant|p2a: Jirachi|par
|
|turn|5
|c|âThe Clean Bandit|sigh.
|c|âMeruu|dont even sigh at me
|
|switch|p2a: Suicune|Suicune|404\/404
|-damage|p2a: Suicune|354\/404|[from] Stealth Rock
|-ability|p2a: Suicune|Pressure
|detailschange|p1a: Swampert|Swampert-Mega, M
|message|Swampert has Mega Evolved into Mega Swampert!
|move|p1a: Swampert|Earthquake|p2a: Suicune
|-damage|p2a: Suicune|210\/404
|
|-heal|p2a: Suicune|235\/404|[from] item: Leftovers
|turn|6
|c|âMeruu|just got -40'd by someone who had a 50% crit rate
|
|switch|p1a: I AM THE LIZARD QU|Heliolisk, F|265\/265
|move|p2a: Suicune|Scald|p1a: I AM THE LIZARD QU
|-immune|p1a: I AM THE LIZARD QU|[msg]
|
|-heal|p2a: Suicune|260\/404|[from] item: Leftovers
|turn|7
|
|switch|p2a: Jirachi|Jirachi|341\/341 par
|-damage|p2a: Jirachi|320\/341 par|[from] Stealth Rock
|move|p1a: I AM THE LIZARD QU|Hyper Voice|p2a: Jirachi
|-resisted|p2a: Jirachi
|-damage|p2a: Jirachi|224\/341 par
|-damage|p1a: I AM THE LIZARD QU|239\/265|[from] item: Life Orb
|
|-heal|p2a: Jirachi|245\/341 par|[from] item: Leftovers
|turn|8
|join|asxsax
|
|move|p1a: I AM THE LIZARD QU|Rain Dance|p1a: I AM THE LIZARD QU
|-weather|RainDance
|move|p2a: Jirachi|Stealth Rock|p1a: I AM THE LIZARD QU
|-sidestart|p1: Meruu|move: Stealth Rock
|
|-weather|RainDance|[upkeep]
|-heal|p1a: I AM THE LIZARD QU|265\/265|[from] ability: Dry Skin
|-heal|p2a: Jirachi|266\/341 par|[from] item: Leftovers
|turn|9
|
|move|p1a: I AM THE LIZARD QU|Thunder|p2a: Jirachi
|-damage|p2a: Jirachi|39\/341 par
|-damage|p1a: I AM THE LIZARD QU|239\/265|[from] item: Life Orb
|cant|p2a: Jirachi|par
|
|-weather|RainDance|[upkeep]
|-heal|p1a: I AM THE LIZARD QU|265\/265|[from] ability: Dry Skin
|-heal|p2a: Jirachi|60\/341 par|[from] item: Leftovers
|turn|10
|
|move|p1a: I AM THE LIZARD QU|Surf|p2a: Jirachi
|-damage|p2a: Jirachi|0 fnt
|-damage|p1a: I AM THE LIZARD QU|239\/265|[from] item: Life Orb
|faint|p2a: Jirachi
|
|-weather|RainDance|[upkeep]
|-heal|p1a: I AM THE LIZARD QU|265\/265|[from] ability: Dry Skin
|
|switch|p2a: Altaria|Altaria, M|291\/291
|-damage|p2a: Altaria|219\/291|[from] Stealth Rock
|turn|11
|c|+Dallaren|i lizard good
|c|+Dallaren|is*
|c|âMeruu|how much does this do
|c|âMeruu|x_X
|c|âThe Clean Bandit|enough
|c| watfor|well not enough
|c| meowiekins|not enough
|c|âMeruu|!data mega altaria
|c|~|\/data-pokemon Altaria-Mega

|
|switch|p1a: jingle jingle muhf|Klefki, F|209\/318
|-damage|p1a: jingle jingle muhf|190\/318|[from] Stealth Rock
|detailschange|p2a: Altaria|Altaria-Mega, M
|message|Altaria has Mega Evolved into Mega Altaria!
|move|p2a: Altaria|Earthquake|p1a: jingle jingle muhf
|-supereffective|p1a: jingle jingle muhf
|-damage|p1a: jingle jingle muhf|0 fnt
|faint|p1a: jingle jingle muhf
|
|-weather|RainDance|[upkeep]
|c|âMeruu|predicted!!!
|c|âThe Clean Bandit|why did you make that switch lol
|
|switch|p1a: Swampert|Swampert-Mega, M|361\/361
|-damage|p1a: Swampert|339\/361|[from] Stealth Rock
|turn|12
|join|namehtmas
|
|switch|p2a: Suicune|Suicune|260\/404
|-damage|p2a: Suicune|210\/404|[from] Stealth Rock
|-ability|p2a: Suicune|Pressure
|move|p1a: Swampert|Earthquake|p2a: Suicune
|-damage|p2a: Suicune|68\/404
|
|-weather|none
|-heal|p2a: Suicune|93\/404|[from] item: Leftovers
|turn|13
|c|âMeruu|do i
|c|âMeruu|outspeed
|c|âMeruu|this lord
|
|switch|p2a: Gligar|Gligar, F|333\/333
|-damage|p2a: Gligar|292\/333|[from] Stealth Rock
|move|p1a: Swampert|Earthquake|p2a: Gligar
|-immune|p2a: Gligar|[msg]
|
|turn|14
|
|move|p1a: Swampert|Ice Punch|p2a: Gligar
|-supereffective|p2a: Gligar
|-damage|p2a: Gligar|32\/333
|move|p2a: Gligar|Swords Dance|p2a: Gligar
|-boost|p2a: Gligar|atk|2
|
|turn|15
|c|âMeruu|finna catch a death
|c|âMeruu|boppity
|
|move|p1a: Swampert|Waterfall|p2a: Gligar
|-crit|p2a: Gligar
|-supereffective|p2a: Gligar
|-damage|p2a: Gligar|0 fnt
|faint|p2a: Gligar
|
|
|switch|p2a: Zygarde|Zygarde|359\/359
|-damage|p2a: Zygarde|337\/359|[from] Stealth Rock
|-ability|p2a: Zygarde|Aura Break
|turn|16
|
|switch|p2a: Sharpedo|Sharpedo, F|281\/281
|-damage|p2a: Sharpedo|246\/281|[from] Stealth Rock
|move|p1a: Swampert|Ice Punch|p2a: Sharpedo
|-resisted|p2a: Sharpedo
|-damage|p2a: Sharpedo|141\/281
|
|turn|17
|c| watfor|giga drain zygarde
|c| watfor|will come thlu
|c|âMeruu|reversin mah AURA
|c| watfor|smh
|c| watfor|ora ora ora ora ora
|
|move|p2a: Sharpedo|Waterfall|p1a: Swampert
|-damage|p1a: Swampert|148\/361
|-damage|p2a: Sharpedo|113\/281|[from] item: Life Orb
|move|p1a: Swampert|Earthquake|p2a: Sharpedo
|-damage|p2a: Sharpedo|0 fnt
|faint|p2a: Sharpedo
|
|
|switch|p2a: Zygarde|Zygarde|337\/359
|-damage|p2a: Zygarde|315\/359|[from] Stealth Rock
|-ability|p2a: Zygarde|Aura Break
|turn|18
|
|move|p2a: Zygarde|Dragon Dance|p2a: Zygarde
|-boost|p2a: Zygarde|atk|1
|-boost|p2a: Zygarde|spe|1
|move|p1a: Swampert|Ice Punch|p2a: Zygarde
|-supereffective|p2a: Zygarde
|-damage|p2a: Zygarde|0 fnt
|faint|p2a: Zygarde
|
|
|switch|p2a: Altaria|Altaria-Mega, M|219\/291
|-damage|p2a: Altaria|183\/291|[from] Stealth Rock
|turn|19
|c| watfor|this man
|c| namehtmas|zzz
|c|âMeruu|no balk
|c|âMeruu|rip
|c| watfor|is a god
|
|move|p2a: Altaria|Return|p1a: Swampert
|-damage|p1a: Swampert|0 fnt
|faint|p1a: Swampert
|
|c| watfor|dding in front of something that has shown to have ice punch
|c|âMeruu|oml
|c|âMeruu|how fast
|c|âMeruu|r u
|c|âThe Clean Bandit|Well, he had a p low-maintenance switch into Togekiss
|
|switch|p1a: Kingdra|Kingdra, F|301\/301
|-damage|p1a: Kingdra|264\/301|[from] Stealth Rock
|turn|20
|c|âThe Clean Bandit|So I thought he might want to go into that
|
|move|p1a: Kingdra|Ice Beam|p2a: Altaria
|-supereffective|p2a: Altaria
|-damage|p2a: Altaria|0 fnt
|faint|p2a: Altaria
|
|
|switch|p2a: Suicune|Suicune|93\/404
|-damage|p2a: Suicune|43\/404|[from] Stealth Rock
|-ability|p2a: Suicune|Pressure
|turn|21
|
|move|p1a: Kingdra|Ice Beam|p2a: Suicune
|-resisted|p2a: Suicune
|-damage|p2a: Suicune|0 fnt
|faint|p2a: Suicune
|
|win|Meruu
|raw|Ladder updating...
|raw|Meruu's rating: 1518 &rarr; <strong>1542<\/strong><br \/>(+24 for winning)
|raw|The Clean Bandit's rating: 1597 &rarr; <strong>1573<\/strong><br \/>(-24 for losing)
|c|âThe Clean Bandit|GG homie
|c|âMeruu|gg
|leave|namehtmas