|join|Dr Doucher
|join|The Clean Bandit
|player|p1|Dr Doucher|117
|player|p2|The Clean Bandit|252
|gametype|singles
|gen|6
|tier|UU
|rated
|rule|Sleep Clause Mod: Limit one foe put to sleep
|rule|Species Clause: Limit one of each PokÃ©mon
|rule|OHKO Clause: OHKO moves are banned
|rule|Moody Clause: Moody is banned
|rule|Evasion Moves Clause: Evasion moves are banned
|rule|Endless Battle Clause: Forcing endless battles is banned
|rule|HP Percentage Mod: HP is shown in percentages
|clearpoke
|poke|p1|Diancie
|poke|p1|Mienshao, M
|poke|p1|Entei, shiny
|poke|p1|Krookodile, M
|poke|p1|Empoleon, M
|poke|p1|Celebi
|poke|p2|Sharpedo, M
|poke|p2|Zygarde
|poke|p2|Jirachi
|poke|p2|Suicune
|poke|p2|Altaria, F
|poke|p2|Gligar, F
|rule|Swagger Clause: Swagger is banned
|rule|Baton Pass Clause: Limit one PokÃ©mon knowing Baton Pass
|teampreview
|
|start
|switch|p1a: Celebi|Celebi|396\/396
|switch|p2a: Gligar|Gligar, F|333\/333
|turn|1
|
|move|p1a: Celebi|Stealth Rock|p2a: Gligar
|-sidestart|p2: The Clean Bandit|move: Stealth Rock
|move|p2a: Gligar|Swords Dance|p2a: Gligar
|-boost|p2a: Gligar|atk|2
|
|turn|2
|
|move|p1a: Celebi|Psychic|p2a: Gligar
|-damage|p2a: Gligar|236\/333
|-unboost|p2a: Gligar|spd|1
|move|p2a: Gligar|Baton Pass|p2a: Gligar
|
|switch|p2a: Sharpedo|Sharpedo, M|281\/281
|-damage|p2a: Sharpedo|246\/281|[from] Stealth Rock
|
|turn|3
|
|switch|p1a: Entei|Entei, shiny|372\/372
|-ability|p1a: Entei|Pressure
|move|p2a: Sharpedo|Crunch|p1a: Entei
|-damage|p1a: Entei|0 fnt
|-damage|p2a: Sharpedo|218\/281|[from] item: Life Orb
|faint|p1a: Entei
|
|-boost|p2a: Sharpedo|spe|1|[from] ability: Speed Boost
|
|switch|p1a: Empoleon|Empoleon, M|319\/319
|turn|4
|
|move|p2a: Sharpedo|Crunch|p1a: Empoleon
|-damage|p1a: Empoleon|0 fnt
|-damage|p2a: Sharpedo|190\/281|[from] item: Life Orb
|faint|p1a: Empoleon
|
|-boost|p2a: Sharpedo|spe|1|[from] ability: Speed Boost
|
|switch|p1a: Mienshao|Mienshao, M|271\/271
|turn|5
|
|move|p2a: Sharpedo|Protect|p2a: Sharpedo
|-singleturn|p2a: Sharpedo|Protect
|move|p1a: Mienshao|Fake Out|p2a: Sharpedo
|-activate|p2a: Sharpedo|Protect
|
|-boost|p2a: Sharpedo|spe|1|[from] ability: Speed Boost
|turn|6
|-message|Dr Doucher forfeited.
|
|win|The Clean Bandit
|raw|Ladder updating...
|leave|Dr Doucher
|player|p1
|raw|Dr Doucher's rating: 1498 &rarr; <strong>1473<\/strong><br \/>(-25 for losing)
|raw|The Clean Bandit's rating: 1402 &rarr; <strong>1427<\/strong><br \/>(+25 for winning)