|join|21yearoldvirgin
|join|The Clean Bandit
|player|p1|21yearoldvirgin|125
|player|p2|The Clean Bandit|252
|gametype|singles
|gen|6
|tier|UU
|rated
|rule|Sleep Clause Mod: Limit one foe put to sleep
|rule|Species Clause: Limit one of each PokÃ©mon
|rule|OHKO Clause: OHKO moves are banned
|rule|Moody Clause: Moody is banned
|rule|Evasion Moves Clause: Evasion moves are banned
|rule|Endless Battle Clause: Forcing endless battles is banned
|rule|HP Percentage Mod: HP is shown in percentages
|clearpoke
|poke|p1|Weezing, M
|poke|p1|Espeon, M
|poke|p1|Blissey, F
|poke|p1|Blastoise, M
|poke|p1|Whimsicott, F
|poke|p1|Zygarde
|poke|p2|Hydreigon, F
|poke|p2|Crobat, M
|poke|p2|Diancie
|poke|p2|Raikou
|poke|p2|Abomasnow, F
|poke|p2|Jirachi
|rule|Swagger Clause: Swagger is banned
|rule|Baton Pass Clause: Limit one PokÃ©mon knowing Baton Pass
|teampreview
|join|imanalt
|c|âThe Clean Bandit|Lochie is that u?????
|join|BFoxy
|join|kamisama_no49
|join|lol haha xd
|c|â21yearoldvirgin|no
|join|Le Notable
|c|â21yearoldvirgin|who is that
|join|Gary2346
|c| lol haha xd|an irrelevant user
|c|âThe Clean Bandit|Dw man haha, just an actual 21 year old virgin
|
|start
|switch|p1a: Squirts|Blastoise, M|358\/358
|switch|p2a: Raikou|Raikou|321\/321
|-ability|p2a: Raikou|Pressure
|turn|1
|
|switch|p1a: Fairyfart|Blissey, F|714\/714
|move|p2a: Raikou|Volt Switch|p1a: Fairyfart
|-damage|p1a: Fairyfart|618\/714
|
|switch|p2a: Diancie|Diancie|303\/303
|
|-heal|p1a: Fairyfart|662\/714|[from] item: Leftovers
|turn|2
|
|move|p1a: Fairyfart|Stealth Rock|p2a: Diancie
|-sidestart|p2: The Clean Bandit|move: Stealth Rock
|move|p2a: Diancie|Diamond Storm|p1a: Fairyfart
|-damage|p1a: Fairyfart|386\/714
|-boost|p2a: Diancie|def|1
|
|-heal|p1a: Fairyfart|430\/714|[from] item: Leftovers
|turn|3
|
|move|p1a: Fairyfart|Wish|p1a: Fairyfart
|move|p2a: Diancie|Diamond Storm|p1a: Fairyfart
|-damage|p1a: Fairyfart|183\/714
|
|-heal|p1a: Fairyfart|227\/714|[from] item: Leftovers
|turn|4
|
|move|p1a: Fairyfart|Protect|p1a: Fairyfart
|-singleturn|p1a: Fairyfart|Protect
|move|p2a: Diancie|Stealth Rock|p1a: Fairyfart
|-sidestart|p1: 21yearoldvirgin|move: Stealth Rock
|
|-heal|p1a: Fairyfart|584\/714|[from] move: Wish|[wisher] Fairyfart
|-heal|p1a: Fairyfart|628\/714|[from] item: Leftovers
|turn|5
|
|move|p1a: Fairyfart|Wish|p1a: Fairyfart
|move|p2a: Diancie|Diamond Storm|p1a: Fairyfart
|-damage|p1a: Fairyfart|361\/714
|-boost|p2a: Diancie|def|1
|
|-heal|p1a: Fairyfart|405\/714|[from] item: Leftovers
|turn|6
|
|move|p1a: Fairyfart|Seismic Toss|p2a: Diancie
|-damage|p2a: Diancie|203\/303
|move|p2a: Diancie|Diamond Storm|p1a: Fairyfart
|-damage|p1a: Fairyfart|164\/714
|-boost|p2a: Diancie|def|1
|
|-heal|p1a: Fairyfart|521\/714|[from] move: Wish|[wisher] Fairyfart
|-heal|p1a: Fairyfart|565\/714|[from] item: Leftovers
|turn|7
|
|move|p1a: Fairyfart|Wish|p1a: Fairyfart
|move|p2a: Diancie|Explosion|p1a: Fairyfart
|-enditem|p2a: Diancie|Normal Gem|[from] gem|[move] Explosion
|-damage|p1a: Fairyfart|38\/714
|faint|p2a: Diancie
|
|-heal|p1a: Fairyfart|82\/714|[from] item: Leftovers
|c| lol haha xd|nice 79.9% min
|c| Gary2346|gay
|c| lol haha xd|49 is a good ghoster
|
|switch|p2a: Abomasnow|Abomasnow, F|383\/383
|-damage|p2a: Abomasnow|288\/383|[from] Stealth Rock
|-weather|Hail
|turn|8
|c|â21yearoldvirgin|lol
|
|move|p1a: Fairyfart|Protect|p1a: Fairyfart
|-singleturn|p1a: Fairyfart|Protect
|move|p2a: Abomasnow|Swords Dance|p2a: Abomasnow
|-boost|p2a: Abomasnow|atk|2
|
|-weather|Hail|[upkeep]
|-damage|p1a: Fairyfart|38\/714|[from] hail
|-heal|p1a: Fairyfart|395\/714|[from] move: Wish|[wisher] Fairyfart
|-heal|p1a: Fairyfart|439\/714|[from] item: Leftovers
|turn|9
|
|switch|p1a: 420blazeitfaggit|Weezing, M|334\/334
|-damage|p1a: 420blazeitfaggit|293\/334|[from] Stealth Rock
|detailschange|p2a: Abomasnow|Abomasnow-Mega, F
|message|Abomasnow has Mega Evolved into Mega Abomasnow!
|move|p2a: Abomasnow|Earthquake|p1a: 420blazeitfaggit
|-immune|p1a: 420blazeitfaggit|[msg]
|
|-weather|Hail|[upkeep]
|-damage|p1a: 420blazeitfaggit|273\/334|[from] hail
|-heal|p1a: 420blazeitfaggit|293\/334|[from] item: Black Sludge
|turn|10
|c| lol haha xd|-
|
|switch|p2a: Raikou|Raikou|321\/321
|-damage|p2a: Raikou|281\/321|[from] Stealth Rock
|-ability|p2a: Raikou|Pressure
|move|p1a: 420blazeitfaggit|Flamethrower|p2a: Raikou
|-damage|p2a: Raikou|223\/321
|
|-weather|Hail|[upkeep]
|-damage|p2a: Raikou|203\/321|[from] hail
|-damage|p1a: 420blazeitfaggit|273\/334|[from] hail
|-heal|p1a: 420blazeitfaggit|293\/334|[from] item: Black Sludge
|turn|11
|
|move|p2a: Raikou|Volt Switch|p1a: 420blazeitfaggit
|-damage|p1a: 420blazeitfaggit|137\/334
|
|switch|p2a: Hydreigon|Hydreigon, F|325\/325
|-damage|p2a: Hydreigon|285\/325|[from] Stealth Rock
|move|p1a: 420blazeitfaggit|Toxic Spikes|p2a: Hydreigon
|-sidestart|p2: The Clean Bandit|move: Toxic Spikes
|
|-weather|Hail|[upkeep]
|-damage|p2a: Hydreigon|265\/325|[from] hail
|-damage|p1a: 420blazeitfaggit|117\/334|[from] hail
|-heal|p1a: 420blazeitfaggit|137\/334|[from] item: Black Sludge
|turn|12
|
|switch|p1a: Fairyfart|Blissey, F|439\/714
|-damage|p1a: Fairyfart|350\/714|[from] Stealth Rock
|move|p2a: Hydreigon|Dark Pulse|p1a: Fairyfart
|-damage|p1a: Fairyfart|204\/714
|-damage|p2a: Hydreigon|233\/325|[from] item: Life Orb
|
|-weather|none
|-heal|p1a: Fairyfart|248\/714|[from] item: Leftovers
|turn|13
|
|move|p2a: Hydreigon|Superpower|p1a: Fairyfart
|-supereffective|p1a: Fairyfart
|-damage|p1a: Fairyfart|0 fnt
|-unboost|p2a: Hydreigon|atk|1
|-unboost|p2a: Hydreigon|def|1
|-damage|p2a: Hydreigon|201\/325|[from] item: Life Orb
|faint|p1a: Fairyfart
|
|
|switch|p1a: Squirts|Blastoise, M|358\/358
|-damage|p1a: Squirts|314\/358|[from] Stealth Rock
|turn|14
|join|Calloflochie
|
|move|p2a: Hydreigon|Draco Meteor|p1a: Squirts
|-damage|p1a: Squirts|29\/358
|-unboost|p2a: Hydreigon|spa|2
|-damage|p2a: Hydreigon|169\/325|[from] item: Life Orb
|move|p1a: Squirts|Aura Sphere|p2a: Hydreigon
|-supereffective|p2a: Hydreigon
|-damage|p2a: Hydreigon|0 fnt
|faint|p2a: Hydreigon
|
|c|+Calloflochie|nice loss n_n
|c| Le Notable|not mega ?
|
|switch|p2a: Crobat|Crobat, M|369\/369
|-damage|p2a: Crobat|277\/369|[from] Stealth Rock
|turn|15
|c| lol haha xd|he's bluffing mega zygarde
|c| lol haha xd|yn
|c| Gary2346|mega is for pussies
|c|â21yearoldvirgin|i forgot
|c|â21yearoldvirgin|oops
|
|detailschange|p1a: Squirts|Blastoise-Mega, M
|message|Blastoise has Mega Evolved into Mega Blastoise!
|move|p2a: Crobat|Brave Bird|p1a: Squirts
|-damage|p1a: Squirts|0 fnt
|-damage|p2a: Crobat|267\/369|[from] recoil|[of] p1a: Squirts
|faint|p1a: Squirts
|
|-heal|p2a: Crobat|290\/369|[from] item: Black Sludge
|c| Le Notable|i figured x)
|
|switch|p1a: Twink|Espeon, M|334\/334
|-damage|p1a: Twink|293\/334|[from] Stealth Rock
|turn|16
|
|switch|p2a: Jirachi|Jirachi|341\/341
|-damage|p2a: Jirachi|320\/341|[from] Stealth Rock
|move|p1a: Twink|Psyshock|p2a: Jirachi
|-resisted|p2a: Jirachi
|-damage|p2a: Jirachi|292\/341
|
|-heal|p1a: Twink|313\/334|[from] item: Leftovers
|turn|17
|leave|Le Notable
|
|move|p2a: Jirachi|U-turn|p1a: Twink
|-supereffective|p1a: Twink
|-damage|p1a: Twink|117\/334
|
|switch|p2a: Crobat|Crobat, M|290\/369
|-damage|p2a: Crobat|198\/369|[from] Stealth Rock
|move|p1a: Twink|Morning Sun|p1a: Twink
|-heal|p1a: Twink|284\/334
|
|-heal|p2a: Crobat|221\/369|[from] item: Black Sludge
|-heal|p1a: Twink|304\/334|[from] item: Leftovers
|turn|18
|
|move|p2a: Crobat|U-turn|p1a: Twink
|-supereffective|p1a: Twink
|-damage|p1a: Twink|126\/334
|
|switch|p2a: Jirachi|Jirachi|292\/341
|-damage|p2a: Jirachi|271\/341|[from] Stealth Rock
|move|p1a: Twink|Psyshock|p2a: Jirachi
|-resisted|p2a: Jirachi
|-damage|p2a: Jirachi|243\/341
|
|-heal|p1a: Twink|146\/334|[from] item: Leftovers
|turn|19
|
|switch|p1a: 420blazeitfaggit|Weezing, M|137\/334
|-damage|p1a: 420blazeitfaggit|96\/334|[from] Stealth Rock
|move|p2a: Jirachi|U-turn|p1a: 420blazeitfaggit
|-resisted|p1a: 420blazeitfaggit
|-damage|p1a: 420blazeitfaggit|74\/334
|
|switch|p2a: Raikou|Raikou|203\/321
|-status|p2a: Raikou|psn
|-damage|p2a: Raikou|163\/321 psn|[from] Stealth Rock
|-ability|p2a: Raikou|Pressure
|
|-heal|p1a: 420blazeitfaggit|94\/334|[from] item: Black Sludge
|-damage|p2a: Raikou|123\/321 psn|[from] psn
|turn|20
|
|move|p2a: Raikou|Extrasensory|p1a: 420blazeitfaggit
|-supereffective|p1a: 420blazeitfaggit
|-damage|p1a: 420blazeitfaggit|0 fnt
|faint|p1a: 420blazeitfaggit
|
|-damage|p2a: Raikou|83\/321 psn|[from] psn
|
|switch|p1a: WTF AM I|Zygarde|358\/358
|-damage|p1a: WTF AM I|336\/358|[from] Stealth Rock
|-ability|p1a: WTF AM I|Aura Break
|turn|21
|
|move|p2a: Raikou|Hidden Power|p1a: WTF AM I
|-supereffective|p1a: WTF AM I
|-damage|p1a: WTF AM I|19\/358
|move|p1a: WTF AM I|Dragon Dance|p1a: WTF AM I
|-boost|p1a: WTF AM I|atk|1
|-boost|p1a: WTF AM I|spe|1
|
|-heal|p1a: WTF AM I|41\/358|[from] item: Leftovers
|-damage|p2a: Raikou|43\/321 psn|[from] psn
|turn|22
|c|+Calloflochie|clean
|c|+Calloflochie|as fuck
|
|move|p1a: WTF AM I|Earthquake|p2a: Raikou
|-supereffective|p2a: Raikou
|-damage|p2a: Raikou|0 fnt
|faint|p2a: Raikou
|
|-heal|p1a: WTF AM I|63\/358|[from] item: Leftovers
|c|â21yearoldvirgin|breeehhhhh
|c|+Calloflochie|time to go to jirachi
|c|+Calloflochie|and flinch for da win
|c|+Calloflochie|n_n
|
|switch|p2a: Jirachi|Jirachi|243\/341
|-damage|p2a: Jirachi|222\/341|[from] Stealth Rock
|turn|23
|
|move|p2a: Jirachi|Iron Head|p1a: WTF AM I
|-damage|p1a: WTF AM I|0 fnt
|faint|p1a: WTF AM I
|
|
|switch|p1a: asdjeuFUCK|Whimsicott, F|324\/324
|-damage|p1a: asdjeuFUCK|284\/324|[from] Stealth Rock
|turn|24
|
|move|p1a: asdjeuFUCK|Leech Seed|p2a: Jirachi
|-start|p2a: Jirachi|move: Leech Seed
|move|p2a: Jirachi|Iron Head|p1a: asdjeuFUCK
|-supereffective|p1a: asdjeuFUCK
|-damage|p1a: asdjeuFUCK|98\/324
|
|-heal|p1a: asdjeuFUCK|118\/324|[from] item: Leftovers
|-damage|p2a: Jirachi|180\/341|[from] Leech Seed|[of] p1a: asdjeuFUCK
|-heal|p1a: asdjeuFUCK|160\/324|[silent]
|turn|25
|c| lol haha xd|0
|c|%imanalt|ogre
|
|switch|p2a: Crobat|Crobat, M|221\/369
|-damage|p2a: Crobat|129\/369|[from] Stealth Rock
|move|p1a: asdjeuFUCK|Substitute|p1a: asdjeuFUCK
|-start|p1a: asdjeuFUCK|Substitute
|-damage|p1a: asdjeuFUCK|79\/324
|
|-heal|p2a: Crobat|152\/369|[from] item: Black Sludge
|-heal|p1a: asdjeuFUCK|99\/324|[from] item: Leftovers
|turn|26
|c|%imanalt|sub, cotton guad, loss
|c|+Calloflochie|oml
|c|+Calloflochie|predicted
|c|+Calloflochie|!!!
|
|switch|p1a: Twink|Espeon, M|146\/334
|-damage|p1a: Twink|105\/334|[from] Stealth Rock
|move|p2a: Crobat|Brave Bird|p1a: Twink
|-damage|p1a: Twink|0 fnt
|-damage|p2a: Crobat|117\/369|[from] recoil|[of] p1a: Twink
|faint|p1a: Twink
|
|-heal|p2a: Crobat|140\/369|[from] item: Black Sludge
|c|+Calloflochie|helo.
|c|+Calloflochie|that helped!
|c|â21yearoldvirgin|wp
|c|â21yearoldvirgin|close
|c|â21yearoldvirgin|i lost anways
|c|âThe Clean Bandit|gg man, sorry about all the specs
|c|â21yearoldvirgin|cause of blastoise
|c|â21yearoldvirgin|fuckin blastoise
|
|switch|p1a: asdjeuFUCK|Whimsicott, F|99\/324
|-damage|p1a: asdjeuFUCK|59\/324|[from] Stealth Rock
|turn|27
|
|move|p1a: asdjeuFUCK|Leech Seed|p2a: Crobat
|-start|p2a: Crobat|move: Leech Seed
|move|p2a: Crobat|Brave Bird|p1a: asdjeuFUCK
|-supereffective|p1a: asdjeuFUCK
|-damage|p1a: asdjeuFUCK|0 fnt
|-damage|p2a: Crobat|121\/369|[from] recoil|[of] p1a: asdjeuFUCK
|faint|p1a: asdjeuFUCK
|
|win|The Clean Bandit
|raw|Ladder updating...
|raw|21yearoldvirgin's rating: 1459 &rarr; <strong>1447<\/strong><br \/>(-12 for losing)
|raw|The Clean Bandit's rating: 1612 &rarr; <strong>1624<\/strong><br \/>(+12 for winning)
|c| Gary2346|pussy fart
|leave|Gary2346
|leave|BFoxy
|leave|kamisama_no49
|leave|The Clean Bandit
|player|p2