|join|apokemonkid
|join|twerp
|player|p1|apokemonkid|1
|player|p2|twerp|3
|gametype|singles
|gen|6
|tier|ORAS OU
|rated
|rule|Sleep Clause Mod: Limit one foe put to sleep
|rule|Species Clause: Limit one of each PokÃ©mon
|rule|OHKO Clause: OHKO moves are banned
|rule|Moody Clause: Moody is banned
|rule|Evasion Moves Clause: Evasion moves are banned
|rule|Endless Battle Clause: Forcing endless battles is banned
|rule|HP Percentage Mod: HP is shown in percentages
|clearpoke
|poke|p1|Haxorus, M
|poke|p1|Jirachi
|poke|p1|Metagross
|poke|p1|Dragonite, M
|poke|p1|Latios, M
|poke|p1|Mamoswine, M
|poke|p2|Trevenant, M
|poke|p2|Tyranitar, M
|poke|p2|Nidoking, M
|poke|p2|Dragonite, F
|poke|p2|Ditto
|poke|p2|Slowbro, F
|rule|Swagger Clause: Swagger is banned
|rule|Baton Pass Clause: Limit one PokÃ©mon knowing Baton Pass
|teampreview
|
|start
|switch|p1a: Mamoswine|Mamoswine, M|362\/362
|switch|p2a: Daerot|Trevenant, M|374\/374
|turn|1
|
|move|p1a: Mamoswine|Stealth Rock|p2a: Daerot
|-sidestart|p2: twerp|move: Stealth Rock
|move|p2a: Daerot|Leech Seed|p1a: Mamoswine|[miss]
|-miss|p2a: Daerot|p1a: Mamoswine
|
|turn|2
|join|eEnigma
|
|move|p1a: Mamoswine|Ice Shard|p2a: Daerot
|-supereffective|p2a: Daerot
|-damage|p2a: Daerot|198\/374
|move|p2a: Daerot|Leech Seed|p1a: Mamoswine
|-start|p1a: Mamoswine|move: Leech Seed
|
|-damage|p1a: Mamoswine|317\/362|[from] Leech Seed|[of] p2a: Daerot
|-heal|p2a: Daerot|243\/374|[silent]
|turn|3
|
|move|p2a: Daerot|Protect|p2a: Daerot
|-singleturn|p2a: Daerot|Protect
|move|p1a: Mamoswine|Ice Shard|p2a: Daerot
|-activate|p2a: Daerot|Protect
|
|-damage|p1a: Mamoswine|272\/362|[from] Leech Seed|[of] p2a: Daerot
|-heal|p2a: Daerot|288\/374|[silent]
|turn|4
|
|switch|p2a: Yadoran|Slowbro, F|394\/394
|-damage|p2a: Yadoran|345\/394|[from] Stealth Rock
|move|p1a: Mamoswine|Ice Shard|p2a: Yadoran
|-resisted|p2a: Yadoran
|-damage|p2a: Yadoran|315\/394
|
|-damage|p1a: Mamoswine|227\/362|[from] Leech Seed|[of] p2a: Yadoran
|-heal|p2a: Yadoran|360\/394|[silent]
|turn|5
|
|detailschange|p2a: Yadoran|Slowbro-Mega, F
|message|Slowbro has Mega Evolved into Mega Slowbro!
|move|p1a: Mamoswine|Earthquake|p2a: Yadoran
|-damage|p2a: Yadoran|260\/394
|move|p2a: Yadoran|Calm Mind|p2a: Yadoran
|-boost|p2a: Yadoran|spa|1
|-boost|p2a: Yadoran|spd|1
|
|-damage|p1a: Mamoswine|182\/362|[from] Leech Seed|[of] p2a: Yadoran
|-heal|p2a: Yadoran|305\/394|[silent]
|turn|6
|
|move|p1a: Mamoswine|Earthquake|p2a: Yadoran
|-damage|p2a: Yadoran|199\/394
|move|p2a: Yadoran|Calm Mind|p2a: Yadoran
|-boost|p2a: Yadoran|spa|1
|-boost|p2a: Yadoran|spd|1
|
|-damage|p1a: Mamoswine|137\/362|[from] Leech Seed|[of] p2a: Yadoran
|-heal|p2a: Yadoran|244\/394|[silent]
|turn|7
|
|move|p1a: Mamoswine|Earthquake|p2a: Yadoran
|-damage|p2a: Yadoran|138\/394
|move|p2a: Yadoran|Iron Defense|p2a: Yadoran
|-boost|p2a: Yadoran|def|2
|
|-damage|p1a: Mamoswine|92\/362|[from] Leech Seed|[of] p2a: Yadoran
|-heal|p2a: Yadoran|183\/394|[silent]
|turn|8
|
|move|p1a: Mamoswine|Earthquake|p2a: Yadoran
|-damage|p2a: Yadoran|126\/394
|move|p2a: Yadoran|Slack Off|p2a: Yadoran
|-heal|p2a: Yadoran|323\/394
|
|-damage|p1a: Mamoswine|47\/362|[from] Leech Seed|[of] p2a: Yadoran
|-heal|p2a: Yadoran|368\/394|[silent]
|turn|9
|
|move|p1a: Mamoswine|Endeavor|p2a: Yadoran
|-damage|p2a: Yadoran|47\/394
|move|p2a: Yadoran|Calm Mind|p2a: Yadoran
|-boost|p2a: Yadoran|spa|1
|-boost|p2a: Yadoran|spd|1
|
|-damage|p1a: Mamoswine|2\/362|[from] Leech Seed|[of] p2a: Yadoran
|-heal|p2a: Yadoran|92\/394|[silent]
|turn|10
|
|move|p1a: Mamoswine|Endeavor|p2a: Yadoran
|-damage|p2a: Yadoran|2\/394
|move|p2a: Yadoran|Slack Off|p2a: Yadoran
|-heal|p2a: Yadoran|199\/394
|
|-damage|p1a: Mamoswine|0 fnt|[from] Leech Seed|[of] p2a: Yadoran
|-heal|p2a: Yadoran|201\/394|[silent]
|faint|p1a: Mamoswine
|
|switch|p1a: Haxorus|Haxorus, M|294\/294
|-ability|p1a: Haxorus|Mold Breaker
|turn|11
|
|move|p1a: Haxorus|Dragon Dance|p1a: Haxorus
|-boost|p1a: Haxorus|atk|1
|-boost|p1a: Haxorus|spe|1
|move|p2a: Yadoran|Slack Off|p2a: Yadoran
|-heal|p2a: Yadoran|394\/394
|
|turn|12
|
|move|p1a: Haxorus|Dragon Dance|p1a: Haxorus
|-boost|p1a: Haxorus|atk|1
|-boost|p1a: Haxorus|spe|1
|move|p2a: Yadoran|Scald|p1a: Haxorus
|-resisted|p1a: Haxorus
|-damage|p1a: Haxorus|109\/294
|
|turn|13
|
|move|p1a: Haxorus|Outrage|p2a: Yadoran
|-damage|p2a: Yadoran|231\/394
|move|p2a: Yadoran|Scald|p1a: Haxorus
|-resisted|p1a: Haxorus
|-damage|p1a: Haxorus|0 fnt
|faint|p1a: Haxorus
|
|
|switch|p1a: Dragonite|Dragonite, M|323\/323
|turn|14
|
|move|p1a: Dragonite|Outrage|p2a: Yadoran
|-damage|p2a: Yadoran|126\/394
|move|p2a: Yadoran|Scald|p1a: Dragonite
|-resisted|p1a: Dragonite
|-damage|p1a: Dragonite|247\/323
|
|turn|15
|
|move|p1a: Dragonite|Outrage|p2a: Yadoran
|-damage|p2a: Yadoran|9\/394
|move|p2a: Yadoran|Slack Off|p2a: Yadoran
|-heal|p2a: Yadoran|206\/394
|
|turn|16
|
|move|p1a: Dragonite|Outrage|p2a: Yadoran
|-damage|p2a: Yadoran|89\/394
|move|p2a: Yadoran|Slack Off|p2a: Yadoran
|-heal|p2a: Yadoran|286\/394
|
|-end|p1a: Dragonite|rampage
|-start|p1a: Dragonite|confusion
|turn|17
|-message|apokemonkid forfeited.
|
|win|twerp
|raw|Ladder updating...
|leave|apokemonkid
|player|p1
|raw|apokemonkid's rating: 1159 &rarr; <strong>1128<\/strong><br \/>(-31 for losing)
|raw|twerp's rating: 1070 &rarr; <strong>1107<\/strong><br \/>(+37 for winning)