|join|SkorXX
|join|apokemonkid
|player|p1|SkorXX|248
|player|p2|apokemonkid|12
|gametype|singles
|gen|6
|tier|OU
|clearpoke
|poke|p1|Skarmory, M, shiny
|poke|p1|Medicham, M, shiny
|poke|p1|Charizard, F, shiny
|poke|p1|Azumarill, F, shiny
|poke|p1|Gardevoir, F, shiny
|poke|p1|Gliscor, M, shiny
|poke|p2|Charizard, M
|poke|p2|Conkeldurr, M
|poke|p2|Excadrill, M
|poke|p2|Gliscor, F
|poke|p2|Kyurem-Black
|poke|p2|Chansey, F
|rule|Swagger Clause: Swagger is banned
|rule|Baton Pass Clause: Limit one PokÃ©mon knowing Baton Pass
|rule|Sleep Clause Mod: Limit one foe put to sleep
|rule|Species Clause: Limit one of each PokÃ©mon
|rule|OHKO Clause: OHKO moves are banned
|rule|Moody Clause: Moody is banned
|rule|Evasion Moves Clause: Evasion moves are banned
|rule|Endless Battle Clause: Forcing endless battles is banned
|rule|HP Percentage Mod: HP is shown in percentages
|teampreview
|
|start
|switch|p1a: Priority!|Medicham, M, shiny|261\/261
|switch|p2a: Kyurem-Black|Kyurem-Black|392\/392
|-ability|p2a: Kyurem-Black|Teravolt
|turn|1
|
|detailschange|p1a: Priority!|Medicham-Mega, M, shiny
|message|Medicham has Mega Evolved into Mega Medicham!
|move|p2a: Kyurem-Black|Outrage|p1a: Priority!
|-damage|p1a: Priority!|0 fnt
|faint|p1a: Priority!
|
|join|hellfiend
|
|switch|p1a: Scar|Skarmory, M, shiny|329\/329
|turn|2
|
|move|p2a: Kyurem-Black|Outrage|p1a: Scar
|-resisted|p1a: Scar
|-damage|p1a: Scar|231\/329
|-damage|p2a: Kyurem-Black|327\/392|[from] item: Rocky Helmet|[of] p1a: Scar
|move|p1a: Scar|Steel Wing|p2a: Kyurem-Black
|-supereffective|p2a: Kyurem-Black
|-damage|p2a: Kyurem-Black|129\/392
|
|turn|3
|
|move|p2a: Kyurem-Black|Outrage|p1a: Scar
|-resisted|p1a: Scar
|-damage|p1a: Scar|123\/329
|-damage|p2a: Kyurem-Black|64\/392|[from] item: Rocky Helmet|[of] p1a: Scar
|move|p1a: Scar|Brave Bird|p2a: Kyurem-Black
|-damage|p2a: Kyurem-Black|0 fnt
|-damage|p1a: Scar|102\/329|[from] recoil|[of] p2a: Kyurem-Black
|faint|p2a: Kyurem-Black
|
|
|switch|p2a: Charizard|Charizard, M|298\/298
|turn|4
|
|detailschange|p2a: Charizard|Charizard-Mega-Y, M
|message|Charizard has Mega Evolved into Mega Charizard!
|-weather|SunnyDay
|move|p2a: Charizard|Flamethrower|p1a: Scar
|-supereffective|p1a: Scar
|-damage|p1a: Scar|0 fnt
|faint|p1a: Scar
|
|-weather|SunnyDay|[upkeep]
|join|deathPuppit
|
|switch|p1a: Azu!|Azumarill, F, shiny|404\/404
|turn|5
|
|move|p1a: Azu!|Aqua Jet|p2a: Charizard
|-supereffective|p2a: Charizard
|-damage|p2a: Charizard|188\/298
|move|p2a: Charizard|Solar Beam|p1a: Azu!|[still]
|-prepare|p2a: Charizard|Solar Beam|p1a: Azu!
|-anim|p2a: Charizard|Solar Beam|p1a: Azu!
|-supereffective|p1a: Azu!
|-damage|p1a: Azu!|0 fnt
|faint|p1a: Azu!
|
|-weather|SunnyDay|[upkeep]
|
|switch|p1a: Charizard|Charizard, F, shiny|298\/298
|turn|6
|c| hellfiend|SkorXX y didn't u sent gardivoir to kill kyurem?
|c|âSkorXX|idk
|c|âSkorXX|lol
|
|move|p1a: Charizard|Crunch|p2a: Charizard
|-damage|p2a: Charizard|87\/298
|-unboost|p2a: Charizard|def|1
|move|p2a: Charizard|Overheat|p1a: Charizard
|-resisted|p1a: Charizard
|-damage|p1a: Charizard|55\/298
|-unboost|p2a: Charizard|spa|2
|
|-weather|SunnyDay|[upkeep]
|-damage|p1a: Charizard|18\/298|[from] ability: Solar Power
|turn|7
|c|âSkorXX|just playing bad
|
|switch|p2a: Gliscor|Gliscor, F|291\/291
|move|p1a: Charizard|Crunch|p2a: Gliscor
|-damage|p2a: Gliscor|244\/291
|
|-weather|SunnyDay|[upkeep]
|-damage|p1a: Charizard|0 fnt|[from] ability: Solar Power
|-status|p2a: Gliscor|tox|[from] item: Toxic Orb
|faint|p1a: Charizard
|
|switch|p1a: Juliet Monroe|Gardevoir, F, shiny|340\/340
|turn|8
|
|move|p2a: Gliscor|Toxic|p1a: Juliet Monroe|[miss]
|-miss|p2a: Gliscor|p1a: Juliet Monroe
|move|p1a: Juliet Monroe|Moonblast|p2a: Gliscor
|-damage|p2a: Gliscor|61\/291 tox
|
|-weather|none
|-heal|p2a: Gliscor|97\/291 tox|[from] ability: Poison Heal
|turn|9
|
|move|p2a: Gliscor|Protect|p2a: Gliscor
|-singleturn|p2a: Gliscor|Protect
|move|p1a: Juliet Monroe|Moonblast|p2a: Gliscor
|-activate|p2a: Gliscor|Protect
|
|-heal|p2a: Gliscor|133\/291 tox|[from] ability: Poison Heal
|turn|10
|
|move|p2a: Gliscor|Toxic|p1a: Juliet Monroe|[miss]
|-miss|p2a: Gliscor|p1a: Juliet Monroe
|move|p1a: Juliet Monroe|Moonblast|p2a: Gliscor
|-damage|p2a: Gliscor|0 fnt
|faint|p2a: Gliscor
|
|
|switch|p2a: Excadrill|Excadrill, M|362\/362
|-ability|p2a: Excadrill|Mold Breaker
|-item|p2a: Excadrill|Air Balloon
|turn|11
|
|move|p2a: Excadrill|Iron Head|p1a: Juliet Monroe
|-supereffective|p1a: Juliet Monroe
|-damage|p1a: Juliet Monroe|0 fnt
|faint|p1a: Juliet Monroe
|
|
|switch|p1a: Poison is my Drug|Gliscor, M, shiny|354\/354
|turn|12
|
|move|p2a: Excadrill|Iron Head|p1a: Poison is my Drug
|-damage|p1a: Poison is my Drug|240\/354
|move|p1a: Poison is my Drug|Earthquake|p2a: Excadrill
|-immune|p2a: Excadrill|[msg]
|
|-status|p1a: Poison is my Drug|tox|[from] item: Toxic Orb
|turn|13
|
|move|p2a: Excadrill|Iron Head|p1a: Poison is my Drug
|-damage|p1a: Poison is my Drug|131\/354 tox
|cant|p1a: Poison is my Drug|flinch
|
|-heal|p1a: Poison is my Drug|175\/354 tox|[from] ability: Poison Heal
|turn|14
|
|move|p2a: Excadrill|Iron Head|p1a: Poison is my Drug
|-damage|p1a: Poison is my Drug|67\/354 tox
|move|p1a: Poison is my Drug|Aerial Ace|p2a: Excadrill
|-resisted|p2a: Excadrill
|-damage|p2a: Excadrill|313\/362
|-enditem|p2a: Excadrill|Air Balloon
|
|-heal|p1a: Poison is my Drug|111\/354 tox|[from] ability: Poison Heal
|turn|15
|
|move|p2a: Excadrill|Iron Head|p1a: Poison is my Drug
|-damage|p1a: Poison is my Drug|9\/354 tox
|cant|p1a: Poison is my Drug|flinch
|
|-heal|p1a: Poison is my Drug|53\/354 tox|[from] ability: Poison Heal
|turn|16
|
|move|p1a: Poison is my Drug|Protect|p1a: Poison is my Drug
|-singleturn|p1a: Poison is my Drug|Protect
|move|p2a: Excadrill|Iron Head|p1a: Poison is my Drug
|-activate|p1a: Poison is my Drug|Protect
|
|-heal|p1a: Poison is my Drug|97\/354 tox|[from] ability: Poison Heal
|turn|17
|
|move|p2a: Excadrill|Iron Head|p1a: Poison is my Drug
|-damage|p1a: Poison is my Drug|0 fnt
|faint|p1a: Poison is my Drug
|
|win|apokemonkid