|join|apokemonkid
|join|erict12345
|player|p1|apokemonkid|265
|player|p2|erict12345|1
|gametype|singles
|gen|6
|tier|OU
|rated
|clearpoke
|poke|p1|Aron, L1, F
|poke|p1|Tyranitar, M
|poke|p1|Dragonite, F
|poke|p1|Goodra, M
|poke|p1|Gliscor, M
|poke|p1|Greninja, M
|poke|p2|Politoed, M, shiny
|poke|p2|Toxicroak, M, shiny
|poke|p2|Azumarill, M
|poke|p2|Gliscor, M, shiny
|poke|p2|Blissey, F
|poke|p2|Porygon-Z
|rule|Sleep Clause Mod: Limit one foe put to sleep
|rule|Species Clause: Limit one of each Pokemon
|rule|OHKO Clause: OHKO moves are banned
|rule|Moody Clause: Moody is banned
|rule|Evasion Moves Clause: Evasion moves are banned
|rule|Endless Battle Clause: Forcing endless battles is banned.
|rule|HP Percentage Mod: HP is reported as percentages
|teampreview
|
|start
|switch|p1a: Tyranitar|Tyranitar, M|404\/404
|switch|p2a: Politoed|Politoed, M, shiny|384\/384
|-weather|RainDance
|-weather|Sandstorm
|turn|1
|
|move|p2a: Politoed|Hydro Pump|p1a: Tyranitar
|-supereffective|p1a: Tyranitar
|-damage|p1a: Tyranitar|152\/404
|move|p1a: Tyranitar|Toxic|p2a: Politoed
|-status|p2a: Politoed|tox
|
|-weather|Sandstorm|[upkeep]
|-damage|p2a: Politoed|360\/384 tox|[from] sandstorm
|-damage|p2a: Politoed|336\/384 tox|[from] psn
|turn|2
|
|move|p2a: Politoed|Hydro Pump|p1a: Tyranitar
|-supereffective|p1a: Tyranitar
|-damage|p1a: Tyranitar|0 fnt
|faint|p1a: Tyranitar
|
|-weather|Sandstorm|[upkeep]
|-damage|p2a: Politoed|312\/384 tox|[from] sandstorm
|-damage|p2a: Politoed|264\/384 tox|[from] psn
|
|switch|p1a: Aron|Aron, L1, F|12\/12
|turn|3
|
|switch|p2a: Porygon-Z|Porygon-Z|374\/374
|-boost|p2a: Porygon-Z|spa|1|[from] ability: Download
|move|p1a: Aron|Endeavor|p2a: Porygon-Z
|-damage|p2a: Porygon-Z|12\/374
|
|-weather|Sandstorm|[upkeep]
|-damage|p2a: Porygon-Z|0 fnt|[from] sandstorm
|faint|p2a: Porygon-Z
|
|switch|p2a: Politoed|Politoed, M, shiny|264\/384 tox
|-weather|RainDance
|turn|4
|
|move|p2a: Politoed|Perish Song|p2a: Politoed
|-fieldactivate|move: Perish Song
|move|p1a: Aron|Endeavor|p2a: Politoed
|-damage|p2a: Politoed|12\/384 tox
|
|-start|p2a: Politoed|perish3
|-start|p1a: Aron|perish3
|-weather|RainDance|[upkeep]
|-damage|p2a: Politoed|0 fnt|[from] psn
|faint|p2a: Politoed
|
|switch|p2a: Toxicroak|Toxicroak, M, shiny|370\/370
|turn|5
|
|move|p2a: Toxicroak|Protect|p2a: Toxicroak
|-singleturn|p2a: Toxicroak|Protect
|move|p1a: Aron|Endeavor|p2a: Toxicroak
|-activate|p2a: Toxicroak|Protect
|
|-start|p1a: Aron|perish2
|-weather|RainDance|[upkeep]
|turn|6
|
|move|p2a: Toxicroak|Dynamic Punch|p1a: Aron
|-supereffective|p1a: Aron
|-activate|p1a: Aron|Sturdy
|-damage|p1a: Aron|1\/12
|-start|p1a: Aron|confusion
|-activate|p1a: Aron|confusion
|move|p1a: Aron|Endeavor|p2a: Toxicroak
|-damage|p2a: Toxicroak|1\/370
|-heal|p1a: Aron|12\/12|[from] item: Shell Bell|[of] p2a: Toxicroak
|
|-start|p1a: Aron|perish1
|-weather|RainDance|[upkeep]
|-heal|p2a: Toxicroak|47\/370|[from] ability: Dry Skin
|turn|7
|
|switch|p1a: Gliscor|Gliscor, M|354\/354
|move|p2a: Toxicroak|Protect|p2a: Toxicroak
|-fail|p2a: Toxicroak
|
|-weather|RainDance|[upkeep]
|-heal|p2a: Toxicroak|93\/370|[from] ability: Dry Skin
|-status|p1a: Gliscor|tox|[from] item: Toxic Orb
|turn|8
|
|move|p1a: Gliscor|Earthquake|p2a: Toxicroak
|-supereffective|p2a: Toxicroak
|-damage|p2a: Toxicroak|0 fnt
|faint|p2a: Toxicroak
|
|-weather|none
|
|switch|p2a: Gliscor|Gliscor, M, shiny|337\/337
|turn|9
|
|switch|p1a: Greninja|Greninja, M|285\/285
|move|p2a: Gliscor|Return|p1a: Greninja
|-damage|p1a: Greninja|132\/285
|
|-heal|p1a: Greninja|149\/285|[from] item: Leftovers
|-status|p2a: Gliscor|tox|[from] item: Toxic Orb
|turn|10
|
|move|p1a: Greninja|Scald|p2a: Gliscor
|-crit|p2a: Gliscor
|-supereffective|p2a: Gliscor
|-damage|p2a: Gliscor|0 fnt
|faint|p2a: Gliscor
|
|-heal|p1a: Greninja|166\/285|[from] item: Leftovers
|
|switch|p2a: Blissey|Blissey, F|652\/652
|turn|11
|
|move|p1a: Greninja|U-turn|p2a: Blissey
|-damage|p2a: Blissey|566\/652
|
|switch|p1a: Dragonite|Dragonite, F|324\/324
|move|p2a: Blissey|Iron Tail|p1a: Dragonite|[miss]
|-miss|p2a: Blissey|p1a: Dragonite
|
|turn|12
|
|move|p1a: Dragonite|Dragon Dance|p1a: Dragonite
|-boost|p1a: Dragonite|atk|1
|-boost|p1a: Dragonite|spe|1
|move|p2a: Blissey|Blizzard|p1a: Dragonite
|-supereffective|p1a: Dragonite
|-damage|p1a: Dragonite|184\/324
|
|turn|13
|
|move|p1a: Dragonite|Roost|p1a: Dragonite
|-heal|p1a: Dragonite|324\/324
|move|p2a: Blissey|Blizzard|p1a: Dragonite
|-supereffective|p1a: Dragonite
|-damage|p1a: Dragonite|253\/324
|
|turn|14
|
|move|p1a: Dragonite|Roost|p1a: Dragonite
|-heal|p1a: Dragonite|324\/324
|move|p2a: Blissey|Blizzard|p1a: Dragonite
|-supereffective|p1a: Dragonite
|-damage|p1a: Dragonite|260\/324
|
|turn|15
|
|move|p1a: Dragonite|Roost|p1a: Dragonite
|-heal|p1a: Dragonite|324\/324
|move|p2a: Blissey|Blizzard|p1a: Dragonite
|-supereffective|p1a: Dragonite
|-damage|p1a: Dragonite|250\/324
|
|turn|16
|
|move|p1a: Dragonite|Roost|p1a: Dragonite
|-heal|p1a: Dragonite|324\/324
|move|p2a: Blissey|Hidden Power|p1a: Dragonite
|-damage|p1a: Dragonite|305\/324
|
|turn|17
|
|move|p1a: Dragonite|Dragon Claw|p2a: Blissey
|-damage|p2a: Blissey|94\/652
|move|p2a: Blissey|Iron Tail|p1a: Dragonite
|-damage|p1a: Dragonite|286\/324
|
|turn|18
|
|move|p1a: Dragonite|Dragon Claw|p2a: Blissey
|-damage|p2a: Blissey|0 fnt
|faint|p2a: Blissey
|
|
|switch|p2a: Azumarill|Azumarill, M|404\/404
|turn|19
|
|move|p1a: Dragonite|Dragon Claw|p2a: Azumarill
|-immune|p2a: Azumarill|[msg]
|move|p2a: Azumarill|Surf|p1a: Dragonite
|-resisted|p1a: Dragonite
|-damage|p1a: Dragonite|212\/324
|
|turn|20
|
|move|p1a: Dragonite|Toxic|p2a: Azumarill
|-status|p2a: Azumarill|tox
|move|p2a: Azumarill|Waterfall|p1a: Dragonite
|-resisted|p1a: Dragonite
|-damage|p1a: Dragonite|180\/324
|
|-damage|p2a: Azumarill|379\/404 tox|[from] psn
|turn|21
|chat|erict12345|gg
|
|move|p1a: Dragonite|Roost|p1a: Dragonite
|-heal|p1a: Dragonite|324\/324
|move|p2a: Azumarill|Waterfall|p1a: Dragonite
|-resisted|p1a: Dragonite
|-damage|p1a: Dragonite|307\/324
|
|-damage|p2a: Azumarill|329\/404 tox|[from] psn
|turn|22
|
|move|p1a: Dragonite|Roost|p1a: Dragonite
|-heal|p1a: Dragonite|324\/324
|move|p2a: Azumarill|Rollout|p1a: Dragonite
|-damage|p1a: Dragonite|317\/324
|
|-damage|p2a: Azumarill|254\/404 tox|[from] psn
|turn|23
|
|move|p1a: Dragonite|Roost|p1a: Dragonite
|-heal|p1a: Dragonite|324\/324
|move|p2a: Azumarill|Rollout|p1a: Dragonite
|-damage|p1a: Dragonite|308\/324
|
|-damage|p2a: Azumarill|154\/404 tox|[from] psn
|turn|24
|
|move|p1a: Dragonite|Roost|p1a: Dragonite
|-heal|p1a: Dragonite|324\/324
|move|p2a: Azumarill|Rollout|p1a: Dragonite
|-damage|p1a: Dragonite|294\/324
|
|-damage|p2a: Azumarill|29\/404 tox|[from] psn
|turn|25
|chat|erict12345|way to stall
|
|move|p1a: Dragonite|Roost|p1a: Dragonite
|-heal|p1a: Dragonite|324\/324
|move|p2a: Azumarill|Rollout|p1a: Dragonite
|-damage|p1a: Dragonite|267\/324
|
|-damage|p2a: Azumarill|0 fnt|[from] psn
|faint|p2a: Azumarill
|
|win|apokemonkid
|raw|Ladder updating...
|raw|apokemonkid's rating: 1109 &rarr; <strong>1134<\/strong><br \/>(+25 for winning)
|raw|erict12345's rating: 1106 &rarr; <strong>1081<\/strong><br \/>(-25 for losing)
|leave|erict12345
|player|p2