|join|apokemonkid
|join|Gym Leader Rocker
|player|p1|apokemonkid|12
|player|p2|Gym Leader Rocker|163
|gametype|singles
|gen|6
|tier|OU
|rated
|clearpoke
|poke|p1|Cloyster, M
|poke|p1|Machamp, F
|poke|p1|Talonflame, M
|poke|p1|Aegislash, M, shiny
|poke|p1|Mawile, F
|poke|p1|Omastar, M
|poke|p2|Heatran, F, shiny
|poke|p2|Bisharp, M, shiny
|poke|p2|Cloyster, M, shiny
|poke|p2|Latios, M, shiny
|poke|p2|Zapdos, shiny
|poke|p2|Amoonguss, M, shiny
|rule|Sleep Clause Mod: Limit one foe put to sleep
|rule|Species Clause: Limit one of each Pokemon
|rule|OHKO Clause: OHKO moves are banned
|rule|Moody Clause: Moody is banned
|rule|Evasion Moves Clause: Evasion moves are banned
|rule|Endless Battle Clause: Forcing endless battles is banned.
|rule|HP Percentage Mod: HP is reported as percentages
|teampreview
|
|start
|switch|p1a: Machamp|Machamp, F|322\/322
|switch|p2a: eon|Latios, M, shiny|302\/302
|turn|1
|
|move|p2a: eon|Hidden Power|p1a: Machamp
|-damage|p1a: Machamp|239\/322
|move|p1a: Machamp|Dynamic Punch|p2a: eon
|-resisted|p2a: eon
|-damage|p2a: eon|203\/302
|-start|p2a: eon|confusion
|
|turn|2
|
|switch|p2a: hallucinogen|Amoonguss, M, shiny|431\/431
|move|p1a: Machamp|Dynamic Punch|p2a: hallucinogen
|-resisted|p2a: hallucinogen
|-damage|p2a: hallucinogen|335\/431
|-start|p2a: hallucinogen|confusion
|
|-heal|p2a: hallucinogen|361\/431|[from] item: Black Sludge
|turn|3
|
|switch|p1a: Talonflame|Talonflame, M|297\/297
|-activate|p2a: hallucinogen|confusion
|-damage|p2a: hallucinogen|336\/431|[from] confusion
|
|-heal|p2a: hallucinogen|362\/431|[from] item: Black Sludge
|turn|4
|
|switch|p1a: Machamp|Machamp, F|239\/322
|switch|p2a: radioactive cow|Heatran, F, shiny|386\/386
|
|turn|5
|
|switch|p2a: light|Zapdos, shiny|322\/322
|-ability|p2a: light|Pressure
|move|p1a: Machamp|Earthquake|p2a: light
|-immune|p2a: light|[msg]
|
|turn|6
|
|switch|p1a: Aegislash|Aegislash, M, shiny|262\/262
|move|p2a: light|Thunderbolt|p1a: Aegislash
|-damage|p1a: Aegislash|151\/262
|
|-heal|p1a: Aegislash|167\/262|[from] item: Leftovers
|turn|7
|
|move|p2a: light|Heat Wave|p1a: Aegislash
|-supereffective|p1a: Aegislash
|-damage|p1a: Aegislash|15\/262
|-formechange|p1a: Aegislash|Aegislash-Blade
|move|p1a: Aegislash|Hidden Power|p2a: light
|-supereffective|p2a: light
|-damage|p2a: light|140\/322
|
|-heal|p2a: light|160\/322|[from] item: Leftovers
|-heal|p1a: Aegislash|31\/262|[from] item: Leftovers
|turn|8
|
|move|p1a: Aegislash|Shadow Sneak|p2a: light
|-damage|p2a: light|67\/322
|move|p2a: light|Roost|p2a: light
|-heal|p2a: light|228\/322
|
|-heal|p2a: light|248\/322|[from] item: Leftovers
|-heal|p1a: Aegislash|47\/262|[from] item: Leftovers
|turn|9
|
|move|p2a: light|Thunderbolt|p1a: Aegislash
|-damage|p1a: Aegislash|0 fnt
|faint|p1a: Aegislash
|
|-heal|p2a: light|268\/322|[from] item: Leftovers
|
|switch|p1a: Mawile|Mawile, F|241\/241
|-ability|p1a: Mawile|Intimidate|[of] p2a: light
|-unboost|p2a: light|atk|1
|turn|10
|
|detailschange|p1a: Mawile|Mawile-Mega, F
|message|Mawile has Mega Evolved into Mega Mawile!
|move|p2a: light|Heat Wave|p1a: Mawile
|-supereffective|p1a: Mawile
|-damage|p1a: Mawile|43\/241
|move|p1a: Mawile|Play Rough|p2a: light
|-damage|p2a: light|0 fnt
|faint|p2a: light
|
|
|switch|p2a: jolly|Bisharp, M, shiny|272\/272
|turn|11
|
|move|p2a: jolly|Knock Off|p1a: Mawile
|-resisted|p1a: Mawile
|-damage|p1a: Mawile|0 fnt
|-damage|p2a: jolly|245\/272|[from] item: Life Orb
|faint|p1a: Mawile
|
|
|switch|p1a: Machamp|Machamp, F|239\/322
|turn|12
|
|switch|p2a: eon|Latios, M, shiny|203\/302
|move|p1a: Machamp|Dynamic Punch|p2a: eon
|-resisted|p2a: eon
|-damage|p2a: eon|105\/302
|-start|p2a: eon|confusion
|
|turn|13
|
|-activate|p2a: eon|confusion
|-damage|p2a: eon|75\/302|[from] confusion
|move|p1a: Machamp|Dynamic Punch|p2a: eon
|-resisted|p2a: eon
|-damage|p2a: eon|0 fnt
|faint|p2a: eon
|
|
|switch|p2a: hallucinogen|Amoonguss, M, shiny|431\/431
|turn|14
|
|switch|p1a: Cloyster|Cloyster, M|241\/241
|move|p2a: hallucinogen|Spore|p1a: Cloyster
|-status|p1a: Cloyster|slp
|
|turn|15
|
|switch|p2a: jolly|Bisharp, M, shiny|245\/272
|cant|p1a: Cloyster|slp
|
|turn|16
|
|move|p2a: jolly|Iron Head|p1a: Cloyster
|-damage|p1a: Cloyster|132\/241 slp
|-damage|p2a: jolly|218\/272|[from] item: Life Orb
|-curestatus|p1a: Cloyster|slp
|move|p1a: Cloyster|Shell Smash|p1a: Cloyster
|-boost|p1a: Cloyster|atk|2
|-boost|p1a: Cloyster|spa|2
|-boost|p1a: Cloyster|spe|2
|-unboost|p1a: Cloyster|def|1
|-unboost|p1a: Cloyster|spd|1
|-enditem|p1a: Cloyster|White Herb
|-restoreboost|p1a: Cloyster|[silent]
|
|turn|17
|
|move|p1a: Cloyster|Ice Shard|p2a: jolly
|-resisted|p2a: jolly
|-damage|p2a: jolly|152\/272
|move|p2a: jolly|Sucker Punch|p1a: Cloyster
|-fail|p1a: Cloyster
|
|turn|18
|
|move|p1a: Cloyster|Ice Shard|p2a: jolly
|-resisted|p2a: jolly
|-damage|p2a: jolly|86\/272
|move|p2a: jolly|Knock Off|p1a: Cloyster
|-damage|p1a: Cloyster|41\/241
|-damage|p2a: jolly|59\/272|[from] item: Life Orb
|
|turn|19
|
|move|p1a: Cloyster|Ice Shard|p2a: jolly
|-resisted|p2a: jolly
|-damage|p2a: jolly|0 fnt
|faint|p2a: jolly
|
|
|switch|p2a: radioactive cow|Heatran, F, shiny|386\/386
|turn|20
|
|move|p1a: Cloyster|Rock Blast|p2a: radioactive cow
|-damage|p2a: radioactive cow|338\/386
|-damage|p2a: radioactive cow|283\/386
|-damage|p2a: radioactive cow|234\/386
|-damage|p2a: radioactive cow|181\/386
|-damage|p2a: radioactive cow|128\/386
|-hitcount|p2a: radioactive cow|5
|move|p2a: radioactive cow|Toxic|p1a: Cloyster
|-status|p1a: Cloyster|tox
|
|-heal|p2a: radioactive cow|152\/386|[from] item: Leftovers
|-damage|p1a: Cloyster|26\/241 tox|[from] psn
|turn|21
|
|move|p2a: radioactive cow|Protect|p2a: radioactive cow
|-singleturn|p2a: radioactive cow|Protect
|move|p1a: Cloyster|Rock Blast|p2a: radioactive cow
|-activate|p2a: radioactive cow|Protect
|
|-heal|p2a: radioactive cow|176\/386|[from] item: Leftovers
|-damage|p1a: Cloyster|0 fnt|[from] psn
|faint|p1a: Cloyster
|
|switch|p1a: Machamp|Machamp, F|239\/322
|turn|22
|
|switch|p2a: hallucinogen|Amoonguss, M, shiny|431\/431
|move|p1a: Machamp|Dynamic Punch|p2a: hallucinogen
|-resisted|p2a: hallucinogen
|-damage|p2a: hallucinogen|330\/431
|-start|p2a: hallucinogen|confusion
|
|-heal|p2a: hallucinogen|356\/431|[from] item: Black Sludge
|turn|23
|
|switch|p1a: Omastar|Omastar, M|281\/281
|-activate|p2a: hallucinogen|confusion
|move|p2a: hallucinogen|Spore|p1a: Omastar
|-status|p1a: Omastar|slp
|
|-heal|p2a: hallucinogen|382\/431|[from] item: Black Sludge
|turn|24
|
|cant|p1a: Omastar|slp
|-activate|p2a: hallucinogen|confusion
|-damage|p2a: hallucinogen|356\/431|[from] confusion
|
|-heal|p2a: hallucinogen|382\/431|[from] item: Black Sludge
|turn|25
|
|cant|p1a: Omastar|slp
|-activate|p2a: hallucinogen|confusion
|move|p2a: hallucinogen|Giga Drain|p1a: Omastar
|-crit|p1a: Omastar
|-supereffective|p1a: Omastar
|-damage|p1a: Omastar|0 fnt
|-heal|p2a: hallucinogen|431\/431|[from] drain|[of] p1a: Omastar
|faint|p1a: Omastar
|
|
|switch|p1a: Talonflame|Talonflame, M|297\/297
|turn|26
|
|switch|p2a: radioactive cow|Heatran, F, shiny|176\/386
|move|p1a: Talonflame|Acrobatics|p2a: radioactive cow
|-resisted|p2a: radioactive cow
|-damage|p2a: radioactive cow|97\/386
|
|-heal|p2a: radioactive cow|121\/386|[from] item: Leftovers
|turn|27
|
|move|p1a: Talonflame|Acrobatics|p2a: radioactive cow
|-resisted|p2a: radioactive cow
|-damage|p2a: radioactive cow|50\/386
|move|p2a: radioactive cow|Toxic|p1a: Talonflame
|-status|p1a: Talonflame|tox
|
|-heal|p2a: radioactive cow|74\/386|[from] item: Leftovers
|-damage|p1a: Talonflame|279\/297 tox|[from] psn
|turn|28
|
|switch|p1a: Machamp|Machamp, F|239\/322
|move|p2a: radioactive cow|Protect|p2a: radioactive cow
|-fail|p2a: radioactive cow
|
|-heal|p2a: radioactive cow|98\/386|[from] item: Leftovers
|turn|29
|
|switch|p2a: hallucinogen|Amoonguss, M, shiny|431\/431
|move|p1a: Machamp|Earthquake|p2a: hallucinogen
|-damage|p2a: hallucinogen|283\/431
|
|-heal|p2a: hallucinogen|309\/431|[from] item: Black Sludge
|turn|30
|
|move|p1a: Machamp|Earthquake|p2a: hallucinogen
|-damage|p2a: hallucinogen|180\/431
|move|p2a: hallucinogen|Hidden Power|p1a: Machamp
|-damage|p1a: Machamp|194\/322
|
|-heal|p2a: hallucinogen|206\/431|[from] item: Black Sludge
|turn|31
|
|move|p1a: Machamp|Earthquake|p2a: hallucinogen
|-damage|p2a: hallucinogen|73\/431
|move|p2a: hallucinogen|Spore|p1a: Machamp
|-status|p1a: Machamp|slp
|
|-heal|p2a: hallucinogen|99\/431|[from] item: Black Sludge
|turn|32
|
|switch|p1a: Talonflame|Talonflame, M|279\/297 tox
|switch|p2a: pussy|Cloyster, M, shiny|242\/242
|
|-damage|p1a: Talonflame|261\/297 tox|[from] psn
|turn|33
|
|move|p1a: Talonflame|Acrobatics|p2a: pussy
|-damage|p2a: pussy|151\/242
|move|p2a: pussy|Shell Smash|p2a: pussy
|-boost|p2a: pussy|atk|2
|-boost|p2a: pussy|spa|2
|-boost|p2a: pussy|spe|2
|-unboost|p2a: pussy|def|1
|-unboost|p2a: pussy|spd|1
|
|-damage|p1a: Talonflame|225\/297 tox|[from] psn
|turn|34
|
|move|p1a: Talonflame|Acrobatics|p2a: pussy
|-damage|p2a: pussy|10\/242
|move|p2a: pussy|Rock Blast|p1a: Talonflame
|-supereffective|p1a: Talonflame
|-damage|p1a: Talonflame|0 fnt
|-hitcount|p1a: Talonflame|1
|faint|p1a: Talonflame
|
|chat|Gym Leader Rocker|gg
|
|switch|p1a: Machamp|Machamp, F|194\/322 slp
|turn|35
|
|move|p2a: pussy|Icicle Spear|p1a: Machamp
|-damage|p1a: Machamp|101\/322 slp
|-damage|p1a: Machamp|8\/322 slp
|-damage|p1a: Machamp|0 fnt
|-hitcount|p1a: Machamp|3
|faint|p1a: Machamp
|
|win|Gym Leader Rocker
|raw|Ladder updating...
|raw|apokemonkid's rating: 1229 &rarr; <strong>1203<\/strong><br \/>(-26 for losing)
|raw|Gym Leader Rocker's rating: 1216 &rarr; <strong>1242<\/strong><br \/>(+26 for winning)
|chat|apokemonkid|gg
|leave|apokemonkid
|player|p1