|join|shermin vermin
|join|apokemonkid
|player|p1|shermin vermin|279
|player|p2|apokemonkid|129
|gametype|singles
|gen|6
|tier|OU
|rated
|clearpoke
|poke|p1|Diancie
|poke|p1|Hippowdon, M
|poke|p1|Azumarill, F
|poke|p1|Excadrill, F, shiny
|poke|p1|Latios, M
|poke|p1|Talonflame, M
|poke|p2|Talonflame, F
|poke|p2|Metagross
|poke|p2|Crawdaunt, M
|poke|p2|Empoleon, F
|poke|p2|Gliscor, F
|poke|p2|Sylveon, F
|rule|Swagger Clause: Swagger is banned
|rule|Baton Pass Clause: Limit one PokÃ©mon knowing Baton Pass
|rule|Sleep Clause Mod: Limit one foe put to sleep
|rule|Species Clause: Limit one of each PokÃ©mon
|rule|OHKO Clause: OHKO moves are banned
|rule|Moody Clause: Moody is banned
|rule|Evasion Moves Clause: Evasion moves are banned
|rule|Endless Battle Clause: Forcing endless battles is banned
|rule|HP Percentage Mod: HP is shown in percentages
|teampreview
|
|start
|switch|p1a: Hippowdon|Hippowdon, M|420\/420
|switch|p2a: Gliscor|Gliscor, F|353\/353
|-weather|Sandstorm
|turn|1
|
|move|p2a: Gliscor|Toxic|p1a: Hippowdon
|-status|p1a: Hippowdon|tox
|move|p1a: Hippowdon|Stealth Rock|p2a: Gliscor
|-sidestart|p2: apokemonkid|move: Stealth Rock
|
|-weather|Sandstorm|[upkeep]
|-damage|p1a: Hippowdon|394\/420 tox|[from] psn
|-status|p2a: Gliscor|tox|[from] item: Toxic Orb
|turn|2
|
|switch|p1a: Latios|Latios, M|301\/301
|move|p2a: Gliscor|Substitute|p2a: Gliscor
|-start|p2a: Gliscor|Substitute
|-damage|p2a: Gliscor|265\/353 tox
|
|-weather|Sandstorm|[upkeep]
|-damage|p1a: Latios|283\/301|[from] sandstorm
|-heal|p2a: Gliscor|309\/353 tox|[from] ability: Poison Heal
|turn|3
|
|move|p1a: Latios|Psyshock|p2a: Gliscor
|-end|p2a: Gliscor|Substitute
|-damage|p1a: Latios|253\/301|[from] item: Life Orb
|move|p2a: Gliscor|Toxic|p1a: Latios
|-status|p1a: Latios|tox
|
|-weather|Sandstorm|[upkeep]
|-damage|p1a: Latios|235\/301 tox|[from] sandstorm
|-damage|p1a: Latios|217\/301 tox|[from] psn
|-heal|p2a: Gliscor|353\/353 tox|[from] ability: Poison Heal
|turn|4
|
|move|p2a: Gliscor|Protect|p2a: Gliscor
|-singleturn|p2a: Gliscor|Protect
|move|p1a: Latios|Psyshock|p2a: Gliscor
|-activate|p2a: Gliscor|Protect
|
|-weather|Sandstorm|[upkeep]
|-damage|p1a: Latios|199\/301 tox|[from] sandstorm
|-damage|p1a: Latios|163\/301 tox|[from] psn
|turn|5
|
|switch|p2a: Crawdaunt|Crawdaunt, M|329\/329
|-damage|p2a: Crawdaunt|288\/329|[from] Stealth Rock
|move|p1a: Latios|Draco Meteor|p2a: Crawdaunt
|-damage|p2a: Crawdaunt|0 fnt
|-unboost|p1a: Latios|spa|2
|-damage|p1a: Latios|133\/301 tox|[from] item: Life Orb
|faint|p2a: Crawdaunt
|
|-weather|Sandstorm|[upkeep]
|-damage|p1a: Latios|115\/301 tox|[from] sandstorm
|-damage|p1a: Latios|61\/301 tox|[from] psn
|
|switch|p2a: Gliscor|Gliscor, F|353\/353 tox
|-damage|p2a: Gliscor|309\/353 tox|[from] Stealth Rock
|turn|6
|
|move|p1a: Latios|Roost|p1a: Latios
|-heal|p1a: Latios|212\/301 tox
|move|p2a: Gliscor|Substitute|p2a: Gliscor
|-start|p2a: Gliscor|Substitute
|-damage|p2a: Gliscor|221\/353 tox
|
|-weather|Sandstorm|[upkeep]
|-damage|p1a: Latios|194\/301 tox|[from] sandstorm
|-damage|p1a: Latios|122\/301 tox|[from] psn
|-heal|p2a: Gliscor|265\/353 tox|[from] ability: Poison Heal
|turn|7
|
|switch|p1a: Azumarill|Azumarill, F|401\/401
|move|p2a: Gliscor|Protect|p2a: Gliscor
|-fail|p2a: Gliscor
|
|-weather|Sandstorm|[upkeep]
|-damage|p1a: Azumarill|376\/401|[from] sandstorm
|-heal|p2a: Gliscor|309\/353 tox|[from] ability: Poison Heal
|turn|8
|
|move|p1a: Azumarill|Aqua Jet|p2a: Gliscor
|-supereffective|p2a: Gliscor
|-end|p2a: Gliscor|Substitute
|move|p2a: Gliscor|Toxic|p1a: Azumarill
|-status|p1a: Azumarill|tox
|
|-weather|none
|-heal|p2a: Gliscor|353\/353 tox|[from] ability: Poison Heal
|-damage|p1a: Azumarill|351\/401 tox|[from] psn
|turn|9
|
|move|p2a: Gliscor|Substitute|p2a: Gliscor
|-start|p2a: Gliscor|Substitute
|-damage|p2a: Gliscor|265\/353 tox
|move|p1a: Azumarill|Waterfall|p2a: Gliscor
|-supereffective|p2a: Gliscor
|-end|p2a: Gliscor|Substitute
|
|-heal|p2a: Gliscor|309\/353 tox|[from] ability: Poison Heal
|-damage|p1a: Azumarill|301\/401 tox|[from] psn
|turn|10
|
|switch|p1a: Latios|Latios, M|122\/301 tox
|move|p2a: Gliscor|Substitute|p2a: Gliscor
|-start|p2a: Gliscor|Substitute
|-damage|p2a: Gliscor|221\/353 tox
|
|-damage|p1a: Latios|104\/301 tox|[from] psn
|-heal|p2a: Gliscor|265\/353 tox|[from] ability: Poison Heal
|turn|11
|
|move|p1a: Latios|Roost|p1a: Latios
|-heal|p1a: Latios|255\/301 tox
|move|p2a: Gliscor|Toxic|p1a: Latios
|-fail|p1a: Latios|tox
|
|-damage|p1a: Latios|219\/301 tox|[from] psn
|-heal|p2a: Gliscor|309\/353 tox|[from] ability: Poison Heal
|turn|12
|
|switch|p1a: Azumarill|Azumarill, F|301\/401 tox
|move|p2a: Gliscor|Protect|p2a: Gliscor
|-fail|p2a: Gliscor
|
|-heal|p2a: Gliscor|353\/353 tox|[from] ability: Poison Heal
|-damage|p1a: Azumarill|276\/401 tox|[from] psn
|turn|13
|
|move|p2a: Gliscor|Earthquake|p1a: Azumarill
|-damage|p1a: Azumarill|143\/401 tox
|move|p1a: Azumarill|Waterfall|p2a: Gliscor
|-crit|p2a: Gliscor
|-supereffective|p2a: Gliscor
|-end|p2a: Gliscor|Substitute
|
|-damage|p1a: Azumarill|93\/401 tox|[from] psn
|turn|14
|
|move|p1a: Azumarill|Aqua Jet|p2a: Gliscor
|-supereffective|p2a: Gliscor
|-damage|p2a: Gliscor|239\/353 tox
|move|p2a: Gliscor|Substitute|p2a: Gliscor
|-start|p2a: Gliscor|Substitute
|-damage|p2a: Gliscor|151\/353 tox
|
|-heal|p2a: Gliscor|195\/353 tox|[from] ability: Poison Heal
|-damage|p1a: Azumarill|18\/401 tox|[from] psn
|turn|15
|
|move|p2a: Gliscor|Protect|p2a: Gliscor
|-singleturn|p2a: Gliscor|Protect
|move|p1a: Azumarill|Aqua Jet|p2a: Gliscor
|-activate|p2a: Gliscor|Protect
|
|-heal|p2a: Gliscor|239\/353 tox|[from] ability: Poison Heal
|-damage|p1a: Azumarill|0 fnt|[from] psn
|faint|p1a: Azumarill
|
|switch|p1a: Talonflame|Talonflame, M|319\/319
|turn|16
|
|move|p1a: Talonflame|Brave Bird|p2a: Gliscor
|-end|p2a: Gliscor|Substitute
|-damage|p1a: Talonflame|290\/319|[from] recoil|[of] p2a: Gliscor
|move|p2a: Gliscor|Toxic|p1a: Talonflame
|-status|p1a: Talonflame|tox
|
|-damage|p1a: Talonflame|271\/319 tox|[from] psn
|-heal|p2a: Gliscor|283\/353 tox|[from] ability: Poison Heal
|turn|17
|
|move|p1a: Talonflame|Brave Bird|p2a: Gliscor
|-damage|p2a: Gliscor|172\/353 tox
|-damage|p1a: Talonflame|234\/319 tox|[from] recoil|[of] p2a: Gliscor
|move|p2a: Gliscor|Substitute|p2a: Gliscor
|-start|p2a: Gliscor|Substitute
|-damage|p2a: Gliscor|84\/353 tox
|
|-damage|p1a: Talonflame|196\/319 tox|[from] psn
|-heal|p2a: Gliscor|128\/353 tox|[from] ability: Poison Heal
|turn|18
|
|move|p2a: Gliscor|Protect|p2a: Gliscor
|-singleturn|p2a: Gliscor|Protect
|move|p1a: Talonflame|Brave Bird|p2a: Gliscor
|-activate|p2a: Gliscor|Protect
|
|-damage|p1a: Talonflame|139\/319 tox|[from] psn
|-heal|p2a: Gliscor|172\/353 tox|[from] ability: Poison Heal
|turn|19
|
|move|p1a: Talonflame|Brave Bird|p2a: Gliscor
|-end|p2a: Gliscor|Substitute
|-damage|p1a: Talonflame|110\/319 tox|[from] recoil|[of] p2a: Gliscor
|move|p2a: Gliscor|Substitute|p2a: Gliscor
|-start|p2a: Gliscor|Substitute
|-damage|p2a: Gliscor|84\/353 tox
|
|-damage|p1a: Talonflame|34\/319 tox|[from] psn
|-heal|p2a: Gliscor|128\/353 tox|[from] ability: Poison Heal
|turn|20
|
|move|p2a: Gliscor|Protect|p2a: Gliscor
|-singleturn|p2a: Gliscor|Protect
|move|p1a: Talonflame|Brave Bird|p2a: Gliscor
|-activate|p2a: Gliscor|Protect
|
|-damage|p1a: Talonflame|0 fnt|[from] psn
|-heal|p2a: Gliscor|172\/353 tox|[from] ability: Poison Heal
|faint|p1a: Talonflame
|
|switch|p1a: Diancie|Diancie|257\/257
|turn|21
|
|move|p2a: Gliscor|Earthquake|p1a: Diancie
|-supereffective|p1a: Diancie
|-damage|p1a: Diancie|93\/257
|move|p1a: Diancie|Moonblast|p2a: Gliscor
|-end|p2a: Gliscor|Substitute
|
|-heal|p2a: Gliscor|216\/353 tox|[from] ability: Poison Heal
|turn|22
|
|detailschange|p1a: Diancie|Diancie-Mega
|-mega|p1a: Diancie|Diancie|Diancite
|move|p2a: Gliscor|Earthquake|p1a: Diancie
|-supereffective|p1a: Diancie
|-damage|p1a: Diancie|0 fnt
|faint|p1a: Diancie
|
|-heal|p2a: Gliscor|260\/353 tox|[from] ability: Poison Heal
|-message|shermin vermin lost due to inactivity.
|
|win|apokemonkid
|raw|Ladder updating...
|raw|shermin vermin's rating: 1576 &rarr; <strong>1551<\/strong><br \/>(-25 for losing)
|raw|apokemonkid's rating: 1476 &rarr; <strong>1501<\/strong><br \/>(+25 for winning)