|join|apokemonkid
|join|JWills
|player|p1|apokemonkid|129
|player|p2|JWills|61
|gametype|singles
|gen|6
|tier|OU
|rated
|clearpoke
|poke|p1|Talonflame, F
|poke|p1|Metagross
|poke|p1|Crawdaunt, F
|poke|p1|Empoleon, F
|poke|p1|Gliscor, F
|poke|p1|Sylveon, M
|poke|p2|Clefable, F
|poke|p2|Keldeo
|poke|p2|Landorus-Therian, M
|poke|p2|Latios, M
|poke|p2|Scizor, M
|poke|p2|Bisharp, F
|rule|Swagger Clause: Swagger is banned
|rule|Baton Pass Clause: Limit one PokÃ©mon knowing Baton Pass
|rule|Sleep Clause Mod: Limit one foe put to sleep
|rule|Species Clause: Limit one of each PokÃ©mon
|rule|OHKO Clause: OHKO moves are banned
|rule|Moody Clause: Moody is banned
|rule|Evasion Moves Clause: Evasion moves are banned
|rule|Endless Battle Clause: Forcing endless battles is banned
|rule|HP Percentage Mod: HP is shown in percentages
|teampreview
|
|start
|switch|p1a: Gliscor|Gliscor, F|353\/353
|switch|p2a: Keldeo|Keldeo|323\/323
|turn|1
|
|move|p1a: Gliscor|Protect|p1a: Gliscor
|-singleturn|p1a: Gliscor|Protect
|move|p2a: Keldeo|Substitute|p2a: Keldeo
|-start|p2a: Keldeo|Substitute
|-damage|p2a: Keldeo|243\/323
|
|-heal|p2a: Keldeo|263\/323|[from] item: Leftovers
|-status|p1a: Gliscor|tox|[from] item: Toxic Orb
|turn|2
|
|switch|p1a: Sylveon|Sylveon, M|394\/394
|move|p2a: Keldeo|Scald|p1a: Sylveon
|-damage|p1a: Sylveon|307\/394
|-status|p1a: Sylveon|brn
|
|-heal|p2a: Keldeo|283\/323|[from] item: Leftovers
|-heal|p1a: Sylveon|331\/394 brn|[from] item: Leftovers
|-damage|p1a: Sylveon|282\/394 brn|[from] brn
|turn|3
|
|switch|p2a: Scizor|Scizor, M|343\/343
|move|p1a: Sylveon|Hyper Voice|p2a: Scizor
|-resisted|p2a: Scizor
|-damage|p2a: Scizor|259\/343
|
|-heal|p1a: Sylveon|306\/394 brn|[from] item: Leftovers
|-damage|p1a: Sylveon|257\/394 brn|[from] brn
|turn|4
|
|switch|p2a: Keldeo|Keldeo|283\/323
|switch|p1a: Empoleon|Empoleon, F|372\/372
|
|-heal|p2a: Keldeo|303\/323|[from] item: Leftovers
|turn|5
|
|move|p2a: Keldeo|Secret Sword|p1a: Empoleon
|-supereffective|p1a: Empoleon
|-damage|p1a: Empoleon|114\/372
|move|p1a: Empoleon|Stealth Rock|p2a: Keldeo
|-sidestart|p2: JWills|move: Stealth Rock
|
|-heal|p2a: Keldeo|323\/323|[from] item: Leftovers
|-heal|p1a: Empoleon|137\/372|[from] item: Leftovers
|turn|6
|
|switch|p1a: Sylveon|Sylveon, M|257\/394 brn
|move|p2a: Keldeo|Scald|p1a: Sylveon
|-damage|p1a: Sylveon|175\/394 brn
|
|-heal|p1a: Sylveon|199\/394 brn|[from] item: Leftovers
|-damage|p1a: Sylveon|150\/394 brn|[from] brn
|turn|7
|
|switch|p1a: Talonflame|Talonflame, F|297\/297
|move|p2a: Keldeo|Scald|p1a: Talonflame
|-supereffective|p1a: Talonflame
|-damage|p1a: Talonflame|0 fnt
|faint|p1a: Talonflame
|
|
|switch|p1a: Metagross|Metagross|301\/301
|turn|8
|
|switch|p2a: Landorus-Therian|Landorus-Therian, M|382\/382
|-damage|p2a: Landorus-Therian|335\/382|[from] Stealth Rock
|-ability|p2a: Landorus-Therian|Intimidate|[of] p1a: Metagross
|-fail|p1a: Metagross|unboost|[from] ability: Clear Body|[of] p1a: Metagross
|detailschange|p1a: Metagross|Metagross-Mega
|-mega|p1a: Metagross|Metagross|Metagrossite
|move|p1a: Metagross|Zen Headbutt|p2a: Landorus-Therian
|-damage|p2a: Landorus-Therian|179\/382
|
|-heal|p2a: Landorus-Therian|202\/382|[from] item: Leftovers
|turn|9
|
|switch|p2a: Bisharp|Bisharp, F|271\/271
|-damage|p2a: Bisharp|255\/271|[from] Stealth Rock
|move|p1a: Metagross|Meteor Mash|p2a: Bisharp
|-resisted|p2a: Bisharp
|-damage|p2a: Bisharp|145\/271
|
|turn|10
|
|move|p2a: Bisharp|Sucker Punch|p1a: Metagross
|-supereffective|p1a: Metagross
|-damage|p1a: Metagross|10\/301
|-damage|p2a: Bisharp|118\/271|[from] item: Life Orb
|move|p1a: Metagross|Earthquake|p2a: Bisharp
|-supereffective|p2a: Bisharp
|-damage|p2a: Bisharp|0 fnt
|faint|p2a: Bisharp
|
|
|switch|p2a: Scizor|Scizor, M|259\/343
|-damage|p2a: Scizor|217\/343|[from] Stealth Rock
|turn|11
|
|detailschange|p2a: Scizor|Scizor-Mega, M
|-mega|p2a: Scizor|Scizor|Scizorite
|move|p1a: Metagross|Zen Headbutt|p2a: Scizor
|-resisted|p2a: Scizor
|-damage|p2a: Scizor|139\/343
|cant|p2a: Scizor|flinch
|
|turn|12
|
|switch|p1a: Empoleon|Empoleon, F|137\/372
|move|p2a: Scizor|Roost|p2a: Scizor
|-heal|p2a: Scizor|311\/343
|
|-heal|p1a: Empoleon|160\/372|[from] item: Leftovers
|turn|13
|
|switch|p2a: Keldeo|Keldeo|323\/323
|-damage|p2a: Keldeo|303\/323|[from] Stealth Rock
|move|p1a: Empoleon|Scald|p2a: Keldeo
|-resisted|p2a: Keldeo
|-damage|p2a: Keldeo|250\/323
|-status|p2a: Keldeo|brn
|
|-heal|p2a: Keldeo|270\/323 brn|[from] item: Leftovers
|-heal|p1a: Empoleon|183\/372|[from] item: Leftovers
|-damage|p2a: Keldeo|230\/323 brn|[from] brn
|turn|14
|
|switch|p1a: Gliscor|Gliscor, F|353\/353 tox
|move|p2a: Keldeo|Secret Sword|p1a: Gliscor
|-resisted|p1a: Gliscor
|-damage|p1a: Gliscor|302\/353 tox
|
|-heal|p2a: Keldeo|250\/323 brn|[from] item: Leftovers
|-damage|p2a: Keldeo|210\/323 brn|[from] brn
|-heal|p1a: Gliscor|346\/353 tox|[from] ability: Poison Heal
|turn|15
|
|move|p2a: Keldeo|Calm Mind|p2a: Keldeo
|-boost|p2a: Keldeo|spa|1
|-boost|p2a: Keldeo|spd|1
|move|p1a: Gliscor|Earthquake|p2a: Keldeo
|-damage|p2a: Keldeo|92\/323 brn
|
|-heal|p2a: Keldeo|112\/323 brn|[from] item: Leftovers
|-damage|p2a: Keldeo|72\/323 brn|[from] brn
|-heal|p1a: Gliscor|353\/353 tox|[from] ability: Poison Heal
|turn|16
|
|switch|p1a: Sylveon|Sylveon, M|150\/394 brn
|move|p2a: Keldeo|Scald|p1a: Sylveon
|-damage|p1a: Sylveon|12\/394 brn
|
|-heal|p2a: Keldeo|92\/323 brn|[from] item: Leftovers
|-heal|p1a: Sylveon|36\/394 brn|[from] item: Leftovers
|-damage|p2a: Keldeo|52\/323 brn|[from] brn
|-damage|p1a: Sylveon|0 fnt|[from] brn
|faint|p1a: Sylveon
|
|switch|p1a: Metagross|Metagross-Mega|10\/301
|turn|17
|
|move|p1a: Metagross|Meteor Mash|p2a: Keldeo
|-resisted|p2a: Keldeo
|-damage|p2a: Keldeo|0 fnt
|-boost|p1a: Metagross|atk|1
|faint|p2a: Keldeo
|
|
|switch|p2a: Scizor|Scizor-Mega, M|311\/343
|-damage|p2a: Scizor|269\/343|[from] Stealth Rock
|turn|18
|
|switch|p1a: Crawdaunt|Crawdaunt, F|329\/329
|move|p2a: Scizor|Bullet Punch|p1a: Crawdaunt
|-resisted|p1a: Crawdaunt
|-damage|p1a: Crawdaunt|256\/329
|
|turn|19
|
|switch|p2a: Landorus-Therian|Landorus-Therian, M|202\/382
|-damage|p2a: Landorus-Therian|155\/382|[from] Stealth Rock
|-ability|p2a: Landorus-Therian|Intimidate|[of] p1a: Crawdaunt
|-unboost|p1a: Crawdaunt|atk|1
|move|p1a: Crawdaunt|Waterfall|p2a: Landorus-Therian
|-supereffective|p2a: Landorus-Therian
|-damage|p2a: Landorus-Therian|0 fnt
|-damage|p1a: Crawdaunt|224\/329|[from] item: Life Orb
|faint|p2a: Landorus-Therian
|
|
|switch|p2a: Clefable|Clefable, F|394\/394
|turn|20
|
|move|p2a: Clefable|Moonblast|p1a: Crawdaunt
|-supereffective|p1a: Crawdaunt
|-damage|p1a: Crawdaunt|0 fnt
|faint|p1a: Crawdaunt
|
|
|switch|p1a: Metagross|Metagross-Mega|10\/301
|turn|21
|
|switch|p2a: Scizor|Scizor-Mega, M|269\/343
|-damage|p2a: Scizor|227\/343|[from] Stealth Rock
|move|p1a: Metagross|Meteor Mash|p2a: Scizor
|-resisted|p2a: Scizor
|-damage|p2a: Scizor|135\/343
|
|turn|22
|
|switch|p1a: Empoleon|Empoleon, F|183\/372
|move|p2a: Scizor|Knock Off|p1a: Empoleon
|-damage|p1a: Empoleon|89\/372
|-enditem|p1a: Empoleon|Leftovers|[from] move: Knock Off|[of] p2a: Scizor
|
|turn|23
|
|switch|p2a: Latios|Latios, M|301\/301
|-damage|p2a: Latios|264\/301|[from] Stealth Rock
|move|p1a: Empoleon|Scald|p2a: Latios
|-resisted|p2a: Latios
|-damage|p2a: Latios|197\/301
|-status|p2a: Latios|brn
|
|-damage|p2a: Latios|160\/301 brn|[from] brn
|turn|24
|
|move|p2a: Latios|Earthquake|p1a: Empoleon
|-crit|p1a: Empoleon
|-supereffective|p1a: Empoleon
|-damage|p1a: Empoleon|0 fnt
|-damage|p2a: Latios|130\/301 brn|[from] item: Life Orb
|faint|p1a: Empoleon
|
|-damage|p2a: Latios|93\/301 brn|[from] brn
|
|switch|p1a: Metagross|Metagross-Mega|10\/301
|turn|25
|
|move|p1a: Metagross|Bullet Punch|p2a: Latios
|-damage|p2a: Latios|0 fnt
|faint|p2a: Latios
|
|
|switch|p2a: Scizor|Scizor-Mega, M|135\/343
|-damage|p2a: Scizor|93\/343|[from] Stealth Rock
|turn|26
|
|move|p1a: Metagross|Earthquake|p2a: Scizor
|-damage|p2a: Scizor|0 fnt
|faint|p2a: Scizor
|
|
|switch|p2a: Clefable|Clefable, F|394\/394
|turn|27
|
|move|p1a: Metagross|Meteor Mash|p2a: Clefable
|-supereffective|p2a: Clefable
|-damage|p2a: Clefable|0 fnt
|faint|p2a: Clefable
|
|win|apokemonkid
|raw|Ladder updating...
|raw|apokemonkid's rating: 1548 &rarr; <strong>1561<\/strong><br \/>(+13 for winning)
|raw|JWills's rating: 1438 &rarr; <strong>1424<\/strong><br \/>(-14 for losing)
|leave|JWills
|player|p2