|join|asimmmm
|join|apokemonkid
|player|p1|asimmmm|221
|player|p2|apokemonkid|129
|gametype|singles
|gen|6
|tier|OU
|rated
|clearpoke
|poke|p1|Bisharp, M
|poke|p1|Froslass, F
|poke|p1|Venusaur, M
|poke|p1|Arcanine, M
|poke|p1|Rotom-Wash
|poke|p1|Donphan, M
|poke|p2|Talonflame, F
|poke|p2|Metagross
|poke|p2|Crawdaunt, F
|poke|p2|Empoleon, F
|poke|p2|Gliscor, F
|poke|p2|Sylveon, F
|rule|Swagger Clause: Swagger is banned
|rule|Baton Pass Clause: Limit one PokÃ©mon knowing Baton Pass
|rule|Sleep Clause Mod: Limit one foe put to sleep
|rule|Species Clause: Limit one of each PokÃ©mon
|rule|OHKO Clause: OHKO moves are banned
|rule|Moody Clause: Moody is banned
|rule|Evasion Moves Clause: Evasion moves are banned
|rule|Endless Battle Clause: Forcing endless battles is banned
|rule|HP Percentage Mod: HP is shown in percentages
|teampreview
|
|start
|switch|p1a: Donphan|Donphan, M|384\/384
|switch|p2a: Crawdaunt|Crawdaunt, F|329\/329
|turn|1
|
|move|p2a: Crawdaunt|Waterfall|p1a: Donphan
|-supereffective|p1a: Donphan
|-damage|p1a: Donphan|41\/384
|-damage|p2a: Crawdaunt|297\/329|[from] item: Life Orb
|move|p1a: Donphan|Stealth Rock|p2a: Crawdaunt
|-sidestart|p2: apokemonkid|move: Stealth Rock
|
|-heal|p1a: Donphan|65\/384|[from] item: Leftovers
|turn|2
|
|switch|p1a: Venusaur|Venusaur, M|364\/364
|move|p2a: Crawdaunt|Knock Off|p1a: Venusaur
|-damage|p1a: Venusaur|192\/364
|-damage|p2a: Crawdaunt|265\/329|[from] item: Life Orb
|
|turn|3
|
|switch|p2a: Metagross|Metagross|301\/301
|-damage|p2a: Metagross|283\/301|[from] Stealth Rock
|detailschange|p1a: Venusaur|Venusaur-Mega, M
|-mega|p1a: Venusaur|Venusaur|Venusaurite
|move|p1a: Venusaur|Synthesis|p1a: Venusaur
|-heal|p1a: Venusaur|364\/364
|
|turn|4
|
|switch|p1a: Arcanine|Arcanine, M|384\/384
|-ability|p1a: Arcanine|Intimidate|[of] p2a: Metagross
|-fail|p2a: Metagross|unboost|[from] ability: Clear Body|[of] p2a: Metagross
|detailschange|p2a: Metagross|Metagross-Mega
|-mega|p2a: Metagross|Metagross|Metagrossite
|move|p2a: Metagross|Zen Headbutt|p1a: Arcanine
|-damage|p1a: Arcanine|203\/384
|-damage|p2a: Metagross|233\/301|[from] item: Rocky Helmet|[of] p1a: Arcanine
|
|turn|5
|
|move|p2a: Metagross|Earthquake|p1a: Arcanine
|-supereffective|p1a: Arcanine
|-damage|p1a: Arcanine|1\/384
|move|p1a: Arcanine|Morning Sun|p1a: Arcanine
|-heal|p1a: Arcanine|193\/384
|
|turn|6
|
|switch|p1a: Rotom-Wash|Rotom-Wash|304\/304
|move|p2a: Metagross|Zen Headbutt|p1a: Rotom-Wash
|-damage|p1a: Rotom-Wash|115\/304
|
|turn|7
|
|move|p2a: Metagross|Zen Headbutt|p1a: Rotom-Wash|[miss]
|-miss|p2a: Metagross|p1a: Rotom-Wash
|move|p1a: Rotom-Wash|Will-O-Wisp|p2a: Metagross|[miss]
|-miss|p1a: Rotom-Wash|p2a: Metagross
|
|turn|8
|c|âapokemonkid|lol
|
|switch|p1a: Arcanine|Arcanine, M|193\/384
|-ability|p1a: Arcanine|Intimidate|[of] p2a: Metagross
|-unboost|p2a: Metagross|atk|1
|move|p2a: Metagross|Zen Headbutt|p1a: Arcanine
|-damage|p1a: Arcanine|82\/384
|-damage|p2a: Metagross|183\/301|[from] item: Rocky Helmet|[of] p1a: Arcanine
|
|turn|9
|
|switch|p1a: Rotom-Wash|Rotom-Wash|115\/304
|move|p2a: Metagross|Zen Headbutt|p1a: Rotom-Wash
|-damage|p1a: Rotom-Wash|0 fnt
|faint|p1a: Rotom-Wash
|
|
|switch|p1a: Bisharp|Bisharp, M|334\/334
|turn|10
|
|switch|p2a: Gliscor|Gliscor, F|353\/353
|-damage|p2a: Gliscor|309\/353|[from] Stealth Rock
|move|p1a: Bisharp|Sucker Punch|p2a: Gliscor
|-fail|p2a: Gliscor
|
|-status|p2a: Gliscor|tox|[from] item: Toxic Orb
|turn|11
|
|switch|p1a: Venusaur|Venusaur-Mega, M|364\/364
|move|p2a: Gliscor|Substitute|p2a: Gliscor
|-start|p2a: Gliscor|Substitute
|-damage|p2a: Gliscor|221\/353 tox
|
|-heal|p2a: Gliscor|265\/353 tox|[from] ability: Poison Heal
|turn|12
|
|move|p2a: Gliscor|Earthquake|p1a: Venusaur
|-damage|p1a: Venusaur|297\/364
|move|p1a: Venusaur|Leech Seed|p2a: Gliscor|[miss]
|-miss|p1a: Venusaur|p2a: Gliscor
|
|-heal|p2a: Gliscor|309\/353 tox|[from] ability: Poison Heal
|turn|13
|
|move|p2a: Gliscor|Earthquake|p1a: Venusaur
|-damage|p1a: Venusaur|228\/364
|move|p1a: Venusaur|Giga Drain|p2a: Gliscor
|-end|p2a: Gliscor|Substitute
|-heal|p1a: Venusaur|272\/364|[from] drain|[of] p2a: Gliscor
|
|-heal|p2a: Gliscor|353\/353 tox|[from] ability: Poison Heal
|turn|14
|
|switch|p2a: Empoleon|Empoleon, F|372\/372
|-damage|p2a: Empoleon|349\/372|[from] Stealth Rock
|move|p1a: Venusaur|Leech Seed|p2a: Empoleon
|-start|p2a: Empoleon|move: Leech Seed
|
|-heal|p2a: Empoleon|372\/372|[from] item: Leftovers
|-damage|p2a: Empoleon|326\/372|[from] Leech Seed|[of] p1a: Venusaur
|-heal|p1a: Venusaur|318\/364|[silent]
|turn|15
|
|move|p1a: Venusaur|Giga Drain|p2a: Empoleon
|-damage|p2a: Empoleon|224\/372
|-heal|p1a: Venusaur|364\/364|[from] drain|[of] p2a: Empoleon
|move|p2a: Empoleon|Defog|p1a: Venusaur
|-unboost|p1a: Venusaur|evasion|1
|-sideend|p2: apokemonkid|Stealth Rock|[from] move: Defog|[of] p2a: Empoleon
|
|-heal|p2a: Empoleon|247\/372|[from] item: Leftovers
|-damage|p2a: Empoleon|201\/372|[from] Leech Seed|[of] p1a: Venusaur
|turn|16
|
|switch|p2a: Talonflame|Talonflame, F|297\/297
|move|p1a: Venusaur|Leech Seed|p2a: Talonflame
|-start|p2a: Talonflame|move: Leech Seed
|
|-damage|p2a: Talonflame|260\/297|[from] Leech Seed|[of] p1a: Venusaur
|turn|17
|
|switch|p1a: Arcanine|Arcanine, M|82\/384
|-ability|p1a: Arcanine|Intimidate|[of] p2a: Talonflame
|-unboost|p2a: Talonflame|atk|1
|move|p2a: Talonflame|Brave Bird|p1a: Arcanine
|-damage|p1a: Arcanine|0 fnt
|-damage|p2a: Talonflame|211\/297|[from] item: Rocky Helmet|[of] p1a: Arcanine
|-damage|p2a: Talonflame|184\/297|[from] recoil|[of] p1a: Arcanine
|faint|p1a: Arcanine
|
|
|switch|p1a: Froslass|Froslass, F|282\/282
|turn|18
|
|switch|p2a: Empoleon|Empoleon, F|201\/372
|move|p1a: Froslass|Destiny Bond|p1a: Froslass
|-singlemove|p1a: Froslass|Destiny Bond
|
|-heal|p2a: Empoleon|224\/372|[from] item: Leftovers
|turn|19
|
|move|p1a: Froslass|Taunt|p2a: Empoleon
|-start|p2a: Empoleon|move: Taunt
|move|p2a: Empoleon|Scald|p1a: Froslass
|-damage|p1a: Froslass|153\/282
|
|-heal|p2a: Empoleon|247\/372|[from] item: Leftovers
|turn|20
|
|switch|p1a: Venusaur|Venusaur-Mega, M|364\/364
|move|p2a: Empoleon|Scald|p1a: Venusaur
|-resisted|p1a: Venusaur
|-damage|p1a: Venusaur|321\/364
|
|-heal|p2a: Empoleon|270\/372|[from] item: Leftovers
|turn|21
|
|move|p1a: Venusaur|Leech Seed|p2a: Empoleon
|-start|p2a: Empoleon|move: Leech Seed
|move|p2a: Empoleon|Scald|p1a: Venusaur
|-resisted|p1a: Venusaur
|-damage|p1a: Venusaur|279\/364
|
|-heal|p2a: Empoleon|293\/372|[from] item: Leftovers
|-damage|p2a: Empoleon|247\/372|[from] Leech Seed|[of] p1a: Venusaur
|-heal|p1a: Venusaur|325\/364|[silent]
|-end|p2a: Empoleon|move: Taunt
|turn|22
|
|move|p1a: Venusaur|Giga Drain|p2a: Empoleon
|-damage|p2a: Empoleon|135\/372
|-heal|p1a: Venusaur|364\/364|[from] drain|[of] p2a: Empoleon
|move|p2a: Empoleon|Scald|p1a: Venusaur
|-resisted|p1a: Venusaur
|-damage|p1a: Venusaur|322\/364
|-status|p1a: Venusaur|brn
|
|-heal|p2a: Empoleon|158\/372|[from] item: Leftovers
|-damage|p2a: Empoleon|112\/372|[from] Leech Seed|[of] p1a: Venusaur
|-heal|p1a: Venusaur|364\/364 brn|[silent]
|-damage|p1a: Venusaur|319\/364 brn|[from] brn
|turn|23
|
|move|p1a: Venusaur|Sludge Bomb|p2a: Empoleon
|-immune|p2a: Empoleon|[msg]
|move|p2a: Empoleon|Stealth Rock|p1a: Venusaur
|-sidestart|p1: asimmmm|move: Stealth Rock
|
|-heal|p2a: Empoleon|135\/372|[from] item: Leftovers
|-damage|p2a: Empoleon|89\/372|[from] Leech Seed|[of] p1a: Venusaur
|-heal|p1a: Venusaur|364\/364 brn|[silent]
|-damage|p1a: Venusaur|319\/364 brn|[from] brn
|turn|24
|
|move|p1a: Venusaur|Giga Drain|p2a: Empoleon
|-damage|p2a: Empoleon|0 fnt
|-heal|p1a: Venusaur|364\/364 brn|[from] drain|[of] p2a: Empoleon
|faint|p2a: Empoleon
|
|-damage|p1a: Venusaur|319\/364 brn|[from] brn
|
|switch|p2a: Talonflame|Talonflame, F|184\/297
|turn|25
|
|move|p2a: Talonflame|Brave Bird|p1a: Venusaur
|-supereffective|p1a: Venusaur
|-damage|p1a: Venusaur|19\/364 brn
|-damage|p2a: Talonflame|85\/297|[from] recoil|[of] p1a: Venusaur
|move|p1a: Venusaur|Sludge Bomb|p2a: Talonflame
|-damage|p2a: Talonflame|0 fnt
|faint|p2a: Talonflame
|
|-damage|p1a: Venusaur|0 fnt|[from] brn
|faint|p1a: Venusaur
|
|switch|p1a: Bisharp|Bisharp, M|334\/334
|switch|p2a: Crawdaunt|Crawdaunt, F|265\/329
|-damage|p1a: Bisharp|314\/334|[from] Stealth Rock
|turn|26
|
|move|p1a: Bisharp|Knock Off|p2a: Crawdaunt
|-resisted|p2a: Crawdaunt
|-damage|p2a: Crawdaunt|159\/329
|-enditem|p2a: Crawdaunt|Life Orb|[from] move: Knock Off|[of] p1a: Bisharp
|move|p2a: Crawdaunt|Superpower|p1a: Bisharp
|-supereffective|p1a: Bisharp
|-damage|p1a: Bisharp|0 fnt
|-unboost|p2a: Crawdaunt|atk|1
|-unboost|p2a: Crawdaunt|def|1
|faint|p1a: Bisharp
|
|
|switch|p1a: Froslass|Froslass, F|153\/282
|-damage|p1a: Froslass|83\/282|[from] Stealth Rock
|turn|27
|
|move|p2a: Crawdaunt|Aqua Jet|p1a: Froslass
|-crit|p1a: Froslass
|-damage|p1a: Froslass|0 fnt
|faint|p1a: Froslass
|
|
|switch|p1a: Donphan|Donphan, M|65\/384
|-damage|p1a: Donphan|41\/384|[from] Stealth Rock
|turn|28
|
|move|p2a: Crawdaunt|Aqua Jet|p1a: Donphan
|-supereffective|p1a: Donphan
|-damage|p1a: Donphan|0 fnt
|faint|p1a: Donphan
|
|win|apokemonkid
|raw|Ladder updating...
|c|âapokemonkid|gg
|raw|asimmmm's rating: 1522 &rarr; <strong>1501<\/strong><br \/>(-21 for losing)
|raw|apokemonkid's rating: 1506 &rarr; <strong>1527<\/strong><br \/>(+21 for winning)