|join|apokemonkid
|join|The Tragic Crab
|player|p1|apokemonkid|129
|player|p2|The Tragic Crab|167
|gametype|singles
|gen|6
|tier|OU
|rated
|clearpoke
|poke|p1|Talonflame, M
|poke|p1|Metagross
|poke|p1|Crawdaunt, F
|poke|p1|Empoleon, M
|poke|p1|Gliscor, F
|poke|p1|Sylveon, M
|poke|p2|Sharpedo, M
|poke|p2|Ferrothorn, M
|poke|p2|Clefable, M
|poke|p2|Excadrill, M
|poke|p2|Rotom-Wash
|poke|p2|Talonflame, F
|rule|Swagger Clause: Swagger is banned
|rule|Baton Pass Clause: Limit one PokÃ©mon knowing Baton Pass
|rule|Sleep Clause Mod: Limit one foe put to sleep
|rule|Species Clause: Limit one of each PokÃ©mon
|rule|OHKO Clause: OHKO moves are banned
|rule|Moody Clause: Moody is banned
|rule|Evasion Moves Clause: Evasion moves are banned
|rule|Endless Battle Clause: Forcing endless battles is banned
|rule|HP Percentage Mod: HP is shown in percentages
|teampreview
|c|âThe Tragic Crab|empoleon
|c|âapokemonkid|y not lol
|
|start
|switch|p1a: Talonflame|Talonflame, M|297\/297
|switch|p2a: Talonflame|Talonflame, F|297\/297
|turn|1
|
|switch|p2a: Scrotom|Rotom-Wash|304\/304
|move|p1a: Talonflame|Brave Bird|p2a: Scrotom
|-resisted|p2a: Scrotom
|-damage|p2a: Scrotom|213\/304
|-damage|p1a: Talonflame|267\/297|[from] recoil|[of] p2a: Scrotom
|
|-heal|p2a: Scrotom|232\/304|[from] item: Leftovers
|turn|2
|
|switch|p1a: Sylveon|Sylveon, M|394\/394
|move|p2a: Scrotom|Volt Switch|p1a: Sylveon
|-damage|p1a: Sylveon|339\/394
|
|switch|p2a: Excadrill|Excadrill, M|361\/361
|-ability|p2a: Excadrill|Mold Breaker
|
|-heal|p1a: Sylveon|363\/394|[from] item: Leftovers
|turn|3
|
|switch|p2a: Scrotom|Rotom-Wash|232\/304
|switch|p1a: Gliscor|Gliscor, F|353\/353
|
|-heal|p2a: Scrotom|251\/304|[from] item: Leftovers
|-status|p1a: Gliscor|tox|[from] item: Toxic Orb
|turn|4
|
|switch|p1a: Sylveon|Sylveon, M|363\/394
|move|p2a: Scrotom|Hydro Pump|p1a: Sylveon
|-damage|p1a: Sylveon|284\/394
|
|-heal|p2a: Scrotom|270\/304|[from] item: Leftovers
|-heal|p1a: Sylveon|308\/394|[from] item: Leftovers
|turn|5
|
|move|p2a: Scrotom|Volt Switch|p1a: Sylveon
|-damage|p1a: Sylveon|256\/394
|join|Teeny
|
|switch|p2a: Excadrill|Excadrill, M|361\/361
|-ability|p2a: Excadrill|Mold Breaker
|move|p1a: Sylveon|Wish|p1a: Sylveon
|
|-heal|p1a: Sylveon|280\/394|[from] item: Leftovers
|turn|6
|
|switch|p1a: Gliscor|Gliscor, F|353\/353 tox
|move|p2a: Excadrill|Earthquake|p1a: Gliscor
|-immune|p1a: Gliscor|[msg]
|
|turn|7
|
|switch|p2a: Clefable|Clefable, M|394\/394
|move|p1a: Gliscor|Substitute|p1a: Gliscor
|-start|p1a: Gliscor|Substitute
|-damage|p1a: Gliscor|265\/353 tox
|
|-heal|p1a: Gliscor|309\/353 tox|[from] ability: Poison Heal
|turn|8
|
|move|p1a: Gliscor|Earthquake|p2a: Clefable
|-damage|p2a: Clefable|235\/394
|move|p2a: Clefable|Moonblast|p1a: Gliscor
|-end|p1a: Gliscor|Substitute
|
|-heal|p2a: Clefable|259\/394|[from] item: Leftovers
|-heal|p1a: Gliscor|353\/353 tox|[from] ability: Poison Heal
|turn|9
|
|move|p1a: Gliscor|Earthquake|p2a: Clefable
|-damage|p2a: Clefable|105\/394
|move|p2a: Clefable|Soft-Boiled|p2a: Clefable
|-heal|p2a: Clefable|302\/394
|
|-heal|p2a: Clefable|326\/394|[from] item: Leftovers
|turn|10
|
|move|p1a: Gliscor|Earthquake|p2a: Clefable
|-damage|p2a: Clefable|167\/394
|move|p2a: Clefable|Moonblast|p1a: Gliscor
|-crit|p1a: Gliscor
|-damage|p1a: Gliscor|137\/353 tox
|-unboost|p1a: Gliscor|spa|1
|
|-heal|p2a: Clefable|191\/394|[from] item: Leftovers
|-heal|p1a: Gliscor|181\/353 tox|[from] ability: Poison Heal
|turn|11
|
|switch|p1a: Metagross|Metagross|301\/301
|move|p2a: Clefable|Soft-Boiled|p2a: Clefable
|-heal|p2a: Clefable|388\/394
|
|-heal|p2a: Clefable|394\/394|[from] item: Leftovers
|turn|12
|
|detailschange|p1a: Metagross|Metagross-Mega
|-mega|p1a: Metagross|Metagross|Metagrossite
|move|p1a: Metagross|Meteor Mash|p2a: Clefable
|-supereffective|p2a: Clefable
|-damage|p2a: Clefable|0 fnt
|faint|p2a: Clefable
|
|c|âThe Tragic Crab|why did you go straight for meteor mash
|c|âThe Tragic Crab|?
|
|switch|p2a: Ferrothorn|Ferrothorn, M|351\/351
|turn|13
|c|âapokemonkid|didn't feel like thinking lol
|
|switch|p1a: Gliscor|Gliscor, F|181\/353 tox
|move|p2a: Ferrothorn|Thunder Wave|p1a: Gliscor
|-immune|p1a: Gliscor|[msg]
|
|-heal|p1a: Gliscor|225\/353 tox|[from] ability: Poison Heal
|turn|14
|
|move|p1a: Gliscor|Substitute|p1a: Gliscor
|-start|p1a: Gliscor|Substitute
|-damage|p1a: Gliscor|137\/353 tox
|move|p2a: Ferrothorn|Power Whip|p1a: Gliscor
|-activate|p1a: Gliscor|Substitute|[damage]
|
|-heal|p1a: Gliscor|181\/353 tox|[from] ability: Poison Heal
|turn|15
|c|âThe Tragic Crab|:|
|c|âapokemonkid|:)
|
|switch|p2a: Talonflame|Talonflame, F|297\/297
|move|p1a: Gliscor|Earthquake|p2a: Talonflame
|-immune|p2a: Talonflame|[msg]
|
|-heal|p1a: Gliscor|225\/353 tox|[from] ability: Poison Heal
|turn|16
|
|move|p2a: Talonflame|U-turn|p1a: Gliscor
|-resisted|p1a: Gliscor
|-end|p1a: Gliscor|Substitute
|
|switch|p2a: Ferrothorn|Ferrothorn, M|351\/351
|move|p1a: Gliscor|Toxic|p2a: Ferrothorn
|-fail|p2a: Ferrothorn
|
|-heal|p1a: Gliscor|269\/353 tox|[from] ability: Poison Heal
|turn|17
|
|move|p1a: Gliscor|Substitute|p1a: Gliscor
|-start|p1a: Gliscor|Substitute
|-damage|p1a: Gliscor|181\/353 tox
|move|p2a: Ferrothorn|Spikes|p1a: Gliscor
|-sidestart|p1: apokemonkid|Spikes
|
|-heal|p1a: Gliscor|225\/353 tox|[from] ability: Poison Heal
|turn|18
|
|switch|p2a: Talonflame|Talonflame, F|297\/297
|move|p1a: Gliscor|Earthquake|p2a: Talonflame
|-immune|p2a: Talonflame|[msg]
|
|-heal|p1a: Gliscor|269\/353 tox|[from] ability: Poison Heal
|turn|19
|
|move|p2a: Talonflame|U-turn|p1a: Gliscor
|-resisted|p1a: Gliscor
|-activate|p1a: Gliscor|Substitute|[damage]
|c| Teeny|Tragic crab should use crab pokemon
|c| Teeny|tbh
|
|switch|p2a: Ferrothorn|Ferrothorn, M|351\/351
|move|p1a: Gliscor|Toxic|p2a: Ferrothorn
|-fail|p2a: Ferrothorn
|
|-heal|p1a: Gliscor|313\/353 tox|[from] ability: Poison Heal
|turn|20
|c| Teeny|more crawdaunt and kingler
|c|âThe Tragic Crab|Kingler isn't OU viable :c
|
|move|p1a: Gliscor|Earthquake|p2a: Ferrothorn
|-damage|p2a: Ferrothorn|279\/351
|move|p2a: Ferrothorn|Power Whip|p1a: Gliscor
|-end|p1a: Gliscor|Substitute
|
|-heal|p1a: Gliscor|353\/353 tox|[from] ability: Poison Heal
|turn|21
|
|move|p1a: Gliscor|Toxic|p2a: Ferrothorn
|-fail|p2a: Ferrothorn
|move|p2a: Ferrothorn|Leech Seed|p1a: Gliscor
|-start|p1a: Gliscor|move: Leech Seed
|
|-damage|p1a: Gliscor|309\/353 tox|[from] Leech Seed|[of] p2a: Ferrothorn
|-heal|p2a: Ferrothorn|323\/351|[silent]
|-heal|p1a: Gliscor|353\/353 tox|[from] ability: Poison Heal
|turn|22
|
|switch|p1a: Talonflame|Talonflame, M|267\/297
|move|p2a: Ferrothorn|Leech Seed|p1a: Talonflame
|-start|p1a: Talonflame|move: Leech Seed
|
|-damage|p1a: Talonflame|230\/297|[from] Leech Seed|[of] p2a: Ferrothorn
|-heal|p2a: Ferrothorn|351\/351|[silent]
|turn|23
|c| Teeny|then use crawdaunt bro
|c|âThe Tragic Crab|outplayed
|c|âapokemonkid|:(
|c|âThe Tragic Crab|I don't have a team with crawdaunt
|
|switch|p2a: Scrotom|Rotom-Wash|270\/304
|move|p1a: Talonflame|U-turn|p2a: Scrotom
|-damage|p2a: Scrotom|201\/304
|c| Teeny|Apokemonkid is using Crwadaunt
|c| Teeny|He's real.
|c|âapokemonkid|outplayed
|c|âapokemonkid|lol
|c|âapokemonkid|:)
|c|âThe Tragic Crab|nah
|c| Teeny|You gotta be real like apokemonkid
|c| Teeny|bro
|
|switch|p1a: Sylveon|Sylveon, M|280\/394
|-damage|p1a: Sylveon|231\/394|[from] Spikes
|
|-heal|p2a: Scrotom|220\/304|[from] item: Leftovers
|-heal|p1a: Sylveon|255\/394|[from] item: Leftovers
|turn|24
|c| Teeny|be real
|c| Teeny|>:(
|
|move|p2a: Scrotom|Will-O-Wisp|p1a: Sylveon
|-status|p1a: Sylveon|brn
|move|p1a: Sylveon|Wish|p1a: Sylveon
|
|-heal|p2a: Scrotom|239\/304|[from] item: Leftovers
|-heal|p1a: Sylveon|279\/394 brn|[from] item: Leftovers
|-damage|p1a: Sylveon|230\/394 brn|[from] brn
|turn|25
|
|move|p2a: Scrotom|Hydro Pump|p1a: Sylveon
|-damage|p1a: Sylveon|146\/394 brn
|move|p1a: Sylveon|Heal Bell|p1a: Sylveon
|-cureteam|p1a: Sylveon|[from] move: HealBell
|
|-heal|p1a: Sylveon|343\/394|[from] move: Wish|[wisher] Sylveon
|-heal|p2a: Scrotom|258\/304|[from] item: Leftovers
|-heal|p1a: Sylveon|367\/394|[from] item: Leftovers
|turn|26
|c| Teeny|outstall? :O
|
|move|p2a: Scrotom|Volt Switch|p1a: Sylveon
|-crit|p1a: Sylveon
|-damage|p1a: Sylveon|285\/394
|
|switch|p2a: Excadrill|Excadrill, M|361\/361
|-ability|p2a: Excadrill|Mold Breaker
|move|p1a: Sylveon|Hyper Voice|p2a: Excadrill
|-resisted|p2a: Excadrill
|-damage|p2a: Excadrill|252\/361
|
|-heal|p1a: Sylveon|309\/394|[from] item: Leftovers
|turn|27
|
|switch|p1a: Gliscor|Gliscor, F|353\/353
|move|p2a: Excadrill|Iron Head|p1a: Gliscor
|-damage|p1a: Gliscor|236\/353
|-damage|p2a: Excadrill|216\/361|[from] item: Life Orb
|
|-status|p1a: Gliscor|tox|[from] item: Toxic Orb
|turn|28
|c|âapokemonkid|i just realized i made a team with heal bell and toxic healing gliscor lol
|
|move|p2a: Excadrill|Iron Head|p1a: Gliscor
|-damage|p1a: Gliscor|111\/353 tox
|-damage|p2a: Excadrill|180\/361|[from] item: Life Orb
|cant|p1a: Gliscor|flinch
|
|-heal|p1a: Gliscor|155\/353 tox|[from] ability: Poison Heal
|turn|29
|
|move|p2a: Excadrill|Iron Head|p1a: Gliscor
|-damage|p1a: Gliscor|26\/353 tox
|-damage|p2a: Excadrill|144\/361|[from] item: Life Orb
|move|p1a: Gliscor|Earthquake|p2a: Excadrill
|-supereffective|p2a: Excadrill
|-damage|p2a: Excadrill|0 fnt
|faint|p2a: Excadrill
|
|-heal|p1a: Gliscor|70\/353 tox|[from] ability: Poison Heal
|
|switch|p2a: Talonflame|Talonflame, F|297\/297
|turn|30
|
|move|p1a: Gliscor|Protect|p1a: Gliscor
|-singleturn|p1a: Gliscor|Protect
|move|p2a: Talonflame|Flare Blitz|p1a: Gliscor
|-activate|p1a: Gliscor|Protect
|
|-heal|p1a: Gliscor|114\/353 tox|[from] ability: Poison Heal
|turn|31
|c|âapokemonkid|nothing for this lol
|
|switch|p1a: Crawdaunt|Crawdaunt, F|329\/329
|-damage|p1a: Crawdaunt|288\/329|[from] Spikes
|move|p2a: Talonflame|Flare Blitz|p1a: Crawdaunt
|-resisted|p1a: Crawdaunt
|-damage|p1a: Crawdaunt|152\/329
|-damage|p2a: Talonflame|252\/297|[from] recoil|[of] p1a: Crawdaunt
|
|turn|32
|
|switch|p2a: Ferrothorn|Ferrothorn, M|351\/351
|move|p1a: Crawdaunt|Superpower|p2a: Ferrothorn
|-supereffective|p2a: Ferrothorn
|-damage|p2a: Ferrothorn|109\/351
|-damage|p1a: Crawdaunt|111\/329|[from] ability: Iron Barbs|[of] p2a: Ferrothorn
|-damage|p1a: Crawdaunt|57\/329|[from] item: Rocky Helmet|[of] p2a: Ferrothorn
|-unboost|p1a: Crawdaunt|atk|1
|-unboost|p1a: Crawdaunt|def|1
|-damage|p1a: Crawdaunt|25\/329|[from] item: Life Orb
|
|turn|33
|
|move|p1a: Crawdaunt|Knock Off|p2a: Ferrothorn
|-damage|p2a: Ferrothorn|0 fnt
|-damage|p1a: Crawdaunt|0 fnt|[from] ability: Iron Barbs|[of] p2a: Ferrothorn
|faint|p1a: Crawdaunt
|faint|p2a: Ferrothorn
|
|
|switch|p2a: Talonflame|Talonflame, F|252\/297
|switch|p1a: Gliscor|Gliscor, F|114\/353 tox
|turn|34
|
|move|p1a: Gliscor|Protect|p1a: Gliscor
|-singleturn|p1a: Gliscor|Protect
|move|p2a: Talonflame|Brave Bird|p1a: Gliscor
|-activate|p1a: Gliscor|Protect
|
|-heal|p1a: Gliscor|158\/353 tox|[from] ability: Poison Heal
|turn|35
|
|move|p2a: Talonflame|Brave Bird|p1a: Gliscor
|-crit|p1a: Gliscor
|-damage|p1a: Gliscor|0 fnt
|-damage|p2a: Talonflame|200\/297|[from] recoil|[of] p1a: Gliscor
|faint|p1a: Gliscor
|
|
|switch|p1a: Empoleon|Empoleon, M|372\/372
|-damage|p1a: Empoleon|326\/372|[from] Spikes
|turn|36
|
|switch|p2a: Sharpedo|Sharpedo, M|281\/281
|move|p1a: Empoleon|Toxic|p2a: Sharpedo
|-status|p2a: Sharpedo|tox
|
|-heal|p1a: Empoleon|349\/372|[from] item: Leftovers
|-damage|p2a: Sharpedo|264\/281 tox|[from] psn
|turn|37
|
|move|p2a: Sharpedo|Crunch|p1a: Empoleon
|-damage|p1a: Empoleon|235\/372
|-unboost|p1a: Empoleon|def|1
|move|p1a: Empoleon|Stealth Rock|p2a: Sharpedo
|-sidestart|p2: The Tragic Crab|move: Stealth Rock
|
|-heal|p1a: Empoleon|258\/372|[from] item: Leftovers
|-damage|p2a: Sharpedo|230\/281 tox|[from] psn
|-boost|p2a: Sharpedo|spe|1|[from] ability: Speed Boost
|turn|38
|
|switch|p1a: Sylveon|Sylveon, M|309\/394
|-damage|p1a: Sylveon|260\/394|[from] Spikes
|detailschange|p2a: Sharpedo|Sharpedo-Mega, M
|-mega|p2a: Sharpedo|Sharpedo|Sharpedonite
|move|p2a: Sharpedo|Crunch|p1a: Sylveon
|-resisted|p1a: Sylveon
|-damage|p1a: Sylveon|74\/394
|
|-heal|p1a: Sylveon|98\/394|[from] item: Leftovers
|-damage|p2a: Sharpedo|179\/281 tox|[from] psn
|turn|39
|
|move|p1a: Sylveon|Protect|p1a: Sylveon
|-singleturn|p1a: Sylveon|Protect
|move|p2a: Sharpedo|Crunch|p1a: Sylveon
|-activate|p1a: Sylveon|Protect
|
|-heal|p1a: Sylveon|122\/394|[from] item: Leftovers
|-damage|p2a: Sharpedo|111\/281 tox|[from] psn
|turn|40
|
|move|p1a: Sylveon|Protect|p1a: Sylveon
|-fail|p1a: Sylveon
|move|p2a: Sharpedo|Waterfall|p1a: Sylveon
|-damage|p1a: Sylveon|0 fnt
|faint|p1a: Sylveon
|
|-damage|p2a: Sharpedo|26\/281 tox|[from] psn
|
|switch|p1a: Talonflame|Talonflame, M|230\/297
|turn|41
|leave|Teeny
|
|move|p1a: Talonflame|Brave Bird|p2a: Sharpedo
|-damage|p2a: Sharpedo|0 fnt
|-damage|p1a: Talonflame|221\/297|[from] recoil|[of] p2a: Sharpedo
|faint|p2a: Sharpedo
|
|
|switch|p2a: Scrotom|Rotom-Wash|258\/304
|-damage|p2a: Scrotom|220\/304|[from] Stealth Rock
|turn|42
|
|switch|p1a: Metagross|Metagross-Mega|301\/301
|-damage|p1a: Metagross|264\/301|[from] Spikes
|move|p2a: Scrotom|Volt Switch|p1a: Metagross
|-damage|p1a: Metagross|177\/301
|
|switch|p2a: Talonflame|Talonflame, F|200\/297
|-damage|p2a: Talonflame|52\/297|[from] Stealth Rock
|
|turn|43
|
|move|p1a: Metagross|Bullet Punch|p2a: Talonflame
|-resisted|p2a: Talonflame
|-damage|p2a: Talonflame|0 fnt
|faint|p2a: Talonflame
|
|c|âThe Tragic Crab|ugh
|-message|The Tragic Crab forfeited.
|
|win|apokemonkid
|raw|Ladder updating...
|raw|apokemonkid's rating: 1575 &rarr; <strong>1588<\/strong><br \/>(+13 for winning)
|raw|The Tragic Crab's rating: 1460 &rarr; <strong>1446<\/strong><br \/>(-14 for losing)
|leave|The Tragic Crab
|player|p2
|leave|apokemonkid
|player|p1
|join|apokemonkid