|join|Steez Ibanez
|join|hoodiej
|player|p1|Steez Ibanez|290
|player|p2|hoodiej|163
|gametype|singles
|gen|6
|tier|OU
|rated
|clearpoke
|poke|p1|Latias, F
|poke|p1|Azumarill, M
|poke|p1|Heatran, M
|poke|p1|Gengar, M
|poke|p1|Landorus-Therian, M
|poke|p1|Scizor, M
|poke|p2|Gyarados, M
|poke|p2|Latias, F
|poke|p2|Magnezone
|poke|p2|Landorus-Therian, M
|poke|p2|Rotom-Wash
|poke|p2|Scizor, F
|rule|Swagger Clause: Swagger is banned
|rule|Baton Pass Clause: Limit one PokÃ©mon knowing Baton Pass
|rule|Sleep Clause Mod: Limit one foe put to sleep
|rule|Species Clause: Limit one of each PokÃ©mon
|rule|OHKO Clause: OHKO moves are banned
|rule|Moody Clause: Moody is banned
|rule|Evasion Moves Clause: Evasion moves are banned
|rule|Endless Battle Clause: Forcing endless battles is banned
|rule|HP Percentage Mod: HP is shown in percentages
|teampreview
|
|start
|switch|p1a: Zetsu|Gengar, M|260\/260
|switch|p2a: Rotom-Wash|Rotom-Wash|303\/303
|turn|1
|
|move|p2a: Rotom-Wash|Volt Switch|p1a: Zetsu
|-damage|p1a: Zetsu|146\/260
|
|switch|p2a: Scizor|Scizor, F|343\/343
|move|p1a: Zetsu|Sludge Wave|p2a: Scizor
|-immune|p2a: Scizor|[msg]
|
|turn|2
|
|switch|p1a: Kuton|Heatran, M|385\/385
|move|p2a: Scizor|U-turn|p1a: Kuton
|-resisted|p1a: Kuton
|-damage|p1a: Kuton|362\/385
|
|switch|p2a: Landorus-Therian|Landorus-Therian, M|319\/319
|-ability|p2a: Landorus-Therian|Intimidate|[of] p1a: Kuton
|-unboost|p1a: Kuton|atk|1
|
|-heal|p1a: Kuton|385\/385|[from] item: Leftovers
|turn|3
|
|move|p2a: Landorus-Therian|U-turn|p1a: Kuton
|-resisted|p1a: Kuton
|-damage|p1a: Kuton|362\/385
|
|switch|p2a: Rotom-Wash|Rotom-Wash|303\/303
|move|p1a: Kuton|Lava Plume|p2a: Rotom-Wash
|-resisted|p2a: Rotom-Wash
|-damage|p2a: Rotom-Wash|262\/303
|
|-heal|p1a: Kuton|385\/385|[from] item: Leftovers
|turn|4
|
|move|p1a: Kuton|Protect|p1a: Kuton
|-singleturn|p1a: Kuton|Protect
|move|p2a: Rotom-Wash|Trick|p1a: Kuton
|-activate|p1a: Kuton|Protect
|
|turn|5
|
|switch|p1a: Deadpool|Scizor, M|335\/335
|move|p2a: Rotom-Wash|Trick|p1a: Deadpool
|-fail|p1a: Deadpool
|
|turn|6
|
|switch|p2a: Magnezone|Magnezone|281\/281
|switch|p1a: Shukaku|Landorus-Therian, M|381\/381
|-ability|p1a: Shukaku|Intimidate|[of] p2a: Magnezone
|-unboost|p2a: Magnezone|atk|1
|
|turn|7
|
|switch|p2a: Landorus-Therian|Landorus-Therian, M|319\/319
|-ability|p2a: Landorus-Therian|Intimidate|[of] p1a: Shukaku
|-unboost|p1a: Shukaku|atk|1
|move|p1a: Shukaku|U-turn|p2a: Landorus-Therian
|-resisted|p2a: Landorus-Therian
|-damage|p2a: Landorus-Therian|290\/319
|
|switch|p1a: Nuke|Azumarill, M|345\/345
|
|turn|8
|
|switch|p2a: Rotom-Wash|Rotom-Wash|262\/303
|move|p1a: Nuke|Knock Off|p2a: Rotom-Wash
|-damage|p2a: Rotom-Wash|118\/303
|-enditem|p2a: Rotom-Wash|Choice Scarf|[from] move: Knock Off|[of] p1a: Nuke
|
|turn|9
|
|switch|p1a: Zetsu|Gengar, M|146\/260
|move|p2a: Rotom-Wash|Will-O-Wisp|p1a: Zetsu
|-status|p1a: Zetsu|brn
|
|-damage|p1a: Zetsu|114\/260 brn|[from] brn
|turn|10
|
|move|p1a: Zetsu|Shadow Ball|p2a: Rotom-Wash
|-damage|p2a: Rotom-Wash|0 fnt
|-damage|p1a: Zetsu|88\/260 brn|[from] item: Life Orb
|faint|p2a: Rotom-Wash
|
|-damage|p1a: Zetsu|56\/260 brn|[from] brn
|
|switch|p2a: Scizor|Scizor, F|343\/343
|turn|11
|
|move|p2a: Scizor|Bullet Punch|p1a: Zetsu
|-damage|p1a: Zetsu|0 fnt
|faint|p1a: Zetsu
|
|
|switch|p1a: Kuton|Heatran, M|385\/385
|turn|12
|
|move|p1a: Kuton|Lava Plume|p2a: Scizor
|-supereffective|p2a: Scizor
|-damage|p2a: Scizor|0 fnt
|faint|p2a: Scizor
|
|
|switch|p2a: Landorus-Therian|Landorus-Therian, M|290\/319
|-ability|p2a: Landorus-Therian|Intimidate|[of] p1a: Kuton
|-unboost|p1a: Kuton|atk|1
|turn|13
|
|move|p1a: Kuton|Protect|p1a: Kuton
|-singleturn|p1a: Kuton|Protect
|move|p2a: Landorus-Therian|Knock Off|p1a: Kuton
|-activate|p1a: Kuton|Protect
|
|turn|14
|
|switch|p2a: Magnezone|Magnezone|281\/281
|move|p1a: Kuton|Lava Plume|p2a: Magnezone
|-supereffective|p2a: Magnezone
|-damage|p2a: Magnezone|9\/281
|
|turn|15
|
|move|p2a: Magnezone|Volt Switch|p1a: Kuton
|-damage|p1a: Kuton|292\/385
|
|switch|p2a: Latias|Latias, F|301\/301
|move|p1a: Kuton|Lava Plume|p2a: Latias
|-resisted|p2a: Latias
|-damage|p2a: Latias|254\/301
|
|-heal|p2a: Latias|272\/301|[from] item: Leftovers
|-heal|p1a: Kuton|316\/385|[from] item: Leftovers
|turn|16
|
|move|p2a: Latias|Thunderbolt|p1a: Kuton
|-damage|p1a: Kuton|247\/385
|move|p1a: Kuton|Toxic|p2a: Latias
|-status|p2a: Latias|tox
|
|-heal|p2a: Latias|290\/301 tox|[from] item: Leftovers
|-heal|p1a: Kuton|271\/385|[from] item: Leftovers
|-damage|p2a: Latias|272\/301 tox|[from] psn
|turn|17
|
|move|p1a: Kuton|Protect|p1a: Kuton
|-singleturn|p1a: Kuton|Protect
|move|p2a: Latias|Thunderbolt|p1a: Kuton
|-activate|p1a: Kuton|Protect
|
|-heal|p2a: Latias|290\/301 tox|[from] item: Leftovers
|-heal|p1a: Kuton|295\/385|[from] item: Leftovers
|-damage|p2a: Latias|254\/301 tox|[from] psn
|turn|18
|
|switch|p1a: Shukaku|Landorus-Therian, M|381\/381
|-ability|p1a: Shukaku|Intimidate|[of] p2a: Latias
|-unboost|p2a: Latias|atk|1
|move|p2a: Latias|Psyshock|p1a: Shukaku
|-crit|p1a: Shukaku
|-damage|p1a: Shukaku|207\/381
|
|-heal|p2a: Latias|272\/301 tox|[from] item: Leftovers
|-heal|p1a: Shukaku|230\/381|[from] item: Leftovers
|-damage|p2a: Latias|218\/301 tox|[from] psn
|turn|19
|
|switch|p2a: Gyarados|Gyarados, M|351\/351
|-ability|p2a: Gyarados|Intimidate|[of] p1a: Shukaku
|-unboost|p1a: Shukaku|atk|1
|switch|p1a: Nuke|Azumarill, M|345\/345
|
|turn|20
|
|switch|p2a: Magnezone|Magnezone|9\/281
|move|p1a: Nuke|Play Rough|p2a: Magnezone|[miss]
|-miss|p1a: Nuke|p2a: Magnezone
|
|turn|21
|
|move|p1a: Nuke|Aqua Jet|p2a: Magnezone
|-damage|p2a: Magnezone|0 fnt
|faint|p2a: Magnezone
|
|
|switch|p2a: Landorus-Therian|Landorus-Therian, M|290\/319
|-ability|p2a: Landorus-Therian|Intimidate|[of] p1a: Nuke
|-unboost|p1a: Nuke|atk|1
|turn|22
|
|switch|p1a: Shukaku|Landorus-Therian, M|230\/381
|-ability|p1a: Shukaku|Intimidate|[of] p2a: Landorus-Therian
|-unboost|p2a: Landorus-Therian|atk|1
|move|p2a: Landorus-Therian|U-turn|p1a: Shukaku
|-resisted|p1a: Shukaku
|-damage|p1a: Shukaku|205\/381
|
|switch|p2a: Gyarados|Gyarados, M|351\/351
|-ability|p2a: Gyarados|Intimidate|[of] p1a: Shukaku
|-unboost|p1a: Shukaku|atk|1
|
|-heal|p1a: Shukaku|228\/381|[from] item: Leftovers
|turn|23
|
|move|p2a: Gyarados|Dragon Dance|p2a: Gyarados
|-boost|p2a: Gyarados|atk|1
|-boost|p2a: Gyarados|spe|1
|move|p1a: Shukaku|U-turn|p2a: Gyarados
|-resisted|p2a: Gyarados
|-damage|p2a: Gyarados|315\/351
|
|switch|p1a: Nuke|Azumarill, M|345\/345
|
|turn|24
|
|move|p2a: Gyarados|Earthquake|p1a: Nuke
|-damage|p1a: Nuke|108\/345
|move|p1a: Nuke|Play Rough|p2a: Gyarados
|-damage|p2a: Gyarados|90\/351
|
|turn|25
|
|move|p1a: Nuke|Aqua Jet|p2a: Gyarados
|-crit|p2a: Gyarados
|-resisted|p2a: Gyarados
|-damage|p2a: Gyarados|18\/351
|move|p2a: Gyarados|Waterfall|p1a: Nuke
|-resisted|p1a: Nuke
|-damage|p1a: Nuke|0 fnt
|faint|p1a: Nuke
|
|
|switch|p1a: Deadpool|Scizor, M|335\/335
|turn|26
|
|switch|p2a: Landorus-Therian|Landorus-Therian, M|290\/319
|-ability|p2a: Landorus-Therian|Intimidate|[of] p1a: Deadpool
|-unboost|p1a: Deadpool|atk|1
|detailschange|p1a: Deadpool|Scizor-Mega, M
|message|Scizor has Mega Evolved into Mega Scizor!
|move|p1a: Deadpool|Bullet Punch|p2a: Landorus-Therian
|-damage|p2a: Landorus-Therian|199\/319
|
|turn|27
|
|move|p2a: Landorus-Therian|U-turn|p1a: Deadpool
|-resisted|p1a: Deadpool
|-damage|p1a: Deadpool|300\/335
|
|switch|p2a: Latias|Latias, F|218\/301 tox
|move|p1a: Deadpool|Swords Dance|p1a: Deadpool
|-boost|p1a: Deadpool|atk|2
|
|-heal|p2a: Latias|236\/301 tox|[from] item: Leftovers
|-damage|p2a: Latias|218\/301 tox|[from] psn
|turn|28
|
|move|p1a: Deadpool|Bullet Punch|p2a: Latias
|-damage|p2a: Latias|17\/301 tox
|move|p2a: Latias|Healing Wish|p2a: Latias
|faint|p2a: Latias
|
|
|switch|p2a: Gyarados|Gyarados, M|18\/351
|-heal|p2a: Gyarados|351\/351|[from] move: Healing Wish
|-ability|p2a: Gyarados|Intimidate|[of] p1a: Deadpool
|-unboost|p1a: Deadpool|atk|1
|turn|29
|
|move|p2a: Gyarados|Dragon Dance|p2a: Gyarados
|-boost|p2a: Gyarados|atk|1
|-boost|p2a: Gyarados|spe|1
|move|p1a: Deadpool|Swords Dance|p1a: Deadpool
|-boost|p1a: Deadpool|atk|2
|
|turn|30
|
|detailschange|p2a: Gyarados|Gyarados-Mega, M
|message|Gyarados has Mega Evolved into Mega Gyarados!
|-ability|p2a: Gyarados|Mold Breaker
|move|p2a: Gyarados|Waterfall|p1a: Deadpool
|-damage|p1a: Deadpool|105\/335
|move|p1a: Deadpool|Knock Off|p2a: Gyarados
|-resisted|p2a: Gyarados
|-damage|p2a: Gyarados|269\/351
|
|turn|31
|
|move|p1a: Deadpool|Bullet Punch|p2a: Gyarados
|-resisted|p2a: Gyarados
|-damage|p2a: Gyarados|158\/351
|move|p2a: Gyarados|Waterfall|p1a: Deadpool
|-damage|p1a: Deadpool|0 fnt
|faint|p1a: Deadpool
|
|
|switch|p1a: Shukaku|Landorus-Therian, M|228\/381
|-ability|p1a: Shukaku|Intimidate|[of] p2a: Gyarados
|-unboost|p2a: Gyarados|atk|1
|turn|32
|
|switch|p1a: Kuton|Heatran, M|295\/385
|move|p2a: Gyarados|Substitute|p2a: Gyarados
|-start|p2a: Gyarados|Substitute
|-damage|p2a: Gyarados|71\/351
|
|-heal|p1a: Kuton|319\/385|[from] item: Leftovers
|turn|33
|
|move|p2a: Gyarados|Earthquake|p1a: Kuton
|-supereffective|p1a: Kuton
|-damage|p1a: Kuton|0 fnt
|faint|p1a: Kuton
|
|
|switch|p1a: Athena|Latias, F|301\/301
|turn|34
|
|move|p2a: Gyarados|Earthquake|p1a: Athena
|-damage|p1a: Athena|127\/301
|move|p1a: Athena|Draco Meteor|p2a: Gyarados
|-end|p2a: Gyarados|Substitute
|-unboost|p1a: Athena|spa|2
|-damage|p1a: Athena|97\/301|[from] item: Life Orb
|
|turn|35
|
|switch|p1a: Shukaku|Landorus-Therian, M|228\/381
|-ability|p1a: Shukaku|Intimidate|[of] p2a: Gyarados
|-unboost|p2a: Gyarados|atk|1
|move|p2a: Gyarados|Waterfall|p1a: Shukaku
|-supereffective|p1a: Shukaku
|-damage|p1a: Shukaku|34\/381
|
|-heal|p1a: Shukaku|57\/381|[from] item: Leftovers
|turn|36
|-message|Steez Ibanez forfeited.
|
|win|hoodiej
|raw|Ladder updating...
|leave|Steez Ibanez
|player|p1