|join|TheParasectBoy
|join|Steez Ibanez
|player|p1|TheParasectBoy|2
|player|p2|Steez Ibanez|25
|gametype|singles
|gen|6
|tier|OU
|rated
|clearpoke
|poke|p1|Rotom-Wash
|poke|p1|Manectric, M
|poke|p1|Medicham, F
|poke|p1|Vivillon, F
|poke|p1|Hippowdon, M
|poke|p1|Greninja, M
|poke|p2|Hydreigon, M
|poke|p2|Venusaur, M
|poke|p2|Azumarill, M
|poke|p2|Latios, M
|poke|p2|Landorus-Therian, M
|poke|p2|Infernape, M
|rule|Swagger Clause: Swagger is banned
|rule|Baton Pass Clause: Limit one PokÃ©mon knowing Baton Pass
|rule|Sleep Clause Mod: Limit one foe put to sleep
|rule|Species Clause: Limit one of each PokÃ©mon
|rule|OHKO Clause: OHKO moves are banned
|rule|Moody Clause: Moody is banned
|rule|Evasion Moves Clause: Evasion moves are banned
|rule|Endless Battle Clause: Forcing endless battles is banned
|rule|HP Percentage Mod: HP is shown in percentages
|teampreview
|
|start
|switch|p1a: Vivillon|Vivillon, F|302\/302
|switch|p2a: Killuminati|Latios, M|302\/302
|turn|1
|
|move|p2a: Killuminati|Thunderbolt|p1a: Vivillon
|-supereffective|p1a: Vivillon
|-enditem|p1a: Vivillon|Focus Sash
|-damage|p1a: Vivillon|1\/302
|-status|p1a: Vivillon|par
|-damage|p2a: Killuminati|272\/302|[from] item: Life Orb
|move|p1a: Vivillon|Sleep Powder|p2a: Killuminati
|-status|p2a: Killuminati|slp
|
|turn|2
|
|switch|p2a: Nuke|Azumarill, M|345\/345
|move|p1a: Vivillon|Hurricane|p2a: Nuke
|-damage|p2a: Nuke|233\/345
|
|turn|3
|
|move|p2a: Nuke|Knock Off|p1a: Vivillon
|-damage|p1a: Vivillon|0 fnt
|faint|p1a: Vivillon
|
|
|switch|p1a: Manectric|Manectric, M|282\/282
|turn|4
|
|switch|p2a: Shukaku|Landorus-Therian, M|381\/381
|-ability|p2a: Shukaku|Intimidate|[of] p1a: Manectric
|-unboost|p1a: Manectric|atk|1
|detailschange|p1a: Manectric|Manectric-Mega, M
|message|Manectric has Mega Evolved into Mega Manectric!
|-ability|p1a: Manectric|Intimidate|[of] p2a: Shukaku
|-unboost|p2a: Shukaku|atk|1
|move|p1a: Manectric|Volt Switch|p2a: Shukaku
|-immune|p2a: Shukaku|[msg]
|
|turn|5
|
|switch|p1a: Rotom-Wash|Rotom-Wash|246\/246
|move|p2a: Shukaku|U-turn|p1a: Rotom-Wash
|-damage|p1a: Rotom-Wash|194\/246
|
|switch|p2a: Hades|Hydreigon, M|325\/325
|
|turn|6
|
|switch|p1a: Greninja|Greninja, M|286\/286
|move|p2a: Hades|Dark Pulse|p1a: Greninja
|-resisted|p1a: Greninja
|-damage|p1a: Greninja|163\/286
|-damage|p2a: Hades|293\/325|[from] item: Life Orb
|
|turn|7
|
|switch|p2a: Nuke|Azumarill, M|233\/345
|move|p1a: Greninja|U-turn|p2a: Nuke
|-start|p1a: Greninja|typechange|Bug|[from] Protean
|-resisted|p2a: Nuke
|-damage|p2a: Nuke|145\/345
|-damage|p1a: Greninja|135\/286|[from] item: Life Orb
|
|switch|p1a: Rotom-Wash|Rotom-Wash|194\/246
|
|turn|8
|
|switch|p2a: Killuminati|Latios, M|272\/302 slp
|move|p1a: Rotom-Wash|Volt Switch|p2a: Killuminati
|-resisted|p2a: Killuminati
|-damage|p2a: Killuminati|213\/302 slp
|
|switch|p1a: Greninja|Greninja, M|135\/286
|
|turn|9
|
|cant|p2a: Killuminati|slp
|move|p1a: Greninja|U-turn|p2a: Killuminati
|-start|p1a: Greninja|typechange|Bug|[from] Protean
|-supereffective|p2a: Killuminati
|-damage|p2a: Killuminati|0 fnt
|-damage|p1a: Greninja|107\/286|[from] item: Life Orb
|faint|p2a: Killuminati
|
|switch|p1a: Medicham|Medicham, F|262\/262
|
|
|switch|p2a: Shukaku|Landorus-Therian, M|381\/381
|-ability|p2a: Shukaku|Intimidate|[of] p1a: Medicham
|-unboost|p1a: Medicham|atk|1
|turn|10
|
|switch|p2a: Steez|Infernape, M|293\/293
|move|p1a: Medicham|Ice Punch|p2a: Steez
|-resisted|p2a: Steez
|-damage|p2a: Steez|241\/293
|
|turn|11
|
|switch|p1a: Hippowdon|Hippowdon, M|420\/420
|-weather|Sandstorm
|move|p2a: Steez|Fire Blast|p1a: Hippowdon
|-damage|p1a: Hippowdon|169\/420
|-damage|p2a: Steez|212\/293|[from] item: Life Orb
|
|-weather|Sandstorm|[upkeep]
|-damage|p2a: Steez|194\/293|[from] sandstorm
|turn|12
|
|move|p2a: Steez|Fire Blast|p1a: Hippowdon
|-damage|p1a: Hippowdon|0 fnt
|-damage|p2a: Steez|165\/293|[from] item: Life Orb
|faint|p1a: Hippowdon
|
|-weather|Sandstorm|[upkeep]
|-damage|p2a: Steez|147\/293|[from] sandstorm
|
|switch|p1a: Rotom-Wash|Rotom-Wash|194\/246
|turn|13
|
|move|p1a: Rotom-Wash|Hydro Pump|p2a: Steez
|-supereffective|p2a: Steez
|-damage|p2a: Steez|0 fnt
|faint|p2a: Steez
|
|-weather|Sandstorm|[upkeep]
|-damage|p1a: Rotom-Wash|179\/246|[from] sandstorm
|
|switch|p2a: Hades|Hydreigon, M|293\/325
|turn|14
|
|switch|p1a: Greninja|Greninja, M|107\/286
|move|p2a: Hades|Dark Pulse|p1a: Greninja
|-resisted|p1a: Greninja
|-damage|p1a: Greninja|0 fnt
|-damage|p2a: Hades|261\/325|[from] item: Life Orb
|faint|p1a: Greninja
|
|-weather|Sandstorm|[upkeep]
|-damage|p2a: Hades|241\/325|[from] sandstorm
|
|switch|p1a: Medicham|Medicham, F|262\/262
|turn|15
|
|move|p1a: Medicham|Ice Punch|p2a: Hades
|-supereffective|p2a: Hades
|-damage|p2a: Hades|0 fnt
|faint|p2a: Hades
|
|-weather|none
|
|switch|p2a: Nuke|Azumarill, M|145\/345
|turn|16
|
|switch|p1a: Manectric|Manectric-Mega, M|282\/282
|-ability|p1a: Manectric|Intimidate|[of] p2a: Nuke
|-unboost|p2a: Nuke|atk|1
|move|p2a: Nuke|Play Rough|p1a: Manectric|[miss]
|-miss|p2a: Nuke|p1a: Manectric
|
|turn|17
|
|switch|p2a: 420|Venusaur, M|363\/363
|move|p1a: Manectric|Volt Switch|p2a: 420
|-resisted|p2a: 420
|-damage|p2a: 420|294\/363
|
|switch|p1a: Medicham|Medicham, F|262\/262
|
|turn|18
|
|switch|p2a: Shukaku|Landorus-Therian, M|381\/381
|-ability|p2a: Shukaku|Intimidate|[of] p1a: Medicham
|-unboost|p1a: Medicham|atk|1
|move|p1a: Medicham|Psycho Cut|p2a: Shukaku
|-crit|p2a: Shukaku
|-damage|p2a: Shukaku|153\/381
|
|-heal|p2a: Shukaku|176\/381|[from] item: Leftovers
|turn|19
|
|switch|p1a: Rotom-Wash|Rotom-Wash|179\/246
|move|p2a: Shukaku|Stealth Rock|p1a: Rotom-Wash
|-sidestart|p1: TheParasectBoy|move: Stealth Rock
|
|-heal|p2a: Shukaku|199\/381|[from] item: Leftovers
|turn|20
|
|move|p1a: Rotom-Wash|Shadow Ball|p2a: Shukaku
|-damage|p2a: Shukaku|85\/381
|move|p2a: Shukaku|U-turn|p1a: Rotom-Wash
|-damage|p1a: Rotom-Wash|105\/246
|
|switch|p2a: 420|Venusaur, M|294\/363
|
|turn|21
|
|detailschange|p2a: 420|Venusaur-Mega, M
|message|Venusaur has Mega Evolved into Mega Venusaur!
|move|p1a: Rotom-Wash|Shadow Ball|p2a: 420
|-damage|p2a: 420|211\/363
|move|p2a: 420|Giga Drain|p1a: Rotom-Wash
|-supereffective|p1a: Rotom-Wash
|-damage|p1a: Rotom-Wash|0 fnt
|-heal|p2a: 420|264\/363|[from] drain|[of] p1a: Rotom-Wash
|faint|p1a: Rotom-Wash
|
|
|switch|p1a: Medicham|Medicham, F|262\/262
|-damage|p1a: Medicham|246\/262|[from] Stealth Rock
|turn|22
|
|switch|p2a: Shukaku|Landorus-Therian, M|85\/381
|-ability|p2a: Shukaku|Intimidate|[of] p1a: Medicham
|-unboost|p1a: Medicham|atk|1
|move|p1a: Medicham|Psycho Cut|p2a: Shukaku
|-damage|p2a: Shukaku|0 fnt
|faint|p2a: Shukaku
|
|
|switch|p2a: 420|Venusaur-Mega, M|264\/363
|turn|23
|
|switch|p1a: Manectric|Manectric-Mega, M|282\/282
|-damage|p1a: Manectric|247\/282|[from] Stealth Rock
|-ability|p1a: Manectric|Intimidate|[of] p2a: 420
|-unboost|p2a: 420|atk|1
|move|p2a: 420|Sludge Bomb|p1a: Manectric
|-damage|p1a: Manectric|105\/282
|-status|p1a: Manectric|psn
|
|-damage|p1a: Manectric|70\/282 psn|[from] psn
|turn|24
|
|move|p1a: Manectric|Flamethrower|p2a: 420
|-supereffective|p2a: 420
|-damage|p2a: 420|164\/363
|move|p2a: 420|Synthesis|p2a: 420
|-heal|p2a: 420|345\/363
|
|-damage|p1a: Manectric|35\/282 psn|[from] psn
|turn|25
|
|move|p1a: Manectric|Volt Switch|p2a: 420
|-resisted|p2a: 420
|-damage|p2a: 420|279\/363
|
|switch|p1a: Medicham|Medicham, F|246\/262
|-damage|p1a: Medicham|230\/262|[from] Stealth Rock
|move|p2a: 420|Synthesis|p2a: 420
|-heal|p2a: 420|363\/363
|
|turn|26
|
|move|p1a: Medicham|Psycho Cut|p2a: 420
|-supereffective|p2a: 420
|-damage|p2a: 420|135\/363
|move|p2a: 420|Sludge Bomb|p1a: Medicham
|-damage|p1a: Medicham|73\/262
|
|turn|27
|
|move|p1a: Medicham|Psycho Cut|p2a: 420
|-supereffective|p2a: 420
|-damage|p2a: 420|0 fnt
|faint|p2a: 420
|
|
|switch|p2a: Nuke|Azumarill, M|145\/345
|turn|28
|
|switch|p1a: Manectric|Manectric-Mega, M|35\/282 psn
|-damage|p1a: Manectric|0 fnt|[from] Stealth Rock
|faint|p1a: Manectric
|move|p2a: Nuke|Aqua Jet|p1: Manectric|[notarget]
|-notarget
|
|
|switch|p1a: Medicham|Medicham, F|73\/262
|-damage|p1a: Medicham|57\/262|[from] Stealth Rock
|turn|29
|c|âTheParasectBoy|fake out bullet punch
|c|âTheParasectBoy|gg
|c|âSteez Ibanez|lol
|c|âTheParasectBoy|im not using though
|c|âTheParasectBoy|you desrved it
|
|move|p2a: Nuke|Aqua Jet|p1a: Medicham
|-damage|p1a: Medicham|0 fnt
|faint|p1a: Medicham
|
|win|Steez Ibanez
|raw|Ladder updating...
|raw|TheParasectBoy's rating: 1570 &rarr; <strong>1552<\/strong><br \/>(-18 for losing)
|raw|Steez Ibanez's rating: 1595 &rarr; <strong>1614<\/strong><br \/>(+19 for winning)
|c|âTheParasectBoy|gg
|leave|Steez Ibanez
|player|p2