|join|Steez Ibanez
|join|Tdoggg111
|player|p1|Steez Ibanez|290
|player|p2|Tdoggg111|137
|gametype|singles
|gen|6
|tier|OU
|rated
|clearpoke
|poke|p1|Gengar, M
|poke|p1|Ferrothorn, M
|poke|p1|Azumarill, M
|poke|p1|Charizard, M
|poke|p1|Excadrill, M
|poke|p1|Mew
|poke|p2|Ferrothorn, F
|poke|p2|Heatran, F
|poke|p2|Charizard, M
|poke|p2|Gliscor, M
|poke|p2|Rotom-Wash
|poke|p2|Venusaur, F
|rule|Swagger Clause: Swagger is banned
|rule|Baton Pass Clause: Limit one PokÃ©mon knowing Baton Pass
|rule|Sleep Clause Mod: Limit one foe put to sleep
|rule|Species Clause: Limit one of each PokÃ©mon
|rule|OHKO Clause: OHKO moves are banned
|rule|Moody Clause: Moody is banned
|rule|Evasion Moves Clause: Evasion moves are banned
|rule|Endless Battle Clause: Forcing endless battles is banned
|rule|HP Percentage Mod: HP is shown in percentages
|teampreview
|
|start
|switch|p1a: Zetsu|Gengar, M|260\/260
|switch|p2a: Flameo|Heatran, F|344\/344
|-item|p2a: Flameo|Air Balloon
|turn|1
|
|move|p1a: Zetsu|Focus Blast|p2a: Flameo|[miss]
|-miss|p1a: Zetsu|p2a: Flameo
|move|p2a: Flameo|Stealth Rock|p1a: Zetsu
|-sidestart|p1: Steez Ibanez|move: Stealth Rock
|
|turn|2
|
|switch|p2a: Char|Charizard, M|298\/298
|move|p1a: Zetsu|Focus Blast|p2a: Char|[miss]
|-miss|p1a: Zetsu|p2a: Char
|
|turn|3
|
|detailschange|p2a: Char|Charizard-Mega-Y, M
|message|Charizard has Mega Evolved into Mega Charizard!
|-weather|SunnyDay
|move|p1a: Zetsu|Sludge Wave|p2a: Char
|-damage|p2a: Char|102\/298
|-damage|p1a: Zetsu|234\/260|[from] item: Life Orb
|move|p2a: Char|Fire Blast|p1a: Zetsu
|-damage|p1a: Zetsu|0 fnt
|faint|p1a: Zetsu
|
|-weather|SunnyDay|[upkeep]
|c|âSteez Ibanez|smh
|
|switch|p1a: Nuke|Azumarill, M|345\/345
|-damage|p1a: Nuke|302\/345|[from] Stealth Rock
|turn|4
|c|âTdoggg111|ya that just sucks
|
|switch|p1a: OG|Mew|403\/403
|-damage|p1a: OG|353\/403|[from] Stealth Rock
|move|p2a: Char|Roost|p2a: Char
|-heal|p2a: Char|251\/298
|
|-weather|SunnyDay|[upkeep]
|-heal|p1a: OG|378\/403|[from] item: Leftovers
|turn|5
|
|switch|p1a: Nuke|Azumarill, M|302\/345
|-damage|p1a: Nuke|259\/345|[from] Stealth Rock
|move|p2a: Char|Fire Blast|p1a: Nuke
|-resisted|p1a: Nuke
|-damage|p1a: Nuke|148\/345
|-status|p1a: Nuke|brn
|
|-weather|SunnyDay|[upkeep]
|-damage|p1a: Nuke|105\/345 brn|[from] brn
|turn|6
|c|âSteez Ibanez|lol
|c|âTdoggg111|im so sorry lol
|
|move|p2a: Char|Solar Beam|p1a: Nuke|[still]
|-prepare|p2a: Char|Solar Beam|p1a: Nuke
|-anim|p2a: Char|Solar Beam|p1a: Nuke
|-supereffective|p1a: Nuke
|-damage|p1a: Nuke|0 fnt
|faint|p1a: Nuke
|
|-weather|SunnyDay|[upkeep]
|
|switch|p1a: Doomsday|Charizard, M|321\/321
|-damage|p1a: Doomsday|161\/321|[from] Stealth Rock
|turn|7
|
|detailschange|p1a: Doomsday|Charizard-Mega-X, M
|message|Charizard has Mega Evolved into Mega Charizard!
|move|p2a: Char|Air Slash|p1a: Doomsday
|-damage|p1a: Doomsday|0 fnt
|faint|p1a: Doomsday
|
|-weather|none
|-message|Steez Ibanez forfeited.
|
|win|Tdoggg111
|raw|Ladder updating...
|leave|Steez Ibanez
|player|p1
|raw|Steez Ibanez's rating: 1645 &rarr; <strong>1622<\/strong><br \/>(-23 for losing)
|raw|Tdoggg111's rating: 1578 &rarr; <strong>1602<\/strong><br \/>(+24 for winning)