|join|poek69x
|join|Steez Ibanez
|player|p1|poek69x|283
|player|p2|Steez Ibanez|290
|gametype|singles
|gen|6
|tier|OU
|rated
|clearpoke
|poke|p1|Sableye, F
|poke|p1|Suicune
|poke|p1|Jirachi
|poke|p1|Clefable, F
|poke|p1|Chesnaught, F
|poke|p1|Blissey, F
|poke|p2|Magnezone
|poke|p2|Altaria, M
|poke|p2|Keldeo
|poke|p2|Mew
|poke|p2|Landorus-Therian, M
|poke|p2|Bisharp, M
|rule|Swagger Clause: Swagger is banned
|rule|Baton Pass Clause: Limit one PokÃ©mon knowing Baton Pass
|rule|Sleep Clause Mod: Limit one foe put to sleep
|rule|Species Clause: Limit one of each PokÃ©mon
|rule|OHKO Clause: OHKO moves are banned
|rule|Moody Clause: Moody is banned
|rule|Evasion Moves Clause: Evasion moves are banned
|rule|Endless Battle Clause: Forcing endless battles is banned
|rule|HP Percentage Mod: HP is shown in percentages
|teampreview
|
|start
|switch|p1a: Sableye|Sableye, F|304\/304
|switch|p2a: OG|Mew|403\/403
|turn|1
|
|switch|p2a: MAG|Magnezone|281\/281
|detailschange|p1a: Sableye|Sableye-Mega, F
|message|Sableye has Mega Evolved into Mega Sableye!
|move|p1a: Sableye|Shadow Ball|p2a: MAG
|-damage|p2a: MAG|197\/281
|-unboost|p2a: MAG|spd|1
|
|turn|2
|
|switch|p1a: Blissey|Blissey, F|652\/652
|move|p2a: MAG|Volt Switch|p1a: Blissey
|-damage|p1a: Blissey|534\/652
|
|switch|p2a: OG|Mew|403\/403
|
|-heal|p1a: Blissey|574\/652|[from] item: Leftovers
|turn|3
|
|switch|p1a: Sableye|Sableye-Mega, F|304\/304
|move|p2a: OG|Knock Off|p1a: Sableye
|-damage|p1a: Sableye|271\/304
|
|turn|4
|
|switch|p2a: MAG|Magnezone|197\/281
|move|p1a: Sableye|Shadow Ball|p2a: MAG
|-damage|p2a: MAG|101\/281
|
|turn|5
|
|switch|p1a: Blissey|Blissey, F|574\/652
|move|p2a: MAG|Flash Cannon|p1a: Blissey
|-crit|p1a: Blissey
|-damage|p1a: Blissey|361\/652
|
|-heal|p1a: Blissey|401\/652|[from] item: Leftovers
|turn|6
|
|switch|p2a: OG|Mew|403\/403
|move|p1a: Blissey|Flamethrower|p2a: OG
|-damage|p2a: OG|358\/403
|
|-heal|p2a: OG|383\/403|[from] item: Leftovers
|-heal|p1a: Blissey|441\/652|[from] item: Leftovers
|turn|7
|
|switch|p2a: Nimbus|Altaria, M|292\/292
|switch|p1a: Sableye|Sableye-Mega, F|271\/304
|
|turn|8
|
|switch|p1a: Clefable|Clefable, F|394\/394
|detailschange|p2a: Nimbus|Altaria-Mega, M
|message|Altaria has Mega Evolved into Mega Altaria!
|move|p2a: Nimbus|Substitute|p2a: Nimbus
|-start|p2a: Nimbus|Substitute
|-damage|p2a: Nimbus|219\/292
|
|turn|9
|
|move|p2a: Nimbus|Return|p1a: Clefable
|-damage|p1a: Clefable|199\/394
|move|p1a: Clefable|Moonblast|p2a: Nimbus
|-crit|p2a: Nimbus
|-supereffective|p2a: Nimbus
|-end|p2a: Nimbus|Substitute
|
|-heal|p1a: Clefable|223\/394|[from] item: Leftovers
|turn|10
|
|switch|p2a: Bisharp|Bisharp, M|271\/271
|move|p1a: Clefable|Moonlight|p1a: Clefable
|-heal|p1a: Clefable|394\/394
|
|turn|11
|
|switch|p1a: Chesnaught|Chesnaught, F|380\/380
|move|p2a: Bisharp|Swords Dance|p2a: Bisharp
|-boost|p2a: Bisharp|atk|2
|
|turn|12
|
|move|p2a: Bisharp|Iron Head|p1a: Chesnaught
|-damage|p1a: Chesnaught|211\/380
|move|p1a: Chesnaught|Drain Punch|p2a: Bisharp
|-supereffective|p2a: Bisharp
|-damage|p2a: Bisharp|0 fnt
|-heal|p1a: Chesnaught|347\/380|[from] drain|[of] p2a: Bisharp
|faint|p2a: Bisharp
|
|-heal|p1a: Chesnaught|370\/380|[from] item: Leftovers
|
|switch|p2a: Nimbus|Altaria-Mega, M|219\/292
|turn|13
|
|switch|p1a: Clefable|Clefable, F|394\/394
|move|p2a: Nimbus|Dragon Dance|p2a: Nimbus
|-boost|p2a: Nimbus|atk|1
|-boost|p2a: Nimbus|spe|1
|
|turn|14
|
|move|p2a: Nimbus|Return|p1a: Clefable
|-damage|p1a: Clefable|204\/394
|move|p1a: Clefable|Moonblast|p2a: Nimbus
|-supereffective|p2a: Nimbus
|-damage|p2a: Nimbus|13\/292
|-unboost|p2a: Nimbus|spa|1
|
|-heal|p1a: Clefable|228\/394|[from] item: Leftovers
|turn|15
|
|move|p2a: Nimbus|Return|p1a: Clefable
|-damage|p1a: Clefable|35\/394
|move|p1a: Clefable|Moonlight|p1a: Clefable
|-heal|p1a: Clefable|232\/394
|
|-heal|p1a: Clefable|256\/394|[from] item: Leftovers
|turn|16
|
|move|p2a: Nimbus|Return|p1a: Clefable
|-crit|p1a: Clefable
|-damage|p1a: Clefable|0 fnt
|faint|p1a: Clefable
|
|
|switch|p1a: Jirachi|Jirachi|404\/404
|turn|17
|
|move|p2a: Nimbus|Earthquake|p1a: Jirachi
|-supereffective|p1a: Jirachi
|-damage|p1a: Jirachi|60\/404
|move|p1a: Jirachi|Iron Head|p2a: Nimbus
|-supereffective|p2a: Nimbus
|-damage|p2a: Nimbus|0 fnt
|faint|p2a: Nimbus
|
|-heal|p1a: Jirachi|85\/404|[from] item: Leftovers
|
|switch|p2a: MAG|Magnezone|101\/281
|turn|18
|
|move|p1a: Jirachi|Protect|p1a: Jirachi
|-singleturn|p1a: Jirachi|Protect
|move|p2a: MAG|Volt Switch|p1a: Jirachi
|-activate|p1a: Jirachi|Protect
|
|-heal|p1a: Jirachi|110\/404|[from] item: Leftovers
|turn|19
|
|move|p1a: Jirachi|Wish|p1a: Jirachi
|move|p2a: MAG|Volt Switch|p1a: Jirachi
|-damage|p1a: Jirachi|0 fnt
|faint|p1a: Jirachi
|
|switch|p2a: OG|Mew|383\/403
|
|-heal|p2a: OG|403\/403|[from] item: Leftovers
|
|switch|p1a: Sableye|Sableye-Mega, F|271\/304
|turn|20
|
|switch|p2a: Perseus|Keldeo|323\/323
|move|p1a: Sableye|Shadow Ball|p2a: Perseus
|-damage|p2a: Perseus|236\/323
|
|-heal|p1a: Sableye|304\/304|[from] move: Wish|[wisher] Jirachi
|turn|21
|
|switch|p1a: Suicune|Suicune|404\/404
|-ability|p1a: Suicune|Pressure
|move|p2a: Perseus|Scald|p1a: Suicune
|-resisted|p1a: Suicune
|-damage|p1a: Suicune|304\/404
|-status|p1a: Suicune|brn
|
|-heal|p1a: Suicune|329\/404 brn|[from] item: Leftovers
|-damage|p1a: Suicune|279\/404 brn|[from] brn
|turn|22
|
|switch|p2a: OG|Mew|403\/403
|move|p1a: Suicune|Rest|p1a: Suicune
|-status|p1a: Suicune|slp
|-heal|p1a: Suicune|404\/404 slp|[silent]
|-status|p1a: Suicune|slp|[from] move: Rest
|
|turn|23
|
|switch|p1a: Sableye|Sableye-Mega, F|304\/304
|move|p2a: OG|Taunt|p1a: Sableye
|move|p1a: Sableye|Taunt|p2a: OG|[from]Magic Bounce
|-start|p2a: OG|move: Taunt
|
|turn|24
|
|switch|p2a: Shukaku|Landorus-Therian, M|381\/381
|-ability|p2a: Shukaku|Intimidate|[of] p1a: Sableye
|-unboost|p1a: Sableye|atk|1
|move|p1a: Sableye|Shadow Ball|p2a: Shukaku
|-damage|p2a: Shukaku|284\/381
|
|-heal|p2a: Shukaku|307\/381|[from] item: Leftovers
|turn|25
|
|move|p2a: Shukaku|U-turn|p1a: Sableye
|-damage|p1a: Sableye|256\/304
|
|switch|p2a: OG|Mew|403\/403
|move|p1a: Sableye|Shadow Ball|p2a: OG
|-supereffective|p2a: OG
|-damage|p2a: OG|259\/403
|
|-heal|p2a: OG|284\/403|[from] item: Leftovers
|turn|26
|
|switch|p2a: Perseus|Keldeo|236\/323
|move|p1a: Sableye|Calm Mind|p1a: Sableye
|-boost|p1a: Sableye|spa|1
|-boost|p1a: Sableye|spd|1
|
|turn|27
|
|switch|p1a: Suicune|Suicune|404\/404 slp
|-ability|p1a: Suicune|Pressure
|move|p2a: Perseus|Hydro Pump|p1a: Suicune
|-resisted|p1a: Suicune
|-damage|p1a: Suicune|270\/404 slp
|
|-heal|p1a: Suicune|295\/404 slp|[from] item: Leftovers
|turn|28
|
|switch|p2a: MAG|Magnezone|101\/281
|cant|p1a: Suicune|slp
|move|p1a: Suicune|Sleep Talk|p1a: Suicune
|move|p1a: Suicune|Scald|p2a: MAG|[from]Sleep Talk
|-damage|p2a: MAG|1\/281
|
|-heal|p1a: Suicune|320\/404 slp|[from] item: Leftovers
|turn|29
|
|switch|p1a: Blissey|Blissey, F|441\/652
|move|p2a: MAG|Volt Switch|p1a: Blissey
|-damage|p1a: Blissey|314\/652
|
|switch|p2a: Perseus|Keldeo|236\/323
|
|-heal|p1a: Blissey|354\/652|[from] item: Leftovers
|turn|30
|
|move|p2a: Perseus|Scald|p1a: Blissey
|-damage|p1a: Blissey|222\/652
|move|p1a: Blissey|Toxic|p2a: Perseus
|-status|p2a: Perseus|tox
|
|-heal|p1a: Blissey|262\/652|[from] item: Leftovers
|-damage|p2a: Perseus|216\/323 tox|[from] psn
|turn|31
|-message|Steez Ibanez forfeited.
|
|win|poek69x
|raw|Ladder updating...
|leave|Steez Ibanez
|player|p2
|raw|poek69x's rating: 1587 &rarr; <strong>1610<\/strong><br \/>(+23 for winning)
|raw|Steez Ibanez's rating: 1624 &rarr; <strong>1602<\/strong><br \/>(-22 for losing)