|join|LT3R Gizmo
|join|Steez Ibanez
|player|p1|LT3R Gizmo|126
|player|p2|Steez Ibanez|25
|gametype|singles
|gen|6
|tier|OU
|rated
|clearpoke
|poke|p1|Charizard, M, shiny
|poke|p1|Suicune, shiny
|poke|p1|Raikou, shiny
|poke|p1|Jirachi, shiny
|poke|p1|Latios, M, shiny
|poke|p1|Landorus-Therian, M, shiny
|poke|p2|Hydreigon, M
|poke|p2|Azumarill, M
|poke|p2|Scizor, M
|poke|p2|Landorus-Therian, M
|poke|p2|Magnezone
|poke|p2|Latios, M
|rule|Swagger Clause: Swagger is banned
|rule|Baton Pass Clause: Limit one PokÃ©mon knowing Baton Pass
|rule|Sleep Clause Mod: Limit one foe put to sleep
|rule|Species Clause: Limit one of each PokÃ©mon
|rule|OHKO Clause: OHKO moves are banned
|rule|Moody Clause: Moody is banned
|rule|Evasion Moves Clause: Evasion moves are banned
|rule|Endless Battle Clause: Forcing endless battles is banned
|rule|HP Percentage Mod: HP is shown in percentages
|teampreview
|join|Cienight
|
|start
|switch|p1a: True Legend|Charizard, M, shiny|307\/307
|switch|p2a: Shukaku|Landorus-Therian, M|381\/381
|-ability|p2a: Shukaku|Intimidate|[of] p1a: True Legend
|-unboost|p1a: True Legend|atk|1
|turn|1
|join|LT3B Clone
|
|switch|p1a: Hmm?|Suicune, shiny|404\/404
|-ability|p1a: Hmm?|Pressure
|switch|p2a: Nuke|Azumarill, M|345\/345
|
|turn|2
|
|move|p1a: Hmm?|Scald|p2a: Nuke
|-resisted|p2a: Nuke
|-damage|p2a: Nuke|318\/345
|-status|p2a: Nuke|brn
|move|p2a: Nuke|Knock Off|p1a: Hmm?
|-damage|p1a: Hmm?|354\/404
|-enditem|p1a: Hmm?|Leftovers|[from] move: Knock Off|[of] p2a: Nuke
|
|-damage|p2a: Nuke|275\/345 brn|[from] brn
|turn|3
|
|switch|p2a: Killuminati|Latios, M|302\/302
|move|p1a: Hmm?|Calm Mind|p1a: Hmm?
|-boost|p1a: Hmm?|spa|1
|-boost|p1a: Hmm?|spd|1
|
|turn|4
|
|move|p2a: Killuminati|Psyshock|p1a: Hmm?
|-damage|p1a: Hmm?|237\/404
|-damage|p2a: Killuminati|272\/302|[from] item: Life Orb
|move|p1a: Hmm?|Calm Mind|p1a: Hmm?
|-boost|p1a: Hmm?|spa|1
|-boost|p1a: Hmm?|spd|1
|
|turn|5
|
|move|p2a: Killuminati|Psyshock|p1a: Hmm?
|-damage|p1a: Hmm?|115\/404
|-damage|p2a: Killuminati|242\/302|[from] item: Life Orb
|move|p1a: Hmm?|Rest|p1a: Hmm?
|-status|p1a: Hmm?|slp
|-heal|p1a: Hmm?|404\/404 slp|[silent]
|-status|p1a: Hmm?|slp|[from] move: Rest
|
|turn|6
|
|switch|p2a: MAG|Magnezone|281\/281
|cant|p1a: Hmm?|slp
|move|p1a: Hmm?|Sleep Talk|p1a: Hmm?
|move|p1a: Hmm?|Calm Mind|p1a: Hmm?|[from]Sleep Talk
|-boost|p1a: Hmm?|spa|1
|-boost|p1a: Hmm?|spd|1
|
|turn|7
|
|move|p2a: MAG|Thunderbolt|p1a: Hmm?
|-supereffective|p1a: Hmm?
|-damage|p1a: Hmm?|290\/404 slp
|cant|p1a: Hmm?|slp
|move|p1a: Hmm?|Sleep Talk|p1a: Hmm?
|move|p1a: Hmm?|Scald|p2a: MAG|[from]Sleep Talk
|-damage|p2a: MAG|49\/281
|
|turn|8
|
|move|p2a: MAG|Thunderbolt|p1a: Hmm?
|-supereffective|p1a: Hmm?
|-damage|p1a: Hmm?|174\/404 slp
|-curestatus|p1a: Hmm?|slp
|move|p1a: Hmm?|Calm Mind|p1a: Hmm?
|-boost|p1a: Hmm?|spa|1
|-boost|p1a: Hmm?|spd|1
|
|turn|9
|
|move|p2a: MAG|Thunderbolt|p1a: Hmm?
|-supereffective|p1a: Hmm?
|-damage|p1a: Hmm?|70\/404
|-status|p1a: Hmm?|par
|move|p1a: Hmm?|Rest|p1a: Hmm?
|-status|p1a: Hmm?|slp
|-heal|p1a: Hmm?|404\/404 slp|[silent]
|-status|p1a: Hmm?|slp|[from] move: Rest
|
|turn|10
|-message|Steez Ibanez forfeited.
|
|win|LT3R Gizmo
|raw|Ladder updating...
|leave|Steez Ibanez
|player|p2
|raw|LT3R Gizmo's rating: 1629 &rarr; <strong>1657<\/strong><br \/>(+28 for winning)
|raw|Steez Ibanez's rating: 1780 &rarr; <strong>1752<\/strong><br \/>(-28 for losing)
|c|âLT3R Gizmo| \/rank
|c|âLT3R Gizmo|holy shit
|c|âLT3R Gizmo|that's what happens when i fuk around too much