|join|vv_That?
|join|Steez Ibanez
|player|p1|vv_That?|186
|player|p2|Steez Ibanez|290
|gametype|singles
|gen|6
|tier|OU
|rated
|clearpoke
|poke|p1|Mamoswine, M
|poke|p1|Manectric, M
|poke|p1|Azumarill, M
|poke|p1|Espeon, M
|poke|p1|Excadrill, M
|poke|p1|Salamence, F
|poke|p2|Gengar, M
|poke|p2|Ferrothorn, M
|poke|p2|Azumarill, M
|poke|p2|Charizard, M
|poke|p2|Excadrill, M
|poke|p2|Mew
|rule|Swagger Clause: Swagger is banned
|rule|Baton Pass Clause: Limit one PokÃ©mon knowing Baton Pass
|rule|Sleep Clause Mod: Limit one foe put to sleep
|rule|Species Clause: Limit one of each PokÃ©mon
|rule|OHKO Clause: OHKO moves are banned
|rule|Moody Clause: Moody is banned
|rule|Evasion Moves Clause: Evasion moves are banned
|rule|Endless Battle Clause: Forcing endless battles is banned
|rule|HP Percentage Mod: HP is shown in percentages
|teampreview
|
|start
|switch|p1a: Azumarill|Azumarill, M|404\/404
|switch|p2a: OG|Mew|403\/403
|turn|1
|
|switch|p2a: Racks|Ferrothorn, M|351\/351
|move|p1a: Azumarill|Knock Off|p2a: Racks
|-damage|p2a: Racks|207\/351
|-damage|p1a: Azumarill|354\/404|[from] ability: Iron Barbs|[of] p2a: Racks
|-enditem|p2a: Racks|Shed Shell|[from] move: Knock Off|[of] p1a: Azumarill
|
|turn|2
|
|switch|p1a: Salamence|Salamence, F|352\/352
|-ability|p1a: Salamence|Intimidate|[of] p2a: Racks
|-unboost|p2a: Racks|atk|1
|move|p2a: Racks|Leech Seed|p1a: Salamence
|-start|p1a: Salamence|move: Leech Seed
|
|-damage|p1a: Salamence|308\/352|[from] Leech Seed|[of] p2a: Racks
|-heal|p2a: Racks|251\/351|[silent]
|turn|3
|
|move|p1a: Salamence|Fire Blast|p2a: Racks
|-supereffective|p2a: Racks
|-damage|p2a: Racks|0 fnt
|faint|p2a: Racks
|
|
|switch|p2a: Nuke|Azumarill, M|345\/345
|turn|4
|
|switch|p1a: Excadrill|Excadrill, M|361\/361
|-ability|p1a: Excadrill|Mold Breaker
|-item|p1a: Excadrill|Air Balloon
|move|p2a: Nuke|Play Rough|p1a: Excadrill
|-resisted|p1a: Excadrill
|-damage|p1a: Excadrill|227\/361
|-enditem|p1a: Excadrill|Air Balloon
|
|turn|5
|
|move|p2a: Nuke|Aqua Jet|p1a: Excadrill
|-supereffective|p1a: Excadrill
|-damage|p1a: Excadrill|0 fnt
|faint|p1a: Excadrill
|
|
|switch|p1a: Manectric|Manectric, M|281\/281
|turn|6
|
|switch|p2a: Shock Wave|Excadrill, M|361\/361
|-ability|p2a: Shock Wave|Mold Breaker
|-item|p2a: Shock Wave|Air Balloon
|detailschange|p1a: Manectric|Manectric-Mega, M
|message|Manectric has Mega Evolved into Mega Manectric!
|-ability|p1a: Manectric|Intimidate|[of] p2a: Shock Wave
|-unboost|p2a: Shock Wave|atk|1
|move|p1a: Manectric|Volt Switch|p2a: Shock Wave
|-immune|p2a: Shock Wave|[msg]
|
|turn|7
|
|switch|p2a: OG|Mew|403\/403
|move|p1a: Manectric|Flamethrower|p2a: OG
|-crit|p2a: OG
|-damage|p2a: OG|276\/403
|
|-heal|p2a: OG|301\/403|[from] item: Leftovers
|turn|8
|
|move|p1a: Manectric|Thunderbolt|p2a: OG
|-damage|p2a: OG|177\/403
|move|p2a: OG|Will-O-Wisp|p1a: Manectric
|-status|p1a: Manectric|brn
|
|-heal|p2a: OG|202\/403|[from] item: Leftovers
|-damage|p1a: Manectric|246\/281 brn|[from] brn
|turn|9
|
|move|p1a: Manectric|Volt Switch|p2a: OG
|-damage|p2a: OG|102\/403
|
|switch|p1a: Espeon|Espeon, M|272\/272
|move|p2a: OG|Soft-Boiled|p2a: OG
|-heal|p2a: OG|304\/403
|
|-heal|p2a: OG|329\/403|[from] item: Leftovers
|turn|10
|
|switch|p2a: Nuke|Azumarill, M|345\/345
|move|p1a: Espeon|Shadow Ball|p2a: Nuke
|-damage|p2a: Nuke|270\/345
|-damage|p1a: Espeon|245\/272|[from] item: Life Orb
|
|turn|11
|
|switch|p1a: Salamence|Salamence, F|308\/352
|-ability|p1a: Salamence|Intimidate|[of] p2a: Nuke
|-unboost|p2a: Nuke|atk|1
|move|p2a: Nuke|Knock Off|p1a: Salamence
|-damage|p1a: Salamence|198\/352
|-damage|p2a: Nuke|213\/345|[from] item: Rocky Helmet|[of] p1a: Salamence
|-enditem|p1a: Salamence|Rocky Helmet|[from] move: Knock Off|[of] p2a: Nuke
|
|turn|12
|
|switch|p2a: Zetsu|Gengar, M|260\/260
|move|p1a: Salamence|Roost|p1a: Salamence
|-heal|p1a: Salamence|352\/352
|
|turn|13
|
|move|p2a: Zetsu|Sludge Wave|p1a: Salamence
|-crit|p1a: Salamence
|-damage|p1a: Salamence|0 fnt
|-damage|p2a: Zetsu|234\/260|[from] item: Life Orb
|faint|p1a: Salamence
|
|
|switch|p1a: Espeon|Espeon, M|245\/272
|turn|14
|
|move|p2a: Zetsu|Shadow Ball|p1a: Espeon
|-supereffective|p1a: Espeon
|-damage|p1a: Espeon|0 fnt
|-damage|p2a: Zetsu|208\/260|[from] item: Life Orb
|faint|p1a: Espeon
|
|
|switch|p1a: Manectric|Manectric-Mega, M|246\/281 brn
|-ability|p1a: Manectric|Intimidate|[of] p2a: Zetsu
|-unboost|p2a: Zetsu|atk|1
|turn|15
|
|switch|p2a: OG|Mew|329\/403
|move|p1a: Manectric|Thunderbolt|p2a: OG
|-damage|p2a: OG|194\/403
|
|-heal|p2a: OG|219\/403|[from] item: Leftovers
|-damage|p1a: Manectric|211\/281 brn|[from] brn
|turn|16
|
|move|p1a: Manectric|Volt Switch|p2a: OG
|-damage|p2a: OG|117\/403
|
|switch|p1a: Azumarill|Azumarill, M|354\/404
|move|p2a: OG|Stealth Rock|p1a: Azumarill
|-sidestart|p1: vv_That?|move: Stealth Rock
|
|-heal|p2a: OG|142\/403|[from] item: Leftovers
|turn|17
|
|move|p2a: OG|Will-O-Wisp|p1a: Azumarill
|-status|p1a: Azumarill|brn
|move|p1a: Azumarill|Aqua Tail|p2a: OG
|-damage|p2a: OG|6\/403
|
|-heal|p2a: OG|31\/403|[from] item: Leftovers
|-damage|p1a: Azumarill|304\/404 brn|[from] brn
|turn|18
|-message|vv_That? forfeited.
|
|win|Steez Ibanez
|raw|Ladder updating...
|raw|vv_That?'s rating: 1755 &rarr; <strong>1733<\/strong><br \/>(-22 for losing)
|raw|Steez Ibanez's rating: 1715 &rarr; <strong>1737<\/strong><br \/>(+22 for winning)
|leave|vv_That?
|player|p1