|join|Tom Durrrrr
|join|Steez Ibanez
|player|p1|Tom Durrrrr|126
|player|p2|Steez Ibanez|25
|gametype|singles
|gen|6
|tier|OU
|rated
|clearpoke
|poke|p1|Gardevoir, M
|poke|p1|Slowbro, F
|poke|p1|Conkeldurr, M
|poke|p1|Zapdos
|poke|p1|Greninja, M
|poke|p1|Terrakion
|poke|p2|Latios, M
|poke|p2|Keldeo
|poke|p2|Excadrill, M
|poke|p2|Heatran, M
|poke|p2|Venusaur, M
|poke|p2|Thundurus, M
|rule|Swagger Clause: Swagger is banned
|rule|Baton Pass Clause: Limit one PokÃ©mon knowing Baton Pass
|rule|Sleep Clause Mod: Limit one foe put to sleep
|rule|Species Clause: Limit one of each PokÃ©mon
|rule|OHKO Clause: OHKO moves are banned
|rule|Moody Clause: Moody is banned
|rule|Evasion Moves Clause: Evasion moves are banned
|rule|Endless Battle Clause: Forcing endless battles is banned
|rule|HP Percentage Mod: HP is shown in percentages
|teampreview
|
|start
|switch|p1a: Terrakion|Terrakion|323\/323
|switch|p2a: Nimbus|Thundurus, M|299\/299
|turn|1
|
|move|p2a: Nimbus|Thunderbolt|p1a: Terrakion
|-damage|p1a: Terrakion|99\/323
|-damage|p2a: Nimbus|270\/299|[from] item: Life Orb
|move|p1a: Terrakion|Stone Edge|p2a: Nimbus
|-crit|p2a: Nimbus
|-supereffective|p2a: Nimbus
|-damage|p2a: Nimbus|0 fnt
|faint|p2a: Nimbus
|
|
|switch|p2a: Killuminati|Latios, M|302\/302
|turn|2
|
|switch|p1a: Gardevoir|Gardevoir, M|340\/340
|-ability|p1a: Gardevoir|Levitate|[from] ability: Trace|[of] p2a: Killuminati
|move|p2a: Killuminati|Thunderbolt|p1a: Gardevoir
|-damage|p1a: Gardevoir|224\/340
|-damage|p2a: Killuminati|272\/302|[from] item: Life Orb
|
|turn|3
|
|switch|p2a: Shock Wave|Excadrill, M|361\/361
|-ability|p2a: Shock Wave|Mold Breaker
|detailschange|p1a: Gardevoir|Gardevoir-Mega, M
|message|Gardevoir has Mega Evolved into Mega Gardevoir!
|move|p1a: Gardevoir|Wish|p1a: Gardevoir
|
|turn|4
|
|move|p1a: Gardevoir|Protect|p1a: Gardevoir
|-singleturn|p1a: Gardevoir|Protect
|move|p2a: Shock Wave|Earthquake|p1a: Gardevoir
|-activate|p1a: Gardevoir|Protect
|
|-heal|p1a: Gardevoir|340\/340|[from] move: Wish|[wisher] Gardevoir
|turn|5
|
|switch|p1a: Slowbro|Slowbro, F|394\/394
|move|p2a: Shock Wave|Earthquake|p1a: Slowbro
|-damage|p1a: Slowbro|267\/394
|
|turn|6
|
|switch|p2a: Killuminati|Latios, M|272\/302
|move|p1a: Slowbro|Scald|p2a: Killuminati
|-resisted|p2a: Killuminati
|-damage|p2a: Killuminati|229\/302
|
|turn|7
|
|switch|p1a: Gardevoir|Gardevoir-Mega, M|340\/340
|move|p2a: Killuminati|Thunderbolt|p1a: Gardevoir
|-damage|p1a: Gardevoir|237\/340
|-damage|p2a: Killuminati|199\/302|[from] item: Life Orb
|
|turn|8
|
|switch|p2a: 420|Venusaur, M|363\/363
|switch|p1a: Conkeldurr|Conkeldurr, M|414\/414
|
|turn|9
|
|detailschange|p2a: 420|Venusaur-Mega, M
|message|Venusaur has Mega Evolved into Mega Venusaur!
|move|p2a: 420|Leech Seed|p1a: Conkeldurr
|-start|p1a: Conkeldurr|move: Leech Seed
|move|p1a: Conkeldurr|Knock Off|p2a: 420
|-damage|p2a: 420|304\/363
|
|-damage|p1a: Conkeldurr|363\/414|[from] Leech Seed|[of] p2a: 420
|-heal|p2a: 420|355\/363|[silent]
|turn|10
|
|switch|p1a: Zapdos|Zapdos|384\/384
|-ability|p1a: Zapdos|Pressure
|move|p2a: 420|Sludge Bomb|p1a: Zapdos
|-damage|p1a: Zapdos|281\/384
|-status|p1a: Zapdos|psn
|
|-heal|p1a: Zapdos|305\/384 psn|[from] item: Leftovers
|-damage|p1a: Zapdos|257\/384 psn|[from] psn
|turn|11
|-message|Tom Durrrrr forfeited.
|
|win|Steez Ibanez
|raw|Ladder updating...
|leave|Tom Durrrrr
|player|p1
|raw|Tom Durrrrr's rating: 1631 &rarr; <strong>1613<\/strong><br \/>(-18 for losing)
|raw|Steez Ibanez's rating: 1676 &rarr; <strong>1693<\/strong><br \/>(+17 for winning)