|join|dont know why
|join|Steez Ibanez
|player|p1|dont know why|167
|player|p2|Steez Ibanez|290
|gametype|singles
|gen|6
|tier|OU
|rated
|clearpoke
|poke|p1|Altaria, M
|poke|p1|Keldeo
|poke|p1|Jirachi
|poke|p1|Landorus-Therian, M
|poke|p1|Talonflame, F
|poke|p1|Latios, M
|poke|p2|Gyarados, M
|poke|p2|Magnezone
|poke|p2|Talonflame, M
|poke|p2|Garchomp, M
|poke|p2|Gengar, M
|poke|p2|Ferrothorn, M
|rule|Swagger Clause: Swagger is banned
|rule|Baton Pass Clause: Limit one PokÃ©mon knowing Baton Pass
|rule|Sleep Clause Mod: Limit one foe put to sleep
|rule|Species Clause: Limit one of each PokÃ©mon
|rule|OHKO Clause: OHKO moves are banned
|rule|Moody Clause: Moody is banned
|rule|Evasion Moves Clause: Evasion moves are banned
|rule|Endless Battle Clause: Forcing endless battles is banned
|rule|HP Percentage Mod: HP is shown in percentages
|teampreview
|
|start
|switch|p1a: Landorus-Therian|Landorus-Therian, M|381\/381
|switch|p2a: Yeezy|Ferrothorn, M|351\/351
|-ability|p1a: Landorus-Therian|Intimidate|[of] p2a: Yeezy
|-unboost|p2a: Yeezy|atk|1
|turn|1
|
|move|p1a: Landorus-Therian|Stealth Rock|p2a: Yeezy
|-sidestart|p2: Steez Ibanez|move: Stealth Rock
|move|p2a: Yeezy|Spikes|p1a: Landorus-Therian
|-sidestart|p1: dont know why|Spikes
|
|turn|2
|
|move|p1a: Landorus-Therian|Earthquake|p2a: Yeezy
|-damage|p2a: Yeezy|251\/351
|move|p2a: Yeezy|Thunder Wave|p1a: Landorus-Therian
|-immune|p1a: Landorus-Therian|[msg]
|
|turn|3
|
|move|p1a: Landorus-Therian|U-turn|p2a: Yeezy
|-damage|p2a: Yeezy|198\/351
|-damage|p1a: Landorus-Therian|334\/381|[from] ability: Iron Barbs|[of] p2a: Yeezy
|
|switch|p1a: Jirachi|Jirachi|404\/404
|-damage|p1a: Jirachi|354\/404|[from] Spikes
|move|p2a: Yeezy|Leech Seed|p1a: Jirachi
|-start|p1a: Jirachi|move: Leech Seed
|
|-heal|p1a: Jirachi|379\/404|[from] item: Leftovers
|-damage|p1a: Jirachi|329\/404|[from] Leech Seed|[of] p2a: Yeezy
|-heal|p2a: Yeezy|248\/351|[silent]
|turn|4
|
|move|p1a: Jirachi|Fire Punch|p2a: Yeezy
|-supereffective|p2a: Yeezy
|-damage|p2a: Yeezy|88\/351
|-damage|p1a: Jirachi|279\/404|[from] ability: Iron Barbs|[of] p2a: Yeezy
|move|p2a: Yeezy|Spikes|p1a: Jirachi
|-sidestart|p1: dont know why|Spikes
|
|-heal|p1a: Jirachi|304\/404|[from] item: Leftovers
|-damage|p1a: Jirachi|254\/404|[from] Leech Seed|[of] p2a: Yeezy
|-heal|p2a: Yeezy|138\/351|[silent]
|turn|5
|
|switch|p1a: Talonflame|Talonflame, F|309\/309
|move|p2a: Yeezy|Thunder Wave|p1a: Talonflame
|-status|p1a: Talonflame|par
|
|turn|6
|
|move|p1a: Talonflame|Brave Bird|p2a: Yeezy
|-damage|p2a: Yeezy|0 fnt
|-damage|p1a: Talonflame|271\/309 par|[from] ability: Iron Barbs|[of] p2a: Yeezy
|-damage|p1a: Talonflame|225\/309 par|[from] recoil|[of] p2a: Yeezy
|faint|p2a: Yeezy
|
|
|switch|p2a: Janemba|Garchomp, M|357\/357
|-damage|p2a: Janemba|335\/357|[from] Stealth Rock
|turn|7
|
|switch|p1a: Landorus-Therian|Landorus-Therian, M|334\/381
|-ability|p1a: Landorus-Therian|Intimidate|[of] p2a: Janemba
|-unboost|p2a: Janemba|atk|1
|move|p2a: Janemba|Dragon Claw|p1a: Landorus-Therian
|-damage|p1a: Landorus-Therian|267\/381
|
|-heal|p1a: Landorus-Therian|290\/381|[from] item: Leftovers
|turn|8
|
|move|p2a: Janemba|Stealth Rock|p1a: Landorus-Therian
|-sidestart|p1: dont know why|move: Stealth Rock
|move|p1a: Landorus-Therian|U-turn|p2a: Janemba
|-damage|p2a: Janemba|258\/357
|-damage|p1a: Landorus-Therian|243\/381|[from] ability: Rough Skin|[of] p2a: Janemba
|
|switch|p1a: Altaria|Altaria, M|291\/291
|-damage|p1a: Altaria|219\/291|[from] Stealth Rock
|
|turn|9
|
|detailschange|p1a: Altaria|Altaria-Mega, M
|-mega|p1a: Altaria|Altaria|Altarianite
|move|p2a: Janemba|Earthquake|p1a: Altaria
|-damage|p1a: Altaria|105\/291
|move|p1a: Altaria|Dragon Dance|p1a: Altaria
|-boost|p1a: Altaria|atk|1
|-boost|p1a: Altaria|spe|1
|
|turn|10
|
|move|p1a: Altaria|Return|p2a: Janemba
|-crit|p2a: Janemba
|-supereffective|p2a: Janemba
|-damage|p2a: Janemba|0 fnt
|-damage|p1a: Altaria|69\/291|[from] ability: Rough Skin|[of] p2a: Janemba
|faint|p2a: Janemba
|
|
|switch|p2a: Phoenix|Talonflame, M|359\/359
|-damage|p2a: Phoenix|180\/359|[from] Stealth Rock
|turn|11
|
|switch|p1a: Landorus-Therian|Landorus-Therian, M|243\/381
|-damage|p1a: Landorus-Therian|196\/381|[from] Stealth Rock
|-ability|p1a: Landorus-Therian|Intimidate|[of] p2a: Phoenix
|-unboost|p2a: Phoenix|atk|1
|move|p2a: Phoenix|Brave Bird|p1a: Landorus-Therian
|-damage|p1a: Landorus-Therian|132\/381
|-damage|p2a: Phoenix|159\/359|[from] recoil|[of] p1a: Landorus-Therian
|
|-heal|p2a: Phoenix|181\/359|[from] item: Leftovers
|-heal|p1a: Landorus-Therian|155\/381|[from] item: Leftovers
|turn|12
|
|move|p2a: Phoenix|Will-O-Wisp|p1a: Landorus-Therian
|-status|p1a: Landorus-Therian|brn
|move|p1a: Landorus-Therian|Stone Edge|p2a: Phoenix
|-supereffective|p2a: Phoenix
|-damage|p2a: Phoenix|0 fnt
|faint|p2a: Phoenix
|
|-heal|p1a: Landorus-Therian|178\/381 brn|[from] item: Leftovers
|-damage|p1a: Landorus-Therian|131\/381 brn|[from] brn
|
|switch|p2a: Leviathan|Gyarados, M|331\/331
|-damage|p2a: Leviathan|249\/331|[from] Stealth Rock
|-ability|p2a: Leviathan|Intimidate|[of] p1a: Landorus-Therian
|-unboost|p1a: Landorus-Therian|atk|1
|turn|13
|
|detailschange|p2a: Leviathan|Gyarados-Mega, M
|-mega|p2a: Leviathan|Gyarados|Gyaradosite
|-ability|p2a: Leviathan|Mold Breaker
|move|p2a: Leviathan|Dragon Dance|p2a: Leviathan
|-boost|p2a: Leviathan|atk|1
|-boost|p2a: Leviathan|spe|1
|move|p1a: Landorus-Therian|U-turn|p2a: Leviathan
|-supereffective|p2a: Leviathan
|-damage|p2a: Leviathan|199\/331
|
|switch|p1a: Keldeo|Keldeo|323\/323
|-damage|p1a: Keldeo|270\/323|[from] Spikes
|-damage|p1a: Keldeo|250\/323|[from] Stealth Rock
|
|-heal|p1a: Keldeo|270\/323|[from] item: Leftovers
|turn|14
|
|move|p2a: Leviathan|Waterfall|p1a: Keldeo
|-resisted|p1a: Keldeo
|-damage|p1a: Keldeo|114\/323
|move|p1a: Keldeo|Secret Sword|p2a: Leviathan
|-supereffective|p2a: Leviathan
|-damage|p2a: Leviathan|0 fnt
|faint|p2a: Leviathan
|
|-heal|p1a: Keldeo|134\/323|[from] item: Leftovers
|
|switch|p2a: Zetsu|Gengar, M|261\/261
|-damage|p2a: Zetsu|229\/261|[from] Stealth Rock
|turn|15
|
|move|p2a: Zetsu|Shadow Ball|p1a: Keldeo
|-damage|p1a: Keldeo|0 fnt
|-damage|p2a: Zetsu|203\/261|[from] item: Life Orb
|faint|p1a: Keldeo
|
|
|switch|p1a: Latios|Latios, M|301\/301
|-damage|p1a: Latios|264\/301|[from] Stealth Rock
|turn|16
|
|switch|p2a: MAG|Magnezone|281\/281
|-damage|p2a: MAG|264\/281|[from] Stealth Rock
|move|p1a: Latios|Psyshock|p2a: MAG
|-resisted|p2a: MAG
|-damage|p2a: MAG|182\/281
|-damage|p1a: Latios|234\/301|[from] item: Life Orb
|
|turn|17
|
|move|p1a: Latios|Defog|p2a: MAG
|-unboost|p2a: MAG|evasion|1
|-sideend|p2: Steez Ibanez|Stealth Rock|[from] move: Defog|[of] p2a: MAG
|-sideend|p1: dont know why|Spikes|[from] move: Defog|[of] p1a: Latios
|-sideend|p1: dont know why|Stealth Rock|[from] move: Defog|[of] p1a: Latios
|move|p2a: MAG|Flash Cannon|p1a: Latios
|-damage|p1a: Latios|29\/301
|
|turn|18
|
|move|p1a: Latios|Roost|p1a: Latios
|-heal|p1a: Latios|180\/301
|move|p2a: MAG|Flash Cannon|p1a: Latios
|-damage|p1a: Latios|0 fnt
|faint|p1a: Latios
|
|c|âdont know why|misclick
|c|âSteez Ibanez|i had stayed in for the speed tie
|c|âSteez Ibanez|and it made me switch
|
|switch|p1a: Altaria|Altaria-Mega, M|69\/291
|turn|19
|
|switch|p2a: Zetsu|Gengar, M|203\/261
|move|p1a: Altaria|Earthquake|p2a: Zetsu
|-immune|p2a: Zetsu|[msg]
|
|turn|20
|
|move|p2a: Zetsu|Sludge Wave|p1a: Altaria
|-supereffective|p1a: Altaria
|-damage|p1a: Altaria|0 fnt
|-damage|p2a: Zetsu|177\/261|[from] item: Life Orb
|faint|p1a: Altaria
|
|
|switch|p1a: Talonflame|Talonflame, F|225\/309 par
|turn|21
|
|switch|p2a: MAG|Magnezone|182\/281
|move|p1a: Talonflame|Tailwind|p1a: Talonflame
|-sidestart|p1: dont know why|move: Tailwind
|
|turn|22
|c|âSteez Ibanez|awww
|
|switch|p1a: Landorus-Therian|Landorus-Therian, M|131\/381 brn
|-ability|p1a: Landorus-Therian|Intimidate|[of] p2a: MAG
|-unboost|p2a: MAG|atk|1
|move|p2a: MAG|Flash Cannon|p1a: Landorus-Therian
|-damage|p1a: Landorus-Therian|0 fnt
|faint|p1a: Landorus-Therian
|
|c|âdont know why|wtf
|c|âdont know why|i pressed rachi
|
|switch|p1a: Jirachi|Jirachi|254\/404
|turn|23
|
|move|p1a: Jirachi|Wish|p1a: Jirachi
|move|p2a: MAG|Flash Cannon|p1a: Jirachi
|-resisted|p1a: Jirachi
|-damage|p1a: Jirachi|168\/404
|
|-heal|p1a: Jirachi|193\/404|[from] item: Leftovers
|turn|24
|
|move|p1a: Jirachi|Fire Punch|p2a: MAG
|-supereffective|p2a: MAG
|-damage|p2a: MAG|82\/281
|move|p2a: MAG|Flash Cannon|p1a: Jirachi
|-resisted|p1a: Jirachi
|-damage|p1a: Jirachi|109\/404
|
|-heal|p1a: Jirachi|311\/404|[from] move: Wish|[wisher] Jirachi
|-heal|p1a: Jirachi|336\/404|[from] item: Leftovers
|-sideend|p1: dont know why|move: Tailwind
|turn|25
|
|move|p1a: Jirachi|Fire Punch|p2a: MAG
|-supereffective|p2a: MAG
|-damage|p2a: MAG|0 fnt
|faint|p2a: MAG
|
|-heal|p1a: Jirachi|361\/404|[from] item: Leftovers
|
|switch|p2a: Zetsu|Gengar, M|177\/261
|turn|26
|
|move|p2a: Zetsu|Shadow Ball|p1a: Jirachi
|-supereffective|p1a: Jirachi
|-damage|p1a: Jirachi|80\/404
|-damage|p2a: Zetsu|151\/261|[from] item: Life Orb
|move|p1a: Jirachi|Iron Head|p2a: Zetsu
|-damage|p2a: Zetsu|9\/261
|
|-heal|p1a: Jirachi|105\/404|[from] item: Leftovers
|turn|27
|c|âSteez Ibanez|gg
|c|âdont know why|gg
|
|move|p2a: Zetsu|Shadow Ball|p1a: Jirachi
|-supereffective|p1a: Jirachi
|-damage|p1a: Jirachi|0 fnt
|-damage|p2a: Zetsu|0 fnt|[from] item: Life Orb
|faint|p1a: Jirachi
|faint|p2a: Zetsu
|
|win|dont know why
|raw|Ladder updating...
|raw|dont know why's rating: 1599 &rarr; <strong>1619<\/strong><br \/>(+20 for winning)
|raw|Steez Ibanez's rating: 1595 &rarr; <strong>1576<\/strong><br \/>(-19 for losing)
|leave|Steez Ibanez