|join|Steez Ibanez
|join|LT4M Skyark
|player|p1|Steez Ibanez|25
|player|p2|LT4M Skyark|1
|gametype|singles
|gen|6
|tier|OU
|rated
|clearpoke
|poke|p1|Manectric, M, shiny
|poke|p1|Landorus-Therian, M
|poke|p1|Latias, F
|poke|p1|Azumarill, M
|poke|p1|Kyurem-Black
|poke|p1|Scizor, M
|poke|p2|Pinsir, M
|poke|p2|Latios, M
|poke|p2|Landorus-Therian, M
|poke|p2|Lucario, F
|poke|p2|Raikou
|poke|p2|Greninja, M
|rule|Swagger Clause: Swagger is banned
|rule|Baton Pass Clause: Limit one PokÃ©mon knowing Baton Pass
|rule|Sleep Clause Mod: Limit one foe put to sleep
|rule|Species Clause: Limit one of each PokÃ©mon
|rule|OHKO Clause: OHKO moves are banned
|rule|Moody Clause: Moody is banned
|rule|Evasion Moves Clause: Evasion moves are banned
|rule|Endless Battle Clause: Forcing endless battles is banned
|rule|HP Percentage Mod: HP is shown in percentages
|teampreview
|
|start
|switch|p1a: Deadpool|Scizor, M|343\/343
|switch|p2a: Raikou|Raikou|322\/322
|-ability|p2a: Raikou|Pressure
|turn|1
|
|switch|p2a: Landorus-Therian|Landorus-Therian, M|381\/381
|-ability|p2a: Landorus-Therian|Intimidate|[of] p1a: Deadpool
|-unboost|p1a: Deadpool|atk|1
|move|p1a: Deadpool|U-turn|p2a: Landorus-Therian
|-resisted|p2a: Landorus-Therian
|-damage|p2a: Landorus-Therian|315\/381
|
|switch|p1a: Black Atom|Manectric, M, shiny|281\/281
|
|-heal|p2a: Landorus-Therian|338\/381|[from] item: Leftovers
|turn|2
|
|switch|p2a: Raikou|Raikou|322\/322
|-ability|p2a: Raikou|Pressure
|detailschange|p1a: Black Atom|Manectric-Mega, M, shiny
|message|Manectric has Mega Evolved into Mega Manectric!
|-ability|p1a: Black Atom|Intimidate|[of] p2a: Raikou
|-unboost|p2a: Raikou|atk|1
|move|p1a: Black Atom|Hidden Power|p2a: Raikou
|-damage|p2a: Raikou|246\/322
|
|-heal|p2a: Raikou|266\/322|[from] item: Leftovers
|turn|3
|
|move|p1a: Black Atom|Flamethrower|p2a: Raikou
|-damage|p2a: Raikou|158\/322
|move|p2a: Raikou|Thunderbolt|p1a: Black Atom
|-resisted|p1a: Black Atom
|-damage|p1a: Black Atom|188\/281
|
|-heal|p2a: Raikou|178\/322|[from] item: Leftovers
|turn|4
|
|move|p1a: Black Atom|Thunderbolt|p2a: Raikou
|-resisted|p2a: Raikou
|-damage|p2a: Raikou|93\/322
|move|p2a: Raikou|Extrasensory|p1a: Black Atom
|-damage|p1a: Black Atom|80\/281
|
|-heal|p2a: Raikou|113\/322|[from] item: Leftovers
|turn|5
|
|move|p1a: Black Atom|Volt Switch|p2a: Raikou
|-resisted|p2a: Raikou
|-damage|p2a: Raikou|49\/322
|
|switch|p1a: Deadpool|Scizor, M|343\/343
|move|p2a: Raikou|Extrasensory|p1a: Deadpool
|-resisted|p1a: Deadpool
|-damage|p1a: Deadpool|288\/343
|
|-heal|p2a: Raikou|69\/322|[from] item: Leftovers
|turn|6
|
|switch|p2a: Landorus-Therian|Landorus-Therian, M|338\/381
|-ability|p2a: Landorus-Therian|Intimidate|[of] p1a: Deadpool
|-unboost|p1a: Deadpool|atk|1
|move|p1a: Deadpool|U-turn|p2a: Landorus-Therian
|-resisted|p2a: Landorus-Therian
|-damage|p2a: Landorus-Therian|272\/381
|
|switch|p1a: Black Atom|Manectric-Mega, M, shiny|80\/281
|-ability|p1a: Black Atom|Intimidate|[of] p2a: Landorus-Therian
|-unboost|p2a: Landorus-Therian|atk|1
|
|-heal|p2a: Landorus-Therian|295\/381|[from] item: Leftovers
|turn|7
|
|switch|p2a: Latios|Latios, M|301\/301
|move|p1a: Black Atom|Hidden Power|p2a: Latios
|-supereffective|p2a: Latios
|-damage|p2a: Latios|165\/301
|
|turn|8
|
|move|p1a: Black Atom|Volt Switch|p2a: Latios
|-resisted|p2a: Latios
|-damage|p2a: Latios|108\/301
|
|switch|p1a: Deadpool|Scizor, M|288\/343
|move|p2a: Latios|Psyshock|p1a: Deadpool
|-resisted|p1a: Deadpool
|-damage|p1a: Deadpool|193\/343
|-damage|p2a: Latios|78\/301|[from] item: Life Orb
|
|turn|9
|
|switch|p2a: Landorus-Therian|Landorus-Therian, M|295\/381
|-ability|p2a: Landorus-Therian|Intimidate|[of] p1a: Deadpool
|-unboost|p1a: Deadpool|atk|1
|switch|p1a: Nuke|Azumarill, M|345\/345
|
|-heal|p2a: Landorus-Therian|318\/381|[from] item: Leftovers
|turn|10
|
|switch|p2a: Latios|Latios, M|78\/301
|move|p1a: Nuke|Waterfall|p2a: Latios
|-resisted|p2a: Latios
|-damage|p2a: Latios|0 fnt
|faint|p2a: Latios
|
|
|switch|p2a: Raikou|Raikou|69\/322
|-ability|p2a: Raikou|Pressure
|turn|11
|
|move|p1a: Nuke|Aqua Jet|p2a: Raikou
|-damage|p2a: Raikou|0 fnt
|faint|p2a: Raikou
|
|
|switch|p2a: Lucario|Lucario, F|281\/281
|turn|12
|
|move|p2a: Lucario|Iron Tail|p1a: Nuke
|-damage|p1a: Nuke|76\/345
|-damage|p2a: Lucario|253\/281|[from] item: Life Orb
|move|p1a: Nuke|Play Rough|p2a: Lucario
|-damage|p2a: Lucario|0 fnt
|faint|p2a: Lucario
|
|
|switch|p2a: Pinsir|Pinsir, M|271\/271
|turn|13
|
|detailschange|p2a: Pinsir|Pinsir-Mega, M
|message|Pinsir has Mega Evolved into Mega Pinsir!
|move|p2a: Pinsir|Quick Attack|p1a: Nuke
|-damage|p1a: Nuke|0 fnt
|faint|p1a: Nuke
|
|
|switch|p1a: Black Atom|Manectric-Mega, M, shiny|80\/281
|-ability|p1a: Black Atom|Intimidate|[of] p2a: Pinsir
|-unboost|p2a: Pinsir|atk|1
|turn|14
|
|switch|p2a: Landorus-Therian|Landorus-Therian, M|318\/381
|-ability|p2a: Landorus-Therian|Intimidate|[of] p1a: Black Atom
|-unboost|p1a: Black Atom|atk|1
|move|p1a: Black Atom|Thunderbolt|p2a: Landorus-Therian
|-immune|p2a: Landorus-Therian|[msg]
|
|-heal|p2a: Landorus-Therian|341\/381|[from] item: Leftovers
|turn|15
|
|switch|p2a: Pinsir|Pinsir-Mega, M|271\/271
|move|p1a: Black Atom|Hidden Power|p2a: Pinsir
|-supereffective|p2a: Pinsir
|-damage|p2a: Pinsir|119\/271
|
|turn|16
|
|switch|p1a: Deadpool|Scizor, M|193\/343
|move|p2a: Pinsir|Quick Attack|p1a: Deadpool
|-damage|p1a: Deadpool|78\/343
|
|turn|17
|
|switch|p1a: Shukaku|Landorus-Therian, M|381\/381
|-ability|p1a: Shukaku|Intimidate|[of] p2a: Pinsir
|-unboost|p2a: Pinsir|atk|1
|move|p2a: Pinsir|Quick Attack|p1a: Shukaku
|-damage|p1a: Shukaku|324\/381
|
|-heal|p1a: Shukaku|347\/381|[from] item: Leftovers
|turn|18
|
|switch|p2a: Landorus-Therian|Landorus-Therian, M|341\/381
|-ability|p2a: Landorus-Therian|Intimidate|[of] p1a: Shukaku
|-unboost|p1a: Shukaku|atk|1
|move|p1a: Shukaku|Stealth Rock|p2a: Landorus-Therian
|-sidestart|p2: LT4M Skyark|move: Stealth Rock
|
|-heal|p2a: Landorus-Therian|364\/381|[from] item: Leftovers
|-heal|p1a: Shukaku|370\/381|[from] item: Leftovers
|turn|19
|
|move|p2a: Landorus-Therian|Stealth Rock|p1a: Shukaku
|-sidestart|p1: Steez Ibanez|move: Stealth Rock
|move|p1a: Shukaku|U-turn|p2a: Landorus-Therian
|-resisted|p2a: Landorus-Therian
|-damage|p2a: Landorus-Therian|336\/381
|
|switch|p1a: Plague|Kyurem-Black|405\/405
|-damage|p1a: Plague|304\/405|[from] Stealth Rock
|-ability|p1a: Plague|Teravolt
|
|-heal|p1a: Plague|329\/405|[from] item: Leftovers
|-heal|p2a: Landorus-Therian|359\/381|[from] item: Leftovers
|turn|20
|
|move|p1a: Plague|Ice Beam|p2a: Landorus-Therian
|-supereffective|p2a: Landorus-Therian
|-damage|p2a: Landorus-Therian|0 fnt
|faint|p2a: Landorus-Therian
|
|-heal|p1a: Plague|354\/405|[from] item: Leftovers
|
|switch|p2a: Greninja|Greninja, M|285\/285
|-damage|p2a: Greninja|250\/285|[from] Stealth Rock
|turn|21
|c|âSteez Ibanez|gg
|c|âLT4M Skyark|gg
|
|move|p2a: Greninja|Dark Pulse|p1a: Plague
|-start|p2a: Greninja|typechange|Dark|[from] Protean
|-damage|p1a: Plague|185\/405
|-damage|p2a: Greninja|222\/285|[from] item: Life Orb
|move|p1a: Plague|Fusion Bolt|p2a: Greninja
|-damage|p2a: Greninja|52\/285
|
|-heal|p1a: Plague|210\/405|[from] item: Leftovers
|turn|22
|
|move|p2a: Greninja|Ice Beam|p1a: Plague
|-start|p2a: Greninja|typechange|Ice|[from] Protean
|-damage|p1a: Plague|19\/405
|-damage|p2a: Greninja|24\/285|[from] item: Life Orb
|move|p1a: Plague|Earth Power|p2a: Greninja
|-damage|p2a: Greninja|0 fnt
|faint|p2a: Greninja
|
|-heal|p1a: Plague|44\/405|[from] item: Leftovers
|
|switch|p2a: Pinsir|Pinsir-Mega, M|119\/271
|-damage|p2a: Pinsir|0 fnt|[from] Stealth Rock
|faint|p2a: Pinsir
|
|win|Steez Ibanez
|raw|Ladder updating...
|raw|Steez Ibanez's rating: 1666 &rarr; <strong>1683<\/strong><br \/>(+17 for winning)
|raw|LT4M Skyark's rating: 1610 &rarr; <strong>1593<\/strong><br \/>(-17 for losing)