|join|JuniChan
|join|Steez Ibanez
|player|p1|JuniChan|169
|player|p2|Steez Ibanez|25
|gametype|singles
|gen|6
|tier|OU
|rated
|clearpoke
|poke|p1|Barbaracle, F
|poke|p1|Volcarona, F
|poke|p1|Kyurem
|poke|p1|Breloom, F, shiny
|poke|p1|Blastoise, F
|poke|p1|Crobat, F
|poke|p2|Heracross, M
|poke|p2|Latias, F
|poke|p2|Greninja, M
|poke|p2|Landorus-Therian, M
|poke|p2|Raikou
|poke|p2|Heatran, M
|rule|Swagger Clause: Swagger is banned
|rule|Baton Pass Clause: Limit one PokÃ©mon knowing Baton Pass
|rule|Sleep Clause Mod: Limit one foe put to sleep
|rule|Species Clause: Limit one of each PokÃ©mon
|rule|OHKO Clause: OHKO moves are banned
|rule|Moody Clause: Moody is banned
|rule|Evasion Moves Clause: Evasion moves are banned
|rule|Endless Battle Clause: Forcing endless battles is banned
|rule|HP Percentage Mod: HP is shown in percentages
|teampreview
|
|start
|switch|p1a: Anastacia|Blastoise, F|362\/362
|switch|p2a: Kross|Heracross, M|309\/309
|turn|1
|
|switch|p2a: Siberia|Raikou|321\/321
|-ability|p2a: Siberia|Pressure
|switch|p1a: Britney Spears|Crobat, F|311\/311
|
|turn|2
|
|move|p1a: Britney Spears|Confuse Ray|p2a: Siberia
|-start|p2a: Siberia|confusion
|-activate|p2a: Siberia|confusion
|move|p2a: Siberia|Volt Switch|p1a: Britney Spears
|-supereffective|p1a: Britney Spears
|-damage|p1a: Britney Spears|39\/311
|
|switch|p2a: Shukaku|Landorus-Therian, M|320\/320
|-enditem|p1a: Britney Spears|Sitrus Berry|[eat]
|-heal|p1a: Britney Spears|116\/311|[from] item: Sitrus Berry
|-ability|p2a: Shukaku|Intimidate|[of] p1a: Britney Spears
|-unboost|p1a: Britney Spears|atk|1
|
|turn|3
|
|switch|p1a: Kylie Minogue|Kyurem|454\/454
|-ability|p1a: Kylie Minogue|Pressure
|move|p2a: Shukaku|Knock Off|p1a: Kylie Minogue
|-damage|p1a: Kylie Minogue|317\/454
|-enditem|p1a: Kylie Minogue|Weakness Policy|[from] move: Knock Off|[of] p2a: Shukaku
|
|turn|4
|
|switch|p2a: Siberia|Raikou|321\/321
|-ability|p2a: Siberia|Pressure
|move|p1a: Kylie Minogue|Ice Beam|p2a: Siberia
|-damage|p2a: Siberia|212\/321
|-status|p2a: Siberia|frz
|
|turn|5
|
|switch|p2a: Kuton|Heatran, M|326\/326
|-item|p2a: Kuton|Air Balloon
|move|p1a: Kylie Minogue|Earth Power|p2a: Kuton
|-immune|p2a: Kuton|[msg]
|
|turn|6
|
|move|p2a: Kuton|Fire Blast|p1a: Kylie Minogue
|-damage|p1a: Kylie Minogue|98\/454
|move|p1a: Kylie Minogue|Ice Beam|p2a: Kuton
|-resisted|p2a: Kuton
|-damage|p2a: Kuton|283\/326
|-enditem|p2a: Kuton|Air Balloon
|
|turn|7
|
|move|p2a: Kuton|Will-O-Wisp|p1a: Kylie Minogue
|-status|p1a: Kylie Minogue|brn
|move|p1a: Kylie Minogue|Earth Power|p2a: Kuton
|-crit|p2a: Kuton
|-supereffective|p2a: Kuton
|-damage|p2a: Kuton|0 fnt
|faint|p2a: Kuton
|
|-damage|p1a: Kylie Minogue|42\/454 brn|[from] brn
|
|switch|p2a: Shukaku|Landorus-Therian, M|320\/320
|-ability|p2a: Shukaku|Intimidate|[of] p1a: Kylie Minogue
|-unboost|p1a: Kylie Minogue|atk|1
|turn|8
|
|move|p2a: Shukaku|U-turn|p1a: Kylie Minogue
|-damage|p1a: Kylie Minogue|0 fnt
|faint|p1a: Kylie Minogue
|
|switch|p2a: Sage Mode|Greninja, M|286\/286
|
|
|switch|p1a: Gwen Stefani|Breloom, F, shiny|262\/262
|turn|9
|
|switch|p2a: Shukaku|Landorus-Therian, M|320\/320
|-ability|p2a: Shukaku|Intimidate|[of] p1a: Gwen Stefani
|-unboost|p1a: Gwen Stefani|atk|1
|move|p1a: Gwen Stefani|Mach Punch|p2a: Shukaku
|-resisted|p2a: Shukaku
|-damage|p2a: Shukaku|281\/320
|
|turn|10
|
|move|p2a: Shukaku|U-turn|p1a: Gwen Stefani
|-damage|p1a: Gwen Stefani|150\/262
|
|switch|p2a: Siberia|Raikou|212\/321 frz
|-ability|p2a: Siberia|Pressure
|move|p1a: Gwen Stefani|Spore|p2a: Siberia
|-fail|p2a: Siberia
|
|turn|11
|
|switch|p2a: Athena|Latias, F|301\/301
|move|p1a: Gwen Stefani|Swords Dance|p1a: Gwen Stefani
|-boost|p1a: Gwen Stefani|atk|2
|
|turn|12
|
|move|p1a: Gwen Stefani|Mach Punch|p2a: Athena
|-resisted|p2a: Athena
|-damage|p2a: Athena|216\/301
|move|p2a: Athena|Psyshock|p1a: Gwen Stefani
|-supereffective|p1a: Gwen Stefani
|-damage|p1a: Gwen Stefani|0 fnt
|-damage|p2a: Athena|186\/301|[from] item: Life Orb
|faint|p1a: Gwen Stefani
|
|
|switch|p1a: Beyonce|Volcarona, F|312\/312
|turn|13
|
|move|p2a: Athena|Draco Meteor|p1a: Beyonce
|-damage|p1a: Beyonce|34\/312
|-unboost|p2a: Athena|spa|2
|-damage|p2a: Athena|156\/301|[from] item: Life Orb
|move|p1a: Beyonce|Quiver Dance|p1a: Beyonce
|-boost|p1a: Beyonce|spa|1
|-boost|p1a: Beyonce|spd|1
|-boost|p1a: Beyonce|spe|1
|
|turn|14
|
|move|p1a: Beyonce|Bug Buzz|p2a: Athena
|-supereffective|p2a: Athena
|-damage|p2a: Athena|0 fnt
|faint|p2a: Athena
|
|
|switch|p2a: Shukaku|Landorus-Therian, M|281\/320
|-ability|p2a: Shukaku|Intimidate|[of] p1a: Beyonce
|-unboost|p1a: Beyonce|atk|1
|turn|15
|
|move|p2a: Shukaku|Knock Off|p1a: Beyonce
|-damage|p1a: Beyonce|0 fnt
|-enditem|p1a: Beyonce|Focus Sash|[from] move: Knock Off|[of] p2a: Shukaku
|faint|p1a: Beyonce
|
|
|switch|p1a: J-Lo|Barbaracle, F|286\/286
|turn|16
|
|move|p2a: Shukaku|Knock Off|p1a: J-Lo
|-damage|p1a: J-Lo|168\/286
|-enditem|p1a: J-Lo|Focus Sash|[from] move: Knock Off|[of] p2a: Shukaku
|move|p1a: J-Lo|Shell Smash|p1a: J-Lo
|-boost|p1a: J-Lo|atk|2
|-boost|p1a: J-Lo|spa|2
|-boost|p1a: J-Lo|spe|2
|-unboost|p1a: J-Lo|def|1
|-unboost|p1a: J-Lo|spd|1
|
|turn|17
|
|switch|p2a: Siberia|Raikou|212\/321 frz
|-ability|p2a: Siberia|Pressure
|move|p1a: J-Lo|Razor Shell|p2a: Siberia
|-damage|p2a: Siberia|0 fnt
|faint|p2a: Siberia
|
|
|switch|p2a: Shukaku|Landorus-Therian, M|281\/320
|-ability|p2a: Shukaku|Intimidate|[of] p1a: J-Lo
|-unboost|p1a: J-Lo|atk|1
|turn|18
|
|switch|p2a: Sage Mode|Greninja, M|286\/286
|move|p1a: J-Lo|Razor Shell|p2a: Sage Mode
|-resisted|p2a: Sage Mode
|-damage|p2a: Sage Mode|124\/286
|-unboost|p2a: Sage Mode|def|1
|
|turn|19
|
|move|p1a: J-Lo|Shell Smash|p1a: J-Lo
|-boost|p1a: J-Lo|atk|2
|-boost|p1a: J-Lo|spa|2
|-boost|p1a: J-Lo|spe|2
|-unboost|p1a: J-Lo|def|1
|-unboost|p1a: J-Lo|spd|1
|move|p2a: Sage Mode|Grass Knot|p1a: J-Lo
|-start|p2a: Sage Mode|typechange|Grass|[from] Protean
|-supereffective|p1a: J-Lo
|-damage|p1a: J-Lo|0 fnt
|-damage|p2a: Sage Mode|96\/286|[from] item: Life Orb
|faint|p1a: J-Lo
|
|
|switch|p1a: Britney Spears|Crobat, F|116\/311
|turn|20
|
|switch|p2a: Shukaku|Landorus-Therian, M|281\/320
|-ability|p2a: Shukaku|Intimidate|[of] p1a: Britney Spears
|-unboost|p1a: Britney Spears|atk|1
|move|p1a: Britney Spears|Acrobatics|p2a: Shukaku
|-damage|p2a: Shukaku|167\/320
|
|turn|21
|
|move|p2a: Shukaku|Stone Edge|p1a: Britney Spears
|-supereffective|p1a: Britney Spears
|-damage|p1a: Britney Spears|0 fnt
|faint|p1a: Britney Spears
|
|
|switch|p1a: Anastacia|Blastoise, F|362\/362
|turn|22
|
|switch|p2a: Sage Mode|Greninja, M|96\/286
|detailschange|p1a: Anastacia|Blastoise-Mega, F
|message|Blastoise has Mega Evolved into Mega Blastoise!
|move|p1a: Anastacia|Ice Beam|p2a: Sage Mode
|-crit|p2a: Sage Mode
|-resisted|p2a: Sage Mode
|-damage|p2a: Sage Mode|0 fnt
|faint|p2a: Sage Mode
|
|
|switch|p2a: Kross|Heracross, M|309\/309
|turn|23
|
|detailschange|p2a: Kross|Heracross-Mega, M
|message|Heracross has Mega Evolved into Mega Heracross!
|move|p2a: Kross|Close Combat|p1a: Anastacia
|-damage|p1a: Anastacia|92\/362
|-unboost|p2a: Kross|def|1
|-unboost|p2a: Kross|spd|1
|move|p1a: Anastacia|Water Pulse|p2a: Kross
|-damage|p2a: Kross|27\/309
|
|turn|24
|-message|JuniChan forfeited.
|
|win|Steez Ibanez
|raw|Ladder updating...
|leave|JuniChan
|player|p1