|join|Steez Ibanez
|join|Zabrael
|player|p1|Steez Ibanez|25
|player|p2|Zabrael|146
|gametype|singles
|gen|6
|tier|OU
|rated
|clearpoke
|poke|p1|Manectric, M, shiny
|poke|p1|Landorus-Therian, M
|poke|p1|Latias, F
|poke|p1|Azumarill, M
|poke|p1|Kyurem-Black
|poke|p1|Scizor, M
|poke|p2|Espeon, M
|poke|p2|Kyurem-Black
|poke|p2|Wobbuffet, M
|poke|p2|Landorus-Therian, M
|poke|p2|Azumarill, F
|poke|p2|Rotom-Wash
|rule|Swagger Clause: Swagger is banned
|rule|Baton Pass Clause: Limit one PokÃ©mon knowing Baton Pass
|rule|Sleep Clause Mod: Limit one foe put to sleep
|rule|Species Clause: Limit one of each PokÃ©mon
|rule|OHKO Clause: OHKO moves are banned
|rule|Moody Clause: Moody is banned
|rule|Evasion Moves Clause: Evasion moves are banned
|rule|Endless Battle Clause: Forcing endless battles is banned
|rule|HP Percentage Mod: HP is shown in percentages
|teampreview
|
|start
|switch|p1a: Deadpool|Scizor, M|343\/343
|switch|p2a: Wobbuffet|Wobbuffet, M|584\/584
|turn|1
|
|move|p1a: Deadpool|U-turn|p2a: Wobbuffet
|-supereffective|p2a: Wobbuffet
|-damage|p2a: Wobbuffet|62\/584
|
|switch|p1a: Shukaku|Landorus-Therian, M|381\/381
|-ability|p1a: Shukaku|Intimidate|[of] p2a: Wobbuffet
|-unboost|p2a: Wobbuffet|atk|1
|move|p2a: Wobbuffet|Counter|p1a: Shukaku
|-damage|p1a: Shukaku|0 fnt
|faint|p1a: Shukaku
|
|-heal|p2a: Wobbuffet|98\/584|[from] item: Leftovers
|
|switch|p1a: Deadpool|Scizor, M|343\/343
|turn|2
|
|move|p1a: Deadpool|U-turn|p2a: Wobbuffet
|-supereffective|p2a: Wobbuffet
|-damage|p2a: Wobbuffet|0 fnt
|faint|p2a: Wobbuffet
|
|switch|p1a: Plague|Kyurem-Black|405\/405
|-ability|p1a: Plague|Teravolt
|
|
|switch|p2a: Kyurem-Black|Kyurem-Black|392\/392
|-ability|p2a: Kyurem-Black|Teravolt
|turn|3
|
|switch|p1a: Deadpool|Scizor, M|343\/343
|move|p2a: Kyurem-Black|Outrage|p1a: Deadpool
|-resisted|p1a: Deadpool
|-damage|p1a: Deadpool|130\/343
|
|turn|4
|
|move|p1a: Deadpool|Bullet Punch|p2a: Kyurem-Black
|-supereffective|p2a: Kyurem-Black
|-damage|p2a: Kyurem-Black|60\/392
|move|p2a: Kyurem-Black|Outrage|p1a: Deadpool
|-resisted|p1a: Deadpool
|-damage|p1a: Deadpool|0 fnt
|faint|p1a: Deadpool
|
|
|switch|p1a: Nuke|Azumarill, M|345\/345
|turn|5
|
|move|p2a: Kyurem-Black|Outrage|p1a: Nuke
|-immune|p1a: Nuke|[msg]
|move|p1a: Nuke|Knock Off|p2a: Kyurem-Black
|-damage|p2a: Kyurem-Black|0 fnt
|-enditem|p2a: Kyurem-Black|Choice Band|[from] move: Knock Off|[of] p1a: Nuke
|faint|p2a: Kyurem-Black
|
|
|switch|p2a: Rotom-Wash|Rotom-Wash|304\/304
|turn|6
|
|switch|p1a: Athena|Latias, F|301\/301
|move|p2a: Rotom-Wash|Will-O-Wisp|p1a: Athena|[miss]
|-miss|p2a: Rotom-Wash|p1a: Athena
|
|turn|7
|
|move|p1a: Athena|Psyshock|p2a: Rotom-Wash
|-damage|p2a: Rotom-Wash|186\/304
|-damage|p1a: Athena|271\/301|[from] item: Life Orb
|move|p2a: Rotom-Wash|Pain Split|p1a: Athena
|-sethp|p1a: Athena|228\/301|p2a: Rotom-Wash|228\/304|[from] move: Pain Split
|
|turn|8
|
|move|p1a: Athena|Psyshock|p2a: Rotom-Wash
|-damage|p2a: Rotom-Wash|114\/304
|-damage|p1a: Athena|198\/301|[from] item: Life Orb
|move|p2a: Rotom-Wash|Volt Switch|p1a: Athena
|-resisted|p1a: Athena
|-damage|p1a: Athena|160\/301
|
|switch|p2a: Espeon|Espeon, M|271\/271
|
|turn|9
|
|switch|p1a: Nuke|Azumarill, M|345\/345
|move|p2a: Espeon|Dazzling Gleam|p1a: Nuke
|-damage|p1a: Nuke|261\/345
|
|turn|10
|
|switch|p2a: Rotom-Wash|Rotom-Wash|114\/304
|move|p1a: Nuke|Knock Off|p2a: Rotom-Wash
|-damage|p2a: Rotom-Wash|13\/304
|-damage|p1a: Nuke|204\/345|[from] item: Rocky Helmet|[of] p2a: Rotom-Wash
|-enditem|p2a: Rotom-Wash|Rocky Helmet|[from] move: Knock Off|[of] p1a: Nuke
|
|turn|11
|
|move|p1a: Nuke|Aqua Jet|p2a: Rotom-Wash
|-resisted|p2a: Rotom-Wash
|-damage|p2a: Rotom-Wash|0 fnt
|faint|p2a: Rotom-Wash
|
|
|switch|p2a: Azumarill|Azumarill, F|402\/402
|turn|12
|
|move|p2a: Azumarill|Play Rough|p1a: Nuke
|-damage|p1a: Nuke|0 fnt
|faint|p1a: Nuke
|
|
|switch|p1a: Black Atom|Manectric, M, shiny|281\/281
|turn|13
|
|switch|p2a: Landorus-Therian|Landorus-Therian, M|329\/329
|-ability|p2a: Landorus-Therian|Intimidate|[of] p1a: Black Atom
|-unboost|p1a: Black Atom|atk|1
|detailschange|p1a: Black Atom|Manectric-Mega, M, shiny
|message|Manectric has Mega Evolved into Mega Manectric!
|-ability|p1a: Black Atom|Intimidate|[of] p2a: Landorus-Therian
|-unboost|p2a: Landorus-Therian|atk|1
|move|p1a: Black Atom|Volt Switch|p2a: Landorus-Therian
|-immune|p2a: Landorus-Therian|[msg]
|
|turn|14
|
|switch|p1a: Plague|Kyurem-Black|405\/405
|-ability|p1a: Plague|Teravolt
|move|p2a: Landorus-Therian|Knock Off|p1a: Plague
|-damage|p1a: Plague|323\/405
|-enditem|p1a: Plague|Leftovers|[from] move: Knock Off|[of] p2a: Landorus-Therian
|
|turn|15
|
|switch|p2a: Azumarill|Azumarill, F|402\/402
|move|p1a: Plague|Fusion Bolt|p2a: Azumarill
|-supereffective|p2a: Azumarill
|-damage|p2a: Azumarill|94\/402
|
|-heal|p2a: Azumarill|119\/402|[from] item: Leftovers
|turn|16
|
|move|p1a: Plague|Ice Beam|p2a: Azumarill
|-resisted|p2a: Azumarill
|-damage|p2a: Azumarill|35\/402
|move|p2a: Azumarill|Play Rough|p1a: Plague
|-supereffective|p1a: Plague
|-damage|p1a: Plague|0 fnt
|faint|p1a: Plague
|
|-heal|p2a: Azumarill|60\/402|[from] item: Leftovers
|
|switch|p1a: Black Atom|Manectric-Mega, M, shiny|281\/281
|-ability|p1a: Black Atom|Intimidate|[of] p2a: Azumarill
|-unboost|p2a: Azumarill|atk|1
|turn|17
|
|move|p1a: Black Atom|Volt Switch|p2a: Azumarill
|-supereffective|p2a: Azumarill
|-damage|p2a: Azumarill|0 fnt
|faint|p2a: Azumarill
|
|switch|p1a: Athena|Latias, F|160\/301
|
|
|switch|p2a: Landorus-Therian|Landorus-Therian, M|329\/329
|-ability|p2a: Landorus-Therian|Intimidate|[of] p1a: Athena
|-unboost|p1a: Athena|atk|1
|turn|18
|
|switch|p1a: Black Atom|Manectric-Mega, M, shiny|281\/281
|-ability|p1a: Black Atom|Intimidate|[of] p2a: Landorus-Therian
|-unboost|p2a: Landorus-Therian|atk|1
|move|p2a: Landorus-Therian|Knock Off|p1a: Black Atom
|-damage|p1a: Black Atom|214\/281
|
|turn|19
|
|move|p1a: Black Atom|Thunderbolt|p2a: Landorus-Therian
|-immune|p2a: Landorus-Therian|[msg]
|move|p2a: Landorus-Therian|Earthquake|p1a: Black Atom
|-supereffective|p1a: Black Atom
|-damage|p1a: Black Atom|0 fnt
|faint|p1a: Black Atom
|
|
|switch|p1a: Athena|Latias, F|160\/301
|turn|20
|
|move|p1a: Athena|Draco Meteor|p2a: Landorus-Therian
|-damage|p2a: Landorus-Therian|0 fnt
|-unboost|p1a: Athena|spa|2
|-damage|p1a: Athena|130\/301|[from] item: Life Orb
|faint|p2a: Landorus-Therian
|
|
|switch|p2a: Espeon|Espeon, M|271\/271
|turn|21
|
|move|p2a: Espeon|Shadow Ball|p1a: Athena
|-supereffective|p1a: Athena
|-damage|p1a: Athena|0 fnt
|faint|p1a: Athena
|
|win|Zabrael
|raw|Ladder updating...
|raw|Steez Ibanez's rating: 1739 &rarr; <strong>1717<\/strong><br \/>(-22 for losing)
|raw|Zabrael's rating: 1706 &rarr; <strong>1728<\/strong><br \/>(+22 for winning)
|leave|Steez Ibanez
|player|p1