|join|Steez Ibanez
|join|Hogback_fosh_men
|player|p1|Steez Ibanez|290
|player|p2|Hogback_fosh_men|265
|gametype|singles
|gen|6
|tier|OU
|rated
|clearpoke
|poke|p1|Chesnaught, M
|poke|p1|Heatran, M
|poke|p1|Rotom-Wash
|poke|p1|Landorus-Therian, M
|poke|p1|Latias, F
|poke|p1|Gyarados, M
|poke|p2|Sharpedo, M
|poke|p2|Heatran, F
|poke|p2|Ferrothorn, F
|poke|p2|Zapdos, shiny
|poke|p2|Conkeldurr, M, shiny
|poke|p2|Gengar, F, shiny
|rule|Swagger Clause: Swagger is banned
|rule|Baton Pass Clause: Limit one PokÃ©mon knowing Baton Pass
|rule|Sleep Clause Mod: Limit one foe put to sleep
|rule|Species Clause: Limit one of each PokÃ©mon
|rule|OHKO Clause: OHKO moves are banned
|rule|Moody Clause: Moody is banned
|rule|Evasion Moves Clause: Evasion moves are banned
|rule|Endless Battle Clause: Forcing endless battles is banned
|rule|HP Percentage Mod: HP is shown in percentages
|teampreview
|
|start
|switch|p1a: Lavadora|Rotom-Wash|303\/303
|switch|p2a: Zappy|Zapdos, shiny|384\/384
|-ability|p2a: Zappy|Pressure
|turn|1
|
|move|p2a: Zappy|Discharge|p1a: Lavadora
|-damage|p1a: Lavadora|185\/303
|move|p1a: Lavadora|Volt Switch|p2a: Zappy
|-damage|p2a: Zappy|281\/384
|
|switch|p1a: Shukaku|Landorus-Therian, M|381\/381
|-ability|p1a: Shukaku|Intimidate|[of] p2a: Zappy
|-unboost|p2a: Zappy|atk|1
|
|-heal|p2a: Zappy|305\/384|[from] item: Leftovers
|turn|2
|
|move|p2a: Zappy|Hidden Power|p1a: Shukaku
|-supereffective|p1a: Shukaku
|-damage|p1a: Shukaku|53\/381
|move|p1a: Shukaku|U-turn|p2a: Zappy
|-resisted|p2a: Zappy
|-damage|p2a: Zappy|270\/384
|
|switch|p1a: Kuton|Heatran, M|385\/385
|
|-heal|p2a: Zappy|294\/384|[from] item: Leftovers
|turn|3
|
|switch|p2a: UncleRucus|Conkeldurr, M, shiny|401\/401
|move|p1a: Kuton|Lava Plume|p2a: UncleRucus
|-damage|p2a: UncleRucus|305\/401
|
|turn|4
|
|switch|p1a: Flatbush|Chesnaught, M|380\/380
|move|p2a: UncleRucus|Knock Off|p1a: Flatbush
|-resisted|p1a: Flatbush
|-damage|p1a: Flatbush|339\/380
|-enditem|p1a: Flatbush|Leftovers|[from] move: Knock Off|[of] p2a: UncleRucus
|
|turn|5
|
|switch|p2a: Ferrothorn|Ferrothorn, F|352\/352
|move|p1a: Flatbush|Leech Seed|p2a: Ferrothorn
|-immune|p2a: Ferrothorn|[msg]
|
|turn|6
|
|move|p1a: Flatbush|Spikes|p2a: Ferrothorn
|-sidestart|p2: Hogback_fosh_men|Spikes
|move|p2a: Ferrothorn|Stealth Rock|p1a: Flatbush
|-sidestart|p1: Steez Ibanez|move: Stealth Rock
|
|turn|7
|
|move|p1a: Flatbush|Leech Seed|p2a: Ferrothorn
|-immune|p2a: Ferrothorn|[msg]
|move|p2a: Ferrothorn|Spikes|p1a: Flatbush
|-sidestart|p1: Steez Ibanez|Spikes
|
|turn|8
|
|switch|p2a: Heatran|Heatran, F|324\/324
|-damage|p2a: Heatran|284\/324|[from] Spikes
|move|p1a: Flatbush|Spikes|p2a: Heatran
|-sidestart|p2: Hogback_fosh_men|Spikes
|
|-heal|p2a: Heatran|304\/324|[from] item: Leftovers
|turn|9
|
|move|p1a: Flatbush|Spiky Shield|p1a: Flatbush
|-singleturn|p1a: Flatbush|move: Protect
|move|p2a: Heatran|Lava Plume|p1a: Flatbush
|-activate|p1a: Flatbush|move: Protect
|
|-heal|p2a: Heatran|324\/324|[from] item: Leftovers
|turn|10
|
|move|p2a: Heatran|Lava Plume|p1a: Flatbush
|-supereffective|p1a: Flatbush
|-damage|p1a: Flatbush|1\/380
|-status|p1a: Flatbush|brn
|move|p1a: Flatbush|Drain Punch|p2a: Heatran
|-supereffective|p2a: Heatran
|-damage|p2a: Heatran|232\/324
|-heal|p1a: Flatbush|47\/380 brn|[from] drain|[of] p2a: Heatran
|
|-heal|p2a: Heatran|252\/324|[from] item: Leftovers
|-damage|p1a: Flatbush|0 fnt|[from] brn
|faint|p1a: Flatbush
|
|switch|p1a: Latias|Latias, F|301\/301
|-damage|p1a: Latias|264\/301|[from] Stealth Rock
|turn|11
|
|move|p1a: Latias|Draco Meteor|p2a: Heatran
|-resisted|p2a: Heatran
|-damage|p2a: Heatran|131\/324
|-unboost|p1a: Latias|spa|2
|-damage|p1a: Latias|234\/301|[from] item: Life Orb
|move|p2a: Heatran|Flash Cannon|p1a: Latias
|-damage|p1a: Latias|116\/301
|
|-heal|p2a: Heatran|151\/324|[from] item: Leftovers
|turn|12
|
|move|p1a: Latias|Healing Wish|p1a: Latias
|faint|p1a: Latias
|move|p2a: Heatran|Lava Plume|p1: Latias|[notarget]
|-notarget
|
|-heal|p2a: Heatran|171\/324|[from] item: Leftovers
|
|switch|p1a: Shukaku|Landorus-Therian, M|53\/381
|-heal|p1a: Shukaku|381\/381|[from] move: Healing Wish
|-damage|p1a: Shukaku|334\/381|[from] Stealth Rock
|-ability|p1a: Shukaku|Intimidate|[of] p2a: Heatran
|-unboost|p2a: Heatran|atk|1
|turn|13
|
|switch|p2a: Zappy|Zapdos, shiny|294\/384
|-ability|p2a: Zappy|Pressure
|move|p1a: Shukaku|Earthquake|p2a: Zappy
|-immune|p2a: Zappy|[msg]
|
|-heal|p2a: Zappy|318\/384|[from] item: Leftovers
|-heal|p1a: Shukaku|357\/381|[from] item: Leftovers
|turn|14
|
|switch|p1a: Kuton|Heatran, M|385\/385
|-damage|p1a: Kuton|337\/385|[from] Stealth Rock
|-damage|p1a: Kuton|289\/385|[from] Spikes
|move|p2a: Zappy|Hidden Power|p1a: Kuton
|-resisted|p1a: Kuton
|-damage|p1a: Kuton|279\/385
|
|-heal|p2a: Zappy|342\/384|[from] item: Leftovers
|-heal|p1a: Kuton|303\/385|[from] item: Leftovers
|turn|15
|
|move|p2a: Zappy|Discharge|p1a: Kuton
|-damage|p1a: Kuton|210\/385
|move|p1a: Kuton|Earth Power|p2a: Zappy
|-immune|p2a: Zappy|[msg]
|
|-heal|p2a: Zappy|366\/384|[from] item: Leftovers
|-heal|p1a: Kuton|234\/385|[from] item: Leftovers
|turn|16
|
|move|p2a: Zappy|Discharge|p1a: Kuton
|-damage|p1a: Kuton|141\/385
|move|p1a: Kuton|Lava Plume|p2a: Zappy
|-crit|p2a: Zappy
|-damage|p2a: Zappy|168\/384
|
|-heal|p2a: Zappy|192\/384|[from] item: Leftovers
|-heal|p1a: Kuton|165\/385|[from] item: Leftovers
|turn|17
|
|move|p2a: Zappy|Discharge|p1a: Kuton
|-damage|p1a: Kuton|69\/385
|move|p1a: Kuton|Lava Plume|p2a: Zappy
|-damage|p2a: Zappy|57\/384
|-status|p2a: Zappy|brn
|
|-heal|p2a: Zappy|81\/384 brn|[from] item: Leftovers
|-heal|p1a: Kuton|93\/385|[from] item: Leftovers
|-damage|p2a: Zappy|33\/384 brn|[from] brn
|turn|18
|
|move|p1a: Kuton|Protect|p1a: Kuton
|-singleturn|p1a: Kuton|Protect
|move|p2a: Zappy|Roost|p2a: Zappy
|-heal|p2a: Zappy|225\/384 brn
|
|-heal|p2a: Zappy|249\/384 brn|[from] item: Leftovers
|-heal|p1a: Kuton|117\/385|[from] item: Leftovers
|-damage|p2a: Zappy|201\/384 brn|[from] brn
|turn|19
|
|move|p2a: Zappy|Discharge|p1a: Kuton
|-damage|p1a: Kuton|24\/385
|move|p1a: Kuton|Lava Plume|p2a: Zappy
|-damage|p2a: Zappy|72\/384 brn
|
|-heal|p2a: Zappy|96\/384 brn|[from] item: Leftovers
|-heal|p1a: Kuton|48\/385|[from] item: Leftovers
|-damage|p2a: Zappy|48\/384 brn|[from] brn
|turn|20
|
|move|p2a: Zappy|Discharge|p1a: Kuton
|-damage|p1a: Kuton|0 fnt
|faint|p1a: Kuton
|
|-heal|p2a: Zappy|72\/384 brn|[from] item: Leftovers
|-damage|p2a: Zappy|24\/384 brn|[from] brn
|
|switch|p1a: Lavadora|Rotom-Wash|185\/303
|-damage|p1a: Lavadora|148\/303|[from] Stealth Rock
|turn|21
|
|move|p2a: Zappy|Roost|p2a: Zappy
|-heal|p2a: Zappy|216\/384 brn
|move|p1a: Lavadora|Hydro Pump|p2a: Zappy
|-damage|p2a: Zappy|78\/384 brn
|
|-heal|p2a: Zappy|102\/384 brn|[from] item: Leftovers
|-heal|p1a: Lavadora|166\/303|[from] item: Leftovers
|-damage|p2a: Zappy|54\/384 brn|[from] brn
|turn|22
|
|move|p2a: Zappy|Discharge|p1a: Lavadora
|-damage|p1a: Lavadora|52\/303
|move|p1a: Lavadora|Volt Switch|p2a: Zappy
|-damage|p2a: Zappy|0 fnt
|faint|p2a: Zappy
|
|switch|p1a: Shukaku|Landorus-Therian, M|357\/381
|-damage|p1a: Shukaku|310\/381|[from] Stealth Rock
|
|-heal|p1a: Shukaku|333\/381|[from] item: Leftovers
|
|switch|p2a: UncleRucus|Conkeldurr, M, shiny|305\/401
|-damage|p2a: UncleRucus|239\/401|[from] Spikes
|turn|23
|
|move|p1a: Shukaku|Earthquake|p2a: UncleRucus
|-damage|p2a: UncleRucus|38\/401
|move|p2a: UncleRucus|Ice Punch|p1a: Shukaku
|-supereffective|p1a: Shukaku
|-damage|p1a: Shukaku|0 fnt
|faint|p1a: Shukaku
|
|
|switch|p1a: Leviathan|Gyarados, M|332\/332
|-damage|p1a: Leviathan|249\/332|[from] Stealth Rock
|-ability|p1a: Leviathan|Intimidate|[of] p2a: UncleRucus
|-unboost|p2a: UncleRucus|atk|1
|turn|24
|
|move|p1a: Leviathan|Dragon Dance|p1a: Leviathan
|-boost|p1a: Leviathan|atk|1
|-boost|p1a: Leviathan|spe|1
|move|p2a: UncleRucus|Ice Punch|p1a: Leviathan
|-damage|p1a: Leviathan|162\/332
|
|turn|25
|
|move|p1a: Leviathan|Waterfall|p2a: UncleRucus
|-damage|p2a: UncleRucus|0 fnt
|faint|p2a: UncleRucus
|
|
|switch|p2a: Ferrothorn|Ferrothorn, F|352\/352
|-damage|p2a: Ferrothorn|294\/352|[from] Spikes
|turn|26
|
|detailschange|p1a: Leviathan|Gyarados-Mega, M
|message|Gyarados has Mega Evolved into Mega Gyarados!
|-ability|p1a: Leviathan|Mold Breaker
|move|p1a: Leviathan|Substitute|p1a: Leviathan
|-start|p1a: Leviathan|Substitute
|-damage|p1a: Leviathan|79\/332
|move|p2a: Ferrothorn|Gyro Ball|p1a: Leviathan
|-resisted|p1a: Leviathan
|-end|p1a: Leviathan|Substitute
|
|turn|27
|
|move|p1a: Leviathan|Crunch|p2a: Ferrothorn
|-damage|p2a: Ferrothorn|114\/352
|-damage|p1a: Leviathan|38\/332|[from] ability: Iron Barbs|[of] p2a: Ferrothorn
|-damage|p1a: Leviathan|0 fnt|[from] item: Rocky Helmet|[of] p2a: Ferrothorn
|faint|p1a: Leviathan
|move|p2a: Ferrothorn|Gyro Ball|p1: Leviathan|[notarget]
|-notarget
|
|-message|Steez Ibanez forfeited.
|
|win|Hogback_fosh_men
|raw|Ladder updating...
|leave|Steez Ibanez
|player|p1