|join|Steez Ibanez
|join|Monster 87
|player|p1|Steez Ibanez|290
|player|p2|Monster 87|101
|gametype|singles
|gen|6
|tier|OU
|rated
|clearpoke
|poke|p1|Sableye, M
|poke|p1|Gengar, M
|poke|p1|Latios, M
|poke|p1|Keldeo
|poke|p1|Landorus-Therian, M
|poke|p1|Magnezone
|poke|p2|Garchomp, M
|poke|p2|Diggersby, F
|poke|p2|Magnezone
|poke|p2|Azumarill, F
|poke|p2|Landorus-Therian, M
|poke|p2|Scizor, F
|rule|Swagger Clause: Swagger is banned
|rule|Baton Pass Clause: Limit one PokÃ©mon knowing Baton Pass
|rule|Sleep Clause Mod: Limit one foe put to sleep
|rule|Species Clause: Limit one of each PokÃ©mon
|rule|OHKO Clause: OHKO moves are banned
|rule|Moody Clause: Moody is banned
|rule|Evasion Moves Clause: Evasion moves are banned
|rule|Endless Battle Clause: Forcing endless battles is banned
|rule|HP Percentage Mod: HP is shown in percentages
|teampreview
|
|start
|switch|p1a: Darth Hermes|Sableye, M|303\/303
|switch|p2a: GAWN|Garchomp, M|378\/378
|turn|1
|
|switch|p2a: Scizor|Scizor, F|343\/343
|detailschange|p1a: Darth Hermes|Sableye-Mega, M
|message|Sableye has Mega Evolved into Mega Sableye!
|move|p1a: Darth Hermes|Will-O-Wisp|p2a: Scizor
|-status|p2a: Scizor|brn
|
|-damage|p2a: Scizor|301\/343 brn|[from] brn
|turn|2
|
|move|p2a: Scizor|U-turn|p1a: Darth Hermes
|-damage|p1a: Darth Hermes|239\/303
|
|switch|p2a: Innovation|Magnezone|343\/343
|-item|p2a: Innovation|Air Balloon
|move|p1a: Darth Hermes|Will-O-Wisp|p2a: Innovation
|-status|p2a: Innovation|brn
|
|-damage|p2a: Innovation|301\/343 brn|[from] brn
|turn|3
|
|move|p2a: Innovation|Discharge|p1a: Darth Hermes
|-crit|p1a: Darth Hermes
|-damage|p1a: Darth Hermes|19\/303
|-status|p1a: Darth Hermes|par
|move|p1a: Darth Hermes|Recover|p1a: Darth Hermes
|-heal|p1a: Darth Hermes|171\/303 par
|
|-damage|p2a: Innovation|259\/343 brn|[from] brn
|turn|4
|c|âSteez Ibanez|lol
|
|move|p2a: Innovation|Flash Cannon|p1a: Darth Hermes
|-damage|p1a: Darth Hermes|23\/303 par
|move|p1a: Darth Hermes|Will-O-Wisp|p2a: Innovation
|-fail|p2a: Innovation|brn
|
|-damage|p2a: Innovation|217\/343 brn|[from] brn
|turn|5
|
|move|p2a: Innovation|Volt Switch|p1a: Darth Hermes
|-damage|p1a: Darth Hermes|0 fnt
|faint|p1a: Darth Hermes
|
|switch|p2a: GAWN|Garchomp, M|378\/378
|
|
|switch|p1a: Zetsu|Gengar, M|261\/261
|turn|6
|
|switch|p2a: Scizor|Scizor, F|301\/343 brn
|move|p1a: Zetsu|Taunt|p2a: Scizor
|-start|p2a: Scizor|move: Taunt
|
|-damage|p2a: Scizor|259\/343 brn|[from] brn
|turn|7
|
|move|p2a: Scizor|Pursuit|p1a: Zetsu|[from]Pursuit
|-supereffective|p1a: Zetsu
|-damage|p1a: Zetsu|13\/261
|switch|p1a: MAG|Magnezone|281\/281
|
|-damage|p2a: Scizor|217\/343 brn|[from] brn
|turn|8
|
|move|p1a: MAG|Hidden Power|p2a: Scizor
|-supereffective|p2a: Scizor
|-damage|p2a: Scizor|0 fnt
|faint|p2a: Scizor
|
|
|switch|p2a: GAWN|Garchomp, M|378\/378
|turn|9
|
|switch|p1a: Zetsu|Gengar, M|13\/261
|move|p2a: GAWN|Stealth Rock|p1a: Zetsu
|-sidestart|p1: Steez Ibanez|move: Stealth Rock
|
|turn|10
|
|switch|p2a: Innovation|Magnezone|217\/343 brn
|-item|p2a: Innovation|Air Balloon
|move|p1a: Zetsu|Shadow Ball|p2a: Innovation
|-damage|p2a: Innovation|22\/343 brn
|-enditem|p2a: Innovation|Air Balloon
|-damage|p1a: Zetsu|0 fnt|[from] item: Life Orb
|faint|p1a: Zetsu
|
|-damage|p2a: Innovation|0 fnt|[from] brn
|faint|p2a: Innovation
|
|switch|p2a: Landorus-Therian|Landorus-Therian, M|339\/339
|switch|p1a: Shukaku|Landorus-Therian, M|381\/381
|-ability|p2a: Landorus-Therian|Intimidate|[of] p1a: Shukaku
|-unboost|p1a: Shukaku|atk|1
|-damage|p1a: Shukaku|334\/381|[from] Stealth Rock
|-ability|p1a: Shukaku|Intimidate|[of] p2a: Landorus-Therian
|-unboost|p2a: Landorus-Therian|atk|1
|turn|11
|
|switch|p1a: MAG|Magnezone|281\/281
|-damage|p1a: MAG|264\/281|[from] Stealth Rock
|move|p2a: Landorus-Therian|U-turn|p1a: MAG
|-resisted|p1a: MAG
|-damage|p1a: MAG|235\/281
|
|switch|p2a: Bunny 1|Diggersby, F|311\/311
|
|turn|12
|
|move|p2a: Bunny 1|Knock Off|p1a: MAG
|-damage|p1a: MAG|83\/281
|-enditem|p1a: MAG|Choice Specs|[from] move: Knock Off|[of] p2a: Bunny 1
|-damage|p2a: Bunny 1|280\/311|[from] item: Life Orb
|move|p1a: MAG|Flash Cannon|p2a: Bunny 1
|-damage|p2a: Bunny 1|114\/311
|
|turn|13
|
|move|p2a: Bunny 1|Knock Off|p1a: MAG
|-damage|p1a: MAG|0 fnt
|-damage|p2a: Bunny 1|83\/311|[from] item: Life Orb
|faint|p1a: MAG
|
|
|switch|p1a: Shukaku|Landorus-Therian, M|334\/381
|-damage|p1a: Shukaku|287\/381|[from] Stealth Rock
|-ability|p1a: Shukaku|Intimidate|[of] p2a: Bunny 1
|-unboost|p2a: Bunny 1|atk|1
|turn|14
|
|switch|p2a: GAWN|Garchomp, M|378\/378
|move|p1a: Shukaku|Stealth Rock|p2a: GAWN
|-sidestart|p2: Monster 87|move: Stealth Rock
|
|-heal|p1a: Shukaku|310\/381|[from] item: Leftovers
|turn|15
|
|detailschange|p2a: GAWN|Garchomp-Mega, M
|message|Garchomp has Mega Evolved into Mega Garchomp!
|move|p2a: GAWN|Draco Meteor|p1a: Shukaku
|-damage|p1a: Shukaku|22\/381
|-unboost|p2a: GAWN|spa|2
|move|p1a: Shukaku|Earthquake|p2a: GAWN
|-damage|p2a: GAWN|213\/378
|
|-heal|p1a: Shukaku|45\/381|[from] item: Leftovers
|turn|16
|
|move|p2a: GAWN|Draco Meteor|p1a: Shukaku
|-damage|p1a: Shukaku|0 fnt
|-unboost|p2a: GAWN|spa|2
|faint|p1a: Shukaku
|
|
|switch|p1a: Perseus|Keldeo|323\/323
|-damage|p1a: Perseus|303\/323|[from] Stealth Rock
|turn|17
|
|move|p1a: Perseus|Scald|p2a: GAWN
|-damage|p2a: GAWN|0 fnt
|faint|p2a: GAWN
|
|
|switch|p2a: Bunny 2|Azumarill, F|363\/363
|-damage|p2a: Bunny 2|318\/363|[from] Stealth Rock
|turn|18
|
|move|p1a: Perseus|Scald|p2a: Bunny 2
|-resisted|p2a: Bunny 2
|-damage|p2a: Bunny 2|180\/363
|-status|p2a: Bunny 2|brn
|move|p2a: Bunny 2|Play Rough|p1a: Perseus
|-supereffective|p1a: Perseus
|-damage|p1a: Perseus|0 fnt
|faint|p1a: Perseus
|
|-damage|p2a: Bunny 2|135\/363 brn|[from] brn
|
|switch|p1a: Badass|Latios, M|299\/299
|-damage|p1a: Badass|262\/299|[from] Stealth Rock
|turn|19
|
|move|p1a: Badass|Psyshock|p2a: Bunny 2
|-damage|p2a: Bunny 2|0 fnt
|-damage|p1a: Badass|233\/299|[from] item: Life Orb
|faint|p2a: Bunny 2
|
|
|switch|p2a: Landorus-Therian|Landorus-Therian, M|339\/339
|-damage|p2a: Landorus-Therian|297\/339|[from] Stealth Rock
|-ability|p2a: Landorus-Therian|Intimidate|[of] p1a: Badass
|-unboost|p1a: Badass|atk|1
|turn|20
|
|move|p2a: Landorus-Therian|Explosion|p1a: Badass
|-damage|p1a: Badass|0 fnt
|faint|p2a: Landorus-Therian
|faint|p1a: Badass
|
|win|Monster 87
|raw|Ladder updating...
|leave|Steez Ibanez
|player|p1
|raw|Steez Ibanez's rating: 1607 &rarr; <strong>1583<\/strong><br \/>(-24 for losing)
|raw|Monster 87's rating: 1537 &rarr; <strong>1561<\/strong><br \/>(+24 for winning)