|join|Steez Ibanez
|join|Dan Kazemi
|player|p1|Steez Ibanez|25
|player|p2|Dan Kazemi|169
|gametype|singles
|gen|6
|tier|OU
|rated
|clearpoke
|poke|p1|Manectric, M, shiny
|poke|p1|Landorus-Therian, M
|poke|p1|Latias, F
|poke|p1|Azumarill, M
|poke|p1|Kyurem-Black
|poke|p1|Scizor, M
|poke|p2|Cloyster, M
|poke|p2|Ferrothorn, M
|poke|p2|Landorus-Therian, M
|poke|p2|Latios, M
|poke|p2|Gengar, M
|poke|p2|Sylveon, M, shiny
|rule|Swagger Clause: Swagger is banned
|rule|Baton Pass Clause: Limit one PokÃ©mon knowing Baton Pass
|rule|Sleep Clause Mod: Limit one foe put to sleep
|rule|Species Clause: Limit one of each PokÃ©mon
|rule|OHKO Clause: OHKO moves are banned
|rule|Moody Clause: Moody is banned
|rule|Evasion Moves Clause: Evasion moves are banned
|rule|Endless Battle Clause: Forcing endless battles is banned
|rule|HP Percentage Mod: HP is shown in percentages
|teampreview
|
|start
|switch|p1a: Deadpool|Scizor, M|343\/343
|switch|p2a: Ferrothorn|Ferrothorn, M|352\/352
|turn|1
|
|move|p1a: Deadpool|Superpower|p2a: Ferrothorn
|-crit|p2a: Ferrothorn
|-supereffective|p2a: Ferrothorn
|-damage|p2a: Ferrothorn|0 fnt
|-damage|p1a: Deadpool|301\/343|[from] ability: Iron Barbs|[of] p2a: Ferrothorn
|-unboost|p1a: Deadpool|atk|1
|-unboost|p1a: Deadpool|def|1
|faint|p2a: Ferrothorn
|
|
|switch|p2a: Cloyster|Cloyster, M|242\/242
|turn|2
|
|switch|p1a: Shukaku|Landorus-Therian, M|381\/381
|-ability|p1a: Shukaku|Intimidate|[of] p2a: Cloyster
|-unboost|p2a: Cloyster|atk|1
|move|p2a: Cloyster|Shell Smash|p2a: Cloyster
|-boost|p2a: Cloyster|atk|2
|-boost|p2a: Cloyster|spa|2
|-boost|p2a: Cloyster|spe|2
|-unboost|p2a: Cloyster|def|1
|-unboost|p2a: Cloyster|spd|1
|
|turn|3
|
|switch|p1a: Deadpool|Scizor, M|301\/343
|move|p2a: Cloyster|Icicle Spear|p1a: Deadpool
|-resisted|p1a: Deadpool
|-damage|p1a: Deadpool|271\/343
|-resisted|p1a: Deadpool
|-damage|p1a: Deadpool|239\/343
|-resisted|p1a: Deadpool
|-damage|p1a: Deadpool|209\/343
|-resisted|p1a: Deadpool
|-damage|p1a: Deadpool|179\/343
|-resisted|p1a: Deadpool
|-damage|p1a: Deadpool|146\/343
|-hitcount|p1a: Deadpool|5
|
|turn|4
|
|move|p1a: Deadpool|Bullet Punch|p2a: Cloyster
|-damage|p2a: Cloyster|95\/242
|move|p2a: Cloyster|Razor Shell|p1a: Deadpool
|-damage|p1a: Deadpool|0 fnt
|faint|p1a: Deadpool
|
|
|switch|p1a: Nuke|Azumarill, M|345\/345
|turn|5
|
|move|p2a: Cloyster|Rock Blast|p1a: Nuke
|-crit|p1a: Nuke
|-damage|p1a: Nuke|276\/345
|-damage|p1a: Nuke|232\/345
|-damage|p1a: Nuke|187\/345
|-damage|p1a: Nuke|140\/345
|-damage|p1a: Nuke|89\/345
|-hitcount|p1a: Nuke|5
|move|p1a: Nuke|Play Rough|p2a: Cloyster
|-damage|p2a: Cloyster|0 fnt
|faint|p2a: Cloyster
|
|
|switch|p2a: Gengar|Gengar, M|262\/262
|turn|6
|
|move|p1a: Nuke|Aqua Jet|p2a: Gengar
|-damage|p2a: Gengar|127\/262
|move|p2a: Gengar|Shadow Ball|p1a: Nuke
|-damage|p1a: Nuke|0 fnt
|-damage|p2a: Gengar|101\/262|[from] item: Life Orb
|faint|p1a: Nuke
|
|
|switch|p1a: Athena|Latias, F|301\/301
|turn|7
|
|move|p2a: Gengar|Substitute|p2a: Gengar
|-start|p2a: Gengar|Substitute
|-damage|p2a: Gengar|36\/262
|move|p1a: Athena|Psyshock|p2a: Gengar
|-supereffective|p2a: Gengar
|-end|p2a: Gengar|Substitute
|-damage|p1a: Athena|271\/301|[from] item: Life Orb
|
|turn|8
|
|move|p2a: Gengar|Shadow Ball|p1a: Athena
|-supereffective|p1a: Athena
|-damage|p1a: Athena|0 fnt
|-damage|p2a: Gengar|10\/262|[from] item: Life Orb
|faint|p1a: Athena
|
|
|switch|p1a: Shukaku|Landorus-Therian, M|381\/381
|-ability|p1a: Shukaku|Intimidate|[of] p2a: Gengar
|-unboost|p2a: Gengar|atk|1
|turn|9
|
|move|p2a: Gengar|Pain Split|p1a: Shukaku
|-sethp|p1a: Shukaku|195\/381|p2a: Gengar|195\/262|[from] move: Pain Split
|move|p1a: Shukaku|Stealth Rock|p2a: Gengar
|-sidestart|p2: Dan Kazemi|move: Stealth Rock
|
|-heal|p1a: Shukaku|218\/381|[from] item: Leftovers
|turn|10
|
|move|p2a: Gengar|Substitute|p2a: Gengar
|-start|p2a: Gengar|Substitute
|-damage|p2a: Gengar|130\/262
|move|p1a: Shukaku|Stone Edge|p2a: Gengar
|-end|p2a: Gengar|Substitute
|
|-heal|p1a: Shukaku|241\/381|[from] item: Leftovers
|turn|11
|
|move|p2a: Gengar|Substitute|p2a: Gengar
|-start|p2a: Gengar|Substitute
|-damage|p2a: Gengar|65\/262
|move|p1a: Shukaku|Stone Edge|p2a: Gengar
|-end|p2a: Gengar|Substitute
|
|-heal|p1a: Shukaku|264\/381|[from] item: Leftovers
|turn|12
|
|move|p2a: Gengar|Shadow Ball|p1a: Shukaku
|-damage|p1a: Shukaku|50\/381
|-damage|p2a: Gengar|39\/262|[from] item: Life Orb
|move|p1a: Shukaku|Stone Edge|p2a: Gengar
|-damage|p2a: Gengar|0 fnt
|faint|p2a: Gengar
|
|-heal|p1a: Shukaku|73\/381|[from] item: Leftovers
|
|switch|p2a: Landorus-Therian|Landorus-Therian, M|320\/320
|-damage|p2a: Landorus-Therian|280\/320|[from] Stealth Rock
|-ability|p2a: Landorus-Therian|Intimidate|[of] p1a: Shukaku
|-unboost|p1a: Shukaku|atk|1
|turn|13
|
|move|p2a: Landorus-Therian|Knock Off|p1a: Shukaku
|-damage|p1a: Shukaku|0 fnt
|-enditem|p1a: Shukaku|Leftovers|[from] move: Knock Off|[of] p2a: Landorus-Therian
|faint|p1a: Shukaku
|
|-heal|p2a: Landorus-Therian|300\/320|[from] item: Leftovers
|
|switch|p1a: Plague|Kyurem-Black|405\/405
|-ability|p1a: Plague|Teravolt
|turn|14
|
|move|p2a: Landorus-Therian|Stone Edge|p1a: Plague
|-supereffective|p1a: Plague
|-damage|p1a: Plague|131\/405
|move|p1a: Plague|Ice Beam|p2a: Landorus-Therian
|-supereffective|p2a: Landorus-Therian
|-damage|p2a: Landorus-Therian|0 fnt
|faint|p2a: Landorus-Therian
|
|-heal|p1a: Plague|156\/405|[from] item: Leftovers
|
|switch|p2a: Sylveon|Sylveon, M, shiny|394\/394
|-damage|p2a: Sylveon|345\/394|[from] Stealth Rock
|turn|15
|
|move|p1a: Plague|Ice Beam|p2a: Sylveon
|-damage|p2a: Sylveon|237\/394
|move|p2a: Sylveon|Wish|p2a: Sylveon
|
|-heal|p1a: Plague|181\/405|[from] item: Leftovers
|-heal|p2a: Sylveon|261\/394|[from] item: Leftovers
|turn|16
|
|move|p1a: Plague|Fusion Bolt|p2a: Sylveon
|-damage|p2a: Sylveon|121\/394
|move|p2a: Sylveon|Hyper Voice|p1a: Plague
|-supereffective|p1a: Plague
|-damage|p1a: Plague|0 fnt
|faint|p1a: Plague
|
|-heal|p2a: Sylveon|318\/394|[from] move: Wish|[wisher] Sylveon
|-heal|p2a: Sylveon|342\/394|[from] item: Leftovers
|
|switch|p1a: Black Atom|Manectric, M, shiny|281\/281
|turn|17
|
|detailschange|p1a: Black Atom|Manectric-Mega, M, shiny
|message|Manectric has Mega Evolved into Mega Manectric!
|-ability|p1a: Black Atom|Intimidate|[of] p2a: Sylveon
|-unboost|p2a: Sylveon|atk|1
|move|p1a: Black Atom|Thunderbolt|p2a: Sylveon
|-crit|p2a: Sylveon
|-damage|p2a: Sylveon|185\/394
|-status|p2a: Sylveon|par
|move|p2a: Sylveon|Hyper Voice|p1a: Black Atom
|-damage|p1a: Black Atom|88\/281
|
|-heal|p2a: Sylveon|209\/394 par|[from] item: Leftovers
|turn|18
|
|move|p1a: Black Atom|Thunderbolt|p2a: Sylveon
|-damage|p2a: Sylveon|106\/394 par
|move|p2a: Sylveon|Hyper Voice|p1a: Black Atom
|-damage|p1a: Black Atom|0 fnt
|faint|p1a: Black Atom
|
|win|Dan Kazemi
|raw|Ladder updating...
|raw|Steez Ibanez's rating: 1510 &rarr; <strong>1492<\/strong><br \/>(-18 for losing)
|raw|Dan Kazemi's rating: 1549 &rarr; <strong>1567<\/strong><br \/>(+18 for winning)
|leave|Steez Ibanez
|player|p1