|join|MissLemonade
|join|Steez Ibanez
|player|p1|MissLemonade|233
|player|p2|Steez Ibanez|290
|gametype|singles
|gen|6
|tier|OU
|rated
|clearpoke
|poke|p1|Gliscor, F
|poke|p1|Blissey, F
|poke|p1|Venusaur, F
|poke|p1|Excadrill, F
|poke|p1|Doublade, M
|poke|p1|Ferrothorn, F
|poke|p2|Gengar, M
|poke|p2|Ferrothorn, M
|poke|p2|Azumarill, M
|poke|p2|Charizard, M
|poke|p2|Excadrill, M
|poke|p2|Mew
|rule|Swagger Clause: Swagger is banned
|rule|Baton Pass Clause: Limit one PokÃ©mon knowing Baton Pass
|rule|Sleep Clause Mod: Limit one foe put to sleep
|rule|Species Clause: Limit one of each PokÃ©mon
|rule|OHKO Clause: OHKO moves are banned
|rule|Moody Clause: Moody is banned
|rule|Evasion Moves Clause: Evasion moves are banned
|rule|Endless Battle Clause: Forcing endless battles is banned
|rule|HP Percentage Mod: HP is shown in percentages
|teampreview
|
|start
|switch|p1a: Hatemail|Gliscor, F|354\/354
|switch|p2a: OG|Mew|403\/403
|turn|1
|
|move|p1a: Hatemail|Protect|p1a: Hatemail
|-singleturn|p1a: Hatemail|Protect
|move|p2a: OG|Knock Off|p1a: Hatemail
|-activate|p1a: Hatemail|Protect
|
|-status|p1a: Hatemail|tox|[from] item: Toxic Orb
|turn|2
|
|switch|p2a: Racks|Ferrothorn, M|351\/351
|move|p1a: Hatemail|Substitute|p1a: Hatemail
|-start|p1a: Hatemail|Substitute
|-damage|p1a: Hatemail|266\/354 tox
|
|-heal|p1a: Hatemail|310\/354 tox|[from] ability: Poison Heal
|turn|3
|
|switch|p1a: Venusaur|Venusaur, F|364\/364
|move|p2a: Racks|Spikes|p1a: Venusaur
|-sidestart|p1: MissLemonade|Spikes
|
|turn|4
|join|drupesh97
|
|switch|p2a: Zetsu|Gengar, M|260\/260
|detailschange|p1a: Venusaur|Venusaur-Mega, F
|message|Venusaur has Mega Evolved into Mega Venusaur!
|move|p1a: Venusaur|Knock Off|p2a: Zetsu
|-supereffective|p2a: Zetsu
|-damage|p2a: Zetsu|24\/260
|-enditem|p2a: Zetsu|Life Orb|[from] move: Knock Off|[of] p1a: Venusaur
|
|turn|5
|
|move|p2a: Zetsu|Sludge Wave|p1a: Venusaur
|-damage|p1a: Venusaur|213\/364
|move|p1a: Venusaur|Giga Drain|p2a: Zetsu
|-resisted|p2a: Zetsu
|-damage|p2a: Zetsu|0 fnt
|-heal|p1a: Venusaur|225\/364|[from] drain|[of] p2a: Zetsu
|faint|p2a: Zetsu
|
|
|switch|p2a: Doomsday|Charizard, M|321\/321
|turn|6
|
|switch|p1a: Blissey|Blissey, F|652\/652
|-damage|p1a: Blissey|571\/652|[from] Spikes
|move|p2a: Doomsday|Dragon Dance|p2a: Doomsday
|-boost|p2a: Doomsday|atk|1
|-boost|p2a: Doomsday|spe|1
|
|-heal|p1a: Blissey|611\/652|[from] item: Leftovers
|turn|7
|
|detailschange|p2a: Doomsday|Charizard-Mega-X, M
|message|Charizard has Mega Evolved into Mega Charizard!
|move|p2a: Doomsday|Flare Blitz|p1a: Blissey
|-damage|p1a: Blissey|0 fnt
|-damage|p2a: Doomsday|119\/321|[from] recoil|[of] p1a: Blissey
|faint|p1a: Blissey
|
|
|switch|p1a: Hatemail|Gliscor, F|310\/354 tox
|turn|8
|
|switch|p2a: Racks|Ferrothorn, M|351\/351
|switch|p1a: Ferrothorn|Ferrothorn, F|352\/352
|-damage|p1a: Ferrothorn|308\/352|[from] Spikes
|
|turn|9
|
|switch|p2a: Doomsday|Charizard-Mega-X, M|119\/321
|move|p1a: Ferrothorn|Spikes|p2a: Doomsday
|-sidestart|p2: Steez Ibanez|Spikes
|
|turn|10
|
|move|p2a: Doomsday|Flare Blitz|p1a: Ferrothorn
|-supereffective|p1a: Ferrothorn
|-damage|p1a: Ferrothorn|0 fnt
|-damage|p2a: Doomsday|79\/321|[from] ability: Iron Barbs|[of] p1a: Ferrothorn
|-damage|p2a: Doomsday|0 fnt|[from] recoil|[of] p1a: Ferrothorn
|faint|p1a: Ferrothorn
|faint|p2a: Doomsday
|
|
|switch|p2a: Shock Wave|Excadrill, M|361\/361
|switch|p1a: Venusaur|Venusaur-Mega, F|225\/364
|-damage|p1a: Venusaur|180\/364|[from] Spikes
|-ability|p2a: Shock Wave|Mold Breaker
|-item|p2a: Shock Wave|Air Balloon
|turn|11
|
|move|p2a: Shock Wave|Iron Head|p1a: Venusaur
|-damage|p1a: Venusaur|38\/364
|move|p1a: Venusaur|Synthesis|p1a: Venusaur
|-heal|p1a: Venusaur|220\/364
|
|turn|12
|
|switch|p1a: : (|Doublade, M|322\/322
|-damage|p1a: : (|282\/322|[from] Spikes
|move|p2a: Shock Wave|Iron Head|p1a: : (
|-resisted|p1a: : (
|-damage|p1a: : (|252\/322
|
|turn|13
|
|move|p2a: Shock Wave|Earthquake|p1a: : (
|-supereffective|p1a: : (
|-damage|p1a: : (|94\/322
|move|p1a: : (|Shadow Claw|p2a: Shock Wave
|-damage|p2a: Shock Wave|226\/361
|-enditem|p2a: Shock Wave|Air Balloon
|
|turn|14
|
|switch|p1a: Hatemail|Gliscor, F|310\/354 tox
|move|p2a: Shock Wave|Iron Head|p1a: Hatemail
|-damage|p1a: Hatemail|207\/354 tox
|
|-heal|p1a: Hatemail|251\/354 tox|[from] ability: Poison Heal
|turn|15
|
|switch|p2a: Racks|Ferrothorn, M|351\/351
|-damage|p2a: Racks|308\/351|[from] Spikes
|move|p1a: Hatemail|Substitute|p1a: Hatemail
|-start|p1a: Hatemail|Substitute
|-damage|p1a: Hatemail|163\/354 tox
|
|-heal|p1a: Hatemail|207\/354 tox|[from] ability: Poison Heal
|turn|16
|
|move|p1a: Hatemail|Earthquake|p2a: Racks
|-damage|p2a: Racks|221\/351
|move|p2a: Racks|Spikes|p1a: Hatemail
|-sidestart|p1: MissLemonade|Spikes
|
|-heal|p1a: Hatemail|251\/354 tox|[from] ability: Poison Heal
|turn|17
|
|move|p1a: Hatemail|Earthquake|p2a: Racks
|-damage|p2a: Racks|140\/351
|move|p2a: Racks|Power Whip|p1a: Hatemail|[miss]
|-miss|p2a: Racks|p1a: Hatemail
|
|-heal|p1a: Hatemail|295\/354 tox|[from] ability: Poison Heal
|turn|18
|
|switch|p2a: Nuke|Azumarill, M|345\/345
|-damage|p2a: Nuke|302\/345|[from] Spikes
|move|p1a: Hatemail|Earthquake|p2a: Nuke
|-damage|p2a: Nuke|166\/345
|
|-heal|p1a: Hatemail|339\/354 tox|[from] ability: Poison Heal
|turn|19
|
|move|p2a: Nuke|Aqua Jet|p1a: Hatemail
|-supereffective|p1a: Hatemail
|-end|p1a: Hatemail|Substitute
|move|p1a: Hatemail|Toxic|p2a: Nuke
|-status|p2a: Nuke|tox
|
|-heal|p1a: Hatemail|354\/354 tox|[from] ability: Poison Heal
|-damage|p2a: Nuke|145\/345 tox|[from] psn
|turn|20
|
|switch|p1a: : (|Doublade, M|94\/322
|-damage|p1a: : (|41\/322|[from] Spikes
|switch|p2a: Racks|Ferrothorn, M|140\/351
|-damage|p2a: Racks|97\/351|[from] Spikes
|
|turn|21
|
|switch|p1a: Venusaur|Venusaur-Mega, F|220\/364
|-damage|p1a: Venusaur|160\/364|[from] Spikes
|move|p2a: Racks|Spikes|p1a: Venusaur
|-sidestart|p1: MissLemonade|Spikes
|
|turn|22
|
|move|p1a: Venusaur|Synthesis|p1a: Venusaur
|-heal|p1a: Venusaur|342\/364
|move|p2a: Racks|Thunder Wave|p1a: Venusaur
|-status|p1a: Venusaur|par
|
|turn|23
|
|switch|p1a: Hatemail|Gliscor, F|354\/354 tox
|move|p2a: Racks|Leech Seed|p1a: Hatemail
|-start|p1a: Hatemail|move: Leech Seed
|
|-damage|p1a: Hatemail|310\/354 tox|[from] Leech Seed|[of] p2a: Racks
|-heal|p2a: Racks|141\/351|[silent]
|-heal|p1a: Hatemail|354\/354 tox|[from] ability: Poison Heal
|turn|24
|
|switch|p1a: : (|Doublade, M|41\/322
|-damage|p1a: : (|0 fnt|[from] Spikes
|faint|p1a: : (
|move|p2a: Racks|Power Whip|p1: : (|[notarget]
|-notarget
|
|
|switch|p1a: Hatemail|Gliscor, F|354\/354 tox
|turn|25
|
|move|p1a: Hatemail|Substitute|p1a: Hatemail
|-start|p1a: Hatemail|Substitute
|-damage|p1a: Hatemail|266\/354 tox
|move|p2a: Racks|Power Whip|p1a: Hatemail|[miss]
|-miss|p2a: Racks|p1a: Hatemail
|
|-heal|p1a: Hatemail|310\/354 tox|[from] ability: Poison Heal
|turn|26
|
|move|p1a: Hatemail|Earthquake|p2a: Racks
|-damage|p2a: Racks|62\/351
|move|p2a: Racks|Power Whip|p1a: Hatemail
|-end|p1a: Hatemail|Substitute
|
|-heal|p1a: Hatemail|354\/354 tox|[from] ability: Poison Heal
|turn|27
|
|move|p1a: Hatemail|Substitute|p1a: Hatemail
|-start|p1a: Hatemail|Substitute
|-damage|p1a: Hatemail|266\/354 tox
|move|p2a: Racks|Power Whip|p1a: Hatemail
|-activate|p1a: Hatemail|Substitute|[damage]
|
|-heal|p1a: Hatemail|310\/354 tox|[from] ability: Poison Heal
|turn|28
|
|move|p1a: Hatemail|Earthquake|p2a: Racks
|-damage|p2a: Racks|0 fnt
|faint|p2a: Racks
|
|-heal|p1a: Hatemail|354\/354 tox|[from] ability: Poison Heal
|
|switch|p2a: Nuke|Azumarill, M|145\/345 tox
|-damage|p2a: Nuke|102\/345 tox|[from] Spikes
|turn|29
|
|move|p1a: Hatemail|Protect|p1a: Hatemail
|-singleturn|p1a: Hatemail|Protect
|move|p2a: Nuke|Aqua Jet|p1a: Hatemail
|-activate|p1a: Hatemail|Protect
|
|-damage|p2a: Nuke|81\/345 tox|[from] psn
|turn|30
|
|move|p2a: Nuke|Aqua Jet|p1a: Hatemail
|-supereffective|p1a: Hatemail
|-end|p1a: Hatemail|Substitute
|move|p1a: Hatemail|Substitute|p1a: Hatemail
|-start|p1a: Hatemail|Substitute
|-damage|p1a: Hatemail|266\/354 tox
|
|-heal|p1a: Hatemail|310\/354 tox|[from] ability: Poison Heal
|-damage|p2a: Nuke|39\/345 tox|[from] psn
|turn|31
|-message|Steez Ibanez forfeited.
|
|win|MissLemonade
|raw|Ladder updating...
|leave|Steez Ibanez
|player|p2
|raw|MissLemonade's rating: 1894 &rarr; <strong>1908<\/strong><br \/>(+14 for winning)
|raw|Steez Ibanez's rating: 1782 &rarr; <strong>1768<\/strong><br \/>(-14 for losing)