|join|Sir Slaking
|join|Steez Ibanez
|c|âSir Slaking|ny
|player|p1|Sir Slaking|99
|player|p2|Steez Ibanez|290
|gametype|singles
|gen|6
|tier|OU
|rated
|clearpoke
|poke|p1|Lopunny, M
|poke|p1|Gothitelle, F
|poke|p1|Landorus-Therian, M
|poke|p1|Rotom-Wash
|poke|p1|Greninja, M
|poke|p1|Ferrothorn, F
|poke|p2|Greninja, M
|poke|p2|Talonflame, M
|poke|p2|Garchomp, M
|poke|p2|Ferrothorn, M
|poke|p2|Gengar, M
|poke|p2|Metagross
|rule|Swagger Clause: Swagger is banned
|rule|Baton Pass Clause: Limit one PokÃ©mon knowing Baton Pass
|rule|Sleep Clause Mod: Limit one foe put to sleep
|rule|Species Clause: Limit one of each PokÃ©mon
|rule|OHKO Clause: OHKO moves are banned
|rule|Moody Clause: Moody is banned
|rule|Evasion Moves Clause: Evasion moves are banned
|rule|Endless Battle Clause: Forcing endless battles is banned
|rule|HP Percentage Mod: HP is shown in percentages
|teampreview
|
|start
|switch|p1a: Ferrothorn|Ferrothorn, F|352\/352
|switch|p2a: Kakashi|Greninja, M|285\/285
|turn|1
|
|move|p2a: Kakashi|Dark Pulse|p1a: Ferrothorn
|-start|p2a: Kakashi|typechange|Dark|[from] Protean
|-damage|p1a: Ferrothorn|212\/352
|-damage|p2a: Kakashi|257\/285|[from] item: Life Orb
|move|p1a: Ferrothorn|Stealth Rock|p2a: Kakashi
|-sidestart|p2: Steez Ibanez|move: Stealth Rock
|
|-heal|p1a: Ferrothorn|234\/352|[from] item: Leftovers
|turn|2
|
|switch|p2a: Yeezy|Ferrothorn, M|351\/351
|-damage|p2a: Yeezy|330\/351|[from] Stealth Rock
|switch|p1a: Rotom-Wash|Rotom-Wash|303\/303
|
|turn|3
|
|move|p1a: Rotom-Wash|Volt Switch|p2a: Yeezy
|-resisted|p2a: Yeezy
|-damage|p2a: Yeezy|294\/351
|
|switch|p1a: Lopunny|Lopunny, M|271\/271
|move|p2a: Yeezy|Spikes|p1a: Lopunny
|-sidestart|p1: Sir Slaking|Spikes
|
|turn|4
|
|detailschange|p1a: Lopunny|Lopunny-Mega, M
|-mega|p1a: Lopunny|Lopunny|Lopunnite
|move|p1a: Lopunny|Fire Punch|p2a: Yeezy
|-supereffective|p2a: Yeezy
|-damage|p2a: Yeezy|58\/351
|-damage|p1a: Lopunny|238\/271|[from] ability: Iron Barbs|[of] p2a: Yeezy
|move|p2a: Yeezy|Gyro Ball|p1a: Lopunny
|-damage|p1a: Lopunny|57\/271
|
|turn|5
|
|switch|p2a: Janemba|Garchomp, M|357\/357
|-damage|p2a: Janemba|335\/357|[from] Stealth Rock
|move|p1a: Lopunny|Fire Punch|p2a: Janemba
|-resisted|p2a: Janemba
|-damage|p2a: Janemba|283\/357
|-damage|p1a: Lopunny|24\/271|[from] ability: Rough Skin|[of] p2a: Janemba
|
|turn|6
|
|switch|p2a: Yeezy|Ferrothorn, M|58\/351
|-damage|p2a: Yeezy|37\/351|[from] Stealth Rock
|move|p1a: Lopunny|Ice Punch|p2a: Yeezy
|-damage|p2a: Yeezy|0 fnt
|-damage|p1a: Lopunny|0 fnt|[from] ability: Iron Barbs|[of] p2a: Yeezy
|faint|p1a: Lopunny
|faint|p2a: Yeezy
|
|
|switch|p2a: Kakashi|Greninja, M|257\/285
|switch|p1a: Rotom-Wash|Rotom-Wash|303\/303
|-damage|p2a: Kakashi|222\/285|[from] Stealth Rock
|turn|7
|
|move|p2a: Kakashi|Dark Pulse|p1a: Rotom-Wash
|-start|p2a: Kakashi|typechange|Dark|[from] Protean
|-damage|p1a: Rotom-Wash|194\/303
|-damage|p2a: Kakashi|194\/285|[from] item: Life Orb
|move|p1a: Rotom-Wash|Volt Switch|p2a: Kakashi
|-damage|p2a: Kakashi|79\/285
|
|switch|p1a: Landorus-Therian|Landorus-Therian, M|319\/319
|-ability|p1a: Landorus-Therian|Intimidate|[of] p2a: Kakashi
|-unboost|p2a: Kakashi|atk|1
|
|turn|8
|
|move|p1a: Landorus-Therian|U-turn|p2a: Kakashi
|-supereffective|p2a: Kakashi
|-damage|p2a: Kakashi|0 fnt
|faint|p2a: Kakashi
|
|switch|p1a: Rotom-Wash|Rotom-Wash|194\/303
|
|-heal|p1a: Rotom-Wash|212\/303|[from] item: Leftovers
|
|switch|p2a: Janemba|Garchomp, M|283\/357
|-damage|p2a: Janemba|261\/357|[from] Stealth Rock
|turn|9
|
|move|p2a: Janemba|Stealth Rock|p1a: Rotom-Wash
|-sidestart|p1: Sir Slaking|move: Stealth Rock
|move|p1a: Rotom-Wash|Will-O-Wisp|p2a: Janemba
|-status|p2a: Janemba|brn
|-enditem|p2a: Janemba|Lum Berry|[eat]
|-curestatus|p2a: Janemba|brn
|
|-heal|p1a: Rotom-Wash|230\/303|[from] item: Leftovers
|turn|10
|
|move|p2a: Janemba|Dragon Claw|p1a: Rotom-Wash
|-damage|p1a: Rotom-Wash|86\/303
|move|p1a: Rotom-Wash|Will-O-Wisp|p2a: Janemba
|-status|p2a: Janemba|brn
|
|-heal|p1a: Rotom-Wash|104\/303|[from] item: Leftovers
|-damage|p2a: Janemba|217\/357 brn|[from] brn
|turn|11
|
|switch|p1a: Ferrothorn|Ferrothorn, F|234\/352
|-damage|p1a: Ferrothorn|212\/352|[from] Stealth Rock
|-damage|p1a: Ferrothorn|168\/352|[from] Spikes
|move|p2a: Janemba|Dragon Claw|p1a: Ferrothorn
|-resisted|p1a: Ferrothorn
|-damage|p1a: Ferrothorn|144\/352
|-damage|p2a: Janemba|173\/357 brn|[from] ability: Iron Barbs|[of] p1a: Ferrothorn
|
|-heal|p1a: Ferrothorn|166\/352|[from] item: Leftovers
|-damage|p2a: Janemba|129\/357 brn|[from] brn
|turn|12
|
|move|p2a: Janemba|Fire Blast|p1a: Ferrothorn
|-supereffective|p1a: Ferrothorn
|-damage|p1a: Ferrothorn|0 fnt
|faint|p1a: Ferrothorn
|
|-damage|p2a: Janemba|85\/357 brn|[from] brn
|
|switch|p1a: Greninja|Greninja, M|285\/285
|-damage|p1a: Greninja|250\/285|[from] Stealth Rock
|-damage|p1a: Greninja|215\/285|[from] Spikes
|turn|13
|
|move|p1a: Greninja|Dark Pulse|p2a: Janemba
|-start|p1a: Greninja|typechange|Dark|[from] Protean
|-damage|p2a: Janemba|0 fnt
|-damage|p1a: Greninja|187\/285|[from] item: Life Orb
|faint|p2a: Janemba
|
|
|switch|p2a: Phoenix|Talonflame, M|359\/359
|-damage|p2a: Phoenix|180\/359|[from] Stealth Rock
|turn|14
|
|switch|p1a: Rotom-Wash|Rotom-Wash|104\/303
|-damage|p1a: Rotom-Wash|67\/303|[from] Stealth Rock
|move|p2a: Phoenix|Will-O-Wisp|p1a: Rotom-Wash
|-status|p1a: Rotom-Wash|brn
|
|-heal|p2a: Phoenix|202\/359|[from] item: Leftovers
|-heal|p1a: Rotom-Wash|85\/303 brn|[from] item: Leftovers
|-damage|p1a: Rotom-Wash|48\/303 brn|[from] brn
|turn|15
|
|move|p2a: Phoenix|Roost|p2a: Phoenix
|-heal|p2a: Phoenix|359\/359
|move|p1a: Rotom-Wash|Volt Switch|p2a: Phoenix
|-damage|p2a: Phoenix|280\/359
|
|switch|p1a: Gothitelle|Gothitelle, F|301\/301
|-damage|p1a: Gothitelle|264\/301|[from] Spikes
|-damage|p1a: Gothitelle|227\/301|[from] Stealth Rock
|
|-heal|p2a: Phoenix|302\/359|[from] item: Leftovers
|turn|16
|
|move|p2a: Phoenix|Brave Bird|p1a: Gothitelle
|-damage|p1a: Gothitelle|133\/301
|-damage|p2a: Phoenix|271\/359|[from] recoil|[of] p1a: Gothitelle
|move|p1a: Gothitelle|Psychic|p2a: Phoenix
|-damage|p2a: Phoenix|174\/359
|
|-heal|p2a: Phoenix|196\/359|[from] item: Leftovers
|turn|17
|
|move|p1a: Gothitelle|Psychic|p2a: Phoenix
|-damage|p2a: Phoenix|111\/359
|move|p2a: Phoenix|Will-O-Wisp|p1a: Gothitelle
|-status|p1a: Gothitelle|brn
|
|-heal|p2a: Phoenix|133\/359|[from] item: Leftovers
|-damage|p1a: Gothitelle|96\/301 brn|[from] brn
|turn|18
|
|move|p2a: Phoenix|Roost|p2a: Phoenix
|-heal|p2a: Phoenix|313\/359
|move|p1a: Gothitelle|Psychic|p2a: Phoenix
|-damage|p2a: Phoenix|225\/359
|
|-heal|p2a: Phoenix|247\/359|[from] item: Leftovers
|-damage|p1a: Gothitelle|59\/301 brn|[from] brn
|turn|19
|
|move|p2a: Phoenix|Roost|p2a: Phoenix
|-heal|p2a: Phoenix|359\/359
|move|p1a: Gothitelle|Psychic|p2a: Phoenix
|-crit|p2a: Phoenix
|-damage|p2a: Phoenix|220\/359
|
|-heal|p2a: Phoenix|242\/359|[from] item: Leftovers
|-damage|p1a: Gothitelle|22\/301 brn|[from] brn
|turn|20
|
|move|p2a: Phoenix|Brave Bird|p1a: Gothitelle
|-damage|p1a: Gothitelle|0 fnt
|-damage|p2a: Phoenix|235\/359|[from] recoil|[of] p1a: Gothitelle
|faint|p1a: Gothitelle
|
|-heal|p2a: Phoenix|257\/359|[from] item: Leftovers
|
|switch|p1a: Landorus-Therian|Landorus-Therian, M|319\/319
|-damage|p1a: Landorus-Therian|280\/319|[from] Stealth Rock
|-ability|p1a: Landorus-Therian|Intimidate|[of] p2a: Phoenix
|-unboost|p2a: Phoenix|atk|1
|turn|21
|
|switch|p2a: Bane|Metagross|301\/301
|-damage|p2a: Bane|283\/301|[from] Stealth Rock
|move|p1a: Landorus-Therian|Stone Edge|p2a: Bane|[miss]
|-miss|p1a: Landorus-Therian|p2a: Bane
|
|turn|22
|
|switch|p1a: Rotom-Wash|Rotom-Wash|48\/303 brn
|-damage|p1a: Rotom-Wash|11\/303 brn|[from] Stealth Rock
|detailschange|p2a: Bane|Metagross-Mega
|-mega|p2a: Bane|Metagross|Metagrossite
|move|p2a: Bane|Meteor Mash|p1a: Rotom-Wash|[miss]
|-miss|p2a: Bane|p1a: Rotom-Wash
|
|-heal|p1a: Rotom-Wash|29\/303 brn|[from] item: Leftovers
|-damage|p1a: Rotom-Wash|0 fnt|[from] brn
|faint|p1a: Rotom-Wash
|
|switch|p1a: Greninja|Greninja, M|187\/285
|-damage|p1a: Greninja|152\/285|[from] Stealth Rock
|-damage|p1a: Greninja|117\/285|[from] Spikes
|turn|23
|
|switch|p2a: Zetsu|Gengar, M|261\/261
|-damage|p2a: Zetsu|229\/261|[from] Stealth Rock
|move|p1a: Greninja|Dark Pulse|p2a: Zetsu
|-start|p1a: Greninja|typechange|Dark|[from] Protean
|-supereffective|p2a: Zetsu
|-damage|p2a: Zetsu|0 fnt
|-damage|p1a: Greninja|89\/285|[from] item: Life Orb
|faint|p2a: Zetsu
|
|
|switch|p2a: Phoenix|Talonflame, M|257\/359
|-damage|p2a: Phoenix|78\/359|[from] Stealth Rock
|turn|24
|
|move|p2a: Phoenix|Brave Bird|p1a: Greninja
|-damage|p1a: Greninja|0 fnt
|-damage|p2a: Phoenix|49\/359|[from] recoil|[of] p1a: Greninja
|faint|p1a: Greninja
|
|-heal|p2a: Phoenix|71\/359|[from] item: Leftovers
|
|switch|p1a: Landorus-Therian|Landorus-Therian, M|280\/319
|-damage|p1a: Landorus-Therian|241\/319|[from] Stealth Rock
|-ability|p1a: Landorus-Therian|Intimidate|[of] p2a: Phoenix
|-unboost|p2a: Phoenix|atk|1
|turn|25
|
|move|p1a: Landorus-Therian|Knock Off|p2a: Phoenix
|-damage|p2a: Phoenix|0 fnt
|-enditem|p2a: Phoenix|Leftovers|[from] move: Knock Off|[of] p1a: Landorus-Therian
|faint|p2a: Phoenix
|
|
|switch|p2a: Bane|Metagross-Mega|283\/301
|-damage|p2a: Bane|265\/301|[from] Stealth Rock
|turn|26
|c|âSteez Ibanez|gg
|
|move|p1a: Landorus-Therian|Knock Off|p2a: Bane
|-supereffective|p2a: Bane
|-damage|p2a: Bane|145\/301
|move|p2a: Bane|Ice Punch|p1a: Landorus-Therian
|-supereffective|p1a: Landorus-Therian
|-damage|p1a: Landorus-Therian|0 fnt
|faint|p1a: Landorus-Therian
|
|win|Steez Ibanez
|raw|Ladder updating...
|raw|Sir Slaking's rating: 1521 &rarr; <strong>1503<\/strong><br \/>(-18 for losing)
|raw|Steez Ibanez's rating: 1552 &rarr; <strong>1571<\/strong><br \/>(+19 for winning)