|join|Louisxd
|join|Steez Ibanez
|player|p1|Louisxd|165
|player|p2|Steez Ibanez|290
|gametype|singles
|gen|6
|tier|OU
|rated
|clearpoke
|poke|p1|Scizor, M
|poke|p1|Slowbro, M
|poke|p1|Landorus, M
|poke|p1|Latios, M
|poke|p1|Keldeo
|poke|p1|Heatran, M
|poke|p2|Lopunny, M
|poke|p2|Talonflame, M
|poke|p2|Latios, M
|poke|p2|Rotom-Wash
|poke|p2|Landorus-Therian, M
|poke|p2|Weavile, M
|rule|Swagger Clause: Swagger is banned
|rule|Baton Pass Clause: Limit one PokÃ©mon knowing Baton Pass
|rule|Sleep Clause Mod: Limit one foe put to sleep
|rule|Species Clause: Limit one of each PokÃ©mon
|rule|OHKO Clause: OHKO moves are banned
|rule|Moody Clause: Moody is banned
|rule|Evasion Moves Clause: Evasion moves are banned
|rule|Endless Battle Clause: Forcing endless battles is banned
|rule|HP Percentage Mod: HP is shown in percentages
|teampreview
|
|start
|switch|p1a: Sakuragi|Landorus, M|319\/319
|switch|p2a: Ursurper|Weavile, M|281\/281
|-ability|p2a: Ursurper|Pressure
|turn|1
|
|switch|p1a: Edward Elric|Scizor, M|343\/343
|move|p2a: Ursurper|Knock Off|p1a: Edward Elric
|-crit|p1a: Edward Elric
|-damage|p1a: Edward Elric|117\/343
|-damage|p2a: Ursurper|253\/281|[from] item: Life Orb
|
|turn|2
|
|switch|p2a: Lavadora|Rotom-Wash|303\/303
|detailschange|p1a: Edward Elric|Scizor-Mega, M
|-mega|p1a: Edward Elric|Scizor|Scizorite
|move|p1a: Edward Elric|U-turn|p2a: Lavadora
|-damage|p2a: Lavadora|206\/303
|
|switch|p1a: Hikari Picasso|Latios, M|301\/301
|
|-heal|p2a: Lavadora|224\/303|[from] item: Leftovers
|turn|3
|
|switch|p2a: Phoenix|Talonflame, M|359\/359
|move|p1a: Hikari Picasso|Draco Meteor|p2a: Phoenix
|-damage|p2a: Phoenix|157\/359
|-unboost|p1a: Hikari Picasso|spa|2
|
|-heal|p2a: Phoenix|179\/359|[from] item: Leftovers
|turn|4
|
|switch|p1a: Pluto|Heatran, M|385\/385
|switch|p2a: Ursurper|Weavile, M|253\/281
|-ability|p2a: Ursurper|Pressure
|
|turn|5
|
|switch|p1a: Edward Elric|Scizor-Mega, M|117\/343
|move|p2a: Ursurper|Taunt|p1a: Edward Elric
|-start|p1a: Edward Elric|move: Taunt
|
|turn|6
|
|switch|p2a: Phoenix|Talonflame, M|179\/359
|move|p1a: Edward Elric|U-turn|p2a: Phoenix
|-resisted|p2a: Phoenix
|-damage|p2a: Phoenix|137\/359
|
|switch|p1a: Pluto|Heatran, M|385\/385
|
|-heal|p2a: Phoenix|159\/359|[from] item: Leftovers
|turn|7
|
|move|p2a: Phoenix|Taunt|p1a: Pluto
|-start|p1a: Pluto|move: Taunt
|move|p1a: Pluto|Magma Storm|p2a: Phoenix
|-resisted|p2a: Phoenix
|-damage|p2a: Phoenix|89\/359
|-activate|p2a: Phoenix|move: Magma Storm|[of] p1a: Pluto
|
|-heal|p2a: Phoenix|111\/359|[from] item: Leftovers
|-damage|p2a: Phoenix|67\/359|[from] move: Magma Storm|[partiallytrapped]
|turn|8
|
|move|p2a: Phoenix|Roost|p2a: Phoenix
|-heal|p2a: Phoenix|247\/359
|move|p1a: Pluto|Earth Power|p2a: Phoenix
|-supereffective|p2a: Phoenix
|-damage|p2a: Phoenix|75\/359
|
|-heal|p2a: Phoenix|97\/359|[from] item: Leftovers
|-damage|p2a: Phoenix|53\/359|[from] move: Magma Storm|[partiallytrapped]
|turn|9
|
|move|p2a: Phoenix|Roost|p2a: Phoenix
|-heal|p2a: Phoenix|233\/359
|move|p1a: Pluto|Earth Power|p2a: Phoenix
|-supereffective|p2a: Phoenix
|-damage|p2a: Phoenix|85\/359
|
|-heal|p2a: Phoenix|107\/359|[from] item: Leftovers
|-damage|p2a: Phoenix|63\/359|[from] move: Magma Storm|[partiallytrapped]
|-end|p1a: Pluto|move: Taunt
|turn|10
|
|move|p2a: Phoenix|Roost|p2a: Phoenix
|-heal|p2a: Phoenix|243\/359
|move|p1a: Pluto|Magma Storm|p2a: Phoenix
|-resisted|p2a: Phoenix
|-damage|p2a: Phoenix|178\/359
|
|-heal|p2a: Phoenix|200\/359|[from] item: Leftovers
|-damage|p2a: Phoenix|156\/359|[from] move: Magma Storm|[partiallytrapped]
|turn|11
|
|move|p2a: Phoenix|Taunt|p1a: Pluto
|-start|p1a: Pluto|move: Taunt
|move|p1a: Pluto|Magma Storm|p2a: Phoenix
|-resisted|p2a: Phoenix
|-damage|p2a: Phoenix|89\/359
|
|-heal|p2a: Phoenix|111\/359|[from] item: Leftovers
|-end|p2a: Phoenix|Magma Storm|[partiallytrapped]
|turn|12
|
|move|p2a: Phoenix|Roost|p2a: Phoenix
|-heal|p2a: Phoenix|291\/359
|move|p1a: Pluto|Earth Power|p2a: Phoenix
|-supereffective|p2a: Phoenix
|-damage|p2a: Phoenix|135\/359
|
|-heal|p2a: Phoenix|157\/359|[from] item: Leftovers
|turn|13
|
|switch|p2a: Badass|Latios, M|299\/299
|move|p1a: Pluto|Magma Storm|p2a: Badass
|-resisted|p2a: Badass
|-damage|p2a: Badass|227\/299
|-activate|p2a: Badass|move: Magma Storm|[of] p1a: Pluto
|
|-damage|p2a: Badass|190\/299|[from] move: Magma Storm|[partiallytrapped]
|-end|p1a: Pluto|move: Taunt
|turn|14
|
|move|p2a: Badass|Earthquake|p1a: Pluto
|-supereffective|p1a: Pluto
|-damage|p1a: Pluto|21\/385
|-damage|p2a: Badass|161\/299|[from] item: Life Orb
|move|p1a: Pluto|Toxic|p2a: Badass
|-status|p2a: Badass|tox
|
|-heal|p1a: Pluto|45\/385|[from] item: Leftovers
|-damage|p2a: Badass|143\/299 tox|[from] psn
|-damage|p2a: Badass|106\/299 tox|[from] move: Magma Storm|[partiallytrapped]
|turn|15
|
|move|p2a: Badass|Draco Meteor|p1a: Pluto
|-resisted|p1a: Pluto
|-damage|p1a: Pluto|0 fnt
|-unboost|p2a: Badass|spa|2
|-damage|p2a: Badass|77\/299 tox|[from] item: Life Orb
|faint|p1a: Pluto
|
|-damage|p2a: Badass|41\/299 tox|[from] psn
|-end|p2a: Badass|Magma Storm|[partiallytrapped]
|
|switch|p1a: Sakuragi|Landorus, M|319\/319
|turn|16
|
|move|p2a: Badass|Draco Meteor|p1a: Sakuragi
|-damage|p1a: Sakuragi|127\/319
|-unboost|p2a: Badass|spa|2
|-damage|p2a: Badass|12\/299 tox|[from] item: Life Orb
|move|p1a: Sakuragi|Stealth Rock|p2a: Badass
|-sidestart|p2: Steez Ibanez|move: Stealth Rock
|
|-damage|p2a: Badass|0 fnt|[from] psn
|faint|p2a: Badass
|
|switch|p2a: CM Punk|Lopunny, M|271\/271
|-damage|p2a: CM Punk|238\/271|[from] Stealth Rock
|turn|17
|
|switch|p1a: Hikaru|Slowbro, M|394\/394
|detailschange|p2a: CM Punk|Lopunny-Mega, M
|-mega|p2a: CM Punk|Lopunny|Lopunnite
|move|p2a: CM Punk|Return|p1a: Hikaru
|-damage|p1a: Hikaru|267\/394
|
|-heal|p1a: Hikaru|291\/394|[from] item: Leftovers
|turn|18
|
|switch|p2a: Lavadora|Rotom-Wash|224\/303
|-damage|p2a: Lavadora|187\/303|[from] Stealth Rock
|switch|p1a: Hikari Picasso|Latios, M|301\/301
|
|-heal|p2a: Lavadora|205\/303|[from] item: Leftovers
|turn|19
|
|move|p1a: Hikari Picasso|Draco Meteor|p2a: Lavadora|[miss]
|-miss|p1a: Hikari Picasso|p2a: Lavadora
|move|p2a: Lavadora|Pain Split|p1a: Hikari Picasso
|-sethp|p1a: Hikari Picasso|253\/301|p2a: Lavadora|253\/303|[from] move: Pain Split
|
|-heal|p2a: Lavadora|271\/303|[from] item: Leftovers
|turn|20
|
|move|p1a: Hikari Picasso|Draco Meteor|p2a: Lavadora
|-damage|p2a: Lavadora|34\/303
|-unboost|p1a: Hikari Picasso|spa|2
|move|p2a: Lavadora|Pain Split|p1a: Hikari Picasso
|-sethp|p1a: Hikari Picasso|143\/301|p2a: Lavadora|143\/303|[from] move: Pain Split
|
|-heal|p2a: Lavadora|161\/303|[from] item: Leftovers
|turn|21
|
|switch|p1a: Sakuragi|Landorus, M|127\/319
|move|p2a: Lavadora|Will-O-Wisp|p1a: Sakuragi
|-status|p1a: Sakuragi|brn
|
|-heal|p2a: Lavadora|179\/303|[from] item: Leftovers
|-damage|p1a: Sakuragi|88\/319 brn|[from] brn
|turn|22
|
|switch|p2a: Phoenix|Talonflame, M|157\/359
|-damage|p2a: Phoenix|0 fnt|[from] Stealth Rock
|faint|p2a: Phoenix
|move|p1a: Sakuragi|Focus Blast|p2: Phoenix|[notarget]
|-notarget
|
|-damage|p1a: Sakuragi|49\/319 brn|[from] brn
|
|switch|p2a: CM Punk|Lopunny-Mega, M|238\/271
|-damage|p2a: CM Punk|222\/271|[from] Stealth Rock
|turn|23
|
|switch|p1a: Hikaru|Slowbro, M|394\/394
|move|p2a: CM Punk|Return|p1a: Hikaru
|-damage|p1a: Hikaru|277\/394
|
|-heal|p1a: Hikaru|301\/394|[from] item: Leftovers
|turn|24
|
|move|p2a: CM Punk|Return|p1a: Hikaru
|-damage|p1a: Hikaru|180\/394
|move|p1a: Hikaru|Scald|p2a: CM Punk
|-damage|p2a: CM Punk|126\/271
|
|-heal|p1a: Hikaru|204\/394|[from] item: Leftovers
|turn|25
|
|switch|p2a: Lavadora|Rotom-Wash|179\/303
|-damage|p2a: Lavadora|142\/303|[from] Stealth Rock
|move|p1a: Hikaru|Scald|p2a: Lavadora
|-resisted|p2a: Lavadora
|-damage|p2a: Lavadora|97\/303
|
|-heal|p2a: Lavadora|115\/303|[from] item: Leftovers
|-heal|p1a: Hikaru|228\/394|[from] item: Leftovers
|turn|26
|
|switch|p1a: Sakuragi|Landorus, M|49\/319 brn
|move|p2a: Lavadora|Hydro Pump|p1a: Sakuragi
|-supereffective|p1a: Sakuragi
|-damage|p1a: Sakuragi|0 fnt
|faint|p1a: Sakuragi
|
|-heal|p2a: Lavadora|133\/303|[from] item: Leftovers
|
|switch|p1a: Hikari Picasso|Latios, M|143\/301
|turn|27
|
|switch|p2a: Shukaku|Landorus-Therian, M|381\/381
|-damage|p2a: Shukaku|334\/381|[from] Stealth Rock
|-ability|p2a: Shukaku|Intimidate|[of] p1a: Hikari Picasso
|-unboost|p1a: Hikari Picasso|atk|1
|move|p1a: Hikari Picasso|Draco Meteor|p2a: Shukaku
|-damage|p2a: Shukaku|51\/381
|-unboost|p1a: Hikari Picasso|spa|2
|
|-heal|p2a: Shukaku|74\/381|[from] item: Leftovers
|turn|28
|
|move|p1a: Hikari Picasso|Draco Meteor|p2a: Shukaku
|-damage|p2a: Shukaku|0 fnt
|-unboost|p1a: Hikari Picasso|spa|2
|faint|p2a: Shukaku
|
|
|switch|p2a: Lavadora|Rotom-Wash|133\/303
|-damage|p2a: Lavadora|96\/303|[from] Stealth Rock
|turn|29
|
|switch|p1a: Hikaru|Slowbro, M|359\/394
|move|p2a: Lavadora|Pain Split|p1a: Hikaru
|-sethp|p1a: Hikaru|227\/394|p2a: Lavadora|227\/303|[from] move: Pain Split
|
|-heal|p2a: Lavadora|245\/303|[from] item: Leftovers
|-heal|p1a: Hikaru|251\/394|[from] item: Leftovers
|turn|30
|
|move|p2a: Lavadora|Will-O-Wisp|p1a: Hikaru
|-status|p1a: Hikaru|brn
|move|p1a: Hikaru|Scald|p2a: Lavadora
|-resisted|p2a: Lavadora
|-damage|p2a: Lavadora|204\/303
|
|-heal|p2a: Lavadora|222\/303|[from] item: Leftovers
|-heal|p1a: Hikaru|275\/394 brn|[from] item: Leftovers
|-damage|p1a: Hikaru|226\/394 brn|[from] brn
|turn|31
|
|switch|p1a: Hikari Picasso|Latios, M|143\/301
|move|p2a: Lavadora|Volt Switch|p1a: Hikari Picasso
|-resisted|p1a: Hikari Picasso
|-damage|p1a: Hikari Picasso|100\/301
|
|switch|p2a: Ursurper|Weavile, M|253\/281
|-damage|p2a: Ursurper|183\/281|[from] Stealth Rock
|-ability|p2a: Ursurper|Pressure
|
|turn|32
|
|switch|p1a: Meiko|Keldeo|323\/323
|move|p2a: Ursurper|Ice Shard|p1a: Meiko
|-resisted|p1a: Meiko
|-damage|p1a: Meiko|271\/323
|-damage|p2a: Ursurper|155\/281|[from] item: Life Orb
|
|-heal|p1a: Meiko|291\/323|[from] item: Leftovers
|turn|33
|
|move|p2a: Ursurper|Knock Off|p1a: Meiko
|-resisted|p1a: Meiko
|-damage|p1a: Meiko|166\/323
|-boost|p1a: Meiko|atk|1|[from] ability: Justified
|-enditem|p1a: Meiko|Leftovers|[from] move: Knock Off|[of] p2a: Ursurper
|-damage|p2a: Ursurper|127\/281|[from] item: Life Orb
|move|p1a: Meiko|Substitute|p1a: Meiko
|-start|p1a: Meiko|Substitute
|-damage|p1a: Meiko|86\/323
|
|turn|34
|join|471V3
|
|move|p2a: Ursurper|Icicle Crash|p1a: Meiko
|-resisted|p1a: Meiko
|-end|p1a: Meiko|Substitute
|-damage|p2a: Ursurper|99\/281|[from] item: Life Orb
|move|p1a: Meiko|Secret Sword|p2a: Ursurper
|-supereffective|p2a: Ursurper
|-damage|p2a: Ursurper|0 fnt
|faint|p2a: Ursurper
|
|
|switch|p2a: CM Punk|Lopunny-Mega, M|126\/271
|-damage|p2a: CM Punk|110\/271|[from] Stealth Rock
|turn|35
|
|switch|p1a: Hikaru|Slowbro, M|357\/394 brn
|move|p2a: CM Punk|Return|p1a: Hikaru
|-damage|p1a: Hikaru|224\/394 brn
|
|-heal|p1a: Hikaru|248\/394 brn|[from] item: Leftovers
|-damage|p1a: Hikaru|199\/394 brn|[from] brn
|turn|36
|
|move|p2a: CM Punk|Return|p1a: Hikaru
|-damage|p1a: Hikaru|73\/394 brn
|move|p1a: Hikaru|Scald|p2a: CM Punk
|-damage|p2a: CM Punk|7\/271
|-status|p2a: CM Punk|brn
|
|-heal|p1a: Hikaru|97\/394 brn|[from] item: Leftovers
|-damage|p2a: CM Punk|0 fnt|[from] brn
|-damage|p1a: Hikaru|48\/394 brn|[from] brn
|faint|p2a: CM Punk
|-message|Steez Ibanez forfeited.
|
|win|Louisxd
|raw|Ladder updating...
|leave|Steez Ibanez
|player|p2
|raw|Louisxd's rating: 1683 &rarr; <strong>1707<\/strong><br \/>(+24 for winning)
|raw|Steez Ibanez's rating: 1741 &rarr; <strong>1717<\/strong><br \/>(-24 for losing)