|join|Invok3r
|join|Steez Ibanez
|player|p1|Invok3r|250
|player|p2|Steez Ibanez|290
|gametype|singles
|gen|6
|tier|OU (suspect test)
|rated
|clearpoke
|poke|p1|Azelf
|poke|p1|Absol, F, shiny
|poke|p1|Kyurem-Black
|poke|p1|Azumarill, F
|poke|p1|Scizor, F
|poke|p1|Manaphy, shiny
|poke|p2|Gyarados, M
|poke|p2|Magnezone
|poke|p2|Talonflame, M
|poke|p2|Garchomp, M
|poke|p2|Gengar, M
|poke|p2|Ferrothorn, M
|rule|Swagger Clause: Swagger is banned
|rule|Baton Pass Clause: Limit one PokÃ©mon knowing Baton Pass
|rule|Sleep Clause Mod: Limit one foe put to sleep
|rule|Species Clause: Limit one of each PokÃ©mon
|rule|OHKO Clause: OHKO moves are banned
|rule|Moody Clause: Moody is banned
|rule|Evasion Moves Clause: Evasion moves are banned
|rule|Endless Battle Clause: Forcing endless battles is banned
|rule|HP Percentage Mod: HP is shown in percentages
|teampreview
|
|start
|switch|p1a: Azelf|Azelf|291\/291
|switch|p2a: Zetsu|Gengar, M|261\/261
|turn|1
|
|move|p2a: Zetsu|Shadow Ball|p1a: Azelf
|-supereffective|p1a: Azelf
|-enditem|p1a: Azelf|Focus Sash
|-damage|p1a: Azelf|1\/291
|-damage|p2a: Zetsu|235\/261|[from] item: Life Orb
|move|p1a: Azelf|Stealth Rock|p2a: Zetsu
|-sidestart|p2: Steez Ibanez|move: Stealth Rock
|
|turn|2
|
|move|p2a: Zetsu|Shadow Ball|p1a: Azelf
|-supereffective|p1a: Azelf
|-damage|p1a: Azelf|0 fnt
|-damage|p2a: Zetsu|209\/261|[from] item: Life Orb
|faint|p1a: Azelf
|
|
|switch|p1a: Scizor|Scizor, F|343\/343
|turn|3
|
|move|p2a: Zetsu|Shadow Ball|p1a: Scizor
|-damage|p1a: Scizor|129\/343
|-unboost|p1a: Scizor|spd|1
|-damage|p2a: Zetsu|183\/261|[from] item: Life Orb
|move|p1a: Scizor|U-turn|p2a: Zetsu
|-resisted|p2a: Zetsu
|-damage|p2a: Zetsu|112\/261
|
|switch|p1a: Azumarill|Azumarill, F|345\/345
|
|turn|4
|
|move|p2a: Zetsu|Sludge Wave|p1a: Azumarill
|-supereffective|p1a: Azumarill
|-damage|p1a: Azumarill|88\/345
|-damage|p2a: Zetsu|86\/261|[from] item: Life Orb
|move|p1a: Azumarill|Knock Off|p2a: Zetsu
|-supereffective|p2a: Zetsu
|-damage|p2a: Zetsu|0 fnt
|-enditem|p2a: Zetsu|Life Orb|[from] move: Knock Off|[of] p1a: Azumarill
|faint|p2a: Zetsu
|
|
|switch|p2a: Janemba|Garchomp, M|357\/357
|-damage|p2a: Janemba|335\/357|[from] Stealth Rock
|turn|5
|
|move|p2a: Janemba|Stealth Rock|p1a: Azumarill
|-sidestart|p1: Invok3r|move: Stealth Rock
|move|p1a: Azumarill|Play Rough|p2a: Janemba
|-supereffective|p2a: Janemba
|-damage|p2a: Janemba|0 fnt
|-damage|p1a: Azumarill|45\/345|[from] ability: Rough Skin|[of] p2a: Janemba
|faint|p2a: Janemba
|
|
|switch|p2a: Yeezy|Ferrothorn, M|351\/351
|-damage|p2a: Yeezy|330\/351|[from] Stealth Rock
|turn|6
|
|move|p1a: Azumarill|Knock Off|p2a: Yeezy
|-damage|p2a: Yeezy|244\/351
|-damage|p1a: Azumarill|2\/345|[from] ability: Iron Barbs|[of] p2a: Yeezy
|-enditem|p2a: Yeezy|Shed Shell|[from] move: Knock Off|[of] p1a: Azumarill
|move|p2a: Yeezy|Spikes|p1a: Azumarill
|-sidestart|p1: Invok3r|Spikes
|
|turn|7
|
|move|p1a: Azumarill|Knock Off|p2a: Yeezy
|-damage|p2a: Yeezy|184\/351
|-damage|p1a: Azumarill|0 fnt|[from] ability: Iron Barbs|[of] p2a: Yeezy
|faint|p1a: Azumarill
|move|p2a: Yeezy|Spikes|p1: Azumarill
|-sidestart|p1: Invok3r|Spikes
|
|
|switch|p1a: Scizor|Scizor, F|129\/343
|-damage|p1a: Scizor|87\/343|[from] Stealth Rock
|-damage|p1a: Scizor|30\/343|[from] Spikes
|turn|8
|
|move|p1a: Scizor|Superpower|p2a: Yeezy
|-supereffective|p2a: Yeezy
|-damage|p2a: Yeezy|0 fnt
|-damage|p1a: Scizor|0 fnt|[from] ability: Iron Barbs|[of] p2a: Yeezy
|faint|p1a: Scizor
|faint|p2a: Yeezy
|
|
|switch|p1a: Absol|Absol, F, shiny|271\/271
|switch|p2a: Leviathan|Gyarados, M|331\/331
|-damage|p1a: Absol|238\/271|[from] Stealth Rock
|-damage|p1a: Absol|193\/271|[from] Spikes
|-damage|p2a: Leviathan|249\/331|[from] Stealth Rock
|-ability|p2a: Leviathan|Intimidate|[of] p1a: Absol
|-unboost|p1a: Absol|atk|1
|turn|9
|
|detailschange|p1a: Absol|Absol-Mega, F, shiny
|-mega|p1a: Absol|Absol|Absolite
|detailschange|p2a: Leviathan|Gyarados-Mega, M
|-mega|p2a: Leviathan|Gyarados|Gyaradosite
|-ability|p2a: Leviathan|Mold Breaker
|move|p1a: Absol|Superpower|p2a: Leviathan
|-supereffective|p2a: Leviathan
|-damage|p2a: Leviathan|35\/331
|-unboost|p1a: Absol|atk|1
|-unboost|p1a: Absol|def|1
|move|p2a: Leviathan|Dragon Dance|p2a: Leviathan
|-boost|p2a: Leviathan|atk|1
|-boost|p2a: Leviathan|spe|1
|
|turn|10
|
|move|p1a: Absol|Sucker Punch|p2a: Leviathan
|-resisted|p2a: Leviathan
|-damage|p2a: Leviathan|0 fnt
|faint|p2a: Leviathan
|
|
|switch|p2a: Phoenix|Talonflame, M|359\/359
|-damage|p2a: Phoenix|180\/359|[from] Stealth Rock
|turn|11
|
|move|p2a: Phoenix|Roost|p2a: Phoenix
|-heal|p2a: Phoenix|359\/359
|move|p1a: Absol|Swords Dance|p1a: Absol
|-boost|p1a: Absol|atk|2
|
|turn|12
|
|move|p2a: Phoenix|Brave Bird|p1a: Absol
|-damage|p1a: Absol|0 fnt
|-damage|p2a: Phoenix|295\/359|[from] recoil|[of] p1a: Absol
|faint|p1a: Absol
|
|-heal|p2a: Phoenix|317\/359|[from] item: Leftovers
|
|switch|p1a: Manaphy|Manaphy, shiny|354\/354
|-damage|p1a: Manaphy|310\/354|[from] Stealth Rock
|-damage|p1a: Manaphy|251\/354|[from] Spikes
|turn|13
|
|move|p2a: Phoenix|Will-O-Wisp|p1a: Manaphy
|-status|p1a: Manaphy|brn
|move|p1a: Manaphy|Surf|p2a: Phoenix
|-supereffective|p2a: Phoenix
|-damage|p2a: Phoenix|65\/359
|
|-heal|p2a: Phoenix|87\/359|[from] item: Leftovers
|-heal|p1a: Manaphy|273\/354 brn|[from] item: Leftovers
|-damage|p1a: Manaphy|229\/354 brn|[from] brn
|turn|14
|
|move|p2a: Phoenix|Roost|p2a: Phoenix
|-heal|p2a: Phoenix|267\/359
|move|p1a: Manaphy|Surf|p2a: Phoenix
|-supereffective|p2a: Phoenix
|-damage|p2a: Phoenix|0 fnt
|faint|p2a: Phoenix
|
|-heal|p1a: Manaphy|251\/354 brn|[from] item: Leftovers
|-damage|p1a: Manaphy|207\/354 brn|[from] brn
|
|switch|p2a: MAG|Magnezone|281\/281
|-damage|p2a: MAG|264\/281|[from] Stealth Rock
|turn|15
|
|move|p1a: Manaphy|Surf|p2a: MAG
|-damage|p2a: MAG|90\/281
|move|p2a: MAG|Flash Cannon|p1a: Manaphy
|-resisted|p1a: Manaphy
|-damage|p1a: Manaphy|105\/354 brn
|
|-heal|p1a: Manaphy|127\/354 brn|[from] item: Leftovers
|-damage|p1a: Manaphy|83\/354 brn|[from] brn
|turn|16
|-message|Steez Ibanez forfeited.
|
|win|Invok3r
|raw|Ladder updating...
|leave|Steez Ibanez
|player|p2
|raw|Invok3r's rating: 1545 &rarr; <strong>1561<\/strong><br \/>(+16 for winning)
|raw|Steez Ibanez's rating: 1475 &rarr; <strong>1459<\/strong><br \/>(-16 for losing)