|join|TRAITORSMUSTBEDEAD
|join|Steez Ibanez
|player|p1|TRAITORSMUSTBEDEAD|167
|player|p2|Steez Ibanez|290
|gametype|singles
|gen|6
|tier|OU (suspect test)
|rated
|clearpoke
|poke|p1|Gallade, M
|poke|p1|Heatran, F
|poke|p1|Landorus, M
|poke|p1|Kyurem-Black
|poke|p1|Slowbro, M
|poke|p1|Zapdos
|poke|p2|Gyarados, M
|poke|p2|Magnezone
|poke|p2|Talonflame, M
|poke|p2|Garchomp, M
|poke|p2|Gengar, M
|poke|p2|Ferrothorn, M
|rule|Swagger Clause: Swagger is banned
|rule|Baton Pass Clause: Limit one PokÃ©mon knowing Baton Pass
|rule|Sleep Clause Mod: Limit one foe put to sleep
|rule|Species Clause: Limit one of each PokÃ©mon
|rule|OHKO Clause: OHKO moves are banned
|rule|Moody Clause: Moody is banned
|rule|Evasion Moves Clause: Evasion moves are banned
|rule|Endless Battle Clause: Forcing endless battles is banned
|rule|HP Percentage Mod: HP is shown in percentages
|teampreview
|c|âSteez Ibanez|nice team
|c|âSteez Ibanez|i like the lando slowbro and kyurem core
|
|start
|switch|p1a: Duel-Master|Gallade, M|277\/277
|switch|p2a: Zetsu|Gengar, M|261\/261
|turn|1
|
|switch|p1a: LavaDog|Heatran, F|385\/385
|move|p2a: Zetsu|Shadow Ball|p1a: LavaDog
|-damage|p1a: LavaDog|239\/385
|-damage|p2a: Zetsu|235\/261|[from] item: Life Orb
|
|-heal|p1a: LavaDog|263\/385|[from] item: Leftovers
|turn|2
|
|switch|p1a: The last Thunder|Zapdos|383\/383
|-ability|p1a: The last Thunder|Pressure
|move|p2a: Zetsu|Taunt|p1a: The last Thunder
|-start|p1a: The last Thunder|move: Taunt
|
|turn|3
|
|move|p2a: Zetsu|Sludge Wave|p1a: The last Thunder
|-damage|p1a: The last Thunder|149\/383
|-damage|p2a: Zetsu|209\/261|[from] item: Life Orb
|move|p1a: The last Thunder|Volt Switch|p2a: Zetsu
|-damage|p2a: Zetsu|88\/261
|
|switch|p1a: Black Dragon|Kyurem-Black|391\/391
|-ability|p1a: Black Dragon|Teravolt
|
|turn|4
|
|switch|p1a: LavaDog|Heatran, F|263\/385
|switch|p2a: MAG|Magnezone|281\/281
|
|-heal|p1a: LavaDog|287\/385|[from] item: Leftovers
|turn|5
|
|move|p2a: MAG|Thunderbolt|p1a: LavaDog
|-damage|p1a: LavaDog|100\/385
|move|p1a: LavaDog|Stealth Rock|p2a: MAG
|-sidestart|p2: Steez Ibanez|move: Stealth Rock
|
|-heal|p1a: LavaDog|124\/385|[from] item: Leftovers
|turn|6
|
|switch|p2a: Janemba|Garchomp, M|357\/357
|-damage|p2a: Janemba|335\/357|[from] Stealth Rock
|move|p1a: LavaDog|Lava Plume|p2a: Janemba
|-resisted|p2a: Janemba
|-damage|p2a: Janemba|256\/357
|
|-heal|p1a: LavaDog|148\/385|[from] item: Leftovers
|turn|7
|
|switch|p1a: Black Dragon|Kyurem-Black|391\/391
|-ability|p1a: Black Dragon|Teravolt
|move|p2a: Janemba|Stealth Rock|p1a: Black Dragon
|-sidestart|p1: TRAITORSMUSTBEDEAD|move: Stealth Rock
|
|turn|8
|
|switch|p2a: Yeezy|Ferrothorn, M|351\/351
|-damage|p2a: Yeezy|330\/351|[from] Stealth Rock
|move|p1a: Black Dragon|Ice Beam|p2a: Yeezy
|-damage|p2a: Yeezy|227\/351
|
|turn|9
|
|switch|p1a: The last Thunder|Zapdos|149\/383
|-damage|p1a: The last Thunder|54\/383|[from] Stealth Rock
|-ability|p1a: The last Thunder|Pressure
|move|p2a: Yeezy|Leech Seed|p1a: The last Thunder
|-start|p1a: The last Thunder|move: Leech Seed
|
|-damage|p1a: The last Thunder|7\/383|[from] Leech Seed|[of] p2a: Yeezy
|-heal|p2a: Yeezy|274\/351|[silent]
|turn|10
|
|switch|p2a: Zetsu|Gengar, M|88\/261
|-damage|p2a: Zetsu|56\/261|[from] Stealth Rock
|move|p1a: The last Thunder|Roost|p1a: The last Thunder
|-heal|p1a: The last Thunder|199\/383
|
|-damage|p1a: The last Thunder|152\/383|[from] Leech Seed|[of] p2a: Zetsu
|-heal|p2a: Zetsu|103\/261|[silent]
|turn|11
|
|move|p2a: Zetsu|Shadow Ball|p1a: The last Thunder
|-damage|p1a: The last Thunder|0 fnt
|-damage|p2a: Zetsu|77\/261|[from] item: Life Orb
|faint|p1a: The last Thunder
|
|
|switch|p1a: Exodia|Landorus, M|319\/319
|-damage|p1a: Exodia|280\/319|[from] Stealth Rock
|turn|12
|
|move|p2a: Zetsu|Shadow Ball|p1a: Exodia
|-damage|p1a: Exodia|54\/319
|-damage|p2a: Zetsu|51\/261|[from] item: Life Orb
|move|p1a: Exodia|Psychic|p2a: Zetsu
|-supereffective|p2a: Zetsu
|-damage|p2a: Zetsu|0 fnt
|faint|p2a: Zetsu
|
|
|switch|p2a: Janemba|Garchomp, M|256\/357
|-damage|p2a: Janemba|234\/357|[from] Stealth Rock
|turn|13
|
|switch|p1a: Your Slowbrain|Slowbro, M|393\/393
|-damage|p1a: Your Slowbrain|344\/393|[from] Stealth Rock
|move|p2a: Janemba|Dragon Claw|p1a: Your Slowbrain
|-damage|p1a: Your Slowbrain|242\/393
|
|-heal|p1a: Your Slowbrain|266\/393|[from] item: Leftovers
|turn|14
|
|switch|p1a: Duel-Master|Gallade, M|277\/277
|-damage|p1a: Duel-Master|260\/277|[from] Stealth Rock
|move|p2a: Janemba|Earthquake|p1a: Duel-Master
|-crit|p1a: Duel-Master
|-damage|p1a: Duel-Master|0 fnt
|faint|p1a: Duel-Master
|
|
|switch|p1a: Black Dragon|Kyurem-Black|391\/391
|-damage|p1a: Black Dragon|294\/391|[from] Stealth Rock
|-ability|p1a: Black Dragon|Teravolt
|turn|15
|
|switch|p2a: Yeezy|Ferrothorn, M|274\/351
|-damage|p2a: Yeezy|253\/351|[from] Stealth Rock
|move|p1a: Black Dragon|Ice Beam|p2a: Yeezy
|-damage|p2a: Yeezy|154\/351
|
|turn|16
|-message|Steez Ibanez lost due to inactivity.
|
|win|TRAITORSMUSTBEDEAD
|raw|Ladder updating...
|raw|TRAITORSMUSTBEDEAD's rating: 1597 &rarr; <strong>1613<\/strong><br \/>(+16 for winning)
|raw|Steez Ibanez's rating: 1537 &rarr; <strong>1520<\/strong><br \/>(-17 for losing)
|c|âTRAITORSMUSTBEDEAD|gg (?)