|join|Steez Ibanez
|join|SunnyORAS
|player|p1|Steez Ibanez|290
|player|p2|SunnyORAS|101
|gametype|singles
|gen|6
|tier|OU (suspect test)
|rated
|clearpoke
|poke|p1|Gyarados, M
|poke|p1|Magnezone
|poke|p1|Talonflame, M
|poke|p1|Garchomp, M
|poke|p1|Gengar, M
|poke|p1|Ferrothorn, M
|poke|p2|Mew
|poke|p2|Landorus-Therian, M
|poke|p2|Gardevoir, F
|poke|p2|Raikou
|poke|p2|Ferrothorn, M
|poke|p2|Azumarill, F
|rule|Swagger Clause: Swagger is banned
|rule|Baton Pass Clause: Limit one PokÃ©mon knowing Baton Pass
|rule|Sleep Clause Mod: Limit one foe put to sleep
|rule|Species Clause: Limit one of each PokÃ©mon
|rule|OHKO Clause: OHKO moves are banned
|rule|Moody Clause: Moody is banned
|rule|Evasion Moves Clause: Evasion moves are banned
|rule|Endless Battle Clause: Forcing endless battles is banned
|rule|HP Percentage Mod: HP is shown in percentages
|teampreview
|
|start
|switch|p1a: Phoenix|Talonflame, M|359\/359
|switch|p2a: Mew|Mew|369\/369
|turn|1
|
|switch|p2a: Raikou|Raikou|321\/321
|-ability|p2a: Raikou|Pressure
|move|p1a: Phoenix|Taunt|p2a: Raikou
|-start|p2a: Raikou|move: Taunt
|
|turn|2
|
|switch|p1a: Janemba|Garchomp, M|357\/357
|move|p2a: Raikou|Hidden Power|p1a: Janemba
|-crit|p1a: Janemba
|-supereffective|p1a: Janemba
|-damage|p1a: Janemba|0 fnt
|faint|p1a: Janemba
|
|
|switch|p1a: Yeezy|Ferrothorn, M|351\/351
|turn|3
|
|switch|p2a: Mew|Mew|369\/369
|move|p1a: Yeezy|Spikes|p2a: Mew
|-sidestart|p2: SunnyORAS|Spikes
|
|turn|4
|
|switch|p1a: Phoenix|Talonflame, M|359\/359
|move|p2a: Mew|Defog|p1a: Phoenix
|-unboost|p1a: Phoenix|evasion|1
|-sideend|p2: SunnyORAS|Spikes|[from] move: Defog|[of] p2a: Mew
|
|turn|5
|
|switch|p2a: Raikou|Raikou|321\/321
|-ability|p2a: Raikou|Pressure
|move|p1a: Phoenix|Will-O-Wisp|p2a: Raikou
|-status|p2a: Raikou|brn
|
|-damage|p2a: Raikou|281\/321 brn|[from] brn
|turn|6
|
|move|p1a: Phoenix|Roost|p1a: Phoenix
|-fail|p1a: Phoenix
|move|p2a: Raikou|Volt Switch|p1a: Phoenix
|-supereffective|p1a: Phoenix
|-damage|p1a: Phoenix|159\/359
|
|switch|p2a: Azumarill|Azumarill, F|369\/369
|
|-heal|p1a: Phoenix|181\/359|[from] item: Leftovers
|turn|7
|
|switch|p1a: Yeezy|Ferrothorn, M|351\/351
|move|p2a: Azumarill|Superpower|p1a: Yeezy
|-supereffective|p1a: Yeezy
|-damage|p1a: Yeezy|45\/351
|-damage|p2a: Azumarill|323\/369|[from] ability: Iron Barbs|[of] p1a: Yeezy
|-unboost|p2a: Azumarill|atk|1
|-unboost|p2a: Azumarill|def|1
|
|turn|8
|
|switch|p2a: Raikou|Raikou|281\/321 brn
|-ability|p2a: Raikou|Pressure
|switch|p1a: Zetsu|Gengar, M|261\/261
|
|-damage|p2a: Raikou|241\/321 brn|[from] brn
|turn|9
|
|switch|p1a: Yeezy|Ferrothorn, M|45\/351
|move|p2a: Raikou|Volt Switch|p1a: Yeezy
|-resisted|p1a: Yeezy
|-damage|p1a: Yeezy|0 fnt
|faint|p1a: Yeezy
|
|switch|p2a: Landorus-Therian|Landorus-Therian, M|319\/319
|
|
|switch|p1a: Leviathan|Gyarados, M|331\/331
|-ability|p1a: Leviathan|Intimidate|[of] p2a: Landorus-Therian
|-unboost|p2a: Landorus-Therian|atk|1
|turn|10
|
|switch|p1a: MAG|Magnezone|281\/281
|move|p2a: Landorus-Therian|U-turn|p1a: MAG
|-crit|p1a: MAG
|-resisted|p1a: MAG
|-damage|p1a: MAG|226\/281
|
|switch|p2a: Mew|Mew|369\/369
|
|turn|11
|
|switch|p2a: Landorus-Therian|Landorus-Therian, M|319\/319
|-ability|p2a: Landorus-Therian|Intimidate|[of] p1a: MAG
|-unboost|p1a: MAG|atk|1
|move|p1a: MAG|Flash Cannon|p2a: Landorus-Therian
|-damage|p2a: Landorus-Therian|76\/319
|
|turn|12
|
|switch|p1a: Phoenix|Talonflame, M|181\/359
|move|p2a: Landorus-Therian|U-turn|p1a: Phoenix
|-resisted|p1a: Phoenix
|-damage|p1a: Phoenix|153\/359
|
|switch|p2a: Azumarill|Azumarill, F|323\/369
|
|-heal|p1a: Phoenix|175\/359|[from] item: Leftovers
|turn|13
|
|switch|p1a: MAG|Magnezone|226\/281
|move|p2a: Azumarill|Play Rough|p1a: MAG
|-resisted|p1a: MAG
|-damage|p1a: MAG|100\/281
|
|turn|14
|
|switch|p2a: Raikou|Raikou|241\/321 brn
|-ability|p2a: Raikou|Pressure
|move|p1a: MAG|Volt Switch|p2a: Raikou
|-resisted|p2a: Raikou
|-damage|p2a: Raikou|175\/321 brn
|
|switch|p1a: Phoenix|Talonflame, M|175\/359
|
|-heal|p1a: Phoenix|197\/359|[from] item: Leftovers
|-damage|p2a: Raikou|135\/321 brn|[from] brn
|turn|15
|
|move|p1a: Phoenix|Roost|p1a: Phoenix
|-heal|p1a: Phoenix|359\/359
|move|p2a: Raikou|Volt Switch|p1a: Phoenix
|-damage|p1a: Phoenix|257\/359
|
|switch|p2a: Azumarill|Azumarill, F|323\/369
|
|-heal|p1a: Phoenix|279\/359|[from] item: Leftovers
|turn|16
|
|switch|p1a: MAG|Magnezone|100\/281
|move|p2a: Azumarill|Aqua Jet|p1a: MAG
|-damage|p1a: MAG|0 fnt
|faint|p1a: MAG
|
|
|switch|p1a: Leviathan|Gyarados, M|331\/331
|-ability|p1a: Leviathan|Intimidate|[of] p2a: Azumarill
|-unboost|p2a: Azumarill|atk|1
|turn|17
|
|switch|p1a: Phoenix|Talonflame, M|279\/359
|switch|p2a: Ferrothorn|Ferrothorn, M|351\/351
|
|-heal|p1a: Phoenix|301\/359|[from] item: Leftovers
|turn|18
|
|switch|p2a: Raikou|Raikou|135\/321 brn
|-ability|p2a: Raikou|Pressure
|move|p1a: Phoenix|Taunt|p2a: Raikou
|-start|p2a: Raikou|move: Taunt
|
|-heal|p1a: Phoenix|323\/359|[from] item: Leftovers
|-damage|p2a: Raikou|95\/321 brn|[from] brn
|turn|19
|
|move|p1a: Phoenix|Roost|p1a: Phoenix
|-heal|p1a: Phoenix|359\/359
|move|p2a: Raikou|Volt Switch|p1a: Phoenix
|-damage|p1a: Phoenix|260\/359
|
|switch|p2a: Landorus-Therian|Landorus-Therian, M|76\/319
|-ability|p2a: Landorus-Therian|Intimidate|[of] p1a: Phoenix
|-unboost|p1a: Phoenix|atk|1
|
|-heal|p1a: Phoenix|282\/359|[from] item: Leftovers
|turn|20
|
|move|p1a: Phoenix|Brave Bird|p2a: Landorus-Therian
|-damage|p2a: Landorus-Therian|0 fnt
|-damage|p1a: Phoenix|257\/359|[from] recoil|[of] p2a: Landorus-Therian
|faint|p2a: Landorus-Therian
|
|-heal|p1a: Phoenix|279\/359|[from] item: Leftovers
|
|switch|p2a: Azumarill|Azumarill, F|323\/369
|turn|21
|
|move|p1a: Phoenix|Will-O-Wisp|p2a: Azumarill|[miss]
|-miss|p1a: Phoenix|p2a: Azumarill
|move|p2a: Azumarill|Play Rough|p1a: Phoenix
|-resisted|p1a: Phoenix
|-damage|p1a: Phoenix|83\/359
|
|-heal|p1a: Phoenix|105\/359|[from] item: Leftovers
|turn|22
|
|switch|p2a: Raikou|Raikou|95\/321 brn
|-ability|p2a: Raikou|Pressure
|move|p1a: Phoenix|Will-O-Wisp|p2a: Raikou
|-fail|p2a: Raikou|brn
|
|-heal|p1a: Phoenix|127\/359|[from] item: Leftovers
|-damage|p2a: Raikou|55\/321 brn|[from] brn
|turn|23
|
|move|p1a: Phoenix|Roost|p1a: Phoenix
|-heal|p1a: Phoenix|307\/359
|move|p2a: Raikou|Volt Switch|p1a: Phoenix
|-damage|p1a: Phoenix|198\/359
|
|switch|p2a: Azumarill|Azumarill, F|323\/369
|
|-heal|p1a: Phoenix|220\/359|[from] item: Leftovers
|turn|24
|
|switch|p1a: Zetsu|Gengar, M|261\/261
|move|p2a: Azumarill|Aqua Jet|p1a: Zetsu
|-damage|p1a: Zetsu|59\/261
|
|turn|25
|
|switch|p2a: Mew|Mew|369\/369
|move|p1a: Zetsu|Sludge Wave|p2a: Mew
|-damage|p2a: Mew|135\/369
|-damage|p1a: Zetsu|33\/261|[from] item: Life Orb
|
|-heal|p2a: Mew|158\/369|[from] item: Leftovers
|turn|26
|
|switch|p2a: Ferrothorn|Ferrothorn, M|351\/351
|move|p1a: Zetsu|Shadow Ball|p2a: Ferrothorn
|-damage|p2a: Ferrothorn|209\/351
|-damage|p1a: Zetsu|7\/261|[from] item: Life Orb
|
|turn|27
|
|switch|p2a: Mew|Mew|158\/369
|move|p1a: Zetsu|Taunt|p2a: Mew
|-start|p2a: Mew|move: Taunt
|
|-heal|p2a: Mew|181\/369|[from] item: Leftovers
|turn|28
|
|move|p1a: Zetsu|Shadow Ball|p2a: Mew
|-supereffective|p2a: Mew
|-damage|p2a: Mew|0 fnt
|-damage|p1a: Zetsu|0 fnt|[from] item: Life Orb
|faint|p2a: Mew
|faint|p1a: Zetsu
|
|
|switch|p1a: Phoenix|Talonflame, M|220\/359
|switch|p2a: Gardevoir|Gardevoir, F|277\/277
|-ability|p2a: Gardevoir|Gale Wings|[from] ability: Trace|[of] p1a: Phoenix
|turn|29
|
|detailschange|p2a: Gardevoir|Gardevoir-Mega, F
|-mega|p2a: Gardevoir|Gardevoir|Gardevoirite
|move|p1a: Phoenix|Brave Bird|p2a: Gardevoir
|-damage|p2a: Gardevoir|109\/277
|-damage|p1a: Phoenix|165\/359|[from] recoil|[of] p2a: Gardevoir
|move|p2a: Gardevoir|Psyshock|p1a: Phoenix
|-damage|p1a: Phoenix|0 fnt
|faint|p1a: Phoenix
|
|
|switch|p1a: Leviathan|Gyarados, M|331\/331
|-ability|p1a: Leviathan|Intimidate|[of] p2a: Gardevoir
|-unboost|p2a: Gardevoir|atk|1
|turn|30
|c|âSunnyORAS|gg
|c|âSunnyORAS|nice n close
|
|move|p2a: Gardevoir|Hyper Voice|p1a: Leviathan
|-damage|p1a: Leviathan|55\/331
|move|p1a: Leviathan|Dragon Dance|p1a: Leviathan
|-boost|p1a: Leviathan|atk|1
|-boost|p1a: Leviathan|spe|1
|
|turn|31
|
|switch|p2a: Ferrothorn|Ferrothorn, M|209\/351
|move|p1a: Leviathan|Waterfall|p2a: Ferrothorn
|-resisted|p2a: Ferrothorn
|-damage|p2a: Ferrothorn|124\/351
|-damage|p1a: Leviathan|14\/331|[from] ability: Iron Barbs|[of] p2a: Ferrothorn
|
|turn|32
|
|detailschange|p1a: Leviathan|Gyarados-Mega, M
|-mega|p1a: Leviathan|Gyarados|Gyaradosite
|-ability|p1a: Leviathan|Mold Breaker
|move|p1a: Leviathan|Crunch|p2a: Ferrothorn
|-damage|p2a: Ferrothorn|0 fnt
|-damage|p1a: Leviathan|0 fnt|[from] ability: Iron Barbs|[of] p2a: Ferrothorn
|faint|p1a: Leviathan
|faint|p2a: Ferrothorn
|
|win|SunnyORAS
|raw|Ladder updating...
|raw|Steez Ibanez's rating: 1418 &rarr; <strong>1394<\/strong><br \/>(-24 for losing)
|raw|SunnyORAS's rating: 1361 &rarr; <strong>1384<\/strong><br \/>(+23 for winning)
|c|âSunnyORAS|G_G
|leave|Steez Ibanez
|player|p1