|join|Supah Glitch
|join|iplaytennislol
|player|p1|Supah Glitch|283
|player|p2|iplaytennislol|175
|gametype|singles
|gen|6
|tier|OU
|clearpoke
|poke|p1|Landorus-Therian, M, shiny
|poke|p1|Sylveon, F, shiny
|poke|p1|Suicune, shiny
|poke|p1|Talonflame, M, shiny
|poke|p1|Gengar, M, shiny
|poke|p1|Lopunny, M, shiny
|poke|p2|Infernape, M
|poke|p2|Azumarill, F
|poke|p2|Lucario, F
|poke|p2|Landorus, M
|poke|p2|Metagross
|poke|p2|Thundurus, M
|rule|Swagger Clause: Swagger is banned
|rule|Baton Pass Clause: Limit one PokÃ©mon knowing Baton Pass
|rule|Sleep Clause Mod: Limit one foe put to sleep
|rule|Species Clause: Limit one of each PokÃ©mon
|rule|OHKO Clause: OHKO moves are banned
|rule|Moody Clause: Moody is banned
|rule|Evasion Moves Clause: Evasion moves are banned
|rule|Endless Battle Clause: Forcing endless battles is banned
|rule|HP Percentage Mod: HP is shown in percentages
|teampreview
|join|Drag0n-fly64
|
|start
|switch|p1a: Wind God's Lyric|Landorus-Therian, M, shiny|319\/319
|switch|p2a: Infernape|Infernape, M|294\/294
|-ability|p1a: Wind God's Lyric|Intimidate|[of] p2a: Infernape
|-unboost|p2a: Infernape|atk|1
|turn|1
|
|move|p2a: Infernape|Stealth Rock|p1a: Wind God's Lyric
|-sidestart|p1: Supah Glitch|move: Stealth Rock
|move|p1a: Wind God's Lyric|Earthquake|p2a: Infernape
|-supereffective|p2a: Infernape
|-enditem|p2a: Infernape|Focus Sash
|-damage|p2a: Infernape|1\/294
|
|turn|2
|
|move|p2a: Infernape|Endeavor|p1a: Wind God's Lyric
|-damage|p1a: Wind God's Lyric|1\/319
|move|p1a: Wind God's Lyric|Knock Off|p2a: Infernape
|-resisted|p2a: Infernape
|-damage|p2a: Infernape|0 fnt
|faint|p2a: Infernape
|
|join|fingerscrossed
|join|Gizmo
|join|tomibello
|leave|tomibello
|join|spuun
|
|switch|p2a: Metagross|Metagross|301\/301
|turn|3
|
|detailschange|p2a: Metagross|Metagross-Mega
|-mega|p2a: Metagross|Metagross|Metagrossite
|move|p2a: Metagross|Bullet Punch|p1a: Wind God's Lyric
|-damage|p1a: Wind God's Lyric|0 fnt
|faint|p1a: Wind God's Lyric
|
|c|+fingerscrossed|tennis ar eyou in call
|
|switch|p1a: Link|Suicune, shiny|342\/342
|-damage|p1a: Link|300\/342|[from] Stealth Rock
|-ability|p1a: Link|Pressure
|turn|4
|c|âiplaytennislol|t
|c|âiplaytennislol|y*
|
|move|p2a: Metagross|Thunder Punch|p1a: Link
|-supereffective|p1a: Link
|-damage|p1a: Link|114\/342
|move|p1a: Link|Scald|p2a: Metagross
|-damage|p2a: Metagross|208\/301
|
|-heal|p1a: Link|135\/342|[from] item: Leftovers
|turn|5
|c|+fingerscrossed|ight
|
|switch|p1a: Navi|Sylveon, F, shiny|394\/394
|-damage|p1a: Navi|345\/394|[from] Stealth Rock
|move|p2a: Metagross|Thunder Punch|p1a: Navi
|-damage|p1a: Navi|177\/394
|
|turn|6
|
|move|p2a: Metagross|Meteor Mash|p1a: Navi
|-supereffective|p1a: Navi
|-damage|p1a: Navi|0 fnt
|faint|p1a: Navi
|
|leave|iplaytennislol
|player|p2
|leave|Drag0n-fly64
|
|switch|p1a: Ganon|Gengar, M, shiny|262\/262
|-damage|p1a: Ganon|230\/262|[from] Stealth Rock
|turn|7
|leave|spuun
|join|iplaytennislol
|player|p2|iplaytennislol|175
|join|spuun
|
|switch|p2a: Azumarill|Azumarill, F|364\/364
|move|p1a: Ganon|Shadow Ball|p2a: Azumarill
|-damage|p2a: Azumarill|148\/364
|-damage|p1a: Ganon|204\/262|[from] item: Life Orb
|-enditem|p2a: Azumarill|Sitrus Berry|[eat]
|-heal|p2a: Azumarill|239\/364|[from] item: Sitrus Berry
|
|turn|8
|
|move|p2a: Azumarill|Aqua Jet|p1a: Ganon
|-damage|p1a: Ganon|80\/262
|move|p1a: Ganon|Sludge Wave|p2a: Azumarill
|-crit|p2a: Azumarill
|-supereffective|p2a: Azumarill
|-damage|p2a: Azumarill|0 fnt
|-damage|p1a: Ganon|54\/262|[from] item: Life Orb
|faint|p2a: Azumarill
|
|
|switch|p2a: Thundurus|Thundurus, M|299\/299
|turn|9
|join|MegaEspeonite
|
|move|p2a: Thundurus|Thunderbolt|p1a: Ganon
|-crit|p1a: Ganon
|-damage|p1a: Ganon|0 fnt
|-damage|p2a: Thundurus|270\/299|[from] item: Life Orb
|faint|p1a: Ganon
|
|
|switch|p1a: Bunny Hood|Lopunny, M, shiny|292\/292
|-damage|p1a: Bunny Hood|256\/292|[from] Stealth Rock
|turn|10
|join|Winter's Howl
|c|âSupah Glitch|man that metagross really is my weakness
|c|âSupah Glitch|what a powerhouse
|
|switch|p2a: Metagross|Metagross-Mega|208\/301
|detailschange|p1a: Bunny Hood|Lopunny-Mega, M, shiny
|-mega|p1a: Bunny Hood|Lopunny|Lopunnite
|move|p1a: Bunny Hood|Fake Out|p2a: Metagross
|-resisted|p2a: Metagross
|-damage|p2a: Metagross|186\/301
|
|turn|11
|
|move|p1a: Bunny Hood|Fire Punch|p2a: Metagross
|-supereffective|p2a: Metagross
|-damage|p2a: Metagross|72\/301
|move|p2a: Metagross|Meteor Mash|p1a: Bunny Hood
|-damage|p1a: Bunny Hood|40\/292
|-boost|p2a: Metagross|atk|1
|
|turn|12
|c|âiplaytennislol|why do you have fire punch? ._.
|c|âiplaytennislol|HJK is a thing
|c|âSupah Glitch|cause THIS THING
|c|âSupah Glitch|and hjk doesnt do shit.
|c|âiplaytennislol|HJK does more ._.
|c|âSupah Glitch|its aprt psychic
|c|âSupah Glitch|*part
|c|âSupah Glitch|._.;
|
|move|p2a: Metagross|Bullet Punch|p1a: Bunny Hood
|-damage|p1a: Bunny Hood|0 fnt
|faint|p1a: Bunny Hood
|
|
|switch|p1a: Loftwing|Talonflame, M, shiny|298\/298
|-damage|p1a: Loftwing|149\/298|[from] Stealth Rock
|turn|13
|c|+fingerscrossed|High Jump Kick 57.1 - 67.7%
|leave|MegaEspeonite
|c|+fingerscrossed|Fire Fang 38.5 - 45.8%
|
|move|p1a: Loftwing|Brave Bird|p2a: Metagross
|-crit|p2a: Metagross
|-resisted|p2a: Metagross
|-damage|p2a: Metagross|0 fnt
|-damage|p1a: Loftwing|125\/298|[from] recoil|[of] p2a: Metagross
|faint|p2a: Metagross
|
|c|âSupah Glitch|I never actually tried to hjk it..
|c|âSupah Glitch|would it really do more damage?
|
|switch|p2a: Lucario|Lucario, F|281\/281
|turn|14
|
|move|p2a: Lucario|Extreme Speed|p1a: Loftwing
|-damage|p1a: Loftwing|0 fnt
|-damage|p2a: Lucario|253\/281|[from] item: Life Orb
|faint|p1a: Loftwing
|
|c|+fingerscrossed|look up there ^
|c|+fingerscrossed|i just gave u clacs
|c|âSupah Glitch|OH...well now I know
|c|âiplaytennislol|lol
|join|unknowable
|c|âSupah Glitch|man 2 times I lost to not knowing shit
|c|âSupah Glitch|XD
|c|âSupah Glitch|hey gg.
|
|switch|p1a: Link|Suicune, shiny|135\/342
|-damage|p1a: Link|93\/342|[from] Stealth Rock
|-ability|p1a: Link|Pressure
|turn|15
|
|move|p2a: Lucario|Close Combat|p1a: Link
|-damage|p1a: Link|0 fnt
|-unboost|p2a: Lucario|def|1
|-unboost|p2a: Lucario|spd|1
|-damage|p2a: Lucario|225\/281|[from] item: Life Orb
|faint|p1a: Link
|
|win|iplaytennislol
|c|âiplaytennislol|gg
|leave|iplaytennislol