|join|iplaytennislol
|join|Amsi
|player|p1|iplaytennislol|175
|player|p2|Amsi|293
|gametype|singles
|gen|6
|tier|OU
|rated
|clearpoke
|poke|p1|Excadrill, M
|poke|p1|Azelf
|poke|p1|Pinsir, M
|poke|p1|Thundurus, M
|poke|p1|Keldeo
|poke|p1|Kyurem-Black
|poke|p2|Clefable, F
|poke|p2|Landorus-Therian, M
|poke|p2|Umbreon, F
|poke|p2|Azumarill, F
|poke|p2|Bisharp, F
|poke|p2|Latios, M
|rule|Swagger Clause: Swagger is banned
|rule|Baton Pass Clause: Limit one PokÃ©mon knowing Baton Pass
|rule|Sleep Clause Mod: Limit one foe put to sleep
|rule|Species Clause: Limit one of each PokÃ©mon
|rule|OHKO Clause: OHKO moves are banned
|rule|Moody Clause: Moody is banned
|rule|Evasion Moves Clause: Evasion moves are banned
|rule|Endless Battle Clause: Forcing endless battles is banned
|rule|HP Percentage Mod: HP is shown in percentages
|teampreview
|
|start
|switch|p1a: Azelf|Azelf|291\/291
|switch|p2a: Landorus-Therian|Landorus-Therian, M|382\/382
|-ability|p2a: Landorus-Therian|Intimidate|[of] p1a: Azelf
|-unboost|p1a: Azelf|atk|1
|turn|1
|
|move|p1a: Azelf|Stealth Rock|p2a: Landorus-Therian
|-sidestart|p2: Amsi|move: Stealth Rock
|move|p2a: Landorus-Therian|U-turn|p1a: Azelf
|-supereffective|p1a: Azelf
|-damage|p1a: Azelf|11\/291
|
|switch|p2a: Azumarill|Azumarill, F|404\/404
|-damage|p2a: Azumarill|354\/404|[from] Stealth Rock
|
|turn|2
|
|move|p2a: Azumarill|Aqua Jet|p1a: Azelf
|-damage|p1a: Azelf|0 fnt
|faint|p1a: Azelf
|
|
|switch|p1a: Kyurem-Black|Kyurem-Black|391\/391
|-ability|p1a: Kyurem-Black|Teravolt
|turn|3
|
|switch|p2a: Landorus-Therian|Landorus-Therian, M|382\/382
|-damage|p2a: Landorus-Therian|335\/382|[from] Stealth Rock
|-ability|p2a: Landorus-Therian|Intimidate|[of] p1a: Kyurem-Black
|-unboost|p1a: Kyurem-Black|atk|1
|move|p1a: Kyurem-Black|Ice Beam|p2a: Landorus-Therian
|-supereffective|p2a: Landorus-Therian
|-damage|p2a: Landorus-Therian|0 fnt
|-damage|p1a: Kyurem-Black|352\/391|[from] item: Life Orb
|faint|p2a: Landorus-Therian
|
|
|switch|p2a: Latios|Latios, M|301\/301
|-damage|p2a: Latios|264\/301|[from] Stealth Rock
|turn|4
|
|switch|p1a: Excadrill|Excadrill, M|362\/362
|-ability|p1a: Excadrill|Mold Breaker
|detailschange|p2a: Latios|Latios-Mega, M
|-mega|p2a: Latios|Latios|Latiosite
|move|p2a: Latios|Draco Meteor|p1a: Excadrill
|-resisted|p1a: Excadrill
|-damage|p1a: Excadrill|170\/362
|-unboost|p2a: Latios|spa|2
|
|turn|5
|
|move|p1a: Excadrill|Earthquake|p2a: Latios
|-damage|p2a: Latios|47\/301
|move|p2a: Latios|Earthquake|p1a: Excadrill
|-supereffective|p1a: Excadrill
|-damage|p1a: Excadrill|0 fnt
|faint|p1a: Excadrill
|
|
|switch|p1a: Pinsir|Pinsir, M|271\/271
|turn|6
|join|Montsegur
|
|detailschange|p1a: Pinsir|Pinsir-Mega, M
|-mega|p1a: Pinsir|Pinsir|Pinsirite
|move|p1a: Pinsir|Quick Attack|p2a: Latios
|-damage|p2a: Latios|0 fnt
|faint|p2a: Latios
|
|
|switch|p2a: Azumarill|Azumarill, F|354\/404
|-damage|p2a: Azumarill|304\/404|[from] Stealth Rock
|turn|7
|
|move|p1a: Pinsir|Frustration|p2a: Azumarill
|-damage|p2a: Azumarill|0 fnt
|faint|p2a: Azumarill
|
|
|switch|p2a: Clefable|Clefable, F|394\/394
|turn|8
|
|move|p1a: Pinsir|Frustration|p2a: Clefable
|-damage|p2a: Clefable|172\/394
|move|p2a: Clefable|Moonblast|p1a: Pinsir
|-damage|p1a: Pinsir|151\/271
|
|-heal|p2a: Clefable|196\/394|[from] item: Leftovers
|turn|9
|
|switch|p2a: Bisharp|Bisharp, F|271\/271
|-damage|p2a: Bisharp|255\/271|[from] Stealth Rock
|move|p1a: Pinsir|Frustration|p2a: Bisharp
|-resisted|p2a: Bisharp
|-damage|p2a: Bisharp|115\/271
|
|turn|10
|
|move|p1a: Pinsir|Quick Attack|p2a: Bisharp
|-resisted|p2a: Bisharp
|-damage|p2a: Bisharp|65\/271
|move|p2a: Bisharp|Sucker Punch|p1a: Pinsir
|-fail|p1a: Pinsir
|
|turn|11
|
|move|p1a: Pinsir|Quick Attack|p2a: Bisharp
|-resisted|p2a: Bisharp
|-damage|p2a: Bisharp|8\/271
|move|p2a: Bisharp|Sucker Punch|p1a: Pinsir
|-fail|p1a: Pinsir
|
|turn|12
|c|âiplaytennislol|gg
|-message|Amsi forfeited.
|leave|Amsi
|
|win|iplaytennislol
|raw|Ladder updating...
|player|p2
|raw|iplaytennislol's rating: 1721 &rarr; <strong>1730<\/strong><br \/>(+9 for winning)
|raw|Amsi's rating: 1497 &rarr; <strong>1488<\/strong><br \/>(-9 for losing)
|leave|iplaytennislol
|player|p1
|join|MTL Manectric
|leave|Montsegur