|join|ArchPhantom
|join|iplaytennislol
|player|p1|ArchPhantom|222
|player|p2|iplaytennislol|175
|gametype|singles
|gen|6
|tier|OU
|rated
|clearpoke
|poke|p1|Lopunny, M
|poke|p1|Ferrothorn, F
|poke|p1|Landorus-Therian, M
|poke|p1|Slowbro, M
|poke|p1|Latias, F
|poke|p1|Heatran, M
|poke|p2|Infernape, M
|poke|p2|Azumarill, F
|poke|p2|Lucario, M
|poke|p2|Landorus, M
|poke|p2|Metagross
|poke|p2|Thundurus, M
|rule|Swagger Clause: Swagger is banned
|rule|Baton Pass Clause: Limit one PokÃ©mon knowing Baton Pass
|rule|Sleep Clause Mod: Limit one foe put to sleep
|rule|Species Clause: Limit one of each PokÃ©mon
|rule|OHKO Clause: OHKO moves are banned
|rule|Moody Clause: Moody is banned
|rule|Evasion Moves Clause: Evasion moves are banned
|rule|Endless Battle Clause: Forcing endless battles is banned
|rule|HP Percentage Mod: HP is shown in percentages
|teampreview
|join|innovamania
|
|start
|switch|p1a: Slowbro|Slowbro, M|393\/393
|switch|p2a: Infernape|Infernape, M|294\/294
|turn|1
|
|move|p2a: Infernape|Stealth Rock|p1a: Slowbro
|-sidestart|p1: ArchPhantom|move: Stealth Rock
|move|p1a: Slowbro|Fire Blast|p2a: Infernape
|-resisted|p2a: Infernape
|-damage|p2a: Infernape|239\/294
|
|turn|2
|
|move|p2a: Infernape|Fire Blast|p1a: Slowbro
|-resisted|p1a: Slowbro
|-damage|p1a: Slowbro|293\/393
|move|p1a: Slowbro|Scald|p2a: Infernape
|-supereffective|p2a: Infernape
|-damage|p2a: Infernape|5\/294
|
|turn|3
|
|move|p2a: Infernape|Endeavor|p1a: Slowbro
|-damage|p1a: Slowbro|5\/393
|-damage|p2a: Infernape|0 fnt|[from] item: Rocky Helmet|[of] p1a: Slowbro
|faint|p2a: Infernape
|move|p1a: Slowbro|Slack Off|p1a: Slowbro
|-heal|p1a: Slowbro|202\/393
|
|join|Can-Eh-Dian
|
|switch|p2a: Thundurus|Thundurus, M|299\/299
|turn|4
|
|switch|p1a: Ferrothorn|Ferrothorn, F|352\/352
|-damage|p1a: Ferrothorn|330\/352|[from] Stealth Rock
|move|p2a: Thundurus|Knock Off|p1a: Ferrothorn
|-damage|p1a: Ferrothorn|248\/352
|-damage|p2a: Thundurus|262\/299|[from] ability: Iron Barbs|[of] p1a: Ferrothorn
|-enditem|p1a: Ferrothorn|Leftovers|[from] move: Knock Off|[of] p2a: Thundurus
|-damage|p2a: Thundurus|233\/299|[from] item: Life Orb
|
|turn|5
|
|switch|p2a: Lucario|Lucario, M|281\/281
|move|p1a: Ferrothorn|Spikes|p2a: Lucario
|-sidestart|p2: iplaytennislol|Spikes
|
|turn|6
|
|switch|p1a: Landorus-Therian|Landorus-Therian, M|381\/381
|-damage|p1a: Landorus-Therian|334\/381|[from] Stealth Rock
|-ability|p1a: Landorus-Therian|Intimidate|[of] p2a: Lucario
|-unboost|p2a: Lucario|atk|1
|move|p2a: Lucario|Swords Dance|p2a: Lucario
|-boost|p2a: Lucario|atk|2
|
|-heal|p1a: Landorus-Therian|357\/381|[from] item: Leftovers
|turn|7
|
|switch|p2a: Thundurus|Thundurus, M|233\/299
|switch|p1a: Slowbro|Slowbro, M|333\/393
|-damage|p1a: Slowbro|284\/393|[from] Stealth Rock
|
|turn|8
|join|nabilla the angel
|c| Can-Eh-Dian|mlg
|
|switch|p2a: Landorus|Landorus, M|319\/319
|switch|p1a: Ferrothorn|Ferrothorn, F|248\/352
|-damage|p1a: Ferrothorn|226\/352|[from] Stealth Rock
|
|turn|9
|
|move|p2a: Landorus|Focus Blast|p1a: Ferrothorn|[miss]
|-miss|p2a: Landorus|p1a: Ferrothorn
|move|p1a: Ferrothorn|Gyro Ball|p2a: Landorus
|-crit|p2a: Landorus
|-damage|p2a: Landorus|43\/319
|
|turn|10
|c|âArchPhantom|Omg
|
|switch|p1a: Latias|Latias, F|301\/301
|-damage|p1a: Latias|264\/301|[from] Stealth Rock
|move|p2a: Landorus|Focus Blast|p1a: Latias
|-resisted|p1a: Latias
|-damage|p1a: Latias|169\/301
|
|turn|11
|c| Can-Eh-Dian|dank prediction
|
|switch|p2a: Metagross|Metagross|301\/301
|-damage|p2a: Metagross|264\/301|[from] Spikes
|move|p1a: Latias|Psyshock|p2a: Metagross
|-resisted|p2a: Metagross
|-damage|p2a: Metagross|233\/301
|-damage|p1a: Latias|139\/301|[from] item: Life Orb
|
|turn|12
|c| Can-Eh-Dian|only real players predict the miss
|
|switch|p1a: Slowbro|Slowbro, M|393\/393
|-damage|p1a: Slowbro|344\/393|[from] Stealth Rock
|detailschange|p2a: Metagross|Metagross-Mega
|-mega|p2a: Metagross|Metagross|Metagrossite
|move|p2a: Metagross|Hammer Arm|p1a: Slowbro
|-resisted|p1a: Slowbro
|-damage|p1a: Slowbro|288\/393
|-damage|p2a: Metagross|183\/301|[from] item: Rocky Helmet|[of] p1a: Slowbro
|-unboost|p2a: Metagross|spe|1
|
|turn|13
|c|âArchPhantom|Yes, I predicted that ..
|c|âiplaytennislol|die
|
|move|p2a: Metagross|Thunder Punch|p1a: Slowbro
|-supereffective|p1a: Slowbro
|-damage|p1a: Slowbro|108\/393
|-damage|p2a: Metagross|133\/301|[from] item: Rocky Helmet|[of] p1a: Slowbro
|move|p1a: Slowbro|Scald|p2a: Metagross
|-damage|p2a: Metagross|52\/301
|-status|p2a: Metagross|brn
|
|-damage|p2a: Metagross|15\/301 brn|[from] brn
|turn|14
|c|âiplaytennislol|k
|c| Can-Eh-Dian|mlg burn
|
|move|p2a: Metagross|Meteor Mash|p1a: Slowbro
|-resisted|p1a: Slowbro
|-damage|p1a: Slowbro|66\/393
|-damage|p2a: Metagross|0 fnt|[from] item: Rocky Helmet|[of] p1a: Slowbro
|faint|p2a: Metagross
|move|p1a: Slowbro|Slack Off|p1a: Slowbro
|-heal|p1a: Slowbro|263\/393
|
|c|âiplaytennislol|you are the epitome of lucky and bad
|-message|iplaytennislol forfeited.
|
|win|ArchPhantom
|raw|Ladder updating...
|raw|ArchPhantom's rating: 1627 &rarr; <strong>1647<\/strong><br \/>(+20 for winning)
|raw|iplaytennislol's rating: 1633 &rarr; <strong>1612<\/strong><br \/>(-21 for losing)
|leave|iplaytennislol
|player|p2
|c|âArchPhantom|Lol