|join|iplaytennislol
|join|Nathan96969696
|join|Closer 2 the sun
|join|Murkrow Jupiter
|join|Draeden
|player|p1|iplaytennislol|175
|player|p2|Nathan96969696|102
|gametype|singles
|gen|6
|tier|OU
|clearpoke
|poke|p1|Infernape, F
|poke|p1|Azumarill, F
|poke|p1|Lucario, M
|poke|p1|Landorus, M
|poke|p1|Metagross
|poke|p1|Thundurus, M
|poke|p2|Charizard, M
|poke|p2|Landorus-Therian, M
|poke|p2|Vaporeon, M
|poke|p2|Ferrothorn, M
|poke|p2|Galvantula, M
|poke|p2|Latias, F
|rule|Swagger Clause: Swagger is banned
|rule|Baton Pass Clause: Limit one PokÃ©mon knowing Baton Pass
|rule|Sleep Clause Mod: Limit one foe put to sleep
|rule|Species Clause: Limit one of each PokÃ©mon
|rule|OHKO Clause: OHKO moves are banned
|rule|Moody Clause: Moody is banned
|rule|Evasion Moves Clause: Evasion moves are banned
|rule|Endless Battle Clause: Forcing endless battles is banned
|rule|HP Percentage Mod: HP is shown in percentages
|teampreview
|join|misc all day
|join|l123
|join|A Loaf of Bread
|
|start
|switch|p1a: Infernape|Infernape, F|294\/294
|switch|p2a: Ferrothorn|Ferrothorn, M|352\/352
|turn|1
|c| l123|ru oh raggy
|
|switch|p2a: Charizard|Charizard, M|297\/297
|move|p1a: Infernape|Stealth Rock|p2a: Charizard
|-sidestart|p2: Nathan96969696|move: Stealth Rock
|
|turn|2
|join|bgffbgfgnfngngng
|
|detailschange|p2a: Charizard|Charizard-Mega-X, M
|-mega|p2a: Charizard|Charizard|Charizardite X
|move|p1a: Infernape|Fire Blast|p2a: Charizard
|-resisted|p2a: Charizard
|-damage|p2a: Charizard|250\/297
|move|p2a: Charizard|Dragon Dance|p2a: Charizard
|-boost|p2a: Charizard|atk|1
|-boost|p2a: Charizard|spe|1
|
|turn|3
|
|move|p2a: Charizard|Dragon Claw|p1a: Infernape
|-enditem|p1a: Infernape|Focus Sash
|-damage|p1a: Infernape|1\/294
|move|p1a: Infernape|Endeavor|p2a: Charizard
|-damage|p2a: Charizard|1\/297
|
|turn|4
|
|switch|p2a: Ferrothorn|Ferrothorn, M|352\/352
|-damage|p2a: Ferrothorn|330\/352|[from] Stealth Rock
|move|p1a: Infernape|Vacuum Wave|p2a: Ferrothorn
|-supereffective|p2a: Ferrothorn
|-damage|p2a: Ferrothorn|226\/352
|
|turn|5
|
|move|p1a: Infernape|Fire Blast|p2a: Ferrothorn
|-supereffective|p2a: Ferrothorn
|-damage|p2a: Ferrothorn|0 fnt
|faint|p2a: Ferrothorn
|
|
|switch|p2a: Vaporeon|Vaporeon, M|463\/463
|-damage|p2a: Vaporeon|406\/463|[from] Stealth Rock
|turn|6
|c|âiplaytennislol|latias?
|c|âiplaytennislol|rofl
|
|move|p1a: Infernape|Endeavor|p2a: Vaporeon
|-damage|p2a: Vaporeon|1\/463
|move|p2a: Vaporeon|Scald|p1a: Infernape
|-supereffective|p1a: Infernape
|-damage|p1a: Infernape|0 fnt
|faint|p1a: Infernape
|
|-heal|p2a: Vaporeon|29\/463|[from] item: Leftovers
|c| Draeden|This team
|leave|bgffbgfgnfngngng
|c| Draeden|Is nice
|join|spuun
|
|switch|p1a: Metagross|Metagross|301\/301
|turn|7
|
|detailschange|p1a: Metagross|Metagross-Mega
|-mega|p1a: Metagross|Metagross|Metagrossite
|move|p1a: Metagross|Meteor Mash|p2a: Vaporeon
|-resisted|p2a: Vaporeon
|-damage|p2a: Vaporeon|0 fnt
|faint|p2a: Vaporeon
|
|
|switch|p2a: Landorus-Therian|Landorus-Therian, M|320\/320
|-damage|p2a: Landorus-Therian|280\/320|[from] Stealth Rock
|-ability|p2a: Landorus-Therian|Intimidate|[of] p1a: Metagross
|-unboost|p1a: Metagross|atk|1
|turn|8
|
|switch|p1a: Thundurus|Thundurus, M|299\/299
|move|p2a: Landorus-Therian|U-turn|p1a: Thundurus
|-resisted|p1a: Thundurus
|-damage|p1a: Thundurus|243\/299
|
|switch|p2a: Latias|Latias, F|302\/302
|-damage|p2a: Latias|265\/302|[from] Stealth Rock
|
|turn|9
|
|move|p1a: Thundurus|Knock Off|p2a: Latias
|-supereffective|p2a: Latias
|-damage|p2a: Latias|15\/302
|-enditem|p2a: Latias|Life Orb|[from] move: Knock Off|[of] p1a: Thundurus
|-damage|p1a: Thundurus|214\/299|[from] item: Life Orb
|move|p2a: Latias|Defog|p1a: Thundurus
|-unboost|p1a: Thundurus|evasion|1
|-sideend|p2: Nathan96969696|Stealth Rock|[from] move: Defog|[of] p2a: Latias
|
|turn|10
|
|move|p1a: Thundurus|Hidden Power|p2a: Latias
|-supereffective|p2a: Latias
|-damage|p2a: Latias|0 fnt
|-damage|p1a: Thundurus|185\/299|[from] item: Life Orb
|faint|p2a: Latias
|
|
|switch|p2a: Landorus-Therian|Landorus-Therian, M|280\/320
|-ability|p2a: Landorus-Therian|Intimidate|[of] p1a: Thundurus
|-unboost|p1a: Thundurus|atk|1
|turn|11
|
|move|p2a: Landorus-Therian|Knock Off|p1a: Thundurus
|-damage|p1a: Thundurus|21\/299
|-enditem|p1a: Thundurus|Life Orb|[from] move: Knock Off|[of] p2a: Landorus-Therian
|move|p1a: Thundurus|Hidden Power|p2a: Landorus-Therian
|-supereffective|p2a: Landorus-Therian
|-damage|p2a: Landorus-Therian|0 fnt
|faint|p2a: Landorus-Therian
|
|
|switch|p2a: Galvantula|Galvantula, M|281\/281
|turn|12
|
|move|p1a: Thundurus|Knock Off|p2a: Galvantula
|-damage|p2a: Galvantula|187\/281
|-enditem|p2a: Galvantula|Focus Sash|[from] move: Knock Off|[of] p1a: Thundurus
|move|p2a: Galvantula|Sticky Web|p1a: Thundurus
|-sidestart|p1: iplaytennislol|move: Sticky Web
|
|turn|13
|
|move|p1a: Thundurus|Hidden Power|p2a: Galvantula
|-damage|p2a: Galvantula|84\/281
|move|p2a: Galvantula|Bug Buzz|p1a: Thundurus
|-resisted|p1a: Thundurus
|-damage|p1a: Thundurus|0 fnt
|faint|p1a: Thundurus
|
|c|âNathan96969696|when lando isn't scarfed
|
|switch|p1a: Lucario|Lucario, M|281\/281
|-activate|p1a: Lucario|move: Sticky Web
|-unboost|p1a: Lucario|spe|1
|turn|14
|
|move|p1a: Lucario|Extreme Speed|p2a: Galvantula
|-damage|p2a: Galvantula|0 fnt
|-damage|p1a: Lucario|253\/281|[from] item: Life Orb
|faint|p2a: Galvantula
|
|c| Draeden|Agility Lucario.
|join|jeronado
|c| Draeden|Gogogogo
|c|âNathan96969696|that's always an option
|
|switch|p2a: Charizard|Charizard-Mega-X, M|1\/297
|turn|15
|
|move|p1a: Lucario|Extreme Speed|p2a: Charizard
|-damage|p2a: Charizard|0 fnt
|-damage|p1a: Lucario|225\/281|[from] item: Life Orb
|faint|p2a: Charizard
|
|win|iplaytennislol