|join|IPLAYTENNISLOL
|join|Prince Rdan
|player|p1|IPLAYTENNISLOL|175
|player|p2|Prince Rdan|70
|gametype|singles
|gen|6
|tier|OU
|rated
|clearpoke
|poke|p1|Infernape, M
|poke|p1|Azumarill, M
|poke|p1|Lucario, F
|poke|p1|Landorus, M
|poke|p1|Metagross
|poke|p1|Thundurus, M
|poke|p2|Aron, L1, F
|poke|p2|Charizard, F
|poke|p2|Smeargle, F
|poke|p2|Salamence, F
|poke|p2|Snorlax, F
|poke|p2|Ditto
|rule|Swagger Clause: Swagger is banned
|rule|Baton Pass Clause: Limit one PokÃ©mon knowing Baton Pass
|rule|Sleep Clause Mod: Limit one foe put to sleep
|rule|Species Clause: Limit one of each PokÃ©mon
|rule|OHKO Clause: OHKO moves are banned
|rule|Moody Clause: Moody is banned
|rule|Evasion Moves Clause: Evasion moves are banned
|rule|Endless Battle Clause: Forcing endless battles is banned
|rule|HP Percentage Mod: HP is shown in percentages
|teampreview
|c|âPrince Rdan|Oh, wow.
|c|âPrince Rdan|One of the highest people on the OU ladder.
|join|Escavalier
|join|fingerscrossed
|join|innovamania â¥
|join|belgrade
|join|Captain Bravo
|join|Montsegur
|c|+fingerscrossed|aron is a bitch
|
|start
|switch|p1a: Infernape|Infernape, M|294\/294
|switch|p2a: Aron|Aron, L1, F|12\/12
|turn|1
|
|move|p1a: Infernape|Stealth Rock|p2a: Aron
|-sidestart|p2: Prince Rdan|move: Stealth Rock
|move|p2a: Aron|Endeavor|p1a: Infernape
|-damage|p1a: Infernape|12\/294
|
|turn|2
|join|Senhor Anseio
|join|TheCanadianWifier
|
|move|p1a: Infernape|Vacuum Wave|p2a: Aron
|-supereffective|p2a: Aron
|-activate|p2a: Aron|Sturdy
|-damage|p2a: Aron|1\/12
|move|p2a: Aron|Toxic|p1a: Infernape
|-status|p1a: Infernape|tox
|
|-damage|p1a: Infernape|0 fnt|[from] psn
|faint|p1a: Infernape
|
|switch|p1a: Metagross|Metagross|301\/301
|turn|3
|
|detailschange|p1a: Metagross|Metagross-Mega
|-mega|p1a: Metagross|Metagross|Metagrossite
|move|p1a: Metagross|Bullet Punch|p2a: Aron
|-damage|p2a: Aron|0 fnt
|faint|p2a: Aron
|
|
|switch|p2a: Snorlax|Snorlax, F|497\/497
|-damage|p2a: Snorlax|435\/497|[from] Stealth Rock
|turn|4
|
|move|p1a: Metagross|Meteor Mash|p2a: Snorlax
|-damage|p2a: Snorlax|210\/497
|-boost|p1a: Metagross|atk|1
|move|p2a: Snorlax|Curse|p2a: Snorlax
|-boost|p2a: Snorlax|atk|1
|-boost|p2a: Snorlax|def|1
|-unboost|p2a: Snorlax|spe|1
|
|-heal|p2a: Snorlax|241\/497|[from] item: Leftovers
|turn|5
|c|@innovamania â¥|you realise lvl 1 aron has a an actual speed stat of 6 when it's fully invested
|
|move|p1a: Metagross|Hammer Arm|p2a: Snorlax
|-supereffective|p2a: Snorlax
|-damage|p2a: Snorlax|0 fnt
|-unboost|p1a: Metagross|spe|1
|faint|p2a: Snorlax
|
|c|@innovamania â¥|why'd you bullet punch?
|
|switch|p2a: Ditto|Ditto|300\/300
|-damage|p2a: Ditto|263\/300|[from] Stealth Rock
|-transform|p2a: Ditto|p1a: Metagross
|turn|6
|c|âIPLAYTENNISLOL|didnt want to miss
|c| Escavalier|doesnt miss
|
|move|p1a: Metagross|Hammer Arm|p2a: Ditto|[miss]
|-miss|p1a: Metagross|p2a: Ditto
|move|p2a: Ditto|Thunder Punch|p1a: Metagross
|-damage|p1a: Metagross|157\/301
|
|turn|7
|c| TheCanadianWifier|lol
|-activate|p2a: Ditto|item: Quick Claw
|
|move|p2a: Ditto|Hammer Arm|p1a: Metagross
|-damage|p1a: Metagross|0 fnt
|-unboost|p2a: Ditto|spe|1
|faint|p1a: Metagross
|
|c|âIPLAYTENNISLOL|-
|join|Murkrow Jupiter
|
|switch|p1a: Landorus|Landorus, M|319\/319
|turn|8
|c| Escavalier|outplayed
|c| TheCanadianWifier|thats what you get
|
|move|p2a: Ditto|Bullet Punch|p1a: Landorus
|-damage|p1a: Landorus|157\/319
|move|p1a: Landorus|Rock Polish|p1a: Landorus
|-boost|p1a: Landorus|spe|2
|
|turn|9
|c| TheCanadianWifier|for not going to lando
|c| TheCanadianWifier|nerd
|c|âIPLAYTENNISLOL|-
|c| Escavalier|LOL
|
|move|p2a: Ditto|Bullet Punch|p1a: Landorus
|-damage|p1a: Landorus|0 fnt
|faint|p1a: Landorus
|
|c|+fingerscrossed|was that the quick claw you always talk about?
|c| TheCanadianWifier|LOOOOOOOOOOOOOOOOOOOOOL
|
|switch|p1a: Thundurus|Thundurus, M|299\/299
|turn|10
|c| TheCanadianWifier|you're so bad
|
|move|p1a: Thundurus|Thunderbolt|p2a: Ditto
|-damage|p2a: Ditto|82\/300
|-damage|p1a: Thundurus|270\/299|[from] item: Life Orb
|move|p2a: Ditto|Thunder Punch|p1a: Thundurus
|-damage|p1a: Thundurus|0 fnt
|faint|p1a: Thundurus
|
|c| Escavalier|lmao
|join|etaoi
|
|switch|p1a: Lucario|Lucario, F|281\/281
|turn|11
|c|@innovamania â¥|this man is a savage
|-activate|p2a: Ditto|item: Quick Claw
|
|move|p2a: Ditto|Hammer Arm|p1a: Lucario
|-supereffective|p1a: Lucario
|-damage|p1a: Lucario|0 fnt
|-unboost|p2a: Ditto|spe|1
|faint|p1a: Lucario
|
|c| Escavalier|LOL
|c| TheCanadianWifier|LOL
|c| Murkrow Jupiter|bop
|
|switch|p1a: Azumarill|Azumarill, M|364\/364
|turn|12
|join|Ailurophilia
|-activate|p2a: Ditto|item: Quick Claw
|
|move|p2a: Ditto|Thunder Punch|p1a: Azumarill
|-supereffective|p1a: Azumarill
|-damage|p1a: Azumarill|0 fnt
|faint|p1a: Azumarill
|
|win|Prince Rdan
|raw|Ladder updating...
|raw|IPLAYTENNISLOL's rating: 1733 &rarr; <strong>1709<\/strong><br \/>(-24 for losing)
|raw|Prince Rdan's rating: 1665 &rarr; <strong>1688<\/strong><br \/>(+23 for winning)
|c| Escavalier|lmfao
|c| Escavalier|saving this
|c| TheCanadianWifier|ROFL
|leave|IPLAYTENNISLOL
|player|p1
|c| Captain Bravo|lol
|leave|Prince Rdan
|player|p2