|join|sini
|join|iplaytennislol
|player|p1|sini|2
|player|p2|iplaytennislol|175
|gametype|singles
|gen|6
|tier|OU (suspect test)
|rated
|clearpoke
|poke|p1|Talonflame, F
|poke|p1|Porygon-Z
|poke|p1|Relicanth, F, shiny
|poke|p1|Tyranitar, F
|poke|p1|Metagross
|poke|p1|Zapdos
|poke|p2|Infernape, F
|poke|p2|Azumarill, F
|poke|p2|Lucario, M
|poke|p2|Landorus, M
|poke|p2|Metagross
|poke|p2|Thundurus, M
|rule|Swagger Clause: Swagger is banned
|rule|Baton Pass Clause: Limit one PokÃ©mon knowing Baton Pass
|rule|Sleep Clause Mod: Limit one foe put to sleep
|rule|Species Clause: Limit one of each PokÃ©mon
|rule|OHKO Clause: OHKO moves are banned
|rule|Moody Clause: Moody is banned
|rule|Evasion Moves Clause: Evasion moves are banned
|rule|Endless Battle Clause: Forcing endless battles is banned
|rule|HP Percentage Mod: HP is shown in percentages
|teampreview
|join|Storm Jesus
|join|Can-Eh-Dian
|join|CaptainBravo
|
|start
|switch|p1a: Metagross|Metagross|363\/363
|switch|p2a: Infernape|Infernape, F|294\/294
|turn|1
|join|tomibello
|
|detailschange|p1a: Metagross|Metagross-Mega
|-mega|p1a: Metagross|Metagross|Metagrossite
|move|p2a: Infernape|Stealth Rock|p1a: Metagross
|-sidestart|p1: sini|move: Stealth Rock
|move|p1a: Metagross|Zen Headbutt|p2a: Infernape
|-supereffective|p2a: Infernape
|-enditem|p2a: Infernape|Focus Sash
|-damage|p2a: Infernape|1\/294
|
|turn|2
|c|âiplaytennislol|who stays in
|c|âiplaytennislol|oml
|
|move|p2a: Infernape|Vacuum Wave|p1a: Metagross
|-damage|p1a: Metagross|303\/363
|move|p1a: Metagross|Bullet Punch|p2a: Infernape
|-resisted|p2a: Infernape
|-damage|p2a: Infernape|0 fnt
|faint|p2a: Infernape
|
|join|QueenOfLuvdiscs
|join|TheCanadianWifier
|
|switch|p2a: Thundurus|Thundurus, M|299\/299
|turn|3
|join|Winter's Howl
|join|BBOBBY BITCH
|
|move|p2a: Thundurus|Thunderbolt|p1a: Metagross
|-crit|p1a: Metagross
|-damage|p1a: Metagross|57\/363
|-damage|p2a: Thundurus|270\/299|[from] item: Life Orb
|move|p1a: Metagross|Zen Headbutt|p2a: Thundurus
|-damage|p2a: Thundurus|0 fnt
|faint|p2a: Thundurus
|
|leave|TheCanadianWifier
|
|switch|p2a: Azumarill|Azumarill, F|364\/364
|turn|4
|join|Montsegur
|
|move|p1a: Metagross|Bullet Punch|p2a: Azumarill
|-damage|p2a: Azumarill|234\/364
|move|p2a: Azumarill|Aqua Jet|p1a: Metagross
|-damage|p1a: Metagross|0 fnt
|faint|p1a: Metagross
|
|
|switch|p1a: Zapdos|Zapdos|384\/384
|-damage|p1a: Zapdos|288\/384|[from] Stealth Rock
|-ability|p1a: Zapdos|Pressure
|turn|5
|
|move|p1a: Zapdos|Defog|p2a: Azumarill
|-unboost|p2a: Azumarill|evasion|1
|-sideend|p1: sini|Stealth Rock|[from] move: Defog|[of] p1a: Zapdos
|move|p2a: Azumarill|Belly Drum|p2a: Azumarill
|-damage|p2a: Azumarill|52\/364
|-setboost|p2a: Azumarill|atk|6|[from] move: Belly Drum
|-enditem|p2a: Azumarill|Sitrus Berry|[eat]
|-heal|p2a: Azumarill|143\/364|[from] item: Sitrus Berry
|
|-heal|p1a: Zapdos|312\/384|[from] item: Leftovers
|turn|6
|join|Tadasuke
|
|move|p2a: Azumarill|Aqua Jet|p1a: Zapdos
|-damage|p1a: Zapdos|0 fnt
|faint|p1a: Zapdos
|
|
|switch|p1a: Talonflame|Talonflame, F|360\/360
|turn|7
|join|MARCU5theBAW5
|
|move|p1a: Talonflame|Brave Bird|p2a: Azumarill
|-damage|p2a: Azumarill|0 fnt
|-damage|p1a: Talonflame|313\/360|[from] recoil|[of] p2a: Azumarill
|faint|p2a: Azumarill
|
|-heal|p1a: Talonflame|335\/360|[from] item: Leftovers
|
|switch|p2a: Metagross|Metagross|301\/301
|turn|8
|
|detailschange|p2a: Metagross|Metagross-Mega
|-mega|p2a: Metagross|Metagross|Metagrossite
|move|p1a: Talonflame|Will-O-Wisp|p2a: Metagross
|-status|p2a: Metagross|brn
|move|p2a: Metagross|Thunder Punch|p1a: Talonflame
|-supereffective|p1a: Talonflame
|-damage|p1a: Talonflame|197\/360
|
|-heal|p1a: Talonflame|219\/360|[from] item: Leftovers
|-damage|p2a: Metagross|264\/301 brn|[from] brn
|turn|9
|join|Xevcora
|
|switch|p2a: Lucario|Lucario, M|281\/281
|move|p1a: Talonflame|Swords Dance|p1a: Talonflame
|-boost|p1a: Talonflame|atk|2
|
|-heal|p1a: Talonflame|241\/360|[from] item: Leftovers
|turn|10
|
|move|p1a: Talonflame|Will-O-Wisp|p2a: Lucario|[miss]
|-miss|p1a: Talonflame|p2a: Lucario
|move|p2a: Lucario|Swords Dance|p2a: Lucario
|-boost|p2a: Lucario|atk|2
|
|-heal|p1a: Talonflame|263\/360|[from] item: Leftovers
|turn|11
|
|move|p2a: Lucario|Extreme Speed|p1a: Talonflame
|-crit|p1a: Talonflame
|-damage|p1a: Talonflame|0 fnt
|-damage|p2a: Lucario|253\/281|[from] item: Life Orb
|faint|p1a: Talonflame
|
|c| Tadasuke|mit crattered
|
|switch|p1a: Relicanth|Relicanth, F, shiny|341\/341
|turn|12
|c| QueenOfLuvdiscs|^
|
|move|p2a: Lucario|Close Combat|p1a: Relicanth
|-crit|p1a: Relicanth
|-supereffective|p1a: Relicanth
|-damage|p1a: Relicanth|0 fnt
|-unboost|p2a: Lucario|def|1
|-unboost|p2a: Lucario|spd|1
|-damage|p2a: Lucario|225\/281|[from] item: Life Orb
|faint|p1a: Relicanth
|
|c| Tadasuke|so did that one
|c| Tadasuke|fukkin lucky
|
|switch|p1a: Tyranitar|Tyranitar, F|341\/341
|-weather|Sandstorm
|turn|13
|c| QueenOfLuvdiscs|fukkin kike*
|leave|MARCU5theBAW5
|c| CaptainBravo|actually it was a misplayed
|c| Tadasuke|same thing m8
|c| tomibello|why did u willow
|c| Tadasuke|@QoL
|c| Tadasuke|so he coul miss
|
|move|p1a: Tyranitar|Earthquake|p2a: Lucario
|-supereffective|p2a: Lucario
|-damage|p2a: Lucario|0 fnt
|faint|p2a: Lucario
|
|-weather|Sandstorm|[upkeep]
|c| tomibello|u coulda killed w\/ BB
|
|switch|p2a: Landorus|Landorus, M|319\/319
|turn|14
|c| tomibello|tbh
|c| Tadasuke|jolly doin its work
|
|switch|p1a: Porygon-Z|Porygon-Z|311\/311
|-boost|p1a: Porygon-Z|spa|1|[from] ability: Download
|move|p2a: Landorus|Rock Polish|p2a: Landorus
|-boost|p2a: Landorus|spe|2
|
|-weather|Sandstorm|[upkeep]
|-damage|p1a: Porygon-Z|292\/311|[from] sandstorm
|turn|15
|join|TheCanadianWifier
|c| CaptainBravo|agreed
|
|move|p2a: Landorus|Earth Power|p1a: Porygon-Z
|-damage|p1a: Porygon-Z|111\/311
|move|p1a: Porygon-Z|Ice Beam|p2a: Landorus
|-supereffective|p2a: Landorus
|-damage|p2a: Landorus|0 fnt
|faint|p2a: Landorus
|
|-weather|Sandstorm|[upkeep]
|-damage|p1a: Porygon-Z|92\/311|[from] sandstorm
|c|âiplaytennislol|Av,,
|c|âiplaytennislol|kys
|c| Can-Eh-Dian|BT
|c| CaptainBravo|srekt
|c| Can-Eh-Dian|is in the house
|c| TheCanadianWifier|LOL
|
|switch|p2a: Metagross|Metagross-Mega|264\/301 brn
|turn|16
|c| Tadasuke|he could've been sashed with 80%
|c| QueenOfLuvdiscs|that makes me s happy
|c|âiplaytennislol|fuck you lametruth
|-message|iplaytennislol forfeited.
|leave|iplaytennislol
|
|win|sini
|raw|Ladder updating...
|player|p2
|raw|sini's rating: 1356 &rarr; <strong>1383<\/strong><br \/>(+27 for winning)
|raw|iplaytennislol's rating: 1477 &rarr; <strong>1450<\/strong><br \/>(-27 for losing)