|join|iplaytennislol
|join|Reverb
|player|p1|iplaytennislol|175
|player|p2|Reverb|#reverbxmas
|gametype|singles
|gen|6
|tier|OU (suspect test)
|clearpoke
|poke|p1|Infernape, F
|poke|p1|Azumarill, M
|poke|p1|Lucario, F
|poke|p1|Landorus, M
|poke|p1|Metagross
|poke|p1|Thundurus, M
|poke|p2|Lopunny, M
|poke|p2|Celebi
|poke|p2|Tyranitar, M
|poke|p2|Keldeo
|poke|p2|Landorus-Therian, M
|poke|p2|Empoleon, M
|rule|Swagger Clause: Swagger is banned
|rule|Baton Pass Clause: Limit one PokÃ©mon knowing Baton Pass
|rule|Sleep Clause Mod: Limit one foe put to sleep
|rule|Species Clause: Limit one of each PokÃ©mon
|rule|OHKO Clause: OHKO moves are banned
|rule|Moody Clause: Moody is banned
|rule|Evasion Moves Clause: Evasion moves are banned
|rule|Endless Battle Clause: Forcing endless battles is banned
|rule|HP Percentage Mod: HP is shown in percentages
|teampreview
|c|âReverb|hf
|c|âiplaytennislol|u2
|join|Alkov
|join|daftmau5
|
|start
|switch|p1a: Infernape|Infernape, F|294\/294
|switch|p2a: Lopunny|Lopunny, M|271\/271
|turn|1
|join|craing
|join|Draeden
|
|switch|p1a: Metagross|Metagross|301\/301
|detailschange|p2a: Lopunny|Lopunny-Mega, M
|-mega|p2a: Lopunny|Lopunny|Lopunnite
|move|p2a: Lopunny|Fake Out|p1a: Metagross
|-resisted|p1a: Metagross
|-damage|p1a: Metagross|271\/301
|
|turn|2
|join|Omegasization
|
|switch|p2a: Empoleon|Empoleon, M|371\/371
|detailschange|p1a: Metagross|Metagross-Mega
|-mega|p1a: Metagross|Metagross|Metagrossite
|move|p1a: Metagross|Meteor Mash|p2a: Empoleon|[miss]
|-miss|p1a: Metagross|p2a: Empoleon
|
|turn|3
|
|move|p1a: Metagross|Hammer Arm|p2a: Empoleon
|-supereffective|p2a: Empoleon
|-damage|p2a: Empoleon|75\/371
|-unboost|p1a: Metagross|spe|1
|move|p2a: Empoleon|Stealth Rock|p1a: Metagross
|-sidestart|p1: iplaytennislol|move: Stealth Rock
|
|-heal|p2a: Empoleon|98\/371|[from] item: Leftovers
|turn|4
|
|switch|p2a: Landorus-Therian|Landorus-Therian, M|327\/327
|-ability|p2a: Landorus-Therian|Intimidate|[of] p1a: Metagross
|-unboost|p1a: Metagross|atk|1
|move|p1a: Metagross|Thunder Punch|p2a: Landorus-Therian
|-immune|p2a: Landorus-Therian|[msg]
|
|turn|5
|c| daftmau5|!
|join|sapia genia
|
|switch|p1a: Landorus|Landorus, M|319\/319
|-damage|p1a: Landorus|280\/319|[from] Stealth Rock
|move|p2a: Landorus-Therian|U-turn|p1a: Landorus
|-resisted|p1a: Landorus
|-damage|p1a: Landorus|233\/319
|join|Praj.pran
|
|switch|p2a: Keldeo|Keldeo|323\/323
|
|turn|6
|
|switch|p1a: Azumarill|Azumarill, M|364\/364
|-damage|p1a: Azumarill|319\/364|[from] Stealth Rock
|move|p2a: Keldeo|Scald|p1a: Azumarill
|-resisted|p1a: Azumarill
|-damage|p1a: Azumarill|181\/364
|-enditem|p1a: Azumarill|Sitrus Berry|[eat]
|-heal|p1a: Azumarill|272\/364|[from] item: Sitrus Berry
|
|turn|7
|
|switch|p2a: Empoleon|Empoleon, M|98\/371
|move|p1a: Azumarill|Knock Off|p2a: Empoleon
|-damage|p2a: Empoleon|0 fnt
|-enditem|p2a: Empoleon|Leftovers|[from] move: Knock Off|[of] p1a: Azumarill
|faint|p2a: Empoleon
|
|
|switch|p2a: Lopunny|Lopunny-Mega, M|271\/271
|turn|8
|
|move|p2a: Lopunny|Fake Out|p1a: Azumarill
|-damage|p1a: Azumarill|184\/364
|cant|p1a: Azumarill|flinch
|
|turn|9
|
|move|p2a: Lopunny|Return|p1a: Azumarill
|-crit|p1a: Azumarill
|-damage|p1a: Azumarill|0 fnt
|faint|p1a: Azumarill
|
|
|switch|p1a: Metagross|Metagross-Mega|271\/301
|-damage|p1a: Metagross|253\/301|[from] Stealth Rock
|turn|10
|c|âReverb|didnt matter
|c| Praj.pran|y
|c|âiplaytennislol|lol
|c| daftmau5|it's annoying how many kos
|c| daftmau5|fake out creates
|c|âReverb|lol
|c|âiplaytennislol|fake out did 24
|c|âiplaytennislol|i know math
|
|switch|p2a: Keldeo|Keldeo|323\/323
|move|p1a: Metagross|Meteor Mash|p2a: Keldeo
|-resisted|p2a: Keldeo
|-damage|p2a: Keldeo|205\/323
|
|turn|11
|
|switch|p2a: Landorus-Therian|Landorus-Therian, M|327\/327
|-ability|p2a: Landorus-Therian|Intimidate|[of] p1a: Metagross
|-unboost|p1a: Metagross|atk|1
|move|p1a: Metagross|Meteor Mash|p2a: Landorus-Therian
|-damage|p2a: Landorus-Therian|161\/327
|
|turn|12
|
|switch|p1a: Landorus|Landorus, M|233\/319
|-damage|p1a: Landorus|194\/319|[from] Stealth Rock
|move|p2a: Landorus-Therian|U-turn|p1a: Landorus
|-resisted|p1a: Landorus
|-damage|p1a: Landorus|148\/319
|
|switch|p2a: Lopunny|Lopunny-Mega, M|271\/271
|
|turn|13
|c|âiplaytennislol|reverb
|c|âiplaytennislol|do you ever
|c|âiplaytennislol|click eq
|join|Pure Demize
|c|âiplaytennislol|?
|join|Prankster
|c|âReverb|ye prolly
|join|weepeverybattle
|
|move|p2a: Lopunny|Return|p1a: Landorus
|-damage|p1a: Landorus|0 fnt
|faint|p1a: Landorus
|
|
|switch|p1a: Metagross|Metagross-Mega|253\/301
|-damage|p1a: Metagross|235\/301|[from] Stealth Rock
|turn|14
|
|switch|p2a: Landorus-Therian|Landorus-Therian, M|161\/327
|-ability|p2a: Landorus-Therian|Intimidate|[of] p1a: Metagross
|-unboost|p1a: Metagross|atk|1
|move|p1a: Metagross|Meteor Mash|p2a: Landorus-Therian
|-damage|p2a: Landorus-Therian|0 fnt
|faint|p2a: Landorus-Therian
|
|
|switch|p2a: Tyranitar|Tyranitar, M|383\/383
|-weather|Sandstorm
|turn|15
|join|Emma Bae
|
|move|p1a: Metagross|Hammer Arm|p2a: Tyranitar
|-crit|p2a: Tyranitar
|-supereffective|p2a: Tyranitar
|-damage|p2a: Tyranitar|0 fnt
|-unboost|p1a: Metagross|spe|1
|faint|p2a: Tyranitar
|
|-weather|Sandstorm|[upkeep]
|c| Omegasization|mmeta
|c| Omegasization|pls no
|join|TechJet
|
|switch|p2a: Keldeo|Keldeo|205\/323
|turn|16
|join|lrresistable
|join|Jukain
|c|+Jukain|OH MY GOSH REVERB YOU'RE GARBAGE
|c|âReverb|stfu im drunk
|c| Praj.pran|lol
|c|+Jukain|JEW
|
|switch|p1a: Infernape|Infernape, F|294\/294
|-damage|p1a: Infernape|258\/294|[from] Stealth Rock
|move|p2a: Keldeo|Scald|p1a: Infernape
|-supereffective|p1a: Infernape
|-damage|p1a: Infernape|0 fnt
|faint|p1a: Infernape
|
|-weather|Sandstorm|[upkeep]
|-damage|p2a: Keldeo|185\/323|[from] sandstorm
|
|switch|p1a: Thundurus|Thundurus, M|299\/299
|-damage|p1a: Thundurus|225\/299|[from] Stealth Rock
|turn|17
|
|switch|p2a: Celebi|Celebi|404\/404
|move|p1a: Thundurus|Knock Off|p2a: Celebi
|-supereffective|p2a: Celebi
|-damage|p2a: Celebi|173\/404
|-enditem|p2a: Celebi|Leftovers|[from] move: Knock Off|[of] p1a: Thundurus
|-damage|p1a: Thundurus|196\/299|[from] item: Life Orb
|
|-weather|Sandstorm|[upkeep]
|-damage|p1a: Thundurus|178\/299|[from] sandstorm
|-damage|p2a: Celebi|148\/404|[from] sandstorm
|turn|18
|
|move|p1a: Thundurus|Hidden Power|p2a: Celebi
|-supereffective|p2a: Celebi
|-damage|p2a: Celebi|2\/404
|-damage|p1a: Thundurus|149\/299|[from] item: Life Orb
|move|p2a: Celebi|Recover|p2a: Celebi
|-heal|p2a: Celebi|204\/404
|
|-weather|Sandstorm|[upkeep]
|-damage|p1a: Thundurus|131\/299|[from] sandstorm
|-damage|p2a: Celebi|179\/404|[from] sandstorm
|turn|19
|c|âiplaytennislol|3rqbq3 w3 4w nrbW
|c|âiplaytennislol|32EVBV4BE
|c|âiplaytennislol|FUCK ME
|c|+Jukain|switch
|c| daftmau5|why didn't you knock
|c|+Jukain|to gross
|c| daftmau5|again
|c|+Jukain|and win
|c|+Jukain|._.
|c| daftmau5|bruh
|c|âiplaytennislol|idk how to play
|
|switch|p1a: Metagross|Metagross-Mega|235\/301
|-damage|p1a: Metagross|217\/301|[from] Stealth Rock
|move|p2a: Celebi|Recover|p2a: Celebi
|-heal|p2a: Celebi|381\/404
|
|-weather|none
|turn|20
|
|move|p1a: Metagross|Meteor Mash|p2a: Celebi
|-damage|p2a: Celebi|158\/404
|move|p2a: Celebi|Giga Drain|p1a: Metagross
|-resisted|p1a: Metagross
|-damage|p1a: Metagross|179\/301
|-heal|p2a: Celebi|177\/404|[from] drain|[of] p1a: Metagross
|
|turn|21
|c| lrresistable|reveal t wave
|c| Praj.pran|ep if real
|c|+Jukain|now agility here
|c|+Jukain|:[
|c| sapia genia|jesus 55
|join|Shorterm
|join|TheCanadianWifier
|c| daftmau5|it's probs in fake out hjk range
|
|switch|p2a: Keldeo|Keldeo|185\/323
|move|p1a: Metagross|Meteor Mash|p2a: Keldeo
|-resisted|p2a: Keldeo
|-damage|p2a: Keldeo|60\/323
|-boost|p1a: Metagross|atk|1
|
|turn|22
|c| sapia genia|how is metagross so strong
|c| weepeverybattle|it has 8 arms.
|
|move|p1a: Metagross|Bullet Punch|p2a: Keldeo
|-resisted|p2a: Keldeo
|-damage|p2a: Keldeo|0 fnt
|faint|p2a: Keldeo
|
|
|switch|p2a: Lopunny|Lopunny-Mega, M|271\/271
|turn|23
|join|James Jimmy
|join|tilt ftw
|leave|James Jimmy
|
|move|p2a: Lopunny|Fake Out|p1a: Metagross
|-resisted|p1a: Metagross
|-damage|p1a: Metagross|152\/301
|cant|p1a: Metagross|flinch
|
|turn|24
|join|aqbf
|
|move|p1a: Metagross|Bullet Punch|p2a: Lopunny
|-crit|p2a: Lopunny
|-damage|p2a: Lopunny|30\/271
|move|p2a: Lopunny|High Jump Kick|p1a: Metagross
|-damage|p1a: Metagross|0 fnt
|faint|p1a: Metagross
|
|c|âiplaytennislol|sorry :L
|c| sapia genia|damn
|c| lrresistable|lold
|c| sapia genia|no miss
|
|switch|p1a: Lucario|Lucario, F|281\/281
|-damage|p1a: Lucario|273\/281|[from] Stealth Rock
|turn|25
|leave|lrresistable
|c|+Jukain|it didnt matter
|c| TechJet|Imagine if Game Freak gave Mega Gross an ability were it hits 8 times, for each arm
|c|âReverb|its k
|c| daftmau5|would have been in luc range regardless
|c|âReverb|you won after the atk boost
|-message|Reverb forfeited.
|
|win|iplaytennislol
|c|âiplaytennislol|gg
|leave|Reverb
|player|p2
|leave|iplaytennislol
|player|p1
|leave|Emma Bae
|leave|Praj.pran
|leave|Shorterm
|leave|Omegasization
|leave|tilt ftw
|leave|daftmau5
|leave|TechJet
|leave|Prankster
|join|TechJet
|leave|Pure Demize
|leave|TechJet
|leave|weepeverybattle
|join|iplaytennislol
|join|tilt ftw
|join|TechJet