|join|iplaytennislol
|join|IraArchive
|player|p1|iplaytennislol|175
|player|p2|IraArchive|70
|gametype|singles
|gen|6
|tier|OU (suspect test)
|rated
|clearpoke
|poke|p1|Infernape, F
|poke|p1|Azumarill, M
|poke|p1|Lucario, M
|poke|p1|Landorus, M
|poke|p1|Metagross
|poke|p1|Thundurus, M
|poke|p2|Heracross, M
|poke|p2|Heatran, F
|poke|p2|Ferrothorn, M
|poke|p2|Thundurus, M
|poke|p2|Latias, F
|poke|p2|Conkeldurr, M
|rule|Swagger Clause: Swagger is banned
|rule|Baton Pass Clause: Limit one PokÃ©mon knowing Baton Pass
|rule|Sleep Clause Mod: Limit one foe put to sleep
|rule|Species Clause: Limit one of each PokÃ©mon
|rule|OHKO Clause: OHKO moves are banned
|rule|Moody Clause: Moody is banned
|rule|Evasion Moves Clause: Evasion moves are banned
|rule|Endless Battle Clause: Forcing endless battles is banned
|rule|HP Percentage Mod: HP is shown in percentages
|teampreview
|c|âIraArchive|dude
|
|start
|switch|p1a: Infernape|Infernape, F|294\/294
|switch|p2a: Heracross|Heracross, M|311\/311
|turn|1
|c|âIraArchive|your at the top of the ladder
|
|detailschange|p2a: Heracross|Heracross-Mega, M
|-mega|p2a: Heracross|Heracross|Heracronite
|move|p1a: Infernape|Stealth Rock|p2a: Heracross
|-sidestart|p2: IraArchive|move: Stealth Rock
|move|p2a: Heracross|Rock Blast|p1a: Infernape
|-damage|p1a: Infernape|228\/294
|-crit|p1a: Infernape
|-damage|p1a: Infernape|140\/294
|-crit|p1a: Infernape
|-damage|p1a: Infernape|46\/294
|-damage|p1a: Infernape|0 fnt
|-hitcount|p1a: Infernape|4
|faint|p1a: Infernape
|
|
|switch|p1a: Metagross|Metagross|301\/301
|turn|2
|
|switch|p2a: Ferrothorn|Ferrothorn, M|352\/352
|-damage|p2a: Ferrothorn|330\/352|[from] Stealth Rock
|detailschange|p1a: Metagross|Metagross-Mega
|-mega|p1a: Metagross|Metagross|Metagrossite
|move|p1a: Metagross|Hammer Arm|p2a: Ferrothorn
|-supereffective|p2a: Ferrothorn
|-damage|p2a: Ferrothorn|114\/352
|-damage|p1a: Metagross|264\/301|[from] ability: Iron Barbs|[of] p2a: Ferrothorn
|-damage|p1a: Metagross|214\/301|[from] item: Rocky Helmet|[of] p2a: Ferrothorn
|-unboost|p1a: Metagross|spe|1
|
|turn|3
|join|tomibello
|
|move|p1a: Metagross|Hammer Arm|p2a: Ferrothorn
|-supereffective|p2a: Ferrothorn
|-damage|p2a: Ferrothorn|0 fnt
|-damage|p1a: Metagross|177\/301|[from] ability: Iron Barbs|[of] p2a: Ferrothorn
|-damage|p1a: Metagross|127\/301|[from] item: Rocky Helmet|[of] p2a: Ferrothorn
|-unboost|p1a: Metagross|spe|1
|faint|p2a: Ferrothorn
|
|join|innovamania
|leave|iplaytennislol
|player|p1
|join|iplaytennislol
|c|âIraArchive|cool
|player|p1|iplaytennislol|175
|c|âIraArchive|too early to dc
|
|switch|p2a: Thundurus|Thundurus, M|300\/300
|-damage|p2a: Thundurus|225\/300|[from] Stealth Rock
|turn|4
|
|switch|p1a: Thundurus|Thundurus, M|299\/299
|move|p2a: Thundurus|Thunderbolt|p1a: Thundurus
|-damage|p1a: Thundurus|73\/299
|-damage|p2a: Thundurus|195\/300|[from] item: Life Orb
|
|turn|5
|
|move|p2a: Thundurus|Thunderbolt|p1a: Thundurus
|-damage|p1a: Thundurus|0 fnt
|-damage|p2a: Thundurus|165\/300|[from] item: Life Orb
|faint|p1a: Thundurus
|
|
|switch|p1a: Lucario|Lucario, M|281\/281
|turn|6
|
|switch|p2a: Conkeldurr|Conkeldurr, M|352\/352
|-damage|p2a: Conkeldurr|330\/352|[from] Stealth Rock
|move|p1a: Lucario|Extreme Speed|p2a: Conkeldurr
|-damage|p2a: Conkeldurr|205\/352
|-damage|p1a: Lucario|253\/281|[from] item: Life Orb
|
|turn|7
|
|switch|p1a: Azumarill|Azumarill, M|364\/364
|move|p2a: Conkeldurr|Knock Off|p1a: Azumarill
|-resisted|p1a: Azumarill
|-damage|p1a: Azumarill|291\/364
|-enditem|p1a: Azumarill|Sitrus Berry|[from] move: Knock Off|[of] p2a: Conkeldurr
|
|turn|8
|join|SilverReaper21
|
|move|p1a: Azumarill|Play Rough|p2a: Conkeldurr|[miss]
|-miss|p1a: Azumarill|p2a: Conkeldurr
|move|p2a: Conkeldurr|Drain Punch|p1a: Azumarill
|-resisted|p1a: Azumarill
|-damage|p1a: Azumarill|195\/364
|-heal|p2a: Conkeldurr|253\/352|[from] drain|[of] p1a: Azumarill
|
|turn|9
|
|move|p2a: Conkeldurr|Mach Punch|p1a: Azumarill
|-resisted|p1a: Azumarill
|-damage|p1a: Azumarill|146\/364
|move|p1a: Azumarill|Play Rough|p2a: Conkeldurr
|-supereffective|p2a: Conkeldurr
|-damage|p2a: Conkeldurr|0 fnt
|faint|p2a: Conkeldurr
|
|
|switch|p2a: Heracross|Heracross-Mega, M|311\/311
|-damage|p2a: Heracross|273\/311|[from] Stealth Rock
|turn|10
|
|move|p1a: Azumarill|Aqua Jet|p2a: Heracross
|-damage|p2a: Heracross|197\/311
|move|p2a: Heracross|Bullet Seed|p1a: Azumarill
|-supereffective|p1a: Azumarill
|-damage|p1a: Azumarill|38\/364
|-supereffective|p1a: Azumarill
|-damage|p1a: Azumarill|0 fnt
|-hitcount|p1a: Azumarill|2
|faint|p1a: Azumarill
|
|
|switch|p1a: Metagross|Metagross-Mega|127\/301
|turn|11
|
|move|p1a: Metagross|Meteor Mash|p2a: Heracross
|-damage|p2a: Heracross|5\/311
|move|p2a: Heracross|Close Combat|p1a: Metagross
|-crit|p1a: Metagross
|-damage|p1a: Metagross|0 fnt
|-unboost|p2a: Heracross|def|1
|-unboost|p2a: Heracross|spd|1
|faint|p1a: Metagross
|
|c| SilverReaper21|nb nb
|
|switch|p1a: Landorus|Landorus, M|319\/319
|turn|12
|
|switch|p2a: Heatran|Heatran, F|344\/344
|-damage|p2a: Heatran|301\/344|[from] Stealth Rock
|move|p1a: Landorus|Rock Polish|p1a: Landorus
|-boost|p1a: Landorus|spe|2
|
|-heal|p2a: Heatran|322\/344|[from] item: Leftovers
|turn|13
|
|move|p1a: Landorus|Earth Power|p2a: Heatran
|-supereffective|p2a: Heatran
|-damage|p2a: Heatran|0 fnt
|faint|p2a: Heatran
|
|
|switch|p2a: Latias|Latias, F|302\/302
|-damage|p2a: Latias|265\/302|[from] Stealth Rock
|turn|14
|
|move|p1a: Landorus|Knock Off|p2a: Latias
|-supereffective|p2a: Latias
|-damage|p2a: Latias|0 fnt
|-enditem|p2a: Latias|Life Orb|[from] move: Knock Off|[of] p1a: Landorus
|-damage|p1a: Landorus|288\/319|[from] item: Life Orb
|faint|p2a: Latias
|
|
|switch|p2a: Thundurus|Thundurus, M|165\/300
|-damage|p2a: Thundurus|90\/300|[from] Stealth Rock
|turn|15
|c|âIraArchive|mixed
|c|âIraArchive|no wonder you sweep
|c|âIraArchive|gg
|
|move|p1a: Landorus|Knock Off|p2a: Thundurus
|-damage|p2a: Thundurus|0 fnt
|-enditem|p2a: Thundurus|Life Orb|[from] move: Knock Off|[of] p1a: Landorus
|-damage|p1a: Landorus|257\/319|[from] item: Life Orb
|faint|p2a: Thundurus
|
|c|âiplaytennislol|gg
|
|switch|p2a: Heracross|Heracross-Mega, M|5\/311
|-damage|p2a: Heracross|0 fnt|[from] Stealth Rock
|faint|p2a: Heracross
|
|win|iplaytennislol
|raw|Ladder updating...
|raw|iplaytennislol's rating: 1659 &rarr; <strong>1669<\/strong><br \/>(+10 for winning)
|raw|IraArchive's rating: 1477 &rarr; <strong>1466<\/strong><br \/>(-11 for losing)
|c| SilverReaper21|nb nb
|leave|IraArchive
|player|p2