|join|zoid's warhorse
|join|Icerace
|player|p1|zoid's warhorse|188
|player|p2|Icerace|169
|gametype|singles
|gen|6
|tier|UU
|rated
|rule|Sleep Clause Mod: Limit one foe put to sleep
|rule|Species Clause: Limit one of each PokÃ©mon
|rule|OHKO Clause: OHKO moves are banned
|rule|Moody Clause: Moody is banned
|rule|Evasion Moves Clause: Evasion moves are banned
|rule|Endless Battle Clause: Forcing endless battles is banned
|rule|HP Percentage Mod: HP is shown in percentages
|clearpoke
|poke|p1|Aerodactyl, M
|poke|p1|Azelf
|poke|p1|Dragalge, F
|poke|p1|Lucario, F
|poke|p1|Magneton
|poke|p1|Serperior, F
|poke|p2|Haxorus, F
|poke|p2|Empoleon, M
|poke|p2|Crobat, M
|poke|p2|Hippowdon, M
|poke|p2|Infernape, M
|poke|p2|Galvantula, M
|rule|Swagger Clause: Swagger is banned
|rule|Baton Pass Clause: Limit one PokÃ©mon knowing Baton Pass
|teampreview
|join|scoutisout
|c| scoutisout|the galv doesnt hav a sash
|
|start
|switch|p1a: Azelf|Azelf|291\/291
|switch|p2a: Galvantula|Galvantula, M|281\/281
|turn|1
|c| scoutisout|thats band crobat
|c| scoutisout|that is a fake out variant infernape
|c|âzoid's warhorse|av empoleon
|c|âzoid's warhorse|scarf haxorus
|c| scoutisout|no
|c|âzoid's warhorse|specs hippo
|c| scoutisout|lefties
|c|âIcerace|haha
|
|move|p1a: Azelf|Stealth Rock|p2a: Galvantula
|-sidestart|p2: Icerace|move: Stealth Rock
|move|p2a: Galvantula|Bug Buzz|p1a: Azelf
|-supereffective|p1a: Azelf
|-enditem|p1a: Azelf|Focus Sash
|-damage|p1a: Azelf|1\/291
|
|turn|2
|
|switch|p2a: Empoleon|Empoleon, M|372\/372
|-damage|p2a: Empoleon|349\/372|[from] Stealth Rock
|move|p1a: Azelf|Explosion|p2a: Empoleon
|-resisted|p2a: Empoleon
|-damage|p2a: Empoleon|197\/372
|faint|p1a: Azelf
|
|-heal|p2a: Empoleon|220\/372|[from] item: Leftovers
|
|switch|p1a: Magneton|Magneton|303\/303
|turn|3
|
|move|p1a: Magneton|Thunderbolt|p2a: Empoleon
|-supereffective|p2a: Empoleon
|-damage|p2a: Empoleon|0 fnt
|faint|p2a: Empoleon
|
|
|switch|p2a: Haxorus|Haxorus, F|293\/293
|-damage|p2a: Haxorus|257\/293|[from] Stealth Rock
|-ability|p2a: Haxorus|Mold Breaker
|turn|4
|
|move|p2a: Haxorus|Outrage|p1a: Magneton
|-resisted|p1a: Magneton
|-damage|p1a: Magneton|221\/303
|move|p1a: Magneton|Flash Cannon|p2a: Haxorus
|-damage|p2a: Haxorus|77\/293
|
|turn|5
|
|move|p2a: Haxorus|Outrage|p1a: Magneton
|-resisted|p1a: Magneton
|-damage|p1a: Magneton|134\/303
|move|p1a: Magneton|Flash Cannon|p2a: Haxorus
|-damage|p2a: Haxorus|0 fnt
|faint|p2a: Haxorus
|
|
|switch|p2a: Infernape|Infernape, M|293\/293
|-damage|p2a: Infernape|257\/293|[from] Stealth Rock
|turn|6
|
|switch|p1a: Lucario|Lucario, F|279\/279
|move|p2a: Infernape|Close Combat|p1a: Lucario
|-supereffective|p1a: Lucario
|-damage|p1a: Lucario|0 fnt
|-unboost|p2a: Infernape|def|1
|-unboost|p2a: Infernape|spd|1
|-damage|p2a: Infernape|228\/293|[from] item: Life Orb
|faint|p1a: Lucario
|
|
|switch|p1a: Dragalge|Dragalge, F|283\/283
|turn|7
|
|switch|p2a: Galvantula|Galvantula, M|281\/281
|-damage|p2a: Galvantula|211\/281|[from] Stealth Rock
|move|p1a: Dragalge|Sludge Wave|p2a: Galvantula
|-damage|p2a: Galvantula|0 fnt
|faint|p2a: Galvantula
|
|
|switch|p2a: Crobat|Crobat, M|311\/311
|-damage|p2a: Crobat|234\/311|[from] Stealth Rock
|turn|8
|
|switch|p1a: Magneton|Magneton|134\/303
|move|p2a: Crobat|Brave Bird|p1a: Magneton
|-resisted|p1a: Magneton
|-damage|p1a: Magneton|91\/303
|-damage|p2a: Crobat|220\/311|[from] recoil|[of] p1a: Magneton
|
|turn|9
|
|switch|p2a: Hippowdon|Hippowdon, M|420\/420
|-damage|p2a: Hippowdon|394\/420|[from] Stealth Rock
|-weather|Sandstorm
|move|p1a: Magneton|Flash Cannon|p2a: Hippowdon
|-crit|p2a: Hippowdon
|-damage|p2a: Hippowdon|93\/420
|
|-weather|Sandstorm|[upkeep]
|-heal|p2a: Hippowdon|119\/420|[from] item: Leftovers
|turn|10
|
|switch|p2a: Infernape|Infernape, M|228\/293
|-damage|p2a: Infernape|192\/293|[from] Stealth Rock
|move|p1a: Magneton|Flash Cannon|p2a: Infernape
|-resisted|p2a: Infernape
|-damage|p2a: Infernape|90\/293
|
|-weather|Sandstorm|[upkeep]
|-damage|p2a: Infernape|72\/293|[from] sandstorm
|turn|11
|
|move|p2a: Infernape|Close Combat|p1a: Magneton
|-supereffective|p1a: Magneton
|-damage|p1a: Magneton|0 fnt
|-unboost|p2a: Infernape|def|1
|-unboost|p2a: Infernape|spd|1
|-damage|p2a: Infernape|43\/293|[from] item: Life Orb
|faint|p1a: Magneton
|
|-weather|Sandstorm|[upkeep]
|-damage|p2a: Infernape|25\/293|[from] sandstorm
|
|switch|p1a: Aerodactyl|Aerodactyl, M|302\/302
|-ability|p1a: Aerodactyl|Unnerve|p2: Icerace
|turn|12
|
|detailschange|p1a: Aerodactyl|Aerodactyl-Mega, M
|-mega|p1a: Aerodactyl|Aerodactyl|Aerodactylite
|move|p1a: Aerodactyl|Aerial Ace|p2a: Infernape
|-supereffective|p2a: Infernape
|-damage|p2a: Infernape|0 fnt
|faint|p2a: Infernape
|
|-weather|Sandstorm|[upkeep]
|
|switch|p2a: Hippowdon|Hippowdon, M|119\/420
|-damage|p2a: Hippowdon|93\/420|[from] Stealth Rock
|turn|13
|
|move|p1a: Aerodactyl|Aqua Tail|p2a: Hippowdon
|-supereffective|p2a: Hippowdon
|-damage|p2a: Hippowdon|0 fnt
|faint|p2a: Hippowdon
|
|-weather|none
|c|âIcerace|gg
|c|âzoid's warhorse|gg
|
|switch|p2a: Crobat|Crobat, M|220\/311
|-damage|p2a: Crobat|143\/311|[from] Stealth Rock
|turn|14
|
|move|p1a: Aerodactyl|Aqua Tail|p2a: Crobat
|-damage|p2a: Crobat|0 fnt
|faint|p2a: Crobat
|
|win|zoid's warhorse
|raw|Ladder updating...
|raw|zoid&apos;s warhorse's rating: 1486 &rarr; <strong>1507<\/strong><br \/>(+21 for winning)
|raw|Icerace's rating: 1495 &rarr; <strong>1475<\/strong><br \/>(-20 for losing)