|join|zoid's warhorse
|join|derptile
|player|p1|zoid's warhorse|188
|player|p2|derptile|169
|gametype|singles
|gen|6
|tier|UU
|rated
|rule|Sleep Clause Mod: Limit one foe put to sleep
|rule|Species Clause: Limit one of each PokÃ©mon
|rule|OHKO Clause: OHKO moves are banned
|rule|Moody Clause: Moody is banned
|rule|Evasion Moves Clause: Evasion moves are banned
|rule|Endless Battle Clause: Forcing endless battles is banned
|rule|HP Percentage Mod: HP is shown in percentages
|clearpoke
|poke|p1|Aerodactyl, F
|poke|p1|Azelf
|poke|p1|Dragalge, M
|poke|p1|Lucario, F
|poke|p1|Magneton
|poke|p1|Serperior, F
|poke|p2|Alomomola, F, shiny
|poke|p2|Nidoqueen, F
|poke|p2|Blissey, F
|poke|p2|Mienshao, F
|poke|p2|Crobat, M
|poke|p2|Jirachi, shiny
|rule|Swagger Clause: Swagger is banned
|rule|Baton Pass Clause: Limit one PokÃ©mon knowing Baton Pass
|teampreview
|
|start
|switch|p1a: Azelf|Azelf|291\/291
|switch|p2a: Mienshao|Mienshao, F|271\/271
|turn|1
|
|move|p2a: Mienshao|Fake Out|p1a: Azelf
|-damage|p1a: Azelf|216\/291
|-damage|p2a: Mienshao|244\/271|[from] item: Life Orb
|cant|p1a: Azelf|flinch
|
|turn|2
|
|switch|p2a: Blissey|Blissey, F|714\/714
|move|p1a: Azelf|Stealth Rock|p2a: Blissey
|-sidestart|p2: derptile|move: Stealth Rock
|
|turn|3
|
|move|p1a: Azelf|Knock Off|p2a: Blissey
|-damage|p2a: Blissey|512\/714
|-enditem|p2a: Blissey|Leftovers|[from] move: Knock Off|[of] p1a: Azelf
|move|p2a: Blissey|Wish|p2a: Blissey
|
|turn|4
|
|move|p1a: Azelf|Taunt|p2a: Blissey
|-start|p2a: Blissey|move: Taunt
|move|p2a: Blissey|Seismic Toss|p1a: Azelf
|-damage|p1a: Azelf|116\/291
|
|-heal|p2a: Blissey|714\/714|[from] move: Wish|[wisher] Blissey
|turn|5
|
|move|p1a: Azelf|Explosion|p2a: Blissey
|-damage|p2a: Blissey|183\/714
|faint|p1a: Azelf
|move|p2a: Blissey|Seismic Toss|p1: Azelf|[notarget]
|-notarget
|
|
|switch|p1a: Lucario|Lucario, F|279\/279
|turn|6
|
|switch|p1a: Aerodactyl|Aerodactyl, F|302\/302
|-ability|p1a: Aerodactyl|Unnerve|p2: derptile
|switch|p2a: Nidoqueen|Nidoqueen, F|371\/371
|-damage|p2a: Nidoqueen|348\/371|[from] Stealth Rock
|
|turn|7
|
|switch|p2a: Alomomola|Alomomola, F, shiny|479\/479
|-damage|p2a: Alomomola|420\/479|[from] Stealth Rock
|detailschange|p1a: Aerodactyl|Aerodactyl-Mega, F
|-mega|p1a: Aerodactyl|Aerodactyl|Aerodactylite
|move|p1a: Aerodactyl|Aqua Tail|p2a: Alomomola
|-resisted|p2a: Alomomola
|-damage|p2a: Alomomola|352\/479
|-damage|p1a: Aerodactyl|252\/302|[from] item: Rocky Helmet|[of] p2a: Alomomola
|
|turn|8
|
|switch|p1a: Dragalge|Dragalge, M|283\/283
|move|p2a: Alomomola|Toxic|p1a: Dragalge
|-fail|p1a: Dragalge
|
|turn|9
|
|switch|p2a: Jirachi|Jirachi, shiny|397\/397
|-damage|p2a: Jirachi|373\/397|[from] Stealth Rock
|switch|p1a: Lucario|Lucario, F|279\/279
|
|-heal|p2a: Jirachi|397\/397|[from] item: Leftovers
|turn|10
|
|move|p1a: Lucario|Swords Dance|p1a: Lucario
|-boost|p1a: Lucario|atk|2
|move|p2a: Jirachi|Psyshock|p1a: Lucario
|-damage|p1a: Lucario|95\/279
|
|turn|11
|
|move|p1a: Lucario|Close Combat|p2a: Jirachi
|-damage|p2a: Jirachi|0 fnt
|-unboost|p1a: Lucario|def|1
|-unboost|p1a: Lucario|spd|1
|-damage|p1a: Lucario|68\/279|[from] item: Life Orb
|faint|p2a: Jirachi
|
|
|switch|p2a: Mienshao|Mienshao, F|271\/271
|-damage|p2a: Mienshao|255\/271|[from] Stealth Rock
|turn|12
|
|move|p2a: Mienshao|Fake Out|p1a: Lucario
|-resisted|p1a: Lucario
|-damage|p1a: Lucario|4\/279
|-damage|p2a: Mienshao|228\/271|[from] item: Life Orb
|cant|p1a: Lucario|flinch
|
|turn|13
|
|switch|p2a: Alomomola|Alomomola, F, shiny|479\/479
|-damage|p2a: Alomomola|420\/479|[from] Stealth Rock
|move|p1a: Lucario|Close Combat|p2a: Alomomola
|-damage|p2a: Alomomola|0 fnt
|-damage|p1a: Lucario|0 fnt|[from] item: Rocky Helmet|[of] p2a: Alomomola
|faint|p1a: Lucario
|faint|p2a: Alomomola
|
|
|switch|p1a: Serperior|Serperior, F|303\/303
|switch|p2a: Nidoqueen|Nidoqueen, F|348\/371
|-damage|p2a: Nidoqueen|325\/371|[from] Stealth Rock
|turn|14
|
|switch|p2a: Crobat|Crobat, M|374\/374
|-damage|p2a: Crobat|281\/374|[from] Stealth Rock
|move|p1a: Serperior|Leaf Storm|p2a: Crobat
|-resisted|p2a: Crobat
|-damage|p2a: Crobat|239\/374
|-boost|p1a: Serperior|spa|2
|
|-heal|p2a: Crobat|262\/374|[from] item: Black Sludge
|turn|15
|
|move|p1a: Serperior|Glare|p2a: Crobat
|-status|p2a: Crobat|par
|move|p2a: Crobat|U-turn|p1a: Serperior
|-crit|p1a: Serperior
|-supereffective|p1a: Serperior
|-damage|p1a: Serperior|107\/303
|-message|derptile forfeited.
|
|win|zoid's warhorse
|raw|Ladder updating...
|leave|derptile
|player|p2
|raw|zoid&apos;s warhorse's rating: 1505 &rarr; <strong>1517<\/strong><br \/>(+12 for winning)
|raw|derptile's rating: 1366 &rarr; <strong>1354<\/strong><br \/>(-12 for losing)