|join|zoid's warhorse
|join|stormbrigader
|player|p1|zoid's warhorse|188
|player|p2|stormbrigader|17
|gametype|singles
|gen|6
|tier|UU
|rated
|rule|Sleep Clause Mod: Limit one foe put to sleep
|rule|Species Clause: Limit one of each PokÃ©mon
|rule|OHKO Clause: OHKO moves are banned
|rule|Moody Clause: Moody is banned
|rule|Evasion Moves Clause: Evasion moves are banned
|rule|Endless Battle Clause: Forcing endless battles is banned
|rule|HP Percentage Mod: HP is shown in percentages
|clearpoke
|poke|p1|Aerodactyl, M
|poke|p1|Azelf
|poke|p1|Dragalge, M
|poke|p1|Lucario, F
|poke|p1|Magneton
|poke|p1|Serperior, M
|poke|p2|Infernape, F
|poke|p2|Mienshao, M
|poke|p2|Archeops, M
|poke|p2|Darmanitan, F
|poke|p2|Basculin-Blue-Striped, M
|poke|p2|Honchkrow, F
|rule|Swagger Clause: Swagger is banned
|rule|Baton Pass Clause: Limit one PokÃ©mon knowing Baton Pass
|teampreview
|c|âzoid's warhorse|all about dat basculin
|
|start
|switch|p1a: Azelf|Azelf|291\/291
|switch|p2a: Archeops|Archeops, M|291\/291
|turn|1
|
|move|p1a: Azelf|Taunt|p2a: Archeops
|-start|p2a: Archeops|move: Taunt
|move|p2a: Archeops|Knock Off|p1a: Azelf
|-supereffective|p1a: Azelf
|-enditem|p1a: Azelf|Focus Sash
|-damage|p1a: Azelf|1\/291
|
|turn|2
|
|move|p1a: Azelf|Stealth Rock|p2a: Archeops
|-sidestart|p2: stormbrigader|move: Stealth Rock
|move|p2a: Archeops|Knock Off|p1a: Azelf
|-supereffective|p1a: Azelf
|-damage|p1a: Azelf|0 fnt
|faint|p1a: Azelf
|
|
|switch|p1a: Aerodactyl|Aerodactyl, M|302\/302
|-ability|p1a: Aerodactyl|Unnerve|p2: stormbrigader
|turn|3
|c|âstormbrigader|Just having fun
|
|detailschange|p1a: Aerodactyl|Aerodactyl-Mega, M
|-mega|p1a: Aerodactyl|Aerodactyl|Aerodactylite
|move|p1a: Aerodactyl|Aqua Tail|p2a: Archeops
|-supereffective|p2a: Archeops
|-enditem|p2a: Archeops|Focus Sash
|-damage|p2a: Archeops|1\/291
|move|p2a: Archeops|Endeavor|p1a: Aerodactyl
|-damage|p1a: Aerodactyl|1\/302
|
|-end|p2a: Archeops|move: Taunt
|turn|4
|c|âzoid's warhorse|awesome :)
|
|move|p1a: Aerodactyl|Pursuit|p2a: Archeops
|-damage|p2a: Archeops|0 fnt
|faint|p2a: Archeops
|
|
|switch|p2a: Basculin-Blue-Stri|Basculin-Blue-Striped, M|281\/281
|-damage|p2a: Basculin-Blue-Stri|246\/281|[from] Stealth Rock
|turn|5
|
|switch|p1a: Serperior|Serperior, M|295\/295
|move|p2a: Basculin-Blue-Stri|Ice Beam|p1a: Serperior
|-supereffective|p1a: Serperior
|-damage|p1a: Serperior|84\/295
|-damage|p2a: Basculin-Blue-Stri|218\/281|[from] item: Life Orb
|
|turn|6
|
|move|p2a: Basculin-Blue-Stri|Aqua Jet|p1a: Serperior
|-resisted|p1a: Serperior
|-damage|p1a: Serperior|41\/295
|-damage|p2a: Basculin-Blue-Stri|190\/281|[from] item: Life Orb
|move|p1a: Serperior|Leaf Storm|p2a: Basculin-Blue-Stri
|-supereffective|p2a: Basculin-Blue-Stri
|-damage|p2a: Basculin-Blue-Stri|0 fnt
|-boost|p1a: Serperior|spa|2
|faint|p2a: Basculin-Blue-Stri
|
|
|switch|p2a: Darmanitan|Darmanitan, F|351\/351
|-damage|p2a: Darmanitan|264\/351|[from] Stealth Rock
|turn|7
|
|move|p2a: Darmanitan|Flare Blitz|p1a: Serperior
|-supereffective|p1a: Serperior
|-damage|p1a: Serperior|0 fnt
|-damage|p2a: Darmanitan|250\/351|[from] recoil|[of] p1a: Serperior
|faint|p1a: Serperior
|
|
|switch|p1a: Dragalge|Dragalge, M|309\/309
|turn|8
|
|move|p2a: Darmanitan|Flare Blitz|p1a: Dragalge
|-resisted|p1a: Dragalge
|-damage|p1a: Dragalge|147\/309
|-damage|p2a: Darmanitan|197\/351|[from] recoil|[of] p1a: Dragalge
|move|p1a: Dragalge|Sludge Wave|p2a: Darmanitan
|-crit|p2a: Darmanitan
|-damage|p2a: Darmanitan|0 fnt
|faint|p2a: Darmanitan
|
|
|switch|p2a: Honchkrow|Honchkrow, F|341\/341
|-damage|p2a: Honchkrow|256\/341|[from] Stealth Rock
|turn|9
|
|switch|p1a: Magneton|Magneton|303\/303
|move|p2a: Honchkrow|Brave Bird|p1a: Magneton
|-resisted|p1a: Magneton
|-damage|p1a: Magneton|254\/303
|-damage|p2a: Honchkrow|240\/341|[from] recoil|[of] p1a: Magneton
|-damage|p2a: Honchkrow|206\/341|[from] item: Life Orb
|
|turn|10
|
|move|p2a: Honchkrow|Heat Wave|p1a: Magneton
|-supereffective|p1a: Magneton
|-damage|p1a: Magneton|62\/303
|-status|p1a: Magneton|brn
|-damage|p2a: Honchkrow|172\/341|[from] item: Life Orb
|move|p1a: Magneton|Volt Switch|p2a: Honchkrow
|-supereffective|p2a: Honchkrow
|-damage|p2a: Honchkrow|0 fnt
|faint|p2a: Honchkrow
|
|switch|p1a: Lucario|Lucario, F|287\/287
|
|
|switch|p2a: Mienshao|Mienshao, M|271\/271
|-damage|p2a: Mienshao|255\/271|[from] Stealth Rock
|turn|11
|
|move|p2a: Mienshao|High Jump Kick|p1a: Lucario
|-supereffective|p1a: Lucario
|-damage|p1a: Lucario|0 fnt
|-damage|p2a: Mienshao|228\/271|[from] item: Life Orb
|faint|p1a: Lucario
|
|
|switch|p1a: Aerodactyl|Aerodactyl-Mega, M|1\/302
|turn|12
|
|move|p1a: Aerodactyl|Aerial Ace|p2a: Mienshao
|-supereffective|p2a: Mienshao
|-damage|p2a: Mienshao|0 fnt
|faint|p2a: Mienshao
|
|
|switch|p2a: Infernape|Infernape, F|293\/293
|-damage|p2a: Infernape|257\/293|[from] Stealth Rock
|turn|13
|
|move|p2a: Infernape|Vacuum Wave|p1a: Aerodactyl
|-damage|p1a: Aerodactyl|0 fnt
|-damage|p2a: Infernape|228\/293|[from] item: Life Orb
|faint|p1a: Aerodactyl
|
|
|switch|p1a: Dragalge|Dragalge, M|147\/309
|turn|14
|
|move|p2a: Infernape|Hidden Power|p1a: Dragalge
|-supereffective|p1a: Dragalge
|-damage|p1a: Dragalge|7\/309
|-damage|p2a: Infernape|199\/293|[from] item: Life Orb
|move|p1a: Dragalge|Sludge Wave|p2a: Infernape
|-damage|p2a: Infernape|0 fnt
|faint|p2a: Infernape
|
|win|zoid's warhorse
|raw|Ladder updating...
|raw|zoid&apos;s warhorse's rating: 1481 &rarr; <strong>1489<\/strong><br \/>(+8 for winning)
|raw|stormbrigader's rating: 1216 &rarr; <strong>1207<\/strong><br \/>(-9 for losing)
|c|âstormbrigader|So close xD
|c|âzoid's warhorse|gg
|c|âstormbrigader|gg