|join|King UU
|join|zoid's warhorse
|player|p1|King UU|#kinguu
|player|p2|zoid's warhorse|188
|gametype|singles
|gen|6
|tier|UU
|rated
|rule|Sleep Clause Mod: Limit one foe put to sleep
|rule|Species Clause: Limit one of each PokÃ©mon
|rule|OHKO Clause: OHKO moves are banned
|rule|Moody Clause: Moody is banned
|rule|Evasion Moves Clause: Evasion moves are banned
|rule|Endless Battle Clause: Forcing endless battles is banned
|rule|HP Percentage Mod: HP is shown in percentages
|clearpoke
|poke|p1|Mienshao, M
|poke|p1|Nidoqueen, F
|poke|p1|Hydreigon, M
|poke|p1|Jirachi
|poke|p1|Blastoise, M
|poke|p1|Chandelure, M
|poke|p2|Aerodactyl, M
|poke|p2|Azelf
|poke|p2|Dragalge, F
|poke|p2|Lucario, F
|poke|p2|Magneton
|poke|p2|Serperior, M
|rule|Swagger Clause: Swagger is banned
|rule|Baton Pass Clause: Limit one PokÃ©mon knowing Baton Pass
|teampreview
|
|start
|switch|p1a: Mienshao|Mienshao, M|271\/271
|switch|p2a: Azelf|Azelf|291\/291
|turn|1
|
|move|p1a: Mienshao|Knock Off|p2a: Azelf
|-supereffective|p2a: Azelf
|-enditem|p2a: Azelf|Focus Sash
|-damage|p2a: Azelf|1\/291
|move|p2a: Azelf|Knock Off|p1a: Mienshao
|-resisted|p1a: Mienshao
|-damage|p1a: Mienshao|181\/271
|-enditem|p1a: Mienshao|Choice Scarf|[from] move: Knock Off|[of] p2a: Azelf
|
|turn|2
|
|move|p2a: Azelf|Stealth Rock|p1a: Mienshao
|-sidestart|p1: King UU|move: Stealth Rock
|move|p1a: Mienshao|U-turn|p2a: Azelf
|-supereffective|p2a: Azelf
|-damage|p2a: Azelf|0 fnt
|faint|p2a: Azelf
|
|switch|p1a: Blastoise|Blastoise, M|345\/345
|-damage|p1a: Blastoise|302\/345|[from] Stealth Rock
|
|
|switch|p2a: Serperior|Serperior, M|303\/303
|turn|3
|
|switch|p1a: Jirachi|Jirachi|397\/397
|-damage|p1a: Jirachi|373\/397|[from] Stealth Rock
|move|p2a: Serperior|Leaf Storm|p1a: Jirachi
|-resisted|p1a: Jirachi
|-damage|p1a: Jirachi|305\/397
|-boost|p2a: Serperior|spa|2
|
|-heal|p1a: Jirachi|329\/397|[from] item: Leftovers
|turn|4
|
|switch|p2a: Magneton|Magneton|303\/303
|move|p1a: Jirachi|Thunder Wave|p2a: Magneton
|-fail|p2a: Magneton
|
|-heal|p1a: Jirachi|353\/397|[from] item: Leftovers
|turn|5
|
|move|p1a: Jirachi|Fire Punch|p2a: Magneton
|-supereffective|p2a: Magneton
|-damage|p2a: Magneton|185\/303
|move|p2a: Magneton|Thunderbolt|p1a: Jirachi
|-damage|p1a: Jirachi|187\/397
|
|-heal|p1a: Jirachi|211\/397|[from] item: Leftovers
|turn|6
|
|move|p1a: Jirachi|Fire Punch|p2a: Magneton
|-supereffective|p2a: Magneton
|-damage|p2a: Magneton|67\/303
|move|p2a: Magneton|Thunderbolt|p1a: Jirachi
|-damage|p1a: Jirachi|55\/397
|
|-heal|p1a: Jirachi|79\/397|[from] item: Leftovers
|turn|7
|
|move|p1a: Jirachi|Fire Punch|p2a: Magneton
|-supereffective|p2a: Magneton
|-damage|p2a: Magneton|0 fnt
|faint|p2a: Magneton
|
|-heal|p1a: Jirachi|103\/397|[from] item: Leftovers
|
|switch|p2a: Serperior|Serperior, M|303\/303
|turn|8
|
|move|p2a: Serperior|Leaf Storm|p1a: Jirachi
|-resisted|p1a: Jirachi
|-damage|p1a: Jirachi|34\/397
|-boost|p2a: Serperior|spa|2
|move|p1a: Jirachi|Thunder Wave|p2a: Serperior
|-status|p2a: Serperior|par
|-enditem|p2a: Serperior|Lum Berry|[eat]
|-curestatus|p2a: Serperior|par
|
|-heal|p1a: Jirachi|58\/397|[from] item: Leftovers
|turn|9
|
|move|p2a: Serperior|Leaf Storm|p1a: Jirachi
|-resisted|p1a: Jirachi
|-damage|p1a: Jirachi|0 fnt
|-boost|p2a: Serperior|spa|2
|faint|p1a: Jirachi
|
|
|switch|p1a: Mienshao|Mienshao, M|181\/271
|-damage|p1a: Mienshao|165\/271|[from] Stealth Rock
|turn|10
|
|move|p2a: Serperior|Dragon Pulse|p1a: Mienshao
|-damage|p1a: Mienshao|0 fnt
|faint|p1a: Mienshao
|
|
|switch|p1a: Nidoqueen|Nidoqueen, F|331\/331
|-damage|p1a: Nidoqueen|311\/331|[from] Stealth Rock
|turn|11
|
|move|p2a: Serperior|Leaf Storm|p1a: Nidoqueen
|-damage|p1a: Nidoqueen|0 fnt
|-boost|p2a: Serperior|spa|2
|faint|p1a: Nidoqueen
|
|c|âKing UU|gg
|
|switch|p1a: Hydreigon|Hydreigon, M|325\/325
|-damage|p1a: Hydreigon|285\/325|[from] Stealth Rock
|turn|12
|c|âzoid's warhorse|gg king
|
|move|p2a: Serperior|Dragon Pulse|p1a: Hydreigon
|-supereffective|p1a: Hydreigon
|-damage|p1a: Hydreigon|0 fnt
|faint|p1a: Hydreigon
|
|
|switch|p1a: Chandelure|Chandelure, M|261\/261
|-damage|p1a: Chandelure|196\/261|[from] Stealth Rock
|turn|13
|
|move|p2a: Serperior|Dragon Pulse|p1a: Chandelure
|-damage|p1a: Chandelure|0 fnt
|faint|p1a: Chandelure
|
|
|switch|p1a: Blastoise|Blastoise, M|302\/345
|-damage|p1a: Blastoise|259\/345|[from] Stealth Rock
|turn|14
|
|detailschange|p1a: Blastoise|Blastoise-Mega, M
|-mega|p1a: Blastoise|Blastoise|Blastoisinite
|move|p2a: Serperior|Dragon Pulse|p1a: Blastoise
|-damage|p1a: Blastoise|56\/345
|move|p1a: Blastoise|Dark Pulse|p2a: Serperior
|-damage|p2a: Serperior|138\/303
|
|turn|15
|
|move|p2a: Serperior|Dragon Pulse|p1a: Blastoise
|-damage|p1a: Blastoise|0 fnt
|faint|p1a: Blastoise
|
|win|zoid's warhorse
|raw|Ladder updating...
|raw|King UU's rating: 1544 &rarr; <strong>1522<\/strong><br \/>(-22 for losing)
|raw|zoid&apos;s warhorse's rating: 1494 &rarr; <strong>1517<\/strong><br \/>(+23 for winning)
|leave|King UU
|player|p1