|join|zoid's warhorse
|join|JustTestingBruh
|player|p1|zoid's warhorse|188
|player|p2|JustTestingBruh|50
|gametype|singles
|gen|6
|tier|UU
|rated
|rule|Sleep Clause Mod: Limit one foe put to sleep
|rule|Species Clause: Limit one of each PokÃ©mon
|rule|OHKO Clause: OHKO moves are banned
|rule|Moody Clause: Moody is banned
|rule|Evasion Moves Clause: Evasion moves are banned
|rule|Endless Battle Clause: Forcing endless battles is banned
|rule|HP Percentage Mod: HP is shown in percentages
|clearpoke
|poke|p1|Aerodactyl, F
|poke|p1|Azelf
|poke|p1|Dragalge, F
|poke|p1|Lucario, F
|poke|p1|Magneton
|poke|p1|Serperior, M
|poke|p2|Serperior, F, shiny
|poke|p2|Entei, shiny
|poke|p2|Sharpedo, F
|poke|p2|Nidoking, M
|poke|p2|Krookodile, M
|poke|p2|Mienshao, F
|rule|Swagger Clause: Swagger is banned
|rule|Baton Pass Clause: Limit one PokÃ©mon knowing Baton Pass
|teampreview
|
|start
|switch|p1a: Azelf|Azelf|291\/291
|switch|p2a: Chandler Bing|Nidoking, M|303\/303
|turn|1
|
|move|p1a: Azelf|Taunt|p2a: Chandler Bing
|-start|p2a: Chandler Bing|move: Taunt
|move|p2a: Chandler Bing|Sludge Wave|p1a: Azelf
|-damage|p1a: Azelf|21\/291
|
|turn|2
|
|move|p1a: Azelf|Stealth Rock|p2a: Chandler Bing
|-sidestart|p2: JustTestingBruh|move: Stealth Rock
|move|p2a: Chandler Bing|Sludge Wave|p1a: Azelf
|-damage|p1a: Azelf|0 fnt
|faint|p1a: Azelf
|
|
|switch|p1a: Lucario|Lucario, F|289\/289
|turn|3
|
|move|p1a: Lucario|Extreme Speed|p2a: Chandler Bing
|-damage|p2a: Chandler Bing|150\/303
|-damage|p1a: Lucario|261\/289|[from] item: Life Orb
|move|p2a: Chandler Bing|Earth Power|p1a: Lucario
|-supereffective|p1a: Lucario
|-damage|p1a: Lucario|0 fnt
|faint|p1a: Lucario
|
|-end|p2a: Chandler Bing|move: Taunt
|
|switch|p1a: Aerodactyl|Aerodactyl, F|302\/302
|-ability|p1a: Aerodactyl|Unnerve|p2: JustTestingBruh
|turn|4
|
|detailschange|p1a: Aerodactyl|Aerodactyl-Mega, F
|-mega|p1a: Aerodactyl|Aerodactyl|Aerodactylite
|move|p1a: Aerodactyl|Aqua Tail|p2a: Chandler Bing
|-supereffective|p2a: Chandler Bing
|-damage|p2a: Chandler Bing|0 fnt
|faint|p2a: Chandler Bing
|
|
|switch|p2a: Mordecai|Sharpedo, F|281\/281
|-damage|p2a: Mordecai|246\/281|[from] Stealth Rock
|turn|5
|
|switch|p1a: Magneton|Magneton|303\/303
|move|p2a: Mordecai|Protect|p2a: Mordecai
|-fail|p2a: Mordecai
|
|-boost|p2a: Mordecai|spe|1|[from] ability: Speed Boost
|turn|6
|
|switch|p2a: Heisenberg|Krookodile, M|331\/331
|-damage|p2a: Heisenberg|311\/331|[from] Stealth Rock
|move|p1a: Magneton|Volt Switch|p2a: Heisenberg
|-immune|p2a: Heisenberg|[msg]
|
|turn|7
|
|move|p2a: Heisenberg|Stone Edge|p1a: Magneton
|-resisted|p1a: Magneton
|-damage|p1a: Magneton|267\/303
|move|p1a: Magneton|Flash Cannon|p2a: Heisenberg
|-damage|p2a: Heisenberg|127\/331
|
|turn|8
|
|switch|p2a: Jake the Dog|Entei, shiny|371\/371
|-damage|p2a: Jake the Dog|279\/371|[from] Stealth Rock
|-ability|p2a: Jake the Dog|Pressure
|move|p1a: Magneton|Volt Switch|p2a: Jake the Dog
|-damage|p2a: Jake the Dog|122\/371
|
|switch|p1a: Aerodactyl|Aerodactyl-Mega, F|302\/302
|
|turn|9
|
|move|p2a: Jake the Dog|Extreme Speed|p1a: Aerodactyl
|-resisted|p1a: Aerodactyl
|-damage|p1a: Aerodactyl|225\/302
|-damage|p2a: Jake the Dog|85\/371|[from] item: Life Orb
|move|p1a: Aerodactyl|Aqua Tail|p2a: Jake the Dog
|-supereffective|p2a: Jake the Dog
|-damage|p2a: Jake the Dog|0 fnt
|faint|p2a: Jake the Dog
|
|
|switch|p2a: Mordecai|Sharpedo, F|246\/281
|-damage|p2a: Mordecai|211\/281|[from] Stealth Rock
|turn|10
|
|switch|p1a: Serperior|Serperior, M|296\/296
|move|p2a: Mordecai|Protect|p2a: Mordecai
|-fail|p2a: Mordecai
|
|-boost|p2a: Mordecai|spe|1|[from] ability: Speed Boost
|turn|11
|
|detailschange|p2a: Mordecai|Sharpedo-Mega, F
|-mega|p2a: Mordecai|Sharpedo|Sharpedonite
|move|p2a: Mordecai|Crunch|p1a: Serperior
|-damage|p1a: Serperior|38\/296
|move|p1a: Serperior|Glare|p2a: Mordecai
|-status|p2a: Mordecai|par
|
|turn|12
|
|move|p1a: Serperior|Leaf Storm|p2a: Mordecai|[miss]
|-miss|p1a: Serperior|p2a: Mordecai
|cant|p2a: Mordecai|par
|
|turn|13
|
|move|p1a: Serperior|Leaf Storm|p2a: Mordecai
|-supereffective|p2a: Mordecai
|-damage|p2a: Mordecai|0 fnt
|-boost|p1a: Serperior|spa|2
|faint|p2a: Mordecai
|
|
|switch|p2a: Bender|Serperior, F, shiny|291\/291
|-damage|p2a: Bender|255\/291|[from] Stealth Rock
|turn|14
|
|move|p2a: Bender|Leaf Storm|p1a: Serperior|[miss]
|-miss|p2a: Bender|p1a: Serperior
|move|p1a: Serperior|Glare|p2a: Bender
|-status|p2a: Bender|par
|
|turn|15
|
|move|p1a: Serperior|Hidden Power|p2a: Bender
|-supereffective|p2a: Bender
|-damage|p2a: Bender|57\/291 par
|move|p2a: Bender|Hidden Power|p1a: Serperior
|-supereffective|p1a: Serperior
|-damage|p1a: Serperior|0 fnt
|-damage|p2a: Bender|28\/291 par|[from] item: Life Orb
|faint|p1a: Serperior
|
|
|switch|p1a: Magneton|Magneton|267\/303
|turn|16
|
|move|p1a: Magneton|Flash Cannon|p2a: Bender
|-damage|p2a: Bender|0 fnt
|faint|p2a: Bender
|
|
|switch|p2a: Tony Romo|Mienshao, F|271\/271
|-damage|p2a: Tony Romo|255\/271|[from] Stealth Rock
|turn|17
|
|move|p2a: Tony Romo|High Jump Kick|p1a: Magneton
|-supereffective|p1a: Magneton
|-damage|p1a: Magneton|0 fnt
|-damage|p2a: Tony Romo|228\/271|[from] item: Life Orb
|faint|p1a: Magneton
|
|
|switch|p1a: Dragalge|Dragalge, F|309\/309
|turn|18
|
|move|p2a: Tony Romo|Knock Off|p1a: Dragalge
|-damage|p1a: Dragalge|154\/309
|-enditem|p1a: Dragalge|Choice Specs|[from] move: Knock Off|[of] p2a: Tony Romo
|-damage|p2a: Tony Romo|201\/271|[from] item: Life Orb
|move|p1a: Dragalge|Sludge Wave|p2a: Tony Romo
|-damage|p2a: Tony Romo|0 fnt
|faint|p2a: Tony Romo
|
|
|switch|p2a: Heisenberg|Krookodile, M|127\/331
|-damage|p2a: Heisenberg|107\/331|[from] Stealth Rock
|turn|19
|
|move|p2a: Heisenberg|Stone Edge|p1a: Dragalge|[miss]
|-miss|p2a: Heisenberg|p1a: Dragalge
|move|p1a: Dragalge|Sludge Wave|p2a: Heisenberg
|-resisted|p2a: Heisenberg
|-damage|p2a: Heisenberg|0 fnt
|faint|p2a: Heisenberg
|
|win|zoid's warhorse
|raw|Ladder updating...
|raw|zoid&apos;s warhorse's rating: 1397 &rarr; <strong>1418<\/strong><br \/>(+21 for winning)
|raw|JustTestingBruh's rating: 1425 &rarr; <strong>1404<\/strong><br \/>(-21 for losing)
|c|âzoid's warhorse|gg