|join|zoid's warhorse
|join|ImInnocentFreeMe
|player|p1|zoid's warhorse|188
|player|p2|ImInnocentFreeMe|212
|gametype|singles
|gen|6
|tier|UU
|rated
|rule|Sleep Clause Mod: Limit one foe put to sleep
|rule|Species Clause: Limit one of each PokÃ©mon
|rule|OHKO Clause: OHKO moves are banned
|rule|Moody Clause: Moody is banned
|rule|Evasion Moves Clause: Evasion moves are banned
|rule|Endless Battle Clause: Forcing endless battles is banned
|rule|HP Percentage Mod: HP is shown in percentages
|clearpoke
|poke|p1|Aerodactyl, M
|poke|p1|Azelf
|poke|p1|Dragalge, F
|poke|p1|Lucario, M
|poke|p1|Magneton
|poke|p1|Serperior, M
|poke|p2|Suicune
|poke|p2|Krookodile, M
|poke|p2|Beedrill, M
|poke|p2|Raikou
|poke|p2|Crobat, F
|poke|p2|Hydreigon, M
|rule|Swagger Clause: Swagger is banned
|rule|Baton Pass Clause: Limit one PokÃ©mon knowing Baton Pass
|teampreview
|
|start
|switch|p1a: Azelf|Azelf|291\/291
|switch|p2a: Hydreigon|Hydreigon, M|325\/325
|turn|1
|
|move|p2a: Hydreigon|Dark Pulse|p1a: Azelf
|-supereffective|p1a: Azelf
|-enditem|p1a: Azelf|Focus Sash
|-damage|p1a: Azelf|1\/291
|move|p1a: Azelf|Knock Off|p2a: Hydreigon
|-resisted|p2a: Hydreigon
|-damage|p2a: Hydreigon|251\/325
|-enditem|p2a: Hydreigon|Choice Scarf|[from] move: Knock Off|[of] p1a: Azelf
|
|turn|2
|
|move|p1a: Azelf|Stealth Rock|p2a: Hydreigon
|-sidestart|p2: ImInnocentFreeMe|move: Stealth Rock
|move|p2a: Hydreigon|U-turn|p1a: Azelf
|-supereffective|p1a: Azelf
|-damage|p1a: Azelf|0 fnt
|faint|p1a: Azelf
|
|switch|p2a: Crobat|Crobat, F|373\/373
|-damage|p2a: Crobat|280\/373|[from] Stealth Rock
|
|-heal|p2a: Crobat|303\/373|[from] item: Black Sludge
|
|switch|p1a: Aerodactyl|Aerodactyl, M|302\/302
|-ability|p1a: Aerodactyl|Unnerve|p2: ImInnocentFreeMe
|turn|3
|
|detailschange|p1a: Aerodactyl|Aerodactyl-Mega, M
|-mega|p1a: Aerodactyl|Aerodactyl|Aerodactylite
|move|p1a: Aerodactyl|Stone Edge|p2a: Crobat
|-supereffective|p2a: Crobat
|-damage|p2a: Crobat|0 fnt
|faint|p2a: Crobat
|
|
|switch|p2a: Suicune|Suicune|404\/404
|-damage|p2a: Suicune|354\/404|[from] Stealth Rock
|-ability|p2a: Suicune|Pressure
|turn|4
|
|switch|p1a: Magneton|Magneton|303\/303
|move|p2a: Suicune|Scald|p1a: Magneton
|-damage|p1a: Magneton|231\/303
|-status|p1a: Magneton|brn
|
|-heal|p2a: Suicune|379\/404|[from] item: Leftovers
|-damage|p1a: Magneton|194\/303 brn|[from] brn
|turn|5
|
|switch|p2a: Raikou|Raikou|327\/327
|-damage|p2a: Raikou|287\/327|[from] Stealth Rock
|-ability|p2a: Raikou|Pressure
|move|p1a: Magneton|Hidden Power|p2a: Raikou
|-crit|p2a: Raikou
|-damage|p2a: Raikou|169\/327
|
|-damage|p1a: Magneton|157\/303 brn|[from] brn
|turn|6
|
|move|p2a: Raikou|Volt Switch|p1a: Magneton
|-resisted|p1a: Magneton
|-damage|p1a: Magneton|85\/303 brn
|
|switch|p2a: Krookodile|Krookodile, M|332\/332
|-damage|p2a: Krookodile|312\/332|[from] Stealth Rock
|move|p1a: Magneton|Volt Switch|p2a: Krookodile
|-immune|p2a: Krookodile|[msg]
|
|-damage|p1a: Magneton|48\/303 brn|[from] brn
|turn|7
|
|move|p2a: Krookodile|Knock Off|p1a: Magneton
|-damage|p1a: Magneton|0 fnt
|-enditem|p1a: Magneton|Eviolite|[from] move: Knock Off|[of] p2a: Krookodile
|faint|p1a: Magneton
|-boost|p2a: Krookodile|atk|1|[from] ability: Moxie
|
|
|switch|p1a: Lucario|Lucario, M|279\/279
|turn|8
|
|move|p2a: Krookodile|Earthquake|p1a: Lucario
|-supereffective|p1a: Lucario
|-damage|p1a: Lucario|0 fnt
|faint|p1a: Lucario
|-boost|p2a: Krookodile|atk|1|[from] ability: Moxie
|
|
|switch|p1a: Aerodactyl|Aerodactyl-Mega, M|302\/302
|turn|9
|
|move|p1a: Aerodactyl|Aqua Tail|p2a: Krookodile
|-supereffective|p2a: Krookodile
|-damage|p2a: Krookodile|0 fnt
|faint|p2a: Krookodile
|
|
|switch|p2a: Suicune|Suicune|379\/404
|-damage|p2a: Suicune|329\/404|[from] Stealth Rock
|-ability|p2a: Suicune|Pressure
|turn|10
|
|switch|p1a: Serperior|Serperior, M|303\/303
|move|p2a: Suicune|Scald|p1a: Serperior
|-resisted|p1a: Serperior
|-damage|p1a: Serperior|261\/303
|-status|p1a: Serperior|brn
|-enditem|p1a: Serperior|Lum Berry|[eat]
|-curestatus|p1a: Serperior|brn
|
|-heal|p2a: Suicune|354\/404|[from] item: Leftovers
|turn|11
|
|switch|p2a: Raikou|Raikou|169\/327
|-damage|p2a: Raikou|129\/327|[from] Stealth Rock
|-ability|p2a: Raikou|Pressure
|move|p1a: Serperior|Leaf Storm|p2a: Raikou
|-damage|p2a: Raikou|0 fnt
|-boost|p1a: Serperior|spa|2
|faint|p2a: Raikou
|
|
|switch|p2a: Beedrill|Beedrill, M|271\/271
|-damage|p2a: Beedrill|204\/271|[from] Stealth Rock
|turn|12
|
|switch|p1a: Aerodactyl|Aerodactyl-Mega, M|302\/302
|detailschange|p2a: Beedrill|Beedrill-Mega, M
|-mega|p2a: Beedrill|Beedrill|Beedrillite
|move|p2a: Beedrill|U-turn|p1a: Aerodactyl
|-resisted|p1a: Aerodactyl
|-damage|p1a: Aerodactyl|193\/302
|
|switch|p2a: Hydreigon|Hydreigon, M|251\/325
|-damage|p2a: Hydreigon|211\/325|[from] Stealth Rock
|
|turn|13
|
|move|p1a: Aerodactyl|Stone Edge|p2a: Hydreigon
|-damage|p2a: Hydreigon|0 fnt
|faint|p2a: Hydreigon
|
|
|switch|p2a: Suicune|Suicune|354\/404
|-damage|p2a: Suicune|304\/404|[from] Stealth Rock
|-ability|p2a: Suicune|Pressure
|turn|14
|
|switch|p1a: Serperior|Serperior, M|261\/303
|move|p2a: Suicune|Scald|p1a: Serperior
|-resisted|p1a: Serperior
|-damage|p1a: Serperior|213\/303
|
|-heal|p2a: Suicune|329\/404|[from] item: Leftovers
|turn|15
|
|switch|p2a: Beedrill|Beedrill-Mega, M|204\/271
|-damage|p2a: Beedrill|137\/271|[from] Stealth Rock
|move|p1a: Serperior|Leaf Storm|p2a: Beedrill
|-resisted|p2a: Beedrill
|-damage|p2a: Beedrill|95\/271
|-boost|p1a: Serperior|spa|2
|
|turn|16
|
|switch|p1a: Aerodactyl|Aerodactyl-Mega, M|193\/302
|move|p2a: Beedrill|U-turn|p1a: Aerodactyl
|-resisted|p1a: Aerodactyl
|-damage|p1a: Aerodactyl|83\/302
|
|switch|p2a: Suicune|Suicune|329\/404
|-damage|p2a: Suicune|279\/404|[from] Stealth Rock
|-ability|p2a: Suicune|Pressure
|
|-heal|p2a: Suicune|304\/404|[from] item: Leftovers
|turn|17
|
|switch|p1a: Serperior|Serperior, M|213\/303
|switch|p2a: Beedrill|Beedrill-Mega, M|95\/271
|-damage|p2a: Beedrill|28\/271|[from] Stealth Rock
|
|turn|18
|
|switch|p1a: Dragalge|Dragalge, F|283\/283
|move|p2a: Beedrill|Poison Jab|p1a: Dragalge
|-resisted|p1a: Dragalge
|-damage|p1a: Dragalge|166\/283
|
|turn|19
|
|move|p2a: Beedrill|Protect|p2a: Beedrill
|-singleturn|p2a: Beedrill|Protect
|move|p1a: Dragalge|Sludge Wave|p2a: Beedrill
|-activate|p2a: Beedrill|Protect
|
|turn|20
|
|move|p2a: Beedrill|Drill Run|p1a: Dragalge
|-supereffective|p1a: Dragalge
|-damage|p1a: Dragalge|0 fnt
|faint|p1a: Dragalge
|
|
|switch|p1a: Aerodactyl|Aerodactyl-Mega, M|83\/302
|turn|21
|
|move|p1a: Aerodactyl|Aerial Ace|p2a: Beedrill
|-supereffective|p2a: Beedrill
|-damage|p2a: Beedrill|0 fnt
|faint|p2a: Beedrill
|
|
|switch|p2a: Suicune|Suicune|304\/404
|-damage|p2a: Suicune|254\/404|[from] Stealth Rock
|-ability|p2a: Suicune|Pressure
|turn|22
|-message|ImInnocentFreeMe forfeited.
|
|win|zoid's warhorse
|raw|Ladder updating...
|leave|ImInnocentFreeMe
|player|p2
|raw|zoid&apos;s warhorse's rating: 1489 &rarr; <strong>1498<\/strong><br \/>(+9 for winning)
|raw|ImInnocentFreeMe's rating: 1280 &rarr; <strong>1268<\/strong><br \/>(-12 for losing)