|join|zoid's warhorse
|join|MonsieurSasquatch
|player|p1|zoid's warhorse|188
|player|p2|MonsieurSasquatch|170
|gametype|singles
|gen|6
|tier|UU
|rated
|rule|Sleep Clause Mod: Limit one foe put to sleep
|rule|Species Clause: Limit one of each PokÃ©mon
|rule|OHKO Clause: OHKO moves are banned
|rule|Moody Clause: Moody is banned
|rule|Evasion Moves Clause: Evasion moves are banned
|rule|Endless Battle Clause: Forcing endless battles is banned
|rule|HP Percentage Mod: HP is shown in percentages
|clearpoke
|poke|p1|Aerodactyl, F
|poke|p1|Azelf
|poke|p1|Dragalge, M
|poke|p1|Lucario, M
|poke|p1|Magneton
|poke|p1|Serperior, M
|poke|p2|Roserade, M
|poke|p2|Goodra, M
|poke|p2|Infernape, F
|poke|p2|Florges, F
|poke|p2|Forretress, F
|poke|p2|Sharpedo, F
|rule|Swagger Clause: Swagger is banned
|rule|Baton Pass Clause: Limit one PokÃ©mon knowing Baton Pass
|teampreview
|
|start
|switch|p1a: Azelf|Azelf|291\/291
|switch|p2a: Sharpedo|Sharpedo, F|281\/281
|turn|1
|
|move|p2a: Sharpedo|Protect|p2a: Sharpedo
|-singleturn|p2a: Sharpedo|Protect
|move|p1a: Azelf|Stealth Rock|p2a: Sharpedo
|-sidestart|p2: MonsieurSasquatch|move: Stealth Rock
|
|-boost|p2a: Sharpedo|spe|1|[from] ability: Speed Boost
|turn|2
|
|detailschange|p2a: Sharpedo|Sharpedo-Mega, F
|-mega|p2a: Sharpedo|Sharpedo|Sharpedonite
|move|p2a: Sharpedo|Crunch|p1a: Azelf
|-supereffective|p1a: Azelf
|-enditem|p1a: Azelf|Focus Sash
|-damage|p1a: Azelf|1\/291
|move|p1a: Azelf|Explosion|p2a: Sharpedo
|-damage|p2a: Sharpedo|0 fnt
|faint|p1a: Azelf
|faint|p2a: Sharpedo
|
|join|hanteng
|
|switch|p1a: Magneton|Magneton|303\/303
|switch|p2a: Forretress|Forretress, F|354\/354
|-damage|p2a: Forretress|310\/354|[from] Stealth Rock
|turn|3
|
|move|p1a: Magneton|Thunderbolt|p2a: Forretress
|-damage|p2a: Forretress|49\/354
|move|p2a: Forretress|Spikes|p1a: Magneton
|-sidestart|p1: zoid's warhorse|Spikes
|
|-heal|p2a: Forretress|71\/354|[from] item: Leftovers
|turn|4
|
|move|p1a: Magneton|Thunderbolt|p2a: Forretress
|-damage|p2a: Forretress|0 fnt
|faint|p2a: Forretress
|
|
|switch|p2a: Roserade|Roserade, M|261\/261
|-damage|p2a: Roserade|229\/261|[from] Stealth Rock
|turn|5
|
|move|p2a: Roserade|Sleep Powder|p1a: Magneton|[miss]
|-miss|p2a: Roserade|p1a: Magneton
|move|p1a: Magneton|Volt Switch|p2a: Roserade
|-resisted|p2a: Roserade
|-damage|p2a: Roserade|164\/261
|
|switch|p1a: Aerodactyl|Aerodactyl, F|302\/302
|-ability|p1a: Aerodactyl|Unnerve|p2: MonsieurSasquatch
|
|turn|6
|
|detailschange|p1a: Aerodactyl|Aerodactyl-Mega, F
|-mega|p1a: Aerodactyl|Aerodactyl|Aerodactylite
|move|p1a: Aerodactyl|Aerial Ace|p2a: Roserade
|-supereffective|p2a: Roserade
|-damage|p2a: Roserade|0 fnt
|faint|p2a: Roserade
|
|-message|MonsieurSasquatch forfeited.
|
|win|zoid's warhorse
|raw|Ladder updating...
|leave|MonsieurSasquatch
|player|p2
|raw|zoid&apos;s warhorse's rating: 1429 &rarr; <strong>1446<\/strong><br \/>(+17 for winning)
|raw|MonsieurSasquatch's rating: 1370 &rarr; <strong>1353<\/strong><br \/>(-17 for losing)