|join|Toxitoke
|join|zoid's warhorse
|player|p1|Toxitoke|293
|player|p2|zoid's warhorse|188
|gametype|singles
|gen|6
|tier|UU
|rated
|rule|Sleep Clause Mod: Limit one foe put to sleep
|rule|Species Clause: Limit one of each PokÃ©mon
|rule|OHKO Clause: OHKO moves are banned
|rule|Moody Clause: Moody is banned
|rule|Evasion Moves Clause: Evasion moves are banned
|rule|Endless Battle Clause: Forcing endless battles is banned
|rule|HP Percentage Mod: HP is shown in percentages
|clearpoke
|poke|p1|Honchkrow, F
|poke|p1|Empoleon, M
|poke|p1|Galvantula, F
|poke|p1|Toxicroak, F
|poke|p1|Donphan, F
|poke|p1|Celebi
|poke|p2|Aerodactyl, F
|poke|p2|Azelf
|poke|p2|Dragalge, F
|poke|p2|Lucario, M
|poke|p2|Magneton
|poke|p2|Serperior, M
|rule|Swagger Clause: Swagger is banned
|rule|Baton Pass Clause: Limit one PokÃ©mon knowing Baton Pass
|teampreview
|
|start
|switch|p1a: Donphan|Donphan, F|383\/383
|switch|p2a: Azelf|Azelf|291\/291
|turn|1
|
|switch|p2a: Serperior|Serperior, M|303\/303
|move|p1a: Donphan|Knock Off|p2a: Serperior
|-damage|p2a: Serperior|196\/303
|-enditem|p2a: Serperior|Lum Berry|[from] move: Knock Off|[of] p1a: Donphan
|
|turn|2
|
|move|p1a: Donphan|Ice Shard|p2a: Serperior
|-supereffective|p2a: Serperior
|-damage|p2a: Serperior|92\/303
|move|p2a: Serperior|Leaf Storm|p1a: Donphan
|-supereffective|p1a: Donphan
|-damage|p1a: Donphan|77\/383
|-boost|p2a: Serperior|spa|2
|
|turn|3
|
|move|p1a: Donphan|Ice Shard|p2a: Serperior
|-supereffective|p2a: Serperior
|-damage|p2a: Serperior|0 fnt
|faint|p2a: Serperior
|
|
|switch|p2a: Aerodactyl|Aerodactyl, F|302\/302
|-ability|p2a: Aerodactyl|Unnerve|p1: Toxitoke
|turn|4
|
|detailschange|p2a: Aerodactyl|Aerodactyl-Mega, F
|-mega|p2a: Aerodactyl|Aerodactyl|Aerodactylite
|move|p1a: Donphan|Ice Shard|p2a: Aerodactyl
|-supereffective|p2a: Aerodactyl
|-damage|p2a: Aerodactyl|182\/302
|move|p2a: Aerodactyl|Aerial Ace|p1a: Donphan
|-damage|p1a: Donphan|0 fnt
|faint|p1a: Donphan
|
|
|switch|p1a: Galvantula|Galvantula, F|281\/281
|turn|5
|
|switch|p2a: Azelf|Azelf|291\/291
|move|p1a: Galvantula|Volt Switch|p2a: Azelf
|-damage|p2a: Azelf|147\/291
|
|switch|p1a: Empoleon|Empoleon, M|372\/372
|
|turn|6
|
|move|p2a: Azelf|Stealth Rock|p1a: Empoleon
|-sidestart|p1: Toxitoke|move: Stealth Rock
|move|p1a: Empoleon|Toxic|p2a: Azelf
|-status|p2a: Azelf|tox
|
|-damage|p2a: Azelf|129\/291 tox|[from] psn
|turn|7
|
|move|p2a: Azelf|Taunt|p1a: Empoleon
|-start|p1a: Empoleon|move: Taunt
|cant|p1a: Empoleon|move: Taunt|Defog
|
|-damage|p2a: Azelf|93\/291 tox|[from] psn
|turn|8
|
|move|p2a: Azelf|Knock Off|p1a: Empoleon
|-crit|p1a: Empoleon
|-damage|p1a: Empoleon|181\/372
|-enditem|p1a: Empoleon|Leftovers|[from] move: Knock Off|[of] p2a: Azelf
|move|p1a: Empoleon|Ice Beam|p2a: Azelf
|-damage|p2a: Azelf|0 fnt
|faint|p2a: Azelf
|
|
|switch|p2a: Magneton|Magneton|303\/303
|turn|9
|
|move|p2a: Magneton|Volt Switch|p1a: Empoleon
|-supereffective|p1a: Empoleon
|-damage|p1a: Empoleon|0 fnt
|faint|p1a: Empoleon
|
|switch|p2a: Lucario|Lucario, M|279\/279
|
|
|switch|p1a: Celebi|Celebi|341\/341
|-damage|p1a: Celebi|299\/341|[from] Stealth Rock
|turn|10
|
|switch|p2a: Magneton|Magneton|303\/303
|move|p1a: Celebi|Psychic|p2a: Magneton
|-resisted|p2a: Magneton
|-damage|p2a: Magneton|204\/303
|
|turn|11
|
|switch|p1a: Toxicroak|Toxicroak, F|370\/370
|-damage|p1a: Toxicroak|347\/370|[from] Stealth Rock
|move|p2a: Magneton|Volt Switch|p1a: Toxicroak
|-damage|p1a: Toxicroak|166\/370
|
|switch|p2a: Aerodactyl|Aerodactyl-Mega, F|182\/302
|
|-heal|p1a: Toxicroak|189\/370|[from] item: Black Sludge
|turn|12
|
|move|p1a: Toxicroak|Sucker Punch|p2a: Aerodactyl
|-damage|p2a: Aerodactyl|85\/302
|move|p2a: Aerodactyl|Aerial Ace|p1a: Toxicroak
|-supereffective|p1a: Toxicroak
|-damage|p1a: Toxicroak|0 fnt
|faint|p1a: Toxicroak
|
|
|switch|p1a: Galvantula|Galvantula, F|281\/281
|-damage|p1a: Galvantula|211\/281|[from] Stealth Rock
|turn|13
|
|switch|p2a: Magneton|Magneton|204\/303
|move|p1a: Galvantula|Volt Switch|p2a: Magneton
|-resisted|p2a: Magneton
|-damage|p2a: Magneton|157\/303
|
|switch|p1a: Celebi|Celebi|299\/341
|-damage|p1a: Celebi|257\/341|[from] Stealth Rock
|
|turn|14
|
|move|p1a: Celebi|Psychic|p2a: Magneton
|-crit|p2a: Magneton
|-resisted|p2a: Magneton
|-damage|p2a: Magneton|0 fnt
|faint|p2a: Magneton
|
|
|switch|p2a: Aerodactyl|Aerodactyl-Mega, F|85\/302
|turn|15
|
|switch|p1a: Honchkrow|Honchkrow, F|342\/342
|-damage|p1a: Honchkrow|257\/342|[from] Stealth Rock
|move|p2a: Aerodactyl|Aerial Ace|p1a: Honchkrow
|-damage|p1a: Honchkrow|0 fnt
|faint|p1a: Honchkrow
|
|
|switch|p1a: Galvantula|Galvantula, F|211\/281
|-damage|p1a: Galvantula|141\/281|[from] Stealth Rock
|turn|16
|
|switch|p2a: Dragalge|Dragalge, F|310\/310
|move|p1a: Galvantula|Volt Switch|p2a: Dragalge
|-resisted|p2a: Dragalge
|-damage|p2a: Dragalge|265\/310
|
|switch|p1a: Celebi|Celebi|257\/341
|-damage|p1a: Celebi|215\/341|[from] Stealth Rock
|
|turn|17
|
|move|p1a: Celebi|Psychic|p2a: Dragalge
|-crit|p2a: Dragalge
|-supereffective|p2a: Dragalge
|-damage|p2a: Dragalge|0 fnt
|faint|p2a: Dragalge
|
|
|switch|p2a: Aerodactyl|Aerodactyl-Mega, F|85\/302
|turn|18
|
|move|p2a: Aerodactyl|Aerial Ace|p1a: Celebi
|-supereffective|p1a: Celebi
|-damage|p1a: Celebi|0 fnt
|faint|p1a: Celebi
|
|
|switch|p1a: Galvantula|Galvantula, F|141\/281
|-damage|p1a: Galvantula|71\/281|[from] Stealth Rock
|turn|19
|
|move|p1a: Galvantula|Thunder|p2a: Aerodactyl
|-supereffective|p2a: Aerodactyl
|-damage|p2a: Aerodactyl|0 fnt
|faint|p2a: Aerodactyl
|
|c|âzoid's warhorse|scarf spider
|
|switch|p2a: Lucario|Lucario, M|279\/279
|turn|20
|c|âzoid's warhorse|gg
|c|âToxitoke|its a real bad set ha
|c|âToxitoke|g
|c|âToxitoke|gg
|
|move|p2a: Lucario|Extreme Speed|p1a: Galvantula
|-damage|p1a: Galvantula|0 fnt
|-damage|p2a: Lucario|252\/279|[from] item: Life Orb
|faint|p1a: Galvantula
|
|win|zoid's warhorse
|raw|Ladder updating...
|raw|Toxitoke's rating: 1358 &rarr; <strong>1344<\/strong><br \/>(-14 for losing)
|raw|zoid&apos;s warhorse's rating: 1474 &rarr; <strong>1488<\/strong><br \/>(+14 for winning)
|c|âzoid's warhorse|almost caught me by surprise
|leave|Toxitoke
|player|p1