|join|zoid's warhorse
|join|infamousGREED
|player|p1|zoid's warhorse|188
|player|p2|infamousGREED|266
|gametype|singles
|gen|6
|tier|UU
|rated
|rule|Sleep Clause Mod: Limit one foe put to sleep
|rule|Species Clause: Limit one of each PokÃ©mon
|rule|OHKO Clause: OHKO moves are banned
|rule|Moody Clause: Moody is banned
|rule|Evasion Moves Clause: Evasion moves are banned
|rule|Endless Battle Clause: Forcing endless battles is banned
|rule|HP Percentage Mod: HP is shown in percentages
|clearpoke
|poke|p1|Aerodactyl, F
|poke|p1|Azelf
|poke|p1|Dragalge, M
|poke|p1|Lucario, F
|poke|p1|Magneton
|poke|p1|Serperior, M
|poke|p2|Absol, F
|poke|p2|Raikou
|poke|p2|Suicune
|poke|p2|Jirachi
|poke|p2|Crobat, M
|poke|p2|Whimsicott, F
|rule|Swagger Clause: Swagger is banned
|rule|Baton Pass Clause: Limit one PokÃ©mon knowing Baton Pass
|teampreview
|
|start
|switch|p1a: Azelf|Azelf|291\/291
|switch|p2a: Crobat|Crobat, M|311\/311
|turn|1
|
|switch|p2a: Jirachi|Jirachi|404\/404
|move|p1a: Azelf|Stealth Rock|p2a: Jirachi
|-sidestart|p2: infamousGREED|move: Stealth Rock
|
|turn|2
|
|move|p1a: Azelf|Knock Off|p2a: Jirachi
|-supereffective|p2a: Jirachi
|-damage|p2a: Jirachi|170\/404
|-enditem|p2a: Jirachi|Leftovers|[from] move: Knock Off|[of] p1a: Azelf
|move|p2a: Jirachi|U-turn|p1a: Azelf
|-supereffective|p1a: Azelf
|-damage|p1a: Azelf|133\/291
|
|switch|p2a: Absol|Absol, F|271\/271
|-damage|p2a: Absol|238\/271|[from] Stealth Rock
|-ability|p2a: Absol|Pressure
|
|turn|3
|
|detailschange|p2a: Absol|Absol-Mega, F
|-mega|p2a: Absol|Absol|Absolite
|move|p1a: Azelf|Explosion|p2a: Absol
|-damage|p2a: Absol|0 fnt
|faint|p1a: Azelf
|faint|p2a: Absol
|
|
|switch|p1a: Aerodactyl|Aerodactyl, F|302\/302
|switch|p2a: Crobat|Crobat, M|311\/311
|-ability|p1a: Aerodactyl|Unnerve|p2: infamousGREED
|-damage|p2a: Crobat|234\/311|[from] Stealth Rock
|turn|4
|
|detailschange|p1a: Aerodactyl|Aerodactyl-Mega, F
|-mega|p1a: Aerodactyl|Aerodactyl|Aerodactylite
|move|p1a: Aerodactyl|Stone Edge|p2a: Crobat
|-supereffective|p2a: Crobat
|-damage|p2a: Crobat|0 fnt
|faint|p2a: Crobat
|
|
|switch|p2a: Suicune|Suicune|404\/404
|-damage|p2a: Suicune|354\/404|[from] Stealth Rock
|-ability|p2a: Suicune|Pressure
|turn|5
|
|switch|p1a: Magneton|Magneton|303\/303
|switch|p2a: Whimsicott|Whimsicott, F|261\/261
|-damage|p2a: Whimsicott|229\/261|[from] Stealth Rock
|
|-heal|p2a: Whimsicott|245\/261|[from] item: Leftovers
|turn|6
|
|move|p2a: Whimsicott|U-turn|p1a: Magneton
|-crit|p1a: Magneton
|-resisted|p1a: Magneton
|-damage|p1a: Magneton|282\/303
|
|switch|p2a: Jirachi|Jirachi|170\/404
|-damage|p2a: Jirachi|145\/404|[from] Stealth Rock
|move|p1a: Magneton|Flash Cannon|p2a: Jirachi
|-resisted|p2a: Jirachi
|-damage|p2a: Jirachi|94\/404
|
|turn|7
|
|move|p2a: Jirachi|Stealth Rock|p1a: Magneton
|-sidestart|p1: zoid's warhorse|move: Stealth Rock
|move|p1a: Magneton|Thunderbolt|p2a: Jirachi
|-damage|p2a: Jirachi|0 fnt
|faint|p2a: Jirachi
|
|
|switch|p2a: Raikou|Raikou|321\/321
|-damage|p2a: Raikou|281\/321|[from] Stealth Rock
|-ability|p2a: Raikou|Pressure
|turn|8
|
|move|p2a: Raikou|Discharge|p1a: Magneton
|-resisted|p1a: Magneton
|-damage|p1a: Magneton|192\/303
|move|p1a: Magneton|Volt Switch|p2a: Raikou
|-resisted|p2a: Raikou
|-damage|p2a: Raikou|219\/321
|
|switch|p1a: Dragalge|Dragalge, M|309\/309
|-damage|p1a: Dragalge|271\/309|[from] Stealth Rock
|
|turn|9
|
|switch|p2a: Suicune|Suicune|354\/404
|-damage|p2a: Suicune|304\/404|[from] Stealth Rock
|-ability|p2a: Suicune|Pressure
|move|p1a: Dragalge|Sludge Wave|p2a: Suicune
|-damage|p2a: Suicune|56\/404
|
|-heal|p2a: Suicune|81\/404|[from] item: Leftovers
|turn|10
|
|move|p2a: Suicune|Scald|p1a: Dragalge
|-resisted|p1a: Dragalge
|-damage|p1a: Dragalge|233\/309
|move|p1a: Dragalge|Sludge Wave|p2a: Suicune
|-damage|p2a: Suicune|0 fnt
|faint|p2a: Suicune
|
|
|switch|p2a: Whimsicott|Whimsicott, F|245\/261
|-damage|p2a: Whimsicott|213\/261|[from] Stealth Rock
|turn|11
|
|move|p2a: Whimsicott|Moonblast|p1a: Dragalge
|-damage|p1a: Dragalge|131\/309
|move|p1a: Dragalge|Sludge Wave|p2a: Whimsicott
|-supereffective|p2a: Whimsicott
|-damage|p2a: Whimsicott|0 fnt
|faint|p2a: Whimsicott
|
|
|switch|p2a: Raikou|Raikou|219\/321
|-damage|p2a: Raikou|179\/321|[from] Stealth Rock
|-ability|p2a: Raikou|Pressure
|turn|12
|
|move|p2a: Raikou|Hidden Power|p1a: Dragalge
|-supereffective|p1a: Dragalge
|-damage|p1a: Dragalge|0 fnt
|faint|p1a: Dragalge
|
|
|switch|p1a: Serperior|Serperior, M|296\/296
|-damage|p1a: Serperior|259\/296|[from] Stealth Rock
|turn|13
|
|move|p2a: Raikou|Hidden Power|p1a: Serperior
|-supereffective|p1a: Serperior
|-damage|p1a: Serperior|49\/296
|move|p1a: Serperior|Leaf Storm|p2a: Raikou
|-damage|p2a: Raikou|19\/321
|-boost|p1a: Serperior|spa|2
|
|turn|14
|
|move|p2a: Raikou|Hidden Power|p1a: Serperior
|-supereffective|p1a: Serperior
|-damage|p1a: Serperior|0 fnt
|faint|p1a: Serperior
|
|
|switch|p1a: Magneton|Magneton|192\/303
|-damage|p1a: Magneton|174\/303|[from] Stealth Rock
|turn|15
|
|move|p2a: Raikou|Hidden Power|p1a: Magneton
|-resisted|p1a: Magneton
|-damage|p1a: Magneton|127\/303
|move|p1a: Magneton|Volt Switch|p2a: Raikou
|-resisted|p2a: Raikou
|-damage|p2a: Raikou|0 fnt
|faint|p2a: Raikou
|
|win|zoid's warhorse
|raw|Ladder updating...
|raw|zoid&apos;s warhorse's rating: 1353 &rarr; <strong>1371<\/strong><br \/>(+18 for winning)
|raw|infamousGREED's rating: 1320 &rarr; <strong>1302<\/strong><br \/>(-18 for losing)
|c|âzoid's warhorse|gg
|leave|infamousGREED
|player|p2