|join|zoid's warhorse
|join|Zekaius
|player|p1|zoid's warhorse|188
|player|p2|Zekaius|266
|gametype|singles
|gen|6
|tier|UU
|rated
|rule|Sleep Clause Mod: Limit one foe put to sleep
|rule|Species Clause: Limit one of each PokÃ©mon
|rule|OHKO Clause: OHKO moves are banned
|rule|Moody Clause: Moody is banned
|rule|Evasion Moves Clause: Evasion moves are banned
|rule|Endless Battle Clause: Forcing endless battles is banned
|rule|HP Percentage Mod: HP is shown in percentages
|clearpoke
|poke|p1|Aerodactyl, M
|poke|p1|Azelf
|poke|p1|Dragalge, M
|poke|p1|Lucario, F
|poke|p1|Magneton
|poke|p1|Serperior, F
|poke|p2|Chandelure, M
|poke|p2|Lucario, F
|poke|p2|Swampert, M
|poke|p2|Starmie
|poke|p2|Whimsicott, F, shiny
|poke|p2|Beedrill, M
|rule|Swagger Clause: Swagger is banned
|rule|Baton Pass Clause: Limit one PokÃ©mon knowing Baton Pass
|teampreview
|
|start
|switch|p1a: Azelf|Azelf|291\/291
|switch|p2a: Beedrill|Beedrill, M|271\/271
|turn|1
|
|detailschange|p2a: Beedrill|Beedrill-Mega, M
|-mega|p2a: Beedrill|Beedrill|Beedrillite
|move|p2a: Beedrill|Protect|p2a: Beedrill
|-singleturn|p2a: Beedrill|Protect
|move|p1a: Azelf|Stealth Rock|p2a: Beedrill
|-sidestart|p2: Zekaius|move: Stealth Rock
|
|turn|2
|
|move|p2a: Beedrill|U-turn|p1a: Azelf
|-supereffective|p1a: Azelf
|-enditem|p1a: Azelf|Focus Sash
|-damage|p1a: Azelf|1\/291
|
|switch|p2a: Swampert|Swampert, M|404\/404
|-damage|p2a: Swampert|379\/404|[from] Stealth Rock
|move|p1a: Azelf|Knock Off|p2a: Swampert
|-damage|p2a: Swampert|246\/404
|-enditem|p2a: Swampert|Leftovers|[from] move: Knock Off|[of] p1a: Azelf
|
|turn|3
|
|move|p1a: Azelf|Taunt|p2a: Swampert
|-start|p2a: Swampert|move: Taunt
|cant|p2a: Swampert|move: Taunt|Stealth Rock
|
|turn|4
|
|move|p1a: Azelf|Explosion|p2a: Swampert
|-damage|p2a: Swampert|0 fnt
|faint|p1a: Azelf
|faint|p2a: Swampert
|
|
|switch|p2a: Whimsicott|Whimsicott, F, shiny|324\/324
|switch|p1a: Magneton|Magneton|303\/303
|-damage|p2a: Whimsicott|284\/324|[from] Stealth Rock
|turn|5
|
|move|p2a: Whimsicott|Leech Seed|p1a: Magneton
|-start|p1a: Magneton|move: Leech Seed
|move|p1a: Magneton|Volt Switch|p2a: Whimsicott
|-resisted|p2a: Whimsicott
|-damage|p2a: Whimsicott|198\/324
|
|switch|p1a: Aerodactyl|Aerodactyl, M|302\/302
|-ability|p1a: Aerodactyl|Unnerve|p2: Zekaius
|
|-heal|p2a: Whimsicott|218\/324|[from] item: Leftovers
|turn|6
|
|detailschange|p1a: Aerodactyl|Aerodactyl-Mega, M
|-mega|p1a: Aerodactyl|Aerodactyl|Aerodactylite
|move|p2a: Whimsicott|Toxic|p1a: Aerodactyl
|-status|p1a: Aerodactyl|tox
|move|p1a: Aerodactyl|Aerial Ace|p2a: Whimsicott
|-supereffective|p2a: Whimsicott
|-damage|p2a: Whimsicott|0 fnt
|faint|p2a: Whimsicott
|
|-damage|p1a: Aerodactyl|284\/302 tox|[from] psn
|
|switch|p2a: Starmie|Starmie|323\/323
|-damage|p2a: Starmie|283\/323|[from] Stealth Rock
|turn|7
|
|switch|p1a: Magneton|Magneton|303\/303
|move|p2a: Starmie|Rapid Spin|p1a: Magneton
|-resisted|p1a: Magneton
|-damage|p1a: Magneton|299\/303
|-sideend|p2: Zekaius|Stealth Rock|[from] move: Rapid Spin|[of] p2a: Starmie
|
|-heal|p2a: Starmie|303\/323|[from] item: Leftovers
|turn|8
|
|move|p2a: Starmie|Scald|p1a: Magneton
|-damage|p1a: Magneton|209\/303
|-status|p1a: Magneton|brn
|move|p1a: Magneton|Thunderbolt|p2a: Starmie
|-supereffective|p2a: Starmie
|-damage|p2a: Starmie|0 fnt
|faint|p2a: Starmie
|
|-damage|p1a: Magneton|172\/303 brn|[from] brn
|
|switch|p2a: Lucario|Lucario, F|281\/281
|turn|9
|
|move|p2a: Lucario|Earthquake|p1a: Magneton
|-crit|p1a: Magneton
|-supereffective|p1a: Magneton
|-damage|p1a: Magneton|0 fnt
|faint|p1a: Magneton
|
|
|switch|p1a: Serperior|Serperior, F|296\/296
|turn|10
|
|switch|p2a: Chandelure|Chandelure, M|321\/321
|move|p1a: Serperior|Leaf Storm|p2a: Chandelure
|-resisted|p2a: Chandelure
|-damage|p2a: Chandelure|226\/321
|-boost|p1a: Serperior|spa|2
|
|-heal|p2a: Chandelure|246\/321|[from] item: Leftovers
|turn|11
|
|switch|p1a: Dragalge|Dragalge, M|309\/309
|move|p2a: Chandelure|Flamethrower|p1a: Dragalge
|-resisted|p1a: Dragalge
|-damage|p1a: Dragalge|234\/309
|
|-heal|p2a: Chandelure|266\/321|[from] item: Leftovers
|turn|12
|
|move|p2a: Chandelure|Shadow Ball|p1a: Dragalge
|-damage|p1a: Dragalge|102\/309
|move|p1a: Dragalge|Scald|p2a: Chandelure
|-supereffective|p2a: Chandelure
|-damage|p2a: Chandelure|0 fnt
|faint|p2a: Chandelure
|
|
|switch|p2a: Beedrill|Beedrill-Mega, M|271\/271
|turn|13
|
|move|p2a: Beedrill|Knock Off|p1a: Dragalge
|-crit|p1a: Dragalge
|-damage|p1a: Dragalge|0 fnt
|-enditem|p1a: Dragalge|Choice Specs|[from] move: Knock Off|[of] p2a: Beedrill
|faint|p1a: Dragalge
|
|
|switch|p1a: Lucario|Lucario, F|289\/289
|turn|14
|
|move|p2a: Beedrill|U-turn|p1a: Lucario
|-crit|p1a: Lucario
|-resisted|p1a: Lucario
|-damage|p1a: Lucario|195\/289
|
|switch|p2a: Lucario|Lucario, F|281\/281
|move|p1a: Lucario|Swords Dance|p1a: Lucario
|-boost|p1a: Lucario|atk|2
|
|turn|15
|
|move|p2a: Lucario|Close Combat|p1a: Lucario
|-supereffective|p1a: Lucario
|-damage|p1a: Lucario|0 fnt
|-unboost|p2a: Lucario|def|1
|-unboost|p2a: Lucario|spd|1
|faint|p1a: Lucario
|
|c|âZekaius|adamant?
|
|switch|p1a: Serperior|Serperior, F|296\/296
|turn|16
|
|switch|p2a: Beedrill|Beedrill-Mega, M|271\/271
|move|p1a: Serperior|Hidden Power|p2a: Beedrill
|-supereffective|p2a: Beedrill
|-damage|p2a: Beedrill|153\/271
|
|turn|17
|
|move|p2a: Beedrill|Poison Jab|p1a: Serperior
|-supereffective|p1a: Serperior
|-damage|p1a: Serperior|0 fnt
|faint|p1a: Serperior
|
|
|switch|p1a: Aerodactyl|Aerodactyl-Mega, M|284\/302 tox
|turn|18
|
|move|p2a: Beedrill|Protect|p2a: Beedrill
|-singleturn|p2a: Beedrill|Protect
|move|p1a: Aerodactyl|Aerial Ace|p2a: Beedrill
|-activate|p2a: Beedrill|Protect
|
|-damage|p1a: Aerodactyl|266\/302 tox|[from] psn
|turn|19
|
|move|p1a: Aerodactyl|Aerial Ace|p2a: Beedrill
|-supereffective|p2a: Beedrill
|-damage|p2a: Beedrill|0 fnt
|faint|p2a: Beedrill
|
|-damage|p1a: Aerodactyl|230\/302 tox|[from] psn
|
|switch|p2a: Lucario|Lucario, F|281\/281
|turn|20
|
|move|p1a: Aerodactyl|Aerial Ace|p2a: Lucario
|-damage|p2a: Lucario|83\/281
|move|p2a: Lucario|Swords Dance|p2a: Lucario
|-boost|p2a: Lucario|atk|2
|
|-damage|p1a: Aerodactyl|176\/302 tox|[from] psn
|turn|21
|
|move|p2a: Lucario|Bullet Punch|p1a: Aerodactyl
|-supereffective|p1a: Aerodactyl
|-damage|p1a: Aerodactyl|0 fnt
|faint|p1a: Aerodactyl
|
|win|Zekaius
|raw|Ladder updating...
|raw|zoid&apos;s warhorse's rating: 1369 &rarr; <strong>1354<\/strong><br \/>(-15 for losing)
|raw|Zekaius's rating: 1465 &rarr; <strong>1480<\/strong><br \/>(+15 for winning)
|c|âzoid's warhorse|gg
|c|âZekaius|gg