|join|zoid's warhorse
|join|madvaj
|player|p1|zoid's warhorse|188
|player|p2|madvaj|242
|gametype|singles
|gen|6
|tier|UU
|rated
|rule|Sleep Clause Mod: Limit one foe put to sleep
|rule|Species Clause: Limit one of each PokÃ©mon
|rule|OHKO Clause: OHKO moves are banned
|rule|Moody Clause: Moody is banned
|rule|Evasion Moves Clause: Evasion moves are banned
|rule|Endless Battle Clause: Forcing endless battles is banned
|rule|HP Percentage Mod: HP is shown in percentages
|clearpoke
|poke|p1|Aerodactyl, M
|poke|p1|Azelf
|poke|p1|Dragalge, F
|poke|p1|Lucario, F
|poke|p1|Magneton
|poke|p1|Serperior, M
|poke|p2|Abomasnow, F
|poke|p2|Tentacruel, M
|poke|p2|Swampert, M
|poke|p2|Crobat, F
|poke|p2|Jirachi
|poke|p2|Umbreon, F
|rule|Swagger Clause: Swagger is banned
|rule|Baton Pass Clause: Limit one PokÃ©mon knowing Baton Pass
|teampreview
|
|start
|switch|p1a: Azelf|Azelf|291\/291
|switch|p2a: Jirachi|Jirachi|341\/341
|turn|1
|
|move|p2a: Jirachi|U-turn|p1a: Azelf
|-supereffective|p1a: Azelf
|-damage|p1a: Azelf|93\/291
|
|switch|p2a: Abomasnow|Abomasnow, F|364\/364
|move|p1a: Azelf|Stealth Rock|p2a: Abomasnow
|-sidestart|p2: madvaj|move: Stealth Rock
|
|turn|2
|
|detailschange|p2a: Abomasnow|Abomasnow-Mega, F
|-mega|p2a: Abomasnow|Abomasnow|Abomasite
|-weather|Hail
|move|p2a: Abomasnow|Ice Shard|p1a: Azelf
|-damage|p1a: Azelf|0 fnt
|faint|p1a: Azelf
|
|-weather|Hail|[upkeep]
|
|switch|p1a: Lucario|Lucario, F|279\/279
|turn|3
|
|switch|p2a: Tentacruel|Tentacruel, M|361\/361
|-damage|p2a: Tentacruel|316\/361|[from] Stealth Rock
|move|p1a: Lucario|Close Combat|p2a: Tentacruel
|-resisted|p2a: Tentacruel
|-damage|p2a: Tentacruel|207\/361
|-unboost|p1a: Lucario|def|1
|-unboost|p1a: Lucario|spd|1
|-damage|p1a: Lucario|252\/279|[from] item: Life Orb
|
|-weather|Hail|[upkeep]
|-damage|p1a: Lucario|235\/279|[from] hail
|-damage|p2a: Tentacruel|185\/361|[from] hail
|-heal|p2a: Tentacruel|207\/361|[from] item: Black Sludge
|turn|4
|
|move|p1a: Lucario|Earthquake|p2a: Tentacruel
|-supereffective|p2a: Tentacruel
|-damage|p2a: Tentacruel|0 fnt
|-damage|p1a: Lucario|208\/279|[from] item: Life Orb
|faint|p2a: Tentacruel
|
|-weather|Hail|[upkeep]
|-damage|p1a: Lucario|191\/279|[from] hail
|
|switch|p2a: Swampert|Swampert, M|401\/401
|-damage|p2a: Swampert|376\/401|[from] Stealth Rock
|turn|5
|
|switch|p1a: Dragalge|Dragalge, F|283\/283
|move|p2a: Swampert|Stealth Rock|p1a: Dragalge
|-sidestart|p1: zoid's warhorse|move: Stealth Rock
|
|-weather|Hail|[upkeep]
|-damage|p1a: Dragalge|266\/283|[from] hail
|-damage|p2a: Swampert|351\/401|[from] hail
|-heal|p2a: Swampert|376\/401|[from] item: Leftovers
|turn|6
|
|switch|p2a: Jirachi|Jirachi|341\/341
|-damage|p2a: Jirachi|320\/341|[from] Stealth Rock
|move|p1a: Dragalge|Draco Meteor|p2a: Jirachi|[miss]
|-miss|p1a: Dragalge|p2a: Jirachi
|
|-weather|none
|turn|7
|
|move|p2a: Jirachi|U-turn|p1a: Dragalge
|-resisted|p1a: Dragalge
|-damage|p1a: Dragalge|228\/283
|
|switch|p2a: Umbreon|Umbreon, F|393\/393
|-damage|p2a: Umbreon|344\/393|[from] Stealth Rock
|move|p1a: Dragalge|Draco Meteor|p2a: Umbreon
|-damage|p2a: Umbreon|122\/393
|-unboost|p1a: Dragalge|spa|2
|
|-heal|p2a: Umbreon|146\/393|[from] item: Leftovers
|turn|8
|
|switch|p1a: Lucario|Lucario, F|191\/279
|-damage|p1a: Lucario|183\/279|[from] Stealth Rock
|move|p2a: Umbreon|Wish|p2a: Umbreon
|
|-heal|p2a: Umbreon|170\/393|[from] item: Leftovers
|turn|9
|
|move|p1a: Lucario|Close Combat|p2a: Umbreon
|-crit|p2a: Umbreon
|-supereffective|p2a: Umbreon
|-damage|p2a: Umbreon|0 fnt
|-unboost|p1a: Lucario|def|1
|-unboost|p1a: Lucario|spd|1
|-damage|p1a: Lucario|156\/279|[from] item: Life Orb
|faint|p2a: Umbreon
|
|
|switch|p2a: Swampert|Swampert, M|376\/401
|-damage|p2a: Swampert|351\/401|[from] Stealth Rock
|turn|10
|
|move|p1a: Lucario|Close Combat|p2a: Swampert
|-damage|p2a: Swampert|163\/401
|-unboost|p1a: Lucario|def|1
|-unboost|p1a: Lucario|spd|1
|-damage|p1a: Lucario|129\/279|[from] item: Life Orb
|move|p2a: Swampert|Scald|p1a: Lucario
|-damage|p1a: Lucario|0 fnt
|faint|p1a: Lucario
|
|-heal|p2a: Swampert|188\/401|[from] item: Leftovers
|
|switch|p1a: Serperior|Serperior, M|303\/303
|-damage|p1a: Serperior|266\/303|[from] Stealth Rock
|turn|11
|
|switch|p2a: Crobat|Crobat, F|373\/373
|-damage|p2a: Crobat|280\/373|[from] Stealth Rock
|move|p1a: Serperior|Glare|p2a: Crobat
|-status|p2a: Crobat|par
|
|turn|12
|
|switch|p1a: Magneton|Magneton|303\/303
|-damage|p1a: Magneton|285\/303|[from] Stealth Rock
|move|p2a: Crobat|Acrobatics|p1a: Magneton
|-resisted|p1a: Magneton
|-damage|p1a: Magneton|265\/303
|
|turn|13
|
|switch|p2a: Swampert|Swampert, M|188\/401
|-damage|p2a: Swampert|163\/401|[from] Stealth Rock
|move|p1a: Magneton|Volt Switch|p2a: Swampert
|-immune|p2a: Swampert|[msg]
|
|-heal|p2a: Swampert|188\/401|[from] item: Leftovers
|turn|14
|
|move|p1a: Magneton|Hidden Power|p2a: Swampert
|-supereffective|p2a: Swampert
|-damage|p2a: Swampert|0 fnt
|faint|p2a: Swampert
|
|
|switch|p2a: Jirachi|Jirachi|320\/341
|-damage|p2a: Jirachi|299\/341|[from] Stealth Rock
|turn|15
|
|move|p2a: Jirachi|Fire Punch|p1a: Magneton
|-supereffective|p1a: Magneton
|-damage|p1a: Magneton|165\/303
|move|p1a: Magneton|Volt Switch|p2a: Jirachi
|-damage|p2a: Jirachi|158\/341
|
|switch|p1a: Dragalge|Dragalge, F|228\/283
|-damage|p1a: Dragalge|193\/283|[from] Stealth Rock
|
|turn|16
|
|move|p2a: Jirachi|Fire Punch|p1a: Dragalge
|-resisted|p1a: Dragalge
|-damage|p1a: Dragalge|155\/283
|move|p1a: Dragalge|Draco Meteor|p2a: Jirachi
|-resisted|p2a: Jirachi
|-damage|p2a: Jirachi|0 fnt
|-unboost|p1a: Dragalge|spa|2
|faint|p2a: Jirachi
|
|
|switch|p2a: Abomasnow|Abomasnow-Mega, F|364\/364
|-damage|p2a: Abomasnow|273\/364|[from] Stealth Rock
|-weather|Hail
|turn|17
|
|move|p1a: Dragalge|Draco Meteor|p2a: Abomasnow
|-damage|p2a: Abomasnow|89\/364
|-unboost|p1a: Dragalge|spa|2
|move|p2a: Abomasnow|Swords Dance|p2a: Abomasnow
|-boost|p2a: Abomasnow|atk|2
|
|-weather|Hail|[upkeep]
|-damage|p1a: Dragalge|138\/283|[from] hail
|turn|18
|
|move|p2a: Abomasnow|Ice Shard|p1a: Dragalge
|-supereffective|p1a: Dragalge
|-damage|p1a: Dragalge|0 fnt
|faint|p1a: Dragalge
|
|-weather|Hail|[upkeep]
|
|switch|p1a: Magneton|Magneton|165\/303
|-damage|p1a: Magneton|147\/303|[from] Stealth Rock
|turn|19
|
|move|p2a: Abomasnow|Ice Shard|p1a: Magneton
|-resisted|p1a: Magneton
|-damage|p1a: Magneton|94\/303
|move|p1a: Magneton|Flash Cannon|p2a: Abomasnow
|-supereffective|p2a: Abomasnow
|-damage|p2a: Abomasnow|0 fnt
|faint|p2a: Abomasnow
|
|-weather|Hail|[upkeep]
|-damage|p1a: Magneton|76\/303|[from] hail
|-message|madvaj forfeited.
|
|win|zoid's warhorse
|raw|Ladder updating...
|leave|madvaj
|player|p2
|raw|zoid&apos;s warhorse's rating: 1483 &rarr; <strong>1494<\/strong><br \/>(+11 for winning)
|raw|madvaj's rating: 1322 &rarr; <strong>1310<\/strong><br \/>(-12 for losing)