|join|BankMoney
|join|zoid's warhorse
|player|p1|BankMoney|266
|player|p2|zoid's warhorse|188
|gametype|singles
|gen|6
|tier|UU
|rated
|rule|Sleep Clause Mod: Limit one foe put to sleep
|rule|Species Clause: Limit one of each PokÃ©mon
|rule|OHKO Clause: OHKO moves are banned
|rule|Moody Clause: Moody is banned
|rule|Evasion Moves Clause: Evasion moves are banned
|rule|Endless Battle Clause: Forcing endless battles is banned
|rule|HP Percentage Mod: HP is shown in percentages
|clearpoke
|poke|p1|Entei, shiny
|poke|p1|Azelf
|poke|p1|Empoleon, M
|poke|p1|Infernape, F
|poke|p1|Serperior, M
|poke|p1|Crobat, F
|poke|p2|Aerodactyl, M
|poke|p2|Azelf
|poke|p2|Dragalge, F
|poke|p2|Lucario, F
|poke|p2|Magneton
|poke|p2|Serperior, F
|rule|Swagger Clause: Swagger is banned
|rule|Baton Pass Clause: Limit one PokÃ©mon knowing Baton Pass
|teampreview
|
|start
|switch|p1a: Azelf|Azelf|291\/291
|switch|p2a: Azelf|Azelf|291\/291
|turn|1
|
|move|p1a: Azelf|Stealth Rock|p2a: Azelf
|-sidestart|p2: zoid's warhorse|move: Stealth Rock
|move|p2a: Azelf|Stealth Rock|p1a: Azelf
|-sidestart|p1: BankMoney|move: Stealth Rock
|
|turn|2
|
|move|p2a: Azelf|Knock Off|p1a: Azelf
|-supereffective|p1a: Azelf
|-damage|p1a: Azelf|15\/291
|-enditem|p1a: Azelf|Focus Sash|[from] move: Knock Off|[of] p2a: Azelf
|move|p1a: Azelf|Fire Blast|p2a: Azelf
|-damage|p2a: Azelf|166\/291
|
|turn|3
|
|move|p2a: Azelf|Knock Off|p1a: Azelf
|-supereffective|p1a: Azelf
|-damage|p1a: Azelf|0 fnt
|faint|p1a: Azelf
|
|c|âBankMoney|fuck u8
|
|switch|p1a: Crobat|Crobat, F|311\/311
|-damage|p1a: Crobat|234\/311|[from] Stealth Rock
|turn|4
|
|move|p1a: Crobat|U-turn|p2a: Azelf
|-supereffective|p2a: Azelf
|-damage|p2a: Azelf|0 fnt
|faint|p2a: Azelf
|
|switch|p1a: Empoleon|Empoleon, M|372\/372
|-damage|p1a: Empoleon|349\/372|[from] Stealth Rock
|
|-heal|p1a: Empoleon|372\/372|[from] item: Leftovers
|
|switch|p2a: Magneton|Magneton|303\/303
|-damage|p2a: Magneton|285\/303|[from] Stealth Rock
|turn|5
|
|move|p2a: Magneton|Thunderbolt|p1a: Empoleon
|-supereffective|p1a: Empoleon
|-damage|p1a: Empoleon|154\/372
|move|p1a: Empoleon|Defog|p2a: Magneton
|-unboost|p2a: Magneton|evasion|1
|-sideend|p2: zoid's warhorse|Stealth Rock|[from] move: Defog|[of] p2a: Magneton
|-sideend|p1: BankMoney|Stealth Rock|[from] move: Defog|[of] p1a: Empoleon
|
|-heal|p1a: Empoleon|177\/372|[from] item: Leftovers
|turn|6
|
|move|p2a: Magneton|Thunderbolt|p1a: Empoleon
|-supereffective|p1a: Empoleon
|-damage|p1a: Empoleon|0 fnt
|faint|p1a: Empoleon
|
|
|switch|p1a: Infernape|Infernape, F|293\/293
|turn|7
|
|switch|p2a: Dragalge|Dragalge, F|309\/309
|move|p1a: Infernape|Close Combat|p2a: Dragalge
|-resisted|p2a: Dragalge
|-damage|p2a: Dragalge|204\/309
|-unboost|p1a: Infernape|def|1
|-unboost|p1a: Infernape|spd|1
|
|turn|8
|
|move|p1a: Infernape|Close Combat|p2a: Dragalge
|-resisted|p2a: Dragalge
|-damage|p2a: Dragalge|112\/309
|-unboost|p1a: Infernape|def|1
|-unboost|p1a: Infernape|spd|1
|move|p2a: Dragalge|Draco Meteor|p1a: Infernape
|-enditem|p1a: Infernape|Focus Sash
|-damage|p1a: Infernape|1\/293
|-unboost|p2a: Dragalge|spa|2
|
|turn|9
|
|move|p1a: Infernape|Close Combat|p2a: Dragalge
|-resisted|p2a: Dragalge
|-damage|p2a: Dragalge|15\/309
|-unboost|p1a: Infernape|def|1
|-unboost|p1a: Infernape|spd|1
|move|p2a: Dragalge|Draco Meteor|p1a: Infernape
|-damage|p1a: Infernape|0 fnt
|-unboost|p2a: Dragalge|spa|2
|faint|p1a: Infernape
|
|
|switch|p1a: Entei|Entei, shiny|371\/371
|-ability|p1a: Entei|Pressure
|turn|10
|
|move|p1a: Entei|Substitute|p1a: Entei
|-start|p1a: Entei|Substitute
|-damage|p1a: Entei|279\/371
|move|p2a: Dragalge|Draco Meteor|p1a: Entei|[miss]
|-miss|p2a: Dragalge|p1a: Entei
|
|turn|11
|
|move|p1a: Entei|Extreme Speed|p2a: Dragalge
|-damage|p2a: Dragalge|0 fnt
|-damage|p1a: Entei|242\/371|[from] item: Life Orb
|faint|p2a: Dragalge
|
|
|switch|p2a: Lucario|Lucario, F|289\/289
|turn|12
|
|move|p2a: Lucario|Extreme Speed|p1a: Entei
|-crit|p1a: Entei
|-end|p1a: Entei|Substitute
|-damage|p2a: Lucario|261\/289|[from] item: Life Orb
|move|p1a: Entei|Sacred Fire|p2a: Lucario
|-supereffective|p2a: Lucario
|-damage|p2a: Lucario|0 fnt
|-damage|p1a: Entei|205\/371|[from] item: Life Orb
|faint|p2a: Lucario
|
|
|switch|p2a: Aerodactyl|Aerodactyl, M|302\/302
|-ability|p2a: Aerodactyl|Unnerve|p1: BankMoney
|turn|13
|
|detailschange|p2a: Aerodactyl|Aerodactyl-Mega, M
|-mega|p2a: Aerodactyl|Aerodactyl|Aerodactylite
|move|p2a: Aerodactyl|Aqua Tail|p1a: Entei
|-supereffective|p1a: Entei
|-damage|p1a: Entei|0 fnt
|faint|p1a: Entei
|
|
|switch|p1a: Crobat|Crobat, F|234\/311
|turn|14
|
|move|p2a: Aerodactyl|Stone Edge|p1a: Crobat
|-supereffective|p1a: Crobat
|-damage|p1a: Crobat|0 fnt
|faint|p1a: Crobat
|
|
|switch|p1a: Serperior|Serperior, M|291\/291
|turn|15
|
|move|p2a: Aerodactyl|Aerial Ace|p1a: Serperior
|-supereffective|p1a: Serperior
|-damage|p1a: Serperior|0 fnt
|faint|p1a: Serperior
|
|win|zoid's warhorse
|raw|Ladder updating...
|raw|BankMoney's rating: 1214 &rarr; <strong>1199<\/strong><br \/>(-15 for losing)
|raw|zoid&apos;s warhorse's rating: 1362 &rarr; <strong>1374<\/strong><br \/>(+12 for winning)
|c|âzoid's warhorse|gg
|c|âBankMoney|fuck
|c|âBankMoney|you
|c|âBankMoney|bitch
|c|âBankMoney|cunt
|c|âBankMoney|Ahole
|c|âBankMoney|shitDick
|leave|BankMoney
|player|p1