|join|zoid's warhorse
|join|Earthes
|player|p1|zoid's warhorse|188
|player|p2|Earthes|248
|gametype|singles
|gen|6
|tier|UU
|rated
|rule|Sleep Clause Mod: Limit one foe put to sleep
|rule|Species Clause: Limit one of each PokÃ©mon
|rule|OHKO Clause: OHKO moves are banned
|rule|Moody Clause: Moody is banned
|rule|Evasion Moves Clause: Evasion moves are banned
|rule|Endless Battle Clause: Forcing endless battles is banned
|rule|HP Percentage Mod: HP is shown in percentages
|clearpoke
|poke|p1|Aerodactyl, M
|poke|p1|Azelf
|poke|p1|Dragalge, F
|poke|p1|Lucario, M
|poke|p1|Magneton
|poke|p1|Serperior, M
|poke|p2|Sharpedo, M
|poke|p2|Florges, F
|poke|p2|Blastoise, F
|poke|p2|Toxicroak, M
|poke|p2|Noivern, F
|poke|p2|Darmanitan, M
|rule|Swagger Clause: Swagger is banned
|rule|Baton Pass Clause: Limit one PokÃ©mon knowing Baton Pass
|teampreview
|
|start
|switch|p1a: Azelf|Azelf|291\/291
|switch|p2a: Rick Addison|Darmanitan, M|351\/351
|turn|1
|
|move|p2a: Rick Addison|U-turn|p1a: Azelf
|-supereffective|p1a: Azelf
|-damage|p1a: Azelf|49\/291
|
|switch|p2a: Shibata Katsuie|Blastoise, F|361\/361
|move|p1a: Azelf|Stealth Rock|p2a: Shibata Katsuie
|-sidestart|p2: Earthes|move: Stealth Rock
|
|turn|2
|
|move|p1a: Azelf|Explosion|p2a: Shibata Katsuie
|-damage|p2a: Shibata Katsuie|53\/361
|faint|p1a: Azelf
|move|p2a: Shibata Katsuie|Rapid Spin|p1: Azelf|[notarget]
|-notarget
|
|c|âEarthes|>suicide lead ashit
|c|âEarthes|Scrub confirmed.
|
|switch|p1a: Aerodactyl|Aerodactyl, M|302\/302
|-ability|p1a: Aerodactyl|Unnerve|p2: Earthes
|turn|3
|
|detailschange|p1a: Aerodactyl|Aerodactyl-Mega, M
|-mega|p1a: Aerodactyl|Aerodactyl|Aerodactylite
|move|p1a: Aerodactyl|Aerial Ace|p2a: Shibata Katsuie
|-damage|p2a: Shibata Katsuie|0 fnt
|faint|p2a: Shibata Katsuie
|
|c|âzoid's warhorse|no doubt
|
|switch|p2a: Rick Addison|Darmanitan, M|351\/351
|-damage|p2a: Rick Addison|264\/351|[from] Stealth Rock
|turn|4
|
|switch|p1a: Magneton|Magneton|303\/303
|move|p2a: Rick Addison|Flare Blitz|p1a: Magneton
|-supereffective|p1a: Magneton
|-damage|p1a: Magneton|0 fnt
|-damage|p2a: Rick Addison|164\/351|[from] recoil|[of] p1a: Magneton
|faint|p1a: Magneton
|
|
|switch|p1a: Dragalge|Dragalge, F|309\/309
|turn|5
|
|switch|p2a: Sill Plain|Florges, F|360\/360
|-damage|p2a: Sill Plain|315\/360|[from] Stealth Rock
|move|p1a: Dragalge|Sludge Wave|p2a: Sill Plain
|-supereffective|p2a: Sill Plain
|-damage|p2a: Sill Plain|0 fnt
|faint|p2a: Sill Plain
|
|
|switch|p2a: Senhime|Noivern, F|311\/311
|-damage|p2a: Senhime|234\/311|[from] Stealth Rock
|turn|6
|c|âzoid's warhorse|nice switch in
|
|switch|p1a: Lucario|Lucario, M|287\/287
|move|p2a: Senhime|Draco Meteor|p1a: Lucario
|-resisted|p1a: Lucario
|-damage|p1a: Lucario|90\/287
|-unboost|p2a: Senhime|spa|2
|
|turn|7
|
|move|p1a: Lucario|Extreme Speed|p2a: Senhime
|-damage|p2a: Senhime|95\/311
|-damage|p1a: Lucario|62\/287|[from] item: Life Orb
|move|p2a: Senhime|Draco Meteor|p1a: Lucario
|-resisted|p1a: Lucario
|-damage|p1a: Lucario|0 fnt
|-unboost|p2a: Senhime|spa|2
|faint|p1a: Lucario
|
|c|âEarthes|Nice switch in.
|
|switch|p1a: Aerodactyl|Aerodactyl-Mega, M|302\/302
|turn|8
|
|move|p1a: Aerodactyl|Pursuit|p2a: Senhime
|-damage|p2a: Senhime|23\/311
|move|p2a: Senhime|Draco Meteor|p1a: Aerodactyl
|-damage|p1a: Aerodactyl|209\/302
|-unboost|p2a: Senhime|spa|2
|
|turn|9
|
|move|p1a: Aerodactyl|Pursuit|p2a: Senhime
|-damage|p2a: Senhime|0 fnt
|faint|p2a: Senhime
|
|
|switch|p2a: Rance|Sharpedo, M|281\/281
|-damage|p2a: Rance|246\/281|[from] Stealth Rock
|turn|10
|
|switch|p1a: Serperior|Serperior, M|295\/295
|move|p2a: Rance|Protect|p2a: Rance
|-fail|p2a: Rance
|
|-boost|p2a: Rance|spe|1|[from] ability: Speed Boost
|turn|11
|
|move|p2a: Rance|Protect|p2a: Rance
|-singleturn|p2a: Rance|Protect
|move|p1a: Serperior|Glare|p2a: Rance
|-activate|p2a: Rance|Protect
|
|-boost|p2a: Rance|spe|1|[from] ability: Speed Boost
|turn|12
|
|detailschange|p2a: Rance|Sharpedo-Mega, M
|-mega|p2a: Rance|Sharpedo|Sharpedonite
|move|p2a: Rance|Ice Fang|p1a: Serperior
|-supereffective|p1a: Serperior
|-damage|p1a: Serperior|13\/295
|move|p1a: Serperior|Glare|p2a: Rance
|-status|p2a: Rance|par
|
|turn|13
|
|move|p1a: Serperior|Leaf Storm|p2a: Rance
|-supereffective|p2a: Rance
|-damage|p2a: Rance|0 fnt
|-boost|p1a: Serperior|spa|2
|faint|p2a: Rance
|
|
|switch|p2a: Dokuganryuu|Toxicroak, M|370\/370
|-damage|p2a: Dokuganryuu|347\/370|[from] Stealth Rock
|turn|14
|
|move|p1a: Serperior|Hidden Power|p2a: Dokuganryuu
|-damage|p2a: Dokuganryuu|162\/370
|move|p2a: Dokuganryuu|Swords Dance|p2a: Dokuganryuu
|-boost|p2a: Dokuganryuu|atk|2
|
|-heal|p2a: Dokuganryuu|185\/370|[from] item: Black Sludge
|turn|15
|
|move|p1a: Serperior|Hidden Power|p2a: Dokuganryuu
|-damage|p2a: Dokuganryuu|23\/370
|move|p2a: Dokuganryuu|Drain Punch|p1a: Serperior
|-damage|p1a: Serperior|0 fnt
|-heal|p2a: Dokuganryuu|30\/370|[from] drain|[of] p1a: Serperior
|faint|p1a: Serperior
|
|-heal|p2a: Dokuganryuu|53\/370|[from] item: Black Sludge
|
|switch|p1a: Dragalge|Dragalge, F|309\/309
|turn|16
|
|move|p2a: Dokuganryuu|Gunk Shot|p1a: Dragalge
|-resisted|p1a: Dragalge
|-damage|p1a: Dragalge|99\/309
|move|p1a: Dragalge|Sludge Wave|p2a: Dokuganryuu
|-resisted|p2a: Dokuganryuu
|-damage|p2a: Dokuganryuu|0 fnt
|faint|p2a: Dokuganryuu
|
|
|switch|p2a: Rick Addison|Darmanitan, M|164\/351
|-damage|p2a: Rick Addison|77\/351|[from] Stealth Rock
|turn|17
|
|move|p2a: Rick Addison|Rock Slide|p1a: Dragalge
|-damage|p1a: Dragalge|0 fnt
|faint|p1a: Dragalge
|
|
|switch|p1a: Aerodactyl|Aerodactyl-Mega, M|209\/302
|turn|18
|
|move|p2a: Rick Addison|Rock Slide|p1a: Aerodactyl
|-supereffective|p1a: Aerodactyl
|-damage|p1a: Aerodactyl|0 fnt
|faint|p1a: Aerodactyl
|
|win|Earthes
|raw|Ladder updating...
|c|âzoid's warhorse|gg
|raw|zoid&apos;s warhorse's rating: 1454 &rarr; <strong>1429<\/strong><br \/>(-25 for losing)
|raw|Earthes's rating: 1364 &rarr; <strong>1389<\/strong><br \/>(+25 for winning)
|c|âEarthes|Fuck off, Scrub. Never play Showdown again. Go play on Cart with 6 legendaries like scrubs like you should.
|leave|Earthes
|player|p2