|join|zoid's warhorse
|join|newfren
|player|p1|zoid's warhorse|188
|player|p2|newfren|110
|gametype|singles
|gen|6
|tier|UU
|rated
|rule|Sleep Clause Mod: Limit one foe put to sleep
|rule|Species Clause: Limit one of each PokÃ©mon
|rule|OHKO Clause: OHKO moves are banned
|rule|Moody Clause: Moody is banned
|rule|Evasion Moves Clause: Evasion moves are banned
|rule|Endless Battle Clause: Forcing endless battles is banned
|rule|HP Percentage Mod: HP is shown in percentages
|clearpoke
|poke|p1|Aerodactyl, M
|poke|p1|Azelf
|poke|p1|Dragalge, M
|poke|p1|Lucario, F
|poke|p1|Magneton
|poke|p1|Serperior, F
|poke|p2|Trevenant, M
|poke|p2|Alomomola, M
|poke|p2|Aerodactyl, M, shiny
|poke|p2|Snorlax, F
|poke|p2|Alakazam, M
|poke|p2|Gligar, M
|rule|Swagger Clause: Swagger is banned
|rule|Baton Pass Clause: Limit one PokÃ©mon knowing Baton Pass
|teampreview
|
|start
|switch|p1a: Azelf|Azelf|291\/291
|switch|p2a: Aerodactyl|Aerodactyl, M, shiny|301\/301
|-ability|p2a: Aerodactyl|Unnerve|p1: zoid's warhorse
|turn|1
|
|detailschange|p2a: Aerodactyl|Aerodactyl-Mega, M, shiny
|-mega|p2a: Aerodactyl|Aerodactyl|Aerodactylite
|move|p2a: Aerodactyl|Stealth Rock|p1a: Azelf
|-sidestart|p1: zoid's warhorse|move: Stealth Rock
|move|p1a: Azelf|Stealth Rock|p2a: Aerodactyl
|-sidestart|p2: newfren|move: Stealth Rock
|
|turn|2
|
|move|p2a: Aerodactyl|Aerial Ace|p1a: Azelf
|-damage|p1a: Azelf|93\/291
|move|p1a: Azelf|Explosion|p2a: Aerodactyl
|-resisted|p2a: Aerodactyl
|-damage|p2a: Aerodactyl|132\/301
|faint|p1a: Azelf
|
|
|switch|p1a: Lucario|Lucario, F|289\/289
|-damage|p1a: Lucario|280\/289|[from] Stealth Rock
|turn|3
|
|move|p1a: Lucario|Bullet Punch|p2a: Aerodactyl
|-supereffective|p2a: Aerodactyl
|-damage|p2a: Aerodactyl|0 fnt
|-damage|p1a: Lucario|252\/289|[from] item: Life Orb
|faint|p2a: Aerodactyl
|
|
|switch|p2a: Trevenant|Trevenant, M|312\/312
|-damage|p2a: Trevenant|273\/312|[from] Stealth Rock
|turn|4
|
|switch|p1a: Dragalge|Dragalge, M|309\/309
|-damage|p1a: Dragalge|271\/309|[from] Stealth Rock
|move|p2a: Trevenant|Substitute|p2a: Trevenant
|-start|p2a: Trevenant|Substitute
|-damage|p2a: Trevenant|195\/312
|
|turn|5
|
|move|p2a: Trevenant|Earthquake|p1a: Dragalge
|-supereffective|p1a: Dragalge
|-damage|p1a: Dragalge|33\/309
|move|p1a: Dragalge|Sludge Wave|p2a: Trevenant
|-crit|p2a: Trevenant
|-end|p2a: Trevenant|Substitute
|
|turn|6
|
|move|p2a: Trevenant|Substitute|p2a: Trevenant
|-start|p2a: Trevenant|Substitute
|-damage|p2a: Trevenant|117\/312
|move|p1a: Dragalge|Sludge Wave|p2a: Trevenant
|-end|p2a: Trevenant|Substitute
|
|turn|7
|
|move|p2a: Trevenant|Substitute|p2a: Trevenant
|-start|p2a: Trevenant|Substitute
|-damage|p2a: Trevenant|39\/312
|-enditem|p2a: Trevenant|Starf Berry|[eat]
|-boost|p2a: Trevenant|spe|2|[from] item: Starf Berry
|move|p1a: Dragalge|Sludge Wave|p2a: Trevenant
|-end|p2a: Trevenant|Substitute
|
|turn|8
|
|move|p2a: Trevenant|Phantom Force|p1a: Dragalge|[still]
|-prepare|p2a: Trevenant|Phantom Force|p1a: Dragalge
|move|p1a: Dragalge|Sludge Wave|p2a: Trevenant
|-miss|p1a: Dragalge|p2a: Trevenant
|
|turn|9
|c|âzoid's warhorse|cathy
|c|ânewfren|cathy
|
|move|p2a: Trevenant|Phantom Force|p1a: Dragalge
|-damage|p1a: Dragalge|0 fnt
|faint|p1a: Dragalge
|
|-item|p2a: Trevenant|Starf Berry|[from] ability: Harvest
|
|switch|p1a: Lucario|Lucario, F|252\/289
|-enditem|p2a: Trevenant|Starf Berry|[eat]
|-boost|p2a: Trevenant|atk|2|[from] item: Starf Berry
|-damage|p1a: Lucario|243\/289|[from] Stealth Rock
|turn|10
|
|move|p1a: Lucario|Bullet Punch|p2a: Trevenant
|-damage|p2a: Trevenant|0 fnt
|-damage|p1a: Lucario|215\/289|[from] item: Life Orb
|faint|p2a: Trevenant
|
|c|ânewfren|rip
|
|switch|p2a: Alakazam|Alakazam, M|251\/251
|turn|11
|
|move|p1a: Lucario|Extreme Speed|p2a: Alakazam
|-crit|p2a: Alakazam
|-enditem|p2a: Alakazam|Focus Sash
|-damage|p2a: Alakazam|1\/251
|-damage|p1a: Lucario|187\/289|[from] item: Life Orb
|move|p2a: Alakazam|Psychic|p1a: Lucario
|-crit|p1a: Lucario
|-damage|p1a: Lucario|0 fnt
|faint|p1a: Lucario
|
|
|switch|p1a: Aerodactyl|Aerodactyl, M|302\/302
|-damage|p1a: Aerodactyl|227\/302|[from] Stealth Rock
|-ability|p1a: Aerodactyl|Unnerve|p2: newfren
|turn|12
|c|ânewfren|r u faster
|c|ânewfren|pls do not lie
|c|âzoid's warhorse|y
|c|ânewfren|ok
|c|ânewfren|ty
|
|detailschange|p1a: Aerodactyl|Aerodactyl-Mega, M
|-mega|p1a: Aerodactyl|Aerodactyl|Aerodactylite
|move|p1a: Aerodactyl|Pursuit|p2a: Alakazam|[from]Pursuit
|-supereffective|p2a: Alakazam
|-damage|p2a: Alakazam|0 fnt
|faint|p2a: Alakazam
|
|c|ânewfren|o
|
|switch|p2a: Snorlax|Snorlax, F|509\/509
|-damage|p2a: Snorlax|446\/509|[from] Stealth Rock
|turn|13
|
|switch|p1a: Serperior|Serperior, F|296\/296
|-damage|p1a: Serperior|259\/296|[from] Stealth Rock
|move|p2a: Snorlax|Curse|p2a: Snorlax
|-boost|p2a: Snorlax|atk|1
|-boost|p2a: Snorlax|def|1
|-unboost|p2a: Snorlax|spe|1
|
|-heal|p2a: Snorlax|477\/509|[from] item: Leftovers
|turn|14
|
|move|p1a: Serperior|Leaf Storm|p2a: Snorlax
|-damage|p2a: Snorlax|369\/509
|-boost|p1a: Serperior|spa|2
|move|p2a: Snorlax|Body Slam|p1a: Serperior
|-crit|p1a: Serperior
|-damage|p1a: Serperior|0 fnt
|faint|p1a: Serperior
|
|-heal|p2a: Snorlax|400\/509|[from] item: Leftovers
|c|ânewfren|e
|c|ânewfren|z
|c|ânewfren|e
|c|ânewfren|z
|c|ânewfren|e
|c|ânewfren|z
|c|ânewfren|e
|c|ânewfren|z
|c|ânewfren|z
|c|ânewfren|e
|c|ânewfren|z
|c|ânewfren|sorry
|
|switch|p1a: Aerodactyl|Aerodactyl-Mega, M|227\/302
|-damage|p1a: Aerodactyl|152\/302|[from] Stealth Rock
|turn|15
|c|ânewfren|this isn't a tour I forgot
|
|move|p1a: Aerodactyl|Stone Edge|p2a: Snorlax
|-damage|p2a: Snorlax|259\/509
|move|p2a: Snorlax|Curse|p2a: Snorlax
|-boost|p2a: Snorlax|atk|1
|-boost|p2a: Snorlax|def|1
|-unboost|p2a: Snorlax|spe|1
|
|-heal|p2a: Snorlax|290\/509|[from] item: Leftovers
|turn|16
|
|move|p1a: Aerodactyl|Stone Edge|p2a: Snorlax
|-damage|p2a: Snorlax|179\/509
|move|p2a: Snorlax|Rest|p2a: Snorlax
|-status|p2a: Snorlax|slp
|-heal|p2a: Snorlax|509\/509 slp|[silent]
|-status|p2a: Snorlax|slp|[from] move: Rest
|
|turn|17
|
|move|p1a: Aerodactyl|Stone Edge|p2a: Snorlax
|-damage|p2a: Snorlax|397\/509 slp
|cant|p2a: Snorlax|slp
|
|-heal|p2a: Snorlax|428\/509 slp|[from] item: Leftovers
|turn|18
|
|move|p1a: Aerodactyl|Stone Edge|p2a: Snorlax
|-damage|p2a: Snorlax|320\/509 slp
|cant|p2a: Snorlax|slp
|
|-heal|p2a: Snorlax|351\/509 slp|[from] item: Leftovers
|turn|19
|c|ânewfren|how many do you have left
|c|ânewfren|pls do not lie
|
|move|p1a: Aerodactyl|Stone Edge|p2a: Snorlax
|-damage|p2a: Snorlax|243\/509 slp
|-curestatus|p2a: Snorlax|slp
|move|p2a: Snorlax|Curse|p2a: Snorlax
|-boost|p2a: Snorlax|atk|1
|-boost|p2a: Snorlax|def|1
|-unboost|p2a: Snorlax|spe|1
|
|-heal|p2a: Snorlax|274\/509|[from] item: Leftovers
|turn|20
|c|âzoid's warhorse|it's not very hard to count how many times i've used it
|
|move|p1a: Aerodactyl|Stone Edge|p2a: Snorlax
|-damage|p2a: Snorlax|193\/509
|move|p2a: Snorlax|Rest|p2a: Snorlax
|-status|p2a: Snorlax|slp
|-heal|p2a: Snorlax|509\/509 slp|[silent]
|-status|p2a: Snorlax|slp|[from] move: Rest
|
|turn|21
|c|ânewfren|ik but
|c|ânewfren|I'm very lazy
|c|âzoid's warhorse|I have 2 left now
|c|ânewfren|ok thx
|c|âzoid's warhorse|2 crits here
|c|ânewfren|ez tbh
|
|move|p1a: Aerodactyl|Stone Edge|p2a: Snorlax|[miss]
|-miss|p1a: Aerodactyl|p2a: Snorlax
|cant|p2a: Snorlax|slp
|
|turn|22
|c|ânewfren|not ideal for you
|
|move|p1a: Aerodactyl|Stone Edge|p2a: Snorlax
|-crit|p2a: Snorlax
|-damage|p2a: Snorlax|208\/509 slp
|cant|p2a: Snorlax|slp
|
|-heal|p2a: Snorlax|239\/509 slp|[from] item: Leftovers
|turn|23
|c|ânewfren|there we go
|
|move|p1a: Aerodactyl|Aerial Ace|p2a: Snorlax
|-damage|p2a: Snorlax|175\/509 slp
|-curestatus|p2a: Snorlax|slp
|move|p2a: Snorlax|Rest|p2a: Snorlax
|-status|p2a: Snorlax|slp
|-heal|p2a: Snorlax|509\/509 slp|[silent]
|-status|p2a: Snorlax|slp|[from] move: Rest
|
|turn|24
|
|move|p1a: Aerodactyl|Aerial Ace|p2a: Snorlax
|-damage|p2a: Snorlax|436\/509 slp
|cant|p2a: Snorlax|slp
|
|-heal|p2a: Snorlax|467\/509 slp|[from] item: Leftovers
|turn|25
|
|move|p1a: Aerodactyl|Aerial Ace|p2a: Snorlax
|-damage|p2a: Snorlax|394\/509 slp
|cant|p2a: Snorlax|slp
|
|-heal|p2a: Snorlax|425\/509 slp|[from] item: Leftovers
|turn|26
|
|move|p1a: Aerodactyl|Aerial Ace|p2a: Snorlax
|-damage|p2a: Snorlax|358\/509 slp
|-curestatus|p2a: Snorlax|slp
|move|p2a: Snorlax|Curse|p2a: Snorlax
|-boost|p2a: Snorlax|atk|1
|-boost|p2a: Snorlax|def|1
|-unboost|p2a: Snorlax|spe|1
|
|-heal|p2a: Snorlax|389\/509|[from] item: Leftovers
|turn|27
|c|ânewfren|curselax is good
|
|move|p1a: Aerodactyl|Aerial Ace|p2a: Snorlax
|-damage|p2a: Snorlax|335\/509
|move|p2a: Snorlax|Curse|p2a: Snorlax
|-boost|p2a: Snorlax|atk|1
|-boost|p2a: Snorlax|def|1
|-unboost|p2a: Snorlax|spe|1
|
|-heal|p2a: Snorlax|366\/509|[from] item: Leftovers
|turn|28
|c|âzoid's warhorse|yup
|
|move|p1a: Aerodactyl|Aerial Ace|p2a: Snorlax
|-damage|p2a: Snorlax|318\/509
|move|p2a: Snorlax|Body Slam|p1a: Aerodactyl
|-resisted|p1a: Aerodactyl
|-damage|p1a: Aerodactyl|0 fnt
|faint|p1a: Aerodactyl
|
|-heal|p2a: Snorlax|349\/509|[from] item: Leftovers
|c|ânewfren|do you have roost
|c|ânewfren|*did
|c|âzoid's warhorse|no
|
|switch|p1a: Magneton|Magneton|303\/303
|-damage|p1a: Magneton|285\/303|[from] Stealth Rock
|turn|29
|c|ânewfren|o
|c|ânewfren|I like roost aero but
|c|ânewfren|it probs doesn't fit your team
|c|ânewfren|your team is rad btw
|
|move|p1a: Magneton|Thunderbolt|p2a: Snorlax
|-damage|p2a: Snorlax|225\/509
|move|p2a: Snorlax|Earthquake|p1a: Magneton
|-supereffective|p1a: Magneton
|-damage|p1a: Magneton|0 fnt
|faint|p1a: Magneton
|
|win|newfren
|raw|Ladder updating...
|raw|zoid&apos;s warhorse's rating: 1354 &rarr; <strong>1326<\/strong><br \/>(-28 for losing)
|raw|newfren's rating: 1210 &rarr; <strong>1245<\/strong><br \/>(+35 for winning)
|c|âzoid's warhorse|thanks
|leave|newfren
|player|p2