|join|lapraz
|join|zoid's warhorse
|player|p1|lapraz|157
|player|p2|zoid's warhorse|188
|gametype|singles
|gen|6
|tier|UU
|rated
|rule|Sleep Clause Mod: Limit one foe put to sleep
|rule|Species Clause: Limit one of each PokÃ©mon
|rule|OHKO Clause: OHKO moves are banned
|rule|Moody Clause: Moody is banned
|rule|Evasion Moves Clause: Evasion moves are banned
|rule|Endless Battle Clause: Forcing endless battles is banned
|rule|HP Percentage Mod: HP is shown in percentages
|clearpoke
|poke|p1|Blissey, F
|poke|p1|Steelix, M
|poke|p1|Tentacruel, F
|poke|p1|Goodra, M
|poke|p1|Jellicent, F
|poke|p1|Chesnaught, M
|poke|p2|Aerodactyl, F
|poke|p2|Azelf
|poke|p2|Dragalge, F
|poke|p2|Lucario, M
|poke|p2|Magneton
|poke|p2|Serperior, F
|rule|Swagger Clause: Swagger is banned
|rule|Baton Pass Clause: Limit one PokÃ©mon knowing Baton Pass
|teampreview
|
|start
|switch|p1a: Jellicent|Jellicent, F|404\/404
|switch|p2a: Azelf|Azelf|291\/291
|turn|1
|
|move|p2a: Azelf|Knock Off|p1a: Jellicent
|-supereffective|p1a: Jellicent
|-damage|p1a: Jellicent|194\/404
|-enditem|p1a: Jellicent|Leftovers|[from] move: Knock Off|[of] p2a: Azelf
|move|p1a: Jellicent|Scald|p2a: Azelf
|-damage|p2a: Azelf|189\/291
|
|turn|2
|
|move|p2a: Azelf|Stealth Rock|p1a: Jellicent
|-sidestart|p1: lapraz|move: Stealth Rock
|move|p1a: Jellicent|Recover|p1a: Jellicent
|-heal|p1a: Jellicent|396\/404
|
|turn|3
|
|move|p2a: Azelf|Knock Off|p1a: Jellicent
|-supereffective|p1a: Jellicent
|-damage|p1a: Jellicent|254\/404
|move|p1a: Jellicent|Will-O-Wisp|p2a: Azelf
|-status|p2a: Azelf|brn
|
|-damage|p2a: Azelf|153\/291 brn|[from] brn
|turn|4
|
|move|p2a: Azelf|Taunt|p1a: Jellicent
|-start|p1a: Jellicent|move: Taunt
|cant|p1a: Jellicent|move: Taunt|Recover
|
|-damage|p2a: Azelf|117\/291 brn|[from] brn
|turn|5
|
|switch|p2a: Serperior|Serperior, F|303\/303
|switch|p1a: Steelix|Steelix, M|354\/354
|-damage|p1a: Steelix|343\/354|[from] Stealth Rock
|
|turn|6
|
|switch|p1a: Goodra|Goodra, M|384\/384
|-damage|p1a: Goodra|336\/384|[from] Stealth Rock
|move|p2a: Serperior|Leaf Storm|p1a: Goodra
|-boost|p1a: Goodra|atk|1|[from] ability: Sap Sipper
|
|-heal|p1a: Goodra|360\/384|[from] item: Leftovers
|turn|7
|
|switch|p2a: Azelf|Azelf|117\/291 brn
|move|p1a: Goodra|Dragon Tail|p2a: Azelf
|-damage|p2a: Azelf|0 fnt
|faint|p2a: Azelf
|
|-heal|p1a: Goodra|384\/384|[from] item: Leftovers
|
|switch|p2a: Lucario|Lucario, M|279\/279
|turn|8
|
|move|p2a: Lucario|Close Combat|p1a: Goodra
|-damage|p1a: Goodra|153\/384
|-unboost|p2a: Lucario|def|1
|-unboost|p2a: Lucario|spd|1
|-damage|p2a: Lucario|252\/279|[from] item: Life Orb
|move|p1a: Goodra|Earthquake|p2a: Lucario
|-supereffective|p2a: Lucario
|-damage|p2a: Lucario|0 fnt
|faint|p2a: Lucario
|
|-heal|p1a: Goodra|177\/384|[from] item: Leftovers
|
|switch|p2a: Dragalge|Dragalge, F|283\/283
|turn|9
|
|switch|p1a: Blissey|Blissey, F|657\/657
|-damage|p1a: Blissey|575\/657|[from] Stealth Rock
|move|p2a: Dragalge|Draco Meteor|p1a: Blissey
|-damage|p1a: Blissey|307\/657
|-unboost|p2a: Dragalge|spa|2
|
|-heal|p1a: Blissey|348\/657|[from] item: Leftovers
|turn|10
|
|switch|p2a: Aerodactyl|Aerodactyl, F|302\/302
|-ability|p2a: Aerodactyl|Unnerve|p1: lapraz
|move|p1a: Blissey|Wish|p1a: Blissey
|
|-heal|p1a: Blissey|389\/657|[from] item: Leftovers
|turn|11
|
|switch|p1a: Steelix|Steelix, M|343\/354
|-damage|p1a: Steelix|332\/354|[from] Stealth Rock
|detailschange|p2a: Aerodactyl|Aerodactyl-Mega, F
|-mega|p2a: Aerodactyl|Aerodactyl|Aerodactylite
|move|p2a: Aerodactyl|Stone Edge|p1a: Steelix
|-resisted|p1a: Steelix
|-damage|p1a: Steelix|308\/354
|
|-heal|p1a: Steelix|354\/354|[from] move: Wish|[wisher] Blissey
|turn|12
|
|detailschange|p1a: Steelix|Steelix-Mega, M
|-mega|p1a: Steelix|Steelix|Steelixite
|move|p2a: Aerodactyl|Aqua Tail|p1a: Steelix
|-supereffective|p1a: Steelix
|-damage|p1a: Steelix|210\/354
|move|p1a: Steelix|Stealth Rock|p2a: Aerodactyl
|-sidestart|p2: zoid's warhorse|move: Stealth Rock
|
|turn|13
|
|move|p2a: Aerodactyl|Stone Edge|p1a: Steelix
|-crit|p1a: Steelix
|-resisted|p1a: Steelix
|-damage|p1a: Steelix|176\/354
|move|p1a: Steelix|Roar|p2a: Aerodactyl
|drag|p2a: Serperior|Serperior, F|303\/303
|-damage|p2a: Serperior|266\/303|[from] Stealth Rock
|
|turn|14
|
|move|p2a: Serperior|Leaf Storm|p1a: Steelix
|-damage|p1a: Steelix|67\/354
|-boost|p2a: Serperior|spa|2
|move|p1a: Steelix|Roar|p2a: Serperior
|drag|p2a: Aerodactyl|Aerodactyl-Mega, F|302\/302
|-damage|p2a: Aerodactyl|227\/302|[from] Stealth Rock
|
|turn|15
|
|switch|p1a: Jellicent|Jellicent, F|254\/404
|-damage|p1a: Jellicent|204\/404|[from] Stealth Rock
|move|p2a: Aerodactyl|Aqua Tail|p1a: Jellicent
|-heal|p1a: Jellicent|305\/404|[from] ability: Water Absorb|[of] p2a: Aerodactyl
|
|turn|16
|
|switch|p2a: Magneton|Magneton|303\/303
|-damage|p2a: Magneton|285\/303|[from] Stealth Rock
|move|p1a: Jellicent|Will-O-Wisp|p2a: Magneton|[miss]
|-miss|p1a: Jellicent|p2a: Magneton
|
|turn|17
|
|switch|p1a: Steelix|Steelix-Mega, M|67\/354
|-damage|p1a: Steelix|56\/354|[from] Stealth Rock
|move|p2a: Magneton|Volt Switch|p1a: Steelix
|-immune|p1a: Steelix|[msg]
|
|turn|18
|
|move|p2a: Magneton|Hidden Power|p1a: Steelix
|-damage|p1a: Steelix|5\/354
|move|p1a: Steelix|Rest|p1a: Steelix
|-status|p1a: Steelix|slp
|-heal|p1a: Steelix|354\/354 slp|[silent]
|-status|p1a: Steelix|slp|[from] move: Rest
|
|turn|19
|
|move|p2a: Magneton|Hidden Power|p1a: Steelix
|-damage|p1a: Steelix|298\/354 slp
|cant|p1a: Steelix|slp
|
|turn|20
|
|switch|p2a: Aerodactyl|Aerodactyl-Mega, F|227\/302
|-damage|p2a: Aerodactyl|152\/302|[from] Stealth Rock
|cant|p1a: Steelix|slp
|
|turn|21
|
|switch|p1a: Chesnaught|Chesnaught, M|380\/380
|-damage|p1a: Chesnaught|357\/380|[from] Stealth Rock
|move|p2a: Aerodactyl|Stone Edge|p1a: Chesnaught
|-resisted|p1a: Chesnaught
|-damage|p1a: Chesnaught|300\/380
|
|-heal|p1a: Chesnaught|323\/380|[from] item: Leftovers
|turn|22
|
|move|p1a: Chesnaught|Spiky Shield|p1a: Chesnaught
|-singleturn|p1a: Chesnaught|move: Protect
|move|p2a: Aerodactyl|Aerial Ace|p1a: Chesnaught
|-activate|p1a: Chesnaught|move: Protect
|-damage|p2a: Aerodactyl|115\/302|[from] Spiky Shield|[of] p1a: Chesnaught
|
|-heal|p1a: Chesnaught|346\/380|[from] item: Leftovers
|turn|23
|
|switch|p1a: Steelix|Steelix-Mega, M|298\/354 slp
|-damage|p1a: Steelix|287\/354 slp|[from] Stealth Rock
|move|p2a: Aerodactyl|Aerial Ace|p1a: Steelix
|-resisted|p1a: Steelix
|-damage|p1a: Steelix|251\/354 slp
|
|turn|24
|
|move|p2a: Aerodactyl|Aqua Tail|p1a: Steelix
|-supereffective|p1a: Steelix
|-damage|p1a: Steelix|111\/354 slp
|-curestatus|p1a: Steelix|slp
|move|p1a: Steelix|Roar|p2a: Aerodactyl
|drag|p2a: Dragalge|Dragalge, F|283\/283
|-damage|p2a: Dragalge|248\/283|[from] Stealth Rock
|
|turn|25
|
|switch|p1a: Blissey|Blissey, F|389\/657
|-damage|p1a: Blissey|307\/657|[from] Stealth Rock
|move|p2a: Dragalge|Draco Meteor|p1a: Blissey
|-damage|p1a: Blissey|41\/657
|-unboost|p2a: Dragalge|spa|2
|
|-heal|p1a: Blissey|82\/657|[from] item: Leftovers
|turn|26
|
|move|p1a: Blissey|Protect|p1a: Blissey
|-singleturn|p1a: Blissey|Protect
|move|p2a: Dragalge|Draco Meteor|p1a: Blissey
|-activate|p1a: Blissey|Protect
|
|-heal|p1a: Blissey|123\/657|[from] item: Leftovers
|turn|27
|
|move|p1a: Blissey|Wish|p1a: Blissey
|move|p2a: Dragalge|Draco Meteor|p1a: Blissey
|-damage|p1a: Blissey|0 fnt
|-unboost|p2a: Dragalge|spa|2
|faint|p1a: Blissey
|
|
|switch|p1a: Tentacruel|Tentacruel, F|364\/364
|-damage|p1a: Tentacruel|319\/364|[from] Stealth Rock
|turn|28
|
|switch|p2a: Magneton|Magneton|285\/303
|-damage|p2a: Magneton|267\/303|[from] Stealth Rock
|move|p1a: Tentacruel|Rapid Spin|p2a: Magneton
|-resisted|p2a: Magneton
|-damage|p2a: Magneton|264\/303
|-sideend|p1: lapraz|Stealth Rock|[from] move: Rapid Spin|[of] p1a: Tentacruel
|
|-heal|p1a: Tentacruel|364\/364|[from] move: Wish|[wisher] Blissey
|turn|29
|
|switch|p1a: Steelix|Steelix-Mega, M|111\/354
|move|p2a: Magneton|Volt Switch|p1a: Steelix
|-immune|p1a: Steelix|[msg]
|
|turn|30
|
|switch|p2a: Serperior|Serperior, F|266\/303
|-damage|p2a: Serperior|229\/303|[from] Stealth Rock
|move|p1a: Steelix|Rest|p1a: Steelix
|-status|p1a: Steelix|slp
|-heal|p1a: Steelix|354\/354 slp|[silent]
|-status|p1a: Steelix|slp|[from] move: Rest
|
|turn|31
|
|switch|p1a: Tentacruel|Tentacruel, F|364\/364
|move|p2a: Serperior|Dragon Pulse|p1a: Tentacruel
|-damage|p1a: Tentacruel|315\/364
|
|-heal|p1a: Tentacruel|337\/364|[from] item: Black Sludge
|turn|32
|
|switch|p2a: Magneton|Magneton|264\/303
|-damage|p2a: Magneton|246\/303|[from] Stealth Rock
|move|p1a: Tentacruel|Toxic|p2a: Magneton
|-fail|p2a: Magneton
|
|-heal|p1a: Tentacruel|359\/364|[from] item: Black Sludge
|turn|33
|
|switch|p1a: Steelix|Steelix-Mega, M|354\/354 slp
|switch|p2a: Dragalge|Dragalge, F|248\/283
|-damage|p2a: Dragalge|213\/283|[from] Stealth Rock
|
|turn|34
|
|move|p2a: Dragalge|Focus Blast|p1a: Steelix
|-supereffective|p1a: Steelix
|-damage|p1a: Steelix|100\/354 slp
|cant|p1a: Steelix|slp
|
|turn|35
|
|switch|p2a: Magneton|Magneton|246\/303
|-damage|p2a: Magneton|228\/303|[from] Stealth Rock
|switch|p1a: Chesnaught|Chesnaught, M|346\/380
|
|-heal|p1a: Chesnaught|369\/380|[from] item: Leftovers
|turn|36
|
|move|p2a: Magneton|Volt Switch|p1a: Chesnaught
|-resisted|p1a: Chesnaught
|-damage|p1a: Chesnaught|285\/380
|
|switch|p2a: Dragalge|Dragalge, F|213\/283
|-damage|p2a: Dragalge|178\/283|[from] Stealth Rock
|move|p1a: Chesnaught|Spikes|p2a: Dragalge
|-sidestart|p2: zoid's warhorse|Spikes
|
|-heal|p1a: Chesnaught|308\/380|[from] item: Leftovers
|turn|37
|
|move|p1a: Chesnaught|Spiky Shield|p1a: Chesnaught
|-singleturn|p1a: Chesnaught|move: Protect
|move|p2a: Dragalge|Draco Meteor|p1a: Chesnaught
|-activate|p1a: Chesnaught|move: Protect
|
|-heal|p1a: Chesnaught|331\/380|[from] item: Leftovers
|turn|38
|
|switch|p1a: Steelix|Steelix-Mega, M|100\/354 slp
|move|p2a: Dragalge|Draco Meteor|p1a: Steelix
|-crit|p1a: Steelix
|-resisted|p1a: Steelix
|-damage|p1a: Steelix|0 fnt
|-unboost|p2a: Dragalge|spa|2
|faint|p1a: Steelix
|
|
|switch|p1a: Goodra|Goodra, M|177\/384
|turn|39
|
|move|p1a: Goodra|Earthquake|p2a: Dragalge
|-supereffective|p2a: Dragalge
|-damage|p2a: Dragalge|20\/283
|move|p2a: Dragalge|Draco Meteor|p1a: Goodra
|-supereffective|p1a: Goodra
|-damage|p1a: Goodra|0 fnt
|-unboost|p2a: Dragalge|spa|2
|faint|p1a: Goodra
|
|
|switch|p1a: Tentacruel|Tentacruel, F|359\/364
|turn|40
|
|move|p1a: Tentacruel|Knock Off|p2a: Dragalge
|-damage|p2a: Dragalge|0 fnt
|-enditem|p2a: Dragalge|Choice Specs|[from] move: Knock Off|[of] p1a: Tentacruel
|faint|p2a: Dragalge
|
|-heal|p1a: Tentacruel|364\/364|[from] item: Black Sludge
|
|switch|p2a: Magneton|Magneton|228\/303
|-damage|p2a: Magneton|191\/303|[from] Spikes
|-damage|p2a: Magneton|173\/303|[from] Stealth Rock
|turn|41
|
|switch|p1a: Chesnaught|Chesnaught, M|331\/380
|move|p2a: Magneton|Volt Switch|p1a: Chesnaught
|-resisted|p1a: Chesnaught
|-damage|p1a: Chesnaught|255\/380
|
|switch|p2a: Aerodactyl|Aerodactyl-Mega, F|115\/302
|-damage|p2a: Aerodactyl|40\/302|[from] Stealth Rock
|
|-heal|p1a: Chesnaught|278\/380|[from] item: Leftovers
|turn|42
|
|switch|p1a: Jellicent|Jellicent, F|305\/404
|move|p2a: Aerodactyl|Aerial Ace|p1a: Jellicent
|-damage|p1a: Jellicent|155\/404
|
|turn|43
|
|move|p2a: Aerodactyl|Stone Edge|p1a: Jellicent|[miss]
|-miss|p2a: Aerodactyl|p1a: Jellicent
|move|p1a: Jellicent|Scald|p2a: Aerodactyl
|-supereffective|p2a: Aerodactyl
|-damage|p2a: Aerodactyl|0 fnt
|faint|p2a: Aerodactyl
|
|
|switch|p2a: Serperior|Serperior, F|229\/303
|-damage|p2a: Serperior|192\/303|[from] Stealth Rock
|-damage|p2a: Serperior|155\/303|[from] Spikes
|turn|44
|
|move|p2a: Serperior|Leaf Storm|p1a: Jellicent
|-supereffective|p1a: Jellicent
|-damage|p1a: Jellicent|0 fnt
|-boost|p2a: Serperior|spa|2
|faint|p1a: Jellicent
|
|
|switch|p1a: Tentacruel|Tentacruel, F|364\/364
|turn|45
|
|move|p2a: Serperior|Leaf Storm|p1a: Tentacruel
|-damage|p1a: Tentacruel|115\/364
|-boost|p2a: Serperior|spa|2
|move|p1a: Tentacruel|Toxic|p2a: Serperior
|-status|p2a: Serperior|tox
|-enditem|p2a: Serperior|Lum Berry|[eat]
|-curestatus|p2a: Serperior|tox
|
|-heal|p1a: Tentacruel|137\/364|[from] item: Black Sludge
|turn|46
|
|move|p2a: Serperior|Leaf Storm|p1a: Tentacruel
|-damage|p1a: Tentacruel|0 fnt
|-boost|p2a: Serperior|spa|2
|faint|p1a: Tentacruel
|
|
|switch|p1a: Chesnaught|Chesnaught, M|278\/380
|turn|47
|
|move|p1a: Chesnaught|Spiky Shield|p1a: Chesnaught
|-singleturn|p1a: Chesnaught|move: Protect
|move|p2a: Serperior|Hidden Power|p1a: Chesnaught
|-activate|p1a: Chesnaught|move: Protect
|
|-heal|p1a: Chesnaught|301\/380|[from] item: Leftovers
|turn|48
|
|move|p2a: Serperior|Hidden Power|p1a: Chesnaught
|-supereffective|p1a: Chesnaught
|-damage|p1a: Chesnaught|0 fnt
|faint|p1a: Chesnaught
|
|win|zoid's warhorse
|raw|Ladder updating...
|raw|lapraz's rating: 1746 &rarr; <strong>1715<\/strong><br \/>(-31 for losing)
|raw|zoid&apos;s warhorse's rating: 1518 &rarr; <strong>1550<\/strong><br \/>(+32 for winning)
|c|âzoid's warhorse|gg
|leave|lapraz
|player|p1