|join|zoid's warhorse
|join|CurryBlue93
|player|p1|zoid's warhorse|188
|player|p2|CurryBlue93|102
|gametype|singles
|gen|6
|tier|UU
|rated
|rule|Sleep Clause Mod: Limit one foe put to sleep
|rule|Species Clause: Limit one of each PokÃ©mon
|rule|OHKO Clause: OHKO moves are banned
|rule|Moody Clause: Moody is banned
|rule|Evasion Moves Clause: Evasion moves are banned
|rule|Endless Battle Clause: Forcing endless battles is banned
|rule|HP Percentage Mod: HP is shown in percentages
|clearpoke
|poke|p1|Aerodactyl, F
|poke|p1|Azelf
|poke|p1|Dragalge, F
|poke|p1|Lucario, M
|poke|p1|Magneton
|poke|p1|Serperior, M
|poke|p2|Forretress, F
|poke|p2|Galvantula, M
|poke|p2|Toxicroak, M
|poke|p2|Suicune
|poke|p2|Flygon, F
|poke|p2|Snorlax, F
|rule|Swagger Clause: Swagger is banned
|rule|Baton Pass Clause: Limit one PokÃ©mon knowing Baton Pass
|teampreview
|
|start
|switch|p1a: Azelf|Azelf|291\/291
|switch|p2a: Forretress|Forretress, F|354\/354
|turn|1
|
|move|p1a: Azelf|Knock Off|p2a: Forretress
|-damage|p2a: Forretress|287\/354
|-enditem|p2a: Forretress|Leftovers|[from] move: Knock Off|[of] p1a: Azelf
|move|p2a: Forretress|Stealth Rock|p1a: Azelf
|-sidestart|p1: zoid's warhorse|move: Stealth Rock
|
|turn|2
|
|move|p1a: Azelf|Stealth Rock|p2a: Forretress
|-sidestart|p2: CurryBlue93|move: Stealth Rock
|move|p2a: Forretress|Gyro Ball|p1a: Azelf
|-damage|p1a: Azelf|110\/291
|
|turn|3
|
|move|p1a: Azelf|Explosion|p2a: Forretress
|-resisted|p2a: Forretress
|-damage|p2a: Forretress|200\/354
|faint|p1a: Azelf
|move|p2a: Forretress|Rapid Spin|p1: Azelf|[notarget]
|-notarget
|
|
|switch|p1a: Lucario|Lucario, M|279\/279
|-damage|p1a: Lucario|271\/279|[from] Stealth Rock
|turn|4
|
|move|p1a: Lucario|Swords Dance|p1a: Lucario
|-boost|p1a: Lucario|atk|2
|move|p2a: Forretress|Rapid Spin|p1a: Lucario
|-resisted|p1a: Lucario
|-damage|p1a: Lucario|261\/279
|-sideend|p2: CurryBlue93|Stealth Rock|[from] move: Rapid Spin|[of] p2a: Forretress
|
|turn|5
|
|move|p1a: Lucario|Close Combat|p2a: Forretress
|-damage|p2a: Forretress|0 fnt
|-unboost|p1a: Lucario|def|1
|-unboost|p1a: Lucario|spd|1
|-damage|p1a: Lucario|234\/279|[from] item: Life Orb
|faint|p2a: Forretress
|
|
|switch|p2a: Flygon|Flygon, F|302\/302
|turn|6
|
|move|p1a: Lucario|Extreme Speed|p2a: Flygon
|-damage|p2a: Flygon|45\/302
|-damage|p1a: Lucario|207\/279|[from] item: Life Orb
|move|p2a: Flygon|Earthquake|p1a: Lucario
|-supereffective|p1a: Lucario
|-damage|p1a: Lucario|0 fnt
|faint|p1a: Lucario
|
|
|switch|p1a: Serperior|Serperior, M|303\/303
|-damage|p1a: Serperior|266\/303|[from] Stealth Rock
|turn|7
|
|switch|p2a: Galvantula|Galvantula, M|282\/282
|move|p1a: Serperior|Leaf Storm|p2a: Galvantula
|-resisted|p2a: Galvantula
|-damage|p2a: Galvantula|166\/282
|-boost|p1a: Serperior|spa|2
|
|turn|8
|
|move|p1a: Serperior|Leaf Storm|p2a: Galvantula
|-resisted|p2a: Galvantula
|-damage|p2a: Galvantula|0 fnt
|-boost|p1a: Serperior|spa|2
|faint|p2a: Galvantula
|
|
|switch|p2a: Flygon|Flygon, F|45\/302
|turn|9
|
|move|p2a: Flygon|Outrage|p1a: Serperior
|-damage|p1a: Serperior|94\/303
|move|p1a: Serperior|Dragon Pulse|p2a: Flygon
|-supereffective|p2a: Flygon
|-damage|p2a: Flygon|0 fnt
|faint|p2a: Flygon
|
|
|switch|p2a: Toxicroak|Toxicroak, M|367\/367
|turn|10
|
|move|p2a: Toxicroak|Sucker Punch|p1a: Serperior
|-fail|p1a: Serperior
|move|p1a: Serperior|Glare|p2a: Toxicroak
|-status|p2a: Toxicroak|par
|
|turn|11
|
|cant|p2a: Toxicroak|par
|move|p1a: Serperior|Hidden Power|p2a: Toxicroak
|-damage|p2a: Toxicroak|205\/367 par
|
|turn|12
|
|move|p2a: Toxicroak|Sucker Punch|p1a: Serperior
|-fail|p1a: Serperior
|move|p1a: Serperior|Glare|p2a: Toxicroak
|-fail|p2a: Toxicroak|par
|
|turn|13
|
|move|p2a: Toxicroak|Sucker Punch|p1a: Serperior
|-damage|p1a: Serperior|8\/303
|move|p1a: Serperior|Dragon Pulse|p2a: Toxicroak
|-damage|p2a: Toxicroak|34\/367 par
|
|turn|14
|
|cant|p2a: Toxicroak|par
|move|p1a: Serperior|Glare|p2a: Toxicroak
|-fail|p2a: Toxicroak|par
|
|turn|15
|
|move|p2a: Toxicroak|Sucker Punch|p1a: Serperior
|-fail|p1a: Serperior
|move|p1a: Serperior|Glare|p2a: Toxicroak
|-fail|p2a: Toxicroak|par
|
|turn|16
|
|move|p2a: Toxicroak|Sucker Punch|p1a: Serperior
|-fail|p1a: Serperior
|move|p1a: Serperior|Glare|p2a: Toxicroak
|-fail|p2a: Toxicroak|par
|
|turn|17
|
|cant|p2a: Toxicroak|par
|move|p1a: Serperior|Glare|p2a: Toxicroak
|-fail|p2a: Toxicroak|par
|
|turn|18
|
|move|p1a: Serperior|Dragon Pulse|p2a: Toxicroak
|-damage|p2a: Toxicroak|0 fnt
|faint|p2a: Toxicroak
|
|
|switch|p2a: Snorlax|Snorlax, F|497\/497
|turn|19
|
|move|p1a: Serperior|Leaf Storm|p2a: Snorlax
|-damage|p2a: Snorlax|215\/497
|-boost|p1a: Serperior|spa|2
|move|p2a: Snorlax|Crunch|p1a: Serperior
|-damage|p1a: Serperior|0 fnt
|faint|p1a: Serperior
|
|-heal|p2a: Snorlax|246\/497|[from] item: Leftovers
|
|switch|p1a: Dragalge|Dragalge, F|283\/283
|-damage|p1a: Dragalge|248\/283|[from] Stealth Rock
|turn|20
|
|move|p1a: Dragalge|Focus Blast|p2a: Snorlax|[miss]
|-miss|p1a: Dragalge|p2a: Snorlax
|move|p2a: Snorlax|Curse|p2a: Snorlax
|-boost|p2a: Snorlax|atk|1
|-boost|p2a: Snorlax|def|1
|-unboost|p2a: Snorlax|spe|1
|
|-heal|p2a: Snorlax|277\/497|[from] item: Leftovers
|turn|21
|
|move|p1a: Dragalge|Focus Blast|p2a: Snorlax
|-supereffective|p2a: Snorlax
|-damage|p2a: Snorlax|7\/497
|move|p2a: Snorlax|Body Slam|p1a: Dragalge
|-damage|p1a: Dragalge|85\/283
|-status|p1a: Dragalge|par
|
|-heal|p2a: Snorlax|38\/497|[from] item: Leftovers
|turn|22
|
|move|p2a: Snorlax|Body Slam|p1a: Dragalge
|-damage|p1a: Dragalge|0 fnt
|faint|p1a: Dragalge
|
|-heal|p2a: Snorlax|69\/497|[from] item: Leftovers
|
|switch|p1a: Aerodactyl|Aerodactyl, F|302\/302
|-damage|p1a: Aerodactyl|227\/302|[from] Stealth Rock
|-ability|p1a: Aerodactyl|Unnerve|p2: CurryBlue93
|turn|23
|
|detailschange|p1a: Aerodactyl|Aerodactyl-Mega, F
|-mega|p1a: Aerodactyl|Aerodactyl|Aerodactylite
|move|p1a: Aerodactyl|Aerial Ace|p2a: Snorlax
|-crit|p2a: Snorlax
|-damage|p2a: Snorlax|0 fnt
|faint|p2a: Snorlax
|
|
|switch|p2a: Suicune|Suicune|404\/404
|-ability|p2a: Suicune|Pressure
|turn|24
|
|switch|p1a: Magneton|Magneton|303\/303
|-damage|p1a: Magneton|285\/303|[from] Stealth Rock
|move|p2a: Suicune|Calm Mind|p2a: Suicune
|-boost|p2a: Suicune|spa|1
|-boost|p2a: Suicune|spd|1
|
|turn|25
|
|move|p2a: Suicune|Calm Mind|p2a: Suicune
|-boost|p2a: Suicune|spa|1
|-boost|p2a: Suicune|spd|1
|move|p1a: Magneton|Thunderbolt|p2a: Suicune
|-supereffective|p2a: Suicune
|-damage|p2a: Suicune|258\/404
|
|-heal|p2a: Suicune|283\/404|[from] item: Leftovers
|turn|26
|c|âzoid's warhorse|CRITS
|
|move|p2a: Suicune|Calm Mind|p2a: Suicune
|-boost|p2a: Suicune|spa|1
|-boost|p2a: Suicune|spd|1
|move|p1a: Magneton|Thunderbolt|p2a: Suicune
|-supereffective|p2a: Suicune
|-damage|p2a: Suicune|173\/404
|
|-heal|p2a: Suicune|198\/404|[from] item: Leftovers
|turn|27
|
|move|p2a: Suicune|Rest|p2a: Suicune
|-status|p2a: Suicune|slp
|-heal|p2a: Suicune|404\/404 slp|[silent]
|-status|p2a: Suicune|slp|[from] move: Rest
|move|p1a: Magneton|Thunderbolt|p2a: Suicune
|-supereffective|p2a: Suicune
|-damage|p2a: Suicune|282\/404 slp
|
|-heal|p2a: Suicune|307\/404 slp|[from] item: Leftovers
|turn|28
|c|âCurryBlue93|smh
|
|cant|p2a: Suicune|slp
|move|p2a: Suicune|Sleep Talk|p2a: Suicune
|move|p2a: Suicune|Rest|p2a: Suicune|[from]Sleep Talk
|-fail|p2a: Suicune
|move|p1a: Magneton|Thunderbolt|p2a: Suicune
|-supereffective|p2a: Suicune
|-damage|p2a: Suicune|193\/404 slp
|
|-heal|p2a: Suicune|218\/404 slp|[from] item: Leftovers
|turn|29
|
|cant|p2a: Suicune|slp
|move|p2a: Suicune|Sleep Talk|p2a: Suicune
|move|p2a: Suicune|Scald|p1a: Magneton|[from]Sleep Talk
|-damage|p1a: Magneton|86\/303
|-status|p1a: Magneton|brn
|move|p1a: Magneton|Thunderbolt|p2a: Suicune
|-supereffective|p2a: Suicune
|-damage|p2a: Suicune|98\/404 slp
|
|-heal|p2a: Suicune|123\/404 slp|[from] item: Leftovers
|-damage|p1a: Magneton|49\/303 brn|[from] brn
|turn|30
|
|-curestatus|p2a: Suicune|slp
|move|p2a: Suicune|Rest|p2a: Suicune
|-status|p2a: Suicune|slp
|-heal|p2a: Suicune|404\/404 slp|[silent]
|-status|p2a: Suicune|slp|[from] move: Rest
|move|p1a: Magneton|Thunderbolt|p2a: Suicune
|-supereffective|p2a: Suicune
|-damage|p2a: Suicune|284\/404 slp
|
|-heal|p2a: Suicune|309\/404 slp|[from] item: Leftovers
|-damage|p1a: Magneton|12\/303 brn|[from] brn
|turn|31
|c|âzoid's warhorse|CRIT NOW
|
|cant|p2a: Suicune|slp
|move|p2a: Suicune|Sleep Talk|p2a: Suicune
|move|p2a: Suicune|Scald|p1a: Magneton|[from]Sleep Talk
|-damage|p1a: Magneton|0 fnt
|faint|p1a: Magneton
|
|-heal|p2a: Suicune|334\/404 slp|[from] item: Leftovers
|
|switch|p1a: Aerodactyl|Aerodactyl-Mega, F|227\/302
|-damage|p1a: Aerodactyl|152\/302|[from] Stealth Rock
|turn|32
|
|move|p1a: Aerodactyl|Stone Edge|p2a: Suicune|[miss]
|-miss|p1a: Aerodactyl|p2a: Suicune
|cant|p2a: Suicune|slp
|move|p2a: Suicune|Sleep Talk|p2a: Suicune
|move|p2a: Suicune|Scald|p1a: Aerodactyl|[from]Sleep Talk
|-supereffective|p1a: Aerodactyl
|-damage|p1a: Aerodactyl|0 fnt
|faint|p1a: Aerodactyl
|
|win|CurryBlue93
|raw|Ladder updating...
|raw|zoid&apos;s warhorse's rating: 1462 &rarr; <strong>1439<\/strong><br \/>(-23 for losing)
|raw|CurryBlue93's rating: 1401 &rarr; <strong>1424<\/strong><br \/>(+23 for winning)
|c|âzoid's warhorse|gg