|join|Mega Pidgeotto
|join|zoid's warhorse
|player|p1|Mega Pidgeotto|171
|player|p2|zoid's warhorse|188
|gametype|singles
|gen|6
|tier|UU
|rated
|rule|Sleep Clause Mod: Limit one foe put to sleep
|rule|Species Clause: Limit one of each PokÃ©mon
|rule|OHKO Clause: OHKO moves are banned
|rule|Moody Clause: Moody is banned
|rule|Evasion Moves Clause: Evasion moves are banned
|rule|Endless Battle Clause: Forcing endless battles is banned
|rule|HP Percentage Mod: HP is shown in percentages
|clearpoke
|poke|p1|Jirachi
|poke|p1|Mienshao, M
|poke|p1|Snorlax, F
|poke|p1|Cresselia, F
|poke|p1|Ampharos, M
|poke|p1|Krookodile, M
|poke|p2|Aerodactyl, F
|poke|p2|Azelf
|poke|p2|Dragalge, M
|poke|p2|Lucario, F
|poke|p2|Magneton
|poke|p2|Serperior, F
|rule|Swagger Clause: Swagger is banned
|rule|Baton Pass Clause: Limit one PokÃ©mon knowing Baton Pass
|teampreview
|
|start
|switch|p1a: Ampharos|Ampharos, M|369\/369
|switch|p2a: Azelf|Azelf|291\/291
|turn|1
|join|Kashif8910
|
|detailschange|p1a: Ampharos|Ampharos-Mega, M
|-mega|p1a: Ampharos|Ampharos|Ampharosite
|-ability|p1a: Ampharos|Mold Breaker
|move|p2a: Azelf|Stealth Rock|p1a: Ampharos
|-sidestart|p1: Mega Pidgeotto|move: Stealth Rock
|move|p1a: Ampharos|Volt Switch|p2a: Azelf
|-damage|p2a: Azelf|81\/291
|
|switch|p1a: Mienshao|Mienshao, M|271\/271
|-damage|p1a: Mienshao|255\/271|[from] Stealth Rock
|
|turn|2
|
|move|p1a: Mienshao|U-turn|p2a: Azelf
|-supereffective|p2a: Azelf
|-damage|p2a: Azelf|0 fnt
|faint|p2a: Azelf
|
|switch|p1a: Ampharos|Ampharos-Mega, M|369\/369
|-damage|p1a: Ampharos|323\/369|[from] Stealth Rock
|-ability|p1a: Ampharos|Mold Breaker
|
|
|switch|p2a: Dragalge|Dragalge, M|283\/283
|turn|3
|
|move|p1a: Ampharos|Dragon Pulse|p2a: Dragalge
|-supereffective|p2a: Dragalge
|-damage|p2a: Dragalge|0 fnt
|faint|p2a: Dragalge
|
|join|Scootamoon
|
|switch|p2a: Magneton|Magneton|303\/303
|turn|4
|
|move|p2a: Magneton|Flash Cannon|p1a: Ampharos
|-resisted|p1a: Ampharos
|-damage|p1a: Ampharos|255\/369
|move|p1a: Ampharos|Volt Switch|p2a: Magneton
|-resisted|p2a: Magneton
|-damage|p2a: Magneton|231\/303
|
|switch|p1a: Krookodile|Krookodile, M|331\/331
|-damage|p1a: Krookodile|311\/331|[from] Stealth Rock
|-ability|p1a: Krookodile|Intimidate|[of] p2a: Magneton
|-unboost|p2a: Magneton|atk|1
|
|turn|5
|
|move|p1a: Krookodile|Knock Off|p2a: Magneton
|-damage|p2a: Magneton|92\/303
|-enditem|p2a: Magneton|Eviolite|[from] move: Knock Off|[of] p1a: Krookodile
|move|p2a: Magneton|Flash Cannon|p1a: Krookodile
|-damage|p1a: Krookodile|130\/331
|
|turn|6
|
|move|p1a: Krookodile|Knock Off|p2a: Magneton
|-damage|p2a: Magneton|0 fnt
|faint|p2a: Magneton
|
|
|switch|p2a: Serperior|Serperior, F|303\/303
|turn|7
|
|switch|p1a: Jirachi|Jirachi|404\/404
|-damage|p1a: Jirachi|379\/404|[from] Stealth Rock
|move|p2a: Serperior|Leaf Storm|p1a: Jirachi
|-resisted|p1a: Jirachi
|-damage|p1a: Jirachi|311\/404
|-boost|p2a: Serperior|spa|2
|
|-heal|p1a: Jirachi|336\/404|[from] item: Leftovers
|turn|8
|
|move|p2a: Serperior|Leaf Storm|p1a: Jirachi
|-resisted|p1a: Jirachi
|-damage|p1a: Jirachi|197\/404
|-boost|p2a: Serperior|spa|2
|move|p1a: Jirachi|Toxic|p2a: Serperior|[miss]
|-miss|p1a: Jirachi|p2a: Serperior
|
|-heal|p1a: Jirachi|222\/404|[from] item: Leftovers
|turn|9
|
|move|p2a: Serperior|Hidden Power|p1a: Jirachi
|-supereffective|p1a: Jirachi
|-damage|p1a: Jirachi|0 fnt
|faint|p1a: Jirachi
|
|
|switch|p1a: Mienshao|Mienshao, M|255\/271
|-damage|p1a: Mienshao|239\/271|[from] Stealth Rock
|turn|10
|
|move|p1a: Mienshao|U-turn|p2a: Serperior
|-supereffective|p2a: Serperior
|-damage|p2a: Serperior|161\/303
|
|switch|p1a: Snorlax|Snorlax, F|513\/513
|-damage|p1a: Snorlax|449\/513|[from] Stealth Rock
|move|p2a: Serperior|Leaf Storm|p1a: Snorlax
|-damage|p1a: Snorlax|121\/513
|-boost|p2a: Serperior|spa|2
|
|-heal|p1a: Snorlax|153\/513|[from] item: Leftovers
|turn|11
|
|move|p2a: Serperior|Leaf Storm|p1a: Snorlax|[miss]
|-miss|p2a: Serperior|p1a: Snorlax
|move|p1a: Snorlax|Body Slam|p2a: Serperior
|-damage|p2a: Serperior|53\/303
|
|-heal|p1a: Snorlax|185\/513|[from] item: Leftovers
|turn|12
|
|move|p2a: Serperior|Leaf Storm|p1a: Snorlax
|-damage|p1a: Snorlax|0 fnt
|faint|p1a: Snorlax
|
|
|switch|p1a: Mienshao|Mienshao, M|239\/271
|-damage|p1a: Mienshao|223\/271|[from] Stealth Rock
|turn|13
|
|move|p1a: Mienshao|U-turn|p2a: Serperior
|-supereffective|p2a: Serperior
|-damage|p2a: Serperior|0 fnt
|faint|p2a: Serperior
|
|switch|p1a: Krookodile|Krookodile, M|130\/331
|-damage|p1a: Krookodile|110\/331|[from] Stealth Rock
|
|
|switch|p2a: Aerodactyl|Aerodactyl, F|302\/302
|-ability|p2a: Aerodactyl|Unnerve|p1: Mega Pidgeotto
|turn|14
|
|detailschange|p2a: Aerodactyl|Aerodactyl-Mega, F
|-mega|p2a: Aerodactyl|Aerodactyl|Aerodactylite
|move|p2a: Aerodactyl|Aqua Tail|p1a: Krookodile
|-supereffective|p1a: Krookodile
|-damage|p1a: Krookodile|0 fnt
|faint|p1a: Krookodile
|
|
|switch|p1a: Ampharos|Ampharos-Mega, M|255\/369
|-damage|p1a: Ampharos|209\/369|[from] Stealth Rock
|-ability|p1a: Ampharos|Mold Breaker
|turn|15
|
|move|p2a: Aerodactyl|Stone Edge|p1a: Ampharos|[miss]
|-miss|p2a: Aerodactyl|p1a: Ampharos
|move|p1a: Ampharos|Volt Switch|p2a: Aerodactyl
|-supereffective|p2a: Aerodactyl
|-damage|p2a: Aerodactyl|0 fnt
|faint|p2a: Aerodactyl
|
|switch|p1a: Mienshao|Mienshao, M|223\/271
|-damage|p1a: Mienshao|207\/271|[from] Stealth Rock
|
|
|switch|p2a: Lucario|Lucario, F|279\/279
|turn|16
|
|move|p1a: Mienshao|High Jump Kick|p2a: Lucario
|-supereffective|p2a: Lucario
|-damage|p2a: Lucario|0 fnt
|faint|p2a: Lucario
|
|win|Mega Pidgeotto
|raw|Ladder updating...
|raw|Mega Pidgeotto's rating: 1463 &rarr; <strong>1487<\/strong><br \/>(+24 for winning)
|raw|zoid&apos;s warhorse's rating: 1543 &rarr; <strong>1518<\/strong><br \/>(-25 for losing)
|c|âzoid's warhorse|gg
|c|âMega Pidgeotto|gg