|join|kiddmewtwo
|join|zoid's warhorse
|player|p1|kiddmewtwo|267
|player|p2|zoid's warhorse|188
|gametype|singles
|gen|6
|tier|UU
|rated
|rule|Sleep Clause Mod: Limit one foe put to sleep
|rule|Species Clause: Limit one of each PokÃ©mon
|rule|OHKO Clause: OHKO moves are banned
|rule|Moody Clause: Moody is banned
|rule|Evasion Moves Clause: Evasion moves are banned
|rule|Endless Battle Clause: Forcing endless battles is banned
|rule|HP Percentage Mod: HP is shown in percentages
|clearpoke
|poke|p1|Serperior, F, shiny
|poke|p1|Espeon, M
|poke|p1|Haxorus, F, shiny
|poke|p1|Cobalion
|poke|p1|Leavanny, F, shiny
|poke|p1|Alomomola, F
|poke|p2|Aerodactyl, M
|poke|p2|Azelf
|poke|p2|Dragalge, F
|poke|p2|Lucario, F
|poke|p2|Magneton
|poke|p2|Serperior, M
|rule|Swagger Clause: Swagger is banned
|rule|Baton Pass Clause: Limit one PokÃ©mon knowing Baton Pass
|teampreview
|
|start
|switch|p1a: Cobalion|Cobalion|323\/323
|switch|p2a: Azelf|Azelf|291\/291
|turn|1
|
|switch|p1a: Alomomola|Alomomola, F|534\/534
|move|p2a: Azelf|Taunt|p1a: Alomomola
|-start|p1a: Alomomola|move: Taunt
|
|turn|2
|
|move|p2a: Azelf|Knock Off|p1a: Alomomola
|-damage|p1a: Alomomola|434\/534
|-enditem|p1a: Alomomola|Leftovers|[from] move: Knock Off|[of] p2a: Azelf
|move|p1a: Alomomola|Knock Off|p2a: Azelf
|-supereffective|p2a: Azelf
|-damage|p2a: Azelf|121\/291
|-enditem|p2a: Azelf|Focus Sash|[from] move: Knock Off|[of] p1a: Alomomola
|
|turn|3
|
|switch|p1a: Espeon|Espeon, M|271\/271
|move|p2a: Azelf|Knock Off|p1a: Espeon
|-supereffective|p1a: Espeon
|-damage|p1a: Espeon|0 fnt
|-enditem|p1a: Espeon|Leftovers|[from] move: Knock Off|[of] p2a: Azelf
|faint|p1a: Espeon
|
|
|switch|p1a: Serperior|Serperior, F, shiny|291\/291
|turn|4
|
|move|p2a: Azelf|Stealth Rock|p1a: Serperior
|-sidestart|p1: kiddmewtwo|move: Stealth Rock
|move|p1a: Serperior|Leaf Storm|p2a: Azelf
|-damage|p2a: Azelf|0 fnt
|-boost|p1a: Serperior|spa|2
|faint|p2a: Azelf
|
|
|switch|p2a: Aerodactyl|Aerodactyl, M|302\/302
|-ability|p2a: Aerodactyl|Unnerve|p1: kiddmewtwo
|turn|5
|
|detailschange|p2a: Aerodactyl|Aerodactyl-Mega, M
|-mega|p2a: Aerodactyl|Aerodactyl|Aerodactylite
|move|p2a: Aerodactyl|Aerial Ace|p1a: Serperior
|-supereffective|p1a: Serperior
|-enditem|p1a: Serperior|Focus Sash
|-damage|p1a: Serperior|1\/291
|move|p1a: Serperior|Leaf Storm|p2a: Aerodactyl
|-damage|p2a: Aerodactyl|0 fnt
|-boost|p1a: Serperior|spa|2
|faint|p2a: Aerodactyl
|
|
|switch|p2a: Lucario|Lucario, F|289\/289
|turn|6
|
|move|p2a: Lucario|Extreme Speed|p1a: Serperior
|-damage|p1a: Serperior|0 fnt
|-damage|p2a: Lucario|261\/289|[from] item: Life Orb
|faint|p1a: Serperior
|
|
|switch|p1a: Cobalion|Cobalion|323\/323
|-damage|p1a: Cobalion|313\/323|[from] Stealth Rock
|turn|7
|
|move|p1a: Cobalion|Close Combat|p2a: Lucario
|-supereffective|p2a: Lucario
|-damage|p2a: Lucario|0 fnt
|-unboost|p1a: Cobalion|def|1
|-unboost|p1a: Cobalion|spd|1
|-damage|p1a: Cobalion|281\/323|[from] item: Life Orb
|faint|p2a: Lucario
|
|
|switch|p2a: Dragalge|Dragalge, F|309\/309
|turn|8
|
|move|p1a: Cobalion|Iron Head|p2a: Dragalge
|-damage|p2a: Dragalge|165\/309
|-damage|p1a: Cobalion|249\/323|[from] item: Life Orb
|move|p2a: Dragalge|Focus Blast|p1a: Cobalion
|-supereffective|p1a: Cobalion
|-damage|p1a: Cobalion|0 fnt
|faint|p1a: Cobalion
|
|
|switch|p1a: Haxorus|Haxorus, F, shiny|293\/293
|-damage|p1a: Haxorus|257\/293|[from] Stealth Rock
|-ability|p1a: Haxorus|Mold Breaker
|turn|9
|
|move|p1a: Haxorus|Earthquake|p2a: Dragalge
|-supereffective|p2a: Dragalge
|-damage|p2a: Dragalge|0 fnt
|faint|p2a: Dragalge
|
|
|switch|p2a: Serperior|Serperior, M|296\/296
|turn|10
|
|switch|p1a: Leavanny|Leavanny, F, shiny|291\/291
|-damage|p1a: Leavanny|219\/291|[from] Stealth Rock
|move|p2a: Serperior|Leaf Storm|p1a: Leavanny
|-resisted|p1a: Leavanny
|-damage|p1a: Leavanny|170\/291
|-boost|p2a: Serperior|spa|2
|
|turn|11
|
|move|p2a: Serperior|Hidden Power|p1a: Leavanny
|-supereffective|p1a: Leavanny
|-damage|p1a: Leavanny|0 fnt
|faint|p1a: Leavanny
|
|
|switch|p1a: Haxorus|Haxorus, F, shiny|257\/293
|-damage|p1a: Haxorus|221\/293|[from] Stealth Rock
|-ability|p1a: Haxorus|Mold Breaker
|turn|12
|
|move|p1a: Haxorus|Superpower|p2a: Serperior
|-damage|p2a: Serperior|120\/296
|-unboost|p1a: Haxorus|atk|1
|-unboost|p1a: Haxorus|def|1
|move|p2a: Serperior|Dragon Pulse|p1a: Haxorus
|-supereffective|p1a: Haxorus
|-damage|p1a: Haxorus|0 fnt
|faint|p1a: Haxorus
|
|-message|kiddmewtwo forfeited.
|
|win|zoid's warhorse
|raw|Ladder updating...
|leave|kiddmewtwo
|player|p1
|raw|kiddmewtwo's rating: 1393 &rarr; <strong>1369<\/strong><br \/>(-24 for losing)
|raw|zoid&apos;s warhorse's rating: 1308 &rarr; <strong>1332<\/strong><br \/>(+24 for winning)