|join|zoid's warhorse
|join|LordKcirtap
|player|p1|zoid's warhorse|188
|player|p2|LordKcirtap|92
|gametype|singles
|gen|6
|tier|UU
|rated
|rule|Sleep Clause Mod: Limit one foe put to sleep
|rule|Species Clause: Limit one of each PokÃ©mon
|rule|OHKO Clause: OHKO moves are banned
|rule|Moody Clause: Moody is banned
|rule|Evasion Moves Clause: Evasion moves are banned
|rule|Endless Battle Clause: Forcing endless battles is banned
|rule|HP Percentage Mod: HP is shown in percentages
|clearpoke
|poke|p1|Aerodactyl, M
|poke|p1|Azelf
|poke|p1|Dragalge, F
|poke|p1|Lucario, F
|poke|p1|Magneton
|poke|p1|Serperior, F
|poke|p2|Serperior, F
|poke|p2|Tentacruel, M
|poke|p2|Rotom-Heat
|poke|p2|Aggron, M
|poke|p2|Haxorus, M, shiny
|poke|p2|Meowstic, M
|rule|Swagger Clause: Swagger is banned
|rule|Baton Pass Clause: Limit one PokÃ©mon knowing Baton Pass
|teampreview
|
|start
|switch|p1a: Azelf|Azelf|291\/291
|switch|p2a: Easy-Bake|Rotom-Heat|303\/303
|turn|1
|
|move|p1a: Azelf|Stealth Rock|p2a: Easy-Bake
|-sidestart|p2: LordKcirtap|move: Stealth Rock
|move|p2a: Easy-Bake|Volt Switch|p1a: Azelf
|-damage|p1a: Azelf|137\/291
|
|switch|p2a: Samantha|Serperior, F|291\/291
|-damage|p2a: Samantha|255\/291|[from] Stealth Rock
|
|turn|2
|
|move|p1a: Azelf|Knock Off|p2a: Samantha
|-damage|p2a: Samantha|130\/291
|-enditem|p2a: Samantha|Life Orb|[from] move: Knock Off|[of] p1a: Azelf
|move|p2a: Samantha|Leaf Storm|p1a: Azelf
|-damage|p1a: Azelf|0 fnt
|-boost|p2a: Samantha|spa|2
|faint|p1a: Azelf
|
|
|switch|p1a: Aerodactyl|Aerodactyl, M|302\/302
|-ability|p1a: Aerodactyl|Unnerve|p2: LordKcirtap
|turn|3
|
|detailschange|p1a: Aerodactyl|Aerodactyl-Mega, M
|-mega|p1a: Aerodactyl|Aerodactyl|Aerodactylite
|move|p1a: Aerodactyl|Pursuit|p2a: Samantha|[from]Pursuit
|-damage|p2a: Samantha|0 fnt
|faint|p2a: Samantha
|
|
|switch|p2a: Metalicana|Aggron, M|343\/343
|-damage|p2a: Metalicana|322\/343|[from] Stealth Rock
|turn|4
|
|detailschange|p2a: Metalicana|Aggron-Mega, M
|-mega|p2a: Metalicana|Aggron|Aggronite
|move|p1a: Aerodactyl|Aqua Tail|p2a: Metalicana
|-damage|p2a: Metalicana|259\/343
|move|p2a: Metalicana|Iron Head|p1a: Aerodactyl
|-supereffective|p1a: Aerodactyl
|-damage|p1a: Aerodactyl|26\/302
|
|turn|5
|
|move|p1a: Aerodactyl|Aqua Tail|p2a: Metalicana
|-damage|p2a: Metalicana|196\/343
|move|p2a: Metalicana|Iron Head|p1a: Aerodactyl
|-supereffective|p1a: Aerodactyl
|-damage|p1a: Aerodactyl|0 fnt
|faint|p1a: Aerodactyl
|
|
|switch|p1a: Serperior|Serperior, F|296\/296
|turn|6
|
|move|p1a: Serperior|Leaf Storm|p2a: Metalicana
|-resisted|p2a: Metalicana
|-damage|p2a: Metalicana|121\/343
|-boost|p1a: Serperior|spa|2
|move|p2a: Metalicana|Iron Head|p1a: Serperior
|-damage|p1a: Serperior|166\/296
|
|turn|7
|
|move|p1a: Serperior|Leaf Storm|p2a: Metalicana
|-resisted|p2a: Metalicana
|-damage|p2a: Metalicana|0 fnt
|-boost|p1a: Serperior|spa|2
|faint|p2a: Metalicana
|
|
|switch|p2a: Fluffbutt|Meowstic, M|351\/351
|-damage|p2a: Fluffbutt|308\/351|[from] Stealth Rock
|turn|8
|
|move|p2a: Fluffbutt|Thunder Wave|p1a: Serperior
|-status|p1a: Serperior|par
|-enditem|p1a: Serperior|Lum Berry|[eat]
|-curestatus|p1a: Serperior|par
|move|p1a: Serperior|Giga Drain|p2a: Fluffbutt
|-damage|p2a: Fluffbutt|0 fnt
|-heal|p1a: Serperior|296\/296|[from] drain|[of] p2a: Fluffbutt
|faint|p2a: Fluffbutt
|
|
|switch|p2a: Redox|Haxorus, M, shiny|293\/293
|-damage|p2a: Redox|257\/293|[from] Stealth Rock
|-ability|p2a: Redox|Mold Breaker
|turn|9
|
|move|p2a: Redox|Outrage|p1a: Serperior
|-damage|p1a: Serperior|50\/296
|move|p1a: Serperior|Dragon Pulse|p2a: Redox
|-supereffective|p2a: Redox
|-damage|p2a: Redox|0 fnt
|faint|p2a: Redox
|
|-message|LordKcirtap forfeited.
|
|win|zoid's warhorse
|raw|Ladder updating...
|leave|LordKcirtap
|player|p2
|raw|zoid&apos;s warhorse's rating: 1332 &rarr; <strong>1345<\/strong><br \/>(+13 for winning)
|raw|LordKcirtap's rating: 1194 &rarr; <strong>1178<\/strong><br \/>(-16 for losing)