|join|zoid's warhorse
|join|Sternhagelvoll
|player|p1|zoid's warhorse|188
|player|p2|Sternhagelvoll|75
|gametype|singles
|gen|6
|tier|UU
|rated
|rule|Sleep Clause Mod: Limit one foe put to sleep
|rule|Species Clause: Limit one of each PokÃ©mon
|rule|OHKO Clause: OHKO moves are banned
|rule|Moody Clause: Moody is banned
|rule|Evasion Moves Clause: Evasion moves are banned
|rule|Endless Battle Clause: Forcing endless battles is banned
|rule|HP Percentage Mod: HP is shown in percentages
|clearpoke
|poke|p1|Aerodactyl, M
|poke|p1|Azelf
|poke|p1|Dragalge, F
|poke|p1|Lucario, F
|poke|p1|Magneton
|poke|p1|Serperior, F
|poke|p2|Swampert, F
|poke|p2|Kingdra, F
|poke|p2|Empoleon, F
|poke|p2|Goodra, F
|poke|p2|Jirachi
|poke|p2|Noivern, F
|rule|Swagger Clause: Swagger is banned
|rule|Baton Pass Clause: Limit one PokÃ©mon knowing Baton Pass
|teampreview
|
|start
|switch|p1a: Azelf|Azelf|291\/291
|switch|p2a: Jirachi|Jirachi|356\/356
|turn|1
|
|move|p1a: Azelf|Knock Off|p2a: Jirachi
|-supereffective|p2a: Jirachi
|-damage|p2a: Jirachi|84\/356
|-enditem|p2a: Jirachi|Damp Rock|[from] move: Knock Off|[of] p1a: Azelf
|move|p2a: Jirachi|Rain Dance|p2a: Jirachi
|-weather|RainDance
|
|-weather|RainDance|[upkeep]
|turn|2
|
|move|p1a: Azelf|Knock Off|p2a: Jirachi
|-supereffective|p2a: Jirachi
|-damage|p2a: Jirachi|0 fnt
|faint|p2a: Jirachi
|
|-weather|RainDance|[upkeep]
|
|switch|p2a: Kingdra|Kingdra, F|291\/291
|turn|3
|
|move|p2a: Kingdra|Waterfall|p1a: Azelf
|-enditem|p1a: Azelf|Focus Sash
|-damage|p1a: Azelf|1\/291
|-damage|p2a: Kingdra|262\/291|[from] item: Life Orb
|move|p1a: Azelf|Explosion|p2a: Kingdra
|-damage|p2a: Kingdra|0 fnt
|faint|p1a: Azelf
|faint|p2a: Kingdra
|
|-weather|RainDance|[upkeep]
|
|switch|p1a: Serperior|Serperior, F|296\/296
|switch|p2a: Swampert|Swampert, F|341\/341
|turn|4
|
|switch|p2a: Noivern|Noivern, F|311\/311
|move|p1a: Serperior|Giga Drain|p2a: Noivern
|-resisted|p2a: Noivern
|-damage|p2a: Noivern|281\/311
|
|-weather|RainDance|[upkeep]
|turn|5
|
|switch|p1a: Magneton|Magneton|303\/303
|move|p2a: Noivern|Hurricane|p1a: Magneton
|-resisted|p1a: Magneton
|-damage|p1a: Magneton|251\/303
|-start|p1a: Magneton|confusion
|
|-weather|none
|turn|6
|
|switch|p2a: Goodra|Goodra, F|384\/384
|-activate|p1a: Magneton|confusion
|-damage|p1a: Magneton|239\/303|[from] confusion
|
|turn|7
|
|move|p2a: Goodra|Rain Dance|p2a: Goodra
|-weather|RainDance
|-activate|p1a: Magneton|confusion
|-damage|p1a: Magneton|227\/303|[from] confusion
|
|-weather|RainDance|[upkeep]
|turn|8
|
|switch|p2a: Swampert|Swampert, F|341\/341
|-activate|p1a: Magneton|confusion
|move|p1a: Magneton|Volt Switch|p2a: Swampert
|-immune|p2a: Swampert|[msg]
|
|-weather|RainDance|[upkeep]
|turn|9
|
|detailschange|p2a: Swampert|Swampert-Mega, F
|-mega|p2a: Swampert|Swampert|Swampertite
|move|p2a: Swampert|Waterfall|p1a: Magneton
|-damage|p1a: Magneton|65\/303
|cant|p1a: Magneton|flinch
|
|-weather|RainDance|[upkeep]
|turn|10
|
|move|p2a: Swampert|Waterfall|p1a: Magneton
|-damage|p1a: Magneton|0 fnt
|faint|p1a: Magneton
|
|-weather|RainDance|[upkeep]
|
|switch|p1a: Serperior|Serperior, F|296\/296
|turn|11
|
|switch|p2a: Noivern|Noivern, F|281\/311
|move|p1a: Serperior|Leaf Storm|p2a: Noivern
|-resisted|p2a: Noivern
|-damage|p2a: Noivern|236\/311
|-boost|p1a: Serperior|spa|2
|
|-weather|RainDance|[upkeep]
|turn|12
|
|switch|p1a: Aerodactyl|Aerodactyl, M|302\/302
|-ability|p1a: Aerodactyl|Unnerve|p2: Sternhagelvoll
|move|p2a: Noivern|Hurricane|p1a: Aerodactyl
|-resisted|p1a: Aerodactyl
|-damage|p1a: Aerodactyl|161\/302
|-start|p1a: Aerodactyl|confusion
|
|-weather|RainDance|[upkeep]
|turn|13
|
|detailschange|p1a: Aerodactyl|Aerodactyl-Mega, M
|-mega|p1a: Aerodactyl|Aerodactyl|Aerodactylite
|-activate|p1a: Aerodactyl|confusion
|-damage|p1a: Aerodactyl|102\/302|[from] confusion
|switch|p2a: Goodra|Goodra, F|384\/384
|
|-weather|RainDance|[upkeep]
|turn|14
|
|switch|p1a: Lucario|Lucario, F|289\/289
|move|p2a: Goodra|Draco Meteor|p1a: Lucario
|-resisted|p1a: Lucario
|-damage|p1a: Lucario|172\/289
|-unboost|p2a: Goodra|spa|2
|
|-weather|none
|turn|15
|
|move|p1a: Lucario|Close Combat|p2a: Goodra
|-damage|p2a: Goodra|160\/384
|-unboost|p1a: Lucario|def|1
|-unboost|p1a: Lucario|spd|1
|-damage|p1a: Lucario|144\/289|[from] item: Life Orb
|move|p2a: Goodra|Rain Dance|p2a: Goodra
|-weather|RainDance
|
|-weather|RainDance|[upkeep]
|turn|16
|
|move|p1a: Lucario|Swords Dance|p1a: Lucario
|-boost|p1a: Lucario|atk|2
|move|p2a: Goodra|Rest|p2a: Goodra
|-status|p2a: Goodra|slp
|-heal|p2a: Goodra|384\/384 slp|[silent]
|-status|p2a: Goodra|slp|[from] move: Rest
|
|-weather|RainDance|[upkeep]
|-curestatus|p2a: Goodra|slp
|turn|17
|
|move|p1a: Lucario|Close Combat|p2a: Goodra
|-damage|p2a: Goodra|0 fnt
|-unboost|p1a: Lucario|def|1
|-unboost|p1a: Lucario|spd|1
|-damage|p1a: Lucario|116\/289|[from] item: Life Orb
|faint|p2a: Goodra
|
|-weather|RainDance|[upkeep]
|
|switch|p2a: Swampert|Swampert-Mega, F|341\/341
|turn|18
|
|move|p1a: Lucario|Extreme Speed|p2a: Swampert
|-damage|p2a: Swampert|137\/341
|-damage|p1a: Lucario|88\/289|[from] item: Life Orb
|move|p2a: Swampert|Waterfall|p1a: Lucario
|-damage|p1a: Lucario|0 fnt
|faint|p1a: Lucario
|
|-weather|RainDance|[upkeep]
|
|switch|p1a: Serperior|Serperior, F|296\/296
|turn|19
|
|switch|p2a: Noivern|Noivern, F|236\/311
|move|p1a: Serperior|Leaf Storm|p2a: Noivern
|-resisted|p2a: Noivern
|-damage|p2a: Noivern|192\/311
|-boost|p1a: Serperior|spa|2
|
|-weather|RainDance|[upkeep]
|turn|20
|
|switch|p1a: Dragalge|Dragalge, F|309\/309
|move|p2a: Noivern|Hurricane|p1a: Dragalge
|-crit|p1a: Dragalge
|-damage|p1a: Dragalge|17\/309
|
|-weather|RainDance|[upkeep]
|turn|21
|
|move|p2a: Noivern|Hurricane|p1a: Dragalge
|-crit|p1a: Dragalge
|-damage|p1a: Dragalge|0 fnt
|faint|p1a: Dragalge
|
|-weather|RainDance|[upkeep]
|
|switch|p1a: Aerodactyl|Aerodactyl-Mega, M|102\/302
|turn|22
|
|move|p1a: Aerodactyl|Pursuit|p2a: Noivern
|-damage|p2a: Noivern|115\/311
|move|p2a: Noivern|Hurricane|p1a: Aerodactyl
|-resisted|p1a: Aerodactyl
|-damage|p1a: Aerodactyl|0 fnt
|faint|p1a: Aerodactyl
|
|-weather|none
|
|switch|p1a: Serperior|Serperior, F|296\/296
|turn|23
|
|switch|p2a: Empoleon|Empoleon, F|372\/372
|move|p1a: Serperior|Dragon Pulse|p2a: Empoleon
|-resisted|p2a: Empoleon
|-damage|p2a: Empoleon|345\/372
|
|turn|24
|
|move|p1a: Serperior|Leaf Storm|p2a: Empoleon
|-damage|p2a: Empoleon|240\/372
|-boost|p1a: Serperior|spa|2
|move|p2a: Empoleon|Rain Dance|p2a: Empoleon
|-weather|RainDance
|
|-weather|RainDance|[upkeep]
|turn|25
|
|move|p1a: Serperior|Leaf Storm|p2a: Empoleon
|-damage|p2a: Empoleon|14\/372
|-boost|p1a: Serperior|spa|2
|move|p2a: Empoleon|Scald|p1a: Serperior
|-crit|p1a: Serperior
|-resisted|p1a: Serperior
|-damage|p1a: Serperior|113\/296
|
|-weather|RainDance|[upkeep]
|turn|26
|
|move|p2a: Empoleon|Aqua Jet|p1a: Serperior
|-resisted|p1a: Serperior
|-damage|p1a: Serperior|72\/296
|move|p1a: Serperior|Dragon Pulse|p2a: Empoleon
|-resisted|p2a: Empoleon
|-damage|p2a: Empoleon|0 fnt
|faint|p2a: Empoleon
|
|-weather|RainDance|[upkeep]
|
|switch|p2a: Noivern|Noivern, F|115\/311
|turn|27
|
|move|p2a: Noivern|Hurricane|p1a: Serperior
|-supereffective|p1a: Serperior
|-damage|p1a: Serperior|0 fnt
|faint|p1a: Serperior
|
|win|Sternhagelvoll
|raw|Ladder updating...
|c|âzoid's warhorse|gg
|raw|zoid&apos;s warhorse's rating: 1369 &rarr; <strong>1353<\/strong><br \/>(-16 for losing)
|raw|Sternhagelvoll's rating: 1437 &rarr; <strong>1453<\/strong><br \/>(+16 for winning)
|c|âSternhagelvoll|gg
|leave|Sternhagelvoll
|player|p2