|join|CoreyImperia
|join|zoid's warhorse
|player|p1|CoreyImperia|148
|player|p2|zoid's warhorse|188
|gametype|singles
|gen|6
|tier|UU
|rated
|rule|Sleep Clause Mod: Limit one foe put to sleep
|rule|Species Clause: Limit one of each PokÃ©mon
|rule|OHKO Clause: OHKO moves are banned
|rule|Moody Clause: Moody is banned
|rule|Evasion Moves Clause: Evasion moves are banned
|rule|Endless Battle Clause: Forcing endless battles is banned
|rule|HP Percentage Mod: HP is shown in percentages
|clearpoke
|poke|p1|Ampharos, M
|poke|p1|Infernape, M
|poke|p1|Milotic, F
|poke|p1|Roserade, F
|poke|p1|Krookodile, F
|poke|p1|Crobat, M
|poke|p2|Aerodactyl, M
|poke|p2|Azelf
|poke|p2|Dragalge, M
|poke|p2|Lucario, M
|poke|p2|Magneton
|poke|p2|Serperior, F
|rule|Swagger Clause: Swagger is banned
|rule|Baton Pass Clause: Limit one PokÃ©mon knowing Baton Pass
|teampreview
|
|start
|switch|p1a: Infernape|Infernape, M|293\/293
|switch|p2a: Azelf|Azelf|291\/291
|turn|1
|
|move|p1a: Infernape|U-turn|p2a: Azelf
|-supereffective|p2a: Azelf
|-damage|p2a: Azelf|83\/291
|
|switch|p1a: Krookodile|Krookodile, F|332\/332
|move|p2a: Azelf|Taunt|p1a: Krookodile
|-start|p1a: Krookodile|move: Taunt
|
|turn|2
|
|move|p1a: Krookodile|Pursuit|p2a: Azelf|[from]Pursuit
|-supereffective|p2a: Azelf
|-damage|p2a: Azelf|0 fnt
|faint|p2a: Azelf
|-boost|p1a: Krookodile|atk|1|[from] ability: Moxie
|
|
|switch|p2a: Lucario|Lucario, M|289\/289
|turn|3
|
|move|p1a: Krookodile|Earthquake|p2a: Lucario
|-supereffective|p2a: Lucario
|-damage|p2a: Lucario|0 fnt
|faint|p2a: Lucario
|-boost|p1a: Krookodile|atk|1|[from] ability: Moxie
|
|
|switch|p2a: Serperior|Serperior, F|296\/296
|turn|4
|
|switch|p1a: Crobat|Crobat, M|311\/311
|move|p2a: Serperior|Leaf Storm|p1a: Crobat
|-resisted|p1a: Crobat
|-damage|p1a: Crobat|264\/311
|-boost|p2a: Serperior|spa|2
|
|turn|5
|
|switch|p2a: Aerodactyl|Aerodactyl, M|302\/302
|-ability|p2a: Aerodactyl|Unnerve|p1: CoreyImperia
|move|p1a: Crobat|U-turn|p2a: Aerodactyl
|-resisted|p2a: Aerodactyl
|-damage|p2a: Aerodactyl|239\/302
|
|switch|p1a: Infernape|Infernape, M|293\/293
|
|turn|6
|
|switch|p2a: Magneton|Magneton|303\/303
|move|p1a: Infernape|Stone Edge|p2a: Magneton
|-crit|p2a: Magneton
|-resisted|p2a: Magneton
|-damage|p2a: Magneton|254\/303
|
|turn|7
|
|switch|p1a: Krookodile|Krookodile, F|332\/332
|move|p2a: Magneton|Flash Cannon|p1a: Krookodile
|-damage|p1a: Krookodile|134\/332
|
|turn|8
|
|switch|p2a: Serperior|Serperior, F|296\/296
|move|p1a: Krookodile|Knock Off|p2a: Serperior
|-damage|p2a: Serperior|98\/296
|-enditem|p2a: Serperior|Lum Berry|[from] move: Knock Off|[of] p1a: Krookodile
|
|turn|9
|
|switch|p1a: Crobat|Crobat, M|264\/311
|move|p2a: Serperior|Glare|p1a: Crobat
|-status|p1a: Crobat|par
|
|turn|10
|
|switch|p2a: Magneton|Magneton|254\/303
|move|p1a: Crobat|U-turn|p2a: Magneton
|-resisted|p2a: Magneton
|-damage|p2a: Magneton|219\/303
|
|switch|p1a: Infernape|Infernape, M|293\/293
|
|turn|11
|
|move|p1a: Infernape|U-turn|p2a: Magneton
|-resisted|p2a: Magneton
|-damage|p2a: Magneton|194\/303
|
|switch|p1a: Crobat|Crobat, M|264\/311 par
|move|p2a: Magneton|Volt Switch|p1a: Crobat
|-supereffective|p1a: Crobat
|-damage|p1a: Crobat|0 fnt
|faint|p1a: Crobat
|
|switch|p2a: Aerodactyl|Aerodactyl, M|239\/302
|-ability|p2a: Aerodactyl|Unnerve|p1: CoreyImperia
|
|
|switch|p1a: Ampharos|Ampharos, M|321\/321
|turn|12
|
|detailschange|p2a: Aerodactyl|Aerodactyl-Mega, M
|-mega|p2a: Aerodactyl|Aerodactyl|Aerodactylite
|detailschange|p1a: Ampharos|Ampharos-Mega, M
|-mega|p1a: Ampharos|Ampharos|Ampharosite
|-ability|p1a: Ampharos|Mold Breaker
|move|p2a: Aerodactyl|Stone Edge|p1a: Ampharos
|-crit|p1a: Ampharos
|-damage|p1a: Ampharos|48\/321
|move|p1a: Ampharos|Agility|p1a: Ampharos
|-boost|p1a: Ampharos|spe|2
|
|turn|13
|
|move|p2a: Aerodactyl|Aerial Ace|p1a: Ampharos
|-resisted|p1a: Ampharos
|-damage|p1a: Ampharos|0 fnt
|faint|p1a: Ampharos
|
|
|switch|p1a: Milotic|Milotic, F|331\/331
|turn|14
|
|switch|p2a: Magneton|Magneton|194\/303
|move|p1a: Milotic|Hydro Pump|p2a: Magneton|[miss]
|-miss|p1a: Milotic|p2a: Magneton
|
|turn|15
|
|move|p1a: Milotic|Hydro Pump|p2a: Magneton|[miss]
|-miss|p1a: Milotic|p2a: Magneton
|move|p2a: Magneton|Hidden Power|p1a: Milotic
|-supereffective|p1a: Milotic
|-damage|p1a: Milotic|211\/331
|
|turn|16
|
|move|p1a: Milotic|Hydro Pump|p2a: Magneton
|-damage|p2a: Magneton|9\/303
|-damage|p1a: Milotic|178\/331|[from] item: Life Orb
|move|p2a: Magneton|Thunderbolt|p1a: Milotic
|-supereffective|p1a: Milotic
|-damage|p1a: Milotic|0 fnt
|faint|p1a: Milotic
|
|
|switch|p1a: Roserade|Roserade, F|323\/323
|turn|17
|
|move|p1a: Roserade|Spikes|p2a: Magneton
|-sidestart|p2: zoid's warhorse|Spikes
|move|p2a: Magneton|Volt Switch|p1a: Roserade
|-resisted|p1a: Roserade
|-damage|p1a: Roserade|281\/323
|
|switch|p2a: Aerodactyl|Aerodactyl-Mega, M|239\/302
|
|-heal|p1a: Roserade|301\/323|[from] item: Black Sludge
|turn|18
|
|move|p2a: Aerodactyl|Aerial Ace|p1a: Roserade
|-supereffective|p1a: Roserade
|-damage|p1a: Roserade|0 fnt
|faint|p1a: Roserade
|
|
|switch|p1a: Infernape|Infernape, M|293\/293
|turn|19
|
|switch|p2a: Magneton|Magneton|9\/303
|-damage|p2a: Magneton|0 fnt|[from] Spikes
|faint|p2a: Magneton
|move|p1a: Infernape|Stone Edge|p2: Magneton|[notarget]
|-notarget
|
|
|switch|p2a: Dragalge|Dragalge, M|309\/309
|-damage|p2a: Dragalge|271\/309|[from] Spikes
|turn|20
|
|move|p1a: Infernape|Stone Edge|p2a: Dragalge
|-damage|p2a: Dragalge|156\/309
|move|p2a: Dragalge|Scald|p1a: Infernape
|-supereffective|p1a: Infernape
|-damage|p1a: Infernape|0 fnt
|faint|p1a: Infernape
|
|
|switch|p1a: Krookodile|Krookodile, F|134\/332
|turn|21
|
|move|p1a: Krookodile|Knock Off|p2a: Dragalge
|-damage|p2a: Dragalge|0 fnt
|-enditem|p2a: Dragalge|Choice Specs|[from] move: Knock Off|[of] p1a: Krookodile
|faint|p2a: Dragalge
|-boost|p1a: Krookodile|atk|1|[from] ability: Moxie
|
|
|switch|p2a: Serperior|Serperior, F|98\/296
|-damage|p2a: Serperior|61\/296|[from] Spikes
|turn|22
|
|move|p2a: Serperior|Dragon Pulse|p1a: Krookodile
|-damage|p1a: Krookodile|43\/332
|move|p1a: Krookodile|Knock Off|p2a: Serperior
|-damage|p2a: Serperior|0 fnt
|faint|p2a: Serperior
|-boost|p1a: Krookodile|atk|1|[from] ability: Moxie
|
|
|switch|p2a: Aerodactyl|Aerodactyl-Mega, M|239\/302
|turn|23
|
|move|p2a: Aerodactyl|Aerial Ace|p1a: Krookodile
|-damage|p1a: Krookodile|0 fnt
|faint|p1a: Krookodile
|
|win|zoid's warhorse
|raw|Ladder updating...
|raw|CoreyImperia's rating: 1453 &rarr; <strong>1431<\/strong><br \/>(-22 for losing)
|raw|zoid&apos;s warhorse's rating: 1418 &rarr; <strong>1440<\/strong><br \/>(+22 for winning)
|leave|CoreyImperia
|player|p1