|join|fatboyslimmy
|join|zoid's warhorse
|player|p1|fatboyslimmy|102
|player|p2|zoid's warhorse|188
|gametype|singles
|gen|6
|tier|UU
|rated
|rule|Sleep Clause Mod: Limit one foe put to sleep
|rule|Species Clause: Limit one of each PokÃ©mon
|rule|OHKO Clause: OHKO moves are banned
|rule|Moody Clause: Moody is banned
|rule|Evasion Moves Clause: Evasion moves are banned
|rule|Endless Battle Clause: Forcing endless battles is banned
|rule|HP Percentage Mod: HP is shown in percentages
|clearpoke
|poke|p1|Reuniclus, F
|poke|p1|Flygon, M
|poke|p1|Rhyperior, F
|poke|p1|Roserade, F
|poke|p1|Empoleon, F
|poke|p1|Skuntank, M
|poke|p2|Aerodactyl, M
|poke|p2|Azelf
|poke|p2|Dragalge, M
|poke|p2|Lucario, M
|poke|p2|Magneton
|poke|p2|Serperior, F
|rule|Swagger Clause: Swagger is banned
|rule|Baton Pass Clause: Limit one PokÃ©mon knowing Baton Pass
|teampreview
|
|start
|switch|p1a: Skuntank|Skuntank, M|347\/347
|switch|p2a: Dragalge|Dragalge, M|283\/283
|turn|1
|
|switch|p1a: Empoleon|Empoleon, F|371\/371
|move|p2a: Dragalge|Draco Meteor|p1a: Empoleon
|-resisted|p1a: Empoleon
|-damage|p1a: Empoleon|160\/371
|-unboost|p2a: Dragalge|spa|2
|
|turn|2
|
|switch|p2a: Azelf|Azelf|291\/291
|move|p1a: Empoleon|Ice Beam|p2a: Azelf
|-damage|p2a: Azelf|64\/291
|
|turn|3
|
|switch|p1a: Skuntank|Skuntank, M|347\/347
|move|p2a: Azelf|Stealth Rock|p1a: Skuntank
|-sidestart|p1: fatboyslimmy|move: Stealth Rock
|
|turn|4
|
|switch|p2a: Lucario|Lucario, M|279\/279
|move|p1a: Skuntank|Sucker Punch|p2a: Lucario
|-fail|p2a: Lucario
|
|turn|5
|
|switch|p1a: Rhyperior|Rhyperior, F|424\/424
|-damage|p1a: Rhyperior|398\/424|[from] Stealth Rock
|move|p2a: Lucario|Earthquake|p1a: Rhyperior
|-supereffective|p1a: Rhyperior
|-damage|p1a: Rhyperior|252\/424
|-damage|p2a: Lucario|252\/279|[from] item: Life Orb
|
|-heal|p1a: Rhyperior|278\/424|[from] item: Leftovers
|turn|6
|
|switch|p2a: Serperior|Serperior, F|303\/303
|move|p1a: Rhyperior|Stealth Rock|p2a: Serperior
|-sidestart|p2: zoid's warhorse|move: Stealth Rock
|
|-heal|p1a: Rhyperior|304\/424|[from] item: Leftovers
|turn|7
|
|switch|p1a: Roserade|Roserade, F|259\/259
|-damage|p1a: Roserade|227\/259|[from] Stealth Rock
|move|p2a: Serperior|Leaf Storm|p1a: Roserade
|-resisted|p1a: Roserade
|-damage|p1a: Roserade|196\/259
|-boost|p2a: Serperior|spa|2
|
|turn|8
|
|switch|p2a: Aerodactyl|Aerodactyl, M|302\/302
|-damage|p2a: Aerodactyl|227\/302|[from] Stealth Rock
|-ability|p2a: Aerodactyl|Unnerve|p1: fatboyslimmy
|move|p1a: Roserade|Sludge Bomb|p2a: Aerodactyl
|-resisted|p2a: Aerodactyl
|-damage|p2a: Aerodactyl|96\/302
|-damage|p1a: Roserade|171\/259|[from] item: Life Orb
|
|turn|9
|
|detailschange|p2a: Aerodactyl|Aerodactyl-Mega, M
|-mega|p2a: Aerodactyl|Aerodactyl|Aerodactylite
|move|p2a: Aerodactyl|Pursuit|p1a: Roserade|[from]Pursuit
|-damage|p1a: Roserade|1\/259
|switch|p1a: Empoleon|Empoleon, F|160\/371
|-damage|p1a: Empoleon|137\/371|[from] Stealth Rock
|
|turn|10
|
|switch|p2a: Magneton|Magneton|303\/303
|-damage|p2a: Magneton|285\/303|[from] Stealth Rock
|switch|p1a: Roserade|Roserade, F|1\/259
|-damage|p1a: Roserade|0 fnt|[from] Stealth Rock
|faint|p1a: Roserade
|
|
|switch|p1a: Flygon|Flygon, M|301\/301
|-damage|p1a: Flygon|283\/301|[from] Stealth Rock
|turn|11
|
|move|p1a: Flygon|Fire Punch|p2a: Magneton
|-supereffective|p2a: Magneton
|-damage|p2a: Magneton|125\/303
|move|p2a: Magneton|Volt Switch|p1a: Flygon
|-immune|p1a: Flygon|[msg]
|
|turn|12
|
|switch|p2a: Dragalge|Dragalge, M|283\/283
|-damage|p2a: Dragalge|248\/283|[from] Stealth Rock
|move|p1a: Flygon|Fire Punch|p2a: Dragalge
|-resisted|p2a: Dragalge
|-damage|p2a: Dragalge|178\/283
|-status|p2a: Dragalge|brn
|
|-damage|p2a: Dragalge|143\/283 brn|[from] brn
|turn|13
|
|switch|p1a: Empoleon|Empoleon, F|137\/371
|-damage|p1a: Empoleon|114\/371|[from] Stealth Rock
|move|p2a: Dragalge|Draco Meteor|p1a: Empoleon
|-resisted|p1a: Empoleon
|-damage|p1a: Empoleon|0 fnt
|-unboost|p2a: Dragalge|spa|2
|faint|p1a: Empoleon
|
|-damage|p2a: Dragalge|108\/283 brn|[from] brn
|
|switch|p1a: Skuntank|Skuntank, M|347\/347
|-damage|p1a: Skuntank|304\/347|[from] Stealth Rock
|turn|14
|
|move|p1a: Skuntank|Pursuit|p2a: Dragalge
|-damage|p2a: Dragalge|45\/283 brn
|move|p2a: Dragalge|Draco Meteor|p1a: Skuntank
|-damage|p1a: Skuntank|62\/347
|-unboost|p2a: Dragalge|spa|2
|
|-heal|p1a: Skuntank|83\/347|[from] item: Black Sludge
|-damage|p2a: Dragalge|10\/283 brn|[from] brn
|turn|15
|
|move|p1a: Skuntank|Pursuit|p2a: Dragalge
|-damage|p2a: Dragalge|0 fnt
|faint|p2a: Dragalge
|
|-heal|p1a: Skuntank|104\/347|[from] item: Black Sludge
|
|switch|p2a: Lucario|Lucario, M|252\/279
|-damage|p2a: Lucario|244\/279|[from] Stealth Rock
|turn|16
|
|switch|p1a: Reuniclus|Reuniclus, F|424\/424
|move|p2a: Lucario|Close Combat|p1a: Reuniclus
|-resisted|p1a: Reuniclus
|-damage|p1a: Reuniclus|311\/424
|-unboost|p2a: Lucario|def|1
|-unboost|p2a: Lucario|spd|1
|-damage|p2a: Lucario|217\/279|[from] item: Life Orb
|
|-heal|p1a: Reuniclus|337\/424|[from] item: Leftovers
|turn|17
|
|move|p2a: Lucario|Swords Dance|p2a: Lucario
|-boost|p2a: Lucario|atk|2
|move|p1a: Reuniclus|Calm Mind|p1a: Reuniclus
|-boost|p1a: Reuniclus|spa|1
|-boost|p1a: Reuniclus|spd|1
|
|-heal|p1a: Reuniclus|363\/424|[from] item: Leftovers
|turn|18
|
|move|p2a: Lucario|Close Combat|p1a: Reuniclus
|-resisted|p1a: Reuniclus
|-damage|p1a: Reuniclus|136\/424
|-unboost|p2a: Lucario|def|1
|-unboost|p2a: Lucario|spd|1
|-damage|p2a: Lucario|190\/279|[from] item: Life Orb
|move|p1a: Reuniclus|Recover|p1a: Reuniclus
|-heal|p1a: Reuniclus|348\/424
|
|-heal|p1a: Reuniclus|374\/424|[from] item: Leftovers
|turn|19
|
|move|p2a: Lucario|Close Combat|p1a: Reuniclus
|-resisted|p1a: Reuniclus
|-damage|p1a: Reuniclus|170\/424
|-unboost|p2a: Lucario|def|1
|-unboost|p2a: Lucario|spd|1
|-damage|p2a: Lucario|163\/279|[from] item: Life Orb
|move|p1a: Reuniclus|Psyshock|p2a: Lucario
|-crit|p2a: Lucario
|-damage|p2a: Lucario|0 fnt
|faint|p2a: Lucario
|
|-heal|p1a: Reuniclus|196\/424|[from] item: Leftovers
|
|switch|p2a: Azelf|Azelf|64\/291
|-damage|p2a: Azelf|28\/291|[from] Stealth Rock
|turn|20
|
|switch|p1a: Rhyperior|Rhyperior, F|304\/424
|-damage|p1a: Rhyperior|278\/424|[from] Stealth Rock
|move|p2a: Azelf|Explosion|p1a: Rhyperior
|-crit|p1a: Rhyperior
|-resisted|p1a: Rhyperior
|-damage|p1a: Rhyperior|138\/424
|faint|p2a: Azelf
|
|-heal|p1a: Rhyperior|164\/424|[from] item: Leftovers
|
|switch|p2a: Serperior|Serperior, F|303\/303
|-damage|p2a: Serperior|266\/303|[from] Stealth Rock
|turn|21
|
|move|p2a: Serperior|Leaf Storm|p1a: Rhyperior
|-supereffective|p1a: Rhyperior
|-damage|p1a: Rhyperior|0 fnt
|-boost|p2a: Serperior|spa|2
|faint|p1a: Rhyperior
|
|
|switch|p1a: Flygon|Flygon, M|283\/301
|-damage|p1a: Flygon|265\/301|[from] Stealth Rock
|turn|22
|
|move|p2a: Serperior|Dragon Pulse|p1a: Flygon
|-supereffective|p1a: Flygon
|-damage|p1a: Flygon|0 fnt
|faint|p1a: Flygon
|
|
|switch|p1a: Skuntank|Skuntank, M|104\/347
|-damage|p1a: Skuntank|61\/347|[from] Stealth Rock
|turn|23
|
|move|p1a: Skuntank|Sucker Punch|p2a: Serperior
|-damage|p2a: Serperior|152\/303
|move|p2a: Serperior|Dragon Pulse|p1a: Skuntank
|-damage|p1a: Skuntank|0 fnt
|faint|p1a: Skuntank
|
|
|switch|p1a: Reuniclus|Reuniclus, F|196\/424
|turn|24
|
|move|p2a: Serperior|Leaf Storm|p1a: Reuniclus
|-damage|p1a: Reuniclus|0 fnt
|-boost|p2a: Serperior|spa|2
|faint|p1a: Reuniclus
|
|win|zoid's warhorse
|raw|Ladder updating...
|raw|fatboyslimmy's rating: 1347 &rarr; <strong>1333<\/strong><br \/>(-14 for losing)
|raw|zoid&apos;s warhorse's rating: 1456 &rarr; <strong>1470<\/strong><br \/>(+14 for winning)
|c|âzoid's warhorse|gg
|leave|fatboyslimmy
|player|p1