|join|A+DoctroReunicluso
|join|zoid's warhorse
|player|p1|A+DoctroReunicluso|147
|player|p2|zoid's warhorse|188
|gametype|singles
|gen|6
|tier|UU
|rated
|rule|Sleep Clause Mod: Limit one foe put to sleep
|rule|Species Clause: Limit one of each PokÃ©mon
|rule|OHKO Clause: OHKO moves are banned
|rule|Moody Clause: Moody is banned
|rule|Evasion Moves Clause: Evasion moves are banned
|rule|Endless Battle Clause: Forcing endless battles is banned
|rule|HP Percentage Mod: HP is shown in percentages
|clearpoke
|poke|p1|Kyurem
|poke|p1|Lucario, M
|poke|p1|Blastoise, F
|poke|p1|Jirachi
|poke|p1|Shaymin
|poke|p1|Chandelure, F
|poke|p2|Aerodactyl, M
|poke|p2|Azelf
|poke|p2|Dragalge, F
|poke|p2|Lucario, M
|poke|p2|Magneton
|poke|p2|Serperior, F
|rule|Swagger Clause: Swagger is banned
|rule|Baton Pass Clause: Limit one PokÃ©mon knowing Baton Pass
|teampreview
|
|start
|switch|p1a: Jirachi|Jirachi|341\/341
|switch|p2a: Azelf|Azelf|291\/291
|turn|1
|
|move|p1a: Jirachi|U-turn|p2a: Azelf
|-supereffective|p2a: Azelf
|-damage|p2a: Azelf|111\/291
|
|switch|p1a: Lucario|Lucario, M|281\/281
|move|p2a: Azelf|Knock Off|p1a: Lucario
|-resisted|p1a: Lucario
|-damage|p1a: Lucario|202\/281
|-boost|p1a: Lucario|atk|1|[from] ability: Justified
|-enditem|p1a: Lucario|Life Orb|[from] move: Knock Off|[of] p2a: Azelf
|
|turn|2
|
|move|p1a: Lucario|Extreme Speed|p2a: Azelf
|-damage|p2a: Azelf|0 fnt
|faint|p2a: Azelf
|
|
|switch|p2a: Aerodactyl|Aerodactyl, M|302\/302
|-ability|p2a: Aerodactyl|Unnerve|p1: A+DoctroReunicluso
|turn|3
|
|detailschange|p2a: Aerodactyl|Aerodactyl-Mega, M
|-mega|p2a: Aerodactyl|Aerodactyl|Aerodactylite
|move|p1a: Lucario|Bullet Punch|p2a: Aerodactyl
|-supereffective|p2a: Aerodactyl
|-damage|p2a: Aerodactyl|62\/302
|move|p2a: Aerodactyl|Aqua Tail|p1a: Lucario
|-damage|p1a: Lucario|0 fnt
|faint|p1a: Lucario
|
|
|switch|p1a: Blastoise|Blastoise, F|358\/358
|turn|4
|
|switch|p2a: Lucario|Lucario, M|289\/289
|detailschange|p1a: Blastoise|Blastoise-Mega, F
|-mega|p1a: Blastoise|Blastoise|Blastoisinite
|move|p1a: Blastoise|Ice Beam|p2a: Lucario
|-resisted|p2a: Lucario
|-damage|p2a: Lucario|213\/289
|
|turn|5
|
|move|p2a: Lucario|Close Combat|p1a: Blastoise
|-damage|p1a: Blastoise|128\/358
|-unboost|p2a: Lucario|def|1
|-unboost|p2a: Lucario|spd|1
|-damage|p2a: Lucario|185\/289|[from] item: Life Orb
|move|p1a: Blastoise|Hydro Pump|p2a: Lucario|[miss]
|-miss|p1a: Blastoise|p2a: Lucario
|
|turn|6
|c|âA+DoctroReunicluso|...
|
|move|p2a: Lucario|Close Combat|p1a: Blastoise
|-damage|p1a: Blastoise|0 fnt
|-unboost|p2a: Lucario|def|1
|-unboost|p2a: Lucario|spd|1
|-damage|p2a: Lucario|157\/289|[from] item: Life Orb
|faint|p1a: Blastoise
|
|
|switch|p1a: Chandelure|Chandelure, F|289\/289
|turn|7
|
|move|p2a: Lucario|Bullet Punch|p1a: Chandelure
|-resisted|p1a: Chandelure
|-damage|p1a: Chandelure|241\/289
|-damage|p2a: Lucario|129\/289|[from] item: Life Orb
|move|p1a: Chandelure|Substitute|p1a: Chandelure
|-start|p1a: Chandelure|Substitute
|-damage|p1a: Chandelure|169\/289
|
|-heal|p1a: Chandelure|187\/289|[from] item: Leftovers
|turn|8
|
|switch|p2a: Dragalge|Dragalge, F|309\/309
|move|p1a: Chandelure|Calm Mind|p1a: Chandelure
|-boost|p1a: Chandelure|spa|1
|-boost|p1a: Chandelure|spd|1
|
|-heal|p1a: Chandelure|205\/289|[from] item: Leftovers
|turn|9
|
|move|p1a: Chandelure|Shadow Ball|p2a: Dragalge
|-damage|p2a: Dragalge|123\/309
|-unboost|p2a: Dragalge|spd|1
|move|p2a: Dragalge|Scald|p1a: Chandelure
|-supereffective|p1a: Chandelure
|-end|p1a: Chandelure|Substitute
|
|-heal|p1a: Chandelure|223\/289|[from] item: Leftovers
|turn|10
|
|move|p1a: Chandelure|Shadow Ball|p2a: Dragalge
|-damage|p2a: Dragalge|0 fnt
|faint|p2a: Dragalge
|
|-heal|p1a: Chandelure|241\/289|[from] item: Leftovers
|
|switch|p2a: Aerodactyl|Aerodactyl-Mega, M|62\/302
|turn|11
|
|switch|p1a: Jirachi|Jirachi|341\/341
|move|p2a: Aerodactyl|Aqua Tail|p1a: Jirachi|[miss]
|-miss|p2a: Aerodactyl|p1a: Jirachi
|
|turn|12
|
|move|p1a: Jirachi|U-turn|p2a: Aerodactyl
|-resisted|p2a: Aerodactyl
|-damage|p2a: Aerodactyl|23\/302
|
|move|p2a: Aerodactyl|Pursuit|p1a: Jirachi|[from]Pursuit
|-supereffective|p1a: Jirachi
|-damage|p1a: Jirachi|69\/341
|switch|p1a: Shaymin|Shaymin|341\/341
|
|turn|13
|
|move|p2a: Aerodactyl|Aerial Ace|p1a: Shaymin
|-supereffective|p1a: Shaymin
|-damage|p1a: Shaymin|29\/341
|move|p1a: Shaymin|Air Slash|p2a: Aerodactyl
|-resisted|p2a: Aerodactyl
|-damage|p2a: Aerodactyl|0 fnt
|faint|p2a: Aerodactyl
|
|-heal|p1a: Shaymin|50\/341|[from] item: Leftovers
|
|switch|p2a: Magneton|Magneton|303\/303
|turn|14
|
|move|p1a: Shaymin|Protect|p1a: Shaymin
|-singleturn|p1a: Shaymin|Protect
|move|p2a: Magneton|Flash Cannon|p1a: Shaymin
|-activate|p1a: Shaymin|Protect
|
|-heal|p1a: Shaymin|71\/341|[from] item: Leftovers
|turn|15
|
|move|p1a: Shaymin|Leech Seed|p2a: Magneton
|-start|p2a: Magneton|move: Leech Seed
|move|p2a: Magneton|Thunderbolt|p1a: Shaymin
|-resisted|p1a: Shaymin
|-damage|p1a: Shaymin|0 fnt
|faint|p1a: Shaymin
|
|
|switch|p1a: Chandelure|Chandelure, F|241\/289
|turn|16
|
|move|p1a: Chandelure|Substitute|p1a: Chandelure
|-start|p1a: Chandelure|Substitute
|-damage|p1a: Chandelure|169\/289
|move|p2a: Magneton|Volt Switch|p1a: Chandelure
|-end|p1a: Chandelure|Substitute
|
|switch|p2a: Serperior|Serperior, F|296\/296
|
|-heal|p1a: Chandelure|187\/289|[from] item: Leftovers
|turn|17
|
|move|p2a: Serperior|Leaf Storm|p1a: Chandelure
|-resisted|p1a: Chandelure
|-damage|p1a: Chandelure|106\/289
|-boost|p2a: Serperior|spa|2
|move|p1a: Chandelure|Fire Blast|p2a: Serperior
|-supereffective|p2a: Serperior
|-damage|p2a: Serperior|0 fnt
|faint|p2a: Serperior
|
|-heal|p1a: Chandelure|124\/289|[from] item: Leftovers
|
|switch|p2a: Magneton|Magneton|303\/303
|turn|18
|
|move|p1a: Chandelure|Fire Blast|p2a: Magneton
|-supereffective|p2a: Magneton
|-damage|p2a: Magneton|0 fnt
|faint|p2a: Magneton
|
|-heal|p1a: Chandelure|142\/289|[from] item: Leftovers
|
|switch|p2a: Lucario|Lucario, M|129\/289
|turn|19
|
|move|p2a: Lucario|Bullet Punch|p1a: Chandelure
|-resisted|p1a: Chandelure
|-damage|p1a: Chandelure|91\/289
|-damage|p2a: Lucario|101\/289|[from] item: Life Orb
|move|p1a: Chandelure|Fire Blast|p2a: Lucario
|-supereffective|p2a: Lucario
|-damage|p2a: Lucario|0 fnt
|faint|p2a: Lucario
|
|win|A+DoctroReunicluso
|raw|Ladder updating...
|raw|A+DoctroReunicluso's rating: 1349 &rarr; <strong>1367<\/strong><br \/>(+18 for winning)
|raw|zoid&apos;s warhorse's rating: 1326 &rarr; <strong>1308<\/strong><br \/>(-18 for losing)
|c|âA+DoctroReunicluso|Vengence!!!
|c|âzoid's warhorse|gg
|c|âA+DoctroReunicluso|gg