|join|Akai-kun
|join|zoid's warhorse
|player|p1|Akai-kun|40
|player|p2|zoid's warhorse|188
|gametype|singles
|gen|6
|tier|UU
|rated
|rule|Sleep Clause Mod: Limit one foe put to sleep
|rule|Species Clause: Limit one of each PokÃ©mon
|rule|OHKO Clause: OHKO moves are banned
|rule|Moody Clause: Moody is banned
|rule|Evasion Moves Clause: Evasion moves are banned
|rule|Endless Battle Clause: Forcing endless battles is banned
|rule|HP Percentage Mod: HP is shown in percentages
|clearpoke
|poke|p1|Aggron, M
|poke|p1|Crobat, M
|poke|p1|Donphan, M, shiny
|poke|p1|Shaymin
|poke|p1|Hydreigon, M
|poke|p1|Florges, F
|poke|p2|Aerodactyl, F
|poke|p2|Azelf
|poke|p2|Dragalge, F
|poke|p2|Lucario, F
|poke|p2|Magneton
|poke|p2|Serperior, M
|rule|Swagger Clause: Swagger is banned
|rule|Baton Pass Clause: Limit one PokÃ©mon knowing Baton Pass
|teampreview
|
|start
|switch|p1a: Hassan|Crobat, M|341\/341
|switch|p2a: Serperior|Serperior, M|303\/303
|turn|1
|
|switch|p2a: Magneton|Magneton|303\/303
|move|p1a: Hassan|U-turn|p2a: Magneton
|-resisted|p2a: Magneton
|-damage|p2a: Magneton|272\/303
|
|switch|p1a: Doom|Hydreigon, M|325\/325
|
|turn|2
|
|move|p1a: Doom|Superpower|p2a: Magneton
|-supereffective|p2a: Magneton
|-damage|p2a: Magneton|82\/303
|-unboost|p1a: Doom|atk|1
|-unboost|p1a: Doom|def|1
|-damage|p1a: Doom|293\/325|[from] item: Life Orb
|move|p2a: Magneton|Volt Switch|p1a: Doom
|-resisted|p1a: Doom
|-damage|p1a: Doom|217\/325
|
|switch|p2a: Azelf|Azelf|291\/291
|
|turn|3
|
|move|p2a: Azelf|Stealth Rock|p1a: Doom
|-sidestart|p1: Akai-kun|move: Stealth Rock
|move|p1a: Doom|Dark Pulse|p2a: Azelf
|-supereffective|p2a: Azelf
|-enditem|p2a: Azelf|Focus Sash
|-damage|p2a: Azelf|1\/291
|-damage|p1a: Doom|185\/325|[from] item: Life Orb
|
|turn|4
|
|switch|p1a: Titan|Aggron, M|344\/344
|-damage|p1a: Titan|323\/344|[from] Stealth Rock
|move|p2a: Azelf|Explosion|p1a: Titan
|-resisted|p1a: Titan
|-damage|p1a: Titan|286\/344
|faint|p2a: Azelf
|
|
|switch|p2a: Magneton|Magneton|82\/303
|turn|5
|
|detailschange|p1a: Titan|Aggron-Mega, M
|-mega|p1a: Titan|Aggron|Aggronite
|move|p2a: Magneton|Thunderbolt|p1a: Titan
|-damage|p1a: Titan|117\/344
|move|p1a: Titan|Earthquake|p2a: Magneton
|-supereffective|p2a: Magneton
|-damage|p2a: Magneton|0 fnt
|faint|p2a: Magneton
|
|
|switch|p2a: Lucario|Lucario, F|279\/279
|turn|6
|
|move|p2a: Lucario|Close Combat|p1a: Titan
|-supereffective|p1a: Titan
|-damage|p1a: Titan|0 fnt
|-unboost|p2a: Lucario|def|1
|-unboost|p2a: Lucario|spd|1
|-damage|p2a: Lucario|252\/279|[from] item: Life Orb
|faint|p1a: Titan
|
|
|switch|p1a: Gold|Donphan, M, shiny|384\/384
|-damage|p1a: Gold|360\/384|[from] Stealth Rock
|turn|7
|
|move|p2a: Lucario|Swords Dance|p2a: Lucario
|-boost|p2a: Lucario|atk|2
|move|p1a: Gold|Stealth Rock|p2a: Lucario
|-sidestart|p2: zoid's warhorse|move: Stealth Rock
|
|-heal|p1a: Gold|384\/384|[from] item: Leftovers
|turn|8
|
|move|p2a: Lucario|Close Combat|p1a: Gold
|-damage|p1a: Gold|80\/384
|-unboost|p2a: Lucario|def|1
|-unboost|p2a: Lucario|spd|1
|-damage|p2a: Lucario|225\/279|[from] item: Life Orb
|move|p1a: Gold|Earthquake|p2a: Lucario
|-supereffective|p2a: Lucario
|-damage|p2a: Lucario|0 fnt
|faint|p2a: Lucario
|
|-heal|p1a: Gold|104\/384|[from] item: Leftovers
|
|switch|p2a: Serperior|Serperior, M|303\/303
|-damage|p2a: Serperior|266\/303|[from] Stealth Rock
|turn|9
|
|move|p1a: Gold|Ice Shard|p2a: Serperior
|-supereffective|p2a: Serperior
|-damage|p2a: Serperior|196\/303
|move|p2a: Serperior|Leaf Storm|p1a: Gold
|-crit|p1a: Gold
|-supereffective|p1a: Gold
|-damage|p1a: Gold|0 fnt
|-boost|p2a: Serperior|spa|2
|faint|p1a: Gold
|
|
|switch|p1a: Hassan|Crobat, M|341\/341
|-damage|p1a: Hassan|256\/341|[from] Stealth Rock
|turn|10
|
|switch|p2a: Aerodactyl|Aerodactyl, F|302\/302
|-damage|p2a: Aerodactyl|227\/302|[from] Stealth Rock
|-ability|p2a: Aerodactyl|Unnerve|p1: Akai-kun
|move|p1a: Hassan|Brave Bird|p2a: Aerodactyl
|-resisted|p2a: Aerodactyl
|-damage|p2a: Aerodactyl|36\/302
|-damage|p1a: Hassan|193\/341|[from] recoil|[of] p2a: Aerodactyl
|
|turn|11
|
|detailschange|p2a: Aerodactyl|Aerodactyl-Mega, F
|-mega|p2a: Aerodactyl|Aerodactyl|Aerodactylite
|move|p2a: Aerodactyl|Pursuit|p1a: Hassan|[from]Pursuit
|-damage|p1a: Hassan|50\/341
|switch|p1a: Druida|Shaymin|342\/342
|-damage|p1a: Druida|300\/342|[from] Stealth Rock
|
|-heal|p1a: Druida|321\/342|[from] item: Leftovers
|turn|12
|
|move|p2a: Aerodactyl|Aerial Ace|p1a: Druida
|-supereffective|p1a: Druida
|-damage|p1a: Druida|27\/342
|move|p1a: Druida|Seed Flare|p2a: Aerodactyl
|-damage|p2a: Aerodactyl|0 fnt
|faint|p2a: Aerodactyl
|
|-heal|p1a: Druida|48\/342|[from] item: Leftovers
|
|switch|p2a: Serperior|Serperior, M|196\/303
|-damage|p2a: Serperior|159\/303|[from] Stealth Rock
|turn|13
|
|move|p2a: Serperior|Leaf Storm|p1a: Druida
|-resisted|p1a: Druida
|-damage|p1a: Druida|0 fnt
|-boost|p2a: Serperior|spa|2
|faint|p1a: Druida
|
|
|switch|p1a: Titania|Florges, F|360\/360
|-damage|p1a: Titania|315\/360|[from] Stealth Rock
|turn|14
|
|move|p2a: Serperior|Leaf Storm|p1a: Titania
|-damage|p1a: Titania|108\/360
|-boost|p2a: Serperior|spa|2
|move|p1a: Titania|Moonblast|p2a: Serperior
|-crit|p2a: Serperior
|-damage|p2a: Serperior|0 fnt
|faint|p2a: Serperior
|
|-heal|p1a: Titania|130\/360|[from] item: Leftovers
|
|switch|p2a: Dragalge|Dragalge, F|283\/283
|-damage|p2a: Dragalge|248\/283|[from] Stealth Rock
|turn|15
|
|move|p1a: Titania|Moonblast|p2a: Dragalge
|-damage|p2a: Dragalge|148\/283
|move|p2a: Dragalge|Sludge Wave|p1a: Titania
|-supereffective|p1a: Titania
|-damage|p1a: Titania|0 fnt
|faint|p1a: Titania
|
|
|switch|p1a: Doom|Hydreigon, M|185\/325
|-damage|p1a: Doom|145\/325|[from] Stealth Rock
|turn|16
|
|move|p1a: Doom|Draco Meteor|p2a: Dragalge
|-crit|p2a: Dragalge
|-supereffective|p2a: Dragalge
|-damage|p2a: Dragalge|0 fnt
|-unboost|p1a: Doom|spa|2
|-damage|p1a: Doom|113\/325|[from] item: Life Orb
|faint|p2a: Dragalge
|
|win|Akai-kun
|raw|Ladder updating...
|raw|Akai-kun's rating: 1389 &rarr; <strong>1415<\/strong><br \/>(+26 for winning)
|raw|zoid&apos;s warhorse's rating: 1492 &rarr; <strong>1466<\/strong><br \/>(-26 for losing)
|c|âzoid's warhorse|gg
|c|âAkai-kun|gg