|join|zoid's warhorse
|join|Dr. Eliza
|player|p1|zoid's warhorse|188
|player|p2|Dr. Eliza|255
|gametype|singles
|gen|6
|tier|UU
|rated
|rule|Sleep Clause Mod: Limit one foe put to sleep
|rule|Species Clause: Limit one of each PokÃ©mon
|rule|OHKO Clause: OHKO moves are banned
|rule|Moody Clause: Moody is banned
|rule|Evasion Moves Clause: Evasion moves are banned
|rule|Endless Battle Clause: Forcing endless battles is banned
|rule|HP Percentage Mod: HP is shown in percentages
|clearpoke
|poke|p1|Aerodactyl, M
|poke|p1|Azelf
|poke|p1|Dragalge, F
|poke|p1|Lucario, F
|poke|p1|Magneton
|poke|p1|Serperior, F
|poke|p2|Aggron, F
|poke|p2|Umbreon, F, shiny
|poke|p2|Scrafty, M
|poke|p2|Crobat, M
|poke|p2|Starmie
|poke|p2|Trevenant, M
|rule|Swagger Clause: Swagger is banned
|rule|Baton Pass Clause: Limit one PokÃ©mon knowing Baton Pass
|teampreview
|
|start
|switch|p1a: Azelf|Azelf|291\/291
|switch|p2a: Crobat|Crobat, M|311\/311
|turn|1
|
|move|p2a: Crobat|U-turn|p1a: Azelf
|-supereffective|p1a: Azelf
|-damage|p1a: Azelf|53\/291
|
|switch|p2a: Starmie|Starmie|323\/323
|move|p1a: Azelf|Stealth Rock|p2a: Starmie
|-sidestart|p2: Dr. Eliza|move: Stealth Rock
|
|turn|2
|
|switch|p2a: Trevenant|Trevenant, M|373\/373
|-damage|p2a: Trevenant|327\/373|[from] Stealth Rock
|move|p1a: Azelf|Knock Off|p2a: Trevenant
|-supereffective|p2a: Trevenant
|-damage|p2a: Trevenant|31\/373
|-enditem|p2a: Trevenant|Lum Berry|[from] move: Knock Off|[of] p1a: Azelf
|
|turn|3
|
|move|p1a: Azelf|Taunt|p2a: Trevenant
|-start|p2a: Trevenant|move: Taunt
|move|p2a: Trevenant|Horn Leech|p1a: Azelf
|-damage|p1a: Azelf|0 fnt
|-heal|p2a: Trevenant|58\/373|[from] drain|[of] p1a: Azelf
|faint|p1a: Azelf
|
|
|switch|p1a: Serperior|Serperior, F|303\/303
|turn|4
|
|switch|p2a: Scrafty|Scrafty, M|333\/333
|-damage|p2a: Scrafty|313\/333|[from] Stealth Rock
|move|p1a: Serperior|Glare|p2a: Scrafty
|-status|p2a: Scrafty|par
|
|turn|5
|
|move|p1a: Serperior|Leaf Storm|p2a: Scrafty
|-damage|p2a: Scrafty|229\/333 par
|-boost|p1a: Serperior|spa|2
|move|p2a: Scrafty|Knock Off|p1a: Serperior
|-damage|p1a: Serperior|156\/303
|-enditem|p1a: Serperior|Lum Berry|[from] move: Knock Off|[of] p2a: Scrafty
|
|turn|6
|
|move|p1a: Serperior|Leaf Storm|p2a: Scrafty
|-crit|p2a: Scrafty
|-damage|p2a: Scrafty|0 fnt
|-boost|p1a: Serperior|spa|2
|faint|p2a: Scrafty
|
|
|switch|p2a: Crobat|Crobat, M|311\/311
|-damage|p2a: Crobat|234\/311|[from] Stealth Rock
|turn|7
|
|move|p2a: Crobat|Brave Bird|p1a: Serperior
|-supereffective|p1a: Serperior
|-damage|p1a: Serperior|0 fnt
|-damage|p2a: Crobat|183\/311|[from] recoil|[of] p1a: Serperior
|faint|p1a: Serperior
|
|
|switch|p1a: Magneton|Magneton|303\/303
|turn|8
|
|switch|p2a: Umbreon|Umbreon, F, shiny|394\/394
|-damage|p2a: Umbreon|345\/394|[from] Stealth Rock
|move|p1a: Magneton|Volt Switch|p2a: Umbreon
|-damage|p2a: Umbreon|263\/394
|
|switch|p1a: Lucario|Lucario, F|279\/279
|
|-heal|p2a: Umbreon|287\/394|[from] item: Leftovers
|turn|9
|
|move|p1a: Lucario|Close Combat|p2a: Umbreon
|-supereffective|p2a: Umbreon
|-damage|p2a: Umbreon|0 fnt
|-unboost|p1a: Lucario|def|1
|-unboost|p1a: Lucario|spd|1
|-damage|p1a: Lucario|252\/279|[from] item: Life Orb
|faint|p2a: Umbreon
|
|
|switch|p2a: Starmie|Starmie|323\/323
|-damage|p2a: Starmie|283\/323|[from] Stealth Rock
|turn|10
|
|switch|p1a: Magneton|Magneton|303\/303
|move|p2a: Starmie|Scald|p1a: Magneton
|-damage|p1a: Magneton|192\/303
|
|-heal|p2a: Starmie|303\/323|[from] item: Leftovers
|turn|11
|
|move|p2a: Starmie|Recover|p2a: Starmie
|-heal|p2a: Starmie|323\/323
|move|p1a: Magneton|Volt Switch|p2a: Starmie
|-supereffective|p2a: Starmie
|-damage|p2a: Starmie|21\/323
|
|switch|p1a: Aerodactyl|Aerodactyl, M|302\/302
|-ability|p1a: Aerodactyl|Unnerve|p2: Dr. Eliza
|
|-heal|p2a: Starmie|41\/323|[from] item: Leftovers
|turn|12
|c|âDr. Eliza|fuck
|c|âDr. Eliza|i was faster
|
|detailschange|p1a: Aerodactyl|Aerodactyl-Mega, M
|-mega|p1a: Aerodactyl|Aerodactyl|Aerodactylite
|move|p1a: Aerodactyl|Pursuit|p2a: Starmie
|-supereffective|p2a: Starmie
|-damage|p2a: Starmie|0 fnt
|faint|p2a: Starmie
|
|
|switch|p2a: Aggron|Aggron, F|344\/344
|-damage|p2a: Aggron|323\/344|[from] Stealth Rock
|turn|13
|
|switch|p1a: Dragalge|Dragalge, F|283\/283
|detailschange|p2a: Aggron|Aggron-Mega, F
|-mega|p2a: Aggron|Aggron|Aggronite
|move|p2a: Aggron|Heavy Slam|p1a: Dragalge
|-damage|p1a: Dragalge|111\/283
|
|turn|14
|
|move|p1a: Dragalge|Focus Blast|p2a: Aggron
|-supereffective|p2a: Aggron
|-damage|p2a: Aggron|23\/344
|move|p2a: Aggron|Dragon Tail|p1a: Dragalge
|-supereffective|p1a: Dragalge
|-damage|p1a: Dragalge|0 fnt
|faint|p1a: Dragalge
|
|
|switch|p1a: Magneton|Magneton|192\/303
|turn|15
|
|move|p1a: Magneton|Thunderbolt|p2a: Aggron
|-damage|p2a: Aggron|0 fnt
|faint|p2a: Aggron
|
|
|switch|p2a: Crobat|Crobat, M|183\/311
|-damage|p2a: Crobat|106\/311|[from] Stealth Rock
|turn|16
|
|move|p2a: Crobat|Brave Bird|p1a: Magneton
|-crit|p1a: Magneton
|-resisted|p1a: Magneton
|-damage|p1a: Magneton|125\/303
|-damage|p2a: Crobat|84\/311|[from] recoil|[of] p1a: Magneton
|move|p1a: Magneton|Thunderbolt|p2a: Crobat
|-supereffective|p2a: Crobat
|-damage|p2a: Crobat|0 fnt
|faint|p2a: Crobat
|
|
|switch|p2a: Trevenant|Trevenant, M|58\/373
|-damage|p2a: Trevenant|12\/373|[from] Stealth Rock
|turn|17
|
|move|p1a: Magneton|Thunderbolt|p2a: Trevenant
|-resisted|p2a: Trevenant
|-damage|p2a: Trevenant|0 fnt
|faint|p2a: Trevenant
|
|win|zoid's warhorse
|raw|Ladder updating...
|raw|zoid&apos;s warhorse's rating: 1506 &rarr; <strong>1516<\/strong><br \/>(+10 for winning)
|raw|Dr. Eliza's rating: 1312 &rarr; <strong>1302<\/strong><br \/>(-10 for losing)
|c|âzoid's warhorse|gg