|join|zoid's warhorse
|join|boneyardtree
|player|p1|zoid's warhorse|188
|player|p2|boneyardtree|1
|gametype|singles
|gen|6
|tier|UU
|rated
|rule|Sleep Clause Mod: Limit one foe put to sleep
|rule|Species Clause: Limit one of each PokÃ©mon
|rule|OHKO Clause: OHKO moves are banned
|rule|Moody Clause: Moody is banned
|rule|Evasion Moves Clause: Evasion moves are banned
|rule|Endless Battle Clause: Forcing endless battles is banned
|rule|HP Percentage Mod: HP is shown in percentages
|clearpoke
|poke|p1|Aerodactyl, F
|poke|p1|Azelf
|poke|p1|Dragalge, M
|poke|p1|Lucario, F
|poke|p1|Magneton
|poke|p1|Serperior, F
|poke|p2|Galvantula, F
|poke|p2|Arcanine, F, shiny
|poke|p2|Jirachi
|poke|p2|Suicune
|poke|p2|Ampharos, F, shiny
|poke|p2|Haxorus, F
|rule|Swagger Clause: Swagger is banned
|rule|Baton Pass Clause: Limit one PokÃ©mon knowing Baton Pass
|teampreview
|
|start
|switch|p1a: Azelf|Azelf|291\/291
|switch|p2a: Galvantula|Galvantula, F|281\/281
|turn|1
|
|move|p1a: Azelf|Taunt|p2a: Galvantula
|-start|p2a: Galvantula|move: Taunt
|move|p2a: Galvantula|Bug Buzz|p1a: Azelf
|-supereffective|p1a: Azelf
|-enditem|p1a: Azelf|Focus Sash
|-damage|p1a: Azelf|1\/291
|
|turn|2
|
|switch|p2a: Ampharos|Ampharos, F, shiny|322\/322
|move|p1a: Azelf|Stealth Rock|p2a: Ampharos
|-sidestart|p2: boneyardtree|move: Stealth Rock
|
|turn|3
|
|detailschange|p2a: Ampharos|Ampharos-Mega, F, shiny
|-mega|p2a: Ampharos|Ampharos|Ampharosite
|-ability|p2a: Ampharos|Mold Breaker
|move|p1a: Azelf|Explosion|p2a: Ampharos
|-damage|p2a: Ampharos|65\/322
|faint|p1a: Azelf
|move|p2a: Ampharos|Agility|p2a: Ampharos
|-boost|p2a: Ampharos|spe|2
|
|
|switch|p1a: Serperior|Serperior, F|303\/303
|turn|4
|
|move|p2a: Ampharos|Dragon Pulse|p1a: Serperior
|-damage|p1a: Serperior|92\/303
|move|p1a: Serperior|Dragon Pulse|p2a: Ampharos
|-supereffective|p2a: Ampharos
|-damage|p2a: Ampharos|0 fnt
|faint|p2a: Ampharos
|
|
|switch|p2a: Galvantula|Galvantula, F|281\/281
|-damage|p2a: Galvantula|211\/281|[from] Stealth Rock
|turn|5
|
|switch|p1a: Magneton|Magneton|303\/303
|move|p2a: Galvantula|Bug Buzz|p1a: Magneton
|-resisted|p1a: Magneton
|-damage|p1a: Magneton|249\/303
|
|turn|6
|
|move|p2a: Galvantula|Sticky Web|p1a: Magneton
|-sidestart|p1: zoid's warhorse|move: Sticky Web
|move|p1a: Magneton|Volt Switch|p2a: Galvantula
|-resisted|p2a: Galvantula
|-damage|p2a: Galvantula|115\/281
|
|switch|p1a: Aerodactyl|Aerodactyl, F|302\/302
|-ability|p1a: Aerodactyl|Unnerve|p2: boneyardtree
|
|turn|7
|
|detailschange|p1a: Aerodactyl|Aerodactyl-Mega, F
|-mega|p1a: Aerodactyl|Aerodactyl|Aerodactylite
|move|p1a: Aerodactyl|Aerial Ace|p2a: Galvantula
|-damage|p2a: Galvantula|0 fnt
|faint|p2a: Galvantula
|
|
|switch|p2a: Suicune|Suicune|404\/404
|-damage|p2a: Suicune|354\/404|[from] Stealth Rock
|-ability|p2a: Suicune|Pressure
|turn|8
|
|switch|p1a: Magneton|Magneton|249\/303
|-activate|p1a: Magneton|move: Sticky Web
|-unboost|p1a: Magneton|spe|1
|move|p2a: Suicune|Scald|p1a: Magneton
|-crit|p1a: Magneton
|-damage|p1a: Magneton|129\/303
|
|-heal|p2a: Suicune|379\/404|[from] item: Leftovers
|turn|9
|
|switch|p2a: Haxorus|Haxorus, F|294\/294
|-damage|p2a: Haxorus|258\/294|[from] Stealth Rock
|-ability|p2a: Haxorus|Mold Breaker
|move|p1a: Magneton|Volt Switch|p2a: Haxorus
|-resisted|p2a: Haxorus
|-damage|p2a: Haxorus|168\/294
|
|switch|p1a: Aerodactyl|Aerodactyl-Mega, F|302\/302
|
|turn|10
|
|move|p1a: Aerodactyl|Aerial Ace|p2a: Haxorus
|-damage|p2a: Haxorus|14\/294
|move|p2a: Haxorus|Outrage|p1a: Aerodactyl
|-crit|p1a: Aerodactyl
|-damage|p1a: Aerodactyl|0 fnt
|faint|p1a: Aerodactyl
|
|
|switch|p1a: Serperior|Serperior, F|92\/303
|-activate|p1a: Serperior|move: Sticky Web
|-boost|p1a: Serperior|spe|1
|turn|11
|
|move|p1a: Serperior|Leaf Storm|p2a: Haxorus
|-resisted|p2a: Haxorus
|-damage|p2a: Haxorus|0 fnt
|-boost|p1a: Serperior|spa|2
|faint|p2a: Haxorus
|
|
|switch|p2a: Jirachi|Jirachi|341\/341
|-damage|p2a: Jirachi|320\/341|[from] Stealth Rock
|turn|12
|
|move|p1a: Serperior|Hidden Power|p2a: Jirachi
|-supereffective|p2a: Jirachi
|-damage|p2a: Jirachi|138\/341
|move|p2a: Jirachi|U-turn|p1a: Serperior
|-supereffective|p1a: Serperior
|-damage|p1a: Serperior|0 fnt
|faint|p1a: Serperior
|
|switch|p2a: Arcanine|Arcanine, F, shiny|321\/321
|-damage|p2a: Arcanine|241\/321|[from] Stealth Rock
|
|
|switch|p1a: Dragalge|Dragalge, M|283\/283
|-activate|p1a: Dragalge|move: Sticky Web
|-unboost|p1a: Dragalge|spe|1
|turn|13
|
|move|p2a: Arcanine|Close Combat|p1a: Dragalge
|-crit|p1a: Dragalge
|-resisted|p1a: Dragalge
|-damage|p1a: Dragalge|136\/283
|-unboost|p2a: Arcanine|def|1
|-unboost|p2a: Arcanine|spd|1
|-damage|p2a: Arcanine|209\/321|[from] item: Life Orb
|move|p1a: Dragalge|Sludge Wave|p2a: Arcanine
|-damage|p2a: Arcanine|0 fnt
|faint|p2a: Arcanine
|
|
|switch|p2a: Suicune|Suicune|379\/404
|-damage|p2a: Suicune|329\/404|[from] Stealth Rock
|-ability|p2a: Suicune|Pressure
|turn|14
|
|move|p2a: Suicune|Scald|p1a: Dragalge
|-resisted|p1a: Dragalge
|-damage|p1a: Dragalge|97\/283
|move|p1a: Dragalge|Sludge Wave|p2a: Suicune
|-damage|p2a: Suicune|69\/404
|
|-heal|p2a: Suicune|94\/404|[from] item: Leftovers
|turn|15
|
|move|p2a: Suicune|Rest|p2a: Suicune
|-status|p2a: Suicune|slp
|-heal|p2a: Suicune|404\/404 slp|[silent]
|-status|p2a: Suicune|slp|[from] move: Rest
|move|p1a: Dragalge|Sludge Wave|p2a: Suicune
|-damage|p2a: Suicune|140\/404 slp
|
|-heal|p2a: Suicune|165\/404 slp|[from] item: Leftovers
|turn|16
|
|switch|p1a: Lucario|Lucario, F|279\/279
|-activate|p1a: Lucario|move: Sticky Web
|-unboost|p1a: Lucario|spe|1
|cant|p2a: Suicune|slp
|move|p2a: Suicune|Sleep Talk|p2a: Suicune
|move|p2a: Suicune|Calm Mind|p2a: Suicune|[from]Sleep Talk
|-boost|p2a: Suicune|spa|1
|-boost|p2a: Suicune|spd|1
|
|-heal|p2a: Suicune|190\/404 slp|[from] item: Leftovers
|turn|17
|
|cant|p2a: Suicune|slp
|move|p2a: Suicune|Sleep Talk|p2a: Suicune
|move|p2a: Suicune|Rest|p2a: Suicune|[from]Sleep Talk
|-fail|p2a: Suicune
|move|p1a: Lucario|Close Combat|p2a: Suicune
|-damage|p2a: Suicune|41\/404 slp
|-unboost|p1a: Lucario|def|1
|-unboost|p1a: Lucario|spd|1
|-damage|p1a: Lucario|252\/279|[from] item: Life Orb
|
|-heal|p2a: Suicune|66\/404 slp|[from] item: Leftovers
|turn|18
|
|-curestatus|p2a: Suicune|slp
|move|p2a: Suicune|Rest|p2a: Suicune
|-status|p2a: Suicune|slp
|-heal|p2a: Suicune|404\/404 slp|[silent]
|-status|p2a: Suicune|slp|[from] move: Rest
|move|p1a: Lucario|Swords Dance|p1a: Lucario
|-boost|p1a: Lucario|atk|2
|
|turn|19
|
|cant|p2a: Suicune|slp
|move|p2a: Suicune|Sleep Talk|p2a: Suicune
|move|p2a: Suicune|Calm Mind|p2a: Suicune|[from]Sleep Talk
|-boost|p2a: Suicune|spa|1
|-boost|p2a: Suicune|spd|1
|move|p1a: Lucario|Close Combat|p2a: Suicune
|-damage|p2a: Suicune|104\/404 slp
|-unboost|p1a: Lucario|def|1
|-unboost|p1a: Lucario|spd|1
|-damage|p1a: Lucario|225\/279|[from] item: Life Orb
|
|-heal|p2a: Suicune|129\/404 slp|[from] item: Leftovers
|turn|20
|
|cant|p2a: Suicune|slp
|move|p2a: Suicune|Sleep Talk|p2a: Suicune
|move|p2a: Suicune|Calm Mind|p2a: Suicune|[from]Sleep Talk
|-boost|p2a: Suicune|spa|1
|-boost|p2a: Suicune|spd|1
|move|p1a: Lucario|Close Combat|p2a: Suicune
|-damage|p2a: Suicune|0 fnt
|-unboost|p1a: Lucario|def|1
|-unboost|p1a: Lucario|spd|1
|-damage|p1a: Lucario|198\/279|[from] item: Life Orb
|faint|p2a: Suicune
|
|
|switch|p2a: Jirachi|Jirachi|138\/341
|-damage|p2a: Jirachi|117\/341|[from] Stealth Rock
|turn|21
|
|move|p1a: Lucario|Bullet Punch|p2a: Jirachi
|-resisted|p2a: Jirachi
|-damage|p2a: Jirachi|35\/341
|-damage|p1a: Lucario|171\/279|[from] item: Life Orb
|move|p2a: Jirachi|Iron Head|p1a: Lucario
|-crit|p1a: Lucario
|-resisted|p1a: Lucario
|-damage|p1a: Lucario|0 fnt
|faint|p1a: Lucario
|
|
|switch|p1a: Magneton|Magneton|129\/303
|-activate|p1a: Magneton|move: Sticky Web
|-unboost|p1a: Magneton|spe|1
|turn|22
|
|move|p2a: Jirachi|Iron Head|p1a: Magneton
|-resisted|p1a: Magneton
|-damage|p1a: Magneton|107\/303
|move|p1a: Magneton|Thunderbolt|p2a: Jirachi
|-damage|p2a: Jirachi|0 fnt
|faint|p2a: Jirachi
|
|win|zoid's warhorse
|raw|Ladder updating...
|raw|zoid&apos;s warhorse's rating: 1449 &rarr; <strong>1462<\/strong><br \/>(+13 for winning)
|raw|boneyardtree's rating: 1335 &rarr; <strong>1321<\/strong><br \/>(-14 for losing)
|c|âzoid's warhorse|gg