|join|zoid's warhorse
|join|Jar of Flies
|player|p1|zoid's warhorse|188
|player|p2|Jar of Flies|244
|gametype|singles
|gen|6
|tier|UU
|rated
|rule|Sleep Clause Mod: Limit one foe put to sleep
|rule|Species Clause: Limit one of each PokÃ©mon
|rule|OHKO Clause: OHKO moves are banned
|rule|Moody Clause: Moody is banned
|rule|Evasion Moves Clause: Evasion moves are banned
|rule|Endless Battle Clause: Forcing endless battles is banned
|rule|HP Percentage Mod: HP is shown in percentages
|clearpoke
|poke|p1|Aerodactyl, F
|poke|p1|Azelf
|poke|p1|Dragalge, M
|poke|p1|Lucario, F
|poke|p1|Magneton
|poke|p1|Serperior, M
|poke|p2|Forretress, F
|poke|p2|Machamp, M
|poke|p2|Umbreon, M
|poke|p2|Ampharos, F
|poke|p2|Haxorus, M
|poke|p2|Sigilyph, M
|rule|Swagger Clause: Swagger is banned
|rule|Baton Pass Clause: Limit one PokÃ©mon knowing Baton Pass
|teampreview
|
|start
|switch|p1a: Azelf|Azelf|291\/291
|switch|p2a: Umbreon|Umbreon, M|389\/389
|turn|1
|
|move|p1a: Azelf|Stealth Rock|p2a: Umbreon
|-sidestart|p2: Jar of Flies|move: Stealth Rock
|move|p2a: Umbreon|Foul Play|p1a: Azelf
|-supereffective|p1a: Azelf
|-enditem|p1a: Azelf|Focus Sash
|-damage|p1a: Azelf|1\/291
|
|turn|2
|
|move|p1a: Azelf|Taunt|p2a: Umbreon
|-start|p2a: Umbreon|move: Taunt
|move|p2a: Umbreon|Foul Play|p1a: Azelf
|-supereffective|p1a: Azelf
|-damage|p1a: Azelf|0 fnt
|faint|p1a: Azelf
|
|
|switch|p1a: Serperior|Serperior, M|296\/296
|turn|3
|
|switch|p2a: Machamp|Machamp, M|383\/383
|-damage|p2a: Machamp|360\/383|[from] Stealth Rock
|move|p1a: Serperior|Leaf Storm|p2a: Machamp
|-crit|p2a: Machamp
|-damage|p2a: Machamp|161\/383
|-boost|p1a: Serperior|spa|2
|
|turn|4
|
|move|p1a: Serperior|Leaf Storm|p2a: Machamp
|-damage|p2a: Machamp|0 fnt
|-boost|p1a: Serperior|spa|2
|faint|p2a: Machamp
|
|
|switch|p2a: Haxorus|Haxorus, M|293\/293
|-damage|p2a: Haxorus|257\/293|[from] Stealth Rock
|-ability|p2a: Haxorus|Mold Breaker
|turn|5
|
|move|p2a: Haxorus|Outrage|p1a: Serperior
|-damage|p1a: Serperior|14\/296
|move|p1a: Serperior|Dragon Pulse|p2a: Haxorus
|-supereffective|p2a: Haxorus
|-damage|p2a: Haxorus|0 fnt
|faint|p2a: Haxorus
|
|
|switch|p2a: Umbreon|Umbreon, M|389\/389
|-damage|p2a: Umbreon|341\/389|[from] Stealth Rock
|turn|6
|
|move|p1a: Serperior|Leaf Storm|p2a: Umbreon
|-damage|p2a: Umbreon|7\/389
|-boost|p1a: Serperior|spa|2
|move|p2a: Umbreon|Foul Play|p1a: Serperior
|-damage|p1a: Serperior|0 fnt
|faint|p1a: Serperior
|
|-heal|p2a: Umbreon|31\/389|[from] item: Leftovers
|-message|Jar of Flies forfeited.
|
|win|zoid's warhorse
|raw|Ladder updating...
|leave|Jar of Flies
|player|p2
|raw|zoid&apos;s warhorse's rating: 1371 &rarr; <strong>1382<\/strong><br \/>(+11 for winning)
|raw|Jar of Flies's rating: 1199 &rarr; <strong>1186<\/strong><br \/>(-13 for losing)
|leave|zoid's warhorse
|player|p1
|join|zoid's warhorse