|join|zoid's warhorse
|join|satsuki121
|player|p1|zoid's warhorse|188
|player|p2|satsuki121|116
|gametype|singles
|gen|6
|tier|UU
|rated
|rule|Sleep Clause Mod: Limit one foe put to sleep
|rule|Species Clause: Limit one of each PokÃ©mon
|rule|OHKO Clause: OHKO moves are banned
|rule|Moody Clause: Moody is banned
|rule|Evasion Moves Clause: Evasion moves are banned
|rule|Endless Battle Clause: Forcing endless battles is banned
|rule|HP Percentage Mod: HP is shown in percentages
|clearpoke
|poke|p1|Aerodactyl, F
|poke|p1|Azelf
|poke|p1|Dragalge, M
|poke|p1|Lucario, M
|poke|p1|Magneton
|poke|p1|Serperior, F
|poke|p2|Galvantula, M
|poke|p2|Blastoise, M
|poke|p2|Trevenant, F, shiny
|poke|p2|Rhyperior, M
|poke|p2|Haxorus, M, shiny
|poke|p2|Tornadus, M
|rule|Swagger Clause: Swagger is banned
|rule|Baton Pass Clause: Limit one PokÃ©mon knowing Baton Pass
|teampreview
|
|start
|switch|p1a: Azelf|Azelf|291\/291
|switch|p2a: Rhyperior|Rhyperior, M|419\/419
|turn|1
|
|move|p1a: Azelf|Taunt|p2a: Rhyperior
|-start|p2a: Rhyperior|move: Taunt
|move|p2a: Rhyperior|Dragon Tail|p1a: Azelf
|-damage|p1a: Azelf|210\/291
|drag|p1a: Aerodactyl|Aerodactyl, F|302\/302
|-ability|p1a: Aerodactyl|Unnerve|p2: satsuki121
|
|turn|2
|
|detailschange|p1a: Aerodactyl|Aerodactyl-Mega, F
|-mega|p1a: Aerodactyl|Aerodactyl|Aerodactylite
|move|p1a: Aerodactyl|Aqua Tail|p2a: Rhyperior
|-supereffective|p2a: Rhyperior
|-damage|p2a: Rhyperior|149\/419
|move|p2a: Rhyperior|Ice Punch|p1a: Aerodactyl
|-supereffective|p1a: Aerodactyl
|-damage|p1a: Aerodactyl|124\/302
|
|-heal|p2a: Rhyperior|175\/419|[from] item: Leftovers
|turn|3
|
|switch|p2a: Blastoise|Blastoise, M|357\/357
|move|p1a: Aerodactyl|Aqua Tail|p2a: Blastoise
|-resisted|p2a: Blastoise
|-damage|p2a: Blastoise|281\/357
|
|turn|4
|
|switch|p1a: Magneton|Magneton|303\/303
|detailschange|p2a: Blastoise|Blastoise-Mega, M
|-mega|p2a: Blastoise|Blastoise|Blastoisinite
|move|p2a: Blastoise|Scald|p1a: Magneton
|-damage|p1a: Magneton|146\/303
|-status|p1a: Magneton|brn
|
|-damage|p1a: Magneton|109\/303 brn|[from] brn
|turn|5
|
|switch|p2a: Trevenant|Trevenant, F, shiny|373\/373
|move|p1a: Magneton|Volt Switch|p2a: Trevenant
|-resisted|p2a: Trevenant
|-damage|p2a: Trevenant|319\/373
|
|switch|p1a: Azelf|Azelf|210\/291
|
|turn|6
|
|move|p1a: Azelf|Knock Off|p2a: Trevenant
|-supereffective|p2a: Trevenant
|-damage|p2a: Trevenant|57\/373
|-enditem|p2a: Trevenant|Lum Berry|[from] move: Knock Off|[of] p1a: Azelf
|move|p2a: Trevenant|Leech Seed|p1a: Azelf
|-start|p1a: Azelf|move: Leech Seed
|
|-damage|p1a: Azelf|174\/291|[from] Leech Seed|[of] p2a: Trevenant
|-heal|p2a: Trevenant|93\/373|[silent]
|turn|7
|
|move|p1a: Azelf|Stealth Rock|p2a: Trevenant
|-sidestart|p2: satsuki121|move: Stealth Rock
|move|p2a: Trevenant|Rest|p2a: Trevenant
|-status|p2a: Trevenant|slp
|-heal|p2a: Trevenant|373\/373 slp|[silent]
|-status|p2a: Trevenant|slp|[from] move: Rest
|
|-damage|p1a: Azelf|138\/291|[from] Leech Seed|[of] p2a: Trevenant
|turn|8
|
|switch|p1a: Serperior|Serperior, F|296\/296
|cant|p2a: Trevenant|slp
|
|turn|9
|-message|satsuki121 forfeited.
|
|win|zoid's warhorse
|raw|Ladder updating...
|leave|satsuki121
|player|p2
|raw|zoid&apos;s warhorse's rating: 1374 &rarr; <strong>1397<\/strong><br \/>(+23 for winning)
|raw|satsuki121's rating: 1416 &rarr; <strong>1394<\/strong><br \/>(-22 for losing)