|join|drammalife
|join|Probably Jesus
|player|p1|drammalife|101
|player|p2|Probably Jesus|217
|gametype|singles
|gen|6
|tier|OU
|rated
|clearpoke
|poke|p1|Hydreigon, F
|poke|p1|Gengar, F
|poke|p1|Rotom-Wash
|poke|p1|Sylveon, M
|poke|p1|Archeops, M
|poke|p1|Lopunny, F
|poke|p2|Lopunny, M, shiny
|poke|p2|Mamoswine, F, shiny
|poke|p2|Thundurus, M, shiny
|poke|p2|Crawdaunt, M, shiny
|poke|p2|Nidoking, M, shiny
|poke|p2|Sableye, F
|rule|Swagger Clause: Swagger is banned
|rule|Baton Pass Clause: Limit one PokÃ©mon knowing Baton Pass
|rule|Sleep Clause Mod: Limit one foe put to sleep
|rule|Species Clause: Limit one of each PokÃ©mon
|rule|OHKO Clause: OHKO moves are banned
|rule|Moody Clause: Moody is banned
|rule|Evasion Moves Clause: Evasion moves are banned
|rule|Endless Battle Clause: Forcing endless battles is banned
|rule|HP Percentage Mod: HP is shown in percentages
|teampreview
|
|start
|switch|p1a: Archeops|Archeops, M|291\/291
|switch|p2a: Durgs|Sableye, F|304\/304
|turn|1
|
|move|p2a: Durgs|Will-O-Wisp|p1a: Archeops
|-status|p1a: Archeops|brn
|move|p1a: Archeops|Acrobatics|p2a: Durgs
|-crit|p2a: Durgs
|-damage|p2a: Durgs|201\/304
|
|-heal|p2a: Durgs|220\/304|[from] item: Leftovers
|-damage|p1a: Archeops|255\/291 brn|[from] brn
|turn|2
|
|move|p2a: Durgs|Taunt|p1a: Archeops
|-start|p1a: Archeops|move: Taunt
|cant|p1a: Archeops|move: Taunt|Stealth Rock
|
|-heal|p2a: Durgs|239\/304|[from] item: Leftovers
|-damage|p1a: Archeops|219\/291 brn|[from] brn
|turn|3
|
|switch|p1a: Gengar|Gengar, F|261\/261
|move|p2a: Durgs|Confuse Ray|p1a: Gengar
|-start|p1a: Gengar|confusion
|
|-heal|p2a: Durgs|258\/304|[from] item: Leftovers
|turn|4
|c|âdrammalife|thats so bad
|c|âProbably Jesus|what is
|c|âdrammalife|retard
|c|âdrammalife|confuse ray
|
|switch|p2a: Star of the Show|Crawdaunt, M, shiny|268\/268
|-activate|p1a: Gengar|confusion
|move|p1a: Gengar|Shadow Ball|p2a: Star of the Show
|-resisted|p2a: Star of the Show
|-damage|p2a: Star of the Show|116\/268
|-damage|p1a: Gengar|235\/261|[from] item: Life Orb
|
|turn|5
|c|âdrammalife|go watch more verlisify
|c|âProbably Jesus|ive used it in ubers
|
|switch|p1a: Archeops|Archeops, M|219\/291 brn
|move|p2a: Star of the Show|Aqua Jet|p1a: Archeops
|-crit|p1a: Archeops
|-supereffective|p1a: Archeops
|-damage|p1a: Archeops|0 fnt
|-damage|p2a: Star of the Show|90\/268|[from] item: Life Orb
|faint|p1a: Archeops
|
|c|âdrammalife|so?
|
|switch|p1a: Hydreigon|Hydreigon, F|325\/325
|turn|6
|c|âProbably Jesus|So the RNG is fun
|c|âProbably Jesus|and thats what matters
|c|âdrammalife|wow
|
|move|p1a: Hydreigon|U-turn|p2a: Star of the Show
|-supereffective|p2a: Star of the Show
|-damage|p2a: Star of the Show|0 fnt
|faint|p2a: Star of the Show
|c|âdrammalife|your highest score is 1146
|
|switch|p1a: Sylveon|Sylveon, M|390\/390
|
|c|âProbably Jesus|and I get initiative
|c|âProbably Jesus|appreciate it
|
|switch|p2a: Nido Queen|Nidoking, M, shiny|303\/303
|turn|7
|
|switch|p1a: Gengar|Gengar, F|235\/261
|move|p2a: Nido Queen|Sludge Wave|p1a: Gengar
|-resisted|p1a: Gengar
|-damage|p1a: Gengar|186\/261
|
|turn|8
|
|switch|p2a: Rule 34|Lopunny, M, shiny|271\/271
|move|p1a: Gengar|Shadow Ball|p2a: Rule 34
|-immune|p2a: Rule 34|[msg]
|
|turn|9
|
|switch|p1a: Hydreigon|Hydreigon, F|325\/325
|detailschange|p2a: Rule 34|Lopunny-Mega, M, shiny
|-mega|p2a: Rule 34|Lopunny|Lopunnite
|move|p2a: Rule 34|Fake Out|p1a: Hydreigon
|-crit|p1a: Hydreigon
|-damage|p1a: Hydreigon|186\/325
|
|turn|10
|
|move|p1a: Hydreigon|Draco Meteor|p2a: Rule 34
|-damage|p2a: Rule 34|52\/271
|-unboost|p1a: Hydreigon|spa|2
|move|p2a: Rule 34|Drain Punch|p1a: Hydreigon
|-supereffective|p1a: Hydreigon
|-damage|p1a: Hydreigon|0 fnt
|-heal|p2a: Rule 34|145\/271|[from] drain|[of] p1a: Hydreigon
|faint|p1a: Hydreigon
|
|
|switch|p1a: Sylveon|Sylveon, M|390\/390
|turn|11
|
|move|p2a: Rule 34|Return|p1a: Sylveon
|-damage|p1a: Sylveon|140\/390
|move|p1a: Sylveon|Hyper Voice|p2a: Rule 34
|-supereffective|p2a: Rule 34
|-damage|p2a: Rule 34|0 fnt
|faint|p2a: Rule 34
|
|c|âProbably Jesus|it also has higher accuracy than swagger
|
|switch|p2a: Golden Bears|Mamoswine, F, shiny|362\/362
|turn|12
|c|âProbably Jesus|and I can use it safely against physical attackers
|
|switch|p1a: Rotom-Wash|Rotom-Wash|304\/304
|move|p2a: Golden Bears|Stealth Rock|p1a: Rotom-Wash
|-sidestart|p1: drammalife|move: Stealth Rock
|
|turn|13
|
|switch|p2a: Durgs|Sableye, F|258\/304
|move|p1a: Rotom-Wash|Will-O-Wisp|p2a: Durgs
|-status|p2a: Durgs|brn
|
|-heal|p2a: Durgs|277\/304 brn|[from] item: Leftovers
|-damage|p2a: Durgs|239\/304 brn|[from] brn
|turn|14
|c|âdrammalife|so what? its luck based garbage
|
|switch|p1a: Sylveon|Sylveon, M|140\/390
|-damage|p1a: Sylveon|92\/390|[from] Stealth Rock
|move|p2a: Durgs|Confuse Ray|p1a: Sylveon
|-start|p1a: Sylveon|confusion
|
|-heal|p2a: Durgs|258\/304 brn|[from] item: Leftovers
|-damage|p2a: Durgs|220\/304 brn|[from] brn
|turn|15
|
|switch|p2a: Nido Queen|Nidoking, M, shiny|303\/303
|-activate|p1a: Sylveon|confusion
|move|p1a: Sylveon|Hyper Voice|p2a: Nido Queen
|-resisted|p2a: Nido Queen
|-damage|p2a: Nido Queen|115\/303
|
|turn|16
|
|move|p2a: Nido Queen|Ice Beam|p1a: Sylveon
|-damage|p1a: Sylveon|9\/390
|-activate|p1a: Sylveon|confusion
|-damage|p1a: Sylveon|0 fnt|[from] confusion
|faint|p1a: Sylveon
|
|c|âdrammalife|congrats
|c|âProbably Jesus|?
|c|âdrammalife|i hit myself
|
|switch|p1a: Lopunny|Lopunny, F|271\/271
|-damage|p1a: Lopunny|238\/271|[from] Stealth Rock
|turn|17
|c|âProbably Jesus|i knoticed
|
|switch|p2a: Durgs|Sableye, F|220\/304 brn
|detailschange|p1a: Lopunny|Lopunny-Mega, F
|-mega|p1a: Lopunny|Lopunny|Lopunnite
|move|p1a: Lopunny|Frustration|p2a: Durgs
|-damage|p2a: Durgs|0 fnt
|faint|p2a: Durgs
|
|c|âProbably Jesus|Frustration
|c|âProbably Jesus|so smeargles cant copy
|c|âProbably Jesus|smart
|
|switch|p2a: Lakitu|Thundurus, M, shiny|299\/299
|turn|18
|
|move|p1a: Lopunny|Ice Punch|p2a: Lakitu
|-supereffective|p2a: Lakitu
|-damage|p2a: Lakitu|29\/299
|move|p2a: Lakitu|Thunderbolt|p1a: Lopunny
|-damage|p1a: Lopunny|79\/271
|
|turn|19
|c|âdrammalife|no wave
|
|move|p2a: Lakitu|Thunder Wave|p1a: Lopunny
|-status|p1a: Lopunny|par
|cant|p1a: Lopunny|par
|
|turn|20
|c|âdrammalife|ah nice
|
|move|p2a: Lakitu|Thunderbolt|p1a: Lopunny
|-damage|p1a: Lopunny|0 fnt
|faint|p1a: Lopunny
|
|
|switch|p1a: Rotom-Wash|Rotom-Wash|304\/304
|-damage|p1a: Rotom-Wash|266\/304|[from] Stealth Rock
|turn|21
|
|move|p2a: Lakitu|Thunderbolt|p1a: Rotom-Wash
|-crit|p1a: Rotom-Wash
|-damage|p1a: Rotom-Wash|44\/304
|move|p1a: Rotom-Wash|Will-O-Wisp|p2a: Lakitu
|-status|p2a: Lakitu|brn
|
|-heal|p1a: Rotom-Wash|63\/304|[from] item: Leftovers
|-damage|p2a: Lakitu|0 fnt|[from] brn
|faint|p2a: Lakitu
|c|âdrammalife|come on
|
|switch|p2a: Golden Bears|Mamoswine, F, shiny|362\/362
|turn|22
|
|move|p2a: Golden Bears|Ice Shard|p1a: Rotom-Wash
|-resisted|p1a: Rotom-Wash
|-damage|p1a: Rotom-Wash|36\/304
|move|p1a: Rotom-Wash|Hydro Pump|p2a: Golden Bears
|-supereffective|p2a: Golden Bears
|-enditem|p2a: Golden Bears|Focus Sash
|-damage|p2a: Golden Bears|1\/362
|
|-heal|p1a: Rotom-Wash|55\/304|[from] item: Leftovers
|turn|23
|
|move|p2a: Golden Bears|Ice Shard|p1a: Rotom-Wash
|-crit|p1a: Rotom-Wash
|-resisted|p1a: Rotom-Wash
|-damage|p1a: Rotom-Wash|13\/304
|move|p1a: Rotom-Wash|Will-O-Wisp|p2a: Golden Bears
|-status|p2a: Golden Bears|brn
|
|-heal|p1a: Rotom-Wash|32\/304|[from] item: Leftovers
|-damage|p2a: Golden Bears|0 fnt|[from] brn
|faint|p2a: Golden Bears
|c|âProbably Jesus|Ive lost
|c|âdrammalife|yes
|
|switch|p2a: Nido Queen|Nidoking, M, shiny|115\/303
|turn|24
|
|move|p2a: Nido Queen|Flamethrower|p1a: Rotom-Wash
|-resisted|p1a: Rotom-Wash
|-damage|p1a: Rotom-Wash|0 fnt
|faint|p1a: Rotom-Wash
|
|
|switch|p1a: Gengar|Gengar, F|186\/261
|-damage|p1a: Gengar|154\/261|[from] Stealth Rock
|turn|25
|c|âdrammalife|ru scarf?
|
|move|p2a: Nido Queen|Flamethrower|p1a: Gengar
|-damage|p1a: Gengar|11\/261
|move|p1a: Gengar|Shadow Ball|p2a: Nido Queen
|-damage|p2a: Nido Queen|0 fnt
|-damage|p1a: Gengar|0 fnt|[from] item: Life Orb
|faint|p2a: Nido Queen
|faint|p1a: Gengar
|
|win|drammalife
|raw|Ladder updating...
|raw|drammalife's rating: 1083 &rarr; <strong>1110<\/strong><br \/>(+27 for winning)
|raw|Probably Jesus's rating: 1082 &rarr; <strong>1060<\/strong><br \/>(-22 for losing)
|c|âProbably Jesus|yes
|c|âProbably Jesus|damn
|c|âProbably Jesus|gg
|c|âdrammalife|gg