|join|drammalife
|join|iloveleagueMD
|player|p1|drammalife|1
|player|p2|iloveleagueMD|167
|gametype|singles
|gen|6
|tier|OU
|rated
|clearpoke
|poke|p1|Raikou
|poke|p1|Diggersby, F
|poke|p1|Azelf
|poke|p1|Bisharp, F
|poke|p1|Slowbro, F
|poke|p1|Landorus, M
|poke|p2|Clefable, F
|poke|p2|Mamoswine, M
|poke|p2|Lopunny, F
|poke|p2|Landorus-Therian, M
|poke|p2|Ferrothorn, F
|poke|p2|Keldeo-Resolute
|rule|Swagger Clause: Swagger is banned
|rule|Baton Pass Clause: Limit one PokÃ©mon knowing Baton Pass
|rule|Sleep Clause Mod: Limit one foe put to sleep
|rule|Species Clause: Limit one of each PokÃ©mon
|rule|OHKO Clause: OHKO moves are banned
|rule|Moody Clause: Moody is banned
|rule|Evasion Moves Clause: Evasion moves are banned
|rule|Endless Battle Clause: Forcing endless battles is banned
|rule|HP Percentage Mod: HP is shown in percentages
|teampreview
|c|âiloveleagueMD|hmm nice and pokeaim
|
|start
|switch|p1a: Slowbro|Slowbro, F|394\/394
|switch|p2a: Landorus-Therian|Landorus-Therian, M|320\/320
|-ability|p2a: Landorus-Therian|Intimidate|[of] p1a: Slowbro
|-unboost|p1a: Slowbro|atk|1
|turn|1
|
|detailschange|p1a: Slowbro|Slowbro-Mega, F
|-mega|p1a: Slowbro|Slowbro|Slowbronite
|move|p2a: Landorus-Therian|U-turn|p1a: Slowbro
|-supereffective|p1a: Slowbro
|-damage|p1a: Slowbro|294\/394
|
|switch|p2a: Clefable|Clefable, F|394\/394
|move|p1a: Slowbro|Fire Blast|p2a: Clefable
|-crit|p2a: Clefable
|-damage|p2a: Clefable|191\/394
|
|-heal|p2a: Clefable|215\/394|[from] item: Leftovers
|turn|2
|
|switch|p1a: Bisharp|Bisharp, F|271\/271
|move|p2a: Clefable|Soft-Boiled|p2a: Clefable
|-heal|p2a: Clefable|394\/394
|
|turn|3
|c|âiloveleagueMD|ok that has low kick
|
|switch|p2a: Ferrothorn|Ferrothorn, F|352\/352
|move|p1a: Bisharp|Iron Head|p2a: Ferrothorn
|-resisted|p2a: Ferrothorn
|-damage|p2a: Ferrothorn|294\/352
|-damage|p1a: Bisharp|238\/271|[from] ability: Iron Barbs|[of] p2a: Ferrothorn
|
|-heal|p2a: Ferrothorn|316\/352|[from] item: Leftovers
|turn|4
|
|move|p1a: Bisharp|Knock Off|p2a: Ferrothorn
|-damage|p2a: Ferrothorn|189\/352
|-damage|p1a: Bisharp|205\/271|[from] ability: Iron Barbs|[of] p2a: Ferrothorn
|-enditem|p2a: Ferrothorn|Leftovers|[from] move: Knock Off|[of] p1a: Bisharp
|move|p2a: Ferrothorn|Stealth Rock|p1a: Bisharp
|-sidestart|p1: drammalife|move: Stealth Rock
|
|turn|5
|c|âiloveleagueMD|huh no low kick
|
|move|p1a: Bisharp|Knock Off|p2a: Ferrothorn
|-damage|p2a: Ferrothorn|101\/352
|-damage|p1a: Bisharp|172\/271|[from] ability: Iron Barbs|[of] p2a: Ferrothorn
|move|p2a: Ferrothorn|Leech Seed|p1a: Bisharp
|-start|p1a: Bisharp|move: Leech Seed
|
|-damage|p1a: Bisharp|139\/271|[from] Leech Seed|[of] p2a: Ferrothorn
|-heal|p2a: Ferrothorn|134\/352|[silent]
|turn|6
|
|move|p2a: Ferrothorn|Protect|p2a: Ferrothorn
|-singleturn|p2a: Ferrothorn|Protect
|move|p1a: Bisharp|Iron Head|p2a: Ferrothorn
|-activate|p2a: Ferrothorn|Protect
|
|-damage|p1a: Bisharp|106\/271|[from] Leech Seed|[of] p2a: Ferrothorn
|-heal|p2a: Ferrothorn|167\/352|[silent]
|turn|7
|
|move|p2a: Ferrothorn|Protect|p2a: Ferrothorn
|-fail|p2a: Ferrothorn
|move|p1a: Bisharp|Iron Head|p2a: Ferrothorn
|-resisted|p2a: Ferrothorn
|-damage|p2a: Ferrothorn|105\/352
|-damage|p1a: Bisharp|73\/271|[from] ability: Iron Barbs|[of] p2a: Ferrothorn
|
|-damage|p1a: Bisharp|40\/271|[from] Leech Seed|[of] p2a: Ferrothorn
|-heal|p2a: Ferrothorn|138\/352|[silent]
|turn|8
|
|move|p2a: Ferrothorn|Protect|p2a: Ferrothorn
|-singleturn|p2a: Ferrothorn|Protect
|move|p1a: Bisharp|Knock Off|p2a: Ferrothorn
|-activate|p2a: Ferrothorn|Protect
|
|-damage|p1a: Bisharp|7\/271|[from] Leech Seed|[of] p2a: Ferrothorn
|-heal|p2a: Ferrothorn|171\/352|[silent]
|turn|9
|
|switch|p2a: Lopunny|Lopunny, F|272\/272
|move|p1a: Bisharp|Knock Off|p2a: Lopunny
|-damage|p2a: Lopunny|122\/272
|
|-damage|p1a: Bisharp|0 fnt|[from] Leech Seed|[of] p2a: Lopunny
|-heal|p2a: Lopunny|129\/272|[silent]
|faint|p1a: Bisharp
|c|âiloveleagueMD|ouch
|c|âiloveleagueMD|forgot about that
|c|âiloveleagueMD|whoops
|
|switch|p1a: Slowbro|Slowbro-Mega, F|294\/394
|-damage|p1a: Slowbro|245\/394|[from] Stealth Rock
|turn|10
|
|switch|p2a: Clefable|Clefable, F|394\/394
|move|p1a: Slowbro|Slack Off|p1a: Slowbro
|-heal|p1a: Slowbro|394\/394
|
|turn|11
|
|switch|p1a: Azelf|Azelf|291\/291
|-damage|p1a: Azelf|255\/291|[from] Stealth Rock
|move|p2a: Clefable|Calm Mind|p2a: Clefable
|-boost|p2a: Clefable|spa|1
|-boost|p2a: Clefable|spd|1
|
|turn|12
|
|move|p1a: Azelf|Taunt|p2a: Clefable
|-start|p2a: Clefable|move: Taunt
|move|p2a: Clefable|Moonblast|p1a: Azelf
|-damage|p1a: Azelf|44\/291
|-unboost|p1a: Azelf|spa|1
|
|turn|13
|
|move|p1a: Azelf|Stealth Rock|p2a: Clefable
|-sidestart|p2: iloveleagueMD|move: Stealth Rock
|move|p2a: Clefable|Moonblast|p1a: Azelf
|-damage|p1a: Azelf|0 fnt
|faint|p1a: Azelf
|
|c|âiloveleagueMD|explosion or rocks
|c|âiloveleagueMD|rocks
|
|switch|p1a: Diggersby|Diggersby, F|311\/311
|-damage|p1a: Diggersby|292\/311|[from] Stealth Rock
|turn|14
|
|move|p1a: Diggersby|Swords Dance|p1a: Diggersby
|-boost|p1a: Diggersby|atk|2
|move|p2a: Clefable|Moonblast|p1a: Diggersby
|-damage|p1a: Diggersby|111\/311
|
|-end|p2a: Clefable|move: Taunt
|turn|15
|
|move|p1a: Diggersby|Earthquake|p2a: Clefable
|-crit|p2a: Clefable
|-damage|p2a: Clefable|0 fnt
|-damage|p1a: Diggersby|80\/311|[from] item: Life Orb
|faint|p2a: Clefable
|
|c|âiloveleagueMD|take this
|c|âiloveleagueMD|or get critted
|
|switch|p2a: Mamoswine|Mamoswine, M|362\/362
|-damage|p2a: Mamoswine|317\/362|[from] Stealth Rock
|turn|16
|
|move|p2a: Mamoswine|Ice Shard|p1a: Diggersby
|-supereffective|p1a: Diggersby
|-damage|p1a: Diggersby|0 fnt
|-damage|p2a: Mamoswine|281\/362|[from] item: Life Orb
|faint|p1a: Diggersby
|
|
|switch|p1a: Slowbro|Slowbro-Mega, F|394\/394
|-damage|p1a: Slowbro|345\/394|[from] Stealth Rock
|turn|17
|
|switch|p2a: Lopunny|Lopunny, F|129\/272
|-damage|p2a: Lopunny|95\/272|[from] Stealth Rock
|move|p1a: Slowbro|Scald|p2a: Lopunny
|-damage|p2a: Lopunny|0 fnt
|faint|p2a: Lopunny
|
|
|switch|p2a: Keldeo-Resolute|Keldeo-Resolute|324\/324
|-damage|p2a: Keldeo-Resolute|304\/324|[from] Stealth Rock
|turn|18
|c|âiloveleagueMD|gg
|c|âiloveleagueMD|i screwed up
|
|move|p2a: Keldeo-Resolute|Hidden Power|p1a: Slowbro
|-supereffective|p1a: Slowbro
|-damage|p1a: Slowbro|101\/394
|move|p1a: Slowbro|Psyshock|p2a: Keldeo-Resolute
|-supereffective|p2a: Keldeo-Resolute
|-damage|p2a: Keldeo-Resolute|0 fnt
|faint|p2a: Keldeo-Resolute
|
|
|switch|p2a: Landorus-Therian|Landorus-Therian, M|320\/320
|-damage|p2a: Landorus-Therian|280\/320|[from] Stealth Rock
|-ability|p2a: Landorus-Therian|Intimidate|[of] p1a: Slowbro
|-unboost|p1a: Slowbro|atk|1
|turn|19
|
|move|p2a: Landorus-Therian|U-turn|p1a: Slowbro
|-supereffective|p1a: Slowbro
|-damage|p1a: Slowbro|1\/394
|
|switch|p2a: Mamoswine|Mamoswine, M|281\/362
|-damage|p2a: Mamoswine|236\/362|[from] Stealth Rock
|move|p1a: Slowbro|Slack Off|p1a: Slowbro
|-heal|p1a: Slowbro|198\/394
|
|turn|20
|c|âiloveleagueMD|crap
|c|âiloveleagueMD|damnit
|
|move|p2a: Mamoswine|Earthquake|p1a: Slowbro
|-damage|p1a: Slowbro|49\/394
|-damage|p2a: Mamoswine|200\/362|[from] item: Life Orb
|move|p1a: Slowbro|Scald|p2a: Mamoswine
|-supereffective|p2a: Mamoswine
|-damage|p2a: Mamoswine|0 fnt
|faint|p2a: Mamoswine
|
|
|switch|p2a: Landorus-Therian|Landorus-Therian, M|280\/320
|-damage|p2a: Landorus-Therian|240\/320|[from] Stealth Rock
|-ability|p2a: Landorus-Therian|Intimidate|[of] p1a: Slowbro
|-unboost|p1a: Slowbro|atk|1
|turn|21
|c|âiloveleagueMD|there
|
|move|p2a: Landorus-Therian|U-turn|p1a: Slowbro
|-supereffective|p1a: Slowbro
|-damage|p1a: Slowbro|0 fnt
|faint|p1a: Slowbro
|
|switch|p2a: Ferrothorn|Ferrothorn, F|171\/352
|-damage|p2a: Ferrothorn|149\/352|[from] Stealth Rock
|
|
|switch|p1a: Landorus|Landorus, M|319\/319
|-damage|p1a: Landorus|280\/319|[from] Stealth Rock
|turn|22
|
|switch|p2a: Landorus-Therian|Landorus-Therian, M|240\/320
|-damage|p2a: Landorus-Therian|200\/320|[from] Stealth Rock
|-ability|p2a: Landorus-Therian|Intimidate|[of] p1a: Landorus
|-unboost|p1a: Landorus|atk|1
|move|p1a: Landorus|Earth Power|p2a: Landorus-Therian
|-immune|p2a: Landorus-Therian|[msg]
|
|turn|23
|
|switch|p1a: Raikou|Raikou|321\/321
|-damage|p1a: Raikou|281\/321|[from] Stealth Rock
|-ability|p1a: Raikou|Pressure
|move|p2a: Landorus-Therian|Knock Off|p1a: Raikou
|-damage|p1a: Raikou|133\/321
|-enditem|p1a: Raikou|Choice Specs|[from] move: Knock Off|[of] p2a: Landorus-Therian
|
|turn|24
|
|switch|p2a: Ferrothorn|Ferrothorn, F|149\/352
|-damage|p2a: Ferrothorn|127\/352|[from] Stealth Rock
|move|p1a: Raikou|Volt Switch|p2a: Ferrothorn
|-resisted|p2a: Ferrothorn
|-damage|p2a: Ferrothorn|85\/352
|
|switch|p1a: Landorus|Landorus, M|280\/319
|-damage|p1a: Landorus|241\/319|[from] Stealth Rock
|
|turn|25
|
|move|p1a: Landorus|Earth Power|p2a: Ferrothorn
|-damage|p2a: Ferrothorn|0 fnt
|faint|p2a: Ferrothorn
|
|
|switch|p2a: Landorus-Therian|Landorus-Therian, M|200\/320
|-damage|p2a: Landorus-Therian|160\/320|[from] Stealth Rock
|-ability|p2a: Landorus-Therian|Intimidate|[of] p1a: Landorus
|-unboost|p1a: Landorus|atk|1
|turn|26
|
|move|p2a: Landorus-Therian|Knock Off|p1a: Landorus
|-damage|p1a: Landorus|101\/319
|-enditem|p1a: Landorus|Life Orb|[from] move: Knock Off|[of] p2a: Landorus-Therian
|move|p1a: Landorus|Hidden Power|p2a: Landorus-Therian
|-supereffective|p2a: Landorus-Therian
|-damage|p2a: Landorus-Therian|0 fnt
|faint|p2a: Landorus-Therian
|
|win|drammalife
|raw|Ladder updating...
|c|âiloveleagueMD|pls get a giant crit
|raw|drammalife's rating: 1476 &rarr; <strong>1498<\/strong><br \/>(+22 for winning)
|raw|iloveleagueMD's rating: 1504 &rarr; <strong>1482<\/strong><br \/>(-22 for losing)
|leave|iloveleagueMD
|player|p2