|join|drammalife
|join|MoB Barley
|player|p1|drammalife|1
|player|p2|MoB Barley|161
|gametype|singles
|gen|6
|tier|OU
|clearpoke
|poke|p1|Slowbro, M
|poke|p1|Krookodile, M
|poke|p1|Chesnaught, F
|poke|p1|Heatran, M
|poke|p1|Clefable, F
|poke|p1|Gliscor, M
|poke|p2|Diancie, shiny
|poke|p2|Hydreigon, M
|poke|p2|Magnezone, shiny
|poke|p2|Jirachi, shiny
|poke|p2|Landorus-Therian, M
|poke|p2|Azumarill, M, shiny
|rule|Swagger Clause: Swagger is banned
|rule|Baton Pass Clause: Limit one PokÃ©mon knowing Baton Pass
|rule|Sleep Clause Mod: Limit one foe put to sleep
|rule|Species Clause: Limit one of each PokÃ©mon
|rule|OHKO Clause: OHKO moves are banned
|rule|Moody Clause: Moody is banned
|rule|Evasion Moves Clause: Evasion moves are banned
|rule|Endless Battle Clause: Forcing endless battles is banned
|rule|HP Percentage Mod: HP is shown in percentages
|teampreview
|join|Vrin
|join|Terra Olympus
|join|Skare
|join|Invok3r
|
|start
|switch|p1a: Chesnaught|Chesnaught, F|380\/380
|switch|p2a: Angel|Diancie, shiny|241\/241
|turn|1
|join|Prankster
|leave|Vrin
|
|switch|p1a: Gliscor|Gliscor, M|354\/354
|detailschange|p2a: Angel|Diancie-Mega, shiny
|-mega|p2a: Angel|Diancie|Diancite
|move|p2a: Angel|Moonblast|p1a: Gliscor
|-damage|p1a: Gliscor|179\/354
|
|-status|p1a: Gliscor|tox|[from] item: Toxic Orb
|turn|2
|join|AtlantaBraves
|join|I Spit Toxic
|join|8y9huwdsq
|
|move|p2a: Angel|Moonblast|p1a: Gliscor
|-damage|p1a: Gliscor|5\/354 tox
|-unboost|p1a: Gliscor|spa|1
|move|p1a: Gliscor|Roost|p1a: Gliscor
|-heal|p1a: Gliscor|182\/354 tox
|
|-heal|p1a: Gliscor|226\/354 tox|[from] ability: Poison Heal
|turn|3
|
|switch|p2a: land doge|Landorus-Therian, M|319\/319
|-ability|p2a: land doge|Intimidate|[of] p1a: Gliscor
|-unboost|p1a: Gliscor|atk|1
|move|p1a: Gliscor|Roost|p1a: Gliscor
|-heal|p1a: Gliscor|354\/354 tox
|
|turn|4
|
|move|p2a: land doge|U-turn|p1a: Gliscor
|-resisted|p1a: Gliscor
|-damage|p1a: Gliscor|318\/354 tox
|
|switch|p2a: Angel|Diancie-Mega, shiny|241\/241
|move|p1a: Gliscor|Fling|p2a: Angel
|-enditem|p1a: Gliscor|Toxic Orb|[from] move: Fling
|-resisted|p2a: Angel
|-damage|p2a: Angel|235\/241
|-status|p2a: Angel|tox
|
|-damage|p2a: Angel|220\/241 tox|[from] psn
|-heal|p1a: Gliscor|354\/354 tox|[from] ability: Poison Heal
|turn|5
|join|Yuttt.mackerel
|c|âMoB Barley|f uuuuuu
|
|switch|p2a: land doge|Landorus-Therian, M|319\/319
|-ability|p2a: land doge|Intimidate|[of] p1a: Gliscor
|-unboost|p1a: Gliscor|atk|1
|move|p1a: Gliscor|Swords Dance|p1a: Gliscor
|-boost|p1a: Gliscor|atk|2
|
|turn|6
|c| Yuttt.mackerel|rofl
|join|Alvadora
|
|move|p2a: land doge|Explosion|p1a: Gliscor
|-damage|p1a: Gliscor|90\/354 tox
|faint|p2a: land doge
|move|p1a: Gliscor|Swords Dance|p1a: Gliscor
|-boost|p1a: Gliscor|atk|2
|
|-heal|p1a: Gliscor|134\/354 tox|[from] ability: Poison Heal
|
|switch|p2a: Illuminati|Hydreigon, M|325\/325
|turn|7
|c| Yuttt.mackerel|MOBDREIGON
|
|move|p2a: Illuminati|Dark Pulse|p1a: Gliscor
|-damage|p1a: Gliscor|0 fnt
|-damage|p2a: Illuminati|293\/325|[from] item: Life Orb
|faint|p1a: Gliscor
|
|
|switch|p1a: Krookodile|Krookodile, M|331\/331
|turn|8
|c| Yuttt.mackerel|uh is this uu
|
|switch|p2a: Starburst|Jirachi, shiny|404\/404
|move|p1a: Krookodile|Superpower|p2a: Starburst
|-crit|p2a: Starburst
|-damage|p2a: Starburst|212\/404
|-unboost|p1a: Krookodile|atk|1
|-unboost|p1a: Krookodile|def|1
|
|-heal|p2a: Starburst|237\/404|[from] item: Leftovers
|turn|9
|join|anchorage
|
|switch|p1a: Heatran|Heatran, M|386\/386
|move|p2a: Starburst|Stealth Rock|p1a: Heatran
|-sidestart|p1: drammalife|move: Stealth Rock
|
|-heal|p2a: Starburst|262\/404|[from] item: Leftovers
|turn|10
|join|6 agility
|join|Louisxd
|join|Risky Chance
|
|move|p2a: Starburst|U-turn|p1a: Heatran
|-resisted|p1a: Heatran
|-damage|p1a: Heatran|372\/386
|
|switch|p2a: Angel|Diancie-Mega, shiny|220\/241 tox
|move|p1a: Heatran|Lava Plume|p2a: Angel
|-resisted|p2a: Angel
|-damage|p2a: Angel|160\/241 tox
|
|-heal|p1a: Heatran|386\/386|[from] item: Leftovers
|-damage|p2a: Angel|145\/241 tox|[from] psn
|turn|11
|leave|AtlantaBraves
|
|move|p1a: Heatran|Protect|p1a: Heatran
|-singleturn|p1a: Heatran|Protect
|move|p2a: Angel|Earth Power|p1a: Heatran
|-activate|p1a: Heatran|Protect
|
|-damage|p2a: Angel|115\/241 tox|[from] psn
|turn|12
|
|switch|p2a: Starburst|Jirachi, shiny|262\/404
|switch|p1a: Chesnaught|Chesnaught, F|380\/380
|-damage|p1a: Chesnaught|357\/380|[from] Stealth Rock
|
|-heal|p2a: Starburst|287\/404|[from] item: Leftovers
|-heal|p1a: Chesnaught|380\/380|[from] item: Leftovers
|turn|13
|
|move|p2a: Starburst|Wish|p2a: Starburst
|move|p1a: Chesnaught|Drain Punch|p2a: Starburst
|-damage|p2a: Starburst|190\/404
|
|-heal|p2a: Starburst|215\/404|[from] item: Leftovers
|turn|14
|join|soslow4.4
|
|move|p2a: Starburst|Iron Head|p1a: Chesnaught
|-damage|p1a: Chesnaught|325\/380
|move|p1a: Chesnaught|Drain Punch|p2a: Starburst
|-damage|p2a: Starburst|116\/404
|-heal|p1a: Chesnaught|375\/380|[from] drain|[of] p2a: Starburst
|
|-heal|p2a: Starburst|318\/404|[from] move: Wish|[wisher] Starburst
|-heal|p2a: Starburst|343\/404|[from] item: Leftovers
|-heal|p1a: Chesnaught|380\/380|[from] item: Leftovers
|turn|15
|
|move|p2a: Starburst|Wish|p2a: Starburst
|move|p1a: Chesnaught|Spikes|p2a: Starburst
|-sidestart|p2: MoB Barley|Spikes
|
|-heal|p2a: Starburst|368\/404|[from] item: Leftovers
|turn|16
|
|move|p2a: Starburst|U-turn|p1a: Chesnaught
|-damage|p1a: Chesnaught|344\/380
|
|switch|p2a: Wabbit Season|Azumarill, M, shiny|360\/360
|-damage|p2a: Wabbit Season|315\/360|[from] Spikes
|move|p1a: Chesnaught|Drain Punch|p2a: Wabbit Season
|-resisted|p2a: Wabbit Season
|-damage|p2a: Wabbit Season|261\/360
|-heal|p1a: Chesnaught|371\/380|[from] drain|[of] p2a: Wabbit Season
|
|-heal|p2a: Wabbit Season|360\/360|[from] move: Wish|[wisher] Starburst
|-heal|p1a: Chesnaught|380\/380|[from] item: Leftovers
|turn|17
|join|Bheizm
|
|switch|p1a: Slowbro|Slowbro, M|394\/394
|-damage|p1a: Slowbro|345\/394|[from] Stealth Rock
|move|p2a: Wabbit Season|Play Rough|p1a: Slowbro
|-damage|p1a: Slowbro|200\/394
|
|turn|18
|leave|8y9huwdsq
|leave|soslow4.4
|
|switch|p2a: Magneto|Magnezone, shiny|281\/281
|-damage|p2a: Magneto|246\/281|[from] Spikes
|detailschange|p1a: Slowbro|Slowbro-Mega, M
|-mega|p1a: Slowbro|Slowbro|Slowbronite
|move|p1a: Slowbro|Slack Off|p1a: Slowbro
|-heal|p1a: Slowbro|394\/394
|
|turn|19
|leave|Yuttt.mackerel
|
|switch|p1a: Krookodile|Krookodile, M|331\/331
|-damage|p1a: Krookodile|311\/331|[from] Stealth Rock
|move|p2a: Magneto|Flash Cannon|p1a: Krookodile
|-damage|p1a: Krookodile|133\/331
|
|turn|20
|
|switch|p2a: Wabbit Season|Azumarill, M, shiny|360\/360
|-damage|p2a: Wabbit Season|315\/360|[from] Spikes
|move|p1a: Krookodile|Earthquake|p2a: Wabbit Season
|-crit|p2a: Wabbit Season
|-damage|p2a: Wabbit Season|0 fnt
|faint|p2a: Wabbit Season
|-boost|p1a: Krookodile|atk|1|[from] ability: Moxie
|
|join|Bloodz
|c|âMoB Barley|lol
|join|Booty Deluxe
|join|leremyju
|
|switch|p2a: Illuminati|Hydreigon, M|293\/325
|turn|21
|
|move|p1a: Krookodile|Earthquake|p2a: Illuminati
|-immune|p2a: Illuminati|[msg]
|move|p2a: Illuminati|Dark Pulse|p1a: Krookodile
|-resisted|p1a: Krookodile
|-damage|p1a: Krookodile|0 fnt
|-damage|p2a: Illuminati|261\/325|[from] item: Life Orb
|faint|p1a: Krookodile
|
|join|JayDubb
|c| Booty Deluxe|ey jaydubb
|leave|Bloodz
|
|switch|p1a: Clefable|Clefable, F|394\/394
|-damage|p1a: Clefable|345\/394|[from] Stealth Rock
|turn|22
|
|switch|p2a: Starburst|Jirachi, shiny|368\/404
|-damage|p2a: Starburst|318\/404|[from] Spikes
|switch|p1a: Chesnaught|Chesnaught, F|380\/380
|-damage|p1a: Chesnaught|357\/380|[from] Stealth Rock
|
|-heal|p2a: Starburst|343\/404|[from] item: Leftovers
|-heal|p1a: Chesnaught|380\/380|[from] item: Leftovers
|turn|23
|c| Booty Deluxe|dont fear the naught
|
|move|p2a: Starburst|Iron Head|p1a: Chesnaught
|-damage|p1a: Chesnaught|320\/380
|cant|p1a: Chesnaught|flinch
|
|-heal|p2a: Starburst|368\/404|[from] item: Leftovers
|-heal|p1a: Chesnaught|343\/380|[from] item: Leftovers
|turn|24
|leave|leremyju
|c| Booty Deluxe|im not sure i even get that double
|c| Booty Deluxe|lol
|leave|Bheizm
|leave|Invok3r
|c| Booty Deluxe|jaydubb
|c| JayDubb|yo
|c| Louisxd|2muchilluminati4me
|join|Invok3r
|leave|Booty Deluxe
|join|QuagGod
|join|Booty Deluxe
|
|move|p2a: Starburst|U-turn|p1a: Chesnaught
|-damage|p1a: Chesnaught|311\/380
|
|switch|p2a: Angel|Diancie-Mega, shiny|115\/241 tox
|-damage|p2a: Angel|85\/241 tox|[from] Spikes
|move|p1a: Chesnaught|Leech Seed|p2a: Angel
|move|p2a: Angel|Leech Seed|p1a: Chesnaught|[from]Magic Bounce
|-immune|p1a: Chesnaught|[msg]
|
|-heal|p1a: Chesnaught|334\/380|[from] item: Leftovers
|-damage|p2a: Angel|70\/241 tox|[from] psn
|turn|25
|c| slottedpig|bop
|c| Louisxd|rest if real
|
|move|p1a: Chesnaught|Spiky Shield|p1a: Chesnaught
|-singleturn|p1a: Chesnaught|move: Protect
|move|p2a: Angel|Moonblast|p1a: Chesnaught
|-activate|p1a: Chesnaught|move: Protect
|
|-heal|p1a: Chesnaught|357\/380|[from] item: Leftovers
|-damage|p2a: Angel|40\/241 tox|[from] psn
|turn|26
|join|testingforfriend
|leave|JayDubb
|
|switch|p1a: Clefable|Clefable, F|345\/394
|-damage|p1a: Clefable|296\/394|[from] Stealth Rock
|move|p2a: Angel|Earth Power|p1a: Clefable
|-damage|p1a: Clefable|186\/394
|
|-heal|p1a: Clefable|210\/394|[from] item: Leftovers
|-damage|p2a: Angel|0 fnt|[from] psn
|faint|p2a: Angel
|join|TFL
|join|Cashier
|
|switch|p2a: Illuminati|Hydreigon, M|261\/325
|turn|27
|join|Marcoco
|
|move|p2a: Illuminati|Flash Cannon|p1a: Clefable
|-supereffective|p1a: Clefable
|-damage|p1a: Clefable|0 fnt
|-damage|p2a: Illuminati|229\/325|[from] item: Life Orb
|faint|p1a: Clefable
|
|join|nielssenberg
|
|switch|p1a: Chesnaught|Chesnaught, F|357\/380
|-damage|p1a: Chesnaught|334\/380|[from] Stealth Rock
|turn|28
|
|switch|p1a: Heatran|Heatran, M|386\/386
|-damage|p1a: Heatran|338\/386|[from] Stealth Rock
|move|p2a: Illuminati|Draco Meteor|p1a: Heatran
|-resisted|p1a: Heatran
|-damage|p1a: Heatran|235\/386
|-unboost|p2a: Illuminati|spa|2
|-damage|p2a: Illuminati|197\/325|[from] item: Life Orb
|
|-heal|p1a: Heatran|259\/386|[from] item: Leftovers
|turn|29
|c| nielssenberg|yum
|c| QuagGod|yum
|
|switch|p1a: Chesnaught|Chesnaught, F|334\/380
|-damage|p1a: Chesnaught|311\/380|[from] Stealth Rock
|move|p2a: Illuminati|Superpower|p1a: Chesnaught
|-crit|p1a: Chesnaught
|-damage|p1a: Chesnaught|181\/380
|-unboost|p2a: Illuminati|atk|1
|-unboost|p2a: Illuminati|def|1
|-damage|p2a: Illuminati|165\/325|[from] item: Life Orb
|
|-heal|p1a: Chesnaught|204\/380|[from] item: Leftovers
|turn|30
|c| QuagGod|tastes like fried chicken
|
|switch|p2a: Magneto|Magnezone, shiny|246\/281
|-damage|p2a: Magneto|211\/281|[from] Spikes
|move|p1a: Chesnaught|Leech Seed|p2a: Magneto
|-start|p2a: Magneto|move: Leech Seed
|
|-heal|p1a: Chesnaught|227\/380|[from] item: Leftovers
|-damage|p2a: Magneto|176\/281|[from] Leech Seed|[of] p1a: Chesnaught
|-heal|p1a: Chesnaught|262\/380|[silent]
|turn|31
|c| Louisxd|tastes like hot dog on a fried chicken bun
|
|move|p1a: Chesnaught|Spiky Shield|p1a: Chesnaught
|-singleturn|p1a: Chesnaught|move: Protect
|move|p2a: Magneto|Flash Cannon|p1a: Chesnaught
|-activate|p1a: Chesnaught|move: Protect
|
|-heal|p1a: Chesnaught|285\/380|[from] item: Leftovers
|-damage|p2a: Magneto|141\/281|[from] Leech Seed|[of] p1a: Chesnaught
|-heal|p1a: Chesnaught|320\/380|[silent]
|turn|32
|leave|Invok3r
|c| nielssenberg|KFC changong the game
|
|move|p2a: Magneto|Flash Cannon|p1a: Chesnaught
|-damage|p1a: Chesnaught|128\/380
|move|p1a: Chesnaught|Drain Punch|p2a: Magneto
|-supereffective|p2a: Magneto
|-damage|p2a: Magneto|0 fnt
|-heal|p1a: Chesnaught|199\/380|[from] drain|[of] p2a: Magneto
|faint|p2a: Magneto
|
|-heal|p1a: Chesnaught|222\/380|[from] item: Leftovers
|
|switch|p2a: Illuminati|Hydreigon, M|165\/325
|turn|33
|
|move|p2a: Illuminati|Draco Meteor|p1a: Chesnaught
|-damage|p1a: Chesnaught|0 fnt
|-unboost|p2a: Illuminati|spa|2
|-damage|p2a: Illuminati|133\/325|[from] item: Life Orb
|faint|p1a: Chesnaught
|
|join|Invok3r
|c| Louisxd|chesnaught why so real
|
|switch|p1a: Slowbro|Slowbro-Mega, M|394\/394
|-damage|p1a: Slowbro|345\/394|[from] Stealth Rock
|turn|34
|
|move|p2a: Illuminati|Dark Pulse|p1a: Slowbro
|-supereffective|p1a: Slowbro
|-damage|p1a: Slowbro|124\/394
|-damage|p2a: Illuminati|101\/325|[from] item: Life Orb
|move|p1a: Slowbro|Calm Mind|p1a: Slowbro
|-boost|p1a: Slowbro|spa|1
|-boost|p1a: Slowbro|spd|1
|
|turn|35
|join|craing
|
|move|p2a: Illuminati|Dark Pulse|p1a: Slowbro
|-supereffective|p1a: Slowbro
|-damage|p1a: Slowbro|0 fnt
|-damage|p2a: Illuminati|69\/325|[from] item: Life Orb
|faint|p1a: Slowbro
|
|c|âMoB Barley|no fucks given
|c| Louisxd|damn
|
|switch|p1a: Heatran|Heatran, M|259\/386
|-damage|p1a: Heatran|211\/386|[from] Stealth Rock
|turn|36
|c|âMoB Barley|hydra too real
|join|Jefo
|
|move|p2a: Illuminati|Superpower|p1a: Heatran
|-supereffective|p1a: Heatran
|-damage|p1a: Heatran|0 fnt
|-unboost|p2a: Illuminati|atk|1
|-unboost|p2a: Illuminati|def|1
|-damage|p2a: Illuminati|37\/325|[from] item: Life Orb
|faint|p1a: Heatran
|
|win|MoB Barley
|c| nielssenberg|that was cruel
|c| Louisxd|and hydra says gg
|leave|Skare
|leave|drammalife
|player|p1
|leave|Jefo
|leave|Alvadora
|leave|Louisxd
|leave|nielssenberg
|leave|QuagGod
|leave|Invok3r
|join|henry
|join|Yuttt.mackerel
|join|Invok3r
|leave|anchorage
|leave|I Spit Toxic
|leave|TFL
|leave|craing
|leave|henry
|leave|Yuttt.mackerel
|leave|Prankster
|join|RedKingAlmighty
|c| RedKingAlmighty|Ha
|leave|Invok3r
|c| RedKingAlmighty|MoB ur bad
|join|TFL
|c| RedKingAlmighty|n00b