|join|reloo
|join|WebBowser
|player|p1|reloo|272
|player|p2|WebBowser|92
|gametype|singles
|gen|6
|tier|ORAS OU
|rated
|rule|Sleep Clause Mod: Limit one foe put to sleep
|rule|Species Clause: Limit one of each PokÃ©mon
|rule|OHKO Clause: OHKO moves are banned
|rule|Moody Clause: Moody is banned
|rule|Evasion Moves Clause: Evasion moves are banned
|rule|Endless Battle Clause: Forcing endless battles is banned
|rule|HP Percentage Mod: HP is shown in percentages
|clearpoke
|poke|p1|Entei, shiny
|poke|p1|Porygon2
|poke|p1|Jellicent, F
|poke|p1|Mamoswine, F
|poke|p1|Landorus, M
|poke|p1|Altaria, F
|poke|p2|Scolipede, F
|poke|p2|Espeon, F
|poke|p2|Latios, M
|poke|p2|Greninja, F
|poke|p2|Charizard, F
|poke|p2|Wobbuffet, M
|rule|Swagger Clause: Swagger is banned
|rule|Baton Pass Clause: Limit one PokÃ©mon knowing Baton Pass
|teampreview
|c|âWebBowser|gl hf
|
|start
|switch|p1a: Altaria|Altaria, F|354\/354
|switch|p2a: Latios|Latios, M|364\/364
|turn|1
|
|detailschange|p1a: Altaria|Altaria-Mega, F
|message|Altaria has Mega Evolved into Mega Altaria!
|move|p2a: Latios|Reflect|p2a: Latios
|-sidestart|p2: WebBowser|Reflect
|move|p1a: Altaria|Hyper Voice|p2a: Latios
|-supereffective|p2a: Latios
|-damage|p2a: Latios|0 fnt
|faint|p2a: Latios
|
|join|JBou3
|
|switch|p2a: Oh no it's|Wobbuffet, M|584\/584
|turn|2
|
|move|p1a: Altaria|Earthquake|p2a: Oh no it's
|-damage|p2a: Oh no it's|527\/584
|move|p2a: Oh no it's|Encore|p1a: Altaria
|-start|p1a: Altaria|Encore
|
|turn|3
|
|switch|p2a: Scolipede|Scolipede, F|323\/323
|move|p1a: Altaria|Earthquake|p2a: Scolipede
|-damage|p2a: Scolipede|292\/323
|
|turn|4
|
|switch|p1a: Entei|Entei, shiny|372\/372
|-ability|p1a: Entei|Pressure
|move|p2a: Scolipede|Iron Defense|p2a: Scolipede
|-boost|p2a: Scolipede|def|2
|
|-boost|p2a: Scolipede|spe|1|[from] ability: Speed Boost
|turn|5
|
|move|p1a: Entei|Sacred Fire|p2a: Scolipede
|-crit|p2a: Scolipede
|-supereffective|p2a: Scolipede
|-damage|p2a: Scolipede|0 fnt
|faint|p2a: Scolipede
|
|
|switch|p2a: Charizard|Charizard, F|359\/359
|turn|6
|
|switch|p1a: Landorus|Landorus, M|320\/320
|detailschange|p2a: Charizard|Charizard-Mega-X, F
|message|Charizard has Mega Evolved into Mega Charizard!
|move|p2a: Charizard|Swords Dance|p2a: Charizard
|-boost|p2a: Charizard|atk|2
|
|turn|7
|
|switch|p2a: Oh no it's|Wobbuffet, M|527\/584
|move|p1a: Landorus|Earth Power|p2a: Oh no it's
|-damage|p2a: Oh no it's|293\/584
|
|turn|8
|
|move|p1a: Landorus|Psychic|p2a: Oh no it's
|-resisted|p2a: Oh no it's
|-damage|p2a: Oh no it's|214\/584
|-enditem|p2a: Oh no it's|Sitrus Berry|[eat]
|-heal|p2a: Oh no it's|360\/584|[from] item: Sitrus Berry
|move|p2a: Oh no it's|Mirror Coat|p1a: Landorus
|-damage|p1a: Landorus|162\/320
|
|-sideend|p2: WebBowser|Reflect
|turn|9
|
|move|p1a: Landorus|Earth Power|p2a: Oh no it's
|-damage|p2a: Oh no it's|126\/584
|move|p2a: Oh no it's|Mirror Coat|p1a: Landorus
|-damage|p1a: Landorus|0 fnt
|faint|p1a: Landorus
|
|
|switch|p1a: Altaria|Altaria-Mega, F|354\/354
|turn|10
|
|move|p1a: Altaria|Hyper Voice|p2a: Oh no it's
|-damage|p2a: Oh no it's|0 fnt
|faint|p2a: Oh no it's
|
|
|switch|p2a: Greninja|Greninja, F|285\/285
|turn|11
|
|move|p2a: Greninja|Gunk Shot|p1a: Altaria
|-start|p2a: Greninja|typechange|Poison|[from] Protean
|-supereffective|p1a: Altaria
|-damage|p1a: Altaria|0 fnt
|-damage|p2a: Greninja|257\/285|[from] item: Life Orb
|faint|p1a: Altaria
|
|
|switch|p1a: Entei|Entei, shiny|372\/372
|-ability|p1a: Entei|Pressure
|turn|12
|
|switch|p2a: Charizard|Charizard-Mega-X, F|359\/359
|move|p1a: Entei|Sacred Fire|p2a: Charizard
|-resisted|p2a: Charizard
|-damage|p2a: Charizard|318\/359
|
|turn|13
|
|switch|p1a: Porygon2|Porygon2|374\/374
|-boost|p1a: Porygon2|spa|1|[from] ability: Download
|move|p2a: Charizard|Flare Blitz|p1a: Porygon2
|-damage|p1a: Porygon2|212\/374
|-damage|p2a: Charizard|265\/359|[from] recoil|[of] p1a: Porygon2
|
|turn|14
|
|switch|p2a: Espeon|Espeon, F|334\/334
|move|p1a: Porygon2|Ice Beam|p2a: Espeon
|-damage|p2a: Espeon|219\/334
|
|-heal|p2a: Espeon|239\/334|[from] item: Leftovers
|turn|15
|
|move|p2a: Espeon|Calm Mind|p2a: Espeon
|-boost|p2a: Espeon|spa|1
|-boost|p2a: Espeon|spd|1
|move|p1a: Porygon2|Ice Beam|p2a: Espeon
|-damage|p2a: Espeon|156\/334
|-status|p2a: Espeon|frz
|
|-heal|p2a: Espeon|176\/334 frz|[from] item: Leftovers
|turn|16
|c|âWebBowser|... the hax is real today
|
|switch|p1a: Mamoswine|Mamoswine, F|361\/361
|cant|p2a: Espeon|frz
|
|-heal|p2a: Espeon|196\/334 frz|[from] item: Leftovers
|turn|17
|
|move|p1a: Mamoswine|Knock Off|p2a: Espeon
|-supereffective|p2a: Espeon
|-damage|p2a: Espeon|0 fnt
|-enditem|p2a: Espeon|Leftovers|[from] move: Knock Off|[of] p1a: Mamoswine
|-damage|p1a: Mamoswine|325\/361|[from] item: Life Orb
|faint|p2a: Espeon
|
|
|switch|p2a: Greninja|Greninja, F|257\/285
|turn|18
|
|switch|p1a: Jellicent|Jellicent, F|404\/404
|move|p2a: Greninja|Low Kick|p1a: Jellicent
|-start|p2a: Greninja|typechange|Fighting|[from] Protean
|-immune|p1a: Jellicent|[msg]
|
|turn|19
|
|move|p2a: Greninja|U-turn|p1a: Jellicent
|-start|p2a: Greninja|typechange|Bug|[from] Protean
|-resisted|p1a: Jellicent
|-damage|p1a: Jellicent|310\/404
|-damage|p2a: Greninja|229\/285|[from] item: Life Orb
|
|switch|p2a: Charizard|Charizard-Mega-X, F|265\/359
|move|p1a: Jellicent|Scald|p2a: Charizard
|-damage|p2a: Charizard|175\/359
|
|-heal|p1a: Jellicent|335\/404|[from] item: Leftovers
|turn|20
|
|move|p2a: Charizard|Roost|p2a: Charizard
|-heal|p2a: Charizard|355\/359
|move|p1a: Jellicent|Scald|p2a: Charizard
|-damage|p2a: Charizard|256\/359
|
|-heal|p1a: Jellicent|360\/404|[from] item: Leftovers
|turn|21
|
|switch|p1a: Mamoswine|Mamoswine, F|325\/361
|move|p2a: Charizard|Swords Dance|p2a: Charizard
|-boost|p2a: Charizard|atk|2
|
|turn|22
|
|switch|p1a: Jellicent|Jellicent, F|360\/404
|move|p2a: Charizard|Flare Blitz|p1a: Jellicent
|-resisted|p1a: Jellicent
|-damage|p1a: Jellicent|0 fnt
|-damage|p2a: Charizard|137\/359|[from] recoil|[of] p1a: Jellicent
|faint|p1a: Jellicent
|
|
|switch|p1a: Entei|Entei, shiny|372\/372
|-ability|p1a: Entei|Pressure
|turn|23
|
|move|p1a: Entei|Bulldoze|p2a: Charizard
|-supereffective|p2a: Charizard
|-damage|p2a: Charizard|15\/359
|-unboost|p2a: Charizard|spe|1
|move|p2a: Charizard|Roost|p2a: Charizard
|-heal|p2a: Charizard|195\/359
|
|turn|24
|
|move|p1a: Entei|Bulldoze|p2a: Charizard
|-supereffective|p2a: Charizard
|-damage|p2a: Charizard|55\/359
|-unboost|p2a: Charizard|spe|1
|move|p2a: Charizard|Roost|p2a: Charizard
|-heal|p2a: Charizard|235\/359
|
|turn|25
|
|move|p1a: Entei|Bulldoze|p2a: Charizard
|-supereffective|p2a: Charizard
|-damage|p2a: Charizard|95\/359
|-unboost|p2a: Charizard|spe|1
|move|p2a: Charizard|Dragon Claw|p1a: Entei
|-damage|p1a: Entei|0 fnt
|faint|p1a: Entei
|
|
|switch|p1a: Mamoswine|Mamoswine, F|325\/361
|turn|26
|
|move|p1a: Mamoswine|Earthquake|p2a: Charizard
|-supereffective|p2a: Charizard
|-damage|p2a: Charizard|0 fnt
|-damage|p1a: Mamoswine|289\/361|[from] item: Life Orb
|faint|p2a: Charizard
|
|
|switch|p2a: Greninja|Greninja, F|229\/285
|turn|27
|
|move|p1a: Mamoswine|Ice Shard|p2a: Greninja
|-resisted|p2a: Greninja
|-damage|p2a: Greninja|159\/285
|-damage|p1a: Mamoswine|253\/361|[from] item: Life Orb
|move|p2a: Greninja|Low Kick|p1a: Mamoswine
|-start|p2a: Greninja|typechange|Fighting|[from] Protean
|-supereffective|p1a: Mamoswine
|-damage|p1a: Mamoswine|0 fnt
|-damage|p2a: Greninja|131\/285|[from] item: Life Orb
|faint|p1a: Mamoswine
|
|c|âWebBowser|GOOO NINJA!
|
|switch|p1a: Porygon2|Porygon2|212\/374
|-boost|p1a: Porygon2|atk|1|[from] ability: Download
|turn|28
|
|move|p2a: Greninja|Low Kick|p1a: Porygon2
|-supereffective|p1a: Porygon2
|-damage|p1a: Porygon2|92\/374
|-damage|p2a: Greninja|103\/285|[from] item: Life Orb
|move|p1a: Porygon2|Thunderbolt|p2a: Greninja
|-damage|p2a: Greninja|7\/285
|
|turn|29
|
|move|p2a: Greninja|Low Kick|p1a: Porygon2
|-supereffective|p1a: Porygon2
|-damage|p1a: Porygon2|0 fnt
|-damage|p2a: Greninja|0 fnt|[from] item: Life Orb
|faint|p1a: Porygon2
|faint|p2a: Greninja
|
|win|WebBowser
|raw|Ladder updating...
|raw|reloo's rating: 1477 &rarr; <strong>1456<\/strong><br \/>(-21 for losing)
|raw|WebBowser's rating: 1466 &rarr; <strong>1487<\/strong><br \/>(+21 for winning)
|leave|JBou3
|c|âWebBowser|yay ninja!
|leave|reloo
|player|p1