|join|WebBowser
|join|B4Da$$
|player|p1|WebBowser|92
|player|p2|B4Da$$|293
|gametype|singles
|gen|6
|tier|ORAS OU
|rated
|rule|Sleep Clause Mod: Limit one foe put to sleep
|rule|Species Clause: Limit one of each PokÃ©mon
|rule|OHKO Clause: OHKO moves are banned
|rule|Moody Clause: Moody is banned
|rule|Evasion Moves Clause: Evasion moves are banned
|rule|Endless Battle Clause: Forcing endless battles is banned
|rule|HP Percentage Mod: HP is shown in percentages
|clearpoke
|poke|p1|Scolipede, M
|poke|p1|Espeon, F
|poke|p1|Latios, M
|poke|p1|Skarmory, F
|poke|p1|Slowbro, F
|poke|p1|Wobbuffet, F
|poke|p2|Glalie, F
|poke|p2|Landorus-Therian, M
|poke|p2|Raikou
|poke|p2|Keldeo
|poke|p2|Latios, M
|poke|p2|Bisharp, M
|rule|Swagger Clause: Swagger is banned
|rule|Baton Pass Clause: Limit one PokÃ©mon knowing Baton Pass
|teampreview
|c|âWebBowser|oooh, mega glailie
|
|start
|switch|p1a: Latios|Latios, M|364\/364
|switch|p2a: Latios|Latios, M|301\/301
|turn|1
|
|move|p1a: Latios|Light Screen|p1a: Latios
|-sidestart|p1: WebBowser|move: Light Screen
|move|p2a: Latios|Draco Meteor|p1a: Latios
|-supereffective|p1a: Latios
|-damage|p1a: Latios|74\/364
|-unboost|p2a: Latios|spa|2
|-damage|p2a: Latios|271\/301|[from] item: Life Orb
|
|turn|2
|
|move|p1a: Latios|Reflect|p1a: Latios
|-sidestart|p1: WebBowser|Reflect
|move|p2a: Latios|Draco Meteor|p1a: Latios
|-crit|p1a: Latios
|-supereffective|p1a: Latios
|-damage|p1a: Latios|0 fnt
|-unboost|p2a: Latios|spa|2
|-damage|p2a: Latios|241\/301|[from] item: Life Orb
|faint|p1a: Latios
|
|c|âWebBowser|#critmattered
|
|switch|p1a: Scolipede|Scolipede, M|323\/323
|turn|3
|
|move|p2a: Latios|Psyshock|p1a: Scolipede
|-supereffective|p1a: Scolipede
|-damage|p1a: Scolipede|275\/323
|-damage|p2a: Latios|211\/301|[from] item: Life Orb
|move|p1a: Scolipede|Iron Defense|p1a: Scolipede
|-boost|p1a: Scolipede|def|2
|
|-boost|p1a: Scolipede|spe|1|[from] ability: Speed Boost
|turn|4
|
|move|p1a: Scolipede|Substitute|p1a: Scolipede
|-start|p1a: Scolipede|Substitute
|-damage|p1a: Scolipede|195\/323
|move|p2a: Latios|Roost|p2a: Latios
|-heal|p2a: Latios|301\/301
|
|-boost|p1a: Scolipede|spe|1|[from] ability: Speed Boost
|turn|5
|
|move|p1a: Scolipede|Iron Defense|p1a: Scolipede
|-boost|p1a: Scolipede|def|2
|move|p2a: Latios|Defog|p1a: Scolipede
|-sideend|p1: WebBowser|Reflect
|-sideend|p1: WebBowser|Reflect|[from] move: Defog|[of] p1a: Scolipede
|-sideend|p1: WebBowser|move: Light Screen
|-sideend|p1: WebBowser|Light Screen|[from] move: Defog|[of] p1a: Scolipede
|
|-boost|p1a: Scolipede|spe|1|[from] ability: Speed Boost
|turn|6
|
|switch|p2a: Keldeo|Keldeo|323\/323
|move|p1a: Scolipede|Iron Defense|p1a: Scolipede
|-boost|p1a: Scolipede|def|2
|
|-boost|p1a: Scolipede|spe|1|[from] ability: Speed Boost
|turn|7
|
|move|p1a: Scolipede|Baton Pass|p1a: Scolipede
|
|switch|p1a: Funbro|Slowbro, F|394\/394
|move|p2a: Keldeo|Scald|p1a: Funbro
|-resisted|p1a: Funbro
|-activate|p1a: Funbro|Substitute|[damage]
|
|turn|8
|
|switch|p2a: Raikou|Raikou|329\/329
|-ability|p2a: Raikou|Pressure
|detailschange|p1a: Funbro|Slowbro-Mega, F
|message|Slowbro has Mega Evolved into Mega Slowbro!
|move|p1a: Funbro|Calm Mind|p1a: Funbro
|-boost|p1a: Funbro|spa|1
|-boost|p1a: Funbro|spd|1
|
|turn|9
|
|move|p2a: Raikou|Thunderbolt|p1a: Funbro
|-supereffective|p1a: Funbro
|-end|p1a: Funbro|Substitute
|move|p1a: Funbro|Calm Mind|p1a: Funbro
|-boost|p1a: Funbro|spa|1
|-boost|p1a: Funbro|spd|1
|
|turn|10
|
|move|p2a: Raikou|Thunderbolt|p1a: Funbro
|-supereffective|p1a: Funbro
|-damage|p1a: Funbro|262\/394
|move|p1a: Funbro|Calm Mind|p1a: Funbro
|-boost|p1a: Funbro|spa|1
|-boost|p1a: Funbro|spd|1
|
|turn|11
|c|âWebBowser|balk
|
|move|p2a: Raikou|Thunderbolt|p1a: Funbro
|-supereffective|p1a: Funbro
|-damage|p1a: Funbro|154\/394
|move|p1a: Funbro|Substitute|p1a: Funbro
|-start|p1a: Funbro|Substitute
|-damage|p1a: Funbro|56\/394
|
|turn|12
|
|move|p2a: Raikou|Calm Mind|p2a: Raikou
|-boost|p2a: Raikou|spa|1
|-boost|p2a: Raikou|spd|1
|move|p1a: Funbro|Slack Off|p1a: Funbro
|-heal|p1a: Funbro|253\/394
|
|turn|13
|
|move|p2a: Raikou|Thunderbolt|p1a: Funbro
|-supereffective|p1a: Funbro
|-end|p1a: Funbro|Substitute
|move|p1a: Funbro|Calm Mind|p1a: Funbro
|-boost|p1a: Funbro|spa|1
|-boost|p1a: Funbro|spd|1
|
|turn|14
|
|move|p2a: Raikou|Thunderbolt|p1a: Funbro
|-supereffective|p1a: Funbro
|-damage|p1a: Funbro|127\/394
|move|p1a: Funbro|Slack Off|p1a: Funbro
|-heal|p1a: Funbro|324\/394
|
|turn|15
|
|move|p2a: Raikou|Calm Mind|p2a: Raikou
|-boost|p2a: Raikou|spa|1
|-boost|p2a: Raikou|spd|1
|move|p1a: Funbro|Scald|p2a: Raikou
|-damage|p2a: Raikou|146\/329
|
|-heal|p2a: Raikou|166\/329|[from] item: Leftovers
|turn|16
|
|move|p2a: Raikou|Thunderbolt|p1a: Funbro
|-supereffective|p1a: Funbro
|-damage|p1a: Funbro|172\/394
|move|p1a: Funbro|Scald|p2a: Raikou
|-damage|p2a: Raikou|0 fnt
|faint|p2a: Raikou
|
|c|âWebBowser|can anything even touch this?
|
|switch|p2a: Bisharp|Bisharp, M|271\/271
|turn|17
|
|move|p1a: Funbro|Slack Off|p1a: Funbro
|-heal|p1a: Funbro|369\/394
|move|p2a: Bisharp|Knock Off|p1a: Funbro
|-supereffective|p1a: Funbro
|-damage|p1a: Funbro|325\/394
|
|turn|18
|
|move|p1a: Funbro|Substitute|p1a: Funbro
|-start|p1a: Funbro|Substitute
|-damage|p1a: Funbro|227\/394
|move|p2a: Bisharp|Swords Dance|p2a: Bisharp
|-boost|p2a: Bisharp|atk|2
|
|turn|19
|
|move|p1a: Funbro|Scald|p2a: Bisharp
|-damage|p2a: Bisharp|0 fnt
|faint|p2a: Bisharp
|
|
|switch|p2a: Latios|Latios, M|301\/301
|turn|20
|
|move|p2a: Latios|Draco Meteor|p1a: Funbro|[miss]
|-miss|p2a: Latios|p1a: Funbro
|move|p1a: Funbro|Scald|p2a: Latios
|-resisted|p2a: Latios
|-damage|p2a: Latios|142\/301
|
|turn|21
|c|âWebBowser|I'm not even sure it matters anymore
|
|move|p2a: Latios|Draco Meteor|p1a: Funbro
|-activate|p1a: Funbro|Substitute|[damage]
|-unboost|p2a: Latios|spa|2
|-damage|p2a: Latios|112\/301|[from] item: Life Orb
|move|p1a: Funbro|Scald|p2a: Latios
|-resisted|p2a: Latios
|-damage|p2a: Latios|0 fnt
|faint|p2a: Latios
|
|
|switch|p2a: Glalie|Glalie, F|301\/301
|turn|22
|-message|B4Da$$ forfeited.
|
|win|WebBowser
|raw|Ladder updating...
|leave|B4Da$$
|player|p2
|raw|WebBowser's rating: 1298 &rarr; <strong>1319<\/strong><br \/>(+21 for winning)
|raw|B4Da$$'s rating: 1243 &rarr; <strong>1222<\/strong><br \/>(-21 for losing)