|join|WebBowser
|join|Pipluphater
|player|p1|WebBowser|92
|player|p2|Pipluphater|283
|gametype|singles
|gen|6
|tier|ORAS OU
|rated
|rule|Sleep Clause Mod: Limit one foe put to sleep
|rule|Species Clause: Limit one of each PokÃ©mon
|rule|OHKO Clause: OHKO moves are banned
|rule|Moody Clause: Moody is banned
|rule|Evasion Moves Clause: Evasion moves are banned
|rule|Endless Battle Clause: Forcing endless battles is banned
|rule|HP Percentage Mod: HP is shown in percentages
|clearpoke
|poke|p1|Scolipede, F
|poke|p1|Espeon, F
|poke|p1|Latios, M
|poke|p1|Greninja, M
|poke|p1|Charizard, F
|poke|p1|Wobbuffet, F
|poke|p2|Metagross, shiny
|poke|p2|Keldeo-Resolute
|poke|p2|Talonflame, F, shiny
|poke|p2|Latios, M
|poke|p2|Gliscor, M
|poke|p2|Ferrothorn, F
|rule|Swagger Clause: Swagger is banned
|rule|Baton Pass Clause: Limit one PokÃ©mon knowing Baton Pass
|teampreview
|
|start
|switch|p1a: Latios|Latios, M|364\/364
|switch|p2a: Talonlame|Talonflame, F, shiny|319\/319
|turn|1
|c|âPipluphater|fuck wrong team again
|c|âPipluphater|but who cares
|c|âWebBowser|:(
|
|move|p2a: Talonlame|Swords Dance|p2a: Talonlame
|-boost|p2a: Talonlame|atk|2
|move|p1a: Latios|Reflect|p1a: Latios
|-sidestart|p1: WebBowser|Reflect
|
|turn|2
|join|Silly Testing
|
|switch|p1a: Charizard|Charizard, F|359\/359
|move|p2a: Talonlame|Swords Dance|p2a: Talonlame
|-boost|p2a: Talonlame|atk|2
|
|turn|3
|
|detailschange|p1a: Charizard|Charizard-Mega-X, F
|message|Charizard has Mega Evolved into Mega Charizard!
|move|p2a: Talonlame|Brave Bird|p1a: Charizard
|-crit|p1a: Charizard
|-damage|p1a: Charizard|0 fnt
|-damage|p2a: Talonlame|201\/319|[from] recoil|[of] p1a: Charizard
|faint|p1a: Charizard
|
|c|âWebBowser|gdi early crits
|leave|Silly Testing
|c|âPipluphater|i know this team
|
|switch|p1a: Greninja|Greninja, M|285\/285
|turn|4
|c|âWebBowser|cool
|
|move|p2a: Talonlame|Brave Bird|p1a: Greninja
|-crit|p1a: Greninja
|-damage|p1a: Greninja|0 fnt
|-damage|p2a: Talonlame|107\/319|[from] recoil|[of] p1a: Greninja
|faint|p1a: Greninja
|
|c|âWebBowser|really?
|c|âPipluphater|im scope lens
|c|âWebBowser|...........
|
|switch|p1a: Latios|Latios, M|364\/364
|turn|5
|
|move|p2a: Talonlame|Swords Dance|p2a: Talonlame
|-boost|p2a: Talonlame|atk|2
|move|p1a: Latios|Ice Beam|p2a: Talonlame
|-damage|p2a: Talonlame|0 fnt
|faint|p2a: Talonlame
|
|c|âWebBowser|idk what to say about that tbh
|
|switch|p2a: GOD|Metagross, shiny|301\/301
|turn|6
|c|âPipluphater|meh
|
|detailschange|p2a: GOD|Metagross-Mega, shiny
|message|Metagross has Mega Evolved into Mega Metagross!
|move|p1a: Latios|Light Screen|p1a: Latios
|-sidestart|p1: WebBowser|move: Light Screen
|move|p2a: GOD|Meteor Mash|p1a: Latios
|-damage|p1a: Latios|229\/364
|
|turn|7
|
|move|p2a: GOD|Meteor Mash|p1a: Latios
|-damage|p1a: Latios|80\/364
|move|p1a: Latios|Memento|p2a: GOD
|-unboost|p2a: GOD|atk|2
|-unboost|p2a: GOD|spa|2
|faint|p1a: Latios
|
|
|switch|p1a: Scolipede|Scolipede, F|323\/323
|turn|8
|
|switch|p2a: YEEEOOOOOO|Ferrothorn, F|352\/352
|move|p1a: Scolipede|Iron Defense|p1a: Scolipede
|-boost|p1a: Scolipede|def|2
|
|-sideend|p1: WebBowser|Reflect
|-boost|p1a: Scolipede|spe|1|[from] ability: Speed Boost
|turn|9
|
|switch|p2a: gay|Latios, M|301\/301
|move|p1a: Scolipede|Iron Defense|p1a: Scolipede
|-boost|p1a: Scolipede|def|2
|
|-boost|p1a: Scolipede|spe|1|[from] ability: Speed Boost
|turn|10
|
|move|p1a: Scolipede|Protect|p1a: Scolipede
|-singleturn|p1a: Scolipede|Protect
|move|p2a: gay|Trick|p1a: Scolipede
|-activate|p1a: Scolipede|Protect
|
|-boost|p1a: Scolipede|spe|1|[from] ability: Speed Boost
|turn|11
|
|switch|p2a: GOD|Metagross-Mega, shiny|301\/301
|move|p1a: Scolipede|Substitute|p1a: Scolipede
|-start|p1a: Scolipede|Substitute
|-damage|p1a: Scolipede|243\/323
|
|-boost|p1a: Scolipede|spe|1|[from] ability: Speed Boost
|turn|12
|
|move|p1a: Scolipede|Iron Defense|p1a: Scolipede
|-boost|p1a: Scolipede|def|2
|move|p2a: GOD|Meteor Mash|p1a: Scolipede
|-activate|p1a: Scolipede|Substitute|[damage]
|
|-boost|p1a: Scolipede|spe|1|[from] ability: Speed Boost
|turn|13
|
|move|p1a: Scolipede|Baton Pass|p1a: Scolipede
|
|switch|p1a: Espeon|Espeon, F|334\/334
|move|p2a: GOD|Zen Headbutt|p1a: Espeon
|-resisted|p1a: Espeon
|-activate|p1a: Espeon|Substitute|[damage]
|
|-sideend|p1: WebBowser|move: Light Screen
|turn|14
|
|move|p1a: Espeon|Calm Mind|p1a: Espeon
|-boost|p1a: Espeon|spa|1
|-boost|p1a: Espeon|spd|1
|move|p2a: GOD|Meteor Mash|p1a: Espeon
|-end|p1a: Espeon|Substitute
|
|turn|15
|-message|Pipluphater forfeited.
|
|win|WebBowser
|raw|Ladder updating...
|leave|Pipluphater
|player|p2
|raw|WebBowser's rating: 1564 &rarr; <strong>1576<\/strong><br \/>(+12 for winning)
|raw|Pipluphater's rating: 1411 &rarr; <strong>1399<\/strong><br \/>(-12 for losing)