|join|WebBowser
|join|Gros Orteil
|player|p1|WebBowser|92
|player|p2|Gros Orteil|#grosorteil
|gametype|singles
|gen|6
|tier|OU
|rated
|clearpoke
|poke|p1|Scolipede, F
|poke|p1|Espeon, F
|poke|p1|Latios, M
|poke|p1|Greninja, M
|poke|p1|Charizard, F
|poke|p1|Sylveon, F
|poke|p2|Azumarill, M
|poke|p2|Scizor, F
|poke|p2|Landorus-Therian, M
|poke|p2|Heatran, F, shiny
|poke|p2|Hawlucha, F
|poke|p2|Gothitelle, M, shiny
|rule|Swagger Clause: Swagger is banned
|rule|Baton Pass Clause: Limit one PokÃ©mon knowing Baton Pass
|rule|Sleep Clause Mod: Limit one foe put to sleep
|rule|Species Clause: Limit one of each PokÃ©mon
|rule|OHKO Clause: OHKO moves are banned
|rule|Moody Clause: Moody is banned
|rule|Evasion Moves Clause: Evasion moves are banned
|rule|Endless Battle Clause: Forcing endless battles is banned
|rule|HP Percentage Mod: HP is shown in percentages
|teampreview
|c|âWebBowser|that... is an epuc sprite
|c|âGros Orteil|thanks :-)
|c|âWebBowser|loven the gengar shadow thing
Gros Orteil made this room private.
|
|start
|switch|p1a: Latios|Latios, M|364\/364
|switch|p2a: Zeus|Landorus-Therian, M|319\/319
|-ability|p2a: Zeus|Intimidate|[of] p1a: Latios
|-unboost|p1a: Latios|atk|1
|turn|1
|c|âWebBowser|How does one make a battle private? There were a few occasions that I had wanted to do that myself
|
|move|p2a: Zeus|U-turn|p1a: Latios
|-supereffective|p1a: Latios
|-damage|p1a: Latios|116\/364
|
|switch|p2a: Pyrolyse|Heatran, F, shiny|385\/385
|move|p1a: Latios|Reflect|p1a: Latios
|-sidestart|p1: WebBowser|Reflect
|
|turn|2
|
|switch|p1a: Greninja|Greninja, M|286\/286
|move|p2a: Pyrolyse|Stealth Rock|p1a: Greninja
|-sidestart|p1: WebBowser|move: Stealth Rock
|
|turn|3
|
|move|p2a: Pyrolyse|Protect|p2a: Pyrolyse
|-singleturn|p2a: Pyrolyse|Protect
|move|p1a: Greninja|Hydro Pump|p2a: Pyrolyse
|-start|p1a: Greninja|typechange|Water|[from] Protean
|-activate|p2a: Pyrolyse|Protect
|
|turn|4
|
|switch|p1a: Latios|Latios, M|116\/364
|-damage|p1a: Latios|71\/364|[from] Stealth Rock
|switch|p2a: Schtroumpf tapette|Azumarill, M|403\/403
|
|turn|5
|
|move|p1a: Latios|Light Screen|p1a: Latios
|-sidestart|p1: WebBowser|move: Light Screen
|move|p2a: Schtroumpf tapette|Play Rough|p1a: Latios
|-crit|p1a: Latios
|-supereffective|p1a: Latios
|-damage|p1a: Latios|0 fnt
|faint|p1a: Latios
|
|
|switch|p1a: Scolipede|Scolipede, F|323\/323
|-damage|p1a: Scolipede|243\/323|[from] Stealth Rock
|turn|6
|c|âWebBowser|#critmattered
|c|âWebBowser|lol
|
|switch|p2a: Pyrolyse|Heatran, F, shiny|385\/385
|move|p1a: Scolipede|Iron Defense|p1a: Scolipede
|-boost|p1a: Scolipede|def|2
|
|-boost|p1a: Scolipede|spe|1|[from] ability: Speed Boost
|turn|7
|c|âGros Orteil|ahah
|
|move|p1a: Scolipede|Baton Pass|p1a: Scolipede
|
|switch|p1a: Espeon|Espeon, F|334\/334
|-damage|p1a: Espeon|293\/334|[from] Stealth Rock
|move|p2a: Pyrolyse|Lava Plume|p1a: Espeon
|-damage|p1a: Espeon|230\/334
|
|-heal|p1a: Espeon|250\/334|[from] item: Leftovers
|turn|8
|
|move|p1a: Espeon|Calm Mind|p1a: Espeon
|-boost|p1a: Espeon|spa|1
|-boost|p1a: Espeon|spd|1
|move|p2a: Pyrolyse|Lava Plume|p1a: Espeon
|-damage|p1a: Espeon|206\/334
|
|-heal|p1a: Espeon|226\/334|[from] item: Leftovers
|-sideend|p1: WebBowser|Reflect
|turn|9
|
|switch|p2a: Magimix 2000|Scizor, F|343\/343
|move|p1a: Espeon|Calm Mind|p1a: Espeon
|-boost|p1a: Espeon|spa|1
|-boost|p1a: Espeon|spd|1
|
|-heal|p1a: Espeon|246\/334|[from] item: Leftovers
|turn|10
|
|detailschange|p2a: Magimix 2000|Scizor-Mega, F
|message|Scizor has Mega Evolved into Mega Scizor!
|move|p1a: Espeon|Stored Power|p2a: Magimix 2000
|-resisted|p2a: Magimix 2000
|-damage|p2a: Magimix 2000|103\/343
|move|p2a: Magimix 2000|Knock Off|p1a: Espeon
|-supereffective|p1a: Espeon
|-damage|p1a: Espeon|118\/334
|-enditem|p1a: Espeon|Leftovers|[from] move: Knock Off|[of] p2a: Magimix 2000
|
|turn|11
|
|move|p2a: Magimix 2000|Bullet Punch|p1a: Espeon
|-damage|p1a: Espeon|51\/334
|move|p1a: Espeon|Morning Sun|p1a: Espeon
|-heal|p1a: Espeon|218\/334
|
|turn|12
|
|move|p1a: Espeon|Morning Sun|p1a: Espeon
|-heal|p1a: Espeon|334\/334
|move|p2a: Magimix 2000|Swords Dance|p2a: Magimix 2000
|-boost|p2a: Magimix 2000|atk|2
|
|-sideend|p1: WebBowser|move: Light Screen
|turn|13
|
|move|p2a: Magimix 2000|Bullet Punch|p1a: Espeon
|-damage|p1a: Espeon|208\/334
|move|p1a: Espeon|Stored Power|p2a: Magimix 2000
|-resisted|p2a: Magimix 2000
|-damage|p2a: Magimix 2000|0 fnt
|faint|p2a: Magimix 2000
|
|
|switch|p2a: Pyrolyse|Heatran, F, shiny|385\/385
|turn|14
|
|move|p1a: Espeon|Calm Mind|p1a: Espeon
|-boost|p1a: Espeon|spa|1
|-boost|p1a: Espeon|spd|1
|move|p2a: Pyrolyse|Lava Plume|p1a: Espeon
|-damage|p1a: Espeon|154\/334
|
|turn|15
|
|move|p1a: Espeon|Morning Sun|p1a: Espeon
|-heal|p1a: Espeon|321\/334
|move|p2a: Pyrolyse|Lava Plume|p1a: Espeon
|-damage|p1a: Espeon|267\/334
|
|turn|16
|
|move|p1a: Espeon|Stored Power|p2a: Pyrolyse
|-resisted|p2a: Pyrolyse
|-damage|p2a: Pyrolyse|132\/385
|move|p2a: Pyrolyse|Lava Plume|p1a: Espeon
|-damage|p1a: Espeon|213\/334
|
|-heal|p2a: Pyrolyse|156\/385|[from] item: Leftovers
|turn|17
|c|âGros Orteil|no burrrrn
|
|move|p1a: Espeon|Stored Power|p2a: Pyrolyse
|-resisted|p2a: Pyrolyse
|-damage|p2a: Pyrolyse|0 fnt
|faint|p2a: Pyrolyse
|
|c|âWebBowser|sry :(
|
|switch|p2a: Zeus|Landorus-Therian, M|319\/319
|-ability|p2a: Zeus|Intimidate|[of] p1a: Espeon
|-unboost|p1a: Espeon|atk|1
|turn|18
|
|move|p2a: Zeus|Earthquake|p1a: Espeon
|-damage|p1a: Espeon|114\/334
|move|p1a: Espeon|Stored Power|p2a: Zeus
|-damage|p2a: Zeus|0 fnt
|faint|p2a: Zeus
|
|c|âWebBowser|gg
|c|âGros Orteil|gg
|c|âGros Orteil|bad player :v
|c|âWebBowser|:(
|
|switch|p2a: Chiihiro|Gothitelle, M, shiny|343\/343
|turn|19
|
|move|p1a: Espeon|Stored Power|p2a: Chiihiro
|-resisted|p2a: Chiihiro
|-damage|p2a: Chiihiro|24\/343
|move|p2a: Chiihiro|Thunderbolt|p1a: Espeon
|-damage|p1a: Espeon|54\/334
|
|turn|20
|
|move|p1a: Espeon|Morning Sun|p1a: Espeon
|-heal|p1a: Espeon|221\/334
|move|p2a: Chiihiro|Thunderbolt|p1a: Espeon
|-damage|p1a: Espeon|162\/334
|
|turn|21
|
|move|p1a: Espeon|Stored Power|p2a: Chiihiro
|-resisted|p2a: Chiihiro
|-damage|p2a: Chiihiro|0 fnt
|faint|p2a: Chiihiro
|
|-message|Gros Orteil forfeited.
|
|win|WebBowser
|raw|Ladder updating...
|leave|Gros Orteil
|player|p2
|raw|WebBowser's rating: 1765 &rarr; <strong>1790<\/strong><br \/>(+25 for winning)
|raw|Gros Orteil's rating: 1854 &rarr; <strong>1829<\/strong><br \/>(-25 for losing)