|join|LT3X Bloo
|join|WebBowser
|player|p1|LT3X Bloo|96
|player|p2|WebBowser|92
|gametype|singles
|gen|6
|tier|OU
|rated
|clearpoke
|poke|p1|Heatran, M
|poke|p1|Landorus-Therian, M
|poke|p1|Greninja, F
|poke|p1|Venusaur, F
|poke|p1|Mew
|poke|p1|Raikou
|poke|p2|Scolipede, M
|poke|p2|Espeon, F
|poke|p2|Latios, M
|poke|p2|Greninja, F
|poke|p2|Charizard, F
|poke|p2|Wobbuffet, F
|rule|Swagger Clause: Swagger is banned
|rule|Baton Pass Clause: Limit one PokÃ©mon knowing Baton Pass
|rule|Sleep Clause Mod: Limit one foe put to sleep
|rule|Species Clause: Limit one of each PokÃ©mon
|rule|OHKO Clause: OHKO moves are banned
|rule|Moody Clause: Moody is banned
|rule|Evasion Moves Clause: Evasion moves are banned
|rule|Endless Battle Clause: Forcing endless battles is banned
|rule|HP Percentage Mod: HP is shown in percentages
|teampreview
|c|âWebBowser|gl hf
|
|start
|switch|p1a: Raikou|Raikou|321\/321
|switch|p2a: Oh no it's|Wobbuffet, F|584\/584
|-ability|p1a: Raikou|Pressure
|turn|1
|
|move|p1a: Raikou|Volt Switch|p2a: Oh no it's
|-damage|p2a: Oh no it's|470\/584
|
|switch|p1a: Greninja|Greninja, F|286\/286
|move|p2a: Oh no it's|Mirror Coat|p1a: Greninja
|-immune|p1a: Greninja|[msg]
|
|-heal|p2a: Oh no it's|506\/584|[from] item: Leftovers
|turn|2
|join|The DragonKnight
|
|switch|p2a: Latios|Latios, M|364\/364
|move|p1a: Greninja|Dark Pulse|p2a: Latios
|-start|p1a: Greninja|typechange|Dark|[from] Protean
|-supereffective|p2a: Latios
|-damage|p2a: Latios|81\/364
|-damage|p1a: Greninja|258\/286|[from] item: Life Orb
|
|turn|3
|c|âWebBowser|... I should have thought that through a bit better lol
|join|valfan #25436
|join|bro flst
|join|KratosMana
|
|switch|p2a: Greninja|Greninja, F|286\/286
|move|p1a: Greninja|Dark Pulse|p2a: Greninja
|-resisted|p2a: Greninja
|-damage|p2a: Greninja|183\/286
|-damage|p1a: Greninja|230\/286|[from] item: Life Orb
|
|turn|4
|join|JustB1az3
|
|switch|p1a: Raikou|Raikou|321\/321
|-ability|p1a: Raikou|Pressure
|move|p2a: Greninja|Ice Beam|p1a: Raikou
|-start|p2a: Greninja|typechange|Ice|[from] Protean
|-damage|p1a: Raikou|207\/321
|-damage|p2a: Greninja|155\/286|[from] item: Life Orb
|
|turn|5
|
|move|p2a: Greninja|Hydro Pump|p1a: Raikou|[miss]
|-start|p2a: Greninja|typechange|Water|[from] Protean
|-miss|p2a: Greninja|p1a: Raikou
|move|p1a: Raikou|Volt Switch|p2a: Greninja
|-supereffective|p2a: Greninja
|-damage|p2a: Greninja|0 fnt
|faint|p2a: Greninja
|join|bro fist
|
|switch|p1a: Heatran|Heatran, M|386\/386
|
|
|switch|p2a: Oh no it's|Wobbuffet, F|506\/584
|turn|6
|
|move|p1a: Heatran|Stealth Rock|p2a: Oh no it's
|-sidestart|p2: WebBowser|move: Stealth Rock
|move|p2a: Oh no it's|Encore|p1a: Heatran
|-start|p1a: Heatran|Encore
|
|-heal|p2a: Oh no it's|542\/584|[from] item: Leftovers
|turn|7
|
|switch|p2a: Scolipede|Scolipede, M|323\/323
|-damage|p2a: Scolipede|243\/323|[from] Stealth Rock
|move|p1a: Heatran|Stealth Rock|p2a: Scolipede
|-fail|p2a: Scolipede
|
|turn|8
|
|switch|p1a: Raikou|Raikou|207\/321
|-ability|p1a: Raikou|Pressure
|move|p2a: Scolipede|Iron Defense|p2a: Scolipede
|-boost|p2a: Scolipede|def|2
|
|-boost|p2a: Scolipede|spe|1|[from] ability: Speed Boost
|turn|9
|
|move|p2a: Scolipede|Protect|p2a: Scolipede
|-singleturn|p2a: Scolipede|Protect
|move|p1a: Raikou|Thunderbolt|p2a: Scolipede
|-activate|p2a: Scolipede|Protect
|
|-boost|p2a: Scolipede|spe|1|[from] ability: Speed Boost
|turn|10
|
|move|p2a: Scolipede|Baton Pass|p2a: Scolipede
|
|switch|p2a: Espeon|Espeon, F|334\/334
|-damage|p2a: Espeon|293\/334|[from] Stealth Rock
|move|p1a: Raikou|Thunderbolt|p2a: Espeon
|-damage|p2a: Espeon|139\/334
|
|-heal|p2a: Espeon|159\/334|[from] item: Leftovers
|turn|11
|
|move|p2a: Espeon|Calm Mind|p2a: Espeon
|-boost|p2a: Espeon|spa|1
|-boost|p2a: Espeon|spd|1
|move|p1a: Raikou|Thunderbolt|p2a: Espeon
|-damage|p2a: Espeon|51\/334
|
|-heal|p2a: Espeon|71\/334|[from] item: Leftovers
|turn|12
|leave|bro fist
|
|move|p2a: Espeon|Morning Sun|p2a: Espeon
|-heal|p2a: Espeon|238\/334
|move|p1a: Raikou|Volt Switch|p2a: Espeon
|-damage|p2a: Espeon|157\/334
|
|switch|p1a: Mew|Mew|404\/404
|
|-heal|p2a: Espeon|177\/334|[from] item: Leftovers
|turn|13
|
|move|p2a: Espeon|Calm Mind|p2a: Espeon
|-boost|p2a: Espeon|spa|1
|-boost|p2a: Espeon|spd|1
|move|p1a: Mew|Knock Off|p2a: Espeon
|-supereffective|p2a: Espeon
|-damage|p2a: Espeon|99\/334
|-enditem|p2a: Espeon|Leftovers|[from] move: Knock Off|[of] p1a: Mew
|
|turn|14
|
|switch|p1a: Heatran|Heatran, M|386\/386
|move|p2a: Espeon|Morning Sun|p2a: Espeon
|-heal|p2a: Espeon|266\/334
|
|turn|15
|
|move|p2a: Espeon|Calm Mind|p2a: Espeon
|-boost|p2a: Espeon|spa|1
|-boost|p2a: Espeon|spd|1
|move|p1a: Heatran|Lava Plume|p2a: Espeon
|-damage|p2a: Espeon|212\/334
|
|turn|16
|join|Oogwa
|
|move|p2a: Espeon|Stored Power|p1a: Heatran
|-resisted|p1a: Heatran
|-damage|p1a: Heatran|63\/386
|move|p1a: Heatran|Lava Plume|p2a: Espeon
|-damage|p2a: Espeon|160\/334
|
|-heal|p1a: Heatran|87\/386|[from] item: Leftovers
|turn|17
|
|switch|p1a: Greninja|Greninja, F|230\/286
|move|p2a: Espeon|Morning Sun|p2a: Espeon
|-heal|p2a: Espeon|327\/334
|
|turn|18
|
|move|p2a: Espeon|Hidden Power|p1a: Greninja
|-supereffective|p1a: Greninja
|-damage|p1a: Greninja|0 fnt
|faint|p1a: Greninja
|
|c| Oogwa|marco
|c|âWebBowser|gg
|-message|LT3X Bloo forfeited.
|
|win|WebBowser
|raw|Ladder updating...
|c| bro flst|hi
|raw|LT3X Bloo's rating: 1744 &rarr; <strong>1726<\/strong><br \/>(-18 for losing)
|raw|WebBowser's rating: 1775 &rarr; <strong>1794<\/strong><br \/>(+19 for winning)
|leave|LT3X Bloo
|player|p1
|leave|Oogwa
|leave|KratosMana