|join|Alkov
|join|WebBowser
|player|p1|Alkov|45
|player|p2|WebBowser|92
|gametype|singles
|gen|6
|tier|OU
|rated
|clearpoke
|poke|p1|Dugtrio, M
|poke|p1|Azelf
|poke|p1|Whimsicott, F, shiny
|poke|p1|Smeargle, M
|poke|p1|Espeon, M
|poke|p1|Talonflame, F
|poke|p2|Scolipede, M
|poke|p2|Espeon, M
|poke|p2|Latios, M
|poke|p2|Greninja, F
|poke|p2|Charizard, F
|poke|p2|Sylveon, M
|rule|Swagger Clause: Swagger is banned
|rule|Baton Pass Clause: Limit one PokÃ©mon knowing Baton Pass
|rule|Sleep Clause Mod: Limit one foe put to sleep
|rule|Species Clause: Limit one of each PokÃ©mon
|rule|OHKO Clause: OHKO moves are banned
|rule|Moody Clause: Moody is banned
|rule|Evasion Moves Clause: Evasion moves are banned
|rule|Endless Battle Clause: Forcing endless battles is banned
|rule|HP Percentage Mod: HP is shown in percentages
|teampreview
|chat|WebBowser|hellow again
|chat|Alkov|hi
|
|start
|switch|p1a: Azelf|Azelf|354\/354
|switch|p2a: Espeon|Espeon, M|334\/334
|turn|1
|
|move|p1a: Azelf|Light Screen|p1a: Azelf
|-sidestart|p1: Alkov|move: Light Screen
|move|p2a: Espeon|Calm Mind|p2a: Espeon
|-boost|p2a: Espeon|spa|1
|-boost|p2a: Espeon|spd|1
|
|turn|2
|
|move|p1a: Azelf|Reflect|p1a: Azelf
|-sidestart|p1: Alkov|Reflect
|move|p2a: Espeon|Calm Mind|p2a: Espeon
|-boost|p2a: Espeon|spa|1
|-boost|p2a: Espeon|spd|1
|
|turn|3
|
|move|p1a: Azelf|Explosion|p2a: Espeon
|-damage|p2a: Espeon|158\/334
|faint|p1a: Azelf
|move|p2a: Espeon|Calm Mind|p2a: Espeon
|-boost|p2a: Espeon|spa|1
|-boost|p2a: Espeon|spd|1
|
|-heal|p2a: Espeon|178\/334|[from] item: Leftovers
|
|switch|p1a: Dugtrio|Dugtrio, M|212\/212
|turn|4
|chat|WebBowser|ok, cool, not an ohko
|
|move|p1a: Dugtrio|Earthquake|p2a: Espeon
|-damage|p2a: Espeon|54\/334
|move|p2a: Espeon|Morning Sun|p2a: Espeon
|-heal|p2a: Espeon|221\/334
|
|-heal|p2a: Espeon|241\/334|[from] item: Leftovers
|turn|5
|
|move|p1a: Dugtrio|Memento|p2a: Espeon
|-unboost|p2a: Espeon|atk|2
|-unboost|p2a: Espeon|spa|2
|faint|p1a: Dugtrio
|move|p2a: Espeon|Stored Power|p1: Dugtrio|[notarget]
|-notarget
|
|-heal|p2a: Espeon|261\/334|[from] item: Leftovers
|
|switch|p1a: Whimsicott|Whimsicott, F, shiny|324\/324
|turn|6
|
|move|p1a: Whimsicott|Tailwind|p1a: Whimsicott
|-sidestart|p1: Alkov|move: Tailwind
|move|p2a: Espeon|Calm Mind|p2a: Espeon
|-boost|p2a: Espeon|spa|1
|-boost|p2a: Espeon|spd|1
|
|-heal|p2a: Espeon|281\/334|[from] item: Leftovers
|turn|7
|
|move|p1a: Whimsicott|Memento|p2a: Espeon
|-unboost|p2a: Espeon|atk|2
|-unboost|p2a: Espeon|spa|2
|faint|p1a: Whimsicott
|move|p2a: Espeon|Calm Mind|p2a: Espeon
|-boost|p2a: Espeon|spa|1
|-boost|p2a: Espeon|spd|1
|
|-heal|p2a: Espeon|301\/334|[from] item: Leftovers
|chat|WebBowser|double memento op
|
|switch|p1a: Smeargle|Smeargle, M|314\/314
|turn|8
|
|move|p1a: Smeargle|Geomancy|p1a: Smeargle|[still]
|-prepare|p1a: Smeargle|Geomancy|p1a: Smeargle
|-enditem|p1a: Smeargle|Power Herb
|-anim|p1a: Smeargle|Geomancy|p1a: Smeargle
|-boost|p1a: Smeargle|spa|2
|-boost|p1a: Smeargle|spd|2
|-boost|p1a: Smeargle|spe|2
|move|p2a: Espeon|Calm Mind|p2a: Espeon
|-boost|p2a: Espeon|spa|1
|-boost|p2a: Espeon|spd|1
|
|-heal|p2a: Espeon|321\/334|[from] item: Leftovers
|-sideend|p1: Alkov|move: Light Screen
|turn|9
|
|move|p1a: Smeargle|Cotton Guard|p1a: Smeargle
|-boost|p1a: Smeargle|def|3
|move|p2a: Espeon|Stored Power|p1a: Smeargle
|-damage|p1a: Smeargle|0 fnt
|faint|p1a: Smeargle
|
|-heal|p2a: Espeon|334\/334|[from] item: Leftovers
|-sideend|p1: Alkov|Reflect
|-sideend|p1: Alkov|move: Tailwind
|chat|Alkov|gg
|chat|WebBowser|gg
|-message|Alkov forfeited.
|
|win|WebBowser
|raw|Ladder updating...
|raw|Alkov's rating: 1814 &rarr; <strong>1793<\/strong><br \/>(-21 for losing)
|raw|WebBowser's rating: 1801 &rarr; <strong>1822<\/strong><br \/>(+21 for winning)
|leave|Alkov
|player|p1