|join|Hogback_fosh_men
|join|WebBowser
|player|p1|Hogback_fosh_men|169
|player|p2|WebBowser|92
|gametype|singles
|gen|6
|tier|OU
|rated
|clearpoke
|poke|p1|Gardevoir, M
|poke|p1|Conkeldurr, F, shiny
|poke|p1|Ferrothorn, F
|poke|p1|Rotom-Wash
|poke|p1|Heatran, M
|poke|p1|Landorus, M
|poke|p2|Scolipede, M
|poke|p2|Espeon, M
|poke|p2|Latios, M
|poke|p2|Greninja, M
|poke|p2|Charizard, M
|poke|p2|Sylveon, F
|rule|Swagger Clause: Swagger is banned
|rule|Baton Pass Clause: Limit one PokÃ©mon knowing Baton Pass
|rule|Sleep Clause Mod: Limit one foe put to sleep
|rule|Species Clause: Limit one of each PokÃ©mon
|rule|OHKO Clause: OHKO moves are banned
|rule|Moody Clause: Moody is banned
|rule|Evasion Moves Clause: Evasion moves are banned
|rule|Endless Battle Clause: Forcing endless battles is banned
|rule|HP Percentage Mod: HP is shown in percentages
|teampreview
|c|âWebBowser|gl hf
|c|âHogback_fosh_men|same to u
|
|start
|switch|p1a: Rotom-Wash|Rotom-Wash|242\/242
|switch|p2a: Latios|Latios, M|364\/364
|turn|1
|
|move|p1a: Rotom-Wash|Volt Switch|p2a: Latios
|-crit|p2a: Latios
|-resisted|p2a: Latios
|-damage|p2a: Latios|289\/364
|
|switch|p1a: Ferrothorn|Ferrothorn, F|352\/352
|move|p2a: Latios|Light Screen|p2a: Latios
|-sidestart|p2: WebBowser|move: Light Screen
|
|turn|2
|c|âWebBowser|crit op
|
|switch|p2a: Scolipede|Scolipede, M|323\/323
|move|p1a: Ferrothorn|Gyro Ball|p2a: Scolipede
|-damage|p2a: Scolipede|199\/323
|
|turn|3
|
|move|p2a: Scolipede|Iron Defense|p2a: Scolipede
|-boost|p2a: Scolipede|def|2
|move|p1a: Ferrothorn|Stealth Rock|p2a: Scolipede
|-sidestart|p2: WebBowser|move: Stealth Rock
|
|-boost|p2a: Scolipede|spe|1|[from] ability: Speed Boost
|turn|4
|
|move|p2a: Scolipede|Iron Defense|p2a: Scolipede
|-boost|p2a: Scolipede|def|2
|move|p1a: Ferrothorn|Leech Seed|p2a: Scolipede
|-start|p2a: Scolipede|move: Leech Seed
|
|-damage|p2a: Scolipede|159\/323|[from] Leech Seed|[of] p1a: Ferrothorn
|-boost|p2a: Scolipede|spe|1|[from] ability: Speed Boost
|turn|5
|
|switch|p1a: Rotom-Wash|Rotom-Wash|242\/242
|move|p2a: Scolipede|Iron Defense|p2a: Scolipede
|-boost|p2a: Scolipede|def|2
|
|-damage|p2a: Scolipede|119\/323|[from] Leech Seed|[of] p1a: Rotom-Wash
|-boost|p2a: Scolipede|spe|1|[from] ability: Speed Boost
|turn|6
|
|move|p2a: Scolipede|Baton Pass|p2a: Scolipede
|
|switch|p2a: Espeon|Espeon, M|334\/334
|-damage|p2a: Espeon|293\/334|[from] Stealth Rock
|move|p1a: Rotom-Wash|Trick|p2a: Espeon
|-activate|p1a: Rotom-Wash|move: Trick|[of] p2a: Espeon
|-item|p2a: Espeon|Choice Scarf|[from] move: Trick
|-item|p1a: Rotom-Wash|Leftovers|[from] move: Trick
|
|-damage|p2a: Espeon|252\/334|[from] Leech Seed|[of] p1a: Rotom-Wash
|turn|7
|
|switch|p1a: Ferrothorn|Ferrothorn, F|352\/352
|move|p2a: Espeon|Stored Power|p1a: Ferrothorn
|-crit|p1a: Ferrothorn
|-resisted|p1a: Ferrothorn
|-damage|p1a: Ferrothorn|181\/352
|
|-damage|p2a: Espeon|211\/334|[from] Leech Seed|[of] p1a: Ferrothorn
|-heal|p1a: Ferrothorn|222\/352|[silent]
|turn|8
|
|move|p2a: Espeon|Stored Power|p1a: Ferrothorn
|-resisted|p1a: Ferrothorn
|-damage|p1a: Ferrothorn|125\/352
|move|p1a: Ferrothorn|Gyro Ball|p2a: Espeon
|-damage|p2a: Espeon|166\/334
|
|-damage|p2a: Espeon|125\/334|[from] Leech Seed|[of] p1a: Ferrothorn
|-heal|p1a: Ferrothorn|166\/352|[silent]
|-sideend|p2: WebBowser|move: Light Screen
|turn|9
|
|move|p2a: Espeon|Stored Power|p1a: Ferrothorn
|-crit|p1a: Ferrothorn
|-resisted|p1a: Ferrothorn
|-damage|p1a: Ferrothorn|6\/352
|move|p1a: Ferrothorn|Gyro Ball|p2a: Espeon
|-damage|p2a: Espeon|80\/334
|
|-damage|p2a: Espeon|39\/334|[from] Leech Seed|[of] p1a: Ferrothorn
|-heal|p1a: Ferrothorn|47\/352|[silent]
|turn|10
|c|âWebBowser|bah I screwed up so much
|
|switch|p1a: Heatran|Heatran, M|324\/324
|move|p2a: Espeon|Stored Power|p1a: Heatran
|-resisted|p1a: Heatran
|-damage|p1a: Heatran|195\/324
|
|-heal|p1a: Heatran|215\/324|[from] item: Leftovers
|-damage|p2a: Espeon|0 fnt|[from] Leech Seed|[of] p1a: Heatran
|-heal|p1a: Heatran|254\/324|[silent]
|faint|p2a: Espeon
|c|âHogback_fosh_men|yep
|
|switch|p2a: Greninja|Greninja, M|286\/286
|-damage|p2a: Greninja|251\/286|[from] Stealth Rock
|turn|11
|
|switch|p1a: Ferrothorn|Ferrothorn, F|47\/352
|move|p2a: Greninja|Hydro Pump|p1a: Ferrothorn
|-start|p2a: Greninja|typechange|Water|[from] Protean
|-resisted|p1a: Ferrothorn
|-damage|p1a: Ferrothorn|0 fnt
|-damage|p2a: Greninja|223\/286|[from] item: Life Orb
|faint|p1a: Ferrothorn
|
|
|switch|p1a: UncleRucus|Conkeldurr, F, shiny|402\/402
|turn|12
|
|move|p2a: Greninja|Extrasensory|p1a: UncleRucus
|-start|p2a: Greninja|typechange|Psychic|[from] Protean
|-supereffective|p1a: UncleRucus
|-damage|p1a: UncleRucus|129\/402
|-damage|p2a: Greninja|195\/286|[from] item: Life Orb
|move|p1a: UncleRucus|Knock Off|p2a: Greninja
|-supereffective|p2a: Greninja
|-damage|p2a: Greninja|0 fnt
|-enditem|p2a: Greninja|Life Orb|[from] move: Knock Off|[of] p1a: UncleRucus
|faint|p2a: Greninja
|
|
|switch|p2a: Scolipede|Scolipede, M|119\/323
|-damage|p2a: Scolipede|39\/323|[from] Stealth Rock
|turn|13
|
|move|p2a: Scolipede|Iron Defense|p2a: Scolipede
|-boost|p2a: Scolipede|def|2
|move|p1a: UncleRucus|Ice Punch|p2a: Scolipede
|-damage|p2a: Scolipede|0 fnt
|faint|p2a: Scolipede
|
|
|switch|p2a: Sylveon|Sylveon, F|394\/394
|-damage|p2a: Sylveon|345\/394|[from] Stealth Rock
|turn|14
|
|switch|p1a: Heatran|Heatran, M|254\/324
|move|p2a: Sylveon|Hyper Voice|p1a: Heatran
|-resisted|p1a: Heatran
|-damage|p1a: Heatran|184\/324
|
|-heal|p1a: Heatran|204\/324|[from] item: Leftovers
|turn|15
|
|move|p1a: Heatran|Flash Cannon|p2a: Sylveon
|-supereffective|p2a: Sylveon
|-damage|p2a: Sylveon|115\/394
|move|p2a: Sylveon|Hyper Voice|p1a: Heatran
|-resisted|p1a: Heatran
|-damage|p1a: Heatran|132\/324
|
|-heal|p1a: Heatran|152\/324|[from] item: Leftovers
|turn|16
|c|âWebBowser|yeah, gg
|-message|WebBowser forfeited.
|
|win|Hogback_fosh_men
|raw|Ladder updating...
|c|âHogback_fosh_men|gg
|raw|Hogback_fosh_men's rating: 1727 &rarr; <strong>1751<\/strong><br \/>(+24 for winning)
|raw|WebBowser's rating: 1791 &rarr; <strong>1767<\/strong><br \/>(-24 for losing)
|leave|WebBowser
|player|p2