|join|rafaellum
|join|WebBowser
|player|p1|rafaellum|54
|player|p2|WebBowser|92
|gametype|singles
|gen|6
|tier|OU
|rated
|clearpoke
|poke|p1|Haxorus, M
|poke|p1|Hydreigon, M
|poke|p1|Talonflame, M
|poke|p1|Terrakion
|poke|p1|Latias, F
|poke|p1|Aggron, F, shiny
|poke|p2|Scolipede, F
|poke|p2|Espeon, M
|poke|p2|Latios, M
|poke|p2|Greninja, F
|poke|p2|Charizard, F
|poke|p2|Wobbuffet, F
|rule|Swagger Clause: Swagger is banned
|rule|Baton Pass Clause: Limit one PokÃ©mon knowing Baton Pass
|rule|Sleep Clause Mod: Limit one foe put to sleep
|rule|Species Clause: Limit one of each PokÃ©mon
|rule|OHKO Clause: OHKO moves are banned
|rule|Moody Clause: Moody is banned
|rule|Evasion Moves Clause: Evasion moves are banned
|rule|Endless Battle Clause: Forcing endless battles is banned
|rule|HP Percentage Mod: HP is shown in percentages
|teampreview
|
|start
|switch|p1a: Sinanju|Talonflame, M|360\/360
|switch|p2a: Latios|Latios, M|364\/364
|turn|1
|
|switch|p1a: Harpoon|Aggron, F, shiny|301\/301
|move|p2a: Latios|Reflect|p2a: Latios
|-sidestart|p2: WebBowser|Reflect
|
|turn|2
|
|move|p2a: Latios|Light Screen|p2a: Latios
|-sidestart|p2: WebBowser|move: Light Screen
|move|p1a: Harpoon|Fire Punch|p2a: Latios
|-resisted|p2a: Latios
|-damage|p2a: Latios|345\/364
|
|turn|3
|
|switch|p2a: Scolipede|Scolipede, F|323\/323
|detailschange|p1a: Harpoon|Aggron-Mega, F, shiny
|message|Aggron has Mega Evolved into Mega Aggron!
|move|p1a: Harpoon|Metal Burst|p2a: Scolipede
|-fail|p2a: Scolipede
|
|turn|4
|
|switch|p1a: Sinanju|Talonflame, M|360\/360
|move|p2a: Scolipede|Iron Defense|p2a: Scolipede
|-boost|p2a: Scolipede|def|2
|
|-boost|p2a: Scolipede|spe|1|[from] ability: Speed Boost
|turn|5
|
|move|p2a: Scolipede|Iron Defense|p2a: Scolipede
|-boost|p2a: Scolipede|def|2
|move|p1a: Sinanju|Swords Dance|p1a: Sinanju
|-boost|p1a: Sinanju|atk|2
|
|-boost|p2a: Scolipede|spe|1|[from] ability: Speed Boost
|turn|6
|
|move|p1a: Sinanju|Brave Bird|p2a: Scolipede
|-supereffective|p2a: Scolipede
|-damage|p2a: Scolipede|211\/323
|-damage|p1a: Sinanju|323\/360|[from] recoil|[of] p2a: Scolipede
|move|p2a: Scolipede|Iron Defense|p2a: Scolipede
|-boost|p2a: Scolipede|def|2
|
|-boost|p2a: Scolipede|spe|1|[from] ability: Speed Boost
|turn|7
|
|move|p2a: Scolipede|Baton Pass|p2a: Scolipede
|
|switch|p2a: Espeon|Espeon, M|334\/334
|move|p1a: Sinanju|Swords Dance|p1a: Sinanju
|-boost|p1a: Sinanju|atk|2
|
|turn|8
|
|move|p2a: Espeon|Calm Mind|p2a: Espeon
|-boost|p2a: Espeon|spa|1
|-boost|p2a: Espeon|spd|1
|move|p1a: Sinanju|Substitute|p1a: Sinanju
|-start|p1a: Sinanju|Substitute
|-damage|p1a: Sinanju|233\/360
|
|-sideend|p2: WebBowser|Reflect
|turn|9
|
|move|p2a: Espeon|Stored Power|p1a: Sinanju
|-end|p1a: Sinanju|Substitute
|move|p1a: Sinanju|Swords Dance|p1a: Sinanju
|-boost|p1a: Sinanju|atk|2
|
|-sideend|p2: WebBowser|move: Light Screen
|turn|10
|
|move|p1a: Sinanju|Brave Bird|p2a: Espeon
|-damage|p2a: Espeon|124\/334
|-damage|p1a: Sinanju|164\/360|[from] recoil|[of] p2a: Espeon
|move|p2a: Espeon|Stored Power|p1a: Sinanju
|-damage|p1a: Sinanju|0 fnt
|faint|p1a: Sinanju
|
|-heal|p2a: Espeon|144\/334|[from] item: Leftovers
|
|switch|p1a: Harpoon|Aggron-Mega, F, shiny|301\/301
|turn|11
|
|move|p2a: Espeon|Morning Sun|p2a: Espeon
|-heal|p2a: Espeon|311\/334
|move|p1a: Harpoon|Metal Burst|p2a: Espeon
|-fail|p2a: Espeon
|
|-heal|p2a: Espeon|331\/334|[from] item: Leftovers
|turn|12
|
|move|p2a: Espeon|Calm Mind|p2a: Espeon
|-boost|p2a: Espeon|spa|1
|-boost|p2a: Espeon|spd|1
|move|p1a: Harpoon|Metal Burst|p2a: Espeon
|-fail|p2a: Espeon
|
|-heal|p2a: Espeon|334\/334|[from] item: Leftovers
|turn|13
|
|move|p2a: Espeon|Calm Mind|p2a: Espeon
|-boost|p2a: Espeon|spa|1
|-boost|p2a: Espeon|spd|1
|move|p1a: Harpoon|Heavy Slam|p2a: Espeon
|-crit|p2a: Espeon
|-damage|p2a: Espeon|22\/334
|
|-heal|p2a: Espeon|42\/334|[from] item: Leftovers
|turn|14
|
|move|p2a: Espeon|Morning Sun|p2a: Espeon
|-heal|p2a: Espeon|209\/334
|move|p1a: Harpoon|Metal Burst|p2a: Espeon
|-fail|p2a: Espeon
|
|-heal|p2a: Espeon|229\/334|[from] item: Leftovers
|turn|15
|
|move|p2a: Espeon|Calm Mind|p2a: Espeon
|-boost|p2a: Espeon|spa|1
|-boost|p2a: Espeon|spd|1
|move|p1a: Harpoon|Heavy Slam|p2a: Espeon
|-damage|p2a: Espeon|177\/334
|
|-heal|p2a: Espeon|197\/334|[from] item: Leftovers
|turn|16
|
|move|p2a: Espeon|Calm Mind|p2a: Espeon
|-boost|p2a: Espeon|spa|1
|-boost|p2a: Espeon|spd|1
|move|p1a: Harpoon|Metal Burst|p2a: Espeon
|-fail|p2a: Espeon
|
|-heal|p2a: Espeon|217\/334|[from] item: Leftovers
|turn|17
|
|move|p2a: Espeon|Calm Mind|p2a: Espeon
|-boost|p2a: Espeon|spa|1
|-boost|p2a: Espeon|spd|1
|move|p1a: Harpoon|Heavy Slam|p2a: Espeon
|-damage|p2a: Espeon|166\/334
|
|-heal|p2a: Espeon|186\/334|[from] item: Leftovers
|turn|18
|c|ârafaellum|one question
|c|âWebBowser|yeah?
|c|ârafaellum|does that espeon have baton pass?
|c|âWebBowser|BP clause bro
|c|ârafaellum|that is quite cool
|
|move|p2a: Espeon|Morning Sun|p2a: Espeon
|-heal|p2a: Espeon|334\/334
|move|p1a: Harpoon|Heavy Slam|p2a: Espeon
|-crit|p2a: Espeon
|-damage|p2a: Espeon|34\/334
|
|-heal|p2a: Espeon|54\/334|[from] item: Leftovers
|turn|19
|c|ârafaellum|for your information
|c|ârafaellum|that esp is not gonna OHKO this guy
|c|ârafaellum|ever
|c|âWebBowser|I can predict HAX
|
|move|p2a: Espeon|Morning Sun|p2a: Espeon
|-heal|p2a: Espeon|221\/334
|move|p1a: Harpoon|Metal Burst|p2a: Espeon
|-fail|p2a: Espeon
|
|-heal|p2a: Espeon|241\/334|[from] item: Leftovers
|turn|20
|
|move|p2a: Espeon|Morning Sun|p2a: Espeon
|-heal|p2a: Espeon|334\/334
|move|p1a: Harpoon|Heavy Slam|p2a: Espeon
|-damage|p2a: Espeon|288\/334
|
|-heal|p2a: Espeon|308\/334|[from] item: Leftovers
|turn|21
|
|move|p2a: Espeon|Stored Power|p1a: Harpoon
|-resisted|p1a: Harpoon
|-damage|p1a: Harpoon|0 fnt
|faint|p1a: Harpoon
|
|-heal|p2a: Espeon|328\/334|[from] item: Leftovers
|c|âWebBowser|as you were saying?
|
|switch|p1a: Shadow|Hydreigon, M|325\/325
|turn|22
|
|move|p2a: Espeon|Dazzling Gleam|p1a: Shadow
|-supereffective|p1a: Shadow
|-damage|p1a: Shadow|0 fnt
|faint|p1a: Shadow
|
|-heal|p2a: Espeon|334\/334|[from] item: Leftovers
|c|ârafaellum|uhm
|c|ârafaellum|say
|c|ârafaellum|what about
|c|ârafaellum|FUCK YOU GAY ASSHOLE
|-message|rafaellum forfeited.
|
|win|WebBowser
|raw|Ladder updating...
|leave|rafaellum
|player|p1
|raw|rafaellum's rating: 1240 &rarr; <strong>1214<\/strong><br \/>(-26 for losing)
|raw|WebBowser's rating: 1235 &rarr; <strong>1261<\/strong><br \/>(+26 for winning)