|join|WebBowser
|join|Wizard from Aus
|player|p1|WebBowser|170
|player|p2|Wizard from Aus|265
|gametype|singles
|gen|6
|tier|OU
|rated
|clearpoke
|poke|p1|Scolipede, F
|poke|p1|Espeon, F
|poke|p1|Latios, M
|poke|p1|Greninja, F
|poke|p1|Charizard, M
|poke|p1|Wobbuffet, M
|poke|p2|Azelf
|poke|p2|Bisharp, M
|poke|p2|Azumarill, F
|poke|p2|Talonflame, M
|poke|p2|Medicham, M
|poke|p2|Zygarde
|rule|Swagger Clause: Swagger is banned
|rule|Baton Pass Clause: Limit one PokÃ©mon knowing Baton Pass
|rule|Sleep Clause Mod: Limit one foe put to sleep
|rule|Species Clause: Limit one of each PokÃ©mon
|rule|OHKO Clause: OHKO moves are banned
|rule|Moody Clause: Moody is banned
|rule|Evasion Moves Clause: Evasion moves are banned
|rule|Endless Battle Clause: Forcing endless battles is banned
|rule|HP Percentage Mod: HP is shown in percentages
|teampreview
|c|âWebBowser|so you're a wizard, eh mate?
|
|start
|switch|p1a: Latios|Latios, M|364\/364
|switch|p2a: Gimli|Bisharp, M|272\/272
|turn|1
|
|move|p1a: Latios|Reflect|p1a: Latios
|-sidestart|p1: WebBowser|Reflect
|move|p2a: Gimli|Swords Dance|p2a: Gimli
|-boost|p2a: Gimli|atk|2
|
|turn|2
|
|switch|p1a: Scolipede|Scolipede, F|323\/323
|move|p2a: Gimli|Swords Dance|p2a: Gimli
|-boost|p2a: Gimli|atk|2
|
|turn|3
|
|move|p1a: Scolipede|Iron Defense|p1a: Scolipede
|-boost|p1a: Scolipede|def|2
|move|p2a: Gimli|Knock Off|p1a: Scolipede
|-damage|p1a: Scolipede|172\/323
|-enditem|p1a: Scolipede|Mental Herb|[from] move: Knock Off|[of] p2a: Gimli
|-damage|p2a: Gimli|245\/272|[from] item: Life Orb
|
|-boost|p1a: Scolipede|spe|1|[from] ability: Speed Boost
|turn|4
|
|move|p1a: Scolipede|Iron Defense|p1a: Scolipede
|-boost|p1a: Scolipede|def|2
|move|p2a: Gimli|Iron Head|p1a: Scolipede
|-damage|p1a: Scolipede|97\/323
|-damage|p2a: Gimli|218\/272|[from] item: Life Orb
|
|-boost|p1a: Scolipede|spe|1|[from] ability: Speed Boost
|turn|5
|
|move|p1a: Scolipede|Iron Defense|p1a: Scolipede
|-boost|p1a: Scolipede|def|2
|move|p2a: Gimli|Swords Dance|p2a: Gimli
|-boost|p2a: Gimli|atk|2
|
|-boost|p1a: Scolipede|spe|1|[from] ability: Speed Boost
|turn|6
|c|âWebBowser|nice lotr reference
|
|move|p1a: Scolipede|Baton Pass|p1a: Scolipede
|
|switch|p1a: Charizard|Charizard, M|359\/359
|move|p2a: Gimli|Knock Off|p1a: Charizard
|-damage|p1a: Charizard|269\/359
|-damage|p2a: Gimli|191\/272|[from] item: Life Orb
|
|turn|7
|
|detailschange|p1a: Charizard|Charizard-Mega-X, M
|message|Charizard has Mega Evolved into Mega Charizard!
|move|p1a: Charizard|Swords Dance|p1a: Charizard
|-boost|p1a: Charizard|atk|2
|move|p2a: Gimli|Knock Off|p1a: Charizard
|-damage|p1a: Charizard|198\/359
|-damage|p2a: Gimli|164\/272|[from] item: Life Orb
|
|turn|8
|
|move|p2a: Gimli|Sucker Punch|p1a: Charizard
|-damage|p1a: Charizard|104\/359
|-damage|p2a: Gimli|137\/272|[from] item: Life Orb
|move|p1a: Charizard|Flare Blitz|p2a: Gimli
|-supereffective|p2a: Gimli
|-damage|p2a: Gimli|0 fnt
|-damage|p1a: Charizard|59\/359|[from] recoil|[of] p2a: Gimli
|faint|p2a: Gimli
|
|-sideend|p1: WebBowser|Reflect
|
|switch|p2a: Gandalf|Zygarde|407\/407
|-ability|p2a: Gandalf|Aura Break
|turn|9
|
|move|p1a: Charizard|Roost|p1a: Charizard
|-heal|p1a: Charizard|239\/359
|move|p2a: Gandalf|Dragon Tail|p1a: Charizard
|-supereffective|p1a: Charizard
|-damage|p1a: Charizard|207\/359
|drag|p1a: Oh no it's|Wobbuffet, M|584\/584
|
|turn|10
|
|move|p2a: Gandalf|Substitute|p2a: Gandalf
|-start|p2a: Gandalf|Substitute
|-damage|p2a: Gandalf|306\/407
|move|p1a: Oh no it's|Encore|p2a: Gandalf
|-start|p2a: Gandalf|Encore
|
|-heal|p2a: Gandalf|331\/407|[from] item: Leftovers
|turn|11
|
|switch|p1a: Greninja|Greninja, F|286\/286
|move|p2a: Gandalf|Substitute|p2a: Gandalf
|-fail|p2a: Gandalf|move: Substitute
|
|-heal|p2a: Gandalf|356\/407|[from] item: Leftovers
|turn|12
|
|move|p1a: Greninja|Ice Beam|p2a: Gandalf
|-start|p1a: Greninja|typechange|Ice|[from] Protean
|-supereffective|p2a: Gandalf
|-end|p2a: Gandalf|Substitute
|-damage|p1a: Greninja|258\/286|[from] item: Life Orb
|move|p2a: Gandalf|Substitute|p2a: Gandalf
|-start|p2a: Gandalf|Substitute
|-damage|p2a: Gandalf|255\/407
|
|-heal|p2a: Gandalf|280\/407|[from] item: Leftovers
|turn|13
|
|move|p1a: Greninja|Ice Beam|p2a: Gandalf
|-supereffective|p2a: Gandalf
|-end|p2a: Gandalf|Substitute
|-damage|p1a: Greninja|230\/286|[from] item: Life Orb
|move|p2a: Gandalf|Substitute|p2a: Gandalf
|-start|p2a: Gandalf|Substitute
|-damage|p2a: Gandalf|179\/407
|
|-heal|p2a: Gandalf|204\/407|[from] item: Leftovers
|-end|p2a: Gandalf|Encore
|turn|14
|
|move|p1a: Greninja|Ice Beam|p2a: Gandalf
|-supereffective|p2a: Gandalf
|-end|p2a: Gandalf|Substitute
|-damage|p1a: Greninja|202\/286|[from] item: Life Orb
|move|p2a: Gandalf|Dragon Tail|p1a: Greninja
|-damage|p1a: Greninja|103\/286
|drag|p1a: Oh no it's|Wobbuffet, M|584\/584
|
|-heal|p2a: Gandalf|229\/407|[from] item: Leftovers
|turn|15
|
|move|p1a: Oh no it's|Encore|p2a: Gandalf
|-start|p2a: Gandalf|Encore
|move|p2a: Gandalf|Dragon Tail|p1a: Oh no it's
|-damage|p1a: Oh no it's|482\/584
|drag|p1a: Scolipede|Scolipede, F|97\/323
|
|-heal|p2a: Gandalf|254\/407|[from] item: Leftovers
|turn|16
|
|switch|p2a: Legolas|Talonflame, M|319\/319
|switch|p1a: Oh no it's|Wobbuffet, M|482\/584
|
|-heal|p1a: Oh no it's|518\/584|[from] item: Leftovers
|turn|17
|
|move|p2a: Legolas|Swords Dance|p2a: Legolas
|-boost|p2a: Legolas|atk|2
|move|p1a: Oh no it's|Counter|p2a: Legolas
|-fail|p2a: Legolas
|
|-heal|p1a: Oh no it's|554\/584|[from] item: Leftovers
|turn|18
|
|move|p2a: Legolas|U-turn|p1a: Oh no it's
|-supereffective|p1a: Oh no it's
|-damage|p1a: Oh no it's|160\/584
|
|switch|p2a: Sam|Azelf|291\/291
|move|p1a: Oh no it's|Encore|p2a: Sam
|-fail|p2a: Sam
|
|-heal|p1a: Oh no it's|196\/584|[from] item: Leftovers
|turn|19
|
|move|p2a: Sam|Knock Off|p1a: Oh no it's
|-supereffective|p1a: Oh no it's
|-damage|p1a: Oh no it's|0 fnt
|-enditem|p1a: Oh no it's|Leftovers|[from] move: Knock Off|[of] p2a: Sam
|faint|p1a: Oh no it's
|
|
|switch|p1a: Latios|Latios, M|364\/364
|turn|20
|
|move|p2a: Sam|Taunt|p1a: Latios
|-start|p1a: Latios|move: Taunt
|cant|p1a: Latios|move: Taunt|Reflect
|
|turn|21
|
|switch|p1a: Charizard|Charizard-Mega-X, M|207\/359
|move|p2a: Sam|Knock Off|p1a: Charizard
|-damage|p1a: Charizard|141\/359
|
|turn|22
|
|move|p2a: Sam|Stealth Rock|p1a: Charizard
|-sidestart|p1: WebBowser|move: Stealth Rock
|move|p1a: Charizard|Flare Blitz|p2a: Sam
|-enditem|p2a: Sam|Focus Sash
|-damage|p2a: Sam|1\/291
|-damage|p1a: Charizard|45\/359|[from] recoil|[of] p2a: Sam
|
|turn|23
|
|move|p2a: Sam|Knock Off|p1a: Charizard
|-damage|p1a: Charizard|0 fnt
|faint|p1a: Charizard
|
|
|switch|p1a: Greninja|Greninja, F|103\/286
|-damage|p1a: Greninja|68\/286|[from] Stealth Rock
|turn|24
|
|move|p1a: Greninja|Hydro Pump|p2a: Sam
|-start|p1a: Greninja|typechange|Water|[from] Protean
|-crit|p2a: Sam
|-damage|p2a: Sam|0 fnt
|-damage|p1a: Greninja|40\/286|[from] item: Life Orb
|faint|p2a: Sam
|
|c|âWebBowser|bah, I lose to tflame
|c|âWebBowser|gg
|
|switch|p2a: Legolas|Talonflame, M|319\/319
|turn|25
|-message|WebBowser forfeited.
|
|win|Wizard from Aus
|raw|Ladder updating...
|leave|WebBowser
|player|p1
|raw|WebBowser's rating: 1801 &rarr; <strong>1774<\/strong><br \/>(-27 for losing)
|raw|Wizard from Aus's rating: 1684 &rarr; <strong>1710<\/strong><br \/>(+26 for winning)