|join|WebBowser
|join|precipitate
|player|p1|WebBowser|92
|player|p2|precipitate|278
|gametype|singles
|gen|6
|tier|OU
|rated
|clearpoke
|poke|p1|Scolipede, M
|poke|p1|Espeon, M
|poke|p1|Latios, M
|poke|p1|Greninja, M
|poke|p1|Charizard, M
|poke|p1|Wobbuffet, M
|poke|p2|Politoed, F
|poke|p2|Kabutops, F
|poke|p2|Kingdra, M
|poke|p2|Ferrothorn, F
|poke|p2|Gothitelle, F
|poke|p2|Lopunny, M
|rule|Swagger Clause: Swagger is banned
|rule|Baton Pass Clause: Limit one PokÃ©mon knowing Baton Pass
|rule|Sleep Clause Mod: Limit one foe put to sleep
|rule|Species Clause: Limit one of each PokÃ©mon
|rule|OHKO Clause: OHKO moves are banned
|rule|Moody Clause: Moody is banned
|rule|Evasion Moves Clause: Evasion moves are banned
|rule|Endless Battle Clause: Forcing endless battles is banned
|rule|HP Percentage Mod: HP is shown in percentages
|teampreview
|
|start
|switch|p1a: Oh no it's|Wobbuffet, M|584\/584
|switch|p2a: Why was I made|Gothitelle, F|302\/302
|turn|1
|c|âprecipitate|we have similar names lol
|
|move|p2a: Why was I made|Trick|p1a: Oh no it's
|-activate|p2a: Why was I made|move: Trick|[of] p1a: Oh no it's
|-item|p1a: Oh no it's|Choice Scarf|[from] move: Trick
|-item|p2a: Why was I made|Sitrus Berry|[from] move: Trick
|move|p1a: Oh no it's|Encore|p2a: Why was I made
|-start|p2a: Why was I made|Encore
|
|turn|2
|
|move|p2a: Why was I made|Trick|p1a: Oh no it's
|-activate|p2a: Why was I made|move: Trick|[of] p1a: Oh no it's
|-item|p1a: Oh no it's|Sitrus Berry|[from] move: Trick
|-item|p2a: Why was I made|Choice Scarf|[from] move: Trick
|move|p1a: Oh no it's|Encore|p2a: Why was I made
|-fail|p2a: Why was I made
|
|turn|3
|
|switch|p1a: Charizard|Charizard, M|359\/359
|move|p2a: Why was I made|Trick|p1a: Charizard
|-fail|p1a: Charizard
|
|turn|4
|
|switch|p2a: kermit le Froug|Politoed, F|384\/384
|-weather|RainDance
|detailschange|p1a: Charizard|Charizard-Mega-X, M
|message|Charizard has Mega Evolved into Mega Charizard!
|move|p1a: Charizard|Swords Dance|p1a: Charizard
|-boost|p1a: Charizard|atk|2
|
|-weather|RainDance|[upkeep]
|turn|5
|
|switch|p2a: Why was I made|Gothitelle, F|302\/302
|move|p1a: Charizard|Dragon Claw|p2a: Why was I made
|-damage|p2a: Why was I made|0 fnt
|faint|p2a: Why was I made
|
|-weather|RainDance|[upkeep]
|
|switch|p2a: Snout Nuke|Kingdra, M|291\/291
|turn|6
|
|move|p2a: Snout Nuke|Surf|p1a: Charizard
|-damage|p1a: Charizard|28\/359
|move|p1a: Charizard|Dragon Claw|p2a: Snout Nuke
|-supereffective|p2a: Snout Nuke
|-damage|p2a: Snout Nuke|0 fnt
|faint|p2a: Snout Nuke
|
|-weather|RainDance|[upkeep]
|
|switch|p2a: Lawlpunny|Lopunny, M|272\/272
|turn|7
|
|detailschange|p2a: Lawlpunny|Lopunny-Mega, M
|message|Lopunny has Mega Evolved into Mega Lopunny!
|move|p2a: Lawlpunny|Fake Out|p1a: Charizard
|-damage|p1a: Charizard|0 fnt
|faint|p1a: Charizard
|
|-weather|RainDance|[upkeep]
|
|switch|p1a: Scolipede|Scolipede, M|323\/323
|turn|8
|
|move|p2a: Lawlpunny|Return|p1a: Scolipede
|-damage|p1a: Scolipede|170\/323
|move|p1a: Scolipede|Iron Defense|p1a: Scolipede
|-boost|p1a: Scolipede|def|2
|
|-weather|RainDance|[upkeep]
|-boost|p1a: Scolipede|spe|1|[from] ability: Speed Boost
|turn|9
|
|switch|p2a: I cant eat|Kabutops, F|262\/262
|move|p1a: Scolipede|Iron Defense|p1a: Scolipede
|-boost|p1a: Scolipede|def|2
|
|-weather|RainDance|[upkeep]
|-boost|p1a: Scolipede|spe|1|[from] ability: Speed Boost
|turn|10
|c|âWebBowser|lawlpunny indeed
|
|move|p1a: Scolipede|Protect|p1a: Scolipede
|-singleturn|p1a: Scolipede|Protect
|move|p2a: I cant eat|Swords Dance|p2a: I cant eat
|-boost|p2a: I cant eat|atk|2
|
|-weather|RainDance|[upkeep]
|-boost|p1a: Scolipede|spe|1|[from] ability: Speed Boost
|turn|11
|join|Alvadora
|
|move|p1a: Scolipede|Iron Defense|p1a: Scolipede
|-boost|p1a: Scolipede|def|2
|move|p2a: I cant eat|Stone Edge|p1a: Scolipede
|-crit|p1a: Scolipede
|-supereffective|p1a: Scolipede
|-damage|p1a: Scolipede|0 fnt
|-damage|p2a: I cant eat|236\/262|[from] item: Life Orb
|faint|p1a: Scolipede
|
|-weather|none
|
|switch|p1a: Greninja|Greninja, M|285\/285
|turn|12
|
|switch|p2a: kermit le Froug|Politoed, F|384\/384
|-weather|RainDance
|move|p1a: Greninja|Low Kick|p2a: kermit le Froug
|-start|p1a: Greninja|typechange|Fighting|[from] Protean
|-damage|p2a: kermit le Froug|242\/384
|-damage|p1a: Greninja|257\/285|[from] item: Life Orb
|
|-weather|RainDance|[upkeep]
|turn|13
|
|switch|p2a: Armament|Ferrothorn, F|352\/352
|move|p1a: Greninja|Gunk Shot|p2a: Armament
|-start|p1a: Greninja|typechange|Poison|[from] Protean
|-immune|p2a: Armament|[msg]
|
|-weather|RainDance|[upkeep]
|turn|14
|
|switch|p1a: Espeon|Espeon, M|334\/334
|move|p2a: Armament|Stealth Rock|p1a: Espeon
|move|p1a: Espeon|Stealth Rock|p2a: Armament|[from]Magic Bounce
|-sidestart|p2: precipitate|move: Stealth Rock
|
|-weather|RainDance|[upkeep]
|turn|15
|
|move|p1a: Espeon|Calm Mind|p1a: Espeon
|-boost|p1a: Espeon|spa|1
|-boost|p1a: Espeon|spd|1
|move|p2a: Armament|Gyro Ball|p1a: Espeon
|-damage|p1a: Espeon|163\/334
|
|-weather|RainDance|[upkeep]
|-heal|p1a: Espeon|183\/334|[from] item: Leftovers
|turn|16
|
|switch|p1a: Oh no it's|Wobbuffet, M|584\/584
|move|p2a: Armament|Gyro Ball|p1a: Oh no it's
|-damage|p1a: Oh no it's|478\/584
|
|-weather|RainDance|[upkeep]
|turn|17
|
|move|p1a: Oh no it's|Encore|p2a: Armament
|-start|p2a: Armament|Encore
|move|p2a: Armament|Gyro Ball|p1a: Oh no it's
|-damage|p1a: Oh no it's|366\/584
|
|-weather|RainDance|[upkeep]
|turn|18
|
|move|p2a: Armament|Gyro Ball|p1a: Oh no it's
|-damage|p1a: Oh no it's|264\/584
|-enditem|p1a: Oh no it's|Sitrus Berry|[eat]
|-heal|p1a: Oh no it's|410\/584|[from] item: Sitrus Berry
|move|p1a: Oh no it's|Counter|p2a: Armament
|-damage|p2a: Armament|148\/352
|-damage|p1a: Oh no it's|337\/584|[from] ability: Iron Barbs|[of] p2a: Armament
|
|-weather|RainDance|[upkeep]
|-heal|p2a: Armament|170\/352|[from] item: Leftovers
|turn|19
|
|move|p2a: Armament|Gyro Ball|p1a: Oh no it's
|-damage|p1a: Oh no it's|220\/584
|move|p1a: Oh no it's|Counter|p2a: Armament
|-damage|p2a: Armament|0 fnt
|-damage|p1a: Oh no it's|147\/584|[from] ability: Iron Barbs|[of] p2a: Armament
|faint|p2a: Armament
|
|-weather|none
|
|switch|p2a: Lawlpunny|Lopunny-Mega, M|272\/272
|-damage|p2a: Lawlpunny|255\/272|[from] Stealth Rock
|turn|20
|
|move|p2a: Lawlpunny|Return|p1a: Oh no it's
|-damage|p1a: Oh no it's|0 fnt
|faint|p1a: Oh no it's
|
|
|switch|p1a: Latios|Latios, M|364\/364
|turn|21
|
|switch|p2a: kermit le Froug|Politoed, F|242\/384
|-damage|p2a: kermit le Froug|194\/384|[from] Stealth Rock
|-weather|RainDance
|move|p1a: Latios|Reflect|p1a: Latios
|-sidestart|p1: WebBowser|Reflect
|
|-weather|RainDance|[upkeep]
|turn|22
|
|move|p1a: Latios|Ice Beam|p2a: kermit le Froug
|-resisted|p2a: kermit le Froug
|-damage|p2a: kermit le Froug|163\/384
|move|p2a: kermit le Froug|Encore|p1a: Latios
|-start|p1a: Latios|Encore
|
|-weather|RainDance|[upkeep]
|turn|23
|
|switch|p1a: Greninja|Greninja, M|257\/285
|move|p2a: kermit le Froug|Hypnosis|p1a: Greninja|[miss]
|-miss|p2a: kermit le Froug|p1a: Greninja
|
|-weather|RainDance|[upkeep]
|turn|24
|
|move|p1a: Greninja|Gunk Shot|p2a: kermit le Froug
|-start|p1a: Greninja|typechange|Poison|[from] Protean
|-damage|p2a: kermit le Froug|0 fnt
|-damage|p1a: Greninja|229\/285|[from] item: Life Orb
|faint|p2a: kermit le Froug
|
|-weather|RainDance|[upkeep]
|
|switch|p2a: I cant eat|Kabutops, F|236\/262
|-damage|p2a: I cant eat|204\/262|[from] Stealth Rock
|turn|25
|
|move|p2a: I cant eat|Waterfall|p1a: Greninja
|-damage|p1a: Greninja|24\/285
|-damage|p2a: I cant eat|178\/262|[from] item: Life Orb
|move|p1a: Greninja|Low Kick|p2a: I cant eat
|-start|p1a: Greninja|typechange|Fighting|[from] Protean
|-supereffective|p2a: I cant eat
|-damage|p2a: I cant eat|0 fnt
|-damage|p1a: Greninja|0 fnt|[from] item: Life Orb
|faint|p2a: I cant eat
|faint|p1a: Greninja
|
|-weather|RainDance|[upkeep]
|
|switch|p2a: Lawlpunny|Lopunny-Mega, M|255\/272
|switch|p1a: Latios|Latios, M|364\/364
|-damage|p2a: Lawlpunny|238\/272|[from] Stealth Rock
|turn|26
|
|move|p2a: Lawlpunny|Fake Out|p1a: Latios
|-damage|p1a: Latios|322\/364
|cant|p1a: Latios|flinch
|
|-weather|RainDance|[upkeep]
|turn|27
|
|move|p2a: Lawlpunny|Return|p1a: Latios
|-damage|p1a: Latios|206\/364
|move|p1a: Latios|Ice Beam|p2a: Lawlpunny
|-damage|p2a: Lawlpunny|145\/272
|
|-weather|RainDance|[upkeep]
|turn|28
|
|move|p2a: Lawlpunny|Return|p1a: Latios
|-damage|p1a: Latios|101\/364
|move|p1a: Latios|Ice Beam|p2a: Lawlpunny
|-damage|p2a: Lawlpunny|48\/272
|
|-weather|none
|-sideend|p1: WebBowser|Reflect
|turn|29
|
|move|p2a: Lawlpunny|Return|p1a: Latios
|-damage|p1a: Latios|0 fnt
|faint|p1a: Latios
|
|
|switch|p1a: Espeon|Espeon, M|183\/334
|turn|30
|
|move|p2a: Lawlpunny|Return|p1a: Espeon
|-damage|p1a: Espeon|8\/334
|move|p1a: Espeon|Dazzling Gleam|p2a: Lawlpunny
|-supereffective|p2a: Lawlpunny
|-damage|p2a: Lawlpunny|0 fnt
|faint|p2a: Lawlpunny
|
|win|WebBowser
|raw|Ladder updating...
|c|âWebBowser|WHOOOT!
|raw|WebBowser's rating: 1512 &rarr; <strong>1529<\/strong><br \/>(+17 for winning)
|raw|precipitate's rating: 1449 &rarr; <strong>1432<\/strong><br \/>(-17 for losing)
|c|âWebBowser|close one
|c|âprecipitate|why espon
|c|âprecipitate|whyyy
|leave|precipitate
|player|p2