|join|WebBowser
|join|CHUCK FUCKEM
|player|p1|WebBowser|92
|player|p2|CHUCK FUCKEM|1
|gametype|singles
|gen|6
|tier|OU
|rated
|clearpoke
|poke|p1|Scolipede, M
|poke|p1|Espeon, F
|poke|p1|Latios, M
|poke|p1|Greninja, M
|poke|p1|Charizard, M
|poke|p1|Wobbuffet, F
|poke|p2|Landorus-Therian, M
|poke|p2|Magnezone
|poke|p2|Jirachi
|poke|p2|Heracross, F
|poke|p2|Latias, F
|poke|p2|Tornadus-Therian, M
|rule|Swagger Clause: Swagger is banned
|rule|Baton Pass Clause: Limit one PokÃ©mon knowing Baton Pass
|rule|Sleep Clause Mod: Limit one foe put to sleep
|rule|Species Clause: Limit one of each PokÃ©mon
|rule|OHKO Clause: OHKO moves are banned
|rule|Moody Clause: Moody is banned
|rule|Evasion Moves Clause: Evasion moves are banned
|rule|Endless Battle Clause: Forcing endless battles is banned
|rule|HP Percentage Mod: HP is shown in percentages
|teampreview
|c|âWebBowser|gl hf
|join|doom23
|c|âCHUCK FUCKEM|u 2
|
|start
|switch|p1a: Latios|Latios, M|364\/364
|switch|p2a: Heracross|Heracross, F|311\/311
|turn|1
|
|switch|p2a: Jirachi|Jirachi|403\/403
|move|p1a: Latios|Reflect|p1a: Latios
|-sidestart|p1: WebBowser|Reflect
|
|turn|2
|
|move|p1a: Latios|Light Screen|p1a: Latios
|-sidestart|p1: WebBowser|move: Light Screen
|move|p2a: Jirachi|Body Slam|p1a: Latios
|-damage|p1a: Latios|328\/364
|
|turn|3
|
|move|p1a: Latios|Memento|p2a: Jirachi
|-unboost|p2a: Jirachi|atk|2
|-unboost|p2a: Jirachi|spa|2
|faint|p1a: Latios
|move|p2a: Jirachi|Body Slam|p1: Latios|[notarget]
|-notarget
|
|c|âWebBowser|#yolo
|
|switch|p1a: Scolipede|Scolipede, M|323\/323
|turn|4
|
|switch|p2a: Heracross|Heracross, F|311\/311
|move|p1a: Scolipede|Substitute|p1a: Scolipede
|-start|p1a: Scolipede|Substitute
|-damage|p1a: Scolipede|243\/323
|
|-boost|p1a: Scolipede|spe|1|[from] ability: Speed Boost
|turn|5
|
|detailschange|p2a: Heracross|Heracross-Mega, F
|message|Heracross has Mega Evolved into Mega Heracross!
|move|p1a: Scolipede|Iron Defense|p1a: Scolipede
|-boost|p1a: Scolipede|def|2
|move|p2a: Heracross|Rock Blast|p1a: Scolipede
|-supereffective|p1a: Scolipede
|-activate|p1a: Scolipede|Substitute|[damage]
|-crit|p1a: Scolipede
|-supereffective|p1a: Scolipede
|-end|p1a: Scolipede|Substitute
|-supereffective|p1a: Scolipede
|-damage|p1a: Scolipede|226\/323
|-supereffective|p1a: Scolipede
|-damage|p1a: Scolipede|209\/323
|-supereffective|p1a: Scolipede
|-damage|p1a: Scolipede|192\/323
|-hitcount|p1a: Scolipede|5
|
|-boost|p1a: Scolipede|spe|1|[from] ability: Speed Boost
|turn|6
|c|âCHUCK FUCKEM|weak af
|
|move|p1a: Scolipede|Iron Defense|p1a: Scolipede
|-boost|p1a: Scolipede|def|2
|move|p2a: Heracross|Rock Blast|p1a: Scolipede
|-supereffective|p1a: Scolipede
|-damage|p1a: Scolipede|181\/323
|-supereffective|p1a: Scolipede
|-damage|p1a: Scolipede|169\/323
|-supereffective|p1a: Scolipede
|-damage|p1a: Scolipede|158\/323
|-supereffective|p1a: Scolipede
|-damage|p1a: Scolipede|146\/323
|-supereffective|p1a: Scolipede
|-damage|p1a: Scolipede|134\/323
|-hitcount|p1a: Scolipede|5
|
|-boost|p1a: Scolipede|spe|1|[from] ability: Speed Boost
|turn|7
|
|move|p1a: Scolipede|Substitute|p1a: Scolipede
|-start|p1a: Scolipede|Substitute
|-damage|p1a: Scolipede|54\/323
|move|p2a: Heracross|Pin Missile|p1a: Scolipede
|-resisted|p1a: Scolipede
|-activate|p1a: Scolipede|Substitute|[damage]
|-resisted|p1a: Scolipede
|-activate|p1a: Scolipede|Substitute|[damage]
|-resisted|p1a: Scolipede
|-activate|p1a: Scolipede|Substitute|[damage]
|-resisted|p1a: Scolipede
|-activate|p1a: Scolipede|Substitute|[damage]
|-resisted|p1a: Scolipede
|-activate|p1a: Scolipede|Substitute|[damage]
|-hitcount|p1a: Scolipede|5
|
|-boost|p1a: Scolipede|spe|1|[from] ability: Speed Boost
|turn|8
|
|move|p1a: Scolipede|Iron Defense|p1a: Scolipede
|-boost|p1a: Scolipede|def|2
|move|p2a: Heracross|Pin Missile|p1a: Scolipede
|-resisted|p1a: Scolipede
|-activate|p1a: Scolipede|Substitute|[damage]
|-resisted|p1a: Scolipede
|-activate|p1a: Scolipede|Substitute|[damage]
|-resisted|p1a: Scolipede
|-activate|p1a: Scolipede|Substitute|[damage]
|-resisted|p1a: Scolipede
|-activate|p1a: Scolipede|Substitute|[damage]
|-crit|p1a: Scolipede
|-resisted|p1a: Scolipede
|-activate|p1a: Scolipede|Substitute|[damage]
|-hitcount|p1a: Scolipede|5
|
|-sideend|p1: WebBowser|Reflect
|-boost|p1a: Scolipede|spe|1|[from] ability: Speed Boost
|turn|9
|
|move|p1a: Scolipede|Baton Pass|p1a: Scolipede
|
|switch|p1a: Charizard|Charizard, M|359\/359
|move|p2a: Heracross|Pin Missile|p1a: Charizard
|-resisted|p1a: Charizard
|-activate|p1a: Charizard|Substitute|[damage]
|-resisted|p1a: Charizard
|-end|p1a: Charizard|Substitute
|-resisted|p1a: Charizard
|-damage|p1a: Charizard|354\/359
|-resisted|p1a: Charizard
|-damage|p1a: Charizard|348\/359
|-resisted|p1a: Charizard
|-damage|p1a: Charizard|344\/359
|-hitcount|p1a: Charizard|5
|
|-sideend|p1: WebBowser|move: Light Screen
|turn|10
|
|switch|p2a: Landorus-Therian|Landorus-Therian, M|382\/382
|-ability|p2a: Landorus-Therian|Intimidate|[of] p1a: Charizard
|-unboost|p1a: Charizard|atk|1
|detailschange|p1a: Charizard|Charizard-Mega-X, M
|message|Charizard has Mega Evolved into Mega Charizard!
|move|p1a: Charizard|Flare Blitz|p2a: Landorus-Therian
|-damage|p2a: Landorus-Therian|231\/382
|-damage|p1a: Charizard|294\/359|[from] recoil|[of] p2a: Landorus-Therian
|
|-heal|p2a: Landorus-Therian|254\/382|[from] item: Leftovers
|turn|11
|
|move|p1a: Charizard|Swords Dance|p1a: Charizard
|-boost|p1a: Charizard|atk|2
|move|p2a: Landorus-Therian|Earthquake|p1a: Charizard
|-supereffective|p1a: Charizard
|-damage|p1a: Charizard|222\/359
|
|-heal|p2a: Landorus-Therian|277\/382|[from] item: Leftovers
|turn|12
|
|move|p1a: Charizard|Flare Blitz|p2a: Landorus-Therian
|-damage|p2a: Landorus-Therian|0 fnt
|-damage|p1a: Charizard|131\/359|[from] recoil|[of] p2a: Landorus-Therian
|faint|p2a: Landorus-Therian
|
|
|switch|p2a: Heracross|Heracross-Mega, F|311\/311
|turn|13
|
|move|p1a: Charizard|Roost|p1a: Charizard
|-heal|p1a: Charizard|311\/359
|move|p2a: Heracross|Rock Blast|p1a: Charizard
|-crit|p1a: Charizard
|-supereffective|p1a: Charizard
|-damage|p1a: Charizard|199\/359
|-supereffective|p1a: Charizard
|-damage|p1a: Charizard|179\/359
|-supereffective|p1a: Charizard
|-damage|p1a: Charizard|159\/359
|-supereffective|p1a: Charizard
|-damage|p1a: Charizard|137\/359
|-crit|p1a: Charizard
|-supereffective|p1a: Charizard
|-damage|p1a: Charizard|25\/359
|-hitcount|p1a: Charizard|5
|
|turn|14
|
|move|p1a: Charizard|Roost|p1a: Charizard
|-heal|p1a: Charizard|205\/359
|move|p2a: Heracross|Rock Blast|p1a: Charizard
|-supereffective|p1a: Charizard
|-damage|p1a: Charizard|183\/359
|-supereffective|p1a: Charizard
|-damage|p1a: Charizard|161\/359
|-supereffective|p1a: Charizard
|-damage|p1a: Charizard|139\/359
|-crit|p1a: Charizard
|-supereffective|p1a: Charizard
|-damage|p1a: Charizard|25\/359
|-supereffective|p1a: Charizard
|-damage|p1a: Charizard|3\/359
|-hitcount|p1a: Charizard|5
|
|turn|15
|c|âWebBowser|double crit op
|
|move|p1a: Charizard|Roost|p1a: Charizard
|-heal|p1a: Charizard|183\/359
|move|p2a: Heracross|Rock Blast|p1a: Charizard
|-supereffective|p1a: Charizard
|-damage|p1a: Charizard|163\/359
|-supereffective|p1a: Charizard
|-damage|p1a: Charizard|143\/359
|-supereffective|p1a: Charizard
|-damage|p1a: Charizard|123\/359
|-supereffective|p1a: Charizard
|-damage|p1a: Charizard|101\/359
|-supereffective|p1a: Charizard
|-damage|p1a: Charizard|79\/359
|-hitcount|p1a: Charizard|5
|
|turn|16
|
|move|p1a: Charizard|Roost|p1a: Charizard
|-heal|p1a: Charizard|259\/359
|move|p2a: Heracross|Rock Blast|p1a: Charizard
|-supereffective|p1a: Charizard
|-damage|p1a: Charizard|237\/359
|-supereffective|p1a: Charizard
|-damage|p1a: Charizard|215\/359
|-supereffective|p1a: Charizard
|-damage|p1a: Charizard|195\/359
|-supereffective|p1a: Charizard
|-damage|p1a: Charizard|175\/359
|-supereffective|p1a: Charizard
|-damage|p1a: Charizard|155\/359
|-hitcount|p1a: Charizard|5
|
|turn|17
|
|move|p1a: Charizard|Roost|p1a: Charizard
|-heal|p1a: Charizard|335\/359
|move|p2a: Heracross|Rock Blast|p1a: Charizard
|-supereffective|p1a: Charizard
|-damage|p1a: Charizard|313\/359
|-supereffective|p1a: Charizard
|-damage|p1a: Charizard|293\/359
|-supereffective|p1a: Charizard
|-damage|p1a: Charizard|273\/359
|-supereffective|p1a: Charizard
|-damage|p1a: Charizard|253\/359
|-supereffective|p1a: Charizard
|-damage|p1a: Charizard|233\/359
|-hitcount|p1a: Charizard|5
|
|turn|18
|
|move|p1a: Charizard|Flare Blitz|p2a: Heracross
|-supereffective|p2a: Heracross
|-damage|p2a: Heracross|0 fnt
|-damage|p1a: Charizard|130\/359|[from] recoil|[of] p2a: Heracross
|faint|p2a: Heracross
|
|c|âWebBowser|back to sweeping
|
|switch|p2a: Latias|Latias, F|301\/301
|turn|19
|
|move|p1a: Charizard|Dragon Claw|p2a: Latias
|-supereffective|p2a: Latias
|-damage|p2a: Latias|0 fnt
|faint|p2a: Latias
|
|
|switch|p2a: Tornadus-Therian|Tornadus-Therian, M|332\/332
|turn|20
|
|move|p1a: Charizard|Dragon Claw|p2a: Tornadus-Therian
|-damage|p2a: Tornadus-Therian|0 fnt
|faint|p2a: Tornadus-Therian
|
|
|switch|p2a: Jirachi|Jirachi|403\/403
|turn|21
|
|move|p1a: Charizard|Flare Blitz|p2a: Jirachi
|-supereffective|p2a: Jirachi
|-damage|p2a: Jirachi|0 fnt
|-damage|p1a: Charizard|0 fnt|[from] recoil|[of] p2a: Jirachi
|faint|p2a: Jirachi
|faint|p1a: Charizard
|
|
|switch|p2a: Magnezone|Magnezone|281\/281
|switch|p1a: Oh no it's|Wobbuffet, F|584\/584
|turn|22
|
|move|p2a: Magnezone|Thunderbolt|p1a: Oh no it's
|-damage|p1a: Oh no it's|437\/584
|move|p1a: Oh no it's|Mirror Coat|p2a: Magnezone
|-damage|p2a: Magnezone|0 fnt
|faint|p2a: Magnezone
|
|win|WebBowser
|raw|Ladder updating...
|raw|WebBowser's rating: 1932 &rarr; <strong>1943<\/strong><br \/>(+11 for winning)
|raw|CHUCK FUCKEM's rating: 1757 &rarr; <strong>1746<\/strong><br \/>(-11 for losing)
|c|âWebBowser|gg
|c|âCHUCK FUCKEM|gg
|leave|CHUCK FUCKEM
|player|p2