|join|WebBowser
|join|Mob Barley
|player|p1|WebBowser|266
|player|p2|Mob Barley|161
|gametype|singles
|gen|6
|tier|OU
|rated
|clearpoke
|poke|p1|Starmie
|poke|p1|Weavile, F
|poke|p1|Breloom, F
|poke|p1|Manectric, F
|poke|p1|Clefable, M
|poke|p1|Talonflame, M
|poke|p2|Charizard, M, shiny
|poke|p2|Landorus-Therian, M
|poke|p2|Latias, F
|poke|p2|Jirachi, shiny
|poke|p2|Keldeo-Resolute, shiny
|poke|p2|Thundurus, M
|rule|Swagger Clause: Swagger is banned
|rule|Baton Pass Clause: Limit one PokÃ©mon knowing Baton Pass
|rule|Sleep Clause Mod: Limit one foe put to sleep
|rule|Species Clause: Limit one of each PokÃ©mon
|rule|OHKO Clause: OHKO moves are banned
|rule|Moody Clause: Moody is banned
|rule|Evasion Moves Clause: Evasion moves are banned
|rule|Endless Battle Clause: Forcing endless battles is banned
|rule|HP Percentage Mod: HP is shown in percentages
|teampreview
|c|âWebBowser|oh hey mob
|c|âMob Barley|hi gl
|c|âWebBowser|I'm actually trying out a real team for once :)
|c|âMob Barley|ehh what do u mean
|
|start
|switch|p1a: Weavile|Weavile, F|281\/281
|switch|p2a: Keldeo-Resolute|Keldeo-Resolute, shiny|323\/323
|-ability|p1a: Weavile|Pressure
|turn|1
|c|âWebBowser|My main team is scoli quick pass
|
|switch|p1a: Breloom|Breloom, F|261\/261
|move|p2a: Keldeo-Resolute|Secret Sword|p1a: Breloom
|-enditem|p1a: Breloom|Focus Sash
|-damage|p1a: Breloom|1\/261
|
|turn|2
|c|âMob Barley|o
|
|switch|p1a: Clefable|Clefable, M|394\/394
|move|p2a: Keldeo-Resolute|Secret Sword|p1a: Clefable
|-resisted|p1a: Clefable
|-damage|p1a: Clefable|283\/394
|
|-heal|p1a: Clefable|307\/394|[from] item: Leftovers
|turn|3
|c|âWebBowser|got me to top 10
|
|switch|p2a: Charizard|Charizard, M, shiny|315\/315
|move|p1a: Clefable|Stealth Rock|p2a: Charizard
|-sidestart|p2: Mob Barley|move: Stealth Rock
|
|-heal|p1a: Clefable|331\/394|[from] item: Leftovers
|turn|4
|
|switch|p1a: Starmie|Starmie|261\/261
|move|p2a: Charizard|Dragon Dance|p2a: Charizard
|-boost|p2a: Charizard|atk|1
|-boost|p2a: Charizard|spe|1
|
|turn|5
|
|detailschange|p2a: Charizard|Charizard-Mega-X, M, shiny
|message|Charizard has Mega Evolved into Mega Charizard!
|move|p2a: Charizard|Dragon Claw|p1a: Starmie
|-damage|p1a: Starmie|0 fnt
|faint|p1a: Starmie
|
|
|switch|p1a: Talonflame|Talonflame, M|327\/327
|turn|6
|
|move|p1a: Talonflame|Brave Bird|p2a: Charizard
|-damage|p2a: Charizard|129\/315
|-damage|p1a: Talonflame|266\/327|[from] recoil|[of] p2a: Charizard
|move|p2a: Charizard|Dragon Claw|p1a: Talonflame
|-damage|p1a: Talonflame|0 fnt
|faint|p1a: Talonflame
|
|
|switch|p1a: Manectric|Manectric, F|281\/281
|turn|7
|
|detailschange|p1a: Manectric|Manectric-Mega, F
|message|Manectric has Mega Evolved into Mega Manectric!
|-ability|p1a: Manectric|Intimidate|[of] p2a: Charizard
|-unboost|p2a: Charizard|atk|1
|move|p2a: Charizard|Earthquake|p1a: Manectric
|-supereffective|p1a: Manectric
|-damage|p1a: Manectric|5\/281
|move|p1a: Manectric|Volt Switch|p2a: Charizard
|-resisted|p2a: Charizard
|-damage|p2a: Charizard|57\/315
|c|âMob Barley|flare wouldve done more
|c|âMob Barley|but figured you'd die
|c|âMob Barley|#jollyproblems
|c|âWebBowser|dang, well.... this is going poorly
|
|switch|p1a: Breloom|Breloom, F|1\/261
|
|turn|8
|
|switch|p2a: Jirachi|Jirachi, shiny|359\/359
|-damage|p2a: Jirachi|337\/359|[from] Stealth Rock
|move|p1a: Breloom|Mach Punch|p2a: Jirachi
|-damage|p2a: Jirachi|219\/359
|
|turn|9
|
|move|p2a: Jirachi|U-turn|p1a: Breloom
|-damage|p1a: Breloom|0 fnt
|faint|p1a: Breloom
|
|switch|p2a: Keldeo-Resolute|Keldeo-Resolute, shiny|323\/323
|-damage|p2a: Keldeo-Resolute|303\/323|[from] Stealth Rock
|
|
|switch|p1a: Manectric|Manectric-Mega, F|5\/281
|-ability|p1a: Manectric|Intimidate|[of] p2a: Keldeo-Resolute
|-unboost|p2a: Keldeo-Resolute|atk|1
|turn|10
|
|switch|p2a: Jirachi|Jirachi, shiny|219\/359
|-damage|p2a: Jirachi|197\/359|[from] Stealth Rock
|move|p1a: Manectric|Hidden Power|p2a: Jirachi
|-resisted|p2a: Jirachi
|-damage|p2a: Jirachi|163\/359
|
|turn|11
|
|move|p2a: Jirachi|Iron Head|p1a: Manectric
|-resisted|p1a: Manectric
|-damage|p1a: Manectric|0 fnt
|faint|p1a: Manectric
|
|
|switch|p1a: Weavile|Weavile, F|281\/281
|-ability|p1a: Weavile|Pressure
|turn|12
|
|move|p2a: Jirachi|Iron Head|p1a: Weavile
|-supereffective|p1a: Weavile
|-damage|p1a: Weavile|0 fnt
|faint|p1a: Weavile
|
|c|âWebBowser|gg
|
|switch|p1a: Clefable|Clefable, M|331\/394
|turn|13
|c|âMob Barley|gg
|
|move|p2a: Jirachi|Iron Head|p1a: Clefable
|-supereffective|p1a: Clefable
|-damage|p1a: Clefable|95\/394
|cant|p1a: Clefable|flinch
|
|-heal|p1a: Clefable|119\/394|[from] item: Leftovers
|turn|14
|
|move|p2a: Jirachi|Iron Head|p1a: Clefable
|-supereffective|p1a: Clefable
|-damage|p1a: Clefable|0 fnt
|faint|p1a: Clefable
|
|win|Mob Barley
|raw|Ladder updating...
|raw|WebBowser's rating: 1904 &rarr; <strong>1877<\/strong><br \/>(-27 for losing)
|raw|Mob Barley's rating: 1776 &rarr; <strong>1803<\/strong><br \/>(+27 for winning)
|leave|Mob Barley
|player|p2