|join|WebBowser
|join|RaikageJoe
|player|p1|WebBowser|92
|player|p2|RaikageJoe|247
|gametype|singles
|gen|6
|tier|OU
|rated
|clearpoke
|poke|p1|Scolipede, M
|poke|p1|Espeon, M
|poke|p1|Latios, M
|poke|p1|Greninja, M
|poke|p1|Charizard, M
|poke|p1|Sylveon, M
|poke|p2|Ferrothorn, M
|poke|p2|Kyurem-Black
|poke|p2|Chansey, F
|poke|p2|Latios, M
|poke|p2|Charizard, F
|poke|p2|Skarmory, M
|rule|Swagger Clause: Swagger is banned
|rule|Baton Pass Clause: Limit one PokÃ©mon knowing Baton Pass
|rule|Sleep Clause Mod: Limit one foe put to sleep
|rule|Species Clause: Limit one of each PokÃ©mon
|rule|OHKO Clause: OHKO moves are banned
|rule|Moody Clause: Moody is banned
|rule|Evasion Moves Clause: Evasion moves are banned
|rule|Endless Battle Clause: Forcing endless battles is banned
|rule|HP Percentage Mod: HP is shown in percentages
|teampreview
|c|âWebBowser|oh hey raik
|c|âRaikageJoe|hi
|c|âRaikageJoe|my new team
|c|âRaikageJoe|lets goo :D
|c|âWebBowser|my old team, les go!
|
|start
|switch|p1a: Scolipede|Scolipede, M|323\/323
|switch|p2a: Ferrothorn|Ferrothorn, M|352\/352
|turn|1
|
|move|p1a: Scolipede|Iron Defense|p1a: Scolipede
|-boost|p1a: Scolipede|def|2
|move|p2a: Ferrothorn|Curse|p2a: Ferrothorn
|-boost|p2a: Ferrothorn|atk|1
|-boost|p2a: Ferrothorn|def|1
|-unboost|p2a: Ferrothorn|spe|1
|
|-boost|p1a: Scolipede|spe|1|[from] ability: Speed Boost
|turn|2
|c|âWebBowser|curse ferro... interesting
|
|move|p1a: Scolipede|Iron Defense|p1a: Scolipede
|-boost|p1a: Scolipede|def|2
|move|p2a: Ferrothorn|Stealth Rock|p1a: Scolipede
|-sidestart|p1: WebBowser|move: Stealth Rock
|
|-boost|p1a: Scolipede|spe|1|[from] ability: Speed Boost
|turn|3
|c|âRaikageJoe|i saw it
|
|move|p1a: Scolipede|Iron Defense|p1a: Scolipede
|-boost|p1a: Scolipede|def|2
|move|p2a: Ferrothorn|Curse|p2a: Ferrothorn
|-boost|p2a: Ferrothorn|atk|1
|-boost|p2a: Ferrothorn|def|1
|-unboost|p2a: Ferrothorn|spe|1
|
|-boost|p1a: Scolipede|spe|1|[from] ability: Speed Boost
|turn|4
|
|move|p1a: Scolipede|Baton Pass|p1a: Scolipede
|
|switch|p1a: Charizard|Charizard, M|359\/359
|-damage|p1a: Charizard|180\/359|[from] Stealth Rock
|move|p2a: Ferrothorn|Gyro Ball|p1a: Charizard
|-crit|p1a: Charizard
|-resisted|p1a: Charizard
|-damage|p1a: Charizard|0 fnt
|faint|p1a: Charizard
|
|c|âWebBowser|......
|c|âWebBowser|well then
|
|switch|p1a: Greninja|Greninja, M|286\/286
|-damage|p1a: Greninja|251\/286|[from] Stealth Rock
|turn|5
|
|move|p1a: Greninja|Hidden Power|p2a: Ferrothorn
|-start|p1a: Greninja|typechange|Fire|[from] Protean
|-supereffective|p2a: Ferrothorn
|-damage|p2a: Ferrothorn|0 fnt
|-damage|p1a: Greninja|223\/286|[from] item: Life Orb
|faint|p2a: Ferrothorn
|
|
|switch|p2a: Charizard|Charizard, F|298\/298
|turn|6
|
|detailschange|p2a: Charizard|Charizard-Mega-X, F
|message|Charizard has Mega Evolved into Mega Charizard!
|move|p1a: Greninja|Hydro Pump|p2a: Charizard
|-start|p1a: Greninja|typechange|Water|[from] Protean
|-damage|p2a: Charizard|47\/298
|-damage|p1a: Greninja|195\/286|[from] item: Life Orb
|move|p2a: Charizard|Dragon Dance|p2a: Charizard
|-boost|p2a: Charizard|atk|1
|-boost|p2a: Charizard|spe|1
|
|turn|7
|
|move|p2a: Charizard|Dragon Claw|p1a: Greninja
|-damage|p1a: Greninja|0 fnt
|faint|p1a: Greninja
|
|
|switch|p1a: Sylveon|Sylveon, M|394\/394
|-damage|p1a: Sylveon|345\/394|[from] Stealth Rock
|turn|8
|
|move|p2a: Charizard|Flare Blitz|p1a: Sylveon
|-damage|p1a: Sylveon|0 fnt
|-damage|p2a: Charizard|0 fnt|[from] recoil|[of] p1a: Sylveon
|faint|p1a: Sylveon
|faint|p2a: Charizard
|
|
|switch|p1a: Latios|Latios, M|364\/364
|-damage|p1a: Latios|319\/364|[from] Stealth Rock
|switch|p2a: Kyurem-Black|Kyurem-Black|392\/392
|-ability|p2a: Kyurem-Black|Teravolt
|turn|9
|
|move|p2a: Kyurem-Black|Outrage|p1a: Latios
|-supereffective|p1a: Latios
|-damage|p1a: Latios|0 fnt
|faint|p1a: Latios
|
|
|switch|p1a: Scolipede|Scolipede, M|323\/323
|-damage|p1a: Scolipede|243\/323|[from] Stealth Rock
|turn|10
|
|move|p1a: Scolipede|Protect|p1a: Scolipede
|-singleturn|p1a: Scolipede|Protect
|move|p2a: Kyurem-Black|Outrage|p1a: Scolipede
|-activate|p1a: Scolipede|Protect
|
|-boost|p1a: Scolipede|spe|1|[from] ability: Speed Boost
|turn|11
|
|move|p2a: Kyurem-Black|Outrage|p1a: Scolipede
|-damage|p1a: Scolipede|30\/323
|move|p1a: Scolipede|Iron Defense|p1a: Scolipede
|-boost|p1a: Scolipede|def|2
|
|-boost|p1a: Scolipede|spe|1|[from] ability: Speed Boost
|turn|12
|c|âWebBowser|whooooooo!
|
|move|p1a: Scolipede|Protect|p1a: Scolipede
|-singleturn|p1a: Scolipede|Protect
|move|p2a: Kyurem-Black|Outrage|p1a: Scolipede
|-activate|p1a: Scolipede|Protect
|
|-boost|p1a: Scolipede|spe|1|[from] ability: Speed Boost
|turn|13
|
|move|p1a: Scolipede|Baton Pass|p1a: Scolipede
|
|switch|p1a: Espeon|Espeon, M|334\/334
|-damage|p1a: Espeon|293\/334|[from] Stealth Rock
|move|p2a: Kyurem-Black|Outrage|p1a: Espeon
|-damage|p1a: Espeon|160\/334
|
|-heal|p1a: Espeon|180\/334|[from] item: Leftovers
|turn|14
|c|âWebBowser|scoli is darn impressive
|
|move|p1a: Espeon|Calm Mind|p1a: Espeon
|-boost|p1a: Espeon|spa|1
|-boost|p1a: Espeon|spd|1
|move|p2a: Kyurem-Black|Outrage|p1a: Espeon
|-damage|p1a: Espeon|54\/334
|
|-end|p2a: Kyurem-Black|rampage
|-start|p2a: Kyurem-Black|confusion
|-heal|p1a: Espeon|74\/334|[from] item: Leftovers
|turn|15
|
|move|p1a: Espeon|Morning Sun|p1a: Espeon
|-heal|p1a: Espeon|241\/334
|-activate|p2a: Kyurem-Black|confusion
|-damage|p2a: Kyurem-Black|330\/392|[from] confusion
|
|-heal|p1a: Espeon|261\/334|[from] item: Leftovers
|turn|16
|
|move|p1a: Espeon|Calm Mind|p1a: Espeon
|-boost|p1a: Espeon|spa|1
|-boost|p1a: Espeon|spd|1
|-end|p2a: Kyurem-Black|confusion
|move|p2a: Kyurem-Black|Outrage|p1a: Espeon
|-damage|p1a: Espeon|126\/334
|
|-heal|p1a: Espeon|146\/334|[from] item: Leftovers
|turn|17
|
|move|p1a: Espeon|Stored Power|p2a: Kyurem-Black
|-damage|p2a: Kyurem-Black|0 fnt
|faint|p2a: Kyurem-Black
|
|-heal|p1a: Espeon|166\/334|[from] item: Leftovers
|
|switch|p2a: Latios|Latios, M|302\/302
|turn|18
|
|move|p1a: Espeon|Morning Sun|p1a: Espeon
|-heal|p1a: Espeon|333\/334
|move|p2a: Latios|Draco Meteor|p1a: Espeon
|-damage|p1a: Espeon|168\/334
|-unboost|p2a: Latios|spa|2
|-damage|p2a: Latios|272\/302|[from] item: Life Orb
|
|-heal|p1a: Espeon|188\/334|[from] item: Leftovers
|turn|19
|
|move|p1a: Espeon|Stored Power|p2a: Latios
|-resisted|p2a: Latios
|-damage|p2a: Latios|0 fnt
|faint|p2a: Latios
|
|-heal|p1a: Espeon|208\/334|[from] item: Leftovers
|c|âRaikageJoe|gg
|c|âWebBowser|sry raik...
|c|âWebBowser|gg
|
|switch|p2a: Chansey|Chansey, F|642\/642
|turn|20
|
|move|p1a: Espeon|Calm Mind|p1a: Espeon
|-boost|p1a: Espeon|spa|1
|-boost|p1a: Espeon|spd|1
|move|p2a: Chansey|Seismic Toss|p1a: Espeon
|-damage|p1a: Espeon|108\/334
|
|-heal|p1a: Espeon|128\/334|[from] item: Leftovers
|turn|21
|
|move|p1a: Espeon|Calm Mind|p1a: Espeon
|-boost|p1a: Espeon|spa|1
|-boost|p1a: Espeon|spd|1
|move|p2a: Chansey|Seismic Toss|p1a: Espeon
|-damage|p1a: Espeon|28\/334
|
|-heal|p1a: Espeon|48\/334|[from] item: Leftovers
|turn|22
|
|move|p1a: Espeon|Morning Sun|p1a: Espeon
|-heal|p1a: Espeon|215\/334
|move|p2a: Chansey|Seismic Toss|p1a: Espeon
|-damage|p1a: Espeon|115\/334
|
|-heal|p1a: Espeon|135\/334|[from] item: Leftovers
|turn|23
|
|move|p1a: Espeon|Morning Sun|p1a: Espeon
|-heal|p1a: Espeon|302\/334
|move|p2a: Chansey|Seismic Toss|p1a: Espeon
|-damage|p1a: Espeon|202\/334
|
|-heal|p1a: Espeon|222\/334|[from] item: Leftovers
|turn|24
|
|move|p1a: Espeon|Calm Mind|p1a: Espeon
|-boost|p1a: Espeon|spa|1
|-boost|p1a: Espeon|spd|1
|move|p2a: Chansey|Seismic Toss|p1a: Espeon
|-damage|p1a: Espeon|122\/334
|
|-heal|p1a: Espeon|142\/334|[from] item: Leftovers
|turn|25
|
|move|p1a: Espeon|Calm Mind|p1a: Espeon
|-boost|p1a: Espeon|spa|1
|-boost|p1a: Espeon|spd|1
|move|p2a: Chansey|Seismic Toss|p1a: Espeon
|-damage|p1a: Espeon|42\/334
|
|-heal|p1a: Espeon|62\/334|[from] item: Leftovers
|turn|26
|
|move|p1a: Espeon|Morning Sun|p1a: Espeon
|-heal|p1a: Espeon|229\/334
|move|p2a: Chansey|Seismic Toss|p1a: Espeon
|-damage|p1a: Espeon|129\/334
|
|-heal|p1a: Espeon|149\/334|[from] item: Leftovers
|turn|27
|
|move|p1a: Espeon|Morning Sun|p1a: Espeon
|-heal|p1a: Espeon|316\/334
|move|p2a: Chansey|Seismic Toss|p1a: Espeon
|-damage|p1a: Espeon|216\/334
|
|-heal|p1a: Espeon|236\/334|[from] item: Leftovers
|turn|28
|
|move|p1a: Espeon|Stored Power|p2a: Chansey
|-damage|p2a: Chansey|0 fnt
|faint|p2a: Chansey
|
|-heal|p1a: Espeon|256\/334|[from] item: Leftovers
|c|âRaikageJoe|gg
|-message|RaikageJoe forfeited.
|
|win|WebBowser
|raw|Ladder updating...
|leave|RaikageJoe
|player|p2
|raw|WebBowser's rating: 1761 &rarr; <strong>1778<\/strong><br \/>(+17 for winning)
|raw|RaikageJoe's rating: 1723 &rarr; <strong>1705<\/strong><br \/>(-18 for losing)