|join|WebBowser
|join|kanvas
|player|p1|WebBowser|92
|player|p2|kanvas|159
|gametype|singles
|gen|6
|tier|OU
|rated
|clearpoke
|poke|p1|Scolipede, M
|poke|p1|Espeon, M
|poke|p1|Latios, M
|poke|p1|Greninja, M
|poke|p1|Charizard, M
|poke|p1|Togekiss, M
|poke|p2|Mew, shiny
|poke|p2|Landorus-Therian, M
|poke|p2|Entei, shiny
|poke|p2|Raikou
|poke|p2|Suicune
|poke|p2|Gardevoir, M, shiny
|rule|Swagger Clause: Swagger is banned
|rule|Baton Pass Clause: Limit one PokÃ©mon knowing Baton Pass
|rule|Sleep Clause Mod: Limit one foe put to sleep
|rule|Species Clause: Limit one of each PokÃ©mon
|rule|OHKO Clause: OHKO moves are banned
|rule|Moody Clause: Moody is banned
|rule|Evasion Moves Clause: Evasion moves are banned
|rule|Endless Battle Clause: Forcing endless battles is banned
|rule|HP Percentage Mod: HP is shown in percentages
|teampreview
|join|Chillarmy
|chat|WebBowser|gl hf
|chat|WebBowser|nice dogs
|join|Not A Gym Ldr
|chat|WebBowser|good to know they are all OU viable now
|chat|Not A Gym Ldr|LOL
|
|start
|switch|p1a: Latios|Latios, M|364\/364
|switch|p2a: Entei|Entei, shiny|404\/404
|-ability|p2a: Entei|Pressure
|turn|1
|chat|WebBowser|hey, I loved banded entei back in early OU
|chat|Chillarmy|3 dogs 2 cats 1 waifu
|chat|WebBowser|made a nice maw check
|chat|Chillarmy|solid lineup
|
|switch|p2a: Landorus-Therian|Landorus-Therian, M|382\/382
|-ability|p2a: Landorus-Therian|Intimidate|[of] p1a: Latios
|-unboost|p1a: Latios|atk|1
|move|p1a: Latios|Reflect|p1a: Latios
|-sidestart|p1: WebBowser|Reflect
|
|turn|2
|chat|WebBowser|landy is def a dog
|
|move|p1a: Latios|Light Screen|p1a: Latios
|-sidestart|p1: WebBowser|move: Light Screen
|move|p2a: Landorus-Therian|Knock Off|p1a: Latios
|-supereffective|p1a: Latios
|-damage|p1a: Latios|228\/364
|-enditem|p1a: Latios|Light Clay|[from] move: Knock Off|[of] p2a: Landorus-Therian
|
|turn|3
|
|move|p1a: Latios|Memento|p2a: Landorus-Therian
|-unboost|p2a: Landorus-Therian|atk|2
|-unboost|p2a: Landorus-Therian|spa|2
|faint|p1a: Latios
|move|p2a: Landorus-Therian|Stealth Rock|p1: Latios
|-sidestart|p1: WebBowser|move: Stealth Rock
|
|
|switch|p1a: Scolipede|Scolipede, M|323\/323
|-damage|p1a: Scolipede|243\/323|[from] Stealth Rock
|turn|4
|chat|Chillarmy|lando is cat, fren..........
|
|move|p1a: Scolipede|Iron Defense|p1a: Scolipede
|-boost|p1a: Scolipede|def|2
|move|p2a: Landorus-Therian|U-turn|p1a: Scolipede
|-resisted|p1a: Scolipede
|-damage|p1a: Scolipede|240\/323
|chat|WebBowser|def a dog
|
|switch|p2a: Gardevoir|Gardevoir, M, shiny|278\/278
|-ability|p2a: Gardevoir|Speed Boost|[from] ability: Trace|[of] p1a: Scolipede
|
|-boost|p1a: Scolipede|spe|1|[from] ability: Speed Boost
|turn|5
|
|detailschange|p2a: Gardevoir|Gardevoir-Mega, M, shiny
|message|Gardevoir has Mega Evolved into Mega Gardevoir!
|move|p1a: Scolipede|Iron Defense|p1a: Scolipede
|-boost|p1a: Scolipede|def|2
|move|p2a: Gardevoir|Hyper Voice|p1a: Scolipede
|-resisted|p1a: Scolipede
|-damage|p1a: Scolipede|153\/323
|
|-boost|p1a: Scolipede|spe|1|[from] ability: Speed Boost
|turn|6
|
|move|p1a: Scolipede|Baton Pass|p1a: Scolipede
|
|switch|p1a: Charizard|Charizard, M|359\/359
|-damage|p1a: Charizard|180\/359|[from] Stealth Rock
|move|p2a: Gardevoir|Hyper Voice|p1a: Charizard
|-resisted|p1a: Charizard
|-damage|p1a: Charizard|98\/359
|
|turn|7
|
|move|p1a: Charizard|Roost|p1a: Charizard
|-heal|p1a: Charizard|278\/359
|move|p2a: Gardevoir|Hyper Voice|p1a: Charizard
|-resisted|p1a: Charizard
|-damage|p1a: Charizard|196\/359
|
|turn|8
|
|move|p1a: Charizard|Swords Dance|p1a: Charizard
|-boost|p1a: Charizard|atk|2
|move|p2a: Gardevoir|Hyper Voice|p1a: Charizard
|-resisted|p1a: Charizard
|-damage|p1a: Charizard|121\/359
|
|-sideend|p1: WebBowser|Reflect
|turn|9
|chat|WebBowser|brb, using gard as setup bait
|
|move|p1a: Charizard|Roost|p1a: Charizard
|-heal|p1a: Charizard|301\/359
|move|p2a: Gardevoir|Hyper Voice|p1a: Charizard
|-resisted|p1a: Charizard
|-damage|p1a: Charizard|229\/359
|
|-sideend|p1: WebBowser|move: Light Screen
|turn|10
|chat|Chillarmy|strong af
|
|detailschange|p1a: Charizard|Charizard-Mega-X, M
|message|Charizard has Mega Evolved into Mega Charizard!
|move|p1a: Charizard|Flare Blitz|p2a: Gardevoir
|-damage|p2a: Gardevoir|0 fnt
|-damage|p1a: Charizard|137\/359|[from] recoil|[of] p2a: Gardevoir
|faint|p2a: Gardevoir
|
|chat|Chillarmy|dw though that's actually a sashcune
|
|switch|p2a: Landorus-Therian|Landorus-Therian, M|382\/382
|-ability|p2a: Landorus-Therian|Intimidate|[of] p1a: Charizard
|-unboost|p1a: Charizard|atk|1
|turn|11
|chat|Chillarmy|with roar
|
|move|p1a: Charizard|Roost|p1a: Charizard
|-heal|p1a: Charizard|317\/359
|move|p2a: Landorus-Therian|Earthquake|p1a: Charizard
|-supereffective|p1a: Charizard
|-damage|p1a: Charizard|213\/359
|
|turn|12
|chat|WebBowser|I'm zarc
|
|move|p1a: Charizard|Flare Blitz|p2a: Landorus-Therian
|-damage|p2a: Landorus-Therian|0 fnt
|-damage|p1a: Charizard|87\/359|[from] recoil|[of] p2a: Landorus-Therian
|faint|p2a: Landorus-Therian
|
|chat|Chillarmy|ah
|chat|Chillarmy|RIP
|
|switch|p2a: Suicune|Suicune|345\/345
|-ability|p2a: Suicune|Pressure
|turn|13
|
|move|p1a: Charizard|Outrage|p2a: Suicune
|-damage|p2a: Suicune|0 fnt
|faint|p2a: Suicune
|
|chat|WebBowser|zard dgaf
|
|switch|p2a: Entei|Entei, shiny|404\/404
|-ability|p2a: Entei|Pressure
|turn|14
|chat|Chillarmy|espeed will crit fren
|
|move|p2a: Entei|Extreme Speed|p1a: Charizard
|-damage|p1a: Charizard|59\/359
|move|p1a: Charizard|Outrage|p2a: Entei
|-damage|p2a: Entei|0 fnt
|faint|p2a: Entei
|
|-end|p1a: Charizard|rampage
|-start|p1a: Charizard|confusion
|chat|Not A Gym Ldr|enter the champion
|chat|WebBowser|nah
|-message|kanvas forfeited.
|
|win|WebBowser
|raw|Ladder updating...
|chat|Not A Gym Ldr|big damage
|raw|WebBowser's rating: 1818 &rarr; <strong>1837<\/strong><br \/>(+19 for winning)
|raw|kanvas's rating: 1800 &rarr; <strong>1781<\/strong><br \/>(-19 for losing)
|leave|kanvas
|player|p2
|chat|Chillarmy|RIP
|chat|WebBowser|RIP indeed