|join|LT5A Anybody
|join|WebBowser
|player|p1|LT5A Anybody|109
|player|p2|WebBowser|92
|gametype|singles
|gen|6
|tier|OU
|rated
|clearpoke
|poke|p1|Medicham, F
|poke|p1|Dragonite, F
|poke|p1|Sylveon, F
|poke|p1|Thundurus, M
|poke|p1|Latias, F
|poke|p1|Garchomp, F
|poke|p2|Scolipede, F
|poke|p2|Espeon, M
|poke|p2|Latios, M
|poke|p2|Greninja, M
|poke|p2|Charizard, M
|poke|p2|Wobbuffet, M
|rule|Swagger Clause: Swagger is banned
|rule|Baton Pass Clause: Limit one PokÃ©mon knowing Baton Pass
|rule|Sleep Clause Mod: Limit one foe put to sleep
|rule|Species Clause: Limit one of each PokÃ©mon
|rule|OHKO Clause: OHKO moves are banned
|rule|Moody Clause: Moody is banned
|rule|Evasion Moves Clause: Evasion moves are banned
|rule|Endless Battle Clause: Forcing endless battles is banned
|rule|HP Percentage Mod: HP is shown in percentages
|teampreview
|c|âWebBowser|gl hf
|c|âLT5A Anybody|YOU
|c|âWebBowser|hai
|
|start
|switch|p1a: This is a dragon?|Garchomp, F|357\/357
|switch|p2a: Latios|Latios, M|364\/364
|turn|1
|c|âWebBowser|dow ya doin?
|c|âWebBowser|*how
|
|move|p2a: Latios|Reflect|p2a: Latios
|-sidestart|p2: WebBowser|Reflect
|move|p1a: This is a dragon?|Stealth Rock|p2a: Latios
|-sidestart|p2: WebBowser|move: Stealth Rock
|
|turn|2
|
|switch|p1a: Yoga is a scam|Medicham, F|261\/261
|move|p2a: Latios|Light Screen|p2a: Latios
|-sidestart|p2: WebBowser|move: Light Screen
|
|turn|3
|c|âWebBowser|so, do you like know me or do you just like saying "YOU" in all caps?
|
|detailschange|p1a: Yoga is a scam|Medicham-Mega, F
|message|Medicham has Mega Evolved into Mega Medicham!
|move|p1a: Yoga is a scam|Fake Out|p2a: Latios
|-damage|p2a: Latios|318\/364
|cant|p2a: Latios|flinch
|
|turn|4
|c|âLT5A Anybody|I've faced that team before
|
|switch|p1a: Ride the T Wave|Thundurus, M|299\/299
|move|p2a: Latios|Memento|p1a: Ride the T Wave
|-unboost|p1a: Ride the T Wave|atk|2
|-unboost|p1a: Ride the T Wave|spa|2
|faint|p2a: Latios
|
|c|âWebBowser|ah, I made it
|
|switch|p2a: Greninja|Greninja, M|286\/286
|-damage|p2a: Greninja|251\/286|[from] Stealth Rock
|turn|5
|
|switch|p1a: This is a dragon?|Garchomp, F|357\/357
|move|p2a: Greninja|Ice Beam|p1a: This is a dragon?
|-start|p2a: Greninja|typechange|Ice|[from] Protean
|-supereffective|p1a: This is a dragon?
|-damage|p1a: This is a dragon?|0 fnt
|-damage|p2a: Greninja|223\/286|[from] item: Life Orb
|faint|p1a: This is a dragon?
|
|
|switch|p1a: Yoga is a scam|Medicham-Mega, F|261\/261
|turn|6
|
|move|p1a: Yoga is a scam|Fake Out|p2a: Greninja
|-damage|p2a: Greninja|172\/286
|cant|p2a: Greninja|flinch
|
|turn|7
|
|move|p2a: Greninja|Hydro Pump|p1a: Yoga is a scam|[miss]
|-start|p2a: Greninja|typechange|Water|[from] Protean
|-miss|p2a: Greninja|p1a: Yoga is a scam
|move|p1a: Yoga is a scam|High Jump Kick|p2a: Greninja|[miss]
|-miss|p1a: Yoga is a scam|p2a: Greninja
|-damage|p1a: Yoga is a scam|131\/261|[from] highjumpkick
|
|turn|8
|c|âWebBowser|misses op
|
|switch|p1a: I have earthquake|Latias, F|329\/329
|move|p2a: Greninja|Extrasensory|p1a: I have earthquake
|-start|p2a: Greninja|typechange|Psychic|[from] Protean
|-resisted|p1a: I have earthquake
|-damage|p1a: I have earthquake|263\/329
|-damage|p2a: Greninja|144\/286|[from] item: Life Orb
|
|-sideend|p2: WebBowser|Reflect
|turn|9
|c|âLT5A Anybody|stalling out screens OP
|
|move|p2a: Greninja|Ice Beam|p1a: I have earthquake
|-start|p2a: Greninja|typechange|Ice|[from] Protean
|-supereffective|p1a: I have earthquake
|-damage|p1a: I have earthquake|0 fnt
|-damage|p2a: Greninja|116\/286|[from] item: Life Orb
|faint|p1a: I have earthquake
|
|-sideend|p2: WebBowser|move: Light Screen
|c|âWebBowser|pretty much
|
|switch|p1a: Yoga is a scam|Medicham-Mega, F|131\/261
|turn|10
|
|move|p1a: Yoga is a scam|Fake Out|p2a: Greninja
|-damage|p2a: Greninja|8\/286
|cant|p2a: Greninja|flinch
|
|turn|11
|
|switch|p1a: Orange Barney|Dragonite, F|324\/324
|move|p2a: Greninja|Ice Beam|p1a: Orange Barney
|-supereffective|p1a: Orange Barney
|-damage|p1a: Orange Barney|0 fnt
|-damage|p2a: Greninja|0 fnt|[from] item: Life Orb
|faint|p1a: Orange Barney
|faint|p2a: Greninja
|
|
|switch|p1a: Yoga is a scam|Medicham-Mega, F|131\/261
|switch|p2a: Oh no it's|Wobbuffet, M|584\/584
|-damage|p2a: Oh no it's|511\/584|[from] Stealth Rock
|turn|12
|
|move|p1a: Yoga is a scam|Fake Out|p2a: Oh no it's
|-damage|p2a: Oh no it's|386\/584
|cant|p2a: Oh no it's|flinch
|
|-heal|p2a: Oh no it's|422\/584|[from] item: Leftovers
|turn|13
|
|move|p1a: Yoga is a scam|Ice Punch|p2a: Oh no it's
|-damage|p2a: Oh no it's|197\/584
|-status|p2a: Oh no it's|frz
|cant|p2a: Oh no it's|frz
|
|-heal|p2a: Oh no it's|233\/584 frz|[from] item: Leftovers
|turn|14
|c|âWebBowser|............
|
|move|p1a: Yoga is a scam|High Jump Kick|p2a: Oh no it's
|-resisted|p2a: Oh no it's
|-damage|p2a: Oh no it's|0 fnt
|faint|p2a: Oh no it's
|
|
|switch|p2a: Scolipede|Scolipede, F|323\/323
|-damage|p2a: Scolipede|243\/323|[from] Stealth Rock
|turn|15
|c|âLT5A Anybody|I went for the ice punch just to fish for a freeze
|
|move|p2a: Scolipede|Protect|p2a: Scolipede
|-singleturn|p2a: Scolipede|Protect
|move|p1a: Yoga is a scam|Zen Headbutt|p2a: Scolipede
|-activate|p2a: Scolipede|Protect
|
|-boost|p2a: Scolipede|spe|1|[from] ability: Speed Boost
|turn|16
|c|âWebBowser|hax > wobb
|
|move|p2a: Scolipede|Iron Defense|p2a: Scolipede
|-boost|p2a: Scolipede|def|2
|move|p1a: Yoga is a scam|Ice Punch|p2a: Scolipede
|-damage|p2a: Scolipede|185\/323
|-status|p2a: Scolipede|frz
|
|-boost|p2a: Scolipede|spe|1|[from] ability: Speed Boost
|turn|17
|c|âLT5A Anybody|oml
|c|âWebBowser|REAL?
|c|âLT5A Anybody|def real
|c|âWebBowser|!data ice punch
|c|~|\/data-move Ice Punch

|c|âWebBowser|smh
|
|cant|p2a: Scolipede|frz
|move|p1a: Yoga is a scam|Zen Headbutt|p2a: Scolipede
|-supereffective|p2a: Scolipede
|-damage|p2a: Scolipede|11\/323 frz
|
|-boost|p2a: Scolipede|spe|1|[from] ability: Speed Boost
|turn|18
|c|âWebBowser|I could win SPL with hax like that, lol
|
|-curestatus|p2a: Scolipede|frz
|move|p2a: Scolipede|Protect|p2a: Scolipede
|-singleturn|p2a: Scolipede|Protect
|move|p1a: Yoga is a scam|Ice Punch|p2a: Scolipede
|-activate|p2a: Scolipede|Protect
|
|-boost|p2a: Scolipede|spe|1|[from] ability: Speed Boost
|turn|19
|c|âWebBowser|note how I'm still alive
|
|move|p2a: Scolipede|Baton Pass|p2a: Scolipede
|
|switch|p2a: Espeon|Espeon, M|334\/334
|-damage|p2a: Espeon|293\/334|[from] Stealth Rock
|move|p1a: Yoga is a scam|Ice Punch|p2a: Espeon
|-damage|p2a: Espeon|214\/334
|
|-heal|p2a: Espeon|234\/334|[from] item: Leftovers
|turn|20
|
|move|p2a: Espeon|Calm Mind|p2a: Espeon
|-boost|p2a: Espeon|spa|1
|-boost|p2a: Espeon|spd|1
|move|p1a: Yoga is a scam|Ice Punch|p2a: Espeon
|-damage|p2a: Espeon|156\/334
|
|-heal|p2a: Espeon|176\/334|[from] item: Leftovers
|turn|21
|
|switch|p1a: Wrapping Paper|Sylveon, F|393\/393
|move|p2a: Espeon|Stored Power|p1a: Wrapping Paper
|-damage|p1a: Wrapping Paper|104\/393
|
|-heal|p2a: Espeon|196\/334|[from] item: Leftovers
|turn|22
|
|move|p2a: Espeon|Stored Power|p1a: Wrapping Paper
|-damage|p1a: Wrapping Paper|0 fnt
|faint|p1a: Wrapping Paper
|
|-heal|p2a: Espeon|216\/334|[from] item: Leftovers
|c|âLT5A Anybody|that was a massive fuck up
|
|switch|p1a: Yoga is a scam|Medicham-Mega, F|131\/261
|turn|23
|
|move|p1a: Yoga is a scam|Fake Out|p2a: Espeon
|-damage|p2a: Espeon|175\/334
|cant|p2a: Espeon|flinch
|
|-heal|p2a: Espeon|195\/334|[from] item: Leftovers
|turn|24
|c|âLT5A Anybody|I thought you would go for CM again
|c|âWebBowser|yeah, you had this game
|c|âWebBowser|nah, rule #1 of BP
|
|move|p2a: Espeon|Stored Power|p1a: Yoga is a scam
|-damage|p1a: Yoga is a scam|0 fnt
|faint|p1a: Yoga is a scam
|
|-heal|p2a: Espeon|215\/334|[from] item: Leftovers
|c|âWebBowser|if you can sweep, do so
|
|switch|p1a: Ride the T Wave|Thundurus, M|299\/299
|turn|25
|c|âWebBowser|don't get greedy
|
|move|p2a: Espeon|Stored Power|p1a: Ride the T Wave
|-damage|p1a: Ride the T Wave|0 fnt
|faint|p1a: Ride the T Wave
|
|win|WebBowser
|raw|Ladder updating...
|raw|LT5A Anybody's rating: 1712 &rarr; <strong>1694<\/strong><br \/>(-18 for losing)
|raw|WebBowser's rating: 1738 &rarr; <strong>1757<\/strong><br \/>(+19 for winning)
|leave|LT5A Anybody
|player|p1