|join|WebBowser
|join|Maestro Yoda
|player|p1|WebBowser|266
|player|p2|Maestro Yoda|168
|gametype|singles
|gen|6
|tier|OU
|rated
|clearpoke
|poke|p1|Starmie
|poke|p1|Weavile, F
|poke|p1|Breloom, F
|poke|p1|Manectric, M
|poke|p1|Clefable, F
|poke|p1|Talonflame, M
|poke|p2|Greninja, F
|poke|p2|Garchomp, M
|poke|p2|Tyranitar, F
|poke|p2|Excadrill, M
|poke|p2|Thundurus, M
|poke|p2|Pinsir, M
|rule|Swagger Clause: Swagger is banned
|rule|Baton Pass Clause: Limit one PokÃ©mon knowing Baton Pass
|rule|Sleep Clause Mod: Limit one foe put to sleep
|rule|Species Clause: Limit one of each PokÃ©mon
|rule|OHKO Clause: OHKO moves are banned
|rule|Moody Clause: Moody is banned
|rule|Evasion Moves Clause: Evasion moves are banned
|rule|Endless Battle Clause: Forcing endless battles is banned
|rule|HP Percentage Mod: HP is shown in percentages
|teampreview
|c|âWebBowser|gl hf
|
|start
|switch|p1a: Weavile|Weavile, F|281\/281
|switch|p2a: Garchomp|Garchomp, M|357\/357
|-ability|p1a: Weavile|Pressure
|turn|1
|
|move|p1a: Weavile|Ice Punch|p2a: Garchomp
|-supereffective|p2a: Garchomp
|-enditem|p2a: Garchomp|Focus Sash
|-damage|p2a: Garchomp|1\/357
|-damage|p1a: Weavile|246\/281|[from] ability: Rough Skin|[of] p2a: Garchomp
|-damage|p1a: Weavile|218\/281|[from] item: Life Orb
|move|p2a: Garchomp|Earthquake|p1a: Weavile
|-damage|p1a: Weavile|0 fnt
|faint|p1a: Weavile
|
|
|switch|p1a: Manectric|Manectric, M|281\/281
|turn|2
|
|switch|p2a: Tyranitar|Tyranitar, F|341\/341
|-weather|Sandstorm
|detailschange|p1a: Manectric|Manectric-Mega, M
|message|Manectric has Mega Evolved into Mega Manectric!
|-ability|p1a: Manectric|Intimidate|[of] p2a: Tyranitar
|-unboost|p2a: Tyranitar|atk|1
|move|p1a: Manectric|Flamethrower|p2a: Tyranitar
|-resisted|p2a: Tyranitar
|-damage|p2a: Tyranitar|305\/341
|
|-weather|Sandstorm|[upkeep]
|-damage|p1a: Manectric|264\/281|[from] sandstorm
|turn|3
|
|move|p1a: Manectric|Volt Switch|p2a: Tyranitar
|-damage|p2a: Tyranitar|223\/341
|
|switch|p1a: Clefable|Clefable, F|394\/394
|move|p2a: Tyranitar|Earthquake|p1a: Clefable
|-damage|p1a: Clefable|301\/394
|
|-weather|Sandstorm|[upkeep]
|-heal|p1a: Clefable|325\/394|[from] item: Leftovers
|turn|4
|
|switch|p2a: Thundurus|Thundurus, M|299\/299
|move|p1a: Clefable|Stealth Rock|p2a: Thundurus
|-sidestart|p2: Maestro Yoda|move: Stealth Rock
|
|-weather|Sandstorm|[upkeep]
|-damage|p2a: Thundurus|281\/299|[from] sandstorm
|-heal|p1a: Clefable|349\/394|[from] item: Leftovers
|turn|5
|
|switch|p1a: Manectric|Manectric-Mega, M|264\/281
|-ability|p1a: Manectric|Intimidate|[of] p2a: Thundurus
|-unboost|p2a: Thundurus|atk|1
|move|p2a: Thundurus|Knock Off|p1a: Manectric
|-damage|p1a: Manectric|206\/281
|-damage|p2a: Thundurus|252\/299|[from] item: Life Orb
|
|-weather|Sandstorm|[upkeep]
|-damage|p1a: Manectric|189\/281|[from] sandstorm
|-damage|p2a: Thundurus|234\/299|[from] sandstorm
|turn|6
|
|switch|p2a: Excadrill|Excadrill, M|361\/361
|-damage|p2a: Excadrill|350\/361|[from] Stealth Rock
|move|p1a: Manectric|Flamethrower|p2a: Excadrill
|-supereffective|p2a: Excadrill
|-damage|p2a: Excadrill|56\/361
|
|-weather|none
|turn|7
|
|switch|p2a: Garchomp|Garchomp, M|1\/357
|-damage|p2a: Garchomp|0 fnt|[from] Stealth Rock
|faint|p2a: Garchomp
|move|p1a: Manectric|Flamethrower|p2: Garchomp|[notarget]
|-notarget
|
|
|switch|p2a: Tyranitar|Tyranitar, F|223\/341
|-damage|p2a: Tyranitar|181\/341|[from] Stealth Rock
|-weather|Sandstorm
|turn|8
|
|move|p1a: Manectric|Volt Switch|p2a: Tyranitar
|-damage|p2a: Tyranitar|90\/341
|
|switch|p1a: Clefable|Clefable, F|349\/394
|move|p2a: Tyranitar|Stone Edge|p1a: Clefable|[miss]
|-miss|p2a: Tyranitar|p1a: Clefable
|
|-weather|Sandstorm|[upkeep]
|-heal|p1a: Clefable|373\/394|[from] item: Leftovers
|turn|9
|
|move|p2a: Tyranitar|Stone Edge|p1a: Clefable
|-damage|p1a: Clefable|174\/394
|move|p1a: Clefable|Moonblast|p2a: Tyranitar
|-supereffective|p2a: Tyranitar
|-damage|p2a: Tyranitar|0 fnt
|faint|p2a: Tyranitar
|
|-weather|Sandstorm|[upkeep]
|-heal|p1a: Clefable|198\/394|[from] item: Leftovers
|
|switch|p2a: Excadrill|Excadrill, M|56\/361
|-damage|p2a: Excadrill|45\/361|[from] Stealth Rock
|turn|10
|
|switch|p1a: Breloom|Breloom, F|261\/261
|move|p2a: Excadrill|Iron Head|p1a: Breloom
|-damage|p1a: Breloom|22\/261
|-damage|p2a: Excadrill|9\/361|[from] item: Life Orb
|
|-weather|Sandstorm|[upkeep]
|-damage|p1a: Breloom|6\/261|[from] sandstorm
|turn|11
|
|move|p2a: Excadrill|Rapid Spin|p1a: Breloom
|-crit|p1a: Breloom
|-damage|p1a: Breloom|0 fnt
|-sideend|p2: Maestro Yoda|Stealth Rock|[from] move: Rapid Spin|[of] p2a: Excadrill
|-damage|p2a: Excadrill|0 fnt|[from] item: Life Orb
|faint|p1a: Breloom
|faint|p2a: Excadrill
|
|-weather|Sandstorm|[upkeep]
|
|switch|p1a: Talonflame|Talonflame, M|327\/327
|switch|p2a: Thundurus|Thundurus, M|234\/299
|turn|12
|
|switch|p1a: Manectric|Manectric-Mega, M|189\/281
|-ability|p1a: Manectric|Intimidate|[of] p2a: Thundurus
|-unboost|p2a: Thundurus|atk|1
|move|p2a: Thundurus|Thunderbolt|p1a: Manectric
|-resisted|p1a: Manectric
|-damage|p1a: Manectric|80\/281
|-damage|p2a: Thundurus|205\/299|[from] item: Life Orb
|
|-weather|none
|turn|13
|
|move|p1a: Manectric|Thunderbolt|p2a: Thundurus
|-damage|p2a: Thundurus|0 fnt
|faint|p2a: Thundurus
|
|
|switch|p2a: Pinsir|Pinsir, M|271\/271
|turn|14
|
|detailschange|p2a: Pinsir|Pinsir-Mega, M
|message|Pinsir has Mega Evolved into Mega Pinsir!
|move|p2a: Pinsir|Quick Attack|p1a: Manectric
|-resisted|p1a: Manectric
|-damage|p1a: Manectric|18\/281
|move|p1a: Manectric|Thunderbolt|p2a: Pinsir
|-supereffective|p2a: Pinsir
|-damage|p2a: Pinsir|0 fnt
|faint|p2a: Pinsir
|
|-message|Maestro Yoda forfeited.
|
|win|WebBowser
|raw|Ladder updating...
|c|âWebBowser|gg
|leave|Maestro Yoda
|player|p2
|raw|WebBowser's rating: 1904 &rarr; <strong>1916<\/strong><br \/>(+12 for winning)
|raw|Maestro Yoda's rating: 1765 &rarr; <strong>1753<\/strong><br \/>(-12 for losing)