|join|WebBowser
|join|Alkov
|player|p1|WebBowser|92
|player|p2|Alkov|45
|gametype|singles
|gen|6
|tier|OU
|rated
|clearpoke
|poke|p1|Scolipede, F
|poke|p1|Espeon, M
|poke|p1|Latios, M
|poke|p1|Greninja, M
|poke|p1|Charizard, F
|poke|p1|Sylveon, M
|poke|p2|Dugtrio, M
|poke|p2|Azelf
|poke|p2|Whimsicott, F, shiny
|poke|p2|Smeargle, M
|poke|p2|Espeon, M
|poke|p2|Talonflame, F
|rule|Swagger Clause: Swagger is banned
|rule|Baton Pass Clause: Limit one PokÃ©mon knowing Baton Pass
|rule|Sleep Clause Mod: Limit one foe put to sleep
|rule|Species Clause: Limit one of each PokÃ©mon
|rule|OHKO Clause: OHKO moves are banned
|rule|Moody Clause: Moody is banned
|rule|Evasion Moves Clause: Evasion moves are banned
|rule|Endless Battle Clause: Forcing endless battles is banned
|rule|HP Percentage Mod: HP is shown in percentages
|teampreview
|chat|WebBowser|hello denis 3.0 team
|
|start
|switch|p1a: Scolipede|Scolipede, F|323\/323
|switch|p2a: Talonflame|Talonflame, F|298\/298
|turn|1
|chat|Alkov|hi
|
|switch|p1a: Sylveon|Sylveon, M|394\/394
|move|p2a: Talonflame|Tailwind|p2a: Talonflame
|-sidestart|p2: Alkov|move: Tailwind
|
|turn|2
|
|move|p2a: Talonflame|U-turn|p1a: Sylveon
|-resisted|p1a: Sylveon
|-damage|p1a: Sylveon|352\/394
|
|switch|p2a: Azelf|Azelf|354\/354
|move|p1a: Sylveon|Hyper Voice|p2a: Azelf
|-damage|p2a: Azelf|0 fnt
|faint|p2a: Azelf
|
|
|switch|p2a: Whimsicott|Whimsicott, F, shiny|324\/324
|turn|3
|chat|WebBowser|well, there goes screens
|
|move|p2a: Whimsicott|Tailwind|p2a: Whimsicott
|-fail|p2a: Whimsicott
|move|p1a: Sylveon|Hyper Voice|p2a: Whimsicott
|-enditem|p2a: Whimsicott|Focus Sash
|-damage|p2a: Whimsicott|1\/324
|
|turn|4
|
|move|p2a: Whimsicott|Memento|p1a: Sylveon
|-unboost|p1a: Sylveon|atk|2
|-unboost|p1a: Sylveon|spa|2
|faint|p2a: Whimsicott
|move|p1a: Sylveon|Hyper Voice|p2: Whimsicott|[notarget]
|-notarget
|
|-sideend|p2: Alkov|move: Tailwind
|
|switch|p2a: Smeargle|Smeargle, M|314\/314
|turn|5
|
|switch|p1a: Espeon|Espeon, M|334\/334
|move|p2a: Smeargle|Geomancy|p2a: Smeargle|[still]
|-prepare|p2a: Smeargle|Geomancy|p2a: Smeargle
|-enditem|p2a: Smeargle|Power Herb
|-anim|p2a: Smeargle|Geomancy|p2a: Smeargle
|-boost|p2a: Smeargle|spa|2
|-boost|p2a: Smeargle|spd|2
|-boost|p2a: Smeargle|spe|2
|
|turn|6
|
|move|p2a: Smeargle|Cotton Guard|p2a: Smeargle
|-boost|p2a: Smeargle|def|3
|move|p1a: Espeon|Calm Mind|p1a: Espeon
|-boost|p1a: Espeon|spa|1
|-boost|p1a: Espeon|spd|1
|
|turn|7
|
|move|p2a: Smeargle|Baton Pass|p2a: Smeargle
|
|switch|p2a: Espeon|Espeon, M|315\/315
|move|p1a: Espeon|Calm Mind|p1a: Espeon
|-boost|p1a: Espeon|spa|1
|-boost|p1a: Espeon|spd|1
|
|turn|8
|
|move|p2a: Espeon|Stored Power|p1a: Espeon
|-resisted|p1a: Espeon
|-damage|p1a: Espeon|134\/334
|move|p1a: Espeon|Stored Power|p2a: Espeon
|-resisted|p2a: Espeon
|-damage|p2a: Espeon|235\/315
|
|-heal|p2a: Espeon|254\/315|[from] item: Leftovers
|-heal|p1a: Espeon|154\/334|[from] item: Leftovers
|turn|9
|
|move|p2a: Espeon|Stored Power|p1a: Espeon
|-resisted|p1a: Espeon
|-damage|p1a: Espeon|0 fnt
|faint|p1a: Espeon
|
|-heal|p2a: Espeon|273\/315|[from] item: Leftovers
|
|switch|p1a: Latios|Latios, M|364\/364
|turn|10
|
|move|p2a: Espeon|Dazzling Gleam|p1a: Latios
|-supereffective|p1a: Latios
|-damage|p1a: Latios|4\/364
|move|p1a: Latios|Memento|p2a: Espeon
|-unboost|p2a: Espeon|atk|2
|-unboost|p2a: Espeon|spa|2
|faint|p1a: Latios
|
|-heal|p2a: Espeon|292\/315|[from] item: Leftovers
|chat|WebBowser|awww
|chat|Alkov|are you serious
|chat|WebBowser|it didn't get bounced
|chat|Alkov|how bulky are you ?!
|chat|WebBowser|I was hoping that would bounce...
|chat|Alkov|i did the calc, the regular latios it should had ohko :[
|
|switch|p1a: Sylveon|Sylveon, M|352\/394
|turn|11
|
|move|p2a: Espeon|Stored Power|p1a: Sylveon
|-damage|p1a: Sylveon|108\/394
|move|p1a: Sylveon|Shadow Ball|p2a: Espeon
|-supereffective|p2a: Espeon
|-damage|p2a: Espeon|152\/315
|
|-heal|p2a: Espeon|171\/315|[from] item: Leftovers
|turn|12
|chat|WebBowser|I may have fully invested in bulk
|
|move|p2a: Espeon|Stored Power|p1a: Sylveon
|-crit|p1a: Sylveon
|-damage|p1a: Sylveon|0 fnt
|faint|p1a: Sylveon
|
|-heal|p2a: Espeon|190\/315|[from] item: Leftovers
|
|switch|p1a: Greninja|Greninja, M|286\/286
|turn|13
|
|move|p2a: Espeon|Dazzling Gleam|p1a: Greninja
|-supereffective|p1a: Greninja
|-damage|p1a: Greninja|26\/286
|move|p1a: Greninja|Hydro Pump|p2a: Espeon
|-start|p1a: Greninja|typechange|Water|[from] Protean
|-damage|p2a: Espeon|72\/315
|-damage|p1a: Greninja|0 fnt|[from] item: Life Orb
|faint|p1a: Greninja
|
|-heal|p2a: Espeon|91\/315|[from] item: Leftovers
|
|switch|p1a: Charizard|Charizard, F|359\/359
|turn|14
|
|detailschange|p1a: Charizard|Charizard-Mega-X, F
|message|Charizard has Mega Evolved into Mega Charizard!
|move|p2a: Espeon|Stored Power|p1a: Charizard
|-damage|p1a: Charizard|0 fnt
|faint|p1a: Charizard
|
|-heal|p2a: Espeon|110\/315|[from] item: Leftovers
|chat|WebBowser|bah, gg
|chat|Alkov|gg
|
|switch|p1a: Scolipede|Scolipede, F|323\/323
|turn|15
|
|move|p1a: Scolipede|Protect|p1a: Scolipede
|-singleturn|p1a: Scolipede|Protect
|move|p2a: Espeon|Stored Power|p1a: Scolipede
|-activate|p1a: Scolipede|Protect
|
|-heal|p2a: Espeon|129\/315|[from] item: Leftovers
|-boost|p1a: Scolipede|spe|1|[from] ability: Speed Boost
|turn|16
|
|move|p2a: Espeon|Stored Power|p1a: Scolipede
|-supereffective|p1a: Scolipede
|-damage|p1a: Scolipede|0 fnt
|faint|p1a: Scolipede
|
|win|Alkov
|raw|Ladder updating...