|join|WebBowser
|join|LHNAC
|player|p1|WebBowser|92
|player|p2|LHNAC|102
|gametype|singles
|gen|6
|tier|OU
|rated
|clearpoke
|poke|p1|Scolipede, F
|poke|p1|Espeon, M
|poke|p1|Latios, M
|poke|p1|Greninja, M
|poke|p1|Charizard, M
|poke|p1|Sylveon, M
|poke|p2|Jolteon, M
|poke|p2|Talonflame, M
|poke|p2|Slowbro, F
|poke|p2|Excadrill, F
|poke|p2|Scizor, F
|poke|p2|Cloyster, M
|rule|Swagger Clause: Swagger is banned
|rule|Baton Pass Clause: Limit one PokÃ©mon knowing Baton Pass
|rule|Sleep Clause Mod: Limit one foe put to sleep
|rule|Species Clause: Limit one of each PokÃ©mon
|rule|OHKO Clause: OHKO moves are banned
|rule|Moody Clause: Moody is banned
|rule|Evasion Moves Clause: Evasion moves are banned
|rule|Endless Battle Clause: Forcing endless battles is banned
|rule|HP Percentage Mod: HP is shown in percentages
|teampreview
|chat|WebBowser|gl hf
|
|start
|switch|p1a: Latios|Latios, M|364\/364
|switch|p2a: Talonflame|Talonflame, M|298\/298
|turn|1
|
|switch|p2a: Excadrill|Excadrill, F|362\/362
|-ability|p2a: Excadrill|Mold Breaker
|move|p1a: Latios|Reflect|p1a: Latios
|-sidestart|p1: WebBowser|Reflect
|
|turn|2
|
|move|p2a: Excadrill|Earthquake|p1a: Latios
|-crit|p1a: Latios
|-damage|p1a: Latios|9\/364
|move|p1a: Latios|Light Screen|p1a: Latios
|-sidestart|p1: WebBowser|move: Light Screen
|
|turn|3
|chat|WebBowser|ow
|
|move|p2a: Excadrill|Earthquake|p1a: Latios
|-damage|p1a: Latios|0 fnt
|faint|p1a: Latios
|
|
|switch|p1a: Scolipede|Scolipede, F|323\/323
|turn|4
|
|switch|p2a: Slowbro|Slowbro, F|381\/381
|move|p1a: Scolipede|Iron Defense|p1a: Scolipede
|-boost|p1a: Scolipede|def|2
|
|-boost|p1a: Scolipede|spe|1|[from] ability: Speed Boost
|turn|5
|
|switch|p2a: Scizor|Scizor, F|306\/306
|move|p1a: Scolipede|Protect|p1a: Scolipede
|-fail|p1a: Scolipede
|
|-boost|p1a: Scolipede|spe|1|[from] ability: Speed Boost
|turn|6
|
|detailschange|p2a: Scizor|Scizor-Mega, F
|message|Scizor has Mega Evolved into Mega Scizor!
|move|p1a: Scolipede|Iron Defense|p1a: Scolipede
|-boost|p1a: Scolipede|def|2
|move|p2a: Scizor|Swords Dance|p2a: Scizor
|-boost|p2a: Scizor|atk|2
|
|-boost|p1a: Scolipede|spe|1|[from] ability: Speed Boost
|turn|7
|
|move|p1a: Scolipede|Iron Defense|p1a: Scolipede
|-boost|p1a: Scolipede|def|2
|move|p2a: Scizor|Knock Off|p1a: Scolipede
|-damage|p1a: Scolipede|296\/323
|-enditem|p1a: Scolipede|Mental Herb|[from] move: Knock Off|[of] p2a: Scizor
|
|-boost|p1a: Scolipede|spe|1|[from] ability: Speed Boost
|turn|8
|
|move|p1a: Scolipede|Baton Pass|p1a: Scolipede
|
|switch|p1a: Espeon|Espeon, M|334\/334
|move|p2a: Scizor|Swords Dance|p2a: Scizor
|-boost|p2a: Scizor|atk|2
|
|-sideend|p1: WebBowser|Reflect
|turn|9
|
|move|p1a: Espeon|Calm Mind|p1a: Espeon
|-boost|p1a: Espeon|spa|1
|-boost|p1a: Espeon|spd|1
|move|p2a: Scizor|Knock Off|p1a: Espeon
|-supereffective|p1a: Espeon
|-damage|p1a: Espeon|116\/334
|-enditem|p1a: Espeon|Leftovers|[from] move: Knock Off|[of] p2a: Scizor
|
|-sideend|p1: WebBowser|move: Light Screen
|turn|10
|
|move|p2a: Scizor|Bullet Punch|p1a: Espeon
|-damage|p1a: Espeon|17\/334
|move|p1a: Espeon|Morning Sun|p1a: Espeon
|-heal|p1a: Espeon|184\/334
|
|turn|11
|
|move|p1a: Espeon|Morning Sun|p1a: Espeon
|-heal|p1a: Espeon|334\/334
|move|p2a: Scizor|Swords Dance|p2a: Scizor
|-boost|p2a: Scizor|atk|2
|
|turn|12
|
|move|p1a: Espeon|Stored Power|p2a: Scizor
|-resisted|p2a: Scizor
|-damage|p2a: Scizor|17\/306
|move|p2a: Scizor|Knock Off|p1a: Espeon
|-supereffective|p1a: Espeon
|-damage|p1a: Espeon|162\/334
|
|turn|13
|
|move|p2a: Scizor|Bullet Punch|p1a: Espeon
|-crit|p1a: Espeon
|-damage|p1a: Espeon|0 fnt
|faint|p1a: Espeon
|
|chat|WebBowser|tch
|
|switch|p1a: Charizard|Charizard, M|359\/359
|turn|14
|
|detailschange|p1a: Charizard|Charizard-Mega-X, M
|message|Charizard has Mega Evolved into Mega Charizard!
|move|p2a: Scizor|Bullet Punch|p1a: Charizard
|-resisted|p1a: Charizard
|-damage|p1a: Charizard|112\/359
|move|p1a: Charizard|Flare Blitz|p2a: Scizor
|-supereffective|p2a: Scizor
|-damage|p2a: Scizor|0 fnt
|-damage|p1a: Charizard|106\/359|[from] recoil|[of] p2a: Scizor
|faint|p2a: Scizor
|
|
|switch|p2a: Slowbro|Slowbro, F|381\/381
|turn|15
|
|switch|p1a: Scolipede|Scolipede, F|296\/323
|move|p2a: Slowbro|Psyshock|p1a: Scolipede
|-supereffective|p1a: Scolipede
|-damage|p1a: Scolipede|140\/323
|
|turn|16
|
|switch|p2a: Jolteon|Jolteon, M|272\/272
|move|p1a: Scolipede|Iron Defense|p1a: Scolipede
|-boost|p1a: Scolipede|def|2
|
|-boost|p1a: Scolipede|spe|1|[from] ability: Speed Boost
|turn|17
|
|move|p1a: Scolipede|Protect|p1a: Scolipede
|-singleturn|p1a: Scolipede|Protect
|move|p2a: Jolteon|Thunderbolt|p1a: Scolipede
|-activate|p1a: Scolipede|Protect
|
|-boost|p1a: Scolipede|spe|1|[from] ability: Speed Boost
|turn|18
|
|move|p1a: Scolipede|Baton Pass|p1a: Scolipede
|
|switch|p1a: Charizard|Charizard-Mega-X, M|106\/359
|move|p2a: Jolteon|Thunderbolt|p1a: Charizard
|-resisted|p1a: Charizard
|-damage|p1a: Charizard|28\/359
|
|turn|19
|
|switch|p2a: Cloyster|Cloyster, M|241\/241
|move|p1a: Charizard|Roost|p1a: Charizard
|-heal|p1a: Charizard|208\/359
|
|turn|20
|
|move|p1a: Charizard|Roost|p1a: Charizard
|-heal|p1a: Charizard|359\/359
|move|p2a: Cloyster|Rock Blast|p1a: Charizard
|-supereffective|p1a: Charizard
|-damage|p1a: Charizard|335\/359
|-supereffective|p1a: Charizard
|-damage|p1a: Charizard|311\/359
|-supereffective|p1a: Charizard
|-damage|p1a: Charizard|285\/359
|-supereffective|p1a: Charizard
|-damage|p1a: Charizard|259\/359
|-supereffective|p1a: Charizard
|-damage|p1a: Charizard|235\/359
|-hitcount|p1a: Charizard|5
|
|turn|21
|
|move|p1a: Charizard|Swords Dance|p1a: Charizard
|-boost|p1a: Charizard|atk|2
|move|p2a: Cloyster|Rock Blast|p1a: Charizard
|-supereffective|p1a: Charizard
|-damage|p1a: Charizard|209\/359
|-crit|p1a: Charizard
|-supereffective|p1a: Charizard
|-damage|p1a: Charizard|141\/359
|-supereffective|p1a: Charizard
|-damage|p1a: Charizard|115\/359
|-supereffective|p1a: Charizard
|-damage|p1a: Charizard|91\/359
|-supereffective|p1a: Charizard
|-damage|p1a: Charizard|65\/359
|-hitcount|p1a: Charizard|5
|
|turn|22
|
|move|p1a: Charizard|Roost|p1a: Charizard
|-heal|p1a: Charizard|245\/359
|move|p2a: Cloyster|Rock Blast|p1a: Charizard|[miss]
|-miss|p2a: Cloyster|p1a: Charizard
|
|turn|23
|
|move|p1a: Charizard|Outrage|p2a: Cloyster
|-damage|p2a: Cloyster|0 fnt
|faint|p2a: Cloyster
|
|
|switch|p2a: Excadrill|Excadrill, F|362\/362
|-ability|p2a: Excadrill|Mold Breaker
|turn|24
|
|move|p1a: Charizard|Outrage|p2a: Excadrill
|-resisted|p2a: Excadrill
|-damage|p2a: Excadrill|0 fnt
|faint|p2a: Excadrill
|
|-end|p1a: Charizard|rampage
|-start|p1a: Charizard|confusion
|
|switch|p2a: Slowbro|Slowbro, F|381\/381
|turn|25
|
|-activate|p1a: Charizard|confusion
|-damage|p1a: Charizard|193\/359|[from] confusion
|move|p2a: Slowbro|Scald|p1a: Charizard
|-crit|p1a: Charizard
|-damage|p1a: Charizard|22\/359
|
|turn|26
|
|-activate|p1a: Charizard|confusion
|move|p1a: Charizard|Roost|p1a: Charizard
|-heal|p1a: Charizard|202\/359
|move|p2a: Slowbro|Scald|p1a: Charizard
|-damage|p1a: Charizard|94\/359
|
|turn|27
|
|-activate|p1a: Charizard|confusion
|move|p1a: Charizard|Roost|p1a: Charizard
|-heal|p1a: Charizard|274\/359
|move|p2a: Slowbro|Scald|p1a: Charizard
|-damage|p1a: Charizard|159\/359
|
|turn|28
|
|-activate|p1a: Charizard|confusion
|-damage|p1a: Charizard|108\/359|[from] confusion
|move|p2a: Slowbro|Scald|p1a: Charizard
|-damage|p1a: Charizard|0 fnt
|faint|p1a: Charizard
|
|
|switch|p1a: Scolipede|Scolipede, F|140\/323
|turn|29
|
|move|p1a: Scolipede|Iron Defense|p1a: Scolipede
|-boost|p1a: Scolipede|def|2
|move|p2a: Slowbro|Scald|p1a: Scolipede
|-damage|p1a: Scolipede|10\/323
|
|-boost|p1a: Scolipede|spe|1|[from] ability: Speed Boost
|turn|30
|
|move|p1a: Scolipede|Protect|p1a: Scolipede
|-singleturn|p1a: Scolipede|Protect
|move|p2a: Slowbro|Scald|p1a: Scolipede
|-activate|p1a: Scolipede|Protect
|
|-boost|p1a: Scolipede|spe|1|[from] ability: Speed Boost
|turn|31
|
|move|p1a: Scolipede|Baton Pass|p1a: Scolipede
|
|switch|p1a: Sylveon|Sylveon, M|394\/394
|move|p2a: Slowbro|Scald|p1a: Sylveon
|-damage|p1a: Sylveon|310\/394
|-status|p1a: Sylveon|brn
|
|-damage|p1a: Sylveon|261\/394 brn|[from] brn
|turn|32
|
|move|p1a: Sylveon|Hyper Voice|p2a: Slowbro
|-damage|p2a: Slowbro|36\/381
|move|p2a: Slowbro|Psyshock|p1a: Sylveon
|-damage|p1a: Sylveon|194\/394 brn
|
|-heal|p2a: Slowbro|59\/381|[from] item: Leftovers
|-damage|p1a: Sylveon|145\/394 brn|[from] brn
|turn|33
|
|move|p1a: Sylveon|Hyper Voice|p2a: Slowbro
|-damage|p2a: Slowbro|0 fnt
|faint|p2a: Slowbro
|
|-damage|p1a: Sylveon|96\/394 brn|[from] brn
|
|switch|p2a: Talonflame|Talonflame, M|298\/298
|turn|34
|
|move|p2a: Talonflame|Swords Dance|p2a: Talonflame
|-boost|p2a: Talonflame|atk|2
|move|p1a: Sylveon|Hyper Voice|p2a: Talonflame
|-resisted|p2a: Talonflame
|-damage|p2a: Talonflame|97\/298
|
|-damage|p1a: Sylveon|47\/394 brn|[from] brn
|turn|35
|chat|WebBowser|gg
|
|move|p2a: Talonflame|Acrobatics|p1a: Sylveon
|-damage|p1a: Sylveon|0 fnt
|faint|p1a: Sylveon
|
|chat|LHNAC|gg
|
|switch|p1a: Greninja|Greninja, M|286\/286
|turn|36
|
|move|p2a: Talonflame|Acrobatics|p1a: Greninja
|-damage|p1a: Greninja|0 fnt
|faint|p1a: Greninja
|
|-message|WebBowser forfeited.
|
|win|LHNAC
|raw|Ladder updating...
|leave|WebBowser
|player|p1
|raw|WebBowser's rating: 1855 &rarr; <strong>1821<\/strong><br \/>(-34 for losing)
|raw|LHNAC's rating: 1570 &rarr; <strong>1603<\/strong><br \/>(+33 for winning)