|join|wish killer
|join|WebBowser
|player|p1|wish killer|68
|player|p2|WebBowser|102
|gametype|singles
|gen|6
|tier|OU
|rated
|clearpoke
|poke|p1|Bisharp, F
|poke|p1|Venusaur, M
|poke|p1|Heatran, M
|poke|p1|Keldeo
|poke|p1|Chansey, F
|poke|p1|Skarmory, F
|poke|p2|Scolipede, M
|poke|p2|Espeon, F
|poke|p2|Latios, M
|poke|p2|Greninja, M
|poke|p2|Charizard, F
|poke|p2|Wobbuffet, F
|rule|Swagger Clause: Swagger is banned
|rule|Baton Pass Clause: Limit one PokÃ©mon knowing Baton Pass
|rule|Sleep Clause Mod: Limit one foe put to sleep
|rule|Species Clause: Limit one of each PokÃ©mon
|rule|OHKO Clause: OHKO moves are banned
|rule|Moody Clause: Moody is banned
|rule|Evasion Moves Clause: Evasion moves are banned
|rule|Endless Battle Clause: Forcing endless battles is banned
|rule|HP Percentage Mod: HP is shown in percentages
|teampreview
|c|âWebBowser|gl hf
|c|âWebBowser|gl hf
|c|âWebBowser|lag op
|
|start
|switch|p1a: Heatran|Heatran, M|340\/340
|switch|p2a: Latios|Latios, M|364\/364
|-item|p1a: Heatran|Air Balloon
|turn|1
|
|switch|p2a: Oh no it's|Wobbuffet, F|584\/584
|move|p1a: Heatran|Stealth Rock|p2a: Oh no it's
|-sidestart|p2: WebBowser|move: Stealth Rock
|
|turn|2
|
|move|p1a: Heatran|Taunt|p2a: Oh no it's
|-start|p2a: Oh no it's|move: Taunt
|cant|p2a: Oh no it's|move: Taunt|Encore
|
|turn|3
|
|move|p1a: Heatran|Toxic|p2a: Oh no it's
|-status|p2a: Oh no it's|tox
|move|p2a: Oh no it's|Mirror Coat|p1a: Heatran
|-fail|p1a: Heatran
|
|-damage|p2a: Oh no it's|548\/584 tox|[from] psn
|turn|4
|
|switch|p2a: Latios|Latios, M|364\/364
|-damage|p2a: Latios|319\/364|[from] Stealth Rock
|move|p1a: Heatran|Toxic|p2a: Latios
|-status|p2a: Latios|tox
|
|-damage|p2a: Latios|297\/364 tox|[from] psn
|turn|5
|
|move|p2a: Latios|Light Screen|p2a: Latios
|-sidestart|p2: WebBowser|move: Light Screen
|move|p1a: Heatran|Taunt|p2a: Latios
|-start|p2a: Latios|move: Taunt
|
|-damage|p2a: Latios|253\/364 tox|[from] psn
|turn|6
|
|switch|p2a: Greninja|Greninja, M|286\/286
|-damage|p2a: Greninja|251\/286|[from] Stealth Rock
|move|p1a: Heatran|Toxic|p2a: Greninja
|-status|p2a: Greninja|tox
|
|-damage|p2a: Greninja|234\/286 tox|[from] psn
|turn|7
|
|switch|p1a: Skarmory|Skarmory, F|334\/334
|move|p2a: Greninja|Hydro Pump|p1a: Skarmory
|-start|p2a: Greninja|typechange|Water|[from] Protean
|-damage|p1a: Skarmory|99\/334
|-damage|p2a: Greninja|206\/286 tox|[from] item: Life Orb
|
|-damage|p2a: Greninja|172\/286 tox|[from] psn
|turn|8
|
|switch|p1a: Chansey|Chansey, F|684\/684
|move|p2a: Greninja|Hidden Power|p1a: Chansey
|-start|p2a: Greninja|typechange|Fire|[from] Protean
|-crit|p1a: Chansey
|-damage|p1a: Chansey|577\/684
|-damage|p2a: Greninja|144\/286 tox|[from] item: Life Orb
|
|-damage|p2a: Greninja|93\/286 tox|[from] psn
|turn|9
|
|switch|p2a: Scolipede|Scolipede, M|323\/323
|-damage|p2a: Scolipede|243\/323|[from] Stealth Rock
|switch|p1a: Skarmory|Skarmory, F|99\/334
|
|turn|10
|
|move|p2a: Scolipede|Iron Defense|p2a: Scolipede
|-boost|p2a: Scolipede|def|2
|move|p1a: Skarmory|Whirlwind|p2a: Scolipede
|drag|p2a: Espeon|Espeon, F|334\/334
|-damage|p2a: Espeon|293\/334|[from] Stealth Rock
|
|-heal|p2a: Espeon|313\/334|[from] item: Leftovers
|turn|11
|
|move|p2a: Espeon|Calm Mind|p2a: Espeon
|-boost|p2a: Espeon|spa|1
|-boost|p2a: Espeon|spd|1
|move|p1a: Skarmory|Brave Bird|p2a: Espeon
|-damage|p2a: Espeon|195\/334
|-damage|p1a: Skarmory|60\/334|[from] recoil|[of] p2a: Espeon
|
|-heal|p2a: Espeon|215\/334|[from] item: Leftovers
|turn|12
|
|move|p2a: Espeon|Calm Mind|p2a: Espeon
|-boost|p2a: Espeon|spa|1
|-boost|p2a: Espeon|spd|1
|move|p1a: Skarmory|Brave Bird|p2a: Espeon
|-damage|p2a: Espeon|109\/334
|-damage|p1a: Skarmory|25\/334|[from] recoil|[of] p2a: Espeon
|
|-heal|p2a: Espeon|129\/334|[from] item: Leftovers
|-sideend|p2: WebBowser|move: Light Screen
|turn|13
|
|move|p2a: Espeon|Morning Sun|p2a: Espeon
|-heal|p2a: Espeon|296\/334
|move|p1a: Skarmory|Brave Bird|p2a: Espeon
|-damage|p2a: Espeon|179\/334
|-damage|p1a: Skarmory|0 fnt|[from] recoil|[of] p2a: Espeon
|faint|p1a: Skarmory
|
|-heal|p2a: Espeon|199\/334|[from] item: Leftovers
|
|switch|p1a: Bisharp|Bisharp, F|334\/334
|turn|14
|
|switch|p2a: Charizard|Charizard, F|359\/359
|-damage|p2a: Charizard|180\/359|[from] Stealth Rock
|move|p1a: Bisharp|Sucker Punch|p2a: Charizard
|-fail|p2a: Charizard
|
|turn|15
|
|switch|p1a: Heatran|Heatran, M|340\/340
|-item|p1a: Heatran|Air Balloon
|detailschange|p2a: Charizard|Charizard-Mega-X, F
|message|Charizard has Mega Evolved into Mega Charizard!
|move|p2a: Charizard|Roost|p2a: Charizard
|-heal|p2a: Charizard|359\/359
|
|turn|16
|
|move|p1a: Heatran|Toxic|p2a: Charizard
|-status|p2a: Charizard|tox
|move|p2a: Charizard|Swords Dance|p2a: Charizard
|-boost|p2a: Charizard|atk|2
|
|-damage|p2a: Charizard|337\/359 tox|[from] psn
|turn|17
|
|switch|p1a: Chansey|Chansey, F|577\/684
|move|p2a: Charizard|Dragon Claw|p1a: Chansey
|-damage|p1a: Chansey|13\/684
|
|-damage|p2a: Charizard|293\/359 tox|[from] psn
|turn|18
|
|move|p2a: Charizard|Swords Dance|p2a: Charizard
|-boost|p2a: Charizard|atk|2
|move|p1a: Chansey|Seismic Toss|p2a: Charizard
|-damage|p2a: Charizard|193\/359 tox
|
|-damage|p2a: Charizard|127\/359 tox|[from] psn
|turn|19
|
|move|p2a: Charizard|Dragon Claw|p1a: Chansey
|-damage|p1a: Chansey|0 fnt
|faint|p1a: Chansey
|
|-damage|p2a: Charizard|39\/359 tox|[from] psn
|
|switch|p1a: Keldeo|Keldeo|323\/323
|turn|20
|
|move|p1a: Keldeo|Scald|p2a: Charizard
|-damage|p2a: Charizard|0 fnt
|faint|p2a: Charizard
|
|
|switch|p2a: Latios|Latios, M|253\/364 tox
|-damage|p2a: Latios|208\/364 tox|[from] Stealth Rock
|turn|21
|
|move|p2a: Latios|Light Screen|p2a: Latios
|-sidestart|p2: WebBowser|move: Light Screen
|move|p1a: Keldeo|Calm Mind|p1a: Keldeo
|-boost|p1a: Keldeo|spa|1
|-boost|p1a: Keldeo|spd|1
|
|-damage|p2a: Latios|186\/364 tox|[from] psn
|turn|22
|
|move|p2a: Latios|Memento|p1a: Keldeo
|-unboost|p1a: Keldeo|atk|2
|-unboost|p1a: Keldeo|spa|2
|faint|p2a: Latios
|move|p1a: Keldeo|Calm Mind|p1a: Keldeo
|-boost|p1a: Keldeo|spa|1
|-boost|p1a: Keldeo|spd|1
|
|
|switch|p2a: Scolipede|Scolipede, M|243\/323
|-damage|p2a: Scolipede|163\/323|[from] Stealth Rock
|turn|23
|
|switch|p1a: Bisharp|Bisharp, F|334\/334
|move|p2a: Scolipede|Iron Defense|p2a: Scolipede
|-boost|p2a: Scolipede|def|2
|
|-boost|p2a: Scolipede|spe|1|[from] ability: Speed Boost
|turn|24
|
|move|p2a: Scolipede|Iron Defense|p2a: Scolipede
|-boost|p2a: Scolipede|def|2
|move|p1a: Bisharp|Swords Dance|p1a: Bisharp
|-boost|p1a: Bisharp|atk|2
|
|-boost|p2a: Scolipede|spe|1|[from] ability: Speed Boost
|turn|25
|
|move|p2a: Scolipede|Iron Defense|p2a: Scolipede
|-boost|p2a: Scolipede|def|2
|move|p1a: Bisharp|Knock Off|p2a: Scolipede
|-crit|p2a: Scolipede
|-damage|p2a: Scolipede|0 fnt
|-enditem|p2a: Scolipede|Mental Herb|[from] move: Knock Off|[of] p1a: Bisharp
|faint|p2a: Scolipede
|
|c|âWebBowser|..........
|c|âWebBowser|well then
|c|âWebBowser|gg
|-message|WebBowser forfeited.
|
|win|wish killer
|raw|Ladder updating...
|leave|WebBowser
|player|p2
|raw|wish killer's rating: 1812 &rarr; <strong>1834<\/strong><br \/>(+22 for winning)
|raw|WebBowser's rating: 1854 &rarr; <strong>1831<\/strong><br \/>(-23 for losing)