|join|WebBowser
|join|Bellicose
|player|p1|WebBowser|266
|player|p2|Bellicose|102
|gametype|singles
|gen|6
|tier|OU
|clearpoke
|poke|p1|Scolipede, M
|poke|p1|Espeon, F
|poke|p1|Latios, M
|poke|p1|Greninja, F
|poke|p1|Charizard, F
|poke|p1|Wobbuffet, F
|poke|p2|Conkeldurr, F
|poke|p2|Zapdos
|poke|p2|Gyarados, F
|poke|p2|Ferrothorn, M
|poke|p2|Talonflame, F
|poke|p2|Garchomp, M
|rule|Swagger Clause: Swagger is banned
|rule|Baton Pass Clause: Limit one PokÃ©mon knowing Baton Pass
|rule|Sleep Clause Mod: Limit one foe put to sleep
|rule|Species Clause: Limit one of each PokÃ©mon
|rule|OHKO Clause: OHKO moves are banned
|rule|Moody Clause: Moody is banned
|rule|Evasion Moves Clause: Evasion moves are banned
|rule|Endless Battle Clause: Forcing endless battles is banned
|rule|HP Percentage Mod: HP is shown in percentages
|teampreview
|c|âWebBowser|ah, lol
|c|âBellicose|ah yes, this team
|c|âWebBowser|anyway, this is the team that got me to top ten
|c|âBellicose|I hate it
|c|âBellicose|Did you make it?
|c|âWebBowser|yup, I can see why
|c|âWebBowser|yes
|c|âBellicose|like created it yourself
|c|âWebBowser|yes
|c|âWebBowser|I've been working on this team since before the BP suspect
|c|âWebBowser|trying to prove that scolipede was independently OP
|c|âBellicose|lol
|c|âBellicose|This is one of the harder teams
|c|âBellicose|the people in oh go
|c|âBellicose|Ou
|c|âBellicose|>no bp runs scolipede
|c|âWebBowser|I got about 30 replays of this team at various stages of development
|c|âWebBowser|lol
|c|âBellicose|i lold when they said that
|c|âWebBowser|I can assure you that this team is just as good if not better then Denis'
|c|âBellicose|yeah ive battled it
|
|start
|switch|p1a: Latios|Latios, M|364\/364
|switch|p2a: Garchomp|Garchomp, M|357\/357
|turn|1
|
|move|p1a: Latios|Reflect|p1a: Latios
|-sidestart|p1: WebBowser|Reflect
|move|p2a: Garchomp|Draco Meteor|p1a: Latios
|-supereffective|p1a: Latios
|-damage|p1a: Latios|46\/364
|-unboost|p2a: Garchomp|spa|2
|
|turn|2
|
|move|p1a: Latios|Light Screen|p1a: Latios
|-sidestart|p1: WebBowser|move: Light Screen
|move|p2a: Garchomp|Stealth Rock|p1a: Latios
|-sidestart|p1: WebBowser|move: Stealth Rock
|
|turn|3
|c|âBellicose|thats disappointing
|c|âWebBowser|d-meteor chomp, was not expecting that
|c|âWebBowser|that chomps setup bait for scoli now tho
|c|âWebBowser|esp after I memento
|
|switch|p2a: Zapdos|Zapdos|383\/383
|-ability|p2a: Zapdos|Pressure
|move|p1a: Latios|Memento|p2a: Zapdos
|-unboost|p2a: Zapdos|atk|2
|-unboost|p2a: Zapdos|spa|2
|faint|p1a: Latios
|
|
|switch|p1a: Oh no it's|Wobbuffet, F|584\/584
|-damage|p1a: Oh no it's|511\/584|[from] Stealth Rock
|turn|4
|c|âWebBowser|good swap
|
|move|p2a: Zapdos|Defog|p1a: Oh no it's
|-unboost|p1a: Oh no it's|evasion|1
|-sideend|p1: WebBowser|Reflect
|-sideend|p1: WebBowser|Reflect|[from] move: Defog|[of] p1a: Oh no it's
|-sideend|p1: WebBowser|move: Light Screen
|-sideend|p1: WebBowser|Light Screen|[from] move: Defog|[of] p1a: Oh no it's
|-sideend|p1: WebBowser|Stealth Rock|[from] move: Defog|[of] p1a: Oh no it's
|move|p1a: Oh no it's|Encore|p2a: Zapdos
|-start|p2a: Zapdos|Encore
|
|-heal|p1a: Oh no it's|547\/584|[from] item: Leftovers
|turn|5
|
|switch|p1a: Scolipede|Scolipede, M|323\/323
|move|p2a: Zapdos|Defog|p1a: Scolipede
|-unboost|p1a: Scolipede|evasion|1
|
|turn|6
|c|âWebBowser|defog is almost always a bad idea tho
|
|switch|p2a: Garchomp|Garchomp, M|357\/357
|move|p1a: Scolipede|Iron Defense|p1a: Scolipede
|-boost|p1a: Scolipede|def|2
|
|-boost|p1a: Scolipede|spe|1|[from] ability: Speed Boost
|turn|7
|c|âWebBowser|chomp is setup bait fyi
|
|move|p1a: Scolipede|Substitute|p1a: Scolipede
|-start|p1a: Scolipede|Substitute
|-damage|p1a: Scolipede|243\/323
|move|p2a: Garchomp|Fire Blast|p1a: Scolipede
|-supereffective|p1a: Scolipede
|-end|p1a: Scolipede|Substitute
|
|-boost|p1a: Scolipede|spe|1|[from] ability: Speed Boost
|turn|8
|c|âWebBowser|unless fire blast...
|c|âWebBowser|that works
|
|move|p1a: Scolipede|Baton Pass|p1a: Scolipede
|
|switch|p1a: Espeon|Espeon, F|334\/334
|move|p2a: Garchomp|Fire Blast|p1a: Espeon
|-damage|p1a: Espeon|240\/334
|
|-heal|p1a: Espeon|260\/334|[from] item: Leftovers
|turn|9
|c|âWebBowser|ok, you forced scoli out
|
|move|p1a: Espeon|Calm Mind|p1a: Espeon
|-boost|p1a: Espeon|spa|1
|-boost|p1a: Espeon|spd|1
|move|p2a: Garchomp|Earthquake|p1a: Espeon
|-damage|p1a: Espeon|184\/334
|
|-heal|p1a: Espeon|204\/334|[from] item: Leftovers
|turn|10
|c|âWebBowser|I'm only at +2, but that's still enough to tank chomp
|
|switch|p2a: Talonflame|Talonflame, F|323\/323
|move|p1a: Espeon|Calm Mind|p1a: Espeon
|-boost|p1a: Espeon|spa|1
|-boost|p1a: Espeon|spd|1
|
|-heal|p1a: Espeon|224\/334|[from] item: Leftovers
|turn|11
|
|move|p2a: Talonflame|Brave Bird|p1a: Espeon
|-damage|p1a: Espeon|152\/334
|-damage|p2a: Talonflame|299\/323|[from] recoil|[of] p1a: Espeon
|move|p1a: Espeon|Morning Sun|p1a: Espeon
|-heal|p1a: Espeon|319\/334
|
|-heal|p1a: Espeon|334\/334|[from] item: Leftovers
|-heal|p2a: Talonflame|319\/323|[from] item: Leftovers
|turn|12
|c|âBellicose|what does ninja do
|c|âWebBowser|revenge kill
|c|âWebBowser|baits out priority
|c|âBellicose|thought so
|c|âWebBowser|most priority users are setup bait for scoli
|
|move|p1a: Espeon|Stored Power|p2a: Talonflame
|-damage|p2a: Talonflame|0 fnt
|faint|p2a: Talonflame
|
|
|switch|p2a: Gyarados|Gyarados, F|332\/332
|-ability|p2a: Gyarados|Intimidate|[of] p1a: Espeon
|-unboost|p1a: Espeon|atk|1
|turn|13
|c|âWebBowser|save talonflame for after something dies
|
|detailschange|p2a: Gyarados|Gyarados-Mega, F
|message|Gyarados has Mega Evolved into Mega Gyarados!
|-ability|p2a: Gyarados|Mold Breaker
|move|p1a: Espeon|Calm Mind|p1a: Espeon
|-boost|p1a: Espeon|spa|1
|-boost|p1a: Espeon|spd|1
|move|p2a: Gyarados|Dragon Dance|p2a: Gyarados
|-boost|p2a: Gyarados|atk|1
|-boost|p2a: Gyarados|spe|1
|
|turn|14
|c|âBellicose|what have you lost to
|c|âWebBowser|you want to attack as much as possible for a crit
|c|âBellicose|Typically
|c|âBellicose|Prankstet thundy?
|c|âWebBowser|because at this point that's all you have
|
|move|p1a: Espeon|Hidden Power|p2a: Gyarados
|-supereffective|p2a: Gyarados
|-damage|p2a: Gyarados|114\/332
|move|p2a: Gyarados|Waterfall|p1a: Espeon
|-damage|p1a: Espeon|214\/334
|
|-heal|p1a: Espeon|234\/334|[from] item: Leftovers
|turn|15
|c|âWebBowser|lesse, rain offense sucks
|c|âWebBowser|trickscarf goth + dark type works well
|
|move|p1a: Espeon|Hidden Power|p2a: Gyarados
|-supereffective|p2a: Gyarados
|-damage|p2a: Gyarados|0 fnt
|faint|p2a: Gyarados
|
|-heal|p1a: Espeon|254\/334|[from] item: Leftovers
|c|âBellicose|hm
|c|âWebBowser|ttar is a nuisense because sandstorm reduces mornind sun healing
|
|switch|p2a: Zapdos|Zapdos|383\/383
|-ability|p2a: Zapdos|Pressure
|turn|16
|
|move|p1a: Espeon|Stored Power|p2a: Zapdos
|-damage|p2a: Zapdos|0 fnt
|faint|p2a: Zapdos
|
|-heal|p1a: Espeon|274\/334|[from] item: Leftovers
|
|switch|p2a: Conkeldurr|Conkeldurr, F|414\/414
|turn|17
|c|âBellicose|I get rekt by bp every time
|c|âBellicose|so
|c|âWebBowser|besides that, hax
|
|move|p1a: Espeon|Stored Power|p2a: Conkeldurr
|-supereffective|p2a: Conkeldurr
|-damage|p2a: Conkeldurr|0 fnt
|faint|p2a: Conkeldurr
|
|-heal|p1a: Espeon|294\/334|[from] item: Leftovers
|
|switch|p2a: Ferrothorn|Ferrothorn, M|352\/352
|turn|18
|c|âWebBowser|yeah, this team has nothing for BP
|
|move|p1a: Espeon|Stored Power|p2a: Ferrothorn
|-resisted|p2a: Ferrothorn
|-damage|p2a: Ferrothorn|4\/352
|move|p2a: Ferrothorn|Gyro Ball|p1a: Espeon
|-damage|p1a: Espeon|204\/334
|
|-heal|p1a: Espeon|224\/334|[from] item: Leftovers
|-heal|p2a: Ferrothorn|26\/352|[from] item: Leftovers
|turn|19
|c|âBellicose|whats an efficient counter, thats also good for
|c|âBellicose|regular battles
|c|âWebBowser|sash endeavor also works
|c|âWebBowser|just make sure you knock off lefties first
|
|move|p1a: Espeon|Stored Power|p2a: Ferrothorn
|-resisted|p2a: Ferrothorn
|-damage|p2a: Ferrothorn|0 fnt
|faint|p2a: Ferrothorn
|
|-heal|p1a: Espeon|244\/334|[from] item: Leftovers
|c|âBellicose|Also how badly does sd bish beat u
|
|switch|p2a: Garchomp|Garchomp, M|357\/357
|turn|20
|c|âWebBowser|if it isn't sashed, not at all
|c|âBellicose|why
|c|âBellicose|if you memento it youre dead
|c|âWebBowser|physical mons are just setup bait for scoli
|c|âWebBowser|I'm not dumb enough to memento a bisharp
|
|move|p1a: Espeon|Stored Power|p2a: Garchomp
|-damage|p2a: Garchomp|0 fnt
|faint|p2a: Garchomp
|
|win|WebBowser
|c|âWebBowser|I hard swap to scoli
|c|âWebBowser|cuz I know I can take the hit
|c|âWebBowser|bisharp does nothing to scoli
|c|âBellicose|is it max def scoli
|c|âWebBowser|mine is
|c|âBellicose|hows taunt thundy work
|c|âWebBowser|even SE physical hits do little to it