|join|WebBowser
|join|ve
|player|p1|WebBowser|92
|player|p2|ve|1
|gametype|singles
|gen|6
|tier|OU
|rated
|clearpoke
|poke|p1|Scolipede, M
|poke|p1|Espeon, F
|poke|p1|Latios, M
|poke|p1|Greninja, M
|poke|p1|Charizard, M
|poke|p1|Sylveon, F
|poke|p2|Terrakion
|poke|p2|Salamence, F
|poke|p2|Celebi
|poke|p2|Scizor, F
|poke|p2|Gengar, F
|poke|p2|Latias, F
|rule|Swagger Clause: Swagger is banned
|rule|Baton Pass Clause: Limit one PokÃ©mon knowing Baton Pass
|rule|Sleep Clause Mod: Limit one foe put to sleep
|rule|Species Clause: Limit one of each PokÃ©mon
|rule|OHKO Clause: OHKO moves are banned
|rule|Moody Clause: Moody is banned
|rule|Evasion Moves Clause: Evasion moves are banned
|rule|Endless Battle Clause: Forcing endless battles is banned
|rule|HP Percentage Mod: HP is shown in percentages
|teampreview
|chat|WebBowser|hello again
|chat|ve|hello
|
|start
|switch|p1a: Latios|Latios, M|364\/364
|switch|p2a: Scizor|Scizor, F|344\/344
|turn|1
|
|detailschange|p2a: Scizor|Scizor-Mega, F
|message|Scizor has Mega Evolved into Mega Scizor!
|move|p1a: Latios|Reflect|p1a: Latios
|-sidestart|p1: WebBowser|Reflect
|move|p2a: Scizor|Knock Off|p1a: Latios
|-supereffective|p1a: Latios
|-damage|p1a: Latios|201\/364
|-enditem|p1a: Latios|Light Clay|[from] move: Knock Off|[of] p2a: Scizor
|
|turn|2
|
|move|p1a: Latios|Light Screen|p1a: Latios
|-sidestart|p1: WebBowser|move: Light Screen
|move|p2a: Scizor|Swords Dance|p2a: Scizor
|-boost|p2a: Scizor|atk|2
|
|turn|3
|
|move|p1a: Latios|Memento|p2a: Scizor
|-unboost|p2a: Scizor|atk|2
|-unboost|p2a: Scizor|spa|2
|faint|p1a: Latios
|move|p2a: Scizor|Swords Dance|p2a: Scizor
|-boost|p2a: Scizor|atk|2
|
|
|switch|p1a: Scolipede|Scolipede, M|323\/323
|turn|4
|
|move|p1a: Scolipede|Iron Defense|p1a: Scolipede
|-boost|p1a: Scolipede|def|2
|move|p2a: Scizor|Knock Off|p1a: Scolipede
|-damage|p1a: Scolipede|269\/323
|-enditem|p1a: Scolipede|Mental Herb|[from] move: Knock Off|[of] p2a: Scizor
|
|-boost|p1a: Scolipede|spe|1|[from] ability: Speed Boost
|turn|5
|
|move|p1a: Scolipede|Iron Defense|p1a: Scolipede
|-boost|p1a: Scolipede|def|2
|move|p2a: Scizor|Swords Dance|p2a: Scizor
|-boost|p2a: Scizor|atk|2
|
|-boost|p1a: Scolipede|spe|1|[from] ability: Speed Boost
|turn|6
|
|move|p1a: Scolipede|Iron Defense|p1a: Scolipede
|-boost|p1a: Scolipede|def|2
|move|p2a: Scizor|Swords Dance|p2a: Scizor
|-boost|p2a: Scizor|atk|2
|
|-sideend|p1: WebBowser|move: Light Screen
|-boost|p1a: Scolipede|spe|1|[from] ability: Speed Boost
|turn|7
|
|move|p2a: Scizor|Bullet Punch|p1a: Scolipede
|-damage|p1a: Scolipede|221\/323
|move|p1a: Scolipede|Baton Pass|p1a: Scolipede
|
|switch|p1a: Espeon|Espeon, F|334\/334
|
|turn|8
|
|move|p1a: Espeon|Stored Power|p2a: Scizor
|-resisted|p2a: Scizor
|-damage|p2a: Scizor|206\/344
|move|p2a: Scizor|Knock Off|p1a: Espeon
|-supereffective|p1a: Espeon
|-damage|p1a: Espeon|185\/334
|-enditem|p1a: Espeon|Leftovers|[from] move: Knock Off|[of] p2a: Scizor
|
|-sideend|p1: WebBowser|Reflect
|turn|9
|
|move|p1a: Espeon|Calm Mind|p1a: Espeon
|-boost|p1a: Espeon|spa|1
|-boost|p1a: Espeon|spd|1
|move|p2a: Scizor|Knock Off|p1a: Espeon
|-supereffective|p1a: Espeon
|-damage|p1a: Espeon|0 fnt
|faint|p1a: Espeon
|
|chat|WebBowser|itsn't it supposed to do less without an item?
|chat|WebBowser|wtf?
|chat|WebBowser|oh wait
|chat|WebBowser|reflect
|chat|WebBowser|lol
|
|switch|p1a: Charizard|Charizard, M|359\/359
|turn|10
|
|detailschange|p1a: Charizard|Charizard-Mega-X, M
|message|Charizard has Mega Evolved into Mega Charizard!
|move|p2a: Scizor|Bullet Punch|p1a: Charizard
|-resisted|p1a: Charizard
|-damage|p1a: Charizard|110\/359
|move|p1a: Charizard|Flare Blitz|p2a: Scizor
|-supereffective|p2a: Scizor
|-damage|p2a: Scizor|0 fnt
|-damage|p1a: Charizard|42\/359|[from] recoil|[of] p2a: Scizor
|faint|p2a: Scizor
|
|chat|WebBowser|I should prolly take a break soon
|
|switch|p2a: Gengar|Gengar, F|262\/262
|turn|11
|
|move|p2a: Gengar|Shadow Ball|p1a: Charizard
|-damage|p1a: Charizard|0 fnt
|faint|p1a: Charizard
|
|
|switch|p1a: Greninja|Greninja, M|286\/286
|turn|12
|
|move|p1a: Greninja|Extrasensory|p2a: Gengar
|-start|p1a: Greninja|typechange|Psychic|[from] Protean
|-supereffective|p2a: Gengar
|-damage|p2a: Gengar|0 fnt
|-damage|p1a: Greninja|258\/286|[from] item: Life Orb
|faint|p2a: Gengar
|
|
|switch|p2a: Salamence|Salamence, F|331\/331
|turn|13
|chat|WebBowser|dis lag is too stronk
|
|move|p2a: Salamence|Earthquake|p1a: Greninja
|-damage|p1a: Greninja|100\/286
|move|p1a: Greninja|Ice Beam|p2a: Salamence
|-start|p1a: Greninja|typechange|Ice|[from] Protean
|-supereffective|p2a: Salamence
|-damage|p2a: Salamence|0 fnt
|-damage|p1a: Greninja|72\/286|[from] item: Life Orb
|faint|p2a: Salamence
|
|
|switch|p2a: Celebi|Celebi|404\/404
|turn|14
|
|move|p1a: Greninja|Ice Beam|p2a: Celebi
|-supereffective|p2a: Celebi
|-damage|p2a: Celebi|35\/404
|-damage|p1a: Greninja|44\/286|[from] item: Life Orb
|move|p2a: Celebi|Psychic|p1a: Greninja
|-damage|p1a: Greninja|0 fnt
|faint|p1a: Greninja
|
|-heal|p2a: Celebi|60\/404|[from] item: Leftovers
|
|switch|p1a: Scolipede|Scolipede, M|221\/323
|turn|15
|
|move|p1a: Scolipede|Protect|p1a: Scolipede
|-singleturn|p1a: Scolipede|Protect
|move|p2a: Celebi|Psychic|p1a: Scolipede
|-activate|p1a: Scolipede|Protect
|
|-heal|p2a: Celebi|85\/404|[from] item: Leftovers
|-boost|p1a: Scolipede|spe|1|[from] ability: Speed Boost
|turn|16
|
|move|p1a: Scolipede|Substitute|p1a: Scolipede
|-start|p1a: Scolipede|Substitute
|-damage|p1a: Scolipede|141\/323
|move|p2a: Celebi|Psychic|p1a: Scolipede
|-supereffective|p1a: Scolipede
|-end|p1a: Scolipede|Substitute
|
|-heal|p2a: Celebi|110\/404|[from] item: Leftovers
|-boost|p1a: Scolipede|spe|1|[from] ability: Speed Boost
|turn|17
|
|move|p1a: Scolipede|Protect|p1a: Scolipede
|-singleturn|p1a: Scolipede|Protect
|move|p2a: Celebi|Psychic|p1a: Scolipede
|-activate|p1a: Scolipede|Protect
|
|-heal|p2a: Celebi|135\/404|[from] item: Leftovers
|-boost|p1a: Scolipede|spe|1|[from] ability: Speed Boost
|turn|18
|
|move|p1a: Scolipede|Baton Pass|p1a: Scolipede
|
|switch|p1a: Sylveon|Sylveon, F|394\/394
|move|p2a: Celebi|Psychic|p1a: Sylveon
|-damage|p1a: Sylveon|307\/394
|
|-heal|p2a: Celebi|160\/404|[from] item: Leftovers
|turn|19
|chat|WebBowser|this is G tbh
|
|move|p1a: Sylveon|Hyper Voice|p2a: Celebi
|-damage|p2a: Celebi|0 fnt
|faint|p2a: Celebi
|
|
|switch|p2a: Terrakion|Terrakion|323\/323
|turn|20
|
|move|p1a: Sylveon|Hyper Voice|p2a: Terrakion
|-supereffective|p2a: Terrakion
|-enditem|p2a: Terrakion|Focus Sash
|-damage|p2a: Terrakion|1\/323
|move|p2a: Terrakion|Poison Jab|p1a: Sylveon
|-supereffective|p1a: Sylveon
|-damage|p1a: Sylveon|19\/394
|
|turn|21
|chat|WebBowser|ow, maybe not
|
|move|p1a: Sylveon|Hyper Voice|p2a: Terrakion
|-supereffective|p2a: Terrakion
|-damage|p2a: Terrakion|0 fnt
|faint|p2a: Terrakion
|
|
|switch|p2a: Latias|Latias, F|358\/358
|turn|22
|
|move|p1a: Sylveon|Hyper Voice|p2a: Latias
|-supereffective|p2a: Latias
|-damage|p2a: Latias|0 fnt
|faint|p2a: Latias
|
|win|WebBowser
|raw|Ladder updating...
|raw|WebBowser's rating: 1859 &rarr; <strong>1868<\/strong><br \/>(+9 for winning)
|raw|ve's rating: 1648 &rarr; <strong>1639<\/strong><br \/>(-9 for losing)
|chat|WebBowser|vgg tho