|join|Mob Barley
|join|WebBowser
|player|p1|Mob Barley|161
|player|p2|WebBowser|170
|gametype|singles
|gen|6
|tier|OU
|rated
|clearpoke
|poke|p1|Gengar, M, shiny
|poke|p1|Scizor, M
|poke|p1|Latios, M
|poke|p1|Azumarill, M
|poke|p1|Magnezone
|poke|p1|Garchomp, M
|poke|p2|Scolipede, M
|poke|p2|Espeon, M
|poke|p2|Latios, M
|poke|p2|Greninja, F
|poke|p2|Charizard, M
|poke|p2|Wobbuffet, M
|rule|Swagger Clause: Swagger is banned
|rule|Baton Pass Clause: Limit one PokÃ©mon knowing Baton Pass
|rule|Sleep Clause Mod: Limit one foe put to sleep
|rule|Species Clause: Limit one of each PokÃ©mon
|rule|OHKO Clause: OHKO moves are banned
|rule|Moody Clause: Moody is banned
|rule|Evasion Moves Clause: Evasion moves are banned
|rule|Endless Battle Clause: Forcing endless battles is banned
|rule|HP Percentage Mod: HP is shown in percentages
|teampreview
|c|âWebBowser|oh hey mob
|
|start
|switch|p1a: Garchomp|Garchomp, M|358\/358
|switch|p2a: Latios|Latios, M|364\/364
|turn|1
|
|switch|p1a: Scizor|Scizor, M|343\/343
|move|p2a: Latios|Reflect|p2a: Latios
|-sidestart|p2: WebBowser|Reflect
|
|turn|2
|join|Hyrinhos
|leave|Hyrinhos
|
|detailschange|p1a: Scizor|Scizor-Mega, M
|message|Scizor has Mega Evolved into Mega Scizor!
|move|p2a: Latios|Light Screen|p2a: Latios
|-sidestart|p2: WebBowser|move: Light Screen
|move|p1a: Scizor|Swords Dance|p1a: Scizor
|-boost|p1a: Scizor|atk|2
|
|turn|3
|
|move|p2a: Latios|Memento|p1a: Scizor
|-unboost|p1a: Scizor|atk|2
|-unboost|p1a: Scizor|spa|2
|faint|p2a: Latios
|move|p1a: Scizor|Swords Dance|p1a: Scizor
|-boost|p1a: Scizor|atk|2
|
|
|switch|p2a: Scolipede|Scolipede, M|323\/323
|turn|4
|
|move|p2a: Scolipede|Iron Defense|p2a: Scolipede
|-boost|p2a: Scolipede|def|2
|move|p1a: Scizor|Swords Dance|p1a: Scizor
|-boost|p1a: Scizor|atk|2
|
|-boost|p2a: Scolipede|spe|1|[from] ability: Speed Boost
|turn|5
|
|move|p2a: Scolipede|Iron Defense|p2a: Scolipede
|-boost|p2a: Scolipede|def|2
|move|p1a: Scizor|Swords Dance|p1a: Scizor
|-boost|p1a: Scizor|atk|2
|
|-boost|p2a: Scolipede|spe|1|[from] ability: Speed Boost
|turn|6
|
|move|p2a: Scolipede|Iron Defense|p2a: Scolipede
|-boost|p2a: Scolipede|def|2
|move|p1a: Scizor|Knock Off|p2a: Scolipede
|-damage|p2a: Scolipede|275\/323
|-enditem|p2a: Scolipede|Mental Herb|[from] move: Knock Off|[of] p1a: Scizor
|
|-boost|p2a: Scolipede|spe|1|[from] ability: Speed Boost
|turn|7
|
|move|p1a: Scizor|Bullet Punch|p2a: Scolipede
|-damage|p2a: Scolipede|235\/323
|move|p2a: Scolipede|Substitute|p2a: Scolipede
|-start|p2a: Scolipede|Substitute
|-damage|p2a: Scolipede|155\/323
|
|-boost|p2a: Scolipede|spe|1|[from] ability: Speed Boost
|turn|8
|
|move|p2a: Scolipede|Baton Pass|p2a: Scolipede
|
|switch|p2a: Charizard|Charizard, M|359\/359
|move|p1a: Scizor|Knock Off|p2a: Charizard
|-activate|p2a: Charizard|Substitute|[damage]
|
|-sideend|p2: WebBowser|Reflect
|turn|9
|
|detailschange|p2a: Charizard|Charizard-Mega-X, M
|message|Charizard has Mega Evolved into Mega Charizard!
|move|p1a: Scizor|Bullet Punch|p2a: Charizard
|-resisted|p2a: Charizard
|-end|p2a: Charizard|Substitute
|move|p2a: Charizard|Swords Dance|p2a: Charizard
|-boost|p2a: Charizard|atk|2
|
|-sideend|p2: WebBowser|move: Light Screen
|turn|10
|
|move|p1a: Scizor|Bullet Punch|p2a: Charizard
|-resisted|p2a: Charizard
|-damage|p2a: Charizard|312\/359
|move|p2a: Charizard|Flare Blitz|p1a: Scizor
|-supereffective|p1a: Scizor
|-damage|p1a: Scizor|0 fnt
|-damage|p2a: Charizard|199\/359|[from] recoil|[of] p1a: Scizor
|faint|p1a: Scizor
|
|
|switch|p1a: Garchomp|Garchomp, M|358\/358
|turn|11
|
|move|p2a: Charizard|Dragon Claw|p1a: Garchomp
|-crit|p1a: Garchomp
|-supereffective|p1a: Garchomp
|-enditem|p1a: Garchomp|Focus Sash
|-damage|p1a: Garchomp|1\/358
|-damage|p2a: Charizard|155\/359|[from] ability: Rough Skin|[of] p1a: Garchomp
|move|p1a: Garchomp|Outrage|p2a: Charizard
|-supereffective|p2a: Charizard
|-damage|p2a: Charizard|63\/359
|
|turn|12
|
|move|p2a: Charizard|Roost|p2a: Charizard
|-heal|p2a: Charizard|243\/359
|move|p1a: Garchomp|Outrage|p2a: Charizard
|-supereffective|p2a: Charizard
|-damage|p2a: Charizard|147\/359
|
|turn|13
|
|move|p2a: Charizard|Roost|p2a: Charizard
|-heal|p2a: Charizard|327\/359
|move|p1a: Garchomp|Outrage|p2a: Charizard
|-supereffective|p2a: Charizard
|-damage|p2a: Charizard|235\/359
|
|-end|p1a: Garchomp|rampage
|-start|p1a: Garchomp|confusion
|turn|14
|
|move|p2a: Charizard|Dragon Claw|p1a: Garchomp
|-supereffective|p1a: Garchomp
|-damage|p1a: Garchomp|0 fnt
|-damage|p2a: Charizard|191\/359|[from] ability: Rough Skin|[of] p1a: Garchomp
|faint|p1a: Garchomp
|
|
|switch|p1a: Magnezone|Magnezone|281\/281
|turn|15
|-message|Mob Barley forfeited.
|leave|Mob Barley
|
|win|WebBowser
|raw|Ladder updating...
|player|p1
|raw|Mob Barley's rating: 1826 &rarr; <strong>1805<\/strong><br \/>(-21 for losing)
|raw|WebBowser's rating: 1809 &rarr; <strong>1830<\/strong><br \/>(+21 for winning)