|join|looiiyut
|join|WebBowser
|player|p1|looiiyut|210
|player|p2|WebBowser|92
|gametype|singles
|gen|6
|tier|OU
|rated
|clearpoke
|poke|p1|Heracross, M
|poke|p1|Clefable, M
|poke|p1|Tyranitar, M
|poke|p1|Serperior, M
|poke|p1|Heatran, M
|poke|p1|Mew
|poke|p2|Scolipede, F
|poke|p2|Espeon, F
|poke|p2|Latios, M
|poke|p2|Terrakion
|poke|p2|Charizard, M
|poke|p2|Wobbuffet, F
|rule|Swagger Clause: Swagger is banned
|rule|Baton Pass Clause: Limit one PokÃ©mon knowing Baton Pass
|rule|Sleep Clause Mod: Limit one foe put to sleep
|rule|Species Clause: Limit one of each PokÃ©mon
|rule|OHKO Clause: OHKO moves are banned
|rule|Moody Clause: Moody is banned
|rule|Evasion Moves Clause: Evasion moves are banned
|rule|Endless Battle Clause: Forcing endless battles is banned
|rule|HP Percentage Mod: HP is shown in percentages
|teampreview
|c|âWebBowser|oh hai
|c|âWebBowser|doing that serpereor experiment I see
|c|âlooiiyut|hi man
|c|âlooiiyut|yeah
|c|âlooiiyut|but not with this alt
|c|âWebBowser|right, right, you need a fresh alt
|c|âlooiiyut|gl hf
|c|âWebBowser|u2
|
|start
|switch|p1a: Heracross|Heracross, M|309\/309
|switch|p2a: Latios|Latios, M|364\/364
|turn|1
|c|âWebBowser|I never believed in alts tbh
|
|detailschange|p1a: Heracross|Heracross-Mega, M
|-mega|p1a: Heracross|Heracross|Heracronite
|move|p2a: Latios|Reflect|p2a: Latios
|-sidestart|p2: WebBowser|Reflect
|move|p1a: Heracross|Pin Missile|p2a: Latios
|-supereffective|p2a: Latios
|-damage|p2a: Latios|297\/364
|-supereffective|p2a: Latios
|-damage|p2a: Latios|228\/364
|-supereffective|p2a: Latios
|-damage|p2a: Latios|153\/364
|-supereffective|p2a: Latios
|-damage|p2a: Latios|81\/364
|-supereffective|p2a: Latios
|-damage|p2a: Latios|9\/364
|-hitcount|p2a: Latios|5
|
|turn|2
|c|âWebBowser|yay balk
|
|switch|p1a: Serperior|Serperior, M|291\/291
|move|p2a: Latios|Memento|p1a: Serperior
|-boost|p1a: Serperior|atk|2
|-boost|p1a: Serperior|spa|2
|faint|p2a: Latios
|
|c|âWebBowser|oh
|c|âWebBowser|frick
|c|âWebBowser|lol
|
|switch|p2a: Charizard|Charizard, M|359\/359
|turn|3
|c|âWebBowser|literally scarier then bisharp
|
|detailschange|p2a: Charizard|Charizard-Mega-X, M
|-mega|p2a: Charizard|Charizard|Charizardite X
|move|p1a: Serperior|Glare|p2a: Charizard
|-status|p2a: Charizard|par
|cant|p2a: Charizard|par
|
|turn|4
|
|move|p1a: Serperior|Hidden Power|p2a: Charizard
|-supereffective|p2a: Charizard
|-damage|p2a: Charizard|93\/359 par
|move|p2a: Charizard|Flare Blitz|p1a: Serperior
|-supereffective|p1a: Serperior
|-damage|p1a: Serperior|0 fnt
|-damage|p2a: Charizard|0 fnt|[from] recoil|[of] p1a: Serperior
|faint|p1a: Serperior
|faint|p2a: Charizard
|
|c|âWebBowser|well, that sucks
|c|âlooiiyut|thanks glare
|c|âWebBowser|but balk wins anyway
|
|switch|p1a: Heracross|Heracross-Mega, M|309\/309
|switch|p2a: Oh no it's|Wobbuffet, F|584\/584
|turn|5
|c|âlooiiyut|sub
|
|move|p1a: Heracross|Pin Missile|p2a: Oh no it's
|-supereffective|p2a: Oh no it's
|-damage|p2a: Oh no it's|490\/584
|-supereffective|p2a: Oh no it's
|-damage|p2a: Oh no it's|403\/584
|-supereffective|p2a: Oh no it's
|-damage|p2a: Oh no it's|306\/584
|-supereffective|p2a: Oh no it's
|-damage|p2a: Oh no it's|215\/584
|-enditem|p2a: Oh no it's|Sitrus Berry|[eat]
|-heal|p2a: Oh no it's|361\/584|[from] item: Sitrus Berry
|-supereffective|p2a: Oh no it's
|-damage|p2a: Oh no it's|268\/584
|-hitcount|p2a: Oh no it's|5
|move|p2a: Oh no it's|Encore|p1a: Heracross
|-start|p1a: Heracross|Encore
|
|turn|6
|c|âWebBowser|yay sitrus
|c|âWebBowser|prevents scurvy
|
|switch|p2a: Scolipede|Scolipede, F|323\/323
|move|p1a: Heracross|Pin Missile|p2a: Scolipede
|-resisted|p2a: Scolipede
|-damage|p2a: Scolipede|311\/323
|-resisted|p2a: Scolipede
|-damage|p2a: Scolipede|300\/323
|-resisted|p2a: Scolipede
|-damage|p2a: Scolipede|290\/323
|-resisted|p2a: Scolipede
|-damage|p2a: Scolipede|280\/323
|-resisted|p2a: Scolipede
|-damage|p2a: Scolipede|268\/323
|-hitcount|p2a: Scolipede|5
|
|turn|7
|
|switch|p1a: Clefable|Clefable, M|394\/394
|move|p2a: Scolipede|Iron Defense|p2a: Scolipede
|-boost|p2a: Scolipede|def|2
|
|-boost|p2a: Scolipede|spe|1|[from] ability: Speed Boost
|turn|8
|
|move|p2a: Scolipede|Substitute|p2a: Scolipede
|-start|p2a: Scolipede|Substitute
|-damage|p2a: Scolipede|188\/323
|move|p1a: Clefable|Calm Mind|p1a: Clefable
|-boost|p1a: Clefable|spa|1
|-boost|p1a: Clefable|spd|1
|
|-sideend|p2: WebBowser|Reflect
|-boost|p2a: Scolipede|spe|1|[from] ability: Speed Boost
|turn|9
|c|âlooiiyut|i love your team
|
|move|p2a: Scolipede|Baton Pass|p2a: Scolipede
|c|âWebBowser|ty :)
|
|switch|p2a: Terrakion|Terrakion|323\/323
|move|p1a: Clefable|Calm Mind|p1a: Clefable
|-boost|p1a: Clefable|spa|1
|-boost|p1a: Clefable|spd|1
|
|turn|10
|
|move|p2a: Terrakion|Iron Head|p1a: Clefable
|-supereffective|p1a: Clefable
|-damage|p1a: Clefable|222\/394
|move|p1a: Clefable|Moonblast|p2a: Terrakion
|-supereffective|p2a: Terrakion
|-end|p2a: Terrakion|Substitute
|
|-heal|p1a: Clefable|246\/394|[from] item: Leftovers
|turn|11
|c|âWebBowser|go go terrakion
|c|âWebBowser|...
|c|âWebBowser|that's surprisingly unimpressive
|c|âlooiiyut|please
|c|âlooiiyut|no flinch
|
|move|p2a: Terrakion|Stone Edge|p1a: Clefable|[miss]
|-miss|p2a: Terrakion|p1a: Clefable
|move|p1a: Clefable|Moonblast|p2a: Terrakion
|-supereffective|p2a: Terrakion
|-damage|p2a: Terrakion|0 fnt
|faint|p2a: Terrakion
|
|-heal|p1a: Clefable|270\/394|[from] item: Leftovers
|
|switch|p2a: Oh no it's|Wobbuffet, F|268\/584
|turn|12
|
|move|p1a: Clefable|Moonblast|p2a: Oh no it's
|-damage|p2a: Oh no it's|52\/584
|move|p2a: Oh no it's|Mirror Coat|p1a: Clefable
|-damage|p1a: Clefable|0 fnt
|faint|p1a: Clefable
|
|c|âWebBowser|yaaaay wobb
|
|switch|p1a: Heracross|Heracross-Mega, M|309\/309
|turn|13
|c|âlooiiyut|oh man
|
|move|p1a: Heracross|Pin Missile|p2a: Oh no it's
|-supereffective|p2a: Oh no it's
|-damage|p2a: Oh no it's|0 fnt
|-hitcount|p2a: Oh no it's|1
|faint|p2a: Oh no it's
|
|
|switch|p2a: Scolipede|Scolipede, F|188\/323
|turn|14
|
|move|p2a: Scolipede|Protect|p2a: Scolipede
|-singleturn|p2a: Scolipede|Protect
|move|p1a: Heracross|Rock Blast|p2a: Scolipede
|-activate|p2a: Scolipede|Protect
|
|-boost|p2a: Scolipede|spe|1|[from] ability: Speed Boost
|turn|15
|c|âWebBowser|so, how much respect do you expect scolipede to give here?
|
|move|p2a: Scolipede|Iron Defense|p2a: Scolipede
|-boost|p2a: Scolipede|def|2
|move|p1a: Heracross|Rock Blast|p2a: Scolipede
|-supereffective|p2a: Scolipede
|-damage|p2a: Scolipede|154\/323
|-crit|p2a: Scolipede
|-supereffective|p2a: Scolipede
|-damage|p2a: Scolipede|62\/323
|-supereffective|p2a: Scolipede
|-damage|p2a: Scolipede|30\/323
|-supereffective|p2a: Scolipede
|-damage|p2a: Scolipede|0 fnt
|-hitcount|p2a: Scolipede|4
|faint|p2a: Scolipede
|
|c|âWebBowser|there we go
|c|âWebBowser|gg
|
|switch|p2a: Espeon|Espeon, F|334\/334
|turn|16
|
|move|p1a: Heracross|Pin Missile|p2a: Espeon
|-supereffective|p2a: Espeon
|-damage|p2a: Espeon|212\/334
|-supereffective|p2a: Espeon
|-damage|p2a: Espeon|96\/334
|-supereffective|p2a: Espeon
|-damage|p2a: Espeon|0 fnt
|-hitcount|p2a: Espeon|3
|faint|p2a: Espeon
|
|win|looiiyut
|raw|Ladder updating...
|c|âlooiiyut|gg
|raw|looiiyut's rating: 1598 &rarr; <strong>1618<\/strong><br \/>(+20 for winning)
|raw|WebBowser's rating: 1601 &rarr; <strong>1580<\/strong><br \/>(-21 for losing)
|leave|WebBowser
|player|p2