|join|Reverb
|join|WebBowser
|player|p1|Reverb|#reverb
|player|p2|WebBowser|92
|gametype|singles
|gen|6
|tier|OU
|rated
|clearpoke
|poke|p1|Infernape, F
|poke|p1|Azumarill, F
|poke|p1|Gastrodon, F
|poke|p1|Landorus, M
|poke|p1|Thundurus, M
|poke|p1|Metagross
|poke|p2|Scolipede, F
|poke|p2|Espeon, F
|poke|p2|Latios, M
|poke|p2|Terrakion
|poke|p2|Charizard, M
|poke|p2|Wobbuffet, M
|rule|Swagger Clause: Swagger is banned
|rule|Baton Pass Clause: Limit one PokÃ©mon knowing Baton Pass
|rule|Sleep Clause Mod: Limit one foe put to sleep
|rule|Species Clause: Limit one of each PokÃ©mon
|rule|OHKO Clause: OHKO moves are banned
|rule|Moody Clause: Moody is banned
|rule|Evasion Moves Clause: Evasion moves are banned
|rule|Endless Battle Clause: Forcing endless battles is banned
|rule|HP Percentage Mod: HP is shown in percentages
|teampreview
|c|âWebBowser|long time no see reverb
|c|âWebBowser|hows life?
|join|Cienight
|c|âReverb|good
|c|âReverb|you?
|c|âWebBowser|not bad, job searching sucks
|join|gizmo
|c|âReverb|ye
|c|âWebBowser|completely missed the gren suspect
|
|start
|switch|p1a: Infernape|Infernape, F|294\/294
|switch|p2a: Latios|Latios, M|364\/364
|turn|1
|c|âWebBowser|prob deserved to go, had too many simularities to genesect
|
|switch|p1a: Metagross|Metagross|301\/301
|move|p2a: Latios|Reflect|p2a: Latios
|-sidestart|p2: WebBowser|Reflect
|
|turn|2
|c|âReverb|your team looks like aids
|c|âReverb|no offense lol
|c|âWebBowser|I've had this team for ages man
|c|âWebBowser|you've even fought it before
|c|âReverb|ik
|
|switch|p1a: Infernape|Infernape, F|294\/294
|move|p2a: Latios|Light Screen|p2a: Latios
|-sidestart|p2: WebBowser|move: Light Screen
|
|turn|3
|c|âWebBowser|trying to find a suitable replacement for gren
|
|move|p2a: Latios|Memento|p1a: Infernape
|-unboost|p1a: Infernape|atk|2
|-unboost|p1a: Infernape|spa|2
|faint|p2a: Latios
|move|p1a: Infernape|Taunt|p2: Latios|[notarget]
|-notarget
|
|join|Professional2341
|
|switch|p2a: Scolipede|Scolipede, F|323\/323
|turn|4
|
|switch|p1a: Azumarill|Azumarill, F|360\/360
|move|p2a: Scolipede|Iron Defense|p2a: Scolipede
|-boost|p2a: Scolipede|def|2
|
|-boost|p2a: Scolipede|spe|1|[from] ability: Speed Boost
|turn|5
|
|move|p2a: Scolipede|Iron Defense|p2a: Scolipede
|-boost|p2a: Scolipede|def|2
|move|p1a: Azumarill|Belly Drum|p1a: Azumarill
|-damage|p1a: Azumarill|180\/360
|-setboost|p1a: Azumarill|atk|6|[from] move: Belly Drum
|-enditem|p1a: Azumarill|Sitrus Berry|[eat]
|-heal|p1a: Azumarill|270\/360|[from] item: Sitrus Berry
|
|-boost|p2a: Scolipede|spe|1|[from] ability: Speed Boost
|turn|6
|
|move|p2a: Scolipede|Iron Defense|p2a: Scolipede
|-boost|p2a: Scolipede|def|2
|move|p1a: Azumarill|Knock Off|p2a: Scolipede
|-damage|p2a: Scolipede|269\/323
|-enditem|p2a: Scolipede|Mental Herb|[from] move: Knock Off|[of] p1a: Azumarill
|
|-boost|p2a: Scolipede|spe|1|[from] ability: Speed Boost
|turn|7
|
|move|p2a: Scolipede|Substitute|p2a: Scolipede
|-start|p2a: Scolipede|Substitute
|-damage|p2a: Scolipede|189\/323
|move|p1a: Azumarill|Knock Off|p2a: Scolipede
|-activate|p2a: Scolipede|Substitute|[damage]
|
|-boost|p2a: Scolipede|spe|1|[from] ability: Speed Boost
|turn|8
|join|haunter
|
|move|p1a: Azumarill|Aqua Jet|p2a: Scolipede
|-activate|p2a: Scolipede|Substitute|[damage]
|move|p2a: Scolipede|Baton Pass|p2a: Scolipede
|c|âWebBowser|hello haunter
|join|FlamingVictini PB
|
|switch|p2a: Espeon|Espeon, F|334\/334
|
|-sideend|p2: WebBowser|Reflect
|turn|9
|
|move|p1a: Azumarill|Aqua Jet|p2a: Espeon
|-end|p2a: Espeon|Substitute
|move|p2a: Espeon|Calm Mind|p2a: Espeon
|-boost|p2a: Espeon|spa|1
|-boost|p2a: Espeon|spd|1
|
|-sideend|p2: WebBowser|move: Light Screen
|turn|10
|
|move|p1a: Azumarill|Aqua Jet|p2a: Espeon
|-damage|p2a: Espeon|252\/334
|move|p2a: Espeon|Stored Power|p1a: Azumarill
|-damage|p1a: Azumarill|0 fnt
|faint|p1a: Azumarill
|
|-heal|p2a: Espeon|272\/334|[from] item: Leftovers
|
|switch|p1a: Infernape|Infernape, F|294\/294
|turn|11
|
|move|p2a: Espeon|Stored Power|p1a: Infernape
|-crit|p1a: Infernape
|-supereffective|p1a: Infernape
|-enditem|p1a: Infernape|Focus Sash
|-damage|p1a: Infernape|1\/294
|move|p1a: Infernape|Endeavor|p2a: Espeon
|-damage|p2a: Espeon|1\/334
|
|-heal|p2a: Espeon|21\/334|[from] item: Leftovers
|turn|12
|
|move|p2a: Espeon|Morning Sun|p2a: Espeon
|-heal|p2a: Espeon|188\/334
|move|p1a: Infernape|Endeavor|p2a: Espeon
|-damage|p2a: Espeon|1\/334
|
|-heal|p2a: Espeon|21\/334|[from] item: Leftovers
|turn|13
|
|move|p2a: Espeon|Morning Sun|p2a: Espeon
|-heal|p2a: Espeon|188\/334
|move|p1a: Infernape|Endeavor|p2a: Espeon
|-damage|p2a: Espeon|1\/334
|
|-heal|p2a: Espeon|21\/334|[from] item: Leftovers
|turn|14
|join|I'm Virus (~'o')~
|
|move|p2a: Espeon|Stored Power|p1a: Infernape
|-supereffective|p1a: Infernape
|-damage|p1a: Infernape|0 fnt
|faint|p1a: Infernape
|
|-heal|p2a: Espeon|41\/334|[from] item: Leftovers
|c| I'm Virus (~'o')~|...
|c| I'm Virus (~'o')~|reverb
|c| I'm Virus (~'o')~|pls
|c| I'm Virus (~'o')~|win dis for me
|c| I'm Virus (~'o')~|;-;
|
|switch|p1a: Metagross|Metagross|301\/301
|turn|15
|c| FlamingVictini PB|if espy lives this
|c| FlamingVictini PB|rip
|
|detailschange|p1a: Metagross|Metagross-Mega
|-mega|p1a: Metagross|Metagross|Metagrossite
|move|p2a: Espeon|Morning Sun|p2a: Espeon
|-heal|p2a: Espeon|208\/334
|move|p1a: Metagross|Meteor Mash|p2a: Espeon
|-damage|p2a: Espeon|147\/334
|-boost|p1a: Metagross|atk|1
|
|-heal|p2a: Espeon|167\/334|[from] item: Leftovers
|turn|16
|c|âWebBowser|pretty much
|c| I'm Virus (~'o')~|:<
|c| FlamingVictini PB|ok you took off bullet punch
|c|âReverb|yeah
|c|âReverb|forgot
|c| I'm Virus (~'o')~|crit pls
|c| I'm Virus (~'o')~|;-;
|
|move|p2a: Espeon|Morning Sun|p2a: Espeon
|-heal|p2a: Espeon|334\/334
|move|p1a: Metagross|Meteor Mash|p2a: Espeon
|-damage|p2a: Espeon|252\/334
|-boost|p1a: Metagross|atk|1
|
|-heal|p2a: Espeon|272\/334|[from] item: Leftovers
|turn|17
|c| FlamingVictini PB|reverb why'd u make this team so bad >_>
|join|SuicideFaction
|
|move|p2a: Espeon|Stored Power|p1a: Metagross
|-resisted|p1a: Metagross
|-damage|p1a: Metagross|171\/301
|move|p1a: Metagross|Meteor Mash|p2a: Espeon
|-damage|p2a: Espeon|148\/334
|-boost|p1a: Metagross|atk|1
|
|-heal|p2a: Espeon|168\/334|[from] item: Leftovers
|turn|18
|c| FlamingVictini PB|btw i would use luke > gastro u don't need gastro for elecs
|
|move|p2a: Espeon|Stored Power|p1a: Metagross
|-resisted|p1a: Metagross
|-damage|p1a: Metagross|41\/301
|move|p1a: Metagross|Meteor Mash|p2a: Espeon
|-damage|p2a: Espeon|17\/334
|
|-heal|p2a: Espeon|37\/334|[from] item: Leftovers
|turn|19
|c| FlamingVictini PB|these boosts
|c|~haunter|rof nice attack boosts
|c| FlamingVictini PB|if u had bp
|-message|Reverb forfeited.
|
|move|p2a: Espeon|Stored Power|p1a: Metagross
|-resisted|p1a: Metagross
|-damage|p1a: Metagross|0 fnt
|faint|p1a: Metagross
|
|-heal|p2a: Espeon|57\/334|[from] item: Leftovers
|leave|Reverb
|c| I'm Virus (~'o')~|:<
|c|âWebBowser|gg
|leave|haunter
|
|win|WebBowser
|raw|Ladder updating...
|player|p1
|c| I'm Virus (~'o')~|.cri
|leave|Cienight
|leave|Professional2341
|raw|Reverb's rating: 1795 &rarr; <strong>1766<\/strong><br \/>(-29 for losing)
|raw|WebBowser's rating: 1631 &rarr; <strong>1660<\/strong><br \/>(+29 for winning)
|join|sugarhigh
|leave|I'm Virus (~'o')~
|leave|sugarhigh