|join|WebBowser
|join|andrewmon
|player|p1|WebBowser|92
|player|p2|andrewmon|253
|gametype|singles
|gen|6
|tier|OU
|rated
|clearpoke
|poke|p1|Scolipede, M
|poke|p1|Espeon, F
|poke|p1|Latios, M
|poke|p1|Terrakion
|poke|p1|Charizard, M
|poke|p1|Wobbuffet, F
|poke|p2|Charizard, M
|poke|p2|Sylveon, M
|poke|p2|Gengar, M
|poke|p2|Excadrill, M
|poke|p2|Dugtrio, M
|poke|p2|Tyranitar, M
|rule|Swagger Clause: Swagger is banned
|rule|Baton Pass Clause: Limit one PokÃ©mon knowing Baton Pass
|rule|Sleep Clause Mod: Limit one foe put to sleep
|rule|Species Clause: Limit one of each PokÃ©mon
|rule|OHKO Clause: OHKO moves are banned
|rule|Moody Clause: Moody is banned
|rule|Evasion Moves Clause: Evasion moves are banned
|rule|Endless Battle Clause: Forcing endless battles is banned
|rule|HP Percentage Mod: HP is shown in percentages
|teampreview
|c|âWebBowser|gl hf
|
|start
|switch|p1a: Latios|Latios, M|364\/364
|switch|p2a: Tyranitar|Tyranitar, M|345\/345
|-weather|Sandstorm
|turn|1
|
|move|p1a: Latios|Reflect|p1a: Latios
|-sidestart|p1: WebBowser|Reflect
|move|p2a: Tyranitar|Pursuit|p1a: Latios
|-supereffective|p1a: Latios
|-damage|p1a: Latios|286\/364
|
|-weather|Sandstorm|[upkeep]
|-damage|p1a: Latios|264\/364|[from] Sandstorm
|turn|2
|
|move|p1a: Latios|Light Screen|p1a: Latios
|-sidestart|p1: WebBowser|move: Light Screen
|move|p2a: Tyranitar|Pursuit|p1a: Latios
|-crit|p1a: Latios
|-supereffective|p1a: Latios
|-damage|p1a: Latios|22\/364
|
|-weather|Sandstorm|[upkeep]
|-damage|p1a: Latios|0 fnt|[from] Sandstorm
|faint|p1a: Latios
|
|switch|p1a: Scolipede|Scolipede, M|323\/323
|turn|3
|
|move|p1a: Scolipede|Iron Defense|p1a: Scolipede
|-boost|p1a: Scolipede|def|2
|move|p2a: Tyranitar|Rock Tomb|p1a: Scolipede
|-supereffective|p1a: Scolipede
|-damage|p1a: Scolipede|289\/323
|-unboost|p1a: Scolipede|spe|1
|
|-weather|Sandstorm|[upkeep]
|-damage|p1a: Scolipede|269\/323|[from] Sandstorm
|-boost|p1a: Scolipede|spe|1|[from] ability: Speed Boost
|turn|4
|
|move|p1a: Scolipede|Iron Defense|p1a: Scolipede
|-boost|p1a: Scolipede|def|2
|move|p2a: Tyranitar|Taunt|p1a: Scolipede
|-start|p1a: Scolipede|move: Taunt
|-enditem|p1a: Scolipede|Mental Herb
|-end|p1a: Scolipede|move: Taunt
|
|-weather|Sandstorm|[upkeep]
|-damage|p1a: Scolipede|249\/323|[from] Sandstorm
|-boost|p1a: Scolipede|spe|1|[from] ability: Speed Boost
|turn|5
|
|move|p1a: Scolipede|Protect|p1a: Scolipede
|-singleturn|p1a: Scolipede|Protect
|move|p2a: Tyranitar|Rock Tomb|p1a: Scolipede
|-activate|p1a: Scolipede|Protect
|
|-weather|Sandstorm|[upkeep]
|-damage|p1a: Scolipede|229\/323|[from] Sandstorm
|-boost|p1a: Scolipede|spe|1|[from] ability: Speed Boost
|turn|6
|
|move|p1a: Scolipede|Baton Pass|p1a: Scolipede
|
|switch|p1a: Terrakion|Terrakion|323\/323
|move|p2a: Tyranitar|Rock Tomb|p1a: Terrakion|[miss]
|-miss|p2a: Tyranitar|p1a: Terrakion
|
|-weather|Sandstorm|[upkeep]
|turn|7
|
|switch|p2a: Gengar|Gengar, M|272\/272
|move|p1a: Terrakion|Close Combat|p2a: Gengar
|-immune|p2a: Gengar|[msg]
|
|-weather|Sandstorm|[upkeep]
|-damage|p2a: Gengar|255\/272|[from] Sandstorm
|-heal|p2a: Gengar|272\/272|[from] item: Black Sludge
|turn|8
|
|move|p1a: Terrakion|Stone Edge|p2a: Gengar|[miss]
|-miss|p1a: Terrakion|p2a: Gengar
|move|p2a: Gengar|Will-O-Wisp|p1a: Terrakion
|-status|p1a: Terrakion|brn
|-enditem|p1a: Terrakion|Lum Berry|[eat]
|-curestatus|p1a: Terrakion|brn
|
|-weather|none
|-sideend|p1: WebBowser|Reflect
|turn|9
|
|move|p1a: Terrakion|Taunt|p2a: Gengar
|-start|p2a: Gengar|move: Taunt
|cant|p2a: Gengar|move: Taunt|Will-O-Wisp
|
|-sideend|p1: WebBowser|move: Light Screen
|turn|10
|c|âWebBowser|yay lum berry
|
|switch|p2a: Dugtrio|Dugtrio, M|212\/212
|move|p1a: Terrakion|Stone Edge|p2a: Dugtrio
|-resisted|p2a: Dugtrio
|-damage|p2a: Dugtrio|58\/212
|
|turn|11
|
|move|p1a: Terrakion|Iron Head|p2a: Dugtrio
|-damage|p2a: Dugtrio|0 fnt
|faint|p2a: Dugtrio
|
|
|switch|p2a: Sylveon|Sylveon, M|394\/394
|turn|12
|
|move|p1a: Terrakion|Iron Head|p2a: Sylveon
|-supereffective|p2a: Sylveon
|-damage|p2a: Sylveon|204\/394
|cant|p2a: Sylveon|flinch
|
|-heal|p2a: Sylveon|228\/394|[from] item: Leftovers
|turn|13
|c|âandrewmon|ofcourse!
|c|âWebBowser|sry :(
|
|switch|p1a: Scolipede|Scolipede, M|229\/323
|move|p2a: Sylveon|Protect|p2a: Sylveon
|-fail|p2a: Sylveon
|
|-heal|p2a: Sylveon|252\/394|[from] item: Leftovers
|turn|14
|
|switch|p2a: Charizard|Charizard, M|335\/335
|move|p1a: Scolipede|Iron Defense|p1a: Scolipede
|-boost|p1a: Scolipede|def|2
|
|-boost|p1a: Scolipede|spe|1|[from] ability: Speed Boost
|turn|15
|
|detailschange|p2a: Charizard|Charizard-Mega-Y, M
|-mega|p2a: Charizard|Charizard|Charizardite Y
|-weather|SunnyDay
|move|p1a: Scolipede|Protect|p1a: Scolipede
|-singleturn|p1a: Scolipede|Protect
|move|p2a: Charizard|Flamethrower|p1a: Scolipede
|-activate|p1a: Scolipede|Protect
|
|-weather|SunnyDay|[upkeep]
|-boost|p1a: Scolipede|spe|1|[from] ability: Speed Boost
|turn|16
|
|move|p1a: Scolipede|Baton Pass|p1a: Scolipede
|
|switch|p1a: Charizard|Charizard, M|359\/359
|move|p2a: Charizard|Flamethrower|p1a: Charizard
|-resisted|p1a: Charizard
|-damage|p1a: Charizard|218\/359
|
|-weather|SunnyDay|[upkeep]
|turn|17
|
|switch|p2a: Tyranitar|Tyranitar, M|345\/345
|-weather|Sandstorm
|detailschange|p1a: Charizard|Charizard-Mega-X, M
|-mega|p1a: Charizard|Charizard|Charizardite X
|move|p1a: Charizard|Swords Dance|p1a: Charizard
|-boost|p1a: Charizard|atk|2
|
|-weather|Sandstorm|[upkeep]
|-damage|p1a: Charizard|196\/359|[from] Sandstorm
|turn|18
|
|move|p1a: Charizard|Dragon Claw|p2a: Tyranitar
|-damage|p2a: Tyranitar|0 fnt
|faint|p2a: Tyranitar
|
|-weather|Sandstorm|[upkeep]
|-damage|p1a: Charizard|174\/359|[from] Sandstorm
|
|switch|p2a: Excadrill|Excadrill, M|361\/361
|turn|19
|
|move|p2a: Excadrill|Earthquake|p1a: Charizard
|-supereffective|p1a: Charizard
|-damage|p1a: Charizard|16\/359
|move|p1a: Charizard|Flare Blitz|p2a: Excadrill
|-supereffective|p2a: Excadrill
|-damage|p2a: Excadrill|0 fnt
|-damage|p1a: Charizard|0 fnt|[from] recoil|[of] p2a: Excadrill
|faint|p2a: Excadrill
|faint|p1a: Charizard
|
|-weather|Sandstorm|[upkeep]
|
|switch|p1a: Terrakion|Terrakion|323\/323
|switch|p2a: Charizard|Charizard-Mega-Y, M|335\/335
|-weather|SunnyDay
|turn|20
|
|switch|p2a: Gengar|Gengar, M|272\/272
|move|p1a: Terrakion|Stone Edge|p2a: Gengar
|-damage|p2a: Gengar|35\/272
|
|-weather|SunnyDay|[upkeep]
|-heal|p2a: Gengar|52\/272|[from] item: Black Sludge
|turn|21
|
|switch|p1a: Espeon|Espeon, F|334\/334
|move|p2a: Gengar|Hex|p1a: Espeon
|-supereffective|p1a: Espeon
|-damage|p1a: Espeon|124\/334
|
|-weather|SunnyDay|[upkeep]
|-heal|p2a: Gengar|69\/272|[from] item: Black Sludge
|-heal|p1a: Espeon|144\/334|[from] item: Leftovers
|turn|22
|
|move|p2a: Gengar|Hex|p1a: Espeon
|-crit|p1a: Espeon
|-supereffective|p1a: Espeon
|-damage|p1a: Espeon|0 fnt
|faint|p1a: Espeon
|
|-weather|SunnyDay|[upkeep]
|-heal|p2a: Gengar|86\/272|[from] item: Black Sludge
|
|switch|p1a: Scolipede|Scolipede, M|229\/323
|turn|23
|
|move|p1a: Scolipede|Protect|p1a: Scolipede
|-singleturn|p1a: Scolipede|Protect
|move|p2a: Gengar|Substitute|p2a: Gengar
|-start|p2a: Gengar|Substitute
|-damage|p2a: Gengar|18\/272
|
|-weather|SunnyDay|[upkeep]
|-heal|p2a: Gengar|35\/272|[from] item: Black Sludge
|-boost|p1a: Scolipede|spe|1|[from] ability: Speed Boost
|turn|24
|
|move|p1a: Scolipede|Substitute|p1a: Scolipede
|-start|p1a: Scolipede|Substitute
|-damage|p1a: Scolipede|149\/323
|move|p2a: Gengar|Will-O-Wisp|p1a: Scolipede
|
|-weather|none
|-heal|p2a: Gengar|52\/272|[from] item: Black Sludge
|-boost|p1a: Scolipede|spe|1|[from] ability: Speed Boost
|turn|25
|
|move|p1a: Scolipede|Baton Pass|p1a: Scolipede
|
|switch|p1a: Terrakion|Terrakion|323\/323
|move|p2a: Gengar|Hex|p1a: Terrakion
|-end|p1a: Terrakion|Substitute
|
|-heal|p2a: Gengar|69\/272|[from] item: Black Sludge
|turn|26
|
|move|p1a: Terrakion|Taunt|p2a: Gengar
|-start|p2a: Gengar|move: Taunt
|cant|p2a: Gengar|move: Taunt|Will-O-Wisp
|
|-heal|p2a: Gengar|86\/272|[from] item: Black Sludge
|turn|27
|
|move|p1a: Terrakion|Iron Head|p2a: Gengar
|-end|p2a: Gengar|Substitute
|move|p2a: Gengar|Hex|p1a: Terrakion
|-damage|p1a: Terrakion|211\/323
|
|-heal|p2a: Gengar|103\/272|[from] item: Black Sludge
|turn|28
|
|switch|p2a: Charizard|Charizard-Mega-Y, M|335\/335
|-weather|SunnyDay
|move|p1a: Terrakion|Iron Head|p2a: Charizard
|-resisted|p2a: Charizard
|-damage|p2a: Charizard|294\/335
|
|-weather|SunnyDay|[upkeep]
|turn|29
|
|move|p1a: Terrakion|Stone Edge|p2a: Charizard
|-crit|p2a: Charizard
|-supereffective|p2a: Charizard
|-damage|p2a: Charizard|0 fnt
|faint|p2a: Charizard
|
|-weather|SunnyDay|[upkeep]
|
|switch|p2a: Sylveon|Sylveon, M|252\/394
|turn|30
|
|switch|p1a: Oh no it's|Wobbuffet, F|584\/584
|move|p2a: Sylveon|Hyper Voice|p1a: Oh no it's
|-damage|p1a: Oh no it's|448\/584
|
|-weather|SunnyDay|[upkeep]
|-heal|p2a: Sylveon|276\/394|[from] item: Leftovers
|turn|31
|
|move|p2a: Sylveon|Wish|p2a: Sylveon
|move|p1a: Oh no it's|Mirror Coat|p2a: Sylveon
|-fail|p2a: Sylveon
|
|-weather|SunnyDay|[upkeep]
|-heal|p2a: Sylveon|300\/394|[from] item: Leftovers
|turn|32
|
|move|p2a: Sylveon|Hyper Voice|p1a: Oh no it's
|-damage|p1a: Oh no it's|301\/584
|move|p1a: Oh no it's|Encore|p2a: Sylveon
|-start|p2a: Sylveon|Encore
|
|-weather|none
|-heal|p2a: Sylveon|394\/394|[from] move: Wish|[wisher] Sylveon
|turn|33
|
|move|p2a: Sylveon|Hyper Voice|p1a: Oh no it's
|-damage|p1a: Oh no it's|139\/584
|-enditem|p1a: Oh no it's|Sitrus Berry|[eat]
|-heal|p1a: Oh no it's|285\/584|[from] item: Sitrus Berry
|move|p1a: Oh no it's|Mirror Coat|p2a: Sylveon
|-damage|p2a: Sylveon|70\/394
|
|-heal|p2a: Sylveon|94\/394|[from] item: Leftovers
|turn|34
|
|move|p2a: Sylveon|Hyper Voice|p1a: Oh no it's
|-crit|p1a: Oh no it's
|-damage|p1a: Oh no it's|50\/584
|move|p1a: Oh no it's|Mirror Coat|p2a: Sylveon
|-damage|p2a: Sylveon|0 fnt
|faint|p2a: Sylveon
|
|
|switch|p2a: Gengar|Gengar, M|103\/272
|turn|35
|
|move|p2a: Gengar|Hex|p1a: Oh no it's
|-supereffective|p1a: Oh no it's
|-damage|p1a: Oh no it's|0 fnt
|faint|p1a: Oh no it's
|
|-heal|p2a: Gengar|120\/272|[from] item: Black Sludge
|
|switch|p1a: Terrakion|Terrakion|211\/323
|turn|36
|
|move|p2a: Gengar|Will-O-Wisp|p1a: Terrakion
|-status|p1a: Terrakion|brn
|move|p1a: Terrakion|Stone Edge|p2a: Gengar
|-crit|p2a: Gengar
|-damage|p2a: Gengar|0 fnt
|faint|p2a: Gengar
|
|win|WebBowser
|raw|Ladder updating...
|raw|WebBowser's rating: 1629 &rarr; <strong>1645<\/strong><br \/>(+16 for winning)
|raw|andrewmon's rating: 1543 &rarr; <strong>1528<\/strong><br \/>(-15 for losing)
|c|âWebBowser|srybout hax
|c|âWebBowser|good game though
|c|âandrewmon|gg