|join|Xayy
|join|sexychu
|player|p1|Xayy|266
|player|p2|sexychu|276
|gametype|singles
|gen|6
|tier|UU
|rated
|rule|Sleep Clause Mod: Limit one foe put to sleep
|rule|Species Clause: Limit one of each Pokemon
|rule|OHKO Clause: OHKO moves are banned
|rule|Moody Clause: Moody is banned
|rule|Evasion Moves Clause: Evasion moves are banned
|rule|Endless Battle Clause: Forcing endless battles is banned.
|rule|HP Percentage Mod: HP is reported as percentages
|clearpoke
|poke|p1|Entei, shiny
|poke|p1|Rhyperior, M
|poke|p1|Galvantula, M
|poke|p1|Virizion
|poke|p1|Mew
|poke|p1|Aerodactyl, M
|poke|p2|Darmanitan, M
|poke|p2|Toxicroak, M
|poke|p2|Shaymin
|poke|p2|Rotom-Heat
|poke|p2|Claydol
|poke|p2|Honchkrow, M
|teampreview
|
|start
|switch|p1a: Galvantula|Galvantula, M|282\/282
|switch|p2a: Rotom-Heat|Rotom-Heat|242\/242
|turn|1
|
|move|p1a: Galvantula|Sticky Web|p2a: Rotom-Heat
|-sidestart|p2: sexychu|move: Sticky Web
|move|p2a: Rotom-Heat|Overheat|p1a: Galvantula
|-supereffective|p1a: Galvantula
|-enditem|p1a: Galvantula|Focus Sash
|-damage|p1a: Galvantula|1\/282
|-unboost|p2a: Rotom-Heat|spa|2
|
|turn|2
|
|switch|p1a: Rhyperior|Rhyperior, M|395\/395
|move|p2a: Rotom-Heat|Volt Switch|p1a: Rhyperior
|-immune|p1a: Rhyperior|[msg]
|
|turn|3
|
|switch|p2a: Claydol|Claydol|324\/324
|switch|p1a: Mew|Mew|342\/342
|
|turn|4
|
|move|p1a: Mew|Swords Dance|p1a: Mew
|-boost|p1a: Mew|atk|2
|move|p2a: Claydol|Rapid Spin|p1a: Mew
|-damage|p1a: Mew|330\/342
|-sideend|p2: sexychu|Sticky Web|[from] move: Rapid Spin|[of] p2a: Claydol
|
|-heal|p1a: Mew|342\/342|[from] item: Leftovers
|turn|5
|
|switch|p2a: Toxicroak|Toxicroak, M|308\/308
|move|p1a: Mew|Baton Pass|p1a: Mew
|
|switch|p1a: Entei|Entei, shiny|372\/372
|-ability|p1a: Entei|Pressure
|
|turn|6
|
|move|p2a: Toxicroak|Fake Out|p1a: Entei
|-damage|p1a: Entei|307\/372
|-damage|p2a: Toxicroak|278\/308|[from] item: Life Orb
|cant|p1a: Entei|flinch
|
|turn|7
|
|move|p2a: Toxicroak|Gunk Shot|p1a: Entei|[miss]
|-miss|p2a: Toxicroak|p1a: Entei
|move|p1a: Entei|Sacred Fire|p2a: Toxicroak
|-damage|p2a: Toxicroak|0 fnt
|faint|p2a: Toxicroak
|
|
|switch|p2a: Rotom-Heat|Rotom-Heat|242\/242
|turn|8
|
|move|p2a: Rotom-Heat|Thunderbolt|p1a: Entei
|-damage|p1a: Entei|198\/372
|move|p1a: Entei|Stone Edge|p2a: Rotom-Heat
|-supereffective|p2a: Rotom-Heat
|-damage|p2a: Rotom-Heat|0 fnt
|faint|p2a: Rotom-Heat
|
|
|switch|p2a: Darmanitan|Darmanitan, M|351\/351
|turn|9
|
|move|p1a: Entei|Extreme Speed|p2a: Darmanitan
|-damage|p2a: Darmanitan|49\/351
|move|p2a: Darmanitan|Earthquake|p1a: Entei
|-supereffective|p1a: Entei
|-damage|p1a: Entei|0 fnt
|faint|p1a: Entei
|
|
|switch|p1a: Aerodactyl|Aerodactyl, M|302\/302
|turn|10
|
|switch|p2a: Claydol|Claydol|324\/324
|-formechange|p1a: Aerodactyl|Aerodactyl-Mega
|message|Aerodactyl has Mega Evolved into Mega Aerodactyl!
|move|p1a: Aerodactyl|Ice Fang|p2a: Claydol
|-supereffective|p2a: Claydol
|-damage|p2a: Claydol|162\/324
|
|-heal|p2a: Claydol|182\/324|[from] item: Leftovers
|turn|11
|
|switch|p1a: Mew|Mew|342\/342
|move|p2a: Claydol|Ice Beam|p1a: Mew
|-damage|p1a: Mew|286\/342
|
|-heal|p1a: Mew|307\/342|[from] item: Leftovers
|-heal|p2a: Claydol|202\/324|[from] item: Leftovers
|turn|12
|
|switch|p2a: Honchkrow|Honchkrow, M|358\/358
|move|p1a: Mew|Swords Dance|p1a: Mew
|-boost|p1a: Mew|atk|2
|
|-heal|p1a: Mew|328\/342|[from] item: Leftovers
|turn|13
|
|move|p1a: Mew|Baton Pass|p1a: Mew
|
|switch|p1a: Rhyperior|Rhyperior, M|395\/395
|move|p2a: Honchkrow|Pursuit|p1a: Rhyperior
|-damage|p1a: Rhyperior|341\/395
|
|turn|14
|
|switch|p2a: Claydol|Claydol|202\/324
|move|p1a: Rhyperior|Ice Punch|p2a: Claydol
|-supereffective|p2a: Claydol
|-damage|p2a: Claydol|0 fnt
|faint|p2a: Claydol
|
|
|switch|p2a: Shaymin|Shaymin|342\/342
|turn|15
|
|switch|p1a: Virizion|Virizion|324\/324
|move|p2a: Shaymin|Seed Flare|p1a: Virizion
|-resisted|p1a: Virizion
|-damage|p1a: Virizion|230\/324
|-unboost|p1a: Virizion|spd|2
|-damage|p2a: Shaymin|308\/342|[from] item: Life Orb
|
|-heal|p1a: Virizion|250\/324|[from] item: Leftovers
|turn|16
|
|move|p1a: Virizion|Substitute|p1a: Virizion
|-start|p1a: Virizion|Substitute
|-damage|p1a: Virizion|169\/324
|move|p2a: Shaymin|Air Slash|p1a: Virizion
|-supereffective|p1a: Virizion
|-end|p1a: Virizion|Substitute
|-damage|p2a: Shaymin|274\/342|[from] item: Life Orb
|
|-heal|p1a: Virizion|189\/324|[from] item: Leftovers
|turn|17
|
|move|p1a: Virizion|Substitute|p1a: Virizion
|-start|p1a: Virizion|Substitute
|-damage|p1a: Virizion|108\/324
|move|p2a: Shaymin|Air Slash|p1a: Virizion
|-supereffective|p1a: Virizion
|-end|p1a: Virizion|Substitute
|-damage|p2a: Shaymin|240\/342|[from] item: Life Orb
|
|-heal|p1a: Virizion|128\/324|[from] item: Leftovers
|turn|18
|
|move|p1a: Virizion|Substitute|p1a: Virizion
|-start|p1a: Virizion|Substitute
|-damage|p1a: Virizion|47\/324
|move|p2a: Shaymin|Air Slash|p1a: Virizion
|-supereffective|p1a: Virizion
|-end|p1a: Virizion|Substitute
|-damage|p2a: Shaymin|206\/342|[from] item: Life Orb
|
|-heal|p1a: Virizion|67\/324|[from] item: Leftovers
|turn|19
|
|move|p1a: Virizion|Sacred Sword|p2a: Shaymin
|-damage|p2a: Shaymin|80\/342
|move|p2a: Shaymin|Air Slash|p1a: Virizion
|-supereffective|p1a: Virizion
|-damage|p1a: Virizion|0 fnt
|-damage|p2a: Shaymin|46\/342|[from] item: Life Orb
|faint|p1a: Virizion
|
|
|switch|p1a: Galvantula|Galvantula, M|1\/282
|turn|20
|
|switch|p2a: Honchkrow|Honchkrow, M|358\/358
|move|p1a: Galvantula|Sticky Web|p2a: Honchkrow
|-sidestart|p2: sexychu|move: Sticky Web
|
|turn|21
|
|move|p2a: Honchkrow|Sucker Punch|p1a: Galvantula
|-damage|p1a: Galvantula|0 fnt
|faint|p1a: Galvantula
|-boost|p2a: Honchkrow|atk|1|[from] ability: Moxie
|
|
|switch|p1a: Rhyperior|Rhyperior, M|341\/395
|turn|22
|
|move|p2a: Honchkrow|Superpower|p1a: Rhyperior
|-supereffective|p1a: Rhyperior
|-damage|p1a: Rhyperior|83\/395
|-unboost|p2a: Honchkrow|atk|1
|-unboost|p2a: Honchkrow|def|1
|move|p1a: Rhyperior|Ice Punch|p2a: Honchkrow
|-supereffective|p2a: Honchkrow
|-damage|p2a: Honchkrow|0 fnt
|faint|p2a: Honchkrow
|
|
|switch|p2a: Shaymin|Shaymin|46\/342
|-activate|p2a: Shaymin|move: Sticky Web
|-unboost|p2a: Shaymin|spe|1
|turn|23
|
|move|p2a: Shaymin|Rest|p2a: Shaymin
|-status|p2a: Shaymin|slp
|-heal|p2a: Shaymin|342\/342 slp|[silent]
|-status|p2a: Shaymin|slp|[from] move: Rest
|move|p1a: Rhyperior|Ice Punch|p2a: Shaymin
|-supereffective|p2a: Shaymin
|-damage|p2a: Shaymin|34\/342 slp
|
|turn|24
|chat|Xayy|why ot kill me
|
|switch|p2a: Darmanitan|Darmanitan, M|49\/351
|-activate|p2a: Darmanitan|move: Sticky Web
|-unboost|p2a: Darmanitan|spe|1
|move|p1a: Rhyperior|Ice Punch|p2a: Darmanitan
|-resisted|p2a: Darmanitan
|-damage|p2a: Darmanitan|0 fnt
|faint|p2a: Darmanitan
|
|
|switch|p2a: Shaymin|Shaymin|34\/342
|-activate|p2a: Shaymin|move: Sticky Web
|-unboost|p2a: Shaymin|spe|1
|turn|25
|
|move|p2a: Shaymin|Seed Flare|p1a: Rhyperior
|-supereffective|p1a: Rhyperior
|-damage|p1a: Rhyperior|0 fnt
|-damage|p2a: Shaymin|0 fnt|[from] item: Life Orb
|faint|p1a: Rhyperior
|faint|p2a: Shaymin
|
|win|Xayy
|raw|Ladder updating...
|raw|Xayy's rating: 1390 &rarr; <strong>1406<\/strong><br \/>(+16 for winning)
|raw|sexychu's rating: 1327 &rarr; <strong>1310<\/strong><br \/>(-17 for losing)
|chat|sexychu|gg