|join|blazinginfernape7
|join|sexychu
|player|p1|blazinginfernape7|209
|player|p2|sexychu|276
|gametype|singles
|gen|6
|tier|UU
|rated
|rule|Sleep Clause Mod: Limit one foe put to sleep
|rule|Species Clause: Limit one of each Pokemon
|rule|OHKO Clause: OHKO moves are banned
|rule|Moody Clause: Moody is banned
|rule|Evasion Moves Clause: Evasion moves are banned
|rule|Endless Battle Clause: Forcing endless battles is banned
|rule|HP Percentage Mod: HP is reported as percentages
|clearpoke
|poke|p1|Trevenant, F
|poke|p1|Slurpuff, M
|poke|p1|Houndoom, M
|poke|p1|Porygon-Z
|poke|p1|Swampert, M
|poke|p1|Mew
|poke|p2|Whimsicott, M
|poke|p2|Gorebyss, M
|poke|p2|Lucario, F
|poke|p2|Chesnaught, F
|poke|p2|Cloyster, F
|poke|p2|Shuckle, M
|rule|Baton Pass Clause: Limit 3 pokemon knowing Baton Pass
|teampreview
|
|start
|switch|p1a: Artifical|Porygon-Z|311\/311
|switch|p2a: Whimsicott|Whimsicott, M|324\/324
|turn|1
|
|move|p2a: Whimsicott|Stun Spore|p1a: Artifical
|-status|p1a: Artifical|par
|move|p1a: Artifical|Ice Beam|p2a: Whimsicott
|-supereffective|p2a: Whimsicott
|-damage|p2a: Whimsicott|82\/324
|-status|p2a: Whimsicott|frz
|
|turn|2
|
|cant|p2a: Whimsicott|frz
|cant|p1a: Artifical|par
|
|turn|3
|
|cant|p2a: Whimsicott|frz
|move|p1a: Artifical|Ice Beam|p2a: Whimsicott
|-supereffective|p2a: Whimsicott
|-damage|p2a: Whimsicott|0 fnt
|faint|p2a: Whimsicott
|
|
|switch|p2a: Gorebyss|Gorebyss, M|314\/314
|turn|4
|
|switch|p1a: Spooky|Trevenant, F|355\/355
|move|p2a: Gorebyss|Shell Smash|p2a: Gorebyss
|-boost|p2a: Gorebyss|atk|2
|-boost|p2a: Gorebyss|spa|2
|-boost|p2a: Gorebyss|spe|2
|-unboost|p2a: Gorebyss|def|1
|-unboost|p2a: Gorebyss|spd|1
|-enditem|p2a: Gorebyss|White Herb
|-restoreboost|p2a: Gorebyss|[silent]
|
|turn|5
|
|move|p2a: Gorebyss|Baton Pass|p2a: Gorebyss
|
|switch|p2a: Lucario|Lucario, F|281\/281
|move|p1a: Spooky|Horn Leech|p2a: Lucario
|-crit|p2a: Lucario
|-resisted|p2a: Lucario
|-damage|p2a: Lucario|147\/281
|
|turn|6
|
|move|p2a: Lucario|Dark Pulse|p1a: Spooky
|-supereffective|p1a: Spooky
|-damage|p1a: Spooky|53\/355
|move|p1a: Spooky|Earthquake|p2a: Lucario
|-supereffective|p2a: Lucario
|-damage|p2a: Lucario|0 fnt
|faint|p2a: Lucario
|
|
|switch|p2a: Gorebyss|Gorebyss, M|314\/314
|turn|7
|
|move|p2a: Gorebyss|Shell Smash|p2a: Gorebyss
|-boost|p2a: Gorebyss|atk|2
|-boost|p2a: Gorebyss|spa|2
|-boost|p2a: Gorebyss|spe|2
|-unboost|p2a: Gorebyss|def|1
|-unboost|p2a: Gorebyss|spd|1
|move|p1a: Spooky|Horn Leech|p2a: Gorebyss
|-supereffective|p2a: Gorebyss
|-damage|p2a: Gorebyss|0 fnt
|-heal|p1a: Spooky|210\/355|[from] drain|[of] p2a: Gorebyss
|faint|p2a: Gorebyss
|
|
|switch|p2a: Shuckle|Shuckle, M|244\/244
|turn|8
|
|move|p1a: Spooky|Power-Up Punch|p2a: Shuckle
|-damage|p2a: Shuckle|222\/244
|-boost|p1a: Spooky|atk|1
|move|p2a: Shuckle|Shell Smash|p2a: Shuckle
|-unboost|p2a: Shuckle|atk|2
|-unboost|p2a: Shuckle|spa|2
|-unboost|p2a: Shuckle|spe|2
|-boost|p2a: Shuckle|def|1
|-boost|p2a: Shuckle|spd|1
|
|-heal|p2a: Shuckle|237\/244|[from] item: Leftovers
|turn|9
|
|move|p1a: Spooky|Power-Up Punch|p2a: Shuckle
|-crit|p2a: Shuckle
|-damage|p2a: Shuckle|188\/244
|-boost|p1a: Spooky|atk|1
|move|p2a: Shuckle|Shell Smash|p2a: Shuckle
|-unboost|p2a: Shuckle|atk|2
|-unboost|p2a: Shuckle|spa|2
|-unboost|p2a: Shuckle|spe|2
|-boost|p2a: Shuckle|def|1
|-boost|p2a: Shuckle|spd|1
|
|-heal|p2a: Shuckle|203\/244|[from] item: Leftovers
|turn|10
|
|move|p1a: Spooky|Power-Up Punch|p2a: Shuckle
|-damage|p2a: Shuckle|184\/244
|-boost|p1a: Spooky|atk|1
|move|p2a: Shuckle|Infestation|p1a: Spooky
|-damage|p1a: Spooky|209\/355
|-activate|p1a: Spooky|move: Infestation|[of] p2a: Shuckle
|
|-heal|p2a: Shuckle|199\/244|[from] item: Leftovers
|-damage|p1a: Spooky|165\/355|[from] move: Infestation|[partiallytrapped]
|turn|11
|
|move|p1a: Spooky|Power-Up Punch|p2a: Shuckle
|-crit|p2a: Shuckle
|-damage|p2a: Shuckle|126\/244
|-boost|p1a: Spooky|atk|1
|move|p2a: Shuckle|Toxic|p1a: Spooky
|-status|p1a: Spooky|tox
|
|-heal|p2a: Shuckle|141\/244|[from] item: Leftovers
|-damage|p1a: Spooky|143\/355 tox|[from] psn
|-damage|p1a: Spooky|99\/355 tox|[from] move: Infestation|[partiallytrapped]
|turn|12
|
|move|p1a: Spooky|Horn Leech|p2a: Shuckle
|-damage|p2a: Shuckle|62\/244
|-heal|p1a: Spooky|139\/355 tox|[from] drain|[of] p2a: Shuckle
|move|p2a: Shuckle|Shell Smash|p2a: Shuckle
|-unboost|p2a: Shuckle|atk|2
|-unboost|p2a: Shuckle|spa|2
|-unboost|p2a: Shuckle|spe|2
|-boost|p2a: Shuckle|def|1
|-boost|p2a: Shuckle|spd|1
|
|-heal|p2a: Shuckle|77\/244|[from] item: Leftovers
|-damage|p1a: Spooky|95\/355 tox|[from] psn
|-damage|p1a: Spooky|51\/355 tox|[from] move: Infestation|[partiallytrapped]
|turn|13
|
|move|p1a: Spooky|Horn Leech|p2a: Shuckle
|-damage|p2a: Shuckle|2\/244
|-heal|p1a: Spooky|89\/355 tox|[from] drain|[of] p2a: Shuckle
|move|p2a: Shuckle|Rest|p2a: Shuckle
|-status|p2a: Shuckle|slp
|-heal|p2a: Shuckle|244\/244 slp|[silent]
|-status|p2a: Shuckle|slp|[from] move: Rest
|
|-damage|p1a: Spooky|23\/355 tox|[from] psn
|-damage|p1a: Spooky|0 fnt|[from] move: Infestation|[partiallytrapped]
|faint|p1a: Spooky
|
|switch|p1a: Trolol|Mew|371\/371
|turn|14
|
|move|p1a: Trolol|Amnesia|p1a: Trolol
|-boost|p1a: Trolol|spd|2
|cant|p2a: Shuckle|slp
|
|turn|15
|
|move|p1a: Trolol|Amnesia|p1a: Trolol
|-boost|p1a: Trolol|spd|2
|cant|p2a: Shuckle|slp
|
|turn|16
|
|move|p1a: Trolol|Amnesia|p1a: Trolol
|-boost|p1a: Trolol|spd|2
|-curestatus|p2a: Shuckle|slp
|move|p2a: Shuckle|Toxic|p1a: Trolol
|-status|p1a: Trolol|tox
|-status|p2a: Shuckle|tox
|
|-damage|p1a: Trolol|348\/371 tox|[from] psn
|-damage|p2a: Shuckle|229\/244 tox|[from] psn
|turn|17
|
|move|p1a: Trolol|Barrier|p1a: Trolol
|-boost|p1a: Trolol|def|2
|move|p2a: Shuckle|Shell Smash|p2a: Shuckle
|-boost|p2a: Shuckle|def|1
|-boost|p2a: Shuckle|spd|1
|
|-heal|p1a: Trolol|371\/371 tox|[from] item: Leftovers
|-heal|p2a: Shuckle|244\/244 tox|[from] item: Leftovers
|-damage|p1a: Trolol|325\/371 tox|[from] psn
|-damage|p2a: Shuckle|214\/244 tox|[from] psn
|turn|18
|
|move|p1a: Trolol|Barrier|p1a: Trolol
|-boost|p1a: Trolol|def|2
|move|p2a: Shuckle|Infestation|p1a: Trolol
|-supereffective|p1a: Trolol
|-damage|p1a: Trolol|323\/371 tox
|-activate|p1a: Trolol|move: Infestation|[of] p2a: Shuckle
|
|-heal|p1a: Trolol|346\/371 tox|[from] item: Leftovers
|-heal|p2a: Shuckle|229\/244 tox|[from] item: Leftovers
|-damage|p1a: Trolol|277\/371 tox|[from] psn
|-damage|p2a: Shuckle|184\/244 tox|[from] psn
|-damage|p1a: Trolol|231\/371 tox|[from] move: Infestation|[partiallytrapped]
|turn|19
|
|move|p1a: Trolol|Barrier|p1a: Trolol
|-boost|p1a: Trolol|def|2
|move|p2a: Shuckle|Rest|p2a: Shuckle
|-status|p2a: Shuckle|slp
|-heal|p2a: Shuckle|244\/244 slp|[silent]
|-status|p2a: Shuckle|slp|[from] move: Rest
|
|-heal|p1a: Trolol|254\/371 tox|[from] item: Leftovers
|-damage|p1a: Trolol|162\/371 tox|[from] psn
|-damage|p1a: Trolol|116\/371 tox|[from] move: Infestation|[partiallytrapped]
|turn|20
|
|move|p1a: Trolol|Baton Pass|p1a: Trolol
|
|switch|p1a: You'll Cry|Slurpuff, M|306\/306
|cant|p2a: Shuckle|slp
|
|-damage|p1a: You'll Cry|268\/306|[from] move: Infestation|[partiallytrapped]
|turn|21
|
|move|p1a: You'll Cry|Belly Drum|p1a: You'll Cry
|-damage|p1a: You'll Cry|115\/306
|-setboost|p1a: You'll Cry|atk|6|[from] move: Belly Drum
|-enditem|p1a: You'll Cry|Sitrus Berry|[eat]
|-heal|p1a: You'll Cry|191\/306|[from] item: Sitrus Berry
|cant|p2a: Shuckle|slp
|
|-damage|p1a: You'll Cry|153\/306|[from] move: Infestation|[partiallytrapped]
|turn|22
|
|move|p1a: You'll Cry|Play Rough|p2a: Shuckle
|-crit|p2a: Shuckle
|-damage|p2a: Shuckle|0 fnt
|faint|p2a: Shuckle
|
|-end|p1a: You'll Cry|Infestation|[partiallytrapped]
|
|switch|p2a: Chesnaught|Chesnaught, F|378\/378
|turn|23
|chat|sexychu|lmao cx
|
|move|p2a: Chesnaught|Spiky Shield|p2a: Chesnaught
|-singleturn|p2a: Chesnaught|move: Protect
|move|p1a: You'll Cry|Belly Drum|p1a: You'll Cry
|-fail|p1a: You'll Cry
|
|turn|24
|
|move|p2a: Chesnaught|Spiky Shield|p2a: Chesnaught
|-fail|p2a: Chesnaught
|move|p1a: You'll Cry|Play Rough|p2a: Chesnaught
|-supereffective|p2a: Chesnaught
|-damage|p2a: Chesnaught|0 fnt
|faint|p2a: Chesnaught
|
|
|switch|p2a: Cloyster|Cloyster, F|241\/241
|turn|25
|
|move|p1a: You'll Cry|Return|p2a: Cloyster
|-damage|p2a: Cloyster|19\/241
|move|p2a: Cloyster|Shell Smash|p2a: Cloyster
|-boost|p2a: Cloyster|atk|2
|-boost|p2a: Cloyster|spa|2
|-boost|p2a: Cloyster|spe|2
|-unboost|p2a: Cloyster|def|1
|-unboost|p2a: Cloyster|spd|1
|-enditem|p2a: Cloyster|White Herb
|-restoreboost|p2a: Cloyster|[silent]
|
|turn|26
|
|move|p2a: Cloyster|Icicle Spear|p1a: You'll Cry
|-damage|p1a: You'll Cry|131\/306
|-damage|p1a: You'll Cry|110\/306
|-damage|p1a: You'll Cry|89\/306
|-damage|p1a: You'll Cry|68\/306
|-damage|p1a: You'll Cry|49\/306
|-hitcount|p1a: You'll Cry|5
|move|p1a: You'll Cry|Facade|p2a: Cloyster
|-damage|p2a: Cloyster|0 fnt
|faint|p2a: Cloyster
|
|win|blazinginfernape7
|raw|Ladder updating...
|raw|blazinginfernape7's rating: 1174 &rarr; <strong>1198<\/strong><br \/>(+24 for winning)
|raw|sexychu's rating: 1162 &rarr; <strong>1138<\/strong><br \/>(-24 for losing)
|chat|sexychu|i got this cx
|leave|sexychu
|player|p2