|join|mrvlrdr101
|join|sexychu
|player|p1|mrvlrdr101|102
|player|p2|sexychu|276
|gametype|singles
|gen|6
|tier|UU
|rated
|rule|Sleep Clause Mod: Limit one foe put to sleep
|rule|Species Clause: Limit one of each Pokemon
|rule|OHKO Clause: OHKO moves are banned
|rule|Moody Clause: Moody is banned
|rule|Evasion Moves Clause: Evasion moves are banned
|rule|Endless Battle Clause: Forcing endless battles is banned.
|rule|HP Percentage Mod: HP is reported as percentages
|clearpoke
|poke|p1|Nidoking, M
|poke|p1|Manectric, F
|poke|p1|Xatu, F
|poke|p1|Suicune
|poke|p1|Trevenant, F
|poke|p1|Entei, shiny
|poke|p2|Darmanitan, F
|poke|p2|Empoleon, F
|poke|p2|Celebi
|poke|p2|Mienshao, M
|poke|p2|Xatu, M
|poke|p2|Flygon, M
|teampreview
|
|start
|switch|p1a: Manectric|Manectric, F|281\/281
|switch|p2a: Flygon|Flygon, M|302\/302
|turn|1
|
|switch|p1a: Xatu|Xatu, F|334\/334
|move|p2a: Flygon|U-turn|p1a: Xatu
|-damage|p1a: Xatu|268\/334
|
|switch|p2a: Mienshao|Mienshao, M|272\/272
|
|-heal|p1a: Xatu|288\/334|[from] item: Leftovers
|turn|2
|
|move|p2a: Mienshao|Knock Off|p1a: Xatu
|-supereffective|p1a: Xatu
|-damage|p1a: Xatu|82\/334
|-enditem|p1a: Xatu|Leftovers|[from] move: Knock Off|[of] p2a: Mienshao
|move|p1a: Xatu|Reflect|p1a: Xatu
|-sidestart|p1: mrvlrdr101|Reflect
|
|turn|3
|
|switch|p2a: Xatu|Xatu, M|271\/271
|move|p1a: Xatu|Roost|p1a: Xatu
|-heal|p1a: Xatu|249\/334
|
|turn|4
|
|move|p2a: Xatu|Calm Mind|p2a: Xatu
|-boost|p2a: Xatu|spa|1
|-boost|p2a: Xatu|spd|1
|move|p1a: Xatu|Light Screen|p1a: Xatu
|-sidestart|p1: mrvlrdr101|move: Light Screen
|
|turn|5
|
|move|p2a: Xatu|Calm Mind|p2a: Xatu
|-boost|p2a: Xatu|spa|1
|-boost|p2a: Xatu|spd|1
|move|p1a: Xatu|U-turn|p2a: Xatu
|-damage|p2a: Xatu|218\/271
|
|switch|p1a: Entei|Entei, shiny|372\/372
|-ability|p1a: Entei|Pressure
|
|-heal|p2a: Xatu|234\/271|[from] item: Leftovers
|turn|6
|
|move|p2a: Xatu|Psyshock|p1a: Entei
|-damage|p1a: Entei|246\/372
|move|p1a: Entei|Sacred Fire|p2a: Xatu
|-damage|p2a: Xatu|14\/271
|
|-heal|p2a: Xatu|30\/271|[from] item: Leftovers
|-sideend|p1: mrvlrdr101|Reflect
|turn|7
|
|move|p1a: Entei|Extreme Speed|p2a: Xatu
|-damage|p2a: Xatu|0 fnt
|faint|p2a: Xatu
|
|
|switch|p2a: Empoleon|Empoleon, F|372\/372
|turn|8
|
|move|p1a: Entei|Sacred Fire|p2a: Empoleon
|-damage|p2a: Empoleon|207\/372
|move|p2a: Empoleon|Scald|p1a: Entei
|-supereffective|p1a: Entei
|-damage|p1a: Entei|155\/372
|
|-heal|p2a: Empoleon|230\/372|[from] item: Leftovers
|-sideend|p1: mrvlrdr101|move: Light Screen
|turn|9
|
|move|p1a: Entei|Bulldoze|p2a: Empoleon
|-supereffective|p2a: Empoleon
|-damage|p2a: Empoleon|98\/372
|-unboost|p2a: Empoleon|spe|1
|move|p2a: Empoleon|Stealth Rock|p1a: Entei
|-sidestart|p1: mrvlrdr101|move: Stealth Rock
|
|-heal|p2a: Empoleon|121\/372|[from] item: Leftovers
|turn|10
|
|switch|p2a: Flygon|Flygon, M|302\/302
|move|p1a: Entei|Bulldoze|p2a: Flygon
|-immune|p2a: Flygon|[msg]
|
|turn|11
|
|move|p1a: Entei|Extreme Speed|p2a: Flygon
|-damage|p2a: Flygon|179\/302
|move|p2a: Flygon|Earthquake|p1a: Entei
|-supereffective|p1a: Entei
|-damage|p1a: Entei|0 fnt
|faint|p1a: Entei
|
|
|switch|p1a: Xatu|Xatu, F|249\/334
|-damage|p1a: Xatu|166\/334|[from] Stealth Rock
|turn|12
|
|switch|p2a: Mienshao|Mienshao, M|272\/272
|move|p1a: Xatu|Reflect|p1a: Xatu
|-sidestart|p1: mrvlrdr101|Reflect
|
|turn|13
|
|move|p2a: Mienshao|Stone Edge|p1a: Xatu
|-crit|p1a: Xatu
|-supereffective|p1a: Xatu
|-damage|p1a: Xatu|0 fnt
|faint|p1a: Xatu
|
|
|switch|p1a: Suicune|Suicune|404\/404
|-damage|p1a: Suicune|354\/404|[from] Stealth Rock
|-ability|p1a: Suicune|Pressure
|turn|14
|
|switch|p2a: Celebi|Celebi|341\/341
|move|p1a: Suicune|Scald|p2a: Celebi
|-resisted|p2a: Celebi
|-damage|p2a: Celebi|294\/341
|-status|p2a: Celebi|brn
|
|-heal|p1a: Suicune|379\/404|[from] item: Leftovers
|-damage|p2a: Celebi|252\/341 brn|[from] brn
|turn|15
|
|switch|p1a: Manectric|Manectric, F|281\/281
|-damage|p1a: Manectric|246\/281|[from] Stealth Rock
|move|p2a: Celebi|Energy Ball|p1a: Manectric
|-damage|p1a: Manectric|0 fnt
|-damage|p2a: Celebi|218\/341 brn|[from] item: Life Orb
|faint|p1a: Manectric
|
|-damage|p2a: Celebi|176\/341 brn|[from] brn
|
|switch|p1a: Nidoking|Nidoking, M|304\/304
|-damage|p1a: Nidoking|285\/304|[from] Stealth Rock
|turn|16
|
|switch|p2a: Empoleon|Empoleon, F|121\/372
|move|p1a: Nidoking|Sludge Wave|p2a: Empoleon
|-immune|p2a: Empoleon|[msg]
|
|-heal|p2a: Empoleon|144\/372|[from] item: Leftovers
|-sideend|p1: mrvlrdr101|Reflect
|turn|17
|
|move|p1a: Nidoking|Earth Power|p2a: Empoleon
|-supereffective|p2a: Empoleon
|-damage|p2a: Empoleon|0 fnt
|faint|p2a: Empoleon
|
|
|switch|p2a: Flygon|Flygon, M|179\/302
|turn|18
|
|move|p2a: Flygon|Earthquake|p1a: Nidoking
|-supereffective|p1a: Nidoking
|-damage|p1a: Nidoking|0 fnt
|faint|p1a: Nidoking
|
|
|switch|p1a: Trevenant|Trevenant, F|374\/374
|-damage|p1a: Trevenant|328\/374|[from] Stealth Rock
|turn|19
|
|switch|p2a: Mienshao|Mienshao, M|272\/272
|move|p1a: Trevenant|Rock Slide|p2a: Mienshao
|-resisted|p2a: Mienshao
|-damage|p2a: Mienshao|225\/272
|
|turn|20
|
|move|p2a: Mienshao|Knock Off|p1a: Trevenant
|-supereffective|p1a: Trevenant
|-damage|p1a: Trevenant|116\/374
|-enditem|p1a: Trevenant|Lum Berry|[from] move: Knock Off|[of] p2a: Mienshao
|move|p1a: Trevenant|Will-O-Wisp|p2a: Mienshao
|-status|p2a: Mienshao|brn
|
|-damage|p2a: Mienshao|191\/272 brn|[from] brn
|turn|21
|
|switch|p2a: Darmanitan|Darmanitan, F|351\/351
|move|p1a: Trevenant|Horn Leech|p2a: Darmanitan
|-resisted|p2a: Darmanitan
|-damage|p2a: Darmanitan|276\/351
|-heal|p1a: Trevenant|154\/374|[from] drain|[of] p2a: Darmanitan
|
|turn|22
|
|move|p2a: Darmanitan|Flare Blitz|p1a: Trevenant
|-supereffective|p1a: Trevenant
|-damage|p1a: Trevenant|0 fnt
|-damage|p2a: Darmanitan|225\/351|[from] recoil|[of] p1a: Trevenant
|faint|p1a: Trevenant
|
|
|switch|p1a: Suicune|Suicune|379\/404
|-damage|p1a: Suicune|329\/404|[from] Stealth Rock
|-ability|p1a: Suicune|Pressure
|turn|23
|
|move|p2a: Darmanitan|Flare Blitz|p1a: Suicune
|-resisted|p1a: Suicune
|-damage|p1a: Suicune|237\/404
|-damage|p2a: Darmanitan|195\/351|[from] recoil|[of] p1a: Suicune
|move|p1a: Suicune|Calm Mind|p1a: Suicune
|-boost|p1a: Suicune|spa|1
|-boost|p1a: Suicune|spd|1
|
|-heal|p1a: Suicune|262\/404|[from] item: Leftovers
|turn|24
|
|switch|p2a: Celebi|Celebi|176\/341
|move|p1a: Suicune|Calm Mind|p1a: Suicune
|-boost|p1a: Suicune|spa|1
|-boost|p1a: Suicune|spd|1
|
|-heal|p1a: Suicune|287\/404|[from] item: Leftovers
|turn|25
|
|move|p2a: Celebi|Energy Ball|p1a: Suicune
|-supereffective|p1a: Suicune
|-damage|p1a: Suicune|123\/404
|-damage|p2a: Celebi|142\/341|[from] item: Life Orb
|move|p1a: Suicune|Calm Mind|p1a: Suicune
|-boost|p1a: Suicune|spa|1
|-boost|p1a: Suicune|spd|1
|
|-heal|p1a: Suicune|148\/404|[from] item: Leftovers
|turn|26
|
|move|p2a: Celebi|Energy Ball|p1a: Suicune
|-supereffective|p1a: Suicune
|-damage|p1a: Suicune|23\/404
|-damage|p2a: Celebi|108\/341|[from] item: Life Orb
|move|p1a: Suicune|Rest|p1a: Suicune
|-status|p1a: Suicune|slp
|-heal|p1a: Suicune|404\/404 slp|[silent]
|-status|p1a: Suicune|slp|[from] move: Rest
|
|turn|27
|
|move|p2a: Celebi|Energy Ball|p1a: Suicune
|-supereffective|p1a: Suicune
|-damage|p1a: Suicune|284\/404 slp
|-damage|p2a: Celebi|74\/341|[from] item: Life Orb
|cant|p1a: Suicune|slp
|move|p1a: Suicune|Sleep Talk|p1a: Suicune
|move|p1a: Suicune|Rest|p1a: Suicune|[from]Sleep Talk
|-fail|p1a: Suicune
|
|-heal|p1a: Suicune|309\/404 slp|[from] item: Leftovers
|turn|28
|
|move|p2a: Celebi|Energy Ball|p1a: Suicune
|-supereffective|p1a: Suicune
|-damage|p1a: Suicune|182\/404 slp
|-damage|p2a: Celebi|40\/341|[from] item: Life Orb
|cant|p1a: Suicune|slp
|move|p1a: Suicune|Sleep Talk|p1a: Suicune
|move|p1a: Suicune|Scald|p2a: Celebi|[from]Sleep Talk
|-resisted|p2a: Celebi
|-damage|p2a: Celebi|0 fnt
|faint|p2a: Celebi
|
|-heal|p1a: Suicune|207\/404 slp|[from] item: Leftovers
|
|switch|p2a: Darmanitan|Darmanitan, F|195\/351
|turn|29
|
|move|p2a: Darmanitan|Superpower|p1a: Suicune
|-damage|p1a: Suicune|114\/404 slp
|-unboost|p2a: Darmanitan|atk|1
|-unboost|p2a: Darmanitan|def|1
|-curestatus|p1a: Suicune|slp
|move|p1a: Suicune|Scald|p2a: Darmanitan
|-supereffective|p2a: Darmanitan
|-damage|p2a: Darmanitan|0 fnt
|faint|p2a: Darmanitan
|
|-heal|p1a: Suicune|139\/404|[from] item: Leftovers
|
|switch|p2a: Flygon|Flygon, M|179\/302
|turn|30
|
|move|p2a: Flygon|Outrage|p1a: Suicune
|-damage|p1a: Suicune|21\/404
|move|p1a: Suicune|Rest|p1a: Suicune
|-status|p1a: Suicune|slp
|-heal|p1a: Suicune|404\/404 slp|[silent]
|-status|p1a: Suicune|slp|[from] move: Rest
|
|turn|31
|-message|sexychu lost due to inactivity.
|
|win|mrvlrdr101
|raw|Ladder updating...
|raw|mrvlrdr101's rating: 1214 &rarr; <strong>1234<\/strong><br \/>(+20 for winning)
|raw|sexychu's rating: 1141 &rarr; <strong>1121<\/strong><br \/>(-20 for losing)