|join|GaboDeLonge
|join|sexychu
|player|p1|GaboDeLonge|265
|player|p2|sexychu|276
|gametype|singles
|gen|6
|tier|UU
|rated
|rule|Sleep Clause Mod: Limit one foe put to sleep
|rule|Species Clause: Limit one of each PokÃ©mon
|rule|OHKO Clause: OHKO moves are banned
|rule|Moody Clause: Moody is banned
|rule|Evasion Moves Clause: Evasion moves are banned
|rule|Endless Battle Clause: Forcing endless battles is banned
|rule|HP Percentage Mod: HP is shown in percentages
|clearpoke
|poke|p1|Machamp, F
|poke|p1|Hitmonchan, M
|poke|p1|Tentacruel, M
|poke|p1|Crobat, M
|poke|p1|Alakazam, M
|poke|p1|Chandelure, F
|poke|p2|Suicune
|poke|p2|Lucario, M
|poke|p2|Hydreigon, F
|poke|p2|Crobat, M
|poke|p2|Goodra, F
|poke|p2|Azelf
|rule|Swagger Clause: Swagger is banned
|rule|Baton Pass Clause: Limit one PokÃ©mon knowing Baton Pass
|teampreview
|
|start
|switch|p1a: Machamp|Machamp, F|384\/384
|switch|p2a: Azelf|Azelf|291\/291
|turn|1
|
|move|p2a: Azelf|Stealth Rock|p1a: Machamp
|-sidestart|p1: GaboDeLonge|move: Stealth Rock
|move|p1a: Machamp|Knock Off|p2a: Azelf
|-supereffective|p2a: Azelf
|-enditem|p2a: Azelf|Focus Sash
|-damage|p2a: Azelf|1\/291
|
|turn|2
|
|move|p1a: Machamp|Bullet Punch|p2a: Azelf
|-damage|p2a: Azelf|0 fnt
|faint|p2a: Azelf
|
|
|switch|p2a: Crobat|Crobat, M|373\/373
|turn|3
|
|move|p2a: Crobat|Brave Bird|p1a: Machamp
|-supereffective|p1a: Machamp
|-damage|p1a: Machamp|54\/384
|-damage|p2a: Crobat|264\/373|[from] recoil|[of] p1a: Machamp
|move|p1a: Machamp|Stone Edge|p2a: Crobat
|-supereffective|p2a: Crobat
|-damage|p2a: Crobat|0 fnt
|faint|p2a: Crobat
|
|-heal|p1a: Machamp|78\/384|[from] item: Leftovers
|
|switch|p2a: Goodra|Goodra, F|383\/383
|turn|4
|
|move|p2a: Goodra|Fire Blast|p1a: Machamp
|-damage|p1a: Machamp|0 fnt
|faint|p1a: Machamp
|
|
|switch|p1a: Hitmonchan|Hitmonchan, M|304\/304
|-damage|p1a: Hitmonchan|285\/304|[from] Stealth Rock
|turn|5
|
|switch|p2a: Suicune|Suicune|404\/404
|-ability|p2a: Suicune|Pressure
|move|p1a: Hitmonchan|Bulk Up|p1a: Hitmonchan
|-boost|p1a: Hitmonchan|atk|1
|-boost|p1a: Hitmonchan|def|1
|
|-heal|p1a: Hitmonchan|304\/304|[from] item: Leftovers
|turn|6
|
|move|p2a: Suicune|Scald|p1a: Hitmonchan
|-damage|p1a: Hitmonchan|235\/304
|move|p1a: Hitmonchan|Thunder Punch|p2a: Suicune
|-supereffective|p2a: Suicune
|-damage|p2a: Suicune|242\/404
|
|-heal|p2a: Suicune|267\/404|[from] item: Leftovers
|-heal|p1a: Hitmonchan|254\/304|[from] item: Leftovers
|turn|7
|
|move|p2a: Suicune|Rest|p2a: Suicune
|-status|p2a: Suicune|slp
|-heal|p2a: Suicune|404\/404 slp|[silent]
|-status|p2a: Suicune|slp|[from] move: Rest
|move|p1a: Hitmonchan|Thunder Punch|p2a: Suicune
|-supereffective|p2a: Suicune
|-damage|p2a: Suicune|250\/404 slp
|
|-heal|p2a: Suicune|275\/404 slp|[from] item: Leftovers
|-heal|p1a: Hitmonchan|273\/304|[from] item: Leftovers
|turn|8
|
|cant|p2a: Suicune|slp
|move|p2a: Suicune|Sleep Talk|p2a: Suicune
|move|p2a: Suicune|Calm Mind|p2a: Suicune|[from]Sleep Talk
|-boost|p2a: Suicune|spa|1
|-boost|p2a: Suicune|spd|1
|move|p1a: Hitmonchan|Bulk Up|p1a: Hitmonchan
|-boost|p1a: Hitmonchan|atk|1
|-boost|p1a: Hitmonchan|def|1
|
|-heal|p2a: Suicune|300\/404 slp|[from] item: Leftovers
|-heal|p1a: Hitmonchan|292\/304|[from] item: Leftovers
|turn|9
|
|cant|p2a: Suicune|slp
|move|p2a: Suicune|Sleep Talk|p2a: Suicune
|move|p2a: Suicune|Calm Mind|p2a: Suicune|[from]Sleep Talk
|-boost|p2a: Suicune|spa|1
|-boost|p2a: Suicune|spd|1
|move|p1a: Hitmonchan|Thunder Punch|p2a: Suicune
|-supereffective|p2a: Suicune
|-damage|p2a: Suicune|88\/404 slp
|
|-heal|p2a: Suicune|113\/404 slp|[from] item: Leftovers
|-heal|p1a: Hitmonchan|304\/304|[from] item: Leftovers
|turn|10
|
|-curestatus|p2a: Suicune|slp
|move|p2a: Suicune|Scald|p1a: Hitmonchan
|-damage|p1a: Hitmonchan|183\/304
|move|p1a: Hitmonchan|Drain Punch|p2a: Suicune
|-damage|p2a: Suicune|0 fnt
|-heal|p1a: Hitmonchan|240\/304|[from] drain|[of] p2a: Suicune
|faint|p2a: Suicune
|
|-heal|p1a: Hitmonchan|259\/304|[from] item: Leftovers
|
|switch|p2a: Goodra|Goodra, F|383\/383
|turn|11
|
|move|p1a: Hitmonchan|Ice Punch|p2a: Goodra
|-supereffective|p2a: Goodra
|-damage|p2a: Goodra|0 fnt
|-unboost|p1a: Hitmonchan|spe|1
|faint|p2a: Goodra
|
|-heal|p1a: Hitmonchan|278\/304|[from] item: Leftovers
|
|switch|p2a: Hydreigon|Hydreigon, F|325\/325
|turn|12
|
|move|p2a: Hydreigon|Draco Meteor|p1a: Hitmonchan
|-damage|p1a: Hitmonchan|54\/304
|-unboost|p2a: Hydreigon|spa|2
|-damage|p2a: Hydreigon|293\/325|[from] item: Life Orb
|move|p1a: Hitmonchan|Drain Punch|p2a: Hydreigon
|-supereffective|p2a: Hydreigon
|-damage|p2a: Hydreigon|0 fnt
|-heal|p1a: Hitmonchan|201\/304|[from] drain|[of] p2a: Hydreigon
|faint|p2a: Hydreigon
|
|-heal|p1a: Hitmonchan|220\/304|[from] item: Leftovers
|-message|sexychu forfeited.
|
|win|GaboDeLonge
|raw|Ladder updating...
|leave|sexychu
|player|p2
|raw|GaboDeLonge's rating: 1107 &rarr; <strong>1134<\/strong><br \/>(+27 for winning)
|raw|sexychu's rating: 1141 &rarr; <strong>1113<\/strong><br \/>(-28 for losing)