|join|Xavipato
|join|sexychu
|player|p1|Xavipato|3
|player|p2|sexychu|274
|gametype|singles
|gen|6
|tier|UU
|rated
|rule|Sleep Clause Mod: Limit one foe put to sleep
|rule|Species Clause: Limit one of each PokÃ©mon
|rule|OHKO Clause: OHKO moves are banned
|rule|Moody Clause: Moody is banned
|rule|Evasion Moves Clause: Evasion moves are banned
|rule|Endless Battle Clause: Forcing endless battles is banned
|rule|HP Percentage Mod: HP is shown in percentages
|clearpoke
|poke|p1|Darmanitan, M
|poke|p1|Meowstic, M
|poke|p1|Forretress, M
|poke|p1|Snorlax, M
|poke|p1|Shaymin
|poke|p1|Hariyama, M
|poke|p2|Mienshao, F
|poke|p2|Chandelure, M
|poke|p2|Beedrill, F
|poke|p2|Krookodile, F
|poke|p2|Forretress, F
|poke|p2|Hydreigon, F
|rule|Swagger Clause: Swagger is banned
|rule|Baton Pass Clause: Limit one PokÃ©mon knowing Baton Pass
|teampreview
|
|start
|switch|p1a: Forretress|Forretress, M|354\/354
|switch|p2a: Mienshao|Mienshao, F|271\/271
|turn|1
|
|move|p2a: Mienshao|U-turn|p1a: Forretress
|-resisted|p1a: Forretress
|-damage|p1a: Forretress|333\/354
|
|switch|p2a: Chandelure|Chandelure, M|289\/289
|move|p1a: Forretress|Stealth Rock|p2a: Chandelure
|-sidestart|p2: sexychu|move: Stealth Rock
|
|-heal|p1a: Forretress|354\/354|[from] item: Leftovers
|turn|2
|
|switch|p1a: Snorlax|Snorlax, M|461\/461
|move|p2a: Chandelure|Substitute|p2a: Chandelure
|-start|p2a: Chandelure|Substitute
|-damage|p2a: Chandelure|217\/289
|
|-heal|p2a: Chandelure|235\/289|[from] item: Leftovers
|turn|3
|
|move|p2a: Chandelure|Flamethrower|p1a: Snorlax
|-damage|p1a: Snorlax|412\/461
|move|p1a: Snorlax|Earthquake|p2a: Chandelure
|-supereffective|p2a: Chandelure
|-end|p2a: Chandelure|Substitute
|
|-heal|p2a: Chandelure|253\/289|[from] item: Leftovers
|turn|4
|
|switch|p2a: Hydreigon|Hydreigon, F|325\/325
|-damage|p2a: Hydreigon|285\/325|[from] Stealth Rock
|move|p1a: Snorlax|Crunch|p2a: Hydreigon
|-resisted|p2a: Hydreigon
|-damage|p2a: Hydreigon|230\/325
|
|turn|5
|
|move|p2a: Hydreigon|Draco Meteor|p1a: Snorlax
|-damage|p1a: Snorlax|237\/461
|-unboost|p2a: Hydreigon|spa|2
|-damage|p2a: Hydreigon|198\/325|[from] item: Life Orb
|move|p1a: Snorlax|Body Slam|p2a: Hydreigon
|-damage|p2a: Hydreigon|15\/325
|-status|p2a: Hydreigon|par
|
|turn|6
|
|move|p1a: Snorlax|Power-Up Punch|p2a: Hydreigon
|-supereffective|p2a: Hydreigon
|-damage|p2a: Hydreigon|0 fnt
|-boost|p1a: Snorlax|atk|1
|faint|p2a: Hydreigon
|
|
|switch|p2a: Mienshao|Mienshao, F|271\/271
|-damage|p2a: Mienshao|255\/271|[from] Stealth Rock
|turn|7
|
|move|p2a: Mienshao|High Jump Kick|p1a: Snorlax
|-supereffective|p1a: Snorlax
|-damage|p1a: Snorlax|0 fnt
|faint|p1a: Snorlax
|
|
|switch|p1a: Meowstic|Meowstic, M|352\/352
|turn|8
|
|switch|p2a: Krookodile|Krookodile, F|331\/331
|-damage|p2a: Krookodile|311\/331|[from] Stealth Rock
|-ability|p2a: Krookodile|Intimidate|[of] p1a: Meowstic
|-unboost|p1a: Meowstic|atk|1
|move|p1a: Meowstic|Light Screen|p1a: Meowstic
|-sidestart|p1: Xavipato|move: Light Screen
|
|turn|9
|
|move|p1a: Meowstic|Reflect|p1a: Meowstic
|-sidestart|p1: Xavipato|Reflect
|move|p2a: Krookodile|Pursuit|p1a: Meowstic
|-supereffective|p1a: Meowstic
|-damage|p1a: Meowstic|255\/352
|
|turn|10
|
|move|p2a: Krookodile|Pursuit|p1a: Meowstic|[from]Pursuit
|-crit|p1a: Meowstic
|-supereffective|p1a: Meowstic
|-damage|p1a: Meowstic|0 fnt
|faint|p1a: Meowstic
|
|
|switch|p1a: Hariyama|Hariyama, M|492\/492
|turn|11
|
|switch|p2a: Forretress|Forretress, F|354\/354
|-damage|p2a: Forretress|310\/354|[from] Stealth Rock
|move|p1a: Hariyama|Belly Drum|p1a: Hariyama
|-damage|p1a: Hariyama|246\/492
|-setboost|p1a: Hariyama|atk|6|[from] move: Belly Drum
|
|-heal|p1a: Hariyama|276\/492|[from] item: Leftovers
|-heal|p2a: Forretress|332\/354|[from] item: Leftovers
|turn|12
|
|move|p1a: Hariyama|Close Combat|p2a: Forretress
|-damage|p2a: Forretress|0 fnt
|-unboost|p1a: Hariyama|def|1
|-unboost|p1a: Hariyama|spd|1
|faint|p2a: Forretress
|
|-heal|p1a: Hariyama|306\/492|[from] item: Leftovers
|
|switch|p2a: Beedrill|Beedrill, F|271\/271
|-damage|p2a: Beedrill|204\/271|[from] Stealth Rock
|turn|13
|
|detailschange|p2a: Beedrill|Beedrill-Mega, F
|-mega|p2a: Beedrill|Beedrill|Beedrillite
|move|p2a: Beedrill|Protect|p2a: Beedrill
|-singleturn|p2a: Beedrill|Protect
|move|p1a: Hariyama|Bullet Punch|p2a: Beedrill
|-activate|p2a: Beedrill|Protect
|
|-heal|p1a: Hariyama|336\/492|[from] item: Leftovers
|turn|14
|
|switch|p2a: Chandelure|Chandelure, M|253\/289
|-damage|p2a: Chandelure|181\/289|[from] Stealth Rock
|move|p1a: Hariyama|Bullet Punch|p2a: Chandelure
|-resisted|p2a: Chandelure
|-damage|p2a: Chandelure|74\/289
|
|-heal|p2a: Chandelure|92\/289|[from] item: Leftovers
|-heal|p1a: Hariyama|366\/492|[from] item: Leftovers
|turn|15
|
|move|p1a: Hariyama|Bullet Punch|p2a: Chandelure
|-resisted|p2a: Chandelure
|-damage|p2a: Chandelure|0 fnt
|faint|p2a: Chandelure
|
|-heal|p1a: Hariyama|396\/492|[from] item: Leftovers
|-sideend|p1: Xavipato|move: Light Screen
|
|switch|p2a: Mienshao|Mienshao, F|255\/271
|-damage|p2a: Mienshao|239\/271|[from] Stealth Rock
|turn|16
|
|move|p1a: Hariyama|Bullet Punch|p2a: Mienshao
|-damage|p2a: Mienshao|0 fnt
|faint|p2a: Mienshao
|
|-heal|p1a: Hariyama|426\/492|[from] item: Leftovers
|-sideend|p1: Xavipato|Reflect
|
|switch|p2a: Krookodile|Krookodile, F|311\/331
|-damage|p2a: Krookodile|291\/331|[from] Stealth Rock
|-ability|p2a: Krookodile|Intimidate|[of] p1a: Hariyama
|-unboost|p1a: Hariyama|atk|1
|turn|17
|
|move|p1a: Hariyama|Bullet Punch|p2a: Krookodile
|-damage|p2a: Krookodile|92\/331
|move|p2a: Krookodile|Earthquake|p1a: Hariyama
|-damage|p1a: Hariyama|0 fnt
|faint|p1a: Hariyama
|
|
|switch|p1a: Shaymin|Shaymin|341\/341
|turn|18
|-message|sexychu forfeited.
|
|win|Xavipato
|raw|Ladder updating...
|raw|Xavipato's rating: 1161 &rarr; <strong>1195<\/strong><br \/>(+34 for winning)
|raw|sexychu's rating: 1285 &rarr; <strong>1252<\/strong><br \/>(-33 for losing)
|leave|sexychu
|player|p2