|join|AcidBurnz
|join|Petunio Anastasio
|player|p1|AcidBurnz|161
|player|p2|Petunio Anastasio|160
|gametype|singles
|gen|6
|tier|OU
|rated
|clearpoke
|poke|p1|Starmie
|poke|p1|Scizor, F
|poke|p1|Mamoswine, F
|poke|p1|Conkeldurr, F
|poke|p1|Charizard, F
|poke|p1|Raikou
|poke|p2|Clefable, F
|poke|p2|Lopunny, F
|poke|p2|Ferrothorn, M
|poke|p2|Rotom-Wash
|poke|p2|Latios, M
|poke|p2|Landorus-Therian, M
|rule|Swagger Clause: Swagger is banned
|rule|Baton Pass Clause: Limit one PokÃ©mon knowing Baton Pass
|rule|Sleep Clause Mod: Limit one foe put to sleep
|rule|Species Clause: Limit one of each PokÃ©mon
|rule|OHKO Clause: OHKO moves are banned
|rule|Moody Clause: Moody is banned
|rule|Evasion Moves Clause: Evasion moves are banned
|rule|Endless Battle Clause: Forcing endless battles is banned
|rule|HP Percentage Mod: HP is shown in percentages
|teampreview
|
|start
|switch|p1a: Conkeldurr|Conkeldurr, F|414\/414
|switch|p2a: Latios|Latios, M|301\/301
|turn|1
|
|move|p2a: Latios|Trick|p1a: Conkeldurr
|-activate|p2a: Latios|move: Trick|[of] p1a: Conkeldurr
|-item|p1a: Conkeldurr|Flame Orb|[from] move: Trick
|-item|p2a: Latios|Assault Vest|[from] move: Trick
|move|p1a: Conkeldurr|Knock Off|p2a: Latios
|-supereffective|p2a: Latios
|-damage|p2a: Latios|0 fnt
|-enditem|p2a: Latios|Assault Vest|[from] move: Knock Off|[of] p1a: Conkeldurr
|faint|p2a: Latios
|
|-status|p1a: Conkeldurr|brn|[from] item: Flame Orb
|c|âPetunio Anastasio|euh...
|c|âAcidBurnz|sweet hahaha
|
|switch|p2a: Clefable|Clefable, F|393\/393
|turn|2
|c|âAcidBurnz|nice predict though
|c|âPetunio Anastasio|yes, you have a scizor, good 1vs1 against latios and clefable (the most possible switch in by my part to conkeldurr), and i can smash conkeldurr with lo psyshock, but its better to stay in and knock
|
|switch|p1a: Mamoswine|Mamoswine, F|362\/362
|move|p2a: Clefable|Moonblast|p1a: Mamoswine
|-damage|p1a: Mamoswine|187\/362
|
|turn|3
|c|âAcidBurnz|yeah I wasn't sure what you were gonna do
|c|âAcidBurnz|most ppl don't lead with latios
|c|âPetunio Anastasio|ah well so you're telling me you predicted flame orb trick xDDD
|c|âAcidBurnz|so I was suspicious
|c|âAcidBurnz|no I didn't
|
|move|p1a: Mamoswine|Stealth Rock|p2a: Clefable
|-sidestart|p2: Petunio Anastasio|move: Stealth Rock
|move|p2a: Clefable|Calm Mind|p2a: Clefable
|-boost|p2a: Clefable|spa|1
|-boost|p2a: Clefable|spd|1
|
|turn|4
|
|move|p1a: Mamoswine|Icicle Crash|p2a: Clefable
|-damage|p2a: Clefable|246\/393
|cant|p2a: Clefable|flinch
|
|-heal|p2a: Clefable|270\/393|[from] item: Leftovers
|turn|5
|
|move|p1a: Mamoswine|Earthquake|p2a: Clefable
|-damage|p2a: Clefable|95\/393
|move|p2a: Clefable|Soft-Boiled|p2a: Clefable
|-heal|p2a: Clefable|292\/393
|
|-heal|p2a: Clefable|316\/393|[from] item: Leftovers
|turn|6
|
|move|p1a: Mamoswine|Earthquake|p2a: Clefable
|-damage|p2a: Clefable|145\/393
|move|p2a: Clefable|Soft-Boiled|p2a: Clefable
|-heal|p2a: Clefable|342\/393
|
|-heal|p2a: Clefable|366\/393|[from] item: Leftovers
|turn|7
|
|move|p1a: Mamoswine|Earthquake|p2a: Clefable
|-damage|p2a: Clefable|191\/393
|move|p2a: Clefable|Soft-Boiled|p2a: Clefable
|-heal|p2a: Clefable|388\/393
|
|-heal|p2a: Clefable|393\/393|[from] item: Leftovers
|turn|8
|
|move|p1a: Mamoswine|Earthquake|p2a: Clefable
|-damage|p2a: Clefable|221\/393
|move|p2a: Clefable|Moonblast|p1a: Mamoswine
|-damage|p1a: Mamoswine|0 fnt
|faint|p1a: Mamoswine
|
|-heal|p2a: Clefable|245\/393|[from] item: Leftovers
|
|switch|p1a: Scizor|Scizor, F|343\/343
|turn|9
|
|switch|p2a: Rotom-Wash|Rotom-Wash|303\/303
|-damage|p2a: Rotom-Wash|266\/303|[from] Stealth Rock
|move|p1a: Scizor|U-turn|p2a: Rotom-Wash
|-damage|p2a: Rotom-Wash|112\/303
|
|switch|p1a: Charizard|Charizard, F|311\/311
|
|-heal|p2a: Rotom-Wash|130\/303|[from] item: Leftovers
|turn|10
|
|detailschange|p1a: Charizard|Charizard-Mega-X, F
|-mega|p1a: Charizard|Charizard|Charizardite X
|move|p1a: Charizard|Dragon Claw|p2a: Rotom-Wash
|-damage|p2a: Rotom-Wash|0 fnt
|faint|p2a: Rotom-Wash
|
|
|switch|p2a: Landorus-Therian|Landorus-Therian, M|319\/319
|-damage|p2a: Landorus-Therian|280\/319|[from] Stealth Rock
|-ability|p2a: Landorus-Therian|Intimidate|[of] p1a: Charizard
|-unboost|p1a: Charizard|atk|1
|turn|11
|
|switch|p1a: Starmie|Starmie|262\/262
|move|p2a: Landorus-Therian|Earthquake|p1a: Starmie
|-damage|p1a: Starmie|57\/262
|
|turn|12
|
|move|p2a: Landorus-Therian|Earthquake|p1a: Starmie
|-damage|p1a: Starmie|0 fnt
|faint|p1a: Starmie
|
|
|switch|p1a: Conkeldurr|Conkeldurr, F|414\/414 brn
|turn|13
|
|switch|p2a: Clefable|Clefable, F|245\/393
|move|p1a: Conkeldurr|Knock Off|p2a: Clefable
|-resisted|p2a: Clefable
|-damage|p2a: Clefable|154\/393
|-enditem|p2a: Clefable|Leftovers|[from] move: Knock Off|[of] p1a: Conkeldurr
|
|-damage|p1a: Conkeldurr|363\/414 brn|[from] brn
|turn|14
|
|switch|p1a: Raikou|Raikou|321\/321
|-ability|p1a: Raikou|Pressure
|move|p2a: Clefable|Soft-Boiled|p2a: Clefable
|-heal|p2a: Clefable|351\/393
|
|turn|15
|
|move|p1a: Raikou|Volt Switch|p2a: Clefable
|-damage|p2a: Clefable|168\/393
|
|switch|p1a: Scizor|Scizor, F|343\/343
|move|p2a: Clefable|Soft-Boiled|p2a: Clefable
|-heal|p2a: Clefable|365\/393
|
|turn|16
|
|move|p1a: Scizor|Bullet Punch|p2a: Clefable
|-supereffective|p2a: Clefable
|-damage|p2a: Clefable|33\/393
|move|p2a: Clefable|Soft-Boiled|p2a: Clefable
|-heal|p2a: Clefable|230\/393
|
|turn|17
|
|move|p1a: Scizor|Bullet Punch|p2a: Clefable
|-supereffective|p2a: Clefable
|-damage|p2a: Clefable|0 fnt
|faint|p2a: Clefable
|
|c|âPetunio Anastasio|really, i didn't understand anything in this game
|
|switch|p2a: Ferrothorn|Ferrothorn, M|351\/351
|-damage|p2a: Ferrothorn|330\/351|[from] Stealth Rock
|turn|18
|
|switch|p1a: Charizard|Charizard-Mega-X, F|311\/311
|move|p2a: Ferrothorn|Stealth Rock|p1a: Charizard
|-sidestart|p1: AcidBurnz|move: Stealth Rock
|
|-heal|p2a: Ferrothorn|351\/351|[from] item: Leftovers
|turn|19
|
|move|p1a: Charizard|Flare Blitz|p2a: Ferrothorn
|-supereffective|p2a: Ferrothorn
|-damage|p2a: Ferrothorn|0 fnt
|-damage|p1a: Charizard|273\/311|[from] ability: Iron Barbs|[of] p2a: Ferrothorn
|-damage|p1a: Charizard|157\/311|[from] recoil|[of] p2a: Ferrothorn
|faint|p2a: Ferrothorn
|
|
|switch|p2a: Lopunny|Lopunny, F|271\/271
|-damage|p2a: Lopunny|238\/271|[from] Stealth Rock
|turn|20
|
|detailschange|p2a: Lopunny|Lopunny-Mega, F
|-mega|p2a: Lopunny|Lopunny|Lopunnite
|move|p2a: Lopunny|Fake Out|p1a: Charizard
|-damage|p1a: Charizard|85\/311
|cant|p1a: Charizard|flinch
|
|turn|21
|
|move|p2a: Lopunny|Drain Punch|p1a: Charizard
|-damage|p1a: Charizard|0 fnt
|-heal|p2a: Lopunny|271\/271|[from] drain|[of] p1a: Charizard
|faint|p1a: Charizard
|
|
|switch|p1a: Conkeldurr|Conkeldurr, F|363\/414 brn
|-damage|p1a: Conkeldurr|338\/414 brn|[from] Stealth Rock
|turn|22
|
|move|p2a: Lopunny|Frustration|p1a: Conkeldurr
|-damage|p1a: Conkeldurr|125\/414 brn
|move|p1a: Conkeldurr|Ice Punch|p2a: Lopunny
|-damage|p2a: Lopunny|94\/271
|
|-damage|p1a: Conkeldurr|74\/414 brn|[from] brn
|turn|23
|
|move|p1a: Conkeldurr|Mach Punch|p2a: Lopunny
|-crit|p2a: Lopunny
|-supereffective|p2a: Lopunny
|-damage|p2a: Lopunny|0 fnt
|faint|p2a: Lopunny
|
|-damage|p1a: Conkeldurr|23\/414 brn|[from] brn
|
|switch|p2a: Landorus-Therian|Landorus-Therian, M|280\/319
|-damage|p2a: Landorus-Therian|241\/319|[from] Stealth Rock
|-ability|p2a: Landorus-Therian|Intimidate|[of] p1a: Conkeldurr
|-unboost|p1a: Conkeldurr|atk|1
|turn|24
|
|move|p1a: Conkeldurr|Mach Punch|p2a: Landorus-Therian
|-resisted|p2a: Landorus-Therian
|-damage|p2a: Landorus-Therian|193\/319
|move|p2a: Landorus-Therian|Earthquake|p1a: Conkeldurr
|-damage|p1a: Conkeldurr|0 fnt
|faint|p1a: Conkeldurr
|
|
|switch|p1a: Scizor|Scizor, F|343\/343
|-damage|p1a: Scizor|301\/343|[from] Stealth Rock
|turn|25
|
|move|p1a: Scizor|Bullet Punch|p2a: Landorus-Therian
|-crit|p2a: Landorus-Therian
|-damage|p2a: Landorus-Therian|0 fnt
|faint|p2a: Landorus-Therian
|
|win|AcidBurnz
|raw|Ladder updating...
|raw|AcidBurnz's rating: 1591 &rarr; <strong>1610<\/strong><br \/>(+19 for winning)
|raw|Petunio Anastasio's rating: 1588 &rarr; <strong>1568<\/strong><br \/>(-20 for losing)
|c|âAcidBurnz|gg
|c|âPetunio Anastasio|gg i guess lol
|leave|Petunio Anastasio
|c|âAcidBurnz|lol