|join|Bidoofswar
|join|Petunio Anastasio
|player|p1|Bidoofswar|10
|player|p2|Petunio Anastasio|160
|gametype|singles
|gen|6
|tier|OU
|rated
|clearpoke
|poke|p1|Wobbuffet, M
|poke|p1|Heatran, F
|poke|p1|Thundurus, M
|poke|p1|Landorus, M
|poke|p1|Azumarill, M
|poke|p1|Pinsir, F
|poke|p2|Landorus, M
|poke|p2|Manaphy
|poke|p2|Ferrothorn, F
|poke|p2|Lopunny, M
|poke|p2|Sylveon, F
|poke|p2|Zapdos
|rule|Swagger Clause: Swagger is banned
|rule|Baton Pass Clause: Limit one PokÃ©mon knowing Baton Pass
|rule|Sleep Clause Mod: Limit one foe put to sleep
|rule|Species Clause: Limit one of each PokÃ©mon
|rule|OHKO Clause: OHKO moves are banned
|rule|Moody Clause: Moody is banned
|rule|Evasion Moves Clause: Evasion moves are banned
|rule|Endless Battle Clause: Forcing endless battles is banned
|rule|HP Percentage Mod: HP is shown in percentages
|teampreview
|
|start
|switch|p1a: Thundurus|Thundurus, M|299\/299
|switch|p2a: Ferrothorn|Ferrothorn, F|351\/351
|turn|1
|
|move|p1a: Thundurus|Taunt|p2a: Ferrothorn
|-start|p2a: Ferrothorn|move: Taunt
|cant|p2a: Ferrothorn|move: Taunt|Stealth Rock
|
|turn|2
|
|switch|p1a: Heatran|Heatran, F|385\/385
|-item|p1a: Heatran|Air Balloon
|switch|p2a: Zapdos|Zapdos|383\/383
|-ability|p2a: Zapdos|Pressure
|
|turn|3
|
|move|p2a: Zapdos|Volt Switch|p1a: Heatran
|-damage|p1a: Heatran|312\/385
|-enditem|p1a: Heatran|Air Balloon
|
|switch|p2a: Manaphy|Manaphy|403\/403
|move|p1a: Heatran|Fire Blast|p2a: Manaphy|[miss]
|-miss|p1a: Heatran|p2a: Manaphy
|
|turn|4
|
|move|p2a: Manaphy|Scald|p1a: Heatran
|-supereffective|p1a: Heatran
|-damage|p1a: Heatran|184\/385
|move|p1a: Heatran|Stealth Rock|p2a: Manaphy
|-sidestart|p2: Petunio Anastasio|move: Stealth Rock
|
|turn|5
|
|move|p2a: Manaphy|Scald|p1a: Heatran
|-supereffective|p1a: Heatran
|-damage|p1a: Heatran|56\/385
|move|p1a: Heatran|Roar|p2a: Manaphy
|drag|p2a: Ferrothorn|Ferrothorn, F|351\/351
|-damage|p2a: Ferrothorn|330\/351|[from] Stealth Rock
|
|-heal|p2a: Ferrothorn|351\/351|[from] item: Leftovers
|turn|6
|
|switch|p2a: Manaphy|Manaphy|403\/403
|-damage|p2a: Manaphy|353\/403|[from] Stealth Rock
|move|p1a: Heatran|Fire Blast|p2a: Manaphy
|-resisted|p2a: Manaphy
|-damage|p2a: Manaphy|267\/403
|
|-heal|p2a: Manaphy|292\/403|[from] item: Leftovers
|turn|7
|
|move|p2a: Manaphy|Scald|p1a: Heatran
|-supereffective|p1a: Heatran
|-damage|p1a: Heatran|0 fnt
|faint|p1a: Heatran
|
|-heal|p2a: Manaphy|317\/403|[from] item: Leftovers
|
|switch|p1a: Thundurus|Thundurus, M|299\/299
|turn|8
|
|switch|p2a: Zapdos|Zapdos|383\/383
|-damage|p2a: Zapdos|288\/383|[from] Stealth Rock
|-ability|p2a: Zapdos|Pressure
|move|p1a: Thundurus|Thunderbolt|p2a: Zapdos
|-damage|p2a: Zapdos|61\/383
|-damage|p1a: Thundurus|270\/299|[from] item: Life Orb
|
|-heal|p2a: Zapdos|84\/383|[from] item: Leftovers
|turn|9
|
|move|p1a: Thundurus|Hidden Power|p2a: Zapdos
|-supereffective|p2a: Zapdos
|-damage|p2a: Zapdos|0 fnt
|-damage|p1a: Thundurus|241\/299|[from] item: Life Orb
|faint|p2a: Zapdos
|
|
|switch|p2a: Lopunny|Lopunny, M|271\/271
|-damage|p2a: Lopunny|238\/271|[from] Stealth Rock
|turn|10
|
|switch|p1a: Wobbuffet|Wobbuffet, M|522\/522
|detailschange|p2a: Lopunny|Lopunny-Mega, M
|-mega|p2a: Lopunny|Lopunny|Lopunnite
|move|p2a: Lopunny|Power-Up Punch|p1a: Wobbuffet
|-resisted|p1a: Wobbuffet
|-damage|p1a: Wobbuffet|483\/522
|-boost|p2a: Lopunny|atk|1
|
|-heal|p1a: Wobbuffet|515\/522|[from] item: Leftovers
|turn|11
|
|move|p2a: Lopunny|Power-Up Punch|p1a: Wobbuffet
|-resisted|p1a: Wobbuffet
|-damage|p1a: Wobbuffet|449\/522
|-boost|p2a: Lopunny|atk|1
|move|p1a: Wobbuffet|Encore|p2a: Lopunny
|-start|p2a: Lopunny|Encore
|
|-heal|p1a: Wobbuffet|481\/522|[from] item: Leftovers
|turn|12
|c|âPetunio Anastasio|lolwat
|c|âPetunio Anastasio|2hko with frustration but ok i guess lol
|
|switch|p1a: Pinsir|Pinsir, F|271\/271
|move|p2a: Lopunny|Power-Up Punch|p1a: Pinsir
|-resisted|p1a: Pinsir
|-damage|p1a: Pinsir|202\/271
|-boost|p2a: Lopunny|atk|1
|
|turn|13
|
|detailschange|p1a: Pinsir|Pinsir-Mega, F
|-mega|p1a: Pinsir|Pinsir|Pinsirite
|move|p2a: Lopunny|Power-Up Punch|p1a: Pinsir
|-resisted|p1a: Pinsir
|-damage|p1a: Pinsir|162\/271
|-boost|p2a: Lopunny|atk|1
|move|p1a: Pinsir|Swords Dance|p1a: Pinsir
|-boost|p1a: Pinsir|atk|2
|
|turn|14
|-message|Petunio Anastasio forfeited.
|c|âBidoofswar|gg
|-message|Petunio Anastasio lost due to inactivity.
|
|move|p1a: Pinsir|Quick Attack|p2a: Lopunny
|-crit|p2a: Lopunny
|-supereffective|p2a: Lopunny
|-damage|p2a: Lopunny|0 fnt
|faint|p2a: Lopunny
|
|
|win|Bidoofswar
|raw|Ladder updating...
|raw|Bidoofswar's rating: 1631 &rarr; <strong>1649<\/strong><br \/>(+18 for winning)
|raw|Petunio Anastasio's rating: 1594 &rarr; <strong>1576<\/strong><br \/>(-18 for losing)