|join|Petunio Anastasio
|join|eylee
|player|p1|Petunio Anastasio|160
|player|p2|eylee|264
|gametype|singles
|gen|6
|tier|OU
|rated
|clearpoke
|poke|p1|Clefable, F
|poke|p1|Lopunny, M
|poke|p1|Ferrothorn, F
|poke|p1|Rotom-Wash
|poke|p1|Latias, F
|poke|p1|Landorus-Therian, M
|poke|p2|Gothitelle, M
|poke|p2|Politoed, M
|poke|p2|Swampert, F
|poke|p2|Breloom, F
|poke|p2|Latias, F
|poke|p2|Landorus-Therian, M
|rule|Swagger Clause: Swagger is banned
|rule|Baton Pass Clause: Limit one PokÃ©mon knowing Baton Pass
|rule|Sleep Clause Mod: Limit one foe put to sleep
|rule|Species Clause: Limit one of each PokÃ©mon
|rule|OHKO Clause: OHKO moves are banned
|rule|Moody Clause: Moody is banned
|rule|Evasion Moves Clause: Evasion moves are banned
|rule|Endless Battle Clause: Forcing endless battles is banned
|rule|HP Percentage Mod: HP is shown in percentages
|teampreview
|
|start
|switch|p1a: Latias|Latias, F|301\/301
|switch|p2a: Landorus-Therian|Landorus-Therian, M|381\/381
|-ability|p2a: Landorus-Therian|Intimidate|[of] p1a: Latias
|-unboost|p1a: Latias|atk|1
|turn|1
|
|switch|p2a: Gothitelle|Gothitelle, M|344\/344
|move|p1a: Latias|Trick|p2a: Gothitelle
|-activate|p1a: Latias|move: Trick|[of] p2a: Gothitelle
|-item|p2a: Gothitelle|Flame Orb|[from] move: Trick
|-item|p1a: Latias|Choice Scarf|[from] move: Trick
|
|-status|p2a: Gothitelle|brn|[from] item: Flame Orb
|turn|2
|
|move|p1a: Latias|Trick|p2a: Gothitelle
|-activate|p1a: Latias|move: Trick|[of] p2a: Gothitelle
|-item|p2a: Gothitelle|Choice Scarf|[from] move: Trick
|-item|p1a: Latias|Flame Orb|[from] move: Trick
|move|p2a: Gothitelle|Trick|p1a: Latias
|-activate|p2a: Gothitelle|move: Trick|[of] p1a: Latias
|-item|p1a: Latias|Choice Scarf|[from] move: Trick
|-item|p2a: Gothitelle|Flame Orb|[from] move: Trick
|
|-damage|p2a: Gothitelle|301\/344 brn|[from] brn
|turn|3
|
|move|p1a: Latias|Trick|p2a: Gothitelle
|-activate|p1a: Latias|move: Trick|[of] p2a: Gothitelle
|-item|p2a: Gothitelle|Choice Scarf|[from] move: Trick
|-item|p1a: Latias|Flame Orb|[from] move: Trick
|move|p2a: Gothitelle|Trick|p1a: Latias
|-activate|p2a: Gothitelle|move: Trick|[of] p1a: Latias
|-item|p1a: Latias|Choice Scarf|[from] move: Trick
|-item|p2a: Gothitelle|Flame Orb|[from] move: Trick
|
|-damage|p2a: Gothitelle|258\/344 brn|[from] brn
|turn|4
|
|move|p1a: Latias|Draco Meteor|p2a: Gothitelle
|-damage|p2a: Gothitelle|129\/344 brn
|-unboost|p1a: Latias|spa|2
|move|p2a: Gothitelle|Thunderbolt|p1a: Latias
|-resisted|p1a: Latias
|-damage|p1a: Latias|274\/301
|
|-damage|p2a: Gothitelle|86\/344 brn|[from] brn
|turn|5
|
|move|p1a: Latias|Draco Meteor|p2a: Gothitelle
|-damage|p2a: Gothitelle|17\/344 brn
|-unboost|p1a: Latias|spa|2
|move|p2a: Gothitelle|Rest|p2a: Gothitelle
|-status|p2a: Gothitelle|slp
|-heal|p2a: Gothitelle|344\/344 slp|[silent]
|-status|p2a: Gothitelle|slp|[from] move: Rest
|
|turn|6
|
|move|p1a: Latias|Draco Meteor|p2a: Gothitelle
|-damage|p2a: Gothitelle|296\/344 slp
|-unboost|p1a: Latias|spa|2
|cant|p2a: Gothitelle|slp
|
|turn|7
|
|move|p1a: Latias|Draco Meteor|p2a: Gothitelle
|-damage|p2a: Gothitelle|263\/344 slp
|cant|p2a: Gothitelle|slp
|
|turn|8
|
|move|p1a: Latias|Draco Meteor|p2a: Gothitelle|[miss]
|-miss|p1a: Latias|p2a: Gothitelle
|-curestatus|p2a: Gothitelle|slp
|move|p2a: Gothitelle|Thunderbolt|p1a: Latias
|-resisted|p1a: Latias
|-damage|p1a: Latias|248\/301
|
|-status|p2a: Gothitelle|brn|[from] item: Flame Orb
|turn|9
|
|move|p1a: Latias|Draco Meteor|p2a: Gothitelle|[miss]
|-miss|p1a: Latias|p2a: Gothitelle
|move|p2a: Gothitelle|Thunderbolt|p1a: Latias
|-resisted|p1a: Latias
|-damage|p1a: Latias|221\/301
|
|-damage|p2a: Gothitelle|220\/344 brn|[from] brn
|turn|10
|
|move|p1a: Latias|Draco Meteor|p2a: Gothitelle
|-damage|p2a: Gothitelle|186\/344 brn
|move|p2a: Gothitelle|Rest|p2a: Gothitelle
|-status|p2a: Gothitelle|slp
|-heal|p2a: Gothitelle|344\/344 slp|[silent]
|-status|p2a: Gothitelle|slp|[from] move: Rest
|
|turn|11
|
|move|p1a: Latias|Draco Meteor|p2a: Gothitelle
|-crit|p2a: Gothitelle
|-damage|p2a: Gothitelle|142\/344 slp
|cant|p2a: Gothitelle|slp
|
|turn|12
|
|move|p1a: Latias|Struggle|p2a: Gothitelle
|-damage|p2a: Gothitelle|123\/344 slp
|-damage|p1a: Latias|146\/301
|cant|p2a: Gothitelle|slp
|
|turn|13
|leave|Petunio Anastasio
|player|p1
|join|Petunio Anastasio
|player|p1|Petunio Anastasio|160
|c|âPetunio Anastasio|ehm beutiful bug
|c|âPetunio Anastasio|i can't click struggle
|
|move|p1a: Latias|Struggle|p2a: Gothitelle
|-crit|p2a: Gothitelle
|-damage|p2a: Gothitelle|83\/344 slp
|-damage|p1a: Latias|71\/301
|-curestatus|p2a: Gothitelle|slp
|move|p2a: Gothitelle|Trick|p1a: Latias
|-activate|p2a: Gothitelle|move: Trick|[of] p1a: Latias
|-item|p1a: Latias|Flame Orb|[from] move: Trick
|-item|p2a: Gothitelle|Choice Scarf|[from] move: Trick
|
|-status|p1a: Latias|brn|[from] item: Flame Orb
|turn|14
|
|switch|p2a: Politoed|Politoed, M|384\/384
|-weather|RainDance
|move|p1a: Latias|Trick|p2a: Politoed
|-activate|p1a: Latias|move: Trick|[of] p2a: Politoed
|-item|p2a: Politoed|Flame Orb|[from] move: Trick
|-item|p1a: Latias|Damp Rock|[from] move: Trick
|
|-weather|RainDance|[upkeep]
|-damage|p1a: Latias|34\/301 brn|[from] brn
|-status|p2a: Politoed|brn|[from] item: Flame Orb
|turn|15
|
|move|p1a: Latias|Roost|p1a: Latias
|-heal|p1a: Latias|185\/301 brn
|move|p2a: Politoed|Ice Beam|p1a: Latias
|-supereffective|p1a: Latias
|-damage|p1a: Latias|33\/301 brn
|
|-weather|RainDance|[upkeep]
|-damage|p1a: Latias|0 fnt|[from] brn
|-damage|p2a: Politoed|336\/384 brn|[from] brn
|faint|p1a: Latias
|
|switch|p1a: Rotom-Wash|Rotom-Wash|303\/303
|turn|16
|
|switch|p2a: Latias|Latias, F|301\/301
|move|p1a: Rotom-Wash|Volt Switch|p2a: Latias
|-resisted|p2a: Latias
|-damage|p2a: Latias|265\/301
|
|switch|p1a: Ferrothorn|Ferrothorn, F|351\/351
|
|-weather|RainDance|[upkeep]
|-heal|p2a: Latias|283\/301|[from] item: Leftovers
|turn|17
|
|switch|p2a: Breloom|Breloom, F|261\/261
|move|p1a: Ferrothorn|Stealth Rock|p2a: Breloom
|-sidestart|p2: eylee|move: Stealth Rock
|
|-weather|RainDance|[upkeep]
|turn|18
|
|switch|p1a: Landorus-Therian|Landorus-Therian, M|319\/319
|-ability|p1a: Landorus-Therian|Intimidate|[of] p2a: Breloom
|-unboost|p2a: Breloom|atk|1
|move|p2a: Breloom|Swords Dance|p2a: Breloom
|-boost|p2a: Breloom|atk|2
|
|-weather|RainDance|[upkeep]
|turn|19
|
|move|p1a: Landorus-Therian|U-turn|p2a: Breloom
|-damage|p2a: Breloom|160\/261
|
|switch|p1a: Ferrothorn|Ferrothorn, F|351\/351
|move|p2a: Breloom|Bullet Seed|p1a: Ferrothorn
|-resisted|p1a: Ferrothorn
|-damage|p1a: Ferrothorn|325\/351
|-resisted|p1a: Ferrothorn
|-damage|p1a: Ferrothorn|300\/351
|-resisted|p1a: Ferrothorn
|-damage|p1a: Ferrothorn|278\/351
|-resisted|p1a: Ferrothorn
|-damage|p1a: Ferrothorn|255\/351
|-hitcount|p1a: Ferrothorn|4
|-damage|p2a: Breloom|134\/261|[from] item: Life Orb
|
|-weather|RainDance|[upkeep]
|-heal|p1a: Ferrothorn|276\/351|[from] item: Leftovers
|turn|20
|
|switch|p1a: Landorus-Therian|Landorus-Therian, M|319\/319
|-ability|p1a: Landorus-Therian|Intimidate|[of] p2a: Breloom
|-unboost|p2a: Breloom|atk|1
|move|p2a: Breloom|Spore|p1a: Landorus-Therian
|-status|p1a: Landorus-Therian|slp
|
|-weather|RainDance|[upkeep]
|turn|21
|
|cant|p1a: Landorus-Therian|slp
|move|p2a: Breloom|Bullet Seed|p1a: Landorus-Therian
|-damage|p1a: Landorus-Therian|232\/319 slp
|-damage|p1a: Landorus-Therian|141\/319 slp
|-hitcount|p1a: Landorus-Therian|2
|-damage|p2a: Breloom|108\/261|[from] item: Life Orb
|
|-weather|none
|turn|22
|
|cant|p1a: Landorus-Therian|slp
|move|p2a: Breloom|Bullet Seed|p1a: Landorus-Therian
|-damage|p1a: Landorus-Therian|47\/319 slp
|-damage|p1a: Landorus-Therian|0 fnt
|-hitcount|p1a: Landorus-Therian|2
|-damage|p2a: Breloom|82\/261|[from] item: Life Orb
|faint|p1a: Landorus-Therian
|
|
|switch|p1a: Lopunny|Lopunny, M|271\/271
|turn|23
|
|switch|p2a: Landorus-Therian|Landorus-Therian, M|381\/381
|-damage|p2a: Landorus-Therian|334\/381|[from] Stealth Rock
|-ability|p2a: Landorus-Therian|Intimidate|[of] p1a: Lopunny
|-unboost|p1a: Lopunny|atk|1
|detailschange|p1a: Lopunny|Lopunny-Mega, M
|-mega|p1a: Lopunny|Lopunny|Lopunnite
|move|p1a: Lopunny|Fake Out|p2a: Landorus-Therian
|-damage|p2a: Landorus-Therian|283\/381
|
|-heal|p2a: Landorus-Therian|306\/381|[from] item: Leftovers
|turn|24
|
|switch|p1a: Ferrothorn|Ferrothorn, F|276\/351
|move|p2a: Landorus-Therian|Stealth Rock|p1a: Ferrothorn
|-sidestart|p1: Petunio Anastasio|move: Stealth Rock
|
|-heal|p2a: Landorus-Therian|329\/381|[from] item: Leftovers
|-heal|p1a: Ferrothorn|297\/351|[from] item: Leftovers
|turn|25
|
|move|p2a: Landorus-Therian|Knock Off|p1a: Ferrothorn
|-crit|p1a: Ferrothorn
|-damage|p1a: Ferrothorn|147\/351
|-damage|p2a: Landorus-Therian|282\/381|[from] ability: Iron Barbs|[of] p1a: Ferrothorn
|-enditem|p1a: Ferrothorn|Leftovers|[from] move: Knock Off|[of] p2a: Landorus-Therian
|move|p1a: Ferrothorn|Leech Seed|p2a: Landorus-Therian
|-start|p2a: Landorus-Therian|move: Leech Seed
|
|-heal|p2a: Landorus-Therian|305\/381|[from] item: Leftovers
|-damage|p2a: Landorus-Therian|258\/381|[from] Leech Seed|[of] p1a: Ferrothorn
|-heal|p1a: Ferrothorn|194\/351|[silent]
|turn|26
|
|move|p1a: Ferrothorn|Protect|p1a: Ferrothorn
|-singleturn|p1a: Ferrothorn|Protect
|move|p2a: Landorus-Therian|Earthquake|p1a: Ferrothorn
|-activate|p1a: Ferrothorn|Protect
|
|-heal|p2a: Landorus-Therian|281\/381|[from] item: Leftovers
|-damage|p2a: Landorus-Therian|234\/381|[from] Leech Seed|[of] p1a: Ferrothorn
|-heal|p1a: Ferrothorn|241\/351|[silent]
|turn|27
|
|move|p2a: Landorus-Therian|U-turn|p1a: Ferrothorn
|-damage|p1a: Ferrothorn|164\/351
|-damage|p2a: Landorus-Therian|187\/381|[from] ability: Iron Barbs|[of] p1a: Ferrothorn
|
|switch|p2a: Latias|Latias, F|283\/301
|-damage|p2a: Latias|246\/301|[from] Stealth Rock
|move|p1a: Ferrothorn|Power Whip|p2a: Latias
|-resisted|p2a: Latias
|-damage|p2a: Latias|167\/301
|
|-heal|p2a: Latias|185\/301|[from] item: Leftovers
|turn|28
|
|switch|p1a: Clefable|Clefable, F|393\/393
|move|p2a: Latias|Defog|p1a: Clefable
|-unboost|p1a: Clefable|evasion|1
|-sideend|p1: Petunio Anastasio|Stealth Rock|[from] move: Defog|[of] p1a: Clefable
|-sideend|p2: eylee|Stealth Rock|[from] move: Defog|[of] p2a: Latias
|
|-heal|p2a: Latias|203\/301|[from] item: Leftovers
|turn|29
|
|move|p2a: Latias|Healing Wish|p2a: Latias
|faint|p2a: Latias
|move|p1a: Clefable|Calm Mind|p1a: Clefable
|-boost|p1a: Clefable|spa|1
|-boost|p1a: Clefable|spd|1
|
|
|switch|p2a: Gothitelle|Gothitelle, M|83\/344
|-heal|p2a: Gothitelle|344\/344|[from] move: Healing Wish
|turn|30
|
|move|p2a: Gothitelle|Trick|p1a: Clefable
|-activate|p2a: Gothitelle|move: Trick|[of] p1a: Clefable
|-item|p1a: Clefable|Choice Scarf|[from] move: Trick
|-item|p2a: Gothitelle|Leftovers|[from] move: Trick
|move|p1a: Clefable|Moonblast|p2a: Gothitelle
|-damage|p2a: Gothitelle|230\/344
|
|-heal|p2a: Gothitelle|251\/344|[from] item: Leftovers
|turn|31
|
|move|p1a: Clefable|Moonblast|p2a: Gothitelle
|-damage|p2a: Gothitelle|137\/344
|-unboost|p2a: Gothitelle|spa|1
|move|p2a: Gothitelle|Thunderbolt|p1a: Clefable
|-damage|p1a: Clefable|359\/393
|
|-heal|p2a: Gothitelle|158\/344|[from] item: Leftovers
|turn|32
|
|move|p1a: Clefable|Moonblast|p2a: Gothitelle
|-damage|p2a: Gothitelle|41\/344
|move|p2a: Gothitelle|Rest|p2a: Gothitelle
|-status|p2a: Gothitelle|slp
|-heal|p2a: Gothitelle|344\/344 slp|[silent]
|-status|p2a: Gothitelle|slp|[from] move: Rest
|
|turn|33
|
|move|p1a: Clefable|Moonblast|p2a: Gothitelle
|-damage|p2a: Gothitelle|230\/344 slp
|cant|p2a: Gothitelle|slp
|
|-heal|p2a: Gothitelle|251\/344 slp|[from] item: Leftovers
|turn|34
|
|move|p1a: Clefable|Moonblast|p2a: Gothitelle
|-damage|p2a: Gothitelle|146\/344 slp
|cant|p2a: Gothitelle|slp
|
|-heal|p2a: Gothitelle|167\/344 slp|[from] item: Leftovers
|turn|35
|
|move|p1a: Clefable|Moonblast|p2a: Gothitelle
|-damage|p2a: Gothitelle|56\/344 slp
|-unboost|p2a: Gothitelle|spa|1
|-curestatus|p2a: Gothitelle|slp
|move|p2a: Gothitelle|Rest|p2a: Gothitelle
|-status|p2a: Gothitelle|slp
|-heal|p2a: Gothitelle|344\/344 slp|[silent]
|-status|p2a: Gothitelle|slp|[from] move: Rest
|
|turn|36
|
|move|p1a: Clefable|Moonblast|p2a: Gothitelle
|-damage|p2a: Gothitelle|241\/344 slp
|cant|p2a: Gothitelle|slp
|
|-heal|p2a: Gothitelle|262\/344 slp|[from] item: Leftovers
|turn|37
|
|move|p1a: Clefable|Moonblast|p2a: Gothitelle
|-damage|p2a: Gothitelle|160\/344 slp
|-unboost|p2a: Gothitelle|spa|1
|cant|p2a: Gothitelle|slp
|
|-heal|p2a: Gothitelle|181\/344 slp|[from] item: Leftovers
|turn|38
|
|move|p1a: Clefable|Moonblast|p2a: Gothitelle
|-damage|p2a: Gothitelle|76\/344 slp
|-curestatus|p2a: Gothitelle|slp
|move|p2a: Gothitelle|Rest|p2a: Gothitelle
|-status|p2a: Gothitelle|slp
|-heal|p2a: Gothitelle|344\/344 slp|[silent]
|-status|p2a: Gothitelle|slp|[from] move: Rest
|
|turn|39
|
|move|p1a: Clefable|Moonblast|p2a: Gothitelle
|-damage|p2a: Gothitelle|233\/344 slp
|-unboost|p2a: Gothitelle|spa|1
|cant|p2a: Gothitelle|slp
|
|-heal|p2a: Gothitelle|254\/344 slp|[from] item: Leftovers
|turn|40
|
|move|p1a: Clefable|Moonblast|p2a: Gothitelle
|-damage|p2a: Gothitelle|154\/344 slp
|cant|p2a: Gothitelle|slp
|
|-heal|p2a: Gothitelle|175\/344 slp|[from] item: Leftovers
|turn|41
|
|move|p1a: Clefable|Moonblast|p2a: Gothitelle
|-damage|p2a: Gothitelle|58\/344 slp
|-unboost|p2a: Gothitelle|spa|1
|-curestatus|p2a: Gothitelle|slp
|move|p2a: Gothitelle|Rest|p2a: Gothitelle
|-status|p2a: Gothitelle|slp
|-heal|p2a: Gothitelle|344\/344 slp|[silent]
|-status|p2a: Gothitelle|slp|[from] move: Rest
|
|turn|42
|
|move|p1a: Clefable|Moonblast|p2a: Gothitelle
|-damage|p2a: Gothitelle|244\/344 slp
|cant|p2a: Gothitelle|slp
|
|-heal|p2a: Gothitelle|265\/344 slp|[from] item: Leftovers
|turn|43
|
|move|p1a: Clefable|Moonblast|p2a: Gothitelle
|-damage|p2a: Gothitelle|151\/344 slp
|cant|p2a: Gothitelle|slp
|
|-heal|p2a: Gothitelle|172\/344 slp|[from] item: Leftovers
|turn|44
|
|move|p1a: Clefable|Moonblast|p2a: Gothitelle
|-damage|p2a: Gothitelle|61\/344 slp
|-curestatus|p2a: Gothitelle|slp
|move|p2a: Gothitelle|Rest|p2a: Gothitelle
|-status|p2a: Gothitelle|slp
|-heal|p2a: Gothitelle|344\/344 slp|[silent]
|-status|p2a: Gothitelle|slp|[from] move: Rest
|
|turn|45
|
|move|p1a: Clefable|Moonblast|p2a: Gothitelle
|-damage|p2a: Gothitelle|238\/344 slp
|cant|p2a: Gothitelle|slp
|
|-heal|p2a: Gothitelle|259\/344 slp|[from] item: Leftovers
|turn|46
|
|move|p1a: Clefable|Moonblast|p2a: Gothitelle
|-damage|p2a: Gothitelle|148\/344 slp
|cant|p2a: Gothitelle|slp
|
|-heal|p2a: Gothitelle|169\/344 slp|[from] item: Leftovers
|turn|47
|
|move|p1a: Clefable|Moonblast|p2a: Gothitelle
|-damage|p2a: Gothitelle|58\/344 slp
|-curestatus|p2a: Gothitelle|slp
|move|p2a: Gothitelle|Rest|p2a: Gothitelle
|-status|p2a: Gothitelle|slp
|-heal|p2a: Gothitelle|344\/344 slp|[silent]
|-status|p2a: Gothitelle|slp|[from] move: Rest
|
|turn|48
|
|move|p1a: Clefable|Moonblast|p2a: Gothitelle
|-damage|p2a: Gothitelle|227\/344 slp
|cant|p2a: Gothitelle|slp
|
|-heal|p2a: Gothitelle|248\/344 slp|[from] item: Leftovers
|turn|49
|
|move|p1a: Clefable|Moonblast|p2a: Gothitelle
|-damage|p2a: Gothitelle|140\/344 slp
|-unboost|p2a: Gothitelle|spa|1
|cant|p2a: Gothitelle|slp
|
|-heal|p2a: Gothitelle|161\/344 slp|[from] item: Leftovers
|turn|50
|
|move|p1a: Clefable|Moonblast|p2a: Gothitelle
|-damage|p2a: Gothitelle|50\/344 slp
|-curestatus|p2a: Gothitelle|slp
|move|p2a: Gothitelle|Rest|p2a: Gothitelle
|-status|p2a: Gothitelle|slp
|-heal|p2a: Gothitelle|344\/344 slp|[silent]
|-status|p2a: Gothitelle|slp|[from] move: Rest
|
|turn|51
|
|move|p1a: Clefable|Moonblast|p2a: Gothitelle
|-damage|p2a: Gothitelle|235\/344 slp
|cant|p2a: Gothitelle|slp
|
|-heal|p2a: Gothitelle|256\/344 slp|[from] item: Leftovers
|turn|52
|c|âeylee|how long have you been garbage
|
|move|p1a: Clefable|Moonblast|p2a: Gothitelle
|-damage|p2a: Gothitelle|139\/344 slp
|cant|p2a: Gothitelle|slp
|
|-heal|p2a: Gothitelle|160\/344 slp|[from] item: Leftovers
|turn|53
|
|move|p1a: Clefable|Moonblast|p2a: Gothitelle
|-damage|p2a: Gothitelle|54\/344 slp
|-curestatus|p2a: Gothitelle|slp
|move|p2a: Gothitelle|Rest|p2a: Gothitelle
|-status|p2a: Gothitelle|slp
|-heal|p2a: Gothitelle|344\/344 slp|[silent]
|-status|p2a: Gothitelle|slp|[from] move: Rest
|
|turn|54
|
|move|p1a: Clefable|Struggle|p2a: Gothitelle
|-crit|p2a: Gothitelle
|-damage|p2a: Gothitelle|305\/344 slp
|-damage|p1a: Clefable|261\/393
|cant|p2a: Gothitelle|slp
|
|-heal|p2a: Gothitelle|326\/344 slp|[from] item: Leftovers
|turn|55
|
|switch|p2a: Politoed|Politoed, M|336\/384 brn
|-weather|RainDance
|move|p1a: Clefable|Struggle|p2a: Politoed
|-damage|p2a: Politoed|301\/384 brn
|-damage|p1a: Clefable|163\/393
|
|-weather|RainDance|[upkeep]
|-damage|p2a: Politoed|253\/384 brn|[from] brn
|turn|56
|
|switch|p2a: Swampert|Swampert, F|341\/341
|move|p1a: Clefable|Struggle|p2a: Swampert
|-damage|p2a: Swampert|313\/341
|-damage|p1a: Clefable|65\/393
|
|-weather|RainDance|[upkeep]
|turn|57
|
|detailschange|p2a: Swampert|Swampert-Mega, F
|-mega|p2a: Swampert|Swampert|Swampertite
|move|p1a: Clefable|Struggle|p2a: Swampert
|-damage|p2a: Swampert|287\/341
|-damage|p1a: Clefable|0 fnt
|faint|p1a: Clefable
|move|p2a: Swampert|Waterfall|p1: Clefable|[notarget]
|-notarget
|
|-weather|RainDance|[upkeep]
|
|switch|p1a: Rotom-Wash|Rotom-Wash|303\/303
|turn|58
|
|switch|p2a: Gothitelle|Gothitelle, M|326\/344 slp
|move|p1a: Rotom-Wash|Volt Switch|p2a: Gothitelle
|-damage|p2a: Gothitelle|269\/344 slp
|
|switch|p1a: Lopunny|Lopunny-Mega, M|271\/271
|
|-weather|RainDance|[upkeep]
|-heal|p2a: Gothitelle|290\/344 slp|[from] item: Leftovers
|turn|59
|
|switch|p2a: Landorus-Therian|Landorus-Therian, M|187\/381
|-ability|p2a: Landorus-Therian|Intimidate|[of] p1a: Lopunny
|-unboost|p1a: Lopunny|atk|1
|move|p1a: Lopunny|Fake Out|p2a: Landorus-Therian
|-crit|p2a: Landorus-Therian
|-damage|p2a: Landorus-Therian|72\/381
|
|-weather|none
|-heal|p2a: Landorus-Therian|95\/381|[from] item: Leftovers
|turn|60
|
|move|p1a: Lopunny|Frustration|p2a: Landorus-Therian
|-damage|p2a: Landorus-Therian|0 fnt
|faint|p2a: Landorus-Therian
|
|
|switch|p2a: Breloom|Breloom, F|82\/261
|turn|61
|
|switch|p1a: Rotom-Wash|Rotom-Wash|303\/303
|move|p2a: Breloom|Mach Punch|p1a: Rotom-Wash
|-damage|p1a: Rotom-Wash|200\/303
|-damage|p2a: Breloom|56\/261|[from] item: Life Orb
|
|-heal|p1a: Rotom-Wash|218\/303|[from] item: Leftovers
|turn|62
|
|switch|p1a: Ferrothorn|Ferrothorn, F|164\/351
|move|p2a: Breloom|Bullet Seed|p1a: Ferrothorn
|-resisted|p1a: Ferrothorn
|-damage|p1a: Ferrothorn|146\/351
|-resisted|p1a: Ferrothorn
|-damage|p1a: Ferrothorn|130\/351
|-hitcount|p1a: Ferrothorn|2
|-damage|p2a: Breloom|30\/261|[from] item: Life Orb
|
|turn|63
|
|move|p2a: Breloom|Mach Punch|p1a: Ferrothorn
|-supereffective|p1a: Ferrothorn
|-damage|p1a: Ferrothorn|0 fnt
|-damage|p2a: Breloom|0 fnt|[from] ability: Iron Barbs|[of] p1a: Ferrothorn
|faint|p2a: Breloom
|faint|p1a: Ferrothorn
|
|
|switch|p1a: Lopunny|Lopunny-Mega, M|271\/271
|switch|p2a: Politoed|Politoed, M|253\/384 brn
|-weather|RainDance
|turn|64
|
|move|p1a: Lopunny|Fake Out|p2a: Politoed
|-damage|p2a: Politoed|160\/384 brn
|cant|p2a: Politoed|flinch
|
|-weather|RainDance|[upkeep]
|-damage|p2a: Politoed|112\/384 brn|[from] brn
|turn|65
|
|switch|p2a: Gothitelle|Gothitelle, M|290\/344 slp
|move|p1a: Lopunny|Frustration|p2a: Gothitelle
|-damage|p2a: Gothitelle|101\/344 slp
|
|-weather|RainDance|[upkeep]
|-heal|p2a: Gothitelle|122\/344 slp|[from] item: Leftovers
|turn|66
|
|move|p1a: Lopunny|Power-Up Punch|p2a: Gothitelle
|-resisted|p2a: Gothitelle
|-damage|p2a: Gothitelle|84\/344 slp
|-boost|p1a: Lopunny|atk|1
|cant|p2a: Gothitelle|slp
|
|-weather|RainDance|[upkeep]
|-heal|p2a: Gothitelle|105\/344 slp|[from] item: Leftovers
|turn|67
|
|move|p1a: Lopunny|Frustration|p2a: Gothitelle
|-damage|p2a: Gothitelle|0 fnt
|faint|p2a: Gothitelle
|
|-weather|RainDance|[upkeep]
|
|switch|p2a: Swampert|Swampert-Mega, F|287\/341
|turn|68
|
|move|p2a: Swampert|Superpower|p1a: Lopunny
|-supereffective|p1a: Lopunny
|-damage|p1a: Lopunny|0 fnt
|-unboost|p2a: Swampert|atk|1
|-unboost|p2a: Swampert|def|1
|faint|p1a: Lopunny
|
|-weather|none
|
|switch|p1a: Rotom-Wash|Rotom-Wash|218\/303
|turn|69
|
|switch|p2a: Politoed|Politoed, M|112\/384 brn
|-weather|RainDance
|move|p1a: Rotom-Wash|Hydro Pump|p2a: Politoed
|-resisted|p2a: Politoed
|-damage|p2a: Politoed|19\/384 brn
|
|-weather|RainDance|[upkeep]
|-heal|p1a: Rotom-Wash|236\/303|[from] item: Leftovers
|-damage|p2a: Politoed|0 fnt|[from] brn
|faint|p2a: Politoed
|
|switch|p2a: Swampert|Swampert-Mega, F|287\/341
|turn|70
|
|move|p2a: Swampert|Waterfall|p1a: Rotom-Wash
|-resisted|p1a: Rotom-Wash
|-damage|p1a: Rotom-Wash|153\/303
|cant|p1a: Rotom-Wash|flinch
|
|-weather|RainDance|[upkeep]
|-heal|p1a: Rotom-Wash|171\/303|[from] item: Leftovers
|turn|71
|
|move|p2a: Swampert|Waterfall|p1a: Rotom-Wash
|-resisted|p1a: Rotom-Wash
|-damage|p1a: Rotom-Wash|86\/303
|move|p1a: Rotom-Wash|Pain Split|p2a: Swampert
|-sethp|p2a: Swampert|186\/341|p1a: Rotom-Wash|186\/303|[from] move: Pain Split
|
|-weather|RainDance|[upkeep]
|-heal|p1a: Rotom-Wash|204\/303|[from] item: Leftovers
|turn|72
|
|move|p2a: Swampert|Waterfall|p1a: Rotom-Wash
|-resisted|p1a: Rotom-Wash
|-damage|p1a: Rotom-Wash|126\/303
|cant|p1a: Rotom-Wash|flinch
|
|-weather|RainDance|[upkeep]
|-heal|p1a: Rotom-Wash|144\/303|[from] item: Leftovers
|turn|73
|
|move|p2a: Swampert|Waterfall|p1a: Rotom-Wash
|-resisted|p1a: Rotom-Wash
|-damage|p1a: Rotom-Wash|63\/303
|cant|p1a: Rotom-Wash|flinch
|
|-weather|none
|-heal|p1a: Rotom-Wash|81\/303|[from] item: Leftovers
|turn|74
|c|âPetunio Anastasio|xDDDD
|
|move|p2a: Swampert|Superpower|p1a: Rotom-Wash
|-crit|p1a: Rotom-Wash
|-damage|p1a: Rotom-Wash|0 fnt
|-unboost|p2a: Swampert|atk|1
|-unboost|p2a: Swampert|def|1
|faint|p1a: Rotom-Wash
|
|win|eylee
|raw|Ladder updating...
|raw|Petunio Anastasio's rating: 1545 &rarr; <strong>1524<\/strong><br \/>(-21 for losing)
|raw|eylee's rating: 1499 &rarr; <strong>1521<\/strong><br \/>(+22 for winning)
|c|âPetunio Anastasio|"g"g
|c|âeylee|garbage as fuck
|leave|Petunio Anastasio
|player|p1