|join|so long lonesome
|join|Petunio Anastasio
|player|p1|so long lonesome|244
|player|p2|Petunio Anastasio|160
|gametype|singles
|gen|6
|tier|OU
|rated
|clearpoke
|poke|p1|Starmie
|poke|p1|Venusaur, F
|poke|p1|Crawdaunt, M
|poke|p1|Tornadus-Therian, M
|poke|p1|Gliscor, F
|poke|p1|Garchomp, F
|poke|p2|Clefable, M
|poke|p2|Lopunny, M
|poke|p2|Ferrothorn, F
|poke|p2|Rotom-Wash
|poke|p2|Latias, F
|poke|p2|Landorus-Therian, M
|rule|Swagger Clause: Swagger is banned
|rule|Baton Pass Clause: Limit one PokÃ©mon knowing Baton Pass
|rule|Sleep Clause Mod: Limit one foe put to sleep
|rule|Species Clause: Limit one of each PokÃ©mon
|rule|OHKO Clause: OHKO moves are banned
|rule|Moody Clause: Moody is banned
|rule|Evasion Moves Clause: Evasion moves are banned
|rule|Endless Battle Clause: Forcing endless battles is banned
|rule|HP Percentage Mod: HP is shown in percentages
|teampreview
|
|start
|switch|p1a: show gratitude|Gliscor, F|353\/353
|switch|p2a: Latias|Latias, F|301\/301
|turn|1
|join|eylee
|c| eylee|garbage
|c| eylee|http:\/\/play.pokemonshowdown.com\/battle-ou-205494947
|
|switch|p1a: heavens backbone|Tornadus-Therian, M|309\/309
|move|p2a: Latias|Trick|p1a: heavens backbone
|-activate|p2a: Latias|move: Trick|[of] p1a: heavens backbone
|-item|p1a: heavens backbone|Flame Orb|[from] move: Trick
|-item|p2a: Latias|Assault Vest|[from] move: Trick
|
|-status|p1a: heavens backbone|brn|[from] item: Flame Orb
|turn|2
|leave|eylee
|
|switch|p2a: Rotom-Wash|Rotom-Wash|303\/303
|move|p1a: heavens backbone|Hurricane|p2a: Rotom-Wash|[miss]
|-miss|p1a: heavens backbone|p2a: Rotom-Wash
|
|-damage|p1a: heavens backbone|271\/309 brn|[from] brn
|turn|3
|
|move|p1a: heavens backbone|Knock Off|p2a: Rotom-Wash
|-damage|p2a: Rotom-Wash|279\/303
|-enditem|p2a: Rotom-Wash|Leftovers|[from] move: Knock Off|[of] p1a: heavens backbone
|move|p2a: Rotom-Wash|Will-O-Wisp|p1a: heavens backbone
|-fail|p1a: heavens backbone|brn
|
|-damage|p1a: heavens backbone|233\/309 brn|[from] brn
|turn|4
|
|move|p1a: heavens backbone|U-turn|p2a: Rotom-Wash
|-damage|p2a: Rotom-Wash|261\/303
|
|switch|p1a: balance|Garchomp, F|419\/419
|move|p2a: Rotom-Wash|Will-O-Wisp|p1a: balance
|-status|p1a: balance|brn
|
|-damage|p1a: balance|367\/419 brn|[from] brn
|turn|5
|
|switch|p2a: Clefable|Clefable, M|393\/393
|move|p1a: balance|Stealth Rock|p2a: Clefable
|-sidestart|p2: Petunio Anastasio|move: Stealth Rock
|
|-damage|p1a: balance|315\/419 brn|[from] brn
|turn|6
|
|switch|p1a: just not leaving|Venusaur, F|341\/341
|switch|p2a: Ferrothorn|Ferrothorn, F|351\/351
|-damage|p2a: Ferrothorn|330\/351|[from] Stealth Rock
|
|-heal|p2a: Ferrothorn|351\/351|[from] item: Leftovers
|turn|7
|
|detailschange|p1a: just not leaving|Venusaur-Mega, F
|-mega|p1a: just not leaving|Venusaur|Venusaurite
|move|p1a: just not leaving|Hidden Power|p2a: Ferrothorn
|-supereffective|p2a: Ferrothorn
|-damage|p2a: Ferrothorn|135\/351
|move|p2a: Ferrothorn|Stealth Rock|p1a: just not leaving
|-sidestart|p1: so long lonesome|move: Stealth Rock
|
|-heal|p2a: Ferrothorn|156\/351|[from] item: Leftovers
|turn|8
|
|move|p2a: Ferrothorn|Protect|p2a: Ferrothorn
|-singleturn|p2a: Ferrothorn|Protect
|move|p1a: just not leaving|Sludge Bomb|p2a: Ferrothorn
|-immune|p2a: Ferrothorn|[msg]
|
|-heal|p2a: Ferrothorn|177\/351|[from] item: Leftovers
|turn|9
|
|switch|p2a: Latias|Latias, F|301\/301
|-damage|p2a: Latias|264\/301|[from] Stealth Rock
|move|p1a: just not leaving|Hidden Power|p2a: Latias
|-resisted|p2a: Latias
|-damage|p2a: Latias|245\/301
|
|turn|10
|
|switch|p1a: heavens backbone|Tornadus-Therian, M|309\/309 brn
|-damage|p1a: heavens backbone|232\/309 brn|[from] Stealth Rock
|move|p2a: Latias|Psyshock|p1a: heavens backbone
|-damage|p1a: heavens backbone|69\/309 brn
|
|-damage|p1a: heavens backbone|31\/309 brn|[from] brn
|turn|11
|
|move|p1a: heavens backbone|U-turn|p2a: Latias
|-supereffective|p2a: Latias
|-damage|p2a: Latias|189\/301
|
|switch|p1a: show gratitude|Gliscor, F|353\/353
|-damage|p1a: show gratitude|309\/353|[from] Stealth Rock
|move|p2a: Latias|Psyshock|p1a: show gratitude
|-damage|p1a: show gratitude|209\/353
|
|-status|p1a: show gratitude|tox|[from] item: Toxic Orb
|turn|12
|
|switch|p1a: krengverein|Starmie|323\/323
|-damage|p1a: krengverein|283\/323|[from] Stealth Rock
|move|p2a: Latias|Draco Meteor|p1a: krengverein
|-damage|p1a: krengverein|61\/323
|-unboost|p2a: Latias|spa|2
|
|-heal|p1a: krengverein|81\/323|[from] item: Leftovers
|turn|13
|
|switch|p2a: Rotom-Wash|Rotom-Wash|261\/303
|-damage|p2a: Rotom-Wash|224\/303|[from] Stealth Rock
|move|p1a: krengverein|Recover|p1a: krengverein
|-heal|p1a: krengverein|243\/323
|
|-heal|p1a: krengverein|263\/323|[from] item: Leftovers
|turn|14
|
|switch|p1a: show gratitude|Gliscor, F|209\/353 tox
|-damage|p1a: show gratitude|165\/353 tox|[from] Stealth Rock
|move|p2a: Rotom-Wash|Volt Switch|p1a: show gratitude
|-immune|p1a: show gratitude|[msg]
|
|-heal|p1a: show gratitude|209\/353 tox|[from] ability: Poison Heal
|turn|15
|
|move|p1a: show gratitude|Substitute|p1a: show gratitude
|-start|p1a: show gratitude|Substitute
|-damage|p1a: show gratitude|121\/353 tox
|move|p2a: Rotom-Wash|Hydro Pump|p1a: show gratitude
|-supereffective|p1a: show gratitude
|-end|p1a: show gratitude|Substitute
|
|-heal|p1a: show gratitude|165\/353 tox|[from] ability: Poison Heal
|turn|16
|
|switch|p2a: Lopunny|Lopunny, M|271\/271
|-damage|p2a: Lopunny|238\/271|[from] Stealth Rock
|move|p1a: show gratitude|Substitute|p1a: show gratitude
|-start|p1a: show gratitude|Substitute
|-damage|p1a: show gratitude|77\/353 tox
|
|-heal|p1a: show gratitude|121\/353 tox|[from] ability: Poison Heal
|turn|17
|
|switch|p2a: Clefable|Clefable, M|393\/393
|move|p1a: show gratitude|Baton Pass|p1a: show gratitude
|
|switch|p1a: just not leaving|Venusaur-Mega, F|341\/341
|-damage|p1a: just not leaving|299\/341|[from] Stealth Rock
|
|turn|18
|
|switch|p2a: Ferrothorn|Ferrothorn, F|177\/351
|-damage|p2a: Ferrothorn|156\/351|[from] Stealth Rock
|move|p1a: just not leaving|Sludge Bomb|p2a: Ferrothorn
|-immune|p2a: Ferrothorn|[msg]
|
|-heal|p2a: Ferrothorn|177\/351|[from] item: Leftovers
|turn|19
|
|move|p1a: just not leaving|Hidden Power|p2a: Ferrothorn
|-supereffective|p2a: Ferrothorn
|-damage|p2a: Ferrothorn|0 fnt
|faint|p2a: Ferrothorn
|
|
|switch|p2a: Latias|Latias, F|189\/301
|-damage|p2a: Latias|152\/301|[from] Stealth Rock
|turn|20
|
|move|p2a: Latias|Psyshock|p1a: just not leaving
|-supereffective|p1a: just not leaving
|-end|p1a: just not leaving|Substitute
|move|p1a: just not leaving|Sludge Bomb|p2a: Latias
|-damage|p2a: Latias|67\/301
|-status|p2a: Latias|psn
|
|-damage|p2a: Latias|30\/301 psn|[from] psn
|turn|21
|
|switch|p1a: heavens backbone|Tornadus-Therian, M|134\/309 brn
|-damage|p1a: heavens backbone|57\/309 brn|[from] Stealth Rock
|move|p2a: Latias|Draco Meteor|p1a: heavens backbone
|-damage|p1a: heavens backbone|0 fnt
|-unboost|p2a: Latias|spa|2
|faint|p1a: heavens backbone
|
|-damage|p2a: Latias|0 fnt|[from] psn
|faint|p2a: Latias
|
|switch|p1a: krengverein|Starmie|263\/323
|switch|p2a: Lopunny|Lopunny, M|238\/271
|-damage|p1a: krengverein|223\/323|[from] Stealth Rock
|-damage|p2a: Lopunny|205\/271|[from] Stealth Rock
|turn|22
|
|switch|p1a: balance|Garchomp, F|315\/419 brn
|-damage|p1a: balance|289\/419 brn|[from] Stealth Rock
|detailschange|p2a: Lopunny|Lopunny-Mega, M
|-mega|p2a: Lopunny|Lopunny|Lopunnite
|move|p2a: Lopunny|Fake Out|p1a: balance
|-damage|p1a: balance|228\/419 brn
|-damage|p2a: Lopunny|172\/271|[from] ability: Rough Skin|[of] p1a: balance
|-damage|p2a: Lopunny|127\/271|[from] item: Rocky Helmet|[of] p1a: balance
|
|-damage|p1a: balance|176\/419 brn|[from] brn
|turn|23
|
|switch|p2a: Clefable|Clefable, M|393\/393
|move|p1a: balance|Dragon Claw|p2a: Clefable
|-immune|p2a: Clefable|[msg]
|
|-damage|p1a: balance|124\/419 brn|[from] brn
|turn|24
|
|switch|p1a: krengverein|Starmie|223\/323
|-damage|p1a: krengverein|183\/323|[from] Stealth Rock
|switch|p2a: Rotom-Wash|Rotom-Wash|224\/303
|-damage|p2a: Rotom-Wash|187\/303|[from] Stealth Rock
|
|-heal|p1a: krengverein|203\/323|[from] item: Leftovers
|turn|25
|
|move|p1a: krengverein|Rapid Spin|p2a: Rotom-Wash
|-damage|p2a: Rotom-Wash|180\/303
|-sideend|p1: so long lonesome|Stealth Rock|[from] move: Rapid Spin|[of] p1a: krengverein
|move|p2a: Rotom-Wash|Volt Switch|p1a: krengverein
|-supereffective|p1a: krengverein
|-damage|p1a: krengverein|0 fnt
|faint|p1a: krengverein
|
|switch|p2a: Lopunny|Lopunny-Mega, M|127\/271
|-damage|p2a: Lopunny|111\/271|[from] Stealth Rock
|
|
|switch|p1a: balance|Garchomp, F|124\/419 brn
|turn|26
|
|switch|p2a: Clefable|Clefable, M|393\/393
|move|p1a: balance|Earthquake|p2a: Clefable
|-damage|p2a: Clefable|324\/393
|
|-heal|p2a: Clefable|348\/393|[from] item: Leftovers
|-damage|p1a: balance|72\/419 brn|[from] brn
|turn|27
|
|switch|p1a: just not leaving|Venusaur-Mega, F|299\/341
|move|p2a: Clefable|Calm Mind|p2a: Clefable
|-boost|p2a: Clefable|spa|1
|-boost|p2a: Clefable|spd|1
|
|-heal|p2a: Clefable|372\/393|[from] item: Leftovers
|turn|28
|
|switch|p2a: Landorus-Therian|Landorus-Therian, M|319\/319
|-damage|p2a: Landorus-Therian|280\/319|[from] Stealth Rock
|-ability|p2a: Landorus-Therian|Intimidate|[of] p1a: just not leaving
|-unboost|p1a: just not leaving|atk|1
|move|p1a: just not leaving|Sludge Bomb|p2a: Landorus-Therian
|-resisted|p2a: Landorus-Therian
|-damage|p2a: Landorus-Therian|182\/319
|
|turn|29
|
|move|p2a: Landorus-Therian|Earthquake|p1a: just not leaving
|-damage|p1a: just not leaving|133\/341
|move|p1a: just not leaving|Synthesis|p1a: just not leaving
|-heal|p1a: just not leaving|303\/341
|
|turn|30
|
|switch|p2a: Lopunny|Lopunny-Mega, M|111\/271
|-damage|p2a: Lopunny|95\/271|[from] Stealth Rock
|switch|p1a: show gratitude|Gliscor, F|121\/353 tox
|
|-heal|p1a: show gratitude|165\/353 tox|[from] ability: Poison Heal
|turn|31
|
|switch|p1a: balance|Garchomp, F|72\/419 brn
|move|p2a: Lopunny|Power-Up Punch|p1a: balance
|-damage|p1a: balance|6\/419 brn
|-damage|p2a: Lopunny|62\/271|[from] ability: Rough Skin|[of] p1a: balance
|-damage|p2a: Lopunny|17\/271|[from] item: Rocky Helmet|[of] p1a: balance
|-boost|p2a: Lopunny|atk|1
|
|-damage|p1a: balance|0 fnt|[from] brn
|faint|p1a: balance
|
|switch|p1a: oh boi|Crawdaunt, M|267\/267
|turn|32
|
|switch|p2a: Rotom-Wash|Rotom-Wash|180\/303
|-damage|p2a: Rotom-Wash|143\/303|[from] Stealth Rock
|move|p1a: oh boi|Aqua Jet|p2a: Rotom-Wash
|-resisted|p2a: Rotom-Wash
|-damage|p2a: Rotom-Wash|94\/303
|
|turn|33
|
|switch|p1a: just not leaving|Venusaur-Mega, F|303\/341
|move|p2a: Rotom-Wash|Volt Switch|p1a: just not leaving
|-resisted|p1a: just not leaving
|-damage|p1a: just not leaving|265\/341
|
|switch|p2a: Lopunny|Lopunny-Mega, M|17\/271
|-damage|p2a: Lopunny|1\/271|[from] Stealth Rock
|
|turn|34
|
|move|p2a: Lopunny|Fake Out|p1a: just not leaving
|-damage|p1a: just not leaving|201\/341
|cant|p1a: just not leaving|flinch
|
|turn|35
|
|switch|p1a: show gratitude|Gliscor, F|165\/353 tox
|move|p2a: Lopunny|Power-Up Punch|p1a: show gratitude
|-resisted|p1a: show gratitude
|-damage|p1a: show gratitude|133\/353 tox
|-boost|p2a: Lopunny|atk|1
|
|-heal|p1a: show gratitude|177\/353 tox|[from] ability: Poison Heal
|turn|36
|
|move|p2a: Lopunny|Frustration|p1a: show gratitude
|-damage|p1a: show gratitude|0 fnt
|faint|p1a: show gratitude
|
|
|switch|p1a: oh boi|Crawdaunt, M|267\/267
|turn|37
|
|move|p1a: oh boi|Aqua Jet|p2a: Lopunny
|-damage|p2a: Lopunny|0 fnt
|faint|p2a: Lopunny
|
|
|switch|p2a: Rotom-Wash|Rotom-Wash|94\/303
|-damage|p2a: Rotom-Wash|57\/303|[from] Stealth Rock
|turn|38
|
|move|p1a: oh boi|Aqua Jet|p2a: Rotom-Wash
|-resisted|p2a: Rotom-Wash
|-damage|p2a: Rotom-Wash|5\/303
|move|p2a: Rotom-Wash|Volt Switch|p1a: oh boi
|-supereffective|p1a: oh boi
|-damage|p1a: oh boi|13\/267
|
|switch|p2a: Clefable|Clefable, M|372\/393
|
|-heal|p2a: Clefable|393\/393|[from] item: Leftovers
|turn|39
|
|switch|p1a: just not leaving|Venusaur-Mega, F|201\/341
|move|p2a: Clefable|Moonblast|p1a: just not leaving
|-resisted|p1a: just not leaving
|-damage|p1a: just not leaving|153\/341
|
|turn|40
|
|switch|p2a: Rotom-Wash|Rotom-Wash|5\/303
|-damage|p2a: Rotom-Wash|0 fnt|[from] Stealth Rock
|faint|p2a: Rotom-Wash
|move|p1a: just not leaving|Synthesis|p1a: just not leaving
|-heal|p1a: just not leaving|323\/341
|
|
|switch|p2a: Landorus-Therian|Landorus-Therian, M|182\/319
|-damage|p2a: Landorus-Therian|143\/319|[from] Stealth Rock
|-ability|p2a: Landorus-Therian|Intimidate|[of] p1a: just not leaving
|-unboost|p1a: just not leaving|atk|1
|turn|41
|
|move|p2a: Landorus-Therian|Earthquake|p1a: just not leaving
|-damage|p1a: just not leaving|148\/341
|move|p1a: just not leaving|Giga Drain|p2a: Landorus-Therian
|-damage|p2a: Landorus-Therian|0 fnt
|-heal|p1a: just not leaving|220\/341|[from] drain|[of] p2a: Landorus-Therian
|faint|p2a: Landorus-Therian
|
|
|switch|p2a: Clefable|Clefable, M|393\/393
|turn|42
|c|âso long lonesome|gg
|
|move|p1a: just not leaving|Sludge Bomb|p2a: Clefable
|-supereffective|p2a: Clefable
|-damage|p2a: Clefable|3\/393
|move|p2a: Clefable|Moonblast|p1a: just not leaving
|-resisted|p1a: just not leaving
|-damage|p1a: just not leaving|175\/341
|
|-heal|p2a: Clefable|27\/393|[from] item: Leftovers
|turn|43
|
|move|p1a: just not leaving|Sludge Bomb|p2a: Clefable
|-supereffective|p2a: Clefable
|-damage|p2a: Clefable|0 fnt
|faint|p2a: Clefable
|
|win|so long lonesome
|raw|Ladder updating...
|raw|so long lonesome's rating: 1618 &rarr; <strong>1632<\/strong><br \/>(+14 for winning)
|raw|Petunio Anastasio's rating: 1524 &rarr; <strong>1509<\/strong><br \/>(-15 for losing)
|leave|Petunio Anastasio
|player|p2