|join|Petunio Anastasio
|join|coolblukid
|player|p1|Petunio Anastasio|160
|player|p2|coolblukid|170
|gametype|singles
|gen|6
|tier|OU
|rated
|clearpoke
|poke|p1|Charizard, F
|poke|p1|Keldeo-Resolute
|poke|p1|Tyranitar, M
|poke|p1|Landorus, M
|poke|p1|Ferrothorn, F
|poke|p1|Latias, F
|poke|p2|Conkeldurr, M
|poke|p2|Breloom, F
|poke|p2|Rotom-Wash
|poke|p2|Chansey, F
|poke|p2|Metagross
|poke|p2|Donphan, F
|rule|Swagger Clause: Swagger is banned
|rule|Baton Pass Clause: Limit one PokÃ©mon knowing Baton Pass
|rule|Sleep Clause Mod: Limit one foe put to sleep
|rule|Species Clause: Limit one of each PokÃ©mon
|rule|OHKO Clause: OHKO moves are banned
|rule|Moody Clause: Moody is banned
|rule|Evasion Moves Clause: Evasion moves are banned
|rule|Endless Battle Clause: Forcing endless battles is banned
|rule|HP Percentage Mod: HP is shown in percentages
|teampreview
|
|start
|switch|p1a: Latias|Latias, F|301\/301
|switch|p2a: Rotom-Wash|Rotom-Wash|304\/304
|turn|1
|
|switch|p2a: Chansey|Chansey, F|642\/642
|move|p1a: Latias|Draco Meteor|p2a: Chansey
|-damage|p2a: Chansey|506\/642
|-unboost|p1a: Latias|spa|2
|-damage|p1a: Latias|271\/301|[from] item: Life Orb
|
|turn|2
|
|switch|p1a: Ferrothorn|Ferrothorn, F|351\/351
|move|p2a: Chansey|Seismic Toss|p1a: Ferrothorn
|-damage|p1a: Ferrothorn|251\/351
|-damage|p2a: Chansey|426\/642|[from] ability: Iron Barbs|[of] p1a: Ferrothorn
|-damage|p2a: Chansey|319\/642|[from] item: Rocky Helmet|[of] p1a: Ferrothorn
|
|turn|3
|
|move|p2a: Chansey|Soft-Boiled|p2a: Chansey
|-heal|p2a: Chansey|640\/642
|move|p1a: Ferrothorn|Stealth Rock|p2a: Chansey
|-sidestart|p2: coolblukid|move: Stealth Rock
|
|turn|4
|
|switch|p2a: Donphan|Donphan, F|384\/384
|-damage|p2a: Donphan|360\/384|[from] Stealth Rock
|move|p1a: Ferrothorn|Spikes|p2a: Donphan
|-sidestart|p2: coolblukid|Spikes
|
|-heal|p2a: Donphan|384\/384|[from] item: Leftovers
|turn|5
|
|move|p2a: Donphan|Rapid Spin|p1a: Ferrothorn
|-resisted|p1a: Ferrothorn
|-damage|p1a: Ferrothorn|242\/351
|-damage|p2a: Donphan|336\/384|[from] ability: Iron Barbs|[of] p1a: Ferrothorn
|-damage|p2a: Donphan|272\/384|[from] item: Rocky Helmet|[of] p1a: Ferrothorn
|-sideend|p2: coolblukid|Spikes|[from] move: Rapid Spin|[of] p2a: Donphan
|-sideend|p2: coolblukid|Stealth Rock|[from] move: Rapid Spin|[of] p2a: Donphan
|move|p1a: Ferrothorn|Leech Seed|p2a: Donphan|[miss]
|-miss|p1a: Ferrothorn|p2a: Donphan
|
|-heal|p2a: Donphan|296\/384|[from] item: Leftovers
|turn|6
|
|move|p2a: Donphan|Earthquake|p1a: Ferrothorn
|-damage|p1a: Ferrothorn|110\/351
|move|p1a: Ferrothorn|Stealth Rock|p2a: Donphan
|-sidestart|p2: coolblukid|move: Stealth Rock
|
|-heal|p2a: Donphan|320\/384|[from] item: Leftovers
|turn|7
|
|move|p2a: Donphan|Earthquake|p1a: Ferrothorn
|-damage|p1a: Ferrothorn|0 fnt
|faint|p1a: Ferrothorn
|
|-heal|p2a: Donphan|344\/384|[from] item: Leftovers
|
|switch|p1a: Charizard|Charizard, F|309\/309
|turn|8
|
|detailschange|p1a: Charizard|Charizard-Mega-Y, F
|-mega|p1a: Charizard|Charizard|Charizardite Y
|-weather|SunnyDay
|move|p1a: Charizard|Flamethrower|p2a: Donphan
|-damage|p2a: Donphan|0 fnt
|faint|p2a: Donphan
|
|-weather|SunnyDay|[upkeep]
|
|switch|p2a: Chansey|Chansey, F|640\/642
|-damage|p2a: Chansey|560\/642|[from] Stealth Rock
|turn|9
|
|switch|p1a: Tyranitar|Tyranitar, M|341\/341
|-weather|Sandstorm
|move|p2a: Chansey|Seismic Toss|p1a: Tyranitar
|-damage|p1a: Tyranitar|241\/341
|
|-weather|Sandstorm|[upkeep]
|-damage|p2a: Chansey|520\/642|[from] sandstorm
|turn|10
|
|move|p1a: Tyranitar|Superpower|p2a: Chansey
|-supereffective|p2a: Chansey
|-damage|p2a: Chansey|102\/642
|-unboost|p1a: Tyranitar|atk|1
|-unboost|p1a: Tyranitar|def|1
|move|p2a: Chansey|Soft-Boiled|p2a: Chansey
|-heal|p2a: Chansey|423\/642
|
|-weather|Sandstorm|[upkeep]
|-damage|p2a: Chansey|383\/642|[from] sandstorm
|turn|11
|
|switch|p1a: Keldeo-Resolute|Keldeo-Resolute|323\/323
|move|p2a: Chansey|Soft-Boiled|p2a: Chansey
|-heal|p2a: Chansey|642\/642
|
|-weather|Sandstorm|[upkeep]
|-damage|p1a: Keldeo-Resolute|303\/323|[from] sandstorm
|-damage|p2a: Chansey|602\/642|[from] sandstorm
|turn|12
|
|move|p1a: Keldeo-Resolute|Secret Sword|p2a: Chansey
|-supereffective|p2a: Chansey
|-damage|p2a: Chansey|218\/642
|move|p2a: Chansey|Soft-Boiled|p2a: Chansey
|-heal|p2a: Chansey|539\/642
|
|-weather|Sandstorm|[upkeep]
|-damage|p1a: Keldeo-Resolute|283\/323|[from] sandstorm
|-damage|p2a: Chansey|499\/642|[from] sandstorm
|turn|13
|
|switch|p2a: Rotom-Wash|Rotom-Wash|304\/304
|-damage|p2a: Rotom-Wash|266\/304|[from] Stealth Rock
|move|p1a: Keldeo-Resolute|Secret Sword|p2a: Rotom-Wash
|-damage|p2a: Rotom-Wash|164\/304
|
|-weather|none
|-heal|p2a: Rotom-Wash|183\/304|[from] item: Leftovers
|turn|14
|
|switch|p1a: Latias|Latias, F|271\/301
|move|p2a: Rotom-Wash|Volt Switch|p1a: Latias
|-resisted|p1a: Latias
|-damage|p1a: Latias|238\/301
|
|switch|p2a: Metagross|Metagross|302\/302
|-damage|p2a: Metagross|284\/302|[from] Stealth Rock
|
|turn|15
|
|switch|p1a: Keldeo-Resolute|Keldeo-Resolute|283\/323
|detailschange|p2a: Metagross|Metagross-Mega
|-mega|p2a: Metagross|Metagross|Metagrossite
|move|p2a: Metagross|Meteor Mash|p1a: Keldeo-Resolute
|-resisted|p1a: Keldeo-Resolute
|-damage|p1a: Keldeo-Resolute|160\/323
|
|turn|16
|
|move|p1a: Keldeo-Resolute|Hydro Pump|p2a: Metagross
|-damage|p2a: Metagross|119\/302
|move|p2a: Metagross|Zen Headbutt|p1a: Keldeo-Resolute
|-supereffective|p1a: Keldeo-Resolute
|-damage|p1a: Keldeo-Resolute|0 fnt
|faint|p1a: Keldeo-Resolute
|
|
|switch|p1a: Tyranitar|Tyranitar, M|241\/341
|-weather|Sandstorm
|turn|17
|
|move|p1a: Tyranitar|Pursuit|p2a: Metagross
|-supereffective|p2a: Metagross
|-damage|p2a: Metagross|15\/302
|move|p2a: Metagross|Meteor Mash|p1a: Tyranitar
|-supereffective|p1a: Tyranitar
|-damage|p1a: Tyranitar|0 fnt
|-boost|p2a: Metagross|atk|1
|faint|p1a: Tyranitar
|
|-weather|Sandstorm|[upkeep]
|
|switch|p1a: Latias|Latias, F|238\/301
|turn|18
|
|move|p2a: Metagross|Meteor Mash|p1a: Latias
|-crit|p1a: Latias
|-damage|p1a: Latias|0 fnt
|faint|p1a: Latias
|
|-weather|Sandstorm|[upkeep]
|
|switch|p1a: Charizard|Charizard-Mega-Y, F|309\/309
|-weather|SunnyDay
|turn|19
|
|move|p2a: Metagross|Zen Headbutt|p1a: Charizard
|-damage|p1a: Charizard|0 fnt
|faint|p1a: Charizard
|
|-weather|SunnyDay|[upkeep]
|
|switch|p1a: Landorus|Landorus, M|319\/319
|turn|20
|c|âPetunio Anastasio|"g"g
|
|move|p2a: Metagross|Zen Headbutt|p1a: Landorus
|-damage|p1a: Landorus|0 fnt
|faint|p1a: Landorus
|
|win|coolblukid
|raw|Ladder updating...
|c|âcoolblukid|gg
|leave|Petunio Anastasio
|player|p1
|raw|Petunio Anastasio's rating: 1654 &rarr; <strong>1626<\/strong><br \/>(-28 for losing)
|raw|coolblukid's rating: 1523 &rarr; <strong>1550<\/strong><br \/>(+27 for winning)