|join|poek69x
|join|galaticking
|player|p1|poek69x|283
|player|p2|galaticking|162
|gametype|singles
|gen|6
|tier|OU
|rated
|clearpoke
|poke|p1|Terrakion
|poke|p1|Clefable, F
|poke|p1|Gyarados, M
|poke|p1|Ferrothorn, F
|poke|p1|Thundurus, M
|poke|p1|Latias, F
|poke|p2|Azumarill, F
|poke|p2|Venusaur, M
|poke|p2|Heatran, M
|poke|p2|Latios, M
|poke|p2|Landorus, M
|poke|p2|Rotom-Wash
|rule|Swagger Clause: Swagger is banned
|rule|Baton Pass Clause: Limit one PokÃ©mon knowing Baton Pass
|rule|Sleep Clause Mod: Limit one foe put to sleep
|rule|Species Clause: Limit one of each PokÃ©mon
|rule|OHKO Clause: OHKO moves are banned
|rule|Moody Clause: Moody is banned
|rule|Evasion Moves Clause: Evasion moves are banned
|rule|Endless Battle Clause: Forcing endless battles is banned
|rule|HP Percentage Mod: HP is reported as percentages
|teampreview
|
|start
|switch|p1a: Latias|Latias, F|319\/319
|switch|p2a: Heatran|Heatran, M|386\/386
|-item|p2a: Heatran|Air Balloon
|turn|1
|
|switch|p1a: Terrakion|Terrakion|323\/323
|move|p2a: Heatran|Hidden Power|p1a: Terrakion
|-damage|p1a: Terrakion|239\/323
|
|turn|2
|chat|poek69x|go to venu
|
|switch|p2a: Venusaur|Venusaur, M|364\/364
|move|p1a: Terrakion|Close Combat|p2a: Venusaur
|-resisted|p2a: Venusaur
|-damage|p2a: Venusaur|272\/364
|-unboost|p1a: Terrakion|def|1
|-unboost|p1a: Terrakion|spd|1
|
|turn|3
|chat|galaticking|sorry chatting
|
|switch|p1a: Latias|Latias, F|319\/319
|detailschange|p2a: Venusaur|Venusaur-Mega, M
|message|Venusaur has Mega Evolved into Mega Venusaur!
|move|p2a: Venusaur|Giga Drain|p1a: Latias
|-resisted|p1a: Latias
|-damage|p1a: Latias|275\/319
|-heal|p2a: Venusaur|294\/364|[from] drain|[of] p1a: Latias
|
|turn|4
|chat|poek69x|np
|
|move|p1a: Latias|Psyshock|p2a: Venusaur
|-supereffective|p2a: Venusaur
|-damage|p2a: Venusaur|83\/364
|-damage|p1a: Latias|244\/319|[from] item: Life Orb
|move|p2a: Venusaur|Leech Seed|p1a: Latias
|-start|p1a: Latias|move: Leech Seed
|
|-damage|p1a: Latias|205\/319|[from] Leech Seed|[of] p2a: Venusaur
|-heal|p2a: Venusaur|122\/364|[silent]
|turn|5
|
|switch|p2a: Latios|Latios, M|302\/302
|move|p1a: Latias|Psyshock|p2a: Latios
|-resisted|p2a: Latios
|-damage|p2a: Latios|214\/302
|-damage|p1a: Latias|174\/319|[from] item: Life Orb
|
|-damage|p1a: Latias|135\/319|[from] Leech Seed|[of] p2a: Latios
|-heal|p2a: Latios|253\/302|[silent]
|turn|6
|
|switch|p1a: Clefable|Clefable, F|394\/394
|move|p2a: Latios|Draco Meteor|p1a: Clefable
|-immune|p1a: Clefable|[msg]
|
|turn|7
|
|switch|p2a: Venusaur|Venusaur-Mega, M|122\/364
|move|p1a: Clefable|Stealth Rock|p2a: Venusaur
|-sidestart|p2: galaticking|move: Stealth Rock
|
|turn|8
|
|switch|p1a: Latias|Latias, F|135\/319
|move|p2a: Venusaur|Sludge Bomb|p1a: Latias
|-damage|p1a: Latias|35\/319
|
|turn|9
|
|switch|p2a: Rotom-Wash|Rotom-Wash|304\/304
|-damage|p2a: Rotom-Wash|266\/304|[from] Stealth Rock
|move|p1a: Latias|Psyshock|p2a: Rotom-Wash
|-damage|p2a: Rotom-Wash|110\/304
|-damage|p1a: Latias|4\/319|[from] item: Life Orb
|
|-heal|p2a: Rotom-Wash|129\/304|[from] item: Leftovers
|turn|10
|
|move|p1a: Latias|Roost|p1a: Latias
|-heal|p1a: Latias|164\/319
|move|p2a: Rotom-Wash|Volt Switch|p1a: Latias
|-resisted|p1a: Latias
|-damage|p1a: Latias|127\/319
|
|switch|p2a: Azumarill|Azumarill, F|404\/404
|-damage|p2a: Azumarill|354\/404|[from] Stealth Rock
|
|turn|11
|
|move|p1a: Latias|Psyshock|p2a: Azumarill
|-damage|p2a: Azumarill|154\/404
|-damage|p1a: Latias|96\/319|[from] item: Life Orb
|-enditem|p2a: Azumarill|Sitrus Berry|[eat]
|-heal|p2a: Azumarill|255\/404|[from] item: Sitrus Berry
|move|p2a: Azumarill|Belly Drum|p2a: Azumarill
|-damage|p2a: Azumarill|53\/404
|-setboost|p2a: Azumarill|atk|6|[from] move: Belly Drum
|
|turn|12
|
|switch|p1a: Ferrothorn|Ferrothorn, F|352\/352
|move|p2a: Azumarill|Aqua Jet|p1a: Ferrothorn
|-resisted|p1a: Ferrothorn
|-damage|p1a: Ferrothorn|243\/352
|-damage|p2a: Azumarill|3\/404|[from] ability: Iron Barbs|[of] p1a: Ferrothorn
|
|-heal|p1a: Ferrothorn|265\/352|[from] item: Leftovers
|turn|13
|
|move|p2a: Azumarill|Superpower|p1a: Ferrothorn
|-supereffective|p1a: Ferrothorn
|-damage|p1a: Ferrothorn|0 fnt
|-damage|p2a: Azumarill|0 fnt|[from] ability: Iron Barbs|[of] p1a: Ferrothorn
|faint|p2a: Azumarill
|faint|p1a: Ferrothorn
|
|
|switch|p1a: Gyarados|Gyarados, M|331\/331
|switch|p2a: Heatran|Heatran, M|386\/386
|-damage|p2a: Heatran|338\/386|[from] Stealth Rock
|-ability|p1a: Gyarados|Intimidate|[of] p2a: Heatran
|-unboost|p2a: Heatran|atk|1
|-item|p2a: Heatran|Air Balloon
|turn|14
|
|detailschange|p1a: Gyarados|Gyarados-Mega, M
|message|Gyarados has Mega Evolved into Mega Gyarados!
|-ability|p1a: Gyarados|Mold Breaker
|move|p1a: Gyarados|Waterfall|p2a: Heatran
|-supereffective|p2a: Heatran
|-damage|p2a: Heatran|0 fnt
|-enditem|p2a: Heatran|Air Balloon
|faint|p2a: Heatran
|
|
|switch|p2a: Rotom-Wash|Rotom-Wash|129\/304
|-damage|p2a: Rotom-Wash|91\/304|[from] Stealth Rock
|turn|15
|
|move|p1a: Gyarados|Earthquake|p2a: Rotom-Wash
|-supereffective|p2a: Rotom-Wash
|-damage|p2a: Rotom-Wash|0 fnt
|faint|p2a: Rotom-Wash
|
|
|switch|p2a: Latios|Latios, M|253\/302
|-damage|p2a: Latios|216\/302|[from] Stealth Rock
|turn|16
|
|move|p2a: Latios|Thunderbolt|p1a: Gyarados
|-supereffective|p1a: Gyarados
|-damage|p1a: Gyarados|81\/331
|move|p1a: Gyarados|Dragon Dance|p1a: Gyarados
|-boost|p1a: Gyarados|atk|1
|-boost|p1a: Gyarados|spe|1
|
|turn|17
|
|move|p1a: Gyarados|Ice Fang|p2a: Latios
|-crit|p2a: Latios
|-supereffective|p2a: Latios
|-damage|p2a: Latios|0 fnt
|faint|p2a: Latios
|
|
|switch|p2a: Venusaur|Venusaur-Mega, M|122\/364
|-damage|p2a: Venusaur|77\/364|[from] Stealth Rock
|turn|18
|-message|galaticking forfeited.
|
|win|poek69x
|raw|Ladder updating...
|leave|galaticking
|player|p2
|raw|poek69x's rating: 1638 &rarr; <strong>1653<\/strong><br \/>(+15 for winning)
|raw|galaticking's rating: 1551 &rarr; <strong>1536<\/strong><br \/>(-15 for losing)