|join|teeraa
|join|poek69x
|player|p1|teeraa|280
|player|p2|poek69x|283
|gametype|singles
|gen|6
|tier|OU
|clearpoke
|poke|p1|Altaria, F
|poke|p1|Magnezone
|poke|p1|Tentacruel, M
|poke|p1|Greninja, M
|poke|p1|Landorus-Therian, M
|poke|p1|Azumarill, F
|poke|p2|Crawdaunt, F
|poke|p2|Celebi
|poke|p2|Heatran, F
|poke|p2|Manectric, F
|poke|p2|Landorus-Therian, M
|poke|p2|Gengar, F
|rule|Swagger Clause: Swagger is banned
|rule|Baton Pass Clause: Limit one PokÃ©mon knowing Baton Pass
|rule|Sleep Clause Mod: Limit one foe put to sleep
|rule|Species Clause: Limit one of each PokÃ©mon
|rule|OHKO Clause: OHKO moves are banned
|rule|Moody Clause: Moody is banned
|rule|Evasion Moves Clause: Evasion moves are banned
|rule|Endless Battle Clause: Forcing endless battles is banned
|rule|HP Percentage Mod: HP is shown in percentages
|teampreview
|c|âteeraa|estoy cansado del volturn
|c|âteeraa|;((((((((((
|c|âpoek69x|manectric ni se usa ya
|c|âpoek69x|no se de que te quejas
|
|start
|switch|p1a: Landorus-Therian|Landorus-Therian, M|381\/381
|switch|p2a: Manectric|Manectric, F|281\/281
|-ability|p1a: Landorus-Therian|Intimidate|[of] p2a: Manectric
|-unboost|p2a: Manectric|atk|1
|turn|1
|c|âteeraa|pero los hacen con beedrill y lopunny
|
|switch|p2a: Landorus-Therian|Landorus-Therian, M|319\/319
|-ability|p2a: Landorus-Therian|Intimidate|[of] p1a: Landorus-Therian
|-unboost|p1a: Landorus-Therian|atk|1
|move|p1a: Landorus-Therian|Earthquake|p2a: Landorus-Therian
|-immune|p2a: Landorus-Therian|[msg]
|
|turn|2
|
|switch|p1a: Azumarill|Azumarill, F|404\/404
|move|p2a: Landorus-Therian|U-turn|p1a: Azumarill
|-resisted|p1a: Azumarill
|-damage|p1a: Azumarill|345\/404
|
|switch|p2a: Celebi|Celebi|404\/404
|
|turn|3
|
|move|p2a: Celebi|Substitute|p2a: Celebi
|-start|p2a: Celebi|Substitute
|-damage|p2a: Celebi|303\/404
|move|p1a: Azumarill|Knock Off|p2a: Celebi
|-supereffective|p2a: Celebi
|-end|p2a: Celebi|Substitute
|
|-heal|p2a: Celebi|328\/404|[from] item: Leftovers
|turn|4
|
|move|p2a: Celebi|Giga Drain|p1a: Azumarill
|-supereffective|p1a: Azumarill
|-damage|p1a: Azumarill|195\/404
|-heal|p2a: Celebi|403\/404|[from] drain|[of] p1a: Azumarill
|move|p1a: Azumarill|Waterfall|p2a: Celebi
|-resisted|p2a: Celebi
|-damage|p2a: Celebi|339\/404
|
|-heal|p2a: Celebi|364\/404|[from] item: Leftovers
|turn|5
|
|switch|p1a: Tentacruel|Tentacruel, M|363\/363
|move|p2a: Celebi|Giga Drain|p1a: Tentacruel
|-crit|p1a: Tentacruel
|-damage|p1a: Tentacruel|282\/363
|-damage|p2a: Celebi|323\/404|[from] ability: Liquid Ooze|[of] p1a: Tentacruel
|
|-heal|p2a: Celebi|348\/404|[from] item: Leftovers
|-heal|p1a: Tentacruel|304\/363|[from] item: Black Sludge
|turn|6
|
|move|p2a: Celebi|Substitute|p2a: Celebi
|-start|p2a: Celebi|Substitute
|-damage|p2a: Celebi|247\/404
|move|p1a: Tentacruel|Toxic Spikes|p2a: Celebi
|-sidestart|p2: poek69x|move: Toxic Spikes
|
|-heal|p2a: Celebi|272\/404|[from] item: Leftovers
|-heal|p1a: Tentacruel|326\/363|[from] item: Black Sludge
|turn|7
|
|switch|p1a: Azumarill|Azumarill, F|195\/404
|move|p2a: Celebi|Baton Pass|p2a: Celebi
|
|switch|p2a: Gengar|Gengar, F|261\/261
|
|turn|8
|
|move|p1a: Azumarill|Aqua Jet|p2a: Gengar
|-end|p2a: Gengar|Substitute
|move|p2a: Gengar|Shadow Ball|p1a: Azumarill
|-damage|p1a: Azumarill|57\/404
|-damage|p2a: Gengar|235\/261|[from] item: Life Orb
|
|turn|9
|c|âteeraa|me habia ido al magne
|c|âteeraa|ahhhh
|
|switch|p2a: Celebi|Celebi|272\/404
|-status|p2a: Celebi|psn
|switch|p1a: Magnezone|Magnezone|281\/281
|
|-heal|p2a: Celebi|297\/404 psn|[from] item: Leftovers
|-damage|p2a: Celebi|247\/404 psn|[from] psn
|turn|10
|
|move|p1a: Magnezone|Flash Cannon|p2a: Celebi
|-damage|p2a: Celebi|103\/404 psn
|move|p2a: Celebi|Recover|p2a: Celebi
|-heal|p2a: Celebi|305\/404 psn
|
|-heal|p2a: Celebi|330\/404 psn|[from] item: Leftovers
|-damage|p2a: Celebi|280\/404 psn|[from] psn
|turn|11
|
|move|p1a: Magnezone|Flash Cannon|p2a: Celebi
|-damage|p2a: Celebi|148\/404 psn
|move|p2a: Celebi|Recover|p2a: Celebi
|-heal|p2a: Celebi|350\/404 psn
|
|-heal|p2a: Celebi|375\/404 psn|[from] item: Leftovers
|-damage|p2a: Celebi|325\/404 psn|[from] psn
|turn|12
|
|move|p1a: Magnezone|Flash Cannon|p2a: Celebi
|-crit|p2a: Celebi
|-damage|p2a: Celebi|97\/404 psn
|move|p2a: Celebi|Baton Pass|p2a: Celebi
|
|switch|p2a: Heatran|Heatran, F|386\/386
|
|turn|13
|c|âteeraa|ala
|
|switch|p1a: Tentacruel|Tentacruel, M|326\/363
|move|p2a: Heatran|Stealth Rock|p1a: Tentacruel
|-sidestart|p1: teeraa|move: Stealth Rock
|
|-heal|p1a: Tentacruel|348\/363|[from] item: Black Sludge
|turn|14
|c|âpoek69x|esto cuando vaya yo al crawdaunt
|c|âpoek69x|pasa algo aqui
|
|switch|p2a: Manectric|Manectric, F|281\/281
|-status|p2a: Manectric|psn
|move|p1a: Tentacruel|Knock Off|p2a: Manectric
|-damage|p2a: Manectric|227\/281 psn
|
|-heal|p1a: Tentacruel|363\/363|[from] item: Black Sludge
|-damage|p2a: Manectric|192\/281 psn|[from] psn
|turn|15
|
|switch|p1a: Landorus-Therian|Landorus-Therian, M|381\/381
|-damage|p1a: Landorus-Therian|334\/381|[from] Stealth Rock
|-ability|p1a: Landorus-Therian|Intimidate|[of] p2a: Manectric
|-unboost|p2a: Manectric|atk|1
|detailschange|p2a: Manectric|Manectric-Mega, F
|message|Manectric has Mega Evolved into Mega Manectric!
|-ability|p2a: Manectric|Intimidate|[of] p1a: Landorus-Therian
|-unboost|p1a: Landorus-Therian|atk|1
|move|p2a: Manectric|Volt Switch|p1a: Landorus-Therian
|-immune|p1a: Landorus-Therian|[msg]
|
|-heal|p1a: Landorus-Therian|357\/381|[from] item: Leftovers
|-damage|p2a: Manectric|157\/281 psn|[from] psn
|turn|16
|c|âpoek69x|por q haces el play mas obvio
|c|âteeraa|ehehee
|c|âpoek69x|de la historia
|c|âteeraa|porque sabia que no harias hp ice
|
|move|p2a: Manectric|Flamethrower|p1a: Landorus-Therian
|-damage|p1a: Landorus-Therian|232\/381
|-status|p1a: Landorus-Therian|brn
|move|p1a: Landorus-Therian|Earthquake|p2a: Manectric
|-supereffective|p2a: Manectric
|-damage|p2a: Manectric|25\/281 psn
|
|-heal|p1a: Landorus-Therian|255\/381 brn|[from] item: Leftovers
|-damage|p2a: Manectric|0 fnt|[from] psn
|-damage|p1a: Landorus-Therian|208\/381 brn|[from] brn
|faint|p2a: Manectric
|
|switch|p2a: Gengar|Gengar, F|235\/261
|turn|17
|
|move|p2a: Gengar|Shadow Ball|p1a: Landorus-Therian
|-damage|p1a: Landorus-Therian|0 fnt
|-damage|p2a: Gengar|209\/261|[from] item: Life Orb
|faint|p1a: Landorus-Therian
|
|
|switch|p1a: Tentacruel|Tentacruel, M|363\/363
|-damage|p1a: Tentacruel|318\/363|[from] Stealth Rock
|turn|18
|
|move|p2a: Gengar|Shadow Ball|p1a: Tentacruel
|-damage|p1a: Tentacruel|197\/363
|-damage|p2a: Gengar|183\/261|[from] item: Life Orb
|move|p1a: Tentacruel|Knock Off|p2a: Gengar
|-supereffective|p2a: Gengar
|-damage|p2a: Gengar|37\/261
|-enditem|p2a: Gengar|Life Orb|[from] move: Knock Off|[of] p1a: Tentacruel
|
|-heal|p1a: Tentacruel|219\/363|[from] item: Black Sludge
|turn|19
|
|move|p2a: Gengar|Shadow Ball|p1a: Tentacruel
|-damage|p1a: Tentacruel|122\/363
|move|p1a: Tentacruel|Scald|p2a: Gengar
|-damage|p2a: Gengar|0 fnt
|faint|p2a: Gengar
|
|-heal|p1a: Tentacruel|144\/363|[from] item: Black Sludge
|
|switch|p2a: Crawdaunt|Crawdaunt, F|267\/267
|-status|p2a: Crawdaunt|psn
|turn|20
|
|move|p1a: Tentacruel|Rapid Spin|p2a: Crawdaunt
|-damage|p2a: Crawdaunt|254\/267 psn
|-sideend|p1: teeraa|Stealth Rock|[from] move: Rapid Spin|[of] p1a: Tentacruel
|move|p2a: Crawdaunt|Knock Off|p1a: Tentacruel
|-damage|p1a: Tentacruel|0 fnt
|-enditem|p1a: Tentacruel|Black Sludge|[from] move: Knock Off|[of] p2a: Crawdaunt
|-damage|p2a: Crawdaunt|228\/267 psn|[from] item: Life Orb
|faint|p1a: Tentacruel
|
|-damage|p2a: Crawdaunt|195\/267 psn|[from] psn
|
|switch|p1a: Altaria|Altaria, F|351\/351
|turn|21
|c|âpoek69x|si tienes eq
|c|âpoek69x|gg
|c|âteeraa|no
|
|switch|p1a: Greninja|Greninja, M|285\/285
|switch|p2a: Heatran|Heatran, F|386\/386
|
|turn|22
|
|move|p1a: Greninja|Hydro Pump|p2a: Heatran
|-start|p1a: Greninja|typechange|Water|[from] Protean
|-supereffective|p2a: Heatran
|-damage|p2a: Heatran|66\/386
|-damage|p1a: Greninja|257\/285|[from] item: Life Orb
|move|p2a: Heatran|Lava Plume|p1a: Greninja
|-crit|p1a: Greninja
|-resisted|p1a: Greninja
|-damage|p1a: Greninja|131\/285
|
|-heal|p2a: Heatran|90\/386|[from] item: Leftovers
|turn|23
|
|move|p2a: Heatran|Protect|p2a: Heatran
|-singleturn|p2a: Heatran|Protect
|move|p1a: Greninja|Dark Pulse|p2a: Heatran
|-start|p1a: Greninja|typechange|Dark|[from] Protean
|-activate|p2a: Heatran|Protect
|
|-heal|p2a: Heatran|114\/386|[from] item: Leftovers
|turn|24
|
|switch|p2a: Celebi|Celebi|97\/404
|-status|p2a: Celebi|psn
|move|p1a: Greninja|Hydro Pump|p2a: Celebi
|-start|p1a: Greninja|typechange|Water|[from] Protean
|-resisted|p2a: Celebi
|-damage|p2a: Celebi|0 fnt
|-damage|p1a: Greninja|103\/285|[from] item: Life Orb
|faint|p2a: Celebi
|
|
|switch|p2a: Landorus-Therian|Landorus-Therian, M|319\/319
|-ability|p2a: Landorus-Therian|Intimidate|[of] p1a: Greninja
|-unboost|p1a: Greninja|atk|1
|turn|25
|
|switch|p1a: Magnezone|Magnezone|281\/281
|move|p2a: Landorus-Therian|U-turn|p1a: Magnezone
|-resisted|p1a: Magnezone
|-damage|p1a: Magnezone|241\/281
|
|switch|p2a: Heatran|Heatran, F|114\/386
|
|-heal|p2a: Heatran|138\/386|[from] item: Leftovers
|turn|26
|
|move|p1a: Magnezone|Thunderbolt|p2a: Heatran
|-damage|p2a: Heatran|24\/386
|move|p2a: Heatran|Lava Plume|p1a: Magnezone
|-supereffective|p1a: Magnezone
|-damage|p1a: Magnezone|0 fnt
|faint|p1a: Magnezone
|
|-heal|p2a: Heatran|48\/386|[from] item: Leftovers
|
|switch|p1a: Azumarill|Azumarill, F|57\/404
|turn|27
|
|move|p2a: Heatran|Protect|p2a: Heatran
|-singleturn|p2a: Heatran|Protect
|move|p1a: Azumarill|Aqua Jet|p2a: Heatran
|-activate|p2a: Heatran|Protect
|
|-heal|p2a: Heatran|72\/386|[from] item: Leftovers
|turn|28
|c|âteeraa|ganame rapido
|c|âpoek69x|na
|c|âpoek69x|voy a ver un video de mientras
|c|âteeraa|que me decespero
|c|âteeraa|que hijo puta xD
|c|âpoek69x|jaajjajajj
|c|âteeraa|ya xD
|c|âteeraa|juegue
|c|âpoek69x|se que has clicado play rough
|c|âpoek69x|es que si no gano
|c|âpoek69x|directamente
|c|âteeraa|pues ganame xD
|c|âpoek69x|si me voy al crawdaunt
|c|âpoek69x|aqui
|c|âpoek69x|y haces aqua
|c|âpoek69x|gano
|c|âteeraa|ok
|c|âteeraa|te criteare de todos modos
|c|âteeraa|lo veo venir
|c|âpoek69x|macho
|c|âpoek69x|es que para mi es dificil
|c|âpoek69x|si hubieras hecho mega al altaria ya
|c|âteeraa|pero es un puto juego para que veas al team que hice anoche xD
|c|âteeraa|nada mas
|
|move|p1a: Azumarill|Aqua Jet|p2a: Heatran
|-supereffective|p2a: Heatran
|-damage|p2a: Heatran|0 fnt
|faint|p2a: Heatran
|
|
|switch|p2a: Crawdaunt|Crawdaunt, F|195\/267 psn
|turn|29
|
|move|p2a: Crawdaunt|Knock Off|p1a: Azumarill
|-resisted|p1a: Azumarill
|-damage|p1a: Azumarill|0 fnt
|-enditem|p1a: Azumarill|Assault Vest|[from] move: Knock Off|[of] p2a: Crawdaunt
|-damage|p2a: Crawdaunt|169\/267 psn|[from] item: Life Orb
|faint|p1a: Azumarill
|
|-damage|p2a: Crawdaunt|136\/267 psn|[from] psn
|
|switch|p1a: Greninja|Greninja, M|103\/285
|turn|30
|
|move|p2a: Crawdaunt|Aqua Jet|p1a: Greninja
|-crit|p1a: Greninja
|-resisted|p1a: Greninja
|-damage|p1a: Greninja|0 fnt
|-damage|p2a: Crawdaunt|110\/267 psn|[from] item: Life Orb
|faint|p1a: Greninja
|
|-damage|p2a: Crawdaunt|77\/267 psn|[from] psn
|c|âteeraa|lol
|
|switch|p1a: Altaria|Altaria, F|351\/351
|turn|31
|c|âpoek69x|creo que no importo
|
|detailschange|p1a: Altaria|Altaria-Mega, F
|message|Altaria has Mega Evolved into Mega Altaria!
|move|p1a: Altaria|Dragon Dance|p1a: Altaria
|-boost|p1a: Altaria|atk|1
|-boost|p1a: Altaria|spe|1
|move|p2a: Crawdaunt|Crabhammer|p1a: Altaria
|-resisted|p1a: Altaria
|-damage|p1a: Altaria|202\/351
|-damage|p2a: Crawdaunt|51\/267 psn|[from] item: Life Orb
|
|-damage|p2a: Crawdaunt|18\/267 psn|[from] psn
|turn|32
|
|move|p1a: Altaria|Roost|p1a: Altaria
|-heal|p1a: Altaria|351\/351
|move|p2a: Crawdaunt|Crabhammer|p1a: Altaria
|-resisted|p1a: Altaria
|-damage|p1a: Altaria|196\/351
|-damage|p2a: Crawdaunt|0 fnt|[from] item: Life Orb
|faint|p2a: Crawdaunt
|
|
|switch|p2a: Landorus-Therian|Landorus-Therian, M|319\/319
|-ability|p2a: Landorus-Therian|Intimidate|[of] p1a: Altaria
|-unboost|p1a: Altaria|atk|1
|turn|33
|
|move|p2a: Landorus-Therian|Earthquake|p1a: Altaria
|-crit|p1a: Altaria
|-damage|p1a: Altaria|0 fnt
|faint|p1a: Altaria
|
|win|poek69x
|c|âpoek69x|swag
|c|âteeraa|lol
|c|âpoek69x|eso si importo
|c|âpoek69x|jajajaj
|c|âteeraa|de nuevo
|c|âteeraa|me cago en
|c|âpoek69x|venganza
|c|âteeraa|por que?