|join|Goup
|join|poek69x
|player|p1|Goup|286
|player|p2|poek69x|283
|gametype|singles
|gen|6
|tier|OU
|rated
|clearpoke
|poke|p1|Landorus-Therian, M
|poke|p1|Azumarill, M
|poke|p1|Ferrothorn, F
|poke|p1|Gengar, M
|poke|p1|Rotom-Wash
|poke|p1|Absol, M
|poke|p2|Gengar, F
|poke|p2|Terrakion
|poke|p2|Azumarill, F
|poke|p2|Bisharp, F
|poke|p2|Venusaur, M
|poke|p2|Latias, F
|rule|Swagger Clause: Swagger is banned
|rule|Baton Pass Clause: Limit one PokÃ©mon knowing Baton Pass
|rule|Sleep Clause Mod: Limit one foe put to sleep
|rule|Species Clause: Limit one of each PokÃ©mon
|rule|OHKO Clause: OHKO moves are banned
|rule|Moody Clause: Moody is banned
|rule|Evasion Moves Clause: Evasion moves are banned
|rule|Endless Battle Clause: Forcing endless battles is banned
|rule|HP Percentage Mod: HP is shown in percentages
|teampreview
|
|start
|switch|p1a: Gengar|Gengar, M|262\/262
|switch|p2a: Bisharp|Bisharp, F|272\/272
|turn|1
|
|move|p1a: Gengar|Focus Blast|p2a: Bisharp
|-supereffective|p2a: Bisharp
|-damage|p2a: Bisharp|0 fnt
|-damage|p1a: Gengar|236\/262|[from] item: Life Orb
|faint|p2a: Bisharp
|
|
|switch|p2a: Azumarill|Azumarill, F|345\/345
|turn|2
|
|switch|p1a: Rotom-Wash|Rotom-Wash|304\/304
|move|p2a: Azumarill|Waterfall|p1a: Rotom-Wash
|-resisted|p1a: Rotom-Wash
|-damage|p1a: Rotom-Wash|215\/304
|
|-heal|p1a: Rotom-Wash|234\/304|[from] item: Leftovers
|turn|3
|
|switch|p2a: Venusaur|Venusaur, M|359\/359
|move|p1a: Rotom-Wash|Will-O-Wisp|p2a: Venusaur
|-status|p2a: Venusaur|brn
|
|-heal|p1a: Rotom-Wash|253\/304|[from] item: Leftovers
|-damage|p2a: Venusaur|315\/359 brn|[from] brn
|turn|4
|
|switch|p1a: Gengar|Gengar, M|236\/262
|detailschange|p2a: Venusaur|Venusaur-Mega, M
|message|Venusaur has Mega Evolved into Mega Venusaur!
|move|p2a: Venusaur|Giga Drain|p1a: Gengar
|-resisted|p1a: Gengar
|-damage|p1a: Gengar|149\/262
|-heal|p2a: Venusaur|359\/359 brn|[from] drain|[of] p1a: Gengar
|
|-damage|p2a: Venusaur|315\/359 brn|[from] brn
|turn|5
|
|move|p1a: Gengar|Substitute|p1a: Gengar
|-start|p1a: Gengar|Substitute
|-damage|p1a: Gengar|84\/262
|move|p2a: Venusaur|Giga Drain|p1a: Gengar
|-resisted|p1a: Gengar
|-end|p1a: Gengar|Substitute
|-heal|p2a: Venusaur|348\/359 brn|[from] drain|[of] p1a: Gengar
|
|-damage|p2a: Venusaur|304\/359 brn|[from] brn
|turn|6
|
|move|p1a: Gengar|Substitute|p1a: Gengar
|-start|p1a: Gengar|Substitute
|-damage|p1a: Gengar|19\/262
|move|p2a: Venusaur|Giga Drain|p1a: Gengar
|-resisted|p1a: Gengar
|-end|p1a: Gengar|Substitute
|-heal|p2a: Venusaur|337\/359 brn|[from] drain|[of] p1a: Gengar
|
|-damage|p2a: Venusaur|293\/359 brn|[from] brn
|turn|7
|
|move|p1a: Gengar|Pain Split|p2a: Venusaur
|-sethp|p2a: Venusaur|156\/359 brn|p1a: Gengar|156\/262|[from] move: Pain Split
|move|p2a: Venusaur|Giga Drain|p1a: Gengar
|-resisted|p1a: Gengar
|-damage|p1a: Gengar|69\/262
|-heal|p2a: Venusaur|200\/359 brn|[from] drain|[of] p1a: Gengar
|
|-damage|p2a: Venusaur|156\/359 brn|[from] brn
|turn|8
|
|move|p1a: Gengar|Shadow Ball|p2a: Venusaur
|-damage|p2a: Venusaur|0 fnt
|-damage|p1a: Gengar|43\/262|[from] item: Life Orb
|faint|p2a: Venusaur
|
|
|switch|p2a: Azumarill|Azumarill, F|345\/345
|turn|9
|
|move|p1a: Gengar|Pain Split|p2a: Azumarill
|-sethp|p2a: Azumarill|194\/345|p1a: Gengar|194\/262|[from] move: Pain Split
|move|p2a: Azumarill|Play Rough|p1a: Gengar
|-resisted|p1a: Gengar
|-damage|p1a: Gengar|59\/262
|
|turn|10
|
|switch|p1a: Landorus-Therian|Landorus-Therian, M|382\/382
|-ability|p1a: Landorus-Therian|Intimidate|[of] p2a: Azumarill
|-unboost|p2a: Azumarill|atk|1
|move|p2a: Azumarill|Play Rough|p1a: Landorus-Therian|[miss]
|-miss|p2a: Azumarill|p1a: Landorus-Therian
|
|turn|11
|
|move|p1a: Landorus-Therian|Stealth Rock|p2a: Azumarill
|-sidestart|p2: poek69x|move: Stealth Rock
|move|p2a: Azumarill|Waterfall|p1a: Landorus-Therian
|-supereffective|p1a: Landorus-Therian
|-damage|p1a: Landorus-Therian|218\/382
|
|-heal|p1a: Landorus-Therian|241\/382|[from] item: Leftovers
|turn|12
|
|switch|p2a: Gengar|Gengar, F|262\/262
|-damage|p2a: Gengar|230\/262|[from] Stealth Rock
|move|p1a: Landorus-Therian|U-turn|p2a: Gengar
|-resisted|p2a: Gengar
|-damage|p2a: Gengar|199\/262
|
|switch|p1a: Absol|Absol, M|271\/271
|
|-heal|p2a: Gengar|215\/262|[from] item: Black Sludge
|turn|13
|
|switch|p2a: Terrakion|Terrakion|323\/323
|-damage|p2a: Terrakion|303\/323|[from] Stealth Rock
|detailschange|p1a: Absol|Absol-Mega, M
|message|Absol has Mega Evolved into Mega Absol!
|move|p1a: Absol|Sucker Punch|p2a: Terrakion
|-fail|p2a: Terrakion
|
|turn|14
|
|switch|p2a: Azumarill|Azumarill, F|194\/345
|-damage|p2a: Azumarill|151\/345|[from] Stealth Rock
|move|p1a: Absol|Superpower|p2a: Azumarill
|-resisted|p2a: Azumarill
|-damage|p2a: Azumarill|51\/345
|-unboost|p1a: Absol|atk|1
|-unboost|p1a: Absol|def|1
|
|turn|15
|
|switch|p1a: Ferrothorn|Ferrothorn, F|352\/352
|move|p2a: Azumarill|Aqua Jet|p1a: Ferrothorn
|-crit|p1a: Ferrothorn
|-resisted|p1a: Ferrothorn
|-damage|p1a: Ferrothorn|309\/352
|-damage|p2a: Azumarill|8\/345|[from] ability: Iron Barbs|[of] p1a: Ferrothorn
|
|-heal|p1a: Ferrothorn|331\/352|[from] item: Leftovers
|turn|16
|
|move|p2a: Azumarill|Superpower|p1a: Ferrothorn
|-supereffective|p1a: Ferrothorn
|-damage|p1a: Ferrothorn|105\/352
|-damage|p2a: Azumarill|0 fnt|[from] ability: Iron Barbs|[of] p1a: Ferrothorn
|faint|p2a: Azumarill
|move|p1a: Ferrothorn|Spikes|p2: Azumarill
|-sidestart|p2: poek69x|Spikes
|
|-heal|p1a: Ferrothorn|127\/352|[from] item: Leftovers
|
|switch|p2a: Terrakion|Terrakion|303\/323
|-damage|p2a: Terrakion|283\/323|[from] Stealth Rock
|-damage|p2a: Terrakion|243\/323|[from] Spikes
|turn|17
|
|move|p2a: Terrakion|Close Combat|p1a: Ferrothorn
|-supereffective|p1a: Ferrothorn
|-damage|p1a: Ferrothorn|0 fnt
|-damage|p2a: Terrakion|203\/323|[from] ability: Iron Barbs|[of] p1a: Ferrothorn
|-unboost|p2a: Terrakion|def|1
|-unboost|p2a: Terrakion|spd|1
|-damage|p2a: Terrakion|171\/323|[from] item: Life Orb
|faint|p1a: Ferrothorn
|
|
|switch|p1a: Absol|Absol-Mega, M|271\/271
|turn|18
|-message|poek69x forfeited.
|
|win|Goup
|raw|Ladder updating...
|leave|poek69x
|player|p2
|raw|Goup's rating: 1709 &rarr; <strong>1730<\/strong><br \/>(+21 for winning)
|raw|poek69x's rating: 1728 &rarr; <strong>1707<\/strong><br \/>(-21 for losing)