|join|poek69x
|join|Lind_U.
|player|p1|poek69x|283
|player|p2|Lind_U.|163
|gametype|singles
|gen|6
|tier|OU
|rated
|clearpoke
|poke|p1|Charizard, F
|poke|p1|Latias, F
|poke|p1|Keldeo
|poke|p1|Gliscor, M
|poke|p1|Clefable, F
|poke|p1|Ferrothorn, M
|poke|p2|Tyranitar, M, shiny
|poke|p2|Talonflame, M, shiny
|poke|p2|Bisharp, M
|poke|p2|Greninja, M, shiny
|poke|p2|Azumarill, M
|poke|p2|Garchomp, M, shiny
|rule|Swagger Clause: Swagger is banned
|rule|Baton Pass Clause: Limit one PokÃ©mon knowing Baton Pass
|rule|Sleep Clause Mod: Limit one foe put to sleep
|rule|Species Clause: Limit one of each PokÃ©mon
|rule|OHKO Clause: OHKO moves are banned
|rule|Moody Clause: Moody is banned
|rule|Evasion Moves Clause: Evasion moves are banned
|rule|Endless Battle Clause: Forcing endless battles is banned
|rule|HP Percentage Mod: HP is shown in percentages
|teampreview
|
|start
|switch|p1a: Keldeo|Keldeo|323\/323
|switch|p2a: Thanatos|Garchomp, M, shiny|357\/357
|turn|1
|
|move|p1a: Keldeo|Secret Sword|p2a: Thanatos
|-damage|p2a: Thanatos|206\/357
|move|p2a: Thanatos|Stealth Rock|p1a: Keldeo
|-sidestart|p1: poek69x|move: Stealth Rock
|
|turn|2
|
|switch|p2a: Suiheki|Azumarill, M|364\/364
|move|p1a: Keldeo|Hydro Pump|p2a: Suiheki
|-resisted|p2a: Suiheki
|-damage|p2a: Suiheki|247\/364
|
|turn|3
|
|switch|p1a: Gliscor|Gliscor, M|354\/354
|-damage|p1a: Gliscor|310\/354|[from] Stealth Rock
|move|p2a: Suiheki|Belly Drum|p2a: Suiheki
|-damage|p2a: Suiheki|65\/364
|-setboost|p2a: Suiheki|atk|6|[from] move: Belly Drum
|-enditem|p2a: Suiheki|Sitrus Berry|[eat]
|-heal|p2a: Suiheki|156\/364|[from] item: Sitrus Berry
|
|-status|p1a: Gliscor|tox|[from] item: Toxic Orb
|turn|4
|
|switch|p1a: Clefable|Clefable, F|394\/394
|-damage|p1a: Clefable|345\/394|[from] Stealth Rock
|move|p2a: Suiheki|Aqua Jet|p1a: Clefable
|-damage|p1a: Clefable|270\/394
|
|-heal|p1a: Clefable|294\/394|[from] item: Leftovers
|turn|5
|
|move|p1a: Clefable|Protect|p1a: Clefable
|-singleturn|p1a: Clefable|Protect
|move|p2a: Suiheki|Play Rough|p1a: Clefable
|-activate|p1a: Clefable|Protect
|
|-heal|p1a: Clefable|318\/394|[from] item: Leftovers
|turn|6
|
|move|p2a: Suiheki|Play Rough|p1a: Clefable
|-damage|p1a: Clefable|158\/394
|move|p1a: Clefable|Wish|p1a: Clefable
|
|-heal|p1a: Clefable|182\/394|[from] item: Leftovers
|turn|7
|
|switch|p2a: Futahasami|Bisharp, M|272\/272
|move|p1a: Clefable|Protect|p1a: Clefable
|-fail|p1a: Clefable
|
|-heal|p1a: Clefable|379\/394|[from] move: Wish|[wisher] Clefable
|-heal|p1a: Clefable|394\/394|[from] item: Leftovers
|turn|8
|
|switch|p1a: Gliscor|Gliscor, M|310\/354 tox
|-damage|p1a: Gliscor|266\/354 tox|[from] Stealth Rock
|move|p2a: Futahasami|Knock Off|p1a: Gliscor
|-damage|p1a: Gliscor|118\/354 tox
|-enditem|p1a: Gliscor|Toxic Orb|[from] move: Knock Off|[of] p2a: Futahasami
|-damage|p2a: Futahasami|245\/272|[from] item: Life Orb
|
|-heal|p1a: Gliscor|162\/354 tox|[from] ability: Poison Heal
|turn|9
|
|move|p1a: Gliscor|Roost|p1a: Gliscor
|-heal|p1a: Gliscor|339\/354 tox
|move|p2a: Futahasami|Iron Head|p1a: Gliscor
|-crit|p1a: Gliscor
|-damage|p1a: Gliscor|158\/354 tox
|-damage|p2a: Futahasami|218\/272|[from] item: Life Orb
|
|-heal|p1a: Gliscor|202\/354 tox|[from] ability: Poison Heal
|turn|10
|
|switch|p2a: Kurogami|Greninja, M, shiny|286\/286
|move|p1a: Gliscor|Toxic|p2a: Kurogami|[miss]
|-miss|p1a: Gliscor|p2a: Kurogami
|
|-heal|p1a: Gliscor|246\/354 tox|[from] ability: Poison Heal
|turn|11
|
|switch|p1a: Ferrothorn|Ferrothorn, M|352\/352
|-damage|p1a: Ferrothorn|330\/352|[from] Stealth Rock
|move|p2a: Kurogami|Ice Beam|p1a: Ferrothorn
|-start|p2a: Kurogami|typechange|Ice|[from] Protean
|-damage|p1a: Ferrothorn|186\/352
|-damage|p2a: Kurogami|258\/286|[from] item: Life Orb
|
|-heal|p1a: Ferrothorn|208\/352|[from] item: Leftovers
|turn|12
|
|move|p2a: Kurogami|Ice Beam|p1a: Ferrothorn
|-damage|p1a: Ferrothorn|51\/352
|-status|p1a: Ferrothorn|frz
|-damage|p2a: Kurogami|230\/286|[from] item: Life Orb
|cant|p1a: Ferrothorn|frz
|
|-heal|p1a: Ferrothorn|73\/352 frz|[from] item: Leftovers
|turn|13
|
|move|p2a: Kurogami|Ice Beam|p1a: Ferrothorn
|-damage|p1a: Ferrothorn|0 fnt
|-damage|p2a: Kurogami|202\/286|[from] item: Life Orb
|faint|p1a: Ferrothorn
|
|
|switch|p1a: Charizard|Charizard, F|357\/357
|-damage|p1a: Charizard|179\/357|[from] Stealth Rock
|turn|14
|
|detailschange|p1a: Charizard|Charizard-Mega-Y, F
|message|Charizard has Mega Evolved into Mega Charizard!
|-weather|SunnyDay
|move|p2a: Kurogami|Ice Beam|p1a: Charizard
|-damage|p1a: Charizard|54\/357
|-damage|p2a: Kurogami|174\/286|[from] item: Life Orb
|move|p1a: Charizard|Roost|p1a: Charizard
|-heal|p1a: Charizard|233\/357
|
|-weather|SunnyDay|[upkeep]
|turn|15
|
|move|p2a: Kurogami|Hydro Pump|p1a: Charizard
|-start|p2a: Kurogami|typechange|Water|[from] Protean
|-supereffective|p1a: Charizard
|-damage|p1a: Charizard|69\/357
|-damage|p2a: Kurogami|146\/286|[from] item: Life Orb
|move|p1a: Charizard|Roost|p1a: Charizard
|-heal|p1a: Charizard|248\/357
|
|-weather|SunnyDay|[upkeep]
|turn|16
|
|switch|p2a: Hyperion|Tyranitar, M, shiny|342\/342
|-weather|Sandstorm
|move|p1a: Charizard|Roost|p1a: Charizard
|-heal|p1a: Charizard|357\/357
|
|-weather|Sandstorm|[upkeep]
|-damage|p1a: Charizard|335\/357|[from] sandstorm
|turn|17
|
|switch|p1a: Gliscor|Gliscor, M|246\/354 tox
|-damage|p1a: Gliscor|202\/354 tox|[from] Stealth Rock
|detailschange|p2a: Hyperion|Tyranitar-Mega, M, shiny
|message|Tyranitar has Mega Evolved into Mega Tyranitar!
|move|p2a: Hyperion|Dragon Dance|p2a: Hyperion
|-boost|p2a: Hyperion|atk|1
|-boost|p2a: Hyperion|spe|1
|
|-weather|Sandstorm|[upkeep]
|-heal|p1a: Gliscor|246\/354 tox|[from] ability: Poison Heal
|turn|18
|
|switch|p1a: Keldeo|Keldeo|323\/323
|-damage|p1a: Keldeo|303\/323|[from] Stealth Rock
|move|p2a: Hyperion|Ice Punch|p1a: Keldeo
|-resisted|p1a: Keldeo
|-damage|p1a: Keldeo|224\/323
|
|-weather|Sandstorm|[upkeep]
|-damage|p1a: Keldeo|204\/323|[from] sandstorm
|-heal|p1a: Keldeo|224\/323|[from] item: Leftovers
|turn|19
|
|move|p2a: Hyperion|Earthquake|p1a: Keldeo
|-damage|p1a: Keldeo|0 fnt
|faint|p1a: Keldeo
|
|-weather|Sandstorm|[upkeep]
|
|switch|p1a: Clefable|Clefable, F|394\/394
|-damage|p1a: Clefable|345\/394|[from] Stealth Rock
|turn|20
|
|move|p2a: Hyperion|Stone Edge|p1a: Clefable
|-damage|p1a: Clefable|150\/394
|move|p1a: Clefable|Thunder Wave|p2a: Hyperion
|-status|p2a: Hyperion|par
|
|-weather|none
|-heal|p1a: Clefable|174\/394|[from] item: Leftovers
|turn|21
|
|move|p1a: Clefable|Protect|p1a: Clefable
|-singleturn|p1a: Clefable|Protect
|move|p2a: Hyperion|Stone Edge|p1a: Clefable
|-activate|p1a: Clefable|Protect
|
|-heal|p1a: Clefable|198\/394|[from] item: Leftovers
|turn|22
|
|move|p1a: Clefable|Wish|p1a: Clefable
|cant|p2a: Hyperion|par
|
|-heal|p1a: Clefable|222\/394|[from] item: Leftovers
|turn|23
|
|switch|p2a: Futahasami|Bisharp, M|218\/272
|move|p1a: Clefable|Moonblast|p2a: Futahasami
|-damage|p2a: Futahasami|73\/272
|
|-heal|p1a: Clefable|394\/394|[from] move: Wish|[wisher] Clefable
|turn|24
|
|switch|p1a: Charizard|Charizard-Mega-Y, F|335\/357
|-damage|p1a: Charizard|157\/357|[from] Stealth Rock
|-weather|SunnyDay
|move|p2a: Futahasami|Swords Dance|p2a: Futahasami
|-boost|p2a: Futahasami|atk|2
|
|-weather|SunnyDay|[upkeep]
|turn|25
|
|move|p2a: Futahasami|Sucker Punch|p1a: Charizard
|-fail|p1a: Charizard
|move|p1a: Charizard|Roost|p1a: Charizard
|-heal|p1a: Charizard|336\/357
|
|-weather|SunnyDay|[upkeep]
|turn|26
|
|move|p2a: Futahasami|Sucker Punch|p1a: Charizard
|-fail|p1a: Charizard
|move|p1a: Charizard|Will-O-Wisp|p2a: Futahasami
|-status|p2a: Futahasami|brn
|
|-weather|SunnyDay|[upkeep]
|-damage|p2a: Futahasami|39\/272 brn|[from] brn
|turn|27
|
|switch|p1a: Gliscor|Gliscor, M|246\/354 tox
|-damage|p1a: Gliscor|202\/354 tox|[from] Stealth Rock
|move|p2a: Futahasami|Knock Off|p1a: Gliscor
|-damage|p1a: Gliscor|99\/354 tox
|-damage|p2a: Futahasami|12\/272 brn|[from] item: Life Orb
|
|-weather|SunnyDay|[upkeep]
|-heal|p1a: Gliscor|143\/354 tox|[from] ability: Poison Heal
|-damage|p2a: Futahasami|0 fnt|[from] brn
|faint|p2a: Futahasami
|
|switch|p2a: Jigoku|Talonflame, M, shiny|297\/297
|turn|28
|
|move|p2a: Jigoku|Brave Bird|p1a: Gliscor
|-damage|p1a: Gliscor|0 fnt
|-damage|p2a: Jigoku|250\/297|[from] recoil|[of] p1a: Gliscor
|faint|p1a: Gliscor
|
|-weather|none
|
|switch|p1a: Latias|Latias, F|319\/319
|-damage|p1a: Latias|280\/319|[from] Stealth Rock
|turn|29
|
|move|p2a: Jigoku|Brave Bird|p1a: Latias
|-damage|p1a: Latias|0 fnt
|-damage|p2a: Jigoku|158\/297|[from] recoil|[of] p1a: Latias
|faint|p1a: Latias
|
|
|switch|p1a: Clefable|Clefable, F|394\/394
|-damage|p1a: Clefable|345\/394|[from] Stealth Rock
|turn|30
|
|switch|p2a: Suiheki|Azumarill, M|156\/364
|move|p1a: Clefable|Thunder Wave|p2a: Suiheki
|-status|p2a: Suiheki|par
|
|-heal|p1a: Clefable|369\/394|[from] item: Leftovers
|turn|31
|
|move|p1a: Clefable|Moonblast|p2a: Suiheki
|-damage|p2a: Suiheki|17\/364 par
|move|p2a: Suiheki|Play Rough|p1a: Clefable
|-damage|p1a: Clefable|198\/394
|
|-heal|p1a: Clefable|222\/394|[from] item: Leftovers
|turn|32
|
|move|p1a: Clefable|Wish|p1a: Clefable
|move|p2a: Suiheki|Play Rough|p1a: Clefable
|-damage|p1a: Clefable|59\/394
|
|-heal|p1a: Clefable|83\/394|[from] item: Leftovers
|turn|33
|
|move|p1a: Clefable|Protect|p1a: Clefable
|-singleturn|p1a: Clefable|Protect
|move|p2a: Suiheki|Aqua Jet|p1a: Clefable
|-activate|p1a: Clefable|Protect
|
|-heal|p1a: Clefable|280\/394|[from] move: Wish|[wisher] Clefable
|-heal|p1a: Clefable|304\/394|[from] item: Leftovers
|turn|34
|
|move|p1a: Clefable|Wish|p1a: Clefable
|move|p2a: Suiheki|Play Rough|p1a: Clefable
|-damage|p1a: Clefable|121\/394
|
|-heal|p1a: Clefable|145\/394|[from] item: Leftovers
|turn|35
|
|move|p1a: Clefable|Protect|p1a: Clefable
|-singleturn|p1a: Clefable|Protect
|move|p2a: Suiheki|Play Rough|p1a: Clefable
|-activate|p1a: Clefable|Protect
|
|-heal|p1a: Clefable|342\/394|[from] move: Wish|[wisher] Clefable
|-heal|p1a: Clefable|366\/394|[from] item: Leftovers
|turn|36
|
|move|p1a: Clefable|Wish|p1a: Clefable
|move|p2a: Suiheki|Play Rough|p1a: Clefable|[miss]
|-miss|p2a: Suiheki|p1a: Clefable
|
|-heal|p1a: Clefable|390\/394|[from] item: Leftovers
|turn|37
|
|move|p1a: Clefable|Moonblast|p2a: Suiheki
|-damage|p2a: Suiheki|0 fnt
|faint|p2a: Suiheki
|
|-heal|p1a: Clefable|394\/394|[from] move: Wish|[wisher] Clefable
|
|switch|p2a: Thanatos|Garchomp, M, shiny|206\/357
|turn|38
|
|move|p2a: Thanatos|Earthquake|p1a: Clefable
|-damage|p1a: Clefable|238\/394
|move|p1a: Clefable|Wish|p1a: Clefable
|
|-heal|p1a: Clefable|262\/394|[from] item: Leftovers
|turn|39
|
|move|p2a: Thanatos|Earthquake|p1a: Clefable
|-damage|p1a: Clefable|111\/394
|move|p1a: Clefable|Moonblast|p2a: Thanatos
|-supereffective|p2a: Thanatos
|-damage|p2a: Thanatos|0 fnt
|faint|p2a: Thanatos
|
|-heal|p1a: Clefable|308\/394|[from] move: Wish|[wisher] Clefable
|-heal|p1a: Clefable|332\/394|[from] item: Leftovers
|
|switch|p2a: Jigoku|Talonflame, M, shiny|158\/297
|turn|40
|
|move|p1a: Clefable|Protect|p1a: Clefable
|-singleturn|p1a: Clefable|Protect
|move|p2a: Jigoku|Brave Bird|p1a: Clefable
|-activate|p1a: Clefable|Protect
|
|-heal|p1a: Clefable|356\/394|[from] item: Leftovers
|turn|41
|
|move|p2a: Jigoku|Brave Bird|p1a: Clefable
|-damage|p1a: Clefable|118\/394
|-damage|p2a: Jigoku|79\/297|[from] recoil|[of] p1a: Clefable
|move|p1a: Clefable|Wish|p1a: Clefable
|
|-heal|p1a: Clefable|142\/394|[from] item: Leftovers
|turn|42
|
|move|p1a: Clefable|Protect|p1a: Clefable
|-singleturn|p1a: Clefable|Protect
|move|p2a: Jigoku|Brave Bird|p1a: Clefable
|-activate|p1a: Clefable|Protect
|
|-heal|p1a: Clefable|339\/394|[from] move: Wish|[wisher] Clefable
|-heal|p1a: Clefable|363\/394|[from] item: Leftovers
|turn|43
|
|move|p2a: Jigoku|Brave Bird|p1a: Clefable
|-damage|p1a: Clefable|125\/394
|-damage|p2a: Jigoku|0 fnt|[from] recoil|[of] p1a: Clefable
|faint|p2a: Jigoku
|move|p1a: Clefable|Wish|p1a: Clefable
|
|-heal|p1a: Clefable|149\/394|[from] item: Leftovers
|-message|Lind_U. forfeited.
|
|win|poek69x
|raw|Ladder updating...
|leave|Lind_U.
|player|p2
|raw|poek69x's rating: 1611 &rarr; <strong>1635<\/strong><br \/>(+24 for winning)
|raw|Lind_U.'s rating: 1674 &rarr; <strong>1650<\/strong><br \/>(-24 for losing)
|join|ApplepieFTW
|chat|ApplepieFTW|:]
|chat|poek69x|:]
|leave|ApplepieFTW