|join|poek69x
|join|chaosscizzors
|player|p1|poek69x|283
|player|p2|chaosscizzors|103
|gametype|singles
|gen|6
|tier|OU
|rated
|clearpoke
|poke|p1|Sableye, M
|poke|p1|Suicune
|poke|p1|Jirachi
|poke|p1|Clefable, M
|poke|p1|Chesnaught, F
|poke|p1|Blissey, F
|poke|p2|Victini
|poke|p2|Mew, shiny
|poke|p2|Cloyster, M, shiny
|poke|p2|Metagross, shiny
|poke|p2|Breloom, M, shiny
|poke|p2|Mienshao, F, shiny
|rule|Swagger Clause: Swagger is banned
|rule|Baton Pass Clause: Limit one PokÃ©mon knowing Baton Pass
|rule|Sleep Clause Mod: Limit one foe put to sleep
|rule|Species Clause: Limit one of each PokÃ©mon
|rule|OHKO Clause: OHKO moves are banned
|rule|Moody Clause: Moody is banned
|rule|Evasion Moves Clause: Evasion moves are banned
|rule|Endless Battle Clause: Forcing endless battles is banned
|rule|HP Percentage Mod: HP is shown in percentages
|teampreview
|join|azogue
|
|start
|switch|p1a: Sableye|Sableye, M|304\/304
|switch|p2a: Victini|Victini|404\/404
|turn|1
|
|switch|p1a: Suicune|Suicune|404\/404
|-ability|p1a: Suicune|Pressure
|move|p2a: Victini|U-turn|p1a: Suicune
|-damage|p1a: Suicune|370\/404
|
|switch|p2a: Breloom|Breloom, M, shiny|261\/261
|
|-heal|p1a: Suicune|395\/404|[from] item: Leftovers
|turn|2
|
|switch|p1a: Chesnaught|Chesnaught, F|380\/380
|move|p2a: Breloom|Rock Tomb|p1a: Chesnaught
|-resisted|p1a: Chesnaught
|-damage|p1a: Chesnaught|344\/380
|-unboost|p1a: Chesnaught|spe|1
|
|-heal|p1a: Chesnaught|367\/380|[from] item: Leftovers
|turn|3
|
|switch|p2a: Metagross|Metagross, shiny|301\/301
|move|p1a: Chesnaught|Spikes|p2a: Metagross
|-sidestart|p2: chaosscizzors|Spikes
|
|-heal|p1a: Chesnaught|380\/380|[from] item: Leftovers
|turn|4
|
|switch|p1a: Suicune|Suicune|395\/404
|-ability|p1a: Suicune|Pressure
|detailschange|p2a: Metagross|Metagross-Mega, shiny
|message|Metagross has Mega Evolved into Mega Metagross!
|move|p2a: Metagross|Hone Claws|p2a: Metagross
|-boost|p2a: Metagross|atk|1
|-boost|p2a: Metagross|accuracy|1
|
|-heal|p1a: Suicune|404\/404|[from] item: Leftovers
|turn|5
|
|move|p2a: Metagross|Zen Headbutt|p1a: Suicune
|-damage|p1a: Suicune|208\/404
|move|p1a: Suicune|Scald|p2a: Metagross
|-damage|p2a: Metagross|223\/301
|
|-heal|p1a: Suicune|233\/404|[from] item: Leftovers
|turn|6
|
|move|p2a: Metagross|Meteor Mash|p1a: Suicune
|-resisted|p1a: Suicune
|-damage|p1a: Suicune|118\/404
|-boost|p2a: Metagross|atk|1
|move|p1a: Suicune|Scald|p2a: Metagross
|-damage|p2a: Metagross|141\/301
|-status|p2a: Metagross|brn
|
|-heal|p1a: Suicune|143\/404|[from] item: Leftovers
|-damage|p2a: Metagross|104\/301 brn|[from] brn
|turn|7
|
|move|p2a: Metagross|Zen Headbutt|p1a: Suicune
|-damage|p1a: Suicune|0 fnt
|faint|p1a: Suicune
|
|-damage|p2a: Metagross|67\/301 brn|[from] brn
|
|switch|p1a: Chesnaught|Chesnaught, F|380\/380
|turn|8
|
|move|p1a: Chesnaught|Spiky Shield|p1a: Chesnaught
|-singleturn|p1a: Chesnaught|move: Protect
|move|p2a: Metagross|Zen Headbutt|p1a: Chesnaught
|-activate|p1a: Chesnaught|move: Protect
|-damage|p2a: Metagross|30\/301 brn|[from] Spiky Shield|[of] p1a: Chesnaught
|
|-damage|p2a: Metagross|0 fnt|[from] brn
|faint|p2a: Metagross
|
|switch|p2a: Mew|Mew, shiny|404\/404
|-damage|p2a: Mew|354\/404|[from] Spikes
|turn|9
|
|switch|p1a: Blissey|Blissey, F|652\/652
|move|p2a: Mew|Will-O-Wisp|p1a: Blissey
|-status|p1a: Blissey|brn
|
|-heal|p2a: Mew|379\/404|[from] item: Leftovers
|-damage|p1a: Blissey|571\/652 brn|[from] brn
|turn|10
|
|switch|p1a: Sableye|Sableye, M|304\/304
|move|p2a: Mew|Defog|p1a: Sableye
|-unboost|p1a: Sableye|evasion|1
|-sideend|p2: chaosscizzors|Spikes|[from] move: Defog|[of] p2a: Mew
|
|-heal|p2a: Mew|404\/404|[from] item: Leftovers
|turn|11
|
|detailschange|p1a: Sableye|Sableye-Mega, M
|message|Sableye has Mega Evolved into Mega Sableye!
|move|p2a: Mew|Knock Off|p1a: Sableye
|-damage|p1a: Sableye|272\/304
|move|p1a: Sableye|Shadow Ball|p2a: Mew
|-supereffective|p2a: Mew
|-damage|p2a: Mew|246\/404
|
|-heal|p2a: Mew|271\/404|[from] item: Leftovers
|turn|12
|
|switch|p2a: Mienshao|Mienshao, F, shiny|271\/271
|move|p1a: Sableye|Shadow Ball|p2a: Mienshao
|-damage|p2a: Mienshao|151\/271
|-unboost|p2a: Mienshao|spd|1
|
|turn|13
|
|move|p2a: Mienshao|U-turn|p1a: Sableye
|-damage|p1a: Sableye|218\/304
|
|switch|p2a: Mew|Mew, shiny|271\/404
|move|p1a: Sableye|Recover|p1a: Sableye
|-heal|p1a: Sableye|304\/304
|
|-heal|p2a: Mew|296\/404|[from] item: Leftovers
|turn|14
|
|move|p2a: Mew|Knock Off|p1a: Sableye
|-damage|p1a: Sableye|275\/304
|move|p1a: Sableye|Calm Mind|p1a: Sableye
|-boost|p1a: Sableye|spa|1
|-boost|p1a: Sableye|spd|1
|
|-heal|p2a: Mew|321\/404|[from] item: Leftovers
|turn|15
|
|switch|p2a: Victini|Victini|404\/404
|move|p1a: Sableye|Shadow Ball|p2a: Victini
|-supereffective|p2a: Victini
|-damage|p2a: Victini|170\/404
|
|turn|16
|
|switch|p1a: Blissey|Blissey, F|571\/652
|move|p2a: Victini|V-create|p1a: Blissey
|-damage|p1a: Blissey|160\/652
|-unboost|p2a: Victini|def|1
|-unboost|p2a: Victini|spd|1
|-unboost|p2a: Victini|spe|1
|
|-heal|p1a: Blissey|200\/652|[from] item: Leftovers
|turn|17
|
|move|p2a: Victini|V-create|p1a: Blissey
|-damage|p1a: Blissey|0 fnt
|-unboost|p2a: Victini|def|1
|-unboost|p2a: Victini|spd|1
|-unboost|p2a: Victini|spe|1
|faint|p1a: Blissey
|
|
|switch|p1a: Jirachi|Jirachi|404\/404
|turn|18
|
|switch|p2a: Mew|Mew, shiny|321\/404
|move|p1a: Jirachi|Iron Head|p2a: Mew
|-damage|p2a: Mew|245\/404
|
|-heal|p2a: Mew|270\/404|[from] item: Leftovers
|turn|19
|
|switch|p2a: Victini|Victini|170\/404
|switch|p1a: Sableye|Sableye-Mega, M|275\/304
|
|turn|20
|
|switch|p1a: Jirachi|Jirachi|404\/404
|move|p2a: Victini|V-create|p1a: Jirachi
|-supereffective|p1a: Jirachi
|-damage|p1a: Jirachi|0 fnt
|-unboost|p2a: Victini|def|1
|-unboost|p2a: Victini|spd|1
|-unboost|p2a: Victini|spe|1
|faint|p1a: Jirachi
|
|
|switch|p1a: Clefable|Clefable, M|394\/394
|turn|21
|
|switch|p2a: Mew|Mew, shiny|270\/404
|move|p1a: Clefable|Moonblast|p2a: Mew
|-damage|p2a: Mew|159\/404
|
|-heal|p2a: Mew|184\/404|[from] item: Leftovers
|turn|22
|
|move|p2a: Mew|Knock Off|p1a: Clefable
|-resisted|p1a: Clefable
|-damage|p1a: Clefable|359\/394
|-enditem|p1a: Clefable|Leftovers|[from] move: Knock Off|[of] p2a: Mew
|move|p1a: Clefable|Stealth Rock|p2a: Mew
|-sidestart|p2: chaosscizzors|move: Stealth Rock
|
|-heal|p2a: Mew|209\/404|[from] item: Leftovers
|turn|23
|
|switch|p1a: Sableye|Sableye-Mega, M|275\/304
|move|p2a: Mew|Defog|p1a: Sableye
|move|p1a: Sableye|Defog|p2a: Mew|[from]Magic Bounce
|-unboost|p2a: Mew|evasion|1
|-sideend|p2: chaosscizzors|Stealth Rock|[from] move: Defog|[of] p2a: Mew
|
|-heal|p2a: Mew|234\/404|[from] item: Leftovers
|turn|24
|
|switch|p2a: Mienshao|Mienshao, F, shiny|241\/271
|move|p1a: Sableye|Shadow Ball|p2a: Mienshao
|-damage|p2a: Mienshao|112\/271
|
|turn|25
|
|move|p2a: Mienshao|U-turn|p1a: Sableye
|-damage|p1a: Sableye|219\/304
|
|switch|p2a: Breloom|Breloom, M, shiny|261\/261
|move|p1a: Sableye|Shadow Ball|p2a: Breloom
|-damage|p2a: Breloom|143\/261
|
|turn|26
|
|switch|p1a: Chesnaught|Chesnaught, F|380\/380
|move|p2a: Breloom|Bullet Seed|p1a: Chesnaught
|-immune|p1a: Chesnaught|[msg]|[from] Bulletproof
|
|turn|27
|
|switch|p2a: Mew|Mew, shiny|234\/404
|move|p1a: Chesnaught|Leech Seed|p2a: Mew
|-start|p2a: Mew|move: Leech Seed
|
|-heal|p2a: Mew|259\/404|[from] item: Leftovers
|-damage|p2a: Mew|209\/404|[from] Leech Seed|[of] p1a: Chesnaught
|turn|28
|
|switch|p2a: Victini|Victini|170\/404
|move|p1a: Chesnaught|Leech Seed|p2a: Victini
|-start|p2a: Victini|move: Leech Seed
|
|-damage|p2a: Victini|120\/404|[from] Leech Seed|[of] p1a: Chesnaught
|turn|29
|
|switch|p2a: Breloom|Breloom, M, shiny|143\/261
|move|p1a: Chesnaught|Spiky Shield|p1a: Chesnaught
|-fail|p1a: Chesnaught
|
|turn|30
|
|move|p2a: Breloom|Mach Punch|p1a: Chesnaught
|-damage|p1a: Chesnaught|316\/380
|move|p1a: Chesnaught|Leech Seed|p2a: Breloom
|-immune|p2a: Breloom|[msg]
|
|-heal|p1a: Chesnaught|339\/380|[from] item: Leftovers
|turn|31
|
|move|p2a: Breloom|Rock Tomb|p1a: Chesnaught
|-resisted|p1a: Chesnaught
|-damage|p1a: Chesnaught|308\/380
|-unboost|p1a: Chesnaught|spe|1
|move|p1a: Chesnaught|Spikes|p2a: Breloom
|-sidestart|p2: chaosscizzors|Spikes
|
|-heal|p1a: Chesnaught|331\/380|[from] item: Leftovers
|turn|32
|
|switch|p2a: Mew|Mew, shiny|209\/404
|-damage|p2a: Mew|159\/404|[from] Spikes
|move|p1a: Chesnaught|Spikes|p2a: Mew
|-sidestart|p2: chaosscizzors|Spikes
|
|-heal|p2a: Mew|184\/404|[from] item: Leftovers
|-heal|p1a: Chesnaught|354\/380|[from] item: Leftovers
|turn|33
|
|move|p2a: Mew|Defog|p1a: Chesnaught
|-unboost|p1a: Chesnaught|evasion|1
|-sideend|p2: chaosscizzors|Spikes|[from] move: Defog|[of] p2a: Mew
|move|p1a: Chesnaught|Leech Seed|p2a: Mew|[miss]
|-miss|p1a: Chesnaught|p2a: Mew
|
|-heal|p2a: Mew|209\/404|[from] item: Leftovers
|-heal|p1a: Chesnaught|377\/380|[from] item: Leftovers
|turn|34
|
|switch|p1a: Sableye|Sableye-Mega, M|219\/304
|move|p2a: Mew|Knock Off|p1a: Sableye
|-damage|p1a: Sableye|185\/304
|
|-heal|p2a: Mew|234\/404|[from] item: Leftovers
|turn|35
|
|switch|p2a: Breloom|Breloom, M, shiny|143\/261
|move|p1a: Sableye|Recover|p1a: Sableye
|-heal|p1a: Sableye|304\/304
|
|turn|36
|
|move|p2a: Breloom|Rock Tomb|p1a: Sableye
|-damage|p1a: Sableye|232\/304
|-unboost|p1a: Sableye|spe|1
|move|p1a: Sableye|Shadow Ball|p2a: Breloom
|-damage|p2a: Breloom|23\/261
|
|turn|37
|
|switch|p1a: Chesnaught|Chesnaught, F|377\/380
|move|p2a: Breloom|Bullet Seed|p1a: Chesnaught
|-immune|p1a: Chesnaught|[msg]|[from] Bulletproof
|
|-heal|p1a: Chesnaught|380\/380|[from] item: Leftovers
|turn|38
|
|move|p2a: Breloom|Mach Punch|p1a: Chesnaught
|-damage|p1a: Chesnaught|317\/380
|move|p1a: Chesnaught|Spikes|p2a: Breloom
|-sidestart|p2: chaosscizzors|Spikes
|
|-heal|p1a: Chesnaught|340\/380|[from] item: Leftovers
|turn|39
|
|switch|p2a: Mew|Mew, shiny|234\/404
|-damage|p2a: Mew|184\/404|[from] Spikes
|move|p1a: Chesnaught|Leech Seed|p2a: Mew
|-start|p2a: Mew|move: Leech Seed
|
|-heal|p2a: Mew|209\/404|[from] item: Leftovers
|-heal|p1a: Chesnaught|363\/380|[from] item: Leftovers
|-damage|p2a: Mew|159\/404|[from] Leech Seed|[of] p1a: Chesnaught
|-heal|p1a: Chesnaught|380\/380|[silent]
|turn|40
|
|switch|p1a: Sableye|Sableye-Mega, M|232\/304
|move|p2a: Mew|Will-O-Wisp|p1a: Sableye
|move|p1a: Sableye|Will-O-Wisp|p2a: Mew|[from]Magic Bounce|[miss]
|-miss|p1a: Sableye|p2a: Mew
|
|-heal|p2a: Mew|184\/404|[from] item: Leftovers
|-damage|p2a: Mew|134\/404|[from] Leech Seed|[of] p1a: Sableye
|-heal|p1a: Sableye|282\/304|[silent]
|turn|41
|
|move|p2a: Mew|Soft-Boiled|p2a: Mew
|-heal|p2a: Mew|336\/404
|move|p1a: Sableye|Calm Mind|p1a: Sableye
|-boost|p1a: Sableye|spa|1
|-boost|p1a: Sableye|spd|1
|
|-heal|p2a: Mew|361\/404|[from] item: Leftovers
|-damage|p2a: Mew|311\/404|[from] Leech Seed|[of] p1a: Sableye
|-heal|p1a: Sableye|304\/304|[silent]
|turn|42
|
|move|p2a: Mew|Defog|p1a: Sableye
|move|p1a: Sableye|Defog|p2a: Mew|[from]Magic Bounce
|-unboost|p2a: Mew|evasion|1
|-sideend|p2: chaosscizzors|Spikes|[from] move: Defog|[of] p2a: Mew
|move|p1a: Sableye|Calm Mind|p1a: Sableye
|-boost|p1a: Sableye|spa|1
|-boost|p1a: Sableye|spd|1
|
|-heal|p2a: Mew|336\/404|[from] item: Leftovers
|-damage|p2a: Mew|286\/404|[from] Leech Seed|[of] p1a: Sableye
|turn|43
|
|move|p2a: Mew|Will-O-Wisp|p1a: Sableye
|move|p1a: Sableye|Will-O-Wisp|p2a: Mew|[from]Magic Bounce
|-status|p2a: Mew|brn
|-status|p1a: Sableye|brn
|move|p1a: Sableye|Shadow Ball|p2a: Mew
|-supereffective|p2a: Mew
|-damage|p2a: Mew|0 fnt
|faint|p2a: Mew
|
|-damage|p1a: Sableye|266\/304 brn|[from] brn
|
|switch|p2a: Victini|Victini|120\/404
|turn|44
|
|move|p2a: Victini|V-create|p1a: Sableye
|-damage|p1a: Sableye|140\/304 brn
|-unboost|p2a: Victini|def|1
|-unboost|p2a: Victini|spd|1
|-unboost|p2a: Victini|spe|1
|move|p1a: Sableye|Shadow Ball|p2a: Victini
|-supereffective|p2a: Victini
|-damage|p2a: Victini|0 fnt
|faint|p2a: Victini
|
|-damage|p1a: Sableye|102\/304 brn|[from] brn
|
|switch|p2a: Mienshao|Mienshao, F, shiny|202\/271
|turn|45
|
|move|p2a: Mienshao|U-turn|p1a: Sableye
|-damage|p1a: Sableye|42\/304 brn
|
|switch|p2a: Cloyster|Cloyster, M, shiny|241\/241
|move|p1a: Sableye|Recover|p1a: Sableye
|-heal|p1a: Sableye|194\/304 brn
|
|-damage|p1a: Sableye|156\/304 brn|[from] brn
|turn|46
|
|move|p2a: Cloyster|Shell Smash|p2a: Cloyster
|-boost|p2a: Cloyster|atk|2
|-boost|p2a: Cloyster|spa|2
|-boost|p2a: Cloyster|spe|2
|-unboost|p2a: Cloyster|def|1
|-unboost|p2a: Cloyster|spd|1
|move|p1a: Sableye|Shadow Ball|p2a: Cloyster
|-enditem|p2a: Cloyster|Focus Sash
|-damage|p2a: Cloyster|1\/241
|
|-damage|p1a: Sableye|118\/304 brn|[from] brn
|turn|47
|
|move|p2a: Cloyster|Icicle Spear|p1a: Sableye
|-damage|p1a: Sableye|70\/304 brn
|-damage|p1a: Sableye|27\/304 brn
|-damage|p1a: Sableye|0 fnt
|-hitcount|p1a: Sableye|3
|faint|p1a: Sableye
|
|
|switch|p1a: Clefable|Clefable, M|359\/394
|turn|48
|
|move|p2a: Cloyster|Icicle Spear|p1a: Clefable
|-damage|p1a: Clefable|328\/394
|-crit|p1a: Clefable
|-damage|p1a: Clefable|277\/394
|-damage|p1a: Clefable|244\/394
|-damage|p1a: Clefable|214\/394
|-damage|p1a: Clefable|180\/394
|-hitcount|p1a: Clefable|5
|move|p1a: Clefable|Moonblast|p2a: Cloyster
|-damage|p2a: Cloyster|0 fnt
|faint|p2a: Cloyster
|
|
|switch|p2a: Breloom|Breloom, M, shiny|23\/261
|turn|49
|c| azogue|gg
|
|switch|p1a: Chesnaught|Chesnaught, F|380\/380
|move|p2a: Breloom|Rock Tomb|p1a: Chesnaught
|-resisted|p1a: Chesnaught
|-damage|p1a: Chesnaught|349\/380
|-unboost|p1a: Chesnaught|spe|1
|
|-heal|p1a: Chesnaught|372\/380|[from] item: Leftovers
|turn|50
|
|move|p2a: Breloom|Mach Punch|p1a: Chesnaught
|-damage|p1a: Chesnaught|300\/380
|move|p1a: Chesnaught|Drain Punch|p2a: Breloom
|-damage|p2a: Breloom|0 fnt
|-heal|p1a: Chesnaught|312\/380|[from] drain|[of] p2a: Breloom
|faint|p2a: Breloom
|
|-heal|p1a: Chesnaught|335\/380|[from] item: Leftovers
|c|âchaosscizzors|gg
|
|switch|p2a: Mienshao|Mienshao, F, shiny|271\/271
|turn|51
|
|move|p1a: Chesnaught|Spiky Shield|p1a: Chesnaught
|-singleturn|p1a: Chesnaught|move: Protect
|move|p2a: Mienshao|High Jump Kick|p1a: Chesnaught
|-activate|p1a: Chesnaught|move: Protect
|-damage|p2a: Mienshao|238\/271|[from] Spiky Shield|[of] p1a: Chesnaught
|-damage|p2a: Mienshao|103\/271|[from] highjumpkick
|
|-heal|p1a: Chesnaught|358\/380|[from] item: Leftovers
|turn|52
|
|move|p2a: Mienshao|High Jump Kick|p1a: Chesnaught
|-damage|p1a: Chesnaught|207\/380
|move|p1a: Chesnaught|Drain Punch|p2a: Mienshao
|-damage|p2a: Mienshao|0 fnt
|-heal|p1a: Chesnaught|259\/380|[from] drain|[of] p2a: Mienshao
|faint|p2a: Mienshao
|
|win|poek69x
|raw|Ladder updating...
|raw|poek69x's rating: 1588 &rarr; <strong>1603<\/strong><br \/>(+15 for winning)
|raw|chaosscizzors's rating: 1492 &rarr; <strong>1477<\/strong><br \/>(-15 for losing)