|join|poek69x
|join|loverss gotta love
|player|p1|poek69x|283
|player|p2|loverss gotta love|68
|gametype|singles
|gen|6
|tier|OU
|rated
|clearpoke
|poke|p1|Altaria, M
|poke|p1|Dugtrio, F
|poke|p1|Diggersby, F
|poke|p1|Greninja, M
|poke|p1|Rotom-Wash
|poke|p1|Jirachi
|poke|p2|Gardevoir, M
|poke|p2|Alomomola, F
|poke|p2|Ferrothorn, F
|poke|p2|Thundurus, M
|poke|p2|Landorus, M
|poke|p2|Tyranitar, F
|rule|Swagger Clause: Swagger is banned
|rule|Baton Pass Clause: Limit one PokÃ©mon knowing Baton Pass
|rule|Sleep Clause Mod: Limit one foe put to sleep
|rule|Species Clause: Limit one of each PokÃ©mon
|rule|OHKO Clause: OHKO moves are banned
|rule|Moody Clause: Moody is banned
|rule|Evasion Moves Clause: Evasion moves are banned
|rule|Endless Battle Clause: Forcing endless battles is banned
|rule|HP Percentage Mod: HP is shown in percentages
|teampreview
|
|start
|switch|p1a: Diggersby|Diggersby, F|311\/311
|switch|p2a: Gardevoir|Gardevoir, M|300\/300
|turn|1
|
|switch|p1a: Jirachi|Jirachi|404\/404
|switch|p2a: Tyranitar|Tyranitar, F|342\/342
|-weather|Sandstorm
|
|-weather|Sandstorm|[upkeep]
|turn|2
|
|move|p2a: Tyranitar|Crunch|p1a: Jirachi
|-supereffective|p1a: Jirachi
|-damage|p1a: Jirachi|110\/404
|-unboost|p1a: Jirachi|def|1
|move|p1a: Jirachi|Iron Head|p2a: Tyranitar
|-supereffective|p2a: Tyranitar
|-damage|p2a: Tyranitar|160\/342
|
|-weather|Sandstorm|[upkeep]
|-heal|p1a: Jirachi|135\/404|[from] item: Leftovers
|turn|3
|
|switch|p1a: Altaria|Altaria, M|353\/353
|-ability|p1a: Altaria|Cloud Nine
|move|p2a: Tyranitar|Crunch|p1a: Altaria
|-crit|p1a: Altaria
|-damage|p1a: Altaria|158\/353
|
|-weather|Sandstorm|[upkeep]
|turn|4
|
|switch|p2a: Gardevoir|Gardevoir, M|300\/300
|detailschange|p1a: Altaria|Altaria-Mega, M
|message|Altaria has Mega Evolved into Mega Altaria!
|move|p1a: Altaria|Roost|p1a: Altaria
|-heal|p1a: Altaria|335\/353
|
|-weather|Sandstorm|[upkeep]
|-damage|p2a: Gardevoir|282\/300|[from] sandstorm
|-damage|p1a: Altaria|313\/353|[from] sandstorm
|turn|5
|
|switch|p1a: Jirachi|Jirachi|135\/404
|detailschange|p2a: Gardevoir|Gardevoir-Mega, M
|message|Gardevoir has Mega Evolved into Mega Gardevoir!
|move|p2a: Gardevoir|Hyper Voice|p1a: Jirachi
|-resisted|p1a: Jirachi
|-damage|p1a: Jirachi|42\/404
|
|-weather|none
|-heal|p1a: Jirachi|67\/404|[from] item: Leftovers
|turn|6
|
|move|p2a: Gardevoir|Substitute|p2a: Gardevoir
|-start|p2a: Gardevoir|Substitute
|-damage|p2a: Gardevoir|207\/300
|move|p1a: Jirachi|U-turn|p2a: Gardevoir
|-end|p2a: Gardevoir|Substitute
|
|switch|p1a: Dugtrio|Dugtrio, F|201\/201
|
|turn|7
|
|move|p1a: Dugtrio|Earthquake|p2a: Gardevoir
|-damage|p2a: Gardevoir|30\/300
|move|p2a: Gardevoir|Hyper Voice|p1a: Dugtrio
|-enditem|p1a: Dugtrio|Focus Sash
|-damage|p1a: Dugtrio|1\/201
|
|turn|8
|
|move|p1a: Dugtrio|Earthquake|p2a: Gardevoir
|-damage|p2a: Gardevoir|0 fnt
|faint|p2a: Gardevoir
|
|
|switch|p2a: Ferrothorn|Ferrothorn, F|351\/351
|turn|9
|
|move|p1a: Dugtrio|Reversal|p2a: Ferrothorn
|-supereffective|p2a: Ferrothorn
|-damage|p2a: Ferrothorn|111\/351
|-damage|p1a: Dugtrio|0 fnt|[from] ability: Iron Barbs|[of] p2a: Ferrothorn
|faint|p1a: Dugtrio
|move|p2a: Ferrothorn|Stealth Rock|p1: Dugtrio
|-sidestart|p1: poek69x|move: Stealth Rock
|
|
|switch|p1a: Jirachi|Jirachi|67\/404
|-damage|p1a: Jirachi|42\/404|[from] Stealth Rock
|turn|10
|
|move|p1a: Jirachi|Stealth Rock|p2a: Ferrothorn
|-sidestart|p2: loverss gotta love|move: Stealth Rock
|move|p2a: Ferrothorn|Leech Seed|p1a: Jirachi
|-start|p1a: Jirachi|move: Leech Seed
|
|-heal|p1a: Jirachi|67\/404|[from] item: Leftovers
|-damage|p1a: Jirachi|17\/404|[from] Leech Seed|[of] p2a: Ferrothorn
|-heal|p2a: Ferrothorn|161\/351|[silent]
|turn|11
|
|move|p2a: Ferrothorn|Protect|p2a: Ferrothorn
|-singleturn|p2a: Ferrothorn|Protect
|move|p1a: Jirachi|U-turn|p2a: Ferrothorn
|-activate|p2a: Ferrothorn|Protect
|
|-heal|p1a: Jirachi|42\/404|[from] item: Leftovers
|-damage|p1a: Jirachi|0 fnt|[from] Leech Seed|[of] p2a: Ferrothorn
|-heal|p2a: Ferrothorn|203\/351|[silent]
|faint|p1a: Jirachi
|
|switch|p1a: Diggersby|Diggersby, F|311\/311
|-damage|p1a: Diggersby|292\/311|[from] Stealth Rock
|turn|12
|
|move|p1a: Diggersby|Fire Punch|p2a: Ferrothorn
|-supereffective|p2a: Ferrothorn
|-damage|p2a: Ferrothorn|0 fnt
|-damage|p1a: Diggersby|254\/311|[from] ability: Iron Barbs|[of] p2a: Ferrothorn
|-damage|p1a: Diggersby|223\/311|[from] item: Life Orb
|faint|p2a: Ferrothorn
|
|
|switch|p2a: Tyranitar|Tyranitar, F|160\/342
|-damage|p2a: Tyranitar|118\/342|[from] Stealth Rock
|-weather|Sandstorm
|turn|13
|
|move|p2a: Tyranitar|Pursuit|p1a: Diggersby|[from]Pursuit
|-damage|p1a: Diggersby|49\/311
|switch|p1a: Altaria|Altaria-Mega, M|313\/353
|-damage|p1a: Altaria|269\/353|[from] Stealth Rock
|
|-weather|Sandstorm|[upkeep]
|-damage|p1a: Altaria|247\/353|[from] sandstorm
|turn|14
|
|switch|p2a: Thundurus|Thundurus, M|299\/299
|-damage|p2a: Thundurus|225\/299|[from] Stealth Rock
|move|p1a: Altaria|Frustration|p2a: Thundurus
|-damage|p2a: Thundurus|12\/299
|
|-weather|Sandstorm|[upkeep]
|-damage|p2a: Thundurus|0 fnt|[from] sandstorm
|-damage|p1a: Altaria|225\/353|[from] sandstorm
|faint|p2a: Thundurus
|
|switch|p2a: Landorus|Landorus, M|320\/320
|-damage|p2a: Landorus|280\/320|[from] Stealth Rock
|turn|15
|
|switch|p1a: Diggersby|Diggersby, F|49\/311
|-damage|p1a: Diggersby|30\/311|[from] Stealth Rock
|move|p2a: Landorus|Psychic|p1a: Diggersby
|-damage|p1a: Diggersby|0 fnt
|faint|p1a: Diggersby
|
|-weather|Sandstorm|[upkeep]
|
|switch|p1a: Greninja|Greninja, M|285\/285
|-damage|p1a: Greninja|250\/285|[from] Stealth Rock
|turn|16
|
|switch|p2a: Alomomola|Alomomola, F|534\/534
|-damage|p2a: Alomomola|468\/534|[from] Stealth Rock
|move|p1a: Greninja|Ice Beam|p2a: Alomomola
|-start|p1a: Greninja|typechange|Ice|[from] Protean
|-resisted|p2a: Alomomola
|-damage|p2a: Alomomola|296\/534
|-damage|p1a: Greninja|222\/285|[from] item: Life Orb
|
|-weather|Sandstorm|[upkeep]
|-damage|p1a: Greninja|205\/285|[from] sandstorm
|-damage|p2a: Alomomola|263\/534|[from] sandstorm
|-heal|p2a: Alomomola|296\/534|[from] item: Leftovers
|turn|17
|
|move|p1a: Greninja|Dark Pulse|p2a: Alomomola
|-start|p1a: Greninja|typechange|Dark|[from] Protean
|-damage|p2a: Alomomola|6\/534
|-damage|p1a: Greninja|177\/285|[from] item: Life Orb
|cant|p2a: Alomomola|flinch
|
|-weather|none
|-heal|p2a: Alomomola|39\/534|[from] item: Leftovers
|turn|18
|
|move|p2a: Alomomola|Protect|p2a: Alomomola
|-singleturn|p2a: Alomomola|Protect
|move|p1a: Greninja|Low Kick|p2a: Alomomola
|-start|p1a: Greninja|typechange|Fighting|[from] Protean
|-activate|p2a: Alomomola|Protect
|
|-heal|p2a: Alomomola|72\/534|[from] item: Leftovers
|turn|19
|-message|loverss gotta love forfeited.
|
|win|poek69x
|raw|Ladder updating...
|leave|loverss gotta love
|player|p2
|raw|poek69x's rating: 1660 &rarr; <strong>1670<\/strong><br \/>(+10 for winning)
|raw|loverss gotta love's rating: 1490 &rarr; <strong>1479<\/strong><br \/>(-11 for losing)