|join|Magicblade
|join|poek69x
|player|p1|Magicblade|274
|player|p2|poek69x|283
|gametype|singles
|gen|6
|tier|OU
|rated
|clearpoke
|poke|p1|Gengar, M
|poke|p1|Meloetta
|poke|p1|Conkeldurr, M
|poke|p1|Gyarados, M
|poke|p1|Ferrothorn, M
|poke|p1|Landorus, M
|poke|p2|Azelf
|poke|p2|Talonflame, F
|poke|p2|Keldeo
|poke|p2|Pinsir, M
|poke|p2|Magnezone
|poke|p2|Gliscor, M
|rule|Swagger Clause: Swagger is banned
|rule|Baton Pass Clause: Limit one PokÃ©mon knowing Baton Pass
|rule|Sleep Clause Mod: Limit one foe put to sleep
|rule|Species Clause: Limit one of each PokÃ©mon
|rule|OHKO Clause: OHKO moves are banned
|rule|Moody Clause: Moody is banned
|rule|Evasion Moves Clause: Evasion moves are banned
|rule|Endless Battle Clause: Forcing endless battles is banned
|rule|HP Percentage Mod: HP is shown in percentages
|teampreview
|
|start
|switch|p1a: Enten|Landorus, M|319\/319
|switch|p2a: Azelf|Azelf|291\/291
|turn|1
|
|move|p2a: Azelf|Stealth Rock|p1a: Enten
|-sidestart|p1: Magicblade|move: Stealth Rock
|move|p1a: Enten|Knock Off|p2a: Azelf
|-supereffective|p2a: Azelf
|-enditem|p2a: Azelf|Focus Sash
|-damage|p2a: Azelf|1\/291
|-damage|p1a: Enten|288\/319|[from] item: Life Orb
|
|turn|2
|
|switch|p1a: Heihachi|Conkeldurr, M|383\/383
|-damage|p1a: Heihachi|360\/383|[from] Stealth Rock
|move|p2a: Azelf|Explosion|p1a: Heihachi
|-damage|p1a: Heihachi|74\/383
|faint|p2a: Azelf
|
|
|switch|p2a: Keldeo|Keldeo|323\/323
|turn|3
|join|callumcomingthur
|
|move|p1a: Heihachi|Mach Punch|p2a: Keldeo
|-damage|p2a: Keldeo|245\/323
|move|p2a: Keldeo|Scald|p1a: Heihachi
|-damage|p1a: Heihachi|0 fnt
|-damage|p2a: Keldeo|213\/323|[from] item: Life Orb
|faint|p1a: Heihachi
|
|
|switch|p1a: Kage|Gengar, M|262\/262
|-damage|p1a: Kage|230\/262|[from] Stealth Rock
|turn|4
|
|move|p1a: Kage|Substitute|p1a: Kage
|-start|p1a: Kage|Substitute
|-damage|p1a: Kage|165\/262
|move|p2a: Keldeo|Scald|p1a: Kage
|-end|p1a: Kage|Substitute
|-damage|p2a: Keldeo|181\/323|[from] item: Life Orb
|
|-heal|p1a: Kage|181\/262|[from] item: Black Sludge
|turn|5
|join|Aidin
|
|move|p1a: Kage|Substitute|p1a: Kage
|-start|p1a: Kage|Substitute
|-damage|p1a: Kage|116\/262
|move|p2a: Keldeo|Scald|p1a: Kage
|-end|p1a: Kage|Substitute
|-damage|p2a: Keldeo|149\/323|[from] item: Life Orb
|
|-heal|p1a: Kage|132\/262|[from] item: Black Sludge
|turn|6
|c| Aidin|i accidentally clicked on a bookmark
|c|âpoek69x|np
|
|switch|p2a: Magnezone|Magnezone|282\/282
|move|p1a: Kage|Sludge Bomb|p2a: Magnezone
|-immune|p2a: Magnezone|[msg]
|
|-heal|p1a: Kage|148\/262|[from] item: Black Sludge
|turn|7
|c|âMagicblade|lol 
|
|switch|p1a: Hentai|Ferrothorn, M|352\/352
|-damage|p1a: Hentai|330\/352|[from] Stealth Rock
|move|p2a: Magnezone|Volt Switch|p1a: Hentai
|-resisted|p1a: Hentai
|-damage|p1a: Hentai|273\/352
|
|switch|p2a: Talonflame|Talonflame, F|319\/319
|
|turn|8
|
|move|p2a: Talonflame|Flare Blitz|p1a: Hentai
|-supereffective|p1a: Hentai
|-damage|p1a: Hentai|0 fnt
|-damage|p2a: Talonflame|280\/319|[from] ability: Iron Barbs|[of] p1a: Hentai
|-damage|p2a: Talonflame|227\/319|[from] item: Rocky Helmet|[of] p1a: Hentai
|-damage|p2a: Talonflame|137\/319|[from] recoil|[of] p1a: Hentai
|faint|p1a: Hentai
|
|
|switch|p1a: Predator|Gyarados, M|331\/331
|-damage|p1a: Predator|249\/331|[from] Stealth Rock
|-ability|p1a: Predator|Intimidate|[of] p2a: Talonflame
|-unboost|p2a: Talonflame|atk|1
|turn|9
|
|detailschange|p1a: Predator|Gyarados-Mega, M
|message|Gyarados has Mega Evolved into Mega Gyarados!
|-ability|p1a: Predator|Mold Breaker
|move|p2a: Talonflame|Swords Dance|p2a: Talonflame
|-boost|p2a: Talonflame|atk|2
|move|p1a: Predator|Dragon Dance|p1a: Predator
|-boost|p1a: Predator|atk|1
|-boost|p1a: Predator|spe|1
|
|turn|10
|
|move|p2a: Talonflame|Brave Bird|p1a: Predator
|-damage|p1a: Predator|5\/331
|-damage|p2a: Talonflame|56\/319|[from] recoil|[of] p1a: Predator
|move|p1a: Predator|Waterfall|p2a: Talonflame
|-supereffective|p2a: Talonflame
|-damage|p2a: Talonflame|0 fnt
|faint|p2a: Talonflame
|
|
|switch|p2a: Pinsir|Pinsir, M|271\/271
|turn|11
|
|detailschange|p2a: Pinsir|Pinsir-Mega, M
|message|Pinsir has Mega Evolved into Mega Pinsir!
|move|p2a: Pinsir|Quick Attack|p1a: Predator
|-damage|p1a: Predator|0 fnt
|faint|p1a: Predator
|
|
|switch|p1a: Enten|Landorus, M|288\/319
|-damage|p1a: Enten|249\/319|[from] Stealth Rock
|turn|12
|
|move|p2a: Pinsir|Frustration|p1a: Enten
|-damage|p1a: Enten|0 fnt
|faint|p1a: Enten
|
|-message|Magicblade forfeited.
|
|win|poek69x
|raw|Ladder updating...
|leave|Magicblade
|player|p1
|raw|Magicblade's rating: 1917 &rarr; <strong>1885<\/strong><br \/>(-32 for losing)
|raw|poek69x's rating: 1686 &rarr; <strong>1718<\/strong><br \/>(+32 for winning)
|c|âpoek69x|wat?
|leave|poek69x
|player|p2
|leave|callumcomingthur
|join|poek69x
|leave|Aidin