|join|Reverb
|join|poek69x
|player|p1|Reverb|#reverb
|player|p2|poek69x|283
|gametype|singles
|gen|6
|tier|OU
|rated
|clearpoke
|poke|p1|Lucario, F
|poke|p1|Diancie
|poke|p1|Rotom-Wash
|poke|p1|Heatran, M
|poke|p1|Landorus-Therian, M
|poke|p1|Greninja, F
|poke|p2|Sableye, M
|poke|p2|Slowbro, F
|poke|p2|Amoonguss, M
|poke|p2|Clefable, F
|poke|p2|Talonflame, M
|poke|p2|Chansey, F
|rule|Swagger Clause: Swagger is banned
|rule|Baton Pass Clause: Limit one PokÃ©mon knowing Baton Pass
|rule|Sleep Clause Mod: Limit one foe put to sleep
|rule|Species Clause: Limit one of each PokÃ©mon
|rule|OHKO Clause: OHKO moves are banned
|rule|Moody Clause: Moody is banned
|rule|Evasion Moves Clause: Evasion moves are banned
|rule|Endless Battle Clause: Forcing endless battles is banned
|rule|HP Percentage Mod: HP is shown in percentages
|teampreview
|c|âReverb|hf
|c|âpoek69x|u2
|
|start
|switch|p1a: Diancie|Diancie|241\/241
|switch|p2a: Slowbro|Slowbro, F|394\/394
|turn|1
|
|switch|p1a: Rotom-Wash|Rotom-Wash|303\/303
|move|p2a: Slowbro|Scald|p1a: Rotom-Wash
|-resisted|p1a: Rotom-Wash
|-damage|p1a: Rotom-Wash|258\/303
|
|-heal|p1a: Rotom-Wash|276\/303|[from] item: Leftovers
|turn|2
|
|switch|p2a: Amoonguss|Amoonguss, M|432\/432
|move|p1a: Rotom-Wash|Volt Switch|p2a: Amoonguss
|-resisted|p2a: Amoonguss
|-damage|p2a: Amoonguss|386\/432
|
|switch|p1a: Heatran|Heatran, M|386\/386
|
|-heal|p2a: Amoonguss|413\/432|[from] item: Black Sludge
|turn|3
|join|azogue
|
|move|p1a: Heatran|Taunt|p2a: Amoonguss
|-start|p2a: Amoonguss|move: Taunt
|cant|p2a: Amoonguss|move: Taunt|Spore
|
|-heal|p2a: Amoonguss|432\/432|[from] item: Black Sludge
|turn|4
|
|switch|p2a: Talonflame|Talonflame, M|359\/359
|move|p1a: Heatran|Stealth Rock|p2a: Talonflame
|-sidestart|p2: poek69x|move: Stealth Rock
|
|turn|5
|
|switch|p1a: Rotom-Wash|Rotom-Wash|276\/303
|move|p2a: Talonflame|Taunt|p1a: Rotom-Wash
|-start|p1a: Rotom-Wash|move: Taunt
|
|-heal|p1a: Rotom-Wash|294\/303|[from] item: Leftovers
|turn|6
|
|move|p2a: Talonflame|Will-O-Wisp|p1a: Rotom-Wash
|-status|p1a: Rotom-Wash|brn
|move|p1a: Rotom-Wash|Volt Switch|p2a: Talonflame
|-supereffective|p2a: Talonflame
|-damage|p2a: Talonflame|201\/359
|
|switch|p1a: Diancie|Diancie|241\/241
|
|-heal|p2a: Talonflame|223\/359|[from] item: Leftovers
|turn|7
|
|switch|p2a: Slowbro|Slowbro, F|394\/394
|-damage|p2a: Slowbro|345\/394|[from] Stealth Rock
|detailschange|p1a: Diancie|Diancie-Mega
|message|Diancie has Mega Evolved into Mega Diancie!
|move|p1a: Diancie|Diamond Storm|p2a: Slowbro
|-damage|p2a: Slowbro|218\/394
|
|-heal|p2a: Slowbro|242\/394|[from] item: Leftovers
|turn|8
|
|switch|p2a: Chansey|Chansey, F|704\/704
|-damage|p2a: Chansey|616\/704|[from] Stealth Rock
|move|p1a: Diancie|Moonblast|p2a: Chansey
|-damage|p2a: Chansey|484\/704
|-unboost|p2a: Chansey|spa|1
|
|turn|9
|
|move|p1a: Diancie|Diamond Storm|p2a: Chansey
|-damage|p2a: Chansey|229\/704
|move|p2a: Chansey|Soft-Boiled|p2a: Chansey
|-heal|p2a: Chansey|581\/704
|
|turn|10
|
|switch|p1a: Lucario|Lucario, F|281\/281
|move|p2a: Chansey|Stealth Rock|p1a: Lucario
|-sidestart|p1: Reverb|move: Stealth Rock
|
|turn|11
|
|switch|p2a: Slowbro|Slowbro, F|373\/394
|-damage|p2a: Slowbro|324\/394|[from] Stealth Rock
|move|p1a: Lucario|Iron Tail|p2a: Slowbro|[miss]
|-miss|p1a: Lucario|p2a: Slowbro
|
|-heal|p2a: Slowbro|348\/394|[from] item: Leftovers
|turn|12
|
|switch|p1a: Rotom-Wash|Rotom-Wash|294\/303 brn
|-damage|p1a: Rotom-Wash|257\/303 brn|[from] Stealth Rock
|move|p2a: Slowbro|Scald|p1a: Rotom-Wash
|-resisted|p1a: Rotom-Wash
|-damage|p1a: Rotom-Wash|215\/303 brn
|
|-heal|p1a: Rotom-Wash|233\/303 brn|[from] item: Leftovers
|-heal|p2a: Slowbro|372\/394|[from] item: Leftovers
|-damage|p1a: Rotom-Wash|196\/303 brn|[from] brn
|turn|13
|
|switch|p2a: Amoonguss|Amoonguss, M|432\/432
|-damage|p2a: Amoonguss|378\/432|[from] Stealth Rock
|move|p1a: Rotom-Wash|Volt Switch|p2a: Amoonguss
|-resisted|p2a: Amoonguss
|-damage|p2a: Amoonguss|330\/432
|
|switch|p1a: Heatran|Heatran, M|386\/386
|-damage|p1a: Heatran|338\/386|[from] Stealth Rock
|
|-heal|p1a: Heatran|362\/386|[from] item: Leftovers
|-heal|p2a: Amoonguss|357\/432|[from] item: Black Sludge
|turn|14
|
|switch|p2a: Talonflame|Talonflame, M|223\/359
|-damage|p2a: Talonflame|44\/359|[from] Stealth Rock
|move|p1a: Heatran|Will-O-Wisp|p2a: Talonflame
|-fail|p2a: Talonflame
|
|-heal|p2a: Talonflame|66\/359|[from] item: Leftovers
|-heal|p1a: Heatran|386\/386|[from] item: Leftovers
|turn|15
|join|haunter
|join|0 Sky Dragon
|
|move|p2a: Talonflame|Taunt|p1a: Heatran
|-start|p1a: Heatran|move: Taunt
|cant|p1a: Heatran|move: Taunt|Taunt
|
|-heal|p2a: Talonflame|88\/359|[from] item: Leftovers
|turn|16
|
|switch|p1a: Rotom-Wash|Rotom-Wash|196\/303 brn
|-damage|p1a: Rotom-Wash|159\/303 brn|[from] Stealth Rock
|move|p2a: Talonflame|Roost|p2a: Talonflame
|-heal|p2a: Talonflame|268\/359
|
|-heal|p2a: Talonflame|290\/359|[from] item: Leftovers
|-heal|p1a: Rotom-Wash|177\/303 brn|[from] item: Leftovers
|-damage|p1a: Rotom-Wash|140\/303 brn|[from] brn
|turn|17
|
|switch|p2a: Amoonguss|Amoonguss, M|432\/432
|-damage|p2a: Amoonguss|378\/432|[from] Stealth Rock
|move|p1a: Rotom-Wash|Pain Split|p2a: Amoonguss
|-sethp|p2a: Amoonguss|259\/432|p1a: Rotom-Wash|259\/303 brn|[from] move: Pain Split
|
|-heal|p1a: Rotom-Wash|277\/303 brn|[from] item: Leftovers
|-heal|p2a: Amoonguss|286\/432|[from] item: Black Sludge
|-damage|p1a: Rotom-Wash|240\/303 brn|[from] brn
|turn|18
|
|move|p1a: Rotom-Wash|Volt Switch|p2a: Amoonguss
|-resisted|p2a: Amoonguss
|-damage|p2a: Amoonguss|244\/432
|
|switch|p1a: Landorus-Therian|Landorus-Therian, M|327\/327
|-damage|p1a: Landorus-Therian|287\/327|[from] Stealth Rock
|-ability|p1a: Landorus-Therian|Intimidate|[of] p2a: Amoonguss
|-unboost|p2a: Amoonguss|atk|1
|move|p2a: Amoonguss|Spore|p1a: Landorus-Therian
|-status|p1a: Landorus-Therian|slp
|
|-heal|p2a: Amoonguss|271\/432|[from] item: Black Sludge
|turn|19
|
|switch|p1a: Lucario|Lucario, F|281\/281
|-damage|p1a: Lucario|273\/281|[from] Stealth Rock
|switch|p2a: Sableye|Sableye, M|304\/304
|-damage|p2a: Sableye|266\/304|[from] Stealth Rock
|
|turn|20
|
|switch|p1a: Heatran|Heatran, M|386\/386
|-damage|p1a: Heatran|338\/386|[from] Stealth Rock
|detailschange|p2a: Sableye|Sableye-Mega, M
|message|Sableye has Mega Evolved into Mega Sableye!
|move|p2a: Sableye|Foul Play|p1a: Heatran
|-damage|p1a: Heatran|259\/386
|
|-heal|p1a: Heatran|283\/386|[from] item: Leftovers
|turn|21
|
|move|p1a: Heatran|Will-O-Wisp|p2a: Sableye
|move|p2a: Sableye|Will-O-Wisp|p1a: Heatran|[from]Magic Bounce
|-start|p1a: Heatran|ability: Flash Fire
|move|p2a: Sableye|Knock Off|p1a: Heatran
|-damage|p1a: Heatran|181\/386
|-enditem|p1a: Heatran|Leftovers|[from] move: Knock Off|[of] p2a: Sableye
|
|turn|22
|
|switch|p2a: Talonflame|Talonflame, M|290\/359
|-damage|p2a: Talonflame|111\/359|[from] Stealth Rock
|move|p1a: Heatran|Lava Plume|p2a: Talonflame
|-resisted|p2a: Talonflame
|-damage|p2a: Talonflame|27\/359
|
|-heal|p2a: Talonflame|49\/359|[from] item: Leftovers
|turn|23
|join|Latias the God
|
|move|p2a: Talonflame|Roost|p2a: Talonflame
|-heal|p2a: Talonflame|229\/359
|move|p1a: Heatran|Taunt|p2a: Talonflame
|-start|p2a: Talonflame|move: Taunt
|
|-heal|p2a: Talonflame|251\/359|[from] item: Leftovers
|turn|24
|leave|Latias the God
|
|move|p2a: Talonflame|Brave Bird|p1a: Heatran
|-resisted|p1a: Heatran
|-damage|p1a: Heatran|123\/386
|-damage|p2a: Talonflame|232\/359|[from] recoil|[of] p1a: Heatran
|move|p1a: Heatran|Lava Plume|p2a: Talonflame
|-resisted|p2a: Talonflame
|-damage|p2a: Talonflame|156\/359
|
|-heal|p2a: Talonflame|178\/359|[from] item: Leftovers
|turn|25
|join|Jefo
|
|move|p2a: Talonflame|Brave Bird|p1a: Heatran
|-resisted|p1a: Heatran
|-damage|p1a: Heatran|69\/386
|-damage|p2a: Talonflame|160\/359|[from] recoil|[of] p1a: Heatran
|move|p1a: Heatran|Lava Plume|p2a: Talonflame
|-resisted|p2a: Talonflame
|-damage|p2a: Talonflame|87\/359
|
|-heal|p2a: Talonflame|109\/359|[from] item: Leftovers
|turn|26
|
|switch|p1a: Rotom-Wash|Rotom-Wash|240\/303 brn
|-damage|p1a: Rotom-Wash|203\/303 brn|[from] Stealth Rock
|move|p2a: Talonflame|Brave Bird|p1a: Rotom-Wash
|-resisted|p1a: Rotom-Wash
|-damage|p1a: Rotom-Wash|161\/303 brn
|-damage|p2a: Talonflame|95\/359|[from] recoil|[of] p1a: Rotom-Wash
|
|-heal|p2a: Talonflame|117\/359|[from] item: Leftovers
|-heal|p1a: Rotom-Wash|179\/303 brn|[from] item: Leftovers
|-damage|p1a: Rotom-Wash|142\/303 brn|[from] brn
|-end|p2a: Talonflame|move: Taunt
|turn|27
|
|move|p2a: Talonflame|Roost|p2a: Talonflame
|-heal|p2a: Talonflame|297\/359
|move|p1a: Rotom-Wash|Hydro Pump|p2a: Talonflame
|-supereffective|p2a: Talonflame
|-damage|p2a: Talonflame|45\/359
|
|-heal|p2a: Talonflame|67\/359|[from] item: Leftovers
|-heal|p1a: Rotom-Wash|160\/303 brn|[from] item: Leftovers
|-damage|p1a: Rotom-Wash|123\/303 brn|[from] brn
|turn|28
|
|move|p2a: Talonflame|Roost|p2a: Talonflame
|-heal|p2a: Talonflame|247\/359
|move|p1a: Rotom-Wash|Hydro Pump|p2a: Talonflame|[miss]
|-miss|p1a: Rotom-Wash|p2a: Talonflame
|
|-heal|p2a: Talonflame|269\/359|[from] item: Leftovers
|-heal|p1a: Rotom-Wash|141\/303 brn|[from] item: Leftovers
|-damage|p1a: Rotom-Wash|104\/303 brn|[from] brn
|turn|29
|
|move|p2a: Talonflame|Taunt|p1a: Rotom-Wash
|-start|p1a: Rotom-Wash|move: Taunt
|cant|p1a: Rotom-Wash|move: Taunt|Pain Split
|
|-heal|p2a: Talonflame|291\/359|[from] item: Leftovers
|-heal|p1a: Rotom-Wash|122\/303 brn|[from] item: Leftovers
|-damage|p1a: Rotom-Wash|85\/303 brn|[from] brn
|turn|30
|
|move|p2a: Talonflame|Roost|p2a: Talonflame
|-heal|p2a: Talonflame|359\/359
|move|p1a: Rotom-Wash|Volt Switch|p2a: Talonflame
|-damage|p2a: Talonflame|283\/359
|
|switch|p1a: Diancie|Diancie-Mega|241\/241
|-damage|p1a: Diancie|211\/241|[from] Stealth Rock
|
|-heal|p2a: Talonflame|305\/359|[from] item: Leftovers
|turn|31
|
|switch|p2a: Amoonguss|Amoonguss, M|415\/432
|-damage|p2a: Amoonguss|361\/432|[from] Stealth Rock
|move|p1a: Diancie|Moonblast|p2a: Amoonguss
|-resisted|p2a: Amoonguss
|-damage|p2a: Amoonguss|263\/432
|
|-heal|p2a: Amoonguss|290\/432|[from] item: Black Sludge
|turn|32
|
|move|p1a: Diancie|Diamond Storm|p2a: Amoonguss
|-damage|p2a: Amoonguss|112\/432
|-boost|p1a: Diancie|def|1
|move|p2a: Amoonguss|Giga Drain|p1a: Diancie
|-supereffective|p1a: Diancie
|-damage|p1a: Diancie|65\/241
|-heal|p2a: Amoonguss|185\/432|[from] drain|[of] p1a: Diancie
|
|-heal|p2a: Amoonguss|212\/432|[from] item: Black Sludge
|turn|33
|
|move|p1a: Diancie|Diamond Storm|p2a: Amoonguss
|-damage|p2a: Amoonguss|22\/432
|move|p2a: Amoonguss|Giga Drain|p1a: Diancie
|-supereffective|p1a: Diancie
|-damage|p1a: Diancie|0 fnt
|-heal|p2a: Amoonguss|55\/432|[from] drain|[of] p1a: Diancie
|faint|p1a: Diancie
|
|-heal|p2a: Amoonguss|82\/432|[from] item: Black Sludge
|-message|Reverb forfeited.
|
|win|poek69x
|raw|Ladder updating...
|leave|Reverb
|player|p1
|raw|Reverb's rating: 1722 &rarr; <strong>1700<\/strong><br \/>(-22 for losing)
|raw|poek69x's rating: 1675 &rarr; <strong>1698<\/strong><br \/>(+23 for winning)
|leave|0 Sky Dragon
|leave|haunter