|join|Guilas Law
|join|poek69x
|player|p1|Guilas Law|290
|player|p2|poek69x|283
|gametype|singles
|gen|6
|tier|OU
|rated
|clearpoke
|poke|p1|Azumarill, F
|poke|p1|Latias, F
|poke|p1|Jirachi
|poke|p1|Landorus-Therian, M
|poke|p1|Heracross, F
|poke|p1|Talonflame, M
|poke|p2|Togekiss, M
|poke|p2|Manectric, M
|poke|p2|Keldeo
|poke|p2|Bisharp, F
|poke|p2|Landorus-Therian, M
|poke|p2|Latias, F
|rule|Swagger Clause: Swagger is banned
|rule|Baton Pass Clause: Limit one PokÃ©mon knowing Baton Pass
|rule|Sleep Clause Mod: Limit one foe put to sleep
|rule|Species Clause: Limit one of each PokÃ©mon
|rule|OHKO Clause: OHKO moves are banned
|rule|Moody Clause: Moody is banned
|rule|Evasion Moves Clause: Evasion moves are banned
|rule|Endless Battle Clause: Forcing endless battles is banned
|rule|HP Percentage Mod: HP is shown in percentages
|teampreview
|
|start
|switch|p1a: Azumarill|Azumarill, F|403\/403
|switch|p2a: Togekiss|Togekiss, M|374\/374
|turn|1
|
|switch|p1a: Landorus-Therian|Landorus-Therian, M|381\/381
|-ability|p1a: Landorus-Therian|Intimidate|[of] p2a: Togekiss
|-unboost|p2a: Togekiss|atk|1
|move|p2a: Togekiss|Nasty Plot|p2a: Togekiss
|-boost|p2a: Togekiss|spa|2
|
|turn|2
|
|move|p1a: Landorus-Therian|Stealth Rock|p2a: Togekiss
|-sidestart|p2: poek69x|move: Stealth Rock
|move|p2a: Togekiss|Baton Pass|p2a: Togekiss
|
|switch|p2a: Manectric|Manectric, M|281\/281
|-damage|p2a: Manectric|246\/281|[from] Stealth Rock
|
|turn|3
|
|switch|p1a: Jirachi|Jirachi|403\/403
|detailschange|p2a: Manectric|Manectric-Mega, M
|message|Manectric has Mega Evolved into Mega Manectric!
|-ability|p2a: Manectric|Intimidate|[of] p1a: Jirachi
|-unboost|p1a: Jirachi|atk|1
|move|p2a: Manectric|Hidden Power|p1a: Jirachi
|-resisted|p1a: Jirachi
|-damage|p1a: Jirachi|347\/403
|
|-heal|p1a: Jirachi|372\/403|[from] item: Leftovers
|turn|4
|
|switch|p1a: Azumarill|Azumarill, F|403\/403
|move|p2a: Manectric|Hidden Power|p1a: Azumarill
|-resisted|p1a: Azumarill
|-damage|p1a: Azumarill|340\/403
|
|turn|5
|
|move|p1a: Azumarill|Aqua Jet|p2a: Manectric
|-damage|p2a: Manectric|147\/281
|move|p2a: Manectric|Thunderbolt|p1a: Azumarill
|-supereffective|p1a: Azumarill
|-damage|p1a: Azumarill|0 fnt
|faint|p1a: Azumarill
|
|
|switch|p1a: Latias|Latias, F|301\/301
|turn|6
|
|switch|p2a: Bisharp|Bisharp, F|271\/271
|-damage|p2a: Bisharp|255\/271|[from] Stealth Rock
|move|p1a: Latias|Draco Meteor|p2a: Bisharp
|-resisted|p2a: Bisharp
|-damage|p2a: Bisharp|81\/271
|-unboost|p1a: Latias|spa|2
|-damage|p1a: Latias|271\/301|[from] item: Life Orb
|
|turn|7
|
|move|p2a: Bisharp|Pursuit|p1a: Latias|[from]Pursuit
|-supereffective|p1a: Latias
|-damage|p1a: Latias|0 fnt
|-damage|p2a: Bisharp|54\/271|[from] item: Life Orb
|faint|p1a: Latias
|
|
|switch|p1a: Heracross|Heracross, F|301\/301
|turn|8
|
|detailschange|p1a: Heracross|Heracross-Mega, F
|message|Heracross has Mega Evolved into Mega Heracross!
|move|p2a: Bisharp|Sucker Punch|p1a: Heracross
|-resisted|p1a: Heracross
|-damage|p1a: Heracross|211\/301
|-damage|p2a: Bisharp|27\/271|[from] item: Life Orb
|move|p1a: Heracross|Pin Missile|p2a: Bisharp
|-damage|p2a: Bisharp|0 fnt
|-hitcount|p2a: Bisharp|1
|faint|p2a: Bisharp
|
|
|switch|p2a: Landorus-Therian|Landorus-Therian, M|381\/381
|-damage|p2a: Landorus-Therian|334\/381|[from] Stealth Rock
|-ability|p2a: Landorus-Therian|Intimidate|[of] p1a: Heracross
|-unboost|p1a: Heracross|atk|1
|turn|9
|
|move|p1a: Heracross|Swords Dance|p1a: Heracross
|-boost|p1a: Heracross|atk|2
|move|p2a: Landorus-Therian|Stealth Rock|p1a: Heracross
|-sidestart|p1: Guilas Law|move: Stealth Rock
|
|-heal|p2a: Landorus-Therian|357\/381|[from] item: Leftovers
|turn|10
|
|switch|p2a: Togekiss|Togekiss, M|374\/374
|-damage|p2a: Togekiss|281\/374|[from] Stealth Rock
|move|p1a: Heracross|Rock Blast|p2a: Togekiss
|-supereffective|p2a: Togekiss
|-damage|p2a: Togekiss|165\/374
|-supereffective|p2a: Togekiss
|-damage|p2a: Togekiss|41\/374
|-supereffective|p2a: Togekiss
|-damage|p2a: Togekiss|0 fnt
|-hitcount|p2a: Togekiss|3
|faint|p2a: Togekiss
|
|
|switch|p2a: Latias|Latias, F|319\/319
|-damage|p2a: Latias|280\/319|[from] Stealth Rock
|turn|11
|
|switch|p1a: Jirachi|Jirachi|372\/403
|-damage|p1a: Jirachi|347\/403|[from] Stealth Rock
|move|p2a: Latias|Psyshock|p1a: Jirachi
|-resisted|p1a: Jirachi
|-damage|p1a: Jirachi|307\/403
|-damage|p2a: Latias|249\/319|[from] item: Life Orb
|
|-heal|p1a: Jirachi|332\/403|[from] item: Leftovers
|turn|12
|
|switch|p2a: Landorus-Therian|Landorus-Therian, M|357\/381
|-damage|p2a: Landorus-Therian|310\/381|[from] Stealth Rock
|-ability|p2a: Landorus-Therian|Intimidate|[of] p1a: Jirachi
|-unboost|p1a: Jirachi|atk|1
|move|p1a: Jirachi|Iron Head|p2a: Landorus-Therian
|-damage|p2a: Landorus-Therian|259\/381
|
|-heal|p1a: Jirachi|357\/403|[from] item: Leftovers
|-heal|p2a: Landorus-Therian|282\/381|[from] item: Leftovers
|turn|13
|
|switch|p1a: Landorus-Therian|Landorus-Therian, M|381\/381
|-damage|p1a: Landorus-Therian|334\/381|[from] Stealth Rock
|-ability|p1a: Landorus-Therian|Intimidate|[of] p2a: Landorus-Therian
|-unboost|p2a: Landorus-Therian|atk|1
|move|p2a: Landorus-Therian|U-turn|p1a: Landorus-Therian
|-resisted|p1a: Landorus-Therian
|-damage|p1a: Landorus-Therian|313\/381
|
|switch|p2a: Keldeo|Keldeo|323\/323
|-damage|p2a: Keldeo|303\/323|[from] Stealth Rock
|
|-heal|p1a: Landorus-Therian|336\/381|[from] item: Leftovers
|turn|14
|
|switch|p1a: Jirachi|Jirachi|357\/403
|-damage|p1a: Jirachi|332\/403|[from] Stealth Rock
|move|p2a: Keldeo|Scald|p1a: Jirachi
|-damage|p1a: Jirachi|230\/403
|
|-heal|p1a: Jirachi|255\/403|[from] item: Leftovers
|turn|15
|
|move|p2a: Keldeo|Scald|p1a: Jirachi
|-crit|p1a: Jirachi
|-damage|p1a: Jirachi|111\/403
|move|p1a: Jirachi|Wish|p1a: Jirachi
|
|-heal|p1a: Jirachi|136\/403|[from] item: Leftovers
|turn|16
|
|move|p2a: Keldeo|Scald|p1a: Jirachi
|-damage|p1a: Jirachi|28\/403
|move|p1a: Jirachi|Body Slam|p2a: Keldeo
|-damage|p2a: Keldeo|224\/323
|
|-heal|p1a: Jirachi|229\/403|[from] move: Wish|[wisher] Jirachi
|-heal|p1a: Jirachi|254\/403|[from] item: Leftovers
|turn|17
|
|move|p2a: Keldeo|Scald|p1a: Jirachi
|-damage|p1a: Jirachi|149\/403
|move|p1a: Jirachi|Wish|p1a: Jirachi
|
|-heal|p1a: Jirachi|174\/403|[from] item: Leftovers
|turn|18
|
|move|p2a: Keldeo|Scald|p1a: Jirachi
|-damage|p1a: Jirachi|80\/403
|move|p1a: Jirachi|Body Slam|p2a: Keldeo
|-damage|p2a: Keldeo|155\/323
|-status|p2a: Keldeo|par
|
|-heal|p1a: Jirachi|281\/403|[from] move: Wish|[wisher] Jirachi
|-heal|p1a: Jirachi|306\/403|[from] item: Leftovers
|turn|19
|
|move|p1a: Jirachi|Iron Head|p2a: Keldeo
|-resisted|p2a: Keldeo
|-damage|p2a: Keldeo|101\/323 par
|move|p2a: Keldeo|Scald|p1a: Jirachi
|-damage|p1a: Jirachi|210\/403
|-status|p1a: Jirachi|brn
|
|-heal|p1a: Jirachi|235\/403 brn|[from] item: Leftovers
|-damage|p1a: Jirachi|185\/403 brn|[from] brn
|turn|20
|
|switch|p2a: Landorus-Therian|Landorus-Therian, M|282\/381
|-damage|p2a: Landorus-Therian|235\/381|[from] Stealth Rock
|-ability|p2a: Landorus-Therian|Intimidate|[of] p1a: Jirachi
|-unboost|p1a: Jirachi|atk|1
|move|p1a: Jirachi|Wish|p1a: Jirachi
|
|-heal|p1a: Jirachi|210\/403 brn|[from] item: Leftovers
|-heal|p2a: Landorus-Therian|258\/381|[from] item: Leftovers
|-damage|p1a: Jirachi|160\/403 brn|[from] brn
|turn|21
|
|move|p1a: Jirachi|Healing Wish|p1a: Jirachi
|faint|p1a: Jirachi
|move|p2a: Landorus-Therian|U-turn|p1: Jirachi|[notarget]
|-notarget
|
|-heal|p2a: Landorus-Therian|281\/381|[from] item: Leftovers
|
|switch|p1a: Heracross|Heracross-Mega, F|211\/301
|-heal|p1a: Heracross|301\/301|[from] move: Healing Wish
|-damage|p1a: Heracross|264\/301|[from] Stealth Rock
|turn|22
|
|switch|p2a: Keldeo|Keldeo|101\/323 par
|-damage|p2a: Keldeo|81\/323 par|[from] Stealth Rock
|move|p1a: Heracross|Rock Blast|p2a: Keldeo
|-resisted|p2a: Keldeo
|-damage|p2a: Keldeo|58\/323 par
|-resisted|p2a: Keldeo
|-damage|p2a: Keldeo|36\/323 par
|-resisted|p2a: Keldeo
|-damage|p2a: Keldeo|13\/323 par
|-resisted|p2a: Keldeo
|-damage|p2a: Keldeo|0 fnt
|-hitcount|p2a: Keldeo|4
|faint|p2a: Keldeo
|
|
|switch|p2a: Latias|Latias, F|249\/319
|-damage|p2a: Latias|210\/319|[from] Stealth Rock
|turn|23
|
|switch|p1a: Landorus-Therian|Landorus-Therian, M|336\/381
|-damage|p1a: Landorus-Therian|289\/381|[from] Stealth Rock
|-ability|p1a: Landorus-Therian|Intimidate|[of] p2a: Latias
|-unboost|p2a: Latias|atk|1
|move|p2a: Latias|Psyshock|p1a: Landorus-Therian
|-damage|p1a: Landorus-Therian|167\/381
|-damage|p2a: Latias|179\/319|[from] item: Life Orb
|
|-heal|p1a: Landorus-Therian|190\/381|[from] item: Leftovers
|turn|24
|
|move|p2a: Latias|Draco Meteor|p1a: Landorus-Therian
|-damage|p1a: Landorus-Therian|0 fnt
|-unboost|p2a: Latias|spa|2
|-damage|p2a: Latias|148\/319|[from] item: Life Orb
|faint|p1a: Landorus-Therian
|
|
|switch|p1a: Talonflame|Talonflame, M|305\/305
|-damage|p1a: Talonflame|153\/305|[from] Stealth Rock
|turn|25
|
|switch|p2a: Landorus-Therian|Landorus-Therian, M|281\/381
|-damage|p2a: Landorus-Therian|234\/381|[from] Stealth Rock
|-ability|p2a: Landorus-Therian|Intimidate|[of] p1a: Talonflame
|-unboost|p1a: Talonflame|atk|1
|move|p1a: Talonflame|Brave Bird|p2a: Landorus-Therian
|-damage|p2a: Landorus-Therian|134\/381
|-damage|p1a: Talonflame|120\/305|[from] recoil|[of] p2a: Landorus-Therian
|
|-heal|p2a: Landorus-Therian|157\/381|[from] item: Leftovers
|turn|26
|
|move|p1a: Talonflame|Brave Bird|p2a: Landorus-Therian
|-damage|p2a: Landorus-Therian|67\/381
|-damage|p1a: Talonflame|90\/305|[from] recoil|[of] p2a: Landorus-Therian
|move|p2a: Landorus-Therian|Stone Edge|p1a: Talonflame
|-supereffective|p1a: Talonflame
|-damage|p1a: Talonflame|0 fnt
|faint|p1a: Talonflame
|
|-heal|p2a: Landorus-Therian|90\/381|[from] item: Leftovers
|-message|Guilas Law forfeited.
|
|win|poek69x
|raw|Ladder updating...
|raw|Guilas Law's rating: 1742 &rarr; <strong>1720<\/strong><br \/>(-22 for losing)
|raw|poek69x's rating: 1700 &rarr; <strong>1722<\/strong><br \/>(+22 for winning)
|c|âpoek69x|gg
|c|âGuilas Law|no
|c|âpoek69x|si
|leave|Guilas Law
|player|p1