|join|10co
|join|poek69x
|player|p1|10co|203
|player|p2|poek69x|283
|gametype|singles
|gen|6
|tier|OU
|rated
|clearpoke
|poke|p1|Ampharos, M
|poke|p1|Skarmory, F
|poke|p1|Hippowdon, M
|poke|p1|Alomomola, F
|poke|p1|Excadrill, M
|poke|p1|Gengar, M
|poke|p2|Tyranitar, F
|poke|p2|Excadrill, M
|poke|p2|Heracross, F
|poke|p2|Celebi
|poke|p2|Clefable, F
|poke|p2|Greninja, F
|rule|Swagger Clause: Swagger is banned
|rule|Baton Pass Clause: Limit one PokÃ©mon knowing Baton Pass
|rule|Sleep Clause Mod: Limit one foe put to sleep
|rule|Species Clause: Limit one of each PokÃ©mon
|rule|OHKO Clause: OHKO moves are banned
|rule|Moody Clause: Moody is banned
|rule|Evasion Moves Clause: Evasion moves are banned
|rule|Endless Battle Clause: Forcing endless battles is banned
|rule|HP Percentage Mod: HP is shown in percentages
|teampreview
|c|âpoek69x|i remember you
|c|â10co|yea me too lol
|c|âpoek69x|long time
|c|â10co|let's hope you don"t hax me
|c|â10co|hahaha
|c|âpoek69x|lmao
|c|â10co|hf
|c|âpoek69x|u2
|
|start
|switch|p1a: Skarmory|Skarmory, F|333\/333
|switch|p2a: Celebi|Celebi|404\/404
|turn|1
|
|move|p2a: Celebi|Stealth Rock|p1a: Skarmory
|-sidestart|p1: 10co|move: Stealth Rock
|move|p1a: Skarmory|Brave Bird|p2a: Celebi
|-supereffective|p2a: Celebi
|-damage|p2a: Celebi|168\/404
|-damage|p1a: Skarmory|255\/333|[from] recoil|[of] p2a: Celebi
|
|-heal|p2a: Celebi|193\/404|[from] item: Leftovers
|turn|2
|
|switch|p2a: Greninja|Greninja, F|286\/286
|move|p1a: Skarmory|Spikes|p2a: Greninja
|-sidestart|p2: poek69x|Spikes
|
|turn|3
|
|switch|p1a: Alomomola|Alomomola, F|533\/533
|-damage|p1a: Alomomola|467\/533|[from] Stealth Rock
|move|p2a: Greninja|Grass Knot|p1a: Alomomola
|-start|p2a: Greninja|typechange|Grass|[from] Protean
|-supereffective|p1a: Alomomola
|-damage|p1a: Alomomola|202\/533
|-damage|p2a: Greninja|258\/286|[from] item: Life Orb
|
|-heal|p1a: Alomomola|235\/533|[from] item: Leftovers
|turn|4
|
|move|p1a: Alomomola|Protect|p1a: Alomomola
|-singleturn|p1a: Alomomola|Protect
|move|p2a: Greninja|Grass Knot|p1a: Alomomola
|-activate|p1a: Alomomola|Protect
|
|-heal|p1a: Alomomola|268\/533|[from] item: Leftovers
|turn|5
|
|switch|p1a: Ampharos|Ampharos, M|383\/383
|-damage|p1a: Ampharos|336\/383|[from] Stealth Rock
|move|p2a: Greninja|Grass Knot|p1a: Ampharos
|-damage|p1a: Ampharos|210\/383
|-damage|p2a: Greninja|230\/286|[from] item: Life Orb
|
|turn|6
|c|â10co|what kind of ct is that
|c|âpoek69x|wut
|
|switch|p2a: Excadrill|Excadrill, M|362\/362
|-damage|p2a: Excadrill|317\/362|[from] Spikes
|move|p1a: Ampharos|Rest|p1a: Ampharos
|-status|p1a: Ampharos|slp
|-heal|p1a: Ampharos|383\/383 slp|[silent]
|-status|p1a: Ampharos|slp|[from] move: Rest
|
|turn|7
|c|â10co|this sets wrecks my entire team
|c|âpoek69x|yea lol
|c|âpoek69x|but grass knot gren is getting popular so ye
|c|âpoek69x|its legit
|c|â10co|y
|
|switch|p2a: Clefable|Clefable, F|394\/394
|switch|p1a: Skarmory|Skarmory, F|255\/333
|-damage|p1a: Skarmory|214\/333|[from] Stealth Rock
|
|turn|8
|
|switch|p1a: Alomomola|Alomomola, F|445\/533
|-damage|p1a: Alomomola|379\/533|[from] Stealth Rock
|move|p2a: Clefable|Calm Mind|p2a: Clefable
|-boost|p2a: Clefable|spa|1
|-boost|p2a: Clefable|spd|1
|
|-heal|p1a: Alomomola|412\/533|[from] item: Leftovers
|turn|9
|
|move|p1a: Alomomola|Wish|p1a: Alomomola
|move|p2a: Clefable|Moonblast|p1a: Alomomola
|-damage|p1a: Alomomola|222\/533
|
|-heal|p1a: Alomomola|255\/533|[from] item: Leftovers
|turn|10
|
|switch|p2a: Heracross|Heracross, F|301\/301
|-damage|p2a: Heracross|264\/301|[from] Spikes
|move|p1a: Alomomola|Protect|p1a: Alomomola
|-fail|p1a: Alomomola
|
|-heal|p1a: Alomomola|521\/533|[from] move: Wish|[wisher] Alomomola
|-heal|p1a: Alomomola|533\/533|[from] item: Leftovers
|turn|11
|
|switch|p2a: Clefable|Clefable, F|394\/394
|move|p1a: Alomomola|Toxic|p2a: Clefable
|-status|p2a: Clefable|tox
|
|turn|12
|
|move|p1a: Alomomola|Toxic|p2a: Clefable|[miss]
|-miss|p1a: Alomomola|p2a: Clefable
|move|p2a: Clefable|Calm Mind|p2a: Clefable
|-boost|p2a: Clefable|spa|1
|-boost|p2a: Clefable|spd|1
|
|turn|13
|
|move|p1a: Alomomola|Wish|p1a: Alomomola
|move|p2a: Clefable|Moonblast|p1a: Alomomola
|-damage|p1a: Alomomola|361\/533
|
|-heal|p1a: Alomomola|394\/533|[from] item: Leftovers
|turn|14
|
|move|p1a: Alomomola|Toxic|p2a: Clefable
|-fail|p2a: Clefable|tox
|move|p2a: Clefable|Moonblast|p1a: Alomomola
|-damage|p1a: Alomomola|207\/533
|
|-heal|p1a: Alomomola|473\/533|[from] move: Wish|[wisher] Alomomola
|-heal|p1a: Alomomola|506\/533|[from] item: Leftovers
|turn|15
|
|switch|p2a: Celebi|Celebi|193\/404
|-damage|p2a: Celebi|143\/404|[from] Spikes
|move|p1a: Alomomola|Toxic|p2a: Celebi
|-status|p2a: Celebi|tox
|
|-heal|p2a: Celebi|168\/404 tox|[from] item: Leftovers
|-heal|p1a: Alomomola|533\/533|[from] item: Leftovers
|-damage|p2a: Celebi|143\/404 tox|[from] psn
|turn|16
|
|switch|p2a: Tyranitar|Tyranitar, F|341\/341
|-damage|p2a: Tyranitar|299\/341|[from] Spikes
|-weather|Sandstorm
|switch|p1a: Skarmory|Skarmory, F|214\/333
|-damage|p1a: Skarmory|173\/333|[from] Stealth Rock
|
|-weather|Sandstorm|[upkeep]
|turn|17
|
|switch|p1a: Hippowdon|Hippowdon, M|419\/419
|-damage|p1a: Hippowdon|393\/419|[from] Stealth Rock
|move|p2a: Tyranitar|Fire Blast|p1a: Hippowdon
|-damage|p1a: Hippowdon|268\/419
|
|-weather|Sandstorm|[upkeep]
|-heal|p1a: Hippowdon|294\/419|[from] item: Leftovers
|turn|18
|
|move|p2a: Tyranitar|Ice Beam|p1a: Hippowdon
|-supereffective|p1a: Hippowdon
|-damage|p1a: Hippowdon|82\/419
|move|p1a: Hippowdon|Stealth Rock|p2a: Tyranitar
|-sidestart|p2: poek69x|move: Stealth Rock
|
|-weather|Sandstorm|[upkeep]
|-heal|p1a: Hippowdon|108\/419|[from] item: Leftovers
|turn|19
|
|move|p2a: Tyranitar|Ice Beam|p1a: Hippowdon
|-supereffective|p1a: Hippowdon
|-damage|p1a: Hippowdon|0 fnt
|faint|p1a: Hippowdon
|
|-weather|Sandstorm|[upkeep]
|
|switch|p1a: Excadrill|Excadrill, M|423\/423
|-damage|p1a: Excadrill|410\/423|[from] Stealth Rock
|turn|20
|
|switch|p2a: Celebi|Celebi|143\/404
|-damage|p2a: Celebi|93\/404|[from] Stealth Rock
|-damage|p2a: Celebi|43\/404|[from] Spikes
|move|p1a: Excadrill|Iron Head|p2a: Celebi
|-damage|p2a: Celebi|0 fnt
|faint|p2a: Celebi
|
|-weather|Sandstorm|[upkeep]
|
|switch|p2a: Excadrill|Excadrill, M|317\/362
|-damage|p2a: Excadrill|272\/362|[from] Spikes
|-damage|p2a: Excadrill|261\/362|[from] Stealth Rock
|turn|21
|
|switch|p2a: Greninja|Greninja, F|230\/286
|-damage|p2a: Greninja|195\/286|[from] Stealth Rock
|-damage|p2a: Greninja|160\/286|[from] Spikes
|move|p1a: Excadrill|Earthquake|p2a: Greninja
|-damage|p2a: Greninja|0 fnt
|faint|p2a: Greninja
|
|-weather|Sandstorm|[upkeep]
|c|â10co|phew
|
|switch|p2a: Excadrill|Excadrill, M|261\/362
|-damage|p2a: Excadrill|216\/362|[from] Spikes
|-damage|p2a: Excadrill|205\/362|[from] Stealth Rock
|turn|22
|
|switch|p1a: Ampharos|Ampharos, M|383\/383 slp
|-damage|p1a: Ampharos|336\/383 slp|[from] Stealth Rock
|move|p2a: Excadrill|Rapid Spin|p1a: Ampharos
|-damage|p1a: Ampharos|298\/383 slp
|-sideend|p2: poek69x|Spikes|[from] move: Rapid Spin|[of] p2a: Excadrill
|-sideend|p2: poek69x|Stealth Rock|[from] move: Rapid Spin|[of] p2a: Excadrill
|-damage|p2a: Excadrill|169\/362|[from] item: Life Orb
|
|-weather|Sandstorm|[upkeep]
|-damage|p1a: Ampharos|275\/383 slp|[from] sandstorm
|turn|23
|
|switch|p1a: Skarmory|Skarmory, F|173\/333
|-damage|p1a: Skarmory|132\/333|[from] Stealth Rock
|move|p2a: Excadrill|Earthquake|p1a: Skarmory
|-immune|p1a: Skarmory|[msg]
|
|-weather|none
|turn|24
|
|move|p2a: Excadrill|Iron Head|p1a: Skarmory
|-resisted|p1a: Skarmory
|-damage|p1a: Skarmory|70\/333
|-damage|p2a: Excadrill|109\/362|[from] item: Rocky Helmet|[of] p1a: Skarmory
|-damage|p2a: Excadrill|73\/362|[from] item: Life Orb
|move|p1a: Skarmory|Roost|p1a: Skarmory
|-heal|p1a: Skarmory|237\/333
|
|turn|25
|c|âpoek69x|tried to hax to death
|
|switch|p2a: Clefable|Clefable, F|394\/394 tox
|move|p1a: Skarmory|Spikes|p2a: Clefable
|-sidestart|p2: poek69x|Spikes
|
|turn|26
|
|switch|p1a: Excadrill|Excadrill, M|410\/423
|-damage|p1a: Excadrill|397\/423|[from] Stealth Rock
|move|p2a: Clefable|Calm Mind|p2a: Clefable
|-boost|p2a: Clefable|spa|1
|-boost|p2a: Clefable|spd|1
|
|turn|27
|
|switch|p2a: Excadrill|Excadrill, M|73\/362
|-damage|p2a: Excadrill|28\/362|[from] Spikes
|move|p1a: Excadrill|Iron Head|p2a: Excadrill
|-resisted|p2a: Excadrill
|-damage|p2a: Excadrill|0 fnt
|faint|p2a: Excadrill
|
|
|switch|p2a: Heracross|Heracross, F|264\/301
|-damage|p2a: Heracross|227\/301|[from] Spikes
|turn|28
|
|switch|p1a: Gengar|Gengar, M|268\/268
|-damage|p1a: Gengar|235\/268|[from] Stealth Rock
|detailschange|p2a: Heracross|Heracross-Mega, F
|message|Heracross has Mega Evolved into Mega Heracross!
|move|p2a: Heracross|Close Combat|p1a: Gengar
|-immune|p1a: Gengar|[msg]
|
|-heal|p1a: Gengar|251\/268|[from] item: Black Sludge
|turn|29
|
|switch|p2a: Tyranitar|Tyranitar, F|299\/341
|-damage|p2a: Tyranitar|257\/341|[from] Spikes
|-weather|Sandstorm
|move|p1a: Gengar|Will-O-Wisp|p2a: Tyranitar
|-status|p2a: Tyranitar|brn
|
|-weather|Sandstorm|[upkeep]
|-damage|p1a: Gengar|235\/268|[from] sandstorm
|-heal|p1a: Gengar|251\/268|[from] item: Black Sludge
|-damage|p2a: Tyranitar|215\/341 brn|[from] brn
|turn|30
|
|move|p2a: Tyranitar|Pursuit|p1a: Gengar|[from]Pursuit
|-supereffective|p1a: Gengar
|-damage|p1a: Gengar|35\/268
|switch|p1a: Excadrill|Excadrill, M|397\/423
|-damage|p1a: Excadrill|384\/423|[from] Stealth Rock
|
|-weather|Sandstorm|[upkeep]
|-damage|p2a: Tyranitar|173\/341 brn|[from] brn
|turn|31
|
|move|p1a: Excadrill|Iron Head|p2a: Tyranitar
|-supereffective|p2a: Tyranitar
|-damage|p2a: Tyranitar|0 fnt
|faint|p2a: Tyranitar
|
|-weather|Sandstorm|[upkeep]
|
|switch|p2a: Heracross|Heracross-Mega, F|227\/301
|-damage|p2a: Heracross|190\/301|[from] Spikes
|turn|32
|
|switch|p1a: Ampharos|Ampharos, M|275\/383 slp
|-damage|p1a: Ampharos|228\/383 slp|[from] Stealth Rock
|move|p2a: Heracross|Rock Blast|p1a: Ampharos|[miss]
|-miss|p2a: Heracross|p1a: Ampharos
|
|-weather|Sandstorm|[upkeep]
|-damage|p2a: Heracross|172\/301|[from] sandstorm
|-damage|p1a: Ampharos|205\/383 slp|[from] sandstorm
|turn|33
|
|detailschange|p1a: Ampharos|Ampharos-Mega, M
|message|Ampharos has Mega Evolved into Mega Ampharos!
|-ability|p1a: Ampharos|Mold Breaker
|move|p2a: Heracross|Rock Blast|p1a: Ampharos
|-damage|p1a: Ampharos|169\/383 slp
|-damage|p1a: Ampharos|135\/383 slp
|-damage|p1a: Ampharos|99\/383 slp
|-damage|p1a: Ampharos|60\/383 slp
|-damage|p1a: Ampharos|19\/383 slp
|-hitcount|p1a: Ampharos|5
|cant|p1a: Ampharos|slp
|move|p1a: Ampharos|Sleep Talk|p1a: Ampharos
|move|p1a: Ampharos|Dragon Pulse|p2a: Heracross|[from]Sleep Talk
|-damage|p2a: Heracross|36\/301
|
|-weather|Sandstorm|[upkeep]
|-damage|p2a: Heracross|18\/301|[from] sandstorm
|-damage|p1a: Ampharos|0 fnt|[from] sandstorm
|faint|p1a: Ampharos
|c|â10co|are you like
|c|â10co|no attack
|c|â10co|evs
|c|âpoek69x|im jolly
|c|â10co|oh ok
|
|switch|p1a: Excadrill|Excadrill, M|384\/423
|-damage|p1a: Excadrill|371\/423|[from] Stealth Rock
|turn|34
|c|âpoek69x|gg
|c|â10co|gg
|c|âpoek69x|u know if i stayed in and won the speed tie i would've won with clef right
|c|â10co|no
|c|â10co|i have 
|c|â10co|mirror coat on my mola
|c|â10co|and you cant ko
|c|â10co|it does 99% max
|c|âpoek69x|at +6?
|c|â10co|y i calced
|c|âpoek69x|i have stored power
|c|âpoek69x|i doubt
|c|â10co|+6 4 SpA Clefable Moonblast vs. 252 HP \/ 252+ SpD Alomomola: 448-528 (83.8 - 98.8%) -- guaranteed 2HKO after Leftovers recovery
|c|â10co|ah idk
|-message|poek69x forfeited.
|
|win|10co
|raw|Ladder updating...
|raw|10co's rating: 1764 &rarr; <strong>1781<\/strong><br \/>(+17 for winning)
|raw|poek69x's rating: 1719 &rarr; <strong>1702<\/strong><br \/>(-17 for losing)
|c|âpoek69x|stored power KOs
|c|â10co|yea
|c|â10co|but also
|c|â10co|which speed tie
|c|â10co|i don't get it
|c|âpoek69x|exca vs exca
|c|â10co|ah
|c|âpoek69x|inb4 u run jolly
|c|â10co|i have no speed lol
|c|â10co|i predicted tour double
|c|â10co|*your
|c|â10co|and took a huge risk
|c|âpoek69x|yeah but u didnt know i had stored power
|c|â10co|yea too
|c|â10co|anyway gg, see you :)
|c|âpoek69x|gg
|leave|10co
|player|p1
|leave|poek69x
|player|p2
|join|10co