|join|princess deluks
|join|poek69x
|player|p1|princess deluks|23
|player|p2|poek69x|283
|gametype|singles
|gen|6
|tier|OU
|rated
|clearpoke
|poke|p1|Scolipede, M
|poke|p1|Espeon, F
|poke|p1|Clefable, F
|poke|p1|Slowbro, M
|poke|p1|Chansey, F
|poke|p1|Porygon2
|poke|p2|Sableye, F
|poke|p2|Alomomola, M
|poke|p2|Jirachi
|poke|p2|Clefable, F
|poke|p2|Chesnaught, F
|poke|p2|Blissey, F
|rule|Swagger Clause: Swagger is banned
|rule|Baton Pass Clause: Limit one PokÃ©mon knowing Baton Pass
|rule|Sleep Clause Mod: Limit one foe put to sleep
|rule|Species Clause: Limit one of each PokÃ©mon
|rule|OHKO Clause: OHKO moves are banned
|rule|Moody Clause: Moody is banned
|rule|Evasion Moves Clause: Evasion moves are banned
|rule|Endless Battle Clause: Forcing endless battles is banned
|rule|HP Percentage Mod: HP is shown in percentages
|teampreview
|join|princess souji
|
|start
|switch|p1a: Chansey|Chansey, F|642\/642
|switch|p2a: Jirachi|Jirachi|404\/404
|turn|1
|join|azogue
|
|move|p2a: Jirachi|Iron Head|p1a: Chansey
|-damage|p1a: Chansey|516\/642
|move|p1a: Chansey|Stealth Rock|p2a: Jirachi
|-sidestart|p2: poek69x|move: Stealth Rock
|
|turn|2
|
|switch|p1a: Slowbro|Slowbro, M|390\/390
|move|p2a: Jirachi|Iron Head|p1a: Slowbro
|-resisted|p1a: Slowbro
|-damage|p1a: Slowbro|359\/390
|
|turn|3
|
|switch|p2a: Clefable|Clefable, F|394\/394
|-damage|p2a: Clefable|345\/394|[from] Stealth Rock
|detailschange|p1a: Slowbro|Slowbro-Mega, M
|message|Slowbro has Mega Evolved into Mega Slowbro!
|move|p1a: Slowbro|Scald|p2a: Clefable
|-damage|p2a: Clefable|215\/394
|
|-heal|p2a: Clefable|239\/394|[from] item: Leftovers
|turn|4
|
|switch|p1a: Chansey|Chansey, F|516\/642
|move|p2a: Clefable|Stealth Rock|p1a: Chansey
|-sidestart|p1: princess deluks|move: Stealth Rock
|
|-heal|p2a: Clefable|263\/394|[from] item: Leftovers
|turn|5
|
|switch|p2a: Jirachi|Jirachi|404\/404
|-damage|p2a: Jirachi|379\/404|[from] Stealth Rock
|move|p1a: Chansey|Toxic|p2a: Jirachi
|-fail|p2a: Jirachi
|
|-heal|p2a: Jirachi|404\/404|[from] item: Leftovers
|turn|6
|
|switch|p2a: Clefable|Clefable, F|263\/394
|-damage|p2a: Clefable|214\/394|[from] Stealth Rock
|switch|p1a: Slowbro|Slowbro-Mega, M|359\/390
|-damage|p1a: Slowbro|311\/390|[from] Stealth Rock
|
|-heal|p2a: Clefable|238\/394|[from] item: Leftovers
|turn|7
|
|switch|p1a: Chansey|Chansey, F|516\/642
|-damage|p1a: Chansey|436\/642|[from] Stealth Rock
|move|p2a: Clefable|Moonlight|p2a: Clefable
|-heal|p2a: Clefable|394\/394
|
|turn|8
|
|switch|p2a: Jirachi|Jirachi|404\/404
|-damage|p2a: Jirachi|379\/404|[from] Stealth Rock
|move|p1a: Chansey|Soft-Boiled|p1a: Chansey
|-heal|p1a: Chansey|642\/642
|
|-heal|p2a: Jirachi|404\/404|[from] item: Leftovers
|turn|9
|
|switch|p1a: Slowbro|Slowbro-Mega, M|311\/390
|-damage|p1a: Slowbro|263\/390|[from] Stealth Rock
|move|p2a: Jirachi|Body Slam|p1a: Slowbro
|-damage|p1a: Slowbro|229\/390
|-status|p1a: Slowbro|par
|
|turn|10
|
|move|p2a: Jirachi|Iron Head|p1a: Slowbro
|-resisted|p1a: Slowbro
|-damage|p1a: Slowbro|208\/390 par
|cant|p1a: Slowbro|par
|
|turn|11
|c|âprincess deluks|test
|
|move|p2a: Jirachi|Iron Head|p1a: Slowbro
|-resisted|p1a: Slowbro
|-damage|p1a: Slowbro|184\/390 par
|cant|p1a: Slowbro|par
|
|turn|12
|
|move|p2a: Jirachi|Iron Head|p1a: Slowbro
|-resisted|p1a: Slowbro
|-damage|p1a: Slowbro|160\/390 par
|cant|p1a: Slowbro|flinch
|
|turn|13
|
|move|p2a: Jirachi|Iron Head|p1a: Slowbro
|-resisted|p1a: Slowbro
|-damage|p1a: Slowbro|139\/390 par
|cant|p1a: Slowbro|flinch
|
|turn|14
|
|move|p2a: Jirachi|Iron Head|p1a: Slowbro
|-resisted|p1a: Slowbro
|-damage|p1a: Slowbro|116\/390 par
|move|p1a: Slowbro|Rest|p1a: Slowbro
|-status|p1a: Slowbro|slp
|-heal|p1a: Slowbro|390\/390 slp|[silent]
|-status|p1a: Slowbro|slp|[from] move: Rest
|
|turn|15
|
|switch|p2a: Clefable|Clefable, F|394\/394
|-damage|p2a: Clefable|345\/394|[from] Stealth Rock
|cant|p1a: Slowbro|slp
|move|p1a: Slowbro|Sleep Talk|p1a: Slowbro
|move|p1a: Slowbro|Rest|p1a: Slowbro|[from]Sleep Talk
|-fail|p1a: Slowbro
|
|-heal|p2a: Clefable|369\/394|[from] item: Leftovers
|turn|16
|
|switch|p2a: Sableye|Sableye, F|304\/304
|-damage|p2a: Sableye|266\/304|[from] Stealth Rock
|switch|p1a: Chansey|Chansey, F|642\/642
|-damage|p1a: Chansey|562\/642|[from] Stealth Rock
|
|turn|17
|
|switch|p1a: Clefable|Clefable, F|384\/384
|-damage|p1a: Clefable|336\/384|[from] Stealth Rock
|detailschange|p2a: Sableye|Sableye-Mega, F
|message|Sableye has Mega Evolved into Mega Sableye!
|move|p2a: Sableye|Knock Off|p1a: Clefable
|-resisted|p1a: Clefable
|-damage|p1a: Clefable|286\/384
|-enditem|p1a: Clefable|Leftovers|[from] move: Knock Off|[of] p2a: Sableye
|
|turn|18
|
|switch|p2a: Jirachi|Jirachi|404\/404
|-damage|p2a: Jirachi|379\/404|[from] Stealth Rock
|move|p1a: Clefable|Moonlight|p1a: Clefable
|-heal|p1a: Clefable|384\/384
|
|-heal|p2a: Jirachi|404\/404|[from] item: Leftovers
|turn|19
|
|switch|p1a: Slowbro|Slowbro-Mega, M|390\/390 slp
|-damage|p1a: Slowbro|342\/390 slp|[from] Stealth Rock
|move|p2a: Jirachi|Iron Head|p1a: Slowbro
|-resisted|p1a: Slowbro
|-damage|p1a: Slowbro|321\/390 slp
|
|turn|20
|
|switch|p2a: Clefable|Clefable, F|369\/394
|-damage|p2a: Clefable|320\/394|[from] Stealth Rock
|cant|p1a: Slowbro|slp
|move|p1a: Slowbro|Sleep Talk|p1a: Slowbro
|move|p1a: Slowbro|Rest|p1a: Slowbro|[from]Sleep Talk
|-fail|p1a: Slowbro
|
|-heal|p2a: Clefable|344\/394|[from] item: Leftovers
|turn|21
|
|switch|p1a: Chansey|Chansey, F|562\/642
|-damage|p1a: Chansey|482\/642|[from] Stealth Rock
|move|p2a: Clefable|Moonblast|p1a: Chansey
|-damage|p1a: Chansey|430\/642
|
|-heal|p2a: Clefable|368\/394|[from] item: Leftovers
|turn|22
|
|switch|p2a: Sableye|Sableye-Mega, F|266\/304
|-damage|p2a: Sableye|228\/304|[from] Stealth Rock
|move|p1a: Chansey|Soft-Boiled|p1a: Chansey
|-heal|p1a: Chansey|642\/642
|
|turn|23
|
|switch|p1a: Clefable|Clefable, F|384\/384
|-damage|p1a: Clefable|336\/384|[from] Stealth Rock
|move|p2a: Sableye|Will-O-Wisp|p1a: Clefable|[miss]
|-miss|p2a: Sableye|p1a: Clefable
|
|turn|24
|
|switch|p1a: Porygon2|Porygon2|374\/374
|-damage|p1a: Porygon2|328\/374|[from] Stealth Rock
|-ability|p1a: Porygon2|Magic Bounce|[from] ability: Trace|[of] p2a: Sableye
|switch|p2a: Jirachi|Jirachi|404\/404
|-damage|p2a: Jirachi|379\/404|[from] Stealth Rock
|
|-heal|p2a: Jirachi|404\/404|[from] item: Leftovers
|turn|25
|
|switch|p1a: Slowbro|Slowbro-Mega, M|321\/390 slp
|-damage|p1a: Slowbro|273\/390 slp|[from] Stealth Rock
|move|p2a: Jirachi|Iron Head|p1a: Slowbro
|-resisted|p1a: Slowbro
|-damage|p1a: Slowbro|251\/390 slp
|
|turn|26
|
|switch|p2a: Chesnaught|Chesnaught, F|380\/380
|-damage|p2a: Chesnaught|357\/380|[from] Stealth Rock
|-curestatus|p1a: Slowbro|slp
|move|p1a: Slowbro|Scald|p2a: Chesnaught
|-resisted|p2a: Chesnaught
|-damage|p2a: Chesnaught|281\/380
|-status|p2a: Chesnaught|brn
|
|-heal|p2a: Chesnaught|304\/380 brn|[from] item: Leftovers
|-damage|p2a: Chesnaught|257\/380 brn|[from] brn
|turn|27
|
|switch|p1a: Espeon|Espeon, F|320\/320
|-damage|p1a: Espeon|280\/320|[from] Stealth Rock
|move|p2a: Chesnaught|Leech Seed|p1a: Espeon
|move|p1a: Espeon|Leech Seed|p2a: Chesnaught|[from]Magic Bounce
|-immune|p2a: Chesnaught|[msg]
|
|-heal|p1a: Espeon|300\/320|[from] item: Leftovers
|-heal|p2a: Chesnaught|280\/380 brn|[from] item: Leftovers
|-damage|p2a: Chesnaught|233\/380 brn|[from] brn
|turn|28
|
|switch|p2a: Jirachi|Jirachi|404\/404
|-damage|p2a: Jirachi|379\/404|[from] Stealth Rock
|move|p1a: Espeon|Dazzling Gleam|p2a: Jirachi
|-resisted|p2a: Jirachi
|-damage|p2a: Jirachi|350\/404
|
|-heal|p1a: Espeon|320\/320|[from] item: Leftovers
|-heal|p2a: Jirachi|375\/404|[from] item: Leftovers
|turn|29
|
|switch|p1a: Slowbro|Slowbro-Mega, M|251\/390
|-damage|p1a: Slowbro|203\/390|[from] Stealth Rock
|switch|p2a: Clefable|Clefable, F|368\/394
|-damage|p2a: Clefable|319\/394|[from] Stealth Rock
|
|-heal|p2a: Clefable|343\/394|[from] item: Leftovers
|turn|30
|
|move|p2a: Clefable|Moonblast|p1a: Slowbro
|-damage|p1a: Slowbro|83\/390
|move|p1a: Slowbro|Rest|p1a: Slowbro
|-status|p1a: Slowbro|slp
|-heal|p1a: Slowbro|390\/390 slp|[silent]
|-status|p1a: Slowbro|slp|[from] move: Rest
|
|-heal|p2a: Clefable|367\/394|[from] item: Leftovers
|turn|31
|
|switch|p1a: Porygon2|Porygon2|328\/374
|-damage|p1a: Porygon2|282\/374|[from] Stealth Rock
|-ability|p1a: Porygon2|Unaware|[from] ability: Trace|[of] p2a: Clefable
|move|p2a: Clefable|Calm Mind|p2a: Clefable
|-boost|p2a: Clefable|spa|1
|-boost|p2a: Clefable|spd|1
|
|-heal|p2a: Clefable|391\/394|[from] item: Leftovers
|turn|32
|
|switch|p2a: Sableye|Sableye-Mega, F|228\/304
|-damage|p2a: Sableye|190\/304|[from] Stealth Rock
|move|p1a: Porygon2|Toxic|p2a: Sableye
|move|p2a: Sableye|Toxic|p1a: Porygon2|[from]Magic Bounce
|-status|p1a: Porygon2|tox
|
|-damage|p1a: Porygon2|259\/374 tox|[from] psn
|turn|33
|
|switch|p1a: Clefable|Clefable, F|336\/384
|-damage|p1a: Clefable|288\/384|[from] Stealth Rock
|move|p2a: Sableye|Recover|p2a: Sableye
|-heal|p2a: Sableye|304\/304
|
|turn|34
|
|switch|p2a: Jirachi|Jirachi|375\/404
|-damage|p2a: Jirachi|350\/404|[from] Stealth Rock
|move|p1a: Clefable|Heal Bell|p1a: Clefable
|-cureteam|p1a: Clefable|[from] move: HealBell
|
|-heal|p2a: Jirachi|375\/404|[from] item: Leftovers
|turn|35
|
|switch|p2a: Clefable|Clefable, F|391\/394
|-damage|p2a: Clefable|342\/394|[from] Stealth Rock
|switch|p1a: Slowbro|Slowbro-Mega, M|390\/390
|-damage|p1a: Slowbro|342\/390|[from] Stealth Rock
|
|-heal|p2a: Clefable|366\/394|[from] item: Leftovers
|turn|36
|
|switch|p1a: Chansey|Chansey, F|642\/642
|-damage|p1a: Chansey|562\/642|[from] Stealth Rock
|move|p2a: Clefable|Moonblast|p1a: Chansey
|-damage|p1a: Chansey|504\/642
|
|-heal|p2a: Clefable|390\/394|[from] item: Leftovers
|turn|37
|
|switch|p2a: Sableye|Sableye-Mega, F|304\/304
|-damage|p2a: Sableye|266\/304|[from] Stealth Rock
|move|p1a: Chansey|Soft-Boiled|p1a: Chansey
|-heal|p1a: Chansey|642\/642
|
|turn|38
|
|switch|p1a: Clefable|Clefable, F|288\/384
|-damage|p1a: Clefable|240\/384|[from] Stealth Rock
|move|p2a: Sableye|Knock Off|p1a: Clefable
|-resisted|p1a: Clefable
|-damage|p1a: Clefable|210\/384
|
|turn|39
|
|switch|p2a: Jirachi|Jirachi|375\/404
|-damage|p2a: Jirachi|350\/404|[from] Stealth Rock
|move|p1a: Clefable|Moonblast|p2a: Jirachi
|-resisted|p2a: Jirachi
|-damage|p2a: Jirachi|307\/404
|-unboost|p2a: Jirachi|spa|1
|
|-heal|p2a: Jirachi|332\/404|[from] item: Leftovers
|turn|40
|
|switch|p1a: Slowbro|Slowbro-Mega, M|342\/390
|-damage|p1a: Slowbro|294\/390|[from] Stealth Rock
|move|p2a: Jirachi|Iron Head|p1a: Slowbro
|-resisted|p1a: Slowbro
|-damage|p1a: Slowbro|270\/390
|
|-heal|p2a: Jirachi|357\/404|[from] item: Leftovers
|turn|41
|
|switch|p2a: Alomomola|Alomomola, M|480\/480
|-damage|p2a: Alomomola|420\/480|[from] Stealth Rock
|move|p1a: Slowbro|Scald|p2a: Alomomola
|-resisted|p2a: Alomomola
|-damage|p2a: Alomomola|348\/480
|
|turn|42
|
|switch|p1a: Clefable|Clefable, F|210\/384
|-damage|p1a: Clefable|162\/384|[from] Stealth Rock
|move|p2a: Alomomola|Toxic|p1a: Clefable
|-status|p1a: Clefable|tox
|
|-damage|p1a: Clefable|138\/384 tox|[from] psn
|turn|43
|
|switch|p2a: Jirachi|Jirachi|357\/404
|-damage|p2a: Jirachi|332\/404|[from] Stealth Rock
|move|p1a: Clefable|Moonlight|p1a: Clefable
|-heal|p1a: Clefable|330\/384 tox
|
|-heal|p2a: Jirachi|357\/404|[from] item: Leftovers
|-damage|p1a: Clefable|282\/384 tox|[from] psn
|turn|44
|
|switch|p1a: Slowbro|Slowbro-Mega, M|270\/390
|-damage|p1a: Slowbro|222\/390|[from] Stealth Rock
|move|p2a: Jirachi|Iron Head|p1a: Slowbro
|-resisted|p1a: Slowbro
|-damage|p1a: Slowbro|198\/390
|
|-heal|p2a: Jirachi|382\/404|[from] item: Leftovers
|turn|45
|
|switch|p2a: Clefable|Clefable, F|390\/394
|-damage|p2a: Clefable|341\/394|[from] Stealth Rock
|move|p1a: Slowbro|Rest|p1a: Slowbro
|-status|p1a: Slowbro|slp
|-heal|p1a: Slowbro|390\/390 slp|[silent]
|-status|p1a: Slowbro|slp|[from] move: Rest
|
|-heal|p2a: Clefable|365\/394|[from] item: Leftovers
|turn|46
|
|switch|p1a: Clefable|Clefable, F|282\/384 tox
|-damage|p1a: Clefable|234\/384 tox|[from] Stealth Rock
|move|p2a: Clefable|Calm Mind|p2a: Clefable
|-boost|p2a: Clefable|spa|1
|-boost|p2a: Clefable|spd|1
|
|-heal|p2a: Clefable|389\/394|[from] item: Leftovers
|-damage|p1a: Clefable|210\/384 tox|[from] psn
|turn|47
|
|switch|p2a: Jirachi|Jirachi|382\/404
|-damage|p2a: Jirachi|357\/404|[from] Stealth Rock
|move|p1a: Clefable|Heal Bell|p1a: Clefable
|-cureteam|p1a: Clefable|[from] move: HealBell
|
|-heal|p2a: Jirachi|382\/404|[from] item: Leftovers
|turn|48
|
|switch|p1a: Slowbro|Slowbro-Mega, M|390\/390
|-damage|p1a: Slowbro|342\/390|[from] Stealth Rock
|move|p2a: Jirachi|Iron Head|p1a: Slowbro
|-resisted|p1a: Slowbro
|-damage|p1a: Slowbro|318\/390
|
|-heal|p2a: Jirachi|404\/404|[from] item: Leftovers
|turn|49
|
|switch|p2a: Alomomola|Alomomola, M|480\/480
|-damage|p2a: Alomomola|420\/480|[from] Stealth Rock
|move|p1a: Slowbro|Scald|p2a: Alomomola
|-resisted|p2a: Alomomola
|-damage|p2a: Alomomola|340\/480
|
|turn|50
|
|switch|p1a: Espeon|Espeon, F|320\/320
|-damage|p1a: Espeon|280\/320|[from] Stealth Rock
|move|p2a: Alomomola|Toxic|p1a: Espeon
|move|p1a: Espeon|Toxic|p2a: Alomomola|[from]Magic Bounce
|-status|p2a: Alomomola|tox
|
|-heal|p1a: Espeon|300\/320|[from] item: Leftovers
|-damage|p2a: Alomomola|310\/480 tox|[from] psn
|turn|51
|
|move|p1a: Espeon|Calm Mind|p1a: Espeon
|-boost|p1a: Espeon|spa|1
|-boost|p1a: Espeon|spd|1
|move|p2a: Alomomola|Scald|p1a: Espeon
|-damage|p1a: Espeon|270\/320
|
|-heal|p1a: Espeon|290\/320|[from] item: Leftovers
|-damage|p2a: Alomomola|250\/480 tox|[from] psn
|turn|52
|
|switch|p2a: Jirachi|Jirachi|404\/404
|-damage|p2a: Jirachi|379\/404|[from] Stealth Rock
|move|p1a: Espeon|Calm Mind|p1a: Espeon
|-boost|p1a: Espeon|spa|1
|-boost|p1a: Espeon|spd|1
|
|-heal|p1a: Espeon|310\/320|[from] item: Leftovers
|-heal|p2a: Jirachi|404\/404|[from] item: Leftovers
|turn|53
|
|switch|p1a: Slowbro|Slowbro-Mega, M|318\/390
|-damage|p1a: Slowbro|270\/390|[from] Stealth Rock
|move|p2a: Jirachi|Body Slam|p1a: Slowbro
|-damage|p1a: Slowbro|240\/390
|-status|p1a: Slowbro|par
|
|turn|54
|
|switch|p2a: Clefable|Clefable, F|389\/394
|-damage|p2a: Clefable|340\/394|[from] Stealth Rock
|cant|p1a: Slowbro|par
|
|-heal|p2a: Clefable|364\/394|[from] item: Leftovers
|turn|55
|
|move|p2a: Clefable|Moonblast|p1a: Slowbro
|-damage|p1a: Slowbro|102\/390 par
|-unboost|p1a: Slowbro|spa|1
|move|p1a: Slowbro|Rest|p1a: Slowbro
|-status|p1a: Slowbro|slp
|-heal|p1a: Slowbro|390\/390 slp|[silent]
|-status|p1a: Slowbro|slp|[from] move: Rest
|
|-heal|p2a: Clefable|388\/394|[from] item: Leftovers
|turn|56
|
|switch|p2a: Jirachi|Jirachi|404\/404
|-damage|p2a: Jirachi|379\/404|[from] Stealth Rock
|switch|p1a: Chansey|Chansey, F|642\/642
|-damage|p1a: Chansey|562\/642|[from] Stealth Rock
|
|-heal|p2a: Jirachi|404\/404|[from] item: Leftovers
|turn|57
|
|switch|p1a: Slowbro|Slowbro-Mega, M|390\/390 slp
|-damage|p1a: Slowbro|342\/390 slp|[from] Stealth Rock
|move|p2a: Jirachi|Iron Head|p1a: Slowbro
|-resisted|p1a: Slowbro
|-damage|p1a: Slowbro|321\/390 slp
|
|turn|58
|
|switch|p2a: Clefable|Clefable, F|388\/394
|-damage|p2a: Clefable|339\/394|[from] Stealth Rock
|cant|p1a: Slowbro|slp
|move|p1a: Slowbro|Sleep Talk|p1a: Slowbro
|move|p1a: Slowbro|Scald|p2a: Clefable|[from]Sleep Talk
|-damage|p2a: Clefable|213\/394
|
|-heal|p2a: Clefable|237\/394|[from] item: Leftovers
|turn|59
|
|switch|p1a: Porygon2|Porygon2|259\/374
|-damage|p1a: Porygon2|213\/374|[from] Stealth Rock
|-ability|p1a: Porygon2|Unaware|[from] ability: Trace|[of] p2a: Clefable
|move|p2a: Clefable|Moonblast|p1a: Porygon2
|-damage|p1a: Porygon2|135\/374
|
|-heal|p2a: Clefable|261\/394|[from] item: Leftovers
|turn|60
|
|move|p2a: Clefable|Moonlight|p2a: Clefable
|-heal|p2a: Clefable|394\/394
|move|p1a: Porygon2|Recover|p1a: Porygon2
|-heal|p1a: Porygon2|322\/374
|
|turn|61
|
|switch|p2a: Sableye|Sableye-Mega, F|266\/304
|-damage|p2a: Sableye|228\/304|[from] Stealth Rock
|move|p1a: Porygon2|Discharge|p2a: Sableye
|-damage|p2a: Sableye|173\/304
|
|turn|62
|
|switch|p1a: Clefable|Clefable, F|210\/384
|-damage|p1a: Clefable|162\/384|[from] Stealth Rock
|switch|p2a: Jirachi|Jirachi|404\/404
|-damage|p2a: Jirachi|379\/404|[from] Stealth Rock
|
|-heal|p2a: Jirachi|404\/404|[from] item: Leftovers
|turn|63
|
|switch|p1a: Slowbro|Slowbro-Mega, M|321\/390 slp
|-damage|p1a: Slowbro|273\/390 slp|[from] Stealth Rock
|move|p2a: Jirachi|Iron Head|p1a: Slowbro
|-resisted|p1a: Slowbro
|-damage|p1a: Slowbro|251\/390 slp
|
|turn|64
|
|switch|p2a: Clefable|Clefable, F|394\/394
|-damage|p2a: Clefable|345\/394|[from] Stealth Rock
|cant|p1a: Slowbro|slp
|move|p1a: Slowbro|Sleep Talk|p1a: Slowbro
|move|p1a: Slowbro|Calm Mind|p1a: Slowbro|[from]Sleep Talk
|-boost|p1a: Slowbro|spa|1
|-boost|p1a: Slowbro|spd|1
|
|-heal|p2a: Clefable|369\/394|[from] item: Leftovers
|turn|65
|
|switch|p1a: Porygon2|Porygon2|322\/374
|-damage|p1a: Porygon2|276\/374|[from] Stealth Rock
|-ability|p1a: Porygon2|Unaware|[from] ability: Trace|[of] p2a: Clefable
|move|p2a: Clefable|Moonblast|p1a: Porygon2
|-damage|p1a: Porygon2|204\/374
|-unboost|p1a: Porygon2|spa|1
|
|-heal|p2a: Clefable|393\/394|[from] item: Leftovers
|turn|66
|
|switch|p2a: Jirachi|Jirachi|404\/404
|-damage|p2a: Jirachi|379\/404|[from] Stealth Rock
|move|p1a: Porygon2|Foul Play|p2a: Jirachi
|-supereffective|p2a: Jirachi
|-damage|p2a: Jirachi|227\/404
|
|-heal|p2a: Jirachi|252\/404|[from] item: Leftovers
|turn|67
|
|switch|p1a: Slowbro|Slowbro-Mega, M|251\/390 slp
|-damage|p1a: Slowbro|203\/390 slp|[from] Stealth Rock
|move|p2a: Jirachi|Wish|p2a: Jirachi
|
|-heal|p2a: Jirachi|277\/404|[from] item: Leftovers
|turn|68
|
|move|p2a: Jirachi|Protect|p2a: Jirachi
|-singleturn|p2a: Jirachi|Protect
|-curestatus|p1a: Slowbro|slp
|move|p1a: Slowbro|Rest|p1a: Slowbro
|-status|p1a: Slowbro|slp
|-heal|p1a: Slowbro|390\/390 slp|[silent]
|-status|p1a: Slowbro|slp|[from] move: Rest
|
|-heal|p2a: Jirachi|404\/404|[from] move: Wish|[wisher] Jirachi
|turn|69
|
|switch|p2a: Clefable|Clefable, F|393\/394
|-damage|p2a: Clefable|344\/394|[from] Stealth Rock
|cant|p1a: Slowbro|slp
|move|p1a: Slowbro|Sleep Talk|p1a: Slowbro
|move|p1a: Slowbro|Rest|p1a: Slowbro|[from]Sleep Talk
|-fail|p1a: Slowbro
|
|-heal|p2a: Clefable|368\/394|[from] item: Leftovers
|turn|70
|
|switch|p1a: Porygon2|Porygon2|204\/374
|-damage|p1a: Porygon2|158\/374|[from] Stealth Rock
|-ability|p1a: Porygon2|Unaware|[from] ability: Trace|[of] p2a: Clefable
|move|p2a: Clefable|Moonblast|p1a: Porygon2
|-damage|p1a: Porygon2|80\/374
|
|-heal|p2a: Clefable|392\/394|[from] item: Leftovers
|turn|71
|
|switch|p2a: Jirachi|Jirachi|404\/404
|-damage|p2a: Jirachi|379\/404|[from] Stealth Rock
|move|p1a: Porygon2|Recover|p1a: Porygon2
|-heal|p1a: Porygon2|267\/374
|
|-heal|p2a: Jirachi|404\/404|[from] item: Leftovers
|turn|72
|
|switch|p1a: Slowbro|Slowbro-Mega, M|390\/390 slp
|-damage|p1a: Slowbro|342\/390 slp|[from] Stealth Rock
|move|p2a: Jirachi|Iron Head|p1a: Slowbro
|-resisted|p1a: Slowbro
|-damage|p1a: Slowbro|320\/390 slp
|
|turn|73
|
|switch|p2a: Clefable|Clefable, F|392\/394
|-damage|p2a: Clefable|343\/394|[from] Stealth Rock
|cant|p1a: Slowbro|slp
|move|p1a: Slowbro|Sleep Talk|p1a: Slowbro
|move|p1a: Slowbro|Calm Mind|p1a: Slowbro|[from]Sleep Talk
|-boost|p1a: Slowbro|spa|1
|-boost|p1a: Slowbro|spd|1
|
|-heal|p2a: Clefable|367\/394|[from] item: Leftovers
|turn|74
|
|switch|p1a: Porygon2|Porygon2|267\/374
|-damage|p1a: Porygon2|221\/374|[from] Stealth Rock
|-ability|p1a: Porygon2|Unaware|[from] ability: Trace|[of] p2a: Clefable
|move|p2a: Clefable|Moonblast|p1a: Porygon2
|-damage|p1a: Porygon2|149\/374
|
|-heal|p2a: Clefable|391\/394|[from] item: Leftovers
|turn|75
|
|switch|p2a: Blissey|Blissey, F|652\/652
|-damage|p2a: Blissey|571\/652|[from] Stealth Rock
|move|p1a: Porygon2|Recover|p1a: Porygon2
|-heal|p1a: Porygon2|336\/374
|
|-heal|p2a: Blissey|611\/652|[from] item: Leftovers
|turn|76
|
|switch|p1a: Espeon|Espeon, F|310\/320
|-damage|p1a: Espeon|270\/320|[from] Stealth Rock
|move|p2a: Blissey|Toxic|p1a: Espeon
|move|p1a: Espeon|Toxic|p2a: Blissey|[from]Magic Bounce
|-status|p2a: Blissey|tox
|
|-heal|p1a: Espeon|290\/320|[from] item: Leftovers
|-heal|p2a: Blissey|651\/652 tox|[from] item: Leftovers
|-damage|p2a: Blissey|611\/652 tox|[from] psn
|turn|77
|
|switch|p1a: Scolipede|Scolipede, M|320\/320
|-damage|p1a: Scolipede|240\/320|[from] Stealth Rock
|switch|p2a: Jirachi|Jirachi|404\/404
|-damage|p2a: Jirachi|379\/404|[from] Stealth Rock
|
|-heal|p1a: Scolipede|260\/320|[from] item: Leftovers
|-heal|p2a: Jirachi|404\/404|[from] item: Leftovers
|turn|78
|
|move|p1a: Scolipede|Substitute|p1a: Scolipede
|-start|p1a: Scolipede|Substitute
|-damage|p1a: Scolipede|180\/320
|move|p2a: Jirachi|Body Slam|p1a: Scolipede
|-activate|p1a: Scolipede|Substitute|[damage]
|
|-heal|p1a: Scolipede|200\/320|[from] item: Leftovers
|-boost|p1a: Scolipede|spe|1|[from] ability: Speed Boost
|turn|79
|-message|poek69x forfeited.
|
|win|princess deluks
|raw|Ladder updating...
|leave|poek69x
|player|p2
|raw|princess deluks's rating: 1654 &rarr; <strong>1672<\/strong><br \/>(+18 for winning)
|raw|poek69x's rating: 1615 &rarr; <strong>1597<\/strong><br \/>(-18 for losing)