|join|azogue
|join|poek69x
|player|p1|azogue|280
|player|p2|poek69x|283
|gametype|singles
|gen|6
|tier|OU
|clearpoke
|poke|p1|Medicham, M
|poke|p1|Bisharp, M
|poke|p1|Azumarill, M
|poke|p1|Landorus, M
|poke|p1|Latias, F
|poke|p1|Raikou
|poke|p2|Vileplume, M
|poke|p2|Poliwrath, F
|poke|p2|Musharna, F
|poke|p2|Probopass, M
|poke|p2|Cryogonal
|poke|p2|Camerupt, M
|rule|Swagger Clause: Swagger is banned
|rule|Baton Pass Clause: Limit one PokÃ©mon knowing Baton Pass
|rule|Sleep Clause Mod: Limit one foe put to sleep
|rule|Species Clause: Limit one of each PokÃ©mon
|rule|OHKO Clause: OHKO moves are banned
|rule|Moody Clause: Moody is banned
|rule|Evasion Moves Clause: Evasion moves are banned
|rule|Endless Battle Clause: Forcing endless battles is banned
|rule|HP Percentage Mod: HP is shown in percentages
|teampreview
|
|start
|switch|p1a: Landorus|Landorus, M|319\/319
|switch|p2a: Cryogonal|Cryogonal|344\/344
|turn|1
|
|switch|p1a: Raikou|Raikou|321\/321
|-ability|p1a: Raikou|Pressure
|move|p2a: Cryogonal|Freeze-Dry|p1a: Raikou
|-damage|p1a: Raikou|266\/321
|
|turn|2
|
|switch|p2a: Camerupt|Camerupt, M|344\/344
|move|p1a: Raikou|Volt Switch|p2a: Camerupt
|-immune|p2a: Camerupt|[msg]
|
|turn|3
|
|switch|p1a: Azumarill|Azumarill, M|399\/399
|move|p2a: Camerupt|Stealth Rock|p1a: Azumarill
|-sidestart|p1: azogue|move: Stealth Rock
|
|turn|4
|
|switch|p1a: Landorus|Landorus, M|319\/319
|-damage|p1a: Landorus|280\/319|[from] Stealth Rock
|switch|p2a: Vileplume|Vileplume, M|354\/354
|
|turn|5
|
|switch|p2a: Cryogonal|Cryogonal|344\/344
|move|p1a: Landorus|Psychic|p2a: Cryogonal
|-damage|p2a: Cryogonal|239\/344
|
|-heal|p2a: Cryogonal|260\/344|[from] item: Leftovers
|turn|6
|
|switch|p1a: Bisharp|Bisharp, M|279\/279
|-damage|p1a: Bisharp|262\/279|[from] Stealth Rock
|move|p2a: Cryogonal|Hidden Power|p1a: Bisharp
|-supereffective|p1a: Bisharp
|-damage|p1a: Bisharp|110\/279
|
|-heal|p2a: Cryogonal|281\/344|[from] item: Leftovers
|turn|7
|
|move|p2a: Cryogonal|Hidden Power|p1a: Bisharp
|-supereffective|p1a: Bisharp
|-damage|p1a: Bisharp|0 fnt
|faint|p1a: Bisharp
|
|-heal|p2a: Cryogonal|302\/344|[from] item: Leftovers
|c|âazogue|esa rapidez xD
|c|âpoek69x|swag
|c|âpoek69x|no tiene nada
|
|switch|p1a: Azumarill|Azumarill, M|399\/399
|-damage|p1a: Azumarill|350\/399|[from] Stealth Rock
|turn|8
|c|âpoek69x|de speed investment
|
|switch|p2a: Vileplume|Vileplume, M|354\/354
|move|p1a: Azumarill|Play Rough|p2a: Vileplume|[miss]
|-miss|p1a: Azumarill|p2a: Vileplume
|
|turn|9
|
|switch|p1a: Raikou|Raikou|266\/321
|-damage|p1a: Raikou|226\/321|[from] Stealth Rock
|-ability|p1a: Raikou|Pressure
|move|p2a: Vileplume|Giga Drain|p1a: Raikou
|-damage|p1a: Raikou|157\/321
|
|turn|10
|
|switch|p2a: Camerupt|Camerupt, M|344\/344
|move|p1a: Raikou|Thunderbolt|p2a: Camerupt
|-immune|p2a: Camerupt|[msg]
|
|turn|11
|
|move|p1a: Raikou|Shadow Ball|p2a: Camerupt
|-damage|p2a: Camerupt|270\/344
|move|p2a: Camerupt|Toxic|p1a: Raikou
|-status|p1a: Raikou|tox
|
|-heal|p2a: Camerupt|291\/344|[from] item: Leftovers
|-damage|p1a: Raikou|137\/321 tox|[from] psn
|turn|12
|
|move|p1a: Raikou|Hidden Power|p2a: Camerupt
|-damage|p2a: Camerupt|238\/344
|move|p2a: Camerupt|Toxic|p1a: Raikou
|-fail|p1a: Raikou|tox
|
|-heal|p2a: Camerupt|259\/344|[from] item: Leftovers
|-damage|p1a: Raikou|97\/321 tox|[from] psn
|turn|13
|
|move|p1a: Raikou|Shadow Ball|p2a: Camerupt
|-damage|p2a: Camerupt|187\/344
|move|p2a: Camerupt|Toxic|p1a: Raikou
|-fail|p1a: Raikou|tox
|
|-heal|p2a: Camerupt|208\/344|[from] item: Leftovers
|-damage|p1a: Raikou|37\/321 tox|[from] psn
|turn|14
|
|move|p1a: Raikou|Shadow Ball|p2a: Camerupt
|-damage|p2a: Camerupt|128\/344
|move|p2a: Camerupt|Toxic|p1a: Raikou
|-fail|p1a: Raikou|tox
|
|-heal|p2a: Camerupt|149\/344|[from] item: Leftovers
|-damage|p1a: Raikou|0 fnt|[from] psn
|faint|p1a: Raikou
|
|switch|p1a: Landorus|Landorus, M|280\/319
|-damage|p1a: Landorus|241\/319|[from] Stealth Rock
|turn|15
|c|âpoek69x|pero nada
|c|âpoek69x|que cambio al cryogonal por mandibuzz
|c|âpoek69x|y ya no lo rompe
|
|switch|p2a: Cryogonal|Cryogonal|302\/344
|move|p1a: Landorus|Stealth Rock|p2a: Cryogonal
|-sidestart|p2: poek69x|move: Stealth Rock
|
|-heal|p2a: Cryogonal|323\/344|[from] item: Leftovers
|turn|16
|
|switch|p1a: Azumarill|Azumarill, M|350\/399
|-damage|p1a: Azumarill|301\/399|[from] Stealth Rock
|move|p2a: Cryogonal|Rapid Spin|p1a: Azumarill
|-damage|p1a: Azumarill|290\/399
|-sideend|p2: poek69x|Stealth Rock|[from] move: Rapid Spin|[of] p2a: Cryogonal
|
|-heal|p2a: Cryogonal|344\/344|[from] item: Leftovers
|turn|17
|
|switch|p2a: Vileplume|Vileplume, M|354\/354
|switch|p1a: Latias|Latias, F|317\/317
|-damage|p1a: Latias|278\/317|[from] Stealth Rock
|
|turn|18
|
|switch|p2a: Probopass|Probopass, M|324\/324
|move|p1a: Latias|Psyshock|p2a: Probopass
|-resisted|p2a: Probopass
|-damage|p2a: Probopass|266\/324
|-damage|p1a: Latias|247\/317|[from] item: Life Orb
|
|-heal|p2a: Probopass|286\/324|[from] item: Leftovers
|turn|19
|
|switch|p1a: Medicham|Medicham, M|261\/261
|-damage|p1a: Medicham|245\/261|[from] Stealth Rock
|move|p2a: Probopass|Flash Cannon|p1a: Medicham
|-damage|p1a: Medicham|146\/261
|
|-heal|p2a: Probopass|306\/324|[from] item: Leftovers
|turn|20
|
|switch|p2a: Musharna|Musharna, F|436\/436
|detailschange|p1a: Medicham|Medicham-Mega, M
|message|Medicham has Mega Evolved into Mega Medicham!
|move|p1a: Medicham|Drain Punch|p2a: Musharna
|-resisted|p2a: Musharna
|-damage|p2a: Musharna|351\/436
|-heal|p1a: Medicham|189\/261|[from] drain|[of] p2a: Musharna
|
|-heal|p2a: Musharna|378\/436|[from] item: Leftovers
|turn|21
|
|move|p1a: Medicham|Zen Headbutt|p2a: Musharna
|-resisted|p2a: Musharna
|-damage|p2a: Musharna|284\/436
|cant|p2a: Musharna|flinch
|
|-heal|p2a: Musharna|311\/436|[from] item: Leftovers
|turn|22
|
|move|p1a: Medicham|Drain Punch|p2a: Musharna
|-resisted|p2a: Musharna
|-damage|p2a: Musharna|216\/436
|-heal|p1a: Medicham|237\/261|[from] drain|[of] p2a: Musharna
|move|p2a: Musharna|Psychic|p1a: Medicham
|-damage|p1a: Medicham|101\/261
|
|-heal|p2a: Musharna|243\/436|[from] item: Leftovers
|turn|23
|
|move|p1a: Medicham|Zen Headbutt|p2a: Musharna|[miss]
|-miss|p1a: Medicham|p2a: Musharna
|move|p2a: Musharna|Moonlight|p2a: Musharna
|-heal|p2a: Musharna|436\/436
|
|turn|24
|
|move|p1a: Medicham|Zen Headbutt|p2a: Musharna
|-resisted|p2a: Musharna
|-damage|p2a: Musharna|340\/436
|move|p2a: Musharna|Psychic|p1a: Medicham
|-damage|p1a: Medicham|0 fnt
|faint|p1a: Medicham
|
|-heal|p2a: Musharna|367\/436|[from] item: Leftovers
|
|switch|p1a: Latias|Latias, F|247\/317
|-damage|p1a: Latias|208\/317|[from] Stealth Rock
|turn|25
|
|switch|p2a: Probopass|Probopass, M|306\/324
|move|p1a: Latias|Defog|p2a: Probopass
|-unboost|p2a: Probopass|evasion|1
|-sideend|p1: azogue|Stealth Rock|[from] move: Defog|[of] p1a: Latias
|
|-heal|p2a: Probopass|324\/324|[from] item: Leftovers
|turn|26
|
|switch|p1a: Azumarill|Azumarill, M|290\/399
|move|p2a: Probopass|Stealth Rock|p1a: Azumarill
|-sidestart|p1: azogue|move: Stealth Rock
|
|turn|27
|
|switch|p2a: Cryogonal|Cryogonal|344\/344
|move|p1a: Azumarill|Play Rough|p2a: Cryogonal
|-damage|p2a: Cryogonal|0 fnt
|faint|p2a: Cryogonal
|
|c|âpoek69x|que hago
|c|âpoek69x|le di a vileplume
|c|âpoek69x|jaajjaja
|
|switch|p2a: Vileplume|Vileplume, M|354\/354
|turn|28
|c|âazogue|lol
|
|switch|p1a: Latias|Latias, F|208\/317
|-damage|p1a: Latias|169\/317|[from] Stealth Rock
|move|p2a: Vileplume|Sludge Bomb|p1a: Latias
|-damage|p1a: Latias|79\/317
|
|turn|29
|c|âpoek69x|pero ya ves
|
|switch|p2a: Probopass|Probopass, M|324\/324
|move|p1a: Latias|Roost|p1a: Latias
|-heal|p1a: Latias|238\/317
|
|turn|30
|c|âpoek69x|que no lo puede romper
|c|âazogue|ya
|
|move|p1a: Latias|Defog|p2a: Probopass
|-unboost|p2a: Probopass|evasion|1
|-sideend|p1: azogue|Stealth Rock|[from] move: Defog|[of] p1a: Latias
|move|p2a: Probopass|Volt Switch|p1a: Latias
|-resisted|p1a: Latias
|-damage|p1a: Latias|222\/317
|c|âazogue|oooo
|
|switch|p2a: Camerupt|Camerupt, M|149\/344
|
|-heal|p2a: Camerupt|170\/344|[from] item: Leftovers
|turn|31
|c|âazogue|predicted
|
|switch|p2a: Probopass|Probopass, M|324\/324
|move|p1a: Latias|Psyshock|p2a: Probopass
|-resisted|p2a: Probopass
|-damage|p2a: Probopass|266\/324
|-damage|p1a: Latias|191\/317|[from] item: Life Orb
|
|-heal|p2a: Probopass|286\/324|[from] item: Leftovers
|turn|32
|
|switch|p1a: Landorus|Landorus, M|241\/319
|move|p2a: Probopass|Stealth Rock|p1a: Landorus
|-sidestart|p1: azogue|move: Stealth Rock
|
|-heal|p2a: Probopass|306\/324|[from] item: Leftovers
|turn|33
|
|switch|p2a: Poliwrath|Poliwrath, F|384\/384
|move|p1a: Landorus|Earth Power|p2a: Poliwrath
|-damage|p2a: Poliwrath|99\/384
|
|-heal|p2a: Poliwrath|123\/384|[from] item: Leftovers
|turn|34
|
|switch|p1a: Latias|Latias, F|191\/317
|-damage|p1a: Latias|152\/317|[from] Stealth Rock
|move|p2a: Poliwrath|Scald|p1a: Latias
|-resisted|p1a: Latias
|-damage|p1a: Latias|125\/317
|-status|p1a: Latias|brn
|
|-heal|p2a: Poliwrath|147\/384|[from] item: Leftovers
|-damage|p1a: Latias|86\/317 brn|[from] brn
|turn|35
|
|move|p1a: Latias|Roost|p1a: Latias
|-heal|p1a: Latias|245\/317 brn
|move|p2a: Poliwrath|Rest|p2a: Poliwrath
|-status|p2a: Poliwrath|slp
|-heal|p2a: Poliwrath|384\/384 slp|[silent]
|-status|p2a: Poliwrath|slp|[from] move: Rest
|
|-damage|p1a: Latias|206\/317 brn|[from] brn
|turn|36
|
|switch|p1a: Landorus|Landorus, M|241\/319
|-damage|p1a: Landorus|202\/319|[from] Stealth Rock
|cant|p2a: Poliwrath|slp
|move|p2a: Poliwrath|Sleep Talk|p2a: Poliwrath
|move|p2a: Poliwrath|Rest|p2a: Poliwrath|[from]Sleep Talk
|-fail|p2a: Poliwrath
|
|turn|37
|
|move|p1a: Landorus|Psychic|p2a: Poliwrath
|-supereffective|p2a: Poliwrath
|-damage|p2a: Poliwrath|33\/384 slp
|cant|p2a: Poliwrath|slp
|move|p2a: Poliwrath|Sleep Talk|p2a: Poliwrath
|move|p2a: Poliwrath|Circle Throw|p1a: Landorus|[from]Sleep Talk
|-resisted|p1a: Landorus
|-damage|p1a: Landorus|169\/319
|drag|p1a: Azumarill|Azumarill, M|290\/399
|-damage|p1a: Azumarill|241\/399|[from] Stealth Rock
|
|-heal|p2a: Poliwrath|57\/384 slp|[from] item: Leftovers
|turn|38
|
|-curestatus|p2a: Poliwrath|slp
|move|p2a: Poliwrath|Sleep Talk|p2a: Poliwrath
|-fail|p2a: Poliwrath
|move|p1a: Azumarill|Play Rough|p2a: Poliwrath
|-supereffective|p2a: Poliwrath
|-damage|p2a: Poliwrath|0 fnt
|faint|p2a: Poliwrath
|
|c|âazogue|lol
|c|âpoek69x|has visto los plays
|
|switch|p2a: Vileplume|Vileplume, M|354\/354
|turn|39
|
|switch|p1a: Latias|Latias, F|206\/317 brn
|-damage|p1a: Latias|167\/317 brn|[from] Stealth Rock
|move|p2a: Vileplume|Giga Drain|p1a: Latias
|-resisted|p1a: Latias
|-damage|p1a: Latias|127\/317 brn
|
|-damage|p1a: Latias|88\/317 brn|[from] brn
|turn|40
|
|switch|p2a: Probopass|Probopass, M|306\/324
|move|p1a: Latias|Roost|p1a: Latias
|-heal|p1a: Latias|247\/317 brn
|
|-heal|p2a: Probopass|324\/324|[from] item: Leftovers
|-damage|p1a: Latias|208\/317 brn|[from] brn
|turn|41
|
|move|p1a: Latias|Defog|p2a: Probopass
|-unboost|p2a: Probopass|evasion|1
|-sideend|p1: azogue|Stealth Rock|[from] move: Defog|[of] p1a: Latias
|move|p2a: Probopass|Flash Cannon|p1a: Latias
|-crit|p1a: Latias
|-damage|p1a: Latias|112\/317 brn
|
|-damage|p1a: Latias|73\/317 brn|[from] brn
|turn|42
|
|switch|p1a: Azumarill|Azumarill, M|241\/399
|move|p2a: Probopass|Flash Cannon|p1a: Azumarill
|-damage|p1a: Azumarill|159\/399
|-unboost|p1a: Azumarill|spd|1
|
|turn|43
|
|switch|p1a: Landorus|Landorus, M|169\/319
|switch|p2a: Vileplume|Vileplume, M|354\/354
|
|turn|44
|
|switch|p2a: Camerupt|Camerupt, M|170\/344
|move|p1a: Landorus|Earth Power|p2a: Camerupt
|-supereffective|p2a: Camerupt
|-damage|p2a: Camerupt|0 fnt
|faint|p2a: Camerupt
|
|
|switch|p2a: Musharna|Musharna, F|367\/436
|turn|45
|
|switch|p1a: Latias|Latias, F|73\/317 brn
|move|p2a: Musharna|Psychic|p1a: Latias
|-resisted|p1a: Latias
|-damage|p1a: Latias|31\/317 brn
|-unboost|p1a: Latias|spd|1
|
|-heal|p2a: Musharna|394\/436|[from] item: Leftovers
|-damage|p1a: Latias|0 fnt|[from] brn
|faint|p1a: Latias
|
|switch|p1a: Azumarill|Azumarill, M|159\/399
|turn|46
|
|switch|p1a: Landorus|Landorus, M|169\/319
|switch|p2a: Vileplume|Vileplume, M|354\/354
|
|turn|47
|
|switch|p2a: Probopass|Probopass, M|324\/324
|move|p1a: Landorus|Earth Power|p2a: Probopass
|-supereffective|p2a: Probopass
|-damage|p2a: Probopass|0 fnt
|faint|p2a: Probopass
|
|
|switch|p2a: Musharna|Musharna, F|394\/436
|turn|48
|
|switch|p1a: Azumarill|Azumarill, M|159\/399
|move|p2a: Musharna|Psychic|p1a: Azumarill
|-damage|p1a: Azumarill|27\/399
|
|-heal|p2a: Musharna|421\/436|[from] item: Leftovers
|turn|49
|c|âazogue|gg
|c|âpoek69x|50\/50
|c|âazogue|no se el calc
|c|âpoek69x|musharna es lentisimo
|
|switch|p2a: Vileplume|Vileplume, M|354\/354
|move|p1a: Azumarill|Play Rough|p2a: Vileplume
|-resisted|p2a: Vileplume
|-damage|p2a: Vileplume|235\/354
|-status|p1a: Azumarill|par
|
|-heal|p2a: Vileplume|257\/354|[from] item: Black Sludge
|turn|50
|c|âazogue|de musharma vs landorys
|
|move|p2a: Vileplume|Giga Drain|p1a: Azumarill
|-supereffective|p1a: Azumarill
|-damage|p1a: Azumarill|0 fnt
|-heal|p2a: Vileplume|271\/354|[from] drain|[of] p1a: Azumarill
|faint|p1a: Azumarill
|
|-heal|p2a: Vileplume|293\/354|[from] item: Black Sludge
|
|switch|p1a: Landorus|Landorus, M|169\/319
|turn|51
|
|move|p1a: Landorus|Psychic|p2a: Vileplume
|-supereffective|p2a: Vileplume
|-damage|p2a: Vileplume|0 fnt
|faint|p2a: Vileplume
|
|
|switch|p2a: Musharna|Musharna, F|421\/436
|turn|52
|c|âpoek69x|creo que ganas eh
|
|move|p1a: Landorus|Earth Power|p2a: Musharna
|-damage|p2a: Musharna|174\/436
|move|p2a: Musharna|Psychic|p1a: Landorus
|-damage|p1a: Landorus|39\/319
|
|-heal|p2a: Musharna|201\/436|[from] item: Leftovers
|turn|53
|c|âpoek69x|ves
|c|âazogue|LOL GG
|
|move|p1a: Landorus|Earth Power|p2a: Musharna
|-damage|p2a: Musharna|0 fnt
|faint|p2a: Musharna
|
|win|azogue
|c|âazogue|XDDDDDDDDDDDDDDDD
|c|âpoek69x|por lo del cryogonal xD
|c|âpoek69x|wait