|join|poek69x
|join|Appreciation
|player|p1|poek69x|283
|player|p2|Appreciation|289
|gametype|singles
|gen|6
|tier|OU
|rated
|clearpoke
|poke|p1|Lucario, F
|poke|p1|Dragonite, F
|poke|p1|Clefable, F
|poke|p1|Manaphy
|poke|p1|Venusaur, M
|poke|p1|Mew
|poke|p2|Chansey, F
|poke|p2|Keldeo
|poke|p2|Heatran, F
|poke|p2|Skarmory, M
|poke|p2|Bisharp, M
|poke|p2|Venusaur, M
|rule|Swagger Clause: Swagger is banned
|rule|Baton Pass Clause: Limit one PokÃ©mon knowing Baton Pass
|rule|Sleep Clause Mod: Limit one foe put to sleep
|rule|Species Clause: Limit one of each PokÃ©mon
|rule|OHKO Clause: OHKO moves are banned
|rule|Moody Clause: Moody is banned
|rule|Evasion Moves Clause: Evasion moves are banned
|rule|Endless Battle Clause: Forcing endless battles is banned
|rule|HP Percentage Mod: HP is shown in percentages
|teampreview
Appreciation made this room private.
|
|start
|switch|p1a: Clefable|Clefable, F|394\/394
|switch|p2a: Heatran|Heatran, F|324\/324
|-item|p2a: Heatran|Air Balloon
|turn|1
|
|move|p2a: Heatran|Taunt|p1a: Clefable
|-start|p1a: Clefable|move: Taunt
|move|p1a: Clefable|Moonblast|p2a: Heatran
|-resisted|p2a: Heatran
|-damage|p2a: Heatran|298\/324
|-enditem|p2a: Heatran|Air Balloon
|
|turn|2
|
|switch|p1a: Mew|Mew|404\/404
|move|p2a: Heatran|Stealth Rock|p1a: Mew
|-sidestart|p1: poek69x|move: Stealth Rock
|
|turn|3
|
|move|p2a: Heatran|Toxic|p1a: Mew
|-status|p1a: Mew|tox
|move|p1a: Mew|Defog|p2a: Heatran
|-unboost|p2a: Heatran|evasion|1
|-sideend|p1: poek69x|Stealth Rock|[from] move: Defog|[of] p1a: Mew
|
|-damage|p1a: Mew|379\/404 tox|[from] psn
|turn|4
|
|move|p2a: Heatran|Stealth Rock|p1a: Mew
|-sidestart|p1: poek69x|move: Stealth Rock
|move|p1a: Mew|Taunt|p2a: Heatran
|-start|p2a: Heatran|move: Taunt
|
|-heal|p1a: Mew|404\/404 tox|[from] item: Leftovers
|-damage|p1a: Mew|354\/404 tox|[from] psn
|turn|5
|
|move|p2a: Heatran|Fire Blast|p1a: Mew
|-damage|p1a: Mew|200\/404 tox
|move|p1a: Mew|Defog|p2a: Heatran
|-unboost|p2a: Heatran|evasion|1
|-sideend|p1: poek69x|Stealth Rock|[from] move: Defog|[of] p1a: Mew
|
|-heal|p1a: Mew|225\/404 tox|[from] item: Leftovers
|-damage|p1a: Mew|150\/404 tox|[from] psn
|turn|6
|
|switch|p1a: Manaphy|Manaphy|371\/371
|move|p2a: Heatran|Fire Blast|p1a: Manaphy
|-resisted|p1a: Manaphy
|-damage|p1a: Manaphy|281\/371
|
|-heal|p1a: Manaphy|304\/371|[from] item: Leftovers
|turn|7
|
|switch|p2a: Chansey|Chansey, F|704\/704
|move|p1a: Manaphy|Tail Glow|p1a: Manaphy
|-boost|p1a: Manaphy|spa|3
|
|-heal|p1a: Manaphy|327\/371|[from] item: Leftovers
|turn|8
|
|move|p1a: Manaphy|Rain Dance|p1a: Manaphy
|-weather|RainDance
|move|p2a: Chansey|Thunder Wave|p1a: Manaphy
|-status|p1a: Manaphy|par
|
|-weather|RainDance|[upkeep]
|-curestatus|p1a: Manaphy|par
|-heal|p1a: Manaphy|350\/371|[from] item: Leftovers
|turn|9
|
|move|p1a: Manaphy|Tail Glow|p1a: Manaphy
|-boost|p1a: Manaphy|spa|3
|move|p2a: Chansey|Seismic Toss|p1a: Manaphy
|-damage|p1a: Manaphy|250\/371
|
|-weather|RainDance|[upkeep]
|-heal|p1a: Manaphy|273\/371|[from] item: Leftovers
|turn|10
|
|move|p1a: Manaphy|Surf|p2a: Chansey
|-damage|p2a: Chansey|152\/704
|move|p2a: Chansey|Seismic Toss|p1a: Manaphy
|-damage|p1a: Manaphy|173\/371
|
|-weather|RainDance|[upkeep]
|-heal|p1a: Manaphy|196\/371|[from] item: Leftovers
|turn|11
|
|move|p1a: Manaphy|Surf|p2a: Chansey
|-damage|p2a: Chansey|0 fnt
|faint|p2a: Chansey
|
|-weather|RainDance|[upkeep]
|-heal|p1a: Manaphy|219\/371|[from] item: Leftovers
|
|switch|p2a: Venusaur|Venusaur, M|364\/364
|turn|12
|
|detailschange|p2a: Venusaur|Venusaur-Mega, M
|message|Venusaur has Mega Evolved into Mega Venusaur!
|move|p1a: Manaphy|Psychic|p2a: Venusaur
|-supereffective|p2a: Venusaur
|-damage|p2a: Venusaur|0 fnt
|faint|p2a: Venusaur
|
|-weather|none
|-heal|p1a: Manaphy|242\/371|[from] item: Leftovers
|chat|Appreciation|>psychic
|
|switch|p2a: Skarmory|Skarmory, M|334\/334
|turn|13
|chat|poek69x|its standard in this set idk what are u talking about
|chat|Appreciation|its not u nerd
|
|move|p1a: Manaphy|Surf|p2a: Skarmory
|-activate|p2a: Skarmory|Sturdy
|-damage|p2a: Skarmory|1\/334
|move|p2a: Skarmory|Whirlwind|p1a: Manaphy
|drag|p1a: Dragonite|Dragonite, F|323\/323
|
|turn|14
|
|move|p1a: Dragonite|Extreme Speed|p2a: Skarmory
|-resisted|p2a: Skarmory
|-damage|p2a: Skarmory|0 fnt
|-damage|p1a: Dragonite|270\/323|[from] item: Rocky Helmet|[of] p2a: Skarmory
|faint|p2a: Skarmory
|
|
|switch|p2a: Keldeo|Keldeo|323\/323
|turn|15
|
|switch|p1a: Clefable|Clefable, F|394\/394
|move|p2a: Keldeo|Scald|p1a: Clefable
|-damage|p1a: Clefable|268\/394
|-status|p1a: Clefable|brn
|
|-heal|p1a: Clefable|292\/394 brn|[from] item: Leftovers
|turn|16
|
|switch|p2a: Heatran|Heatran, F|298\/324
|switch|p1a: Venusaur|Venusaur, M|359\/359
|
|turn|17
|
|detailschange|p1a: Venusaur|Venusaur-Mega, M
|message|Venusaur has Mega Evolved into Mega Venusaur!
|move|p2a: Heatran|Fire Blast|p1a: Venusaur
|-supereffective|p1a: Venusaur
|-damage|p1a: Venusaur|197\/359
|move|p1a: Venusaur|Earthquake|p2a: Heatran
|-crit|p2a: Heatran
|-supereffective|p2a: Heatran
|-damage|p2a: Heatran|0 fnt
|faint|p2a: Heatran
|
|
|switch|p2a: Bisharp|Bisharp, M|334\/334
|turn|18
|
|move|p1a: Venusaur|Synthesis|p1a: Venusaur
|-heal|p1a: Venusaur|359\/359
|move|p2a: Bisharp|Swords Dance|p2a: Bisharp
|-boost|p2a: Bisharp|atk|2
|
|turn|19
|
|move|p1a: Venusaur|Earthquake|p2a: Bisharp
|-supereffective|p2a: Bisharp
|-damage|p2a: Bisharp|188\/334
|move|p2a: Bisharp|Iron Head|p1a: Venusaur
|-damage|p1a: Venusaur|86\/359
|
|-heal|p2a: Bisharp|208\/334|[from] item: Leftovers
|turn|20
|
|move|p1a: Venusaur|Earthquake|p2a: Bisharp
|-supereffective|p2a: Bisharp
|-damage|p2a: Bisharp|56\/334
|move|p2a: Bisharp|Iron Head|p1a: Venusaur
|-damage|p1a: Venusaur|0 fnt
|faint|p1a: Venusaur
|
|-heal|p2a: Bisharp|76\/334|[from] item: Leftovers
|
|switch|p1a: Lucario|Lucario, F|281\/281
|turn|21
|
|move|p2a: Bisharp|Sucker Punch|p1a: Lucario
|-resisted|p1a: Lucario
|-damage|p1a: Lucario|69\/281
|-boost|p1a: Lucario|atk|1|[from] ability: Justified
|move|p1a: Lucario|Close Combat|p2a: Bisharp
|-supereffective|p2a: Bisharp
|-damage|p2a: Bisharp|0 fnt
|-unboost|p1a: Lucario|def|1
|-unboost|p1a: Lucario|spd|1
|-damage|p1a: Lucario|41\/281|[from] item: Life Orb
|faint|p2a: Bisharp
|
|
|switch|p2a: Keldeo|Keldeo|323\/323
|turn|22
|
|move|p1a: Lucario|Extreme Speed|p2a: Keldeo
|-crit|p2a: Keldeo
|-damage|p2a: Keldeo|6\/323
|-damage|p1a: Lucario|13\/281|[from] item: Life Orb
|move|p2a: Keldeo|Scald|p1a: Lucario
|-damage|p1a: Lucario|0 fnt
|faint|p1a: Lucario
|
|-heal|p2a: Keldeo|26\/323|[from] item: Leftovers
|chat|Appreciation|garbage player
|-message|Appreciation forfeited.
|
|win|poek69x
|raw|Ladder updating...
|leave|Appreciation
|player|p2
|raw|poek69x's rating: 1634 &rarr; <strong>1659<\/strong><br \/>(+25 for winning)
|raw|Appreciation's rating: 1717 &rarr; <strong>1693<\/strong><br \/>(-24 for losing)