|join|poek69x
|join|Will-I-am2
|player|p1|poek69x|283
|player|p2|Will-I-am2|266
|gametype|singles
|gen|6
|tier|OU (suspect test)
|rated
|clearpoke
|poke|p1|Gardevoir, F
|poke|p1|Tornadus-Therian, M
|poke|p1|Rotom-Wash
|poke|p1|Garchomp, M
|poke|p1|Keldeo-Resolute
|poke|p1|Bisharp, F
|poke|p2|Registeel
|poke|p2|Mamoswine, M
|poke|p2|Hydreigon, F
|poke|p2|Slowbro, M
|poke|p2|Talonflame, F
|poke|p2|Xatu, M
|rule|Swagger Clause: Swagger is banned
|rule|Baton Pass Clause: Limit one PokÃ©mon knowing Baton Pass
|rule|Sleep Clause Mod: Limit one foe put to sleep
|rule|Species Clause: Limit one of each PokÃ©mon
|rule|OHKO Clause: OHKO moves are banned
|rule|Moody Clause: Moody is banned
|rule|Evasion Moves Clause: Evasion moves are banned
|rule|Endless Battle Clause: Forcing endless battles is banned
|rule|HP Percentage Mod: HP is shown in percentages
|teampreview
|join|roadto2700coiloke
|
|start
|switch|p1a: Keldeo-Resolute|Keldeo-Resolute|323\/323
|switch|p2a: Hydreigon|Hydreigon, F|333\/333
|turn|1
|
|switch|p2a: Slowbro|Slowbro, M|394\/394
|move|p1a: Keldeo-Resolute|Secret Sword|p2a: Slowbro
|-crit|p2a: Slowbro
|-resisted|p2a: Slowbro
|-damage|p2a: Slowbro|294\/394
|
|-heal|p2a: Slowbro|318\/394|[from] item: Leftovers
|turn|2
|
|switch|p1a: Tornadus-Therian|Tornadus-Therian, M|327\/327
|move|p2a: Slowbro|Scald|p1a: Tornadus-Therian
|-damage|p1a: Tornadus-Therian|222\/327
|
|-heal|p2a: Slowbro|342\/394|[from] item: Leftovers
|turn|3
|
|move|p1a: Tornadus-Therian|Knock Off|p2a: Slowbro
|-supereffective|p2a: Slowbro
|-damage|p2a: Slowbro|196\/394
|-enditem|p2a: Slowbro|Leftovers|[from] move: Knock Off|[of] p1a: Tornadus-Therian
|move|p2a: Slowbro|Scald|p1a: Tornadus-Therian
|-damage|p1a: Tornadus-Therian|123\/327
|-status|p1a: Tornadus-Therian|brn
|
|-damage|p1a: Tornadus-Therian|83\/327 brn|[from] brn
|turn|4
|
|move|p1a: Tornadus-Therian|U-turn|p2a: Slowbro
|-supereffective|p2a: Slowbro
|-damage|p2a: Slowbro|146\/394
|
|switch|p1a: Bisharp|Bisharp, F|271\/271
|move|p2a: Slowbro|Scald|p1a: Bisharp
|-damage|p1a: Bisharp|97\/271
|
|turn|5
|
|switch|p2a: Xatu|Xatu, M|333\/333
|move|p1a: Bisharp|Knock Off|p2a: Xatu
|-supereffective|p2a: Xatu
|-damage|p2a: Xatu|0 fnt
|-damage|p1a: Bisharp|52\/271|[from] item: Rocky Helmet|[of] p2a: Xatu
|-enditem|p2a: Xatu|Rocky Helmet|[from] move: Knock Off|[of] p1a: Bisharp
|faint|p2a: Xatu
|
|
|switch|p2a: Hydreigon|Hydreigon, F|333\/333
|turn|6
|
|switch|p1a: Keldeo-Resolute|Keldeo-Resolute|323\/323
|move|p2a: Hydreigon|Dark Pulse|p1a: Keldeo-Resolute
|-resisted|p1a: Keldeo-Resolute
|-damage|p1a: Keldeo-Resolute|194\/323
|-boost|p1a: Keldeo-Resolute|atk|1|[from] ability: Justified
|
|turn|7
|
|switch|p2a: Slowbro|Slowbro, M|277\/394
|move|p1a: Keldeo-Resolute|Secret Sword|p2a: Slowbro
|-resisted|p2a: Slowbro
|-damage|p2a: Slowbro|210\/394
|
|turn|8
|
|switch|p1a: Gardevoir|Gardevoir, F|277\/277
|-ability|p1a: Gardevoir|Regenerator|[from] ability: Trace|[of] p2a: Slowbro
|move|p2a: Slowbro|Scald|p1a: Gardevoir
|-damage|p1a: Gardevoir|157\/277
|
|turn|9
|
|switch|p2a: Talonflame|Talonflame, F|360\/360
|detailschange|p1a: Gardevoir|Gardevoir-Mega, F
|-mega|p1a: Gardevoir|Gardevoir|Gardevoirite
|move|p1a: Gardevoir|Hyper Voice|p2a: Talonflame
|-resisted|p2a: Talonflame
|-damage|p2a: Talonflame|230\/360
|
|-heal|p2a: Talonflame|252\/360|[from] item: Leftovers
|turn|10
|
|switch|p1a: Rotom-Wash|Rotom-Wash|303\/303
|move|p2a: Talonflame|Will-O-Wisp|p1a: Rotom-Wash
|-status|p1a: Rotom-Wash|brn
|
|-heal|p2a: Talonflame|274\/360|[from] item: Leftovers
|-damage|p1a: Rotom-Wash|266\/303 brn|[from] brn
|turn|11
|
|move|p2a: Talonflame|Swords Dance|p2a: Talonflame
|-boost|p2a: Talonflame|atk|2
|move|p1a: Rotom-Wash|Hydro Pump|p2a: Talonflame
|-supereffective|p2a: Talonflame
|-damage|p2a: Talonflame|26\/360
|
|-heal|p2a: Talonflame|48\/360|[from] item: Leftovers
|-heal|p1a: Rotom-Wash|284\/303 brn|[from] item: Leftovers
|-damage|p1a: Rotom-Wash|247\/303 brn|[from] brn
|turn|12
|
|move|p2a: Talonflame|Roost|p2a: Talonflame
|-heal|p2a: Talonflame|228\/360
|move|p1a: Rotom-Wash|Hydro Pump|p2a: Talonflame
|-supereffective|p2a: Talonflame
|-damage|p2a: Talonflame|0 fnt
|faint|p2a: Talonflame
|
|-heal|p1a: Rotom-Wash|265\/303 brn|[from] item: Leftovers
|-damage|p1a: Rotom-Wash|228\/303 brn|[from] brn
|
|switch|p2a: Hydreigon|Hydreigon, F|333\/333
|turn|13
|
|switch|p1a: Tornadus-Therian|Tornadus-Therian, M|192\/327 brn
|move|p2a: Hydreigon|Dark Pulse|p1a: Tornadus-Therian
|-damage|p1a: Tornadus-Therian|0 fnt
|faint|p1a: Tornadus-Therian
|
|
|switch|p1a: Garchomp|Garchomp, M|357\/357
|turn|14
|
|move|p1a: Garchomp|Dragon Claw|p2a: Hydreigon
|-supereffective|p2a: Hydreigon
|-damage|p2a: Hydreigon|15\/333
|move|p2a: Hydreigon|Dark Pulse|p1a: Garchomp
|-damage|p1a: Garchomp|119\/357
|
|turn|15
|
|switch|p2a: Mamoswine|Mamoswine, M|361\/361
|move|p1a: Garchomp|Dragon Claw|p2a: Mamoswine
|-damage|p2a: Mamoswine|201\/361
|
|turn|16
|
|switch|p1a: Rotom-Wash|Rotom-Wash|228\/303 brn
|move|p2a: Mamoswine|Knock Off|p1a: Rotom-Wash
|-damage|p1a: Rotom-Wash|103\/303 brn
|-enditem|p1a: Rotom-Wash|Leftovers|[from] move: Knock Off|[of] p2a: Mamoswine
|-damage|p2a: Mamoswine|165\/361|[from] item: Life Orb
|
|-damage|p1a: Rotom-Wash|66\/303 brn|[from] brn
|turn|17
|
|switch|p2a: Hydreigon|Hydreigon, F|15\/333
|move|p1a: Rotom-Wash|Hydro Pump|p2a: Hydreigon
|-resisted|p2a: Hydreigon
|-damage|p2a: Hydreigon|0 fnt
|faint|p2a: Hydreigon
|
|-damage|p1a: Rotom-Wash|29\/303 brn|[from] brn
|
|switch|p2a: Mamoswine|Mamoswine, M|165\/361
|turn|18
|
|move|p2a: Mamoswine|Ice Shard|p1a: Rotom-Wash
|-resisted|p1a: Rotom-Wash
|-damage|p1a: Rotom-Wash|0 fnt
|-damage|p2a: Mamoswine|129\/361|[from] item: Life Orb
|faint|p1a: Rotom-Wash
|
|
|switch|p1a: Keldeo-Resolute|Keldeo-Resolute|194\/323
|turn|19
|
|switch|p2a: Slowbro|Slowbro, M|341\/394
|move|p1a: Keldeo-Resolute|Scald|p2a: Slowbro
|-resisted|p2a: Slowbro
|-damage|p2a: Slowbro|261\/394
|-status|p2a: Slowbro|brn
|
|-damage|p2a: Slowbro|212\/394 brn|[from] brn
|turn|20
|
|switch|p1a: Bisharp|Bisharp, F|52\/271
|move|p2a: Slowbro|Trick Room|p2a: Slowbro
|-fieldstart|move: Trick Room|[of] p2a: Slowbro
|
|-damage|p2a: Slowbro|163\/394 brn|[from] brn
|turn|21
|
|switch|p2a: Registeel|Registeel|364\/364
|move|p1a: Bisharp|Sucker Punch|p2a: Registeel
|-fail|p2a: Registeel
|
|turn|22
|
|move|p2a: Registeel|Seismic Toss|p1a: Bisharp
|-damage|p1a: Bisharp|0 fnt
|faint|p1a: Bisharp
|
|
|switch|p1a: Garchomp|Garchomp, M|119\/357
|turn|23
|
|switch|p2a: Slowbro|Slowbro, M|294\/394 brn
|move|p1a: Garchomp|Earthquake|p2a: Slowbro
|-damage|p2a: Slowbro|141\/394 brn
|
|-damage|p2a: Slowbro|92\/394 brn|[from] brn
|turn|24
|
|move|p2a: Slowbro|Psychic|p1a: Garchomp
|-damage|p1a: Garchomp|0 fnt
|faint|p1a: Garchomp
|
|-damage|p2a: Slowbro|43\/394 brn|[from] brn
|-fieldend|move: Trick Room
|
|switch|p1a: Keldeo-Resolute|Keldeo-Resolute|194\/323
|turn|25
|
|switch|p2a: Registeel|Registeel|364\/364
|move|p1a: Keldeo-Resolute|Secret Sword|p2a: Registeel
|-supereffective|p2a: Registeel
|-damage|p2a: Registeel|178\/364
|
|-heal|p2a: Registeel|200\/364|[from] item: Leftovers
|turn|26
|
|move|p1a: Keldeo-Resolute|Secret Sword|p2a: Registeel
|-supereffective|p2a: Registeel
|-damage|p2a: Registeel|0 fnt
|faint|p2a: Registeel
|
|
|switch|p2a: Slowbro|Slowbro, M|174\/394 brn
|turn|27
|
|switch|p1a: Gardevoir|Gardevoir-Mega, F|157\/277
|move|p2a: Slowbro|Trick Room|p2a: Slowbro
|-fieldstart|move: Trick Room|[of] p2a: Slowbro
|
|-damage|p2a: Slowbro|125\/394 brn|[from] brn
|turn|28
|
|move|p2a: Slowbro|Scald|p1a: Gardevoir
|-damage|p1a: Gardevoir|52\/277
|move|p1a: Gardevoir|Hyper Voice|p2a: Slowbro
|-damage|p2a: Slowbro|0 fnt
|faint|p2a: Slowbro
|
|
|switch|p2a: Mamoswine|Mamoswine, M|129\/361
|turn|29
|
|move|p2a: Mamoswine|Earthquake|p1a: Gardevoir
|-crit|p1a: Gardevoir
|-damage|p1a: Gardevoir|0 fnt
|-damage|p2a: Mamoswine|93\/361|[from] item: Life Orb
|faint|p1a: Gardevoir
|
|
|switch|p1a: Keldeo-Resolute|Keldeo-Resolute|194\/323
|turn|30
|
|move|p2a: Mamoswine|Earthquake|p1a: Keldeo-Resolute
|-damage|p1a: Keldeo-Resolute|0 fnt
|-damage|p2a: Mamoswine|57\/361|[from] item: Life Orb
|faint|p1a: Keldeo-Resolute
|
|win|Will-I-am2
|raw|Ladder updating...
|raw|poek69x's rating: 1517 &rarr; <strong>1499<\/strong><br \/>(-18 for losing)
|raw|Will-I-am2's rating: 1555 &rarr; <strong>1573<\/strong><br \/>(+18 for winning)