|join|Relikk
|join|poek69x
|player|p1|Relikk|265
|player|p2|poek69x|283
|gametype|singles
|gen|6
|tier|OU (suspect test)
|rated
|clearpoke
|poke|p1|Garchomp, M
|poke|p1|Landorus-Therian, M
|poke|p1|Raikou
|poke|p1|Keldeo-Resolute
|poke|p1|Gengar, F
|poke|p1|Metagross
|poke|p2|Camerupt, F
|poke|p2|Celebi
|poke|p2|Alomomola, M
|poke|p2|Tyranitar, F
|poke|p2|Clefable, F
|poke|p2|Skarmory, F
|rule|Swagger Clause: Swagger is banned
|rule|Baton Pass Clause: Limit one PokÃ©mon knowing Baton Pass
|rule|Sleep Clause Mod: Limit one foe put to sleep
|rule|Species Clause: Limit one of each PokÃ©mon
|rule|OHKO Clause: OHKO moves are banned
|rule|Moody Clause: Moody is banned
|rule|Evasion Moves Clause: Evasion moves are banned
|rule|Endless Battle Clause: Forcing endless battles is banned
|rule|HP Percentage Mod: HP is shown in percentages
|teampreview
|
|start
|switch|p1a: Landorus-Therian|Landorus-Therian, M|319\/319
|switch|p2a: Celebi|Celebi|404\/404
|-ability|p1a: Landorus-Therian|Intimidate|[of] p2a: Celebi
|-unboost|p2a: Celebi|atk|1
|turn|1
|
|switch|p2a: Skarmory|Skarmory, F|334\/334
|move|p1a: Landorus-Therian|U-turn|p2a: Skarmory
|-resisted|p2a: Skarmory
|-damage|p2a: Skarmory|318\/334
|
|switch|p1a: Raikou|Raikou|329\/329
|-ability|p1a: Raikou|Pressure
|
|turn|2
|
|switch|p2a: Camerupt|Camerupt, F|321\/321
|move|p1a: Raikou|Thunderbolt|p2a: Camerupt
|-immune|p2a: Camerupt|[msg]
|
|turn|3
|c|âpoek69x|show hp water
|join|azogue
|c| azogue|reveal the hp ghost
|c|âpoek69x|switch into keld and go for hp bug
|
|switch|p1a: Keldeo-Resolute|Keldeo-Resolute|323\/323
|detailschange|p2a: Camerupt|Camerupt-Mega, F
|-mega|p2a: Camerupt|Camerupt|Cameruptite
|move|p2a: Camerupt|Fire Blast|p1a: Keldeo-Resolute
|-resisted|p1a: Keldeo-Resolute
|-damage|p1a: Keldeo-Resolute|172\/323
|
|turn|4
|c|âpoek69x|if u do it
|c|âpoek69x|ur golden
|
|switch|p2a: Celebi|Celebi|404\/404
|move|p1a: Keldeo-Resolute|Scald|p2a: Celebi
|-crit|p2a: Celebi
|-resisted|p2a: Celebi
|-damage|p2a: Celebi|249\/404
|
|-heal|p2a: Celebi|274\/404|[from] item: Leftovers
|turn|5
|
|switch|p1a: Raikou|Raikou|329\/329
|-ability|p1a: Raikou|Pressure
|move|p2a: Celebi|Giga Drain|p1a: Raikou
|-damage|p1a: Raikou|265\/329
|-heal|p2a: Celebi|306\/404|[from] drain|[of] p1a: Raikou
|
|-heal|p2a: Celebi|331\/404|[from] item: Leftovers
|turn|6
|
|switch|p1a: Keldeo-Resolute|Keldeo-Resolute|172\/323
|switch|p2a: Camerupt|Camerupt-Mega, F|321\/321
|
|turn|7
|
|switch|p2a: Celebi|Celebi|331\/404
|move|p1a: Keldeo-Resolute|Hydro Pump|p2a: Celebi
|-resisted|p2a: Celebi
|-damage|p2a: Celebi|190\/404
|
|-heal|p2a: Celebi|215\/404|[from] item: Leftovers
|turn|8
|
|switch|p1a: Raikou|Raikou|265\/329
|-ability|p1a: Raikou|Pressure
|move|p2a: Celebi|Recover|p2a: Celebi
|-heal|p2a: Celebi|404\/404
|
|turn|9
|
|switch|p2a: Camerupt|Camerupt-Mega, F|321\/321
|move|p1a: Raikou|Hidden Power|p2a: Camerupt
|-damage|p2a: Camerupt|255\/321
|
|turn|10
|
|switch|p1a: Keldeo-Resolute|Keldeo-Resolute|172\/323
|move|p2a: Camerupt|Fire Blast|p1a: Keldeo-Resolute
|-resisted|p1a: Keldeo-Resolute
|-damage|p1a: Keldeo-Resolute|0 fnt
|faint|p1a: Keldeo-Resolute
|
|c|âpoek69x|stronk
|
|switch|p1a: Garchomp|Garchomp, M|357\/357
|turn|11
|
|switch|p2a: Celebi|Celebi|404\/404
|move|p1a: Garchomp|Earthquake|p2a: Celebi
|-resisted|p2a: Celebi
|-damage|p2a: Celebi|337\/404
|
|-heal|p2a: Celebi|362\/404|[from] item: Leftovers
|turn|12
|
|move|p1a: Garchomp|Stealth Rock|p2a: Celebi
|-sidestart|p2: poek69x|move: Stealth Rock
|move|p2a: Celebi|Nasty Plot|p2a: Celebi
|-boost|p2a: Celebi|spa|2
|
|-heal|p2a: Celebi|387\/404|[from] item: Leftovers
|turn|13
|
|move|p1a: Garchomp|Outrage|p2a: Celebi
|-damage|p2a: Celebi|236\/404
|move|p2a: Celebi|Giga Drain|p1a: Garchomp
|-damage|p1a: Garchomp|122\/357
|-heal|p2a: Celebi|354\/404|[from] drain|[of] p1a: Garchomp
|
|-heal|p2a: Celebi|379\/404|[from] item: Leftovers
|turn|14
|
|move|p1a: Garchomp|Outrage|p2a: Celebi
|-damage|p2a: Celebi|201\/404
|move|p2a: Celebi|Giga Drain|p1a: Garchomp
|-damage|p1a: Garchomp|0 fnt
|-heal|p2a: Celebi|262\/404|[from] drain|[of] p1a: Garchomp
|faint|p1a: Garchomp
|
|-heal|p2a: Celebi|287\/404|[from] item: Leftovers
|
|switch|p1a: Gengar|Gengar, F|261\/261
|turn|15
|
|switch|p2a: Clefable|Clefable, F|394\/394
|move|p1a: Gengar|Sludge Wave|p2a: Clefable
|-supereffective|p2a: Clefable
|-damage|p2a: Clefable|0 fnt
|-damage|p1a: Gengar|235\/261|[from] item: Life Orb
|faint|p2a: Clefable
|
|
|switch|p2a: Tyranitar|Tyranitar, F|342\/342
|-damage|p2a: Tyranitar|300\/342|[from] Stealth Rock
|-weather|Sandstorm
|turn|16
|
|move|p2a: Tyranitar|Pursuit|p1a: Gengar
|-supereffective|p1a: Gengar
|-damage|p1a: Gengar|0 fnt
|faint|p1a: Gengar
|
|-weather|Sandstorm|[upkeep]
|
|switch|p1a: Landorus-Therian|Landorus-Therian, M|319\/319
|-ability|p1a: Landorus-Therian|Intimidate|[of] p2a: Tyranitar
|-unboost|p2a: Tyranitar|atk|1
|turn|17
|
|switch|p2a: Alomomola|Alomomola, M|534\/534
|-damage|p2a: Alomomola|468\/534|[from] Stealth Rock
|move|p1a: Landorus-Therian|Superpower|p2a: Alomomola
|-damage|p2a: Alomomola|297\/534
|-damage|p1a: Landorus-Therian|266\/319|[from] item: Rocky Helmet|[of] p2a: Alomomola
|-unboost|p1a: Landorus-Therian|atk|1
|-unboost|p1a: Landorus-Therian|def|1
|
|-weather|Sandstorm|[upkeep]
|-damage|p2a: Alomomola|264\/534|[from] sandstorm
|turn|18
|
|switch|p1a: Raikou|Raikou|265\/329
|-ability|p1a: Raikou|Pressure
|move|p2a: Alomomola|Wish|p2a: Alomomola
|
|-weather|Sandstorm|[upkeep]
|-damage|p1a: Raikou|245\/329|[from] sandstorm
|-damage|p2a: Alomomola|231\/534|[from] sandstorm
|turn|19
|
|switch|p2a: Camerupt|Camerupt-Mega, F|255\/321
|-damage|p2a: Camerupt|215\/321|[from] Stealth Rock
|move|p1a: Raikou|Volt Switch|p2a: Camerupt
|-immune|p2a: Camerupt|[msg]
|
|-weather|Sandstorm|[upkeep]
|-damage|p1a: Raikou|225\/329|[from] sandstorm
|-heal|p2a: Camerupt|321\/321|[from] move: Wish|[wisher] Alomomola
|turn|20
|
|move|p1a: Raikou|Extrasensory|p2a: Camerupt
|-damage|p2a: Camerupt|238\/321
|move|p2a: Camerupt|Fire Blast|p1a: Raikou|[miss]
|-miss|p2a: Camerupt|p1a: Raikou
|
|-weather|none
|turn|21
|
|move|p1a: Raikou|Extrasensory|p2a: Camerupt
|-damage|p2a: Camerupt|147\/321
|move|p2a: Camerupt|Fire Blast|p1a: Raikou
|-damage|p1a: Raikou|6\/329
|
|turn|22
|
|move|p1a: Raikou|Extrasensory|p2a: Camerupt
|-damage|p2a: Camerupt|56\/321
|move|p2a: Camerupt|Earth Power|p1a: Raikou
|-crit|p1a: Raikou
|-supereffective|p1a: Raikou
|-damage|p1a: Raikou|0 fnt
|faint|p1a: Raikou
|
|
|switch|p1a: Metagross|Metagross|301\/301
|turn|23
|
|detailschange|p1a: Metagross|Metagross-Mega
|-mega|p1a: Metagross|Metagross|Metagrossite
|move|p1a: Metagross|Meteor Mash|p2a: Camerupt
|-resisted|p2a: Camerupt
|-damage|p2a: Camerupt|0 fnt
|faint|p2a: Camerupt
|
|
|switch|p2a: Alomomola|Alomomola, M|409\/534
|-damage|p2a: Alomomola|343\/534|[from] Stealth Rock
|turn|24
|
|move|p1a: Metagross|Zen Headbutt|p2a: Alomomola
|-damage|p2a: Alomomola|142\/534
|-damage|p1a: Metagross|251\/301|[from] item: Rocky Helmet|[of] p2a: Alomomola
|move|p2a: Alomomola|Wish|p2a: Alomomola
|
|turn|25
|
|move|p2a: Alomomola|Protect|p2a: Alomomola
|-singleturn|p2a: Alomomola|Protect
|move|p1a: Metagross|Zen Headbutt|p2a: Alomomola
|-activate|p2a: Alomomola|Protect
|
|-heal|p2a: Alomomola|409\/534|[from] move: Wish|[wisher] Alomomola
|turn|26
|
|move|p1a: Metagross|Zen Headbutt|p2a: Alomomola
|-crit|p2a: Alomomola
|-damage|p2a: Alomomola|121\/534
|-damage|p1a: Metagross|201\/301|[from] item: Rocky Helmet|[of] p2a: Alomomola
|move|p2a: Alomomola|Wish|p2a: Alomomola
|
|turn|27
|
|move|p2a: Alomomola|Protect|p2a: Alomomola
|-singleturn|p2a: Alomomola|Protect
|move|p1a: Metagross|Zen Headbutt|p2a: Alomomola
|-activate|p2a: Alomomola|Protect
|
|-heal|p2a: Alomomola|388\/534|[from] move: Wish|[wisher] Alomomola
|turn|28
|
|move|p1a: Metagross|Zen Headbutt|p2a: Alomomola
|-damage|p2a: Alomomola|178\/534
|-damage|p1a: Metagross|151\/301|[from] item: Rocky Helmet|[of] p2a: Alomomola
|cant|p2a: Alomomola|flinch
|
|turn|29
|
|switch|p2a: Skarmory|Skarmory, F|318\/334
|-damage|p2a: Skarmory|277\/334|[from] Stealth Rock
|move|p1a: Metagross|Zen Headbutt|p2a: Skarmory
|-resisted|p2a: Skarmory
|-damage|p2a: Skarmory|202\/334
|
|turn|30
|
|move|p1a: Metagross|Ice Punch|p2a: Skarmory
|-damage|p2a: Skarmory|110\/334
|move|p2a: Skarmory|Roost|p2a: Skarmory
|-heal|p2a: Skarmory|277\/334
|
|turn|31
|
|move|p1a: Metagross|Ice Punch|p2a: Skarmory
|-damage|p2a: Skarmory|176\/334
|-status|p2a: Skarmory|frz
|-curestatus|p2a: Skarmory|frz
|move|p2a: Skarmory|Stealth Rock|p1a: Metagross
|-sidestart|p1: Relikk|move: Stealth Rock
|
|turn|32
|
|move|p1a: Metagross|Ice Punch|p2a: Skarmory
|-damage|p2a: Skarmory|83\/334
|move|p2a: Skarmory|Roost|p2a: Skarmory
|-heal|p2a: Skarmory|250\/334
|
|turn|33
|
|move|p1a: Metagross|Ice Punch|p2a: Skarmory
|-damage|p2a: Skarmory|145\/334
|move|p2a: Skarmory|Whirlwind|p1a: Metagross
|drag|p1a: Landorus-Therian|Landorus-Therian, M|266\/319
|-damage|p1a: Landorus-Therian|227\/319|[from] Stealth Rock
|-ability|p1a: Landorus-Therian|Intimidate|[of] p2a: Skarmory
|-unboost|p2a: Skarmory|atk|1
|
|turn|34
|
|move|p1a: Landorus-Therian|Superpower|p2a: Skarmory
|-damage|p2a: Skarmory|31\/334
|-unboost|p1a: Landorus-Therian|atk|1
|-unboost|p1a: Landorus-Therian|def|1
|move|p2a: Skarmory|Roost|p2a: Skarmory
|-heal|p2a: Skarmory|198\/334
|
|turn|35
|
|switch|p2a: Alomomola|Alomomola, M|356\/534
|-damage|p2a: Alomomola|290\/534|[from] Stealth Rock
|move|p1a: Landorus-Therian|Superpower|p2a: Alomomola
|-damage|p2a: Alomomola|179\/534
|-damage|p1a: Landorus-Therian|174\/319|[from] item: Rocky Helmet|[of] p2a: Alomomola
|-unboost|p1a: Landorus-Therian|atk|1
|-unboost|p1a: Landorus-Therian|def|1
|
|turn|36
|
|switch|p2a: Celebi|Celebi|287\/404
|-damage|p2a: Celebi|237\/404|[from] Stealth Rock
|move|p1a: Landorus-Therian|Superpower|p2a: Celebi
|-resisted|p2a: Celebi
|-damage|p2a: Celebi|210\/404
|-unboost|p1a: Landorus-Therian|atk|1
|-unboost|p1a: Landorus-Therian|def|1
|
|-heal|p2a: Celebi|235\/404|[from] item: Leftovers
|turn|37
|
|switch|p1a: Metagross|Metagross-Mega|151\/301
|-damage|p1a: Metagross|133\/301|[from] Stealth Rock
|move|p2a: Celebi|Giga Drain|p1a: Metagross
|-resisted|p1a: Metagross
|-damage|p1a: Metagross|93\/301
|-heal|p2a: Celebi|255\/404|[from] drain|[of] p1a: Metagross
|
|-heal|p2a: Celebi|280\/404|[from] item: Leftovers
|turn|38
|
|move|p1a: Metagross|Ice Punch|p2a: Celebi
|-supereffective|p2a: Celebi
|-damage|p2a: Celebi|88\/404
|move|p2a: Celebi|Recover|p2a: Celebi
|-heal|p2a: Celebi|290\/404
|
|-heal|p2a: Celebi|315\/404|[from] item: Leftovers
|turn|39
|
|switch|p2a: Alomomola|Alomomola, M|357\/534
|-damage|p2a: Alomomola|291\/534|[from] Stealth Rock
|move|p1a: Metagross|Ice Punch|p2a: Alomomola
|-resisted|p2a: Alomomola
|-damage|p2a: Alomomola|226\/534
|-damage|p1a: Metagross|43\/301|[from] item: Rocky Helmet|[of] p2a: Alomomola
|
|turn|40
|
|move|p1a: Metagross|Zen Headbutt|p2a: Alomomola
|-damage|p2a: Alomomola|30\/534
|-damage|p1a: Metagross|0 fnt|[from] item: Rocky Helmet|[of] p2a: Alomomola
|faint|p1a: Metagross
|move|p2a: Alomomola|Wish|p2a: Alomomola
|
|
|switch|p1a: Landorus-Therian|Landorus-Therian, M|174\/319
|-damage|p1a: Landorus-Therian|135\/319|[from] Stealth Rock
|-ability|p1a: Landorus-Therian|Intimidate|[of] p2a: Alomomola
|-unboost|p2a: Alomomola|atk|1
|turn|41
|
|move|p2a: Alomomola|Protect|p2a: Alomomola
|-singleturn|p2a: Alomomola|Protect
|move|p1a: Landorus-Therian|Stone Edge|p2a: Alomomola
|-activate|p2a: Alomomola|Protect
|
|-heal|p2a: Alomomola|297\/534|[from] move: Wish|[wisher] Alomomola
|turn|42
|
|move|p1a: Landorus-Therian|Stone Edge|p2a: Alomomola
|-damage|p2a: Alomomola|166\/534
|move|p2a: Alomomola|Scald|p1a: Landorus-Therian
|-supereffective|p1a: Landorus-Therian
|-damage|p1a: Landorus-Therian|21\/319
|
|turn|43
|
|move|p1a: Landorus-Therian|Stone Edge|p2a: Alomomola|[miss]
|-miss|p1a: Landorus-Therian|p2a: Alomomola
|move|p2a: Alomomola|Scald|p1a: Landorus-Therian
|-supereffective|p1a: Landorus-Therian
|-damage|p1a: Landorus-Therian|0 fnt
|faint|p1a: Landorus-Therian
|
|win|poek69x
|raw|Ladder updating...
|raw|Relikk's rating: 1270 &rarr; <strong>1248<\/strong><br \/>(-22 for losing)
|raw|poek69x's rating: 1318 &rarr; <strong>1335<\/strong><br \/>(+17 for winning)
|c|âpoek69x|gg
|leave|Relikk
|player|p1
|leave|poek69x
|player|p2
|join|poek69x
|leave|poek69x
|join|poek69x