|join|poek69x
|join|Ladder Sigh
|player|p1|poek69x|283
|player|p2|Ladder Sigh|98
|gametype|singles
|gen|6
|tier|OU (suspect test)
|rated
|clearpoke
|poke|p1|Gardevoir, M
|poke|p1|Tornadus-Therian, M
|poke|p1|Rotom-Wash
|poke|p1|Garchomp, M
|poke|p1|Keldeo-Resolute
|poke|p1|Bisharp, F
|poke|p2|Charizard, F
|poke|p2|Keldeo-Resolute
|poke|p2|Bisharp, F
|poke|p2|Latios, M
|poke|p2|Landorus-Therian, M
|poke|p2|Kyurem-Black
|rule|Swagger Clause: Swagger is banned
|rule|Baton Pass Clause: Limit one PokÃ©mon knowing Baton Pass
|rule|Sleep Clause Mod: Limit one foe put to sleep
|rule|Species Clause: Limit one of each PokÃ©mon
|rule|OHKO Clause: OHKO moves are banned
|rule|Moody Clause: Moody is banned
|rule|Evasion Moves Clause: Evasion moves are banned
|rule|Endless Battle Clause: Forcing endless battles is banned
|rule|HP Percentage Mod: HP is shown in percentages
|teampreview
|join|roadto2700coiloke
|c|âpoek69x|dont destroy me
|c|âpoek69x|pls
|
|start
|switch|p1a: Garchomp|Garchomp, M|357\/357
|switch|p2a: Landorus-Therian|Landorus-Therian, M|381\/381
|-ability|p2a: Landorus-Therian|Intimidate|[of] p1a: Garchomp
|-unboost|p1a: Garchomp|atk|1
|turn|1
|
|move|p1a: Garchomp|Stealth Rock|p2a: Landorus-Therian
|-sidestart|p2: Ladder Sigh|move: Stealth Rock
|move|p2a: Landorus-Therian|Earthquake|p1a: Garchomp
|-damage|p1a: Garchomp|180\/357
|
|turn|2
|
|move|p1a: Garchomp|Swords Dance|p1a: Garchomp
|-boost|p1a: Garchomp|atk|2
|move|p2a: Landorus-Therian|U-turn|p1a: Garchomp
|-damage|p1a: Garchomp|101\/357
|-damage|p2a: Landorus-Therian|334\/381|[from] ability: Rough Skin|[of] p1a: Garchomp
|
|switch|p2a: Bisharp|Bisharp, F|271\/271
|-damage|p2a: Bisharp|255\/271|[from] Stealth Rock
|
|turn|3
|
|switch|p1a: Keldeo-Resolute|Keldeo-Resolute|323\/323
|move|p2a: Bisharp|Sucker Punch|p1a: Keldeo-Resolute
|-fail|p1a: Keldeo-Resolute
|
|turn|4
|
|switch|p2a: Latios|Latios, M|301\/301
|-damage|p2a: Latios|264\/301|[from] Stealth Rock
|move|p1a: Keldeo-Resolute|Scald|p2a: Latios
|-resisted|p2a: Latios
|-damage|p2a: Latios|202\/301
|
|turn|5
|
|switch|p1a: Bisharp|Bisharp, F|271\/271
|switch|p2a: Keldeo-Resolute|Keldeo-Resolute|323\/323
|-damage|p2a: Keldeo-Resolute|303\/323|[from] Stealth Rock
|
|turn|6
|
|switch|p1a: Rotom-Wash|Rotom-Wash|303\/303
|move|p2a: Keldeo-Resolute|Secret Sword|p1a: Rotom-Wash
|-damage|p1a: Rotom-Wash|138\/303
|
|-heal|p1a: Rotom-Wash|156\/303|[from] item: Leftovers
|turn|7
|
|switch|p2a: Kyurem-Black|Kyurem-Black|391\/391
|-damage|p2a: Kyurem-Black|294\/391|[from] Stealth Rock
|-ability|p2a: Kyurem-Black|Teravolt
|switch|p1a: Tornadus-Therian|Tornadus-Therian, M|327\/327
|
|turn|8
|
|move|p2a: Kyurem-Black|Fusion Bolt|p1a: Tornadus-Therian
|-supereffective|p1a: Tornadus-Therian
|-damage|p1a: Tornadus-Therian|0 fnt
|faint|p1a: Tornadus-Therian
|
|
|switch|p1a: Garchomp|Garchomp, M|101\/357
|turn|9
|
|switch|p2a: Landorus-Therian|Landorus-Therian, M|334\/381
|-damage|p2a: Landorus-Therian|287\/381|[from] Stealth Rock
|-ability|p2a: Landorus-Therian|Intimidate|[of] p1a: Garchomp
|-unboost|p1a: Garchomp|atk|1
|move|p1a: Garchomp|Dragon Claw|p2a: Landorus-Therian
|-damage|p2a: Landorus-Therian|209\/381
|
|-heal|p2a: Landorus-Therian|232\/381|[from] item: Leftovers
|turn|10
|
|move|p1a: Garchomp|Dragon Claw|p2a: Landorus-Therian
|-damage|p2a: Landorus-Therian|157\/381
|move|p2a: Landorus-Therian|U-turn|p1a: Garchomp
|-damage|p1a: Garchomp|28\/357
|-damage|p2a: Landorus-Therian|110\/381|[from] ability: Rough Skin|[of] p1a: Garchomp
|
|switch|p2a: Latios|Latios, M|202\/301
|-damage|p2a: Latios|165\/301|[from] Stealth Rock
|
|turn|11
|
|move|p2a: Latios|Earthquake|p1a: Garchomp
|-damage|p1a: Garchomp|0 fnt
|-damage|p2a: Latios|135\/301|[from] item: Life Orb
|faint|p1a: Garchomp
|
|
|switch|p1a: Bisharp|Bisharp, F|271\/271
|turn|12
|
|move|p2a: Latios|Earthquake|p1a: Bisharp
|-supereffective|p1a: Bisharp
|-damage|p1a: Bisharp|92\/271
|-damage|p2a: Latios|105\/301|[from] item: Life Orb
|move|p1a: Bisharp|Pursuit|p2a: Latios
|-supereffective|p2a: Latios
|-damage|p2a: Latios|0 fnt
|faint|p2a: Latios
|
|
|switch|p2a: Keldeo-Resolute|Keldeo-Resolute|303\/323
|-damage|p2a: Keldeo-Resolute|283\/323|[from] Stealth Rock
|turn|13
|
|move|p1a: Bisharp|Sucker Punch|p2a: Keldeo-Resolute
|-resisted|p2a: Keldeo-Resolute
|-damage|p2a: Keldeo-Resolute|191\/323
|-boost|p2a: Keldeo-Resolute|atk|1|[from] ability: Justified
|move|p2a: Keldeo-Resolute|Secret Sword|p1a: Bisharp
|-supereffective|p1a: Bisharp
|-damage|p1a: Bisharp|0 fnt
|faint|p1a: Bisharp
|
|
|switch|p1a: Gardevoir|Gardevoir, M|277\/277
|-ability|p1a: Gardevoir|Justified|[from] ability: Trace|[of] p2a: Keldeo-Resolute
|turn|14
|
|detailschange|p1a: Gardevoir|Gardevoir-Mega, M
|-mega|p1a: Gardevoir|Gardevoir|Gardevoirite
|move|p2a: Keldeo-Resolute|Secret Sword|p1a: Gardevoir
|-resisted|p1a: Gardevoir
|-damage|p1a: Gardevoir|192\/277
|move|p1a: Gardevoir|Hyper Voice|p2a: Keldeo-Resolute
|-supereffective|p2a: Keldeo-Resolute
|-damage|p2a: Keldeo-Resolute|0 fnt
|faint|p2a: Keldeo-Resolute
|
|
|switch|p2a: Bisharp|Bisharp, F|255\/271
|-damage|p2a: Bisharp|239\/271|[from] Stealth Rock
|turn|15
|
|switch|p2a: Landorus-Therian|Landorus-Therian, M|110\/381
|-damage|p2a: Landorus-Therian|63\/381|[from] Stealth Rock
|-ability|p2a: Landorus-Therian|Intimidate|[of] p1a: Gardevoir
|-unboost|p1a: Gardevoir|atk|1
|move|p1a: Gardevoir|Hyper Voice|p2a: Landorus-Therian
|-crit|p2a: Landorus-Therian
|-damage|p2a: Landorus-Therian|0 fnt
|faint|p2a: Landorus-Therian
|
|
|switch|p2a: Kyurem-Black|Kyurem-Black|294\/391
|-damage|p2a: Kyurem-Black|197\/391|[from] Stealth Rock
|-ability|p2a: Kyurem-Black|Teravolt
|turn|16
|
|move|p2a: Kyurem-Black|Fusion Bolt|p1a: Gardevoir
|-damage|p1a: Gardevoir|0 fnt
|faint|p1a: Gardevoir
|
|
|switch|p1a: Keldeo-Resolute|Keldeo-Resolute|323\/323
|turn|17
|
|move|p1a: Keldeo-Resolute|Secret Sword|p2a: Kyurem-Black
|-supereffective|p2a: Kyurem-Black
|-damage|p2a: Kyurem-Black|0 fnt
|faint|p2a: Kyurem-Black
|
|
|switch|p2a: Charizard|Charizard, F|307\/307
|-damage|p2a: Charizard|154\/307|[from] Stealth Rock
|turn|18
|
|switch|p1a: Rotom-Wash|Rotom-Wash|156\/303
|detailschange|p2a: Charizard|Charizard-Mega-Y, F
|-mega|p2a: Charizard|Charizard|Charizardite Y
|-weather|SunnyDay
|move|p2a: Charizard|Roost|p2a: Charizard
|-heal|p2a: Charizard|307\/307
|
|-weather|SunnyDay|[upkeep]
|-heal|p1a: Rotom-Wash|174\/303|[from] item: Leftovers
|turn|19
|
|move|p2a: Charizard|Solar Beam|p1a: Rotom-Wash|[still]
|-prepare|p2a: Charizard|Solar Beam|p1a: Rotom-Wash
|-anim|p2a: Charizard|Solar Beam|p1a: Rotom-Wash
|-supereffective|p1a: Rotom-Wash
|-damage|p1a: Rotom-Wash|0 fnt
|faint|p1a: Rotom-Wash
|
|-weather|SunnyDay|[upkeep]
|
|switch|p1a: Keldeo-Resolute|Keldeo-Resolute|323\/323
|turn|20
|
|move|p1a: Keldeo-Resolute|Hydro Pump|p2a: Charizard|[miss]
|-miss|p1a: Keldeo-Resolute|p2a: Charizard
|move|p2a: Charizard|Solar Beam|p1a: Keldeo-Resolute|[still]
|-prepare|p2a: Charizard|Solar Beam|p1a: Keldeo-Resolute
|-anim|p2a: Charizard|Solar Beam|p1a: Keldeo-Resolute
|-supereffective|p1a: Keldeo-Resolute
|-damage|p1a: Keldeo-Resolute|0 fnt
|faint|p1a: Keldeo-Resolute
|
|win|Ladder Sigh
|raw|Ladder updating...
|c|âLadder Sigh|gg
|raw|poek69x's rating: 1548 &rarr; <strong>1521<\/strong><br \/>(-27 for losing)
|raw|Ladder Sigh's rating: 1427 &rarr; <strong>1453<\/strong><br \/>(+26 for winning)
|leave|poek69x
|player|p1
|leave|roadto2700coiloke