|join|poek69x
|join|YogourtBlanco
|unlink||tour
|player|p1|poek69x|283
|player|p2|YogourtBlanco|216
|gametype|singles
|gen|6
|tier|OU
|clearpoke
|poke|p1|Gyarados, M|item
|poke|p1|Tornadus-Therian, M|item
|poke|p1|Hippowdon, F|item
|poke|p1|Amoonguss, M|item
|poke|p1|Heatran, F|item
|poke|p1|Excadrill, M|item
|poke|p2|Altaria, F, shiny|item
|poke|p2|Gothitelle, F, shiny|item
|poke|p2|Mandibuzz, F, shiny|item
|poke|p2|Chansey, F|item
|poke|p2|Garchomp, M, shiny|item
|poke|p2|Gengar, M, shiny|item
|rule|ClÃ¡usula de Swagger: se prohibe el uso de Swagger
|rule|ClÃ¡usula de Baton Pass: se prohÃ­be mÃ¡s de 1 PokÃ©mon con Baton Pass
|rule|ClÃ¡usula-Mod de Dormir: solo puedes dormir a uno de tus oponentes a la vez.
|rule|ClÃ¡usula de Especie: Hasta un PokÃ©mon de cada especie
|rule|ClÃ¡usula de Golpe Fulminante: los movimientos fulminantes (OHKO) estan prohibidos
|rule|ClÃ¡usula de Moody: la habilidad Moody estÃ¡ prohibida
|rule|ClÃ¡usula de Movimientos Evasivos: los movimientos de evasion estan prohibidos
|rule|ClÃ¡usula de Batallas Eternas: forzar batallas eternas estÃ¡ prohibido
|rule|Modo de Porcentaje de HP: el HP es mostrado en porcentaje
|teampreview
|join|YucoYuco77
|c|âYogourtBlanco|Suerte
|c|âpoek69x|tu tambien
|join|CSS)bleachzxzx
|
|start
|switch|p1a: Heatran|Heatran, F|323\/323
|switch|p2a: Garchomp|Garchomp, M, shiny|357\/357
|turn|1
|join|once again pls
|join|azogue
|join|RÑgo-
|
|move|p2a: Garchomp|Earthquake|p1a: Heatran
|-supereffective|p1a: Heatran
|-damage|p1a: Heatran|0 fnt
|faint|p1a: Heatran
|
|
|switch|p1a: Gyarados|Gyarados, M|353\/353
|-ability|p1a: Gyarados|Intimidate|[of] p2a: Garchomp
|-unboost|p2a: Garchomp|atk|1
|turn|2
|
|switch|p2a: Mandibuzz|Mandibuzz, F, shiny|423\/423
|detailschange|p1a: Gyarados|Gyarados-Mega, M
|-mega|p1a: Gyarados|Gyarados|Gyaradosite
|-ability|p1a: Gyarados|Mold Breaker
|move|p1a: Gyarados|Crunch|p2a: Mandibuzz
|-resisted|p2a: Mandibuzz
|-damage|p2a: Mandibuzz|366\/423
|-damage|p1a: Gyarados|295\/353|[from] item: Rocky Helmet|[of] p2a: Mandibuzz
|
|turn|3
|leave|RÑgo-
|
|move|p1a: Gyarados|Taunt|p2a: Mandibuzz
|-start|p2a: Mandibuzz|move: Taunt
|move|p2a: Mandibuzz|Foul Play|p1a: Gyarados
|-resisted|p1a: Gyarados
|-damage|p1a: Gyarados|198\/353
|
|turn|4
|
|switch|p1a: Tornadus-Therian|Tornadus-Therian, M|327\/327
|move|p2a: Mandibuzz|Foul Play|p1a: Tornadus-Therian
|-damage|p1a: Tornadus-Therian|171\/327
|
|turn|5
|
|switch|p2a: Chansey|Chansey, F|703\/703
|move|p1a: Tornadus-Therian|Hurricane|p2a: Chansey|[miss]
|-miss|p1a: Tornadus-Therian|p2a: Chansey
|
|turn|6
|
|move|p1a: Tornadus-Therian|Knock Off|p2a: Chansey
|-damage|p2a: Chansey|607\/703
|-enditem|p2a: Chansey|Eviolite|[from] move: Knock Off|[of] p1a: Tornadus-Therian
|move|p2a: Chansey|Wish|p2a: Chansey
|
|turn|7
|
|switch|p2a: Garchomp|Garchomp, M, shiny|357\/357
|move|p1a: Tornadus-Therian|U-turn|p2a: Garchomp
|-damage|p2a: Garchomp|299\/357
|-damage|p1a: Tornadus-Therian|131\/327|[from] ability: Rough Skin|[of] p2a: Garchomp
|
|switch|p1a: Hippowdon|Hippowdon, F|420\/420
|-weather|Sandstorm
|
|-weather|Sandstorm|[upkeep]
|-heal|p2a: Garchomp|357\/357|[from] move: Wish|[wisher] Chansey
|turn|8
|
|switch|p2a: Mandibuzz|Mandibuzz, F, shiny|366\/423
|move|p1a: Hippowdon|Stealth Rock|p2a: Mandibuzz
|-sidestart|p2: YogourtBlanco|move: Stealth Rock
|
|-weather|Sandstorm|[upkeep]
|turn|9
|
|switch|p1a: Excadrill|Excadrill, M|359\/359
|move|p2a: Mandibuzz|Whirlwind|p1a: Excadrill
|drag|p1a: Tornadus-Therian|Tornadus-Therian, M|240\/327
|
|-weather|Sandstorm|[upkeep]
|-damage|p1a: Tornadus-Therian|220\/327|[from] sandstorm
|turn|10
|
|switch|p2a: Chansey|Chansey, F|607\/703
|-damage|p2a: Chansey|520\/703|[from] Stealth Rock
|move|p1a: Tornadus-Therian|Hurricane|p2a: Chansey|[miss]
|-miss|p1a: Tornadus-Therian|p2a: Chansey
|
|-weather|Sandstorm|[upkeep]
|-damage|p1a: Tornadus-Therian|200\/327|[from] sandstorm
|-damage|p2a: Chansey|477\/703|[from] sandstorm
|turn|11
|
|move|p1a: Tornadus-Therian|U-turn|p2a: Chansey
|-damage|p2a: Chansey|369\/703
|
|switch|p1a: Excadrill|Excadrill, M|359\/359
|move|p2a: Chansey|Wish|p2a: Chansey
|
|-weather|none
|turn|12
|
|switch|p2a: Mandibuzz|Mandibuzz, F, shiny|366\/423
|-damage|p2a: Mandibuzz|261\/423|[from] Stealth Rock
|move|p1a: Excadrill|Earthquake|p2a: Mandibuzz
|-immune|p2a: Mandibuzz|[msg]
|
|-heal|p2a: Mandibuzz|423\/423|[from] move: Wish|[wisher] Chansey
|turn|13
|
|switch|p1a: Tornadus-Therian|Tornadus-Therian, M|309\/327
|move|p2a: Mandibuzz|Foul Play|p1a: Tornadus-Therian
|-damage|p1a: Tornadus-Therian|161\/327
|
|turn|14
|c|âpoek69x|lag
|
|switch|p2a: Garchomp|Garchomp, M, shiny|357\/357
|-damage|p2a: Garchomp|335\/357|[from] Stealth Rock
|move|p1a: Tornadus-Therian|Hurricane|p2a: Garchomp
|-damage|p2a: Garchomp|166\/357
|
|turn|15
|
|switch|p1a: Hippowdon|Hippowdon, F|420\/420
|-weather|Sandstorm
|move|p2a: Garchomp|Stone Edge|p1a: Hippowdon
|-resisted|p1a: Hippowdon
|-damage|p1a: Hippowdon|385\/420
|
|-weather|Sandstorm|[upkeep]
|-heal|p1a: Hippowdon|411\/420|[from] item: Leftovers
|turn|16
|
|switch|p2a: Mandibuzz|Mandibuzz, F, shiny|423\/423
|-damage|p2a: Mandibuzz|318\/423|[from] Stealth Rock
|switch|p1a: Excadrill|Excadrill, M|359\/359
|
|-weather|Sandstorm|[upkeep]
|turn|17
|
|move|p1a: Excadrill|Rock Slide|p2a: Mandibuzz
|-supereffective|p2a: Mandibuzz
|-damage|p2a: Mandibuzz|123\/423
|-damage|p1a: Excadrill|324\/359|[from] item: Life Orb
|move|p2a: Mandibuzz|Foul Play|p1a: Excadrill
|-damage|p1a: Excadrill|11\/359
|
|-weather|Sandstorm|[upkeep]
|turn|18
|
|move|p1a: Excadrill|Rock Slide|p2a: Mandibuzz
|-supereffective|p2a: Mandibuzz
|-damage|p2a: Mandibuzz|0 fnt
|-damage|p1a: Excadrill|0 fnt|[from] item: Life Orb
|faint|p2a: Mandibuzz
|faint|p1a: Excadrill
|
|-weather|Sandstorm|[upkeep]
|join|(Fe) altair19
|
|switch|p2a: Altaria|Altaria, F, shiny|291\/291
|switch|p1a: Gyarados|Gyarados-Mega, M|198\/353
|-damage|p2a: Altaria|219\/291|[from] Stealth Rock
|-ability|p1a: Gyarados|Mold Breaker
|turn|19
|
|switch|p1a: Amoonguss|Amoonguss, M|432\/432
|detailschange|p2a: Altaria|Altaria-Mega, F, shiny
|-mega|p2a: Altaria|Altaria|Altarianite
|move|p2a: Altaria|Dragon Dance|p2a: Altaria
|-boost|p2a: Altaria|atk|1
|-boost|p2a: Altaria|spe|1
|
|-weather|none
|turn|20
|
|switch|p2a: Gothitelle|Gothitelle, F, shiny|281\/281
|-damage|p2a: Gothitelle|246\/281|[from] Stealth Rock
|move|p1a: Amoonguss|Clear Smog|p2a: Gothitelle
|-damage|p2a: Gothitelle|195\/281
|-clearboost|p2a: Gothitelle
|
|turn|21
|
|move|p2a: Gothitelle|Psyshock|p1a: Amoonguss
|-supereffective|p1a: Amoonguss
|-damage|p1a: Amoonguss|16\/432
|move|p1a: Amoonguss|Spore|p2a: Gothitelle
|-status|p2a: Gothitelle|slp
|
|-heal|p1a: Amoonguss|43\/432|[from] item: Black Sludge
|turn|22
|
|cant|p2a: Gothitelle|slp
|move|p1a: Amoonguss|Giga Drain|p2a: Gothitelle
|-damage|p2a: Gothitelle|122\/281 slp
|-heal|p1a: Amoonguss|80\/432|[from] drain|[of] p2a: Gothitelle
|
|-heal|p1a: Amoonguss|107\/432|[from] item: Black Sludge
|turn|23
|
|cant|p2a: Gothitelle|slp
|move|p1a: Amoonguss|Giga Drain|p2a: Gothitelle
|-damage|p2a: Gothitelle|52\/281 slp
|-heal|p1a: Amoonguss|142\/432|[from] drain|[of] p2a: Gothitelle
|
|-heal|p1a: Amoonguss|169\/432|[from] item: Black Sludge
|turn|24
|join|(Crux) masterixrod
|join|Meds
|leave|Meds
|c|âYogourtBlanco|No puedo parar el reloj
|
|-curestatus|p2a: Gothitelle|slp
|move|p2a: Gothitelle|Psyshock|p1a: Amoonguss
|-supereffective|p1a: Amoonguss
|-damage|p1a: Amoonguss|0 fnt
|faint|p1a: Amoonguss
|
|
|switch|p1a: Tornadus-Therian|Tornadus-Therian, M|270\/327
|turn|25
|c|âYogourtBlanco|Para que luego no me digan asqueroso 7u7
|c|âYogourtBlanco|*7n7
|
|move|p1a: Tornadus-Therian|U-turn|p2a: Gothitelle
|-supereffective|p2a: Gothitelle
|-damage|p2a: Gothitelle|0 fnt
|faint|p2a: Gothitelle
|
|switch|p1a: Hippowdon|Hippowdon, F|411\/420
|-weather|Sandstorm
|
|-weather|Sandstorm|[upkeep]
|-heal|p1a: Hippowdon|420\/420|[from] item: Leftovers
|c| once again pls|das asco
|c| once again pls|por que ibas a perder
|c| once again pls|y ganaste por timer
|
|switch|p2a: Gengar|Gengar, M, shiny|261\/261
|-damage|p2a: Gengar|229\/261|[from] Stealth Rock
|turn|26
|
|switch|p1a: Tornadus-Therian|Tornadus-Therian, M|327\/327
|move|p2a: Gengar|Substitute|p2a: Gengar
|-start|p2a: Gengar|Substitute
|-damage|p2a: Gengar|164\/261
|
|-weather|Sandstorm|[upkeep]
|-damage|p1a: Tornadus-Therian|307\/327|[from] sandstorm
|-damage|p2a: Gengar|148\/261|[from] sandstorm
|-heal|p2a: Gengar|164\/261|[from] item: Black Sludge
|turn|27
|
|move|p1a: Tornadus-Therian|Knock Off|p2a: Gengar
|-supereffective|p2a: Gengar
|-end|p2a: Gengar|Substitute
|move|p2a: Gengar|Sludge Bomb|p1a: Tornadus-Therian
|-damage|p1a: Tornadus-Therian|181\/327
|-status|p1a: Tornadus-Therian|psn
|
|-weather|Sandstorm|[upkeep]
|-damage|p1a: Tornadus-Therian|161\/327 psn|[from] sandstorm
|-damage|p2a: Gengar|148\/261|[from] sandstorm
|-heal|p2a: Gengar|164\/261|[from] item: Black Sludge
|-damage|p1a: Tornadus-Therian|121\/327 psn|[from] psn
|turn|28
|
|switch|p2a: Chansey|Chansey, F|369\/703
|-damage|p2a: Chansey|282\/703|[from] Stealth Rock
|move|p1a: Tornadus-Therian|Knock Off|p2a: Chansey
|-damage|p2a: Chansey|186\/703
|
|-weather|Sandstorm|[upkeep]
|-damage|p1a: Tornadus-Therian|101\/327 psn|[from] sandstorm
|-damage|p2a: Chansey|143\/703|[from] sandstorm
|-damage|p1a: Tornadus-Therian|61\/327 psn|[from] psn
|turn|29
|
|move|p2a: Chansey|Protect|p2a: Chansey
|-singleturn|p2a: Chansey|Protect
|move|p1a: Tornadus-Therian|U-turn|p2a: Chansey
|-activate|p2a: Chansey|Protect
|
|-weather|none
|-damage|p1a: Tornadus-Therian|21\/327 psn|[from] psn
|turn|30
|
|switch|p1a: Gyarados|Gyarados-Mega, M|198\/353
|-ability|p1a: Gyarados|Mold Breaker
|switch|p2a: Garchomp|Garchomp, M, shiny|166\/357
|-damage|p2a: Garchomp|144\/357|[from] Stealth Rock
|
|turn|31
|join|supermansito
|
|switch|p1a: Hippowdon|Hippowdon, F|420\/420
|-weather|Sandstorm
|move|p2a: Garchomp|Outrage|p1a: Hippowdon
|-crit|p1a: Hippowdon
|-damage|p1a: Hippowdon|230\/420
|
|-weather|Sandstorm|[upkeep]
|-heal|p1a: Hippowdon|256\/420|[from] item: Leftovers
|turn|32
|join|Eric1999
|
|move|p2a: Garchomp|Outrage|p1a: Hippowdon
|-damage|p1a: Hippowdon|109\/420
|move|p1a: Hippowdon|Slack Off|p1a: Hippowdon
|-heal|p1a: Hippowdon|319\/420
|
|-weather|Sandstorm|[upkeep]
|-heal|p1a: Hippowdon|345\/420|[from] item: Leftovers
|turn|33
|join|I'm so FanÃ§yâ¥
|
|move|p2a: Garchomp|Outrage|p1a: Hippowdon
|-crit|p1a: Hippowdon
|-damage|p1a: Hippowdon|143\/420
|move|p1a: Hippowdon|Earthquake|p2a: Garchomp
|-damage|p2a: Garchomp|18\/357
|
|-end|p2a: Garchomp|rampage
|-start|p2a: Garchomp|confusion
|-weather|Sandstorm|[upkeep]
|-heal|p1a: Hippowdon|169\/420|[from] item: Leftovers
|turn|34
|c|âYogourtBlanco|Sorry por el hax
|c|âpoek69x|nada
|c|âpoek69x|iba a perder de todas maneras
|
|switch|p2a: Gengar|Gengar, M, shiny|164\/261
|-damage|p2a: Gengar|132\/261|[from] Stealth Rock
|move|p1a: Hippowdon|Slack Off|p1a: Hippowdon
|-heal|p1a: Hippowdon|379\/420
|
|-weather|Sandstorm|[upkeep]
|-damage|p2a: Gengar|116\/261|[from] sandstorm
|-heal|p2a: Gengar|132\/261|[from] item: Black Sludge
|-heal|p1a: Hippowdon|405\/420|[from] item: Leftovers
|turn|35
|
|move|p2a: Gengar|Substitute|p2a: Gengar
|-start|p2a: Gengar|Substitute
|-damage|p2a: Gengar|67\/261
|move|p1a: Hippowdon|Stone Edge|p2a: Gengar
|-end|p2a: Gengar|Substitute
|
|-weather|none
|-heal|p2a: Gengar|83\/261|[from] item: Black Sludge
|-heal|p1a: Hippowdon|420\/420|[from] item: Leftovers
|turn|36
|join|Lord PeÃ±a Nieto
|
|move|p2a: Gengar|Shadow Ball|p1a: Hippowdon
|-damage|p1a: Hippowdon|219\/420
|-unboost|p1a: Hippowdon|spd|1
|move|p1a: Hippowdon|Stone Edge|p2a: Gengar|[miss]
|-miss|p1a: Hippowdon|p2a: Gengar
|
|-heal|p2a: Gengar|99\/261|[from] item: Black Sludge
|-heal|p1a: Hippowdon|245\/420|[from] item: Leftovers
|turn|37
|leave|I'm so FanÃ§yâ¥
|c|âYogourtBlanco|Ya
|c|âYogourtBlanco|dejo que me mates
|c|âYogourtBlanco|No quiero que el hax afecte la pelea
|
|move|p2a: Gengar|Substitute|p2a: Gengar
|-start|p2a: Gengar|Substitute
|-damage|p2a: Gengar|34\/261
|move|p1a: Hippowdon|Stone Edge|p2a: Gengar
|-end|p2a: Gengar|Substitute
|
|-heal|p2a: Gengar|50\/261|[from] item: Black Sludge
|-heal|p1a: Hippowdon|271\/420|[from] item: Leftovers
|turn|38
|
|move|p2a: Gengar|Substitute|p2a: Gengar
|-fail|p2a: Gengar|move: Substitute|[weak]
|move|p1a: Hippowdon|Stone Edge|p2a: Gengar
|-damage|p2a: Gengar|0 fnt
|faint|p2a: Gengar
|
|-heal|p1a: Hippowdon|297\/420|[from] item: Leftovers
|
|switch|p2a: Chansey|Chansey, F|143\/703
|-damage|p2a: Chansey|56\/703|[from] Stealth Rock
|turn|39
|
|move|p2a: Chansey|Wish|p2a: Chansey
|move|p1a: Hippowdon|Earthquake|p2a: Chansey
|-damage|p2a: Chansey|0 fnt
|faint|p2a: Chansey
|
|-heal|p1a: Hippowdon|323\/420|[from] item: Leftovers
|
|switch|p2a: Altaria|Altaria-Mega, F, shiny|219\/291
|-damage|p2a: Altaria|183\/291|[from] Stealth Rock
|turn|40
|c|âpoek69x|pero no va a importar xD
|
|switch|p1a: Tornadus-Therian|Tornadus-Therian, M|130\/327 psn
|move|p2a: Altaria|Dragon Dance|p2a: Altaria
|-boost|p2a: Altaria|atk|1
|-boost|p2a: Altaria|spe|1
|
|-heal|p2a: Altaria|291\/291|[from] move: Wish|[wisher] Chansey
|-damage|p1a: Tornadus-Therian|90\/327 psn|[from] psn
|turn|41
|
|move|p2a: Altaria|Return|p1a: Tornadus-Therian
|-crit|p1a: Tornadus-Therian
|-damage|p1a: Tornadus-Therian|0 fnt
|faint|p1a: Tornadus-Therian
|
|leave|azogue
|
|switch|p1a: Hippowdon|Hippowdon, F|323\/420
|-weather|Sandstorm
|turn|42
|
|move|p2a: Altaria|Dragon Dance|p2a: Altaria
|-boost|p2a: Altaria|atk|1
|-boost|p2a: Altaria|spe|1
|move|p1a: Hippowdon|Earthquake|p2a: Altaria
|-crit|p2a: Altaria
|-damage|p2a: Altaria|116\/291
|
|-weather|Sandstorm|[upkeep]
|-damage|p2a: Altaria|98\/291|[from] sandstorm
|-heal|p1a: Hippowdon|349\/420|[from] item: Leftovers
|turn|43
|join|CH israel
|
|move|p2a: Altaria|Return|p1a: Hippowdon
|-crit|p1a: Hippowdon
|-damage|p1a: Hippowdon|0 fnt
|faint|p1a: Hippowdon
|
|-weather|Sandstorm|[upkeep]
|-damage|p2a: Altaria|80\/291|[from] sandstorm
|
|switch|p1a: Gyarados|Gyarados-Mega, M|198\/353
|-ability|p1a: Gyarados|Mold Breaker
|turn|44
|c|âYogourtBlanco|gg :3
|c|âpoek69x|eso si importÃ³ xD
|c|âpoek69x|creia que si tenias roost
|leave|(Fe) altair19
|
|move|p2a: Altaria|Return|p1a: Gyarados
|-supereffective|p1a: Gyarados
|-damage|p1a: Gyarados|0 fnt
|faint|p1a: Gyarados
|
|win|YogourtBlanco
|c|âYogourtBlanco|weno
|leave|supermansito
|c|âYogourtBlanco|Sorry u_u
|c|âpoek69x|gg
|leave|YogourtBlanco
|player|p2
|leave|CH israel
|leave|CSS)bleachzxzx
|leave|once again pls
|leave|(Crux) masterixrod
|leave|poek69x
|player|p1
|leave|Lord PeÃ±a Nieto
|leave|Eric1999