|join|poek69x
|join|ShinigamiZet
|unlink||clan
|player|p1|poek69x|283
|player|p2|ShinigamiZet|2
|gametype|singles
|gen|6
|tier|OU (suspect test)
|clearpoke
|poke|p1|Crawdaunt, F|item
|poke|p1|Celebi|item
|poke|p1|Heatran, M|item
|poke|p1|Manectric, M|item
|poke|p1|Landorus-Therian, M|item
|poke|p1|Gengar, F|item
|poke|p2|Manaphy|item
|poke|p2|Gothitelle, F|item
|poke|p2|Heatran, F|item
|poke|p2|Landorus-Therian, M|item
|poke|p2|Sceptile, M|item
|poke|p2|Latias, F, shiny|item
|rule|ClÃ¡usula de Swagger: se prohibe el uso de Swagger
|rule|ClÃ¡usula de Baton Pass: se prohÃ­be mÃ¡s de 1 PokÃ©mon con Baton Pass
|rule|ClÃ¡usula-Mod de Dormir: solo puedes dormir a uno de tus oponentes a la vez.
|rule|ClÃ¡usula de Especie: Hasta un PokÃ©mon de cada especie
|rule|ClÃ¡usula de Golpe Fulminante: los movimientos fulminantes (OHKO) estan prohibidos
|rule|ClÃ¡usula de Moody: la habilidad Moody estÃ¡ prohibida
|rule|ClÃ¡usula de Movimientos Evasivos: los movimientos de evasion estan prohibidos
|rule|ClÃ¡usula de Batallas Eternas: forzar batallas eternas estÃ¡ prohibido
|rule|Modo de Porcentaje de HP: el HP es mostrado en porcentaje
|teampreview
|join|Y4MI
|join|nadie(Â°3Â°)
|join|YucoYuco77
|join|azogue
|join|Drimarvon
|join|xJoelituh
|join|Senky
|join|ElBuenRostro
|join|Ezze
|join|Eric1999
|c| YucoYuco77|ey ey Pole
|join|Little Torchic
|join|PrÃ³tos
|join|Tenmaru
|join|NocturOP
|join|Seniel
|join|SweetPosho
|c| Seniel|subpole.
|join|kazuo4master
|join|INSANE PLAYS
|join|ImSNT
|join|CharlieAdam
|c|+SweetPosho|subpole de la pole
|join|del atleti soy
|join|Gsebastian bot :v
|
|start
|switch|p1a: Landorus-Therian|Landorus-Therian, M|319\/319
|switch|p2a: Eon|Manaphy|365\/365
|-ability|p1a: Landorus-Therian|Intimidate|[of] p2a: Eon
|-unboost|p2a: Eon|atk|1
|turn|1
|join|Zidis
|leave|del atleti soy
|join|Alesitou
|join|CSS)bleachzxzx
|join|MeteÏr Falls
|join|Relic antiqua
|
|move|p1a: Landorus-Therian|U-turn|p2a: Eon
|-damage|p2a: Eon|275\/365
|join|paquito98
|join|Romper
|join|Corn FlÎ±kes
|join|eL GaNsO
|join|Ernes
|join|atrese
|c| MeteÏr Falls|hola
|
|switch|p1a: Celebi|Celebi|404\/404
|move|p2a: Eon|Ice Beam|p1a: Celebi
|-supereffective|p1a: Celebi
|-damage|p1a: Celebi|212\/404
|
|-heal|p2a: Eon|297\/365|[from] item: Leftovers
|-heal|p1a: Celebi|237\/404|[from] item: Leftovers
|turn|2
|join|reykebab69
|join|Kneesocks 4 chu
|join|EV Umbreon
|leave|reykebab69
|
|switch|p2a: Earthcloud|Landorus-Therian, M|319\/319
|-ability|p2a: Earthcloud|Intimidate|[of] p1a: Celebi
|-unboost|p1a: Celebi|atk|1
|move|p1a: Celebi|Recover|p1a: Celebi
|-heal|p1a: Celebi|404\/404
|
|turn|3
|c| ImSNT|MISICLOUD
|
|switch|p1a: Heatran|Heatran, M|386\/386
|move|p2a: Earthcloud|Knock Off|p1a: Heatran
|-damage|p1a: Heatran|268\/386
|-enditem|p1a: Heatran|Leftovers|[from] move: Knock Off|[of] p2a: Earthcloud
|
|turn|4
|c| NocturOP|MISINUBE
|join|Joshy Kaiba
|c| eL GaNsO|pobre illo
|c| Joshy Kaiba|solo le cambiÃ³ un pokemon
|join|Feragon
|c| Joshy Kaiba|a ese rmt
|c| INSANE PLAYS|oliwis 4u4
|join|Horse Senior
|join|(RxA)â_Dark Soul's
|
|switch|p2a: Eon|Manaphy|297\/365
|move|p1a: Heatran|Taunt|p2a: Eon
|-start|p2a: Eon|move: Taunt
|
|-heal|p2a: Eon|319\/365|[from] item: Leftovers
|turn|5
|join|â¥DisfrutaDeLaDisco
|
|switch|p1a: Celebi|Celebi|404\/404
|move|p2a: Eon|Surf|p1a: Celebi
|-resisted|p1a: Celebi
|-damage|p1a: Celebi|337\/404
|
|-heal|p2a: Eon|341\/365|[from] item: Leftovers
|-heal|p1a: Celebi|362\/404|[from] item: Leftovers
|turn|6
|join|Genre Police
|join|âSWâKirito-kun
|
|switch|p2a: Quetzal|Latias, F, shiny|318\/318
|move|p1a: Celebi|Substitute|p1a: Celebi
|-start|p1a: Celebi|Substitute
|-damage|p1a: Celebi|261\/404
|
|-heal|p1a: Celebi|286\/404|[from] item: Leftovers
|turn|7
|join|Alma_Inmortal
|
|move|p2a: Quetzal|Draco Meteor|p1a: Celebi
|-end|p1a: Celebi|Substitute
|-unboost|p2a: Quetzal|spa|2
|-damage|p2a: Quetzal|287\/318|[from] item: Life Orb
|move|p1a: Celebi|Baton Pass|p1a: Celebi
|leave|Alma_Inmortal
|c| eL GaNsO|el Crawdaunt es tremenda golpisa aquÃ­
|join|H(a.a)rp
|join|Takatalvi
|c| NocturOP|crodont
|
|switch|p1a: Landorus-Therian|Landorus-Therian, M|319\/319
|-ability|p1a: Landorus-Therian|Intimidate|[of] p2a: Quetzal
|-unboost|p2a: Quetzal|atk|1
|
|turn|8
|c|âShinigamiZet|SÃ­ o quÃ©
|
|switch|p2a: Earthcloud|Landorus-Therian, M|319\/319
|-ability|p2a: Earthcloud|Intimidate|[of] p1a: Landorus-Therian
|-unboost|p1a: Landorus-Therian|atk|1
|move|p1a: Landorus-Therian|U-turn|p2a: Earthcloud
|-resisted|p2a: Earthcloud
|-damage|p2a: Earthcloud|288\/319
|join|âCebollaOP ÄÏÎ·Î±Å¡â
|c| INSANE PLAYS|es cangrejops
|join|Cookiee
|join|Number 101
|join|AnDream
|c|âShinigamiZet|Yo me sÃ© otro que es mÃ¡s tremenda golpisa aÃºn
|leave|EV Umbreon
|
|switch|p1a: Crawdaunt|Crawdaunt, F|267\/267
|
|turn|9
|c| Romper|tu poia hen zu voka
|c| Romper|:^)
|c| INSANE PLAYS|MISICLOUD
|c| Genre Police|MISICLOUD
|
|switch|p2a: Eon|Manaphy|341\/365
|move|p1a: Crawdaunt|Knock Off|p2a: Eon
|-damage|p2a: Eon|42\/365
|-enditem|p2a: Eon|Leftovers|[from] move: Knock Off|[of] p1a: Crawdaunt
|-damage|p1a: Crawdaunt|241\/267|[from] item: Life Orb
|
|turn|10
|join|OneRepubliÃ§
|c| Kneesocks 4 chu|DIOS
|c| Genre Police|Blue eon
|join|Vizars
|
|switch|p2a: Quetzal|Latias, F, shiny|287\/318
|move|p1a: Crawdaunt|Aqua Jet|p2a: Quetzal
|-resisted|p2a: Quetzal
|-damage|p2a: Quetzal|214\/318
|-damage|p1a: Crawdaunt|215\/267|[from] item: Life Orb
|
|turn|11
|c| Genre Police|ayy
|c| eL GaNsO|rikolino
|c| NocturOP|k dises sateliteps?
|
|switch|p1a: Heatran|Heatran, M|268\/386
|move|p2a: Quetzal|Draco Meteor|p1a: Heatran
|-resisted|p1a: Heatran
|-damage|p1a: Heatran|184\/386
|-unboost|p2a: Quetzal|spa|2
|-damage|p2a: Quetzal|183\/318|[from] item: Life Orb
|
|turn|12
|c| NocturOP|as perdidops tus dominios? ywy
|c| Romper|Reveal EQ.
|c| eL GaNsO|zip ke sadx
|join|(VBA)MegaLucario
|c| nadie(Â°3Â°)|.
|
|move|p2a: Quetzal|Psyshock|p1a: Heatran
|-resisted|p1a: Heatran
|-damage|p1a: Heatran|149\/386
|-damage|p2a: Quetzal|152\/318|[from] item: Life Orb
|move|p1a: Heatran|Lava Plume|p2a: Quetzal
|-resisted|p2a: Quetzal
|-damage|p2a: Quetzal|104\/318
|
|turn|13
|
|switch|p2a: Monstra|Heatran, F|385\/385
|move|p1a: Heatran|Stealth Rock|p2a: Monstra
|-sidestart|p2: ShinigamiZet|move: Stealth Rock
|
|turn|14
|
|switch|p2a: Offspring|Sceptile, M|301\/301
|-damage|p2a: Offspring|264\/301|[from] Stealth Rock
|move|p1a: Heatran|Taunt|p2a: Offspring
|-start|p2a: Offspring|move: Taunt
|
|turn|15
|
|switch|p1a: Landorus-Therian|Landorus-Therian, M|319\/319
|-ability|p1a: Landorus-Therian|Intimidate|[of] p2a: Offspring
|-unboost|p2a: Offspring|atk|1
|detailschange|p2a: Offspring|Sceptile-Mega, M
|-mega|p2a: Offspring|Sceptile|Sceptilite
|move|p2a: Offspring|Focus Blast|p1a: Landorus-Therian
|-resisted|p1a: Landorus-Therian
|-damage|p1a: Landorus-Therian|232\/319
|
|turn|16
|c| Genre Police|algunos me llaman retrasado
|
|switch|p2a: Earthcloud|Landorus-Therian, M|288\/319
|-damage|p2a: Earthcloud|249\/319|[from] Stealth Rock
|-ability|p2a: Earthcloud|Intimidate|[of] p1a: Landorus-Therian
|-unboost|p1a: Landorus-Therian|atk|1
|move|p1a: Landorus-Therian|U-turn|p2a: Earthcloud
|-resisted|p2a: Earthcloud
|-damage|p2a: Earthcloud|217\/319
|join|reykebab69
|
|switch|p1a: Crawdaunt|Crawdaunt, F|215\/267
|
|turn|17
|c| Genre Police|yo prefiero decir neoliberalcapitalista
|c| Kneesocks 4 chu|XDDDDDD
|c|+SweetPosho|AAJJAJA
|join|Choice Team
|c| xJoelituh|HAHAH
|leave|Choice Team
|c| NocturOP|JAJAJAJA
|join|CH Israel
|c|+SweetPosho|\/me se cuelga
|
|move|p1a: Crawdaunt|Aqua Jet|p2a: Earthcloud
|-supereffective|p2a: Earthcloud
|-damage|p2a: Earthcloud|0 fnt
|-damage|p1a: Crawdaunt|189\/267|[from] item: Life Orb
|faint|p2a: Earthcloud
|
|c| Romper|Ya empiezas a cambiarle el nombre a las cosas.
|c| Romper|:V
|join|Mandex
|c| atrese|JAJAJAJA
|
|switch|p2a: Offspring|Sceptile-Mega, M|264\/301
|-damage|p2a: Offspring|227\/301|[from] Stealth Rock
|turn|18
|join|Arcaninseanps92
|leave|Number 101
|
|switch|p1a: Heatran|Heatran, M|149\/386
|move|p2a: Offspring|Dragon Pulse|p1a: Heatran
|-resisted|p1a: Heatran
|-damage|p1a: Heatran|86\/386
|
|turn|19
|
|move|p2a: Offspring|Substitute|p2a: Offspring
|-start|p2a: Offspring|Substitute
|-damage|p2a: Offspring|152\/301
|move|p1a: Heatran|Lava Plume|p2a: Offspring
|-end|p2a: Offspring|Substitute
|
|turn|20
|join|EV Umbreon
|c| CH Israel|Oc
|join|apollozero
|
|move|p2a: Offspring|Focus Blast|p1a: Heatran
|-supereffective|p1a: Heatran
|-damage|p1a: Heatran|0 fnt
|faint|p1a: Heatran
|
|c| CH Israel|y el terremoto?
|join|del atleti soy
|
|switch|p1a: Landorus-Therian|Landorus-Therian, M|232\/319
|-ability|p1a: Landorus-Therian|Intimidate|[of] p2a: Offspring
|-unboost|p2a: Offspring|atk|1
|turn|21
|leave|PrÃ³tos
|join|xMimo
|join|Maestro ninja
|
|switch|p2a: Monstra|Heatran, F|385\/385
|-damage|p2a: Monstra|337\/385|[from] Stealth Rock
|move|p1a: Landorus-Therian|U-turn|p2a: Monstra
|-resisted|p2a: Monstra
|-damage|p2a: Monstra|316\/385
|
|switch|p1a: Crawdaunt|Crawdaunt, F|189\/267
|
|-heal|p2a: Monstra|340\/385|[from] item: Leftovers
|turn|22
|
|move|p1a: Crawdaunt|Crabhammer|p2a: Monstra
|-supereffective|p2a: Monstra
|-damage|p2a: Monstra|0 fnt
|-damage|p1a: Crawdaunt|163\/267|[from] item: Life Orb
|faint|p2a: Monstra
|
|
|switch|p2a: AntoÃ±ita|Gothitelle, F|281\/281
|-damage|p2a: AntoÃ±ita|246\/281|[from] Stealth Rock
|turn|23
|leave|Maestro ninja
|
|move|p1a: Crawdaunt|Aqua Jet|p2a: AntoÃ±ita
|-damage|p2a: AntoÃ±ita|98\/281
|-damage|p1a: Crawdaunt|137\/267|[from] item: Life Orb
|move|p2a: AntoÃ±ita|Thunderbolt|p1a: Crawdaunt
|-supereffective|p1a: Crawdaunt
|-damage|p1a: Crawdaunt|0 fnt
|faint|p1a: Crawdaunt
|
|
|switch|p1a: Landorus-Therian|Landorus-Therian, M|232\/319
|-ability|p1a: Landorus-Therian|Intimidate|[of] p2a: AntoÃ±ita
|-unboost|p2a: AntoÃ±ita|atk|1
|turn|24
|
|move|p1a: Landorus-Therian|U-turn|p2a: AntoÃ±ita
|-supereffective|p2a: AntoÃ±ita
|-damage|p2a: AntoÃ±ita|0 fnt
|faint|p2a: AntoÃ±ita
|join|CH PokeJose
|
|switch|p1a: Gengar|Gengar, F|261\/261
|
|
|switch|p2a: Quetzal|Latias, F, shiny|104\/318
|-damage|p2a: Quetzal|65\/318|[from] Stealth Rock
|turn|25
|join|El vigoroso
|c| Gsebastian bot :v|el spped tie
|
|switch|p1a: Celebi|Celebi|286\/404
|move|p2a: Quetzal|Draco Meteor|p1a: Celebi
|-damage|p1a: Celebi|16\/404
|-unboost|p2a: Quetzal|spa|2
|-damage|p2a: Quetzal|34\/318|[from] item: Life Orb
|
|-heal|p1a: Celebi|41\/404|[from] item: Leftovers
|turn|26
|c|+SweetPosho|VAMOS SHINI
|c|+SweetPosho|aaa
|
|move|p2a: Quetzal|Healing Wish|p2a: Quetzal
|faint|p2a: Quetzal
|move|p1a: Celebi|Baton Pass|p1a: Celebi
|c| â¥DisfrutaDeLaDisco|fallÃ¡ el draco rolf
|c| reykebab69|xD
|c| reykebab69|o.o
|c| â¥DisfrutaDeLaDisco|pleys ]:
|
|switch|p1a: Gengar|Gengar, F|261\/261
|
|c| CH Israel|lolaso
|c| CH Israel|THE PLEEEEEEEEEEEEEEEEEEEEEEEEIS
|
|switch|p2a: Eon|Manaphy|42\/365
|-heal|p2a: Eon|365\/365|[from] move: Healing Wish
|-damage|p2a: Eon|320\/365|[from] Stealth Rock
|turn|27
|
|move|p1a: Gengar|Sludge Wave|p2a: Eon
|-damage|p2a: Eon|89\/365
|-damage|p1a: Gengar|235\/261|[from] item: Life Orb
|move|p2a: Eon|Surf|p1a: Gengar
|-damage|p1a: Gengar|58\/261
|
|turn|28
|c|+SweetPosho|:(
|c| Feragon|gg
|leave|(RxA)â_Dark Soul's
|c|âShinigamiZet|Crawdaunt me ganaba solo
|c|âShinigamiZet|gg
|c|âpoek69x|yo no digo gg hasta que termine
|leave|paquito98
|leave|Corn FlÎ±kes
|c| Vizars|rebelde
|c| xJoelituh|._.
|c| ElBuenRostro|oooh
|c| xJoelituh|Shini
|
|move|p1a: Gengar|Sludge Wave|p2a: Eon
|-damage|p2a: Eon|0 fnt
|-damage|p1a: Gengar|32\/261|[from] item: Life Orb
|faint|p2a: Eon
|
|c| xJoelituh|Haxea
|c| Kneesocks 4 chu|Que malote
|c| xJoelituh|ya.
|
|switch|p2a: Offspring|Sceptile-Mega, M|152\/301
|-damage|p2a: Offspring|115\/301|[from] Stealth Rock
|turn|29
|
|move|p2a: Offspring|Giga Drain|p1a: Gengar
|-crit|p1a: Gengar
|-resisted|p1a: Gengar
|-damage|p1a: Gengar|0 fnt
|-heal|p2a: Offspring|131\/301|[from] drain|[of] p1a: Gengar
|faint|p1a: Gengar
|
|
|switch|p1a: Landorus-Therian|Landorus-Therian, M|232\/319
|-ability|p1a: Landorus-Therian|Intimidate|[of] p2a: Offspring
|-unboost|p2a: Offspring|atk|1
|turn|30
|c|+SweetPosho|ANDALUCIA
|leave|Romper
|
|move|p1a: Landorus-Therian|U-turn|p2a: Offspring
|-supereffective|p2a: Offspring
|-damage|p2a: Offspring|0 fnt
|faint|p2a: Offspring
|
|win|poek69x
|leave|NocturOP
|leave|Eric1999
|leave|azogue
|leave|Vizars
|leave|â¥DisfrutaDeLaDisco
|leave|ImSNT
|leave|H(a.a)rp
|leave|Feragon
|leave|del atleti soy
|leave|Mandex
|leave|CH Israel
|leave|Little Torchic
|leave|eL GaNsO
|leave|Takatalvi
|leave|Relic antiqua
|leave|xJoelituh
|leave|CSS)bleachzxzx
|leave|apollozero
|leave|Drimarvon
|leave|kazuo4master
|leave|SweetPosho
|leave|Tenmaru
|leave|AnDream
|join|Shinsuke NishizonÐ¾
|leave|EV Umbreon
|leave|xMimo
|leave|Zidis
|leave|âSWâKirito-kun
|leave|Senky
|c|âpoek69x|GG
|leave|Kneesocks 4 chu
|leave|Cookiee
|leave|Alesitou
|leave|Gsebastian bot :v
|leave|Shinsuke NishizonÐ¾
|leave|OneRepubliÃ§
|leave|Y4MI
|leave|atrese
|leave|âCebollaOP ÄÏÎ·Î±Å¡â
|leave|reykebab69
|leave|ElBuenRostro
|leave|Seniel
|leave|YucoYuco77
|leave|ShinigamiZet
|player|p2
|leave|INSANE PLAYS
|leave|CH PokeJose
|leave|MeteÏr Falls