|join|maxilla
|join|benito camelo
|player|p1|maxilla|169
|player|p2|benito camelo|209
|gametype|singles
|gen|6
|tier|OU
|rated
|clearpoke
|poke|p1|Froslass, F
|poke|p1|Talonflame, F
|poke|p1|Bisharp, F
|poke|p1|Weavile, F
|poke|p1|Thundurus, M
|poke|p1|Diancie
|poke|p2|Ferrothorn, M, shiny
|poke|p2|Slowbro, F, shiny
|poke|p2|Bisharp, M, shiny
|poke|p2|Manectric, M, shiny
|poke|p2|Mew, shiny
|poke|p2|Landorus-Therian, M, shiny
|rule|Swagger Clause: Swagger is banned
|rule|Baton Pass Clause: Limit one PokÃ©mon knowing Baton Pass
|rule|Sleep Clause Mod: Limit one foe put to sleep
|rule|Species Clause: Limit one of each PokÃ©mon
|rule|OHKO Clause: OHKO moves are banned
|rule|Moody Clause: Moody is banned
|rule|Evasion Moves Clause: Evasion moves are banned
|rule|Endless Battle Clause: Forcing endless battles is banned
|rule|HP Percentage Mod: HP is shown in percentages
|teampreview
|
|start
|switch|p1a: Diancie|Diancie|241\/241
|switch|p2a: Ferrothorn|Ferrothorn, M, shiny|352\/352
|turn|1
|
|detailschange|p1a: Diancie|Diancie-Mega
|-mega|p1a: Diancie|Diancie|Diancite
|move|p1a: Diancie|Protect|p1a: Diancie
|-singleturn|p1a: Diancie|Protect
|move|p2a: Ferrothorn|Gyro Ball|p1a: Diancie
|-activate|p1a: Diancie|Protect
|
|turn|2
|
|move|p1a: Diancie|Stealth Rock|p2a: Ferrothorn
|-sidestart|p2: benito camelo|move: Stealth Rock
|move|p2a: Ferrothorn|Gyro Ball|p1a: Diancie
|-supereffective|p1a: Diancie
|-damage|p1a: Diancie|0 fnt
|faint|p1a: Diancie
|
|
|switch|p1a: Froslass|Froslass, F|281\/281
|turn|3
|
|move|p2a: Ferrothorn|Protect|p2a: Ferrothorn
|-singleturn|p2a: Ferrothorn|Protect
|move|p1a: Froslass|Taunt|p2a: Ferrothorn
|-activate|p2a: Ferrothorn|Protect
|
|turn|4
|
|move|p1a: Froslass|Spikes|p2a: Ferrothorn
|-sidestart|p2: benito camelo|Spikes
|move|p2a: Ferrothorn|Gyro Ball|p1a: Froslass
|-supereffective|p1a: Froslass
|-enditem|p1a: Froslass|Focus Sash
|-damage|p1a: Froslass|1\/281
|
|turn|5
|
|move|p1a: Froslass|Taunt|p2a: Ferrothorn
|-start|p2a: Ferrothorn|move: Taunt
|cant|p2a: Ferrothorn|move: Taunt|Leech Seed
|
|turn|6
|
|switch|p2a: Mew|Mew, shiny|404\/404
|-damage|p2a: Mew|354\/404|[from] Spikes
|-damage|p2a: Mew|304\/404|[from] Stealth Rock
|move|p1a: Froslass|Destiny Bond|p1a: Froslass
|-singlemove|p1a: Froslass|Destiny Bond
|
|-heal|p2a: Mew|329\/404|[from] item: Leftovers
|turn|7
|
|move|p1a: Froslass|Taunt|p2a: Mew
|-start|p2a: Mew|move: Taunt
|cant|p2a: Mew|move: Taunt|Defog
|
|-heal|p2a: Mew|354\/404|[from] item: Leftovers
|turn|8
|
|switch|p2a: Slowbro|Slowbro, F, shiny|394\/394
|-damage|p2a: Slowbro|345\/394|[from] Stealth Rock
|-damage|p2a: Slowbro|296\/394|[from] Spikes
|move|p1a: Froslass|Spikes|p2a: Slowbro
|-sidestart|p2: benito camelo|Spikes
|
|-heal|p2a: Slowbro|320\/394|[from] item: Leftovers
|turn|9
|
|move|p1a: Froslass|Spikes|p2a: Slowbro
|-sidestart|p2: benito camelo|Spikes
|move|p2a: Slowbro|Scald|p1a: Froslass
|-damage|p1a: Froslass|0 fnt
|faint|p1a: Froslass
|
|-heal|p2a: Slowbro|344\/394|[from] item: Leftovers
|
|switch|p1a: Thundurus|Thundurus, M|299\/299
|turn|10
|
|switch|p2a: Ferrothorn|Ferrothorn, M, shiny|352\/352
|-damage|p2a: Ferrothorn|264\/352|[from] Spikes
|-damage|p2a: Ferrothorn|242\/352|[from] Stealth Rock
|move|p1a: Thundurus|Thunderbolt|p2a: Ferrothorn
|-resisted|p2a: Ferrothorn
|-damage|p2a: Ferrothorn|160\/352
|-damage|p1a: Thundurus|270\/299|[from] item: Life Orb
|
|-heal|p2a: Ferrothorn|182\/352|[from] item: Leftovers
|turn|11
|
|switch|p1a: easy game|Talonflame, F|297\/297
|move|p2a: Ferrothorn|Leech Seed|p1a: easy game
|-start|p1a: easy game|move: Leech Seed
|
|-heal|p2a: Ferrothorn|204\/352|[from] item: Leftovers
|-damage|p1a: easy game|260\/297|[from] Leech Seed|[of] p2a: Ferrothorn
|-heal|p2a: Ferrothorn|241\/352|[silent]
|turn|12
|
|switch|p2a: lolipop 3.0|Landorus-Therian, M, shiny|319\/319
|-damage|p2a: lolipop 3.0|280\/319|[from] Stealth Rock
|-ability|p2a: lolipop 3.0|Intimidate|[of] p1a: easy game
|-unboost|p1a: easy game|atk|1
|move|p1a: easy game|Flare Blitz|p2a: lolipop 3.0
|-damage|p2a: lolipop 3.0|102\/319
|-damage|p1a: easy game|201\/297|[from] recoil|[of] p2a: lolipop 3.0
|
|-damage|p1a: easy game|164\/297|[from] Leech Seed|[of] p2a: lolipop 3.0
|-heal|p2a: lolipop 3.0|139\/319|[silent]
|turn|13
|
|switch|p1a: Bisharp|Bisharp, F|269\/269
|move|p2a: lolipop 3.0|U-turn|p1a: Bisharp
|-damage|p1a: Bisharp|179\/269
|
|switch|p2a: Mew|Mew, shiny|354\/404
|-damage|p2a: Mew|253\/404|[from] Spikes
|-damage|p2a: Mew|203\/404|[from] Stealth Rock
|
|-heal|p2a: Mew|228\/404|[from] item: Leftovers
|turn|14
|
|move|p2a: Mew|Will-O-Wisp|p1a: Bisharp
|-status|p1a: Bisharp|brn
|move|p1a: Bisharp|Knock Off|p2a: Mew
|-supereffective|p2a: Mew
|-damage|p2a: Mew|56\/404
|-enditem|p2a: Mew|Leftovers|[from] move: Knock Off|[of] p1a: Bisharp
|-damage|p1a: Bisharp|153\/269 brn|[from] item: Life Orb
|
|-damage|p1a: Bisharp|120\/269 brn|[from] brn
|turn|15
|
|move|p2a: Mew|Soft-Boiled|p2a: Mew
|-heal|p2a: Mew|258\/404
|move|p1a: Bisharp|Swords Dance|p1a: Bisharp
|-boost|p1a: Bisharp|atk|2
|
|-damage|p1a: Bisharp|87\/269 brn|[from] brn
|turn|16
|
|move|p2a: Mew|Soft-Boiled|p2a: Mew
|-heal|p2a: Mew|404\/404
|move|p1a: Bisharp|Knock Off|p2a: Mew
|-supereffective|p2a: Mew
|-damage|p2a: Mew|162\/404
|-damage|p1a: Bisharp|61\/269 brn|[from] item: Life Orb
|
|-damage|p1a: Bisharp|28\/269 brn|[from] brn
|turn|17
|
|move|p2a: Mew|Defog|p1a: Bisharp
|-unboost|p1a: Bisharp|evasion|1
|-boost|p1a: Bisharp|atk|2|[from] ability: Defiant
|-sideend|p2: benito camelo|Spikes|[from] move: Defog|[of] p2a: Mew
|-sideend|p2: benito camelo|Stealth Rock|[from] move: Defog|[of] p2a: Mew
|move|p1a: Bisharp|Knock Off|p2a: Mew
|-supereffective|p2a: Mew
|-damage|p2a: Mew|0 fnt
|-damage|p1a: Bisharp|2\/269 brn|[from] item: Life Orb
|faint|p2a: Mew
|
|-damage|p1a: Bisharp|0 fnt|[from] brn
|faint|p1a: Bisharp
|-message|maxilla forfeited.
|leave|maxilla
|
|win|benito camelo
|raw|Ladder updating...
|player|p1
|raw|maxilla's rating: 1584 &rarr; <strong>1558<\/strong><br \/>(-26 for losing)
|raw|benito camelo's rating: 1474 &rarr; <strong>1500<\/strong><br \/>(+26 for winning)