|join|MoB Barley
|join|nintendistagamer
|player|p1|MoB Barley|161
|player|p2|nintendistagamer|137
|gametype|singles
|gen|6
|tier|OU
|rated
|clearpoke
|poke|p1|Metagross, shiny
|poke|p1|Latios, M
|poke|p1|Gengar, M, shiny
|poke|p1|Conkeldurr, M, shiny
|poke|p1|Garchomp, M
|poke|p1|Thundurus, M
|poke|p2|Gyarados, M
|poke|p2|Breloom, M
|poke|p2|Landorus, M
|poke|p2|Thundurus, M
|poke|p2|Jirachi
|poke|p2|Tyranitar, F
|rule|Swagger Clause: Swagger is banned
|rule|Baton Pass Clause: Limit one PokÃ©mon knowing Baton Pass
|rule|Sleep Clause Mod: Limit one foe put to sleep
|rule|Species Clause: Limit one of each PokÃ©mon
|rule|OHKO Clause: OHKO moves are banned
|rule|Moody Clause: Moody is banned
|rule|Evasion Moves Clause: Evasion moves are banned
|rule|Endless Battle Clause: Forcing endless battles is banned
|rule|HP Percentage Mod: HP is shown in percentages
|teampreview
|join|haunter
|join|jack41
|join|Joonitor
|leave|jack41
|join|Babig
|join|Cienight
|join|TCBB
|c| Babig|acho q ja enfrentei esse MoB Barley
|c|~haunter|Mob
|c|âMoB Barley|sup
|c|~haunter|are you brazilian?
|
|start
|switch|p1a: Garchomp|Garchomp, M|420\/420
|switch|p2a: Thundurus|Thundurus, M|299\/299
|turn|1
|c|âMoB Barley|italian
|c|âMoB Barley|wtf
|c|~haunter|wtf
|c| Joonitor|LMAO
|
|switch|p1a: Conkeldurr|Conkeldurr, M, shiny|361\/361
|move|p2a: Thundurus|Hidden Power|p1a: Conkeldurr
|-damage|p1a: Conkeldurr|313\/361
|
|turn|2
|c| Joonitor|lies he's really mexican
|c|~haunter|ye
|c|~haunter|probably
|c|âMoB Barley|I'm italian american from new york
|
|switch|p2a: Jirachi|Jirachi|341\/341
|move|p1a: Conkeldurr|Ice Punch|p2a: Jirachi
|-resisted|p2a: Jirachi
|-damage|p2a: Jirachi|293\/341
|
|turn|3
|c|âMoB Barley|so im not like you
|c|âMoB Barley|but family is
|c| Joonitor|damn XD
|c|~haunter|lol
|
|move|p2a: Jirachi|U-turn|p1a: Conkeldurr
|-resisted|p1a: Conkeldurr
|-damage|p1a: Conkeldurr|274\/361
|c|~haunter|your family is good then
|c| Joonitor|so like twice removed family?
|c|~haunter|shame that you suck
|
|switch|p2a: hora de dancar|Gyarados, M|331\/331
|-ability|p2a: hora de dancar|Intimidate|[of] p1a: Conkeldurr
|-unboost|p1a: Conkeldurr|atk|1
|move|p1a: Conkeldurr|Knock Off|p2a: hora de dancar
|-damage|p2a: hora de dancar|260\/331
|
|turn|4
|join|Fabio96
|c|âMoB Barley|i'd love to learn the language
|c|~haunter|shouldn't be hard
|join|Demandred
|
|switch|p2a: Landorus|Landorus, M|319\/319
|switch|p1a: Garchomp|Garchomp, M|420\/420
|
|turn|5
|c|âMoB Barley|i took french before in school
|c|âMoB Barley|similar y\/n
|c|~haunter|wtf
|c|~haunter|why that gay language
|c|~haunter|???
|c|âMoB Barley|i hated it
|c|âMoB Barley|it was gay ngl
|c|~haunter|yeah dude
|join|jerry85
|
|switch|p1a: Thundurus|Thundurus, M|299\/299
|move|p2a: Landorus|Stealth Rock|p1a: Thundurus
|-sidestart|p1: MoB Barley|move: Stealth Rock
|
|turn|6
|
|switch|p1a: Metagross|Metagross, shiny|301\/301
|-damage|p1a: Metagross|283\/301|[from] Stealth Rock
|switch|p2a: Jirachi|Jirachi|293\/341
|
|turn|7
|
|detailschange|p1a: Metagross|Metagross-Mega, shiny
|-mega|p1a: Metagross|Metagross|Metagrossite
|move|p2a: Jirachi|U-turn|p1a: Metagross
|-damage|p1a: Metagross|238\/301
|
|switch|p2a: Thundurus|Thundurus, M|299\/299
|move|p1a: Metagross|Hammer Arm|p2a: Thundurus|[miss]
|-miss|p1a: Metagross|p2a: Thundurus
|
|turn|8
|
|move|p2a: Thundurus|Thunderbolt|p1a: Metagross
|-damage|p1a: Metagross|103\/301
|move|p1a: Metagross|Zen Headbutt|p2a: Thundurus
|-crit|p2a: Thundurus
|-damage|p2a: Thundurus|0 fnt
|faint|p2a: Thundurus
|
|
|switch|p2a: hora de dancar|Gyarados, M|260\/331
|-ability|p2a: hora de dancar|Intimidate|[of] p1a: Metagross
|-unboost|p1a: Metagross|atk|1
|turn|9
|c|~haunter|reveal thunderpunch
|
|switch|p1a: Garchomp|Garchomp, M|420\/420
|-damage|p1a: Garchomp|394\/420|[from] Stealth Rock
|move|p2a: hora de dancar|Dragon Dance|p2a: hora de dancar
|-boost|p2a: hora de dancar|atk|1
|-boost|p2a: hora de dancar|spe|1
|
|turn|10
|join|Avarice87
|
|detailschange|p2a: hora de dancar|Gyarados-Mega, M
|-mega|p2a: hora de dancar|Gyarados|Gyaradosite
|-ability|p2a: hora de dancar|Mold Breaker
|move|p2a: hora de dancar|Taunt|p1a: Garchomp
|-start|p1a: Garchomp|move: Taunt
|cant|p1a: Garchomp|move: Taunt|Stealth Rock
|
|turn|11
|leave|Fabio96
|
|move|p2a: hora de dancar|Waterfall|p1a: Garchomp
|-damage|p1a: Garchomp|210\/420
|-damage|p2a: hora de dancar|219\/331|[from] ability: Rough Skin|[of] p1a: Garchomp
|-damage|p2a: hora de dancar|164\/331|[from] item: Rocky Helmet|[of] p1a: Garchomp
|move|p1a: Garchomp|Earthquake|p2a: hora de dancar
|-damage|p2a: hora de dancar|37\/331
|
|turn|12
|c| Joonitor|WECAMEASROMENS thinks ur cute Ava
|
|move|p2a: hora de dancar|Waterfall|p1a: Garchomp
|-damage|p1a: Garchomp|20\/420
|-damage|p2a: hora de dancar|0 fnt|[from] ability: Rough Skin|[of] p1a: Garchomp
|faint|p2a: hora de dancar
|move|p1a: Garchomp|Dragon Tail|p2: hora de dancar|[notarget]
|-notarget
|
|-end|p1a: Garchomp|move: Taunt
|c|~haunter|lol
|c|âMoB Barley|rekt
|
|switch|p2a: Landorus|Landorus, M|319\/319
|turn|13
|c| Joonitor|He said ur eyes are dreamy
|c|âMoB Barley|haunter idk but in oras bulky chomp fits in nice af with HO
|c| Avarice87|Hey haunter
|
|move|p2a: Landorus|Sludge Wave|p1a: Garchomp
|-resisted|p1a: Garchomp
|-damage|p1a: Garchomp|0 fnt
|faint|p1a: Garchomp
|
|join|Qubae
|c| Avarice87|haunter good news
|c|~haunter|hi ava
|
|switch|p1a: Latios|Latios, M|301\/301
|-damage|p1a: Latios|264\/301|[from] Stealth Rock
|turn|14
|c|~haunter|you got a new gf?
|c| Joonitor|you don't have aids
|c| Avarice87|Gay marriage is legal in Ohio
|c| Joonitor|?
|c|~haunter|lo
|c|~haunter|since when
|
|switch|p2a: Jirachi|Jirachi|293\/341
|move|p1a: Latios|Defog|p2a: Jirachi
|-unboost|p2a: Jirachi|evasion|1
|-sideend|p1: MoB Barley|Stealth Rock|[from] move: Defog|[of] p1a: Latios
|
|turn|15
|c| Avarice87|we can finally reveal our hidden love
|c|~haunter|are you gay?
|c|~haunter|...
|c| Avarice87|At least I think it is
|c| Avarice87|No I'm not gay
Avarice87 was banned from room battle-ou-203142302 by haunter.
|unlink|avarice87
|leave|Avarice87
|c| Joonitor|lmaoooooooooooo
|c| Joonitor|rekt
|join|Arcanine is Regal
|
|switch|p1a: Gengar|Gengar, M, shiny|261\/261
|move|p2a: Jirachi|U-turn|p1a: Gengar
|-resisted|p1a: Gengar
|-damage|p1a: Gengar|236\/261
|c|âMoB Barley|yo
|c|âMoB Barley|he is gay
|
|switch|p2a: Tyranitar|Tyranitar, F|341\/341
|-weather|Sandstorm
|
|-weather|Sandstorm|[upkeep]
|-damage|p1a: Gengar|220\/261|[from] sandstorm
|turn|16
|join|gyarad0site
|
|move|p2a: Tyranitar|Crunch|p1a: Gengar
|-supereffective|p1a: Gengar
|-damage|p1a: Gengar|0 fnt
|faint|p1a: Gengar
|
|-weather|Sandstorm|[upkeep]
|c| Arcanine is Regal|I have a p similar team to that mob
|
|switch|p1a: Conkeldurr|Conkeldurr, M, shiny|274\/361
|turn|17
|
|switch|p2a: Landorus|Landorus, M|319\/319
|move|p1a: Conkeldurr|Knock Off|p2a: Landorus
|-damage|p2a: Landorus|163\/319
|-enditem|p2a: Landorus|Life Orb|[from] move: Knock Off|[of] p1a: Conkeldurr
|
|-weather|Sandstorm|[upkeep]
|-damage|p1a: Conkeldurr|252\/361|[from] sandstorm
|turn|18
|
|switch|p2a: Jirachi|Jirachi|293\/341
|switch|p1a: Latios|Latios, M|264\/301
|
|-weather|Sandstorm|[upkeep]
|-damage|p1a: Latios|246\/301|[from] sandstorm
|turn|19
|
|move|p2a: Jirachi|U-turn|p1a: Latios
|-supereffective|p1a: Latios
|-damage|p1a: Latios|88\/301
|
|switch|p2a: Tyranitar|Tyranitar, F|341\/341
|move|p1a: Latios|Draco Meteor|p2a: Tyranitar
|-damage|p2a: Tyranitar|107\/341
|-unboost|p1a: Latios|spa|2
|-damage|p1a: Latios|58\/301|[from] item: Life Orb
|
|-weather|none
|turn|20
|c| Joonitor|Arc stop stealing from mob imo
|join|Fabio96
|
|switch|p1a: Conkeldurr|Conkeldurr, M, shiny|252\/361
|move|p2a: Tyranitar|Crunch|p1a: Conkeldurr
|-resisted|p1a: Conkeldurr
|-damage|p1a: Conkeldurr|179\/361
|
|turn|21
|c| Arcanine is Regal|I cant help it
|
|switch|p2a: Landorus|Landorus, M|163\/319
|move|p1a: Conkeldurr|Drain Punch|p2a: Landorus
|-resisted|p2a: Landorus
|-damage|p2a: Landorus|82\/319
|-heal|p1a: Conkeldurr|220\/361|[from] drain|[of] p2a: Landorus
|
|turn|22
|c| Joonitor|lmao
|c|âMoB Barley|so
|c|âMoB Barley|scarf raichi+tar
|
|switch|p1a: Thundurus|Thundurus, M|299\/299
|move|p2a: Landorus|Stealth Rock|p1a: Thundurus
|-sidestart|p1: MoB Barley|move: Stealth Rock
|
|turn|23
|
|move|p1a: Thundurus|Thunderbolt|p2a: Landorus
|-immune|p2a: Landorus|[msg]
|move|p2a: Landorus|Sludge Wave|p1a: Thundurus
|-damage|p1a: Thundurus|123\/299
|
|turn|24
|c|âMoB Barley|fuck
|c|âMoB Barley|switch
|
|move|p1a: Thundurus|Hidden Power|p2a: Landorus
|-supereffective|p2a: Landorus
|-damage|p2a: Landorus|0 fnt
|-damage|p1a: Thundurus|94\/299|[from] item: Life Orb
|faint|p2a: Landorus
|
|c|âMoB Barley|open lane to jirachi
|
|switch|p2a: Jirachi|Jirachi|293\/341
|turn|25
|join|puckhead
|
|move|p1a: Thundurus|Thunder Wave|p2a: Jirachi
|-status|p2a: Jirachi|par
|move|p2a: Jirachi|Zen Headbutt|p1a: Thundurus|[miss]
|-miss|p2a: Jirachi|p1a: Thundurus
|
|turn|26
|
|switch|p1a: Metagross|Metagross-Mega, shiny|103\/301
|-damage|p1a: Metagross|85\/301|[from] Stealth Rock
|move|p2a: Jirachi|Zen Headbutt|p1a: Metagross
|-resisted|p1a: Metagross
|-damage|p1a: Metagross|64\/301
|
|turn|27
|
|move|p1a: Metagross|Meteor Mash|p2a: Jirachi
|-resisted|p2a: Jirachi
|-damage|p2a: Jirachi|187\/341 par
|move|p2a: Jirachi|Zen Headbutt|p1a: Metagross
|-resisted|p1a: Metagross
|-damage|p1a: Metagross|44\/301
|
|turn|28
|
|move|p1a: Metagross|Meteor Mash|p2a: Jirachi
|-resisted|p2a: Jirachi
|-damage|p2a: Jirachi|76\/341 par
|cant|p2a: Jirachi|par
|
|turn|29
|
|move|p1a: Metagross|Meteor Mash|p2a: Jirachi
|-resisted|p2a: Jirachi
|-damage|p2a: Jirachi|0 fnt
|faint|p2a: Jirachi
|
|c| Joonitor|donkedddddddddddddd
|join|jessmister
|
|switch|p2a: Breloom|Breloom, M|261\/261
|turn|30
|
|switch|p1a: Latios|Latios, M|58\/301
|-damage|p1a: Latios|21\/301|[from] Stealth Rock
|move|p2a: Breloom|Mach Punch|p1a: Latios
|-resisted|p1a: Latios
|-damage|p1a: Latios|0 fnt
|faint|p1a: Latios
|
|
|switch|p1a: Thundurus|Thundurus, M|94\/299
|-damage|p1a: Thundurus|20\/299|[from] Stealth Rock
|turn|31
|
|switch|p2a: Tyranitar|Tyranitar, F|107\/341
|-weather|Sandstorm
|move|p1a: Thundurus|Thunder Wave|p2a: Tyranitar
|-status|p2a: Tyranitar|par
|
|-weather|Sandstorm|[upkeep]
|-damage|p1a: Thundurus|2\/299|[from] sandstorm
|turn|32
|join|Agilis
|
|move|p1a: Thundurus|Nasty Plot|p1a: Thundurus
|-boost|p1a: Thundurus|spa|2
|cant|p2a: Tyranitar|par
|
|-weather|Sandstorm|[upkeep]
|-damage|p1a: Thundurus|0 fnt|[from] sandstorm
|faint|p1a: Thundurus
|c|ânintendistagamer|.-.
|leave|Fabio96
|
|switch|p1a: Conkeldurr|Conkeldurr, M, shiny|220\/361
|-damage|p1a: Conkeldurr|198\/361|[from] Stealth Rock
|turn|33
|join|FunkyCrackudoCat
|
|move|p1a: Conkeldurr|Drain Punch|p2a: Tyranitar
|-supereffective|p2a: Tyranitar
|-damage|p2a: Tyranitar|0 fnt
|-heal|p1a: Conkeldurr|252\/361|[from] drain|[of] p2a: Tyranitar
|faint|p2a: Tyranitar
|
|-weather|Sandstorm|[upkeep]
|-damage|p1a: Conkeldurr|230\/361|[from] sandstorm
|join|Mediocre Manifesto
|c| FunkyCrackudoCat|Que loucura
|leave|Babig
|
|switch|p2a: Breloom|Breloom, M|261\/261
|turn|34
|
|move|p1a: Conkeldurr|Mach Punch|p2a: Breloom
|-damage|p2a: Breloom|164\/261
|move|p2a: Breloom|Spore|p1a: Conkeldurr
|-status|p1a: Conkeldurr|slp
|
|-weather|Sandstorm|[upkeep]
|-damage|p2a: Breloom|148\/261|[from] sandstorm
|-damage|p1a: Conkeldurr|208\/361 slp|[from] sandstorm
|turn|35
|join|CheerChill Returns
|join|Divine Rose
|
|move|p2a: Breloom|Bullet Seed|p1a: Conkeldurr
|-crit|p1a: Conkeldurr
|-damage|p1a: Conkeldurr|111\/361 slp
|-damage|p1a: Conkeldurr|38\/361 slp
|-hitcount|p1a: Conkeldurr|2
|cant|p1a: Conkeldurr|slp
|
|-weather|none
|turn|36
|
|move|p2a: Breloom|Mach Punch|p1a: Conkeldurr
|-damage|p1a: Conkeldurr|0 fnt
|faint|p1a: Conkeldurr
|
|
|switch|p1a: Metagross|Metagross-Mega, shiny|44\/301
|-damage|p1a: Metagross|26\/301|[from] Stealth Rock
|turn|37
|
|move|p1a: Metagross|Bullet Punch|p2a: Breloom
|-damage|p2a: Breloom|24\/261
|move|p2a: Breloom|Mach Punch|p1a: Metagross
|-damage|p1a: Metagross|0 fnt
|faint|p1a: Metagross
|
|win|nintendistagamer
|raw|Ladder updating...
|raw|MoB Barley's rating: 1785 &rarr; <strong>1759<\/strong><br \/>(-26 for losing)
|raw|nintendistagamer's rating: 1676 &rarr; <strong>1702<\/strong><br \/>(+26 for winning)
|c| Agilis|Ay
|c|ânintendistagamer|gg
|leave|MoB Barley
|c| Agilis|Haha
|leave|TCBB
|leave|haunter
|player|p1
|leave|FunkyCrackudoCat
|c| Agilis|He just keft
|leave|Agilis
|leave|Arcanine is Regal
|leave|jessmister
|leave|puckhead
|leave|Qubae
|leave|CheerChill Returns
|leave|Divine Rose
|leave|jerry85
|leave|Mediocre Manifesto
|leave|Joonitor
|join|Qubae
|leave|Qubae
|join|Babig
|leave|Cienight
|leave|gyarad0site
|leave|Babig