|join|4d0pt3d
|join|MoB Barley
|join|KaiReptilon
|c|â4d0pt3d|show me mercy
|join|ninjatears4u
|join|GUnnerAGDomination
|player|p1|4d0pt3d|25
|player|p2|MoB Barley|161
|gametype|singles
|gen|6
|tier|OU
|clearpoke
|poke|p1|Hawlucha, F
|poke|p1|Manaphy
|poke|p1|Landorus-Therian, M
|poke|p1|Latias, F
|poke|p1|Manectric, F
|poke|p1|Heatran, F
|poke|p2|Metagross, shiny
|poke|p2|Landorus, M, shiny
|poke|p2|Garchomp, M, shiny
|poke|p2|Azumarill, M
|poke|p2|Latias, F
|poke|p2|Keldeo-Resolute, shiny
|rule|Swagger Clause: Swagger is banned
|rule|Baton Pass Clause: Limit one PokÃ©mon knowing Baton Pass
|rule|Sleep Clause Mod: Limit one foe put to sleep
|rule|Species Clause: Limit one of each PokÃ©mon
|rule|OHKO Clause: OHKO moves are banned
|rule|Moody Clause: Moody is banned
|rule|Evasion Moves Clause: Evasion moves are banned
|rule|Endless Battle Clause: Forcing endless battles is banned
|rule|HP Percentage Mod: HP is shown in percentages
|teampreview
|join|Dragon Stone
|join|SwaggBoii
|join|LMay
|join|BIG ARBOCK
|join|Shavon
|join|WeLikeIke
|join|Specs Fake-Out
|join|Reskk
|leave|LMay
|join|XperimentTeams
|join|LMay
|leave|LMay
|join|lil manaphy
|join|Eric Wrona
|c| ninjatears4u|haha i know wuts coming
|join|Max Speed Shuckle
|
|start
|switch|p1a: thundur pussi|Manectric, F|281\/281
|switch|p2a: Keldeo-Resolute|Keldeo-Resolute, shiny|323\/323
|turn|1
|c| Reskk|ur mom
|join|rika and hanyuu
|join|Ox the Box
|join|Hiye
|
|switch|p1a: Latias|Latias, F|319\/319
|move|p2a: Keldeo-Resolute|Secret Sword|p1a: Latias
|-resisted|p1a: Latias
|-damage|p1a: Latias|186\/319
|
|turn|2
|join|BabyI'mBanded
|join|testingforfriend
|join|Macoda
|join|Fabio96
|leave|Macoda
|leave|Fabio96
|c| Ox the Box|go 4d0pt3d!
|
|switch|p1a: c4td0g|Landorus-Therian, M|339\/339
|-ability|p1a: c4td0g|Intimidate|[of] p2a: Keldeo-Resolute
|-unboost|p2a: Keldeo-Resolute|atk|1
|move|p2a: Keldeo-Resolute|Secret Sword|p1a: c4td0g
|-resisted|p1a: c4td0g
|-damage|p1a: c4td0g|206\/339
|
|turn|3
|join|ah rit ther u fgt
|c|â4d0pt3d|:]
|c| KaiReptilon|shame i misssed this tour :(
|join|RebornCelebi
|c| Specs Fake-Out|do it again
|c| Specs Fake-Out|do it again
|join|HighTest
|
|move|p1a: c4td0g|U-turn|p2a: Keldeo-Resolute
|-resisted|p2a: Keldeo-Resolute
|-damage|p2a: Keldeo-Resolute|273\/323
|c| Reskk|reveal acrobatics flying gem lando-t
|join|Raik
|
|switch|p1a: Latias|Latias, F|186\/319
|move|p2a: Keldeo-Resolute|Secret Sword|p1a: Latias
|-resisted|p1a: Latias
|-damage|p1a: Latias|63\/319
|
|turn|4
|leave|Ox the Box
|c|â4d0pt3d|wtf am I doing
|
|switch|p2a: Metagross|Metagross, shiny|301\/301
|move|p1a: Latias|Recover|p1a: Latias
|-heal|p1a: Latias|223\/319
|
|turn|5
|c| Reskk|why did you not go into hwalucha there
|c| Reskk|ffs
|
|switch|p1a: Heatran|Heatran, F|327\/327
|-item|p1a: Heatran|Air Balloon
|detailschange|p2a: Metagross|Metagross-Mega, shiny
|-mega|p2a: Metagross|Metagross|Metagrossite
|move|p2a: Metagross|Meteor Mash|p1a: Heatran
|-resisted|p1a: Heatran
|-damage|p1a: Heatran|275\/327
|-enditem|p1a: Heatran|Air Balloon
|
|turn|6
|join|Demandred
|join|RayDalio
|
|switch|p1a: c4td0g|Landorus-Therian, M|206\/339
|-ability|p1a: c4td0g|Intimidate|[of] p2a: Metagross
|-unboost|p2a: Metagross|atk|1
|move|p2a: Metagross|Hammer Arm|p1a: c4td0g
|-resisted|p1a: c4td0g
|-damage|p1a: c4td0g|139\/339
|-unboost|p2a: Metagross|spe|1
|
|turn|7
|
|move|p1a: c4td0g|Knock Off|p2a: Metagross
|-supereffective|p2a: Metagross
|-damage|p2a: Metagross|183\/301
|move|p2a: Metagross|Meteor Mash|p1a: c4td0g
|-damage|p1a: c4td0g|0 fnt
|-boost|p2a: Metagross|atk|1
|faint|p1a: c4td0g
|
|c| Reskk|...
|c| rika and hanyuu|lol gg
|
|switch|p1a: Heatran|Heatran, F|275\/327
|turn|8
|c| ah rit ther u fgt|doesnt lando have eq
|join|fvgbhgr
|
|switch|p2a: Landorus|Landorus, M, shiny|319\/319
|move|p1a: Heatran|Lava Plume|p2a: Landorus
|-damage|p2a: Landorus|142\/319
|
|turn|9
|
|switch|p1a: Latias|Latias, F|223\/319
|move|p2a: Landorus|Stealth Rock|p1a: Latias
|-sidestart|p1: 4d0pt3d|move: Stealth Rock
|
|turn|10
|
|move|p1a: Latias|Draco Meteor|p2a: Landorus
|-damage|p2a: Landorus|0 fnt
|-unboost|p1a: Latias|spa|2
|-damage|p1a: Latias|192\/319|[from] item: Life Orb
|faint|p2a: Landorus
|
|
|switch|p2a: Garchomp|Garchomp, M, shiny|358\/358
|turn|11
|
|switch|p1a: Heatran|Heatran, F|275\/327
|-damage|p1a: Heatran|235\/327|[from] Stealth Rock
|move|p2a: Garchomp|Dragon Claw|p1a: Heatran
|-resisted|p1a: Heatran
|-damage|p1a: Heatran|161\/327
|
|turn|12
|
|move|p2a: Garchomp|Dragon Claw|p1a: Heatran
|-resisted|p1a: Heatran
|-damage|p1a: Heatran|94\/327
|move|p1a: Heatran|Will-O-Wisp|p2a: Garchomp
|-status|p2a: Garchomp|brn
|
|-damage|p2a: Garchomp|314\/358 brn|[from] brn
|turn|13
|join|test12435565
|
|switch|p2a: Keldeo-Resolute|Keldeo-Resolute, shiny|273\/323
|move|p1a: Heatran|Stealth Rock|p2a: Keldeo-Resolute
|-sidestart|p2: MoB Barley|move: Stealth Rock
|
|turn|14
|join|Agilis
|
|switch|p1a: Latias|Latias, F|192\/319
|-damage|p1a: Latias|153\/319|[from] Stealth Rock
|move|p2a: Keldeo-Resolute|Secret Sword|p1a: Latias
|-resisted|p1a: Latias
|-damage|p1a: Latias|40\/319
|
|turn|15
|join|JOosh
|
|switch|p2a: Metagross|Metagross-Mega, shiny|183\/301
|-damage|p2a: Metagross|165\/301|[from] Stealth Rock
|move|p1a: Latias|Recover|p1a: Latias
|-heal|p1a: Latias|200\/319
|
|turn|16
|
|switch|p1a: LiL FaGGaPHY|Manaphy|351\/351
|-damage|p1a: LiL FaGGaPHY|308\/351|[from] Stealth Rock
|move|p2a: Metagross|Meteor Mash|p1a: LiL FaGGaPHY
|-resisted|p1a: LiL FaGGaPHY
|-damage|p1a: LiL FaGGaPHY|200\/351
|
|-heal|p1a: LiL FaGGaPHY|221\/351|[from] item: Leftovers
|turn|17
|c| Reskk|lol
|c| Reskk|dat nickname
|
|move|p2a: Metagross|Zen Headbutt|p1a: LiL FaGGaPHY|[miss]
|-miss|p2a: Metagross|p1a: LiL FaGGaPHY
|move|p1a: LiL FaGGaPHY|Scald|p2a: Metagross
|-damage|p2a: Metagross|33\/301
|-status|p2a: Metagross|brn
|
|-heal|p1a: LiL FaGGaPHY|242\/351|[from] item: Leftovers
|-damage|p2a: Metagross|0 fnt|[from] brn
|faint|p2a: Metagross
|join|lolzuk
|c|âMoB Barley|gtfo
|c| KaiReptilon|lol
|
|switch|p2a: Latias|Latias, F|301\/301
|-damage|p2a: Latias|264\/301|[from] Stealth Rock
|turn|18
|c| HighTest|game is hard
|leave|ninjatears4u
|join|mastermind15
|
|switch|p1a: Heatran|Heatran, F|94\/327
|-damage|p1a: Heatran|54\/327|[from] Stealth Rock
|move|p2a: Latias|Draco Meteor|p1a: Heatran
|-resisted|p1a: Heatran
|-damage|p1a: Heatran|0 fnt
|-unboost|p2a: Latias|spa|2
|-damage|p2a: Latias|234\/301|[from] item: Life Orb
|faint|p1a: Heatran
|
|join|CloudNine987
|leave|CloudNine987
|
|switch|p1a: Hawlucha|Hawlucha, F|304\/304
|-damage|p1a: Hawlucha|266\/304|[from] Stealth Rock
|turn|19
|
|move|p1a: Hawlucha|Substitute|p1a: Hawlucha
|-start|p1a: Hawlucha|Substitute
|-damage|p1a: Hawlucha|190\/304
|move|p2a: Latias|Psyshock|p1a: Hawlucha
|-supereffective|p1a: Hawlucha
|-end|p1a: Hawlucha|Substitute
|-damage|p2a: Latias|204\/301|[from] item: Life Orb
|
|turn|20
|
|switch|p1a: Latias|Latias, F|200\/319
|-damage|p1a: Latias|161\/319|[from] Stealth Rock
|move|p2a: Latias|Psyshock|p1a: Latias
|-resisted|p1a: Latias
|-damage|p1a: Latias|113\/319
|-damage|p2a: Latias|174\/301|[from] item: Life Orb
|
|turn|21
|join|Mandex
|leave|GUnnerAGDomination
|join|GUnnerAGDomination
|
|switch|p2a: Azumarill|Azumarill, M|360\/360
|-damage|p2a: Azumarill|315\/360|[from] Stealth Rock
|move|p1a: Latias|Defog|p2a: Azumarill
|-unboost|p2a: Azumarill|evasion|1
|-sideend|p2: MoB Barley|Stealth Rock|[from] move: Defog|[of] p2a: Azumarill
|-sideend|p1: 4d0pt3d|Stealth Rock|[from] move: Defog|[of] p1a: Latias
|
|turn|22
|leave|GUnnerAGDomination
|join|Aelia07
|join|GUnnerAGDomination
|
|move|p1a: Latias|Psychic|p2a: Azumarill
|-damage|p2a: Azumarill|107\/360
|-damage|p1a: Latias|82\/319|[from] item: Life Orb
|-enditem|p2a: Azumarill|Sitrus Berry|[eat]
|-heal|p2a: Azumarill|197\/360|[from] item: Sitrus Berry
|move|p2a: Azumarill|Play Rough|p1a: Latias
|-supereffective|p1a: Latias
|-damage|p1a: Latias|0 fnt
|faint|p1a: Latias
|
|
|switch|p1a: LiL FaGGaPHY|Manaphy|242\/351
|turn|23
|
|switch|p2a: Latias|Latias, F|174\/301
|move|p1a: LiL FaGGaPHY|Tail Glow|p1a: LiL FaGGaPHY
|-boost|p1a: LiL FaGGaPHY|spa|3
|
|-heal|p1a: LiL FaGGaPHY|263\/351|[from] item: Leftovers
|turn|24
|leave|Raik
|c| Reskk|REVEAL SHADOW BALL
|c|â4d0pt3d|kid
|c|â4d0pt3d|they run ice beam
|c| Reskk|:^) nah
|c| fvgbhgr|rekt
|
|move|p2a: Latias|Draco Meteor|p1a: LiL FaGGaPHY
|-damage|p1a: LiL FaGGaPHY|0 fnt
|-unboost|p2a: Latias|spa|2
|-damage|p2a: Latias|144\/301|[from] item: Life Orb
|faint|p1a: LiL FaGGaPHY
|
|c| Reskk|rekt
|join|TheKillerSplash
|c| Reskk|Latios taking families
|
|switch|p1a: thundur pussi|Manectric, F|281\/281
|turn|25
|c| Reskk|latias*
|c| TheKillerSplash|good try buddy
|
|detailschange|p1a: thundur pussi|Manectric-Mega, F
|-mega|p1a: thundur pussi|Manectric|Manectite
|-ability|p1a: thundur pussi|Intimidate|[of] p2a: Latias
|-unboost|p2a: Latias|atk|1
|move|p2a: Latias|Healing Wish|p2a: Latias
|faint|p2a: Latias
|move|p1a: thundur pussi|Hidden Power|p2: Latias|[notarget]
|-notarget
|
|c| rika and hanyuu|does manectric just win?
|leave|Max Speed Shuckle
|join|Max Speed Shuckle
|leave|Max Speed Shuckle
|c| TheKillerSplash|u can come back
|c| Reskk|no
|c| Reskk|mane loses to scarfchomp
|
|switch|p2a: Garchomp|Garchomp, M, shiny|314\/358 brn
|-heal|p2a: Garchomp|358\/358|[from] move: Healing Wish
|turn|26
|c| TheKillerSplash|ya hp ice thunderbolt
|c| TheKillerSplash|its scarfed
|c| Reskk|scarfchomp is faster
|c| TheKillerSplash|i just jined
|c| TheKillerSplash|its scarfed
|c| rika and hanyuu|but now it's a 50\/50 no?
|c| fvgbhgr|indeed
|c| TheKillerSplash|??
|c| Reskk|he can outrage
|join|LittleDolly
|c| WeLikeIke|Not really
|c| TheKillerSplash|oh i c
|c| Reskk|then kill with aqua  jet
|c| fvgbhgr|outrage wont kill though
|c| Reskk|doesnt have to
|c| fvgbhgr|or will it
|c| Reskk|azu can aqua jet to kill
|
|move|p2a: Garchomp|Outrage|p1a: thundur pussi
|-damage|p1a: thundur pussi|2\/281
|move|p1a: thundur pussi|Hidden Power|p2a: Garchomp
|-crit|p2a: Garchomp
|-supereffective|p2a: Garchomp
|-damage|p2a: Garchomp|0 fnt
|faint|p2a: Garchomp
|
|c| Reskk|^
|c| Reskk|see
|c| TheKillerSplash|ahhhhhhhhhhh
|c|â4d0pt3d|:]
|c| TheKillerSplash|lol
|
|switch|p2a: Azumarill|Azumarill, M|197\/360
|turn|27
|c| TheKillerSplash|told u
|c| WeLikeIke|This game
|c| TheKillerSplash|aqua jet tho
|c| JOosh|Did a quick calc, its a small chance to not OHKO
|
|move|p2a: Azumarill|Aqua Jet|p1a: thundur pussi
|-damage|p1a: thundur pussi|0 fnt
|faint|p1a: thundur pussi
|
|
|switch|p1a: Hawlucha|Hawlucha, F|190\/304
|turn|28
|c| Reskk|scarfchomp's outrage does insane damage
|c| TheKillerSplash|did u alre\dy use unburden
|
|move|p1a: Hawlucha|Acrobatics|p2a: Azumarill
|-damage|p2a: Azumarill|107\/360
|move|p2a: Azumarill|Play Rough|p1a: Hawlucha|[miss]
|-miss|p2a: Azumarill|p1a: Hawlucha
|
|turn|29
|c|â4d0pt3d|no
|c| Reskk|yes he did
|c| fvgbhgr|dude
|c| rika and hanyuu|umm
|c| TheKillerSplash|lol
|leave|Specs Fake-Out
|leave|LittleDolly
|c| TheKillerSplash|azus bulkY
|
|move|p1a: Hawlucha|Acrobatics|p2a: Azumarill
|-damage|p2a: Azumarill|10\/360
|move|p2a: Azumarill|Play Rough|p1a: Hawlucha
|-supereffective|p1a: Hawlucha
|-damage|p1a: Hawlucha|0 fnt
|faint|p1a: Hawlucha
|
|win|MoB Barley
|c|â4d0pt3d|gg
|c|âMoB Barley|gg
|c| Reskk|azu has to be bulky because it is so fucking slow