|join|MoB Barley
|join|IAmGingy
|join|808 & Heartbreak
|join|Cienight
|player|p1|MoB Barley|161
|player|p2|IAmGingy|52
|gametype|singles
|gen|6
|tier|OU
|clearpoke
|poke|p1|Lopunny, M, shiny
|poke|p1|Gengar, M
|poke|p1|Landorus-Therian, M
|poke|p1|Latios, M
|poke|p1|Bisharp, M
|poke|p1|Keldeo-Resolute
|poke|p2|Slurpuff, M, shiny
|poke|p2|Diggersby, F
|poke|p2|Latias, F
|poke|p2|Breloom, M
|poke|p2|Bisharp, M
|poke|p2|Metagross
|rule|Swagger Clause: Swagger is banned
|rule|Baton Pass Clause: Limit one PokÃ©mon knowing Baton Pass
|rule|Sleep Clause Mod: Limit one foe put to sleep
|rule|Species Clause: Limit one of each PokÃ©mon
|rule|OHKO Clause: OHKO moves are banned
|rule|Moody Clause: Moody is banned
|rule|Evasion Moves Clause: Evasion moves are banned
|rule|Endless Battle Clause: Forcing endless battles is banned
|rule|HP Percentage Mod: HP is shown in percentages
|teampreview
IAmGingy turned on modjoin.
|raw|<div class="broadcast-red"><b>Moderated chat was set to +!<\/b><br \/>Only users of rank + and higher can talk.<\/div>
IAmGingy made this room hidden.
|c|âIAmGingy|gl!
|c|âMoB Barley|gl
|
|start
|switch|p1a: Gengar|Gengar, M|261\/261
|switch|p2a: Diggersby|Diggersby, F|311\/311
|turn|1
|
|move|p1a: Gengar|Focus Blast|p2a: Diggersby
|-supereffective|p2a: Diggersby
|-enditem|p2a: Diggersby|Focus Sash
|-damage|p2a: Diggersby|1\/311
|-damage|p1a: Gengar|235\/261|[from] item: Life Orb
|move|p2a: Diggersby|Knock Off|p1a: Gengar
|-supereffective|p1a: Gengar
|-damage|p1a: Gengar|0 fnt
|-enditem|p1a: Gengar|Life Orb|[from] move: Knock Off|[of] p2a: Diggersby
|faint|p1a: Gengar
|
|c|âIAmGingy|do u mind if i invite a fren he gave me this team
|
|switch|p1a: Landorus-Therian|Landorus-Therian, M|319\/319
|-ability|p1a: Landorus-Therian|Intimidate|[of] p2a: Diggersby
|-unboost|p2a: Diggersby|atk|1
|turn|2
|c|âMoB Barley|do whatever you want, idc
the jaiho's lover was promoted to Room Voice by IAmGingy.
|
|move|p1a: Landorus-Therian|U-turn|p2a: Diggersby
|-damage|p2a: Diggersby|0 fnt
|faint|p2a: Diggersby
|join|the jaiho's lover
|
|switch|p1a: Latios|Latios, M|301\/301
|
|
|switch|p2a: Bisharp|Bisharp, M|271\/271
|turn|3
|
|move|p1a: Latios|Hidden Power|p2a: Bisharp
|-supereffective|p2a: Bisharp
|-damage|p2a: Bisharp|11\/271
|-damage|p1a: Latios|271\/301|[from] item: Life Orb
|move|p2a: Bisharp|Knock Off|p1a: Latios
|-crit|p1a: Latios
|-supereffective|p1a: Latios
|-damage|p1a: Latios|0 fnt
|-enditem|p1a: Latios|Life Orb|[from] move: Knock Off|[of] p2a: Bisharp
|faint|p1a: Latios
|
|
|switch|p1a: Lopunny|Lopunny, M, shiny|271\/271
|turn|4
|
|detailschange|p1a: Lopunny|Lopunny-Mega, M, shiny
|-mega|p1a: Lopunny|Lopunny|Lopunnite
|move|p1a: Lopunny|Fake Out|p2a: Bisharp
|-resisted|p2a: Bisharp
|-damage|p2a: Bisharp|0 fnt
|faint|p2a: Bisharp
|
|
|switch|p2a: Slurpuff|Slurpuff, M, shiny|306\/306
|turn|5
Squirrelll was promoted to Room Voice by MoB Barley.
|
|switch|p1a: Landorus-Therian|Landorus-Therian, M|319\/319
|-ability|p1a: Landorus-Therian|Intimidate|[of] p2a: Slurpuff
|-unboost|p2a: Slurpuff|atk|1
|move|p2a: Slurpuff|Play Rough|p1a: Landorus-Therian
|-damage|p1a: Landorus-Therian|232\/319
|
|turn|6
|
|move|p1a: Landorus-Therian|U-turn|p2a: Slurpuff
|-resisted|p2a: Slurpuff
|-damage|p2a: Slurpuff|264\/306
|join|Squirrelll
|
|switch|p1a: Bisharp|Bisharp, M|271\/271
|move|p2a: Slurpuff|Belly Drum|p2a: Slurpuff
|-damage|p2a: Slurpuff|111\/306
|-setboost|p2a: Slurpuff|atk|6|[from] move: Belly Drum
|-enditem|p2a: Slurpuff|Sitrus Berry|[eat]
|-heal|p2a: Slurpuff|187\/306|[from] item: Sitrus Berry
|
|turn|7
|
|move|p2a: Slurpuff|Drain Punch|p1a: Bisharp
|-supereffective|p1a: Bisharp
|-enditem|p1a: Bisharp|Focus Sash
|-damage|p1a: Bisharp|1\/271
|-heal|p2a: Slurpuff|306\/306|[from] drain|[of] p1a: Bisharp
|move|p1a: Bisharp|Iron Head|p2a: Slurpuff
|-supereffective|p2a: Slurpuff
|-damage|p2a: Slurpuff|0 fnt
|faint|p2a: Slurpuff
|
|
|switch|p2a: Breloom|Breloom, M|261\/261
|turn|8
|
|switch|p1a: Keldeo-Resolute|Keldeo-Resolute|323\/323
|move|p2a: Breloom|Mach Punch|p1a: Keldeo-Resolute
|-damage|p1a: Keldeo-Resolute|205\/323
|
|-heal|p1a: Keldeo-Resolute|225\/323|[from] item: Leftovers
|turn|9
|
|move|p1a: Keldeo-Resolute|Scald|p2a: Breloom
|-resisted|p2a: Breloom
|-damage|p2a: Breloom|160\/261
|move|p2a: Breloom|Bullet Seed|p1a: Keldeo-Resolute
|-supereffective|p1a: Keldeo-Resolute
|-damage|p1a: Keldeo-Resolute|73\/323
|-supereffective|p1a: Keldeo-Resolute
|-damage|p1a: Keldeo-Resolute|0 fnt
|-hitcount|p1a: Keldeo-Resolute|2
|faint|p1a: Keldeo-Resolute
|
|
|switch|p1a: Lopunny|Lopunny-Mega, M, shiny|271\/271
|turn|10
|
|move|p2a: Breloom|Mach Punch|p1a: Lopunny
|-supereffective|p1a: Lopunny
|-damage|p1a: Lopunny|31\/271
|move|p1a: Lopunny|Return|p2a: Breloom
|-damage|p2a: Breloom|0 fnt
|faint|p2a: Breloom
|
|
|switch|p2a: Metagross|Metagross|301\/301
|turn|11
|
|detailschange|p2a: Metagross|Metagross-Mega
|-mega|p2a: Metagross|Metagross|Metagrossite
|move|p1a: Lopunny|High Jump Kick|p2a: Metagross|[miss]
|-miss|p1a: Lopunny|p2a: Metagross
|-damage|p1a: Lopunny|0 fnt|[from] highjumpkick
|faint|p1a: Lopunny
|move|p2a: Metagross|Ice Punch|p1: Lopunny|[notarget]
|-notarget
|
|
|switch|p1a: Landorus-Therian|Landorus-Therian, M|232\/319
|-ability|p1a: Landorus-Therian|Intimidate|[of] p2a: Metagross
|-unboost|p2a: Metagross|atk|1
|turn|12
|
|move|p1a: Landorus-Therian|U-turn|p2a: Metagross
|-damage|p2a: Metagross|251\/301
|c|âMoB Barley|that miss kinda fucked me. gg
|
|switch|p1a: Bisharp|Bisharp, M|1\/271
|move|p2a: Metagross|Ice Punch|p1a: Bisharp
|-resisted|p1a: Bisharp
|-damage|p1a: Bisharp|0 fnt
|faint|p1a: Bisharp
|
|
|switch|p1a: Landorus-Therian|Landorus-Therian, M|232\/319
|-ability|p1a: Landorus-Therian|Intimidate|[of] p2a: Metagross
|-unboost|p2a: Metagross|atk|1
|turn|13
|c|âIAmGingy|it depends on ur thought process
|c|âIAmGingy|after u hjk
|c|âIAmGingy|what would you have done
|c|âIAmGingy|had u have hit
|c|âMoB Barley|looks like we don't know bc it didn't go down that way
|c|+Squirrelll|unless you have BP hes at an advantage
|c|+Squirrelll|cause bisharp sucker punches about to be mind games
|c|âIAmGingy|Mob would you have gone
|c|âIAmGingy|bisharp
|c|âIAmGingy|or lando
|c|âIAmGingy|i presume bish
|c|âIAmGingy|in which case im sub meta
|c|+Squirrelll|land-t
|c|+Squirrelll|explo
|c|âIAmGingy|and still outa range
|c|+Squirrelll|was the move prob
|c|âMoB Barley|after the hjk
|c|âMoB Barley|u were in range
|c|âMoB Barley|for two suckers
|c|âMoB Barley|im not complaining
|c|âMoB Barley|its rng it happens
|c|+Squirrelll|explo
|c|+Squirrelll|just won
|
|move|p1a: Landorus-Therian|Explosion|p2a: Metagross
|-resisted|p2a: Metagross
|-damage|p2a: Metagross|151\/301
|faint|p1a: Landorus-Therian
|
|win|IAmGingy
|c|+Squirrelll|if HJK hit
|c|+Squirrelll|unless bullet punch
|c|âMoB Barley|happens, gg
|c|âIAmGingy|gg
|leave|808 & Heartbreak
|leave|Squirrelll
|leave|Cienight