|join|MoB Barley
|join|brownnick
|player|p1|MoB Barley|161
|player|p2|brownnick|101
|gametype|singles
|gen|6
|tier|OU
|rated
|clearpoke
|poke|p1|Charizard, M
|poke|p1|Tyranitar, M
|poke|p1|Excadrill, M, shiny
|poke|p1|Keldeo-Resolute
|poke|p1|Ferrothorn, M
|poke|p1|Clefable, M, shiny
|poke|p2|Blissey, F
|poke|p2|Conkeldurr, F
|poke|p2|Manectric, F
|poke|p2|Landorus-Therian, M
|poke|p2|Heatran, M
|poke|p2|Whimsicott, F
|rule|Swagger Clause: Swagger is banned
|rule|Baton Pass Clause: Limit one PokÃ©mon knowing Baton Pass
|rule|Sleep Clause Mod: Limit one foe put to sleep
|rule|Species Clause: Limit one of each PokÃ©mon
|rule|OHKO Clause: OHKO moves are banned
|rule|Moody Clause: Moody is banned
|rule|Evasion Moves Clause: Evasion moves are banned
|rule|Endless Battle Clause: Forcing endless battles is banned
|rule|HP Percentage Mod: HP is shown in percentages
|teampreview
|join|Like me 2
|
|start
|switch|p1a: Charizard|Charizard, M|297\/297
|switch|p2a: Manectric|Manectric, F|281\/281
|turn|1
|
|switch|p1a: Excadrill|Excadrill, M, shiny|361\/361
|detailschange|p2a: Manectric|Manectric-Mega, F
|-mega|p2a: Manectric|Manectric|Manectite
|-ability|p2a: Manectric|Intimidate|[of] p1a: Excadrill
|-unboost|p1a: Excadrill|atk|1
|move|p2a: Manectric|Volt Switch|p1a: Excadrill
|-immune|p1a: Excadrill|[msg]
|
|turn|2
|join|L0NE
|
|switch|p2a: Heatran|Heatran, M|324\/324
|-item|p2a: Heatran|Air Balloon
|switch|p1a: Tyranitar|Tyranitar, M|404\/404
|-weather|Sandstorm
|
|-weather|Sandstorm|[upkeep]
|turn|3
|
|move|p2a: Heatran|Stealth Rock|p1a: Tyranitar
|-sidestart|p1: MoB Barley|move: Stealth Rock
|move|p1a: Tyranitar|Stealth Rock|p2a: Heatran
|-sidestart|p2: brownnick|move: Stealth Rock
|
|-weather|Sandstorm|[upkeep]
|turn|4
|join|Khaliem
|
|move|p2a: Heatran|Flash Cannon|p1a: Tyranitar
|-supereffective|p1a: Tyranitar
|-damage|p1a: Tyranitar|258\/404
|move|p1a: Tyranitar|Pursuit|p2a: Heatran
|-damage|p2a: Heatran|260\/324
|-enditem|p2a: Heatran|Air Balloon
|
|-weather|Sandstorm|[upkeep]
|-heal|p1a: Tyranitar|283\/404|[from] item: Leftovers
|turn|5
|join|Alldaalts
|
|switch|p2a: Landorus-Therian|Landorus-Therian, M|320\/320
|-damage|p2a: Landorus-Therian|280\/320|[from] Stealth Rock
|-ability|p2a: Landorus-Therian|Intimidate|[of] p1a: Tyranitar
|-unboost|p1a: Tyranitar|atk|1
|move|p1a: Tyranitar|Crunch|p2a: Landorus-Therian
|-damage|p2a: Landorus-Therian|187\/320
|-unboost|p2a: Landorus-Therian|def|1
|
|-weather|Sandstorm|[upkeep]
|-heal|p1a: Tyranitar|308\/404|[from] item: Leftovers
|turn|6
|
|move|p2a: Landorus-Therian|Earthquake|p1a: Tyranitar
|-supereffective|p1a: Tyranitar
|-damage|p1a: Tyranitar|0 fnt
|faint|p1a: Tyranitar
|
|-weather|none
|join|haunter
|join|Hiye
|
|switch|p1a: Ferrothorn|Ferrothorn, M|352\/352
|-damage|p1a: Ferrothorn|330\/352|[from] Stealth Rock
|turn|7
|
|switch|p2a: Heatran|Heatran, M|260\/324
|-damage|p2a: Heatran|220\/324|[from] Stealth Rock
|move|p1a: Ferrothorn|Leech Seed|p2a: Heatran
|-start|p2a: Heatran|move: Leech Seed
|
|-heal|p1a: Ferrothorn|352\/352|[from] item: Leftovers
|-damage|p2a: Heatran|180\/324|[from] Leech Seed|[of] p1a: Ferrothorn
|turn|8
|
|switch|p1a: Keldeo-Resolute|Keldeo-Resolute|323\/323
|-damage|p1a: Keldeo-Resolute|303\/323|[from] Stealth Rock
|move|p2a: Heatran|Lava Plume|p1a: Keldeo-Resolute
|-resisted|p1a: Keldeo-Resolute
|-damage|p1a: Keldeo-Resolute|225\/323
|
|-damage|p2a: Heatran|140\/324|[from] Leech Seed|[of] p1a: Keldeo-Resolute
|-heal|p1a: Keldeo-Resolute|265\/323|[silent]
|turn|9
|join|l123
|
|switch|p2a: Whimsicott|Whimsicott, F|323\/323
|-damage|p2a: Whimsicott|283\/323|[from] Stealth Rock
|move|p1a: Keldeo-Resolute|Secret Sword|p2a: Whimsicott
|-resisted|p2a: Whimsicott
|-damage|p2a: Whimsicott|157\/323
|
|-heal|p2a: Whimsicott|177\/323|[from] item: Leftovers
|turn|10
|leave|Like me 2
|join|Like me 2
|leave|Like me 2
|
|move|p2a: Whimsicott|Moonblast|p1a: Keldeo-Resolute
|-supereffective|p1a: Keldeo-Resolute
|-damage|p1a: Keldeo-Resolute|67\/323
|-unboost|p1a: Keldeo-Resolute|spa|1
|move|p1a: Keldeo-Resolute|Secret Sword|p2a: Whimsicott
|-resisted|p2a: Whimsicott
|-damage|p2a: Whimsicott|85\/323
|
|-heal|p2a: Whimsicott|105\/323|[from] item: Leftovers
|turn|11
|
|switch|p1a: Ferrothorn|Ferrothorn, M|352\/352
|-damage|p1a: Ferrothorn|330\/352|[from] Stealth Rock
|move|p2a: Whimsicott|Moonblast|p1a: Ferrothorn
|-resisted|p1a: Ferrothorn
|-damage|p1a: Ferrothorn|297\/352
|
|-heal|p2a: Whimsicott|125\/323|[from] item: Leftovers
|-heal|p1a: Ferrothorn|319\/352|[from] item: Leftovers
|turn|12
|
|switch|p2a: Heatran|Heatran, M|140\/324
|-damage|p2a: Heatran|100\/324|[from] Stealth Rock
|move|p1a: Ferrothorn|Leech Seed|p2a: Heatran
|-start|p2a: Heatran|move: Leech Seed
|
|-heal|p1a: Ferrothorn|341\/352|[from] item: Leftovers
|-damage|p2a: Heatran|60\/324|[from] Leech Seed|[of] p1a: Ferrothorn
|-heal|p1a: Ferrothorn|352\/352|[silent]
|turn|13
|join|cosine180
|
|switch|p1a: Clefable|Clefable, M, shiny|394\/394
|move|p2a: Heatran|Lava Plume|p1a: Clefable
|-damage|p1a: Clefable|243\/394
|
|-heal|p1a: Clefable|267\/394|[from] item: Leftovers
|-damage|p2a: Heatran|20\/324|[from] Leech Seed|[of] p1a: Clefable
|-heal|p1a: Clefable|307\/394|[silent]
|turn|14
|
|switch|p1a: Ferrothorn|Ferrothorn, M|352\/352
|-damage|p1a: Ferrothorn|330\/352|[from] Stealth Rock
|move|p2a: Heatran|Flash Cannon|p1a: Ferrothorn
|-resisted|p1a: Ferrothorn
|-damage|p1a: Ferrothorn|272\/352
|-unboost|p1a: Ferrothorn|spd|1
|
|-heal|p1a: Ferrothorn|294\/352|[from] item: Leftovers
|-damage|p2a: Heatran|0 fnt|[from] Leech Seed|[of] p1a: Ferrothorn
|-heal|p1a: Ferrothorn|314\/352|[silent]
|faint|p2a: Heatran
|
|switch|p2a: Manectric|Manectric-Mega, F|281\/281
|-damage|p2a: Manectric|246\/281|[from] Stealth Rock
|-ability|p2a: Manectric|Intimidate|[of] p1a: Ferrothorn
|-unboost|p1a: Ferrothorn|atk|1
|turn|15
|
|move|p2a: Manectric|Flamethrower|p1a: Ferrothorn
|-supereffective|p1a: Ferrothorn
|-damage|p1a: Ferrothorn|0 fnt
|faint|p1a: Ferrothorn
|
|
|switch|p1a: Excadrill|Excadrill, M, shiny|361\/361
|-damage|p1a: Excadrill|350\/361|[from] Stealth Rock
|turn|16
|
|switch|p2a: Landorus-Therian|Landorus-Therian, M|187\/320
|-damage|p2a: Landorus-Therian|147\/320|[from] Stealth Rock
|-ability|p2a: Landorus-Therian|Intimidate|[of] p1a: Excadrill
|-unboost|p1a: Excadrill|atk|1
|move|p1a: Excadrill|Earthquake|p2a: Landorus-Therian
|-immune|p2a: Landorus-Therian|[msg]
|
|turn|17
|
|move|p2a: Landorus-Therian|Earthquake|p1a: Excadrill
|-supereffective|p1a: Excadrill
|-damage|p1a: Excadrill|0 fnt
|faint|p1a: Excadrill
|
|
|switch|p1a: Clefable|Clefable, M, shiny|307\/394
|turn|18
|
|move|p2a: Landorus-Therian|Earthquake|p1a: Clefable
|-damage|p1a: Clefable|129\/394
|move|p1a: Clefable|Soft-Boiled|p1a: Clefable
|-heal|p1a: Clefable|326\/394
|
|-heal|p1a: Clefable|350\/394|[from] item: Leftovers
|turn|19
|leave|Alldaalts
|
|switch|p2a: Whimsicott|Whimsicott, F|125\/323
|-damage|p2a: Whimsicott|85\/323|[from] Stealth Rock
|move|p1a: Clefable|Calm Mind|p1a: Clefable
|-boost|p1a: Clefable|spa|1
|-boost|p1a: Clefable|spd|1
|
|-heal|p2a: Whimsicott|105\/323|[from] item: Leftovers
|-heal|p1a: Clefable|374\/394|[from] item: Leftovers
|turn|20
|
|move|p2a: Whimsicott|Moonblast|p1a: Clefable
|-damage|p1a: Clefable|311\/394
|move|p1a: Clefable|Flamethrower|p2a: Whimsicott
|-supereffective|p2a: Whimsicott
|-damage|p2a: Whimsicott|0 fnt
|faint|p2a: Whimsicott
|
|-heal|p1a: Clefable|335\/394|[from] item: Leftovers
|join|Mega Magic Bounce
|
|switch|p2a: Conkeldurr|Conkeldurr, F|414\/414
|-damage|p2a: Conkeldurr|389\/414|[from] Stealth Rock
|turn|21
|leave|cosine180
|
|move|p1a: Clefable|Calm Mind|p1a: Clefable
|-boost|p1a: Clefable|spa|1
|-boost|p1a: Clefable|spd|1
|move|p2a: Conkeldurr|Knock Off|p1a: Clefable
|-resisted|p1a: Clefable
|-damage|p1a: Clefable|275\/394
|-enditem|p1a: Clefable|Leftovers|[from] move: Knock Off|[of] p2a: Conkeldurr
|
|turn|22
|join|gizmo
|join|Alldaalts
|join|0 Void Star 0
|
|move|p1a: Clefable|Calm Mind|p1a: Clefable
|-boost|p1a: Clefable|spa|1
|-boost|p1a: Clefable|spd|1
|move|p2a: Conkeldurr|Ice Punch|p1a: Clefable
|-damage|p1a: Clefable|187\/394
|
|turn|23
|
|move|p1a: Clefable|Soft-Boiled|p1a: Clefable
|-heal|p1a: Clefable|384\/394
|move|p2a: Conkeldurr|Ice Punch|p1a: Clefable
|-damage|p1a: Clefable|300\/394
|
|turn|24
|
|move|p1a: Clefable|Moonblast|p2a: Conkeldurr
|-supereffective|p2a: Conkeldurr
|-damage|p2a: Conkeldurr|0 fnt
|faint|p2a: Conkeldurr
|
|
|switch|p2a: Landorus-Therian|Landorus-Therian, M|147\/320
|-damage|p2a: Landorus-Therian|107\/320|[from] Stealth Rock
|-ability|p2a: Landorus-Therian|Intimidate|[of] p1a: Clefable
|-unboost|p1a: Clefable|atk|1
|turn|25
|
|move|p2a: Landorus-Therian|Earthquake|p1a: Clefable
|-crit|p1a: Clefable
|-damage|p1a: Clefable|47\/394
|move|p1a: Clefable|Soft-Boiled|p1a: Clefable
|-heal|p1a: Clefable|244\/394
|
|turn|26
|c| 0 Void Star 0|Choke :\/
|
|move|p2a: Landorus-Therian|Earthquake|p1a: Clefable
|-damage|p1a: Clefable|60\/394
|move|p1a: Clefable|Soft-Boiled|p1a: Clefable
|-heal|p1a: Clefable|257\/394
|
|turn|27
|c| 0 Void Star 0|Nvm
|
|move|p2a: Landorus-Therian|Earthquake|p1a: Clefable
|-damage|p1a: Clefable|97\/394
|move|p1a: Clefable|Soft-Boiled|p1a: Clefable
|-heal|p1a: Clefable|294\/394
|
|turn|28
|c| 0 Void Star 0|Oh that first ione was crit
|
|move|p2a: Landorus-Therian|Earthquake|p1a: Clefable
|-damage|p1a: Clefable|128\/394
|move|p1a: Clefable|Moonblast|p2a: Landorus-Therian
|-damage|p2a: Landorus-Therian|0 fnt
|faint|p2a: Landorus-Therian
|
|join|ExaltedWeavile
|
|switch|p2a: Blissey|Blissey, F|714\/714
|-damage|p2a: Blissey|625\/714|[from] Stealth Rock
|turn|29
|
|move|p1a: Clefable|Soft-Boiled|p1a: Clefable
|-heal|p1a: Clefable|325\/394
|move|p2a: Blissey|Seismic Toss|p1a: Clefable
|-damage|p1a: Clefable|225\/394
|
|-heal|p2a: Blissey|669\/714|[from] item: Leftovers
|turn|30
|
|move|p1a: Clefable|Calm Mind|p1a: Clefable
|-boost|p1a: Clefable|spa|1
|-boost|p1a: Clefable|spd|1
|move|p2a: Blissey|Seismic Toss|p1a: Clefable
|-damage|p1a: Clefable|125\/394
|
|-heal|p2a: Blissey|713\/714|[from] item: Leftovers
|turn|31
|
|move|p1a: Clefable|Calm Mind|p1a: Clefable
|-boost|p1a: Clefable|spa|1
|-boost|p1a: Clefable|spd|1
|move|p2a: Blissey|Seismic Toss|p1a: Clefable
|-damage|p1a: Clefable|25\/394
|
|-heal|p2a: Blissey|714\/714|[from] item: Leftovers
|turn|32
|leave|Alldaalts
|
|move|p1a: Clefable|Soft-Boiled|p1a: Clefable
|-heal|p1a: Clefable|222\/394
|move|p2a: Blissey|Seismic Toss|p1a: Clefable
|-damage|p1a: Clefable|122\/394
|
|turn|33
|
|move|p1a: Clefable|Soft-Boiled|p1a: Clefable
|-heal|p1a: Clefable|319\/394
|move|p2a: Blissey|Seismic Toss|p1a: Clefable
|-damage|p1a: Clefable|219\/394
|
|turn|34
|
|move|p1a: Clefable|Calm Mind|p1a: Clefable
|-boost|p1a: Clefable|spa|1
|-boost|p1a: Clefable|spd|1
|move|p2a: Blissey|Seismic Toss|p1a: Clefable
|-damage|p1a: Clefable|119\/394
|
|turn|35
|
|move|p1a: Clefable|Soft-Boiled|p1a: Clefable
|-heal|p1a: Clefable|316\/394
|move|p2a: Blissey|Seismic Toss|p1a: Clefable
|-damage|p1a: Clefable|216\/394
|
|turn|36
|
|move|p2a: Blissey|Protect|p2a: Blissey
|-singleturn|p2a: Blissey|Protect
|move|p1a: Clefable|Moonblast|p2a: Blissey
|-activate|p2a: Blissey|Protect
|
|turn|37
|
|move|p1a: Clefable|Moonblast|p2a: Blissey
|-damage|p2a: Blissey|368\/714
|move|p2a: Blissey|Wish|p2a: Blissey
|
|-heal|p2a: Blissey|412\/714|[from] item: Leftovers
|turn|38
|
|move|p1a: Clefable|Soft-Boiled|p1a: Clefable
|-heal|p1a: Clefable|394\/394
|move|p2a: Blissey|Seismic Toss|p1a: Clefable
|-damage|p1a: Clefable|294\/394
|
|-heal|p2a: Blissey|714\/714|[from] move: Wish|[wisher] Blissey
|turn|39
|join|Muk Teamtest
|join|daftmau5
|
|move|p1a: Clefable|Flamethrower|p2a: Blissey
|-damage|p2a: Blissey|502\/714
|move|p2a: Blissey|Wish|p2a: Blissey
|
|-heal|p2a: Blissey|546\/714|[from] item: Leftovers
|turn|40
|
|move|p1a: Clefable|Flamethrower|p2a: Blissey
|-damage|p2a: Blissey|322\/714
|-status|p2a: Blissey|brn
|move|p2a: Blissey|Seismic Toss|p1a: Clefable
|-damage|p1a: Clefable|194\/394
|
|-heal|p2a: Blissey|679\/714 brn|[from] move: Wish|[wisher] Blissey
|-heal|p2a: Blissey|714\/714 brn|[from] item: Leftovers
|-damage|p2a: Blissey|625\/714 brn|[from] brn
|turn|41
|
|switch|p2a: Manectric|Manectric-Mega, F|246\/281
|-damage|p2a: Manectric|211\/281|[from] Stealth Rock
|-ability|p2a: Manectric|Intimidate|[of] p1a: Clefable
|-unboost|p1a: Clefable|atk|1
|move|p1a: Clefable|Moonblast|p2a: Manectric
|-damage|p2a: Manectric|0 fnt
|faint|p2a: Manectric
|
|-message|brownnick forfeited.
|leave|brownnick
|leave|0 Void Star 0
|join|0 Void Star 0
|
|win|MoB Barley
|raw|Ladder updating...
|leave|0 Void Star 0
|raw|MoB Barley's rating: 1665 &rarr; <strong>1675<\/strong><br \/>(+10 for winning)
|raw|brownnick's rating: 1480 &rarr; <strong>1470<\/strong><br \/>(-10 for losing)
|player|p2
|leave|MoB Barley
|leave|L0NE
|leave|Mega Magic Bounce
|leave|daftmau5
|join|daftmau5
|leave|daftmau5
|leave|Khaliem
|join|Khaliem
|leave|Khaliem
|player|p1
|leave|haunter