|join|MoB Barley
|join|Captain Jiggs
|player|p1|MoB Barley|161
|player|p2|Captain Jiggs|260
|gametype|singles
|gen|6
|tier|OU
|rated
|clearpoke
|poke|p1|Victini
|poke|p1|Keldeo-Resolute
|poke|p1|Bisharp, M, shiny
|poke|p1|Lopunny, F, shiny
|poke|p1|Azumarill, M
|poke|p1|Latios, M
|poke|p2|Landorus-Therian, M
|poke|p2|Latios, M
|poke|p2|Gardevoir, M
|poke|p2|Ferrothorn, F
|poke|p2|Hawlucha, F
|poke|p2|Rotom-Wash
|rule|Swagger Clause: Swagger is banned
|rule|Baton Pass Clause: Limit one PokÃ©mon knowing Baton Pass
|rule|Sleep Clause Mod: Limit one foe put to sleep
|rule|Species Clause: Limit one of each PokÃ©mon
|rule|OHKO Clause: OHKO moves are banned
|rule|Moody Clause: Moody is banned
|rule|Evasion Moves Clause: Evasion moves are banned
|rule|Endless Battle Clause: Forcing endless battles is banned
|rule|HP Percentage Mod: HP is shown in percentages
|teampreview
|c|âCaptain Jiggs|why me
|c|âCaptain Jiggs|why do i gotta get mob barely
|c|âMoB Barley|GL
|c|âCaptain Jiggs|u2
|c|âMoB Barley|L)
|
|start
|switch|p1a: Prioritize|Bisharp, M, shiny|271\/271
|switch|p2a: Landorus-Therian|Landorus-Therian, M|365\/365
|-ability|p2a: Landorus-Therian|Intimidate|[of] p1a: Prioritize
|-unboost|p1a: Prioritize|atk|1
|-boost|p1a: Prioritize|atk|2|[from] ability: Defiant
|turn|1
|c|âCaptain Jiggs|;-;
|join|Squirrelll
|
|move|p2a: Landorus-Therian|Earthquake|p1a: Prioritize
|-supereffective|p1a: Prioritize
|-enditem|p1a: Prioritize|Focus Sash
|-damage|p1a: Prioritize|1\/271
|move|p1a: Prioritize|Knock Off|p2a: Landorus-Therian
|-damage|p2a: Landorus-Therian|155\/365
|-enditem|p2a: Landorus-Therian|Leftovers|[from] move: Knock Off|[of] p1a: Prioritize
|
|turn|2
|
|move|p2a: Landorus-Therian|Stealth Rock|p1a: Prioritize
|-sidestart|p1: MoB Barley|move: Stealth Rock
|move|p1a: Prioritize|Stealth Rock|p2a: Landorus-Therian
|-sidestart|p2: Captain Jiggs|move: Stealth Rock
|
|turn|3
|
|move|p1a: Prioritize|Sucker Punch|p2a: Landorus-Therian
|-damage|p2a: Landorus-Therian|0 fnt
|faint|p2a: Landorus-Therian
|
|join|SaveTheMetaTesting
|
|switch|p2a: Hawlucha|Hawlucha, F|328\/328
|-damage|p2a: Hawlucha|287\/328|[from] Stealth Rock
|turn|4
|
|move|p2a: Hawlucha|Substitute|p2a: Hawlucha
|-start|p2a: Hawlucha|Substitute
|-damage|p2a: Hawlucha|205\/328
|move|p1a: Prioritize|Iron Head|p2a: Hawlucha
|-end|p2a: Hawlucha|Substitute
|
|turn|5
|
|switch|p2a: Ferrothorn|Ferrothorn, F|352\/352
|-damage|p2a: Ferrothorn|330\/352|[from] Stealth Rock
|move|p1a: Prioritize|Knock Off|p2a: Ferrothorn
|-damage|p2a: Ferrothorn|116\/352
|-damage|p1a: Prioritize|0 fnt|[from] ability: Iron Barbs|[of] p2a: Ferrothorn
|faint|p1a: Prioritize
|
|-heal|p2a: Ferrothorn|138\/352|[from] item: Leftovers
|
|switch|p1a: Destructo Disk|Victini|341\/341
|-damage|p1a: Destructo Disk|256\/341|[from] Stealth Rock
|turn|6
|
|move|p1a: Destructo Disk|V-create|p2a: Ferrothorn
|-supereffective|p2a: Ferrothorn
|-damage|p2a: Ferrothorn|0 fnt
|-damage|p1a: Destructo Disk|214\/341|[from] ability: Iron Barbs|[of] p2a: Ferrothorn
|-unboost|p1a: Destructo Disk|def|1
|-unboost|p1a: Destructo Disk|spd|1
|-unboost|p1a: Destructo Disk|spe|1
|faint|p2a: Ferrothorn
|
|join|Z-BugBoii
|leave|Z-BugBoii
|join|Z-BugBoii
|
|switch|p2a: Hawlucha|Hawlucha, F|205\/328
|-damage|p2a: Hawlucha|164\/328|[from] Stealth Rock
|-enditem|p2a: Hawlucha|Sitrus Berry|[eat]
|-heal|p2a: Hawlucha|246\/328|[from] item: Sitrus Berry
|turn|7
|join|MasterButter
|leave|MasterButter
|join|MasterButter
|leave|MasterButter
|join|req'd by crobro
|
|move|p2a: Hawlucha|Acrobatics|p1a: Destructo Disk
|-damage|p1a: Destructo Disk|0 fnt
|faint|p1a: Destructo Disk
|
|
|switch|p1a: Water Bomb|Azumarill, M|360\/360
|-damage|p1a: Water Bomb|315\/360|[from] Stealth Rock
|turn|8
|join|MasterButter
|leave|Captain Jiggs
MoB Barley made this room hidden.
|player|p2
|join|Captain Jiggs
|player|p2|Captain Jiggs|260
|c|âCaptain Jiggs|srry bout that
|
|move|p2a: Hawlucha|Acrobatics|p1a: Water Bomb
|-damage|p1a: Water Bomb|102\/360
|-enditem|p1a: Water Bomb|Sitrus Berry|[eat]
|-heal|p1a: Water Bomb|192\/360|[from] item: Sitrus Berry
|move|p1a: Water Bomb|Play Rough|p2a: Hawlucha
|-supereffective|p2a: Hawlucha
|-damage|p2a: Hawlucha|0 fnt
|faint|p2a: Hawlucha
|
|
|switch|p2a: Rotom-Wash|Rotom-Wash|297\/297
|-damage|p2a: Rotom-Wash|260\/297|[from] Stealth Rock
|turn|9
|
|switch|p1a: AC130|Latios, M|301\/301
|-damage|p1a: AC130|264\/301|[from] Stealth Rock
|move|p2a: Rotom-Wash|Volt Switch|p1a: AC130
|-resisted|p1a: AC130
|-damage|p1a: AC130|216\/301
|
|switch|p2a: Gardevoir|Gardevoir, M|277\/277
|-damage|p2a: Gardevoir|243\/277|[from] Stealth Rock
|-ability|p2a: Gardevoir|Levitate|[from] ability: Trace|[of] p1a: AC130
|
|turn|10
|
|detailschange|p2a: Gardevoir|Gardevoir-Mega, M
|-mega|p2a: Gardevoir|Gardevoir|Gardevoirite
|move|p1a: AC130|Earthquake|p2a: Gardevoir
|-damage|p2a: Gardevoir|121\/277
|-damage|p1a: AC130|186\/301|[from] item: Life Orb
|move|p2a: Gardevoir|Hyper Voice|p1a: AC130
|-supereffective|p1a: AC130
|-damage|p1a: AC130|0 fnt
|faint|p1a: AC130
|
|
|switch|p1a: Playboy|Lopunny, F, shiny|271\/271
|-damage|p1a: Playboy|238\/271|[from] Stealth Rock
|turn|11
|c|âCaptain Jiggs|gg ;_;
|c|âMoB Barley|gg
|
|detailschange|p1a: Playboy|Lopunny-Mega, F, shiny
|-mega|p1a: Playboy|Lopunny|Lopunnite
|move|p1a: Playboy|Return|p2a: Gardevoir
|-damage|p2a: Gardevoir|0 fnt
|faint|p2a: Gardevoir
|
|
|switch|p2a: Latios|Latios, M|301\/301
|-damage|p2a: Latios|264\/301|[from] Stealth Rock
|turn|12
|
|switch|p1a: Water Bomb|Azumarill, M|192\/360
|-damage|p1a: Water Bomb|147\/360|[from] Stealth Rock
|move|p2a: Latios|Psyshock|p1a: Water Bomb
|-damage|p1a: Water Bomb|0 fnt
|-damage|p2a: Latios|234\/301|[from] item: Life Orb
|faint|p1a: Water Bomb
|
|
|switch|p1a: Playboy|Lopunny-Mega, F, shiny|238\/271
|-damage|p1a: Playboy|222\/271|[from] Stealth Rock
|turn|13
|
|switch|p2a: Rotom-Wash|Rotom-Wash|260\/297
|-damage|p2a: Rotom-Wash|223\/297|[from] Stealth Rock
|move|p1a: Playboy|Fake Out|p2a: Rotom-Wash
|-damage|p2a: Rotom-Wash|175\/297
|
|-heal|p2a: Rotom-Wash|193\/297|[from] item: Leftovers
|turn|14
|
|switch|p1a: Pwny|Keldeo-Resolute|323\/323
|-damage|p1a: Pwny|303\/323|[from] Stealth Rock
|move|p2a: Rotom-Wash|Volt Switch|p1a: Pwny
|-supereffective|p1a: Pwny
|-damage|p1a: Pwny|115\/323
|
|switch|p2a: Latios|Latios, M|234\/301
|-damage|p2a: Latios|197\/301|[from] Stealth Rock
|
|turn|15
|
|move|p1a: Pwny|Secret Sword|p2a: Latios
|-resisted|p2a: Latios
|-damage|p2a: Latios|98\/301
|move|p2a: Latios|Psyshock|p1a: Pwny
|-supereffective|p1a: Pwny
|-damage|p1a: Pwny|0 fnt
|-damage|p2a: Latios|68\/301|[from] item: Life Orb
|faint|p1a: Pwny
|
|
|switch|p1a: Playboy|Lopunny-Mega, F, shiny|222\/271
|-damage|p1a: Playboy|206\/271|[from] Stealth Rock
|turn|16
|
|move|p1a: Playboy|Return|p2a: Latios
|-damage|p2a: Latios|0 fnt
|faint|p2a: Latios
|
|
|switch|p2a: Rotom-Wash|Rotom-Wash|193\/297
|-damage|p2a: Rotom-Wash|156\/297|[from] Stealth Rock
|turn|17
|
|move|p1a: Playboy|Return|p2a: Rotom-Wash
|-damage|p2a: Rotom-Wash|18\/297
|move|p2a: Rotom-Wash|Hydro Pump|p1a: Playboy
|-damage|p1a: Playboy|64\/271
|
|-heal|p2a: Rotom-Wash|36\/297|[from] item: Leftovers
|turn|18
|c|âMoB Barley|ggg
|c|âCaptain Jiggs|gg
|leave|MasterButter
|c|âCaptain Jiggs|;-;
|
|move|p1a: Playboy|Return|p2a: Rotom-Wash
|-damage|p2a: Rotom-Wash|0 fnt
|faint|p2a: Rotom-Wash
|
|win|MoB Barley
|raw|Ladder updating...
|raw|MoB Barley's rating: 1817 &rarr; <strong>1824<\/strong><br \/>(+7 for winning)
|raw|Captain Jiggs's rating: 1567 &rarr; <strong>1559<\/strong><br \/>(-8 for losing)
|leave|MoB Barley