|join|MoB Barley
|join|Apedingo
|player|p1|MoB Barley|161
|player|p2|Apedingo|242
|gametype|singles
|gen|6
|tier|OU
|rated
|clearpoke
|poke|p1|Diancie, shiny
|poke|p1|Hydreigon, M
|poke|p1|Magnezone, shiny
|poke|p1|Jirachi, shiny
|poke|p1|Landorus-Therian, M
|poke|p1|Azumarill, M, shiny
|poke|p2|Landorus-Therian, M
|poke|p2|Metagross
|poke|p2|Azumarill, F
|poke|p2|Latios, M
|poke|p2|Tyranitar, M
|poke|p2|Magnezone
|rule|Swagger Clause: Swagger is banned
|rule|Baton Pass Clause: Limit one PokÃ©mon knowing Baton Pass
|rule|Sleep Clause Mod: Limit one foe put to sleep
|rule|Species Clause: Limit one of each PokÃ©mon
|rule|OHKO Clause: OHKO moves are banned
|rule|Moody Clause: Moody is banned
|rule|Evasion Moves Clause: Evasion moves are banned
|rule|Endless Battle Clause: Forcing endless battles is banned
|rule|HP Percentage Mod: HP is shown in percentages
|teampreview
|
|start
|switch|p1a: Angel|Diancie, shiny|241\/241
|switch|p2a: Fluffy Paws|Landorus-Therian, M|382\/382
|-ability|p2a: Fluffy Paws|Intimidate|[of] p1a: Angel
|-fail|p1a: Angel|unboost|[from] ability: Clear Body|[of] p1a: Angel
|turn|1
|
|detailschange|p1a: Angel|Diancie-Mega, shiny
|-mega|p1a: Angel|Diancie|Diancite
|move|p1a: Angel|Protect|p1a: Angel
|-singleturn|p1a: Angel|Protect
|move|p2a: Fluffy Paws|Stealth Rock|p1a: Angel
|move|p1a: Angel|Stealth Rock|p2a: Fluffy Paws|[from]Magic Bounce
|-sidestart|p2: Apedingo|move: Stealth Rock
|
|turn|2
|
|move|p1a: Angel|Moonblast|p2a: Fluffy Paws
|-crit|p2a: Fluffy Paws
|-damage|p2a: Fluffy Paws|10\/382
|move|p2a: Fluffy Paws|U-turn|p1a: Angel
|-resisted|p1a: Angel
|-damage|p1a: Angel|205\/241
|
|switch|p2a: Damn Cute Bunny|Azumarill, F|401\/401
|-damage|p2a: Damn Cute Bunny|351\/401|[from] Stealth Rock
|
|turn|3
|
|switch|p1a: Starburst|Jirachi, shiny|404\/404
|move|p2a: Damn Cute Bunny|Waterfall|p1a: Starburst
|-damage|p1a: Starburst|236\/404
|
|-heal|p1a: Starburst|261\/404|[from] item: Leftovers
|turn|4
|join|Khaliem
|
|move|p1a: Starburst|Iron Head|p2a: Damn Cute Bunny
|-damage|p2a: Damn Cute Bunny|237\/401
|move|p2a: Damn Cute Bunny|Knock Off|p1a: Starburst
|-supereffective|p1a: Starburst
|-damage|p1a: Starburst|0 fnt
|-enditem|p1a: Starburst|Leftovers|[from] move: Knock Off|[of] p2a: Damn Cute Bunny
|faint|p1a: Starburst
|
|join|Turducken64
|
|switch|p1a: Magneto|Magnezone, shiny|281\/281
|turn|5
|
|switch|p2a: Fluffy Paws|Landorus-Therian, M|10\/382
|-damage|p2a: Fluffy Paws|0 fnt|[from] Stealth Rock
|faint|p2a: Fluffy Paws
|move|p1a: Magneto|Volt Switch|p2: Fluffy Paws|[notarget]
|-notarget
|
|
|switch|p2a: It's a trap|Magnezone|281\/281
|-damage|p2a: It's a trap|264\/281|[from] Stealth Rock
|turn|6
|join|Like me 2
|
|move|p2a: It's a trap|Hidden Power|p1a: Magneto
|-supereffective|p1a: Magneto
|-damage|p1a: Magneto|137\/281
|move|p1a: Magneto|Volt Switch|p2a: It's a trap
|-resisted|p2a: It's a trap
|-damage|p2a: It's a trap|198\/281
|
|switch|p1a: Angel|Diancie-Mega, shiny|205\/241
|
|turn|7
|
|switch|p2a: Mr. Fancypants|Tyranitar, M|403\/403
|-damage|p2a: Mr. Fancypants|353\/403|[from] Stealth Rock
|-weather|Sandstorm
|move|p1a: Angel|Moonblast|p2a: Mr. Fancypants
|-supereffective|p2a: Mr. Fancypants
|-damage|p2a: Mr. Fancypants|225\/403
|
|-weather|Sandstorm|[upkeep]
|turn|8
|join|M C HEARTH
|
|switch|p1a: land doge|Landorus-Therian, M|319\/319
|-ability|p1a: land doge|Intimidate|[of] p2a: Mr. Fancypants
|-unboost|p2a: Mr. Fancypants|atk|1
|move|p2a: Mr. Fancypants|Superpower|p1a: land doge
|-resisted|p1a: land doge
|-damage|p1a: land doge|279\/319
|-unboost|p2a: Mr. Fancypants|atk|1
|-unboost|p2a: Mr. Fancypants|def|1
|
|-weather|Sandstorm|[upkeep]
|turn|9
|join|the dingus account
|
|move|p1a: land doge|U-turn|p2a: Mr. Fancypants
|-supereffective|p2a: Mr. Fancypants
|-damage|p2a: Mr. Fancypants|0 fnt
|faint|p2a: Mr. Fancypants
|
|switch|p1a: Angel|Diancie-Mega, shiny|205\/241
|
|-weather|Sandstorm|[upkeep]
|
|switch|p2a: AWESOM-O 4000|Metagross|301\/301
|-damage|p2a: AWESOM-O 4000|283\/301|[from] Stealth Rock
|turn|10
|join|bouffalant12345
|
|detailschange|p2a: AWESOM-O 4000|Metagross-Mega
|-mega|p2a: AWESOM-O 4000|Metagross|Metagrossite
|move|p1a: Angel|Earth Power|p2a: AWESOM-O 4000
|-crit|p2a: AWESOM-O 4000
|-supereffective|p2a: AWESOM-O 4000
|-damage|p2a: AWESOM-O 4000|0 fnt
|faint|p2a: AWESOM-O 4000
|
|-weather|Sandstorm|[upkeep]
|join|the dingus account
|
|switch|p2a: Damn Cute Bunny|Azumarill, F|237\/401
|-damage|p2a: Damn Cute Bunny|187\/401|[from] Stealth Rock
|turn|11
|
|move|p1a: Angel|Diamond Storm|p2a: Damn Cute Bunny
|-damage|p2a: Damn Cute Bunny|0 fnt
|-boost|p1a: Angel|def|1
|faint|p2a: Damn Cute Bunny
|
|-weather|none
|-message|Apedingo forfeited.
|leave|Apedingo
|
|win|MoB Barley
|raw|Ladder updating...
|player|p2
|join|Arcanine is Regal
|raw|MoB Barley's rating: 1788 &rarr; <strong>1802<\/strong><br \/>(+14 for winning)
|raw|Apedingo's rating: 1687 &rarr; <strong>1673<\/strong><br \/>(-14 for losing)
|leave|MoB Barley
|leave|Like me 2
|leave|the dingus account
|leave|M C HEARTH
|player|p1
|join|the dingus account
|leave|the dingus account
|leave|Arcanine is Regal