|join|MoB Barley
|join|ThisFireBurns
|player|p1|MoB Barley|161
|player|p2|ThisFireBurns|101
|gametype|singles
|gen|6
|tier|OU
|rated
|clearpoke
|poke|p1|Diancie, shiny
|poke|p1|Hydreigon, M
|poke|p1|Magnezone, shiny
|poke|p1|Jirachi, shiny
|poke|p1|Landorus-Therian, M
|poke|p1|Azumarill, M, shiny
|poke|p2|Scizor, F
|poke|p2|Rotom-Wash
|poke|p2|Bisharp, F
|poke|p2|Gardevoir, M
|poke|p2|Landorus-Therian, M
|poke|p2|Talonflame, M
|rule|Swagger Clause: Swagger is banned
|rule|Baton Pass Clause: Limit one PokÃ©mon knowing Baton Pass
|rule|Sleep Clause Mod: Limit one foe put to sleep
|rule|Species Clause: Limit one of each PokÃ©mon
|rule|OHKO Clause: OHKO moves are banned
|rule|Moody Clause: Moody is banned
|rule|Evasion Moves Clause: Evasion moves are banned
|rule|Endless Battle Clause: Forcing endless battles is banned
|rule|HP Percentage Mod: HP is shown in percentages
|teampreview
|join|CleanerThanRotom-W
|
|start
|switch|p1a: Angel|Diancie, shiny|241\/241
|switch|p2a: Landorus-Therian|Landorus-Therian, M|329\/329
|-ability|p2a: Landorus-Therian|Intimidate|[of] p1a: Angel
|-fail|p1a: Angel|unboost|[from] ability: Clear Body|[of] p1a: Angel
|turn|1
|
|detailschange|p1a: Angel|Diancie-Mega, shiny
|-mega|p1a: Angel|Diancie|Diancite
|move|p1a: Angel|Protect|p1a: Angel
|-singleturn|p1a: Angel|Protect
|move|p2a: Landorus-Therian|Earthquake|p1a: Angel
|-activate|p1a: Angel|Protect
|
|turn|2
|join|Anna Theke
|join|Appreciation
|
|switch|p2a: Rotom-Wash|Rotom-Wash|299\/299
|move|p1a: Angel|Moonblast|p2a: Rotom-Wash
|-damage|p2a: Rotom-Wash|124\/299
|-unboost|p2a: Rotom-Wash|spa|1
|
|turn|3
|c| Appreciation|its rocks
|c| Appreciation|ITS ROCKS
|c| Appreciation|good predonked
|c| Appreciation|its chesto
|c|âThisFireBurns|nice
|
|switch|p2a: Scizor|Scizor, F|344\/344
|move|p1a: Angel|Moonblast|p2a: Scizor
|-resisted|p2a: Scizor
|-damage|p2a: Scizor|224\/344
|-unboost|p2a: Scizor|spa|1
|
|turn|4
|c| Appreciation|its his defoger
|
|detailschange|p2a: Scizor|Scizor-Mega, F
|-mega|p2a: Scizor|Scizor|Scizorite
|move|p1a: Angel|Protect|p1a: Angel
|-singleturn|p1a: Angel|Protect
|move|p2a: Scizor|U-turn|p1a: Angel
|-activate|p1a: Angel|Protect
|
|turn|5
|join|They call me clamp
|c| Appreciation|simply predonked
|
|switch|p1a: land doge|Landorus-Therian, M|319\/319
|-ability|p1a: land doge|Intimidate|[of] p2a: Scizor
|-unboost|p2a: Scizor|atk|1
|switch|p2a: Landorus-Therian|Landorus-Therian, M|329\/329
|-ability|p2a: Landorus-Therian|Intimidate|[of] p1a: land doge
|-unboost|p1a: land doge|atk|1
|
|turn|6
|join|ryzed
|
|move|p1a: land doge|U-turn|p2a: Landorus-Therian
|-resisted|p2a: Landorus-Therian
|-damage|p2a: Landorus-Therian|298\/329
|
|switch|p1a: Starburst|Jirachi, shiny|404\/404
|move|p2a: Landorus-Therian|Stealth Rock|p1a: Starburst
|-sidestart|p1: MoB Barley|move: Stealth Rock
|
|turn|7
|c|âMoB Barley|hahah
|c|âMoB Barley|cleaner
|
|switch|p2a: Bisharp|Bisharp, F|271\/271
|move|p1a: Starburst|Stealth Rock|p2a: Bisharp
|-sidestart|p2: ThisFireBurns|move: Stealth Rock
|
|turn|8
|join|Laschero
|c| CleanerThanRotom-W|what did i tell you
|
|move|p1a: Starburst|U-turn|p2a: Bisharp
|-damage|p2a: Bisharp|214\/271
|
|switch|p1a: Illuminati|Hydreigon, M|325\/325
|-damage|p1a: Illuminati|285\/325|[from] Stealth Rock
|move|p2a: Bisharp|Thunder Wave|p1a: Illuminati
|-status|p1a: Illuminati|par
|
|turn|9
|c| CleanerThanRotom-W|LOL
|c| CleanerThanRotom-W|im done
|c| CleanerThanRotom-W|gg
|c| CleanerThanRotom-W|gÂ²
|
|move|p2a: Bisharp|Iron Head|p1a: Illuminati
|-crit|p1a: Illuminati
|-damage|p1a: Illuminati|0 fnt
|-damage|p2a: Bisharp|187\/271|[from] item: Life Orb
|faint|p1a: Illuminati
|
|c| CleanerThanRotom-W|gÂ²gÂ²gÂ²
|c|âThisFireBurns|sorry bro
|
|switch|p1a: Magneto|Magnezone, shiny|281\/281
|-damage|p1a: Magneto|264\/281|[from] Stealth Rock
|turn|10
|c| ryzed|creative bisharp sets
|
|move|p2a: Bisharp|Sucker Punch|p1a: Magneto
|-damage|p1a: Magneto|99\/281
|-damage|p2a: Bisharp|160\/271|[from] item: Life Orb
|move|p1a: Magneto|Thunderbolt|p2a: Bisharp
|-damage|p2a: Bisharp|0 fnt
|faint|p2a: Bisharp
|
|c| Appreciation|bisharp is
|
|switch|p2a: Landorus-Therian|Landorus-Therian, M|298\/329
|-damage|p2a: Landorus-Therian|257\/329|[from] Stealth Rock
|-ability|p2a: Landorus-Therian|Intimidate|[of] p1a: Magneto
|-unboost|p1a: Magneto|atk|1
|turn|11
|c| Appreciation|good AF
|c|âThisFireBurns|thanks man
|
|switch|p1a: land doge|Landorus-Therian, M|319\/319
|-damage|p1a: land doge|280\/319|[from] Stealth Rock
|-ability|p1a: land doge|Intimidate|[of] p2a: Landorus-Therian
|-unboost|p2a: Landorus-Therian|atk|1
|move|p2a: Landorus-Therian|U-turn|p1a: land doge
|-resisted|p1a: land doge
|-damage|p1a: land doge|243\/319
|c| Appreciation|np man
|c| ryzed|yeah bisharp at leasts goes 1-1 in all my games
|c| Appreciation|MAN MAN MAN
|
|switch|p2a: Gardevoir|Gardevoir, M|277\/277
|-damage|p2a: Gardevoir|243\/277|[from] Stealth Rock
|-ability|p2a: Gardevoir|Intimidate|[from] ability: Trace|[of] p1a: land doge
|-ability|p2a: Gardevoir|Intimidate|[of] p1a: land doge
|-unboost|p1a: land doge|atk|1
|
|turn|12
|
|move|p1a: land doge|U-turn|p2a: Gardevoir
|-damage|p2a: Gardevoir|153\/277
|
|switch|p1a: Starburst|Jirachi, shiny|404\/404
|-damage|p1a: Starburst|379\/404|[from] Stealth Rock
|move|p2a: Gardevoir|Moonblast|p1a: Starburst
|-resisted|p1a: Starburst
|-damage|p1a: Starburst|318\/404
|
|-heal|p1a: Starburst|343\/404|[from] item: Leftovers
|turn|13
|
|switch|p2a: Landorus-Therian|Landorus-Therian, M|257\/329
|-damage|p2a: Landorus-Therian|216\/329|[from] Stealth Rock
|-ability|p2a: Landorus-Therian|Intimidate|[of] p1a: Starburst
|-unboost|p1a: Starburst|atk|1
|move|p1a: Starburst|U-turn|p2a: Landorus-Therian
|-resisted|p2a: Landorus-Therian
|-damage|p2a: Landorus-Therian|194\/329
|
|switch|p1a: Wabbit Season|Azumarill, M, shiny|360\/360
|-damage|p1a: Wabbit Season|315\/360|[from] Stealth Rock
|
|turn|14
|
|move|p2a: Landorus-Therian|Earthquake|p1a: Wabbit Season
|-crit|p1a: Wabbit Season
|-damage|p1a: Wabbit Season|0 fnt
|faint|p1a: Wabbit Season
|
|c|âMoB Barley|wow
|leave|Appreciation
|c|âMoB Barley|stop haxing me
|c| ryzed|hax
|join|unforgotten tele
|c|âThisFireBurns|sorry bro
|
|switch|p1a: land doge|Landorus-Therian, M|243\/319
|-damage|p1a: land doge|204\/319|[from] Stealth Rock
|-ability|p1a: land doge|Intimidate|[of] p2a: Landorus-Therian
|-unboost|p2a: Landorus-Therian|atk|1
|turn|15
|c|âMoB Barley|why are u even staying in smh
|join|mdianst
|leave|mdianst
|join|mdianst
|leave|mdianst
|
|move|p1a: land doge|U-turn|p2a: Landorus-Therian
|-resisted|p2a: Landorus-Therian
|-damage|p2a: Landorus-Therian|144\/329
|join|Omegasization
|
|switch|p1a: Starburst|Jirachi, shiny|343\/404
|-damage|p1a: Starburst|318\/404|[from] Stealth Rock
|move|p2a: Landorus-Therian|Earthquake|p1a: Starburst
|-crit|p1a: Starburst
|-supereffective|p1a: Starburst
|-damage|p1a: Starburst|0 fnt
|faint|p1a: Starburst
|
|c|âThisFireBurns|sorry
|c|âThisFireBurns|again
|c|âThisFireBurns|lol
|c| Laschero|lol
|c|âMoB Barley|lucky n bad\
|-message|MoB Barley forfeited.
|leave|MoB Barley
|c| unforgotten tele|>why aren't u making the plays i want u to make
|
|win|ThisFireBurns
|raw|Ladder updating...
|player|p1