|join|MoB Barley
|join|Professional 01
|player|p1|MoB Barley|161
|player|p2|Professional 01|293
|gametype|singles
|gen|6
|tier|OU
|rated
|clearpoke
|poke|p1|Diancie, shiny
|poke|p1|Hydreigon, M
|poke|p1|Magnezone, shiny
|poke|p1|Jirachi, shiny
|poke|p1|Landorus-Therian, M
|poke|p1|Azumarill, M, shiny
|poke|p2|Volcarona, F
|poke|p2|Slowbro, F
|poke|p2|Keldeo
|poke|p2|Gyarados, M
|poke|p2|Latias, F
|poke|p2|Scizor, F
|rule|Swagger Clause: Swagger is banned
|rule|Baton Pass Clause: Limit one PokÃ©mon knowing Baton Pass
|rule|Sleep Clause Mod: Limit one foe put to sleep
|rule|Species Clause: Limit one of each PokÃ©mon
|rule|OHKO Clause: OHKO moves are banned
|rule|Moody Clause: Moody is banned
|rule|Evasion Moves Clause: Evasion moves are banned
|rule|Endless Battle Clause: Forcing endless battles is banned
|rule|HP Percentage Mod: HP is shown in percentages
|teampreview
|c|âProfessional 01|hf
|c|âMoB Barley|gl
|join|belgrade
|
|start
|switch|p1a: Angel|Diancie, shiny|241\/241
|switch|p2a: Keldeo|Keldeo|323\/323
|turn|1
|
|detailschange|p1a: Angel|Diancie-Mega, shiny
|-mega|p1a: Angel|Diancie|Diancite
|move|p1a: Angel|Protect|p1a: Angel
|-singleturn|p1a: Angel|Protect
|move|p2a: Keldeo|Scald|p1a: Angel
|-activate|p1a: Angel|Protect
|
|turn|2
|join|Glorious Advance
|c|âProfessional 01|nice, those are rare
|
|switch|p1a: Starburst|Jirachi, shiny|404\/404
|move|p2a: Keldeo|Scald|p1a: Starburst
|-damage|p1a: Starburst|295\/404
|
|-heal|p1a: Starburst|320\/404|[from] item: Leftovers
|turn|3
|
|switch|p2a: Scizor|Scizor, F|343\/343
|move|p1a: Starburst|Stealth Rock|p2a: Scizor
|-sidestart|p2: Professional 01|move: Stealth Rock
|
|-heal|p1a: Starburst|345\/404|[from] item: Leftovers
|turn|4
|
|move|p1a: Starburst|U-turn|p2a: Scizor
|-resisted|p2a: Scizor
|-damage|p2a: Scizor|318\/343
|
|move|p2a: Scizor|Pursuit|p1a: Starburst|[from]Pursuit
|-supereffective|p1a: Starburst
|-damage|p1a: Starburst|105\/404
|switch|p1a: land doge|Landorus-Therian, M|319\/319
|-ability|p1a: land doge|Intimidate|[of] p2a: Scizor
|-unboost|p2a: Scizor|atk|1
|
|turn|5
|
|move|p1a: land doge|U-turn|p2a: Scizor
|-resisted|p2a: Scizor
|-damage|p2a: Scizor|273\/343
|
|switch|p1a: Magneto|Magnezone, shiny|281\/281
|move|p2a: Scizor|U-turn|p1a: Magneto
|-resisted|p1a: Magneto
|-damage|p1a: Magneto|245\/281
|
|switch|p2a: Latias|Latias, F|363\/363
|-damage|p2a: Latias|318\/363|[from] Stealth Rock
|
|turn|6
|
|switch|p1a: Starburst|Jirachi, shiny|105\/404
|move|p2a: Latias|Defog|p1a: Starburst
|-unboost|p1a: Starburst|evasion|1
|-sideend|p2: Professional 01|Stealth Rock|[from] move: Defog|[of] p2a: Latias
|
|-heal|p1a: Starburst|130\/404|[from] item: Leftovers
|turn|7
|join|IDK TBH
|
|move|p2a: Latias|Thunder Wave|p1a: Starburst
|-status|p1a: Starburst|par
|cant|p1a: Starburst|par
|
|-heal|p1a: Starburst|155\/404 par|[from] item: Leftovers
|turn|8
|
|switch|p2a: Volcarona|Volcarona, F|329\/329
|move|p1a: Starburst|Stealth Rock|p2a: Volcarona
|-sidestart|p2: Professional 01|move: Stealth Rock
|
|-heal|p1a: Starburst|180\/404 par|[from] item: Leftovers
|turn|9
|join|Notorious544d
|
|switch|p1a: land doge|Landorus-Therian, M|319\/319
|-ability|p1a: land doge|Intimidate|[of] p2a: Volcarona
|-unboost|p2a: Volcarona|atk|1
|move|p2a: Volcarona|Giga Drain|p1a: land doge
|-damage|p1a: land doge|215\/319
|
|turn|10
|
|switch|p2a: Latias|Latias, F|318\/363
|-damage|p2a: Latias|273\/363|[from] Stealth Rock
|move|p1a: land doge|Stone Edge|p2a: Latias
|-damage|p2a: Latias|136\/363
|
|turn|11
|
|switch|p2a: Keldeo|Keldeo|323\/323
|-damage|p2a: Keldeo|303\/323|[from] Stealth Rock
|move|p1a: land doge|Stone Edge|p2a: Keldeo|[miss]
|-miss|p1a: land doge|p2a: Keldeo
|
|turn|12
|
|switch|p1a: Starburst|Jirachi, shiny|180\/404 par
|move|p2a: Keldeo|Scald|p1a: Starburst
|-damage|p1a: Starburst|57\/404 par
|
|-heal|p1a: Starburst|82\/404 par|[from] item: Leftovers
|turn|13
|
|move|p2a: Keldeo|Scald|p1a: Starburst
|-damage|p1a: Starburst|0 fnt
|faint|p1a: Starburst
|
|
|switch|p1a: Illuminati|Hydreigon, M|325\/325
|turn|14
|
|switch|p2a: Scizor|Scizor, F|273\/343
|-damage|p2a: Scizor|231\/343|[from] Stealth Rock
|move|p1a: Illuminati|Dark Pulse|p2a: Scizor
|-crit|p2a: Scizor
|-damage|p2a: Scizor|0 fnt
|-damage|p1a: Illuminati|293\/325|[from] item: Life Orb
|faint|p2a: Scizor
|
|
|switch|p2a: Latias|Latias, F|136\/363
|-damage|p2a: Latias|91\/363|[from] Stealth Rock
|turn|15
|
|move|p2a: Latias|Defog|p1a: Illuminati
|-unboost|p1a: Illuminati|evasion|1
|-sideend|p2: Professional 01|Stealth Rock|[from] move: Defog|[of] p2a: Latias
|move|p1a: Illuminati|Dark Pulse|p2a: Latias
|-supereffective|p2a: Latias
|-damage|p2a: Latias|0 fnt
|-damage|p1a: Illuminati|261\/325|[from] item: Life Orb
|faint|p2a: Latias
|
|
|switch|p2a: Keldeo|Keldeo|303\/323
|turn|16
|
|switch|p1a: Wabbit Season|Azumarill, M, shiny|360\/360
|move|p2a: Keldeo|Hidden Power|p1a: Wabbit Season
|-supereffective|p1a: Wabbit Season
|-damage|p1a: Wabbit Season|176\/360
|-enditem|p1a: Wabbit Season|Sitrus Berry|[eat]
|-heal|p1a: Wabbit Season|266\/360|[from] item: Sitrus Berry
|
|turn|17
|
|switch|p1a: Illuminati|Hydreigon, M|261\/325
|move|p2a: Keldeo|Hidden Power|p1a: Illuminati
|-resisted|p1a: Illuminati
|-damage|p1a: Illuminati|214\/325
|
|turn|18
|join|Biz
|leave|Glorious Advance
|
|switch|p2a: Slowbro|Slowbro, F|393\/393
|move|p1a: Illuminati|Draco Meteor|p2a: Slowbro
|-damage|p2a: Slowbro|111\/393
|-unboost|p1a: Illuminati|spa|2
|-damage|p1a: Illuminati|182\/325|[from] item: Life Orb
|
|turn|19
|
|detailschange|p2a: Slowbro|Slowbro-Mega, F
|-mega|p2a: Slowbro|Slowbro|Slowbronite
|move|p1a: Illuminati|Draco Meteor|p2a: Slowbro
|-damage|p2a: Slowbro|0 fnt
|-unboost|p1a: Illuminati|spa|2
|-damage|p1a: Illuminati|150\/325|[from] item: Life Orb
|faint|p2a: Slowbro
|
|
|switch|p2a: Volcarona|Volcarona, F|329\/329
|turn|20
|join|RagnarFR
|leave|RagnarFR
|
|switch|p1a: land doge|Landorus-Therian, M|215\/319
|-ability|p1a: land doge|Intimidate|[of] p2a: Volcarona
|-unboost|p2a: Volcarona|atk|1
|move|p2a: Volcarona|Quiver Dance|p2a: Volcarona
|-boost|p2a: Volcarona|spa|1
|-boost|p2a: Volcarona|spd|1
|-boost|p2a: Volcarona|spe|1
|
|turn|21
|
|move|p2a: Volcarona|Fire Blast|p1a: land doge
|-damage|p1a: land doge|0 fnt
|faint|p1a: land doge
|
|join|Big Andrew
|
|switch|p1a: Wabbit Season|Azumarill, M, shiny|266\/360
|turn|22
|leave|Big Andrew
|
|move|p1a: Wabbit Season|Aqua Jet|p2a: Volcarona
|-supereffective|p2a: Volcarona
|-damage|p2a: Volcarona|63\/329
|move|p2a: Volcarona|Giga Drain|p1a: Wabbit Season
|-supereffective|p1a: Wabbit Season
|-damage|p1a: Wabbit Season|0 fnt
|-heal|p2a: Volcarona|196\/329|[from] drain|[of] p1a: Wabbit Season
|faint|p1a: Wabbit Season
|
|-message|MoB Barley forfeited.
|leave|MoB Barley
|
|win|Professional 01
|raw|Ladder updating...
|player|p1
|leave|IDK TBH
|raw|MoB Barley's rating: 1717 &rarr; <strong>1694<\/strong><br \/>(-23 for losing)
|raw|Professional 01's rating: 1660 &rarr; <strong>1684<\/strong><br \/>(+24 for winning)
|leave|belgrade