|join|MoB Barley
|join|Dodoria
|player|p1|MoB Barley|161
|player|p2|Dodoria|224
|gametype|singles
|gen|6
|tier|OU
|rated
|clearpoke
|poke|p1|Metagross, shiny
|poke|p1|Landorus, M, shiny
|poke|p1|Garchomp, M, shiny
|poke|p1|Azumarill, M
|poke|p1|Latias, F
|poke|p1|Keldeo-Resolute, shiny
|poke|p2|Heatran, F
|poke|p2|Togekiss, M
|poke|p2|Sceptile, F
|poke|p2|Landorus-Therian, M
|poke|p2|Slowking, F
|poke|p2|Latios, M
|rule|Swagger Clause: Swagger is banned
|rule|Baton Pass Clause: Limit one PokÃ©mon knowing Baton Pass
|rule|Sleep Clause Mod: Limit one foe put to sleep
|rule|Species Clause: Limit one of each PokÃ©mon
|rule|OHKO Clause: OHKO moves are banned
|rule|Moody Clause: Moody is banned
|rule|Evasion Moves Clause: Evasion moves are banned
|rule|Endless Battle Clause: Forcing endless battles is banned
|rule|HP Percentage Mod: HP is shown in percentages
|teampreview
|c|âMoB Barley|you can consider me vegeta
|c|âDodoria|Haha
|c|âDodoria|gl
|c|âMoB Barley|gl
|
|start
|switch|p1a: Landorus|Landorus, M, shiny|319\/319
|switch|p2a: Sceptile|Sceptile, F|281\/281
|turn|1
|c|âMoB Barley|stay in imo
|
|switch|p2a: Latios|Latios, M|299\/299
|move|p1a: Landorus|Stealth Rock|p2a: Latios
|-sidestart|p2: Dodoria|move: Stealth Rock
|
|turn|2
|
|switch|p1a: Metagross|Metagross, shiny|301\/301
|move|p2a: Latios|Draco Meteor|p1a: Metagross
|-resisted|p1a: Metagross
|-damage|p1a: Metagross|115\/301
|-unboost|p2a: Latios|spa|2
|-damage|p2a: Latios|270\/299|[from] item: Life Orb
|
|turn|3
|
|switch|p2a: Slowking|Slowking, F|394\/394
|-damage|p2a: Slowking|345\/394|[from] Stealth Rock
|detailschange|p1a: Metagross|Metagross-Mega, shiny
|-mega|p1a: Metagross|Metagross|Metagrossite
|move|p1a: Metagross|Meteor Mash|p2a: Slowking
|-resisted|p2a: Slowking
|-damage|p2a: Slowking|207\/394
|-boost|p1a: Metagross|atk|1
|
|-heal|p2a: Slowking|231\/394|[from] item: Leftovers
|turn|4
|
|move|p1a: Metagross|Meteor Mash|p2a: Slowking
|-resisted|p2a: Slowking
|-damage|p2a: Slowking|42\/394
|move|p2a: Slowking|Thunder Wave|p1a: Metagross
|-status|p1a: Metagross|par
|
|-heal|p2a: Slowking|66\/394|[from] item: Leftovers
|turn|5
|
|move|p2a: Slowking|Slack Off|p2a: Slowking
|-heal|p2a: Slowking|263\/394
|cant|p1a: Metagross|par
|
|-heal|p2a: Slowking|287\/394|[from] item: Leftovers
|turn|6
|
|switch|p1a: Latias|Latias, F|301\/301
|move|p2a: Slowking|Scald|p1a: Latias
|-resisted|p1a: Latias
|-damage|p1a: Latias|265\/301
|
|-heal|p2a: Slowking|311\/394|[from] item: Leftovers
|turn|7
|join|shermin vermin
|
|switch|p1a: Azumarill|Azumarill, M|360\/360
|move|p2a: Slowking|Slack Off|p2a: Slowking
|-heal|p2a: Slowking|394\/394
|
|turn|8
|
|move|p1a: Azumarill|Knock Off|p2a: Slowking
|-supereffective|p2a: Slowking
|-damage|p2a: Slowking|96\/394
|-enditem|p2a: Slowking|Leftovers|[from] move: Knock Off|[of] p1a: Azumarill
|move|p2a: Slowking|Scald|p1a: Azumarill
|-resisted|p1a: Azumarill
|-damage|p1a: Azumarill|301\/360
|-status|p1a: Azumarill|brn
|
|-damage|p1a: Azumarill|256\/360 brn|[from] brn
|turn|9
|
|switch|p2a: Landorus-Therian|Landorus-Therian, M|379\/379
|-damage|p2a: Landorus-Therian|332\/379|[from] Stealth Rock
|-ability|p2a: Landorus-Therian|Intimidate|[of] p1a: Azumarill
|-unboost|p1a: Azumarill|atk|1
|move|p1a: Azumarill|Play Rough|p2a: Landorus-Therian
|-damage|p2a: Landorus-Therian|281\/379
|
|-heal|p2a: Landorus-Therian|304\/379|[from] item: Leftovers
|-damage|p1a: Azumarill|211\/360 brn|[from] brn
|turn|10
|
|switch|p1a: Latias|Latias, F|265\/301
|move|p2a: Landorus-Therian|Stealth Rock|p1a: Latias
|-sidestart|p1: MoB Barley|move: Stealth Rock
|
|-heal|p2a: Landorus-Therian|327\/379|[from] item: Leftovers
|turn|11
|
|switch|p2a: Heatran|Heatran, F|323\/323
|-damage|p2a: Heatran|283\/323|[from] Stealth Rock
|move|p1a: Latias|Healing Wish|p1a: Latias
|faint|p1a: Latias
|
|-heal|p2a: Heatran|303\/323|[from] item: Leftovers
|
|switch|p1a: Azumarill|Azumarill, M|211\/360 brn
|-heal|p1a: Azumarill|360\/360|[from] move: Healing Wish
|-damage|p1a: Azumarill|315\/360|[from] Stealth Rock
|turn|12
|
|switch|p1a: Keldeo-Resolute|Keldeo-Resolute, shiny|323\/323
|-damage|p1a: Keldeo-Resolute|303\/323|[from] Stealth Rock
|move|p2a: Heatran|Taunt|p1a: Keldeo-Resolute
|-start|p1a: Keldeo-Resolute|move: Taunt
|
|-heal|p2a: Heatran|323\/323|[from] item: Leftovers
|turn|13
|
|switch|p2a: Slowking|Slowking, F|227\/394
|-damage|p2a: Slowking|178\/394|[from] Stealth Rock
|move|p1a: Keldeo-Resolute|Secret Sword|p2a: Slowking
|-resisted|p2a: Slowking
|-damage|p2a: Slowking|48\/394
|
|turn|14
|
|switch|p2a: Latios|Latios, M|270\/299
|-damage|p2a: Latios|233\/299|[from] Stealth Rock
|move|p1a: Keldeo-Resolute|Secret Sword|p2a: Latios
|-resisted|p2a: Latios
|-damage|p2a: Latios|107\/299
|
|turn|15
|
|switch|p1a: Metagross|Metagross-Mega, shiny|115\/301 par
|-damage|p1a: Metagross|97\/301 par|[from] Stealth Rock
|move|p2a: Latios|Recover|p2a: Latios
|-heal|p2a: Latios|257\/299
|
|turn|16
|join|Luffy Trillen
|
|switch|p2a: Heatran|Heatran, F|323\/323
|-damage|p2a: Heatran|283\/323|[from] Stealth Rock
|move|p1a: Metagross|Meteor Mash|p2a: Heatran
|-crit|p2a: Heatran
|-resisted|p2a: Heatran
|-damage|p2a: Heatran|196\/323
|
|-heal|p2a: Heatran|216\/323|[from] item: Leftovers
|turn|17
|
|switch|p1a: Keldeo-Resolute|Keldeo-Resolute, shiny|303\/323
|-damage|p1a: Keldeo-Resolute|283\/323|[from] Stealth Rock
|move|p2a: Heatran|Earth Power|p1a: Keldeo-Resolute
|-damage|p1a: Keldeo-Resolute|163\/323
|
|-heal|p2a: Heatran|236\/323|[from] item: Leftovers
|turn|18
|
|switch|p2a: Slowking|Slowking, F|179\/394
|-damage|p2a: Slowking|130\/394|[from] Stealth Rock
|move|p1a: Keldeo-Resolute|Scald|p2a: Slowking
|-resisted|p2a: Slowking
|-damage|p2a: Slowking|52\/394
|
|turn|19
|
|move|p1a: Keldeo-Resolute|Scald|p2a: Slowking
|-resisted|p2a: Slowking
|-damage|p2a: Slowking|0 fnt
|faint|p2a: Slowking
|
|c|âDodoria|rip kng, you did well
|
|switch|p2a: Sceptile|Sceptile, F|281\/281
|-damage|p2a: Sceptile|246\/281|[from] Stealth Rock
|turn|20
|
|switch|p1a: Metagross|Metagross-Mega, shiny|97\/301 par
|-damage|p1a: Metagross|79\/301 par|[from] Stealth Rock
|detailschange|p2a: Sceptile|Sceptile-Mega, F
|-mega|p2a: Sceptile|Sceptile|Sceptilite
|move|p2a: Sceptile|Substitute|p2a: Sceptile
|-start|p2a: Sceptile|Substitute
|-damage|p2a: Sceptile|176\/281
|
|turn|21
|
|move|p2a: Sceptile|Focus Blast|p1a: Metagross
|-damage|p1a: Metagross|0 fnt
|faint|p1a: Metagross
|
|
|switch|p1a: Landorus|Landorus, M, shiny|319\/319
|-damage|p1a: Landorus|280\/319|[from] Stealth Rock
|turn|22
|
|move|p2a: Sceptile|Giga Drain|p1a: Landorus
|-damage|p1a: Landorus|93\/319
|-heal|p2a: Sceptile|270\/281|[from] drain|[of] p1a: Landorus
|move|p1a: Landorus|Earth Power|p2a: Sceptile
|-resisted|p2a: Sceptile
|-end|p2a: Sceptile|Substitute
|
|turn|23
|
|move|p2a: Sceptile|Giga Drain|p1a: Landorus
|-damage|p1a: Landorus|0 fnt
|-heal|p2a: Sceptile|281\/281|[from] drain|[of] p1a: Landorus
|faint|p1a: Landorus
|
|
|switch|p1a: Garchomp|Garchomp, M, shiny|358\/358
|-damage|p1a: Garchomp|336\/358|[from] Stealth Rock
|turn|24
|
|switch|p2a: Togekiss|Togekiss, M|311\/311
|-damage|p2a: Togekiss|234\/311|[from] Stealth Rock
|move|p1a: Garchomp|Dragon Claw|p2a: Togekiss
|-immune|p2a: Togekiss|[msg]
|
|-heal|p2a: Togekiss|253\/311|[from] item: Leftovers
|turn|25
|
|switch|p1a: Keldeo-Resolute|Keldeo-Resolute, shiny|163\/323
|-damage|p1a: Keldeo-Resolute|143\/323|[from] Stealth Rock
|move|p2a: Togekiss|Thunder Wave|p1a: Keldeo-Resolute
|-status|p1a: Keldeo-Resolute|par
|
|-heal|p2a: Togekiss|272\/311|[from] item: Leftovers
|turn|26
|leave|Luffy Trillen
|
|move|p2a: Togekiss|Air Slash|p1a: Keldeo-Resolute
|-supereffective|p1a: Keldeo-Resolute
|-damage|p1a: Keldeo-Resolute|0 fnt
|faint|p1a: Keldeo-Resolute
|
|-heal|p2a: Togekiss|291\/311|[from] item: Leftovers
|
|switch|p1a: Azumarill|Azumarill, M|315\/360
|-damage|p1a: Azumarill|270\/360|[from] Stealth Rock
|turn|27
|join|GunnerAnkita
|
|move|p2a: Togekiss|Air Slash|p1a: Azumarill
|-damage|p1a: Azumarill|131\/360
|-enditem|p1a: Azumarill|Sitrus Berry|[eat]
|-heal|p1a: Azumarill|221\/360|[from] item: Sitrus Berry
|move|p1a: Azumarill|Play Rough|p2a: Togekiss
|-damage|p2a: Togekiss|105\/311
|
|-heal|p2a: Togekiss|124\/311|[from] item: Leftovers
|turn|28
|
|move|p1a: Azumarill|Aqua Jet|p2a: Togekiss
|-damage|p2a: Togekiss|27\/311
|move|p2a: Togekiss|Air Slash|p1a: Azumarill
|-damage|p1a: Azumarill|65\/360
|
|-heal|p2a: Togekiss|46\/311|[from] item: Leftovers
|turn|29
|
|move|p1a: Azumarill|Aqua Jet|p2a: Togekiss
|-damage|p2a: Togekiss|0 fnt
|faint|p2a: Togekiss
|
|
|switch|p2a: Sceptile|Sceptile-Mega, F|281\/281
|-damage|p2a: Sceptile|246\/281|[from] Stealth Rock
|turn|30
|
|switch|p1a: Garchomp|Garchomp, M, shiny|336\/358
|-damage|p1a: Garchomp|314\/358|[from] Stealth Rock
|move|p2a: Sceptile|Giga Drain|p1a: Garchomp
|-damage|p1a: Garchomp|140\/358
|-heal|p2a: Sceptile|281\/281|[from] drain|[of] p1a: Garchomp
|
|turn|31
|
|switch|p1a: Azumarill|Azumarill, M|65\/360
|-damage|p1a: Azumarill|20\/360|[from] Stealth Rock
|switch|p2a: Landorus-Therian|Landorus-Therian, M|327\/379
|-damage|p2a: Landorus-Therian|280\/379|[from] Stealth Rock
|-ability|p2a: Landorus-Therian|Intimidate|[of] p1a: Azumarill
|-unboost|p1a: Azumarill|atk|1
|
|-heal|p2a: Landorus-Therian|303\/379|[from] item: Leftovers
|turn|32
|
|switch|p2a: Latios|Latios, M|257\/299
|-damage|p2a: Latios|220\/299|[from] Stealth Rock
|move|p1a: Azumarill|Aqua Jet|p2a: Latios
|-resisted|p2a: Latios
|-damage|p2a: Latios|187\/299
|
|turn|33
|
|move|p2a: Latios|Psyshock|p1a: Azumarill
|-damage|p1a: Azumarill|0 fnt
|-damage|p2a: Latios|158\/299|[from] item: Life Orb
|faint|p1a: Azumarill
|
|
|switch|p1a: Garchomp|Garchomp, M, shiny|140\/358
|-damage|p1a: Garchomp|118\/358|[from] Stealth Rock
|turn|34
|
|move|p1a: Garchomp|Outrage|p2a: Latios
|-supereffective|p2a: Latios
|-damage|p2a: Latios|0 fnt
|faint|p2a: Latios
|
|join|RayDalio
|
|switch|p2a: Landorus-Therian|Landorus-Therian, M|303\/379
|-damage|p2a: Landorus-Therian|256\/379|[from] Stealth Rock
|-ability|p2a: Landorus-Therian|Intimidate|[of] p1a: Garchomp
|-unboost|p1a: Garchomp|atk|1
|turn|35
|
|switch|p2a: Heatran|Heatran, F|236\/323
|-damage|p2a: Heatran|196\/323|[from] Stealth Rock
|move|p1a: Garchomp|Outrage|p2a: Heatran
|-resisted|p2a: Heatran
|-damage|p2a: Heatran|133\/323
|
|-end|p1a: Garchomp|rampage
|-start|p1a: Garchomp|confusion
|-heal|p2a: Heatran|153\/323|[from] item: Leftovers
|turn|36
|c|âDodoria|gg
|
|-activate|p1a: Garchomp|confusion
|-damage|p1a: Garchomp|84\/358|[from] confusion
|move|p2a: Heatran|Earth Power|p1a: Garchomp
|-damage|p1a: Garchomp|0 fnt
|faint|p1a: Garchomp
|
|win|Dodoria
|raw|Ladder updating...
|raw|MoB Barley's rating: 1831 &rarr; <strong>1798<\/strong><br \/>(-33 for losing)
|raw|Dodoria's rating: 1550 &rarr; <strong>1583<\/strong><br \/>(+33 for winning)
|leave|MoB Barley