|join|MoB Barley
|join|don't use mega
|player|p1|MoB Barley|161
|player|p2|don't use mega|101
|gametype|singles
|gen|6
|tier|OU
|rated
|clearpoke
|poke|p1|Diancie, shiny
|poke|p1|Hydreigon, M, shiny
|poke|p1|Magnezone, shiny
|poke|p1|Jirachi, shiny
|poke|p1|Landorus-Therian, M
|poke|p1|Azumarill, M
|poke|p2|Quagsire, F
|poke|p2|Gliscor, M
|poke|p2|Tyranitar, F
|poke|p2|Amoonguss, M
|poke|p2|Slowbro, M
|poke|p2|Chansey, F
|rule|Swagger Clause: Swagger is banned
|rule|Baton Pass Clause: Limit one PokÃ©mon knowing Baton Pass
|rule|Sleep Clause Mod: Limit one foe put to sleep
|rule|Species Clause: Limit one of each PokÃ©mon
|rule|OHKO Clause: OHKO moves are banned
|rule|Moody Clause: Moody is banned
|rule|Evasion Moves Clause: Evasion moves are banned
|rule|Endless Battle Clause: Forcing endless battles is banned
|rule|HP Percentage Mod: HP is shown in percentages
|teampreview
|join|tmpu
|join|Squirrelll
|
|start
|switch|p1a: Angel|Diancie, shiny|241\/241
|switch|p2a: Gliscor|Gliscor, M|350\/350
|turn|1
|
|detailschange|p1a: Angel|Diancie-Mega, shiny
|-mega|p1a: Angel|Diancie|Diancite
|move|p1a: Angel|Protect|p1a: Angel
|-singleturn|p1a: Angel|Protect
|move|p2a: Gliscor|Earthquake|p1a: Angel
|-activate|p1a: Angel|Protect
|
|-status|p2a: Gliscor|tox|[from] item: Toxic Orb
|turn|2
|
|switch|p1a: land doge|Landorus-Therian, M|319\/319
|-ability|p1a: land doge|Intimidate|[of] p2a: Gliscor
|-unboost|p2a: Gliscor|atk|1
|move|p2a: Gliscor|Knock Off|p1a: land doge
|-damage|p1a: land doge|266\/319
|-enditem|p1a: land doge|Choice Scarf|[from] move: Knock Off|[of] p2a: Gliscor
|
|turn|3
|join|ThE0
|
|move|p1a: land doge|Explosion|p2a: Gliscor
|-damage|p2a: Gliscor|104\/350 tox
|faint|p1a: land doge
|move|p2a: Gliscor|Knock Off|p1: land doge|[notarget]
|-notarget
|
|-heal|p2a: Gliscor|147\/350 tox|[from] ability: Poison Heal
|c|âMoB Barley|get the ball rollin
|
|switch|p1a: Illuminati|Hydreigon, M, shiny|325\/325
|turn|4
|
|switch|p1a: Starburst|Jirachi, shiny|404\/404
|switch|p2a: Chansey|Chansey, F|670\/670
|
|turn|5
|
|switch|p2a: Gliscor|Gliscor, M|147\/350 tox
|move|p1a: Starburst|Stealth Rock|p2a: Gliscor
|-sidestart|p2: don't use mega|move: Stealth Rock
|
|-heal|p2a: Gliscor|190\/350 tox|[from] ability: Poison Heal
|turn|6
|
|move|p2a: Gliscor|Knock Off|p1a: Starburst
|-supereffective|p1a: Starburst
|-damage|p1a: Starburst|250\/404
|-enditem|p1a: Starburst|Leftovers|[from] move: Knock Off|[of] p2a: Gliscor
|move|p1a: Starburst|U-turn|p2a: Gliscor
|-resisted|p2a: Gliscor
|-damage|p2a: Gliscor|166\/350 tox
|
|switch|p1a: Illuminati|Hydreigon, M, shiny|325\/325
|
|-heal|p2a: Gliscor|209\/350 tox|[from] ability: Poison Heal
|turn|7
|
|switch|p2a: Chansey|Chansey, F|670\/670
|-damage|p2a: Chansey|587\/670|[from] Stealth Rock
|move|p1a: Illuminati|Superpower|p2a: Chansey
|-supereffective|p2a: Chansey
|-damage|p2a: Chansey|236\/670
|-unboost|p1a: Illuminati|atk|1
|-unboost|p1a: Illuminati|def|1
|-damage|p1a: Illuminati|293\/325|[from] item: Life Orb
|
|turn|8
|
|move|p1a: Illuminati|Superpower|p2a: Chansey
|-supereffective|p2a: Chansey
|-damage|p2a: Chansey|5\/670
|-unboost|p1a: Illuminati|atk|1
|-unboost|p1a: Illuminati|def|1
|-damage|p1a: Illuminati|261\/325|[from] item: Life Orb
|move|p2a: Chansey|Soft-Boiled|p2a: Chansey
|-heal|p2a: Chansey|340\/670
|
|turn|9
|c|âMoB Barley|wowowowowowowowoo
|c|âMoB Barley|wowowowowowowowowooww
|c|âMoB Barley|wowoowowowowowwowowo
|
|switch|p1a: Wabbit Season|Azumarill, M|360\/360
|move|p2a: Chansey|Soft-Boiled|p2a: Chansey
|-heal|p2a: Chansey|670\/670
|
|turn|10
|c|âdon't use mega|'-'
|c| tmpu|demora
|c| tmpu|kkk
|
|switch|p1a: Starburst|Jirachi, shiny|250\/404
|move|p2a: Chansey|Thunder Wave|p1a: Starburst
|-status|p1a: Starburst|par
|
|turn|11
|join|IamChow
|c|âdon't use mega|lag
|
|move|p2a: Chansey|Stealth Rock|p1a: Starburst
|-sidestart|p1: MoB Barley|move: Stealth Rock
|move|p1a: Starburst|U-turn|p2a: Chansey
|-damage|p2a: Chansey|597\/670
|
|switch|p1a: Wabbit Season|Azumarill, M|360\/360
|-damage|p1a: Wabbit Season|315\/360|[from] Stealth Rock
|
|turn|12
|c|âMoB Barley|that isn't fair
|
|switch|p1a: Starburst|Jirachi, shiny|250\/404 par
|-damage|p1a: Starburst|225\/404 par|[from] Stealth Rock
|switch|p2a: Amoonguss|Amoonguss, M|430\/430
|-damage|p2a: Amoonguss|377\/430|[from] Stealth Rock
|
|-heal|p2a: Amoonguss|403\/430|[from] item: Black Sludge
|turn|13
|join|M0XI3 B00ST
|
|move|p2a: Amoonguss|Foul Play|p1a: Starburst
|-supereffective|p1a: Starburst
|-damage|p1a: Starburst|77\/404 par
|move|p1a: Starburst|U-turn|p2a: Amoonguss
|-damage|p2a: Amoonguss|356\/430
|
|switch|p1a: Illuminati|Hydreigon, M, shiny|261\/325
|-damage|p1a: Illuminati|221\/325|[from] Stealth Rock
|
|-heal|p2a: Amoonguss|382\/430|[from] item: Black Sludge
|turn|14
|
|move|p1a: Illuminati|Draco Meteor|p2a: Amoonguss
|-damage|p2a: Amoonguss|0 fnt
|-unboost|p1a: Illuminati|spa|2
|-damage|p1a: Illuminati|189\/325|[from] item: Life Orb
|faint|p2a: Amoonguss
|
|
|switch|p2a: Tyranitar|Tyranitar, F|342\/342
|-damage|p2a: Tyranitar|300\/342|[from] Stealth Rock
|-weather|Sandstorm
|turn|15
|join|Ill leave
|
|switch|p1a: Starburst|Jirachi, shiny|77\/404 par
|-damage|p1a: Starburst|52\/404 par|[from] Stealth Rock
|move|p2a: Tyranitar|Superpower|p1a: Starburst
|-crit|p1a: Starburst
|-damage|p1a: Starburst|0 fnt
|-unboost|p2a: Tyranitar|atk|1
|-unboost|p2a: Tyranitar|def|1
|faint|p1a: Starburst
|
|-weather|Sandstorm|[upkeep]
|
|switch|p1a: Wabbit Season|Azumarill, M|315\/360
|-damage|p1a: Wabbit Season|270\/360|[from] Stealth Rock
|turn|16
|c| M0XI3 B00ST|hey Mob do you have a yt channel?
|
|switch|p2a: Slowbro|Slowbro, M|393\/393
|-damage|p2a: Slowbro|344\/393|[from] Stealth Rock
|move|p1a: Wabbit Season|Knock Off|p2a: Slowbro
|-supereffective|p2a: Slowbro
|-damage|p2a: Slowbro|162\/393
|-enditem|p2a: Slowbro|Lagging Tail|[from] move: Knock Off|[of] p1a: Wabbit Season
|
|-weather|Sandstorm|[upkeep]
|-damage|p1a: Wabbit Season|248\/360|[from] sandstorm
|-damage|p2a: Slowbro|138\/393|[from] sandstorm
|turn|17
|c|âMoB Barley|no ;_;
|c| M0XI3 B00ST|o
|join|thepack
|
|switch|p2a: Quagsire|Quagsire, F|394\/394
|-damage|p2a: Quagsire|370\/394|[from] Stealth Rock
|move|p1a: Wabbit Season|Play Rough|p2a: Quagsire
|-crit|p2a: Quagsire
|-damage|p2a: Quagsire|138\/394
|
|-weather|Sandstorm|[upkeep]
|-damage|p1a: Wabbit Season|226\/360|[from] sandstorm
|-heal|p2a: Quagsire|162\/394|[from] item: Leftovers
|turn|18
|
|move|p1a: Wabbit Season|Play Rough|p2a: Quagsire
|-damage|p2a: Quagsire|17\/394
|move|p2a: Quagsire|Recover|p2a: Quagsire
|-heal|p2a: Quagsire|214\/394
|
|-weather|Sandstorm|[upkeep]
|-damage|p1a: Wabbit Season|204\/360|[from] sandstorm
|-heal|p2a: Quagsire|238\/394|[from] item: Leftovers
|turn|19
|
|move|p1a: Wabbit Season|Knock Off|p2a: Quagsire
|-damage|p2a: Quagsire|120\/394
|-enditem|p2a: Quagsire|Leftovers|[from] move: Knock Off|[of] p1a: Wabbit Season
|move|p2a: Quagsire|Recover|p2a: Quagsire
|-heal|p2a: Quagsire|317\/394
|
|-weather|none
|turn|20
|
|move|p1a: Wabbit Season|Play Rough|p2a: Quagsire|[miss]
|-miss|p1a: Wabbit Season|p2a: Quagsire
|move|p2a: Quagsire|Toxic|p1a: Wabbit Season
|-status|p1a: Wabbit Season|tox
|
|-damage|p1a: Wabbit Season|182\/360 tox|[from] psn
|turn|21
|
|switch|p1a: Illuminati|Hydreigon, M, shiny|189\/325
|-damage|p1a: Illuminati|149\/325|[from] Stealth Rock
|move|p2a: Quagsire|Recover|p2a: Quagsire
|-heal|p2a: Quagsire|394\/394
|
|turn|22
|
|switch|p2a: Slowbro|Slowbro, M|269\/393
|-damage|p2a: Slowbro|220\/393|[from] Stealth Rock
|move|p1a: Illuminati|Superpower|p2a: Slowbro
|-resisted|p2a: Slowbro
|-damage|p2a: Slowbro|175\/393
|-unboost|p1a: Illuminati|atk|1
|-unboost|p1a: Illuminati|def|1
|-damage|p1a: Illuminati|117\/325|[from] item: Life Orb
|
|turn|23
|
|switch|p1a: Wabbit Season|Azumarill, M|182\/360 tox
|-damage|p1a: Wabbit Season|137\/360 tox|[from] Stealth Rock
|-enditem|p1a: Wabbit Season|Sitrus Berry|[eat]
|-heal|p1a: Wabbit Season|227\/360 tox|[from] item: Sitrus Berry
|switch|p2a: Chansey|Chansey, F|597\/670
|-damage|p2a: Chansey|514\/670|[from] Stealth Rock
|
|-damage|p1a: Wabbit Season|205\/360 tox|[from] psn
|turn|24
|
|switch|p1a: Illuminati|Hydreigon, M, shiny|117\/325
|-damage|p1a: Illuminati|77\/325|[from] Stealth Rock
|switch|p2a: Quagsire|Quagsire, F|394\/394
|-damage|p2a: Quagsire|370\/394|[from] Stealth Rock
|
|turn|25
|
|switch|p2a: Chansey|Chansey, F|514\/670
|-damage|p2a: Chansey|431\/670|[from] Stealth Rock
|move|p1a: Illuminati|Draco Meteor|p2a: Chansey
|-damage|p2a: Chansey|246\/670
|-unboost|p1a: Illuminati|spa|2
|-damage|p1a: Illuminati|45\/325|[from] item: Life Orb
|
|turn|26
|
|switch|p2a: Slowbro|Slowbro, M|306\/393
|-damage|p2a: Slowbro|257\/393|[from] Stealth Rock
|move|p1a: Illuminati|Superpower|p2a: Slowbro
|-resisted|p2a: Slowbro
|-damage|p2a: Slowbro|213\/393
|-unboost|p1a: Illuminati|atk|1
|-unboost|p1a: Illuminati|def|1
|-damage|p1a: Illuminati|13\/325|[from] item: Life Orb
|
|turn|27
|
|move|p1a: Illuminati|Dark Pulse|p2a: Slowbro
|-supereffective|p2a: Slowbro
|-damage|p2a: Slowbro|0 fnt
|-damage|p1a: Illuminati|0 fnt|[from] item: Life Orb
|faint|p2a: Slowbro
|faint|p1a: Illuminati
|
|c| M0XI3 B00ST|stall is fun
|
|switch|p1a: Angel|Diancie-Mega, shiny|241\/241
|switch|p2a: Quagsire|Quagsire, F|370\/394
|-damage|p1a: Angel|211\/241|[from] Stealth Rock
|-damage|p2a: Quagsire|346\/394|[from] Stealth Rock
|turn|28
|
|switch|p2a: Chansey|Chansey, F|246\/670
|-damage|p2a: Chansey|163\/670|[from] Stealth Rock
|move|p1a: Angel|Moonblast|p2a: Chansey
|-damage|p2a: Chansey|42\/670
|-unboost|p2a: Chansey|spa|1
|
|turn|29
|
|move|p1a: Angel|Moonblast|p2a: Chansey
|-damage|p2a: Chansey|0 fnt
|faint|p2a: Chansey
|
|join|GazR7
|
|switch|p2a: Tyranitar|Tyranitar, F|300\/342
|-damage|p2a: Tyranitar|258\/342|[from] Stealth Rock
|-weather|Sandstorm
|turn|30
|
|move|p1a: Angel|Protect|p1a: Angel
|-singleturn|p1a: Angel|Protect
|move|p2a: Tyranitar|Stone Edge|p1a: Angel
|-activate|p1a: Angel|Protect
|
|-weather|Sandstorm|[upkeep]
|turn|31
|
|move|p2a: Tyranitar|Stone Edge|p1a: Angel
|-damage|p1a: Angel|42\/241
|move|p1a: Angel|Moonblast|p2a: Tyranitar
|-supereffective|p2a: Tyranitar
|-damage|p2a: Tyranitar|0 fnt
|faint|p2a: Tyranitar
|
|-weather|Sandstorm|[upkeep]
|join|All Together Now
|
|switch|p2a: Gliscor|Gliscor, M|209\/350 tox
|-damage|p2a: Gliscor|166\/350 tox|[from] Stealth Rock
|turn|32
|
|move|p1a: Angel|Moonblast|p2a: Gliscor
|-damage|p2a: Gliscor|0 fnt
|faint|p2a: Gliscor
|
|-weather|Sandstorm|[upkeep]
|
|switch|p2a: Quagsire|Quagsire, F|346\/394
|-damage|p2a: Quagsire|322\/394|[from] Stealth Rock
|turn|33
|
|move|p1a: Angel|Moonblast|p2a: Quagsire
|-damage|p2a: Quagsire|61\/394
|-unboost|p2a: Quagsire|spa|1
|move|p2a: Quagsire|Earthquake|p1a: Angel
|-supereffective|p1a: Angel
|-damage|p1a: Angel|0 fnt
|faint|p1a: Angel
|
|-weather|Sandstorm|[upkeep]
|join|go latios now
|
|switch|p1a: Magneto|Magnezone, shiny|281\/281
|-damage|p1a: Magneto|264\/281|[from] Stealth Rock
|turn|34
|c|âMoB Barley|gg
|c| M0XI3 B00ST|YA stall looses
|
|move|p1a: Magneto|Flash Cannon|p2a: Quagsire
|-resisted|p2a: Quagsire
|-damage|p2a: Quagsire|0 fnt
|faint|p2a: Quagsire
|
|win|MoB Barley
|raw|Ladder updating...
|raw|MoB Barley's rating: 1824 &rarr; <strong>1840<\/strong><br \/>(+16 for winning)
|raw|don&apos;t use mega's rating: 1757 &rarr; <strong>1741<\/strong><br \/>(-16 for losing)
|leave|MoB Barley
|leave|M0XI3 B00ST
|leave|don't use mega
|leave|IamChow
|leave|tmpu
|player|p1
|player|p2
|leave|Ill leave
|leave|GazR7
|leave|All Together Now
|leave|thepack
|leave|ThE0
|join|lil manaphy
|join|blch
|join|A2tehBR
|leave|A2tehBR
|join|Super Mario Bros
|join|Ox the Box
|leave|Ox the Box
|leave|Super Mario Bros
|join|MoB Barley
|join|L0NE
|join|Alldaalts
|leave|Alldaalts
|join|Kim Jung Unfezant
|join|LANGE98
|leave|Kim Jung Unfezant
|join|Kim Jung Unfezant
|leave|LANGE98
|leave|Kim Jung Unfezant
|join|FlamingVictini PB
|leave|FlamingVictini PB
|join|req'd by crobro
|leave|req'd by crobro
|join|fingerscrossed
|join|IamChow
|leave|fingerscrossed
|leave|IamChow
|join|bixck
|join|Phlipadelphia
|leave|lil manaphy
|join|abcdefghitony
|leave|abcdefghitony
|join|Touymato
|leave|Touymato
|leave|Phlipadelphia
|join|LANGE98
|leave|LANGE98
|join|Murkrow Jupiter
|leave|Murkrow Jupiter
|leave|bixck
|join|bixck
|leave|bixck
|leave|ojojo
|join|abcdefghitony
|leave|abcdefghitony
|join|snicker testing
|join|Alldaalts
|join|bixck
|leave|Alldaalts
|leave|bixck
|join|GazR7
|leave|snicker testing
|leave|GazR7
|join|LordKuvira
|leave|LordKuvira
|join|Pure Demize
|join|Jlh40
|leave|Squirrelll
|leave|Jlh40
|join|Jlh40
|leave|Jlh40
|join|IamChow
|leave|IamChow
|leave|Pure Demize
|join|thepack
|join|Zenza
|leave|thepack
|leave|Zenza
|join|Demandred
|leave|Demandred
|join|Demandred
|join|BattleXV
|leave|BattleXV
|join|BattleXV
|leave|BattleXV
|join|BattleXV
|leave|BattleXV
|join|BattleXV
|leave|BattleXV
|join|don't use mega
|leave|don't use mega
|join|Alldaalts
|leave|Alldaalts
|join|Jlh40
|leave|Jlh40
|join|Jlh40
|leave|Jlh40
|join|Jlh40
|join|mega driffblim
|leave|Jlh40
|join|tmpu
|leave|tmpu
|join|Fizz on my Jayce
|join|TheStallAboveUs
|leave|mega driffblim
|join|gyarad0site
|leave|Fizz on my Jayce
|join|req'd by crobro
|leave|req'd by crobro
|join|PhobiaBB
|leave|PhobiaBB
|join|Invok3r
|leave|Invok3r
|join|Squirrelll
|leave|Squirrelll
|join|anchorage
|leave|TheStallAboveUs
|join|allywally
|leave|allywally
|join|allywally
|leave|allywally
|join|l123
|leave|l123
|leave|anchorage
|join|anchorage
|leave|anchorage
|join|gamerguy1123
|join|allywally
|leave|gamerguy1123
|leave|allywally
|join|allywally
|join|they also found me
|leave|they also found me
|leave|allywally
|join|Squirrelll
|leave|Squirrelll
|join|anchorage
|leave|anchorage
|join|Julian
|leave|Julian
|join|fingerscrossed
|leave|fingerscrossed
|join|serebiirules
|join|mega driffblim