|join|MoB Barley
|join|anchorage
|player|p1|MoB Barley|161
|player|p2|anchorage|214
|gametype|singles
|gen|6
|tier|OU
|rated
|clearpoke
|poke|p1|Diancie, shiny
|poke|p1|Hydreigon, M
|poke|p1|Magnezone, shiny
|poke|p1|Jirachi, shiny
|poke|p1|Landorus-Therian, M
|poke|p1|Azumarill, M, shiny
|poke|p2|Charizard, M
|poke|p2|Bisharp, M
|poke|p2|Hydreigon, F
|poke|p2|Venusaur, F
|poke|p2|Clefable, F
|poke|p2|Starmie
|rule|Swagger Clause: Swagger is banned
|rule|Baton Pass Clause: Limit one PokÃ©mon knowing Baton Pass
|rule|Sleep Clause Mod: Limit one foe put to sleep
|rule|Species Clause: Limit one of each PokÃ©mon
|rule|OHKO Clause: OHKO moves are banned
|rule|Moody Clause: Moody is banned
|rule|Evasion Moves Clause: Evasion moves are banned
|rule|Endless Battle Clause: Forcing endless battles is banned
|rule|HP Percentage Mod: HP is shown in percentages
|teampreview
|join|ExaltedWeavile
|c|âMoB Barley|YES
|c|âanchorage|:0
|join|gizmo
|join|TeamAquaGrunt0713
|join|BlazingFlareon
|join|JayBayy
|join|Mega Magic Bounce
|join|ThE0
|c| gizmo|uhh ok
|join|lolzuk
|c|âMoB Barley|hydreigon
|c|âMoB Barley|coming back
|join|Super Blooper
|join|Aelia07
|join|dumah123
|c| TeamAquaGrunt0713|ok im out
|c| gizmo|why are you using magnezone
|
|start
|switch|p1a: Angel|Diancie, shiny|241\/241
|switch|p2a: Clefable|Clefable, F|393\/393
|turn|1
|leave|TeamAquaGrunt0713
|c| gizmo|it's such a bad pokemon
|join|TeamAquaGrunt0713
|c| gizmo|honestly
|join|Watch This Battle
|
|detailschange|p1a: Angel|Diancie-Mega, shiny
|-mega|p1a: Angel|Diancie|Diancite
|move|p1a: Angel|Moonblast|p2a: Clefable
|-damage|p2a: Clefable|219\/393
|move|p2a: Clefable|Calm Mind|p2a: Clefable
|-boost|p2a: Clefable|spa|1
|-boost|p2a: Clefable|spd|1
|
|-heal|p2a: Clefable|243\/393|[from] item: Leftovers
|turn|2
|join|808 & Heartbreak
|c| gizmo|0.
|
|switch|p1a: Starburst|Jirachi, shiny|404\/404
|move|p2a: Clefable|Stealth Rock|p1a: Starburst
|-sidestart|p1: MoB Barley|move: Stealth Rock
|
|-heal|p2a: Clefable|267\/393|[from] item: Leftovers
|turn|3
|join|pyromaniac 963
|
|switch|p2a: Charizard|Charizard, M|297\/297
|move|p1a: Starburst|Stealth Rock|p2a: Charizard
|-sidestart|p2: anchorage|move: Stealth Rock
|
|turn|4
|
|detailschange|p2a: Charizard|Charizard-Mega-Y, M
|-mega|p2a: Charizard|Charizard|Charizardite Y
|-weather|SunnyDay
|move|p2a: Charizard|Flamethrower|p1a: Starburst
|-supereffective|p1a: Starburst
|-damage|p1a: Starburst|2\/404
|move|p1a: Starburst|U-turn|p2a: Charizard
|-resisted|p2a: Charizard
|-damage|p2a: Charizard|281\/297
|c| Mega Magic Bounce|1
|leave|dumah123
|c| gizmo|huh?
|c| gizmo|how does that live
|
|switch|p1a: Angel|Diancie-Mega, shiny|241\/241
|-damage|p1a: Angel|211\/241|[from] Stealth Rock
|
|-weather|SunnyDay|[upkeep]
|turn|5
|c|âanchorage|is that a calc
|c| lolzuk|bulk
|join|Mandex
|c| gizmo|what the fuck
|c| gizmo|that made no sense
|c| Mega Magic Bounce|AV jirachi 2 stronk
|c| lolzuk|is it AV?
|c| ExaltedWeavile|It had Rocks
|c| Mega Magic Bounce|lol jk idk wtf it's running
|c| lolzuk|wow
|join|Pure Demize
|c|âanchorage|shoulda put 256 evs
|c|âanchorage|ugh fuck this thing
|c| gizmo|252 SpA Mega Charizard Y Flamethrower vs. 252 HP \/ 252+ SpD Jirachi in Sun: 372-440 (92 - 108.9%) -- 56.3% chance to OHKO
|
|switch|p2a: Bisharp|Bisharp, M|309\/309
|-damage|p2a: Bisharp|290\/309|[from] Stealth Rock
|move|p1a: Angel|Diamond Storm|p2a: Bisharp
|-resisted|p2a: Bisharp
|-damage|p2a: Bisharp|208\/309
|-boost|p1a: Angel|def|1
|
|-weather|SunnyDay|[upkeep]
|-heal|p2a: Bisharp|227\/309|[from] item: Leftovers
|turn|6
|c| gizmo|that's
|c| gizmo|interesting
|c| Mega Magic Bounce|slap a vest on it
|
|move|p1a: Angel|Earth Power|p2a: Bisharp
|-supereffective|p2a: Bisharp
|-damage|p2a: Bisharp|0 fnt
|faint|p2a: Bisharp
|
|-weather|SunnyDay|[upkeep]
|c| gizmo|he used rocks
|leave|Watch This Battle
|c| Mega Magic Bounce|o
|
|switch|p2a: Venusaur|Venusaur, F|301\/301
|-damage|p2a: Venusaur|264\/301|[from] Stealth Rock
|turn|7
|join|doomed hi
|
|move|p1a: Angel|Protect|p1a: Angel
|-singleturn|p1a: Angel|Protect
|move|p2a: Venusaur|Giga Drain|p1a: Angel
|-activate|p1a: Angel|Protect
|
|-weather|SunnyDay|[upkeep]
|turn|8
|
|switch|p1a: Starburst|Jirachi, shiny|2\/404
|-damage|p1a: Starburst|0 fnt|[from] Stealth Rock
|faint|p1a: Starburst
|move|p2a: Venusaur|Sludge Bomb|p1: Starburst|[notarget]
|-notarget
|
|-weather|none
|
|switch|p1a: Illuminati|Hydreigon, M|325\/325
|-damage|p1a: Illuminati|285\/325|[from] Stealth Rock
|turn|9
|c|âanchorage|u have flash?
|c| TeamAquaGrunt0713|comfirmed 0_o
|
|switch|p2a: Clefable|Clefable, F|267\/393
|-damage|p2a: Clefable|218\/393|[from] Stealth Rock
|move|p1a: Illuminati|Dark Pulse|p2a: Clefable
|-resisted|p2a: Clefable
|-damage|p2a: Clefable|135\/393
|-damage|p1a: Illuminati|253\/325|[from] item: Life Orb
|
|-heal|p2a: Clefable|159\/393|[from] item: Leftovers
|turn|10
|
|switch|p2a: Starmie|Starmie|323\/323
|-damage|p2a: Starmie|283\/323|[from] Stealth Rock
|move|p1a: Illuminati|Flash Cannon|p2a: Starmie
|-resisted|p2a: Starmie
|-damage|p2a: Starmie|204\/323
|-damage|p1a: Illuminati|221\/325|[from] item: Life Orb
|
|turn|11
|join|lil manaphy
|join|Alldaalts
|
|move|p2a: Starmie|Rapid Spin|p1a: Illuminati
|-damage|p1a: Illuminati|205\/325
|-sideend|p2: anchorage|Stealth Rock|[from] move: Rapid Spin|[of] p2a: Starmie
|-damage|p2a: Starmie|172\/323|[from] item: Life Orb
|move|p1a: Illuminati|Dark Pulse|p2a: Starmie
|-supereffective|p2a: Starmie
|-damage|p2a: Starmie|0 fnt
|-damage|p1a: Illuminati|173\/325|[from] item: Life Orb
|faint|p2a: Starmie
|
|c| TeamAquaGrunt0713|wow hes predicting u so hard
|c| lolzuk|not real enough
|c| lolzuk|oh nvm
|
|switch|p2a: Charizard|Charizard-Mega-Y, M|281\/297
|-weather|SunnyDay
|turn|12
|
|move|p2a: Charizard|Focus Blast|p1a: Illuminati|[miss]
|-miss|p2a: Charizard|p1a: Illuminati
|move|p1a: Illuminati|Draco Meteor|p2a: Charizard
|-crit|p2a: Charizard
|-damage|p2a: Charizard|0 fnt
|-unboost|p1a: Illuminati|spa|2
|-damage|p1a: Illuminati|141\/325|[from] item: Life Orb
|faint|p2a: Charizard
|
|-weather|SunnyDay|[upkeep]
|c| gizmo|crit mattered
|c| Pure Demize|dat turn
|join|Testingshittyteams
|c|âMoB Barley|whoa hydra going in
|c| gizmo|:\/\/\/\/
|join|Dragongroudon9
|
|switch|p2a: Venusaur|Venusaur, F|264\/301
|turn|13
|c| pyromaniac 963|hydra haxing
|c| TeamAquaGrunt0713|6 wings \/ 3 heads= 2 + charizard equals 3... illuminati comfirmed
|join|CleanerThanRotom-W
|c| gizmo|that's not going in mob
|c|âMoB Barley|gizmo you weren't invited
|c|âMoB Barley|leave!
|
|switch|p1a: Magneto|Magnezone, shiny|281\/281
|-damage|p1a: Magneto|264\/281|[from] Stealth Rock
|move|p2a: Venusaur|Giga Drain|p1a: Magneto
|-resisted|p1a: Magneto
|-damage|p1a: Magneto|178\/281
|-heal|p2a: Venusaur|301\/301|[from] drain|[of] p1a: Magneto
|-damage|p2a: Venusaur|271\/301|[from] item: Life Orb
|
|-weather|SunnyDay|[upkeep]
|turn|14
|
|switch|p1a: Illuminati|Hydreigon, M|141\/325
|-damage|p1a: Illuminati|101\/325|[from] Stealth Rock
|move|p2a: Venusaur|Hidden Power|p1a: Illuminati
|-resisted|p1a: Illuminati
|-damage|p1a: Illuminati|23\/325
|-damage|p2a: Venusaur|241\/301|[from] item: Life Orb
|
|-weather|SunnyDay|[upkeep]
|turn|15
|
|move|p2a: Venusaur|Giga Drain|p1a: Illuminati
|-resisted|p1a: Illuminati
|-damage|p1a: Illuminati|0 fnt
|-heal|p2a: Venusaur|253\/301|[from] drain|[of] p1a: Illuminati
|-damage|p2a: Venusaur|223\/301|[from] item: Life Orb
|faint|p1a: Illuminati
|
|-weather|SunnyDay|[upkeep]
|
|switch|p1a: Angel|Diancie-Mega, shiny|211\/241
|-damage|p1a: Angel|181\/241|[from] Stealth Rock
|turn|16
|
|switch|p2a: Clefable|Clefable, F|159\/393
|move|p1a: Angel|Protect|p1a: Angel
|-fail|p1a: Angel
|
|-weather|none
|-heal|p2a: Clefable|183\/393|[from] item: Leftovers
|turn|17
|join|RayDalio
|join|A2tehBR
|
|move|p1a: Angel|Diamond Storm|p2a: Clefable
|-damage|p2a: Clefable|0 fnt
|-boost|p1a: Angel|def|1
|faint|p2a: Clefable
|
|join|Khaliem
|
|switch|p2a: Venusaur|Venusaur, F|223\/301
|turn|18
|
|move|p1a: Angel|Diamond Storm|p2a: Venusaur
|-damage|p2a: Venusaur|6\/301
|-boost|p1a: Angel|def|1
|move|p2a: Venusaur|Giga Drain|p1a: Angel
|-supereffective|p1a: Angel
|-damage|p1a: Angel|0 fnt
|-heal|p2a: Venusaur|97\/301|[from] drain|[of] p1a: Angel
|-damage|p2a: Venusaur|67\/301|[from] item: Life Orb
|faint|p1a: Angel
|
|
|switch|p1a: land doge|Landorus-Therian, M|319\/319
|-damage|p1a: land doge|280\/319|[from] Stealth Rock
|-ability|p1a: land doge|Intimidate|[of] p2a: Venusaur
|-unboost|p2a: Venusaur|atk|1
|turn|19
|
|move|p1a: land doge|U-turn|p2a: Venusaur
|-damage|p2a: Venusaur|0 fnt
|faint|p2a: Venusaur
|
|switch|p1a: Wabbit Season|Azumarill, M, shiny|360\/360
|-damage|p1a: Wabbit Season|315\/360|[from] Stealth Rock
|
|c|âMoB Barley|ggggg
|join|Agilis
|join|i hate garbage
|c| lolzuk|duck season
|
|switch|p2a: Hydreigon|Hydreigon, F|325\/325
|turn|20
|join|Sovahkiin
|leave|Sovahkiin
|-message|anchorage forfeited.
|leave|lil manaphy
|join|Sovahkiin
|-message|anchorage forfeited.
|join|gyarad0site
|
|win|MoB Barley
|raw|Ladder updating...
|leave|anchorage
|leave|Agilis
|raw|MoB Barley's rating: 1730 &rarr; <strong>1747<\/strong><br \/>(+17 for winning)
|raw|anchorage's rating: 1663 &rarr; <strong>1647<\/strong><br \/>(-16 for losing)
|c| TeamAquaGrunt0713|dang
|player|p2
|leave|lolzuk
|leave|Mega Magic Bounce
|leave|Sovahkiin
|leave|TeamAquaGrunt0713
|leave|Dragongroudon9
|leave|i hate garbage
|leave|Pure Demize
|leave|JayBayy
|leave|Khaliem