|join|Monotooi
|join|misterRLF
|player|p1|Monotooi|1
|player|p2|misterRLF|273
|gametype|singles
|gen|6
|tier|UU
|rated
|rule|Sleep Clause Mod: Limit one foe put to sleep
|rule|Species Clause: Limit one of each PokÃ©mon
|rule|OHKO Clause: OHKO moves are banned
|rule|Moody Clause: Moody is banned
|rule|Evasion Moves Clause: Evasion moves are banned
|rule|Endless Battle Clause: Forcing endless battles is banned
|rule|HP Percentage Mod: HP is shown in percentages
|clearpoke
|poke|p1|Sceptile, M
|poke|p1|Empoleon, M
|poke|p1|Honchkrow, F
|poke|p1|Toxicroak, F
|poke|p1|Gligar, F
|poke|p1|Jirachi
|poke|p2|Raikou, shiny
|poke|p2|Chatot, M, shiny
|poke|p2|Tangrowth, F, shiny
|poke|p2|Suicune, shiny
|poke|p2|Entei, shiny
|poke|p2|Stoutland, F
|rule|Swagger Clause: Swagger is banned
|rule|Baton Pass Clause: Limit one PokÃ©mon knowing Baton Pass
|teampreview
|
|start
|switch|p1a: Jirachi|Jirachi|341\/341
|switch|p2a: Poupette|Stoutland, F|374\/374
|-ability|p2a: Poupette|Intimidate|[of] p1a: Jirachi
|-unboost|p1a: Jirachi|atk|1
|turn|1
|
|move|p1a: Jirachi|Doom Desire|p2a: Poupette
|-start|p1a: Jirachi|Doom Desire
|move|p2a: Poupette|Crunch|p1a: Jirachi
|-supereffective|p1a: Jirachi
|-damage|p1a: Jirachi|147\/341
|
|turn|2
|
|switch|p1a: Gligar|Gligar, F|327\/327
|move|p2a: Poupette|Crunch|p1a: Gligar
|-damage|p1a: Gligar|281\/327
|
|turn|3
|
|move|p1a: Gligar|Toxic|p2a: Poupette
|-status|p2a: Poupette|tox
|move|p2a: Poupette|Ice Fang|p1a: Gligar
|-supereffective|p1a: Gligar
|-damage|p1a: Gligar|109\/327
|
|-end|p2a: Poupette|move: Doom Desire
|-damage|p2a: Poupette|171\/374 tox
|-damage|p2a: Poupette|148\/374 tox|[from] psn
|turn|4
|
|move|p1a: Gligar|Roost|p1a: Gligar
|-heal|p1a: Gligar|273\/327
|move|p2a: Poupette|Ice Fang|p1a: Gligar
|-supereffective|p1a: Gligar
|-damage|p1a: Gligar|187\/327
|
|-damage|p2a: Poupette|102\/374 tox|[from] psn
|turn|5
|
|move|p1a: Gligar|Roost|p1a: Gligar
|-heal|p1a: Gligar|327\/327
|move|p2a: Poupette|Ice Fang|p1a: Gligar
|-supereffective|p1a: Gligar
|-damage|p1a: Gligar|255\/327
|
|-damage|p2a: Poupette|33\/374 tox|[from] psn
|turn|6
|
|move|p1a: Gligar|Earthquake|p2a: Poupette
|-damage|p2a: Poupette|0 fnt
|faint|p2a: Poupette
|
|
|switch|p2a: Crocune|Suicune, shiny|404\/404
|-ability|p2a: Crocune|Pressure
|turn|7
|
|switch|p1a: Empoleon|Empoleon, M|372\/372
|move|p2a: Crocune|Calm Mind|p2a: Crocune
|-boost|p2a: Crocune|spa|1
|-boost|p2a: Crocune|spd|1
|
|turn|8
|
|switch|p1a: Toxicroak|Toxicroak, F|308\/308
|move|p2a: Crocune|Calm Mind|p2a: Crocune
|-boost|p2a: Crocune|spa|1
|-boost|p2a: Crocune|spd|1
|
|turn|9
|
|switch|p2a: Marijane|Tangrowth, F, shiny|404\/404
|move|p1a: Toxicroak|Gunk Shot|p2a: Marijane|[miss]
|-miss|p1a: Toxicroak|p2a: Marijane
|
|turn|10
|
|move|p1a: Toxicroak|Gunk Shot|p2a: Marijane
|-supereffective|p2a: Marijane
|-damage|p2a: Marijane|0 fnt
|-damage|p1a: Toxicroak|278\/308|[from] item: Life Orb
|faint|p2a: Marijane
|
|
|switch|p2a: Tempo|Chatot, M, shiny|294\/294
|turn|11
|
|switch|p1a: Jirachi|Jirachi|147\/341
|move|p2a: Tempo|Chatter|p1a: Jirachi
|-resisted|p1a: Jirachi
|-damage|p1a: Jirachi|105\/341
|-start|p1a: Jirachi|confusion
|
|turn|12
|
|-activate|p1a: Jirachi|confusion
|-damage|p1a: Jirachi|66\/341|[from] confusion
|move|p2a: Tempo|Boomburst|p1a: Jirachi
|-resisted|p1a: Jirachi
|-damage|p1a: Jirachi|0 fnt
|faint|p1a: Jirachi
|
|
|switch|p1a: Empoleon|Empoleon, M|372\/372
|turn|13
|
|move|p2a: Tempo|Chatter|p1a: Empoleon
|-resisted|p1a: Empoleon
|-damage|p1a: Empoleon|341\/372
|-start|p1a: Empoleon|confusion
|-activate|p1a: Empoleon|confusion
|-damage|p1a: Empoleon|317\/372|[from] confusion
|
|-heal|p1a: Empoleon|340\/372|[from] item: Leftovers
|turn|14
|
|move|p2a: Tempo|Nasty Plot|p2a: Tempo
|-boost|p2a: Tempo|spa|2
|-activate|p1a: Empoleon|confusion
|-damage|p1a: Empoleon|314\/372|[from] confusion
|
|-heal|p1a: Empoleon|337\/372|[from] item: Leftovers
|turn|15
|
|move|p2a: Tempo|Boomburst|p1a: Empoleon
|-resisted|p1a: Empoleon
|-damage|p1a: Empoleon|192\/372
|-end|p1a: Empoleon|confusion
|move|p1a: Empoleon|Scald|p2a: Tempo
|-damage|p2a: Tempo|92\/294
|
|-heal|p1a: Empoleon|215\/372|[from] item: Leftovers
|turn|16
|
|move|p2a: Tempo|Chatter|p1a: Empoleon
|-resisted|p1a: Empoleon
|-damage|p1a: Empoleon|155\/372
|-start|p1a: Empoleon|confusion
|-activate|p1a: Empoleon|confusion
|move|p1a: Empoleon|Stealth Rock|p2a: Tempo
|-sidestart|p2: misterRLF|move: Stealth Rock
|
|-heal|p1a: Empoleon|178\/372|[from] item: Leftovers
|turn|17
|
|move|p2a: Tempo|Encore|p1a: Empoleon
|-start|p1a: Empoleon|Encore
|-end|p1a: Empoleon|confusion
|move|p1a: Empoleon|Stealth Rock|p2a: Tempo
|-fail|p2a: Tempo
|
|-heal|p1a: Empoleon|201\/372|[from] item: Leftovers
|turn|18
|
|move|p2a: Tempo|Nasty Plot|p2a: Tempo
|-boost|p2a: Tempo|spa|2
|move|p1a: Empoleon|Stealth Rock|p2a: Tempo
|-fail|p2a: Tempo
|
|-heal|p1a: Empoleon|224\/372|[from] item: Leftovers
|turn|19
|
|switch|p1a: Sceptile|Sceptile, M|282\/282
|move|p2a: Tempo|Chatter|p1a: Sceptile
|-supereffective|p1a: Sceptile
|-damage|p1a: Sceptile|0 fnt
|faint|p1a: Sceptile
|
|
|switch|p1a: Honchkrow|Honchkrow, F|341\/341
|turn|20
|
|move|p1a: Honchkrow|Sucker Punch|p2a: Tempo
|-fail|p2a: Tempo
|move|p2a: Tempo|Nasty Plot|p2a: Tempo
|-boost|p2a: Tempo|spa|2
|
|turn|21
|
|move|p2a: Tempo|Encore|p1a: Honchkrow
|-start|p1a: Honchkrow|Encore
|move|p1a: Honchkrow|Sucker Punch|p2a: Tempo
|-fail|p2a: Tempo
|
|turn|22
|
|switch|p1a: Gligar|Gligar, F|255\/327
|move|p2a: Tempo|Nasty Plot|p2a: Tempo
|-fail|p2a: Tempo
|
|turn|23
|
|move|p2a: Tempo|Chatter|p1a: Gligar
|-damage|p1a: Gligar|0 fnt
|faint|p1a: Gligar
|
|
|switch|p1a: Empoleon|Empoleon, M|224\/372
|turn|24
|
|move|p2a: Tempo|Chatter|p1a: Empoleon
|-resisted|p1a: Empoleon
|-damage|p1a: Empoleon|104\/372
|-start|p1a: Empoleon|confusion
|-activate|p1a: Empoleon|confusion
|-damage|p1a: Empoleon|81\/372|[from] confusion
|
|-heal|p1a: Empoleon|104\/372|[from] item: Leftovers
|turn|25
|
|move|p2a: Tempo|Boomburst|p1a: Empoleon
|-resisted|p1a: Empoleon
|-damage|p1a: Empoleon|0 fnt
|faint|p1a: Empoleon
|
|
|switch|p1a: Honchkrow|Honchkrow, F|341\/341
|turn|26
|
|move|p1a: Honchkrow|Sucker Punch|p2a: Tempo
|-fail|p2a: Tempo
|move|p2a: Tempo|Encore|p1a: Honchkrow
|-start|p1a: Honchkrow|Encore
|
|turn|27
|
|switch|p2a: Raikou|Raikou, shiny|384\/384
|-damage|p2a: Raikou|336\/384|[from] Stealth Rock
|-ability|p2a: Raikou|Pressure
|switch|p1a: Toxicroak|Toxicroak, F|278\/308
|
|-heal|p2a: Raikou|360\/384|[from] item: Leftovers
|turn|28
|
|move|p2a: Raikou|Extrasensory|p1a: Toxicroak
|-supereffective|p1a: Toxicroak
|-damage|p1a: Toxicroak|0 fnt
|faint|p1a: Toxicroak
|
|-heal|p2a: Raikou|384\/384|[from] item: Leftovers
|-message|Monotooi forfeited.
|
|win|misterRLF
|raw|Ladder updating...
|leave|Monotooi
|player|p1
|raw|Monotooi's rating: 1479 &rarr; <strong>1449<\/strong><br \/>(-30 for losing)
|raw|misterRLF's rating: 1292 &rarr; <strong>1330<\/strong><br \/>(+38 for winning)