|join|Monotooi
|join|ShadesofJane
|player|p1|Monotooi|265
|player|p2|ShadesofJane|216
|gametype|singles
|gen|6
|tier|UU
|rated
|rule|Sleep Clause Mod: Limit one foe put to sleep
|rule|Species Clause: Limit one of each PokÃ©mon
|rule|OHKO Clause: OHKO moves are banned
|rule|Moody Clause: Moody is banned
|rule|Evasion Moves Clause: Evasion moves are banned
|rule|Endless Battle Clause: Forcing endless battles is banned
|rule|HP Percentage Mod: HP is reported as percentages
|clearpoke
|poke|p1|Victini
|poke|p1|Raikou, shiny
|poke|p1|Slowbro, F
|poke|p1|Forretress, M
|poke|p1|Mienshao, M
|poke|p1|Snorlax, M
|poke|p2|Azelf
|poke|p2|Ampharos, M
|poke|p2|Heracross, M
|poke|p2|Victini
|poke|p2|Nidoking, M
|poke|p2|Aerodactyl, F
|rule|Swagger Clause: Swagger is banned
|rule|Baton Pass Clause: Limit one PokÃ©mon knowing Baton Pass
|teampreview
|
|start
|switch|p1a: Victini|Victini|362\/362
|switch|p2a: Azelf|Azelf|291\/291
|turn|1
|
|move|p2a: Azelf|Stealth Rock|p1a: Victini
|-sidestart|p1: Monotooi|move: Stealth Rock
|move|p1a: Victini|Trick Room|p1a: Victini
|-fieldstart|move: Trick Room|[of] p1a: Victini
|
|turn|2
|
|move|p1a: Victini|V-create|p2a: Azelf
|-enditem|p2a: Azelf|Focus Sash
|-damage|p2a: Azelf|1\/291
|-unboost|p1a: Victini|def|1
|-unboost|p1a: Victini|spd|1
|-unboost|p1a: Victini|spe|1
|move|p2a: Azelf|Knock Off|p1a: Victini
|-supereffective|p1a: Victini
|-damage|p1a: Victini|50\/362
|-enditem|p1a: Victini|Weakness Policy
|-boost|p1a: Victini|atk|2|[from] item: Weakness Policy
|-boost|p1a: Victini|spa|2|[from] item: Weakness Policy
|
|turn|3
|
|move|p1a: Victini|V-create|p2a: Azelf
|-damage|p2a: Azelf|0 fnt
|-unboost|p1a: Victini|def|1
|-unboost|p1a: Victini|spd|1
|-unboost|p1a: Victini|spe|1
|faint|p2a: Azelf
|
|
|switch|p2a: Nidoking|Nidoking, M|303\/303
|turn|4
|
|move|p2a: Nidoking|Sucker Punch|p1a: Victini
|-crit|p1a: Victini
|-supereffective|p1a: Victini
|-damage|p1a: Victini|0 fnt
|-damage|p2a: Nidoking|273\/303|[from] item: Life Orb
|faint|p1a: Victini
|
|
|switch|p1a: Forretress|Forretress, M|354\/354
|-damage|p1a: Forretress|310\/354|[from] Stealth Rock
|turn|5
|
|move|p1a: Forretress|Stealth Rock|p2a: Nidoking
|-sidestart|p2: ShadesofJane|move: Stealth Rock
|move|p2a: Nidoking|Earth Power|p1a: Forretress
|-damage|p1a: Forretress|2\/354
|
|-heal|p1a: Forretress|24\/354|[from] item: Leftovers
|-fieldend|move: Trick Room
|turn|6
|
|move|p2a: Nidoking|Earth Power|p1a: Forretress
|-damage|p1a: Forretress|0 fnt
|faint|p1a: Forretress
|
|
|switch|p1a: Snorlax|Snorlax, M|524\/524
|-damage|p1a: Snorlax|459\/524|[from] Stealth Rock
|turn|7
|
|move|p2a: Nidoking|Focus Blast|p1a: Snorlax
|-supereffective|p1a: Snorlax
|-damage|p1a: Snorlax|116\/524
|move|p1a: Snorlax|Body Slam|p2a: Nidoking
|-damage|p2a: Nidoking|0 fnt
|faint|p2a: Nidoking
|
|
|switch|p2a: Heracross|Heracross, M|302\/302
|-damage|p2a: Heracross|265\/302|[from] Stealth Rock
|turn|8
|
|move|p2a: Heracross|Megahorn|p1a: Snorlax
|-damage|p1a: Snorlax|0 fnt
|faint|p1a: Snorlax
|-boost|p2a: Heracross|atk|1|[from] ability: Moxie
|
|
|switch|p1a: Mienshao|Mienshao, M|272\/272
|-damage|p1a: Mienshao|255\/272|[from] Stealth Rock
|turn|9
|
|move|p1a: Mienshao|Fake Out|p2a: Heracross
|-damage|p2a: Heracross|183\/302
|-damage|p1a: Mienshao|228\/272|[from] item: Life Orb
|cant|p2a: Heracross|flinch
|
|turn|10
|
|move|p2a: Heracross|Megahorn|p1a: Mienshao
|-resisted|p1a: Mienshao
|-damage|p1a: Mienshao|12\/272
|move|p1a: Mienshao|High Jump Kick|p2a: Heracross
|-resisted|p2a: Heracross
|-damage|p2a: Heracross|0 fnt
|-damage|p1a: Mienshao|0 fnt|[from] item: Life Orb
|faint|p2a: Heracross
|faint|p1a: Mienshao
|
|chat|ShadesofJane|gg
|
|switch|p1a: Raikou|Raikou, shiny|384\/384
|-damage|p1a: Raikou|336\/384|[from] Stealth Rock
|switch|p2a: Ampharos|Ampharos, M|384\/384
|-damage|p2a: Ampharos|336\/384|[from] Stealth Rock
|-ability|p1a: Raikou|Pressure
|turn|11
|
|detailschange|p2a: Ampharos|Ampharos-Mega, M
|message|Ampharos has Mega Evolved into Mega Ampharos!
|-ability|p2a: Ampharos|Mold Breaker
|move|p1a: Raikou|Aura Sphere|p2a: Ampharos
|-damage|p2a: Ampharos|242\/384
|move|p2a: Ampharos|Volt Switch|p1a: Raikou
|-resisted|p1a: Raikou
|-damage|p1a: Raikou|272\/384
|
|switch|p2a: Aerodactyl|Aerodactyl, F|302\/302
|-damage|p2a: Aerodactyl|227\/302|[from] Stealth Rock
|
|turn|12
|
|switch|p1a: Slowbro|Slowbro, F|394\/394
|-damage|p1a: Slowbro|345\/394|[from] Stealth Rock
|move|p2a: Aerodactyl|Earthquake|p1a: Slowbro
|-damage|p1a: Slowbro|255\/394
|-damage|p2a: Aerodactyl|197\/302|[from] item: Life Orb
|
|turn|13
|
|move|p2a: Aerodactyl|Stone Edge|p1a: Slowbro
|-damage|p1a: Slowbro|119\/394
|-damage|p2a: Aerodactyl|167\/302|[from] item: Life Orb
|move|p1a: Slowbro|Psyshock|p2a: Aerodactyl
|-damage|p2a: Aerodactyl|22\/302
|
|turn|14
|
|move|p2a: Aerodactyl|Hone Claws|p2a: Aerodactyl
|-boost|p2a: Aerodactyl|atk|1
|-boost|p2a: Aerodactyl|accuracy|1
|move|p1a: Slowbro|Scald|p2a: Aerodactyl
|-supereffective|p2a: Aerodactyl
|-damage|p2a: Aerodactyl|0 fnt
|faint|p2a: Aerodactyl
|
|
|switch|p2a: Ampharos|Ampharos-Mega, M|242\/384
|-damage|p2a: Ampharos|194\/384|[from] Stealth Rock
|-ability|p2a: Ampharos|Mold Breaker
|turn|15
|
|switch|p1a: Raikou|Raikou, shiny|272\/384
|-damage|p1a: Raikou|224\/384|[from] Stealth Rock
|-ability|p1a: Raikou|Pressure
|move|p2a: Ampharos|Dragon Pulse|p1a: Raikou
|-damage|p1a: Raikou|70\/384
|
|turn|16
|
|move|p1a: Raikou|Hidden Power|p2a: Ampharos
|-supereffective|p2a: Ampharos
|-damage|p2a: Ampharos|56\/384
|move|p2a: Ampharos|Dragon Pulse|p1a: Raikou
|-damage|p1a: Raikou|0 fnt
|faint|p1a: Raikou
|
|
|switch|p1a: Slowbro|Slowbro, F|250\/394
|-damage|p1a: Slowbro|201\/394|[from] Stealth Rock
|turn|17
|chat|Monotooi|gg
|
|move|p2a: Ampharos|Thunderbolt|p1a: Slowbro
|-supereffective|p1a: Slowbro
|-damage|p1a: Slowbro|0 fnt
|faint|p1a: Slowbro
|
|win|ShadesofJane
|raw|Ladder updating...
|raw|Monotooi's rating: 1303 &rarr; <strong>1274<\/strong><br \/>(-29 for losing)
|raw|ShadesofJane's rating: 1133 &rarr; <strong>1169<\/strong><br \/>(+36 for winning)