|join|Shafiel
|join|Win Conditioner
|player|p1|Shafiel|101
|player|p2|Win Conditioner|264
|gametype|singles
|gen|6
|tier|OU
|rated
|clearpoke
|poke|p1|Garchomp, F
|poke|p1|Thundurus, M
|poke|p1|Heatran, F
|poke|p1|Venusaur, M
|poke|p1|Klefki, F
|poke|p1|Keldeo
|poke|p2|Altaria, F
|poke|p2|Magnezone
|poke|p2|Rotom-Wash
|poke|p2|Landorus-Therian, M
|poke|p2|Latias, F
|poke|p2|Breloom, F
|rule|Swagger Clause: Swagger is banned
|rule|Baton Pass Clause: Limit one PokÃ©mon knowing Baton Pass
|rule|Sleep Clause Mod: Limit one foe put to sleep
|rule|Species Clause: Limit one of each PokÃ©mon
|rule|OHKO Clause: OHKO moves are banned
|rule|Moody Clause: Moody is banned
|rule|Evasion Moves Clause: Evasion moves are banned
|rule|Endless Battle Clause: Forcing endless battles is banned
|rule|HP Percentage Mod: HP is shown in percentages
|teampreview
|c|âWin Conditioner|hi gl hf
|c|âShafiel|glhf
|
|start
|switch|p1a: Venusaur|Venusaur, M|364\/364
|switch|p2a: Landorus-Therian|Landorus-Therian, M|320\/320
|-ability|p2a: Landorus-Therian|Intimidate|[of] p1a: Venusaur
|-unboost|p1a: Venusaur|atk|1
|turn|1
|
|detailschange|p1a: Venusaur|Venusaur-Mega, M
|message|Venusaur has Mega Evolved into Mega Venusaur!
|move|p2a: Landorus-Therian|U-turn|p1a: Venusaur
|-damage|p1a: Venusaur|311\/364
|
|switch|p2a: Latias|Latias, F|302\/302
|move|p1a: Venusaur|Sludge Bomb|p2a: Latias
|-damage|p2a: Latias|200\/302
|-status|p2a: Latias|psn
|
|-damage|p2a: Latias|163\/302 psn|[from] psn
|turn|2
|
|switch|p2a: Landorus-Therian|Landorus-Therian, M|320\/320
|-ability|p2a: Landorus-Therian|Intimidate|[of] p1a: Venusaur
|-unboost|p1a: Venusaur|atk|1
|switch|p1a: Heatran|Heatran, F|385\/385
|
|turn|3
|
|switch|p1a: Thundurus|Thundurus, M|299\/299
|move|p2a: Landorus-Therian|Earthquake|p1a: Thundurus
|-immune|p1a: Thundurus|[msg]
|
|turn|4
|
|switch|p2a: Magnezone|Magnezone|282\/282
|move|p1a: Thundurus|Knock Off|p2a: Magnezone
|-damage|p2a: Magnezone|170\/282
|-enditem|p2a: Magnezone|Choice Scarf|[from] move: Knock Off|[of] p1a: Thundurus
|-damage|p1a: Thundurus|270\/299|[from] item: Life Orb
|
|turn|5
|
|move|p1a: Thundurus|Hidden Power|p2a: Magnezone
|-resisted|p2a: Magnezone
|-damage|p2a: Magnezone|121\/282
|-damage|p1a: Thundurus|241\/299|[from] item: Life Orb
|move|p2a: Magnezone|Flash Cannon|p1a: Thundurus
|-resisted|p1a: Thundurus
|-damage|p1a: Thundurus|139\/299
|
|turn|6
|
|move|p1a: Thundurus|Superpower|p2a: Magnezone
|-supereffective|p2a: Magnezone
|-damage|p2a: Magnezone|0 fnt
|-unboost|p1a: Thundurus|atk|1
|-unboost|p1a: Thundurus|def|1
|-damage|p1a: Thundurus|110\/299|[from] item: Life Orb
|faint|p2a: Magnezone
|
|
|switch|p2a: Landorus-Therian|Landorus-Therian, M|320\/320
|-ability|p2a: Landorus-Therian|Intimidate|[of] p1a: Thundurus
|-unboost|p1a: Thundurus|atk|1
|-boost|p1a: Thundurus|atk|2|[from] ability: Defiant
|turn|7
|
|switch|p1a: Venusaur|Venusaur-Mega, M|311\/364
|move|p2a: Landorus-Therian|U-turn|p1a: Venusaur
|-damage|p1a: Venusaur|249\/364
|
|switch|p2a: Latias|Latias, F|163\/302 psn
|
|-damage|p2a: Latias|126\/302 psn|[from] psn
|turn|8
|
|switch|p2a: Landorus-Therian|Landorus-Therian, M|320\/320
|-ability|p2a: Landorus-Therian|Intimidate|[of] p1a: Venusaur
|-unboost|p1a: Venusaur|atk|1
|switch|p1a: Heatran|Heatran, F|385\/385
|
|turn|9
|
|switch|p1a: Venusaur|Venusaur-Mega, M|249\/364
|move|p2a: Landorus-Therian|Earthquake|p1a: Venusaur
|-damage|p1a: Venusaur|119\/364
|
|turn|10
|
|switch|p2a: Breloom|Breloom, F|262\/262
|switch|p1a: Thundurus|Thundurus, M|110\/299
|
|turn|11
|
|move|p2a: Breloom|Mach Punch|p1a: Thundurus
|-resisted|p1a: Thundurus
|-damage|p1a: Thundurus|35\/299
|move|p1a: Thundurus|Hidden Power|p2a: Breloom
|-supereffective|p2a: Breloom
|-damage|p2a: Breloom|2\/262
|-damage|p1a: Thundurus|6\/299|[from] item: Life Orb
|
|turn|12
|
|switch|p1a: Venusaur|Venusaur-Mega, M|119\/364
|move|p2a: Breloom|Mach Punch|p1a: Venusaur
|-resisted|p1a: Venusaur
|-damage|p1a: Venusaur|83\/364
|
|turn|13
|
|move|p2a: Breloom|Rock Tomb|p1a: Venusaur
|-damage|p1a: Venusaur|12\/364
|-unboost|p1a: Venusaur|spe|1
|move|p1a: Venusaur|Synthesis|p1a: Venusaur
|-heal|p1a: Venusaur|194\/364
|
|turn|14
|c|âWin Conditioner|wow
|
|switch|p2a: Landorus-Therian|Landorus-Therian, M|320\/320
|-ability|p2a: Landorus-Therian|Intimidate|[of] p1a: Venusaur
|-unboost|p1a: Venusaur|atk|1
|move|p1a: Venusaur|Sludge Bomb|p2a: Landorus-Therian
|-crit|p2a: Landorus-Therian
|-resisted|p2a: Landorus-Therian
|-damage|p2a: Landorus-Therian|197\/320
|
|turn|15
|
|move|p2a: Landorus-Therian|Earthquake|p1a: Venusaur
|-damage|p1a: Venusaur|62\/364
|move|p1a: Venusaur|Leech Seed|p2a: Landorus-Therian
|-start|p2a: Landorus-Therian|move: Leech Seed
|
|-damage|p2a: Landorus-Therian|157\/320|[from] Leech Seed|[of] p1a: Venusaur
|-heal|p1a: Venusaur|102\/364|[silent]
|turn|16
|
|switch|p2a: Breloom|Breloom, F|2\/262
|switch|p1a: Thundurus|Thundurus, M|6\/299
|
|turn|17
|
|switch|p1a: Garchomp|Garchomp, F|358\/358
|move|p2a: Breloom|Bullet Seed|p1a: Garchomp
|-damage|p1a: Garchomp|294\/358
|-damage|p1a: Garchomp|221\/358
|-damage|p1a: Garchomp|146\/358
|-damage|p1a: Garchomp|82\/358
|-hitcount|p1a: Garchomp|4
|
|turn|18
|
|switch|p1a: Heatran|Heatran, F|385\/385
|move|p2a: Breloom|Mach Punch|p1a: Heatran
|-supereffective|p1a: Heatran
|-damage|p1a: Heatran|173\/385
|
|-heal|p1a: Heatran|197\/385|[from] item: Leftovers
|turn|19
|
|switch|p1a: Venusaur|Venusaur-Mega, M|102\/364
|move|p2a: Breloom|Spore|p1a: Venusaur
|-fail|p1a: Venusaur
|
|turn|20
|
|switch|p2a: Landorus-Therian|Landorus-Therian, M|157\/320
|-ability|p2a: Landorus-Therian|Intimidate|[of] p1a: Venusaur
|-unboost|p1a: Venusaur|atk|1
|move|p1a: Venusaur|Synthesis|p1a: Venusaur
|-heal|p1a: Venusaur|284\/364
|
|turn|21
|
|move|p2a: Landorus-Therian|U-turn|p1a: Venusaur
|-damage|p1a: Venusaur|222\/364
|
|switch|p2a: Breloom|Breloom, F|2\/262
|move|p1a: Venusaur|Leech Seed|p2a: Breloom
|-immune|p2a: Breloom|[msg]
|
|turn|22
|
|move|p2a: Breloom|Rock Tomb|p1a: Venusaur
|-damage|p1a: Venusaur|155\/364
|-unboost|p1a: Venusaur|spe|1
|move|p1a: Venusaur|Sludge Bomb|p2a: Breloom
|-supereffective|p2a: Breloom
|-damage|p2a: Breloom|0 fnt
|faint|p2a: Breloom
|
|
|switch|p2a: Latias|Latias, F|126\/302 psn
|turn|23
|
|switch|p1a: Klefki|Klefki, F|317\/317
|move|p2a: Latias|Psyshock|p1a: Klefki
|-resisted|p1a: Klefki
|-damage|p1a: Klefki|227\/317
|-damage|p2a: Latias|96\/302 psn|[from] item: Life Orb
|
|-heal|p1a: Klefki|246\/317|[from] item: Leftovers
|-damage|p2a: Latias|59\/302 psn|[from] psn
|turn|24
|
|switch|p2a: Altaria|Altaria, F|320\/320
|move|p1a: Klefki|Toxic|p2a: Altaria
|-status|p2a: Altaria|tox
|
|-heal|p1a: Klefki|265\/317|[from] item: Leftovers
|-damage|p2a: Altaria|300\/320 tox|[from] psn
|turn|25
|
|switch|p1a: Venusaur|Venusaur-Mega, M|155\/364
|detailschange|p2a: Altaria|Altaria-Mega, F
|message|Altaria has Mega Evolved into Mega Altaria!
|move|p2a: Altaria|Dragon Dance|p2a: Altaria
|-boost|p2a: Altaria|atk|1
|-boost|p2a: Altaria|spe|1
|
|-damage|p2a: Altaria|260\/320 tox|[from] psn
|turn|26
|
|move|p2a: Altaria|Frustration|p1a: Venusaur
|-resisted|p1a: Venusaur
|-damage|p1a: Venusaur|41\/364
|move|p1a: Venusaur|Leech Seed|p2a: Altaria
|-start|p2a: Altaria|move: Leech Seed
|
|-damage|p2a: Altaria|220\/320 tox|[from] Leech Seed|[of] p1a: Venusaur
|-heal|p1a: Venusaur|81\/364|[silent]
|-damage|p2a: Altaria|160\/320 tox|[from] psn
|turn|27
|
|switch|p1a: Heatran|Heatran, F|197\/385
|move|p2a: Altaria|Heal Bell|p2a: Altaria
|-cureteam|p2a: Altaria|[from] move: HealBell
|
|-heal|p1a: Heatran|221\/385|[from] item: Leftovers
|-damage|p2a: Altaria|120\/320|[from] Leech Seed|[of] p1a: Heatran
|-heal|p1a: Heatran|261\/385|[silent]
|turn|28
|
|switch|p2a: Rotom-Wash|Rotom-Wash|276\/276
|switch|p1a: Thundurus|Thundurus, M|6\/299
|
|turn|29
|
|move|p1a: Thundurus|Thunderbolt|p2a: Rotom-Wash
|-damage|p2a: Rotom-Wash|123\/276
|-damage|p1a: Thundurus|0 fnt|[from] item: Life Orb
|faint|p1a: Thundurus
|move|p2a: Rotom-Wash|Volt Switch|p1: Thundurus|[notarget]
|-notarget
|
|-heal|p2a: Rotom-Wash|140\/276|[from] item: Leftovers
|
|switch|p1a: Venusaur|Venusaur-Mega, M|81\/364
|turn|30
|
|move|p2a: Rotom-Wash|Will-O-Wisp|p1a: Venusaur
|-status|p1a: Venusaur|brn
|move|p1a: Venusaur|Synthesis|p1a: Venusaur
|-heal|p1a: Venusaur|263\/364 brn
|
|-heal|p2a: Rotom-Wash|157\/276|[from] item: Leftovers
|-damage|p1a: Venusaur|218\/364 brn|[from] brn
|turn|31
|
|move|p2a: Rotom-Wash|Volt Switch|p1a: Venusaur
|-resisted|p1a: Venusaur
|-damage|p1a: Venusaur|182\/364 brn
|
|switch|p2a: Altaria|Altaria-Mega, F|120\/320
|move|p1a: Venusaur|Leech Seed|p2a: Altaria
|-start|p2a: Altaria|move: Leech Seed
|
|-damage|p2a: Altaria|80\/320|[from] Leech Seed|[of] p1a: Venusaur
|-heal|p1a: Venusaur|222\/364 brn|[silent]
|-damage|p1a: Venusaur|177\/364 brn|[from] brn
|turn|32
|
|switch|p2a: Landorus-Therian|Landorus-Therian, M|157\/320
|-ability|p2a: Landorus-Therian|Intimidate|[of] p1a: Venusaur
|-unboost|p1a: Venusaur|atk|1
|move|p1a: Venusaur|Synthesis|p1a: Venusaur
|-heal|p1a: Venusaur|359\/364 brn
|
|-damage|p1a: Venusaur|314\/364 brn|[from] brn
|turn|33
|
|move|p2a: Landorus-Therian|Earthquake|p1a: Venusaur
|-damage|p1a: Venusaur|191\/364 brn
|move|p1a: Venusaur|Leech Seed|p2a: Landorus-Therian
|-start|p2a: Landorus-Therian|move: Leech Seed
|
|-damage|p2a: Landorus-Therian|117\/320|[from] Leech Seed|[of] p1a: Venusaur
|-heal|p1a: Venusaur|231\/364 brn|[silent]
|-damage|p1a: Venusaur|186\/364 brn|[from] brn
|turn|34
|
|switch|p2a: Latias|Latias, F|59\/302
|move|p1a: Venusaur|Synthesis|p1a: Venusaur
|-heal|p1a: Venusaur|364\/364 brn
|
|-damage|p1a: Venusaur|319\/364 brn|[from] brn
|turn|35
|c|âWin Conditioner|time to put gothitelle on this shit
|
|switch|p2a: Landorus-Therian|Landorus-Therian, M|117\/320
|-ability|p2a: Landorus-Therian|Intimidate|[of] p1a: Venusaur
|-unboost|p1a: Venusaur|atk|1
|switch|p1a: Heatran|Heatran, F|261\/385
|
|-heal|p1a: Heatran|285\/385|[from] item: Leftovers
|turn|36
|
|move|p2a: Landorus-Therian|Earthquake|p1a: Heatran
|-supereffective|p1a: Heatran
|-damage|p1a: Heatran|0 fnt
|faint|p1a: Heatran
|
|
|switch|p1a: Venusaur|Venusaur-Mega, M|319\/364 brn
|turn|37
|
|move|p2a: Landorus-Therian|Earthquake|p1a: Venusaur
|-damage|p1a: Venusaur|195\/364 brn
|move|p1a: Venusaur|Giga Drain|p2a: Landorus-Therian
|-damage|p2a: Landorus-Therian|0 fnt
|-heal|p1a: Venusaur|254\/364 brn|[from] drain|[of] p2a: Landorus-Therian
|faint|p2a: Landorus-Therian
|
|-damage|p1a: Venusaur|209\/364 brn|[from] brn
|
|switch|p2a: Latias|Latias, F|59\/302
|turn|38
|
|switch|p2a: Altaria|Altaria-Mega, F|80\/320
|switch|p1a: Klefki|Klefki, F|265\/317
|
|-heal|p1a: Klefki|284\/317|[from] item: Leftovers
|turn|39
|
|move|p1a: Klefki|Thunder Wave|p2a: Altaria
|-status|p2a: Altaria|par
|move|p2a: Altaria|Roost|p2a: Altaria
|-heal|p2a: Altaria|240\/320 par
|
|-heal|p1a: Klefki|303\/317|[from] item: Leftovers
|turn|40
|
|switch|p1a: Venusaur|Venusaur-Mega, M|209\/364 brn
|move|p2a: Altaria|Heal Bell|p2a: Altaria
|-cureteam|p2a: Altaria|[from] move: HealBell
|
|-damage|p1a: Venusaur|164\/364 brn|[from] brn
|turn|41
|
|move|p2a: Altaria|Dragon Dance|p2a: Altaria
|-boost|p2a: Altaria|atk|1
|-boost|p2a: Altaria|spe|1
|move|p1a: Venusaur|Sludge Bomb|p2a: Altaria
|-supereffective|p2a: Altaria
|-damage|p2a: Altaria|12\/320
|
|-damage|p1a: Venusaur|119\/364 brn|[from] brn
|turn|42
|
|move|p2a: Altaria|Frustration|p1a: Venusaur
|-resisted|p1a: Venusaur
|-damage|p1a: Venusaur|5\/364 brn
|move|p1a: Venusaur|Synthesis|p1a: Venusaur
|-heal|p1a: Venusaur|187\/364 brn
|
|-damage|p1a: Venusaur|142\/364 brn|[from] brn
|turn|43
|c|âWin Conditioner|wowwwowowowow
|
|move|p2a: Altaria|Frustration|p1a: Venusaur
|-crit|p1a: Venusaur
|-resisted|p1a: Venusaur
|-damage|p1a: Venusaur|0 fnt
|faint|p1a: Venusaur
|
|
|switch|p1a: Garchomp|Garchomp, F|82\/358
|turn|44
|
|switch|p2a: Rotom-Wash|Rotom-Wash|157\/276
|move|p1a: Garchomp|Rock Slide|p2a: Rotom-Wash
|-damage|p2a: Rotom-Wash|97\/276
|
|-heal|p2a: Rotom-Wash|114\/276|[from] item: Leftovers
|turn|45
|c|âShafiel|still got crit
|
|switch|p1a: Klefki|Klefki, F|303\/317
|move|p2a: Rotom-Wash|Hydro Pump|p1a: Klefki|[miss]
|-miss|p2a: Rotom-Wash|p1a: Klefki
|
|-heal|p2a: Rotom-Wash|131\/276|[from] item: Leftovers
|-heal|p1a: Klefki|317\/317|[from] item: Leftovers
|turn|46
|
|move|p2a: Rotom-Wash|Will-O-Wisp|p1a: Klefki
|-status|p1a: Klefki|brn
|move|p1a: Klefki|Foul Play|p2a: Rotom-Wash
|-damage|p2a: Rotom-Wash|115\/276
|
|-heal|p2a: Rotom-Wash|132\/276|[from] item: Leftovers
|-damage|p1a: Klefki|278\/317 brn|[from] brn
|turn|47
|
|move|p1a: Klefki|Toxic|p2a: Rotom-Wash
|-status|p2a: Rotom-Wash|tox
|move|p2a: Rotom-Wash|Pain Split|p1a: Klefki
|-sethp|p1a: Klefki|205\/317 brn|p2a: Rotom-Wash|205\/276 tox|[from] move: Pain Split
|
|-heal|p2a: Rotom-Wash|222\/276 tox|[from] item: Leftovers
|-heal|p1a: Klefki|224\/317 brn|[from] item: Leftovers
|-damage|p2a: Rotom-Wash|205\/276 tox|[from] psn
|-damage|p1a: Klefki|185\/317 brn|[from] brn
|turn|48
|
|move|p1a: Klefki|Spikes|p2a: Rotom-Wash
|-sidestart|p2: Win Conditioner|Spikes
|move|p2a: Rotom-Wash|Hydro Pump|p1a: Klefki
|-damage|p1a: Klefki|80\/317 brn
|
|-heal|p2a: Rotom-Wash|222\/276 tox|[from] item: Leftovers
|-heal|p1a: Klefki|99\/317 brn|[from] item: Leftovers
|-damage|p2a: Rotom-Wash|188\/276 tox|[from] psn
|-damage|p1a: Klefki|60\/317 brn|[from] brn
|turn|49
|
|switch|p1a: Keldeo|Keldeo|322\/322
|move|p2a: Rotom-Wash|Volt Switch|p1a: Keldeo
|-supereffective|p1a: Keldeo
|-damage|p1a: Keldeo|134\/322
|
|switch|p2a: Latias|Latias, F|59\/302
|
|-heal|p1a: Keldeo|154\/322|[from] item: Leftovers
|turn|50
|
|move|p2a: Latias|Healing Wish|p2a: Latias
|faint|p2a: Latias
|move|p1a: Keldeo|Secret Sword|p2: Latias|[notarget]
|-notarget
|
|-heal|p1a: Keldeo|174\/322|[from] item: Leftovers
|
|switch|p2a: Altaria|Altaria-Mega, F|12\/320
|-heal|p2a: Altaria|320\/320|[from] move: Healing Wish
|-damage|p2a: Altaria|280\/320|[from] Spikes
|turn|51
|
|move|p1a: Keldeo|Scald|p2a: Altaria
|-resisted|p2a: Altaria
|-damage|p2a: Altaria|216\/320
|move|p2a: Altaria|Dragon Dance|p2a: Altaria
|-boost|p2a: Altaria|atk|1
|-boost|p2a: Altaria|spe|1
|
|-heal|p1a: Keldeo|194\/322|[from] item: Leftovers
|turn|52
|
|move|p1a: Keldeo|Scald|p2a: Altaria
|-resisted|p2a: Altaria
|-damage|p2a: Altaria|144\/320
|move|p2a: Altaria|Dragon Dance|p2a: Altaria
|-boost|p2a: Altaria|atk|1
|-boost|p2a: Altaria|spe|1
|
|-heal|p1a: Keldeo|214\/322|[from] item: Leftovers
|turn|53
|
|move|p2a: Altaria|Frustration|p1a: Keldeo
|-supereffective|p1a: Keldeo
|-damage|p1a: Keldeo|0 fnt
|faint|p1a: Keldeo
|
|
|switch|p1a: Klefki|Klefki, F|60\/317 brn
|turn|54
|
|move|p1a: Klefki|Thunder Wave|p2a: Altaria
|-status|p2a: Altaria|par
|move|p2a: Altaria|Heal Bell|p2a: Altaria
|-cureteam|p2a: Altaria|[from] move: HealBell
|
|-heal|p1a: Klefki|79\/317 brn|[from] item: Leftovers
|-damage|p1a: Klefki|40\/317 brn|[from] brn
|turn|55
|
|move|p2a: Altaria|Heal Bell|p2a: Altaria
|-cureteam|p2a: Altaria|[from] move: HealBell
|move|p1a: Klefki|Foul Play|p2a: Altaria
|-resisted|p2a: Altaria
|-damage|p2a: Altaria|94\/320
|
|-heal|p1a: Klefki|59\/317 brn|[from] item: Leftovers
|-damage|p1a: Klefki|20\/317 brn|[from] brn
|turn|56
|
|move|p1a: Klefki|Thunder Wave|p2a: Altaria
|-status|p2a: Altaria|par
|move|p2a: Altaria|Heal Bell|p2a: Altaria
|-cureteam|p2a: Altaria|[from] move: HealBell
|
|-heal|p1a: Klefki|39\/317 brn|[from] item: Leftovers
|-damage|p1a: Klefki|0 fnt|[from] brn
|faint|p1a: Klefki
|c|âWin Conditioner|gg
|c|âShafiel|gg
|
|switch|p1a: Garchomp|Garchomp, F|82\/358
|turn|57
|
|move|p1a: Garchomp|Rock Slide|p2a: Altaria
|-damage|p2a: Altaria|10\/320
|move|p2a: Altaria|Frustration|p1a: Garchomp
|-supereffective|p1a: Garchomp
|-damage|p1a: Garchomp|0 fnt
|-damage|p2a: Altaria|0 fnt|[from] ability: Rough Skin|[of] p1a: Garchomp
|faint|p2a: Altaria
|faint|p1a: Garchomp
|
|win|Win Conditioner
|raw|Ladder updating...