|join|SinnohPlayer08
|join|Win Conditioner
|player|p1|SinnohPlayer08|101
|player|p2|Win Conditioner|87
|gametype|singles
|gen|6
|tier|OU
|clearpoke
|poke|p1|Klefki, M
|poke|p1|Gliscor, M
|poke|p1|Greninja, F
|poke|p1|Snorlax, F
|poke|p1|Azumarill, M
|poke|p1|Chandelure, F
|poke|p2|Breloom, F
|poke|p2|Metagross
|poke|p2|Keldeo
|poke|p2|Garchomp, M
|poke|p2|Magnezone
|poke|p2|Latias, F
|rule|Swagger Clause: Swagger is banned
|rule|Baton Pass Clause: Limit one PokÃ©mon knowing Baton Pass
|rule|Sleep Clause Mod: Limit one foe put to sleep
|rule|Species Clause: Limit one of each PokÃ©mon
|rule|OHKO Clause: OHKO moves are banned
|rule|Moody Clause: Moody is banned
|rule|Evasion Moves Clause: Evasion moves are banned
|rule|Endless Battle Clause: Forcing endless battles is banned
|rule|HP Percentage Mod: HP is shown in percentages
|teampreview
|
|start
|switch|p1a: Greninja|Greninja, F|285\/285
|switch|p2a: Magnezone|Magnezone|281\/281
|turn|1
|
|move|p2a: Magnezone|Volt Switch|p1a: Greninja
|-supereffective|p1a: Greninja
|-damage|p1a: Greninja|15\/285
|
|switch|p2a: Garchomp|Garchomp, M|357\/357
|move|p1a: Greninja|Dig|p2a: Garchomp|[still]
|-prepare|p1a: Greninja|Dig|p2a: Garchomp
|
|turn|2
|
|move|p1a: Greninja|Dig|p2a: Garchomp
|-start|p1a: Greninja|typechange|Ground|[from] Protean
|-damage|p2a: Garchomp|273\/357
|-damage|p1a: Greninja|0 fnt|[from] ability: Rough Skin|[of] p2a: Garchomp
|faint|p1a: Greninja
|move|p2a: Garchomp|Stealth Rock|p1: Greninja
|-sidestart|p1: SinnohPlayer08|move: Stealth Rock
|
|
|switch|p1a: Klefki|Klefki, M|279\/279
|-damage|p1a: Klefki|262\/279|[from] Stealth Rock
|turn|3
|
|move|p2a: Garchomp|Earthquake|p1a: Klefki
|-supereffective|p1a: Klefki
|-damage|p1a: Klefki|0 fnt
|faint|p1a: Klefki
|
|
|switch|p1a: Azumarill|Azumarill, M|341\/341
|-damage|p1a: Azumarill|299\/341|[from] Stealth Rock
|turn|4
|
|move|p2a: Garchomp|Earthquake|p1a: Azumarill
|-damage|p1a: Azumarill|98\/341
|move|p1a: Azumarill|Ice Punch|p2a: Garchomp
|-supereffective|p2a: Garchomp
|-damage|p2a: Garchomp|0 fnt
|-damage|p1a: Azumarill|56\/341|[from] ability: Rough Skin|[of] p2a: Garchomp
|faint|p2a: Garchomp
|
|-heal|p1a: Azumarill|77\/341|[from] item: Leftovers
|
|switch|p2a: Metagross|Metagross|302\/302
|turn|5
|
|switch|p1a: Gliscor|Gliscor, M|352\/352
|-damage|p1a: Gliscor|308\/352|[from] Stealth Rock
|detailschange|p2a: Metagross|Metagross-Mega
|-mega|p2a: Metagross|Metagross|Metagrossite
|move|p2a: Metagross|Earthquake|p1a: Gliscor
|-immune|p1a: Gliscor|[msg]
|
|-status|p1a: Gliscor|tox|[from] item: Toxic Orb
|turn|6
|
|switch|p2a: Latias|Latias, F|301\/301
|move|p1a: Gliscor|Earthquake|p2a: Latias
|-immune|p2a: Latias|[msg]
|
|-heal|p1a: Gliscor|352\/352 tox|[from] ability: Poison Heal
|turn|7
|
|switch|p2a: Keldeo|Keldeo|323\/323
|move|p1a: Gliscor|Toxic|p2a: Keldeo
|-status|p2a: Keldeo|tox
|
|-damage|p2a: Keldeo|303\/323 tox|[from] psn
|turn|8
|
|move|p1a: Gliscor|Protect|p1a: Gliscor
|-singleturn|p1a: Gliscor|Protect
|move|p2a: Keldeo|Scald|p1a: Gliscor
|-activate|p1a: Gliscor|Protect
|
|-damage|p2a: Keldeo|263\/323 tox|[from] psn
|turn|9
|
|move|p2a: Keldeo|Scald|p1a: Gliscor
|-supereffective|p1a: Gliscor
|-damage|p1a: Gliscor|0 fnt
|faint|p1a: Gliscor
|
|-damage|p2a: Keldeo|203\/323 tox|[from] psn
|
|switch|p1a: Snorlax|Snorlax, F|500\/500
|-damage|p1a: Snorlax|438\/500|[from] Stealth Rock
|turn|10
|
|switch|p2a: Breloom|Breloom, F|261\/261
|move|p1a: Snorlax|Stockpile|p1a: Snorlax
|-start|p1a: Snorlax|stockpile1
|-boost|p1a: Snorlax|def|1
|-boost|p1a: Snorlax|spd|1
|
|-heal|p1a: Snorlax|469\/500|[from] item: Leftovers
|turn|11
|
|move|p2a: Breloom|Spore|p1a: Snorlax
|-status|p1a: Snorlax|slp
|cant|p1a: Snorlax|slp
|
|-heal|p1a: Snorlax|500\/500 slp|[from] item: Leftovers
|turn|12
|
|move|p2a: Breloom|Mach Punch|p1a: Snorlax
|-supereffective|p1a: Snorlax
|-damage|p1a: Snorlax|348\/500 slp
|-curestatus|p1a: Snorlax|slp
|move|p1a: Snorlax|Body Slam|p2a: Breloom
|-damage|p2a: Breloom|128\/261
|-status|p2a: Breloom|par
|
|-heal|p1a: Snorlax|379\/500|[from] item: Leftovers
|turn|13
|
|move|p1a: Snorlax|Stockpile|p1a: Snorlax
|-start|p1a: Snorlax|stockpile2
|-boost|p1a: Snorlax|def|1
|-boost|p1a: Snorlax|spd|1
|move|p2a: Breloom|Spore|p1a: Snorlax
|-status|p1a: Snorlax|slp
|
|-heal|p1a: Snorlax|410\/500 slp|[from] item: Leftovers
|turn|14
|
|move|p2a: Breloom|Mach Punch|p1a: Snorlax
|-supereffective|p1a: Snorlax
|-damage|p1a: Snorlax|296\/500 slp
|cant|p1a: Snorlax|slp
|
|-heal|p1a: Snorlax|327\/500 slp|[from] item: Leftovers
|turn|15
|
|move|p2a: Breloom|Mach Punch|p1a: Snorlax
|-supereffective|p1a: Snorlax
|-damage|p1a: Snorlax|211\/500 slp
|cant|p1a: Snorlax|slp
|
|-heal|p1a: Snorlax|242\/500 slp|[from] item: Leftovers
|turn|16
|
|move|p2a: Breloom|Mach Punch|p1a: Snorlax
|-supereffective|p1a: Snorlax
|-damage|p1a: Snorlax|132\/500 slp
|-curestatus|p1a: Snorlax|slp
|move|p1a: Snorlax|Stockpile|p1a: Snorlax
|-start|p1a: Snorlax|stockpile3
|-boost|p1a: Snorlax|def|1
|-boost|p1a: Snorlax|spd|1
|
|-heal|p1a: Snorlax|163\/500|[from] item: Leftovers
|turn|17
|
|move|p2a: Breloom|Mach Punch|p1a: Snorlax
|-supereffective|p1a: Snorlax
|-damage|p1a: Snorlax|79\/500
|move|p1a: Snorlax|Rest|p1a: Snorlax
|-status|p1a: Snorlax|slp
|-heal|p1a: Snorlax|500\/500 slp|[silent]
|-status|p1a: Snorlax|slp|[from] move: Rest
|
|turn|18
|
|switch|p2a: Latias|Latias, F|301\/301
|cant|p1a: Snorlax|slp
|
|turn|19
|
|move|p2a: Latias|Healing Wish|p2a: Latias
|faint|p2a: Latias
|cant|p1a: Snorlax|slp
|
|
|switch|p2a: Keldeo|Keldeo|203\/323 tox
|-heal|p2a: Keldeo|323\/323|[from] move: Healing Wish
|turn|20
|
|move|p2a: Keldeo|Secret Sword|p1a: Snorlax
|-supereffective|p1a: Snorlax
|-damage|p1a: Snorlax|374\/500 slp
|-curestatus|p1a: Snorlax|slp
|move|p1a: Snorlax|Stockpile|p1a: Snorlax
|-fail|p1a: Snorlax
|
|-heal|p1a: Snorlax|405\/500|[from] item: Leftovers
|turn|21
|
|move|p2a: Keldeo|Secret Sword|p1a: Snorlax
|-supereffective|p1a: Snorlax
|-damage|p1a: Snorlax|267\/500
|move|p1a: Snorlax|Body Slam|p2a: Keldeo
|-damage|p2a: Keldeo|197\/323
|
|-heal|p1a: Snorlax|298\/500|[from] item: Leftovers
|turn|22
|
|move|p2a: Keldeo|Secret Sword|p1a: Snorlax
|-supereffective|p1a: Snorlax
|-damage|p1a: Snorlax|172\/500
|move|p1a: Snorlax|Body Slam|p2a: Keldeo
|-damage|p2a: Keldeo|73\/323
|-status|p2a: Keldeo|par
|
|-heal|p1a: Snorlax|203\/500|[from] item: Leftovers
|turn|23
|
|move|p2a: Keldeo|Secret Sword|p1a: Snorlax
|-supereffective|p1a: Snorlax
|-damage|p1a: Snorlax|87\/500
|move|p1a: Snorlax|Body Slam|p2a: Keldeo
|-damage|p2a: Keldeo|0 fnt
|faint|p2a: Keldeo
|
|-heal|p1a: Snorlax|118\/500|[from] item: Leftovers
|
|switch|p2a: Metagross|Metagross-Mega|302\/302
|turn|24
|
|switch|p1a: Chandelure|Chandelure, F|278\/278
|-damage|p1a: Chandelure|209\/278|[from] Stealth Rock
|-item|p1a: Chandelure|Air Balloon
|move|p2a: Metagross|Meteor Mash|p1a: Chandelure
|-resisted|p1a: Chandelure
|-damage|p1a: Chandelure|107\/278
|-enditem|p1a: Chandelure|Air Balloon
|
|turn|25
|
|move|p2a: Metagross|Earthquake|p1a: Chandelure
|-supereffective|p1a: Chandelure
|-damage|p1a: Chandelure|0 fnt
|faint|p1a: Chandelure
|
|
|switch|p1a: Azumarill|Azumarill, M|77\/341
|-damage|p1a: Azumarill|35\/341|[from] Stealth Rock
|turn|26
|
|move|p2a: Metagross|Bullet Punch|p1a: Azumarill
|-damage|p1a: Azumarill|0 fnt
|faint|p1a: Azumarill
|
|
|switch|p1a: Snorlax|Snorlax, F|118\/500
|-damage|p1a: Snorlax|56\/500|[from] Stealth Rock
|turn|27
|
|move|p2a: Metagross|Meteor Mash|p1a: Snorlax|[miss]
|-miss|p2a: Metagross|p1a: Snorlax
|move|p1a: Snorlax|Rest|p1a: Snorlax
|-status|p1a: Snorlax|slp
|-heal|p1a: Snorlax|500\/500 slp|[silent]
|-status|p1a: Snorlax|slp|[from] move: Rest
|
|turn|28
|c|âSinnohPlayer08|gg
|
|move|p2a: Metagross|Meteor Mash|p1a: Snorlax|[miss]
|-miss|p2a: Metagross|p1a: Snorlax
|cant|p1a: Snorlax|slp
|
|turn|29
|
|move|p2a: Metagross|Meteor Mash|p1a: Snorlax
|-damage|p1a: Snorlax|260\/500 slp
|cant|p1a: Snorlax|slp
|
|-heal|p1a: Snorlax|291\/500 slp|[from] item: Leftovers
|turn|30
|
|move|p2a: Metagross|Meteor Mash|p1a: Snorlax
|-damage|p1a: Snorlax|63\/500 slp
|-curestatus|p1a: Snorlax|slp
|move|p1a: Snorlax|Stockpile|p1a: Snorlax
|-start|p1a: Snorlax|stockpile1
|-boost|p1a: Snorlax|def|1
|-boost|p1a: Snorlax|spd|1
|
|-heal|p1a: Snorlax|94\/500|[from] item: Leftovers
|turn|31
|
|move|p2a: Metagross|Meteor Mash|p1a: Snorlax
|-damage|p1a: Snorlax|0 fnt
|faint|p1a: Snorlax
|
|win|Win Conditioner