|join|Glory Blaze
|join|Win Conditioner
|player|p1|Glory Blaze|253
|player|p2|Win Conditioner|92
|gametype|singles
|gen|6
|tier|OU
|rated
|clearpoke
|poke|p1|Beedrill, F
|poke|p1|Magnezone
|poke|p1|Landorus-Therian, M
|poke|p1|Latias, F
|poke|p1|Greninja, F
|poke|p1|Clefable, M
|poke|p2|Breloom, F
|poke|p2|Metagross
|poke|p2|Keldeo
|poke|p2|Landorus-Therian, M
|poke|p2|Magnezone
|poke|p2|Latias, F
|rule|Swagger Clause: Swagger is banned
|rule|Baton Pass Clause: Limit one PokÃ©mon knowing Baton Pass
|rule|Sleep Clause Mod: Limit one foe put to sleep
|rule|Species Clause: Limit one of each PokÃ©mon
|rule|OHKO Clause: OHKO moves are banned
|rule|Moody Clause: Moody is banned
|rule|Evasion Moves Clause: Evasion moves are banned
|rule|Endless Battle Clause: Forcing endless battles is banned
|rule|HP Percentage Mod: HP is shown in percentages
|teampreview
|
|start
|switch|p1a: Landorus-Therian|Landorus-Therian, M|365\/365
|switch|p2a: Landorus-Therian|Landorus-Therian, M|320\/320
|-ability|p2a: Landorus-Therian|Intimidate|[of] p1a: Landorus-Therian
|-unboost|p1a: Landorus-Therian|atk|1
|-ability|p1a: Landorus-Therian|Intimidate|[of] p2a: Landorus-Therian
|-unboost|p2a: Landorus-Therian|atk|1
|turn|1
|
|move|p2a: Landorus-Therian|U-turn|p1a: Landorus-Therian
|-resisted|p1a: Landorus-Therian
|-damage|p1a: Landorus-Therian|341\/365
|
|switch|p2a: Keldeo|Keldeo|322\/322
|move|p1a: Landorus-Therian|Stealth Rock|p2a: Keldeo
|-sidestart|p2: Win Conditioner|move: Stealth Rock
|
|-heal|p1a: Landorus-Therian|363\/365|[from] item: Leftovers
|turn|2
|
|switch|p1a: Latias|Latias, F|319\/319
|move|p2a: Keldeo|Icy Wind|p1a: Latias
|-supereffective|p1a: Latias
|-damage|p1a: Latias|153\/319
|-unboost|p1a: Latias|spe|1
|
|turn|3
|
|switch|p2a: Landorus-Therian|Landorus-Therian, M|320\/320
|-damage|p2a: Landorus-Therian|280\/320|[from] Stealth Rock
|-ability|p2a: Landorus-Therian|Intimidate|[of] p1a: Latias
|-unboost|p1a: Latias|atk|1
|switch|p1a: Magnezone|Magnezone|282\/282
|
|turn|4
|
|switch|p1a: Landorus-Therian|Landorus-Therian, M|363\/365
|-ability|p1a: Landorus-Therian|Intimidate|[of] p2a: Landorus-Therian
|-unboost|p2a: Landorus-Therian|atk|1
|move|p2a: Landorus-Therian|U-turn|p1a: Landorus-Therian
|-resisted|p1a: Landorus-Therian
|-damage|p1a: Landorus-Therian|341\/365
|
|switch|p2a: Keldeo|Keldeo|322\/322
|-damage|p2a: Keldeo|302\/322|[from] Stealth Rock
|
|-heal|p1a: Landorus-Therian|363\/365|[from] item: Leftovers
|turn|5
|
|move|p2a: Keldeo|Scald|p1a: Landorus-Therian
|-supereffective|p1a: Landorus-Therian
|-damage|p1a: Landorus-Therian|0 fnt
|faint|p1a: Landorus-Therian
|
|
|switch|p1a: Latias|Latias, F|153\/319
|turn|6
|
|switch|p1a: Magnezone|Magnezone|282\/282
|switch|p2a: Magnezone|Magnezone|282\/282
|-damage|p2a: Magnezone|265\/282|[from] Stealth Rock
|
|turn|7
|
|move|p2a: Magnezone|Volt Switch|p1a: Magnezone
|-resisted|p1a: Magnezone
|-damage|p1a: Magnezone|216\/282
|
|switch|p2a: Latias|Latias, F|302\/302
|-damage|p2a: Latias|265\/302|[from] Stealth Rock
|move|p1a: Magnezone|Hidden Power|p2a: Latias
|-resisted|p2a: Latias
|-damage|p2a: Latias|235\/302
|
|turn|8
|
|switch|p1a: Clefable|Clefable, M|394\/394
|move|p2a: Latias|Defog|p1a: Clefable
|-unboost|p1a: Clefable|evasion|1
|-sideend|p2: Win Conditioner|Stealth Rock|[from] move: Defog|[of] p2a: Latias
|
|turn|9
|
|switch|p1a: Magnezone|Magnezone|216\/282
|move|p2a: Latias|Psyshock|p1a: Magnezone
|-resisted|p1a: Magnezone
|-damage|p1a: Magnezone|142\/282
|-damage|p2a: Latias|205\/302|[from] item: Life Orb
|
|turn|10
|
|switch|p2a: Magnezone|Magnezone|265\/282
|move|p1a: Magnezone|Flash Cannon|p2a: Magnezone
|-resisted|p2a: Magnezone
|-damage|p2a: Magnezone|229\/282
|
|turn|11
|
|move|p1a: Magnezone|Flash Cannon|p2a: Magnezone
|-resisted|p2a: Magnezone
|-damage|p2a: Magnezone|188\/282
|move|p2a: Magnezone|Hidden Power|p1a: Magnezone
|-supereffective|p1a: Magnezone
|-damage|p1a: Magnezone|0 fnt
|faint|p1a: Magnezone
|
|
|switch|p1a: Beedrill|Beedrill, F|272\/272
|turn|12
|
|switch|p2a: Landorus-Therian|Landorus-Therian, M|280\/320
|-ability|p2a: Landorus-Therian|Intimidate|[of] p1a: Beedrill
|-unboost|p1a: Beedrill|atk|1
|detailschange|p1a: Beedrill|Beedrill-Mega, F
|message|Beedrill has Mega Evolved into Mega Beedrill!
|move|p1a: Beedrill|U-turn|p2a: Landorus-Therian
|-resisted|p2a: Landorus-Therian
|-damage|p2a: Landorus-Therian|215\/320
|
|switch|p1a: Latias|Latias, F|153\/319
|
|turn|13
|
|switch|p1a: Clefable|Clefable, M|394\/394
|move|p2a: Landorus-Therian|U-turn|p1a: Clefable
|-resisted|p1a: Clefable
|-damage|p1a: Clefable|351\/394
|
|switch|p2a: Magnezone|Magnezone|188\/282
|
|-heal|p1a: Clefable|375\/394|[from] item: Leftovers
|turn|14
|
|switch|p1a: Greninja|Greninja, F|285\/285
|move|p2a: Magnezone|Flash Cannon|p1a: Greninja
|-resisted|p1a: Greninja
|-damage|p1a: Greninja|187\/285
|
|turn|15
|
|switch|p2a: Latias|Latias, F|205\/302
|move|p1a: Greninja|Low Kick|p2a: Latias
|-start|p1a: Greninja|typechange|Fighting|[from] Protean
|-resisted|p2a: Latias
|-damage|p2a: Latias|156\/302
|-damage|p1a: Greninja|159\/285|[from] item: Life Orb
|
|turn|16
|
|move|p1a: Greninja|Dark Pulse|p2a: Latias
|-start|p1a: Greninja|typechange|Dark|[from] Protean
|-supereffective|p2a: Latias
|-damage|p2a: Latias|0 fnt
|-damage|p1a: Greninja|131\/285|[from] item: Life Orb
|faint|p2a: Latias
|
|
|switch|p2a: Breloom|Breloom, F|262\/262
|turn|17
|
|switch|p1a: Latias|Latias, F|153\/319
|move|p2a: Breloom|Mach Punch|p1a: Latias
|-crit|p1a: Latias
|-resisted|p1a: Latias
|-damage|p1a: Latias|72\/319
|
|turn|18
|
|switch|p2a: Magnezone|Magnezone|188\/282
|move|p1a: Latias|Healing Wish|p1a: Latias
|faint|p1a: Latias
|
|
|switch|p1a: Greninja|Greninja, F|131\/285
|-heal|p1a: Greninja|285\/285|[from] move: Healing Wish
|turn|19
|
|switch|p2a: Keldeo|Keldeo|302\/322
|move|p1a: Greninja|Low Kick|p2a: Keldeo
|-start|p1a: Greninja|typechange|Fighting|[from] Protean
|-damage|p2a: Keldeo|197\/322
|-damage|p1a: Greninja|257\/285|[from] item: Life Orb
|
|turn|20
|
|move|p1a: Greninja|Gunk Shot|p2a: Keldeo
|-start|p1a: Greninja|typechange|Poison|[from] Protean
|-damage|p2a: Keldeo|0 fnt
|-damage|p1a: Greninja|229\/285|[from] item: Life Orb
|faint|p2a: Keldeo
|
|
|switch|p2a: Landorus-Therian|Landorus-Therian, M|215\/320
|-ability|p2a: Landorus-Therian|Intimidate|[of] p1a: Greninja
|-unboost|p1a: Greninja|atk|1
|turn|21
|
|switch|p1a: Clefable|Clefable, M|375\/394
|move|p2a: Landorus-Therian|Earthquake|p1a: Clefable
|-damage|p1a: Clefable|197\/394
|
|-heal|p1a: Clefable|221\/394|[from] item: Leftovers
|turn|22
|
|move|p2a: Landorus-Therian|Earthquake|p1a: Clefable
|-damage|p1a: Clefable|56\/394
|move|p1a: Clefable|Soft-Boiled|p1a: Clefable
|-heal|p1a: Clefable|253\/394
|
|-heal|p1a: Clefable|277\/394|[from] item: Leftovers
|turn|23
|
|switch|p2a: Metagross|Metagross|302\/302
|switch|p1a: Greninja|Greninja, F|229\/285
|
|turn|24
|
|switch|p2a: Magnezone|Magnezone|188\/282
|move|p1a: Greninja|Dark Pulse|p2a: Magnezone
|-start|p1a: Greninja|typechange|Dark|[from] Protean
|-damage|p2a: Magnezone|19\/282
|-damage|p1a: Greninja|201\/285|[from] item: Life Orb
|
|turn|25
|
|move|p1a: Greninja|Dark Pulse|p2a: Magnezone
|-damage|p2a: Magnezone|0 fnt
|-damage|p1a: Greninja|173\/285|[from] item: Life Orb
|faint|p2a: Magnezone
|
|
|switch|p2a: Landorus-Therian|Landorus-Therian, M|215\/320
|-ability|p2a: Landorus-Therian|Intimidate|[of] p1a: Greninja
|-unboost|p1a: Greninja|atk|1
|turn|26
|
|switch|p1a: Beedrill|Beedrill-Mega, F|272\/272
|move|p2a: Landorus-Therian|U-turn|p1a: Beedrill
|-resisted|p1a: Beedrill
|-damage|p1a: Beedrill|177\/272
|
|switch|p2a: Metagross|Metagross|302\/302
|
|turn|27
|
|detailschange|p2a: Metagross|Metagross-Mega
|message|Metagross has Mega Evolved into Mega Metagross!
|move|p1a: Beedrill|Drill Run|p2a: Metagross
|-crit|p2a: Metagross
|-supereffective|p2a: Metagross
|-damage|p2a: Metagross|82\/302
|move|p2a: Metagross|Earthquake|p1a: Beedrill
|-damage|p1a: Beedrill|0 fnt
|faint|p1a: Beedrill
|
|
|switch|p1a: Greninja|Greninja, F|173\/285
|turn|28
|
|switch|p2a: Breloom|Breloom, F|262\/262
|move|p1a: Greninja|Gunk Shot|p2a: Breloom
|-start|p1a: Greninja|typechange|Poison|[from] Protean
|-supereffective|p2a: Breloom
|-enditem|p2a: Breloom|Focus Sash
|-damage|p2a: Breloom|1\/262
|-damage|p1a: Greninja|145\/285|[from] item: Life Orb
|
|turn|29
|
|switch|p1a: Clefable|Clefable, M|277\/394
|switch|p2a: Landorus-Therian|Landorus-Therian, M|215\/320
|-ability|p2a: Landorus-Therian|Intimidate|[of] p1a: Clefable
|-unboost|p1a: Clefable|atk|1
|
|-heal|p1a: Clefable|301\/394|[from] item: Leftovers
|turn|30
|
|move|p2a: Landorus-Therian|Earthquake|p1a: Clefable
|-damage|p1a: Clefable|117\/394
|move|p1a: Clefable|Moonblast|p2a: Landorus-Therian
|-damage|p2a: Landorus-Therian|97\/320
|-unboost|p2a: Landorus-Therian|spa|1
|
|-heal|p1a: Clefable|141\/394|[from] item: Leftovers
|turn|31
|
|move|p2a: Landorus-Therian|Earthquake|p1a: Clefable
|-damage|p1a: Clefable|0 fnt
|faint|p1a: Clefable
|
|
|switch|p1a: Greninja|Greninja, F|145\/285
|turn|32
|
|move|p2a: Landorus-Therian|Earthquake|p1a: Greninja
|-damage|p1a: Greninja|0 fnt
|faint|p1a: Greninja
|
|win|Win Conditioner
|raw|Ladder updating...
|raw|Glory Blaze's rating: 1533 &rarr; <strong>1517<\/strong><br \/>(-16 for losing)
|raw|Win Conditioner's rating: 1612 &rarr; <strong>1628<\/strong><br \/>(+16 for winning)
|c|âGlory Blaze|gg