|join|HI ROLL
|join|Win Conditioner
|player|p1|HI ROLL|280
|player|p2|Win Conditioner|264
|gametype|singles
|gen|6
|tier|OU
|rated
|clearpoke
|poke|p1|Altaria, F, shiny
|poke|p1|Amoonguss, M
|poke|p1|Heatran, F
|poke|p1|Landorus-Therian, M
|poke|p1|Gothitelle, M
|poke|p1|Manaphy
|poke|p2|Bisharp, M
|poke|p2|Venusaur, M
|poke|p2|Heatran, F
|poke|p2|Keldeo
|poke|p2|Chansey, F
|poke|p2|Skarmory, F
|rule|Swagger Clause: Swagger is banned
|rule|Baton Pass Clause: Limit one PokÃ©mon knowing Baton Pass
|rule|Sleep Clause Mod: Limit one foe put to sleep
|rule|Species Clause: Limit one of each PokÃ©mon
|rule|OHKO Clause: OHKO moves are banned
|rule|Moody Clause: Moody is banned
|rule|Evasion Moves Clause: Evasion moves are banned
|rule|Endless Battle Clause: Forcing endless battles is banned
|rule|HP Percentage Mod: HP is shown in percentages
|teampreview
HI ROLL made this room private.
Win Conditioner turned on modjoin.
|raw|<div class="broadcast-red"><b>Moderated chat was set to +!<\/b><br \/>Only users of rank + and higher can talk.<\/div>
|
|start
|switch|p1a: Manaphy|Manaphy|401\/401
|switch|p2a: Heatran|Heatran, F|386\/386
|-item|p2a: Heatran|Air Balloon
|turn|1
|
|move|p1a: Manaphy|Rain Dance|p1a: Manaphy
|-weather|RainDance
|move|p2a: Heatran|Taunt|p1a: Manaphy
|-start|p1a: Manaphy|move: Taunt
|
|-weather|RainDance|[upkeep]
|turn|2
|
|switch|p2a: Chansey|Chansey, F|704\/704
|move|p1a: Manaphy|Scald|p2a: Chansey
|-damage|p2a: Chansey|607\/704
|
|-weather|RainDance|[upkeep]
|turn|3
|
|switch|p1a: Gothitelle|Gothitelle, M|303\/303
|switch|p2a: Bisharp|Bisharp, M|296\/296
|
|-weather|RainDance|[upkeep]
|turn|4
|
|switch|p1a: Heatran|Heatran, F|385\/385
|move|p2a: Bisharp|Knock Off|p1a: Heatran
|-crit|p1a: Heatran
|-damage|p1a: Heatran|127\/385
|-enditem|p1a: Heatran|Leftovers|[from] move: Knock Off|[of] p2a: Bisharp
|
|-weather|RainDance|[upkeep]
|turn|5
|
|switch|p2a: Heatran|Heatran, F|386\/386
|-item|p2a: Heatran|Air Balloon
|move|p1a: Heatran|Stealth Rock|p2a: Heatran
|-sidestart|p2: Win Conditioner|move: Stealth Rock
|
|-weather|none
|turn|6
|
|switch|p1a: Manaphy|Manaphy|401\/401
|move|p2a: Heatran|Stealth Rock|p1a: Manaphy
|-sidestart|p1: HI ROLL|move: Stealth Rock
|
|turn|7
|
|switch|p2a: Venusaur|Venusaur, M|364\/364
|-damage|p2a: Venusaur|319\/364|[from] Stealth Rock
|move|p1a: Manaphy|Rain Dance|p1a: Manaphy
|-weather|RainDance
|
|-weather|RainDance|[upkeep]
|turn|8
|
|switch|p2a: Bisharp|Bisharp, M|296\/296
|-damage|p2a: Bisharp|278\/296|[from] Stealth Rock
|move|p1a: Manaphy|Calm Mind|p1a: Manaphy
|-boost|p1a: Manaphy|spa|1
|-boost|p1a: Manaphy|spd|1
|
|-weather|RainDance|[upkeep]
|-heal|p2a: Bisharp|296\/296|[from] item: Leftovers
|turn|9
|
|switch|p2a: Venusaur|Venusaur, M|319\/364
|-damage|p2a: Venusaur|274\/364|[from] Stealth Rock
|move|p1a: Manaphy|Scald|p2a: Venusaur
|-resisted|p2a: Venusaur
|-damage|p2a: Venusaur|169\/364
|-status|p2a: Venusaur|brn
|
|-weather|RainDance|[upkeep]
|-damage|p2a: Venusaur|124\/364 brn|[from] brn
|turn|10
|
|detailschange|p2a: Venusaur|Venusaur-Mega, M
|message|Venusaur has Mega Evolved into Mega Venusaur!
|move|p1a: Manaphy|Calm Mind|p1a: Manaphy
|-boost|p1a: Manaphy|spa|1
|-boost|p1a: Manaphy|spd|1
|move|p2a: Venusaur|Giga Drain|p1a: Manaphy
|-supereffective|p1a: Manaphy
|-damage|p1a: Manaphy|303\/401
|-heal|p2a: Venusaur|173\/364 brn|[from] drain|[of] p1a: Manaphy
|
|-weather|RainDance|[upkeep]
|-heal|p1a: Manaphy|328\/401|[from] item: Leftovers
|-damage|p2a: Venusaur|128\/364 brn|[from] brn
|turn|11
|
|move|p1a: Manaphy|Scald|p2a: Venusaur
|-resisted|p2a: Venusaur
|-damage|p2a: Venusaur|0 fnt
|faint|p2a: Venusaur
|
|-weather|none
|-heal|p1a: Manaphy|353\/401|[from] item: Leftovers
|
|switch|p2a: Keldeo|Keldeo|323\/323
|-damage|p2a: Keldeo|303\/323|[from] Stealth Rock
|turn|12
|
|switch|p1a: Gothitelle|Gothitelle, M|303\/303
|-damage|p1a: Gothitelle|266\/303|[from] Stealth Rock
|move|p2a: Keldeo|Calm Mind|p2a: Keldeo
|-boost|p2a: Keldeo|spa|1
|-boost|p2a: Keldeo|spd|1
|
|-heal|p2a: Keldeo|323\/323|[from] item: Leftovers
|turn|13
|
|move|p1a: Gothitelle|Psychic|p2a: Keldeo
|-supereffective|p2a: Keldeo
|-damage|p2a: Keldeo|123\/323
|move|p2a: Keldeo|Scald|p1a: Gothitelle
|-damage|p1a: Gothitelle|80\/303
|
|-heal|p2a: Keldeo|143\/323|[from] item: Leftovers
|turn|14
|
|move|p1a: Gothitelle|Psychic|p2a: Keldeo
|-supereffective|p2a: Keldeo
|-damage|p2a: Keldeo|0 fnt
|faint|p2a: Keldeo
|
|
|switch|p2a: Bisharp|Bisharp, M|296\/296
|-damage|p2a: Bisharp|278\/296|[from] Stealth Rock
|turn|15
|
|switch|p1a: Heatran|Heatran, F|127\/385
|-damage|p1a: Heatran|79\/385|[from] Stealth Rock
|move|p2a: Bisharp|Swords Dance|p2a: Bisharp
|-boost|p2a: Bisharp|atk|2
|
|-heal|p2a: Bisharp|296\/296|[from] item: Leftovers
|turn|16
|
|move|p2a: Bisharp|Sucker Punch|p1a: Heatran
|-fail|p1a: Heatran
|move|p1a: Heatran|Taunt|p2a: Bisharp
|-start|p2a: Bisharp|move: Taunt
|
|turn|17
|
|move|p2a: Bisharp|Sucker Punch|p1a: Heatran
|-fail|p1a: Heatran
|move|p1a: Heatran|Toxic|p2a: Bisharp
|-fail|p2a: Bisharp
|
|turn|18
|
|move|p2a: Bisharp|Sucker Punch|p1a: Heatran
|-fail|p1a: Heatran
|move|p1a: Heatran|Toxic|p2a: Bisharp
|-fail|p2a: Bisharp
|
|turn|19
|
|move|p2a: Bisharp|Sucker Punch|p1a: Heatran
|-fail|p1a: Heatran
|move|p1a: Heatran|Taunt|p2a: Bisharp
|-fail|p2a: Bisharp
|
|-end|p2a: Bisharp|move: Taunt
|turn|20
|
|move|p1a: Heatran|Taunt|p2a: Bisharp
|-start|p2a: Bisharp|move: Taunt
|move|p2a: Bisharp|Knock Off|p1a: Heatran
|-damage|p1a: Heatran|0 fnt
|faint|p1a: Heatran
|
|
|switch|p1a: Gothitelle|Gothitelle, M|80\/303
|-damage|p1a: Gothitelle|43\/303|[from] Stealth Rock
|turn|21
|
|move|p1a: Gothitelle|Trick|p2a: Bisharp
|-activate|p1a: Gothitelle|move: Trick|[of] p2a: Bisharp
|-item|p2a: Bisharp|Choice Scarf|[from] move: Trick
|-item|p1a: Gothitelle|Leftovers|[from] move: Trick
|move|p2a: Bisharp|Knock Off|p1a: Gothitelle
|-supereffective|p1a: Gothitelle
|-damage|p1a: Gothitelle|0 fnt
|-enditem|p1a: Gothitelle|Leftovers|[from] move: Knock Off|[of] p2a: Bisharp
|faint|p1a: Gothitelle
|
|
|switch|p1a: Landorus-Therian|Landorus-Therian, M|319\/319
|-damage|p1a: Landorus-Therian|280\/319|[from] Stealth Rock
|-ability|p1a: Landorus-Therian|Intimidate|[of] p2a: Bisharp
|-unboost|p2a: Bisharp|atk|1
|-boost|p2a: Bisharp|atk|2|[from] ability: Defiant
|turn|22
|
|switch|p2a: Skarmory|Skarmory, F|334\/334
|-damage|p2a: Skarmory|293\/334|[from] Stealth Rock
|move|p1a: Landorus-Therian|Earthquake|p2a: Skarmory
|-immune|p2a: Skarmory|[msg]
|
|turn|23
|
|switch|p1a: Manaphy|Manaphy|353\/401
|-damage|p1a: Manaphy|303\/401|[from] Stealth Rock
|move|p2a: Skarmory|Spikes|p1a: Manaphy
|-sidestart|p1: HI ROLL|Spikes
|
|-heal|p1a: Manaphy|328\/401|[from] item: Leftovers
|turn|24
|
|move|p1a: Manaphy|Rain Dance|p1a: Manaphy
|-weather|RainDance
|move|p2a: Skarmory|Whirlwind|p1a: Manaphy
|drag|p1a: Altaria|Altaria, F, shiny|353\/353
|-damage|p1a: Altaria|265\/353|[from] Stealth Rock
|-ability|p1a: Altaria|Cloud Nine
|
|-weather|RainDance|[upkeep]
|turn|25
|
|switch|p1a: Amoonguss|Amoonguss, M|431\/431
|-damage|p1a: Amoonguss|378\/431|[from] Spikes
|-damage|p1a: Amoonguss|325\/431|[from] Stealth Rock
|move|p2a: Skarmory|Spikes|p1a: Amoonguss
|-sidestart|p1: HI ROLL|Spikes
|
|-weather|RainDance|[upkeep]
|-heal|p1a: Amoonguss|351\/431|[from] item: Leftovers
|turn|26
|
|switch|p2a: Heatran|Heatran, F|386\/386
|-damage|p2a: Heatran|338\/386|[from] Stealth Rock
|-item|p2a: Heatran|Air Balloon
|move|p1a: Amoonguss|Spore|p2a: Heatran
|-status|p2a: Heatran|slp
|
|-weather|RainDance|[upkeep]
|-heal|p1a: Amoonguss|377\/431|[from] item: Leftovers
|turn|27
|
|switch|p2a: Bisharp|Bisharp, M|296\/296
|-damage|p2a: Bisharp|278\/296|[from] Stealth Rock
|switch|p1a: Manaphy|Manaphy|328\/401
|-damage|p1a: Manaphy|278\/401|[from] Stealth Rock
|-damage|p1a: Manaphy|212\/401|[from] Spikes
|
|-weather|RainDance|[upkeep]
|-heal|p1a: Manaphy|237\/401|[from] item: Leftovers
|turn|28
|
|switch|p1a: Amoonguss|Amoonguss, M|431\/431
|-damage|p1a: Amoonguss|360\/431|[from] Spikes
|-damage|p1a: Amoonguss|307\/431|[from] Stealth Rock
|move|p2a: Bisharp|Knock Off|p1a: Amoonguss
|-damage|p1a: Amoonguss|112\/431
|-enditem|p1a: Amoonguss|Leftovers|[from] move: Knock Off|[of] p2a: Bisharp
|
|-weather|none
|turn|29
|
|move|p2a: Bisharp|Knock Off|p1a: Amoonguss
|-damage|p1a: Amoonguss|0 fnt
|faint|p1a: Amoonguss
|
|
|switch|p1a: Altaria|Altaria, F, shiny|265\/353
|-damage|p1a: Altaria|177\/353|[from] Stealth Rock
|-ability|p1a: Altaria|Cloud Nine
|turn|30
|
|switch|p2a: Skarmory|Skarmory, F|293\/334
|-damage|p2a: Skarmory|252\/334|[from] Stealth Rock
|detailschange|p1a: Altaria|Altaria-Mega, F, shiny
|message|Altaria has Mega Evolved into Mega Altaria!
|move|p1a: Altaria|Roost|p1a: Altaria
|-heal|p1a: Altaria|353\/353
|
|turn|31
|
|move|p1a: Altaria|Dragon Dance|p1a: Altaria
|-boost|p1a: Altaria|atk|1
|-boost|p1a: Altaria|spe|1
|move|p2a: Skarmory|Spikes|p1a: Altaria
|-sidestart|p1: HI ROLL|Spikes
|
|turn|32
|
|move|p1a: Altaria|Frustration|p2a: Skarmory
|-resisted|p2a: Skarmory
|-damage|p2a: Skarmory|170\/334
|-damage|p1a: Altaria|295\/353|[from] item: Rocky Helmet|[of] p2a: Skarmory
|move|p2a: Skarmory|Whirlwind|p1a: Altaria
|drag|p1a: Landorus-Therian|Landorus-Therian, M|280\/319
|-damage|p1a: Landorus-Therian|241\/319|[from] Stealth Rock
|-ability|p1a: Landorus-Therian|Intimidate|[of] p2a: Skarmory
|-unboost|p2a: Skarmory|atk|1
|
|turn|33
|
|move|p1a: Landorus-Therian|Knock Off|p2a: Skarmory
|-damage|p2a: Skarmory|91\/334
|-damage|p1a: Landorus-Therian|188\/319|[from] item: Rocky Helmet|[of] p2a: Skarmory
|-enditem|p2a: Skarmory|Rocky Helmet|[from] move: Knock Off|[of] p1a: Landorus-Therian
|move|p2a: Skarmory|Roost|p2a: Skarmory
|-heal|p2a: Skarmory|258\/334
|
|turn|34
|
|move|p1a: Landorus-Therian|Knock Off|p2a: Skarmory
|-damage|p2a: Skarmory|207\/334
|move|p2a: Skarmory|Whirlwind|p1a: Landorus-Therian
|drag|p1a: Manaphy|Manaphy|237\/401
|-damage|p1a: Manaphy|137\/401|[from] Spikes
|-damage|p1a: Manaphy|87\/401|[from] Stealth Rock
|
|-heal|p1a: Manaphy|112\/401|[from] item: Leftovers
|turn|35
|
|move|p1a: Manaphy|Rest|p1a: Manaphy
|-status|p1a: Manaphy|slp
|-heal|p1a: Manaphy|401\/401 slp|[silent]
|-status|p1a: Manaphy|slp|[from] move: Rest
|move|p2a: Skarmory|Brave Bird|p1a: Manaphy
|-damage|p1a: Manaphy|335\/401 slp
|-damage|p2a: Skarmory|185\/334|[from] recoil|[of] p1a: Manaphy
|
|-heal|p1a: Manaphy|360\/401 slp|[from] item: Leftovers
|turn|36
|
|switch|p2a: Bisharp|Bisharp, M|278\/296
|-damage|p2a: Bisharp|260\/296|[from] Stealth Rock
|cant|p1a: Manaphy|slp
|
|-heal|p1a: Manaphy|385\/401 slp|[from] item: Leftovers
|turn|37
|
|switch|p1a: Altaria|Altaria-Mega, F, shiny|295\/353
|-damage|p1a: Altaria|207\/353|[from] Spikes
|-damage|p1a: Altaria|163\/353|[from] Stealth Rock
|move|p2a: Bisharp|Knock Off|p1a: Altaria
|-resisted|p1a: Altaria
|-damage|p1a: Altaria|109\/353
|
|turn|38
|
|switch|p2a: Skarmory|Skarmory, F|185\/334
|-damage|p2a: Skarmory|144\/334|[from] Stealth Rock
|move|p1a: Altaria|Roost|p1a: Altaria
|-heal|p1a: Altaria|286\/353
|
|turn|39
|
|move|p1a: Altaria|Frustration|p2a: Skarmory
|-resisted|p2a: Skarmory
|-damage|p2a: Skarmory|96\/334
|move|p2a: Skarmory|Roost|p2a: Skarmory
|-heal|p2a: Skarmory|263\/334
|
|turn|40
|
|move|p1a: Altaria|Dragon Dance|p1a: Altaria
|-boost|p1a: Altaria|atk|1
|-boost|p1a: Altaria|spe|1
|move|p2a: Skarmory|Whirlwind|p1a: Altaria
|drag|p1a: Landorus-Therian|Landorus-Therian, M|188\/319
|-damage|p1a: Landorus-Therian|149\/319|[from] Stealth Rock
|-ability|p1a: Landorus-Therian|Intimidate|[of] p2a: Skarmory
|-unboost|p2a: Skarmory|atk|1
|
|turn|41
|
|move|p1a: Landorus-Therian|Stone Edge|p2a: Skarmory
|-damage|p2a: Skarmory|183\/334
|move|p2a: Skarmory|Roost|p2a: Skarmory
|-heal|p2a: Skarmory|334\/334
|
|turn|42
|
|switch|p2a: Bisharp|Bisharp, M|260\/296
|-damage|p2a: Bisharp|242\/296|[from] Stealth Rock
|move|p1a: Landorus-Therian|Stone Edge|p2a: Bisharp
|-resisted|p2a: Bisharp
|-damage|p2a: Bisharp|183\/296
|
|turn|43
|
|move|p1a: Landorus-Therian|Stone Edge|p2a: Bisharp
|-resisted|p2a: Bisharp
|-damage|p2a: Bisharp|116\/296
|move|p2a: Bisharp|Iron Head|p1a: Landorus-Therian
|-damage|p1a: Landorus-Therian|0 fnt
|faint|p1a: Landorus-Therian
|
|
|switch|p1a: Altaria|Altaria-Mega, F, shiny|286\/353
|-damage|p1a: Altaria|242\/353|[from] Stealth Rock
|-damage|p1a: Altaria|154\/353|[from] Spikes
|turn|44
|
|switch|p2a: Chansey|Chansey, F|607\/704
|-damage|p2a: Chansey|519\/704|[from] Stealth Rock
|switch|p1a: Manaphy|Manaphy|385\/401 slp
|-damage|p1a: Manaphy|285\/401 slp|[from] Spikes
|-damage|p1a: Manaphy|235\/401 slp|[from] Stealth Rock
|
|-heal|p1a: Manaphy|260\/401 slp|[from] item: Leftovers
|turn|45
|
|cant|p1a: Manaphy|slp
|move|p2a: Chansey|Seismic Toss|p1a: Manaphy
|-damage|p1a: Manaphy|160\/401 slp
|
|-heal|p1a: Manaphy|185\/401 slp|[from] item: Leftovers
|turn|46
|
|-curestatus|p1a: Manaphy|slp
|move|p1a: Manaphy|Rain Dance|p1a: Manaphy
|-weather|RainDance
|move|p2a: Chansey|Seismic Toss|p1a: Manaphy
|-damage|p1a: Manaphy|85\/401
|
|-weather|RainDance|[upkeep]
|-heal|p1a: Manaphy|110\/401|[from] item: Leftovers
|turn|47
|
|switch|p2a: Skarmory|Skarmory, F|334\/334
|-damage|p2a: Skarmory|293\/334|[from] Stealth Rock
|move|p1a: Manaphy|Rest|p1a: Manaphy
|-status|p1a: Manaphy|slp
|-heal|p1a: Manaphy|401\/401 slp|[silent]
|-status|p1a: Manaphy|slp|[from] move: Rest
|
|-weather|RainDance|[upkeep]
|-curestatus|p1a: Manaphy|slp
|turn|48
|
|move|p1a: Manaphy|Scald|p2a: Skarmory
|-damage|p2a: Skarmory|125\/334
|move|p2a: Skarmory|Whirlwind|p1a: Manaphy
|drag|p1a: Altaria|Altaria-Mega, F, shiny|154\/353
|-damage|p1a: Altaria|66\/353|[from] Spikes
|-damage|p1a: Altaria|22\/353|[from] Stealth Rock
|
|-weather|RainDance|[upkeep]
|turn|49
|
|move|p1a: Altaria|Frustration|p2a: Skarmory
|-resisted|p2a: Skarmory
|-damage|p2a: Skarmory|72\/334
|move|p2a: Skarmory|Whirlwind|p1a: Altaria
|drag|p1a: Manaphy|Manaphy|401\/401
|-damage|p1a: Manaphy|301\/401|[from] Spikes
|-damage|p1a: Manaphy|251\/401|[from] Stealth Rock
|
|-weather|RainDance|[upkeep]
|-heal|p1a: Manaphy|276\/401|[from] item: Leftovers
|turn|50
|
|move|p1a: Manaphy|Scald|p2a: Skarmory
|-damage|p2a: Skarmory|0 fnt
|faint|p2a: Skarmory
|
|-weather|none
|-heal|p1a: Manaphy|301\/401|[from] item: Leftovers
|
|switch|p2a: Bisharp|Bisharp, M|116\/296
|-damage|p2a: Bisharp|98\/296|[from] Stealth Rock
|turn|51
|
|move|p2a: Bisharp|Knock Off|p1a: Manaphy
|-damage|p1a: Manaphy|139\/401
|-enditem|p1a: Manaphy|Leftovers|[from] move: Knock Off|[of] p2a: Bisharp
|move|p1a: Manaphy|Scald|p2a: Bisharp
|-damage|p2a: Bisharp|0 fnt
|faint|p2a: Bisharp
|
|
|switch|p2a: Chansey|Chansey, F|519\/704
|-damage|p2a: Chansey|431\/704|[from] Stealth Rock
|turn|52
|c|âWin Conditioner|does this thing fucking win
|c|âWin Conditioner|or am i wasting time
|
|move|p1a: Manaphy|Rain Dance|p1a: Manaphy
|-weather|RainDance
|move|p2a: Chansey|Seismic Toss|p1a: Manaphy
|-damage|p1a: Manaphy|39\/401
|
|-weather|RainDance|[upkeep]
|turn|53
|
|move|p1a: Manaphy|Rest|p1a: Manaphy
|-status|p1a: Manaphy|slp
|-heal|p1a: Manaphy|401\/401 slp|[silent]
|-status|p1a: Manaphy|slp|[from] move: Rest
|move|p2a: Chansey|Seismic Toss|p1a: Manaphy
|-damage|p1a: Manaphy|301\/401 slp
|
|-weather|RainDance|[upkeep]
|-curestatus|p1a: Manaphy|slp
|turn|54
|c|âHI ROLL|i win
|c|âHI ROLL|lol
|
|move|p1a: Manaphy|Calm Mind|p1a: Manaphy
|-boost|p1a: Manaphy|spa|1
|-boost|p1a: Manaphy|spd|1
|move|p2a: Chansey|Seismic Toss|p1a: Manaphy
|-damage|p1a: Manaphy|201\/401
|
|-weather|RainDance|[upkeep]
|turn|55
|c|âWin Conditioner|i'll stall it out to be an asshole
|
|move|p1a: Manaphy|Rest|p1a: Manaphy
|-status|p1a: Manaphy|slp
|-heal|p1a: Manaphy|401\/401 slp|[silent]
|-status|p1a: Manaphy|slp|[from] move: Rest
|move|p2a: Chansey|Seismic Toss|p1a: Manaphy
|-damage|p1a: Manaphy|301\/401 slp
|
|-weather|RainDance|[upkeep]
|-curestatus|p1a: Manaphy|slp
|turn|56
|c|âHI ROLL|kk
|
|move|p1a: Manaphy|Calm Mind|p1a: Manaphy
|-boost|p1a: Manaphy|spa|1
|-boost|p1a: Manaphy|spd|1
|move|p2a: Chansey|Soft-Boiled|p2a: Chansey
|-heal|p2a: Chansey|704\/704
|
|-weather|none
|turn|57
|
|move|p1a: Manaphy|Rain Dance|p1a: Manaphy
|-weather|RainDance
|move|p2a: Chansey|Seismic Toss|p1a: Manaphy
|-damage|p1a: Manaphy|201\/401
|
|-weather|RainDance|[upkeep]
|turn|58
|
|move|p1a: Manaphy|Calm Mind|p1a: Manaphy
|-boost|p1a: Manaphy|spa|1
|-boost|p1a: Manaphy|spd|1
|move|p2a: Chansey|Seismic Toss|p1a: Manaphy
|-damage|p1a: Manaphy|101\/401
|
|-weather|RainDance|[upkeep]
|turn|59
|
|move|p1a: Manaphy|Rest|p1a: Manaphy
|-status|p1a: Manaphy|slp
|-heal|p1a: Manaphy|401\/401 slp|[silent]
|-status|p1a: Manaphy|slp|[from] move: Rest
|move|p2a: Chansey|Seismic Toss|p1a: Manaphy
|-damage|p1a: Manaphy|301\/401 slp
|
|-weather|RainDance|[upkeep]
|-curestatus|p1a: Manaphy|slp
|turn|60
|
|move|p1a: Manaphy|Scald|p2a: Chansey
|-damage|p2a: Chansey|496\/704
|move|p2a: Chansey|Seismic Toss|p1a: Manaphy
|-damage|p1a: Manaphy|201\/401
|
|-weather|RainDance|[upkeep]
|turn|61
|
|move|p1a: Manaphy|Calm Mind|p1a: Manaphy
|-boost|p1a: Manaphy|spa|1
|-boost|p1a: Manaphy|spd|1
|move|p2a: Chansey|Thunder Wave|p1a: Manaphy
|-status|p1a: Manaphy|par
|
|-weather|none
|turn|62
|
|move|p2a: Chansey|Seismic Toss|p1a: Manaphy
|-damage|p1a: Manaphy|101\/401 par
|move|p1a: Manaphy|Rain Dance|p1a: Manaphy
|-weather|RainDance
|
|-weather|RainDance|[upkeep]
|-curestatus|p1a: Manaphy|par
|turn|63
|c|âHI ROLL|no hax plz
|
|move|p1a: Manaphy|Rest|p1a: Manaphy
|-status|p1a: Manaphy|slp
|-heal|p1a: Manaphy|401\/401 slp|[silent]
|-status|p1a: Manaphy|slp|[from] move: Rest
|move|p2a: Chansey|Seismic Toss|p1a: Manaphy
|-damage|p1a: Manaphy|301\/401 slp
|
|-weather|RainDance|[upkeep]
|-curestatus|p1a: Manaphy|slp
|turn|64
|
|move|p1a: Manaphy|Calm Mind|p1a: Manaphy
|-boost|p1a: Manaphy|spa|1
|-boost|p1a: Manaphy|spd|1
|move|p2a: Chansey|Seismic Toss|p1a: Manaphy
|-damage|p1a: Manaphy|201\/401
|
|-weather|RainDance|[upkeep]
|turn|65
|
|move|p1a: Manaphy|Rest|p1a: Manaphy
|-status|p1a: Manaphy|slp
|-heal|p1a: Manaphy|401\/401 slp|[silent]
|-status|p1a: Manaphy|slp|[from] move: Rest
|move|p2a: Chansey|Soft-Boiled|p2a: Chansey
|-heal|p2a: Chansey|704\/704
|
|-weather|RainDance|[upkeep]
|-curestatus|p1a: Manaphy|slp
|turn|66
|
|move|p1a: Manaphy|Calm Mind|p1a: Manaphy
|-boost|p1a: Manaphy|spa|1
|-boost|p1a: Manaphy|spd|1
|move|p2a: Chansey|Thunder Wave|p1a: Manaphy
|-status|p1a: Manaphy|par
|
|-weather|none
|turn|67
|
|move|p2a: Chansey|Seismic Toss|p1a: Manaphy
|-damage|p1a: Manaphy|301\/401 par
|move|p1a: Manaphy|Rain Dance|p1a: Manaphy
|-weather|RainDance
|
|-weather|RainDance|[upkeep]
|-curestatus|p1a: Manaphy|par
|turn|68
|
|move|p1a: Manaphy|Scald|p2a: Chansey
|-damage|p2a: Chansey|316\/704
|-status|p2a: Chansey|brn
|move|p2a: Chansey|Seismic Toss|p1a: Manaphy
|-damage|p1a: Manaphy|201\/401
|
|-weather|RainDance|[upkeep]
|-damage|p2a: Chansey|228\/704 brn|[from] brn
|turn|69
|-message|Win Conditioner forfeited.
|
|win|HI ROLL
|raw|Ladder updating...
|leave|Win Conditioner
|player|p2
|c|âHI ROLL|gg
|raw|HI ROLL's rating: 1609 &rarr; <strong>1625<\/strong><br \/>(+16 for winning)
|raw|Win Conditioner's rating: 1546 &rarr; <strong>1530<\/strong><br \/>(-16 for losing)