|join|macuco
|join|Win Conditioner
|player|p1|macuco|92
|player|p2|Win Conditioner|288
|gametype|singles
|gen|6
|tier|OU
|rated
|clearpoke
|poke|p1|Blastoise, M
|poke|p1|Greninja, M, shiny
|poke|p1|Gyarados, F, shiny
|poke|p1|Swampert, F
|poke|p1|Starmie
|poke|p1|Cloyster, M
|poke|p2|Bisharp, M
|poke|p2|Venusaur, F
|poke|p2|Heatran, M
|poke|p2|Keldeo
|poke|p2|Chansey, F
|poke|p2|Skarmory, M
|rule|Swagger Clause: Swagger is banned
|rule|Baton Pass Clause: Limit one PokÃ©mon knowing Baton Pass
|rule|Sleep Clause Mod: Limit one foe put to sleep
|rule|Species Clause: Limit one of each PokÃ©mon
|rule|OHKO Clause: OHKO moves are banned
|rule|Moody Clause: Moody is banned
|rule|Evasion Moves Clause: Evasion moves are banned
|rule|Endless Battle Clause: Forcing endless battles is banned
|rule|HP Percentage Mod: HP is shown in percentages
|teampreview
|join|i came from leddit
|c| i came from leddit|go bloody!
|c|âWin Conditioner|nice alt trice
|c|âWin Conditioner|go fuck yourself appreciation
|c|âWin Conditioner|spam my battle again fag
|c| i came from leddit|get an own life bloody
|c| i came from leddit|I THINK PLAY OR FORFEIT
|
|start
|switch|p1a: Blastoise|Blastoise, M|358\/358
|switch|p2a: Heatran|Heatran, M|386\/386
|-item|p2a: Heatran|Air Balloon
|turn|1
|
|switch|p2a: Venusaur|Venusaur, F|364\/364
|detailschange|p1a: Blastoise|Blastoise-Mega, M
|message|Blastoise has Mega Evolved into Mega Blastoise!
|move|p1a: Blastoise|Scald|p2a: Venusaur
|-resisted|p2a: Venusaur
|-damage|p2a: Venusaur|289\/364
|-status|p2a: Venusaur|brn
|
|-damage|p2a: Venusaur|244\/364 brn|[from] brn
|turn|2
|c|âWin Conditioner|**<**
|
|switch|p1a: Gyarados|Gyarados, F, shiny|331\/331
|-ability|p1a: Gyarados|Intimidate|[of] p2a: Venusaur
|-unboost|p2a: Venusaur|atk|1
|detailschange|p2a: Venusaur|Venusaur-Mega, F
|message|Venusaur has Mega Evolved into Mega Venusaur!
|move|p2a: Venusaur|Giga Drain|p1a: Gyarados
|-damage|p1a: Gyarados|229\/331
|-heal|p2a: Venusaur|295\/364 brn|[from] drain|[of] p1a: Gyarados
|
|-heal|p1a: Gyarados|249\/331|[from] item: Leftovers
|-damage|p2a: Venusaur|250\/364 brn|[from] brn
|turn|3
|
|switch|p1a: Starmie|Starmie|261\/261
|switch|p2a: Skarmory|Skarmory, M|334\/334
|
|turn|4
|c|âWin Conditioner|watch cats: timestalling is a bannable offence
|c| i came from leddit|reported
|
|switch|p2a: Chansey|Chansey, F|704\/704
|move|p1a: Starmie|Hydro Pump|p2a: Chansey|[miss]
|-miss|p1a: Starmie|p2a: Chansey
|
|turn|5
|
|move|p1a: Starmie|Hydro Pump|p2a: Chansey
|-damage|p2a: Chansey|544\/704
|move|p2a: Chansey|Aromatherapy|p2a: Chansey
|-cureteam|p2a: Chansey|[from] move: Aromatherapy
|
|turn|6
|
|move|p1a: Starmie|Hydro Pump|p2a: Chansey|[miss]
|-miss|p1a: Starmie|p2a: Chansey
|move|p2a: Chansey|Seismic Toss|p1a: Starmie
|-damage|p1a: Starmie|161\/261
|
|turn|7
|
|switch|p1a: Swampert|Swampert, F|404\/404
|move|p2a: Chansey|Seismic Toss|p1a: Swampert
|-damage|p1a: Swampert|304\/404
|
|turn|8
|
|switch|p2a: Venusaur|Venusaur-Mega, F|250\/364
|move|p1a: Swampert|Earthquake|p2a: Venusaur
|-damage|p2a: Venusaur|133\/364
|
|turn|9
|
|move|p2a: Venusaur|Giga Drain|p1a: Swampert
|-supereffective|p1a: Swampert
|-damage|p1a: Swampert|4\/404
|-heal|p2a: Venusaur|283\/364|[from] drain|[of] p1a: Swampert
|move|p1a: Swampert|Avalanche|p2a: Venusaur
|-supereffective|p2a: Venusaur
|-damage|p2a: Venusaur|203\/364
|
|turn|10
|c| i came from leddit|nice avalanche
|
|move|p2a: Venusaur|Giga Drain|p1a: Swampert
|-supereffective|p1a: Swampert
|-damage|p1a: Swampert|0 fnt
|-heal|p2a: Venusaur|205\/364|[from] drain|[of] p1a: Swampert
|faint|p1a: Swampert
|
|
|switch|p1a: Greninja|Greninja, M, shiny|285\/285
|turn|11
|
|switch|p2a: Chansey|Chansey, F|544\/704
|move|p1a: Greninja|Extrasensory|p2a: Chansey
|-start|p1a: Greninja|typechange|Psychic|[from] Protean
|-crit|p2a: Chansey
|-damage|p2a: Chansey|421\/704
|
|turn|12
|
|move|p1a: Greninja|U-turn|p2a: Chansey
|-start|p1a: Greninja|typechange|Bug|[from] Protean
|-damage|p2a: Chansey|318\/704
|
|switch|p1a: Starmie|Starmie|161\/261
|move|p2a: Chansey|Thunder Wave|p1a: Starmie
|-status|p1a: Starmie|par
|
|turn|13
|
|move|p2a: Chansey|Soft-Boiled|p2a: Chansey
|-heal|p2a: Chansey|670\/704
|move|p1a: Starmie|Psyshock|p2a: Chansey
|-damage|p2a: Chansey|423\/704
|
|turn|14
|
|switch|p2a: Bisharp|Bisharp, M|324\/324
|switch|p1a: Cloyster|Cloyster, M|241\/241
|
|turn|15
|-message|macuco forfeited.
|
|win|Win Conditioner
|raw|Ladder updating...
|leave|macuco
|player|p1