|join|Win Conditioner
|join|much professional
|player|p1|Win Conditioner|92
|player|p2|much professional|1
|gametype|singles
|gen|6
|tier|OU
|rated
|clearpoke
|poke|p1|Breloom, M
|poke|p1|Metagross
|poke|p1|Keldeo
|poke|p1|Landorus-Therian, M
|poke|p1|Magnezone
|poke|p1|Latias, F
|poke|p2|Talonflame, M
|poke|p2|Crawdaunt, F
|poke|p2|Breloom, M
|poke|p2|Scizor, F
|poke|p2|Greninja, F
|poke|p2|Clefable, M
|rule|Swagger Clause: Swagger is banned
|rule|Baton Pass Clause: Limit one PokÃ©mon knowing Baton Pass
|rule|Sleep Clause Mod: Limit one foe put to sleep
|rule|Species Clause: Limit one of each PokÃ©mon
|rule|OHKO Clause: OHKO moves are banned
|rule|Moody Clause: Moody is banned
|rule|Evasion Moves Clause: Evasion moves are banned
|rule|Endless Battle Clause: Forcing endless battles is banned
|rule|HP Percentage Mod: HP is shown in percentages
|teampreview
|
|start
|switch|p1a: Landorus-Therian|Landorus-Therian, M|320\/320
|switch|p2a: Clefable|Clefable, M|393\/393
|-ability|p1a: Landorus-Therian|Intimidate|[of] p2a: Clefable
|-unboost|p2a: Clefable|atk|1
|turn|1
|
|move|p1a: Landorus-Therian|U-turn|p2a: Clefable
|-resisted|p2a: Clefable
|-damage|p2a: Clefable|352\/393
|
|switch|p1a: Latias|Latias, F|302\/302
|move|p2a: Clefable|Trick|p1a: Latias
|-activate|p2a: Clefable|move: Trick|[of] p1a: Latias
|-item|p1a: Latias|Flame Orb|[from] move: Trick
|-item|p2a: Clefable|Life Orb|[from] move: Trick
|
|-status|p1a: Latias|brn|[from] item: Flame Orb
|turn|2
|
|switch|p1a: Magnezone|Magnezone|282\/282
|move|p2a: Clefable|Stealth Rock|p1a: Magnezone
|-sidestart|p1: Win Conditioner|move: Stealth Rock
|
|turn|3
|
|move|p1a: Magnezone|Volt Switch|p2a: Clefable
|-damage|p2a: Clefable|222\/393
|
|switch|p1a: Latias|Latias, F|302\/302 brn
|-damage|p1a: Latias|265\/302 brn|[from] Stealth Rock
|move|p2a: Clefable|Wish|p2a: Clefable
|
|-damage|p1a: Latias|228\/302 brn|[from] brn
|turn|4
|
|switch|p2a: Scizor|Scizor, F|326\/326
|move|p1a: Latias|Defog|p2a: Scizor
|-unboost|p2a: Scizor|evasion|1
|-sideend|p1: Win Conditioner|Stealth Rock|[from] move: Defog|[of] p1a: Latias
|
|-damage|p1a: Latias|191\/302 brn|[from] brn
|turn|5
|
|switch|p1a: Landorus-Therian|Landorus-Therian, M|320\/320
|-ability|p1a: Landorus-Therian|Intimidate|[of] p2a: Scizor
|-unboost|p2a: Scizor|atk|1
|switch|p2a: Breloom|Breloom, M|261\/261
|
|turn|6
|
|move|p1a: Landorus-Therian|U-turn|p2a: Breloom
|-damage|p2a: Breloom|152\/261
|
|switch|p1a: Latias|Latias, F|191\/302 brn
|move|p2a: Breloom|Spore|p1a: Latias
|-fail|p1a: Latias
|
|-damage|p1a: Latias|154\/302 brn|[from] brn
|turn|7
|
|switch|p2a: Crawdaunt|Crawdaunt, F|285\/285
|move|p1a: Latias|Psyshock|p2a: Crawdaunt
|-immune|p2a: Crawdaunt|[msg]
|
|-damage|p1a: Latias|117\/302 brn|[from] brn
|turn|8
|
|switch|p2a: Scizor|Scizor, F|326\/326
|move|p1a: Latias|Psyshock|p2a: Scizor
|-resisted|p2a: Scizor
|-damage|p2a: Scizor|272\/326
|
|-damage|p1a: Latias|80\/302 brn|[from] brn
|turn|9
|
|switch|p1a: Magnezone|Magnezone|282\/282
|switch|p2a: Breloom|Breloom, M|152\/261
|
|turn|10
|
|move|p2a: Breloom|Mach Punch|p1a: Magnezone
|-supereffective|p1a: Magnezone
|-damage|p1a: Magnezone|53\/282
|-damage|p2a: Breloom|126\/261|[from] item: Life Orb
|move|p1a: Magnezone|Flash Cannon|p2a: Breloom
|-damage|p2a: Breloom|0 fnt
|faint|p2a: Breloom
|
|
|switch|p2a: Crawdaunt|Crawdaunt, F|285\/285
|turn|11
|
|switch|p1a: Latias|Latias, F|80\/302 brn
|move|p2a: Crawdaunt|Dragon Dance|p2a: Crawdaunt
|-boost|p2a: Crawdaunt|atk|1
|-boost|p2a: Crawdaunt|spe|1
|
|-damage|p1a: Latias|43\/302 brn|[from] brn
|turn|12
|
|move|p2a: Crawdaunt|Aqua Jet|p1a: Latias
|-resisted|p1a: Latias
|-damage|p1a: Latias|0 fnt
|-damage|p2a: Crawdaunt|257\/285|[from] item: Life Orb
|faint|p1a: Latias
|
|
|switch|p1a: Breloom|Breloom, M|262\/262
|turn|13
|
|switch|p2a: Clefable|Clefable, M|222\/393
|move|p1a: Breloom|Mach Punch|p2a: Clefable
|-resisted|p2a: Clefable
|-damage|p2a: Clefable|168\/393
|
|turn|14
|
|move|p1a: Breloom|Spore|p2a: Clefable
|-status|p2a: Clefable|slp
|cant|p2a: Clefable|slp
|
|turn|15
|
|move|p1a: Breloom|Bullet Seed|p2a: Clefable
|-damage|p2a: Clefable|104\/393 slp
|-damage|p2a: Clefable|40\/393 slp
|-damage|p2a: Clefable|0 fnt
|-hitcount|p2a: Clefable|3
|faint|p2a: Clefable
|
|
|switch|p2a: Greninja|Greninja, F|285\/285
|turn|16
|
|move|p1a: Breloom|Mach Punch|p2a: Greninja
|-supereffective|p2a: Greninja
|-damage|p2a: Greninja|0 fnt
|faint|p2a: Greninja
|
|
|switch|p2a: Talonflame|Talonflame, M|297\/297
|turn|17
|
|move|p2a: Talonflame|Brave Bird|p1a: Breloom
|-supereffective|p1a: Breloom
|-enditem|p1a: Breloom|Focus Sash
|-damage|p1a: Breloom|1\/262
|-damage|p2a: Talonflame|211\/297|[from] recoil|[of] p1a: Breloom
|move|p1a: Breloom|Rock Tomb|p2a: Talonflame|[miss]
|-miss|p1a: Breloom|p2a: Talonflame
|
|turn|18
|
|switch|p1a: Magnezone|Magnezone|53\/282
|move|p2a: Talonflame|Brave Bird|p1a: Magnezone
|-resisted|p1a: Magnezone
|-damage|p1a: Magnezone|12\/282
|-damage|p2a: Talonflame|197\/297|[from] recoil|[of] p1a: Magnezone
|
|turn|19
|
|move|p2a: Talonflame|Brave Bird|p1a: Magnezone
|-resisted|p1a: Magnezone
|-damage|p1a: Magnezone|0 fnt
|-damage|p2a: Talonflame|193\/297|[from] recoil|[of] p1a: Magnezone
|faint|p1a: Magnezone
|
|
|switch|p1a: Landorus-Therian|Landorus-Therian, M|320\/320
|-ability|p1a: Landorus-Therian|Intimidate|[of] p2a: Talonflame
|-unboost|p2a: Talonflame|atk|1
|turn|20
|
|switch|p2a: Crawdaunt|Crawdaunt, F|257\/285
|move|p1a: Landorus-Therian|U-turn|p2a: Crawdaunt
|-supereffective|p2a: Crawdaunt
|-damage|p2a: Crawdaunt|53\/285
|
|switch|p1a: Breloom|Breloom, M|1\/262
|
|turn|21
|
|move|p1a: Breloom|Mach Punch|p2a: Crawdaunt
|-supereffective|p2a: Crawdaunt
|-damage|p2a: Crawdaunt|0 fnt
|faint|p2a: Crawdaunt
|
|
|switch|p2a: Talonflame|Talonflame, M|193\/297
|turn|22
|
|move|p2a: Talonflame|Brave Bird|p1a: Breloom
|-supereffective|p1a: Breloom
|-damage|p1a: Breloom|0 fnt
|-damage|p2a: Talonflame|192\/297|[from] recoil|[of] p1a: Breloom
|faint|p1a: Breloom
|
|
|switch|p1a: Landorus-Therian|Landorus-Therian, M|320\/320
|-ability|p1a: Landorus-Therian|Intimidate|[of] p2a: Talonflame
|-unboost|p2a: Talonflame|atk|1
|turn|23
|
|move|p1a: Landorus-Therian|U-turn|p2a: Talonflame
|-resisted|p2a: Talonflame
|-damage|p2a: Talonflame|164\/297
|
|switch|p1a: Metagross|Metagross|302\/302
|move|p2a: Talonflame|Swords Dance|p2a: Talonflame
|-boost|p2a: Talonflame|atk|2
|
|turn|24
|
|detailschange|p1a: Metagross|Metagross-Mega
|message|Metagross has Mega Evolved into Mega Metagross!
|move|p2a: Talonflame|Flare Blitz|p1a: Metagross
|-supereffective|p1a: Metagross
|-damage|p1a: Metagross|0 fnt
|-damage|p2a: Talonflame|64\/297|[from] recoil|[of] p1a: Metagross
|faint|p1a: Metagross
|-enditem|p2a: Talonflame|Liechi Berry|[eat]
|-boost|p2a: Talonflame|atk|1|[from] item: Liechi Berry
|
|
|switch|p1a: Landorus-Therian|Landorus-Therian, M|320\/320
|-ability|p1a: Landorus-Therian|Intimidate|[of] p2a: Talonflame
|-unboost|p2a: Talonflame|atk|1
|turn|25
|
|move|p1a: Landorus-Therian|Earthquake|p2a: Talonflame
|-immune|p2a: Talonflame|[msg]
|move|p2a: Talonflame|Swords Dance|p2a: Talonflame
|-boost|p2a: Talonflame|atk|2
|
|turn|26
|
|move|p1a: Landorus-Therian|Earthquake|p2a: Talonflame
|-immune|p2a: Talonflame|[msg]
|move|p2a: Talonflame|Swords Dance|p2a: Talonflame
|-boost|p2a: Talonflame|atk|2
|
|turn|27
|
|move|p1a: Landorus-Therian|Earthquake|p2a: Talonflame
|-immune|p2a: Talonflame|[msg]
|move|p2a: Talonflame|Swords Dance|p2a: Talonflame
|-boost|p2a: Talonflame|atk|2
|
|turn|28
|
|move|p1a: Landorus-Therian|Earthquake|p2a: Talonflame
|-immune|p2a: Talonflame|[msg]
|move|p2a: Talonflame|Natural Gift|p1a: Landorus-Therian
|-fail|p1a: Landorus-Therian
|
|turn|29
|
|move|p1a: Landorus-Therian|Earthquake|p2a: Talonflame
|-immune|p2a: Talonflame|[msg]
|move|p2a: Talonflame|Natural Gift|p1a: Landorus-Therian
|-fail|p1a: Landorus-Therian
|
|turn|30
|
|move|p2a: Talonflame|Brave Bird|p1a: Landorus-Therian
|-damage|p1a: Landorus-Therian|0 fnt
|-damage|p2a: Talonflame|0 fnt|[from] recoil|[of] p1a: Landorus-Therian
|faint|p1a: Landorus-Therian
|faint|p2a: Talonflame
|
|
|switch|p1a: Keldeo|Keldeo|322\/322
|switch|p2a: Scizor|Scizor, F|272\/326
|turn|31
|
|detailschange|p2a: Scizor|Scizor-Mega, F
|message|Scizor has Mega Evolved into Mega Scizor!
|move|p1a: Keldeo|Scald|p2a: Scizor
|-damage|p2a: Scizor|53\/326
|move|p2a: Scizor|Bug Bite|p1a: Keldeo
|-resisted|p1a: Keldeo
|-damage|p1a: Keldeo|223\/322
|
|turn|32
|-message|much professional forfeited.
|
|win|Win Conditioner
|raw|Ladder updating...
|leave|much professional
|player|p2
|raw|Win Conditioner's rating: 1617 &rarr; <strong>1636<\/strong><br \/>(+19 for winning)
|raw|much professional's rating: 1597 &rarr; <strong>1578<\/strong><br \/>(-19 for losing)