|join|Red Skies
|join|Win Conditioner
|player|p1|Red Skies|64
|player|p2|Win Conditioner|137
|gametype|singles
|gen|6
|tier|OU
|rated
|clearpoke
|poke|p1|Thundurus, M
|poke|p1|Garchomp, M
|poke|p1|Greninja, F
|poke|p1|Azumarill, F
|poke|p1|Terrakion
|poke|p1|Metagross
|poke|p2|Altaria, F
|poke|p2|Magnezone
|poke|p2|Chansey, F
|poke|p2|Slowbro, M
|poke|p2|Zapdos
|poke|p2|Mew
|rule|Swagger Clause: Swagger is banned
|rule|Baton Pass Clause: Limit one PokÃ©mon knowing Baton Pass
|rule|Sleep Clause Mod: Limit one foe put to sleep
|rule|Species Clause: Limit one of each PokÃ©mon
|rule|OHKO Clause: OHKO moves are banned
|rule|Moody Clause: Moody is banned
|rule|Evasion Moves Clause: Evasion moves are banned
|rule|Endless Battle Clause: Forcing endless battles is banned
|rule|HP Percentage Mod: HP is shown in percentages
|teampreview
|c|âWin Conditioner|hi
|c|âWin Conditioner|gl hf
|
|start
|switch|p1a: Terrakion|Terrakion|324\/324
|switch|p2a: Slowbro|Slowbro, M|394\/394
|turn|1
|c|âRed Skies|u too
|
|move|p1a: Terrakion|Stealth Rock|p2a: Slowbro
|-sidestart|p2: Win Conditioner|move: Stealth Rock
|move|p2a: Slowbro|Scald|p1a: Terrakion
|-supereffective|p1a: Terrakion
|-damage|p1a: Terrakion|132\/324
|-status|p1a: Terrakion|brn
|
|-damage|p1a: Terrakion|92\/324 brn|[from] brn
|turn|2
|join|Gabriel Windcaller
|c|âWin Conditioner|you're not
|c|âWin Conditioner|wil-i-am
|
|move|p1a: Terrakion|Taunt|p2a: Slowbro
|-start|p2a: Slowbro|move: Taunt
|move|p2a: Slowbro|Psyshock|p1a: Terrakion
|-supereffective|p1a: Terrakion
|-damage|p1a: Terrakion|0 fnt
|faint|p1a: Terrakion
|
|
|switch|p1a: Greninja|Greninja, F|285\/285
|turn|3
|
|switch|p2a: Chansey|Chansey, F|704\/704
|-damage|p2a: Chansey|616\/704|[from] Stealth Rock
|move|p1a: Greninja|Low Kick|p2a: Chansey
|-start|p1a: Greninja|typechange|Fighting|[from] Protean
|-supereffective|p2a: Chansey
|-damage|p2a: Chansey|348\/704
|-damage|p1a: Greninja|257\/285|[from] item: Life Orb
|
|turn|4
|
|switch|p1a: Azumarill|Azumarill, F|401\/401
|move|p2a: Chansey|Wish|p2a: Chansey
|
|turn|5
|
|move|p2a: Chansey|Protect|p2a: Chansey
|-singleturn|p2a: Chansey|Protect
|move|p1a: Azumarill|Knock Off|p2a: Chansey
|-activate|p2a: Chansey|Protect
|
|-heal|p2a: Chansey|700\/704|[from] move: Wish|[wisher] Chansey
|turn|6
|
|switch|p2a: Slowbro|Slowbro, M|394\/394
|-damage|p2a: Slowbro|345\/394|[from] Stealth Rock
|move|p1a: Azumarill|Knock Off|p2a: Slowbro
|-supereffective|p2a: Slowbro
|-damage|p2a: Slowbro|47\/394
|-enditem|p2a: Slowbro|Leftovers|[from] move: Knock Off|[of] p1a: Azumarill
|
|turn|7
|
|switch|p2a: Altaria|Altaria, F|315\/315
|-damage|p2a: Altaria|237\/315|[from] Stealth Rock
|move|p1a: Azumarill|Knock Off|p2a: Altaria
|-damage|p2a: Altaria|86\/315
|
|turn|8
|
|detailschange|p2a: Altaria|Altaria-Mega, F
|message|Altaria has Mega Evolved into Mega Altaria!
|move|p2a: Altaria|Roost|p2a: Altaria
|-heal|p2a: Altaria|244\/315
|move|p1a: Azumarill|Knock Off|p2a: Altaria
|-crit|p2a: Altaria
|-resisted|p2a: Altaria
|-damage|p2a: Altaria|143\/315
|
|turn|9
|
|switch|p1a: Metagross|Metagross|301\/301
|move|p2a: Altaria|Earthquake|p1a: Metagross
|-supereffective|p1a: Metagross
|-damage|p1a: Metagross|111\/301
|
|turn|10
|
|switch|p1a: Thundurus|Thundurus, M|300\/300
|switch|p2a: Zapdos|Zapdos|384\/384
|-damage|p2a: Zapdos|288\/384|[from] Stealth Rock
|-ability|p2a: Zapdos|Pressure
|
|-heal|p2a: Zapdos|312\/384|[from] item: Leftovers
|turn|11
|
|move|p1a: Thundurus|Thunderbolt|p2a: Zapdos
|-damage|p2a: Zapdos|70\/384
|-damage|p1a: Thundurus|270\/300|[from] item: Life Orb
|move|p2a: Zapdos|Defog|p1a: Thundurus
|-unboost|p1a: Thundurus|evasion|1
|-sideend|p2: Win Conditioner|Stealth Rock|[from] move: Defog|[of] p2a: Zapdos
|
|-heal|p2a: Zapdos|94\/384|[from] item: Leftovers
|turn|12
|
|switch|p1a: Azumarill|Azumarill, F|401\/401
|switch|p2a: Mew|Mew|404\/404
|
|turn|13
|
|move|p2a: Mew|Will-O-Wisp|p1a: Azumarill
|-status|p1a: Azumarill|brn
|move|p1a: Azumarill|Knock Off|p2a: Mew
|-supereffective|p2a: Mew
|-damage|p2a: Mew|200\/404
|-enditem|p2a: Mew|Leftovers|[from] move: Knock Off|[of] p1a: Azumarill
|
|-damage|p1a: Azumarill|351\/401 brn|[from] brn
|turn|14
|
|switch|p1a: Garchomp|Garchomp, M|358\/358
|move|p2a: Mew|Roost|p2a: Mew
|-heal|p2a: Mew|402\/404
|
|turn|15
|
|move|p1a: Garchomp|Substitute|p1a: Garchomp
|-start|p1a: Garchomp|Substitute
|-damage|p1a: Garchomp|269\/358
|move|p2a: Mew|Will-O-Wisp|p1a: Garchomp
|
|turn|16
|
|move|p1a: Garchomp|Swords Dance|p1a: Garchomp
|-boost|p1a: Garchomp|atk|2
|move|p2a: Mew|Taunt|p1a: Garchomp
|-start|p1a: Garchomp|move: Taunt
|
|turn|17
|
|move|p1a: Garchomp|Earthquake|p2a: Mew
|-crit|p2a: Mew
|-damage|p2a: Mew|0 fnt
|faint|p2a: Mew
|
|c|âWin Conditioner|nice
|c|âRed Skies|gg dude
|c|âRed Skies|Sorry
|c|âWin Conditioner|gg
|c|âWin Conditioner|no problem lol
|c|âWin Conditioner|you win either way
|
|switch|p2a: Slowbro|Slowbro, M|178\/394
|turn|18
|
|switch|p2a: Zapdos|Zapdos|94\/384
|-ability|p2a: Zapdos|Pressure
|move|p1a: Garchomp|Earthquake|p2a: Zapdos
|-immune|p2a: Zapdos|[msg]
|
|-heal|p2a: Zapdos|118\/384|[from] item: Leftovers
|turn|19
|
|switch|p2a: Altaria|Altaria-Mega, F|143\/315
|move|p1a: Garchomp|Dragon Claw|p2a: Altaria
|-immune|p2a: Altaria|[msg]
|
|-end|p1a: Garchomp|move: Taunt
|turn|20
|
|move|p1a: Garchomp|Earthquake|p2a: Altaria
|-damage|p2a: Altaria|0 fnt
|faint|p2a: Altaria
|
|
|switch|p2a: Slowbro|Slowbro, M|309\/394
|turn|21
|
|move|p1a: Garchomp|Earthquake|p2a: Slowbro
|-damage|p2a: Slowbro|83\/394
|move|p2a: Slowbro|Scald|p1a: Garchomp
|-end|p1a: Garchomp|Substitute
|
|turn|22
|
|switch|p2a: Magnezone|Magnezone|282\/282
|move|p1a: Garchomp|Dragon Claw|p2a: Magnezone
|-resisted|p2a: Magnezone
|-damage|p2a: Magnezone|165\/282
|
|turn|23
|
|move|p2a: Magnezone|Flash Cannon|p1a: Garchomp
|-damage|p1a: Garchomp|106\/358
|move|p1a: Garchomp|Earthquake|p2a: Magnezone
|-supereffective|p2a: Magnezone
|-damage|p2a: Magnezone|0 fnt
|faint|p2a: Magnezone
|
|
|switch|p2a: Slowbro|Slowbro, M|214\/394
|turn|24
|
|move|p1a: Garchomp|Swords Dance|p1a: Garchomp
|-boost|p1a: Garchomp|atk|2
|move|p2a: Slowbro|Scald|p1a: Garchomp
|-damage|p1a: Garchomp|0 fnt
|faint|p1a: Garchomp
|
|c|âWin Conditioner|phew
|
|switch|p1a: Metagross|Metagross|111\/301
|turn|25
|
|switch|p2a: Zapdos|Zapdos|118\/384
|-ability|p2a: Zapdos|Pressure
|detailschange|p1a: Metagross|Metagross-Mega
|message|Metagross has Mega Evolved into Mega Metagross!
|move|p1a: Metagross|Grass Knot|p2a: Zapdos
|-resisted|p2a: Zapdos
|-damage|p2a: Zapdos|70\/384
|
|-heal|p2a: Zapdos|94\/384|[from] item: Leftovers
|turn|26
|
|switch|p2a: Slowbro|Slowbro, M|345\/394
|move|p1a: Metagross|Ice Punch|p2a: Slowbro
|-resisted|p2a: Slowbro
|-damage|p2a: Slowbro|301\/394
|
|turn|27
|
|move|p1a: Metagross|Grass Knot|p2a: Slowbro
|-supereffective|p2a: Slowbro
|-damage|p2a: Slowbro|81\/394
|move|p2a: Slowbro|Thunder Wave|p1a: Metagross
|-status|p1a: Metagross|par
|
|turn|28
|
|move|p2a: Slowbro|Slack Off|p2a: Slowbro
|-heal|p2a: Slowbro|278\/394
|move|p1a: Metagross|Ice Punch|p2a: Slowbro
|-crit|p2a: Slowbro
|-resisted|p2a: Slowbro
|-damage|p2a: Slowbro|217\/394
|
|turn|29
|
|switch|p2a: Zapdos|Zapdos|94\/384
|-ability|p2a: Zapdos|Pressure
|cant|p1a: Metagross|par
|
|-heal|p2a: Zapdos|118\/384|[from] item: Leftovers
|turn|30
|
|move|p2a: Zapdos|Roost|p2a: Zapdos
|-heal|p2a: Zapdos|310\/384
|move|p1a: Metagross|Ice Punch|p2a: Zapdos
|-damage|p2a: Zapdos|206\/384
|
|-heal|p2a: Zapdos|230\/384|[from] item: Leftovers
|turn|31
|
|move|p2a: Zapdos|Heat Wave|p1a: Metagross
|-miss|p2a: Zapdos|p1a: Metagross
|move|p1a: Metagross|Zen Headbutt|p2a: Zapdos
|-damage|p2a: Zapdos|68\/384
|
|-heal|p2a: Zapdos|92\/384|[from] item: Leftovers
|turn|32
|
|move|p2a: Zapdos|Heat Wave|p1a: Metagross
|-supereffective|p1a: Metagross
|-damage|p1a: Metagross|0 fnt
|faint|p1a: Metagross
|
|-heal|p2a: Zapdos|116\/384|[from] item: Leftovers
|
|switch|p1a: Thundurus|Thundurus, M|270\/300
|turn|33
|
|switch|p2a: Chansey|Chansey, F|700\/704
|move|p1a: Thundurus|Thunderbolt|p2a: Chansey
|-damage|p2a: Chansey|570\/704
|-damage|p1a: Thundurus|240\/300|[from] item: Life Orb
|
|turn|34
|
|switch|p1a: Azumarill|Azumarill, F|351\/401 brn
|move|p2a: Chansey|Wish|p2a: Chansey
|
|-damage|p1a: Azumarill|301\/401 brn|[from] brn
|turn|35
|
|switch|p2a: Slowbro|Slowbro, M|348\/394
|move|p1a: Azumarill|Knock Off|p2a: Slowbro
|-supereffective|p2a: Slowbro
|-damage|p2a: Slowbro|254\/394
|
|-heal|p2a: Slowbro|394\/394|[from] move: Wish|[wisher] Chansey
|-damage|p1a: Azumarill|251\/401 brn|[from] brn
|turn|36
|
|switch|p1a: Greninja|Greninja, F|257\/285
|move|p2a: Slowbro|Scald|p1a: Greninja
|-resisted|p1a: Greninja
|-damage|p1a: Greninja|200\/285
|
|turn|37
|
|switch|p2a: Chansey|Chansey, F|570\/704
|move|p1a: Greninja|Low Kick|p2a: Chansey
|-start|p1a: Greninja|typechange|Fighting|[from] Protean
|-supereffective|p2a: Chansey
|-damage|p2a: Chansey|320\/704
|-damage|p1a: Greninja|172\/285|[from] item: Life Orb
|
|turn|38
|
|move|p1a: Greninja|Gunk Shot|p2a: Chansey
|-start|p1a: Greninja|typechange|Poison|[from] Protean
|-damage|p2a: Chansey|94\/704
|-damage|p1a: Greninja|144\/285|[from] item: Life Orb
|move|p2a: Chansey|Wish|p2a: Chansey
|
|turn|39
|
|switch|p1a: Azumarill|Azumarill, F|251\/401 brn
|move|p2a: Chansey|Wish|p2a: Chansey
|-fail|p2a: Chansey
|
|-heal|p2a: Chansey|446\/704|[from] move: Wish|[wisher] Chansey
|-damage|p1a: Azumarill|201\/401 brn|[from] brn
|turn|40
|c|âWin Conditioner|oh fuck
|c|âWin Conditioner|lol
|
|switch|p1a: Greninja|Greninja, F|144\/285
|switch|p2a: Slowbro|Slowbro, M|394\/394
|
|turn|41
|
|switch|p2a: Zapdos|Zapdos|116\/384
|-ability|p2a: Zapdos|Pressure
|move|p1a: Greninja|Dark Pulse|p2a: Zapdos
|-start|p1a: Greninja|typechange|Dark|[from] Protean
|-damage|p2a: Zapdos|0 fnt
|-damage|p1a: Greninja|116\/285|[from] item: Life Orb
|faint|p2a: Zapdos
|
|
|switch|p2a: Chansey|Chansey, F|446\/704
|turn|42
|
|switch|p1a: Thundurus|Thundurus, M|240\/300
|move|p2a: Chansey|Wish|p2a: Chansey
|
|turn|43
|
|move|p1a: Thundurus|Thunder Wave|p2a: Chansey
|-status|p2a: Chansey|par
|move|p2a: Chansey|Seismic Toss|p1a: Thundurus
|-damage|p1a: Thundurus|140\/300
|
|-heal|p2a: Chansey|704\/704 par|[from] move: Wish|[wisher] Chansey
|turn|44
|
|move|p1a: Thundurus|Thunderbolt|p2a: Chansey
|-damage|p2a: Chansey|574\/704 par
|-damage|p1a: Thundurus|110\/300|[from] item: Life Orb
|move|p2a: Chansey|Seismic Toss|p1a: Thundurus
|-damage|p1a: Thundurus|10\/300
|
|turn|45
|
|switch|p1a: Azumarill|Azumarill, F|201\/401 brn
|move|p2a: Chansey|Wish|p2a: Chansey
|
|-damage|p1a: Azumarill|151\/401 brn|[from] brn
|turn|46
|
|switch|p1a: Greninja|Greninja, F|116\/285
|switch|p2a: Slowbro|Slowbro, M|394\/394
|
|turn|47
|c|âWin Conditioner|will you get the crit?
|
|switch|p2a: Chansey|Chansey, F|574\/704
|move|p1a: Greninja|Gunk Shot|p2a: Chansey
|-start|p1a: Greninja|typechange|Poison|[from] Protean
|-damage|p2a: Chansey|348\/704
|-damage|p1a: Greninja|88\/285|[from] item: Life Orb
|
|turn|48
|
|switch|p1a: Thundurus|Thundurus, M|10\/300
|move|p2a: Chansey|Wish|p2a: Chansey
|
|turn|49
|
|move|p1a: Thundurus|Thunder Wave|p2a: Chansey
|-status|p2a: Chansey|par
|move|p2a: Chansey|Seismic Toss|p1a: Thundurus
|-damage|p1a: Thundurus|0 fnt
|faint|p1a: Thundurus
|
|-heal|p2a: Chansey|700\/704 par|[from] move: Wish|[wisher] Chansey
|
|switch|p1a: Greninja|Greninja, F|88\/285
|turn|50
|
|move|p1a: Greninja|Dark Pulse|p2a: Chansey
|-start|p1a: Greninja|typechange|Dark|[from] Protean
|-damage|p2a: Chansey|595\/704 par
|-damage|p1a: Greninja|60\/285|[from] item: Life Orb
|cant|p2a: Chansey|flinch
|
|turn|51
|
|switch|p2a: Slowbro|Slowbro, M|394\/394
|move|p1a: Greninja|Low Kick|p2a: Slowbro
|-start|p1a: Greninja|typechange|Fighting|[from] Protean
|-resisted|p2a: Slowbro
|-damage|p2a: Slowbro|354\/394
|-damage|p1a: Greninja|32\/285|[from] item: Life Orb
|
|turn|52
|
|switch|p2a: Chansey|Chansey, F|595\/704
|move|p1a: Greninja|Dark Pulse|p2a: Chansey
|-start|p1a: Greninja|typechange|Dark|[from] Protean
|-damage|p2a: Chansey|504\/704
|-damage|p1a: Greninja|4\/285|[from] item: Life Orb
|
|turn|53
|c|âRed Skies|gg lol
|c|âWin Conditioner|gg
|
|move|p1a: Greninja|Low Kick|p2a: Chansey
|-start|p1a: Greninja|typechange|Fighting|[from] Protean
|-supereffective|p2a: Chansey
|-damage|p2a: Chansey|262\/704
|-damage|p1a: Greninja|0 fnt|[from] item: Life Orb
|faint|p1a: Greninja
|move|p2a: Chansey|Wish|p2a: Chansey
|
|
|switch|p1a: Azumarill|Azumarill, F|151\/401 brn
|turn|54
|
|move|p2a: Chansey|Protect|p2a: Chansey
|-singleturn|p2a: Chansey|Protect
|move|p1a: Azumarill|Knock Off|p2a: Chansey
|-activate|p2a: Chansey|Protect
|
|-heal|p2a: Chansey|614\/704|[from] move: Wish|[wisher] Chansey
|-damage|p1a: Azumarill|101\/401 brn|[from] brn
|turn|55
|
|move|p1a: Azumarill|Knock Off|p2a: Chansey
|-damage|p2a: Chansey|474\/704
|-enditem|p2a: Chansey|Eviolite|[from] move: Knock Off|[of] p1a: Azumarill
|move|p2a: Chansey|Seismic Toss|p1a: Azumarill
|-damage|p1a: Azumarill|1\/401 brn
|
|-damage|p1a: Azumarill|0 fnt|[from] brn
|faint|p1a: Azumarill
|
|win|Win Conditioner
|raw|Ladder updating...
|raw|Red Skies's rating: 1667 &rarr; <strong>1643<\/strong><br \/>(-24 for losing)
|raw|Win Conditioner's rating: 1583 &rarr; <strong>1608<\/strong><br \/>(+25 for winning)
|leave|Red Skies
|player|p1