|join|Win Conditioner
|join|Mauvais
|player|p1|Win Conditioner|92
|player|p2|Mauvais|209
|gametype|singles
|gen|6
|tier|OU
|rated
|clearpoke
|poke|p1|Breloom, M
|poke|p1|Metagross
|poke|p1|Keldeo
|poke|p1|Landorus-Therian, M
|poke|p1|Magnezone
|poke|p1|Latias, F
|poke|p2|Absol, M
|poke|p2|Manaphy
|poke|p2|Tornadus-Therian, M
|poke|p2|Latias, F
|poke|p2|Clefable, M
|poke|p2|Volcarona, F
|rule|Swagger Clause: Swagger is banned
|rule|Baton Pass Clause: Limit one PokÃ©mon knowing Baton Pass
|rule|Sleep Clause Mod: Limit one foe put to sleep
|rule|Species Clause: Limit one of each PokÃ©mon
|rule|OHKO Clause: OHKO moves are banned
|rule|Moody Clause: Moody is banned
|rule|Evasion Moves Clause: Evasion moves are banned
|rule|Endless Battle Clause: Forcing endless battles is banned
|rule|HP Percentage Mod: HP is shown in percentages
|teampreview
|
|start
|switch|p1a: Landorus-Therian|Landorus-Therian, M|320\/320
|switch|p2a: Tornadus-Therian|Tornadus-Therian, M|332\/332
|-ability|p1a: Landorus-Therian|Intimidate|[of] p2a: Tornadus-Therian
|-unboost|p2a: Tornadus-Therian|atk|1
|turn|1
|
|move|p1a: Landorus-Therian|Knock Off|p2a: Tornadus-Therian
|-damage|p2a: Tornadus-Therian|171\/332
|-enditem|p2a: Tornadus-Therian|Assault Vest|[from] move: Knock Off|[of] p1a: Landorus-Therian
|move|p2a: Tornadus-Therian|Hurricane|p1a: Landorus-Therian
|-damage|p1a: Landorus-Therian|133\/320
|
|turn|2
|
|switch|p1a: Magnezone|Magnezone|282\/282
|move|p2a: Tornadus-Therian|Knock Off|p1a: Magnezone
|-damage|p1a: Magnezone|241\/282
|-enditem|p1a: Magnezone|Choice Scarf|[from] move: Knock Off|[of] p2a: Tornadus-Therian
|
|turn|3
|
|move|p2a: Tornadus-Therian|Focus Blast|p1a: Magnezone|[miss]
|-miss|p2a: Tornadus-Therian|p1a: Magnezone
|move|p1a: Magnezone|Volt Switch|p2a: Tornadus-Therian
|-supereffective|p2a: Tornadus-Therian
|-damage|p2a: Tornadus-Therian|0 fnt
|faint|p2a: Tornadus-Therian
|
|switch|p1a: Landorus-Therian|Landorus-Therian, M|133\/320
|
|
|switch|p2a: Absol|Absol, M|271\/271
|turn|4
|
|switch|p1a: Keldeo|Keldeo|322\/322
|detailschange|p2a: Absol|Absol-Mega, M
|message|Absol has Mega Evolved into Mega Absol!
|move|p2a: Absol|Play Rough|p1a: Keldeo
|-crit|p1a: Keldeo
|-supereffective|p1a: Keldeo
|-damage|p1a: Keldeo|0 fnt
|faint|p1a: Keldeo
|
|
|switch|p1a: Breloom|Breloom, M|262\/262
|turn|5
|
|switch|p2a: Volcarona|Volcarona, F|373\/373
|move|p1a: Breloom|Rock Tomb|p2a: Volcarona
|-supereffective|p2a: Volcarona
|-damage|p2a: Volcarona|0 fnt
|faint|p2a: Volcarona
|
|
|switch|p2a: Clefable|Clefable, M|394\/394
|turn|6
|
|switch|p1a: Magnezone|Magnezone|241\/282
|move|p2a: Clefable|Flamethrower|p1a: Magnezone
|-supereffective|p1a: Magnezone
|-damage|p1a: Magnezone|79\/282
|
|turn|7
|
|move|p1a: Magnezone|Volt Switch|p2a: Clefable
|-damage|p2a: Clefable|282\/394
|
|switch|p1a: Latias|Latias, F|302\/302
|move|p2a: Clefable|Flamethrower|p1a: Latias
|-resisted|p1a: Latias
|-damage|p1a: Latias|276\/302
|
|-heal|p2a: Clefable|306\/394|[from] item: Leftovers
|turn|8
|
|switch|p1a: Metagross|Metagross|302\/302
|move|p2a: Clefable|Moonblast|p1a: Metagross
|-resisted|p1a: Metagross
|-damage|p1a: Metagross|240\/302
|
|-heal|p2a: Clefable|330\/394|[from] item: Leftovers
|turn|9
|
|detailschange|p1a: Metagross|Metagross-Mega
|message|Metagross has Mega Evolved into Mega Metagross!
|move|p1a: Metagross|Meteor Mash|p2a: Clefable
|-supereffective|p2a: Clefable
|-damage|p2a: Clefable|0 fnt
|faint|p2a: Clefable
|
|
|switch|p2a: Absol|Absol-Mega, M|271\/271
|turn|10
|
|switch|p1a: Magnezone|Magnezone|79\/282
|move|p2a: Absol|Sucker Punch|p1a: Magnezone
|-fail|p1a: Magnezone
|
|turn|11
|
|move|p2a: Absol|Fire Blast|p1a: Magnezone
|-supereffective|p1a: Magnezone
|-damage|p1a: Magnezone|0 fnt
|faint|p1a: Magnezone
|
|
|switch|p1a: Breloom|Breloom, M|262\/262
|turn|12
|
|move|p2a: Absol|Play Rough|p1a: Breloom
|-supereffective|p1a: Breloom
|-enditem|p1a: Breloom|Focus Sash
|-damage|p1a: Breloom|1\/262
|move|p1a: Breloom|Bullet Seed|p2a: Absol
|-damage|p2a: Absol|166\/271
|-damage|p2a: Absol|69\/271
|-hitcount|p2a: Absol|2
|
|turn|13
|
|switch|p1a: Landorus-Therian|Landorus-Therian, M|133\/320
|-ability|p1a: Landorus-Therian|Intimidate|[of] p2a: Absol
|-unboost|p2a: Absol|atk|1
|move|p2a: Absol|Sucker Punch|p1a: Landorus-Therian
|-fail|p1a: Landorus-Therian
|
|turn|14
|
|move|p2a: Absol|Sucker Punch|p1a: Landorus-Therian
|-damage|p1a: Landorus-Therian|16\/320
|move|p1a: Landorus-Therian|U-turn|p2a: Absol
|-supereffective|p2a: Absol
|-damage|p2a: Absol|0 fnt
|faint|p2a: Absol
|
|switch|p1a: Metagross|Metagross-Mega|240\/302
|
|
|switch|p2a: Manaphy|Manaphy|365\/365
|turn|15
|
|move|p1a: Metagross|Zen Headbutt|p2a: Manaphy
|-damage|p2a: Manaphy|155\/365
|move|p2a: Manaphy|Scald|p1a: Metagross
|-damage|p1a: Metagross|122\/302
|
|-heal|p2a: Manaphy|177\/365|[from] item: Leftovers
|turn|16
|
|switch|p2a: Latias|Latias, F|302\/302
|move|p1a: Metagross|Zen Headbutt|p2a: Latias
|-resisted|p2a: Latias
|-damage|p2a: Latias|197\/302
|
|turn|17
|
|move|p1a: Metagross|Ice Punch|p2a: Latias
|-supereffective|p2a: Latias
|-damage|p2a: Latias|0 fnt
|faint|p2a: Latias
|
|-message|Mauvais forfeited.
|
|win|Win Conditioner
|raw|Ladder updating...
|leave|Mauvais
|player|p2