|join|VagSlayer420
|join|Win Conditioner
|player|p1|VagSlayer420|34
|player|p2|Win Conditioner|87
|gametype|singles
|gen|6
|tier|OU
|rated
|clearpoke
|poke|p1|Manaphy
|poke|p1|Magnezone, shiny
|poke|p1|Latios, M
|poke|p1|Infernape, M, shiny
|poke|p1|Gyarados, M, shiny
|poke|p1|Lopunny, F, shiny
|poke|p2|Breloom, F
|poke|p2|Metagross
|poke|p2|Keldeo
|poke|p2|Garchomp, F
|poke|p2|Magnezone
|poke|p2|Latias, F
|rule|Swagger Clause: Swagger is banned
|rule|Baton Pass Clause: Limit one PokÃ©mon knowing Baton Pass
|rule|Sleep Clause Mod: Limit one foe put to sleep
|rule|Species Clause: Limit one of each PokÃ©mon
|rule|OHKO Clause: OHKO moves are banned
|rule|Moody Clause: Moody is banned
|rule|Evasion Moves Clause: Evasion moves are banned
|rule|Endless Battle Clause: Forcing endless battles is banned
|rule|HP Percentage Mod: HP is shown in percentages
|teampreview
Win Conditioner turned on modjoin.
Win Conditioner made this room private.
|
|start
|switch|p1a: Infernape|Infernape, M, shiny|293\/293
|switch|p2a: Garchomp|Garchomp, F|357\/357
|turn|1
|
|move|p1a: Infernape|Stealth Rock|p2a: Garchomp
|-sidestart|p2: Win Conditioner|move: Stealth Rock
|move|p2a: Garchomp|Earthquake|p1a: Infernape
|-supereffective|p1a: Infernape
|-enditem|p1a: Infernape|Focus Sash
|-damage|p1a: Infernape|1\/293
|
|turn|2
|
|move|p1a: Infernape|Endeavor|p2a: Garchomp
|-damage|p2a: Garchomp|1\/357
|-damage|p1a: Infernape|0 fnt|[from] ability: Rough Skin|[of] p2a: Garchomp
|faint|p1a: Infernape
|move|p2a: Garchomp|Stealth Rock|p1: Infernape
|-sidestart|p1: VagSlayer420|move: Stealth Rock
|
|
|switch|p1a: Latios|Latios, M|301\/301
|-damage|p1a: Latios|264\/301|[from] Stealth Rock
|turn|3
|
|switch|p2a: Metagross|Metagross|302\/302
|-damage|p2a: Metagross|284\/302|[from] Stealth Rock
|move|p1a: Latios|Psyshock|p2a: Metagross
|-resisted|p2a: Metagross
|-damage|p2a: Metagross|257\/302
|
|turn|4
|
|switch|p1a: Gyarados|Gyarados, M, shiny|353\/353
|-damage|p1a: Gyarados|265\/353|[from] Stealth Rock
|-ability|p1a: Gyarados|Intimidate|[of] p2a: Metagross
|-fail|p2a: Metagross|unboost|[from] ability: Clear Body|[of] p2a: Metagross
|detailschange|p2a: Metagross|Metagross-Mega
|-mega|p2a: Metagross|Metagross|Metagrossite
|move|p2a: Metagross|Meteor Mash|p1a: Gyarados
|-resisted|p1a: Gyarados
|-damage|p1a: Gyarados|132\/353
|
|-heal|p1a: Gyarados|154\/353|[from] item: Leftovers
|turn|5
|
|move|p2a: Metagross|Zen Headbutt|p1a: Gyarados
|-damage|p1a: Gyarados|0 fnt
|faint|p1a: Gyarados
|
|
|switch|p1a: Magnezone|Magnezone, shiny|285\/285
|-damage|p1a: Magnezone|268\/285|[from] Stealth Rock
|turn|6
|
|move|p1a: Magnezone|Thunderbolt|p2a: Metagross
|-damage|p2a: Metagross|118\/302
|move|p2a: Metagross|Earthquake|p1a: Magnezone
|-crit|p1a: Magnezone
|-supereffective|p1a: Magnezone
|-damage|p1a: Magnezone|0 fnt
|faint|p1a: Magnezone
|
|
|switch|p1a: Lopunny|Lopunny, F, shiny|271\/271
|-damage|p1a: Lopunny|238\/271|[from] Stealth Rock
|turn|7
|
|switch|p2a: Garchomp|Garchomp, F|1\/357
|-damage|p2a: Garchomp|0 fnt|[from] Stealth Rock
|faint|p2a: Garchomp
|detailschange|p1a: Lopunny|Lopunny-Mega, F, shiny
|-mega|p1a: Lopunny|Lopunny|Lopunnite
|move|p1a: Lopunny|Fake Out|p2: Garchomp|[notarget]
|-notarget
|
|
|switch|p2a: Keldeo|Keldeo|322\/322
|-damage|p2a: Keldeo|302\/322|[from] Stealth Rock
|turn|8
|
|switch|p1a: Latios|Latios, M|264\/301
|-damage|p1a: Latios|227\/301|[from] Stealth Rock
|move|p2a: Keldeo|Secret Sword|p1a: Latios
|-resisted|p1a: Latios
|-damage|p1a: Latios|92\/301
|
|turn|9
|
|switch|p2a: Magnezone|Magnezone|282\/282
|-damage|p2a: Magnezone|265\/282|[from] Stealth Rock
|move|p1a: Latios|Draco Meteor|p2a: Magnezone
|-resisted|p2a: Magnezone
|-damage|p2a: Magnezone|145\/282
|-unboost|p1a: Latios|spa|2
|
|turn|10
|
|move|p1a: Latios|Draco Meteor|p2a: Magnezone
|-resisted|p2a: Magnezone
|-damage|p2a: Magnezone|79\/282
|-unboost|p1a: Latios|spa|2
|move|p2a: Magnezone|Thunderbolt|p1a: Latios
|-resisted|p1a: Latios
|-damage|p1a: Latios|17\/301
|
|turn|11
|
|switch|p2a: Latias|Latias, F|302\/302
|-damage|p2a: Latias|265\/302|[from] Stealth Rock
|move|p1a: Latios|Draco Meteor|p2a: Latias
|-crit|p2a: Latias
|-supereffective|p2a: Latias
|-damage|p2a: Latias|0 fnt
|-unboost|p1a: Latios|spa|2
|faint|p2a: Latias
|
|
|switch|p2a: Metagross|Metagross-Mega|118\/302
|-damage|p2a: Metagross|100\/302|[from] Stealth Rock
|turn|12
|
|move|p2a: Metagross|Bullet Punch|p1a: Latios
|-damage|p1a: Latios|0 fnt
|faint|p1a: Latios
|
|
|switch|p1a: Lopunny|Lopunny-Mega, F, shiny|238\/271
|-damage|p1a: Lopunny|222\/271|[from] Stealth Rock
|turn|13
|
|move|p2a: Metagross|Bullet Punch|p1a: Lopunny
|-crit|p1a: Lopunny
|-damage|p1a: Lopunny|53\/271
|move|p1a: Lopunny|High Jump Kick|p2a: Metagross
|-damage|p2a: Metagross|0 fnt
|faint|p2a: Metagross
|
|
|switch|p2a: Breloom|Breloom, F|262\/262
|-damage|p2a: Breloom|246\/262|[from] Stealth Rock
|turn|14
|
|move|p2a: Breloom|Mach Punch|p1a: Lopunny
|-supereffective|p1a: Lopunny
|-damage|p1a: Lopunny|0 fnt
|faint|p1a: Lopunny
|
|
|switch|p1a: Manaphy|Manaphy|365\/365
|-damage|p1a: Manaphy|320\/365|[from] Stealth Rock
|turn|15
|
|move|p1a: Manaphy|Rain Dance|p1a: Manaphy
|-weather|RainDance
|move|p2a: Breloom|Bullet Seed|p1a: Manaphy
|-supereffective|p1a: Manaphy
|-damage|p1a: Manaphy|192\/365
|-supereffective|p1a: Manaphy
|-damage|p1a: Manaphy|64\/365
|-crit|p1a: Manaphy
|-supereffective|p1a: Manaphy
|-damage|p1a: Manaphy|0 fnt
|-hitcount|p1a: Manaphy|3
|faint|p1a: Manaphy
|
|win|Win Conditioner
|raw|Ladder updating...
|raw|VagSlayer420's rating: 1620 &rarr; <strong>1604<\/strong><br \/>(-16 for losing)
|raw|Win Conditioner's rating: 1699 &rarr; <strong>1715<\/strong><br \/>(+16 for winning)