|join|Win Conditioner
|join|Sauromon
|player|p1|Win Conditioner|288
|player|p2|Sauromon|270
|gametype|singles
|gen|6
|tier|OU
|rated
|clearpoke
|poke|p1|Scolipede, M
|poke|p1|Suicune
|poke|p1|Gothitelle, F
|poke|p1|Charizard, F
|poke|p1|Espeon, F
|poke|p1|Clefable, F
|poke|p2|Ferrothorn, M
|poke|p2|Altaria, F
|poke|p2|Dragalge, F
|poke|p2|Victini
|poke|p2|Greninja, M
|poke|p2|Landorus-Therian, M
|rule|Swagger Clause: Swagger is banned
|rule|Baton Pass Clause: Limit one PokÃ©mon knowing Baton Pass
|rule|Sleep Clause Mod: Limit one foe put to sleep
|rule|Species Clause: Limit one of each PokÃ©mon
|rule|OHKO Clause: OHKO moves are banned
|rule|Moody Clause: Moody is banned
|rule|Evasion Moves Clause: Evasion moves are banned
|rule|Endless Battle Clause: Forcing endless battles is banned
|rule|HP Percentage Mod: HP is shown in percentages
|teampreview
|
|start
|switch|p1a: Scolipede|Scolipede, M|323\/323
|switch|p2a: Dragalge|Dragalge, F|334\/334
|turn|1
|
|move|p1a: Scolipede|Protect|p1a: Scolipede
|-singleturn|p1a: Scolipede|Protect
|move|p2a: Dragalge|Draco Meteor|p1a: Scolipede
|-activate|p1a: Scolipede|Protect
|
|-boost|p1a: Scolipede|spe|1|[from] ability: Speed Boost
|turn|2
|
|move|p1a: Scolipede|Substitute|p1a: Scolipede
|-start|p1a: Scolipede|Substitute
|-damage|p1a: Scolipede|243\/323
|move|p2a: Dragalge|Sludge Bomb|p1a: Scolipede
|-resisted|p1a: Scolipede
|-end|p1a: Scolipede|Substitute
|-damage|p2a: Dragalge|301\/334|[from] item: Life Orb
|
|-boost|p1a: Scolipede|spe|1|[from] ability: Speed Boost
|turn|3
|
|move|p1a: Scolipede|Substitute|p1a: Scolipede
|-start|p1a: Scolipede|Substitute
|-damage|p1a: Scolipede|163\/323
|move|p2a: Dragalge|Substitute|p2a: Dragalge
|-start|p2a: Dragalge|Substitute
|-damage|p2a: Dragalge|218\/334
|
|-boost|p1a: Scolipede|spe|1|[from] ability: Speed Boost
|turn|4
|
|move|p1a: Scolipede|Iron Defense|p1a: Scolipede
|-boost|p1a: Scolipede|def|2
|move|p2a: Dragalge|Sludge Bomb|p1a: Scolipede
|-resisted|p1a: Scolipede
|-end|p1a: Scolipede|Substitute
|-damage|p2a: Dragalge|185\/334|[from] item: Life Orb
|
|-boost|p1a: Scolipede|spe|1|[from] ability: Speed Boost
|turn|5
|
|move|p1a: Scolipede|Baton Pass|p1a: Scolipede
|
|switch|p1a: Suicune|Suicune|404\/404
|-ability|p1a: Suicune|Pressure
|move|p2a: Dragalge|Sludge Bomb|p1a: Suicune
|-damage|p1a: Suicune|175\/404
|-damage|p2a: Dragalge|152\/334|[from] item: Life Orb
|
|-heal|p1a: Suicune|200\/404|[from] item: Leftovers
|turn|6
|
|move|p1a: Suicune|Calm Mind|p1a: Suicune
|-boost|p1a: Suicune|spa|1
|-boost|p1a: Suicune|spd|1
|move|p2a: Dragalge|Draco Meteor|p1a: Suicune|[miss]
|-miss|p2a: Dragalge|p1a: Suicune
|
|-heal|p1a: Suicune|225\/404|[from] item: Leftovers
|turn|7
|
|move|p1a: Suicune|Calm Mind|p1a: Suicune
|-boost|p1a: Suicune|spa|1
|-boost|p1a: Suicune|spd|1
|move|p2a: Dragalge|Sludge Bomb|p1a: Suicune
|-damage|p1a: Suicune|121\/404
|-damage|p2a: Dragalge|119\/334|[from] item: Life Orb
|
|-heal|p1a: Suicune|146\/404|[from] item: Leftovers
|turn|8
|
|move|p1a: Suicune|Rest|p1a: Suicune
|-status|p1a: Suicune|slp
|-heal|p1a: Suicune|404\/404 slp|[silent]
|-status|p1a: Suicune|slp|[from] move: Rest
|move|p2a: Dragalge|Sludge Bomb|p1a: Suicune
|-damage|p1a: Suicune|300\/404 slp
|-damage|p2a: Dragalge|86\/334|[from] item: Life Orb
|
|-heal|p1a: Suicune|325\/404 slp|[from] item: Leftovers
|turn|9
|
|switch|p2a: Victini|Victini|341\/341
|cant|p1a: Suicune|slp
|move|p1a: Suicune|Sleep Talk|p1a: Suicune
|move|p1a: Suicune|Scald|p2a: Victini|[from]Sleep Talk
|-supereffective|p2a: Victini
|-damage|p2a: Victini|0 fnt
|faint|p2a: Victini
|
|-heal|p1a: Suicune|350\/404 slp|[from] item: Leftovers
|
|switch|p2a: Ferrothorn|Ferrothorn, M|352\/352
|turn|10
|
|cant|p1a: Suicune|slp
|move|p1a: Suicune|Sleep Talk|p1a: Suicune
|move|p1a: Suicune|Rest|p1a: Suicune|[from]Sleep Talk
|-fail|p1a: Suicune
|move|p2a: Ferrothorn|Leech Seed|p1a: Suicune
|-start|p1a: Suicune|move: Leech Seed
|
|-heal|p1a: Suicune|375\/404 slp|[from] item: Leftovers
|-damage|p1a: Suicune|325\/404 slp|[from] Leech Seed|[of] p2a: Ferrothorn
|turn|11
|
|switch|p1a: Gothitelle|Gothitelle, F|301\/301
|move|p2a: Ferrothorn|Thunder Wave|p1a: Gothitelle
|-status|p1a: Gothitelle|par
|
|turn|12
|
|move|p1a: Gothitelle|Trick|p2a: Ferrothorn
|-activate|p1a: Gothitelle|move: Trick|[of] p2a: Ferrothorn
|-item|p2a: Ferrothorn|Choice Scarf|[from] move: Trick
|-item|p1a: Gothitelle|Rocky Helmet|[from] move: Trick
|move|p2a: Ferrothorn|Knock Off|p1a: Gothitelle
|-supereffective|p1a: Gothitelle
|-damage|p1a: Gothitelle|155\/301 par
|-damage|p2a: Ferrothorn|294\/352|[from] item: Rocky Helmet|[of] p1a: Gothitelle
|-enditem|p1a: Gothitelle|Rocky Helmet|[from] move: Knock Off|[of] p2a: Ferrothorn
|
|turn|13
|
|switch|p1a: Charizard|Charizard, F|297\/297
|move|p2a: Ferrothorn|Knock Off|p1a: Charizard
|-damage|p1a: Charizard|241\/297
|
|turn|14
|
|switch|p2a: Landorus-Therian|Landorus-Therian, M|319\/319
|-ability|p2a: Landorus-Therian|Intimidate|[of] p1a: Charizard
|-unboost|p1a: Charizard|atk|1
|move|p1a: Charizard|Dragon Dance|p1a: Charizard
|-boost|p1a: Charizard|atk|1
|-boost|p1a: Charizard|spe|1
|
|turn|15
|
|detailschange|p1a: Charizard|Charizard-Mega-X, F
|message|Charizard has Mega Evolved into Mega Charizard!
|move|p2a: Landorus-Therian|Earthquake|p1a: Charizard
|-crit|p1a: Charizard
|-supereffective|p1a: Charizard
|-damage|p1a: Charizard|0 fnt
|faint|p1a: Charizard
|
|
|switch|p1a: Scolipede|Scolipede, M|163\/323
|turn|16
|
|move|p1a: Scolipede|Protect|p1a: Scolipede
|-singleturn|p1a: Scolipede|Protect
|move|p2a: Landorus-Therian|Earthquake|p1a: Scolipede
|-activate|p1a: Scolipede|Protect
|
|-boost|p1a: Scolipede|spe|1|[from] ability: Speed Boost
|turn|17
|
|switch|p2a: Dragalge|Dragalge, F|86\/334
|move|p1a: Scolipede|Iron Defense|p1a: Scolipede
|-boost|p1a: Scolipede|def|2
|
|-boost|p1a: Scolipede|spe|1|[from] ability: Speed Boost
|turn|18
|
|move|p1a: Scolipede|Substitute|p1a: Scolipede
|-start|p1a: Scolipede|Substitute
|-damage|p1a: Scolipede|83\/323
|move|p2a: Dragalge|Sludge Bomb|p1a: Scolipede
|-resisted|p1a: Scolipede
|-end|p1a: Scolipede|Substitute
|-damage|p2a: Dragalge|53\/334|[from] item: Life Orb
|
|-boost|p1a: Scolipede|spe|1|[from] ability: Speed Boost
|turn|19
|
|move|p1a: Scolipede|Substitute|p1a: Scolipede
|-start|p1a: Scolipede|Substitute
|-damage|p1a: Scolipede|3\/323
|move|p2a: Dragalge|Sludge Bomb|p1a: Scolipede
|-resisted|p1a: Scolipede
|-end|p1a: Scolipede|Substitute
|-damage|p2a: Dragalge|20\/334|[from] item: Life Orb
|
|-boost|p1a: Scolipede|spe|1|[from] ability: Speed Boost
|turn|20
|
|move|p1a: Scolipede|Baton Pass|p1a: Scolipede
|
|switch|p1a: Espeon|Espeon, F|334\/334
|move|p2a: Dragalge|Draco Meteor|p1a: Espeon
|-damage|p1a: Espeon|0 fnt
|-unboost|p2a: Dragalge|spa|2
|-damage|p2a: Dragalge|0 fnt|[from] item: Life Orb
|faint|p1a: Espeon
|faint|p2a: Dragalge
|
|
|switch|p2a: Greninja|Greninja, M|285\/285
|switch|p1a: Scolipede|Scolipede, M|3\/323
|turn|21
|c|âWin Conditioner|that thing is ridiculous
|
|move|p1a: Scolipede|Protect|p1a: Scolipede
|-singleturn|p1a: Scolipede|Protect
|move|p2a: Greninja|Spikes|p1a: Scolipede
|-start|p2a: Greninja|typechange|Ground|[from] Protean
|-sidestart|p1: Win Conditioner|Spikes
|
|-boost|p1a: Scolipede|spe|1|[from] ability: Speed Boost
|turn|22
|
|move|p1a: Scolipede|Baton Pass|p1a: Scolipede
|
|switch|p1a: Clefable|Clefable, F|394\/394
|-damage|p1a: Clefable|345\/394|[from] Spikes
|move|p2a: Greninja|U-turn|p1a: Clefable
|-start|p2a: Greninja|typechange|Bug|[from] Protean
|-resisted|p1a: Clefable
|-damage|p1a: Clefable|311\/394
|
|switch|p2a: Landorus-Therian|Landorus-Therian, M|319\/319
|-ability|p2a: Landorus-Therian|Intimidate|[of] p1a: Clefable
|-unboost|p1a: Clefable|atk|1
|
|-heal|p1a: Clefable|335\/394|[from] item: Leftovers
|turn|23
|
|move|p2a: Landorus-Therian|Earthquake|p1a: Clefable
|-damage|p1a: Clefable|140\/394
|move|p1a: Clefable|Moonlight|p1a: Clefable
|-heal|p1a: Clefable|337\/394
|
|-heal|p1a: Clefable|361\/394|[from] item: Leftovers
|turn|24
|
|switch|p2a: Ferrothorn|Ferrothorn, M|294\/352
|move|p1a: Clefable|Moonblast|p2a: Ferrothorn
|-resisted|p2a: Ferrothorn
|-damage|p2a: Ferrothorn|245\/352
|
|-heal|p1a: Clefable|385\/394|[from] item: Leftovers
|turn|25
|
|move|p1a: Clefable|Substitute|p1a: Clefable
|-start|p1a: Clefable|Substitute
|-damage|p1a: Clefable|287\/394
|move|p2a: Ferrothorn|Thunder Wave|p1a: Clefable
|
|-heal|p1a: Clefable|311\/394|[from] item: Leftovers
|turn|26
|
|switch|p2a: Landorus-Therian|Landorus-Therian, M|319\/319
|-activate|p1a: Clefable|Substitute|ability: Intimidate|[of] p2a: Landorus-Therian
|move|p1a: Clefable|Calm Mind|p1a: Clefable
|-boost|p1a: Clefable|spa|1
|-boost|p1a: Clefable|spd|1
|
|-heal|p1a: Clefable|335\/394|[from] item: Leftovers
|turn|27
|
|move|p2a: Landorus-Therian|Earthquake|p1a: Clefable
|-end|p1a: Clefable|Substitute
|move|p1a: Clefable|Moonblast|p2a: Landorus-Therian
|-damage|p2a: Landorus-Therian|127\/319
|-unboost|p2a: Landorus-Therian|spa|1
|
|-heal|p1a: Clefable|359\/394|[from] item: Leftovers
|turn|28
|
|move|p2a: Landorus-Therian|Earthquake|p1a: Clefable
|-damage|p1a: Clefable|188\/394
|move|p1a: Clefable|Substitute|p1a: Clefable
|-start|p1a: Clefable|Substitute
|-damage|p1a: Clefable|90\/394
|
|-heal|p1a: Clefable|114\/394|[from] item: Leftovers
|turn|29
|
|move|p2a: Landorus-Therian|Earthquake|p1a: Clefable
|-end|p1a: Clefable|Substitute
|move|p1a: Clefable|Moonlight|p1a: Clefable
|-heal|p1a: Clefable|311\/394
|
|-heal|p1a: Clefable|335\/394|[from] item: Leftovers
|turn|30
|
|move|p2a: Landorus-Therian|Earthquake|p1a: Clefable
|-crit|p1a: Clefable
|-damage|p1a: Clefable|46\/394
|move|p1a: Clefable|Substitute|p1a: Clefable
|-fail|p1a: Clefable|move: Substitute|[weak]
|
|-heal|p1a: Clefable|70\/394|[from] item: Leftovers
|turn|31
|c|âWin Conditioner|ljslafj
|c|âWin Conditioner|dsjfladsjfldsj
|c|âWin Conditioner|jslkjsla;dfjldsf
|c|âWin Conditioner|asjfljs;l's
|c|âWin Conditioner|dads
|c|âWin Conditioner|dsf, nsFAms,newtn43p
|-message|Win Conditioner forfeited.
|
|win|Sauromon
|raw|Ladder updating...
|leave|Win Conditioner
|player|p1
|raw|Win Conditioner's rating: 1639 &rarr; <strong>1613<\/strong><br \/>(-26 for losing)
|raw|Sauromon's rating: 1523 &rarr; <strong>1549<\/strong><br \/>(+26 for winning)