|join|Win Conditioner
|join|helkijin
|player|p1|Win Conditioner|288
|player|p2|helkijin|257
|gametype|singles
|gen|6
|tier|OU
|rated
|clearpoke
|poke|p1|Scolipede, F
|poke|p1|Suicune
|poke|p1|Gothitelle, M
|poke|p1|Charizard, M
|poke|p1|Espeon, M
|poke|p1|Clefable, M
|poke|p2|Politoed, M
|poke|p2|Swampert, M
|poke|p2|Tornadus-Therian, M
|poke|p2|Chesnaught, M
|poke|p2|Starmie
|poke|p2|Empoleon, F
|rule|Swagger Clause: Swagger is banned
|rule|Baton Pass Clause: Limit one PokÃ©mon knowing Baton Pass
|rule|Sleep Clause Mod: Limit one foe put to sleep
|rule|Species Clause: Limit one of each PokÃ©mon
|rule|OHKO Clause: OHKO moves are banned
|rule|Moody Clause: Moody is banned
|rule|Evasion Moves Clause: Evasion moves are banned
|rule|Endless Battle Clause: Forcing endless battles is banned
|rule|HP Percentage Mod: HP is shown in percentages
|teampreview
|join|w0w mod r00d
Win Conditioner turned on modjoin.
|raw|<div class="broadcast-red"><b>Moderated chat was set to +!<\/b><br \/>Only users of rank + and higher can talk.<\/div>
Win Conditioner made this room private.
|join|Win Shampoo
|
|start
|switch|p1a: Scolipede|Scolipede, F|323\/323
|switch|p2a: Empoleon|Empoleon, F|371\/371
|turn|1
|
|move|p1a: Scolipede|Substitute|p1a: Scolipede
|-start|p1a: Scolipede|Substitute
|-damage|p1a: Scolipede|243\/323
|move|p2a: Empoleon|Roar|p1a: Scolipede
|drag|p1a: Suicune|Suicune|404\/404
|-ability|p1a: Suicune|Pressure
|
|turn|2
|
|switch|p1a: Gothitelle|Gothitelle, M|301\/301
|move|p2a: Empoleon|Stealth Rock|p1a: Gothitelle
|-sidestart|p1: Win Conditioner|move: Stealth Rock
|
|turn|3
|
|move|p1a: Gothitelle|Trick|p2a: Empoleon
|-activate|p1a: Gothitelle|move: Trick|[of] p2a: Empoleon
|-item|p2a: Empoleon|Choice Scarf|[from] move: Trick
|-item|p1a: Gothitelle|Damp Rock|[from] move: Trick
|move|p2a: Empoleon|Roar|p1a: Gothitelle
|drag|p1a: Suicune|Suicune|404\/404
|-damage|p1a: Suicune|354\/404|[from] Stealth Rock
|-ability|p1a: Suicune|Pressure
|
|-heal|p1a: Suicune|379\/404|[from] item: Leftovers
|turn|4
|
|move|p1a: Suicune|Scald|p2a: Empoleon
|-resisted|p2a: Empoleon
|-damage|p2a: Empoleon|327\/371
|move|p2a: Empoleon|Roar|p1a: Suicune
|drag|p1a: Clefable|Clefable, M|394\/394
|-damage|p1a: Clefable|345\/394|[from] Stealth Rock
|
|-heal|p1a: Clefable|369\/394|[from] item: Leftovers
|turn|5
|
|move|p1a: Clefable|Moonblast|p2a: Empoleon
|-resisted|p2a: Empoleon
|-damage|p2a: Empoleon|274\/371
|move|p2a: Empoleon|Roar|p1a: Clefable
|drag|p1a: Scolipede|Scolipede, F|243\/323
|-damage|p1a: Scolipede|163\/323|[from] Stealth Rock
|
|turn|6
|
|move|p1a: Scolipede|Baton Pass|p1a: Scolipede
|
|switch|p1a: Espeon|Espeon, M|334\/334
|-damage|p1a: Espeon|293\/334|[from] Stealth Rock
|move|p2a: Empoleon|Roar|p1a: Espeon
|move|p1a: Espeon|Roar|p2a: Empoleon|[from]Magic Bounce
|drag|p2a: Starmie|Starmie|261\/261
|
|-heal|p1a: Espeon|313\/334|[from] item: Leftovers
|turn|7
|
|switch|p1a: Suicune|Suicune|379\/404
|-damage|p1a: Suicune|329\/404|[from] Stealth Rock
|-ability|p1a: Suicune|Pressure
|move|p2a: Starmie|Hydro Pump|p1a: Suicune|[miss]
|-miss|p2a: Starmie|p1a: Suicune
|
|-heal|p1a: Suicune|354\/404|[from] item: Leftovers
|turn|8
|
|switch|p2a: Empoleon|Empoleon, F|274\/371
|switch|p1a: Gothitelle|Gothitelle, M|301\/301
|-damage|p1a: Gothitelle|264\/301|[from] Stealth Rock
|
|turn|9
|
|move|p1a: Gothitelle|Thunderbolt|p2a: Empoleon
|-supereffective|p2a: Empoleon
|-damage|p2a: Empoleon|108\/371
|move|p2a: Empoleon|Roar|p1a: Gothitelle
|drag|p1a: Suicune|Suicune|354\/404
|-damage|p1a: Suicune|304\/404|[from] Stealth Rock
|-ability|p1a: Suicune|Pressure
|
|-heal|p1a: Suicune|329\/404|[from] item: Leftovers
|turn|10
|
|move|p1a: Suicune|Scald|p2a: Empoleon
|-crit|p2a: Empoleon
|-resisted|p2a: Empoleon
|-damage|p2a: Empoleon|42\/371
|move|p2a: Empoleon|Roar|p1a: Suicune
|drag|p1a: Gothitelle|Gothitelle, M|264\/301
|-damage|p1a: Gothitelle|227\/301|[from] Stealth Rock
|
|turn|11
|
|move|p1a: Gothitelle|Thunderbolt|p2a: Empoleon
|-supereffective|p2a: Empoleon
|-damage|p2a: Empoleon|0 fnt
|faint|p2a: Empoleon
|
|
|switch|p2a: Tornadus-Therian|Tornadus-Therian, M|301\/301
|turn|12
|
|move|p2a: Tornadus-Therian|Knock Off|p1a: Gothitelle
|-supereffective|p1a: Gothitelle
|-damage|p1a: Gothitelle|9\/301
|-enditem|p1a: Gothitelle|Damp Rock|[from] move: Knock Off|[of] p2a: Tornadus-Therian
|-damage|p2a: Tornadus-Therian|271\/301|[from] item: Life Orb
|move|p1a: Gothitelle|Trick|p2a: Tornadus-Therian
|-activate|p1a: Gothitelle|move: Trick|[of] p2a: Tornadus-Therian
|-item|p1a: Gothitelle|Life Orb|[from] move: Trick
|
|turn|13
|
|move|p2a: Tornadus-Therian|Knock Off|p1a: Gothitelle
|-supereffective|p1a: Gothitelle
|-damage|p1a: Gothitelle|0 fnt
|-enditem|p1a: Gothitelle|Life Orb|[from] move: Knock Off|[of] p2a: Tornadus-Therian
|faint|p1a: Gothitelle
|
|
|switch|p1a: Scolipede|Scolipede, F|163\/323
|-damage|p1a: Scolipede|83\/323|[from] Stealth Rock
|turn|14
|
|move|p1a: Scolipede|Protect|p1a: Scolipede
|-singleturn|p1a: Scolipede|Protect
|move|p2a: Tornadus-Therian|Taunt|p1a: Scolipede
|-activate|p1a: Scolipede|Protect
|
|-boost|p1a: Scolipede|spe|1|[from] ability: Speed Boost
|turn|15
|
|move|p1a: Scolipede|Substitute|p1a: Scolipede
|-start|p1a: Scolipede|Substitute
|-damage|p1a: Scolipede|3\/323
|move|p2a: Tornadus-Therian|Knock Off|p1a: Scolipede
|-end|p1a: Scolipede|Substitute
|
|-boost|p1a: Scolipede|spe|1|[from] ability: Speed Boost
|turn|16
|
|move|p1a: Scolipede|Baton Pass|p1a: Scolipede
|
|switch|p1a: Suicune|Suicune|329\/404
|-damage|p1a: Suicune|279\/404|[from] Stealth Rock
|-ability|p1a: Suicune|Pressure
|move|p2a: Tornadus-Therian|Knock Off|p1a: Suicune
|-damage|p1a: Suicune|230\/404
|-enditem|p1a: Suicune|Leftovers|[from] move: Knock Off|[of] p2a: Tornadus-Therian
|
|turn|17
|
|switch|p2a: Politoed|Politoed, M|383\/383
|-weather|RainDance
|move|p1a: Suicune|Calm Mind|p1a: Suicune
|-boost|p1a: Suicune|spa|1
|-boost|p1a: Suicune|spd|1
|
|-weather|RainDance|[upkeep]
|turn|18
|
|move|p1a: Suicune|Scald|p2a: Politoed
|-resisted|p2a: Politoed
|-damage|p2a: Politoed|308\/383
|move|p2a: Politoed|Encore|p1a: Suicune
|-start|p1a: Suicune|Encore
|
|-weather|RainDance|[upkeep]
|turn|19
|
|switch|p2a: Starmie|Starmie|261\/261
|move|p1a: Suicune|Scald|p2a: Starmie
|-resisted|p2a: Starmie
|-damage|p2a: Starmie|149\/261
|
|-weather|RainDance|[upkeep]
|turn|20
|
|move|p1a: Suicune|Scald|p2a: Starmie
|-resisted|p2a: Starmie
|-damage|p2a: Starmie|35\/261
|-status|p2a: Starmie|brn
|move|p2a: Starmie|Thunder|p1a: Suicune
|-supereffective|p1a: Suicune
|-damage|p1a: Suicune|6\/404
|-damage|p2a: Starmie|9\/261 brn|[from] item: Life Orb
|
|-weather|RainDance|[upkeep]
|-damage|p2a: Starmie|0 fnt|[from] brn
|faint|p2a: Starmie
|
|switch|p2a: Politoed|Politoed, M|308\/383
|turn|21
|
|move|p1a: Suicune|Scald|p2a: Politoed
|-crit|p2a: Politoed
|-resisted|p2a: Politoed
|-damage|p2a: Politoed|205\/383
|-status|p2a: Politoed|brn
|move|p2a: Politoed|Scald|p1a: Suicune
|-resisted|p1a: Suicune
|-damage|p1a: Suicune|0 fnt
|faint|p1a: Suicune
|
|-weather|RainDance|[upkeep]
|-damage|p2a: Politoed|158\/383 brn|[from] brn
|
|switch|p1a: Espeon|Espeon, M|313\/334
|-damage|p1a: Espeon|272\/334|[from] Stealth Rock
|turn|22
|
|switch|p2a: Swampert|Swampert, M|341\/341
|move|p1a: Espeon|Calm Mind|p1a: Espeon
|-boost|p1a: Espeon|spa|1
|-boost|p1a: Espeon|spd|1
|
|-weather|RainDance|[upkeep]
|-heal|p1a: Espeon|292\/334|[from] item: Leftovers
|turn|23
|
|detailschange|p2a: Swampert|Swampert-Mega, M
|message|Swampert has Mega Evolved into Mega Swampert!
|move|p1a: Espeon|Morning Sun|p1a: Espeon
|-heal|p1a: Espeon|334\/334
|move|p2a: Swampert|Waterfall|p1a: Espeon
|-damage|p1a: Espeon|84\/334
|
|-weather|RainDance|[upkeep]
|-heal|p1a: Espeon|104\/334|[from] item: Leftovers
|turn|24
|c|âWin Conditioner|fuck
|
|switch|p1a: Scolipede|Scolipede, F|3\/323
|-damage|p1a: Scolipede|0 fnt|[from] Stealth Rock
|faint|p1a: Scolipede
|move|p2a: Swampert|Waterfall|p1: Scolipede|[notarget]
|-notarget
|
|-weather|none
|-message|Win Conditioner forfeited.
|
|win|helkijin
|raw|Ladder updating...
|leave|Win Conditioner
|player|p1
|raw|Win Conditioner's rating: 1613 &rarr; <strong>1592<\/strong><br \/>(-21 for losing)
|raw|helkijin's rating: 1605 &rarr; <strong>1626<\/strong><br \/>(+21 for winning)