|join|janzino
|join|Win Conditioner
|player|p1|janzino|169
|player|p2|Win Conditioner|264
|gametype|singles
|gen|6
|tier|OU
|rated
|clearpoke
|poke|p1|Clefable, M
|poke|p1|Tangrowth, F
|poke|p1|Rotom-Wash
|poke|p1|Gengar, F
|poke|p1|Bisharp, F
|poke|p1|Gallade, M
|poke|p2|Breloom, F
|poke|p2|Metagross
|poke|p2|Keldeo
|poke|p2|Landorus-Therian, M
|poke|p2|Magnezone
|poke|p2|Talonflame, M
|rule|Swagger Clause: Swagger is banned
|rule|Baton Pass Clause: Limit one PokÃ©mon knowing Baton Pass
|rule|Sleep Clause Mod: Limit one foe put to sleep
|rule|Species Clause: Limit one of each PokÃ©mon
|rule|OHKO Clause: OHKO moves are banned
|rule|Moody Clause: Moody is banned
|rule|Evasion Moves Clause: Evasion moves are banned
|rule|Endless Battle Clause: Forcing endless battles is banned
|rule|HP Percentage Mod: HP is shown in percentages
|teampreview
|join|mistaken
|
|start
|switch|p1a: Tangrowth|Tangrowth, F|404\/404
|switch|p2a: Breloom|Breloom, F|262\/262
|turn|1
|
|switch|p2a: Talonflame|Talonflame, M|312\/312
|move|p1a: Tangrowth|Knock Off|p2a: Talonflame
|-damage|p2a: Talonflame|234\/312
|-enditem|p2a: Talonflame|Leftovers|[from] move: Knock Off|[of] p1a: Tangrowth
|
|turn|2
|
|switch|p1a: Rotom-Wash|Rotom-Wash|304\/304
|move|p2a: Talonflame|Will-O-Wisp|p1a: Rotom-Wash
|-status|p1a: Rotom-Wash|brn
|
|-damage|p1a: Rotom-Wash|266\/304 brn|[from] brn
|turn|3
|
|move|p2a: Talonflame|Roost|p2a: Talonflame
|-heal|p2a: Talonflame|312\/312
|move|p1a: Rotom-Wash|Hydro Pump|p2a: Talonflame
|-supereffective|p2a: Talonflame
|-damage|p2a: Talonflame|0 fnt
|faint|p2a: Talonflame
|
|-damage|p1a: Rotom-Wash|228\/304 brn|[from] brn
|c|âWin Conditioner|..
|
|switch|p2a: Breloom|Breloom, F|262\/262
|turn|4
|
|switch|p2a: Magnezone|Magnezone|282\/282
|switch|p1a: Tangrowth|Tangrowth, F|404\/404
|
|turn|5
|
|move|p2a: Magnezone|Hidden Power|p1a: Tangrowth
|-supereffective|p1a: Tangrowth
|-damage|p1a: Tangrowth|294\/404
|move|p1a: Tangrowth|Earthquake|p2a: Magnezone
|-supereffective|p2a: Magnezone
|-damage|p2a: Magnezone|0 fnt
|faint|p2a: Magnezone
|
|
|switch|p2a: Metagross|Metagross|302\/302
|turn|6
|c|âWin Conditioner|why do i even try
|c|âjanzino|:( don't put yourself down man, things will get better
|
|switch|p1a: Rotom-Wash|Rotom-Wash|228\/304 brn
|detailschange|p2a: Metagross|Metagross-Mega
|message|Metagross has Mega Evolved into Mega Metagross!
|move|p2a: Metagross|Meteor Mash|p1a: Rotom-Wash
|-resisted|p1a: Rotom-Wash
|-damage|p1a: Rotom-Wash|190\/304 brn
|
|-damage|p1a: Rotom-Wash|152\/304 brn|[from] brn
|turn|7
|
|move|p2a: Metagross|Earthquake|p1a: Rotom-Wash
|-immune|p1a: Rotom-Wash|[msg]
|move|p1a: Rotom-Wash|Rest|p1a: Rotom-Wash
|-status|p1a: Rotom-Wash|slp
|-heal|p1a: Rotom-Wash|304\/304 slp|[silent]
|-status|p1a: Rotom-Wash|slp|[from] move: Rest
|-enditem|p1a: Rotom-Wash|Chesto Berry|[eat]
|-curestatus|p1a: Rotom-Wash|slp
|
|turn|8
|c| mistaken|lmfao
|c|âWin Conditioner|misclick
|
|move|p2a: Metagross|Zen Headbutt|p1a: Rotom-Wash|[miss]
|-miss|p2a: Metagross|p1a: Rotom-Wash
|move|p1a: Rotom-Wash|Will-O-Wisp|p2a: Metagross
|-status|p2a: Metagross|brn
|
|-damage|p2a: Metagross|265\/302 brn|[from] brn
|turn|9
|c|âWin Conditioner|jvo
|c|âWin Conditioner|dlskajf;oje
|c|âWin Conditioner|GOF IUCKJ;I
|c|âWin Conditioner|GODIAS; IORUEOWE
|c|âWin Conditioner|DSJDOIFJR83
|c|âWin Conditioner|IFJ;ODJSIOYWHIY WHYJWHWIWY
|c|âWin Conditioner|BS
|c|âWin Conditioner|BS
|c|âWin Conditioner|BSJ'BS
|c|âWin Conditioner|S
|c|âWin Conditioner|SB
|c|âWin Conditioner|SBS
|c|âWin Conditioner|S
|c|âWin Conditioner|SB
|c|âWin Conditioner|B
|c|âWin Conditioner|S
|c|âWin Conditioner|B
|c|âWin Conditioner|BS
|c|âWin Conditioner|WWS
|c|âWin Conditioner|DS
|c|âWin Conditioner|DSG
|c|âWin Conditioner|Ehttp:\/\/replay.pokemonshowdown.com\/ou-193643728
|c|âWin Conditioner|DSFSD
|c|âWin Conditioner|EF
|
|move|p2a: Metagross|Ice Punch|p1a: Rotom-Wash
|-resisted|p1a: Rotom-Wash
|-damage|p1a: Rotom-Wash|281\/304
|move|p1a: Rotom-Wash|Volt Switch|p2a: Metagross
|-damage|p2a: Metagross|178\/302 brn
|c|âjanzino|why were you so ready with that replay
|
|switch|p1a: Gengar|Gengar, F|261\/261
|
|-damage|p2a: Metagross|141\/302 brn|[from] brn
|turn|10
|c|âWin Conditioner|http:\/\/replay.pokemonshowdown.com\/ou-193643728
|c|âWin Conditioner|http:\/\/replay.pokemonshowdown.com\/ou-193643728
|c|âWin Conditioner|http:\/\/replay.pokemonshowdown.com\/ou-193643728
|
|move|p1a: Gengar|Shadow Ball|p2a: Metagross
|-supereffective|p2a: Metagross
|-damage|p2a: Metagross|0 fnt
|faint|p2a: Metagross
|
|
|switch|p2a: Landorus-Therian|Landorus-Therian, M|320\/320
|-ability|p2a: Landorus-Therian|Intimidate|[of] p1a: Gengar
|-unboost|p1a: Gengar|atk|1
|turn|11
|leave|mistaken
|
|move|p1a: Gengar|Shadow Ball|p2a: Landorus-Therian
|-damage|p2a: Landorus-Therian|140\/320
|move|p2a: Landorus-Therian|U-turn|p1a: Gengar
|-crit|p1a: Gengar
|-resisted|p1a: Gengar
|-damage|p1a: Gengar|213\/261
|
|switch|p2a: Keldeo|Keldeo|322\/322
|
|turn|12
|
|move|p1a: Gengar|Shadow Ball|p2a: Keldeo
|-damage|p2a: Keldeo|162\/322
|move|p2a: Keldeo|Hidden Power|p1a: Gengar
|-damage|p1a: Gengar|73\/261
|
|turn|13
|
|move|p1a: Gengar|Shadow Ball|p2a: Keldeo
|-damage|p2a: Keldeo|0 fnt
|faint|p2a: Keldeo
|
|c|âWin Conditioner|shit battler
|-message|Win Conditioner forfeited.
|
|win|janzino
|raw|Ladder updating...
|leave|Win Conditioner
|player|p2
|raw|janzino's rating: 1363 &rarr; <strong>1383<\/strong><br \/>(+20 for winning)
|raw|Win Conditioner's rating: 1360 &rarr; <strong>1340<\/strong><br \/>(-20 for losing)
|c|âjanzino|okay
|c|âjanzino|why are people on this website the meanest people ever