|join|Grass City
|join|Win Conditioner
|player|p1|Grass City|226
|player|p2|Win Conditioner|264
|gametype|singles
|gen|6
|tier|OU
|rated
|clearpoke
|poke|p1|Charizard, M
|poke|p1|Conkeldurr, M
|poke|p1|Sylveon, F
|poke|p1|Bisharp, F
|poke|p1|Espeon, M
|poke|p1|Thundurus, M
|poke|p2|Bisharp, F
|poke|p2|Venusaur, F
|poke|p2|Heatran, M
|poke|p2|Keldeo
|poke|p2|Chansey, F
|poke|p2|Skarmory, F
|rule|Swagger Clause: Swagger is banned
|rule|Baton Pass Clause: Limit one PokÃ©mon knowing Baton Pass
|rule|Sleep Clause Mod: Limit one foe put to sleep
|rule|Species Clause: Limit one of each PokÃ©mon
|rule|OHKO Clause: OHKO moves are banned
|rule|Moody Clause: Moody is banned
|rule|Evasion Moves Clause: Evasion moves are banned
|rule|Endless Battle Clause: Forcing endless battles is banned
|rule|HP Percentage Mod: HP is shown in percentages
|teampreview
|c|âWin Conditioner|hi
|
|start
|switch|p1a: Espeon|Espeon, M|272\/272
|switch|p2a: Heatran|Heatran, M|386\/386
|-item|p2a: Heatran|Air Balloon
|turn|1
|
|move|p1a: Espeon|Calm Mind|p1a: Espeon
|-boost|p1a: Espeon|spa|1
|-boost|p1a: Espeon|spd|1
|move|p2a: Heatran|Fire Blast|p1a: Espeon
|-damage|p1a: Espeon|164\/272
|
|-heal|p1a: Espeon|181\/272|[from] item: Leftovers
|turn|2
|c|âGrass City|hi
|c|âWin Conditioner|nice rank
|
|switch|p2a: Bisharp|Bisharp, F|324\/324
|move|p1a: Espeon|Shadow Ball|p2a: Bisharp
|-resisted|p2a: Bisharp
|-damage|p2a: Bisharp|234\/324
|
|-heal|p1a: Espeon|198\/272|[from] item: Leftovers
|-heal|p2a: Bisharp|254\/324|[from] item: Leftovers
|turn|3
|
|switch|p1a: Sylveon|Sylveon, F|394\/394
|move|p2a: Bisharp|Sucker Punch|p1a: Sylveon
|-fail|p1a: Sylveon
|
|-heal|p2a: Bisharp|274\/324|[from] item: Leftovers
|turn|4
|c|âGrass City|lol thanks
|
|switch|p2a: Heatran|Heatran, M|386\/386
|-item|p2a: Heatran|Air Balloon
|move|p1a: Sylveon|Hyper Voice|p2a: Heatran
|-resisted|p2a: Heatran
|-damage|p2a: Heatran|337\/386
|-enditem|p2a: Heatran|Air Balloon
|
|turn|5
|
|switch|p1a: Conkeldurr|Conkeldurr, M|414\/414
|move|p2a: Heatran|Fire Blast|p1a: Conkeldurr
|-damage|p1a: Conkeldurr|168\/414
|
|-status|p1a: Conkeldurr|brn|[from] item: Flame Orb
|turn|6
|
|switch|p2a: Venusaur|Venusaur, F|364\/364
|move|p1a: Conkeldurr|Mach Punch|p2a: Venusaur
|-resisted|p2a: Venusaur
|-damage|p2a: Venusaur|310\/364
|
|-damage|p1a: Conkeldurr|117\/414 brn|[from] brn
|turn|7
|
|detailschange|p2a: Venusaur|Venusaur-Mega, F
|message|Venusaur has Mega Evolved into Mega Venusaur!
|move|p2a: Venusaur|Giga Drain|p1a: Conkeldurr
|-damage|p1a: Conkeldurr|0 fnt
|-heal|p2a: Venusaur|364\/364|[from] drain|[of] p1a: Conkeldurr
|faint|p1a: Conkeldurr
|
|
|switch|p1a: Espeon|Espeon, M|198\/272
|turn|8
|c|âWin Conditioner|do you have a smogon account?
|
|switch|p2a: Bisharp|Bisharp, F|274\/324
|move|p1a: Espeon|Shadow Ball|p2a: Bisharp
|-resisted|p2a: Bisharp
|-damage|p2a: Bisharp|208\/324
|
|-heal|p1a: Espeon|215\/272|[from] item: Leftovers
|-heal|p2a: Bisharp|228\/324|[from] item: Leftovers
|turn|9
|c|âGrass City|no
|c|âWin Conditioner|make one
|c|âWin Conditioner|why not?
|c|âGrass City|why?
|c|âWin Conditioner|why not?
|c|âGrass City|i never use smogon
|c|âGrass City|bulpedia
|c|âWin Conditioner|it's a good website
|c|âWin Conditioner|bulbapedia is more for the games
|
|switch|p1a: Charizard|Charizard, M|298\/298
|move|p2a: Bisharp|Knock Off|p1a: Charizard
|-damage|p1a: Charizard|133\/298
|
|-heal|p2a: Bisharp|248\/324|[from] item: Leftovers
|turn|10
|
|detailschange|p1a: Charizard|Charizard-Mega-Y, M
|message|Charizard has Mega Evolved into Mega Charizard!
|-weather|SunnyDay
|move|p2a: Bisharp|Sucker Punch|p1a: Charizard
|-damage|p1a: Charizard|0 fnt
|faint|p1a: Charizard
|
|-weather|SunnyDay|[upkeep]
|-heal|p2a: Bisharp|268\/324|[from] item: Leftovers
|c|âGrass City|hmm this is over
|
|switch|p1a: Sylveon|Sylveon, F|394\/394
|turn|11
|
|move|p2a: Bisharp|Iron Head|p1a: Sylveon
|-crit|p1a: Sylveon
|-supereffective|p1a: Sylveon
|-damage|p1a: Sylveon|0 fnt
|faint|p1a: Sylveon
|
|-weather|SunnyDay|[upkeep]
|-heal|p2a: Bisharp|288\/324|[from] item: Leftovers
|
|switch|p1a: Bisharp|Bisharp, F|272\/272
|turn|12
|c|âWin Conditioner|sorry for the crit!
|
|switch|p2a: Heatran|Heatran, M|337\/386
|move|p1a: Bisharp|Swords Dance|p1a: Bisharp
|-boost|p1a: Bisharp|atk|2
|
|-weather|SunnyDay|[upkeep]
|turn|13
|
|move|p1a: Bisharp|Sucker Punch|p2a: Heatran
|-damage|p2a: Heatran|13\/386
|-damage|p1a: Bisharp|245\/272|[from] item: Life Orb
|move|p2a: Heatran|Fire Blast|p1a: Bisharp
|-supereffective|p1a: Bisharp
|-damage|p1a: Bisharp|0 fnt
|faint|p1a: Bisharp
|
|-weather|SunnyDay|[upkeep]
|
|switch|p1a: Espeon|Espeon, M|215\/272
|turn|14
|
|move|p1a: Espeon|Shadow Ball|p2a: Heatran
|-damage|p2a: Heatran|0 fnt
|faint|p2a: Heatran
|
|-weather|none
|-heal|p1a: Espeon|232\/272|[from] item: Leftovers
|
|switch|p2a: Bisharp|Bisharp, F|288\/324
|turn|15
|
|switch|p1a: Thundurus|Thundurus, M|299\/299
|move|p2a: Bisharp|Knock Off|p1a: Thundurus
|-damage|p1a: Thundurus|41\/299
|-enditem|p1a: Thundurus|Life Orb|[from] move: Knock Off|[of] p2a: Bisharp
|
|-heal|p2a: Bisharp|308\/324|[from] item: Leftovers
|turn|16
|
|switch|p2a: Venusaur|Venusaur-Mega, F|364\/364
|move|p1a: Thundurus|Discharge|p2a: Venusaur
|-resisted|p2a: Venusaur
|-damage|p2a: Venusaur|305\/364
|
|turn|17
|
|move|p1a: Thundurus|Hidden Power|p2a: Venusaur
|-supereffective|p2a: Venusaur
|-damage|p2a: Venusaur|241\/364
|move|p2a: Venusaur|Giga Drain|p1a: Thundurus
|-resisted|p1a: Thundurus
|-damage|p1a: Thundurus|0 fnt
|-heal|p2a: Venusaur|262\/364|[from] drain|[of] p1a: Thundurus
|faint|p1a: Thundurus
|
|
|switch|p1a: Espeon|Espeon, M|232\/272
|turn|18
|
|switch|p2a: Bisharp|Bisharp, F|308\/324
|move|p1a: Espeon|Psyshock|p2a: Bisharp
|-immune|p2a: Bisharp|[msg]
|
|-heal|p1a: Espeon|249\/272|[from] item: Leftovers
|-heal|p2a: Bisharp|324\/324|[from] item: Leftovers
|turn|19
|c|âWin Conditioner|gg man
|c|âGrass City|well gg
|c|âWin Conditioner|:)
|c|âGrass City|ill check out smogon
|c|âWin Conditioner|great site
|
|move|p1a: Espeon|Shadow Ball|p2a: Bisharp
|-resisted|p2a: Bisharp
|-damage|p2a: Bisharp|258\/324
|move|p2a: Bisharp|Knock Off|p1a: Espeon
|-supereffective|p1a: Espeon
|-damage|p1a: Espeon|0 fnt
|-enditem|p1a: Espeon|Leftovers|[from] move: Knock Off|[of] p2a: Bisharp
|faint|p1a: Espeon
|
|win|Win Conditioner
|raw|Ladder updating...