|join|Flarebot
|join|Win Conditioner
|player|p1|Flarebot|218
|player|p2|Win Conditioner|1
|gametype|singles
|gen|6
|tier|OU
|rated
|clearpoke
|poke|p1|Metagross
|poke|p1|Keldeo-Resolute
|poke|p1|Heatran, F
|poke|p1|Landorus-Therian, M
|poke|p1|Celebi
|poke|p1|Gengar, M
|poke|p2|Metagross
|poke|p2|Keldeo
|poke|p2|Rotom-Wash
|poke|p2|Slowbro, F
|poke|p2|Tyranitar, F
|poke|p2|Excadrill, M
|rule|Swagger Clause: Swagger is banned
|rule|Baton Pass Clause: Limit one PokÃ©mon knowing Baton Pass
|rule|Sleep Clause Mod: Limit one foe put to sleep
|rule|Species Clause: Limit one of each PokÃ©mon
|rule|OHKO Clause: OHKO moves are banned
|rule|Moody Clause: Moody is banned
|rule|Evasion Moves Clause: Evasion moves are banned
|rule|Endless Battle Clause: Forcing endless battles is banned
|rule|HP Percentage Mod: HP is shown in percentages
|teampreview
|leave|Win Conditioner
|player|p2
|join|Win Conditioner
|join|Mistaken
|leave|Mistaken
|player|p2|Win Conditioner|1
|teampreview
|
|start
|switch|p1a: Landorus-Therian|Landorus-Therian, M|327\/327
|switch|p2a: Keldeo|Keldeo|323\/323
|-ability|p1a: Landorus-Therian|Intimidate|[of] p2a: Keldeo
|-unboost|p2a: Keldeo|atk|1
|turn|1
|join|Mistaken
|
|switch|p1a: Celebi|Celebi|404\/404
|move|p2a: Keldeo|Scald|p1a: Celebi
|-resisted|p1a: Celebi
|-damage|p1a: Celebi|344\/404
|
|-heal|p1a: Celebi|369\/404|[from] item: Leftovers
|turn|2
|
|move|p2a: Keldeo|Scald|p1a: Celebi
|-resisted|p1a: Celebi
|-damage|p1a: Celebi|306\/404
|move|p1a: Celebi|Nasty Plot|p1a: Celebi
|-boost|p1a: Celebi|spa|2
|
|-heal|p1a: Celebi|331\/404|[from] item: Leftovers
|turn|3
|leave|Win Conditioner
|
|move|p2a: Keldeo|Scald|p1a: Celebi
|-resisted|p1a: Celebi
|-damage|p1a: Celebi|276\/404
|move|p1a: Celebi|Baton Pass|p1a: Celebi
|player|p2
|join|Win Conditioner
|c|âFlarebot|u ok bro?
|player|p2|Win Conditioner|1
|c|âWin Conditioner|fuck you
|c|âFlarebot|..?
|
|switch|p1a: Keldeo-Resolute|Keldeo-Resolute|322\/322
|
|turn|4
|c| Mistaken|zenzo ill brb
|c| Mistaken|in like brb
|c|âWin Conditioner|ok
|
|move|p2a: Keldeo|Scald|p1a: Keldeo-Resolute
|-resisted|p1a: Keldeo-Resolute
|-damage|p1a: Keldeo-Resolute|245\/322
|move|p1a: Keldeo-Resolute|Scald|p2a: Keldeo
|-resisted|p2a: Keldeo
|-damage|p2a: Keldeo|82\/323
|
|turn|5
|
|move|p2a: Keldeo|Scald|p1a: Keldeo-Resolute
|-crit|p1a: Keldeo-Resolute
|-resisted|p1a: Keldeo-Resolute
|-damage|p1a: Keldeo-Resolute|131\/322
|move|p1a: Keldeo-Resolute|Scald|p2a: Keldeo
|-resisted|p2a: Keldeo
|-damage|p2a: Keldeo|0 fnt
|faint|p2a: Keldeo
|
|c|âFlarebot|ugh
|c|âFlarebot|that crit >.<
|
|switch|p2a: Slowbro|Slowbro, F|394\/394
|turn|6
|c|âWin Conditioner|will-i-am2
|
|move|p1a: Keldeo-Resolute|Scald|p2a: Slowbro
|-resisted|p2a: Slowbro
|-damage|p2a: Slowbro|127\/394
|-status|p2a: Slowbro|brn
|move|p2a: Slowbro|Psyshock|p1a: Keldeo-Resolute
|-supereffective|p1a: Keldeo-Resolute
|-damage|p1a: Keldeo-Resolute|0 fnt
|faint|p1a: Keldeo-Resolute
|
|-heal|p2a: Slowbro|151\/394 brn|[from] item: Leftovers
|-damage|p2a: Slowbro|102\/394 brn|[from] brn
|
|switch|p1a: Metagross|Metagross|302\/302
|turn|7
|
|detailschange|p1a: Metagross|Metagross-Mega
|-mega|p1a: Metagross|Metagross|Metagrossite
|move|p1a: Metagross|Pursuit|p2a: Slowbro|[from]Pursuit
|-supereffective|p2a: Slowbro
|-damage|p2a: Slowbro|0 fnt
|faint|p2a: Slowbro
|
|
|switch|p2a: Rotom-Wash|Rotom-Wash|304\/304
|turn|8
|
|switch|p1a: Heatran|Heatran, F|386\/386
|switch|p2a: Tyranitar|Tyranitar, F|403\/403
|-weather|Sandstorm
|
|-weather|Sandstorm|[upkeep]
|turn|9
|
|move|p1a: Heatran|Taunt|p2a: Tyranitar
|-start|p2a: Tyranitar|move: Taunt
|cant|p2a: Tyranitar|move: Taunt|Stealth Rock
|
|-weather|Sandstorm|[upkeep]
|turn|10
|
|move|p1a: Heatran|Stealth Rock|p2a: Tyranitar
|-sidestart|p2: Win Conditioner|move: Stealth Rock
|move|p2a: Tyranitar|Pursuit|p1a: Heatran
|-damage|p1a: Heatran|307\/386
|
|-weather|Sandstorm|[upkeep]
|-heal|p1a: Heatran|331\/386|[from] item: Leftovers
|turn|11
|c|âWin Conditioner|what the fuck is this
|
|switch|p1a: Landorus-Therian|Landorus-Therian, M|327\/327
|-ability|p1a: Landorus-Therian|Intimidate|[of] p2a: Tyranitar
|-unboost|p2a: Tyranitar|atk|1
|move|p2a: Tyranitar|Stone Edge|p1a: Landorus-Therian|[miss]
|-miss|p2a: Tyranitar|p1a: Landorus-Therian
|
|-weather|Sandstorm|[upkeep]
|-end|p2a: Tyranitar|move: Taunt
|turn|12
|c|âFlarebot|it's called playing the game ._.
|
|move|p1a: Landorus-Therian|U-turn|p2a: Tyranitar
|-supereffective|p2a: Tyranitar
|-damage|p2a: Tyranitar|245\/403
|c|âWin Conditioner|can you clarify what constitutes playing
|
|switch|p1a: Metagross|Metagross-Mega|302\/302
|move|p2a: Tyranitar|Fire Blast|p1a: Metagross
|-supereffective|p1a: Metagross
|-damage|p1a: Metagross|146\/302
|
|-weather|Sandstorm|[upkeep]
|turn|13
|c|âFlarebot|predicting what your opponent will do to put yourself in a better position :o
|join|Anything Smeargle
|
|switch|p2a: Rotom-Wash|Rotom-Wash|304\/304
|-damage|p2a: Rotom-Wash|266\/304|[from] Stealth Rock
|move|p1a: Metagross|Meteor Mash|p2a: Rotom-Wash|[miss]
|-miss|p1a: Metagross|p2a: Rotom-Wash
|
|-weather|Sandstorm|[upkeep]
|-damage|p2a: Rotom-Wash|247\/304|[from] Sandstorm
|-heal|p2a: Rotom-Wash|266\/304|[from] item: Leftovers
|turn|14
|c|âFlarebot|lol or getting haxed, same thing
|leave|Anything Smeargle
|
|move|p1a: Metagross|Zen Headbutt|p2a: Rotom-Wash
|-damage|p2a: Rotom-Wash|125\/304
|move|p2a: Rotom-Wash|Volt Switch|p1a: Metagross
|-damage|p1a: Metagross|73\/302
|
|switch|p2a: Excadrill|Excadrill, M|361\/361
|-damage|p2a: Excadrill|350\/361|[from] Stealth Rock
|
|-weather|Sandstorm|[upkeep]
|turn|15
|c|âWin Conditioner|nice 50\/50
|c|âWin Conditioner|will you go into lando?
|c|âWin Conditioner|or will you stay in?
|c|âWin Conditioner|now, a smart player would know to preserve metagross
|c|âWin Conditioner|but only a fool would go for earthquake
|c|âWin Conditioner|but you know this
|c|âWin Conditioner|so will you stay in, or switch out?
|
|switch|p1a: Heatran|Heatran, F|331\/386
|move|p2a: Excadrill|Earthquake|p1a: Heatran
|-supereffective|p1a: Heatran
|-damage|p1a: Heatran|0 fnt
|-damage|p2a: Excadrill|314\/361|[from] item: Life Orb
|faint|p1a: Heatran
|
|-weather|none
|c|âFlarebot|i will sack the team member i need least :]
|
|switch|p1a: Metagross|Metagross-Mega|73\/302
|turn|16
|
|switch|p2a: Tyranitar|Tyranitar, F|245\/403
|-damage|p2a: Tyranitar|195\/403|[from] Stealth Rock
|-weather|Sandstorm
|move|p1a: Metagross|Earthquake|p2a: Tyranitar
|-supereffective|p2a: Tyranitar
|-damage|p2a: Tyranitar|0 fnt
|faint|p2a: Tyranitar
|
|-weather|Sandstorm|[upkeep]
|
|switch|p2a: Excadrill|Excadrill, M|314\/361
|-damage|p2a: Excadrill|303\/361|[from] Stealth Rock
|turn|17
|
|switch|p1a: Gengar|Gengar, M|261\/261
|move|p2a: Excadrill|Iron Head|p1a: Gengar
|-damage|p1a: Gengar|0 fnt
|-damage|p2a: Excadrill|267\/361|[from] item: Life Orb
|faint|p1a: Gengar
|
|-weather|Sandstorm|[upkeep]
|
|switch|p1a: Landorus-Therian|Landorus-Therian, M|327\/327
|-ability|p1a: Landorus-Therian|Intimidate|[of] p2a: Excadrill
|-unboost|p2a: Excadrill|atk|1
|turn|18
|
|move|p2a: Excadrill|Iron Head|p1a: Landorus-Therian
|-damage|p1a: Landorus-Therian|162\/327
|-damage|p2a: Excadrill|231\/361|[from] item: Life Orb
|move|p1a: Landorus-Therian|U-turn|p2a: Excadrill
|-resisted|p2a: Excadrill
|-damage|p2a: Excadrill|164\/361
|
|switch|p1a: Celebi|Celebi|276\/404
|
|-weather|Sandstorm|[upkeep]
|-damage|p1a: Celebi|251\/404|[from] Sandstorm
|-heal|p1a: Celebi|276\/404|[from] item: Leftovers
|turn|19
|c|âFlarebot|well played :o
|c|âWin Conditioner|predicting has put me in a better position
|
|move|p2a: Excadrill|Iron Head|p1a: Celebi
|-damage|p1a: Celebi|147\/404
|-damage|p2a: Excadrill|128\/361|[from] item: Life Orb
|move|p1a: Celebi|Psychic|p2a: Excadrill
|-resisted|p2a: Excadrill
|-damage|p2a: Excadrill|56\/361
|-unboost|p2a: Excadrill|spd|1
|
|-weather|Sandstorm|[upkeep]
|-damage|p1a: Celebi|122\/404|[from] Sandstorm
|-heal|p1a: Celebi|147\/404|[from] item: Leftovers
|turn|20
|
|move|p2a: Excadrill|Iron Head|p1a: Celebi
|-damage|p1a: Celebi|14\/404
|-damage|p2a: Excadrill|20\/361|[from] item: Life Orb
|move|p1a: Celebi|Recover|p1a: Celebi
|-heal|p1a: Celebi|216\/404
|
|-weather|Sandstorm|[upkeep]
|-damage|p1a: Celebi|191\/404|[from] Sandstorm
|-heal|p1a: Celebi|216\/404|[from] item: Leftovers
|turn|21
|c|âWin Conditioner|unfortunately luck is not on my side
|
|move|p2a: Excadrill|Iron Head|p1a: Celebi
|-damage|p1a: Celebi|94\/404
|-damage|p2a: Excadrill|0 fnt|[from] item: Life Orb
|faint|p2a: Excadrill
|move|p1a: Celebi|Baton Pass|p1a: Celebi
|c|âFlarebot|ye :[
|c|âWin Conditioner|and i fail to get one crit
|
|switch|p1a: Metagross|Metagross-Mega|73\/302
|
|-weather|Sandstorm|[upkeep]
|c|âWin Conditioner|or flinch
|
|switch|p2a: Metagross|Metagross|301\/301
|-damage|p2a: Metagross|283\/301|[from] Stealth Rock
|turn|22
|
|detailschange|p2a: Metagross|Metagross-Mega
|-mega|p2a: Metagross|Metagross|Metagrossite
|move|p1a: Metagross|Earthquake|p2a: Metagross
|-supereffective|p2a: Metagross
|-damage|p2a: Metagross|107\/301
|move|p2a: Metagross|Meteor Mash|p1a: Metagross
|-crit|p1a: Metagross
|-resisted|p1a: Metagross
|-damage|p1a: Metagross|0 fnt
|faint|p1a: Metagross
|
|-weather|Sandstorm|[upkeep]
|c|âWin Conditioner|fear not for you still win
|
|switch|p1a: Landorus-Therian|Landorus-Therian, M|162\/327
|-ability|p1a: Landorus-Therian|Intimidate|[of] p2a: Metagross
|-unboost|p2a: Metagross|atk|1
|turn|23
|
|switch|p2a: Rotom-Wash|Rotom-Wash|125\/304
|-damage|p2a: Rotom-Wash|87\/304|[from] Stealth Rock
|move|p1a: Landorus-Therian|Earthquake|p2a: Rotom-Wash
|-immune|p2a: Rotom-Wash|[msg]
|
|-weather|none
|-heal|p2a: Rotom-Wash|106\/304|[from] item: Leftovers
|turn|24
|c|âFlarebot|yep i have lost x.x
|c|âWin Conditioner|no
|c|âFlarebot|i don't run knock off on lando
|c|âFlarebot|rip me
|
|switch|p1a: Celebi|Celebi|94\/404
|move|p2a: Rotom-Wash|Volt Switch|p1a: Celebi
|-resisted|p1a: Celebi
|-damage|p1a: Celebi|55\/404
|
|switch|p2a: Metagross|Metagross-Mega|107\/301
|-damage|p2a: Metagross|89\/301|[from] Stealth Rock
|
|-heal|p1a: Celebi|80\/404|[from] item: Leftovers
|turn|25
|c|âWin Conditioner|its a bluff..
|c|âWin Conditioner|hey maybe i miss here.
|c|âFlarebot|i wouldn't bluff that...
|
|move|p2a: Metagross|Meteor Mash|p1a: Celebi
|-damage|p1a: Celebi|0 fnt
|-boost|p2a: Metagross|atk|1
|faint|p1a: Celebi
|
|
|switch|p1a: Landorus-Therian|Landorus-Therian, M|162\/327
|-ability|p1a: Landorus-Therian|Intimidate|[of] p2a: Metagross
|-unboost|p2a: Metagross|atk|1
|turn|26
|
|move|p1a: Landorus-Therian|U-turn|p2a: Metagross
|-damage|p2a: Metagross|26\/301
|move|p2a: Metagross|Meteor Mash|p1a: Landorus-Therian
|-damage|p1a: Landorus-Therian|0 fnt
|faint|p1a: Landorus-Therian
|
|win|Win Conditioner
|raw|Ladder updating...
|c|âFlarebot|gg dude! :]
|c|âWin Conditioner|gg
|c|âFlarebot|very fun and intense game