|join|Win Conditioner
|join|MaryLa
|player|p1|Win Conditioner|266
|player|p2|MaryLa|289
|gametype|singles
|gen|6
|tier|OU
|rated
|clearpoke
|poke|p1|Slowbro, F
|poke|p1|Keldeo
|poke|p1|Mandibuzz, F
|poke|p1|Gothitelle, F
|poke|p1|Clefable, F
|poke|p1|Landorus-Therian, M
|poke|p2|Altaria, F
|poke|p2|Talonflame, M
|poke|p2|Mamoswine, M
|poke|p2|Chansey, F
|poke|p2|Rotom-Wash
|poke|p2|Skarmory, M
|rule|Swagger Clause: Swagger is banned
|rule|Baton Pass Clause: Limit one PokÃ©mon knowing Baton Pass
|rule|Sleep Clause Mod: Limit one foe put to sleep
|rule|Species Clause: Limit one of each PokÃ©mon
|rule|OHKO Clause: OHKO moves are banned
|rule|Moody Clause: Moody is banned
|rule|Evasion Moves Clause: Evasion moves are banned
|rule|Endless Battle Clause: Forcing endless battles is banned
|rule|HP Percentage Mod: HP is shown in percentages
|teampreview
|join|Mistaken
|
|start
|switch|p1a: Slowbro|Slowbro, F|393\/393
|switch|p2a: Soap.avi|Rotom-Wash|303\/303
|turn|1
|
|switch|p1a: Clefable|Clefable, F|394\/394
|move|p2a: Soap.avi|Volt Switch|p1a: Clefable
|-damage|p1a: Clefable|322\/394
|
|switch|p2a: ManBearPig|Mamoswine, M|423\/423
|
|-heal|p1a: Clefable|346\/394|[from] item: Leftovers
|turn|2
|join|SafeORAS
|
|move|p2a: ManBearPig|Stealth Rock|p1a: Clefable
|-sidestart|p1: Win Conditioner|move: Stealth Rock
|move|p1a: Clefable|Moonblast|p2a: ManBearPig
|-damage|p2a: ManBearPig|264\/423
|
|-heal|p1a: Clefable|370\/394|[from] item: Leftovers
|turn|3
|
|move|p2a: ManBearPig|Earthquake|p1a: Clefable
|-crit|p1a: Clefable
|-damage|p1a: Clefable|52\/394
|move|p1a: Clefable|Soft-Boiled|p1a: Clefable
|-heal|p1a: Clefable|249\/394
|
|-heal|p1a: Clefable|273\/394|[from] item: Leftovers
|turn|4
|c|âWin Conditioner|predicted
|c|âMaryLa|xD
|c| Mistaken|lol
|
|switch|p1a: Slowbro|Slowbro, F|393\/393
|-damage|p1a: Slowbro|344\/393|[from] Stealth Rock
|move|p2a: ManBearPig|Earthquake|p1a: Slowbro
|-damage|p1a: Slowbro|223\/393
|
|turn|5
|
|switch|p2a: Soap.avi|Rotom-Wash|303\/303
|move|p1a: Slowbro|Slack Off|p1a: Slowbro
|-heal|p1a: Slowbro|393\/393
|
|turn|6
|
|detailschange|p1a: Slowbro|Slowbro-Mega, F
|-mega|p1a: Slowbro|Slowbro|Slowbronite
|move|p2a: Soap.avi|Volt Switch|p1a: Slowbro
|-supereffective|p1a: Slowbro
|-damage|p1a: Slowbro|169\/393
|
|switch|p2a: Fluffy|Altaria, F|354\/354
|move|p1a: Slowbro|Slack Off|p1a: Slowbro
|-heal|p1a: Slowbro|366\/393
|
|turn|7
|leave|SafeORAS
|
|switch|p1a: Landorus-Therian|Landorus-Therian, M|382\/382
|-damage|p1a: Landorus-Therian|335\/382|[from] Stealth Rock
|-ability|p1a: Landorus-Therian|Intimidate|[of] p2a: Fluffy
|-unboost|p2a: Fluffy|atk|1
|detailschange|p2a: Fluffy|Altaria-Mega, F
|-mega|p2a: Fluffy|Altaria|Altarianite
|move|p2a: Fluffy|Hyper Voice|p1a: Landorus-Therian
|-damage|p1a: Landorus-Therian|83\/382
|
|-heal|p1a: Landorus-Therian|106\/382|[from] item: Leftovers
|turn|8
|
|move|p1a: Landorus-Therian|Stealth Rock|p2a: Fluffy
|-sidestart|p2: MaryLa|move: Stealth Rock
|move|p2a: Fluffy|Hyper Voice|p1a: Landorus-Therian
|-damage|p1a: Landorus-Therian|0 fnt
|faint|p1a: Landorus-Therian
|
|
|switch|p1a: Clefable|Clefable, F|273\/394
|turn|9
|
|move|p2a: Fluffy|Hyper Voice|p1a: Clefable
|-damage|p1a: Clefable|81\/394
|move|p1a: Clefable|Soft-Boiled|p1a: Clefable
|-heal|p1a: Clefable|278\/394
|
|-heal|p1a: Clefable|302\/394|[from] item: Leftovers
|turn|10
|
|move|p2a: Fluffy|Hyper Voice|p1a: Clefable
|-damage|p1a: Clefable|109\/394
|move|p1a: Clefable|Thunder Wave|p2a: Fluffy
|-status|p2a: Fluffy|par
|
|-heal|p1a: Clefable|133\/394|[from] item: Leftovers
|turn|11
|join|Biz
|
|move|p1a: Clefable|Soft-Boiled|p1a: Clefable
|-heal|p1a: Clefable|330\/394
|move|p2a: Fluffy|Heal Bell|p2a: Fluffy
|-cureteam|p2a: Fluffy|[from] move: HealBell
|
|-heal|p1a: Clefable|354\/394|[from] item: Leftovers
|turn|12
|raw|<div class="broadcast-red"><b>Moderated chat was set to +!<\/b><br \/>Only users of rank + and higher can talk.<\/div>
Win Conditioner made this room hidden.
Win Conditioner turned on modjoin.
|
|switch|p2a: Excalibird|Skarmory, M|333\/333
|-damage|p2a: Excalibird|292\/333|[from] Stealth Rock
|move|p1a: Clefable|Calm Mind|p1a: Clefable
|-boost|p1a: Clefable|spa|1
|-boost|p1a: Clefable|spd|1
|
|-heal|p1a: Clefable|378\/394|[from] item: Leftovers
|turn|13
|
|move|p2a: Excalibird|Defog|p1a: Clefable
|-unboost|p1a: Clefable|evasion|1
|-sideend|p1: Win Conditioner|Stealth Rock|[from] move: Defog|[of] p1a: Clefable
|-sideend|p2: MaryLa|Stealth Rock|[from] move: Defog|[of] p2a: Excalibird
|move|p1a: Clefable|Moonblast|p2a: Excalibird
|-resisted|p2a: Excalibird
|-damage|p2a: Excalibird|187\/333
|
|-heal|p1a: Clefable|394\/394|[from] item: Leftovers
|turn|14
|
|move|p2a: Excalibird|Drill Peck|p1a: Clefable
|-damage|p1a: Clefable|306\/394
|move|p1a: Clefable|Calm Mind|p1a: Clefable
|-boost|p1a: Clefable|spa|1
|-boost|p1a: Clefable|spd|1
|
|-heal|p1a: Clefable|330\/394|[from] item: Leftovers
|turn|15
|
|switch|p2a: Yuuya|Talonflame, M|297\/297
|move|p1a: Clefable|Moonblast|p2a: Yuuya
|-resisted|p2a: Yuuya
|-damage|p2a: Yuuya|141\/297
|-unboost|p2a: Yuuya|spa|1
|
|-heal|p1a: Clefable|354\/394|[from] item: Leftovers
|turn|16
|
|move|p2a: Yuuya|Brave Bird|p1a: Clefable
|-damage|p1a: Clefable|168\/394
|-damage|p2a: Yuuya|80\/297|[from] recoil|[of] p1a: Clefable
|move|p1a: Clefable|Soft-Boiled|p1a: Clefable
|-heal|p1a: Clefable|365\/394
|
|-heal|p1a: Clefable|389\/394|[from] item: Leftovers
|turn|17
|
|move|p2a: Yuuya|Brave Bird|p1a: Clefable
|-damage|p1a: Clefable|196\/394
|-damage|p2a: Yuuya|16\/297|[from] recoil|[of] p1a: Clefable
|-enditem|p2a: Yuuya|Apicot Berry|[eat]
|-boost|p2a: Yuuya|spd|1|[from] item: Apicot Berry
|move|p1a: Clefable|Soft-Boiled|p1a: Clefable
|-heal|p1a: Clefable|393\/394
|
|-heal|p1a: Clefable|394\/394|[from] item: Leftovers
|turn|18
|
|move|p2a: Yuuya|Swords Dance|p2a: Yuuya
|-boost|p2a: Yuuya|atk|2
|move|p1a: Clefable|Moonblast|p2a: Yuuya
|-resisted|p2a: Yuuya
|-damage|p2a: Yuuya|0 fnt
|faint|p2a: Yuuya
|
|c|âMaryLa|AOJIDHWUIFZGBOSJKADNUDOI
|c|âMaryLa|*sigh*
|-message|MaryLa forfeited.
|leave|MaryLa
|
|win|Win Conditioner
|raw|Ladder updating...
|raw|Win Conditioner's rating: 1613 &rarr; <strong>1624<\/strong><br \/>(+11 for winning)
|raw|MaryLa's rating: 1443 &rarr; <strong>1432<\/strong><br \/>(-11 for losing)
|player|p2