|join|Azkul
|join|Sac Riz
|player|p1|Azkul|54
|player|p2|Sac Riz|101
|gametype|singles
|gen|6
|tier|UU
|rule|Sleep Clause Mod: Limit one foe put to sleep
|rule|Species Clause: Limit one of each PokÃ©mon
|rule|OHKO Clause: OHKO moves are banned
|rule|Moody Clause: Moody is banned
|rule|Evasion Moves Clause: Evasion moves are banned
|rule|Endless Battle Clause: Forcing endless battles is banned
|rule|HP Percentage Mod: HP is shown in percentages
|clearpoke
|poke|p1|Aromatisse, M
|poke|p1|Swampert, M
|poke|p1|Chandelure, F
|poke|p1|Krookodile, M
|poke|p1|Crobat, F
|poke|p1|Ampharos, F
|poke|p2|Absol, M
|poke|p2|Raikou
|poke|p2|Nidoqueen, F
|poke|p2|Mienshao, F
|poke|p2|Whimsicott, M
|poke|p2|Crobat, F
|rule|Swagger Clause: Swagger is banned
|rule|Baton Pass Clause: Limit one PokÃ©mon knowing Baton Pass
|teampreview
|join|Reigg'S
|c|âAzkul|Ok, je vais perdre
|c|âSac Riz|gl hf
|c|âAzkul|u2
|
|start
|switch|p1a: K-Way|Crobat, F|373\/373
|switch|p2a: Whimsicott|Whimsicott, M|262\/262
|turn|1
|c|âAzkul|En plus tu connais ma team apr oeur
|c|âAzkul|*par
|
|switch|p2a: Raikou|Raikou|322\/322
|-ability|p2a: Raikou|Pressure
|move|p1a: K-Way|Brave Bird|p2a: Raikou
|-resisted|p2a: Raikou
|-damage|p2a: Raikou|227\/322
|-damage|p1a: K-Way|342\/373|[from] recoil|[of] p2a: Raikou
|
|-heal|p1a: K-Way|365\/373|[from] item: Black Sludge
|turn|2
|c|âSac Riz|Je joue une peluche
|c|âSac Riz|^:
|c|âAzkul|les peluches c'est le bien
|c|âAzkul|!dex altaria
|c|~|\/data-pokemon Altaria

|c|âSac Riz|ui
|
|switch|p1a: Batterie de poche|Ampharos, F|384\/384
|move|p2a: Raikou|Extrasensory|p1a: Batterie de poche
|-damage|p1a: Batterie de poche|287\/384
|
|turn|3
|
|switch|p1a: Desespoir|Chandelure, F|261\/261
|move|p2a: Raikou|Volt Switch|p1a: Desespoir
|-damage|p1a: Desespoir|137\/261
|c|âAzkul|je me fail en beautÃ©
|
|switch|p2a: Mienshao|Mienshao, F|271\/271
|
|-heal|p1a: Desespoir|153\/261|[from] item: Leftovers
|turn|4
|
|switch|p1a: La Loutre|Swampert, M|404\/404
|move|p2a: Mienshao|U-turn|p1a: La Loutre
|-damage|p1a: La Loutre|335\/404
|
|switch|p2a: Whimsicott|Whimsicott, M|262\/262
|
|-heal|p1a: La Loutre|360\/404|[from] item: Leftovers
|turn|5
|c|âAzkul|C'est Scythe qui t'a incitÃ© Ã  le jouer ?
|c|âSac Riz|Nop
|
|switch|p1a: K-Way|Crobat, F|365\/373
|move|p2a: Whimsicott|Energy Ball|p1a: K-Way
|-resisted|p1a: K-Way
|-damage|p1a: K-Way|313\/373
|
|-heal|p1a: K-Way|336\/373|[from] item: Black Sludge
|turn|6
|c|âSac Riz|J'ai build tout seul comme un grand 
|c|âSac Riz|^:
|c|âAzkul|:>
|
|switch|p2a: Raikou|Raikou|227\/322
|-ability|p2a: Raikou|Pressure
|move|p1a: K-Way|U-turn|p2a: Raikou
|-damage|p2a: Raikou|159\/322
|
|switch|p1a: Krookodile|Krookodile, M|332\/332
|
|turn|7
|c|âAzkul|je fear
|
|move|p1a: Krookodile|Pursuit|p2a: Raikou
|-damage|p2a: Raikou|78\/322
|move|p2a: Raikou|Hidden Power|p1a: Krookodile
|-supereffective|p1a: Krookodile
|-damage|p1a: Krookodile|158\/332
|
|turn|8
|c|âAzkul|Comme d'hab, j'ai fail :<
|c|âSac Riz|ez
|
|move|p1a: Krookodile|Pursuit|p2a: Raikou
|-crit|p2a: Raikou
|-damage|p2a: Raikou|0 fnt
|faint|p2a: Raikou
|-boost|p1a: Krookodile|atk|1|[from] ability: Moxie
|
|c|âSac Riz|Nan
|c|âSac Riz|J'ai juste randplay
|c|âAzkul|t noob
|c|âSac Riz|Je pensais mÃªme pas que tu ferais Ã§a
|c|âSac Riz|^:
|c|âAzkul|j'ai remplacÃ© superpower par pursuit
|
|switch|p2a: Mienshao|Mienshao, F|271\/271
|turn|9
|c|âAzkul|et je regrette pas
|
|switch|p1a: K-Way|Crobat, F|336\/373
|move|p2a: Mienshao|U-turn|p1a: K-Way
|-resisted|p1a: K-Way
|-damage|p1a: K-Way|314\/373
|
|switch|p2a: Nidoqueen|Nidoqueen, F|384\/384
|
|-heal|p1a: K-Way|337\/373|[from] item: Black Sludge
|turn|10
|
|switch|p1a: La Loutre|Swampert, M|360\/404
|move|p2a: Nidoqueen|Stealth Rock|p1a: La Loutre
|-sidestart|p1: Azkul|move: Stealth Rock
|
|-heal|p1a: La Loutre|385\/404|[from] item: Leftovers
|turn|11
|
|move|p2a: Nidoqueen|Earth Power|p1a: La Loutre
|-crit|p1a: La Loutre
|-damage|p1a: La Loutre|65\/404
|move|p1a: La Loutre|Scald|p2a: Nidoqueen
|-supereffective|p2a: Nidoqueen
|-damage|p2a: Nidoqueen|84\/384
|
|-heal|p1a: La Loutre|90\/404|[from] item: Leftovers
|turn|12
|
|move|p2a: Nidoqueen|Ice Beam|p1a: La Loutre
|-damage|p1a: La Loutre|0 fnt
|faint|p1a: La Loutre
|
|
|switch|p1a: Krookodile|Krookodile, M|158\/332
|-damage|p1a: Krookodile|138\/332|[from] Stealth Rock
|turn|13
|
|move|p1a: Krookodile|Knock Off|p2a: Nidoqueen
|-damage|p2a: Nidoqueen|0 fnt
|-enditem|p2a: Nidoqueen|Life Orb|[from] move: Knock Off|[of] p1a: Krookodile
|faint|p2a: Nidoqueen
|-boost|p1a: Krookodile|atk|1|[from] ability: Moxie
|
|
|switch|p2a: Mienshao|Mienshao, F|271\/271
|turn|14
|
|move|p2a: Mienshao|U-turn|p1a: Krookodile
|-supereffective|p1a: Krookodile
|-damage|p1a: Krookodile|0 fnt
|faint|p1a: Krookodile
|
|switch|p2a: Whimsicott|Whimsicott, M|262\/262
|
|c|âAzkul|Ã§a va mal pour moi
|
|switch|p1a: K-Way|Crobat, F|337\/373
|-damage|p1a: K-Way|244\/373|[from] Stealth Rock
|turn|15
|c|âSac Riz|Pour moi aussi
|c|âSac Riz|'-'
|c|âAzkul|ah mais
|c|âAzkul|Crobat se fait tout le monde en fait
|c|âSac Riz|ben
|c|âAzkul|si j'anticipe bien
|c|âSac Riz|oui
|c|âSac Riz|C'est le problÃ¨me, lÃ 
|c|âSac Riz|'-'
|
|switch|p2a: Crobat|Crobat, F|373\/373
|move|p1a: K-Way|Brave Bird|p2a: Crobat
|-damage|p2a: Crobat|201\/373
|-damage|p1a: K-Way|187\/373|[from] recoil|[of] p2a: Crobat
|
|-heal|p2a: Crobat|224\/373|[from] item: Black Sludge
|-heal|p1a: K-Way|210\/373|[from] item: Black Sludge
|turn|16
|c|âAzkul|mais en fait non
|
|move|p1a: K-Way|Defog|p2a: Crobat
|-unboost|p2a: Crobat|evasion|1
|-sideend|p1: Azkul|Stealth Rock|[from] move: Defog|[of] p1a: K-Way
|move|p2a: Crobat|Brave Bird|p1a: K-Way
|-crit|p1a: K-Way
|-damage|p1a: K-Way|0 fnt
|-damage|p2a: Crobat|155\/373|[from] recoil|[of] p1a: K-Way
|faint|p1a: K-Way
|
|-heal|p2a: Crobat|178\/373|[from] item: Black Sludge
|c|âAzkul|j'ai pas roost
|c|âAzkul|C'Ã©tait perdu d'avance
|c|âSac Riz|so riz
|
|switch|p1a: Batterie de poche|Ampharos, F|287\/384
|turn|17
|c|âAzkul|Mais je peux encore gagner
|c|âAzkul|si je me dbrouille bien
|
|detailschange|p1a: Batterie de poche|Ampharos-Mega, F
|message|Ampharos has Mega Evolved into Mega Ampharos!
|-ability|p1a: Batterie de poche|Mold Breaker
|move|p2a: Crobat|Brave Bird|p1a: Batterie de poche
|-resisted|p1a: Batterie de poche
|-damage|p1a: Batterie de poche|223\/384
|-damage|p2a: Crobat|157\/373|[from] recoil|[of] p1a: Batterie de poche
|move|p1a: Batterie de poche|Volt Switch|p2a: Crobat
|-supereffective|p2a: Crobat
|-damage|p2a: Crobat|0 fnt
|faint|p2a: Crobat
|c|âAzkul|*dÃ©
|c|âSac Riz|ui
|
|switch|p1a: Mme Aroma|Aromatisse, M|406\/406
|
|
|switch|p2a: Whimsicott|Whimsicott, M|262\/262
|turn|18
|
|move|p2a: Whimsicott|Moonblast|p1a: Mme Aroma
|-damage|p1a: Mme Aroma|270\/406
|move|p1a: Mme Aroma|Wish|p1a: Mme Aroma
|
|-heal|p1a: Mme Aroma|295\/406|[from] item: Leftovers
|turn|19
|
|move|p2a: Whimsicott|Moonblast|p1a: Mme Aroma
|-damage|p1a: Mme Aroma|150\/406
|move|p1a: Mme Aroma|Moonblast|p2a: Whimsicott
|-damage|p2a: Whimsicott|133\/262
|
|-heal|p1a: Mme Aroma|353\/406|[from] move: Wish|[wisher] Mme Aroma
|-heal|p1a: Mme Aroma|378\/406|[from] item: Leftovers
|turn|20
|c|âSac Riz|t'es spÃ©def
|c|âSac Riz|Oo
|
|move|p2a: Whimsicott|Moonblast|p1a: Mme Aroma
|-damage|p1a: Mme Aroma|242\/406
|-unboost|p1a: Mme Aroma|spa|1
|move|p1a: Mme Aroma|Wish|p1a: Mme Aroma
|
|-heal|p1a: Mme Aroma|267\/406|[from] item: Leftovers
|turn|21
|c|âAzkul|avec le subseeder
|c|âAzkul|j'en aurais chiÃ©
|c|âAzkul|bawi
|
|switch|p2a: Mienshao|Mienshao, F|271\/271
|move|p1a: Mme Aroma|Moonblast|p2a: Mienshao
|-supereffective|p2a: Mienshao
|-damage|p2a: Mienshao|43\/271
|-unboost|p2a: Mienshao|spa|1
|
|-heal|p1a: Mme Aroma|406\/406|[from] move: Wish|[wisher] Mme Aroma
|turn|22
|
|move|p2a: Mienshao|High Jump Kick|p1a: Mme Aroma
|-resisted|p1a: Mme Aroma
|-damage|p1a: Mme Aroma|258\/406
|move|p1a: Mme Aroma|Moonblast|p2a: Mienshao
|-supereffective|p2a: Mienshao
|-damage|p2a: Mienshao|0 fnt
|faint|p2a: Mienshao
|
|-heal|p1a: Mme Aroma|283\/406|[from] item: Leftovers
|
|switch|p2a: Whimsicott|Whimsicott, M|133\/262
|turn|23
|c|âAzkul|mon tank physique c'est la loutre
|
|move|p2a: Whimsicott|Switcheroo|p1a: Mme Aroma
|-activate|p2a: Whimsicott|move: Trick|[of] p1a: Mme Aroma
|-item|p1a: Mme Aroma|Choice Specs|[from] Trick
|-item|p2a: Whimsicott|Leftovers|[from] Trick
|move|p1a: Mme Aroma|Wish|p1a: Mme Aroma
|
|-heal|p2a: Whimsicott|149\/262|[from] item: Leftovers
|turn|24
|c|âAzkul|genr
|c|âAzkul|c'est perdide
|c|âSac Riz|^:
|c|âAzkul|*perfide
|
|switch|p1a: Desespoir|Chandelure, F|153\/261
|move|p2a: Whimsicott|U-turn|p1a: Desespoir
|-resisted|p1a: Desespoir
|-damage|p1a: Desespoir|144\/261
|
|switch|p2a: Absol|Absol, M|271\/271
|
|-heal|p1a: Desespoir|261\/261|[from] move: Wish|[wisher] Mme Aroma
|turn|25
|c|âAzkul|bgbgbg le wish
|c|âAzkul|bgbgbgbg le sp
|
|detailschange|p2a: Absol|Absol-Mega, M
|message|Absol has Mega Evolved into Mega Absol!
|move|p2a: Absol|Knock Off|p1a: Desespoir
|-supereffective|p1a: Desespoir
|-damage|p1a: Desespoir|0 fnt
|-enditem|p1a: Desespoir|Leftovers|[from] move: Knock Off|[of] p2a: Absol
|faint|p1a: Desespoir
|
|c|âSac Riz|nop
|c|âAzkul|ou le ko
|c|âAzkul|de tte faÃ§on tu m'outspeed
|c|âAzkul|:'(
|
|switch|p1a: Batterie de poche|Ampharos-Mega, F|223\/384
|-ability|p1a: Batterie de poche|Mold Breaker
|turn|26
|c|âSac Riz|si je miss
|
|move|p2a: Absol|Play Rough|p1a: Batterie de poche
|-supereffective|p1a: Batterie de poche
|-damage|p1a: Batterie de poche|0 fnt
|faint|p1a: Batterie de poche
|
|c|âSac Riz|J'ai tout perdu
|
|switch|p1a: Mme Aroma|Aromatisse, M|283\/406
|turn|27
|c|âSac Riz|Ah Ã§a va
|c|âAzkul|:<<<<<<
|
|move|p2a: Absol|Play Rough|p1a: Mme Aroma
|-damage|p1a: Mme Aroma|126\/406
|move|p1a: Mme Aroma|Moonblast|p2a: Absol
|-supereffective|p2a: Absol
|-damage|p2a: Absol|0 fnt
|faint|p2a: Absol
|
|c|âAzkul|je peux le faire
|c|âAzkul|allez
|
|switch|p2a: Whimsicott|Whimsicott, M|149\/262
|turn|28
|c|âAzkul|allez
|c|âAzkul|ALLEZ
|
|move|p2a: Whimsicott|Moonblast|p1a: Mme Aroma
|-damage|p1a: Mme Aroma|32\/406
|move|p1a: Mme Aroma|Moonblast|p2a: Whimsicott
|-damage|p2a: Whimsicott|0 fnt
|faint|p2a: Whimsicott
|
|win|Azkul
|c|âAzkul|OUI
|c|âSac Riz|omg
|c|âSac Riz|u_u
|c|âAzkul|merci de m'avoir refilÃ© le specs btw
|c|âAzkul|sans Ã§a
|c|âAzkul|j'aurais pas rÃ©ussi
|c|âAzkul|:')