|join|Sac Riz
|join|lupusgirl
|player|p1|Sac Riz|2
|player|p2|lupusgirl|169
|gametype|singles
|gen|6
|tier|UU
|rated
|rule|Sleep Clause Mod: Limit one foe put to sleep
|rule|Species Clause: Limit one of each PokÃ©mon
|rule|OHKO Clause: OHKO moves are banned
|rule|Moody Clause: Moody is banned
|rule|Evasion Moves Clause: Evasion moves are banned
|rule|Endless Battle Clause: Forcing endless battles is banned
|rule|HP Percentage Mod: HP is shown in percentages
|clearpoke
|poke|p1|Absol, M
|poke|p1|Nidoqueen, F
|poke|p1|Chandelure, M
|poke|p1|Vaporeon, M
|poke|p1|Togekiss, F
|poke|p1|Haxorus, F
|poke|p2|Alakazam, M
|poke|p2|Blissey, F
|poke|p2|Aggron, M
|poke|p2|Alomomola, M
|poke|p2|Donphan, M
|poke|p2|Flygon, F
|rule|Swagger Clause: Swagger is banned
|rule|Baton Pass Clause: Limit one PokÃ©mon knowing Baton Pass
|teampreview
|
|start
|switch|p1a: Nidoqueen|Nidoqueen, F|384\/384
|switch|p2a: DJI Phantom|Flygon, F|301\/301
|turn|1
|
|move|p2a: DJI Phantom|U-turn|p1a: Nidoqueen
|-resisted|p1a: Nidoqueen
|-damage|p1a: Nidoqueen|342\/384
|
|switch|p2a: Meduka Meguca|Blissey, F|652\/652
|move|p1a: Nidoqueen|Stealth Rock|p2a: Meduka Meguca
|-sidestart|p2: lupusgirl|move: Stealth Rock
|
|turn|2
|
|move|p1a: Nidoqueen|Earth Power|p2a: Meduka Meguca
|-damage|p2a: Meduka Meguca|516\/652
|move|p2a: Meduka Meguca|Toxic|p1a: Nidoqueen
|-fail|p1a: Nidoqueen
|
|-heal|p2a: Meduka Meguca|556\/652|[from] item: Leftovers
|turn|3
|
|switch|p1a: Chandelure|Chandelure, M|262\/262
|move|p2a: Meduka Meguca|Toxic|p1a: Chandelure
|-status|p1a: Chandelure|tox
|
|-heal|p2a: Meduka Meguca|596\/652|[from] item: Leftovers
|-damage|p1a: Chandelure|246\/262 tox|[from] psn
|turn|4
|
|switch|p1a: Vaporeon|Vaporeon, M|464\/464
|move|p2a: Meduka Meguca|Soft-Boiled|p2a: Meduka Meguca
|-heal|p2a: Meduka Meguca|652\/652
|
|turn|5
|
|switch|p2a: Aggro Berlin|Aggron, M|344\/344
|-damage|p2a: Aggro Berlin|323\/344|[from] Stealth Rock
|move|p1a: Vaporeon|Heal Bell|p1a: Vaporeon
|-cureteam|p1a: Vaporeon|[from] move: HealBell
|
|turn|6
|
|detailschange|p2a: Aggro Berlin|Aggron-Mega, M
|message|Aggron has Mega Evolved into Mega Aggron!
|move|p1a: Vaporeon|Scald|p2a: Aggro Berlin
|-damage|p2a: Aggro Berlin|203\/344
|-status|p2a: Aggro Berlin|brn
|move|p2a: Aggro Berlin|Stealth Rock|p1a: Vaporeon
|-sidestart|p1: Sac Riz|move: Stealth Rock
|
|-damage|p2a: Aggro Berlin|160\/344 brn|[from] brn
|turn|7
|
|switch|p2a: Meduka Meguca|Blissey, F|652\/652
|-damage|p2a: Meduka Meguca|571\/652|[from] Stealth Rock
|move|p1a: Vaporeon|Scald|p2a: Meduka Meguca
|-damage|p2a: Meduka Meguca|507\/652
|
|-heal|p2a: Meduka Meguca|547\/652|[from] item: Leftovers
|turn|8
|
|move|p1a: Vaporeon|Protect|p1a: Vaporeon
|-singleturn|p1a: Vaporeon|Protect
|move|p2a: Meduka Meguca|Aromatherapy|p2a: Meduka Meguca
|-cureteam|p2a: Meduka Meguca|[from] move: Aromatherapy
|
|-heal|p2a: Meduka Meguca|587\/652|[from] item: Leftovers
|turn|9
|
|switch|p1a: Togekiss|Togekiss, F|374\/374
|-damage|p1a: Togekiss|281\/374|[from] Stealth Rock
|switch|p2a: <3|Alomomola, M|534\/534
|-damage|p2a: <3|468\/534|[from] Stealth Rock
|
|-heal|p1a: Togekiss|304\/374|[from] item: Leftovers
|-heal|p2a: <3|501\/534|[from] item: Leftovers
|turn|10
|
|move|p1a: Togekiss|Defog|p2a: <3
|-unboost|p2a: <3|evasion|1
|-sideend|p2: lupusgirl|Stealth Rock|[from] move: Defog|[of] p2a: <3
|-sideend|p1: Sac Riz|Stealth Rock|[from] move: Defog|[of] p1a: Togekiss
|move|p2a: <3|Wish|p2a: <3
|
|-heal|p1a: Togekiss|327\/374|[from] item: Leftovers
|-heal|p2a: <3|534\/534|[from] item: Leftovers
|turn|11
|
|switch|p1a: Chandelure|Chandelure, M|246\/262
|switch|p2a: Aggro Berlin|Aggron-Mega, M|160\/344
|
|-heal|p2a: Aggro Berlin|344\/344|[from] move: Wish|[wisher] <3
|-heal|p1a: Chandelure|262\/262|[from] item: Leftovers
|turn|12
|
|switch|p1a: Vaporeon|Vaporeon, M|464\/464
|switch|p2a: Meduka Meguca|Blissey, F|587\/652
|
|-heal|p2a: Meduka Meguca|627\/652|[from] item: Leftovers
|turn|13
|
|switch|p2a: Kazaam|Alakazam, M|252\/252
|move|p1a: Vaporeon|Wish|p1a: Vaporeon
|
|turn|14
|
|switch|p1a: Togekiss|Togekiss, F|327\/374
|move|p2a: Kazaam|Psychic|p1a: Togekiss
|-crit|p1a: Togekiss
|-damage|p1a: Togekiss|176\/374
|
|-heal|p1a: Togekiss|374\/374|[from] move: Wish|[wisher] Vaporeon
|turn|15
|
|switch|p2a: Aggro Berlin|Aggron-Mega, M|344\/344
|move|p1a: Togekiss|Thunder Wave|p2a: Aggro Berlin
|-status|p2a: Aggro Berlin|par
|
|turn|16
|
|switch|p1a: Chandelure|Chandelure, M|262\/262
|cant|p2a: Aggro Berlin|par
|
|turn|17
|
|switch|p2a: Donphan|Donphan, M|384\/384
|move|p1a: Chandelure|Substitute|p1a: Chandelure
|-start|p1a: Chandelure|Substitute
|-damage|p1a: Chandelure|197\/262
|
|-heal|p1a: Chandelure|213\/262|[from] item: Leftovers
|turn|18
|
|move|p1a: Chandelure|Shadow Ball|p2a: Donphan
|-damage|p2a: Donphan|225\/384
|move|p2a: Donphan|Knock Off|p1a: Chandelure
|-supereffective|p1a: Chandelure
|-end|p1a: Chandelure|Substitute
|
|-heal|p1a: Chandelure|229\/262|[from] item: Leftovers
|turn|19
|
|switch|p1a: Togekiss|Togekiss, F|374\/374
|move|p2a: Donphan|Earthquake|p1a: Togekiss
|-immune|p1a: Togekiss|[msg]
|
|turn|20
|
|move|p2a: Donphan|Ice Shard|p1a: Togekiss
|-supereffective|p1a: Togekiss
|-damage|p1a: Togekiss|276\/374
|move|p1a: Togekiss|Air Slash|p2a: Donphan
|-damage|p2a: Donphan|120\/384
|
|-heal|p1a: Togekiss|299\/374|[from] item: Leftovers
|turn|21
|
|switch|p2a: Meduka Meguca|Blissey, F|627\/652
|move|p1a: Togekiss|Air Slash|p2a: Meduka Meguca
|-damage|p2a: Meduka Meguca|555\/652
|
|-heal|p1a: Togekiss|322\/374|[from] item: Leftovers
|-heal|p2a: Meduka Meguca|595\/652|[from] item: Leftovers
|turn|22
|
|switch|p1a: Nidoqueen|Nidoqueen, F|342\/384
|switch|p2a: Kazaam|Alakazam, M|252\/252
|
|turn|23
|
|switch|p2a: Meduka Meguca|Blissey, F|595\/652
|switch|p1a: Togekiss|Togekiss, F|322\/374
|
|-heal|p1a: Togekiss|345\/374|[from] item: Leftovers
|-heal|p2a: Meduka Meguca|635\/652|[from] item: Leftovers
|turn|24
|
|switch|p1a: Nidoqueen|Nidoqueen, F|342\/384
|move|p2a: Meduka Meguca|Aromatherapy|p2a: Meduka Meguca
|-cureteam|p2a: Meduka Meguca|[from] move: Aromatherapy
|
|-heal|p2a: Meduka Meguca|652\/652|[from] item: Leftovers
|turn|25
|
|move|p1a: Nidoqueen|Stealth Rock|p2a: Meduka Meguca
|-sidestart|p2: lupusgirl|move: Stealth Rock
|move|p2a: Meduka Meguca|Seismic Toss|p1a: Nidoqueen
|-damage|p1a: Nidoqueen|242\/384
|
|turn|26
|
|switch|p2a: Kazaam|Alakazam, M|252\/252
|move|p1a: Nidoqueen|Sludge Bomb|p2a: Kazaam
|-damage|p2a: Kazaam|52\/252
|
|turn|27
|
|switch|p1a: Togekiss|Togekiss, F|345\/374
|move|p2a: Kazaam|Psychic|p1a: Togekiss
|-damage|p1a: Togekiss|239\/374
|
|-heal|p1a: Togekiss|262\/374|[from] item: Leftovers
|turn|28
|-message|lupusgirl forfeited.
|
|win|Sac Riz
|raw|Ladder updating...
|leave|lupusgirl
|player|p2
|raw|Sac Riz's rating: 1346 &rarr; <strong>1366<\/strong><br \/>(+20 for winning)
|raw|lupusgirl's rating: 1346 &rarr; <strong>1326<\/strong><br \/>(-20 for losing)