|join|Sac Riz
|join|Matatagi Hayato
|player|p1|Sac Riz|102
|player|p2|Matatagi Hayato|262
|gametype|singles
|gen|6
|tier|UU
|rule|Sleep Clause Mod: Limit one foe put to sleep
|rule|Species Clause: Limit one of each PokÃ©mon
|rule|OHKO Clause: OHKO moves are banned
|rule|Moody Clause: Moody is banned
|rule|Evasion Moves Clause: Evasion moves are banned
|rule|Endless Battle Clause: Forcing endless battles is banned
|rule|HP Percentage Mod: HP is shown in percentages
|clearpoke
|poke|p1|Absol, M
|poke|p1|Nidoqueen, F
|poke|p1|Chandelure, M
|poke|p1|Vaporeon, M
|poke|p1|Togekiss, F
|poke|p1|Haxorus, M
|poke|p2|Arcanine, F
|poke|p2|Metagross, shiny
|poke|p2|Togekiss, M, shiny
|poke|p2|Blissey, F, shiny
|poke|p2|Rotom-Heat, shiny
|poke|p2|Cloyster, F, shiny
|rule|Swagger Clause: Swagger is banned
|rule|Baton Pass Clause: Limit one PokÃ©mon knowing Baton Pass
|teampreview
|
|start
|switch|p1a: Nidoqueen|Nidoqueen, F|384\/384
|switch|p2a: Cloyster|Cloyster, F, shiny|241\/241
|turn|1
|c|âMatatagi Hayato|reglons nos compte ;)
|join|Hiro Test
|
|switch|p2a: Blissey|Blissey, F, shiny|713\/713
|switch|p1a: Vaporeon|Vaporeon, M|464\/464
|
|turn|2
|c|âSac Riz|D'accord
|c|âSac Riz|On va bien rire
|
|move|p1a: Vaporeon|Wish|p1a: Vaporeon
|move|p2a: Blissey|Dazzling Gleam|p1a: Vaporeon
|-damage|p1a: Vaporeon|397\/464
|
|-heal|p1a: Vaporeon|426\/464|[from] item: Leftovers
|turn|3
|c|âMatatagi Hayato|x)
|c|âSac Riz|Fais gaffe
|c|âMatatagi Hayato|ta team marche sur console ??
|c|âSac Riz|A ne pas traiter quelqu'un de nul
|c|âSac Riz|Quand tu ne connais pas son niveau
|
|switch|p1a: Chandelure|Chandelure, M|262\/262
|switch|p2a: Metagross|Metagross, shiny|338\/338
|
|turn|4
|c|âMatatagi Hayato|je suis nul. . . sur showdown
|
|move|p1a: Chandelure|Fire Blast|p2a: Metagross
|-supereffective|p2a: Metagross
|-damage|p2a: Metagross|0 fnt
|faint|p2a: Metagross
|
|c|âSac Riz|C'est la mÃªme chose
|
|switch|p2a: Cloyster|Cloyster, F, shiny|241\/241
|turn|5
|c|âSac Riz|C'est du pokÃ©mon aussi sur PS :')
|c|âMatatagi Hayato|oui mais la en anglais en +...
|c|âMatatagi Hayato|je fait les attaque au pif...
|
|move|p1a: Chandelure|Shadow Ball|p2a: Cloyster
|-damage|p2a: Cloyster|0 fnt
|faint|p2a: Cloyster
|
|
|switch|p2a: Togekiss|Togekiss, M, shiny|336\/336
|turn|6
|
|move|p1a: Chandelure|Substitute|p1a: Chandelure
|-start|p1a: Chandelure|Substitute
|-damage|p1a: Chandelure|197\/262
|move|p2a: Togekiss|Thunder Wave|p1a: Chandelure
|
|-heal|p1a: Chandelure|213\/262|[from] item: Leftovers
|turn|7
|
|move|p1a: Chandelure|Calm Mind|p1a: Chandelure
|-boost|p1a: Chandelure|spa|1
|-boost|p1a: Chandelure|spd|1
|move|p2a: Togekiss|Aura Sphere|p1a: Chandelure
|-immune|p1a: Chandelure|[msg]
|
|-heal|p1a: Chandelure|229\/262|[from] item: Leftovers
|turn|8
|
|move|p1a: Chandelure|Calm Mind|p1a: Chandelure
|-boost|p1a: Chandelure|spa|1
|-boost|p1a: Chandelure|spd|1
|move|p2a: Togekiss|Air Slash|p1a: Chandelure
|-activate|p1a: Chandelure|Substitute|[damage]
|
|-heal|p1a: Chandelure|245\/262|[from] item: Leftovers
|turn|9
|
|move|p1a: Chandelure|Calm Mind|p1a: Chandelure
|-boost|p1a: Chandelure|spa|1
|-boost|p1a: Chandelure|spd|1
|move|p2a: Togekiss|Air Slash|p1a: Chandelure
|-end|p1a: Chandelure|Substitute
|
|-heal|p1a: Chandelure|261\/262|[from] item: Leftovers
|turn|10
|
|move|p1a: Chandelure|Substitute|p1a: Chandelure
|-start|p1a: Chandelure|Substitute
|-damage|p1a: Chandelure|196\/262
|move|p2a: Togekiss|Dazzling Gleam|p1a: Chandelure
|-resisted|p1a: Chandelure
|-activate|p1a: Chandelure|Substitute|[damage]
|
|-heal|p1a: Chandelure|212\/262|[from] item: Leftovers
|turn|11
|c|âMatatagi Hayato|pour sa que je t'ai demandÃ© si ta skype
|c|âMatatagi Hayato|pour m'apprendre...
|c|âMatatagi Hayato|a bien jouer en UU
|
|move|p1a: Chandelure|Fire Blast|p2a: Togekiss
|-damage|p2a: Togekiss|0 fnt
|faint|p2a: Togekiss
|
|-heal|p1a: Chandelure|228\/262|[from] item: Leftovers
|c|âSac Riz|Nos comptes sont rÃ©glÃ©s, je pense ~
|
|switch|p2a: Blissey|Blissey, F, shiny|713\/713
|turn|12
|c|âMatatagi Hayato|oui..
|
|move|p1a: Chandelure|Fire Blast|p2a: Blissey
|-damage|p2a: Blissey|325\/713
|move|p2a: Blissey|Shadow Ball|p1a: Chandelure
|-supereffective|p1a: Chandelure
|-end|p1a: Chandelure|Substitute
|
|-heal|p1a: Chandelure|244\/262|[from] item: Leftovers
|-heal|p2a: Blissey|369\/713|[from] item: Leftovers
|turn|13
|
|move|p1a: Chandelure|Fire Blast|p2a: Blissey
|-damage|p2a: Blissey|0 fnt
|faint|p2a: Blissey
|
|-heal|p1a: Chandelure|260\/262|[from] item: Leftovers
|
|switch|p2a: Rotom-Heat|Rotom-Heat, shiny|241\/241
|turn|14
|c|âMatatagi Hayato|BrutalibrÃ© est quel tiers ??
|
|move|p1a: Chandelure|Shadow Ball|p2a: Rotom-Heat
|-damage|p2a: Rotom-Heat|0 fnt
|faint|p2a: Rotom-Heat
|
|-heal|p1a: Chandelure|262\/262|[from] item: Leftovers
|c|âSac Riz|Border Line
|c|âSac Riz|Entre l'OU et l'UU
|c|âMatatagi Hayato|c'est  
|c|âSac Riz|Mais ne peut pas Ãªtre jouÃ© en OU
|c|âSac Riz|UU*
|c|âMatatagi Hayato|je veux qu'il est UU :3
|
|switch|p2a: Arcanine|Arcanine, F|339\/339
|-ability|p2a: Arcanine|Intimidate|[of] p1a: Chandelure
|-unboost|p1a: Chandelure|atk|1
|turn|15
|
|move|p2a: Arcanine|Wild Charge|p1a: Chandelure
|-damage|p1a: Chandelure|172\/262
|-damage|p2a: Arcanine|316\/339|[from] recoil|[of] p1a: Chandelure
|move|p1a: Chandelure|Shadow Ball|p2a: Arcanine
|-damage|p2a: Arcanine|0 fnt
|faint|p2a: Arcanine
|
|win|Sac Riz
|c|âSac Riz|gg
|c|âMatatagi Hayato|GG !
|c|âMatatagi Hayato|skype K?
|c|âMatatagi Hayato|? ou pas x
|c|âMatatagi Hayato|)
|c|âSac Riz|J'ai Skype
|c|âMatatagi Hayato|c'est QUOI ?
|c|âMatatagi Hayato|je veux apprendre ;D
|c|âMatatagi Hayato|avec toi ! sensei
|c|âMatatagi Hayato|:)
|c|âMatatagi Hayato|dl
|c|âMatatagi Hayato|donne ton pseudo please
|c|âMatatagi Hayato|moi => âMatatagi Hayatoâ (fait copier coller)
|c|âMatatagi Hayato|repond :D
|c|âMatatagi Hayato|oo pas..
|c|âMatatagi Hayato|merci de me demander sur skype sensei
|c|âMatatagi Hayato|*vent*
|c|âMatatagi Hayato|bon...
|leave|Matatagi Hayato
|player|p2
|leave|Sac Riz
|player|p1
|join|Sac Riz