|join|symbios60
|join|Sac Riz
|player|p1|symbios60|191
|player|p2|Sac Riz|1
|gametype|singles
|gen|6
|tier|UU
|rule|Sleep Clause Mod: Limit one foe put to sleep
|rule|Species Clause: Limit one of each PokÃ©mon
|rule|OHKO Clause: OHKO moves are banned
|rule|Moody Clause: Moody is banned
|rule|Evasion Moves Clause: Evasion moves are banned
|rule|Endless Battle Clause: Forcing endless battles is banned
|rule|HP Percentage Mod: HP is shown in percentages
|clearpoke
|poke|p1|Infernape, M
|poke|p1|Vaporeon, F
|poke|p1|Flygon, F
|poke|p1|Forretress, M
|poke|p1|Haunter, F
|poke|p1|Shaymin
|poke|p2|Absol, M
|poke|p2|Nidoqueen, F
|poke|p2|Chandelure, M
|poke|p2|Vaporeon, M
|poke|p2|Haxorus, M
|poke|p2|Togetic, M
|rule|Swagger Clause: Swagger is banned
|rule|Baton Pass Clause: Limit one PokÃ©mon knowing Baton Pass
|teampreview
|c|âsymbios60|bonne chance
|c|âSac Riz|Same
|
|start
|switch|p1a: Infernape|Infernape, M|293\/293
|switch|p2a: Requiem|Absol, M|271\/271
|turn|1
|
|switch|p2a: Nidoqueen|Nidoqueen, F|384\/384
|move|p1a: Infernape|U-turn|p2a: Nidoqueen
|-resisted|p2a: Nidoqueen
|-damage|p2a: Nidoqueen|340\/384
|
|switch|p1a: Forretress|Forretress, M|354\/354
|
|turn|2
|
|move|p2a: Nidoqueen|Earth Power|p1a: Forretress
|-damage|p1a: Forretress|56\/354
|move|p1a: Forretress|Spikes|p2a: Nidoqueen
|-sidestart|p2: Sac Riz|Spikes
|
|-heal|p1a: Forretress|78\/354|[from] item: Leftovers
|turn|3
|
|move|p1a: Forretress|Protect|p1a: Forretress
|-singleturn|p1a: Forretress|Protect
|move|p2a: Nidoqueen|Earth Power|p1a: Forretress
|-activate|p1a: Forretress|Protect
|
|-heal|p1a: Forretress|100\/354|[from] item: Leftovers
|turn|4
|
|switch|p1a: Flygon|Flygon, F|301\/301
|move|p2a: Nidoqueen|Ice Beam|p1a: Flygon
|-supereffective|p1a: Flygon
|-damage|p1a: Flygon|0 fnt
|faint|p1a: Flygon
|
|
|switch|p1a: Forretress|Forretress, M|100\/354
|turn|5
|
|move|p1a: Forretress|Protect|p1a: Forretress
|-singleturn|p1a: Forretress|Protect
|move|p2a: Nidoqueen|Earth Power|p1a: Forretress
|-activate|p1a: Forretress|Protect
|
|-heal|p1a: Forretress|122\/354|[from] item: Leftovers
|turn|6
|
|move|p2a: Nidoqueen|Stealth Rock|p1a: Forretress
|-sidestart|p1: symbios60|move: Stealth Rock
|move|p1a: Forretress|Stealth Rock|p2a: Nidoqueen
|-sidestart|p2: Sac Riz|move: Stealth Rock
|
|-heal|p1a: Forretress|144\/354|[from] item: Leftovers
|turn|7
|
|move|p1a: Forretress|Protect|p1a: Forretress
|-singleturn|p1a: Forretress|Protect
|move|p2a: Nidoqueen|Earth Power|p1a: Forretress
|-activate|p1a: Forretress|Protect
|
|-heal|p1a: Forretress|166\/354|[from] item: Leftovers
|turn|8
|
|move|p2a: Nidoqueen|Earth Power|p1a: Forretress
|-damage|p1a: Forretress|0 fnt
|faint|p1a: Forretress
|
|
|switch|p1a: Infernape|Infernape, M|293\/293
|-damage|p1a: Infernape|257\/293|[from] Stealth Rock
|turn|9
|
|move|p1a: Infernape|U-turn|p2a: Nidoqueen
|-resisted|p2a: Nidoqueen
|-damage|p2a: Nidoqueen|298\/384
|
|switch|p1a: Haunter|Haunter, F|232\/232
|-damage|p1a: Haunter|203\/232|[from] Stealth Rock
|move|p2a: Nidoqueen|Earth Power|p1a: Haunter
|-immune|p1a: Haunter|[msg]
|
|turn|10
|
|move|p1a: Haunter|Thunderbolt|p2a: Nidoqueen
|-immune|p2a: Nidoqueen|[msg]
|move|p2a: Nidoqueen|Ice Beam|p1a: Haunter
|-crit|p1a: Haunter
|-damage|p1a: Haunter|0 fnt
|faint|p1a: Haunter
|
|
|switch|p1a: Vaporeon|Vaporeon, F|464\/464
|-damage|p1a: Vaporeon|406\/464|[from] Stealth Rock
|turn|11
|
|switch|p2a: Togetic|Togetic, M|314\/314
|-damage|p2a: Togetic|236\/314|[from] Stealth Rock
|move|p1a: Vaporeon|Aqua Ring|p1a: Vaporeon
|-start|p1a: Vaporeon|Aqua Ring
|
|-heal|p1a: Vaporeon|435\/464|[from] item: Leftovers
|-heal|p1a: Vaporeon|464\/464|[from] Aqua Ring
|turn|12
|
|move|p1a: Vaporeon|Surf|p2a: Togetic
|-damage|p2a: Togetic|181\/314
|move|p2a: Togetic|Defog|p1a: Vaporeon
|-unboost|p1a: Vaporeon|evasion|1
|-sideend|p1: symbios60|Stealth Rock|[from] move: Defog|[of] p1a: Vaporeon
|-sideend|p2: Sac Riz|Spikes|[from] move: Defog|[of] p2a: Togetic
|-sideend|p2: Sac Riz|Stealth Rock|[from] move: Defog|[of] p2a: Togetic
|
|turn|13
|
|switch|p2a: Haxorus|Haxorus, M|294\/294
|-ability|p2a: Haxorus|Mold Breaker
|move|p1a: Vaporeon|Surf|p2a: Haxorus
|-crit|p2a: Haxorus
|-resisted|p2a: Haxorus
|-damage|p2a: Haxorus|179\/294
|
|turn|14
|c|âsymbios60|j'aime tranchodon
|
|move|p1a: Vaporeon|Protect|p1a: Vaporeon
|-singleturn|p1a: Vaporeon|Protect
|move|p2a: Haxorus|Dragon Dance|p2a: Haxorus
|-boost|p2a: Haxorus|atk|1
|-boost|p2a: Haxorus|spe|1
|
|turn|15
|c|âSac Riz|Moi aussi.
|
|move|p2a: Haxorus|Outrage|p1a: Vaporeon
|-damage|p1a: Vaporeon|0 fnt
|-damage|p2a: Haxorus|150\/294|[from] item: Life Orb
|faint|p1a: Vaporeon
|
|
|switch|p1a: Infernape|Infernape, M|257\/293
|turn|16
|
|move|p2a: Haxorus|Outrage|p1a: Infernape
|-crit|p1a: Infernape
|-damage|p1a: Infernape|0 fnt
|-damage|p2a: Haxorus|121\/294|[from] item: Life Orb
|faint|p1a: Infernape
|
|-end|p2a: Haxorus|rampage
|-start|p2a: Haxorus|confusion
|
|switch|p1a: Shaymin|Shaymin|341\/341
|turn|17
|
|-activate|p2a: Haxorus|confusion
|-damage|p2a: Haxorus|1\/294|[from] confusion
|move|p1a: Shaymin|Earth Power|p2a: Haxorus
|-damage|p2a: Haxorus|0 fnt
|-damage|p1a: Shaymin|307\/341|[from] item: Life Orb
|faint|p2a: Haxorus
|
|
|switch|p2a: Chandelure|Chandelure, M|262\/262
|turn|18
|c|âsymbios60|5-1
|c|âSac Riz|Moui
|c|âsymbios60|c'est violent
|c|âSac Riz|Je rate le 6-0
|
|move|p1a: Shaymin|Earth Power|p2a: Chandelure
|-supereffective|p2a: Chandelure
|-damage|p2a: Chandelure|0 fnt
|-damage|p1a: Shaymin|273\/341|[from] item: Life Orb
|faint|p2a: Chandelure
|
|c|âSac Riz|Sur du haxx
|
|switch|p2a: Togetic|Togetic, M|181\/314
|turn|19
|
|move|p1a: Shaymin|Hidden Power|p2a: Togetic
|-supereffective|p2a: Togetic
|-damage|p2a: Togetic|103\/314
|-damage|p1a: Shaymin|239\/341|[from] item: Life Orb
|move|p2a: Togetic|Tri Attack|p1a: Shaymin
|-damage|p1a: Shaymin|181\/341
|-status|p1a: Shaymin|brn
|
|-damage|p1a: Shaymin|139\/341 brn|[from] brn
|turn|20
|
|move|p1a: Shaymin|Seed Flare|p2a: Togetic
|-resisted|p2a: Togetic
|-damage|p2a: Togetic|46\/314
|-unboost|p2a: Togetic|spd|2
|-damage|p1a: Shaymin|105\/341 brn|[from] item: Life Orb
|move|p2a: Togetic|Roost|p2a: Togetic
|-heal|p2a: Togetic|203\/314
|
|-damage|p1a: Shaymin|63\/341 brn|[from] brn
|turn|21
|
|move|p1a: Shaymin|Seed Flare|p2a: Togetic
|-resisted|p2a: Togetic
|-damage|p2a: Togetic|74\/314
|-damage|p1a: Shaymin|29\/341 brn|[from] item: Life Orb
|move|p2a: Togetic|Roost|p2a: Togetic
|-heal|p2a: Togetic|231\/314
|
|-damage|p1a: Shaymin|0 fnt|[from] brn
|faint|p1a: Shaymin
|
|win|Sac Riz
|c|âsymbios60|gg
|c|âSac Riz|gg