|join|Sac Riz
|join|Wateriswet1212
|player|p1|Sac Riz|2
|player|p2|Wateriswet1212|282
|gametype|singles
|gen|6
|tier|UU
|rated
|rule|Sleep Clause Mod: Limit one foe put to sleep
|rule|Species Clause: Limit one of each PokÃ©mon
|rule|OHKO Clause: OHKO moves are banned
|rule|Moody Clause: Moody is banned
|rule|Evasion Moves Clause: Evasion moves are banned
|rule|Endless Battle Clause: Forcing endless battles is banned
|rule|HP Percentage Mod: HP is shown in percentages
|clearpoke
|poke|p1|Absol, M
|poke|p1|Nidoqueen, F
|poke|p1|Chandelure, F
|poke|p1|Vaporeon, F
|poke|p1|Togekiss, F
|poke|p1|Haxorus, F
|poke|p2|Jirachi
|poke|p2|Krookodile, M
|poke|p2|Ampharos, M
|poke|p2|Alakazam, M
|poke|p2|Nidoqueen, F
|poke|p2|Hydreigon, F
|rule|Swagger Clause: Swagger is banned
|rule|Baton Pass Clause: Limit one PokÃ©mon knowing Baton Pass
|teampreview
|
|start
|switch|p1a: Nidoqueen|Nidoqueen, F|384\/384
|switch|p2a: Jirachi|Jirachi|341\/341
|turn|1
|
|move|p2a: Jirachi|Iron Head|p1a: Nidoqueen
|-damage|p1a: Nidoqueen|260\/384
|cant|p1a: Nidoqueen|flinch
|
|turn|2
|
|switch|p2a: Hydreigon|Hydreigon, F|325\/325
|switch|p1a: Vaporeon|Vaporeon, F|464\/464
|
|turn|3
|
|move|p2a: Hydreigon|Draco Meteor|p1a: Vaporeon
|-damage|p1a: Vaporeon|156\/464
|-unboost|p2a: Hydreigon|spa|2
|-damage|p2a: Hydreigon|293\/325|[from] item: Life Orb
|move|p1a: Vaporeon|Wish|p1a: Vaporeon
|
|-heal|p1a: Vaporeon|185\/464|[from] item: Leftovers
|turn|4
|
|switch|p2a: Jirachi|Jirachi|341\/341
|move|p1a: Vaporeon|Protect|p1a: Vaporeon
|-fail|p1a: Vaporeon
|
|-heal|p1a: Vaporeon|417\/464|[from] move: Wish|[wisher] Vaporeon
|-heal|p1a: Vaporeon|446\/464|[from] item: Leftovers
|turn|5
|
|move|p2a: Jirachi|Trick|p1a: Vaporeon
|-activate|p2a: Jirachi|move: Trick|[of] p1a: Vaporeon
|-item|p1a: Vaporeon|Choice Scarf|[from] move: Trick
|-item|p2a: Jirachi|Leftovers|[from] move: Trick
|move|p1a: Vaporeon|Scald|p2a: Jirachi
|-damage|p2a: Jirachi|235\/341
|
|-heal|p2a: Jirachi|256\/341|[from] item: Leftovers
|turn|6
|
|switch|p2a: Hydreigon|Hydreigon, F|293\/325
|move|p1a: Vaporeon|Scald|p2a: Hydreigon
|-resisted|p2a: Hydreigon
|-damage|p2a: Hydreigon|239\/325
|
|turn|7
|
|switch|p2a: Ampharos|Ampharos, M|373\/373
|move|p1a: Vaporeon|Scald|p2a: Ampharos
|-damage|p2a: Ampharos|255\/373
|
|turn|8
|
|detailschange|p2a: Ampharos|Ampharos-Mega, M
|message|Ampharos has Mega Evolved into Mega Ampharos!
|-ability|p2a: Ampharos|Mold Breaker
|move|p1a: Vaporeon|Scald|p2a: Ampharos
|-resisted|p2a: Ampharos
|-damage|p2a: Ampharos|204\/373
|move|p2a: Ampharos|Dragon Pulse|p1a: Vaporeon
|-damage|p1a: Vaporeon|233\/464
|
|turn|9
|
|switch|p1a: Nidoqueen|Nidoqueen, F|260\/384
|move|p2a: Ampharos|Thunderbolt|p1a: Nidoqueen
|-immune|p1a: Nidoqueen|[msg]
|
|turn|10
|
|move|p1a: Nidoqueen|Earth Power|p2a: Ampharos
|-supereffective|p2a: Ampharos
|-damage|p2a: Ampharos|0 fnt
|faint|p2a: Ampharos
|
|
|switch|p2a: Krookodile|Krookodile, M|331\/331
|-ability|p2a: Krookodile|Intimidate|[of] p1a: Nidoqueen
|-unboost|p1a: Nidoqueen|atk|1
|turn|11
|
|move|p2a: Krookodile|Knock Off|p1a: Nidoqueen
|-damage|p1a: Nidoqueen|10\/384
|-enditem|p1a: Nidoqueen|Life Orb|[from] move: Knock Off|[of] p2a: Krookodile
|move|p1a: Nidoqueen|Ice Beam|p2a: Krookodile
|-supereffective|p2a: Krookodile
|-damage|p2a: Krookodile|69\/331
|
|turn|12
|
|move|p2a: Krookodile|Knock Off|p1a: Nidoqueen
|-damage|p1a: Nidoqueen|0 fnt
|faint|p1a: Nidoqueen
|
|
|switch|p1a: Togekiss|Togekiss, F|374\/374
|turn|13
|
|switch|p2a: Nidoqueen|Nidoqueen, F|330\/330
|move|p1a: Togekiss|Thunder Wave|p2a: Nidoqueen
|-immune|p2a: Nidoqueen|[msg]
|
|turn|14
|
|switch|p1a: Vaporeon|Vaporeon, F|233\/464
|move|p2a: Nidoqueen|Sludge Wave|p1a: Vaporeon
|-damage|p1a: Vaporeon|2\/464
|
|turn|15
|c|âWateriswet1212|im so unlucky with the damage rolls
|c|âSac Riz|Sorry :s
|
|switch|p2a: Jirachi|Jirachi|256\/341
|move|p1a: Vaporeon|Scald|p2a: Jirachi
|-damage|p2a: Jirachi|163\/341
|-status|p2a: Jirachi|brn
|
|-heal|p2a: Jirachi|184\/341 brn|[from] item: Leftovers
|-damage|p2a: Jirachi|142\/341 brn|[from] brn
|turn|16
|
|move|p2a: Jirachi|U-turn|p1a: Vaporeon
|-damage|p1a: Vaporeon|0 fnt
|faint|p1a: Vaporeon
|
|switch|p2a: Hydreigon|Hydreigon, F|239\/325
|
|
|switch|p1a: Togekiss|Togekiss, F|374\/374
|turn|17
|
|switch|p2a: Nidoqueen|Nidoqueen, F|330\/330
|move|p1a: Togekiss|Air Slash|p2a: Nidoqueen
|-damage|p2a: Nidoqueen|212\/330
|
|turn|18
|
|move|p2a: Nidoqueen|Sludge Wave|p1a: Togekiss
|-supereffective|p1a: Togekiss
|-damage|p1a: Togekiss|70\/374
|move|p1a: Togekiss|Air Slash|p2a: Nidoqueen
|-damage|p2a: Nidoqueen|92\/330
|
|-heal|p1a: Togekiss|93\/374|[from] item: Leftovers
|turn|19
|
|move|p2a: Nidoqueen|Sludge Wave|p1a: Togekiss
|-supereffective|p1a: Togekiss
|-damage|p1a: Togekiss|0 fnt
|faint|p1a: Togekiss
|
|
|switch|p1a: Requiem|Absol, M|271\/271
|turn|20
|
|detailschange|p1a: Requiem|Absol-Mega, M
|message|Absol has Mega Evolved into Mega Absol!
|move|p1a: Requiem|Sucker Punch|p2a: Nidoqueen
|-damage|p2a: Nidoqueen|0 fnt
|faint|p2a: Nidoqueen
|
|
|switch|p2a: Hydreigon|Hydreigon, F|239\/325
|turn|21
|
|move|p1a: Requiem|Play Rough|p2a: Hydreigon
|-supereffective|p2a: Hydreigon
|-damage|p2a: Hydreigon|0 fnt
|faint|p2a: Hydreigon
|
|
|switch|p2a: Alakazam|Alakazam, M|251\/251
|turn|22
|
|move|p2a: Alakazam|Dazzling Gleam|p1a: Requiem
|-supereffective|p1a: Requiem
|-damage|p1a: Requiem|0 fnt
|faint|p1a: Requiem
|
|
|switch|p1a: Chandelure|Chandelure, F|262\/262
|turn|23
|
|move|p2a: Alakazam|Shadow Ball|p1a: Chandelure
|-supereffective|p1a: Chandelure
|-damage|p1a: Chandelure|58\/262
|move|p1a: Chandelure|Shadow Ball|p2a: Alakazam
|-supereffective|p2a: Alakazam
|-enditem|p2a: Alakazam|Focus Sash
|-damage|p2a: Alakazam|1\/251
|-unboost|p2a: Alakazam|spd|1
|
|-heal|p1a: Chandelure|74\/262|[from] item: Leftovers
|turn|24
|
|move|p2a: Alakazam|Shadow Ball|p1a: Chandelure
|-supereffective|p1a: Chandelure
|-damage|p1a: Chandelure|0 fnt
|faint|p1a: Chandelure
|
|
|switch|p1a: Haxorus|Haxorus, F|294\/294
|-ability|p1a: Haxorus|Mold Breaker
|turn|25
|
|move|p2a: Alakazam|Dazzling Gleam|p1a: Haxorus
|-supereffective|p1a: Haxorus
|-damage|p1a: Haxorus|10\/294
|move|p1a: Haxorus|Outrage|p2a: Alakazam
|-damage|p2a: Alakazam|0 fnt
|-damage|p1a: Haxorus|0 fnt|[from] item: Life Orb
|faint|p2a: Alakazam
|faint|p1a: Haxorus
|
|win|Wateriswet1212
|raw|Ladder updating...
|raw|Sac Riz's rating: 1439 &rarr; <strong>1410<\/strong><br \/>(-29 for losing)
|raw|Wateriswet1212's rating: 1278 &rarr; <strong>1314<\/strong><br \/>(+36 for winning)
|c|âWateriswet1212|gg
|c|âSac Riz|gg
|leave|Sac Riz
|player|p1