|join|samuek
|join|Sac Riz
|player|p1|samuek|266
|player|p2|Sac Riz|170
|gametype|singles
|gen|6
|tier|UU
|rule|Sleep Clause Mod: Limit one foe put to sleep
|rule|Species Clause: Limit one of each PokÃ©mon
|rule|OHKO Clause: OHKO moves are banned
|rule|Moody Clause: Moody is banned
|rule|Evasion Moves Clause: Evasion moves are banned
|rule|Endless Battle Clause: Forcing endless battles is banned
|rule|HP Percentage Mod: HP is shown in percentages
|clearpoke
|poke|p1|Suicune, shiny
|poke|p1|Alakazam, F, shiny
|poke|p1|Aggron, M, shiny
|poke|p1|Houndoom, M, shiny
|poke|p1|Donphan, M, shiny
|poke|p1|Crobat, F, shiny
|poke|p2|Hydreigon, F
|poke|p2|Toxicroak, F
|poke|p2|Amoonguss, M
|poke|p2|Infernape, M
|poke|p2|Hippowdon, F
|poke|p2|Alomomola, M
|rule|Swagger Clause: Swagger is banned
|rule|Baton Pass Clause: Limit one PokÃ©mon knowing Baton Pass
|teampreview
|c|âSac Riz|Gl hf
|
|start
|switch|p1a: Houndoom|Houndoom, M, shiny|312\/312
|switch|p2a: Hippowdon|Hippowdon, F|420\/420
|-weather|Sandstorm
|turn|1
|
|switch|p2a: Alomomola|Alomomola, M|534\/534
|detailschange|p1a: Houndoom|Houndoom-Mega, M, shiny
|message|Houndoom has Mega Evolved into Mega Houndoom!
|move|p1a: Houndoom|Fire Blast|p2a: Alomomola
|-resisted|p2a: Alomomola
|-damage|p2a: Alomomola|327\/534
|-status|p2a: Alomomola|brn
|
|-weather|Sandstorm|[upkeep]
|-damage|p1a: Houndoom|293\/312|[from] sandstorm
|-damage|p2a: Alomomola|294\/534 brn|[from] sandstorm
|-heal|p2a: Alomomola|327\/534 brn|[from] item: Leftovers
|-damage|p2a: Alomomola|261\/534 brn|[from] brn
|turn|2
|
|switch|p1a: Crobat|Crobat, F, shiny|346\/346
|move|p2a: Alomomola|Scald|p1a: Crobat
|-damage|p1a: Crobat|289\/346
|
|-weather|Sandstorm|[upkeep]
|-damage|p1a: Crobat|268\/346|[from] sandstorm
|-damage|p2a: Alomomola|228\/534 brn|[from] sandstorm
|-heal|p2a: Alomomola|261\/534 brn|[from] item: Leftovers
|-damage|p2a: Alomomola|195\/534 brn|[from] brn
|turn|3
|
|move|p1a: Crobat|Brave Bird|p2a: Alomomola
|-damage|p2a: Alomomola|86\/534 brn
|-damage|p1a: Crobat|232\/346|[from] recoil|[of] p2a: Alomomola
|move|p2a: Alomomola|Wish|p2a: Alomomola
|
|-weather|Sandstorm|[upkeep]
|-damage|p1a: Crobat|211\/346|[from] sandstorm
|-damage|p2a: Alomomola|53\/534 brn|[from] sandstorm
|-heal|p2a: Alomomola|86\/534 brn|[from] item: Leftovers
|-damage|p2a: Alomomola|20\/534 brn|[from] brn
|turn|4
|
|switch|p2a: Hydreigon|Hydreigon, F|325\/325
|move|p1a: Crobat|Bite|p2a: Hydreigon
|-resisted|p2a: Hydreigon
|-damage|p2a: Hydreigon|298\/325
|
|-weather|Sandstorm|[upkeep]
|-damage|p2a: Hydreigon|278\/325|[from] sandstorm
|-damage|p1a: Crobat|190\/346|[from] sandstorm
|-heal|p2a: Hydreigon|325\/325|[from] move: Wish|[wisher] Alomomola
|turn|5
|
|switch|p1a: Suicune|Suicune, shiny|341\/341
|-ability|p1a: Suicune|Pressure
|move|p2a: Hydreigon|Draco Meteor|p1a: Suicune
|-damage|p1a: Suicune|17\/341
|-unboost|p2a: Hydreigon|spa|2
|
|-weather|none
|turn|6
|
|switch|p2a: Infernape|Infernape, M|293\/293
|move|p1a: Suicune|Ice Beam|p2a: Infernape
|-resisted|p2a: Infernape
|-damage|p2a: Infernape|244\/293
|
|turn|7
|
|move|p2a: Infernape|Grass Knot|p1a: Suicune
|-supereffective|p1a: Suicune
|-damage|p1a: Suicune|0 fnt
|-damage|p2a: Infernape|215\/293|[from] item: Life Orb
|faint|p1a: Suicune
|
|
|switch|p1a: Alakazam|Alakazam, F, shiny|271\/271
|turn|8
|
|switch|p2a: Alomomola|Alomomola, M|198\/534 brn
|move|p1a: Alakazam|Psychic|p2a: Alomomola
|-damage|p2a: Alomomola|0 fnt
|faint|p2a: Alomomola
|
|
|switch|p2a: Hippowdon|Hippowdon, F|420\/420
|-weather|Sandstorm
|turn|9
|
|move|p1a: Alakazam|Psychic|p2a: Hippowdon
|-damage|p2a: Hippowdon|237\/420
|move|p2a: Hippowdon|Earthquake|p1a: Alakazam
|-damage|p1a: Alakazam|49\/271
|
|-weather|Sandstorm|[upkeep]
|-damage|p1a: Alakazam|33\/271|[from] sandstorm
|-heal|p2a: Hippowdon|263\/420|[from] item: Leftovers
|turn|10
|
|move|p2a: Hippowdon|Slack Off|p2a: Hippowdon
|-heal|p2a: Hippowdon|420\/420
|move|p1a: Alakazam|Counter|p2a: Hippowdon
|-fail|p2a: Hippowdon
|
|-weather|Sandstorm|[upkeep]
|-damage|p1a: Alakazam|17\/271|[from] sandstorm
|turn|11
|
|move|p1a: Alakazam|Psychic|p2a: Hippowdon
|-damage|p2a: Hippowdon|240\/420
|move|p2a: Hippowdon|Stealth Rock|p1a: Alakazam
|-sidestart|p1: samuek|move: Stealth Rock
|
|-weather|Sandstorm|[upkeep]
|-damage|p1a: Alakazam|1\/271|[from] sandstorm
|-heal|p2a: Hippowdon|266\/420|[from] item: Leftovers
|turn|12
|
|move|p1a: Alakazam|Psychic|p2a: Hippowdon
|-damage|p2a: Hippowdon|83\/420
|move|p2a: Hippowdon|Slack Off|p2a: Hippowdon
|-heal|p2a: Hippowdon|293\/420
|
|-weather|Sandstorm|[upkeep]
|-damage|p1a: Alakazam|0 fnt|[from] sandstorm
|-heal|p2a: Hippowdon|319\/420|[from] item: Leftovers
|faint|p1a: Alakazam
|
|switch|p1a: Crobat|Crobat, F, shiny|190\/346
|-damage|p1a: Crobat|104\/346|[from] Stealth Rock
|turn|13
|
|move|p1a: Crobat|Brave Bird|p2a: Hippowdon
|-damage|p2a: Hippowdon|229\/420
|-damage|p1a: Crobat|74\/346|[from] recoil|[of] p2a: Hippowdon
|move|p2a: Hippowdon|Earthquake|p1a: Crobat
|-immune|p1a: Crobat|[msg]
|
|-weather|none
|-heal|p2a: Hippowdon|255\/420|[from] item: Leftovers
|turn|14
|
|move|p1a: Crobat|Roost|p1a: Crobat
|-heal|p1a: Crobat|247\/346
|move|p2a: Hippowdon|Slack Off|p2a: Hippowdon
|-heal|p2a: Hippowdon|420\/420
|
|turn|15
|
|move|p1a: Crobat|Confuse Ray|p2a: Hippowdon
|-start|p2a: Hippowdon|confusion
|-activate|p2a: Hippowdon|confusion
|-damage|p2a: Hippowdon|398\/420|[from] confusion
|
|-heal|p2a: Hippowdon|420\/420|[from] item: Leftovers
|turn|16
|
|move|p1a: Crobat|Bite|p2a: Hippowdon
|-damage|p2a: Hippowdon|387\/420
|-activate|p2a: Hippowdon|confusion
|move|p2a: Hippowdon|Earthquake|p1a: Crobat
|-immune|p1a: Crobat|[msg]
|
|-heal|p2a: Hippowdon|413\/420|[from] item: Leftovers
|turn|17
|
|move|p1a: Crobat|Brave Bird|p2a: Hippowdon
|-damage|p2a: Hippowdon|316\/420
|-damage|p1a: Crobat|215\/346|[from] recoil|[of] p2a: Hippowdon
|-activate|p2a: Hippowdon|confusion
|-damage|p2a: Hippowdon|292\/420|[from] confusion
|
|-heal|p2a: Hippowdon|318\/420|[from] item: Leftovers
|turn|18
|
|move|p1a: Crobat|Brave Bird|p2a: Hippowdon
|-damage|p2a: Hippowdon|227\/420
|-damage|p1a: Crobat|185\/346|[from] recoil|[of] p2a: Hippowdon
|-end|p2a: Hippowdon|confusion
|move|p2a: Hippowdon|Earthquake|p1a: Crobat
|-immune|p1a: Crobat|[msg]
|
|-heal|p2a: Hippowdon|253\/420|[from] item: Leftovers
|turn|19
|
|move|p1a: Crobat|Brave Bird|p2a: Hippowdon
|-damage|p2a: Hippowdon|165\/420
|-damage|p1a: Crobat|156\/346|[from] recoil|[of] p2a: Hippowdon
|move|p2a: Hippowdon|Earthquake|p1a: Crobat
|-immune|p1a: Crobat|[msg]
|
|-heal|p2a: Hippowdon|191\/420|[from] item: Leftovers
|turn|20
|
|move|p1a: Crobat|Roost|p1a: Crobat
|-heal|p1a: Crobat|329\/346
|move|p2a: Hippowdon|Earthquake|p1a: Crobat
|-supereffective|p1a: Crobat
|-damage|p1a: Crobat|15\/346
|
|-heal|p2a: Hippowdon|217\/420|[from] item: Leftovers
|turn|21
|
|move|p1a: Crobat|Roost|p1a: Crobat
|-heal|p1a: Crobat|188\/346
|move|p2a: Hippowdon|Earthquake|p1a: Crobat
|-supereffective|p1a: Crobat
|-damage|p1a: Crobat|0 fnt
|faint|p1a: Crobat
|
|-heal|p2a: Hippowdon|243\/420|[from] item: Leftovers
|
|switch|p1a: Donphan|Donphan, M, shiny|342\/342
|-damage|p1a: Donphan|321\/342|[from] Stealth Rock
|turn|22
|
|move|p1a: Donphan|Hidden Power|p2a: Hippowdon
|-damage|p2a: Hippowdon|205\/420
|move|p2a: Hippowdon|Toxic|p1a: Donphan
|-status|p1a: Donphan|tox
|
|-heal|p2a: Hippowdon|231\/420|[from] item: Leftovers
|-damage|p1a: Donphan|300\/342 tox|[from] psn
|turn|23
|
|move|p1a: Donphan|Double-Edge|p2a: Hippowdon
|-damage|p2a: Hippowdon|155\/420
|-damage|p1a: Donphan|275\/342 tox|[from] recoil|[of] p2a: Hippowdon
|move|p2a: Hippowdon|Slack Off|p2a: Hippowdon
|-heal|p2a: Hippowdon|365\/420
|
|-heal|p2a: Hippowdon|391\/420|[from] item: Leftovers
|-damage|p1a: Donphan|233\/342 tox|[from] psn
|turn|24
|
|move|p1a: Donphan|Double-Edge|p2a: Hippowdon
|-damage|p2a: Hippowdon|311\/420
|-damage|p1a: Donphan|207\/342 tox|[from] recoil|[of] p2a: Hippowdon
|move|p2a: Hippowdon|Slack Off|p2a: Hippowdon
|-heal|p2a: Hippowdon|420\/420
|
|-damage|p1a: Donphan|144\/342 tox|[from] psn
|turn|25
|
|move|p1a: Donphan|Hidden Power|p2a: Hippowdon
|-damage|p2a: Hippowdon|381\/420
|move|p2a: Hippowdon|Earthquake|p1a: Donphan
|-damage|p1a: Donphan|33\/342 tox
|
|-heal|p2a: Hippowdon|407\/420|[from] item: Leftovers
|-damage|p1a: Donphan|0 fnt|[from] psn
|faint|p1a: Donphan
|
|switch|p1a: Aggron|Aggron, M, shiny|301\/301
|-damage|p1a: Aggron|283\/301|[from] Stealth Rock
|turn|26
|c|âSac Riz|Tu joues UU depuis combien de temps ?
|
|move|p1a: Aggron|Flash Cannon|p2a: Hippowdon
|-damage|p2a: Hippowdon|310\/420
|move|p2a: Hippowdon|Earthquake|p1a: Aggron
|-crit|p1a: Aggron
|-supereffective|p1a: Aggron
|-damage|p1a: Aggron|0 fnt
|faint|p1a: Aggron
|
|-heal|p2a: Hippowdon|336\/420|[from] item: Leftovers
|
|switch|p1a: Houndoom|Houndoom-Mega, M, shiny|293\/312
|-damage|p1a: Houndoom|215\/312|[from] Stealth Rock
|turn|27
|
|move|p1a: Houndoom|Fire Blast|p2a: Hippowdon
|-damage|p2a: Hippowdon|95\/420
|move|p2a: Hippowdon|Earthquake|p1a: Houndoom
|-crit|p1a: Houndoom
|-supereffective|p1a: Houndoom
|-damage|p1a: Houndoom|0 fnt
|faint|p1a: Houndoom
|
|win|Sac Riz
|c|âsamuek|gg
|c|âSac Riz|GG
|c|âsamuek|bravo
|c|âsamuek|orevoir
|leave|samuek
|player|p1