|join|Sac Riz
|join|LiberalLucario
|player|p1|Sac Riz|2
|player|p2|LiberalLucario|30
|gametype|singles
|gen|6
|tier|UU
|rated
|rule|Sleep Clause Mod: Limit one foe put to sleep
|rule|Species Clause: Limit one of each PokÃ©mon
|rule|OHKO Clause: OHKO moves are banned
|rule|Moody Clause: Moody is banned
|rule|Evasion Moves Clause: Evasion moves are banned
|rule|Endless Battle Clause: Forcing endless battles is banned
|rule|HP Percentage Mod: HP is shown in percentages
|clearpoke
|poke|p1|Absol, M
|poke|p1|Nidoqueen, F
|poke|p1|Chandelure, M
|poke|p1|Vaporeon, M
|poke|p1|Haxorus, F
|poke|p1|Togetic, M
|poke|p2|Celebi
|poke|p2|Lucario, F
|poke|p2|Blastoise, M
|poke|p2|Jirachi
|poke|p2|Hydreigon, F
|poke|p2|Florges, F
|rule|Swagger Clause: Swagger is banned
|rule|Baton Pass Clause: Limit one PokÃ©mon knowing Baton Pass
|teampreview
|
|start
|switch|p1a: Nidoqueen|Nidoqueen, F|384\/384
|switch|p2a: Jirachi|Jirachi|341\/341
|turn|1
|
|move|p2a: Jirachi|Iron Head|p1a: Nidoqueen
|-damage|p1a: Nidoqueen|254\/384
|move|p1a: Nidoqueen|Stealth Rock|p2a: Jirachi
|-sidestart|p2: LiberalLucario|move: Stealth Rock
|
|turn|2
|
|switch|p2a: Hydreigon|Hydreigon, F|325\/325
|-damage|p2a: Hydreigon|285\/325|[from] Stealth Rock
|switch|p1a: Vaporeon|Vaporeon, M|464\/464
|
|turn|3
|
|move|p2a: Hydreigon|U-turn|p1a: Vaporeon
|-damage|p1a: Vaporeon|411\/464
|join|Bob the Bro
|
|switch|p2a: Celebi|Celebi|341\/341
|-damage|p2a: Celebi|299\/341|[from] Stealth Rock
|move|p1a: Vaporeon|Wish|p1a: Vaporeon
|
|-heal|p1a: Vaporeon|440\/464|[from] item: Leftovers
|turn|4
|
|switch|p1a: Nidoqueen|Nidoqueen, F|254\/384
|move|p2a: Celebi|Earth Power|p1a: Nidoqueen
|-supereffective|p1a: Nidoqueen
|-damage|p1a: Nidoqueen|0 fnt
|-damage|p2a: Celebi|265\/341|[from] item: Life Orb
|faint|p1a: Nidoqueen
|
|
|switch|p1a: Requiem|Absol, M|271\/271
|turn|5
|
|switch|p2a: Florges|Florges, F|360\/360
|-damage|p2a: Florges|315\/360|[from] Stealth Rock
|detailschange|p1a: Requiem|Absol-Mega, M
|message|Absol has Mega Evolved into Mega Absol!
|move|p1a: Requiem|Play Rough|p2a: Florges
|-crit|p2a: Florges
|-damage|p2a: Florges|122\/360
|
|-heal|p2a: Florges|144\/360|[from] item: Leftovers
|turn|6
|
|switch|p1a: Chandelure|Chandelure, M|262\/262
|move|p2a: Florges|Wish|p2a: Florges
|
|-heal|p2a: Florges|166\/360|[from] item: Leftovers
|turn|7
|
|move|p2a: Florges|Protect|p2a: Florges
|-singleturn|p2a: Florges|Protect
|move|p1a: Chandelure|Substitute|p1a: Chandelure
|-start|p1a: Chandelure|Substitute
|-damage|p1a: Chandelure|197\/262
|
|-heal|p2a: Florges|346\/360|[from] move: Wish|[wisher] Florges
|-heal|p1a: Chandelure|213\/262|[from] item: Leftovers
|-heal|p2a: Florges|360\/360|[from] item: Leftovers
|turn|8
|
|switch|p2a: Hydreigon|Hydreigon, F|285\/325
|-damage|p2a: Hydreigon|245\/325|[from] Stealth Rock
|move|p1a: Chandelure|Calm Mind|p1a: Chandelure
|-boost|p1a: Chandelure|spa|1
|-boost|p1a: Chandelure|spd|1
|
|-heal|p1a: Chandelure|229\/262|[from] item: Leftovers
|turn|9
|
|move|p2a: Hydreigon|Dark Pulse|p1a: Chandelure
|-supereffective|p1a: Chandelure
|-end|p1a: Chandelure|Substitute
|move|p1a: Chandelure|Fire Blast|p2a: Hydreigon
|-resisted|p2a: Hydreigon
|-damage|p2a: Hydreigon|58\/325
|
|-heal|p1a: Chandelure|245\/262|[from] item: Leftovers
|turn|10
|
|switch|p1a: Togetic|Togetic, M|314\/314
|move|p2a: Hydreigon|Dark Pulse|p1a: Togetic
|-resisted|p1a: Togetic
|-damage|p1a: Togetic|283\/314
|
|turn|11
|
|switch|p2a: Jirachi|Jirachi|341\/341
|-damage|p2a: Jirachi|320\/341|[from] Stealth Rock
|move|p1a: Togetic|Thunder Wave|p2a: Jirachi
|-status|p2a: Jirachi|par
|
|-heal|p2a: Jirachi|341\/341 par|[from] item: Leftovers
|turn|12
|c| Bob the Bro|nasty pass go
|
|switch|p1a: Chandelure|Chandelure, M|245\/262
|move|p2a: Jirachi|U-turn|p1a: Chandelure
|-crit|p1a: Chandelure
|-resisted|p1a: Chandelure
|-damage|p1a: Chandelure|217\/262
|c|âSac Riz|No ):
|
|switch|p2a: Blastoise|Blastoise, M|324\/324
|-damage|p2a: Blastoise|284\/324|[from] Stealth Rock
|
|-heal|p1a: Chandelure|233\/262|[from] item: Leftovers
|turn|13
|
|switch|p1a: Vaporeon|Vaporeon, M|440\/464
|detailschange|p2a: Blastoise|Blastoise-Mega, M
|message|Blastoise has Mega Evolved into Mega Blastoise!
|move|p2a: Blastoise|Rapid Spin|p1a: Vaporeon
|-damage|p1a: Vaporeon|426\/464
|-sideend|p2: LiberalLucario|Stealth Rock|[from] move: Rapid Spin|[of] p2a: Blastoise
|
|-heal|p1a: Vaporeon|455\/464|[from] item: Leftovers
|turn|14
|
|switch|p2a: Celebi|Celebi|265\/341
|move|p1a: Vaporeon|Wish|p1a: Vaporeon
|
|-heal|p1a: Vaporeon|464\/464|[from] item: Leftovers
|turn|15
|
|switch|p2a: Jirachi|Jirachi|341\/341 par
|move|p1a: Vaporeon|Protect|p1a: Vaporeon
|-fail|p1a: Vaporeon
|
|turn|16
|
|move|p1a: Vaporeon|Scald|p2a: Jirachi
|-damage|p2a: Jirachi|236\/341 par
|move|p2a: Jirachi|Stealth Rock|p1a: Vaporeon
|-sidestart|p1: Sac Riz|move: Stealth Rock
|
|-heal|p2a: Jirachi|257\/341 par|[from] item: Leftovers
|turn|17
|c|âLiberalLucario|heh
|c|âLiberalLucario|these mindgames are great
|
|move|p1a: Vaporeon|Scald|p2a: Jirachi
|-damage|p2a: Jirachi|157\/341 par
|move|p2a: Jirachi|U-turn|p1a: Vaporeon
|-damage|p1a: Vaporeon|395\/464
|
|switch|p2a: Celebi|Celebi|265\/341
|
|-heal|p1a: Vaporeon|424\/464|[from] item: Leftovers
|turn|18
|
|switch|p1a: Togetic|Togetic, M|283\/314
|-damage|p1a: Togetic|205\/314|[from] Stealth Rock
|move|p2a: Celebi|Psychic|p1a: Togetic
|-damage|p1a: Togetic|122\/314
|-damage|p2a: Celebi|231\/341|[from] item: Life Orb
|
|turn|19
|c|âLiberalLucario|aww
|c|âLiberalLucario|fk u togetic
|
|switch|p2a: Jirachi|Jirachi|157\/341 par
|move|p1a: Togetic|Defog|p2a: Jirachi
|-unboost|p2a: Jirachi|evasion|1
|-sideend|p1: Sac Riz|Stealth Rock|[from] move: Defog|[of] p1a: Togetic
|
|-heal|p2a: Jirachi|178\/341 par|[from] item: Leftovers
|turn|20
|
|switch|p1a: Vaporeon|Vaporeon, M|424\/464
|move|p2a: Jirachi|Stealth Rock|p1a: Vaporeon
|-sidestart|p1: Sac Riz|move: Stealth Rock
|
|-heal|p1a: Vaporeon|453\/464|[from] item: Leftovers
|-heal|p2a: Jirachi|199\/341 par|[from] item: Leftovers
|turn|21
|
|switch|p2a: Celebi|Celebi|231\/341
|move|p1a: Vaporeon|Wish|p1a: Vaporeon
|
|-heal|p1a: Vaporeon|464\/464|[from] item: Leftovers
|turn|22
|
|switch|p1a: Requiem|Absol-Mega, M|271\/271
|-damage|p1a: Requiem|238\/271|[from] Stealth Rock
|move|p2a: Celebi|Leaf Storm|p1a: Requiem
|-crit|p1a: Requiem
|-damage|p1a: Requiem|0 fnt
|-unboost|p2a: Celebi|spa|2
|-damage|p2a: Celebi|197\/341|[from] item: Life Orb
|faint|p1a: Requiem
|
|c|âLiberalLucario|hah
|c|âSac Riz|):
|
|switch|p1a: Haxorus|Haxorus, F|294\/294
|-damage|p1a: Haxorus|258\/294|[from] Stealth Rock
|-ability|p1a: Haxorus|Mold Breaker
|turn|23
|
|switch|p2a: Florges|Florges, F|360\/360
|move|p1a: Haxorus|Dragon Dance|p1a: Haxorus
|-boost|p1a: Haxorus|atk|1
|-boost|p1a: Haxorus|spe|1
|
|turn|24
|c|âLiberalLucario|dont you dare
|c|âLiberalLucario|have poison jab
|c| Bob the Bro|reveal hp poison
|
|move|p1a: Haxorus|Poison Jab|p2a: Florges
|-supereffective|p2a: Florges
|-damage|p2a: Florges|0 fnt
|-damage|p1a: Haxorus|229\/294|[from] item: Life Orb
|faint|p2a: Florges
|
|c| Bob the Bro|k3k
|c|âSac Riz|):
|c|âLiberalLucario|no
|c|âLiberalLucario|fuck 
|c|âLiberalLucario|you
|
|switch|p2a: Hydreigon|Hydreigon, F|58\/325
|turn|25
|
|move|p2a: Hydreigon|Dark Pulse|p1a: Haxorus
|-damage|p1a: Haxorus|40\/294
|move|p1a: Haxorus|Poison Jab|p2a: Hydreigon
|-damage|p2a: Hydreigon|0 fnt
|-damage|p1a: Haxorus|11\/294|[from] item: Life Orb
|faint|p2a: Hydreigon
|
|c| Bob the Bro|u wot
|
|switch|p2a: Lucario|Lucario, F|281\/281
|turn|26
|join|zTerribadTastic
|c|âLiberalLucario|clicking draco was the worst move
|
|move|p2a: Lucario|Extreme Speed|p1a: Haxorus
|-damage|p1a: Haxorus|0 fnt
|-damage|p2a: Lucario|253\/281|[from] item: Life Orb
|faint|p1a: Haxorus
|
|c| Bob the Bro|best move
|
|switch|p1a: Vaporeon|Vaporeon, M|464\/464
|-damage|p1a: Vaporeon|406\/464|[from] Stealth Rock
|turn|27
|c|âLiberalLucario|lol he gets
|c|âLiberalLucario|a free toge switch
|
|switch|p2a: Celebi|Celebi|197\/341
|move|p1a: Vaporeon|Wish|p1a: Vaporeon
|
|-heal|p1a: Vaporeon|435\/464|[from] item: Leftovers
|turn|28
|c| Bob the Bro|now chandy fucks you
|c|âLiberalLucario|uhno
|c| Bob the Bro|in the ass
|c| Bob the Bro|dry
|
|move|p2a: Celebi|Psychic|p1a: Vaporeon
|-damage|p1a: Vaporeon|256\/464
|-damage|p2a: Celebi|163\/341|[from] item: Life Orb
|move|p1a: Vaporeon|Scald|p2a: Celebi
|-resisted|p2a: Celebi
|-damage|p2a: Celebi|112\/341
|
|-heal|p1a: Vaporeon|464\/464|[from] move: Wish|[wisher] Vaporeon
|turn|29
|c|âSac Riz|Chandy love u
|
|switch|p1a: Togetic|Togetic, M|122\/314
|-damage|p1a: Togetic|44\/314|[from] Stealth Rock
|move|p2a: Celebi|Recover|p2a: Celebi
|-heal|p2a: Celebi|283\/341
|
|turn|30
|c|âLiberalLucario|this outspeeds and has earth power kek
|
|move|p2a: Celebi|Psychic|p1a: Togetic
|-crit|p1a: Togetic
|-damage|p1a: Togetic|0 fnt
|-damage|p2a: Celebi|249\/341|[from] item: Life Orb
|faint|p1a: Togetic
|
|c| Bob the Bro|kek
|c|âLiberalLucario|also you just lost gg
|
|switch|p1a: Vaporeon|Vaporeon, M|464\/464
|-damage|p1a: Vaporeon|406\/464|[from] Stealth Rock
|turn|31
|c| Bob the Bro|gobo
|c|âSac Riz|gg
|c| Bob the Bro|here
|
|move|p2a: Celebi|Leaf Storm|p1a: Vaporeon|[miss]
|-miss|p2a: Celebi|p1a: Vaporeon
|move|p1a: Vaporeon|Scald|p2a: Celebi
|-resisted|p2a: Celebi
|-damage|p2a: Celebi|203\/341
|-status|p2a: Celebi|brn
|
|-heal|p1a: Vaporeon|435\/464|[from] item: Leftovers
|-damage|p2a: Celebi|161\/341 brn|[from] brn
|turn|32
|c| Bob the Bro|nb
|
|switch|p2a: Blastoise|Blastoise-Mega, M|284\/324
|move|p1a: Vaporeon|Wish|p1a: Vaporeon
|
|-heal|p1a: Vaporeon|464\/464|[from] item: Leftovers
|turn|33
|
|move|p2a: Blastoise|Dark Pulse|p1a: Vaporeon
|-damage|p1a: Vaporeon|290\/464
|move|p1a: Vaporeon|Scald|p2a: Blastoise
|-resisted|p2a: Blastoise
|-damage|p2a: Blastoise|236\/324
|
|-heal|p1a: Vaporeon|464\/464|[from] move: Wish|[wisher] Vaporeon
|turn|34
|
|switch|p2a: Celebi|Celebi|161\/341
|move|p1a: Vaporeon|Scald|p2a: Celebi
|-resisted|p2a: Celebi
|-damage|p2a: Celebi|108\/341
|-status|p2a: Celebi|brn
|
|-damage|p2a: Celebi|66\/341 brn|[from] brn
|turn|35
|c| Bob the Bro|kek
|c|âLiberalLucario|oh jeez
|
|move|p2a: Celebi|Recover|p2a: Celebi
|-heal|p2a: Celebi|237\/341 brn
|move|p1a: Vaporeon|Wish|p1a: Vaporeon
|
|-damage|p2a: Celebi|195\/341 brn|[from] brn
|turn|36
|
|switch|p1a: Chandelure|Chandelure, M|233\/262
|-damage|p1a: Chandelure|168\/262|[from] Stealth Rock
|move|p2a: Celebi|Recover|p2a: Celebi
|-heal|p2a: Celebi|341\/341 brn
|
|-heal|p1a: Chandelure|262\/262|[from] move: Wish|[wisher] Vaporeon
|-damage|p2a: Celebi|299\/341 brn|[from] brn
|turn|37
|
|switch|p2a: Blastoise|Blastoise-Mega, M|236\/324
|move|p1a: Chandelure|Shadow Ball|p2a: Blastoise
|-damage|p2a: Blastoise|85\/324
|-unboost|p2a: Blastoise|spd|1
|
|turn|38
|c|âLiberalLucario|oh that hurt a lot
|
|move|p1a: Chandelure|Shadow Ball|p2a: Blastoise
|-damage|p2a: Blastoise|0 fnt
|faint|p2a: Blastoise
|
|c| Bob the Bro|did you just choke
|c|âLiberalLucario|that seems modest
|join|EyanZ
|c|âLiberalLucario|yeah
|c|âLiberalLucario|thats modest
|
|switch|p2a: Lucario|Lucario, F|253\/281
|turn|39
|
|move|p2a: Lucario|Earthquake|p1a: Chandelure
|-supereffective|p1a: Chandelure
|-damage|p1a: Chandelure|0 fnt
|-damage|p2a: Lucario|225\/281|[from] item: Life Orb
|faint|p1a: Chandelure
|
|c| Bob the Bro|lolwut
|
|switch|p1a: Vaporeon|Vaporeon, M|464\/464
|-damage|p1a: Vaporeon|406\/464|[from] Stealth Rock
|turn|40
|
|move|p2a: Lucario|Swords Dance|p2a: Lucario
|-boost|p2a: Lucario|atk|2
|move|p1a: Vaporeon|Scald|p2a: Lucario
|-damage|p2a: Lucario|90\/281
|
|-heal|p1a: Vaporeon|435\/464|[from] item: Leftovers
|turn|41
|
|move|p1a: Vaporeon|Protect|p1a: Vaporeon
|-singleturn|p1a: Vaporeon|Protect
|move|p2a: Lucario|Close Combat|p1a: Vaporeon
|-activate|p1a: Vaporeon|Protect
|
|-heal|p1a: Vaporeon|464\/464|[from] item: Leftovers
|turn|42
|
|move|p2a: Lucario|Close Combat|p1a: Vaporeon
|-damage|p1a: Vaporeon|0 fnt
|-unboost|p2a: Lucario|def|1
|-unboost|p2a: Lucario|spd|1
|-damage|p2a: Lucario|62\/281|[from] item: Life Orb
|faint|p1a: Vaporeon
|
|win|LiberalLucario
|raw|Ladder updating...
|raw|Sac Riz's rating: 1447 &rarr; <strong>1428<\/strong><br \/>(-19 for losing)
|raw|LiberalLucario's rating: 1459 &rarr; <strong>1478<\/strong><br \/>(+19 for winning)
|leave|zTerribadTastic
|c|âSac Riz|gg
|c|âLiberalLucario|gg
|leave|LiberalLucario
|player|p2
|leave|Bob the Bro
|leave|Sac Riz
|player|p1