|join|Sac Riz
|join|Folws
|player|p1|Sac Riz|102
|player|p2|Folws|40
|gametype|singles
|gen|6
|tier|UU
|rated
|rule|Sleep Clause Mod: Limit one foe put to sleep
|rule|Species Clause: Limit one of each PokÃ©mon
|rule|OHKO Clause: OHKO moves are banned
|rule|Moody Clause: Moody is banned
|rule|Evasion Moves Clause: Evasion moves are banned
|rule|Endless Battle Clause: Forcing endless battles is banned
|rule|HP Percentage Mod: HP is shown in percentages
|clearpoke
|poke|p1|Absol, F
|poke|p1|Nidoqueen, F
|poke|p1|Chandelure, F
|poke|p1|Vaporeon, M
|poke|p1|Haxorus, M
|poke|p1|Togetic, F
|poke|p2|Chandelure, M
|poke|p2|Scrafty, F
|poke|p2|Roserade, M
|poke|p2|Aggron, M
|poke|p2|Haxorus, F
|poke|p2|Blastoise, M
|rule|Swagger Clause: Swagger is banned
|rule|Baton Pass Clause: Limit one PokÃ©mon knowing Baton Pass
|teampreview
|
|start
|switch|p1a: Nidoqueen|Nidoqueen, F|384\/384
|switch|p2a: Scrafty|Scrafty, F|321\/321
|turn|1
|join|0 Sky Dragon
|c|âSac Riz|Gl hf
|
|switch|p1a: Togetic|Togetic, F|314\/314
|move|p2a: Scrafty|Knock Off|p1a: Togetic
|-resisted|p1a: Togetic
|-damage|p1a: Togetic|269\/314
|-enditem|p1a: Togetic|Eviolite|[from] move: Knock Off|[of] p2a: Scrafty
|
|turn|2
|c|âFolws|you too
|
|switch|p2a: Aggron|Aggron, M|306\/306
|move|p1a: Togetic|Thunder Wave|p2a: Aggron
|-status|p2a: Aggron|par
|
|turn|3
|
|switch|p1a: Chandelure|Chandelure, F|262\/262
|detailschange|p2a: Aggron|Aggron-Mega, M
|message|Aggron has Mega Evolved into Mega Aggron!
|move|p2a: Aggron|Stealth Rock|p1a: Chandelure
|-sidestart|p1: Sac Riz|move: Stealth Rock
|
|turn|4
|
|switch|p2a: Scrafty|Scrafty, F|321\/321
|move|p1a: Chandelure|Substitute|p1a: Chandelure
|-start|p1a: Chandelure|Substitute
|-damage|p1a: Chandelure|197\/262
|
|-heal|p1a: Chandelure|213\/262|[from] item: Leftovers
|turn|5
|
|move|p1a: Chandelure|Fire Blast|p2a: Scrafty
|-damage|p2a: Scrafty|164\/321
|move|p2a: Scrafty|Knock Off|p1a: Chandelure
|-supereffective|p1a: Chandelure
|-end|p1a: Chandelure|Substitute
|
|-heal|p1a: Chandelure|229\/262|[from] item: Leftovers
|-heal|p2a: Scrafty|184\/321|[from] item: Leftovers
|turn|6
|
|switch|p1a: Togetic|Togetic, F|269\/314
|-damage|p1a: Togetic|191\/314|[from] Stealth Rock
|move|p2a: Scrafty|Knock Off|p1a: Togetic
|-resisted|p1a: Togetic
|-damage|p1a: Togetic|140\/314
|
|-heal|p2a: Scrafty|204\/321|[from] item: Leftovers
|turn|7
|
|switch|p2a: Aggron|Aggron-Mega, M|306\/306 par
|move|p1a: Togetic|Defog|p2a: Aggron
|-unboost|p2a: Aggron|evasion|1
|-sideend|p1: Sac Riz|Stealth Rock|[from] move: Defog|[of] p1a: Togetic
|
|turn|8
|
|move|p1a: Togetic|Roost|p1a: Togetic
|-heal|p1a: Togetic|297\/314
|move|p2a: Aggron|Head Smash|p1a: Togetic
|-damage|p1a: Togetic|73\/314
|-damage|p2a: Aggron|194\/306 par|[from] recoil|[of] p1a: Togetic
|
|turn|9
|
|move|p1a: Togetic|Roost|p1a: Togetic
|-heal|p1a: Togetic|230\/314
|move|p2a: Aggron|Heavy Slam|p1a: Togetic
|-crit|p1a: Togetic
|-supereffective|p1a: Togetic
|-damage|p1a: Togetic|0 fnt
|faint|p1a: Togetic
|
|
|switch|p1a: Chandelure|Chandelure, F|229\/262
|turn|10
|
|switch|p2a: Blastoise|Blastoise, M|349\/349
|move|p1a: Chandelure|Fire Blast|p2a: Blastoise
|-resisted|p2a: Blastoise
|-damage|p2a: Blastoise|245\/349
|
|-heal|p1a: Chandelure|245\/262|[from] item: Leftovers
|-heal|p2a: Blastoise|266\/349|[from] item: Leftovers
|turn|11
|
|switch|p1a: Vaporeon|Vaporeon, M|464\/464
|move|p2a: Blastoise|Dark Pulse|p1a: Vaporeon
|-damage|p1a: Vaporeon|390\/464
|
|-heal|p2a: Blastoise|287\/349|[from] item: Leftovers
|-heal|p1a: Vaporeon|419\/464|[from] item: Leftovers
|turn|12
|
|switch|p2a: Roserade|Roserade, M|288\/288
|move|p1a: Vaporeon|Wish|p1a: Vaporeon
|
|-heal|p1a: Vaporeon|448\/464|[from] item: Leftovers
|turn|13
|
|move|p1a: Vaporeon|Protect|p1a: Vaporeon
|-singleturn|p1a: Vaporeon|Protect
|move|p2a: Roserade|Sleep Powder|p1a: Vaporeon
|-activate|p1a: Vaporeon|Protect
|
|-heal|p1a: Vaporeon|464\/464|[from] move: Wish|[wisher] Vaporeon
|turn|14
|
|move|p1a: Vaporeon|Protect|p1a: Vaporeon
|-fail|p1a: Vaporeon
|move|p2a: Roserade|Sludge Bomb|p1a: Vaporeon
|-damage|p1a: Vaporeon|304\/464
|
|-heal|p1a: Vaporeon|333\/464|[from] item: Leftovers
|turn|15
|
|switch|p1a: Chandelure|Chandelure, F|245\/262
|move|p2a: Roserade|Giga Drain|p1a: Chandelure
|-resisted|p1a: Chandelure
|-damage|p1a: Chandelure|181\/262
|
|-heal|p1a: Chandelure|197\/262|[from] item: Leftovers
|turn|16
|join|Testlum
|
|move|p1a: Chandelure|Fire Blast|p2a: Roserade|[miss]
|-miss|p1a: Chandelure|p2a: Roserade
|move|p2a: Roserade|Sludge Bomb|p1a: Chandelure
|-resisted|p1a: Chandelure
|-damage|p1a: Chandelure|116\/262
|-status|p1a: Chandelure|psn
|
|-heal|p1a: Chandelure|132\/262 psn|[from] item: Leftovers
|-damage|p1a: Chandelure|100\/262 psn|[from] psn
|turn|17
|c|âSac Riz|Great
|
|switch|p1a: Vaporeon|Vaporeon, M|333\/464
|switch|p2a: Blastoise|Blastoise, M|287\/349
|
|-heal|p2a: Blastoise|308\/349|[from] item: Leftovers
|-heal|p1a: Vaporeon|362\/464|[from] item: Leftovers
|turn|18
|
|switch|p2a: Roserade|Roserade, M|288\/288
|move|p1a: Vaporeon|Heal Bell|p1a: Vaporeon
|-cureteam|p1a: Vaporeon|[from] move: HealBell
|
|-heal|p1a: Vaporeon|391\/464|[from] item: Leftovers
|turn|19
|
|move|p2a: Roserade|Sleep Powder|p1a: Vaporeon|[miss]
|-miss|p2a: Roserade|p1a: Vaporeon
|move|p1a: Vaporeon|Wish|p1a: Vaporeon
|
|-heal|p1a: Vaporeon|420\/464|[from] item: Leftovers
|turn|20
|
|switch|p1a: Chandelure|Chandelure, F|100\/262
|move|p2a: Roserade|Extrasensory|p1a: Chandelure
|-damage|p1a: Chandelure|5\/262
|
|-heal|p1a: Chandelure|237\/262|[from] move: Wish|[wisher] Vaporeon
|-heal|p1a: Chandelure|253\/262|[from] item: Leftovers
|turn|21
|
|switch|p2a: Chandelure|Chandelure, M|262\/262
|move|p1a: Chandelure|Shadow Ball|p2a: Chandelure
|-supereffective|p2a: Chandelure
|-enditem|p2a: Chandelure|Focus Sash
|-damage|p2a: Chandelure|1\/262
|-unboost|p2a: Chandelure|spd|1
|
|-heal|p1a: Chandelure|262\/262|[from] item: Leftovers
|turn|22
|
|switch|p1a: Vaporeon|Vaporeon, M|420\/464
|move|p2a: Chandelure|Shadow Ball|p1a: Vaporeon
|-damage|p1a: Vaporeon|234\/464
|
|-heal|p1a: Vaporeon|263\/464|[from] item: Leftovers
|turn|23
|
|move|p2a: Chandelure|Energy Ball|p1a: Vaporeon
|-supereffective|p1a: Vaporeon
|-damage|p1a: Vaporeon|0 fnt
|faint|p1a: Vaporeon
|
|
|switch|p1a: Requiem|Absol, F|271\/271
|turn|24
|
|switch|p1a: Chandelure|Chandelure, F|262\/262
|move|p2a: Chandelure|Flamethrower|p1a: Chandelure
|-resisted|p1a: Chandelure
|-damage|p1a: Chandelure|153\/262
|
|-heal|p1a: Chandelure|169\/262|[from] item: Leftovers
|turn|25
|
|switch|p1a: Requiem|Absol, F|271\/271
|switch|p2a: Blastoise|Blastoise, M|308\/349
|
|-heal|p2a: Blastoise|329\/349|[from] item: Leftovers
|turn|26
|
|detailschange|p1a: Requiem|Absol-Mega, F
|message|Absol has Mega Evolved into Mega Absol!
|move|p1a: Requiem|Swords Dance|p1a: Requiem
|-boost|p1a: Requiem|atk|2
|move|p2a: Blastoise|Scald|p1a: Requiem
|-damage|p1a: Requiem|114\/271
|
|-heal|p2a: Blastoise|349\/349|[from] item: Leftovers
|turn|27
|
|move|p1a: Requiem|Sucker Punch|p2a: Blastoise
|-crit|p2a: Blastoise
|-damage|p2a: Blastoise|0 fnt
|faint|p2a: Blastoise
|
|
|switch|p2a: Scrafty|Scrafty, F|204\/321
|turn|28
|
|move|p1a: Requiem|Play Rough|p2a: Scrafty
|-supereffective|p2a: Scrafty
|-damage|p2a: Scrafty|0 fnt
|faint|p2a: Scrafty
|
|
|switch|p2a: Aggron|Aggron-Mega, M|194\/306 par
|turn|29
|
|move|p1a: Requiem|Sucker Punch|p2a: Aggron
|-damage|p2a: Aggron|77\/306 par
|move|p2a: Aggron|Heavy Slam|p1a: Requiem
|-damage|p1a: Requiem|0 fnt
|faint|p1a: Requiem
|
|
|switch|p1a: Nidoqueen|Nidoqueen, F|384\/384
|turn|30
|
|move|p1a: Nidoqueen|Earth Power|p2a: Aggron
|-supereffective|p2a: Aggron
|-damage|p2a: Aggron|0 fnt
|faint|p2a: Aggron
|
|
|switch|p2a: Haxorus|Haxorus, F|294\/294
|-ability|p2a: Haxorus|Mold Breaker
|turn|31
|
|move|p2a: Haxorus|Earthquake|p1a: Nidoqueen
|-supereffective|p1a: Nidoqueen
|-damage|p1a: Nidoqueen|54\/384
|move|p1a: Nidoqueen|Ice Beam|p2a: Haxorus
|-supereffective|p2a: Haxorus
|-damage|p2a: Haxorus|0 fnt
|faint|p2a: Haxorus
|
|
|switch|p2a: Roserade|Roserade, M|288\/288
|turn|32
|
|move|p2a: Roserade|Extrasensory|p1a: Nidoqueen
|-supereffective|p1a: Nidoqueen
|-damage|p1a: Nidoqueen|0 fnt
|faint|p1a: Nidoqueen
|
|
|switch|p1a: Chandelure|Chandelure, F|169\/262
|turn|33
|
|move|p1a: Chandelure|Fire Blast|p2a: Roserade
|-supereffective|p2a: Roserade
|-damage|p2a: Roserade|0 fnt
|faint|p2a: Roserade
|
|-heal|p1a: Chandelure|185\/262|[from] item: Leftovers
|
|switch|p2a: Chandelure|Chandelure, M|1\/262
|turn|34
|c|âFolws|gg
|
|move|p1a: Chandelure|Shadow Ball|p2a: Chandelure
|-supereffective|p2a: Chandelure
|-damage|p2a: Chandelure|0 fnt
|faint|p2a: Chandelure
|
|win|Sac Riz
|raw|Ladder updating...
|raw|Sac Riz's rating: 1520 &rarr; <strong>1539<\/strong><br \/>(+19 for winning)
|raw|Folws's rating: 1500 &rarr; <strong>1481<\/strong><br \/>(-19 for losing)
|c|âSac Riz|gg
|leave|Folws
|player|p2
|leave|0 Sky Dragon