|join|Sac Riz
|join|Prof kenki
|player|p1|Sac Riz|102
|player|p2|Prof kenki|23
|gametype|singles
|gen|6
|tier|UU
|rated
|rule|Sleep Clause Mod: Limit one foe put to sleep
|rule|Species Clause: Limit one of each PokÃ©mon
|rule|OHKO Clause: OHKO moves are banned
|rule|Moody Clause: Moody is banned
|rule|Evasion Moves Clause: Evasion moves are banned
|rule|Endless Battle Clause: Forcing endless battles is banned
|rule|HP Percentage Mod: HP is shown in percentages
|clearpoke
|poke|p1|Absol, F
|poke|p1|Raikou
|poke|p1|Nidoqueen, F
|poke|p1|Mienshao, M
|poke|p1|Whimsicott, F
|poke|p1|Crobat, F
|poke|p2|Entei, shiny
|poke|p2|Scrafty, F
|poke|p2|Honchkrow, F, shiny
|poke|p2|Shuckle, M
|poke|p2|Milotic, F, shiny
|poke|p2|Toxicroak, M
|rule|Swagger Clause: Swagger is banned
|rule|Baton Pass Clause: Limit one PokÃ©mon knowing Baton Pass
|teampreview
|
|start
|switch|p1a: Raikou|Raikou|322\/322
|switch|p2a: Milotic|Milotic, F, shiny|394\/394
|-ability|p1a: Raikou|Pressure
|turn|1
|
|switch|p2a: Shuckle|Shuckle, M|244\/244
|move|p1a: Raikou|Volt Switch|p2a: Shuckle
|-damage|p2a: Shuckle|199\/244
|
|switch|p1a: Absol|Absol, F|271\/271
|
|-heal|p2a: Shuckle|214\/244|[from] item: Leftovers
|turn|2
|
|switch|p2a: Toxicroak|Toxicroak, M|370\/370
|detailschange|p1a: Absol|Absol-Mega, F
|message|Absol has Mega Evolved into Mega Absol!
|move|p1a: Absol|Swords Dance|p1a: Absol
|-boost|p1a: Absol|atk|2
|
|turn|3
|
|move|p1a: Absol|Play Rough|p2a: Toxicroak
|-damage|p2a: Toxicroak|5\/370
|move|p2a: Toxicroak|Gunk Shot|p1a: Absol
|-damage|p1a: Absol|0 fnt
|faint|p1a: Absol
|
|-heal|p2a: Toxicroak|28\/370|[from] item: Black Sludge
|
|switch|p1a: Crobat|Crobat, F|373\/373
|turn|4
|
|move|p2a: Toxicroak|Sucker Punch|p1a: Crobat
|-damage|p1a: Crobat|266\/373
|move|p1a: Crobat|U-turn|p2a: Toxicroak
|-resisted|p2a: Toxicroak
|-damage|p2a: Toxicroak|9\/370
|
|switch|p1a: Mienshao|Mienshao, M|271\/271
|
|-heal|p2a: Toxicroak|32\/370|[from] item: Black Sludge
|turn|5
|
|switch|p2a: Milotic|Milotic, F, shiny|394\/394
|move|p1a: Mienshao|U-turn|p2a: Milotic
|-damage|p2a: Milotic|321\/394
|
|switch|p1a: Raikou|Raikou|322\/322
|-ability|p1a: Raikou|Pressure
|
|-heal|p2a: Milotic|345\/394|[from] item: Leftovers
|turn|6
|
|move|p1a: Raikou|Volt Switch|p2a: Milotic
|-supereffective|p2a: Milotic
|-damage|p2a: Milotic|139\/394
|
|switch|p1a: Whimsicott|Whimsicott, F|262\/262
|move|p2a: Milotic|Mirror Coat|p1a: Whimsicott
|-damage|p1a: Whimsicott|0 fnt
|faint|p1a: Whimsicott
|
|-heal|p2a: Milotic|163\/394|[from] item: Leftovers
|
|switch|p1a: Raikou|Raikou|322\/322
|-ability|p1a: Raikou|Pressure
|turn|7
|
|switch|p2a: Shuckle|Shuckle, M|214\/244
|move|p1a: Raikou|Volt Switch|p2a: Shuckle
|-crit|p2a: Shuckle
|-damage|p2a: Shuckle|150\/244
|
|switch|p1a: Nidoqueen|Nidoqueen, F|384\/384
|
|-heal|p2a: Shuckle|165\/244|[from] item: Leftovers
|turn|8
|
|move|p1a: Nidoqueen|Earth Power|p2a: Shuckle
|-damage|p2a: Shuckle|79\/244
|move|p2a: Shuckle|Sticky Web|p1a: Nidoqueen
|-sidestart|p1: Sac Riz|move: Sticky Web
|
|-heal|p2a: Shuckle|94\/244|[from] item: Leftovers
|turn|9
|
|move|p1a: Nidoqueen|Earth Power|p2a: Shuckle
|-damage|p2a: Shuckle|11\/244
|move|p2a: Shuckle|Stealth Rock|p1a: Nidoqueen
|-sidestart|p1: Sac Riz|move: Stealth Rock
|
|-heal|p2a: Shuckle|26\/244|[from] item: Leftovers
|turn|10
|
|move|p1a: Nidoqueen|Ice Beam|p2a: Shuckle
|-damage|p2a: Shuckle|0 fnt
|faint|p2a: Shuckle
|
|
|switch|p2a: Scrafty|Scrafty, F|271\/271
|turn|11
|
|switch|p1a: Crobat|Crobat, F|266\/373
|-damage|p1a: Crobat|173\/373|[from] Stealth Rock
|move|p2a: Scrafty|Dragon Dance|p2a: Scrafty
|-boost|p2a: Scrafty|atk|1
|-boost|p2a: Scrafty|spe|1
|
|-heal|p1a: Crobat|196\/373|[from] item: Black Sludge
|turn|12
|
|move|p1a: Crobat|Defog|p2a: Scrafty
|-unboost|p2a: Scrafty|evasion|1
|-sideend|p1: Sac Riz|Stealth Rock|[from] move: Defog|[of] p1a: Crobat
|-sideend|p1: Sac Riz|Sticky Web|[from] move: Defog|[of] p1a: Crobat
|move|p2a: Scrafty|Crunch|p1a: Crobat
|-damage|p1a: Crobat|0 fnt
|faint|p1a: Crobat
|-boost|p2a: Scrafty|atk|1|[from] ability: Moxie
|
|
|switch|p1a: Mienshao|Mienshao, M|271\/271
|turn|13
|
|move|p1a: Mienshao|High Jump Kick|p2a: Scrafty
|-supereffective|p2a: Scrafty
|-damage|p2a: Scrafty|0 fnt
|faint|p2a: Scrafty
|
|
|switch|p2a: Entei|Entei, shiny|372\/372
|-ability|p2a: Entei|Pressure
|turn|14
|
|move|p1a: Mienshao|High Jump Kick|p2a: Entei
|-damage|p2a: Entei|117\/372
|move|p2a: Entei|Sacred Fire|p1a: Mienshao
|-damage|p1a: Mienshao|0 fnt
|faint|p1a: Mienshao
|
|-heal|p2a: Entei|140\/372|[from] item: Leftovers
|
|switch|p1a: Raikou|Raikou|322\/322
|-ability|p1a: Raikou|Pressure
|turn|15
|
|move|p1a: Raikou|Thunderbolt|p2a: Entei
|-damage|p2a: Entei|0 fnt
|faint|p2a: Entei
|
|
|switch|p2a: Toxicroak|Toxicroak, M|32\/370
|turn|16
|
|switch|p1a: Nidoqueen|Nidoqueen, F|384\/384
|move|p2a: Toxicroak|Sucker Punch|p1a: Nidoqueen
|-fail|p1a: Nidoqueen
|
|-heal|p2a: Toxicroak|55\/370|[from] item: Black Sludge
|turn|17
|
|switch|p2a: Milotic|Milotic, F, shiny|163\/394
|move|p1a: Nidoqueen|Stealth Rock|p2a: Milotic
|-sidestart|p2: Prof kenki|move: Stealth Rock
|
|-heal|p2a: Milotic|187\/394|[from] item: Leftovers
|turn|18
|
|move|p2a: Milotic|Recover|p2a: Milotic
|-heal|p2a: Milotic|384\/394
|move|p1a: Nidoqueen|Sludge Wave|p2a: Milotic
|-damage|p2a: Milotic|201\/394
|
|-heal|p2a: Milotic|225\/394|[from] item: Leftovers
|turn|19
|
|move|p2a: Milotic|Scald|p1a: Nidoqueen
|-supereffective|p1a: Nidoqueen
|-damage|p1a: Nidoqueen|180\/384
|move|p1a: Nidoqueen|Sludge Wave|p2a: Milotic
|-crit|p2a: Milotic
|-damage|p2a: Milotic|0 fnt
|faint|p2a: Milotic
|
|
|switch|p2a: Honchkrow|Honchkrow, F, shiny|404\/404
|-damage|p2a: Honchkrow|303\/404|[from] Stealth Rock
|turn|20
|
|move|p2a: Honchkrow|Sucker Punch|p1a: Nidoqueen
|-damage|p1a: Nidoqueen|0 fnt
|faint|p1a: Nidoqueen
|-boost|p2a: Honchkrow|atk|1|[from] ability: Moxie
|
|
|switch|p1a: Raikou|Raikou|322\/322
|-ability|p1a: Raikou|Pressure
|turn|21
|
|move|p2a: Honchkrow|Sucker Punch|p1a: Raikou
|-damage|p1a: Raikou|0 fnt
|faint|p1a: Raikou
|-boost|p2a: Honchkrow|atk|1|[from] ability: Moxie
|
|win|Prof kenki
|raw|Ladder updating...
|raw|Sac Riz's rating: 1437 &rarr; <strong>1420<\/strong><br \/>(-17 for losing)
|raw|Prof kenki's rating: 1495 &rarr; <strong>1512<\/strong><br \/>(+17 for winning)
|leave|Sac Riz
|player|p1