|join|Sac Riz
|join|lowlel
|player|p1|Sac Riz|102
|player|p2|lowlel|121
|gametype|singles
|gen|6
|tier|UU
|rated
|rule|Sleep Clause Mod: Limit one foe put to sleep
|rule|Species Clause: Limit one of each PokÃ©mon
|rule|OHKO Clause: OHKO moves are banned
|rule|Moody Clause: Moody is banned
|rule|Evasion Moves Clause: Evasion moves are banned
|rule|Endless Battle Clause: Forcing endless battles is banned
|rule|HP Percentage Mod: HP is shown in percentages
|clearpoke
|poke|p1|Absol, M
|poke|p1|Nidoqueen, F
|poke|p1|Chandelure, F
|poke|p1|Vaporeon, M
|poke|p1|Haxorus, M
|poke|p1|Togetic, F
|poke|p2|Froslass, F
|poke|p2|Sableye, M
|poke|p2|Swampert, M
|poke|p2|Lucario, F
|poke|p2|Ampharos, F
|poke|p2|Crobat, M
|rule|Swagger Clause: Swagger is banned
|rule|Baton Pass Clause: Limit one PokÃ©mon knowing Baton Pass
|teampreview
|
|start
|switch|p1a: Requiem|Absol, M|271\/271
|switch|p2a: Crobat|Crobat, M|311\/311
|turn|1
|
|switch|p1a: Vaporeon|Vaporeon, M|464\/464
|move|p2a: Crobat|U-turn|p1a: Vaporeon
|-crit|p1a: Vaporeon
|-damage|p1a: Vaporeon|319\/464
|
|switch|p2a: Ampharos|Ampharos, F|354\/354
|
|-heal|p1a: Vaporeon|348\/464|[from] item: Leftovers
|turn|2
|
|detailschange|p2a: Ampharos|Ampharos-Mega, F
|message|Ampharos has Mega Evolved into Mega Ampharos!
|-ability|p2a: Ampharos|Mold Breaker
|move|p1a: Vaporeon|Protect|p1a: Vaporeon
|-singleturn|p1a: Vaporeon|Protect
|move|p2a: Ampharos|Dragon Pulse|p1a: Vaporeon
|-activate|p1a: Vaporeon|Protect
|
|-heal|p1a: Vaporeon|377\/464|[from] item: Leftovers
|turn|3
|
|switch|p1a: Nidoqueen|Nidoqueen, F|384\/384
|move|p2a: Ampharos|Volt Switch|p1a: Nidoqueen
|-immune|p1a: Nidoqueen|[msg]
|
|turn|4
|
|switch|p2a: Froslass|Froslass, F|344\/344
|move|p1a: Nidoqueen|Stealth Rock|p2a: Froslass
|-sidestart|p2: lowlel|move: Stealth Rock
|
|turn|5
|
|move|p2a: Froslass|Spikes|p1a: Nidoqueen
|-sidestart|p1: Sac Riz|Spikes
|move|p1a: Nidoqueen|Earth Power|p2a: Froslass
|-damage|p2a: Froslass|54\/344
|-start|p1a: Nidoqueen|Disable|Earth Power
|
|turn|6
|
|switch|p1a: Togetic|Togetic, F|314\/314
|move|p2a: Froslass|Destiny Bond|p2a: Froslass
|-singlemove|p2a: Froslass|Destiny Bond
|
|turn|7
|
|move|p2a: Froslass|Taunt|p1a: Togetic
|-start|p1a: Togetic|move: Taunt
|cant|p1a: Togetic|move: Taunt|Thunder Wave
|
|turn|8
|
|switch|p1a: Requiem|Absol, M|271\/271
|-damage|p1a: Requiem|238\/271|[from] Spikes
|move|p2a: Froslass|Destiny Bond|p2a: Froslass
|-singlemove|p2a: Froslass|Destiny Bond
|
|turn|9
|
|detailschange|p1a: Requiem|Absol-Mega, M
|message|Absol has Mega Evolved into Mega Absol!
|move|p2a: Froslass|Icy Wind|p1a: Requiem
|-damage|p1a: Requiem|163\/271
|-unboost|p1a: Requiem|spe|1
|move|p1a: Requiem|Swords Dance|p1a: Requiem
|-boost|p1a: Requiem|atk|2
|
|turn|10
|
|move|p2a: Froslass|Destiny Bond|p2a: Froslass
|-singlemove|p2a: Froslass|Destiny Bond
|move|p1a: Requiem|Swords Dance|p1a: Requiem
|-boost|p1a: Requiem|atk|2
|
|turn|11
|
|move|p1a: Requiem|Sucker Punch|p2a: Froslass
|-fail|p2a: Froslass
|move|p2a: Froslass|Taunt|p1a: Requiem
|move|p1a: Requiem|Taunt|p2a: Froslass|[from]Magic Bounce
|-start|p2a: Froslass|move: Taunt
|
|turn|12
|
|move|p1a: Requiem|Sucker Punch|p2a: Froslass
|-crit|p2a: Froslass
|-supereffective|p2a: Froslass
|-damage|p2a: Froslass|0 fnt
|faint|p2a: Froslass
|
|-message|lowlel forfeited.
|
|win|Sac Riz
|raw|Ladder updating...
|leave|lowlel
|player|p2
|raw|Sac Riz's rating: 1432 &rarr; <strong>1456<\/strong><br \/>(+24 for winning)
|raw|lowlel's rating: 1511 &rarr; <strong>1487<\/strong><br \/>(-24 for losing)