|join|Sac Riz
|join|Maomiraeniya
|player|p1|Sac Riz|209
|player|p2|Maomiraeniya|#maomiraeniya
|gametype|singles
|gen|6
|tier|UU
|rule|Sleep Clause Mod: Limit one foe put to sleep
|rule|Species Clause: Limit one of each PokÃ©mon
|rule|OHKO Clause: OHKO moves are banned
|rule|Moody Clause: Moody is banned
|rule|Evasion Moves Clause: Evasion moves are banned
|rule|Endless Battle Clause: Forcing endless battles is banned
|rule|HP Percentage Mod: HP is reported as percentages
|clearpoke
|poke|p1|Chandelure, M
|poke|p1|Porygon2
|poke|p1|Suicune
|poke|p1|Honchkrow, M
|poke|p1|Donphan, M
|poke|p1|Heracross, M
|poke|p2|Mienshao, F, shiny
|poke|p2|Shaymin, shiny
|poke|p2|Raikou, shiny
|poke|p2|Honchkrow, F, shiny
|poke|p2|Hippowdon, F, shiny
|poke|p2|Tentacruel, F, shiny
|rule|Swagger Clause: Swagger is banned
|rule|Baton Pass Clause: Limit three PokÃ©mon knowing Baton Pass
|teampreview
|chat|Sac Riz|Gl hf
|chat|Maomiraeniya|u2
|
|start
|switch|p1a: Donphan|Donphan, M|384\/384
|switch|p2a: Raikouite|Raikou, shiny|322\/322
|-ability|p2a: Raikouite|Pressure
|turn|1
|chat|Maomiraeniya|missclic
|
|move|p2a: Raikouite|Hidden Power|p1a: Donphan
|-supereffective|p1a: Donphan
|-damage|p1a: Donphan|174\/384
|move|p1a: Donphan|Stealth Rock|p2a: Raikouite
|-sidestart|p2: Maomiraeniya|move: Stealth Rock
|
|-heal|p1a: Donphan|198\/384|[from] item: Leftovers
|turn|2
|chat|Sac Riz|Pourquoi j'ai l'impression qu'il est choice
|
|switch|p1a: Porygon2|Porygon2|374\/374
|-ability|p1a: Porygon2|Pressure|[from] ability: Trace|[of] p2a: Raikouite
|-ability|p1a: Porygon2|Pressure
|move|p2a: Raikouite|Volt Switch|p1a: Porygon2
|-damage|p1a: Porygon2|320\/374
|chat|Sac Riz|D'accord
|chat|Sac Riz|Je sais pas.
|
|switch|p2a: Mienshaoite|Mienshao, F, shiny|271\/271
|-damage|p2a: Mienshaoite|255\/271|[from] Stealth Rock
|
|turn|3
|
|switch|p1a: Suicune|Suicune|404\/404
|-ability|p1a: Suicune|Pressure
|move|p2a: Mienshaoite|Knock Off|p1a: Suicune
|-damage|p1a: Suicune|303\/404
|-enditem|p1a: Suicune|Leftovers|[from] move: Knock Off|[of] p2a: Mienshaoite
|-damage|p2a: Mienshaoite|228\/271|[from] item: Life Orb
|
|turn|4
|chat|Maomiraeniya|j'ai oubliÃ©
|chat|Sac Riz|x)
|chat|Maomiraeniya|le scarf, k
|
|switch|p1a: Heracross|Heracross, M|302\/302
|move|p2a: Mienshaoite|U-turn|p1a: Heracross
|-resisted|p1a: Heracross
|-damage|p1a: Heracross|233\/302
|-damage|p2a: Mienshaoite|201\/271|[from] item: Life Orb
|join|Flouch
|chat|Sac Riz|Je suis con
|
|switch|p2a: Hippowdonite|Hippowdon, F, shiny|420\/420
|-damage|p2a: Hippowdonite|394\/420|[from] Stealth Rock
|-weather|Sandstorm
|
|-weather|Sandstorm|[upkeep]
|-damage|p1a: Heracross|215\/302|[from] sandstorm
|-heal|p2a: Hippowdonite|420\/420|[from] item: Leftovers
|turn|5
|chat|Sac Riz|Avec U Turn les doubles switch servent Ã  rien
|
|switch|p1a: Donphan|Donphan, M|198\/384
|move|p2a: Hippowdonite|Stealth Rock|p1a: Donphan
|-sidestart|p1: Sac Riz|move: Stealth Rock
|
|-weather|Sandstorm|[upkeep]
|-heal|p1a: Donphan|222\/384|[from] item: Leftovers
|turn|6
|
|switch|p2a: Tentacruelite|Tentacruel, F, shiny|362\/362
|-damage|p2a: Tentacruelite|317\/362|[from] Stealth Rock
|move|p1a: Donphan|Rapid Spin|p2a: Tentacruelite
|-damage|p2a: Tentacruelite|299\/362
|-sideend|p1: Sac Riz|Stealth Rock|[from] move: Rapid Spin|[of] p1a: Donphan
|
|-weather|Sandstorm|[upkeep]
|-damage|p2a: Tentacruelite|277\/362|[from] sandstorm
|-heal|p2a: Tentacruelite|299\/362|[from] item: Black Sludge
|-heal|p1a: Donphan|246\/384|[from] item: Leftovers
|turn|7
|
|move|p2a: Tentacruelite|Rapid Spin|p1a: Donphan
|-damage|p1a: Donphan|238\/384
|-sideend|p2: Maomiraeniya|Stealth Rock|[from] move: Rapid Spin|[of] p2a: Tentacruelite
|move|p1a: Donphan|Earthquake|p2a: Tentacruelite
|-supereffective|p2a: Tentacruelite
|-damage|p2a: Tentacruelite|53\/362
|
|-weather|Sandstorm|[upkeep]
|-damage|p2a: Tentacruelite|31\/362|[from] sandstorm
|-heal|p2a: Tentacruelite|53\/362|[from] item: Black Sludge
|-heal|p1a: Donphan|262\/384|[from] item: Leftovers
|turn|8
|
|move|p2a: Tentacruelite|Scald|p1a: Donphan
|-supereffective|p1a: Donphan
|-damage|p1a: Donphan|26\/384
|move|p1a: Donphan|Stealth Rock|p2a: Tentacruelite
|-sidestart|p2: Maomiraeniya|move: Stealth Rock
|
|-weather|none
|-heal|p2a: Tentacruelite|75\/362|[from] item: Black Sludge
|-heal|p1a: Donphan|50\/384|[from] item: Leftovers
|turn|9
|
|move|p2a: Tentacruelite|Scald|p1a: Donphan
|-supereffective|p1a: Donphan
|-damage|p1a: Donphan|0 fnt
|faint|p1a: Donphan
|
|-heal|p2a: Tentacruelite|97\/362|[from] item: Black Sludge
|
|switch|p1a: Honchkrow|Honchkrow, M|341\/341
|turn|10
|
|move|p1a: Honchkrow|Brave Bird|p2a: Tentacruelite
|-damage|p2a: Tentacruelite|0 fnt
|-damage|p1a: Honchkrow|309\/341|[from] recoil|[of] p2a: Tentacruelite
|-damage|p1a: Honchkrow|275\/341|[from] item: Life Orb
|faint|p2a: Tentacruelite
|-boost|p1a: Honchkrow|atk|1|[from] ability: Moxie
|
|
|switch|p2a: Raikouite|Raikou, shiny|322\/322
|-damage|p2a: Raikouite|282\/322|[from] Stealth Rock
|-ability|p2a: Raikouite|Pressure
|turn|11
|
|move|p1a: Honchkrow|Sucker Punch|p2a: Raikouite
|-damage|p2a: Raikouite|0 fnt
|-damage|p1a: Honchkrow|241\/341|[from] item: Life Orb
|faint|p2a: Raikouite
|-boost|p1a: Honchkrow|atk|1|[from] ability: Moxie
|
|chat|Maomiraeniya|ah
|chat|Sac Riz|Les prÃ©dictions sur sucker punch c'est toujours chaud
|chat|Sac Riz|On en fait une par match. x) 
|chat|Maomiraeniya|att
|chat|Sac Riz|?
|chat|Maomiraeniya|j'avais pas vu la LO
|chat|Maomiraeniya|je pensais au scarf
|chat|Maomiraeniya|car tu as outspeed tenta
|chat|Sac Riz|Ah x)
|c|âMaomiraeniya|!data honchkrow
|c|~|\/data-pokemon Honchkrow

|chat|Sac Riz|Nan
|chat|Maomiraeniya|t'as une nature + vitesse?
|chat|Sac Riz|Oui
|
|switch|p2a: Mienshaoite|Mienshao, F, shiny|271\/271
|-damage|p2a: Mienshaoite|255\/271|[from] Stealth Rock
|turn|12
|
|move|p1a: Honchkrow|Sucker Punch|p2a: Mienshaoite
|-resisted|p2a: Mienshaoite
|-damage|p2a: Mienshaoite|0 fnt
|-damage|p1a: Honchkrow|207\/341|[from] item: Life Orb
|faint|p2a: Mienshaoite
|-boost|p1a: Honchkrow|atk|1|[from] ability: Moxie
|
|chat|Maomiraeniya|w-what
|chat|Flouch|Je viens de rebuild
|
|switch|p2a: Hippowdonite|Hippowdon, F, shiny|420\/420
|-damage|p2a: Hippowdonite|394\/420|[from] Stealth Rock
|-weather|Sandstorm
|turn|13
|chat|Flouch|elle est encore nul ma team
|
|move|p1a: Honchkrow|Brave Bird|p2a: Hippowdonite
|-damage|p2a: Hippowdonite|0 fnt
|-damage|p1a: Honchkrow|77\/341|[from] recoil|[of] p2a: Hippowdonite
|-damage|p1a: Honchkrow|43\/341|[from] item: Life Orb
|faint|p2a: Hippowdonite
|-boost|p1a: Honchkrow|atk|1|[from] ability: Moxie
|
|-weather|Sandstorm|[upkeep]
|-damage|p1a: Honchkrow|22\/341|[from] sandstorm
|chat|Flouch|fokfokfokfok
|
|switch|p2a: Honchkrowite|Honchkrow, F, shiny|341\/341
|-damage|p2a: Honchkrowite|256\/341|[from] Stealth Rock
|turn|14
|
|move|p1a: Honchkrow|Brave Bird|p2a: Honchkrowite
|-damage|p2a: Honchkrowite|0 fnt
|-damage|p1a: Honchkrow|0 fnt|[from] recoil|[of] p2a: Honchkrowite
|faint|p2a: Honchkrowite
|faint|p1a: Honchkrow
|
|-weather|Sandstorm|[upkeep]
|
|switch|p2a: Shayminite|Shaymin, shiny|341\/341
|-damage|p2a: Shayminite|299\/341|[from] Stealth Rock
|switch|p1a: Chandelure|Chandelure, M|262\/262
|turn|15
|
|move|p1a: Chandelure|Fire Blast|p2a: Shayminite
|-supereffective|p2a: Shayminite
|-damage|p2a: Shayminite|0 fnt
|faint|p2a: Shayminite
|
|win|Sac Riz
|chat|Sac Riz|gg
|chat|Maomiraeniya|gg