|join|Sac Riz
|join|Maomiraeniya
|player|p1|Sac Riz|209
|player|p2|Maomiraeniya|#maomiraeniya
|gametype|singles
|gen|6
|tier|UU
|rule|Sleep Clause Mod: Limit one foe put to sleep
|rule|Species Clause: Limit one of each PokÃ©mon
|rule|OHKO Clause: OHKO moves are banned
|rule|Moody Clause: Moody is banned
|rule|Evasion Moves Clause: Evasion moves are banned
|rule|Endless Battle Clause: Forcing endless battles is banned
|rule|HP Percentage Mod: HP is reported as percentages
|clearpoke
|poke|p1|Amoonguss, M
|poke|p1|Slowbro, M
|poke|p1|Absol, M
|poke|p1|Raikou
|poke|p1|Noivern, F
|poke|p1|Forretress, F
|poke|p2|Mienshao, F, shiny
|poke|p2|Shaymin, shiny
|poke|p2|Raikou, shiny
|poke|p2|Honchkrow, M, shiny
|poke|p2|Hippowdon, F, shiny
|poke|p2|Tentacruel, F, shiny
|rule|Swagger Clause: Swagger is banned
|rule|Baton Pass Clause: Limit three PokÃ©mon knowing Baton Pass
|teampreview
|
|start
|switch|p1a: Just the Lightning|Raikou|322\/322
|switch|p2a: Hippowdonite|Hippowdon, F, shiny|420\/420
|-ability|p1a: Just the Lightning|Pressure
|-weather|Sandstorm
|turn|1
|
|switch|p1a: Frere lent|Slowbro, M|393\/393
|move|p2a: Hippowdonite|Stealth Rock|p1a: Frere lent
|-sidestart|p1: Sac Riz|move: Stealth Rock
|
|-weather|Sandstorm|[upkeep]
|-damage|p1a: Frere lent|369\/393|[from] sandstorm
|-heal|p1a: Frere lent|393\/393|[from] item: Leftovers
|turn|2
|
|switch|p2a: Shayminite|Shaymin, shiny|341\/341
|move|p1a: Frere lent|Thunder Wave|p2a: Shayminite
|-status|p2a: Shayminite|par
|
|-weather|Sandstorm|[upkeep]
|-damage|p1a: Frere lent|369\/393|[from] sandstorm
|-damage|p2a: Shayminite|320\/341 par|[from] sandstorm
|-heal|p1a: Frere lent|393\/393|[from] item: Leftovers
|turn|3
|
|switch|p1a: Muraille|Forretress, F|354\/354
|-damage|p1a: Muraille|310\/354|[from] Stealth Rock
|switch|p2a: Honchkrowite|Honchkrow, M, shiny|341\/341
|
|-weather|Sandstorm|[upkeep]
|-damage|p2a: Honchkrowite|320\/341|[from] sandstorm
|turn|4
|
|switch|p2a: Shayminite|Shaymin, shiny|320\/341
|move|p1a: Muraille|Rapid Spin|p2a: Shayminite
|-crit|p2a: Shayminite
|-damage|p2a: Shayminite|298\/341
|-sideend|p1: Sac Riz|Stealth Rock|[from] move: Rapid Spin|[of] p1a: Muraille
|
|-weather|Sandstorm|[upkeep]
|-damage|p2a: Shayminite|277\/341|[from] sandstorm
|turn|5
|
|switch|p1a: Chant Pignon|Amoonguss, M|431\/431
|move|p2a: Shayminite|Hidden Power|p1a: Chant Pignon
|-supereffective|p1a: Chant Pignon
|-damage|p1a: Chant Pignon|343\/431
|-damage|p2a: Shayminite|243\/341|[from] item: Life Orb
|
|-weather|none
|turn|6
|
|move|p2a: Shayminite|Rest|p2a: Shayminite
|-status|p2a: Shayminite|slp
|-heal|p2a: Shayminite|341\/341 slp|[silent]
|-status|p2a: Shayminite|slp|[from] move: Rest
|move|p1a: Chant Pignon|Sludge Bomb|p2a: Shayminite
|-supereffective|p2a: Shayminite
|-damage|p2a: Shayminite|171\/341 slp
|
|turn|7
|
|switch|p1a: Just the Lightning|Raikou|322\/322
|-ability|p1a: Just the Lightning|Pressure
|cant|p2a: Shayminite|slp
|
|turn|8
|
|switch|p2a: Tentacruelite|Tentacruel, F, shiny|362\/362
|move|p1a: Just the Lightning|Substitute|p1a: Just the Lightning
|-start|p1a: Just the Lightning|Substitute
|-damage|p1a: Just the Lightning|242\/322
|
|-heal|p1a: Just the Lightning|262\/322|[from] item: Leftovers
|turn|9
|
|switch|p2a: Hippowdonite|Hippowdon, F, shiny|420\/420
|-weather|Sandstorm
|move|p1a: Just the Lightning|Calm Mind|p1a: Just the Lightning
|-boost|p1a: Just the Lightning|spa|1
|-boost|p1a: Just the Lightning|spd|1
|
|-weather|Sandstorm|[upkeep]
|-damage|p1a: Just the Lightning|242\/322|[from] sandstorm
|-heal|p1a: Just the Lightning|262\/322|[from] item: Leftovers
|turn|10
|
|move|p1a: Just the Lightning|Hidden Power|p2a: Hippowdonite
|-supereffective|p2a: Hippowdonite
|-damage|p2a: Hippowdonite|176\/420
|move|p2a: Hippowdonite|Whirlwind|p1a: Just the Lightning
|drag|p1a: Frere lent|Slowbro, M|393\/393
|
|-weather|Sandstorm|[upkeep]
|-damage|p1a: Frere lent|369\/393|[from] sandstorm
|-heal|p2a: Hippowdonite|202\/420|[from] item: Leftovers
|-heal|p1a: Frere lent|393\/393|[from] item: Leftovers
|turn|11
|
|switch|p2a: Shayminite|Shaymin, shiny|171\/341
|move|p1a: Frere lent|Scald|p2a: Shayminite
|-resisted|p2a: Shayminite
|-damage|p2a: Shayminite|124\/341
|
|-weather|Sandstorm|[upkeep]
|-damage|p2a: Shayminite|103\/341|[from] sandstorm
|-damage|p1a: Frere lent|369\/393|[from] sandstorm
|-heal|p1a: Frere lent|393\/393|[from] item: Leftovers
|turn|12
|
|move|p2a: Shayminite|Rest|p2a: Shayminite
|-status|p2a: Shayminite|slp
|-heal|p2a: Shayminite|341\/341 slp|[silent]
|-status|p2a: Shayminite|slp|[from] move: Rest
|move|p1a: Frere lent|Psyshock|p2a: Shayminite
|-crit|p2a: Shayminite
|-damage|p2a: Shayminite|208\/341 slp
|
|-weather|Sandstorm|[upkeep]
|-damage|p2a: Shayminite|187\/341 slp|[from] sandstorm
|-damage|p1a: Frere lent|369\/393|[from] sandstorm
|-heal|p1a: Frere lent|393\/393|[from] item: Leftovers
|turn|13
|chat|Sac Riz|Sorry
|
|switch|p2a: Honchkrowite|Honchkrow, M, shiny|320\/341
|switch|p1a: Sombrero|Noivern, F|311\/311
|
|-weather|none
|turn|14
|
|switch|p2a: Tentacruelite|Tentacruel, F, shiny|362\/362
|move|p1a: Sombrero|Draco Meteor|p2a: Tentacruelite
|-damage|p2a: Tentacruelite|85\/362
|-unboost|p1a: Sombrero|spa|2
|
|-heal|p2a: Tentacruelite|107\/362|[from] item: Black Sludge
|turn|15
|chat|Sac Riz|Pas mal
|
|switch|p1a: Just the Lightning|Raikou|262\/322
|-ability|p1a: Just the Lightning|Pressure
|switch|p2a: Honchkrowite|Honchkrow, M, shiny|320\/341
|
|-heal|p1a: Just the Lightning|282\/322|[from] item: Leftovers
|turn|16
|
|move|p2a: Honchkrowite|Sucker Punch|p1a: Just the Lightning
|-fail|p1a: Just the Lightning
|move|p1a: Just the Lightning|Calm Mind|p1a: Just the Lightning
|-boost|p1a: Just the Lightning|spa|1
|-boost|p1a: Just the Lightning|spd|1
|
|-heal|p1a: Just the Lightning|302\/322|[from] item: Leftovers
|turn|17
|
|switch|p2a: Raikouite|Raikou, shiny|322\/322
|-ability|p2a: Raikouite|Pressure
|move|p1a: Just the Lightning|Thunderbolt|p2a: Raikouite
|-resisted|p2a: Raikouite
|-damage|p2a: Raikouite|205\/322
|
|-heal|p2a: Raikouite|225\/322|[from] item: Leftovers
|-heal|p1a: Just the Lightning|322\/322|[from] item: Leftovers
|turn|18
|
|move|p1a: Just the Lightning|Thunderbolt|p2a: Raikouite
|-resisted|p2a: Raikouite
|-damage|p2a: Raikouite|120\/322
|move|p2a: Raikouite|Calm Mind|p2a: Raikouite
|-boost|p2a: Raikouite|spa|1
|-boost|p2a: Raikouite|spd|1
|
|-heal|p2a: Raikouite|140\/322|[from] item: Leftovers
|turn|19
|
|move|p2a: Raikouite|Thunderbolt|p1a: Just the Lightning
|-resisted|p1a: Just the Lightning
|-damage|p1a: Just the Lightning|255\/322
|move|p1a: Just the Lightning|Thunderbolt|p2a: Raikouite
|-crit|p2a: Raikouite
|-resisted|p2a: Raikouite
|-damage|p2a: Raikouite|0 fnt
|faint|p2a: Raikouite
|
|-heal|p1a: Just the Lightning|275\/322|[from] item: Leftovers
|chat|Sac Riz|Sorry <_<
|
|switch|p2a: Mienshaoite|Mienshao, F, shiny|271\/271
|turn|20
|
|move|p2a: Mienshaoite|Fake Out|p1a: Just the Lightning
|-damage|p1a: Just the Lightning|198\/322
|-damage|p2a: Mienshaoite|244\/271|[from] item: Life Orb
|cant|p1a: Just the Lightning|flinch
|
|-heal|p1a: Just the Lightning|218\/322|[from] item: Leftovers
|turn|21
|
|move|p1a: Just the Lightning|Thunderbolt|p2a: Mienshaoite
|-damage|p2a: Mienshaoite|0 fnt
|faint|p2a: Mienshaoite
|
|-heal|p1a: Just the Lightning|238\/322|[from] item: Leftovers
|
|switch|p2a: Honchkrowite|Honchkrow, M, shiny|320\/341
|turn|22
|
|move|p1a: Just the Lightning|Substitute|p1a: Just the Lightning
|-start|p1a: Just the Lightning|Substitute
|-damage|p1a: Just the Lightning|158\/322
|move|p2a: Honchkrowite|Substitute|p2a: Honchkrowite
|-start|p2a: Honchkrowite|Substitute
|-damage|p2a: Honchkrowite|235\/341
|
|-heal|p1a: Just the Lightning|178\/322|[from] item: Leftovers
|turn|23
|
|move|p2a: Honchkrowite|Sucker Punch|p1a: Just the Lightning
|-end|p1a: Just the Lightning|Substitute
|move|p1a: Just the Lightning|Thunderbolt|p2a: Honchkrowite
|-supereffective|p2a: Honchkrowite
|-end|p2a: Honchkrowite|Substitute
|
|-heal|p1a: Just the Lightning|198\/322|[from] item: Leftovers
|turn|24
|
|move|p2a: Honchkrowite|Sucker Punch|p1a: Just the Lightning
|-damage|p1a: Just the Lightning|0 fnt
|faint|p1a: Just the Lightning
|-boost|p2a: Honchkrowite|atk|1|[from] ability: Moxie
|
|chat|Sac Riz|J'ai fait une erreur o:
|
|switch|p1a: Requiem|Absol, M|271\/271
|turn|25
|
|detailschange|p1a: Requiem|Absol-Mega, M
|message|Absol has Mega Evolved into Mega Absol!
|move|p2a: Honchkrowite|Sucker Punch|p1a: Requiem
|-resisted|p1a: Requiem
|-damage|p1a: Requiem|61\/271
|move|p1a: Requiem|Play Rough|p2a: Honchkrowite
|-supereffective|p2a: Honchkrowite
|-damage|p2a: Honchkrowite|0 fnt
|faint|p2a: Honchkrowite
|
|
|switch|p2a: Hippowdonite|Hippowdon, F, shiny|202\/420
|-weather|Sandstorm
|turn|26
|
|switch|p1a: Sombrero|Noivern, F|311\/311
|move|p2a: Hippowdonite|Slack Off|p2a: Hippowdonite
|-heal|p2a: Hippowdonite|412\/420
|
|-weather|Sandstorm|[upkeep]
|-damage|p1a: Sombrero|292\/311|[from] sandstorm
|-heal|p2a: Hippowdonite|420\/420|[from] item: Leftovers
|turn|27
|
|move|p1a: Sombrero|Hurricane|p2a: Hippowdonite
|-damage|p2a: Hippowdonite|71\/420
|move|p2a: Hippowdonite|Stealth Rock|p1a: Sombrero
|-sidestart|p1: Sac Riz|move: Stealth Rock
|
|-weather|Sandstorm|[upkeep]
|-damage|p1a: Sombrero|273\/311|[from] sandstorm
|-heal|p2a: Hippowdonite|97\/420|[from] item: Leftovers
|turn|28
|
|move|p1a: Sombrero|Hurricane|p2a: Hippowdonite
|-damage|p2a: Hippowdonite|0 fnt
|faint|p2a: Hippowdonite
|
|-weather|Sandstorm|[upkeep]
|-damage|p1a: Sombrero|254\/311|[from] sandstorm
|
|switch|p2a: Tentacruelite|Tentacruel, F, shiny|107\/362
|turn|29
|
|move|p1a: Sombrero|Hurricane|p2a: Tentacruelite
|-damage|p2a: Tentacruelite|0 fnt
|faint|p2a: Tentacruelite
|
|-weather|Sandstorm|[upkeep]
|-damage|p1a: Sombrero|235\/311|[from] sandstorm
|
|switch|p2a: Shayminite|Shaymin, shiny|187\/341
|turn|30
|
|move|p1a: Sombrero|Hurricane|p2a: Shayminite|[miss]
|-miss|p1a: Sombrero|p2a: Shayminite
|move|p2a: Shayminite|Seed Flare|p1a: Sombrero
|-resisted|p1a: Sombrero
|-damage|p1a: Sombrero|171\/311
|-damage|p2a: Shayminite|153\/341|[from] item: Life Orb
|
|-weather|none
|turn|31
|
|move|p1a: Sombrero|Hurricane|p2a: Shayminite|[miss]
|-miss|p1a: Sombrero|p2a: Shayminite
|move|p2a: Shayminite|Seed Flare|p1a: Sombrero
|-resisted|p1a: Sombrero
|-damage|p1a: Sombrero|105\/311
|-damage|p2a: Shayminite|119\/341|[from] item: Life Orb
|
|turn|32
|
|move|p1a: Sombrero|Hurricane|p2a: Shayminite
|-supereffective|p2a: Shayminite
|-damage|p2a: Shayminite|0 fnt
|faint|p2a: Shayminite
|
|win|Sac Riz
|chat|Maomiraeniya|gg
|chat|Sac Riz|gg
|chat|Sac Riz|Eclat magique sur Shaymin c'est pas mal