|join|Sac Riz
|join|Arme
|player|p1|Sac Riz|1
|player|p2|Arme|99
|gametype|singles
|gen|6
|tier|UU
|rated
|rule|Sleep Clause Mod: Limit one foe put to sleep
|rule|Species Clause: Limit one of each PokÃ©mon
|rule|OHKO Clause: OHKO moves are banned
|rule|Moody Clause: Moody is banned
|rule|Evasion Moves Clause: Evasion moves are banned
|rule|Endless Battle Clause: Forcing endless battles is banned
|rule|HP Percentage Mod: HP is shown in percentages
|clearpoke
|poke|p1|Absol, F
|poke|p1|Nidoqueen, F
|poke|p1|Chandelure, F
|poke|p1|Vaporeon, M
|poke|p1|Togekiss, M
|poke|p1|Haxorus, M
|poke|p2|Froslass, F, shiny
|poke|p2|Suicune
|poke|p2|Goodra, M
|poke|p2|Dugtrio, F
|poke|p2|Aggron, M
|poke|p2|Trevenant, F
|rule|Swagger Clause: Swagger is banned
|rule|Baton Pass Clause: Limit one PokÃ©mon knowing Baton Pass
|teampreview
|
|start
|switch|p1a: Requiem|Absol, F|271\/271
|switch|p2a: ice spirit|Froslass, F, shiny|282\/282
|turn|1
|
|detailschange|p1a: Requiem|Absol-Mega, F
|message|Absol has Mega Evolved into Mega Absol!
|move|p2a: ice spirit|Icy Wind|p1a: Requiem
|-miss|p2a: ice spirit|p1a: Requiem
|move|p1a: Requiem|Night Slash|p2a: ice spirit
|-supereffective|p2a: ice spirit
|-enditem|p2a: ice spirit|Focus Sash
|-damage|p2a: ice spirit|1\/282
|
|turn|2
|
|move|p1a: Requiem|Swords Dance|p1a: Requiem
|-boost|p1a: Requiem|atk|2
|move|p2a: ice spirit|Destiny Bond|p2a: ice spirit
|-singlemove|p2a: ice spirit|Destiny Bond
|
|turn|3
|
|move|p1a: Requiem|Swords Dance|p1a: Requiem
|-boost|p1a: Requiem|atk|2
|move|p2a: ice spirit|Icy Wind|p1a: Requiem
|-damage|p1a: Requiem|163\/271
|-unboost|p1a: Requiem|spe|1
|
|turn|4
|
|move|p2a: ice spirit|Destiny Bond|p2a: ice spirit
|-singlemove|p2a: ice spirit|Destiny Bond
|move|p1a: Requiem|Night Slash|p2a: ice spirit
|-supereffective|p2a: ice spirit
|-damage|p2a: ice spirit|0 fnt
|faint|p2a: ice spirit
|-activate|p2a: ice spirit|Destiny Bond
|faint|p1a: Requiem
|
|
|switch|p1a: Chandelure|Chandelure, F|262\/262
|switch|p2a: Valar Morghulis|Suicune|404\/404
|-ability|p2a: Valar Morghulis|Pressure
|turn|5
|
|switch|p1a: Haxorus|Haxorus, M|294\/294
|-ability|p1a: Haxorus|Mold Breaker
|move|p2a: Valar Morghulis|Calm Mind|p2a: Valar Morghulis
|-boost|p2a: Valar Morghulis|spa|1
|-boost|p2a: Valar Morghulis|spd|1
|
|turn|6
|
|move|p1a: Haxorus|Dragon Dance|p1a: Haxorus
|-boost|p1a: Haxorus|atk|1
|-boost|p1a: Haxorus|spe|1
|move|p2a: Valar Morghulis|Scald|p1a: Haxorus
|-resisted|p1a: Haxorus
|-damage|p1a: Haxorus|204\/294
|
|turn|7
|
|move|p1a: Haxorus|Outrage|p2a: Valar Morghulis
|-crit|p2a: Valar Morghulis
|-damage|p2a: Valar Morghulis|0 fnt
|-damage|p1a: Haxorus|175\/294|[from] item: Life Orb
|faint|p2a: Valar Morghulis
|
|
|switch|p2a: Aggron|Aggron, M|344\/344
|turn|8
|
|detailschange|p2a: Aggron|Aggron-Mega, M
|message|Aggron has Mega Evolved into Mega Aggron!
|move|p1a: Haxorus|Outrage|p2a: Aggron
|-resisted|p2a: Aggron
|-damage|p2a: Aggron|245\/344
|-damage|p1a: Haxorus|146\/294|[from] item: Life Orb
|move|p2a: Aggron|Stealth Rock|p1a: Haxorus
|-sidestart|p1: Sac Riz|move: Stealth Rock
|
|-end|p1a: Haxorus|rampage
|-start|p1a: Haxorus|confusion
|turn|9
|
|switch|p1a: Vaporeon|Vaporeon, M|464\/464
|-damage|p1a: Vaporeon|406\/464|[from] Stealth Rock
|move|p2a: Aggron|Dragon Tail|p1a: Vaporeon
|-damage|p1a: Vaporeon|331\/464
|drag|p1a: Chandelure|Chandelure, F|262\/262
|-damage|p1a: Chandelure|197\/262|[from] Stealth Rock
|
|-heal|p1a: Chandelure|213\/262|[from] item: Leftovers
|turn|10
|join|Hiro Test
|
|switch|p2a: Goodra|Goodra, M|384\/384
|move|p1a: Chandelure|Substitute|p1a: Chandelure
|-start|p1a: Chandelure|Substitute
|-damage|p1a: Chandelure|148\/262
|
|-heal|p1a: Chandelure|164\/262|[from] item: Leftovers
|turn|11
|
|move|p1a: Chandelure|Calm Mind|p1a: Chandelure
|-boost|p1a: Chandelure|spa|1
|-boost|p1a: Chandelure|spd|1
|move|p2a: Goodra|Dragon Tail|p1a: Chandelure
|-end|p1a: Chandelure|Substitute
|
|-heal|p1a: Chandelure|180\/262|[from] item: Leftovers
|turn|12
|
|move|p1a: Chandelure|Shadow Ball|p2a: Goodra
|-damage|p2a: Goodra|243\/384
|-unboost|p2a: Goodra|spd|1
|move|p2a: Goodra|Dragon Tail|p1a: Chandelure
|-damage|p1a: Chandelure|99\/262
|drag|p1a: Vaporeon|Vaporeon, M|331\/464
|-damage|p1a: Vaporeon|273\/464|[from] Stealth Rock
|
|-heal|p2a: Goodra|267\/384|[from] item: Leftovers
|-heal|p1a: Vaporeon|302\/464|[from] item: Leftovers
|turn|13
|
|move|p2a: Goodra|Curse|p2a: Goodra
|-boost|p2a: Goodra|atk|1
|-boost|p2a: Goodra|def|1
|-unboost|p2a: Goodra|spe|1
|move|p1a: Vaporeon|Wish|p1a: Vaporeon
|
|-heal|p1a: Vaporeon|331\/464|[from] item: Leftovers
|-heal|p2a: Goodra|291\/384|[from] item: Leftovers
|turn|14
|
|move|p1a: Vaporeon|Scald|p2a: Goodra
|-resisted|p2a: Goodra
|-damage|p2a: Goodra|249\/384
|move|p2a: Goodra|Curse|p2a: Goodra
|-boost|p2a: Goodra|atk|1
|-boost|p2a: Goodra|def|1
|-unboost|p2a: Goodra|spe|1
|
|-heal|p1a: Vaporeon|464\/464|[from] move: Wish|[wisher] Vaporeon
|-heal|p2a: Goodra|273\/384|[from] item: Leftovers
|turn|15
|
|move|p1a: Vaporeon|Scald|p2a: Goodra
|-resisted|p2a: Goodra
|-damage|p2a: Goodra|234\/384
|move|p2a: Goodra|Dragon Tail|p1a: Vaporeon|[miss]
|-miss|p2a: Goodra|p1a: Vaporeon
|
|-heal|p2a: Goodra|258\/384|[from] item: Leftovers
|turn|16
|
|move|p1a: Vaporeon|Scald|p2a: Goodra
|-crit|p2a: Goodra
|-resisted|p2a: Goodra
|-damage|p2a: Goodra|192\/384
|move|p2a: Goodra|Dragon Tail|p1a: Vaporeon
|-damage|p1a: Vaporeon|313\/464
|drag|p1a: Togekiss|Togekiss, M|374\/374
|-damage|p1a: Togekiss|281\/374|[from] Stealth Rock
|
|-heal|p1a: Togekiss|304\/374|[from] item: Leftovers
|-heal|p2a: Goodra|216\/384|[from] item: Leftovers
|turn|17
|
|switch|p2a: Aggron|Aggron-Mega, M|245\/344
|move|p1a: Togekiss|Thunder Wave|p2a: Aggron
|-status|p2a: Aggron|par
|
|-heal|p1a: Togekiss|327\/374|[from] item: Leftovers
|turn|18
|
|move|p1a: Togekiss|Defog|p2a: Aggron
|-unboost|p2a: Aggron|evasion|1
|-sideend|p1: Sac Riz|Stealth Rock|[from] move: Defog|[of] p1a: Togekiss
|cant|p2a: Aggron|par
|
|-heal|p1a: Togekiss|350\/374|[from] item: Leftovers
|turn|19
|
|switch|p1a: Vaporeon|Vaporeon, M|313\/464
|move|p2a: Aggron|Heavy Slam|p1a: Vaporeon
|-resisted|p1a: Vaporeon
|-damage|p1a: Vaporeon|188\/464
|
|-heal|p1a: Vaporeon|217\/464|[from] item: Leftovers
|turn|20
|
|switch|p2a: Revenant|Trevenant, F|374\/374
|move|p1a: Vaporeon|Wish|p1a: Vaporeon
|
|-heal|p1a: Vaporeon|246\/464|[from] item: Leftovers
|turn|21
|
|switch|p1a: Chandelure|Chandelure, F|99\/262
|move|p2a: Revenant|Leech Seed|p1a: Chandelure
|-start|p1a: Chandelure|move: Leech Seed
|
|-heal|p1a: Chandelure|262\/262|[from] move: Wish|[wisher] Vaporeon
|-damage|p1a: Chandelure|230\/262|[from] Leech Seed|[of] p2a: Revenant
|turn|22
|
|switch|p2a: Goodra|Goodra, M|216\/384
|move|p1a: Chandelure|Fire Blast|p2a: Goodra
|-resisted|p2a: Goodra
|-damage|p2a: Goodra|153\/384
|
|-heal|p1a: Chandelure|246\/262|[from] item: Leftovers
|-heal|p2a: Goodra|177\/384|[from] item: Leftovers
|-damage|p1a: Chandelure|214\/262|[from] Leech Seed|[of] p2a: Goodra
|-heal|p2a: Goodra|209\/384|[silent]
|turn|23
|
|switch|p1a: Vaporeon|Vaporeon, M|246\/464
|move|p2a: Goodra|Curse|p2a: Goodra
|-boost|p2a: Goodra|atk|1
|-boost|p2a: Goodra|def|1
|-unboost|p2a: Goodra|spe|1
|
|-heal|p1a: Vaporeon|275\/464|[from] item: Leftovers
|-heal|p2a: Goodra|233\/384|[from] item: Leftovers
|turn|24
|
|move|p1a: Vaporeon|Scald|p2a: Goodra
|-resisted|p2a: Goodra
|-damage|p2a: Goodra|206\/384
|move|p2a: Goodra|Curse|p2a: Goodra
|-boost|p2a: Goodra|atk|1
|-boost|p2a: Goodra|def|1
|-unboost|p2a: Goodra|spe|1
|
|-heal|p1a: Vaporeon|304\/464|[from] item: Leftovers
|-heal|p2a: Goodra|230\/384|[from] item: Leftovers
|turn|25
|
|move|p1a: Vaporeon|Scald|p2a: Goodra
|-crit|p2a: Goodra
|-resisted|p2a: Goodra
|-damage|p2a: Goodra|189\/384
|move|p2a: Goodra|Curse|p2a: Goodra
|-boost|p2a: Goodra|atk|1
|-boost|p2a: Goodra|def|1
|-unboost|p2a: Goodra|spe|1
|
|-heal|p1a: Vaporeon|333\/464|[from] item: Leftovers
|-heal|p2a: Goodra|213\/384|[from] item: Leftovers
|turn|26
|
|move|p1a: Vaporeon|Scald|p2a: Goodra
|-resisted|p2a: Goodra
|-damage|p2a: Goodra|186\/384
|move|p2a: Goodra|Curse|p2a: Goodra
|-boost|p2a: Goodra|atk|1
|-boost|p2a: Goodra|def|1
|-unboost|p2a: Goodra|spe|1
|
|-heal|p1a: Vaporeon|362\/464|[from] item: Leftovers
|-heal|p2a: Goodra|210\/384|[from] item: Leftovers
|turn|27
|
|move|p1a: Vaporeon|Scald|p2a: Goodra
|-resisted|p2a: Goodra
|-damage|p2a: Goodra|181\/384
|move|p2a: Goodra|Curse|p2a: Goodra
|-boost|p2a: Goodra|atk|1
|-boost|p2a: Goodra|def|1
|-unboost|p2a: Goodra|spe|1
|
|-heal|p1a: Vaporeon|391\/464|[from] item: Leftovers
|-heal|p2a: Goodra|205\/384|[from] item: Leftovers
|turn|28
|
|move|p1a: Vaporeon|Scald|p2a: Goodra
|-resisted|p2a: Goodra
|-damage|p2a: Goodra|179\/384
|-status|p2a: Goodra|brn
|move|p2a: Goodra|Curse|p2a: Goodra
|-boost|p2a: Goodra|atk|1
|-boost|p2a: Goodra|def|1
|-unboost|p2a: Goodra|spe|1
|
|-heal|p1a: Vaporeon|420\/464|[from] item: Leftovers
|-heal|p2a: Goodra|203\/384 brn|[from] item: Leftovers
|-damage|p2a: Goodra|155\/384 brn|[from] brn
|turn|29
|
|move|p1a: Vaporeon|Wish|p1a: Vaporeon
|move|p2a: Goodra|Rest|p2a: Goodra
|-status|p2a: Goodra|slp
|-heal|p2a: Goodra|384\/384 slp|[silent]
|-status|p2a: Goodra|slp|[from] move: Rest
|
|-heal|p1a: Vaporeon|449\/464|[from] item: Leftovers
|turn|30
|
|switch|p1a: Togekiss|Togekiss, M|350\/374
|cant|p2a: Goodra|slp
|move|p2a: Goodra|Sleep Talk|p2a: Goodra
|move|p2a: Goodra|Dragon Tail|p1a: Togekiss|[from]Sleep Talk
|-immune|p1a: Togekiss|[msg]
|
|-heal|p1a: Togekiss|374\/374|[from] move: Wish|[wisher] Vaporeon
|turn|31
|c|âSac Riz|No
|c|âSac Riz|Mono attacker
|c|âSac Riz|Dragon Tail
|
|switch|p2a: Aggron|Aggron-Mega, M|245\/344 par
|move|p1a: Togekiss|Air Slash|p2a: Aggron
|-resisted|p2a: Aggron
|-damage|p2a: Aggron|185\/344 par
|
|turn|32
|c| Hiro Test|xD
|
|switch|p1a: Chandelure|Chandelure, F|214\/262
|move|p2a: Aggron|Heavy Slam|p1a: Chandelure
|-resisted|p1a: Chandelure
|-damage|p1a: Chandelure|78\/262
|
|-heal|p1a: Chandelure|94\/262|[from] item: Leftovers
|turn|33
|
|move|p1a: Chandelure|Fire Blast|p2a: Aggron
|-supereffective|p2a: Aggron
|-damage|p2a: Aggron|0 fnt
|faint|p2a: Aggron
|
|-heal|p1a: Chandelure|110\/262|[from] item: Leftovers
|
|switch|p2a: Dugtrio|Dugtrio, F|212\/212
|turn|34
|
|switch|p1a: Vaporeon|Vaporeon, M|449\/464
|move|p2a: Dugtrio|Earthquake|p1a: Vaporeon
|-damage|p1a: Vaporeon|285\/464
|-damage|p2a: Dugtrio|191\/212|[from] item: Life Orb
|
|-heal|p1a: Vaporeon|314\/464|[from] item: Leftovers
|turn|35
|c|âSac Riz|No
|
|switch|p2a: Revenant|Trevenant, F|374\/374
|move|p1a: Vaporeon|Scald|p2a: Revenant
|-resisted|p2a: Revenant
|-damage|p2a: Revenant|329\/374
|
|-heal|p1a: Vaporeon|343\/464|[from] item: Leftovers
|turn|36
|
|move|p1a: Vaporeon|Wish|p1a: Vaporeon
|move|p2a: Revenant|Horn Leech|p1a: Vaporeon
|-supereffective|p1a: Vaporeon
|-damage|p1a: Vaporeon|143\/464
|-heal|p2a: Revenant|374\/374|[from] drain|[of] p1a: Vaporeon
|
|-heal|p1a: Vaporeon|172\/464|[from] item: Leftovers
|turn|37
|
|switch|p1a: Chandelure|Chandelure, F|110\/262
|move|p2a: Revenant|Horn Leech|p1a: Chandelure
|-resisted|p1a: Chandelure
|-damage|p1a: Chandelure|59\/262
|
|-heal|p1a: Chandelure|262\/262|[from] move: Wish|[wisher] Vaporeon
|turn|38
|
|switch|p2a: Goodra|Goodra, M|384\/384 slp
|move|p1a: Chandelure|Fire Blast|p2a: Goodra
|-resisted|p2a: Goodra
|-damage|p2a: Goodra|316\/384 slp
|
|-heal|p2a: Goodra|340\/384 slp|[from] item: Leftovers
|turn|39
|
|switch|p1a: Haxorus|Haxorus, M|146\/294
|-ability|p1a: Haxorus|Mold Breaker
|cant|p2a: Goodra|slp
|move|p2a: Goodra|Sleep Talk|p2a: Goodra
|move|p2a: Goodra|Curse|p2a: Goodra|[from]Sleep Talk
|-boost|p2a: Goodra|atk|1
|-boost|p2a: Goodra|def|1
|-unboost|p2a: Goodra|spe|1
|
|-heal|p2a: Goodra|364\/384 slp|[from] item: Leftovers
|turn|40
|
|move|p1a: Haxorus|Outrage|p2a: Goodra
|-supereffective|p2a: Goodra
|-damage|p2a: Goodra|0 fnt
|-damage|p1a: Haxorus|117\/294|[from] item: Life Orb
|faint|p2a: Goodra
|
|
|switch|p2a: Dugtrio|Dugtrio, F|191\/212
|turn|41
|
|move|p2a: Dugtrio|Earthquake|p1a: Haxorus
|-damage|p1a: Haxorus|0 fnt
|-damage|p2a: Dugtrio|170\/212|[from] item: Life Orb
|faint|p1a: Haxorus
|
|
|switch|p1a: Vaporeon|Vaporeon, M|172\/464
|turn|42
|
|switch|p2a: Revenant|Trevenant, F|374\/374
|move|p1a: Vaporeon|Protect|p1a: Vaporeon
|-fail|p1a: Vaporeon
|
|-heal|p1a: Vaporeon|201\/464|[from] item: Leftovers
|turn|43
|
|switch|p1a: Chandelure|Chandelure, F|262\/262
|move|p2a: Revenant|Will-O-Wisp|p1a: Chandelure
|-fail|p1a: Chandelure
|
|turn|44
|
|move|p1a: Chandelure|Fire Blast|p2a: Revenant
|-supereffective|p2a: Revenant
|-damage|p2a: Revenant|0 fnt
|faint|p2a: Revenant
|
|c|âSac Riz|gg
|
|switch|p2a: Dugtrio|Dugtrio, F|170\/212
|turn|45
|c|âArme|gg
|
|switch|p1a: Vaporeon|Vaporeon, M|201\/464
|move|p2a: Dugtrio|Earthquake|p1a: Vaporeon
|-damage|p1a: Vaporeon|48\/464
|-damage|p2a: Dugtrio|149\/212|[from] item: Life Orb
|
|-heal|p1a: Vaporeon|77\/464|[from] item: Leftovers
|turn|46
|
|move|p1a: Vaporeon|Protect|p1a: Vaporeon
|-singleturn|p1a: Vaporeon|Protect
|move|p2a: Dugtrio|Earthquake|p1a: Vaporeon
|-activate|p1a: Vaporeon|Protect
|
|-heal|p1a: Vaporeon|106\/464|[from] item: Leftovers
|turn|47
|
|move|p2a: Dugtrio|Earthquake|p1a: Vaporeon
|-damage|p1a: Vaporeon|0 fnt
|-damage|p2a: Dugtrio|128\/212|[from] item: Life Orb
|faint|p1a: Vaporeon
|
|
|switch|p1a: Togekiss|Togekiss, M|374\/374
|turn|48
|
|move|p2a: Dugtrio|Stone Edge|p1a: Togekiss
|-supereffective|p1a: Togekiss
|-damage|p1a: Togekiss|158\/374
|-damage|p2a: Dugtrio|107\/212|[from] item: Life Orb
|move|p1a: Togekiss|Air Slash|p2a: Dugtrio
|-damage|p2a: Dugtrio|0 fnt
|faint|p2a: Dugtrio
|
|win|Sac Riz
|raw|Ladder updating...
|raw|Sac Riz's rating: 1482 &rarr; <strong>1497<\/strong><br \/>(+15 for winning)
|raw|Arme's rating: 1398 &rarr; <strong>1383<\/strong><br \/>(-15 for losing)
|leave|Arme
|player|p2
|leave|Hiro Test