|join|chelsey5
|join|Sac Riz
|player|p1|chelsey5|170
|player|p2|Sac Riz|102
|gametype|singles
|gen|6
|tier|UU
|rated
|rule|Sleep Clause Mod: Limit one foe put to sleep
|rule|Species Clause: Limit one of each PokÃ©mon
|rule|OHKO Clause: OHKO moves are banned
|rule|Moody Clause: Moody is banned
|rule|Evasion Moves Clause: Evasion moves are banned
|rule|Endless Battle Clause: Forcing endless battles is banned
|rule|HP Percentage Mod: HP is shown in percentages
|clearpoke
|poke|p1|Porygon2
|poke|p1|Milotic, F
|poke|p1|Rotom-Heat
|poke|p1|Umbreon, F
|poke|p1|Crobat, F
|poke|p1|Donphan, F
|poke|p2|Absol, M
|poke|p2|Nidoqueen, F
|poke|p2|Chandelure, F
|poke|p2|Vaporeon, F
|poke|p2|Haxorus, M
|poke|p2|Togetic, M
|rule|Swagger Clause: Swagger is banned
|rule|Baton Pass Clause: Limit one PokÃ©mon knowing Baton Pass
|teampreview
|
|start
|switch|p1a: Crobat|Crobat, F|311\/311
|switch|p2a: Nidoqueen|Nidoqueen, F|384\/384
|turn|1
|
|move|p1a: Crobat|Zen Headbutt|p2a: Nidoqueen
|-supereffective|p2a: Nidoqueen
|-damage|p2a: Nidoqueen|128\/384
|move|p2a: Nidoqueen|Ice Beam|p1a: Crobat
|-supereffective|p1a: Crobat
|-damage|p1a: Crobat|0 fnt
|faint|p1a: Crobat
|
|
|switch|p1a: Porygon2|Porygon2|374\/374
|-ability|p1a: Porygon2|Sheer Force|[from] ability: Trace|[of] p2a: Nidoqueen
|turn|2
|
|move|p2a: Nidoqueen|Stealth Rock|p1a: Porygon2
|-sidestart|p1: chelsey5|move: Stealth Rock
|move|p1a: Porygon2|Ice Beam|p2a: Nidoqueen
|-supereffective|p2a: Nidoqueen
|-damage|p2a: Nidoqueen|0 fnt
|faint|p2a: Nidoqueen
|
|
|switch|p2a: Chandelure|Chandelure, F|262\/262
|turn|3
|
|move|p2a: Chandelure|Substitute|p2a: Chandelure
|-start|p2a: Chandelure|Substitute
|-damage|p2a: Chandelure|197\/262
|move|p1a: Porygon2|Thunder Wave|p2a: Chandelure
|
|-heal|p2a: Chandelure|213\/262|[from] item: Leftovers
|turn|4
|
|switch|p1a: Umbreon|Umbreon, F|394\/394
|-damage|p1a: Umbreon|345\/394|[from] Stealth Rock
|move|p2a: Chandelure|Calm Mind|p2a: Chandelure
|-boost|p2a: Chandelure|spa|1
|-boost|p2a: Chandelure|spd|1
|
|-heal|p2a: Chandelure|229\/262|[from] item: Leftovers
|-heal|p1a: Umbreon|369\/394|[from] item: Leftovers
|turn|5
|
|move|p2a: Chandelure|Fire Blast|p1a: Umbreon
|-damage|p1a: Umbreon|165\/394
|move|p1a: Umbreon|Foul Play|p2a: Chandelure
|-crit|p2a: Chandelure
|-supereffective|p2a: Chandelure
|-end|p2a: Chandelure|Substitute
|
|-heal|p2a: Chandelure|245\/262|[from] item: Leftovers
|-heal|p1a: Umbreon|189\/394|[from] item: Leftovers
|turn|6
|
|move|p1a: Umbreon|Protect|p1a: Umbreon
|-singleturn|p1a: Umbreon|Protect
|move|p2a: Chandelure|Calm Mind|p2a: Chandelure
|-boost|p2a: Chandelure|spa|1
|-boost|p2a: Chandelure|spd|1
|
|-heal|p2a: Chandelure|261\/262|[from] item: Leftovers
|-heal|p1a: Umbreon|213\/394|[from] item: Leftovers
|turn|7
|
|move|p2a: Chandelure|Fire Blast|p1a: Umbreon
|-damage|p1a: Umbreon|0 fnt
|faint|p1a: Umbreon
|
|-heal|p2a: Chandelure|262\/262|[from] item: Leftovers
|
|switch|p1a: Milotic|Milotic, F|394\/394
|-damage|p1a: Milotic|345\/394|[from] Stealth Rock
|turn|8
|
|move|p2a: Chandelure|Substitute|p2a: Chandelure
|-start|p2a: Chandelure|Substitute
|-damage|p2a: Chandelure|197\/262
|move|p1a: Milotic|Haze|p1a: Milotic
|-clearallboost
|
|-heal|p2a: Chandelure|213\/262|[from] item: Leftovers
|-heal|p1a: Milotic|369\/394|[from] item: Leftovers
|turn|9
|
|move|p2a: Chandelure|Calm Mind|p2a: Chandelure
|-boost|p2a: Chandelure|spa|1
|-boost|p2a: Chandelure|spd|1
|move|p1a: Milotic|Scald|p2a: Chandelure
|-supereffective|p2a: Chandelure
|-end|p2a: Chandelure|Substitute
|
|-heal|p2a: Chandelure|229\/262|[from] item: Leftovers
|-heal|p1a: Milotic|393\/394|[from] item: Leftovers
|turn|10
|
|move|p2a: Chandelure|Calm Mind|p2a: Chandelure
|-boost|p2a: Chandelure|spa|1
|-boost|p2a: Chandelure|spd|1
|move|p1a: Milotic|Haze|p1a: Milotic
|-clearallboost
|
|-heal|p2a: Chandelure|245\/262|[from] item: Leftovers
|-heal|p1a: Milotic|394\/394|[from] item: Leftovers
|turn|11
|
|switch|p2a: Haxorus|Haxorus, M|294\/294
|-ability|p2a: Haxorus|Mold Breaker
|move|p1a: Milotic|Scald|p2a: Haxorus
|-resisted|p2a: Haxorus
|-damage|p2a: Haxorus|234\/294
|
|turn|12
|
|move|p2a: Haxorus|Dragon Dance|p2a: Haxorus
|-boost|p2a: Haxorus|atk|1
|-boost|p2a: Haxorus|spe|1
|move|p1a: Milotic|Toxic|p2a: Haxorus
|-status|p2a: Haxorus|tox
|
|-damage|p2a: Haxorus|216\/294 tox|[from] psn
|turn|13
|
|move|p2a: Haxorus|Outrage|p1a: Milotic
|-crit|p1a: Milotic
|-damage|p1a: Milotic|0 fnt
|-damage|p2a: Haxorus|187\/294 tox|[from] item: Life Orb
|faint|p1a: Milotic
|
|-damage|p2a: Haxorus|151\/294 tox|[from] psn
|
|switch|p1a: Donphan|Donphan, F|321\/321
|-damage|p1a: Donphan|301\/321|[from] Stealth Rock
|turn|14
|
|move|p1a: Donphan|Ice Shard|p2a: Haxorus
|-supereffective|p2a: Haxorus
|-damage|p2a: Haxorus|51\/294 tox
|move|p2a: Haxorus|Outrage|p1a: Donphan
|-damage|p1a: Donphan|0 fnt
|-damage|p2a: Haxorus|22\/294 tox|[from] item: Life Orb
|faint|p1a: Donphan
|
|-damage|p2a: Haxorus|0 fnt|[from] psn
|faint|p2a: Haxorus
|
|switch|p1a: Rotom-Heat|Rotom-Heat|241\/241
|-damage|p1a: Rotom-Heat|181\/241|[from] Stealth Rock
|switch|p2a: Chandelure|Chandelure, F|245\/262
|turn|15
|
|move|p1a: Rotom-Heat|Trick|p2a: Chandelure
|-activate|p1a: Rotom-Heat|move: Trick|[of] p2a: Chandelure
|-item|p2a: Chandelure|Choice Scarf|[from] move: Trick
|-item|p1a: Rotom-Heat|Leftovers|[from] move: Trick
|move|p2a: Chandelure|Substitute|p2a: Chandelure
|-start|p2a: Chandelure|Substitute
|-damage|p2a: Chandelure|180\/262
|
|-heal|p1a: Rotom-Heat|196\/241|[from] item: Leftovers
|turn|16
|
|switch|p2a: Vaporeon|Vaporeon, F|464\/464
|move|p1a: Rotom-Heat|Volt Switch|p2a: Vaporeon
|-supereffective|p2a: Vaporeon
|-damage|p2a: Vaporeon|248\/464
|
|switch|p1a: Porygon2|Porygon2|374\/374
|-damage|p1a: Porygon2|328\/374|[from] Stealth Rock
|-ability|p1a: Porygon2|Water Absorb|[from] ability: Trace|[of] p2a: Vaporeon
|
|-heal|p2a: Vaporeon|277\/464|[from] item: Leftovers
|turn|17
|
|move|p2a: Vaporeon|Wish|p2a: Vaporeon
|move|p1a: Porygon2|Thunder Wave|p2a: Vaporeon
|-status|p2a: Vaporeon|par
|
|-heal|p2a: Vaporeon|306\/464 par|[from] item: Leftovers
|turn|18
|
|move|p1a: Porygon2|Tri Attack|p2a: Vaporeon
|-damage|p2a: Vaporeon|203\/464 par
|move|p2a: Vaporeon|Heal Bell|p2a: Vaporeon
|-cureteam|p2a: Vaporeon|[from] move: HealBell
|
|-heal|p2a: Vaporeon|435\/464|[from] move: Wish|[wisher] Vaporeon
|-heal|p2a: Vaporeon|464\/464|[from] item: Leftovers
|turn|19
|
|move|p2a: Vaporeon|Scald|p1a: Porygon2
|-heal|p1a: Porygon2|374\/374|[from] ability: Water Absorb|[of] p2a: Vaporeon
|move|p1a: Porygon2|Thunder Wave|p2a: Vaporeon
|-status|p2a: Vaporeon|par
|
|turn|20
|
|move|p1a: Porygon2|Tri Attack|p2a: Vaporeon
|-damage|p2a: Vaporeon|367\/464 par
|move|p2a: Vaporeon|Heal Bell|p2a: Vaporeon
|-cureteam|p2a: Vaporeon|[from] move: HealBell
|
|-heal|p2a: Vaporeon|396\/464|[from] item: Leftovers
|turn|21
|
|switch|p2a: Togetic|Togetic, M|314\/314
|move|p1a: Porygon2|Thunder Wave|p2a: Togetic
|-status|p2a: Togetic|par
|
|turn|22
|
|move|p1a: Porygon2|Ice Beam|p2a: Togetic
|-supereffective|p2a: Togetic
|-damage|p2a: Togetic|246\/314 par
|move|p2a: Togetic|Thunder Wave|p1a: Porygon2
|-status|p1a: Porygon2|par
|
|turn|23
|
|switch|p2a: Requiem|Absol, M|271\/271
|move|p1a: Porygon2|Ice Beam|p2a: Requiem
|-damage|p2a: Requiem|169\/271
|-status|p2a: Requiem|frz
|
|turn|24
|
|switch|p2a: Vaporeon|Vaporeon, F|396\/464
|cant|p1a: Porygon2|par
|
|-heal|p2a: Vaporeon|425\/464|[from] item: Leftovers
|turn|25
|
|move|p2a: Vaporeon|Heal Bell|p2a: Vaporeon
|-cureteam|p2a: Vaporeon|[from] move: HealBell
|move|p1a: Porygon2|Thunder Wave|p2a: Vaporeon
|-status|p2a: Vaporeon|par
|
|-heal|p2a: Vaporeon|454\/464 par|[from] item: Leftovers
|turn|26
|
|move|p2a: Vaporeon|Wish|p2a: Vaporeon
|move|p1a: Porygon2|Tri Attack|p2a: Vaporeon
|-damage|p2a: Vaporeon|346\/464 par
|
|-heal|p2a: Vaporeon|375\/464 par|[from] item: Leftovers
|turn|27
|
|switch|p2a: Requiem|Absol, M|169\/271
|cant|p1a: Porygon2|par
|
|-heal|p2a: Requiem|271\/271|[from] move: Wish|[wisher] Vaporeon
|turn|28
|
|detailschange|p2a: Requiem|Absol-Mega, M
|message|Absol has Mega Evolved into Mega Absol!
|move|p2a: Requiem|Swords Dance|p2a: Requiem
|-boost|p2a: Requiem|atk|2
|cant|p1a: Porygon2|par
|
|turn|29
|
|move|p2a: Requiem|Swords Dance|p2a: Requiem
|-boost|p2a: Requiem|atk|2
|move|p1a: Porygon2|Tri Attack|p2a: Requiem
|-damage|p2a: Requiem|121\/271
|
|turn|30
|
|move|p2a: Requiem|Sucker Punch|p1a: Porygon2
|-damage|p1a: Porygon2|22\/374 par
|move|p1a: Porygon2|Tri Attack|p2a: Requiem
|-damage|p2a: Requiem|0 fnt
|faint|p2a: Requiem
|
|
|switch|p2a: Chandelure|Chandelure, F|180\/262
|turn|31
|
|move|p2a: Chandelure|Fire Blast|p1a: Porygon2
|-damage|p1a: Porygon2|0 fnt
|faint|p1a: Porygon2
|
|
|switch|p1a: Rotom-Heat|Rotom-Heat|196\/241
|-damage|p1a: Rotom-Heat|136\/241|[from] Stealth Rock
|turn|32
|
|move|p2a: Chandelure|Fire Blast|p1a: Rotom-Heat|[miss]
|-miss|p2a: Chandelure|p1a: Rotom-Heat
|move|p1a: Rotom-Heat|Volt Switch|p2a: Chandelure
|-damage|p2a: Chandelure|53\/262
|
|-heal|p1a: Rotom-Heat|151\/241|[from] item: Leftovers
|turn|33
|
|move|p2a: Chandelure|Fire Blast|p1a: Rotom-Heat
|-resisted|p1a: Rotom-Heat
|-damage|p1a: Rotom-Heat|46\/241
|move|p1a: Rotom-Heat|Volt Switch|p2a: Chandelure
|-damage|p2a: Chandelure|0 fnt
|faint|p2a: Chandelure
|
|-heal|p1a: Rotom-Heat|61\/241|[from] item: Leftovers
|
|switch|p2a: Vaporeon|Vaporeon, F|375\/464 par
|turn|34
|
|move|p1a: Rotom-Heat|Volt Switch|p2a: Vaporeon
|-supereffective|p2a: Vaporeon
|-damage|p2a: Vaporeon|153\/464 par
|move|p2a: Vaporeon|Wish|p2a: Vaporeon
|
|-heal|p1a: Rotom-Heat|76\/241|[from] item: Leftovers
|-heal|p2a: Vaporeon|182\/464 par|[from] item: Leftovers
|turn|35
|
|move|p2a: Vaporeon|Protect|p2a: Vaporeon
|-singleturn|p2a: Vaporeon|Protect
|move|p1a: Rotom-Heat|Volt Switch|p2a: Vaporeon
|-activate|p2a: Vaporeon|Protect
|
|-heal|p2a: Vaporeon|414\/464 par|[from] move: Wish|[wisher] Vaporeon
|-heal|p1a: Rotom-Heat|91\/241|[from] item: Leftovers
|-heal|p2a: Vaporeon|443\/464 par|[from] item: Leftovers
|turn|36
|
|move|p1a: Rotom-Heat|Volt Switch|p2a: Vaporeon
|-supereffective|p2a: Vaporeon
|-damage|p2a: Vaporeon|233\/464 par
|move|p2a: Vaporeon|Scald|p1a: Rotom-Heat
|-supereffective|p1a: Rotom-Heat
|-damage|p1a: Rotom-Heat|0 fnt
|faint|p1a: Rotom-Heat
|
|win|Sac Riz
|raw|Ladder updating...
|raw|chelsey5's rating: 1407 &rarr; <strong>1388<\/strong><br \/>(-19 for losing)
|raw|Sac Riz's rating: 1412 &rarr; <strong>1432<\/strong><br \/>(+20 for winning)