|join|Sac Riz
|join|Dani11el
|player|p1|Sac Riz|277
|player|p2|Dani11el|54
|gametype|singles
|gen|6
|tier|UU
|rated
|rule|Sleep Clause Mod: Limit one foe put to sleep
|rule|Species Clause: Limit one of each PokÃ©mon
|rule|OHKO Clause: OHKO moves are banned
|rule|Moody Clause: Moody is banned
|rule|Evasion Moves Clause: Evasion moves are banned
|rule|Endless Battle Clause: Forcing endless battles is banned
|rule|HP Percentage Mod: HP is shown in percentages
|clearpoke
|poke|p1|Absol, F
|poke|p1|Nidoqueen, F
|poke|p1|Chandelure, F
|poke|p1|Haxorus, M
|poke|p1|Vaporeon, F
|poke|p1|Togetic, F
|poke|p2|Aggron, M
|poke|p2|Florges, F
|poke|p2|Goodra, M
|poke|p2|Mienshao, F
|poke|p2|Alakazam, F
|poke|p2|Hydreigon, M
|rule|Swagger Clause: Swagger is banned
|rule|Baton Pass Clause: Limit one PokÃ©mon knowing Baton Pass
|teampreview
|
|start
|switch|p1a: Nidoqueen|Nidoqueen, F|384\/384
|switch|p2a: Hydreigon|Hydreigon, M|325\/325
|turn|1
|
|switch|p1a: Togetic|Togetic, F|314\/314
|move|p2a: Hydreigon|Earth Power|p1a: Togetic
|-immune|p1a: Togetic|[msg]
|
|turn|2
|
|switch|p2a: Aggron|Aggron, M|343\/343
|switch|p1a: Nidoqueen|Nidoqueen, F|384\/384
|
|turn|3
|
|switch|p2a: Hydreigon|Hydreigon, M|325\/325
|move|p1a: Nidoqueen|Earth Power|p2a: Hydreigon
|-immune|p2a: Hydreigon|[msg]
|
|turn|4
|
|move|p2a: Hydreigon|Earth Power|p1a: Nidoqueen
|-supereffective|p1a: Nidoqueen
|-damage|p1a: Nidoqueen|144\/384
|move|p1a: Nidoqueen|Stealth Rock|p2a: Hydreigon
|-sidestart|p2: Dani11el|move: Stealth Rock
|
|turn|5
|
|switch|p2a: Aggron|Aggron, M|343\/343
|-damage|p2a: Aggron|322\/343|[from] Stealth Rock
|switch|p1a: Vaporeon|Vaporeon, F|464\/464
|
|turn|6
|
|switch|p2a: Florges|Florges, F|359\/359
|-damage|p2a: Florges|315\/359|[from] Stealth Rock
|move|p1a: Vaporeon|Wish|p1a: Vaporeon
|
|-heal|p2a: Florges|337\/359|[from] item: Leftovers
|turn|7
|
|switch|p1a: Nidoqueen|Nidoqueen, F|144\/384
|move|p2a: Florges|Toxic|p1a: Nidoqueen
|-fail|p1a: Nidoqueen
|
|-heal|p1a: Nidoqueen|376\/384|[from] move: Wish|[wisher] Vaporeon
|-heal|p2a: Florges|359\/359|[from] item: Leftovers
|turn|8
|
|switch|p2a: Hydreigon|Hydreigon, M|325\/325
|-damage|p2a: Hydreigon|285\/325|[from] Stealth Rock
|move|p1a: Nidoqueen|Sludge Wave|p2a: Hydreigon
|-damage|p2a: Hydreigon|50\/325
|
|turn|9
|
|switch|p1a: Togetic|Togetic, F|314\/314
|move|p2a: Hydreigon|Earth Power|p1a: Togetic
|-immune|p1a: Togetic|[msg]
|
|turn|10
|
|switch|p2a: Florges|Florges, F|359\/359
|-damage|p2a: Florges|315\/359|[from] Stealth Rock
|move|p1a: Togetic|Thunder Wave|p2a: Florges
|-status|p2a: Florges|par
|
|-heal|p2a: Florges|337\/359 par|[from] item: Leftovers
|turn|11
|
|switch|p1a: Nidoqueen|Nidoqueen, F|376\/384
|move|p2a: Florges|Wish|p2a: Florges
|
|-heal|p2a: Florges|359\/359 par|[from] item: Leftovers
|turn|12
|
|switch|p2a: Alakazam|Alakazam, F|251\/251
|move|p1a: Nidoqueen|Sludge Wave|p2a: Alakazam
|-damage|p2a: Alakazam|43\/251
|
|-heal|p2a: Alakazam|222\/251|[from] move: Wish|[wisher] Florges
|turn|13
|
|switch|p1a: Togetic|Togetic, F|314\/314
|move|p2a: Alakazam|Psyshock|p1a: Togetic
|-damage|p1a: Togetic|206\/314
|
|turn|14
|
|move|p2a: Alakazam|Shadow Ball|p1a: Togetic
|-damage|p1a: Togetic|157\/314
|move|p1a: Togetic|Thunder Wave|p2a: Alakazam
|-status|p2a: Alakazam|par
|
|turn|15
|
|switch|p2a: Florges|Florges, F|359\/359 par
|-damage|p2a: Florges|315\/359 par|[from] Stealth Rock
|move|p1a: Togetic|Roost|p1a: Togetic
|-heal|p1a: Togetic|314\/314
|
|-heal|p2a: Florges|337\/359 par|[from] item: Leftovers
|turn|16
|
|switch|p1a: Chandelure|Chandelure, F|262\/262
|cant|p2a: Florges|par
|
|-heal|p2a: Florges|359\/359 par|[from] item: Leftovers
|turn|17
|
|move|p1a: Chandelure|Substitute|p1a: Chandelure
|-start|p1a: Chandelure|Substitute
|-damage|p1a: Chandelure|197\/262
|move|p2a: Florges|Aromatherapy|p2a: Florges
|-cureteam|p2a: Florges|[from] move: Aromatherapy
|
|-heal|p1a: Chandelure|213\/262|[from] item: Leftovers
|turn|18
|
|move|p1a: Chandelure|Calm Mind|p1a: Chandelure
|-boost|p1a: Chandelure|spa|1
|-boost|p1a: Chandelure|spd|1
|move|p2a: Florges|Wish|p2a: Florges
|
|-heal|p1a: Chandelure|229\/262|[from] item: Leftovers
|turn|19
|
|switch|p2a: Hydreigon|Hydreigon, M|50\/325
|-damage|p2a: Hydreigon|10\/325|[from] Stealth Rock
|move|p1a: Chandelure|Shadow Ball|p2a: Hydreigon
|-resisted|p2a: Hydreigon
|-damage|p2a: Hydreigon|0 fnt
|faint|p2a: Hydreigon
|
|-heal|p1a: Chandelure|245\/262|[from] item: Leftovers
|
|switch|p2a: Mienshao|Mienshao, F|271\/271
|-damage|p2a: Mienshao|255\/271|[from] Stealth Rock
|turn|20
|
|move|p2a: Mienshao|Knock Off|p1a: Chandelure
|-supereffective|p1a: Chandelure
|-end|p1a: Chandelure|Substitute
|-damage|p2a: Mienshao|228\/271|[from] item: Life Orb
|move|p1a: Chandelure|Shadow Ball|p2a: Mienshao
|-damage|p2a: Mienshao|0 fnt
|faint|p2a: Mienshao
|
|-heal|p1a: Chandelure|261\/262|[from] item: Leftovers
|
|switch|p2a: Alakazam|Alakazam, F|222\/251
|turn|21
|
|switch|p1a: Requiem|Absol, F|271\/271
|move|p2a: Alakazam|Shadow Ball|p1a: Requiem
|-resisted|p1a: Requiem
|-damage|p1a: Requiem|194\/271
|
|turn|22
|
|switch|p2a: Florges|Florges, F|359\/359
|-damage|p2a: Florges|315\/359|[from] Stealth Rock
|switch|p1a: Nidoqueen|Nidoqueen, F|376\/384
|
|-heal|p2a: Florges|337\/359|[from] item: Leftovers
|turn|23
|
|move|p1a: Nidoqueen|Sludge Wave|p2a: Florges
|-supereffective|p2a: Florges
|-damage|p2a: Florges|111\/359
|move|p2a: Florges|Wish|p2a: Florges
|
|-heal|p2a: Florges|133\/359|[from] item: Leftovers
|turn|24
|
|switch|p2a: Alakazam|Alakazam, F|222\/251
|move|p1a: Nidoqueen|Sludge Wave|p2a: Alakazam
|-damage|p2a: Alakazam|0 fnt
|faint|p2a: Alakazam
|
|
|switch|p2a: Goodra|Goodra, M|383\/383
|-damage|p2a: Goodra|336\/383|[from] Stealth Rock
|turn|25
|
|move|p2a: Goodra|Thunderbolt|p1a: Nidoqueen
|-immune|p1a: Nidoqueen|[msg]
|move|p1a: Nidoqueen|Ice Beam|p2a: Goodra
|-supereffective|p2a: Goodra
|-damage|p2a: Goodra|214\/383
|
|turn|26
|
|move|p2a: Goodra|Draco Meteor|p1a: Nidoqueen
|-damage|p1a: Nidoqueen|130\/384
|-unboost|p2a: Goodra|spa|2
|move|p1a: Nidoqueen|Ice Beam|p2a: Goodra
|-supereffective|p2a: Goodra
|-damage|p2a: Goodra|84\/383
|
|turn|27
|
|move|p2a: Goodra|Draco Meteor|p1a: Nidoqueen
|-damage|p1a: Nidoqueen|7\/384
|-unboost|p2a: Goodra|spa|2
|move|p1a: Nidoqueen|Earth Power|p2a: Goodra
|-damage|p2a: Goodra|0 fnt
|faint|p2a: Goodra
|
|
|switch|p2a: Aggron|Aggron, M|322\/343
|-damage|p2a: Aggron|301\/343|[from] Stealth Rock
|turn|28
|
|detailschange|p2a: Aggron|Aggron-Mega, M
|message|Aggron has Mega Evolved into Mega Aggron!
|move|p1a: Nidoqueen|Earth Power|p2a: Aggron
|-supereffective|p2a: Aggron
|-damage|p2a: Aggron|0 fnt
|faint|p2a: Aggron
|
|c|âDani11el|gg
|
|switch|p2a: Florges|Florges, F|133\/359
|-damage|p2a: Florges|89\/359|[from] Stealth Rock
|turn|29
|c|âSac Riz|gg
|
|move|p1a: Nidoqueen|Sludge Wave|p2a: Florges
|-supereffective|p2a: Florges
|-damage|p2a: Florges|0 fnt
|faint|p2a: Florges
|
|win|Sac Riz
|raw|Ladder updating...
|raw|Sac Riz's rating: 1381 &rarr; <strong>1398<\/strong><br \/>(+17 for winning)
|raw|Dani11el's rating: 1328 &rarr; <strong>1311<\/strong><br \/>(-17 for losing)
|leave|Dani11el
|player|p2