|join|Sac Riz
|join|Blke31215
|player|p1|Sac Riz|101
|player|p2|Blke31215|265
|gametype|singles
|gen|6
|tier|UU
|rated
|rule|Sleep Clause Mod: Limit one foe put to sleep
|rule|Species Clause: Limit one of each PokÃ©mon
|rule|OHKO Clause: OHKO moves are banned
|rule|Moody Clause: Moody is banned
|rule|Evasion Moves Clause: Evasion moves are banned
|rule|Endless Battle Clause: Forcing endless battles is banned
|rule|HP Percentage Mod: HP is shown in percentages
|clearpoke
|poke|p1|Absol, M
|poke|p1|Nidoqueen, F
|poke|p1|Chandelure, M
|poke|p1|Vaporeon, F
|poke|p1|Haxorus, M
|poke|p1|Togetic, F
|poke|p2|Galvantula, M
|poke|p2|Machamp, M
|poke|p2|Ampharos, M
|poke|p2|Trevenant, F
|poke|p2|Donphan, F
|poke|p2|Honchkrow, M
|rule|Swagger Clause: Swagger is banned
|rule|Baton Pass Clause: Limit one PokÃ©mon knowing Baton Pass
|teampreview
|
|start
|switch|p1a: Nidoqueen|Nidoqueen, F|384\/384
|switch|p2a: Galvantula|Galvantula, M|281\/281
|turn|1
|
|move|p2a: Galvantula|Sticky Web|p1a: Nidoqueen
|-sidestart|p1: Sac Riz|move: Sticky Web
|move|p1a: Nidoqueen|Earth Power|p2a: Galvantula
|-enditem|p2a: Galvantula|Focus Sash
|-damage|p2a: Galvantula|1\/281
|
|turn|2
|
|move|p2a: Galvantula|Energy Ball|p1a: Nidoqueen
|-damage|p1a: Nidoqueen|275\/384
|move|p1a: Nidoqueen|Earth Power|p2a: Galvantula
|-damage|p2a: Galvantula|0 fnt
|faint|p2a: Galvantula
|
|
|switch|p2a: Donphan|Donphan, F|384\/384
|turn|3
|
|move|p1a: Nidoqueen|Ice Beam|p2a: Donphan
|-supereffective|p2a: Donphan
|-activate|p2a: Donphan|Sturdy
|-damage|p2a: Donphan|1\/384
|move|p2a: Donphan|Earthquake|p1a: Nidoqueen
|-supereffective|p1a: Nidoqueen
|-damage|p1a: Nidoqueen|0 fnt
|faint|p1a: Nidoqueen
|
|-heal|p2a: Donphan|25\/384|[from] item: Leftovers
|
|switch|p1a: Togetic|Togetic, F|314\/314
|turn|4
|
|move|p2a: Donphan|Stealth Rock|p1a: Togetic
|-sidestart|p1: Sac Riz|move: Stealth Rock
|move|p1a: Togetic|Defog|p2a: Donphan
|-unboost|p2a: Donphan|evasion|1
|-sideend|p1: Sac Riz|Stealth Rock|[from] move: Defog|[of] p1a: Togetic
|-sideend|p1: Sac Riz|Sticky Web|[from] move: Defog|[of] p1a: Togetic
|
|-heal|p2a: Donphan|49\/384|[from] item: Leftovers
|turn|5
|
|move|p2a: Donphan|Stealth Rock|p1a: Togetic
|-sidestart|p1: Sac Riz|move: Stealth Rock
|move|p1a: Togetic|Dazzling Gleam|p2a: Donphan
|-damage|p2a: Donphan|0 fnt
|faint|p2a: Donphan
|
|
|switch|p2a: Ampharos|Ampharos, M|322\/322
|turn|6
|
|move|p2a: Ampharos|Agility|p2a: Ampharos
|-boost|p2a: Ampharos|spe|2
|move|p1a: Togetic|Defog|p2a: Ampharos
|-unboost|p2a: Ampharos|evasion|1
|-sideend|p1: Sac Riz|Stealth Rock|[from] move: Defog|[of] p1a: Togetic
|
|turn|7
|
|move|p2a: Ampharos|Thunderbolt|p1a: Togetic
|-supereffective|p1a: Togetic
|-damage|p1a: Togetic|170\/314
|move|p1a: Togetic|Dazzling Gleam|p2a: Ampharos
|-damage|p2a: Ampharos|240\/322
|
|turn|8
|
|detailschange|p2a: Ampharos|Ampharos-Mega, M
|message|Ampharos has Mega Evolved into Mega Ampharos!
|-ability|p2a: Ampharos|Mold Breaker
|move|p2a: Ampharos|Thunderbolt|p1a: Togetic
|-crit|p1a: Togetic
|-supereffective|p1a: Togetic
|-damage|p1a: Togetic|0 fnt
|faint|p1a: Togetic
|
|
|switch|p1a: Vaporeon|Vaporeon, F|464\/464
|turn|9
|
|move|p2a: Ampharos|Thunderbolt|p1a: Vaporeon
|-supereffective|p1a: Vaporeon
|-damage|p1a: Vaporeon|8\/464
|move|p1a: Vaporeon|Scald|p2a: Ampharos
|-resisted|p2a: Ampharos
|-damage|p2a: Ampharos|192\/322
|
|-heal|p1a: Vaporeon|37\/464|[from] item: Leftovers
|turn|10
|
|move|p1a: Vaporeon|Protect|p1a: Vaporeon
|-singleturn|p1a: Vaporeon|Protect
|move|p2a: Ampharos|Dragon Pulse|p1a: Vaporeon
|-activate|p1a: Vaporeon|Protect
|
|-heal|p1a: Vaporeon|66\/464|[from] item: Leftovers
|turn|11
|
|move|p2a: Ampharos|Dragon Pulse|p1a: Vaporeon
|-damage|p1a: Vaporeon|0 fnt
|faint|p1a: Vaporeon
|
|
|switch|p1a: Chandelure|Chandelure, M|262\/262
|turn|12
|
|move|p2a: Ampharos|Thunderbolt|p1a: Chandelure
|-damage|p1a: Chandelure|16\/262
|move|p1a: Chandelure|Shadow Ball|p2a: Ampharos
|-damage|p2a: Ampharos|42\/322
|
|-heal|p1a: Chandelure|32\/262|[from] item: Leftovers
|turn|13
|
|move|p2a: Ampharos|Dragon Pulse|p1a: Chandelure
|-damage|p1a: Chandelure|0 fnt
|faint|p1a: Chandelure
|
|
|switch|p1a: Requiem|Absol, M|271\/271
|turn|14
|
|detailschange|p1a: Requiem|Absol-Mega, M
|message|Absol has Mega Evolved into Mega Absol!
|move|p1a: Requiem|Sucker Punch|p2a: Ampharos
|-fail|p2a: Ampharos
|move|p2a: Ampharos|Agility|p2a: Ampharos
|-boost|p2a: Ampharos|spe|2
|
|turn|15
|
|move|p1a: Requiem|Sucker Punch|p2a: Ampharos
|-fail|p2a: Ampharos
|move|p2a: Ampharos|Agility|p2a: Ampharos
|-boost|p2a: Ampharos|spe|2
|
|turn|16
|
|move|p1a: Requiem|Sucker Punch|p2a: Ampharos
|-damage|p2a: Ampharos|0 fnt
|faint|p2a: Ampharos
|
|
|switch|p2a: Machamp|Machamp, M|321\/321
|turn|17
|
|switch|p1a: Haxorus|Haxorus, M|294\/294
|-ability|p1a: Haxorus|Mold Breaker
|move|p2a: Machamp|Close Combat|p1a: Haxorus
|-damage|p1a: Haxorus|20\/294
|-unboost|p2a: Machamp|def|1
|-unboost|p2a: Machamp|spd|1
|
|-status|p2a: Machamp|brn|[from] item: Flame Orb
|turn|18
|
|move|p1a: Haxorus|Outrage|p2a: Machamp
|-damage|p2a: Machamp|0 fnt
|-damage|p1a: Haxorus|0 fnt|[from] item: Life Orb
|faint|p2a: Machamp
|faint|p1a: Haxorus
|
|
|switch|p1a: Requiem|Absol-Mega, M|271\/271
|switch|p2a: Honchkrow|Honchkrow, M|341\/341
|turn|19
|
|move|p1a: Requiem|Play Rough|p2a: Honchkrow
|-supereffective|p2a: Honchkrow
|-damage|p2a: Honchkrow|0 fnt
|faint|p2a: Honchkrow
|
|
|switch|p2a: Trevenant|Trevenant, F|374\/374
|turn|20
|
|move|p1a: Requiem|Night Slash|p2a: Trevenant
|-supereffective|p2a: Trevenant
|-damage|p2a: Trevenant|32\/374
|move|p2a: Trevenant|Rest|p2a: Trevenant
|-status|p2a: Trevenant|slp
|-heal|p2a: Trevenant|374\/374 slp|[silent]
|-status|p2a: Trevenant|slp|[from] move: Rest
|-enditem|p2a: Trevenant|Lum Berry|[eat]
|-curestatus|p2a: Trevenant|slp
|
|turn|21
|
|move|p1a: Requiem|Sucker Punch|p2a: Trevenant
|-supereffective|p2a: Trevenant
|-damage|p2a: Trevenant|0 fnt
|faint|p2a: Trevenant
|
|win|Sac Riz
|raw|Ladder updating...
|raw|Sac Riz's rating: 1433 &rarr; <strong>1450<\/strong><br \/>(+17 for winning)
|raw|Blke31215's rating: 1382 &rarr; <strong>1365<\/strong><br \/>(-17 for losing)
|leave|Blke31215
|player|p2