|join|p.north
|join|Sac Riz
|player|p1|p.north|288
|player|p2|Sac Riz|209
|gametype|singles
|gen|6
|tier|UU
|rated
|rule|Sleep Clause Mod: Limit one foe put to sleep
|rule|Species Clause: Limit one of each PokÃ©mon
|rule|OHKO Clause: OHKO moves are banned
|rule|Moody Clause: Moody is banned
|rule|Evasion Moves Clause: Evasion moves are banned
|rule|Endless Battle Clause: Forcing endless battles is banned
|rule|HP Percentage Mod: HP is reported as percentages
|clearpoke
|poke|p1|Tornadus-Therian, M
|poke|p1|Toxicroak, M
|poke|p1|Krookodile, M
|poke|p1|Blissey, F
|poke|p1|Chandelure, M
|poke|p1|Celebi
|poke|p2|Raikou
|poke|p2|Honchkrow, M
|poke|p2|Chandelure, F
|poke|p2|Heracross, F
|poke|p2|Donphan, F
|poke|p2|Blastoise, M
|rule|Swagger Clause: Swagger is banned
|rule|Baton Pass Clause: Limit three PokÃ©mon knowing Baton Pass
|teampreview
|chat|Sac Riz|My god.
|chat|Sac Riz|That bug for Tornadus. Oo
|
|start
|switch|p1a: Krookodile|Krookodile, M|394\/394
|switch|p2a: Raikou|Raikou|322\/322
|-ability|p2a: Raikou|Pressure
|-ability|p1a: Krookodile|Intimidate|[of] p2a: Raikou
|-unboost|p2a: Raikou|atk|1
|turn|1
|
|switch|p2a: Donphan|Donphan, F|384\/384
|move|p1a: Krookodile|Stealth Rock|p2a: Donphan
|-sidestart|p2: Sac Riz|move: Stealth Rock
|
|turn|2
|
|move|p1a: Krookodile|Knock Off|p2a: Donphan
|-damage|p2a: Donphan|267\/384
|-enditem|p2a: Donphan|Leftovers|[from] move: Knock Off|[of] p1a: Krookodile
|move|p2a: Donphan|Rapid Spin|p1a: Krookodile
|-damage|p1a: Krookodile|373\/394
|-sideend|p2: Sac Riz|Stealth Rock|[from] move: Rapid Spin|[of] p2a: Donphan
|
|-heal|p1a: Krookodile|394\/394|[from] item: Leftovers
|turn|3
|
|switch|p1a: Celebi|Celebi|341\/341
|move|p2a: Donphan|Stealth Rock|p1a: Celebi
|-sidestart|p1: p.north|move: Stealth Rock
|
|turn|4
|
|switch|p2a: Honchkrow|Honchkrow, M|342\/342
|move|p1a: Celebi|Psychic|p2a: Honchkrow
|-immune|p2a: Honchkrow|[msg]
|
|turn|5
|
|move|p2a: Honchkrow|Pursuit|p1a: Celebi|[from]Pursuit
|-supereffective|p1a: Celebi
|-damage|p1a: Celebi|29\/341
|switch|p1a: Krookodile|Krookodile, M|394\/394
|-damage|p1a: Krookodile|370\/394|[from] Stealth Rock
|-ability|p1a: Krookodile|Intimidate|[of] p2a: Honchkrow
|-unboost|p2a: Honchkrow|atk|1
|
|-heal|p1a: Krookodile|394\/394|[from] item: Leftovers
|turn|6
|
|switch|p2a: Donphan|Donphan, F|267\/384
|move|p1a: Krookodile|Knock Off|p2a: Donphan
|-damage|p2a: Donphan|195\/384
|
|turn|7
|
|move|p1a: Krookodile|Stealth Rock|p2a: Donphan
|-sidestart|p2: Sac Riz|move: Stealth Rock
|move|p2a: Donphan|Earthquake|p1a: Krookodile
|-damage|p1a: Krookodile|243\/394
|
|-heal|p1a: Krookodile|267\/394|[from] item: Leftovers
|turn|8
|
|switch|p1a: Celebi|Celebi|29\/341
|-damage|p1a: Celebi|0 fnt|[from] Stealth Rock
|faint|p1a: Celebi
|move|p2a: Donphan|Rapid Spin|p1: Celebi|[notarget]
|-notarget
|
|
|switch|p1a: Chandelure|Chandelure, M|261\/261
|-damage|p1a: Chandelure|196\/261|[from] Stealth Rock
|turn|9
|
|move|p1a: Chandelure|Shadow Ball|p2a: Donphan
|-damage|p2a: Donphan|0 fnt
|faint|p2a: Donphan
|
|
|switch|p2a: Honchkrow|Honchkrow, M|342\/342
|-damage|p2a: Honchkrow|257\/342|[from] Stealth Rock
|turn|10
|
|move|p1a: Chandelure|Shadow Ball|p2a: Honchkrow
|-resisted|p2a: Honchkrow
|-damage|p2a: Honchkrow|59\/342
|move|p2a: Honchkrow|Pursuit|p1a: Chandelure
|-supereffective|p1a: Chandelure
|-damage|p1a: Chandelure|22\/261
|
|turn|11
|
|switch|p1a: Toxicroak|Toxicroak, M|349\/349
|-damage|p1a: Toxicroak|328\/349|[from] Stealth Rock
|move|p2a: Honchkrow|Sucker Punch|p1a: Toxicroak
|-fail|p1a: Toxicroak
|
|turn|12
|
|move|p1a: Toxicroak|Sucker Punch|p2a: Honchkrow
|-fail|p2a: Honchkrow
|move|p2a: Honchkrow|Roost|p2a: Honchkrow
|-heal|p2a: Honchkrow|230\/342
|
|turn|13
|
|switch|p1a: Krookodile|Krookodile, M|267\/394
|-damage|p1a: Krookodile|243\/394|[from] Stealth Rock
|-ability|p1a: Krookodile|Intimidate|[of] p2a: Honchkrow
|-unboost|p2a: Honchkrow|atk|1
|move|p2a: Honchkrow|Brave Bird|p1a: Krookodile
|-damage|p1a: Krookodile|117\/394
|-damage|p2a: Honchkrow|188\/342|[from] recoil|[of] p1a: Krookodile
|
|-heal|p1a: Krookodile|141\/394|[from] item: Leftovers
|turn|14
|
|move|p2a: Honchkrow|Roost|p2a: Honchkrow
|-heal|p2a: Honchkrow|342\/342
|move|p1a: Krookodile|Knock Off|p2a: Honchkrow
|-resisted|p2a: Honchkrow
|-damage|p2a: Honchkrow|238\/342
|-enditem|p2a: Honchkrow|Dread Plate|[from] move: Knock Off|[of] p1a: Krookodile
|
|-heal|p1a: Krookodile|165\/394|[from] item: Leftovers
|turn|15
|
|switch|p2a: Blastoise|Blastoise, M|362\/362
|-damage|p2a: Blastoise|317\/362|[from] Stealth Rock
|switch|p1a: Chandelure|Chandelure, M|22\/261
|-damage|p1a: Chandelure|0 fnt|[from] Stealth Rock
|faint|p1a: Chandelure
|
|
|switch|p1a: Toxicroak|Toxicroak, M|328\/349
|-damage|p1a: Toxicroak|307\/349|[from] Stealth Rock
|turn|16
|
|detailschange|p2a: Blastoise|Blastoise-Mega, M
|message|Blastoise has Mega Evolved into Mega Blastoise!
|move|p1a: Toxicroak|Gunk Shot|p2a: Blastoise
|-damage|p2a: Blastoise|131\/362
|move|p2a: Blastoise|Ice Beam|p1a: Toxicroak
|-damage|p1a: Toxicroak|201\/349
|
|turn|17
|
|switch|p2a: Heracross|Heracross, F|302\/302
|-damage|p2a: Heracross|265\/302|[from] Stealth Rock
|move|p1a: Toxicroak|Gunk Shot|p2a: Heracross|[miss]
|-miss|p1a: Toxicroak|p2a: Heracross
|
|turn|18
|
|move|p2a: Heracross|Earthquake|p1a: Toxicroak
|-supereffective|p1a: Toxicroak
|-damage|p1a: Toxicroak|0 fnt
|faint|p1a: Toxicroak
|-boost|p2a: Heracross|atk|1|[from] ability: Moxie
|
|
|switch|p1a: Tornadus-Therian|Tornadus-Therian, M|299\/299
|-damage|p1a: Tornadus-Therian|225\/299|[from] Stealth Rock
|turn|19
|
|switch|p2a: Blastoise|Blastoise-Mega, M|131\/362
|-damage|p2a: Blastoise|86\/362|[from] Stealth Rock
|move|p1a: Tornadus-Therian|Knock Off|p2a: Blastoise
|-damage|p2a: Blastoise|27\/362
|
|turn|20
|chat|Sac Riz|<_<
|
|move|p1a: Tornadus-Therian|Knock Off|p2a: Blastoise
|-damage|p2a: Blastoise|0 fnt
|faint|p2a: Blastoise
|
|
|switch|p2a: Heracross|Heracross, F|265\/302
|-damage|p2a: Heracross|228\/302|[from] Stealth Rock
|turn|21
|
|switch|p1a: Blissey|Blissey, F|652\/652
|-damage|p1a: Blissey|571\/652|[from] Stealth Rock
|move|p2a: Heracross|Stone Edge|p1a: Blissey
|-damage|p1a: Blissey|347\/652
|
|-heal|p1a: Blissey|387\/652|[from] item: Leftovers
|turn|22
|
|switch|p2a: Honchkrow|Honchkrow, M|238\/342
|-damage|p2a: Honchkrow|153\/342|[from] Stealth Rock
|move|p1a: Blissey|Wish|p1a: Blissey
|
|-heal|p1a: Blissey|427\/652|[from] item: Leftovers
|turn|23
|
|move|p2a: Honchkrow|Pursuit|p1a: Blissey
|-damage|p1a: Blissey|303\/652
|move|p1a: Blissey|Toxic|p2a: Honchkrow
|-status|p2a: Honchkrow|tox
|
|-heal|p1a: Blissey|629\/652|[from] move: Wish|[wisher] Blissey
|-heal|p1a: Blissey|652\/652|[from] item: Leftovers
|-damage|p2a: Honchkrow|132\/342 tox|[from] psn
|turn|24
|
|move|p2a: Honchkrow|Brave Bird|p1a: Blissey
|-damage|p1a: Blissey|258\/652
|-damage|p2a: Honchkrow|2\/342 tox|[from] recoil|[of] p1a: Blissey
|move|p1a: Blissey|Seismic Toss|p2a: Honchkrow
|-damage|p2a: Honchkrow|0 fnt
|faint|p2a: Honchkrow
|
|-heal|p1a: Blissey|298\/652|[from] item: Leftovers
|
|switch|p2a: Chandelure|Chandelure, F|262\/262
|-damage|p2a: Chandelure|197\/262|[from] Stealth Rock
|turn|25
|
|move|p1a: Blissey|Protect|p1a: Blissey
|-singleturn|p1a: Blissey|Protect
|move|p2a: Chandelure|Substitute|p2a: Chandelure
|-start|p2a: Chandelure|Substitute
|-damage|p2a: Chandelure|132\/262
|
|-heal|p2a: Chandelure|148\/262|[from] item: Leftovers
|-heal|p1a: Blissey|338\/652|[from] item: Leftovers
|turn|26
|
|move|p2a: Chandelure|Calm Mind|p2a: Chandelure
|-boost|p2a: Chandelure|spa|1
|-boost|p2a: Chandelure|spd|1
|move|p1a: Blissey|Wish|p1a: Blissey
|
|-heal|p2a: Chandelure|164\/262|[from] item: Leftovers
|-heal|p1a: Blissey|378\/652|[from] item: Leftovers
|turn|27
|
|switch|p1a: Tornadus-Therian|Tornadus-Therian, M|299\/299
|-damage|p1a: Tornadus-Therian|225\/299|[from] Stealth Rock
|move|p2a: Chandelure|Fire Blast|p1a: Tornadus-Therian
|-damage|p1a: Tornadus-Therian|0 fnt
|faint|p1a: Tornadus-Therian
|
|-heal|p2a: Chandelure|180\/262|[from] item: Leftovers
|-message|p.north forfeited.
|
|win|Sac Riz
|raw|Ladder updating...
|leave|p.north
|player|p1
|raw|p.north's rating: 1495 &rarr; <strong>1472<\/strong><br \/>(-23 for losing)
|raw|Sac Riz's rating: 1451 &rarr; <strong>1473<\/strong><br \/>(+22 for winning)