|join|LuScorpio68
|join|Sac Riz
|player|p1|LuScorpio68|127
|player|p2|Sac Riz|1
|gametype|singles
|gen|6
|tier|UU
|rule|Sleep Clause Mod: Limit one foe put to sleep
|rule|Species Clause: Limit one of each PokÃ©mon
|rule|OHKO Clause: OHKO moves are banned
|rule|Moody Clause: Moody is banned
|rule|Evasion Moves Clause: Evasion moves are banned
|rule|Endless Battle Clause: Forcing endless battles is banned
|rule|HP Percentage Mod: HP is shown in percentages
|clearpoke
|poke|p1|Absol, M, shiny
|poke|p1|Chesnaught, M, shiny
|poke|p1|Metagross, shiny
|poke|p1|Florges, F, shiny
|poke|p1|Nidoking, M
|poke|p1|Blastoise, F, shiny
|poke|p2|Absol, M
|poke|p2|Nidoqueen, F
|poke|p2|Chandelure, F
|poke|p2|Vaporeon, M
|poke|p2|Togekiss, M
|poke|p2|Haxorus, M
|rule|Swagger Clause: Swagger is banned
|rule|Baton Pass Clause: Limit one PokÃ©mon knowing Baton Pass
|teampreview
|c|âSac Riz|Gl hf
|
|start
|switch|p1a: Florges|Florges, F, shiny|360\/360
|switch|p2a: Nidoqueen|Nidoqueen, F|384\/384
|turn|1
|
|switch|p1a: Metagross|Metagross, shiny|364\/364
|move|p2a: Nidoqueen|Stealth Rock|p1a: Metagross
|-sidestart|p1: LuScorpio68|move: Stealth Rock
|
|turn|2
|
|switch|p2a: Vaporeon|Vaporeon, M|464\/464
|move|p1a: Metagross|Earthquake|p2a: Vaporeon
|-damage|p2a: Vaporeon|339\/464
|
|-heal|p2a: Vaporeon|368\/464|[from] item: Leftovers
|turn|3
|join|Hiro Test
|
|move|p1a: Metagross|Power-Up Punch|p2a: Vaporeon
|-damage|p2a: Vaporeon|313\/464
|-boost|p1a: Metagross|atk|1
|move|p2a: Vaporeon|Scald|p1a: Metagross
|-damage|p1a: Metagross|286\/364
|-status|p1a: Metagross|brn
|
|-heal|p2a: Vaporeon|342\/464|[from] item: Leftovers
|-damage|p1a: Metagross|241\/364 brn|[from] brn
|turn|4
|
|move|p2a: Vaporeon|Protect|p2a: Vaporeon
|-singleturn|p2a: Vaporeon|Protect
|move|p1a: Metagross|Power-Up Punch|p2a: Vaporeon
|-activate|p2a: Vaporeon|Protect
|
|-heal|p2a: Vaporeon|371\/464|[from] item: Leftovers
|-damage|p1a: Metagross|196\/364 brn|[from] brn
|turn|5
|
|move|p1a: Metagross|Earthquake|p2a: Vaporeon
|-damage|p2a: Vaporeon|272\/464
|move|p2a: Vaporeon|Wish|p2a: Vaporeon
|
|-heal|p2a: Vaporeon|301\/464|[from] item: Leftovers
|-damage|p1a: Metagross|151\/364 brn|[from] brn
|turn|6
|join|Grinds
|
|switch|p1a: Chesnaught|Chesnaught, M, shiny|380\/380
|-damage|p1a: Chesnaught|357\/380|[from] Stealth Rock
|move|p2a: Vaporeon|Protect|p2a: Vaporeon
|-fail|p2a: Vaporeon
|
|-heal|p2a: Vaporeon|464\/464|[from] move: Wish|[wisher] Vaporeon
|turn|7
|
|switch|p2a: Togekiss|Togekiss, M|374\/374
|move|p1a: Chesnaught|Spiky Shield|p1a: Chesnaught
|-fail|p1a: Chesnaught
|
|turn|8
|
|move|p1a: Chesnaught|Spiky Shield|p1a: Chesnaught
|-singleturn|p1a: Chesnaught|move: Protect
|move|p2a: Togekiss|Thunder Wave|p1a: Chesnaught
|-activate|p1a: Chesnaught|move: Protect
|
|turn|9
|
|move|p2a: Togekiss|Air Slash|p1a: Chesnaught
|-supereffective|p1a: Chesnaught
|-damage|p1a: Chesnaught|0 fnt
|faint|p1a: Chesnaught
|
|
|switch|p1a: Nidoking|Nidoking, M|304\/304
|-damage|p1a: Nidoking|285\/304|[from] Stealth Rock
|turn|10
|leave|Grinds
|
|switch|p2a: Vaporeon|Vaporeon, M|464\/464
|move|p1a: Nidoking|Stealth Rock|p2a: Vaporeon
|-sidestart|p2: Sac Riz|move: Stealth Rock
|
|turn|11
|
|move|p1a: Nidoking|Sludge Bomb|p2a: Vaporeon
|-damage|p2a: Vaporeon|240\/464
|move|p2a: Vaporeon|Scald|p1a: Nidoking
|-supereffective|p1a: Nidoking
|-damage|p1a: Nidoking|3\/304
|
|-heal|p2a: Vaporeon|269\/464|[from] item: Leftovers
|turn|12
|
|move|p1a: Nidoking|Sludge Bomb|p2a: Vaporeon
|-damage|p2a: Vaporeon|45\/464
|move|p2a: Vaporeon|Wish|p2a: Vaporeon
|
|-heal|p2a: Vaporeon|74\/464|[from] item: Leftovers
|turn|13
|
|move|p2a: Vaporeon|Protect|p2a: Vaporeon
|-singleturn|p2a: Vaporeon|Protect
|move|p1a: Nidoking|Sludge Bomb|p2a: Vaporeon
|-activate|p2a: Vaporeon|Protect
|
|-heal|p2a: Vaporeon|306\/464|[from] move: Wish|[wisher] Vaporeon
|-heal|p2a: Vaporeon|335\/464|[from] item: Leftovers
|turn|14
|
|move|p1a: Nidoking|Sludge Bomb|p2a: Vaporeon
|-damage|p2a: Vaporeon|105\/464
|move|p2a: Vaporeon|Scald|p1a: Nidoking
|-supereffective|p1a: Nidoking
|-damage|p1a: Nidoking|0 fnt
|faint|p1a: Nidoking
|
|-heal|p2a: Vaporeon|134\/464|[from] item: Leftovers
|
|switch|p1a: Absol|Absol, M, shiny|297\/297
|-damage|p1a: Absol|260\/297|[from] Stealth Rock
|-ability|p1a: Absol|Pressure
|turn|15
|
|detailschange|p1a: Absol|Absol-Mega, M, shiny
|message|Absol has Mega Evolved into Mega Absol!
|move|p1a: Absol|Thunderbolt|p2a: Vaporeon
|-crit|p2a: Vaporeon
|-supereffective|p2a: Vaporeon
|-damage|p2a: Vaporeon|0 fnt
|faint|p2a: Vaporeon
|
|c|âSac Riz|o:
|
|switch|p2a: Nidoqueen|Nidoqueen, F|384\/384
|-damage|p2a: Nidoqueen|360\/384|[from] Stealth Rock
|turn|16
|
|move|p1a: Absol|Sucker Punch|p2a: Nidoqueen
|-damage|p2a: Nidoqueen|197\/384
|move|p2a: Nidoqueen|Earth Power|p1a: Absol
|-damage|p1a: Absol|0 fnt
|faint|p1a: Absol
|
|
|switch|p1a: Blastoise|Blastoise, F, shiny|362\/362
|-damage|p1a: Blastoise|317\/362|[from] Stealth Rock
|turn|17
|
|switch|p2a: Togekiss|Togekiss, M|374\/374
|-damage|p2a: Togekiss|281\/374|[from] Stealth Rock
|move|p1a: Blastoise|Waterfall|p2a: Togekiss
|-damage|p2a: Togekiss|94\/374
|
|-heal|p2a: Togekiss|117\/374|[from] item: Leftovers
|turn|18
|
|move|p2a: Togekiss|Thunder Wave|p1a: Blastoise
|-status|p1a: Blastoise|par
|move|p1a: Blastoise|Waterfall|p2a: Togekiss
|-damage|p2a: Togekiss|0 fnt
|faint|p2a: Togekiss
|
|
|switch|p2a: Haxorus|Haxorus, M|294\/294
|-damage|p2a: Haxorus|258\/294|[from] Stealth Rock
|-ability|p2a: Haxorus|Mold Breaker
|turn|19
|
|switch|p1a: Florges|Florges, F, shiny|360\/360
|-damage|p1a: Florges|315\/360|[from] Stealth Rock
|move|p2a: Haxorus|Dragon Dance|p2a: Haxorus
|-boost|p2a: Haxorus|atk|1
|-boost|p2a: Haxorus|spe|1
|
|-heal|p1a: Florges|337\/360|[from] item: Leftovers
|turn|20
|
|move|p2a: Haxorus|Poison Jab|p1a: Florges
|-supereffective|p1a: Florges
|-damage|p1a: Florges|0 fnt
|-damage|p2a: Haxorus|229\/294|[from] item: Life Orb
|faint|p1a: Florges
|
|
|switch|p1a: Blastoise|Blastoise, F, shiny|317\/362 par
|-damage|p1a: Blastoise|272\/362 par|[from] Stealth Rock
|turn|21
|
|move|p2a: Haxorus|Earthquake|p1a: Blastoise
|-damage|p1a: Blastoise|17\/362 par
|-damage|p2a: Haxorus|200\/294|[from] item: Life Orb
|cant|p1a: Blastoise|par
|
|turn|22
|
|move|p2a: Haxorus|Earthquake|p1a: Blastoise
|-damage|p1a: Blastoise|0 fnt
|-damage|p2a: Haxorus|171\/294|[from] item: Life Orb
|faint|p1a: Blastoise
|
|c|âLuScorpio68|fk
|
|switch|p1a: Metagross|Metagross, shiny|151\/364 brn
|-damage|p1a: Metagross|129\/364 brn|[from] Stealth Rock
|turn|23
|c|âSac Riz|gg
|
|move|p2a: Haxorus|Earthquake|p1a: Metagross
|-supereffective|p1a: Metagross
|-damage|p1a: Metagross|0 fnt
|-damage|p2a: Haxorus|142\/294|[from] item: Life Orb
|faint|p1a: Metagross
|
|win|Sac Riz
|c|âLuScorpio68|je veux une revanche avec une autre team
|leave|LuScorpio68
|player|p1
|leave|Hiro Test