|join|Sac Riz
|join|KaTiaL~IV
|player|p1|Sac Riz|266
|player|p2|KaTiaL~IV|238
|gametype|singles
|gen|6
|tier|UU
|rated
|rule|Sleep Clause Mod: Limit one foe put to sleep
|rule|Species Clause: Limit one of each PokÃ©mon
|rule|OHKO Clause: OHKO moves are banned
|rule|Moody Clause: Moody is banned
|rule|Evasion Moves Clause: Evasion moves are banned
|rule|Endless Battle Clause: Forcing endless battles is banned
|rule|HP Percentage Mod: HP is shown in percentages
|clearpoke
|poke|p1|Absol, F
|poke|p1|Nidoqueen, F
|poke|p1|Chandelure, F
|poke|p1|Vaporeon, F
|poke|p1|Haxorus, M
|poke|p1|Togetic, F
|poke|p2|Flygon, F
|poke|p2|Porygon-Z
|poke|p2|Metagross
|poke|p2|Houndoom, M
|poke|p2|Azelf
|poke|p2|Mienshao, F
|rule|Swagger Clause: Swagger is banned
|rule|Baton Pass Clause: Limit one PokÃ©mon knowing Baton Pass
|teampreview
|
|start
|switch|p1a: Nidoqueen|Nidoqueen, F|384\/384
|switch|p2a: Azelf|Azelf|291\/291
|turn|1
|
|move|p2a: Azelf|Stealth Rock|p1a: Nidoqueen
|-sidestart|p1: Sac Riz|move: Stealth Rock
|move|p1a: Nidoqueen|Sludge Bomb|p2a: Azelf
|-damage|p2a: Azelf|38\/291
|
|turn|2
|
|switch|p1a: Togetic|Togetic, F|314\/314
|-damage|p1a: Togetic|236\/314|[from] Stealth Rock
|move|p2a: Azelf|Explosion|p1a: Togetic
|-damage|p1a: Togetic|7\/314
|faint|p2a: Azelf
|
|
|switch|p2a: Mienshao|Mienshao, F|271\/271
|turn|3
|
|move|p2a: Mienshao|Knock Off|p1a: Togetic
|-resisted|p1a: Togetic
|-damage|p1a: Togetic|0 fnt
|-enditem|p1a: Togetic|Eviolite|[from] move: Knock Off|[of] p2a: Mienshao
|-damage|p2a: Mienshao|244\/271|[from] item: Life Orb
|faint|p1a: Togetic
|
|
|switch|p1a: Vaporeon|Vaporeon, F|464\/464
|-damage|p1a: Vaporeon|406\/464|[from] Stealth Rock
|turn|4
|
|move|p1a: Vaporeon|Protect|p1a: Vaporeon
|-singleturn|p1a: Vaporeon|Protect
|move|p2a: Mienshao|High Jump Kick|p1a: Vaporeon
|-activate|p1a: Vaporeon|Protect
|-damage|p2a: Mienshao|109\/271|[from] highjumpkick
|
|-heal|p1a: Vaporeon|435\/464|[from] item: Leftovers
|turn|5
|
|move|p2a: Mienshao|U-turn|p1a: Vaporeon
|-damage|p1a: Vaporeon|325\/464
|-damage|p2a: Mienshao|82\/271|[from] item: Life Orb
|
|switch|p2a: Porygon-Z|Porygon-Z|311\/311
|move|p1a: Vaporeon|Scald|p2a: Porygon-Z
|-damage|p2a: Porygon-Z|170\/311
|-status|p2a: Porygon-Z|brn
|
|-heal|p1a: Vaporeon|354\/464|[from] item: Leftovers
|-damage|p2a: Porygon-Z|132\/311 brn|[from] brn
|turn|6
|
|move|p1a: Vaporeon|Protect|p1a: Vaporeon
|-singleturn|p1a: Vaporeon|Protect
|move|p2a: Porygon-Z|Tri Attack|p1a: Vaporeon
|-activate|p1a: Vaporeon|Protect
|
|-heal|p1a: Vaporeon|383\/464|[from] item: Leftovers
|-damage|p2a: Porygon-Z|94\/311 brn|[from] brn
|turn|7
|
|switch|p2a: Houndoom|Houndoom, M|291\/291
|move|p1a: Vaporeon|Wish|p1a: Vaporeon
|
|-heal|p1a: Vaporeon|412\/464|[from] item: Leftovers
|turn|8
|
|detailschange|p2a: Houndoom|Houndoom-Mega, M
|message|Houndoom has Mega Evolved into Mega Houndoom!
|move|p2a: Houndoom|Nasty Plot|p2a: Houndoom
|-boost|p2a: Houndoom|spa|2
|move|p1a: Vaporeon|Scald|p2a: Houndoom
|-supereffective|p2a: Houndoom
|-damage|p2a: Houndoom|85\/291
|
|-heal|p1a: Vaporeon|464\/464|[from] move: Wish|[wisher] Vaporeon
|turn|9
|
|move|p2a: Houndoom|Dark Pulse|p1a: Vaporeon
|-damage|p1a: Vaporeon|169\/464
|move|p1a: Vaporeon|Scald|p2a: Houndoom
|-supereffective|p2a: Houndoom
|-damage|p2a: Houndoom|0 fnt
|faint|p2a: Houndoom
|
|-heal|p1a: Vaporeon|198\/464|[from] item: Leftovers
|
|switch|p2a: Flygon|Flygon, F|301\/301
|turn|10
|
|move|p2a: Flygon|Outrage|p1a: Vaporeon
|-crit|p1a: Vaporeon
|-damage|p1a: Vaporeon|0 fnt
|faint|p1a: Vaporeon
|
|
|switch|p1a: Nidoqueen|Nidoqueen, F|384\/384
|-damage|p1a: Nidoqueen|360\/384|[from] Stealth Rock
|turn|11
|
|move|p2a: Flygon|Outrage|p1a: Nidoqueen
|-damage|p1a: Nidoqueen|155\/384
|move|p1a: Nidoqueen|Ice Beam|p2a: Flygon
|-supereffective|p2a: Flygon
|-damage|p2a: Flygon|0 fnt
|faint|p2a: Flygon
|
|
|switch|p2a: Porygon-Z|Porygon-Z|94\/311 brn
|turn|12
|
|move|p2a: Porygon-Z|Tri Attack|p1a: Nidoqueen
|-damage|p1a: Nidoqueen|0 fnt
|faint|p1a: Nidoqueen
|
|-damage|p2a: Porygon-Z|56\/311 brn|[from] brn
|
|switch|p1a: Chandelure|Chandelure, F|262\/262
|-damage|p1a: Chandelure|197\/262|[from] Stealth Rock
|turn|13
|
|move|p2a: Porygon-Z|Tri Attack|p1a: Chandelure
|-immune|p1a: Chandelure|[msg]
|move|p1a: Chandelure|Substitute|p1a: Chandelure
|-start|p1a: Chandelure|Substitute
|-damage|p1a: Chandelure|132\/262
|
|-heal|p1a: Chandelure|148\/262|[from] item: Leftovers
|-damage|p2a: Porygon-Z|18\/311 brn|[from] brn
|turn|14
|-message|KaTiaL~IV forfeited.
|leave|KaTiaL~IV
|
|win|Sac Riz
|raw|Ladder updating...
|player|p2
|raw|Sac Riz's rating: 1444 &rarr; <strong>1458<\/strong><br \/>(+14 for winning)
|raw|KaTiaL~IV's rating: 1339 &rarr; <strong>1324<\/strong><br \/>(-15 for losing)