|join|riteshh
|join|Sac Riz
|player|p1|riteshh|169
|player|p2|Sac Riz|1
|gametype|singles
|gen|6
|tier|UU
|rated
|rule|Sleep Clause Mod: Limit one foe put to sleep
|rule|Species Clause: Limit one of each PokÃ©mon
|rule|OHKO Clause: OHKO moves are banned
|rule|Moody Clause: Moody is banned
|rule|Evasion Moves Clause: Evasion moves are banned
|rule|Endless Battle Clause: Forcing endless battles is banned
|rule|HP Percentage Mod: HP is shown in percentages
|clearpoke
|poke|p1|Raikou, shiny
|poke|p1|Tentacruel, M
|poke|p1|Togekiss, M
|poke|p1|Hippowdon, F
|poke|p1|Victini
|poke|p1|Lucario, F
|poke|p2|Absol, F
|poke|p2|Nidoqueen, F
|poke|p2|Chandelure, F
|poke|p2|Vaporeon, M
|poke|p2|Togekiss, F
|poke|p2|Haxorus, M
|rule|Swagger Clause: Swagger is banned
|rule|Baton Pass Clause: Limit one PokÃ©mon knowing Baton Pass
|teampreview
|
|start
|switch|p1a: Togekiss|Togekiss, M|374\/374
|switch|p2a: Nidoqueen|Nidoqueen, F|384\/384
|turn|1
|
|switch|p1a: Tentacruel|Tentacruel, M|302\/302
|move|p2a: Nidoqueen|Sludge Bomb|p1a: Tentacruel
|-resisted|p1a: Tentacruel
|-damage|p1a: Tentacruel|240\/302
|
|turn|2
|
|switch|p2a: Haxorus|Haxorus, M|294\/294
|-ability|p2a: Haxorus|Mold Breaker
|move|p1a: Tentacruel|Hydro Pump|p2a: Haxorus|[miss]
|-miss|p1a: Tentacruel|p2a: Haxorus
|
|turn|3
|
|move|p1a: Tentacruel|Ice Beam|p2a: Haxorus
|-supereffective|p2a: Haxorus
|-damage|p2a: Haxorus|84\/294
|move|p2a: Haxorus|Dragon Dance|p2a: Haxorus
|-boost|p2a: Haxorus|atk|1
|-boost|p2a: Haxorus|spe|1
|
|turn|4
|
|switch|p1a: Hippowdon|Hippowdon, F|420\/420
|-weather|Sandstorm
|move|p2a: Haxorus|Earthquake|p1a: Hippowdon
|-damage|p1a: Hippowdon|261\/420
|-damage|p2a: Haxorus|55\/294|[from] item: Life Orb
|
|-weather|Sandstorm|[upkeep]
|-damage|p2a: Haxorus|37\/294|[from] sandstorm
|turn|5
|
|switch|p2a: Vaporeon|Vaporeon, M|464\/464
|move|p1a: Hippowdon|Slack Off|p1a: Hippowdon
|-heal|p1a: Hippowdon|420\/420
|
|-weather|Sandstorm|[upkeep]
|-damage|p2a: Vaporeon|435\/464|[from] sandstorm
|-heal|p2a: Vaporeon|464\/464|[from] item: Leftovers
|turn|6
|
|switch|p1a: Tentacruel|Tentacruel, M|240\/302
|move|p2a: Vaporeon|Wish|p2a: Vaporeon
|
|-weather|Sandstorm|[upkeep]
|-damage|p1a: Tentacruel|222\/302|[from] sandstorm
|-damage|p2a: Vaporeon|435\/464|[from] sandstorm
|-heal|p2a: Vaporeon|464\/464|[from] item: Leftovers
|turn|7
|
|switch|p2a: Haxorus|Haxorus, M|37\/294
|-ability|p2a: Haxorus|Mold Breaker
|move|p1a: Tentacruel|Acid Spray|p2a: Haxorus
|-damage|p2a: Haxorus|0 fnt
|faint|p2a: Haxorus
|
|-weather|Sandstorm|[upkeep]
|-damage|p1a: Tentacruel|204\/302|[from] sandstorm
|
|switch|p2a: Togekiss|Togekiss, F|374\/374
|turn|8
|
|move|p1a: Tentacruel|Acid Spray|p2a: Togekiss
|-supereffective|p2a: Togekiss
|-damage|p2a: Togekiss|306\/374
|-unboost|p2a: Togekiss|spd|2
|move|p2a: Togekiss|Thunder Wave|p1a: Tentacruel
|-status|p1a: Tentacruel|par
|
|-weather|none
|-heal|p2a: Togekiss|329\/374|[from] item: Leftovers
|turn|9
|
|move|p2a: Togekiss|Air Slash|p1a: Tentacruel
|-damage|p1a: Tentacruel|147\/302 par
|cant|p1a: Tentacruel|flinch
|
|-heal|p2a: Togekiss|352\/374|[from] item: Leftovers
|turn|10
|
|move|p2a: Togekiss|Air Slash|p1a: Tentacruel
|-damage|p1a: Tentacruel|87\/302 par
|move|p1a: Tentacruel|Hydro Pump|p2a: Togekiss
|-damage|p2a: Togekiss|151\/374
|
|-heal|p2a: Togekiss|174\/374|[from] item: Leftovers
|turn|11
|
|switch|p1a: Raikou|Raikou, shiny|322\/322
|-ability|p1a: Raikou|Pressure
|move|p2a: Togekiss|Air Slash|p1a: Raikou
|-resisted|p1a: Raikou
|-damage|p1a: Raikou|268\/322
|
|-heal|p2a: Togekiss|197\/374|[from] item: Leftovers
|turn|12
|
|move|p1a: Raikou|Hidden Power|p2a: Togekiss
|-supereffective|p2a: Togekiss
|-damage|p2a: Togekiss|13\/374
|move|p2a: Togekiss|Roost|p2a: Togekiss
|-heal|p2a: Togekiss|200\/374
|
|-heal|p2a: Togekiss|223\/374|[from] item: Leftovers
|turn|13
|
|move|p1a: Raikou|Hidden Power|p2a: Togekiss
|-supereffective|p2a: Togekiss
|-damage|p2a: Togekiss|25\/374
|move|p2a: Togekiss|Roost|p2a: Togekiss
|-heal|p2a: Togekiss|212\/374
|
|-heal|p2a: Togekiss|235\/374|[from] item: Leftovers
|turn|14
|
|switch|p1a: Lucario|Lucario, F|281\/281
|switch|p2a: Chandelure|Chandelure, F|262\/262
|
|turn|15
|
|switch|p1a: Tentacruel|Tentacruel, M|87\/302 par
|switch|p2a: Togekiss|Togekiss, F|235\/374
|
|-heal|p2a: Togekiss|258\/374|[from] item: Leftovers
|turn|16
|
|switch|p1a: Raikou|Raikou, shiny|268\/322
|-ability|p1a: Raikou|Pressure
|move|p2a: Togekiss|Air Slash|p1a: Raikou
|-resisted|p1a: Raikou
|-damage|p1a: Raikou|208\/322
|
|-heal|p2a: Togekiss|281\/374|[from] item: Leftovers
|turn|17
|
|switch|p1a: Victini|Victini|341\/341
|switch|p2a: Nidoqueen|Nidoqueen, F|384\/384
|
|turn|18
|
|switch|p2a: Vaporeon|Vaporeon, M|464\/464
|move|p1a: Victini|Bolt Strike|p2a: Vaporeon
|-supereffective|p2a: Vaporeon
|-damage|p2a: Vaporeon|100\/464
|
|-heal|p2a: Vaporeon|129\/464|[from] item: Leftovers
|turn|19
|
|move|p1a: Victini|Bolt Strike|p2a: Vaporeon
|-supereffective|p2a: Vaporeon
|-damage|p2a: Vaporeon|0 fnt
|faint|p2a: Vaporeon
|
|
|switch|p2a: Nidoqueen|Nidoqueen, F|384\/384
|turn|20
|
|switch|p1a: Tentacruel|Tentacruel, M|87\/302 par
|move|p2a: Nidoqueen|Stealth Rock|p1a: Tentacruel
|-sidestart|p1: riteshh|move: Stealth Rock
|
|turn|21
|
|move|p2a: Nidoqueen|Earth Power|p1a: Tentacruel
|-crit|p1a: Tentacruel
|-supereffective|p1a: Tentacruel
|-damage|p1a: Tentacruel|0 fnt
|faint|p1a: Tentacruel
|
|
|switch|p1a: Victini|Victini|341\/341
|-damage|p1a: Victini|256\/341|[from] Stealth Rock
|turn|22
|
|switch|p1a: Togekiss|Togekiss, M|374\/374
|-damage|p1a: Togekiss|281\/374|[from] Stealth Rock
|switch|p2a: Absol|Absol, F|271\/271
|
|-heal|p1a: Togekiss|304\/374|[from] item: Leftovers
|turn|23
|
|switch|p2a: Nidoqueen|Nidoqueen, F|384\/384
|move|p1a: Togekiss|Dazzling Gleam|p2a: Nidoqueen
|-resisted|p2a: Nidoqueen
|-damage|p2a: Nidoqueen|309\/384
|
|-heal|p1a: Togekiss|327\/374|[from] item: Leftovers
|turn|24
|
|switch|p1a: Lucario|Lucario, F|281\/281
|-damage|p1a: Lucario|273\/281|[from] Stealth Rock
|move|p2a: Nidoqueen|Ice Beam|p1a: Lucario
|-resisted|p1a: Lucario
|-damage|p1a: Lucario|182\/281
|
|turn|25
|
|switch|p2a: Togekiss|Togekiss, F|281\/374
|move|p1a: Lucario|Iron Tail|p2a: Togekiss
|-crit|p2a: Togekiss
|-supereffective|p2a: Togekiss
|-damage|p2a: Togekiss|0 fnt
|faint|p2a: Togekiss
|
|
|switch|p2a: Chandelure|Chandelure, F|262\/262
|turn|26
|
|move|p1a: Lucario|Iron Tail|p2a: Chandelure
|-crit|p2a: Chandelure
|-resisted|p2a: Chandelure
|-damage|p2a: Chandelure|125\/262
|move|p2a: Chandelure|Substitute|p2a: Chandelure
|-start|p2a: Chandelure|Substitute
|-damage|p2a: Chandelure|60\/262
|
|-heal|p2a: Chandelure|76\/262|[from] item: Leftovers
|turn|27
|
|move|p1a: Lucario|Iron Tail|p2a: Chandelure
|-resisted|p2a: Chandelure
|-end|p2a: Chandelure|Substitute
|move|p2a: Chandelure|Fire Blast|p1a: Lucario
|-supereffective|p1a: Lucario
|-damage|p1a: Lucario|0 fnt
|faint|p1a: Lucario
|
|-heal|p2a: Chandelure|92\/262|[from] item: Leftovers
|
|switch|p1a: Togekiss|Togekiss, M|327\/374
|-damage|p1a: Togekiss|234\/374|[from] Stealth Rock
|turn|28
|
|move|p2a: Chandelure|Substitute|p2a: Chandelure
|-start|p2a: Chandelure|Substitute
|-damage|p2a: Chandelure|27\/262
|move|p1a: Togekiss|Air Slash|p2a: Chandelure
|-end|p2a: Chandelure|Substitute
|
|-heal|p2a: Chandelure|43\/262|[from] item: Leftovers
|-heal|p1a: Togekiss|257\/374|[from] item: Leftovers
|turn|29
|
|move|p2a: Chandelure|Fire Blast|p1a: Togekiss
|-damage|p1a: Togekiss|58\/374
|move|p1a: Togekiss|Air Slash|p2a: Chandelure
|-damage|p2a: Chandelure|0 fnt
|faint|p2a: Chandelure
|
|-heal|p1a: Togekiss|81\/374|[from] item: Leftovers
|
|switch|p2a: Absol|Absol, F|271\/271
|turn|30
|
|detailschange|p2a: Absol|Absol-Mega, F
|message|Absol has Mega Evolved into Mega Absol!
|move|p2a: Absol|Play Rough|p1a: Togekiss
|-damage|p1a: Togekiss|0 fnt
|faint|p1a: Togekiss
|
|
|switch|p1a: Hippowdon|Hippowdon, F|420\/420
|-damage|p1a: Hippowdon|394\/420|[from] Stealth Rock
|-weather|Sandstorm
|turn|31
|
|switch|p2a: Nidoqueen|Nidoqueen, F|309\/384
|move|p1a: Hippowdon|Earthquake|p2a: Nidoqueen
|-supereffective|p2a: Nidoqueen
|-damage|p2a: Nidoqueen|9\/384
|
|-weather|Sandstorm|[upkeep]
|turn|32
|
|move|p2a: Nidoqueen|Ice Beam|p1a: Hippowdon
|-supereffective|p1a: Hippowdon
|-damage|p1a: Hippowdon|22\/420
|move|p1a: Hippowdon|Earthquake|p2a: Nidoqueen
|-supereffective|p2a: Nidoqueen
|-damage|p2a: Nidoqueen|0 fnt
|faint|p2a: Nidoqueen
|
|-weather|Sandstorm|[upkeep]
|
|switch|p2a: Absol|Absol-Mega, F|271\/271
|turn|33
|
|move|p2a: Absol|Night Slash|p1a: Hippowdon
|-damage|p1a: Hippowdon|0 fnt
|faint|p1a: Hippowdon
|
|-weather|Sandstorm|[upkeep]
|-damage|p2a: Absol|255\/271|[from] sandstorm
|
|switch|p1a: Victini|Victini|256\/341
|-damage|p1a: Victini|171\/341|[from] Stealth Rock
|turn|34
|
|move|p2a: Absol|Sucker Punch|p1a: Victini
|-supereffective|p1a: Victini
|-damage|p1a: Victini|0 fnt
|faint|p1a: Victini
|
|-weather|Sandstorm|[upkeep]
|-damage|p2a: Absol|239\/271|[from] sandstorm
|
|switch|p1a: Raikou|Raikou, shiny|208\/322
|-damage|p1a: Raikou|168\/322|[from] Stealth Rock
|-ability|p1a: Raikou|Pressure
|turn|35
|
|move|p2a: Absol|Sucker Punch|p1a: Raikou
|-damage|p1a: Raikou|0 fnt
|faint|p1a: Raikou
|
|win|Sac Riz
|raw|Ladder updating...
|raw|riteshh's rating: 1527 &rarr; <strong>1503<\/strong><br \/>(-24 for losing)
|raw|Sac Riz's rating: 1458 &rarr; <strong>1482<\/strong><br \/>(+24 for winning)
|leave|riteshh
|player|p1