|join|Christo m8
|join|Sac Riz
|player|p1|Christo m8|1
|player|p2|Sac Riz|170
|gametype|singles
|gen|6
|tier|UU
|rated
|rule|Sleep Clause Mod: Limit one foe put to sleep
|rule|Species Clause: Limit one of each PokÃ©mon
|rule|OHKO Clause: OHKO moves are banned
|rule|Moody Clause: Moody is banned
|rule|Evasion Moves Clause: Evasion moves are banned
|rule|Endless Battle Clause: Forcing endless battles is banned
|rule|HP Percentage Mod: HP is shown in percentages
|clearpoke
|poke|p1|Hydreigon, M
|poke|p1|Pidgeot, M
|poke|p1|Jirachi
|poke|p1|Doublade, M
|poke|p1|Machamp, F
|poke|p1|Nidoqueen, F
|poke|p2|Absol, M
|poke|p2|Nidoqueen, F
|poke|p2|Roserade, M
|poke|p2|Mienshao, M
|poke|p2|Jirachi
|poke|p2|Suicune
|rule|Swagger Clause: Swagger is banned
|rule|Baton Pass Clause: Limit one PokÃ©mon knowing Baton Pass
|teampreview
|c|âSac Riz|hf
|
|start
|switch|p1a: Nidoqueen|Nidoqueen, F|330\/330
|switch|p2a: Suicune|Suicune|404\/404
|-ability|p2a: Suicune|Pressure
|turn|1
|
|move|p1a: Nidoqueen|Sludge Wave|p2a: Suicune
|-damage|p2a: Suicune|201\/404
|move|p2a: Suicune|Scald|p1a: Nidoqueen
|-supereffective|p1a: Nidoqueen
|-damage|p1a: Nidoqueen|148\/330
|
|-heal|p2a: Suicune|226\/404|[from] item: Leftovers
|turn|2
|
|move|p1a: Nidoqueen|Earth Power|p2a: Suicune
|-damage|p2a: Suicune|27\/404
|move|p2a: Suicune|Scald|p1a: Nidoqueen
|-crit|p1a: Nidoqueen
|-supereffective|p1a: Nidoqueen
|-damage|p1a: Nidoqueen|0 fnt
|faint|p1a: Nidoqueen
|
|-heal|p2a: Suicune|52\/404|[from] item: Leftovers
|
|switch|p1a: Pidgeot|Pidgeot, M|308\/308
|turn|3
|
|switch|p2a: Jirachi|Jirachi|341\/341
|detailschange|p1a: Pidgeot|Pidgeot-Mega, M
|-mega|p1a: Pidgeot|Pidgeot|Pidgeotite
|move|p1a: Pidgeot|Hurricane|p2a: Jirachi
|-resisted|p2a: Jirachi
|-damage|p2a: Jirachi|239\/341
|
|-heal|p2a: Jirachi|260\/341|[from] item: Leftovers
|turn|4
|
|move|p1a: Pidgeot|Heat Wave|p2a: Jirachi
|-supereffective|p2a: Jirachi
|-damage|p2a: Jirachi|42\/341
|move|p2a: Jirachi|Healing Wish|p2a: Jirachi
|faint|p2a: Jirachi
|
|c|âChristo m8|hmm
|
|switch|p2a: Suicune|Suicune|52\/404
|-heal|p2a: Suicune|404\/404|[from] move: Healing Wish
|-ability|p2a: Suicune|Pressure
|turn|5
|
|move|p1a: Pidgeot|Hurricane|p2a: Suicune
|-damage|p2a: Suicune|238\/404
|move|p2a: Suicune|Calm Mind|p2a: Suicune
|-boost|p2a: Suicune|spa|1
|-boost|p2a: Suicune|spd|1
|
|-heal|p2a: Suicune|263\/404|[from] item: Leftovers
|turn|6
|
|switch|p1a: Jirachi|Jirachi|341\/341
|move|p2a: Suicune|Rest|p2a: Suicune
|-status|p2a: Suicune|slp
|-heal|p2a: Suicune|404\/404 slp|[silent]
|-status|p2a: Suicune|slp|[from] move: Rest
|
|turn|7
|
|switch|p2a: Absol|Absol, M|271\/271
|move|p1a: Jirachi|Trick|p2a: Absol
|-fail|p2a: Absol
|
|turn|8
|
|switch|p1a: Machamp|Machamp, F|362\/362
|detailschange|p2a: Absol|Absol-Mega, M
|-mega|p2a: Absol|Absol|Absolite
|move|p2a: Absol|Swords Dance|p2a: Absol
|-boost|p2a: Absol|atk|2
|
|turn|9
|
|move|p2a: Absol|Play Rough|p1a: Machamp
|-supereffective|p1a: Machamp
|-damage|p1a: Machamp|0 fnt
|faint|p1a: Machamp
|
|
|switch|p1a: Hydreigon|Hydreigon, M|325\/325
|turn|10
|
|switch|p1a: Jirachi|Jirachi|341\/341
|move|p2a: Absol|Play Rough|p1a: Jirachi
|-resisted|p1a: Jirachi
|-damage|p1a: Jirachi|222\/341
|
|turn|11
|c|âChristo m8|u know my sets or something?
|c|âSac Riz|No
|
|switch|p1a: Hydreigon|Hydreigon, M|325\/325
|move|p2a: Absol|Sucker Punch|p1a: Hydreigon
|-fail|p2a: Absol
|
|turn|12
|c|âSac Riz|But when Jirachi come on Suicune like that
|c|âSac Riz|For me the trick is coming
|
|move|p2a: Absol|Play Rough|p1a: Hydreigon
|-supereffective|p1a: Hydreigon
|-damage|p1a: Hydreigon|0 fnt
|faint|p1a: Hydreigon
|
|c|âChristo m8|not what i mean
|c|âChristo m8|i mean knowing this wasnt scarf
|
|switch|p1a: Pidgeot|Pidgeot-Mega, M|308\/308
|turn|13
|
|move|p1a: Pidgeot|Protect|p1a: Pidgeot
|-singleturn|p1a: Pidgeot|Protect
|move|p2a: Absol|Sucker Punch|p1a: Pidgeot
|-fail|p2a: Absol
|
|turn|14
|
|move|p1a: Pidgeot|Defog|p2a: Absol
|move|p2a: Absol|Defog|p1a: Pidgeot|[from]Magic Bounce
|-unboost|p1a: Pidgeot|evasion|1
|move|p2a: Absol|Knock Off|p1a: Pidgeot
|-damage|p1a: Pidgeot|0 fnt
|faint|p1a: Pidgeot
|
|
|switch|p1a: Doublade|Doublade, M|319\/319
|turn|15
|-message|Christo m8 forfeited.
|
|win|Sac Riz
|raw|Ladder updating...
|raw|Christo m8's rating: 1577 &rarr; <strong>1559<\/strong><br \/>(-18 for losing)
|raw|Sac Riz's rating: 1618 &rarr; <strong>1636<\/strong><br \/>(+18 for winning)
|leave|Christo m8
|player|p1