|join|Sac Riz
|join|ULT Hogg
|player|p1|Sac Riz|169
|player|p2|ULT Hogg|125
|gametype|singles
|gen|6
|tier|UU
|rated
|rule|Sleep Clause Mod: Limit one foe put to sleep
|rule|Species Clause: Limit one of each PokÃ©mon
|rule|OHKO Clause: OHKO moves are banned
|rule|Moody Clause: Moody is banned
|rule|Evasion Moves Clause: Evasion moves are banned
|rule|Endless Battle Clause: Forcing endless battles is banned
|rule|HP Percentage Mod: HP is shown in percentages
|clearpoke
|poke|p1|Absol, M
|poke|p1|Nidoqueen, F
|poke|p1|Roserade, F
|poke|p1|Mienshao, M
|poke|p1|Jirachi
|poke|p1|Suicune
|poke|p2|Kyurem
|poke|p2|Tentacruel, F
|poke|p2|Florges, F
|poke|p2|Ferroseed, F
|poke|p2|Aerodactyl, M
|poke|p2|Shedinja
|rule|Swagger Clause: Swagger is banned
|rule|Baton Pass Clause: Limit one PokÃ©mon knowing Baton Pass
|teampreview
|
|start
|switch|p1a: Mienshao|Mienshao, M|271\/271
|switch|p2a: Aerodactyl|Aerodactyl, M|363\/363
|-ability|p2a: Aerodactyl|Pressure
|turn|1
|
|switch|p2a: Shedinja|Shedinja|1\/1
|move|p1a: Mienshao|High Jump Kick|p2a: Shedinja
|-immune|p2a: Shedinja|[msg]
|-damage|p1a: Mienshao|136\/271|[from] highjumpkick
|
|turn|2
|c|âSac Riz|lol
|
|switch|p1a: Roserade|Roserade, F|262\/262
|move|p2a: Shedinja|Will-O-Wisp|p1a: Roserade
|-status|p1a: Roserade|brn
|
|-damage|p1a: Roserade|230\/262 brn|[from] brn
|turn|3
|
|switch|p2a: Ferroseed|Ferroseed, F|292\/292
|move|p1a: Roserade|Sleep Powder|p2a: Ferroseed|[miss]
|-miss|p1a: Roserade|p2a: Ferroseed
|
|-damage|p1a: Roserade|198\/262 brn|[from] brn
|turn|4
|
|switch|p2a: Aerodactyl|Aerodactyl, M|363\/363
|-ability|p2a: Aerodactyl|Pressure
|move|p1a: Roserade|Spikes|p2a: Aerodactyl
|-sidestart|p2: ULT Hogg|Spikes
|
|-damage|p1a: Roserade|166\/262 brn|[from] brn
|turn|5
|
|detailschange|p2a: Aerodactyl|Aerodactyl-Mega, M
|-mega|p2a: Aerodactyl|Aerodactyl|Aerodactylite
|move|p2a: Aerodactyl|Defog|p1a: Roserade
|-unboost|p1a: Roserade|evasion|1
|-sideend|p2: ULT Hogg|Spikes|[from] move: Defog|[of] p2a: Aerodactyl
|move|p1a: Roserade|Sleep Powder|p2a: Aerodactyl|[miss]
|-miss|p1a: Roserade|p2a: Aerodactyl
|
|-damage|p1a: Roserade|134\/262 brn|[from] brn
|turn|6
|c|âSac Riz|.cry
|
|move|p2a: Aerodactyl|Aerial Ace|p1a: Roserade
|-supereffective|p1a: Roserade
|-damage|p1a: Roserade|0 fnt
|faint|p1a: Roserade
|
|
|switch|p1a: Absol|Absol, M|271\/271
|turn|7
|c|âULT Hogg|!dt wing attack
|c|~|\/data-move Wing Attack
|raw|<font size="1"><font color=#585858>Priority:<\/font> 0&nbsp;|&ThickSpace;<font color=#585858><font color=black>&#10003; Contact<\/font><\/font>&nbsp;|&ThickSpace;<font color=#585858><font color=black>&#10003; Blocked by Protect<\/font><\/font>&nbsp;|&ThickSpace;<font color=#585858>Target:<\/font> Any Pokemon<\/font>
|c|âULT Hogg|I should switch to that
|
|detailschange|p1a: Absol|Absol-Mega, M
|-mega|p1a: Absol|Absol|Absolite
|move|p2a: Aerodactyl|Aerial Ace|p1a: Absol
|-damage|p1a: Absol|82\/271
|move|p1a: Absol|Knock Off|p2a: Aerodactyl
|-damage|p2a: Aerodactyl|216\/363
|
|turn|8
|join|dingbat
|
|switch|p1a: Jirachi|Jirachi|341\/341
|move|p2a: Aerodactyl|Aerial Ace|p1a: Jirachi
|-resisted|p1a: Jirachi
|-damage|p1a: Jirachi|281\/341
|
|-heal|p1a: Jirachi|302\/341|[from] item: Leftovers
|turn|9
|c| dingbat|ferroseed
|c| dingbat|is my favorite prick
|c| dingbat|:]
|
|switch|p2a: Tentacruel|Tentacruel, F|359\/359
|move|p1a: Jirachi|U-turn|p2a: Tentacruel
|-resisted|p2a: Tentacruel
|-damage|p2a: Tentacruel|326\/359
|
|switch|p1a: Absol|Absol-Mega, M|82\/271
|
|-heal|p2a: Tentacruel|348\/359|[from] item: Black Sludge
|turn|10
|
|move|p1a: Absol|Knock Off|p2a: Tentacruel
|-damage|p2a: Tentacruel|179\/359
|-enditem|p2a: Tentacruel|Black Sludge|[from] move: Knock Off|[of] p1a: Absol
|move|p2a: Tentacruel|Scald|p1a: Absol
|-damage|p1a: Absol|0 fnt
|faint|p1a: Absol
|
|
|switch|p1a: Jirachi|Jirachi|302\/341
|turn|11
|
|move|p1a: Jirachi|Zen Headbutt|p2a: Tentacruel|[miss]
|-miss|p1a: Jirachi|p2a: Tentacruel
|move|p2a: Tentacruel|Knock Off|p1a: Jirachi
|-supereffective|p1a: Jirachi
|-damage|p1a: Jirachi|192\/341
|-enditem|p1a: Jirachi|Leftovers|[from] move: Knock Off|[of] p2a: Tentacruel
|
|turn|12
|c|âULT Hogg|you are not having very good luck today :(
|join|Iceolation
|
|switch|p1a: Mienshao|Mienshao, M|136\/271
|switch|p2a: Ferroseed|Ferroseed, F|292\/292
|
|turn|13
|c|âSac Riz|ye
|
|move|p1a: Mienshao|High Jump Kick|p2a: Ferroseed
|-supereffective|p2a: Ferroseed
|-damage|p2a: Ferroseed|14\/292
|-damage|p1a: Mienshao|103\/271|[from] ability: Iron Barbs|[of] p2a: Ferroseed
|move|p2a: Ferroseed|Spikes|p1a: Mienshao
|-sidestart|p1: Sac Riz|Spikes
|
|turn|14
|c| Iceolation|protect where
|join|Snowballin
|c|âSac Riz|hmm
|c|âSac Riz|gg
|-message|Sac Riz forfeited.
|
|win|ULT Hogg
|raw|Ladder updating...
|c|âULT Hogg|I thought he'd knock off first and then HJK
|leave|Iceolation
|raw|Sac Riz's rating: 1577 &rarr; <strong>1550<\/strong><br \/>(-27 for losing)
|raw|ULT Hogg's rating: 1450 &rarr; <strong>1477<\/strong><br \/>(+27 for winning)
|c|âULT Hogg|gg
|leave|Sac Riz
|leave|dingbat
|player|p1