|join|Sac Riz
|join|SunnyORAS
|player|p1|Sac Riz|266
|player|p2|SunnyORAS|265
|gametype|singles
|gen|6
|tier|UU
|rated
|rule|Sleep Clause Mod: Limit one foe put to sleep
|rule|Species Clause: Limit one of each PokÃ©mon
|rule|OHKO Clause: OHKO moves are banned
|rule|Moody Clause: Moody is banned
|rule|Evasion Moves Clause: Evasion moves are banned
|rule|Endless Battle Clause: Forcing endless battles is banned
|rule|HP Percentage Mod: HP is shown in percentages
|clearpoke
|poke|p1|Entei, shiny
|poke|p1|Blastoise, F
|poke|p1|Celebi
|poke|p1|Raikou
|poke|p1|Lucario, F
|poke|p1|Hydreigon, M
|poke|p2|Hydreigon, M
|poke|p2|Machamp, M
|poke|p2|Shaymin
|poke|p2|Jirachi
|poke|p2|Swampert, F
|poke|p2|Crobat, F
|rule|Swagger Clause: Swagger is banned
|rule|Baton Pass Clause: Limit one PokÃ©mon knowing Baton Pass
|teampreview
|c|âSunnyORAS|ahyy mate
|c|âSunnyORAS|gl
|c|âSac Riz|gl o:
|
|start
|switch|p1a: Celebi|Celebi|342\/342
|switch|p2a: Swampert|Swampert, F|401\/401
|turn|1
|
|switch|p2a: Jirachi|Jirachi|341\/341
|move|p1a: Celebi|Stealth Rock|p2a: Jirachi
|-sidestart|p2: SunnyORAS|move: Stealth Rock
|
|turn|2
|
|switch|p1a: Entei|Entei, shiny|371\/371
|-ability|p1a: Entei|Pressure
|move|p2a: Jirachi|U-turn|p1a: Entei
|-resisted|p1a: Entei
|-damage|p1a: Entei|330\/371
|
|switch|p2a: Swampert|Swampert, F|401\/401
|-damage|p2a: Swampert|376\/401|[from] Stealth Rock
|
|-heal|p2a: Swampert|401\/401|[from] item: Leftovers
|turn|3
|join|markastan
|
|switch|p1a: Celebi|Celebi|342\/342
|move|p2a: Swampert|Stealth Rock|p1a: Celebi
|-sidestart|p1: Sac Riz|move: Stealth Rock
|
|turn|4
|c| markastan|hi
|c|âSunnyORAS|hello man
|c|âSac Riz|hi
|c|âSunnyORAS|:)
|
|switch|p2a: Jirachi|Jirachi|341\/341
|-damage|p2a: Jirachi|320\/341|[from] Stealth Rock
|move|p1a: Celebi|U-turn|p2a: Jirachi
|-damage|p2a: Jirachi|223\/341
|-damage|p1a: Celebi|308\/342|[from] item: Life Orb
|
|switch|p1a: Blastoise|Blastoise, F|361\/361
|-damage|p1a: Blastoise|316\/361|[from] Stealth Rock
|
|turn|5
|c|âSunnyORAS|ah nice
|
|detailschange|p1a: Blastoise|Blastoise-Mega, F
|-mega|p1a: Blastoise|Blastoise|Blastoisinite
|move|p2a: Jirachi|U-turn|p1a: Blastoise
|-damage|p1a: Blastoise|257\/361
|
|switch|p2a: Shaymin|Shaymin|341\/341
|-damage|p2a: Shaymin|299\/341|[from] Stealth Rock
|move|p1a: Blastoise|Rapid Spin|p2a: Shaymin
|-damage|p2a: Shaymin|285\/341
|-sideend|p1: Sac Riz|Stealth Rock|[from] move: Rapid Spin|[of] p1a: Blastoise
|
|turn|6
|
|switch|p1a: Hydreigon|Hydreigon, M|325\/325
|move|p2a: Shaymin|Earth Power|p1a: Hydreigon
|-immune|p1a: Hydreigon|[msg]
|
|turn|7
|
|switch|p2a: Machamp|Machamp, M|364\/364
|-damage|p2a: Machamp|342\/364|[from] Stealth Rock
|move|p1a: Hydreigon|Draco Meteor|p2a: Machamp|[miss]
|-miss|p1a: Hydreigon|p2a: Machamp
|
|turn|8
|c|âSac Riz|arf
|
|switch|p1a: Celebi|Celebi|308\/342
|move|p2a: Machamp|Knock Off|p1a: Celebi
|-supereffective|p1a: Celebi
|-damage|p1a: Celebi|52\/342
|-enditem|p1a: Celebi|Life Orb|[from] move: Knock Off|[of] p2a: Machamp
|
|turn|9
|c|âSunnyORAS|Assault vest
|c|âSunnyORAS|:)
|c|âSac Riz|yh
|
|move|p2a: Machamp|Bullet Punch|p1a: Celebi
|-damage|p1a: Celebi|0 fnt
|faint|p1a: Celebi
|
|
|switch|p1a: Entei|Entei, shiny|330\/371
|-ability|p1a: Entei|Pressure
|turn|10
|
|switch|p2a: Swampert|Swampert, F|401\/401
|-damage|p2a: Swampert|376\/401|[from] Stealth Rock
|move|p1a: Entei|Sacred Fire|p2a: Swampert
|-resisted|p2a: Swampert
|-damage|p2a: Swampert|274\/401
|-status|p2a: Swampert|brn
|
|-heal|p2a: Swampert|299\/401 brn|[from] item: Leftovers
|-damage|p2a: Swampert|249\/401 brn|[from] brn
|turn|11
|
|switch|p1a: Blastoise|Blastoise-Mega, F|257\/361
|move|p2a: Swampert|Stealth Rock|p1a: Blastoise
|-sidestart|p1: Sac Riz|move: Stealth Rock
|
|-heal|p2a: Swampert|274\/401 brn|[from] item: Leftovers
|-damage|p2a: Swampert|224\/401 brn|[from] brn
|turn|12
|
|move|p1a: Blastoise|Rapid Spin|p2a: Swampert
|-damage|p2a: Swampert|213\/401 brn
|-sideend|p1: Sac Riz|Stealth Rock|[from] move: Rapid Spin|[of] p1a: Blastoise
|move|p2a: Swampert|Stealth Rock|p1a: Blastoise
|-sidestart|p1: Sac Riz|move: Stealth Rock
|
|-heal|p2a: Swampert|238\/401 brn|[from] item: Leftovers
|-damage|p2a: Swampert|188\/401 brn|[from] brn
|turn|13
|
|move|p1a: Blastoise|Rapid Spin|p2a: Swampert
|-crit|p2a: Swampert
|-damage|p2a: Swampert|172\/401 brn
|-sideend|p1: Sac Riz|Stealth Rock|[from] move: Rapid Spin|[of] p1a: Blastoise
|move|p2a: Swampert|Stealth Rock|p1a: Blastoise
|-sidestart|p1: Sac Riz|move: Stealth Rock
|
|-heal|p2a: Swampert|197\/401 brn|[from] item: Leftovers
|-damage|p2a: Swampert|147\/401 brn|[from] brn
|turn|14
|
|move|p1a: Blastoise|Rapid Spin|p2a: Swampert
|-damage|p2a: Swampert|135\/401 brn
|-sideend|p1: Sac Riz|Stealth Rock|[from] move: Rapid Spin|[of] p1a: Blastoise
|move|p2a: Swampert|Stealth Rock|p1a: Blastoise
|-sidestart|p1: Sac Riz|move: Stealth Rock
|
|-heal|p2a: Swampert|160\/401 brn|[from] item: Leftovers
|-damage|p2a: Swampert|110\/401 brn|[from] brn
|turn|15
|
|move|p1a: Blastoise|Rapid Spin|p2a: Swampert
|-damage|p2a: Swampert|98\/401 brn
|-sideend|p1: Sac Riz|Stealth Rock|[from] move: Rapid Spin|[of] p1a: Blastoise
|move|p2a: Swampert|Stealth Rock|p1a: Blastoise
|-sidestart|p1: Sac Riz|move: Stealth Rock
|
|-heal|p2a: Swampert|123\/401 brn|[from] item: Leftovers
|-damage|p2a: Swampert|73\/401 brn|[from] brn
|turn|16
|
|move|p1a: Blastoise|Rapid Spin|p2a: Swampert
|-crit|p2a: Swampert
|-damage|p2a: Swampert|54\/401 brn
|-sideend|p1: Sac Riz|Stealth Rock|[from] move: Rapid Spin|[of] p1a: Blastoise
|move|p2a: Swampert|Stealth Rock|p1a: Blastoise
|-sidestart|p1: Sac Riz|move: Stealth Rock
|
|-heal|p2a: Swampert|79\/401 brn|[from] item: Leftovers
|-damage|p2a: Swampert|29\/401 brn|[from] brn
|turn|17
|
|move|p1a: Blastoise|Rapid Spin|p2a: Swampert
|-damage|p2a: Swampert|18\/401 brn
|-sideend|p1: Sac Riz|Stealth Rock|[from] move: Rapid Spin|[of] p1a: Blastoise
|move|p2a: Swampert|Stealth Rock|p1a: Blastoise
|-sidestart|p1: Sac Riz|move: Stealth Rock
|
|-heal|p2a: Swampert|43\/401 brn|[from] item: Leftovers
|-damage|p2a: Swampert|0 fnt|[from] brn
|faint|p2a: Swampert
|c| markastan|lol
|
|switch|p2a: Shaymin|Shaymin|285\/341
|-damage|p2a: Shaymin|243\/341|[from] Stealth Rock
|turn|18
|c|âSac Riz|sad
|
|switch|p2a: Jirachi|Jirachi|223\/341
|-damage|p2a: Jirachi|202\/341|[from] Stealth Rock
|move|p1a: Blastoise|Ice Beam|p2a: Jirachi
|-resisted|p2a: Jirachi
|-damage|p2a: Jirachi|146\/341
|-status|p2a: Jirachi|frz
|
|turn|19
|c|âSunnyORAS|;-;
|c|âSac Riz|sorry
|c|âSac Riz|Oo
|c|âSunnyORAS|._.
|c|âSunnyORAS|ok
|
|cant|p2a: Jirachi|frz
|move|p1a: Blastoise|Rapid Spin|p2a: Jirachi
|-resisted|p2a: Jirachi
|-damage|p2a: Jirachi|139\/341 frz
|-sideend|p1: Sac Riz|Stealth Rock|[from] move: Rapid Spin|[of] p1a: Blastoise
|
|turn|20
|
|cant|p2a: Jirachi|frz
|move|p1a: Blastoise|Dark Pulse|p2a: Jirachi
|-supereffective|p2a: Jirachi
|-damage|p2a: Jirachi|0 fnt
|faint|p2a: Jirachi
|
|
|switch|p2a: Shaymin|Shaymin|243\/341
|-damage|p2a: Shaymin|201\/341|[from] Stealth Rock
|turn|21
|
|switch|p1a: Hydreigon|Hydreigon, M|325\/325
|move|p2a: Shaymin|Seed Flare|p1a: Hydreigon
|-resisted|p1a: Hydreigon
|-damage|p1a: Hydreigon|190\/325
|-damage|p2a: Shaymin|167\/341|[from] item: Life Orb
|
|turn|22
|c|âSunnyORAS|so you hate rock that much huh
|
|move|p1a: Hydreigon|Draco Meteor|p2a: Shaymin
|-crit|p2a: Shaymin
|-damage|p2a: Shaymin|0 fnt
|-unboost|p1a: Hydreigon|spa|2
|faint|p2a: Shaymin
|
|c|âSac Riz|yh
|
|switch|p2a: Machamp|Machamp, M|342\/364
|-damage|p2a: Machamp|320\/364|[from] Stealth Rock
|turn|23
|
|switch|p1a: Blastoise|Blastoise-Mega, F|257\/361
|move|p2a: Machamp|Close Combat|p1a: Blastoise
|-damage|p1a: Blastoise|71\/361
|-unboost|p2a: Machamp|def|1
|-unboost|p2a: Machamp|spd|1
|
|turn|24
|c|âSunnyORAS|lol y i double there
|
|move|p1a: Blastoise|Hydro Pump|p2a: Machamp
|-damage|p2a: Machamp|76\/364
|move|p2a: Machamp|Close Combat|p1a: Blastoise
|-damage|p1a: Blastoise|0 fnt
|-unboost|p2a: Machamp|def|1
|-unboost|p2a: Machamp|spd|1
|faint|p1a: Blastoise
|
|
|switch|p1a: Lucario|Lucario, F|281\/281
|turn|25
|
|switch|p2a: Crobat|Crobat, F|323\/323
|-damage|p2a: Crobat|243\/323|[from] Stealth Rock
|move|p1a: Lucario|Extreme Speed|p2a: Crobat
|-damage|p2a: Crobat|105\/323
|-damage|p1a: Lucario|253\/281|[from] item: Life Orb
|
|-heal|p2a: Crobat|125\/323|[from] item: Black Sludge
|turn|26
|
|move|p1a: Lucario|Extreme Speed|p2a: Crobat
|-damage|p2a: Crobat|0 fnt
|-damage|p1a: Lucario|225\/281|[from] item: Life Orb
|faint|p2a: Crobat
|
|
|switch|p2a: Hydreigon|Hydreigon, M|325\/325
|-damage|p2a: Hydreigon|285\/325|[from] Stealth Rock
|turn|27
|
|move|p1a: Lucario|Extreme Speed|p2a: Hydreigon
|-crit|p2a: Hydreigon
|-damage|p2a: Hydreigon|89\/325
|-damage|p1a: Lucario|197\/281|[from] item: Life Orb
|move|p2a: Hydreigon|U-turn|p1a: Lucario
|-resisted|p1a: Lucario
|-damage|p1a: Lucario|179\/281
|
|switch|p2a: Machamp|Machamp, M|76\/364
|-damage|p2a: Machamp|54\/364|[from] Stealth Rock
|
|turn|28
|c|âSunnyORAS|ah shit
|c|âSunnyORAS|gg
|
|move|p1a: Lucario|Extreme Speed|p2a: Machamp
|-damage|p2a: Machamp|0 fnt
|-damage|p1a: Lucario|151\/281|[from] item: Life Orb
|faint|p2a: Machamp
|
|c|âSac Riz|gg
|
|switch|p2a: Hydreigon|Hydreigon, M|89\/325
|-damage|p2a: Hydreigon|49\/325|[from] Stealth Rock
|turn|29
|
|move|p2a: Hydreigon|Dark Pulse|p1a: Lucario
|-resisted|p1a: Lucario
|-damage|p1a: Lucario|64\/281
|-boost|p1a: Lucario|atk|1|[from] ability: Justified
|cant|p1a: Lucario|flinch
|
|turn|30
|
|move|p2a: Hydreigon|Dark Pulse|p1a: Lucario
|-resisted|p1a: Lucario
|-damage|p1a: Lucario|0 fnt
|faint|p1a: Lucario
|
|
|switch|p1a: Entei|Entei, shiny|330\/371
|-ability|p1a: Entei|Pressure
|turn|31
|
|move|p1a: Entei|Extreme Speed|p2a: Hydreigon
|-damage|p2a: Hydreigon|0 fnt
|faint|p2a: Hydreigon
|
|win|Sac Riz
|raw|Ladder updating...
|raw|Sac Riz's rating: 1458 &rarr; <strong>1478<\/strong><br \/>(+20 for winning)
|raw|SunnyORAS's rating: 1461 &rarr; <strong>1441<\/strong><br \/>(-20 for losing)