|join|Prof Varrick
|join|PureInstinctx
|player|p1|Prof Varrick|70
|player|p2|PureInstinctx|99
|gametype|singles
|gen|6
|tier|UU
|rated
|rule|Sleep Clause Mod: Limit one foe put to sleep
|rule|Species Clause: Limit one of each PokÃ©mon
|rule|OHKO Clause: OHKO moves are banned
|rule|Moody Clause: Moody is banned
|rule|Evasion Moves Clause: Evasion moves are banned
|rule|Endless Battle Clause: Forcing endless battles is banned
|rule|HP Percentage Mod: HP is shown in percentages
|clearpoke
|poke|p1|Tornadus, M
|poke|p1|Swampert, F
|poke|p1|Heliolisk, M
|poke|p1|Gorebyss, F
|poke|p1|Accelgor, F
|poke|p1|Kabutops, M
|poke|p2|Haxorus, M
|poke|p2|Froslass, F
|poke|p2|Forretress, F
|poke|p2|Florges, F
|poke|p2|Swampert, F
|poke|p2|Lucario, M
|rule|Swagger Clause: Swagger is banned
|rule|Baton Pass Clause: Limit one PokÃ©mon knowing Baton Pass
|teampreview
|
|start
|switch|p1a: Accelgor|Accelgor, F|363\/363
|switch|p2a: Froslass|Froslass, F|281\/281
|turn|1
|
|move|p1a: Accelgor|Rain Dance|p1a: Accelgor
|-weather|RainDance
|move|p2a: Froslass|Taunt|p1a: Accelgor
|-start|p1a: Accelgor|move: Taunt
|
|-weather|RainDance|[upkeep]
|turn|2
|
|switch|p1a: Tornadus|Tornadus, M|299\/299
|move|p2a: Froslass|Spikes|p1a: Tornadus
|-sidestart|p1: Prof Varrick|Spikes
|
|-weather|RainDance|[upkeep]
|turn|3
|
|move|p1a: Tornadus|Hurricane|p2a: Froslass
|-damage|p2a: Froslass|41\/281
|-start|p2a: Froslass|confusion
|-activate|p2a: Froslass|confusion
|-damage|p2a: Froslass|9\/281|[from] confusion
|
|-weather|RainDance|[upkeep]
|turn|4
|
|switch|p2a: Florges|Florges, F|360\/360
|move|p1a: Tornadus|Hurricane|p2a: Florges
|-crit|p2a: Florges
|-damage|p2a: Florges|194\/360
|
|-weather|RainDance|[upkeep]
|-heal|p2a: Florges|216\/360|[from] item: Leftovers
|turn|5
|
|move|p2a: Florges|Protect|p2a: Florges
|-singleturn|p2a: Florges|Protect
|move|p1a: Tornadus|Taunt|p2a: Florges
|-activate|p2a: Florges|Protect
|
|-weather|RainDance|[upkeep]
|-heal|p2a: Florges|238\/360|[from] item: Leftovers
|turn|6
|
|move|p1a: Tornadus|Taunt|p2a: Florges
|-start|p2a: Florges|move: Taunt
|move|p2a: Florges|Moonblast|p1a: Tornadus
|-damage|p1a: Tornadus|157\/299
|
|-weather|RainDance|[upkeep]
|-heal|p2a: Florges|260\/360|[from] item: Leftovers
|turn|7
|
|move|p1a: Tornadus|Hurricane|p2a: Florges
|-damage|p2a: Florges|140\/360
|move|p2a: Florges|Moonblast|p1a: Tornadus
|-damage|p1a: Tornadus|4\/299
|
|-weather|RainDance|[upkeep]
|-heal|p2a: Florges|162\/360|[from] item: Leftovers
|turn|8
|
|move|p1a: Tornadus|Hurricane|p2a: Florges
|-damage|p2a: Florges|53\/360
|move|p2a: Florges|Moonblast|p1a: Tornadus
|-damage|p1a: Tornadus|0 fnt
|faint|p1a: Tornadus
|
|-weather|none
|-heal|p2a: Florges|75\/360|[from] item: Leftovers
|-end|p2a: Florges|move: Taunt
|
|switch|p1a: Swampert|Swampert, F|341\/341
|-damage|p1a: Swampert|299\/341|[from] Spikes
|turn|9
|
|switch|p2a: Forretress|Forretress, F|354\/354
|detailschange|p1a: Swampert|Swampert-Mega, F
|-mega|p1a: Swampert|Swampert|Swampertite
|move|p1a: Swampert|Waterfall|p2a: Forretress
|-damage|p2a: Forretress|246\/354
|
|-heal|p2a: Forretress|268\/354|[from] item: Leftovers
|turn|10
|
|move|p1a: Swampert|Rain Dance|p1a: Swampert
|-weather|RainDance
|move|p2a: Forretress|Stealth Rock|p1a: Swampert
|-sidestart|p1: Prof Varrick|move: Stealth Rock
|
|-weather|RainDance|[upkeep]
|-heal|p2a: Forretress|290\/354|[from] item: Leftovers
|turn|11
|
|move|p1a: Swampert|Waterfall|p2a: Forretress
|-damage|p2a: Forretress|151\/354
|cant|p2a: Forretress|flinch
|
|-weather|RainDance|[upkeep]
|-heal|p2a: Forretress|173\/354|[from] item: Leftovers
|turn|12
|
|move|p1a: Swampert|Waterfall|p2a: Forretress
|-crit|p2a: Forretress
|-damage|p2a: Forretress|0 fnt
|faint|p2a: Forretress
|
|-weather|RainDance|[upkeep]
|
|switch|p2a: Swampert|Swampert, F|392\/392
|turn|13
|
|move|p1a: Swampert|Waterfall|p2a: Swampert
|-damage|p2a: Swampert|106\/392
|cant|p2a: Swampert|flinch
|
|-weather|RainDance|[upkeep]
|turn|14
|
|move|p1a: Swampert|Waterfall|p2a: Swampert
|-damage|p2a: Swampert|0 fnt
|faint|p2a: Swampert
|
|-weather|none
|
|switch|p2a: Froslass|Froslass, F|9\/281
|turn|15
|
|move|p2a: Froslass|Ice Beam|p1a: Swampert
|-damage|p1a: Swampert|188\/341
|move|p1a: Swampert|Rain Dance|p1a: Swampert
|-weather|RainDance
|
|-weather|RainDance|[upkeep]
|turn|16
|c|âPureInstinctx|bs
|
|move|p1a: Swampert|Waterfall|p2a: Froslass
|-damage|p2a: Froslass|0 fnt
|-start|p1a: Swampert|Disable|Waterfall
|faint|p2a: Froslass
|
|-weather|RainDance|[upkeep]
|
|switch|p2a: Haxorus|Haxorus, M|294\/294
|-ability|p2a: Haxorus|Mold Breaker
|turn|17
|
|move|p1a: Swampert|Ice Punch|p2a: Haxorus
|-supereffective|p2a: Haxorus
|-damage|p2a: Haxorus|76\/294
|move|p2a: Haxorus|Outrage|p1a: Swampert
|-damage|p1a: Swampert|0 fnt
|faint|p1a: Swampert
|
|-weather|RainDance|[upkeep]
|
|switch|p1a: Heliolisk|Heliolisk, M|265\/265
|-damage|p1a: Heliolisk|232\/265|[from] Spikes
|-damage|p1a: Heliolisk|199\/265|[from] Stealth Rock
|turn|18
|
|move|p1a: Heliolisk|Hyper Voice|p2a: Haxorus
|-damage|p2a: Haxorus|0 fnt
|-damage|p1a: Heliolisk|173\/265|[from] item: Life Orb
|faint|p2a: Haxorus
|
|-weather|RainDance|[upkeep]
|-heal|p1a: Heliolisk|206\/265|[from] ability: Dry Skin
|
|switch|p2a: Lucario|Lucario, M|281\/281
|turn|19
|
|move|p1a: Heliolisk|Thunder|p2a: Lucario
|-damage|p2a: Lucario|0 fnt
|-damage|p1a: Heliolisk|180\/265|[from] item: Life Orb
|faint|p2a: Lucario
|
|-weather|none
|
|switch|p2a: Florges|Florges, F|75\/360
|turn|20
|
|move|p1a: Heliolisk|Hyper Voice|p2a: Florges
|-damage|p2a: Florges|0 fnt
|-damage|p1a: Heliolisk|154\/265|[from] item: Life Orb
|faint|p2a: Florges
|
|win|Prof Varrick
|raw|Ladder updating...