|join|Prof Varrick
|join|Twerk it for me
|player|p1|Prof Varrick|211
|player|p2|Twerk it for me|241
|gametype|singles
|gen|6
|tier|UU
|rated
|rule|Sleep Clause Mod: Limit one foe put to sleep
|rule|Species Clause: Limit one of each PokÃ©mon
|rule|OHKO Clause: OHKO moves are banned
|rule|Moody Clause: Moody is banned
|rule|Evasion Moves Clause: Evasion moves are banned
|rule|Endless Battle Clause: Forcing endless battles is banned
|rule|HP Percentage Mod: HP is shown in percentages
|clearpoke
|poke|p1|Gorebyss, M
|poke|p1|Swampert, M
|poke|p1|Cloyster, F
|poke|p1|Accelgor, F
|poke|p1|Poliwrath, F
|poke|p1|Tornadus, M
|poke|p2|Scrafty, M
|poke|p2|Donphan, M
|poke|p2|Rotom-Heat
|poke|p2|Suicune
|poke|p2|Beedrill, M
|poke|p2|Shaymin
|rule|Swagger Clause: Swagger is banned
|rule|Baton Pass Clause: Limit one PokÃ©mon knowing Baton Pass
|teampreview
|
|start
|switch|p1a: NASCAR|Accelgor, F|364\/364
|switch|p2a: Rotom-Heat|Rotom-Heat|303\/303
|turn|1
|join|gobosox
|c| gobosox|emma twerks for it people
|c| gobosox|prof varrick i mean
|c|âProf Varrick|zzzzz
|c|âProf Varrick|haaha
|c| gobosox|she sent me videos
|
|move|p1a: NASCAR|Rain Dance|p1a: NASCAR
|-weather|RainDance
|move|p2a: Rotom-Heat|Volt Switch|p1a: NASCAR
|-damage|p1a: NASCAR|240\/364
|
|switch|p2a: Scrafty|Scrafty, M|333\/333
|
|-weather|RainDance|[upkeep]
|turn|2
|join|Snowballin
|
|move|p1a: NASCAR|Spikes|p2a: Scrafty
|-sidestart|p2: Twerk it for me|Spikes
|move|p2a: Scrafty|Knock Off|p1a: NASCAR
|-damage|p1a: NASCAR|0 fnt
|-enditem|p1a: NASCAR|Damp Rock|[from] move: Knock Off|[of] p2a: Scrafty
|faint|p1a: NASCAR
|
|-weather|RainDance|[upkeep]
|
|switch|p1a: Second Amendment|Poliwrath, F|322\/322
|turn|3
|
|move|p1a: Second Amendment|Belly Drum|p1a: Second Amendment
|-damage|p1a: Second Amendment|161\/322
|-setboost|p1a: Second Amendment|atk|6|[from] move: Belly Drum
|-enditem|p1a: Second Amendment|Sitrus Berry|[eat]
|-heal|p1a: Second Amendment|241\/322|[from] item: Sitrus Berry
|move|p2a: Scrafty|Drain Punch|p1a: Second Amendment
|-damage|p1a: Second Amendment|126\/322
|
|-weather|RainDance|[upkeep]
|turn|4
|
|move|p1a: Second Amendment|Brick Break|p2a: Scrafty
|-supereffective|p2a: Scrafty
|-damage|p2a: Scrafty|0 fnt
|faint|p2a: Scrafty
|
|-weather|RainDance|[upkeep]
|
|switch|p2a: Suicune|Suicune|404\/404
|-damage|p2a: Suicune|354\/404|[from] Spikes
|-ability|p2a: Suicune|Pressure
|turn|5
|
|move|p1a: Second Amendment|Brick Break|p2a: Suicune
|-damage|p2a: Suicune|96\/404
|move|p2a: Suicune|Scald|p1a: Second Amendment
|-resisted|p1a: Second Amendment
|-damage|p1a: Second Amendment|61\/322
|
|-weather|RainDance|[upkeep]
|-heal|p2a: Suicune|121\/404|[from] item: Leftovers
|turn|6
|
|move|p1a: Second Amendment|Brick Break|p2a: Suicune
|-damage|p2a: Suicune|0 fnt
|faint|p2a: Suicune
|
|-weather|RainDance|[upkeep]
|
|switch|p2a: Donphan|Donphan, M|383\/383
|-damage|p2a: Donphan|336\/383|[from] Spikes
|turn|7
|
|move|p2a: Donphan|Ice Shard|p1a: Second Amendment
|-resisted|p1a: Second Amendment
|-damage|p1a: Second Amendment|43\/322
|move|p1a: Second Amendment|Waterfall|p2a: Donphan
|-supereffective|p2a: Donphan
|-damage|p2a: Donphan|0 fnt
|faint|p2a: Donphan
|
|-weather|RainDance|[upkeep]
|join|ult rh156
|
|switch|p2a: Beedrill|Beedrill, M|271\/271
|-damage|p2a: Beedrill|238\/271|[from] Spikes
|turn|8
|c| ult rh156|rein is breken
|c|âProf Varrick|lol
|c|âTwerk it for me|jup
|
|switch|p1a: Twistah|Tornadus, M|361\/361
|detailschange|p2a: Beedrill|Beedrill-Mega, M
|-mega|p2a: Beedrill|Beedrill|Beedrillite
|move|p2a: Beedrill|Poison Jab|p1a: Twistah
|-damage|p1a: Twistah|51\/361
|-status|p1a: Twistah|psn
|
|-weather|none
|-damage|p1a: Twistah|6\/361 psn|[from] psn
|turn|9
|c| gobosox|ez
|
|move|p1a: Twistah|Rain Dance|p1a: Twistah
|-weather|RainDance
|move|p2a: Beedrill|Poison Jab|p1a: Twistah
|-damage|p1a: Twistah|0 fnt
|faint|p1a: Twistah
|
|-weather|RainDance|[upkeep]
|
|switch|p1a: Shelley|Cloyster, F|241\/241
|turn|10
|
|move|p2a: Beedrill|Poison Jab|p1a: Shelley
|-damage|p1a: Shelley|109\/241
|-status|p1a: Shelley|psn
|move|p1a: Shelley|Shell Smash|p1a: Shelley
|-boost|p1a: Shelley|atk|2
|-boost|p1a: Shelley|spa|2
|-boost|p1a: Shelley|spe|2
|-unboost|p1a: Shelley|def|1
|-unboost|p1a: Shelley|spd|1
|
|-weather|RainDance|[upkeep]
|-damage|p1a: Shelley|79\/241 psn|[from] psn
|turn|11
|c| gobosox|this is why i told you to gambit on radiants gligar
|c| gobosox|before he set spikes
|c| ult rh156|ye
|c| gobosox|*rocks
|
|move|p1a: Shelley|Icicle Spear|p2a: Beedrill
|-damage|p2a: Beedrill|81\/271
|-damage|p2a: Beedrill|0 fnt
|-hitcount|p2a: Beedrill|2
|faint|p2a: Beedrill
|
|-weather|RainDance|[upkeep]
|-damage|p1a: Shelley|49\/241 psn|[from] psn
|
|switch|p2a: Rotom-Heat|Rotom-Heat|303\/303
|turn|12
|
|switch|p2a: Shaymin|Shaymin|341\/341
|-damage|p2a: Shaymin|299\/341|[from] Spikes
|move|p1a: Shelley|Surf|p2a: Shaymin
|-resisted|p2a: Shaymin
|-damage|p2a: Shaymin|161\/341
|
|-weather|RainDance|[upkeep]
|-damage|p1a: Shelley|19\/241 psn|[from] psn
|turn|13
|join|DrReuniclus3
|
|switch|p2a: Rotom-Heat|Rotom-Heat|303\/303
|move|p1a: Shelley|Surf|p2a: Rotom-Heat
|-supereffective|p2a: Rotom-Heat
|-damage|p2a: Rotom-Heat|0 fnt
|faint|p2a: Rotom-Heat
|
|-weather|RainDance|[upkeep]
|-damage|p1a: Shelley|0 fnt|[from] psn
|faint|p1a: Shelley
|c| gobosox|double poisons on jabs
|c| gobosox|epic
|c| gobosox|poli
|
|switch|p1a: Second Amendment|Poliwrath, F|43\/322
|switch|p2a: Shaymin|Shaymin|161\/341
|-damage|p2a: Shaymin|119\/341|[from] Spikes
|turn|14
|c| gobosox|ice
|
|move|p1a: Second Amendment|Ice Punch|p2a: Shaymin
|-supereffective|p2a: Shaymin
|-damage|p2a: Shaymin|0 fnt
|faint|p2a: Shaymin
|
|win|Prof Varrick
|raw|Ladder updating...
|c| gobosox|ez
|c|âProf Varrick|y ik
|raw|Prof Varrick's rating: 1438 &rarr; <strong>1456<\/strong><br \/>(+18 for winning)
|raw|Twerk it for me's rating: 1409 &rarr; <strong>1390<\/strong><br \/>(-19 for losing)
|leave|ult rh156
|leave|Twerk it for me
|player|p2
|leave|Prof Varrick
|player|p1
|leave|DrReuniclus3
|leave|Snowballin
|leave|gobosox