|join|otvilis
|join|Prof Varrick
|player|p1|otvilis|3
|player|p2|Prof Varrick|70
|gametype|singles
|gen|6
|tier|UU
|rated
|rule|Sleep Clause Mod: Limit one foe put to sleep
|rule|Species Clause: Limit one of each PokÃ©mon
|rule|OHKO Clause: OHKO moves are banned
|rule|Moody Clause: Moody is banned
|rule|Evasion Moves Clause: Evasion moves are banned
|rule|Endless Battle Clause: Forcing endless battles is banned
|rule|HP Percentage Mod: HP is shown in percentages
|clearpoke
|poke|p1|Goodra, F
|poke|p1|Donphan, M
|poke|p1|Vaporeon, F
|poke|p1|Infernape, M
|poke|p1|Crobat, M
|poke|p1|Rhydon, F
|poke|p2|Tornadus, M
|poke|p2|Swampert, M
|poke|p2|Heliolisk, F
|poke|p2|Gorebyss, F
|poke|p2|Accelgor, M
|poke|p2|Kabutops, F
|rule|Swagger Clause: Swagger is banned
|rule|Baton Pass Clause: Limit one PokÃ©mon knowing Baton Pass
|teampreview
|
|start
|switch|p1a: Infernape|Infernape, M|294\/294
|switch|p2a: Accelgor|Accelgor, M|363\/363
|turn|1
|
|move|p1a: Infernape|Fake Out|p2a: Accelgor
|-damage|p2a: Accelgor|271\/363
|cant|p2a: Accelgor|flinch
|
|turn|2
|
|switch|p1a: Goodra|Goodra, F|384\/384
|move|p2a: Accelgor|Encore|p1a: Goodra
|-fail|p1a: Goodra
|
|turn|3
|
|move|p2a: Accelgor|Rain Dance|p2a: Accelgor
|-weather|RainDance
|move|p1a: Goodra|Flamethrower|p2a: Accelgor
|-supereffective|p2a: Accelgor
|-damage|p2a: Accelgor|107\/363
|
|-weather|RainDance|[upkeep]
|turn|4
|
|move|p2a: Accelgor|Final Gambit|p1a: Goodra
|-damage|p1a: Goodra|277\/384
|faint|p2a: Accelgor
|move|p1a: Goodra|Flamethrower|p2: Accelgor|[notarget]
|-notarget
|
|-weather|RainDance|[upkeep]
|
|switch|p2a: Swampert|Swampert, M|341\/341
|turn|5
|
|switch|p1a: Vaporeon|Vaporeon, F|464\/464
|detailschange|p2a: Swampert|Swampert-Mega, M
|-mega|p2a: Swampert|Swampert|Swampertite
|move|p2a: Swampert|Ice Punch|p1a: Vaporeon
|-resisted|p1a: Vaporeon
|-damage|p1a: Vaporeon|385\/464
|
|-weather|RainDance|[upkeep]
|-heal|p1a: Vaporeon|414\/464|[from] item: Leftovers
|turn|6
|
|move|p2a: Swampert|Earthquake|p1a: Vaporeon
|-damage|p1a: Vaporeon|122\/464
|move|p1a: Vaporeon|Toxic|p2a: Swampert
|-status|p2a: Swampert|tox
|
|-weather|RainDance|[upkeep]
|-heal|p1a: Vaporeon|151\/464|[from] item: Leftovers
|-damage|p2a: Swampert|320\/341 tox|[from] psn
|turn|7
|
|move|p1a: Vaporeon|Protect|p1a: Vaporeon
|-singleturn|p1a: Vaporeon|Protect
|move|p2a: Swampert|Earthquake|p1a: Vaporeon
|-activate|p1a: Vaporeon|Protect
|
|-weather|RainDance|[upkeep]
|-heal|p1a: Vaporeon|180\/464|[from] item: Leftovers
|-damage|p2a: Swampert|278\/341 tox|[from] psn
|turn|8
|
|switch|p1a: Crobat|Crobat, M|312\/312
|move|p2a: Swampert|Ice Punch|p1a: Crobat
|-supereffective|p1a: Crobat
|-damage|p1a: Crobat|60\/312
|
|-weather|RainDance|[upkeep]
|-heal|p1a: Crobat|79\/312|[from] item: Black Sludge
|-damage|p2a: Swampert|215\/341 tox|[from] psn
|turn|9
|
|move|p2a: Swampert|Ice Punch|p1a: Crobat
|-supereffective|p1a: Crobat
|-damage|p1a: Crobat|0 fnt
|faint|p1a: Crobat
|
|-weather|RainDance|[upkeep]
|-damage|p2a: Swampert|131\/341 tox|[from] psn
|
|switch|p1a: Infernape|Infernape, M|294\/294
|turn|10
|
|move|p1a: Infernape|Fake Out|p2a: Swampert
|-damage|p2a: Swampert|92\/341 tox
|cant|p2a: Swampert|flinch
|
|-weather|none
|-damage|p2a: Swampert|0 fnt|[from] psn
|faint|p2a: Swampert
|
|switch|p2a: Tornadus|Tornadus, M|299\/299
|turn|11
|
|switch|p1a: Donphan|Donphan, M|384\/384
|move|p2a: Tornadus|Rain Dance|p2a: Tornadus
|-weather|RainDance
|
|-weather|RainDance|[upkeep]
|turn|12
|
|move|p2a: Tornadus|Hurricane|p1a: Donphan
|-damage|p1a: Donphan|77\/384
|-start|p1a: Donphan|confusion
|-activate|p1a: Donphan|confusion
|move|p1a: Donphan|Stone Edge|p2a: Tornadus
|-supereffective|p2a: Tornadus
|-damage|p2a: Tornadus|19\/299
|
|-weather|RainDance|[upkeep]
|-heal|p1a: Donphan|101\/384|[from] item: Leftovers
|turn|13
|
|move|p2a: Tornadus|Hurricane|p1a: Donphan
|-damage|p1a: Donphan|0 fnt
|faint|p1a: Donphan
|
|-weather|RainDance|[upkeep]
|
|switch|p1a: Infernape|Infernape, M|294\/294
|turn|14
|
|move|p1a: Infernape|Fake Out|p2a: Tornadus
|-damage|p2a: Tornadus|0 fnt
|faint|p2a: Tornadus
|
|-weather|RainDance|[upkeep]
|
|switch|p2a: Heliolisk|Heliolisk, F|265\/265
|turn|15
|
|move|p2a: Heliolisk|Thunder|p1a: Infernape
|-damage|p1a: Infernape|0 fnt
|-damage|p2a: Heliolisk|239\/265|[from] item: Life Orb
|faint|p1a: Infernape
|
|-weather|RainDance|[upkeep]
|-heal|p2a: Heliolisk|265\/265|[from] ability: Dry Skin
|
|switch|p1a: Rhydon|Rhydon, F|414\/414
|turn|16
|
|move|p2a: Heliolisk|U-turn|p1a: Rhydon
|-crit|p1a: Rhydon
|-damage|p1a: Rhydon|352\/414
|-damage|p2a: Heliolisk|239\/265|[from] item: Life Orb
|
|switch|p2a: Gorebyss|Gorebyss, F|276\/276
|move|p1a: Rhydon|Earthquake|p2a: Gorebyss
|-damage|p2a: Gorebyss|45\/276
|-damage|p1a: Rhydon|311\/414|[from] item: Life Orb
|
|-weather|RainDance|[upkeep]
|turn|17
|
|switch|p1a: Vaporeon|Vaporeon, F|180\/464
|move|p2a: Gorebyss|Ice Beam|p1a: Vaporeon
|-resisted|p1a: Vaporeon
|-damage|p1a: Vaporeon|130\/464
|
|-weather|RainDance|[upkeep]
|-heal|p1a: Vaporeon|159\/464|[from] item: Leftovers
|turn|18
|
|move|p2a: Gorebyss|Shell Smash|p2a: Gorebyss
|-boost|p2a: Gorebyss|atk|2
|-boost|p2a: Gorebyss|spa|2
|-boost|p2a: Gorebyss|spe|2
|-unboost|p2a: Gorebyss|def|1
|-unboost|p2a: Gorebyss|spd|1
|-enditem|p2a: Gorebyss|White Herb
|-restoreboost|p2a: Gorebyss|[silent]
|move|p1a: Vaporeon|Wish|p1a: Vaporeon
|
|-weather|none
|-heal|p1a: Vaporeon|188\/464|[from] item: Leftovers
|turn|19
|
|move|p1a: Vaporeon|Protect|p1a: Vaporeon
|-singleturn|p1a: Vaporeon|Protect
|move|p2a: Gorebyss|Baton Pass|p2a: Gorebyss
|
|switch|p2a: Kabutops|Kabutops, F|261\/261
|
|-heal|p1a: Vaporeon|420\/464|[from] move: Wish|[wisher] Vaporeon
|-heal|p1a: Vaporeon|449\/464|[from] item: Leftovers
|turn|20
|
|move|p2a: Kabutops|Stone Edge|p1a: Vaporeon
|-damage|p1a: Vaporeon|0 fnt
|-damage|p2a: Kabutops|235\/261|[from] item: Life Orb
|faint|p1a: Vaporeon
|
|
|switch|p1a: Rhydon|Rhydon, F|311\/414
|turn|21
|
|move|p2a: Kabutops|Waterfall|p1a: Rhydon
|-supereffective|p1a: Rhydon
|-damage|p1a: Rhydon|0 fnt
|-damage|p2a: Kabutops|209\/261|[from] item: Life Orb
|faint|p1a: Rhydon
|
|c|âotvilis|gg
|-message|otvilis forfeited.
|leave|otvilis
|
|win|Prof Varrick
|raw|Ladder updating...
|player|p1