|join|Prof Varrick
|join|xShiba
|player|p1|Prof Varrick|70
|player|p2|xShiba|260
|gametype|singles
|gen|6
|tier|UU
|rule|Sleep Clause Mod: Limit one foe put to sleep
|rule|Species Clause: Limit one of each PokÃ©mon
|rule|OHKO Clause: OHKO moves are banned
|rule|Moody Clause: Moody is banned
|rule|Evasion Moves Clause: Evasion moves are banned
|rule|Endless Battle Clause: Forcing endless battles is banned
|rule|HP Percentage Mod: HP is shown in percentages
|clearpoke
|poke|p1|Tornadus, M
|poke|p1|Swampert, F
|poke|p1|Heliolisk, M
|poke|p1|Gorebyss, F
|poke|p1|Accelgor, M
|poke|p1|Kabutops, F
|poke|p2|Kyurem, shiny
|poke|p2|Mienshao, F
|poke|p2|Beedrill, M, shiny
|poke|p2|Crobat, M
|poke|p2|Blissey, F, shiny
|poke|p2|Swampert, M
|rule|Swagger Clause: Swagger is banned
|rule|Baton Pass Clause: Limit one PokÃ©mon knowing Baton Pass
|teampreview
|c|âProf Varrick|hi fren
|c|âxShiba|im ready for the loss
|c|âxShiba|n_n
|
|start
|switch|p1a: Accelgor|Accelgor, M|363\/363
|switch|p2a: Icy Chicken|Kyurem, shiny|391\/391
|-ability|p2a: Icy Chicken|Pressure
|turn|1
|c|âProf Varrick|u_u
|c|âProf Varrick|if ur scarfed
|c|âProf Varrick|i quit mons
|
|move|p2a: Icy Chicken|Draco Meteor|p1a: Accelgor
|-damage|p1a: Accelgor|26\/363
|-unboost|p2a: Icy Chicken|spa|2
|move|p1a: Accelgor|Rain Dance|p1a: Accelgor
|-weather|RainDance
|
|-weather|RainDance|[upkeep]
|turn|2
|c|âProf Varrick|fml
|c|âxShiba|fkn
|c|âProf Varrick|at least i survived
|c|âxShiba|weak
|
|move|p2a: Icy Chicken|Draco Meteor|p1a: Accelgor
|-damage|p1a: Accelgor|0 fnt
|-unboost|p2a: Icy Chicken|spa|2
|faint|p1a: Accelgor
|
|-weather|RainDance|[upkeep]
|c|âProf Varrick|i think
|c|âProf Varrick|i sweep
|c|âxShiba|i mean
|
|switch|p1a: Gorebyss|Gorebyss, F|276\/276
|turn|3
|c|âxShiba|probably
|
|switch|p2a: Dump o' See-U-Em|Blissey, F, shiny|714\/714
|move|p1a: Gorebyss|Shell Smash|p1a: Gorebyss
|-boost|p1a: Gorebyss|atk|2
|-boost|p1a: Gorebyss|spa|2
|-boost|p1a: Gorebyss|spe|2
|-unboost|p1a: Gorebyss|def|1
|-unboost|p1a: Gorebyss|spd|1
|-enditem|p1a: Gorebyss|White Herb
|-restoreboost|p1a: Gorebyss|[silent]
|
|-weather|RainDance|[upkeep]
|turn|4
|
|move|p1a: Gorebyss|Baton Pass|p1a: Gorebyss
|c|âxShiba|o_o
|
|switch|p1a: Swampert|Swampert, F|341\/341
|move|p2a: Dump o' See-U-Em|Toxic|p1a: Swampert
|-status|p1a: Swampert|tox
|
|-weather|RainDance|[upkeep]
|-damage|p1a: Swampert|320\/341 tox|[from] psn
|turn|5
|c|âProf Varrick|pls
|c|âProf Varrick|no
|c|âProf Varrick|toxixc
|c|âxShiba|LOL
|c|âProf Varrick|FFFFFFFFFFFFFFFFFFFFFFFFFFFFFFFFFFFFFFFFFFFFFFFFFF
|c|âProf Varrick|R
|c|âProf Varrick|RYAAAAAAAAAAAAAAN
|c|âxShiba|destroyed y\/n
|c|âProf Varrick|YYYYYYYYYYYYYYYYYYYYYYyyyyy
|c|âxShiba|LOL
|c|âProf Varrick|why
|c|âxShiba|<3?
|
|detailschange|p1a: Swampert|Swampert-Mega, F
|-mega|p1a: Swampert|Swampert|Swampertite
|move|p2a: Dump o' See-U-Em|Protect|p2a: Dump o' See-U-Em
|-singleturn|p2a: Dump o' See-U-Em|Protect
|move|p1a: Swampert|Waterfall|p2a: Dump o' See-U-Em
|-activate|p2a: Dump o' See-U-Em|Protect
|
|-weather|RainDance|[upkeep]
|-damage|p1a: Swampert|278\/341 tox|[from] psn
|turn|6
|c|âProf Varrick|did u toxic
|c|âProf Varrick|like seriously
|c|âProf Varrick|i hate you
|c|âxShiba|no you dont
|c|âProf Varrick|y i do
|c|âxShiba|Emma <3 pls
|
|switch|p2a: u liek me naow|Swampert, M|404\/404
|move|p1a: Swampert|Earthquake|p2a: u liek me naow
|-damage|p2a: u liek me naow|89\/404
|
|-weather|RainDance|[upkeep]
|-heal|p2a: u liek me naow|114\/404|[from] item: Leftovers
|-damage|p1a: Swampert|215\/341 tox|[from] psn
|turn|7
|
|move|p1a: Swampert|Waterfall|p2a: u liek me naow
|-damage|p2a: u liek me naow|0 fnt
|faint|p2a: u liek me naow
|
|-weather|RainDance|[upkeep]
|-damage|p1a: Swampert|131\/341 tox|[from] psn
|c|âProf Varrick|zzzzzzzzzzzzzzzzzzzzzzzzzzzzzzzzzzz
|
|switch|p2a: Dump o' See-U-Em|Blissey, F, shiny|714\/714
|turn|8
|c|âxShiba|:]
|c|âProf Varrick|why are u such a scrub
|
|move|p2a: Dump o' See-U-Em|Protect|p2a: Dump o' See-U-Em
|-singleturn|p2a: Dump o' See-U-Em|Protect
|move|p1a: Swampert|Waterfall|p2a: Dump o' See-U-Em
|-activate|p2a: Dump o' See-U-Em|Protect
|
|-weather|none
|-damage|p1a: Swampert|26\/341 tox|[from] psn
|turn|9
|c|âxShiba|you dont really think that
|c|âProf Varrick|wish protect heal bell seismic toss
|c|âProf Varrick|run that
|c|âProf Varrick|u azz
|c|âProf Varrick|:P
|c|âxShiba|n
|
|move|p2a: Dump o' See-U-Em|Protect|p2a: Dump o' See-U-Em
|-singleturn|p2a: Dump o' See-U-Em|Protect
|move|p1a: Swampert|Waterfall|p2a: Dump o' See-U-Em
|-activate|p2a: Dump o' See-U-Em|Protect
|
|-damage|p1a: Swampert|0 fnt|[from] psn
|faint|p1a: Swampert
|c|âProf Varrick|nah i actually think you might think im serious
|c|âProf Varrick|oh
|c|âProf Varrick|wtf
|c|âProf Varrick|thats just disgusting
|c|âxShiba|easiest double protect
|c|âxShiba|of my life
|
|switch|p1a: Tornadus|Tornadus, M|299\/299
|turn|10
|c|âProf Varrick|no it wasnt
|join|ult toenail
|raw|<div class="broadcast-red"><b>Moderated chat was set to +!<\/b><br \/>Only users of rank + and higher can talk.<\/div>
|
|move|p1a: Tornadus|Rain Dance|p1a: Tornadus
|-weather|RainDance
|move|p2a: Dump o' See-U-Em|Toxic|p1a: Tornadus
|-status|p1a: Tornadus|tox
|
|-weather|RainDance|[upkeep]
|-damage|p1a: Tornadus|281\/299 tox|[from] psn
|turn|11
|c|âProf Varrick|no one likes toenail..
|c|âxShiba|rip toenail
ult toenail was promoted to Room Voice by Prof Varrick.
|c|âProf Varrick|XD
|c|+ult toenail|hi
|
|switch|p1a: Kabutops|Kabutops, F|261\/261
|move|p2a: Dump o' See-U-Em|Toxic|p1a: Kabutops
|-status|p1a: Kabutops|tox
|
|-weather|RainDance|[upkeep]
|-damage|p1a: Kabutops|245\/261 tox|[from] psn
|turn|12
|c|âProf Varrick|hi
|c|âProf Varrick|idec anymore tbh
|
|move|p1a: Kabutops|Swords Dance|p1a: Kabutops
|-boost|p1a: Kabutops|atk|2
|move|p2a: Dump o' See-U-Em|Seismic Toss|p1a: Kabutops
|-damage|p1a: Kabutops|145\/261 tox
|
|-weather|RainDance|[upkeep]
|-damage|p1a: Kabutops|113\/261 tox|[from] psn
|turn|13
|c|âProf Varrick|nice predicts bff
|
|move|p2a: Dump o' See-U-Em|Protect|p2a: Dump o' See-U-Em
|-singleturn|p2a: Dump o' See-U-Em|Protect
|move|p1a: Kabutops|Swords Dance|p1a: Kabutops
|-boost|p1a: Kabutops|atk|2
|
|-weather|RainDance|[upkeep]
|-damage|p1a: Kabutops|65\/261 tox|[from] psn
|turn|14
|c|âxShiba|thx
|c|âxShiba|:]
|c|âxShiba|o
|c|âProf Varrick|bfftw
|c|âProf Varrick|best friend for two weeks
|c|âxShiba|o
|c|âProf Varrick|-_-
|
|move|p2a: Dump o' See-U-Em|Protect|p2a: Dump o' See-U-Em
|-fail|p2a: Dump o' See-U-Em
|move|p1a: Kabutops|Waterfall|p2a: Dump o' See-U-Em
|-damage|p2a: Dump o' See-U-Em|0 fnt
|-damage|p1a: Kabutops|39\/261 tox|[from] item: Life Orb
|faint|p2a: Dump o' See-U-Em
|
|-weather|RainDance|[upkeep]
|-damage|p1a: Kabutops|0 fnt|[from] psn
|faint|p1a: Kabutops
|c|âProf Varrick|thank fk
|c|âProf Varrick|i wouldnt died
|
|switch|p2a: Icy Chicken|Kyurem, shiny|391\/391
|switch|p1a: Gorebyss|Gorebyss, F|276\/276
|-ability|p2a: Icy Chicken|Pressure
|turn|15
|
|move|p2a: Icy Chicken|Draco Meteor|p1a: Gorebyss
|-damage|p1a: Gorebyss|2\/276
|-unboost|p2a: Icy Chicken|spa|2
|move|p1a: Gorebyss|Shell Smash|p1a: Gorebyss
|-boost|p1a: Gorebyss|atk|2
|-boost|p1a: Gorebyss|spa|2
|-boost|p1a: Gorebyss|spe|2
|-unboost|p1a: Gorebyss|def|1
|-unboost|p1a: Gorebyss|spd|1
|
|-weather|RainDance|[upkeep]
|turn|16
|c|âProf Varrick|OMGGGGGGGGGGGGGGGGGGGGGGGGGg
|c|âxShiba|wow wtf
|c|âProf Varrick|ECKS DEE
|c|âxShiba|I hate you
|c|âxShiba|tbh
|c|âxShiba|n_n
|c|âProf Varrick|u_u
|
|switch|p2a: Nosferatu|Crobat, M|366\/366
|move|p1a: Gorebyss|Baton Pass|p1a: Gorebyss
|c|âProf Varrick|zz
|
|switch|p1a: Heliolisk|Heliolisk, M|265\/265
|
|-weather|RainDance|[upkeep]
|turn|17
|c|âProf Varrick|you're awful
|c|âxShiba|n_n
|c|âProf Varrick|ecks dee
|c|âProf Varrick|btw
|c|âProf Varrick|i lose
|c|âProf Varrick|to shao
|
|move|p1a: Heliolisk|Thunder|p2a: Nosferatu
|-supereffective|p2a: Nosferatu
|-damage|p2a: Nosferatu|0 fnt
|-damage|p1a: Heliolisk|239\/265|[from] item: Life Orb
|faint|p2a: Nosferatu
|
|-weather|none
|c|âProf Varrick|js
|c|âxShiba|im
|c|âxShiba|banded
|c|âxShiba|>_>
|c|âProf Varrick|if its fake out variant
|c|âProf Varrick|thank fk for that
|c|+ult toenail|banded fake out shiba ?_?_?
|
|switch|p2a: Icy Chicken|Kyurem, shiny|391\/391
|-ability|p2a: Icy Chicken|Pressure
|turn|18
|c|âxShiba|no LOL
|c|âProf Varrick|^
|c|+ult toenail|garbo
|c|âProf Varrick|ikr
|c|âxShiba|I run both jump kicks
|c|+ult toenail|miss focus blast
|
|move|p1a: Heliolisk|Hyper Voice|p2a: Icy Chicken
|-damage|p2a: Icy Chicken|0 fnt
|-damage|p1a: Heliolisk|213\/265|[from] item: Life Orb
|faint|p2a: Icy Chicken
|
|c|+ult toenail|o
|c|âProf Varrick|ez
|c|âxShiba|o
|c|âxShiba|wow
|c|+ult toenail|gawn
|c|âProf Varrick|gets shrekt scrub
|
|switch|p2a: Floppy The God|Mienshao, F|271\/271
|turn|19
|
|move|p1a: Heliolisk|Hyper Voice|p2a: Floppy The God
|-damage|p2a: Floppy The God|0 fnt
|-damage|p1a: Heliolisk|187\/265|[from] item: Life Orb
|faint|p2a: Floppy The God
|
|c|âProf Varrick|lol this actually happened
|c|âxShiba|bg
|c|âxShiba|imo
|c|âProf Varrick|nah it was gr9 game
|
|switch|p2a: Drillin ur Mum|Beedrill, M, shiny|271\/271
|turn|20
|c|âProf Varrick|look at this
|c|+ult toenail|gobo will be proud
|
|detailschange|p2a: Drillin ur Mum|Beedrill-Mega, M, shiny
|-mega|p2a: Drillin ur Mum|Beedrill|Beedrillite
|move|p2a: Drillin ur Mum|Protect|p2a: Drillin ur Mum
|-singleturn|p2a: Drillin ur Mum|Protect
|move|p1a: Heliolisk|Volt Switch|p2a: Drillin ur Mum
|-activate|p2a: Drillin ur Mum|Protect
|
|turn|21
|c|âProf Varrick|ikr
|c|âxShiba|kyurem failed me
|c|âProf Varrick|gotto get Vswitch kill
|c|âxShiba|with that 99%
|
|move|p1a: Heliolisk|Volt Switch|p2a: Drillin ur Mum
|-damage|p2a: Drillin ur Mum|0 fnt
|-damage|p1a: Heliolisk|161\/265|[from] item: Life Orb
|faint|p2a: Drillin ur Mum
|
|win|Prof Varrick
|c|âProf Varrick|hahah ikr
|leave|ult toenail
|c|âProf Varrick|tbh
|c|âxShiba|n_n
|c|âProf Varrick|i dont use
|c|âProf Varrick|volt switch
|c|âProf Varrick|need something else
|c|âProf Varrick|!learn heliolisk, nasty plot
|raw|<div class="infobox">Heliolisk <span class="message-learn-cannotlearn">can't<\/span> learn Nasty Plot<\/div>
|c|âProf Varrick|fkin useless
|c|âxShiba|rip
|c|âxShiba|surf?
|c|âProf Varrick|got it
|c|âxShiba|idk what it learns
|c|âProf Varrick|zzz
|c|âxShiba|n_n
|c|âxShiba|h8 u
|c|âProf Varrick|dargon pulse
|c|âxShiba|that could work
|c|âProf Varrick|!learn heliolisk, parabolic charge
|raw|<div class="infobox">Heliolisk <span class="message-learn-canlearn">can<\/span> learn Parabolic Charge<\/ul><\/div>
|c|âProf Varrick|!dt parabolic charge
|c|~|\/data-move Parabolic Charge
|raw|<font size="1"><font color=#585858>Priority:<\/font> 0&nbsp;|&ThickSpace;<font color=#585858><font color=black>&#10003; Blocked by Protect<\/font><\/font>&nbsp;|&ThickSpace;<font color=#585858>Target:<\/font> All Adjacent Pokemon<\/font>
|c|âProf Varrick|XD
|c|âxShiba|Do it pls
|c|âxShiba|use it
|c|âxShiba|LOL
|c|âProf Varrick|XDDDDDDDd
|c|âxShiba|n_n
|c|âProf Varrick|zzzz
|c|âxShiba|<\/3
|leave|xShiba
|player|p2
|leave|Prof Varrick
|join|Prof Varrick
|player|p1