|join|Prof Varrick
|join|XalanX
|player|p1|Prof Varrick|70
|player|p2|XalanX|154
|gametype|singles
|gen|6
|tier|UU
|rated
|rule|Sleep Clause Mod: Limit one foe put to sleep
|rule|Species Clause: Limit one of each PokÃ©mon
|rule|OHKO Clause: OHKO moves are banned
|rule|Moody Clause: Moody is banned
|rule|Evasion Moves Clause: Evasion moves are banned
|rule|Endless Battle Clause: Forcing endless battles is banned
|rule|HP Percentage Mod: HP is shown in percentages
|clearpoke
|poke|p1|Tornadus, M
|poke|p1|Swampert, M
|poke|p1|Heliolisk, M
|poke|p1|Gorebyss, M
|poke|p1|Accelgor, M
|poke|p1|Kabutops, F
|poke|p2|Chandelure, F
|poke|p2|Forretress, F
|poke|p2|Starmie
|poke|p2|Cofagrigus, F
|poke|p2|Florges, F
|poke|p2|Cloyster, F
|rule|Swagger Clause: Swagger is banned
|rule|Baton Pass Clause: Limit one PokÃ©mon knowing Baton Pass
|teampreview
|
|start
|switch|p1a: Accelgor|Accelgor, M|363\/363
|switch|p2a: Forretress|Forretress, F|354\/354
|turn|1
|
|move|p1a: Accelgor|Spikes|p2a: Forretress
|-sidestart|p2: XalanX|Spikes
|move|p2a: Forretress|Stealth Rock|p1a: Accelgor
|-sidestart|p1: Prof Varrick|move: Stealth Rock
|
|turn|2
|
|move|p1a: Accelgor|Rain Dance|p1a: Accelgor
|-weather|RainDance
|move|p2a: Forretress|Spikes|p1a: Accelgor
|-sidestart|p1: Prof Varrick|Spikes
|
|-weather|RainDance|[upkeep]
|turn|3
|
|move|p1a: Accelgor|Final Gambit|p2a: Forretress
|-activate|p2a: Forretress|Sturdy
|-damage|p2a: Forretress|1\/354
|faint|p1a: Accelgor
|move|p2a: Forretress|Rapid Spin|p1: Accelgor|[notarget]
|-notarget
|
|-weather|RainDance|[upkeep]
|-heal|p2a: Forretress|23\/354|[from] item: Leftovers
|
|switch|p1a: Heliolisk|Heliolisk, M|265\/265
|-damage|p1a: Heliolisk|232\/265|[from] Stealth Rock
|-damage|p1a: Heliolisk|199\/265|[from] Spikes
|turn|4
|
|move|p1a: Heliolisk|Thunder|p2a: Forretress
|-damage|p2a: Forretress|0 fnt
|-damage|p1a: Heliolisk|173\/265|[from] item: Life Orb
|faint|p2a: Forretress
|
|-weather|RainDance|[upkeep]
|-heal|p1a: Heliolisk|206\/265|[from] ability: Dry Skin
|
|switch|p2a: Starmie|Starmie|261\/261
|-damage|p2a: Starmie|229\/261|[from] Spikes
|turn|5
|
|move|p2a: Starmie|Hydro Pump|p1a: Heliolisk
|-heal|p1a: Heliolisk|265\/265|[from] ability: Dry Skin|[of] p2a: Starmie
|move|p1a: Heliolisk|Thunder|p2a: Starmie
|-supereffective|p2a: Starmie
|-damage|p2a: Starmie|0 fnt
|-damage|p1a: Heliolisk|239\/265|[from] item: Life Orb
|faint|p2a: Starmie
|
|-weather|RainDance|[upkeep]
|-heal|p1a: Heliolisk|265\/265|[from] ability: Dry Skin
|
|switch|p2a: Cofagrigus|Cofagrigus, F|320\/320
|-damage|p2a: Cofagrigus|280\/320|[from] Spikes
|turn|6
|
|move|p1a: Heliolisk|Thunder|p2a: Cofagrigus
|-damage|p2a: Cofagrigus|95\/320
|-status|p2a: Cofagrigus|par
|-damage|p1a: Heliolisk|239\/265|[from] item: Life Orb
|cant|p2a: Cofagrigus|par
|
|-weather|RainDance|[upkeep]
|-heal|p1a: Heliolisk|265\/265|[from] ability: Dry Skin
|-heal|p2a: Cofagrigus|115\/320 par|[from] item: Leftovers
|turn|7
|
|move|p1a: Heliolisk|Thunder|p2a: Cofagrigus
|-damage|p2a: Cofagrigus|0 fnt
|-damage|p1a: Heliolisk|239\/265|[from] item: Life Orb
|faint|p2a: Cofagrigus
|
|-weather|RainDance|[upkeep]
|-heal|p1a: Heliolisk|265\/265|[from] ability: Dry Skin
|
|switch|p2a: Cloyster|Cloyster, F|241\/241
|-damage|p2a: Cloyster|211\/241|[from] Spikes
|turn|8
|
|move|p1a: Heliolisk|Thunder|p2a: Cloyster
|-supereffective|p2a: Cloyster
|-damage|p2a: Cloyster|0 fnt
|-damage|p1a: Heliolisk|239\/265|[from] item: Life Orb
|faint|p2a: Cloyster
|
|-weather|RainDance|[upkeep]
|-heal|p1a: Heliolisk|265\/265|[from] ability: Dry Skin
|-message|XalanX forfeited.
|
|win|Prof Varrick
|raw|Ladder updating...
|leave|XalanX
|player|p2
|raw|Prof Varrick's rating: 1112 &rarr; <strong>1129<\/strong><br \/>(+17 for winning)
|raw|XalanX's rating: 1007 &rarr; <strong>1000<\/strong><br \/>(-7 for losing)