|join|Snickered
|join|pistolepete
|player|p1|Snickered|34
|player|p2|pistolepete|99
|gametype|singles
|gen|6
|tier|ORAS OU
|rated
|rule|Sleep Clause Mod: Limit one foe put to sleep
|rule|Species Clause: Limit one of each PokÃ©mon
|rule|OHKO Clause: OHKO moves are banned
|rule|Moody Clause: Moody is banned
|rule|Evasion Moves Clause: Evasion moves are banned
|rule|Endless Battle Clause: Forcing endless battles is banned
|rule|HP Percentage Mod: HP is shown in percentages
|clearpoke
|poke|p1|Lopunny, M
|poke|p1|Greninja, M
|poke|p1|Skarmory, F
|poke|p1|Azumarill, M
|poke|p1|Latias, F
|poke|p1|Excadrill, F
|poke|p2|Snorlax, M
|poke|p2|Gengar, F
|poke|p2|Greninja, M
|poke|p2|Lopunny, F
|poke|p2|Cinccino, M
|poke|p2|Slurpuff, F, shiny
|rule|Swagger Clause: Swagger is banned
|rule|Baton Pass Clause: Limit one PokÃ©mon knowing Baton Pass
|teampreview
|c|âSnickered|glhf
|c|âpistolepete|glhf
|
|start
|switch|p1a: Lopunny|Lopunny, M|272\/272
|switch|p2a: Greninja|Greninja, M|285\/285
|turn|1
|
|detailschange|p1a: Lopunny|Lopunny-Mega, M
|message|Lopunny has Mega Evolved into Mega Lopunny!
|move|p1a: Lopunny|Fake Out|p2a: Greninja
|-damage|p2a: Greninja|173\/285
|cant|p2a: Greninja|flinch
|
|turn|2
|
|switch|p2a: Gengar|Gengar, F|262\/262
|move|p1a: Lopunny|Return|p2a: Gengar
|-damage|p2a: Gengar|1\/262
|
|turn|3
|
|move|p1a: Lopunny|Ice Punch|p2a: Gengar
|-damage|p2a: Gengar|0 fnt
|faint|p2a: Gengar
|
|
|switch|p2a: Slurpuff|Slurpuff, F, shiny|368\/368
|turn|4
|
|move|p1a: Lopunny|Return|p2a: Slurpuff
|-damage|p2a: Slurpuff|157\/368
|-enditem|p2a: Slurpuff|Sitrus Berry|[eat]
|-heal|p2a: Slurpuff|249\/368|[from] item: Sitrus Berry
|move|p2a: Slurpuff|Cotton Guard|p2a: Slurpuff
|-boost|p2a: Slurpuff|def|3
|
|turn|5
|
|switch|p1a: Excadrill|Excadrill, F|362\/362
|-ability|p1a: Excadrill|Mold Breaker
|move|p2a: Slurpuff|Cotton Guard|p2a: Slurpuff
|-boost|p2a: Slurpuff|def|3
|
|turn|6
|
|move|p1a: Excadrill|Iron Head|p2a: Slurpuff
|-crit|p2a: Slurpuff
|-supereffective|p2a: Slurpuff
|-damage|p2a: Slurpuff|0 fnt
|faint|p2a: Slurpuff
|
|
|switch|p2a: Lopunny|Lopunny, F|272\/272
|turn|7
|
|switch|p1a: Azumarill|Azumarill, M|373\/373
|detailschange|p2a: Lopunny|Lopunny-Mega, F
|message|Lopunny has Mega Evolved into Mega Lopunny!
|move|p2a: Lopunny|Fake Out|p1a: Azumarill
|-crit|p1a: Azumarill
|-damage|p1a: Azumarill|256\/373
|
|turn|8
|
|move|p2a: Lopunny|Return|p1a: Azumarill
|-damage|p1a: Azumarill|58\/373
|move|p1a: Azumarill|Play Rough|p2a: Lopunny
|-supereffective|p2a: Lopunny
|-damage|p2a: Lopunny|0 fnt
|faint|p2a: Lopunny
|
|
|switch|p2a: Cinccino|Cinccino, M|291\/291
|turn|9
|
|switch|p1a: Skarmory|Skarmory, F|334\/334
|move|p2a: Cinccino|Tail Slap|p1a: Skarmory
|-resisted|p1a: Skarmory
|-damage|p1a: Skarmory|324\/334
|-resisted|p1a: Skarmory
|-damage|p1a: Skarmory|314\/334
|-resisted|p1a: Skarmory
|-damage|p1a: Skarmory|303\/334
|-resisted|p1a: Skarmory
|-damage|p1a: Skarmory|293\/334
|-resisted|p1a: Skarmory
|-damage|p1a: Skarmory|283\/334
|-hitcount|p1a: Skarmory|5
|
|turn|10
|
|move|p2a: Cinccino|Knock Off|p1a: Skarmory
|-damage|p1a: Skarmory|233\/334
|-enditem|p1a: Skarmory|Shed Shell|[from] move: Knock Off|[of] p2a: Cinccino
|cant|p1a: Skarmory|flinch
|
|turn|11
|
|switch|p2a: Snorlax|Snorlax, M|524\/524
|move|p1a: Skarmory|Stealth Rock|p2a: Snorlax
|-sidestart|p2: pistolepete|move: Stealth Rock
|
|turn|12
|
|move|p1a: Skarmory|Toxic|p2a: Snorlax
|-status|p2a: Snorlax|tox
|move|p2a: Snorlax|Brick Break|p1a: Skarmory
|-damage|p1a: Skarmory|184\/334
|
|-damage|p2a: Snorlax|492\/524 tox|[from] psn
|turn|13
|
|move|p1a: Skarmory|Roost|p1a: Skarmory
|-heal|p1a: Skarmory|334\/334
|move|p2a: Snorlax|Brick Break|p1a: Skarmory
|-supereffective|p1a: Skarmory
|-damage|p1a: Skarmory|228\/334
|
|-damage|p2a: Snorlax|428\/524 tox|[from] psn
|turn|14
|
|move|p1a: Skarmory|Brave Bird|p2a: Snorlax
|-damage|p2a: Snorlax|259\/524 tox
|-damage|p1a: Skarmory|172\/334|[from] recoil|[of] p2a: Snorlax
|move|p2a: Snorlax|Brick Break|p1a: Skarmory
|-damage|p1a: Skarmory|118\/334
|
|-damage|p2a: Snorlax|163\/524 tox|[from] psn
|turn|15
|
|switch|p1a: Lopunny|Lopunny-Mega, M|272\/272
|move|p2a: Snorlax|Brick Break|p1a: Lopunny
|-supereffective|p1a: Lopunny
|-damage|p1a: Lopunny|74\/272
|
|-damage|p2a: Snorlax|35\/524 tox|[from] psn
|turn|16
|
|move|p1a: Lopunny|Fake Out|p2a: Snorlax
|-damage|p2a: Snorlax|0 fnt
|faint|p2a: Snorlax
|
|
|switch|p2a: Cinccino|Cinccino, M|291\/291
|-damage|p2a: Cinccino|255\/291|[from] Stealth Rock
|turn|17
|
|move|p1a: Lopunny|High Jump Kick|p2a: Cinccino
|-supereffective|p2a: Cinccino
|-damage|p2a: Cinccino|0 fnt
|faint|p2a: Cinccino
|
|c|âSnickered|gg
|
|switch|p2a: Greninja|Greninja, M|173\/285
|-damage|p2a: Greninja|138\/285|[from] Stealth Rock
|turn|18
|
|move|p1a: Lopunny|Return|p2a: Greninja
|-damage|p2a: Greninja|0 fnt
|faint|p2a: Greninja
|
|win|Snickered
|raw|Ladder updating...
|raw|Snickered's rating: 1108 &rarr; <strong>1129<\/strong><br \/>(+21 for winning)
|raw|pistolepete's rating: 1055 &rarr; <strong>1040<\/strong><br \/>(-15 for losing)
|c|âpistolepete|gg
|leave|pistolepete
|player|p2