|join|Snickered
|join|No BP Plz
|player|p1|Snickered|136
|player|p2|No BP Plz|266
|gametype|singles
|gen|6
|tier|OU
|rated
|clearpoke
|poke|p1|Scizor, F
|poke|p1|Azumarill, M
|poke|p1|Heatran, M
|poke|p1|Latios, M
|poke|p1|Mew
|poke|p1|Kyurem-Black
|poke|p2|Conkeldurr, M
|poke|p2|Tyranitar, M
|poke|p2|Excadrill, F
|poke|p2|Greninja, M
|poke|p2|Talonflame, M
|poke|p2|Manectric, F
|rule|Swagger Clause: Swagger is banned
|rule|Baton Pass Clause: Limit one PokÃ©mon knowing Baton Pass
|rule|Sleep Clause Mod: Limit one foe put to sleep
|rule|Species Clause: Limit one of each PokÃ©mon
|rule|OHKO Clause: OHKO moves are banned
|rule|Moody Clause: Moody is banned
|rule|Evasion Moves Clause: Evasion moves are banned
|rule|Endless Battle Clause: Forcing endless battles is banned
|rule|HP Percentage Mod: HP is shown in percentages
|teampreview
|c|âSnickered|glhf
|
|start
|switch|p1a: Mew|Mew|404\/404
|switch|p2a: Manectric|Manectric, F|282\/282
|turn|1
|c|âNo BP Plz|you too 
|
|detailschange|p2a: Manectric|Manectric-Mega, F
|message|Manectric has Mega Evolved into Mega Manectric!
|-ability|p2a: Manectric|Intimidate|[of] p1a: Mew
|-unboost|p1a: Mew|atk|1
|move|p2a: Manectric|Volt Switch|p1a: Mew
|-damage|p1a: Mew|311\/404
|
|switch|p2a: Talonflame|Talonflame, M|327\/327
|move|p1a: Mew|Stealth Rock|p2a: Talonflame
|-sidestart|p2: No BP Plz|move: Stealth Rock
|
|-heal|p1a: Mew|336\/404|[from] item: Leftovers
|turn|2
|
|switch|p1a: Heatran|Heatran, M|386\/386
|move|p2a: Talonflame|U-turn|p1a: Heatran
|-resisted|p1a: Heatran
|-damage|p1a: Heatran|372\/386
|
|switch|p2a: Conkeldurr|Conkeldurr, M|414\/414
|-damage|p2a: Conkeldurr|389\/414|[from] Stealth Rock
|
|-heal|p1a: Heatran|386\/386|[from] item: Leftovers
|turn|3
|
|switch|p1a: Mew|Mew|336\/404
|switch|p2a: Manectric|Manectric-Mega, F|282\/282
|-damage|p2a: Manectric|247\/282|[from] Stealth Rock
|-ability|p2a: Manectric|Intimidate|[of] p1a: Mew
|-unboost|p1a: Mew|atk|1
|
|-heal|p1a: Mew|361\/404|[from] item: Leftovers
|turn|4
|
|move|p2a: Manectric|Volt Switch|p1a: Mew
|-damage|p1a: Mew|261\/404
|
|switch|p2a: Tyranitar|Tyranitar, M|341\/341
|-damage|p2a: Tyranitar|299\/341|[from] Stealth Rock
|-weather|Sandstorm
|move|p1a: Mew|Knock Off|p2a: Tyranitar
|-resisted|p2a: Tyranitar
|-damage|p2a: Tyranitar|274\/341
|-enditem|p2a: Tyranitar|Focus Sash|[from] move: Knock Off|[of] p1a: Mew
|
|-weather|Sandstorm|[upkeep]
|-damage|p1a: Mew|236\/404|[from] sandstorm
|-heal|p1a: Mew|261\/404|[from] item: Leftovers
|turn|5
|
|move|p2a: Tyranitar|Stealth Rock|p1a: Mew
|-sidestart|p1: Snickered|move: Stealth Rock
|move|p1a: Mew|Will-O-Wisp|p2a: Tyranitar|[miss]
|-miss|p1a: Mew|p2a: Tyranitar
|
|-weather|Sandstorm|[upkeep]
|-damage|p1a: Mew|236\/404|[from] sandstorm
|-heal|p1a: Mew|261\/404|[from] item: Leftovers
|turn|6
|c|âSnickered|-.-
|
|move|p2a: Tyranitar|Pursuit|p1a: Mew
|-supereffective|p1a: Mew
|-damage|p1a: Mew|141\/404
|move|p1a: Mew|Soft-Boiled|p1a: Mew
|-heal|p1a: Mew|343\/404
|
|-weather|Sandstorm|[upkeep]
|-damage|p1a: Mew|318\/404|[from] sandstorm
|-heal|p1a: Mew|343\/404|[from] item: Leftovers
|turn|7
|
|switch|p2a: Conkeldurr|Conkeldurr, M|389\/414
|-damage|p2a: Conkeldurr|364\/414|[from] Stealth Rock
|move|p1a: Mew|Will-O-Wisp|p2a: Conkeldurr
|-status|p2a: Conkeldurr|brn
|
|-weather|Sandstorm|[upkeep]
|-damage|p1a: Mew|318\/404|[from] sandstorm
|-damage|p2a: Conkeldurr|339\/414 brn|[from] sandstorm
|-heal|p1a: Mew|343\/404|[from] item: Leftovers
|-damage|p2a: Conkeldurr|288\/414 brn|[from] brn
|turn|8
|
|move|p1a: Mew|Knock Off|p2a: Conkeldurr
|-resisted|p2a: Conkeldurr
|-damage|p2a: Conkeldurr|263\/414 brn
|-enditem|p2a: Conkeldurr|Assault Vest|[from] move: Knock Off|[of] p1a: Mew
|move|p2a: Conkeldurr|Knock Off|p1a: Mew
|-supereffective|p1a: Mew
|-damage|p1a: Mew|0 fnt
|-enditem|p1a: Mew|Leftovers|[from] move: Knock Off|[of] p2a: Conkeldurr
|faint|p1a: Mew
|
|-weather|none
|-damage|p2a: Conkeldurr|212\/414 brn|[from] brn
|
|switch|p1a: Latios|Latios, M|302\/302
|-damage|p1a: Latios|265\/302|[from] Stealth Rock
|turn|9
|
|switch|p2a: Tyranitar|Tyranitar, M|274\/341
|-damage|p2a: Tyranitar|232\/341|[from] Stealth Rock
|-weather|Sandstorm
|move|p1a: Latios|Draco Meteor|p2a: Tyranitar
|-crit|p2a: Tyranitar
|-damage|p2a: Tyranitar|0 fnt
|-unboost|p1a: Latios|spa|2
|-damage|p1a: Latios|235\/302|[from] item: Life Orb
|faint|p2a: Tyranitar
|
|-weather|Sandstorm|[upkeep]
|-damage|p1a: Latios|217\/302|[from] sandstorm
|c|âNo BP Plz|lol
|c|âSnickered|welp
|
|switch|p2a: Excadrill|Excadrill, F|359\/359
|-damage|p2a: Excadrill|348\/359|[from] Stealth Rock
|turn|10
|c|âSnickered|this thing is such a threat
|
|switch|p1a: Azumarill|Azumarill, M|404\/404
|-damage|p1a: Azumarill|354\/404|[from] Stealth Rock
|move|p2a: Excadrill|Rapid Spin|p1a: Azumarill
|-damage|p1a: Azumarill|311\/404
|-sideend|p2: No BP Plz|Stealth Rock|[from] move: Rapid Spin|[of] p2a: Excadrill
|-damage|p2a: Excadrill|313\/359|[from] item: Life Orb
|
|-weather|Sandstorm|[upkeep]
|-damage|p1a: Azumarill|286\/404|[from] sandstorm
|turn|11
|
|move|p1a: Azumarill|Aqua Jet|p2a: Excadrill
|-supereffective|p2a: Excadrill
|-damage|p2a: Excadrill|0 fnt
|faint|p2a: Excadrill
|
|-weather|Sandstorm|[upkeep]
|-damage|p1a: Azumarill|261\/404|[from] sandstorm
|c|âNo BP Plz|damn thought i could take one from that range :\/
|
|switch|p2a: Manectric|Manectric-Mega, F|247\/282
|-ability|p2a: Manectric|Intimidate|[of] p1a: Azumarill
|-unboost|p1a: Azumarill|atk|1
|turn|12
|c|âSnickered|hes banded
|
|switch|p1a: Heatran|Heatran, M|386\/386
|-damage|p1a: Heatran|338\/386|[from] Stealth Rock
|move|p2a: Manectric|Volt Switch|p1a: Heatran
|-damage|p1a: Heatran|212\/386
|c|âSnickered|oh wtf
|
|switch|p2a: Conkeldurr|Conkeldurr, M|212\/414 brn
|
|-weather|Sandstorm|[upkeep]
|-damage|p2a: Conkeldurr|187\/414 brn|[from] sandstorm
|-heal|p1a: Heatran|236\/386|[from] item: Leftovers
|-damage|p2a: Conkeldurr|136\/414 brn|[from] brn
|turn|13
|c|âSnickered|that did alot
|
|move|p1a: Heatran|Heat Wave|p2a: Conkeldurr
|-damage|p2a: Conkeldurr|0 fnt
|faint|p2a: Conkeldurr
|
|-weather|none
|-heal|p1a: Heatran|260\/386|[from] item: Leftovers
|
|switch|p2a: Greninja|Greninja, M|285\/285
|turn|14
|
|switch|p1a: Scizor|Scizor, F|281\/281
|-damage|p1a: Scizor|246\/281|[from] Stealth Rock
|move|p2a: Greninja|Hydro Pump|p1a: Scizor
|-start|p2a: Greninja|typechange|Water|[from] Protean
|-damage|p1a: Scizor|0 fnt
|-damage|p2a: Greninja|257\/285|[from] item: Life Orb
|faint|p1a: Scizor
|
|
|switch|p1a: Kyurem-Black|Kyurem-Black|391\/391
|-damage|p1a: Kyurem-Black|294\/391|[from] Stealth Rock
|-ability|p1a: Kyurem-Black|Teravolt
|turn|15
|
|switch|p2a: Manectric|Manectric-Mega, F|247\/282
|-ability|p2a: Manectric|Intimidate|[of] p1a: Kyurem-Black
|-unboost|p1a: Kyurem-Black|atk|1
|move|p1a: Kyurem-Black|Fusion Bolt|p2a: Manectric
|-resisted|p2a: Manectric
|-damage|p2a: Manectric|194\/282
|
|turn|16
|
|switch|p1a: Latios|Latios, M|217\/302
|-damage|p1a: Latios|180\/302|[from] Stealth Rock
|move|p2a: Manectric|Volt Switch|p1a: Latios
|-resisted|p1a: Latios
|-damage|p1a: Latios|118\/302
|
|switch|p2a: Talonflame|Talonflame, M|327\/327
|
|turn|17
|
|move|p2a: Talonflame|U-turn|p1a: Latios
|-supereffective|p1a: Latios
|-damage|p1a: Latios|0 fnt
|faint|p1a: Latios
|c|âSnickered|nice
|
|switch|p2a: Greninja|Greninja, M|257\/285
|
|
|switch|p1a: Kyurem-Black|Kyurem-Black|294\/391
|-damage|p1a: Kyurem-Black|197\/391|[from] Stealth Rock
|-ability|p1a: Kyurem-Black|Teravolt
|turn|18
|
|switch|p2a: Talonflame|Talonflame, M|327\/327
|move|p1a: Kyurem-Black|Dragon Claw|p2a: Talonflame
|-damage|p2a: Talonflame|78\/327
|
|turn|19
|
|move|p2a: Talonflame|Brave Bird|p1a: Kyurem-Black
|-damage|p1a: Kyurem-Black|46\/391
|-damage|p2a: Talonflame|28\/327|[from] recoil|[of] p1a: Kyurem-Black
|move|p1a: Kyurem-Black|Dragon Claw|p2a: Talonflame
|-damage|p2a: Talonflame|0 fnt
|faint|p2a: Talonflame
|
|
|switch|p2a: Manectric|Manectric-Mega, F|194\/282
|-ability|p2a: Manectric|Intimidate|[of] p1a: Kyurem-Black
|-unboost|p1a: Kyurem-Black|atk|1
|turn|20
|c|âSnickered|kyurem has suprisingly large bulk
|
|move|p1a: Kyurem-Black|Dragon Claw|p2a: Manectric
|-damage|p2a: Manectric|62\/282
|move|p2a: Manectric|Thunderbolt|p1a: Kyurem-Black
|-resisted|p1a: Kyurem-Black
|-damage|p1a: Kyurem-Black|0 fnt
|faint|p1a: Kyurem-Black
|
|
|switch|p1a: Heatran|Heatran, M|260\/386
|-damage|p1a: Heatran|212\/386|[from] Stealth Rock
|turn|21
|
|move|p2a: Manectric|Thunderbolt|p1a: Heatran
|-damage|p1a: Heatran|52\/386
|move|p1a: Heatran|Earth Power|p2a: Manectric
|-supereffective|p2a: Manectric
|-damage|p2a: Manectric|0 fnt
|faint|p2a: Manectric
|
|-heal|p1a: Heatran|76\/386|[from] item: Leftovers
|
|switch|p2a: Greninja|Greninja, M|257\/285
|turn|22
|
|move|p2a: Greninja|Hydro Pump|p1a: Heatran
|-start|p2a: Greninja|typechange|Water|[from] Protean
|-supereffective|p1a: Heatran
|-damage|p1a: Heatran|0 fnt
|-damage|p2a: Greninja|229\/285|[from] item: Life Orb
|faint|p1a: Heatran
|
|
|switch|p1a: Azumarill|Azumarill, M|261\/404
|-damage|p1a: Azumarill|211\/404|[from] Stealth Rock
|turn|23
|c|âSnickered|welp
|c|âSnickered|this is the moment of truth
|
|move|p2a: Greninja|Hidden Power|p1a: Azumarill
|-start|p2a: Greninja|typechange|Grass|[from] Protean
|-supereffective|p1a: Azumarill
|-damage|p1a: Azumarill|0 fnt
|-damage|p2a: Greninja|201\/285|[from] item: Life Orb
|faint|p1a: Azumarill
|
|win|No BP Plz
|raw|Ladder updating...
|raw|Snickered's rating: 1461 &rarr; <strong>1439<\/strong><br \/>(-22 for losing)
|raw|No BP Plz's rating: 1423 &rarr; <strong>1445<\/strong><br \/>(+22 for winning)
|c|âSnickered|gg
|c|âNo BP Plz|gg