|join|Snickered
|join|Parrsboro
|player|p1|Snickered|136
|player|p2|Parrsboro|194
|gametype|singles
|gen|6
|tier|OU
|rated
|clearpoke
|poke|p1|Scizor, M
|poke|p1|Azumarill, M
|poke|p1|Heatran, M
|poke|p1|Latios, M
|poke|p1|Mew
|poke|p1|Kyurem-Black
|poke|p2|Klefki, F
|poke|p2|Scizor, F
|poke|p2|Gothitelle, M
|poke|p2|Landorus-Therian, M
|poke|p2|Conkeldurr, M
|poke|p2|Tyranitar, F
|rule|Swagger Clause: Swagger is banned
|rule|Baton Pass Clause: Limit one PokÃ©mon knowing Baton Pass
|rule|Sleep Clause Mod: Limit one foe put to sleep
|rule|Species Clause: Limit one of each PokÃ©mon
|rule|OHKO Clause: OHKO moves are banned
|rule|Moody Clause: Moody is banned
|rule|Evasion Moves Clause: Evasion moves are banned
|rule|Endless Battle Clause: Forcing endless battles is banned
|rule|HP Percentage Mod: HP is shown in percentages
|teampreview
|
|start
|switch|p1a: Mew|Mew|404\/404
|switch|p2a: Landorus-Therian|Landorus-Therian, M|340\/340
|-ability|p2a: Landorus-Therian|Intimidate|[of] p1a: Mew
|-unboost|p1a: Mew|atk|1
|turn|1
|c|âSnickered|glhf
|
|move|p2a: Landorus-Therian|Knock Off|p1a: Mew
|-supereffective|p1a: Mew
|-damage|p1a: Mew|180\/404
|-enditem|p1a: Mew|Leftovers|[from] move: Knock Off|[of] p2a: Landorus-Therian
|move|p1a: Mew|Stealth Rock|p2a: Landorus-Therian
|-sidestart|p2: Parrsboro|move: Stealth Rock
|
|turn|2
|
|move|p2a: Landorus-Therian|Stealth Rock|p1a: Mew
|-sidestart|p1: Snickered|move: Stealth Rock
|move|p1a: Mew|Will-O-Wisp|p2a: Landorus-Therian
|-status|p2a: Landorus-Therian|brn
|
|-damage|p2a: Landorus-Therian|298\/340 brn|[from] brn
|turn|3
|
|move|p2a: Landorus-Therian|U-turn|p1a: Mew
|-supereffective|p1a: Mew
|-damage|p1a: Mew|94\/404
|
|switch|p2a: Gothitelle|Gothitelle, M|344\/344
|-damage|p2a: Gothitelle|301\/344|[from] Stealth Rock
|move|p1a: Mew|Soft-Boiled|p1a: Mew
|-heal|p1a: Mew|296\/404
|
|-heal|p2a: Gothitelle|322\/344|[from] item: Leftovers
|turn|4
|
|move|p1a: Mew|Will-O-Wisp|p2a: Gothitelle
|-status|p2a: Gothitelle|brn
|move|p2a: Gothitelle|Calm Mind|p2a: Gothitelle
|-boost|p2a: Gothitelle|spa|1
|-boost|p2a: Gothitelle|spd|1
|
|-heal|p2a: Gothitelle|343\/344 brn|[from] item: Leftovers
|-damage|p2a: Gothitelle|300\/344 brn|[from] brn
|turn|5
|
|move|p1a: Mew|Knock Off|p2a: Gothitelle
|-supereffective|p2a: Gothitelle
|-damage|p2a: Gothitelle|220\/344 brn
|-enditem|p2a: Gothitelle|Leftovers|[from] move: Knock Off|[of] p1a: Mew
|move|p2a: Gothitelle|Calm Mind|p2a: Gothitelle
|-boost|p2a: Gothitelle|spa|1
|-boost|p2a: Gothitelle|spd|1
|
|-damage|p2a: Gothitelle|177\/344 brn|[from] brn
|turn|6
|
|move|p1a: Mew|Soft-Boiled|p1a: Mew
|-heal|p1a: Mew|404\/404
|move|p2a: Gothitelle|Rest|p2a: Gothitelle
|-status|p2a: Gothitelle|slp
|-heal|p2a: Gothitelle|344\/344 slp|[silent]
|-status|p2a: Gothitelle|slp|[from] move: Rest
|
|turn|7
|
|move|p1a: Mew|Knock Off|p2a: Gothitelle
|-supereffective|p2a: Gothitelle
|-damage|p2a: Gothitelle|294\/344 slp
|cant|p2a: Gothitelle|slp
|
|turn|8
|
|move|p1a: Mew|Knock Off|p2a: Gothitelle
|-supereffective|p2a: Gothitelle
|-damage|p2a: Gothitelle|238\/344 slp
|cant|p2a: Gothitelle|slp
|
|turn|9
|
|move|p1a: Mew|Knock Off|p2a: Gothitelle
|-supereffective|p2a: Gothitelle
|-damage|p2a: Gothitelle|188\/344 slp
|-curestatus|p2a: Gothitelle|slp
|move|p2a: Gothitelle|Calm Mind|p2a: Gothitelle
|-boost|p2a: Gothitelle|spa|1
|-boost|p2a: Gothitelle|spd|1
|
|turn|10
|
|move|p1a: Mew|Will-O-Wisp|p2a: Gothitelle
|-status|p2a: Gothitelle|brn
|move|p2a: Gothitelle|Calm Mind|p2a: Gothitelle
|-boost|p2a: Gothitelle|spa|1
|-boost|p2a: Gothitelle|spd|1
|
|-damage|p2a: Gothitelle|145\/344 brn|[from] brn
|turn|11
|
|move|p1a: Mew|Knock Off|p2a: Gothitelle
|-supereffective|p2a: Gothitelle
|-damage|p2a: Gothitelle|91\/344 brn
|move|p2a: Gothitelle|Rest|p2a: Gothitelle
|-status|p2a: Gothitelle|slp
|-heal|p2a: Gothitelle|344\/344 slp|[silent]
|-status|p2a: Gothitelle|slp|[from] move: Rest
|
|turn|12
|
|move|p1a: Mew|Knock Off|p2a: Gothitelle
|-supereffective|p2a: Gothitelle
|-damage|p2a: Gothitelle|290\/344 slp
|cant|p2a: Gothitelle|slp
|
|turn|13
|c|âSnickered|kill me please -.-
|
|move|p1a: Mew|Knock Off|p2a: Gothitelle
|-supereffective|p2a: Gothitelle
|-damage|p2a: Gothitelle|238\/344 slp
|cant|p2a: Gothitelle|slp
|
|turn|14
|
|move|p1a: Mew|Knock Off|p2a: Gothitelle
|-supereffective|p2a: Gothitelle
|-damage|p2a: Gothitelle|182\/344 slp
|-curestatus|p2a: Gothitelle|slp
|move|p2a: Gothitelle|Thunderbolt|p1a: Mew
|-damage|p1a: Mew|254\/404
|
|turn|15
|
|move|p1a: Mew|Will-O-Wisp|p2a: Gothitelle|[miss]
|-miss|p1a: Mew|p2a: Gothitelle
|move|p2a: Gothitelle|Thunderbolt|p1a: Mew
|-damage|p1a: Mew|114\/404
|-status|p1a: Mew|par
|-status|p2a: Gothitelle|par
|
|turn|16
|
|move|p1a: Mew|Soft-Boiled|p1a: Mew
|-heal|p1a: Mew|316\/404 par
|move|p2a: Gothitelle|Rest|p2a: Gothitelle
|-status|p2a: Gothitelle|slp
|-heal|p2a: Gothitelle|344\/344 slp|[silent]
|-status|p2a: Gothitelle|slp|[from] move: Rest
|
|turn|17
|
|cant|p2a: Gothitelle|slp
|move|p1a: Mew|Knock Off|p2a: Gothitelle
|-supereffective|p2a: Gothitelle
|-damage|p2a: Gothitelle|290\/344 slp
|
|turn|18
|
|cant|p2a: Gothitelle|slp
|move|p1a: Mew|Knock Off|p2a: Gothitelle
|-supereffective|p2a: Gothitelle
|-damage|p2a: Gothitelle|238\/344 slp
|
|turn|19
|c|âSnickered|kill me pls
|
|-curestatus|p2a: Gothitelle|slp
|move|p2a: Gothitelle|Calm Mind|p2a: Gothitelle
|-boost|p2a: Gothitelle|spa|1
|-boost|p2a: Gothitelle|spd|1
|move|p1a: Mew|Will-O-Wisp|p2a: Gothitelle
|-status|p2a: Gothitelle|brn
|
|-damage|p2a: Gothitelle|195\/344 brn|[from] brn
|turn|20
|
|move|p2a: Gothitelle|Rest|p2a: Gothitelle
|-status|p2a: Gothitelle|slp
|-heal|p2a: Gothitelle|344\/344 slp|[silent]
|-status|p2a: Gothitelle|slp|[from] move: Rest
|move|p1a: Mew|Knock Off|p2a: Gothitelle
|-supereffective|p2a: Gothitelle
|-damage|p2a: Gothitelle|290\/344 slp
|
|turn|21
|c|âParrsboro|its better for me if I pp stall you until you struggle to death though
|c|âSnickered|you're annoying 
|
|cant|p2a: Gothitelle|slp
|move|p1a: Mew|Knock Off|p2a: Gothitelle
|-supereffective|p2a: Gothitelle
|-damage|p2a: Gothitelle|236\/344 slp
|
|turn|22
|c|âParrsboro|I bet
|
|cant|p2a: Gothitelle|slp
|move|p1a: Mew|Knock Off|p2a: Gothitelle
|-supereffective|p2a: Gothitelle
|-damage|p2a: Gothitelle|182\/344 slp
|
|turn|23
|
|-curestatus|p2a: Gothitelle|slp
|move|p2a: Gothitelle|Calm Mind|p2a: Gothitelle
|-boost|p2a: Gothitelle|spa|1
|-boost|p2a: Gothitelle|spd|1
|move|p1a: Mew|Will-O-Wisp|p2a: Gothitelle|[miss]
|-miss|p1a: Mew|p2a: Gothitelle
|
|turn|24
|c|âSnickered|there plus 6
|
|move|p2a: Gothitelle|Calm Mind|p2a: Gothitelle
|-fail|p2a: Gothitelle
|move|p1a: Mew|Will-O-Wisp|p2a: Gothitelle
|-status|p2a: Gothitelle|brn
|
|-damage|p2a: Gothitelle|139\/344 brn|[from] brn
|turn|25
|
|move|p2a: Gothitelle|Rest|p2a: Gothitelle
|-status|p2a: Gothitelle|slp
|-heal|p2a: Gothitelle|344\/344 slp|[silent]
|-status|p2a: Gothitelle|slp|[from] move: Rest
|move|p1a: Mew|Knock Off|p2a: Gothitelle
|-supereffective|p2a: Gothitelle
|-damage|p2a: Gothitelle|292\/344 slp
|
|turn|26
|c|âSnickered|omfg
|
|cant|p2a: Gothitelle|slp
|cant|p1a: Mew|par
|
|turn|27
|
|cant|p2a: Gothitelle|slp
|move|p1a: Mew|Knock Off|p2a: Gothitelle
|-supereffective|p2a: Gothitelle
|-damage|p2a: Gothitelle|244\/344 slp
|
|turn|28
|c|âSnickered|you must be INCREDIBLY sad to have to sit here and take this
|
|-curestatus|p2a: Gothitelle|slp
|move|p2a: Gothitelle|Calm Mind|p2a: Gothitelle
|-fail|p2a: Gothitelle
|move|p1a: Mew|Knock Off|p2a: Gothitelle
|-supereffective|p2a: Gothitelle
|-damage|p2a: Gothitelle|194\/344
|
|turn|29
|c|âParrsboro|:^)
|
|move|p2a: Gothitelle|Calm Mind|p2a: Gothitelle
|-fail|p2a: Gothitelle
|move|p1a: Mew|Will-O-Wisp|p2a: Gothitelle
|-status|p2a: Gothitelle|brn
|
|-damage|p2a: Gothitelle|151\/344 brn|[from] brn
|turn|30
|c|âSnickered|go for thunderbolt
|
|move|p2a: Gothitelle|Calm Mind|p2a: Gothitelle
|-fail|p2a: Gothitelle
|move|p1a: Mew|Stealth Rock|p2a: Gothitelle
|-fail|p2a: Gothitelle
|
|-damage|p2a: Gothitelle|108\/344 brn|[from] brn
|turn|31
|
|move|p2a: Gothitelle|Rest|p2a: Gothitelle
|-status|p2a: Gothitelle|slp
|-heal|p2a: Gothitelle|344\/344 slp|[silent]
|-status|p2a: Gothitelle|slp|[from] move: Rest
|move|p1a: Mew|Stealth Rock|p2a: Gothitelle
|-fail|p2a: Gothitelle
|
|turn|32
|c|âSnickered|i have way more pp than you
|c|âParrsboro|Rest allows me to only use 1 pp for 3 turns
|
|cant|p2a: Gothitelle|slp
|move|p1a: Mew|Stealth Rock|p2a: Gothitelle
|-fail|p2a: Gothitelle
|
|turn|33
|c|âSnickered|you're breaking clause
|c|âParrsboro|which clause?
|c|âSnickered|you're forcing an endless battle
|
|cant|p2a: Gothitelle|slp
|move|p1a: Mew|Soft-Boiled|p1a: Mew
|-heal|p1a: Mew|404\/404 par
|
|turn|34
|c|âParrsboro|No I'm not
|c|âParrsboro|I will run out of pp eventually
|c|âSnickered|>.> I'm reporting you.
|c|âParrsboro|Go ahead
|
|-curestatus|p2a: Gothitelle|slp
|move|p2a: Gothitelle|Calm Mind|p2a: Gothitelle
|-fail|p2a: Gothitelle
|move|p1a: Mew|Knock Off|p2a: Gothitelle
|-supereffective|p2a: Gothitelle
|-damage|p2a: Gothitelle|294\/344
|
|turn|35
|c|âParrsboro|I advise you to go to the lobby and ask for a mod
|c|âParrsboro|to join this game and review it for broken rules
|c|âSnickered|actually, take your win
|c|âSnickered|you're a sad sad misogynistic human being
|-message|Snickered forfeited.
|
|win|Parrsboro
|raw|Ladder updating...
|leave|Snickered
|player|p1
|raw|Snickered's rating: 1484 &rarr; <strong>1461<\/strong><br \/>(-23 for losing)
|raw|Parrsboro's rating: 1439 &rarr; <strong>1462<\/strong><br \/>(+23 for winning)