|join|Cuzibebroke
|join|Snickered
|player|p1|Cuzibebroke|274
|player|p2|Snickered|136
|gametype|singles
|gen|6
|tier|OU
|rated
|clearpoke
|poke|p1|Charizard, F, shiny
|poke|p1|Diggersby, F, shiny
|poke|p1|Ferrothorn, M, shiny
|poke|p1|Azumarill, M
|poke|p1|Mandibuzz, F
|poke|p1|Landorus, M
|poke|p2|Infernape, F
|poke|p2|Latios, M
|poke|p2|Medicham, M
|poke|p2|Garchomp, M
|poke|p2|Rotom-Wash
|poke|p2|Gengar, F
|rule|Swagger Clause: Swagger is banned
|rule|Baton Pass Clause: Limit one PokÃ©mon knowing Baton Pass
|rule|Sleep Clause Mod: Limit one foe put to sleep
|rule|Species Clause: Limit one of each PokÃ©mon
|rule|OHKO Clause: OHKO moves are banned
|rule|Moody Clause: Moody is banned
|rule|Evasion Moves Clause: Evasion moves are banned
|rule|Endless Battle Clause: Forcing endless battles is banned
|rule|HP Percentage Mod: HP is shown in percentages
|teampreview
|c|âSnickered|glhf
|
|start
|switch|p1a: Ferrothorn|Ferrothorn, M, shiny|352\/352
|switch|p2a: Kaioken|Infernape, F|293\/293
|turn|1
|
|move|p2a: Kaioken|Overheat|p1a: Ferrothorn
|-supereffective|p1a: Ferrothorn
|-damage|p1a: Ferrothorn|0 fnt
|-unboost|p2a: Kaioken|spa|2
|faint|p1a: Ferrothorn
|
|
|switch|p1a: Charizard|Charizard, F, shiny|298\/298
|turn|2
|c|âSnickered|no set up pls boss
|
|detailschange|p1a: Charizard|Charizard-Mega-X, F, shiny
|message|Charizard has Mega Evolved into Mega Charizard!
|move|p2a: Kaioken|Stealth Rock|p1a: Charizard
|-sidestart|p1: Cuzibebroke|move: Stealth Rock
|move|p1a: Charizard|Dragon Dance|p1a: Charizard
|-boost|p1a: Charizard|atk|1
|-boost|p1a: Charizard|spe|1
|
|turn|3
|
|move|p1a: Charizard|Earthquake|p2a: Kaioken
|-supereffective|p2a: Kaioken
|-enditem|p2a: Kaioken|Focus Sash
|-damage|p2a: Kaioken|1\/293
|move|p2a: Kaioken|Endeavor|p1a: Charizard
|-damage|p1a: Charizard|1\/298
|
|turn|4
|
|move|p2a: Kaioken|Mach Punch|p1a: Charizard
|-damage|p1a: Charizard|0 fnt
|faint|p1a: Charizard
|
|
|switch|p1a: Mandibuzz|Mandibuzz, F|419\/419
|-damage|p1a: Mandibuzz|315\/419|[from] Stealth Rock
|turn|5
|
|move|p2a: Kaioken|Endeavor|p1a: Mandibuzz
|-damage|p1a: Mandibuzz|1\/419
|move|p1a: Mandibuzz|Defog|p2a: Kaioken
|-unboost|p2a: Kaioken|evasion|1
|-sideend|p1: Cuzibebroke|Stealth Rock|[from] move: Defog|[of] p1a: Mandibuzz
|
|-heal|p1a: Mandibuzz|27\/419|[from] item: Leftovers
|turn|6
|
|move|p2a: Kaioken|Mach Punch|p1a: Mandibuzz
|-damage|p1a: Mandibuzz|0 fnt
|faint|p1a: Mandibuzz
|
|
|switch|p1a: Azumarill|Azumarill, M|404\/404
|turn|7
|
|switch|p2a: Rotom-Wash|Rotom-Wash|304\/304
|move|p1a: Azumarill|Aqua Jet|p2a: Rotom-Wash
|-resisted|p2a: Rotom-Wash
|-damage|p2a: Rotom-Wash|241\/304
|
|-heal|p2a: Rotom-Wash|260\/304|[from] item: Leftovers
|turn|8
|
|switch|p1a: Diggersby|Diggersby, F, shiny|312\/312
|move|p2a: Rotom-Wash|Will-O-Wisp|p1a: Diggersby
|-status|p1a: Diggersby|brn
|
|-heal|p2a: Rotom-Wash|279\/304|[from] item: Leftovers
|-damage|p1a: Diggersby|273\/312 brn|[from] brn
|turn|9
|
|move|p1a: Diggersby|Frustration|p2a: Rotom-Wash
|-damage|p2a: Rotom-Wash|165\/304
|move|p2a: Rotom-Wash|Hydro Pump|p1a: Diggersby
|-supereffective|p1a: Diggersby
|-damage|p1a: Diggersby|0 fnt
|faint|p1a: Diggersby
|
|-heal|p2a: Rotom-Wash|184\/304|[from] item: Leftovers
|
|switch|p1a: Landorus|Landorus, M|320\/320
|turn|10
|
|move|p1a: Landorus|Psychic|p2a: Rotom-Wash
|-damage|p2a: Rotom-Wash|96\/304
|-damage|p1a: Landorus|288\/320|[from] item: Life Orb
|move|p2a: Rotom-Wash|Hydro Pump|p1a: Landorus|[miss]
|-miss|p2a: Rotom-Wash|p1a: Landorus
|
|-heal|p2a: Rotom-Wash|115\/304|[from] item: Leftovers
|turn|11
|
|move|p1a: Landorus|Psychic|p2a: Rotom-Wash
|-damage|p2a: Rotom-Wash|32\/304
|-damage|p1a: Landorus|256\/320|[from] item: Life Orb
|move|p2a: Rotom-Wash|Hydro Pump|p1a: Landorus
|-supereffective|p1a: Landorus
|-damage|p1a: Landorus|0 fnt
|faint|p1a: Landorus
|
|-heal|p2a: Rotom-Wash|51\/304|[from] item: Leftovers
|-message|Cuzibebroke forfeited.
|
|win|Snickered
|raw|Ladder updating...
|leave|Cuzibebroke
|player|p1
|raw|Cuzibebroke's rating: 1416 &rarr; <strong>1399<\/strong><br \/>(-17 for losing)
|raw|Snickered's rating: 1466 &rarr; <strong>1483<\/strong><br \/>(+17 for winning)