|join|Snickered
|join|kanon prime
|player|p1|Snickered|34
|player|p2|kanon prime|281
|gametype|singles
|gen|6
|tier|OU
|rated
|clearpoke
|poke|p1|Heatran, M
|poke|p1|Azumarill, M, shiny
|poke|p1|Azelf, shiny
|poke|p1|Rotom-Wash
|poke|p1|Garchomp, F
|poke|p1|Gardevoir, F, shiny
|poke|p2|Manectric, M
|poke|p2|Amoonguss, M
|poke|p2|Skarmory, M
|poke|p2|Latios, M
|poke|p2|Keldeo-Resolute
|poke|p2|Rotom-Wash
|rule|Swagger Clause: Swagger is banned
|rule|Baton Pass Clause: Limit one PokÃ©mon knowing Baton Pass
|rule|Sleep Clause Mod: Limit one foe put to sleep
|rule|Species Clause: Limit one of each PokÃ©mon
|rule|OHKO Clause: OHKO moves are banned
|rule|Moody Clause: Moody is banned
|rule|Evasion Moves Clause: Evasion moves are banned
|rule|Endless Battle Clause: Forcing endless battles is banned
|rule|HP Percentage Mod: HP is shown in percentages
|teampreview
|
|start
|switch|p1a: Azelf|Azelf, shiny|291\/291
|switch|p2a: Fensa|Rotom-Wash|291\/291
|turn|1
|
|move|p2a: Fensa|Trick|p1a: Azelf
|-activate|p2a: Fensa|move: Trick|[of] p1a: Azelf
|-item|p1a: Azelf|Choice Scarf|[from] move: Trick
|-item|p2a: Fensa|Focus Sash|[from] move: Trick
|move|p1a: Azelf|Taunt|p2a: Fensa
|-start|p2a: Fensa|move: Taunt
|
|turn|2
|
|switch|p1a: Azumarill|Azumarill, M, shiny|404\/404
|move|p2a: Fensa|Hydro Pump|p1a: Azumarill
|-resisted|p1a: Azumarill
|-damage|p1a: Azumarill|349\/404
|
|turn|3
|
|move|p2a: Fensa|Volt Switch|p1a: Azumarill
|-supereffective|p1a: Azumarill
|-damage|p1a: Azumarill|203\/404
|
|switch|p2a: Starscream|Skarmory, M|334\/334
|move|p1a: Azumarill|Play Rough|p2a: Starscream
|-resisted|p2a: Starscream
|-damage|p2a: Starscream|276\/334
|-damage|p1a: Azumarill|136\/404|[from] item: Rocky Helmet|[of] p2a: Starscream
|
|turn|4
|
|switch|p1a: Azelf|Azelf, shiny|291\/291
|move|p2a: Starscream|Stealth Rock|p1a: Azelf
|-sidestart|p1: Snickered|move: Stealth Rock
|
|turn|5
|
|move|p1a: Azelf|Stealth Rock|p2a: Starscream
|-sidestart|p2: kanon prime|move: Stealth Rock
|move|p2a: Starscream|Brave Bird|p1a: Azelf
|-damage|p1a: Azelf|137\/291
|-damage|p2a: Starscream|225\/334|[from] recoil|[of] p1a: Azelf
|
|turn|6
|
|switch|p1a: Heatran|Heatran, M|380\/380
|-damage|p1a: Heatran|333\/380|[from] Stealth Rock
|move|p2a: Starscream|Roar|p1a: Heatran
|drag|p1a: Garchomp|Garchomp, F|357\/357
|-damage|p1a: Garchomp|335\/357|[from] Stealth Rock
|
|turn|7
|
|move|p1a: Garchomp|Fire Blast|p2a: Starscream
|-supereffective|p2a: Starscream
|-damage|p2a: Starscream|27\/334
|move|p2a: Starscream|Roost|p2a: Starscream
|-heal|p2a: Starscream|194\/334
|
|turn|8
|
|switch|p2a: Keldeo-Resolute|Keldeo-Resolute|323\/323
|-damage|p2a: Keldeo-Resolute|303\/323|[from] Stealth Rock
|move|p1a: Garchomp|Fire Blast|p2a: Keldeo-Resolute
|-resisted|p2a: Keldeo-Resolute
|-damage|p2a: Keldeo-Resolute|267\/323
|
|turn|9
|
|switch|p1a: Heatran|Heatran, M|333\/380
|-damage|p1a: Heatran|286\/380|[from] Stealth Rock
|move|p2a: Keldeo-Resolute|Substitute|p2a: Keldeo-Resolute
|-start|p2a: Keldeo-Resolute|Substitute
|-damage|p2a: Keldeo-Resolute|187\/323
|
|-heal|p1a: Heatran|309\/380|[from] item: Leftovers
|turn|10
|
|move|p2a: Keldeo-Resolute|Surf|p1a: Heatran
|-crit|p1a: Heatran
|-supereffective|p1a: Heatran
|-damage|p1a: Heatran|0 fnt
|faint|p1a: Heatran
|
|
|switch|p1a: Azelf|Azelf, shiny|137\/291
|-damage|p1a: Azelf|101\/291|[from] Stealth Rock
|turn|11
|
|move|p1a: Azelf|Explosion|p2a: Keldeo-Resolute
|-end|p2a: Keldeo-Resolute|Substitute
|faint|p1a: Azelf
|move|p2a: Keldeo-Resolute|Calm Mind|p2a: Keldeo-Resolute
|-boost|p2a: Keldeo-Resolute|spa|1
|-boost|p2a: Keldeo-Resolute|spd|1
|
|
|switch|p1a: Gardevoir|Gardevoir, F, shiny|278\/278
|-damage|p1a: Gardevoir|244\/278|[from] Stealth Rock
|turn|12
|
|detailschange|p1a: Gardevoir|Gardevoir-Mega, F, shiny
|message|Gardevoir has Mega Evolved into Mega Gardevoir!
|move|p2a: Keldeo-Resolute|Surf|p1a: Gardevoir
|-damage|p1a: Gardevoir|69\/278
|move|p1a: Gardevoir|Psyshock|p2a: Keldeo-Resolute
|-supereffective|p2a: Keldeo-Resolute
|-damage|p2a: Keldeo-Resolute|0 fnt
|faint|p2a: Keldeo-Resolute
|
|
|switch|p2a: Zackof|Manectric, M|281\/281
|-damage|p2a: Zackof|246\/281|[from] Stealth Rock
|turn|13
|
|switch|p1a: Rotom-Wash|Rotom-Wash|304\/304
|-damage|p1a: Rotom-Wash|266\/304|[from] Stealth Rock
|detailschange|p2a: Zackof|Manectric-Mega, M
|message|Manectric has Mega Evolved into Mega Manectric!
|-ability|p2a: Zackof|Intimidate|[of] p1a: Rotom-Wash
|-unboost|p1a: Rotom-Wash|atk|1
|move|p2a: Zackof|Volt Switch|p1a: Rotom-Wash
|-damage|p1a: Rotom-Wash|145\/304
|
|switch|p2a: Latios|Latios, M|302\/302
|-damage|p2a: Latios|265\/302|[from] Stealth Rock
|
|-heal|p1a: Rotom-Wash|164\/304|[from] item: Leftovers
|turn|14
|
|move|p2a: Latios|Psychic|p1a: Rotom-Wash
|-damage|p1a: Rotom-Wash|19\/304
|move|p1a: Rotom-Wash|Will-O-Wisp|p2a: Latios
|-status|p2a: Latios|brn
|
|-heal|p1a: Rotom-Wash|38\/304|[from] item: Leftovers
|-damage|p2a: Latios|228\/302 brn|[from] brn
|turn|15
|
|move|p2a: Latios|Psychic|p1a: Rotom-Wash
|-damage|p1a: Rotom-Wash|0 fnt
|faint|p1a: Rotom-Wash
|
|-damage|p2a: Latios|191\/302 brn|[from] brn
|
|switch|p1a: Garchomp|Garchomp, F|335\/357
|-damage|p1a: Garchomp|313\/357|[from] Stealth Rock
|turn|16
|
|switch|p2a: Zackof|Manectric-Mega, M|246\/281
|-damage|p2a: Zackof|211\/281|[from] Stealth Rock
|-ability|p2a: Zackof|Intimidate|[of] p1a: Garchomp
|-unboost|p1a: Garchomp|atk|1
|move|p1a: Garchomp|Outrage|p2a: Zackof
|-damage|p2a: Zackof|24\/281
|
|turn|17
|
|move|p1a: Garchomp|Outrage|p2a: Zackof
|-damage|p2a: Zackof|0 fnt
|faint|p2a: Zackof
|
|
|switch|p2a: Latios|Latios, M|191\/302 brn
|-damage|p2a: Latios|154\/302 brn|[from] Stealth Rock
|turn|18
|
|move|p2a: Latios|Ice Beam|p1a: Garchomp
|-supereffective|p1a: Garchomp
|-damage|p1a: Garchomp|0 fnt
|faint|p1a: Garchomp
|
|-damage|p2a: Latios|117\/302 brn|[from] brn
|
|switch|p1a: Gardevoir|Gardevoir-Mega, F, shiny|69\/278
|-damage|p1a: Gardevoir|35\/278|[from] Stealth Rock
|turn|19
|c|âSnickered|gg
|c|âkanon prime|gg
|
|switch|p1a: Azumarill|Azumarill, M, shiny|136\/404
|-damage|p1a: Azumarill|86\/404|[from] Stealth Rock
|move|p2a: Latios|Ice Beam|p1a: Azumarill
|-resisted|p1a: Azumarill
|-damage|p1a: Azumarill|44\/404
|
|-damage|p2a: Latios|80\/302 brn|[from] brn
|turn|20
|
|move|p1a: Azumarill|Aqua Jet|p2a: Latios
|-crit|p2a: Latios
|-resisted|p2a: Latios
|-damage|p2a: Latios|0 fnt
|faint|p2a: Latios
|
|
|switch|p2a: Starscream|Skarmory, M|194\/334
|-damage|p2a: Starscream|153\/334|[from] Stealth Rock
|turn|21
|
|move|p1a: Azumarill|Knock Off|p2a: Starscream
|-damage|p2a: Starscream|65\/334
|-damage|p1a: Azumarill|0 fnt|[from] item: Rocky Helmet|[of] p2a: Starscream
|faint|p1a: Azumarill
|move|p2a: Starscream|Roar|p1: Azumarill|[notarget]
|-notarget
|
|
|switch|p1a: Gardevoir|Gardevoir-Mega, F, shiny|35\/278
|-damage|p1a: Gardevoir|1\/278|[from] Stealth Rock
|turn|22
|
|move|p1a: Gardevoir|Hyper Voice|p2a: Starscream
|-resisted|p2a: Starscream
|-damage|p2a: Starscream|0 fnt
|faint|p2a: Starscream
|
|
|switch|p2a: Oing|Amoonguss, M|432\/432
|-damage|p2a: Oing|378\/432|[from] Stealth Rock
|turn|23
|
|move|p1a: Gardevoir|Psyshock|p2a: Oing
|-supereffective|p2a: Oing
|-damage|p2a: Oing|0 fnt
|faint|p2a: Oing
|
|c|âkanon prime|shit
|
|switch|p2a: Fensa|Rotom-Wash|291\/291
|-damage|p2a: Fensa|255\/291|[from] Stealth Rock
|turn|24
|
|move|p1a: Gardevoir|Hyper Voice|p2a: Fensa
|-damage|p2a: Fensa|0 fnt
|faint|p2a: Fensa
|
|win|Snickered
|raw|Ladder updating...
|raw|Snickered's rating: 1530 &rarr; <strong>1550<\/strong><br \/>(+20 for winning)
|raw|kanon prime's rating: 1516 &rarr; <strong>1497<\/strong><br \/>(-19 for losing)
|c|âSnickered|the comeback
|c|âSnickered|is REAL
|c|âSnickered|gg