|join|ScottNakagawa
|join|Snickered
|player|p1|ScottNakagawa|276
|player|p2|Snickered|136
|gametype|singles
|gen|6
|tier|OU
|rated
|clearpoke
|poke|p1|Aerodactyl, F
|poke|p1|Victini
|poke|p1|Carracosta, F
|poke|p1|Electivire, F
|poke|p1|Forretress, F
|poke|p1|Togekiss, M
|poke|p2|Heatran, M
|poke|p2|Azumarill, F
|poke|p2|Azelf
|poke|p2|Rotom-Wash
|poke|p2|Garchomp, F
|poke|p2|Gardevoir, F
|rule|Swagger Clause: Swagger is banned
|rule|Baton Pass Clause: Limit one PokÃ©mon knowing Baton Pass
|rule|Sleep Clause Mod: Limit one foe put to sleep
|rule|Species Clause: Limit one of each PokÃ©mon
|rule|OHKO Clause: OHKO moves are banned
|rule|Moody Clause: Moody is banned
|rule|Evasion Moves Clause: Evasion moves are banned
|rule|Endless Battle Clause: Forcing endless battles is banned
|rule|HP Percentage Mod: HP is shown in percentages
|teampreview
|c|âSnickered|glhf
|
|start
|switch|p1a: The Truth|Forretress, F|354\/354
|switch|p2a: Azelf|Azelf|291\/291
|turn|1
|
|move|p2a: Azelf|Taunt|p1a: The Truth
|-start|p1a: The Truth|move: Taunt
|cant|p1a: The Truth|move: Taunt|Toxic
|
|turn|2
|
|move|p2a: Azelf|Stealth Rock|p1a: The Truth
|-sidestart|p1: ScottNakagawa|move: Stealth Rock
|move|p1a: The Truth|Counter|p2a: Azelf
|-fail|p2a: Azelf
|
|turn|3
|
|switch|p1a: white thing|Togekiss, M|374\/374
|-damage|p1a: white thing|281\/374|[from] Stealth Rock
|move|p2a: Azelf|Knock Off|p1a: white thing
|-resisted|p1a: white thing
|-damage|p1a: white thing|219\/374
|-enditem|p1a: white thing|Wide Lens|[from] move: Knock Off|[of] p2a: Azelf
|
|turn|4
|c|âSnickered|mm
|c|âSnickered|Hax city 
|
|move|p2a: Azelf|Taunt|p1a: white thing
|-start|p1a: white thing|move: Taunt
|cant|p1a: white thing|move: Taunt|Defog
|
|turn|5
|
|move|p2a: Azelf|Explosion|p1a: white thing
|-damage|p1a: white thing|0 fnt
|faint|p2a: Azelf
|faint|p1a: white thing
|
|
|switch|p2a: Heatran|Heatran, M|380\/380
|switch|p1a: The Truth|Forretress, F|354\/354
|-damage|p1a: The Truth|310\/354|[from] Stealth Rock
|turn|6
|
|switch|p1a: Your Mother|Carracosta, F|290\/290
|-damage|p1a: Your Mother|254\/290|[from] Stealth Rock
|move|p2a: Heatran|Lava Plume|p1a: Your Mother
|-resisted|p1a: Your Mother
|-damage|p1a: Your Mother|212\/290
|
|-heal|p1a: Your Mother|230\/290|[from] item: Leftovers
|turn|7
|
|switch|p2a: Rotom-Wash|Rotom-Wash|304\/304
|move|p1a: Your Mother|Shell Smash|p1a: Your Mother
|-boost|p1a: Your Mother|atk|2
|-boost|p1a: Your Mother|spa|2
|-boost|p1a: Your Mother|spe|2
|-unboost|p1a: Your Mother|def|1
|-unboost|p1a: Your Mother|spd|1
|
|-heal|p1a: Your Mother|248\/290|[from] item: Leftovers
|turn|8
|
|move|p1a: Your Mother|Stone Edge|p2a: Rotom-Wash
|-damage|p2a: Rotom-Wash|75\/304
|move|p2a: Rotom-Wash|Will-O-Wisp|p1a: Your Mother
|-status|p1a: Your Mother|brn
|
|-heal|p1a: Your Mother|266\/290 brn|[from] item: Leftovers
|-heal|p2a: Rotom-Wash|94\/304|[from] item: Leftovers
|-damage|p1a: Your Mother|230\/290 brn|[from] brn
|turn|9
|
|move|p1a: Your Mother|Stone Edge|p2a: Rotom-Wash|[miss]
|-miss|p1a: Your Mother|p2a: Rotom-Wash
|move|p2a: Rotom-Wash|Volt Switch|p1a: Your Mother
|-supereffective|p1a: Your Mother
|-damage|p1a: Your Mother|0 fnt
|faint|p1a: Your Mother
|
|switch|p2a: Garchomp|Garchomp, F|357\/357
|
|
|switch|p1a: God|Aerodactyl, F|302\/302
|-damage|p1a: God|227\/302|[from] Stealth Rock
|turn|10
|
|detailschange|p1a: God|Aerodactyl-Mega, F
|message|Aerodactyl has Mega Evolved into Mega Aerodactyl!
|move|p2a: Garchomp|Iron Head|p1a: God
|-supereffective|p1a: God
|-damage|p1a: God|0 fnt
|faint|p1a: God
|
|
|switch|p1a: The Truth|Forretress, F|310\/354
|-damage|p1a: The Truth|266\/354|[from] Stealth Rock
|turn|11
|
|switch|p2a: Heatran|Heatran, M|380\/380
|move|p1a: The Truth|Stealth Rock|p2a: Heatran
|-sidestart|p2: Snickered|move: Stealth Rock
|
|-heal|p1a: The Truth|288\/354|[from] item: Leftovers
|turn|12
|
|switch|p1a: useless|Electivire, F|292\/292
|-damage|p1a: useless|256\/292|[from] Stealth Rock
|move|p2a: Heatran|Lava Plume|p1a: useless
|-damage|p1a: useless|108\/292
|
|turn|13
|
|move|p1a: useless|Earthquake|p2a: Heatran
|-supereffective|p2a: Heatran
|-damage|p2a: Heatran|0 fnt
|faint|p2a: Heatran
|
|
|switch|p2a: Garchomp|Garchomp, F|357\/357
|-damage|p2a: Garchomp|335\/357|[from] Stealth Rock
|turn|14
|
|move|p2a: Garchomp|Fire Blast|p1a: useless
|-damage|p1a: useless|18\/292
|move|p1a: useless|Ice Punch|p2a: Garchomp
|-supereffective|p2a: Garchomp
|-damage|p2a: Garchomp|0 fnt
|-damage|p1a: useless|0 fnt|[from] ability: Rough Skin|[of] p2a: Garchomp
|faint|p1a: useless
|faint|p2a: Garchomp
|
|
|switch|p1a: Let me in|Victini|341\/341
|-damage|p1a: Let me in|256\/341|[from] Stealth Rock
|switch|p2a: Azumarill|Azumarill, F|404\/404
|-damage|p2a: Azumarill|354\/404|[from] Stealth Rock
|turn|15
|
|move|p1a: Let me in|Energy Ball|p2a: Azumarill
|-supereffective|p2a: Azumarill
|-damage|p2a: Azumarill|226\/404
|move|p2a: Azumarill|Waterfall|p1a: Let me in
|-supereffective|p1a: Let me in
|-damage|p1a: Let me in|0 fnt
|faint|p1a: Let me in
|
|-message|ScottNakagawa forfeited.
|
|win|Snickered
|raw|Ladder updating...
|leave|ScottNakagawa
|player|p1
|raw|ScottNakagawa's rating: 1372 &rarr; <strong>1352<\/strong><br \/>(-20 for losing)
|raw|Snickered's rating: 1378 &rarr; <strong>1398<\/strong><br \/>(+20 for winning)