|join|LT8J Gizmo $_$
|join|Snickered
|player|p1|LT8J Gizmo $_$|255
|player|p2|Snickered|34
|gametype|singles
|gen|6
|tier|OU
|rated
|clearpoke
|poke|p1|Skarmory, M, shiny
|poke|p1|Landorus-Therian, M, shiny
|poke|p1|Crawdaunt, M, shiny
|poke|p1|Manectric, M, shiny
|poke|p1|Latios, M, shiny
|poke|p1|Greninja, M, shiny
|poke|p2|Azumarill, M, shiny
|poke|p2|Azelf, shiny
|poke|p2|Rotom-Wash
|poke|p2|Garchomp, M
|poke|p2|Gardevoir, M, shiny
|poke|p2|Bisharp, M
|rule|Swagger Clause: Swagger is banned
|rule|Baton Pass Clause: Limit one PokÃ©mon knowing Baton Pass
|rule|Sleep Clause Mod: Limit one foe put to sleep
|rule|Species Clause: Limit one of each PokÃ©mon
|rule|OHKO Clause: OHKO moves are banned
|rule|Moody Clause: Moody is banned
|rule|Evasion Moves Clause: Evasion moves are banned
|rule|Endless Battle Clause: Forcing endless battles is banned
|rule|HP Percentage Mod: HP is shown in percentages
|teampreview
|c|âSnickered|glhf
|c|âLT8J Gizmo $_$|u2
|
|start
|switch|p1a: xtra$hine|Skarmory, M, shiny|334\/334
|switch|p2a: Azelf|Azelf, shiny|291\/291
|turn|1
|
|move|p2a: Azelf|Taunt|p1a: xtra$hine
|-start|p1a: xtra$hine|move: Taunt
|-enditem|p1a: xtra$hine|Mental Herb
|-end|p1a: xtra$hine|move: Taunt
|move|p1a: xtra$hine|Tailwind|p1a: xtra$hine
|-sidestart|p1: LT8J Gizmo $_$|move: Tailwind
|
|turn|2
|c|âSnickered|bruh
|
|move|p1a: xtra$hine|Taunt|p2a: Azelf
|-start|p2a: Azelf|move: Taunt
|cant|p2a: Azelf|move: Taunt|Stealth Rock
|
|turn|3
|c|âLT8J Gizmo $_$|BEEN WAITING SO LONG FOR THAT SHIT
|c|âLT8J Gizmo $_$|YOU DON'T EVEN KNOW
|c|âLT8J Gizmo $_$|I WAS WAITING TO SEE AN AZELF
|
|move|p1a: xtra$hine|Stealth Rock|p2a: Azelf
|-sidestart|p2: Snickered|move: Stealth Rock
|move|p2a: Azelf|Knock Off|p1a: xtra$hine
|-crit|p1a: xtra$hine
|-damage|p1a: xtra$hine|251\/334
|
|turn|4
|c|âLT8J Gizmo $_$|AHHH
|c|âSnickered|aha
|c|âSnickered|oh true
|c|âSnickered|no item
|
|switch|p2a: Rotom-Wash|Rotom-Wash|304\/304
|-damage|p2a: Rotom-Wash|266\/304|[from] Stealth Rock
|move|p1a: xtra$hine|Spikes|p2a: Rotom-Wash
|-sidestart|p2: Snickered|Spikes
|
|-heal|p2a: Rotom-Wash|285\/304|[from] item: Leftovers
|-sideend|p1: LT8J Gizmo $_$|move: Tailwind
|turn|5
|
|move|p1a: xtra$hine|Spikes|p2a: Rotom-Wash
|-sidestart|p2: Snickered|Spikes
|move|p2a: Rotom-Wash|Will-O-Wisp|p1a: xtra$hine
|-status|p1a: xtra$hine|brn
|
|-heal|p2a: Rotom-Wash|304\/304|[from] item: Leftovers
|-damage|p1a: xtra$hine|210\/334 brn|[from] brn
|turn|6
|
|move|p1a: xtra$hine|Tailwind|p1a: xtra$hine
|-sidestart|p1: LT8J Gizmo $_$|move: Tailwind
|move|p2a: Rotom-Wash|Thunderbolt|p1a: xtra$hine
|-supereffective|p1a: xtra$hine
|-damage|p1a: xtra$hine|0 fnt
|faint|p1a: xtra$hine
|
|
|switch|p1a: Latios|Latios, M, shiny|301\/301
|turn|7
|join|LT8A jake5
|join|haunter
|join|lt8a ox
|c|âSnickered|fuck you if you think im switch
|
|move|p1a: Latios|Thunderbolt|p2a: Rotom-Wash
|-damage|p2a: Rotom-Wash|178\/304
|-damage|p1a: Latios|271\/301|[from] item: Life Orb
|move|p2a: Rotom-Wash|Will-O-Wisp|p1a: Latios
|-status|p1a: Latios|brn
|
|-heal|p2a: Rotom-Wash|197\/304|[from] item: Leftovers
|-damage|p1a: Latios|234\/301 brn|[from] brn
|turn|8
|c|âLT8J Gizmo $_$|ok ok
|c|âLT8J Gizmo $_$|cool cool
|c|âLT8J Gizmo $_$|I'm gonna drop a draco on you tho
|c| LT8A jake5|prob is most teams are running a lati counter, shame
|
|move|p1a: Latios|Psyshock|p2a: Rotom-Wash
|-crit|p2a: Rotom-Wash
|-damage|p2a: Rotom-Wash|12\/304
|-damage|p1a: Latios|204\/301 brn|[from] item: Life Orb
|move|p2a: Rotom-Wash|Volt Switch|p1a: Latios
|-resisted|p1a: Latios
|-damage|p1a: Latios|161\/301 brn
|c| LT8A jake5|reveal da hp fighting
|c|âSnickered|welp
|c|âSnickered|hm
|
|switch|p2a: Azelf|Azelf, shiny|291\/291
|-damage|p2a: Azelf|255\/291|[from] Stealth Rock
|
|-damage|p1a: Latios|124\/301 brn|[from] brn
|turn|9
|c|âLT8J Gizmo $_$|explode
|c|âLT8J Gizmo $_$|go ahead
|c| LT8A jake5|he'll probs expode
|
|move|p1a: Latios|Draco Meteor|p2a: Azelf
|-damage|p2a: Azelf|0 fnt
|-unboost|p1a: Latios|spa|2
|-damage|p1a: Latios|94\/301 brn|[from] item: Life Orb
|faint|p2a: Azelf
|
|-damage|p1a: Latios|57\/301 brn|[from] brn
|-sideend|p1: LT8J Gizmo $_$|move: Tailwind
|c| LT8A jake5|or set up rox
|c|âSnickered|o:
|c| LT8A jake5|wut
|c|âLT8J Gizmo $_$|lol wtf
|c|âSnickered|wait wat
|c|âLT8J Gizmo $_$|TAILWIND
|c|âLT8J Gizmo $_$|BASED
|c|âSnickered|oh yeah
|c|âLT8J Gizmo $_$|LOL I FORGOT
|c|âSnickered|LOOL
|c| LT8A jake5|ah yeah
|c| LT8A jake5|ur using the hazrd stacking tailwind
|
|switch|p2a: Azumarill|Azumarill, M, shiny|404\/404
|-damage|p2a: Azumarill|337\/404|[from] Spikes
|-damage|p2a: Azumarill|287\/404|[from] Stealth Rock
|turn|10
|
|move|p2a: Azumarill|Aqua Jet|p1a: Latios
|-resisted|p1a: Latios
|-damage|p1a: Latios|6\/301 brn
|move|p1a: Latios|Thunderbolt|p2a: Azumarill
|-supereffective|p2a: Azumarill
|-damage|p2a: Azumarill|167\/404
|-damage|p1a: Latios|0 fnt|[from] item: Life Orb
|faint|p1a: Latios
|
|c|âSnickered|BRUH
|
|switch|p1a: Crawdaunt|Crawdaunt, M, shiny|267\/267
|turn|11
|
|switch|p2a: Rotom-Wash|Rotom-Wash|12\/304
|-damage|p2a: Rotom-Wash|0 fnt|[from] Stealth Rock
|faint|p2a: Rotom-Wash
|move|p1a: Crawdaunt|Crabhammer|p2: Rotom-Wash|[notarget]
|-notarget
|
|
|switch|p2a: Gardevoir|Gardevoir, M, shiny|278\/278
|-damage|p2a: Gardevoir|244\/278|[from] Stealth Rock
|-damage|p2a: Gardevoir|198\/278|[from] Spikes
|turn|12
|
|detailschange|p2a: Gardevoir|Gardevoir-Mega, M, shiny
|message|Gardevoir has Mega Evolved into Mega Gardevoir!
|move|p1a: Crawdaunt|Aqua Jet|p2a: Gardevoir
|-damage|p2a: Gardevoir|39\/278
|-damage|p1a: Crawdaunt|241\/267|[from] item: Life Orb
|move|p2a: Gardevoir|Hyper Voice|p1a: Crawdaunt
|-supereffective|p1a: Crawdaunt
|-damage|p1a: Crawdaunt|0 fnt
|faint|p1a: Crawdaunt
|
|
|switch|p1a: CLOUD KITTY|Landorus-Therian, M, shiny|319\/319
|-ability|p1a: CLOUD KITTY|Intimidate|[of] p2a: Gardevoir
|-unboost|p2a: Gardevoir|atk|1
|turn|13
|c| LT8A jake5|tracing adatpbailtiyop
|c| LT8A jake5|wait he don't run trace lel
|c| LT8A jake5|scarfed eq spammmmmmmm
|
|move|p1a: CLOUD KITTY|Earthquake|p2a: Gardevoir
|-damage|p2a: Gardevoir|0 fnt
|faint|p2a: Gardevoir
|
|
|switch|p2a: Azumarill|Azumarill, M, shiny|167\/404
|-damage|p2a: Azumarill|117\/404|[from] Stealth Rock
|-damage|p2a: Azumarill|50\/404|[from] Spikes
|turn|14
|c|âLT8J Gizmo $_$|a real man
|c|âLT8J Gizmo $_$|would predict my switch
|
|move|p2a: Azumarill|Aqua Jet|p1a: CLOUD KITTY
|-supereffective|p1a: CLOUD KITTY
|-damage|p1a: CLOUD KITTY|137\/319
|move|p1a: CLOUD KITTY|Earthquake|p2a: Azumarill
|-damage|p2a: Azumarill|0 fnt
|faint|p2a: Azumarill
|
|c|âSnickered|lmao
|join|Mistaken
|c| LT8A jake5|plays.com
|c|âSnickered|I'm not real
|
|switch|p2a: Garchomp|Garchomp, M|357\/357
|-damage|p2a: Garchomp|298\/357|[from] Spikes
|-damage|p2a: Garchomp|276\/357|[from] Stealth Rock
|turn|15
|c|âSnickered|welp
|c|âSnickered|thats game tbh
|c|âLT8J Gizmo $_$|well
|c|âLT8J Gizmo $_$|you have to click outrage don'tcha
|
|move|p2a: Garchomp|Outrage|p1a: CLOUD KITTY
|-damage|p1a: CLOUD KITTY|0 fnt
|faint|p1a: CLOUD KITTY
|
|join|Piexplode
|c|âLT8J Gizmo $_$|and my bulky ass manectric
|c|âLT8J Gizmo $_$|is gonna come through
|
|switch|p1a: Manectric|Manectric, M, shiny|281\/281
|turn|16
|c| Piexplode|magnet rise plz
|c| Piexplode|:]]]
|c| LT8A jake5|he's locked in zzzzzzz
|
|detailschange|p1a: Manectric|Manectric-Mega, M, shiny
|message|Manectric has Mega Evolved into Mega Manectric!
|-ability|p1a: Manectric|Intimidate|[of] p2a: Garchomp
|-unboost|p2a: Garchomp|atk|1
|move|p2a: Garchomp|Outrage|p1a: Manectric
|-damage|p1a: Manectric|119\/281
|move|p1a: Manectric|Hidden Power|p2a: Garchomp
|-supereffective|p2a: Garchomp
|-damage|p2a: Garchomp|0 fnt
|faint|p2a: Garchomp
|
|
|switch|p2a: Bisharp|Bisharp, M|272\/272
|-damage|p2a: Bisharp|255\/272|[from] Stealth Rock
|-damage|p2a: Bisharp|210\/272|[from] Spikes
|turn|17
|c|âLT8J Gizmo $_$|BULK
|c| LT8A jake5|eating it up
|c|âSnickered|lmao
|c|âSnickered|hmm
|c|âLT8J Gizmo $_$|I love skarm
|c|âLT8J Gizmo $_$|so much
|c|âLT8J Gizmo $_$|SO proud
|c| LT8A jake5|zz if you really love spike stacking thatmuch might as well  run lead endeavor scolipede
|
|move|p1a: Manectric|Flamethrower|p2a: Bisharp
|-crit|p2a: Bisharp
|-supereffective|p2a: Bisharp
|-damage|p2a: Bisharp|0 fnt
|faint|p2a: Bisharp
|
|win|LT8J Gizmo $_$
|raw|Ladder updating...
|raw|LT8J Gizmo $_$'s rating: 1638 &rarr; <strong>1655<\/strong><br \/>(+17 for winning)
|raw|Snickered's rating: 1592 &rarr; <strong>1575<\/strong><br \/>(-17 for losing)
|c|âLT8J Gizmo $_$|scoli can't set rocks.
|c|âSnickered|lmao
|c| LT8A jake5|wut
|c|âLT8J Gizmo $_$|!
|c|âSnickered|I was gonna
|c|âLT8J Gizmo $_$|sd?
|c|âSnickered|SD expecting switch
|c|âSnickered|YA LOL
|c|âLT8J Gizmo $_$|yeah
|c|âSnickered|I wanted to be real
|c| LT8A jake5|why would he switch zzzzzzz
|c|âSnickered|gg tho :)
|c| LT8A jake5|does he want to get swept
|c|âLT8J Gizmo $_$|gg man
|c| LT8A jake5|gg
|leave|LT8J Gizmo $_$
|player|p1
|leave|Snickered
|player|p2
|leave|haunter
|join|LT8J Gizmo $_$
|leave|LT8J Gizmo $_$
|join|LT8J Gizmo $_$