|join|snickered
|join|IfazChowdhury2
|player|p1|snickered|34
|player|p2|IfazChowdhury2|161
|gametype|singles
|gen|6
|tier|OU
|rated
|clearpoke
|poke|p1|Bisharp, F, shiny
|poke|p1|Keldeo-Resolute
|poke|p1|Landorus-Therian, M
|poke|p1|Gardevoir, F, shiny
|poke|p1|Rotom-Wash
|poke|p1|Scizor, F
|poke|p2|Skarmory, M
|poke|p2|Tyranitar, M
|poke|p2|Medicham, F
|poke|p2|Keldeo
|poke|p2|Garchomp, F
|poke|p2|Clefable, F
|rule|Swagger Clause: Swagger is banned
|rule|Baton Pass Clause: Limit one PokÃ©mon knowing Baton Pass
|rule|Sleep Clause Mod: Limit one foe put to sleep
|rule|Species Clause: Limit one of each PokÃ©mon
|rule|OHKO Clause: OHKO moves are banned
|rule|Moody Clause: Moody is banned
|rule|Evasion Moves Clause: Evasion moves are banned
|rule|Endless Battle Clause: Forcing endless battles is banned
|rule|HP Percentage Mod: HP is shown in percentages
|teampreview
|
|start
|switch|p1a: Rotom-Wash|Rotom-Wash|250\/250
|switch|p2a: Medicham|Medicham, F|262\/262
|turn|1
|
|detailschange|p2a: Medicham|Medicham-Mega, F
|message|Medicham has Mega Evolved into Mega Medicham!
|move|p2a: Medicham|Fake Out|p1a: Rotom-Wash
|-damage|p1a: Rotom-Wash|194\/250
|cant|p1a: Rotom-Wash|flinch
|
|-heal|p1a: Rotom-Wash|209\/250|[from] item: Leftovers
|turn|2
|
|move|p2a: Medicham|Ice Punch|p1a: Rotom-Wash
|-crit|p1a: Rotom-Wash
|-resisted|p1a: Rotom-Wash
|-damage|p1a: Rotom-Wash|126\/250
|move|p1a: Rotom-Wash|Will-O-Wisp|p2a: Medicham
|-status|p2a: Medicham|brn
|
|-heal|p1a: Rotom-Wash|141\/250|[from] item: Leftovers
|-damage|p2a: Medicham|230\/262 brn|[from] brn
|turn|3
|c|âsnickered|yum
|c|âIfazChowdhury2|expected lando t
|
|move|p2a: Medicham|High Jump Kick|p1a: Rotom-Wash
|-damage|p1a: Rotom-Wash|6\/250
|move|p1a: Rotom-Wash|Pain Split|p2a: Medicham
|-sethp|p2a: Medicham|118\/262 brn|p1a: Rotom-Wash|118\/250|[from] move: Pain Split
|
|-heal|p1a: Rotom-Wash|133\/250|[from] item: Leftovers
|-damage|p2a: Medicham|86\/262 brn|[from] brn
|turn|4
|c|âsnickered|everyone does :p
|
|move|p2a: Medicham|High Jump Kick|p1a: Rotom-Wash
|-damage|p1a: Rotom-Wash|0 fnt
|faint|p1a: Rotom-Wash
|
|-damage|p2a: Medicham|54\/262 brn|[from] brn
|
|switch|p1a: Scizor|Scizor, F|281\/281
|turn|5
|
|move|p2a: Medicham|High Jump Kick|p1a: Scizor
|-damage|p1a: Scizor|68\/281
|move|p1a: Scizor|U-turn|p2a: Medicham
|-damage|p2a: Medicham|0 fnt
|faint|p2a: Medicham
|c|âsnickered|mm
|c|âIfazChowdhury2|lol still did decent tbh
|c|âsnickered|medi has like
|c|âsnickered|600 att
|c|âIfazChowdhury2|xD
|c|âsnickered|im not suprised lol
|
|switch|p1a: Landorus-Therian|Landorus-Therian, M|320\/320
|
|c|âsnickered|hmm.
|c|âsnickered|do i need rocks
|c|âsnickered|probs not
|
|switch|p2a: Skarmory|Skarmory, M|334\/334
|turn|6
|
|move|p1a: Landorus-Therian|Stealth Rock|p2a: Skarmory
|-sidestart|p2: IfazChowdhury2|move: Stealth Rock
|move|p2a: Skarmory|Stealth Rock|p1a: Landorus-Therian
|-sidestart|p1: snickered|move: Stealth Rock
|
|turn|7
|
|move|p1a: Landorus-Therian|Rock Slide|p2a: Skarmory
|-damage|p2a: Skarmory|278\/334
|move|p2a: Skarmory|Defog|p1a: Landorus-Therian
|-unboost|p1a: Landorus-Therian|evasion|1
|-sideend|p1: snickered|Stealth Rock|[from] move: Defog|[of] p1a: Landorus-Therian
|-sideend|p2: IfazChowdhury2|Stealth Rock|[from] move: Defog|[of] p2a: Skarmory
|
|turn|8
|c|âsnickered|fun
|c|âIfazChowdhury2|xD
|
|move|p1a: Landorus-Therian|Stealth Rock|p2a: Skarmory
|-sidestart|p2: IfazChowdhury2|move: Stealth Rock
|move|p2a: Skarmory|Roost|p2a: Skarmory
|-heal|p2a: Skarmory|334\/334
|
|turn|9
|
|switch|p1a: Bisharp|Bisharp, F, shiny|271\/271
|switch|p2a: Keldeo|Keldeo|324\/324
|-damage|p2a: Keldeo|304\/324|[from] Stealth Rock
|
|turn|10
|c|âsnickered|ah shit
|c|âIfazChowdhury2|not that easy :P
|c|âsnickered|time to play pick a sack .-.
|
|switch|p1a: Scizor|Scizor, F|68\/281
|move|p2a: Keldeo|Hydro Pump|p1a: Scizor
|-damage|p1a: Scizor|0 fnt
|-damage|p2a: Keldeo|272\/324|[from] item: Life Orb
|faint|p1a: Scizor
|
|
|switch|p1a: Keldeo-Resolute|Keldeo-Resolute|322\/322
|turn|11
|c|âIfazChowdhury2|pick a sack huh?
|c|âIfazChowdhury2|fun game xD
|c|âIfazChowdhury2|my turn xD
|
|switch|p2a: Skarmory|Skarmory, M|334\/334
|-damage|p2a: Skarmory|293\/334|[from] Stealth Rock
|move|p1a: Keldeo-Resolute|Hidden Power|p2a: Skarmory
|-resisted|p2a: Skarmory
|-damage|p2a: Skarmory|245\/334
|
|turn|12
|
|move|p1a: Keldeo-Resolute|Scald|p2a: Skarmory
|-damage|p2a: Skarmory|65\/334
|-status|p2a: Skarmory|brn
|move|p2a: Skarmory|Brave Bird|p1a: Keldeo-Resolute
|-supereffective|p1a: Keldeo-Resolute
|-damage|p1a: Keldeo-Resolute|190\/322
|-damage|p2a: Skarmory|21\/334 brn|[from] recoil|[of] p1a: Keldeo-Resolute
|
|-damage|p2a: Skarmory|0 fnt|[from] brn
|faint|p2a: Skarmory
|c|âIfazChowdhury2|DAMMIT BURN xD
|
|switch|p2a: Clefable|Clefable, F|394\/394
|turn|13
|
|switch|p1a: Landorus-Therian|Landorus-Therian, M|320\/320
|-ability|p1a: Landorus-Therian|Intimidate|[of] p2a: Clefable
|-unboost|p2a: Clefable|atk|1
|move|p2a: Clefable|Calm Mind|p2a: Clefable
|-boost|p2a: Clefable|spa|1
|-boost|p2a: Clefable|spd|1
|
|turn|14
|
|move|p1a: Landorus-Therian|Earthquake|p2a: Clefable
|-damage|p2a: Clefable|195\/394
|move|p2a: Clefable|Calm Mind|p2a: Clefable
|-boost|p2a: Clefable|spa|1
|-boost|p2a: Clefable|spd|1
|
|-heal|p2a: Clefable|219\/394|[from] item: Leftovers
|turn|15
|
|move|p1a: Landorus-Therian|Earthquake|p2a: Clefable
|-crit|p2a: Clefable
|-damage|p2a: Clefable|0 fnt
|faint|p2a: Clefable
|
|c|âsnickered|it was a roll
|c|âsnickered|the first roll was hella low
|c|âIfazChowdhury2|Sure.... "roll"
|c|âsnickered|im earth plate lol
|c|âIfazChowdhury2|lol its okay, I'm cool
|c|âsnickered|my eqs do 60%
|c|âIfazChowdhury2|Not some kinda poopyhead that'll claim hax 
|
|switch|p2a: Keldeo|Keldeo|272\/324
|-damage|p2a: Keldeo|252\/324|[from] Stealth Rock
|turn|16
|
|move|p2a: Keldeo|Icy Wind|p1a: Landorus-Therian
|-supereffective|p1a: Landorus-Therian
|-damage|p1a: Landorus-Therian|0 fnt
|-damage|p2a: Keldeo|220\/324|[from] item: Life Orb
|faint|p1a: Landorus-Therian
|
|
|switch|p1a: Keldeo-Resolute|Keldeo-Resolute|190\/322
|turn|17
|
|move|p1a: Keldeo-Resolute|Hidden Power|p2a: Keldeo
|-supereffective|p2a: Keldeo
|-damage|p2a: Keldeo|23\/324
|move|p2a: Keldeo|Icy Wind|p1a: Keldeo-Resolute
|-resisted|p1a: Keldeo-Resolute
|-damage|p1a: Keldeo-Resolute|142\/322
|-unboost|p1a: Keldeo-Resolute|spe|1
|-damage|p2a: Keldeo|0 fnt|[from] item: Life Orb
|faint|p2a: Keldeo
|
|
|switch|p2a: Tyranitar|Tyranitar, M|404\/404
|-damage|p2a: Tyranitar|354\/404|[from] Stealth Rock
|-weather|Sandstorm
|turn|18
|
|move|p1a: Keldeo-Resolute|Secret Sword|p2a: Tyranitar
|-supereffective|p2a: Tyranitar
|-damage|p2a: Tyranitar|0 fnt
|faint|p2a: Tyranitar
|
|-weather|Sandstorm|[upkeep]
|-damage|p1a: Keldeo-Resolute|122\/322|[from] sandstorm
|c|âIfazChowdhury2|STILL FASTER D:
|
|switch|p2a: Garchomp|Garchomp, F|358\/358
|-damage|p2a: Garchomp|336\/358|[from] Stealth Rock
|turn|19
|
|switch|p1a: Bisharp|Bisharp, F, shiny|271\/271
|move|p2a: Garchomp|Earthquake|p1a: Bisharp
|-supereffective|p1a: Bisharp
|-damage|p1a: Bisharp|0 fnt
|faint|p1a: Bisharp
|
|-weather|Sandstorm|[upkeep]
|
|switch|p1a: Keldeo-Resolute|Keldeo-Resolute|122\/322
|turn|20
|
|move|p2a: Garchomp|Earthquake|p1a: Keldeo-Resolute
|-damage|p1a: Keldeo-Resolute|0 fnt
|faint|p1a: Keldeo-Resolute
|
|-weather|Sandstorm|[upkeep]
|c|âsnickered|SHIT
|
|switch|p1a: Gardevoir|Gardevoir, F, shiny|277\/277
|turn|21
|c|âsnickered|live GARDE PLS
|c|âIfazChowdhury2|Sand Veil
|c|âsnickered|SHIT
|c|âIfazChowdhury2|Will your Garde hit?
|c|âsnickered|LIVE FAM LIVe
|
|detailschange|p1a: Gardevoir|Gardevoir-Mega, F, shiny
|message|Gardevoir has Mega Evolved into Mega Gardevoir!
|move|p2a: Garchomp|Earthquake|p1a: Gardevoir
|-damage|p1a: Gardevoir|22\/277
|move|p1a: Gardevoir|Hyper Voice|p2a: Garchomp
|-supereffective|p2a: Garchomp
|-damage|p2a: Garchomp|0 fnt
|faint|p2a: Garchomp
|
|win|snickered
|raw|Ladder updating...
|raw|snickered's rating: 1598 &rarr; <strong>1617<\/strong><br \/>(+19 for winning)
|raw|IfazChowdhury2's rating: 1575 &rarr; <strong>1556<\/strong><br \/>(-19 for losing)
|c|âsnickered|AYYY
|c|âIfazChowdhury2|WOAH
|c|âsnickered|MEGA GARDE IS MY MASCOT FOR A REASON AYY
|c|âIfazChowdhury2|gg man :)
|c|âsnickered|gg to you too :)