|join|Rago8203
|join|Snickered
|player|p1|Rago8203|266
|player|p2|Snickered|136
|gametype|singles
|gen|6
|tier|OU
|clearpoke
|poke|p1|Talonflame, M, shiny
|poke|p1|Latios, M, shiny
|poke|p1|Keldeo-Resolute, shiny
|poke|p1|Azumarill, M
|poke|p1|Manectric, M, shiny
|poke|p1|Smeargle, M, shiny
|poke|p2|Medicham, F
|poke|p2|Garchomp, M
|poke|p2|Gengar, M
|poke|p2|Infernape, F
|poke|p2|Rotom-Wash
|poke|p2|Togekiss, F
|rule|Swagger Clause: Swagger is banned
|rule|Baton Pass Clause: Limit one PokÃ©mon knowing Baton Pass
|rule|Sleep Clause Mod: Limit one foe put to sleep
|rule|Species Clause: Limit one of each PokÃ©mon
|rule|OHKO Clause: OHKO moves are banned
|rule|Moody Clause: Moody is banned
|rule|Evasion Moves Clause: Evasion moves are banned
|rule|Endless Battle Clause: Forcing endless battles is banned
|rule|HP Percentage Mod: HP is shown in percentages
|teampreview
|c|âSnickered|this is my og team
|c|âRago8203|this is my new team
|
|start
|switch|p1a: Smeargle|Smeargle, M, shiny|314\/314
|switch|p2a: OP in OU|Medicham, F|261\/261
|turn|1
|c|âRago8203|of course
|c|âSnickered|mm
|
|switch|p1a: Azumarill|Azumarill, M|404\/404
|detailschange|p2a: OP in OU|Medicham-Mega, F
|message|Medicham has Mega Evolved into Mega Medicham!
|move|p2a: OP in OU|Fake Out|p1a: Azumarill
|-damage|p1a: Azumarill|309\/404
|
|turn|2
|
|move|p1a: Azumarill|Aqua Jet|p2a: OP in OU
|-damage|p2a: OP in OU|119\/261
|move|p2a: OP in OU|Thunder Punch|p1a: Azumarill
|-supereffective|p1a: Azumarill
|-damage|p1a: Azumarill|0 fnt
|faint|p1a: Azumarill
|
|c|âSnickered|banded?
|c|âRago8203|of course
|
|switch|p1a: Talonflame|Talonflame, M, shiny|360\/360
|turn|3
|c|âSnickered|very nice
|
|switch|p2a: Infernape|Infernape, F|293\/293
|move|p1a: Talonflame|Brave Bird|p2a: Infernape
|-supereffective|p2a: Infernape
|-enditem|p2a: Infernape|Focus Sash
|-damage|p2a: Infernape|1\/293
|-damage|p1a: Talonflame|264\/360|[from] recoil|[of] p2a: Infernape
|
|-heal|p1a: Talonflame|286\/360|[from] item: Leftovers
|turn|4
|
|move|p1a: Talonflame|Brave Bird|p2a: Infernape
|-supereffective|p2a: Infernape
|-damage|p2a: Infernape|0 fnt
|-damage|p1a: Talonflame|285\/360|[from] recoil|[of] p2a: Infernape
|faint|p2a: Infernape
|
|-heal|p1a: Talonflame|307\/360|[from] item: Leftovers
|
|switch|p2a: Rotom-Wash|Rotom-Wash|304\/304
|turn|5
|
|switch|p1a: Manectric|Manectric, M, shiny|281\/281
|move|p2a: Rotom-Wash|Hydro Pump|p1a: Manectric|[miss]
|-miss|p2a: Rotom-Wash|p1a: Manectric
|
|turn|6
|c|âSnickered|ty based rotom
|
|detailschange|p1a: Manectric|Manectric-Mega, M, shiny
|message|Manectric has Mega Evolved into Mega Manectric!
|-ability|p1a: Manectric|Intimidate|[of] p2a: Rotom-Wash
|-unboost|p2a: Rotom-Wash|atk|1
|move|p2a: Rotom-Wash|Protect|p2a: Rotom-Wash
|-singleturn|p2a: Rotom-Wash|Protect
|move|p1a: Manectric|Thunderbolt|p2a: Rotom-Wash
|-activate|p2a: Rotom-Wash|Protect
|
|turn|7
|
|switch|p2a: Cynthia's Sex Toy|Garchomp, M|358\/358
|move|p1a: Manectric|Hidden Power|p2a: Cynthia's Sex Toy
|-supereffective|p2a: Cynthia's Sex Toy
|-damage|p2a: Cynthia's Sex Toy|2\/358
|
|turn|8
|c|âSnickered|DAMn
|c|âSnickered|I've NEver lived one of those LOL
|c|âRago8203|i knew it
|
|move|p2a: Cynthia's Sex Toy|Outrage|p1a: Manectric
|-damage|p1a: Manectric|16\/281
|move|p1a: Manectric|Hidden Power|p2a: Cynthia's Sex Toy
|-supereffective|p2a: Cynthia's Sex Toy
|-damage|p2a: Cynthia's Sex Toy|0 fnt
|faint|p2a: Cynthia's Sex Toy
|
|
|switch|p2a: Togekiss|Togekiss, F|312\/312
|turn|9
|
|move|p2a: Togekiss|Dazzling Gleam|p1a: Manectric
|-damage|p1a: Manectric|0 fnt
|faint|p1a: Manectric
|
|
|switch|p1a: Smeargle|Smeargle, M, shiny|314\/314
|turn|10
|
|move|p2a: Togekiss|Dazzling Gleam|p1a: Smeargle
|-damage|p1a: Smeargle|65\/314
|move|p1a: Smeargle|Spore|p2a: Togekiss
|-status|p2a: Togekiss|slp
|
|turn|11
|
|switch|p2a: OP in OU|Medicham-Mega, F|119\/261
|move|p1a: Smeargle|Sticky Web|p2a: OP in OU
|-sidestart|p2: Snickered|move: Sticky Web
|
|turn|12
|
|switch|p1a: Talonflame|Talonflame, M, shiny|307\/360
|move|p2a: OP in OU|Thunder Punch|p1a: Talonflame
|-supereffective|p1a: Talonflame
|-damage|p1a: Talonflame|0 fnt
|faint|p1a: Talonflame
|
|
|switch|p1a: Latios|Latios, M, shiny|302\/302
|turn|13
|
|switch|p2a: Togekiss|Togekiss, F|312\/312 slp
|move|p1a: Latios|Psyshock|p2a: Togekiss
|-damage|p2a: Togekiss|78\/312 slp
|
|turn|14
|
|cant|p2a: Togekiss|slp
|move|p1a: Latios|Psyshock|p2a: Togekiss
|-damage|p2a: Togekiss|0 fnt
|faint|p2a: Togekiss
|
|
|switch|p2a: Gengar|Gengar, M|262\/262
|turn|15
|
|move|p2a: Gengar|Dazzling Gleam|p1a: Latios
|-supereffective|p1a: Latios
|-damage|p1a: Latios|78\/302
|-damage|p2a: Gengar|236\/262|[from] item: Life Orb
|move|p1a: Latios|Psyshock|p2a: Gengar
|-supereffective|p2a: Gengar
|-damage|p2a: Gengar|0 fnt
|faint|p2a: Gengar
|
|
|switch|p2a: Rotom-Wash|Rotom-Wash|304\/304
|turn|16
|
|switch|p1a: Smeargle|Smeargle, M, shiny|65\/314
|move|p2a: Rotom-Wash|Volt Switch|p1a: Smeargle
|-damage|p1a: Smeargle|0 fnt
|faint|p1a: Smeargle
|
|switch|p2a: OP in OU|Medicham-Mega, F|119\/261
|-activate|p2a: OP in OU|move: Sticky Web
|-unboost|p2a: OP in OU|spe|1
|
|
|switch|p1a: Keldeo-Resolute|Keldeo-Resolute, shiny|323\/323
|turn|17
|
|move|p2a: OP in OU|Fake Out|p1a: Keldeo-Resolute
|-damage|p1a: Keldeo-Resolute|238\/323
|cant|p1a: Keldeo-Resolute|flinch
|
|turn|18
|
|move|p1a: Keldeo-Resolute|Hidden Power|p2a: OP in OU
|-damage|p2a: OP in OU|0 fnt
|faint|p2a: OP in OU
|
|c|âSnickered|gg 
|
|switch|p2a: Rotom-Wash|Rotom-Wash|304\/304
|turn|19
|c|âRago8203|gg
|
|move|p1a: Keldeo-Resolute|Hidden Power|p2a: Rotom-Wash
|-supereffective|p2a: Rotom-Wash
|-damage|p2a: Rotom-Wash|160\/304
|move|p2a: Rotom-Wash|Hydro Pump|p1a: Keldeo-Resolute
|-resisted|p1a: Keldeo-Resolute
|-damage|p1a: Keldeo-Resolute|169\/323
|
|-heal|p2a: Rotom-Wash|179\/304|[from] item: Leftovers
|turn|20
|
|move|p1a: Keldeo-Resolute|Hidden Power|p2a: Rotom-Wash
|-supereffective|p2a: Rotom-Wash
|-damage|p2a: Rotom-Wash|41\/304
|move|p2a: Rotom-Wash|Volt Switch|p1a: Keldeo-Resolute
|-supereffective|p1a: Keldeo-Resolute
|-damage|p1a: Keldeo-Resolute|0 fnt
|faint|p1a: Keldeo-Resolute
|
|-heal|p2a: Rotom-Wash|60\/304|[from] item: Leftovers
|
|switch|p1a: Latios|Latios, M, shiny|78\/302
|turn|21
|c|âSnickered|go for draco :o
|
|move|p1a: Latios|Thunderbolt|p2a: Rotom-Wash
|-damage|p2a: Rotom-Wash|0 fnt
|faint|p2a: Rotom-Wash
|
|win|Rago8203
|c|âSnickered|you're not realll
|c|âSnickered|lmao good battle
|leave|Snickered
|player|p2