|join|Snickered
|join|n0t my kan0n
|player|p1|Snickered|34
|player|p2|n0t my kan0n|23
|gametype|singles
|gen|6
|tier|OU
|rated
|clearpoke
|poke|p1|Diancie
|poke|p1|Landorus-Therian, M
|poke|p1|Greninja, F
|poke|p1|Rotom-Wash
|poke|p1|Talonflame, F
|poke|p1|Mamoswine, M
|poke|p2|Ferrothorn, M
|poke|p2|Milotic, M
|poke|p2|Beedrill, M
|poke|p2|Donphan, F
|poke|p2|Heatran, F
|poke|p2|Tyranitar, M
|rule|Swagger Clause: Swagger is banned
|rule|Baton Pass Clause: Limit one PokÃ©mon knowing Baton Pass
|rule|Sleep Clause Mod: Limit one foe put to sleep
|rule|Species Clause: Limit one of each PokÃ©mon
|rule|OHKO Clause: OHKO moves are banned
|rule|Moody Clause: Moody is banned
|rule|Evasion Moves Clause: Evasion moves are banned
|rule|Endless Battle Clause: Forcing endless battles is banned
|rule|HP Percentage Mod: HP is shown in percentages
|teampreview
|
|start
|switch|p1a: Mamoswine|Mamoswine, M|361\/361
|switch|p2a: Ferrothorn|Ferrothorn, M|352\/352
|turn|1
|
|move|p1a: Mamoswine|Stealth Rock|p2a: Ferrothorn
|-sidestart|p2: n0t my kan0n|move: Stealth Rock
|move|p2a: Ferrothorn|Stealth Rock|p1a: Mamoswine
|-sidestart|p1: Snickered|move: Stealth Rock
|
|turn|2
|
|move|p1a: Mamoswine|Earthquake|p2a: Ferrothorn
|-damage|p2a: Ferrothorn|186\/352
|move|p2a: Ferrothorn|Leech Seed|p1a: Mamoswine
|-start|p1a: Mamoswine|move: Leech Seed
|
|-heal|p2a: Ferrothorn|208\/352|[from] item: Leftovers
|-damage|p1a: Mamoswine|316\/361|[from] Leech Seed|[of] p2a: Ferrothorn
|-heal|p2a: Ferrothorn|253\/352|[silent]
|turn|3
|
|switch|p2a: Donphan|Donphan, F|384\/384
|-damage|p2a: Donphan|360\/384|[from] Stealth Rock
|move|p1a: Mamoswine|Earthquake|p2a: Donphan
|-damage|p2a: Donphan|179\/384
|
|-heal|p2a: Donphan|203\/384|[from] item: Leftovers
|-damage|p1a: Mamoswine|271\/361|[from] Leech Seed|[of] p2a: Donphan
|-heal|p2a: Donphan|248\/384|[silent]
|turn|4
|
|switch|p1a: Greninja|Greninja, F|285\/285
|-damage|p1a: Greninja|250\/285|[from] Stealth Rock
|move|p2a: Donphan|Rapid Spin|p1a: Greninja
|-damage|p1a: Greninja|212\/285
|-sideend|p2: n0t my kan0n|Stealth Rock|[from] move: Rapid Spin|[of] p2a: Donphan
|
|-heal|p2a: Donphan|272\/384|[from] item: Leftovers
|turn|5
|
|switch|p2a: Ferrothorn|Ferrothorn, M|253\/352
|move|p1a: Greninja|Ice Beam|p2a: Ferrothorn
|-start|p1a: Greninja|typechange|Ice|[from] Protean
|-damage|p2a: Ferrothorn|139\/352
|-damage|p1a: Greninja|184\/285|[from] item: Life Orb
|
|-heal|p2a: Ferrothorn|161\/352|[from] item: Leftovers
|turn|6
|
|move|p2a: Ferrothorn|Protect|p2a: Ferrothorn
|-singleturn|p2a: Ferrothorn|Protect
|move|p1a: Greninja|Low Kick|p2a: Ferrothorn
|-start|p1a: Greninja|typechange|Fighting|[from] Protean
|-activate|p2a: Ferrothorn|Protect
|
|-heal|p2a: Ferrothorn|183\/352|[from] item: Leftovers
|turn|7
|
|switch|p2a: Beedrill|Beedrill, M|272\/272
|move|p1a: Greninja|Low Kick|p2a: Beedrill
|-resisted|p2a: Beedrill
|-damage|p2a: Beedrill|225\/272
|-damage|p1a: Greninja|156\/285|[from] item: Life Orb
|
|turn|8
|
|detailschange|p2a: Beedrill|Beedrill-Mega, M
|message|Beedrill has Mega Evolved into Mega Beedrill!
|move|p2a: Beedrill|Protect|p2a: Beedrill
|-singleturn|p2a: Beedrill|Protect
|move|p1a: Greninja|Ice Beam|p2a: Beedrill
|-start|p1a: Greninja|typechange|Ice|[from] Protean
|-activate|p2a: Beedrill|Protect
|
|turn|9
|
|switch|p1a: Landorus-Therian|Landorus-Therian, M|320\/320
|-damage|p1a: Landorus-Therian|280\/320|[from] Stealth Rock
|-ability|p1a: Landorus-Therian|Intimidate|[of] p2a: Beedrill
|-unboost|p2a: Beedrill|atk|1
|move|p2a: Beedrill|U-turn|p1a: Landorus-Therian
|-resisted|p1a: Landorus-Therian
|-damage|p1a: Landorus-Therian|215\/320
|
|switch|p2a: Donphan|Donphan, F|272\/384
|
|-heal|p2a: Donphan|296\/384|[from] item: Leftovers
|turn|10
|
|move|p2a: Donphan|Ice Shard|p1a: Landorus-Therian
|-supereffective|p1a: Landorus-Therian
|-damage|p1a: Landorus-Therian|0 fnt
|faint|p1a: Landorus-Therian
|
|-heal|p2a: Donphan|320\/384|[from] item: Leftovers
|
|switch|p1a: Rotom-Wash|Rotom-Wash|304\/304
|-damage|p1a: Rotom-Wash|266\/304|[from] Stealth Rock
|turn|11
|
|move|p1a: Rotom-Wash|Will-O-Wisp|p2a: Donphan
|-status|p2a: Donphan|brn
|move|p2a: Donphan|Knock Off|p1a: Rotom-Wash
|-damage|p1a: Rotom-Wash|223\/304
|-enditem|p1a: Rotom-Wash|Leftovers|[from] move: Knock Off|[of] p2a: Donphan
|
|-heal|p2a: Donphan|344\/384 brn|[from] item: Leftovers
|-damage|p2a: Donphan|296\/384 brn|[from] brn
|turn|12
|
|switch|p2a: Ferrothorn|Ferrothorn, M|183\/352
|move|p1a: Rotom-Wash|Hydro Pump|p2a: Ferrothorn
|-resisted|p2a: Ferrothorn
|-damage|p2a: Ferrothorn|138\/352
|
|-heal|p2a: Ferrothorn|160\/352|[from] item: Leftovers
|turn|13
|
|move|p1a: Rotom-Wash|Volt Switch|p2a: Ferrothorn
|-resisted|p2a: Ferrothorn
|-damage|p2a: Ferrothorn|133\/352
|
|switch|p1a: Mamoswine|Mamoswine, M|271\/361
|-damage|p1a: Mamoswine|226\/361|[from] Stealth Rock
|move|p2a: Ferrothorn|Leech Seed|p1a: Mamoswine
|-start|p1a: Mamoswine|move: Leech Seed
|
|-heal|p2a: Ferrothorn|155\/352|[from] item: Leftovers
|-damage|p1a: Mamoswine|181\/361|[from] Leech Seed|[of] p2a: Ferrothorn
|-heal|p2a: Ferrothorn|200\/352|[silent]
|turn|14
|
|switch|p2a: Donphan|Donphan, F|296\/384 brn
|move|p1a: Mamoswine|Stealth Rock|p2a: Donphan
|-sidestart|p2: n0t my kan0n|move: Stealth Rock
|
|-heal|p2a: Donphan|320\/384 brn|[from] item: Leftovers
|-damage|p1a: Mamoswine|136\/361|[from] Leech Seed|[of] p2a: Donphan
|-heal|p2a: Donphan|365\/384 brn|[silent]
|-damage|p2a: Donphan|317\/384 brn|[from] brn
|turn|15
|
|move|p1a: Mamoswine|Knock Off|p2a: Donphan
|-damage|p2a: Donphan|203\/384 brn
|-enditem|p2a: Donphan|Leftovers|[from] move: Knock Off|[of] p1a: Mamoswine
|move|p2a: Donphan|Rapid Spin|p1a: Mamoswine
|-damage|p1a: Mamoswine|121\/361
|-sideend|p2: n0t my kan0n|Stealth Rock|[from] move: Rapid Spin|[of] p2a: Donphan
|
|-damage|p1a: Mamoswine|76\/361|[from] Leech Seed|[of] p2a: Donphan
|-heal|p2a: Donphan|248\/384 brn|[silent]
|-damage|p2a: Donphan|200\/384 brn|[from] brn
|turn|16
|
|move|p1a: Mamoswine|Stealth Rock|p2a: Donphan
|-sidestart|p2: n0t my kan0n|move: Stealth Rock
|move|p2a: Donphan|Rapid Spin|p1a: Mamoswine
|-damage|p1a: Mamoswine|61\/361
|-sideend|p2: n0t my kan0n|Stealth Rock|[from] move: Rapid Spin|[of] p2a: Donphan
|
|-damage|p1a: Mamoswine|16\/361|[from] Leech Seed|[of] p2a: Donphan
|-heal|p2a: Donphan|245\/384 brn|[silent]
|-damage|p2a: Donphan|197\/384 brn|[from] brn
|turn|17
|
|move|p2a: Donphan|Ice Shard|p1a: Mamoswine
|-damage|p1a: Mamoswine|0 fnt
|faint|p1a: Mamoswine
|
|-damage|p2a: Donphan|149\/384 brn|[from] brn
|
|switch|p1a: Diancie|Diancie|241\/241
|-damage|p1a: Diancie|211\/241|[from] Stealth Rock
|turn|18
|
|detailschange|p1a: Diancie|Diancie-Mega
|message|Diancie has Mega Evolved into Mega Diancie!
|move|p1a: Diancie|Moonblast|p2a: Donphan
|-damage|p2a: Donphan|0 fnt
|faint|p2a: Donphan
|
|
|switch|p2a: Ferrothorn|Ferrothorn, M|200\/352
|turn|19
|
|move|p1a: Diancie|Earth Power|p2a: Ferrothorn
|-damage|p2a: Ferrothorn|113\/352
|move|p2a: Ferrothorn|Gyro Ball|p1a: Diancie
|-supereffective|p1a: Diancie
|-damage|p1a: Diancie|0 fnt
|faint|p1a: Diancie
|
|-heal|p2a: Ferrothorn|135\/352|[from] item: Leftovers
|
|switch|p1a: Talonflame|Talonflame, F|298\/298
|-damage|p1a: Talonflame|149\/298|[from] Stealth Rock
|turn|20
|
|switch|p2a: Tyranitar|Tyranitar, M|404\/404
|-weather|Sandstorm
|move|p1a: Talonflame|Roost|p1a: Talonflame
|-heal|p1a: Talonflame|298\/298
|
|-weather|Sandstorm|[upkeep]
|-damage|p1a: Talonflame|280\/298|[from] sandstorm
|turn|21
|
|move|p1a: Talonflame|Brave Bird|p2a: Tyranitar
|-resisted|p2a: Tyranitar
|-damage|p2a: Tyranitar|314\/404
|-damage|p1a: Talonflame|250\/298|[from] recoil|[of] p2a: Tyranitar
|-damage|p1a: Talonflame|221\/298|[from] item: Life Orb
|move|p2a: Tyranitar|Pursuit|p1a: Talonflame
|-damage|p1a: Talonflame|116\/298
|
|-weather|Sandstorm|[upkeep]
|-damage|p1a: Talonflame|98\/298|[from] sandstorm
|-heal|p2a: Tyranitar|339\/404|[from] item: Leftovers
|turn|22
|leave|Snickered
|player|p1
|-message|snickered lost due to inactivity.
|
|win|n0t my kan0n
|raw|Ladder updating...
|raw|Snickered's rating: 1486 &rarr; <strong>1462<\/strong><br \/>(-24 for losing)
|raw|n0t my kan0n's rating: 1402 &rarr; <strong>1427<\/strong><br \/>(+25 for winning)