|join|Brothaoptions
|join|Snickered
|player|p1|Brothaoptions|283
|player|p2|Snickered|34
|gametype|singles
|gen|6
|tier|OU
|rated
|clearpoke
|poke|p1|Goodra, F, shiny
|poke|p1|Gardevoir, M
|poke|p1|Azumarill, M
|poke|p1|Registeel
|poke|p1|Gengar, F
|poke|p1|Mamoswine, M
|poke|p2|Gallade, M
|poke|p2|Ferrothorn, M
|poke|p2|Thundurus, M
|poke|p2|Slowbro, F
|poke|p2|Azelf
|poke|p2|Excadrill, F
|rule|Swagger Clause: Swagger is banned
|rule|Baton Pass Clause: Limit one PokÃ©mon knowing Baton Pass
|rule|Sleep Clause Mod: Limit one foe put to sleep
|rule|Species Clause: Limit one of each PokÃ©mon
|rule|OHKO Clause: OHKO moves are banned
|rule|Moody Clause: Moody is banned
|rule|Evasion Moves Clause: Evasion moves are banned
|rule|Endless Battle Clause: Forcing endless battles is banned
|rule|HP Percentage Mod: HP is shown in percentages
|teampreview
|
|start
|switch|p1a: Goodra|Goodra, F, shiny|383\/383
|switch|p2a: Azelf|Azelf|291\/291
|turn|1
|
|move|p2a: Azelf|Stealth Rock|p1a: Goodra
|-sidestart|p1: Brothaoptions|move: Stealth Rock
|move|p1a: Goodra|Draco Meteor|p2a: Azelf
|-damage|p2a: Azelf|6\/291
|-unboost|p1a: Goodra|spa|2
|
|turn|2
|
|move|p2a: Azelf|Psyshock|p1a: Goodra
|-damage|p1a: Goodra|203\/383
|move|p1a: Goodra|Flamethrower|p2a: Azelf
|-damage|p2a: Azelf|0 fnt
|faint|p2a: Azelf
|
|
|switch|p2a: Excadrill|Excadrill, F|361\/361
|-ability|p2a: Excadrill|Mold Breaker
|turn|3
|
|switch|p1a: Mamoswine|Mamoswine, M|423\/423
|-damage|p1a: Mamoswine|371\/423|[from] Stealth Rock
|-item|p1a: Mamoswine|Air Balloon
|move|p2a: Excadrill|Earthquake|p1a: Mamoswine
|-immune|p1a: Mamoswine|[msg]
|
|turn|4
|c|âSnickered|nice play
|
|switch|p2a: Slowbro|Slowbro, F|394\/394
|move|p1a: Mamoswine|Knock Off|p2a: Slowbro
|-crit|p2a: Slowbro
|-supereffective|p2a: Slowbro
|-damage|p2a: Slowbro|116\/394
|-enditem|p2a: Slowbro|Leftovers|[from] move: Knock Off|[of] p1a: Mamoswine
|
|turn|5
|
|move|p1a: Mamoswine|Earthquake|p2a: Slowbro
|-damage|p2a: Slowbro|0 fnt
|faint|p2a: Slowbro
|
|
|switch|p2a: Gallade|Gallade, M|277\/277
|turn|6
|
|switch|p1a: Gengar|Gengar, F|261\/261
|-damage|p1a: Gengar|229\/261|[from] Stealth Rock
|detailschange|p2a: Gallade|Gallade-Mega, M
|-mega|p2a: Gallade|Gallade|Galladite
|move|p2a: Gallade|Close Combat|p1a: Gengar
|-immune|p1a: Gengar|[msg]
|
|-heal|p1a: Gengar|245\/261|[from] item: Black Sludge
|turn|7
|
|move|p2a: Gallade|Knock Off|p1a: Gengar
|-supereffective|p1a: Gengar
|-damage|p1a: Gengar|0 fnt
|-enditem|p1a: Gengar|Black Sludge|[from] move: Knock Off|[of] p2a: Gallade
|faint|p1a: Gengar
|
|
|switch|p1a: Azumarill|Azumarill, M|403\/403
|-damage|p1a: Azumarill|353\/403|[from] Stealth Rock
|turn|8
|
|switch|p2a: Ferrothorn|Ferrothorn, M|352\/352
|move|p1a: Azumarill|Play Rough|p2a: Ferrothorn
|-resisted|p2a: Ferrothorn
|-damage|p2a: Ferrothorn|293\/352
|-damage|p1a: Azumarill|303\/403|[from] ability: Iron Barbs|[of] p2a: Ferrothorn
|
|-heal|p2a: Ferrothorn|315\/352|[from] item: Leftovers
|turn|9
|
|move|p1a: Azumarill|Superpower|p2a: Ferrothorn
|-supereffective|p2a: Ferrothorn
|-damage|p2a: Ferrothorn|121\/352
|-damage|p1a: Azumarill|253\/403|[from] ability: Iron Barbs|[of] p2a: Ferrothorn
|-unboost|p1a: Azumarill|atk|1
|-unboost|p1a: Azumarill|def|1
|move|p2a: Ferrothorn|Leech Seed|p1a: Azumarill
|-start|p1a: Azumarill|move: Leech Seed
|
|-heal|p2a: Ferrothorn|143\/352|[from] item: Leftovers
|-damage|p1a: Azumarill|203\/403|[from] Leech Seed|[of] p2a: Ferrothorn
|-heal|p2a: Ferrothorn|193\/352|[silent]
|turn|10
|
|switch|p1a: Registeel|Registeel|364\/364
|-damage|p1a: Registeel|342\/364|[from] Stealth Rock
|move|p2a: Ferrothorn|Leech Seed|p1a: Registeel
|-start|p1a: Registeel|move: Leech Seed
|
|-heal|p1a: Registeel|364\/364|[from] item: Leftovers
|-heal|p2a: Ferrothorn|215\/352|[from] item: Leftovers
|-damage|p1a: Registeel|319\/364|[from] Leech Seed|[of] p2a: Ferrothorn
|-heal|p2a: Ferrothorn|260\/352|[silent]
|turn|11
|
|move|p2a: Ferrothorn|Protect|p2a: Ferrothorn
|-singleturn|p2a: Ferrothorn|Protect
|move|p1a: Registeel|Stealth Rock|p2a: Ferrothorn
|-sidestart|p2: Snickered|move: Stealth Rock
|
|-heal|p1a: Registeel|341\/364|[from] item: Leftovers
|-heal|p2a: Ferrothorn|282\/352|[from] item: Leftovers
|-damage|p1a: Registeel|296\/364|[from] Leech Seed|[of] p2a: Ferrothorn
|-heal|p2a: Ferrothorn|327\/352|[silent]
|turn|12
|
|move|p1a: Registeel|Seismic Toss|p2a: Ferrothorn
|-damage|p2a: Ferrothorn|227\/352
|-damage|p1a: Registeel|251\/364|[from] ability: Iron Barbs|[of] p2a: Ferrothorn
|move|p2a: Ferrothorn|Gyro Ball|p1a: Registeel
|-resisted|p1a: Registeel
|-damage|p1a: Registeel|217\/364
|
|-heal|p1a: Registeel|239\/364|[from] item: Leftovers
|-heal|p2a: Ferrothorn|249\/352|[from] item: Leftovers
|-damage|p1a: Registeel|194\/364|[from] Leech Seed|[of] p2a: Ferrothorn
|-heal|p2a: Ferrothorn|294\/352|[silent]
|turn|13
|
|switch|p1a: Goodra|Goodra, F, shiny|203\/383
|-damage|p1a: Goodra|156\/383|[from] Stealth Rock
|move|p2a: Ferrothorn|Gyro Ball|p1a: Goodra
|-damage|p1a: Goodra|0 fnt
|-unboost|p2a: Ferrothorn|spe|1
|faint|p1a: Goodra
|
|-heal|p2a: Ferrothorn|316\/352|[from] item: Leftovers
|
|switch|p1a: Azumarill|Azumarill, M|203\/403
|-damage|p1a: Azumarill|153\/403|[from] Stealth Rock
|-enditem|p1a: Azumarill|Sitrus Berry|[eat]
|-heal|p1a: Azumarill|253\/403|[from] item: Sitrus Berry
|turn|14
|
|move|p1a: Azumarill|Superpower|p2a: Ferrothorn
|-supereffective|p2a: Ferrothorn
|-damage|p2a: Ferrothorn|124\/352
|-damage|p1a: Azumarill|203\/403|[from] ability: Iron Barbs|[of] p2a: Ferrothorn
|-unboost|p1a: Azumarill|atk|1
|-unboost|p1a: Azumarill|def|1
|move|p2a: Ferrothorn|Leech Seed|p1a: Azumarill
|-start|p1a: Azumarill|move: Leech Seed
|
|-heal|p2a: Ferrothorn|146\/352|[from] item: Leftovers
|-damage|p1a: Azumarill|153\/403|[from] Leech Seed|[of] p2a: Ferrothorn
|-heal|p2a: Ferrothorn|196\/352|[silent]
|turn|15
|
|move|p1a: Azumarill|Superpower|p2a: Ferrothorn
|-supereffective|p2a: Ferrothorn
|-damage|p2a: Ferrothorn|58\/352
|-damage|p1a: Azumarill|103\/403|[from] ability: Iron Barbs|[of] p2a: Ferrothorn
|-unboost|p1a: Azumarill|atk|1
|-unboost|p1a: Azumarill|def|1
|move|p2a: Ferrothorn|Leech Seed|p1a: Azumarill
|-fail|p1a: Azumarill
|
|-heal|p2a: Ferrothorn|80\/352|[from] item: Leftovers
|-damage|p1a: Azumarill|53\/403|[from] Leech Seed|[of] p2a: Ferrothorn
|-heal|p2a: Ferrothorn|130\/352|[silent]
|turn|16
|
|move|p2a: Ferrothorn|Protect|p2a: Ferrothorn
|-singleturn|p2a: Ferrothorn|Protect
|move|p1a: Azumarill|Superpower|p2a: Ferrothorn
|-activate|p2a: Ferrothorn|Protect
|
|-heal|p2a: Ferrothorn|152\/352|[from] item: Leftovers
|-damage|p1a: Azumarill|3\/403|[from] Leech Seed|[of] p2a: Ferrothorn
|-heal|p2a: Ferrothorn|202\/352|[silent]
|turn|17
|
|move|p2a: Ferrothorn|Protect|p2a: Ferrothorn
|-fail|p2a: Ferrothorn
|move|p1a: Azumarill|Superpower|p2a: Ferrothorn
|-supereffective|p2a: Ferrothorn
|-damage|p2a: Ferrothorn|104\/352
|-damage|p1a: Azumarill|0 fnt|[from] ability: Iron Barbs|[of] p2a: Ferrothorn
|faint|p1a: Azumarill
|
|-heal|p2a: Ferrothorn|126\/352|[from] item: Leftovers
|
|switch|p1a: Mamoswine|Mamoswine, M|371\/423
|-damage|p1a: Mamoswine|319\/423|[from] Stealth Rock
|-item|p1a: Mamoswine|Air Balloon
|turn|18
|
|move|p2a: Ferrothorn|Protect|p2a: Ferrothorn
|-singleturn|p2a: Ferrothorn|Protect
|move|p1a: Mamoswine|Earthquake|p2a: Ferrothorn
|-activate|p2a: Ferrothorn|Protect
|
|-heal|p2a: Ferrothorn|148\/352|[from] item: Leftovers
|turn|19
|
|move|p1a: Mamoswine|Earthquake|p2a: Ferrothorn
|-damage|p2a: Ferrothorn|31\/352
|move|p2a: Ferrothorn|Gyro Ball|p1a: Mamoswine
|-supereffective|p1a: Mamoswine
|-damage|p1a: Mamoswine|0 fnt
|-enditem|p1a: Mamoswine|Air Balloon
|faint|p1a: Mamoswine
|
|-heal|p2a: Ferrothorn|53\/352|[from] item: Leftovers
|-message|Brothaoptions forfeited.
|leave|Brothaoptions
|
|win|Snickered
|raw|Ladder updating...
|player|p1
|raw|Brothaoptions's rating: 1455 &rarr; <strong>1439<\/strong><br \/>(-16 for losing)
|raw|Snickered's rating: 1522 &rarr; <strong>1539<\/strong><br \/>(+17 for winning)
|leave|Snickered
|player|p2
|join|Snickered