|join|Snickered
|join|Flki669
|player|p1|Snickered|34
|player|p2|Flki669|86
|gametype|singles
|gen|6
|tier|OU
|rated
|clearpoke
|poke|p1|Gallade, M
|poke|p1|Ferrothorn, F
|poke|p1|Thundurus, M
|poke|p1|Slowbro, F
|poke|p1|Azelf
|poke|p1|Excadrill, F
|poke|p2|Pinsir, M, shiny
|poke|p2|Conkeldurr, M
|poke|p2|Mandibuzz, F
|poke|p2|Thundurus, M
|poke|p2|Clefable, F
|poke|p2|Hippowdon, M
|rule|Swagger Clause: Swagger is banned
|rule|Baton Pass Clause: Limit one PokÃ©mon knowing Baton Pass
|rule|Sleep Clause Mod: Limit one foe put to sleep
|rule|Species Clause: Limit one of each PokÃ©mon
|rule|OHKO Clause: OHKO moves are banned
|rule|Moody Clause: Moody is banned
|rule|Evasion Moves Clause: Evasion moves are banned
|rule|Endless Battle Clause: Forcing endless battles is banned
|rule|HP Percentage Mod: HP is shown in percentages
|teampreview
|join|blahblah54321
|
|start
|switch|p1a: Azelf|Azelf|291\/291
|switch|p2a: Conkeldurr|Conkeldurr, M|352\/352
|turn|1
|
|move|p1a: Azelf|Psyshock|p2a: Conkeldurr
|-supereffective|p2a: Conkeldurr
|-damage|p2a: Conkeldurr|86\/352
|move|p2a: Conkeldurr|Knock Off|p1a: Azelf
|-supereffective|p1a: Azelf
|-enditem|p1a: Azelf|Focus Sash
|-damage|p1a: Azelf|1\/291
|
|turn|2
|
|switch|p1a: Gallade|Gallade, M|277\/277
|move|p2a: Conkeldurr|Mach Punch|p1a: Gallade
|-resisted|p1a: Gallade
|-damage|p1a: Gallade|220\/277
|
|turn|3
|
|switch|p2a: Hippowdon|Hippowdon, M|420\/420
|-weather|Sandstorm
|detailschange|p1a: Gallade|Gallade-Mega, M
|-mega|p1a: Gallade|Gallade|Galladite
|move|p1a: Gallade|Knock Off|p2a: Hippowdon
|-damage|p2a: Hippowdon|323\/420
|-enditem|p2a: Hippowdon|Leftovers|[from] move: Knock Off|[of] p1a: Gallade
|
|-weather|Sandstorm|[upkeep]
|-damage|p1a: Gallade|203\/277|[from] sandstorm
|turn|4
|
|switch|p1a: Ferrothorn|Ferrothorn, F|352\/352
|move|p2a: Hippowdon|Stealth Rock|p1a: Ferrothorn
|-sidestart|p1: Snickered|move: Stealth Rock
|
|-weather|Sandstorm|[upkeep]
|turn|5
|
|switch|p2a: Clefable|Clefable, F|394\/394
|move|p1a: Ferrothorn|Leech Seed|p2a: Clefable
|-start|p2a: Clefable|move: Leech Seed
|
|-weather|Sandstorm|[upkeep]
|turn|6
|
|switch|p1a: Slowbro|Slowbro, F|394\/394
|-damage|p1a: Slowbro|345\/394|[from] Stealth Rock
|move|p2a: Clefable|Calm Mind|p2a: Clefable
|-boost|p2a: Clefable|spa|1
|-boost|p2a: Clefable|spd|1
|
|-weather|Sandstorm|[upkeep]
|-damage|p1a: Slowbro|321\/394|[from] sandstorm
|-heal|p1a: Slowbro|345\/394|[from] item: Leftovers
|turn|7
|
|move|p2a: Clefable|Moonblast|p1a: Slowbro
|-damage|p1a: Slowbro|164\/394
|move|p1a: Slowbro|Thunder Wave|p2a: Clefable
|-status|p2a: Clefable|par
|
|-weather|none
|-heal|p1a: Slowbro|188\/394|[from] item: Leftovers
|turn|8
|
|move|p1a: Slowbro|Psyshock|p2a: Clefable
|-crit|p2a: Clefable
|-damage|p2a: Clefable|267\/394 par
|move|p2a: Clefable|Moonblast|p1a: Slowbro
|-damage|p1a: Slowbro|0 fnt
|faint|p1a: Slowbro
|
|-heal|p2a: Clefable|291\/394 par|[from] item: Leftovers
|
|switch|p1a: Excadrill|Excadrill, F|361\/361
|-damage|p1a: Excadrill|350\/361|[from] Stealth Rock
|-ability|p1a: Excadrill|Mold Breaker
|turn|9
|
|move|p1a: Excadrill|Iron Head|p2a: Clefable
|-supereffective|p2a: Clefable
|-damage|p2a: Clefable|31\/394 par
|move|p2a: Clefable|Fire Blast|p1a: Excadrill
|-supereffective|p1a: Excadrill
|-damage|p1a: Excadrill|0 fnt
|faint|p1a: Excadrill
|
|-heal|p2a: Clefable|55\/394 par|[from] item: Leftovers
|c|âSnickered|famn
|c|âSnickered|damn*
|c|âSnickered|you come out of paraflinch
|c|âFlki669|I like to gamble
|
|switch|p1a: Gallade|Gallade-Mega, M|203\/277
|-damage|p1a: Gallade|186\/277|[from] Stealth Rock
|turn|10
|c|âSnickered|omg
|c|âSnickered|this is not what I pressed
|-message|Flki669 lost due to inactivity.
|
|win|Snickered
|raw|Ladder updating...
|c|âSnickered|wait hat
|c|âSnickered|wtf
|raw|Snickered's rating: 1503 &rarr; <strong>1521<\/strong><br \/>(+18 for winning)
|raw|Flki669's rating: 1463 &rarr; <strong>1445<\/strong><br \/>(-18 for losing)
|c|âSnickered|what just happened
|c|âFlki669|I was typing with someone else
|c|âFlki669|lmao
|c|âFlki669|but I guess I was goin to win
|c|âFlki669|gg