|join|Snickered
|join|Yellow Tiger
|player|p1|Snickered|34
|player|p2|Yellow Tiger|190
|gametype|singles
|gen|6
|tier|OU
|rated
|clearpoke
|poke|p1|Gallade, M
|poke|p1|Ferrothorn, F
|poke|p1|Thundurus, M
|poke|p1|Slowbro, M
|poke|p1|Azelf
|poke|p1|Excadrill, F
|poke|p2|Crawdaunt, F
|poke|p2|Manectric, M, shiny
|poke|p2|Latios, M, shiny
|poke|p2|Landorus-Therian, M
|poke|p2|Keldeo
|poke|p2|Mew, shiny
|rule|Swagger Clause: Swagger is banned
|rule|Baton Pass Clause: Limit one PokÃ©mon knowing Baton Pass
|rule|Sleep Clause Mod: Limit one foe put to sleep
|rule|Species Clause: Limit one of each PokÃ©mon
|rule|OHKO Clause: OHKO moves are banned
|rule|Moody Clause: Moody is banned
|rule|Evasion Moves Clause: Evasion moves are banned
|rule|Endless Battle Clause: Forcing endless battles is banned
|rule|HP Percentage Mod: HP is shown in percentages
|teampreview
|
|start
|switch|p1a: Azelf|Azelf|291\/291
|switch|p2a: Destruction|Landorus-Therian, M|382\/382
|-ability|p2a: Destruction|Intimidate|[of] p1a: Azelf
|-unboost|p1a: Azelf|atk|1
|turn|1
|
|move|p1a: Azelf|Stealth Rock|p2a: Destruction
|-sidestart|p2: Yellow Tiger|move: Stealth Rock
|move|p2a: Destruction|Stealth Rock|p1a: Azelf
|-sidestart|p1: Snickered|move: Stealth Rock
|
|turn|2
|
|move|p1a: Azelf|Hidden Power|p2a: Destruction
|-supereffective|p2a: Destruction
|-damage|p2a: Destruction|62\/382
|move|p2a: Destruction|U-turn|p1a: Azelf
|-supereffective|p1a: Azelf
|-damage|p1a: Azelf|79\/291
|
|switch|p2a: Larry|Crawdaunt, F|268\/268
|-damage|p2a: Larry|235\/268|[from] Stealth Rock
|
|turn|3
|
|switch|p1a: Ferrothorn|Ferrothorn, F|352\/352
|-damage|p1a: Ferrothorn|330\/352|[from] Stealth Rock
|move|p2a: Larry|Aqua Jet|p1a: Ferrothorn
|-resisted|p1a: Ferrothorn
|-damage|p1a: Ferrothorn|287\/352
|-damage|p2a: Larry|202\/268|[from] ability: Iron Barbs|[of] p1a: Ferrothorn
|-damage|p2a: Larry|176\/268|[from] item: Life Orb
|
|-heal|p1a: Ferrothorn|309\/352|[from] item: Leftovers
|turn|4
|
|switch|p2a: Ohm|Manectric, M, shiny|281\/281
|-damage|p2a: Ohm|246\/281|[from] Stealth Rock
|move|p1a: Ferrothorn|Leech Seed|p2a: Ohm
|-start|p2a: Ohm|move: Leech Seed
|
|-heal|p1a: Ferrothorn|331\/352|[from] item: Leftovers
|-damage|p2a: Ohm|211\/281|[from] Leech Seed|[of] p1a: Ferrothorn
|-heal|p1a: Ferrothorn|352\/352|[silent]
|turn|5
|
|detailschange|p2a: Ohm|Manectric-Mega, M, shiny
|-mega|p2a: Ohm|Manectric|Manectite
|-ability|p2a: Ohm|Intimidate|[of] p1a: Ferrothorn
|-unboost|p1a: Ferrothorn|atk|1
|move|p1a: Ferrothorn|Protect|p1a: Ferrothorn
|-singleturn|p1a: Ferrothorn|Protect
|move|p2a: Ohm|Flamethrower|p1a: Ferrothorn
|-activate|p1a: Ferrothorn|Protect
|
|-damage|p2a: Ohm|176\/281|[from] Leech Seed|[of] p1a: Ferrothorn
|turn|6
|
|switch|p1a: Slowbro|Slowbro, M|394\/394
|-damage|p1a: Slowbro|345\/394|[from] Stealth Rock
|move|p2a: Ohm|Volt Switch|p1a: Slowbro
|-supereffective|p1a: Slowbro
|-damage|p1a: Slowbro|45\/394
|
|switch|p2a: King|Mew, shiny|400\/400
|-damage|p2a: King|350\/400|[from] Stealth Rock
|
|-heal|p2a: King|375\/400|[from] item: Leftovers
|-heal|p1a: Slowbro|69\/394|[from] item: Leftovers
|turn|7
|
|move|p2a: King|Knock Off|p1a: Slowbro
|-supereffective|p1a: Slowbro
|-damage|p1a: Slowbro|0 fnt
|-enditem|p1a: Slowbro|Leftovers|[from] move: Knock Off|[of] p2a: King
|faint|p1a: Slowbro
|
|-heal|p2a: King|400\/400|[from] item: Leftovers
|
|switch|p1a: Ferrothorn|Ferrothorn, F|352\/352
|-damage|p1a: Ferrothorn|330\/352|[from] Stealth Rock
|turn|8
|
|move|p2a: King|Taunt|p1a: Ferrothorn
|-start|p1a: Ferrothorn|move: Taunt
|cant|p1a: Ferrothorn|move: Taunt|Leech Seed
|
|-heal|p1a: Ferrothorn|352\/352|[from] item: Leftovers
|turn|9
|
|move|p2a: King|Will-O-Wisp|p1a: Ferrothorn
|-status|p1a: Ferrothorn|brn
|move|p1a: Ferrothorn|Gyro Ball|p2a: King
|-damage|p2a: King|322\/400
|
|-heal|p2a: King|347\/400|[from] item: Leftovers
|-damage|p1a: Ferrothorn|308\/352 brn|[from] brn
|turn|10
|
|switch|p1a: Azelf|Azelf|79\/291
|-damage|p1a: Azelf|43\/291|[from] Stealth Rock
|move|p2a: King|Knock Off|p1a: Azelf
|-supereffective|p1a: Azelf
|-damage|p1a: Azelf|0 fnt
|-enditem|p1a: Azelf|Focus Sash|[from] move: Knock Off|[of] p2a: King
|faint|p1a: Azelf
|
|-heal|p2a: King|372\/400|[from] item: Leftovers
|
|switch|p1a: Thundurus|Thundurus, M|299\/299
|-damage|p1a: Thundurus|225\/299|[from] Stealth Rock
|turn|11
|
|switch|p2a: Destruction|Landorus-Therian, M|62\/382
|-damage|p2a: Destruction|15\/382|[from] Stealth Rock
|-ability|p2a: Destruction|Intimidate|[of] p1a: Thundurus
|-unboost|p1a: Thundurus|atk|1
|move|p1a: Thundurus|Thunderbolt|p2a: Destruction
|-immune|p2a: Destruction|[msg]
|
|-heal|p2a: Destruction|38\/382|[from] item: Leftovers
|turn|12
|
|move|p1a: Thundurus|Focus Blast|p2a: Destruction
|-resisted|p2a: Destruction
|-damage|p2a: Destruction|0 fnt
|-damage|p1a: Thundurus|196\/299|[from] item: Life Orb
|faint|p2a: Destruction
|
|
|switch|p2a: King|Mew, shiny|372\/400
|-damage|p2a: King|322\/400|[from] Stealth Rock
|turn|13
|
|move|p1a: Thundurus|Thunderbolt|p2a: King
|-damage|p2a: King|161\/400
|-damage|p1a: Thundurus|167\/299|[from] item: Life Orb
|move|p2a: King|Roost|p2a: King
|-heal|p2a: King|361\/400
|
|-heal|p2a: King|386\/400|[from] item: Leftovers
|turn|14
|
|move|p1a: Thundurus|Thunder Wave|p2a: King
|-status|p2a: King|par
|cant|p2a: King|par
|
|-heal|p2a: King|400\/400 par|[from] item: Leftovers
|turn|15
|c|âSnickered|i hate mew lmao so much.
|
|move|p1a: Thundurus|Thunderbolt|p2a: King
|-damage|p2a: King|247\/400 par
|-damage|p1a: Thundurus|138\/299|[from] item: Life Orb
|cant|p2a: King|par
|
|-heal|p2a: King|272\/400 par|[from] item: Leftovers
|turn|16
|c|âYellow Tiger|its a bastard
|
|move|p1a: Thundurus|Thunderbolt|p2a: King
|-damage|p2a: King|100\/400 par
|-damage|p1a: Thundurus|109\/299|[from] item: Life Orb
|cant|p2a: King|par
|
|-heal|p2a: King|125\/400 par|[from] item: Leftovers
|turn|17
|c|âSnickered|thank you hax gods for helping get rid of this piece of shit
|
|move|p1a: Thundurus|Thunderbolt|p2a: King
|-damage|p2a: King|0 fnt
|-damage|p1a: Thundurus|80\/299|[from] item: Life Orb
|faint|p2a: King
|
|
|switch|p2a: Ohm|Manectric-Mega, M, shiny|176\/281
|-damage|p2a: Ohm|141\/281|[from] Stealth Rock
|-ability|p2a: Ohm|Intimidate|[of] p1a: Thundurus
|-unboost|p1a: Thundurus|atk|1
|turn|18
|
|switch|p1a: Ferrothorn|Ferrothorn, F|308\/352 brn
|-damage|p1a: Ferrothorn|286\/352 brn|[from] Stealth Rock
|move|p2a: Ohm|Flamethrower|p1a: Ferrothorn
|-supereffective|p1a: Ferrothorn
|-damage|p1a: Ferrothorn|0 fnt
|faint|p1a: Ferrothorn
|
|
|switch|p1a: Excadrill|Excadrill, F|361\/361
|-damage|p1a: Excadrill|350\/361|[from] Stealth Rock
|-ability|p1a: Excadrill|Mold Breaker
|turn|19
|
|switch|p2a: Starship|Latios, M, shiny|299\/299
|-damage|p2a: Starship|262\/299|[from] Stealth Rock
|move|p1a: Excadrill|Earthquake|p2a: Starship
|-damage|p2a: Starship|58\/299
|
|turn|20
|
|move|p1a: Excadrill|Earthquake|p2a: Starship
|-damage|p2a: Starship|0 fnt
|faint|p2a: Starship
|
|
|switch|p2a: Larry|Crawdaunt, F|176\/268
|-damage|p2a: Larry|143\/268|[from] Stealth Rock
|turn|21
|
|switch|p1a: Thundurus|Thundurus, M|80\/299
|-damage|p1a: Thundurus|6\/299|[from] Stealth Rock
|move|p2a: Larry|Aqua Jet|p1a: Thundurus
|-damage|p1a: Thundurus|0 fnt
|-damage|p2a: Larry|117\/268|[from] item: Life Orb
|faint|p1a: Thundurus
|
|
|switch|p1a: Gallade|Gallade, M|277\/277
|-damage|p1a: Gallade|260\/277|[from] Stealth Rock
|turn|22
|
|detailschange|p1a: Gallade|Gallade-Mega, M
|-mega|p1a: Gallade|Gallade|Galladite
|move|p2a: Larry|Aqua Jet|p1a: Gallade
|-damage|p1a: Gallade|130\/277
|-damage|p2a: Larry|91\/268|[from] item: Life Orb
|move|p1a: Gallade|Close Combat|p2a: Larry
|-supereffective|p2a: Larry
|-damage|p2a: Larry|0 fnt
|-unboost|p1a: Gallade|def|1
|-unboost|p1a: Gallade|spd|1
|faint|p2a: Larry
|
|
|switch|p2a: Ohm|Manectric-Mega, M, shiny|141\/281
|-damage|p2a: Ohm|106\/281|[from] Stealth Rock
|-ability|p2a: Ohm|Intimidate|[of] p1a: Gallade
|-unboost|p1a: Gallade|atk|1
|turn|23
|
|move|p2a: Ohm|Thunderbolt|p1a: Gallade
|-damage|p1a: Gallade|0 fnt
|faint|p1a: Gallade
|
|c|âSnickered|that was risky
|
|switch|p1a: Excadrill|Excadrill, F|350\/361
|-damage|p1a: Excadrill|339\/361|[from] Stealth Rock
|-ability|p1a: Excadrill|Mold Breaker
|turn|24
|
|move|p1a: Excadrill|Earthquake|p2a: Ohm
|-supereffective|p2a: Ohm
|-damage|p2a: Ohm|0 fnt
|faint|p2a: Ohm
|
|c|âYellow Tiger|i had to
|
|switch|p2a: Pony Boss|Keldeo|323\/323
|-damage|p2a: Pony Boss|303\/323|[from] Stealth Rock
|turn|25
|c|âSnickered|flamethrower would have killed
|c|âYellow Tiger|really?
|c|âSnickered|at -1 yeah
|
|move|p1a: Excadrill|Earthquake|p2a: Pony Boss
|-damage|p2a: Pony Boss|107\/323
|move|p2a: Pony Boss|Scald|p1a: Excadrill
|-supereffective|p1a: Excadrill
|-damage|p1a: Excadrill|0 fnt
|faint|p1a: Excadrill
|
|win|Yellow Tiger
|raw|Ladder updating...
|raw|Snickered's rating: 1509 &rarr; <strong>1487<\/strong><br \/>(-22 for losing)
|raw|Yellow Tiger's rating: 1473 &rarr; <strong>1495<\/strong><br \/>(+22 for winning)
|c|âYellow Tiger|gg
|c|âSnickered|gg