|join|Snickered
|join|pansexual skitty
|player|p1|Snickered|34
|player|p2|pansexual skitty|239
|gametype|singles
|gen|6
|tier|OU (suspect test)
|rated
|clearpoke
|poke|p1|Keldeo-Resolute
|poke|p1|Landorus-Therian, M
|poke|p1|Gothitelle, F
|poke|p1|Heatran, F
|poke|p1|Altaria, M
|poke|p1|Latios, M
|poke|p2|Talonflame, M
|poke|p2|Raikou
|poke|p2|Diancie
|poke|p2|Dragonite, F
|poke|p2|Diggersby, F
|poke|p2|Azelf
|rule|Swagger Clause: Swagger is banned
|rule|Baton Pass Clause: Limit one PokÃ©mon knowing Baton Pass
|rule|Sleep Clause Mod: Limit one foe put to sleep
|rule|Species Clause: Limit one of each PokÃ©mon
|rule|OHKO Clause: OHKO moves are banned
|rule|Moody Clause: Moody is banned
|rule|Evasion Moves Clause: Evasion moves are banned
|rule|Endless Battle Clause: Forcing endless battles is banned
|rule|HP Percentage Mod: HP is shown in percentages
|teampreview
|
|start
|switch|p1a: Landorus-Therian|Landorus-Therian, M|382\/382
|switch|p2a: Azelf|Azelf|291\/291
|-ability|p1a: Landorus-Therian|Intimidate|[of] p2a: Azelf
|-unboost|p2a: Azelf|atk|1
|turn|1
|
|move|p2a: Azelf|Taunt|p1a: Landorus-Therian
|-start|p1a: Landorus-Therian|move: Taunt
|move|p1a: Landorus-Therian|Knock Off|p2a: Azelf
|-supereffective|p2a: Azelf
|-damage|p2a: Azelf|17\/291
|-enditem|p2a: Azelf|Focus Sash|[from] move: Knock Off|[of] p1a: Landorus-Therian
|
|turn|2
|
|move|p2a: Azelf|Stealth Rock|p1a: Landorus-Therian
|-sidestart|p1: Snickered|move: Stealth Rock
|move|p1a: Landorus-Therian|Knock Off|p2a: Azelf
|-supereffective|p2a: Azelf
|-damage|p2a: Azelf|0 fnt
|faint|p2a: Azelf
|
|
|switch|p2a: Raikou|Raikou|321\/321
|-ability|p2a: Raikou|Pressure
|turn|3
|
|switch|p1a: Heatran|Heatran, F|360\/360
|-damage|p1a: Heatran|315\/360|[from] Stealth Rock
|move|p2a: Raikou|Volt Switch|p1a: Heatran
|-damage|p1a: Heatran|230\/360
|
|switch|p2a: Diancie|Diancie|241\/241
|
|-heal|p1a: Heatran|252\/360|[from] item: Leftovers
|turn|4
|
|detailschange|p2a: Diancie|Diancie-Mega
|-mega|p2a: Diancie|Diancie|Diancite
|move|p2a: Diancie|Diamond Storm|p1a: Heatran
|-damage|p1a: Heatran|62\/360
|move|p1a: Heatran|Flash Cannon|p2a: Diancie
|-crit|p2a: Diancie
|-supereffective|p2a: Diancie
|-damage|p2a: Diancie|0 fnt
|faint|p2a: Diancie
|
|-heal|p1a: Heatran|84\/360|[from] item: Leftovers
|c|âpansexual skitty|what
|c|âSnickered|?
|c|âpansexual skitty|defensive flash cannon
|c|âpansexual skitty|is that even a thing
|c|âSnickered|I'm not defensive
|c|âSnickered|lo
|c|âSnickered|lol*
|c|âpansexual skitty|leftovers...?
|c|âSnickered|diamond storm hit's for neautral
|c|âpansexual skitty|no kidding?
|c|âSnickered|why did you expect to kill?
|c|âpansexual skitty|I expected it to be like
|c|âpansexual skitty|lava plume \/ toxic \/ taunt \/ protect
|c|âpansexual skitty|i don't know
|c|âpansexual skitty|i dont' play this tier
|c|âSnickered|who runs taunt
|c|âSnickered|lol
|c|âSnickered|and nah
|c|âSnickered|It's plume\/flash\/toxic\/protect
|c|âpansexual skitty|that sounds awful
|c|âpansexual skitty|o well
|
|switch|p2a: Raikou|Raikou|321\/321
|-ability|p2a: Raikou|Pressure
|turn|5
|
|move|p1a: Heatran|Protect|p1a: Heatran
|-singleturn|p1a: Heatran|Protect
|move|p2a: Raikou|Volt Switch|p1a: Heatran
|-activate|p1a: Heatran|Protect
|
|-heal|p1a: Heatran|106\/360|[from] item: Leftovers
|turn|6
|
|move|p2a: Raikou|Thunderbolt|p1a: Heatran
|-damage|p1a: Heatran|0 fnt
|faint|p1a: Heatran
|
|
|switch|p1a: Latios|Latios, M|301\/301
|-damage|p1a: Latios|264\/301|[from] Stealth Rock
|turn|7
|
|move|p1a: Latios|Draco Meteor|p2a: Raikou
|-damage|p2a: Raikou|182\/321
|-unboost|p1a: Latios|spa|2
|move|p2a: Raikou|Hidden Power|p1a: Latios
|-supereffective|p1a: Latios
|-damage|p1a: Latios|138\/301
|
|turn|8
|c|âSnickered|holy fuck that's fat
|c|âpansexual skitty|no kiddin
|
|switch|p1a: Gothitelle|Gothitelle, F|343\/343
|-damage|p1a: Gothitelle|301\/343|[from] Stealth Rock
|move|p2a: Raikou|Volt Switch|p1a: Gothitelle
|-damage|p1a: Gothitelle|192\/343
|
|switch|p2a: Talonflame|Talonflame, M|319\/319
|
|turn|9
|
|move|p2a: Talonflame|Brave Bird|p1a: Gothitelle
|-damage|p1a: Gothitelle|0 fnt
|-damage|p2a: Talonflame|256\/319|[from] recoil|[of] p1a: Gothitelle
|faint|p1a: Gothitelle
|
|
|switch|p1a: Landorus-Therian|Landorus-Therian, M|382\/382
|-damage|p1a: Landorus-Therian|335\/382|[from] Stealth Rock
|-ability|p1a: Landorus-Therian|Intimidate|[of] p2a: Talonflame
|-unboost|p2a: Talonflame|atk|1
|turn|10
|
|switch|p2a: Raikou|Raikou|182\/321
|-ability|p2a: Raikou|Pressure
|move|p1a: Landorus-Therian|Stealth Rock|p2a: Raikou
|-sidestart|p2: pansexual skitty|move: Stealth Rock
|
|-heal|p1a: Landorus-Therian|358\/382|[from] item: Leftovers
|turn|11
|
|move|p2a: Raikou|Hidden Power|p1a: Landorus-Therian
|-supereffective|p1a: Landorus-Therian
|-damage|p1a: Landorus-Therian|30\/382
|move|p1a: Landorus-Therian|Earthquake|p2a: Raikou
|-supereffective|p2a: Raikou
|-damage|p2a: Raikou|0 fnt
|faint|p2a: Raikou
|
|-heal|p1a: Landorus-Therian|53\/382|[from] item: Leftovers
|c|âSnickered|delicou
|c|âpansexual skitty|weak tiger.
|c|âSnickered|lmao
|c|âSnickered|dw
|c|âSnickered|I'm uber defensive
|c|âSnickered|max hp
|c|âSnickered|max def
|c|âpansexual skitty|its funny because nobody uses landorus-t in ubers =[]
|c|âSnickered|lol
|c|âpansexual skitty|i do like the gothitelle set name though
|c|âpansexual skitty|"XY Ubers - Literally Satan"
|c|âSnickered|lmfao
|c|âSnickered|yeah
|c|âSnickered|the rest trick set
|c|âpansexual skitty|hm
|
|switch|p2a: Talonflame|Talonflame, M|256\/319
|-damage|p2a: Talonflame|97\/319|[from] Stealth Rock
|turn|12
|
|move|p2a: Talonflame|Brave Bird|p1a: Landorus-Therian
|-damage|p1a: Landorus-Therian|0 fnt
|-damage|p2a: Talonflame|80\/319|[from] recoil|[of] p1a: Landorus-Therian
|faint|p1a: Landorus-Therian
|
|
|switch|p1a: Altaria|Altaria, M|291\/291
|-damage|p1a: Altaria|219\/291|[from] Stealth Rock
|turn|13
|
|detailschange|p1a: Altaria|Altaria-Mega, M
|-mega|p1a: Altaria|Altaria|Altarianite
|move|p2a: Talonflame|Tailwind|p2a: Talonflame
|-sidestart|p2: pansexual skitty|move: Tailwind
|move|p1a: Altaria|Hyper Voice|p2a: Talonflame
|-resisted|p2a: Talonflame
|-damage|p2a: Talonflame|0 fnt
|faint|p2a: Talonflame
|
|c|âSnickered|bruh
|c|âSnickered|pls
|c|âpansexual skitty|that wasn't roost
|c|âSnickered|lol
|
|switch|p2a: Diggersby|Diggersby, F|311\/311
|-damage|p2a: Diggersby|292\/311|[from] Stealth Rock
|turn|14
|c|âpansexual skitty|gotta take a chance,
|
|move|p2a: Diggersby|Swords Dance|p2a: Diggersby
|-boost|p2a: Diggersby|atk|2
|move|p1a: Altaria|Hyper Voice|p2a: Diggersby
|-damage|p2a: Diggersby|40\/311
|
|turn|15
|
|move|p2a: Diggersby|Frustration|p1a: Altaria
|-damage|p1a: Altaria|0 fnt
|faint|p1a: Altaria
|
|
|switch|p1a: Latios|Latios, M|138\/301
|-damage|p1a: Latios|101\/301|[from] Stealth Rock
|turn|16
|c|âpansexual skitty|=[]
|-message|Snickered lost due to inactivity.
|
|win|pansexual skitty
|raw|Ladder updating...
|raw|Snickered's rating: 1230 &rarr; <strong>1207<\/strong><br \/>(-23 for losing)
|raw|pansexual skitty's rating: 1259 &rarr; <strong>1282<\/strong><br \/>(+23 for winning)