|join|bassplayer
|join|Snickered
|player|p1|bassplayer|45
|player|p2|Snickered|34
|gametype|singles
|gen|6
|tier|OU (suspect test)
|rated
|clearpoke
|poke|p1|Landorus-Therian, M
|poke|p1|Magnezone
|poke|p1|Pinsir, M
|poke|p1|Rotom-Wash
|poke|p1|Latias, F
|poke|p1|Clefable, M
|poke|p2|Gyarados, F
|poke|p2|Landorus-Therian, M
|poke|p2|Gothitelle, F
|poke|p2|Kyurem-Black
|poke|p2|Heatran, M
|poke|p2|Excadrill, F
|rule|Swagger Clause: Swagger is banned
|rule|Baton Pass Clause: Limit one PokÃ©mon knowing Baton Pass
|rule|Sleep Clause Mod: Limit one foe put to sleep
|rule|Species Clause: Limit one of each PokÃ©mon
|rule|OHKO Clause: OHKO moves are banned
|rule|Moody Clause: Moody is banned
|rule|Evasion Moves Clause: Evasion moves are banned
|rule|Endless Battle Clause: Forcing endless battles is banned
|rule|HP Percentage Mod: HP is shown in percentages
|teampreview
|
|start
|switch|p1a: Landorus-Therian|Landorus-Therian, M|319\/319
|switch|p2a: Kyurem-Black|Kyurem-Black|391\/391
|-ability|p1a: Landorus-Therian|Intimidate|[of] p2a: Kyurem-Black
|-unboost|p2a: Kyurem-Black|atk|1
|-ability|p2a: Kyurem-Black|Teravolt
|turn|1
|
|switch|p1a: Clefable|Clefable, M|393\/393
|move|p2a: Kyurem-Black|Ice Beam|p1a: Clefable
|-damage|p1a: Clefable|194\/393
|-damage|p2a: Kyurem-Black|352\/391|[from] item: Life Orb
|
|-heal|p1a: Clefable|218\/393|[from] item: Leftovers
|turn|2
|
|switch|p1a: Rotom-Wash|Rotom-Wash|303\/303
|move|p2a: Kyurem-Black|Ice Beam|p1a: Rotom-Wash
|-resisted|p1a: Rotom-Wash
|-damage|p1a: Rotom-Wash|202\/303
|-status|p1a: Rotom-Wash|frz
|-damage|p2a: Kyurem-Black|313\/391|[from] item: Life Orb
|
|-heal|p1a: Rotom-Wash|220\/303 frz|[from] item: Leftovers
|turn|3
|
|move|p2a: Kyurem-Black|Earth Power|p1a: Rotom-Wash
|-supereffective|p1a: Rotom-Wash
|-damage|p1a: Rotom-Wash|0 fnt
|-damage|p2a: Kyurem-Black|274\/391|[from] item: Life Orb
|faint|p1a: Rotom-Wash
|
|
|switch|p1a: Latias|Latias, F|301\/301
|turn|4
|
|switch|p1a: Landorus-Therian|Landorus-Therian, M|319\/319
|-ability|p1a: Landorus-Therian|Intimidate|[of] p2a: Kyurem-Black
|-unboost|p2a: Kyurem-Black|atk|1
|switch|p2a: Heatran|Heatran, M|360\/360
|
|turn|5
|
|switch|p2a: Landorus-Therian|Landorus-Therian, M|338\/338
|-ability|p2a: Landorus-Therian|Intimidate|[of] p1a: Landorus-Therian
|-unboost|p1a: Landorus-Therian|atk|1
|move|p1a: Landorus-Therian|Superpower|p2a: Landorus-Therian
|-resisted|p2a: Landorus-Therian
|-damage|p2a: Landorus-Therian|292\/338
|-unboost|p1a: Landorus-Therian|atk|1
|-unboost|p1a: Landorus-Therian|def|1
|
|-heal|p2a: Landorus-Therian|313\/338|[from] item: Leftovers
|turn|6
|
|switch|p1a: Clefable|Clefable, M|218\/393
|move|p2a: Landorus-Therian|Stealth Rock|p1a: Clefable
|-sidestart|p1: bassplayer|move: Stealth Rock
|
|-heal|p2a: Landorus-Therian|334\/338|[from] item: Leftovers
|-heal|p1a: Clefable|242\/393|[from] item: Leftovers
|turn|7
|
|move|p2a: Landorus-Therian|Swords Dance|p2a: Landorus-Therian
|-boost|p2a: Landorus-Therian|atk|2
|move|p1a: Clefable|Stealth Rock|p2a: Landorus-Therian
|-sidestart|p2: Snickered|move: Stealth Rock
|
|-heal|p2a: Landorus-Therian|338\/338|[from] item: Leftovers
|-heal|p1a: Clefable|266\/393|[from] item: Leftovers
|turn|8
|
|move|p2a: Landorus-Therian|Stone Edge|p1a: Clefable
|-damage|p1a: Clefable|39\/393
|move|p1a: Clefable|Moonblast|p2a: Landorus-Therian
|-damage|p2a: Landorus-Therian|208\/338
|-unboost|p2a: Landorus-Therian|spa|1
|
|-heal|p2a: Landorus-Therian|229\/338|[from] item: Leftovers
|-heal|p1a: Clefable|63\/393|[from] item: Leftovers
|turn|9
|
|move|p2a: Landorus-Therian|Stone Edge|p1a: Clefable
|-damage|p1a: Clefable|0 fnt
|faint|p1a: Clefable
|
|-heal|p2a: Landorus-Therian|250\/338|[from] item: Leftovers
|
|switch|p1a: Latias|Latias, F|301\/301
|-damage|p1a: Latias|264\/301|[from] Stealth Rock
|turn|10
|
|switch|p2a: Excadrill|Excadrill, F|361\/361
|-damage|p2a: Excadrill|350\/361|[from] Stealth Rock
|-ability|p2a: Excadrill|Mold Breaker
|move|p1a: Latias|Draco Meteor|p2a: Excadrill
|-resisted|p2a: Excadrill
|-damage|p2a: Excadrill|149\/361
|-unboost|p1a: Latias|spa|2
|-damage|p1a: Latias|234\/301|[from] item: Life Orb
|
|turn|11
|
|switch|p1a: Landorus-Therian|Landorus-Therian, M|319\/319
|-damage|p1a: Landorus-Therian|280\/319|[from] Stealth Rock
|-ability|p1a: Landorus-Therian|Intimidate|[of] p2a: Excadrill
|-unboost|p2a: Excadrill|atk|1
|move|p2a: Excadrill|Rapid Spin|p1a: Landorus-Therian
|-damage|p1a: Landorus-Therian|253\/319
|-sideend|p2: Snickered|Stealth Rock|[from] move: Rapid Spin|[of] p2a: Excadrill
|-damage|p2a: Excadrill|113\/361|[from] item: Life Orb
|
|turn|12
|
|switch|p2a: Landorus-Therian|Landorus-Therian, M|250\/338
|-ability|p2a: Landorus-Therian|Intimidate|[of] p1a: Landorus-Therian
|-unboost|p1a: Landorus-Therian|atk|1
|move|p1a: Landorus-Therian|U-turn|p2a: Landorus-Therian
|-resisted|p2a: Landorus-Therian
|-damage|p2a: Landorus-Therian|224\/338
|
|switch|p1a: Latias|Latias, F|234\/301
|-damage|p1a: Latias|197\/301|[from] Stealth Rock
|
|-heal|p2a: Landorus-Therian|245\/338|[from] item: Leftovers
|turn|13
|
|switch|p1a: Pinsir|Pinsir, M|271\/271
|-damage|p1a: Pinsir|204\/271|[from] Stealth Rock
|switch|p2a: Heatran|Heatran, M|360\/360
|
|turn|14
|
|switch|p2a: Landorus-Therian|Landorus-Therian, M|245\/338
|-ability|p2a: Landorus-Therian|Intimidate|[of] p1a: Pinsir
|-fail|p1a: Pinsir|unboost|Attack|[from] ability: Hyper Cutter|[of] p1a: Pinsir
|detailschange|p1a: Pinsir|Pinsir-Mega, M
|-mega|p1a: Pinsir|Pinsir|Pinsirite
|move|p1a: Pinsir|Close Combat|p2a: Landorus-Therian
|-resisted|p2a: Landorus-Therian
|-damage|p2a: Landorus-Therian|184\/338
|-unboost|p1a: Pinsir|def|1
|-unboost|p1a: Pinsir|spd|1
|
|-heal|p2a: Landorus-Therian|205\/338|[from] item: Leftovers
|turn|15
|
|move|p1a: Pinsir|Return|p2a: Landorus-Therian
|-crit|p2a: Landorus-Therian
|-damage|p2a: Landorus-Therian|0 fnt
|faint|p2a: Landorus-Therian
|
|c|âSnickered|that crit
|
|switch|p2a: Gyarados|Gyarados, F|331\/331
|-ability|p2a: Gyarados|Intimidate|[of] p1a: Pinsir
|-unboost|p1a: Pinsir|atk|1
|turn|16
|c|âbassplayer|sry
|
|switch|p1a: Magnezone|Magnezone|331\/331
|-damage|p1a: Magnezone|311\/331|[from] Stealth Rock
|move|p2a: Gyarados|Dragon Dance|p2a: Gyarados
|-boost|p2a: Gyarados|atk|1
|-boost|p2a: Gyarados|spe|1
|
|turn|17
|
|detailschange|p2a: Gyarados|Gyarados-Mega, F
|-mega|p2a: Gyarados|Gyarados|Gyaradosite
|-ability|p2a: Gyarados|Mold Breaker
|move|p2a: Gyarados|Waterfall|p1a: Magnezone
|-damage|p1a: Magnezone|70\/331
|move|p1a: Magnezone|Volt Switch|p2a: Gyarados
|-crit|p2a: Gyarados
|-supereffective|p2a: Gyarados
|-damage|p2a: Gyarados|0 fnt
|faint|p2a: Gyarados
|
|switch|p1a: Landorus-Therian|Landorus-Therian, M|253\/319
|-damage|p1a: Landorus-Therian|214\/319|[from] Stealth Rock
|
|leave|bassplayer
|player|p1
|join|bassplayer
|player|p1|bassplayer|45
|
|switch|p2a: Kyurem-Black|Kyurem-Black|274\/391
|-ability|p2a: Kyurem-Black|Teravolt
|turn|18
|c|âbassplayer|sorry
|c|âSnickered|its ok
|
|move|p1a: Landorus-Therian|Superpower|p2a: Kyurem-Black
|-supereffective|p2a: Kyurem-Black
|-damage|p2a: Kyurem-Black|0 fnt
|-unboost|p1a: Landorus-Therian|atk|1
|-unboost|p1a: Landorus-Therian|def|1
|faint|p2a: Kyurem-Black
|
|
|switch|p2a: Gothitelle|Gothitelle, F|300\/300
|turn|19
|
|move|p1a: Landorus-Therian|Superpower|p2a: Gothitelle
|-crit|p2a: Gothitelle
|-resisted|p2a: Gothitelle
|-damage|p2a: Gothitelle|190\/300
|-unboost|p1a: Landorus-Therian|atk|1
|-unboost|p1a: Landorus-Therian|def|1
|move|p2a: Gothitelle|Dark Pulse|p1a: Landorus-Therian
|-damage|p1a: Landorus-Therian|73\/319
|
|turn|20
|
|move|p1a: Landorus-Therian|Superpower|p2a: Gothitelle
|-resisted|p2a: Gothitelle
|-damage|p2a: Gothitelle|152\/300
|-unboost|p1a: Landorus-Therian|atk|1
|-unboost|p1a: Landorus-Therian|def|1
|move|p2a: Gothitelle|Dark Pulse|p1a: Landorus-Therian
|-damage|p1a: Landorus-Therian|0 fnt
|faint|p1a: Landorus-Therian
|
|
|switch|p1a: Pinsir|Pinsir-Mega, M|204\/271
|-damage|p1a: Pinsir|69\/271|[from] Stealth Rock
|turn|21
|
|switch|p2a: Heatran|Heatran, M|360\/360
|move|p1a: Pinsir|Quick Attack|p2a: Heatran
|-resisted|p2a: Heatran
|-damage|p2a: Heatran|312\/360
|
|-heal|p2a: Heatran|334\/360|[from] item: Leftovers
|turn|22
|
|move|p1a: Pinsir|Close Combat|p2a: Heatran
|-supereffective|p2a: Heatran
|-damage|p2a: Heatran|2\/360
|-unboost|p1a: Pinsir|def|1
|-unboost|p1a: Pinsir|spd|1
|move|p2a: Heatran|Lava Plume|p1a: Pinsir
|-supereffective|p1a: Pinsir
|-damage|p1a: Pinsir|0 fnt
|faint|p1a: Pinsir
|
|-heal|p2a: Heatran|24\/360|[from] item: Leftovers
|
|switch|p1a: Latias|Latias, F|197\/301
|-damage|p1a: Latias|160\/301|[from] Stealth Rock
|turn|23
|
|move|p2a: Heatran|Protect|p2a: Heatran
|-singleturn|p2a: Heatran|Protect
|move|p1a: Latias|Psyshock|p2a: Heatran
|-activate|p2a: Heatran|Protect
|
|-heal|p2a: Heatran|46\/360|[from] item: Leftovers
|turn|24
|
|move|p1a: Latias|Psyshock|p2a: Heatran
|-resisted|p2a: Heatran
|-damage|p2a: Heatran|0 fnt
|-damage|p1a: Latias|130\/301|[from] item: Life Orb
|faint|p2a: Heatran
|
|
|switch|p2a: Gothitelle|Gothitelle, F|152\/300
|turn|25
|
|move|p1a: Latias|Draco Meteor|p2a: Gothitelle
|-damage|p2a: Gothitelle|0 fnt
|-unboost|p1a: Latias|spa|2
|-damage|p1a: Latias|100\/301|[from] item: Life Orb
|faint|p2a: Gothitelle
|
|
|switch|p2a: Excadrill|Excadrill, F|113\/361
|-ability|p2a: Excadrill|Mold Breaker
|turn|26
|
|switch|p1a: Magnezone|Magnezone|70\/331
|-damage|p1a: Magnezone|50\/331|[from] Stealth Rock
|move|p2a: Excadrill|Iron Head|p1a: Magnezone
|-resisted|p1a: Magnezone
|-damage|p1a: Magnezone|7\/331
|-damage|p2a: Excadrill|77\/361|[from] item: Life Orb
|
|turn|27
|
|move|p2a: Excadrill|Iron Head|p1a: Magnezone
|-resisted|p1a: Magnezone
|-damage|p1a: Magnezone|0 fnt
|-damage|p2a: Excadrill|41\/361|[from] item: Life Orb
|faint|p1a: Magnezone
|
|
|switch|p1a: Latias|Latias, F|100\/301
|-damage|p1a: Latias|63\/301|[from] Stealth Rock
|turn|28
|c|âSnickered|tt
|c|âSnickered|gg*
|c|âbassplayer|gg, sry about hax
|c|âSnickered|go for draco if you're real
|c|âSnickered|:p
|
|move|p1a: Latias|Psyshock|p2a: Excadrill
|-resisted|p2a: Excadrill
|-damage|p2a: Excadrill|0 fnt
|-damage|p1a: Latias|33\/301|[from] item: Life Orb
|faint|p2a: Excadrill
|
|win|bassplayer
|raw|Ladder updating...
|raw|bassplayer's rating: 1307 &rarr; <strong>1329<\/strong><br \/>(+22 for winning)
|raw|Snickered's rating: 1339 &rarr; <strong>1317<\/strong><br \/>(-22 for losing)
|c|âbassplayer|lol
|c|âSnickered|aw
|leave|Snickered
|player|p2