|join|coopboyd
|join|Snickered
|player|p1|coopboyd|2
|player|p2|Snickered|34
|gametype|singles
|gen|6
|tier|OU (suspect test)
|rated
|clearpoke
|poke|p1|Skarmory, F
|poke|p1|Florges, F
|poke|p1|Chandelure, M
|poke|p1|Scizor, M
|poke|p1|Rotom-Wash
|poke|p1|Gallade, M
|poke|p2|Gallade, M
|poke|p2|Ferrothorn, M
|poke|p2|Thundurus, M
|poke|p2|Slowbro, M
|poke|p2|Azelf
|poke|p2|Excadrill, F
|rule|Swagger Clause: Swagger is banned
|rule|Baton Pass Clause: Limit one PokÃ©mon knowing Baton Pass
|rule|Sleep Clause Mod: Limit one foe put to sleep
|rule|Species Clause: Limit one of each PokÃ©mon
|rule|OHKO Clause: OHKO moves are banned
|rule|Moody Clause: Moody is banned
|rule|Evasion Moves Clause: Evasion moves are banned
|rule|Endless Battle Clause: Forcing endless battles is banned
|rule|HP Percentage Mod: HP is shown in percentages
|teampreview
|
|start
|switch|p1a: Chandelure|Chandelure, M|261\/261
|switch|p2a: Azelf|Azelf|291\/291
|turn|1
|
|move|p1a: Chandelure|Shadow Ball|p2a: Azelf
|-supereffective|p2a: Azelf
|-enditem|p2a: Azelf|Focus Sash
|-damage|p2a: Azelf|1\/291
|move|p2a: Azelf|Stealth Rock|p1a: Chandelure
|-sidestart|p1: coopboyd|move: Stealth Rock
|
|turn|2
|leave|Snickered
|player|p2
|join|Snickered
|c|âSnickered|my bad
|player|p2|Snickered|34
|c|âcoopboyd|all good
|
|switch|p2a: Ferrothorn|Ferrothorn, M|352\/352
|move|p1a: Chandelure|Shadow Ball|p2a: Ferrothorn
|-damage|p2a: Ferrothorn|210\/352
|
|-heal|p2a: Ferrothorn|232\/352|[from] item: Leftovers
|turn|3
|c|âSnickered|i pressed x for some reason lol
|
|switch|p1a: Scizor|Scizor, M|344\/344
|-damage|p1a: Scizor|301\/344|[from] Stealth Rock
|move|p2a: Ferrothorn|Leech Seed|p1a: Scizor|[miss]
|-miss|p2a: Ferrothorn|p1a: Scizor
|
|-heal|p2a: Ferrothorn|254\/352|[from] item: Leftovers
|turn|4
|c|âSnickered|ofc
|
|move|p1a: Scizor|Swords Dance|p1a: Scizor
|-boost|p1a: Scizor|atk|2
|move|p2a: Ferrothorn|Leech Seed|p1a: Scizor
|-start|p1a: Scizor|move: Leech Seed
|
|-heal|p2a: Ferrothorn|276\/352|[from] item: Leftovers
|-damage|p1a: Scizor|258\/344|[from] Leech Seed|[of] p2a: Ferrothorn
|-heal|p2a: Ferrothorn|319\/352|[silent]
|turn|5
|
|move|p2a: Ferrothorn|Protect|p2a: Ferrothorn
|-singleturn|p2a: Ferrothorn|Protect
|move|p1a: Scizor|Swords Dance|p1a: Scizor
|-boost|p1a: Scizor|atk|2
|
|-heal|p2a: Ferrothorn|341\/352|[from] item: Leftovers
|-damage|p1a: Scizor|215\/344|[from] Leech Seed|[of] p2a: Ferrothorn
|-heal|p2a: Ferrothorn|352\/352|[silent]
|turn|6
|
|switch|p2a: Slowbro|Slowbro, M|394\/394
|move|p1a: Scizor|Knock Off|p2a: Slowbro
|-supereffective|p2a: Slowbro
|-damage|p2a: Slowbro|0 fnt
|-enditem|p2a: Slowbro|Leftovers|[from] move: Knock Off|[of] p1a: Scizor
|-damage|p1a: Scizor|181\/344|[from] item: Life Orb
|faint|p2a: Slowbro
|
|c|âSnickered|nice
|
|switch|p2a: Azelf|Azelf|1\/291
|turn|7
|
|move|p1a: Scizor|Bullet Punch|p2a: Azelf
|-damage|p2a: Azelf|0 fnt
|-damage|p1a: Scizor|147\/344|[from] item: Life Orb
|faint|p2a: Azelf
|
|
|switch|p2a: Ferrothorn|Ferrothorn, M|352\/352
|turn|8
|
|move|p1a: Scizor|Roost|p1a: Scizor
|-heal|p1a: Scizor|319\/344
|move|p2a: Ferrothorn|Power Whip|p1a: Scizor
|-resisted|p1a: Scizor
|-damage|p1a: Scizor|286\/344
|
|-damage|p1a: Scizor|243\/344|[from] Leech Seed|[of] p2a: Ferrothorn
|turn|9
|c|âSnickered|omg
|c|âSnickered|this thing is a problem
|
|move|p1a: Scizor|Swords Dance|p1a: Scizor
|-boost|p1a: Scizor|atk|2
|move|p2a: Ferrothorn|Gyro Ball|p1a: Scizor
|-resisted|p1a: Scizor
|-damage|p1a: Scizor|183\/344
|
|-damage|p1a: Scizor|140\/344|[from] Leech Seed|[of] p2a: Ferrothorn
|turn|10
|
|move|p1a: Scizor|Roost|p1a: Scizor
|-heal|p1a: Scizor|312\/344
|move|p2a: Ferrothorn|Gyro Ball|p1a: Scizor
|-resisted|p1a: Scizor
|-damage|p1a: Scizor|253\/344
|
|-damage|p1a: Scizor|210\/344|[from] Leech Seed|[of] p2a: Ferrothorn
|turn|11
|
|move|p1a: Scizor|Roost|p1a: Scizor
|-heal|p1a: Scizor|344\/344
|move|p2a: Ferrothorn|Gyro Ball|p1a: Scizor
|-resisted|p1a: Scizor
|-damage|p1a: Scizor|289\/344
|
|-damage|p1a: Scizor|246\/344|[from] Leech Seed|[of] p2a: Ferrothorn
|turn|12
|
|move|p2a: Ferrothorn|Protect|p2a: Ferrothorn
|-singleturn|p2a: Ferrothorn|Protect
|move|p1a: Scizor|Knock Off|p2a: Ferrothorn
|-activate|p2a: Ferrothorn|Protect
|
|-damage|p1a: Scizor|203\/344|[from] Leech Seed|[of] p2a: Ferrothorn
|turn|13
|
|switch|p2a: Thundurus|Thundurus, M|299\/299
|move|p1a: Scizor|Roost|p1a: Scizor
|-heal|p1a: Scizor|344\/344
|
|-damage|p1a: Scizor|301\/344|[from] Leech Seed|[of] p2a: Thundurus
|turn|14
|
|move|p2a: Thundurus|Thunder Wave|p1a: Scizor
|-status|p1a: Scizor|par
|cant|p1a: Scizor|par
|
|-damage|p1a: Scizor|258\/344 par|[from] Leech Seed|[of] p2a: Thundurus
|turn|15
|
|switch|p2a: Ferrothorn|Ferrothorn, M|352\/352
|cant|p1a: Scizor|par
|
|-damage|p1a: Scizor|215\/344 par|[from] Leech Seed|[of] p2a: Ferrothorn
|turn|16
|c|âSnickered|damn
|
|move|p1a: Scizor|Roost|p1a: Scizor
|-heal|p1a: Scizor|344\/344 par
|move|p2a: Ferrothorn|Gyro Ball|p1a: Scizor
|-resisted|p1a: Scizor
|-damage|p1a: Scizor|329\/344 par
|
|-damage|p1a: Scizor|286\/344 par|[from] Leech Seed|[of] p2a: Ferrothorn
|turn|17
|
|move|p2a: Ferrothorn|Protect|p2a: Ferrothorn
|-singleturn|p2a: Ferrothorn|Protect
|move|p1a: Scizor|Roost|p1a: Scizor
|-heal|p1a: Scizor|344\/344 par
|
|-damage|p1a: Scizor|301\/344 par|[from] Leech Seed|[of] p2a: Ferrothorn
|turn|18
|c|âSnickered|weird
|
|move|p1a: Scizor|Knock Off|p2a: Ferrothorn
|-damage|p2a: Ferrothorn|0 fnt
|-damage|p1a: Scizor|258\/344 par|[from] ability: Iron Barbs|[of] p2a: Ferrothorn
|-enditem|p2a: Ferrothorn|Leftovers|[from] move: Knock Off|[of] p1a: Scizor
|-damage|p1a: Scizor|224\/344 par|[from] item: Life Orb
|faint|p2a: Ferrothorn
|
|
|switch|p2a: Gallade|Gallade, M|277\/277
|turn|19
|
|detailschange|p2a: Gallade|Gallade-Mega, M
|-mega|p2a: Gallade|Gallade|Galladite
|cant|p1a: Scizor|par
|move|p2a: Gallade|Close Combat|p1a: Scizor
|-damage|p1a: Scizor|0 fnt
|-unboost|p2a: Gallade|def|1
|-unboost|p2a: Gallade|spd|1
|faint|p1a: Scizor
|
|c|âSnickered|i was honestly
|c|âcoopboyd|haha damn
|c|âSnickered|considering taking your technician lol
|c|âSnickered|I was like should I
|
|switch|p1a: Chandelure|Chandelure, M|261\/261
|-damage|p1a: Chandelure|196\/261|[from] Stealth Rock
|turn|20
|
|switch|p2a: Excadrill|Excadrill, F|361\/361
|-ability|p2a: Excadrill|Mold Breaker
|move|p1a: Chandelure|Shadow Ball|p2a: Excadrill
|-damage|p2a: Excadrill|148\/361
|
|turn|21
|
|move|p2a: Excadrill|Earthquake|p1a: Chandelure
|-supereffective|p1a: Chandelure
|-damage|p1a: Chandelure|0 fnt
|faint|p1a: Chandelure
|
|
|switch|p1a: Skarmory|Skarmory, F|334\/334
|-damage|p1a: Skarmory|293\/334|[from] Stealth Rock
|turn|22
|
|switch|p2a: Thundurus|Thundurus, M|299\/299
|move|p1a: Skarmory|Stealth Rock|p2a: Thundurus
|-sidestart|p2: Snickered|move: Stealth Rock
|
|-heal|p1a: Skarmory|313\/334|[from] item: Leftovers
|turn|23
|
|switch|p1a: Rotom-Wash|Rotom-Wash|304\/304
|-damage|p1a: Rotom-Wash|266\/304|[from] Stealth Rock
|move|p2a: Thundurus|Thunderbolt|p1a: Rotom-Wash
|-damage|p1a: Rotom-Wash|83\/304
|-damage|p2a: Thundurus|270\/299|[from] item: Life Orb
|
|turn|24
|
|move|p2a: Thundurus|Thunderbolt|p1a: Rotom-Wash
|-damage|p1a: Rotom-Wash|0 fnt
|-damage|p2a: Thundurus|241\/299|[from] item: Life Orb
|faint|p1a: Rotom-Wash
|
|
|switch|p1a: Florges|Florges, F|360\/360
|-damage|p1a: Florges|315\/360|[from] Stealth Rock
|turn|25
|
|move|p2a: Thundurus|Thunder Wave|p1a: Florges
|-status|p1a: Florges|par
|move|p1a: Florges|Moonblast|p2a: Thundurus
|-damage|p2a: Thundurus|100\/299
|
|-heal|p1a: Florges|337\/360 par|[from] item: Leftovers
|turn|26
|
|move|p2a: Thundurus|Thunderbolt|p1a: Florges
|-damage|p1a: Florges|232\/360 par
|-damage|p2a: Thundurus|71\/299|[from] item: Life Orb
|cant|p1a: Florges|par
|
|-heal|p1a: Florges|254\/360 par|[from] item: Leftovers
|turn|27
|
|switch|p2a: Excadrill|Excadrill, F|148\/361
|-damage|p2a: Excadrill|137\/361|[from] Stealth Rock
|-ability|p2a: Excadrill|Mold Breaker
|move|p1a: Florges|Moonblast|p2a: Excadrill
|-resisted|p2a: Excadrill
|-damage|p2a: Excadrill|44\/361
|
|-heal|p1a: Florges|276\/360 par|[from] item: Leftovers
|turn|28
|
|switch|p1a: Skarmory|Skarmory, F|313\/334
|-damage|p1a: Skarmory|272\/334|[from] Stealth Rock
|move|p2a: Excadrill|Rapid Spin|p1a: Skarmory
|-resisted|p1a: Skarmory
|-damage|p1a: Skarmory|265\/334
|-sideend|p2: Snickered|Stealth Rock|[from] move: Rapid Spin|[of] p2a: Excadrill
|
|-heal|p1a: Skarmory|285\/334|[from] item: Leftovers
|turn|29
|
|switch|p2a: Gallade|Gallade-Mega, M|277\/277
|move|p1a: Skarmory|Stealth Rock|p2a: Gallade
|-sidestart|p2: Snickered|move: Stealth Rock
|
|-heal|p1a: Skarmory|305\/334|[from] item: Leftovers
|turn|30
|
|move|p2a: Gallade|Swords Dance|p2a: Gallade
|-boost|p2a: Gallade|atk|2
|move|p1a: Skarmory|Brave Bird|p2a: Gallade
|-supereffective|p2a: Gallade
|-damage|p2a: Gallade|43\/277
|-damage|p1a: Skarmory|228\/334|[from] recoil|[of] p2a: Gallade
|
|-heal|p1a: Skarmory|248\/334|[from] item: Leftovers
|turn|31
|
|move|p2a: Gallade|Close Combat|p1a: Skarmory
|-damage|p1a: Skarmory|0 fnt
|-unboost|p2a: Gallade|def|1
|-unboost|p2a: Gallade|spd|1
|faint|p1a: Skarmory
|
|
|switch|p1a: Gallade|Gallade, M|278\/278
|-damage|p1a: Gallade|261\/278|[from] Stealth Rock
|turn|32
|
|detailschange|p1a: Gallade|Gallade-Mega, M
|-mega|p1a: Gallade|Gallade|Galladite
|move|p2a: Gallade|Close Combat|p1a: Gallade
|-resisted|p1a: Gallade
|-damage|p1a: Gallade|17\/278
|-unboost|p2a: Gallade|def|1
|-unboost|p2a: Gallade|spd|1
|move|p1a: Gallade|Knock Off|p2a: Gallade
|-damage|p2a: Gallade|0 fnt
|faint|p2a: Gallade
|
|
|switch|p2a: Excadrill|Excadrill, F|44\/361
|-damage|p2a: Excadrill|33\/361|[from] Stealth Rock
|-ability|p2a: Excadrill|Mold Breaker
|turn|33
|
|move|p2a: Excadrill|Iron Head|p1a: Gallade
|-damage|p1a: Gallade|0 fnt
|faint|p1a: Gallade
|
|c|âcoopboyd|gg
|c|âSnickered|really gg man
|
|switch|p1a: Florges|Florges, F|276\/360 par
|-damage|p1a: Florges|231\/360 par|[from] Stealth Rock
|turn|34
|c|âSnickered|i honestly thought i lost to scizor
|
|move|p1a: Florges|Protect|p1a: Florges
|-singleturn|p1a: Florges|Protect
|move|p2a: Excadrill|Iron Head|p1a: Florges
|-activate|p1a: Florges|Protect
|
|-heal|p1a: Florges|253\/360 par|[from] item: Leftovers
|turn|35
|c|âcoopboyd|haha i though i could potentially sweep
|
|move|p2a: Excadrill|Iron Head|p1a: Florges
|-supereffective|p1a: Florges
|-damage|p1a: Florges|0 fnt
|faint|p1a: Florges
|
|win|Snickered
|raw|Ladder updating...
|raw|coopboyd's rating: 1271 &rarr; <strong>1246<\/strong><br \/>(-25 for losing)
|raw|Snickered's rating: 1274 &rarr; <strong>1299<\/strong><br \/>(+25 for winning)
|c|âSnickered|i thought you were too!
|c|âcoopboyd|haha thanks gg cya
|c|âSnickered|cya
|leave|coopboyd
|player|p1