|join|Akiro2547
|join|Snickered
|player|p1|Akiro2547|224
|player|p2|Snickered|34
|gametype|singles
|gen|6
|tier|OU (suspect test)
|rated
|clearpoke
|poke|p1|Lopunny, F
|poke|p1|Slurpuff, F
|poke|p1|Espeon, M
|poke|p1|Magnezone
|poke|p1|Sableye, F
|poke|p1|Gorebyss, M
|poke|p2|Keldeo-Resolute
|poke|p2|Landorus-Therian, M
|poke|p2|Diancie
|poke|p2|Gothitelle, F
|poke|p2|Heatran, F
|poke|p2|Scizor, M
|rule|Swagger Clause: Swagger is banned
|rule|Baton Pass Clause: Limit one PokÃ©mon knowing Baton Pass
|rule|Sleep Clause Mod: Limit one foe put to sleep
|rule|Species Clause: Limit one of each PokÃ©mon
|rule|OHKO Clause: OHKO moves are banned
|rule|Moody Clause: Moody is banned
|rule|Evasion Moves Clause: Evasion moves are banned
|rule|Endless Battle Clause: Forcing endless battles is banned
|rule|HP Percentage Mod: HP is shown in percentages
|teampreview
|
|start
|switch|p1a: Gorebyss|Gorebyss, M|301\/301
|switch|p2a: Gothitelle|Gothitelle, F|343\/343
|turn|1
|
|move|p1a: Gorebyss|Substitute|p1a: Gorebyss
|-start|p1a: Gorebyss|Substitute
|-damage|p1a: Gorebyss|226\/301
|move|p2a: Gothitelle|Energy Ball|p1a: Gorebyss
|-crit|p1a: Gorebyss
|-supereffective|p1a: Gorebyss
|-end|p1a: Gorebyss|Substitute
|
|turn|2
|
|move|p1a: Gorebyss|Substitute|p1a: Gorebyss
|-start|p1a: Gorebyss|Substitute
|-damage|p1a: Gorebyss|151\/301
|move|p2a: Gothitelle|Energy Ball|p1a: Gorebyss
|-supereffective|p1a: Gorebyss
|-end|p1a: Gorebyss|Substitute
|
|turn|3
|
|move|p1a: Gorebyss|Scald|p2a: Gothitelle
|-damage|p2a: Gothitelle|252\/343
|move|p2a: Gothitelle|Energy Ball|p1a: Gorebyss
|-supereffective|p1a: Gorebyss
|-damage|p1a: Gorebyss|0 fnt
|faint|p1a: Gorebyss
|
|
|switch|p1a: Sableye|Sableye, F|303\/303
|turn|4
|
|switch|p2a: Keldeo-Resolute|Keldeo-Resolute|323\/323
|move|p1a: Sableye|Calm Mind|p1a: Sableye
|-boost|p1a: Sableye|spa|1
|-boost|p1a: Sableye|spd|1
|
|turn|5
|
|move|p1a: Sableye|Calm Mind|p1a: Sableye
|-boost|p1a: Sableye|spa|1
|-boost|p1a: Sableye|spd|1
|move|p2a: Keldeo-Resolute|Substitute|p2a: Keldeo-Resolute
|-start|p2a: Keldeo-Resolute|Substitute
|-damage|p2a: Keldeo-Resolute|243\/323
|
|-heal|p2a: Keldeo-Resolute|263\/323|[from] item: Leftovers
|turn|6
|
|move|p1a: Sableye|Calm Mind|p1a: Sableye
|-boost|p1a: Sableye|spa|1
|-boost|p1a: Sableye|spd|1
|move|p2a: Keldeo-Resolute|Calm Mind|p2a: Keldeo-Resolute
|-boost|p2a: Keldeo-Resolute|spa|1
|-boost|p2a: Keldeo-Resolute|spd|1
|
|-heal|p2a: Keldeo-Resolute|283\/323|[from] item: Leftovers
|turn|7
|
|move|p2a: Keldeo-Resolute|Calm Mind|p2a: Keldeo-Resolute
|-boost|p2a: Keldeo-Resolute|spa|1
|-boost|p2a: Keldeo-Resolute|spd|1
|move|p1a: Sableye|Dark Pulse|p2a: Keldeo-Resolute
|-resisted|p2a: Keldeo-Resolute
|-activate|p2a: Keldeo-Resolute|Substitute|[damage]
|
|-heal|p2a: Keldeo-Resolute|303\/323|[from] item: Leftovers
|turn|8
|
|move|p2a: Keldeo-Resolute|Calm Mind|p2a: Keldeo-Resolute
|-boost|p2a: Keldeo-Resolute|spa|1
|-boost|p2a: Keldeo-Resolute|spd|1
|move|p1a: Sableye|Dark Pulse|p2a: Keldeo-Resolute
|-crit|p2a: Keldeo-Resolute
|-resisted|p2a: Keldeo-Resolute
|-end|p2a: Keldeo-Resolute|Substitute
|
|-heal|p2a: Keldeo-Resolute|323\/323|[from] item: Leftovers
|turn|9
|
|move|p1a: Sableye|Will-O-Wisp|p2a: Keldeo-Resolute
|-status|p2a: Keldeo-Resolute|brn
|move|p2a: Keldeo-Resolute|Substitute|p2a: Keldeo-Resolute
|-start|p2a: Keldeo-Resolute|Substitute
|-damage|p2a: Keldeo-Resolute|243\/323 brn
|
|-heal|p2a: Keldeo-Resolute|263\/323 brn|[from] item: Leftovers
|-damage|p2a: Keldeo-Resolute|223\/323 brn|[from] brn
|turn|10
|
|move|p1a: Sableye|Calm Mind|p1a: Sableye
|-boost|p1a: Sableye|spa|1
|-boost|p1a: Sableye|spd|1
|move|p2a: Keldeo-Resolute|Scald|p1a: Sableye
|-damage|p1a: Sableye|134\/303
|-status|p1a: Sableye|brn
|
|-heal|p2a: Keldeo-Resolute|243\/323 brn|[from] item: Leftovers
|-heal|p1a: Sableye|152\/303 brn|[from] item: Leftovers
|-damage|p2a: Keldeo-Resolute|203\/323 brn|[from] brn
|-damage|p1a: Sableye|115\/303 brn|[from] brn
|turn|11
|
|move|p1a: Sableye|Recover|p1a: Sableye
|-heal|p1a: Sableye|267\/303 brn
|move|p2a: Keldeo-Resolute|Scald|p1a: Sableye
|-damage|p1a: Sableye|101\/303 brn
|
|-heal|p2a: Keldeo-Resolute|223\/323 brn|[from] item: Leftovers
|-heal|p1a: Sableye|119\/303 brn|[from] item: Leftovers
|-damage|p2a: Keldeo-Resolute|183\/323 brn|[from] brn
|-damage|p1a: Sableye|82\/303 brn|[from] brn
|turn|12
|
|move|p1a: Sableye|Recover|p1a: Sableye
|-heal|p1a: Sableye|234\/303 brn
|move|p2a: Keldeo-Resolute|Calm Mind|p2a: Keldeo-Resolute
|-boost|p2a: Keldeo-Resolute|spa|1
|-boost|p2a: Keldeo-Resolute|spd|1
|
|-heal|p2a: Keldeo-Resolute|203\/323 brn|[from] item: Leftovers
|-heal|p1a: Sableye|252\/303 brn|[from] item: Leftovers
|-damage|p2a: Keldeo-Resolute|163\/323 brn|[from] brn
|-damage|p1a: Sableye|215\/303 brn|[from] brn
|turn|13
|
|move|p1a: Sableye|Recover|p1a: Sableye
|-heal|p1a: Sableye|303\/303 brn
|move|p2a: Keldeo-Resolute|Scald|p1a: Sableye
|-damage|p1a: Sableye|89\/303 brn
|
|-heal|p2a: Keldeo-Resolute|183\/323 brn|[from] item: Leftovers
|-heal|p1a: Sableye|107\/303 brn|[from] item: Leftovers
|-damage|p2a: Keldeo-Resolute|143\/323 brn|[from] brn
|-damage|p1a: Sableye|70\/303 brn|[from] brn
|turn|14
|
|move|p1a: Sableye|Recover|p1a: Sableye
|-heal|p1a: Sableye|222\/303 brn
|move|p2a: Keldeo-Resolute|Scald|p1a: Sableye
|-damage|p1a: Sableye|24\/303 brn
|
|-heal|p2a: Keldeo-Resolute|163\/323 brn|[from] item: Leftovers
|-heal|p1a: Sableye|42\/303 brn|[from] item: Leftovers
|-damage|p2a: Keldeo-Resolute|123\/323 brn|[from] brn
|-damage|p1a: Sableye|5\/303 brn|[from] brn
|turn|15
|c|âSnickered|that low roll saved your life lol
|
|move|p1a: Sableye|Recover|p1a: Sableye
|-heal|p1a: Sableye|157\/303 brn
|move|p2a: Keldeo-Resolute|Scald|p1a: Sableye
|-crit|p1a: Sableye
|-damage|p1a: Sableye|0 fnt
|faint|p1a: Sableye
|
|-heal|p2a: Keldeo-Resolute|143\/323 brn|[from] item: Leftovers
|-damage|p2a: Keldeo-Resolute|103\/323 brn|[from] brn
|c|âAkiro2547|and the crit to make sure i die
|
|switch|p1a: Magnezone|Magnezone|343\/343
|turn|16
|c|âSnickered|lmao
|c|âSnickered|true
|
|move|p2a: Keldeo-Resolute|Secret Sword|p1a: Magnezone
|-supereffective|p1a: Magnezone
|-damage|p1a: Magnezone|0 fnt
|faint|p1a: Magnezone
|
|-heal|p2a: Keldeo-Resolute|123\/323 brn|[from] item: Leftovers
|-damage|p2a: Keldeo-Resolute|83\/323 brn|[from] brn
|
|switch|p1a: Espeon|Espeon, M|301\/301
|turn|17
|
|move|p2a: Keldeo-Resolute|Scald|p1a: Espeon
|-crit|p1a: Espeon
|-damage|p1a: Espeon|0 fnt
|faint|p1a: Espeon
|
|-heal|p2a: Keldeo-Resolute|103\/323 brn|[from] item: Leftovers
|-damage|p2a: Keldeo-Resolute|63\/323 brn|[from] brn
|
|switch|p1a: Lopunny|Lopunny, F|272\/272
|turn|18
|
|detailschange|p1a: Lopunny|Lopunny-Mega, F
|-mega|p1a: Lopunny|Lopunny|Lopunnite
|move|p1a: Lopunny|Fake Out|p2a: Keldeo-Resolute
|-end|p2a: Keldeo-Resolute|Substitute
|move|p2a: Keldeo-Resolute|Secret Sword|p1a: Lopunny
|-supereffective|p1a: Lopunny
|-damage|p1a: Lopunny|0 fnt
|faint|p1a: Lopunny
|
|-heal|p2a: Keldeo-Resolute|83\/323 brn|[from] item: Leftovers
|-damage|p2a: Keldeo-Resolute|43\/323 brn|[from] brn
|c|âSnickered|gg
|c|âSnickered|CM keldeo op
|
|switch|p1a: Slurpuff|Slurpuff, F|330\/330
|turn|19
|c|âAkiro2547|gg
|
|move|p2a: Keldeo-Resolute|Scald|p1a: Slurpuff
|-damage|p1a: Slurpuff|0 fnt
|faint|p1a: Slurpuff
|
|win|Snickered
|raw|Ladder updating...
|leave|Akiro2547
|raw|Akiro2547's rating: 1101 &rarr; <strong>1079<\/strong><br \/>(-22 for losing)
|raw|Snickered's rating: 1146 &rarr; <strong>1168<\/strong><br \/>(+22 for winning)
|player|p1