|join|Snickered
|join|Ox the Box
|join|mrw0nderfu11
|player|p1|Snickered|34
|player|p2|Ox the Box|201
|gametype|singles
|gen|6
|tier|OU (suspect test)
|clearpoke
|poke|p1|Gallade, M
|poke|p1|Ferrothorn, M
|poke|p1|Thundurus, M
|poke|p1|Slowbro, M
|poke|p1|Azelf
|poke|p1|Excadrill, M
|poke|p2|Sableye, M
|poke|p2|Tentacruel, F
|poke|p2|Delphox, M
|poke|p2|Clefable, F
|poke|p2|Hippowdon, M
|poke|p2|Celebi
|rule|Swagger Clause: Swagger is banned
|rule|Baton Pass Clause: Limit one PokÃ©mon knowing Baton Pass
|rule|Sleep Clause Mod: Limit one foe put to sleep
|rule|Species Clause: Limit one of each PokÃ©mon
|rule|OHKO Clause: OHKO moves are banned
|rule|Moody Clause: Moody is banned
|rule|Evasion Moves Clause: Evasion moves are banned
|rule|Endless Battle Clause: Forcing endless battles is banned
|rule|HP Percentage Mod: HP is shown in percentages
|teampreview
|c|âSnickered|oi
|
|start
|switch|p1a: Gallade|Gallade, M|277\/277
|switch|p2a: Sableye|Sableye, M|303\/303
|turn|1
|c|âSnickered|fuck
|join|EternusDraco
|
|switch|p1a: Thundurus|Thundurus, M|299\/299
|detailschange|p2a: Sableye|Sableye-Mega, M
|-mega|p2a: Sableye|Sableye|Sablenite
|move|p2a: Sableye|Will-O-Wisp|p1a: Thundurus|[miss]
|-miss|p2a: Sableye|p1a: Thundurus
|
|turn|2
|c| EternusDraco|ox yuno ho
|
|switch|p2a: Hippowdon|Hippowdon, M|420\/420
|-weather|Sandstorm
|move|p1a: Thundurus|Thunderbolt|p2a: Hippowdon
|-immune|p2a: Hippowdon|[msg]
|
|-weather|Sandstorm|[upkeep]
|-damage|p1a: Thundurus|281\/299|[from] sandstorm
|turn|3
|join|Frickett
|
|switch|p1a: Azelf|Azelf|291\/291
|move|p2a: Hippowdon|Toxic|p1a: Azelf
|-status|p1a: Azelf|tox
|
|-weather|Sandstorm|[upkeep]
|-damage|p1a: Azelf|273\/291 tox|[from] sandstorm
|-damage|p1a: Azelf|255\/291 tox|[from] psn
|turn|4
|c|âSnickered|fuck
|c|âSnickered|the cancel button does not work i swear
|
|switch|p2a: Sableye|Sableye-Mega, M|303\/303
|move|p1a: Azelf|Hidden Power|p2a: Sableye
|-damage|p2a: Sableye|244\/303
|
|-weather|Sandstorm|[upkeep]
|-damage|p1a: Azelf|237\/291 tox|[from] sandstorm
|-damage|p2a: Sableye|226\/303|[from] sandstorm
|-damage|p1a: Azelf|201\/291 tox|[from] psn
|turn|5
|
|switch|p1a: Thundurus|Thundurus, M|281\/299
|move|p2a: Sableye|Knock Off|p1a: Thundurus
|-damage|p1a: Thundurus|154\/299
|-enditem|p1a: Thundurus|Life Orb|[from] move: Knock Off|[of] p2a: Sableye
|
|-weather|Sandstorm|[upkeep]
|-damage|p1a: Thundurus|136\/299|[from] sandstorm
|-damage|p2a: Sableye|208\/303|[from] sandstorm
|turn|6
|
|switch|p2a: Hippowdon|Hippowdon, M|420\/420
|move|p1a: Thundurus|Thunderbolt|p2a: Hippowdon
|-immune|p2a: Hippowdon|[msg]
|
|-weather|none
|turn|7
|
|move|p1a: Thundurus|Hidden Power|p2a: Hippowdon
|-supereffective|p2a: Hippowdon
|-damage|p2a: Hippowdon|228\/420
|move|p2a: Hippowdon|Stone Edge|p1a: Thundurus
|-supereffective|p1a: Thundurus
|-damage|p1a: Thundurus|0 fnt
|faint|p1a: Thundurus
|
|-heal|p2a: Hippowdon|254\/420|[from] item: Leftovers
|
|switch|p1a: Gallade|Gallade, M|277\/277
|turn|8
|
|switch|p2a: Sableye|Sableye-Mega, M|208\/303
|detailschange|p1a: Gallade|Gallade-Mega, M
|-mega|p1a: Gallade|Gallade|Galladite
|move|p1a: Gallade|Knock Off|p2a: Sableye
|-damage|p2a: Sableye|151\/303
|
|turn|9
|
|move|p1a: Gallade|Skill Swap|p2a: Sableye
|-activate|p1a: Gallade|move: Skill Swap|Magic Bounce|Inner Focus|[of] p2a: Sableye
|move|p2a: Sableye|Recover|p2a: Sableye
|-heal|p2a: Sableye|303\/303
|
|turn|10
|
|move|p1a: Gallade|Swords Dance|p1a: Gallade
|-boost|p1a: Gallade|atk|2
|move|p2a: Sableye|Foul Play|p1a: Gallade
|-damage|p1a: Gallade|0 fnt
|faint|p1a: Gallade
|
|c|âSnickered|shit
|
|switch|p1a: Azelf|Azelf|201\/291 tox
|turn|11
|
|move|p1a: Azelf|Stealth Rock|p2a: Sableye
|-sidestart|p2: Ox the Box|move: Stealth Rock
|move|p2a: Sableye|Knock Off|p1a: Azelf
|-supereffective|p1a: Azelf
|-damage|p1a: Azelf|0 fnt
|-enditem|p1a: Azelf|Focus Sash|[from] move: Knock Off|[of] p2a: Sableye
|faint|p1a: Azelf
|
|
|switch|p1a: Ferrothorn|Ferrothorn, M|352\/352
|turn|12
|
|move|p2a: Sableye|Will-O-Wisp|p1a: Ferrothorn
|-status|p1a: Ferrothorn|brn
|move|p1a: Ferrothorn|Leech Seed|p2a: Sableye
|-start|p2a: Sableye|move: Leech Seed
|
|-damage|p2a: Sableye|266\/303|[from] Leech Seed|[of] p1a: Ferrothorn
|-damage|p1a: Ferrothorn|308\/352 brn|[from] brn
|turn|13
|join|Schuckles
|
|switch|p2a: Tentacruel|Tentacruel, F|364\/364
|-damage|p2a: Tentacruel|319\/364|[from] Stealth Rock
|move|p1a: Ferrothorn|Power Whip|p2a: Tentacruel
|-damage|p2a: Tentacruel|216\/364
|
|-heal|p2a: Tentacruel|238\/364|[from] item: Black Sludge
|-heal|p1a: Ferrothorn|330\/352 brn|[from] item: Leftovers
|-damage|p1a: Ferrothorn|286\/352 brn|[from] brn
|turn|14
|
|switch|p1a: Excadrill|Excadrill, M|361\/361
|-ability|p1a: Excadrill|Mold Breaker
|move|p2a: Tentacruel|Rapid Spin|p1a: Excadrill
|-resisted|p1a: Excadrill
|-damage|p1a: Excadrill|353\/361
|-sideend|p2: Ox the Box|Stealth Rock|[from] move: Rapid Spin|[of] p2a: Tentacruel
|
|-heal|p2a: Tentacruel|260\/364|[from] item: Black Sludge
|turn|15
|
|switch|p2a: Hippowdon|Hippowdon, M|254\/420
|-weather|Sandstorm
|move|p1a: Excadrill|Earthquake|p2a: Hippowdon
|-damage|p2a: Hippowdon|142\/420
|
|-weather|Sandstorm|[upkeep]
|-heal|p2a: Hippowdon|168\/420|[from] item: Leftovers
|turn|16
|
|move|p1a: Excadrill|Earthquake|p2a: Hippowdon
|-damage|p2a: Hippowdon|54\/420
|move|p2a: Hippowdon|Slack Off|p2a: Hippowdon
|-heal|p2a: Hippowdon|264\/420
|
|-weather|Sandstorm|[upkeep]
|-heal|p2a: Hippowdon|290\/420|[from] item: Leftovers
|turn|17
|
|switch|p1a: Slowbro|Slowbro, M|394\/394
|move|p2a: Hippowdon|Earthquake|p1a: Slowbro
|-damage|p1a: Slowbro|310\/394
|
|-weather|Sandstorm|[upkeep]
|-damage|p1a: Slowbro|286\/394|[from] sandstorm
|-heal|p2a: Hippowdon|316\/420|[from] item: Leftovers
|-heal|p1a: Slowbro|310\/394|[from] item: Leftovers
|turn|18
|
|move|p2a: Hippowdon|Toxic|p1a: Slowbro
|-status|p1a: Slowbro|tox
|move|p1a: Slowbro|Scald|p2a: Hippowdon
|-supereffective|p2a: Hippowdon
|-damage|p2a: Hippowdon|70\/420
|
|-weather|Sandstorm|[upkeep]
|-damage|p1a: Slowbro|286\/394 tox|[from] sandstorm
|-heal|p2a: Hippowdon|96\/420|[from] item: Leftovers
|-heal|p1a: Slowbro|310\/394 tox|[from] item: Leftovers
|-damage|p1a: Slowbro|286\/394 tox|[from] psn
|turn|19
|join|Arceus Himself
|c| Arceus Himself|Praise be unto both of ye
|
|switch|p2a: Celebi|Celebi|404\/404
|move|p1a: Slowbro|Scald|p2a: Celebi
|-resisted|p2a: Celebi
|-damage|p2a: Celebi|355\/404
|
|-weather|none
|-heal|p2a: Celebi|380\/404|[from] item: Leftovers
|-heal|p1a: Slowbro|310\/394 tox|[from] item: Leftovers
|-damage|p1a: Slowbro|262\/394 tox|[from] psn
|turn|20
|c| Arceus Himself|Good luck and enjoy your battle
|leave|Arceus Himself
|
|switch|p1a: Excadrill|Excadrill, M|353\/361
|-ability|p1a: Excadrill|Mold Breaker
|move|p2a: Celebi|U-turn|p1a: Excadrill
|-resisted|p1a: Excadrill
|-damage|p1a: Excadrill|314\/361
|leave|Schuckles
|
|switch|p2a: Sableye|Sableye-Mega, M|266\/303
|
|turn|21
|
|move|p1a: Excadrill|Earthquake|p2a: Sableye
|-damage|p2a: Sableye|151\/303
|move|p2a: Sableye|Will-O-Wisp|p1a: Excadrill|[miss]
|-miss|p2a: Sableye|p1a: Excadrill
|
|turn|22
|
|move|p1a: Excadrill|Earthquake|p2a: Sableye
|-damage|p2a: Sableye|40\/303
|move|p2a: Sableye|Recover|p2a: Sableye
|-heal|p2a: Sableye|192\/303
|
|turn|23
|
|move|p1a: Excadrill|Earthquake|p2a: Sableye
|-damage|p2a: Sableye|89\/303
|move|p2a: Sableye|Recover|p2a: Sableye
|-heal|p2a: Sableye|241\/303
|
|turn|24
|
|move|p1a: Excadrill|Earthquake|p2a: Sableye
|-damage|p2a: Sableye|129\/303
|move|p2a: Sableye|Recover|p2a: Sableye
|-heal|p2a: Sableye|281\/303
|
|turn|25
|
|move|p1a: Excadrill|Earthquake|p2a: Sableye
|-damage|p2a: Sableye|173\/303
|move|p2a: Sableye|Will-O-Wisp|p1a: Excadrill
|-status|p1a: Excadrill|brn
|
|-damage|p1a: Excadrill|269\/361 brn|[from] brn
|turn|26
|c|âSnickered|how do you forfiet?
|
|move|p1a: Excadrill|Earthquake|p2a: Sableye
|-damage|p2a: Sableye|115\/303
|move|p2a: Sableye|Recover|p2a: Sableye
|-heal|p2a: Sableye|267\/303
|
|-damage|p1a: Excadrill|224\/361 brn|[from] brn
|turn|27
|join|Arceus Himself
|join|Schuckles
|leave|Arceus Himself
|c|âOx the Box|.\/forfeit
|
|move|p1a: Excadrill|Earthquake|p2a: Sableye
|-damage|p2a: Sableye|207\/303
|move|p2a: Sableye|Foul Play|p1a: Excadrill
|-damage|p1a: Excadrill|0 fnt
|faint|p1a: Excadrill
|
|c|âSnickered|\/\/forfeit
|c|âSnickered|fuck
|c|âSnickered|lol
|c|âSnickered|\/\/forfeit
|-message|Snickered forfeited.
|c|âOx the Box|gg
|
|switch|p1a: Slowbro|Slowbro, M|393\/394 tox
|turn|28
|c|âSnickered|gg
|
|win|Ox the Box
|leave|Ox the Box
|leave|Snickered
|player|p2
|player|p1
|leave|Schuckles