|join|Kallebe
|join|Farbud
|player|p1|Kallebe|102
|player|p2|Farbud|110
|gametype|singles
|gen|6
|tier|OU
|rated
|clearpoke
|poke|p1|Politoed, F, shiny
|poke|p1|Kingdra, F
|poke|p1|Hawlucha, F, shiny
|poke|p1|Nidoking, M
|poke|p1|Scizor, F
|poke|p1|Espeon, M
|poke|p2|Charizard, M
|poke|p2|Gliscor, M
|poke|p2|Azumarill, M
|poke|p2|Ferrothorn, M
|poke|p2|Latias, F
|poke|p2|Raikou
|rule|Swagger Clause: Swagger is banned
|rule|Baton Pass Clause: Limit one PokÃ©mon knowing Baton Pass
|rule|Sleep Clause Mod: Limit one foe put to sleep
|rule|Species Clause: Limit one of each PokÃ©mon
|rule|OHKO Clause: OHKO moves are banned
|rule|Moody Clause: Moody is banned
|rule|Evasion Moves Clause: Evasion moves are banned
|rule|Endless Battle Clause: Forcing endless battles is banned
|rule|HP Percentage Mod: HP is shown in percentages
|teampreview
|
|start
|switch|p1a: Espeon|Espeon, M|334\/334
|switch|p2a: Charizard|Charizard, M|359\/359
|turn|1
|
|detailschange|p2a: Charizard|Charizard-Mega-X, M
|-mega|p2a: Charizard|Charizard|Charizardite X
|move|p1a: Espeon|Light Screen|p1a: Espeon
|-sidestart|p1: Kallebe|move: Light Screen
|move|p2a: Charizard|Dragon Claw|p1a: Espeon
|-damage|p1a: Espeon|88\/334
|
|turn|2
|
|move|p1a: Espeon|Reflect|p1a: Espeon
|-sidestart|p1: Kallebe|Reflect
|move|p2a: Charizard|Dragon Claw|p1a: Espeon
|-damage|p1a: Espeon|0 fnt
|faint|p1a: Espeon
|
|
|switch|p1a: Politoed|Politoed, F, shiny|384\/384
|-weather|RainDance
|turn|3
|
|switch|p1a: Kingdra|Kingdra, F|292\/292
|move|p2a: Charizard|Will-O-Wisp|p1a: Kingdra
|-status|p1a: Kingdra|brn
|
|-weather|RainDance|[upkeep]
|-damage|p1a: Kingdra|256\/292 brn|[from] brn
|turn|4
|
|switch|p2a: Ferrothorn|Ferrothorn, M|352\/352
|move|p1a: Kingdra|Surf|p2a: Ferrothorn
|-resisted|p2a: Ferrothorn
|-damage|p2a: Ferrothorn|226\/352
|
|-weather|RainDance|[upkeep]
|-heal|p2a: Ferrothorn|248\/352|[from] item: Leftovers
|-damage|p1a: Kingdra|220\/292 brn|[from] brn
|turn|5
|
|switch|p1a: Hawlucha|Hawlucha, F, shiny|299\/299
|move|p2a: Ferrothorn|Leech Seed|p1a: Hawlucha|[miss]
|-miss|p2a: Ferrothorn|p1a: Hawlucha
|
|-weather|RainDance|[upkeep]
|-heal|p2a: Ferrothorn|270\/352|[from] item: Leftovers
|turn|6
|
|switch|p2a: Gliscor|Gliscor, M|352\/352
|move|p1a: Hawlucha|Swords Dance|p1a: Hawlucha
|-boost|p1a: Hawlucha|atk|2
|
|-weather|RainDance|[upkeep]
|-status|p2a: Gliscor|tox|[from] item: Toxic Orb
|turn|7
|
|move|p1a: Hawlucha|Sky Attack|p2a: Gliscor|[still]
|-prepare|p1a: Hawlucha|Sky Attack|p2a: Gliscor
|-enditem|p1a: Hawlucha|Power Herb
|-anim|p1a: Hawlucha|Sky Attack|p2a: Gliscor
|-damage|p2a: Gliscor|82\/352 tox
|move|p2a: Gliscor|Taunt|p1a: Hawlucha
|-start|p1a: Hawlucha|move: Taunt
|
|-weather|RainDance|[upkeep]
|-heal|p2a: Gliscor|126\/352 tox|[from] ability: Poison Heal
|turn|8
|
|move|p1a: Hawlucha|Acrobatics|p2a: Gliscor
|-damage|p2a: Gliscor|0 fnt
|faint|p2a: Gliscor
|
|-weather|RainDance|[upkeep]
|-sideend|p1: Kallebe|move: Light Screen
|
|switch|p2a: Raikou|Raikou|331\/331
|-ability|p2a: Raikou|Pressure
|turn|9
|
|move|p1a: Hawlucha|High Jump Kick|p2a: Raikou
|-damage|p2a: Raikou|0 fnt
|faint|p2a: Raikou
|
|-weather|RainDance|[upkeep]
|-sideend|p1: Kallebe|Reflect
|
|switch|p2a: Azumarill|Azumarill, M|342\/342
|turn|10
|
|move|p2a: Azumarill|Aqua Jet|p1a: Hawlucha
|-damage|p1a: Hawlucha|128\/299
|move|p1a: Hawlucha|Acrobatics|p2a: Azumarill
|-damage|p2a: Azumarill|0 fnt
|faint|p2a: Azumarill
|
|-weather|none
|-end|p1a: Hawlucha|move: Taunt
|
|switch|p2a: Ferrothorn|Ferrothorn, M|270\/352
|turn|11
|
|move|p2a: Ferrothorn|Protect|p2a: Ferrothorn
|-singleturn|p2a: Ferrothorn|Protect
|move|p1a: Hawlucha|Swords Dance|p1a: Hawlucha
|-boost|p1a: Hawlucha|atk|2
|
|-heal|p2a: Ferrothorn|292\/352|[from] item: Leftovers
|turn|12
|
|move|p2a: Ferrothorn|Protect|p2a: Ferrothorn
|-fail|p2a: Ferrothorn
|move|p1a: Hawlucha|High Jump Kick|p2a: Ferrothorn
|-supereffective|p2a: Ferrothorn
|-damage|p2a: Ferrothorn|0 fnt
|-damage|p1a: Hawlucha|91\/299|[from] ability: Iron Barbs|[of] p2a: Ferrothorn
|faint|p2a: Ferrothorn
|
|-message|Farbud forfeited.
|
|win|Kallebe
|raw|Ladder updating...
|leave|Farbud
|player|p2
|raw|Kallebe's rating: 1252 &rarr; <strong>1278<\/strong><br \/>(+26 for winning)
|raw|Farbud's rating: 1274 &rarr; <strong>1247<\/strong><br \/>(-27 for losing)