|join|Chocolove
|join|BadNUnlucky
|player|p1|Chocolove|29
|player|p2|BadNUnlucky|59
|gametype|singles
|gen|6
|tier|OU
|rated
|clearpoke
|poke|p1|Mew
|poke|p1|Gyarados, M
|poke|p1|Latias, F
|poke|p1|Thundurus, M
|poke|p1|Mamoswine, M
|poke|p1|Scizor, F
|poke|p2|Chesnaught, F
|poke|p2|Gothitelle, M
|poke|p2|Talonflame, M
|poke|p2|Azumarill, F
|poke|p2|Forretress, M
|poke|p2|Latias, F
|rule|Swagger Clause: Swagger is banned
|rule|Baton Pass Clause: Limit one PokÃ©mon knowing Baton Pass
|rule|Sleep Clause Mod: Limit one foe put to sleep
|rule|Species Clause: Limit one of each PokÃ©mon
|rule|OHKO Clause: OHKO moves are banned
|rule|Moody Clause: Moody is banned
|rule|Evasion Moves Clause: Evasion moves are banned
|rule|Endless Battle Clause: Forcing endless battles is banned
|rule|HP Percentage Mod: HP is shown in percentages
|teampreview
|
|start
|switch|p1a: Melisandre|Scizor, F|343\/343
|switch|p2a: Azumarill|Azumarill, F|403\/403
|turn|1
|join|MetaForce
|
|move|p1a: Melisandre|U-turn|p2a: Azumarill
|-resisted|p2a: Azumarill
|-damage|p2a: Azumarill|280\/403
|
|switch|p1a: Euron|Gyarados, M|351\/351
|-ability|p1a: Euron|Intimidate|[of] p2a: Azumarill
|-unboost|p2a: Azumarill|atk|1
|move|p2a: Azumarill|Waterfall|p1a: Euron
|-resisted|p1a: Euron
|-damage|p1a: Euron|247\/351
|
|turn|2
|
|switch|p1a: Melisandre|Scizor, F|343\/343
|switch|p2a: Forretress|Forretress, M|354\/354
|
|turn|3
|join|Azuzu
|
|move|p1a: Melisandre|U-turn|p2a: Forretress
|-resisted|p2a: Forretress
|-damage|p2a: Forretress|300\/354
|
|switch|p1a: Varys|Mew|404\/404
|move|p2a: Forretress|Stealth Rock|p1a: Varys
|-sidestart|p1: Chocolove|move: Stealth Rock
|
|-heal|p2a: Forretress|322\/354|[from] item: Leftovers
|turn|4
|
|switch|p2a: Gothitelle|Gothitelle, M|344\/344
|move|p1a: Varys|Knock Off|p2a: Gothitelle
|-supereffective|p2a: Gothitelle
|-damage|p2a: Gothitelle|198\/344
|-enditem|p2a: Gothitelle|Choice Specs|[from] move: Knock Off|[of] p1a: Varys
|
|turn|5
|
|move|p1a: Varys|Will-O-Wisp|p2a: Gothitelle
|-status|p2a: Gothitelle|brn
|move|p2a: Gothitelle|Reflect|p2a: Gothitelle
|-sidestart|p2: BadNUnlucky|Reflect
|
|-damage|p2a: Gothitelle|155\/344 brn|[from] brn
|turn|6
|
|move|p1a: Varys|Taunt|p2a: Gothitelle
|-start|p2a: Gothitelle|move: Taunt
|cant|p2a: Gothitelle|move: Taunt|Trick
|
|-damage|p2a: Gothitelle|112\/344 brn|[from] brn
|turn|7
|
|move|p1a: Varys|Knock Off|p2a: Gothitelle
|-supereffective|p2a: Gothitelle
|-damage|p2a: Gothitelle|61\/344 brn
|move|p2a: Gothitelle|Dark Pulse|p1a: Varys
|-supereffective|p1a: Varys
|-damage|p1a: Varys|316\/404
|
|-heal|p1a: Varys|341\/404|[from] item: Leftovers
|-damage|p2a: Gothitelle|18\/344 brn|[from] brn
|turn|8
|
|move|p1a: Varys|Soft-Boiled|p1a: Varys
|-heal|p1a: Varys|404\/404
|move|p2a: Gothitelle|Dark Pulse|p1a: Varys
|-supereffective|p1a: Varys
|-damage|p1a: Varys|316\/404
|
|-heal|p1a: Varys|341\/404|[from] item: Leftovers
|-damage|p2a: Gothitelle|0 fnt|[from] brn
|faint|p2a: Gothitelle
|
|switch|p2a: Talonflame|Talonflame, M|359\/359
|turn|9
|
|move|p2a: Talonflame|Taunt|p1a: Varys
|-start|p1a: Varys|move: Taunt
|cant|p1a: Varys|move: Taunt|Taunt
|
|-heal|p1a: Varys|366\/404|[from] item: Leftovers
|-sideend|p2: BadNUnlucky|Reflect
|turn|10
|
|switch|p1a: Euron|Gyarados, M|247\/351
|-damage|p1a: Euron|160\/351|[from] Stealth Rock
|-ability|p1a: Euron|Intimidate|[of] p2a: Talonflame
|-unboost|p2a: Talonflame|atk|1
|move|p2a: Talonflame|Will-O-Wisp|p1a: Euron|[miss]
|-miss|p2a: Talonflame|p1a: Euron
|
|turn|11
|c|âBadNUnlucky|:(
|
|switch|p2a: Forretress|Forretress, M|322\/354
|detailschange|p1a: Euron|Gyarados-Mega, M
|-mega|p1a: Euron|Gyarados|Gyaradosite
|-ability|p1a: Euron|Mold Breaker
|move|p1a: Euron|Waterfall|p2a: Forretress
|-damage|p2a: Forretress|229\/354
|
|-heal|p2a: Forretress|251\/354|[from] item: Leftovers
|turn|12
|c|âChocolove|I'm still trying to figure out the point of that goth set
|
|move|p1a: Euron|Substitute|p1a: Euron
|-start|p1a: Euron|Substitute
|-damage|p1a: Euron|73\/351
|move|p2a: Forretress|Volt Switch|p1a: Euron
|-supereffective|p1a: Euron
|-activate|p1a: Euron|Substitute|[damage]
|
|switch|p2a: Azumarill|Azumarill, F|280\/403
|
|turn|13
|
|move|p1a: Euron|Dragon Dance|p1a: Euron
|-boost|p1a: Euron|atk|1
|-boost|p1a: Euron|spe|1
|move|p2a: Azumarill|Play Rough|p1a: Euron
|-supereffective|p1a: Euron
|-end|p1a: Euron|Substitute
|
|turn|14
|
|move|p1a: Euron|Waterfall|p2a: Azumarill
|-resisted|p2a: Azumarill
|-damage|p2a: Azumarill|130\/403
|cant|p2a: Azumarill|flinch
|
|turn|15
|
|move|p1a: Euron|Waterfall|p2a: Azumarill
|-resisted|p2a: Azumarill
|-damage|p2a: Azumarill|0 fnt
|faint|p2a: Azumarill
|
|
|switch|p2a: Chesnaught|Chesnaught, F|364\/364
|turn|16
|leave|Azuzu
|
|move|p1a: Euron|Waterfall|p2a: Chesnaught
|-resisted|p2a: Chesnaught
|-damage|p2a: Chesnaught|261\/364
|move|p2a: Chesnaught|Belly Drum|p2a: Chesnaught
|-damage|p2a: Chesnaught|79\/364
|-setboost|p2a: Chesnaught|atk|6|[from] move: Belly Drum
|-enditem|p2a: Chesnaught|Salac Berry|[eat]
|-boost|p2a: Chesnaught|spe|1|[from] item: Salac Berry
|
|turn|17
|
|move|p2a: Chesnaught|Drain Punch|p1a: Euron
|-supereffective|p1a: Euron
|-damage|p1a: Euron|0 fnt
|-heal|p2a: Chesnaught|116\/364|[from] drain|[of] p1a: Euron
|faint|p1a: Euron
|
|
|switch|p1a: Daenerys|Latias, F|301\/301
|-damage|p1a: Daenerys|264\/301|[from] Stealth Rock
|turn|18
|
|move|p2a: Chesnaught|Substitute|p2a: Chesnaught
|-start|p2a: Chesnaught|Substitute
|-damage|p2a: Chesnaught|25\/364
|move|p1a: Daenerys|Defog|p2a: Chesnaught
|-sideend|p1: Chocolove|Stealth Rock|[from] move: Defog|[of] p1a: Daenerys
|
|turn|19
|
|move|p2a: Chesnaught|Drain Punch|p1a: Daenerys
|-resisted|p1a: Daenerys
|-damage|p1a: Daenerys|42\/301
|-heal|p2a: Chesnaught|136\/364|[from] drain|[of] p1a: Daenerys
|move|p1a: Daenerys|Psyshock|p2a: Chesnaught
|-supereffective|p2a: Chesnaught
|-end|p2a: Chesnaught|Substitute
|-damage|p1a: Daenerys|12\/301|[from] item: Life Orb
|
|turn|20
|join|Azuzu
|
|move|p2a: Chesnaught|Drain Punch|p1a: Daenerys
|-resisted|p1a: Daenerys
|-damage|p1a: Daenerys|0 fnt
|-heal|p2a: Chesnaught|142\/364|[from] drain|[of] p1a: Daenerys
|faint|p1a: Daenerys
|
|
|switch|p1a: Melisandre|Scizor, F|343\/343
|turn|21
|
|move|p1a: Melisandre|Bullet Punch|p2a: Chesnaught
|-damage|p2a: Chesnaught|0 fnt
|faint|p2a: Chesnaught
|
|
|switch|p2a: Talonflame|Talonflame, M|359\/359
|turn|22
|join|ByronT
|leave|Azuzu
|
|switch|p1a: Mance|Mamoswine, M|361\/361
|move|p2a: Talonflame|Will-O-Wisp|p1a: Mance
|-status|p1a: Mance|brn
|
|-damage|p1a: Mance|316\/361 brn|[from] brn
|turn|23
|join|Azuzu
|
|move|p2a: Talonflame|Taunt|p1a: Mance
|-start|p1a: Mance|move: Taunt
|cant|p1a: Mance|move: Taunt|Stealth Rock
|
|-damage|p1a: Mance|271\/361 brn|[from] brn
|turn|24
|
|switch|p2a: Forretress|Forretress, M|251\/354
|move|p1a: Mance|Icicle Crash|p2a: Forretress
|-resisted|p2a: Forretress
|-damage|p2a: Forretress|230\/354
|
|-heal|p2a: Forretress|252\/354|[from] item: Leftovers
|-damage|p1a: Mance|226\/361 brn|[from] brn
|turn|25
|leave|Azuzu
|
|switch|p1a: Robert|Thundurus, M|299\/299
|move|p2a: Forretress|Stealth Rock|p1a: Robert
|-sidestart|p1: Chocolove|move: Stealth Rock
|
|-heal|p2a: Forretress|274\/354|[from] item: Leftovers
|turn|26
|join|Azuzu
|
|switch|p2a: Latias|Latias, F|363\/363
|move|p1a: Robert|Nasty Plot|p1a: Robert
|-boost|p1a: Robert|spa|2
|
|turn|27
|leave|Azuzu
|join|Azuzu
|
|switch|p1a: Melisandre|Scizor, F|343\/343
|-damage|p1a: Melisandre|301\/343|[from] Stealth Rock
|detailschange|p2a: Latias|Latias-Mega, F
|-mega|p2a: Latias|Latias|Latiasite
|move|p2a: Latias|Toxic|p1a: Melisandre|[miss]
|-miss|p2a: Latias|p1a: Melisandre
|
|turn|28
|c| Azuzu|OH SHIT
|
|move|p1a: Melisandre|Pursuit|p2a: Latias|[from]Pursuit
|-supereffective|p2a: Latias
|-damage|p2a: Latias|143\/363
|switch|p2a: Talonflame|Talonflame, M|359\/359
|
|turn|29
|
|switch|p1a: Mance|Mamoswine, M|226\/361 brn
|-damage|p1a: Mance|181\/361 brn|[from] Stealth Rock
|move|p2a: Talonflame|Taunt|p1a: Mance
|-start|p1a: Mance|move: Taunt
|
|-damage|p1a: Mance|136\/361 brn|[from] brn
|turn|30
|
|move|p2a: Talonflame|Brave Bird|p1a: Mance
|-damage|p1a: Mance|0 fnt
|-damage|p2a: Talonflame|314\/359|[from] recoil|[of] p1a: Mance
|faint|p1a: Mance
|
|-heal|p2a: Talonflame|336\/359|[from] item: Leftovers
|leave|Azuzu
|
|switch|p1a: Robert|Thundurus, M|299\/299
|-damage|p1a: Robert|225\/299|[from] Stealth Rock
|turn|31
|join|Azuzu
|c|âChocolove|Azuzu
|c|âChocolove|why are you playing sex
|c| Azuzu|sex?
|c|âChocolove|going in
|c|âChocolove|going out
|c|âChocolove|pls
|c| Azuzu|my net is from africa and keeps dcing
|
|move|p1a: Robert|Thunderbolt|p2a: Talonflame
|-supereffective|p2a: Talonflame
|-damage|p2a: Talonflame|46\/359
|move|p2a: Talonflame|Taunt|p1a: Robert
|-start|p1a: Robert|move: Taunt
|
|-heal|p1a: Robert|243\/299|[from] item: Leftovers
|-heal|p2a: Talonflame|68\/359|[from] item: Leftovers
|turn|32
|c| Azuzu|but i want to get team ideas
|
|switch|p2a: Latias|Latias-Mega, F|143\/363
|move|p1a: Robert|Hidden Power|p2a: Latias
|-supereffective|p2a: Latias
|-damage|p2a: Latias|55\/363
|
|-heal|p1a: Robert|261\/299|[from] item: Leftovers
|turn|33
|leave|Azuzu
|
|move|p1a: Robert|Hidden Power|p2a: Latias
|-supereffective|p2a: Latias
|-damage|p2a: Latias|0 fnt
|faint|p2a: Latias
|
|-heal|p1a: Robert|279\/299|[from] item: Leftovers
|-message|BadNUnlucky forfeited.
|leave|BadNUnlucky
|
|win|Chocolove
|raw|Ladder updating...
|player|p2
|raw|Chocolove's rating: 1508 &rarr; <strong>1524<\/strong><br \/>(+16 for winning)
|raw|BadNUnlucky's rating: 1453 &rarr; <strong>1436<\/strong><br \/>(-17 for losing)
|leave|ByronT
|join|Azuzu
|c| Azuzu|did you like my
|c| Azuzu|africa joke
|c| Azuzu|?
|c|âChocolove|I'm laughing so much right now
|c| Azuzu|really
|c| Azuzu|or sarcastic
|c|âChocolove|because I won
|c|âChocolove|so it's real
|c| Azuzu|ah
|c| Azuzu|k
|c|âChocolove|gg anyways