|join|Chocolove
|join|Ordalt
|player|p1|Chocolove|29
|player|p2|Ordalt|154
|gametype|singles
|gen|6
|tier|OU
|rated
|clearpoke
|poke|p1|Crawdaunt, M
|poke|p1|Raikou
|poke|p1|Heatran, F
|poke|p1|Starmie
|poke|p1|Landorus-Therian, M
|poke|p1|Metagross
|poke|p2|Empoleon, M
|poke|p2|Keldeo
|poke|p2|Charizard, F
|poke|p2|Tyranitar, F
|poke|p2|Kyurem-Black
|poke|p2|Landorus-Therian, M
|rule|Swagger Clause: Swagger is banned
|rule|Baton Pass Clause: Limit one PokÃ©mon knowing Baton Pass
|rule|Sleep Clause Mod: Limit one foe put to sleep
|rule|Species Clause: Limit one of each PokÃ©mon
|rule|OHKO Clause: OHKO moves are banned
|rule|Moody Clause: Moody is banned
|rule|Evasion Moves Clause: Evasion moves are banned
|rule|Endless Battle Clause: Forcing endless battles is banned
|rule|HP Percentage Mod: HP is shown in percentages
|teampreview
|c|âOrdalt|hey there (:
|
|start
|switch|p1a: Bittersteel|Metagross|302\/302
|switch|p2a: Keldeo|Keldeo|323\/323
|turn|1
|
|switch|p2a: Empoleon|Empoleon, M|372\/372
|detailschange|p1a: Bittersteel|Metagross-Mega
|-mega|p1a: Bittersteel|Metagross|Metagrossite
|move|p1a: Bittersteel|Zen Headbutt|p2a: Empoleon
|-resisted|p2a: Empoleon
|-damage|p2a: Empoleon|288\/372
|
|-heal|p2a: Empoleon|311\/372|[from] item: Leftovers
|turn|2
|
|switch|p1a: Based Dog|Landorus-Therian, M|319\/319
|-ability|p1a: Based Dog|Intimidate|[of] p2a: Empoleon
|-unboost|p2a: Empoleon|atk|1
|switch|p2a: Landorus-Therian|Landorus-Therian, M|327\/327
|-ability|p2a: Landorus-Therian|Intimidate|[of] p1a: Based Dog
|-unboost|p1a: Based Dog|atk|1
|
|turn|3
|
|move|p2a: Landorus-Therian|U-turn|p1a: Based Dog
|-resisted|p1a: Based Dog
|-damage|p1a: Based Dog|274\/319
|
|switch|p2a: Empoleon|Empoleon, M|311\/372
|move|p1a: Based Dog|U-turn|p2a: Empoleon
|-resisted|p2a: Empoleon
|-damage|p2a: Empoleon|285\/372
|
|switch|p1a: Not so based|Raikou|321\/321
|-ability|p1a: Not so based|Pressure
|
|-heal|p2a: Empoleon|308\/372|[from] item: Leftovers
|turn|4
|
|switch|p2a: Tyranitar|Tyranitar, F|404\/404
|-weather|Sandstorm
|move|p1a: Not so based|Hidden Power|p2a: Tyranitar
|-damage|p2a: Tyranitar|357\/404
|
|-weather|Sandstorm|[upkeep]
|-damage|p1a: Not so based|301\/321|[from] sandstorm
|turn|5
|
|move|p1a: Not so based|Volt Switch|p2a: Tyranitar
|-damage|p2a: Tyranitar|287\/404
|
|move|p2a: Tyranitar|Pursuit|p1a: Not so based|[from]Pursuit
|-damage|p1a: Not so based|0 fnt
|faint|p1a: Not so based
|
|-weather|Sandstorm|[upkeep]
|
|switch|p1a: Lightbringer|Heatran, F|371\/371
|turn|6
|
|switch|p2a: Kyurem-Black|Kyurem-Black|391\/391
|-ability|p2a: Kyurem-Black|Teravolt
|move|p1a: Lightbringer|Stealth Rock|p2a: Kyurem-Black
|-sidestart|p2: Ordalt|move: Stealth Rock
|
|-weather|Sandstorm|[upkeep]
|-damage|p2a: Kyurem-Black|367\/391|[from] sandstorm
|turn|7
|
|move|p2a: Kyurem-Black|Ice Beam|p1a: Lightbringer
|-resisted|p1a: Lightbringer
|-damage|p1a: Lightbringer|345\/371
|move|p1a: Lightbringer|Roar|p2a: Kyurem-Black
|drag|p2a: Charizard|Charizard, F|297\/297
|-damage|p2a: Charizard|149\/297|[from] Stealth Rock
|
|-weather|Sandstorm|[upkeep]
|-damage|p2a: Charizard|131\/297|[from] sandstorm
|-heal|p1a: Lightbringer|368\/371|[from] item: Leftovers
|turn|8
|
|detailschange|p2a: Charizard|Charizard-Mega-Y, F
|-mega|p2a: Charizard|Charizard|Charizardite Y
|-weather|SunnyDay
|move|p2a: Charizard|Roost|p2a: Charizard
|-heal|p2a: Charizard|280\/297
|move|p1a: Lightbringer|Lava Plume|p2a: Charizard
|-resisted|p2a: Charizard
|-damage|p2a: Charizard|206\/297
|
|-weather|SunnyDay|[upkeep]
|-heal|p1a: Lightbringer|371\/371|[from] item: Leftovers
|turn|9
|
|move|p2a: Charizard|Earthquake|p1a: Lightbringer
|-crit|p1a: Lightbringer
|-supereffective|p1a: Lightbringer
|-damage|p1a: Lightbringer|0 fnt
|faint|p1a: Lightbringer
|
|-weather|SunnyDay|[upkeep]
|
|switch|p1a: Bittersteel|Metagross-Mega|302\/302
|turn|10
|
|move|p1a: Bittersteel|Zen Headbutt|p2a: Charizard
|-damage|p2a: Charizard|0 fnt
|faint|p2a: Charizard
|
|-weather|SunnyDay|[upkeep]
|
|switch|p2a: Empoleon|Empoleon, M|308\/372
|-damage|p2a: Empoleon|285\/372|[from] Stealth Rock
|turn|11
|
|move|p1a: Bittersteel|Earthquake|p2a: Empoleon
|-crit|p2a: Empoleon
|-supereffective|p2a: Empoleon
|-damage|p2a: Empoleon|0 fnt
|faint|p2a: Empoleon
|
|-weather|SunnyDay|[upkeep]
|
|switch|p2a: Landorus-Therian|Landorus-Therian, M|327\/327
|-damage|p2a: Landorus-Therian|287\/327|[from] Stealth Rock
|-ability|p2a: Landorus-Therian|Intimidate|[of] p1a: Bittersteel
|-unboost|p1a: Bittersteel|atk|1
|turn|12
|
|switch|p1a: Based Dog|Landorus-Therian, M|274\/319
|-ability|p1a: Based Dog|Intimidate|[of] p2a: Landorus-Therian
|-unboost|p2a: Landorus-Therian|atk|1
|move|p2a: Landorus-Therian|U-turn|p1a: Based Dog
|-resisted|p1a: Based Dog
|-damage|p1a: Based Dog|241\/319
|
|switch|p2a: Kyurem-Black|Kyurem-Black|367\/391
|-damage|p2a: Kyurem-Black|270\/391|[from] Stealth Rock
|-ability|p2a: Kyurem-Black|Teravolt
|
|-weather|none
|turn|13
|
|switch|p1a: Bittersteel|Metagross-Mega|302\/302
|move|p2a: Kyurem-Black|Ice Beam|p1a: Bittersteel
|-resisted|p1a: Bittersteel
|-damage|p1a: Bittersteel|233\/302
|
|turn|14
|
|switch|p2a: Landorus-Therian|Landorus-Therian, M|287\/327
|-damage|p2a: Landorus-Therian|247\/327|[from] Stealth Rock
|-ability|p2a: Landorus-Therian|Intimidate|[of] p1a: Bittersteel
|-unboost|p1a: Bittersteel|atk|1
|move|p1a: Bittersteel|Meteor Mash|p2a: Landorus-Therian
|-damage|p2a: Landorus-Therian|76\/327
|
|turn|15
|
|switch|p1a: Based Dog|Landorus-Therian, M|241\/319
|-ability|p1a: Based Dog|Intimidate|[of] p2a: Landorus-Therian
|-unboost|p2a: Landorus-Therian|atk|1
|move|p2a: Landorus-Therian|U-turn|p1a: Based Dog
|-crit|p1a: Based Dog
|-resisted|p1a: Based Dog
|-damage|p1a: Based Dog|165\/319
|
|switch|p2a: Kyurem-Black|Kyurem-Black|270\/391
|-damage|p2a: Kyurem-Black|173\/391|[from] Stealth Rock
|-ability|p2a: Kyurem-Black|Teravolt
|
|turn|16
|
|switch|p1a: Euron|Crawdaunt, M|268\/268
|move|p2a: Kyurem-Black|Ice Beam|p1a: Euron
|-resisted|p1a: Euron
|-damage|p1a: Euron|149\/268
|
|turn|17
|
|move|p2a: Kyurem-Black|Ice Beam|p1a: Euron
|-resisted|p1a: Euron
|-damage|p1a: Euron|17\/268
|move|p1a: Euron|Knock Off|p2a: Kyurem-Black
|-damage|p2a: Kyurem-Black|0 fnt
|-enditem|p2a: Kyurem-Black|Choice Scarf|[from] move: Knock Off|[of] p1a: Euron
|-damage|p1a: Euron|0 fnt|[from] item: Life Orb
|faint|p2a: Kyurem-Black
|faint|p1a: Euron
|
|
|switch|p2a: Keldeo|Keldeo|323\/323
|switch|p1a: Starfall|Starmie|324\/324
|-damage|p2a: Keldeo|303\/323|[from] Stealth Rock
|turn|18
|
|switch|p2a: Tyranitar|Tyranitar, F|287\/404
|-damage|p2a: Tyranitar|237\/404|[from] Stealth Rock
|-weather|Sandstorm
|move|p1a: Starfall|Scald|p2a: Tyranitar
|-supereffective|p2a: Tyranitar
|-damage|p2a: Tyranitar|105\/404
|
|-weather|Sandstorm|[upkeep]
|-damage|p1a: Starfall|304\/324|[from] sandstorm
|-heal|p1a: Starfall|324\/324|[from] item: Leftovers
|turn|19
|
|move|p1a: Starfall|Scald|p2a: Tyranitar
|-supereffective|p2a: Tyranitar
|-damage|p2a: Tyranitar|0 fnt
|faint|p2a: Tyranitar
|
|-weather|Sandstorm|[upkeep]
|-damage|p1a: Starfall|304\/324|[from] sandstorm
|-heal|p1a: Starfall|324\/324|[from] item: Leftovers
|
|switch|p2a: Landorus-Therian|Landorus-Therian, M|76\/327
|-damage|p2a: Landorus-Therian|36\/327|[from] Stealth Rock
|-ability|p2a: Landorus-Therian|Intimidate|[of] p1a: Starfall
|-unboost|p1a: Starfall|atk|1
|turn|20
|
|move|p2a: Landorus-Therian|Earthquake|p1a: Starfall
|-damage|p1a: Starfall|116\/324
|move|p1a: Starfall|Psyshock|p2a: Landorus-Therian
|-damage|p2a: Landorus-Therian|0 fnt
|faint|p2a: Landorus-Therian
|
|-weather|Sandstorm|[upkeep]
|-damage|p1a: Starfall|96\/324|[from] sandstorm
|-heal|p1a: Starfall|116\/324|[from] item: Leftovers
|
|switch|p2a: Keldeo|Keldeo|303\/323
|-damage|p2a: Keldeo|283\/323|[from] Stealth Rock
|turn|21
|
|move|p2a: Keldeo|Hydro Pump|p1a: Starfall
|-resisted|p1a: Starfall
|-damage|p1a: Starfall|2\/324
|move|p1a: Starfall|Psyshock|p2a: Keldeo
|-supereffective|p2a: Keldeo
|-damage|p2a: Keldeo|77\/323
|
|-weather|Sandstorm|[upkeep]
|-damage|p2a: Keldeo|57\/323|[from] sandstorm
|-damage|p1a: Starfall|0 fnt|[from] sandstorm
|faint|p1a: Starfall
|c|âOrdalt|gg
|c|âChocolove|gg
|
|switch|p1a: Based Dog|Landorus-Therian, M|165\/319
|-ability|p1a: Based Dog|Intimidate|[of] p2a: Keldeo
|-unboost|p2a: Keldeo|atk|1
|turn|22
|
|move|p2a: Keldeo|Hydro Pump|p1a: Based Dog|[miss]
|-miss|p2a: Keldeo|p1a: Based Dog
|move|p1a: Based Dog|Explosion|p2a: Keldeo
|-damage|p2a: Keldeo|0 fnt
|faint|p1a: Based Dog
|faint|p2a: Keldeo
|
|win|Chocolove
|raw|Ladder updating...
|raw|Chocolove's rating: 1502 &rarr; <strong>1519<\/strong><br \/>(+17 for winning)
|raw|Ordalt's rating: 1457 &rarr; <strong>1439<\/strong><br \/>(-18 for losing)
|leave|Ordalt
|player|p2