|join|Chocolove
|join|Sashcat
|player|p1|Chocolove|29
|player|p2|Sashcat|238
|gametype|singles
|gen|6
|tier|OU
|rated
|clearpoke
|poke|p1|Mew
|poke|p1|Gyarados, M
|poke|p1|Latias, F
|poke|p1|Thundurus, M
|poke|p1|Mamoswine, M
|poke|p1|Scizor, F
|poke|p2|Gallade, M
|poke|p2|Talonflame, F
|poke|p2|Jirachi
|poke|p2|Latias, F
|poke|p2|Rotom-Wash
|poke|p2|Landorus-Therian, M
|rule|Swagger Clause: Swagger is banned
|rule|Baton Pass Clause: Limit one PokÃ©mon knowing Baton Pass
|rule|Sleep Clause Mod: Limit one foe put to sleep
|rule|Species Clause: Limit one of each PokÃ©mon
|rule|OHKO Clause: OHKO moves are banned
|rule|Moody Clause: Moody is banned
|rule|Evasion Moves Clause: Evasion moves are banned
|rule|Endless Battle Clause: Forcing endless battles is banned
|rule|HP Percentage Mod: HP is shown in percentages
|teampreview
|
|start
|switch|p1a: Robert|Thundurus, M|299\/299
|switch|p2a: Rotom-Wash|Rotom-Wash|303\/303
|turn|1
|
|move|p1a: Robert|Nasty Plot|p1a: Robert
|-boost|p1a: Robert|spa|2
|move|p2a: Rotom-Wash|Pain Split|p1a: Robert
|-sethp|p1a: Robert|299\/299|p2a: Rotom-Wash|301\/303|[from] move: Pain Split
|
|-heal|p2a: Rotom-Wash|303\/303|[from] item: Leftovers
|turn|2
|
|switch|p2a: Landorus-Therian|Landorus-Therian, M|320\/320
|-ability|p2a: Landorus-Therian|Intimidate|[of] p1a: Robert
|-unboost|p1a: Robert|atk|1
|move|p1a: Robert|Thunderbolt|p2a: Landorus-Therian
|-immune|p2a: Landorus-Therian|[msg]
|
|turn|3
|
|switch|p1a: Melisandre|Scizor, F|343\/343
|move|p2a: Landorus-Therian|Stone Edge|p1a: Melisandre|[miss]
|-miss|p2a: Landorus-Therian|p1a: Melisandre
|
|turn|4
|
|switch|p2a: Rotom-Wash|Rotom-Wash|303\/303
|move|p1a: Melisandre|U-turn|p2a: Rotom-Wash
|-damage|p2a: Rotom-Wash|144\/303
|
|switch|p1a: Robert|Thundurus, M|299\/299
|
|-heal|p2a: Rotom-Wash|162\/303|[from] item: Leftovers
|turn|5
|
|move|p1a: Robert|Thunderbolt|p2a: Rotom-Wash
|-damage|p2a: Rotom-Wash|2\/303
|move|p2a: Rotom-Wash|Pain Split|p1a: Robert
|-sethp|p1a: Robert|150\/299|p2a: Rotom-Wash|150\/303|[from] move: Pain Split
|
|-heal|p1a: Robert|168\/299|[from] item: Leftovers
|-heal|p2a: Rotom-Wash|168\/303|[from] item: Leftovers
|turn|6
|
|switch|p2a: Jirachi|Jirachi|404\/404
|move|p1a: Robert|Nasty Plot|p1a: Robert
|-boost|p1a: Robert|spa|2
|
|-heal|p1a: Robert|186\/299|[from] item: Leftovers
|turn|7
|
|move|p1a: Robert|Thunderbolt|p2a: Jirachi
|-damage|p2a: Jirachi|178\/404
|move|p2a: Jirachi|Stealth Rock|p1a: Robert
|-sidestart|p1: Chocolove|move: Stealth Rock
|
|-heal|p1a: Robert|204\/299|[from] item: Leftovers
|-heal|p2a: Jirachi|203\/404|[from] item: Leftovers
|turn|8
|
|switch|p2a: Landorus-Therian|Landorus-Therian, M|320\/320
|-ability|p2a: Landorus-Therian|Intimidate|[of] p1a: Robert
|-unboost|p1a: Robert|atk|1
|move|p1a: Robert|Hidden Power|p2a: Landorus-Therian
|-supereffective|p2a: Landorus-Therian
|-damage|p2a: Landorus-Therian|0 fnt
|faint|p2a: Landorus-Therian
|
|-heal|p1a: Robert|222\/299|[from] item: Leftovers
|
|switch|p2a: Talonflame|Talonflame, F|319\/319
|turn|9
|
|move|p2a: Talonflame|Flare Blitz|p1a: Robert
|-damage|p1a: Robert|6\/299
|-damage|p2a: Talonflame|248\/319|[from] recoil|[of] p1a: Robert
|move|p1a: Robert|Thunderbolt|p2a: Talonflame
|-supereffective|p2a: Talonflame
|-damage|p2a: Talonflame|0 fnt
|faint|p2a: Talonflame
|
|-heal|p1a: Robert|24\/299|[from] item: Leftovers
|
|switch|p2a: Jirachi|Jirachi|203\/404
|turn|10
|
|move|p1a: Robert|Thunderbolt|p2a: Jirachi
|-damage|p2a: Jirachi|0 fnt
|faint|p2a: Jirachi
|
|-heal|p1a: Robert|42\/299|[from] item: Leftovers
|-message|Sashcat forfeited.
|
|win|Chocolove
|raw|Ladder updating...
|leave|Sashcat
|player|p2
|raw|Chocolove's rating: 1510 &rarr; <strong>1528<\/strong><br \/>(+18 for winning)
|raw|Sashcat's rating: 1470 &rarr; <strong>1452<\/strong><br \/>(-18 for losing)