|join|Silve
|join|Chocolove
|player|p1|Silve|167
|player|p2|Chocolove|29
|gametype|singles
|gen|6
|tier|OU
|rated
|clearpoke
|poke|p1|Medicham, M
|poke|p1|Chansey, F
|poke|p1|Mandibuzz, F
|poke|p1|Tentacruel, F
|poke|p1|Rotom-Wash
|poke|p1|Forretress, M
|poke|p2|Mew
|poke|p2|Gyarados, M
|poke|p2|Latias, F
|poke|p2|Thundurus, M
|poke|p2|Mamoswine, F
|poke|p2|Scizor, F
|rule|Swagger Clause: Swagger is banned
|rule|Baton Pass Clause: Limit one PokÃ©mon knowing Baton Pass
|rule|Sleep Clause Mod: Limit one foe put to sleep
|rule|Species Clause: Limit one of each PokÃ©mon
|rule|OHKO Clause: OHKO moves are banned
|rule|Moody Clause: Moody is banned
|rule|Evasion Moves Clause: Evasion moves are banned
|rule|Endless Battle Clause: Forcing endless battles is banned
|rule|HP Percentage Mod: HP is shown in percentages
|teampreview
|
|start
|switch|p1a: Medicham|Medicham, M|262\/262
|switch|p2a: Melisandre|Scizor, F|343\/343
|turn|1
|
|detailschange|p1a: Medicham|Medicham-Mega, M
|-mega|p1a: Medicham|Medicham|Medichamite
|move|p1a: Medicham|Fake Out|p2a: Melisandre
|-resisted|p2a: Melisandre
|-damage|p2a: Melisandre|305\/343
|cant|p2a: Melisandre|flinch
|
|turn|2
|
|switch|p1a: Mandibuzz|Mandibuzz, F|424\/424
|move|p2a: Melisandre|U-turn|p1a: Mandibuzz
|-damage|p1a: Mandibuzz|280\/424
|-damage|p2a: Melisandre|248\/343|[from] item: Rocky Helmet|[of] p1a: Mandibuzz
|
|switch|p2a: Robert|Thundurus, M|299\/299
|
|turn|3
|
|switch|p1a: Rotom-Wash|Rotom-Wash|242\/242
|move|p2a: Robert|Nasty Plot|p2a: Robert
|-boost|p2a: Robert|spa|2
|
|turn|4
|
|move|p1a: Rotom-Wash|Thunderbolt|p2a: Robert
|-damage|p2a: Robert|131\/299
|move|p2a: Robert|Thunderbolt|p1a: Rotom-Wash
|-damage|p1a: Rotom-Wash|0 fnt
|faint|p1a: Rotom-Wash
|
|-heal|p2a: Robert|149\/299|[from] item: Leftovers
|
|switch|p1a: Medicham|Medicham-Mega, M|262\/262
|turn|5
|
|switch|p2a: Varys|Mew|404\/404
|move|p1a: Medicham|Fake Out|p2a: Varys
|-damage|p2a: Varys|324\/404
|
|-heal|p2a: Varys|349\/404|[from] item: Leftovers
|turn|6
|
|switch|p1a: Tentacruel|Tentacruel, F|364\/364
|move|p2a: Varys|Will-O-Wisp|p1a: Tentacruel
|-status|p1a: Tentacruel|brn
|
|-heal|p2a: Varys|374\/404|[from] item: Leftovers
|-damage|p1a: Tentacruel|319\/364 brn|[from] brn
|turn|7
|
|move|p2a: Varys|Taunt|p1a: Tentacruel
|-start|p1a: Tentacruel|move: Taunt
|cant|p1a: Tentacruel|move: Taunt|Toxic
|
|-heal|p2a: Varys|399\/404|[from] item: Leftovers
|-heal|p1a: Tentacruel|341\/364 brn|[from] item: Black Sludge
|-damage|p1a: Tentacruel|296\/364 brn|[from] brn
|turn|8
|
|switch|p2a: Euron|Gyarados, M|351\/351
|-ability|p2a: Euron|Intimidate|[of] p1a: Tentacruel
|-unboost|p1a: Tentacruel|atk|1
|move|p1a: Tentacruel|Scald|p2a: Euron
|-resisted|p2a: Euron
|-damage|p2a: Euron|312\/351
|
|-heal|p1a: Tentacruel|318\/364 brn|[from] item: Black Sludge
|-damage|p1a: Tentacruel|273\/364 brn|[from] brn
|turn|9
|
|detailschange|p2a: Euron|Gyarados-Mega, M
|-mega|p2a: Euron|Gyarados|Gyaradosite
|-ability|p2a: Euron|Mold Breaker
|move|p2a: Euron|Substitute|p2a: Euron
|-start|p2a: Euron|Substitute
|-damage|p2a: Euron|225\/351
|move|p1a: Tentacruel|Scald|p2a: Euron
|-resisted|p2a: Euron
|-activate|p2a: Euron|Substitute|[damage]
|
|-heal|p1a: Tentacruel|295\/364 brn|[from] item: Black Sludge
|-damage|p1a: Tentacruel|250\/364 brn|[from] brn
|-end|p1a: Tentacruel|move: Taunt
|turn|10
|-message|Silve forfeited.
|leave|Silve
|
|win|Chocolove
|raw|Ladder updating...
|player|p1
|raw|Silve's rating: 1437 &rarr; <strong>1420<\/strong><br \/>(-17 for losing)
|raw|Chocolove's rating: 1490 &rarr; <strong>1507<\/strong><br \/>(+17 for winning)