|join|IAmSlowking
|join|Chocolove
|player|p1|IAmSlowking|288
|player|p2|Chocolove|29
|gametype|singles
|gen|6
|tier|OU
|clearpoke
|poke|p1|Lopunny, M
|poke|p1|Latias, F
|poke|p1|Landorus-Therian, M
|poke|p1|Magnezone
|poke|p1|Rotom-Wash
|poke|p1|Breloom, M
|poke|p2|Mew
|poke|p2|Gyarados, M
|poke|p2|Latias, F
|poke|p2|Thundurus, M
|poke|p2|Mamoswine, M
|poke|p2|Scizor, F
|rule|Swagger Clause: Swagger is banned
|rule|Baton Pass Clause: Limit one PokÃ©mon knowing Baton Pass
|rule|Sleep Clause Mod: Limit one foe put to sleep
|rule|Species Clause: Limit one of each PokÃ©mon
|rule|OHKO Clause: OHKO moves are banned
|rule|Moody Clause: Moody is banned
|rule|Evasion Moves Clause: Evasion moves are banned
|rule|Endless Battle Clause: Forcing endless battles is banned
|rule|HP Percentage Mod: HP is shown in percentages
|teampreview
|c|âIAmSlowking|gl
|c|âIAmSlowking|dont raep me
|
|start
|switch|p1a: Lisa Lisa|Lopunny, M|272\/272
|switch|p2a: Euron|Gyarados, M|351\/351
|-ability|p2a: Euron|Intimidate|[of] p1a: Lisa Lisa
|-unboost|p1a: Lisa Lisa|atk|1
|turn|1
|c|âChocolove|gl
|
|switch|p2a: Varys|Mew|404\/404
|detailschange|p1a: Lisa Lisa|Lopunny-Mega, M
|-mega|p1a: Lisa Lisa|Lopunny|Lopunnite
|move|p1a: Lisa Lisa|Fake Out|p2a: Varys
|-damage|p2a: Varys|356\/404
|
|-heal|p2a: Varys|381\/404|[from] item: Leftovers
|turn|2
|c|âChocolove|I'm quite unlucky these days
|
|switch|p1a: Latina|Latias, F|301\/301
|move|p2a: Varys|Will-O-Wisp|p1a: Latina
|-status|p1a: Latina|brn
|
|-heal|p2a: Varys|404\/404|[from] item: Leftovers
|-damage|p1a: Latina|264\/301 brn|[from] brn
|turn|3
|
|switch|p2a: Melisandre|Scizor, F|343\/343
|move|p1a: Latina|Draco Meteor|p2a: Melisandre
|-resisted|p2a: Melisandre
|-damage|p2a: Melisandre|171\/343
|-unboost|p1a: Latina|spa|2
|-damage|p1a: Latina|234\/301 brn|[from] item: Life Orb
|
|-damage|p1a: Latina|197\/301 brn|[from] brn
|turn|4
|
|move|p2a: Melisandre|Pursuit|p1a: Latina|[from]Pursuit
|-supereffective|p1a: Latina
|-damage|p1a: Latina|0 fnt
|faint|p1a: Latina
|
|
|switch|p1a: 2fast4u|Landorus-Therian, M|382\/382
|-ability|p1a: 2fast4u|Intimidate|[of] p2a: Melisandre
|-unboost|p2a: Melisandre|atk|1
|turn|5
|
|switch|p2a: Euron|Gyarados, M|351\/351
|-ability|p2a: Euron|Intimidate|[of] p1a: 2fast4u
|-unboost|p1a: 2fast4u|atk|1
|move|p1a: 2fast4u|Stealth Rock|p2a: Euron
|-sidestart|p2: Chocolove|move: Stealth Rock
|
|turn|6
|
|move|p2a: Euron|Dragon Dance|p2a: Euron
|-boost|p2a: Euron|atk|1
|-boost|p2a: Euron|spe|1
|move|p1a: 2fast4u|U-turn|p2a: Euron
|-resisted|p2a: Euron
|-damage|p2a: Euron|321\/351
|
|switch|p1a: Must...help...land|Magnezone|282\/282
|
|turn|7
|
|detailschange|p2a: Euron|Gyarados-Mega, M
|-mega|p2a: Euron|Gyarados|Gyaradosite
|-ability|p2a: Euron|Mold Breaker
|move|p2a: Euron|Crunch|p1a: Must...help...land
|-damage|p1a: Must...help...land|27\/282
|-unboost|p1a: Must...help...land|def|1
|move|p1a: Must...help...land|Thunderbolt|p2a: Euron
|-supereffective|p2a: Euron
|-damage|p2a: Euron|51\/351
|
|turn|8
|
|move|p2a: Euron|Crunch|p1a: Must...help...land
|-damage|p1a: Must...help...land|0 fnt
|faint|p1a: Must...help...land
|
|c|âIAmSlowking|Cancel isnt working :I
|
|switch|p1a: Insert Name Here|Breloom, M|262\/262
|turn|9
|c|âChocolove|too much lag :[
|c|âIAmSlowking|u.u
|
|move|p1a: Insert Name Here|Mach Punch|p2a: Euron
|-supereffective|p2a: Euron
|-damage|p2a: Euron|0 fnt
|faint|p2a: Euron
|
|
|switch|p2a: Daenerys|Latias, F|301\/301
|-damage|p2a: Daenerys|264\/301|[from] Stealth Rock
|turn|10
|
|move|p2a: Daenerys|Defog|p1a: Insert Name Here
|-unboost|p1a: Insert Name Here|evasion|1
|-sideend|p2: Chocolove|Stealth Rock|[from] move: Defog|[of] p2a: Daenerys
|move|p1a: Insert Name Here|Spore|p2a: Daenerys
|-status|p2a: Daenerys|slp
|
|turn|11
|
|switch|p2a: Varys|Mew|404\/404
|move|p1a: Insert Name Here|Rock Tomb|p2a: Varys
|-crit|p2a: Varys
|-damage|p2a: Varys|247\/404
|-unboost|p2a: Varys|spe|1
|
|-heal|p2a: Varys|272\/404|[from] item: Leftovers
|turn|12
|
|move|p1a: Insert Name Here|Bullet Seed|p2a: Varys
|-damage|p2a: Varys|208\/404
|-damage|p2a: Varys|136\/404
|-damage|p2a: Varys|73\/404
|-damage|p2a: Varys|12\/404
|-hitcount|p2a: Varys|4
|move|p2a: Varys|Will-O-Wisp|p1a: Insert Name Here
|-status|p1a: Insert Name Here|brn
|
|-heal|p2a: Varys|37\/404|[from] item: Leftovers
|-damage|p1a: Insert Name Here|230\/262 brn|[from] brn
|turn|13
|c|âIAmSlowking|cancel 2 strong
|
|move|p1a: Insert Name Here|Rock Tomb|p2a: Varys
|-damage|p2a: Varys|0 fnt
|faint|p2a: Varys
|
|-damage|p1a: Insert Name Here|198\/262 brn|[from] brn
|
|switch|p2a: Melisandre|Scizor, F|171\/343
|turn|14
|
|switch|p1a: 2fast4u|Landorus-Therian, M|382\/382
|-ability|p1a: 2fast4u|Intimidate|[of] p2a: Melisandre
|-unboost|p2a: Melisandre|atk|1
|move|p2a: Melisandre|U-turn|p1a: 2fast4u
|-resisted|p1a: 2fast4u
|-damage|p1a: 2fast4u|326\/382
|
|switch|p2a: Robert|Thundurus, M|299\/299
|
|-heal|p1a: 2fast4u|349\/382|[from] item: Leftovers
|turn|15
|
|switch|p1a: muh wisp|Rotom-Wash|304\/304
|move|p2a: Robert|Nasty Plot|p2a: Robert
|-boost|p2a: Robert|spa|2
|
|turn|16
|
|move|p2a: Robert|Thunderbolt|p1a: muh wisp
|-damage|p1a: muh wisp|90\/304
|move|p1a: muh wisp|Will-O-Wisp|p2a: Robert
|-status|p2a: Robert|brn
|
|-heal|p1a: muh wisp|109\/304|[from] item: Leftovers
|-damage|p2a: Robert|262\/299 brn|[from] brn
|turn|17
|
|switch|p1a: 2fast4u|Landorus-Therian, M|349\/382
|-ability|p1a: 2fast4u|Intimidate|[of] p2a: Robert
|-unboost|p2a: Robert|atk|1
|move|p2a: Robert|Thunderbolt|p1a: 2fast4u
|-immune|p1a: 2fast4u|[msg]
|
|-heal|p2a: Robert|280\/299 brn|[from] item: Leftovers
|-heal|p1a: 2fast4u|372\/382|[from] item: Leftovers
|-damage|p2a: Robert|243\/299 brn|[from] brn
|turn|18
|
|move|p2a: Robert|Hidden Power|p1a: 2fast4u
|-supereffective|p1a: 2fast4u
|-damage|p1a: 2fast4u|0 fnt
|faint|p1a: 2fast4u
|
|-heal|p2a: Robert|261\/299 brn|[from] item: Leftovers
|-damage|p2a: Robert|224\/299 brn|[from] brn
|
|switch|p1a: Lisa Lisa|Lopunny-Mega, M|272\/272
|turn|19
|
|switch|p2a: Daenerys|Latias, F|264\/301 slp
|move|p1a: Lisa Lisa|Fake Out|p2a: Daenerys
|-damage|p2a: Daenerys|177\/301 slp
|
|turn|20
|
|move|p1a: Lisa Lisa|Ice Punch|p2a: Daenerys
|-supereffective|p2a: Daenerys
|-damage|p2a: Daenerys|0 fnt
|faint|p2a: Daenerys
|
|leave|Chocolove
|join|Chocolove
|player|p2
|c|âIAmSlowking|rip
|player|p2|Chocolove|29
|c|âIAmSlowking|unrip
|c|âChocolove|third world country internet :v
|
|switch|p2a: Mance|Mamoswine, M|361\/361
|turn|21
|c|âChocolove|reveal endeavor now
|
|switch|p1a: muh wisp|Rotom-Wash|109\/304
|move|p2a: Mance|Stealth Rock|p1a: muh wisp
|-sidestart|p1: IAmSlowking|move: Stealth Rock
|
|-heal|p1a: muh wisp|128\/304|[from] item: Leftovers
|turn|22
|
|switch|p2a: Robert|Thundurus, M|224\/299 brn
|move|p1a: muh wisp|Hydro Pump|p2a: Robert
|-damage|p2a: Robert|58\/299 brn
|
|-heal|p2a: Robert|76\/299 brn|[from] item: Leftovers
|-heal|p1a: muh wisp|147\/304|[from] item: Leftovers
|-damage|p2a: Robert|39\/299 brn|[from] brn
|turn|23
|
|move|p2a: Robert|Thunderbolt|p1a: muh wisp
|-damage|p1a: muh wisp|30\/304
|move|p1a: muh wisp|Volt Switch|p2a: Robert
|-damage|p2a: Robert|0 fnt
|faint|p2a: Robert
|
|switch|p1a: Insert Name Here|Breloom, M|198\/262 brn
|-damage|p1a: Insert Name Here|182\/262 brn|[from] Stealth Rock
|
|-damage|p1a: Insert Name Here|150\/262 brn|[from] brn
|c|âIAmSlowking|fuoked up
|
|switch|p2a: Mance|Mamoswine, M|361\/361
|turn|24
|
|move|p2a: Mance|Ice Shard|p1a: Insert Name Here
|-crit|p1a: Insert Name Here
|-supereffective|p1a: Insert Name Here
|-damage|p1a: Insert Name Here|0 fnt
|faint|p1a: Insert Name Here
|
|
|switch|p1a: Lisa Lisa|Lopunny-Mega, M|272\/272
|-damage|p1a: Lisa Lisa|255\/272|[from] Stealth Rock
|turn|25
|leave|Chocolove
|join|Chocolove
|player|p2
|player|p2|Chocolove|29
|
|switch|p2a: Melisandre|Scizor, F|171\/343
|move|p1a: Lisa Lisa|Fake Out|p2a: Melisandre
|-resisted|p2a: Melisandre
|-damage|p2a: Melisandre|137\/343
|
|turn|26
|
|move|p2a: Melisandre|Bullet Punch|p1a: Lisa Lisa
|-damage|p1a: Lisa Lisa|62\/272
|move|p1a: Lisa Lisa|High Jump Kick|p2a: Melisandre
|-damage|p2a: Melisandre|0 fnt
|faint|p2a: Melisandre
|
|
|switch|p2a: Mance|Mamoswine, M|361\/361
|turn|27
|
|switch|p1a: muh wisp|Rotom-Wash|30\/304
|-damage|p1a: muh wisp|0 fnt|[from] Stealth Rock
|faint|p1a: muh wisp
|move|p2a: Mance|Ice Shard|p1: muh wisp|[notarget]
|-notarget
|
|c|âIAmSlowking|reveal mach punch
|c|âChocolove|lol
|
|switch|p1a: Lisa Lisa|Lopunny-Mega, M|62\/272
|-damage|p1a: Lisa Lisa|45\/272|[from] Stealth Rock
|turn|28
|c|âIAmSlowking|Ok
|
|move|p1a: Lisa Lisa|Fake Out|p2a: Mance
|-damage|p2a: Mance|279\/361
|cant|p2a: Mance|flinch
|
|turn|29
|c|âIAmSlowking|Now I only need showdown to glitch so your ice shard misses
|c|âIAmSlowking|pls
|
|move|p2a: Mance|Ice Shard|p1a: Lisa Lisa
|-damage|p1a: Lisa Lisa|0 fnt
|faint|p1a: Lisa Lisa
|
|win|Chocolove
|c|âChocolove|;-;
|c|âIAmSlowking|;-;
|c|âIAmSlowking|gg wp hf gl
|c|âIAmSlowking|no e
|c|âChocolove|gg