|join|Chocolove
|join|happycakeoven
|player|p1|Chocolove|29
|player|p2|happycakeoven|141
|gametype|singles
|gen|6
|tier|OU
|rated
|clearpoke
|poke|p1|Crawdaunt, M
|poke|p1|Raikou
|poke|p1|Heatran, F
|poke|p1|Starmie
|poke|p1|Landorus-Therian, M
|poke|p1|Metagross
|poke|p2|Mandibuzz, F
|poke|p2|Venusaur, F
|poke|p2|Latios, M
|poke|p2|Gengar, F
|poke|p2|Excadrill, F
|poke|p2|Azumarill, F
|rule|Swagger Clause: Swagger is banned
|rule|Baton Pass Clause: Limit one PokÃ©mon knowing Baton Pass
|rule|Sleep Clause Mod: Limit one foe put to sleep
|rule|Species Clause: Limit one of each PokÃ©mon
|rule|OHKO Clause: OHKO moves are banned
|rule|Moody Clause: Moody is banned
|rule|Evasion Moves Clause: Evasion moves are banned
|rule|Endless Battle Clause: Forcing endless battles is banned
|rule|HP Percentage Mod: HP is shown in percentages
|teampreview
|
|start
|switch|p1a: Starfall|Starmie|324\/324
|switch|p2a: Gengar|Gengar, F|262\/262
|turn|1
|
|move|p2a: Gengar|Shadow Ball|p1a: Starfall
|-supereffective|p1a: Starfall
|-damage|p1a: Starfall|0 fnt
|faint|p1a: Starfall
|
|
|switch|p1a: Lightbringer|Heatran, F|371\/371
|turn|2
|
|switch|p2a: Latios|Latios, M|302\/302
|move|p1a: Lightbringer|Stealth Rock|p2a: Latios
|-sidestart|p2: happycakeoven|move: Stealth Rock
|
|turn|3
|
|switch|p1a: Based Dog|Landorus-Therian, M|319\/319
|-ability|p1a: Based Dog|Intimidate|[of] p2a: Latios
|-unboost|p2a: Latios|atk|1
|move|p2a: Latios|Surf|p1a: Based Dog
|-supereffective|p1a: Based Dog
|-damage|p1a: Based Dog|0 fnt
|-damage|p2a: Latios|272\/302|[from] item: Life Orb
|faint|p1a: Based Dog
|
|
|switch|p1a: Bittersteel|Metagross|302\/302
|turn|4
|
|detailschange|p1a: Bittersteel|Metagross-Mega
|-mega|p1a: Bittersteel|Metagross|Metagrossite
|move|p2a: Latios|Hidden Power|p1a: Bittersteel
|-supereffective|p1a: Bittersteel
|-damage|p1a: Bittersteel|128\/302
|-damage|p2a: Latios|242\/302|[from] item: Life Orb
|move|p1a: Bittersteel|Meteor Mash|p2a: Latios
|-damage|p2a: Latios|0 fnt
|faint|p2a: Latios
|
|
|switch|p2a: Excadrill|Excadrill, F|362\/362
|-damage|p2a: Excadrill|351\/362|[from] Stealth Rock
|-ability|p2a: Excadrill|Mold Breaker
|turn|5
|
|move|p2a: Excadrill|Earthquake|p1a: Bittersteel
|-supereffective|p1a: Bittersteel
|-damage|p1a: Bittersteel|0 fnt
|faint|p1a: Bittersteel
|
|
|switch|p1a: Euron|Crawdaunt, M|268\/268
|turn|6
|
|switch|p2a: Mandibuzz|Mandibuzz, F|424\/424
|-damage|p2a: Mandibuzz|318\/424|[from] Stealth Rock
|move|p1a: Euron|Swords Dance|p1a: Euron
|-boost|p1a: Euron|atk|2
|
|-heal|p2a: Mandibuzz|344\/424|[from] item: Leftovers
|turn|7
|
|move|p1a: Euron|Crabhammer|p2a: Mandibuzz
|-damage|p2a: Mandibuzz|0 fnt
|-damage|p1a: Euron|242\/268|[from] item: Life Orb
|faint|p2a: Mandibuzz
|
|
|switch|p2a: Azumarill|Azumarill, F|404\/404
|-damage|p2a: Azumarill|354\/404|[from] Stealth Rock
|turn|8
|
|switch|p1a: Lightbringer|Heatran, F|371\/371
|move|p2a: Azumarill|Play Rough|p1a: Lightbringer|[miss]
|-miss|p2a: Azumarill|p1a: Lightbringer
|
|turn|9
|
|move|p1a: Lightbringer|Lava Plume|p2a: Azumarill
|-crit|p2a: Azumarill
|-resisted|p2a: Azumarill
|-damage|p2a: Azumarill|243\/404
|move|p2a: Azumarill|Play Rough|p1a: Lightbringer|[miss]
|-miss|p2a: Azumarill|p1a: Lightbringer
|
|turn|10
|
|move|p1a: Lightbringer|Lava Plume|p2a: Azumarill
|-resisted|p2a: Azumarill
|-damage|p2a: Azumarill|179\/404
|move|p2a: Azumarill|Play Rough|p1a: Lightbringer
|-resisted|p1a: Lightbringer
|-damage|p1a: Lightbringer|308\/371
|
|-heal|p1a: Lightbringer|331\/371|[from] item: Leftovers
|turn|11
|
|move|p1a: Lightbringer|Lava Plume|p2a: Azumarill
|-resisted|p2a: Azumarill
|-damage|p2a: Azumarill|113\/404
|move|p2a: Azumarill|Play Rough|p1a: Lightbringer|[miss]
|-miss|p2a: Azumarill|p1a: Lightbringer
|
|-heal|p1a: Lightbringer|354\/371|[from] item: Leftovers
|turn|12
|
|move|p1a: Lightbringer|Lava Plume|p2a: Azumarill
|-resisted|p2a: Azumarill
|-damage|p2a: Azumarill|39\/404
|-status|p2a: Azumarill|brn
|move|p2a: Azumarill|Play Rough|p1a: Lightbringer
|-resisted|p1a: Lightbringer
|-damage|p1a: Lightbringer|318\/371
|
|-heal|p1a: Lightbringer|341\/371|[from] item: Leftovers
|-damage|p2a: Azumarill|0 fnt|[from] brn
|faint|p2a: Azumarill
|
|switch|p2a: Excadrill|Excadrill, F|351\/362
|-damage|p2a: Excadrill|340\/362|[from] Stealth Rock
|-ability|p2a: Excadrill|Mold Breaker
|turn|13
|
|move|p2a: Excadrill|Earthquake|p1a: Lightbringer
|-supereffective|p1a: Lightbringer
|-damage|p1a: Lightbringer|0 fnt
|faint|p1a: Lightbringer
|
|
|switch|p1a: Euron|Crawdaunt, M|242\/268
|turn|14
|
|switch|p2a: Venusaur|Venusaur, F|364\/364
|-damage|p2a: Venusaur|319\/364|[from] Stealth Rock
|move|p1a: Euron|Aqua Jet|p2a: Venusaur
|-resisted|p2a: Venusaur
|-damage|p2a: Venusaur|237\/364
|-damage|p1a: Euron|216\/268|[from] item: Life Orb
|
|turn|15
|
|switch|p1a: Not so based|Raikou|321\/321
|-ability|p1a: Not so based|Pressure
|detailschange|p2a: Venusaur|Venusaur-Mega, F
|-mega|p2a: Venusaur|Venusaur|Venusaurite
|move|p2a: Venusaur|Sleep Powder|p1a: Not so based
|-status|p1a: Not so based|slp
|
|turn|16
|
|cant|p1a: Not so based|slp
|move|p2a: Venusaur|Giga Drain|p1a: Not so based
|-damage|p1a: Not so based|225\/321 slp
|-heal|p2a: Venusaur|285\/364|[from] drain|[of] p1a: Not so based
|
|turn|17
|
|switch|p2a: Excadrill|Excadrill, F|340\/362
|-damage|p2a: Excadrill|329\/362|[from] Stealth Rock
|-ability|p2a: Excadrill|Mold Breaker
|cant|p1a: Not so based|slp
|
|turn|18
|
|move|p2a: Excadrill|Earthquake|p1a: Not so based
|-supereffective|p1a: Not so based
|-damage|p1a: Not so based|0 fnt
|faint|p1a: Not so based
|
|
|switch|p1a: Euron|Crawdaunt, M|216\/268
|turn|19
|
|move|p2a: Excadrill|Earthquake|p1a: Euron
|-damage|p1a: Euron|21\/268
|move|p1a: Euron|Swords Dance|p1a: Euron
|-boost|p1a: Euron|atk|2
|
|turn|20
|
|move|p1a: Euron|Aqua Jet|p2a: Excadrill
|-supereffective|p2a: Excadrill
|-damage|p2a: Excadrill|0 fnt
|-damage|p1a: Euron|0 fnt|[from] item: Life Orb
|faint|p2a: Excadrill
|faint|p1a: Euron
|
|win|happycakeoven
|raw|Ladder updating...
|raw|Chocolove's rating: 1515 &rarr; <strong>1490<\/strong><br \/>(-25 for losing)
|raw|happycakeoven's rating: 1413 &rarr; <strong>1439<\/strong><br \/>(+26 for winning)
|leave|Chocolove
|player|p1
|leave|happycakeoven
|player|p2