|join|Chocolove
|join|ocalaballa
|player|p1|Chocolove|29
|player|p2|ocalaballa|169
|gametype|singles
|gen|6
|tier|OU
|rated
|clearpoke
|poke|p1|Crawdaunt, M
|poke|p1|Raikou
|poke|p1|Heatran, F
|poke|p1|Starmie
|poke|p1|Landorus-Therian, M
|poke|p1|Metagross
|poke|p2|Metagross
|poke|p2|Tyranitar, F
|poke|p2|Slowbro, M
|poke|p2|Gliscor, M
|poke|p2|Heatran, F
|poke|p2|Breloom, F
|rule|Swagger Clause: Swagger is banned
|rule|Baton Pass Clause: Limit one PokÃ©mon knowing Baton Pass
|rule|Sleep Clause Mod: Limit one foe put to sleep
|rule|Species Clause: Limit one of each PokÃ©mon
|rule|OHKO Clause: OHKO moves are banned
|rule|Moody Clause: Moody is banned
|rule|Evasion Moves Clause: Evasion moves are banned
|rule|Endless Battle Clause: Forcing endless battles is banned
|rule|HP Percentage Mod: HP is shown in percentages
|teampreview
|
|start
|switch|p1a: Starfall|Starmie|324\/324
|switch|p2a: Tyranitar|Tyranitar, F|404\/404
|-weather|Sandstorm
|turn|1
|
|move|p1a: Starfall|Scald|p2a: Tyranitar
|-supereffective|p2a: Tyranitar
|-damage|p2a: Tyranitar|252\/404
|move|p2a: Tyranitar|Crunch|p1a: Starfall
|-supereffective|p1a: Starfall
|-damage|p1a: Starfall|48\/324
|
|-weather|Sandstorm|[upkeep]
|-damage|p1a: Starfall|28\/324|[from] sandstorm
|-heal|p1a: Starfall|48\/324|[from] item: Leftovers
|turn|2
|
|move|p1a: Starfall|Scald|p2a: Tyranitar
|-supereffective|p2a: Tyranitar
|-damage|p2a: Tyranitar|118\/404
|move|p2a: Tyranitar|Pursuit|p1a: Starfall
|-supereffective|p1a: Starfall
|-damage|p1a: Starfall|0 fnt
|faint|p1a: Starfall
|
|-weather|Sandstorm|[upkeep]
|
|switch|p1a: Bittersteel|Metagross|302\/302
|turn|3
|
|switch|p2a: Slowbro|Slowbro, M|394\/394
|detailschange|p1a: Bittersteel|Metagross-Mega
|-mega|p1a: Bittersteel|Metagross|Metagrossite
|move|p1a: Bittersteel|Meteor Mash|p2a: Slowbro
|-crit|p2a: Slowbro
|-resisted|p2a: Slowbro
|-damage|p2a: Slowbro|274\/394
|
|-weather|Sandstorm|[upkeep]
|-damage|p2a: Slowbro|250\/394|[from] sandstorm
|-heal|p2a: Slowbro|274\/394|[from] item: Leftovers
|turn|4
|
|switch|p1a: Not so based|Raikou|321\/321
|-ability|p1a: Not so based|Pressure
|move|p2a: Slowbro|Scald|p1a: Not so based
|-damage|p1a: Not so based|264\/321
|
|-weather|Sandstorm|[upkeep]
|-damage|p1a: Not so based|244\/321|[from] sandstorm
|-damage|p2a: Slowbro|250\/394|[from] sandstorm
|-heal|p2a: Slowbro|274\/394|[from] item: Leftovers
|turn|5
|
|move|p1a: Not so based|Volt Switch|p2a: Slowbro
|-supereffective|p2a: Slowbro
|-damage|p2a: Slowbro|22\/394
|
|switch|p1a: Lightbringer|Heatran, F|371\/371
|move|p2a: Slowbro|Scald|p1a: Lightbringer
|-supereffective|p1a: Lightbringer
|-damage|p1a: Lightbringer|239\/371
|
|-weather|none
|-heal|p1a: Lightbringer|262\/371|[from] item: Leftovers
|-heal|p2a: Slowbro|46\/394|[from] item: Leftovers
|turn|6
|
|switch|p2a: Heatran|Heatran, F|384\/384
|move|p1a: Lightbringer|Stealth Rock|p2a: Heatran
|-sidestart|p2: ocalaballa|move: Stealth Rock
|
|-heal|p1a: Lightbringer|285\/371|[from] item: Leftovers
|turn|7
|
|move|p2a: Heatran|Stealth Rock|p1a: Lightbringer
|-sidestart|p1: Chocolove|move: Stealth Rock
|move|p1a: Lightbringer|Taunt|p2a: Heatran
|-start|p2a: Heatran|move: Taunt
|
|-heal|p1a: Lightbringer|308\/371|[from] item: Leftovers
|turn|8
|
|switch|p2a: Slowbro|Slowbro, M|177\/394
|-damage|p2a: Slowbro|128\/394|[from] Stealth Rock
|move|p1a: Lightbringer|Roar|p2a: Slowbro
|drag|p2a: Breloom|Breloom, F|261\/261
|-damage|p2a: Breloom|245\/261|[from] Stealth Rock
|
|-heal|p1a: Lightbringer|331\/371|[from] item: Leftovers
|turn|9
|
|move|p2a: Breloom|Spore|p1a: Lightbringer
|-status|p1a: Lightbringer|slp
|cant|p1a: Lightbringer|slp
|
|-heal|p1a: Lightbringer|354\/371 slp|[from] item: Leftovers
|turn|10
|
|switch|p1a: Based Dog|Landorus-Therian, M|319\/319
|-damage|p1a: Based Dog|280\/319|[from] Stealth Rock
|-ability|p1a: Based Dog|Intimidate|[of] p2a: Breloom
|-unboost|p2a: Breloom|atk|1
|move|p2a: Breloom|Mach Punch|p1a: Based Dog
|-resisted|p1a: Based Dog
|-damage|p1a: Based Dog|233\/319
|-damage|p2a: Breloom|219\/261|[from] item: Life Orb
|
|turn|11
|
|move|p2a: Breloom|Mach Punch|p1a: Based Dog
|-resisted|p1a: Based Dog
|-damage|p1a: Based Dog|178\/319
|-damage|p2a: Breloom|193\/261|[from] item: Life Orb
|move|p1a: Based Dog|U-turn|p2a: Breloom
|-damage|p2a: Breloom|92\/261
|
|switch|p1a: Bittersteel|Metagross-Mega|302\/302
|-damage|p1a: Bittersteel|284\/302|[from] Stealth Rock
|
|turn|12
|
|switch|p2a: Slowbro|Slowbro, M|259\/394
|-damage|p2a: Slowbro|210\/394|[from] Stealth Rock
|move|p1a: Bittersteel|Meteor Mash|p2a: Slowbro
|-resisted|p2a: Slowbro
|-damage|p2a: Slowbro|128\/394
|
|-heal|p2a: Slowbro|152\/394|[from] item: Leftovers
|turn|13
|
|move|p1a: Bittersteel|Earthquake|p2a: Slowbro
|-damage|p2a: Slowbro|68\/394
|move|p2a: Slowbro|Scald|p1a: Bittersteel
|-damage|p1a: Bittersteel|203\/302
|
|-heal|p2a: Slowbro|92\/394|[from] item: Leftovers
|turn|14
|
|switch|p1a: Not so based|Raikou|244\/321
|-damage|p1a: Not so based|204\/321|[from] Stealth Rock
|-ability|p1a: Not so based|Pressure
|move|p2a: Slowbro|Scald|p1a: Not so based
|-damage|p1a: Not so based|141\/321
|
|-heal|p2a: Slowbro|116\/394|[from] item: Leftovers
|turn|15
|
|switch|p2a: Gliscor|Gliscor, M|291\/291
|-damage|p2a: Gliscor|255\/291|[from] Stealth Rock
|move|p1a: Not so based|Shadow Ball|p2a: Gliscor
|-damage|p2a: Gliscor|135\/291
|
|-status|p2a: Gliscor|tox|[from] item: Toxic Orb
|turn|16
|
|move|p1a: Not so based|Hidden Power|p2a: Gliscor
|-supereffective|p2a: Gliscor
|-damage|p2a: Gliscor|0 fnt
|faint|p2a: Gliscor
|
|
|switch|p2a: Breloom|Breloom, F|92\/261
|-damage|p2a: Breloom|76\/261|[from] Stealth Rock
|turn|17
|
|move|p2a: Breloom|Mach Punch|p1a: Not so based
|-damage|p1a: Not so based|0 fnt
|-damage|p2a: Breloom|50\/261|[from] item: Life Orb
|faint|p1a: Not so based
|
|
|switch|p1a: Based Dog|Landorus-Therian, M|178\/319
|-damage|p1a: Based Dog|139\/319|[from] Stealth Rock
|-ability|p1a: Based Dog|Intimidate|[of] p2a: Breloom
|-unboost|p2a: Breloom|atk|1
|turn|18
|
|move|p2a: Breloom|Mach Punch|p1a: Based Dog
|-resisted|p1a: Based Dog
|-damage|p1a: Based Dog|88\/319
|-damage|p2a: Breloom|24\/261|[from] item: Life Orb
|move|p1a: Based Dog|U-turn|p2a: Breloom
|-damage|p2a: Breloom|0 fnt
|faint|p2a: Breloom
|c|âocalaballa|misclick
|
|switch|p1a: Euron|Crawdaunt, M|268\/268
|-damage|p1a: Euron|235\/268|[from] Stealth Rock
|
|
|switch|p2a: Metagross|Metagross|302\/302
|-damage|p2a: Metagross|284\/302|[from] Stealth Rock
|turn|19
|
|detailschange|p2a: Metagross|Metagross-Mega
|-mega|p2a: Metagross|Metagross|Metagrossite
|move|p2a: Metagross|Meteor Mash|p1a: Euron
|-resisted|p1a: Euron
|-damage|p1a: Euron|112\/268
|-boost|p2a: Metagross|atk|1
|move|p1a: Euron|Knock Off|p2a: Metagross
|-supereffective|p2a: Metagross
|-damage|p2a: Metagross|3\/302
|-damage|p1a: Euron|86\/268|[from] item: Life Orb
|
|turn|20
|
|move|p2a: Metagross|Bullet Punch|p1a: Euron
|-resisted|p1a: Euron
|-damage|p1a: Euron|0 fnt
|faint|p1a: Euron
|
|
|switch|p1a: Bittersteel|Metagross-Mega|203\/302
|-damage|p1a: Bittersteel|185\/302|[from] Stealth Rock
|turn|21
|
|move|p1a: Bittersteel|Meteor Mash|p2a: Metagross
|-resisted|p2a: Metagross
|-damage|p2a: Metagross|0 fnt
|faint|p2a: Metagross
|
|
|switch|p2a: Slowbro|Slowbro, M|247\/394
|-damage|p2a: Slowbro|198\/394|[from] Stealth Rock
|turn|22
|
|switch|p1a: Lightbringer|Heatran, F|354\/371 slp
|-damage|p1a: Lightbringer|308\/371 slp|[from] Stealth Rock
|move|p2a: Slowbro|Fire Blast|p1a: Lightbringer
|-start|p1a: Lightbringer|ability: Flash Fire
|
|-heal|p1a: Lightbringer|331\/371 slp|[from] item: Leftovers
|-heal|p2a: Slowbro|222\/394|[from] item: Leftovers
|turn|23
|
|-curestatus|p1a: Lightbringer|slp
|move|p1a: Lightbringer|Lava Plume|p2a: Slowbro
|-resisted|p2a: Slowbro
|-damage|p2a: Slowbro|129\/394
|move|p2a: Slowbro|Slack Off|p2a: Slowbro
|-heal|p2a: Slowbro|326\/394
|
|-heal|p1a: Lightbringer|354\/371|[from] item: Leftovers
|-heal|p2a: Slowbro|350\/394|[from] item: Leftovers
|turn|24
|c|âocalaballa|amazing prediction
|
|move|p1a: Lightbringer|Lava Plume|p2a: Slowbro
|-resisted|p2a: Slowbro
|-damage|p2a: Slowbro|252\/394
|-status|p2a: Slowbro|brn
|move|p2a: Slowbro|Scald|p1a: Lightbringer
|-supereffective|p1a: Lightbringer
|-damage|p1a: Lightbringer|226\/371
|
|-heal|p1a: Lightbringer|249\/371|[from] item: Leftovers
|-heal|p2a: Slowbro|276\/394 brn|[from] item: Leftovers
|-damage|p2a: Slowbro|227\/394 brn|[from] brn
|turn|25
|c|âChocolove|prediction won't save me at this point
|
|move|p1a: Lightbringer|Taunt|p2a: Slowbro
|-start|p2a: Slowbro|move: Taunt
|move|p2a: Slowbro|Scald|p1a: Lightbringer
|-supereffective|p1a: Lightbringer
|-damage|p1a: Lightbringer|123\/371
|
|-heal|p1a: Lightbringer|146\/371|[from] item: Leftovers
|-heal|p2a: Slowbro|251\/394 brn|[from] item: Leftovers
|-damage|p2a: Slowbro|202\/394 brn|[from] brn
|turn|26
|
|move|p1a: Lightbringer|Lava Plume|p2a: Slowbro
|-resisted|p2a: Slowbro
|-damage|p2a: Slowbro|100\/394 brn
|move|p2a: Slowbro|Scald|p1a: Lightbringer
|-crit|p1a: Lightbringer
|-supereffective|p1a: Lightbringer
|-damage|p1a: Lightbringer|0 fnt
|faint|p1a: Lightbringer
|
|-heal|p2a: Slowbro|124\/394 brn|[from] item: Leftovers
|-damage|p2a: Slowbro|75\/394 brn|[from] brn
|
|switch|p1a: Based Dog|Landorus-Therian, M|88\/319
|-damage|p1a: Based Dog|49\/319|[from] Stealth Rock
|-ability|p1a: Based Dog|Intimidate|[of] p2a: Slowbro
|-unboost|p2a: Slowbro|atk|1
|turn|27
|
|switch|p2a: Tyranitar|Tyranitar, F|118\/404
|-damage|p2a: Tyranitar|68\/404|[from] Stealth Rock
|-weather|Sandstorm
|move|p1a: Based Dog|Earthquake|p2a: Tyranitar
|-supereffective|p2a: Tyranitar
|-damage|p2a: Tyranitar|0 fnt
|faint|p2a: Tyranitar
|
|-weather|Sandstorm|[upkeep]
|
|switch|p2a: Slowbro|Slowbro, M|206\/394 brn
|-damage|p2a: Slowbro|157\/394 brn|[from] Stealth Rock
|turn|28
|
|move|p1a: Based Dog|Earthquake|p2a: Slowbro
|-damage|p2a: Slowbro|33\/394 brn
|move|p2a: Slowbro|Scald|p1a: Based Dog
|-supereffective|p1a: Based Dog
|-damage|p1a: Based Dog|0 fnt
|faint|p1a: Based Dog
|
|-weather|Sandstorm|[upkeep]
|-damage|p2a: Slowbro|9\/394 brn|[from] sandstorm
|-heal|p2a: Slowbro|33\/394 brn|[from] item: Leftovers
|-damage|p2a: Slowbro|0 fnt|[from] brn
|faint|p2a: Slowbro
|c|âocalaballa|shit i shouldb=ve slacked
|c|âocalaballa|fuck
|c|âocalaballa|fuck
|c|âocalaballa|fuck
|
|switch|p1a: Bittersteel|Metagross-Mega|185\/302
|switch|p2a: Heatran|Heatran, F|384\/384
|-damage|p1a: Bittersteel|167\/302|[from] Stealth Rock
|-damage|p2a: Heatran|336\/384|[from] Stealth Rock
|turn|29
|
|move|p1a: Bittersteel|Earthquake|p2a: Heatran
|-supereffective|p2a: Heatran
|-damage|p2a: Heatran|0 fnt
|faint|p2a: Heatran
|
|win|Chocolove
|raw|Ladder updating...
|raw|Chocolove's rating: 1536 &rarr; <strong>1555<\/strong><br \/>(+19 for winning)
|raw|ocalaballa's rating: 1520 &rarr; <strong>1501<\/strong><br \/>(-19 for losing)