|join|hairy toenail
|join|Chocolove
|player|p1|hairy toenail|147
|player|p2|Chocolove|29
|gametype|singles
|gen|6
|tier|OU
|rated
|clearpoke
|poke|p1|Tornadus-Therian, M
|poke|p1|Metagross
|poke|p1|Keldeo
|poke|p1|Landorus-Therian, M
|poke|p1|Rotom-Wash
|poke|p1|Clefable, F
|poke|p2|Keldeo
|poke|p2|Tyranitar, M
|poke|p2|Mew
|poke|p2|Scizor, M
|poke|p2|Zapdos
|poke|p2|Landorus-Therian, M
|rule|Swagger Clause: Swagger is banned
|rule|Baton Pass Clause: Limit one PokÃ©mon knowing Baton Pass
|rule|Sleep Clause Mod: Limit one foe put to sleep
|rule|Species Clause: Limit one of each PokÃ©mon
|rule|OHKO Clause: OHKO moves are banned
|rule|Moody Clause: Moody is banned
|rule|Evasion Moves Clause: Evasion moves are banned
|rule|Endless Battle Clause: Forcing endless battles is banned
|rule|HP Percentage Mod: HP is shown in percentages
|teampreview
|join|BoxedOccaBerrys
|c|âhairy toenail|glhf
|
|start
|switch|p1a: Kyau|Rotom-Wash|303\/303
|switch|p2a: Based Dog|Landorus-Therian, M|325\/325
|-ability|p2a: Based Dog|Intimidate|[of] p1a: Kyau
|-unboost|p1a: Kyau|atk|1
|turn|1
|
|move|p2a: Based Dog|U-turn|p1a: Kyau
|-damage|p1a: Kyau|235\/303
|c| BoxedOccaBerrys|__**Swiggity Swoogity, Hairy Is Gonna Get The Booty**__
|
|switch|p2a: Transformer|Mew|404\/404
|move|p1a: Kyau|Volt Switch|p2a: Transformer
|-damage|p2a: Transformer|317\/404
|
|switch|p1a: Paavo|Keldeo|323\/323
|
|-heal|p2a: Transformer|342\/404|[from] item: Leftovers
|turn|2
|
|move|p1a: Paavo|Substitute|p1a: Paavo
|-start|p1a: Paavo|Substitute
|-damage|p1a: Paavo|243\/323
|move|p2a: Transformer|Taunt|p1a: Paavo
|-start|p1a: Paavo|move: Taunt
|
|-heal|p1a: Paavo|263\/323|[from] item: Leftovers
|-heal|p2a: Transformer|367\/404|[from] item: Leftovers
|turn|3
|
|switch|p2a: Horse Penis|Keldeo|323\/323
|move|p1a: Paavo|Scald|p2a: Horse Penis
|-resisted|p2a: Horse Penis
|-damage|p2a: Horse Penis|251\/323
|
|-heal|p2a: Horse Penis|271\/323|[from] item: Leftovers
|-heal|p1a: Paavo|283\/323|[from] item: Leftovers
|turn|4
|
|move|p2a: Horse Penis|Substitute|p2a: Horse Penis
|-start|p2a: Horse Penis|Substitute
|-damage|p2a: Horse Penis|191\/323
|move|p1a: Paavo|Secret Sword|p2a: Horse Penis
|-end|p2a: Horse Penis|Substitute
|
|-heal|p2a: Horse Penis|211\/323|[from] item: Leftovers
|-heal|p1a: Paavo|303\/323|[from] item: Leftovers
|turn|5
|
|move|p2a: Horse Penis|Calm Mind|p2a: Horse Penis
|-boost|p2a: Horse Penis|spa|1
|-boost|p2a: Horse Penis|spd|1
|move|p1a: Paavo|Secret Sword|p2a: Horse Penis
|-damage|p2a: Horse Penis|52\/323
|
|-heal|p2a: Horse Penis|72\/323|[from] item: Leftovers
|-heal|p1a: Paavo|323\/323|[from] item: Leftovers
|-end|p1a: Paavo|move: Taunt
|turn|6
|
|move|p2a: Horse Penis|Secret Sword|p1a: Paavo
|-end|p1a: Paavo|Substitute
|move|p1a: Paavo|Secret Sword|p2a: Horse Penis
|-damage|p2a: Horse Penis|0 fnt
|faint|p2a: Horse Penis
|
|
|switch|p2a: Duck Dodgers|Zapdos|384\/384
|-ability|p2a: Duck Dodgers|Pressure
|turn|7
|
|switch|p1a: Albert|Clefable, F|394\/394
|move|p2a: Duck Dodgers|Thunderbolt|p1a: Albert
|-damage|p1a: Albert|276\/394
|
|-heal|p1a: Albert|300\/394|[from] item: Leftovers
|turn|8
|
|switch|p2a: Iron Man|Scizor, M|343\/343
|move|p1a: Albert|Thunder Wave|p2a: Iron Man
|-status|p2a: Iron Man|par
|
|-heal|p1a: Albert|324\/394|[from] item: Leftovers
|turn|9
|leave|BoxedOccaBerrys
|join|Mystialized
|
|switch|p1a: Kyau|Rotom-Wash|235\/303
|detailschange|p2a: Iron Man|Scizor-Mega, M
|-mega|p2a: Iron Man|Scizor|Scizorite
|move|p2a: Iron Man|Knock Off|p1a: Kyau
|-damage|p1a: Kyau|150\/303
|-enditem|p1a: Kyau|Leftovers|[from] move: Knock Off|[of] p2a: Iron Man
|
|turn|10
|join|IHateLadderPlayers
|
|switch|p2a: Duck Dodgers|Zapdos|384\/384
|-ability|p2a: Duck Dodgers|Pressure
|move|p1a: Kyau|Pain Split|p2a: Duck Dodgers
|-sethp|p2a: Duck Dodgers|267\/384|p1a: Kyau|267\/303|[from] move: Pain Split
|
|-heal|p2a: Duck Dodgers|291\/384|[from] item: Leftovers
|turn|11
|
|move|p2a: Duck Dodgers|Thunderbolt|p1a: Kyau
|-damage|p1a: Kyau|147\/303
|move|p1a: Kyau|Will-O-Wisp|p2a: Duck Dodgers
|-status|p2a: Duck Dodgers|brn
|
|-heal|p2a: Duck Dodgers|315\/384 brn|[from] item: Leftovers
|-damage|p2a: Duck Dodgers|267\/384 brn|[from] brn
|turn|12
|
|switch|p1a: Albert|Clefable, F|324\/394
|move|p2a: Duck Dodgers|Roost|p2a: Duck Dodgers
|-heal|p2a: Duck Dodgers|384\/384 brn
|
|-heal|p1a: Albert|348\/394|[from] item: Leftovers
|-damage|p2a: Duck Dodgers|336\/384 brn|[from] brn
|turn|13
|
|switch|p2a: Transformer|Mew|367\/404
|move|p1a: Albert|Moonblast|p2a: Transformer
|-damage|p2a: Transformer|256\/404
|
|-heal|p2a: Transformer|281\/404|[from] item: Leftovers
|-heal|p1a: Albert|372\/394|[from] item: Leftovers
|turn|14
|
|move|p2a: Transformer|Will-O-Wisp|p1a: Albert
|-status|p1a: Albert|brn
|move|p1a: Albert|Calm Mind|p1a: Albert
|-boost|p1a: Albert|spa|1
|-boost|p1a: Albert|spd|1
|
|-heal|p2a: Transformer|306\/404|[from] item: Leftovers
|-heal|p1a: Albert|394\/394 brn|[from] item: Leftovers
|turn|15
|
|move|p2a: Transformer|Taunt|p1a: Albert
|-start|p1a: Albert|move: Taunt
|move|p1a: Albert|Moonblast|p2a: Transformer
|-damage|p2a: Transformer|153\/404
|
|-heal|p2a: Transformer|178\/404|[from] item: Leftovers
|turn|16
|
|switch|p1a: Paavo|Keldeo|323\/323
|move|p2a: Transformer|Knock Off|p1a: Paavo
|-resisted|p1a: Paavo
|-damage|p1a: Paavo|283\/323
|-boost|p1a: Paavo|atk|1|[from] ability: Justified
|-enditem|p1a: Paavo|Leftovers|[from] move: Knock Off|[of] p2a: Transformer
|
|-heal|p2a: Transformer|203\/404|[from] item: Leftovers
|turn|17
|
|move|p1a: Paavo|Substitute|p1a: Paavo
|-start|p1a: Paavo|Substitute
|-damage|p1a: Paavo|203\/323
|move|p2a: Transformer|Taunt|p1a: Paavo
|-start|p1a: Paavo|move: Taunt
|
|-heal|p2a: Transformer|228\/404|[from] item: Leftovers
|turn|18
|
|switch|p2a: Duck Dodgers|Zapdos|336\/384 brn
|-ability|p2a: Duck Dodgers|Pressure
|move|p1a: Paavo|Scald|p2a: Duck Dodgers
|-damage|p2a: Duck Dodgers|207\/384 brn
|
|-heal|p2a: Duck Dodgers|231\/384 brn|[from] item: Leftovers
|-damage|p2a: Duck Dodgers|183\/384 brn|[from] brn
|turn|19
|join|nah m9
|
|move|p1a: Paavo|Scald|p2a: Duck Dodgers
|-damage|p2a: Duck Dodgers|44\/384 brn
|move|p2a: Duck Dodgers|Roost|p2a: Duck Dodgers
|-heal|p2a: Duck Dodgers|236\/384 brn
|
|-heal|p2a: Duck Dodgers|260\/384 brn|[from] item: Leftovers
|-damage|p2a: Duck Dodgers|212\/384 brn|[from] brn
|turn|20
|c| nah m9|that +1 atk
|c| nah m9|is gonna make a big difference
|
|move|p1a: Paavo|Scald|p2a: Duck Dodgers
|-damage|p2a: Duck Dodgers|70\/384 brn
|move|p2a: Duck Dodgers|Thunderbolt|p1a: Paavo
|-supereffective|p1a: Paavo
|-end|p1a: Paavo|Substitute
|
|-heal|p2a: Duck Dodgers|94\/384 brn|[from] item: Leftovers
|-damage|p2a: Duck Dodgers|46\/384 brn|[from] brn
|-end|p1a: Paavo|move: Taunt
|turn|21
|
|move|p1a: Paavo|Scald|p2a: Duck Dodgers
|-damage|p2a: Duck Dodgers|0 fnt
|faint|p2a: Duck Dodgers
|
|
|switch|p2a: Based Dog|Landorus-Therian, M|325\/325
|-ability|p2a: Based Dog|Intimidate|[of] p1a: Paavo
|-unboost|p1a: Paavo|atk|1
|turn|22
|join|Eyan
|join|Latios pls
|
|switch|p1a: Tony|Landorus-Therian, M|367\/367
|-ability|p1a: Tony|Intimidate|[of] p2a: Based Dog
|-unboost|p2a: Based Dog|atk|1
|move|p2a: Based Dog|U-turn|p1a: Tony
|-resisted|p1a: Tony
|-damage|p1a: Tony|344\/367
|
|switch|p2a: Gojira|Tyranitar, M|404\/404
|-weather|Sandstorm
|
|-weather|Sandstorm|[upkeep]
|-heal|p1a: Tony|366\/367|[from] item: Leftovers
|turn|23
|
|move|p1a: Tony|U-turn|p2a: Gojira
|-supereffective|p2a: Gojira
|-damage|p2a: Gojira|272\/404
|
|switch|p1a: Kyau|Rotom-Wash|147\/303
|move|p2a: Gojira|Ice Beam|p1a: Kyau
|-resisted|p1a: Kyau
|-damage|p1a: Kyau|113\/303
|
|-weather|Sandstorm|[upkeep]
|-damage|p1a: Kyau|95\/303|[from] sandstorm
|-heal|p2a: Gojira|297\/404|[from] item: Leftovers
|turn|24
|
|move|p1a: Kyau|Will-O-Wisp|p2a: Gojira
|-status|p2a: Gojira|brn
|move|p2a: Gojira|Stealth Rock|p1a: Kyau
|-sidestart|p1: hairy toenail|move: Stealth Rock
|
|-weather|Sandstorm|[upkeep]
|-damage|p1a: Kyau|77\/303|[from] sandstorm
|-heal|p2a: Gojira|322\/404 brn|[from] item: Leftovers
|-damage|p2a: Gojira|272\/404 brn|[from] brn
|turn|25
|
|move|p1a: Kyau|Pain Split|p2a: Gojira
|-sethp|p2a: Gojira|174\/404 brn|p1a: Kyau|174\/303|[from] move: Pain Split
|move|p2a: Gojira|Stone Edge|p1a: Kyau
|-damage|p1a: Kyau|105\/303
|
|-weather|Sandstorm|[upkeep]
|-damage|p1a: Kyau|87\/303|[from] sandstorm
|-heal|p2a: Gojira|199\/404 brn|[from] item: Leftovers
|-damage|p2a: Gojira|149\/404 brn|[from] brn
|turn|26
|
|switch|p2a: Based Dog|Landorus-Therian, M|325\/325
|-ability|p2a: Based Dog|Intimidate|[of] p1a: Kyau
|-unboost|p1a: Kyau|atk|1
|move|p1a: Kyau|Hydro Pump|p2a: Based Dog
|-supereffective|p2a: Based Dog
|-damage|p2a: Based Dog|25\/325
|
|-weather|none
|turn|27
|
|move|p2a: Based Dog|U-turn|p1a: Kyau
|-damage|p1a: Kyau|20\/303
|
|switch|p2a: Gojira|Tyranitar, M|149\/404 brn
|-weather|Sandstorm
|move|p1a: Kyau|Volt Switch|p2a: Gojira
|-damage|p2a: Gojira|95\/404 brn
|
|switch|p1a: Paavo|Keldeo|203\/323
|-damage|p1a: Paavo|183\/323|[from] Stealth Rock
|
|-weather|Sandstorm|[upkeep]
|-damage|p1a: Paavo|163\/323|[from] sandstorm
|-heal|p2a: Gojira|120\/404 brn|[from] item: Leftovers
|-damage|p2a: Gojira|70\/404 brn|[from] brn
|turn|28
|join|BoxedOccaBerrys
|
|move|p1a: Paavo|Substitute|p1a: Paavo
|-start|p1a: Paavo|Substitute
|-damage|p1a: Paavo|83\/323
|move|p2a: Gojira|Stone Edge|p1a: Paavo
|-resisted|p1a: Paavo
|-activate|p1a: Paavo|Substitute|[damage]
|
|-weather|Sandstorm|[upkeep]
|-damage|p1a: Paavo|63\/323|[from] sandstorm
|-heal|p2a: Gojira|95\/404 brn|[from] item: Leftovers
|-damage|p2a: Gojira|45\/404 brn|[from] brn
|turn|29
|
|move|p1a: Paavo|Scald|p2a: Gojira
|-supereffective|p2a: Gojira
|-damage|p2a: Gojira|0 fnt
|faint|p2a: Gojira
|
|-weather|Sandstorm|[upkeep]
|-damage|p1a: Paavo|43\/323|[from] sandstorm
|c| BoxedOccaBerrys|sub CM hairy?
|
|switch|p2a: Transformer|Mew|228\/404
|turn|30
|
|move|p1a: Paavo|Calm Mind|p1a: Paavo
|-boost|p1a: Paavo|spa|1
|-boost|p1a: Paavo|spd|1
|move|p2a: Transformer|Taunt|p1a: Paavo
|-start|p1a: Paavo|move: Taunt
|
|-weather|Sandstorm|[upkeep]
|-damage|p1a: Paavo|23\/323|[from] sandstorm
|-damage|p2a: Transformer|203\/404|[from] sandstorm
|-heal|p2a: Transformer|228\/404|[from] item: Leftovers
|turn|31
|leave|IHateLadderPlayers
|
|move|p1a: Paavo|Scald|p2a: Transformer
|-damage|p2a: Transformer|0 fnt
|faint|p2a: Transformer
|
|-weather|none
|
|switch|p2a: Based Dog|Landorus-Therian, M|25\/325
|-activate|p1a: Paavo|Substitute|ability: Intimidate|[of] p2a: Based Dog
|turn|32
|
|move|p2a: Based Dog|Explosion|p1a: Paavo
|-end|p1a: Paavo|Substitute
|faint|p2a: Based Dog
|move|p1a: Paavo|Scald|p2: Based Dog|[notarget]
|-notarget
|
|
|switch|p2a: Iron Man|Scizor-Mega, M|343\/343 par
|turn|33
|
|move|p2a: Iron Man|Bullet Punch|p1a: Paavo
|-resisted|p1a: Paavo
|-damage|p1a: Paavo|0 fnt
|faint|p1a: Paavo
|
|
|switch|p1a: Big Bird|Tornadus-Therian, M|299\/299
|-damage|p1a: Big Bird|225\/299|[from] Stealth Rock
|turn|34
|
|move|p1a: Big Bird|Heat Wave|p2a: Iron Man
|-supereffective|p2a: Iron Man
|-damage|p2a: Iron Man|0 fnt
|-damage|p1a: Big Bird|196\/299|[from] item: Life Orb
|faint|p2a: Iron Man
|
|win|hairy toenail
|raw|Ladder updating...
|c|âhairy toenail|gg
|raw|hairy toenail's rating: 1523 &rarr; <strong>1543<\/strong><br \/>(+20 for winning)
|raw|Chocolove's rating: 1520 &rarr; <strong>1501<\/strong><br \/>(-19 for losing)
|leave|hairy toenail
|player|p1