|join|brarry
|join|Chocolove
|player|p1|brarry|101
|player|p2|Chocolove|29
|gametype|doubles
|gen|6
|tier|Smogon Doubles
|rated
|clearpoke
|poke|p1|Smeargle, F
|poke|p1|Metagross
|poke|p1|Ninjask, M
|poke|p1|Togekiss, M
|poke|p1|Noivern, M
|poke|p1|Gengar, M
|poke|p2|Charizard, F
|poke|p2|Azumarill, F
|poke|p2|Heatran, M
|poke|p2|Amoonguss, M
|poke|p2|Thundurus, M
|poke|p2|Genesect-*
|rule|Species Clause: Limit one of each PokÃ©mon
|rule|OHKO Clause: OHKO moves are banned
|rule|Moody Clause: Moody is banned
|rule|Evasion Abilities Clause: Evasion abilities are banned
|rule|Evasion Moves Clause: Evasion moves are banned
|rule|Endless Battle Clause: Forcing endless battles is banned
|rule|HP Percentage Mod: HP is shown in percentages
|teampreview
|
|start
|switch|p1a: Smeargle|Smeargle, F|314\/314
|switch|p1b: Ninjask|Ninjask, M|326\/326
|switch|p2a: Storm King|Thundurus, M|360\/360
|switch|p2b: Ash|Charizard, F|297\/297
|turn|1
|
|detailschange|p2b: Ash|Charizard-Mega-X, F
|-mega|p2b: Ash|Charizard|Charizardite X
|move|p1a: Smeargle|Protect|p1a: Smeargle
|-singleturn|p1a: Smeargle|Protect
|move|p2a: Storm King|Taunt|p1a: Smeargle
|-activate|p1a: Smeargle|Protect
|move|p1b: Ninjask|Swords Dance|p1b: Ninjask
|-boost|p1b: Ninjask|atk|2
|move|p2b: Ash|Dragon Dance|p2b: Ash
|-boost|p2b: Ash|atk|1
|-boost|p2b: Ash|spe|1
|
|-boost|p1b: Ninjask|spe|1|[from] ability: Speed Boost
|turn|2
|
|move|p1b: Ninjask|Protect|p1b: Ninjask
|-singleturn|p1b: Ninjask|Protect
|move|p1a: Smeargle|Protect|p1a: Smeargle
|-fail|p1a: Smeargle
|move|p2a: Storm King|Taunt|p1b: Ninjask
|-activate|p1b: Ninjask|Protect
|move|p2b: Ash|Rock Slide|p1b: Ninjask
|-miss|p2b: Ash|p1a: Smeargle
|-activate|p1b: Ninjask|Protect
|
|-boost|p1b: Ninjask|spe|1|[from] ability: Speed Boost
|turn|3
|
|move|p2a: Storm King|Thunder Wave|p1a: Smeargle
|-status|p1a: Smeargle|par
|move|p1b: Ninjask|Baton Pass|p1b: Ninjask
|
|switch|p1b: Metagross|Metagross|364\/364
|move|p2b: Ash|Rock Slide|p1a: Smeargle
|-damage|p1a: Smeargle|73\/314 par
|-miss|p2b: Ash|p1b: Metagross
|move|p1a: Smeargle|Flame Charge|p1b: Metagross
|-supereffective|p1b: Metagross
|-damage|p1b: Metagross|352\/364
|-enditem|p1b: Metagross|Weakness Policy
|-boost|p1b: Metagross|atk|2|[from] item: Weakness Policy
|-boost|p1b: Metagross|spa|2|[from] item: Weakness Policy
|-boost|p1a: Smeargle|spe|1
|
|turn|4
|
|move|p2a: Storm King|Thunder Wave|p1b: Metagross
|-status|p1b: Metagross|par
|move|p2b: Ash|Fire Punch|p1b: Metagross
|-supereffective|p1b: Metagross
|-damage|p1b: Metagross|0 fnt
|faint|p1b: Metagross
|move|p1a: Smeargle|Taunt|p2b: Ash
|-start|p2b: Ash|move: Taunt
|
|
|switch|p1b: Noivern|Noivern, M|312\/312
|turn|5
|-message|brarry forfeited.
|leave|brarry
|
|win|Chocolove
|raw|Ladder updating...
|player|p1
|raw|brarry's rating: 1000 &rarr; <strong>1000<\/strong><br \/>(+0 for losing)
|raw|Chocolove's rating: 1000 &rarr; <strong>1040<\/strong><br \/>(+40 for winning)