|join|Chocolove
|join|animbask10
|player|p1|Chocolove|29
|player|p2|animbask10|165
|gametype|doubles
|gen|6
|tier|Smogon Doubles
|rated
|clearpoke
|poke|p1|Charizard, F
|poke|p1|Venusaur, F
|poke|p1|Landorus-Therian, M
|poke|p1|Gengar, M
|poke|p1|Conkeldurr, M
|poke|p1|Sylveon, F
|poke|p2|Gyarados, F
|poke|p2|Lopunny, M
|poke|p2|Manectric, F
|poke|p2|Emolga, F
|poke|p2|Landorus-Therian, M
|poke|p2|Whimsicott, F
|rule|Species Clause: Limit one of each PokÃ©mon
|rule|OHKO Clause: OHKO moves are banned
|rule|Moody Clause: Moody is banned
|rule|Evasion Abilities Clause: Evasion abilities are banned
|rule|Evasion Moves Clause: Evasion moves are banned
|rule|Endless Battle Clause: Forcing endless battles is banned
|rule|HP Percentage Mod: HP is shown in percentages
|teampreview
|
|start
|switch|p1a: Portgas D. Ace|Charizard, F|297\/297
|switch|p1b: Tropicaliente|Venusaur, F|350\/350
|switch|p2a: Manectric|Manectric, F|281\/281
|switch|p2b: Emolga|Emolga, F|313\/313
|turn|1
|
|detailschange|p1a: Portgas D. Ace|Charizard-Mega-Y, F
|-mega|p1a: Portgas D. Ace|Charizard|Charizardite Y
|-weather|SunnyDay
|move|p1a: Portgas D. Ace|Protect|p1a: Portgas D. Ace
|-singleturn|p1a: Portgas D. Ace|Protect
|move|p2a: Manectric|Discharge|p1a: Portgas D. Ace
|-boost|p2b: Emolga|spe|1|[from] ability: Motor Drive
|-activate|p1a: Portgas D. Ace|Protect
|-resisted|p1b: Tropicaliente
|-damage|p1b: Tropicaliente|299\/350
|move|p2b: Emolga|Discharge|p1a: Portgas D. Ace
|-boost|p2a: Manectric|spa|1|[from] ability: Lightning Rod
|-activate|p1a: Portgas D. Ace|Protect
|-resisted|p1b: Tropicaliente
|-damage|p1b: Tropicaliente|272\/350
|move|p1b: Tropicaliente|Sleep Powder|p2a: Manectric
|-status|p2a: Manectric|slp
|
|-weather|SunnyDay|[upkeep]
|turn|2
|
|move|p1b: Tropicaliente|Sleep Powder|p2b: Emolga
|-status|p2b: Emolga|slp
|cant|p2b: Emolga|slp
|move|p1a: Portgas D. Ace|Heat Wave|p2b: Emolga
|-miss|p1a: Portgas D. Ace|p2a: Manectric
|-damage|p2b: Emolga|25\/313 slp
|-enditem|p2b: Emolga|Sitrus Berry|[eat]
|-heal|p2b: Emolga|103\/313 slp|[from] item: Sitrus Berry
|cant|p2a: Manectric|slp
|
|-weather|SunnyDay|[upkeep]
|turn|3
|
|move|p1b: Tropicaliente|Sludge Bomb|p2a: Manectric
|-damage|p2a: Manectric|73\/281 slp
|cant|p2b: Emolga|slp
|move|p1a: Portgas D. Ace|Heat Wave|p2a: Manectric
|-damage|p2a: Manectric|0 fnt
|-damage|p2b: Emolga|0 fnt
|faint|p2a: Manectric
|faint|p2b: Emolga
|
|-weather|SunnyDay|[upkeep]
|
|switch|p2a: Lopunny|Lopunny, M|271\/271
|switch|p2b: Whimsicott|Whimsicott, F|323\/323
|turn|4
|
|detailschange|p2a: Lopunny|Lopunny-Mega, M
|-mega|p2a: Lopunny|Lopunny|Lopunnite
|move|p2a: Lopunny|Fake Out|p1a: Portgas D. Ace
|-damage|p1a: Portgas D. Ace|209\/297
|move|p2b: Whimsicott|Taunt|p1b: Tropicaliente
|-start|p1b: Tropicaliente|move: Taunt
|move|p1b: Tropicaliente|Sludge Bomb|p2b: Whimsicott
|-supereffective|p2b: Whimsicott
|-damage|p2b: Whimsicott|0 fnt
|faint|p2b: Whimsicott
|cant|p1a: Portgas D. Ace|flinch
|
|-weather|SunnyDay|[upkeep]
|
|switch|p2b: Gyarados|Gyarados, F|388\/388
|-ability|p2b: Gyarados|Intimidate|[of] p1a: Portgas D. Ace
|-unboost|p1a: Portgas D. Ace|atk|1
|-ability|p2b: Gyarados|Intimidate|[of] p1b: Tropicaliente
|-unboost|p1b: Tropicaliente|atk|1
|turn|5
|
|switch|p1b: Trick or Treat|Gengar, M|261\/261
|switch|p1a: Based Dog|Landorus-Therian, M|320\/320
|-ability|p1a: Based Dog|Intimidate|[of] p2a: Lopunny
|-unboost|p2a: Lopunny|atk|1
|-ability|p1a: Based Dog|Intimidate|[of] p2b: Gyarados
|-unboost|p2b: Gyarados|atk|1
|move|p2a: Lopunny|Ice Punch|p1b: Trick or Treat
|-damage|p1b: Trick or Treat|172\/261
|move|p2b: Gyarados|Waterfall|p1a: Based Dog
|-supereffective|p1a: Based Dog
|-damage|p1a: Based Dog|212\/320
|
|-weather|none
|turn|6
|
|move|p1a: Based Dog|Rock Slide|p2b: Gyarados
|-resisted|p2a: Lopunny
|-damage|p2a: Lopunny|230\/271
|-supereffective|p2b: Gyarados
|-damage|p2b: Gyarados|192\/388
|move|p2a: Lopunny|Ice Punch|p1a: Based Dog
|-supereffective|p1a: Based Dog
|-damage|p1a: Based Dog|0 fnt
|faint|p1a: Based Dog
|move|p1b: Trick or Treat|Will-O-Wisp|p2a: Lopunny
|-status|p2a: Lopunny|brn
|cant|p2b: Gyarados|flinch
|
|-damage|p2a: Lopunny|197\/271 brn|[from] brn
|
|switch|p1a: Based Faggot|Sylveon, F|388\/388
|turn|7
|
|move|p2a: Lopunny|Protect|p2a: Lopunny
|-singleturn|p2a: Lopunny|Protect
|move|p1b: Trick or Treat|Will-O-Wisp|p2b: Gyarados
|-status|p2b: Gyarados|brn
|move|p2b: Gyarados|Iron Head|p1a: Based Faggot
|-supereffective|p1a: Based Faggot
|-damage|p1a: Based Faggot|286\/388
|move|p1a: Based Faggot|Hyper Voice|p2b: Gyarados
|-activate|p2a: Lopunny|Protect
|-damage|p2b: Gyarados|44\/388 brn
|
|-damage|p2a: Lopunny|164\/271 brn|[from] brn
|-damage|p2b: Gyarados|0 fnt|[from] brn
|faint|p2b: Gyarados
|
|switch|p2b: Landorus-Therian|Landorus-Therian, M|382\/382
|-ability|p2b: Landorus-Therian|Intimidate|[of] p1a: Based Faggot
|-unboost|p1a: Based Faggot|atk|1
|-ability|p2b: Landorus-Therian|Intimidate|[of] p1b: Trick or Treat
|-unboost|p1b: Trick or Treat|atk|1
|turn|8
|c|âChocolove|gg
|c|âanimbask10|gg
|
|move|p2b: Landorus-Therian|Protect|p2b: Landorus-Therian
|-singleturn|p2b: Landorus-Therian|Protect
|move|p2a: Lopunny|Ice Punch|p1b: Trick or Treat
|-damage|p1b: Trick or Treat|127\/261
|move|p1b: Trick or Treat|Will-O-Wisp|p2b: Landorus-Therian
|-activate|p2b: Landorus-Therian|Protect
|move|p1a: Based Faggot|Hyper Voice|p2b: Landorus-Therian
|-supereffective|p2a: Lopunny
|-damage|p2a: Lopunny|0 fnt
|-activate|p2b: Landorus-Therian|Protect
|faint|p2a: Lopunny
|
|turn|9
|
|move|p1b: Trick or Treat|Will-O-Wisp|p2b: Landorus-Therian
|-status|p2b: Landorus-Therian|brn
|move|p2b: Landorus-Therian|Rock Slide|p1b: Trick or Treat
|-damage|p1a: Based Faggot|213\/388
|-damage|p1b: Trick or Treat|53\/261
|-damage|p2b: Landorus-Therian|344\/382 brn|[from] item: Life Orb
|move|p1a: Based Faggot|Hyper Voice|p2b: Landorus-Therian
|-damage|p2b: Landorus-Therian|2\/382 brn
|
|-damage|p2b: Landorus-Therian|0 fnt|[from] brn
|faint|p2b: Landorus-Therian
|
|win|Chocolove
|raw|Ladder updating...
|raw|Chocolove's rating: 1405 &rarr; <strong>1418<\/strong><br \/>(+13 for winning)
|raw|animbask10's rating: 1284 &rarr; <strong>1267<\/strong><br \/>(-17 for losing)
|leave|animbask10
|player|p2