|join|sepjazzwarrior
|join|Chocolove
|player|p1|sepjazzwarrior|265
|player|p2|Chocolove|29
|gametype|doubles
|gen|6
|tier|Smogon Doubles
|rated
|clearpoke
|poke|p1|Sceptile, M
|poke|p1|Talonflame, F
|poke|p1|Ferrothorn, F
|poke|p1|Jolteon, M
|poke|p1|Noivern, M
|poke|p1|Gengar, F
|poke|p2|Charizard, F
|poke|p2|Venusaur, F
|poke|p2|Landorus-Therian, M
|poke|p2|Gengar, M
|poke|p2|Conkeldurr, M
|poke|p2|Sylveon, F
|rule|Species Clause: Limit one of each PokÃ©mon
|rule|OHKO Clause: OHKO moves are banned
|rule|Moody Clause: Moody is banned
|rule|Evasion Abilities Clause: Evasion abilities are banned
|rule|Evasion Moves Clause: Evasion moves are banned
|rule|Endless Battle Clause: Forcing endless battles is banned
|rule|HP Percentage Mod: HP is shown in percentages
|teampreview
|
|start
|switch|p1a: Sceptile|Sceptile, M|282\/282
|switch|p1b: Jolteon|Jolteon, M|334\/334
|switch|p2a: Portgas D. Ace|Charizard, F|297\/297
|switch|p2b: Tropicaliente|Venusaur, F|350\/350
|turn|1
|
|detailschange|p1a: Sceptile|Sceptile-Mega, M
|-mega|p1a: Sceptile|Sceptile|Sceptilite
|detailschange|p2a: Portgas D. Ace|Charizard-Mega-Y, F
|-mega|p2a: Portgas D. Ace|Charizard|Charizardite Y
|-weather|SunnyDay
|move|p1b: Jolteon|Discharge|p2b: Tropicaliente
|-boost|p1a: Sceptile|spa|1|[from] ability: Lightning Rod
|-supereffective|p2a: Portgas D. Ace
|-damage|p2a: Portgas D. Ace|111\/297
|-resisted|p2b: Tropicaliente
|-damage|p2b: Tropicaliente|293\/350
|move|p1a: Sceptile|Dragon Pulse|p2b: Tropicaliente
|-damage|p2b: Tropicaliente|35\/350
|-enditem|p2b: Tropicaliente|Sitrus Berry|[eat]
|-heal|p2b: Tropicaliente|122\/350|[from] item: Sitrus Berry
|move|p2a: Portgas D. Ace|Heat Wave|p1b: Jolteon
|-damage|p1a: Sceptile|24\/282
|-damage|p1b: Jolteon|91\/334
|move|p2b: Tropicaliente|Sleep Powder|p1b: Jolteon
|-status|p1b: Jolteon|slp
|
|-weather|SunnyDay|[upkeep]
|turn|2
|
|move|p2a: Portgas D. Ace|Protect|p2a: Portgas D. Ace
|-singleturn|p2a: Portgas D. Ace|Protect
|cant|p1b: Jolteon|slp
|move|p1a: Sceptile|Dragon Pulse|p2b: Tropicaliente
|-damage|p2b: Tropicaliente|0 fnt
|faint|p2b: Tropicaliente
|
|-weather|SunnyDay|[upkeep]
|
|switch|p2b: Based Dog|Landorus-Therian, M|320\/320
|-ability|p2b: Based Dog|Intimidate|[of] p1a: Sceptile
|-unboost|p1a: Sceptile|atk|1
|-ability|p2b: Based Dog|Intimidate|[of] p1b: Jolteon
|-unboost|p1b: Jolteon|atk|1
|turn|3
|
|cant|p1b: Jolteon|slp
|move|p1a: Sceptile|Leaf Storm|p2b: Based Dog
|-damage|p2b: Based Dog|0 fnt
|-unboost|p1a: Sceptile|spa|2
|faint|p2b: Based Dog
|move|p2a: Portgas D. Ace|Heat Wave|p1b: Jolteon
|-damage|p1a: Sceptile|0 fnt
|-damage|p1b: Jolteon|0 fnt
|faint|p1a: Sceptile
|faint|p1b: Jolteon
|
|-weather|SunnyDay|[upkeep]
|
|switch|p2b: Trick or Treat|Gengar, M|261\/261
|switch|p1a: Noivern|Noivern, M|312\/312
|switch|p1b: Gengar|Gengar, F|262\/262
|turn|4
|
|move|p2b: Trick or Treat|Shadow Ball|p1b: Gengar
|-supereffective|p1b: Gengar
|-enditem|p1b: Gengar|Focus Sash
|-damage|p1b: Gengar|1\/262
|move|p1a: Noivern|Boomburst|p2a: Portgas D. Ace
|-immune|p1b: Gengar|[msg]
|-damage|p2a: Portgas D. Ace|0 fnt
|-immune|p2b: Trick or Treat|[msg]
|faint|p2a: Portgas D. Ace
|move|p1b: Gengar|Shadow Ball|p2b: Trick or Treat
|-supereffective|p2b: Trick or Treat
|-enditem|p2b: Trick or Treat|Focus Sash
|-damage|p2b: Trick or Treat|1\/261
|
|-weather|SunnyDay|[upkeep]
|
|switch|p2a: Proletarian|Conkeldurr, M|378\/378
|turn|5
|
|move|p2b: Trick or Treat|Shadow Ball|p1a: Noivern
|-damage|p1a: Noivern|150\/312
|move|p1a: Noivern|Boomburst|p2b: Trick or Treat
|-immune|p1b: Gengar|[msg]
|-crit|p2a: Proletarian
|-damage|p2a: Proletarian|172\/378
|-immune|p2b: Trick or Treat|[msg]
|move|p1b: Gengar|Shadow Ball|p2b: Trick or Treat
|-supereffective|p2b: Trick or Treat
|-damage|p2b: Trick or Treat|0 fnt
|faint|p2b: Trick or Treat
|move|p2a: Proletarian|Knock Off|p1b: Gengar
|-supereffective|p1b: Gengar
|-damage|p1b: Gengar|0 fnt
|faint|p1b: Gengar
|
|-weather|none
|
|switch|p1b: Talonflame|Talonflame, F|360\/360
|switch|p2b: Based Faggot|Sylveon, F|388\/388
|turn|6
|
|move|p1b: Talonflame|Brave Bird|p2a: Proletarian
|-supereffective|p2a: Proletarian
|-damage|p2a: Proletarian|0 fnt
|-damage|p1b: Talonflame|303\/360|[from] recoil|[of] p2a: Proletarian
|faint|p2a: Proletarian
|move|p1a: Noivern|Boomburst|p2b: Based Faggot
|-damage|p1b: Talonflame|92\/360
|-damage|p2b: Based Faggot|259\/388
|move|p2b: Based Faggot|Hyper Voice|p1a: Noivern
|-supereffective|p1a: Noivern
|-damage|p1a: Noivern|0 fnt
|-resisted|p1b: Talonflame
|-damage|p1b: Talonflame|0 fnt
|faint|p1a: Noivern
|faint|p1b: Talonflame
|
|
|switch|p1b: Ferrothorn|Ferrothorn, F|352\/352
|turn|7
|
|move|p2b: Based Faggot|Hyper Voice|p1b: Ferrothorn
|-resisted|p1b: Ferrothorn
|-damage|p1b: Ferrothorn|234\/352
|move|p1b: Ferrothorn|Leech Seed|p2b: Based Faggot
|-start|p2b: Based Faggot|move: Leech Seed
|
|-heal|p1b: Ferrothorn|256\/352|[from] item: Leftovers
|-damage|p2b: Based Faggot|211\/388|[from] Leech Seed|[of] p1b: Ferrothorn
|-heal|p1b: Ferrothorn|304\/352|[silent]
|turn|8
|
|move|p2b: Based Faggot|Hyper Voice|p1b: Ferrothorn
|-resisted|p1b: Ferrothorn
|-damage|p1b: Ferrothorn|192\/352
|move|p1b: Ferrothorn|Ingrain|p1b: Ferrothorn
|-start|p1b: Ferrothorn|move: Ingrain
|
|-heal|p1b: Ferrothorn|214\/352|[from] item: Leftovers
|-heal|p1b: Ferrothorn|236\/352|[from] Ingrain
|-damage|p2b: Based Faggot|163\/388|[from] Leech Seed|[of] p1b: Ferrothorn
|-heal|p1b: Ferrothorn|284\/352|[silent]
|turn|9
|
|move|p1b: Ferrothorn|Protect|p1b: Ferrothorn
|-singleturn|p1b: Ferrothorn|Protect
|move|p2b: Based Faggot|Hyper Voice|p1b: Ferrothorn
|-activate|p1b: Ferrothorn|Protect
|
|-heal|p1b: Ferrothorn|306\/352|[from] item: Leftovers
|-heal|p1b: Ferrothorn|328\/352|[from] Ingrain
|-damage|p2b: Based Faggot|115\/388|[from] Leech Seed|[of] p1b: Ferrothorn
|-heal|p1b: Ferrothorn|352\/352|[silent]
|turn|10
|
|move|p2b: Based Faggot|Hyper Voice|p1b: Ferrothorn
|-resisted|p1b: Ferrothorn
|-damage|p1b: Ferrothorn|250\/352
|move|p1b: Ferrothorn|Knock Off|p2b: Based Faggot
|-resisted|p2b: Based Faggot
|-damage|p2b: Based Faggot|64\/388
|-enditem|p2b: Based Faggot|Choice Specs|[from] move: Knock Off|[of] p1b: Ferrothorn
|
|-heal|p1b: Ferrothorn|272\/352|[from] item: Leftovers
|-heal|p1b: Ferrothorn|294\/352|[from] Ingrain
|-damage|p2b: Based Faggot|16\/388|[from] Leech Seed|[of] p1b: Ferrothorn
|-heal|p1b: Ferrothorn|342\/352|[silent]
|turn|11
|
|move|p1b: Ferrothorn|Protect|p1b: Ferrothorn
|-singleturn|p1b: Ferrothorn|Protect
|move|p2b: Based Faggot|Hyper Voice|p1b: Ferrothorn
|-activate|p1b: Ferrothorn|Protect
|
|-heal|p1b: Ferrothorn|352\/352|[from] item: Leftovers
|-damage|p2b: Based Faggot|0 fnt|[from] Leech Seed|[of] p1b: Ferrothorn
|faint|p2b: Based Faggot
|
|win|sepjazzwarrior
|raw|Ladder updating...
|raw|sepjazzwarrior's rating: 1384 &rarr; <strong>1395<\/strong><br \/>(+11 for winning)
|raw|Chocolove's rating: 1214 &rarr; <strong>1200<\/strong><br \/>(-14 for losing)
|c|âsepjazzwarrior|gg
|leave|sepjazzwarrior
|player|p1