|join|Chocolove
|join|Fetrim
|player|p1|Chocolove|29
|player|p2|Fetrim|162
|gametype|doubles
|gen|6
|tier|Smogon Doubles
|rated
|clearpoke
|poke|p1|Charizard, F
|poke|p1|Venusaur, F
|poke|p1|Landorus-Therian, M
|poke|p1|Gengar, F
|poke|p1|Conkeldurr, M
|poke|p1|Sylveon, F
|poke|p2|Klefki, M
|poke|p2|Sableye, M
|poke|p2|Shaymin-Sky
|poke|p2|Kangaskhan, F
|poke|p2|Aegislash, F
|poke|p2|Salamence, F
|rule|Species Clause: Limit one of each PokÃ©mon
|rule|OHKO Clause: OHKO moves are banned
|rule|Moody Clause: Moody is banned
|rule|Evasion Abilities Clause: Evasion abilities are banned
|rule|Evasion Moves Clause: Evasion moves are banned
|rule|Endless Battle Clause: Forcing endless battles is banned
|rule|HP Percentage Mod: HP is shown in percentages
|teampreview
|
|start
|switch|p1a: Portgas D. Ace|Charizard, F|297\/297
|switch|p1b: Tropicaliente|Venusaur, F|350\/350
|switch|p2a: Klefki|Klefki, M|318\/318
|switch|p2b: Kangaskhan|Kangaskhan, F|414\/414
|turn|1
|
|detailschange|p1a: Portgas D. Ace|Charizard-Mega-Y, F
|-mega|p1a: Portgas D. Ace|Charizard|Charizardite Y
|-weather|SunnyDay
|detailschange|p2b: Kangaskhan|Kangaskhan-Mega, F
|-mega|p2b: Kangaskhan|Kangaskhan|Kangaskhanite
|move|p2b: Kangaskhan|Fake Out|p1b: Tropicaliente
|-damage|p1b: Tropicaliente|265\/350
|-crit|p1b: Tropicaliente
|-damage|p1b: Tropicaliente|198\/350
|-hitcount|p1b: Tropicaliente|2
|move|p2a: Klefki|Swagger|p1a: Portgas D. Ace|[miss]
|-miss|p2a: Klefki|p1a: Portgas D. Ace
|move|p1a: Portgas D. Ace|Heat Wave|p2b: Kangaskhan
|-supereffective|p2a: Klefki
|-damage|p2a: Klefki|0 fnt
|-miss|p1a: Portgas D. Ace|p2b: Kangaskhan
|faint|p2a: Klefki
|cant|p1b: Tropicaliente|flinch
|
|-weather|SunnyDay|[upkeep]
|
|switch|p2a: Sableye|Sableye, M|304\/304
|turn|2
|
|move|p2a: Sableye|Swagger|p1a: Portgas D. Ace
|-boost|p1a: Portgas D. Ace|atk|2
|-start|p1a: Portgas D. Ace|confusion
|move|p1b: Tropicaliente|Sleep Powder|p2b: Kangaskhan
|-status|p2b: Kangaskhan|slp
|-activate|p1a: Portgas D. Ace|confusion
|move|p1a: Portgas D. Ace|Heat Wave|p2a: Sableye
|-damage|p2a: Sableye|88\/304
|-damage|p2b: Kangaskhan|212\/414 slp
|cant|p2b: Kangaskhan|slp
|
|-weather|SunnyDay|[upkeep]
|-heal|p2a: Sableye|107\/304|[from] item: Leftovers
|turn|3
|
|move|p1b: Tropicaliente|Sludge Bomb|p2a: Sableye
|-resisted|p2a: Sableye
|-damage|p2a: Sableye|29\/304
|-end|p1a: Portgas D. Ace|confusion
|move|p1a: Portgas D. Ace|Heat Wave|p2b: Kangaskhan
|-damage|p2a: Sableye|0 fnt
|-damage|p2b: Kangaskhan|0 fnt
|faint|p2a: Sableye
|faint|p2b: Kangaskhan
|
|-weather|SunnyDay|[upkeep]
|
|switch|p2a: Salamence|Salamence, F|331\/331
|switch|p2b: Aegislash|Aegislash, F|261\/261
|turn|4
|
|move|p2b: Aegislash|King's Shield|p2b: Aegislash
|-singleturn|p2b: Aegislash|Protect
|move|p1b: Tropicaliente|Sleep Powder|p2a: Salamence
|-status|p2a: Salamence|slp
|-enditem|p2a: Salamence|Lum Berry|[eat]
|-curestatus|p2a: Salamence|slp
|move|p1a: Portgas D. Ace|Heat Wave|p2b: Aegislash
|-crit|p2a: Salamence
|-resisted|p2a: Salamence
|-damage|p2a: Salamence|134\/331
|-activate|p2b: Aegislash|Protect
|move|p2a: Salamence|Dragon Dance|p2a: Salamence
|-boost|p2a: Salamence|atk|1
|-boost|p2a: Salamence|spe|1
|
|-weather|SunnyDay|[upkeep]
|turn|5
|
|move|p2a: Salamence|Dragon Claw|p1a: Portgas D. Ace
|-damage|p1a: Portgas D. Ace|44\/297
|move|p1b: Tropicaliente|Sludge Bomb|p2a: Salamence
|-damage|p2a: Salamence|0 fnt
|faint|p2a: Salamence
|move|p1a: Portgas D. Ace|Heat Wave|p2b: Aegislash
|-supereffective|p2b: Aegislash
|-damage|p2b: Aegislash|0 fnt
|faint|p2b: Aegislash
|
|-weather|none
|
|switch|p2b: Shaymin-Sky|Shaymin-Sky|342\/342
|turn|6
|
|move|p2b: Shaymin-Sky|Air Slash|p1a: Portgas D. Ace
|-damage|p1a: Portgas D. Ace|0 fnt
|faint|p1a: Portgas D. Ace
|move|p1b: Tropicaliente|Sludge Bomb|p2b: Shaymin-Sky
|-crit|p2b: Shaymin-Sky
|-supereffective|p2b: Shaymin-Sky
|-damage|p2b: Shaymin-Sky|0 fnt
|faint|p2b: Shaymin-Sky
|
|win|Chocolove
|raw|Ladder updating...
|raw|Chocolove's rating: 1238 &rarr; <strong>1257<\/strong><br \/>(+19 for winning)
|raw|Fetrim's rating: 1153 &rarr; <strong>1134<\/strong><br \/>(-19 for losing)
|leave|Fetrim
|player|p2