|join|Chocolove
|join|Firnen97
|player|p1|Chocolove|29
|player|p2|Firnen97|209
|gametype|doubles
|gen|6
|tier|Smogon Doubles
|rated
|clearpoke
|poke|p1|Charizard, F
|poke|p1|Venusaur, F
|poke|p1|Landorus-Therian, M
|poke|p1|Gengar, M
|poke|p1|Conkeldurr, M
|poke|p1|Sylveon, F
|poke|p2|Politoed, F
|poke|p2|Swampert, M
|poke|p2|Clawitzer, M
|poke|p2|Keldeo-Resolute
|poke|p2|Rotom-Wash
|poke|p2|Kingdra, F
|rule|Species Clause: Limit one of each PokÃ©mon
|rule|OHKO Clause: OHKO moves are banned
|rule|Moody Clause: Moody is banned
|rule|Evasion Abilities Clause: Evasion abilities are banned
|rule|Evasion Moves Clause: Evasion moves are banned
|rule|Endless Battle Clause: Forcing endless battles is banned
|rule|HP Percentage Mod: HP is shown in percentages
|teampreview
|
|start
|switch|p1a: Tropicaliente|Venusaur, F|350\/350
|switch|p1b: Trick or Treat|Gengar, M|261\/261
|switch|p2a: Politoed|Politoed, F|384\/384
|switch|p2b: Kingdra|Kingdra, F|291\/291
|-weather|RainDance
|turn|1
|
|move|p2b: Kingdra|Ice Beam|p1a: Tropicaliente
|-supereffective|p1a: Tropicaliente
|-damage|p1a: Tropicaliente|58\/350
|-status|p1a: Tropicaliente|frz
|-enditem|p1a: Tropicaliente|Sitrus Berry|[eat]
|-heal|p1a: Tropicaliente|145\/350 frz|[from] item: Sitrus Berry
|move|p1b: Trick or Treat|Will-O-Wisp|p2a: Politoed
|-status|p2a: Politoed|brn
|cant|p1a: Tropicaliente|frz
|move|p2a: Politoed|Scald|p1b: Trick or Treat
|-damage|p1b: Trick or Treat|108\/261
|
|-weather|RainDance|[upkeep]
|-damage|p2a: Politoed|336\/384 brn|[from] brn
|turn|2
|
|switch|p1b: Based Faggot|Sylveon, F|388\/388
|switch|p1a: Proletarian|Conkeldurr, M|378\/378
|move|p2b: Kingdra|Ice Beam|p1a: Proletarian
|-damage|p1a: Proletarian|273\/378
|move|p2a: Politoed|Scald|p1b: Based Faggot
|-damage|p1b: Based Faggot|282\/388
|
|-weather|RainDance|[upkeep]
|-damage|p2a: Politoed|288\/384 brn|[from] brn
|turn|3
|
|switch|p2b: Rotom-Wash|Rotom-Wash|304\/304
|move|p2a: Politoed|Toxic|p1b: Based Faggot
|-status|p1b: Based Faggot|tox
|move|p1b: Based Faggot|Hyper Voice|p2a: Politoed
|-damage|p2a: Politoed|78\/384 brn
|-damage|p2b: Rotom-Wash|144\/304
|move|p1a: Proletarian|Drain Punch|p2b: Rotom-Wash
|-damage|p2b: Rotom-Wash|0 fnt
|-heal|p1a: Proletarian|345\/378|[from] drain|[of] p2b: Rotom-Wash
|faint|p2b: Rotom-Wash
|
|-weather|RainDance|[upkeep]
|-damage|p2a: Politoed|30\/384 brn|[from] brn
|-damage|p1b: Based Faggot|258\/388 tox|[from] psn
|
|switch|p2b: Clawitzer|Clawitzer, M|345\/345
|turn|4
|
|move|p2a: Politoed|Protect|p2a: Politoed
|-singleturn|p2a: Politoed|Protect
|move|p1b: Based Faggot|Hyper Voice|p2b: Clawitzer
|-activate|p2a: Politoed|Protect
|-damage|p2b: Clawitzer|105\/345
|move|p2b: Clawitzer|Heal Pulse|p2a: Politoed
|-activate|p2a: Politoed|Protect
|move|p1a: Proletarian|Drain Punch|p2b: Clawitzer
|-damage|p2b: Clawitzer|0 fnt
|-heal|p1a: Proletarian|378\/378|[from] drain|[of] p2b: Clawitzer
|faint|p2b: Clawitzer
|
|-weather|RainDance|[upkeep]
|-damage|p2a: Politoed|0 fnt|[from] brn
|-damage|p1b: Based Faggot|210\/388 tox|[from] psn
|faint|p2a: Politoed
|c|âChocolove|wut
|
|switch|p2a: Kingdra|Kingdra, F|291\/291
|switch|p2b: Swampert|Swampert, M|404\/404
|turn|5
|
|detailschange|p2b: Swampert|Swampert-Mega, M
|-mega|p2b: Swampert|Swampert|Swampertite
|move|p2a: Kingdra|Hydro Pump|p1b: Based Faggot
|-damage|p1b: Based Faggot|0 fnt
|faint|p1b: Based Faggot
|move|p2b: Swampert|Waterfall|p1a: Proletarian
|-damage|p1a: Proletarian|116\/378
|move|p1a: Proletarian|Drain Punch|p2b: Swampert
|-crit|p2b: Swampert
|-damage|p2b: Swampert|205\/404
|-heal|p1a: Proletarian|216\/378|[from] drain|[of] p2b: Swampert
|
|-weather|RainDance|[upkeep]
|
|switch|p1b: Portgas D. Ace|Charizard, F|297\/297
|turn|6
|
|detailschange|p1b: Portgas D. Ace|Charizard-Mega-Y, F
|-mega|p1b: Portgas D. Ace|Charizard|Charizardite Y
|-weather|SunnyDay
|move|p1b: Portgas D. Ace|Protect|p1b: Portgas D. Ace
|-singleturn|p1b: Portgas D. Ace|Protect
|move|p2a: Kingdra|Hydro Pump|p1a: Proletarian
|-damage|p1a: Proletarian|110\/378
|move|p2b: Swampert|Waterfall|p1b: Portgas D. Ace
|-activate|p1b: Portgas D. Ace|Protect
|move|p1a: Proletarian|Drain Punch|p2b: Swampert
|-damage|p2b: Swampert|70\/404
|-heal|p1a: Proletarian|178\/378|[from] drain|[of] p2b: Swampert
|
|-weather|SunnyDay|[upkeep]
|turn|7
|join|Mega Spearow
|
|move|p2b: Swampert|Protect|p2b: Swampert
|-singleturn|p2b: Swampert|Protect
|move|p1b: Portgas D. Ace|Solar Beam|p2a: Kingdra|[still]
|-prepare|p1b: Portgas D. Ace|Solar Beam|p2a: Kingdra
|-anim|p1b: Portgas D. Ace|Solar Beam|p2a: Kingdra
|-damage|p2a: Kingdra|127\/291
|move|p2a: Kingdra|Hydro Pump|p1b: Portgas D. Ace
|-supereffective|p1b: Portgas D. Ace
|-damage|p1b: Portgas D. Ace|63\/297
|move|p1a: Proletarian|Drain Punch|p2b: Swampert
|-activate|p2b: Swampert|Protect
|
|-weather|SunnyDay|[upkeep]
|turn|8
|
|switch|p2b: Keldeo-Resolute|Keldeo-Resolute|322\/322
|move|p1b: Portgas D. Ace|Heat Wave|p2a: Kingdra
|-resisted|p2a: Kingdra
|-damage|p2a: Kingdra|72\/291
|-resisted|p2b: Keldeo-Resolute
|-damage|p2b: Keldeo-Resolute|193\/322
|move|p2a: Kingdra|Hydro Pump|p1b: Portgas D. Ace
|-supereffective|p1b: Portgas D. Ace
|-damage|p1b: Portgas D. Ace|0 fnt
|faint|p1b: Portgas D. Ace
|move|p1a: Proletarian|Drain Punch|p2a: Kingdra
|-damage|p2a: Kingdra|0 fnt
|-heal|p1a: Proletarian|214\/378|[from] drain|[of] p2a: Kingdra
|faint|p2a: Kingdra
|
|-weather|SunnyDay|[upkeep]
|
|switch|p1b: Tropicaliente|Venusaur, F|145\/350 frz
|switch|p2a: Swampert|Swampert-Mega, M|70\/404
|turn|9
|
|cant|p1b: Tropicaliente|frz
|move|p2b: Keldeo-Resolute|Hidden Power|p1a: Proletarian
|-supereffective|p1a: Proletarian
|-damage|p1a: Proletarian|84\/378
|move|p2a: Swampert|Ice Punch|p1b: Tropicaliente
|-supereffective|p1b: Tropicaliente
|-damage|p1b: Tropicaliente|0 fnt
|faint|p1b: Tropicaliente
|move|p1a: Proletarian|Drain Punch|p2b: Keldeo-Resolute
|-damage|p2b: Keldeo-Resolute|43\/322
|-heal|p1a: Proletarian|159\/378|[from] drain|[of] p2b: Keldeo-Resolute
|
|-weather|SunnyDay|[upkeep]
|
|switch|p1b: Trick or Treat|Gengar, M|108\/261
|turn|10
|
|move|p2a: Swampert|Protect|p2a: Swampert
|-singleturn|p2a: Swampert|Protect
|move|p1a: Proletarian|Mach Punch|p2b: Keldeo-Resolute
|-damage|p2b: Keldeo-Resolute|0 fnt
|faint|p2b: Keldeo-Resolute
|move|p1b: Trick or Treat|Shadow Ball|p2a: Swampert
|-activate|p2a: Swampert|Protect
|
|-weather|none
|turn|11
|-message|Firnen97 forfeited.
|
|win|Chocolove
|raw|Ladder updating...
|leave|Firnen97
|player|p2
|raw|Chocolove's rating: 1158 &rarr; <strong>1178<\/strong><br \/>(+20 for winning)
|raw|Firnen97's rating: 1083 &rarr; <strong>1065<\/strong><br \/>(-18 for losing)
|leave|Chocolove
|player|p1
|join|Chocolove