|join|Apedingo
|join|dark voice
|player|p1|Apedingo|242
|player|p2|dark voice|102
|gametype|singles
|gen|5
|tier|[Gen 5] OU
|rated
|rule|Evasion Abilities Clause: Evasion abilities are banned
|clearpoke
|poke|p1|Garchomp, F
|poke|p1|Latios, M
|poke|p1|Keldeo
|poke|p1|Scizor, M
|poke|p1|Tyranitar, M
|poke|p1|Landorus-Therian, M
|poke|p2|Alakazam, M
|poke|p2|Jirachi
|poke|p2|Skarmory, M
|poke|p2|Tyranitar, M
|poke|p2|Starmie
|poke|p2|Conkeldurr, F
|rule|Sleep Clause Mod: Limit one foe put to sleep
|rule|Species Clause: Limit one of each Pokemon
|rule|OHKO Clause: OHKO moves are banned
|rule|Moody Clause: Moody is banned
|rule|Evasion Moves Clause: Evasion moves are banned
|rule|Endless Battle Clause: Forcing endless battles is banned.
|rule|HP Percentage Mod: HP is reported as percentages
|teampreview
|chat|dark voice|hey
|chat|dark voice|hf
|
|start
|switch|p1a: Landorus-Therian|Landorus-Therian, M|381\/381
|switch|p2a: Jirachi|Jirachi|341\/341
|-ability|p1a: Landorus-Therian|Intimidate|[of] p2a: Jirachi
|-unboost|p2a: Jirachi|atk|1
|turn|1
|chat|Apedingo|hey
|
|move|p2a: Jirachi|Ice Punch|p1a: Landorus-Therian
|-supereffective|p1a: Landorus-Therian
|-damage|p1a: Landorus-Therian|225\/381
|move|p1a: Landorus-Therian|Stealth Rock|p2a: Jirachi
|-sidestart|p2: dark voice|move: Stealth Rock
|
|-heal|p1a: Landorus-Therian|248\/381|[from] item: Leftovers
|turn|2
|
|switch|p2a: Skarmory|Skarmory, M|334\/334
|-damage|p2a: Skarmory|293\/334|[from] Stealth Rock
|switch|p1a: Keldeo|Keldeo|323\/323
|
|turn|3
|
|switch|p1a: Tyranitar|Tyranitar, M|404\/404
|-weather|Sandstorm|[from] ability: Sand Stream|[of] p1a: Tyranitar
|switch|p2a: Starmie|Starmie|323\/323
|-damage|p2a: Starmie|283\/323|[from] Stealth Rock
|
|-weather|Sandstorm|[upkeep]
|-damage|p2a: Starmie|263\/323|[from] sandstorm
|-heal|p2a: Starmie|283\/323|[from] item: Leftovers
|turn|4
|
|move|p2a: Starmie|Scald|p1a: Tyranitar
|-supereffective|p1a: Tyranitar
|-damage|p1a: Tyranitar|296\/404
|move|p1a: Tyranitar|Pursuit|p2a: Starmie
|-supereffective|p2a: Starmie
|-damage|p2a: Starmie|137\/323
|
|-weather|Sandstorm|[upkeep]
|-damage|p2a: Starmie|117\/323|[from] sandstorm
|-heal|p2a: Starmie|137\/323|[from] item: Leftovers
|-heal|p1a: Tyranitar|321\/404|[from] item: Leftovers
|turn|5
|
|move|p2a: Starmie|Recover|p2a: Starmie
|-heal|p2a: Starmie|299\/323
|move|p1a: Tyranitar|Pursuit|p2a: Starmie
|-supereffective|p2a: Starmie
|-damage|p2a: Starmie|161\/323
|
|-weather|Sandstorm|[upkeep]
|-damage|p2a: Starmie|141\/323|[from] sandstorm
|-heal|p2a: Starmie|161\/323|[from] item: Leftovers
|-heal|p1a: Tyranitar|346\/404|[from] item: Leftovers
|turn|6
|
|move|p2a: Starmie|Scald|p1a: Tyranitar
|-supereffective|p1a: Tyranitar
|-damage|p1a: Tyranitar|250\/404
|-status|p1a: Tyranitar|brn
|move|p1a: Tyranitar|Pursuit|p2a: Starmie
|-supereffective|p2a: Starmie
|-damage|p2a: Starmie|89\/323
|
|-weather|Sandstorm|[upkeep]
|-damage|p2a: Starmie|69\/323|[from] sandstorm
|-heal|p2a: Starmie|89\/323|[from] item: Leftovers
|-heal|p1a: Tyranitar|275\/404 brn|[from] item: Leftovers
|-damage|p1a: Tyranitar|225\/404 brn|[from] brn
|turn|7
|
|move|p2a: Starmie|Recover|p2a: Starmie
|-heal|p2a: Starmie|251\/323
|move|p1a: Tyranitar|Crunch|p2a: Starmie
|-supereffective|p2a: Starmie
|-damage|p2a: Starmie|99\/323
|
|-weather|Sandstorm|[upkeep]
|-damage|p2a: Starmie|79\/323|[from] sandstorm
|-heal|p2a: Starmie|99\/323|[from] item: Leftovers
|-heal|p1a: Tyranitar|250\/404 brn|[from] item: Leftovers
|-damage|p1a: Tyranitar|200\/404 brn|[from] brn
|turn|8
|
|move|p2a: Starmie|Recover|p2a: Starmie
|-heal|p2a: Starmie|261\/323
|move|p1a: Tyranitar|Crunch|p2a: Starmie
|-supereffective|p2a: Starmie
|-damage|p2a: Starmie|109\/323
|
|-weather|Sandstorm|[upkeep]
|-damage|p2a: Starmie|89\/323|[from] sandstorm
|-heal|p2a: Starmie|109\/323|[from] item: Leftovers
|-heal|p1a: Tyranitar|225\/404 brn|[from] item: Leftovers
|-damage|p1a: Tyranitar|175\/404 brn|[from] brn
|turn|9
|
|move|p2a: Starmie|Recover|p2a: Starmie
|-heal|p2a: Starmie|271\/323
|move|p1a: Tyranitar|Crunch|p2a: Starmie
|-supereffective|p2a: Starmie
|-damage|p2a: Starmie|131\/323
|
|-weather|Sandstorm|[upkeep]
|-damage|p2a: Starmie|111\/323|[from] sandstorm
|-heal|p2a: Starmie|131\/323|[from] item: Leftovers
|-heal|p1a: Tyranitar|200\/404 brn|[from] item: Leftovers
|-damage|p1a: Tyranitar|150\/404 brn|[from] brn
|turn|10
|
|move|p2a: Starmie|Recover|p2a: Starmie
|-heal|p2a: Starmie|293\/323
|move|p1a: Tyranitar|Crunch|p2a: Starmie
|-supereffective|p2a: Starmie
|-damage|p2a: Starmie|155\/323
|
|-weather|Sandstorm|[upkeep]
|-damage|p2a: Starmie|135\/323|[from] sandstorm
|-heal|p2a: Starmie|155\/323|[from] item: Leftovers
|-heal|p1a: Tyranitar|175\/404 brn|[from] item: Leftovers
|-damage|p1a: Tyranitar|125\/404 brn|[from] brn
|turn|11
|
|move|p2a: Starmie|Recover|p2a: Starmie
|-heal|p2a: Starmie|317\/323
|move|p1a: Tyranitar|Crunch|p2a: Starmie
|-crit|p2a: Starmie
|-supereffective|p2a: Starmie
|-damage|p2a: Starmie|23\/323
|
|-weather|Sandstorm|[upkeep]
|-damage|p2a: Starmie|3\/323|[from] sandstorm
|-heal|p2a: Starmie|23\/323|[from] item: Leftovers
|-heal|p1a: Tyranitar|150\/404 brn|[from] item: Leftovers
|-damage|p1a: Tyranitar|100\/404 brn|[from] brn
|turn|12
|
|move|p2a: Starmie|Recover|p2a: Starmie
|-heal|p2a: Starmie|185\/323
|move|p1a: Tyranitar|Crunch|p2a: Starmie
|-supereffective|p2a: Starmie
|-damage|p2a: Starmie|45\/323
|
|-weather|Sandstorm|[upkeep]
|-damage|p2a: Starmie|25\/323|[from] sandstorm
|-heal|p2a: Starmie|45\/323|[from] item: Leftovers
|-heal|p1a: Tyranitar|125\/404 brn|[from] item: Leftovers
|-damage|p1a: Tyranitar|75\/404 brn|[from] brn
|turn|13
|
|move|p2a: Starmie|Recover|p2a: Starmie
|-heal|p2a: Starmie|207\/323
|move|p1a: Tyranitar|Crunch|p2a: Starmie
|-supereffective|p2a: Starmie
|-damage|p2a: Starmie|63\/323
|
|-weather|Sandstorm|[upkeep]
|-damage|p2a: Starmie|43\/323|[from] sandstorm
|-heal|p2a: Starmie|63\/323|[from] item: Leftovers
|-heal|p1a: Tyranitar|100\/404 brn|[from] item: Leftovers
|-damage|p1a: Tyranitar|50\/404 brn|[from] brn
|turn|14
|
|move|p2a: Starmie|Recover|p2a: Starmie
|-heal|p2a: Starmie|225\/323
|move|p1a: Tyranitar|Crunch|p2a: Starmie
|-supereffective|p2a: Starmie
|-damage|p2a: Starmie|75\/323
|
|-weather|Sandstorm|[upkeep]
|-damage|p2a: Starmie|55\/323|[from] sandstorm
|-heal|p2a: Starmie|75\/323|[from] item: Leftovers
|-heal|p1a: Tyranitar|75\/404 brn|[from] item: Leftovers
|-damage|p1a: Tyranitar|25\/404 brn|[from] brn
|turn|15
|
|move|p2a: Starmie|Scald|p1a: Tyranitar
|-supereffective|p1a: Tyranitar
|-damage|p1a: Tyranitar|0 fnt
|faint|p1a: Tyranitar
|
|-weather|Sandstorm|[upkeep]
|-damage|p2a: Starmie|55\/323|[from] sandstorm
|-heal|p2a: Starmie|75\/323|[from] item: Leftovers
|
|switch|p1a: Garchomp|Garchomp, F|358\/358
|turn|16
|
|switch|p2a: Skarmory|Skarmory, M|293\/334
|-damage|p2a: Skarmory|252\/334|[from] Stealth Rock
|move|p1a: Garchomp|Dragon Claw|p2a: Skarmory
|-crit|p2a: Skarmory
|-resisted|p2a: Skarmory
|-damage|p2a: Skarmory|162\/334
|-damage|p1a: Garchomp|299\/358|[from] item: Rocky Helmet|[of] p2a: Skarmory
|
|-weather|Sandstorm|[upkeep]
|turn|17
|
|switch|p1a: Latios|Latios, M|301\/301
|move|p2a: Skarmory|Roost|p2a: Skarmory
|-heal|p2a: Skarmory|329\/334
|
|-weather|Sandstorm|[upkeep]
|-damage|p1a: Latios|283\/301|[from] sandstorm
|turn|18
|
|switch|p2a: Tyranitar|Tyranitar, M|404\/404
|-damage|p2a: Tyranitar|354\/404|[from] Stealth Rock
|move|p1a: Latios|Hidden Power|p2a: Tyranitar
|-resisted|p2a: Tyranitar
|-damage|p2a: Tyranitar|325\/404
|
|-weather|Sandstorm|[upkeep]
|-damage|p1a: Latios|265\/301|[from] sandstorm
|-heal|p2a: Tyranitar|350\/404|[from] item: Leftovers
|turn|19
|
|move|p2a: Tyranitar|Pursuit|p1a: Latios|[from]Pursuit
|-supereffective|p1a: Latios
|-damage|p1a: Latios|0 fnt
|faint|p1a: Latios
|
|-weather|Sandstorm|[upkeep]
|-heal|p2a: Tyranitar|375\/404|[from] item: Leftovers
|
|switch|p1a: Keldeo|Keldeo|323\/323
|turn|20
|
|move|p1a: Keldeo|Secret Sword|p2a: Tyranitar
|-supereffective|p2a: Tyranitar
|-damage|p2a: Tyranitar|0 fnt
|faint|p2a: Tyranitar
|
|-weather|Sandstorm|[upkeep]
|-damage|p1a: Keldeo|303\/323|[from] sandstorm
|-heal|p1a: Keldeo|323\/323|[from] item: Leftovers
|
|switch|p2a: Alakazam|Alakazam, M|252\/252
|turn|21
|
|switch|p1a: Scizor|Scizor, M|343\/343
|move|p2a: Alakazam|Psyshock|p1a: Scizor
|-resisted|p1a: Scizor
|-damage|p1a: Scizor|271\/343
|
|-weather|Sandstorm|[upkeep]
|turn|22
|
|switch|p2a: Skarmory|Skarmory, M|329\/334
|-damage|p2a: Skarmory|288\/334|[from] Stealth Rock
|move|p1a: Scizor|Bullet Punch|p2a: Skarmory
|-resisted|p2a: Skarmory
|-damage|p2a: Skarmory|253\/334
|-damage|p1a: Scizor|214\/343|[from] item: Rocky Helmet|[of] p2a: Skarmory
|
|-weather|Sandstorm|[upkeep]
|turn|23
|
|switch|p1a: Keldeo|Keldeo|323\/323
|move|p2a: Skarmory|Roost|p2a: Skarmory
|-heal|p2a: Skarmory|334\/334
|
|-weather|Sandstorm|[upkeep]
|-damage|p1a: Keldeo|303\/323|[from] sandstorm
|-heal|p1a: Keldeo|323\/323|[from] item: Leftovers
|turn|24
|
|move|p1a: Keldeo|Surf|p2a: Skarmory
|-damage|p2a: Skarmory|124\/334
|move|p2a: Skarmory|Brave Bird|p1a: Keldeo
|-supereffective|p1a: Keldeo
|-damage|p1a: Keldeo|51\/323
|-damage|p2a: Skarmory|34\/334|[from] recoil|[of] p1a: Keldeo
|
|-weather|Sandstorm|[upkeep]
|-damage|p1a: Keldeo|31\/323|[from] sandstorm
|-heal|p1a: Keldeo|51\/323|[from] item: Leftovers
|turn|25
|
|move|p1a: Keldeo|Surf|p2a: Skarmory
|-damage|p2a: Skarmory|0 fnt
|faint|p2a: Skarmory
|
|-weather|Sandstorm|[upkeep]
|-damage|p1a: Keldeo|31\/323|[from] sandstorm
|-heal|p1a: Keldeo|51\/323|[from] item: Leftovers
|
|switch|p2a: Alakazam|Alakazam, M|252\/252
|turn|26
|
|move|p2a: Alakazam|Hidden Power|p1a: Keldeo
|-resisted|p1a: Keldeo
|-damage|p1a: Keldeo|3\/323
|move|p1a: Keldeo|Surf|p2a: Alakazam
|-damage|p2a: Alakazam|68\/252
|
|-weather|Sandstorm|[upkeep]
|-damage|p1a: Keldeo|0 fnt|[from] sandstorm
|faint|p1a: Keldeo
|
|switch|p1a: Garchomp|Garchomp, F|299\/358
|turn|27
|
|move|p1a: Garchomp|Earthquake|p2a: Alakazam
|-damage|p2a: Alakazam|0 fnt
|faint|p2a: Alakazam
|
|-weather|Sandstorm|[upkeep]
|
|switch|p2a: Jirachi|Jirachi|341\/341
|-damage|p2a: Jirachi|320\/341|[from] Stealth Rock
|turn|28
|
|move|p1a: Garchomp|Earthquake|p2a: Jirachi
|-supereffective|p2a: Jirachi
|-damage|p2a: Jirachi|0 fnt
|faint|p2a: Jirachi
|
|-weather|Sandstorm|[upkeep]
|
|switch|p2a: Conkeldurr|Conkeldurr, F|414\/414
|-damage|p2a: Conkeldurr|389\/414|[from] Stealth Rock
|turn|29
|chat|dark voice|i shouldn't let  my skarm die...
|
|switch|p1a: Landorus-Therian|Landorus-Therian, M|248\/381
|-ability|p1a: Landorus-Therian|Intimidate|[of] p2a: Conkeldurr
|-unboost|p2a: Conkeldurr|atk|1
|move|p2a: Conkeldurr|Drain Punch|p1a: Landorus-Therian
|-resisted|p1a: Landorus-Therian
|-damage|p1a: Landorus-Therian|208\/381
|-heal|p2a: Conkeldurr|409\/414|[from] drain|[of] p1a: Landorus-Therian
|
|-weather|Sandstorm|[upkeep]
|-damage|p2a: Conkeldurr|384\/414|[from] sandstorm
|-heal|p1a: Landorus-Therian|231\/381|[from] item: Leftovers
|-heal|p2a: Conkeldurr|409\/414|[from] item: Leftovers
|turn|30
|
|switch|p1a: Scizor|Scizor, M|214\/343
|move|p2a: Conkeldurr|Stone Edge|p1a: Scizor
|-damage|p1a: Scizor|123\/343
|
|-weather|Sandstorm|[upkeep]
|-damage|p2a: Conkeldurr|384\/414|[from] sandstorm
|-heal|p2a: Conkeldurr|409\/414|[from] item: Leftovers
|turn|31
|
|switch|p1a: Landorus-Therian|Landorus-Therian, M|231\/381
|-ability|p1a: Landorus-Therian|Intimidate|[of] p2a: Conkeldurr
|-unboost|p2a: Conkeldurr|atk|1
|move|p2a: Conkeldurr|Fire Punch|p1a: Landorus-Therian
|-damage|p1a: Landorus-Therian|193\/381
|
|-weather|Sandstorm|[upkeep]
|-damage|p2a: Conkeldurr|384\/414|[from] sandstorm
|-heal|p1a: Landorus-Therian|216\/381|[from] item: Leftovers
|-heal|p2a: Conkeldurr|409\/414|[from] item: Leftovers
|turn|32
|
|move|p1a: Landorus-Therian|Earthquake|p2a: Conkeldurr
|-damage|p2a: Conkeldurr|247\/414
|move|p2a: Conkeldurr|Stone Edge|p1a: Landorus-Therian
|-damage|p1a: Landorus-Therian|165\/381
|
|-weather|Sandstorm|[upkeep]
|-damage|p2a: Conkeldurr|222\/414|[from] sandstorm
|-heal|p1a: Landorus-Therian|188\/381|[from] item: Leftovers
|-heal|p2a: Conkeldurr|247\/414|[from] item: Leftovers
|turn|33
|
|switch|p2a: Starmie|Starmie|75\/323
|-damage|p2a: Starmie|35\/323|[from] Stealth Rock
|move|p1a: Landorus-Therian|Earthquake|p2a: Starmie
|-damage|p2a: Starmie|0 fnt
|faint|p2a: Starmie
|
|-weather|Sandstorm|[upkeep]
|-heal|p1a: Landorus-Therian|211\/381|[from] item: Leftovers
|
|switch|p2a: Conkeldurr|Conkeldurr, F|247\/414
|-damage|p2a: Conkeldurr|222\/414|[from] Stealth Rock
|turn|34
|
|switch|p1a: Scizor|Scizor, M|123\/343
|move|p2a: Conkeldurr|Drain Punch|p1a: Scizor
|-damage|p1a: Scizor|0 fnt
|-heal|p2a: Conkeldurr|284\/414|[from] drain|[of] p1a: Scizor
|faint|p1a: Scizor
|
|-weather|Sandstorm|[upkeep]
|-damage|p2a: Conkeldurr|259\/414|[from] sandstorm
|-heal|p2a: Conkeldurr|284\/414|[from] item: Leftovers
|
|switch|p1a: Landorus-Therian|Landorus-Therian, M|211\/381
|-ability|p1a: Landorus-Therian|Intimidate|[of] p2a: Conkeldurr
|-unboost|p2a: Conkeldurr|atk|1
|turn|35
|
|move|p1a: Landorus-Therian|Earthquake|p2a: Conkeldurr
|-damage|p2a: Conkeldurr|112\/414
|move|p2a: Conkeldurr|Stone Edge|p1a: Landorus-Therian
|-crit|p1a: Landorus-Therian
|-damage|p1a: Landorus-Therian|0 fnt
|faint|p1a: Landorus-Therian
|
|-weather|Sandstorm|[upkeep]
|-damage|p2a: Conkeldurr|87\/414|[from] sandstorm
|-heal|p2a: Conkeldurr|112\/414|[from] item: Leftovers
|
|switch|p1a: Garchomp|Garchomp, F|299\/358
|turn|36
|
|move|p1a: Garchomp|Outrage|p2a: Conkeldurr
|-damage|p2a: Conkeldurr|0 fnt
|faint|p2a: Conkeldurr
|
|win|Apedingo
|raw|Ladder updating...
|raw|Apedingo's rating: 1638 &rarr; <strong>1650<\/strong><br \/>(+12 for winning)
|raw|dark voice's rating: 1498 &rarr; <strong>1486<\/strong><br \/>(-12 for losing)
|chat|dark voice|gg =)
|chat|Apedingo|gg