|join|Apedingo
|join|lolnoob2
|player|p1|Apedingo|242
|player|p2|lolnoob2|1
|gametype|singles
|gen|5
|tier|[Gen 5] OU
|rated
|rule|Evasion Abilities Clause: Evasion abilities are banned
|clearpoke
|poke|p1|Garchomp, M
|poke|p1|Latios, M
|poke|p1|Keldeo
|poke|p1|Scizor, M
|poke|p1|Tyranitar, F
|poke|p1|Landorus-Therian, M
|poke|p2|Terrakion
|poke|p2|Slowbro, M, shiny
|poke|p2|Tentacruel, M, shiny
|poke|p2|Tyranitar, F
|poke|p2|Heatran, F
|poke|p2|Celebi, shiny
|rule|Sleep Clause Mod: Limit one foe put to sleep
|rule|Species Clause: Limit one of each Pokemon
|rule|OHKO Clause: OHKO moves are banned
|rule|Moody Clause: Moody is banned
|rule|Evasion Moves Clause: Evasion moves are banned
|rule|Endless Battle Clause: Forcing endless battles is banned.
|rule|HP Percentage Mod: HP is reported as percentages
|teampreview
|
|start
|switch|p1a: Tyranitar|Tyranitar, F|404\/404
|switch|p2a: knock off|Tentacruel, M, shiny|311\/311
|-weather|Sandstorm|[from] ability: Sand Stream|[of] p1a: Tyranitar
|turn|1
|
|move|p2a: knock off|Hydro Pump|p1a: Tyranitar
|-supereffective|p1a: Tyranitar
|-damage|p1a: Tyranitar|234\/404
|move|p1a: Tyranitar|Crunch|p2a: knock off
|-damage|p2a: knock off|139\/311
|-unboost|p2a: knock off|def|1
|
|-weather|Sandstorm|[upkeep]
|-damage|p2a: knock off|120\/311|[from] sandstorm
|-heal|p2a: knock off|139\/311|[from] item: Black Sludge
|-heal|p1a: Tyranitar|259\/404|[from] item: Leftovers
|turn|2
|
|move|p2a: knock off|Hydro Pump|p1a: Tyranitar
|-supereffective|p1a: Tyranitar
|-damage|p1a: Tyranitar|103\/404
|move|p1a: Tyranitar|Crunch|p2a: knock off
|-damage|p2a: knock off|0 fnt
|faint|p2a: knock off
|
|-weather|Sandstorm|[upkeep]
|-heal|p1a: Tyranitar|128\/404|[from] item: Leftovers
|
|switch|p2a: Power|Terrakion|323\/323
|turn|3
|
|switch|p1a: Landorus-Therian|Landorus-Therian, M|381\/381
|-ability|p1a: Landorus-Therian|Intimidate|[of] p2a: Power
|-unboost|p2a: Power|atk|1
|move|p2a: Power|Stone Edge|p1a: Landorus-Therian|[miss]
|-miss|p2a: Power|p1a: Landorus-Therian
|
|-weather|Sandstorm|[upkeep]
|turn|4
|
|switch|p2a: I'm random|Slowbro, M, shiny|394\/394
|move|p1a: Landorus-Therian|Stealth Rock|p2a: I'm random
|-sidestart|p2: lolnoob2|move: Stealth Rock
|
|-weather|Sandstorm|[upkeep]
|-damage|p2a: I'm random|370\/394|[from] sandstorm
|-heal|p2a: I'm random|394\/394|[from] item: Leftovers
|turn|5
|
|move|p1a: Landorus-Therian|U-turn|p2a: I'm random
|-supereffective|p2a: I'm random
|-damage|p2a: I'm random|288\/394
|
|switch|p1a: Scizor|Scizor, M|343\/343
|move|p2a: I'm random|Fire Blast|p1a: Scizor
|-supereffective|p1a: Scizor
|-damage|p1a: Scizor|0 fnt
|faint|p1a: Scizor
|
|-weather|Sandstorm|[upkeep]
|-damage|p2a: I'm random|264\/394|[from] sandstorm
|-heal|p2a: I'm random|288\/394|[from] item: Leftovers
|
|switch|p1a: Latios|Latios, M|301\/301
|turn|6
|
|switch|p2a: Sandstorm|Tyranitar, F|403\/403
|-damage|p2a: Sandstorm|353\/403|[from] Stealth Rock
|move|p1a: Latios|Draco Meteor|p2a: Sandstorm
|-damage|p2a: Sandstorm|173\/403
|-unboost|p1a: Latios|spa|2
|
|-weather|Sandstorm|[upkeep]
|-damage|p1a: Latios|283\/301|[from] sandstorm
|-heal|p2a: Sandstorm|198\/403|[from] item: Leftovers
|turn|7
|
|move|p2a: Sandstorm|Pursuit|p1a: Latios|[from]Pursuit
|-supereffective|p1a: Latios
|-damage|p1a: Latios|0 fnt
|faint|p1a: Latios
|
|-weather|Sandstorm|[upkeep]
|-heal|p2a: Sandstorm|223\/403|[from] item: Leftovers
|
|switch|p1a: Landorus-Therian|Landorus-Therian, M|381\/381
|-ability|p1a: Landorus-Therian|Intimidate|[of] p2a: Sandstorm
|-unboost|p2a: Sandstorm|atk|1
|turn|8
|
|switch|p2a: I'm random|Slowbro, M, shiny|394\/394
|-damage|p2a: I'm random|345\/394|[from] Stealth Rock
|move|p1a: Landorus-Therian|Earthquake|p2a: I'm random
|-damage|p2a: I'm random|225\/394
|
|-weather|Sandstorm|[upkeep]
|-damage|p2a: I'm random|201\/394|[from] sandstorm
|-heal|p2a: I'm random|225\/394|[from] item: Leftovers
|turn|9
|
|move|p1a: Landorus-Therian|U-turn|p2a: I'm random
|-supereffective|p2a: I'm random
|-damage|p2a: I'm random|103\/394
|
|switch|p1a: Tyranitar|Tyranitar, F|128\/404
|move|p2a: I'm random|Slack Off|p2a: I'm random
|-heal|p2a: I'm random|300\/394
|
|-weather|Sandstorm|[upkeep]
|-damage|p2a: I'm random|276\/394|[from] sandstorm
|-heal|p1a: Tyranitar|153\/404|[from] item: Leftovers
|-heal|p2a: I'm random|300\/394|[from] item: Leftovers
|turn|10
|
|switch|p2a: Sandstorm|Tyranitar, F|223\/403
|-damage|p2a: Sandstorm|173\/403|[from] Stealth Rock
|move|p1a: Tyranitar|Crunch|p2a: Sandstorm
|-resisted|p2a: Sandstorm
|-damage|p2a: Sandstorm|113\/403
|
|-weather|Sandstorm|[upkeep]
|-heal|p2a: Sandstorm|138\/403|[from] item: Leftovers
|-heal|p1a: Tyranitar|178\/404|[from] item: Leftovers
|turn|11
|
|switch|p1a: Keldeo|Keldeo|323\/323
|move|p2a: Sandstorm|Stealth Rock|p1a: Keldeo
|-sidestart|p1: Apedingo|move: Stealth Rock
|
|-weather|Sandstorm|[upkeep]
|-damage|p1a: Keldeo|303\/323|[from] sandstorm
|-heal|p1a: Keldeo|323\/323|[from] item: Leftovers
|-heal|p2a: Sandstorm|163\/403|[from] item: Leftovers
|turn|12
|
|switch|p2a: Traveltime|Celebi, shiny|403\/403
|-damage|p2a: Traveltime|353\/403|[from] Stealth Rock
|move|p1a: Keldeo|Surf|p2a: Traveltime
|-resisted|p2a: Traveltime
|-damage|p2a: Traveltime|284\/403
|
|-weather|Sandstorm|[upkeep]
|-damage|p1a: Keldeo|303\/323|[from] sandstorm
|-damage|p2a: Traveltime|259\/403|[from] sandstorm
|-heal|p1a: Keldeo|323\/323|[from] item: Leftovers
|-heal|p2a: Traveltime|284\/403|[from] item: Leftovers
|turn|13
|
|switch|p1a: Tyranitar|Tyranitar, F|178\/404
|-damage|p1a: Tyranitar|128\/404|[from] Stealth Rock
|move|p2a: Traveltime|Recover|p2a: Traveltime
|-heal|p2a: Traveltime|403\/403
|
|-weather|Sandstorm|[upkeep]
|-damage|p2a: Traveltime|378\/403|[from] sandstorm
|-heal|p2a: Traveltime|403\/403|[from] item: Leftovers
|-heal|p1a: Tyranitar|153\/404|[from] item: Leftovers
|turn|14
|
|move|p2a: Traveltime|Seed Bomb|p1a: Tyranitar
|-supereffective|p1a: Tyranitar
|-damage|p1a: Tyranitar|0 fnt
|faint|p1a: Tyranitar
|
|-weather|Sandstorm|[upkeep]
|-damage|p2a: Traveltime|378\/403|[from] sandstorm
|-heal|p2a: Traveltime|403\/403|[from] item: Leftovers
|
|switch|p1a: Landorus-Therian|Landorus-Therian, M|381\/381
|-damage|p1a: Landorus-Therian|334\/381|[from] Stealth Rock
|-ability|p1a: Landorus-Therian|Intimidate|[of] p2a: Traveltime
|-unboost|p2a: Traveltime|atk|1
|turn|15
|
|switch|p2a: I'm random|Slowbro, M, shiny|394\/394
|-damage|p2a: I'm random|345\/394|[from] Stealth Rock
|move|p1a: Landorus-Therian|U-turn|p2a: I'm random
|-supereffective|p2a: I'm random
|-damage|p2a: I'm random|231\/394
|
|switch|p1a: Keldeo|Keldeo|323\/323
|-damage|p1a: Keldeo|303\/323|[from] Stealth Rock
|
|-weather|Sandstorm|[upkeep]
|-damage|p1a: Keldeo|283\/323|[from] sandstorm
|-damage|p2a: I'm random|207\/394|[from] sandstorm
|-heal|p1a: Keldeo|303\/323|[from] item: Leftovers
|-heal|p2a: I'm random|231\/394|[from] item: Leftovers
|turn|16
|
|switch|p2a: Sandstorm|Tyranitar, F|163\/403
|-damage|p2a: Sandstorm|113\/403|[from] Stealth Rock
|move|p1a: Keldeo|Substitute|p1a: Keldeo
|-start|p1a: Keldeo|Substitute
|-damage|p1a: Keldeo|223\/323
|
|-weather|Sandstorm|[upkeep]
|-damage|p1a: Keldeo|203\/323|[from] sandstorm
|-heal|p1a: Keldeo|223\/323|[from] item: Leftovers
|-heal|p2a: Sandstorm|138\/403|[from] item: Leftovers
|turn|17
|
|switch|p2a: Traveltime|Celebi, shiny|403\/403
|-damage|p2a: Traveltime|353\/403|[from] Stealth Rock
|move|p1a: Keldeo|Calm Mind|p1a: Keldeo
|-boost|p1a: Keldeo|spa|1
|-boost|p1a: Keldeo|spd|1
|
|-weather|Sandstorm|[upkeep]
|-damage|p1a: Keldeo|203\/323|[from] sandstorm
|-damage|p2a: Traveltime|328\/403|[from] sandstorm
|-heal|p1a: Keldeo|223\/323|[from] item: Leftovers
|-heal|p2a: Traveltime|353\/403|[from] item: Leftovers
|turn|18
|
|move|p1a: Keldeo|Surf|p2a: Traveltime
|-resisted|p2a: Traveltime
|-damage|p2a: Traveltime|253\/403
|move|p2a: Traveltime|Seed Bomb|p1a: Keldeo
|-supereffective|p1a: Keldeo
|-end|p1a: Keldeo|Substitute
|
|-weather|Sandstorm|[upkeep]
|-damage|p1a: Keldeo|203\/323|[from] sandstorm
|-damage|p2a: Traveltime|228\/403|[from] sandstorm
|-heal|p1a: Keldeo|223\/323|[from] item: Leftovers
|-heal|p2a: Traveltime|253\/403|[from] item: Leftovers
|turn|19
|
|switch|p1a: Landorus-Therian|Landorus-Therian, M|334\/381
|-damage|p1a: Landorus-Therian|287\/381|[from] Stealth Rock
|-ability|p1a: Landorus-Therian|Intimidate|[of] p2a: Traveltime
|-unboost|p2a: Traveltime|atk|1
|move|p2a: Traveltime|Recover|p2a: Traveltime
|-heal|p2a: Traveltime|403\/403
|
|-weather|Sandstorm|[upkeep]
|-damage|p2a: Traveltime|378\/403|[from] sandstorm
|-heal|p2a: Traveltime|403\/403|[from] item: Leftovers
|-heal|p1a: Landorus-Therian|310\/381|[from] item: Leftovers
|turn|20
|
|switch|p2a: I'm random|Slowbro, M, shiny|362\/394
|-damage|p2a: I'm random|313\/394|[from] Stealth Rock
|move|p1a: Landorus-Therian|U-turn|p2a: I'm random
|-supereffective|p2a: I'm random
|-damage|p2a: I'm random|193\/394
|
|switch|p1a: Keldeo|Keldeo|223\/323
|-damage|p1a: Keldeo|203\/323|[from] Stealth Rock
|
|-weather|Sandstorm|[upkeep]
|-damage|p1a: Keldeo|183\/323|[from] sandstorm
|-damage|p2a: I'm random|169\/394|[from] sandstorm
|-heal|p1a: Keldeo|203\/323|[from] item: Leftovers
|-heal|p2a: I'm random|193\/394|[from] item: Leftovers
|turn|21
|
|move|p1a: Keldeo|Surf|p2a: I'm random
|-resisted|p2a: I'm random
|-damage|p2a: I'm random|91\/394
|move|p2a: I'm random|Slack Off|p2a: I'm random
|-heal|p2a: I'm random|288\/394
|
|-weather|Sandstorm|[upkeep]
|-damage|p1a: Keldeo|183\/323|[from] sandstorm
|-damage|p2a: I'm random|264\/394|[from] sandstorm
|-heal|p1a: Keldeo|203\/323|[from] item: Leftovers
|-heal|p2a: I'm random|288\/394|[from] item: Leftovers
|turn|22
|
|move|p1a: Keldeo|Surf|p2a: I'm random
|-crit|p2a: I'm random
|-resisted|p2a: I'm random
|-damage|p2a: I'm random|81\/394
|move|p2a: I'm random|Psyshock|p1a: Keldeo
|-supereffective|p1a: Keldeo
|-damage|p1a: Keldeo|0 fnt
|faint|p1a: Keldeo
|
|-weather|Sandstorm|[upkeep]
|-damage|p2a: I'm random|57\/394|[from] sandstorm
|-heal|p2a: I'm random|81\/394|[from] item: Leftovers
|
|switch|p1a: Landorus-Therian|Landorus-Therian, M|310\/381
|-damage|p1a: Landorus-Therian|263\/381|[from] Stealth Rock
|-ability|p1a: Landorus-Therian|Intimidate|[of] p2a: I'm random
|-unboost|p2a: I'm random|atk|1
|turn|23
|
|switch|p2a: Sandstorm|Tyranitar, F|138\/403
|-damage|p2a: Sandstorm|88\/403|[from] Stealth Rock
|move|p1a: Landorus-Therian|Earthquake|p2a: Sandstorm
|-supereffective|p2a: Sandstorm
|-damage|p2a: Sandstorm|0 fnt
|faint|p2a: Sandstorm
|
|-weather|Sandstorm|[upkeep]
|-heal|p1a: Landorus-Therian|286\/381|[from] item: Leftovers
|
|switch|p2a: Special wall|Heatran, F|323\/323
|-damage|p2a: Special wall|283\/323|[from] Stealth Rock
|turn|24
|
|move|p2a: Special wall|Overheat|p1a: Landorus-Therian
|-crit|p1a: Landorus-Therian
|-damage|p1a: Landorus-Therian|0 fnt
|-unboost|p2a: Special wall|spa|2
|faint|p1a: Landorus-Therian
|
|-weather|Sandstorm|[upkeep]
|
|switch|p1a: Garchomp|Garchomp, M|358\/358
|-damage|p1a: Garchomp|336\/358|[from] Stealth Rock
|turn|25
|
|switch|p2a: I'm random|Slowbro, M, shiny|212\/394
|-damage|p2a: I'm random|163\/394|[from] Stealth Rock
|move|p1a: Garchomp|Earthquake|p2a: I'm random
|-damage|p2a: I'm random|19\/394
|
|-weather|Sandstorm|[upkeep]
|-damage|p2a: I'm random|0 fnt|[from] sandstorm
|faint|p2a: I'm random
|
|switch|p2a: Traveltime|Celebi, shiny|403\/403
|-damage|p2a: Traveltime|353\/403|[from] Stealth Rock
|turn|26
|
|move|p1a: Garchomp|Earthquake|p2a: Traveltime
|-resisted|p2a: Traveltime
|-damage|p2a: Traveltime|274\/403
|move|p2a: Traveltime|Swords Dance|p2a: Traveltime
|-boost|p2a: Traveltime|atk|2
|
|-weather|Sandstorm|[upkeep]
|-damage|p2a: Traveltime|249\/403|[from] sandstorm
|-heal|p2a: Traveltime|274\/403|[from] item: Leftovers
|turn|27
|
|move|p1a: Garchomp|Earthquake|p2a: Traveltime
|-resisted|p2a: Traveltime
|-damage|p2a: Traveltime|191\/403
|move|p2a: Traveltime|Recover|p2a: Traveltime
|-heal|p2a: Traveltime|393\/403
|
|-weather|Sandstorm|[upkeep]
|-damage|p2a: Traveltime|368\/403|[from] sandstorm
|-heal|p2a: Traveltime|393\/403|[from] item: Leftovers
|turn|28
|
|move|p1a: Garchomp|Earthquake|p2a: Traveltime
|-resisted|p2a: Traveltime
|-damage|p2a: Traveltime|317\/403
|move|p2a: Traveltime|Seed Bomb|p1a: Garchomp
|-damage|p1a: Garchomp|128\/358
|
|-weather|Sandstorm|[upkeep]
|-damage|p2a: Traveltime|292\/403|[from] sandstorm
|-heal|p2a: Traveltime|317\/403|[from] item: Leftovers
|turn|29
|
|move|p1a: Garchomp|Earthquake|p2a: Traveltime
|-resisted|p2a: Traveltime
|-damage|p2a: Traveltime|242\/403
|move|p2a: Traveltime|Seed Bomb|p1a: Garchomp
|-damage|p1a: Garchomp|0 fnt
|faint|p1a: Garchomp
|
|win|lolnoob2
|raw|Ladder updating...
|chat|lolnoob2|gg
|raw|Apedingo's rating: 1570 &rarr; <strong>1536<\/strong><br \/>(-34 for losing)
|raw|lolnoob2's rating: 1269 &rarr; <strong>1312<\/strong><br \/>(+43 for winning)
|chat|Apedingo|gg