|join|LT5Z Misugi
|join|Apedingo
|player|p1|LT5Z Misugi|107
|player|p2|Apedingo|242
|gametype|singles
|gen|6
|tier|OU
|rated
|clearpoke
|poke|p1|Tyranitar, M
|poke|p1|Slowbro, M
|poke|p1|Latios, M
|poke|p1|Ferrothorn, F
|poke|p1|Charizard, M
|poke|p1|Landorus, M
|poke|p2|Landorus-Therian, M
|poke|p2|Gardevoir, M
|poke|p2|Azumarill, M
|poke|p2|Latios, M
|poke|p2|Tyranitar, F
|poke|p2|Magnezone
|rule|Swagger Clause: Swagger is banned
|rule|Baton Pass Clause: Limit one PokÃ©mon knowing Baton Pass
|rule|Sleep Clause Mod: Limit one foe put to sleep
|rule|Species Clause: Limit one of each PokÃ©mon
|rule|OHKO Clause: OHKO moves are banned
|rule|Moody Clause: Moody is banned
|rule|Evasion Moves Clause: Evasion moves are banned
|rule|Endless Battle Clause: Forcing endless battles is banned
|rule|HP Percentage Mod: HP is shown in percentages
|teampreview
|
|start
|switch|p1a: Ferrothorn|Ferrothorn, F|352\/352
|switch|p2a: Its a trap!|Magnezone|281\/281
|turn|1
|
|move|p1a: Ferrothorn|Protect|p1a: Ferrothorn
|-singleturn|p1a: Ferrothorn|Protect
|move|p2a: Its a trap!|Hidden Power|p1a: Ferrothorn
|-activate|p1a: Ferrothorn|Protect
|
|turn|2
|
|move|p2a: Its a trap!|Hidden Power|p1a: Ferrothorn
|-supereffective|p1a: Ferrothorn
|-damage|p1a: Ferrothorn|144\/352
|move|p1a: Ferrothorn|Stealth Rock|p2a: Its a trap!
|-sidestart|p2: Apedingo|move: Stealth Rock
|
|-heal|p1a: Ferrothorn|166\/352|[from] item: Leftovers
|turn|3
|
|move|p1a: Ferrothorn|Protect|p1a: Ferrothorn
|-singleturn|p1a: Ferrothorn|Protect
|move|p2a: Its a trap!|Hidden Power|p1a: Ferrothorn
|-activate|p1a: Ferrothorn|Protect
|
|-heal|p1a: Ferrothorn|188\/352|[from] item: Leftovers
|turn|4
|
|move|p1a: Ferrothorn|Protect|p1a: Ferrothorn
|-fail|p1a: Ferrothorn
|move|p2a: Its a trap!|Hidden Power|p1a: Ferrothorn
|-supereffective|p1a: Ferrothorn
|-damage|p1a: Ferrothorn|0 fnt
|faint|p1a: Ferrothorn
|
|
|switch|p1a: Charizard|Charizard, M|359\/359
|turn|5
|
|switch|p2a: Go Go Mike|Latios, M|301\/301
|-damage|p2a: Go Go Mike|264\/301|[from] Stealth Rock
|detailschange|p1a: Charizard|Charizard-Mega-X, M
|message|Charizard has Mega Evolved into Mega Charizard!
|move|p1a: Charizard|Will-O-Wisp|p2a: Go Go Mike
|-status|p2a: Go Go Mike|brn
|
|-damage|p2a: Go Go Mike|227\/301 brn|[from] brn
|turn|6
|
|switch|p2a: Fluffy Paws|Landorus-Therian, M|382\/382
|-damage|p2a: Fluffy Paws|335\/382|[from] Stealth Rock
|-ability|p2a: Fluffy Paws|Intimidate|[of] p1a: Charizard
|-unboost|p1a: Charizard|atk|1
|switch|p1a: Tyranitar|Tyranitar, M|341\/341
|-weather|Sandstorm
|
|-weather|Sandstorm|[upkeep]
|-heal|p2a: Fluffy Paws|358\/382|[from] item: Leftovers
|turn|7
|
|switch|p1a: Slowbro|Slowbro, M|394\/394
|move|p2a: Fluffy Paws|Stealth Rock|p1a: Slowbro
|-sidestart|p1: LT5Z Misugi|move: Stealth Rock
|
|-weather|Sandstorm|[upkeep]
|-damage|p1a: Slowbro|370\/394|[from] sandstorm
|-heal|p2a: Fluffy Paws|381\/382|[from] item: Leftovers
|-heal|p1a: Slowbro|394\/394|[from] item: Leftovers
|turn|8
|
|move|p2a: Fluffy Paws|U-turn|p1a: Slowbro
|-supereffective|p1a: Slowbro
|-damage|p1a: Slowbro|294\/394
|
|switch|p2a: Its a trap!|Magnezone|281\/281
|-damage|p2a: Its a trap!|264\/281|[from] Stealth Rock
|move|p1a: Slowbro|Scald|p2a: Its a trap!
|-damage|p2a: Its a trap!|164\/281
|-status|p2a: Its a trap!|brn
|
|-weather|Sandstorm|[upkeep]
|-damage|p1a: Slowbro|270\/394|[from] sandstorm
|-heal|p1a: Slowbro|294\/394|[from] item: Leftovers
|-damage|p2a: Its a trap!|129\/281 brn|[from] brn
|turn|9
|
|switch|p1a: Landorus|Landorus, M|319\/319
|-damage|p1a: Landorus|280\/319|[from] Stealth Rock
|move|p2a: Its a trap!|Flash Cannon|p1a: Landorus
|-damage|p1a: Landorus|87\/319
|
|-weather|Sandstorm|[upkeep]
|-damage|p2a: Its a trap!|94\/281 brn|[from] brn
|turn|10
|
|move|p2a: Its a trap!|Flash Cannon|p1a: Landorus
|-damage|p1a: Landorus|0 fnt
|faint|p1a: Landorus
|
|-weather|none
|-damage|p2a: Its a trap!|59\/281 brn|[from] brn
|
|switch|p1a: Charizard|Charizard-Mega-X, M|359\/359
|-damage|p1a: Charizard|270\/359|[from] Stealth Rock
|turn|11
|
|switch|p2a: Fluffy Paws|Landorus-Therian, M|381\/382
|-damage|p2a: Fluffy Paws|334\/382|[from] Stealth Rock
|-ability|p2a: Fluffy Paws|Intimidate|[of] p1a: Charizard
|-unboost|p1a: Charizard|atk|1
|move|p1a: Charizard|Will-O-Wisp|p2a: Fluffy Paws|[miss]
|-miss|p1a: Charizard|p2a: Fluffy Paws
|
|-heal|p2a: Fluffy Paws|357\/382|[from] item: Leftovers
|turn|12
|
|move|p1a: Charizard|Roost|p1a: Charizard
|-heal|p1a: Charizard|359\/359
|move|p2a: Fluffy Paws|Earthquake|p1a: Charizard
|-supereffective|p1a: Charizard
|-damage|p1a: Charizard|45\/359
|
|-heal|p2a: Fluffy Paws|380\/382|[from] item: Leftovers
|turn|13
|
|move|p1a: Charizard|Will-O-Wisp|p2a: Fluffy Paws|[miss]
|-miss|p1a: Charizard|p2a: Fluffy Paws
|move|p2a: Fluffy Paws|U-turn|p1a: Charizard
|-resisted|p1a: Charizard
|-damage|p1a: Charizard|11\/359
|c|âLT5Z Misugi|ok
|
|switch|p2a: Damn Cute Bunny|Azumarill, M|401\/401
|-damage|p2a: Damn Cute Bunny|351\/401|[from] Stealth Rock
|
|turn|14
|
|move|p2a: Damn Cute Bunny|Aqua Jet|p1a: Charizard
|-damage|p1a: Charizard|0 fnt
|faint|p1a: Charizard
|
|
|switch|p1a: Slowbro|Slowbro, M|394\/394
|-damage|p1a: Slowbro|345\/394|[from] Stealth Rock
|turn|15
|
|move|p2a: Damn Cute Bunny|Knock Off|p1a: Slowbro
|-supereffective|p1a: Slowbro
|-damage|p1a: Slowbro|147\/394
|-enditem|p1a: Slowbro|Leftovers|[from] move: Knock Off|[of] p2a: Damn Cute Bunny
|move|p1a: Slowbro|Scald|p2a: Damn Cute Bunny
|-resisted|p2a: Damn Cute Bunny
|-damage|p2a: Damn Cute Bunny|313\/401
|
|turn|16
|
|switch|p2a: Its a trap!|Magnezone|59\/281 brn
|-damage|p2a: Its a trap!|42\/281 brn|[from] Stealth Rock
|move|p1a: Slowbro|Slack Off|p1a: Slowbro
|-heal|p1a: Slowbro|344\/394
|
|-damage|p2a: Its a trap!|7\/281 brn|[from] brn
|turn|17
|
|move|p2a: Its a trap!|Volt Switch|p1a: Slowbro
|-supereffective|p1a: Slowbro
|-damage|p1a: Slowbro|62\/394
|
|switch|p2a: Milady|Gardevoir, M|278\/278
|-damage|p2a: Milady|244\/278|[from] Stealth Rock
|move|p1a: Slowbro|Scald|p2a: Milady
|-damage|p2a: Milady|159\/278
|-status|p2a: Milady|brn
|-status|p1a: Slowbro|brn
|
|-damage|p2a: Milady|125\/278 brn|[from] brn
|-damage|p1a: Slowbro|13\/394 brn|[from] brn
|turn|18
|
|detailschange|p2a: Milady|Gardevoir-Mega, M
|message|Gardevoir has Mega Evolved into Mega Gardevoir!
|move|p2a: Milady|Hyper Voice|p1a: Slowbro
|-damage|p1a: Slowbro|0 fnt
|faint|p1a: Slowbro
|
|-damage|p2a: Milady|91\/278 brn|[from] brn
|
|switch|p1a: Tyranitar|Tyranitar, M|341\/341
|-damage|p1a: Tyranitar|299\/341|[from] Stealth Rock
|-weather|Sandstorm
|turn|19
|
|move|p1a: Tyranitar|Crunch|p2a: Milady
|-damage|p2a: Milady|0 fnt
|faint|p2a: Milady
|
|-weather|Sandstorm|[upkeep]
|
|switch|p2a: Fluffy Paws|Landorus-Therian, M|380\/382
|-damage|p2a: Fluffy Paws|333\/382|[from] Stealth Rock
|-ability|p2a: Fluffy Paws|Intimidate|[of] p1a: Tyranitar
|-unboost|p1a: Tyranitar|atk|1
|turn|20
|
|move|p1a: Tyranitar|Crunch|p2a: Fluffy Paws
|-damage|p2a: Fluffy Paws|264\/382
|move|p2a: Fluffy Paws|U-turn|p1a: Tyranitar
|-supereffective|p1a: Tyranitar
|-damage|p1a: Tyranitar|169\/341
|
|switch|p2a: Damn Cute Bunny|Azumarill, M|313\/401
|-damage|p2a: Damn Cute Bunny|263\/401|[from] Stealth Rock
|
|-weather|Sandstorm|[upkeep]
|-damage|p2a: Damn Cute Bunny|238\/401|[from] sandstorm
|turn|21
|
|move|p2a: Damn Cute Bunny|Aqua Jet|p1a: Tyranitar
|-supereffective|p1a: Tyranitar
|-damage|p1a: Tyranitar|1\/341
|move|p1a: Tyranitar|Crunch|p2a: Damn Cute Bunny
|-resisted|p2a: Damn Cute Bunny
|-damage|p2a: Damn Cute Bunny|182\/401
|-unboost|p2a: Damn Cute Bunny|def|1
|
|-weather|Sandstorm|[upkeep]
|-damage|p2a: Damn Cute Bunny|157\/401|[from] sandstorm
|turn|22
|
|move|p2a: Damn Cute Bunny|Aqua Jet|p1a: Tyranitar
|-crit|p1a: Tyranitar
|-supereffective|p1a: Tyranitar
|-damage|p1a: Tyranitar|0 fnt
|faint|p1a: Tyranitar
|
|-weather|Sandstorm|[upkeep]
|-damage|p2a: Damn Cute Bunny|132\/401|[from] sandstorm
|
|switch|p1a: Latios|Latios, M|302\/302
|-damage|p1a: Latios|265\/302|[from] Stealth Rock
|turn|23
|
|move|p1a: Latios|Psyshock|p2a: Damn Cute Bunny
|-damage|p2a: Damn Cute Bunny|0 fnt
|-damage|p1a: Latios|235\/302|[from] item: Life Orb
|faint|p2a: Damn Cute Bunny
|
|-weather|none
|
|switch|p2a: Mr. Fancypants|Tyranitar, F|403\/403
|-damage|p2a: Mr. Fancypants|353\/403|[from] Stealth Rock
|-weather|Sandstorm
|turn|24
|
|move|p1a: Latios|Draco Meteor|p2a: Mr. Fancypants|[miss]
|-miss|p1a: Latios|p2a: Mr. Fancypants
|move|p2a: Mr. Fancypants|Crunch|p1a: Latios
|-supereffective|p1a: Latios
|-damage|p1a: Latios|0 fnt
|faint|p1a: Latios
|
|win|Apedingo
|raw|Ladder updating...
|raw|LT5Z Misugi's rating: 1711 &rarr; <strong>1693<\/strong><br \/>(-18 for losing)
|raw|Apedingo's rating: 1744 &rarr; <strong>1762<\/strong><br \/>(+18 for winning)
|leave|LT5Z Misugi
|player|p1
|leave|Apedingo
|player|p2
|join|LT5Z Misugi