|join|Apedingo
|join|opggnore
|player|p1|Apedingo|242
|player|p2|opggnore|101
|gametype|singles
|gen|6
|tier|OU
|rated
|clearpoke
|poke|p1|Landorus-Therian, M
|poke|p1|Gardevoir, F
|poke|p1|Azumarill, F
|poke|p1|Latios, M
|poke|p1|Tyranitar, M
|poke|p1|Magnezone
|poke|p2|Garchomp, F
|poke|p2|Latias, F
|poke|p2|Diggersby, F
|poke|p2|Magnezone
|poke|p2|Pinsir, M
|poke|p2|Azumarill, F
|rule|Swagger Clause: Swagger is banned
|rule|Baton Pass Clause: Limit one PokÃ©mon knowing Baton Pass
|rule|Sleep Clause Mod: Limit one foe put to sleep
|rule|Species Clause: Limit one of each PokÃ©mon
|rule|OHKO Clause: OHKO moves are banned
|rule|Moody Clause: Moody is banned
|rule|Evasion Moves Clause: Evasion moves are banned
|rule|Endless Battle Clause: Forcing endless battles is banned
|rule|HP Percentage Mod: HP is shown in percentages
|teampreview
|
|start
|switch|p1a: Landorus-Therian|Landorus-Therian, M|382\/382
|switch|p2a: Garchomp|Garchomp, F|358\/358
|-ability|p1a: Landorus-Therian|Intimidate|[of] p2a: Garchomp
|-unboost|p2a: Garchomp|atk|1
|turn|1
|
|move|p2a: Garchomp|Stealth Rock|p1a: Landorus-Therian
|-sidestart|p1: Apedingo|move: Stealth Rock
|move|p1a: Landorus-Therian|Stealth Rock|p2a: Garchomp
|-sidestart|p2: opggnore|move: Stealth Rock
|
|turn|2
|
|move|p2a: Garchomp|Swords Dance|p2a: Garchomp
|-boost|p2a: Garchomp|atk|2
|move|p1a: Landorus-Therian|Hidden Power|p2a: Garchomp
|-supereffective|p2a: Garchomp
|-damage|p2a: Garchomp|138\/358
|
|turn|3
|
|move|p2a: Garchomp|Dragon Claw|p1a: Landorus-Therian
|-damage|p1a: Landorus-Therian|207\/382
|move|p1a: Landorus-Therian|Hidden Power|p2a: Garchomp
|-supereffective|p2a: Garchomp
|-damage|p2a: Garchomp|0 fnt
|faint|p2a: Garchomp
|
|-heal|p1a: Landorus-Therian|230\/382|[from] item: Leftovers
|
|switch|p2a: Azumarill|Azumarill, F|404\/404
|-damage|p2a: Azumarill|354\/404|[from] Stealth Rock
|turn|4
|
|switch|p1a: Azumarill|Azumarill, F|401\/401
|-damage|p1a: Azumarill|351\/401|[from] Stealth Rock
|move|p2a: Azumarill|Play Rough|p1a: Azumarill
|-damage|p1a: Azumarill|120\/401
|
|turn|5
|
|move|p2a: Azumarill|Play Rough|p1a: Azumarill
|-damage|p1a: Azumarill|0 fnt
|faint|p1a: Azumarill
|
|
|switch|p1a: Magnezone|Magnezone|281\/281
|-damage|p1a: Magnezone|264\/281|[from] Stealth Rock
|turn|6
|
|switch|p2a: Diggersby|Diggersby, F|311\/311
|-damage|p2a: Diggersby|292\/311|[from] Stealth Rock
|move|p1a: Magnezone|Volt Switch|p2a: Diggersby
|-immune|p2a: Diggersby|[msg]
|
|turn|7
|
|switch|p1a: Landorus-Therian|Landorus-Therian, M|230\/382
|-damage|p1a: Landorus-Therian|183\/382|[from] Stealth Rock
|-ability|p1a: Landorus-Therian|Intimidate|[of] p2a: Diggersby
|-unboost|p2a: Diggersby|atk|1
|move|p2a: Diggersby|Return|p1a: Landorus-Therian
|-damage|p1a: Landorus-Therian|34\/382
|-damage|p2a: Diggersby|261\/311|[from] item: Life Orb
|
|-heal|p1a: Landorus-Therian|57\/382|[from] item: Leftovers
|turn|8
|
|move|p2a: Diggersby|Quick Attack|p1a: Landorus-Therian
|-damage|p1a: Landorus-Therian|0 fnt
|-damage|p2a: Diggersby|230\/311|[from] item: Life Orb
|faint|p1a: Landorus-Therian
|
|
|switch|p1a: Gardevoir|Gardevoir, F|278\/278
|-damage|p1a: Gardevoir|244\/278|[from] Stealth Rock
|turn|9
|
|switch|p2a: Magnezone|Magnezone|282\/282
|-damage|p2a: Magnezone|265\/282|[from] Stealth Rock
|detailschange|p1a: Gardevoir|Gardevoir-Mega, F
|message|Gardevoir has Mega Evolved into Mega Gardevoir!
|move|p1a: Gardevoir|Hyper Voice|p2a: Magnezone
|-resisted|p2a: Magnezone
|-damage|p2a: Magnezone|127\/282
|
|turn|10
|
|move|p2a: Magnezone|Flash Cannon|p1a: Gardevoir
|-supereffective|p1a: Gardevoir
|-damage|p1a: Gardevoir|40\/278
|move|p1a: Gardevoir|Hyper Voice|p2a: Magnezone
|-resisted|p2a: Magnezone
|-damage|p2a: Magnezone|0 fnt
|faint|p2a: Magnezone
|
|
|switch|p2a: Diggersby|Diggersby, F|230\/311
|-damage|p2a: Diggersby|211\/311|[from] Stealth Rock
|turn|11
|
|move|p2a: Diggersby|Quick Attack|p1a: Gardevoir
|-damage|p1a: Gardevoir|0 fnt
|-damage|p2a: Diggersby|180\/311|[from] item: Life Orb
|faint|p1a: Gardevoir
|
|
|switch|p1a: Latios|Latios, M|301\/301
|-damage|p1a: Latios|264\/301|[from] Stealth Rock
|turn|12
|
|move|p2a: Diggersby|Quick Attack|p1a: Latios
|-crit|p1a: Latios
|-damage|p1a: Latios|48\/301
|-damage|p2a: Diggersby|149\/311|[from] item: Life Orb
|move|p1a: Latios|Psyshock|p2a: Diggersby
|-damage|p2a: Diggersby|0 fnt
|faint|p2a: Diggersby
|
|
|switch|p2a: Pinsir|Pinsir, M|271\/271
|-damage|p2a: Pinsir|204\/271|[from] Stealth Rock
|turn|13
|
|move|p2a: Pinsir|Quick Attack|p1a: Latios
|-damage|p1a: Latios|0 fnt
|faint|p1a: Latios
|
|
|switch|p1a: Magnezone|Magnezone|264\/281
|-damage|p1a: Magnezone|247\/281|[from] Stealth Rock
|turn|14
|
|move|p1a: Magnezone|Volt Switch|p2a: Pinsir
|-damage|p2a: Pinsir|51\/271
|
|switch|p1a: Tyranitar|Tyranitar, M|403\/403
|-damage|p1a: Tyranitar|353\/403|[from] Stealth Rock
|-weather|Sandstorm
|move|p2a: Pinsir|Close Combat|p1a: Tyranitar
|-supereffective|p1a: Tyranitar
|-damage|p1a: Tyranitar|0 fnt
|-unboost|p2a: Pinsir|def|1
|-unboost|p2a: Pinsir|spd|1
|faint|p1a: Tyranitar
|
|-weather|Sandstorm|[upkeep]
|-damage|p2a: Pinsir|35\/271|[from] sandstorm
|
|switch|p1a: Magnezone|Magnezone|247\/281
|-damage|p1a: Magnezone|230\/281|[from] Stealth Rock
|turn|15
|
|move|p2a: Pinsir|Quick Attack|p1a: Magnezone
|-resisted|p1a: Magnezone
|-damage|p1a: Magnezone|211\/281
|move|p1a: Magnezone|Flash Cannon|p2a: Pinsir
|-damage|p2a: Pinsir|0 fnt
|faint|p2a: Pinsir
|
|-weather|Sandstorm|[upkeep]
|
|switch|p2a: Latias|Latias, F|302\/302
|-damage|p2a: Latias|265\/302|[from] Stealth Rock
|turn|16
|
|move|p1a: Magnezone|Flash Cannon|p2a: Latias
|-damage|p2a: Latias|153\/302
|move|p2a: Latias|Hidden Power|p1a: Magnezone
|-supereffective|p1a: Magnezone
|-damage|p1a: Magnezone|0 fnt
|-damage|p2a: Latias|123\/302|[from] item: Life Orb
|faint|p1a: Magnezone
|
|win|opggnore
|raw|Ladder updating...
|raw|Apedingo's rating: 1783 &rarr; <strong>1766<\/strong><br \/>(-17 for losing)
|raw|opggnore's rating: 1824 &rarr; <strong>1841<\/strong><br \/>(+17 for winning)