|join|Apedingo
|join|icening
|player|p1|Apedingo|242
|player|p2|icening|156
|gametype|singles
|gen|6
|tier|OU
|rated
|clearpoke
|poke|p1|Landorus-Therian, M
|poke|p1|Metagross
|poke|p1|Azumarill, F
|poke|p1|Latios, M
|poke|p1|Tyranitar, M
|poke|p1|Magnezone
|poke|p2|Swampert, M
|poke|p2|Politoed, F
|poke|p2|Celebi
|poke|p2|Manaphy
|poke|p2|Klefki, M
|poke|p2|Virizion
|rule|Swagger Clause: Swagger is banned
|rule|Baton Pass Clause: Limit one PokÃ©mon knowing Baton Pass
|rule|Sleep Clause Mod: Limit one foe put to sleep
|rule|Species Clause: Limit one of each PokÃ©mon
|rule|OHKO Clause: OHKO moves are banned
|rule|Moody Clause: Moody is banned
|rule|Evasion Moves Clause: Evasion moves are banned
|rule|Endless Battle Clause: Forcing endless battles is banned
|rule|HP Percentage Mod: HP is shown in percentages
|teampreview
|
|start
|switch|p1a: Its a trap|Magnezone|281\/281
|switch|p2a: Ollie|Politoed, F|384\/384
|-weather|RainDance
|turn|1
|
|switch|p1a: Damn Cute Bunny|Azumarill, F|401\/401
|switch|p2a: Splash|Swampert, M|391\/391
|
|-weather|RainDance|[upkeep]
|turn|2
|
|detailschange|p2a: Splash|Swampert-Mega, M
|message|Swampert has Mega Evolved into Mega Swampert!
|move|p2a: Splash|Earthquake|p1a: Damn Cute Bunny
|-damage|p1a: Damn Cute Bunny|133\/401
|move|p1a: Damn Cute Bunny|Knock Off|p2a: Splash
|-damage|p2a: Splash|305\/391
|
|-weather|RainDance|[upkeep]
|turn|3
|
|switch|p1a: Go Go Mike|Latios, M|301\/301
|move|p2a: Splash|Waterfall|p1a: Go Go Mike
|-resisted|p1a: Go Go Mike
|-damage|p1a: Go Go Mike|154\/301
|
|-weather|RainDance|[upkeep]
|turn|4
|
|move|p2a: Splash|Waterfall|p1a: Go Go Mike
|-resisted|p1a: Go Go Mike
|-damage|p1a: Go Go Mike|3\/301
|move|p1a: Go Go Mike|Surf|p2a: Splash
|-damage|p2a: Splash|100\/391
|
|-weather|RainDance|[upkeep]
|turn|5
|
|move|p2a: Splash|Waterfall|p1a: Go Go Mike
|-resisted|p1a: Go Go Mike
|-damage|p1a: Go Go Mike|0 fnt
|faint|p1a: Go Go Mike
|
|-weather|RainDance|[upkeep]
|
|switch|p1a: Damn Cute Bunny|Azumarill, F|133\/401
|turn|6
|
|switch|p2a: Celebi|Celebi|404\/404
|move|p1a: Damn Cute Bunny|Aqua Jet|p2a: Celebi
|-resisted|p2a: Celebi
|-damage|p2a: Celebi|344\/404
|
|-weather|RainDance|[upkeep]
|-heal|p2a: Celebi|369\/404|[from] item: Leftovers
|turn|7
|
|move|p2a: Celebi|Stealth Rock|p1a: Damn Cute Bunny
|-sidestart|p1: Apedingo|move: Stealth Rock
|move|p1a: Damn Cute Bunny|Knock Off|p2a: Celebi
|-supereffective|p2a: Celebi
|-damage|p2a: Celebi|75\/404
|-enditem|p2a: Celebi|Leftovers|[from] move: Knock Off|[of] p1a: Damn Cute Bunny
|
|-weather|RainDance|[upkeep]
|turn|8
|
|switch|p1a: Mr. Fancypants|Tyranitar, M|403\/403
|-damage|p1a: Mr. Fancypants|353\/403|[from] Stealth Rock
|-weather|Sandstorm
|move|p2a: Celebi|Healing Wish|p2a: Celebi
|faint|p2a: Celebi
|
|-weather|Sandstorm|[upkeep]
|
|switch|p2a: Splash|Swampert-Mega, M|100\/391
|-heal|p2a: Splash|391\/391|[from] move: Healing Wish
|turn|9
|
|switch|p1a: Fluffy Paws|Landorus-Therian, M|382\/382
|-damage|p1a: Fluffy Paws|335\/382|[from] Stealth Rock
|-ability|p1a: Fluffy Paws|Intimidate|[of] p2a: Splash
|-unboost|p2a: Splash|atk|1
|move|p2a: Splash|Waterfall|p1a: Fluffy Paws
|-supereffective|p1a: Fluffy Paws
|-damage|p1a: Fluffy Paws|137\/382
|
|-weather|Sandstorm|[upkeep]
|-heal|p1a: Fluffy Paws|160\/382|[from] item: Leftovers
|turn|10
|
|move|p1a: Fluffy Paws|U-turn|p2a: Splash
|-damage|p2a: Splash|323\/391
|
|switch|p1a: Damn Cute Bunny|Azumarill, F|133\/401
|-damage|p1a: Damn Cute Bunny|83\/401|[from] Stealth Rock
|move|p2a: Splash|Waterfall|p1a: Damn Cute Bunny
|-resisted|p1a: Damn Cute Bunny
|-damage|p1a: Damn Cute Bunny|19\/401
|
|-weather|Sandstorm|[upkeep]
|-damage|p1a: Damn Cute Bunny|0 fnt|[from] sandstorm
|faint|p1a: Damn Cute Bunny
|
|switch|p1a: AWESOM-O 4000|Metagross|301\/301
|-damage|p1a: AWESOM-O 4000|283\/301|[from] Stealth Rock
|turn|11
|
|switch|p2a: Manaphy|Manaphy|402\/402
|detailschange|p1a: AWESOM-O 4000|Metagross-Mega
|message|Metagross has Mega Evolved into Mega Metagross!
|move|p1a: AWESOM-O 4000|Grass Knot|p2a: Manaphy
|-supereffective|p2a: Manaphy
|-damage|p2a: Manaphy|352\/402
|
|-weather|Sandstorm|[upkeep]
|-damage|p2a: Manaphy|327\/402|[from] sandstorm
|-heal|p2a: Manaphy|352\/402|[from] item: Leftovers
|turn|12
|
|switch|p1a: Its a trap|Magnezone|281\/281
|-damage|p1a: Its a trap|264\/281|[from] Stealth Rock
|move|p2a: Manaphy|Scald|p1a: Its a trap
|-damage|p1a: Its a trap|129\/281
|-status|p1a: Its a trap|brn
|
|-weather|none
|-heal|p2a: Manaphy|377\/402|[from] item: Leftovers
|-damage|p1a: Its a trap|94\/281 brn|[from] brn
|turn|13
|
|switch|p1a: AWESOM-O 4000|Metagross-Mega|283\/301
|-damage|p1a: AWESOM-O 4000|265\/301|[from] Stealth Rock
|switch|p2a: Virizion|Virizion|323\/323
|
|turn|14
|
|move|p1a: AWESOM-O 4000|Ice Punch|p2a: Virizion
|-supereffective|p2a: Virizion
|-damage|p2a: Virizion|0 fnt
|faint|p2a: Virizion
|
|
|switch|p2a: Manaphy|Manaphy|377\/402
|turn|15
|
|switch|p1a: Mr. Fancypants|Tyranitar, M|353\/403
|-damage|p1a: Mr. Fancypants|303\/403|[from] Stealth Rock
|-weather|Sandstorm
|move|p2a: Manaphy|Scald|p1a: Mr. Fancypants
|-supereffective|p1a: Mr. Fancypants
|-damage|p1a: Mr. Fancypants|223\/403
|
|-weather|Sandstorm|[upkeep]
|-damage|p2a: Manaphy|352\/402|[from] sandstorm
|-heal|p2a: Manaphy|377\/402|[from] item: Leftovers
|turn|16
|
|move|p2a: Manaphy|Scald|p1a: Mr. Fancypants
|-supereffective|p1a: Mr. Fancypants
|-damage|p1a: Mr. Fancypants|137\/403
|-status|p1a: Mr. Fancypants|brn
|move|p1a: Mr. Fancypants|Crunch|p2a: Manaphy
|-damage|p2a: Manaphy|314\/402
|
|-weather|Sandstorm|[upkeep]
|-damage|p2a: Manaphy|289\/402|[from] sandstorm
|-heal|p2a: Manaphy|314\/402|[from] item: Leftovers
|-damage|p1a: Mr. Fancypants|87\/403 brn|[from] brn
|turn|17
|
|move|p2a: Manaphy|Scald|p1a: Mr. Fancypants
|-supereffective|p1a: Mr. Fancypants
|-damage|p1a: Mr. Fancypants|7\/403 brn
|move|p1a: Mr. Fancypants|Crunch|p2a: Manaphy
|-damage|p2a: Manaphy|250\/402
|-unboost|p2a: Manaphy|def|1
|
|-weather|Sandstorm|[upkeep]
|-damage|p2a: Manaphy|225\/402|[from] sandstorm
|-heal|p2a: Manaphy|250\/402|[from] item: Leftovers
|-damage|p1a: Mr. Fancypants|0 fnt|[from] brn
|faint|p1a: Mr. Fancypants
|
|switch|p1a: AWESOM-O 4000|Metagross-Mega|265\/301
|-damage|p1a: AWESOM-O 4000|247\/301|[from] Stealth Rock
|turn|18
|
|move|p1a: AWESOM-O 4000|Meteor Mash|p2a: Manaphy
|-resisted|p2a: Manaphy
|-damage|p2a: Manaphy|82\/402
|move|p2a: Manaphy|Scald|p1a: AWESOM-O 4000
|-damage|p1a: AWESOM-O 4000|133\/301
|
|-weather|Sandstorm|[upkeep]
|-damage|p2a: Manaphy|57\/402|[from] sandstorm
|-heal|p2a: Manaphy|82\/402|[from] item: Leftovers
|turn|19
|
|switch|p2a: Ollie|Politoed, F|384\/384
|-weather|RainDance
|move|p1a: AWESOM-O 4000|Earthquake|p2a: Ollie
|-damage|p2a: Ollie|215\/384
|
|-weather|RainDance|[upkeep]
|turn|20
|
|switch|p2a: Manaphy|Manaphy|82\/402
|move|p1a: AWESOM-O 4000|Earthquake|p2a: Manaphy
|-damage|p2a: Manaphy|0 fnt
|faint|p2a: Manaphy
|
|-weather|RainDance|[upkeep]
|
|switch|p2a: Splash|Swampert-Mega, M|323\/391
|turn|21
|
|switch|p1a: Fluffy Paws|Landorus-Therian, M|160\/382
|-damage|p1a: Fluffy Paws|113\/382|[from] Stealth Rock
|-ability|p1a: Fluffy Paws|Intimidate|[of] p2a: Splash
|-unboost|p2a: Splash|atk|1
|move|p2a: Splash|Waterfall|p1a: Fluffy Paws
|-supereffective|p1a: Fluffy Paws
|-damage|p1a: Fluffy Paws|0 fnt
|faint|p1a: Fluffy Paws
|
|-weather|RainDance|[upkeep]
|
|switch|p1a: AWESOM-O 4000|Metagross-Mega|133\/301
|-damage|p1a: AWESOM-O 4000|115\/301|[from] Stealth Rock
|turn|22
|
|move|p2a: Splash|Earthquake|p1a: AWESOM-O 4000
|-supereffective|p1a: AWESOM-O 4000
|-damage|p1a: AWESOM-O 4000|0 fnt
|faint|p1a: AWESOM-O 4000
|
|-weather|RainDance|[upkeep]
|
|switch|p1a: Its a trap|Magnezone|94\/281 brn
|-damage|p1a: Its a trap|77\/281 brn|[from] Stealth Rock
|turn|23
|
|move|p2a: Splash|Earthquake|p1a: Its a trap
|-supereffective|p1a: Its a trap
|-damage|p1a: Its a trap|0 fnt
|faint|p1a: Its a trap
|
|win|icening
|raw|Ladder updating...
|raw|Apedingo's rating: 1643 &rarr; <strong>1624<\/strong><br \/>(-19 for losing)
|raw|icening's rating: 1655 &rarr; <strong>1675<\/strong><br \/>(+20 for winning)