|join|Wang tang bing
|join|Apedingo
|player|p1|Wang tang bing|87
|player|p2|Apedingo|242
|gametype|singles
|gen|6
|tier|OU
|rated
|clearpoke
|poke|p1|Scizor, M
|poke|p1|Mew
|poke|p1|Heatran, M, shiny
|poke|p1|Landorus-Therian, M
|poke|p1|Rotom-Wash
|poke|p1|Latios, M
|poke|p2|Landorus-Therian, M
|poke|p2|Gardevoir, F
|poke|p2|Azumarill, F
|poke|p2|Latios, M
|poke|p2|Tyranitar, M
|poke|p2|Magnezone
|rule|Swagger Clause: Swagger is banned
|rule|Baton Pass Clause: Limit one PokÃ©mon knowing Baton Pass
|rule|Sleep Clause Mod: Limit one foe put to sleep
|rule|Species Clause: Limit one of each PokÃ©mon
|rule|OHKO Clause: OHKO moves are banned
|rule|Moody Clause: Moody is banned
|rule|Evasion Moves Clause: Evasion moves are banned
|rule|Endless Battle Clause: Forcing endless battles is banned
|rule|HP Percentage Mod: HP is shown in percentages
|teampreview
|
|start
|switch|p1a: Scizor|Scizor, M|343\/343
|switch|p2a: Go Go Mike|Latios, M|301\/301
|turn|1
|
|switch|p2a: Fluffy Paws|Landorus-Therian, M|382\/382
|-ability|p2a: Fluffy Paws|Intimidate|[of] p1a: Scizor
|-unboost|p1a: Scizor|atk|1
|detailschange|p1a: Scizor|Scizor-Mega, M
|message|Scizor has Mega Evolved into Mega Scizor!
|move|p1a: Scizor|U-turn|p2a: Fluffy Paws
|-resisted|p2a: Fluffy Paws
|-damage|p2a: Fluffy Paws|349\/382
|
|switch|p1a: Rotom-Wash|Rotom-Wash|262\/262
|
|-heal|p2a: Fluffy Paws|372\/382|[from] item: Leftovers
|turn|2
|
|switch|p2a: Gardevoir|Gardevoir, F|277\/277
|move|p1a: Rotom-Wash|Will-O-Wisp|p2a: Gardevoir
|-status|p2a: Gardevoir|brn
|-status|p1a: Rotom-Wash|brn
|
|-damage|p2a: Gardevoir|243\/277 brn|[from] brn
|-damage|p1a: Rotom-Wash|230\/262 brn|[from] brn
|turn|3
|
|switch|p1a: Heatran|Heatran, M, shiny|385\/385
|detailschange|p2a: Gardevoir|Gardevoir-Mega, F
|message|Gardevoir has Mega Evolved into Mega Gardevoir!
|move|p2a: Gardevoir|Focus Blast|p1a: Heatran
|-supereffective|p1a: Heatran
|-damage|p1a: Heatran|155\/385
|
|-heal|p1a: Heatran|179\/385|[from] item: Leftovers
|-damage|p2a: Gardevoir|209\/277 brn|[from] brn
|turn|4
|
|switch|p2a: Fluffy Paws|Landorus-Therian, M|372\/382
|-ability|p2a: Fluffy Paws|Intimidate|[of] p1a: Heatran
|-unboost|p1a: Heatran|atk|1
|switch|p1a: Mew|Mew|403\/403
|
|-heal|p2a: Fluffy Paws|382\/382|[from] item: Leftovers
|turn|5
|
|switch|p2a: Gardevoir|Gardevoir-Mega, F|209\/277 brn
|move|p1a: Mew|Will-O-Wisp|p2a: Gardevoir
|-fail|p2a: Gardevoir|brn
|
|-damage|p2a: Gardevoir|175\/277 brn|[from] brn
|turn|6
|
|move|p2a: Gardevoir|Hyper Voice|p1a: Mew
|-damage|p1a: Mew|192\/403
|move|p1a: Mew|Knock Off|p2a: Gardevoir
|-damage|p2a: Gardevoir|108\/277 brn
|
|-heal|p1a: Mew|217\/403|[from] item: Leftovers
|-damage|p2a: Gardevoir|74\/277 brn|[from] brn
|turn|7
|
|move|p2a: Gardevoir|Focus Blast|p1a: Mew|[miss]
|-miss|p2a: Gardevoir|p1a: Mew
|move|p1a: Mew|Roost|p1a: Mew
|-heal|p1a: Mew|403\/403
|
|-damage|p2a: Gardevoir|40\/277 brn|[from] brn
|turn|8
|
|move|p2a: Gardevoir|Hyper Voice|p1a: Mew
|-damage|p1a: Mew|214\/403
|move|p1a: Mew|Will-O-Wisp|p2a: Gardevoir
|-fail|p2a: Gardevoir|brn
|
|-heal|p1a: Mew|239\/403|[from] item: Leftovers
|-damage|p2a: Gardevoir|6\/277 brn|[from] brn
|turn|9
|
|move|p2a: Gardevoir|Hyper Voice|p1a: Mew
|-damage|p1a: Mew|49\/403
|move|p1a: Mew|Roost|p1a: Mew
|-heal|p1a: Mew|251\/403
|
|-heal|p1a: Mew|276\/403|[from] item: Leftovers
|-damage|p2a: Gardevoir|0 fnt|[from] brn
|faint|p2a: Gardevoir
|
|switch|p2a: Go Go Mike|Latios, M|301\/301
|turn|10
|
|move|p2a: Go Go Mike|Surf|p1a: Mew
|-damage|p1a: Mew|134\/403
|move|p1a: Mew|Roost|p1a: Mew
|-heal|p1a: Mew|336\/403
|
|-heal|p1a: Mew|361\/403|[from] item: Leftovers
|turn|11
|
|switch|p2a: Its a trap!|Magnezone|281\/281
|move|p1a: Mew|Will-O-Wisp|p2a: Its a trap!
|-status|p2a: Its a trap!|brn
|
|-heal|p1a: Mew|386\/403|[from] item: Leftovers
|-damage|p2a: Its a trap!|246\/281 brn|[from] brn
|turn|12
|
|move|p2a: Its a trap!|Volt Switch|p1a: Mew
|-crit|p1a: Mew
|-damage|p1a: Mew|235\/403
|
|switch|p2a: Go Go Mike|Latios, M|301\/301
|move|p1a: Mew|Knock Off|p2a: Go Go Mike
|-supereffective|p2a: Go Go Mike
|-damage|p2a: Go Go Mike|131\/301
|-enditem|p2a: Go Go Mike|Choice Specs|[from] move: Knock Off|[of] p1a: Mew
|
|-heal|p1a: Mew|260\/403|[from] item: Leftovers
|turn|13
|
|move|p2a: Go Go Mike|Draco Meteor|p1a: Mew
|-damage|p1a: Mew|68\/403
|-unboost|p2a: Go Go Mike|spa|2
|move|p1a: Mew|Roost|p1a: Mew
|-heal|p1a: Mew|270\/403
|
|-heal|p1a: Mew|295\/403|[from] item: Leftovers
|turn|14
|
|switch|p2a: Fluffy Paws|Landorus-Therian, M|382\/382
|-ability|p2a: Fluffy Paws|Intimidate|[of] p1a: Mew
|-unboost|p1a: Mew|atk|1
|move|p1a: Mew|Will-O-Wisp|p2a: Fluffy Paws
|-status|p2a: Fluffy Paws|brn
|
|-heal|p1a: Mew|320\/403|[from] item: Leftovers
|-damage|p2a: Fluffy Paws|335\/382 brn|[from] brn
|turn|15
|
|move|p1a: Mew|Taunt|p2a: Fluffy Paws
|-start|p2a: Fluffy Paws|move: Taunt
|cant|p2a: Fluffy Paws|move: Taunt|Stealth Rock
|
|-heal|p1a: Mew|345\/403|[from] item: Leftovers
|-heal|p2a: Fluffy Paws|358\/382 brn|[from] item: Leftovers
|-damage|p2a: Fluffy Paws|311\/382 brn|[from] brn
|turn|16
|
|move|p1a: Mew|Knock Off|p2a: Fluffy Paws
|-damage|p2a: Fluffy Paws|273\/382 brn
|-enditem|p2a: Fluffy Paws|Leftovers|[from] move: Knock Off|[of] p1a: Mew
|move|p2a: Fluffy Paws|U-turn|p1a: Mew
|-supereffective|p1a: Mew
|-damage|p1a: Mew|273\/403
|
|switch|p2a: Its a trap!|Magnezone|246\/281 brn
|
|-heal|p1a: Mew|298\/403|[from] item: Leftovers
|-damage|p2a: Its a trap!|211\/281 brn|[from] brn
|turn|17
|
|move|p2a: Its a trap!|Thunderbolt|p1a: Mew
|-damage|p1a: Mew|178\/403
|move|p1a: Mew|Roost|p1a: Mew
|-heal|p1a: Mew|380\/403
|
|-heal|p1a: Mew|403\/403|[from] item: Leftovers
|-damage|p2a: Its a trap!|176\/281 brn|[from] brn
|turn|18
|
|switch|p2a: Fluffy Paws|Landorus-Therian, M|273\/382 brn
|-ability|p2a: Fluffy Paws|Intimidate|[of] p1a: Mew
|-unboost|p1a: Mew|atk|1
|move|p1a: Mew|Knock Off|p2a: Fluffy Paws
|-crit|p2a: Fluffy Paws
|-damage|p2a: Fluffy Paws|216\/382 brn
|
|-damage|p2a: Fluffy Paws|169\/382 brn|[from] brn
|turn|19
|
|move|p1a: Mew|Taunt|p2a: Fluffy Paws
|-start|p2a: Fluffy Paws|move: Taunt
|move|p2a: Fluffy Paws|U-turn|p1a: Mew
|-supereffective|p1a: Mew
|-damage|p1a: Mew|321\/403
|
|switch|p2a: Damn Cute Bunny|Azumarill, F|401\/401
|
|-heal|p1a: Mew|346\/403|[from] item: Leftovers
|turn|20
|
|move|p1a: Mew|Will-O-Wisp|p2a: Damn Cute Bunny
|-status|p2a: Damn Cute Bunny|brn
|move|p2a: Damn Cute Bunny|Knock Off|p1a: Mew
|-supereffective|p1a: Mew
|-damage|p1a: Mew|208\/403
|-enditem|p1a: Mew|Leftovers|[from] move: Knock Off|[of] p2a: Damn Cute Bunny
|
|-damage|p2a: Damn Cute Bunny|351\/401 brn|[from] brn
|turn|21
|
|move|p1a: Mew|Roost|p1a: Mew
|-heal|p1a: Mew|403\/403
|move|p2a: Damn Cute Bunny|Play Rough|p1a: Mew
|-damage|p1a: Mew|306\/403
|
|-damage|p2a: Damn Cute Bunny|301\/401 brn|[from] brn
|turn|22
|
|switch|p2a: Go Go Mike|Latios, M|131\/301
|move|p1a: Mew|Knock Off|p2a: Go Go Mike
|-supereffective|p2a: Go Go Mike
|-damage|p2a: Go Go Mike|67\/301
|
|turn|23
|
|move|p2a: Go Go Mike|Surf|p1a: Mew
|-damage|p1a: Mew|212\/403
|move|p1a: Mew|Roost|p1a: Mew
|-heal|p1a: Mew|403\/403
|
|turn|24
|
|move|p2a: Go Go Mike|Surf|p1a: Mew
|-damage|p1a: Mew|316\/403
|move|p1a: Mew|Will-O-Wisp|p2a: Go Go Mike
|-status|p2a: Go Go Mike|brn
|
|-damage|p2a: Go Go Mike|30\/301 brn|[from] brn
|turn|25
|
|move|p2a: Go Go Mike|Draco Meteor|p1a: Mew
|-damage|p1a: Mew|121\/403
|-unboost|p2a: Go Go Mike|spa|2
|move|p1a: Mew|Roost|p1a: Mew
|-heal|p1a: Mew|323\/403
|
|-damage|p2a: Go Go Mike|0 fnt|[from] brn
|faint|p2a: Go Go Mike
|-message|Apedingo forfeited.
|
|win|Wang tang bing
|raw|Ladder updating...
|leave|Apedingo
|player|p2
|raw|Wang tang bing's rating: 1791 &rarr; <strong>1808<\/strong><br \/>(+17 for winning)
|raw|Apedingo's rating: 1730 &rarr; <strong>1714<\/strong><br \/>(-16 for losing)