|join|Apedingo
|join|Will-i-am4
|player|p1|Apedingo|242
|player|p2|Will-i-am4|2
|gametype|singles
|gen|6
|tier|OU
|rated
|clearpoke
|poke|p1|Landorus-Therian, M
|poke|p1|Gardevoir, M
|poke|p1|Azumarill, M
|poke|p1|Latios, M
|poke|p1|Tyranitar, M
|poke|p1|Magnezone
|poke|p2|Registeel
|poke|p2|Donphan, M
|poke|p2|Hydreigon, M
|poke|p2|Slowbro, M
|poke|p2|Talonflame, F
|poke|p2|Mandibuzz, F
|rule|Swagger Clause: Swagger is banned
|rule|Baton Pass Clause: Limit one PokÃ©mon knowing Baton Pass
|rule|Sleep Clause Mod: Limit one foe put to sleep
|rule|Species Clause: Limit one of each PokÃ©mon
|rule|OHKO Clause: OHKO moves are banned
|rule|Moody Clause: Moody is banned
|rule|Evasion Moves Clause: Evasion moves are banned
|rule|Endless Battle Clause: Forcing endless battles is banned
|rule|HP Percentage Mod: HP is shown in percentages
|teampreview
|
|start
|switch|p1a: Magnezone|Magnezone|281\/281
|switch|p2a: Donphan|Donphan, M|374\/374
|turn|1
|
|switch|p1a: Landorus-Therian|Landorus-Therian, M|382\/382
|-ability|p1a: Landorus-Therian|Intimidate|[of] p2a: Donphan
|-unboost|p2a: Donphan|atk|1
|move|p2a: Donphan|Knock Off|p1a: Landorus-Therian
|-damage|p1a: Landorus-Therian|315\/382
|-enditem|p1a: Landorus-Therian|Leftovers|[from] move: Knock Off|[of] p2a: Donphan
|
|turn|2
|
|switch|p2a: Mandibuzz|Mandibuzz, F|424\/424
|move|p1a: Landorus-Therian|Stealth Rock|p2a: Mandibuzz
|-sidestart|p2: Will-i-am4|move: Stealth Rock
|
|turn|3
|
|move|p1a: Landorus-Therian|U-turn|p2a: Mandibuzz
|-damage|p2a: Mandibuzz|366\/424
|-damage|p1a: Landorus-Therian|252\/382|[from] item: Rocky Helmet|[of] p2a: Mandibuzz
|
|switch|p1a: Magnezone|Magnezone|281\/281
|move|p2a: Mandibuzz|Defog|p1a: Magnezone
|-unboost|p1a: Magnezone|evasion|1
|-sideend|p2: Will-i-am4|Stealth Rock|[from] move: Defog|[of] p2a: Mandibuzz
|
|turn|4
|
|switch|p2a: Registeel|Registeel|364\/364
|move|p1a: Magnezone|Flash Cannon|p2a: Registeel
|-resisted|p2a: Registeel
|-damage|p2a: Registeel|324\/364
|
|-heal|p2a: Registeel|346\/364|[from] item: Leftovers
|turn|5
|
|switch|p1a: Landorus-Therian|Landorus-Therian, M|252\/382
|-ability|p1a: Landorus-Therian|Intimidate|[of] p2a: Registeel
|-fail|p2a: Registeel|unboost|[from] ability: Clear Body|[of] p2a: Registeel
|move|p2a: Registeel|Stealth Rock|p1a: Landorus-Therian
|-sidestart|p1: Apedingo|move: Stealth Rock
|
|-heal|p2a: Registeel|364\/364|[from] item: Leftovers
|turn|6
|
|switch|p2a: Mandibuzz|Mandibuzz, F|366\/424
|move|p1a: Landorus-Therian|Stealth Rock|p2a: Mandibuzz
|-sidestart|p2: Will-i-am4|move: Stealth Rock
|
|turn|7
|
|switch|p1a: Magnezone|Magnezone|281\/281
|-damage|p1a: Magnezone|264\/281|[from] Stealth Rock
|move|p2a: Mandibuzz|Foul Play|p1a: Magnezone
|-damage|p1a: Magnezone|198\/281
|
|turn|8
|
|switch|p2a: Registeel|Registeel|364\/364
|-damage|p2a: Registeel|342\/364|[from] Stealth Rock
|move|p1a: Magnezone|Volt Switch|p2a: Registeel
|-crit|p2a: Registeel
|-damage|p2a: Registeel|233\/364
|
|switch|p1a: Gardevoir|Gardevoir, M|278\/278
|-damage|p1a: Gardevoir|244\/278|[from] Stealth Rock
|
|-heal|p2a: Registeel|255\/364|[from] item: Leftovers
|turn|9
|
|detailschange|p1a: Gardevoir|Gardevoir-Mega, M
|message|Gardevoir has Mega Evolved into Mega Gardevoir!
|move|p1a: Gardevoir|Focus Blast|p2a: Registeel|[miss]
|-miss|p1a: Gardevoir|p2a: Registeel
|move|p2a: Registeel|Thunder Wave|p1a: Gardevoir
|-status|p1a: Gardevoir|par
|
|-heal|p2a: Registeel|277\/364|[from] item: Leftovers
|turn|10
|
|move|p2a: Registeel|Iron Head|p1a: Gardevoir
|-crit|p1a: Gardevoir
|-supereffective|p1a: Gardevoir
|-damage|p1a: Gardevoir|0 fnt
|faint|p1a: Gardevoir
|
|-heal|p2a: Registeel|299\/364|[from] item: Leftovers
|
|switch|p1a: Magnezone|Magnezone|198\/281
|-damage|p1a: Magnezone|181\/281|[from] Stealth Rock
|turn|11
|
|move|p1a: Magnezone|Thunderbolt|p2a: Registeel
|-damage|p2a: Registeel|203\/364
|move|p2a: Registeel|Seismic Toss|p1a: Magnezone
|-damage|p1a: Magnezone|81\/281
|
|-heal|p2a: Registeel|225\/364|[from] item: Leftovers
|turn|12
|
|switch|p1a: Landorus-Therian|Landorus-Therian, M|252\/382
|-damage|p1a: Landorus-Therian|205\/382|[from] Stealth Rock
|-ability|p1a: Landorus-Therian|Intimidate|[of] p2a: Registeel
|-fail|p2a: Registeel|unboost|[from] ability: Clear Body|[of] p2a: Registeel
|move|p2a: Registeel|Seismic Toss|p1a: Landorus-Therian
|-damage|p1a: Landorus-Therian|105\/382
|
|-heal|p2a: Registeel|247\/364|[from] item: Leftovers
|turn|13
|
|switch|p2a: Mandibuzz|Mandibuzz, F|366\/424
|-damage|p2a: Mandibuzz|260\/424|[from] Stealth Rock
|move|p1a: Landorus-Therian|U-turn|p2a: Mandibuzz
|-damage|p2a: Mandibuzz|204\/424
|-damage|p1a: Landorus-Therian|42\/382|[from] item: Rocky Helmet|[of] p2a: Mandibuzz
|
|switch|p1a: Latios|Latios, M|301\/301
|-damage|p1a: Latios|264\/301|[from] Stealth Rock
|
|turn|14
|
|switch|p2a: Registeel|Registeel|247\/364
|-damage|p2a: Registeel|225\/364|[from] Stealth Rock
|move|p1a: Latios|Draco Meteor|p2a: Registeel
|-resisted|p2a: Registeel
|-damage|p2a: Registeel|133\/364
|-unboost|p1a: Latios|spa|2
|
|-heal|p2a: Registeel|155\/364|[from] item: Leftovers
|turn|15
|
|switch|p1a: Landorus-Therian|Landorus-Therian, M|42\/382
|-damage|p1a: Landorus-Therian|0 fnt|[from] Stealth Rock
|faint|p1a: Landorus-Therian
|move|p2a: Registeel|Seismic Toss|p1: Landorus-Therian|[notarget]
|-notarget
|
|-heal|p2a: Registeel|177\/364|[from] item: Leftovers
|
|switch|p1a: Azumarill|Azumarill, M|401\/401
|-damage|p1a: Azumarill|351\/401|[from] Stealth Rock
|turn|16
|
|move|p2a: Registeel|Thunder Wave|p1a: Azumarill
|-status|p1a: Azumarill|par
|move|p1a: Azumarill|Waterfall|p2a: Registeel
|-damage|p2a: Registeel|69\/364
|
|-heal|p2a: Registeel|91\/364|[from] item: Leftovers
|turn|17
|
|move|p2a: Registeel|Seismic Toss|p1a: Azumarill
|-damage|p1a: Azumarill|251\/401 par
|move|p1a: Azumarill|Waterfall|p2a: Registeel
|-damage|p2a: Registeel|0 fnt
|faint|p2a: Registeel
|
|
|switch|p2a: Mandibuzz|Mandibuzz, F|204\/424
|-damage|p2a: Mandibuzz|98\/424|[from] Stealth Rock
|turn|18
|
|move|p2a: Mandibuzz|Roost|p2a: Mandibuzz
|-heal|p2a: Mandibuzz|310\/424
|move|p1a: Azumarill|Waterfall|p2a: Mandibuzz
|-crit|p2a: Mandibuzz
|-damage|p2a: Mandibuzz|132\/424
|-damage|p1a: Azumarill|185\/401 par|[from] item: Rocky Helmet|[of] p2a: Mandibuzz
|
|turn|19
|
|switch|p1a: Latios|Latios, M|264\/301
|-damage|p1a: Latios|227\/301|[from] Stealth Rock
|move|p2a: Mandibuzz|Roost|p2a: Mandibuzz
|-heal|p2a: Mandibuzz|344\/424
|
|turn|20
|
|move|p1a: Latios|Draco Meteor|p2a: Mandibuzz
|-crit|p2a: Mandibuzz
|-damage|p2a: Mandibuzz|0 fnt
|-unboost|p1a: Latios|spa|2
|faint|p2a: Mandibuzz
|
|
|switch|p2a: Donphan|Donphan, M|374\/374
|-damage|p2a: Donphan|351\/374|[from] Stealth Rock
|turn|21
|
|switch|p1a: Magnezone|Magnezone|81\/281
|-damage|p1a: Magnezone|64\/281|[from] Stealth Rock
|move|p2a: Donphan|Rock Tomb|p1a: Magnezone
|-resisted|p1a: Magnezone
|-damage|p1a: Magnezone|31\/281
|-unboost|p1a: Magnezone|spe|1
|
|-heal|p2a: Donphan|374\/374|[from] item: Leftovers
|turn|22
|
|move|p1a: Magnezone|Flash Cannon|p2a: Donphan
|-damage|p2a: Donphan|161\/374
|move|p2a: Donphan|Earthquake|p1a: Magnezone
|-supereffective|p1a: Magnezone
|-damage|p1a: Magnezone|0 fnt
|faint|p1a: Magnezone
|
|-heal|p2a: Donphan|184\/374|[from] item: Leftovers
|
|switch|p1a: Azumarill|Azumarill, M|185\/401 par
|-damage|p1a: Azumarill|135\/401 par|[from] Stealth Rock
|turn|23
|
|cant|p1a: Azumarill|par
|move|p2a: Donphan|Earthquake|p1a: Azumarill
|-damage|p1a: Azumarill|0 fnt
|faint|p1a: Azumarill
|
|-heal|p2a: Donphan|207\/374|[from] item: Leftovers
|
|switch|p1a: Latios|Latios, M|227\/301
|-damage|p1a: Latios|190\/301|[from] Stealth Rock
|turn|24
|
|move|p2a: Donphan|Ice Shard|p1a: Latios
|-supereffective|p1a: Latios
|-damage|p1a: Latios|64\/301
|move|p1a: Latios|Surf|p2a: Donphan
|-supereffective|p2a: Donphan
|-damage|p2a: Donphan|0 fnt
|faint|p2a: Donphan
|
|
|switch|p2a: Hydreigon|Hydreigon, M|329\/329
|-damage|p2a: Hydreigon|288\/329|[from] Stealth Rock
|turn|25
|
|switch|p1a: Tyranitar|Tyranitar, M|403\/403
|-damage|p1a: Tyranitar|353\/403|[from] Stealth Rock
|-weather|Sandstorm
|move|p2a: Hydreigon|Focus Blast|p1a: Tyranitar
|-supereffective|p1a: Tyranitar
|-damage|p1a: Tyranitar|81\/403
|
|-weather|Sandstorm|[upkeep]
|-damage|p2a: Hydreigon|268\/329|[from] sandstorm
|turn|26
|
|move|p2a: Hydreigon|Focus Blast|p1a: Tyranitar|[miss]
|-miss|p2a: Hydreigon|p1a: Tyranitar
|move|p1a: Tyranitar|Ice Beam|p2a: Hydreigon
|-supereffective|p2a: Hydreigon
|-damage|p2a: Hydreigon|126\/329
|
|-weather|Sandstorm|[upkeep]
|-damage|p2a: Hydreigon|106\/329|[from] sandstorm
|turn|27
|
|move|p2a: Hydreigon|Focus Blast|p1a: Tyranitar
|-supereffective|p1a: Tyranitar
|-damage|p1a: Tyranitar|0 fnt
|faint|p1a: Tyranitar
|
|-weather|Sandstorm|[upkeep]
|-damage|p2a: Hydreigon|86\/329|[from] sandstorm
|
|switch|p1a: Latios|Latios, M|64\/301
|-damage|p1a: Latios|27\/301|[from] Stealth Rock
|turn|28
|
|move|p1a: Latios|Draco Meteor|p2a: Hydreigon
|-supereffective|p2a: Hydreigon
|-damage|p2a: Hydreigon|0 fnt
|-unboost|p1a: Latios|spa|2
|faint|p2a: Hydreigon
|
|-weather|Sandstorm|[upkeep]
|-damage|p1a: Latios|9\/301|[from] sandstorm
|
|switch|p2a: Talonflame|Talonflame, F|349\/349
|-damage|p2a: Talonflame|175\/349|[from] Stealth Rock
|turn|29
|
|move|p2a: Talonflame|Brave Bird|p1a: Latios
|-damage|p1a: Latios|0 fnt
|-damage|p2a: Talonflame|172\/349|[from] recoil|[of] p1a: Latios
|faint|p1a: Latios
|
|win|Will-i-am4
|raw|Ladder updating...
|raw|Apedingo's rating: 1848 &rarr; <strong>1828<\/strong><br \/>(-20 for losing)
|raw|Will-i-am4's rating: 1846 &rarr; <strong>1867<\/strong><br \/>(+21 for winning)
|leave|Apedingo
|player|p1