|join|Apedingo
|join|Poketroopa
|player|p1|Apedingo|242
|player|p2|Poketroopa|1
|gametype|singles
|gen|6
|tier|OU
|rated
|clearpoke
|poke|p1|Landorus-Therian, M
|poke|p1|Gardevoir, M
|poke|p1|Azumarill, F
|poke|p1|Latios, M
|poke|p1|Tyranitar, M
|poke|p1|Magnezone
|poke|p2|Charizard, M
|poke|p2|Greninja, M
|poke|p2|Talonflame, M
|poke|p2|Slowbro, M
|poke|p2|Scizor, M
|poke|p2|Kyurem-Black
|rule|Swagger Clause: Swagger is banned
|rule|Baton Pass Clause: Limit one PokÃ©mon knowing Baton Pass
|rule|Sleep Clause Mod: Limit one foe put to sleep
|rule|Species Clause: Limit one of each PokÃ©mon
|rule|OHKO Clause: OHKO moves are banned
|rule|Moody Clause: Moody is banned
|rule|Evasion Moves Clause: Evasion moves are banned
|rule|Endless Battle Clause: Forcing endless battles is banned
|rule|HP Percentage Mod: HP is shown in percentages
|teampreview
|
|start
|switch|p1a: Fluffy Paws|Landorus-Therian, M|382\/382
|switch|p2a: Kyurem-Black|Kyurem-Black|405\/405
|-ability|p2a: Kyurem-Black|Teravolt
|-ability|p1a: Fluffy Paws|Intimidate|[of] p2a: Kyurem-Black
|-unboost|p2a: Kyurem-Black|atk|1
|turn|1
|
|switch|p1a: Mr. Fancypants|Tyranitar, M|403\/403
|-weather|Sandstorm
|move|p2a: Kyurem-Black|Ice Beam|p1a: Mr. Fancypants
|-damage|p1a: Mr. Fancypants|349\/403
|
|-weather|Sandstorm|[upkeep]
|-damage|p2a: Kyurem-Black|380\/405|[from] sandstorm
|-heal|p2a: Kyurem-Black|405\/405|[from] item: Leftovers
|turn|2
|
|switch|p2a: Slowbro|Slowbro, M|394\/394
|move|p1a: Mr. Fancypants|Crunch|p2a: Slowbro
|-supereffective|p2a: Slowbro
|-damage|p2a: Slowbro|232\/394
|
|-weather|Sandstorm|[upkeep]
|-damage|p2a: Slowbro|208\/394|[from] sandstorm
|-heal|p2a: Slowbro|232\/394|[from] item: Leftovers
|turn|3
|
|move|p1a: Mr. Fancypants|Crunch|p2a: Slowbro
|-supereffective|p2a: Slowbro
|-damage|p2a: Slowbro|76\/394
|move|p2a: Slowbro|Thunder Wave|p1a: Mr. Fancypants
|-status|p1a: Mr. Fancypants|par
|
|-weather|Sandstorm|[upkeep]
|-damage|p2a: Slowbro|52\/394|[from] sandstorm
|-heal|p2a: Slowbro|76\/394|[from] item: Leftovers
|turn|4
|
|switch|p2a: Scizor|Scizor, M|344\/344
|switch|p1a: Go Go Mike|Latios, M|301\/301
|
|-weather|Sandstorm|[upkeep]
|-damage|p1a: Go Go Mike|283\/301|[from] sandstorm
|turn|5
|
|switch|p1a: Fluffy Paws|Landorus-Therian, M|382\/382
|-ability|p1a: Fluffy Paws|Intimidate|[of] p2a: Scizor
|-unboost|p2a: Scizor|atk|1
|move|p2a: Scizor|U-turn|p1a: Fluffy Paws
|-resisted|p1a: Fluffy Paws
|-damage|p1a: Fluffy Paws|358\/382
|
|switch|p2a: Kyurem-Black|Kyurem-Black|405\/405
|-ability|p2a: Kyurem-Black|Teravolt
|
|-weather|none
|-heal|p1a: Fluffy Paws|381\/382|[from] item: Leftovers
|turn|6
|
|switch|p1a: Mr. Fancypants|Tyranitar, M|349\/403 par
|-weather|Sandstorm
|move|p2a: Kyurem-Black|Ice Beam|p1a: Mr. Fancypants
|-damage|p1a: Mr. Fancypants|298\/403 par
|
|-weather|Sandstorm|[upkeep]
|-damage|p2a: Kyurem-Black|380\/405|[from] sandstorm
|-heal|p2a: Kyurem-Black|405\/405|[from] item: Leftovers
|turn|7
|
|move|p2a: Kyurem-Black|Substitute|p2a: Kyurem-Black
|-start|p2a: Kyurem-Black|Substitute
|-damage|p2a: Kyurem-Black|304\/405
|move|p1a: Mr. Fancypants|Crunch|p2a: Kyurem-Black
|-end|p2a: Kyurem-Black|Substitute
|
|-weather|Sandstorm|[upkeep]
|-damage|p2a: Kyurem-Black|279\/405|[from] sandstorm
|-heal|p2a: Kyurem-Black|304\/405|[from] item: Leftovers
|turn|8
|
|switch|p2a: Scizor|Scizor, M|344\/344
|move|p1a: Mr. Fancypants|Crunch|p2a: Scizor
|-damage|p2a: Scizor|215\/344
|
|-weather|Sandstorm|[upkeep]
|-heal|p2a: Scizor|236\/344|[from] item: Leftovers
|turn|9
|
|switch|p1a: Fluffy Paws|Landorus-Therian, M|381\/382
|-ability|p1a: Fluffy Paws|Intimidate|[of] p2a: Scizor
|-unboost|p2a: Scizor|atk|1
|move|p2a: Scizor|U-turn|p1a: Fluffy Paws
|-resisted|p1a: Fluffy Paws
|-damage|p1a: Fluffy Paws|355\/382
|
|switch|p2a: Kyurem-Black|Kyurem-Black|304\/405
|-ability|p2a: Kyurem-Black|Teravolt
|
|-weather|Sandstorm|[upkeep]
|-damage|p2a: Kyurem-Black|279\/405|[from] sandstorm
|-heal|p2a: Kyurem-Black|304\/405|[from] item: Leftovers
|-heal|p1a: Fluffy Paws|378\/382|[from] item: Leftovers
|turn|10
|
|switch|p1a: Gardevoir|Gardevoir, M|277\/277
|move|p2a: Kyurem-Black|Substitute|p2a: Kyurem-Black
|-start|p2a: Kyurem-Black|Substitute
|-damage|p2a: Kyurem-Black|203\/405
|
|-weather|none
|-heal|p2a: Kyurem-Black|228\/405|[from] item: Leftovers
|turn|11
|
|detailschange|p1a: Gardevoir|Gardevoir-Mega, M
|message|Gardevoir has Mega Evolved into Mega Gardevoir!
|move|p1a: Gardevoir|Hyper Voice|p2a: Kyurem-Black
|-supereffective|p2a: Kyurem-Black
|-damage|p2a: Kyurem-Black|0 fnt
|faint|p2a: Kyurem-Black
|
|
|switch|p2a: Talonflame|Talonflame, M|298\/298
|turn|12
|
|switch|p1a: Fluffy Paws|Landorus-Therian, M|378\/382
|-ability|p1a: Fluffy Paws|Intimidate|[of] p2a: Talonflame
|-unboost|p2a: Talonflame|atk|1
|move|p2a: Talonflame|U-turn|p1a: Fluffy Paws
|-resisted|p1a: Fluffy Paws
|-damage|p1a: Fluffy Paws|353\/382
|
|switch|p2a: Greninja|Greninja, M|285\/285
|
|-heal|p1a: Fluffy Paws|376\/382|[from] item: Leftovers
|turn|13
|
|switch|p1a: Damn Cute Bunny|Azumarill, F|401\/401
|move|p2a: Greninja|U-turn|p1a: Damn Cute Bunny
|-start|p2a: Greninja|typechange|Bug|[from] Protean
|-resisted|p1a: Damn Cute Bunny
|-damage|p1a: Damn Cute Bunny|351\/401
|
|switch|p2a: Slowbro|Slowbro, M|207\/394
|
|-heal|p2a: Slowbro|231\/394|[from] item: Leftovers
|turn|14
|
|move|p1a: Damn Cute Bunny|Knock Off|p2a: Slowbro
|-supereffective|p2a: Slowbro
|-damage|p2a: Slowbro|33\/394
|-enditem|p2a: Slowbro|Leftovers|[from] move: Knock Off|[of] p1a: Damn Cute Bunny
|move|p2a: Slowbro|Scald|p1a: Damn Cute Bunny
|-resisted|p1a: Damn Cute Bunny
|-damage|p1a: Damn Cute Bunny|315\/401
|
|turn|15
|
|move|p1a: Damn Cute Bunny|Waterfall|p2a: Slowbro
|-crit|p2a: Slowbro
|-resisted|p2a: Slowbro
|-damage|p2a: Slowbro|0 fnt
|faint|p2a: Slowbro
|
|
|switch|p2a: Greninja|Greninja, M|285\/285
|turn|16
|
|move|p2a: Greninja|U-turn|p1a: Damn Cute Bunny
|-start|p2a: Greninja|typechange|Bug|[from] Protean
|-resisted|p1a: Damn Cute Bunny
|-damage|p1a: Damn Cute Bunny|269\/401
|
|switch|p2a: Scizor|Scizor, M|236\/344
|move|p1a: Damn Cute Bunny|Play Rough|p2a: Scizor
|-resisted|p2a: Scizor
|-damage|p2a: Scizor|146\/344
|
|-heal|p2a: Scizor|167\/344|[from] item: Leftovers
|turn|17
|
|switch|p1a: Fluffy Paws|Landorus-Therian, M|376\/382
|-ability|p1a: Fluffy Paws|Intimidate|[of] p2a: Scizor
|-unboost|p2a: Scizor|atk|1
|move|p2a: Scizor|U-turn|p1a: Fluffy Paws
|-resisted|p1a: Fluffy Paws
|-damage|p1a: Fluffy Paws|350\/382
|
|switch|p2a: Greninja|Greninja, M|285\/285
|
|-heal|p1a: Fluffy Paws|373\/382|[from] item: Leftovers
|turn|18
|
|switch|p1a: Damn Cute Bunny|Azumarill, F|269\/401
|move|p2a: Greninja|U-turn|p1a: Damn Cute Bunny
|-start|p2a: Greninja|typechange|Bug|[from] Protean
|-resisted|p1a: Damn Cute Bunny
|-damage|p1a: Damn Cute Bunny|221\/401
|
|switch|p2a: Talonflame|Talonflame, M|298\/298
|
|turn|19
|
|switch|p1a: Fluffy Paws|Landorus-Therian, M|373\/382
|-ability|p1a: Fluffy Paws|Intimidate|[of] p2a: Talonflame
|-unboost|p2a: Talonflame|atk|1
|move|p2a: Talonflame|Flare Blitz|p1a: Fluffy Paws
|-damage|p1a: Fluffy Paws|252\/382
|-damage|p2a: Talonflame|258\/298|[from] recoil|[of] p1a: Fluffy Paws
|
|-heal|p1a: Fluffy Paws|275\/382|[from] item: Leftovers
|turn|20
|
|move|p2a: Talonflame|Flare Blitz|p1a: Fluffy Paws
|-damage|p1a: Fluffy Paws|148\/382
|-damage|p2a: Talonflame|216\/298|[from] recoil|[of] p1a: Fluffy Paws
|move|p1a: Fluffy Paws|Stealth Rock|p2a: Talonflame
|-sidestart|p2: Poketroopa|move: Stealth Rock
|
|-heal|p1a: Fluffy Paws|171\/382|[from] item: Leftovers
|turn|21
|
|switch|p1a: Mr. Fancypants|Tyranitar, M|298\/403 par
|-weather|Sandstorm
|move|p2a: Talonflame|Flare Blitz|p1a: Mr. Fancypants
|-resisted|p1a: Mr. Fancypants
|-damage|p1a: Mr. Fancypants|221\/403 par
|-damage|p2a: Talonflame|191\/298|[from] recoil|[of] p1a: Mr. Fancypants
|
|-weather|Sandstorm|[upkeep]
|-damage|p2a: Talonflame|173\/298|[from] sandstorm
|turn|22
|
|switch|p2a: Scizor|Scizor, M|167\/344
|-damage|p2a: Scizor|124\/344|[from] Stealth Rock
|move|p1a: Mr. Fancypants|Crunch|p2a: Scizor
|-damage|p2a: Scizor|9\/344
|
|-weather|Sandstorm|[upkeep]
|-heal|p2a: Scizor|30\/344|[from] item: Leftovers
|turn|23
|
|switch|p1a: Fluffy Paws|Landorus-Therian, M|171\/382
|-ability|p1a: Fluffy Paws|Intimidate|[of] p2a: Scizor
|-unboost|p2a: Scizor|atk|1
|move|p2a: Scizor|Defog|p1a: Fluffy Paws
|-unboost|p1a: Fluffy Paws|evasion|1
|-sideend|p2: Poketroopa|Stealth Rock|[from] move: Defog|[of] p2a: Scizor
|
|-weather|Sandstorm|[upkeep]
|-heal|p1a: Fluffy Paws|194\/382|[from] item: Leftovers
|-heal|p2a: Scizor|51\/344|[from] item: Leftovers
|turn|24
|
|switch|p2a: Charizard|Charizard, M|298\/298
|move|p1a: Fluffy Paws|Stealth Rock|p2a: Charizard
|-sidestart|p2: Poketroopa|move: Stealth Rock
|
|-weather|Sandstorm|[upkeep]
|-damage|p2a: Charizard|280\/298|[from] sandstorm
|-heal|p1a: Fluffy Paws|217\/382|[from] item: Leftovers
|turn|25
|
|switch|p1a: Damn Cute Bunny|Azumarill, F|221\/401
|move|p2a: Charizard|Dragon Dance|p2a: Charizard
|-boost|p2a: Charizard|atk|1
|-boost|p2a: Charizard|spe|1
|
|-weather|none
|turn|26
|
|detailschange|p2a: Charizard|Charizard-Mega-X, M
|message|Charizard has Mega Evolved into Mega Charizard!
|move|p2a: Charizard|Flare Blitz|p1a: Damn Cute Bunny
|-resisted|p1a: Damn Cute Bunny
|-damage|p1a: Damn Cute Bunny|0 fnt
|-damage|p2a: Charizard|207\/298|[from] recoil|[of] p1a: Damn Cute Bunny
|faint|p1a: Damn Cute Bunny
|
|
|switch|p1a: Fluffy Paws|Landorus-Therian, M|217\/382
|-ability|p1a: Fluffy Paws|Intimidate|[of] p2a: Charizard
|-unboost|p2a: Charizard|atk|1
|turn|27
|
|move|p2a: Charizard|Flare Blitz|p1a: Fluffy Paws
|-damage|p1a: Fluffy Paws|0 fnt
|-damage|p2a: Charizard|135\/298|[from] recoil|[of] p1a: Fluffy Paws
|faint|p1a: Fluffy Paws
|
|
|switch|p1a: Gardevoir|Gardevoir-Mega, M|277\/277
|turn|28
|
|move|p2a: Charizard|Flare Blitz|p1a: Gardevoir
|-damage|p1a: Gardevoir|0 fnt
|-damage|p2a: Charizard|44\/298|[from] recoil|[of] p1a: Gardevoir
|faint|p1a: Gardevoir
|
|
|switch|p1a: Its a trap!|Magnezone|281\/281
|turn|29
|
|move|p2a: Charizard|Earthquake|p1a: Its a trap!
|-supereffective|p1a: Its a trap!
|-damage|p1a: Its a trap!|0 fnt
|faint|p1a: Its a trap!
|
|
|switch|p1a: Go Go Mike|Latios, M|283\/301
|turn|30
|
|move|p2a: Charizard|Dragon Claw|p1a: Go Go Mike
|-supereffective|p1a: Go Go Mike
|-damage|p1a: Go Go Mike|0 fnt
|faint|p1a: Go Go Mike
|
|
|switch|p1a: Mr. Fancypants|Tyranitar, M|221\/403 par
|-weather|Sandstorm
|turn|31
|
|move|p2a: Charizard|Earthquake|p1a: Mr. Fancypants
|-supereffective|p1a: Mr. Fancypants
|-damage|p1a: Mr. Fancypants|17\/403 par
|cant|p1a: Mr. Fancypants|par
|
|-weather|Sandstorm|[upkeep]
|-damage|p2a: Charizard|26\/298|[from] sandstorm
|turn|32
|
|move|p2a: Charizard|Dragon Claw|p1a: Mr. Fancypants
|-damage|p1a: Mr. Fancypants|0 fnt
|faint|p1a: Mr. Fancypants
|
|win|Poketroopa
|raw|Ladder updating...
|raw|Apedingo's rating: 1681 &rarr; <strong>1665<\/strong><br \/>(-16 for losing)
|raw|Poketroopa's rating: 1739 &rarr; <strong>1756<\/strong><br \/>(+17 for winning)