|join|Apedingo
|join|Artful Hobbes
|player|p1|Apedingo|242
|player|p2|Artful Hobbes|209
|gametype|singles
|gen|6
|tier|OU
|rated
|clearpoke
|poke|p1|Landorus-Therian, M
|poke|p1|Gardevoir, F
|poke|p1|Keldeo
|poke|p1|Latios, M
|poke|p1|Tyranitar, M
|poke|p1|Magnezone
|poke|p2|Aerodactyl, M
|poke|p2|Magnezone
|poke|p2|Excadrill, M
|poke|p2|Azumarill, M
|poke|p2|Talonflame, M
|poke|p2|Garchomp, M
|rule|Swagger Clause: Swagger is banned
|rule|Baton Pass Clause: Limit one PokÃ©mon knowing Baton Pass
|rule|Sleep Clause Mod: Limit one foe put to sleep
|rule|Species Clause: Limit one of each PokÃ©mon
|rule|OHKO Clause: OHKO moves are banned
|rule|Moody Clause: Moody is banned
|rule|Evasion Moves Clause: Evasion moves are banned
|rule|Endless Battle Clause: Forcing endless battles is banned
|rule|HP Percentage Mod: HP is shown in percentages
|teampreview
|join|SchismChasm
|
|start
|switch|p1a: Landorus-Therian|Landorus-Therian, M|382\/382
|switch|p2a: Marriland|Azumarill, M|378\/378
|-ability|p1a: Landorus-Therian|Intimidate|[of] p2a: Marriland
|-unboost|p2a: Marriland|atk|1
|turn|1
|
|move|p1a: Landorus-Therian|Earthquake|p2a: Marriland
|-damage|p2a: Marriland|180\/378
|move|p2a: Marriland|Waterfall|p1a: Landorus-Therian
|-supereffective|p1a: Landorus-Therian
|-damage|p1a: Landorus-Therian|212\/382
|
|-heal|p1a: Landorus-Therian|235\/382|[from] item: Leftovers
|turn|2
|
|switch|p2a: Nahxela|Garchomp, M|419\/419
|move|p1a: Landorus-Therian|Earthquake|p2a: Nahxela
|-damage|p2a: Nahxela|281\/419
|
|-heal|p1a: Landorus-Therian|258\/382|[from] item: Leftovers
|turn|3
|
|move|p2a: Nahxela|Swords Dance|p2a: Nahxela
|-boost|p2a: Nahxela|atk|2
|move|p1a: Landorus-Therian|Hidden Power|p2a: Nahxela
|-supereffective|p2a: Nahxela
|-damage|p2a: Nahxela|77\/419
|
|-heal|p1a: Landorus-Therian|281\/382|[from] item: Leftovers
|turn|4
|
|switch|p1a: Tyranitar|Tyranitar, M|403\/403
|-weather|Sandstorm
|move|p2a: Nahxela|Outrage|p1a: Tyranitar
|-damage|p1a: Tyranitar|55\/403
|
|-weather|Sandstorm|[upkeep]
|turn|5
|
|move|p2a: Nahxela|Outrage|p1a: Tyranitar
|-damage|p1a: Tyranitar|0 fnt
|faint|p1a: Tyranitar
|
|-weather|Sandstorm|[upkeep]
|
|switch|p1a: Gardevoir|Gardevoir, F|278\/278
|turn|6
|
|detailschange|p1a: Gardevoir|Gardevoir-Mega, F
|message|Gardevoir has Mega Evolved into Mega Gardevoir!
|move|p1a: Gardevoir|Hyper Voice|p2a: Nahxela
|-crit|p2a: Nahxela
|-supereffective|p2a: Nahxela
|-damage|p2a: Nahxela|0 fnt
|faint|p2a: Nahxela
|
|-weather|Sandstorm|[upkeep]
|-damage|p1a: Gardevoir|261\/278|[from] sandstorm
|
|switch|p2a: Capt. Magnezone|Magnezone|312\/312
|turn|7
|
|move|p1a: Gardevoir|Focus Blast|p2a: Capt. Magnezone
|-supereffective|p2a: Capt. Magnezone
|-damage|p2a: Capt. Magnezone|0 fnt
|faint|p2a: Capt. Magnezone
|
|-weather|Sandstorm|[upkeep]
|-damage|p1a: Gardevoir|244\/278|[from] sandstorm
|leave|SchismChasm
|
|switch|p2a: Nargacuga|Aerodactyl, M|323\/323
|-ability|p2a: Nargacuga|Pressure
|turn|8
|
|detailschange|p2a: Nargacuga|Aerodactyl-Mega, M
|message|Aerodactyl has Mega Evolved into Mega Aerodactyl!
|move|p2a: Nargacuga|Aerial Ace|p1a: Gardevoir
|-damage|p1a: Gardevoir|3\/278
|move|p1a: Gardevoir|Hyper Voice|p2a: Nargacuga
|-damage|p2a: Nargacuga|151\/323
|
|-weather|none
|turn|9
|
|move|p2a: Nargacuga|Aerial Ace|p1a: Gardevoir
|-damage|p1a: Gardevoir|0 fnt
|faint|p1a: Gardevoir
|
|
|switch|p1a: Magnezone|Magnezone|281\/281
|turn|10
|
|switch|p2a: Drillpher|Excadrill, M|377\/377
|-ability|p2a: Drillpher|Mold Breaker
|move|p1a: Magnezone|Flash Cannon|p2a: Drillpher
|-resisted|p2a: Drillpher
|-damage|p2a: Drillpher|309\/377
|
|turn|11
|
|switch|p1a: Landorus-Therian|Landorus-Therian, M|281\/382
|-ability|p1a: Landorus-Therian|Intimidate|[of] p2a: Drillpher
|-unboost|p2a: Drillpher|atk|1
|move|p2a: Drillpher|Iron Head|p1a: Landorus-Therian
|-damage|p1a: Landorus-Therian|191\/382
|
|-heal|p1a: Landorus-Therian|214\/382|[from] item: Leftovers
|turn|12
|
|switch|p2a: Captain Falcon|Talonflame, M|297\/297
|move|p1a: Landorus-Therian|Stealth Rock|p2a: Captain Falcon
|-sidestart|p2: Artful Hobbes|move: Stealth Rock
|
|-heal|p1a: Landorus-Therian|237\/382|[from] item: Leftovers
|turn|13
|
|switch|p1a: Keldeo|Keldeo|323\/323
|move|p2a: Captain Falcon|Fire Blast|p1a: Keldeo
|-resisted|p1a: Keldeo
|-damage|p1a: Keldeo|226\/323
|-damage|p2a: Captain Falcon|268\/297|[from] item: Life Orb
|
|-heal|p1a: Keldeo|246\/323|[from] item: Leftovers
|turn|14
|
|move|p2a: Captain Falcon|Brave Bird|p1a: Keldeo
|-supereffective|p1a: Keldeo
|-damage|p1a: Keldeo|0 fnt
|-damage|p2a: Captain Falcon|187\/297|[from] recoil|[of] p1a: Keldeo
|-damage|p2a: Captain Falcon|158\/297|[from] item: Life Orb
|faint|p1a: Keldeo
|
|
|switch|p1a: Latios|Latios, M|301\/301
|turn|15
|
|switch|p2a: Marriland|Azumarill, M|180\/378
|-damage|p2a: Marriland|133\/378|[from] Stealth Rock
|move|p1a: Latios|Psyshock|p2a: Marriland
|-damage|p2a: Marriland|0 fnt
|faint|p2a: Marriland
|
|
|switch|p2a: Drillpher|Excadrill, M|309\/377
|-damage|p2a: Drillpher|298\/377|[from] Stealth Rock
|-ability|p2a: Drillpher|Mold Breaker
|turn|16
|
|switch|p1a: Landorus-Therian|Landorus-Therian, M|237\/382
|-ability|p1a: Landorus-Therian|Intimidate|[of] p2a: Drillpher
|-unboost|p2a: Drillpher|atk|1
|move|p2a: Drillpher|Rapid Spin|p1a: Landorus-Therian
|-damage|p1a: Landorus-Therian|223\/382
|-sideend|p2: Artful Hobbes|Stealth Rock|[from] move: Rapid Spin|[of] p2a: Drillpher
|
|-heal|p1a: Landorus-Therian|246\/382|[from] item: Leftovers
|turn|17
|
|switch|p2a: Nargacuga|Aerodactyl-Mega, M|151\/323
|move|p1a: Landorus-Therian|Earthquake|p2a: Nargacuga
|-immune|p2a: Nargacuga|[msg]
|
|-heal|p1a: Landorus-Therian|269\/382|[from] item: Leftovers
|turn|18
|
|switch|p1a: Magnezone|Magnezone|281\/281
|move|p2a: Nargacuga|Aerial Ace|p1a: Magnezone
|-resisted|p1a: Magnezone
|-damage|p1a: Magnezone|244\/281
|
|turn|19
|
|switch|p2a: Drillpher|Excadrill, M|298\/377
|-ability|p2a: Drillpher|Mold Breaker
|move|p1a: Magnezone|Hidden Power|p2a: Drillpher
|-supereffective|p2a: Drillpher
|-damage|p2a: Drillpher|152\/377
|
|turn|20
|
|switch|p1a: Landorus-Therian|Landorus-Therian, M|269\/382
|-ability|p1a: Landorus-Therian|Intimidate|[of] p2a: Drillpher
|-unboost|p2a: Drillpher|atk|1
|move|p2a: Drillpher|Earthquake|p1a: Landorus-Therian
|-immune|p1a: Landorus-Therian|[msg]
|
|-heal|p1a: Landorus-Therian|292\/382|[from] item: Leftovers
|turn|21
|
|move|p2a: Drillpher|Rock Slide|p1a: Landorus-Therian
|-crit|p1a: Landorus-Therian
|-damage|p1a: Landorus-Therian|179\/382
|cant|p1a: Landorus-Therian|flinch
|
|-heal|p1a: Landorus-Therian|202\/382|[from] item: Leftovers
|turn|22
|
|move|p2a: Drillpher|Rock Slide|p1a: Landorus-Therian
|-damage|p1a: Landorus-Therian|149\/382
|cant|p1a: Landorus-Therian|flinch
|
|-heal|p1a: Landorus-Therian|172\/382|[from] item: Leftovers
|turn|23
|
|switch|p2a: Captain Falcon|Talonflame, M|158\/297
|move|p1a: Landorus-Therian|Earthquake|p2a: Captain Falcon
|-immune|p2a: Captain Falcon|[msg]
|
|-heal|p1a: Landorus-Therian|195\/382|[from] item: Leftovers
|turn|24
|
|move|p2a: Captain Falcon|Fire Blast|p1a: Landorus-Therian
|-damage|p1a: Landorus-Therian|0 fnt
|-damage|p2a: Captain Falcon|129\/297|[from] item: Life Orb
|faint|p1a: Landorus-Therian
|
|
|switch|p1a: Latios|Latios, M|301\/301
|turn|25
|
|move|p2a: Captain Falcon|Brave Bird|p1a: Latios
|-damage|p1a: Latios|35\/301
|-damage|p2a: Captain Falcon|41\/297|[from] recoil|[of] p1a: Latios
|-damage|p2a: Captain Falcon|12\/297|[from] item: Life Orb
|move|p1a: Latios|Surf|p2a: Captain Falcon
|-supereffective|p2a: Captain Falcon
|-damage|p2a: Captain Falcon|0 fnt
|faint|p2a: Captain Falcon
|
|
|switch|p2a: Nargacuga|Aerodactyl-Mega, M|151\/323
|turn|26
|
|switch|p1a: Magnezone|Magnezone|244\/281
|move|p2a: Nargacuga|Earthquake|p1a: Magnezone
|-supereffective|p1a: Magnezone
|-damage|p1a: Magnezone|0 fnt
|faint|p1a: Magnezone
|
|
|switch|p1a: Latios|Latios, M|35\/301
|turn|27
|c|âArtful Hobbes|gotcha bitch
|
|move|p2a: Nargacuga|Aerial Ace|p1a: Latios
|-damage|p1a: Latios|0 fnt
|faint|p1a: Latios
|
|win|Artful Hobbes
|raw|Ladder updating...
|raw|Apedingo's rating: 1793 &rarr; <strong>1764<\/strong><br \/>(-29 for losing)
|raw|Artful Hobbes's rating: 1634 &rarr; <strong>1663<\/strong><br \/>(+29 for winning)
|c|âArtful Hobbes|gg
|c|âArtful Hobbes|Close game
|c|âApedingo|your first reaction doesnt quite match the last reactions....
|c|âArtful Hobbes|What?
|leave|Apedingo
|player|p1