|join|stepping in2da sky
|join|Apedingo
|player|p1|stepping in2da sky|172
|player|p2|Apedingo|242
|gametype|singles
|gen|6
|tier|OU
|rated
|clearpoke
|poke|p1|Ditto
|poke|p1|Clefable, F
|poke|p1|Gyarados, M
|poke|p1|Klefki, F
|poke|p1|Gothitelle, M
|poke|p1|Avalugg, M
|poke|p2|Landorus-Therian, M
|poke|p2|Gardevoir, F
|poke|p2|Azumarill, F
|poke|p2|Latios, M
|poke|p2|Tyranitar, M
|poke|p2|Magnezone
|rule|Swagger Clause: Swagger is banned
|rule|Baton Pass Clause: Limit one PokÃ©mon knowing Baton Pass
|rule|Sleep Clause Mod: Limit one foe put to sleep
|rule|Species Clause: Limit one of each PokÃ©mon
|rule|OHKO Clause: OHKO moves are banned
|rule|Moody Clause: Moody is banned
|rule|Evasion Moves Clause: Evasion moves are banned
|rule|Endless Battle Clause: Forcing endless battles is banned
|rule|HP Percentage Mod: HP is shown in percentages
|teampreview
|
|start
|switch|p1a: Clefable|Clefable, F|394\/394
|switch|p2a: Fluffy Paws|Landorus-Therian, M|382\/382
|-ability|p2a: Fluffy Paws|Intimidate|[of] p1a: Clefable
|-unboost|p1a: Clefable|atk|1
|turn|1
|
|move|p2a: Fluffy Paws|Stealth Rock|p1a: Clefable
|-sidestart|p1: stepping in2da sky|move: Stealth Rock
|move|p1a: Clefable|Stealth Rock|p2a: Fluffy Paws
|-sidestart|p2: Apedingo|move: Stealth Rock
|
|turn|2
|
|move|p2a: Fluffy Paws|U-turn|p1a: Clefable
|-resisted|p1a: Clefable
|-damage|p1a: Clefable|355\/394
|
|switch|p2a: Its a trap!|Magnezone|281\/281
|-damage|p2a: Its a trap!|264\/281|[from] Stealth Rock
|move|p1a: Clefable|Fire Blast|p2a: Its a trap!
|-supereffective|p2a: Its a trap!
|-damage|p2a: Its a trap!|72\/281
|
|-heal|p1a: Clefable|379\/394|[from] item: Leftovers
|turn|3
|
|switch|p1a: Ditto|Ditto|237\/237
|-damage|p1a: Ditto|208\/237|[from] Stealth Rock
|-transform|p1a: Ditto|p2a: Its a trap!
|move|p2a: Its a trap!|Volt Switch|p1a: Ditto
|-resisted|p1a: Ditto
|-damage|p1a: Ditto|145\/237
|
|switch|p2a: Fluffy Paws|Landorus-Therian, M|382\/382
|-damage|p2a: Fluffy Paws|335\/382|[from] Stealth Rock
|-ability|p2a: Fluffy Paws|Intimidate|[of] p1a: Ditto
|-unboost|p1a: Ditto|atk|1
|
|-heal|p2a: Fluffy Paws|358\/382|[from] item: Leftovers
|turn|4
|
|switch|p1a: Avalugg|Avalugg, M|393\/393
|-damage|p1a: Avalugg|295\/393|[from] Stealth Rock
|move|p2a: Fluffy Paws|U-turn|p1a: Avalugg
|-damage|p1a: Avalugg|257\/393
|
|switch|p2a: Gardevoir|Gardevoir, F|277\/277
|-damage|p2a: Gardevoir|243\/277|[from] Stealth Rock
|
|-heal|p1a: Avalugg|281\/393|[from] item: Leftovers
|turn|5
|
|switch|p1a: Klefki|Klefki, F|318\/318
|-damage|p1a: Klefki|299\/318|[from] Stealth Rock
|detailschange|p2a: Gardevoir|Gardevoir-Mega, F
|message|Gardevoir has Mega Evolved into Mega Gardevoir!
|move|p2a: Gardevoir|Calm Mind|p2a: Gardevoir
|-boost|p2a: Gardevoir|spa|1
|-boost|p2a: Gardevoir|spd|1
|
|-heal|p1a: Klefki|318\/318|[from] item: Leftovers
|turn|6
|
|move|p1a: Klefki|Spikes|p2a: Gardevoir
|-sidestart|p2: Apedingo|Spikes
|move|p2a: Gardevoir|Calm Mind|p2a: Gardevoir
|-boost|p2a: Gardevoir|spa|1
|-boost|p2a: Gardevoir|spd|1
|
|turn|7
|
|move|p1a: Klefki|Thunder Wave|p2a: Gardevoir
|-status|p2a: Gardevoir|par
|move|p2a: Gardevoir|Focus Blast|p1a: Klefki|[miss]
|-miss|p2a: Gardevoir|p1a: Klefki
|
|turn|8
|
|switch|p1a: Ditto|Ditto|145\/237
|-damage|p1a: Ditto|116\/237|[from] Stealth Rock
|-transform|p1a: Ditto|p2a: Gardevoir
|move|p2a: Gardevoir|Calm Mind|p2a: Gardevoir
|-boost|p2a: Gardevoir|spa|1
|-boost|p2a: Gardevoir|spd|1
|
|turn|9
|
|move|p1a: Ditto|Psyshock|p2a: Gardevoir
|-resisted|p2a: Gardevoir
|-damage|p2a: Gardevoir|0 fnt
|faint|p2a: Gardevoir
|
|
|switch|p2a: Go Go Mike|Latios, M|301\/301
|-damage|p2a: Go Go Mike|264\/301|[from] Stealth Rock
|turn|10
|
|switch|p1a: Klefki|Klefki, F|318\/318
|-damage|p1a: Klefki|299\/318|[from] Stealth Rock
|move|p2a: Go Go Mike|Psyshock|p1a: Klefki
|-resisted|p1a: Klefki
|-damage|p1a: Klefki|186\/318
|
|-heal|p1a: Klefki|205\/318|[from] item: Leftovers
|turn|11
|
|switch|p2a: Its a trap!|Magnezone|72\/281
|-damage|p2a: Its a trap!|55\/281|[from] Stealth Rock
|-damage|p2a: Its a trap!|20\/281|[from] Spikes
|move|p1a: Klefki|Spikes|p2a: Its a trap!
|-sidestart|p2: Apedingo|Spikes
|
|-heal|p1a: Klefki|224\/318|[from] item: Leftovers
|turn|12
|
|move|p2a: Its a trap!|Thunderbolt|p1a: Klefki
|-damage|p1a: Klefki|104\/318
|-status|p1a: Klefki|par
|move|p1a: Klefki|Foul Play|p2a: Its a trap!
|-damage|p2a: Its a trap!|0 fnt
|faint|p2a: Its a trap!
|
|-heal|p1a: Klefki|123\/318 par|[from] item: Leftovers
|
|switch|p2a: Fluffy Paws|Landorus-Therian, M|358\/382
|-damage|p2a: Fluffy Paws|311\/382|[from] Stealth Rock
|-ability|p2a: Fluffy Paws|Intimidate|[of] p1a: Klefki
|-unboost|p1a: Klefki|atk|1
|turn|13
|
|move|p1a: Klefki|Spikes|p2a: Fluffy Paws
|-sidestart|p2: Apedingo|Spikes
|move|p2a: Fluffy Paws|Earthquake|p1a: Klefki
|-supereffective|p1a: Klefki
|-damage|p1a: Klefki|0 fnt
|faint|p1a: Klefki
|
|-heal|p2a: Fluffy Paws|334\/382|[from] item: Leftovers
|
|switch|p1a: Avalugg|Avalugg, M|281\/393
|-damage|p1a: Avalugg|183\/393|[from] Stealth Rock
|turn|14
|
|move|p2a: Fluffy Paws|U-turn|p1a: Avalugg
|-damage|p1a: Avalugg|144\/393
|
|switch|p2a: Damn Cute Bunny|Azumarill, F|401\/401
|-damage|p2a: Damn Cute Bunny|351\/401|[from] Stealth Rock
|-damage|p2a: Damn Cute Bunny|251\/401|[from] Spikes
|move|p1a: Avalugg|Rapid Spin|p2a: Damn Cute Bunny
|-damage|p2a: Damn Cute Bunny|228\/401
|-sideend|p1: stepping in2da sky|Stealth Rock|[from] move: Rapid Spin|[of] p1a: Avalugg
|
|-heal|p1a: Avalugg|168\/393|[from] item: Leftovers
|turn|15
|
|move|p2a: Damn Cute Bunny|Play Rough|p1a: Avalugg
|-damage|p1a: Avalugg|74\/393
|move|p1a: Avalugg|Toxic|p2a: Damn Cute Bunny
|-status|p2a: Damn Cute Bunny|tox
|
|-heal|p1a: Avalugg|98\/393|[from] item: Leftovers
|-damage|p2a: Damn Cute Bunny|203\/401 tox|[from] psn
|turn|16
|
|move|p2a: Damn Cute Bunny|Play Rough|p1a: Avalugg
|-damage|p1a: Avalugg|4\/393
|move|p1a: Avalugg|Recover|p1a: Avalugg
|-heal|p1a: Avalugg|201\/393
|
|-heal|p1a: Avalugg|225\/393|[from] item: Leftovers
|-damage|p2a: Damn Cute Bunny|153\/401 tox|[from] psn
|turn|17
|-message|Apedingo forfeited.
|
|win|stepping in2da sky
|raw|Ladder updating...
|leave|Apedingo
|player|p2
|raw|stepping in2da sky's rating: 1714 &rarr; <strong>1738<\/strong><br \/>(+24 for winning)
|raw|Apedingo's rating: 1778 &rarr; <strong>1754<\/strong><br \/>(-24 for losing)