|join|Apedingo
|join|Aka DH
|player|p1|Apedingo|242
|player|p2|Aka DH|68
|gametype|singles
|gen|6
|tier|OU
|rated
|clearpoke
|poke|p1|Landorus-Therian, M
|poke|p1|Gardevoir, M
|poke|p1|Azumarill, F
|poke|p1|Latios, M
|poke|p1|Tyranitar, M
|poke|p1|Magnezone
|poke|p2|Bisharp, F
|poke|p2|Venusaur, F
|poke|p2|Heatran, F
|poke|p2|Keldeo
|poke|p2|Chansey, F
|poke|p2|Skarmory, M
|rule|Swagger Clause: Swagger is banned
|rule|Baton Pass Clause: Limit one PokÃ©mon knowing Baton Pass
|rule|Sleep Clause Mod: Limit one foe put to sleep
|rule|Species Clause: Limit one of each PokÃ©mon
|rule|OHKO Clause: OHKO moves are banned
|rule|Moody Clause: Moody is banned
|rule|Evasion Moves Clause: Evasion moves are banned
|rule|Endless Battle Clause: Forcing endless battles is banned
|rule|HP Percentage Mod: HP is shown in percentages
|teampreview
Aka DH made this room private.
|
|start
|switch|p1a: Damn Cute Bunny|Azumarill, F|401\/401
|switch|p2a: Heatran|Heatran, F|340\/340
|-item|p2a: Heatran|Air Balloon
|turn|1
|
|switch|p1a: Go Go Mike|Latios, M|301\/301
|move|p2a: Heatran|Stealth Rock|p1a: Go Go Mike
|-sidestart|p1: Apedingo|move: Stealth Rock
|
|turn|2
|
|move|p1a: Go Go Mike|Trick|p2a: Heatran
|-activate|p1a: Go Go Mike|move: Trick|[of] p2a: Heatran
|-item|p2a: Heatran|Choice Specs|[from] move: Trick
|-item|p1a: Go Go Mike|Air Balloon
|-item|p1a: Go Go Mike|Air Balloon|[from] move: Trick
|move|p2a: Heatran|Toxic|p1a: Go Go Mike
|-status|p1a: Go Go Mike|tox
|
|-damage|p1a: Go Go Mike|283\/301 tox|[from] psn
|turn|3
|
|move|p1a: Go Go Mike|Surf|p2a: Heatran
|-supereffective|p2a: Heatran
|-damage|p2a: Heatran|132\/340
|move|p2a: Heatran|Toxic|p1a: Go Go Mike
|-fail|p1a: Go Go Mike|tox
|
|-damage|p1a: Go Go Mike|247\/301 tox|[from] psn
|turn|4
|
|switch|p1a: Its a trap!|Magnezone|281\/281
|-damage|p1a: Its a trap!|264\/281|[from] Stealth Rock
|switch|p2a: Venusaur|Venusaur, F|364\/364
|
|turn|5
|
|detailschange|p2a: Venusaur|Venusaur-Mega, F
|message|Venusaur has Mega Evolved into Mega Venusaur!
|move|p1a: Its a trap!|Volt Switch|p2a: Venusaur
|-resisted|p2a: Venusaur
|-damage|p2a: Venusaur|306\/364
|
|switch|p1a: Mr. Fancypants|Tyranitar, M|403\/403
|-damage|p1a: Mr. Fancypants|353\/403|[from] Stealth Rock
|-weather|Sandstorm
|move|p2a: Venusaur|Giga Drain|p1a: Mr. Fancypants
|-supereffective|p1a: Mr. Fancypants
|-damage|p1a: Mr. Fancypants|285\/403
|-heal|p2a: Venusaur|340\/364|[from] drain|[of] p1a: Mr. Fancypants
|
|-weather|Sandstorm|[upkeep]
|-damage|p2a: Venusaur|318\/364|[from] sandstorm
|turn|6
|
|switch|p1a: Its a trap!|Magnezone|264\/281
|-damage|p1a: Its a trap!|247\/281|[from] Stealth Rock
|move|p2a: Venusaur|Giga Drain|p1a: Its a trap!
|-resisted|p1a: Its a trap!
|-damage|p1a: Its a trap!|195\/281
|-heal|p2a: Venusaur|344\/364|[from] drain|[of] p1a: Its a trap!
|
|-weather|Sandstorm|[upkeep]
|-damage|p2a: Venusaur|322\/364|[from] sandstorm
|turn|7
|
|move|p1a: Its a trap!|Volt Switch|p2a: Venusaur
|-resisted|p2a: Venusaur
|-damage|p2a: Venusaur|266\/364
|
|switch|p1a: Mr. Fancypants|Tyranitar, M|285\/403
|-damage|p1a: Mr. Fancypants|235\/403|[from] Stealth Rock
|move|p2a: Venusaur|Hidden Power|p1a: Mr. Fancypants
|-resisted|p1a: Mr. Fancypants
|-damage|p1a: Mr. Fancypants|226\/403
|
|-weather|Sandstorm|[upkeep]
|-damage|p2a: Venusaur|244\/364|[from] sandstorm
|turn|8
|
|move|p2a: Venusaur|Giga Drain|p1a: Mr. Fancypants
|-supereffective|p1a: Mr. Fancypants
|-damage|p1a: Mr. Fancypants|154\/403
|-heal|p2a: Venusaur|280\/364|[from] drain|[of] p1a: Mr. Fancypants
|move|p1a: Mr. Fancypants|Crunch|p2a: Venusaur
|-damage|p2a: Venusaur|208\/364
|
|-weather|Sandstorm|[upkeep]
|-damage|p2a: Venusaur|186\/364|[from] sandstorm
|turn|9
|
|move|p2a: Venusaur|Giga Drain|p1a: Mr. Fancypants
|-supereffective|p1a: Mr. Fancypants
|-damage|p1a: Mr. Fancypants|88\/403
|-heal|p2a: Venusaur|219\/364|[from] drain|[of] p1a: Mr. Fancypants
|move|p1a: Mr. Fancypants|Crunch|p2a: Venusaur
|-damage|p2a: Venusaur|147\/364
|
|-weather|none
|turn|10
|
|switch|p1a: Go Go Mike|Latios, M|247\/301 tox
|-damage|p1a: Go Go Mike|210\/301 tox|[from] Stealth Rock
|-item|p1a: Go Go Mike|Air Balloon
|move|p2a: Venusaur|Synthesis|p2a: Venusaur
|-heal|p2a: Venusaur|329\/364
|
|-damage|p1a: Go Go Mike|192\/301 tox|[from] psn
|turn|11
|
|move|p1a: Go Go Mike|Psyshock|p2a: Venusaur
|-supereffective|p2a: Venusaur
|-damage|p2a: Venusaur|153\/364
|move|p2a: Venusaur|Giga Drain|p1a: Go Go Mike
|-resisted|p1a: Go Go Mike
|-damage|p1a: Go Go Mike|144\/301 tox
|-heal|p2a: Venusaur|177\/364|[from] drain|[of] p1a: Go Go Mike
|-enditem|p1a: Go Go Mike|Air Balloon
|
|-damage|p1a: Go Go Mike|108\/301 tox|[from] psn
|turn|12
|
|switch|p1a: Its a trap!|Magnezone|195\/281
|-damage|p1a: Its a trap!|178\/281|[from] Stealth Rock
|switch|p2a: Heatran|Heatran, F|132\/340
|
|turn|13
|
|move|p1a: Its a trap!|Volt Switch|p2a: Heatran
|-damage|p2a: Heatran|23\/340
|
|switch|p1a: Go Go Mike|Latios, M|108\/301 tox
|-damage|p1a: Go Go Mike|71\/301 tox|[from] Stealth Rock
|move|p2a: Heatran|Toxic|p1a: Go Go Mike
|-fail|p1a: Go Go Mike|tox
|
|-damage|p1a: Go Go Mike|53\/301 tox|[from] psn
|turn|14
|
|move|p1a: Go Go Mike|Surf|p2a: Heatran
|-crit|p2a: Heatran
|-supereffective|p2a: Heatran
|-damage|p2a: Heatran|0 fnt
|faint|p2a: Heatran
|
|-damage|p1a: Go Go Mike|17\/301 tox|[from] psn
|
|switch|p2a: Skarmory|Skarmory, M|334\/334
|turn|15
|
|move|p1a: Go Go Mike|Surf|p2a: Skarmory
|-damage|p2a: Skarmory|212\/334
|move|p2a: Skarmory|Spikes|p1a: Go Go Mike
|-sidestart|p1: Apedingo|Spikes
|
|-damage|p1a: Go Go Mike|0 fnt|[from] psn
|faint|p1a: Go Go Mike
|
|switch|p1a: Its a trap!|Magnezone|178\/281
|-damage|p1a: Its a trap!|161\/281|[from] Stealth Rock
|-damage|p1a: Its a trap!|126\/281|[from] Spikes
|turn|16
|
|move|p1a: Its a trap!|Volt Switch|p2a: Skarmory
|-supereffective|p2a: Skarmory
|-damage|p2a: Skarmory|0 fnt
|faint|p2a: Skarmory
|
|switch|p1a: Fluffy Paws|Landorus-Therian, M|382\/382
|-damage|p1a: Fluffy Paws|335\/382|[from] Stealth Rock
|
|-heal|p1a: Fluffy Paws|358\/382|[from] item: Leftovers
|
|switch|p2a: Keldeo|Keldeo|323\/323
|turn|17
|
|switch|p1a: Mr. Fancypants|Tyranitar, M|88\/403
|-damage|p1a: Mr. Fancypants|38\/403|[from] Stealth Rock
|-damage|p1a: Mr. Fancypants|0 fnt|[from] Spikes
|faint|p1a: Mr. Fancypants
|move|p2a: Keldeo|Scald|p1: Mr. Fancypants|[notarget]
|-notarget
|
|
|switch|p1a: Its a trap!|Magnezone|126\/281
|-damage|p1a: Its a trap!|91\/281|[from] Spikes
|-damage|p1a: Its a trap!|74\/281|[from] Stealth Rock
|turn|18
|
|switch|p2a: Chansey|Chansey, F|684\/684
|move|p1a: Its a trap!|Volt Switch|p2a: Chansey
|-damage|p2a: Chansey|614\/684
|
|switch|p1a: Fluffy Paws|Landorus-Therian, M|358\/382
|-damage|p1a: Fluffy Paws|311\/382|[from] Stealth Rock
|-ability|p1a: Fluffy Paws|Intimidate|[of] p2a: Chansey
|-unboost|p2a: Chansey|atk|1
|
|-heal|p1a: Fluffy Paws|334\/382|[from] item: Leftovers
|turn|19
|
|switch|p2a: Keldeo|Keldeo|323\/323
|move|p1a: Fluffy Paws|Earthquake|p2a: Keldeo
|-damage|p2a: Keldeo|154\/323
|
|-heal|p2a: Keldeo|174\/323|[from] item: Leftovers
|-heal|p1a: Fluffy Paws|357\/382|[from] item: Leftovers
|turn|20
|
|switch|p1a: Damn Cute Bunny|Azumarill, F|401\/401
|-damage|p1a: Damn Cute Bunny|351\/401|[from] Spikes
|-damage|p1a: Damn Cute Bunny|301\/401|[from] Stealth Rock
|move|p2a: Keldeo|Scald|p1a: Damn Cute Bunny
|-resisted|p1a: Damn Cute Bunny
|-damage|p1a: Damn Cute Bunny|249\/401
|
|-heal|p2a: Keldeo|194\/323|[from] item: Leftovers
|turn|21
|
|switch|p2a: Venusaur|Venusaur-Mega, F|177\/364
|switch|p1a: Gardevoir|Gardevoir, M|277\/277
|-damage|p1a: Gardevoir|243\/277|[from] Stealth Rock
|-damage|p1a: Gardevoir|209\/277|[from] Spikes
|
|turn|22
|
|switch|p2a: Chansey|Chansey, F|614\/684
|detailschange|p1a: Gardevoir|Gardevoir-Mega, M
|message|Gardevoir has Mega Evolved into Mega Gardevoir!
|move|p1a: Gardevoir|Psyshock|p2a: Chansey
|-damage|p2a: Chansey|376\/684
|
|turn|23
|
|move|p1a: Gardevoir|Calm Mind|p1a: Gardevoir
|-boost|p1a: Gardevoir|spa|1
|-boost|p1a: Gardevoir|spd|1
|move|p2a: Chansey|Seismic Toss|p1a: Gardevoir
|-damage|p1a: Gardevoir|109\/277
|
|turn|24
|
|move|p1a: Gardevoir|Psyshock|p2a: Chansey
|-damage|p2a: Chansey|10\/684
|move|p2a: Chansey|Thunder Wave|p1a: Gardevoir
|-status|p1a: Gardevoir|par
|
|turn|25
|
|move|p2a: Chansey|Seismic Toss|p1a: Gardevoir
|-damage|p1a: Gardevoir|9\/277 par
|move|p1a: Gardevoir|Psyshock|p2a: Chansey
|-damage|p2a: Chansey|0 fnt
|faint|p2a: Chansey
|
|
|switch|p2a: Keldeo|Keldeo|194\/323
|turn|26
|
|move|p2a: Keldeo|Scald|p1a: Gardevoir
|-damage|p1a: Gardevoir|0 fnt
|faint|p1a: Gardevoir
|
|-heal|p2a: Keldeo|214\/323|[from] item: Leftovers
|
|switch|p1a: Its a trap!|Magnezone|74\/281
|-damage|p1a: Its a trap!|57\/281|[from] Stealth Rock
|-damage|p1a: Its a trap!|22\/281|[from] Spikes
|turn|27
|
|switch|p2a: Venusaur|Venusaur-Mega, F|177\/364
|move|p1a: Its a trap!|Flash Cannon|p2a: Venusaur
|-damage|p2a: Venusaur|63\/364
|-unboost|p2a: Venusaur|spd|1
|
|turn|28
|
|switch|p2a: Bisharp|Bisharp, F|334\/334
|move|p1a: Its a trap!|Flash Cannon|p2a: Bisharp
|-crit|p2a: Bisharp
|-resisted|p2a: Bisharp
|-damage|p2a: Bisharp|189\/334
|
|-heal|p2a: Bisharp|209\/334|[from] item: Leftovers
|turn|29
|
|move|p1a: Its a trap!|Flash Cannon|p2a: Bisharp
|-resisted|p2a: Bisharp
|-damage|p2a: Bisharp|107\/334
|-unboost|p2a: Bisharp|spd|1
|-boost|p2a: Bisharp|atk|2|[from] ability: Defiant
|move|p2a: Bisharp|Swords Dance|p2a: Bisharp
|-boost|p2a: Bisharp|atk|2
|
|-heal|p2a: Bisharp|127\/334|[from] item: Leftovers
|turn|30
|
|move|p2a: Bisharp|Sucker Punch|p1a: Its a trap!
|-damage|p1a: Its a trap!|0 fnt
|faint|p1a: Its a trap!
|
|-heal|p2a: Bisharp|147\/334|[from] item: Leftovers
|
|switch|p1a: Fluffy Paws|Landorus-Therian, M|357\/382
|-damage|p1a: Fluffy Paws|310\/382|[from] Stealth Rock
|-ability|p1a: Fluffy Paws|Intimidate|[of] p2a: Bisharp
|-unboost|p2a: Bisharp|atk|1
|-boost|p2a: Bisharp|atk|2|[from] ability: Defiant
|turn|31
|
|move|p2a: Bisharp|Sucker Punch|p1a: Fluffy Paws
|-damage|p1a: Fluffy Paws|0 fnt
|faint|p1a: Fluffy Paws
|
|-heal|p2a: Bisharp|167\/334|[from] item: Leftovers
|
|switch|p1a: Damn Cute Bunny|Azumarill, F|249\/401
|-damage|p1a: Damn Cute Bunny|199\/401|[from] Spikes
|-damage|p1a: Damn Cute Bunny|149\/401|[from] Stealth Rock
|turn|32
|
|move|p1a: Damn Cute Bunny|Aqua Jet|p2a: Bisharp
|-damage|p2a: Bisharp|83\/334
|move|p2a: Bisharp|Iron Head|p1a: Damn Cute Bunny
|-damage|p1a: Damn Cute Bunny|0 fnt
|faint|p1a: Damn Cute Bunny
|
|win|Aka DH
|raw|Ladder updating...
|raw|Apedingo's rating: 1853 &rarr; <strong>1836<\/strong><br \/>(-17 for losing)
|raw|Aka DH's rating: 1900 &rarr; <strong>1917<\/strong><br \/>(+17 for winning)