|join|My Final Bullet
|join|Apedingo
|player|p1|My Final Bullet|43
|player|p2|Apedingo|242
|gametype|singles
|gen|6
|tier|OU
|rated
|clearpoke
|poke|p1|Talonflame, F
|poke|p1|Latios, M
|poke|p1|Heracross, F
|poke|p1|Rotom-Wash
|poke|p1|Tyranitar, M
|poke|p1|Excadrill, M
|poke|p2|Landorus-Therian, M
|poke|p2|Gardevoir, M
|poke|p2|Keldeo
|poke|p2|Latios, M
|poke|p2|Tyranitar, F
|poke|p2|Magnezone
|rule|Swagger Clause: Swagger is banned
|rule|Baton Pass Clause: Limit one PokÃ©mon knowing Baton Pass
|rule|Sleep Clause Mod: Limit one foe put to sleep
|rule|Species Clause: Limit one of each PokÃ©mon
|rule|OHKO Clause: OHKO moves are banned
|rule|Moody Clause: Moody is banned
|rule|Evasion Moves Clause: Evasion moves are banned
|rule|Endless Battle Clause: Forcing endless battles is banned
|rule|HP Percentage Mod: HP is reported as percentages
|teampreview
|
|start
|switch|p1a: Rotom-Wash|Rotom-Wash|303\/303
|switch|p2a: Gardevoir|Gardevoir, M|278\/278
|turn|1
|
|switch|p1a: Talonflame|Talonflame, F|359\/359
|detailschange|p2a: Gardevoir|Gardevoir-Mega, M
|message|Gardevoir has Mega Evolved into Mega Gardevoir!
|move|p2a: Gardevoir|Hyper Voice|p1a: Talonflame
|-resisted|p1a: Talonflame
|-damage|p1a: Talonflame|238\/359
|
|-heal|p1a: Talonflame|260\/359|[from] item: Leftovers
|turn|2
|
|switch|p2a: Landorus-Therian|Landorus-Therian, M|382\/382
|-ability|p2a: Landorus-Therian|Intimidate|[of] p1a: Talonflame
|-unboost|p1a: Talonflame|atk|1
|move|p1a: Talonflame|Will-O-Wisp|p2a: Landorus-Therian
|-status|p2a: Landorus-Therian|brn
|
|-heal|p1a: Talonflame|282\/359|[from] item: Leftovers
|-damage|p2a: Landorus-Therian|335\/382 brn|[from] brn
|turn|3
|
|switch|p1a: Rotom-Wash|Rotom-Wash|303\/303
|move|p2a: Landorus-Therian|Stealth Rock|p1a: Rotom-Wash
|-sidestart|p1: My Final Bullet|move: Stealth Rock
|
|-heal|p2a: Landorus-Therian|358\/382 brn|[from] item: Leftovers
|-damage|p2a: Landorus-Therian|311\/382 brn|[from] brn
|turn|4
|
|switch|p2a: Latios|Latios, M|301\/301
|move|p1a: Rotom-Wash|Volt Switch|p2a: Latios
|-resisted|p2a: Latios
|-damage|p2a: Latios|260\/301
|
|switch|p1a: Tyranitar|Tyranitar, M|341\/341
|-damage|p1a: Tyranitar|299\/341|[from] Stealth Rock
|-weather|Sandstorm
|
|-weather|Sandstorm|[upkeep]
|-damage|p2a: Latios|242\/301|[from] sandstorm
|turn|5
|
|move|p2a: Latios|Draco Meteor|p1a: Tyranitar|[miss]
|-miss|p2a: Latios|p1a: Tyranitar
|move|p1a: Tyranitar|Stone Edge|p2a: Latios
|-damage|p2a: Latios|22\/301
|
|-weather|Sandstorm|[upkeep]
|-damage|p2a: Latios|4\/301|[from] sandstorm
|turn|6
|
|move|p2a: Latios|Draco Meteor|p1a: Tyranitar
|-damage|p1a: Tyranitar|29\/341
|-unboost|p2a: Latios|spa|2
|move|p1a: Tyranitar|Ice Beam|p2a: Latios
|-supereffective|p2a: Latios
|-damage|p2a: Latios|0 fnt
|faint|p2a: Latios
|
|-weather|Sandstorm|[upkeep]
|
|switch|p2a: Keldeo|Keldeo|323\/323
|turn|7
|
|switch|p1a: Latios|Latios, M|301\/301
|-damage|p1a: Latios|264\/301|[from] Stealth Rock
|move|p2a: Keldeo|Substitute|p2a: Keldeo
|-start|p2a: Keldeo|Substitute
|-damage|p2a: Keldeo|243\/323
|
|-weather|Sandstorm|[upkeep]
|-damage|p1a: Latios|246\/301|[from] sandstorm
|-damage|p2a: Keldeo|223\/323|[from] sandstorm
|-heal|p2a: Keldeo|243\/323|[from] item: Leftovers
|turn|8
|
|switch|p2a: Tyranitar|Tyranitar, F|403\/403
|move|p1a: Latios|Thunderbolt|p2a: Tyranitar
|-damage|p2a: Tyranitar|356\/403
|-damage|p1a: Latios|216\/301|[from] item: Life Orb
|
|-weather|Sandstorm|[upkeep]
|-damage|p1a: Latios|198\/301|[from] sandstorm
|turn|9
|
|move|p1a: Latios|Defog|p2a: Tyranitar
|-unboost|p2a: Tyranitar|evasion|1
|-sideend|p1: My Final Bullet|Stealth Rock|[from] move: Defog|[of] p1a: Latios
|move|p2a: Tyranitar|Pursuit|p1a: Latios
|-supereffective|p1a: Latios
|-damage|p1a: Latios|36\/301
|
|-weather|Sandstorm|[upkeep]
|-damage|p1a: Latios|18\/301|[from] sandstorm
|turn|10
|
|move|p1a: Latios|Roost|p1a: Latios
|-heal|p1a: Latios|169\/301
|move|p2a: Tyranitar|Pursuit|p1a: Latios
|-supereffective|p1a: Latios
|-damage|p1a: Latios|11\/301
|
|-weather|Sandstorm|[upkeep]
|-damage|p1a: Latios|0 fnt|[from] sandstorm
|faint|p1a: Latios
|
|switch|p1a: Tyranitar|Tyranitar, M|29\/341
|turn|11
|
|move|p1a: Tyranitar|Stealth Rock|p2a: Tyranitar
|-sidestart|p2: Apedingo|move: Stealth Rock
|move|p2a: Tyranitar|Crunch|p1a: Tyranitar
|-resisted|p1a: Tyranitar
|-damage|p1a: Tyranitar|0 fnt
|faint|p1a: Tyranitar
|
|-weather|none
|
|switch|p1a: Heracross|Heracross, F|301\/301
|turn|12
|
|switch|p2a: Landorus-Therian|Landorus-Therian, M|311\/382 brn
|-damage|p2a: Landorus-Therian|264\/382 brn|[from] Stealth Rock
|-ability|p2a: Landorus-Therian|Intimidate|[of] p1a: Heracross
|-unboost|p1a: Heracross|atk|1
|detailschange|p1a: Heracross|Heracross-Mega, F
|message|Heracross has Mega Evolved into Mega Heracross!
|move|p1a: Heracross|Swords Dance|p1a: Heracross
|-boost|p1a: Heracross|atk|2
|
|-heal|p2a: Landorus-Therian|287\/382 brn|[from] item: Leftovers
|-damage|p2a: Landorus-Therian|240\/382 brn|[from] brn
|turn|13
|
|move|p1a: Heracross|Rock Blast|p2a: Landorus-Therian
|-damage|p2a: Landorus-Therian|194\/382 brn
|-damage|p2a: Landorus-Therian|149\/382 brn
|-damage|p2a: Landorus-Therian|103\/382 brn
|-crit|p2a: Landorus-Therian
|-damage|p2a: Landorus-Therian|32\/382 brn
|-damage|p2a: Landorus-Therian|0 fnt
|-hitcount|p2a: Landorus-Therian|5
|faint|p2a: Landorus-Therian
|
|
|switch|p2a: Gardevoir|Gardevoir-Mega, M|278\/278
|-damage|p2a: Gardevoir|244\/278|[from] Stealth Rock
|turn|14
|
|move|p2a: Gardevoir|Psychic|p1a: Heracross
|-crit|p1a: Heracross
|-supereffective|p1a: Heracross
|-damage|p1a: Heracross|0 fnt
|faint|p1a: Heracross
|
|
|switch|p1a: Talonflame|Talonflame, F|282\/359
|turn|15
|
|switch|p2a: Tyranitar|Tyranitar, F|356\/403
|-damage|p2a: Tyranitar|306\/403|[from] Stealth Rock
|-weather|Sandstorm
|move|p1a: Talonflame|Bulk Up|p1a: Talonflame
|-boost|p1a: Talonflame|atk|1
|-boost|p1a: Talonflame|def|1
|
|-weather|Sandstorm|[upkeep]
|-damage|p1a: Talonflame|260\/359|[from] sandstorm
|-heal|p1a: Talonflame|282\/359|[from] item: Leftovers
|turn|16
|
|move|p1a: Talonflame|Will-O-Wisp|p2a: Tyranitar
|-status|p2a: Tyranitar|brn
|move|p2a: Tyranitar|Crunch|p1a: Talonflame
|-damage|p1a: Talonflame|231\/359
|
|-weather|Sandstorm|[upkeep]
|-damage|p1a: Talonflame|209\/359|[from] sandstorm
|-heal|p1a: Talonflame|231\/359|[from] item: Leftovers
|-damage|p2a: Tyranitar|256\/403 brn|[from] brn
|turn|17
|
|move|p1a: Talonflame|Roost|p1a: Talonflame
|-heal|p1a: Talonflame|359\/359
|move|p2a: Tyranitar|Ice Beam|p1a: Talonflame
|-resisted|p1a: Talonflame
|-damage|p1a: Talonflame|327\/359
|
|-weather|Sandstorm|[upkeep]
|-damage|p1a: Talonflame|305\/359|[from] sandstorm
|-heal|p1a: Talonflame|327\/359|[from] item: Leftovers
|-damage|p2a: Tyranitar|206\/403 brn|[from] brn
|turn|18
|
|move|p1a: Talonflame|Bulk Up|p1a: Talonflame
|-boost|p1a: Talonflame|atk|1
|-boost|p1a: Talonflame|def|1
|move|p2a: Tyranitar|Crunch|p1a: Talonflame
|-damage|p1a: Talonflame|284\/359
|
|-weather|Sandstorm|[upkeep]
|-damage|p1a: Talonflame|262\/359|[from] sandstorm
|-heal|p1a: Talonflame|284\/359|[from] item: Leftovers
|-damage|p2a: Tyranitar|156\/403 brn|[from] brn
|turn|19
|
|move|p1a: Talonflame|Roost|p1a: Talonflame
|-heal|p1a: Talonflame|359\/359
|move|p2a: Tyranitar|Crunch|p1a: Talonflame
|-damage|p1a: Talonflame|316\/359
|
|-weather|none
|-heal|p1a: Talonflame|338\/359|[from] item: Leftovers
|-damage|p2a: Tyranitar|106\/403 brn|[from] brn
|turn|20
|
|move|p1a: Talonflame|Brave Bird|p2a: Tyranitar
|-resisted|p2a: Tyranitar
|-damage|p2a: Tyranitar|0 fnt
|-damage|p1a: Talonflame|303\/359|[from] recoil|[of] p2a: Tyranitar
|faint|p2a: Tyranitar
|
|-heal|p1a: Talonflame|325\/359|[from] item: Leftovers
|
|switch|p2a: Magnezone|Magnezone|281\/281
|-damage|p2a: Magnezone|264\/281|[from] Stealth Rock
|turn|21
|
|switch|p1a: Excadrill|Excadrill, M|362\/362
|-item|p1a: Excadrill|Air Balloon
|move|p2a: Magnezone|Thunderbolt|p1a: Excadrill
|-immune|p1a: Excadrill|[msg]
|
|turn|22
|
|switch|p2a: Keldeo|Keldeo|243\/323
|-damage|p2a: Keldeo|223\/323|[from] Stealth Rock
|move|p1a: Excadrill|Earthquake|p2a: Keldeo
|-damage|p2a: Keldeo|27\/323
|
|-heal|p2a: Keldeo|47\/323|[from] item: Leftovers
|turn|23
|
|switch|p1a: Rotom-Wash|Rotom-Wash|303\/303
|move|p2a: Keldeo|Secret Sword|p1a: Rotom-Wash
|-damage|p1a: Rotom-Wash|201\/303
|
|-heal|p2a: Keldeo|67\/323|[from] item: Leftovers
|-heal|p1a: Rotom-Wash|219\/303|[from] item: Leftovers
|turn|24
|
|move|p2a: Keldeo|Secret Sword|p1a: Rotom-Wash
|-damage|p1a: Rotom-Wash|102\/303
|move|p1a: Rotom-Wash|Volt Switch|p2a: Keldeo
|-supereffective|p2a: Keldeo
|-damage|p2a: Keldeo|0 fnt
|faint|p2a: Keldeo
|
|switch|p1a: Talonflame|Talonflame, F|325\/359
|
|-heal|p1a: Talonflame|347\/359|[from] item: Leftovers
|
|switch|p2a: Magnezone|Magnezone|264\/281
|-damage|p2a: Magnezone|247\/281|[from] Stealth Rock
|turn|25
|
|switch|p1a: Rotom-Wash|Rotom-Wash|102\/303
|move|p2a: Magnezone|Hidden Power|p1a: Rotom-Wash
|-resisted|p1a: Rotom-Wash
|-damage|p1a: Rotom-Wash|69\/303
|
|-heal|p1a: Rotom-Wash|87\/303|[from] item: Leftovers
|turn|26
|
|switch|p2a: Gardevoir|Gardevoir-Mega, M|244\/278
|-damage|p2a: Gardevoir|210\/278|[from] Stealth Rock
|move|p1a: Rotom-Wash|Will-O-Wisp|p2a: Gardevoir
|-status|p2a: Gardevoir|brn
|
|-heal|p1a: Rotom-Wash|105\/303|[from] item: Leftovers
|-damage|p2a: Gardevoir|176\/278 brn|[from] brn
|turn|27
|
|switch|p1a: Talonflame|Talonflame, F|347\/359
|move|p2a: Gardevoir|Psychic|p1a: Talonflame
|-damage|p1a: Talonflame|179\/359
|
|-heal|p1a: Talonflame|201\/359|[from] item: Leftovers
|-damage|p2a: Gardevoir|142\/278 brn|[from] brn
|turn|28
|
|move|p2a: Gardevoir|Psychic|p1a: Talonflame
|-damage|p1a: Talonflame|41\/359
|move|p1a: Talonflame|Will-O-Wisp|p2a: Gardevoir
|-fail|p2a: Gardevoir|brn
|
|-heal|p1a: Talonflame|63\/359|[from] item: Leftovers
|-damage|p2a: Gardevoir|108\/278 brn|[from] brn
|turn|29
|
|move|p1a: Talonflame|Roost|p1a: Talonflame
|-heal|p1a: Talonflame|243\/359
|move|p2a: Gardevoir|Hyper Voice|p1a: Talonflame
|-resisted|p1a: Talonflame
|-damage|p1a: Talonflame|132\/359
|
|-heal|p1a: Talonflame|154\/359|[from] item: Leftovers
|-damage|p2a: Gardevoir|74\/278 brn|[from] brn
|turn|30
|
|move|p1a: Talonflame|Brave Bird|p2a: Gardevoir
|-damage|p2a: Gardevoir|0 fnt
|-damage|p1a: Talonflame|130\/359|[from] recoil|[of] p2a: Gardevoir
|faint|p2a: Gardevoir
|
|-heal|p1a: Talonflame|152\/359|[from] item: Leftovers
|
|switch|p2a: Magnezone|Magnezone|247\/281
|-damage|p2a: Magnezone|230\/281|[from] Stealth Rock
|turn|31
|
|move|p2a: Magnezone|Tri Attack|p1a: Talonflame
|-damage|p1a: Talonflame|63\/359
|move|p1a: Talonflame|Will-O-Wisp|p2a: Magnezone|[miss]
|-miss|p1a: Talonflame|p2a: Magnezone
|
|-heal|p1a: Talonflame|85\/359|[from] item: Leftovers
|turn|32
|
|move|p1a: Talonflame|Roost|p1a: Talonflame
|-heal|p1a: Talonflame|265\/359
|move|p2a: Magnezone|Tri Attack|p1a: Talonflame
|-damage|p1a: Talonflame|184\/359
|
|-heal|p1a: Talonflame|206\/359|[from] item: Leftovers
|turn|33
|
|move|p2a: Magnezone|Tri Attack|p1a: Talonflame
|-damage|p1a: Talonflame|124\/359
|move|p1a: Talonflame|Will-O-Wisp|p2a: Magnezone
|-status|p2a: Magnezone|brn
|
|-heal|p1a: Talonflame|146\/359|[from] item: Leftovers
|-damage|p2a: Magnezone|195\/281 brn|[from] brn
|turn|34
|
|move|p1a: Talonflame|Brave Bird|p2a: Magnezone
|-resisted|p2a: Magnezone
|-damage|p2a: Magnezone|168\/281 brn
|-damage|p1a: Talonflame|137\/359|[from] recoil|[of] p2a: Magnezone
|move|p2a: Magnezone|Tri Attack|p1a: Talonflame
|-damage|p1a: Talonflame|50\/359
|
|-heal|p1a: Talonflame|72\/359|[from] item: Leftovers
|-damage|p2a: Magnezone|133\/281 brn|[from] brn
|turn|35
|
|move|p1a: Talonflame|Roost|p1a: Talonflame
|-heal|p1a: Talonflame|252\/359
|move|p2a: Magnezone|Tri Attack|p1a: Talonflame
|-damage|p1a: Talonflame|171\/359
|
|-heal|p1a: Talonflame|193\/359|[from] item: Leftovers
|-damage|p2a: Magnezone|98\/281 brn|[from] brn
|turn|36
|
|move|p1a: Talonflame|Roost|p1a: Talonflame
|-heal|p1a: Talonflame|359\/359
|move|p2a: Magnezone|Tri Attack|p1a: Talonflame
|-damage|p1a: Talonflame|272\/359
|
|-heal|p1a: Talonflame|294\/359|[from] item: Leftovers
|-damage|p2a: Magnezone|63\/281 brn|[from] brn
|turn|37
|chat|My Final Bullet|gg
|
|move|p1a: Talonflame|Brave Bird|p2a: Magnezone
|-resisted|p2a: Magnezone
|-damage|p2a: Magnezone|38\/281 brn
|-damage|p1a: Talonflame|286\/359|[from] recoil|[of] p2a: Magnezone
|move|p2a: Magnezone|Tri Attack|p1a: Talonflame
|-damage|p1a: Talonflame|193\/359
|-status|p1a: Talonflame|frz
|
|-heal|p1a: Talonflame|215\/359 frz|[from] item: Leftovers
|-damage|p2a: Magnezone|3\/281 brn|[from] brn
|turn|38
|
|cant|p1a: Talonflame|frz
|move|p2a: Magnezone|Tri Attack|p1a: Talonflame
|-damage|p1a: Talonflame|132\/359 frz
|
|-heal|p1a: Talonflame|154\/359 frz|[from] item: Leftovers
|-damage|p2a: Magnezone|0 fnt|[from] brn
|faint|p2a: Magnezone
|
|win|My Final Bullet
|raw|Ladder updating...
|raw|My Final Bullet's rating: 1735 &rarr; <strong>1756<\/strong><br \/>(+21 for winning)
|raw|Apedingo's rating: 1753 &rarr; <strong>1732<\/strong><br \/>(-21 for losing)
|leave|Apedingo
|player|p2