|join|Apedingo
|join|lil manaphy
|player|p1|Apedingo|242
|player|p2|lil manaphy|37
|gametype|singles
|gen|6
|tier|OU
|rated
|clearpoke
|poke|p1|Landorus-Therian, M
|poke|p1|Gardevoir, F
|poke|p1|Keldeo
|poke|p1|Latios, M
|poke|p1|Tyranitar, M
|poke|p1|Magnezone
|poke|p2|Gardevoir, F, shiny
|poke|p2|Mandibuzz, F
|poke|p2|Amoonguss, F
|poke|p2|Chansey, F
|poke|p2|Keldeo
|poke|p2|Landorus-Therian, M
|rule|Swagger Clause: Swagger is banned
|rule|Baton Pass Clause: Limit one PokÃ©mon knowing Baton Pass
|rule|Sleep Clause Mod: Limit one foe put to sleep
|rule|Species Clause: Limit one of each PokÃ©mon
|rule|OHKO Clause: OHKO moves are banned
|rule|Moody Clause: Moody is banned
|rule|Evasion Moves Clause: Evasion moves are banned
|rule|Endless Battle Clause: Forcing endless battles is banned
|rule|HP Percentage Mod: HP is shown in percentages
|teampreview
|
|start
|switch|p1a: Latios|Latios, M|301\/301
|switch|p2a: where lopunny|Gardevoir, F, shiny|277\/277
|-ability|p2a: where lopunny|Levitate|[from] ability: Trace|[of] p1a: Latios
|turn|1
|
|switch|p1a: Tyranitar|Tyranitar, M|403\/403
|-weather|Sandstorm
|detailschange|p2a: where lopunny|Gardevoir-Mega, F, shiny
|message|Gardevoir has Mega Evolved into Mega Gardevoir!
|move|p2a: where lopunny|Hyper Voice|p1a: Tyranitar
|-supereffective|p1a: Tyranitar
|-damage|p1a: Tyranitar|253\/403
|
|-weather|Sandstorm|[upkeep]
|-damage|p2a: where lopunny|260\/277|[from] sandstorm
|turn|2
|
|switch|p2a: boring|Keldeo|323\/323
|move|p1a: Tyranitar|Crunch|p2a: boring
|-resisted|p2a: boring
|-damage|p2a: boring|255\/323
|-boost|p2a: boring|atk|1|[from] ability: Justified
|
|-weather|Sandstorm|[upkeep]
|-damage|p2a: boring|235\/323|[from] sandstorm
|-heal|p2a: boring|255\/323|[from] item: Leftovers
|turn|3
|
|switch|p1a: Latios|Latios, M|301\/301
|move|p2a: boring|Secret Sword|p1a: Latios
|-resisted|p1a: Latios
|-damage|p1a: Latios|204\/301
|
|-weather|Sandstorm|[upkeep]
|-damage|p1a: Latios|186\/301|[from] sandstorm
|-damage|p2a: boring|235\/323|[from] sandstorm
|-heal|p2a: boring|255\/323|[from] item: Leftovers
|turn|4
|
|switch|p2a: still cool|Amoonguss, F|432\/432
|move|p1a: Latios|Draco Meteor|p2a: still cool
|-damage|p2a: still cool|50\/432
|-unboost|p1a: Latios|spa|2
|
|-weather|Sandstorm|[upkeep]
|-damage|p1a: Latios|168\/301|[from] sandstorm
|-damage|p2a: still cool|23\/432|[from] sandstorm
|-heal|p2a: still cool|50\/432|[from] item: Black Sludge
|turn|5
|
|switch|p1a: Tyranitar|Tyranitar, M|253\/403
|switch|p2a: where lopunny|Gardevoir-Mega, F, shiny|260\/277
|
|-weather|none
|turn|6
|
|move|p2a: where lopunny|Hyper Voice|p1a: Tyranitar
|-supereffective|p1a: Tyranitar
|-damage|p1a: Tyranitar|25\/403
|move|p1a: Tyranitar|Pursuit|p2a: where lopunny
|-damage|p2a: where lopunny|167\/277
|
|turn|7
|
|move|p2a: where lopunny|Hyper Voice|p1a: Tyranitar
|-supereffective|p1a: Tyranitar
|-damage|p1a: Tyranitar|0 fnt
|faint|p1a: Tyranitar
|
|
|switch|p1a: Magnezone|Magnezone|281\/281
|turn|8
|
|switch|p2a: still cool|Amoonguss, F|194\/432
|move|p1a: Magnezone|Volt Switch|p2a: still cool
|-resisted|p2a: still cool
|-damage|p2a: still cool|117\/432
|
|switch|p1a: Gardevoir|Gardevoir, F|278\/278
|
|-heal|p2a: still cool|144\/432|[from] item: Black Sludge
|turn|9
|
|switch|p2a: outdated kinda|Chansey, F|704\/704
|detailschange|p1a: Gardevoir|Gardevoir-Mega, F
|message|Gardevoir has Mega Evolved into Mega Gardevoir!
|move|p1a: Gardevoir|Psychic|p2a: outdated kinda
|-damage|p2a: outdated kinda|587\/704
|
|turn|10
|
|switch|p1a: Landorus-Therian|Landorus-Therian, M|382\/382
|-ability|p1a: Landorus-Therian|Intimidate|[of] p2a: outdated kinda
|-unboost|p2a: outdated kinda|atk|1
|move|p2a: outdated kinda|Seismic Toss|p1a: Landorus-Therian
|-damage|p1a: Landorus-Therian|282\/382
|
|-heal|p1a: Landorus-Therian|305\/382|[from] item: Leftovers
|turn|11
|
|switch|p2a: boring|Keldeo|255\/323
|move|p1a: Landorus-Therian|Stealth Rock|p2a: boring
|-sidestart|p2: lil manaphy|move: Stealth Rock
|
|-heal|p2a: boring|275\/323|[from] item: Leftovers
|-heal|p1a: Landorus-Therian|328\/382|[from] item: Leftovers
|turn|12
|
|switch|p1a: Keldeo|Keldeo|323\/323
|move|p2a: boring|Scald|p1a: Keldeo
|-crit|p1a: Keldeo
|-resisted|p1a: Keldeo
|-damage|p1a: Keldeo|206\/323
|
|-heal|p2a: boring|295\/323|[from] item: Leftovers
|-heal|p1a: Keldeo|226\/323|[from] item: Leftovers
|turn|13
|
|switch|p2a: still cool|Amoonguss, F|288\/432
|-damage|p2a: still cool|234\/432|[from] Stealth Rock
|move|p1a: Keldeo|Secret Sword|p2a: still cool
|-resisted|p2a: still cool
|-damage|p2a: still cool|169\/432
|
|-heal|p1a: Keldeo|246\/323|[from] item: Leftovers
|-heal|p2a: still cool|196\/432|[from] item: Black Sludge
|turn|14
|
|move|p1a: Keldeo|Substitute|p1a: Keldeo
|-start|p1a: Keldeo|Substitute
|-damage|p1a: Keldeo|166\/323
|move|p2a: still cool|Giga Drain|p1a: Keldeo
|-supereffective|p1a: Keldeo
|-end|p1a: Keldeo|Substitute
|-heal|p2a: still cool|236\/432|[from] drain|[of] p1a: Keldeo
|
|-heal|p1a: Keldeo|186\/323|[from] item: Leftovers
|-heal|p2a: still cool|263\/432|[from] item: Black Sludge
|turn|15
|
|switch|p1a: Latios|Latios, M|168\/301
|move|p2a: still cool|Spore|p1a: Latios
|-status|p1a: Latios|slp
|
|-heal|p2a: still cool|290\/432|[from] item: Black Sludge
|turn|16
|
|switch|p1a: Landorus-Therian|Landorus-Therian, M|328\/382
|-ability|p1a: Landorus-Therian|Intimidate|[of] p2a: still cool
|-unboost|p2a: still cool|atk|1
|switch|p2a: outdated kinda|Chansey, F|587\/704
|-damage|p2a: outdated kinda|499\/704|[from] Stealth Rock
|
|-heal|p1a: Landorus-Therian|351\/382|[from] item: Leftovers
|turn|17
|
|switch|p2a: whatever|Landorus-Therian, M|382\/382
|-damage|p2a: whatever|335\/382|[from] Stealth Rock
|-ability|p2a: whatever|Intimidate|[of] p1a: Landorus-Therian
|-unboost|p1a: Landorus-Therian|atk|1
|move|p1a: Landorus-Therian|U-turn|p2a: whatever
|-resisted|p2a: whatever
|-damage|p2a: whatever|314\/382
|
|switch|p1a: Keldeo|Keldeo|186\/323
|
|-heal|p1a: Keldeo|206\/323|[from] item: Leftovers
|-heal|p2a: whatever|337\/382|[from] item: Leftovers
|turn|18
|
|switch|p1a: Landorus-Therian|Landorus-Therian, M|351\/382
|-ability|p1a: Landorus-Therian|Intimidate|[of] p2a: whatever
|-unboost|p2a: whatever|atk|1
|switch|p2a: still cool|Amoonguss, F|432\/432
|-damage|p2a: still cool|378\/432|[from] Stealth Rock
|
|-heal|p1a: Landorus-Therian|374\/382|[from] item: Leftovers
|-heal|p2a: still cool|405\/432|[from] item: Black Sludge
|turn|19
|
|move|p1a: Landorus-Therian|Earthquake|p2a: still cool
|-damage|p2a: still cool|246\/432
|move|p2a: still cool|Giga Drain|p1a: Landorus-Therian
|-damage|p1a: Landorus-Therian|275\/382
|-heal|p2a: still cool|296\/432|[from] drain|[of] p1a: Landorus-Therian
|
|-heal|p1a: Landorus-Therian|298\/382|[from] item: Leftovers
|-heal|p2a: still cool|323\/432|[from] item: Black Sludge
|turn|20
|
|move|p1a: Landorus-Therian|Hidden Power|p2a: still cool
|-supereffective|p2a: still cool
|-damage|p2a: still cool|211\/432
|move|p2a: still cool|Giga Drain|p1a: Landorus-Therian
|-damage|p1a: Landorus-Therian|187\/382
|-heal|p2a: still cool|267\/432|[from] drain|[of] p1a: Landorus-Therian
|
|-heal|p1a: Landorus-Therian|210\/382|[from] item: Leftovers
|-heal|p2a: still cool|294\/432|[from] item: Black Sludge
|turn|21
|
|move|p1a: Landorus-Therian|Earthquake|p2a: still cool
|-damage|p2a: still cool|138\/432
|move|p2a: still cool|Giga Drain|p1a: Landorus-Therian
|-crit|p1a: Landorus-Therian
|-damage|p1a: Landorus-Therian|63\/382
|-heal|p2a: still cool|212\/432|[from] drain|[of] p1a: Landorus-Therian
|
|-heal|p1a: Landorus-Therian|86\/382|[from] item: Leftovers
|-heal|p2a: still cool|239\/432|[from] item: Black Sludge
|turn|22
|
|move|p1a: Landorus-Therian|U-turn|p2a: still cool
|-damage|p2a: still cool|166\/432
|
|switch|p1a: Magnezone|Magnezone|281\/281
|move|p2a: still cool|Giga Drain|p1a: Magnezone
|-resisted|p1a: Magnezone
|-damage|p1a: Magnezone|240\/281
|-heal|p2a: still cool|187\/432|[from] drain|[of] p1a: Magnezone
|
|-heal|p2a: still cool|214\/432|[from] item: Black Sludge
|turn|23
|
|switch|p2a: whatever|Landorus-Therian, M|337\/382
|-damage|p2a: whatever|290\/382|[from] Stealth Rock
|-ability|p2a: whatever|Intimidate|[of] p1a: Magnezone
|-unboost|p1a: Magnezone|atk|1
|move|p1a: Magnezone|Volt Switch|p2a: whatever
|-immune|p2a: whatever|[msg]
|
|-heal|p2a: whatever|313\/382|[from] item: Leftovers
|turn|24
|
|switch|p1a: Landorus-Therian|Landorus-Therian, M|86\/382
|-ability|p1a: Landorus-Therian|Intimidate|[of] p2a: whatever
|-unboost|p2a: whatever|atk|1
|move|p2a: whatever|Earthquake|p1a: Landorus-Therian
|-immune|p1a: Landorus-Therian|[msg]
|
|-heal|p1a: Landorus-Therian|109\/382|[from] item: Leftovers
|-heal|p2a: whatever|336\/382|[from] item: Leftovers
|turn|25
|join|Funnelby
|
|move|p1a: Landorus-Therian|Hidden Power|p2a: whatever
|-supereffective|p2a: whatever
|-damage|p2a: whatever|80\/382
|move|p2a: whatever|Stealth Rock|p1a: Landorus-Therian
|-sidestart|p1: Apedingo|move: Stealth Rock
|
|-heal|p2a: whatever|103\/382|[from] item: Leftovers
|-heal|p1a: Landorus-Therian|132\/382|[from] item: Leftovers
|turn|26
|join|12thRed
|
|move|p2a: whatever|U-turn|p1a: Landorus-Therian
|-resisted|p1a: Landorus-Therian
|-damage|p1a: Landorus-Therian|112\/382
|
|switch|p2a: boring|Keldeo|295\/323
|-damage|p2a: boring|275\/323|[from] Stealth Rock
|move|p1a: Landorus-Therian|U-turn|p2a: boring
|-crit|p2a: boring
|-resisted|p2a: boring
|-damage|p2a: boring|217\/323
|
|switch|p1a: Magnezone|Magnezone|240\/281
|-damage|p1a: Magnezone|223\/281|[from] Stealth Rock
|
|-heal|p2a: boring|237\/323|[from] item: Leftovers
|turn|27
|join|No BP Plz
|join|plz ban the ghost
|join|Omegasization
|
|switch|p2a: outdated kinda|Chansey, F|499\/704
|-damage|p2a: outdated kinda|411\/704|[from] Stealth Rock
|move|p1a: Magnezone|Flash Cannon|p2a: outdated kinda
|-damage|p2a: outdated kinda|314\/704
|
|turn|28
|
|switch|p1a: Landorus-Therian|Landorus-Therian, M|112\/382
|-damage|p1a: Landorus-Therian|65\/382|[from] Stealth Rock
|-ability|p1a: Landorus-Therian|Intimidate|[of] p2a: outdated kinda
|-unboost|p2a: outdated kinda|atk|1
|move|p2a: outdated kinda|Soft-Boiled|p2a: outdated kinda
|-heal|p2a: outdated kinda|666\/704
|
|-heal|p1a: Landorus-Therian|88\/382|[from] item: Leftovers
|turn|29
|chat|Omegasization|damn that team is old
|join|loyal shot
|chat|lil manaphy|ikr
|
|switch|p2a: boring|Keldeo|237\/323
|-damage|p2a: boring|217\/323|[from] Stealth Rock
|move|p1a: Landorus-Therian|Earthquake|p2a: boring
|-damage|p2a: boring|43\/323
|
|-heal|p2a: boring|63\/323|[from] item: Leftovers
|-heal|p1a: Landorus-Therian|111\/382|[from] item: Leftovers
|turn|30
|
|move|p2a: boring|Scald|p1a: Landorus-Therian
|-supereffective|p1a: Landorus-Therian
|-damage|p1a: Landorus-Therian|0 fnt
|faint|p1a: Landorus-Therian
|
|-heal|p2a: boring|83\/323|[from] item: Leftovers
|chat|lil manaphy|hence the nicknames
|
|switch|p1a: Magnezone|Magnezone|223\/281
|-damage|p1a: Magnezone|206\/281|[from] Stealth Rock
|turn|31
|chat|lil manaphy|im just not bothering making a team until lopunny gets her mega though
|
|move|p1a: Magnezone|Volt Switch|p2a: boring
|-supereffective|p2a: boring
|-damage|p2a: boring|0 fnt
|faint|p2a: boring
|
|switch|p1a: Keldeo|Keldeo|206\/323
|-damage|p1a: Keldeo|186\/323|[from] Stealth Rock
|
|-heal|p1a: Keldeo|206\/323|[from] item: Leftovers
|
|switch|p2a: still cool|Amoonguss, F|358\/432
|-damage|p2a: still cool|304\/432|[from] Stealth Rock
|turn|32
|
|switch|p1a: Magnezone|Magnezone|206\/281
|-damage|p1a: Magnezone|189\/281|[from] Stealth Rock
|move|p2a: still cool|Giga Drain|p1a: Magnezone
|-resisted|p1a: Magnezone
|-damage|p1a: Magnezone|150\/281
|-heal|p2a: still cool|324\/432|[from] drain|[of] p1a: Magnezone
|
|-heal|p2a: still cool|351\/432|[from] item: Black Sludge
|turn|33
|
|move|p1a: Magnezone|Flash Cannon|p2a: still cool
|-damage|p2a: still cool|177\/432
|move|p2a: still cool|Hidden Power|p1a: Magnezone
|-supereffective|p1a: Magnezone
|-damage|p1a: Magnezone|62\/281
|
|-heal|p2a: still cool|204\/432|[from] item: Black Sludge
|turn|34
|join|G123Rocks
|
|switch|p1a: Keldeo|Keldeo|206\/323
|-damage|p1a: Keldeo|186\/323|[from] Stealth Rock
|switch|p2a: outdated kinda|Chansey, F|666\/704
|-damage|p2a: outdated kinda|578\/704|[from] Stealth Rock
|
|-heal|p1a: Keldeo|206\/323|[from] item: Leftovers
|turn|35
|join|Primetime Shine
|leave|Primetime Shine
|chat|G123Rocks|deam i should go from here
|
|switch|p2a: still cool|Amoonguss, F|348\/432
|-damage|p2a: still cool|294\/432|[from] Stealth Rock
|move|p1a: Keldeo|Secret Sword|p2a: still cool
|-resisted|p2a: still cool
|-damage|p2a: still cool|227\/432
|
|-heal|p1a: Keldeo|226\/323|[from] item: Leftovers
|-heal|p2a: still cool|254\/432|[from] item: Black Sludge
|turn|36
|
|switch|p1a: Latios|Latios, M|168\/301 slp
|-damage|p1a: Latios|131\/301 slp|[from] Stealth Rock
|move|p2a: still cool|Giga Drain|p1a: Latios
|-resisted|p1a: Latios
|-damage|p1a: Latios|98\/301 slp
|-heal|p2a: still cool|271\/432|[from] drain|[of] p1a: Latios
|
|-heal|p2a: still cool|298\/432|[from] item: Black Sludge
|turn|37
|
|switch|p1a: Keldeo|Keldeo|226\/323
|-damage|p1a: Keldeo|206\/323|[from] Stealth Rock
|switch|p2a: outdated|Mandibuzz, F|424\/424
|-damage|p2a: outdated|318\/424|[from] Stealth Rock
|
|-heal|p1a: Keldeo|226\/323|[from] item: Leftovers
|-heal|p2a: outdated|344\/424|[from] item: Leftovers
|turn|38
|
|switch|p2a: still cool|Amoonguss, F|432\/432
|-damage|p2a: still cool|378\/432|[from] Stealth Rock
|move|p1a: Keldeo|Surf|p2a: still cool
|-resisted|p2a: still cool
|-damage|p2a: still cool|290\/432
|
|-heal|p1a: Keldeo|246\/323|[from] item: Leftovers
|-heal|p2a: still cool|317\/432|[from] item: Black Sludge
|turn|39
|join|Ba$ed Goomy
|join|mansek
|
|switch|p1a: Magnezone|Magnezone|62\/281
|-damage|p1a: Magnezone|45\/281|[from] Stealth Rock
|move|p2a: still cool|Giga Drain|p1a: Magnezone
|-resisted|p1a: Magnezone
|-damage|p1a: Magnezone|5\/281
|-heal|p2a: still cool|337\/432|[from] drain|[of] p1a: Magnezone
|
|-heal|p2a: still cool|364\/432|[from] item: Black Sludge
|turn|40
|leave|No BP Plz
|
|move|p1a: Magnezone|Flash Cannon|p2a: still cool
|-damage|p2a: still cool|192\/432
|move|p2a: still cool|Giga Drain|p1a: Magnezone
|-resisted|p1a: Magnezone
|-damage|p1a: Magnezone|0 fnt
|-heal|p2a: still cool|195\/432|[from] drain|[of] p1a: Magnezone
|faint|p1a: Magnezone
|
|-heal|p2a: still cool|222\/432|[from] item: Black Sludge
|
|switch|p1a: Gardevoir|Gardevoir-Mega, F|278\/278
|-damage|p1a: Gardevoir|244\/278|[from] Stealth Rock
|turn|41
|join|Umbra888
|
|switch|p2a: whatever|Landorus-Therian, M|103\/382
|-damage|p2a: whatever|56\/382|[from] Stealth Rock
|-ability|p2a: whatever|Intimidate|[of] p1a: Gardevoir
|-unboost|p1a: Gardevoir|atk|1
|move|p1a: Gardevoir|Calm Mind|p1a: Gardevoir
|-boost|p1a: Gardevoir|spa|1
|-boost|p1a: Gardevoir|spd|1
|
|-heal|p2a: whatever|79\/382|[from] item: Leftovers
|turn|42
|
|move|p1a: Gardevoir|Hyper Voice|p2a: whatever
|-damage|p2a: whatever|0 fnt
|faint|p2a: whatever
|
|leave|mansek
|
|switch|p2a: where lopunny|Gardevoir-Mega, F, shiny|167\/277
|-damage|p2a: where lopunny|133\/277|[from] Stealth Rock
|turn|43
|
|move|p1a: Gardevoir|Hyper Voice|p2a: where lopunny
|-damage|p2a: where lopunny|0 fnt
|faint|p2a: where lopunny
|
|
|switch|p2a: outdated kinda|Chansey, F|578\/704
|-damage|p2a: outdated kinda|490\/704|[from] Stealth Rock
|turn|44
|join|pkmn21
|chat|loyal shot|!
|
|move|p1a: Gardevoir|Hyper Voice|p2a: outdated kinda
|-damage|p2a: outdated kinda|232\/704
|move|p2a: outdated kinda|Wish|p2a: outdated kinda
|
|turn|45
|
|move|p1a: Gardevoir|Calm Mind|p1a: Gardevoir
|-boost|p1a: Gardevoir|spa|1
|-boost|p1a: Gardevoir|spd|1
|move|p2a: outdated kinda|Seismic Toss|p1a: Gardevoir
|-damage|p1a: Gardevoir|144\/278
|
|-heal|p2a: outdated kinda|584\/704|[from] move: Wish|[wisher] outdated kinda
|turn|46
|chat|loyal shot|oml
|chat|loyal shot|nice choke
|
|move|p1a: Gardevoir|Hyper Voice|p2a: outdated kinda
|-damage|p2a: outdated kinda|293\/704
|move|p2a: outdated kinda|Seismic Toss|p1a: Gardevoir
|-damage|p1a: Gardevoir|44\/278
|
|turn|47
|
|move|p1a: Gardevoir|Hyper Voice|p2a: outdated kinda
|-damage|p2a: outdated kinda|0 fnt
|faint|p2a: outdated kinda
|
|chat|Ba$ed Goomy|No psyshock
|-message|lil manaphy forfeited.
|
|win|Apedingo
|raw|Ladder updating...
|leave|lil manaphy
|player|p2
|raw|Apedingo's rating: 1864 &rarr; <strong>1886<\/strong><br \/>(+22 for winning)
|raw|lil manaphy's rating: 1899 &rarr; <strong>1877<\/strong><br \/>(-22 for losing)