|join|Apedingo
|join|LT1A VadeGaming
|player|p1|Apedingo|242
|player|p2|LT1A VadeGaming|290
|gametype|singles
|gen|6
|tier|OU
|rated
|clearpoke
|poke|p1|Landorus-Therian, M
|poke|p1|Gardevoir, F
|poke|p1|Keldeo
|poke|p1|Latios, M
|poke|p1|Tyranitar, F
|poke|p1|Magnezone
|poke|p2|Gyarados, M
|poke|p2|Thundurus, M
|poke|p2|Talonflame, M
|poke|p2|Landorus-Therian, M
|poke|p2|Clefable, F
|poke|p2|Latias, F
|rule|Swagger Clause: Swagger is banned
|rule|Baton Pass Clause: Limit one PokÃ©mon knowing Baton Pass
|rule|Sleep Clause Mod: Limit one foe put to sleep
|rule|Species Clause: Limit one of each PokÃ©mon
|rule|OHKO Clause: OHKO moves are banned
|rule|Moody Clause: Moody is banned
|rule|Evasion Moves Clause: Evasion moves are banned
|rule|Endless Battle Clause: Forcing endless battles is banned
|rule|HP Percentage Mod: HP is shown in percentages
|teampreview
|
|start
|switch|p1a: Magnezone|Magnezone|281\/281
|switch|p2a: Gyarados|Gyarados, M|332\/332
|-ability|p2a: Gyarados|Intimidate|[of] p1a: Magnezone
|-unboost|p1a: Magnezone|atk|1
|turn|1
|
|detailschange|p2a: Gyarados|Gyarados-Mega, M
|message|Gyarados has Mega Evolved into Mega Gyarados!
|-ability|p2a: Gyarados|Mold Breaker
|move|p1a: Magnezone|Flash Cannon|p2a: Gyarados
|-resisted|p2a: Gyarados
|-damage|p2a: Gyarados|273\/332
|move|p2a: Gyarados|Dragon Dance|p2a: Gyarados
|-boost|p2a: Gyarados|atk|1
|-boost|p2a: Gyarados|spe|1
|
|turn|2
|
|switch|p1a: Landorus-Therian|Landorus-Therian, M|382\/382
|-ability|p1a: Landorus-Therian|Intimidate|[of] p2a: Gyarados
|-unboost|p2a: Gyarados|atk|1
|move|p2a: Gyarados|Ice Fang|p1a: Landorus-Therian
|-supereffective|p1a: Landorus-Therian
|-damage|p1a: Landorus-Therian|58\/382
|-status|p1a: Landorus-Therian|frz
|
|-heal|p1a: Landorus-Therian|81\/382 frz|[from] item: Leftovers
|turn|3
|
|switch|p1a: Keldeo|Keldeo|323\/323
|move|p2a: Gyarados|Dragon Dance|p2a: Gyarados
|-boost|p2a: Gyarados|atk|1
|-boost|p2a: Gyarados|spe|1
|
|turn|4
|
|switch|p2a: Clefable|Clefable, F|394\/394
|move|p1a: Keldeo|Secret Sword|p2a: Clefable
|-resisted|p2a: Clefable
|-damage|p2a: Clefable|321\/394
|
|-heal|p2a: Clefable|345\/394|[from] item: Leftovers
|turn|5
|
|switch|p1a: Gardevoir|Gardevoir, F|278\/278
|move|p2a: Clefable|Fire Blast|p1a: Gardevoir
|-damage|p1a: Gardevoir|210\/278
|
|-heal|p2a: Clefable|369\/394|[from] item: Leftovers
|turn|6
|
|detailschange|p1a: Gardevoir|Gardevoir-Mega, F
|message|Gardevoir has Mega Evolved into Mega Gardevoir!
|move|p1a: Gardevoir|Hyper Voice|p2a: Clefable
|-damage|p2a: Clefable|131\/394
|move|p2a: Clefable|Moonblast|p1a: Gardevoir
|-damage|p1a: Gardevoir|132\/278
|
|-heal|p2a: Clefable|155\/394|[from] item: Leftovers
|turn|7
|
|switch|p2a: Talonflame|Talonflame, M|324\/324
|move|p1a: Gardevoir|Hyper Voice|p2a: Talonflame
|-resisted|p2a: Talonflame
|-damage|p2a: Talonflame|144\/324
|
|turn|8
|
|switch|p1a: Landorus-Therian|Landorus-Therian, M|81\/382 frz
|-ability|p1a: Landorus-Therian|Intimidate|[of] p2a: Talonflame
|-unboost|p2a: Talonflame|atk|1
|move|p2a: Talonflame|Flare Blitz|p1a: Landorus-Therian
|-crit|p1a: Landorus-Therian
|-damage|p1a: Landorus-Therian|0 fnt
|-damage|p2a: Talonflame|117\/324|[from] recoil|[of] p1a: Landorus-Therian
|faint|p1a: Landorus-Therian
|
|
|switch|p1a: Tyranitar|Tyranitar, F|403\/403
|-weather|Sandstorm
|turn|9
|
|move|p1a: Tyranitar|Pursuit|p2a: Talonflame|[from]Pursuit
|-damage|p2a: Talonflame|0 fnt
|faint|p2a: Talonflame
|
|-weather|Sandstorm|[upkeep]
|
|switch|p2a: Gyarados|Gyarados-Mega, M|273\/332
|-ability|p2a: Gyarados|Mold Breaker
|turn|10
|
|switch|p1a: Keldeo|Keldeo|323\/323
|move|p2a: Gyarados|Earthquake|p1a: Keldeo
|-damage|p1a: Keldeo|171\/323
|
|-weather|Sandstorm|[upkeep]
|-damage|p1a: Keldeo|151\/323|[from] sandstorm
|-damage|p2a: Gyarados|253\/332|[from] sandstorm
|-heal|p1a: Keldeo|171\/323|[from] item: Leftovers
|turn|11
|
|switch|p2a: Clefable|Clefable, F|155\/394
|move|p1a: Keldeo|Secret Sword|p2a: Clefable
|-resisted|p2a: Clefable
|-damage|p2a: Clefable|84\/394
|
|-weather|Sandstorm|[upkeep]
|-damage|p1a: Keldeo|151\/323|[from] sandstorm
|-heal|p1a: Keldeo|171\/323|[from] item: Leftovers
|-heal|p2a: Clefable|108\/394|[from] item: Leftovers
|turn|12
|
|switch|p1a: Gardevoir|Gardevoir-Mega, F|132\/278
|move|p2a: Clefable|Moonblast|p1a: Gardevoir
|-damage|p1a: Gardevoir|45\/278
|
|-weather|Sandstorm|[upkeep]
|-damage|p1a: Gardevoir|28\/278|[from] sandstorm
|-heal|p2a: Clefable|132\/394|[from] item: Leftovers
|turn|13
|
|move|p1a: Gardevoir|Hyper Voice|p2a: Clefable
|-damage|p2a: Clefable|0 fnt
|faint|p2a: Clefable
|
|-weather|none
|
|switch|p2a: Landorus-Therian|Landorus-Therian, M|320\/320
|-ability|p2a: Landorus-Therian|Intimidate|[of] p1a: Gardevoir
|-unboost|p1a: Gardevoir|atk|1
|turn|14
|
|move|p2a: Landorus-Therian|U-turn|p1a: Gardevoir
|-damage|p1a: Gardevoir|0 fnt
|faint|p1a: Gardevoir
|
|switch|p2a: Latias|Latias, F|319\/319
|
|
|switch|p1a: Tyranitar|Tyranitar, F|403\/403
|-weather|Sandstorm
|turn|15
|
|move|p2a: Latias|Draco Meteor|p1a: Tyranitar
|-damage|p1a: Tyranitar|325\/403
|-unboost|p2a: Latias|spa|2
|-damage|p2a: Latias|288\/319|[from] item: Life Orb
|move|p1a: Tyranitar|Pursuit|p2a: Latias
|-supereffective|p2a: Latias
|-damage|p2a: Latias|160\/319
|
|-weather|Sandstorm|[upkeep]
|-damage|p2a: Latias|141\/319|[from] sandstorm
|turn|16
|
|move|p2a: Latias|Draco Meteor|p1a: Tyranitar
|-damage|p1a: Tyranitar|286\/403
|-unboost|p2a: Latias|spa|2
|-damage|p2a: Latias|110\/319|[from] item: Life Orb
|move|p1a: Tyranitar|Pursuit|p2a: Latias
|-crit|p2a: Latias
|-supereffective|p2a: Latias
|-damage|p2a: Latias|0 fnt
|faint|p2a: Latias
|
|-weather|Sandstorm|[upkeep]
|
|switch|p2a: Gyarados|Gyarados-Mega, M|253\/332
|-ability|p2a: Gyarados|Mold Breaker
|turn|17
|
|switch|p1a: Keldeo|Keldeo|171\/323
|move|p2a: Gyarados|Dragon Dance|p2a: Gyarados
|-boost|p2a: Gyarados|atk|1
|-boost|p2a: Gyarados|spe|1
|
|-weather|Sandstorm|[upkeep]
|-damage|p2a: Gyarados|233\/332|[from] sandstorm
|-damage|p1a: Keldeo|151\/323|[from] sandstorm
|-heal|p1a: Keldeo|171\/323|[from] item: Leftovers
|turn|18
|
|move|p2a: Gyarados|Earthquake|p1a: Keldeo
|-damage|p1a: Keldeo|0 fnt
|faint|p1a: Keldeo
|
|-weather|Sandstorm|[upkeep]
|-damage|p2a: Gyarados|213\/332|[from] sandstorm
|
|switch|p1a: Latios|Latios, M|301\/301
|turn|19
|
|move|p2a: Gyarados|Ice Fang|p1a: Latios
|-supereffective|p1a: Latios
|-damage|p1a: Latios|0 fnt
|faint|p1a: Latios
|
|-weather|none
|c|âLT1A VadeGaming|gg
|
|switch|p1a: Magnezone|Magnezone|281\/281
|turn|20
|
|move|p2a: Gyarados|Earthquake|p1a: Magnezone
|-supereffective|p1a: Magnezone
|-damage|p1a: Magnezone|0 fnt
|faint|p1a: Magnezone
|
|c|âApedingo|gg\
|-message|Apedingo forfeited.
|
|win|LT1A VadeGaming
|raw|Ladder updating...
|leave|Apedingo
|player|p1
|raw|Apedingo's rating: 1694 &rarr; <strong>1671<\/strong><br \/>(-23 for losing)
|raw|LT1A VadeGaming's rating: 1652 &rarr; <strong>1675<\/strong><br \/>(+23 for winning)