|join|Apedingo
|join|Jiban123
|player|p1|Apedingo|242
|player|p2|Jiban123|99
|gametype|singles
|gen|6
|tier|OU
|rated
|clearpoke
|poke|p1|Landorus-Therian, M
|poke|p1|Metagross
|poke|p1|Azumarill, F
|poke|p1|Latios, M
|poke|p1|Tyranitar, M
|poke|p1|Magnezone
|poke|p2|Haxorus, M, shiny
|poke|p2|Blastoise, M
|poke|p2|Arcanine, M
|poke|p2|Talonflame, M
|poke|p2|Lucario, M
|poke|p2|Jolteon, M
|rule|Swagger Clause: Swagger is banned
|rule|Baton Pass Clause: Limit one PokÃ©mon knowing Baton Pass
|rule|Sleep Clause Mod: Limit one foe put to sleep
|rule|Species Clause: Limit one of each PokÃ©mon
|rule|OHKO Clause: OHKO moves are banned
|rule|Moody Clause: Moody is banned
|rule|Evasion Moves Clause: Evasion moves are banned
|rule|Endless Battle Clause: Forcing endless battles is banned
|rule|HP Percentage Mod: HP is shown in percentages
|teampreview
|
|start
|switch|p1a: Go Go Mike|Latios, M|301\/301
|switch|p2a: Arcanine|Arcanine, M|339\/339
|-ability|p2a: Arcanine|Intimidate|[of] p1a: Go Go Mike
|-unboost|p1a: Go Go Mike|atk|1
|turn|1
|
|move|p2a: Arcanine|Extreme Speed|p1a: Go Go Mike
|-damage|p1a: Go Go Mike|157\/301
|-damage|p2a: Arcanine|306\/339|[from] item: Life Orb
|move|p1a: Go Go Mike|Draco Meteor|p2a: Arcanine
|-damage|p2a: Arcanine|0 fnt
|-unboost|p1a: Go Go Mike|spa|2
|faint|p2a: Arcanine
|
|
|switch|p2a: Lucario|Lucario, M|282\/282
|turn|2
|
|switch|p1a: Fluffy Paws|Landorus-Therian, M|382\/382
|-ability|p1a: Fluffy Paws|Intimidate|[of] p2a: Lucario
|-unboost|p2a: Lucario|atk|1
|move|p2a: Lucario|Swords Dance|p2a: Lucario
|-boost|p2a: Lucario|atk|2
|
|turn|3
|
|move|p2a: Lucario|Ice Punch|p1a: Fluffy Paws
|-crit|p1a: Fluffy Paws
|-supereffective|p1a: Fluffy Paws
|-damage|p1a: Fluffy Paws|0 fnt
|faint|p1a: Fluffy Paws
|
|
|switch|p1a: Damn Cute Bunny|Azumarill, F|401\/401
|turn|4
|
|move|p2a: Lucario|Extreme Speed|p1a: Damn Cute Bunny
|-damage|p1a: Damn Cute Bunny|229\/401
|move|p1a: Damn Cute Bunny|Play Rough|p2a: Lucario|[miss]
|-miss|p1a: Damn Cute Bunny|p2a: Lucario
|
|turn|5
|
|move|p2a: Lucario|Extreme Speed|p1a: Damn Cute Bunny
|-damage|p1a: Damn Cute Bunny|66\/401
|move|p1a: Damn Cute Bunny|Play Rough|p2a: Lucario|[miss]
|-miss|p1a: Damn Cute Bunny|p2a: Lucario
|
|turn|6
|
|move|p2a: Lucario|Extreme Speed|p1a: Damn Cute Bunny
|-damage|p1a: Damn Cute Bunny|0 fnt
|faint|p1a: Damn Cute Bunny
|
|
|switch|p1a: AWESOM-O 4000|Metagross|301\/301
|turn|7
|
|detailschange|p1a: AWESOM-O 4000|Metagross-Mega
|message|Metagross has Mega Evolved into Mega Metagross!
|move|p2a: Lucario|Close Combat|p1a: AWESOM-O 4000
|-damage|p1a: AWESOM-O 4000|39\/301
|-unboost|p2a: Lucario|def|1
|-unboost|p2a: Lucario|spd|1
|move|p1a: AWESOM-O 4000|Earthquake|p2a: Lucario
|-supereffective|p2a: Lucario
|-enditem|p2a: Lucario|Focus Sash
|-damage|p2a: Lucario|1\/282
|
|turn|8
|
|move|p1a: AWESOM-O 4000|Earthquake|p2a: Lucario
|-supereffective|p2a: Lucario
|-damage|p2a: Lucario|0 fnt
|faint|p2a: Lucario
|
|
|switch|p2a: Blastoise|Blastoise, M|356\/356
|turn|9
|
|detailschange|p2a: Blastoise|Blastoise-Mega, M
|message|Blastoise has Mega Evolved into Mega Blastoise!
|move|p1a: AWESOM-O 4000|Grass Knot|p2a: Blastoise
|-crit|p2a: Blastoise
|-supereffective|p2a: Blastoise
|-damage|p2a: Blastoise|120\/356
|move|p2a: Blastoise|Scald|p1a: AWESOM-O 4000
|-damage|p1a: AWESOM-O 4000|0 fnt
|faint|p1a: AWESOM-O 4000
|
|
|switch|p1a: Go Go Mike|Latios, M|157\/301
|turn|10
|
|move|p1a: Go Go Mike|Draco Meteor|p2a: Blastoise
|-damage|p2a: Blastoise|0 fnt
|-unboost|p1a: Go Go Mike|spa|2
|faint|p2a: Blastoise
|
|
|switch|p2a: Talonflame|Talonflame, M|309\/309
|turn|11
|
|switch|p1a: Mr. Fancypants|Tyranitar, M|403\/403
|-weather|Sandstorm
|move|p2a: Talonflame|Swords Dance|p2a: Talonflame
|-boost|p2a: Talonflame|atk|2
|
|-weather|Sandstorm|[upkeep]
|-damage|p2a: Talonflame|290\/309|[from] Sandstorm
|turn|12
|
|move|p2a: Talonflame|Flare Blitz|p1a: Mr. Fancypants
|-resisted|p1a: Mr. Fancypants
|-damage|p1a: Mr. Fancypants|252\/403
|-damage|p2a: Talonflame|240\/309|[from] recoil|[of] p1a: Mr. Fancypants
|move|p1a: Mr. Fancypants|Crunch|p2a: Talonflame
|-damage|p2a: Talonflame|68\/309
|
|-weather|Sandstorm|[upkeep]
|-damage|p2a: Talonflame|49\/309|[from] Sandstorm
|turn|13
|
|move|p2a: Talonflame|Flare Blitz|p1a: Mr. Fancypants
|-resisted|p1a: Mr. Fancypants
|-damage|p1a: Mr. Fancypants|90\/403
|-damage|p2a: Talonflame|0 fnt|[from] recoil|[of] p1a: Mr. Fancypants
|faint|p2a: Talonflame
|move|p1a: Mr. Fancypants|Crunch|p2: Talonflame|[notarget]
|-notarget
|
|-weather|Sandstorm|[upkeep]
|
|switch|p2a: Jolteon|Jolteon, M|271\/271
|turn|14
|
|move|p2a: Jolteon|Thunderbolt|p1a: Mr. Fancypants
|-damage|p1a: Mr. Fancypants|42\/403
|move|p1a: Mr. Fancypants|Crunch|p2a: Jolteon
|-damage|p2a: Jolteon|90\/271
|
|-weather|Sandstorm|[upkeep]
|-damage|p2a: Jolteon|74\/271|[from] Sandstorm
|turn|15
|
|move|p2a: Jolteon|Thunderbolt|p1a: Mr. Fancypants
|-damage|p1a: Mr. Fancypants|0 fnt
|faint|p1a: Mr. Fancypants
|
|-weather|none
|
|switch|p1a: Its a trap|Magnezone|281\/281
|turn|16
|
|move|p2a: Jolteon|Shadow Ball|p1a: Its a trap
|-damage|p1a: Its a trap|188\/281
|move|p1a: Its a trap|Flash Cannon|p2a: Jolteon
|-resisted|p2a: Jolteon
|-damage|p2a: Jolteon|6\/271
|
|turn|17
|
|move|p2a: Jolteon|Shadow Ball|p1a: Its a trap
|-damage|p1a: Its a trap|91\/281
|move|p1a: Its a trap|Flash Cannon|p2a: Jolteon
|-resisted|p2a: Jolteon
|-damage|p2a: Jolteon|0 fnt
|faint|p2a: Jolteon
|
|
|switch|p2a: Haxorus|Haxorus, M, shiny|294\/294
|-ability|p2a: Haxorus|Mold Breaker
|turn|18
|
|move|p1a: Its a trap|Flash Cannon|p2a: Haxorus
|-damage|p2a: Haxorus|96\/294
|-unboost|p2a: Haxorus|spd|1
|move|p2a: Haxorus|Dragon Dance|p2a: Haxorus
|-boost|p2a: Haxorus|atk|1
|-boost|p2a: Haxorus|spe|1
|
|turn|19
|
|move|p2a: Haxorus|Earthquake|p1a: Its a trap
|-supereffective|p1a: Its a trap
|-damage|p1a: Its a trap|0 fnt
|faint|p1a: Its a trap
|
|
|switch|p1a: Go Go Mike|Latios, M|157\/301
|turn|20
|
|move|p2a: Haxorus|Dragon Claw|p1a: Go Go Mike
|-supereffective|p1a: Go Go Mike
|-damage|p1a: Go Go Mike|0 fnt
|faint|p1a: Go Go Mike
|
|win|Jiban123
|raw|Ladder updating...
|raw|Apedingo's rating: 1600 &rarr; <strong>1580<\/strong><br \/>(-20 for losing)
|raw|Jiban123's rating: 1589 &rarr; <strong>1610<\/strong><br \/>(+21 for winning)