|join|SunnyR
|join|Apedingo
|player|p1|SunnyR|101
|player|p2|Apedingo|242
|gametype|singles
|gen|6
|tier|OU
|rated
|clearpoke
|poke|p1|Mew
|poke|p1|Ferrothorn, F
|poke|p1|Charizard, M
|poke|p1|Landorus-Therian, M
|poke|p1|Raikou
|poke|p1|Azumarill, F
|poke|p2|Landorus-Therian, M
|poke|p2|Gardevoir, F
|poke|p2|Azumarill, F
|poke|p2|Latios, M
|poke|p2|Tyranitar, M
|poke|p2|Magnezone
|rule|Swagger Clause: Swagger is banned
|rule|Baton Pass Clause: Limit one PokÃ©mon knowing Baton Pass
|rule|Sleep Clause Mod: Limit one foe put to sleep
|rule|Species Clause: Limit one of each PokÃ©mon
|rule|OHKO Clause: OHKO moves are banned
|rule|Moody Clause: Moody is banned
|rule|Evasion Moves Clause: Evasion moves are banned
|rule|Endless Battle Clause: Forcing endless battles is banned
|rule|HP Percentage Mod: HP is shown in percentages
|teampreview
|
|start
|switch|p1a: Landorus-Therian|Landorus-Therian, M|352\/352
|switch|p2a: Fluffy Paws|Landorus-Therian, M|382\/382
|-ability|p1a: Landorus-Therian|Intimidate|[of] p2a: Fluffy Paws
|-unboost|p2a: Fluffy Paws|atk|1
|-ability|p2a: Fluffy Paws|Intimidate|[of] p1a: Landorus-Therian
|-unboost|p1a: Landorus-Therian|atk|1
|turn|1
|join|Mystialized
|
|move|p1a: Landorus-Therian|U-turn|p2a: Fluffy Paws
|-resisted|p2a: Fluffy Paws
|-damage|p2a: Fluffy Paws|361\/382
|
|switch|p1a: Ferrothorn|Ferrothorn, F|352\/352
|move|p2a: Fluffy Paws|Stealth Rock|p1a: Ferrothorn
|-sidestart|p1: SunnyR|move: Stealth Rock
|
|-heal|p2a: Fluffy Paws|382\/382|[from] item: Leftovers
|turn|2
|
|switch|p1a: Mew|Mew|404\/404
|-damage|p1a: Mew|354\/404|[from] Stealth Rock
|move|p2a: Fluffy Paws|U-turn|p1a: Mew
|-supereffective|p1a: Mew
|-damage|p1a: Mew|270\/404
|
|switch|p2a: Gardevoir|Gardevoir, F|277\/277
|
|-heal|p1a: Mew|295\/404|[from] item: Leftovers
|turn|3
|
|detailschange|p2a: Gardevoir|Gardevoir-Mega, F
|message|Gardevoir has Mega Evolved into Mega Gardevoir!
|move|p2a: Gardevoir|Hyper Voice|p1a: Mew
|-damage|p1a: Mew|42\/404
|move|p1a: Mew|Defog|p2a: Gardevoir
|-unboost|p2a: Gardevoir|evasion|1
|-sideend|p1: SunnyR|Stealth Rock|[from] move: Defog|[of] p1a: Mew
|
|-heal|p1a: Mew|67\/404|[from] item: Leftovers
|turn|4
|
|switch|p1a: Raikou|Raikou|321\/321
|-ability|p1a: Raikou|Pressure
|move|p2a: Gardevoir|Hyper Voice|p1a: Raikou
|-damage|p1a: Raikou|146\/321
|
|turn|5
|
|move|p1a: Raikou|Volt Switch|p2a: Gardevoir
|-damage|p2a: Gardevoir|193\/277
|
|switch|p1a: Ferrothorn|Ferrothorn, F|352\/352
|move|p2a: Gardevoir|Hyper Voice|p1a: Ferrothorn
|-resisted|p1a: Ferrothorn
|-damage|p1a: Ferrothorn|256\/352
|
|turn|6
|
|switch|p1a: Landorus-Therian|Landorus-Therian, M|352\/352
|-ability|p1a: Landorus-Therian|Intimidate|[of] p2a: Gardevoir
|-unboost|p2a: Gardevoir|atk|1
|move|p2a: Gardevoir|Focus Blast|p1a: Landorus-Therian
|-resisted|p1a: Landorus-Therian
|-damage|p1a: Landorus-Therian|251\/352
|
|turn|7
|
|switch|p2a: Fluffy Paws|Landorus-Therian, M|382\/382
|-ability|p2a: Fluffy Paws|Intimidate|[of] p1a: Landorus-Therian
|-unboost|p1a: Landorus-Therian|atk|1
|move|p1a: Landorus-Therian|U-turn|p2a: Fluffy Paws
|-resisted|p2a: Fluffy Paws
|-damage|p2a: Fluffy Paws|361\/382
|
|switch|p1a: Azumarill|Azumarill, F|363\/363
|
|-heal|p2a: Fluffy Paws|382\/382|[from] item: Leftovers
|turn|8
|
|move|p2a: Fluffy Paws|U-turn|p1a: Azumarill
|-resisted|p1a: Azumarill
|-damage|p1a: Azumarill|318\/363
|
|switch|p2a: Its a trap!|Magnezone|281\/281
|move|p1a: Azumarill|Waterfall|p2a: Its a trap!
|-damage|p2a: Its a trap!|32\/281
|
|turn|9
|
|switch|p1a: Landorus-Therian|Landorus-Therian, M|251\/352
|-ability|p1a: Landorus-Therian|Intimidate|[of] p2a: Its a trap!
|-unboost|p2a: Its a trap!|atk|1
|move|p2a: Its a trap!|Flash Cannon|p1a: Landorus-Therian
|-damage|p1a: Landorus-Therian|88\/352
|
|turn|10
|
|switch|p2a: Fluffy Paws|Landorus-Therian, M|382\/382
|-ability|p2a: Fluffy Paws|Intimidate|[of] p1a: Landorus-Therian
|-unboost|p1a: Landorus-Therian|atk|1
|move|p1a: Landorus-Therian|U-turn|p2a: Fluffy Paws
|-resisted|p2a: Fluffy Paws
|-damage|p2a: Fluffy Paws|359\/382
|
|switch|p1a: Azumarill|Azumarill, F|318\/363
|
|-heal|p2a: Fluffy Paws|382\/382|[from] item: Leftovers
|turn|11
|
|switch|p2a: Its a trap!|Magnezone|32\/281
|move|p1a: Azumarill|Aqua Jet|p2a: Its a trap!
|-damage|p2a: Its a trap!|0 fnt
|faint|p2a: Its a trap!
|
|
|switch|p2a: Damn Cute Bunny|Azumarill, F|401\/401
|turn|12
|
|switch|p1a: Ferrothorn|Ferrothorn, F|256\/352
|switch|p2a: Fluffy Paws|Landorus-Therian, M|382\/382
|-ability|p2a: Fluffy Paws|Intimidate|[of] p1a: Ferrothorn
|-unboost|p1a: Ferrothorn|atk|1
|
|turn|13
|
|move|p2a: Fluffy Paws|Stealth Rock|p1a: Ferrothorn
|-sidestart|p1: SunnyR|move: Stealth Rock
|move|p1a: Ferrothorn|Stealth Rock|p2a: Fluffy Paws
|-sidestart|p2: Apedingo|move: Stealth Rock
|
|turn|14
|
|move|p2a: Fluffy Paws|Earthquake|p1a: Ferrothorn
|-damage|p1a: Ferrothorn|154\/352
|move|p1a: Ferrothorn|Leech Seed|p2a: Fluffy Paws
|-start|p2a: Fluffy Paws|move: Leech Seed
|
|-damage|p2a: Fluffy Paws|335\/382|[from] Leech Seed|[of] p1a: Ferrothorn
|-heal|p1a: Ferrothorn|201\/352|[silent]
|turn|15
|
|switch|p2a: Gardevoir|Gardevoir-Mega, F|193\/277
|-damage|p2a: Gardevoir|159\/277|[from] Stealth Rock
|move|p1a: Ferrothorn|Leech Seed|p2a: Gardevoir
|-start|p2a: Gardevoir|move: Leech Seed
|
|-damage|p2a: Gardevoir|125\/277|[from] Leech Seed|[of] p1a: Ferrothorn
|-heal|p1a: Ferrothorn|235\/352|[silent]
|turn|16
|
|move|p2a: Gardevoir|Focus Blast|p1a: Ferrothorn
|-supereffective|p1a: Ferrothorn
|-damage|p1a: Ferrothorn|0 fnt
|faint|p1a: Ferrothorn
|
|
|switch|p1a: Azumarill|Azumarill, F|318\/363
|-damage|p1a: Azumarill|273\/363|[from] Stealth Rock
|turn|17
|
|move|p2a: Gardevoir|Hyper Voice|p1a: Azumarill
|-damage|p1a: Azumarill|0 fnt
|faint|p1a: Azumarill
|
|c|âSunnyR|shit
|c|âSunnyR|lol
|
|switch|p1a: Landorus-Therian|Landorus-Therian, M|88\/352
|-damage|p1a: Landorus-Therian|44\/352|[from] Stealth Rock
|-ability|p1a: Landorus-Therian|Intimidate|[of] p2a: Gardevoir
|-unboost|p2a: Gardevoir|atk|1
|turn|18
|
|switch|p2a: Damn Cute Bunny|Azumarill, F|401\/401
|-damage|p2a: Damn Cute Bunny|351\/401|[from] Stealth Rock
|move|p1a: Landorus-Therian|Earthquake|p2a: Damn Cute Bunny
|-damage|p2a: Damn Cute Bunny|126\/401
|
|turn|19
|
|move|p2a: Damn Cute Bunny|Aqua Jet|p1a: Landorus-Therian
|-supereffective|p1a: Landorus-Therian
|-damage|p1a: Landorus-Therian|0 fnt
|faint|p1a: Landorus-Therian
|
|
|switch|p1a: Charizard|Charizard, M|301\/301
|-damage|p1a: Charizard|151\/301|[from] Stealth Rock
|turn|20
|
|switch|p2a: Fluffy Paws|Landorus-Therian, M|335\/382
|-damage|p2a: Fluffy Paws|288\/382|[from] Stealth Rock
|-ability|p2a: Fluffy Paws|Intimidate|[of] p1a: Charizard
|-unboost|p1a: Charizard|atk|1
|detailschange|p1a: Charizard|Charizard-Mega-X, M
|message|Charizard has Mega Evolved into Mega Charizard!
|move|p1a: Charizard|Flare Blitz|p2a: Fluffy Paws
|-damage|p2a: Fluffy Paws|155\/382
|-damage|p1a: Charizard|107\/301|[from] recoil|[of] p2a: Fluffy Paws
|
|-heal|p2a: Fluffy Paws|178\/382|[from] item: Leftovers
|turn|21
|
|move|p1a: Charizard|Flare Blitz|p2a: Fluffy Paws
|-damage|p2a: Fluffy Paws|45\/382
|-damage|p1a: Charizard|63\/301|[from] recoil|[of] p2a: Fluffy Paws
|move|p2a: Fluffy Paws|Earthquake|p1a: Charizard
|-supereffective|p1a: Charizard
|-damage|p1a: Charizard|0 fnt
|faint|p1a: Charizard
|
|-heal|p2a: Fluffy Paws|68\/382|[from] item: Leftovers
|
|switch|p1a: Raikou|Raikou|146\/321
|-damage|p1a: Raikou|106\/321|[from] Stealth Rock
|-ability|p1a: Raikou|Pressure
|turn|22
|
|move|p1a: Raikou|Hidden Power|p2a: Fluffy Paws
|-supereffective|p2a: Fluffy Paws
|-damage|p2a: Fluffy Paws|0 fnt
|faint|p2a: Fluffy Paws
|
|
|switch|p2a: Mr. Fancypants|Tyranitar, M|403\/403
|-damage|p2a: Mr. Fancypants|353\/403|[from] Stealth Rock
|-weather|Sandstorm
|turn|23
|
|move|p1a: Raikou|Thunderbolt|p2a: Mr. Fancypants
|-damage|p2a: Mr. Fancypants|308\/403
|move|p2a: Mr. Fancypants|Crunch|p1a: Raikou
|-damage|p1a: Raikou|0 fnt
|faint|p1a: Raikou
|
|-weather|Sandstorm|[upkeep]
|
|switch|p1a: Mew|Mew|67\/404
|-damage|p1a: Mew|17\/404|[from] Stealth Rock
|turn|24
|
|move|p1a: Mew|Earthquake|p2a: Mr. Fancypants
|-supereffective|p2a: Mr. Fancypants
|-damage|p2a: Mr. Fancypants|174\/403
|move|p2a: Mr. Fancypants|Crunch|p1a: Mew
|-supereffective|p1a: Mew
|-damage|p1a: Mew|0 fnt
|faint|p1a: Mew
|
|win|Apedingo
|raw|Ladder updating...
|raw|SunnyR's rating: 1710 &rarr; <strong>1690<\/strong><br \/>(-20 for losing)
|raw|Apedingo's rating: 1698 &rarr; <strong>1719<\/strong><br \/>(+21 for winning)