|join|Just Scrubbin
|join|Apedingo
|player|p1|Just Scrubbin|290
|player|p2|Apedingo|242
|gametype|singles
|gen|6
|tier|OU
|rated
|clearpoke
|poke|p1|Altaria, M
|poke|p1|Infernape, F
|poke|p1|Greninja, M, shiny
|poke|p1|Jirachi
|poke|p1|Rotom-Wash
|poke|p1|Chesnaught, M
|poke|p2|Landorus-Therian, M
|poke|p2|Metagross
|poke|p2|Azumarill, F
|poke|p2|Latios, M
|poke|p2|Tyranitar, M
|poke|p2|Magnezone
|rule|Swagger Clause: Swagger is banned
|rule|Baton Pass Clause: Limit one PokÃ©mon knowing Baton Pass
|rule|Sleep Clause Mod: Limit one foe put to sleep
|rule|Species Clause: Limit one of each PokÃ©mon
|rule|OHKO Clause: OHKO moves are banned
|rule|Moody Clause: Moody is banned
|rule|Evasion Moves Clause: Evasion moves are banned
|rule|Endless Battle Clause: Forcing endless battles is banned
|rule|HP Percentage Mod: HP is shown in percentages
|teampreview
|
|start
|switch|p1a: nuts|Chesnaught, M|379\/379
|switch|p2a: Go Go Mike|Latios, M|301\/301
|turn|1
|
|switch|p1a: Illuminati|Jirachi|404\/404
|move|p2a: Go Go Mike|Trick|p1a: Illuminati
|-activate|p2a: Go Go Mike|move: Trick|[of] p1a: Illuminati
|-item|p1a: Illuminati|Choice Specs|[from] move: Trick
|-item|p2a: Go Go Mike|Leftovers|[from] move: Trick
|
|turn|2
|
|switch|p2a: Its a trap|Magnezone|281\/281
|switch|p1a: No Type|Greninja, M, shiny|285\/285
|
|turn|3
|
|move|p1a: No Type|Low Kick|p2a: Its a trap
|-start|p1a: No Type|typechange|Fighting|[from] Protean
|-supereffective|p2a: Its a trap
|-damage|p2a: Its a trap|0 fnt
|-damage|p1a: No Type|257\/285|[from] item: Life Orb
|faint|p2a: Its a trap
|
|
|switch|p2a: Damn Cute Bunny|Azumarill, F|401\/401
|turn|4
|
|move|p1a: No Type|Gunk Shot|p2a: Damn Cute Bunny|[miss]
|-start|p1a: No Type|typechange|Poison|[from] Protean
|-miss|p1a: No Type|p2a: Damn Cute Bunny
|move|p2a: Damn Cute Bunny|Play Rough|p1a: No Type
|-resisted|p1a: No Type
|-damage|p1a: No Type|103\/285
|-unboost|p1a: No Type|atk|1
|
|turn|5
|
|move|p2a: Damn Cute Bunny|Aqua Jet|p1a: No Type
|-damage|p1a: No Type|0 fnt
|faint|p1a: No Type
|
|
|switch|p1a: WhoNeedsScrubbin|Rotom-Wash|303\/303
|turn|6
|
|switch|p2a: Go Go Mike|Latios, M|301\/301
|move|p1a: WhoNeedsScrubbin|Volt Switch|p2a: Go Go Mike
|-resisted|p2a: Go Go Mike
|-damage|p2a: Go Go Mike|265\/301
|
|switch|p1a: Cotton|Altaria, M|321\/321
|-ability|p1a: Cotton|Cloud Nine
|
|-heal|p2a: Go Go Mike|283\/301|[from] item: Leftovers
|turn|7
|
|switch|p2a: AWESOM-O 4000|Metagross|301\/301
|switch|p1a: Ape|Infernape, F|293\/293
|
|turn|8
|
|switch|p2a: Fluffy Paws|Landorus-Therian, M|382\/382
|-ability|p2a: Fluffy Paws|Intimidate|[of] p1a: Ape
|-unboost|p1a: Ape|atk|1
|move|p1a: Ape|Overheat|p2a: Fluffy Paws
|-damage|p2a: Fluffy Paws|109\/382
|-unboost|p1a: Ape|spa|2
|-damage|p1a: Ape|264\/293|[from] item: Life Orb
|
|-heal|p2a: Fluffy Paws|132\/382|[from] item: Leftovers
|turn|9
|
|switch|p2a: Damn Cute Bunny|Azumarill, F|401\/401
|move|p1a: Ape|U-turn|p2a: Damn Cute Bunny
|-resisted|p2a: Damn Cute Bunny
|-damage|p2a: Damn Cute Bunny|366\/401
|-damage|p1a: Ape|235\/293|[from] item: Life Orb
|
|switch|p1a: WhoNeedsScrubbin|Rotom-Wash|303\/303
|
|turn|10
|
|switch|p2a: Go Go Mike|Latios, M|283\/301
|move|p1a: WhoNeedsScrubbin|Volt Switch|p2a: Go Go Mike
|-resisted|p2a: Go Go Mike
|-damage|p2a: Go Go Mike|246\/301
|
|switch|p1a: Cotton|Altaria, M|321\/321
|-ability|p1a: Cotton|Cloud Nine
|
|-heal|p2a: Go Go Mike|264\/301|[from] item: Leftovers
|turn|11
|
|switch|p2a: Fluffy Paws|Landorus-Therian, M|132\/382
|-ability|p2a: Fluffy Paws|Intimidate|[of] p1a: Cotton
|-unboost|p1a: Cotton|atk|1
|detailschange|p1a: Cotton|Altaria-Mega, M
|message|Altaria has Mega Evolved into Mega Altaria!
|move|p1a: Cotton|Frustration|p2a: Fluffy Paws
|-damage|p2a: Fluffy Paws|29\/382
|
|-heal|p2a: Fluffy Paws|52\/382|[from] item: Leftovers
|turn|12
|
|move|p1a: Cotton|Frustration|p2a: Fluffy Paws
|-damage|p2a: Fluffy Paws|0 fnt
|faint|p2a: Fluffy Paws
|
|
|switch|p2a: Damn Cute Bunny|Azumarill, F|366\/401
|turn|13
|
|switch|p1a: Illuminati|Jirachi|404\/404
|move|p2a: Damn Cute Bunny|Play Rough|p1a: Illuminati
|-resisted|p1a: Illuminati
|-damage|p1a: Illuminati|314\/404
|
|turn|14
|
|switch|p2a: AWESOM-O 4000|Metagross|301\/301
|move|p1a: Illuminati|Iron Head|p2a: AWESOM-O 4000
|-resisted|p2a: AWESOM-O 4000
|-damage|p2a: AWESOM-O 4000|261\/301
|
|turn|15
|
|switch|p1a: WhoNeedsScrubbin|Rotom-Wash|303\/303
|detailschange|p2a: AWESOM-O 4000|Metagross-Mega
|message|Metagross has Mega Evolved into Mega Metagross!
|move|p2a: AWESOM-O 4000|Meteor Mash|p1a: WhoNeedsScrubbin
|-resisted|p1a: WhoNeedsScrubbin
|-damage|p1a: WhoNeedsScrubbin|254\/303
|
|turn|16
|
|switch|p2a: Go Go Mike|Latios, M|264\/301
|move|p1a: WhoNeedsScrubbin|Will-O-Wisp|p2a: Go Go Mike
|-status|p2a: Go Go Mike|brn
|
|-heal|p2a: Go Go Mike|282\/301 brn|[from] item: Leftovers
|-damage|p2a: Go Go Mike|245\/301 brn|[from] brn
|turn|17
|
|switch|p1a: Illuminati|Jirachi|314\/404
|move|p2a: Go Go Mike|Draco Meteor|p1a: Illuminati
|-resisted|p1a: Illuminati
|-damage|p1a: Illuminati|224\/404
|-unboost|p2a: Go Go Mike|spa|2
|
|-heal|p2a: Go Go Mike|263\/301 brn|[from] item: Leftovers
|-damage|p2a: Go Go Mike|226\/301 brn|[from] brn
|turn|18
|
|switch|p2a: Damn Cute Bunny|Azumarill, F|366\/401
|move|p1a: Illuminati|Thunder Wave|p2a: Damn Cute Bunny
|-status|p2a: Damn Cute Bunny|par
|
|turn|19
|
|switch|p1a: nuts|Chesnaught, M|379\/379
|move|p2a: Damn Cute Bunny|Play Rough|p1a: nuts
|-supereffective|p1a: nuts
|-damage|p1a: nuts|127\/379
|-unboost|p1a: nuts|atk|1
|
|-heal|p1a: nuts|150\/379|[from] item: Leftovers
|turn|20
|
|move|p1a: nuts|Spikes|p2a: Damn Cute Bunny
|-sidestart|p2: Apedingo|Spikes
|move|p2a: Damn Cute Bunny|Play Rough|p1a: nuts
|-supereffective|p1a: nuts
|-damage|p1a: nuts|0 fnt
|faint|p1a: nuts
|
|
|switch|p1a: WhoNeedsScrubbin|Rotom-Wash|254\/303
|turn|21
|
|switch|p2a: Go Go Mike|Latios, M|226\/301 brn
|move|p1a: WhoNeedsScrubbin|Volt Switch|p2a: Go Go Mike
|-resisted|p2a: Go Go Mike
|-damage|p2a: Go Go Mike|187\/301 brn
|
|switch|p1a: Cotton|Altaria-Mega, M|321\/321
|
|-heal|p2a: Go Go Mike|205\/301 brn|[from] item: Leftovers
|-damage|p2a: Go Go Mike|168\/301 brn|[from] brn
|turn|22
|
|switch|p2a: Mr. Fancypants|Tyranitar, M|403\/403
|-damage|p2a: Mr. Fancypants|353\/403|[from] Spikes
|-weather|Sandstorm
|move|p1a: Cotton|Frustration|p2a: Mr. Fancypants
|-supereffective|p2a: Mr. Fancypants
|-damage|p2a: Mr. Fancypants|0 fnt
|faint|p2a: Mr. Fancypants
|
|-weather|Sandstorm|[upkeep]
|-damage|p1a: Cotton|301\/321|[from] sandstorm
|
|switch|p2a: Damn Cute Bunny|Azumarill, F|366\/401 par
|-damage|p2a: Damn Cute Bunny|316\/401 par|[from] Spikes
|turn|23
|
|move|p1a: Cotton|Substitute|p1a: Cotton
|-start|p1a: Cotton|Substitute
|-damage|p1a: Cotton|221\/321
|cant|p2a: Damn Cute Bunny|par
|
|-weather|Sandstorm|[upkeep]
|-damage|p1a: Cotton|201\/321|[from] sandstorm
|-damage|p2a: Damn Cute Bunny|291\/401 par|[from] sandstorm
|turn|24
|
|move|p1a: Cotton|Frustration|p2a: Damn Cute Bunny
|-damage|p2a: Damn Cute Bunny|26\/401 par
|cant|p2a: Damn Cute Bunny|par
|
|-weather|Sandstorm|[upkeep]
|-damage|p1a: Cotton|181\/321|[from] sandstorm
|-damage|p2a: Damn Cute Bunny|1\/401 par|[from] sandstorm
|turn|25
|-message|Apedingo forfeited.
|
|win|Just Scrubbin
|raw|Ladder updating...
|leave|Apedingo
|player|p2
|raw|Just Scrubbin's rating: 1533 &rarr; <strong>1556<\/strong><br \/>(+23 for winning)
|raw|Apedingo's rating: 1593 &rarr; <strong>1569<\/strong><br \/>(-24 for losing)
|leave|Just Scrubbin
|player|p1
|join|Just Scrubbin