|join|Apedingo
|join|lil manaphy
|player|p1|Apedingo|242
|player|p2|lil manaphy|8
|gametype|singles
|gen|6
|tier|OU
|rated
|clearpoke
|poke|p1|Landorus-Therian, M
|poke|p1|Metagross
|poke|p1|Azumarill, F
|poke|p1|Latios, M
|poke|p1|Tyranitar, M
|poke|p1|Magnezone
|poke|p2|Lopunny, M
|poke|p2|Rotom-Wash
|poke|p2|Gothitelle, M
|poke|p2|Mandibuzz, F
|poke|p2|Chansey, F
|poke|p2|Celebi
|rule|Swagger Clause: Swagger is banned
|rule|Baton Pass Clause: Limit one PokÃ©mon knowing Baton Pass
|rule|Sleep Clause Mod: Limit one foe put to sleep
|rule|Species Clause: Limit one of each PokÃ©mon
|rule|OHKO Clause: OHKO moves are banned
|rule|Moody Clause: Moody is banned
|rule|Evasion Moves Clause: Evasion moves are banned
|rule|Endless Battle Clause: Forcing endless battles is banned
|rule|HP Percentage Mod: HP is shown in percentages
|teampreview
|join|Not Sharpteeth
|
|start
|switch|p1a: Go Go Mike|Latios, M|301\/301
|switch|p2a: Rotom-Wash|Rotom-Wash|303\/303
|turn|1
|
|switch|p2a: Chansey|Chansey, F|704\/704
|move|p1a: Go Go Mike|Trick|p2a: Chansey
|-activate|p1a: Go Go Mike|move: Trick|[of] p2a: Chansey
|-item|p2a: Chansey|Choice Specs|[from] move: Trick
|-item|p1a: Go Go Mike|Eviolite|[from] move: Trick
|
|turn|2
|
|switch|p2a: Celebi|Celebi|404\/404
|move|p1a: Go Go Mike|Psyshock|p2a: Celebi
|-resisted|p2a: Celebi
|-damage|p2a: Celebi|335\/404
|
|-heal|p2a: Celebi|360\/404|[from] item: Leftovers
|turn|3
|
|switch|p1a: Mr. Fancypants|Tyranitar, M|403\/403
|-weather|Sandstorm
|move|p2a: Celebi|Baton Pass|p2a: Celebi
|
|switch|p2a: Lopunny|Lopunny, M|271\/271
|
|-weather|Sandstorm|[upkeep]
|-damage|p2a: Lopunny|255\/271|[from] sandstorm
|turn|4
|
|switch|p1a: Fluffy Paws|Landorus-Therian, M|382\/382
|-ability|p1a: Fluffy Paws|Intimidate|[of] p2a: Lopunny
|-unboost|p2a: Lopunny|atk|1
|detailschange|p2a: Lopunny|Lopunny-Mega, M
|message|Lopunny has Mega Evolved into Mega Lopunny!
|move|p2a: Lopunny|High Jump Kick|p1a: Fluffy Paws|[miss]
|-miss|p2a: Lopunny|p1a: Fluffy Paws
|-damage|p2a: Lopunny|120\/271|[from] highjumpkick
|
|-weather|Sandstorm|[upkeep]
|-damage|p2a: Lopunny|104\/271|[from] sandstorm
|turn|5
|
|switch|p2a: Rotom-Wash|Rotom-Wash|303\/303
|move|p1a: Fluffy Paws|Stealth Rock|p2a: Rotom-Wash
|-sidestart|p2: lil manaphy|move: Stealth Rock
|
|-weather|Sandstorm|[upkeep]
|-damage|p2a: Rotom-Wash|285\/303|[from] sandstorm
|-heal|p2a: Rotom-Wash|303\/303|[from] item: Leftovers
|turn|6
|
|switch|p1a: Go Go Mike|Latios, M|301\/301
|move|p2a: Rotom-Wash|Will-O-Wisp|p1a: Go Go Mike
|-status|p1a: Go Go Mike|brn
|
|-weather|Sandstorm|[upkeep]
|-damage|p1a: Go Go Mike|283\/301 brn|[from] sandstorm
|-damage|p2a: Rotom-Wash|285\/303|[from] sandstorm
|-heal|p2a: Rotom-Wash|303\/303|[from] item: Leftovers
|-damage|p1a: Go Go Mike|246\/301 brn|[from] brn
|turn|7
|leave|Not Sharpteeth
|
|switch|p2a: Celebi|Celebi|360\/404
|-damage|p2a: Celebi|310\/404|[from] Stealth Rock
|move|p1a: Go Go Mike|Psyshock|p2a: Celebi
|-resisted|p2a: Celebi
|-damage|p2a: Celebi|240\/404
|
|-weather|none
|-heal|p2a: Celebi|265\/404|[from] item: Leftovers
|-damage|p1a: Go Go Mike|209\/301 brn|[from] brn
|turn|8
|
|move|p1a: Go Go Mike|Draco Meteor|p2a: Celebi|[miss]
|-miss|p1a: Go Go Mike|p2a: Celebi
|move|p2a: Celebi|Recover|p2a: Celebi
|-heal|p2a: Celebi|404\/404
|
|-damage|p1a: Go Go Mike|172\/301 brn|[from] brn
|turn|9
|
|switch|p1a: Mr. Fancypants|Tyranitar, M|403\/403
|-weather|Sandstorm
|move|p2a: Celebi|Baton Pass|p2a: Celebi
|
|switch|p2a: Lopunny|Lopunny-Mega, M|104\/271
|-damage|p2a: Lopunny|88\/271|[from] Stealth Rock
|
|-weather|Sandstorm|[upkeep]
|-damage|p2a: Lopunny|72\/271|[from] sandstorm
|turn|10
|
|switch|p1a: Fluffy Paws|Landorus-Therian, M|382\/382
|-ability|p1a: Fluffy Paws|Intimidate|[of] p2a: Lopunny
|-unboost|p2a: Lopunny|atk|1
|move|p2a: Lopunny|Ice Punch|p1a: Fluffy Paws
|-supereffective|p1a: Fluffy Paws
|-damage|p1a: Fluffy Paws|198\/382
|
|-weather|Sandstorm|[upkeep]
|-damage|p2a: Lopunny|56\/271|[from] sandstorm
|-heal|p1a: Fluffy Paws|221\/382|[from] item: Leftovers
|turn|11
|
|move|p2a: Lopunny|Ice Punch|p1a: Fluffy Paws
|-supereffective|p1a: Fluffy Paws
|-damage|p1a: Fluffy Paws|21\/382
|move|p1a: Fluffy Paws|U-turn|p2a: Lopunny
|-resisted|p2a: Lopunny
|-damage|p2a: Lopunny|18\/271
|
|switch|p1a: Damn Cute Bunny|Azumarill, F|401\/401
|
|-weather|Sandstorm|[upkeep]
|-damage|p2a: Lopunny|2\/271|[from] sandstorm
|-damage|p1a: Damn Cute Bunny|376\/401|[from] sandstorm
|turn|12
|
|switch|p2a: Celebi|Celebi|404\/404
|-damage|p2a: Celebi|354\/404|[from] Stealth Rock
|move|p1a: Damn Cute Bunny|Aqua Jet|p2a: Celebi
|-resisted|p2a: Celebi
|-damage|p2a: Celebi|310\/404
|
|-weather|Sandstorm|[upkeep]
|-damage|p2a: Celebi|285\/404|[from] sandstorm
|-damage|p1a: Damn Cute Bunny|351\/401|[from] sandstorm
|-heal|p2a: Celebi|310\/404|[from] item: Leftovers
|turn|13
|
|move|p2a: Celebi|Giga Drain|p1a: Damn Cute Bunny
|-supereffective|p1a: Damn Cute Bunny
|-damage|p1a: Damn Cute Bunny|207\/401
|-heal|p2a: Celebi|382\/404|[from] drain|[of] p1a: Damn Cute Bunny
|move|p1a: Damn Cute Bunny|Play Rough|p2a: Celebi
|-damage|p2a: Celebi|189\/404
|
|-weather|none
|-heal|p2a: Celebi|214\/404|[from] item: Leftovers
|turn|14
|join|Guesst_50790
|
|move|p2a: Celebi|Recover|p2a: Celebi
|-heal|p2a: Celebi|404\/404
|move|p1a: Damn Cute Bunny|Knock Off|p2a: Celebi
|-supereffective|p2a: Celebi
|-damage|p2a: Celebi|146\/404
|-enditem|p2a: Celebi|Leftovers|[from] move: Knock Off|[of] p1a: Damn Cute Bunny
|
|turn|15
|
|switch|p1a: AWESOM-O 4000|Metagross|301\/301
|move|p2a: Celebi|Recover|p2a: Celebi
|-heal|p2a: Celebi|348\/404
|
|turn|16
|
|detailschange|p1a: AWESOM-O 4000|Metagross-Mega
|message|Metagross has Mega Evolved into Mega Metagross!
|move|p1a: AWESOM-O 4000|Meteor Mash|p2a: Celebi
|-damage|p2a: Celebi|122\/404
|move|p2a: Celebi|Baton Pass|p2a: Celebi
|
|switch|p2a: Mandibuzz|Mandibuzz, F|424\/424
|-damage|p2a: Mandibuzz|318\/424|[from] Stealth Rock
|
|-heal|p2a: Mandibuzz|344\/424|[from] item: Leftovers
|turn|17
|
|move|p1a: AWESOM-O 4000|Ice Punch|p2a: Mandibuzz
|-supereffective|p2a: Mandibuzz
|-damage|p2a: Mandibuzz|170\/424
|-status|p2a: Mandibuzz|frz
|cant|p2a: Mandibuzz|frz
|
|-heal|p2a: Mandibuzz|196\/424 frz|[from] item: Leftovers
|turn|18
|
|move|p1a: AWESOM-O 4000|Meteor Mash|p2a: Mandibuzz
|-damage|p2a: Mandibuzz|24\/424 frz
|cant|p2a: Mandibuzz|frz
|
|-heal|p2a: Mandibuzz|50\/424 frz|[from] item: Leftovers
|turn|19
|-message|lil manaphy forfeited.
|
|win|Apedingo
|raw|Ladder updating...
|leave|lil manaphy
|player|p2