|join|Apedingo
|join|LT5Z Quick
|player|p1|Apedingo|242
|player|p2|LT5Z Quick|80
|gametype|singles
|gen|6
|tier|OU
|rated
|clearpoke
|poke|p1|Landorus-Therian, M
|poke|p1|Gardevoir, F
|poke|p1|Azumarill, F
|poke|p1|Latios, M
|poke|p1|Tyranitar, F
|poke|p1|Magnezone
|poke|p2|Rotom-Wash
|poke|p2|Gardevoir, F, shiny
|poke|p2|Latios, M
|poke|p2|Ferrothorn, M
|poke|p2|Infernape, M
|poke|p2|Landorus-Therian, M
|rule|Swagger Clause: Swagger is banned
|rule|Baton Pass Clause: Limit one PokÃ©mon knowing Baton Pass
|rule|Sleep Clause Mod: Limit one foe put to sleep
|rule|Species Clause: Limit one of each PokÃ©mon
|rule|OHKO Clause: OHKO moves are banned
|rule|Moody Clause: Moody is banned
|rule|Evasion Moves Clause: Evasion moves are banned
|rule|Endless Battle Clause: Forcing endless battles is banned
|rule|HP Percentage Mod: HP is shown in percentages
|teampreview
|
|start
|switch|p1a: Landorus-Therian|Landorus-Therian, M|382\/382
|switch|p2a: Landorus-Therian|Landorus-Therian, M|349\/349
|-ability|p2a: Landorus-Therian|Intimidate|[of] p1a: Landorus-Therian
|-unboost|p1a: Landorus-Therian|atk|1
|-ability|p1a: Landorus-Therian|Intimidate|[of] p2a: Landorus-Therian
|-unboost|p2a: Landorus-Therian|atk|1
|turn|1
|
|move|p2a: Landorus-Therian|Knock Off|p1a: Landorus-Therian
|-damage|p1a: Landorus-Therian|318\/382
|-enditem|p1a: Landorus-Therian|Leftovers|[from] move: Knock Off|[of] p2a: Landorus-Therian
|move|p1a: Landorus-Therian|Stealth Rock|p2a: Landorus-Therian
|-sidestart|p2: LT5Z Quick|move: Stealth Rock
|
|turn|2
|
|switch|p2a: Ferrothorn|Ferrothorn, M|351\/351
|-damage|p2a: Ferrothorn|330\/351|[from] Stealth Rock
|move|p1a: Landorus-Therian|U-turn|p2a: Ferrothorn
|-damage|p2a: Ferrothorn|290\/351
|-damage|p1a: Landorus-Therian|271\/382|[from] ability: Iron Barbs|[of] p2a: Ferrothorn
|
|switch|p1a: Magnezone|Magnezone|281\/281
|
|-heal|p2a: Ferrothorn|311\/351|[from] item: Leftovers
|turn|3
|
|move|p2a: Ferrothorn|Protect|p2a: Ferrothorn
|-singleturn|p2a: Ferrothorn|Protect
|move|p1a: Magnezone|Hidden Power|p2a: Ferrothorn
|-activate|p2a: Ferrothorn|Protect
|
|-heal|p2a: Ferrothorn|332\/351|[from] item: Leftovers
|turn|4
|
|move|p1a: Magnezone|Hidden Power|p2a: Ferrothorn
|-supereffective|p2a: Ferrothorn
|-damage|p2a: Ferrothorn|156\/351
|move|p2a: Ferrothorn|Leech Seed|p1a: Magnezone
|-start|p1a: Magnezone|move: Leech Seed
|
|-heal|p2a: Ferrothorn|177\/351|[from] item: Leftovers
|-damage|p1a: Magnezone|246\/281|[from] Leech Seed|[of] p2a: Ferrothorn
|-heal|p2a: Ferrothorn|212\/351|[silent]
|turn|5
|
|switch|p1a: Tyranitar|Tyranitar, F|403\/403
|-weather|Sandstorm
|move|p2a: Ferrothorn|Protect|p2a: Ferrothorn
|-fail|p2a: Ferrothorn
|
|-weather|Sandstorm|[upkeep]
|-heal|p2a: Ferrothorn|233\/351|[from] item: Leftovers
|turn|6
|
|switch|p2a: Infernape|Infernape, M|293\/293
|-damage|p2a: Infernape|257\/293|[from] Stealth Rock
|move|p1a: Tyranitar|Fire Blast|p2a: Infernape
|-resisted|p2a: Infernape
|-damage|p2a: Infernape|195\/293
|
|-weather|Sandstorm|[upkeep]
|-damage|p2a: Infernape|177\/293|[from] sandstorm
|turn|7
|
|switch|p1a: Azumarill|Azumarill, F|401\/401
|move|p2a: Infernape|Close Combat|p1a: Azumarill
|-resisted|p1a: Azumarill
|-damage|p1a: Azumarill|265\/401
|-unboost|p2a: Infernape|def|1
|-unboost|p2a: Infernape|spd|1
|-damage|p2a: Infernape|148\/293|[from] item: Life Orb
|
|-weather|Sandstorm|[upkeep]
|-damage|p2a: Infernape|130\/293|[from] sandstorm
|-damage|p1a: Azumarill|240\/401|[from] sandstorm
|turn|8
|
|switch|p2a: Ferrothorn|Ferrothorn, M|233\/351
|-damage|p2a: Ferrothorn|212\/351|[from] Stealth Rock
|move|p1a: Azumarill|Knock Off|p2a: Ferrothorn
|-damage|p2a: Ferrothorn|95\/351
|-damage|p1a: Azumarill|190\/401|[from] ability: Iron Barbs|[of] p2a: Ferrothorn
|-enditem|p2a: Ferrothorn|Leftovers|[from] move: Knock Off|[of] p1a: Azumarill
|
|-weather|Sandstorm|[upkeep]
|-damage|p1a: Azumarill|165\/401|[from] sandstorm
|turn|9
|
|switch|p1a: Magnezone|Magnezone|246\/281
|move|p2a: Ferrothorn|Leech Seed|p1a: Magnezone
|-start|p1a: Magnezone|move: Leech Seed
|
|-weather|none
|-damage|p1a: Magnezone|211\/281|[from] Leech Seed|[of] p2a: Ferrothorn
|-heal|p2a: Ferrothorn|130\/351|[silent]
|turn|10
|
|move|p2a: Ferrothorn|Protect|p2a: Ferrothorn
|-singleturn|p2a: Ferrothorn|Protect
|move|p1a: Magnezone|Hidden Power|p2a: Ferrothorn
|-activate|p2a: Ferrothorn|Protect
|
|-damage|p1a: Magnezone|176\/281|[from] Leech Seed|[of] p2a: Ferrothorn
|-heal|p2a: Ferrothorn|165\/351|[silent]
|turn|11
|
|move|p2a: Ferrothorn|Protect|p2a: Ferrothorn
|-fail|p2a: Ferrothorn
|move|p1a: Magnezone|Hidden Power|p2a: Ferrothorn
|-supereffective|p2a: Ferrothorn
|-damage|p2a: Ferrothorn|0 fnt
|faint|p2a: Ferrothorn
|
|
|switch|p2a: Gardevoir|Gardevoir, F, shiny|277\/277
|-damage|p2a: Gardevoir|243\/277|[from] Stealth Rock
|-ability|p2a: Gardevoir|Magnet Pull|[from] ability: Trace|[of] p1a: Magnezone
|turn|12
|
|detailschange|p2a: Gardevoir|Gardevoir-Mega, F, shiny
|message|Gardevoir has Mega Evolved into Mega Gardevoir!
|move|p1a: Magnezone|Hidden Power|p2a: Gardevoir
|-damage|p2a: Gardevoir|189\/277
|move|p2a: Gardevoir|Hyper Voice|p1a: Magnezone
|-resisted|p1a: Magnezone
|-damage|p1a: Magnezone|31\/281
|
|-damage|p1a: Magnezone|0 fnt|[from] Leech Seed|[of] p2a: Gardevoir
|-heal|p2a: Gardevoir|220\/277|[silent]
|faint|p1a: Magnezone
|
|switch|p1a: Gardevoir|Gardevoir, F|278\/278
|turn|13
|
|detailschange|p1a: Gardevoir|Gardevoir-Mega, F
|message|Gardevoir has Mega Evolved into Mega Gardevoir!
|move|p2a: Gardevoir|Hyper Voice|p1a: Gardevoir
|-damage|p1a: Gardevoir|97\/278
|move|p1a: Gardevoir|Hyper Voice|p2a: Gardevoir
|-damage|p2a: Gardevoir|31\/277
|
|turn|14
|
|move|p2a: Gardevoir|Hyper Voice|p1a: Gardevoir
|-damage|p1a: Gardevoir|0 fnt
|faint|p1a: Gardevoir
|
|join|LT5X Invok3r
|
|switch|p1a: Latios|Latios, M|301\/301
|turn|15
|leave|LT5X Invok3r
|
|move|p1a: Latios|Psyshock|p2a: Gardevoir
|-resisted|p2a: Gardevoir
|-damage|p2a: Gardevoir|0 fnt
|faint|p2a: Gardevoir
|
|
|switch|p2a: Landorus-Therian|Landorus-Therian, M|349\/349
|-damage|p2a: Landorus-Therian|306\/349|[from] Stealth Rock
|-ability|p2a: Landorus-Therian|Intimidate|[of] p1a: Latios
|-unboost|p1a: Latios|atk|1
|turn|16
|
|switch|p1a: Landorus-Therian|Landorus-Therian, M|271\/382
|-ability|p1a: Landorus-Therian|Intimidate|[of] p2a: Landorus-Therian
|-unboost|p2a: Landorus-Therian|atk|1
|move|p2a: Landorus-Therian|U-turn|p1a: Landorus-Therian
|-resisted|p1a: Landorus-Therian
|-damage|p1a: Landorus-Therian|246\/382
|
|switch|p2a: Latios|Latios, M|301\/301
|-damage|p2a: Latios|264\/301|[from] Stealth Rock
|
|turn|17
|
|switch|p1a: Tyranitar|Tyranitar, F|403\/403
|-weather|Sandstorm
|move|p2a: Latios|Surf|p1a: Tyranitar
|-supereffective|p1a: Tyranitar
|-damage|p1a: Tyranitar|307\/403
|-damage|p2a: Latios|234\/301|[from] item: Life Orb
|
|-weather|Sandstorm|[upkeep]
|-damage|p2a: Latios|216\/301|[from] sandstorm
|turn|18
|
|move|p2a: Latios|Defog|p1a: Tyranitar
|-unboost|p1a: Tyranitar|evasion|1
|-sideend|p2: LT5Z Quick|Stealth Rock|[from] move: Defog|[of] p2a: Latios
|move|p1a: Tyranitar|Pursuit|p2a: Latios
|-crit|p2a: Latios
|-supereffective|p2a: Latios
|-damage|p2a: Latios|0 fnt
|faint|p2a: Latios
|
|-weather|Sandstorm|[upkeep]
|
|switch|p2a: Infernape|Infernape, M|130\/293
|turn|19
|
|switch|p1a: Landorus-Therian|Landorus-Therian, M|246\/382
|-ability|p1a: Landorus-Therian|Intimidate|[of] p2a: Infernape
|-unboost|p2a: Infernape|atk|1
|move|p2a: Infernape|Close Combat|p1a: Landorus-Therian
|-resisted|p1a: Landorus-Therian
|-damage|p1a: Landorus-Therian|185\/382
|-unboost|p2a: Infernape|def|1
|-unboost|p2a: Infernape|spd|1
|-damage|p2a: Infernape|101\/293|[from] item: Life Orb
|
|-weather|Sandstorm|[upkeep]
|-damage|p2a: Infernape|83\/293|[from] sandstorm
|turn|20
|
|move|p2a: Infernape|Fire Blast|p1a: Landorus-Therian
|-damage|p1a: Landorus-Therian|0 fnt
|-damage|p2a: Infernape|54\/293|[from] item: Life Orb
|faint|p1a: Landorus-Therian
|
|-weather|Sandstorm|[upkeep]
|-damage|p2a: Infernape|36\/293|[from] sandstorm
|
|switch|p1a: Latios|Latios, M|301\/301
|turn|21
|
|move|p2a: Infernape|Mach Punch|p1a: Latios
|-resisted|p1a: Latios
|-damage|p1a: Latios|262\/301
|-damage|p2a: Infernape|7\/293|[from] item: Life Orb
|move|p1a: Latios|Psyshock|p2a: Infernape
|-supereffective|p2a: Infernape
|-damage|p2a: Infernape|0 fnt
|faint|p2a: Infernape
|
|-weather|none
|
|switch|p2a: Landorus-Therian|Landorus-Therian, M|306\/349
|-ability|p2a: Landorus-Therian|Intimidate|[of] p1a: Latios
|-unboost|p1a: Latios|atk|1
|turn|22
|
|switch|p1a: Tyranitar|Tyranitar, F|307\/403
|-weather|Sandstorm
|move|p2a: Landorus-Therian|Knock Off|p1a: Tyranitar
|-resisted|p1a: Tyranitar
|-damage|p1a: Tyranitar|249\/403
|-enditem|p1a: Tyranitar|Assault Vest|[from] move: Knock Off|[of] p2a: Landorus-Therian
|
|-weather|Sandstorm|[upkeep]
|turn|23
|
|switch|p2a: Rotom-Wash|Rotom-Wash|304\/304
|move|p1a: Tyranitar|Crunch|p2a: Rotom-Wash
|-damage|p2a: Rotom-Wash|219\/304
|
|-weather|Sandstorm|[upkeep]
|-damage|p2a: Rotom-Wash|200\/304|[from] sandstorm
|-heal|p2a: Rotom-Wash|219\/304|[from] item: Leftovers
|turn|24
|
|switch|p2a: Landorus-Therian|Landorus-Therian, M|306\/349
|-ability|p2a: Landorus-Therian|Intimidate|[of] p1a: Tyranitar
|-unboost|p1a: Tyranitar|atk|1
|switch|p1a: Latios|Latios, M|262\/301
|
|-weather|Sandstorm|[upkeep]
|-damage|p1a: Latios|244\/301|[from] sandstorm
|turn|25
|
|switch|p1a: Tyranitar|Tyranitar, F|249\/403
|move|p2a: Landorus-Therian|U-turn|p1a: Tyranitar
|-supereffective|p1a: Tyranitar
|-damage|p1a: Tyranitar|83\/403
|
|switch|p2a: Rotom-Wash|Rotom-Wash|219\/304
|
|-weather|Sandstorm|[upkeep]
|-damage|p2a: Rotom-Wash|200\/304|[from] sandstorm
|-heal|p2a: Rotom-Wash|219\/304|[from] item: Leftovers
|turn|26
|
|move|p2a: Rotom-Wash|Will-O-Wisp|p1a: Tyranitar
|-status|p1a: Tyranitar|brn
|move|p1a: Tyranitar|Crunch|p2a: Rotom-Wash
|-damage|p2a: Rotom-Wash|174\/304
|
|-weather|none
|-heal|p2a: Rotom-Wash|193\/304|[from] item: Leftovers
|-damage|p1a: Tyranitar|33\/403 brn|[from] brn
|turn|27
|
|move|p2a: Rotom-Wash|Volt Switch|p1a: Tyranitar
|-damage|p1a: Tyranitar|0 fnt
|faint|p1a: Tyranitar
|
|switch|p2a: Landorus-Therian|Landorus-Therian, M|306\/349
|
|
|switch|p1a: Azumarill|Azumarill, F|165\/401
|turn|28
|
|move|p1a: Azumarill|Aqua Jet|p2a: Landorus-Therian
|-supereffective|p2a: Landorus-Therian
|-damage|p2a: Landorus-Therian|114\/349
|move|p2a: Landorus-Therian|Earthquake|p1a: Azumarill
|-damage|p1a: Azumarill|0 fnt
|faint|p1a: Azumarill
|
|
|switch|p1a: Latios|Latios, M|244\/301
|turn|29
|
|switch|p2a: Rotom-Wash|Rotom-Wash|193\/304
|move|p1a: Latios|Psyshock|p2a: Rotom-Wash
|-damage|p2a: Rotom-Wash|31\/304
|
|-heal|p2a: Rotom-Wash|50\/304|[from] item: Leftovers
|turn|30
|
|move|p1a: Latios|Psyshock|p2a: Rotom-Wash
|-damage|p2a: Rotom-Wash|0 fnt
|faint|p2a: Rotom-Wash
|
|
|switch|p2a: Landorus-Therian|Landorus-Therian, M|114\/349
|-ability|p2a: Landorus-Therian|Intimidate|[of] p1a: Latios
|-unboost|p1a: Latios|atk|1
|turn|31
|
|move|p2a: Landorus-Therian|Knock Off|p1a: Latios
|-supereffective|p1a: Latios
|-damage|p1a: Latios|0 fnt
|-enditem|p1a: Latios|Choice Specs|[from] move: Knock Off|[of] p2a: Landorus-Therian
|faint|p1a: Latios
|
|win|LT5Z Quick
|raw|Ladder updating...
|raw|Apedingo's rating: 1853 &rarr; <strong>1824<\/strong><br \/>(-29 for losing)
|raw|LT5Z Quick's rating: 1677 &rarr; <strong>1707<\/strong><br \/>(+30 for winning)
|c|âLT5Z Quick|gg
|leave|Apedingo
|player|p1