|join|CleanerThanRotom-W
|join|Apedingo
|player|p1|CleanerThanRotom-W|226
|player|p2|Apedingo|242
|gametype|singles
|gen|6
|tier|OU
|rated
|clearpoke
|poke|p1|Sableye, F
|poke|p1|Chansey, F
|poke|p1|Cresselia, F
|poke|p1|Gothitelle, M
|poke|p1|Skarmory, M
|poke|p1|Quagsire, F
|poke|p2|Landorus-Therian, M
|poke|p2|Metagross
|poke|p2|Azumarill, F
|poke|p2|Latios, M
|poke|p2|Tyranitar, M
|poke|p2|Magnezone
|rule|Swagger Clause: Swagger is banned
|rule|Baton Pass Clause: Limit one PokÃ©mon knowing Baton Pass
|rule|Sleep Clause Mod: Limit one foe put to sleep
|rule|Species Clause: Limit one of each PokÃ©mon
|rule|OHKO Clause: OHKO moves are banned
|rule|Moody Clause: Moody is banned
|rule|Evasion Moves Clause: Evasion moves are banned
|rule|Endless Battle Clause: Forcing endless battles is banned
|rule|HP Percentage Mod: HP is shown in percentages
|teampreview
|
|start
|switch|p1a: Sableye|Sableye, F|303\/303
|switch|p2a: Fluffy Paws|Landorus-Therian, M|382\/382
|-ability|p2a: Fluffy Paws|Intimidate|[of] p1a: Sableye
|-unboost|p1a: Sableye|atk|1
|turn|1
|
|detailschange|p1a: Sableye|Sableye-Mega, F
|-mega|p1a: Sableye|Sableye|Sablenite
|move|p1a: Sableye|Will-O-Wisp|p2a: Fluffy Paws
|-status|p2a: Fluffy Paws|brn
|move|p2a: Fluffy Paws|U-turn|p1a: Sableye
|-damage|p1a: Sableye|271\/303
|
|switch|p2a: Damn Cute Bunny|Azumarill, F|401\/401
|
|turn|2
|
|switch|p1a: Quagsire|Quagsire, F|393\/393
|move|p2a: Damn Cute Bunny|Play Rough|p1a: Quagsire
|-damage|p1a: Quagsire|239\/393
|
|-heal|p1a: Quagsire|263\/393|[from] item: Leftovers
|turn|3
|
|switch|p2a: AWESOM-O 4000|Metagross|301\/301
|move|p1a: Quagsire|Toxic|p2a: AWESOM-O 4000
|-fail|p2a: AWESOM-O 4000
|
|-heal|p1a: Quagsire|287\/393|[from] item: Leftovers
|turn|4
|
|switch|p1a: Skarmory|Skarmory, M|334\/334
|detailschange|p2a: AWESOM-O 4000|Metagross-Mega
|-mega|p2a: AWESOM-O 4000|Metagross|Metagrossite
|move|p2a: AWESOM-O 4000|Ice Punch|p1a: Skarmory
|-damage|p1a: Skarmory|260\/334
|
|turn|5
|
|switch|p2a: Damn Cute Bunny|Azumarill, F|401\/401
|move|p1a: Skarmory|Spikes|p2a: Damn Cute Bunny
|-sidestart|p2: Apedingo|Spikes
|
|turn|6
|
|switch|p1a: Quagsire|Quagsire, F|287\/393
|move|p2a: Damn Cute Bunny|Knock Off|p1a: Quagsire
|-damage|p1a: Quagsire|170\/393
|-enditem|p1a: Quagsire|Leftovers|[from] move: Knock Off|[of] p2a: Damn Cute Bunny
|
|turn|7
|
|switch|p2a: Go Go Mike|Latios, M|301\/301
|move|p1a: Quagsire|Recover|p1a: Quagsire
|-heal|p1a: Quagsire|367\/393
|
|turn|8
|
|switch|p1a: Chansey|Chansey, F|703\/703
|move|p2a: Go Go Mike|Draco Meteor|p1a: Chansey
|-damage|p1a: Chansey|481\/703
|-unboost|p2a: Go Go Mike|spa|2
|
|turn|9
|
|switch|p2a: Damn Cute Bunny|Azumarill, F|401\/401
|-damage|p2a: Damn Cute Bunny|351\/401|[from] Spikes
|move|p1a: Chansey|Stealth Rock|p2a: Damn Cute Bunny
|-sidestart|p2: Apedingo|move: Stealth Rock
|
|turn|10
|
|switch|p1a: Quagsire|Quagsire, F|367\/393
|move|p2a: Damn Cute Bunny|Knock Off|p1a: Quagsire
|-damage|p1a: Quagsire|288\/393
|
|turn|11
|
|switch|p2a: Go Go Mike|Latios, M|301\/301
|-damage|p2a: Go Go Mike|264\/301|[from] Stealth Rock
|move|p1a: Quagsire|Recover|p1a: Quagsire
|-heal|p1a: Quagsire|393\/393
|
|turn|12
|
|switch|p1a: Chansey|Chansey, F|481\/703
|move|p2a: Go Go Mike|Trick|p1a: Chansey
|-activate|p2a: Go Go Mike|move: Trick|[of] p1a: Chansey
|-item|p1a: Chansey|Choice Specs|[from] move: Trick
|-item|p2a: Go Go Mike|Eviolite|[from] move: Trick
|
|turn|13
|
|switch|p2a: Fluffy Paws|Landorus-Therian, M|382\/382 brn
|-damage|p2a: Fluffy Paws|335\/382 brn|[from] Stealth Rock
|-ability|p2a: Fluffy Paws|Intimidate|[of] p1a: Chansey
|-unboost|p1a: Chansey|atk|1
|move|p1a: Chansey|Seismic Toss|p2a: Fluffy Paws
|-damage|p2a: Fluffy Paws|235\/382 brn
|
|-heal|p2a: Fluffy Paws|258\/382 brn|[from] item: Leftovers
|-damage|p2a: Fluffy Paws|211\/382 brn|[from] brn
|turn|14
|
|switch|p1a: Sableye|Sableye-Mega, F|271\/303
|move|p2a: Fluffy Paws|U-turn|p1a: Sableye
|-damage|p1a: Sableye|241\/303
|
|switch|p2a: Go Go Mike|Latios, M|264\/301
|-damage|p2a: Go Go Mike|227\/301|[from] Stealth Rock
|
|turn|15
|
|move|p2a: Go Go Mike|Draco Meteor|p1a: Sableye
|-damage|p1a: Sableye|87\/303
|-unboost|p2a: Go Go Mike|spa|2
|move|p1a: Sableye|Recover|p1a: Sableye
|-heal|p1a: Sableye|239\/303
|
|turn|16
|join|Appreciation
|c| Appreciation|gl cleaner
|c|âCleanerThanRotom-W|thx
|
|switch|p2a: Fluffy Paws|Landorus-Therian, M|211\/382 brn
|-damage|p2a: Fluffy Paws|164\/382 brn|[from] Stealth Rock
|-ability|p2a: Fluffy Paws|Intimidate|[of] p1a: Sableye
|-unboost|p1a: Sableye|atk|1
|move|p1a: Sableye|Will-O-Wisp|p2a: Fluffy Paws
|-fail|p2a: Fluffy Paws|brn
|
|-heal|p2a: Fluffy Paws|187\/382 brn|[from] item: Leftovers
|-damage|p2a: Fluffy Paws|140\/382 brn|[from] brn
|turn|17
|
|move|p2a: Fluffy Paws|U-turn|p1a: Sableye
|-damage|p1a: Sableye|209\/303
|
|switch|p2a: Damn Cute Bunny|Azumarill, F|351\/401
|-damage|p2a: Damn Cute Bunny|301\/401|[from] Spikes
|-damage|p2a: Damn Cute Bunny|251\/401|[from] Stealth Rock
|move|p1a: Sableye|Recover|p1a: Sableye
|-heal|p1a: Sableye|303\/303
|
|turn|18
|
|switch|p2a: AWESOM-O 4000|Metagross-Mega|301\/301
|-damage|p2a: AWESOM-O 4000|264\/301|[from] Spikes
|-damage|p2a: AWESOM-O 4000|246\/301|[from] Stealth Rock
|switch|p1a: Quagsire|Quagsire, F|393\/393
|
|turn|19
|
|switch|p1a: Skarmory|Skarmory, M|260\/334
|move|p2a: AWESOM-O 4000|Ice Punch|p1a: Skarmory
|-damage|p1a: Skarmory|189\/334
|
|turn|20
|
|move|p2a: AWESOM-O 4000|Ice Punch|p1a: Skarmory
|-damage|p1a: Skarmory|121\/334
|move|p1a: Skarmory|Roost|p1a: Skarmory
|-heal|p1a: Skarmory|288\/334
|
|turn|21
|
|move|p2a: AWESOM-O 4000|Ice Punch|p1a: Skarmory
|-damage|p1a: Skarmory|210\/334
|move|p1a: Skarmory|Counter|p2a: AWESOM-O 4000
|-damage|p2a: AWESOM-O 4000|90\/301
|
|turn|22
|
|switch|p2a: Go Go Mike|Latios, M|227\/301
|-damage|p2a: Go Go Mike|190\/301|[from] Stealth Rock
|move|p1a: Skarmory|Roost|p1a: Skarmory
|-heal|p1a: Skarmory|334\/334
|
|turn|23
|c| Appreciation|cleaner
|c| Appreciation|your team is weak to greninja
|c| Appreciation|lel
|c|âCleanerThanRotom-W|thx for the info
|
|switch|p1a: Sableye|Sableye-Mega, F|303\/303
|move|p2a: Go Go Mike|Draco Meteor|p1a: Sableye
|-damage|p1a: Sableye|153\/303
|-unboost|p2a: Go Go Mike|spa|2
|
|turn|24
|c| Appreciation|apedingo
|c| Appreciation|you have such an awful match up,,
|c|âApedingo|yeah well look at that team....literally nothing more than stalling
|c| Appreciation|he has a counter for all of your mons
|
|switch|p2a: AWESOM-O 4000|Metagross-Mega|90\/301
|-damage|p2a: AWESOM-O 4000|53\/301|[from] Spikes
|-damage|p2a: AWESOM-O 4000|35\/301|[from] Stealth Rock
|move|p1a: Sableye|Recover|p1a: Sableye
|-heal|p1a: Sableye|303\/303
|
|turn|25
|
|switch|p1a: Skarmory|Skarmory, M|334\/334
|move|p2a: AWESOM-O 4000|Meteor Mash|p1a: Skarmory
|-resisted|p1a: Skarmory
|-damage|p1a: Skarmory|270\/334
|-boost|p2a: AWESOM-O 4000|atk|1
|
|turn|26
|
|move|p2a: AWESOM-O 4000|Ice Punch|p1a: Skarmory
|-damage|p1a: Skarmory|153\/334
|move|p1a: Skarmory|Counter|p2a: AWESOM-O 4000
|-damage|p2a: AWESOM-O 4000|0 fnt
|faint|p2a: AWESOM-O 4000
|
|c|âApedingo|yeah but im not gonna change it for this. thought that everyone would stop with their stalling teams by now
|c| Appreciation|n
|
|switch|p2a: Go Go Mike|Latios, M|190\/301
|-damage|p2a: Go Go Mike|153\/301|[from] Stealth Rock
|turn|27
|
|switch|p1a: Sableye|Sableye-Mega, F|303\/303
|move|p2a: Go Go Mike|Surf|p1a: Sableye
|-damage|p1a: Sableye|229\/303
|
|turn|28
|
|move|p2a: Go Go Mike|Surf|p1a: Sableye
|-damage|p1a: Sableye|152\/303
|move|p1a: Sableye|Recover|p1a: Sableye
|-heal|p1a: Sableye|303\/303
|
|turn|29
|c|âApedingo|well they should
|
|move|p2a: Go Go Mike|Surf|p1a: Sableye
|-damage|p1a: Sableye|237\/303
|move|p1a: Sableye|Will-O-Wisp|p2a: Go Go Mike
|-status|p2a: Go Go Mike|brn
|
|-damage|p2a: Go Go Mike|116\/301 brn|[from] brn
|turn|30
|
|move|p2a: Go Go Mike|Draco Meteor|p1a: Sableye
|-damage|p1a: Sableye|75\/303
|-unboost|p2a: Go Go Mike|spa|2
|move|p1a: Sableye|Recover|p1a: Sableye
|-heal|p1a: Sableye|227\/303
|
|-damage|p2a: Go Go Mike|79\/301 brn|[from] brn
|turn|31
|
|move|p2a: Go Go Mike|Surf|p1a: Sableye
|-damage|p1a: Sableye|191\/303
|move|p1a: Sableye|Recover|p1a: Sableye
|-heal|p1a: Sableye|303\/303
|
|-damage|p2a: Go Go Mike|42\/301 brn|[from] brn
|turn|32
|
|move|p2a: Go Go Mike|Draco Meteor|p1a: Sableye
|-damage|p1a: Sableye|233\/303
|-unboost|p2a: Go Go Mike|spa|2
|move|p1a: Sableye|Recover|p1a: Sableye
|-heal|p1a: Sableye|303\/303
|
|-damage|p2a: Go Go Mike|5\/301 brn|[from] brn
|turn|33
|
|move|p2a: Go Go Mike|Draco Meteor|p1a: Sableye
|-crit|p1a: Sableye
|-damage|p1a: Sableye|66\/303
|-unboost|p2a: Go Go Mike|spa|2
|move|p1a: Sableye|Recover|p1a: Sableye
|-heal|p1a: Sableye|218\/303
|
|-damage|p2a: Go Go Mike|0 fnt|[from] brn
|faint|p2a: Go Go Mike
|
|switch|p2a: Damn Cute Bunny|Azumarill, F|251\/401
|-damage|p2a: Damn Cute Bunny|201\/401|[from] Stealth Rock
|-damage|p2a: Damn Cute Bunny|151\/401|[from] Spikes
|turn|34
|
|switch|p1a: Quagsire|Quagsire, F|393\/393
|move|p2a: Damn Cute Bunny|Play Rough|p1a: Quagsire
|-damage|p1a: Quagsire|249\/393
|
|turn|35
|
|move|p2a: Damn Cute Bunny|Play Rough|p1a: Quagsire
|-damage|p1a: Quagsire|104\/393
|-unboost|p1a: Quagsire|atk|1
|move|p1a: Quagsire|Recover|p1a: Quagsire
|-heal|p1a: Quagsire|301\/393
|
|turn|36
|
|move|p2a: Damn Cute Bunny|Play Rough|p1a: Quagsire
|-damage|p1a: Quagsire|151\/393
|move|p1a: Quagsire|Recover|p1a: Quagsire
|-heal|p1a: Quagsire|348\/393
|
|turn|37
|
|move|p2a: Damn Cute Bunny|Play Rough|p1a: Quagsire
|-damage|p1a: Quagsire|185\/393
|move|p1a: Quagsire|Earthquake|p2a: Damn Cute Bunny
|-damage|p2a: Damn Cute Bunny|64\/401
|
|turn|38
|
|move|p2a: Damn Cute Bunny|Play Rough|p1a: Quagsire
|-damage|p1a: Quagsire|41\/393
|move|p1a: Quagsire|Recover|p1a: Quagsire
|-heal|p1a: Quagsire|238\/393
|
|turn|39
|
|move|p2a: Damn Cute Bunny|Play Rough|p1a: Quagsire
|-damage|p1a: Quagsire|87\/393
|move|p1a: Quagsire|Recover|p1a: Quagsire
|-heal|p1a: Quagsire|284\/393
|
|turn|40
|
|move|p2a: Damn Cute Bunny|Play Rough|p1a: Quagsire
|-damage|p1a: Quagsire|127\/393
|move|p1a: Quagsire|Recover|p1a: Quagsire
|-heal|p1a: Quagsire|324\/393
|
|turn|41
|
|move|p2a: Damn Cute Bunny|Play Rough|p1a: Quagsire
|-damage|p1a: Quagsire|162\/393
|move|p1a: Quagsire|Recover|p1a: Quagsire
|-heal|p1a: Quagsire|359\/393
|
|turn|42
|
|move|p2a: Damn Cute Bunny|Play Rough|p1a: Quagsire
|-crit|p1a: Quagsire
|-damage|p1a: Quagsire|122\/393
|-unboost|p1a: Quagsire|atk|1
|move|p1a: Quagsire|Earthquake|p2a: Damn Cute Bunny
|-damage|p2a: Damn Cute Bunny|0 fnt
|faint|p2a: Damn Cute Bunny
|
|-message|Apedingo forfeited.
|leave|Apedingo
|
|win|CleanerThanRotom-W
|raw|Ladder updating...
|player|p2
|raw|CleanerThanRotom-W's rating: 1853 &rarr; <strong>1866<\/strong><br \/>(+13 for winning)
|raw|Apedingo's rating: 1728 &rarr; <strong>1715<\/strong><br \/>(-13 for losing)
|leave|Appreciation