|join|RKO in mid-air
|join|michael 666
|player|p1|RKO in mid-air|225
|player|p2|michael 666|266
|gametype|singles
|gen|6
|tier|UU
|rated
|rule|Sleep Clause Mod: Limit one foe put to sleep
|rule|Species Clause: Limit one of each PokÃ©mon
|rule|OHKO Clause: OHKO moves are banned
|rule|Moody Clause: Moody is banned
|rule|Evasion Moves Clause: Evasion moves are banned
|rule|Endless Battle Clause: Forcing endless battles is banned
|rule|HP Percentage Mod: HP is shown in percentages
|clearpoke
|poke|p1|Mienshao, F
|poke|p1|Chandelure, M
|poke|p1|Jirachi
|poke|p1|Krookodile, M
|poke|p1|Blastoise, F
|poke|p1|Rotom-Mow
|poke|p2|Hydreigon, F
|poke|p2|Jirachi
|poke|p2|Arcanine, F
|poke|p2|Zygarde
|poke|p2|Trevenant, M
|poke|p2|Swampert, F
|rule|Swagger Clause: Swagger is banned
|rule|Baton Pass Clause: Limit one PokÃ©mon knowing Baton Pass
|teampreview
|
|start
|switch|p1a: Rotom-Mow|Rotom-Mow|269\/269
|switch|p2a: Swampert|Swampert, F|342\/342
|turn|1
|
|switch|p2a: Arcanine|Arcanine, F|384\/384
|-ability|p2a: Arcanine|Intimidate|[of] p1a: Rotom-Mow
|-unboost|p1a: Rotom-Mow|atk|1
|move|p1a: Rotom-Mow|Volt Switch|p2a: Arcanine
|-damage|p2a: Arcanine|164\/384
|
|switch|p1a: Blastoise|Blastoise, F|345\/345
|
|-heal|p2a: Arcanine|188\/384|[from] item: Leftovers
|turn|2
|
|switch|p2a: Swampert|Swampert, F|342\/342
|detailschange|p1a: Blastoise|Blastoise-Mega, F
|-mega|p1a: Blastoise|Blastoise|Blastoisinite
|move|p1a: Blastoise|Dragon Pulse|p2a: Swampert
|-damage|p2a: Swampert|157\/342
|
|turn|3
|
|detailschange|p2a: Swampert|Swampert-Mega, F
|-mega|p2a: Swampert|Swampert|Swampertite
|move|p2a: Swampert|Stealth Rock|p1a: Blastoise
|-sidestart|p1: RKO in mid-air|move: Stealth Rock
|move|p1a: Blastoise|Dark Pulse|p2a: Swampert
|-damage|p2a: Swampert|17\/342
|
|turn|4
|
|move|p2a: Swampert|Earthquake|p1a: Blastoise
|-damage|p1a: Blastoise|162\/345
|move|p1a: Blastoise|Rapid Spin|p2a: Swampert
|-damage|p2a: Swampert|4\/342
|-sideend|p1: RKO in mid-air|Stealth Rock|[from] move: Rapid Spin|[of] p1a: Blastoise
|
|turn|5
|
|move|p2a: Swampert|Stealth Rock|p1a: Blastoise
|-sidestart|p1: RKO in mid-air|move: Stealth Rock
|move|p1a: Blastoise|Rapid Spin|p2a: Swampert
|-damage|p2a: Swampert|0 fnt
|-sideend|p1: RKO in mid-air|Stealth Rock|[from] move: Rapid Spin|[of] p1a: Blastoise
|faint|p2a: Swampert
|
|
|switch|p2a: Hydreigon|Hydreigon, F|325\/325
|turn|6
|
|move|p2a: Hydreigon|Draco Meteor|p1a: Blastoise
|-crit|p1a: Blastoise
|-damage|p1a: Blastoise|0 fnt
|-unboost|p2a: Hydreigon|spa|2
|faint|p1a: Blastoise
|
|
|switch|p1a: Mienshao|Mienshao, F|271\/271
|turn|7
|
|switch|p2a: Arcanine|Arcanine, F|188\/384
|-ability|p2a: Arcanine|Intimidate|[of] p1a: Mienshao
|-unboost|p1a: Mienshao|atk|1
|move|p1a: Mienshao|U-turn|p2a: Arcanine
|-resisted|p2a: Arcanine
|-damage|p2a: Arcanine|163\/384
|
|switch|p1a: Chandelure|Chandelure, M|281\/281
|
|-heal|p2a: Arcanine|187\/384|[from] item: Leftovers
|turn|8
|
|switch|p1a: Mienshao|Mienshao, F|271\/271
|switch|p2a: Hydreigon|Hydreigon, F|325\/325
|
|turn|9
|
|switch|p2a: Trevenant|Trevenant, M|374\/374
|move|p1a: Mienshao|High Jump Kick|p2a: Trevenant
|-immune|p2a: Trevenant|[msg]
|-damage|p1a: Mienshao|136\/271|[from] highjumpkick
|
|turn|10
|
|switch|p1a: Chandelure|Chandelure, M|281\/281
|move|p2a: Trevenant|Substitute|p2a: Trevenant
|-start|p2a: Trevenant|Substitute
|-damage|p2a: Trevenant|281\/374
|
|turn|11
|
|move|p1a: Chandelure|Substitute|p1a: Chandelure
|-start|p1a: Chandelure|Substitute
|-damage|p1a: Chandelure|211\/281
|move|p2a: Trevenant|Shadow Claw|p1a: Chandelure
|-supereffective|p1a: Chandelure
|-end|p1a: Chandelure|Substitute
|
|-heal|p1a: Chandelure|228\/281|[from] item: Leftovers
|turn|12
|
|switch|p1a: Krookodile|Krookodile, M|355\/355
|-activate|p2a: Trevenant|Substitute|ability: Intimidate|[of] p1a: Krookodile
|move|p2a: Trevenant|Shadow Claw|p1a: Krookodile
|-resisted|p1a: Krookodile
|-damage|p1a: Krookodile|297\/355
|
|turn|13
|
|move|p1a: Krookodile|Knock Off|p2a: Trevenant
|-supereffective|p2a: Trevenant
|-end|p2a: Trevenant|Substitute
|move|p2a: Trevenant|Horn Leech|p1a: Krookodile
|-supereffective|p1a: Krookodile
|-damage|p1a: Krookodile|69\/355
|-heal|p2a: Trevenant|374\/374|[from] drain|[of] p1a: Krookodile
|
|turn|14
|
|move|p1a: Krookodile|Pursuit|p2a: Trevenant|[from]Pursuit
|-supereffective|p2a: Trevenant
|-damage|p2a: Trevenant|0 fnt
|faint|p2a: Trevenant
|
|
|switch|p2a: Zygarde|Zygarde|357\/357
|-ability|p2a: Zygarde|Aura Break
|turn|15
|
|move|p2a: Zygarde|Dragon Dance|p2a: Zygarde
|-boost|p2a: Zygarde|atk|1
|-boost|p2a: Zygarde|spe|1
|move|p1a: Krookodile|Knock Off|p2a: Zygarde
|-damage|p2a: Zygarde|201\/357
|-enditem|p2a: Zygarde|Leftovers|[from] move: Knock Off|[of] p1a: Krookodile
|
|turn|16
|
|move|p2a: Zygarde|Dragon Dance|p2a: Zygarde
|-boost|p2a: Zygarde|atk|1
|-boost|p2a: Zygarde|spe|1
|move|p1a: Krookodile|Earthquake|p2a: Zygarde
|-damage|p2a: Zygarde|51\/357
|
|turn|17
|
|switch|p1a: Rotom-Mow|Rotom-Mow|269\/269
|move|p2a: Zygarde|Extreme Speed|p1a: Rotom-Mow
|-damage|p1a: Rotom-Mow|96\/269
|
|turn|18
|
|switch|p1a: Krookodile|Krookodile, M|69\/355
|-ability|p1a: Krookodile|Intimidate|[of] p2a: Zygarde
|-unboost|p2a: Zygarde|atk|1
|move|p2a: Zygarde|Extreme Speed|p1a: Krookodile
|-damage|p1a: Krookodile|0 fnt
|faint|p1a: Krookodile
|
|c|âRKO in mid-air|i think i choked so hard
|
|switch|p1a: Jirachi|Jirachi|341\/341
|turn|19
|
|move|p2a: Zygarde|Earthquake|p1a: Jirachi
|-supereffective|p1a: Jirachi
|-damage|p1a: Jirachi|0 fnt
|faint|p1a: Jirachi
|
|
|switch|p1a: Mienshao|Mienshao, F|136\/271
|turn|20
|
|move|p2a: Zygarde|Extreme Speed|p1a: Mienshao
|-damage|p1a: Mienshao|0 fnt
|faint|p1a: Mienshao
|
|
|switch|p1a: Chandelure|Chandelure, M|228\/281
|turn|21
|
|move|p2a: Zygarde|Earthquake|p1a: Chandelure
|-supereffective|p1a: Chandelure
|-damage|p1a: Chandelure|0 fnt
|faint|p1a: Chandelure
|
|
|switch|p1a: Rotom-Mow|Rotom-Mow|96\/269
|turn|22
|
|move|p2a: Zygarde|Outrage|p1a: Rotom-Mow
|-damage|p1a: Rotom-Mow|0 fnt
|faint|p1a: Rotom-Mow
|
|win|michael 666
|raw|Ladder updating...
|c|âmichael 666|gg
|raw|RKO in mid-air's rating: 1489 &rarr; <strong>1463<\/strong><br \/>(-26 for losing)
|raw|michael 666's rating: 1389 &rarr; <strong>1415<\/strong><br \/>(+26 for winning)
|c|âRKO in mid-air|yeah
|c|âRKO in mid-air|gg