|join|oh no oh no
|join|RKO in mid-air
|player|p1|oh no oh no|157
|player|p2|RKO in mid-air|225
|gametype|singles
|gen|6
|tier|UU
|rated
|rule|Sleep Clause Mod: Limit one foe put to sleep
|rule|Species Clause: Limit one of each PokÃ©mon
|rule|OHKO Clause: OHKO moves are banned
|rule|Moody Clause: Moody is banned
|rule|Evasion Moves Clause: Evasion moves are banned
|rule|Endless Battle Clause: Forcing endless battles is banned
|rule|HP Percentage Mod: HP is shown in percentages
|clearpoke
|poke|p1|Chesnaught, F
|poke|p1|Donphan, F
|poke|p1|Chandelure, F
|poke|p1|Umbreon, F
|poke|p1|Blissey, F
|poke|p1|Suicune
|poke|p2|Mienshao, F
|poke|p2|Chandelure, F
|poke|p2|Jirachi
|poke|p2|Krookodile, M
|poke|p2|Blastoise, M
|poke|p2|Rotom-Mow
|rule|Swagger Clause: Swagger is banned
|rule|Baton Pass Clause: Limit one PokÃ©mon knowing Baton Pass
|teampreview
|
|start
|switch|p1a: Big Lez|Donphan, F|381\/381
|switch|p2a: Rotom-Mow|Rotom-Mow|269\/269
|turn|1
|
|switch|p1a: Sassy|Chandelure, F|261\/261
|move|p2a: Rotom-Mow|Volt Switch|p1a: Sassy
|-damage|p1a: Sassy|81\/261
|
|switch|p2a: Krookodile|Krookodile, M|355\/355
|-ability|p2a: Krookodile|Intimidate|[of] p1a: Sassy
|-unboost|p1a: Sassy|atk|1
|
|turn|2
|
|move|p1a: Sassy|Energy Ball|p2a: Krookodile
|-supereffective|p2a: Krookodile
|-damage|p2a: Krookodile|41\/355
|move|p2a: Krookodile|Pursuit|p1a: Sassy
|-supereffective|p1a: Sassy
|-damage|p1a: Sassy|0 fnt
|faint|p1a: Sassy
|
|
|switch|p1a: Clarence|Chesnaught, F|377\/377
|turn|3
|
|move|p2a: Krookodile|Stealth Rock|p1a: Clarence
|-sidestart|p1: oh no oh no|move: Stealth Rock
|move|p1a: Clarence|Spikes|p2a: Krookodile
|-sidestart|p2: RKO in mid-air|Spikes
|
|turn|4
|
|move|p2a: Krookodile|Knock Off|p1a: Clarence
|-resisted|p1a: Clarence
|-damage|p1a: Clarence|320\/377
|-enditem|p1a: Clarence|Leftovers|[from] move: Knock Off|[of] p2a: Krookodile
|move|p1a: Clarence|Leech Seed|p2a: Krookodile
|-start|p2a: Krookodile|move: Leech Seed
|
|-damage|p2a: Krookodile|0 fnt|[from] Leech Seed|[of] p1a: Clarence
|-heal|p1a: Clarence|361\/377|[silent]
|faint|p2a: Krookodile
|
|switch|p2a: Chandelure|Chandelure, F|281\/281
|-damage|p2a: Chandelure|246\/281|[from] Spikes
|turn|5
|
|switch|p1a: Quinton|Umbreon, F|394\/394
|-damage|p1a: Quinton|345\/394|[from] Stealth Rock
|move|p2a: Chandelure|Shadow Ball|p1a: Quinton
|-resisted|p1a: Quinton
|-damage|p1a: Quinton|300\/394
|
|-heal|p2a: Chandelure|263\/281|[from] item: Leftovers
|-heal|p1a: Quinton|324\/394|[from] item: Leftovers
|turn|6
|
|switch|p2a: Mienshao|Mienshao, F|271\/271
|-damage|p2a: Mienshao|238\/271|[from] Spikes
|move|p1a: Quinton|Toxic|p2a: Mienshao|[miss]
|-miss|p1a: Quinton|p2a: Mienshao
|
|-heal|p1a: Quinton|348\/394|[from] item: Leftovers
|turn|7
|
|switch|p1a: Clarence|Chesnaught, F|361\/377
|-damage|p1a: Clarence|338\/377|[from] Stealth Rock
|move|p2a: Mienshao|U-turn|p1a: Clarence
|-damage|p1a: Clarence|289\/377
|
|switch|p2a: Chandelure|Chandelure, F|263\/281
|-damage|p2a: Chandelure|228\/281|[from] Spikes
|
|-heal|p2a: Chandelure|245\/281|[from] item: Leftovers
|turn|8
|
|move|p1a: Clarence|Spiky Shield|p1a: Clarence
|-singleturn|p1a: Clarence|move: Protect
|move|p2a: Chandelure|Substitute|p2a: Chandelure
|-start|p2a: Chandelure|Substitute
|-damage|p2a: Chandelure|175\/281
|
|-heal|p2a: Chandelure|192\/281|[from] item: Leftovers
|turn|9
|
|switch|p1a: Quinton|Umbreon, F|348\/394
|-damage|p1a: Quinton|299\/394|[from] Stealth Rock
|move|p2a: Chandelure|Flamethrower|p1a: Quinton
|-damage|p1a: Quinton|197\/394
|
|-heal|p2a: Chandelure|209\/281|[from] item: Leftovers
|-heal|p1a: Quinton|221\/394|[from] item: Leftovers
|turn|10
|
|move|p2a: Chandelure|Calm Mind|p2a: Chandelure
|-boost|p2a: Chandelure|spa|1
|-boost|p2a: Chandelure|spd|1
|move|p1a: Quinton|Foul Play|p2a: Chandelure
|-supereffective|p2a: Chandelure
|-end|p2a: Chandelure|Substitute
|
|-heal|p2a: Chandelure|226\/281|[from] item: Leftovers
|-heal|p1a: Quinton|245\/394|[from] item: Leftovers
|turn|11
|
|move|p2a: Chandelure|Flamethrower|p1a: Quinton
|-damage|p1a: Quinton|85\/394
|move|p1a: Quinton|Foul Play|p2a: Chandelure
|-supereffective|p2a: Chandelure
|-damage|p2a: Chandelure|118\/281
|
|-heal|p2a: Chandelure|135\/281|[from] item: Leftovers
|-heal|p1a: Quinton|109\/394|[from] item: Leftovers
|turn|12
|
|move|p2a: Chandelure|Flamethrower|p1a: Quinton
|-damage|p1a: Quinton|0 fnt
|faint|p1a: Quinton
|
|-heal|p2a: Chandelure|152\/281|[from] item: Leftovers
|
|switch|p1a: Donny the Dealer|Suicune|404\/404
|-damage|p1a: Donny the Dealer|354\/404|[from] Stealth Rock
|-ability|p1a: Donny the Dealer|Pressure
|turn|13
|
|switch|p2a: Rotom-Mow|Rotom-Mow|269\/269
|move|p1a: Donny the Dealer|Scald|p2a: Rotom-Mow
|-resisted|p2a: Rotom-Mow
|-damage|p2a: Rotom-Mow|231\/269
|
|-heal|p1a: Donny the Dealer|379\/404|[from] item: Leftovers
|turn|14
|
|switch|p1a: Big Lez|Donphan, F|381\/381
|-damage|p1a: Big Lez|358\/381|[from] Stealth Rock
|move|p2a: Rotom-Mow|Volt Switch|p1a: Big Lez
|-immune|p1a: Big Lez|[msg]
|
|-heal|p1a: Big Lez|381\/381|[from] item: Leftovers
|turn|15
|
|switch|p2a: Blastoise|Blastoise, M|345\/345
|-damage|p2a: Blastoise|302\/345|[from] Spikes
|move|p1a: Big Lez|Earthquake|p2a: Blastoise
|-damage|p2a: Blastoise|160\/345
|
|turn|16
|
|switch|p1a: Clarence|Chesnaught, F|289\/377
|-damage|p1a: Clarence|266\/377|[from] Stealth Rock
|detailschange|p2a: Blastoise|Blastoise-Mega, M
|-mega|p2a: Blastoise|Blastoise|Blastoisinite
|move|p2a: Blastoise|Dragon Pulse|p1a: Clarence
|-damage|p1a: Clarence|63\/377
|
|turn|17
|
|switch|p1a: Norton|Blissey, F|657\/657
|-damage|p1a: Norton|575\/657|[from] Stealth Rock
|move|p2a: Blastoise|Dragon Pulse|p1a: Norton
|-damage|p1a: Norton|472\/657
|
|-heal|p1a: Norton|513\/657|[from] item: Leftovers
|turn|18
|
|move|p2a: Blastoise|Rapid Spin|p1a: Norton
|-damage|p1a: Norton|488\/657
|-sideend|p2: RKO in mid-air|Spikes|[from] move: Rapid Spin|[of] p2a: Blastoise
|move|p1a: Norton|Seismic Toss|p2a: Blastoise
|-damage|p2a: Blastoise|60\/345
|
|-heal|p1a: Norton|529\/657|[from] item: Leftovers
|turn|19
|
|switch|p2a: Jirachi|Jirachi|341\/341
|switch|p1a: Big Lez|Donphan, F|381\/381
|-damage|p1a: Big Lez|358\/381|[from] Stealth Rock
|
|-heal|p1a: Big Lez|381\/381|[from] item: Leftovers
|turn|20
|
|move|p2a: Jirachi|Toxic|p1a: Big Lez
|-status|p1a: Big Lez|tox
|move|p1a: Big Lez|Knock Off|p2a: Jirachi
|-supereffective|p2a: Jirachi
|-damage|p2a: Jirachi|161\/341
|-enditem|p2a: Jirachi|Leftovers|[from] move: Knock Off|[of] p1a: Big Lez
|
|-damage|p1a: Big Lez|358\/381 tox|[from] psn
|turn|21
|
|switch|p2a: Blastoise|Blastoise-Mega, M|60\/345
|move|p1a: Big Lez|Stealth Rock|p2a: Blastoise
|-sidestart|p2: RKO in mid-air|move: Stealth Rock
|
|-heal|p1a: Big Lez|381\/381 tox|[from] item: Leftovers
|-damage|p1a: Big Lez|335\/381 tox|[from] psn
|turn|22
|
|move|p2a: Blastoise|Hydro Pump|p1a: Big Lez
|-supereffective|p1a: Big Lez
|-damage|p1a: Big Lez|0 fnt
|faint|p1a: Big Lez
|
|
|switch|p1a: Donny the Dealer|Suicune|379\/404
|-damage|p1a: Donny the Dealer|329\/404|[from] Stealth Rock
|-ability|p1a: Donny the Dealer|Pressure
|turn|23
|
|switch|p2a: Rotom-Mow|Rotom-Mow|231\/269
|-damage|p2a: Rotom-Mow|198\/269|[from] Stealth Rock
|move|p1a: Donny the Dealer|Scald|p2a: Rotom-Mow
|-resisted|p2a: Rotom-Mow
|-damage|p2a: Rotom-Mow|155\/269
|
|-heal|p1a: Donny the Dealer|354\/404|[from] item: Leftovers
|turn|24
|
|switch|p1a: Clarence|Chesnaught, F|63\/377
|-damage|p1a: Clarence|40\/377|[from] Stealth Rock
|move|p2a: Rotom-Mow|Volt Switch|p1a: Clarence
|-resisted|p1a: Clarence
|-damage|p1a: Clarence|0 fnt
|faint|p1a: Clarence
|
|switch|p2a: Blastoise|Blastoise-Mega, M|60\/345
|-damage|p2a: Blastoise|17\/345|[from] Stealth Rock
|
|
|switch|p1a: Donny the Dealer|Suicune|354\/404
|-damage|p1a: Donny the Dealer|304\/404|[from] Stealth Rock
|-ability|p1a: Donny the Dealer|Pressure
|turn|25
|
|move|p2a: Blastoise|Rapid Spin|p1a: Donny the Dealer
|-damage|p1a: Donny the Dealer|296\/404
|-sideend|p2: RKO in mid-air|Stealth Rock|[from] move: Rapid Spin|[of] p2a: Blastoise
|move|p1a: Donny the Dealer|Scald|p2a: Blastoise
|-crit|p2a: Blastoise
|-resisted|p2a: Blastoise
|-damage|p2a: Blastoise|0 fnt
|faint|p2a: Blastoise
|
|-heal|p1a: Donny the Dealer|321\/404|[from] item: Leftovers
|
|switch|p2a: Rotom-Mow|Rotom-Mow|155\/269
|turn|26
|
|move|p2a: Rotom-Mow|Volt Switch|p1a: Donny the Dealer
|-supereffective|p1a: Donny the Dealer
|-damage|p1a: Donny the Dealer|0 fnt
|faint|p1a: Donny the Dealer
|-message|oh no oh no forfeited.
|leave|oh no oh no
|
|switch|p2a: Chandelure|Chandelure, F|152\/281
|
|-heal|p2a: Chandelure|169\/281|[from] item: Leftovers
|
|win|RKO in mid-air
|raw|Ladder updating...
|player|p1
|c|âRKO in mid-air|gg
|raw|oh no oh no's rating: 1539 &rarr; <strong>1514<\/strong><br \/>(-25 for losing)
|raw|RKO in mid-air's rating: 1443 &rarr; <strong>1468<\/strong><br \/>(+25 for winning)