|join|tbh js imo
|join|Ox the Box
|c|âOx the Box|ffs
|c|âtbh js imo|rofl
|c|âOx the Box|I was trying to snipe reverb
|player|p1|tbh js imo|33
|player|p2|Ox the Box|201
|gametype|singles
|gen|6
|tier|OU
|rated
|clearpoke
|poke|p1|Diancie
|poke|p1|Ferrothorn, F
|poke|p1|Rotom-Wash
|poke|p1|Hawlucha, M
|poke|p1|Latios, M
|poke|p1|Landorus, M
|poke|p2|Archeops, F
|poke|p2|Cacturne, M
|poke|p2|Diancie
|poke|p2|Weavile, M
|poke|p2|Gengar, M
|poke|p2|Landorus-Therian, M
|rule|Swagger Clause: Swagger is banned
|rule|Baton Pass Clause: Limit one PokÃ©mon knowing Baton Pass
|rule|Sleep Clause Mod: Limit one foe put to sleep
|rule|Species Clause: Limit one of each PokÃ©mon
|rule|OHKO Clause: OHKO moves are banned
|rule|Moody Clause: Moody is banned
|rule|Evasion Moves Clause: Evasion moves are banned
|rule|Endless Battle Clause: Forcing endless battles is banned
|rule|HP Percentage Mod: HP is shown in percentages
|teampreview
|c|âtbh js imo|never played with this before o.O
|c|âOx the Box|with what
|c|âtbh js imo|psure it sucks dick
|c|âtbh js imo|this team
|c|âOx the Box|o
|
|start
|switch|p1a: Rotom-Wash|Rotom-Wash|303\/303
|switch|p2a: Cacturne|Cacturne, M|281\/281
|turn|1
|
|switch|p1a: Ferrothorn|Ferrothorn, F|352\/352
|move|p2a: Cacturne|Spikes|p1a: Ferrothorn
|-sidestart|p1: tbh js imo|Spikes
|
|turn|2
|
|switch|p2a: Archeops|Archeops, F|291\/291
|move|p1a: Ferrothorn|Gyro Ball|p2a: Archeops
|-supereffective|p2a: Archeops
|-enditem|p2a: Archeops|Focus Sash
|-damage|p2a: Archeops|1\/291
|
|turn|3
|
|move|p2a: Archeops|Endeavor|p1a: Ferrothorn
|-damage|p1a: Ferrothorn|1\/352
|-damage|p2a: Archeops|0 fnt|[from] ability: Iron Barbs|[of] p1a: Ferrothorn
|faint|p2a: Archeops
|move|p1a: Ferrothorn|Gyro Ball|p2: Archeops|[notarget]
|-notarget
|
|-heal|p1a: Ferrothorn|23\/352|[from] item: Leftovers
|c|âtbh js imo|comeone
|c|âtbh js imo|cancel
|c|âOx the Box|what did u cancel into
|c|âtbh js imo|sr
|c|âOx the Box|rocks?
|c|âOx the Box|oh
|c|âOx the Box|well I just needed dis weakened
|c|âtbh js imo|for diancie yea
|c|âOx the Box|brb winning with diancie or weavile
|c|âtbh js imo|rofl
|
|switch|p2a: Diancie|Diancie|241\/241
|turn|4
|
|detailschange|p2a: Diancie|Diancie-Mega
|-mega|p2a: Diancie|Diancie|Diancite
|move|p2a: Diancie|Moonblast|p1a: Ferrothorn
|-resisted|p1a: Ferrothorn
|-damage|p1a: Ferrothorn|0 fnt
|faint|p1a: Ferrothorn
|
|c|âOx the Box|rocks would have been nice tho
|c|âtbh js imo|sr helps lucha win
|
|switch|p1a: Landorus|Landorus, M|319\/319
|turn|5
|c|âOx the Box|shuold I go weavile predicting psychic
|c|âtbh js imo|ye
|c|âOx the Box|or is that too good of a play
|c|âtbh js imo|go lando
|c|âtbh js imo|imo
|c|âOx the Box|ok
|c|âtbh js imo|on the earth power
|c|âOx the Box|ill go lando
|
|switch|p2a: Landorus-Therian|Landorus-Therian, M|319\/319
|-ability|p2a: Landorus-Therian|Intimidate|[of] p1a: Landorus
|-unboost|p1a: Landorus|atk|1
|move|p1a: Landorus|Earth Power|p2a: Landorus-Therian
|-immune|p2a: Landorus-Therian|[msg]
|
|turn|6
|join|Stoned Zard
|c|âOx the Box|no reason not to psychic ;c
|c|âtbh js imo|boom
|c|âtbh js imo|here
|c|âOx the Box|couldn't even ohko u
|c|âOx the Box|nahhh
|c|âOx the Box|stone edge
|c|âtbh js imo|na if u moonblast i lose
|c|âtbh js imo|lol
|c|âOx the Box|im slower
|c|âOx the Box|;p
|c|âtbh js imo|na
|c|âtbh js imo|ur scarf
|
|move|p2a: Landorus-Therian|Stone Edge|p1a: Landorus
|-damage|p1a: Landorus|177\/319
|move|p1a: Landorus|Psychic|p2a: Landorus-Therian
|-damage|p2a: Landorus-Therian|132\/319
|
|turn|7
|c|âOx the Box|slower on diancie
|c|âOx the Box|just hit please
|c|âtbh js imo|rocks wouldve been so nice
|c|âOx the Box|same for me
|c|âOx the Box|I hate playing without rocks
|
|move|p2a: Landorus-Therian|Stone Edge|p1a: Landorus|[miss]
|-miss|p2a: Landorus-Therian|p1a: Landorus
|move|p1a: Landorus|Psychic|p2a: Landorus-Therian
|-damage|p2a: Landorus-Therian|0 fnt
|faint|p2a: Landorus-Therian
|
|c|âOx the Box|zzz
|c|âtbh js imo|srysry
|c|âtbh js imo|but i die next turn anyway
|c|âOx the Box|oh nvm
|
|switch|p2a: Weavile|Weavile, M|281\/281
|-ability|p2a: Weavile|Pressure
|turn|8
|c|âOx the Box|brb gotta change into shorts
|c|âOx the Box|shorts are nice n comfty
|c|âtbh js imo|ill go hawlucha
|c|âtbh js imo|on the knock off
|c|âtbh js imo|k?
|
|move|p2a: Weavile|Knock Off|p1a: Landorus
|-damage|p1a: Landorus|0 fnt
|-enditem|p1a: Landorus|Life Orb|[from] move: Knock Off|[of] p2a: Weavile
|-damage|p2a: Weavile|253\/281|[from] item: Life Orb
|faint|p1a: Landorus
|
|c| Stoned Zard|lol
|
|switch|p1a: Diancie|Diancie|244\/244
|-damage|p1a: Diancie|214\/244|[from] Spikes
|turn|9
|c|âOx the Box|ill just flinch
|join|Mistaken
|c|âtbh js imo|k
|
|move|p2a: Weavile|Icicle Crash|p1a: Diancie
|-damage|p1a: Diancie|80\/244
|-damage|p2a: Weavile|225\/281|[from] item: Life Orb
|cant|p1a: Diancie|flinch
|
|turn|10
|c|âtbh js imo|rofl
|c|âOx the Box|not hax
|c|âtbh js imo|jaja
|
|move|p2a: Weavile|Icicle Crash|p1a: Diancie
|-damage|p1a: Diancie|0 fnt
|-damage|p2a: Weavile|197\/281|[from] item: Life Orb
|faint|p1a: Diancie
|
|
|switch|p1a: Rotom-Wash|Rotom-Wash|303\/303
|turn|11
|
|move|p2a: Weavile|Knock Off|p1a: Rotom-Wash
|-damage|p1a: Rotom-Wash|155\/303
|-enditem|p1a: Rotom-Wash|Leftovers|[from] move: Knock Off|[of] p2a: Weavile
|-damage|p2a: Weavile|169\/281|[from] item: Life Orb
|move|p1a: Rotom-Wash|Will-O-Wisp|p2a: Weavile
|-status|p2a: Weavile|brn
|
|-damage|p2a: Weavile|134\/281 brn|[from] brn
|turn|12
|c|âOx the Box|please cancel
|c|âOx the Box|please
|
|move|p2a: Weavile|Knock Off|p1a: Rotom-Wash
|-damage|p1a: Rotom-Wash|104\/303
|-damage|p2a: Weavile|106\/281 brn|[from] item: Life Orb
|move|p1a: Rotom-Wash|Volt Switch|p2a: Weavile
|-damage|p2a: Weavile|10\/281 brn
|c|âOx the Box|please
|c|âOx the Box|oh
|c|âOx the Box|didn't cancel but u didn't go lucha
|c|âtbh js imo|why would i go lucha
|c|âtbh js imo|lol
|
|switch|p1a: Latios|Latios, M|301\/301
|
|-damage|p2a: Weavile|0 fnt|[from] brn
|faint|p2a: Weavile
|join|Bloodz
|
|switch|p2a: Diancie|Diancie-Mega|241\/241
|turn|13
|c| Bloodz|OH CACTUS SQUAD
|c|âtbh js imo|brb critting
|
|move|p1a: Latios|Psyshock|p2a: Diancie
|-damage|p2a: Diancie|84\/241
|-damage|p1a: Latios|271\/301|[from] item: Life Orb
|move|p2a: Diancie|Rock Polish|p2a: Diancie
|-boost|p2a: Diancie|spe|2
|
|turn|14
|c|âtbh js imo|wow
|c|âtbh js imo|hax
|c|âtbh js imo|gg
|c|âOx the Box|gg wp
|-message|tbh js imo forfeited.
|leave|tbh js imo
|c|âOx the Box|predicted hax on diancie
|c|âOx the Box|so it didn't matter
|
|win|Ox the Box
|raw|Ladder updating...
|player|p1