|join|Ox the Box
|join|wish killer
|join|chomperstomper
|player|p1|Ox the Box|201
|player|p2|wish killer|68
|gametype|singles
|gen|6
|tier|OU
|rated
|clearpoke
|poke|p1|Charizard, F, shiny
|poke|p1|Venusaur, F, shiny
|poke|p1|Tyranitar, F
|poke|p1|Excadrill, M
|poke|p1|Ferrothorn, F
|poke|p1|Keldeo
|poke|p2|Bisharp, F
|poke|p2|Venusaur, F
|poke|p2|Heatran, M
|poke|p2|Keldeo
|poke|p2|Chansey, F
|poke|p2|Skarmory, M
|rule|Swagger Clause: Swagger is banned
|rule|Baton Pass Clause: Limit one PokÃ©mon knowing Baton Pass
|rule|Sleep Clause Mod: Limit one foe put to sleep
|rule|Species Clause: Limit one of each PokÃ©mon
|rule|OHKO Clause: OHKO moves are banned
|rule|Moody Clause: Moody is banned
|rule|Evasion Moves Clause: Evasion moves are banned
|rule|Endless Battle Clause: Forcing endless battles is banned
|rule|HP Percentage Mod: HP is shown in percentages
|teampreview
|
|start
|switch|p1a: zzz "stall"|Keldeo|323\/323
|switch|p2a: Lil MoB killer|Keldeo|323\/323
|turn|1
|
|switch|p1a: scarf lati|Venusaur, F, shiny|319\/319
|move|p2a: Lil MoB killer|Secret Sword|p1a: scarf lati
|-resisted|p1a: scarf lati
|-damage|p1a: scarf lati|232\/319
|
|turn|2
|join|AM
|
|switch|p2a: uCan'tSeeMe|Heatran, M|340\/340
|-item|p2a: uCan'tSeeMe|Air Balloon
|move|p1a: scarf lati|Sleep Powder|p2a: uCan'tSeeMe|[miss]
|-miss|p1a: scarf lati|p2a: uCan'tSeeMe
|
|turn|3
|c|âOx the Box|,
|join|Jefo
|
|switch|p1a: zzz "stall"|Keldeo|323\/323
|move|p2a: uCan'tSeeMe|Toxic|p1a: zzz "stall"
|-status|p1a: zzz "stall"|tox
|
|-damage|p1a: zzz "stall"|303\/323 tox|[from] psn
|turn|4
|join|jpw234
|
|switch|p2a: Call me Trice|Venusaur, F|364\/364
|move|p1a: zzz "stall"|Scald|p2a: Call me Trice
|-resisted|p2a: Call me Trice
|-damage|p2a: Call me Trice|283\/364
|-status|p2a: Call me Trice|brn
|
|-damage|p1a: zzz "stall"|263\/323 tox|[from] psn
|-damage|p2a: Call me Trice|238\/364 brn|[from] brn
|turn|5
|join|Dark380
|join|lil manaphy
|
|switch|p1a: How to ladder|Charizard, F, shiny|297\/297
|detailschange|p2a: Call me Trice|Venusaur-Mega, F
|-mega|p2a: Call me Trice|Venusaur|Venusaurite
|move|p2a: Call me Trice|Synthesis|p2a: Call me Trice
|-heal|p2a: Call me Trice|364\/364 brn
|
|-damage|p2a: Call me Trice|319\/364 brn|[from] brn
|turn|6
|
|switch|p1a: zzz "stall"|Tyranitar, F|382\/382
|-weather|Sandstorm
|switch|p2a: CleanerThanRotom-W|Chansey, F|684\/684
|
|-weather|Sandstorm|[upkeep]
|-damage|p2a: CleanerThanRotom-W|642\/684|[from] sandstorm
|turn|7
|join|Call me Trice
|c| Call me Trice|wheres poli and kingra nersd
|
|switch|p2a: Zenzoh|Skarmory, M|334\/334
|move|p1a: zzz "stall"|Superpower|p2a: Zenzoh
|-damage|p2a: Zenzoh|180\/334
|-damage|p1a: zzz "stall"|319\/382|[from] item: Rocky Helmet|[of] p2a: Zenzoh
|-unboost|p1a: zzz "stall"|atk|1
|-unboost|p1a: zzz "stall"|def|1
|
|-weather|Sandstorm|[upkeep]
|turn|8
|c| Call me Trice|le band
|
|switch|p1a: How to ladder|Charizard, F, shiny|297\/297
|move|p2a: Zenzoh|Spikes|p1a: How to ladder
|-sidestart|p1: Ox the Box|Spikes
|
|-weather|Sandstorm|[upkeep]
|-damage|p1a: How to ladder|279\/297|[from] sandstorm
|turn|9
|
|switch|p2a: uCan'tSeeMe|Heatran, M|340\/340
|-item|p2a: uCan'tSeeMe|Air Balloon
|detailschange|p1a: How to ladder|Charizard-Mega-Y, F, shiny
|-mega|p1a: How to ladder|Charizard|Charizardite Y
|-weather|SunnyDay
|move|p1a: How to ladder|Focus Blast|p2a: uCan'tSeeMe
|-supereffective|p2a: uCan'tSeeMe
|-damage|p2a: uCan'tSeeMe|14\/340
|-enditem|p2a: uCan'tSeeMe|Air Balloon
|
|-weather|SunnyDay|[upkeep]
|turn|10
|c| Call me Trice|bloody
|join|Gros orteil
|c| Call me Trice|u have a safe chansey..
|c| Call me Trice|._.
|join|grghrw
|
|move|p1a: How to ladder|Solar Beam|p2a: uCan'tSeeMe|[still]
|-prepare|p1a: How to ladder|Solar Beam|p2a: uCan'tSeeMe
|-anim|p1a: How to ladder|Solar Beam|p2a: uCan'tSeeMe
|-resisted|p2a: uCan'tSeeMe
|-damage|p2a: uCan'tSeeMe|0 fnt
|faint|p2a: uCan'tSeeMe
|
|-weather|SunnyDay|[upkeep]
|c| Jefo|he wants rox
|c| Call me Trice|ofc he does
|c| Call me Trice|but he can vs venu
|
|switch|p2a: CleanerThanRotom-W|Chansey, F|642\/684
|turn|11
|c| Call me Trice|ferro
|c| Call me Trice|and well ttar
|c| Call me Trice|._.
|c| Jefo|ttar has spower
|c|âOx the Box|wish killer outside sources tell me u have a crush on manaphy
|join|Fabio96
|
|switch|p1a: zzz "stall"|Tyranitar, F|319\/382
|-damage|p1a: zzz "stall"|272\/382|[from] Spikes
|-weather|Sandstorm
|switch|p2a: Lil MoB killer|Keldeo|323\/323
|
|-weather|Sandstorm|[upkeep]
|-damage|p2a: Lil MoB killer|303\/323|[from] sandstorm
|-heal|p2a: Lil MoB killer|323\/323|[from] item: Leftovers
|turn|12
|c|âOx the Box|can u confirm
|c|+Gros orteil|"cleaner than rotom-w" "a chansey"
|c|+Gros orteil|staaaaaaall
|raw|<div class="broadcast-red"><b>Moderated chat was set to +!<\/b><br \/>Only users of rank + and higher can talk.<\/div>
|
|switch|p1a: zzz "stall"|Keldeo|263\/323 tox
|-damage|p1a: zzz "stall"|223\/323 tox|[from] Spikes
|move|p2a: Lil MoB killer|Icy Wind|p1a: zzz "stall"
|-resisted|p1a: zzz "stall"
|-damage|p1a: zzz "stall"|186\/323 tox
|-unboost|p1a: zzz "stall"|spe|1
|
|-weather|Sandstorm|[upkeep]
|-damage|p2a: Lil MoB killer|303\/323|[from] sandstorm
|-damage|p1a: zzz "stall"|166\/323 tox|[from] sandstorm
|-heal|p2a: Lil MoB killer|323\/323|[from] item: Leftovers
|-damage|p1a: zzz "stall"|146\/323 tox|[from] psn
|turn|13
|c|+Gros orteil|:l
|join|MemedYourMom
|
|move|p2a: Lil MoB killer|Secret Sword|p1a: zzz "stall"
|-damage|p1a: zzz "stall"|0 fnt
|faint|p1a: zzz "stall"
|
|-weather|Sandstorm|[upkeep]
|-damage|p2a: Lil MoB killer|303\/323|[from] sandstorm
|-heal|p2a: Lil MoB killer|323\/323|[from] item: Leftovers
|c|âOx the Box|holy shit you're adapting
|c|âOx the Box|icy wind keldeo now
|
|switch|p1a: How to ladder|Charizard-Mega-Y, F, shiny|279\/297
|-weather|SunnyDay
|turn|14
|
|switch|p2a: CleanerThanRotom-W|Chansey, F|642\/684
|move|p1a: How to ladder|Solar Beam|p2a: CleanerThanRotom-W|[still]
|-prepare|p1a: How to ladder|Solar Beam|p2a: CleanerThanRotom-W
|-anim|p1a: How to ladder|Solar Beam|p2a: CleanerThanRotom-W
|-damage|p2a: CleanerThanRotom-W|541\/684
|
|-weather|SunnyDay|[upkeep]
|turn|15
|
|switch|p1a: zzz "offense"|Excadrill, M|361\/361
|-damage|p1a: zzz "offense"|316\/361|[from] Spikes
|move|p2a: CleanerThanRotom-W|Seismic Toss|p1a: zzz "offense"
|-damage|p1a: zzz "offense"|216\/361
|
|-weather|SunnyDay|[upkeep]
|turn|16
|
|move|p1a: zzz "offense"|Rock Slide|p2a: CleanerThanRotom-W
|-damage|p2a: CleanerThanRotom-W|376\/684
|-damage|p1a: zzz "offense"|180\/361|[from] item: Life Orb
|move|p2a: CleanerThanRotom-W|Seismic Toss|p1a: zzz "offense"
|-damage|p1a: zzz "offense"|80\/361
|
|-weather|SunnyDay|[upkeep]
|turn|17
|join|Zenzoh
|
|move|p1a: zzz "offense"|Rock Slide|p2a: CleanerThanRotom-W
|-damage|p2a: CleanerThanRotom-W|206\/684
|-damage|p1a: zzz "offense"|44\/361|[from] item: Life Orb
|move|p2a: CleanerThanRotom-W|Soft-Boiled|p2a: CleanerThanRotom-W
|-heal|p2a: CleanerThanRotom-W|548\/684
|
|-weather|SunnyDay|[upkeep]
|turn|18
|leave|Jefo
|join|Jefo
|
|switch|p1a: needed filler|Ferrothorn, F|352\/352
|-damage|p1a: needed filler|308\/352|[from] Spikes
|switch|p2a: Zenzoh|Skarmory, M|180\/334
|
|-weather|none
|-heal|p1a: needed filler|330\/352|[from] item: Leftovers
|turn|19
|
|move|p2a: Zenzoh|Spikes|p1a: needed filler
|-sidestart|p1: Ox the Box|Spikes
|move|p1a: needed filler|Stealth Rock|p2a: Zenzoh
|-sidestart|p2: wish killer|move: Stealth Rock
|
|-heal|p1a: needed filler|352\/352|[from] item: Leftovers
|turn|20
|join|Cusho
|leave|Cusho
|
|move|p2a: Zenzoh|Roost|p2a: Zenzoh
|-heal|p2a: Zenzoh|334\/334
|move|p1a: needed filler|Leech Seed|p2a: Zenzoh
|-start|p2a: Zenzoh|move: Leech Seed
|
|-damage|p2a: Zenzoh|293\/334|[from] Leech Seed|[of] p1a: needed filler
|turn|21
|join|hairy toenail
|
|switch|p2a: I came from leddit|Bisharp, F|334\/334
|-damage|p2a: I came from leddit|314\/334|[from] Stealth Rock
|switch|p1a: How to ladder|Charizard-Mega-Y, F, shiny|279\/297
|-weather|SunnyDay
|
|-weather|SunnyDay|[upkeep]
|-heal|p2a: I came from leddit|334\/334|[from] item: Leftovers
|turn|22
|
|switch|p2a: CleanerThanRotom-W|Chansey, F|548\/684
|-damage|p2a: CleanerThanRotom-W|463\/684|[from] Stealth Rock
|move|p1a: How to ladder|Flamethrower|p2a: CleanerThanRotom-W
|-damage|p2a: CleanerThanRotom-W|297\/684
|
|-weather|SunnyDay|[upkeep]
|turn|23
|join|luke317
|
|switch|p1a: zzz "stall"|Tyranitar, F|272\/382
|-damage|p1a: zzz "stall"|209\/382|[from] Spikes
|-weather|Sandstorm
|move|p2a: CleanerThanRotom-W|Soft-Boiled|p2a: CleanerThanRotom-W
|-heal|p2a: CleanerThanRotom-W|639\/684
|
|-weather|Sandstorm|[upkeep]
|-damage|p2a: CleanerThanRotom-W|597\/684|[from] sandstorm
|turn|24
|join|Cusho
|
|switch|p2a: Zenzoh|Skarmory, M|293\/334
|-damage|p2a: Zenzoh|252\/334|[from] Stealth Rock
|move|p1a: zzz "stall"|Superpower|p2a: Zenzoh
|-damage|p2a: Zenzoh|88\/334
|-damage|p1a: zzz "stall"|146\/382|[from] item: Rocky Helmet|[of] p2a: Zenzoh
|-unboost|p1a: zzz "stall"|atk|1
|-unboost|p1a: zzz "stall"|def|1
|
|-weather|Sandstorm|[upkeep]
|turn|25
|
|move|p1a: zzz "stall"|Superpower|p2a: Zenzoh
|-damage|p2a: Zenzoh|0 fnt
|-damage|p1a: zzz "stall"|83\/382|[from] item: Rocky Helmet|[of] p2a: Zenzoh
|-unboost|p1a: zzz "stall"|atk|1
|-unboost|p1a: zzz "stall"|def|1
|faint|p2a: Zenzoh
|
|-weather|Sandstorm|[upkeep]
|
|switch|p2a: Lil MoB killer|Keldeo|323\/323
|-damage|p2a: Lil MoB killer|303\/323|[from] Stealth Rock
|turn|26
|join|RayDalio
|
|switch|p1a: zzz "offense"|Excadrill, M|44\/361
|-damage|p1a: zzz "offense"|0 fnt|[from] Spikes
|faint|p1a: zzz "offense"
|move|p2a: Lil MoB killer|Calm Mind|p2a: Lil MoB killer
|-boost|p2a: Lil MoB killer|spa|1
|-boost|p2a: Lil MoB killer|spd|1
|
|-weather|Sandstorm|[upkeep]
|-damage|p2a: Lil MoB killer|283\/323|[from] sandstorm
|-heal|p2a: Lil MoB killer|303\/323|[from] item: Leftovers
|
|switch|p1a: How to ladder|Charizard-Mega-Y, F, shiny|279\/297
|-weather|SunnyDay
|turn|27
|
|move|p2a: Lil MoB killer|Scald|p1a: How to ladder
|-supereffective|p1a: How to ladder
|-damage|p1a: How to ladder|105\/297
|move|p1a: How to ladder|Solar Beam|p2a: Lil MoB killer|[still]
|-prepare|p1a: How to ladder|Solar Beam|p2a: Lil MoB killer
|-anim|p1a: How to ladder|Solar Beam|p2a: Lil MoB killer
|-supereffective|p2a: Lil MoB killer
|-damage|p2a: Lil MoB killer|51\/323
|
|-weather|SunnyDay|[upkeep]
|-heal|p2a: Lil MoB killer|71\/323|[from] item: Leftovers
|turn|28
|
|switch|p1a: needed filler|Ferrothorn, F|352\/352
|-damage|p1a: needed filler|294\/352|[from] Spikes
|move|p2a: Lil MoB killer|Scald|p1a: needed filler
|-resisted|p1a: needed filler
|-damage|p1a: needed filler|252\/352
|-status|p1a: needed filler|brn
|
|-weather|SunnyDay|[upkeep]
|-heal|p2a: Lil MoB killer|91\/323|[from] item: Leftovers
|-heal|p1a: needed filler|274\/352 brn|[from] item: Leftovers
|-damage|p1a: needed filler|230\/352 brn|[from] brn
|turn|29
|
|move|p2a: Lil MoB killer|Secret Sword|p1a: needed filler
|-supereffective|p1a: needed filler
|-damage|p1a: needed filler|0 fnt
|faint|p1a: needed filler
|
|-weather|SunnyDay|[upkeep]
|-heal|p2a: Lil MoB killer|111\/323|[from] item: Leftovers
|join|4d0pt3d
|
|switch|p1a: scarf lati|Venusaur, F, shiny|232\/319
|-damage|p1a: scarf lati|179\/319|[from] Spikes
|turn|30
|
|switch|p2a: CleanerThanRotom-W|Chansey, F|597\/684
|-damage|p2a: CleanerThanRotom-W|512\/684|[from] Stealth Rock
|move|p1a: scarf lati|Giga Drain|p2a: CleanerThanRotom-W
|-damage|p2a: CleanerThanRotom-W|421\/684
|-heal|p1a: scarf lati|225\/319|[from] drain|[of] p2a: CleanerThanRotom-W
|-damage|p1a: scarf lati|194\/319|[from] item: Life Orb
|
|-weather|SunnyDay|[upkeep]
|turn|31
|
|move|p1a: scarf lati|Sleep Powder|p2a: CleanerThanRotom-W
|-status|p2a: CleanerThanRotom-W|slp
|cant|p2a: CleanerThanRotom-W|slp
|
|-weather|none
|turn|32
|
|move|p1a: scarf lati|Giga Drain|p2a: CleanerThanRotom-W
|-damage|p2a: CleanerThanRotom-W|326\/684 slp
|-heal|p1a: scarf lati|242\/319|[from] drain|[of] p2a: CleanerThanRotom-W
|-damage|p1a: scarf lati|211\/319|[from] item: Life Orb
|-curestatus|p2a: CleanerThanRotom-W|slp
|move|p2a: CleanerThanRotom-W|Thunder Wave|p1a: scarf lati
|-status|p1a: scarf lati|par
|
|turn|33
|c|âOx the Box|WTF
|-message|Ox the Box forfeited.
|c|âOx the Box|bg lucky meanie
|leave|lil manaphy
|join|I'm Virus (~'o')~
|-message|Ox the Box forfeited.
|
|win|wish killer
|raw|Ladder updating...
|leave|Ox the Box
|leave|Call me Trice
|raw|Ox the Box's rating: 1726 &rarr; <strong>1710<\/strong><br \/>(-16 for losing)
|raw|wish killer's rating: 1791 &rarr; <strong>1807<\/strong><br \/>(+16 for winning)
|leave|AM