|join|Ox the Box
|join|zattur
|join|cosine180
|join|Cienight
|join|lil manaphy
|join|Yuttt.ttttt
|player|p1|Ox the Box|201
|player|p2|zattur|275
|gametype|singles
|gen|6
|tier|OU
|rated
|clearpoke
|poke|p1|Archeops, M
|poke|p1|Cacturne, M
|poke|p1|Gyarados, F
|poke|p1|Weavile, F
|poke|p1|Gengar, F
|poke|p1|Landorus-Therian, M
|poke|p2|Scolipede, F, shiny
|poke|p2|Landorus-Therian, M
|poke|p2|Tyranitar, F
|poke|p2|Rotom-Wash
|poke|p2|Gyarados, M, shiny
|poke|p2|Ferrothorn, M
|rule|Swagger Clause: Swagger is banned
|rule|Baton Pass Clause: Limit one PokÃ©mon knowing Baton Pass
|rule|Sleep Clause Mod: Limit one foe put to sleep
|rule|Species Clause: Limit one of each PokÃ©mon
|rule|OHKO Clause: OHKO moves are banned
|rule|Moody Clause: Moody is banned
|rule|Evasion Moves Clause: Evasion moves are banned
|rule|Endless Battle Clause: Forcing endless battles is banned
|rule|HP Percentage Mod: HP is shown in percentages
|teampreview
|join|Super Mario Bros
|c| Cienight|nice good team
|c|âOx the Box|thanks
|c| Cienight|a fucking
|c| Cienight|cacturne
|c| Cienight|man
|c| cosine180|+Ox the Box: using a good team now
|join|TheLaughingCats
|join|ASSCAPTAIN
|
|start
|switch|p1a: Archeops|Archeops, M|291\/291
|switch|p2a: Rotom-Wash|Rotom-Wash|289\/289
|turn|1
|c| cosine180|>has a gengar
|c| ASSCAPTAIN|>has a landorus
|c| cosine180|and a landorus
|
|move|p1a: Archeops|Stealth Rock|p2a: Rotom-Wash
|-sidestart|p2: zattur|move: Stealth Rock
|move|p2a: Rotom-Wash|Hydro Pump|p1a: Archeops|[miss]
|-miss|p2a: Rotom-Wash|p1a: Archeops
|
|turn|2
|c| cosine180|smh
|c| Cienight|skilful
|c| ASSCAPTAIN|playsssss
|c| Yuttt.ttttt|passho
|
|move|p1a: Archeops|Taunt|p2a: Rotom-Wash
|-start|p2a: Rotom-Wash|move: Taunt
|move|p2a: Rotom-Wash|Hydro Pump|p1a: Archeops
|-supereffective|p1a: Archeops
|-enditem|p1a: Archeops|Focus Sash
|-damage|p1a: Archeops|1\/291
|
|turn|3
|c| Yuttt.ttttt|didnt matter
|c| Yuttt.ttttt|wtf
|c| Yuttt.ttttt|nice passho
|c| Yuttt.ttttt|losr
|c| ASSCAPTAIN|fgt
|c| cosine180|why didnt he wisp
|c| cosine180|before
|c| cosine180|o.O
|c| lil manaphy|do you even outspeed
|
|move|p1a: Archeops|Endeavor|p2a: Rotom-Wash
|-damage|p2a: Rotom-Wash|1\/289
|move|p2a: Rotom-Wash|Discharge|p1a: Archeops
|-supereffective|p1a: Archeops
|-damage|p1a: Archeops|0 fnt
|faint|p1a: Archeops
|
|-heal|p2a: Rotom-Wash|19\/289|[from] item: Leftovers
|join|hi im hunter
|c| Yuttt.ttttt|dis man
|c| Yuttt.ttttt|dis charge
|join|Spyir
|c| ASSCAPTAIN|ox have you been winning with this
|c| Cienight|I see what you did there
|c| cosine180|defeatest doesnt half speed
|
|switch|p1a: Landorus-Therian|Landorus-Therian, M|319\/319
|-ability|p1a: Landorus-Therian|Intimidate|[of] p2a: Rotom-Wash
|-unboost|p2a: Rotom-Wash|atk|1
|turn|4
|c|âOx the Box|I win with everything
|
|move|p1a: Landorus-Therian|U-turn|p2a: Rotom-Wash
|-damage|p2a: Rotom-Wash|0 fnt
|faint|p2a: Rotom-Wash
|c| Yuttt.ttttt|wow
|c| cosine180|alright lemme give u a team for the next game
|c| Yuttt.ttttt|u jut got
|c| Yuttt.ttttt|timerd
|c| cosine180|and u try to win with it
|join|Dark380
|c| Yuttt.ttttt|btw u are kinda
|c| Yuttt.ttttt|ferro weak
|c|âOx the Box|ive picked my play
|c| cosine180|aight?
|c| Yuttt.ttttt|js
|
|switch|p1a: Gengar|Gengar, F|261\/261
|
|c|âOx the Box|it's lagging
|c|âOx the Box|hp fire gar
|c|âOx the Box|so it's w.e
|c| Yuttt.ttttt|o
|c| Yuttt.ttttt|still have no switchins :s
|c| cosine180|gengar was the optimal play
|
|switch|p2a: Landorus-Therian|Landorus-Therian, M|319\/319
|-damage|p2a: Landorus-Therian|280\/319|[from] Stealth Rock
|-ability|p2a: Landorus-Therian|Intimidate|[of] p1a: Gengar
|-unboost|p1a: Gengar|atk|1
|turn|5
|c| cosine180|when ur opponent has a scarftar,,
|join|UrsaReign
|c| Yuttt.ttttt|rofl
|join|AM
|join|Bluwing
|leave|Bluwing
|
|switch|p1a: Cacturne|Cacturne, M|281\/281
|move|p2a: Landorus-Therian|Stealth Rock|p1a: Cacturne
|-sidestart|p1: Ox the Box|move: Stealth Rock
|
|-heal|p2a: Landorus-Therian|299\/319|[from] item: Leftovers
|turn|6
|c| Yuttt.ttttt|bop
|
|move|p2a: Landorus-Therian|Earthquake|p1a: Cacturne
|-crit|p1a: Cacturne
|-resisted|p1a: Cacturne
|-damage|p1a: Cacturne|50\/281
|move|p1a: Cacturne|Counter|p2a: Landorus-Therian
|-damage|p2a: Landorus-Therian|0 fnt
|faint|p2a: Landorus-Therian
|
|c| Yuttt.ttttt|rofl
|
|switch|p2a: Scolipede|Scolipede, F, shiny|319\/319
|-damage|p2a: Scolipede|240\/319|[from] Stealth Rock
|turn|7
|c| lil manaphy|i love how ox actually wins with this
|c| UrsaReign|wtf
|join|Jefo
|c| Yuttt.ttttt|use
|c| lil manaphy|CUSTAP
|c| lil manaphy|DBOND
|c| UrsaReign|u turn killed
|c| Yuttt.ttttt|a final gambit team imo
|
|move|p2a: Scolipede|Swords Dance|p2a: Scolipede
|-boost|p2a: Scolipede|atk|2
|move|p1a: Cacturne|Spikes|p2a: Scolipede
|-sidestart|p2: zattur|Spikes
|
|-heal|p2a: Scolipede|259\/319|[from] item: Black Sludge
|-boost|p2a: Scolipede|spe|1|[from] ability: Speed Boost
|turn|8
|
|move|p1a: Cacturne|Sucker Punch|p2a: Scolipede
|-fail|p2a: Scolipede
|move|p2a: Scolipede|Swords Dance|p2a: Scolipede
|-boost|p2a: Scolipede|atk|2
|
|-heal|p2a: Scolipede|278\/319|[from] item: Black Sludge
|-boost|p2a: Scolipede|spe|1|[from] ability: Speed Boost
|turn|9
|c| Yuttt.ttttt|u suck
|c| Yuttt.ttttt|a lot
|c| UrsaReign|gg
|c| Yuttt.ttttt|ox
|c| lil manaphy|pass those
|c|âOx the Box|i went landot
|c| lil manaphy|to ferro
|c| cosine180|to ferro
|leave|Yuttt.ttttt
|
|move|p1a: Cacturne|Sucker Punch|p2a: Scolipede
|-fail|p2a: Scolipede
|move|p2a: Scolipede|Swords Dance|p2a: Scolipede
|-boost|p2a: Scolipede|atk|2
|
|-heal|p2a: Scolipede|297\/319|[from] item: Black Sludge
|-boost|p2a: Scolipede|spe|1|[from] ability: Speed Boost
|turn|10
|c|âOx the Box|WHAT THE FUCK
|c|âOx the Box|.sigh
|c| lil manaphy|dbond
|
|move|p2a: Scolipede|Baton Pass|p2a: Scolipede
|c| lil manaphy|legit you need to have dbond
|join|Nedor
|c|âOx the Box|no
|
|switch|p2a: Gyarados|Gyarados, M, shiny|331\/331
|-damage|p2a: Gyarados|249\/331|[from] Stealth Rock
|-ability|p2a: Gyarados|Intimidate|[of] p1a: Cacturne
|-unboost|p1a: Cacturne|atk|1
|move|p1a: Cacturne|Seed Bomb|p2a: Gyarados
|-damage|p2a: Gyarados|150\/331
|
|turn|11
|leave|Nedor
|c|âOx the Box|i got haxed
|c|âOx the Box|tbh
|
|move|p1a: Cacturne|Sucker Punch|p2a: Gyarados
|-damage|p2a: Gyarados|53\/331
|move|p2a: Gyarados|Waterfall|p1a: Cacturne
|-heal|p1a: Cacturne|120\/281|[from] ability: Water Absorb|[of] p2a: Gyarados
|
|turn|12
|c| cosine180|rofl
|c|âOx the Box|LOLOLOL
|c| Dark380|lmao
|c| lil manaphy|DFN WDWJN SCme
|c| UrsaReign|psssssss
|c| lil manaphy|wrvfegdsewfrev
|c| UrsaReign|???
|c| UrsaReign|y not mega?
|
|detailschange|p2a: Gyarados|Gyarados-Mega, M, shiny
|-mega|p2a: Gyarados|Gyarados|Gyaradosite
|-ability|p2a: Gyarados|Mold Breaker
|move|p1a: Cacturne|Sucker Punch|p2a: Gyarados
|-resisted|p2a: Gyarados
|-damage|p2a: Gyarados|15\/331
|move|p2a: Gyarados|Earthquake|p1a: Cacturne
|-resisted|p1a: Cacturne
|-damage|p1a: Cacturne|0 fnt
|faint|p1a: Cacturne
|
|c| lil manaphy|ice shard
|c| lil manaphy|or die
|c|%AM|rofl
|c| cosine180|sucker punch gengar
|c| cosine180|gogogo
|
|switch|p1a: Weavile|Weavile, F|281\/281
|-damage|p1a: Weavile|211\/281|[from] Stealth Rock
|-ability|p1a: Weavile|Pressure
|turn|13
|c| lil manaphy|ayy
|c| UrsaReign|this game is so high tech
|c| cosine180|how do people lose to this
|join|lol alts are weird
|c|âOx the Box|-
|
|move|p1a: Weavile|Ice Shard|p2a: Gyarados
|-resisted|p2a: Gyarados
|-damage|p2a: Gyarados|0 fnt
|-damage|p1a: Weavile|183\/281|[from] item: Life Orb
|faint|p2a: Gyarados
|
|c|âOx the Box|I auto lose to sab stall
|c| Dark380|cos ladder
|c|âOx the Box|maybe I should switch back to diancie
|c| UrsaReign|y didnt u mega on first turn?
|c|âOx the Box|^
|join|craing
|c|âOx the Box|he had a guaranteed win
|leave|craing
|c|âOx the Box|but that's k
|c| cosine180|u autolose to everything
|
|switch|p2a: Scolipede|Scolipede, F, shiny|297\/319
|-damage|p2a: Scolipede|258\/319|[from] Spikes
|-damage|p2a: Scolipede|179\/319|[from] Stealth Rock
|turn|14
|join|yuy
|join|craing
|leave|craing
|leave|lol alts are weird
|
|move|p1a: Weavile|Icicle Crash|p2a: Scolipede
|-damage|p2a: Scolipede|31\/319
|-damage|p1a: Weavile|155\/281|[from] item: Life Orb
|move|p2a: Scolipede|Swords Dance|p2a: Scolipede
|-boost|p2a: Scolipede|atk|2
|
|-heal|p2a: Scolipede|50\/319|[from] item: Black Sludge
|-boost|p2a: Scolipede|spe|1|[from] ability: Speed Boost
|turn|15
|
|move|p2a: Scolipede|Protect|p2a: Scolipede
|-singleturn|p2a: Scolipede|Protect
|move|p1a: Weavile|Ice Shard|p2a: Scolipede
|-activate|p2a: Scolipede|Protect
|
|-heal|p2a: Scolipede|69\/319|[from] item: Black Sludge
|-boost|p2a: Scolipede|spe|1|[from] ability: Speed Boost
|turn|16
|leave|AM
|leave|hi im hunter
|
|move|p1a: Weavile|Ice Shard|p2a: Scolipede
|-damage|p2a: Scolipede|0 fnt
|-damage|p1a: Weavile|127\/281|[from] item: Life Orb
|faint|p2a: Scolipede
|
|join|Galbano
|c| UrsaReign|should have protected on first turn....
|join|l123
|-message|zattur forfeited.
|leave|zattur
|
|switch|p2a: Ferrothorn|Ferrothorn, M|351\/351
|-damage|p2a: Ferrothorn|330\/351|[from] Stealth Rock
|-damage|p2a: Ferrothorn|287\/351|[from] Spikes
|turn|17
|
|win|Ox the Box
|raw|Ladder updating...
|player|p2
|raw|Ox the Box's rating: 1666 &rarr; <strong>1678<\/strong><br \/>(+12 for winning)
|raw|zattur's rating: 1515 &rarr; <strong>1504<\/strong><br \/>(-11 for losing)
|leave|l123
|leave|Ox the Box
|leave|cosine180
|player|p1
|join|herroin
|leave|Dark380
|leave|UrsaReign
|leave|Galbano
|join|UrsaReign
|leave|UrsaReign
|leave|TheLaughingCats