|join|lil manaphy
|join|Ox the Box
|c|âOx the Box|zzz
|player|p1|lil manaphy|9
|player|p2|Ox the Box|201
|gametype|singles
|gen|6
|tier|OU
|rated
|clearpoke
|poke|p1|Gardevoir, M
|poke|p1|Keldeo
|poke|p1|Amoonguss, M
|poke|p1|Chansey, F
|poke|p1|Mandibuzz, F
|poke|p1|Landorus-Therian, M
|poke|p2|Sableye, F
|poke|p2|Quagsire, F
|poke|p2|Cresselia, F
|poke|p2|Chansey, F
|poke|p2|Skarmory, M
|poke|p2|Amoonguss, M
|rule|Swagger Clause: Swagger is banned
|rule|Baton Pass Clause: Limit one PokÃ©mon knowing Baton Pass
|rule|Sleep Clause Mod: Limit one foe put to sleep
|rule|Species Clause: Limit one of each PokÃ©mon
|rule|OHKO Clause: OHKO moves are banned
|rule|Moody Clause: Moody is banned
|rule|Evasion Moves Clause: Evasion moves are banned
|rule|Endless Battle Clause: Forcing endless battles is banned
|rule|HP Percentage Mod: HP is shown in percentages
|teampreview
|join|Call me Trice
|c| Call me Trice|LOL
|c| Call me Trice|ox u faked it wrong,,,
|join|m00n's blanket
|
|start
|switch|p1a: Gardevoir|Gardevoir, M|277\/277
|switch|p2a: Amoonguss|Amoonguss, M|431\/431
|-ability|p1a: Gardevoir|Regenerator|[from] ability: Trace|[of] p2a: Amoonguss
|turn|1
|join|ranking every day
|join|Jefo
|join|AM
|leave|ranking every day
|
|switch|p1a: Landorus-Therian|Landorus-Therian, M|382\/382
|-ability|p1a: Landorus-Therian|Intimidate|[of] p2a: Amoonguss
|-unboost|p2a: Amoonguss|atk|1
|switch|p2a: Cresselia|Cresselia, F|444\/444
|
|turn|2
|join|hairy toenail
|
|move|p1a: Landorus-Therian|U-turn|p2a: Cresselia
|-supereffective|p2a: Cresselia
|-damage|p2a: Cresselia|338\/444
|join|I'm Virus (~'o')~
|
|switch|p1a: Amoonguss|Amoonguss, M|432\/432
|move|p2a: Cresselia|Ice Beam|p1a: Amoonguss
|-supereffective|p1a: Amoonguss
|-damage|p1a: Amoonguss|300\/432
|
|-heal|p2a: Cresselia|365\/444|[from] item: Leftovers
|-heal|p1a: Amoonguss|327\/432|[from] item: Black Sludge
|turn|3
|c| I'm Virus (~'o')~|hi five ?_?
|
|switch|p2a: Chansey|Chansey, F|703\/703
|switch|p1a: Mandibuzz|Mandibuzz, F|423\/423
|
|turn|4
|join|cosine180
|
|switch|p2a: Sableye|Sableye, F|303\/303
|move|p1a: Mandibuzz|Taunt|p2a: Sableye
|-start|p2a: Sableye|move: Taunt
|
|turn|5
|join|l123
|join|Fabio96
|
|switch|p1a: Keldeo|Keldeo|323\/323
|detailschange|p2a: Sableye|Sableye-Mega, F
|-mega|p2a: Sableye|Sableye|Sablenite
|move|p2a: Sableye|Foul Play|p1a: Keldeo
|-resisted|p1a: Keldeo
|-damage|p1a: Keldeo|281\/323
|-boost|p1a: Keldeo|atk|1|[from] ability: Justified
|
|-heal|p1a: Keldeo|301\/323|[from] item: Leftovers
|turn|6
|c| cosine180|nice gardevoir counters that team has
|
|switch|p2a: Amoonguss|Amoonguss, M|431\/431
|move|p1a: Keldeo|Scald|p2a: Amoonguss
|-resisted|p2a: Amoonguss
|-damage|p2a: Amoonguss|377\/431
|-status|p2a: Amoonguss|brn
|
|-heal|p1a: Keldeo|321\/323|[from] item: Leftovers
|-heal|p2a: Amoonguss|403\/431 brn|[from] item: Black Sludge
|-damage|p2a: Amoonguss|350\/431 brn|[from] brn
|turn|7
|
|switch|p1a: Landorus-Therian|Landorus-Therian, M|382\/382
|-ability|p1a: Landorus-Therian|Intimidate|[of] p2a: Amoonguss
|-unboost|p2a: Amoonguss|atk|1
|move|p2a: Amoonguss|Clear Smog|p1a: Landorus-Therian
|-resisted|p1a: Landorus-Therian
|-damage|p1a: Landorus-Therian|352\/382
|-clearboost|p1a: Landorus-Therian
|
|-heal|p1a: Landorus-Therian|375\/382|[from] item: Leftovers
|-heal|p2a: Amoonguss|376\/431 brn|[from] item: Black Sludge
|-damage|p2a: Amoonguss|323\/431 brn|[from] brn
|turn|8
|c|âOx the Box|why do I need one of those
|c| l123|there are 9 Gard counters on Ox's team
|join|Cusho
|c| cosine180|,,
|c| I'm Virus (~'o')~|pff.
|
|switch|p2a: Skarmory|Skarmory, M|333\/333
|move|p1a: Landorus-Therian|U-turn|p2a: Skarmory
|-resisted|p2a: Skarmory
|-damage|p2a: Skarmory|322\/333
|-damage|p1a: Landorus-Therian|312\/382|[from] item: Rocky Helmet|[of] p2a: Skarmory
|join|Shit User
|c| l123|all his pokemon, Ox, the, Box
|c| l123|that 9
|
|switch|p1a: Gardevoir|Gardevoir, M|277\/277
|-ability|p1a: Gardevoir|Sturdy|[from] ability: Trace|[of] p2a: Skarmory
|
|turn|9
|join|Galbano
|c|âOx the Box|spdf skarm lol
|join|Alldaalts
|
|switch|p2a: Cresselia|Cresselia, F|365\/444
|detailschange|p1a: Gardevoir|Gardevoir-Mega, M
|-mega|p1a: Gardevoir|Gardevoir|Gardevoirite
|move|p1a: Gardevoir|Hyper Voice|p2a: Cresselia
|-damage|p2a: Cresselia|187\/444
|
|-heal|p2a: Cresselia|214\/444|[from] item: Leftovers
|turn|10
|leave|m00n's blanket
|c| cosine180|nice counter
|c| cosine180|,,
|
|move|p1a: Gardevoir|Taunt|p2a: Cresselia
|-start|p2a: Cresselia|move: Taunt
|cant|p2a: Cresselia|move: Taunt|Moonlight
|
|-heal|p2a: Cresselia|241\/444|[from] item: Leftovers
|turn|11
|c|âOx the Box|wtf
|c|âOx the Box|why were u talking about calm mind
|c|âOx the Box|then you use taunt
|c|âOx the Box|;_;
|c| Galbano|lol
|
|switch|p2a: Chansey|Chansey, F|703\/703
|move|p1a: Gardevoir|Hyper Voice|p2a: Chansey
|-damage|p2a: Chansey|547\/703
|
|turn|12
|c| Shit User|your team is aids
|c| Call me Trice|why are u running amoongus
|c|âOx the Box|for serperior
|
|switch|p1a: Landorus-Therian|Landorus-Therian, M|312\/382
|-ability|p1a: Landorus-Therian|Intimidate|[of] p2a: Chansey
|-unboost|p2a: Chansey|atk|1
|move|p2a: Chansey|Seismic Toss|p1a: Landorus-Therian
|-damage|p1a: Landorus-Therian|212\/382
|
|-heal|p1a: Landorus-Therian|235\/382|[from] item: Leftovers
|turn|13
|c| Call me Trice|dont fake teams and make them worse
|c| Jefo|azu
|c| Call me Trice|U HAVE A CRESS
|c|âOx the Box|what
|c|âOx the Box|I know squirrel made a team like this
|c| Shit User|cress wont win noob
|c| cosine180|its cleaners team
|
|switch|p2a: Sableye|Sableye-Mega, F|303\/303
|move|p1a: Landorus-Therian|U-turn|p2a: Sableye
|-damage|p2a: Sableye|243\/303
|c|âOx the Box|its squirrels team
|c| Call me Trice|skill swap you dumb shit
|c| Shit User|o ofc
|c| cosine180|and i have the same with gliscor instead of cress o.O
|
|switch|p1a: Gardevoir|Gardevoir-Mega, M|277\/277
|
|turn|14
|
|switch|p2a: Chansey|Chansey, F|547\/703
|move|p1a: Gardevoir|Hyper Voice|p2a: Chansey
|-damage|p2a: Chansey|397\/703
|
|turn|15
|c| l123|reveal low kick Gardevoir
|c|âlil manaphy|PIXILATE
|c|âlil manaphy|RETURN
|c| l123|^
|
|move|p1a: Gardevoir|Psyshock|p2a: Chansey
|-damage|p2a: Chansey|160\/703
|move|p2a: Chansey|Seismic Toss|p1a: Gardevoir
|-damage|p1a: Gardevoir|177\/277
|
|turn|16
|c|âOx the Box|that does that much?
|c|âlil manaphy|gg
|c|âlil manaphy|legit, gg
|c|âlil manaphy|im sorry
|c|âlil manaphy|that was quick
|
|switch|p2a: Skarmory|Skarmory, M|322\/333
|move|p1a: Gardevoir|Psyshock|p2a: Skarmory
|-resisted|p2a: Skarmory
|-damage|p2a: Skarmory|269\/333
|
|turn|17
|c| I'm Virus (~'o')~|focus
|c| I'm Virus (~'o')~|blast
|c|âOx the Box|still spdf skarm
|c| cosine180|double to chansey
|c| I'm Virus (~'o')~|imo
|c| cosine180|lgi
|
|move|p1a: Gardevoir|Taunt|p2a: Skarmory
|-start|p2a: Skarmory|move: Taunt
|cant|p2a: Skarmory|move: Taunt|Spikes
|
|turn|18
|-message|Ox the Box forfeited.
|leave|Ox the Box
|c| cosine180|rofl
|c| Jefo|lmao
|c| Galbano|lol
|leave|cosine180
|
|win|lil manaphy
|raw|Ladder updating...
|leave|Jefo
|player|p2
|leave|I'm Virus (~'o')~
|raw|lil manaphy's rating: 1827 &rarr; <strong>1840<\/strong><br \/>(+13 for winning)
|raw|Ox the Box's rating: 1710 &rarr; <strong>1696<\/strong><br \/>(-14 for losing)
|leave|hairy toenail
|leave|Fabio96
|leave|Call me Trice
|leave|AM
|leave|Alldaalts
|join|Alldaalts
|leave|Alldaalts
|leave|Cusho
|join|m00n's blanket
|leave|Shit User
|leave|Galbano
|join|Panda Problems 2.0
|leave|Panda Problems 2.0
|join|Spyir
|leave|Spyir
|leave|m00n's blanket
|leave|l123