|join|Ox the Box
|join|WECAMEASROMANS
|player|p1|Ox the Box|201
|player|p2|WECAMEASROMANS|266
|gametype|singles
|gen|6
|tier|OU
|rated
|clearpoke
|poke|p1|Keldeo
|poke|p1|Tyranitar, F
|poke|p1|Ferrothorn, M
|poke|p1|Gliscor, F
|poke|p1|Celebi
|poke|p1|Scizor, M
|poke|p2|Kyurem-Black
|poke|p2|Thundurus, M
|poke|p2|Landorus-Therian, M
|poke|p2|Heatran, M
|poke|p2|Sableye, F
|poke|p2|Starmie
|rule|Swagger Clause: Swagger is banned
|rule|Baton Pass Clause: Limit one PokÃ©mon knowing Baton Pass
|rule|Sleep Clause Mod: Limit one foe put to sleep
|rule|Species Clause: Limit one of each PokÃ©mon
|rule|OHKO Clause: OHKO moves are banned
|rule|Moody Clause: Moody is banned
|rule|Evasion Moves Clause: Evasion moves are banned
|rule|Endless Battle Clause: Forcing endless battles is banned
|rule|HP Percentage Mod: HP is shown in percentages
|teampreview
|c|âWECAMEASROMANS|gl :3
|c|âOx the Box|ahahahhaha ez snipe of my life noob get wreckst ahahawdawd LolaD wado
|c|âOx the Box|bl dhf LOL
|c|âOx the Box|wtf do u have for taunt scor
|c|âWECAMEASROMANS|sableye...
|
|start
|switch|p1a: Keldeo|Keldeo|323\/323
|switch|p2a: Thundurus|Thundurus, M|299\/299
|turn|1
|c|âOx the Box|*sd
|c|âOx the Box|I know why u don't think sab is broken
|
|switch|p1a: Tyranitar|Tyranitar, F|341\/341
|-weather|Sandstorm
|move|p2a: Thundurus|Thunderbolt|p1a: Tyranitar
|-damage|p1a: Tyranitar|199\/341
|-damage|p2a: Thundurus|270\/299|[from] item: Life Orb
|
|-weather|Sandstorm|[upkeep]
|-damage|p2a: Thundurus|252\/299|[from] sandstorm
|turn|2
|c|âOx the Box|because you're abusing it
|
|move|p1a: Tyranitar|Pursuit|p2a: Thundurus|[from]Pursuit
|-damage|p2a: Thundurus|42\/299
|switch|p2a: Landorus-Therian|Landorus-Therian, M|325\/325
|-ability|p2a: Landorus-Therian|Intimidate|[of] p1a: Tyranitar
|-unboost|p1a: Tyranitar|atk|1
|
|-weather|Sandstorm|[upkeep]
|turn|3
|c|âWECAMEASROMANS|i never said sab wasnt broken ._.
|c|âWECAMEASROMANS|i think it is
|c|âOx the Box|;-;
|
|switch|p1a: Gliscor|Gliscor, F|353\/353
|move|p2a: Landorus-Therian|U-turn|p1a: Gliscor
|-resisted|p1a: Gliscor
|-damage|p1a: Gliscor|316\/353
|join|xTraSmallDick
|c|âOx the Box|most broken mon ever
|c|âOx the Box|immo
|
|switch|p2a: Kyurem-Black|Kyurem-Black|391\/391
|-ability|p2a: Kyurem-Black|Teravolt
|
|-weather|Sandstorm|[upkeep]
|-damage|p2a: Kyurem-Black|367\/391|[from] sandstorm
|-status|p1a: Gliscor|tox|[from] item: Toxic Orb
|turn|4
|
|move|p2a: Kyurem-Black|Ice Beam|p1a: Gliscor
|-crit|p1a: Gliscor
|-supereffective|p1a: Gliscor
|-damage|p1a: Gliscor|0 fnt
|-damage|p2a: Kyurem-Black|328\/391|[from] item: Life Orb
|faint|p1a: Gliscor
|
|-weather|Sandstorm|[upkeep]
|-damage|p2a: Kyurem-Black|304\/391|[from] sandstorm
|c|âOx the Box|doesn't go sab
|join|heartfield
|
|switch|p1a: Ferrothorn|Ferrothorn, M|352\/352
|turn|5
|c|âWECAMEASROMANS|im bad i dont double switch
|c|âWECAMEASROMANS|lel
|c|âOx the Box|;c
|
|switch|p2a: Heatran|Heatran, M|327\/327
|move|p1a: Ferrothorn|Stealth Rock|p2a: Heatran
|-sidestart|p2: WECAMEASROMANS|move: Stealth Rock
|
|-weather|none
|turn|6
|
|switch|p1a: Keldeo|Keldeo|323\/323
|move|p2a: Heatran|Stealth Rock|p1a: Keldeo
|-sidestart|p1: Ox the Box|move: Stealth Rock
|
|turn|7
|
|switch|p1a: Tyranitar|Tyranitar, F|199\/341
|-damage|p1a: Tyranitar|157\/341|[from] Stealth Rock
|-weather|Sandstorm
|switch|p2a: Thundurus|Thundurus, M|42\/299
|-damage|p2a: Thundurus|0 fnt|[from] Stealth Rock
|faint|p2a: Thundurus
|
|-weather|Sandstorm|[upkeep]
|join|Avarice87
|c|âOx the Box|2 gud 4 me
|
|switch|p2a: Landorus-Therian|Landorus-Therian, M|325\/325
|-damage|p2a: Landorus-Therian|285\/325|[from] Stealth Rock
|-ability|p2a: Landorus-Therian|Intimidate|[of] p1a: Tyranitar
|-unboost|p1a: Tyranitar|atk|1
|turn|8
|
|switch|p1a: Ferrothorn|Ferrothorn, M|352\/352
|-damage|p1a: Ferrothorn|330\/352|[from] Stealth Rock
|move|p2a: Landorus-Therian|U-turn|p1a: Ferrothorn
|-damage|p1a: Ferrothorn|268\/352
|-damage|p2a: Landorus-Therian|245\/325|[from] ability: Iron Barbs|[of] p1a: Ferrothorn
|
|switch|p2a: Sableye|Sableye, F|304\/304
|-damage|p2a: Sableye|266\/304|[from] Stealth Rock
|
|-weather|Sandstorm|[upkeep]
|-damage|p2a: Sableye|247\/304|[from] sandstorm
|-heal|p1a: Ferrothorn|290\/352|[from] item: Leftovers
|turn|9
|join|leremyju
|
|detailschange|p2a: Sableye|Sableye-Mega, F
|-mega|p2a: Sableye|Sableye|Sablenite
|move|p2a: Sableye|Dark Pulse|p1a: Ferrothorn
|-damage|p1a: Ferrothorn|227\/352
|move|p1a: Ferrothorn|Gyro Ball|p2a: Sableye
|-damage|p2a: Sableye|211\/304
|
|-weather|Sandstorm|[upkeep]
|-damage|p2a: Sableye|192\/304|[from] sandstorm
|-heal|p1a: Ferrothorn|249\/352|[from] item: Leftovers
|turn|10
|leave|leremyju
|
|switch|p1a: Keldeo|Keldeo|323\/323
|-damage|p1a: Keldeo|303\/323|[from] Stealth Rock
|move|p2a: Sableye|Will-O-Wisp|p1a: Keldeo
|-status|p1a: Keldeo|brn
|
|-weather|Sandstorm|[upkeep]
|-damage|p1a: Keldeo|283\/323 brn|[from] sandstorm
|-damage|p2a: Sableye|173\/304|[from] sandstorm
|-heal|p1a: Keldeo|303\/323 brn|[from] item: Leftovers
|-damage|p1a: Keldeo|263\/323 brn|[from] brn
|turn|11
|
|switch|p2a: Starmie|Starmie|261\/261
|-damage|p2a: Starmie|229\/261|[from] Stealth Rock
|move|p1a: Keldeo|Calm Mind|p1a: Keldeo
|-boost|p1a: Keldeo|spa|1
|-boost|p1a: Keldeo|spd|1
|
|-weather|none
|-heal|p1a: Keldeo|283\/323 brn|[from] item: Leftovers
|-damage|p1a: Keldeo|243\/323 brn|[from] brn
|turn|12
|
|switch|p1a: Tyranitar|Tyranitar, F|157\/341
|-damage|p1a: Tyranitar|115\/341|[from] Stealth Rock
|-weather|Sandstorm
|move|p2a: Starmie|Rapid Spin|p1a: Tyranitar
|-resisted|p1a: Tyranitar
|-damage|p1a: Tyranitar|109\/341
|-sideend|p2: WECAMEASROMANS|Stealth Rock|[from] move: Rapid Spin|[of] p2a: Starmie
|-damage|p2a: Starmie|203\/261|[from] item: Life Orb
|
|-weather|Sandstorm|[upkeep]
|-damage|p2a: Starmie|187\/261|[from] sandstorm
|turn|13
|c|âOx the Box|imma run sd scor just for sab
|c| Avarice87|20 bucks on WCAR
|
|move|p1a: Tyranitar|Pursuit|p2a: Starmie
|-supereffective|p2a: Starmie
|-damage|p2a: Starmie|17\/261
|move|p2a: Starmie|Hydro Pump|p1a: Tyranitar
|-supereffective|p1a: Tyranitar
|-damage|p1a: Tyranitar|0 fnt
|-damage|p2a: Starmie|0 fnt|[from] item: Life Orb
|faint|p1a: Tyranitar
|faint|p2a: Starmie
|
|-weather|Sandstorm|[upkeep]
|
|switch|p2a: Landorus-Therian|Landorus-Therian, M|245\/325
|switch|p1a: Scizor|Scizor, M|343\/343
|-ability|p2a: Landorus-Therian|Intimidate|[of] p1a: Scizor
|-unboost|p1a: Scizor|atk|1
|-damage|p1a: Scizor|301\/343|[from] Stealth Rock
|turn|14
|c|âOx the Box|;c
|
|detailschange|p1a: Scizor|Scizor-Mega, M
|-mega|p1a: Scizor|Scizor|Scizorite
|move|p2a: Landorus-Therian|Earthquake|p1a: Scizor
|-damage|p1a: Scizor|169\/343
|move|p1a: Scizor|Swords Dance|p1a: Scizor
|-boost|p1a: Scizor|atk|2
|
|-weather|Sandstorm|[upkeep]
|turn|15
|
|switch|p2a: Heatran|Heatran, M|327\/327
|move|p1a: Scizor|Knock Off|p2a: Heatran
|-damage|p2a: Heatran|175\/327
|-enditem|p2a: Heatran|Leftovers|[from] move: Knock Off|[of] p1a: Scizor
|
|-weather|Sandstorm|[upkeep]
|turn|16
|
|switch|p1a: Celebi|Celebi|404\/404
|-damage|p1a: Celebi|354\/404|[from] Stealth Rock
|move|p2a: Heatran|Earth Power|p1a: Celebi
|-resisted|p1a: Celebi
|-damage|p1a: Celebi|309\/404
|-unboost|p1a: Celebi|spd|1
|
|-weather|none
|-heal|p1a: Celebi|334\/404|[from] item: Leftovers
|turn|17
|
|move|p2a: Heatran|Fire Blast|p1a: Celebi
|-supereffective|p1a: Celebi
|-damage|p1a: Celebi|0 fnt
|faint|p1a: Celebi
|
|
|switch|p1a: Keldeo|Keldeo|243\/323 brn
|-damage|p1a: Keldeo|223\/323 brn|[from] Stealth Rock
|turn|18
|
|switch|p2a: Kyurem-Black|Kyurem-Black|304\/391
|-ability|p2a: Kyurem-Black|Teravolt
|move|p1a: Keldeo|Scald|p2a: Kyurem-Black
|-resisted|p2a: Kyurem-Black
|-damage|p2a: Kyurem-Black|229\/391
|
|-heal|p1a: Keldeo|243\/323 brn|[from] item: Leftovers
|-damage|p1a: Keldeo|203\/323 brn|[from] brn
|turn|19
|
|switch|p2a: Sableye|Sableye-Mega, F|173\/304
|move|p1a: Keldeo|Secret Sword|p2a: Sableye
|-immune|p2a: Sableye|[msg]
|
|-heal|p1a: Keldeo|223\/323 brn|[from] item: Leftovers
|-damage|p1a: Keldeo|183\/323 brn|[from] brn
|turn|20
|
|switch|p2a: Kyurem-Black|Kyurem-Black|229\/391
|-ability|p2a: Kyurem-Black|Teravolt
|move|p1a: Keldeo|Calm Mind|p1a: Keldeo
|-boost|p1a: Keldeo|spa|1
|-boost|p1a: Keldeo|spd|1
|
|-heal|p1a: Keldeo|203\/323 brn|[from] item: Leftovers
|-damage|p1a: Keldeo|163\/323 brn|[from] brn
|turn|21
|c|âOx the Box|what are u doing'
|
|move|p1a: Keldeo|Secret Sword|p2a: Kyurem-Black
|-supereffective|p2a: Kyurem-Black
|-damage|p2a: Kyurem-Black|0 fnt
|faint|p2a: Kyurem-Black
|
|-heal|p1a: Keldeo|183\/323 brn|[from] item: Leftovers
|-damage|p1a: Keldeo|143\/323 brn|[from] brn
|c|âWECAMEASROMANS|making you take burn damage
|
|switch|p2a: Landorus-Therian|Landorus-Therian, M|245\/325
|-ability|p2a: Landorus-Therian|Intimidate|[of] p1a: Keldeo
|-unboost|p1a: Keldeo|atk|1
|turn|22
|
|switch|p1a: Ferrothorn|Ferrothorn, M|249\/352
|-damage|p1a: Ferrothorn|227\/352|[from] Stealth Rock
|move|p2a: Landorus-Therian|Earthquake|p1a: Ferrothorn
|-damage|p1a: Ferrothorn|89\/352
|
|-heal|p1a: Ferrothorn|111\/352|[from] item: Leftovers
|turn|23
|
|move|p2a: Landorus-Therian|Earthquake|p1a: Ferrothorn
|-damage|p1a: Ferrothorn|0 fnt
|faint|p1a: Ferrothorn
|
|
|switch|p1a: Scizor|Scizor-Mega, M|169\/343
|-damage|p1a: Scizor|127\/343|[from] Stealth Rock
|turn|24
|
|move|p2a: Landorus-Therian|Earthquake|p1a: Scizor
|-damage|p1a: Scizor|0 fnt
|faint|p1a: Scizor
|
|c|âOx the Box|gg
|c|âWECAMEASROMANS|gg
|-message|Ox the Box forfeited.
|-message|Ox the Box forfeited.
|leave|Ox the Box
|leave|heartfield
|
|win|WECAMEASROMANS
|raw|Ladder updating...
|player|p1
|raw|Ox the Box's rating: 1676 &rarr; <strong>1659<\/strong><br \/>(-17 for losing)
|raw|WECAMEASROMANS's rating: 1724 &rarr; <strong>1741<\/strong><br \/>(+17 for winning)
|leave|Avarice87
|leave|WECAMEASROMANS
|player|p2