|join|Ox the Box
|join|LordOfTime11
|c|âOx the Box|glhf
|player|p1|Ox the Box|201
|player|p2|LordOfTime11|70
|gametype|singles
|gen|6
|tier|OU
|rated
|clearpoke
|poke|p1|Thundurus, M
|poke|p1|Hippowdon, M
|poke|p1|Celebi
|poke|p1|Reuniclus, F
|poke|p1|Heatran, M
|poke|p1|Scizor, F
|poke|p2|Absol, M
|poke|p2|Ferrothorn, M
|poke|p2|Rotom-Wash
|poke|p2|Talonflame, M
|poke|p2|Excadrill, M
|poke|p2|Gyarados, M
|rule|Swagger Clause: Swagger is banned
|rule|Baton Pass Clause: Limit one PokÃ©mon knowing Baton Pass
|rule|Sleep Clause Mod: Limit one foe put to sleep
|rule|Species Clause: Limit one of each PokÃ©mon
|rule|OHKO Clause: OHKO moves are banned
|rule|Moody Clause: Moody is banned
|rule|Evasion Moves Clause: Evasion moves are banned
|rule|Endless Battle Clause: Forcing endless battles is banned
|rule|HP Percentage Mod: HP is shown in percentages
|teampreview
|join|Squirrelll
|join|FUQ GLISCORE
|
|start
|switch|p1a: Scizor|Scizor, F|343\/343
|switch|p2a: Ferrothorn|Ferrothorn, M|352\/352
|turn|1
|join|leremyju
|
|detailschange|p1a: Scizor|Scizor-Mega, F
|-mega|p1a: Scizor|Scizor|Scizorite
|move|p1a: Scizor|U-turn|p2a: Ferrothorn
|-damage|p2a: Ferrothorn|282\/352
|-damage|p1a: Scizor|301\/343|[from] ability: Iron Barbs|[of] p2a: Ferrothorn
|join|WECAMEASROMANS
|
|switch|p1a: Hippowdon|Hippowdon, M|419\/419
|-weather|Sandstorm
|move|p2a: Ferrothorn|Leech Seed|p1a: Hippowdon
|-start|p1a: Hippowdon|move: Leech Seed
|
|-weather|Sandstorm|[upkeep]
|-heal|p2a: Ferrothorn|304\/352|[from] item: Leftovers
|-damage|p1a: Hippowdon|367\/419|[from] Leech Seed|[of] p2a: Ferrothorn
|-heal|p2a: Ferrothorn|352\/352|[silent]
|turn|2
|leave|WECAMEASROMANS
|leave|leremyju
|
|switch|p2a: Absol|Absol, M|271\/271
|move|p1a: Hippowdon|Stealth Rock|p2a: Absol
|-sidestart|p2: LordOfTime11|move: Stealth Rock
|
|-weather|Sandstorm|[upkeep]
|-damage|p2a: Absol|255\/271|[from] sandstorm
|-heal|p1a: Hippowdon|393\/419|[from] item: Leftovers
|-damage|p1a: Hippowdon|341\/419|[from] Leech Seed|[of] p2a: Absol
|-heal|p2a: Absol|271\/271|[silent]
|turn|3
|
|switch|p2a: Rotom-Wash|Rotom-Wash|304\/304
|-damage|p2a: Rotom-Wash|266\/304|[from] Stealth Rock
|switch|p1a: Scizor|Scizor-Mega, F|301\/343
|
|-weather|Sandstorm|[upkeep]
|-damage|p2a: Rotom-Wash|247\/304|[from] sandstorm
|-heal|p2a: Rotom-Wash|266\/304|[from] item: Leftovers
|turn|4
|
|switch|p1a: Celebi|Celebi|403\/403
|move|p2a: Rotom-Wash|Volt Switch|p1a: Celebi
|-resisted|p1a: Celebi
|-damage|p1a: Celebi|372\/403
|
|switch|p2a: Absol|Absol, M|271\/271
|-damage|p2a: Absol|238\/271|[from] Stealth Rock
|
|-weather|Sandstorm|[upkeep]
|-damage|p2a: Absol|222\/271|[from] sandstorm
|-damage|p1a: Celebi|347\/403|[from] sandstorm
|-heal|p1a: Celebi|372\/403|[from] item: Leftovers
|turn|5
|
|switch|p1a: Scizor|Scizor-Mega, F|301\/343
|detailschange|p2a: Absol|Absol-Mega, M
|-mega|p2a: Absol|Absol|Absolite
|move|p2a: Absol|Knock Off|p1a: Scizor
|-damage|p1a: Scizor|225\/343
|
|-weather|none
|turn|6
|join|Stoned Zard
|
|move|p2a: Absol|Fire Blast|p1a: Scizor
|-supereffective|p1a: Scizor
|-damage|p1a: Scizor|0 fnt
|faint|p1a: Scizor
|
|c|âOx the Box|gone
|c| Stoned Zard|bruh
|
|switch|p1a: Heatran|Heatran, M|385\/385
|turn|7
|join|Mistaken
|
|switch|p2a: Rotom-Wash|Rotom-Wash|266\/304
|-damage|p2a: Rotom-Wash|228\/304|[from] Stealth Rock
|move|p1a: Heatran|Lava Plume|p2a: Rotom-Wash
|-resisted|p2a: Rotom-Wash
|-damage|p2a: Rotom-Wash|177\/304
|-status|p2a: Rotom-Wash|brn
|
|-heal|p2a: Rotom-Wash|196\/304 brn|[from] item: Leftovers
|-damage|p2a: Rotom-Wash|158\/304 brn|[from] brn
|turn|8
|
|move|p1a: Heatran|Lava Plume|p2a: Rotom-Wash
|-resisted|p2a: Rotom-Wash
|-damage|p2a: Rotom-Wash|106\/304 brn
|move|p2a: Rotom-Wash|Pain Split|p1a: Heatran
|-sethp|p1a: Heatran|245\/385|p2a: Rotom-Wash|245\/304 brn|[from] move: Pain Split
|
|-heal|p1a: Heatran|269\/385|[from] item: Leftovers
|-heal|p2a: Rotom-Wash|264\/304 brn|[from] item: Leftovers
|-damage|p2a: Rotom-Wash|226\/304 brn|[from] brn
|turn|9
|
|switch|p1a: Celebi|Celebi|372\/403
|move|p2a: Rotom-Wash|Volt Switch|p1a: Celebi
|-resisted|p1a: Celebi
|-damage|p1a: Celebi|341\/403
|
|switch|p2a: Excadrill|Excadrill, M|361\/361
|-damage|p2a: Excadrill|350\/361|[from] Stealth Rock
|-ability|p2a: Excadrill|Mold Breaker
|
|-heal|p1a: Celebi|366\/403|[from] item: Leftovers
|turn|10
|
|move|p2a: Excadrill|Rapid Spin|p1a: Celebi
|-damage|p1a: Celebi|341\/403
|-sideend|p2: LordOfTime11|Stealth Rock|[from] move: Rapid Spin|[of] p2a: Excadrill
|move|p1a: Celebi|Baton Pass|p1a: Celebi
|
|switch|p1a: Hippowdon|Hippowdon, M|341\/419
|-weather|Sandstorm
|
|-weather|Sandstorm|[upkeep]
|-heal|p1a: Hippowdon|367\/419|[from] item: Leftovers
|turn|11
|
|switch|p2a: Absol|Absol-Mega, M|222\/271
|move|p1a: Hippowdon|Stealth Rock|p2a: Absol
|move|p2a: Absol|Stealth Rock|p1a: Hippowdon|[from]Magic Bounce
|-sidestart|p1: Ox the Box|move: Stealth Rock
|
|-weather|Sandstorm|[upkeep]
|-damage|p2a: Absol|206\/271|[from] sandstorm
|-heal|p1a: Hippowdon|393\/419|[from] item: Leftovers
|turn|12
|
|switch|p2a: Gyarados|Gyarados, M|331\/331
|-ability|p2a: Gyarados|Intimidate|[of] p1a: Hippowdon
|-unboost|p1a: Hippowdon|atk|1
|move|p1a: Hippowdon|Stealth Rock|p2a: Gyarados
|-sidestart|p2: LordOfTime11|move: Stealth Rock
|
|-weather|Sandstorm|[upkeep]
|-damage|p2a: Gyarados|311\/331|[from] sandstorm
|-heal|p2a: Gyarados|331\/331|[from] item: Leftovers
|-heal|p1a: Hippowdon|419\/419|[from] item: Leftovers
|turn|13
|
|move|p2a: Gyarados|Substitute|p2a: Gyarados
|-start|p2a: Gyarados|Substitute
|-damage|p2a: Gyarados|249\/331
|move|p1a: Hippowdon|Toxic|p2a: Gyarados
|
|-weather|Sandstorm|[upkeep]
|-damage|p2a: Gyarados|229\/331|[from] sandstorm
|-heal|p2a: Gyarados|249\/331|[from] item: Leftovers
|turn|14
|
|switch|p1a: Thundurus|Thundurus, M|361\/361
|-damage|p1a: Thundurus|271\/361|[from] Stealth Rock
|move|p2a: Gyarados|Waterfall|p1a: Thundurus
|-damage|p1a: Thundurus|51\/361
|
|-weather|none
|-heal|p2a: Gyarados|269\/331|[from] item: Leftovers
|turn|15
|
|move|p1a: Thundurus|Thunderbolt|p2a: Gyarados
|-supereffective|p2a: Gyarados
|-end|p2a: Gyarados|Substitute
|-damage|p1a: Thundurus|15\/361|[from] item: Life Orb
|move|p2a: Gyarados|Waterfall|p1a: Thundurus
|-damage|p1a: Thundurus|0 fnt
|faint|p1a: Thundurus
|
|-heal|p2a: Gyarados|289\/331|[from] item: Leftovers
|
|switch|p1a: Celebi|Celebi|341\/403
|-damage|p1a: Celebi|291\/403|[from] Stealth Rock
|turn|16
|
|move|p2a: Gyarados|Substitute|p2a: Gyarados
|-start|p2a: Gyarados|Substitute
|-damage|p2a: Gyarados|207\/331
|move|p1a: Celebi|Nasty Plot|p1a: Celebi
|-boost|p1a: Celebi|spa|2
|
|-heal|p2a: Gyarados|227\/331|[from] item: Leftovers
|-heal|p1a: Celebi|316\/403|[from] item: Leftovers
|turn|17
|
|move|p2a: Gyarados|Bounce|p1a: Celebi|[still]
|-prepare|p2a: Gyarados|Bounce|p1a: Celebi
|move|p1a: Celebi|Giga Drain|p2a: Gyarados|[miss]
|-miss|p1a: Celebi|p2a: Gyarados
|
|-heal|p2a: Gyarados|247\/331|[from] item: Leftovers
|-heal|p1a: Celebi|341\/403|[from] item: Leftovers
|turn|18
|
|move|p2a: Gyarados|Bounce|p1a: Celebi
|-supereffective|p1a: Celebi
|-damage|p1a: Celebi|17\/403
|move|p1a: Celebi|Giga Drain|p2a: Gyarados
|-end|p2a: Gyarados|Substitute
|-heal|p1a: Celebi|58\/403|[from] drain|[of] p2a: Gyarados
|
|-heal|p2a: Gyarados|267\/331|[from] item: Leftovers
|-heal|p1a: Celebi|83\/403|[from] item: Leftovers
|turn|19
|
|move|p2a: Gyarados|Bounce|p1a: Celebi|[still]
|-prepare|p2a: Gyarados|Bounce|p1a: Celebi
|move|p1a: Celebi|Recover|p1a: Celebi
|-heal|p1a: Celebi|285\/403
|
|-heal|p2a: Gyarados|287\/331|[from] item: Leftovers
|-heal|p1a: Celebi|310\/403|[from] item: Leftovers
|turn|20
|
|move|p2a: Gyarados|Bounce|p1a: Celebi
|-supereffective|p1a: Celebi
|-damage|p1a: Celebi|0 fnt
|faint|p1a: Celebi
|
|-heal|p2a: Gyarados|307\/331|[from] item: Leftovers
|-message|Ox the Box forfeited.
|
|win|LordOfTime11
|raw|Ladder updating...
|leave|Ox the Box
|raw|Ox the Box's rating: 1604 &rarr; <strong>1579<\/strong><br \/>(-25 for losing)
|raw|LordOfTime11's rating: 1522 &rarr; <strong>1547<\/strong><br \/>(+25 for winning)
|player|p1
|leave|Mistaken
|leave|FUQ GLISCORE
|leave|Squirrelll
|leave|Stoned Zard