|join|Ox the Box
|join|Monster 87
|player|p1|Ox the Box|201
|player|p2|Monster 87|101
|gametype|singles
|gen|6
|tier|OU
|rated
|clearpoke
|poke|p1|Politoed, F, shiny
|poke|p1|Swampert, F
|poke|p1|Kingdra, M
|poke|p1|Latias, F, shiny
|poke|p1|Ferrothorn, F
|poke|p1|Bisharp, F
|poke|p2|Infernape, M
|poke|p2|Keldeo
|poke|p2|Metagross
|poke|p2|Bisharp, M
|poke|p2|Thundurus, M
|poke|p2|Dragonite, M
|rule|Swagger Clause: Swagger is banned
|rule|Baton Pass Clause: Limit one PokÃ©mon knowing Baton Pass
|rule|Sleep Clause Mod: Limit one foe put to sleep
|rule|Species Clause: Limit one of each PokÃ©mon
|rule|OHKO Clause: OHKO moves are banned
|rule|Moody Clause: Moody is banned
|rule|Evasion Moves Clause: Evasion moves are banned
|rule|Endless Battle Clause: Forcing endless battles is banned
|rule|HP Percentage Mod: HP is shown in percentages
|teampreview
|
|start
|switch|p1a: Latias|Latias, F, shiny|319\/319
|switch|p2a: Infernape|Infernape, M|293\/293
|turn|1
|
|move|p1a: Latias|Hidden Power|p2a: Infernape
|-damage|p2a: Infernape|170\/293
|-damage|p1a: Latias|288\/319|[from] item: Life Orb
|move|p2a: Infernape|Stealth Rock|p1a: Latias
|-sidestart|p1: Ox the Box|move: Stealth Rock
|
|turn|2
|
|move|p1a: Latias|Hidden Power|p2a: Infernape
|-damage|p2a: Infernape|53\/293
|-damage|p1a: Latias|257\/319|[from] item: Life Orb
|move|p2a: Infernape|Endeavor|p1a: Latias
|-damage|p1a: Latias|53\/319
|
|turn|3
|
|move|p1a: Latias|Hidden Power|p2a: Infernape
|-damage|p2a: Infernape|0 fnt
|-damage|p1a: Latias|22\/319|[from] item: Life Orb
|faint|p2a: Infernape
|
|
|switch|p2a: Dragonite|Dragonite, M|323\/323
|turn|4
|
|switch|p1a: Ferrothorn|Ferrothorn, F|352\/352
|-damage|p1a: Ferrothorn|330\/352|[from] Stealth Rock
|switch|p2a: Metagross|Metagross|301\/301
|
|-heal|p1a: Ferrothorn|352\/352|[from] item: Leftovers
|turn|5
|
|detailschange|p2a: Metagross|Metagross-Mega
|-mega|p2a: Metagross|Metagross|Metagrossite
|move|p2a: Metagross|Hammer Arm|p1a: Ferrothorn
|-supereffective|p1a: Ferrothorn
|-damage|p1a: Ferrothorn|140\/352
|-damage|p2a: Metagross|264\/301|[from] ability: Iron Barbs|[of] p1a: Ferrothorn
|-unboost|p2a: Metagross|spe|1
|move|p1a: Ferrothorn|Leech Seed|p2a: Metagross
|-start|p2a: Metagross|move: Leech Seed
|
|-heal|p1a: Ferrothorn|162\/352|[from] item: Leftovers
|-damage|p2a: Metagross|227\/301|[from] Leech Seed|[of] p1a: Ferrothorn
|-heal|p1a: Ferrothorn|199\/352|[silent]
|turn|6
|join|where is zorodark
|
|switch|p2a: Keldeo|Keldeo|323\/323
|switch|p1a: Politoed|Politoed, F, shiny|383\/383
|-damage|p1a: Politoed|336\/383|[from] Stealth Rock
|-weather|RainDance
|
|-weather|RainDance|[upkeep]
|turn|7
|
|move|p2a: Keldeo|Secret Sword|p1a: Politoed
|-damage|p1a: Politoed|36\/383
|move|p1a: Politoed|Toxic|p2a: Keldeo
|-status|p2a: Keldeo|tox
|
|-weather|RainDance|[upkeep]
|-damage|p2a: Keldeo|303\/323 tox|[from] psn
|turn|8
|c| where is zorodark|OX
|c|âOx the Box|??
|
|switch|p1a: Latias|Latias, F, shiny|22\/319
|-damage|p1a: Latias|0 fnt|[from] Stealth Rock
|faint|p1a: Latias
|move|p2a: Keldeo|Secret Sword|p1: Latias|[notarget]
|-notarget
|
|-weather|RainDance|[upkeep]
|-damage|p2a: Keldeo|263\/323 tox|[from] psn
|c| where is zorodark|where is the
|c| where is zorodark|RAIKOU
|
|switch|p1a: Kingdra|Kingdra, M|298\/298
|-damage|p1a: Kingdra|261\/298|[from] Stealth Rock
|turn|9
|c|âOx the Box|i gave up on using raikou
|
|switch|p2a: Bisharp|Bisharp, M|271\/271
|move|p1a: Kingdra|Hydro Pump|p2a: Bisharp
|-damage|p2a: Bisharp|0 fnt
|faint|p2a: Bisharp
|
|-weather|RainDance|[upkeep]
|c|âOx the Box|it's a horrible mon
|
|switch|p2a: Thundurus|Thundurus, M|299\/299
|turn|10
|c| where is zorodark|b b  b b b b b BUR
|c| where is zorodark|BUT
|c| where is zorodark|peaked
|
|switch|p1a: Swampert|Swampert, F|348\/348
|-damage|p1a: Swampert|327\/348|[from] Stealth Rock
|move|p2a: Thundurus|Superpower|p1a: Swampert
|-damage|p1a: Swampert|158\/348
|-unboost|p2a: Thundurus|atk|1
|-unboost|p2a: Thundurus|def|1
|-damage|p2a: Thundurus|270\/299|[from] item: Life Orb
|
|-weather|RainDance|[upkeep]
|turn|11
|c| where is zorodark|NUMBER ONE
|c| where is zorodark|FEAT
|c|âOx the Box|nigga I peak all the time
|c| where is zorodark|RAIKOU!!!
|c| where is zorodark|FEAT RAIKOU!!!!!
|
|switch|p2a: Metagross|Metagross-Mega|227\/301
|detailschange|p1a: Swampert|Swampert-Mega, F
|-mega|p1a: Swampert|Swampert|Swampertite
|move|p1a: Swampert|Ice Punch|p2a: Metagross
|-resisted|p2a: Metagross
|-damage|p2a: Metagross|189\/301
|
|-weather|RainDance|[upkeep]
|turn|12
|c|âOx the Box|maybe I'll put raikou on this team
|c|âOx the Box|will u be happy?
|c| where is zorodark|y y y y y yes
|
|switch|p2a: Dragonite|Dragonite, M|323\/323
|move|p1a: Swampert|Waterfall|p2a: Dragonite
|-resisted|p2a: Dragonite
|-damage|p2a: Dragonite|259\/323
|
|-weather|RainDance|[upkeep]
|turn|13
|
|switch|p2a: Metagross|Metagross-Mega|189\/301
|move|p1a: Swampert|Ice Punch|p2a: Metagross
|-resisted|p2a: Metagross
|-damage|p2a: Metagross|152\/301
|
|-weather|none
|turn|14
|leave|where is zorodark
|c|âOx the Box|metagross is too broken
|
|switch|p2a: Dragonite|Dragonite, M|259\/323
|switch|p1a: Bisharp|Bisharp, F|271\/271
|-damage|p1a: Bisharp|255\/271|[from] Stealth Rock
|
|turn|15
|
|switch|p1a: Politoed|Politoed, F, shiny|36\/383
|-damage|p1a: Politoed|0 fnt|[from] Stealth Rock
|faint|p1a: Politoed
|move|p2a: Dragonite|Earthquake|p1: Politoed|[notarget]
|-notarget
|
|
|switch|p1a: Ferrothorn|Ferrothorn, F|199\/352
|-damage|p1a: Ferrothorn|177\/352|[from] Stealth Rock
|turn|16
|c|âMonster 87|Rain ]:
|c|âOx the Box|yeah
|c|âOx the Box|I choked
|c|âOx the Box|idk why I sacked poli
|
|move|p2a: Dragonite|Earthquake|p1a: Ferrothorn
|-damage|p1a: Ferrothorn|49\/352
|move|p1a: Ferrothorn|Stealth Rock|p2a: Dragonite
|-sidestart|p2: Monster 87|move: Stealth Rock
|
|-heal|p1a: Ferrothorn|71\/352|[from] item: Leftovers
|turn|17
|
|move|p2a: Dragonite|Earthquake|p1a: Ferrothorn
|-damage|p1a: Ferrothorn|0 fnt
|faint|p1a: Ferrothorn
|
|
|switch|p1a: Swampert|Swampert-Mega, F|158\/348
|-damage|p1a: Swampert|137\/348|[from] Stealth Rock
|turn|18
|
|move|p2a: Dragonite|Earthquake|p1a: Swampert
|-damage|p1a: Swampert|0 fnt
|faint|p1a: Swampert
|
|-message|Ox the Box forfeited.
|leave|Ox the Box
|
|win|Monster 87
|raw|Ladder updating...
|player|p1
|c|âMonster 87|gg
|raw|Ox the Box's rating: 1579 &rarr; <strong>1551<\/strong><br \/>(-28 for losing)
|raw|Monster 87's rating: 1432 &rarr; <strong>1460<\/strong><br \/>(+28 for winning)
|leave|Monster 87
|player|p2