|join|Olusho
|join|Ox the Box
|player|p1|Olusho|170
|player|p2|Ox the Box|201
|gametype|singles
|gen|6
|tier|OU
|rated
|clearpoke
|poke|p1|Kyurem-Black
|poke|p1|Landorus-Therian, M
|poke|p1|Manectric, F
|poke|p1|Scizor, F
|poke|p1|Keldeo
|poke|p1|Clefable, M
|poke|p2|Thundurus, M
|poke|p2|Hippowdon, F
|poke|p2|Celebi
|poke|p2|Reuniclus, F
|poke|p2|Heatran, F
|poke|p2|Scizor, F
|rule|Swagger Clause: Swagger is banned
|rule|Baton Pass Clause: Limit one PokÃ©mon knowing Baton Pass
|rule|Sleep Clause Mod: Limit one foe put to sleep
|rule|Species Clause: Limit one of each PokÃ©mon
|rule|OHKO Clause: OHKO moves are banned
|rule|Moody Clause: Moody is banned
|rule|Evasion Moves Clause: Evasion moves are banned
|rule|Endless Battle Clause: Forcing endless battles is banned
|rule|HP Percentage Mod: HP is shown in percentages
|teampreview
|join|Squirrelll
|join|Stoned Zard
|c|âOx the Box|glhf
|c|âOx the Box|no
|c|âOx the Box|hf
|c|âOx the Box|fuck luck
|
|start
|switch|p1a: Manectric|Manectric, F|281\/281
|switch|p2a: Hippowdon|Hippowdon, F|419\/419
|-weather|Sandstorm
|turn|1
|c| Stoned Zard|:P
|join|Mistaken
|c|âOlusho|lol same may the hax gods be with you
|
|switch|p1a: Landorus-Therian|Landorus-Therian, M|382\/382
|-ability|p1a: Landorus-Therian|Intimidate|[of] p2a: Hippowdon
|-unboost|p2a: Hippowdon|atk|1
|move|p2a: Hippowdon|Stealth Rock|p1a: Landorus-Therian
|-sidestart|p1: Olusho|move: Stealth Rock
|
|-weather|Sandstorm|[upkeep]
|turn|2
|
|move|p1a: Landorus-Therian|Stealth Rock|p2a: Hippowdon
|-sidestart|p2: Ox the Box|move: Stealth Rock
|move|p2a: Hippowdon|Toxic|p1a: Landorus-Therian
|-status|p1a: Landorus-Therian|tox
|
|-weather|Sandstorm|[upkeep]
|-damage|p1a: Landorus-Therian|359\/382 tox|[from] psn
|turn|3
|
|move|p1a: Landorus-Therian|U-turn|p2a: Hippowdon
|-damage|p2a: Hippowdon|368\/419
|
|switch|p1a: Scizor|Scizor, F|344\/344
|-damage|p1a: Scizor|301\/344|[from] Stealth Rock
|move|p2a: Hippowdon|Earthquake|p1a: Scizor
|-damage|p1a: Scizor|241\/344
|
|-weather|Sandstorm|[upkeep]
|-heal|p1a: Scizor|262\/344|[from] item: Leftovers
|-heal|p2a: Hippowdon|394\/419|[from] item: Leftovers
|turn|4
|join|I Iike Squirtles
|join|Yuttt.mackerel
|
|switch|p2a: Heatran|Heatran, F|385\/385
|-damage|p2a: Heatran|337\/385|[from] Stealth Rock
|move|p1a: Scizor|U-turn|p2a: Heatran
|-resisted|p2a: Heatran
|-damage|p2a: Heatran|310\/385
|join|MALLORCA
|leave|MALLORCA
|
|switch|p1a: Manectric|Manectric, F|281\/281
|-damage|p1a: Manectric|246\/281|[from] Stealth Rock
|
|-weather|Sandstorm|[upkeep]
|-damage|p1a: Manectric|229\/281|[from] sandstorm
|-heal|p2a: Heatran|334\/385|[from] item: Leftovers
|turn|5
|
|detailschange|p1a: Manectric|Manectric-Mega, F
|-mega|p1a: Manectric|Manectric|Manectite
|-ability|p1a: Manectric|Intimidate|[of] p2a: Heatran
|-unboost|p2a: Heatran|atk|1
|move|p1a: Manectric|Volt Switch|p2a: Heatran
|-damage|p2a: Heatran|237\/385
|
|switch|p1a: Keldeo|Keldeo|323\/323
|-damage|p1a: Keldeo|303\/323|[from] Stealth Rock
|move|p2a: Heatran|Earth Power|p1a: Keldeo
|-damage|p1a: Keldeo|213\/323
|
|-weather|none
|-heal|p2a: Heatran|261\/385|[from] item: Leftovers
|turn|6
|
|switch|p2a: Celebi|Celebi|403\/403
|-damage|p2a: Celebi|353\/403|[from] Stealth Rock
|move|p1a: Keldeo|Icy Wind|p2a: Celebi
|-supereffective|p2a: Celebi
|-damage|p2a: Celebi|221\/403
|-unboost|p2a: Celebi|spe|1
|
|-heal|p2a: Celebi|246\/403|[from] item: Leftovers
|turn|7
|join|Dark380
|
|move|p1a: Keldeo|Icy Wind|p2a: Celebi
|-supereffective|p2a: Celebi
|-damage|p2a: Celebi|112\/403
|-unboost|p2a: Celebi|spe|1
|move|p2a: Celebi|Recover|p2a: Celebi
|-heal|p2a: Celebi|314\/403
|
|-heal|p2a: Celebi|339\/403|[from] item: Leftovers
|turn|8
|
|switch|p1a: Scizor|Scizor, F|262\/344
|-damage|p1a: Scizor|219\/344|[from] Stealth Rock
|move|p2a: Celebi|Baton Pass|p2a: Celebi
|
|switch|p2a: Scizor|Scizor, F|343\/343
|-damage|p2a: Scizor|301\/343|[from] Stealth Rock
|
|-heal|p1a: Scizor|240\/344|[from] item: Leftovers
|turn|9
|
|detailschange|p2a: Scizor|Scizor-Mega, F
|-mega|p2a: Scizor|Scizor|Scizorite
|move|p1a: Scizor|Defog|p2a: Scizor
|-unboost|p2a: Scizor|evasion|1
|-sideend|p2: Ox the Box|Stealth Rock|[from] move: Defog|[of] p2a: Scizor
|-sideend|p1: Olusho|Stealth Rock|[from] move: Defog|[of] p1a: Scizor
|move|p2a: Scizor|U-turn|p1a: Scizor
|-resisted|p1a: Scizor
|-damage|p1a: Scizor|199\/344
|c| Yuttt.mackerel|nice spoed
|join|FUQ GLISCORE
|
|switch|p2a: Heatran|Heatran, F|261\/385
|
|-heal|p2a: Heatran|285\/385|[from] item: Leftovers
|-heal|p1a: Scizor|220\/344|[from] item: Leftovers
|turn|10
|
|move|p2a: Heatran|Lava Plume|p1a: Scizor
|-supereffective|p1a: Scizor
|-damage|p1a: Scizor|0 fnt
|faint|p1a: Scizor
|
|-heal|p2a: Heatran|309\/385|[from] item: Leftovers
|
|switch|p1a: Manectric|Manectric-Mega, F|229\/281
|-ability|p1a: Manectric|Intimidate|[of] p2a: Heatran
|-unboost|p2a: Heatran|atk|1
|turn|11
|
|switch|p2a: Hippowdon|Hippowdon, F|394\/419
|-weather|Sandstorm
|move|p1a: Manectric|Volt Switch|p2a: Hippowdon
|-immune|p2a: Hippowdon|[msg]
|
|-weather|Sandstorm|[upkeep]
|-damage|p1a: Manectric|212\/281|[from] sandstorm
|-heal|p2a: Hippowdon|419\/419|[from] item: Leftovers
|turn|12
|c|âOlusho|hey sorry I gotta go but gg
|-message|Olusho forfeited.
|leave|Olusho
|
|win|Ox the Box
|raw|Ladder updating...
|player|p1
|c|âOx the Box|bye
|raw|Olusho's rating: 1533 &rarr; <strong>1514<\/strong><br \/>(-19 for losing)
|raw|Ox the Box's rating: 1551 &rarr; <strong>1570<\/strong><br \/>(+19 for winning)
|leave|Ox the Box
|player|p2
|leave|I Iike Squirtles
|leave|FUQ GLISCORE
|leave|Yuttt.mackerel
|leave|Dark380
|leave|Stoned Zard