|join|TFL
|join|Ox the Box
|player|p1|TFL|70
|player|p2|Ox the Box|201
|gametype|singles
|gen|6
|tier|OU
|clearpoke
|poke|p1|Skarmory, M
|poke|p1|Thundurus, M
|poke|p1|Hydreigon, M
|poke|p1|Gyarados, M
|poke|p1|Lucario, M
|poke|p1|Sharpedo, M
|poke|p2|Gyarados, M
|poke|p2|Celebi
|poke|p2|Entei, shiny
|poke|p2|Scizor, F, shiny
|poke|p2|Heatran, M, shiny
|poke|p2|Zapdos, shiny
|rule|Swagger Clause: Swagger is banned
|rule|Baton Pass Clause: Limit one PokÃ©mon knowing Baton Pass
|rule|Sleep Clause Mod: Limit one foe put to sleep
|rule|Species Clause: Limit one of each PokÃ©mon
|rule|OHKO Clause: OHKO moves are banned
|rule|Moody Clause: Moody is banned
|rule|Evasion Moves Clause: Evasion moves are banned
|rule|Endless Battle Clause: Forcing endless battles is banned
|rule|HP Percentage Mod: HP is shown in percentages
|teampreview
|
|start
|switch|p1a: Skarmory|Skarmory, M|272\/272
|switch|p2a: Zapdos|Zapdos, shiny|322\/322
|-ability|p2a: Zapdos|Pressure
|turn|1
|
|move|p1a: Skarmory|Stealth Rock|p2a: Zapdos
|-sidestart|p2: Ox the Box|move: Stealth Rock
|move|p2a: Zapdos|Volt Switch|p1a: Skarmory
|-supereffective|p1a: Skarmory
|-activate|p1a: Skarmory|Sturdy
|-damage|p1a: Skarmory|1\/272
|
|switch|p2a: Heatran|Heatran, M, shiny|385\/385
|-enditem|p1a: Skarmory|Salac Berry|[eat]
|-boost|p1a: Skarmory|spe|1|[from] item: Salac Berry
|-damage|p2a: Heatran|337\/385|[from] Stealth Rock
|
|-heal|p2a: Heatran|361\/385|[from] item: Leftovers
|turn|2
|join|RayDalio
|
|move|p1a: Skarmory|Spikes|p2a: Heatran
|-sidestart|p2: Ox the Box|Spikes
|move|p2a: Heatran|Lava Plume|p1a: Skarmory
|-supereffective|p1a: Skarmory
|-damage|p1a: Skarmory|0 fnt
|faint|p1a: Skarmory
|
|-heal|p2a: Heatran|385\/385|[from] item: Leftovers
|c|âOx the Box|how do u beat mega manec
|c|âTFL|idunno
|join|lil manaphy
|c|âTFL|i dont concern myself with bad mons
|join|Joonitor
|join|anchorage
|c|âOx the Box|it's alright
|c| Joonitor|"bad mons"
|
|switch|p1a: Gyarados|Gyarados, M|353\/353
|-ability|p1a: Gyarados|Intimidate|[of] p2a: Heatran
|-unboost|p2a: Heatran|atk|1
|turn|3
|c| lil manaphy|hp electric passho berry volcarona beats ya
|
|switch|p2a: Zapdos|Zapdos, shiny|322\/322
|-damage|p2a: Zapdos|242\/322|[from] Stealth Rock
|-ability|p2a: Zapdos|Pressure
|move|p1a: Gyarados|Dragon Dance|p1a: Gyarados
|-boost|p1a: Gyarados|atk|1
|-boost|p1a: Gyarados|spe|1
|
|-heal|p2a: Zapdos|262\/322|[from] item: Leftovers
|turn|4
|c|âOx the Box|-
|c| Joonitor|nice'n obscure set there lil mana
|
|move|p1a: Gyarados|Waterfall|p2a: Zapdos
|-damage|p2a: Zapdos|96\/322
|move|p2a: Zapdos|Defog|p1a: Gyarados
|-unboost|p1a: Gyarados|evasion|1
|-sideend|p2: Ox the Box|Spikes|[from] move: Defog|[of] p2a: Zapdos
|-sideend|p2: Ox the Box|Stealth Rock|[from] move: Defog|[of] p2a: Zapdos
|
|-heal|p2a: Zapdos|116\/322|[from] item: Leftovers
|turn|5
|c|âOx the Box|no
|c| lil manaphy|ox u lose to hp ground volcarona
|c|âOx the Box|fuck cancel
|c|âOx the Box|I had to volt
|
|move|p1a: Gyarados|Waterfall|p2a: Zapdos
|-damage|p2a: Zapdos|0 fnt
|faint|p2a: Zapdos
|
|
|switch|p2a: Gyarados|Gyarados, M|331\/331
|-ability|p2a: Gyarados|Intimidate|[of] p1a: Gyarados
|-unboost|p1a: Gyarados|atk|1
|turn|6
|
|move|p1a: Gyarados|Dragon Dance|p1a: Gyarados
|-boost|p1a: Gyarados|atk|1
|-boost|p1a: Gyarados|spe|1
|move|p2a: Gyarados|Dragon Dance|p2a: Gyarados
|-boost|p2a: Gyarados|atk|1
|-boost|p2a: Gyarados|spe|1
|
|turn|7
|c|âOx the Box|pls cancel here
|
|detailschange|p2a: Gyarados|Gyarados-Mega, M
|-mega|p2a: Gyarados|Gyarados|Gyaradosite
|-ability|p2a: Gyarados|Mold Breaker
|move|p1a: Gyarados|Dragon Dance|p1a: Gyarados
|-boost|p1a: Gyarados|atk|1
|-boost|p1a: Gyarados|spe|1
|move|p2a: Gyarados|Crunch|p1a: Gyarados
|-damage|p1a: Gyarados|47\/353
|-unboost|p1a: Gyarados|def|1
|
|turn|8
|
|switch|p2a: Scizor|Scizor, F, shiny|343\/343
|move|p1a: Gyarados|Bounce|p2a: Scizor|[still]
|-prepare|p1a: Gyarados|Bounce|p2a: Scizor
|
|turn|9
|
|move|p1a: Gyarados|Bounce|p2a: Scizor
|-crit|p2a: Scizor
|-damage|p2a: Scizor|0 fnt
|faint|p2a: Scizor
|
|c|âOx the Box|lol
|c|âTFL|die
|c|âOx the Box|im max hp max defense
|c|âOx the Box|did it matter
|c|âTFL|iunno prolly
|
|switch|p2a: Entei|Entei, shiny|371\/371
|-ability|p2a: Entei|Pressure
|turn|10
|c| lil manaphy|u have entei
|c| lil manaphy|ya there u go
|
|move|p2a: Entei|Extreme Speed|p1a: Gyarados
|-damage|p1a: Gyarados|0 fnt
|faint|p1a: Gyarados
|
|join|Fedayi
|c| lil manaphy|i think ox loses to sharpedo
|c| lil manaphy|now.
|c|âOx the Box|i have gyara
|c| lil manaphy|i think. ox. loses. to sharpedo. now
|c| Fedayi|he has a hydreigon.
|
|switch|p1a: Lucario|Lucario, M|282\/282
|turn|11
|join|Doomed hi
|
|move|p1a: Lucario|Close Combat|p2a: Entei
|-damage|p2a: Entei|46\/371
|-unboost|p1a: Lucario|def|1
|-unboost|p1a: Lucario|spd|1
|-damage|p1a: Lucario|254\/282|[from] item: Life Orb
|move|p2a: Entei|Sacred Fire|p1a: Lucario
|-supereffective|p1a: Lucario
|-damage|p1a: Lucario|0 fnt
|faint|p1a: Lucario
|
|c| Joonitor|this should be gud
|c|âOx the Box|h wish celebi
|c|âOx the Box|*_*
|
|switch|p1a: Thundurus|Thundurus, M|299\/299
|turn|12
|
|move|p2a: Entei|Extreme Speed|p1a: Thundurus
|-damage|p1a: Thundurus|172\/299
|move|p1a: Thundurus|Thunderbolt|p2a: Entei
|-damage|p2a: Entei|0 fnt
|-damage|p1a: Thundurus|143\/299|[from] item: Life Orb
|faint|p2a: Entei
|
|
|switch|p2a: Heatran|Heatran, M, shiny|385\/385
|turn|13
|
|move|p1a: Thundurus|Focus Blast|p2a: Heatran
|-supereffective|p2a: Heatran
|-damage|p2a: Heatran|55\/385
|-damage|p1a: Thundurus|114\/299|[from] item: Life Orb
|move|p2a: Heatran|Lava Plume|p1a: Thundurus
|-damage|p1a: Thundurus|0 fnt
|faint|p1a: Thundurus
|
|-heal|p2a: Heatran|79\/385|[from] item: Leftovers
|
|switch|p1a: Sharpedo|Sharpedo, M|281\/281
|turn|14
|
|move|p1a: Sharpedo|Crunch|p2a: Heatran
|-damage|p2a: Heatran|0 fnt
|faint|p2a: Heatran
|
|-boost|p1a: Sharpedo|spe|1|[from] ability: Speed Boost
|join|tomibello
|
|switch|p2a: Gyarados|Gyarados-Mega, M|331\/331
|-ability|p2a: Gyarados|Mold Breaker
|turn|15
|
|move|p1a: Sharpedo|Crunch|p2a: Gyarados
|-resisted|p2a: Gyarados
|-damage|p2a: Gyarados|263\/331
|move|p2a: Gyarados|Earthquake|p1a: Sharpedo
|-damage|p1a: Sharpedo|16\/281
|
|-boost|p1a: Sharpedo|spe|1|[from] ability: Speed Boost
|turn|16
|join|0 Void Star 0
|
|detailschange|p1a: Sharpedo|Sharpedo-Mega, M
|-mega|p1a: Sharpedo|Sharpedo|Sharpedonite
|move|p1a: Sharpedo|Poison Fang|p2a: Gyarados
|-damage|p2a: Gyarados|162\/331
|move|p2a: Gyarados|Earthquake|p1a: Sharpedo
|-damage|p1a: Sharpedo|0 fnt
|faint|p1a: Sharpedo
|
|
|switch|p1a: Hydreigon|Hydreigon, M|325\/325
|turn|17
|c|âOx the Box|!learn sharpedo, thunderfang
|raw|<div class="infobox">Sharpedo <span class="message-learn-cannotlearn">can't<\/span> learn Thunder Fang<\/div>
|
|move|p1a: Hydreigon|Superpower|p2a: Gyarados
|-supereffective|p2a: Gyarados
|-damage|p2a: Gyarados|0 fnt
|-unboost|p1a: Hydreigon|atk|1
|-unboost|p1a: Hydreigon|def|1
|-damage|p1a: Hydreigon|293\/325|[from] item: Life Orb
|faint|p2a: Gyarados
|
|c|âTFL|jeejee
|c| Joonitor|wow
|c|âOx the Box|gg
|
|switch|p2a: Celebi|Celebi|403\/403
|turn|18
|c|âOx the Box|i meant to dd on sharpedo
|c|âOx the Box|but I thought it had t fang
|
|move|p1a: Hydreigon|Dark Pulse|p2a: Celebi
|-crit|p2a: Celebi
|-supereffective|p2a: Celebi
|-damage|p2a: Celebi|0 fnt
|-damage|p1a: Hydreigon|261\/325|[from] item: Life Orb
|faint|p2a: Celebi
|
|win|TFL
|leave|Ox the Box
|player|p2
|leave|0 Void Star 0
|leave|TFL
|player|p1
|leave|Joonitor
|leave|Doomed hi
|leave|tomibello
|leave|RayDalio