|join|JustTestingBruh
|join|SuperSaiyanBlade
|player|p1|JustTestingBruh|2
|player|p2|SuperSaiyanBlade|290
|gametype|singles
|gen|6
|tier|UU
|rated
|rule|Sleep Clause Mod: Limit one foe put to sleep
|rule|Species Clause: Limit one of each PokÃ©mon
|rule|OHKO Clause: OHKO moves are banned
|rule|Moody Clause: Moody is banned
|rule|Evasion Moves Clause: Evasion moves are banned
|rule|Endless Battle Clause: Forcing endless battles is banned
|rule|HP Percentage Mod: HP is shown in percentages
|clearpoke
|poke|p1|Serperior, M, shiny
|poke|p1|Entei, shiny
|poke|p1|Sharpedo, F
|poke|p1|Nidoking, M
|poke|p1|Krookodile, M
|poke|p1|Mienshao, F
|poke|p2|Froslass, F, shiny
|poke|p2|Sharpedo, F
|poke|p2|Infernape, M, shiny
|poke|p2|Serperior, M
|poke|p2|Haxorus, M
|poke|p2|Shuckle, M
|rule|Swagger Clause: Swagger is banned
|rule|Baton Pass Clause: Limit one PokÃ©mon knowing Baton Pass
|teampreview
|
|start
|switch|p1a: Bender|Serperior, M, shiny|291\/291
|switch|p2a: Shuckle|Shuckle, M|244\/244
|turn|1
|
|switch|p2a: Infernape|Infernape, M, shiny|294\/294
|move|p1a: Bender|Substitute|p1a: Bender
|-start|p1a: Bender|Substitute
|-damage|p1a: Bender|219\/291
|
|turn|2
|
|move|p2a: Infernape|Fake Out|p1a: Bender
|-activate|p1a: Bender|Substitute|[damage]
|-damage|p2a: Infernape|265\/294|[from] item: Life Orb
|move|p1a: Bender|Leaf Storm|p2a: Infernape
|-resisted|p2a: Infernape
|-damage|p2a: Infernape|134\/294
|-boost|p1a: Bender|spa|2
|-damage|p1a: Bender|190\/291|[from] item: Life Orb
|
|turn|3
|
|move|p1a: Bender|Leaf Storm|p2a: Infernape
|-resisted|p2a: Infernape
|-damage|p2a: Infernape|0 fnt
|-boost|p1a: Bender|spa|2
|-damage|p1a: Bender|161\/291|[from] item: Life Orb
|faint|p2a: Infernape
|
|
|switch|p2a: Haxorus|Haxorus, M|302\/302
|-ability|p2a: Haxorus|Mold Breaker
|turn|4
|
|move|p1a: Bender|Dragon Pulse|p2a: Haxorus
|-supereffective|p2a: Haxorus
|-damage|p2a: Haxorus|0 fnt
|-damage|p1a: Bender|132\/291|[from] item: Life Orb
|faint|p2a: Haxorus
|
|
|switch|p2a: Shuckle|Shuckle, M|244\/244
|turn|5
|
|move|p1a: Bender|Leaf Storm|p2a: Shuckle
|-activate|p2a: Shuckle|Sturdy
|-damage|p2a: Shuckle|1\/244
|-boost|p1a: Bender|spa|2
|-damage|p1a: Bender|103\/291|[from] item: Life Orb
|move|p2a: Shuckle|Stealth Rock|p1a: Bender
|-sidestart|p1: JustTestingBruh|move: Stealth Rock
|
|-heal|p2a: Shuckle|16\/244|[from] item: Leftovers
|turn|6
|
|move|p1a: Bender|Leaf Storm|p2a: Shuckle
|-damage|p2a: Shuckle|0 fnt
|-damage|p1a: Bender|74\/291|[from] item: Life Orb
|faint|p2a: Shuckle
|
|
|switch|p2a: Froslass|Froslass, F, shiny|344\/344
|turn|7
|
|move|p1a: Bender|Hidden Power|p2a: Froslass
|-supereffective|p2a: Froslass
|-enditem|p2a: Froslass|Focus Sash
|-damage|p2a: Froslass|1\/344
|-start|p1a: Bender|Disable|Hidden Power
|-damage|p1a: Bender|45\/291|[from] item: Life Orb
|move|p2a: Froslass|Spikes|p1a: Bender
|-sidestart|p1: JustTestingBruh|Spikes
|
|turn|8
|
|move|p1a: Bender|Dragon Pulse|p2a: Froslass
|-damage|p2a: Froslass|0 fnt
|-damage|p1a: Bender|16\/291|[from] item: Life Orb
|faint|p2a: Froslass
|
|
|switch|p2a: Serperior|Serperior, M|292\/292
|turn|9
|
|move|p2a: Serperior|Leaf Storm|p1a: Bender
|-crit|p1a: Bender
|-resisted|p1a: Bender
|-end|p1a: Bender|Substitute
|-boost|p2a: Serperior|spa|2
|move|p1a: Bender|Leaf Storm|p2a: Serperior
|-resisted|p2a: Serperior
|-damage|p2a: Serperior|0 fnt
|-damage|p1a: Bender|0 fnt|[from] item: Life Orb
|faint|p2a: Serperior
|faint|p1a: Bender
|
|
|switch|p2a: Sharpedo|Sharpedo, F|282\/282
|switch|p1a: Mordecai|Sharpedo, F|281\/281
|-damage|p1a: Mordecai|246\/281|[from] Spikes
|-damage|p1a: Mordecai|211\/281|[from] Stealth Rock
|turn|10
|
|move|p1a: Mordecai|Protect|p1a: Mordecai
|-singleturn|p1a: Mordecai|Protect
|move|p2a: Sharpedo|Protect|p2a: Sharpedo
|-fail|p2a: Sharpedo
|
|-boost|p1a: Mordecai|spe|1|[from] ability: Speed Boost
|-boost|p2a: Sharpedo|spe|1|[from] ability: Speed Boost
|turn|11
|
|move|p2a: Sharpedo|Protect|p2a: Sharpedo
|-singleturn|p2a: Sharpedo|Protect
|move|p1a: Mordecai|Crunch|p2a: Sharpedo
|-activate|p2a: Sharpedo|Protect
|
|-boost|p1a: Mordecai|spe|1|[from] ability: Speed Boost
|-boost|p2a: Sharpedo|spe|1|[from] ability: Speed Boost
|turn|12
|
|detailschange|p1a: Mordecai|Sharpedo-Mega, F
|-mega|p1a: Mordecai|Sharpedo|Sharpedonite
|detailschange|p2a: Sharpedo|Sharpedo-Mega, F
|-mega|p2a: Sharpedo|Sharpedo|Sharpedonite
|move|p2a: Sharpedo|Crunch|p1a: Mordecai
|-resisted|p1a: Mordecai
|-damage|p1a: Mordecai|37\/281
|move|p1a: Mordecai|Crunch|p2a: Sharpedo
|-resisted|p2a: Sharpedo
|-damage|p2a: Sharpedo|102\/282
|
|turn|13
|
|move|p1a: Mordecai|Crunch|p2a: Sharpedo
|-crit|p2a: Sharpedo
|-resisted|p2a: Sharpedo
|-damage|p2a: Sharpedo|0 fnt
|faint|p2a: Sharpedo
|
|win|JustTestingBruh
|raw|Ladder updating...
|raw|JustTestingBruh's rating: 1331 &rarr; <strong>1351<\/strong><br \/>(+20 for winning)
|raw|SuperSaiyanBlade's rating: 1322 &rarr; <strong>1302<\/strong><br \/>(-20 for losing)