|join|doctorwho1998
|join|JustTestingBruh
|player|p1|doctorwho1998|218
|player|p2|JustTestingBruh|2
|gametype|singles
|gen|6
|tier|UU
|rated
|rule|Sleep Clause Mod: Limit one foe put to sleep
|rule|Species Clause: Limit one of each PokÃ©mon
|rule|OHKO Clause: OHKO moves are banned
|rule|Moody Clause: Moody is banned
|rule|Evasion Moves Clause: Evasion moves are banned
|rule|Endless Battle Clause: Forcing endless battles is banned
|rule|HP Percentage Mod: HP is shown in percentages
|clearpoke
|poke|p1|Scrafty, M, shiny
|poke|p1|Nidoqueen, F, shiny
|poke|p1|Noivern, F, shiny
|poke|p1|Florges, F, shiny
|poke|p1|Blastoise, M, shiny
|poke|p1|Galvantula, F
|poke|p2|Serperior, M, shiny
|poke|p2|Entei, shiny
|poke|p2|Sharpedo, M
|poke|p2|Nidoking, M
|poke|p2|Krookodile, F
|poke|p2|Mienshao, F
|rule|Swagger Clause: Swagger is banned
|rule|Baton Pass Clause: Limit one PokÃ©mon knowing Baton Pass
|teampreview
|
|start
|switch|p1a: Scrafty|Scrafty, M, shiny|271\/271
|switch|p2a: Chandler Bing|Nidoking, M|303\/303
|turn|1
|
|move|p2a: Chandler Bing|Earth Power|p1a: Scrafty
|-damage|p1a: Scrafty|103\/271
|move|p1a: Scrafty|Dragon Dance|p1a: Scrafty
|-boost|p1a: Scrafty|atk|1
|-boost|p1a: Scrafty|spe|1
|
|-heal|p1a: Scrafty|119\/271|[from] item: Leftovers
|turn|2
|
|move|p1a: Scrafty|Zen Headbutt|p2a: Chandler Bing
|-supereffective|p2a: Chandler Bing
|-damage|p2a: Chandler Bing|15\/303
|move|p2a: Chandler Bing|Earth Power|p1a: Scrafty
|-damage|p1a: Scrafty|0 fnt
|faint|p1a: Scrafty
|
|
|switch|p1a: Galvantula|Galvantula, F|281\/281
|turn|3
|
|move|p1a: Galvantula|Energy Ball|p2a: Chandler Bing
|-damage|p2a: Chandler Bing|0 fnt
|-damage|p1a: Galvantula|253\/281|[from] item: Life Orb
|faint|p2a: Chandler Bing
|
|
|switch|p2a: Heisenberg|Krookodile, F|331\/331
|turn|4
|
|move|p2a: Heisenberg|Stone Edge|p1a: Galvantula|[miss]
|-miss|p2a: Heisenberg|p1a: Galvantula
|move|p1a: Galvantula|Sticky Web|p2a: Heisenberg
|-sidestart|p2: JustTestingBruh|move: Sticky Web
|
|turn|5
|
|switch|p1a: Blastoise|Blastoise, M, shiny|361\/361
|move|p2a: Heisenberg|Stone Edge|p1a: Blastoise
|-damage|p1a: Blastoise|252\/361
|
|turn|6
|
|switch|p2a: Bender|Serperior, M, shiny|291\/291
|-activate|p2a: Bender|move: Sticky Web
|-boost|p2a: Bender|spe|1
|detailschange|p1a: Blastoise|Blastoise-Mega, M, shiny
|-mega|p1a: Blastoise|Blastoise|Blastoisinite
|move|p1a: Blastoise|Aura Sphere|p2a: Bender
|-damage|p2a: Bender|121\/291
|
|turn|7
|
|move|p2a: Bender|Leaf Storm|p1a: Blastoise
|-supereffective|p1a: Blastoise
|-damage|p1a: Blastoise|0 fnt
|-boost|p2a: Bender|spa|2
|-damage|p2a: Bender|92\/291|[from] item: Life Orb
|faint|p1a: Blastoise
|
|
|switch|p1a: Galvantula|Galvantula, F|253\/281
|turn|8
|
|move|p2a: Bender|Hidden Power|p1a: Galvantula
|-supereffective|p1a: Galvantula
|-damage|p1a: Galvantula|0 fnt
|-damage|p2a: Bender|63\/291|[from] item: Life Orb
|faint|p1a: Galvantula
|
|
|switch|p1a: Noivern|Noivern, F, shiny|332\/332
|turn|9
|
|move|p2a: Bender|Dragon Pulse|p1a: Noivern
|-crit|p1a: Noivern
|-supereffective|p1a: Noivern
|-damage|p1a: Noivern|0 fnt
|-damage|p2a: Bender|34\/291|[from] item: Life Orb
|faint|p1a: Noivern
|
|
|switch|p1a: Nidoqueen|Nidoqueen, F, shiny|342\/342
|turn|10
|
|move|p2a: Bender|Leaf Storm|p1a: Nidoqueen
|-damage|p1a: Nidoqueen|0 fnt
|-boost|p2a: Bender|spa|2
|-damage|p2a: Bender|5\/291|[from] item: Life Orb
|faint|p1a: Nidoqueen
|
|-message|doctorwho1998 forfeited.
|
|win|JustTestingBruh
|raw|Ladder updating...
|leave|doctorwho1998
|player|p1
|raw|doctorwho1998's rating: 1039 &rarr; <strong>1031<\/strong><br \/>(-8 for losing)
|raw|JustTestingBruh's rating: 1227 &rarr; <strong>1239<\/strong><br \/>(+12 for winning)