|join|Knives707
|join|JustTestingBruh
|player|p1|Knives707|101
|player|p2|JustTestingBruh|101
|gametype|singles
|gen|6
|tier|UU
|rated
|rule|Sleep Clause Mod: Limit one foe put to sleep
|rule|Species Clause: Limit one of each PokÃ©mon
|rule|OHKO Clause: OHKO moves are banned
|rule|Moody Clause: Moody is banned
|rule|Evasion Moves Clause: Evasion moves are banned
|rule|Endless Battle Clause: Forcing endless battles is banned
|rule|HP Percentage Mod: HP is shown in percentages
|clearpoke
|poke|p1|Jirachi
|poke|p1|Machamp, M
|poke|p1|Crobat, M
|poke|p1|Sharpedo, M
|poke|p1|Celebi
|poke|p1|Porygon2
|poke|p2|Serperior, F, shiny
|poke|p2|Entei, shiny
|poke|p2|Sharpedo, M
|poke|p2|Nidoking, M
|poke|p2|Krookodile, M
|poke|p2|Mienshao, M
|rule|Swagger Clause: Swagger is banned
|rule|Baton Pass Clause: Limit one PokÃ©mon knowing Baton Pass
|teampreview
|
|start
|switch|p1a: Jirachi|Jirachi|341\/341
|switch|p2a: Tony Romo|Mienshao, M|271\/271
|turn|1
|
|switch|p1a: Crobat|Crobat, M|373\/373
|move|p2a: Tony Romo|Knock Off|p1a: Crobat
|-damage|p1a: Crobat|194\/373
|-enditem|p1a: Crobat|Black Sludge|[from] move: Knock Off|[of] p2a: Tony Romo
|-damage|p2a: Tony Romo|244\/271|[from] item: Life Orb
|
|turn|2
|
|switch|p2a: Chandler Bing|Nidoking, M|303\/303
|move|p1a: Crobat|U-turn|p2a: Chandler Bing
|-resisted|p2a: Chandler Bing
|-damage|p2a: Chandler Bing|267\/303
|
|switch|p1a: Porygon2|Porygon2|373\/373
|-boost|p1a: Porygon2|spa|1|[from] ability: Download
|
|turn|3
|
|move|p2a: Chandler Bing|Earth Power|p1a: Porygon2
|-damage|p1a: Porygon2|270\/373
|move|p1a: Porygon2|Ice Beam|p2a: Chandler Bing
|-supereffective|p2a: Chandler Bing
|-damage|p2a: Chandler Bing|0 fnt
|faint|p2a: Chandler Bing
|
|
|switch|p2a: Jake the Dog|Entei, shiny|371\/371
|-ability|p2a: Jake the Dog|Pressure
|turn|4
|
|move|p2a: Jake the Dog|Sacred Fire|p1a: Porygon2
|-crit|p1a: Porygon2
|-damage|p1a: Porygon2|0 fnt
|-damage|p2a: Jake the Dog|334\/371|[from] item: Life Orb
|faint|p1a: Porygon2
|
|
|switch|p1a: Sharpedo|Sharpedo, M|281\/281
|turn|5
|
|move|p1a: Sharpedo|Protect|p1a: Sharpedo
|-singleturn|p1a: Sharpedo|Protect
|move|p2a: Jake the Dog|Extreme Speed|p1a: Sharpedo
|-activate|p1a: Sharpedo|Protect
|
|-boost|p1a: Sharpedo|spe|1|[from] ability: Speed Boost
|turn|6
|
|detailschange|p1a: Sharpedo|Sharpedo-Mega, M
|-mega|p1a: Sharpedo|Sharpedo|Sharpedonite
|move|p2a: Jake the Dog|Extreme Speed|p1a: Sharpedo
|-damage|p1a: Sharpedo|117\/281
|-damage|p2a: Jake the Dog|297\/371|[from] item: Life Orb
|move|p1a: Sharpedo|Waterfall|p2a: Jake the Dog
|-supereffective|p2a: Jake the Dog
|-damage|p2a: Jake the Dog|0 fnt
|faint|p2a: Jake the Dog
|
|
|switch|p2a: Mordecai|Sharpedo, M|281\/281
|turn|7
|
|switch|p1a: Machamp|Machamp, M|344\/344
|move|p2a: Mordecai|Protect|p2a: Mordecai
|-fail|p2a: Mordecai
|
|-boost|p2a: Mordecai|spe|1|[from] ability: Speed Boost
|turn|8
|
|detailschange|p2a: Mordecai|Sharpedo-Mega, M
|-mega|p2a: Mordecai|Sharpedo|Sharpedonite
|move|p2a: Mordecai|Zen Headbutt|p1a: Machamp
|-supereffective|p1a: Machamp
|-damage|p1a: Machamp|94\/344
|move|p1a: Machamp|Close Combat|p2a: Mordecai
|-supereffective|p2a: Mordecai
|-damage|p2a: Mordecai|0 fnt
|-unboost|p1a: Machamp|def|1
|-unboost|p1a: Machamp|spd|1
|faint|p2a: Mordecai
|
|
|switch|p2a: Bender|Serperior, F, shiny|291\/291
|turn|9
|
|switch|p1a: Jirachi|Jirachi|341\/341
|move|p2a: Bender|Substitute|p2a: Bender
|-start|p2a: Bender|Substitute
|-damage|p2a: Bender|219\/291
|
|turn|10
|
|move|p1a: Jirachi|U-turn|p2a: Bender
|-crit|p2a: Bender
|-supereffective|p2a: Bender
|-end|p2a: Bender|Substitute
|
|switch|p1a: Crobat|Crobat, M|194\/373
|move|p2a: Bender|Leaf Storm|p1a: Crobat
|-resisted|p1a: Crobat
|-damage|p1a: Crobat|132\/373
|-boost|p2a: Bender|spa|2
|-damage|p2a: Bender|190\/291|[from] item: Life Orb
|
|turn|11
|
|switch|p2a: Heisenberg|Krookodile, M|331\/331
|move|p1a: Crobat|Roost|p1a: Crobat
|-heal|p1a: Crobat|319\/373
|
|turn|12
|
|move|p2a: Heisenberg|Stone Edge|p1a: Crobat
|-supereffective|p1a: Crobat
|-damage|p1a: Crobat|61\/373
|move|p1a: Crobat|U-turn|p2a: Heisenberg
|-crit|p2a: Heisenberg
|-supereffective|p2a: Heisenberg
|-damage|p2a: Heisenberg|147\/331
|
|switch|p1a: Celebi|Celebi|341\/341
|
|turn|13
|
|switch|p2a: Tony Romo|Mienshao, M|244\/271
|move|p1a: Celebi|Giga Drain|p2a: Tony Romo
|-damage|p2a: Tony Romo|33\/271
|-damage|p1a: Celebi|307\/341|[from] item: Life Orb
|
|turn|14
|
|switch|p1a: Crobat|Crobat, M|61\/373
|move|p2a: Tony Romo|U-turn|p1a: Crobat
|-resisted|p1a: Crobat
|-damage|p1a: Crobat|27\/373
|-damage|p2a: Tony Romo|6\/271|[from] item: Life Orb
|
|switch|p2a: Heisenberg|Krookodile, M|147\/331
|
|turn|15
|
|move|p2a: Heisenberg|Knock Off|p1a: Crobat
|-crit|p1a: Crobat
|-damage|p1a: Crobat|0 fnt
|faint|p1a: Crobat
|-boost|p2a: Heisenberg|atk|1|[from] ability: Moxie
|
|
|switch|p1a: Machamp|Machamp, M|94\/344
|turn|16
|
|move|p1a: Machamp|Bullet Punch|p2a: Heisenberg
|-damage|p2a: Heisenberg|56\/331
|move|p2a: Heisenberg|Knock Off|p1a: Machamp
|-crit|p1a: Machamp
|-resisted|p1a: Machamp
|-damage|p1a: Machamp|0 fnt
|-enditem|p1a: Machamp|Choice Band|[from] move: Knock Off|[of] p2a: Heisenberg
|faint|p1a: Machamp
|-boost|p2a: Heisenberg|atk|1|[from] ability: Moxie
|
|
|switch|p1a: Jirachi|Jirachi|341\/341
|turn|17
|
|move|p1a: Jirachi|U-turn|p2a: Heisenberg
|-supereffective|p2a: Heisenberg
|-damage|p2a: Heisenberg|0 fnt
|faint|p2a: Heisenberg
|
|switch|p1a: Sharpedo|Sharpedo-Mega, M|117\/281
|
|
|switch|p2a: Bender|Serperior, F, shiny|190\/291
|turn|18
|
|switch|p1a: Jirachi|Jirachi|341\/341
|move|p2a: Bender|Leaf Storm|p1a: Jirachi
|-resisted|p1a: Jirachi
|-damage|p1a: Jirachi|245\/341
|-boost|p2a: Bender|spa|2
|-damage|p2a: Bender|161\/291|[from] item: Life Orb
|
|turn|19
|
|move|p1a: Jirachi|U-turn|p2a: Bender
|-supereffective|p2a: Bender
|-damage|p2a: Bender|3\/291
|
|switch|p1a: Celebi|Celebi|307\/341
|move|p2a: Bender|Hidden Power|p1a: Celebi
|-supereffective|p1a: Celebi
|-damage|p1a: Celebi|60\/341
|-damage|p2a: Bender|0 fnt|[from] item: Life Orb
|faint|p2a: Bender
|
|
|switch|p2a: Tony Romo|Mienshao, M|6\/271
|turn|20
|
|move|p2a: Tony Romo|Knock Off|p1a: Celebi
|-supereffective|p1a: Celebi
|-damage|p1a: Celebi|0 fnt
|-enditem|p1a: Celebi|Life Orb|[from] move: Knock Off|[of] p2a: Tony Romo
|-damage|p2a: Tony Romo|0 fnt|[from] item: Life Orb
|faint|p1a: Celebi
|faint|p2a: Tony Romo
|
|win|Knives707
|raw|Ladder updating...
|raw|Knives707's rating: 1345 &rarr; <strong>1369<\/strong><br \/>(+24 for winning)
|raw|JustTestingBruh's rating: 1415 &rarr; <strong>1391<\/strong><br \/>(-24 for losing)
|c|âKnives707|gg