|join|Henry
|join|WECAMEASROMANS
|player|p1|Henry|56
|player|p2|WECAMEASROMANS|170
|gametype|singles
|gen|6
|tier|OU
|clearpoke
|poke|p1|Tyranitar, F
|poke|p1|Suicune
|poke|p1|Excadrill, F
|poke|p1|Breloom, F
|poke|p1|Kyurem-Black
|poke|p1|Gardevoir, F
|poke|p2|Victini
|poke|p2|Altaria, F
|poke|p2|Starmie
|poke|p2|Hippowdon, F
|poke|p2|Tangrowth, F
|poke|p2|Zapdos
|rule|Swagger Clause: Swagger is banned
|rule|Baton Pass Clause: Limit one PokÃ©mon knowing Baton Pass
|rule|Sleep Clause Mod: Limit one foe put to sleep
|rule|Species Clause: Limit one of each PokÃ©mon
|rule|OHKO Clause: OHKO moves are banned
|rule|Moody Clause: Moody is banned
|rule|Evasion Moves Clause: Evasion moves are banned
|rule|Endless Battle Clause: Forcing endless battles is banned
|rule|HP Percentage Mod: HP is shown in percentages
|teampreview
|join|lil manaphy
|join|Cienight
|join|Ox the Box
|join|Yuttt.annual
|join|haunter
|c|âWECAMEASROMANS|gl :3
|join|tbh js imo
|c| lil manaphy|GO WCAR
|join|Tom Bus
|join|Rob
|join|sugarhigh
|join|habajiga
|join|FlamingVictini PB
|join|the pdc show
|c|âWECAMEASROMANS|oh shit
|c| the pdc show|thanks my homie henry...
|c|âWECAMEASROMANS|wheres my kyurem-b answer
|c|âWECAMEASROMANS|;_______________________:
|c| lil manaphy|wow
|c| Cienight|lol
|join|daftmau5
|c| lil manaphy|rest in piss
|c| Cienight|was about to say that
|c| daftmau5|GO WCAR
|join|MeanMrSnorlax
|c|âHenry|shit
|c| Cienight|inb4 sub kyub
|c|âHenry|i gotta take a shit
|c|âHenry|lets speed this up
|c|âWECAMEASROMANS|OMG ME TOO
|c| tbh js imo|lol
|
|start
|switch|p1a: Kyurem-Black|Kyurem-Black|405\/405
|switch|p2a: Tangrowth|Tangrowth, F|403\/403
|-ability|p1a: Kyurem-Black|Teravolt
|turn|1
|c| Yuttt.annual|coincidence?
|c| Ox the Box|why not both go before the battle?
|c| Yuttt.annual|I THINK NOT
|c| Ox the Box|I think not
|c| daftmau5|if you both have laptops
|c| Ox the Box|we both said I think not
|join|c1one
|c| Ox the Box|coincidence?
|c| Ox the Box|I THINK SO
|c| daftmau5|you could move this game somewhere more comfortable
|
|move|p1a: Kyurem-Black|Earth Power|p2a: Tangrowth
|-resisted|p2a: Tangrowth
|-damage|p2a: Tangrowth|347\/403
|-damage|p1a: Kyurem-Black|365\/405|[from] item: Life Orb
|move|p2a: Tangrowth|Knock Off|p1a: Kyurem-Black
|-damage|p1a: Kyurem-Black|289\/405
|-enditem|p1a: Kyurem-Black|Life Orb|[from] move: Knock Off|[of] p2a: Tangrowth
|
|turn|2
|c|âHenry|xD
|join|gizmo
|
|switch|p2a: Starmie|Starmie|323\/323
|move|p1a: Kyurem-Black|Roost|p1a: Kyurem-Black
|-heal|p1a: Kyurem-Black|405\/405
|
|turn|3
|c| gizmo|kyu-b is so obnoxious at the moment
|
|move|p2a: Starmie|Reflect Type|p1a: Kyurem-Black
|-start|p2a: Starmie|typechange|[from] move: Reflect Type|[of] p1a: Kyurem-Black
|move|p1a: Kyurem-Black|Fusion Bolt|p2a: Starmie
|-resisted|p2a: Starmie
|-damage|p2a: Starmie|256\/323
|
|-heal|p2a: Starmie|276\/323|[from] item: Leftovers
|turn|4
|c| daftmau5|ahhh the counter
|c| gizmo|holy hell your team is fighting weak henry
|c|âHenry|uh
|
|switch|p1a: Tyranitar|Tyranitar, F|403\/403
|-weather|Sandstorm
|move|p2a: Starmie|Scald|p1a: Tyranitar
|-supereffective|p1a: Tyranitar
|-damage|p1a: Tyranitar|337\/403
|-status|p1a: Tyranitar|brn
|
|-weather|Sandstorm|[upkeep]
|-damage|p2a: Starmie|256\/323|[from] sandstorm
|-heal|p2a: Starmie|276\/323|[from] item: Leftovers
|-damage|p1a: Tyranitar|287\/403 brn|[from] brn
|turn|5
|c|âHenry|gardevoir?
|c|âHenry|smh
|c| gizmo|nah
|c| gizmo|garde takes so much damage
|join|stathakis
|c| daftmau5|quad resists!
|c| gizmo|from resisted hits
|c| gizmo|i don't even count it
|
|switch|p1a: Breloom|Breloom, F|261\/261
|move|p2a: Starmie|Reflect Type|p1a: Breloom
|-start|p2a: Starmie|typechange|[from] move: Reflect Type|[of] p1a: Breloom
|
|-weather|Sandstorm|[upkeep]
|-damage|p2a: Starmie|256\/323|[from] sandstorm
|-damage|p1a: Breloom|245\/261|[from] sandstorm
|-heal|p2a: Starmie|276\/323|[from] item: Leftovers
|turn|6
|c|+stathakis|hahaxd
|join|Alldaalts
|
|switch|p2a: Tangrowth|Tangrowth, F|403\/403
|switch|p1a: Gardevoir|Gardevoir, F|277\/277
|
|-weather|Sandstorm|[upkeep]
|-damage|p1a: Gardevoir|260\/277|[from] sandstorm
|-damage|p2a: Tangrowth|378\/403|[from] sandstorm
|turn|7
|c| the pdc show|good god
|join|Parquet Courts
|c| gizmo|252 Atk Life Orb Terrakion Close Combat vs. 0 HP \/ 24 Def Mega Gardevoir: 87-103 (31.4 - 37.1%) -- 77.4% chance to 3HKO
|c| gizmo|dat x4
|c| the pdc show|stone edge
|
|switch|p1a: Excadrill|Excadrill, F|361\/361
|move|p2a: Tangrowth|Giga Drain|p1a: Excadrill
|-damage|p1a: Excadrill|228\/361
|-heal|p2a: Tangrowth|403\/403|[from] drain|[of] p1a: Excadrill
|
|-weather|Sandstorm|[upkeep]
|-damage|p2a: Tangrowth|378\/403|[from] sandstorm
|turn|8
|c| gizmo|ik ik
|c| gizmo|i was just showing
|c| gizmo|damage
|
|move|p1a: Excadrill|Iron Head|p2a: Tangrowth
|-damage|p2a: Tangrowth|229\/403
|-damage|p1a: Excadrill|192\/361|[from] item: Life Orb
|move|p2a: Tangrowth|Earthquake|p1a: Excadrill
|-supereffective|p1a: Excadrill
|-damage|p1a: Excadrill|0 fnt
|faint|p1a: Excadrill
|
|-weather|Sandstorm|[upkeep]
|-damage|p2a: Tangrowth|204\/403|[from] sandstorm
|c|âHenry|k uhhh
|c|âHenry|uhh
|
|switch|p1a: Kyurem-Black|Kyurem-Black|405\/405
|-ability|p1a: Kyurem-Black|Teravolt
|turn|9
|join|ltoi6
|c| gizmo|wcar
|c| gizmo|didn't yutt make this team with you?
|c|âWECAMEASROMANS|no
|c| gizmo|none of your pokemon are nicknamed
|c| gizmo|oh
|
|switch|p2a: Victini|Victini|404\/404
|move|p1a: Kyurem-Black|Fusion Bolt|p2a: Victini
|-damage|p2a: Victini|292\/404
|
|-weather|Sandstorm|[upkeep]
|-damage|p1a: Kyurem-Black|380\/405|[from] sandstorm
|-damage|p2a: Victini|267\/404|[from] sandstorm
|-heal|p2a: Victini|292\/404|[from] item: Leftovers
|turn|10
|
|switch|p1a: Suicune|Suicune|404\/404
|-ability|p1a: Suicune|Pressure
|move|p2a: Victini|Will-O-Wisp|p1a: Suicune
|-status|p1a: Suicune|brn
|
|-weather|Sandstorm|[upkeep]
|-damage|p2a: Victini|267\/404|[from] sandstorm
|-damage|p1a: Suicune|379\/404 brn|[from] sandstorm
|-heal|p2a: Victini|292\/404|[from] item: Leftovers
|-heal|p1a: Suicune|404\/404 brn|[from] item: Leftovers
|-damage|p1a: Suicune|354\/404 brn|[from] brn
|turn|11
|join|Avarice87
|c| Avarice87|Is this for OCL Gizmo?
|
|switch|p2a: Tangrowth|Tangrowth, F|338\/403
|move|p1a: Suicune|Calm Mind|p1a: Suicune
|-boost|p1a: Suicune|spa|1
|-boost|p1a: Suicune|spd|1
|
|-weather|none
|-heal|p1a: Suicune|379\/404 brn|[from] item: Leftovers
|-damage|p1a: Suicune|329\/404 brn|[from] brn
|turn|12
|
|move|p1a: Suicune|Calm Mind|p1a: Suicune
|-boost|p1a: Suicune|spa|1
|-boost|p1a: Suicune|spd|1
|move|p2a: Tangrowth|Giga Drain|p1a: Suicune
|-crit|p1a: Suicune
|-supereffective|p1a: Suicune
|-damage|p1a: Suicune|83\/404 brn
|-heal|p2a: Tangrowth|403\/403|[from] drain|[of] p1a: Suicune
|
|-heal|p1a: Suicune|108\/404 brn|[from] item: Leftovers
|-damage|p1a: Suicune|58\/404 brn|[from] brn
|turn|13
|c| daftmau5|rip
|c| the pdc show|lol versace
|c|âHenry|:(
|c| gizmo|no ava
|c| Yuttt.annual|g g g gottem
|
|switch|p2a: Zapdos|Zapdos|371\/371
|-ability|p2a: Zapdos|Pressure
|move|p1a: Suicune|Rest|p1a: Suicune
|-status|p1a: Suicune|slp
|-heal|p1a: Suicune|404\/404 slp|[silent]
|-status|p1a: Suicune|slp|[from] move: Rest
|
|turn|14
|join|snickersserperior
|join|gobosox
|c| Avarice87|I love watching WCAR battle
|leave|Alldaalts
|
|switch|p1a: Kyurem-Black|Kyurem-Black|380\/405
|-ability|p1a: Kyurem-Black|Teravolt
|move|p2a: Zapdos|Thunderbolt|p1a: Kyurem-Black
|-resisted|p1a: Kyurem-Black
|-damage|p1a: Kyurem-Black|281\/405
|-status|p1a: Kyurem-Black|par
|
|turn|15
|c|âWECAMEASROMANS|sry
|c| gobosox|nice uu team wcr
|c|âHenry|?_?
|c| Avarice87|It's poetry in motion
|c| snickersserperior|henry
|c| snickersserperior|dont get 6-0ed
|c| Ox the Box|lol
|leave|ltoi6
|c| gobosox|that team is practically gen 5 uu with megataria
|c| Ox the Box|wcar used to be a UU team
|c| snickersserperior|dont get 6-0ed by uu
|join|RayDalio
|
|switch|p2a: Starmie|Starmie|276\/323
|cant|p1a: Kyurem-Black|par
|
|-heal|p2a: Starmie|296\/323|[from] item: Leftovers
|turn|16
|join|MunnAy
|c| gobosox|megataria and hippo
|join|thick fat
|c|âHenry|i clicked
|c|âHenry|fucking
|c|âHenry|fusion
|c| snickersserperior|k
|c| snickersserperior|6-0 time
|c| gobosox|k
|
|switch|p1a: Gardevoir|Gardevoir, F|260\/277
|move|p2a: Starmie|Reflect Type|p1a: Gardevoir
|-start|p2a: Starmie|typechange|[from] move: Reflect Type|[of] p1a: Gardevoir
|
|-heal|p2a: Starmie|316\/323|[from] item: Leftovers
|turn|17
|join|Justin T2
|
|switch|p2a: Victini|Victini|292\/404
|switch|p1a: Suicune|Suicune|404\/404 slp
|-ability|p1a: Suicune|Pressure
|
|-heal|p2a: Victini|317\/404|[from] item: Leftovers
|turn|18
|c| gizmo|you know what completely fucks your team romans?
|c| gizmo|weavile
|
|switch|p2a: Zapdos|Zapdos|371\/371
|-ability|p2a: Zapdos|Pressure
|cant|p1a: Suicune|slp
|move|p1a: Suicune|Sleep Talk|p1a: Suicune
|move|p1a: Suicune|Rest|p1a: Suicune|[from]Sleep Talk
|-fail|p1a: Suicune
|
|turn|19
|c| gizmo|I'mma bring that vs you
|
|switch|p1a: Tyranitar|Tyranitar, F|287\/403 brn
|-weather|Sandstorm
|move|p2a: Zapdos|Thunderbolt|p1a: Tyranitar
|-damage|p1a: Tyranitar|197\/403 brn
|
|-weather|Sandstorm|[upkeep]
|-damage|p2a: Zapdos|348\/371|[from] sandstorm
|-heal|p2a: Zapdos|371\/371|[from] item: Leftovers
|-damage|p1a: Tyranitar|147\/403 brn|[from] brn
|turn|20
|
|switch|p2a: Hippowdon|Hippowdon, F|416\/416
|move|p1a: Tyranitar|Stealth Rock|p2a: Hippowdon
|-sidestart|p2: WECAMEASROMANS|move: Stealth Rock
|
|-weather|Sandstorm|[upkeep]
|-damage|p1a: Tyranitar|97\/403 brn|[from] brn
|turn|21
|
|switch|p1a: Kyurem-Black|Kyurem-Black|281\/405 par
|-ability|p1a: Kyurem-Black|Teravolt
|move|p2a: Hippowdon|Stealth Rock|p1a: Kyurem-Black
|-sidestart|p1: Henry|move: Stealth Rock
|
|-weather|Sandstorm|[upkeep]
|-damage|p1a: Kyurem-Black|256\/405 par|[from] sandstorm
|turn|22
|
|move|p2a: Hippowdon|Stone Edge|p1a: Kyurem-Black
|-supereffective|p1a: Kyurem-Black
|-damage|p1a: Kyurem-Black|90\/405 par
|move|p1a: Kyurem-Black|Fusion Bolt|p2a: Hippowdon
|-immune|p2a: Hippowdon|[msg]
|
|-weather|Sandstorm|[upkeep]
|-damage|p1a: Kyurem-Black|65\/405 par|[from] sandstorm
|turn|23
|
|move|p2a: Hippowdon|Earthquake|p1a: Kyurem-Black
|-damage|p1a: Kyurem-Black|0 fnt
|faint|p1a: Kyurem-Black
|
|-weather|Sandstorm|[upkeep]
|
|switch|p1a: Breloom|Breloom, F|245\/261
|-damage|p1a: Breloom|229\/261|[from] Stealth Rock
|turn|24
|leave|Parquet Courts
|
|move|p1a: Breloom|Bullet Seed|p2a: Hippowdon
|-supereffective|p2a: Hippowdon
|-damage|p2a: Hippowdon|307\/416
|-supereffective|p2a: Hippowdon
|-damage|p2a: Hippowdon|182\/416
|-hitcount|p2a: Hippowdon|2
|-damage|p1a: Breloom|203\/261|[from] item: Life Orb
|move|p2a: Hippowdon|Earthquake|p1a: Breloom
|-resisted|p1a: Breloom
|-damage|p1a: Breloom|127\/261
|
|-weather|Sandstorm|[upkeep]
|-damage|p1a: Breloom|111\/261|[from] sandstorm
|-heal|p2a: Hippowdon|208\/416|[from] item: Leftovers
|turn|25
|
|switch|p1a: Gardevoir|Gardevoir, F|260\/277
|-damage|p1a: Gardevoir|226\/277|[from] Stealth Rock
|move|p2a: Hippowdon|Earthquake|p1a: Gardevoir
|-damage|p1a: Gardevoir|37\/277
|
|-weather|Sandstorm|[upkeep]
|-damage|p1a: Gardevoir|20\/277|[from] sandstorm
|-heal|p2a: Hippowdon|234\/416|[from] item: Leftovers
|turn|26
|join|I Iike Squirtles
|
|detailschange|p1a: Gardevoir|Gardevoir-Mega, F
|-mega|p1a: Gardevoir|Gardevoir|Gardevoirite
|move|p1a: Gardevoir|Hyper Voice|p2a: Hippowdon
|-damage|p2a: Hippowdon|0 fnt
|faint|p2a: Hippowdon
|
|-weather|none
|
|switch|p2a: Starmie|Starmie|316\/323
|-damage|p2a: Starmie|276\/323|[from] Stealth Rock
|turn|27
|
|move|p2a: Starmie|Scald|p1a: Gardevoir
|-damage|p1a: Gardevoir|0 fnt
|faint|p1a: Gardevoir
|
|-heal|p2a: Starmie|296\/323|[from] item: Leftovers
|
|switch|p1a: Suicune|Suicune|404\/404 slp
|-damage|p1a: Suicune|354\/404 slp|[from] Stealth Rock
|-ability|p1a: Suicune|Pressure
|turn|28
|
|switch|p2a: Zapdos|Zapdos|371\/371
|-damage|p2a: Zapdos|279\/371|[from] Stealth Rock
|-ability|p2a: Zapdos|Pressure
|cant|p1a: Suicune|slp
|move|p1a: Suicune|Sleep Talk|p1a: Suicune
|move|p1a: Suicune|Rest|p1a: Suicune|[from]Sleep Talk
|-fail|p1a: Suicune
|
|-heal|p2a: Zapdos|302\/371|[from] item: Leftovers
|-heal|p1a: Suicune|379\/404 slp|[from] item: Leftovers
|turn|29
|c|âWECAMEASROMANS|sorry for the shitty luck
|c| Avarice87|Don't apologize WCAr
|
|switch|p1a: Tyranitar|Tyranitar, F|97\/403 brn
|-damage|p1a: Tyranitar|47\/403 brn|[from] Stealth Rock
|-weather|Sandstorm
|move|p2a: Zapdos|Thunderbolt|p1a: Tyranitar
|-damage|p1a: Tyranitar|0 fnt
|faint|p1a: Tyranitar
|
|-weather|Sandstorm|[upkeep]
|-damage|p2a: Zapdos|279\/371|[from] sandstorm
|-heal|p2a: Zapdos|302\/371|[from] item: Leftovers
|c| Avarice87|You're handsome
|leave|MunnAy
|c|âHenry|its true
|c| Avarice87|Beautiful people doe'tt apologizn
|
|switch|p1a: Breloom|Breloom, F|111\/261
|-damage|p1a: Breloom|95\/261|[from] Stealth Rock
|turn|30
|c| gizmo|uhh
|c| Avarice87|stupid windows 8
|c| gizmo|where did you learn that avarice
|
|switch|p1a: Suicune|Suicune|379\/404 slp
|-damage|p1a: Suicune|329\/404 slp|[from] Stealth Rock
|-ability|p1a: Suicune|Pressure
|switch|p2a: Tangrowth|Tangrowth, F|403\/403
|-damage|p2a: Tangrowth|353\/403|[from] Stealth Rock
|
|-weather|Sandstorm|[upkeep]
|-damage|p1a: Suicune|304\/404 slp|[from] sandstorm
|-damage|p2a: Tangrowth|328\/403|[from] sandstorm
|-heal|p1a: Suicune|329\/404 slp|[from] item: Leftovers
|turn|31
|c| Avarice87|I'm just kidding
|c| thick fat|wcar post pics or ur gay
|leave|MeanMrSnorlax
|c| gizmo|wcar's posted pics already
|
|switch|p2a: Zapdos|Zapdos|302\/371
|-damage|p2a: Zapdos|210\/371|[from] Stealth Rock
|-ability|p2a: Zapdos|Pressure
|-curestatus|p1a: Suicune|slp
|move|p1a: Suicune|Calm Mind|p1a: Suicune
|-boost|p1a: Suicune|spa|1
|-boost|p1a: Suicune|spd|1
|
|-weather|Sandstorm|[upkeep]
|-damage|p2a: Zapdos|187\/371|[from] sandstorm
|-damage|p1a: Suicune|304\/404|[from] sandstorm
|-heal|p2a: Zapdos|210\/371|[from] item: Leftovers
|-heal|p1a: Suicune|329\/404|[from] item: Leftovers
|turn|32
|c| Avarice87|Only I never have to apologize because I am perfect
|c| gizmo|he looks like a standard little asian man
|c| the pdc show|just cm up again
|c| the pdc show|u win
|c|âWECAMEASROMANS|its offensive zapdos :\/
|
|move|p2a: Zapdos|Thunderbolt|p1a: Suicune
|-supereffective|p1a: Suicune
|-damage|p1a: Suicune|161\/404
|move|p1a: Suicune|Calm Mind|p1a: Suicune
|-boost|p1a: Suicune|spa|1
|-boost|p1a: Suicune|spd|1
|
|-weather|Sandstorm|[upkeep]
|-damage|p2a: Zapdos|187\/371|[from] sandstorm
|-damage|p1a: Suicune|136\/404|[from] sandstorm
|-heal|p2a: Zapdos|210\/371|[from] item: Leftovers
|-heal|p1a: Suicune|161\/404|[from] item: Leftovers
|turn|33
|c| Avarice87|He's 5 0
|c| tbh js imo|roar dos
|c| tbh js imo|gogogo
|c| Avarice87|9
|c| the pdc show|yeah ok!!!
|c| gizmo|LMAO
|c| Avarice87|59
|c| gizmo|0%
|c| Avarice87|that's not small
|
|move|p2a: Zapdos|Thunderbolt|p1a: Suicune
|-supereffective|p1a: Suicune
|-damage|p1a: Suicune|35\/404
|move|p1a: Suicune|Rest|p1a: Suicune
|-status|p1a: Suicune|slp
|-heal|p1a: Suicune|404\/404 slp|[silent]
|-status|p1a: Suicune|slp|[from] move: Rest
|
|-weather|Sandstorm|[upkeep]
|-damage|p2a: Zapdos|187\/371|[from] sandstorm
|-damage|p1a: Suicune|379\/404 slp|[from] sandstorm
|-heal|p2a: Zapdos|210\/371|[from] item: Leftovers
|-heal|p1a: Suicune|404\/404 slp|[from] item: Leftovers
|turn|34
|c| Avarice87|5'9 is tall
|c| gizmo|what
|
|move|p2a: Zapdos|Thunderbolt|p1a: Suicune
|-supereffective|p1a: Suicune
|-damage|p1a: Suicune|272\/404 slp
|cant|p1a: Suicune|slp
|move|p1a: Suicune|Sleep Talk|p1a: Suicune
|move|p1a: Suicune|Calm Mind|p1a: Suicune|[from]Sleep Talk
|-boost|p1a: Suicune|spa|1
|-boost|p1a: Suicune|spd|1
|
|-weather|Sandstorm|[upkeep]
|-damage|p2a: Zapdos|187\/371|[from] sandstorm
|-damage|p1a: Suicune|247\/404 slp|[from] sandstorm
|-heal|p2a: Zapdos|210\/371|[from] item: Leftovers
|-heal|p1a: Suicune|272\/404 slp|[from] item: Leftovers
|turn|35
|c| gizmo|i wouldn't say that's __tall__
|c| the pdc show|LOL
|c| the pdc show|get fucked
|c| gizmo|dude
|c| Avarice87|Well I'm only 5'8
|c| Avarice87|so it's tall for me
|leave|gobosox
|
|move|p2a: Zapdos|Thunderbolt|p1a: Suicune
|-supereffective|p1a: Suicune
|-damage|p1a: Suicune|168\/404 slp
|cant|p1a: Suicune|slp
|move|p1a: Suicune|Sleep Talk|p1a: Suicune
|move|p1a: Suicune|Calm Mind|p1a: Suicune|[from]Sleep Talk
|-boost|p1a: Suicune|spa|1
|-boost|p1a: Suicune|spd|1
|
|-weather|Sandstorm|[upkeep]
|-damage|p2a: Zapdos|187\/371|[from] sandstorm
|-damage|p1a: Suicune|143\/404 slp|[from] sandstorm
|-heal|p2a: Zapdos|210\/371|[from] item: Leftovers
|-heal|p1a: Suicune|168\/404 slp|[from] item: Leftovers
|turn|36
|c| gizmo|why didn't you go to tini when you knew the rest was coming
|leave|tbh js imo
|c| daftmau5|5'10 is average
|c| gizmo|does it not 3hko?
|c| daftmau5|for dudes
|c| Avarice87|Hey Daftmau5
|
|move|p2a: Zapdos|Thunderbolt|p1a: Suicune
|-supereffective|p1a: Suicune
|-damage|p1a: Suicune|66\/404 slp
|-curestatus|p1a: Suicune|slp
|move|p1a: Suicune|Rest|p1a: Suicune
|-status|p1a: Suicune|slp
|-heal|p1a: Suicune|404\/404 slp|[silent]
|-status|p1a: Suicune|slp|[from] move: Rest
|
|-weather|none
|-heal|p2a: Zapdos|233\/371|[from] item: Leftovers
|turn|37
|c| daftmau5|hey man
|
|move|p2a: Zapdos|Thunderbolt|p1a: Suicune
|-supereffective|p1a: Suicune
|-damage|p1a: Suicune|312\/404 slp
|cant|p1a: Suicune|slp
|move|p1a: Suicune|Sleep Talk|p1a: Suicune
|move|p1a: Suicune|Calm Mind|p1a: Suicune|[from]Sleep Talk
|-boost|p1a: Suicune|spa|1
|-boost|p1a: Suicune|spd|1
|
|-heal|p2a: Zapdos|256\/371|[from] item: Leftovers
|-heal|p1a: Suicune|337\/404 slp|[from] item: Leftovers
|turn|38
|
|move|p2a: Zapdos|Thunderbolt|p1a: Suicune
|-supereffective|p1a: Suicune
|-damage|p1a: Suicune|253\/404 slp
|cant|p1a: Suicune|slp
|move|p1a: Suicune|Sleep Talk|p1a: Suicune
|move|p1a: Suicune|Scald|p2a: Zapdos|[from]Sleep Talk
|-damage|p2a: Zapdos|0 fnt
|faint|p2a: Zapdos
|
|-heal|p1a: Suicune|278\/404 slp|[from] item: Leftovers
|c| Avarice87|Henry I never talk to you but I bet you're a nice guy. Sorry for the shitty luck.
|
|switch|p2a: Altaria|Altaria, F|353\/353
|-damage|p2a: Altaria|265\/353|[from] Stealth Rock
|turn|39
|c| Avarice87|You might win this though
|
|detailschange|p2a: Altaria|Altaria-Mega, F
|-mega|p2a: Altaria|Altaria|Altarianite
|move|p2a: Altaria|Dragon Dance|p2a: Altaria
|-boost|p2a: Altaria|atk|1
|-boost|p2a: Altaria|spe|1
|-curestatus|p1a: Suicune|slp
|move|p1a: Suicune|Scald|p2a: Altaria
|-resisted|p2a: Altaria
|-damage|p2a: Altaria|132\/353
|-status|p2a: Altaria|brn
|
|-heal|p1a: Suicune|303\/404|[from] item: Leftovers
|-damage|p2a: Altaria|88\/353 brn|[from] brn
|turn|40
|c| sugarhigh|YES
|c| sugarhigh|HEN CHAN
|c|âHenry|o.o
|c| Avarice87|Sugarfly
|c| c1one|facade
|c| c1one|pls
|c| Avarice87|Hey
|c| sugarhigh|sorry benny have to root for benchat lmao
|
|move|p2a: Altaria|Return|p1a: Suicune
|-crit|p1a: Suicune
|-damage|p1a: Suicune|164\/404
|move|p1a: Suicune|Scald|p2a: Altaria
|-resisted|p2a: Altaria
|-damage|p2a: Altaria|0 fnt
|faint|p2a: Altaria
|
|-heal|p1a: Suicune|189\/404|[from] item: Leftovers
|c| sugarhigh|*ben-chan
|c| Avarice87|So you know his real name too?
|
|switch|p2a: Tangrowth|Tangrowth, F|403\/403
|-damage|p2a: Tangrowth|353\/403|[from] Stealth Rock
|turn|41
|c| Avarice87|I'm jealous
|c| Avarice87|ooga booga
|c|+stathakis|what happened
|
|move|p1a: Suicune|Scald|p2a: Tangrowth
|-resisted|p2a: Tangrowth
|-damage|p2a: Tangrowth|227\/403
|move|p2a: Tangrowth|Giga Drain|p1a: Suicune
|-supereffective|p1a: Suicune
|-damage|p1a: Suicune|145\/404
|-heal|p2a: Tangrowth|249\/403|[from] drain|[of] p1a: Suicune
|
|-heal|p1a: Suicune|170\/404|[from] item: Leftovers
|turn|42
|c|+stathakis|all i see is
|c|+stathakis|suicune getting critted
|c|+stathakis|every fucking time
|c| Avarice87|WCAR is mine
|c|+stathakis|i look at the battle
|c|âHenry|it got crit twice
|c| the pdc show|why are u not at least knocking it off
|c|âHenry|and uh
|c| the pdc show|lmao
|c|âHenry|para
|c|âHenry|and uh
|c|âHenry|crit again
|c|+stathakis|by something or another
|
|move|p1a: Suicune|Scald|p2a: Tangrowth
|-resisted|p2a: Tangrowth
|-damage|p2a: Tangrowth|123\/403
|-status|p2a: Tangrowth|brn
|move|p2a: Tangrowth|Giga Drain|p1a: Suicune
|-supereffective|p1a: Suicune
|-damage|p1a: Suicune|122\/404
|-heal|p2a: Tangrowth|147\/403 brn|[from] drain|[of] p1a: Suicune
|
|-heal|p1a: Suicune|147\/404|[from] item: Leftovers
|-damage|p2a: Tangrowth|97\/403 brn|[from] brn
|turn|43
|
|move|p1a: Suicune|Rest|p1a: Suicune
|-status|p1a: Suicune|slp
|-heal|p1a: Suicune|404\/404 slp|[silent]
|-status|p1a: Suicune|slp|[from] move: Rest
|move|p2a: Tangrowth|Giga Drain|p1a: Suicune
|-supereffective|p1a: Suicune
|-damage|p1a: Suicune|360\/404 slp
|-heal|p2a: Tangrowth|119\/403 brn|[from] drain|[of] p1a: Suicune
|
|-heal|p1a: Suicune|385\/404 slp|[from] item: Leftovers
|-damage|p2a: Tangrowth|69\/403 brn|[from] brn
|turn|44
|c| sugarhigh|wait
|c| sugarhigh|is that not band tini
|c| sugarhigh|:o
|
|cant|p1a: Suicune|slp
|move|p1a: Suicune|Sleep Talk|p1a: Suicune
|move|p1a: Suicune|Scald|p2a: Tangrowth|[from]Sleep Talk
|-crit|p2a: Tangrowth
|-resisted|p2a: Tangrowth
|-damage|p2a: Tangrowth|0 fnt
|faint|p2a: Tangrowth
|
|-heal|p1a: Suicune|404\/404 slp|[from] item: Leftovers
|c|âHenry|idk
|c|âHenry|it had wisp so
|join|dukevesper
|
|switch|p2a: Victini|Victini|317\/404
|-damage|p2a: Victini|216\/404|[from] Stealth Rock
|turn|45
|c| sugarhigh|o bulky
|c| Tom Bus|and leftovers
|c| sugarhigh|crappy tini
|c| gizmo|crit
|c| gizmo|crit
|
|move|p2a: Victini|Bolt Strike|p1a: Suicune
|-supereffective|p1a: Suicune
|-damage|p1a: Suicune|234\/404 slp
|cant|p1a: Suicune|slp
|move|p1a: Suicune|Sleep Talk|p1a: Suicune
|move|p1a: Suicune|Scald|p2a: Victini|[from]Sleep Talk
|-supereffective|p2a: Victini
|-damage|p2a: Victini|0 fnt
|faint|p2a: Victini
|
|-heal|p1a: Suicune|259\/404 slp|[from] item: Leftovers
|c|âHenry|n_n
|c| sugarhigh|hes prolly
|c| gizmo|you can do it
|c| sugarhigh|o wtf
|c| the pdc show|yeah
|c| sugarhigh|u were bolt
|c| sugarhigh|why didnt
|c| the pdc show|why did u not
|c| c1one|rip
|c| sugarhigh|u bolt
|c| the pdc show|do that before
|c|+stathakis|thereitis
|c| sugarhigh|before
|c| sugarhigh|LOL
|c| the pdc show|what the fuck
|c| the pdc show|LOL
|c| gizmo|idk why you didn't go to tini on the rest when you knew it was coming
|
|switch|p2a: Starmie|Starmie|296\/323
|-damage|p2a: Starmie|256\/323|[from] Stealth Rock
|turn|46
|c| gizmo|i don't understand
|c| gizmo|wouldn't that have turned out better
|c|âWECAMEASROMANS|cuz then it'd die....
|c| the pdc show|lol
|c| the pdc show|lol
|c|âWECAMEASROMANS|and he might not have rested
|c| gizmo|n
|c| the pdc show|lol
|c| the pdc show|yeah
|c| the pdc show|he had to rest
|c|âHenry|u think i would risk not rest :\/
|
|move|p2a: Starmie|Scald|p1a: Suicune
|-resisted|p1a: Suicune
|-damage|p1a: Suicune|248\/404 slp
|-curestatus|p1a: Suicune|slp
|move|p1a: Suicune|Scald|p2a: Starmie
|-resisted|p2a: Starmie
|-damage|p2a: Starmie|88\/323
|-status|p2a: Starmie|brn
|
|-heal|p2a: Starmie|108\/323 brn|[from] item: Leftovers
|-heal|p1a: Suicune|273\/404|[from] item: Leftovers
|-damage|p2a: Starmie|68\/323 brn|[from] brn
|turn|47
|c|âHenry|im not __that__ bad of a player
|c|+stathakis|moral of the story is
|c|+stathakis|gg
|leave|lil manaphy
|leave|I Iike Squirtles
|
|move|p2a: Starmie|Recover|p2a: Starmie
|-heal|p2a: Starmie|230\/323 brn
|move|p1a: Suicune|Scald|p2a: Starmie
|-resisted|p2a: Starmie
|-damage|p2a: Starmie|68\/323 brn
|
|-heal|p2a: Starmie|88\/323 brn|[from] item: Leftovers
|-heal|p1a: Suicune|298\/404|[from] item: Leftovers
|-damage|p2a: Starmie|48\/323 brn|[from] brn
|turn|48
|c| gizmo|stathakis are you global?
|c|+stathakis|whats that mean
|
|move|p2a: Starmie|Scald|p1a: Suicune
|-crit|p1a: Suicune
|-resisted|p1a: Suicune
|-damage|p1a: Suicune|239\/404
|move|p1a: Suicune|Calm Mind|p1a: Suicune
|-boost|p1a: Suicune|spa|1
|-boost|p1a: Suicune|spd|1
|
|-heal|p2a: Starmie|68\/323 brn|[from] item: Leftovers
|-heal|p1a: Suicune|264\/404|[from] item: Leftovers
|-damage|p2a: Starmie|28\/323 brn|[from] brn
|turn|49
|c| c1one|global voice
|c| Avarice87|Do you have voice in all rooms?
|c|+stathakis|oh
|c|+stathakis|yeah i think so
|c| gizmo|did someone in chat give you voice or are you a powerful smogonite
|c| sugarhigh|aLOUUUUUUUUUUUKIRANOOOOOOOOOOOS
|
|move|p2a: Starmie|Scald|p1a: Suicune
|-resisted|p1a: Suicune
|-damage|p1a: Suicune|254\/404
|move|p1a: Suicune|Scald|p2a: Starmie
|-resisted|p2a: Starmie
|-damage|p2a: Starmie|0 fnt
|faint|p2a: Starmie
|
|win|Henry
|c|âWECAMEASROMANS|gg
|leave|WECAMEASROMANS
|c|âHenry|gg
|leave|haunter
|leave|c1one
|player|p2
|leave|Henry
|leave|Tom Bus
|leave|gizmo
|leave|Avarice87
|leave|Yuttt.annual
|player|p1
|leave|stathakis
|leave|FlamingVictini PB
|leave|daftmau5
|leave|the pdc show
|leave|Justin T2
|join|Justin T2
|join|craing
|leave|Justin T2
|leave|Cienight
|leave|dukevesper
|leave|snickersserperior
|leave|habajiga
|leave|craing
|leave|Rob
|leave|thick fat
|join|WonderchildIT
|leave|WonderchildIT
|join|Henry