|join|WECAMEASROMANS
|join|Runatrain
|player|p1|WECAMEASROMANS|102
|player|p2|Runatrain|169
|gametype|singles
|gen|6
|tier|OU
|rated
|clearpoke
|poke|p1|Skarmory, M
|poke|p1|Bronzong
|poke|p1|Sableye, M
|poke|p1|Tentacruel, F
|poke|p1|Gastrodon, M
|poke|p1|Dragonite, F
|poke|p2|Zapdos
|poke|p2|Swampert, F
|poke|p2|Espeon, M
|poke|p2|Salamence, M
|poke|p2|Gardevoir, M
|poke|p2|Beedrill, M
|rule|Swagger Clause: Swagger is banned
|rule|Baton Pass Clause: Limit one PokÃ©mon knowing Baton Pass
|rule|Sleep Clause Mod: Limit one foe put to sleep
|rule|Species Clause: Limit one of each PokÃ©mon
|rule|OHKO Clause: OHKO moves are banned
|rule|Moody Clause: Moody is banned
|rule|Evasion Moves Clause: Evasion moves are banned
|rule|Endless Battle Clause: Forcing endless battles is banned
|rule|HP Percentage Mod: HP is shown in percentages
|teampreview
|
|start
|switch|p1a: Sableye|Sableye, M|304\/304
|switch|p2a: Beedrill|Beedrill, M|271\/271
|turn|1
|
|detailschange|p2a: Beedrill|Beedrill-Mega, M
|-mega|p2a: Beedrill|Beedrill|Beedrillite
|detailschange|p1a: Sableye|Sableye-Mega, M
|-mega|p1a: Sableye|Sableye|Sablenite
|move|p2a: Beedrill|Protect|p2a: Beedrill
|-singleturn|p2a: Beedrill|Protect
|move|p1a: Sableye|Will-O-Wisp|p2a: Beedrill
|-activate|p2a: Beedrill|Protect
|
|turn|2
|
|move|p2a: Beedrill|U-turn|p1a: Sableye
|-damage|p1a: Sableye|168\/304
|
|switch|p2a: Gardevoir|Gardevoir, M|277\/277
|-ability|p2a: Gardevoir|Magic Bounce|[from] ability: Trace|[of] p1a: Sableye
|move|p1a: Sableye|Recover|p1a: Sableye
|-heal|p1a: Sableye|304\/304
|
|turn|3
|
|switch|p1a: Bronzong|Bronzong|338\/338
|move|p2a: Gardevoir|Moonblast|p1a: Bronzong
|-resisted|p1a: Bronzong
|-damage|p1a: Bronzong|278\/338
|
|-heal|p1a: Bronzong|299\/338|[from] item: Leftovers
|turn|4
|
|switch|p2a: Espeon|Espeon, M|333\/333
|move|p1a: Bronzong|Gyro Ball|p2a: Espeon
|-damage|p2a: Espeon|128\/333
|
|-heal|p1a: Bronzong|320\/338|[from] item: Leftovers
|turn|5
|
|move|p2a: Espeon|Reflect|p2a: Espeon
|-sidestart|p2: Runatrain|Reflect
|move|p1a: Bronzong|Gyro Ball|p2a: Espeon
|-damage|p2a: Espeon|28\/333
|
|-heal|p1a: Bronzong|338\/338|[from] item: Leftovers
|turn|6
|
|move|p2a: Espeon|Morning Sun|p2a: Espeon
|-heal|p2a: Espeon|194\/333
|move|p1a: Bronzong|Gyro Ball|p2a: Espeon
|-damage|p2a: Espeon|94\/333
|
|turn|7
|
|switch|p2a: Zapdos|Zapdos|321\/321
|-ability|p2a: Zapdos|Pressure
|move|p1a: Bronzong|Gyro Ball|p2a: Zapdos
|-resisted|p2a: Zapdos
|-damage|p2a: Zapdos|279\/321
|
|turn|8
|join|Squirrelll
|
|move|p2a: Zapdos|Volt Switch|p1a: Bronzong
|-damage|p1a: Bronzong|251\/338
|
|switch|p2a: Espeon|Espeon, M|94\/333
|move|p1a: Bronzong|Stealth Rock|p2a: Espeon
|move|p2a: Espeon|Stealth Rock|p1a: Bronzong|[from]Magic Bounce
|-sidestart|p1: WECAMEASROMANS|move: Stealth Rock
|
|-heal|p1a: Bronzong|272\/338|[from] item: Leftovers
|turn|9
|
|move|p2a: Espeon|Morning Sun|p2a: Espeon
|-heal|p2a: Espeon|260\/333
|move|p1a: Bronzong|Gyro Ball|p2a: Espeon
|-damage|p2a: Espeon|157\/333
|
|-heal|p1a: Bronzong|293\/338|[from] item: Leftovers
|turn|10
|
|move|p2a: Espeon|Morning Sun|p2a: Espeon
|-heal|p2a: Espeon|323\/333
|move|p1a: Bronzong|Earthquake|p2a: Espeon
|-damage|p2a: Espeon|265\/333
|
|-heal|p1a: Bronzong|314\/338|[from] item: Leftovers
|turn|11
|
|switch|p2a: Zapdos|Zapdos|279\/321
|-ability|p2a: Zapdos|Pressure
|move|p1a: Bronzong|Earthquake|p2a: Zapdos
|-immune|p2a: Zapdos|[msg]
|
|-heal|p1a: Bronzong|335\/338|[from] item: Leftovers
|turn|12
|
|move|p2a: Zapdos|Volt Switch|p1a: Bronzong
|-damage|p1a: Bronzong|257\/338
|
|switch|p2a: Beedrill|Beedrill-Mega, M|271\/271
|move|p1a: Bronzong|Stealth Rock|p2a: Beedrill
|-sidestart|p2: Runatrain|move: Stealth Rock
|
|-heal|p1a: Bronzong|278\/338|[from] item: Leftovers
|-sideend|p2: Runatrain|Reflect
|turn|13
|
|switch|p1a: Skarmory|Skarmory, M|334\/334
|-damage|p1a: Skarmory|293\/334|[from] Stealth Rock
|move|p2a: Beedrill|U-turn|p1a: Skarmory
|-resisted|p1a: Skarmory
|-damage|p1a: Skarmory|264\/334
|
|switch|p2a: Zapdos|Zapdos|279\/321
|-damage|p2a: Zapdos|199\/321|[from] Stealth Rock
|-ability|p2a: Zapdos|Pressure
|
|turn|14
|join|Jamel
|
|switch|p2a: Gardevoir|Gardevoir, M|277\/277
|-damage|p2a: Gardevoir|243\/277|[from] Stealth Rock
|-ability|p2a: Gardevoir|Sturdy|[from] ability: Trace|[of] p1a: Skarmory
|switch|p1a: Gastrodon|Gastrodon, M|426\/426
|-damage|p1a: Gastrodon|400\/426|[from] Stealth Rock
|
|-heal|p1a: Gastrodon|426\/426|[from] item: Leftovers
|turn|15
|join|Polarance
|
|switch|p1a: Bronzong|Bronzong|278\/338
|-damage|p1a: Bronzong|257\/338|[from] Stealth Rock
|move|p2a: Gardevoir|Will-O-Wisp|p1a: Bronzong
|-status|p1a: Bronzong|brn
|
|-heal|p1a: Bronzong|278\/338 brn|[from] item: Leftovers
|-damage|p1a: Bronzong|236\/338 brn|[from] brn
|turn|16
|c| Jamel|..
|join|mathemagics
|
|switch|p2a: Swampert|Swampert, F|404\/404
|-damage|p2a: Swampert|379\/404|[from] Stealth Rock
|switch|p1a: Tentacruel|Tentacruel, F|364\/364
|-damage|p1a: Tentacruel|319\/364|[from] Stealth Rock
|
|-heal|p1a: Tentacruel|341\/364|[from] item: Black Sludge
|-heal|p2a: Swampert|404\/404|[from] item: Leftovers
|turn|17
|leave|mathemagics
|join|Cosine180
|
|switch|p1a: Sableye|Sableye-Mega, M|304\/304
|-damage|p1a: Sableye|266\/304|[from] Stealth Rock
|move|p2a: Swampert|Earthquake|p1a: Sableye
|-damage|p1a: Sableye|193\/304
|
|turn|18
|
|switch|p2a: Gardevoir|Gardevoir, M|243\/277
|-damage|p2a: Gardevoir|209\/277|[from] Stealth Rock
|-ability|p2a: Gardevoir|Magic Bounce|[from] ability: Trace|[of] p1a: Sableye
|move|p1a: Sableye|Recover|p1a: Sableye
|-heal|p1a: Sableye|304\/304
|
|turn|19
|
|switch|p1a: Tentacruel|Tentacruel, F|341\/364
|-damage|p1a: Tentacruel|296\/364|[from] Stealth Rock
|move|p2a: Gardevoir|Moonblast|p1a: Tentacruel
|-resisted|p1a: Tentacruel
|-damage|p1a: Tentacruel|225\/364
|
|-heal|p1a: Tentacruel|247\/364|[from] item: Black Sludge
|turn|20
|
|switch|p2a: Swampert|Swampert, F|404\/404
|-damage|p2a: Swampert|379\/404|[from] Stealth Rock
|move|p1a: Tentacruel|Rapid Spin|p2a: Swampert
|-damage|p2a: Swampert|371\/404
|-sideend|p1: WECAMEASROMANS|Stealth Rock|[from] move: Rapid Spin|[of] p1a: Tentacruel
|
|-heal|p1a: Tentacruel|269\/364|[from] item: Black Sludge
|-heal|p2a: Swampert|396\/404|[from] item: Leftovers
|turn|21
|
|switch|p1a: Sableye|Sableye-Mega, M|304\/304
|move|p2a: Swampert|Scald|p1a: Sableye
|-damage|p1a: Sableye|228\/304
|
|-heal|p2a: Swampert|404\/404|[from] item: Leftovers
|turn|22
|
|move|p2a: Swampert|Scald|p1a: Sableye
|-crit|p1a: Sableye
|-damage|p1a: Sableye|108\/304
|-status|p1a: Sableye|brn
|move|p1a: Sableye|Will-O-Wisp|p2a: Swampert
|-status|p2a: Swampert|brn
|
|-damage|p2a: Swampert|354\/404 brn|[from] brn
|-damage|p1a: Sableye|70\/304 brn|[from] brn
|turn|23
|
|switch|p1a: Gastrodon|Gastrodon, M|426\/426
|move|p2a: Swampert|Scald|p1a: Gastrodon
|-boost|p1a: Gastrodon|spa|1|[from] ability: Storm Drain
|
|-heal|p2a: Swampert|379\/404 brn|[from] item: Leftovers
|-damage|p2a: Swampert|329\/404 brn|[from] brn
|turn|24
|
|switch|p1a: Skarmory|Skarmory, M|264\/334
|move|p2a: Swampert|Stealth Rock|p1a: Skarmory
|-sidestart|p1: WECAMEASROMANS|move: Stealth Rock
|
|-heal|p2a: Swampert|354\/404 brn|[from] item: Leftovers
|-damage|p2a: Swampert|304\/404 brn|[from] brn
|turn|25
|
|move|p1a: Skarmory|Spikes|p2a: Swampert
|-sidestart|p2: Runatrain|Spikes
|move|p2a: Swampert|Scald|p1a: Skarmory
|-damage|p1a: Skarmory|162\/334
|-status|p1a: Skarmory|brn
|
|-heal|p2a: Swampert|329\/404 brn|[from] item: Leftovers
|-damage|p1a: Skarmory|121\/334 brn|[from] brn
|-damage|p2a: Swampert|279\/404 brn|[from] brn
|turn|26
|
|switch|p1a: Gastrodon|Gastrodon, M|426\/426
|-damage|p1a: Gastrodon|400\/426|[from] Stealth Rock
|switch|p2a: Espeon|Espeon, M|265\/333
|-damage|p2a: Espeon|224\/333|[from] Spikes
|-damage|p2a: Espeon|183\/333|[from] Stealth Rock
|
|-heal|p1a: Gastrodon|426\/426|[from] item: Leftovers
|turn|27
|
|move|p2a: Espeon|Reflect|p2a: Espeon
|-sidestart|p2: Runatrain|Reflect
|move|p1a: Gastrodon|Earthquake|p2a: Espeon
|-damage|p2a: Espeon|111\/333
|
|turn|28
|
|move|p2a: Espeon|Light Screen|p2a: Espeon
|-sidestart|p2: Runatrain|move: Light Screen
|move|p1a: Gastrodon|Scald|p2a: Espeon
|-damage|p2a: Espeon|66\/333
|
|turn|29
|
|move|p2a: Espeon|Psychic|p1a: Gastrodon
|-damage|p1a: Gastrodon|270\/426
|move|p1a: Gastrodon|Scald|p2a: Espeon
|-damage|p2a: Espeon|18\/333
|
|-heal|p1a: Gastrodon|296\/426|[from] item: Leftovers
|turn|30
|
|move|p2a: Espeon|Psychic|p1a: Gastrodon
|-damage|p1a: Gastrodon|125\/426
|move|p1a: Gastrodon|Recover|p1a: Gastrodon
|-heal|p1a: Gastrodon|338\/426
|
|-heal|p1a: Gastrodon|364\/426|[from] item: Leftovers
|turn|31
|
|move|p2a: Espeon|Psychic|p1a: Gastrodon
|-damage|p1a: Gastrodon|196\/426
|move|p1a: Gastrodon|Recover|p1a: Gastrodon
|-heal|p1a: Gastrodon|409\/426
|
|-heal|p1a: Gastrodon|426\/426|[from] item: Leftovers
|turn|32
|
|move|p2a: Espeon|Psychic|p1a: Gastrodon
|-damage|p1a: Gastrodon|264\/426
|move|p1a: Gastrodon|Scald|p2a: Espeon
|-damage|p2a: Espeon|0 fnt
|faint|p2a: Espeon
|
|-heal|p1a: Gastrodon|290\/426|[from] item: Leftovers
|
|switch|p2a: Salamence|Salamence, M|331\/331
|-damage|p2a: Salamence|249\/331|[from] Stealth Rock
|turn|33
|
|switch|p1a: Sableye|Sableye-Mega, M|70\/304 brn
|-damage|p1a: Sableye|32\/304 brn|[from] Stealth Rock
|move|p2a: Salamence|Dragon Dance|p2a: Salamence
|-boost|p2a: Salamence|atk|1
|-boost|p2a: Salamence|spe|1
|
|-damage|p1a: Sableye|0 fnt|[from] brn
|faint|p1a: Sableye
|join|i got u m8
|
|switch|p1a: Bronzong|Bronzong|236\/338 brn
|-damage|p1a: Bronzong|215\/338 brn|[from] Stealth Rock
|turn|34
|
|move|p2a: Salamence|Fire Fang|p1a: Bronzong
|-supereffective|p1a: Bronzong
|-damage|p1a: Bronzong|5\/338 brn
|move|p1a: Bronzong|Toxic|p2a: Salamence
|-status|p2a: Salamence|tox
|-enditem|p2a: Salamence|Lum Berry|[eat]
|-curestatus|p2a: Salamence|tox
|
|-heal|p1a: Bronzong|26\/338 brn|[from] item: Leftovers
|-damage|p1a: Bronzong|0 fnt|[from] brn
|-sideend|p2: Runatrain|Reflect
|faint|p1a: Bronzong
|
|switch|p1a: Dragonite|Dragonite, F|381\/381
|-damage|p1a: Dragonite|286\/381|[from] Stealth Rock
|turn|35
|
|switch|p1a: Skarmory|Skarmory, M|121\/334 brn
|-damage|p1a: Skarmory|80\/334 brn|[from] Stealth Rock
|move|p2a: Salamence|Dragon Claw|p1a: Skarmory
|-resisted|p1a: Skarmory
|-damage|p1a: Skarmory|14\/334 brn
|
|-damage|p1a: Skarmory|0 fnt|[from] brn
|-sideend|p2: Runatrain|move: Light Screen
|faint|p1a: Skarmory
|
|switch|p1a: Gastrodon|Gastrodon, M|290\/426
|-damage|p1a: Gastrodon|264\/426|[from] Stealth Rock
|turn|36
|
|move|p2a: Salamence|Dragon Claw|p1a: Gastrodon
|-damage|p1a: Gastrodon|78\/426
|move|p1a: Gastrodon|Recover|p1a: Gastrodon
|-heal|p1a: Gastrodon|291\/426
|
|-heal|p1a: Gastrodon|317\/426|[from] item: Leftovers
|turn|37
|
|move|p2a: Salamence|Dragon Dance|p2a: Salamence
|-boost|p2a: Salamence|atk|1
|-boost|p2a: Salamence|spe|1
|move|p1a: Gastrodon|Toxic|p2a: Salamence
|-status|p2a: Salamence|tox
|
|-heal|p1a: Gastrodon|343\/426|[from] item: Leftovers
|-damage|p2a: Salamence|229\/331 tox|[from] psn
|turn|38
|
|move|p2a: Salamence|Dragon Dance|p2a: Salamence
|-boost|p2a: Salamence|atk|1
|-boost|p2a: Salamence|spe|1
|move|p1a: Gastrodon|Recover|p1a: Gastrodon
|-heal|p1a: Gastrodon|426\/426
|
|-damage|p2a: Salamence|189\/331 tox|[from] psn
|turn|39
|
|move|p2a: Salamence|Dragon Dance|p2a: Salamence
|-boost|p2a: Salamence|atk|1
|-boost|p2a: Salamence|spe|1
|move|p1a: Gastrodon|Recover|p1a: Gastrodon
|-fail|p1a: Gastrodon
|
|-damage|p2a: Salamence|129\/331 tox|[from] psn
|turn|40
|
|switch|p1a: Tentacruel|Tentacruel, F|269\/364
|-damage|p1a: Tentacruel|224\/364|[from] Stealth Rock
|move|p2a: Salamence|Dragon Claw|p1a: Tentacruel
|-damage|p1a: Tentacruel|0 fnt
|faint|p1a: Tentacruel
|-boost|p2a: Salamence|atk|1|[from] ability: Moxie
|
|-damage|p2a: Salamence|49\/331 tox|[from] psn
|
|switch|p1a: Dragonite|Dragonite, F|286\/381
|-damage|p1a: Dragonite|191\/381|[from] Stealth Rock
|turn|41
|
|move|p1a: Dragonite|Extreme Speed|p2a: Salamence
|-damage|p2a: Salamence|0 fnt
|faint|p2a: Salamence
|
|-heal|p1a: Dragonite|214\/381|[from] item: Leftovers
|
|switch|p2a: Swampert|Swampert, F|279\/404 brn
|-damage|p2a: Swampert|229\/404 brn|[from] Spikes
|-damage|p2a: Swampert|204\/404 brn|[from] Stealth Rock
|turn|42
|
|move|p1a: Dragonite|Roost|p1a: Dragonite
|-heal|p1a: Dragonite|381\/381
|move|p2a: Swampert|Yawn|p1a: Dragonite
|-start|p1a: Dragonite|move: Yawn|[of] p2a: Swampert
|
|-heal|p2a: Swampert|229\/404 brn|[from] item: Leftovers
|-damage|p2a: Swampert|179\/404 brn|[from] brn
|turn|43
|
|switch|p1a: Gastrodon|Gastrodon, M|426\/426
|-damage|p1a: Gastrodon|400\/426|[from] Stealth Rock
|move|p2a: Swampert|Yawn|p1a: Gastrodon
|-start|p1a: Gastrodon|move: Yawn|[of] p2a: Swampert
|
|-heal|p2a: Swampert|204\/404 brn|[from] item: Leftovers
|-heal|p1a: Gastrodon|426\/426|[from] item: Leftovers
|-damage|p2a: Swampert|154\/404 brn|[from] brn
|turn|44
|
|switch|p1a: Dragonite|Dragonite, F|381\/381
|-damage|p1a: Dragonite|286\/381|[from] Stealth Rock
|move|p2a: Swampert|Yawn|p1a: Dragonite
|-start|p1a: Dragonite|move: Yawn|[of] p2a: Swampert
|
|-heal|p1a: Dragonite|309\/381|[from] item: Leftovers
|-heal|p2a: Swampert|179\/404 brn|[from] item: Leftovers
|-damage|p2a: Swampert|129\/404 brn|[from] brn
|turn|45
|
|move|p1a: Dragonite|Roost|p1a: Dragonite
|-heal|p1a: Dragonite|381\/381
|move|p2a: Swampert|Yawn|p1a: Dragonite
|-fail|p1a: Dragonite
|
|-status|p1a: Dragonite|slp
|-heal|p2a: Swampert|154\/404 brn|[from] item: Leftovers
|-damage|p2a: Swampert|104\/404 brn|[from] brn
|turn|46
|
|switch|p2a: Zapdos|Zapdos|199\/321
|-damage|p2a: Zapdos|119\/321|[from] Stealth Rock
|-ability|p2a: Zapdos|Pressure
|cant|p1a: Dragonite|slp
|
|turn|47
|
|move|p2a: Zapdos|Hidden Power|p1a: Dragonite
|-supereffective|p1a: Dragonite
|-damage|p1a: Dragonite|265\/381 slp
|-curestatus|p1a: Dragonite|slp
|move|p1a: Dragonite|Dragon Claw|p2a: Zapdos
|-damage|p2a: Zapdos|0 fnt
|faint|p2a: Zapdos
|
|-heal|p1a: Dragonite|288\/381|[from] item: Leftovers
|
|switch|p2a: Swampert|Swampert, F|104\/404 brn
|-damage|p2a: Swampert|79\/404 brn|[from] Stealth Rock
|-damage|p2a: Swampert|29\/404 brn|[from] Spikes
|turn|48
|
|move|p1a: Dragonite|Dragon Claw|p2a: Swampert
|-damage|p2a: Swampert|0 fnt
|faint|p2a: Swampert
|
|-heal|p1a: Dragonite|311\/381|[from] item: Leftovers
|
|switch|p2a: Gardevoir|Gardevoir, M|209\/277
|-damage|p2a: Gardevoir|175\/277|[from] Spikes
|-damage|p2a: Gardevoir|141\/277|[from] Stealth Rock
|-ability|p2a: Gardevoir|Multiscale|[from] ability: Trace|[of] p1a: Dragonite
|turn|49
|
|move|p1a: Dragonite|Extreme Speed|p2a: Gardevoir
|-damage|p2a: Gardevoir|23\/277
|move|p2a: Gardevoir|Moonblast|p1a: Dragonite
|-supereffective|p1a: Dragonite
|-damage|p1a: Dragonite|3\/381
|
|-heal|p1a: Dragonite|26\/381|[from] item: Leftovers
|turn|50
|c| Jamel|lol
|join|Prankster
|
|move|p1a: Dragonite|Extreme Speed|p2a: Gardevoir
|-damage|p2a: Gardevoir|0 fnt
|faint|p2a: Gardevoir
|
|-heal|p1a: Dragonite|49\/381|[from] item: Leftovers
|c|âRunatrain|it is bulky nite after all
|
|switch|p2a: Beedrill|Beedrill-Mega, M|271\/271
|-damage|p2a: Beedrill|204\/271|[from] Stealth Rock
|-damage|p2a: Beedrill|171\/271|[from] Spikes
|turn|51
|
|move|p1a: Dragonite|Extreme Speed|p2a: Beedrill
|-damage|p2a: Beedrill|4\/271
|move|p2a: Beedrill|Poison Jab|p1a: Dragonite
|-damage|p1a: Dragonite|0 fnt
|faint|p1a: Dragonite
|
|c| Jamel|its a stall i kinda figured
|
|switch|p1a: Gastrodon|Gastrodon, M|426\/426
|-damage|p1a: Gastrodon|400\/426|[from] Stealth Rock
|turn|52
|
|move|p2a: Beedrill|U-turn|p1a: Gastrodon
|-damage|p1a: Gastrodon|226\/426
|move|p1a: Gastrodon|Scald|p2a: Beedrill
|-damage|p2a: Beedrill|0 fnt
|faint|p2a: Beedrill
|
|win|WECAMEASROMANS
|raw|Ladder updating...
|leave|WECAMEASROMANS
|raw|WECAMEASROMANS's rating: 1723 &rarr; <strong>1733<\/strong><br \/>(+10 for winning)
|raw|Runatrain's rating: 1531 &rarr; <strong>1521<\/strong><br \/>(-10 for losing)
|player|p1
|leave|Polarance
|leave|Jamel