|join|WECAMEASROMANS
|join|Cujo7429
|player|p1|WECAMEASROMANS|170
|player|p2|Cujo7429|153
|gametype|singles
|gen|6
|tier|OU
|rated
|clearpoke
|poke|p1|Thundurus, M
|poke|p1|Landorus, M
|poke|p1|Bisharp, F
|poke|p1|Klefki, F
|poke|p1|Lopunny, M
|poke|p1|Azumarill, M
|poke|p2|Scolipede, F
|poke|p2|Espeon, F
|poke|p2|Latios, M
|poke|p2|Terrakion
|poke|p2|Charizard, F
|poke|p2|Wobbuffet, M
|rule|Swagger Clause: Swagger is banned
|rule|Baton Pass Clause: Limit one PokÃ©mon knowing Baton Pass
|rule|Sleep Clause Mod: Limit one foe put to sleep
|rule|Species Clause: Limit one of each PokÃ©mon
|rule|OHKO Clause: OHKO moves are banned
|rule|Moody Clause: Moody is banned
|rule|Evasion Moves Clause: Evasion moves are banned
|rule|Endless Battle Clause: Forcing endless battles is banned
|rule|HP Percentage Mod: HP is shown in percentages
|teampreview
|
|start
|switch|p1a: Lopunny|Lopunny, M|271\/271
|switch|p2a: Latios|Latios, M|364\/364
|turn|1
|
|detailschange|p1a: Lopunny|Lopunny-Mega, M
|-mega|p1a: Lopunny|Lopunny|Lopunnite
|move|p1a: Lopunny|Fake Out|p2a: Latios
|-damage|p2a: Latios|273\/364
|cant|p2a: Latios|flinch
|
|turn|2
|
|move|p1a: Lopunny|Return|p2a: Latios
|-damage|p2a: Latios|33\/364
|move|p2a: Latios|Reflect|p2a: Latios
|-sidestart|p2: Cujo7429|Reflect
|
|turn|3
|
|move|p1a: Lopunny|Return|p2a: Latios
|-damage|p2a: Latios|0 fnt
|faint|p2a: Latios
|
|
|switch|p2a: Scolipede|Scolipede, F|323\/323
|turn|4
|
|switch|p1a: Landorus|Landorus, M|319\/319
|move|p2a: Scolipede|Substitute|p2a: Scolipede
|-start|p2a: Scolipede|Substitute
|-damage|p2a: Scolipede|243\/323
|
|-boost|p2a: Scolipede|spe|1|[from] ability: Speed Boost
|turn|5
|
|move|p2a: Scolipede|Iron Defense|p2a: Scolipede
|-boost|p2a: Scolipede|def|2
|move|p1a: Landorus|Earth Power|p2a: Scolipede
|-end|p2a: Scolipede|Substitute
|
|-boost|p2a: Scolipede|spe|1|[from] ability: Speed Boost
|turn|6
|
|move|p2a: Scolipede|Protect|p2a: Scolipede
|-singleturn|p2a: Scolipede|Protect
|move|p1a: Landorus|Earth Power|p2a: Scolipede
|-activate|p2a: Scolipede|Protect
|
|-boost|p2a: Scolipede|spe|1|[from] ability: Speed Boost
|turn|7
|
|move|p2a: Scolipede|Baton Pass|p2a: Scolipede
|
|switch|p2a: Espeon|Espeon, F|334\/334
|move|p1a: Landorus|Earth Power|p2a: Espeon
|-damage|p2a: Espeon|56\/334
|
|-heal|p2a: Espeon|76\/334|[from] item: Leftovers
|turn|8
|
|move|p2a: Espeon|Stored Power|p1a: Landorus
|-damage|p1a: Landorus|90\/319
|move|p1a: Landorus|Earth Power|p2a: Espeon
|-damage|p2a: Espeon|0 fnt
|faint|p2a: Espeon
|
|
|switch|p2a: Scolipede|Scolipede, F|243\/323
|turn|9
|
|move|p2a: Scolipede|Protect|p2a: Scolipede
|-singleturn|p2a: Scolipede|Protect
|move|p1a: Landorus|Stealth Rock|p2a: Scolipede
|-sidestart|p2: Cujo7429|move: Stealth Rock
|
|-sideend|p2: Cujo7429|Reflect
|-boost|p2a: Scolipede|spe|1|[from] ability: Speed Boost
|turn|10
|
|move|p2a: Scolipede|Substitute|p2a: Scolipede
|-start|p2a: Scolipede|Substitute
|-damage|p2a: Scolipede|163\/323
|move|p1a: Landorus|Earth Power|p2a: Scolipede
|-end|p2a: Scolipede|Substitute
|
|-boost|p2a: Scolipede|spe|1|[from] ability: Speed Boost
|turn|11
|
|move|p2a: Scolipede|Protect|p2a: Scolipede
|-singleturn|p2a: Scolipede|Protect
|move|p1a: Landorus|Psychic|p2a: Scolipede
|-activate|p2a: Scolipede|Protect
|
|-boost|p2a: Scolipede|spe|1|[from] ability: Speed Boost
|turn|12
|
|move|p2a: Scolipede|Baton Pass|p2a: Scolipede
|
|switch|p2a: Charizard|Charizard, F|359\/359
|-damage|p2a: Charizard|180\/359|[from] Stealth Rock
|move|p1a: Landorus|Psychic|p2a: Charizard
|-damage|p2a: Charizard|0 fnt
|faint|p2a: Charizard
|
|-message|Cujo7429 forfeited.
|leave|Cujo7429
|
|win|WECAMEASROMANS
|raw|Ladder updating...
|player|p2
|raw|WECAMEASROMANS's rating: 1572 &rarr; <strong>1591<\/strong><br \/>(+19 for winning)
|raw|Cujo7429's rating: 1562 &rarr; <strong>1543<\/strong><br \/>(-19 for losing)
|leave|WECAMEASROMANS
|player|p1