|join|WECAMEASROMANS
|join|DoctorPhrog
|player|p1|WECAMEASROMANS|265
|player|p2|DoctorPhrog|274
|gametype|singles
|gen|6
|tier|OU
|rated
|clearpoke
|poke|p1|Kyurem-Black
|poke|p1|Latios, M
|poke|p1|Mamoswine, M
|poke|p1|Victini
|poke|p1|Lopunny, F
|poke|p1|Landorus-Therian, M
|poke|p2|Tentacruel, F
|poke|p2|Chansey, F
|poke|p2|Tangrowth, F
|poke|p2|Sableye, M
|poke|p2|Slowbro, F
|poke|p2|Skarmory, F
|rule|Swagger Clause: Swagger is banned
|rule|Baton Pass Clause: Limit one PokÃ©mon knowing Baton Pass
|rule|Sleep Clause Mod: Limit one foe put to sleep
|rule|Species Clause: Limit one of each PokÃ©mon
|rule|OHKO Clause: OHKO moves are banned
|rule|Moody Clause: Moody is banned
|rule|Evasion Moves Clause: Evasion moves are banned
|rule|Endless Battle Clause: Forcing endless battles is banned
|rule|HP Percentage Mod: HP is shown in percentages
|teampreview
|join|Appreciation
|c|âDoctorPhrog|oh hey man.
|c|âDoctorPhrog|gl hf
|c|âWECAMEASROMANS|hello
|
|start
|switch|p1a: Latios|Latios, M|299\/299
|switch|p2a: Sableye|Sableye, M|304\/304
|turn|1
|c|âWECAMEASROMANS|you too
|c|âDoctorPhrog|you're usually sitting at the top of the ladder aren't ya? lol
|c|âWECAMEASROMANS|mhm
|
|detailschange|p2a: Sableye|Sableye-Mega, M
|-mega|p2a: Sableye|Sableye|Sablenite
|move|p2a: Sableye|Calm Mind|p2a: Sableye
|-boost|p2a: Sableye|spa|1
|-boost|p2a: Sableye|spd|1
|move|p1a: Latios|Draco Meteor|p2a: Sableye
|-damage|p2a: Sableye|109\/304
|-unboost|p1a: Latios|spa|2
|-damage|p1a: Latios|270\/299|[from] item: Life Orb
|
|turn|2
|join|Notorious544d
|
|switch|p1a: Lopunny|Lopunny, F|271\/271
|move|p2a: Sableye|Recover|p2a: Sableye
|-heal|p2a: Sableye|261\/304
|
|turn|3
|
|switch|p2a: Tentacruel|Tentacruel, F|364\/364
|detailschange|p1a: Lopunny|Lopunny-Mega, F
|-mega|p1a: Lopunny|Lopunny|Lopunnite
|move|p1a: Lopunny|Return|p2a: Tentacruel
|-damage|p2a: Tentacruel|166\/364
|
|-heal|p2a: Tentacruel|188\/364|[from] item: Black Sludge
|turn|4
|
|switch|p2a: Skarmory|Skarmory, F|334\/334
|move|p1a: Lopunny|Return|p2a: Skarmory
|-resisted|p2a: Skarmory
|-damage|p2a: Skarmory|262\/334
|-damage|p1a: Lopunny|226\/271|[from] item: Rocky Helmet|[of] p2a: Skarmory
|
|turn|5
|
|switch|p1a: Victini|Victini|365\/365
|switch|p2a: Slowbro|Slowbro, F|393\/393
|
|turn|6
|
|switch|p1a: Latios|Latios, M|270\/299
|move|p2a: Slowbro|Scald|p1a: Latios
|-resisted|p1a: Latios
|-damage|p1a: Latios|225\/299
|
|turn|7
|
|switch|p1a: Victini|Victini|365\/365
|move|p2a: Slowbro|Slack Off|p2a: Slowbro
|-fail|p2a: Slowbro
|
|turn|8
|
|switch|p1a: Latios|Latios, M|225\/299
|move|p2a: Slowbro|Scald|p1a: Latios
|-resisted|p1a: Latios
|-damage|p1a: Latios|183\/299
|
|turn|9
|
|switch|p2a: Chansey|Chansey, F|642\/642
|move|p1a: Latios|Roost|p1a: Latios
|-heal|p1a: Latios|299\/299
|
|turn|10
|
|switch|p1a: Mamoswine|Mamoswine, M|361\/361
|switch|p2a: Tangrowth|Tangrowth, F|404\/404
|
|turn|11
|
|move|p1a: Mamoswine|Icicle Spear|p2a: Tangrowth
|-supereffective|p2a: Tangrowth
|-damage|p2a: Tangrowth|332\/404
|-supereffective|p2a: Tangrowth
|-damage|p2a: Tangrowth|254\/404
|-supereffective|p2a: Tangrowth
|-damage|p2a: Tangrowth|174\/404
|-hitcount|p2a: Tangrowth|3
|move|p2a: Tangrowth|Giga Drain|p1a: Mamoswine
|-supereffective|p1a: Mamoswine
|-damage|p1a: Mamoswine|55\/361
|-heal|p2a: Tangrowth|327\/404|[from] drain|[of] p1a: Mamoswine
|
|turn|12
|
|switch|p1a: Victini|Victini|365\/365
|switch|p2a: Sableye|Sableye-Mega, M|261\/304
|
|turn|13
|
|move|p1a: Victini|Substitute|p1a: Victini
|-start|p1a: Victini|Substitute
|-damage|p1a: Victini|274\/365
|move|p2a: Sableye|Will-O-Wisp|p1a: Victini
|
|-heal|p1a: Victini|296\/365|[from] item: Leftovers
|turn|14
|
|move|p1a: Victini|V-create|p2a: Sableye
|-damage|p2a: Sableye|69\/304
|-unboost|p1a: Victini|def|1
|-unboost|p1a: Victini|spd|1
|-unboost|p1a: Victini|spe|1
|move|p2a: Sableye|Dark Pulse|p1a: Victini
|-supereffective|p1a: Victini
|-end|p1a: Victini|Substitute
|
|-heal|p1a: Victini|318\/365|[from] item: Leftovers
|turn|15
|join|Six to Zero
|
|switch|p2a: Slowbro|Slowbro, F|393\/393
|move|p1a: Victini|Power-Up Punch|p2a: Slowbro
|-resisted|p2a: Slowbro
|-damage|p2a: Slowbro|377\/393
|-boost|p1a: Victini|atk|1
|
|-heal|p1a: Victini|340\/365|[from] item: Leftovers
|turn|16
|
|move|p1a: Victini|Bolt Strike|p2a: Slowbro|[miss]
|-miss|p1a: Victini|p2a: Slowbro
|move|p2a: Slowbro|Calm Mind|p2a: Slowbro
|-boost|p2a: Slowbro|spa|1
|-boost|p2a: Slowbro|spd|1
|
|-heal|p1a: Victini|362\/365|[from] item: Leftovers
|turn|17
|
|switch|p1a: Latios|Latios, M|299\/299
|move|p2a: Slowbro|Scald|p1a: Latios
|-resisted|p1a: Latios
|-damage|p1a: Latios|237\/299
|-status|p1a: Latios|brn
|
|-damage|p1a: Latios|200\/299 brn|[from] brn
|turn|18
|
|switch|p1a: Lopunny|Lopunny-Mega, F|226\/271
|move|p2a: Slowbro|Slack Off|p2a: Slowbro
|-heal|p2a: Slowbro|393\/393
|
|turn|19
|
|move|p1a: Lopunny|Encore|p2a: Slowbro
|-start|p2a: Slowbro|Encore
|move|p2a: Slowbro|Slack Off|p2a: Slowbro
|-fail|p2a: Slowbro
|
|turn|20
|
|switch|p2a: Skarmory|Skarmory, F|262\/334
|move|p1a: Lopunny|Power-Up Punch|p2a: Skarmory
|-damage|p2a: Skarmory|208\/334
|-damage|p1a: Lopunny|181\/271|[from] item: Rocky Helmet|[of] p2a: Skarmory
|-boost|p1a: Lopunny|atk|1
|
|turn|21
|
|move|p1a: Lopunny|High Jump Kick|p2a: Skarmory
|-damage|p2a: Skarmory|0 fnt
|-damage|p1a: Lopunny|136\/271|[from] item: Rocky Helmet|[of] p2a: Skarmory
|faint|p2a: Skarmory
|
|
|switch|p2a: Slowbro|Slowbro, F|393\/393
|turn|22
|
|move|p1a: Lopunny|Return|p2a: Slowbro
|-damage|p2a: Slowbro|174\/393
|move|p2a: Slowbro|Psyshock|p1a: Lopunny
|-supereffective|p1a: Lopunny
|-damage|p1a: Lopunny|0 fnt
|faint|p1a: Lopunny
|
|
|switch|p1a: Kyurem-Black|Kyurem-Black|391\/391
|-ability|p1a: Kyurem-Black|Teravolt
|turn|23
|
|switch|p2a: Sableye|Sableye-Mega, M|69\/304
|move|p1a: Kyurem-Black|Ice Beam|p2a: Sableye
|-damage|p2a: Sableye|0 fnt
|-damage|p1a: Kyurem-Black|352\/391|[from] item: Life Orb
|faint|p2a: Sableye
|
|
|switch|p2a: Tentacruel|Tentacruel, F|188\/364
|turn|24
|join|Justin 55
|
|move|p1a: Kyurem-Black|Fusion Bolt|p2a: Tentacruel
|-supereffective|p2a: Tentacruel
|-damage|p2a: Tentacruel|0 fnt
|-damage|p1a: Kyurem-Black|313\/391|[from] item: Life Orb
|faint|p2a: Tentacruel
|
|c|âDoctorPhrog|i have no idea how i got matched up with you. lol
|
|switch|p2a: Chansey|Chansey, F|642\/642
|turn|25
|
|switch|p2a: Slowbro|Slowbro, F|305\/393
|move|p1a: Kyurem-Black|Outrage|p2a: Slowbro
|-damage|p2a: Slowbro|93\/393
|-damage|p1a: Kyurem-Black|274\/391|[from] item: Life Orb
|
|turn|26
|
|switch|p2a: Tangrowth|Tangrowth, F|404\/404
|move|p1a: Kyurem-Black|Outrage|p2a: Tangrowth
|-damage|p2a: Tangrowth|157\/404
|-damage|p1a: Kyurem-Black|235\/391|[from] item: Life Orb
|
|turn|27
|
|switch|p2a: Slowbro|Slowbro, F|224\/393
|move|p1a: Kyurem-Black|Outrage|p2a: Slowbro
|-damage|p2a: Slowbro|21\/393
|-damage|p1a: Kyurem-Black|196\/391|[from] item: Life Orb
|
|-end|p1a: Kyurem-Black|rampage
|-start|p1a: Kyurem-Black|confusion
|turn|28
|
|-activate|p1a: Kyurem-Black|confusion
|-damage|p1a: Kyurem-Black|122\/391|[from] confusion
|move|p2a: Slowbro|Slack Off|p2a: Slowbro
|-heal|p2a: Slowbro|218\/393
|
|turn|29
|
|-activate|p1a: Kyurem-Black|confusion
|-damage|p1a: Kyurem-Black|44\/391|[from] confusion
|move|p2a: Slowbro|Psyshock|p1a: Kyurem-Black
|-damage|p1a: Kyurem-Black|0 fnt
|faint|p1a: Kyurem-Black
|
|
|switch|p1a: Latios|Latios, M|200\/299 brn
|turn|30
|
|switch|p1a: Mamoswine|Mamoswine, M|55\/361
|switch|p2a: Tangrowth|Tangrowth, F|291\/404
|
|turn|31
|
|switch|p2a: Slowbro|Slowbro, F|349\/393
|move|p1a: Mamoswine|Stealth Rock|p2a: Slowbro
|-sidestart|p2: DoctorPhrog|move: Stealth Rock
|
|turn|32
|
|move|p1a: Mamoswine|Earthquake|p2a: Slowbro
|-damage|p2a: Slowbro|228\/393
|move|p2a: Slowbro|Calm Mind|p2a: Slowbro
|-boost|p2a: Slowbro|spa|1
|-boost|p2a: Slowbro|spd|1
|
|turn|33
|
|switch|p1a: Victini|Victini|362\/365
|move|p2a: Slowbro|Scald|p1a: Victini
|-supereffective|p1a: Victini
|-damage|p1a: Victini|78\/365
|
|-heal|p1a: Victini|100\/365|[from] item: Leftovers
|turn|34
|join|oml it's too ez
|
|move|p1a: Victini|Bolt Strike|p2a: Slowbro
|-supereffective|p2a: Slowbro
|-damage|p2a: Slowbro|44\/393
|move|p2a: Slowbro|Scald|p1a: Victini
|-supereffective|p1a: Victini
|-damage|p1a: Victini|0 fnt
|faint|p1a: Victini
|
|
|switch|p1a: Latios|Latios, M|200\/299 brn
|turn|35
|
|switch|p2a: Tangrowth|Tangrowth, F|404\/404
|-damage|p2a: Tangrowth|354\/404|[from] Stealth Rock
|move|p1a: Latios|Psyshock|p2a: Tangrowth
|-damage|p2a: Tangrowth|190\/404
|-damage|p1a: Latios|171\/299 brn|[from] item: Life Orb
|
|-damage|p1a: Latios|134\/299 brn|[from] brn
|turn|36
|
|switch|p2a: Chansey|Chansey, F|642\/642
|-damage|p2a: Chansey|562\/642|[from] Stealth Rock
|move|p1a: Latios|Psyshock|p2a: Chansey
|-damage|p2a: Chansey|312\/642
|-damage|p1a: Latios|105\/299 brn|[from] item: Life Orb
|
|-damage|p1a: Latios|68\/299 brn|[from] brn
|turn|37
|-message|WECAMEASROMANS forfeited.
|leave|WECAMEASROMANS
|
|win|DoctorPhrog
|raw|Ladder updating...
|player|p1
|c|âDoctorPhrog|oml
|raw|WECAMEASROMANS's rating: 1739 &rarr; <strong>1709<\/strong><br \/>(-30 for losing)
|raw|DoctorPhrog's rating: 1481 &rarr; <strong>1514<\/strong><br \/>(+33 for winning)
|c|âDoctorPhrog|i... i beat him?
|leave|oml it's too ez
|leave|Six to Zero