|join|WECAMEASROMANS
|join|Barge7799
|player|p1|WECAMEASROMANS|265
|player|p2|Barge7799|291
|gametype|singles
|gen|6
|tier|OU
|rated
|clearpoke
|poke|p1|Thundurus, M
|poke|p1|Lopunny, F
|poke|p1|Landorus-Therian, M
|poke|p1|Bisharp, F
|poke|p1|Latios, M
|poke|p1|Victini
|poke|p2|Metagross
|poke|p2|Keldeo
|poke|p2|Talonflame, F
|poke|p2|Latios, M
|poke|p2|Thundurus, M
|poke|p2|Garchomp, F
|rule|Swagger Clause: Swagger is banned
|rule|Baton Pass Clause: Limit one PokÃ©mon knowing Baton Pass
|rule|Sleep Clause Mod: Limit one foe put to sleep
|rule|Species Clause: Limit one of each PokÃ©mon
|rule|OHKO Clause: OHKO moves are banned
|rule|Moody Clause: Moody is banned
|rule|Evasion Moves Clause: Evasion moves are banned
|rule|Endless Battle Clause: Forcing endless battles is banned
|rule|HP Percentage Mod: HP is shown in percentages
|teampreview
|join|Fabio96
|join|ryzed
|join|808 & Heartbreak
|join|Sugar K Leonard
|join|ThE0testing
|
|start
|switch|p1a: Landorus-Therian|Landorus-Therian, M|369\/369
|switch|p2a: Keldeo|Keldeo|323\/323
|-ability|p1a: Landorus-Therian|Intimidate|[of] p2a: Keldeo
|-unboost|p2a: Keldeo|atk|1
|turn|1
|
|switch|p1a: Latios|Latios, M|301\/301
|move|p2a: Keldeo|Icy Wind|p1a: Latios
|-supereffective|p1a: Latios
|-damage|p1a: Latios|163\/301
|-unboost|p1a: Latios|spe|1
|
|turn|2
|
|switch|p2a: Metagross|Metagross|301\/301
|move|p1a: Latios|Psyshock|p2a: Metagross
|-resisted|p2a: Metagross
|-damage|p2a: Metagross|267\/301
|-damage|p1a: Latios|133\/301|[from] item: Life Orb
|
|turn|3
|
|switch|p1a: Victini|Victini|365\/365
|detailschange|p2a: Metagross|Metagross-Mega
|-mega|p2a: Metagross|Metagross|Metagrossite
|move|p2a: Metagross|Meteor Mash|p1a: Victini
|-crit|p1a: Victini
|-resisted|p1a: Victini
|-damage|p1a: Victini|205\/365
|
|-heal|p1a: Victini|227\/365|[from] item: Leftovers
|turn|4
|join|chomperstomper
|
|switch|p2a: Garchomp|Garchomp, F|357\/357
|switch|p1a: Landorus-Therian|Landorus-Therian, M|369\/369
|-ability|p1a: Landorus-Therian|Intimidate|[of] p2a: Garchomp
|-unboost|p2a: Garchomp|atk|1
|
|turn|5
|
|move|p2a: Garchomp|Stealth Rock|p1a: Landorus-Therian
|-sidestart|p1: WECAMEASROMANS|move: Stealth Rock
|move|p1a: Landorus-Therian|Stealth Rock|p2a: Garchomp
|-sidestart|p2: Barge7799|move: Stealth Rock
|
|turn|6
|
|move|p2a: Garchomp|Swords Dance|p2a: Garchomp
|-boost|p2a: Garchomp|atk|2
|move|p1a: Landorus-Therian|Earthquake|p2a: Garchomp
|-damage|p2a: Garchomp|183\/357
|
|turn|7
|
|move|p2a: Garchomp|Outrage|p1a: Landorus-Therian
|-damage|p1a: Landorus-Therian|99\/369
|move|p1a: Landorus-Therian|U-turn|p2a: Garchomp
|-damage|p2a: Garchomp|105\/357
|-damage|p1a: Landorus-Therian|53\/369|[from] ability: Rough Skin|[of] p2a: Garchomp
|
|switch|p1a: Bisharp|Bisharp, F|271\/271
|-damage|p1a: Bisharp|255\/271|[from] Stealth Rock
|
|turn|8
|
|move|p1a: Bisharp|Sucker Punch|p2a: Garchomp
|-damage|p2a: Garchomp|0 fnt
|-damage|p1a: Bisharp|222\/271|[from] ability: Rough Skin|[of] p2a: Garchomp
|-damage|p1a: Bisharp|195\/271|[from] item: Life Orb
|faint|p2a: Garchomp
|
|
|switch|p2a: Keldeo|Keldeo|323\/323
|-damage|p2a: Keldeo|303\/323|[from] Stealth Rock
|turn|9
|
|switch|p1a: Landorus-Therian|Landorus-Therian, M|53\/369
|-damage|p1a: Landorus-Therian|7\/369|[from] Stealth Rock
|-ability|p1a: Landorus-Therian|Intimidate|[of] p2a: Keldeo
|-unboost|p2a: Keldeo|atk|1
|move|p2a: Keldeo|Hydro Pump|p1a: Landorus-Therian
|-supereffective|p1a: Landorus-Therian
|-damage|p1a: Landorus-Therian|0 fnt
|faint|p1a: Landorus-Therian
|
|
|switch|p1a: Latios|Latios, M|133\/301
|-damage|p1a: Latios|96\/301|[from] Stealth Rock
|turn|10
|leave|Fabio96
|
|move|p2a: Keldeo|Hydro Pump|p1a: Latios
|-resisted|p1a: Latios
|-damage|p1a: Latios|0 fnt
|faint|p1a: Latios
|
|
|switch|p1a: Lopunny|Lopunny, F|271\/271
|-damage|p1a: Lopunny|238\/271|[from] Stealth Rock
|turn|11
|
|switch|p2a: Metagross|Metagross-Mega|267\/301
|-damage|p2a: Metagross|249\/301|[from] Stealth Rock
|detailschange|p1a: Lopunny|Lopunny-Mega, F
|-mega|p1a: Lopunny|Lopunny|Lopunnite
|move|p1a: Lopunny|Return|p2a: Metagross
|-resisted|p2a: Metagross
|-damage|p2a: Metagross|179\/301
|
|turn|12
|
|move|p1a: Lopunny|High Jump Kick|p2a: Metagross|[miss]
|-miss|p1a: Lopunny|p2a: Metagross
|-damage|p1a: Lopunny|103\/271|[from] highjumpkick
|move|p2a: Metagross|Meteor Mash|p1a: Lopunny
|-damage|p1a: Lopunny|0 fnt
|-boost|p2a: Metagross|atk|1
|faint|p1a: Lopunny
|
|-message|WECAMEASROMANS forfeited.
|leave|WECAMEASROMANS
|
|win|Barge7799
|raw|Ladder updating...
|player|p1
|raw|WECAMEASROMANS's rating: 1736 &rarr; <strong>1709<\/strong><br \/>(-27 for losing)
|raw|Barge7799's rating: 1611 &rarr; <strong>1638<\/strong><br \/>(+27 for winning)