|join|WECAMEASROMANS
|join|gizmo
|join|i hate garbage
|join|squirrelll
|player|p1|WECAMEASROMANS|1
|player|p2|gizmo|7
|gametype|singles
|gen|6
|tier|OU
|clearpoke
|poke|p1|Goodra, M
|poke|p1|Venusaur, F
|poke|p1|Bisharp, M
|poke|p1|Hippowdon, F
|poke|p1|Crawdaunt, M
|poke|p1|Heatran, F
|poke|p2|Gyarados, M, shiny
|poke|p2|Celebi
|poke|p2|Talonflame, M, shiny
|poke|p2|Hippowdon, F, shiny
|poke|p2|Excadrill, M, shiny
|poke|p2|Metagross, shiny
|rule|Swagger Clause: Swagger is banned
|rule|Baton Pass Clause: Limit one PokÃ©mon knowing Baton Pass
|rule|Sleep Clause Mod: Limit one foe put to sleep
|rule|Species Clause: Limit one of each PokÃ©mon
|rule|OHKO Clause: OHKO moves are banned
|rule|Moody Clause: Moody is banned
|rule|Evasion Moves Clause: Evasion moves are banned
|rule|Endless Battle Clause: Forcing endless battles is banned
|rule|HP Percentage Mod: HP is shown in percentages
|teampreview
|join|FlamingVictini PB
|
|start
|switch|p1a: Venusaur|Venusaur, F|363\/363
|switch|p2a: Metang x 2|Metagross, shiny|340\/340
|turn|1
|
|switch|p1a: Hippowdon|Hippowdon, F|416\/416
|move|p2a: Metang x 2|Meteor Mash|p1a: Hippowdon
|-damage|p1a: Hippowdon|305\/416
|
|-heal|p1a: Hippowdon|331\/416|[from] item: Leftovers
|turn|2
|c|âgizmo|why no sand
|c|âgizmo|oh venu
|c|âgizmo|right right
|c|âWECAMEASROMANS|LOL IS THAT REGULAR METAGROSS
|
|switch|p2a: .layers|Celebi|383\/383
|move|p1a: Hippowdon|Stealth Rock|p2a: .layers
|-sidestart|p2: gizmo|move: Stealth Rock
|
|-heal|p1a: Hippowdon|357\/416|[from] item: Leftovers
|turn|3
|c|âWECAMEASROMANS|WITH MEGA GYARA
|c|âWECAMEASROMANS|HAHAHAHAHAHA
|c|âgizmo|you don't understand
|c|âgizmo|how
|c| i hate garbage|hes bluffing
|c|âgizmo|based it is
|c|âgizmo|__bluffing__
|c|âgizmo|ok
|c| i hate garbage|lol
|
|switch|p1a: Venusaur|Venusaur, F|363\/363
|move|p2a: .layers|Giga Drain|p1a: Venusaur
|-resisted|p1a: Venusaur
|-damage|p1a: Venusaur|338\/363
|
|turn|4
|
|switch|p2a: pMp|Talonflame, M, shiny|359\/359
|-damage|p2a: pMp|180\/359|[from] Stealth Rock
|detailschange|p1a: Venusaur|Venusaur-Mega, F
|-mega|p1a: Venusaur|Venusaur|Venusaurite
|move|p1a: Venusaur|Leech Seed|p2a: pMp
|-start|p2a: pMp|move: Leech Seed
|
|-heal|p2a: pMp|202\/359|[from] item: Leftovers
|-damage|p2a: pMp|158\/359|[from] Leech Seed|[of] p1a: Venusaur
|-heal|p1a: Venusaur|363\/363|[silent]
|turn|5
|
|switch|p1a: Heatran|Heatran, F|327\/327
|move|p2a: pMp|Roost|p2a: pMp
|-heal|p2a: pMp|338\/359
|
|-heal|p2a: pMp|359\/359|[from] item: Leftovers
|-damage|p2a: pMp|315\/359|[from] Leech Seed|[of] p1a: Heatran
|turn|6
|
|switch|p2a: Big Red|Gyarados, M, shiny|393\/393
|-damage|p2a: Big Red|295\/393|[from] Stealth Rock
|-ability|p2a: Big Red|Intimidate|[of] p1a: Heatran
|-unboost|p1a: Heatran|atk|1
|move|p1a: Heatran|Fire Blast|p2a: Big Red
|-resisted|p2a: Big Red
|-damage|p2a: Big Red|205\/393
|
|turn|7
|join|A2tehBR
|
|switch|p1a: Venusaur|Venusaur-Mega, F|363\/363
|detailschange|p2a: Big Red|Gyarados-Mega, M, shiny
|-mega|p2a: Big Red|Gyarados|Gyaradosite
|-ability|p2a: Big Red|Mold Breaker
|move|p2a: Big Red|Waterfall|p1a: Venusaur
|-resisted|p1a: Venusaur
|-damage|p1a: Venusaur|318\/363
|
|turn|8
|c| A2tehBR|wcar i like
|c| A2tehBR|the goodra
|
|switch|p2a: Metang x 2|Metagross, shiny|340\/340
|-damage|p2a: Metang x 2|319\/340|[from] Stealth Rock
|move|p1a: Venusaur|Leech Seed|p2a: Metang x 2
|-start|p2a: Metang x 2|move: Leech Seed
|
|-damage|p2a: Metang x 2|277\/340|[from] Leech Seed|[of] p1a: Venusaur
|-heal|p1a: Venusaur|360\/363|[silent]
|turn|9
|c|âWECAMEASROMANS|yeh its good with venu n_n
|join|Ox the Box
|c| A2tehBR|goodra in genral
|c| A2tehBR|thundy, zardy, lando
|c| A2tehBR|checked.
|
|switch|p2a: .layers|Celebi|383\/383
|-damage|p2a: .layers|336\/383|[from] Stealth Rock
|switch|p1a: Hippowdon|Hippowdon, F|357\/416
|
|-heal|p2a: .layers|359\/383|[from] item: Leftovers
|-heal|p1a: Hippowdon|383\/416|[from] item: Leftovers
|turn|10
|join|FNH
|
|switch|p1a: Venusaur|Venusaur-Mega, F|360\/363
|move|p2a: .layers|Giga Drain|p1a: Venusaur
|-resisted|p1a: Venusaur
|-damage|p1a: Venusaur|338\/363
|-heal|p2a: .layers|370\/383|[from] drain|[of] p1a: Venusaur
|
|-heal|p2a: .layers|383\/383|[from] item: Leftovers
|turn|11
|
|switch|p2a: Metang x 2|Metagross, shiny|277\/340
|-damage|p2a: Metang x 2|256\/340|[from] Stealth Rock
|move|p1a: Venusaur|Sludge Bomb|p2a: Metang x 2
|-immune|p2a: Metang x 2|[msg]
|
|turn|12
|
|move|p2a: Metang x 2|Pursuit|p1a: Venusaur|[from]Pursuit
|-damage|p1a: Venusaur|261\/363
|switch|p1a: Hippowdon|Hippowdon, F|383\/416
|
|-heal|p1a: Hippowdon|409\/416|[from] item: Leftovers
|turn|13
|
|switch|p2a: .layers|Celebi|383\/383
|-damage|p2a: .layers|336\/383|[from] Stealth Rock
|switch|p1a: Heatran|Heatran, F|327\/327
|
|-heal|p2a: .layers|359\/383|[from] item: Leftovers
|turn|14
|
|switch|p2a: Metang x 2|Metagross, shiny|256\/340
|-damage|p2a: Metang x 2|235\/340|[from] Stealth Rock
|move|p1a: Heatran|Fire Blast|p2a: Metang x 2|[miss]
|-miss|p1a: Heatran|p2a: Metang x 2
|
|turn|15
|c|âgizmo|oml
|c|âgizmo|fucking cancel
|c| A2tehBR|:(
|c|âgizmo|i'll meteor mash
|c| A2tehBR|play the actual game
|c|âWECAMEASROMANS|i outspeed dont i
|
|move|p1a: Heatran|Fire Blast|p2a: Metang x 2|[miss]
|-miss|p1a: Heatran|p2a: Metang x 2
|move|p2a: Metang x 2|Meteor Mash|p1a: Heatran
|-resisted|p1a: Heatran
|-damage|p1a: Heatran|282\/327
|
|-heal|p1a: Heatran|302\/327|[from] item: Leftovers
|turn|16
|c| A2tehBR|wow
|c|âgizmo|i meant to go to gyara
|c| FNH|watch out his tran has magnet trap
|join|daftmau5
|c|âgizmo|but cancel didn't  work
|
|switch|p2a: Big Red|Gyarados-Mega, M, shiny|205\/393
|-damage|p2a: Big Red|156\/393|[from] Stealth Rock
|-ability|p2a: Big Red|Mold Breaker
|move|p1a: Heatran|Fire Blast|p2a: Big Red
|-resisted|p2a: Big Red
|-damage|p2a: Big Red|75\/393
|
|-heal|p1a: Heatran|322\/327|[from] item: Leftovers
|turn|17
|c| daftmau5|ditch the cancel button
|join|flan76
|c| daftmau5|tiffle is right
|
|switch|p1a: Venusaur|Venusaur-Mega, F|261\/363
|move|p2a: Big Red|Rest|p2a: Big Red
|-status|p2a: Big Red|slp
|-heal|p2a: Big Red|393\/393 slp|[silent]
|-status|p2a: Big Red|slp|[from] move: Rest
|
|turn|18
|c|âWECAMEASROMANS|oh fk
|c|âWECAMEASROMANS|that actually walls my whole team
|c|âWECAMEASROMANS|once venu goes down
|c|âWECAMEASROMANS|._.
|
|switch|p2a: Metang x 2|Metagross, shiny|235\/340
|-damage|p2a: Metang x 2|214\/340|[from] Stealth Rock
|move|p1a: Venusaur|Leech Seed|p2a: Metang x 2
|-start|p2a: Metang x 2|move: Leech Seed
|
|-damage|p2a: Metang x 2|172\/340|[from] Leech Seed|[of] p1a: Venusaur
|-heal|p1a: Venusaur|303\/363|[silent]
|turn|19
|c| A2tehBR|nah ur fine
|c| A2tehBR|venu wont die
|
|move|p2a: Metang x 2|Pursuit|p1a: Venusaur|[from]Pursuit
|-damage|p1a: Venusaur|233\/363
|switch|p1a: Hippowdon|Hippowdon, F|409\/416
|
|-heal|p1a: Hippowdon|416\/416|[from] item: Leftovers
|-damage|p2a: Metang x 2|130\/340|[from] Leech Seed|[of] p1a: Hippowdon
|turn|20
|
|switch|p2a: pMp|Talonflame, M, shiny|315\/359
|-damage|p2a: pMp|136\/359|[from] Stealth Rock
|switch|p1a: Heatran|Heatran, F|322\/327
|
|-heal|p2a: pMp|158\/359|[from] item: Leftovers
|-heal|p1a: Heatran|327\/327|[from] item: Leftovers
|turn|21
|
|move|p2a: pMp|Taunt|p1a: Heatran
|-start|p1a: Heatran|move: Taunt
|move|p1a: Heatran|Earth Power|p2a: pMp
|-immune|p2a: pMp|[msg]
|
|-heal|p2a: pMp|180\/359|[from] item: Leftovers
|turn|22
|c| A2tehBR|wcar does hippo have anything for taunt BU
|
|move|p2a: pMp|Bulk Up|p2a: pMp
|-boost|p2a: pMp|atk|1
|-boost|p2a: pMp|def|1
|move|p1a: Heatran|Earth Power|p2a: pMp
|-immune|p2a: pMp|[msg]
|
|-heal|p2a: pMp|202\/359|[from] item: Leftovers
|turn|23
|
|move|p2a: pMp|Bulk Up|p2a: pMp
|-boost|p2a: pMp|atk|1
|-boost|p2a: pMp|def|1
|move|p1a: Heatran|Fire Blast|p2a: pMp
|-resisted|p2a: pMp
|-damage|p2a: pMp|109\/359
|
|-heal|p2a: pMp|131\/359|[from] item: Leftovers
|-end|p1a: Heatran|move: Taunt
|turn|24
|leave|flan76
|
|move|p2a: pMp|Taunt|p1a: Heatran
|-start|p1a: Heatran|move: Taunt
|move|p1a: Heatran|Fire Blast|p2a: pMp
|-resisted|p2a: pMp
|-damage|p2a: pMp|39\/359
|
|-heal|p2a: pMp|61\/359|[from] item: Leftovers
|turn|25
|join|lil manaphy
|c| daftmau5|gottem
|
|move|p2a: pMp|Roost|p2a: pMp
|-heal|p2a: pMp|241\/359
|move|p1a: Heatran|Earth Power|p2a: pMp
|-supereffective|p2a: pMp
|-damage|p2a: pMp|33\/359
|
|-heal|p2a: pMp|55\/359|[from] item: Leftovers
|turn|26
|
|move|p2a: pMp|Roost|p2a: pMp
|-heal|p2a: pMp|235\/359
|move|p1a: Heatran|Flash Cannon|p2a: pMp
|-resisted|p2a: pMp
|-damage|p2a: pMp|158\/359
|
|-heal|p2a: pMp|180\/359|[from] item: Leftovers
|-end|p1a: Heatran|move: Taunt
|turn|27
|
|move|p2a: pMp|Roost|p2a: pMp
|-heal|p2a: pMp|359\/359
|move|p1a: Heatran|Taunt|p2a: pMp
|-start|p2a: pMp|move: Taunt
|
|turn|28
|join|Storm Flash
|
|move|p2a: pMp|Brave Bird|p1a: Heatran
|-resisted|p1a: Heatran
|-damage|p1a: Heatran|211\/327
|-damage|p2a: pMp|321\/359|[from] recoil|[of] p1a: Heatran
|move|p1a: Heatran|Fire Blast|p2a: pMp
|-resisted|p2a: pMp
|-damage|p2a: pMp|228\/359
|
|-heal|p2a: pMp|250\/359|[from] item: Leftovers
|-heal|p1a: Heatran|231\/327|[from] item: Leftovers
|turn|29
|
|switch|p1a: Hippowdon|Hippowdon, F|416\/416
|move|p2a: pMp|Brave Bird|p1a: Hippowdon
|-crit|p1a: Hippowdon
|-damage|p1a: Hippowdon|164\/416
|-damage|p2a: pMp|167\/359|[from] recoil|[of] p1a: Hippowdon
|
|-heal|p2a: pMp|189\/359|[from] item: Leftovers
|-heal|p1a: Hippowdon|190\/416|[from] item: Leftovers
|turn|30
|
|move|p2a: pMp|Brave Bird|p1a: Hippowdon
|-damage|p1a: Hippowdon|33\/416
|-damage|p2a: pMp|137\/359|[from] recoil|[of] p1a: Hippowdon
|move|p1a: Hippowdon|Stone Edge|p2a: pMp
|-supereffective|p2a: pMp
|-damage|p2a: pMp|0 fnt
|faint|p2a: pMp
|
|-heal|p1a: Hippowdon|59\/416|[from] item: Leftovers
|join|Kushalos
|c| A2tehBR|oh u do have something for it
|
|switch|p2a: Rototiller|Excadrill, M, shiny|359\/359
|-damage|p2a: Rototiller|348\/359|[from] Stealth Rock
|turn|31
|
|move|p2a: Rototiller|Earthquake|p1a: Hippowdon
|-damage|p1a: Hippowdon|0 fnt
|-damage|p2a: Rototiller|313\/359|[from] item: Life Orb
|faint|p1a: Hippowdon
|
|c| A2tehBR|sd predicting cele
|
|switch|p1a: Crawdaunt|Crawdaunt, M|267\/267
|turn|32
|c|âgizmo|why would he sd
|leave|squirrelll
|c| A2tehBR|jk he is jetting
|c| A2tehBR|cuz ur staying in
|
|switch|p2a: Big Red|Gyarados-Mega, M, shiny|393\/393 slp
|-damage|p2a: Big Red|344\/393 slp|[from] Stealth Rock
|-ability|p2a: Big Red|Mold Breaker
|move|p1a: Crawdaunt|Knock Off|p2a: Big Red
|-resisted|p2a: Big Red
|-damage|p2a: Big Red|269\/393 slp
|-damage|p1a: Crawdaunt|241\/267|[from] item: Life Orb
|
|turn|33
|c|âgizmo|why would i stay in
|c|âgizmo|why would i click anything
|join|Ryzed
|leave|Kushalos
|c| A2tehBR|i mean if ur resttalk
|join|hand relief
|c| A2tehBR|cant craw just
|c| A2tehBR|get to +6
|c|âgizmo|why would i even breathe
|c| daftmau5|gizmo did you get high again
|c| lil manaphy|resttalk dtail here
|c| Storm Flash|ive seen this before
|
|move|p1a: Crawdaunt|Swords Dance|p1a: Crawdaunt
|-boost|p1a: Crawdaunt|atk|2
|cant|p2a: Big Red|slp
|move|p2a: Big Red|Sleep Talk|p2a: Big Red
|move|p2a: Big Red|Dragon Dance|p2a: Big Red|[from]Sleep Talk
|-boost|p2a: Big Red|atk|1
|-boost|p2a: Big Red|spe|1
|
|turn|34
|c| Storm Flash|max hp max defense sd crawdaunt
|c|âWECAMEASROMANS|oh shit
|c| daftmau5|all the ladder heroes are in this room
|c| daftmau5|it's like a massive party
|
|cant|p2a: Big Red|slp
|move|p2a: Big Red|Sleep Talk|p2a: Big Red
|move|p2a: Big Red|Waterfall|p1a: Crawdaunt|[from]Sleep Talk
|-resisted|p1a: Crawdaunt
|-damage|p1a: Crawdaunt|124\/267
|move|p1a: Crawdaunt|Crabhammer|p2a: Big Red
|-resisted|p2a: Big Red
|-damage|p2a: Big Red|22\/393 slp
|-damage|p1a: Crawdaunt|98\/267|[from] item: Life Orb
|
|turn|35
|c| lil manaphy|OOHHH
|c| lil manaphy|aw
|c| A2tehBR|see
|c| A2tehBR|this thing
|c| Storm Flash|lol
|c| A2tehBR|doesnt check craw
|c| daftmau5|domage
|c| A2tehBR|lol
|c| Ryzed|what rank do you have to be to be considered ladder hero
|c|âgizmo|you have to get #1
|c|âgizmo|like 3 times
|c| A2tehBR|u have to
|c| A2tehBR|be in the family lineage of the teles
|c| daftmau5|you have to basically ladder at the top
|c| daftmau5|forever
|
|move|p1a: Crawdaunt|Aqua Jet|p2a: Big Red
|-resisted|p2a: Big Red
|-damage|p2a: Big Red|0 fnt
|-damage|p1a: Crawdaunt|72\/267|[from] item: Life Orb
|faint|p2a: Big Red
|
|c| A2tehBR|either be related to tele
|c| A2tehBR|or go on tumblr
|c| Storm Flash|gizmo... i have screenshots to prove that..
|
|switch|p2a: .layers|Celebi|359\/383
|-damage|p2a: .layers|312\/383|[from] Stealth Rock
|turn|36
|c| hand relief|god I wish there was someone here who could teach me to play the strombone... :(
|c|âgizmo|shoulda just been big boy and went to cele first
|c|âgizmo|and idek why i sacced talon
|c|âgizmo|so many things wrong
|
|switch|p1a: Heatran|Heatran, F|231\/327
|move|p2a: .layers|Giga Drain|p1a: Heatran
|-resisted|p1a: Heatran
|-damage|p1a: Heatran|203\/327
|-heal|p2a: .layers|326\/383|[from] drain|[of] p1a: Heatran
|
|-heal|p2a: .layers|349\/383|[from] item: Leftovers
|-heal|p1a: Heatran|223\/327|[from] item: Leftovers
|turn|37
|
|switch|p2a: Rototiller|Excadrill, M, shiny|313\/359
|-damage|p2a: Rototiller|302\/359|[from] Stealth Rock
|move|p1a: Heatran|Fire Blast|p2a: Rototiller
|-supereffective|p2a: Rototiller
|-damage|p2a: Rototiller|0 fnt
|faint|p2a: Rototiller
|
|-heal|p1a: Heatran|243\/327|[from] item: Leftovers
|
|switch|p2a: Bulky Bertha|Hippowdon, F, shiny|416\/416
|-damage|p2a: Bulky Bertha|390\/416|[from] Stealth Rock
|-weather|Sandstorm
|turn|38
|
|switch|p1a: Venusaur|Venusaur-Mega, F|233\/363
|switch|p2a: Metang x 2|Metagross, shiny|130\/340
|-damage|p2a: Metang x 2|109\/340|[from] Stealth Rock
|
|-weather|Sandstorm|[upkeep]
|-damage|p1a: Venusaur|211\/363|[from] sandstorm
|turn|39
|leave|FlamingVictini PB
|
|switch|p1a: Bisharp|Bisharp, M|271\/271
|move|p2a: Metang x 2|Earthquake|p1a: Bisharp
|-supereffective|p1a: Bisharp
|-damage|p1a: Bisharp|0 fnt
|faint|p1a: Bisharp
|
|-weather|Sandstorm|[upkeep]
|c| daftmau5|bop
|
|switch|p1a: Heatran|Heatran, F|243\/327
|turn|40
|
|move|p1a: Heatran|Earth Power|p2a: Metang x 2
|-supereffective|p2a: Metang x 2
|-damage|p2a: Metang x 2|0 fnt
|faint|p2a: Metang x 2
|
|-weather|Sandstorm|[upkeep]
|-heal|p1a: Heatran|263\/327|[from] item: Leftovers
|
|switch|p2a: Bulky Bertha|Hippowdon, F, shiny|390\/416
|-damage|p2a: Bulky Bertha|364\/416|[from] Stealth Rock
|turn|41
|
|switch|p1a: Venusaur|Venusaur-Mega, F|211\/363
|move|p2a: Bulky Bertha|Earthquake|p1a: Venusaur
|-damage|p1a: Venusaur|127\/363
|
|-weather|Sandstorm|[upkeep]
|-damage|p1a: Venusaur|105\/363|[from] sandstorm
|turn|42
|
|switch|p2a: .layers|Celebi|349\/383
|-damage|p2a: .layers|302\/383|[from] Stealth Rock
|move|p1a: Venusaur|Giga Drain|p2a: .layers
|-resisted|p2a: .layers
|-damage|p2a: .layers|248\/383
|-heal|p1a: Venusaur|132\/363|[from] drain|[of] p2a: .layers
|
|-weather|Sandstorm|[upkeep]
|-damage|p2a: .layers|225\/383|[from] sandstorm
|-damage|p1a: Venusaur|110\/363|[from] sandstorm
|-heal|p2a: .layers|248\/383|[from] item: Leftovers
|turn|43
|
|move|p2a: .layers|Nasty Plot|p2a: .layers
|-boost|p2a: .layers|spa|2
|move|p1a: Venusaur|Giga Drain|p2a: .layers
|-resisted|p2a: .layers
|-damage|p2a: .layers|198\/383
|-heal|p1a: Venusaur|135\/363|[from] drain|[of] p2a: .layers
|
|-weather|Sandstorm|[upkeep]
|-damage|p2a: .layers|175\/383|[from] sandstorm
|-damage|p1a: Venusaur|113\/363|[from] sandstorm
|-heal|p2a: .layers|198\/383|[from] item: Leftovers
|turn|44
|
|move|p2a: .layers|Hidden Power|p1a: Venusaur
|-supereffective|p1a: Venusaur
|-damage|p1a: Venusaur|21\/363
|move|p1a: Venusaur|Sludge Bomb|p2a: .layers
|-supereffective|p2a: .layers
|-damage|p2a: .layers|0 fnt
|faint|p2a: .layers
|
|-weather|Sandstorm|[upkeep]
|-damage|p1a: Venusaur|0 fnt|[from] sandstorm
|faint|p1a: Venusaur
|c|âWECAMEASROMANS|nice damage
|c| A2tehBR|hippo win?
|c|âgizmo|talon was my wincon anyways
|c| Storm Flash|no celebi still is
|c| A2tehBR|u can miss
|c| Ryzed|reveal scarf hippo
|c| A2tehBR|crabhammer
|
|switch|p1a: Crawdaunt|Crawdaunt, M|72\/267
|switch|p2a: Bulky Bertha|Hippowdon, F, shiny|364\/416
|-damage|p2a: Bulky Bertha|338\/416|[from] Stealth Rock
|turn|45
|c| A2tehBR|UR GONNA MISS
|c| Storm Flash|just
|c| Storm Flash|i hope u run fucking speed in hippo
|c| Storm Flash|:]
|c|âgizmo|what.
|c| A2tehBR|eq here
|
|move|p1a: Crawdaunt|Crabhammer|p2a: Bulky Bertha
|-supereffective|p2a: Bulky Bertha
|-damage|p2a: Bulky Bertha|0 fnt
|-damage|p1a: Crawdaunt|46\/267|[from] item: Life Orb
|faint|p2a: Bulky Bertha
|
|win|WECAMEASROMANS
|c|âWECAMEASROMANS|gg
|leave|A2tehBR
|leave|WECAMEASROMANS
|c|âgizmo|gg
|leave|gizmo
|player|p1
|player|p2
|leave|Ryzed