|join|WECAMEASROMANS
|join|FWScizor
|player|p1|WECAMEASROMANS|169
|player|p2|FWScizor|151
|gametype|singles
|gen|6
|tier|OU
|rated
|clearpoke
|poke|p1|Excadrill, F
|poke|p1|Ferrothorn, M
|poke|p1|Hippowdon, F
|poke|p1|Garchomp, M
|poke|p1|Rotom-Wash
|poke|p1|Landorus-Therian, M
|poke|p2|Landorus-Therian, M
|poke|p2|Togekiss, M
|poke|p2|Serperior, M
|poke|p2|Latios, M
|poke|p2|Heatran, F
|poke|p2|Heracross, M
|rule|Swagger Clause: Swagger is banned
|rule|Baton Pass Clause: Limit one PokÃ©mon knowing Baton Pass
|rule|Sleep Clause Mod: Limit one foe put to sleep
|rule|Species Clause: Limit one of each PokÃ©mon
|rule|OHKO Clause: OHKO moves are banned
|rule|Moody Clause: Moody is banned
|rule|Evasion Moves Clause: Evasion moves are banned
|rule|Endless Battle Clause: Forcing endless battles is banned
|rule|HP Percentage Mod: HP is shown in percentages
|teampreview
|
|start
|switch|p1a: Garchomp|Garchomp, M|357\/357
|switch|p2a: Landorus-Therian|Landorus-Therian, M|382\/382
|-ability|p2a: Landorus-Therian|Intimidate|[of] p1a: Garchomp
|-unboost|p1a: Garchomp|atk|1
|turn|1
|
|switch|p1a: Hippowdon|Hippowdon, F|416\/416
|-weather|Sandstorm
|move|p2a: Landorus-Therian|Stealth Rock|p1a: Hippowdon
|-sidestart|p1: WECAMEASROMANS|move: Stealth Rock
|
|-weather|Sandstorm|[upkeep]
|turn|2
|
|move|p2a: Landorus-Therian|Knock Off|p1a: Hippowdon
|-damage|p1a: Hippowdon|351\/416
|-enditem|p1a: Hippowdon|Smooth Rock|[from] move: Knock Off|[of] p2a: Landorus-Therian
|move|p1a: Hippowdon|Stealth Rock|p2a: Landorus-Therian
|-sidestart|p2: FWScizor|move: Stealth Rock
|
|-weather|Sandstorm|[upkeep]
|turn|3
|
|move|p2a: Landorus-Therian|Earthquake|p1a: Hippowdon
|-damage|p1a: Hippowdon|240\/416
|move|p1a: Hippowdon|Slack Off|p1a: Hippowdon
|-heal|p1a: Hippowdon|416\/416
|
|-weather|Sandstorm|[upkeep]
|turn|4
|
|move|p2a: Landorus-Therian|Earthquake|p1a: Hippowdon
|-damage|p1a: Hippowdon|310\/416
|move|p1a: Hippowdon|Stone Edge|p2a: Landorus-Therian
|-damage|p2a: Landorus-Therian|312\/382
|
|-weather|Sandstorm|[upkeep]
|-heal|p2a: Landorus-Therian|335\/382|[from] item: Leftovers
|turn|5
|
|switch|p1a: Landorus-Therian|Landorus-Therian, M|325\/325
|-damage|p1a: Landorus-Therian|285\/325|[from] Stealth Rock
|-ability|p1a: Landorus-Therian|Intimidate|[of] p2a: Landorus-Therian
|-unboost|p2a: Landorus-Therian|atk|1
|move|p2a: Landorus-Therian|Earthquake|p1a: Landorus-Therian
|-immune|p1a: Landorus-Therian|[msg]
|
|-weather|Sandstorm|[upkeep]
|-heal|p1a: Landorus-Therian|305\/325|[from] item: Leftovers
|-heal|p2a: Landorus-Therian|358\/382|[from] item: Leftovers
|turn|6
|
|move|p1a: Landorus-Therian|Swords Dance|p1a: Landorus-Therian
|-boost|p1a: Landorus-Therian|atk|2
|move|p2a: Landorus-Therian|Knock Off|p1a: Landorus-Therian
|-damage|p1a: Landorus-Therian|235\/325
|-enditem|p1a: Landorus-Therian|Leftovers|[from] move: Knock Off|[of] p2a: Landorus-Therian
|
|-weather|Sandstorm|[upkeep]
|-heal|p2a: Landorus-Therian|381\/382|[from] item: Leftovers
|turn|7
|
|move|p1a: Landorus-Therian|Rock Polish|p1a: Landorus-Therian
|-boost|p1a: Landorus-Therian|spe|2
|move|p2a: Landorus-Therian|U-turn|p1a: Landorus-Therian
|-resisted|p1a: Landorus-Therian
|-damage|p1a: Landorus-Therian|209\/325
|
|switch|p2a: Serperior|Serperior, M|291\/291
|-damage|p2a: Serperior|255\/291|[from] Stealth Rock
|
|-weather|Sandstorm|[upkeep]
|-damage|p2a: Serperior|237\/291|[from] sandstorm
|-heal|p2a: Serperior|255\/291|[from] item: Leftovers
|turn|8
|
|move|p1a: Landorus-Therian|Stone Edge|p2a: Serperior
|-damage|p2a: Serperior|0 fnt
|faint|p2a: Serperior
|
|-weather|none
|
|switch|p2a: Landorus-Therian|Landorus-Therian, M|381\/382
|-damage|p2a: Landorus-Therian|334\/382|[from] Stealth Rock
|-ability|p2a: Landorus-Therian|Intimidate|[of] p1a: Landorus-Therian
|-unboost|p1a: Landorus-Therian|atk|1
|turn|9
|
|move|p1a: Landorus-Therian|Stone Edge|p2a: Landorus-Therian
|-damage|p2a: Landorus-Therian|172\/382
|move|p2a: Landorus-Therian|U-turn|p1a: Landorus-Therian
|-resisted|p1a: Landorus-Therian
|-damage|p1a: Landorus-Therian|164\/325
|join|heartfield
|
|switch|p2a: Heracross|Heracross, M|301\/301
|-damage|p2a: Heracross|264\/301|[from] Stealth Rock
|
|turn|10
|
|detailschange|p2a: Heracross|Heracross-Mega, M
|-mega|p2a: Heracross|Heracross|Heracronite
|move|p1a: Landorus-Therian|Stone Edge|p2a: Heracross
|-damage|p2a: Heracross|61\/301
|move|p2a: Heracross|Bullet Seed|p1a: Landorus-Therian
|-damage|p1a: Landorus-Therian|119\/325
|-damage|p1a: Landorus-Therian|76\/325
|-crit|p1a: Landorus-Therian
|-damage|p1a: Landorus-Therian|15\/325
|-damage|p1a: Landorus-Therian|0 fnt
|-hitcount|p1a: Landorus-Therian|4
|faint|p1a: Landorus-Therian
|
|
|switch|p1a: Garchomp|Garchomp, M|357\/357
|-damage|p1a: Garchomp|335\/357|[from] Stealth Rock
|turn|11
|
|switch|p2a: Landorus-Therian|Landorus-Therian, M|172\/382
|-damage|p2a: Landorus-Therian|125\/382|[from] Stealth Rock
|-ability|p2a: Landorus-Therian|Intimidate|[of] p1a: Garchomp
|-unboost|p1a: Garchomp|atk|1
|detailschange|p1a: Garchomp|Garchomp-Mega, M
|-mega|p1a: Garchomp|Garchomp|Garchompite
|move|p1a: Garchomp|Stone Edge|p2a: Landorus-Therian|[miss]
|-miss|p1a: Garchomp|p2a: Landorus-Therian
|
|-heal|p2a: Landorus-Therian|148\/382|[from] item: Leftovers
|turn|12
|
|switch|p1a: Hippowdon|Hippowdon, F|310\/416
|-damage|p1a: Hippowdon|284\/416|[from] Stealth Rock
|-weather|Sandstorm
|move|p2a: Landorus-Therian|Earthquake|p1a: Hippowdon
|-damage|p1a: Hippowdon|178\/416
|
|-weather|Sandstorm|[upkeep]
|-heal|p2a: Landorus-Therian|171\/382|[from] item: Leftovers
|turn|13
|
|move|p2a: Landorus-Therian|U-turn|p1a: Hippowdon
|-damage|p1a: Hippowdon|130\/416
|
|switch|p2a: Heracross|Heracross-Mega, M|61\/301
|-damage|p2a: Heracross|24\/301|[from] Stealth Rock
|move|p1a: Hippowdon|Slack Off|p1a: Hippowdon
|-heal|p1a: Hippowdon|338\/416
|
|-weather|Sandstorm|[upkeep]
|-damage|p2a: Heracross|6\/301|[from] sandstorm
|turn|14
|
|move|p2a: Heracross|Bullet Seed|p1a: Hippowdon
|-supereffective|p1a: Hippowdon
|-damage|p1a: Hippowdon|286\/416
|-supereffective|p1a: Hippowdon
|-damage|p1a: Hippowdon|232\/416
|-crit|p1a: Hippowdon
|-supereffective|p1a: Hippowdon
|-damage|p1a: Hippowdon|148\/416
|-supereffective|p1a: Hippowdon
|-damage|p1a: Hippowdon|100\/416
|-supereffective|p1a: Hippowdon
|-damage|p1a: Hippowdon|44\/416
|-hitcount|p1a: Hippowdon|5
|move|p1a: Hippowdon|Slack Off|p1a: Hippowdon
|-heal|p1a: Hippowdon|252\/416
|
|-weather|Sandstorm|[upkeep]
|-damage|p2a: Heracross|0 fnt|[from] sandstorm
|faint|p2a: Heracross
|
|switch|p2a: Togekiss|Togekiss, M|312\/312
|-damage|p2a: Togekiss|234\/312|[from] Stealth Rock
|turn|15
|
|switch|p1a: Garchomp|Garchomp-Mega, M|335\/357
|-damage|p1a: Garchomp|313\/357|[from] Stealth Rock
|move|p2a: Togekiss|Air Slash|p1a: Garchomp|[miss]
|-miss|p2a: Togekiss|p1a: Garchomp
|
|-weather|Sandstorm|[upkeep]
|-damage|p2a: Togekiss|215\/312|[from] sandstorm
|turn|16
|
|move|p2a: Togekiss|Air Slash|p1a: Garchomp
|-damage|p1a: Garchomp|181\/357
|cant|p1a: Garchomp|flinch
|
|-weather|none
|turn|17
|
|switch|p1a: Rotom-Wash|Rotom-Wash|304\/304
|-damage|p1a: Rotom-Wash|266\/304|[from] Stealth Rock
|move|p2a: Togekiss|Air Slash|p1a: Rotom-Wash
|-resisted|p1a: Rotom-Wash
|-damage|p1a: Rotom-Wash|202\/304
|
|-heal|p1a: Rotom-Wash|221\/304|[from] item: Leftovers
|turn|18
|
|switch|p2a: Latios|Latios, M|302\/302
|-damage|p2a: Latios|265\/302|[from] Stealth Rock
|move|p1a: Rotom-Wash|Volt Switch|p2a: Latios
|-resisted|p2a: Latios
|-damage|p2a: Latios|225\/302
|
|switch|p1a: Ferrothorn|Ferrothorn, M|352\/352
|-damage|p1a: Ferrothorn|330\/352|[from] Stealth Rock
|
|-heal|p1a: Ferrothorn|352\/352|[from] item: Leftovers
|turn|19
|
|switch|p2a: Heatran|Heatran, F|323\/323
|-damage|p2a: Heatran|283\/323|[from] Stealth Rock
|move|p1a: Ferrothorn|Spikes|p2a: Heatran
|-sidestart|p2: FWScizor|Spikes
|
|-heal|p2a: Heatran|303\/323|[from] item: Leftovers
|turn|20
|
|switch|p1a: Hippowdon|Hippowdon, F|252\/416
|-damage|p1a: Hippowdon|226\/416|[from] Stealth Rock
|-weather|Sandstorm
|move|p2a: Heatran|Toxic|p1a: Hippowdon
|-status|p1a: Hippowdon|tox
|
|-weather|Sandstorm|[upkeep]
|-heal|p2a: Heatran|323\/323|[from] item: Leftovers
|-damage|p1a: Hippowdon|200\/416 tox|[from] psn
|turn|21
|
|switch|p1a: Garchomp|Garchomp-Mega, M|181\/357
|-damage|p1a: Garchomp|159\/357|[from] Stealth Rock
|move|p2a: Heatran|Protect|p2a: Heatran
|-fail|p2a: Heatran
|
|-weather|Sandstorm|[upkeep]
|turn|22
|
|switch|p2a: Landorus-Therian|Landorus-Therian, M|171\/382
|-damage|p2a: Landorus-Therian|124\/382|[from] Stealth Rock
|-ability|p2a: Landorus-Therian|Intimidate|[of] p1a: Garchomp
|-unboost|p1a: Garchomp|atk|1
|move|p1a: Garchomp|Swords Dance|p1a: Garchomp
|-boost|p1a: Garchomp|atk|2
|
|-weather|Sandstorm|[upkeep]
|-heal|p2a: Landorus-Therian|147\/382|[from] item: Leftovers
|turn|23
|
|move|p1a: Garchomp|Stone Edge|p2a: Landorus-Therian
|-damage|p2a: Landorus-Therian|0 fnt
|faint|p2a: Landorus-Therian
|
|-weather|Sandstorm|[upkeep]
|
|switch|p2a: Latios|Latios, M|225\/302
|-damage|p2a: Latios|188\/302|[from] Stealth Rock
|turn|24
|join|ComeInTheClutch
|join|me is nub
|
|move|p2a: Latios|Defog|p1a: Garchomp
|-unboost|p1a: Garchomp|evasion|1
|-sideend|p1: WECAMEASROMANS|Stealth Rock|[from] move: Defog|[of] p1a: Garchomp
|-sideend|p2: FWScizor|Spikes|[from] move: Defog|[of] p2a: Latios
|-sideend|p2: FWScizor|Stealth Rock|[from] move: Defog|[of] p2a: Latios
|move|p1a: Garchomp|Outrage|p2a: Latios
|-supereffective|p2a: Latios
|-damage|p2a: Latios|0 fnt
|faint|p2a: Latios
|
|-weather|none
|
|switch|p2a: Heatran|Heatran, F|323\/323
|turn|25
|
|move|p2a: Heatran|Protect|p2a: Heatran
|-singleturn|p2a: Heatran|Protect
|move|p1a: Garchomp|Outrage|p2a: Heatran
|-activate|p2a: Heatran|Protect
|
|turn|26
|
|switch|p2a: Togekiss|Togekiss, M|215\/312
|move|p1a: Garchomp|Earthquake|p2a: Togekiss
|-immune|p2a: Togekiss|[msg]
|
|turn|27
|join|Alvadora
|
|move|p2a: Togekiss|Air Slash|p1a: Garchomp
|-damage|p1a: Garchomp|21\/357
|move|p1a: Garchomp|Stone Edge|p2a: Togekiss
|-supereffective|p2a: Togekiss
|-damage|p2a: Togekiss|0 fnt
|faint|p2a: Togekiss
|
|
|switch|p2a: Heatran|Heatran, F|323\/323
|turn|28
|
|move|p1a: Garchomp|Earthquake|p2a: Heatran
|-crit|p2a: Heatran
|-supereffective|p2a: Heatran
|-damage|p2a: Heatran|0 fnt
|faint|p2a: Heatran
|
|win|WECAMEASROMANS
|raw|Ladder updating...
|raw|WECAMEASROMANS's rating: 1784 &rarr; <strong>1792<\/strong><br \/>(+8 for winning)
|raw|FWScizor's rating: 1546 &rarr; <strong>1538<\/strong><br \/>(-8 for losing)
|leave|heartfield