|join|WECAMEASROMANS
|join|FardinFromPB
|player|p1|WECAMEASROMANS|101
|player|p2|FardinFromPB|265
|gametype|singles
|gen|6
|tier|OU
|clearpoke
|poke|p1|Thundurus, M
|poke|p1|Landorus-Therian, M
|poke|p1|Celebi
|poke|p1|Victini
|poke|p1|Lopunny, M
|poke|p1|Latios, M
|poke|p2|Heatran, F
|poke|p2|Gogoat, F
|poke|p2|Chansey, F
|poke|p2|Skarmory, M
|poke|p2|Slowbro, F
|poke|p2|Garchomp, M
|rule|Swagger Clause: Swagger is banned
|rule|Baton Pass Clause: Limit one PokÃ©mon knowing Baton Pass
|rule|Sleep Clause Mod: Limit one foe put to sleep
|rule|Species Clause: Limit one of each PokÃ©mon
|rule|OHKO Clause: OHKO moves are banned
|rule|Moody Clause: Moody is banned
|rule|Evasion Moves Clause: Evasion moves are banned
|rule|Endless Battle Clause: Forcing endless battles is banned
|rule|HP Percentage Mod: HP is shown in percentages
|teampreview
|join|king of spycrabs
|join|Reverend
|join|Lady Biscotti
|join|TheSkyAboveUs
|join|jeffrawr
|join|Chillingtilnoon
|join|mr.baggins
|join|etnatrj
|join|Bluwing
|join|SmashBrosBrawl
|join|shadowthorn
|c| Bluwing|WCAR
|c| Bluwing|:]
|join|Jukain
|c| Chillingtilnoon|gogoat 2 godly
|c| TheSkyAboveUs|interesting team
|
|start
|switch|p1a: Thundurus|Thundurus, M|305\/305
|switch|p2a: Heatran|Heatran, F|386\/386
|turn|1
|c| Chillingtilnoon|2 stronk
|join|Manabind
|join|alt7777777
|join|You Know Gasai
|c| TheSkyAboveUs|semi stall?
|c|+SmashBrosBrawl|scarf
|c|âFardinFromPB|gogoat just sweeps teams
|c|+SmashBrosBrawl|pls
|c|+SmashBrosBrawl|plsss
|join|julianna
|c|âFardinFromPB|after celebi and victini is dead
|
|move|p1a: Thundurus|Nasty Plot|p1a: Thundurus
|-boost|p1a: Thundurus|spa|2
|move|p2a: Heatran|Lava Plume|p1a: Thundurus
|-damage|p1a: Thundurus|158\/305
|-status|p1a: Thundurus|brn
|
|-heal|p1a: Thundurus|177\/305 brn|[from] item: Leftovers
|-damage|p1a: Thundurus|139\/305 brn|[from] brn
|turn|2
|join|ITS IGGY IGGS
|
|move|p1a: Thundurus|Thunderbolt|p2a: Heatran
|-damage|p2a: Heatran|181\/386
|move|p2a: Heatran|Lava Plume|p1a: Thundurus
|-damage|p1a: Thundurus|0 fnt
|faint|p1a: Thundurus
|
|-heal|p2a: Heatran|205\/386|[from] item: Leftovers
|c| king of spycrabs|powerful first turn burn
|leave|Manabind
|join|Here to GG
|
|switch|p1a: Victini|Victini|369\/369
|turn|3
|join|Luxuryball13
|
|switch|p2a: Garchomp|Garchomp, M|420\/420
|move|p1a: Victini|Substitute|p1a: Victini
|-start|p1a: Victini|Substitute
|-damage|p1a: Victini|277\/369
|
|-heal|p1a: Victini|300\/369|[from] item: Leftovers
|turn|4
|join|thepack
|
|detailschange|p2a: Garchomp|Garchomp-Mega, M
|-mega|p2a: Garchomp|Garchomp|Garchompite
|move|p1a: Victini|V-create|p2a: Garchomp
|-resisted|p2a: Garchomp
|-damage|p2a: Garchomp|318\/420
|-unboost|p1a: Victini|def|1
|-unboost|p1a: Victini|spd|1
|-unboost|p1a: Victini|spe|1
|move|p2a: Garchomp|Earthquake|p1a: Victini
|-supereffective|p1a: Victini
|-end|p1a: Victini|Substitute
|
|-heal|p1a: Victini|323\/369|[from] item: Leftovers
|turn|5
|join|aqbf
|c| Bluwing|lol
|c|âWECAMEASROMANS|wadafuq is that
|c|âFardinFromPB|do u want me to forfeit?
|c|âFardinFromPB|GodChomp
|
|switch|p1a: Landorus-Therian|Landorus-Therian, M|369\/369
|-ability|p1a: Landorus-Therian|Intimidate|[of] p2a: Garchomp
|-unboost|p2a: Garchomp|atk|1
|move|p2a: Garchomp|Dragon Tail|p1a: Landorus-Therian
|-damage|p1a: Landorus-Therian|315\/369
|drag|p1a: Victini|Victini|323\/369
|
|-heal|p1a: Victini|346\/369|[from] item: Leftovers
|turn|6
|c|âFardinFromPB|never heared of it?
|c|+SmashBrosBrawl|lmfao
|c| Bluwing|lol
|c| mr.baggins|mega garchomp is a thing?????
|c| alt7777777|rekt
|c| julianna|phys def chomp
|c| Bluwing|what a lord
|c|âFardinFromPB|not really
|c|âFardinFromPB|it has some sp def as well
|join|mdianst
|c|âFardinFromPB|and 376 attack stat
|
|switch|p1a: Landorus-Therian|Landorus-Therian, M|315\/369
|-ability|p1a: Landorus-Therian|Intimidate|[of] p2a: Garchomp
|-unboost|p2a: Garchomp|atk|1
|move|p2a: Garchomp|Dragon Tail|p1a: Landorus-Therian
|-damage|p1a: Landorus-Therian|272\/369
|drag|p1a: Lopunny|Lopunny, M|271\/271
|
|turn|7
|c| Bluwing|not more than 190 now tho
|
|switch|p2a: Slowbro|Slowbro, F|394\/394
|detailschange|p1a: Lopunny|Lopunny-Mega, M
|-mega|p1a: Lopunny|Lopunny|Lopunnite
|move|p1a: Lopunny|High Jump Kick|p2a: Slowbro|[miss]
|-miss|p1a: Lopunny|p2a: Slowbro
|-damage|p1a: Lopunny|136\/271|[from] highjumpkick
|
|turn|8
|c|+SmashBrosBrawl|LOL
|c|âFardinFromPB|do you want me to forfeit?
|c| Bluwing|that was the most useless turn ive seen ever lol
|c| mr.baggins|ouch!!
|
|switch|p1a: Celebi|Celebi|404\/404
|move|p2a: Slowbro|Scald|p1a: Celebi
|-resisted|p1a: Celebi
|-damage|p1a: Celebi|365\/404
|
|-heal|p1a: Celebi|390\/404|[from] item: Leftovers
|turn|9
|leave|king of spycrabs
|c| Bluwing|fardin don't be a dick lol
|
|switch|p2a: Gogoat|Gogoat, F|450\/450
|move|p1a: Celebi|Baton Pass|p1a: Celebi
|c|âFardinFromPB|hm?
|c| Bluwing|ur facing a player way above ur level
|c| Bluwing|so plz
|c| Bluwing|stfu
|c|âFardinFromPB|dude
|c|âFardinFromPB|above my lvl?
|
|switch|p1a: Victini|Victini|346\/369
|
|-heal|p1a: Victini|369\/369|[from] item: Leftovers
|turn|10
|join|u5ev
|c| Bluwing|yes
|c|âFardinFromPB|why do you think that?
|c|âFardinFromPB|cause of my rating? lol
|c|+SmashBrosBrawl|cuz ure using a gogoat
|c| Bluwing|i don't think i know
|c|+SmashBrosBrawl|probs
|c|âFardinFromPB|ugh
|join|Avarice87
|c|âFardinFromPB|this team got me to top 25
|c| mr.baggins|gogoat is powerful
|c|âFardinFromPB|but think what u want
|c| Lady Biscotti|Team Gogoat!
|c|+SmashBrosBrawl|jk gogoat is strong
|c| Chillingtilnoon|im tellin you guis
|
|switch|p2a: Garchomp|Garchomp-Mega, M|318\/420
|move|p1a: Victini|Power-Up Punch|p2a: Garchomp
|-damage|p2a: Garchomp|285\/420
|-boost|p1a: Victini|atk|1
|
|turn|11
|c| Chillingtilnoon|gogoat 2 stronk
|c|+SmashBrosBrawl|mfw the 0
|
|switch|p1a: Landorus-Therian|Landorus-Therian, M|272\/369
|-ability|p1a: Landorus-Therian|Intimidate|[of] p2a: Garchomp
|-unboost|p2a: Garchomp|atk|1
|move|p2a: Garchomp|Dragon Tail|p1a: Landorus-Therian|[miss]
|-miss|p2a: Garchomp|p1a: Landorus-Therian
|
|-heal|p1a: Landorus-Therian|295\/369|[from] item: Leftovers
|turn|12
|c| Chillingtilnoon|bulky mega gar
|c| mr.baggins|gogoat for ubers?
|c| Chillingtilnoon|op imo
|leave|etnatrj
|c|âFardinFromPB|goggat coul actually sweep that team once victini die
|
|switch|p2a: Slowbro|Slowbro, F|394\/394
|move|p1a: Landorus-Therian|Stealth Rock|p2a: Slowbro
|-sidestart|p2: FardinFromPB|move: Stealth Rock
|
|-heal|p1a: Landorus-Therian|318\/369|[from] item: Leftovers
|turn|13
|c| mr.baggins|true...
|
|switch|p2a: Heatran|Heatran, F|205\/386
|-damage|p2a: Heatran|157\/386|[from] Stealth Rock
|move|p1a: Landorus-Therian|U-turn|p2a: Heatran
|-resisted|p2a: Heatran
|-damage|p2a: Heatran|139\/386
|c|âFardinFromPB|oh
|c| mdianst|why do you tell him you tactics???
|c|+SmashBrosBrawl|is it bulk up milk drink
|c|âFardinFromPB|cancel button :0
|c|+SmashBrosBrawl|horn leech
|c|+SmashBrosBrawl|uh
|
|switch|p1a: Lopunny|Lopunny-Mega, M|136\/271
|
|-heal|p2a: Heatran|163\/386|[from] item: Leftovers
|turn|14
|c|+SmashBrosBrawl|then something
|leave|TheSkyAboveUs
|c| Chillingtilnoon|coverage
|c|+SmashBrosBrawl|!learn gogoat, earthquake
|raw|<div class="infobox">Gogoat <span class="message-learn-canlearn">can<\/span> learn Earthquake<\/ul><\/div>
|c| Chillingtilnoon|for lati?
|c|âWECAMEASROMANS|lets not miss dis time
|
|switch|p2a: Slowbro|Slowbro, F|394\/394
|-damage|p2a: Slowbro|345\/394|[from] Stealth Rock
|move|p1a: Lopunny|Return|p2a: Slowbro
|-damage|p2a: Slowbro|204\/394
|
|-heal|p2a: Slowbro|228\/394|[from] item: Leftovers
|turn|15
|
|move|p1a: Lopunny|Power-Up Punch|p2a: Slowbro
|-resisted|p2a: Slowbro
|-damage|p2a: Slowbro|202\/394
|-boost|p1a: Lopunny|atk|1
|move|p2a: Slowbro|Slack Off|p2a: Slowbro
|-heal|p2a: Slowbro|394\/394
|
|turn|16
|c|âFardinFromPB|swithc
|
|move|p1a: Lopunny|Encore|p2a: Slowbro
|-start|p2a: Slowbro|Encore
|move|p2a: Slowbro|Slack Off|p2a: Slowbro
|-fail|p2a: Slowbro
|
|turn|17
|leave|Bluwing
|c|+SmashBrosBrawl|destroyed
|c|âFardinFromPB|ohh.. people use that stuff
|c| Chillingtilnoon|rekt on every level
|
|switch|p2a: Skarmory|Skarmory, M|334\/334
|-damage|p2a: Skarmory|293\/334|[from] Stealth Rock
|move|p1a: Lopunny|Power-Up Punch|p2a: Skarmory
|-crit|p2a: Skarmory
|-damage|p2a: Skarmory|185\/334
|-boost|p1a: Lopunny|atk|1
|
|-heal|p2a: Skarmory|205\/334|[from] item: Leftovers
|turn|18
|
|switch|p2a: Slowbro|Slowbro, F|394\/394
|-damage|p2a: Slowbro|345\/394|[from] Stealth Rock
|move|p1a: Lopunny|High Jump Kick|p2a: Slowbro
|-resisted|p2a: Slowbro
|-damage|p2a: Slowbro|165\/394
|
|-heal|p2a: Slowbro|189\/394|[from] item: Leftovers
|turn|19
|c|âFardinFromPB|oh god
|c| mr.baggins|gg
|c|+SmashBrosBrawl|why did u
|leave|mr.baggins
|c|+SmashBrosBrawl|do that
|
|switch|p2a: Heatran|Heatran, F|163\/386
|-damage|p2a: Heatran|115\/386|[from] Stealth Rock
|move|p1a: Lopunny|Return|p2a: Heatran
|-resisted|p2a: Heatran
|-damage|p2a: Heatran|0 fnt
|faint|p2a: Heatran
|
|c|âFardinFromPB|apparently i'm a noob
|c|âFardinFromPB|so idk why u ask
|
|switch|p2a: Slowbro|Slowbro, F|320\/394
|-damage|p2a: Slowbro|271\/394|[from] Stealth Rock
|turn|20
|
|switch|p2a: Skarmory|Skarmory, M|205\/334
|-damage|p2a: Skarmory|164\/334|[from] Stealth Rock
|move|p1a: Lopunny|Return|p2a: Skarmory
|-resisted|p2a: Skarmory
|-damage|p2a: Skarmory|47\/334
|
|-heal|p2a: Skarmory|67\/334|[from] item: Leftovers
|turn|21
|
|move|p1a: Lopunny|Return|p2a: Skarmory
|-resisted|p2a: Skarmory
|-damage|p2a: Skarmory|0 fnt
|faint|p2a: Skarmory
|
|
|switch|p2a: Slowbro|Slowbro, F|394\/394
|-damage|p2a: Slowbro|345\/394|[from] Stealth Rock
|turn|22
|c| alt7777777|why are you just letting your mons take damage
|c| alt7777777|._.
|
|move|p1a: Lopunny|Return|p2a: Slowbro
|-damage|p2a: Slowbro|72\/394
|move|p2a: Slowbro|Psyshock|p1a: Lopunny
|-supereffective|p1a: Lopunny
|-damage|p1a: Lopunny|0 fnt
|faint|p1a: Lopunny
|
|-heal|p2a: Slowbro|96\/394|[from] item: Leftovers
|c|âFardinFromPB|u see
|c| Chillingtilnoon|he has a plan
|c|âFardinFromPB|if i did sack something
|c|âFardinFromPB|didnt
|
|switch|p1a: Landorus-Therian|Landorus-Therian, M|318\/369
|-ability|p1a: Landorus-Therian|Intimidate|[of] p2a: Slowbro
|-unboost|p2a: Slowbro|atk|1
|turn|23
|c| Chillingtilnoon|long turn plays
|c| Chillingtilnoon|term
|c| Lady Biscotti|Man with a plan. :O
|leave|aqbf
|c|âFardinFromPB|i could've lose
|c| Lady Biscotti|Or woman
|c| Lady Biscotti|Notsure
|
|switch|p2a: Garchomp|Garchomp-Mega, M|285\/420
|-damage|p2a: Garchomp|259\/420|[from] Stealth Rock
|move|p1a: Landorus-Therian|U-turn|p2a: Garchomp
|-damage|p2a: Garchomp|201\/420
|c|+SmashBrosBrawl|how do u kill celebi
|
|switch|p1a: Latios|Latios, M|299\/299
|
|turn|24
|c|âFardinFromPB|hmm
|c|âFardinFromPB|good question
|
|switch|p2a: Chansey|Chansey, F|701\/701
|-damage|p2a: Chansey|614\/701|[from] Stealth Rock
|move|p1a: Latios|Psyshock|p2a: Chansey
|-damage|p2a: Chansey|368\/701
|-damage|p1a: Latios|270\/299|[from] item: Life Orb
|
|turn|25
|c| alt7777777|x-scissor gogoat
|c|+SmashBrosBrawl|that better be cmind
|c| alt7777777|lgi
|c|+SmashBrosBrawl|chans
|
|move|p1a: Latios|Psyshock|p2a: Chansey
|-damage|p2a: Chansey|113\/701
|-damage|p1a: Latios|241\/299|[from] item: Life Orb
|move|p2a: Chansey|Soft-Boiled|p2a: Chansey
|-heal|p2a: Chansey|464\/701
|
|turn|26
|
|move|p1a: Latios|Psyshock|p2a: Chansey
|-damage|p2a: Chansey|237\/701
|-damage|p1a: Latios|212\/299|[from] item: Life Orb
|move|p2a: Chansey|Wish|p2a: Chansey
|
|turn|27
|c|âFardinFromPB|aight
|c|âFardinFromPB|lest see if i'm lucky
|leave|Chillingtilnoon
|c| mdianst|you arent
|c|âFardinFromPB|we'll see
|
|switch|p2a: Gogoat|Gogoat, F|450\/450
|-damage|p2a: Gogoat|394\/450|[from] Stealth Rock
|move|p1a: Latios|Psyshock|p2a: Gogoat
|-damage|p2a: Gogoat|135\/450
|-damage|p1a: Latios|183\/299|[from] item: Life Orb
|
|-heal|p2a: Gogoat|450\/450|[from] move: Wish|[wisher] Chansey
|turn|28
|c|âFardinFromPB|guud, didnt die :)
|c| mdianst|i thougth you stay in
|
|switch|p1a: Victini|Victini|369\/369
|move|p2a: Gogoat|Bulk Up|p2a: Gogoat
|-boost|p2a: Gogoat|atk|1
|-boost|p2a: Gogoat|def|1
|
|turn|29
|c|âFardinFromPB|lets see if i can survive
|c| Lady Biscotti|-dramatic drumroll-\
|
|switch|p2a: Garchomp|Garchomp-Mega, M|201\/420
|-damage|p2a: Garchomp|175\/420|[from] Stealth Rock
|move|p1a: Victini|V-create|p2a: Garchomp
|-resisted|p2a: Garchomp
|-damage|p2a: Garchomp|71\/420
|-unboost|p1a: Victini|def|1
|-unboost|p1a: Victini|spd|1
|-unboost|p1a: Victini|spe|1
|
|turn|30
|c| Lady Biscotti|...
|c| Lady Biscotti|You lied.
|c|âFardinFromPB|lets see if i outspeed
|
|switch|p1a: Landorus-Therian|Landorus-Therian, M|318\/369
|-ability|p1a: Landorus-Therian|Intimidate|[of] p2a: Garchomp
|-unboost|p2a: Garchomp|atk|1
|move|p2a: Garchomp|Rest|p2a: Garchomp
|-status|p2a: Garchomp|slp
|-heal|p2a: Garchomp|420\/420 slp|[silent]
|-status|p2a: Garchomp|slp|[from] move: Rest
|
|-heal|p1a: Landorus-Therian|341\/369|[from] item: Leftovers
|turn|31
|join|Snickered
|c|+SmashBrosBrawl|nb
|join|ModChatPlus
|
|cant|p2a: Garchomp|slp
|move|p2a: Garchomp|Sleep Talk|p2a: Garchomp
|move|p2a: Garchomp|Earthquake|p1a: Landorus-Therian|[from]Sleep Talk
|-immune|p1a: Landorus-Therian|[msg]
|move|p1a: Landorus-Therian|Earthquake|p2a: Garchomp
|-damage|p2a: Garchomp|302\/420 slp
|
|-heal|p1a: Landorus-Therian|364\/369|[from] item: Leftovers
|turn|32
|c| alt7777777|these sets, man
|join|tomi â¥ bello
|c|âFardinFromPB|fuck i gtg
|c|+SmashBrosBrawl|k
|leave|tomi â¥ bello
|c| u5ev|sure
|c| Snickered|sleep talk garchomp
|c| alt7777777|wcar got lucky
|c| shadowthorn|forfeit then
|c| u5ev|u gtg right when wcar is gonna try and kick ur ass
|c| alt7777777|dodging the bulk up gogoat today
|join|habajiga
|join|Geraldation
|leave|FardinFromPB
|player|p2
|join|leremyju
|leave|SmashBrosBrawl
|c| leremyju|Lol
|c| leremyju|fardin
|leave|leremyju
|c|âWECAMEASROMANS|for those saying i got lucky
|c|âWECAMEASROMANS|my latios sweeps his team now
|c|âWECAMEASROMANS|so that didnt matter
|c| alt7777777|yo, it was a joke haha
|c|âWECAMEASROMANS|n_n
|leave|Lady Biscotti
|leave|jeffrawr
|leave|alt7777777
|leave|mdianst
|-message|Player 2 lost due to inactivity.
|
|win|WECAMEASROMANS
|join|mdianst
|leave|Reverend
|leave|WECAMEASROMANS
|player|p1
|leave|mdianst
|leave|You Know Gasai
|leave|Geraldation
|join|FardinFromPB