|join|WECAMEASROMANS
|join|Galbano
|player|p1|WECAMEASROMANS|102
|player|p2|Galbano|238
|gametype|singles
|gen|6
|tier|OU
|rated
|clearpoke
|poke|p1|Thundurus, M
|poke|p1|Bisharp, F
|poke|p1|Crawdaunt, M
|poke|p1|Celebi
|poke|p1|Lopunny, M
|poke|p1|Landorus-Therian, M
|poke|p2|Gyarados, F
|poke|p2|Dragalge, M
|poke|p2|Magnezone
|poke|p2|Landorus-Therian, M
|poke|p2|Sylveon, F
|poke|p2|Latias, F
|rule|Swagger Clause: Swagger is banned
|rule|Baton Pass Clause: Limit one PokÃ©mon knowing Baton Pass
|rule|Sleep Clause Mod: Limit one foe put to sleep
|rule|Species Clause: Limit one of each PokÃ©mon
|rule|OHKO Clause: OHKO moves are banned
|rule|Moody Clause: Moody is banned
|rule|Evasion Moves Clause: Evasion moves are banned
|rule|Endless Battle Clause: Forcing endless battles is banned
|rule|HP Percentage Mod: HP is shown in percentages
|teampreview
|c|âGalbano|oh
|c|âGalbano|wao
|c|âGalbano|hi WECAME
|
|start
|switch|p1a: Thundurus|Thundurus, M|305\/305
|switch|p2a: Landorus-Therian|Landorus-Therian, M|320\/320
|-ability|p2a: Landorus-Therian|Intimidate|[of] p1a: Thundurus
|-unboost|p1a: Thundurus|atk|1
|turn|1
|c|âWECAMEASROMANS|hello
|
|switch|p2a: Sylveon|Sylveon, F|394\/394
|move|p1a: Thundurus|Hidden Power|p2a: Sylveon
|-damage|p2a: Sylveon|339\/394
|
|-heal|p2a: Sylveon|363\/394|[from] item: Leftovers
|turn|2
|c|âGalbano|i'm trying to use a M-Gyara + dragalge core lol
|
|switch|p1a: Celebi|Celebi|404\/404
|move|p2a: Sylveon|Hyper Voice|p1a: Celebi
|-damage|p1a: Celebi|295\/404
|
|-heal|p1a: Celebi|320\/404|[from] item: Leftovers
|-heal|p2a: Sylveon|387\/394|[from] item: Leftovers
|turn|3
|
|move|p1a: Celebi|Stealth Rock|p2a: Sylveon
|-sidestart|p2: Galbano|move: Stealth Rock
|move|p2a: Sylveon|Baton Pass|p2a: Sylveon
|
|switch|p2a: Dragalge|Dragalge, M|321\/321
|-damage|p2a: Dragalge|281\/321|[from] Stealth Rock
|
|-heal|p1a: Celebi|345\/404|[from] item: Leftovers
|turn|4
|join|Yuttt.annual
|
|move|p1a: Celebi|Baton Pass|p1a: Celebi
|
|switch|p1a: Bisharp|Bisharp, F|271\/271
|move|p2a: Dragalge|Draco Meteor|p1a: Bisharp
|-resisted|p1a: Bisharp
|-damage|p1a: Bisharp|0 fnt
|-unboost|p2a: Dragalge|spa|2
|faint|p1a: Bisharp
|
|
|switch|p1a: Lopunny|Lopunny, M|271\/271
|turn|5
|
|switch|p2a: Landorus-Therian|Landorus-Therian, M|320\/320
|-damage|p2a: Landorus-Therian|280\/320|[from] Stealth Rock
|-ability|p2a: Landorus-Therian|Intimidate|[of] p1a: Lopunny
|-unboost|p1a: Lopunny|atk|1
|detailschange|p1a: Lopunny|Lopunny-Mega, M
|-mega|p1a: Lopunny|Lopunny|Lopunnite
|move|p1a: Lopunny|Power-Up Punch|p2a: Landorus-Therian
|-resisted|p2a: Landorus-Therian
|-damage|p2a: Landorus-Therian|255\/320
|-boost|p1a: Lopunny|atk|1
|
|turn|6
|join|RagnarFR
|
|move|p1a: Lopunny|Return|p2a: Landorus-Therian
|-damage|p2a: Landorus-Therian|63\/320
|move|p2a: Landorus-Therian|Explosion|p1a: Lopunny
|-enditem|p2a: Landorus-Therian|Normal Gem|[from] gem|[move] Explosion
|-crit|p1a: Lopunny
|-damage|p1a: Lopunny|0 fnt
|faint|p2a: Landorus-Therian
|faint|p1a: Lopunny
|
|leave|RagnarFR
|
|switch|p1a: Thundurus|Thundurus, M|305\/305
|switch|p2a: Latias|Latias, F|319\/319
|-damage|p2a: Latias|280\/319|[from] Stealth Rock
|turn|7
|join|SeventyFive
|join|Bloodz
|
|move|p1a: Thundurus|Thunder Wave|p2a: Latias
|-status|p2a: Latias|par
|cant|p2a: Latias|par
|
|turn|8
|
|switch|p1a: Celebi|Celebi|345\/404
|move|p2a: Latias|Defog|p1a: Celebi
|-unboost|p1a: Celebi|evasion|1
|-sideend|p2: Galbano|Stealth Rock|[from] move: Defog|[of] p2a: Latias
|
|-heal|p1a: Celebi|370\/404|[from] item: Leftovers
|turn|9
|
|switch|p2a: Dragalge|Dragalge, M|281\/321
|move|p1a: Celebi|Stealth Rock|p2a: Dragalge
|-sidestart|p2: Galbano|move: Stealth Rock
|
|-heal|p1a: Celebi|395\/404|[from] item: Leftovers
|turn|10
|join|I'm Bi...sharp
|
|move|p1a: Celebi|Giga Drain|p2a: Dragalge
|-resisted|p2a: Dragalge
|-damage|p2a: Dragalge|264\/321
|-heal|p1a: Celebi|404\/404|[from] drain|[of] p2a: Dragalge
|move|p2a: Dragalge|Sludge Wave|p1a: Celebi
|-supereffective|p1a: Celebi
|-damage|p1a: Celebi|0 fnt
|faint|p1a: Celebi
|
|
|switch|p1a: Landorus-Therian|Landorus-Therian, M|325\/325
|-ability|p1a: Landorus-Therian|Intimidate|[of] p2a: Dragalge
|-unboost|p2a: Dragalge|atk|1
|turn|11
|
|switch|p2a: Magnezone|Magnezone|281\/281
|-damage|p2a: Magnezone|264\/281|[from] Stealth Rock
|move|p1a: Landorus-Therian|Swords Dance|p1a: Landorus-Therian
|-boost|p1a: Landorus-Therian|atk|2
|
|turn|12
|
|move|p2a: Magnezone|Flash Cannon|p1a: Landorus-Therian
|-damage|p1a: Landorus-Therian|139\/325
|move|p1a: Landorus-Therian|Earthquake|p2a: Magnezone
|-supereffective|p2a: Magnezone
|-damage|p2a: Magnezone|0 fnt
|faint|p2a: Magnezone
|
|-heal|p1a: Landorus-Therian|159\/325|[from] item: Leftovers
|c|âGalbano|oh fuck
|join|Arcanine is Regal
|
|switch|p2a: Gyarados|Gyarados, F|331\/331
|-damage|p2a: Gyarados|249\/331|[from] Stealth Rock
|-ability|p2a: Gyarados|Intimidate|[of] p1a: Landorus-Therian
|-unboost|p1a: Landorus-Therian|atk|1
|turn|13
|join|808 & Heartbreak
|
|detailschange|p2a: Gyarados|Gyarados-Mega, F
|-mega|p2a: Gyarados|Gyarados|Gyaradosite
|-ability|p2a: Gyarados|Mold Breaker
|move|p1a: Landorus-Therian|Stone Edge|p2a: Gyarados
|-damage|p2a: Gyarados|47\/331
|move|p2a: Gyarados|Waterfall|p1a: Landorus-Therian
|-supereffective|p1a: Landorus-Therian
|-damage|p1a: Landorus-Therian|0 fnt
|faint|p1a: Landorus-Therian
|
|c|âGalbano|so many people here D:
|
|switch|p1a: Thundurus|Thundurus, M|305\/305
|turn|14
|
|move|p1a: Thundurus|Thunderbolt|p2a: Gyarados
|-supereffective|p2a: Gyarados
|-damage|p2a: Gyarados|0 fnt
|faint|p2a: Gyarados
|
|c| I'm Bi...sharp|they're joining me galbano :\/
|c| I'm Bi...sharp|im shofu, nice to meet you
|
|switch|p2a: Dragalge|Dragalge, M|264\/321
|-damage|p2a: Dragalge|224\/321|[from] Stealth Rock
|turn|15
|join|Here to GG
|c| I'm Bi...sharp|HIT HIM WILL ALLA DAT
|c|âGalbano|nice to meet you lol
|
|move|p1a: Thundurus|Substitute|p1a: Thundurus
|-start|p1a: Thundurus|Substitute
|-damage|p1a: Thundurus|229\/305
|move|p2a: Dragalge|Sludge Wave|p1a: Thundurus
|-end|p1a: Thundurus|Substitute
|
|-heal|p1a: Thundurus|248\/305|[from] item: Leftovers
|turn|16
|c|âGalbano|i need to meet new people xD
|c| I'm Bi...sharp|welp
|c| Yuttt.ttttt|parahax
|leave|Bloodz
|c| Yuttt.ttttt|time
|
|move|p1a: Thundurus|Hidden Power|p2a: Dragalge
|-supereffective|p2a: Dragalge
|-damage|p2a: Dragalge|116\/321
|move|p2a: Dragalge|Sludge Wave|p1a: Thundurus
|-damage|p1a: Thundurus|0 fnt
|faint|p1a: Thundurus
|
|
|switch|p1a: Crawdaunt|Crawdaunt, M|267\/267
|turn|17
|c| I'm Bi...sharp|that just made this conversation weird
|leave|Here to GG
|
|move|p1a: Crawdaunt|Knock Off|p2a: Dragalge
|-damage|p2a: Dragalge|0 fnt
|-enditem|p2a: Dragalge|Choice Specs|[from] move: Knock Off|[of] p1a: Crawdaunt
|-damage|p1a: Crawdaunt|241\/267|[from] item: Life Orb
|faint|p2a: Dragalge
|
|c|âGalbano|lol
|
|switch|p2a: Sylveon|Sylveon, F|387\/394
|-damage|p2a: Sylveon|338\/394|[from] Stealth Rock
|turn|18
|join|Justin T4
|c|âGalbano|hope to tank it
|
|move|p1a: Crawdaunt|Crabhammer|p2a: Sylveon
|-damage|p2a: Sylveon|49\/394
|-damage|p1a: Crawdaunt|215\/267|[from] item: Life Orb
|move|p2a: Sylveon|Hyper Voice|p1a: Crawdaunt
|-supereffective|p1a: Crawdaunt
|-damage|p1a: Crawdaunt|0 fnt
|faint|p1a: Crawdaunt
|
|win|Galbano
|raw|Ladder updating...
|raw|WECAMEASROMANS's rating: 1622 &rarr; <strong>1594<\/strong><br \/>(-28 for losing)
|raw|Galbano's rating: 1482 &rarr; <strong>1510<\/strong><br \/>(+28 for winning)
|leave|WECAMEASROMANS
|leave|Arcanine is Regal
|c|âGalbano|yo
|player|p1
|leave|Yuttt.ttttt