|join|don't use mega
|join|WECAMEASROMANS
|player|p1|don't use mega|101
|player|p2|WECAMEASROMANS|265
|gametype|singles
|gen|6
|tier|OU
|rated
|clearpoke
|poke|p1|Tyranitar, F
|poke|p1|Gliscor, M
|poke|p1|Chansey, F
|poke|p1|Slowbro, M
|poke|p1|Quagsire, F
|poke|p1|Mandibuzz, F
|poke|p2|Thundurus, M
|poke|p2|Lopunny, M
|poke|p2|Landorus-Therian, M
|poke|p2|Bisharp, F
|poke|p2|Latios, M
|poke|p2|Victini
|rule|Swagger Clause: Swagger is banned
|rule|Baton Pass Clause: Limit one PokÃ©mon knowing Baton Pass
|rule|Sleep Clause Mod: Limit one foe put to sleep
|rule|Species Clause: Limit one of each PokÃ©mon
|rule|OHKO Clause: OHKO moves are banned
|rule|Moody Clause: Moody is banned
|rule|Evasion Moves Clause: Evasion moves are banned
|rule|Endless Battle Clause: Forcing endless battles is banned
|rule|HP Percentage Mod: HP is shown in percentages
|teampreview
|
|start
|switch|p1a: Slowbro|Slowbro, M|390\/390
|switch|p2a: Thundurus|Thundurus, M|299\/299
|turn|1
|join|UrsaReign
|join|ollopa
|
|switch|p1a: Chansey|Chansey, F|682\/682
|move|p2a: Thundurus|Nasty Plot|p2a: Thundurus
|-boost|p2a: Thundurus|spa|2
|
|turn|2
|
|move|p2a: Thundurus|Focus Blast|p1a: Chansey
|-supereffective|p1a: Chansey
|-damage|p1a: Chansey|240\/682
|-damage|p2a: Thundurus|270\/299|[from] item: Life Orb
|move|p1a: Chansey|Seismic Toss|p2a: Thundurus
|-damage|p2a: Thundurus|170\/299
|
|turn|3
|join|FunkyCrackudoCat
|c| FunkyCrackudoCat|hue ta ai stalleando a galera?
|join|bluri
|
|switch|p1a: Gliscor|Gliscor, M|350\/350
|move|p2a: Thundurus|Focus Blast|p1a: Gliscor|[miss]
|-miss|p2a: Thundurus|p1a: Gliscor
|
|-status|p1a: Gliscor|tox|[from] item: Toxic Orb
|turn|4
|c|âdon't use mega|tentando pelo menos
|c|âdon't use mega|rs
|join|kloshitt
|
|switch|p1a: Quagsire|Quagsire, F|394\/394
|move|p2a: Thundurus|Hidden Power|p1a: Quagsire
|-damage|p1a: Quagsire|268\/394
|-damage|p2a: Thundurus|141\/299|[from] item: Life Orb
|
|-heal|p1a: Quagsire|292\/394|[from] item: Leftovers
|turn|5
|c| FunkyCrackudoCat|nem digo que esse seu time inrrita demais
|c|âdon't use mega|:O
|
|move|p2a: Thundurus|Focus Blast|p1a: Quagsire
|-damage|p1a: Quagsire|57\/394
|-damage|p2a: Thundurus|112\/299|[from] item: Life Orb
|move|p1a: Quagsire|Recover|p1a: Quagsire
|-heal|p1a: Quagsire|254\/394
|
|-heal|p1a: Quagsire|278\/394|[from] item: Leftovers
|turn|6
|join|dan1el007
|leave|kloshitt
|c| FunkyCrackudoCat|errar focus blast ngm erra
|c| FunkyCrackudoCat|mas blz
|
|move|p2a: Thundurus|Focus Blast|p1a: Quagsire
|-damage|p1a: Quagsire|32\/394
|-damage|p2a: Thundurus|83\/299|[from] item: Life Orb
|move|p1a: Quagsire|Recover|p1a: Quagsire
|-heal|p1a: Quagsire|229\/394
|
|-heal|p1a: Quagsire|253\/394|[from] item: Leftovers
|turn|7
|c|âdon't use mega|nÃ©. . .
|c|âdon't use mega|sÃ³ precisa errar 1 vez
|
|move|p2a: Thundurus|Focus Blast|p1a: Quagsire|[miss]
|-miss|p2a: Thundurus|p1a: Quagsire
|move|p1a: Quagsire|Recover|p1a: Quagsire
|-heal|p1a: Quagsire|394\/394
|
|turn|8
|c| FunkyCrackudoCat|errou
|c|âdon't use mega|\O\/
|c|âdon't use mega|eu sempre acreditei
|leave|dan1el007
|
|move|p2a: Thundurus|Focus Blast|p1a: Quagsire
|-damage|p1a: Quagsire|156\/394
|-damage|p2a: Thundurus|54\/299|[from] item: Life Orb
|move|p1a: Quagsire|Recover|p1a: Quagsire
|-heal|p1a: Quagsire|353\/394
|
|-heal|p1a: Quagsire|377\/394|[from] item: Leftovers
|turn|9
|
|switch|p2a: Latios|Latios, M|301\/301
|move|p1a: Quagsire|Recover|p1a: Quagsire
|-heal|p1a: Quagsire|394\/394
|
|turn|10
|c| FunkyCrackudoCat|latios :v
|c| FunkyCrackudoCat|draco meteor na tua cara
|c|âdon't use mega|:O
|c|âdon't use mega|complicado em
|
|switch|p2a: Lopunny|Lopunny, M|271\/271
|switch|p1a: Gliscor|Gliscor, M|350\/350 tox
|
|turn|11
|c|âdon't use mega|vou atÃ© me retirar
|c| FunkyCrackudoCat|oia so
|leave|bluri
|c| FunkyCrackudoCat|e esse ice punch ai?
|
|switch|p2a: Landorus-Therian|Landorus-Therian, M|369\/369
|-ability|p2a: Landorus-Therian|Intimidate|[of] p1a: Gliscor
|-unboost|p1a: Gliscor|atk|1
|switch|p1a: Slowbro|Slowbro, M|390\/390
|
|turn|12
|c|âdon't use mega|kkkk
|c|âdon't use mega|serÃ¡ que eu levo esse ?
|c|âdon't use mega|e a maior pergunta: quantas vezes ? kkkkk
|
|move|p2a: Landorus-Therian|Stealth Rock|p1a: Slowbro
|-sidestart|p1: don't use mega|move: Stealth Rock
|move|p1a: Slowbro|Scald|p2a: Landorus-Therian
|-supereffective|p2a: Landorus-Therian
|-damage|p2a: Landorus-Therian|139\/369
|
|-heal|p2a: Landorus-Therian|162\/369|[from] item: Leftovers
|turn|13
|c| FunkyCrackudoCat|burn que eh bom nada
|c|âdon't use mega|ta de boas
|c|âdon't use mega|olha sÃ³ o proximo pokemon
|
|move|p2a: Landorus-Therian|U-turn|p1a: Slowbro
|-supereffective|p1a: Slowbro
|-damage|p1a: Slowbro|284\/390
|-damage|p2a: Landorus-Therian|101\/369|[from] item: Rocky Helmet|[of] p1a: Slowbro
|c|âdon't use mega|mad
|c| FunkyCrackudoCat|rocky helmet?
|
|switch|p2a: Latios|Latios, M|301\/301
|move|p1a: Slowbro|Toxic|p2a: Latios
|-status|p2a: Latios|tox
|
|-damage|p2a: Latios|283\/301 tox|[from] psn
|turn|14
|c| FunkyCrackudoCat|que loucura
|join|tyuiugfdgh
|c|âdon't use mega|massa
|c|âdon't use mega|haha
|join|CatchThisDead
|
|switch|p2a: Lopunny|Lopunny, M|271\/271
|switch|p1a: Tyranitar|Tyranitar, F|342\/342
|-damage|p1a: Tyranitar|300\/342|[from] Stealth Rock
|-weather|Sandstorm
|
|-weather|Sandstorm|[upkeep]
|-damage|p2a: Lopunny|255\/271|[from] sandstorm
|turn|15
|c| FunkyCrackudoCat|quando a pessoa tem ladder alta geral fica seguindo :v
|c|âdon't use mega|cai no conforto que aqui eu nÃ£o to pra esporro 8|
|
|switch|p1a: Slowbro|Slowbro, M|390\/390
|-damage|p1a: Slowbro|342\/390|[from] Stealth Rock
|detailschange|p2a: Lopunny|Lopunny-Mega, M
|-mega|p2a: Lopunny|Lopunny|Lopunnite
|move|p2a: Lopunny|Power-Up Punch|p1a: Slowbro
|-resisted|p1a: Slowbro
|-damage|p1a: Slowbro|312\/390
|-damage|p2a: Lopunny|210\/271|[from] item: Rocky Helmet|[of] p1a: Slowbro
|-boost|p2a: Lopunny|atk|1
|
|-weather|Sandstorm|[upkeep]
|-damage|p2a: Lopunny|194\/271|[from] sandstorm
|-damage|p1a: Slowbro|288\/390|[from] sandstorm
|turn|16
|c| FunkyCrackudoCat|me pergunto como vc tem paciencia pra jogar com stall .-.
|
|move|p2a: Lopunny|Return|p1a: Slowbro
|-damage|p1a: Slowbro|77\/390
|-damage|p2a: Lopunny|149\/271|[from] item: Rocky Helmet|[of] p1a: Slowbro
|move|p1a: Slowbro|Psyshock|p2a: Lopunny
|-supereffective|p2a: Lopunny
|-damage|p2a: Lopunny|0 fnt
|faint|p2a: Lopunny
|
|-weather|Sandstorm|[upkeep]
|-damage|p1a: Slowbro|53\/390|[from] sandstorm
|c|âdon't use mega|Ã© a vida mano
|
|switch|p2a: Bisharp|Bisharp, F|271\/271
|turn|17
|c| FunkyCrackudoCat|pq tu mudou de nick? :v
|
|switch|p1a: Quagsire|Quagsire, F|394\/394
|-damage|p1a: Quagsire|370\/394|[from] Stealth Rock
|move|p2a: Bisharp|Knock Off|p1a: Quagsire
|-damage|p1a: Quagsire|182\/394
|-enditem|p1a: Quagsire|Leftovers|[from] move: Knock Off|[of] p2a: Bisharp
|-damage|p2a: Bisharp|244\/271|[from] item: Life Orb
|
|-weather|Sandstorm|[upkeep]
|turn|18
|
|move|p2a: Bisharp|Iron Head|p1a: Quagsire
|-resisted|p1a: Quagsire
|-damage|p1a: Quagsire|108\/394
|-damage|p2a: Bisharp|217\/271|[from] item: Life Orb
|move|p1a: Quagsire|Recover|p1a: Quagsire
|-heal|p1a: Quagsire|305\/394
|
|-weather|none
|turn|19
|c|âdon't use mega|acho legal esse :P
|c|âdon't use mega|mas pergunta
|c|âdon't use mega|quem ai ? rs
|
|switch|p2a: Latios|Latios, M|283\/301 tox
|move|p1a: Quagsire|Recover|p1a: Quagsire
|-heal|p1a: Quagsire|394\/394
|
|-damage|p2a: Latios|265\/301 tox|[from] psn
|turn|20
|
|switch|p1a: Chansey|Chansey, F|240\/682
|-damage|p1a: Chansey|155\/682|[from] Stealth Rock
|move|p2a: Latios|Draco Meteor|p1a: Chansey
|-crit|p1a: Chansey
|-damage|p1a: Chansey|0 fnt
|-unboost|p2a: Latios|spa|2
|-damage|p2a: Latios|235\/301 tox|[from] item: Life Orb
|faint|p1a: Chansey
|
|-damage|p2a: Latios|199\/301 tox|[from] psn
|
|switch|p1a: Tyranitar|Tyranitar, F|300\/342
|-damage|p1a: Tyranitar|258\/342|[from] Stealth Rock
|-weather|Sandstorm
|turn|21
|c| FunkyCrackudoCat|:v
|
|move|p1a: Tyranitar|Pursuit|p2a: Latios|[from]Pursuit
|-supereffective|p2a: Latios
|-damage|p2a: Latios|0 fnt
|faint|p2a: Latios
|
|-weather|Sandstorm|[upkeep]
|c|âdon't use mega|kkkkk
|
|switch|p2a: Victini|Victini|365\/365
|turn|22
|c|âdon't use mega|tem que prever
|c| FunkyCrackudoCat|eu deduzir logo pelo time cancer
|c|âdon't use mega|os criticos ta lgd ?
|c| FunkyCrackudoCat|que era o hardpuzzle
|
|switch|p1a: Slowbro|Slowbro, M|183\/390
|-damage|p1a: Slowbro|135\/390|[from] Stealth Rock
|move|p2a: Victini|Power-Up Punch|p1a: Slowbro
|-crit|p1a: Slowbro
|-resisted|p1a: Slowbro
|-damage|p1a: Slowbro|111\/390
|-damage|p2a: Victini|305\/365|[from] item: Rocky Helmet|[of] p1a: Slowbro
|-boost|p2a: Victini|atk|1
|
|-weather|Sandstorm|[upkeep]
|-damage|p2a: Victini|283\/365|[from] sandstorm
|-damage|p1a: Slowbro|87\/390|[from] sandstorm
|-heal|p2a: Victini|305\/365|[from] item: Leftovers
|turn|23
|
|switch|p1a: Quagsire|Quagsire, F|394\/394
|-damage|p1a: Quagsire|370\/394|[from] Stealth Rock
|move|p2a: Victini|V-create|p1a: Quagsire
|-resisted|p1a: Quagsire
|-damage|p1a: Quagsire|246\/394
|-unboost|p2a: Victini|def|1
|-unboost|p2a: Victini|spd|1
|-unboost|p2a: Victini|spe|1
|
|-weather|Sandstorm|[upkeep]
|-damage|p2a: Victini|283\/365|[from] sandstorm
|-heal|p2a: Victini|305\/365|[from] item: Leftovers
|turn|24
|
|move|p2a: Victini|V-create|p1a: Quagsire
|-resisted|p1a: Quagsire
|-damage|p1a: Quagsire|136\/394
|-unboost|p2a: Victini|def|1
|-unboost|p2a: Victini|spd|1
|-unboost|p2a: Victini|spe|1
|move|p1a: Quagsire|Recover|p1a: Quagsire
|-heal|p1a: Quagsire|333\/394
|
|-weather|Sandstorm|[upkeep]
|-damage|p2a: Victini|283\/365|[from] sandstorm
|-heal|p2a: Victini|305\/365|[from] item: Leftovers
|turn|25
|c| FunkyCrackudoCat|victini com power up?
|
|move|p2a: Victini|V-create|p1a: Quagsire
|-resisted|p1a: Quagsire
|-damage|p1a: Quagsire|213\/394
|-unboost|p2a: Victini|def|1
|-unboost|p2a: Victini|spd|1
|-unboost|p2a: Victini|spe|1
|move|p1a: Quagsire|Recover|p1a: Quagsire
|-heal|p1a: Quagsire|394\/394
|
|-weather|none
|-heal|p2a: Victini|327\/365|[from] item: Leftovers
|turn|26
|c|âdon't use mega|pois Ã©
|
|move|p2a: Victini|V-create|p1a: Quagsire
|-resisted|p1a: Quagsire
|-damage|p1a: Quagsire|268\/394
|-unboost|p2a: Victini|def|1
|-unboost|p2a: Victini|spd|1
|-unboost|p2a: Victini|spe|1
|move|p1a: Quagsire|Toxic|p2a: Victini
|-status|p2a: Victini|tox
|
|-heal|p2a: Victini|349\/365 tox|[from] item: Leftovers
|-damage|p2a: Victini|327\/365 tox|[from] psn
|turn|27
|-message|WECAMEASROMANS forfeited.
|leave|WECAMEASROMANS
|
|win|don't use mega
|raw|Ladder updating...
|player|p2
|c| FunkyCrackudoCat|essa galera ta zuera dms
|raw|don&apos;t use mega's rating: 1785 &rarr; <strong>1802<\/strong><br \/>(+17 for winning)
|raw|WECAMEASROMANS's rating: 1728 &rarr; <strong>1711<\/strong><br \/>(-17 for losing)