|join|SMooty
|join|WECAMEASROMANS
|join|Evil King Arthur
|player|p1|SMooty|273
|player|p2|WECAMEASROMANS|266
|gametype|singles
|gen|6
|tier|OU
|clearpoke
|poke|p1|Magnezone
|poke|p1|Amoonguss, M
|poke|p1|Bisharp, M
|poke|p1|Garchomp, F
|poke|p1|Hawlucha, M
|poke|p1|Heracross, M
|poke|p2|Tornadus-Therian, M
|poke|p2|Victini
|poke|p2|Tentacruel, F
|poke|p2|Venusaur, M
|poke|p2|Hippowdon, F
|poke|p2|Clefable, F
|rule|Swagger Clause: Swagger is banned
|rule|Baton Pass Clause: Limit one PokÃ©mon knowing Baton Pass
|rule|Sleep Clause Mod: Limit one foe put to sleep
|rule|Species Clause: Limit one of each PokÃ©mon
|rule|OHKO Clause: OHKO moves are banned
|rule|Moody Clause: Moody is banned
|rule|Evasion Moves Clause: Evasion moves are banned
|rule|Endless Battle Clause: Forcing endless battles is banned
|rule|HP Percentage Mod: HP is shown in percentages
|teampreview
|
|start
|switch|p1a: Garchomp|Garchomp, F|420\/420
|switch|p2a: Hippowdon|Hippowdon, F|416\/416
|turn|1
|join|klasjdoa
|join|Dallasboi1992
|join|WeLikeIke
|
|move|p1a: Garchomp|Stealth Rock|p2a: Hippowdon
|-sidestart|p2: WECAMEASROMANS|move: Stealth Rock
|move|p2a: Hippowdon|Stealth Rock|p1a: Garchomp
|-sidestart|p1: SMooty|move: Stealth Rock
|
|turn|2
|c| klasjdoa|why stall? T_T
|join|angelswag
|c|âSMooty|o.o
|c| Evil King Arthur|its not stall
|join|Hellochi
|c|âSMooty|im not stall
|
|move|p2a: Hippowdon|Earthquake|p1a: Garchomp
|-damage|p1a: Garchomp|327\/420
|move|p1a: Garchomp|Dragon Tail|p2a: Hippowdon
|-damage|p2a: Hippowdon|358\/416
|drag|p2a: Tornadus-Therian|Tornadus-Therian, M|332\/332
|-damage|p2a: Tornadus-Therian|249\/332|[from] Stealth Rock
|
|turn|3
|c|âSMooty|i don't think so
|c| Evil King Arthur|amoongus is the only stall mon
|c| klasjdoa|wecameas is
|c| Evil King Arthur|victini stall
|c| Evil King Arthur|nice
|
|switch|p2a: Clefable|Clefable, F|393\/393
|move|p1a: Garchomp|Dragon Tail|p2a: Clefable
|-immune|p2a: Clefable|[msg]
|
|turn|4
|c| klasjdoa|Victini can be bulky, you know
|c| klasjdoa|and hippo + venu + tenta makes me think about stall
|c| Evil King Arthur|victini is better as a wall breaker
|c| Dallasboi1992|All around base 100 stats
|
|switch|p1a: Amoonguss|Amoonguss, M|432\/432
|-damage|p1a: Amoonguss|378\/432|[from] Stealth Rock
|move|p2a: Clefable|Moonblast|p1a: Amoonguss
|-resisted|p1a: Amoonguss
|-damage|p1a: Amoonguss|326\/432
|
|-heal|p1a: Amoonguss|353\/432|[from] item: Black Sludge
|turn|5
|c| klasjdoa|altho this magic guard clef shouldn't be defensive
|
|switch|p2a: Venusaur|Venusaur, M|363\/363
|-damage|p2a: Venusaur|318\/363|[from] Stealth Rock
|move|p1a: Amoonguss|Clear Smog|p2a: Venusaur
|-damage|p2a: Venusaur|275\/363
|-clearboost|p2a: Venusaur
|
|-heal|p1a: Amoonguss|380\/432|[from] item: Black Sludge
|turn|6
|
|detailschange|p2a: Venusaur|Venusaur-Mega, M
|-mega|p2a: Venusaur|Venusaur|Venusaurite
|move|p2a: Venusaur|Knock Off|p1a: Amoonguss
|-damage|p1a: Amoonguss|317\/432
|-enditem|p1a: Amoonguss|Black Sludge|[from] move: Knock Off|[of] p2a: Venusaur
|move|p1a: Amoonguss|Clear Smog|p2a: Venusaur
|-damage|p2a: Venusaur|236\/363
|-clearboost|p2a: Venusaur
|
|turn|7
|
|switch|p1a: Magnezone|Magnezone|324\/324
|-damage|p1a: Magnezone|304\/324|[from] Stealth Rock
|move|p2a: Venusaur|Synthesis|p2a: Venusaur
|-heal|p2a: Venusaur|363\/363
|
|turn|8
|
|move|p2a: Venusaur|Leech Seed|p1a: Magnezone
|-start|p1a: Magnezone|move: Leech Seed
|move|p1a: Magnezone|Volt Switch|p2a: Venusaur
|-resisted|p2a: Venusaur
|-damage|p2a: Venusaur|288\/363
|
|switch|p1a: Hawlucha|Hawlucha, M|300\/300
|-damage|p1a: Hawlucha|263\/300|[from] Stealth Rock
|
|turn|9
|
|switch|p2a: Clefable|Clefable, F|393\/393
|move|p1a: Hawlucha|Substitute|p1a: Hawlucha
|-start|p1a: Hawlucha|Substitute
|-damage|p1a: Hawlucha|188\/300
|
|turn|10
|
|move|p1a: Hawlucha|Swords Dance|p1a: Hawlucha
|-boost|p1a: Hawlucha|atk|2
|move|p2a: Clefable|Moonblast|p1a: Hawlucha
|-supereffective|p1a: Hawlucha
|-end|p1a: Hawlucha|Substitute
|
|turn|11
|leave|angelswag
|
|move|p1a: Hawlucha|Substitute|p1a: Hawlucha
|-start|p1a: Hawlucha|Substitute
|-damage|p1a: Hawlucha|113\/300
|-enditem|p1a: Hawlucha|Sitrus Berry|[eat]
|-heal|p1a: Hawlucha|188\/300|[from] item: Sitrus Berry
|move|p2a: Clefable|Moonblast|p1a: Hawlucha
|-crit|p1a: Hawlucha
|-supereffective|p1a: Hawlucha
|-end|p1a: Hawlucha|Substitute
|
|turn|12
|
|move|p1a: Hawlucha|Substitute|p1a: Hawlucha
|-start|p1a: Hawlucha|Substitute
|-damage|p1a: Hawlucha|113\/300
|move|p2a: Clefable|Moonblast|p1a: Hawlucha
|-supereffective|p1a: Hawlucha
|-end|p1a: Hawlucha|Substitute
|
|turn|13
|c| klasjdoa|...
|c| klasjdoa|why?
|join|Cryolite
|c| Dallasboi1992|Switch predicting
|
|move|p1a: Hawlucha|Acrobatics|p2a: Clefable
|-damage|p2a: Clefable|78\/393
|move|p2a: Clefable|Moonblast|p1a: Hawlucha
|-supereffective|p1a: Hawlucha
|-damage|p1a: Hawlucha|0 fnt
|faint|p1a: Hawlucha
|
|-heal|p2a: Clefable|102\/393|[from] item: Leftovers
|c| Cryolite|rekt
|c| klasjdoa|that's def what someone would do
|c| klasjdoa|lol
|c| klasjdoa|setup too early, yeah
|c|âSMooty|:\/
|
|switch|p1a: Amoonguss|Amoonguss, M|432\/432
|-damage|p1a: Amoonguss|378\/432|[from] Stealth Rock
|turn|14
|c| Cryolite|nothing was taking torn-t tbh
|
|move|p2a: Clefable|Soft-Boiled|p2a: Clefable
|-heal|p2a: Clefable|299\/393
|move|p1a: Amoonguss|Clear Smog|p2a: Clefable
|-supereffective|p2a: Clefable
|-damage|p2a: Clefable|201\/393
|-clearboost|p2a: Clefable
|
|-heal|p2a: Clefable|225\/393|[from] item: Leftovers
|turn|15
|
|switch|p1a: Magnezone|Magnezone|304\/324
|-damage|p1a: Magnezone|284\/324|[from] Stealth Rock
|move|p2a: Clefable|Soft-Boiled|p2a: Clefable
|-heal|p2a: Clefable|393\/393
|
|turn|16
|
|switch|p2a: Hippowdon|Hippowdon, F|358\/416
|-damage|p2a: Hippowdon|332\/416|[from] Stealth Rock
|move|p1a: Magnezone|Flash Cannon|p2a: Hippowdon
|-damage|p2a: Hippowdon|64\/416
|
|-heal|p2a: Hippowdon|90\/416|[from] item: Leftovers
|turn|17
|
|move|p1a: Magnezone|Flash Cannon|p2a: Hippowdon
|-damage|p2a: Hippowdon|0 fnt
|faint|p2a: Hippowdon
|
|join|Avarice87
|leave|klasjdoa
|
|switch|p2a: Tentacruel|Tentacruel, F|363\/363
|-damage|p2a: Tentacruel|318\/363|[from] Stealth Rock
|turn|18
|
|switch|p1a: Amoonguss|Amoonguss, M|432\/432
|-damage|p1a: Amoonguss|378\/432|[from] Stealth Rock
|move|p2a: Tentacruel|Scald|p1a: Amoonguss
|-resisted|p1a: Amoonguss
|-damage|p1a: Amoonguss|340\/432
|-status|p1a: Amoonguss|brn
|
|-heal|p2a: Tentacruel|340\/363|[from] item: Black Sludge
|-damage|p1a: Amoonguss|286\/432 brn|[from] brn
|turn|19
|c| Avarice87|Sending in a Tentacruel against a Magnezone?
|c| Avarice87|Seems legit
|leave|Dallasboi1992
|c|âSMooty|he knew it was prob choice
|c| Cryolite|its locked
|c| Avarice87|Oh he was choice locked?
|c| Avarice87|Seems about right
|c|âSMooty|as standard magnezone
|c| Cryolite|that's sdef hippo
|c| Cryolite|looking at his team
|
|move|p2a: Tentacruel|Rapid Spin|p1a: Amoonguss
|-damage|p1a: Amoonguss|276\/432 brn
|-sideend|p2: WECAMEASROMANS|Stealth Rock|[from] move: Rapid Spin|[of] p2a: Tentacruel
|move|p1a: Amoonguss|Spore|p2a: Tentacruel
|-status|p2a: Tentacruel|slp
|
|-heal|p2a: Tentacruel|362\/363 slp|[from] item: Black Sludge
|-damage|p1a: Amoonguss|222\/432 brn|[from] brn
|turn|20
|join|Dallasboi1992
|
|switch|p2a: Tornadus-Therian|Tornadus-Therian, M|332\/332
|move|p1a: Amoonguss|Giga Drain|p2a: Tornadus-Therian
|-crit|p2a: Tornadus-Therian
|-resisted|p2a: Tornadus-Therian
|-damage|p2a: Tornadus-Therian|287\/332
|-heal|p1a: Amoonguss|245\/432 brn|[from] drain|[of] p2a: Tornadus-Therian
|
|-damage|p1a: Amoonguss|191\/432 brn|[from] brn
|turn|21
|c| Dallasboi1992|That's better
|c| Dallasboi1992|Had to refresh my browser
|c| Cryolite|here it comes
|
|switch|p1a: Garchomp|Garchomp, F|327\/420
|-damage|p1a: Garchomp|301\/420|[from] Stealth Rock
|move|p2a: Tornadus-Therian|Hurricane|p1a: Garchomp|[miss]
|-miss|p2a: Tornadus-Therian|p1a: Garchomp
|
|turn|22
|c| Cryolite|lame af
|
|move|p2a: Tornadus-Therian|Hurricane|p1a: Garchomp
|-damage|p1a: Garchomp|111\/420
|move|p1a: Garchomp|Stealth Rock|p2a: Tornadus-Therian
|-sidestart|p2: WECAMEASROMANS|move: Stealth Rock
|
|turn|23
|
|move|p2a: Tornadus-Therian|Hurricane|p1a: Garchomp
|-damage|p1a: Garchomp|0 fnt
|faint|p1a: Garchomp
|
|c| Cryolite|if he can land hurricanes
|c| Cryolite|its gg
|
|switch|p1a: Magnezone|Magnezone|284\/324
|-damage|p1a: Magnezone|264\/324|[from] Stealth Rock
|turn|24
|join|Jukain
|c|+Jukain|WECAMEASAGIRAFFE
|c| Avarice87|Howdy Jukain
|c| Dallasboi1992|Hey
|
|switch|p2a: Venusaur|Venusaur-Mega, M|288\/363
|-damage|p2a: Venusaur|243\/363|[from] Stealth Rock
|move|p1a: Magnezone|Volt Switch|p2a: Venusaur
|-crit|p2a: Venusaur
|-resisted|p2a: Venusaur
|-damage|p2a: Venusaur|121\/363
|c| Avarice87|I like you Jukain
|c| Avarice87|You seem cool
|
|switch|p1a: Heracross|Heracross, M|301\/301
|-damage|p1a: Heracross|264\/301|[from] Stealth Rock
|
|turn|25
|c| Dallasboi1992|Jukain's a cool guy
|c| Avarice87|I can be cool too
|join|CoolTrainerShadow
|
|switch|p2a: Tentacruel|Tentacruel, F|362\/363 slp
|-damage|p2a: Tentacruel|317\/363 slp|[from] Stealth Rock
|detailschange|p1a: Heracross|Heracross-Mega, M
|-mega|p1a: Heracross|Heracross|Heracronite
|move|p1a: Heracross|Pin Missile|p2a: Tentacruel
|-resisted|p2a: Tentacruel
|-damage|p2a: Tentacruel|284\/363 slp
|-resisted|p2a: Tentacruel
|-damage|p2a: Tentacruel|251\/363 slp
|-resisted|p2a: Tentacruel
|-damage|p2a: Tentacruel|219\/363 slp
|-resisted|p2a: Tentacruel
|-damage|p2a: Tentacruel|189\/363 slp
|-resisted|p2a: Tentacruel
|-damage|p2a: Tentacruel|158\/363 slp
|-hitcount|p2a: Tentacruel|5
|
|-heal|p2a: Tentacruel|180\/363 slp|[from] item: Black Sludge
|turn|26
|c| Cryolite|inb4 sub
|
|move|p1a: Heracross|Substitute|p1a: Heracross
|-start|p1a: Heracross|Substitute
|-damage|p1a: Heracross|189\/301
|cant|p2a: Tentacruel|slp
|
|-heal|p2a: Tentacruel|202\/363 slp|[from] item: Black Sludge
|turn|27
|c| Cryolite|yeah wcar's lost
|
|move|p1a: Heracross|Pin Missile|p2a: Tentacruel
|-resisted|p2a: Tentacruel
|-damage|p2a: Tentacruel|169\/363 slp
|-resisted|p2a: Tentacruel
|-damage|p2a: Tentacruel|136\/363 slp
|-resisted|p2a: Tentacruel
|-damage|p2a: Tentacruel|105\/363 slp
|-crit|p2a: Tentacruel
|-resisted|p2a: Tentacruel
|-damage|p2a: Tentacruel|62\/363 slp
|-resisted|p2a: Tentacruel
|-damage|p2a: Tentacruel|32\/363 slp
|-hitcount|p2a: Tentacruel|5
|cant|p2a: Tentacruel|slp
|
|-heal|p2a: Tentacruel|54\/363 slp|[from] item: Black Sludge
|turn|28
|join|abcdefghitony
|join|Agilis
|
|move|p1a: Heracross|Pin Missile|p2a: Tentacruel
|-resisted|p2a: Tentacruel
|-damage|p2a: Tentacruel|21\/363 slp
|-resisted|p2a: Tentacruel
|-damage|p2a: Tentacruel|0 fnt
|-hitcount|p2a: Tentacruel|2
|faint|p2a: Tentacruel
|
|
|switch|p2a: Clefable|Clefable, F|393\/393
|turn|29
|
|move|p1a: Heracross|Rock Blast|p2a: Clefable
|-damage|p2a: Clefable|348\/393
|-damage|p2a: Clefable|309\/393
|-damage|p2a: Clefable|266\/393
|-damage|p2a: Clefable|222\/393
|-damage|p2a: Clefable|182\/393
|-hitcount|p2a: Clefable|5
|move|p2a: Clefable|Moonblast|p1a: Heracross
|-supereffective|p1a: Heracross
|-end|p1a: Heracross|Substitute
|
|-heal|p2a: Clefable|206\/393|[from] item: Leftovers
|turn|30
|c| Cryolite|damage rolls
|
|move|p1a: Heracross|Rock Blast|p2a: Clefable
|-damage|p2a: Clefable|167\/393
|-damage|p2a: Clefable|126\/393
|-damage|p2a: Clefable|82\/393
|-damage|p2a: Clefable|40\/393
|-damage|p2a: Clefable|1\/393
|-hitcount|p2a: Clefable|5
|move|p2a: Clefable|Soft-Boiled|p2a: Clefable
|-heal|p2a: Clefable|198\/393
|
|-heal|p2a: Clefable|222\/393|[from] item: Leftovers
|turn|31
|c|âSMooty|:X
|c| Cryolite|OOOOOOOOOOOOOO
|c| Cryolite|crit
|
|move|p1a: Heracross|Rock Blast|p2a: Clefable
|-damage|p2a: Clefable|176\/393
|-damage|p2a: Clefable|131\/393
|-damage|p2a: Clefable|92\/393
|-damage|p2a: Clefable|47\/393
|-damage|p2a: Clefable|3\/393
|-hitcount|p2a: Clefable|5
|move|p2a: Clefable|Moonblast|p1a: Heracross
|-supereffective|p1a: Heracross
|-damage|p1a: Heracross|0 fnt
|faint|p1a: Heracross
|
|-heal|p2a: Clefable|27\/393|[from] item: Leftovers
|join|Reskk
|c| Cryolite|lol
|leave|Reskk
|c| Dallasboi1992|The rolls
|c| Cryolite|sharp
|c| Cryolite|can sweep
|
|switch|p1a: Bisharp|Bisharp, M|271\/271
|-damage|p1a: Bisharp|255\/271|[from] Stealth Rock
|turn|32
|c| Cryolite|if its LO
|c| Cryolite|it ohkoes everything from here
|c| Cryolite|if not wcar gotta rely on them next gen hurricane hits
|
|move|p1a: Bisharp|Sucker Punch|p2a: Clefable
|-resisted|p2a: Clefable
|-damage|p2a: Clefable|0 fnt
|faint|p2a: Clefable
|
|c|âSMooty|not Lo :x
|
|switch|p2a: Tornadus-Therian|Tornadus-Therian, M|332\/332
|-damage|p2a: Tornadus-Therian|249\/332|[from] Stealth Rock
|turn|33
|c| Cryolite|blackglasses?
|c|âSMooty|mhm
|c| Cryolite|lemme calc
|
|move|p2a: Tornadus-Therian|Focus Blast|p1a: Bisharp
|-supereffective|p1a: Bisharp
|-damage|p1a: Bisharp|0 fnt
|faint|p1a: Bisharp
|
|c|âSMooty|ough
|c|âSMooty|ouch
|c| Cryolite|why
|c| Cryolite|sac amoon
|
|switch|p1a: Magnezone|Magnezone|264\/324
|-damage|p1a: Magnezone|244\/324|[from] Stealth Rock
|turn|34
|
|move|p2a: Tornadus-Therian|Focus Blast|p1a: Magnezone
|-supereffective|p1a: Magnezone
|-damage|p1a: Magnezone|0 fnt
|faint|p1a: Magnezone
|
|c|âSMooty|i lose
|leave|abcdefghitony
|c| Cryolite|you almost had it
|
|switch|p1a: Amoonguss|Amoonguss, M|335\/432 brn
|-damage|p1a: Amoonguss|281\/432 brn|[from] Stealth Rock
|turn|35
|
|move|p2a: Tornadus-Therian|Hurricane|p1a: Amoonguss
|-supereffective|p1a: Amoonguss
|-damage|p1a: Amoonguss|0 fnt
|faint|p1a: Amoonguss
|
|win|WECAMEASROMANS
|c|âWECAMEASROMANS|gg
|c|âSMooty|gg
|leave|WECAMEASROMANS
|leave|Dallasboi1992
|player|p2
|leave|WeLikeIke
|leave|SMooty
|leave|Avarice87
|player|p1
|c| Cryolite|252+ Atk Black Glasses Bisharp Sucker Punch vs. 4 HP \/ 0 Def Tornadus-T: 202-238 (67.3 - 79.3%) -- 37.5% chance to OHKO after Stealth Rock
|c| Cryolite|there was more than 50% chance
|leave|Cryolite