|join|WECAMEASROMANS
|join|CleanerThanRotom-W
|player|p1|WECAMEASROMANS|1
|player|p2|CleanerThanRotom-W|226
|gametype|singles
|gen|6
|tier|OU
|rated
|clearpoke
|poke|p1|Metagross
|poke|p1|Crawdaunt, M
|poke|p1|Bisharp, F
|poke|p1|Heatran, M
|poke|p1|Latios, M
|poke|p1|Landorus-Therian, M
|poke|p2|Sableye, M
|poke|p2|Chansey, F
|poke|p2|Cresselia, F
|poke|p2|Gothitelle, F
|poke|p2|Skarmory, F
|poke|p2|Quagsire, M
|rule|Swagger Clause: Swagger is banned
|rule|Baton Pass Clause: Limit one PokÃ©mon knowing Baton Pass
|rule|Sleep Clause Mod: Limit one foe put to sleep
|rule|Species Clause: Limit one of each PokÃ©mon
|rule|OHKO Clause: OHKO moves are banned
|rule|Moody Clause: Moody is banned
|rule|Evasion Moves Clause: Evasion moves are banned
|rule|Endless Battle Clause: Forcing endless battles is banned
|rule|HP Percentage Mod: HP is shown in percentages
|teampreview
|c|âWECAMEASROMANS|gl
|c|âCleanerThanRotom-W|gl
|
|start
|switch|p1a: Heatran|Heatran, M|323\/323
|switch|p2a: Sableye|Sableye, M|303\/303
|turn|1
|
|detailschange|p2a: Sableye|Sableye-Mega, M
|-mega|p2a: Sableye|Sableye|Sablenite
|move|p1a: Heatran|Magma Storm|p2a: Sableye
|-damage|p2a: Sableye|185\/303
|-activate|p2a: Sableye|move: Magma Storm|[of] p1a: Heatran
|move|p2a: Sableye|Snarl|p1a: Heatran
|-crit|p1a: Heatran
|-damage|p1a: Heatran|241\/323
|-unboost|p1a: Heatran|spa|1
|
|-damage|p2a: Sableye|148\/303|[from] move: Magma Storm|[partiallytrapped]
|turn|2
|
|switch|p2a: Gothitelle|Gothitelle, F|301\/301
|move|p1a: Heatran|Magma Storm|p2a: Gothitelle
|-damage|p2a: Gothitelle|184\/301
|-activate|p2a: Gothitelle|move: Magma Storm|[of] p1a: Heatran
|
|-damage|p2a: Gothitelle|147\/301|[from] move: Magma Storm|[partiallytrapped]
|turn|3
|
|move|p2a: Gothitelle|Trick|p1a: Heatran
|-activate|p2a: Gothitelle|move: Trick|[of] p1a: Heatran
|-item|p1a: Heatran|Choice Scarf|[from] move: Trick
|-item|p2a: Gothitelle|Chople Berry|[from] move: Trick
|move|p1a: Heatran|Stealth Rock|p2a: Gothitelle
|-sidestart|p2: CleanerThanRotom-W|move: Stealth Rock
|
|-damage|p2a: Gothitelle|110\/301|[from] move: Magma Storm|[partiallytrapped]
|turn|4
|
|move|p1a: Heatran|Stealth Rock|p2a: Gothitelle
|-fail|p2a: Gothitelle
|move|p2a: Gothitelle|Rest|p2a: Gothitelle
|-status|p2a: Gothitelle|slp
|-heal|p2a: Gothitelle|301\/301 slp|[silent]
|-status|p2a: Gothitelle|slp|[from] move: Rest
|
|-damage|p2a: Gothitelle|264\/301 slp|[from] move: Magma Storm|[partiallytrapped]
|turn|5
|
|move|p1a: Heatran|Stealth Rock|p2a: Gothitelle
|-fail|p2a: Gothitelle
|cant|p2a: Gothitelle|slp
|
|-damage|p2a: Gothitelle|227\/301 slp|[from] move: Magma Storm|[partiallytrapped]
|turn|6
|
|move|p1a: Heatran|Stealth Rock|p2a: Gothitelle
|-fail|p2a: Gothitelle
|cant|p2a: Gothitelle|slp
|
|-end|p2a: Gothitelle|Magma Storm|[partiallytrapped]
|turn|7
|
|move|p1a: Heatran|Stealth Rock|p2a: Gothitelle
|-fail|p2a: Gothitelle
|-curestatus|p2a: Gothitelle|slp
|move|p2a: Gothitelle|Calm Mind|p2a: Gothitelle
|-boost|p2a: Gothitelle|spa|1
|-boost|p2a: Gothitelle|spd|1
|
|turn|8
|join|leremyju
|join|xTraSmallDick
|
|move|p1a: Heatran|Stealth Rock|p2a: Gothitelle
|-fail|p2a: Gothitelle
|move|p2a: Gothitelle|Psychic|p1a: Heatran
|-resisted|p1a: Heatran
|-damage|p1a: Heatran|158\/323
|
|turn|9
|
|move|p1a: Heatran|Stealth Rock|p2a: Gothitelle
|-fail|p2a: Gothitelle
|move|p2a: Gothitelle|Psychic|p1a: Heatran
|-resisted|p1a: Heatran
|-damage|p1a: Heatran|72\/323
|
|turn|10
|
|switch|p2a: Skarmory|Skarmory, F|334\/334
|-damage|p2a: Skarmory|293\/334|[from] Stealth Rock
|move|p1a: Heatran|Stealth Rock|p2a: Skarmory
|-fail|p2a: Skarmory
|
|turn|11
|join|SwaggBoii
|
|switch|p1a: Crawdaunt|Crawdaunt, M|267\/267
|move|p2a: Skarmory|Defog|p1a: Crawdaunt
|-unboost|p1a: Crawdaunt|evasion|1
|-sideend|p2: CleanerThanRotom-W|Stealth Rock|[from] move: Defog|[of] p2a: Skarmory
|
|turn|12
|
|move|p1a: Crawdaunt|Swords Dance|p1a: Crawdaunt
|-boost|p1a: Crawdaunt|atk|2
|move|p2a: Skarmory|Counter|p1a: Crawdaunt
|-fail|p1a: Crawdaunt
|
|turn|13
|join|Panda Problems 2.0
|
|switch|p2a: Gothitelle|Gothitelle, F|227\/301
|move|p1a: Crawdaunt|Crabhammer|p2a: Gothitelle
|-damage|p2a: Gothitelle|0 fnt
|-damage|p1a: Crawdaunt|241\/267|[from] item: Life Orb
|faint|p2a: Gothitelle
|
|c| leremyju|Oh fk
|
|switch|p2a: Quagsire|Quagsire, M|393\/393
|turn|14
|join|Avarice87
|
|move|p1a: Crawdaunt|Knock Off|p2a: Quagsire
|-damage|p2a: Quagsire|154\/393
|-enditem|p2a: Quagsire|Leftovers|[from] move: Knock Off|[of] p1a: Crawdaunt
|-damage|p1a: Crawdaunt|215\/267|[from] item: Life Orb
|move|p2a: Quagsire|Toxic|p1a: Crawdaunt
|-status|p1a: Crawdaunt|tox
|
|-damage|p1a: Crawdaunt|199\/267 tox|[from] psn
|turn|15
|
|switch|p2a: Sableye|Sableye-Mega, M|148\/303
|move|p1a: Crawdaunt|Crabhammer|p2a: Sableye
|-damage|p2a: Sableye|0 fnt
|-damage|p1a: Crawdaunt|173\/267 tox|[from] item: Life Orb
|faint|p2a: Sableye
|
|-damage|p1a: Crawdaunt|141\/267 tox|[from] psn
|join|yrs
|
|switch|p2a: Chansey|Chansey, F|703\/703
|turn|16
|
|move|p1a: Crawdaunt|Knock Off|p2a: Chansey
|-damage|p2a: Chansey|0 fnt
|-enditem|p2a: Chansey|Eviolite|[from] move: Knock Off|[of] p1a: Crawdaunt
|-damage|p1a: Crawdaunt|115\/267 tox|[from] item: Life Orb
|faint|p2a: Chansey
|
|-damage|p1a: Crawdaunt|67\/267 tox|[from] psn
|c| yrs|welp gg
|join|jolird
|
|switch|p2a: Skarmory|Skarmory, F|293\/334
|turn|17
|c| jolird|rotom's team has a huge weakness to sd crawd
|
|switch|p2a: Quagsire|Quagsire, M|154\/393
|move|p1a: Crawdaunt|Crabhammer|p2a: Quagsire
|-damage|p2a: Quagsire|0 fnt
|-damage|p1a: Crawdaunt|41\/267 tox|[from] item: Life Orb
|faint|p2a: Quagsire
|
|-damage|p1a: Crawdaunt|0 fnt|[from] psn
|faint|p1a: Crawdaunt
|c| leremyju|No shit
|c| Panda Problems 2.0|lol
|c| leremyju|But daunt is a wallbreaker
|
|switch|p1a: Heatran|Heatran, M|72\/323
|switch|p2a: Cresselia|Cresselia, F|444\/444
|turn|18
|
|move|p1a: Heatran|Magma Storm|p2a: Cresselia
|-damage|p2a: Cresselia|324\/444
|-activate|p2a: Cresselia|move: Magma Storm|[of] p1a: Heatran
|move|p2a: Cresselia|Psyshock|p1a: Heatran
|-resisted|p1a: Heatran
|-damage|p1a: Heatran|39\/323
|
|-heal|p2a: Cresselia|351\/444|[from] item: Leftovers
|-damage|p2a: Cresselia|296\/444|[from] move: Magma Storm|[partiallytrapped]
|turn|19
|
|switch|p1a: Bisharp|Bisharp, F|269\/269
|move|p2a: Cresselia|Moonlight|p2a: Cresselia
|-heal|p2a: Cresselia|444\/444
|
|-end|p2a: Cresselia|Magma Storm|[partiallytrapped]
|turn|20
|join|Justin t5
|
|switch|p2a: Skarmory|Skarmory, F|293\/334
|move|p1a: Bisharp|Swords Dance|p1a: Bisharp
|-boost|p1a: Bisharp|atk|2
|
|turn|21
|c| leremyju|Oml
|
|move|p1a: Bisharp|Knock Off|p2a: Skarmory
|-damage|p2a: Skarmory|40\/334
|-enditem|p2a: Skarmory|Shed Shell|[from] move: Knock Off|[of] p1a: Bisharp
|-damage|p1a: Bisharp|243\/269|[from] item: Life Orb
|move|p2a: Skarmory|Counter|p1a: Bisharp
|-damage|p1a: Bisharp|0 fnt
|faint|p1a: Bisharp
|
|c| jolird|gg
|
|switch|p1a: Latios|Latios, M|299\/299
|turn|22
|join|Stall iz dumb
|c| Stall iz dumb|go WCAR
|
|switch|p2a: Cresselia|Cresselia, F|444\/444
|move|p1a: Latios|Psyshock|p2a: Cresselia
|-resisted|p2a: Cresselia
|-damage|p2a: Cresselia|374\/444
|-damage|p1a: Latios|270\/299|[from] item: Life Orb
|
|-heal|p2a: Cresselia|401\/444|[from] item: Leftovers
|turn|23
|
|switch|p2a: Skarmory|Skarmory, F|40\/334
|move|p1a: Latios|Calm Mind|p1a: Latios
|-boost|p1a: Latios|spa|1
|-boost|p1a: Latios|spd|1
|
|turn|24
|c| jolird|cm latios
|c| jolird|i love u so much
|
|switch|p2a: Cresselia|Cresselia, F|401\/444
|move|p1a: Latios|Psyshock|p2a: Cresselia
|-resisted|p2a: Cresselia
|-damage|p2a: Cresselia|284\/444
|-damage|p1a: Latios|241\/299|[from] item: Life Orb
|
|-heal|p2a: Cresselia|311\/444|[from] item: Leftovers
|turn|25
|
|move|p1a: Latios|Calm Mind|p1a: Latios
|-boost|p1a: Latios|spa|1
|-boost|p1a: Latios|spd|1
|move|p2a: Cresselia|Moonlight|p2a: Cresselia
|-heal|p2a: Cresselia|444\/444
|
|turn|26
|
|move|p1a: Latios|Draco Meteor|p2a: Cresselia
|-damage|p2a: Cresselia|85\/444
|-unboost|p1a: Latios|spa|2
|-damage|p1a: Latios|212\/299|[from] item: Life Orb
|move|p2a: Cresselia|Toxic|p1a: Latios
|-status|p1a: Latios|tox
|
|-heal|p2a: Cresselia|112\/444|[from] item: Leftovers
|-damage|p1a: Latios|194\/299 tox|[from] psn
|turn|27
|
|move|p1a: Latios|Draco Meteor|p2a: Cresselia
|-damage|p2a: Cresselia|0 fnt
|-unboost|p1a: Latios|spa|2
|-damage|p1a: Latios|165\/299 tox|[from] item: Life Orb
|faint|p2a: Cresselia
|
|-damage|p1a: Latios|129\/299 tox|[from] psn
|-message|CleanerThanRotom-W forfeited.
|leave|CleanerThanRotom-W
|c| Stall iz dumb|lol
|leave|yrs
|
|win|WECAMEASROMANS
|raw|Ladder updating...
|player|p2
|c| jolird|reckt by crawd
|leave|leremyju
|raw|WECAMEASROMANS's rating: 1753 &rarr; <strong>1781<\/strong><br \/>(+28 for winning)
|raw|CleanerThanRotom-W's rating: 1895 &rarr; <strong>1867<\/strong><br \/>(-28 for losing)
|join|Polarance
|leave|Avarice87
|leave|WECAMEASROMANS
|c| Stall iz dumb|nice wcar
|leave|Stall iz dumb
|leave|SwaggBoii
|player|p1
|leave|Justin t5
|join|WECAMEASROMANS