|join|WECAMEASROMANS
|join|FlamingVictini PB
|player|p1|WECAMEASROMANS|169
|player|p2|FlamingVictini PB|1
|gametype|singles
|gen|6
|tier|OU
|clearpoke
|poke|p1|Landorus-Therian, M
|poke|p1|Ferrothorn, F
|poke|p1|Heatran, F
|poke|p1|Rotom-Wash
|poke|p1|Diancie
|poke|p1|Tornadus-Therian, M
|poke|p2|Victini
|poke|p2|Keldeo-Resolute
|poke|p2|Bisharp, M, shiny
|poke|p2|Lopunny, F, shiny
|poke|p2|Azumarill, M
|poke|p2|Latios, M
|rule|Swagger Clause: Swagger is banned
|rule|Baton Pass Clause: Limit one PokÃ©mon knowing Baton Pass
|rule|Sleep Clause Mod: Limit one foe put to sleep
|rule|Species Clause: Limit one of each PokÃ©mon
|rule|OHKO Clause: OHKO moves are banned
|rule|Moody Clause: Moody is banned
|rule|Evasion Moves Clause: Evasion moves are banned
|rule|Endless Battle Clause: Forcing endless battles is banned
|rule|HP Percentage Mod: HP is shown in percentages
|teampreview
|join|MoB Barley
|join|Costi93
|c|âWECAMEASROMANS|gl
|c| MoB Barley|yeeeee
|c|âFlamingVictini PB|u2
|c|âFlamingVictini PB|for mob
|join|Doc Sportello
|join|gizmo
|
|start
|switch|p1a: Heatran|Heatran, F|327\/327
|switch|p2a: Prioritize|Bisharp, M, shiny|271\/271
|turn|1
|join|lil manaphy
|
|move|p1a: Heatran|Stealth Rock|p2a: Prioritize
|-sidestart|p2: FlamingVictini PB|move: Stealth Rock
|move|p2a: Prioritize|Stealth Rock|p1a: Heatran
|-sidestart|p1: WECAMEASROMANS|move: Stealth Rock
|
|turn|2
|
|move|p1a: Heatran|Earth Power|p2a: Prioritize
|-supereffective|p2a: Prioritize
|-enditem|p2a: Prioritize|Focus Sash
|-damage|p2a: Prioritize|1\/271
|-unboost|p2a: Prioritize|spd|1
|-boost|p2a: Prioritize|atk|2|[from] ability: Defiant
|move|p2a: Prioritize|Knock Off|p1a: Heatran
|-damage|p1a: Heatran|0 fnt
|-enditem|p1a: Heatran|Leftovers|[from] move: Knock Off|[of] p2a: Prioritize
|faint|p1a: Heatran
|
|join|Prankster
|c|âFlamingVictini PB|ah
|c|âFlamingVictini PB|solid
|c|âWECAMEASROMANS|OH COME ONE
|join|Invok3r
|c| MoB Barley|aahahaah
|c|âWECAMEASROMANS|ON
|c|âWECAMEASROMANS|FUCK DAT
|c|âFlamingVictini PB|prioritize
|c|âFlamingVictini PB|your choices
|leave|Prankster
|c|âWECAMEASROMANS|gdi
|c|âWECAMEASROMANS|now i have to sac another mon
|c|âWECAMEASROMANS|>.<
|c| Costi93|ahhaha
|c| Costi93|bad luck :\/
|c|âFlamingVictini PB|lol go to lando-t imo
|join|Jukain
|leave|Jukain
|join|Albyness
|join|rob
|
|switch|p1a: Ferrothorn|Ferrothorn, F|352\/352
|-damage|p1a: Ferrothorn|330\/352|[from] Stealth Rock
|turn|3
|join|Gayyyb Orr
|join|bloons4dayz
|join|mack bus
|join|Chillingtilnoon
|join|Bluwing
|
|move|p2a: Prioritize|Knock Off|p1a: Ferrothorn
|-damage|p1a: Ferrothorn|81\/352
|-damage|p2a: Prioritize|0 fnt|[from] ability: Iron Barbs|[of] p1a: Ferrothorn
|faint|p2a: Prioritize
|move|p1a: Ferrothorn|Spikes|p2: Prioritize
|-sidestart|p2: FlamingVictini PB|Spikes
|
|-heal|p1a: Ferrothorn|103\/352|[from] item: Leftovers
|c|âWECAMEASROMANS|damn im looking short of
|
|switch|p2a: Playboy|Lopunny, F, shiny|271\/271
|-damage|p2a: Playboy|238\/271|[from] Stealth Rock
|-damage|p2a: Playboy|205\/271|[from] Spikes
|turn|4
|c|âWECAMEASROMANS|draco meteor switch ins
|leave|Bluwing
|
|switch|p1a: Landorus-Therian|Landorus-Therian, M|325\/325
|-damage|p1a: Landorus-Therian|285\/325|[from] Stealth Rock
|-ability|p1a: Landorus-Therian|Intimidate|[of] p2a: Playboy
|-unboost|p2a: Playboy|atk|1
|detailschange|p2a: Playboy|Lopunny-Mega, F, shiny
|-mega|p2a: Playboy|Lopunny|Lopunnite
|move|p2a: Playboy|High Jump Kick|p1a: Landorus-Therian|[miss]
|-miss|p2a: Playboy|p1a: Landorus-Therian
|-damage|p2a: Playboy|70\/271|[from] highjumpkick
|
|turn|5
|c|âWECAMEASROMANS|sry
|join|I Iike Squirtles
|c|âFlamingVictini PB|considering turn 1
|c|âFlamingVictini PB|i think its ok
|
|move|p1a: Landorus-Therian|Earthquake|p2a: Playboy
|-damage|p2a: Playboy|0 fnt
|faint|p2a: Playboy
|
|
|switch|p2a: AC130|Latios, M|301\/301
|-damage|p2a: AC130|264\/301|[from] Stealth Rock
|turn|6
|join|StarkGod
|leave|Chillingtilnoon
|
|switch|p1a: Ferrothorn|Ferrothorn, F|103\/352
|-damage|p1a: Ferrothorn|81\/352|[from] Stealth Rock
|move|p2a: AC130|Psyshock|p1a: Ferrothorn
|-resisted|p1a: Ferrothorn
|-damage|p1a: Ferrothorn|25\/352
|-damage|p2a: AC130|234\/301|[from] item: Life Orb
|
|-heal|p1a: Ferrothorn|47\/352|[from] item: Leftovers
|turn|7
|
|move|p2a: AC130|Psyshock|p1a: Ferrothorn
|-resisted|p1a: Ferrothorn
|-damage|p1a: Ferrothorn|0 fnt
|-damage|p2a: AC130|204\/301|[from] item: Life Orb
|faint|p1a: Ferrothorn
|
|
|switch|p1a: Diancie|Diancie|241\/241
|-damage|p1a: Diancie|211\/241|[from] Stealth Rock
|turn|8
|join|Gyarados-Mega
|c|âFlamingVictini PB|tbh i can't really win this sigh
|
|detailschange|p1a: Diancie|Diancie-Mega
|-mega|p1a: Diancie|Diancie|Diancite
|move|p1a: Diancie|Protect|p1a: Diancie
|-singleturn|p1a: Diancie|Protect
|move|p2a: AC130|Psyshock|p1a: Diancie
|-activate|p1a: Diancie|Protect
|
|turn|9
|join|FUQ GLISCORE
|c|âFlamingVictini PB|ah the protect
|leave|FUQ GLISCORE
|
|switch|p2a: Destructo Disc|Victini|341\/341
|-damage|p2a: Destructo Disc|299\/341|[from] Spikes
|-damage|p2a: Destructo Disc|214\/341|[from] Stealth Rock
|move|p1a: Diancie|Diamond Storm|p2a: Destructo Disc
|-supereffective|p2a: Destructo Disc
|-damage|p2a: Destructo Disc|0 fnt
|faint|p2a: Destructo Disc
|
|join|Reverb
|
|switch|p2a: Pwny|Keldeo-Resolute|323\/323
|-damage|p2a: Pwny|303\/323|[from] Stealth Rock
|-damage|p2a: Pwny|263\/323|[from] Spikes
|turn|10
|
|switch|p2a: AC130|Latios, M|204\/301
|-damage|p2a: AC130|167\/301|[from] Stealth Rock
|move|p1a: Diancie|Protect|p1a: Diancie
|-fail|p1a: Diancie
|
|turn|11
|c| MoB Barley|play keldeo right u can win
|c|âFlamingVictini PB|i just lost a sack
|c|âFlamingVictini PB|so idk
|
|move|p2a: AC130|Psyshock|p1a: Diancie
|-damage|p1a: Diancie|36\/241
|-damage|p2a: AC130|137\/301|[from] item: Life Orb
|move|p1a: Diancie|Moonblast|p2a: AC130
|-supereffective|p2a: AC130
|-damage|p2a: AC130|0 fnt
|faint|p2a: AC130
|
|join|Mistaken
|join|Agilis
|leave|Mistaken
|join|roserade69
|leave|Invok3r
|
|switch|p2a: Water Bomb|Azumarill, M|348\/348
|-damage|p2a: Water Bomb|305\/348|[from] Spikes
|-damage|p2a: Water Bomb|262\/348|[from] Stealth Rock
|turn|12
|
|move|p2a: Water Bomb|Aqua Jet|p1a: Diancie
|-supereffective|p1a: Diancie
|-damage|p1a: Diancie|0 fnt
|faint|p1a: Diancie
|
|
|switch|p1a: Rotom-Wash|Rotom-Wash|304\/304
|-damage|p1a: Rotom-Wash|266\/304|[from] Stealth Rock
|turn|13
|join|Cienight
|c|âWECAMEASROMANS|you there
|c| Costi93|he is lagging i think
|leave|StarkGod
|leave|Agilis
|leave|lil manaphy
|join|lil manaphy
|
|move|p1a: Rotom-Wash|Volt Switch|p2a: Water Bomb
|-supereffective|p2a: Water Bomb
|-damage|p2a: Water Bomb|44\/348
|
|switch|p1a: Landorus-Therian|Landorus-Therian, M|285\/325
|-enditem|p2a: Water Bomb|Sitrus Berry|[eat]
|-heal|p2a: Water Bomb|131\/348|[from] item: Sitrus Berry
|-damage|p1a: Landorus-Therian|245\/325|[from] Stealth Rock
|-ability|p1a: Landorus-Therian|Intimidate|[of] p2a: Water Bomb
|-unboost|p2a: Water Bomb|atk|1
|move|p2a: Water Bomb|Knock Off|p1a: Landorus-Therian
|-damage|p1a: Landorus-Therian|136\/325
|-enditem|p1a: Landorus-Therian|Choice Scarf|[from] move: Knock Off|[of] p2a: Water Bomb
|
|turn|14
|
|move|p2a: Water Bomb|Aqua Jet|p1a: Landorus-Therian
|-supereffective|p1a: Landorus-Therian
|-damage|p1a: Landorus-Therian|8\/325
|move|p1a: Landorus-Therian|Earthquake|p2a: Water Bomb
|-damage|p2a: Water Bomb|0 fnt
|faint|p2a: Water Bomb
|
|
|switch|p2a: Pwny|Keldeo-Resolute|263\/323
|-damage|p2a: Pwny|243\/323|[from] Stealth Rock
|-damage|p2a: Pwny|203\/323|[from] Spikes
|turn|15
|c| MoB Barley|must hydro ;_;
|c|âWECAMEASROMANS|no
|c|âWECAMEASROMANS|secret sword
|c|âWECAMEASROMANS|would be the best play
|c| MoB Barley|ehh
|c|âWECAMEASROMANS|hope for hurricane miss 2x
|c| MoB Barley|wait
|c| MoB Barley|whats rotor at
|c| gizmo|88 lol
|c|âWECAMEASROMANS|87
|c| MoB Barley|o
|c| MoB Barley|my bad
|
|move|p2a: Pwny|Secret Sword|p1a: Landorus-Therian
|-resisted|p1a: Landorus-Therian
|-damage|p1a: Landorus-Therian|0 fnt
|faint|p1a: Landorus-Therian
|
|join|Toxzn
|
|switch|p1a: Tornadus-Therian|Tornadus-Therian, M|332\/332
|-damage|p1a: Tornadus-Therian|249\/332|[from] Stealth Rock
|turn|16
|c| MoB Barley|dat modest kelder doe
|c| MoB Barley|keldeo
|
|move|p2a: Pwny|Secret Sword|p1a: Tornadus-Therian
|-resisted|p1a: Tornadus-Therian
|-damage|p1a: Tornadus-Therian|141\/332
|move|p1a: Tornadus-Therian|Hurricane|p2a: Pwny
|-supereffective|p2a: Pwny
|-damage|p2a: Pwny|0 fnt
|faint|p2a: Pwny
|
|win|WECAMEASROMANS
|c|âWECAMEASROMANS|is it really modest
|c|âWECAMEASROMANS|gg
|leave|WECAMEASROMANS
|leave|Cienight
|player|p1
|leave|MoB Barley
|leave|roserade69
|leave|bloons4dayz
|leave|mack bus
|leave|Costi93
|leave|gizmo
|leave|Albyness
|leave|Doc Sportello
|leave|Gyarados-Mega
|leave|FlamingVictini PB
|player|p2
|leave|I Iike Squirtles
|join|angelswag
|leave|Gayyyb Orr
|join|Reverend
|join|roserade69
|leave|roserade69
|leave|Reverb
|leave|Reverend