|join|WECAMEASROMANS
|join|Stoned Snorlax
|player|p1|WECAMEASROMANS|1
|player|p2|Stoned Snorlax|102
|gametype|singles
|gen|6
|tier|OU
|rated
|clearpoke
|poke|p1|Kyurem-Black
|poke|p1|Latios, M
|poke|p1|Mamoswine, M
|poke|p1|Victini
|poke|p1|Lopunny, F
|poke|p1|Landorus-Therian, M
|poke|p2|Lopunny, F
|poke|p2|Excadrill, M
|poke|p2|Talonflame, F
|poke|p2|Celebi
|poke|p2|Tyranitar, M
|poke|p2|Keldeo-Resolute
|rule|Swagger Clause: Swagger is banned
|rule|Baton Pass Clause: Limit one PokÃ©mon knowing Baton Pass
|rule|Sleep Clause Mod: Limit one foe put to sleep
|rule|Species Clause: Limit one of each PokÃ©mon
|rule|OHKO Clause: OHKO moves are banned
|rule|Moody Clause: Moody is banned
|rule|Evasion Moves Clause: Evasion moves are banned
|rule|Endless Battle Clause: Forcing endless battles is banned
|rule|HP Percentage Mod: HP is shown in percentages
|teampreview
|c|âStoned Snorlax|oh another top player
|c|âStoned Snorlax|glhf
|join|AM
|leave|AM
|
|start
|switch|p1a: Mamoswine|Mamoswine, M|361\/361
|switch|p2a: Dinosaur|Tyranitar, M|399\/399
|-weather|Sandstorm
|turn|1
|
|move|p1a: Mamoswine|Earthquake|p2a: Dinosaur
|-supereffective|p2a: Dinosaur
|-damage|p2a: Dinosaur|61\/399
|move|p2a: Dinosaur|Stone Edge|p1a: Mamoswine|[miss]
|-miss|p2a: Dinosaur|p1a: Mamoswine
|
|-weather|Sandstorm|[upkeep]
|turn|2
|
|switch|p2a: Denver|Keldeo-Resolute|323\/323
|move|p1a: Mamoswine|Icicle Spear|p2a: Denver
|-resisted|p2a: Denver
|-damage|p2a: Denver|299\/323
|-resisted|p2a: Denver
|-damage|p2a: Denver|275\/323
|-resisted|p2a: Denver
|-damage|p2a: Denver|253\/323
|-resisted|p2a: Denver
|-damage|p2a: Denver|229\/323
|-resisted|p2a: Denver
|-damage|p2a: Denver|205\/323
|-hitcount|p2a: Denver|5
|
|-weather|Sandstorm|[upkeep]
|-damage|p2a: Denver|185\/323|[from] sandstorm
|turn|3
|
|move|p2a: Denver|Hydro Pump|p1a: Mamoswine
|-supereffective|p1a: Mamoswine
|-enditem|p1a: Mamoswine|Focus Sash
|-damage|p1a: Mamoswine|1\/361
|move|p1a: Mamoswine|Stealth Rock|p2a: Denver
|-sidestart|p2: Stoned Snorlax|move: Stealth Rock
|
|-weather|Sandstorm|[upkeep]
|-damage|p2a: Denver|165\/323|[from] sandstorm
|turn|4
|
|move|p1a: Mamoswine|Ice Shard|p2a: Denver
|-resisted|p2a: Denver
|-damage|p2a: Denver|126\/323
|move|p2a: Denver|Hydro Pump|p1a: Mamoswine
|-supereffective|p1a: Mamoswine
|-damage|p1a: Mamoswine|0 fnt
|faint|p1a: Mamoswine
|
|-weather|Sandstorm|[upkeep]
|-damage|p2a: Denver|106\/323|[from] sandstorm
|
|switch|p1a: Latios|Latios, M|299\/299
|turn|5
|
|switch|p2a: Celery|Celebi|403\/403
|-damage|p2a: Celery|353\/403|[from] Stealth Rock
|move|p1a: Latios|Psyshock|p2a: Celery
|-resisted|p2a: Celery
|-damage|p2a: Celery|276\/403
|-damage|p1a: Latios|270\/299|[from] item: Life Orb
|
|-weather|Sandstorm|[upkeep]
|-damage|p1a: Latios|252\/299|[from] sandstorm
|-damage|p2a: Celery|251\/403|[from] sandstorm
|-heal|p2a: Celery|276\/403|[from] item: Leftovers
|turn|6
|join|Panipotato
|
|move|p1a: Latios|Draco Meteor|p2a: Celery|[miss]
|-miss|p1a: Latios|p2a: Celery
|move|p2a: Celery|Recover|p2a: Celery
|-heal|p2a: Celery|403\/403
|
|-weather|Sandstorm|[upkeep]
|-damage|p1a: Latios|234\/299|[from] sandstorm
|-damage|p2a: Celery|378\/403|[from] sandstorm
|-heal|p2a: Celery|403\/403|[from] item: Leftovers
|turn|7
|leave|Panipotato
|
|switch|p1a: Kyurem-Black|Kyurem-Black|391\/391
|-ability|p1a: Kyurem-Black|Teravolt
|move|p2a: Celery|Recover|p2a: Celery
|-fail|p2a: Celery
|
|-weather|Sandstorm|[upkeep]
|-damage|p1a: Kyurem-Black|367\/391|[from] sandstorm
|-damage|p2a: Celery|378\/403|[from] sandstorm
|-heal|p2a: Celery|403\/403|[from] item: Leftovers
|turn|8
|
|move|p1a: Kyurem-Black|Ice Beam|p2a: Celery
|-supereffective|p2a: Celery
|-damage|p2a: Celery|0 fnt
|-damage|p1a: Kyurem-Black|328\/391|[from] item: Life Orb
|faint|p2a: Celery
|
|-weather|none
|
|switch|p2a: Denver|Keldeo-Resolute|106\/323
|-damage|p2a: Denver|86\/323|[from] Stealth Rock
|turn|9
|
|switch|p1a: Latios|Latios, M|234\/299
|move|p2a: Denver|Hydro Pump|p1a: Latios
|-resisted|p1a: Latios
|-damage|p1a: Latios|143\/299
|
|turn|10
|
|switch|p2a: Dinosaur|Tyranitar, M|61\/399
|-damage|p2a: Dinosaur|12\/399|[from] Stealth Rock
|-weather|Sandstorm
|move|p1a: Latios|Roost|p1a: Latios
|-heal|p1a: Latios|293\/299
|
|-weather|Sandstorm|[upkeep]
|-damage|p1a: Latios|275\/299|[from] sandstorm
|turn|11
|
|move|p1a: Latios|Draco Meteor|p2a: Dinosaur
|-damage|p2a: Dinosaur|0 fnt
|-unboost|p1a: Latios|spa|2
|-damage|p1a: Latios|246\/299|[from] item: Life Orb
|faint|p2a: Dinosaur
|
|-weather|Sandstorm|[upkeep]
|-damage|p1a: Latios|228\/299|[from] sandstorm
|
|switch|p2a: Oil|Excadrill, M|361\/361
|-damage|p2a: Oil|350\/361|[from] Stealth Rock
|turn|12
|
|switch|p1a: Victini|Victini|365\/365
|move|p2a: Oil|Iron Head|p1a: Victini
|-resisted|p1a: Victini
|-damage|p1a: Victini|269\/365
|-damage|p2a: Oil|314\/361|[from] item: Life Orb
|
|-weather|Sandstorm|[upkeep]
|-damage|p1a: Victini|247\/365|[from] sandstorm
|-heal|p1a: Victini|269\/365|[from] item: Leftovers
|turn|13
|
|switch|p1a: Landorus-Therian|Landorus-Therian, M|325\/325
|-ability|p1a: Landorus-Therian|Intimidate|[of] p2a: Oil
|-unboost|p2a: Oil|atk|1
|move|p2a: Oil|Rock Slide|p1a: Landorus-Therian
|-damage|p1a: Landorus-Therian|231\/325
|-damage|p2a: Oil|278\/361|[from] item: Life Orb
|
|-weather|Sandstorm|[upkeep]
|turn|14
|
|move|p2a: Oil|Rapid Spin|p1a: Landorus-Therian
|-damage|p1a: Landorus-Therian|202\/325
|-sideend|p2: Stoned Snorlax|Stealth Rock|[from] move: Rapid Spin|[of] p2a: Oil
|-damage|p2a: Oil|242\/361|[from] item: Life Orb
|move|p1a: Landorus-Therian|Earthquake|p2a: Oil
|-supereffective|p2a: Oil
|-damage|p2a: Oil|0 fnt
|faint|p2a: Oil
|
|-weather|Sandstorm|[upkeep]
|
|switch|p2a: Burdman|Talonflame, F|359\/359
|turn|15
|
|switch|p1a: Victini|Victini|269\/365
|move|p2a: Burdman|Swords Dance|p2a: Burdman
|-boost|p2a: Burdman|atk|2
|
|-weather|Sandstorm|[upkeep]
|-damage|p2a: Burdman|337\/359|[from] sandstorm
|-damage|p1a: Victini|247\/365|[from] sandstorm
|-heal|p2a: Burdman|359\/359|[from] item: Leftovers
|-heal|p1a: Victini|269\/365|[from] item: Leftovers
|turn|16
|
|move|p2a: Burdman|Brave Bird|p1a: Victini
|-damage|p1a: Victini|0 fnt
|-damage|p2a: Burdman|270\/359|[from] recoil|[of] p1a: Victini
|faint|p1a: Victini
|
|-weather|Sandstorm|[upkeep]
|-damage|p2a: Burdman|248\/359|[from] sandstorm
|-heal|p2a: Burdman|270\/359|[from] item: Leftovers
|
|switch|p1a: Landorus-Therian|Landorus-Therian, M|202\/325
|-ability|p1a: Landorus-Therian|Intimidate|[of] p2a: Burdman
|-unboost|p2a: Burdman|atk|1
|turn|17
|c|âStoned Snorlax|high roll kills...
|
|switch|p1a: Lopunny|Lopunny, F|271\/271
|move|p2a: Burdman|Brave Bird|p1a: Lopunny
|-damage|p1a: Lopunny|0 fnt
|-damage|p2a: Burdman|181\/359|[from] recoil|[of] p1a: Lopunny
|faint|p1a: Lopunny
|
|-weather|none
|-heal|p2a: Burdman|203\/359|[from] item: Leftovers
|
|switch|p1a: Landorus-Therian|Landorus-Therian, M|202\/325
|-ability|p1a: Landorus-Therian|Intimidate|[of] p2a: Burdman
|-unboost|p2a: Burdman|atk|1
|turn|18
|
|move|p2a: Burdman|Brave Bird|p1a: Landorus-Therian
|-damage|p1a: Landorus-Therian|25\/325
|-damage|p2a: Burdman|145\/359|[from] recoil|[of] p1a: Landorus-Therian
|move|p1a: Landorus-Therian|Stone Edge|p2a: Burdman
|-supereffective|p2a: Burdman
|-damage|p2a: Burdman|0 fnt
|faint|p2a: Burdman
|
|
|switch|p2a: Shlopunny|Lopunny, F|271\/271
|turn|19
|
|switch|p1a: Kyurem-Black|Kyurem-Black|328\/391
|-ability|p1a: Kyurem-Black|Teravolt
|detailschange|p2a: Shlopunny|Lopunny-Mega, F
|-mega|p2a: Shlopunny|Lopunny|Lopunnite
|move|p2a: Shlopunny|Power-Up Punch|p1a: Kyurem-Black
|-supereffective|p1a: Kyurem-Black
|-damage|p1a: Kyurem-Black|152\/391
|-boost|p2a: Shlopunny|atk|1
|
|turn|20
|
|move|p2a: Shlopunny|Power-Up Punch|p1a: Kyurem-Black
|-supereffective|p1a: Kyurem-Black
|-damage|p1a: Kyurem-Black|0 fnt
|-boost|p2a: Shlopunny|atk|1
|faint|p1a: Kyurem-Black
|
|
|switch|p1a: Landorus-Therian|Landorus-Therian, M|25\/325
|-ability|p1a: Landorus-Therian|Intimidate|[of] p2a: Shlopunny
|-unboost|p2a: Shlopunny|atk|1
|turn|21
|
|move|p1a: Landorus-Therian|Superpower|p2a: Shlopunny
|-supereffective|p2a: Shlopunny
|-damage|p2a: Shlopunny|0 fnt
|-unboost|p1a: Landorus-Therian|atk|1
|-unboost|p1a: Landorus-Therian|def|1
|faint|p2a: Shlopunny
|
|
|switch|p2a: Denver|Keldeo-Resolute|86\/323
|turn|22
|
|move|p2a: Denver|Hydro Pump|p1a: Landorus-Therian
|-supereffective|p1a: Landorus-Therian
|-damage|p1a: Landorus-Therian|0 fnt
|faint|p1a: Landorus-Therian
|
|c|âStoned Snorlax|gg
|
|switch|p1a: Latios|Latios, M|228\/299
|turn|23
|
|move|p2a: Denver|Hydro Pump|p1a: Latios
|-crit|p1a: Latios
|-resisted|p1a: Latios
|-damage|p1a: Latios|96\/299
|move|p1a: Latios|Psyshock|p2a: Denver
|-crit|p2a: Denver
|-supereffective|p2a: Denver
|-damage|p2a: Denver|0 fnt
|-damage|p1a: Latios|67\/299|[from] item: Life Orb
|faint|p2a: Denver
|
|win|WECAMEASROMANS
|raw|Ladder updating...
|leave|WECAMEASROMANS
|player|p1
|raw|WECAMEASROMANS's rating: 1656 &rarr; <strong>1670<\/strong><br \/>(+14 for winning)
|raw|Stoned Snorlax's rating: 1561 &rarr; <strong>1546<\/strong><br \/>(-15 for losing)