|join|WECAMEASROMANS
|join|Brazilian Army
|player|p1|WECAMEASROMANS|102
|player|p2|Brazilian Army|2
|gametype|singles
|gen|6
|tier|OU
|clearpoke
|poke|p1|Tornadus-Therian, M
|poke|p1|Victini
|poke|p1|Tentacruel, F
|poke|p1|Venusaur, M
|poke|p1|Hippowdon, M
|poke|p1|Clefable, M
|poke|p2|Lopunny, M
|poke|p2|Slowbro, M
|poke|p2|Ferrothorn, M
|poke|p2|Landorus-Therian, M
|poke|p2|Bisharp, F
|poke|p2|Chansey, F
|rule|Swagger Clause: Swagger is banned
|rule|Baton Pass Clause: Limit one PokÃ©mon knowing Baton Pass
|rule|Sleep Clause Mod: Limit one foe put to sleep
|rule|Species Clause: Limit one of each PokÃ©mon
|rule|OHKO Clause: OHKO moves are banned
|rule|Moody Clause: Moody is banned
|rule|Evasion Moves Clause: Evasion moves are banned
|rule|Endless Battle Clause: Forcing endless battles is banned
|rule|HP Percentage Mod: HP is shown in percentages
|teampreview
|join|Praj.pran
|join|Dark380
|join|Arcanine is Regal
|join|gizmo
|join|A2tehBR
|c| Praj.pran|lol chansey
|c|âWECAMEASROMANS|gl
|join|I Ship TDKDraeden
|join|Bloodz
|c| gizmo|do you trust that team that much wcar
|c| A2tehBR|torn and tini tho...
|join|cosine180
|join|Prankster
|c| I Ship TDKDraeden|you should turn modchat on if this is OST
|c| Bloodz|WCAR GOT DIS
|raw|<div class="broadcast-red"><b>Moderated chat was set to +!<\/b><br \/>Only users of rank + and higher can talk.<\/div>
|c|âBrazilian Army|ty
|join|Sobakasu
|join|GoaoTwo
|
|start
|switch|p1a: Tornadus-Therian|Tornadus-Therian, M|332\/332
|switch|p2a: Landorus-Therian|Landorus-Therian, M|371\/371
|-ability|p2a: Landorus-Therian|Intimidate|[of] p1a: Tornadus-Therian
|-unboost|p1a: Tornadus-Therian|atk|1
|turn|1
|
|switch|p1a: Hippowdon|Hippowdon, M|416\/416
|move|p2a: Landorus-Therian|Stealth Rock|p1a: Hippowdon
|-sidestart|p1: WECAMEASROMANS|move: Stealth Rock
|
|turn|2
|
|move|p2a: Landorus-Therian|U-turn|p1a: Hippowdon
|-damage|p1a: Hippowdon|363\/416
|join|Fedayi
|join|Ox the Box
|join|Minato
|
|switch|p2a: Lopunny|Lopunny, M|271\/271
|move|p1a: Hippowdon|Stealth Rock|p2a: Lopunny
|-sidestart|p2: Brazilian Army|move: Stealth Rock
|
|-heal|p1a: Hippowdon|389\/416|[from] item: Leftovers
|turn|3
|
|detailschange|p2a: Lopunny|Lopunny-Mega, M
|-mega|p2a: Lopunny|Lopunny|Lopunnite
|move|p2a: Lopunny|Encore|p1a: Hippowdon
|-start|p1a: Hippowdon|Encore
|move|p1a: Hippowdon|Stealth Rock|p2a: Lopunny
|-fail|p2a: Lopunny
|
|-heal|p1a: Hippowdon|415\/416|[from] item: Leftovers
|turn|4
|
|switch|p1a: Venusaur|Venusaur, M|363\/363
|-damage|p1a: Venusaur|318\/363|[from] Stealth Rock
|move|p2a: Lopunny|Substitute|p2a: Lopunny
|-start|p2a: Lopunny|Substitute
|-damage|p2a: Lopunny|204\/271
|
|turn|5
|
|detailschange|p1a: Venusaur|Venusaur-Mega, M
|-mega|p1a: Venusaur|Venusaur|Venusaurite
|move|p2a: Lopunny|Frustration|p1a: Venusaur
|-damage|p1a: Venusaur|183\/363
|move|p1a: Venusaur|Giga Drain|p2a: Lopunny
|-end|p2a: Lopunny|Substitute
|-heal|p1a: Venusaur|217\/363|[from] drain|[of] p2a: Lopunny
|
|turn|6
|join|gyarad0site
|join|SeventyFive
|
|switch|p2a: Ferrothorn|Ferrothorn, M|332\/332
|-damage|p2a: Ferrothorn|312\/332|[from] Stealth Rock
|move|p1a: Venusaur|Synthesis|p1a: Venusaur
|-heal|p1a: Venusaur|363\/363
|
|-heal|p2a: Ferrothorn|332\/332|[from] item: Leftovers
|turn|7
|
|switch|p2a: Chansey|Chansey, F|703\/703
|-damage|p2a: Chansey|616\/703|[from] Stealth Rock
|move|p1a: Venusaur|Knock Off|p2a: Chansey
|-damage|p2a: Chansey|537\/703
|-enditem|p2a: Chansey|Eviolite|[from] move: Knock Off|[of] p1a: Venusaur
|
|turn|8
|join|I'm Bi...sharp
|join|Omegasization
|
|move|p1a: Venusaur|Leech Seed|p2a: Chansey
|-start|p2a: Chansey|move: Leech Seed
|move|p2a: Chansey|Thunder Wave|p1a: Venusaur
|-status|p1a: Venusaur|par
|
|-damage|p2a: Chansey|450\/703|[from] Leech Seed|[of] p1a: Venusaur
|turn|9
|
|switch|p1a: Tentacruel|Tentacruel, F|363\/363
|-damage|p1a: Tentacruel|318\/363|[from] Stealth Rock
|move|p2a: Chansey|Soft-Boiled|p2a: Chansey
|-heal|p2a: Chansey|703\/703
|
|-heal|p1a: Tentacruel|340\/363|[from] item: Black Sludge
|-damage|p2a: Chansey|616\/703|[from] Leech Seed|[of] p1a: Tentacruel
|-heal|p1a: Tentacruel|363\/363|[silent]
|turn|10
|join|retorno
|
|switch|p2a: Ferrothorn|Ferrothorn, M|332\/332
|-damage|p2a: Ferrothorn|312\/332|[from] Stealth Rock
|move|p1a: Tentacruel|Toxic Spikes|p2a: Ferrothorn
|-sidestart|p2: Brazilian Army|move: Toxic Spikes
|
|-heal|p2a: Ferrothorn|332\/332|[from] item: Leftovers
|turn|11
|
|move|p1a: Tentacruel|Toxic Spikes|p2a: Ferrothorn
|-sidestart|p2: Brazilian Army|move: Toxic Spikes
|move|p2a: Ferrothorn|Spikes|p1a: Tentacruel
|-sidestart|p1: WECAMEASROMANS|Spikes
|
|turn|12
|
|move|p1a: Tentacruel|Scald|p2a: Ferrothorn
|-resisted|p2a: Ferrothorn
|-damage|p2a: Ferrothorn|303\/332
|move|p2a: Ferrothorn|Spikes|p1a: Tentacruel
|-sidestart|p1: WECAMEASROMANS|Spikes
|
|-heal|p2a: Ferrothorn|323\/332|[from] item: Leftovers
|turn|13
|
|move|p1a: Tentacruel|Rapid Spin|p2a: Ferrothorn
|-resisted|p2a: Ferrothorn
|-damage|p2a: Ferrothorn|320\/332
|-damage|p1a: Tentacruel|318\/363|[from] ability: Iron Barbs|[of] p2a: Ferrothorn
|-sideend|p1: WECAMEASROMANS|Spikes|[from] move: Rapid Spin|[of] p1a: Tentacruel
|-sideend|p1: WECAMEASROMANS|Stealth Rock|[from] move: Rapid Spin|[of] p1a: Tentacruel
|move|p2a: Ferrothorn|Knock Off|p1a: Tentacruel
|-damage|p1a: Tentacruel|240\/363
|-enditem|p1a: Tentacruel|Black Sludge|[from] move: Knock Off|[of] p2a: Ferrothorn
|
|-heal|p2a: Ferrothorn|332\/332|[from] item: Leftovers
|turn|14
|join|OneTreeHill
|
|switch|p1a: Victini|Victini|404\/404
|move|p2a: Ferrothorn|Spikes|p1a: Victini
|-sidestart|p1: WECAMEASROMANS|Spikes
|
|turn|15
|
|switch|p2a: Slowbro|Slowbro, M|394\/394
|-status|p2a: Slowbro|tox
|-damage|p2a: Slowbro|345\/394 tox|[from] Stealth Rock
|move|p1a: Victini|Will-O-Wisp|p2a: Slowbro
|-fail|p2a: Slowbro
|
|-heal|p2a: Slowbro|369\/394 tox|[from] item: Leftovers
|-damage|p2a: Slowbro|345\/394 tox|[from] psn
|turn|16
|join|IamChow
|join|abcdefghitony
|leave|IamChow
|
|switch|p1a: Clefable|Clefable, M|393\/393
|move|p2a: Slowbro|Thunder Wave|p1a: Clefable
|-status|p1a: Clefable|par
|
|-heal|p2a: Slowbro|369\/394 tox|[from] item: Leftovers
|-damage|p2a: Slowbro|321\/394 tox|[from] psn
|turn|17
|join|TheLaughingCats
|join|trillyntruly
|
|switch|p2a: Bisharp|Bisharp, F|272\/272
|-damage|p2a: Bisharp|255\/272|[from] Stealth Rock
|move|p1a: Clefable|Heal Bell|p1a: Clefable
|-cureteam|p1a: Clefable|[from] move: HealBell
|
|turn|18
|join|808 & Heartbreak
|join|LordWienerButt
|join|gwgYHT
|join|Forums Testing
|
|switch|p1a: Hippowdon|Hippowdon, M|415\/416
|-damage|p1a: Hippowdon|363\/416|[from] Spikes
|move|p2a: Bisharp|Iron Head|p1a: Hippowdon
|-damage|p1a: Hippowdon|260\/416
|
|-heal|p1a: Hippowdon|286\/416|[from] item: Leftovers
|turn|19
|
|switch|p2a: Ferrothorn|Ferrothorn, M|332\/332
|-damage|p2a: Ferrothorn|312\/332|[from] Stealth Rock
|move|p1a: Hippowdon|Slack Off|p1a: Hippowdon
|-heal|p1a: Hippowdon|416\/416
|
|-heal|p2a: Ferrothorn|332\/332|[from] item: Leftovers
|turn|20
|join|IamChow
|join|FlamingVictini PB
|join|Gghhh
|leave|IamChow
|
|switch|p1a: Victini|Victini|404\/404
|-damage|p1a: Victini|354\/404|[from] Spikes
|move|p2a: Ferrothorn|Spikes|p1a: Victini
|-sidestart|p1: WECAMEASROMANS|Spikes
|
|-heal|p1a: Victini|379\/404|[from] item: Leftovers
|turn|21
|join|evolifan3920474025
|join|IamChow
|leave|IamChow
|
|switch|p2a: Slowbro|Slowbro, M|394\/394 tox
|-damage|p2a: Slowbro|345\/394 tox|[from] Stealth Rock
|move|p1a: Victini|Bolt Strike|p2a: Slowbro
|-supereffective|p2a: Slowbro
|-damage|p2a: Slowbro|181\/394 tox
|
|-heal|p1a: Victini|404\/404|[from] item: Leftovers
|-heal|p2a: Slowbro|205\/394 tox|[from] item: Leftovers
|-damage|p2a: Slowbro|181\/394 tox|[from] psn
|turn|22
|join|CrushinDefeat
|c|%CrushinDefeat|WCAR I believe in you <3
|join|The Goomy
|
|switch|p2a: Chansey|Chansey, F|616\/703
|-status|p2a: Chansey|tox
|-damage|p2a: Chansey|529\/703 tox|[from] Stealth Rock
|move|p1a: Victini|Taunt|p2a: Chansey
|-start|p2a: Chansey|move: Taunt
|
|-damage|p2a: Chansey|486\/703 tox|[from] psn
|turn|23
|join|IamChow
|
|move|p1a: Victini|V-create|p2a: Chansey
|-damage|p2a: Chansey|63\/703 tox
|-unboost|p1a: Victini|def|1
|-unboost|p1a: Victini|spd|1
|-unboost|p1a: Victini|spe|1
|move|p2a: Chansey|Seismic Toss|p1a: Victini
|-damage|p1a: Victini|304\/404
|
|-heal|p1a: Victini|329\/404|[from] item: Leftovers
|-damage|p2a: Chansey|0 fnt|[from] psn
|faint|p2a: Chansey
|join|mhawk
|
|switch|p2a: Landorus-Therian|Landorus-Therian, M|371\/371
|-damage|p2a: Landorus-Therian|325\/371|[from] Stealth Rock
|-ability|p2a: Landorus-Therian|Intimidate|[of] p1a: Victini
|-unboost|p1a: Victini|atk|1
|turn|24
|
|switch|p1a: Venusaur|Venusaur-Mega, M|363\/363
|-damage|p1a: Venusaur|303\/363|[from] Spikes
|move|p2a: Landorus-Therian|Stealth Rock|p1a: Venusaur
|-sidestart|p1: WECAMEASROMANS|move: Stealth Rock
|
|-heal|p2a: Landorus-Therian|348\/371|[from] item: Leftovers
|turn|25
|
|move|p2a: Landorus-Therian|U-turn|p1a: Venusaur
|-damage|p1a: Venusaur|253\/363
|
|switch|p2a: Ferrothorn|Ferrothorn, M|332\/332
|-damage|p2a: Ferrothorn|312\/332|[from] Stealth Rock
|move|p1a: Venusaur|Leech Seed|p2a: Ferrothorn
|-immune|p2a: Ferrothorn|[msg]
|
|-heal|p2a: Ferrothorn|332\/332|[from] item: Leftovers
|turn|26
|join|c1one
|leave|Praj.pran
|
|move|p1a: Venusaur|Knock Off|p2a: Ferrothorn
|-damage|p2a: Ferrothorn|293\/332
|-damage|p1a: Venusaur|208\/363|[from] ability: Iron Barbs|[of] p2a: Ferrothorn
|-enditem|p2a: Ferrothorn|Leftovers|[from] move: Knock Off|[of] p1a: Venusaur
|move|p2a: Ferrothorn|Power Whip|p1a: Venusaur|[miss]
|-miss|p2a: Ferrothorn|p1a: Venusaur
|
|turn|27
|
|move|p1a: Venusaur|Synthesis|p1a: Venusaur
|-heal|p1a: Venusaur|363\/363
|move|p2a: Ferrothorn|Spikes|p1a: Venusaur
|-sidestart|p1: WECAMEASROMANS|Spikes
|
|turn|28
|
|switch|p1a: Clefable|Clefable, M|393\/393
|move|p2a: Ferrothorn|Knock Off|p1a: Clefable
|-resisted|p1a: Clefable
|-damage|p1a: Clefable|351\/393
|-enditem|p1a: Clefable|Leftovers|[from] move: Knock Off|[of] p2a: Ferrothorn
|
|turn|29
|join|Appreciation
|
|switch|p2a: Slowbro|Slowbro, M|312\/394 tox
|-damage|p2a: Slowbro|263\/394 tox|[from] Stealth Rock
|move|p1a: Clefable|Moonblast|p2a: Slowbro
|-damage|p2a: Slowbro|142\/394 tox
|-unboost|p2a: Slowbro|spa|1
|
|-heal|p2a: Slowbro|166\/394 tox|[from] item: Leftovers
|-damage|p2a: Slowbro|142\/394 tox|[from] psn
|turn|30
|
|switch|p1a: Tentacruel|Tentacruel, F|240\/363
|-damage|p1a: Tentacruel|150\/363|[from] Spikes
|-damage|p1a: Tentacruel|105\/363|[from] Stealth Rock
|switch|p2a: Ferrothorn|Ferrothorn, M|293\/332
|-damage|p2a: Ferrothorn|273\/332|[from] Stealth Rock
|
|turn|31
|
|move|p1a: Tentacruel|Rapid Spin|p2a: Ferrothorn
|-resisted|p2a: Ferrothorn
|-damage|p2a: Ferrothorn|270\/332
|-damage|p1a: Tentacruel|60\/363|[from] ability: Iron Barbs|[of] p2a: Ferrothorn
|-sideend|p1: WECAMEASROMANS|Spikes|[from] move: Rapid Spin|[of] p1a: Tentacruel
|-sideend|p1: WECAMEASROMANS|Stealth Rock|[from] move: Rapid Spin|[of] p1a: Tentacruel
|move|p2a: Ferrothorn|Power Whip|p1a: Tentacruel
|-damage|p1a: Tentacruel|0 fnt
|faint|p1a: Tentacruel
|
|
|switch|p1a: Victini|Victini|329\/404
|turn|32
|join|Praj.pran
|
|switch|p2a: Landorus-Therian|Landorus-Therian, M|348\/371
|-damage|p2a: Landorus-Therian|302\/371|[from] Stealth Rock
|-ability|p2a: Landorus-Therian|Intimidate|[of] p1a: Victini
|-unboost|p1a: Victini|atk|1
|move|p1a: Victini|Bolt Strike|p2a: Landorus-Therian
|-immune|p2a: Landorus-Therian|[msg]
|
|-heal|p1a: Victini|354\/404|[from] item: Leftovers
|-heal|p2a: Landorus-Therian|325\/371|[from] item: Leftovers
|turn|33
|leave|gyarad0site
|join|ThE0testing
|join|Alldaalts
|
|move|p1a: Victini|Will-O-Wisp|p2a: Landorus-Therian
|-status|p2a: Landorus-Therian|brn
|move|p2a: Landorus-Therian|Stealth Rock|p1a: Victini
|-sidestart|p1: WECAMEASROMANS|move: Stealth Rock
|
|-heal|p1a: Victini|379\/404|[from] item: Leftovers
|-heal|p2a: Landorus-Therian|348\/371 brn|[from] item: Leftovers
|-damage|p2a: Landorus-Therian|302\/371 brn|[from] brn
|turn|34
|join|fingerscrossed
|
|switch|p1a: Tornadus-Therian|Tornadus-Therian, M|332\/332
|-damage|p1a: Tornadus-Therian|249\/332|[from] Stealth Rock
|move|p2a: Landorus-Therian|Knock Off|p1a: Tornadus-Therian
|-damage|p1a: Tornadus-Therian|179\/332
|-enditem|p1a: Tornadus-Therian|Assault Vest|[from] move: Knock Off|[of] p2a: Landorus-Therian
|
|-heal|p2a: Landorus-Therian|325\/371 brn|[from] item: Leftovers
|-damage|p2a: Landorus-Therian|279\/371 brn|[from] brn
|turn|35
|
|move|p1a: Tornadus-Therian|Hurricane|p2a: Landorus-Therian
|-damage|p2a: Landorus-Therian|86\/371 brn
|move|p2a: Landorus-Therian|U-turn|p1a: Tornadus-Therian
|-resisted|p1a: Tornadus-Therian
|-damage|p1a: Tornadus-Therian|154\/332
|leave|abcdefghitony
|
|switch|p2a: Lopunny|Lopunny-Mega, M|204\/271
|-status|p2a: Lopunny|tox
|-damage|p2a: Lopunny|188\/271 tox|[from] Stealth Rock
|
|-damage|p2a: Lopunny|172\/271 tox|[from] psn
|turn|36
|join|abcdefghitony
|
|switch|p1a: Venusaur|Venusaur-Mega, M|363\/363
|-damage|p1a: Venusaur|318\/363|[from] Stealth Rock
|move|p2a: Lopunny|Frustration|p1a: Venusaur
|-damage|p1a: Venusaur|176\/363
|
|-damage|p2a: Lopunny|140\/271 tox|[from] psn
|turn|37
|join|DennisEG
|leave|Omegasization
|leave|Appreciation
|join|Appreciation
|
|switch|p2a: Ferrothorn|Ferrothorn, M|270\/332
|-damage|p2a: Ferrothorn|250\/332|[from] Stealth Rock
|move|p1a: Venusaur|Synthesis|p1a: Venusaur
|-heal|p1a: Venusaur|357\/363
|
|turn|38
|join|Invok3r
|join|wvwvwvwvwvwvwvwvwv
|
|switch|p1a: Victini|Victini|379\/404
|-damage|p1a: Victini|278\/404|[from] Stealth Rock
|move|p2a: Ferrothorn|Leech Seed|p1a: Victini|[miss]
|-miss|p2a: Ferrothorn|p1a: Victini
|
|-heal|p1a: Victini|303\/404|[from] item: Leftovers
|turn|39
|leave|Appreciation
|
|switch|p2a: Landorus-Therian|Landorus-Therian, M|86\/371 brn
|-damage|p2a: Landorus-Therian|40\/371 brn|[from] Stealth Rock
|-ability|p2a: Landorus-Therian|Intimidate|[of] p1a: Victini
|-unboost|p1a: Victini|atk|1
|move|p1a: Victini|V-create|p2a: Landorus-Therian
|-crit|p2a: Landorus-Therian
|-damage|p2a: Landorus-Therian|0 fnt
|-unboost|p1a: Victini|def|1
|-unboost|p1a: Victini|spd|1
|-unboost|p1a: Victini|spe|1
|faint|p2a: Landorus-Therian
|
|-heal|p1a: Victini|328\/404|[from] item: Leftovers
|join|AM
|leave|DennisEG
|
|switch|p2a: Bisharp|Bisharp, F|255\/272
|-damage|p2a: Bisharp|238\/272|[from] Stealth Rock
|turn|40
|leave|abcdefghitony
|
|switch|p1a: Hippowdon|Hippowdon, M|416\/416
|-damage|p1a: Hippowdon|390\/416|[from] Stealth Rock
|move|p2a: Bisharp|Knock Off|p1a: Hippowdon
|-damage|p1a: Hippowdon|236\/416
|-enditem|p1a: Hippowdon|Leftovers|[from] move: Knock Off|[of] p2a: Bisharp
|
|turn|41
|
|move|p2a: Bisharp|Iron Head|p1a: Hippowdon
|-damage|p1a: Hippowdon|124\/416
|cant|p1a: Hippowdon|flinch
|
|turn|42
|
|move|p2a: Bisharp|Iron Head|p1a: Hippowdon
|-damage|p1a: Hippowdon|28\/416
|move|p1a: Hippowdon|Earthquake|p2a: Bisharp
|-supereffective|p2a: Bisharp
|-damage|p2a: Bisharp|0 fnt
|faint|p2a: Bisharp
|
|
|switch|p2a: Lopunny|Lopunny-Mega, M|140\/271 tox
|-damage|p2a: Lopunny|124\/271 tox|[from] Stealth Rock
|turn|43
|leave|Invok3r
|leave|CrushinDefeat
|
|move|p2a: Lopunny|Frustration|p1a: Hippowdon
|-damage|p1a: Hippowdon|0 fnt
|faint|p1a: Hippowdon
|
|-damage|p2a: Lopunny|108\/271 tox|[from] psn
|c|âBrazilian Army|is this bo3
|
|switch|p1a: Venusaur|Venusaur-Mega, M|357\/363
|-damage|p1a: Venusaur|312\/363|[from] Stealth Rock
|turn|44
|c|âBrazilian Army|?
|c|âWECAMEASROMANS|y
|
|switch|p2a: Ferrothorn|Ferrothorn, M|250\/332
|-damage|p2a: Ferrothorn|230\/332|[from] Stealth Rock
|move|p1a: Venusaur|Giga Drain|p2a: Ferrothorn
|-resisted|p2a: Ferrothorn
|-damage|p2a: Ferrothorn|211\/332
|-heal|p1a: Venusaur|322\/363|[from] drain|[of] p2a: Ferrothorn
|
|turn|45
|join|Scotti
|
|switch|p1a: Clefable|Clefable, M|351\/393
|move|p2a: Ferrothorn|Spikes|p1a: Clefable
|-sidestart|p1: WECAMEASROMANS|Spikes
|
|turn|46
|leave|AM
|
|move|p1a: Clefable|Calm Mind|p1a: Clefable
|-boost|p1a: Clefable|spa|1
|-boost|p1a: Clefable|spd|1
|move|p2a: Ferrothorn|Spikes|p1a: Clefable
|-sidestart|p1: WECAMEASROMANS|Spikes
|
|turn|47
|join|CleanerThanRotom-W
|join|Mistaken
|
|move|p1a: Clefable|Calm Mind|p1a: Clefable
|-boost|p1a: Clefable|spa|1
|-boost|p1a: Clefable|spd|1
|move|p2a: Ferrothorn|Power Whip|p1a: Clefable
|-damage|p1a: Clefable|218\/393
|
|turn|48
|leave|ThE0testing
|
|switch|p2a: Lopunny|Lopunny-Mega, M|108\/271 tox
|-damage|p2a: Lopunny|92\/271 tox|[from] Stealth Rock
|move|p1a: Clefable|Soft-Boiled|p1a: Clefable
|-heal|p1a: Clefable|393\/393
|
|-damage|p2a: Lopunny|76\/271 tox|[from] psn
|turn|49
|join|Omegasization
|join|Appreciation
|
|switch|p2a: Ferrothorn|Ferrothorn, M|211\/332
|-damage|p2a: Ferrothorn|191\/332|[from] Stealth Rock
|move|p1a: Clefable|Moonblast|p2a: Ferrothorn
|-resisted|p2a: Ferrothorn
|-damage|p2a: Ferrothorn|116\/332
|
|turn|50
|c|âBrazilian Army|gg
|leave|CleanerThanRotom-W
|c|âWECAMEASROMANS|gg
|
|move|p1a: Clefable|Moonblast|p2a: Ferrothorn
|-resisted|p2a: Ferrothorn
|-damage|p2a: Ferrothorn|46\/332
|-unboost|p2a: Ferrothorn|spa|1
|move|p2a: Ferrothorn|Power Whip|p1a: Clefable|[miss]
|-miss|p2a: Ferrothorn|p1a: Clefable
|
|turn|51
|leave|IamChow
|-message|Brazilian Army forfeited.
|
|move|p1a: Clefable|Moonblast|p2a: Ferrothorn
|-crit|p2a: Ferrothorn
|-resisted|p2a: Ferrothorn
|-damage|p2a: Ferrothorn|0 fnt
|faint|p2a: Ferrothorn
|
|leave|WECAMEASROMANS
|leave|wvwvwvwvwvwvwvwvwv
|
|win|WECAMEASROMANS