|join|Jukain
|join|WECAMEASROMANS
|player|p1|Jukain|291
|player|p2|WECAMEASROMANS|9
|gametype|singles
|gen|6
|tier|OU
|rated
|clearpoke
|poke|p1|Serperior, F
|poke|p1|Gyarados, F
|poke|p1|Latias, F
|poke|p1|Metagross
|poke|p1|Garchomp, M
|poke|p1|Talonflame, M
|poke|p2|Victini
|poke|p2|Altaria, F
|poke|p2|Starmie
|poke|p2|Hippowdon, F
|poke|p2|Tangrowth, M
|poke|p2|Zapdos
|rule|Swagger Clause: Swagger is banned
|rule|Baton Pass Clause: Limit one PokÃ©mon knowing Baton Pass
|rule|Sleep Clause Mod: Limit one foe put to sleep
|rule|Species Clause: Limit one of each PokÃ©mon
|rule|OHKO Clause: OHKO moves are banned
|rule|Moody Clause: Moody is banned
|rule|Evasion Moves Clause: Evasion moves are banned
|rule|Endless Battle Clause: Forcing endless battles is banned
|rule|HP Percentage Mod: HP is shown in percentages
|teampreview
|c|âWECAMEASROMANS|gl :3
|c|âJukain|damnit its wcar
|c|âJukain|i have to contend
|c|âJukain|glhf
|c|âJukain|:]
|c|âWECAMEASROMANS|you too n_n
|
|start
|switch|p1a: Garchomp|Garchomp, M|420\/420
|switch|p2a: Tangrowth|Tangrowth, M|403\/403
|turn|1
|
|move|p1a: Garchomp|Stealth Rock|p2a: Tangrowth
|-sidestart|p2: WECAMEASROMANS|move: Stealth Rock
|move|p2a: Tangrowth|Hidden Power|p1a: Garchomp
|-supereffective|p1a: Garchomp
|-damage|p1a: Garchomp|200\/420
|
|turn|2
|join|Bloodz
|join|king of spycrabs
|
|switch|p1a: Talonflame|Talonflame, M|317\/317
|move|p2a: Tangrowth|Hidden Power|p1a: Talonflame
|-damage|p1a: Talonflame|253\/317
|
|turn|3
|
|switch|p2a: Hippowdon|Hippowdon, F|416\/416
|-damage|p2a: Hippowdon|390\/416|[from] Stealth Rock
|-weather|Sandstorm
|move|p1a: Talonflame|U-turn|p2a: Hippowdon
|-damage|p2a: Hippowdon|323\/416
|
|switch|p1a: Serperior|Serperior, F|291\/291
|
|-weather|Sandstorm|[upkeep]
|-damage|p1a: Serperior|273\/291|[from] sandstorm
|-heal|p2a: Hippowdon|349\/416|[from] item: Leftovers
|turn|4
|c| king of spycrabs|JEWKAIN 4 #1 ON THE LADDER 2K15
|
|switch|p1a: Talonflame|Talonflame, M|253\/317
|switch|p2a: Tangrowth|Tangrowth, M|403\/403
|-damage|p2a: Tangrowth|353\/403|[from] Stealth Rock
|
|-weather|Sandstorm|[upkeep]
|-damage|p1a: Talonflame|234\/317|[from] sandstorm
|-damage|p2a: Tangrowth|328\/403|[from] sandstorm
|turn|5
|
|switch|p2a: Hippowdon|Hippowdon, F|349\/416
|-damage|p2a: Hippowdon|323\/416|[from] Stealth Rock
|move|p1a: Talonflame|U-turn|p2a: Hippowdon
|-damage|p2a: Hippowdon|259\/416
|
|switch|p1a: Gyarados|Gyarados, F|333\/333
|-ability|p1a: Gyarados|Intimidate|[of] p2a: Hippowdon
|-unboost|p2a: Hippowdon|atk|1
|
|-weather|Sandstorm|[upkeep]
|-damage|p1a: Gyarados|313\/333|[from] sandstorm
|-heal|p2a: Hippowdon|285\/416|[from] item: Leftovers
|turn|6
|
|switch|p2a: Tangrowth|Tangrowth, M|403\/403
|-damage|p2a: Tangrowth|353\/403|[from] Stealth Rock
|move|p1a: Gyarados|Waterfall|p2a: Tangrowth
|-resisted|p2a: Tangrowth
|-damage|p2a: Tangrowth|299\/403
|
|-weather|Sandstorm|[upkeep]
|-damage|p1a: Gyarados|293\/333|[from] sandstorm
|-damage|p2a: Tangrowth|274\/403|[from] sandstorm
|turn|7
|
|move|p1a: Gyarados|Bounce|p2a: Tangrowth|[still]
|-prepare|p1a: Gyarados|Bounce|p2a: Tangrowth
|move|p2a: Tangrowth|Knock Off|p1a: Gyarados|[miss]
|-miss|p2a: Tangrowth|p1a: Gyarados
|
|-weather|none
|turn|8
|
|switch|p2a: Zapdos|Zapdos|371\/371
|-damage|p2a: Zapdos|279\/371|[from] Stealth Rock
|-ability|p2a: Zapdos|Pressure
|move|p1a: Gyarados|Bounce|p2a: Zapdos
|-resisted|p2a: Zapdos
|-damage|p2a: Zapdos|192\/371
|
|-heal|p2a: Zapdos|215\/371|[from] item: Leftovers
|turn|9
|
|switch|p1a: Garchomp|Garchomp, M|200\/420
|move|p2a: Zapdos|Roost|p2a: Zapdos
|-heal|p2a: Zapdos|371\/371
|
|turn|10
|
|switch|p2a: Hippowdon|Hippowdon, F|285\/416
|-damage|p2a: Hippowdon|259\/416|[from] Stealth Rock
|-weather|Sandstorm
|move|p1a: Garchomp|Toxic|p2a: Hippowdon
|-status|p2a: Hippowdon|tox
|
|-weather|Sandstorm|[upkeep]
|-heal|p2a: Hippowdon|285\/416 tox|[from] item: Leftovers
|-damage|p2a: Hippowdon|259\/416 tox|[from] psn
|turn|11
|
|move|p2a: Hippowdon|Slack Off|p2a: Hippowdon
|-heal|p2a: Hippowdon|416\/416 tox
|move|p1a: Garchomp|Dragon Tail|p2a: Hippowdon
|-damage|p2a: Hippowdon|352\/416 tox
|drag|p2a: Starmie|Starmie|261\/261
|-damage|p2a: Starmie|229\/261|[from] Stealth Rock
|
|-weather|Sandstorm|[upkeep]
|-damage|p2a: Starmie|213\/261|[from] sandstorm
|turn|12
|
|move|p2a: Starmie|Ice Beam|p1a: Garchomp
|-supereffective|p1a: Garchomp
|-damage|p1a: Garchomp|0 fnt
|-damage|p2a: Starmie|187\/261|[from] item: Life Orb
|faint|p1a: Garchomp
|
|-weather|Sandstorm|[upkeep]
|-damage|p2a: Starmie|171\/261|[from] sandstorm
|
|switch|p1a: Talonflame|Talonflame, M|234\/317
|turn|13
|
|move|p1a: Talonflame|U-turn|p2a: Starmie
|-supereffective|p2a: Starmie
|-damage|p2a: Starmie|0 fnt
|faint|p2a: Starmie
|c| king of spycrabs|that was a nice long term play jew
|c|âWECAMEASROMANS|wtf who runs jolly cb
|c|âJukain|i do
|c| king of spycrabs|keeping rocks on the field like a champ
|
|switch|p1a: Gyarados|Gyarados, F|293\/333
|
|-weather|Sandstorm|[upkeep]
|-damage|p1a: Gyarados|273\/333|[from] sandstorm
|
|switch|p2a: Zapdos|Zapdos|371\/371
|-damage|p2a: Zapdos|279\/371|[from] Stealth Rock
|-ability|p2a: Zapdos|Pressure
|turn|14
|c| king of spycrabs|easiest flinch of ur life
|join|thepack
|
|switch|p1a: Latias|Latias, F|301\/301
|move|p2a: Zapdos|Roost|p2a: Zapdos
|-heal|p2a: Zapdos|371\/371
|
|-weather|none
|turn|15
|join|NagariNewMETA
|c| NagariNewMETA|is this laddeR?
|join|Alkov
|
|move|p1a: Latias|Psyshock|p2a: Zapdos
|-damage|p2a: Zapdos|188\/371
|-damage|p1a: Latias|271\/301|[from] item: Life Orb
|move|p2a: Zapdos|Roost|p2a: Zapdos
|-heal|p2a: Zapdos|371\/371
|
|turn|16
|
|move|p1a: Latias|Psyshock|p2a: Zapdos
|-damage|p2a: Zapdos|183\/371
|-damage|p1a: Latias|241\/301|[from] item: Life Orb
|move|p2a: Zapdos|Roost|p2a: Zapdos
|-heal|p2a: Zapdos|369\/371
|
|-heal|p2a: Zapdos|371\/371|[from] item: Leftovers
|turn|17
|c| NagariNewMETA|oml
|join|Justin T1
|c| NagariNewMETA|Jukain with offense
|
|switch|p1a: Metagross|Metagross|301\/301
|switch|p2a: Tangrowth|Tangrowth, M|403\/403
|-damage|p2a: Tangrowth|353\/403|[from] Stealth Rock
|
|turn|18
|
|detailschange|p1a: Metagross|Metagross-Mega
|-mega|p1a: Metagross|Metagross|Metagrossite
|move|p1a: Metagross|Meteor Mash|p2a: Tangrowth
|-damage|p2a: Tangrowth|179\/403
|-boost|p1a: Metagross|atk|1
|move|p2a: Tangrowth|Earthquake|p1a: Metagross
|-supereffective|p1a: Metagross
|-damage|p1a: Metagross|199\/301
|
|turn|19
|join|Ill leave
|
|switch|p2a: Victini|Victini|393\/393
|-damage|p2a: Victini|295\/393|[from] Stealth Rock
|move|p1a: Metagross|Meteor Mash|p2a: Victini
|-resisted|p2a: Victini
|-damage|p2a: Victini|134\/393
|
|-heal|p2a: Victini|158\/393|[from] item: Leftovers
|turn|20
|
|move|p1a: Metagross|Meteor Mash|p2a: Victini
|-crit|p2a: Victini
|-resisted|p2a: Victini
|-damage|p2a: Victini|0 fnt
|faint|p2a: Victini
|
|
|switch|p2a: Hippowdon|Hippowdon, F|352\/416 tox
|-damage|p2a: Hippowdon|326\/416 tox|[from] Stealth Rock
|-weather|Sandstorm
|turn|21
|join|daftmau5
|
|move|p1a: Metagross|Zen Headbutt|p2a: Hippowdon
|-damage|p2a: Hippowdon|128\/416 tox
|move|p2a: Hippowdon|Earthquake|p1a: Metagross
|-supereffective|p1a: Metagross
|-damage|p1a: Metagross|11\/301
|
|-weather|Sandstorm|[upkeep]
|-heal|p2a: Hippowdon|154\/416 tox|[from] item: Leftovers
|-damage|p2a: Hippowdon|128\/416 tox|[from] psn
|turn|22
|join|Alldaalts
|
|move|p1a: Metagross|Meteor Mash|p2a: Hippowdon|[miss]
|-miss|p1a: Metagross|p2a: Hippowdon
|move|p2a: Hippowdon|Stealth Rock|p1a: Metagross
|-sidestart|p1: Jukain|move: Stealth Rock
|
|-weather|Sandstorm|[upkeep]
|-heal|p2a: Hippowdon|154\/416 tox|[from] item: Leftovers
|-damage|p2a: Hippowdon|102\/416 tox|[from] psn
|turn|23
|c| NagariNewMETA|lol
|
|move|p1a: Metagross|Meteor Mash|p2a: Hippowdon
|-damage|p2a: Hippowdon|0 fnt
|faint|p2a: Hippowdon
|
|-weather|Sandstorm|[upkeep]
|leave|Alldaalts
|
|switch|p2a: Tangrowth|Tangrowth, M|313\/403
|-damage|p2a: Tangrowth|263\/403|[from] Stealth Rock
|turn|24
|
|switch|p2a: Altaria|Altaria, F|353\/353
|-damage|p2a: Altaria|265\/353|[from] Stealth Rock
|move|p1a: Metagross|Meteor Mash|p2a: Altaria
|-damage|p2a: Altaria|0 fnt
|-boost|p1a: Metagross|atk|1
|faint|p2a: Altaria
|
|-weather|Sandstorm|[upkeep]
|c| Alkov|lol
|c| NagariNewMETA|wow
|
|switch|p2a: Tangrowth|Tangrowth, M|397\/403
|-damage|p2a: Tangrowth|347\/403|[from] Stealth Rock
|turn|25
|
|move|p1a: Metagross|Meteor Mash|p2a: Tangrowth
|-damage|p2a: Tangrowth|23\/403
|move|p2a: Tangrowth|Giga Drain|p1a: Metagross
|-resisted|p1a: Metagross
|-damage|p1a: Metagross|0 fnt
|-heal|p2a: Tangrowth|29\/403|[from] drain|[of] p1a: Metagross
|faint|p1a: Metagross
|
|-weather|none
|c|âJukain|LOL
|c| Bloodz|wtf
|c| Bloodz|the bulk
|c| Ill leave|delicious
|c|âJukain|tangrowth is just too bulky for this game
|c| Bloodz|how the fuck
|c| Bloodz|did it eat it up
|c| NagariNewMETA|p much
|c| NagariNewMETA|the gross counter
|
|switch|p1a: Gyarados|Gyarados, F|273\/333
|-damage|p1a: Gyarados|190\/333|[from] Stealth Rock
|-ability|p1a: Gyarados|Intimidate|[of] p2a: Tangrowth
|-unboost|p2a: Tangrowth|atk|1
|turn|26
|c| Ill leave|tangela is bulkier in def i think
|
|switch|p2a: Zapdos|Zapdos|371\/371
|-damage|p2a: Zapdos|279\/371|[from] Stealth Rock
|-ability|p2a: Zapdos|Pressure
|move|p1a: Gyarados|Dragon Dance|p1a: Gyarados
|-boost|p1a: Gyarados|atk|1
|-boost|p1a: Gyarados|spe|1
|
|-heal|p2a: Zapdos|302\/371|[from] item: Leftovers
|turn|27
|c| Ill leave|with eviolite
|
|move|p1a: Gyarados|Waterfall|p2a: Zapdos
|-damage|p2a: Zapdos|46\/371
|move|p2a: Zapdos|Thunderbolt|p1a: Gyarados
|-supereffective|p1a: Gyarados
|-damage|p1a: Gyarados|0 fnt
|faint|p1a: Gyarados
|
|-heal|p2a: Zapdos|69\/371|[from] item: Leftovers
|
|switch|p1a: Latias|Latias, F|241\/301
|-damage|p1a: Latias|204\/301|[from] Stealth Rock
|turn|28
|
|move|p1a: Latias|Psyshock|p2a: Zapdos
|-damage|p2a: Zapdos|0 fnt
|-damage|p1a: Latias|174\/301|[from] item: Life Orb
|faint|p2a: Zapdos
|
|
|switch|p2a: Tangrowth|Tangrowth, M|163\/403
|-damage|p2a: Tangrowth|113\/403|[from] Stealth Rock
|turn|29
|
|move|p1a: Latias|Psyshock|p2a: Tangrowth
|-damage|p2a: Tangrowth|0 fnt
|-damage|p1a: Latias|144\/301|[from] item: Life Orb
|faint|p2a: Tangrowth
|
|win|Jukain
|raw|Ladder updating...
|raw|Jukain's rating: 1862 &rarr; <strong>1874<\/strong><br \/>(+12 for winning)
|raw|WECAMEASROMANS's rating: 1704 &rarr; <strong>1692<\/strong><br \/>(-12 for losing)
|c|âWECAMEASROMANS|gg
|c|âJukain|gg
|leave|WECAMEASROMANS
|player|p2
|c| NagariNewMETA|gg
|leave|thepack
|c|âJukain|ahh
|c|âJukain|there it is
|leave|Bloodz
|leave|Jukain
|player|p1
|c| NagariNewMETA|YES
|leave|Alkov
|leave|NagariNewMETA
|leave|Ill leave
|leave|king of spycrabs
|leave|Justin T1
|join|Frogtaco
|leave|Frogtaco