|join|Brazilian Army
|join|WECAMEASROMANS
|join|I Ship TDKDraeden
|join|Alldaalts
|join|cosine180
|join|gizmo
|join|Ox the Box
|join|Yuttt.annual
|join|SeventyFive
|join|Omegasization
|player|p1|Brazilian Army|2
|player|p2|WECAMEASROMANS|102
|gametype|singles
|gen|6
|tier|OU
|clearpoke
|poke|p1|Hippowdon, M
|poke|p1|Charizard, F
|poke|p1|Gengar, M
|poke|p1|Latios, M
|poke|p1|Ferrothorn, M
|poke|p1|Rotom-Wash
|poke|p2|Slowbro, F
|poke|p2|Chesnaught, F
|poke|p2|Raikou
|poke|p2|Heatran, F
|poke|p2|Dragonite, F
|poke|p2|Clefable, M
|rule|Swagger Clause: Swagger is banned
|rule|Baton Pass Clause: Limit one PokÃ©mon knowing Baton Pass
|rule|Sleep Clause Mod: Limit one foe put to sleep
|rule|Species Clause: Limit one of each PokÃ©mon
|rule|OHKO Clause: OHKO moves are banned
|rule|Moody Clause: Moody is banned
|rule|Evasion Moves Clause: Evasion moves are banned
|rule|Endless Battle Clause: Forcing endless battles is banned
|rule|HP Percentage Mod: HP is shown in percentages
|teampreview
|c| Yuttt.annual|watch it be
|join|IamChow
|join|Dark380
|join|Scotti
|raw|<div class="broadcast-red"><b>Moderated chat was set to +!<\/b><br \/>Only users of rank + and higher can talk.<\/div>
|join|CleanerThanRotom-W
|join|TheLaughingCats
|join|Arcanine is Regal
|join|fingerscrossed
|join|Prankster
|join|Bloodz
|join|Fedayi
|c|+fingerscrossed|is this for something
|join|A2tehBR
|join|monophobia
|join|808 & Heartbreak
|join|c1one
|join|Braken ToTheStars
|c|âBrazilian Army|OST
|
|start
|switch|p1a: Hippowdon|Hippowdon, M|420\/420
|switch|p2a: Chesnaught|Chesnaught, F|379\/379
|-weather|Sandstorm
|turn|1
|join|TheSkyAboveUs
|
|switch|p1a: Charizard|Charizard, F|297\/297
|move|p2a: Chesnaught|Spikes|p1a: Charizard
|-sidestart|p1: Brazilian Army|Spikes
|
|-weather|Sandstorm|[upkeep]
|-damage|p1a: Charizard|279\/297|[from] sandstorm
|-damage|p2a: Chesnaught|356\/379|[from] sandstorm
|-heal|p2a: Chesnaught|379\/379|[from] item: Leftovers
|turn|2
|join|I'm Bi...sharp
|
|switch|p2a: Dragonite|Dragonite, F|385\/385
|detailschange|p1a: Charizard|Charizard-Mega-Y, F
|-mega|p1a: Charizard|Charizard|Charizardite Y
|-weather|SunnyDay
|move|p1a: Charizard|Solar Beam|p2a: Dragonite|[still]
|-prepare|p1a: Charizard|Solar Beam|p2a: Dragonite
|-anim|p1a: Charizard|Solar Beam|p2a: Dragonite
|-resisted|p2a: Dragonite
|-damage|p2a: Dragonite|369\/385
|
|-weather|SunnyDay|[upkeep]
|-heal|p2a: Dragonite|385\/385|[from] item: Leftovers
|turn|3
|
|switch|p1a: Hippowdon|Hippowdon, M|420\/420
|-damage|p1a: Hippowdon|368\/420|[from] Spikes
|-weather|Sandstorm
|switch|p2a: Heatran|Heatran, F|337\/337
|
|-weather|Sandstorm|[upkeep]
|-heal|p1a: Hippowdon|394\/420|[from] item: Leftovers
|turn|4
|join|All Together Now
|join|MoB Barley
|join|exodia15
|leave|exodia15
|
|switch|p2a: Chesnaught|Chesnaught, F|379\/379
|move|p1a: Hippowdon|Stealth Rock|p2a: Chesnaught
|-sidestart|p2: WECAMEASROMANS|move: Stealth Rock
|
|-weather|Sandstorm|[upkeep]
|-damage|p2a: Chesnaught|356\/379|[from] sandstorm
|-heal|p2a: Chesnaught|379\/379|[from] item: Leftovers
|-heal|p1a: Hippowdon|420\/420|[from] item: Leftovers
|turn|5
|
|switch|p1a: Gengar|Gengar, M|261\/261
|move|p2a: Chesnaught|Spikes|p1a: Gengar
|-sidestart|p1: Brazilian Army|Spikes
|
|-weather|Sandstorm|[upkeep]
|-damage|p1a: Gengar|245\/261|[from] sandstorm
|-damage|p2a: Chesnaught|356\/379|[from] sandstorm
|-heal|p2a: Chesnaught|379\/379|[from] item: Leftovers
|turn|6
|join|Justin T1
|leave|MoB Barley
|
|switch|p1a: Latios|Latios, M|301\/301
|switch|p2a: Raikou|Raikou|321\/321
|-damage|p2a: Raikou|281\/321|[from] Stealth Rock
|-ability|p2a: Raikou|Pressure
|
|-weather|Sandstorm|[upkeep]
|-damage|p2a: Raikou|261\/321|[from] sandstorm
|-damage|p1a: Latios|283\/301|[from] sandstorm
|turn|7
|
|move|p2a: Raikou|Volt Switch|p1a: Latios
|-resisted|p1a: Latios
|-damage|p1a: Latios|234\/301
|leave|All Together Now
|
|switch|p2a: Heatran|Heatran, F|337\/337
|-damage|p2a: Heatran|295\/337|[from] Stealth Rock
|move|p1a: Latios|Roost|p1a: Latios
|-heal|p1a: Latios|301\/301
|
|-weather|none
|-heal|p2a: Heatran|316\/337|[from] item: Leftovers
|turn|8
|
|switch|p1a: Rotom-Wash|Rotom-Wash|294\/294
|move|p2a: Heatran|Stealth Rock|p1a: Rotom-Wash
|-sidestart|p1: Brazilian Army|move: Stealth Rock
|
|-heal|p2a: Heatran|337\/337|[from] item: Leftovers
|turn|9
|leave|808 & Heartbreak
|join|808 & Heartbreak
|
|switch|p2a: Chesnaught|Chesnaught, F|379\/379
|-damage|p2a: Chesnaught|356\/379|[from] Stealth Rock
|move|p1a: Rotom-Wash|Hydro Pump|p2a: Chesnaught
|-resisted|p2a: Chesnaught
|-damage|p2a: Chesnaught|267\/379
|
|-heal|p2a: Chesnaught|290\/379|[from] item: Leftovers
|turn|10
|
|move|p1a: Rotom-Wash|Will-O-Wisp|p2a: Chesnaught
|-status|p2a: Chesnaught|brn
|move|p2a: Chesnaught|Leech Seed|p1a: Rotom-Wash
|-start|p1a: Rotom-Wash|move: Leech Seed
|
|-heal|p2a: Chesnaught|313\/379 brn|[from] item: Leftovers
|-damage|p1a: Rotom-Wash|258\/294|[from] Leech Seed|[of] p2a: Chesnaught
|-heal|p2a: Chesnaught|349\/379 brn|[silent]
|-damage|p2a: Chesnaught|302\/379 brn|[from] brn
|turn|11
|join|YOLOTURZEL
|
|switch|p1a: Ferrothorn|Ferrothorn, M|332\/332
|-damage|p1a: Ferrothorn|277\/332|[from] Spikes
|-damage|p1a: Ferrothorn|257\/332|[from] Stealth Rock
|move|p2a: Chesnaught|Leech Seed|p1a: Ferrothorn
|-immune|p1a: Ferrothorn|[msg]
|
|-heal|p2a: Chesnaught|325\/379 brn|[from] item: Leftovers
|-heal|p1a: Ferrothorn|277\/332|[from] item: Leftovers
|-damage|p2a: Chesnaught|278\/379 brn|[from] brn
|turn|12
|leave|CleanerThanRotom-W
|
|switch|p2a: Heatran|Heatran, F|337\/337
|-damage|p2a: Heatran|295\/337|[from] Stealth Rock
|switch|p1a: Gengar|Gengar, M|245\/261
|-damage|p1a: Gengar|213\/261|[from] Stealth Rock
|
|-heal|p2a: Heatran|316\/337|[from] item: Leftovers
|turn|13
|c|âWECAMEASROMANS|tets
|c|âWECAMEASROMANS|test
|join|Mistaken
|c|âWECAMEASROMANS|ok
|c|+fingerscrossed|teets*
|
|move|p1a: Gengar|Focus Blast|p2a: Heatran
|-supereffective|p2a: Heatran
|-damage|p2a: Heatran|0 fnt
|-damage|p1a: Gengar|187\/261|[from] item: Life Orb
|faint|p2a: Heatran
|
|c|âBrazilian Army|problems?
|join|Praj.pran
|
|switch|p2a: Raikou|Raikou|261\/321
|-damage|p2a: Raikou|221\/321|[from] Stealth Rock
|-ability|p2a: Raikou|Pressure
|turn|14
|join|CleanerThanRotom-W
|
|switch|p1a: Ferrothorn|Ferrothorn, M|277\/332
|-damage|p1a: Ferrothorn|222\/332|[from] Spikes
|-damage|p1a: Ferrothorn|202\/332|[from] Stealth Rock
|move|p2a: Raikou|Shadow Ball|p1a: Ferrothorn
|-damage|p1a: Ferrothorn|142\/332
|
|-heal|p1a: Ferrothorn|162\/332|[from] item: Leftovers
|turn|15
|c|âWECAMEASROMANS|im gud
|join|MoB Barley
|
|move|p2a: Raikou|Volt Switch|p1a: Ferrothorn
|-resisted|p1a: Ferrothorn
|-damage|p1a: Ferrothorn|120\/332
|
|switch|p2a: Chesnaught|Chesnaught, F|278\/379 brn
|-damage|p2a: Chesnaught|255\/379 brn|[from] Stealth Rock
|move|p1a: Ferrothorn|Spikes|p2a: Chesnaught
|-sidestart|p2: WECAMEASROMANS|Spikes
|
|-heal|p2a: Chesnaught|278\/379 brn|[from] item: Leftovers
|-heal|p1a: Ferrothorn|140\/332|[from] item: Leftovers
|-damage|p2a: Chesnaught|231\/379 brn|[from] brn
|turn|16
|
|move|p2a: Chesnaught|Drain Punch|p1a: Ferrothorn
|-supereffective|p1a: Ferrothorn
|-damage|p1a: Ferrothorn|80\/332
|-heal|p2a: Chesnaught|261\/379 brn|[from] drain|[of] p1a: Ferrothorn
|-damage|p2a: Chesnaught|214\/379 brn|[from] ability: Iron Barbs|[of] p1a: Ferrothorn
|move|p1a: Ferrothorn|Knock Off|p2a: Chesnaught
|-resisted|p2a: Chesnaught
|-damage|p2a: Chesnaught|190\/379 brn
|-enditem|p2a: Chesnaught|Leftovers|[from] move: Knock Off|[of] p1a: Ferrothorn
|
|-heal|p1a: Ferrothorn|100\/332|[from] item: Leftovers
|-damage|p2a: Chesnaught|143\/379 brn|[from] brn
|turn|17
|join|Trilodon
|
|switch|p1a: Latios|Latios, M|301\/301
|-damage|p1a: Latios|264\/301|[from] Stealth Rock
|move|p2a: Chesnaught|Synthesis|p2a: Chesnaught
|-heal|p2a: Chesnaught|332\/379 brn
|
|-damage|p2a: Chesnaught|285\/379 brn|[from] brn
|turn|18
|leave|Trilodon
|
|move|p1a: Latios|Psyshock|p2a: Chesnaught
|-supereffective|p2a: Chesnaught
|-damage|p2a: Chesnaught|64\/379 brn
|-damage|p1a: Latios|234\/301|[from] item: Life Orb
|move|p2a: Chesnaught|Leech Seed|p1a: Latios
|-start|p1a: Latios|move: Leech Seed
|
|-damage|p1a: Latios|197\/301|[from] Leech Seed|[of] p2a: Chesnaught
|-heal|p2a: Chesnaught|101\/379 brn|[silent]
|-damage|p2a: Chesnaught|54\/379 brn|[from] brn
|turn|19
|join|mhawk
|join|Jefo
|join|Draco Meteora
|
|switch|p2a: Clefable|Clefable, M|393\/393
|-damage|p2a: Clefable|344\/393|[from] Spikes
|-damage|p2a: Clefable|295\/393|[from] Stealth Rock
|move|p1a: Latios|Defog|p2a: Clefable
|-unboost|p2a: Clefable|evasion|1
|-sideend|p2: WECAMEASROMANS|Spikes|[from] move: Defog|[of] p2a: Clefable
|-sideend|p2: WECAMEASROMANS|Stealth Rock|[from] move: Defog|[of] p2a: Clefable
|-sideend|p1: Brazilian Army|Spikes|[from] move: Defog|[of] p1a: Latios
|-sideend|p1: Brazilian Army|Stealth Rock|[from] move: Defog|[of] p1a: Latios
|
|-heal|p2a: Clefable|319\/393|[from] item: Leftovers
|-damage|p1a: Latios|160\/301|[from] Leech Seed|[of] p2a: Clefable
|-heal|p2a: Clefable|356\/393|[silent]
|turn|20
|
|switch|p1a: Charizard|Charizard-Mega-Y, F|279\/297
|-weather|SunnyDay
|move|p2a: Clefable|Calm Mind|p2a: Clefable
|-boost|p2a: Clefable|spa|1
|-boost|p2a: Clefable|spd|1
|
|-weather|SunnyDay|[upkeep]
|-heal|p2a: Clefable|380\/393|[from] item: Leftovers
|turn|21
|
|move|p1a: Charizard|Fire Blast|p2a: Clefable
|-damage|p2a: Clefable|122\/393
|move|p2a: Clefable|Moonlight|p2a: Clefable
|-heal|p2a: Clefable|384\/393
|
|-weather|SunnyDay|[upkeep]
|-heal|p2a: Clefable|393\/393|[from] item: Leftovers
|turn|22
|join|GoaoTwo
|join|TheBlueSun
|join|molgeraa
|join|cancerouuus
|
|move|p1a: Charizard|Fire Blast|p2a: Clefable
|-damage|p2a: Clefable|162\/393
|-status|p2a: Clefable|brn
|move|p2a: Clefable|Calm Mind|p2a: Clefable
|-boost|p2a: Clefable|spa|1
|-boost|p2a: Clefable|spd|1
|
|-weather|SunnyDay|[upkeep]
|-heal|p2a: Clefable|186\/393 brn|[from] item: Leftovers
|-damage|p2a: Clefable|137\/393 brn|[from] brn
|turn|23
|join|Trauer
|join|Prankster
|join|Silver99
|join|Professional 01
|
|move|p1a: Charizard|Fire Blast|p2a: Clefable
|-damage|p2a: Clefable|0 fnt
|faint|p2a: Clefable
|
|-weather|SunnyDay|[upkeep]
|leave|YOLOTURZEL
|
|switch|p2a: Dragonite|Dragonite, F|385\/385
|turn|24
|join|Wiz BITG
|join|Nagarii
|
|switch|p1a: Hippowdon|Hippowdon, M|420\/420
|-weather|Sandstorm
|switch|p2a: fun|Slowbro, F|393\/393
|
|-weather|Sandstorm|[upkeep]
|-damage|p2a: fun|369\/393|[from] sandstorm
|turn|25
|join|YOLOTURZEL
|leave|YOLOTURZEL
|
|switch|p1a: Rotom-Wash|Rotom-Wash|258\/294
|move|p2a: fun|Calm Mind|p2a: fun
|-boost|p2a: fun|spa|1
|-boost|p2a: fun|spd|1
|
|-weather|Sandstorm|[upkeep]
|-damage|p1a: Rotom-Wash|240\/294|[from] sandstorm
|-damage|p2a: fun|345\/393|[from] sandstorm
|-heal|p1a: Rotom-Wash|258\/294|[from] item: Leftovers
|turn|26
|
|move|p1a: Rotom-Wash|Will-O-Wisp|p2a: fun
|-status|p2a: fun|brn
|move|p2a: fun|Slack Off|p2a: fun
|-heal|p2a: fun|393\/393 brn
|
|-weather|Sandstorm|[upkeep]
|-damage|p1a: Rotom-Wash|240\/294|[from] sandstorm
|-damage|p2a: fun|369\/393 brn|[from] sandstorm
|-heal|p1a: Rotom-Wash|258\/294|[from] item: Leftovers
|-damage|p2a: fun|320\/393 brn|[from] brn
|turn|27
|join|exodia15
|join|jerry85
|leave|exodia15
|
|move|p1a: Rotom-Wash|Volt Switch|p2a: fun
|-supereffective|p2a: fun
|-damage|p2a: fun|206\/393 brn
|leave|CleanerThanRotom-W
|
|switch|p1a: Ferrothorn|Ferrothorn, M|100\/332
|move|p2a: fun|Calm Mind|p2a: fun
|-boost|p2a: fun|spa|1
|-boost|p2a: fun|spd|1
|
|-weather|Sandstorm|[upkeep]
|-damage|p2a: fun|182\/393 brn|[from] sandstorm
|-heal|p1a: Ferrothorn|120\/332|[from] item: Leftovers
|-damage|p2a: fun|133\/393 brn|[from] brn
|turn|28
|
|detailschange|p2a: fun|Slowbro-Mega, F
|-mega|p2a: fun|Slowbro|Slowbronite
|move|p2a: fun|Slack Off|p2a: fun
|-heal|p2a: fun|330\/393 brn
|move|p1a: Ferrothorn|Knock Off|p2a: fun
|-supereffective|p2a: fun
|-damage|p2a: fun|282\/393 brn
|
|-weather|none
|-heal|p1a: Ferrothorn|140\/332|[from] item: Leftovers
|-damage|p2a: fun|233\/393 brn|[from] brn
|turn|29
|
|move|p2a: fun|Slack Off|p2a: fun
|-heal|p2a: fun|393\/393 brn
|move|p1a: Ferrothorn|Leech Seed|p2a: fun
|-start|p2a: fun|move: Leech Seed
|
|-heal|p1a: Ferrothorn|160\/332|[from] item: Leftovers
|-damage|p2a: fun|344\/393 brn|[from] Leech Seed|[of] p1a: Ferrothorn
|-heal|p1a: Ferrothorn|209\/332|[silent]
|-damage|p2a: fun|295\/393 brn|[from] brn
|turn|30
|
|move|p2a: fun|Calm Mind|p2a: fun
|-boost|p2a: fun|spa|1
|-boost|p2a: fun|spd|1
|move|p1a: Ferrothorn|Power Whip|p2a: fun
|-supereffective|p2a: fun
|-damage|p2a: fun|163\/393 brn
|
|-heal|p1a: Ferrothorn|229\/332|[from] item: Leftovers
|-damage|p2a: fun|114\/393 brn|[from] Leech Seed|[of] p1a: Ferrothorn
|-heal|p1a: Ferrothorn|278\/332|[silent]
|-damage|p2a: fun|65\/393 brn|[from] brn
|turn|31
|join|Puckhead
|
|move|p2a: fun|Slack Off|p2a: fun
|-heal|p2a: fun|262\/393 brn
|move|p1a: Ferrothorn|Power Whip|p2a: fun
|-supereffective|p2a: fun
|-damage|p2a: fun|128\/393 brn
|
|-heal|p1a: Ferrothorn|298\/332|[from] item: Leftovers
|-damage|p2a: fun|79\/393 brn|[from] Leech Seed|[of] p1a: Ferrothorn
|-heal|p1a: Ferrothorn|332\/332|[silent]
|-damage|p2a: fun|30\/393 brn|[from] brn
|turn|32
|
|move|p2a: fun|Slack Off|p2a: fun
|-heal|p2a: fun|227\/393 brn
|move|p1a: Ferrothorn|Power Whip|p2a: fun
|-supereffective|p2a: fun
|-damage|p2a: fun|83\/393 brn
|
|-damage|p2a: fun|34\/393 brn|[from] Leech Seed|[of] p1a: Ferrothorn
|-damage|p2a: fun|0 fnt|[from] brn
|faint|p2a: fun
|c|âWECAMEASROMANS|gg
|-message|WECAMEASROMANS forfeited.
|leave|WECAMEASROMANS
|leave|MoB Barley
|leave|Scotti
|leave|monophobia
|leave|TheBlueSun
|leave|A2tehBR
|c|âBrazilian Army|gg
|leave|Yuttt.annual
|leave|Fedayi
|
|win|Brazilian Army
|leave|Silver99
|leave|Professional 01
|leave|Bloodz
|leave|IamChow
|leave|cosine180
|player|p2
|leave|Arcanine is Regal
|leave|Alldaalts
|leave|Ox the Box
|leave|gizmo
|leave|fingerscrossed
|leave|Draco Meteora
|leave|molgeraa
|leave|mhawk
|leave|TheSkyAboveUs
|leave|Praj.pran
|leave|cancerouuus
|leave|Nagarii
|leave|c1one
|leave|SeventyFive
|join|fingerscrossed
|leave|jerry85
|leave|Dark380
|leave|Wiz BITG
|leave|808 & Heartbreak
|leave|Prankster
|join|IamChow
|leave|IamChow
|leave|Jefo
|leave|GoaoTwo
|player|p1|Guest 1063632|2