|join|WECAMEASROMANS
|join|Appert
|player|p1|WECAMEASROMANS|170
|player|p2|Appert|87
|gametype|singles
|gen|6
|tier|OU
|rated
|clearpoke
|poke|p1|Thundurus, M
|poke|p1|Landorus, M
|poke|p1|Bisharp, F
|poke|p1|Klefki, F
|poke|p1|Lopunny, F
|poke|p1|Azumarill, M
|poke|p2|Forretress, M
|poke|p2|Rotom-Wash
|poke|p2|Scizor, F
|poke|p2|Thundurus, M
|poke|p2|Gliscor, M
|poke|p2|Charizard, F
|rule|Swagger Clause: Swagger is banned
|rule|Baton Pass Clause: Limit one PokÃ©mon knowing Baton Pass
|rule|Sleep Clause Mod: Limit one foe put to sleep
|rule|Species Clause: Limit one of each PokÃ©mon
|rule|OHKO Clause: OHKO moves are banned
|rule|Moody Clause: Moody is banned
|rule|Evasion Moves Clause: Evasion moves are banned
|rule|Endless Battle Clause: Forcing endless battles is banned
|rule|HP Percentage Mod: HP is shown in percentages
|teampreview
|
|start
|switch|p1a: Landorus|Landorus, M|319\/319
|switch|p2a: Forretress|Forretress, M|354\/354
|turn|1
|
|move|p1a: Landorus|Earth Power|p2a: Forretress
|-crit|p2a: Forretress
|-activate|p2a: Forretress|Sturdy
|-damage|p2a: Forretress|1\/354
|move|p2a: Forretress|Stealth Rock|p1a: Landorus
|-sidestart|p1: WECAMEASROMANS|move: Stealth Rock
|
|-heal|p2a: Forretress|23\/354|[from] item: Leftovers
|turn|2
|
|move|p1a: Landorus|Stealth Rock|p2a: Forretress
|-sidestart|p2: Appert|move: Stealth Rock
|move|p2a: Forretress|Gyro Ball|p1a: Landorus
|-damage|p1a: Landorus|192\/319
|
|-heal|p2a: Forretress|45\/354|[from] item: Leftovers
|turn|3
|
|move|p1a: Landorus|Psychic|p2a: Forretress
|-resisted|p2a: Forretress
|-damage|p2a: Forretress|0 fnt
|faint|p2a: Forretress
|
|
|switch|p2a: Rotom-Wash|Rotom-Wash|304\/304
|-damage|p2a: Rotom-Wash|266\/304|[from] Stealth Rock
|turn|4
|
|move|p1a: Landorus|Focus Blast|p2a: Rotom-Wash|[miss]
|-miss|p1a: Landorus|p2a: Rotom-Wash
|move|p2a: Rotom-Wash|Volt Switch|p1a: Landorus
|-immune|p1a: Landorus|[msg]
|
|-heal|p2a: Rotom-Wash|285\/304|[from] item: Leftovers
|turn|5
|
|move|p1a: Landorus|Focus Blast|p2a: Rotom-Wash|[miss]
|-miss|p1a: Landorus|p2a: Rotom-Wash
|move|p2a: Rotom-Wash|Hydro Pump|p1a: Landorus
|-supereffective|p1a: Landorus
|-damage|p1a: Landorus|0 fnt
|faint|p1a: Landorus
|
|-heal|p2a: Rotom-Wash|304\/304|[from] item: Leftovers
|
|switch|p1a: Thundurus|Thundurus, M|299\/299
|-damage|p1a: Thundurus|225\/299|[from] Stealth Rock
|turn|6
|
|move|p1a: Thundurus|Thunderbolt|p2a: Rotom-Wash
|-damage|p2a: Rotom-Wash|101\/304
|-damage|p1a: Thundurus|196\/299|[from] item: Life Orb
|move|p2a: Rotom-Wash|Volt Switch|p1a: Thundurus
|-damage|p1a: Thundurus|99\/299
|
|switch|p2a: Thundurus|Thundurus, M|299\/299
|-damage|p2a: Thundurus|225\/299|[from] Stealth Rock
|
|turn|7
|
|move|p1a: Thundurus|Thunderbolt|p2a: Thundurus
|-damage|p2a: Thundurus|0 fnt
|-damage|p1a: Thundurus|70\/299|[from] item: Life Orb
|faint|p2a: Thundurus
|
|
|switch|p2a: Scizor|Scizor, F|301\/301
|-damage|p2a: Scizor|264\/301|[from] Stealth Rock
|turn|8
|
|move|p2a: Scizor|Bullet Punch|p1a: Thundurus
|-resisted|p1a: Thundurus
|-damage|p1a: Thundurus|0 fnt
|faint|p1a: Thundurus
|
|
|switch|p1a: Azumarill|Azumarill, M|358\/358
|-damage|p1a: Azumarill|314\/358|[from] Stealth Rock
|turn|9
|
|move|p2a: Scizor|Bullet Punch|p1a: Azumarill
|-crit|p1a: Azumarill
|-damage|p1a: Azumarill|16\/358
|move|p1a: Azumarill|Waterfall|p2a: Scizor
|-damage|p2a: Scizor|26\/301
|
|turn|10
|
|move|p2a: Scizor|Bullet Punch|p1a: Azumarill
|-damage|p1a: Azumarill|0 fnt
|faint|p1a: Azumarill
|
|
|switch|p1a: Lopunny|Lopunny, F|271\/271
|-damage|p1a: Lopunny|238\/271|[from] Stealth Rock
|turn|11
|
|switch|p2a: Charizard|Charizard, F|297\/297
|-damage|p2a: Charizard|149\/297|[from] Stealth Rock
|detailschange|p1a: Lopunny|Lopunny-Mega, F
|-mega|p1a: Lopunny|Lopunny|Lopunnite
|move|p1a: Lopunny|Fake Out|p2a: Charizard
|-crit|p2a: Charizard
|-damage|p2a: Charizard|10\/297
|
|turn|12
|
|detailschange|p2a: Charizard|Charizard-Mega-X, F
|-mega|p2a: Charizard|Charizard|Charizardite X
|move|p1a: Lopunny|Return|p2a: Charizard
|-damage|p2a: Charizard|0 fnt
|faint|p2a: Charizard
|
|
|switch|p2a: Scizor|Scizor, F|26\/301
|-damage|p2a: Scizor|0 fnt|[from] Stealth Rock
|faint|p2a: Scizor
|
|switch|p2a: Gliscor|Gliscor, M|353\/353
|-damage|p2a: Gliscor|309\/353|[from] Stealth Rock
|turn|13
|
|move|p1a: Lopunny|Ice Punch|p2a: Gliscor
|-crit|p2a: Gliscor
|-supereffective|p2a: Gliscor
|-damage|p2a: Gliscor|0 fnt
|faint|p2a: Gliscor
|
|-message|Appert forfeited.
|
|win|WECAMEASROMANS
|raw|Ladder updating...
|raw|WECAMEASROMANS's rating: 1616 &rarr; <strong>1630<\/strong><br \/>(+14 for winning)
|raw|Appert's rating: 1510 &rarr; <strong>1496<\/strong><br \/>(-14 for losing)
|leave|WECAMEASROMANS
|player|p1