|join|WECAMEASROMANS
|join|Bl153
|player|p1|WECAMEASROMANS|265
|player|p2|Bl153|101
|gametype|singles
|gen|6
|tier|OU
|rated
|clearpoke
|poke|p1|Kyurem-Black
|poke|p1|Latios, M
|poke|p1|Mamoswine, M
|poke|p1|Victini
|poke|p1|Lopunny, F
|poke|p1|Landorus-Therian, M
|poke|p2|Dragonite, M
|poke|p2|Azumarill, M
|poke|p2|Scizor, M
|poke|p2|Heatran, M, shiny
|poke|p2|Gengar, M
|poke|p2|Rotom-Wash
|rule|Swagger Clause: Swagger is banned
|rule|Baton Pass Clause: Limit one PokÃ©mon knowing Baton Pass
|rule|Sleep Clause Mod: Limit one foe put to sleep
|rule|Species Clause: Limit one of each PokÃ©mon
|rule|OHKO Clause: OHKO moves are banned
|rule|Moody Clause: Moody is banned
|rule|Evasion Moves Clause: Evasion moves are banned
|rule|Endless Battle Clause: Forcing endless battles is banned
|rule|HP Percentage Mod: HP is shown in percentages
|teampreview
|c|âBl153|gl hf
|c|âWECAMEASROMANS|you too
|c|âBl153|OH SHIT not u... your so good Im boned
|
|start
|switch|p1a: Mamoswine|Mamoswine, M|361\/361
|switch|p2a: Azumarill|Azumarill, M|395\/395
|turn|1
|
|move|p1a: Mamoswine|Stealth Rock|p2a: Azumarill
|-sidestart|p2: Bl153|move: Stealth Rock
|move|p2a: Azumarill|Play Rough|p1a: Mamoswine
|-damage|p1a: Mamoswine|136\/361
|
|turn|2
|
|move|p1a: Mamoswine|Ice Shard|p2a: Azumarill
|-resisted|p2a: Azumarill
|-damage|p2a: Azumarill|350\/395
|move|p2a: Azumarill|Aqua Jet|p1a: Mamoswine
|-supereffective|p1a: Mamoswine
|-damage|p1a: Mamoswine|0 fnt
|faint|p1a: Mamoswine
|
|
|switch|p1a: Kyurem-Black|Kyurem-Black|391\/391
|-ability|p1a: Kyurem-Black|Teravolt
|turn|3
|
|move|p1a: Kyurem-Black|Fusion Bolt|p2a: Azumarill
|-supereffective|p2a: Azumarill
|-damage|p2a: Azumarill|0 fnt
|-damage|p1a: Kyurem-Black|352\/391|[from] item: Life Orb
|faint|p2a: Azumarill
|
|
|switch|p2a: Scizor|Scizor, M|343\/343
|-damage|p2a: Scizor|301\/343|[from] Stealth Rock
|turn|4
|
|switch|p1a: Victini|Victini|365\/365
|detailschange|p2a: Scizor|Scizor-Mega, M
|-mega|p2a: Scizor|Scizor|Scizorite
|move|p2a: Scizor|Defog|p1a: Victini
|-unboost|p1a: Victini|evasion|1
|-sideend|p2: Bl153|Stealth Rock|[from] move: Defog|[of] p2a: Scizor
|
|turn|5
|
|switch|p1a: Kyurem-Black|Kyurem-Black|352\/391
|-ability|p1a: Kyurem-Black|Teravolt
|switch|p2a: Heatran|Heatran, M, shiny|385\/385
|
|turn|6
|
|switch|p2a: Dragonite|Dragonite, M|347\/347
|move|p1a: Kyurem-Black|Earth Power|p2a: Dragonite
|-immune|p2a: Dragonite|[msg]
|
|turn|7
|
|switch|p2a: Scizor|Scizor-Mega, M|301\/343
|move|p1a: Kyurem-Black|Ice Beam|p2a: Scizor
|-resisted|p2a: Scizor
|-damage|p2a: Scizor|193\/343
|-damage|p1a: Kyurem-Black|313\/391|[from] item: Life Orb
|
|turn|8
|join|Appreciation
|
|switch|p1a: Lopunny|Lopunny, F|271\/271
|move|p2a: Scizor|Toxic|p1a: Lopunny
|-status|p1a: Lopunny|tox
|
|-damage|p1a: Lopunny|255\/271 tox|[from] psn
|turn|9
|
|detailschange|p1a: Lopunny|Lopunny-Mega, F
|-mega|p1a: Lopunny|Lopunny|Lopunnite
|move|p1a: Lopunny|Encore|p2a: Scizor
|-start|p2a: Scizor|Encore
|move|p2a: Scizor|Toxic|p1a: Lopunny
|-fail|p1a: Lopunny|tox
|
|-damage|p1a: Lopunny|223\/271 tox|[from] psn
|turn|10
|c|âBl153|why the hell did I let Azu die?...
|
|switch|p2a: Rotom-Wash|Rotom-Wash|303\/303
|move|p1a: Lopunny|Power-Up Punch|p2a: Rotom-Wash
|-damage|p2a: Rotom-Wash|243\/303
|-boost|p1a: Lopunny|atk|1
|
|-heal|p2a: Rotom-Wash|261\/303|[from] item: Leftovers
|-damage|p1a: Lopunny|175\/271 tox|[from] psn
|turn|11
|
|move|p1a: Lopunny|High Jump Kick|p2a: Rotom-Wash
|-damage|p2a: Rotom-Wash|0 fnt
|faint|p2a: Rotom-Wash
|
|-damage|p1a: Lopunny|111\/271 tox|[from] psn
|
|switch|p2a: Dragonite|Dragonite, M|347\/347
|turn|12
|
|switch|p1a: Landorus-Therian|Landorus-Therian, M|325\/325
|-ability|p1a: Landorus-Therian|Intimidate|[of] p2a: Dragonite
|-unboost|p2a: Dragonite|atk|1
|move|p2a: Dragonite|Dragon Claw|p1a: Landorus-Therian
|-damage|p1a: Landorus-Therian|139\/325
|
|turn|13
|
|move|p1a: Landorus-Therian|U-turn|p2a: Dragonite
|-resisted|p2a: Dragonite
|-damage|p2a: Dragonite|325\/347
|
|switch|p1a: Victini|Victini|365\/365
|move|p2a: Dragonite|Dragon Claw|p1a: Victini
|-damage|p1a: Victini|209\/365
|
|-heal|p1a: Victini|231\/365|[from] item: Leftovers
|turn|14
|
|switch|p1a: Latios|Latios, M|299\/299
|switch|p2a: Heatran|Heatran, M, shiny|385\/385
|
|turn|15
|
|switch|p1a: Kyurem-Black|Kyurem-Black|313\/391
|-ability|p1a: Kyurem-Black|Teravolt
|move|p2a: Heatran|Flash Cannon|p1a: Kyurem-Black
|-supereffective|p1a: Kyurem-Black
|-damage|p1a: Kyurem-Black|71\/391
|
|turn|16
|
|move|p1a: Kyurem-Black|Earth Power|p2a: Heatran
|-supereffective|p2a: Heatran
|-damage|p2a: Heatran|0 fnt
|-damage|p1a: Kyurem-Black|32\/391|[from] item: Life Orb
|faint|p2a: Heatran
|
|c| Appreciation|GO WCAR GO
|c| Appreciation|go baby go
|leave|Appreciation
|
|switch|p2a: Dragonite|Dragonite, M|325\/347
|turn|17
|c|âBl153|WTF lol
|
|move|p2a: Dragonite|Extreme Speed|p1a: Kyurem-Black
|-damage|p1a: Kyurem-Black|0 fnt
|faint|p1a: Kyurem-Black
|
|
|switch|p1a: Latios|Latios, M|299\/299
|turn|18
|
|switch|p2a: Scizor|Scizor-Mega, M|193\/343
|move|p1a: Latios|Draco Meteor|p2a: Scizor
|-resisted|p2a: Scizor
|-damage|p2a: Scizor|36\/343
|-unboost|p1a: Latios|spa|2
|-damage|p1a: Latios|270\/299|[from] item: Life Orb
|
|turn|19
|
|move|p2a: Scizor|Bullet Punch|p1a: Latios
|-damage|p1a: Latios|147\/299
|move|p1a: Latios|Draco Meteor|p2a: Scizor
|-resisted|p2a: Scizor
|-damage|p2a: Scizor|0 fnt
|-unboost|p1a: Latios|spa|2
|-damage|p1a: Latios|118\/299|[from] item: Life Orb
|faint|p2a: Scizor
|
|join|Appreciation
|
|switch|p2a: Dragonite|Dragonite, M|325\/347
|turn|20
|
|switch|p1a: Landorus-Therian|Landorus-Therian, M|139\/325
|-ability|p1a: Landorus-Therian|Intimidate|[of] p2a: Dragonite
|-unboost|p2a: Dragonite|atk|1
|move|p2a: Dragonite|Extreme Speed|p1a: Landorus-Therian
|-damage|p1a: Landorus-Therian|16\/325
|
|turn|21
|
|move|p2a: Dragonite|Extreme Speed|p1a: Landorus-Therian
|-damage|p1a: Landorus-Therian|0 fnt
|faint|p1a: Landorus-Therian
|
|
|switch|p1a: Victini|Victini|231\/365
|turn|22
|
|switch|p2a: Gengar|Gengar, M|261\/261
|move|p1a: Victini|Bolt Strike|p2a: Gengar
|-damage|p2a: Gengar|35\/261
|
|-heal|p1a: Victini|253\/365|[from] item: Leftovers
|turn|23
|c| Appreciation|noo why
|c| Appreciation|,_,
|join|the dingus account
|
|switch|p1a: Lopunny|Lopunny-Mega, F|111\/271 tox
|move|p2a: Gengar|Shadow Ball|p1a: Lopunny
|-immune|p1a: Lopunny|[msg]
|
|-damage|p1a: Lopunny|95\/271 tox|[from] psn
|turn|24
|
|switch|p2a: Dragonite|Dragonite, M|325\/347
|move|p1a: Lopunny|Return|p2a: Dragonite
|-damage|p2a: Dragonite|103\/347
|
|-damage|p1a: Lopunny|63\/271 tox|[from] psn
|turn|25
|
|switch|p1a: Latios|Latios, M|118\/299
|move|p2a: Dragonite|Extreme Speed|p1a: Latios
|-damage|p1a: Latios|0 fnt
|faint|p1a: Latios
|
|
|switch|p1a: Victini|Victini|253\/365
|turn|26
|
|move|p2a: Dragonite|Extreme Speed|p1a: Victini
|-damage|p1a: Victini|98\/365
|move|p1a: Victini|Bolt Strike|p2a: Dragonite
|-damage|p2a: Dragonite|0 fnt
|faint|p2a: Dragonite
|
|-heal|p1a: Victini|120\/365|[from] item: Leftovers
|join|NagariHO
|
|switch|p2a: Gengar|Gengar, M|35\/261
|turn|27
|
|move|p2a: Gengar|Sludge Wave|p1a: Victini
|-damage|p1a: Victini|0 fnt
|faint|p1a: Victini
|
|
|switch|p1a: Lopunny|Lopunny-Mega, F|63\/271 tox
|turn|28
|
|move|p2a: Gengar|Sludge Wave|p1a: Lopunny
|-damage|p1a: Lopunny|0 fnt
|faint|p1a: Lopunny
|
|win|Bl153
|raw|Ladder updating...
|c|âBl153|gg
|raw|WECAMEASROMANS's rating: 1679 &rarr; <strong>1656<\/strong><br \/>(-23 for losing)
|raw|Bl153's rating: 1625 &rarr; <strong>1648<\/strong><br \/>(+23 for winning)
|leave|WECAMEASROMANS
|c| the dingus account|lol
|player|p1
|c| the dingus account|could have faked out
|c|âBl153|lol what?
|leave|Appreciation
|c|âBl153|He didnt have it
|c| the dingus account|he didnt
|c| the dingus account|?
|c|âBl153|Power Up Punch, HJK, Encore and Return...
|leave|the dingus account