|join|rarecandydrugger
|join|WECAMEASROMANS
|player|p1|rarecandydrugger|10
|player|p2|WECAMEASROMANS|265
|gametype|singles
|gen|6
|tier|OU
|rated
|clearpoke
|poke|p1|Diancie
|poke|p1|Magnezone
|poke|p1|Rotom-Wash
|poke|p1|Landorus-Therian, M
|poke|p1|Latios, M
|poke|p1|Mamoswine, F
|poke|p2|Raikou
|poke|p2|Altaria, M
|poke|p2|Victini
|poke|p2|Latias, F
|poke|p2|Heatran, F
|poke|p2|Landorus, M
|rule|Swagger Clause: Swagger is banned
|rule|Baton Pass Clause: Limit one PokÃ©mon knowing Baton Pass
|rule|Sleep Clause Mod: Limit one foe put to sleep
|rule|Species Clause: Limit one of each PokÃ©mon
|rule|OHKO Clause: OHKO moves are banned
|rule|Moody Clause: Moody is banned
|rule|Evasion Moves Clause: Evasion moves are banned
|rule|Endless Battle Clause: Forcing endless battles is banned
|rule|HP Percentage Mod: HP is shown in percentages
|teampreview
|
|start
|switch|p1a: Diancie|Diancie|241\/241
|switch|p2a: Altaria|Altaria, M|332\/332
|turn|1
|
|detailschange|p2a: Altaria|Altaria-Mega, M
|-mega|p2a: Altaria|Altaria|Altarianite
|detailschange|p1a: Diancie|Diancie-Mega
|-mega|p1a: Diancie|Diancie|Diancite
|move|p2a: Altaria|Earthquake|p1a: Diancie
|-supereffective|p1a: Diancie
|-damage|p1a: Diancie|49\/241
|move|p1a: Diancie|Moonblast|p2a: Altaria
|-supereffective|p2a: Altaria
|-damage|p2a: Altaria|0 fnt
|faint|p2a: Altaria
|
|
|switch|p2a: Raikou|Raikou|321\/321
|-ability|p2a: Raikou|Pressure
|turn|2
|
|move|p1a: Diancie|Protect|p1a: Diancie
|-singleturn|p1a: Diancie|Protect
|move|p2a: Raikou|Shadow Ball|p1a: Diancie
|-activate|p1a: Diancie|Protect
|
|turn|3
|
|switch|p1a: Landorus-Therian|Landorus-Therian, M|319\/319
|-ability|p1a: Landorus-Therian|Intimidate|[of] p2a: Raikou
|-unboost|p2a: Raikou|atk|1
|move|p2a: Raikou|Shadow Ball|p1a: Landorus-Therian
|-damage|p1a: Landorus-Therian|209\/319
|
|turn|4
|
|switch|p2a: Landorus|Landorus, M|319\/319
|move|p1a: Landorus-Therian|Knock Off|p2a: Landorus
|-damage|p2a: Landorus|188\/319
|-enditem|p2a: Landorus|Life Orb|[from] move: Knock Off|[of] p1a: Landorus-Therian
|
|turn|5
|
|switch|p1a: Rotom-Wash|Rotom-Wash|304\/304
|move|p2a: Landorus|Focus Blast|p1a: Rotom-Wash
|-damage|p1a: Rotom-Wash|136\/304
|
|-heal|p1a: Rotom-Wash|155\/304|[from] item: Leftovers
|turn|6
|
|switch|p1a: Latios|Latios, M|301\/301
|move|p2a: Landorus|Focus Blast|p1a: Latios
|-resisted|p1a: Latios
|-damage|p1a: Latios|221\/301
|
|turn|7
|
|switch|p2a: Heatran|Heatran, F|327\/327
|move|p1a: Latios|Psyshock|p2a: Heatran
|-resisted|p2a: Heatran
|-damage|p2a: Heatran|236\/327
|-damage|p1a: Latios|191\/301|[from] item: Life Orb
|
|-heal|p2a: Heatran|256\/327|[from] item: Leftovers
|turn|8
|
|switch|p1a: Diancie|Diancie-Mega|49\/241
|move|p2a: Heatran|Fire Blast|p1a: Diancie
|-resisted|p1a: Diancie
|-damage|p1a: Diancie|0 fnt
|faint|p1a: Diancie
|
|-heal|p2a: Heatran|276\/327|[from] item: Leftovers
|
|switch|p1a: Mamoswine|Mamoswine, F|361\/361
|turn|9
|
|switch|p2a: Latias|Latias, F|301\/301
|move|p1a: Mamoswine|Earthquake|p2a: Latias
|-immune|p2a: Latias|[msg]
|
|turn|10
|
|move|p2a: Latias|Draco Meteor|p1a: Mamoswine
|-enditem|p1a: Mamoswine|Focus Sash
|-damage|p1a: Mamoswine|1\/361
|-unboost|p2a: Latias|spa|2
|-damage|p2a: Latias|271\/301|[from] item: Life Orb
|move|p1a: Mamoswine|Icicle Spear|p2a: Latias
|-supereffective|p2a: Latias
|-damage|p2a: Latias|169\/301
|-supereffective|p2a: Latias
|-damage|p2a: Latias|61\/301
|-hitcount|p2a: Latias|2
|
|turn|11
|
|switch|p2a: Victini|Victini|365\/365
|move|p1a: Mamoswine|Ice Shard|p2a: Victini
|-resisted|p2a: Victini
|-damage|p2a: Victini|323\/365
|
|-heal|p2a: Victini|345\/365|[from] item: Leftovers
|turn|12
|
|move|p2a: Victini|Power-Up Punch|p1a: Mamoswine
|-supereffective|p1a: Mamoswine
|-damage|p1a: Mamoswine|0 fnt
|-boost|p2a: Victini|atk|1
|faint|p1a: Mamoswine
|
|-heal|p2a: Victini|365\/365|[from] item: Leftovers
|
|switch|p1a: Landorus-Therian|Landorus-Therian, M|209\/319
|-ability|p1a: Landorus-Therian|Intimidate|[of] p2a: Victini
|-unboost|p2a: Victini|atk|1
|turn|13
|
|move|p1a: Landorus-Therian|Knock Off|p2a: Victini
|-supereffective|p2a: Victini
|-damage|p2a: Victini|121\/365
|-enditem|p2a: Victini|Leftovers|[from] move: Knock Off|[of] p1a: Landorus-Therian
|move|p2a: Victini|V-create|p1a: Landorus-Therian
|-damage|p1a: Landorus-Therian|0 fnt
|-unboost|p2a: Victini|def|1
|-unboost|p2a: Victini|spd|1
|-unboost|p2a: Victini|spe|1
|faint|p1a: Landorus-Therian
|
|
|switch|p1a: Latios|Latios, M|191\/301
|turn|14
|
|move|p1a: Latios|Psyshock|p2a: Victini
|-crit|p2a: Victini
|-resisted|p2a: Victini
|-damage|p2a: Victini|0 fnt
|-damage|p1a: Latios|161\/301|[from] item: Life Orb
|faint|p2a: Victini
|
|
|switch|p2a: Heatran|Heatran, F|276\/327
|turn|15
|
|move|p1a: Latios|Draco Meteor|p2a: Heatran|[miss]
|-miss|p1a: Latios|p2a: Heatran
|move|p2a: Heatran|Stealth Rock|p1a: Latios
|-sidestart|p1: rarecandydrugger|move: Stealth Rock
|
|-heal|p2a: Heatran|296\/327|[from] item: Leftovers
|turn|16
|
|move|p1a: Latios|Draco Meteor|p2a: Heatran|[miss]
|-miss|p1a: Latios|p2a: Heatran
|move|p2a: Heatran|Fire Blast|p1a: Latios
|-resisted|p1a: Latios
|-damage|p1a: Latios|58\/301
|
|-heal|p2a: Heatran|316\/327|[from] item: Leftovers
|turn|17
|-message|rarecandydrugger forfeited.
|leave|rarecandydrugger
|
|win|WECAMEASROMANS
|raw|Ladder updating...
|player|p1
|join|FUQ GLISCORE
|raw|rarecandydrugger's rating: 1637 &rarr; <strong>1620<\/strong><br \/>(-17 for losing)
|raw|WECAMEASROMANS's rating: 1682 &rarr; <strong>1700<\/strong><br \/>(+18 for winning)
|leave|WECAMEASROMANS
|player|p2
|leave|FUQ GLISCORE