|join|WECAMEASROMANS
|join|H.Hisoka
|player|p1|WECAMEASROMANS|1
|player|p2|H.Hisoka|201
|gametype|singles
|gen|6
|tier|OU
|rated
|clearpoke
|poke|p1|Goodra, M
|poke|p1|Venusaur, M
|poke|p1|Bisharp, M
|poke|p1|Hippowdon, M
|poke|p1|Crawdaunt, F
|poke|p1|Heatran, M
|poke|p2|Sylveon, F
|poke|p2|Aggron, F
|poke|p2|Alakazam, F
|poke|p2|Slowbro, M
|poke|p2|Scizor, F
|poke|p2|Rotom-Heat
|rule|Swagger Clause: Swagger is banned
|rule|Baton Pass Clause: Limit one PokÃ©mon knowing Baton Pass
|rule|Sleep Clause Mod: Limit one foe put to sleep
|rule|Species Clause: Limit one of each PokÃ©mon
|rule|OHKO Clause: OHKO moves are banned
|rule|Moody Clause: Moody is banned
|rule|Evasion Moves Clause: Evasion moves are banned
|rule|Endless Battle Clause: Forcing endless battles is banned
|rule|HP Percentage Mod: HP is shown in percentages
|teampreview
|
|start
|switch|p1a: Venusaur|Venusaur, M|363\/363
|switch|p2a: Rotom-Heat|Rotom-Heat|241\/241
|turn|1
|
|switch|p1a: Heatran|Heatran, M|327\/327
|move|p2a: Rotom-Heat|Volt Switch|p1a: Heatran
|-damage|p1a: Heatran|213\/327
|
|switch|p2a: Alakazam|Alakazam, F|252\/252
|
|-heal|p1a: Heatran|233\/327|[from] item: Leftovers
|turn|2
|
|switch|p1a: Goodra|Goodra, M|381\/381
|move|p2a: Alakazam|Focus Blast|p1a: Goodra|[miss]
|-miss|p2a: Alakazam|p1a: Goodra
|
|turn|3
|
|move|p2a: Alakazam|Psyshock|p1a: Goodra
|-crit|p1a: Goodra
|-damage|p1a: Goodra|17\/381
|move|p1a: Goodra|Fire Blast|p2a: Alakazam
|-damage|p2a: Alakazam|128\/252
|
|turn|4
|
|switch|p1a: Hippowdon|Hippowdon, M|416\/416
|move|p2a: Alakazam|Shadow Ball|p1a: Hippowdon
|-damage|p1a: Hippowdon|267\/416
|
|-heal|p1a: Hippowdon|293\/416|[from] item: Leftovers
|turn|5
|
|move|p2a: Alakazam|Energy Ball|p1a: Hippowdon
|-supereffective|p1a: Hippowdon
|-damage|p1a: Hippowdon|0 fnt
|faint|p1a: Hippowdon
|
|
|switch|p1a: Crawdaunt|Crawdaunt, F|267\/267
|turn|6
|
|switch|p2a: Slowbro|Slowbro, M|392\/392
|move|p1a: Crawdaunt|Aqua Jet|p2a: Slowbro
|-resisted|p2a: Slowbro
|-damage|p2a: Slowbro|344\/392
|-damage|p1a: Crawdaunt|223\/267|[from] item: Rocky Helmet|[of] p2a: Slowbro
|-damage|p1a: Crawdaunt|197\/267|[from] item: Life Orb
|
|turn|7
|
|switch|p2a: Aggron|Aggron, F|341\/341
|move|p1a: Crawdaunt|Swords Dance|p1a: Crawdaunt
|-boost|p1a: Crawdaunt|atk|2
|
|turn|8
|
|detailschange|p2a: Aggron|Aggron-Mega, F
|-mega|p2a: Aggron|Aggron|Aggronite
|move|p1a: Crawdaunt|Crabhammer|p2a: Aggron
|-crit|p2a: Aggron
|-damage|p2a: Aggron|0 fnt
|-damage|p1a: Crawdaunt|171\/267|[from] item: Life Orb
|faint|p2a: Aggron
|
|
|switch|p2a: Scizor|Scizor, F|344\/344
|turn|9
|
|move|p2a: Scizor|Bullet Punch|p1a: Crawdaunt
|-resisted|p1a: Crawdaunt
|-damage|p1a: Crawdaunt|63\/267
|move|p1a: Crawdaunt|Crabhammer|p2a: Scizor
|-damage|p2a: Scizor|0 fnt
|-damage|p1a: Crawdaunt|37\/267|[from] item: Life Orb
|faint|p2a: Scizor
|
|
|switch|p2a: Rotom-Heat|Rotom-Heat|241\/241
|turn|10
|
|switch|p2a: Slowbro|Slowbro, M|392\/392
|move|p1a: Crawdaunt|Aqua Jet|p2a: Slowbro
|-resisted|p2a: Slowbro
|-damage|p2a: Slowbro|301\/392
|-damage|p1a: Crawdaunt|0 fnt|[from] item: Rocky Helmet|[of] p2a: Slowbro
|faint|p1a: Crawdaunt
|
|
|switch|p1a: Bisharp|Bisharp, M|271\/271
|turn|11
|
|move|p1a: Bisharp|Swords Dance|p1a: Bisharp
|-boost|p1a: Bisharp|atk|2
|move|p2a: Slowbro|Scald|p1a: Bisharp
|-crit|p1a: Bisharp
|-damage|p1a: Bisharp|84\/271
|
|turn|12
|
|move|p1a: Bisharp|Knock Off|p2a: Slowbro
|-supereffective|p2a: Slowbro
|-damage|p2a: Slowbro|0 fnt
|-damage|p1a: Bisharp|39\/271|[from] item: Rocky Helmet|[of] p2a: Slowbro
|-enditem|p2a: Slowbro|Rocky Helmet|[from] move: Knock Off|[of] p1a: Bisharp
|-damage|p1a: Bisharp|12\/271|[from] item: Life Orb
|faint|p2a: Slowbro
|
|
|switch|p2a: Rotom-Heat|Rotom-Heat|241\/241
|turn|13
|
|switch|p2a: Sylveon|Sylveon, F|390\/390
|move|p1a: Bisharp|Knock Off|p2a: Sylveon
|-resisted|p2a: Sylveon
|-damage|p2a: Sylveon|56\/390
|-enditem|p2a: Sylveon|Leftovers|[from] move: Knock Off|[of] p1a: Bisharp
|-damage|p1a: Bisharp|0 fnt|[from] item: Life Orb
|faint|p1a: Bisharp
|
|-message|WECAMEASROMANS forfeited.
|leave|WECAMEASROMANS
|
|win|H.Hisoka
|raw|Ladder updating...
|player|p1
|raw|WECAMEASROMANS's rating: 1706 &rarr; <strong>1674<\/strong><br \/>(-32 for losing)
|raw|H.Hisoka's rating: 1466 &rarr; <strong>1498<\/strong><br \/>(+32 for winning)