|join|Pythagorean Python
|join|Apedingo
|player|p1|Pythagorean Python|15
|player|p2|Apedingo|242
|gametype|singles
|gen|5
|tier|[Gen 5] OU
|rated
|rule|Evasion Abilities Clause: Evasion abilities are banned
|clearpoke
|poke|p1|Keldeo
|poke|p1|Kyurem-Black
|poke|p1|Conkeldurr, M
|poke|p1|Landorus-Therian, M
|poke|p1|Thundurus-Therian, M
|poke|p1|Dusclops, F
|poke|p2|Garchomp, F
|poke|p2|Latios, M
|poke|p2|Keldeo
|poke|p2|Scizor, M
|poke|p2|Tyranitar, F
|poke|p2|Landorus-Therian, M
|rule|Sleep Clause Mod: Limit one foe put to sleep
|rule|Species Clause: Limit one of each Pokemon
|rule|OHKO Clause: OHKO moves are banned
|rule|Moody Clause: Moody is banned
|rule|Evasion Moves Clause: Evasion moves are banned
|rule|Endless Battle Clause: Forcing endless battles is banned.
|rule|HP Percentage Mod: HP is reported as percentages
|teampreview
|
|start
|switch|p1a: Keldeo|Keldeo|323\/323
|switch|p2a: Latios|Latios, M|301\/301
|turn|1
|
|switch|p1a: Dusclops|Dusclops, F|222\/222
|-ability|p1a: Dusclops|Pressure
|move|p2a: Latios|Draco Meteor|p1a: Dusclops|[miss]
|-miss|p2a: Latios|p1a: Dusclops
|
|turn|2
|
|switch|p2a: Tyranitar|Tyranitar, F|404\/404
|-weather|Sandstorm|[from] ability: Sand Stream|[of] p2a: Tyranitar
|move|p1a: Dusclops|Confuse Ray|p2a: Tyranitar
|-start|p2a: Tyranitar|confusion
|
|-weather|Sandstorm|[upkeep]
|-damage|p1a: Dusclops|209\/222|[from] sandstorm
|turn|3
|
|switch|p2a: Latios|Latios, M|301\/301
|move|p1a: Dusclops|Will-O-Wisp|p2a: Latios|[miss]
|-miss|p1a: Dusclops|p2a: Latios
|
|-weather|Sandstorm|[upkeep]
|-damage|p2a: Latios|283\/301|[from] sandstorm
|-damage|p1a: Dusclops|196\/222|[from] sandstorm
|turn|4
|
|move|p2a: Latios|Draco Meteor|p1a: Dusclops
|-damage|p1a: Dusclops|39\/222
|-unboost|p2a: Latios|spa|2
|move|p1a: Dusclops|Confuse Ray|p2a: Latios
|-start|p2a: Latios|confusion
|
|-weather|Sandstorm|[upkeep]
|-damage|p2a: Latios|265\/301|[from] sandstorm
|-damage|p1a: Dusclops|26\/222|[from] sandstorm
|turn|5
|
|switch|p2a: Tyranitar|Tyranitar, F|404\/404
|move|p1a: Dusclops|Pain Split|p2a: Tyranitar
|-sethp|p2a: Tyranitar|215\/404|p1a: Dusclops|215\/222|[from] move: Pain Split
|
|-weather|Sandstorm|[upkeep]
|-damage|p1a: Dusclops|202\/222|[from] sandstorm
|-heal|p2a: Tyranitar|240\/404|[from] item: Leftovers
|turn|6
|
|move|p2a: Tyranitar|Crunch|p1a: Dusclops
|-supereffective|p1a: Dusclops
|-damage|p1a: Dusclops|88\/222
|move|p1a: Dusclops|Will-O-Wisp|p2a: Tyranitar|[miss]
|-miss|p1a: Dusclops|p2a: Tyranitar
|
|-weather|Sandstorm|[upkeep]
|-damage|p1a: Dusclops|75\/222|[from] sandstorm
|-heal|p2a: Tyranitar|265\/404|[from] item: Leftovers
|turn|7
|
|move|p2a: Tyranitar|Pursuit|p1a: Dusclops|[from]Pursuit
|-supereffective|p1a: Dusclops
|-damage|p1a: Dusclops|0 fnt
|faint|p1a: Dusclops
|
|-weather|Sandstorm|[upkeep]
|-heal|p2a: Tyranitar|290\/404|[from] item: Leftovers
|
|switch|p1a: Keldeo|Keldeo|323\/323
|turn|8
|
|switch|p2a: Latios|Latios, M|265\/301
|move|p1a: Keldeo|Icy Wind|p2a: Latios
|-supereffective|p2a: Latios
|-damage|p2a: Latios|99\/301
|-unboost|p2a: Latios|spe|1
|-damage|p1a: Keldeo|291\/323|[from] item: Life Orb
|
|-weather|Sandstorm|[upkeep]
|-damage|p1a: Keldeo|271\/323|[from] sandstorm
|-damage|p2a: Latios|81\/301|[from] sandstorm
|turn|9
|
|switch|p2a: Keldeo|Keldeo|323\/323
|move|p1a: Keldeo|Icy Wind|p2a: Keldeo
|-resisted|p2a: Keldeo
|-damage|p2a: Keldeo|276\/323
|-unboost|p2a: Keldeo|spe|1
|-damage|p1a: Keldeo|239\/323|[from] item: Life Orb
|
|-weather|Sandstorm|[upkeep]
|-damage|p1a: Keldeo|219\/323|[from] sandstorm
|-damage|p2a: Keldeo|256\/323|[from] sandstorm
|-heal|p2a: Keldeo|276\/323|[from] item: Leftovers
|turn|10
|
|move|p1a: Keldeo|Secret Sword|p2a: Keldeo
|-damage|p2a: Keldeo|64\/323
|-damage|p1a: Keldeo|187\/323|[from] item: Life Orb
|move|p2a: Keldeo|Secret Sword|p1a: Keldeo
|-damage|p1a: Keldeo|33\/323
|
|-weather|Sandstorm|[upkeep]
|-damage|p1a: Keldeo|13\/323|[from] sandstorm
|-damage|p2a: Keldeo|44\/323|[from] sandstorm
|-heal|p2a: Keldeo|64\/323|[from] item: Leftovers
|turn|11
|
|switch|p2a: Scizor|Scizor, M|343\/343
|move|p1a: Keldeo|Icy Wind|p2a: Scizor
|-resisted|p2a: Scizor
|-damage|p2a: Scizor|296\/343
|-unboost|p2a: Scizor|spe|1
|-damage|p1a: Keldeo|0 fnt|[from] item: Life Orb
|faint|p1a: Keldeo
|
|-weather|Sandstorm|[upkeep]
|
|switch|p1a: Landorus-Therian|Landorus-Therian, M|319\/319
|-ability|p1a: Landorus-Therian|Intimidate|[of] p2a: Scizor
|-unboost|p2a: Scizor|atk|1
|turn|12
|
|switch|p2a: Landorus-Therian|Landorus-Therian, M|381\/381
|-ability|p2a: Landorus-Therian|Intimidate|[of] p1a: Landorus-Therian
|-unboost|p1a: Landorus-Therian|atk|1
|move|p1a: Landorus-Therian|U-turn|p2a: Landorus-Therian
|-resisted|p2a: Landorus-Therian
|-damage|p2a: Landorus-Therian|359\/381
|
|switch|p1a: Thundurus-Therian|Thundurus-Therian, M|300\/300
|
|-weather|Sandstorm|[upkeep]
|-damage|p1a: Thundurus-Therian|282\/300|[from] sandstorm
|-heal|p2a: Landorus-Therian|381\/381|[from] item: Leftovers
|turn|13
|
|switch|p2a: Tyranitar|Tyranitar, F|290\/404
|move|p1a: Thundurus-Therian|Agility|p1a: Thundurus-Therian
|-boost|p1a: Thundurus-Therian|spe|2
|
|-weather|Sandstorm|[upkeep]
|-damage|p1a: Thundurus-Therian|264\/300|[from] sandstorm
|-heal|p2a: Tyranitar|315\/404|[from] item: Leftovers
|turn|14
|
|move|p1a: Thundurus-Therian|Focus Blast|p2a: Tyranitar
|-supereffective|p2a: Tyranitar
|-damage|p2a: Tyranitar|0 fnt
|-damage|p1a: Thundurus-Therian|234\/300|[from] item: Life Orb
|faint|p2a: Tyranitar
|
|-weather|Sandstorm|[upkeep]
|-damage|p1a: Thundurus-Therian|216\/300|[from] sandstorm
|
|switch|p2a: Scizor|Scizor, M|296\/343
|turn|15
|
|move|p1a: Thundurus-Therian|Thunderbolt|p2a: Scizor
|-damage|p2a: Scizor|0 fnt
|-damage|p1a: Thundurus-Therian|186\/300|[from] item: Life Orb
|faint|p2a: Scizor
|
|-weather|Sandstorm|[upkeep]
|-damage|p1a: Thundurus-Therian|168\/300|[from] sandstorm
|
|switch|p2a: Garchomp|Garchomp, F|358\/358
|turn|16
|
|move|p1a: Thundurus-Therian|Hidden Power|p2a: Garchomp
|-supereffective|p2a: Garchomp
|-damage|p2a: Garchomp|0 fnt
|-damage|p1a: Thundurus-Therian|138\/300|[from] item: Life Orb
|faint|p2a: Garchomp
|
|-weather|Sandstorm|[upkeep]
|-damage|p1a: Thundurus-Therian|120\/300|[from] sandstorm
|
|switch|p2a: Landorus-Therian|Landorus-Therian, M|381\/381
|-ability|p2a: Landorus-Therian|Intimidate|[of] p1a: Thundurus-Therian
|-unboost|p1a: Thundurus-Therian|atk|1
|turn|17
|
|switch|p2a: Keldeo|Keldeo|64\/323
|move|p1a: Thundurus-Therian|Hidden Power|p2a: Keldeo
|-resisted|p2a: Keldeo
|-damage|p2a: Keldeo|0 fnt
|-damage|p1a: Thundurus-Therian|90\/300|[from] item: Life Orb
|faint|p2a: Keldeo
|
|-weather|Sandstorm|[upkeep]
|-damage|p1a: Thundurus-Therian|72\/300|[from] sandstorm
|
|switch|p2a: Landorus-Therian|Landorus-Therian, M|381\/381
|-ability|p2a: Landorus-Therian|Intimidate|[of] p1a: Thundurus-Therian
|-unboost|p1a: Thundurus-Therian|atk|1
|turn|18
|
|move|p1a: Thundurus-Therian|Hidden Power|p2a: Landorus-Therian
|-supereffective|p2a: Landorus-Therian
|-damage|p2a: Landorus-Therian|0 fnt
|-damage|p1a: Thundurus-Therian|42\/300|[from] item: Life Orb
|faint|p2a: Landorus-Therian
|
|-weather|Sandstorm|[upkeep]
|-damage|p1a: Thundurus-Therian|24\/300|[from] sandstorm
|
|switch|p2a: Latios|Latios, M|81\/301
|turn|19
|
|move|p1a: Thundurus-Therian|Hidden Power|p2a: Latios
|-supereffective|p2a: Latios
|-damage|p2a: Latios|0 fnt
|-damage|p1a: Thundurus-Therian|0 fnt|[from] item: Life Orb
|faint|p2a: Latios
|faint|p1a: Thundurus-Therian
|
|win|Pythagorean Python
|raw|Ladder updating...
|raw|Pythagorean Python's rating: 1377 &rarr; <strong>1408<\/strong><br \/>(+31 for winning)
|raw|Apedingo's rating: 1588 &rarr; <strong>1557<\/strong><br \/>(-31 for losing)
|chat|Pythagorean Python|gg