|join|icening
|join|Apedingo
|player|p1|icening|156
|player|p2|Apedingo|242
|gametype|singles
|gen|6
|tier|OU
|rated
|clearpoke
|poke|p1|Ninetales, M, shiny
|poke|p1|Forretress, F
|poke|p1|Dugtrio, F
|poke|p1|Venusaur, M
|poke|p1|Terrakion
|poke|p1|Victini
|poke|p2|Landorus-Therian, M
|poke|p2|Metagross
|poke|p2|Azumarill, F
|poke|p2|Latios, M
|poke|p2|Tyranitar, M
|poke|p2|Magnezone
|rule|Swagger Clause: Swagger is banned
|rule|Baton Pass Clause: Limit one PokÃ©mon knowing Baton Pass
|rule|Sleep Clause Mod: Limit one foe put to sleep
|rule|Species Clause: Limit one of each PokÃ©mon
|rule|OHKO Clause: OHKO moves are banned
|rule|Moody Clause: Moody is banned
|rule|Evasion Moves Clause: Evasion moves are banned
|rule|Endless Battle Clause: Forcing endless battles is banned
|rule|HP Percentage Mod: HP is shown in percentages
|teampreview
|
|start
|switch|p1a: Ninetales|Ninetales, M, shiny|349\/349
|switch|p2a: Fluffy Paws|Landorus-Therian, M|382\/382
|-weather|SunnyDay
|-ability|p2a: Fluffy Paws|Intimidate|[of] p1a: Ninetales
|-unboost|p1a: Ninetales|atk|1
|turn|1
|
|move|p1a: Ninetales|Will-O-Wisp|p2a: Fluffy Paws
|-status|p2a: Fluffy Paws|brn
|move|p2a: Fluffy Paws|Earthquake|p1a: Ninetales
|-supereffective|p1a: Ninetales
|-damage|p1a: Ninetales|139\/349
|
|-weather|SunnyDay|[upkeep]
|-damage|p2a: Fluffy Paws|335\/382 brn|[from] brn
|turn|2
|
|switch|p1a: Forretress|Forretress, F|354\/354
|move|p2a: Fluffy Paws|Stealth Rock|p1a: Forretress
|-sidestart|p1: icening|move: Stealth Rock
|
|-weather|SunnyDay|[upkeep]
|-heal|p2a: Fluffy Paws|358\/382 brn|[from] item: Leftovers
|-damage|p2a: Fluffy Paws|311\/382 brn|[from] brn
|turn|3
|
|move|p2a: Fluffy Paws|U-turn|p1a: Forretress
|-resisted|p1a: Forretress
|-damage|p1a: Forretress|342\/354
|
|switch|p2a: Its a trap|Magnezone|281\/281
|move|p1a: Forretress|Volt Switch|p2a: Its a trap
|-crit|p2a: Its a trap
|-resisted|p2a: Its a trap
|-damage|p2a: Its a trap|249\/281
|
|switch|p1a: Dugtrio|Dugtrio, F|211\/211
|-damage|p1a: Dugtrio|198\/211|[from] Stealth Rock
|
|-weather|SunnyDay|[upkeep]
|turn|4
|
|move|p1a: Dugtrio|Earthquake|p2a: Its a trap
|-supereffective|p2a: Its a trap
|-damage|p2a: Its a trap|0 fnt
|faint|p2a: Its a trap
|
|-weather|SunnyDay|[upkeep]
|
|switch|p2a: Go Go Mike|Latios, M|301\/301
|turn|5
|
|move|p1a: Dugtrio|Stealth Rock|p2a: Go Go Mike
|-sidestart|p2: Apedingo|move: Stealth Rock
|move|p2a: Go Go Mike|Draco Meteor|p1a: Dugtrio
|-damage|p1a: Dugtrio|0 fnt
|-unboost|p2a: Go Go Mike|spa|2
|faint|p1a: Dugtrio
|
|-weather|SunnyDay|[upkeep]
|
|switch|p1a: Forretress|Forretress, F|342\/354
|-damage|p1a: Forretress|298\/354|[from] Stealth Rock
|turn|6
|
|switch|p2a: Mr. Fancypants|Tyranitar, M|403\/403
|-damage|p2a: Mr. Fancypants|353\/403|[from] Stealth Rock
|-weather|Sandstorm
|move|p1a: Forretress|Rapid Spin|p2a: Mr. Fancypants
|-resisted|p2a: Mr. Fancypants
|-damage|p2a: Mr. Fancypants|347\/403
|-sideend|p1: icening|Stealth Rock|[from] move: Rapid Spin|[of] p1a: Forretress
|
|-weather|Sandstorm|[upkeep]
|-heal|p1a: Forretress|320\/354|[from] item: Leftovers
|turn|7
|
|switch|p2a: Go Go Mike|Latios, M|301\/301
|-damage|p2a: Go Go Mike|264\/301|[from] Stealth Rock
|switch|p1a: Terrakion|Terrakion|323\/323
|
|-weather|Sandstorm|[upkeep]
|-damage|p2a: Go Go Mike|246\/301|[from] sandstorm
|turn|8
|
|switch|p1a: Forretress|Forretress, F|320\/354
|switch|p2a: Fluffy Paws|Landorus-Therian, M|311\/382 brn
|-damage|p2a: Fluffy Paws|264\/382 brn|[from] Stealth Rock
|-ability|p2a: Fluffy Paws|Intimidate|[of] p1a: Forretress
|-unboost|p1a: Forretress|atk|1
|
|-weather|Sandstorm|[upkeep]
|-heal|p2a: Fluffy Paws|287\/382 brn|[from] item: Leftovers
|-heal|p1a: Forretress|342\/354|[from] item: Leftovers
|-damage|p2a: Fluffy Paws|240\/382 brn|[from] brn
|turn|9
|
|move|p2a: Fluffy Paws|Stealth Rock|p1a: Forretress
|-sidestart|p1: icening|move: Stealth Rock
|move|p1a: Forretress|Spikes|p2a: Fluffy Paws
|-sidestart|p2: Apedingo|Spikes
|
|-weather|Sandstorm|[upkeep]
|-heal|p2a: Fluffy Paws|263\/382 brn|[from] item: Leftovers
|-heal|p1a: Forretress|354\/354|[from] item: Leftovers
|-damage|p2a: Fluffy Paws|216\/382 brn|[from] brn
|turn|10
|
|move|p2a: Fluffy Paws|U-turn|p1a: Forretress
|-resisted|p1a: Forretress
|-damage|p1a: Forretress|342\/354
|
|switch|p2a: Go Go Mike|Latios, M|246\/301
|-damage|p2a: Go Go Mike|209\/301|[from] Stealth Rock
|move|p1a: Forretress|Spikes|p2a: Go Go Mike
|-sidestart|p2: Apedingo|Spikes
|
|-weather|none
|-heal|p1a: Forretress|354\/354|[from] item: Leftovers
|turn|11
|
|move|p2a: Go Go Mike|Surf|p1a: Forretress
|-damage|p1a: Forretress|99\/354
|move|p1a: Forretress|Rapid Spin|p2a: Go Go Mike
|-damage|p2a: Go Go Mike|198\/301
|-sideend|p1: icening|Stealth Rock|[from] move: Rapid Spin|[of] p1a: Forretress
|
|-heal|p1a: Forretress|121\/354|[from] item: Leftovers
|turn|12
|
|switch|p1a: Venusaur|Venusaur, M|301\/301
|move|p2a: Go Go Mike|Surf|p1a: Venusaur
|-resisted|p1a: Venusaur
|-damage|p1a: Venusaur|219\/301
|
|turn|13
|
|switch|p2a: Mr. Fancypants|Tyranitar, M|347\/403
|-damage|p2a: Mr. Fancypants|280\/403|[from] Spikes
|-damage|p2a: Mr. Fancypants|230\/403|[from] Stealth Rock
|-weather|Sandstorm
|switch|p1a: Ninetales|Ninetales, M, shiny|139\/349
|-weather|SunnyDay
|
|-weather|SunnyDay|[upkeep]
|turn|14
|
|move|p1a: Ninetales|Will-O-Wisp|p2a: Mr. Fancypants
|-status|p2a: Mr. Fancypants|brn
|move|p2a: Mr. Fancypants|Crunch|p1a: Ninetales
|-damage|p1a: Ninetales|61\/349
|-unboost|p1a: Ninetales|def|1
|
|-weather|SunnyDay|[upkeep]
|-damage|p2a: Mr. Fancypants|180\/403 brn|[from] brn
|turn|15
|
|move|p1a: Ninetales|Rest|p1a: Ninetales
|-status|p1a: Ninetales|slp
|-heal|p1a: Ninetales|349\/349 slp|[silent]
|-status|p1a: Ninetales|slp|[from] move: Rest
|move|p2a: Mr. Fancypants|Crunch|p1a: Ninetales
|-damage|p1a: Ninetales|243\/349 slp
|
|-weather|SunnyDay|[upkeep]
|-damage|p2a: Mr. Fancypants|130\/403 brn|[from] brn
|turn|16
|join|sablenite
|
|switch|p1a: Terrakion|Terrakion|323\/323
|switch|p2a: Go Go Mike|Latios, M|198\/301
|-damage|p2a: Go Go Mike|161\/301|[from] Stealth Rock
|
|-weather|SunnyDay|[upkeep]
|turn|17
|
|switch|p2a: Fluffy Paws|Landorus-Therian, M|216\/382 brn
|-damage|p2a: Fluffy Paws|169\/382 brn|[from] Stealth Rock
|-ability|p2a: Fluffy Paws|Intimidate|[of] p1a: Terrakion
|-unboost|p1a: Terrakion|atk|1
|move|p1a: Terrakion|Stone Edge|p2a: Fluffy Paws
|-damage|p2a: Fluffy Paws|76\/382 brn
|
|-weather|SunnyDay|[upkeep]
|-heal|p2a: Fluffy Paws|99\/382 brn|[from] item: Leftovers
|-damage|p2a: Fluffy Paws|52\/382 brn|[from] brn
|turn|18
|
|move|p1a: Terrakion|Stone Edge|p2a: Fluffy Paws
|-crit|p2a: Fluffy Paws
|-damage|p2a: Fluffy Paws|0 fnt
|faint|p2a: Fluffy Paws
|
|-weather|SunnyDay|[upkeep]
|
|switch|p2a: AWESOM-O 4000|Metagross|301\/301
|-damage|p2a: AWESOM-O 4000|251\/301|[from] Spikes
|-damage|p2a: AWESOM-O 4000|233\/301|[from] Stealth Rock
|turn|19
|
|switch|p1a: Victini|Victini|341\/341
|detailschange|p2a: AWESOM-O 4000|Metagross-Mega
|message|Metagross has Mega Evolved into Mega Metagross!
|move|p2a: AWESOM-O 4000|Earthquake|p1a: Victini
|-supereffective|p1a: Victini
|-damage|p1a: Victini|67\/341
|
|-weather|SunnyDay|[upkeep]
|turn|20
|
|switch|p2a: Mr. Fancypants|Tyranitar, M|130\/403 brn
|-damage|p2a: Mr. Fancypants|80\/403 brn|[from] Stealth Rock
|-damage|p2a: Mr. Fancypants|13\/403 brn|[from] Spikes
|-weather|Sandstorm
|switch|p1a: Forretress|Forretress, F|121\/354
|
|-weather|Sandstorm|[upkeep]
|-heal|p1a: Forretress|143\/354|[from] item: Leftovers
|-damage|p2a: Mr. Fancypants|0 fnt|[from] brn
|faint|p2a: Mr. Fancypants
|
|switch|p2a: Go Go Mike|Latios, M|161\/301
|-damage|p2a: Go Go Mike|124\/301|[from] Stealth Rock
|turn|21
|
|switch|p1a: Ninetales|Ninetales, M, shiny|243\/349 slp
|-weather|SunnyDay
|move|p2a: Go Go Mike|Draco Meteor|p1a: Ninetales
|-damage|p1a: Ninetales|0 fnt
|-unboost|p2a: Go Go Mike|spa|2
|faint|p1a: Ninetales
|
|-weather|SunnyDay|[upkeep]
|
|switch|p1a: Forretress|Forretress, F|143\/354
|turn|22
|
|move|p2a: Go Go Mike|Draco Meteor|p1a: Forretress
|-resisted|p1a: Forretress
|-damage|p1a: Forretress|23\/354
|-unboost|p2a: Go Go Mike|spa|2
|move|p1a: Forretress|Spikes|p2a: Go Go Mike
|-sidestart|p2: Apedingo|Spikes
|
|-weather|SunnyDay|[upkeep]
|-heal|p1a: Forretress|45\/354|[from] item: Leftovers
|turn|23
|
|move|p2a: Go Go Mike|Draco Meteor|p1a: Forretress
|-resisted|p1a: Forretress
|-damage|p1a: Forretress|0 fnt
|-unboost|p2a: Go Go Mike|spa|2
|faint|p1a: Forretress
|
|-weather|SunnyDay|[upkeep]
|
|switch|p1a: Venusaur|Venusaur, M|219\/301
|turn|24
|
|switch|p2a: AWESOM-O 4000|Metagross-Mega|233\/301
|-damage|p2a: AWESOM-O 4000|215\/301|[from] Stealth Rock
|-damage|p2a: AWESOM-O 4000|140\/301|[from] Spikes
|move|p1a: Venusaur|Growth|p1a: Venusaur
|-boost|p1a: Venusaur|atk|2
|-boost|p1a: Venusaur|spa|2
|
|-weather|SunnyDay|[upkeep]
|turn|25
|
|move|p1a: Venusaur|Hidden Power|p2a: AWESOM-O 4000
|-supereffective|p2a: AWESOM-O 4000
|-damage|p2a: AWESOM-O 4000|0 fnt
|-damage|p1a: Venusaur|189\/301|[from] item: Life Orb
|faint|p2a: AWESOM-O 4000
|
|-weather|SunnyDay|[upkeep]
|
|switch|p2a: Go Go Mike|Latios, M|124\/301
|-damage|p2a: Go Go Mike|87\/301|[from] Stealth Rock
|turn|26
|join|IDM sucks
|
|switch|p1a: Victini|Victini|67\/341
|move|p2a: Go Go Mike|Psyshock|p1a: Victini
|-resisted|p1a: Victini
|-damage|p1a: Victini|0 fnt
|faint|p1a: Victini
|
|-weather|SunnyDay|[upkeep]
|leave|IDM sucks
|
|switch|p1a: Terrakion|Terrakion|323\/323
|turn|27
|
|move|p1a: Terrakion|Stone Edge|p2a: Go Go Mike
|-damage|p2a: Go Go Mike|0 fnt
|faint|p2a: Go Go Mike
|
|-weather|SunnyDay|[upkeep]
|
|switch|p2a: Damn Cute Bunny|Azumarill, F|401\/401
|-damage|p2a: Damn Cute Bunny|301\/401|[from] Spikes
|-damage|p2a: Damn Cute Bunny|251\/401|[from] Stealth Rock
|turn|28
|
|move|p1a: Terrakion|Stone Edge|p2a: Damn Cute Bunny
|-damage|p2a: Damn Cute Bunny|43\/401
|move|p2a: Damn Cute Bunny|Play Rough|p1a: Terrakion
|-crit|p1a: Terrakion
|-supereffective|p1a: Terrakion
|-damage|p1a: Terrakion|0 fnt
|faint|p1a: Terrakion
|
|-weather|none
|
|switch|p1a: Venusaur|Venusaur, M|189\/301
|turn|29
|
|move|p1a: Venusaur|Sludge Bomb|p2a: Damn Cute Bunny
|-supereffective|p2a: Damn Cute Bunny
|-damage|p2a: Damn Cute Bunny|0 fnt
|-damage|p1a: Venusaur|159\/301|[from] item: Life Orb
|faint|p2a: Damn Cute Bunny
|
|win|icening
|raw|Ladder updating...
|raw|icening's rating: 1684 &rarr; <strong>1701<\/strong><br \/>(+17 for winning)
|raw|Apedingo's rating: 1635 &rarr; <strong>1618<\/strong><br \/>(-17 for losing)
|leave|Apedingo
|player|p2