|join|Apedingo
|join|LT2A Updated Kanto
|player|p1|Apedingo|242
|player|p2|LT2A Updated Kanto|218
|gametype|singles
|gen|6
|tier|OU
|rated
|clearpoke
|poke|p1|Landorus-Therian, M
|poke|p1|Gardevoir, F
|poke|p1|Azumarill, M
|poke|p1|Latios, M
|poke|p1|Tyranitar, M
|poke|p1|Magnezone
|poke|p2|Landorus-Therian, M
|poke|p2|Azumarill, F
|poke|p2|Ferrothorn, M
|poke|p2|Medicham, M
|poke|p2|Gengar, F
|poke|p2|Rotom-Wash
|rule|Swagger Clause: Swagger is banned
|rule|Baton Pass Clause: Limit one PokÃ©mon knowing Baton Pass
|rule|Sleep Clause Mod: Limit one foe put to sleep
|rule|Species Clause: Limit one of each PokÃ©mon
|rule|OHKO Clause: OHKO moves are banned
|rule|Moody Clause: Moody is banned
|rule|Evasion Moves Clause: Evasion moves are banned
|rule|Endless Battle Clause: Forcing endless battles is banned
|rule|HP Percentage Mod: HP is shown in percentages
|teampreview
|join|Biz
|
|start
|switch|p1a: Landorus-Therian|Landorus-Therian, M|382\/382
|switch|p2a: Landorus-Therian|Landorus-Therian, M|345\/345
|-ability|p2a: Landorus-Therian|Intimidate|[of] p1a: Landorus-Therian
|-unboost|p1a: Landorus-Therian|atk|1
|-ability|p1a: Landorus-Therian|Intimidate|[of] p2a: Landorus-Therian
|-unboost|p2a: Landorus-Therian|atk|1
|turn|1
|join|DOGE EBINEST
|join|McMeghan
|
|move|p2a: Landorus-Therian|U-turn|p1a: Landorus-Therian
|-resisted|p1a: Landorus-Therian
|-damage|p1a: Landorus-Therian|359\/382
|
|switch|p2a: Rotom-Wash|Rotom-Wash|304\/304
|move|p1a: Landorus-Therian|Stealth Rock|p2a: Rotom-Wash
|-sidestart|p2: LT2A Updated Kanto|move: Stealth Rock
|
|-heal|p1a: Landorus-Therian|382\/382|[from] item: Leftovers
|turn|2
|
|switch|p1a: Latios|Latios, M|301\/301
|move|p2a: Rotom-Wash|Will-O-Wisp|p1a: Latios
|-status|p1a: Latios|brn
|
|-damage|p1a: Latios|264\/301 brn|[from] brn
|turn|3
|join|yuy
|join|Lockheeed
|join|Fluffiest Flareon
|leave|Lockheeed
|join|Lockheeed
|
|switch|p2a: Ferrothorn|Ferrothorn, M|352\/352
|-damage|p2a: Ferrothorn|330\/352|[from] Stealth Rock
|move|p1a: Latios|Psyshock|p2a: Ferrothorn
|-resisted|p2a: Ferrothorn
|-damage|p2a: Ferrothorn|246\/352
|
|-heal|p2a: Ferrothorn|268\/352|[from] item: Leftovers
|-damage|p1a: Latios|227\/301 brn|[from] brn
|turn|4
|join|LT2G boudouche
|
|switch|p1a: Magnezone|Magnezone|281\/281
|switch|p2a: Rotom-Wash|Rotom-Wash|304\/304
|-damage|p2a: Rotom-Wash|266\/304|[from] Stealth Rock
|
|-heal|p2a: Rotom-Wash|285\/304|[from] item: Leftovers
|turn|5
|
|move|p1a: Magnezone|Volt Switch|p2a: Rotom-Wash
|-damage|p2a: Rotom-Wash|179\/304
|
|switch|p1a: Latios|Latios, M|227\/301 brn
|move|p2a: Rotom-Wash|Volt Switch|p1a: Latios
|-resisted|p1a: Latios
|-damage|p1a: Latios|185\/301 brn
|
|switch|p2a: Landorus-Therian|Landorus-Therian, M|345\/345
|-damage|p2a: Landorus-Therian|302\/345|[from] Stealth Rock
|-ability|p2a: Landorus-Therian|Intimidate|[of] p1a: Latios
|-unboost|p1a: Latios|atk|1
|
|-damage|p1a: Latios|148\/301 brn|[from] brn
|turn|6
|
|switch|p1a: Landorus-Therian|Landorus-Therian, M|382\/382
|-ability|p1a: Landorus-Therian|Intimidate|[of] p2a: Landorus-Therian
|-unboost|p2a: Landorus-Therian|atk|1
|move|p2a: Landorus-Therian|U-turn|p1a: Landorus-Therian
|-resisted|p1a: Landorus-Therian
|-damage|p1a: Landorus-Therian|359\/382
|
|switch|p2a: Rotom-Wash|Rotom-Wash|179\/304
|-damage|p2a: Rotom-Wash|141\/304|[from] Stealth Rock
|
|-heal|p2a: Rotom-Wash|160\/304|[from] item: Leftovers
|-heal|p1a: Landorus-Therian|382\/382|[from] item: Leftovers
|turn|7
|
|switch|p1a: Tyranitar|Tyranitar, M|403\/403
|-weather|Sandstorm
|move|p2a: Rotom-Wash|Hydro Pump|p1a: Tyranitar
|-supereffective|p1a: Tyranitar
|-damage|p1a: Tyranitar|311\/403
|
|-weather|Sandstorm|[upkeep]
|-damage|p2a: Rotom-Wash|141\/304|[from] sandstorm
|-heal|p2a: Rotom-Wash|160\/304|[from] item: Leftovers
|turn|8
|
|move|p2a: Rotom-Wash|Will-O-Wisp|p1a: Tyranitar
|-status|p1a: Tyranitar|brn
|move|p1a: Tyranitar|Crunch|p2a: Rotom-Wash
|-damage|p2a: Rotom-Wash|115\/304
|
|-weather|Sandstorm|[upkeep]
|-damage|p2a: Rotom-Wash|96\/304|[from] sandstorm
|-heal|p2a: Rotom-Wash|115\/304|[from] item: Leftovers
|-damage|p1a: Tyranitar|261\/403 brn|[from] brn
|turn|9
|join|chumped
|
|move|p2a: Rotom-Wash|Hydro Pump|p1a: Tyranitar
|-supereffective|p1a: Tyranitar
|-damage|p1a: Tyranitar|171\/403 brn
|move|p1a: Tyranitar|Crunch|p2a: Rotom-Wash
|-damage|p2a: Rotom-Wash|66\/304
|-unboost|p2a: Rotom-Wash|def|1
|
|-weather|Sandstorm|[upkeep]
|-damage|p2a: Rotom-Wash|47\/304|[from] sandstorm
|-heal|p2a: Rotom-Wash|66\/304|[from] item: Leftovers
|-damage|p1a: Tyranitar|121\/403 brn|[from] brn
|turn|10
|
|move|p2a: Rotom-Wash|Hydro Pump|p1a: Tyranitar|[miss]
|-miss|p2a: Rotom-Wash|p1a: Tyranitar
|move|p1a: Tyranitar|Crunch|p2a: Rotom-Wash
|-damage|p2a: Rotom-Wash|2\/304
|
|-weather|Sandstorm|[upkeep]
|-damage|p2a: Rotom-Wash|0 fnt|[from] sandstorm
|-damage|p1a: Tyranitar|71\/403 brn|[from] brn
|faint|p2a: Rotom-Wash
|join|Druides
|join|fgtfgtfgtfgt
|join|TOTEMO
|
|switch|p2a: Azumarill|Azumarill, F|342\/342
|-damage|p2a: Azumarill|300\/342|[from] Stealth Rock
|turn|11
|
|move|p2a: Azumarill|Belly Drum|p2a: Azumarill
|-damage|p2a: Azumarill|129\/342
|-setboost|p2a: Azumarill|atk|6|[from] move: Belly Drum
|-enditem|p2a: Azumarill|Sitrus Berry|[eat]
|-heal|p2a: Azumarill|214\/342|[from] item: Sitrus Berry
|move|p1a: Tyranitar|Crunch|p2a: Azumarill
|-resisted|p2a: Azumarill
|-damage|p2a: Azumarill|175\/342
|-unboost|p2a: Azumarill|def|1
|
|-weather|none
|-damage|p1a: Tyranitar|21\/403 brn|[from] brn
|turn|12
|
|move|p2a: Azumarill|Aqua Jet|p1a: Tyranitar
|-supereffective|p1a: Tyranitar
|-damage|p1a: Tyranitar|0 fnt
|faint|p1a: Tyranitar
|
|
|switch|p1a: Landorus-Therian|Landorus-Therian, M|382\/382
|-ability|p1a: Landorus-Therian|Intimidate|[of] p2a: Azumarill
|-unboost|p2a: Azumarill|atk|1
|turn|13
|
|switch|p1a: Latios|Latios, M|148\/301 brn
|move|p2a: Azumarill|Aqua Jet|p1a: Latios
|-resisted|p1a: Latios
|-damage|p1a: Latios|0 fnt
|faint|p1a: Latios
|
|
|switch|p1a: Landorus-Therian|Landorus-Therian, M|382\/382
|-ability|p1a: Landorus-Therian|Intimidate|[of] p2a: Azumarill
|-unboost|p2a: Azumarill|atk|1
|turn|14
|leave|McMeghan
|
|move|p2a: Azumarill|Aqua Jet|p1a: Landorus-Therian
|-supereffective|p1a: Landorus-Therian
|-damage|p1a: Landorus-Therian|16\/382
|move|p1a: Landorus-Therian|Earthquake|p2a: Azumarill
|-damage|p2a: Azumarill|0 fnt
|faint|p2a: Azumarill
|
|-heal|p1a: Landorus-Therian|39\/382|[from] item: Leftovers
|
|switch|p2a: Medicham|Medicham, M|261\/261
|-damage|p2a: Medicham|245\/261|[from] Stealth Rock
|turn|15
|
|detailschange|p2a: Medicham|Medicham-Mega, M
|message|Medicham has Mega Evolved into Mega Medicham!
|move|p2a: Medicham|Ice Punch|p1a: Landorus-Therian
|-supereffective|p1a: Landorus-Therian
|-damage|p1a: Landorus-Therian|0 fnt
|faint|p1a: Landorus-Therian
|
|
|switch|p1a: Gardevoir|Gardevoir, F|278\/278
|turn|16
|join|dedic
|
|switch|p2a: Ferrothorn|Ferrothorn, M|268\/352
|-damage|p2a: Ferrothorn|246\/352|[from] Stealth Rock
|detailschange|p1a: Gardevoir|Gardevoir-Mega, F
|message|Gardevoir has Mega Evolved into Mega Gardevoir!
|move|p1a: Gardevoir|Hyper Voice|p2a: Ferrothorn
|-resisted|p2a: Ferrothorn
|-damage|p2a: Ferrothorn|156\/352
|
|-heal|p2a: Ferrothorn|178\/352|[from] item: Leftovers
|turn|17
|leave|yuy
|
|switch|p1a: Magnezone|Magnezone|281\/281
|move|p2a: Ferrothorn|Gyro Ball|p1a: Magnezone
|-resisted|p1a: Magnezone
|-damage|p1a: Magnezone|246\/281
|
|-heal|p2a: Ferrothorn|200\/352|[from] item: Leftovers
|turn|18
|
|move|p1a: Magnezone|Hidden Power|p2a: Ferrothorn
|-supereffective|p2a: Ferrothorn
|-damage|p2a: Ferrothorn|0 fnt
|faint|p2a: Ferrothorn
|
|join|LT2B Starmaster
|
|switch|p2a: Landorus-Therian|Landorus-Therian, M|302\/345
|-damage|p2a: Landorus-Therian|259\/345|[from] Stealth Rock
|-ability|p2a: Landorus-Therian|Intimidate|[of] p1a: Magnezone
|-unboost|p1a: Magnezone|atk|1
|turn|19
|c| DOGE EBINEST|go into the ground resist
|c|âLT2A Updated Kanto|r u taking a brief pause to have sex with ur gf?
|
|move|p2a: Landorus-Therian|Earthquake|p1a: Magnezone
|-supereffective|p1a: Magnezone
|-damage|p1a: Magnezone|0 fnt
|faint|p1a: Magnezone
|
|
|switch|p1a: Azumarill|Azumarill, M|401\/401
|turn|20
|
|move|p2a: Landorus-Therian|Earthquake|p1a: Azumarill
|-damage|p1a: Azumarill|155\/401
|move|p1a: Azumarill|Waterfall|p2a: Landorus-Therian
|-supereffective|p2a: Landorus-Therian
|-damage|p2a: Landorus-Therian|0 fnt
|faint|p2a: Landorus-Therian
|
|join|LT2A Bouff
|
|switch|p2a: Gengar|Gengar, F|262\/262
|-damage|p2a: Gengar|230\/262|[from] Stealth Rock
|turn|21
|join|Henry
|
|move|p1a: Azumarill|Aqua Jet|p2a: Gengar
|-damage|p2a: Gengar|110\/262
|move|p2a: Gengar|Sludge Wave|p1a: Azumarill
|-supereffective|p1a: Azumarill
|-damage|p1a: Azumarill|0 fnt
|-damage|p2a: Gengar|84\/262|[from] item: Life Orb
|faint|p1a: Azumarill
|
|
|switch|p1a: Gardevoir|Gardevoir-Mega, F|278\/278
|turn|22
|
|move|p2a: Gengar|Sludge Wave|p1a: Gardevoir
|-supereffective|p1a: Gardevoir
|-damage|p1a: Gardevoir|0 fnt
|-damage|p2a: Gengar|58\/262|[from] item: Life Orb
|faint|p1a: Gardevoir
|
|win|LT2A Updated Kanto
|raw|Ladder updating...
|raw|Apedingo's rating: 1876 &rarr; <strong>1849<\/strong><br \/>(-27 for losing)
|raw|LT2A Updated Kanto's rating: 1761 &rarr; <strong>1787<\/strong><br \/>(+26 for winning)
|leave|dedic
|leave|LT2A Updated Kanto
|player|p2
|leave|Henry
|leave|Biz
|leave|Apedingo
|player|p1
|leave|Fluffiest Flareon
|leave|fgtfgtfgtfgt
|leave|chumped
|leave|DOGE EBINEST
|leave|TOTEMO