|join|Apedingo
|join|idontcare87
|player|p1|Apedingo|242
|player|p2|idontcare87|102
|gametype|singles
|gen|6
|tier|OU
|rated
|clearpoke
|poke|p1|Landorus-Therian, M
|poke|p1|Gardevoir, M
|poke|p1|Azumarill, F
|poke|p1|Latios, M
|poke|p1|Tyranitar, M
|poke|p1|Magnezone
|poke|p2|Ferrothorn, M
|poke|p2|Milotic, F
|poke|p2|Latios, M
|poke|p2|Mamoswine, M
|poke|p2|Gardevoir, M
|poke|p2|Rotom-Heat
|rule|Swagger Clause: Swagger is banned
|rule|Baton Pass Clause: Limit one PokÃ©mon knowing Baton Pass
|rule|Sleep Clause Mod: Limit one foe put to sleep
|rule|Species Clause: Limit one of each PokÃ©mon
|rule|OHKO Clause: OHKO moves are banned
|rule|Moody Clause: Moody is banned
|rule|Evasion Moves Clause: Evasion moves are banned
|rule|Endless Battle Clause: Forcing endless battles is banned
|rule|HP Percentage Mod: HP is shown in percentages
|teampreview
|
|start
|switch|p1a: Damn Cute Bunny|Azumarill, F|401\/401
|switch|p2a: Rotom-Heat|Rotom-Heat|268\/268
|turn|1
|
|switch|p1a: Go Go Mike|Latios, M|301\/301
|move|p2a: Rotom-Heat|Volt Switch|p1a: Go Go Mike
|-resisted|p1a: Go Go Mike
|-damage|p1a: Go Go Mike|258\/301
|
|switch|p2a: Gardevoir|Gardevoir, M|277\/277
|-ability|p2a: Gardevoir|Levitate|[from] ability: Trace|[of] p1a: Go Go Mike
|
|turn|2
|join|Light100
|
|switch|p1a: Mr. Fancypants|Tyranitar, M|403\/403
|-weather|Sandstorm
|detailschange|p2a: Gardevoir|Gardevoir-Mega, M
|message|Gardevoir has Mega Evolved into Mega Gardevoir!
|move|p2a: Gardevoir|Focus Blast|p1a: Mr. Fancypants
|-supereffective|p1a: Mr. Fancypants
|-damage|p1a: Mr. Fancypants|175\/403
|
|-weather|Sandstorm|[upkeep]
|-damage|p2a: Gardevoir|260\/277|[from] sandstorm
|turn|3
|
|move|p2a: Gardevoir|Focus Blast|p1a: Mr. Fancypants
|-supereffective|p1a: Mr. Fancypants
|-damage|p1a: Mr. Fancypants|0 fnt
|faint|p1a: Mr. Fancypants
|
|-weather|Sandstorm|[upkeep]
|-damage|p2a: Gardevoir|243\/277|[from] sandstorm
|c|âidontcare87|freaking AV wth
|
|switch|p1a: Its a trap!|Magnezone|281\/281
|turn|4
|
|switch|p2a: Rotom-Heat|Rotom-Heat|268\/268
|move|p1a: Its a trap!|Volt Switch|p2a: Rotom-Heat
|-crit|p2a: Rotom-Heat
|-resisted|p2a: Rotom-Heat
|-damage|p2a: Rotom-Heat|184\/268
|
|switch|p1a: Gardevoir|Gardevoir, M|277\/277
|
|-weather|Sandstorm|[upkeep]
|-damage|p2a: Rotom-Heat|168\/268|[from] sandstorm
|-damage|p1a: Gardevoir|260\/277|[from] sandstorm
|turn|5
|
|detailschange|p1a: Gardevoir|Gardevoir-Mega, M
|message|Gardevoir has Mega Evolved into Mega Gardevoir!
|move|p2a: Rotom-Heat|Thunder Wave|p1a: Gardevoir
|-status|p1a: Gardevoir|par
|move|p1a: Gardevoir|Hyper Voice|p2a: Rotom-Heat
|-resisted|p2a: Rotom-Heat
|-damage|p2a: Rotom-Heat|57\/268
|
|-weather|Sandstorm|[upkeep]
|-damage|p2a: Rotom-Heat|41\/268|[from] sandstorm
|-damage|p1a: Gardevoir|243\/277 par|[from] sandstorm
|turn|6
|
|switch|p2a: Ferrothorn|Ferrothorn, M|352\/352
|move|p1a: Gardevoir|Hyper Voice|p2a: Ferrothorn
|-resisted|p2a: Ferrothorn
|-damage|p2a: Ferrothorn|233\/352
|
|-weather|none
|turn|7
|
|switch|p1a: Its a trap!|Magnezone|281\/281
|move|p2a: Ferrothorn|Stealth Rock|p1a: Its a trap!
|-sidestart|p1: Apedingo|move: Stealth Rock
|
|turn|8
|
|move|p1a: Its a trap!|Hidden Power|p2a: Ferrothorn
|-crit|p2a: Ferrothorn
|-supereffective|p2a: Ferrothorn
|-damage|p2a: Ferrothorn|0 fnt
|faint|p2a: Ferrothorn
|
|
|switch|p2a: Mamoswine|Mamoswine, M|359\/359
|turn|9
|
|switch|p1a: Fluffy Paws|Landorus-Therian, M|382\/382
|-damage|p1a: Fluffy Paws|335\/382|[from] Stealth Rock
|-ability|p1a: Fluffy Paws|Intimidate|[of] p2a: Mamoswine
|-unboost|p2a: Mamoswine|atk|1
|move|p2a: Mamoswine|Icicle Crash|p1a: Fluffy Paws
|-supereffective|p1a: Fluffy Paws
|-damage|p1a: Fluffy Paws|0 fnt
|-damage|p2a: Mamoswine|324\/359|[from] item: Life Orb
|faint|p1a: Fluffy Paws
|
|
|switch|p1a: Damn Cute Bunny|Azumarill, F|401\/401
|-damage|p1a: Damn Cute Bunny|351\/401|[from] Stealth Rock
|turn|10
|
|switch|p2a: Rotom-Heat|Rotom-Heat|41\/268
|move|p1a: Damn Cute Bunny|Knock Off|p2a: Rotom-Heat
|-crit|p2a: Rotom-Heat
|-damage|p2a: Rotom-Heat|0 fnt
|-enditem|p2a: Rotom-Heat|Choice Scarf|[from] move: Knock Off|[of] p1a: Damn Cute Bunny
|faint|p2a: Rotom-Heat
|
|
|switch|p2a: Gardevoir|Gardevoir-Mega, M|243\/277
|turn|11
|
|move|p2a: Gardevoir|Hyper Voice|p1a: Damn Cute Bunny
|-damage|p1a: Damn Cute Bunny|146\/401
|move|p1a: Damn Cute Bunny|Waterfall|p2a: Gardevoir
|-damage|p2a: Gardevoir|0 fnt
|faint|p2a: Gardevoir
|
|
|switch|p2a: Latios|Latios, M|309\/309
|turn|12
|
|switch|p1a: Go Go Mike|Latios, M|258\/301
|-damage|p1a: Go Go Mike|221\/301|[from] Stealth Rock
|move|p2a: Latios|Psyshock|p1a: Go Go Mike
|-resisted|p1a: Go Go Mike
|-damage|p1a: Go Go Mike|120\/301
|-damage|p2a: Latios|279\/309|[from] item: Life Orb
|
|turn|13
|
|switch|p1a: Gardevoir|Gardevoir-Mega, M|243\/277 par
|-damage|p1a: Gardevoir|209\/277 par|[from] Stealth Rock
|move|p2a: Latios|Psyshock|p1a: Gardevoir
|-resisted|p1a: Gardevoir
|-damage|p1a: Gardevoir|78\/277 par
|-damage|p2a: Latios|249\/309|[from] item: Life Orb
|
|turn|14
|
|move|p2a: Latios|Psyshock|p1a: Gardevoir
|-resisted|p1a: Gardevoir
|-damage|p1a: Gardevoir|0 fnt
|-damage|p2a: Latios|219\/309|[from] item: Life Orb
|faint|p1a: Gardevoir
|
|
|switch|p1a: Its a trap!|Magnezone|281\/281
|-damage|p1a: Its a trap!|264\/281|[from] Stealth Rock
|turn|15
|
|move|p1a: Its a trap!|Flash Cannon|p2a: Latios
|-crit|p2a: Latios
|-damage|p2a: Latios|23\/309
|move|p2a: Latios|Surf|p1a: Its a trap!
|-damage|p1a: Its a trap!|120\/281
|-damage|p2a: Latios|0 fnt|[from] item: Life Orb
|faint|p2a: Latios
|
|
|switch|p2a: Milotic|Milotic, F|394\/394
|turn|16
|
|switch|p1a: Go Go Mike|Latios, M|120\/301
|-damage|p1a: Go Go Mike|83\/301|[from] Stealth Rock
|move|p2a: Milotic|Ice Beam|p1a: Go Go Mike
|-supereffective|p1a: Go Go Mike
|-damage|p1a: Go Go Mike|0 fnt
|faint|p1a: Go Go Mike
|
|
|switch|p1a: Damn Cute Bunny|Azumarill, F|146\/401
|-damage|p1a: Damn Cute Bunny|96\/401|[from] Stealth Rock
|turn|17
|
|move|p2a: Milotic|Scald|p1a: Damn Cute Bunny
|-resisted|p1a: Damn Cute Bunny
|-damage|p1a: Damn Cute Bunny|60\/401
|move|p1a: Damn Cute Bunny|Knock Off|p2a: Milotic
|-damage|p2a: Milotic|271\/394
|-enditem|p2a: Milotic|Leftovers|[from] move: Knock Off|[of] p1a: Damn Cute Bunny
|
|turn|18
|
|move|p2a: Milotic|Scald|p1a: Damn Cute Bunny
|-resisted|p1a: Damn Cute Bunny
|-damage|p1a: Damn Cute Bunny|24\/401
|move|p1a: Damn Cute Bunny|Play Rough|p2a: Milotic
|-damage|p2a: Milotic|103\/394
|
|turn|19
|
|move|p2a: Milotic|Recover|p2a: Milotic
|-heal|p2a: Milotic|300\/394
|move|p1a: Damn Cute Bunny|Play Rough|p2a: Milotic
|-damage|p2a: Milotic|131\/394
|
|turn|20
|
|move|p2a: Milotic|Recover|p2a: Milotic
|-heal|p2a: Milotic|328\/394
|move|p1a: Damn Cute Bunny|Play Rough|p2a: Milotic
|-damage|p2a: Milotic|151\/394
|
|turn|21
|
|move|p2a: Milotic|Recover|p2a: Milotic
|-heal|p2a: Milotic|348\/394
|move|p1a: Damn Cute Bunny|Play Rough|p2a: Milotic
|-damage|p2a: Milotic|179\/394
|
|turn|22
|
|move|p2a: Milotic|Recover|p2a: Milotic
|-heal|p2a: Milotic|376\/394
|move|p1a: Damn Cute Bunny|Play Rough|p2a: Milotic
|-damage|p2a: Milotic|223\/394
|
|turn|23
|
|switch|p1a: Its a trap!|Magnezone|120\/281
|-damage|p1a: Its a trap!|103\/281|[from] Stealth Rock
|move|p2a: Milotic|Scald|p1a: Its a trap!
|-damage|p1a: Its a trap!|0 fnt
|faint|p1a: Its a trap!
|
|-message|Apedingo forfeited.
|
|win|idontcare87
|raw|Ladder updating...
|leave|Apedingo
|player|p1
|raw|Apedingo's rating: 1802 &rarr; <strong>1774<\/strong><br \/>(-28 for losing)
|raw|idontcare87's rating: 1616 &rarr; <strong>1646<\/strong><br \/>(+30 for winning)
|c|âidontcare87|gg
|leave|Light100