|join|LT2I CBB
|join|Apedingo
|player|p1|LT2I CBB|1
|player|p2|Apedingo|242
|gametype|singles
|gen|6
|tier|OU
|rated
|clearpoke
|poke|p1|Garchomp, F
|poke|p1|Greninja, F
|poke|p1|Scizor, F
|poke|p1|Bisharp, F
|poke|p1|Latios, M
|poke|p1|Landorus-Therian, M
|poke|p2|Landorus-Therian, M
|poke|p2|Gardevoir, F
|poke|p2|Azumarill, M
|poke|p2|Latios, M
|poke|p2|Tyranitar, F
|poke|p2|Magnezone
|rule|Swagger Clause: Swagger is banned
|rule|Baton Pass Clause: Limit one PokÃ©mon knowing Baton Pass
|rule|Sleep Clause Mod: Limit one foe put to sleep
|rule|Species Clause: Limit one of each PokÃ©mon
|rule|OHKO Clause: OHKO moves are banned
|rule|Moody Clause: Moody is banned
|rule|Evasion Moves Clause: Evasion moves are banned
|rule|Endless Battle Clause: Forcing endless battles is banned
|rule|HP Percentage Mod: HP is shown in percentages
|teampreview
|join|LT2A Bisharp
|join|Appreciation
|join|eqip
|join|KratosMana
|
|start
|switch|p1a: Loki|Greninja, F|286\/286
|switch|p2a: Azumarill|Azumarill, M|401\/401
|turn|1
|join|Shoxx
|join|LT2B Cosine180
|join|LT2A Dark_380
|join|MegaStarUniverse
|
|switch|p1a: Metatron|Scizor, F|303\/303
|move|p2a: Azumarill|Waterfall|p1a: Metatron
|-crit|p1a: Metatron
|-damage|p1a: Metatron|63\/303
|
|turn|2
|c| KratosMana|nice first turn
|
|switch|p2a: Magnezone|Magnezone|281\/281
|move|p1a: Metatron|Superpower|p2a: Magnezone
|-supereffective|p2a: Magnezone
|-damage|p2a: Magnezone|3\/281
|-unboost|p1a: Metatron|atk|1
|-unboost|p1a: Metatron|def|1
|
|turn|3
|c|âLT2I CBB|lol nice misclick
|c| KratosMana|-
|c|âLT2I CBB|didnt mega
|join|LT2X gr8astard
|c|âLT2I CBB|good thing it didnt matter
|c| KratosMana|LOOOOOL
|join|y4
|c| MegaStarUniverse|lol
|join|CleanerThanRotom-W
|leave|CleanerThanRotom-W
|c| Shoxx|ass players
|
|detailschange|p1a: Metatron|Scizor-Mega, F
|message|Scizor has Mega Evolved into Mega Scizor!
|move|p1a: Metatron|Bullet Punch|p2a: Magnezone
|-resisted|p2a: Magnezone
|-damage|p2a: Magnezone|0 fnt
|faint|p2a: Magnezone
|
|c| Shoxx|always gettin rewarded..
|c| Appreciation|psst
|join|LT2K xray
|join|l123
|c| Appreciation|shouldnt have megad
|join|HallowedHarlequin
|c| Appreciation|u rly want him to think its mega chomp
|c|âLT2I CBB|yea its actually mega chomp
|c| Appreciation|:^)
|
|switch|p2a: Landorus-Therian|Landorus-Therian, M|382\/382
|-ability|p2a: Landorus-Therian|Intimidate|[of] p1a: Metatron
|-unboost|p1a: Metatron|atk|1
|turn|4
|join|haunter
|c| KratosMana|my nigga mega latios
|
|switch|p1a: Samael|Garchomp, F|357\/357
|move|p2a: Landorus-Therian|Stealth Rock|p1a: Samael
|-sidestart|p1: LT2I CBB|move: Stealth Rock
|
|turn|5
|
|move|p1a: Samael|Stealth Rock|p2a: Landorus-Therian
|-sidestart|p2: Apedingo|move: Stealth Rock
|move|p2a: Landorus-Therian|Hidden Power|p1a: Samael
|-supereffective|p1a: Samael
|-damage|p1a: Samael|109\/357
|
|turn|6
|c| LT2B Cosine180|lel
|
|move|p1a: Samael|Dragon Claw|p2a: Landorus-Therian
|-damage|p2a: Landorus-Therian|279\/382
|move|p2a: Landorus-Therian|Hidden Power|p1a: Samael
|-supereffective|p1a: Samael
|-damage|p1a: Samael|0 fnt
|faint|p1a: Samael
|
|-heal|p2a: Landorus-Therian|302\/382|[from] item: Leftovers
|
|switch|p1a: Loki|Greninja, F|286\/286
|-damage|p1a: Loki|251\/286|[from] Stealth Rock
|turn|7
|c| LT2B Cosine180|nice n gen 5
|join|laddere
|
|switch|p2a: Tyranitar|Tyranitar, F|403\/403
|-damage|p2a: Tyranitar|353\/403|[from] Stealth Rock
|-weather|Sandstorm
|move|p1a: Loki|Spikes|p2a: Tyranitar
|-start|p1a: Loki|typechange|Ground|[from] Protean
|-sidestart|p2: Apedingo|Spikes
|
|-weather|Sandstorm|[upkeep]
|turn|8
|c| MegaStarUniverse|if your real run Hp ice on Garchomp :]
|join|funk
|c| KratosMana|,
|
|move|p1a: Loki|Hydro Pump|p2a: Tyranitar
|-start|p1a: Loki|typechange|Water|[from] Protean
|-supereffective|p2a: Tyranitar
|-damage|p2a: Tyranitar|205\/403
|-damage|p1a: Loki|223\/286|[from] item: Life Orb
|move|p2a: Tyranitar|Crunch|p1a: Loki
|-damage|p1a: Loki|48\/286
|
|-weather|Sandstorm|[upkeep]
|-damage|p1a: Loki|31\/286|[from] sandstorm
|turn|9
|c| funk|dogs
|c|âLT2I CBB|oh my
|c|âLT2I CBB|walled
|c| KratosMana|holy shit
|c| KratosMana|damage?
|c| funk|y u m e
|
|move|p1a: Loki|Spikes|p2a: Tyranitar
|-start|p1a: Loki|typechange|Ground|[from] Protean
|-sidestart|p2: Apedingo|Spikes
|move|p2a: Tyranitar|Pursuit|p1a: Loki
|-crit|p1a: Loki
|-damage|p1a: Loki|0 fnt
|faint|p1a: Loki
|
|-weather|Sandstorm|[upkeep]
|
|switch|p1a: Metatron|Scizor-Mega, F|63\/303
|-damage|p1a: Metatron|26\/303|[from] Stealth Rock
|turn|10
|
|switch|p2a: Landorus-Therian|Landorus-Therian, M|302\/382
|-damage|p2a: Landorus-Therian|255\/382|[from] Stealth Rock
|-ability|p2a: Landorus-Therian|Intimidate|[of] p1a: Metatron
|-unboost|p1a: Metatron|atk|1
|move|p1a: Metatron|Bullet Punch|p2a: Landorus-Therian
|-damage|p2a: Landorus-Therian|185\/382
|
|-weather|Sandstorm|[upkeep]
|-heal|p2a: Landorus-Therian|208\/382|[from] item: Leftovers
|turn|11
|c| KratosMana|my name is bisharp tho...
|join|SpaceBass
|
|move|p1a: Metatron|Bullet Punch|p2a: Landorus-Therian
|-damage|p2a: Landorus-Therian|145\/382
|move|p2a: Landorus-Therian|Earthquake|p1a: Metatron
|-damage|p1a: Metatron|0 fnt
|faint|p1a: Metatron
|
|-weather|none
|-heal|p2a: Landorus-Therian|168\/382|[from] item: Leftovers
|
|switch|p1a: Quetzalcoatl|Latios, M|302\/302
|-damage|p1a: Quetzalcoatl|265\/302|[from] Stealth Rock
|turn|12
|
|move|p1a: Quetzalcoatl|Psyshock|p2a: Landorus-Therian
|-damage|p2a: Landorus-Therian|24\/382
|-damage|p1a: Quetzalcoatl|235\/302|[from] item: Life Orb
|move|p2a: Landorus-Therian|U-turn|p1a: Quetzalcoatl
|-supereffective|p1a: Quetzalcoatl
|-damage|p1a: Quetzalcoatl|61\/302
|join|McMeghan
|join|good effort1
|
|switch|p2a: Tyranitar|Tyranitar, F|205\/403
|-damage|p2a: Tyranitar|155\/403|[from] Stealth Rock
|-damage|p2a: Tyranitar|88\/403|[from] Spikes
|-weather|Sandstorm
|
|-weather|Sandstorm|[upkeep]
|-damage|p1a: Quetzalcoatl|43\/302|[from] sandstorm
|turn|13
|
|move|p1a: Quetzalcoatl|Draco Meteor|p2a: Tyranitar
|-damage|p2a: Tyranitar|0 fnt
|-unboost|p1a: Quetzalcoatl|spa|2
|-damage|p1a: Quetzalcoatl|13\/302|[from] item: Life Orb
|faint|p2a: Tyranitar
|
|-weather|Sandstorm|[upkeep]
|-damage|p1a: Quetzalcoatl|0 fnt|[from] sandstorm
|faint|p1a: Quetzalcoatl
|leave|SpaceBass
|
|switch|p1a: Yoshitsune|Bisharp, F|271\/271
|-damage|p1a: Yoshitsune|255\/271|[from] Stealth Rock
|switch|p2a: Azumarill|Azumarill, M|401\/401
|-damage|p2a: Azumarill|335\/401|[from] Spikes
|-damage|p2a: Azumarill|285\/401|[from] Stealth Rock
|turn|14
|
|switch|p1a: Wu-Kong|Landorus-Therian, M|325\/325
|-damage|p1a: Wu-Kong|285\/325|[from] Stealth Rock
|-ability|p1a: Wu-Kong|Intimidate|[of] p2a: Azumarill
|-unboost|p2a: Azumarill|atk|1
|move|p2a: Azumarill|Waterfall|p1a: Wu-Kong
|-supereffective|p1a: Wu-Kong
|-damage|p1a: Wu-Kong|49\/325
|
|-weather|Sandstorm|[upkeep]
|-damage|p2a: Azumarill|260\/401|[from] sandstorm
|turn|15
|
|move|p2a: Azumarill|Aqua Jet|p1a: Wu-Kong
|-supereffective|p1a: Wu-Kong
|-damage|p1a: Wu-Kong|0 fnt
|faint|p1a: Wu-Kong
|
|-weather|Sandstorm|[upkeep]
|-damage|p2a: Azumarill|235\/401|[from] sandstorm
|
|switch|p1a: Yoshitsune|Bisharp, F|255\/271
|-damage|p1a: Yoshitsune|239\/271|[from] Stealth Rock
|turn|16
|join|Fluffiest Flareon
|join|Biz
|c| good effort1|will bisharp finish the game?!
|
|move|p1a: Yoshitsune|Swords Dance|p1a: Yoshitsune
|-boost|p1a: Yoshitsune|atk|2
|move|p2a: Azumarill|Waterfall|p1a: Yoshitsune
|-damage|p1a: Yoshitsune|113\/271
|
|-weather|none
|turn|17
|c| Appreciation|LOL no crit
|c| Appreciation|fucking lucky
|join|Sinclair
|c| Sinclair|is my dude bouta get swept?
|
|switch|p2a: Landorus-Therian|Landorus-Therian, M|24\/382
|-damage|p2a: Landorus-Therian|0 fnt|[from] Stealth Rock
|faint|p2a: Landorus-Therian
|move|p1a: Yoshitsune|Iron Head|p2: Landorus-Therian|[notarget]
|-notarget
|
|
|switch|p2a: Latios|Latios, M|301\/301
|-damage|p2a: Latios|264\/301|[from] Stealth Rock
|turn|18
|
|move|p2a: Latios|Trick|p1a: Yoshitsune
|-activate|p2a: Latios|move: Trick|[of] p1a: Yoshitsune
|-item|p1a: Yoshitsune|Choice Specs|[from] move: Trick
|-item|p2a: Latios|Life Orb|[from] move: Trick
|move|p1a: Yoshitsune|Swords Dance|p1a: Yoshitsune
|-boost|p1a: Yoshitsune|atk|2
|
|turn|19
|c|âLT2I CBB|lol
|c| Sinclair|dam
|c| good effort1|:(
|
|move|p2a: Latios|Surf|p1a: Yoshitsune
|-damage|p1a: Yoshitsune|0 fnt
|-damage|p2a: Latios|234\/301|[from] item: Life Orb
|faint|p1a: Yoshitsune
|
|win|Apedingo
|raw|Ladder updating...
|raw|LT2I CBB's rating: 1910 &rarr; <strong>1887<\/strong><br \/>(-23 for losing)
|raw|Apedingo's rating: 1860 &rarr; <strong>1883<\/strong><br \/>(+23 for winning)
|c| KratosMana|rip.
|leave|LT2I CBB
|player|p1
|leave|y4
|join|LT2G boudouche
|leave|Sinclair
|join|iris
|leave|haunter
|leave|Biz
|leave|Shoxx
|leave|LT2X gr8astard
|leave|Appreciation
|leave|KratosMana
|leave|McMeghan
|leave|LT2A Bisharp
|leave|iris
|leave|l123