|join|Apedingo
|join|LT6A M Dragon
|player|p1|Apedingo|242
|player|p2|LT6A M Dragon|1
|gametype|singles
|gen|6
|tier|OU
|rated
|clearpoke
|poke|p1|Landorus-Therian, M
|poke|p1|Gardevoir, F
|poke|p1|Azumarill, F
|poke|p1|Latios, M
|poke|p1|Tyranitar, M
|poke|p1|Magnezone
|poke|p2|Gliscor, F
|poke|p2|Tyranitar, F
|poke|p2|Azumarill, M
|poke|p2|Charizard, F
|poke|p2|Ferrothorn, M
|poke|p2|Latios, M
|rule|Swagger Clause: Swagger is banned
|rule|Baton Pass Clause: Limit one PokÃ©mon knowing Baton Pass
|rule|Sleep Clause Mod: Limit one foe put to sleep
|rule|Species Clause: Limit one of each PokÃ©mon
|rule|OHKO Clause: OHKO moves are banned
|rule|Moody Clause: Moody is banned
|rule|Evasion Moves Clause: Evasion moves are banned
|rule|Endless Battle Clause: Forcing endless battles is banned
|rule|HP Percentage Mod: HP is shown in percentages
|teampreview
|
|start
|switch|p1a: Damn Cute Bunny|Azumarill, F|401\/401
|switch|p2a: Charizard|Charizard, F|297\/297
|turn|1
|
|switch|p1a: Go Go Mike|Latios, M|301\/301
|detailschange|p2a: Charizard|Charizard-Mega-Y, F
|message|Charizard has Mega Evolved into Mega Charizard!
|-weather|SunnyDay
|move|p2a: Charizard|Solar Beam|p1a: Go Go Mike|[still]
|-prepare|p2a: Charizard|Solar Beam|p1a: Go Go Mike
|-anim|p2a: Charizard|Solar Beam|p1a: Go Go Mike
|-resisted|p1a: Go Go Mike
|-damage|p1a: Go Go Mike|228\/301
|
|-weather|SunnyDay|[upkeep]
|turn|2
|
|switch|p1a: Mr. Fancypants|Tyranitar, M|403\/403
|-weather|Sandstorm
|move|p2a: Charizard|Flamethrower|p1a: Mr. Fancypants
|-resisted|p1a: Mr. Fancypants
|-damage|p1a: Mr. Fancypants|374\/403
|
|-weather|Sandstorm|[upkeep]
|-damage|p2a: Charizard|279\/297|[from] sandstorm
|turn|3
|
|move|p2a: Charizard|Focus Blast|p1a: Mr. Fancypants|[miss]
|-miss|p2a: Charizard|p1a: Mr. Fancypants
|move|p1a: Mr. Fancypants|Pursuit|p2a: Charizard
|-damage|p2a: Charizard|204\/297
|
|-weather|Sandstorm|[upkeep]
|-damage|p2a: Charizard|186\/297|[from] sandstorm
|turn|4
|
|move|p2a: Charizard|Focus Blast|p1a: Mr. Fancypants
|-supereffective|p1a: Mr. Fancypants
|-damage|p1a: Mr. Fancypants|166\/403
|move|p1a: Mr. Fancypants|Crunch|p2a: Charizard
|-damage|p2a: Charizard|36\/297
|
|-weather|Sandstorm|[upkeep]
|-damage|p2a: Charizard|18\/297|[from] sandstorm
|turn|5
|
|switch|p1a: Damn Cute Bunny|Azumarill, F|401\/401
|move|p2a: Charizard|Roost|p2a: Charizard
|-heal|p2a: Charizard|167\/297
|
|-weather|Sandstorm|[upkeep]
|-damage|p2a: Charizard|149\/297|[from] sandstorm
|-damage|p1a: Damn Cute Bunny|376\/401|[from] sandstorm
|turn|6
|
|switch|p2a: Ferrothorn|Ferrothorn, M|352\/352
|switch|p1a: Its a trap!|Magnezone|281\/281
|
|-weather|none
|turn|7
|
|move|p1a: Its a trap!|Hidden Power|p2a: Ferrothorn
|-supereffective|p2a: Ferrothorn
|-damage|p2a: Ferrothorn|108\/352
|move|p2a: Ferrothorn|Leech Seed|p1a: Its a trap!
|-start|p1a: Its a trap!|move: Leech Seed
|
|-heal|p2a: Ferrothorn|130\/352|[from] item: Leftovers
|-damage|p1a: Its a trap!|246\/281|[from] Leech Seed|[of] p2a: Ferrothorn
|-heal|p2a: Ferrothorn|165\/352|[silent]
|turn|8
|
|move|p2a: Ferrothorn|Protect|p2a: Ferrothorn
|-singleturn|p2a: Ferrothorn|Protect
|move|p1a: Its a trap!|Hidden Power|p2a: Ferrothorn
|-activate|p2a: Ferrothorn|Protect
|
|-heal|p2a: Ferrothorn|187\/352|[from] item: Leftovers
|-damage|p1a: Its a trap!|211\/281|[from] Leech Seed|[of] p2a: Ferrothorn
|-heal|p2a: Ferrothorn|222\/352|[silent]
|turn|9
|
|move|p2a: Ferrothorn|Protect|p2a: Ferrothorn
|-fail|p2a: Ferrothorn
|move|p1a: Its a trap!|Hidden Power|p2a: Ferrothorn
|-supereffective|p2a: Ferrothorn
|-damage|p2a: Ferrothorn|0 fnt
|faint|p2a: Ferrothorn
|
|
|switch|p2a: Azumarill|Azumarill, M|399\/399
|turn|10
|
|switch|p1a: Damn Cute Bunny|Azumarill, F|376\/401
|move|p2a: Azumarill|Play Rough|p1a: Damn Cute Bunny
|-damage|p1a: Damn Cute Bunny|150\/401
|
|turn|11
|
|move|p2a: Azumarill|Play Rough|p1a: Damn Cute Bunny
|-damage|p1a: Damn Cute Bunny|0 fnt
|faint|p1a: Damn Cute Bunny
|
|
|switch|p1a: Fluffy Paws|Landorus-Therian, M|382\/382
|-ability|p1a: Fluffy Paws|Intimidate|[of] p2a: Azumarill
|-unboost|p2a: Azumarill|atk|1
|turn|12
|
|switch|p2a: Charizard|Charizard-Mega-Y, F|149\/297
|-weather|SunnyDay
|move|p1a: Fluffy Paws|Stealth Rock|p2a: Charizard
|-sidestart|p2: LT6A M Dragon|move: Stealth Rock
|
|-weather|SunnyDay|[upkeep]
|turn|13
|
|switch|p1a: Go Go Mike|Latios, M|228\/301
|move|p2a: Charizard|Flamethrower|p1a: Go Go Mike
|-resisted|p1a: Go Go Mike
|-damage|p1a: Go Go Mike|107\/301
|
|-weather|SunnyDay|[upkeep]
|turn|14
|
|switch|p2a: Tyranitar|Tyranitar, F|342\/342
|-damage|p2a: Tyranitar|300\/342|[from] Stealth Rock
|-weather|Sandstorm
|move|p1a: Go Go Mike|Draco Meteor|p2a: Tyranitar
|-damage|p2a: Tyranitar|66\/342
|-unboost|p1a: Go Go Mike|spa|2
|
|-weather|Sandstorm|[upkeep]
|-damage|p1a: Go Go Mike|89\/301|[from] sandstorm
|turn|15
|
|move|p2a: Tyranitar|Pursuit|p1a: Go Go Mike
|-supereffective|p1a: Go Go Mike
|-damage|p1a: Go Go Mike|0 fnt
|faint|p1a: Go Go Mike
|
|-weather|Sandstorm|[upkeep]
|
|switch|p1a: Fluffy Paws|Landorus-Therian, M|382\/382
|-ability|p1a: Fluffy Paws|Intimidate|[of] p2a: Tyranitar
|-unboost|p2a: Tyranitar|atk|1
|turn|16
|
|switch|p2a: Gliscor|Gliscor, F|352\/352
|-damage|p2a: Gliscor|308\/352|[from] Stealth Rock
|move|p1a: Fluffy Paws|U-turn|p2a: Gliscor
|-resisted|p2a: Gliscor
|-damage|p2a: Gliscor|275\/352
|
|switch|p1a: Gardevoir|Gardevoir, F|277\/277
|
|-weather|Sandstorm|[upkeep]
|-damage|p1a: Gardevoir|260\/277|[from] sandstorm
|-status|p2a: Gliscor|tox|[from] item: Toxic Orb
|turn|17
|
|detailschange|p1a: Gardevoir|Gardevoir-Mega, F
|message|Gardevoir has Mega Evolved into Mega Gardevoir!
|move|p1a: Gardevoir|Hyper Voice|p2a: Gliscor
|-damage|p2a: Gliscor|64\/352 tox
|move|p2a: Gliscor|Earthquake|p1a: Gardevoir
|-damage|p1a: Gardevoir|91\/277
|
|-weather|Sandstorm|[upkeep]
|-damage|p1a: Gardevoir|74\/277|[from] sandstorm
|-heal|p2a: Gliscor|108\/352 tox|[from] ability: Poison Heal
|turn|18
|
|switch|p2a: Charizard|Charizard-Mega-Y, F|149\/297
|-damage|p2a: Charizard|1\/297|[from] Stealth Rock
|-weather|SunnyDay
|move|p1a: Gardevoir|Hyper Voice|p2a: Charizard
|-resisted|p2a: Charizard
|-damage|p2a: Charizard|0 fnt
|faint|p2a: Charizard
|
|-weather|SunnyDay|[upkeep]
|
|switch|p2a: Tyranitar|Tyranitar, F|66\/342
|-damage|p2a: Tyranitar|24\/342|[from] Stealth Rock
|-weather|Sandstorm
|turn|19
|
|move|p2a: Tyranitar|Pursuit|p1a: Gardevoir
|-damage|p1a: Gardevoir|0 fnt
|faint|p1a: Gardevoir
|
|-weather|Sandstorm|[upkeep]
|
|switch|p1a: Fluffy Paws|Landorus-Therian, M|382\/382
|-ability|p1a: Fluffy Paws|Intimidate|[of] p2a: Tyranitar
|-unboost|p2a: Tyranitar|atk|1
|turn|20
|
|move|p2a: Tyranitar|Pursuit|p1a: Fluffy Paws
|-damage|p1a: Fluffy Paws|343\/382
|move|p1a: Fluffy Paws|U-turn|p2a: Tyranitar
|-supereffective|p2a: Tyranitar
|-damage|p2a: Tyranitar|0 fnt
|faint|p2a: Tyranitar
|
|switch|p1a: Its a trap!|Magnezone|211\/281
|
|-weather|Sandstorm|[upkeep]
|
|switch|p2a: Latios|Latios, M|302\/302
|-damage|p2a: Latios|265\/302|[from] Stealth Rock
|turn|21
|
|move|p1a: Its a trap!|Volt Switch|p2a: Latios
|-resisted|p2a: Latios
|-damage|p2a: Latios|211\/302
|
|switch|p1a: Mr. Fancypants|Tyranitar, M|166\/403
|move|p2a: Latios|Hidden Power|p1a: Mr. Fancypants
|-resisted|p1a: Mr. Fancypants
|-damage|p1a: Mr. Fancypants|152\/403
|-damage|p2a: Latios|181\/302|[from] item: Life Orb
|
|-weather|Sandstorm|[upkeep]
|-damage|p2a: Latios|163\/302|[from] sandstorm
|turn|22
|
|move|p2a: Latios|Hidden Power|p1a: Mr. Fancypants
|-resisted|p1a: Mr. Fancypants
|-damage|p1a: Mr. Fancypants|136\/403
|-damage|p2a: Latios|133\/302|[from] item: Life Orb
|move|p1a: Mr. Fancypants|Pursuit|p2a: Latios
|-supereffective|p2a: Latios
|-damage|p2a: Latios|0 fnt
|faint|p2a: Latios
|
|-weather|Sandstorm|[upkeep]
|
|switch|p2a: Gliscor|Gliscor, F|108\/352 tox
|-damage|p2a: Gliscor|64\/352 tox|[from] Stealth Rock
|turn|23
|
|move|p2a: Gliscor|Roost|p2a: Gliscor
|-heal|p2a: Gliscor|240\/352 tox
|move|p1a: Mr. Fancypants|Ice Beam|p2a: Gliscor
|-supereffective|p2a: Gliscor
|-damage|p2a: Gliscor|124\/352 tox
|
|-weather|none
|-heal|p2a: Gliscor|168\/352 tox|[from] ability: Poison Heal
|turn|24
|
|move|p2a: Gliscor|Roost|p2a: Gliscor
|-heal|p2a: Gliscor|344\/352 tox
|move|p1a: Mr. Fancypants|Ice Beam|p2a: Gliscor
|-supereffective|p2a: Gliscor
|-damage|p2a: Gliscor|226\/352 tox
|
|-heal|p2a: Gliscor|270\/352 tox|[from] ability: Poison Heal
|turn|25
|
|move|p2a: Gliscor|Earthquake|p1a: Mr. Fancypants
|-supereffective|p1a: Mr. Fancypants
|-damage|p1a: Mr. Fancypants|0 fnt
|faint|p1a: Mr. Fancypants
|
|-heal|p2a: Gliscor|314\/352 tox|[from] ability: Poison Heal
|
|switch|p1a: Fluffy Paws|Landorus-Therian, M|343\/382
|-ability|p1a: Fluffy Paws|Intimidate|[of] p2a: Gliscor
|-unboost|p2a: Gliscor|atk|1
|turn|26
|
|move|p2a: Gliscor|Toxic|p1a: Fluffy Paws
|-status|p1a: Fluffy Paws|tox
|move|p1a: Fluffy Paws|Hidden Power|p2a: Gliscor
|-supereffective|p2a: Gliscor
|-damage|p2a: Gliscor|142\/352 tox
|
|-heal|p1a: Fluffy Paws|366\/382 tox|[from] item: Leftovers
|-heal|p2a: Gliscor|186\/352 tox|[from] ability: Poison Heal
|-damage|p1a: Fluffy Paws|343\/382 tox|[from] psn
|turn|27
|join|sage sasuke
|
|move|p2a: Gliscor|Roost|p2a: Gliscor
|-heal|p2a: Gliscor|352\/352 tox
|move|p1a: Fluffy Paws|Hidden Power|p2a: Gliscor
|-supereffective|p2a: Gliscor
|-damage|p2a: Gliscor|258\/352 tox
|
|-heal|p1a: Fluffy Paws|366\/382 tox|[from] item: Leftovers
|-heal|p2a: Gliscor|302\/352 tox|[from] ability: Poison Heal
|-damage|p1a: Fluffy Paws|320\/382 tox|[from] psn
|turn|28
|
|move|p2a: Gliscor|Roost|p2a: Gliscor
|-heal|p2a: Gliscor|352\/352 tox
|move|p1a: Fluffy Paws|Hidden Power|p2a: Gliscor
|-supereffective|p2a: Gliscor
|-damage|p2a: Gliscor|256\/352 tox
|
|-heal|p1a: Fluffy Paws|343\/382 tox|[from] item: Leftovers
|-heal|p2a: Gliscor|300\/352 tox|[from] ability: Poison Heal
|-damage|p1a: Fluffy Paws|274\/382 tox|[from] psn
|turn|29
|-message|Apedingo forfeited.
|
|win|LT6A M Dragon
|raw|Ladder updating...
|leave|Apedingo
|player|p1
|raw|Apedingo's rating: 1781 &rarr; <strong>1764<\/strong><br \/>(-17 for losing)
|raw|LT6A M Dragon's rating: 1833 &rarr; <strong>1850<\/strong><br \/>(+17 for winning)
|leave|sage sasuke
|leave|LT6A M Dragon