|join|Apedingo
|join|LT7A Jason
|player|p1|Apedingo|242
|player|p2|LT7A Jason|60
|gametype|singles
|gen|6
|tier|OU
|rated
|clearpoke
|poke|p1|Landorus-Therian, M
|poke|p1|Gardevoir, M
|poke|p1|Azumarill, F
|poke|p1|Latios, M
|poke|p1|Tyranitar, M
|poke|p1|Magnezone
|poke|p2|Politoed, F
|poke|p2|Ferrothorn, F
|poke|p2|Keldeo
|poke|p2|Chansey, F
|poke|p2|Tentacruel, M
|poke|p2|Skarmory, F
|rule|Swagger Clause: Swagger is banned
|rule|Baton Pass Clause: Limit one PokÃ©mon knowing Baton Pass
|rule|Sleep Clause Mod: Limit one foe put to sleep
|rule|Species Clause: Limit one of each PokÃ©mon
|rule|OHKO Clause: OHKO moves are banned
|rule|Moody Clause: Moody is banned
|rule|Evasion Moves Clause: Evasion moves are banned
|rule|Endless Battle Clause: Forcing endless battles is banned
|rule|HP Percentage Mod: HP is shown in percentages
|teampreview
|
|start
|switch|p1a: Go Go Mike|Latios, M|301\/301
|switch|p2a: Politoed|Politoed, F|384\/384
|-weather|RainDance
|turn|1
|
|switch|p2a: Ferrothorn|Ferrothorn, F|352\/352
|move|p1a: Go Go Mike|Trick|p2a: Ferrothorn
|-activate|p1a: Go Go Mike|move: Trick|[of] p2a: Ferrothorn
|-item|p2a: Ferrothorn|Choice Specs|[from] move: Trick
|-item|p1a: Go Go Mike|Leftovers|[from] move: Trick
|
|-weather|RainDance|[upkeep]
|turn|2
|
|switch|p1a: Fluffy Paws|Landorus-Therian, M|382\/382
|-ability|p1a: Fluffy Paws|Intimidate|[of] p2a: Ferrothorn
|-unboost|p2a: Ferrothorn|atk|1
|move|p2a: Ferrothorn|Stealth Rock|p1a: Fluffy Paws
|-sidestart|p1: Apedingo|move: Stealth Rock
|
|-weather|RainDance|[upkeep]
|turn|3
|
|switch|p2a: Keldeo|Keldeo|323\/323
|move|p1a: Fluffy Paws|Stealth Rock|p2a: Keldeo
|-sidestart|p2: LT7A Jason|move: Stealth Rock
|
|-weather|RainDance|[upkeep]
|turn|4
|
|switch|p1a: Damn Cute Bunny|Azumarill, F|401\/401
|-damage|p1a: Damn Cute Bunny|351\/401|[from] Stealth Rock
|move|p2a: Keldeo|Scald|p1a: Damn Cute Bunny
|-resisted|p1a: Damn Cute Bunny
|-damage|p1a: Damn Cute Bunny|268\/401
|
|-weather|RainDance|[upkeep]
|turn|5
|
|switch|p1a: Mr. Fancypants|Tyranitar, M|403\/403
|-damage|p1a: Mr. Fancypants|353\/403|[from] Stealth Rock
|-weather|Sandstorm
|move|p2a: Keldeo|Scald|p1a: Mr. Fancypants
|-supereffective|p1a: Mr. Fancypants
|-damage|p1a: Mr. Fancypants|267\/403
|
|-weather|Sandstorm|[upkeep]
|-damage|p2a: Keldeo|303\/323|[from] sandstorm
|-heal|p2a: Keldeo|323\/323|[from] item: Leftovers
|turn|6
|
|switch|p1a: Go Go Mike|Latios, M|301\/301
|-damage|p1a: Go Go Mike|264\/301|[from] Stealth Rock
|move|p2a: Keldeo|Scald|p1a: Go Go Mike
|-resisted|p1a: Go Go Mike
|-damage|p1a: Go Go Mike|199\/301
|
|-weather|Sandstorm|[upkeep]
|-damage|p1a: Go Go Mike|181\/301|[from] sandstorm
|-damage|p2a: Keldeo|303\/323|[from] sandstorm
|-heal|p1a: Go Go Mike|199\/301|[from] item: Leftovers
|-heal|p2a: Keldeo|323\/323|[from] item: Leftovers
|turn|7
|
|switch|p1a: Its a trap!|Magnezone|281\/281
|-damage|p1a: Its a trap!|264\/281|[from] Stealth Rock
|switch|p2a: Chansey|Chansey, F|704\/704
|-damage|p2a: Chansey|616\/704|[from] Stealth Rock
|
|-weather|Sandstorm|[upkeep]
|-damage|p2a: Chansey|572\/704|[from] sandstorm
|turn|8
|
|move|p1a: Its a trap!|Volt Switch|p2a: Chansey
|-damage|p2a: Chansey|490\/704
|
|switch|p1a: Fluffy Paws|Landorus-Therian, M|382\/382
|-damage|p1a: Fluffy Paws|335\/382|[from] Stealth Rock
|-ability|p1a: Fluffy Paws|Intimidate|[of] p2a: Chansey
|-unboost|p2a: Chansey|atk|1
|move|p2a: Chansey|Toxic|p1a: Fluffy Paws
|-status|p1a: Fluffy Paws|tox
|
|-weather|Sandstorm|[upkeep]
|-damage|p2a: Chansey|446\/704|[from] sandstorm
|-heal|p1a: Fluffy Paws|358\/382 tox|[from] item: Leftovers
|-damage|p1a: Fluffy Paws|335\/382 tox|[from] psn
|turn|9
|
|switch|p2a: Ferrothorn|Ferrothorn, F|352\/352
|-damage|p2a: Ferrothorn|330\/352|[from] Stealth Rock
|move|p1a: Fluffy Paws|Earthquake|p2a: Ferrothorn
|-damage|p2a: Ferrothorn|191\/352
|
|-weather|none
|-heal|p1a: Fluffy Paws|358\/382 tox|[from] item: Leftovers
|-damage|p1a: Fluffy Paws|312\/382 tox|[from] psn
|turn|10
|
|move|p1a: Fluffy Paws|U-turn|p2a: Ferrothorn
|-damage|p2a: Ferrothorn|127\/352
|-damage|p1a: Fluffy Paws|265\/382 tox|[from] ability: Iron Barbs|[of] p2a: Ferrothorn
|
|switch|p1a: Its a trap!|Magnezone|264\/281
|-damage|p1a: Its a trap!|247\/281|[from] Stealth Rock
|move|p2a: Ferrothorn|Leech Seed|p1a: Its a trap!
|-start|p1a: Its a trap!|move: Leech Seed
|
|-damage|p1a: Its a trap!|212\/281|[from] Leech Seed|[of] p2a: Ferrothorn
|-heal|p2a: Ferrothorn|162\/352|[silent]
|turn|11
|
|move|p1a: Its a trap!|Hidden Power|p2a: Ferrothorn
|-supereffective|p2a: Ferrothorn
|-damage|p2a: Ferrothorn|0 fnt
|faint|p2a: Ferrothorn
|
|
|switch|p2a: Tentacruel|Tentacruel, M|364\/364
|-damage|p2a: Tentacruel|319\/364|[from] Stealth Rock
|turn|12
|
|switch|p1a: Go Go Mike|Latios, M|199\/301
|-damage|p1a: Go Go Mike|162\/301|[from] Stealth Rock
|move|p2a: Tentacruel|Substitute|p2a: Tentacruel
|-start|p2a: Tentacruel|Substitute
|-damage|p2a: Tentacruel|228\/364
|
|-heal|p1a: Go Go Mike|180\/301|[from] item: Leftovers
|-heal|p2a: Tentacruel|250\/364|[from] item: Black Sludge
|turn|13
|
|move|p1a: Go Go Mike|Psyshock|p2a: Tentacruel
|-supereffective|p2a: Tentacruel
|-end|p2a: Tentacruel|Substitute
|move|p2a: Tentacruel|Rapid Spin|p1a: Go Go Mike
|-damage|p1a: Go Go Mike|167\/301
|-sideend|p2: LT7A Jason|Stealth Rock|[from] move: Rapid Spin|[of] p2a: Tentacruel
|
|-heal|p1a: Go Go Mike|185\/301|[from] item: Leftovers
|-heal|p2a: Tentacruel|272\/364|[from] item: Black Sludge
|turn|14
|
|switch|p2a: Chansey|Chansey, F|446\/704
|move|p1a: Go Go Mike|Psyshock|p2a: Chansey
|-damage|p2a: Chansey|256\/704
|
|-heal|p1a: Go Go Mike|203\/301|[from] item: Leftovers
|turn|15
|
|switch|p1a: Damn Cute Bunny|Azumarill, F|268\/401
|-damage|p1a: Damn Cute Bunny|218\/401|[from] Stealth Rock
|move|p2a: Chansey|Soft-Boiled|p2a: Chansey
|-heal|p2a: Chansey|608\/704
|
|turn|16
|
|switch|p2a: Tentacruel|Tentacruel, M|272\/364
|move|p1a: Damn Cute Bunny|Knock Off|p2a: Tentacruel
|-damage|p2a: Tentacruel|136\/364
|-enditem|p2a: Tentacruel|Black Sludge|[from] move: Knock Off|[of] p1a: Damn Cute Bunny
|
|turn|17
|
|switch|p1a: Mr. Fancypants|Tyranitar, M|267\/403
|-damage|p1a: Mr. Fancypants|217\/403|[from] Stealth Rock
|-weather|Sandstorm
|move|p2a: Tentacruel|Toxic|p1a: Mr. Fancypants
|-status|p1a: Mr. Fancypants|tox
|
|-weather|Sandstorm|[upkeep]
|-damage|p2a: Tentacruel|114\/364|[from] sandstorm
|-damage|p1a: Mr. Fancypants|192\/403 tox|[from] psn
|turn|18
|
|move|p1a: Mr. Fancypants|Pursuit|p2a: Tentacruel|[from]Pursuit
|-damage|p2a: Tentacruel|0 fnt
|faint|p2a: Tentacruel
|
|-weather|Sandstorm|[upkeep]
|-damage|p1a: Mr. Fancypants|142\/403 tox|[from] psn
|
|switch|p2a: Politoed|Politoed, F|384\/384
|-weather|RainDance
|turn|19
|
|move|p2a: Politoed|Scald|p1a: Mr. Fancypants
|-supereffective|p1a: Mr. Fancypants
|-damage|p1a: Mr. Fancypants|26\/403 tox
|move|p1a: Mr. Fancypants|Crunch|p2a: Politoed
|-damage|p2a: Politoed|281\/384
|
|-weather|RainDance|[upkeep]
|-damage|p1a: Mr. Fancypants|0 fnt|[from] psn
|faint|p1a: Mr. Fancypants
|
|switch|p1a: Its a trap!|Magnezone|212\/281
|-damage|p1a: Its a trap!|195\/281|[from] Stealth Rock
|turn|20
|
|switch|p2a: Chansey|Chansey, F|608\/704
|move|p1a: Its a trap!|Volt Switch|p2a: Chansey
|-damage|p2a: Chansey|527\/704
|
|switch|p1a: Damn Cute Bunny|Azumarill, F|218\/401
|-damage|p1a: Damn Cute Bunny|168\/401|[from] Stealth Rock
|
|-weather|RainDance|[upkeep]
|turn|21
|
|switch|p2a: Skarmory|Skarmory, F|334\/334
|switch|p1a: Its a trap!|Magnezone|195\/281
|-damage|p1a: Its a trap!|178\/281|[from] Stealth Rock
|
|-weather|RainDance|[upkeep]
|turn|22
|
|move|p1a: Its a trap!|Thunderbolt|p2a: Skarmory
|-supereffective|p2a: Skarmory
|-activate|p2a: Skarmory|Sturdy
|-damage|p2a: Skarmory|1\/334
|move|p2a: Skarmory|Spikes|p1a: Its a trap!
|-sidestart|p1: Apedingo|Spikes
|
|-weather|RainDance|[upkeep]
|turn|23
|join|Tom Bus
|
|move|p1a: Its a trap!|Thunderbolt|p2a: Skarmory
|-supereffective|p2a: Skarmory
|-damage|p2a: Skarmory|0 fnt
|faint|p2a: Skarmory
|
|-weather|RainDance|[upkeep]
|
|switch|p2a: Chansey|Chansey, F|527\/704
|turn|24
|
|switch|p1a: Fluffy Paws|Landorus-Therian, M|265\/382 tox
|-damage|p1a: Fluffy Paws|218\/382 tox|[from] Stealth Rock
|-ability|p1a: Fluffy Paws|Intimidate|[of] p2a: Chansey
|-unboost|p2a: Chansey|atk|1
|move|p2a: Chansey|Seismic Toss|p1a: Fluffy Paws
|-damage|p1a: Fluffy Paws|118\/382 tox
|
|-weather|RainDance|[upkeep]
|-heal|p1a: Fluffy Paws|141\/382 tox|[from] item: Leftovers
|-damage|p1a: Fluffy Paws|118\/382 tox|[from] psn
|turn|25
|
|switch|p2a: Keldeo|Keldeo|323\/323
|move|p1a: Fluffy Paws|Earthquake|p2a: Keldeo
|-damage|p2a: Keldeo|139\/323
|
|-weather|RainDance|[upkeep]
|-heal|p2a: Keldeo|159\/323|[from] item: Leftovers
|-heal|p1a: Fluffy Paws|141\/382 tox|[from] item: Leftovers
|-damage|p1a: Fluffy Paws|95\/382 tox|[from] psn
|turn|26
|
|move|p2a: Keldeo|Scald|p1a: Fluffy Paws
|-supereffective|p1a: Fluffy Paws
|-damage|p1a: Fluffy Paws|0 fnt
|faint|p1a: Fluffy Paws
|
|-weather|none
|-heal|p2a: Keldeo|179\/323|[from] item: Leftovers
|
|switch|p1a: Go Go Mike|Latios, M|203\/301
|-damage|p1a: Go Go Mike|166\/301|[from] Stealth Rock
|turn|27
|
|switch|p2a: Chansey|Chansey, F|527\/704
|move|p1a: Go Go Mike|Psyshock|p2a: Chansey
|-damage|p2a: Chansey|349\/704
|
|-heal|p1a: Go Go Mike|184\/301|[from] item: Leftovers
|turn|28
|
|move|p1a: Go Go Mike|Trick|p2a: Chansey
|-activate|p1a: Go Go Mike|move: Trick|[of] p2a: Chansey
|-item|p2a: Chansey|Leftovers|[from] move: Trick
|-item|p1a: Go Go Mike|Eviolite|[from] move: Trick
|move|p2a: Chansey|Soft-Boiled|p2a: Chansey
|-heal|p2a: Chansey|701\/704
|
|-heal|p2a: Chansey|704\/704|[from] item: Leftovers
|turn|29
|
|move|p1a: Go Go Mike|Psyshock|p2a: Chansey
|-damage|p2a: Chansey|424\/704
|move|p2a: Chansey|Toxic|p1a: Go Go Mike
|-status|p1a: Go Go Mike|tox
|
|-heal|p2a: Chansey|468\/704|[from] item: Leftovers
|-damage|p1a: Go Go Mike|166\/301 tox|[from] psn
|turn|30
|
|move|p1a: Go Go Mike|Psyshock|p2a: Chansey
|-damage|p2a: Chansey|200\/704
|move|p2a: Chansey|Soft-Boiled|p2a: Chansey
|-heal|p2a: Chansey|552\/704
|
|-heal|p2a: Chansey|596\/704|[from] item: Leftovers
|-damage|p1a: Go Go Mike|130\/301 tox|[from] psn
|turn|31
|
|switch|p1a: Damn Cute Bunny|Azumarill, F|168\/401
|-damage|p1a: Damn Cute Bunny|118\/401|[from] Spikes
|-damage|p1a: Damn Cute Bunny|68\/401|[from] Stealth Rock
|switch|p2a: Politoed|Politoed, F|281\/384
|-weather|RainDance
|
|-weather|RainDance|[upkeep]
|turn|32
|
|move|p2a: Politoed|Scald|p1a: Damn Cute Bunny
|-resisted|p1a: Damn Cute Bunny
|-damage|p1a: Damn Cute Bunny|17\/401
|move|p1a: Damn Cute Bunny|Knock Off|p2a: Politoed
|-damage|p2a: Politoed|169\/384
|-enditem|p2a: Politoed|Damp Rock|[from] move: Knock Off|[of] p1a: Damn Cute Bunny
|
|-weather|RainDance|[upkeep]
|turn|33
|
|move|p2a: Politoed|Scald|p1a: Damn Cute Bunny
|-resisted|p1a: Damn Cute Bunny
|-damage|p1a: Damn Cute Bunny|0 fnt
|faint|p1a: Damn Cute Bunny
|
|-weather|RainDance|[upkeep]
|
|switch|p1a: Its a trap!|Magnezone|178\/281
|-damage|p1a: Its a trap!|161\/281|[from] Stealth Rock
|-damage|p1a: Its a trap!|126\/281|[from] Spikes
|turn|34
|
|switch|p2a: Chansey|Chansey, F|596\/704
|move|p1a: Its a trap!|Volt Switch|p2a: Chansey
|-damage|p2a: Chansey|470\/704
|
|switch|p1a: Gardevoir|Gardevoir, M|277\/277
|-damage|p1a: Gardevoir|243\/277|[from] Stealth Rock
|-damage|p1a: Gardevoir|209\/277|[from] Spikes
|
|-weather|RainDance|[upkeep]
|-heal|p2a: Chansey|514\/704|[from] item: Leftovers
|turn|35
|
|move|p1a: Gardevoir|Calm Mind|p1a: Gardevoir
|-boost|p1a: Gardevoir|spa|1
|-boost|p1a: Gardevoir|spd|1
|move|p2a: Chansey|Seismic Toss|p1a: Gardevoir
|-damage|p1a: Gardevoir|109\/277
|
|-weather|RainDance|[upkeep]
|-heal|p2a: Chansey|558\/704|[from] item: Leftovers
|turn|36
|c| Tom Bus|nice, ape :]
|c| Tom Bus|oh
|c|âApedingo|stalling teams....
|
|switch|p2a: Politoed|Politoed, F|169\/384
|detailschange|p1a: Gardevoir|Gardevoir-Mega, M
|message|Gardevoir has Mega Evolved into Mega Gardevoir!
|move|p1a: Gardevoir|Psyshock|p2a: Politoed
|-damage|p2a: Politoed|0 fnt
|faint|p2a: Politoed
|
|-weather|RainDance|[upkeep]
|
|switch|p2a: Keldeo|Keldeo|179\/323
|turn|37
|c|âLT7A Jason|gg
|
|switch|p1a: Its a trap!|Magnezone|126\/281
|-damage|p1a: Its a trap!|91\/281|[from] Spikes
|-damage|p1a: Its a trap!|74\/281|[from] Stealth Rock
|move|p2a: Keldeo|Scald|p1a: Its a trap!
|-damage|p1a: Its a trap!|0 fnt
|faint|p1a: Its a trap!
|
|-weather|RainDance|[upkeep]
|-heal|p2a: Keldeo|199\/323|[from] item: Leftovers
|
|switch|p1a: Go Go Mike|Latios, M|130\/301 tox
|-damage|p1a: Go Go Mike|93\/301 tox|[from] Stealth Rock
|turn|38
|
|move|p1a: Go Go Mike|Psyshock|p2a: Keldeo
|-supereffective|p2a: Keldeo
|-damage|p2a: Keldeo|0 fnt
|faint|p2a: Keldeo
|
|-weather|none
|-damage|p1a: Go Go Mike|75\/301 tox|[from] psn
|join|uhuhuhlel
|c| Tom Bus|:]
|
|switch|p2a: Chansey|Chansey, F|558\/704
|turn|39
|
|move|p1a: Go Go Mike|Psyshock|p2a: Chansey
|-damage|p2a: Chansey|299\/704
|move|p2a: Chansey|Soft-Boiled|p2a: Chansey
|-heal|p2a: Chansey|651\/704
|
|-heal|p2a: Chansey|695\/704|[from] item: Leftovers
|-damage|p1a: Go Go Mike|39\/301 tox|[from] psn
|turn|40
|
|move|p1a: Go Go Mike|Psyshock|p2a: Chansey
|-damage|p2a: Chansey|394\/704
|move|p2a: Chansey|Soft-Boiled|p2a: Chansey
|-heal|p2a: Chansey|704\/704
|
|-damage|p1a: Go Go Mike|0 fnt|[from] psn
|faint|p1a: Go Go Mike
|
|switch|p1a: Gardevoir|Gardevoir-Mega, M|109\/277
|-damage|p1a: Gardevoir|75\/277|[from] Spikes
|-damage|p1a: Gardevoir|41\/277|[from] Stealth Rock
|turn|41
|
|move|p1a: Gardevoir|Psyshock|p2a: Chansey
|-damage|p2a: Chansey|343\/704
|move|p2a: Chansey|Seismic Toss|p1a: Gardevoir
|-damage|p1a: Gardevoir|0 fnt
|faint|p1a: Gardevoir
|
|win|LT7A Jason
|raw|Ladder updating...
|raw|Apedingo's rating: 1723 &rarr; <strong>1703<\/strong><br \/>(-20 for losing)
|raw|LT7A Jason's rating: 1717 &rarr; <strong>1738<\/strong><br \/>(+21 for winning)
|leave|Tom Bus
|leave|LT7A Jason
|leave|Apedingo
|player|p2
|player|p1
|leave|uhuhuhlel
|join|LT7A Jason
|join|uhuhuhlel