|join|Apedingo
|join|lil manaphy
|player|p1|Apedingo|242
|player|p2|lil manaphy|37
|gametype|singles
|gen|6
|tier|OU
|rated
|clearpoke
|poke|p1|Landorus-Therian, M
|poke|p1|Gardevoir, F
|poke|p1|Keldeo
|poke|p1|Latios, M
|poke|p1|Tyranitar, F
|poke|p1|Magnezone
|poke|p2|Gardevoir, F, shiny
|poke|p2|Mandibuzz, F
|poke|p2|Amoonguss, F
|poke|p2|Chansey, F
|poke|p2|Keldeo
|poke|p2|Landorus-Therian, M
|rule|Swagger Clause: Swagger is banned
|rule|Baton Pass Clause: Limit one PokÃ©mon knowing Baton Pass
|rule|Sleep Clause Mod: Limit one foe put to sleep
|rule|Species Clause: Limit one of each PokÃ©mon
|rule|OHKO Clause: OHKO moves are banned
|rule|Moody Clause: Moody is banned
|rule|Evasion Moves Clause: Evasion moves are banned
|rule|Endless Battle Clause: Forcing endless battles is banned
|rule|HP Percentage Mod: HP is shown in percentages
|teampreview
|join|Alvon
|join|churos1.5
|
|start
|switch|p1a: Latios|Latios, M|301\/301
|switch|p2a: whatever|Landorus-Therian, M|382\/382
|-ability|p2a: whatever|Intimidate|[of] p1a: Latios
|-unboost|p1a: Latios|atk|1
|turn|1
|
|switch|p1a: Landorus-Therian|Landorus-Therian, M|382\/382
|-ability|p1a: Landorus-Therian|Intimidate|[of] p2a: whatever
|-unboost|p2a: whatever|atk|1
|switch|p2a: outdated kinda|Chansey, F|704\/704
|
|turn|2
|
|switch|p2a: whatever|Landorus-Therian, M|382\/382
|-ability|p2a: whatever|Intimidate|[of] p1a: Landorus-Therian
|-unboost|p1a: Landorus-Therian|atk|1
|move|p1a: Landorus-Therian|Stealth Rock|p2a: whatever
|-sidestart|p2: lil manaphy|move: Stealth Rock
|
|turn|3
|
|move|p2a: whatever|Stealth Rock|p1a: Landorus-Therian
|-sidestart|p1: Apedingo|move: Stealth Rock
|move|p1a: Landorus-Therian|Hidden Power|p2a: whatever
|-supereffective|p2a: whatever
|-damage|p2a: whatever|138\/382
|
|-heal|p2a: whatever|161\/382|[from] item: Leftovers
|turn|4
|join|plz ban the ghost
|
|move|p2a: whatever|U-turn|p1a: Landorus-Therian
|-resisted|p1a: Landorus-Therian
|-damage|p1a: Landorus-Therian|353\/382
|join|Funnelby
|join|lilManaphyInPeriod
|
|switch|p2a: boring|Keldeo|323\/323
|-damage|p2a: boring|303\/323|[from] Stealth Rock
|move|p1a: Landorus-Therian|U-turn|p2a: boring
|-resisted|p2a: boring
|-damage|p2a: boring|274\/323
|join|jake5alt4
|
|switch|p1a: Magnezone|Magnezone|281\/281
|-damage|p1a: Magnezone|264\/281|[from] Stealth Rock
|
|-heal|p2a: boring|294\/323|[from] item: Leftovers
|turn|5
|
|switch|p2a: whatever|Landorus-Therian, M|161\/382
|-damage|p2a: whatever|114\/382|[from] Stealth Rock
|-ability|p2a: whatever|Intimidate|[of] p1a: Magnezone
|-unboost|p1a: Magnezone|atk|1
|move|p1a: Magnezone|Volt Switch|p2a: whatever
|-immune|p2a: whatever|[msg]
|
|-heal|p2a: whatever|137\/382|[from] item: Leftovers
|turn|6
|chat|lilManaphyInPeriod|sup guys
|chat|lilManaphyInPeriod|i love u
|chat|lil manaphy|hey
|chat|lilManaphyInPeriod|no, i hate u
|chat|lil manaphy|fuck off just saying
|
|switch|p1a: Landorus-Therian|Landorus-Therian, M|353\/382
|-damage|p1a: Landorus-Therian|306\/382|[from] Stealth Rock
|-ability|p1a: Landorus-Therian|Intimidate|[of] p2a: whatever
|-unboost|p2a: whatever|atk|1
|move|p2a: whatever|U-turn|p1a: Landorus-Therian
|-resisted|p1a: Landorus-Therian
|-damage|p1a: Landorus-Therian|285\/382
|chat|Alvon|lol
|
|switch|p2a: boring|Keldeo|294\/323
|-damage|p2a: boring|274\/323|[from] Stealth Rock
|
|-heal|p2a: boring|294\/323|[from] item: Leftovers
|-heal|p1a: Landorus-Therian|308\/382|[from] item: Leftovers
|turn|7
|
|switch|p1a: Keldeo|Keldeo|323\/323
|-damage|p1a: Keldeo|303\/323|[from] Stealth Rock
|move|p2a: boring|Scald|p1a: Keldeo
|-resisted|p1a: Keldeo
|-damage|p1a: Keldeo|222\/323
|
|-heal|p1a: Keldeo|242\/323|[from] item: Leftovers
|-heal|p2a: boring|314\/323|[from] item: Leftovers
|turn|8
|join|ubers isa dumb jew
|chat|lil manaphy|nasty little boys 
|
|move|p2a: boring|Secret Sword|p1a: Keldeo
|-damage|p1a: Keldeo|76\/323
|move|p1a: Keldeo|Secret Sword|p2a: boring
|-damage|p2a: boring|149\/323
|
|-heal|p1a: Keldeo|96\/323|[from] item: Leftovers
|-heal|p2a: boring|169\/323|[from] item: Leftovers
|turn|9
|join|lilManaphyInPeriod
|
|switch|p1a: Latios|Latios, M|301\/301
|-damage|p1a: Latios|264\/301|[from] Stealth Rock
|move|p2a: boring|Secret Sword|p1a: Latios
|-resisted|p1a: Latios
|-damage|p1a: Latios|171\/301
|
|-heal|p2a: boring|189\/323|[from] item: Leftovers
|turn|10
|chat|lil manaphy|sad, bitter & lonely
|chat|lil manaphy|so they take it out on me
|join|plz ban the ghost
|join|paul gilbert
|chat|churos1.5|poor mana 
|
|switch|p2a: outdated kinda|Chansey, F|704\/704
|-damage|p2a: outdated kinda|616\/704|[from] Stealth Rock
|move|p1a: Latios|Trick|p2a: outdated kinda
|-activate|p1a: Latios|move: Trick|[of] p2a: outdated kinda
|-item|p2a: outdated kinda|Choice Specs|[from] move: Trick
|-item|p1a: Latios|Eviolite|[from] move: Trick
|
|turn|11
|chat|lilManaphyInPeriod|i love u churos
|chat|churos1.5|haha i was kidding man up 
|
|move|p1a: Latios|Psyshock|p2a: outdated kinda
|-damage|p2a: outdated kinda|351\/704
|move|p2a: outdated kinda|Seismic Toss|p1a: Latios
|-damage|p1a: Latios|71\/301
|
|turn|12
|chat|lilManaphyInPeriod|shut up pls
|leave|lilManaphyInPeriod
|
|switch|p1a: Tyranitar|Tyranitar, F|403\/403
|-damage|p1a: Tyranitar|353\/403|[from] Stealth Rock
|-weather|Sandstorm
|move|p2a: outdated kinda|Seismic Toss|p1a: Tyranitar
|-damage|p1a: Tyranitar|253\/403
|
|-weather|Sandstorm|[upkeep]
|-damage|p2a: outdated kinda|307\/704|[from] sandstorm
|turn|13
|chat|lil manaphy|"man up"
|chat|lil manaphy|have you seen a mans ego
|chat|lil manaphy|jw
|
|move|p1a: Tyranitar|Crunch|p2a: outdated kinda
|-damage|p2a: outdated kinda|52\/704
|move|p2a: outdated kinda|Seismic Toss|p1a: Tyranitar
|-damage|p1a: Tyranitar|153\/403
|
|-weather|Sandstorm|[upkeep]
|-damage|p2a: outdated kinda|8\/704|[from] sandstorm
|turn|14
|
|move|p1a: Tyranitar|Crunch|p2a: outdated kinda
|-damage|p2a: outdated kinda|0 fnt
|faint|p2a: outdated kinda
|
|-weather|Sandstorm|[upkeep]
|
|switch|p2a: boring|Keldeo|189\/323
|-damage|p2a: boring|169\/323|[from] Stealth Rock
|turn|15
|
|move|p2a: boring|Substitute|p2a: boring
|-start|p2a: boring|Substitute
|-damage|p2a: boring|89\/323
|move|p1a: Tyranitar|Crunch|p2a: boring
|-resisted|p2a: boring
|-activate|p2a: boring|Substitute|[damage]
|
|-weather|Sandstorm|[upkeep]
|-damage|p2a: boring|69\/323|[from] sandstorm
|-heal|p2a: boring|89\/323|[from] item: Leftovers
|turn|16
|
|move|p2a: boring|Secret Sword|p1a: Tyranitar
|-supereffective|p1a: Tyranitar
|-damage|p1a: Tyranitar|0 fnt
|faint|p1a: Tyranitar
|
|-weather|none
|-heal|p2a: boring|109\/323|[from] item: Leftovers
|join|lil feminist
|chat|lil feminist|<
|
|switch|p1a: Magnezone|Magnezone|264\/281
|-damage|p1a: Magnezone|247\/281|[from] Stealth Rock
|turn|17
|chat|lil manaphy|is that even an insult
|
|move|p1a: Magnezone|Volt Switch|p2a: boring
|-supereffective|p2a: boring
|-end|p2a: boring|Substitute
|join|pkmn21
|chat|churos1.5|is what
|
|switch|p1a: Keldeo|Keldeo|96\/323
|-damage|p1a: Keldeo|76\/323|[from] Stealth Rock
|move|p2a: boring|Scald|p1a: Keldeo
|-resisted|p1a: Keldeo
|-damage|p1a: Keldeo|1\/323
|-status|p1a: Keldeo|brn
|
|-heal|p2a: boring|129\/323|[from] item: Leftovers
|-heal|p1a: Keldeo|21\/323 brn|[from] item: Leftovers
|-damage|p1a: Keldeo|0 fnt|[from] brn
|faint|p1a: Keldeo
|join|it's a reality
|chat|it's a reality|<
|join|G123Rocks
|chat|lil manaphy|k cool
|chat|G123Rocks|i have a team like that
|chat|G123Rocks|wf
|chat|G123Rocks|>.>
|
|switch|p1a: Latios|Latios, M|71\/301
|-damage|p1a: Latios|34\/301|[from] Stealth Rock
|turn|18
|chat|G123Rocks|thers a lil manaphy in periods wdf
|
|switch|p2a: outdated|Mandibuzz, F|424\/424
|-damage|p2a: outdated|318\/424|[from] Stealth Rock
|move|p1a: Latios|Psyshock|p2a: outdated
|-immune|p2a: outdated|[msg]
|
|-heal|p2a: outdated|344\/424|[from] item: Leftovers
|turn|19
|chat|G123Rocks|lil modchat +
|chat|plz ban the ghost|some random with too much time
|
|move|p1a: Latios|Trick|p2a: outdated
|-activate|p1a: Latios|move: Trick|[of] p2a: outdated
|-item|p2a: outdated|Eviolite|[from] move: Trick
|-item|p1a: Latios|Leftovers|[from] move: Trick
|move|p2a: outdated|Roost|p2a: outdated
|-heal|p2a: outdated|424\/424
|
|-heal|p1a: Latios|52\/301|[from] item: Leftovers
|turn|20
|chat|G123Rocks|or these guys will just troll u more
|
|move|p1a: Latios|Draco Meteor|p2a: outdated
|-damage|p2a: outdated|189\/424
|-unboost|p1a: Latios|spa|2
|move|p2a: outdated|Foul Play|p1a: Latios
|-supereffective|p1a: Latios
|-damage|p1a: Latios|0 fnt
|faint|p1a: Latios
|
|join|TTTTTTLoop
|
|switch|p1a: Magnezone|Magnezone|247\/281
|-damage|p1a: Magnezone|230\/281|[from] Stealth Rock
|turn|21
|
|move|p1a: Magnezone|Flash Cannon|p2a: outdated
|-damage|p2a: outdated|39\/424
|-unboost|p2a: outdated|spd|1
|move|p2a: outdated|Roost|p2a: outdated
|-heal|p2a: outdated|251\/424
|
|turn|22
|
|switch|p2a: still cool|Amoonguss, F|432\/432
|-damage|p2a: still cool|378\/432|[from] Stealth Rock
|move|p1a: Magnezone|Flash Cannon|p2a: still cool
|-crit|p2a: still cool
|-damage|p2a: still cool|114\/432
|
|-heal|p2a: still cool|141\/432|[from] item: Black Sludge
|turn|23
|
|switch|p2a: outdated|Mandibuzz, F|251\/424
|-damage|p2a: outdated|145\/424|[from] Stealth Rock
|move|p1a: Magnezone|Flash Cannon|p2a: outdated
|-damage|p2a: outdated|9\/424
|
|turn|24
|join|loyal shot
|
|move|p1a: Magnezone|Flash Cannon|p2a: outdated
|-damage|p2a: outdated|0 fnt
|faint|p2a: outdated
|
|
|switch|p2a: boring|Keldeo|129\/323
|-damage|p2a: boring|109\/323|[from] Stealth Rock
|turn|25
|join|Call me Trice
|
|switch|p1a: Landorus-Therian|Landorus-Therian, M|308\/382
|-damage|p1a: Landorus-Therian|261\/382|[from] Stealth Rock
|-ability|p1a: Landorus-Therian|Intimidate|[of] p2a: boring
|-unboost|p2a: boring|atk|1
|move|p2a: boring|Secret Sword|p1a: Landorus-Therian
|-resisted|p1a: Landorus-Therian
|-damage|p1a: Landorus-Therian|204\/382
|
|-heal|p2a: boring|129\/323|[from] item: Leftovers
|-heal|p1a: Landorus-Therian|227\/382|[from] item: Leftovers
|turn|26
|chat|G123Rocks|were did manaphy in periods go?!
|
|move|p2a: boring|Scald|p1a: Landorus-Therian
|-supereffective|p1a: Landorus-Therian
|-damage|p1a: Landorus-Therian|0 fnt
|faint|p1a: Landorus-Therian
|
|-heal|p2a: boring|149\/323|[from] item: Leftovers
|chat|Call me Trice|hi slut
|chat|lil manaphy|lmfao loser
|chat|Call me Trice|how does my bby feel today
|chat|Call me Trice|<3
|join|uCan'tSeeMe
|join|12thRed
|chat|lil manaphy|its amazing, im a slut yet i still wont even touch you
|
|switch|p1a: Gardevoir|Gardevoir, F|278\/278
|-damage|p1a: Gardevoir|244\/278|[from] Stealth Rock
|turn|27
|chat|lil manaphy|nasty asshole
|chat|Call me Trice|u already did
|chat|Call me Trice|bby
|chat|G123Rocks|wow soo many haters
|chat|Call me Trice|u forgot what happened last night
|
|switch|p2a: still cool|Amoonguss, F|285\/432
|-damage|p2a: still cool|231\/432|[from] Stealth Rock
|detailschange|p1a: Gardevoir|Gardevoir-Mega, F
|message|Gardevoir has Mega Evolved into Mega Gardevoir!
|move|p1a: Gardevoir|Hyper Voice|p2a: still cool
|-resisted|p2a: still cool
|-damage|p2a: still cool|81\/432
|
|-heal|p2a: still cool|108\/432|[from] item: Black Sludge
|turn|28
|chat|G123Rocks|oh well u use stall thats why
|chat|lil manaphy|see what i mean g123
|chat|G123Rocks|ya ya
|
|move|p1a: Gardevoir|Hyper Voice|p2a: still cool
|-resisted|p2a: still cool
|-damage|p2a: still cool|0 fnt
|faint|p2a: still cool
|
|
|switch|p2a: where lopunny|Gardevoir, F, shiny|277\/277
|-damage|p2a: where lopunny|243\/277|[from] Stealth Rock
|-ability|p2a: where lopunny|Pixilate|[from] ability: Trace|[of] p1a: Gardevoir
|turn|29
|chat|Call me Trice|its semi stall tbh imo
|chat|G123Rocks|just ignore spectators
|chat|Call me Trice|gardevoir 
|chat|Call me Trice|the gardevoir counter
|chat|lil manaphy|hyper voice + scald kills
|chat|G123Rocks|anyways stall is stall
|chat|lil manaphy|i might just win the tie anyways
|chat|Call me Trice|what if he crits
|
|switch|p1a: Magnezone|Magnezone|230\/281
|-damage|p1a: Magnezone|213\/281|[from] Stealth Rock
|detailschange|p2a: where lopunny|Gardevoir-Mega, F, shiny
|message|Gardevoir has Mega Evolved into Mega Gardevoir!
|move|p2a: where lopunny|Hyper Voice|p1a: Magnezone
|-resisted|p1a: Magnezone
|-damage|p1a: Magnezone|70\/281
|
|turn|30
|chat|lil manaphy|also mag cant switch
|chat|lil manaphy|in
|chat|Call me Trice|what
|chat|G123Rocks|scarf
|
|move|p1a: Magnezone|Flash Cannon|p2a: where lopunny
|-supereffective|p2a: where lopunny
|-damage|p2a: where lopunny|15\/277
|move|p2a: where lopunny|Hyper Voice|p1a: Magnezone
|-resisted|p1a: Magnezone
|-damage|p1a: Magnezone|0 fnt
|faint|p1a: Magnezone
|
|chat|G123Rocks|gg
|chat|Call me Trice|he outspeeds u
|chat|uCan'tSeeMe|scarf
|
|switch|p1a: Gardevoir|Gardevoir-Mega, F|244\/278
|-damage|p1a: Gardevoir|210\/278|[from] Stealth Rock
|turn|31
|chat|Call me Trice|why did he not hyper voice
|chat|Call me Trice|he outspeeds
|
|move|p1a: Gardevoir|Hyper Voice|p2a: where lopunny
|-damage|p2a: where lopunny|0 fnt
|faint|p2a: where lopunny
|
|chat|lil manaphy|noooo
|chat|Call me Trice|._.
|
|switch|p2a: boring|Keldeo|149\/323
|-damage|p2a: boring|129\/323|[from] Stealth Rock
|turn|32
|chat|G123Rocks|deam
|chat|lil manaphy|oh well
|chat|Call me Trice|lal u still lose
|
|move|p2a: boring|Scald|p1a: Gardevoir
|-damage|p1a: Gardevoir|102\/278
|move|p1a: Gardevoir|Hyper Voice|p2a: boring
|-supereffective|p2a: boring
|-damage|p2a: boring|0 fnt
|faint|p2a: boring
|
|-message|lil manaphy forfeited.
|
|win|Apedingo
|raw|Ladder updating...
|leave|lil manaphy
|player|p2
|raw|Apedingo's rating: 1825 &rarr; <strong>1850<\/strong><br \/>(+25 for winning)
|raw|lil manaphy's rating: 1907 &rarr; <strong>1883<\/strong><br \/>(-24 for losing)
|chat|G123Rocks|shes unlucky
|leave|Call me Trice
|leave|uCan'tSeeMe
|chat|churos1.5|bop
|leave|plz ban the ghost
|leave|paul gilbert
|leave|churos1.5
|leave|Apedingo
|player|p1
|leave|12thRed
|leave|Funnelby
|leave|pkmn21