|join|Apedingo
|join|alb_prova
|player|p1|Apedingo|242
|player|p2|alb_prova|210
|gametype|singles
|gen|6
|tier|OU
|rated
|clearpoke
|poke|p1|Landorus-Therian, M
|poke|p1|Gardevoir, M
|poke|p1|Azumarill, F
|poke|p1|Latios, M
|poke|p1|Tyranitar, M
|poke|p1|Magnezone
|poke|p2|Jirachi
|poke|p2|Azumarill, M
|poke|p2|Poliwrath, F
|poke|p2|Heracross, M
|poke|p2|Raikou
|poke|p2|Avalugg, M
|rule|Swagger Clause: Swagger is banned
|rule|Baton Pass Clause: Limit one PokÃ©mon knowing Baton Pass
|rule|Sleep Clause Mod: Limit one foe put to sleep
|rule|Species Clause: Limit one of each PokÃ©mon
|rule|OHKO Clause: OHKO moves are banned
|rule|Moody Clause: Moody is banned
|rule|Evasion Moves Clause: Evasion moves are banned
|rule|Endless Battle Clause: Forcing endless battles is banned
|rule|HP Percentage Mod: HP is shown in percentages
|teampreview
|c|âalb_prova|gl hf
|c|âApedingo|yeah gl :)
|
|start
|switch|p1a: Latios|Latios, M|301\/301
|switch|p2a: Poliwrath|Poliwrath, F|384\/384
|turn|1
|
|switch|p2a: Jirachi|Jirachi|404\/404
|move|p1a: Latios|Trick|p2a: Jirachi
|-activate|p1a: Latios|move: Trick|[of] p2a: Jirachi
|-item|p2a: Jirachi|Choice Specs|[from] move: Trick
|-item|p1a: Latios|Leftovers|[from] move: Trick
|
|turn|2
|
|switch|p1a: Magnezone|Magnezone|281\/281
|move|p2a: Jirachi|Body Slam|p1a: Magnezone
|-resisted|p1a: Magnezone
|-damage|p1a: Magnezone|251\/281
|
|turn|3
|
|move|p1a: Magnezone|Thunderbolt|p2a: Jirachi
|-crit|p2a: Jirachi
|-damage|p2a: Jirachi|239\/404
|move|p2a: Jirachi|Body Slam|p1a: Magnezone
|-resisted|p1a: Magnezone
|-damage|p1a: Magnezone|222\/281
|
|turn|4
|
|switch|p1a: Tyranitar|Tyranitar, M|403\/403
|-weather|Sandstorm
|move|p2a: Jirachi|Body Slam|p1a: Tyranitar
|-resisted|p1a: Tyranitar
|-damage|p1a: Tyranitar|373\/403
|-status|p1a: Tyranitar|par
|
|-weather|Sandstorm|[upkeep]
|turn|5
|
|switch|p2a: Poliwrath|Poliwrath, F|384\/384
|move|p1a: Tyranitar|Crunch|p2a: Poliwrath
|-resisted|p2a: Poliwrath
|-damage|p2a: Poliwrath|337\/384
|
|-weather|Sandstorm|[upkeep]
|-damage|p2a: Poliwrath|313\/384|[from] sandstorm
|-heal|p2a: Poliwrath|337\/384|[from] item: Leftovers
|turn|6
|
|switch|p1a: Latios|Latios, M|301\/301
|move|p2a: Poliwrath|Circle Throw|p1a: Latios
|-crit|p1a: Latios
|-resisted|p1a: Latios
|-damage|p1a: Latios|237\/301
|drag|p1a: Gardevoir|Gardevoir, M|278\/278
|
|-weather|Sandstorm|[upkeep]
|-damage|p1a: Gardevoir|261\/278|[from] sandstorm
|-damage|p2a: Poliwrath|313\/384|[from] sandstorm
|-heal|p2a: Poliwrath|337\/384|[from] item: Leftovers
|turn|7
|
|switch|p2a: Jirachi|Jirachi|239\/404
|detailschange|p1a: Gardevoir|Gardevoir-Mega, M
|message|Gardevoir has Mega Evolved into Mega Gardevoir!
|move|p1a: Gardevoir|Hyper Voice|p2a: Jirachi
|-resisted|p2a: Jirachi
|-damage|p2a: Jirachi|151\/404
|
|-weather|Sandstorm|[upkeep]
|-damage|p1a: Gardevoir|244\/278|[from] sandstorm
|turn|8
|
|switch|p1a: Magnezone|Magnezone|222\/281
|move|p2a: Jirachi|Fire Punch|p1a: Magnezone
|-supereffective|p1a: Magnezone
|-damage|p1a: Magnezone|118\/281
|
|-weather|none
|turn|9
|
|switch|p1a: Landorus-Therian|Landorus-Therian, M|382\/382
|-ability|p1a: Landorus-Therian|Intimidate|[of] p2a: Jirachi
|-unboost|p2a: Jirachi|atk|1
|move|p2a: Jirachi|Fire Punch|p1a: Landorus-Therian
|-crit|p1a: Landorus-Therian
|-damage|p1a: Landorus-Therian|318\/382
|
|-heal|p1a: Landorus-Therian|341\/382|[from] item: Leftovers
|turn|10
|
|move|p2a: Jirachi|Fire Punch|p1a: Landorus-Therian
|-crit|p1a: Landorus-Therian
|-damage|p1a: Landorus-Therian|273\/382
|move|p1a: Landorus-Therian|Stealth Rock|p2a: Jirachi
|-sidestart|p2: alb_prova|move: Stealth Rock
|
|-heal|p1a: Landorus-Therian|296\/382|[from] item: Leftovers
|turn|11
|
|move|p2a: Jirachi|Fire Punch|p1a: Landorus-Therian
|-damage|p1a: Landorus-Therian|266\/382
|-status|p1a: Landorus-Therian|brn
|move|p1a: Landorus-Therian|Earthquake|p2a: Jirachi
|-supereffective|p2a: Jirachi
|-damage|p2a: Jirachi|0 fnt
|faint|p2a: Jirachi
|
|-heal|p1a: Landorus-Therian|289\/382 brn|[from] item: Leftovers
|-damage|p1a: Landorus-Therian|242\/382 brn|[from] brn
|
|switch|p2a: Raikou|Raikou|321\/321
|-damage|p2a: Raikou|281\/321|[from] Stealth Rock
|-ability|p2a: Raikou|Pressure
|turn|12
|
|switch|p1a: Tyranitar|Tyranitar, M|373\/403 par
|-weather|Sandstorm
|move|p2a: Raikou|Hidden Power|p1a: Tyranitar
|-damage|p1a: Tyranitar|351\/403 par
|
|-weather|Sandstorm|[upkeep]
|-damage|p2a: Raikou|261\/321|[from] sandstorm
|turn|13
|
|move|p2a: Raikou|Volt Switch|p1a: Tyranitar
|-damage|p1a: Tyranitar|312\/403 par
|
|move|p1a: Tyranitar|Pursuit|p2a: Raikou|[from]Pursuit
|-damage|p2a: Raikou|110\/321
|switch|p2a: Poliwrath|Poliwrath, F|337\/384
|-damage|p2a: Poliwrath|313\/384|[from] Stealth Rock
|
|-weather|Sandstorm|[upkeep]
|-damage|p2a: Poliwrath|289\/384|[from] sandstorm
|-heal|p2a: Poliwrath|313\/384|[from] item: Leftovers
|turn|14
|
|switch|p1a: Landorus-Therian|Landorus-Therian, M|242\/382 brn
|-ability|p1a: Landorus-Therian|Intimidate|[of] p2a: Poliwrath
|-unboost|p2a: Poliwrath|atk|1
|move|p2a: Poliwrath|Circle Throw|p1a: Landorus-Therian|[miss]
|-miss|p2a: Poliwrath|p1a: Landorus-Therian
|
|-weather|Sandstorm|[upkeep]
|-damage|p2a: Poliwrath|289\/384|[from] sandstorm
|-heal|p1a: Landorus-Therian|265\/382 brn|[from] item: Leftovers
|-heal|p2a: Poliwrath|313\/384|[from] item: Leftovers
|-damage|p1a: Landorus-Therian|218\/382 brn|[from] brn
|turn|15
|
|move|p1a: Landorus-Therian|U-turn|p2a: Poliwrath
|-resisted|p2a: Poliwrath
|-damage|p2a: Poliwrath|298\/384
|
|switch|p1a: Azumarill|Azumarill, F|401\/401
|move|p2a: Poliwrath|Scald|p1a: Azumarill
|-resisted|p1a: Azumarill
|-damage|p1a: Azumarill|371\/401
|
|-weather|Sandstorm|[upkeep]
|-damage|p2a: Poliwrath|274\/384|[from] sandstorm
|-damage|p1a: Azumarill|346\/401|[from] sandstorm
|-heal|p2a: Poliwrath|298\/384|[from] item: Leftovers
|turn|16
|
|switch|p2a: Avalugg|Avalugg, M|394\/394
|-damage|p2a: Avalugg|296\/394|[from] Stealth Rock
|move|p1a: Azumarill|Knock Off|p2a: Avalugg
|-damage|p2a: Avalugg|215\/394
|-enditem|p2a: Avalugg|Leftovers|[from] move: Knock Off|[of] p1a: Azumarill
|
|-weather|none
|turn|17
|
|switch|p1a: Magnezone|Magnezone|118\/281
|move|p2a: Avalugg|Rapid Spin|p1a: Magnezone
|-resisted|p1a: Magnezone
|-damage|p1a: Magnezone|110\/281
|-sideend|p2: alb_prova|Stealth Rock|[from] move: Rapid Spin|[of] p2a: Avalugg
|
|turn|18
|
|move|p1a: Magnezone|Volt Switch|p2a: Avalugg
|-damage|p2a: Avalugg|80\/394
|
|switch|p1a: Azumarill|Azumarill, F|346\/401
|move|p2a: Avalugg|Recover|p2a: Avalugg
|-heal|p2a: Avalugg|277\/394
|
|turn|19
|
|switch|p1a: Magnezone|Magnezone|110\/281
|move|p2a: Avalugg|Recover|p2a: Avalugg
|-heal|p2a: Avalugg|394\/394
|
|turn|20
|
|move|p1a: Magnezone|Flash Cannon|p2a: Avalugg
|-supereffective|p2a: Avalugg
|-damage|p2a: Avalugg|46\/394
|move|p2a: Avalugg|Avalanche|p1a: Magnezone
|-resisted|p1a: Magnezone
|-damage|p1a: Magnezone|44\/281
|
|turn|21
|
|switch|p2a: Poliwrath|Poliwrath, F|298\/384
|move|p1a: Magnezone|Flash Cannon|p2a: Poliwrath
|-resisted|p2a: Poliwrath
|-damage|p2a: Poliwrath|223\/384
|
|-heal|p2a: Poliwrath|247\/384|[from] item: Leftovers
|turn|22
|
|switch|p1a: Landorus-Therian|Landorus-Therian, M|218\/382 brn
|-ability|p1a: Landorus-Therian|Intimidate|[of] p2a: Poliwrath
|-unboost|p2a: Poliwrath|atk|1
|move|p2a: Poliwrath|Scald|p1a: Landorus-Therian
|-supereffective|p1a: Landorus-Therian
|-damage|p1a: Landorus-Therian|42\/382 brn
|
|-heal|p1a: Landorus-Therian|65\/382 brn|[from] item: Leftovers
|-heal|p2a: Poliwrath|271\/384|[from] item: Leftovers
|-damage|p1a: Landorus-Therian|18\/382 brn|[from] brn
|turn|23
|
|move|p1a: Landorus-Therian|Earthquake|p2a: Poliwrath
|-damage|p2a: Poliwrath|211\/384
|move|p2a: Poliwrath|Circle Throw|p1a: Landorus-Therian|[miss]
|-miss|p2a: Poliwrath|p1a: Landorus-Therian
|
|-heal|p1a: Landorus-Therian|41\/382 brn|[from] item: Leftovers
|-heal|p2a: Poliwrath|235\/384|[from] item: Leftovers
|-damage|p1a: Landorus-Therian|0 fnt|[from] brn
|faint|p1a: Landorus-Therian
|
|switch|p1a: Gardevoir|Gardevoir-Mega, M|244\/278
|turn|24
|
|switch|p2a: Avalugg|Avalugg, M|46\/394
|move|p1a: Gardevoir|Hyper Voice|p2a: Avalugg
|-damage|p2a: Avalugg|0 fnt
|faint|p2a: Avalugg
|
|
|switch|p2a: Azumarill|Azumarill, M|401\/401
|turn|25
|
|switch|p1a: Magnezone|Magnezone|44\/281
|move|p2a: Azumarill|Knock Off|p1a: Magnezone
|-crit|p1a: Magnezone
|-damage|p1a: Magnezone|0 fnt
|-enditem|p1a: Magnezone|Choice Scarf|[from] move: Knock Off|[of] p2a: Azumarill
|faint|p1a: Magnezone
|
|
|switch|p1a: Azumarill|Azumarill, F|346\/401
|turn|26
|
|switch|p2a: Poliwrath|Poliwrath, F|235\/384
|move|p1a: Azumarill|Play Rough|p2a: Poliwrath
|-supereffective|p2a: Poliwrath
|-damage|p2a: Poliwrath|0 fnt
|faint|p2a: Poliwrath
|
|
|switch|p2a: Heracross|Heracross, M|309\/309
|turn|27
|
|switch|p1a: Tyranitar|Tyranitar, M|312\/403 par
|-weather|Sandstorm
|detailschange|p2a: Heracross|Heracross-Mega, M
|message|Heracross has Mega Evolved into Mega Heracross!
|move|p2a: Heracross|Bullet Seed|p1a: Tyranitar
|-supereffective|p1a: Tyranitar
|-damage|p1a: Tyranitar|240\/403 par
|-supereffective|p1a: Tyranitar
|-damage|p1a: Tyranitar|164\/403 par
|-supereffective|p1a: Tyranitar
|-damage|p1a: Tyranitar|86\/403 par
|-supereffective|p1a: Tyranitar
|-damage|p1a: Tyranitar|18\/403 par
|-supereffective|p1a: Tyranitar
|-damage|p1a: Tyranitar|0 fnt
|-hitcount|p1a: Tyranitar|5
|faint|p1a: Tyranitar
|
|-weather|Sandstorm|[upkeep]
|-damage|p2a: Heracross|290\/309|[from] sandstorm
|
|switch|p1a: Gardevoir|Gardevoir-Mega, M|244\/278
|turn|28
|
|switch|p2a: Azumarill|Azumarill, M|401\/401
|move|p1a: Gardevoir|Hyper Voice|p2a: Azumarill
|-damage|p2a: Azumarill|221\/401
|
|-weather|Sandstorm|[upkeep]
|-damage|p1a: Gardevoir|227\/278|[from] sandstorm
|-damage|p2a: Azumarill|196\/401|[from] sandstorm
|turn|29
|
|switch|p1a: Azumarill|Azumarill, F|346\/401
|move|p2a: Azumarill|Knock Off|p1a: Azumarill
|-resisted|p1a: Azumarill
|-damage|p1a: Azumarill|261\/401
|-enditem|p1a: Azumarill|Assault Vest|[from] move: Knock Off|[of] p2a: Azumarill
|
|-weather|Sandstorm|[upkeep]
|-damage|p1a: Azumarill|236\/401|[from] sandstorm
|-damage|p2a: Azumarill|171\/401|[from] sandstorm
|turn|30
|
|move|p2a: Azumarill|Play Rough|p1a: Azumarill|[miss]
|-miss|p2a: Azumarill|p1a: Azumarill
|move|p1a: Azumarill|Play Rough|p2a: Azumarill
|-damage|p2a: Azumarill|0 fnt
|faint|p2a: Azumarill
|
|-weather|Sandstorm|[upkeep]
|-damage|p1a: Azumarill|211\/401|[from] sandstorm
|
|switch|p2a: Heracross|Heracross-Mega, M|290\/309
|turn|31
|
|switch|p1a: Latios|Latios, M|237\/301
|move|p2a: Heracross|Rock Blast|p1a: Latios
|-damage|p1a: Latios|192\/301
|-crit|p1a: Latios
|-damage|p1a: Latios|118\/301
|-damage|p1a: Latios|67\/301
|-damage|p1a: Latios|19\/301
|-crit|p1a: Latios
|-damage|p1a: Latios|0 fnt
|-hitcount|p1a: Latios|5
|faint|p1a: Latios
|
|-weather|none
|
|switch|p1a: Gardevoir|Gardevoir-Mega, M|227\/278
|turn|32
|
|switch|p2a: Raikou|Raikou|110\/321
|-ability|p2a: Raikou|Pressure
|move|p1a: Gardevoir|Hyper Voice|p2a: Raikou
|-damage|p2a: Raikou|0 fnt
|faint|p2a: Raikou
|
|
|switch|p2a: Heracross|Heracross-Mega, M|290\/309
|turn|33
|
|move|p1a: Gardevoir|Hyper Voice|p2a: Heracross
|-supereffective|p2a: Heracross
|-damage|p2a: Heracross|0 fnt
|faint|p2a: Heracross
|
|win|Apedingo
|raw|Ladder updating...
|raw|Apedingo's rating: 1904 &rarr; <strong>1912<\/strong><br \/>(+8 for winning)
|raw|alb_prova's rating: 1656 &rarr; <strong>1648<\/strong><br \/>(-8 for losing)
|c|âalb_prova|gg
|c|âApedingo|gg
|c|âalb_prova|nice rank
|c|âApedingo|tnx :)
|c|âApedingo|took some hard work :P
|c|âalb_prova|too good for me