|join|Apedingo
|join|LT6B Jason
|player|p1|Apedingo|242
|player|p2|LT6B Jason|60
|gametype|singles
|gen|6
|tier|OU
|rated
|clearpoke
|poke|p1|Landorus-Therian, M
|poke|p1|Gardevoir, F
|poke|p1|Azumarill, F
|poke|p1|Latios, M
|poke|p1|Tyranitar, M
|poke|p1|Magnezone
|poke|p2|Conkeldurr, F
|poke|p2|Gyarados, F
|poke|p2|Ferrothorn, F
|poke|p2|Tentacruel, M
|poke|p2|Kyurem
|poke|p2|Manectric, F
|rule|Swagger Clause: Swagger is banned
|rule|Baton Pass Clause: Limit one PokÃ©mon knowing Baton Pass
|rule|Sleep Clause Mod: Limit one foe put to sleep
|rule|Species Clause: Limit one of each PokÃ©mon
|rule|OHKO Clause: OHKO moves are banned
|rule|Moody Clause: Moody is banned
|rule|Evasion Moves Clause: Evasion moves are banned
|rule|Endless Battle Clause: Forcing endless battles is banned
|rule|HP Percentage Mod: HP is shown in percentages
|teampreview
|c|âLT6B Jason|why swagger banned ?
|
|start
|switch|p1a: Damn Cute Bunny|Azumarill, F|401\/401
|switch|p2a: Mag Is Bad|Ferrothorn, F|352\/352
|turn|1
|c|âApedingo|because its annoyin?
|
|move|p1a: Damn Cute Bunny|Knock Off|p2a: Mag Is Bad
|-damage|p2a: Mag Is Bad|244\/352
|-damage|p1a: Damn Cute Bunny|351\/401|[from] ability: Iron Barbs|[of] p2a: Mag Is Bad
|-enditem|p2a: Mag Is Bad|Leftovers|[from] move: Knock Off|[of] p1a: Damn Cute Bunny
|move|p2a: Mag Is Bad|Leech Seed|p1a: Damn Cute Bunny
|-start|p1a: Damn Cute Bunny|move: Leech Seed
|
|-damage|p1a: Damn Cute Bunny|301\/401|[from] Leech Seed|[of] p2a: Mag Is Bad
|-heal|p2a: Mag Is Bad|294\/352|[silent]
|turn|2
|c|âLT6B Jason|i mean is better than konfuse ray \/
|c|âLT6B Jason|*confuse
|
|switch|p1a: Its a trap!|Magnezone|281\/281
|move|p2a: Mag Is Bad|Leech Seed|p1a: Its a trap!
|-start|p1a: Its a trap!|move: Leech Seed
|
|-damage|p1a: Its a trap!|246\/281|[from] Leech Seed|[of] p2a: Mag Is Bad
|-heal|p2a: Mag Is Bad|329\/352|[silent]
|turn|3
|
|move|p2a: Mag Is Bad|Protect|p2a: Mag Is Bad
|-singleturn|p2a: Mag Is Bad|Protect
|move|p1a: Its a trap!|Hidden Power|p2a: Mag Is Bad
|-activate|p2a: Mag Is Bad|Protect
|
|-damage|p1a: Its a trap!|211\/281|[from] Leech Seed|[of] p2a: Mag Is Bad
|-heal|p2a: Mag Is Bad|352\/352|[silent]
|turn|4
|c|âApedingo|well thats debateble, chance for more damage but u also give +2
|
|move|p1a: Its a trap!|Hidden Power|p2a: Mag Is Bad
|-supereffective|p2a: Mag Is Bad
|-damage|p2a: Mag Is Bad|176\/352
|move|p2a: Mag Is Bad|Stealth Rock|p1a: Its a trap!
|-sidestart|p1: Apedingo|move: Stealth Rock
|
|-damage|p1a: Its a trap!|176\/281|[from] Leech Seed|[of] p2a: Mag Is Bad
|-heal|p2a: Mag Is Bad|211\/352|[silent]
|turn|5
|
|switch|p1a: Fluffy Paws|Landorus-Therian, M|382\/382
|-damage|p1a: Fluffy Paws|335\/382|[from] Stealth Rock
|-ability|p1a: Fluffy Paws|Intimidate|[of] p2a: Mag Is Bad
|-unboost|p2a: Mag Is Bad|atk|1
|move|p2a: Mag Is Bad|Protect|p2a: Mag Is Bad
|-fail|p2a: Mag Is Bad
|
|-heal|p1a: Fluffy Paws|358\/382|[from] item: Leftovers
|turn|6
|
|switch|p2a: Kyurem Style|Kyurem|454\/454
|-ability|p2a: Kyurem Style|Pressure
|move|p1a: Fluffy Paws|Stealth Rock|p2a: Kyurem Style
|-sidestart|p2: LT6B Jason|move: Stealth Rock
|
|-heal|p1a: Fluffy Paws|381\/382|[from] item: Leftovers
|turn|7
|
|switch|p1a: Mr. Fancypants|Tyranitar, M|403\/403
|-damage|p1a: Mr. Fancypants|353\/403|[from] Stealth Rock
|-weather|Sandstorm
|move|p2a: Kyurem Style|Substitute|p2a: Kyurem Style
|-start|p2a: Kyurem Style|Substitute
|-damage|p2a: Kyurem Style|341\/454
|
|-weather|Sandstorm|[upkeep]
|-damage|p2a: Kyurem Style|313\/454|[from] sandstorm
|-heal|p2a: Kyurem Style|341\/454|[from] item: Leftovers
|turn|8
|
|move|p2a: Kyurem Style|Toxic|p1a: Mr. Fancypants
|-status|p1a: Mr. Fancypants|tox
|move|p1a: Mr. Fancypants|Crunch|p2a: Kyurem Style
|-activate|p2a: Kyurem Style|Substitute|[damage]
|
|-weather|Sandstorm|[upkeep]
|-damage|p2a: Kyurem Style|313\/454|[from] sandstorm
|-heal|p2a: Kyurem Style|341\/454|[from] item: Leftovers
|-damage|p1a: Mr. Fancypants|328\/403 tox|[from] psn
|turn|9
|
|move|p2a: Kyurem Style|Ice Beam|p1a: Mr. Fancypants
|-damage|p1a: Mr. Fancypants|288\/403 tox
|move|p1a: Mr. Fancypants|Crunch|p2a: Kyurem Style
|-end|p2a: Kyurem Style|Substitute
|
|-weather|Sandstorm|[upkeep]
|-damage|p2a: Kyurem Style|313\/454|[from] sandstorm
|-heal|p2a: Kyurem Style|341\/454|[from] item: Leftovers
|-damage|p1a: Mr. Fancypants|238\/403 tox|[from] psn
|turn|10
|
|switch|p2a: Bold kingdras|Tentacruel, M|364\/364
|-damage|p2a: Bold kingdras|319\/364|[from] Stealth Rock
|switch|p1a: Its a trap!|Magnezone|176\/281
|-damage|p1a: Its a trap!|159\/281|[from] Stealth Rock
|
|-weather|Sandstorm|[upkeep]
|-damage|p2a: Bold kingdras|297\/364|[from] sandstorm
|-heal|p2a: Bold kingdras|319\/364|[from] item: Black Sludge
|turn|11
|
|switch|p1a: Gardevoir|Gardevoir, F|277\/277
|-damage|p1a: Gardevoir|243\/277|[from] Stealth Rock
|switch|p2a: Mag Is Bad|Ferrothorn, F|211\/352
|-damage|p2a: Mag Is Bad|189\/352|[from] Stealth Rock
|
|-weather|none
|turn|12
|
|detailschange|p1a: Gardevoir|Gardevoir-Mega, F
|message|Gardevoir has Mega Evolved into Mega Gardevoir!
|move|p1a: Gardevoir|Focus Blast|p2a: Mag Is Bad
|-supereffective|p2a: Mag Is Bad
|-damage|p2a: Mag Is Bad|0 fnt
|faint|p2a: Mag Is Bad
|
|
|switch|p2a: Manectric|Manectric, F|282\/282
|-damage|p2a: Manectric|247\/282|[from] Stealth Rock
|turn|13
|
|switch|p1a: Mr. Fancypants|Tyranitar, M|238\/403 tox
|-damage|p1a: Mr. Fancypants|188\/403 tox|[from] Stealth Rock
|-weather|Sandstorm
|detailschange|p2a: Manectric|Manectric-Mega, F
|message|Manectric has Mega Evolved into Mega Manectric!
|-ability|p2a: Manectric|Intimidate|[of] p1a: Mr. Fancypants
|-unboost|p1a: Mr. Fancypants|atk|1
|move|p2a: Manectric|Thunderbolt|p1a: Mr. Fancypants
|-damage|p1a: Mr. Fancypants|139\/403 tox
|
|-weather|Sandstorm|[upkeep]
|-damage|p2a: Manectric|230\/282|[from] sandstorm
|-damage|p1a: Mr. Fancypants|114\/403 tox|[from] psn
|turn|14
|
|move|p2a: Manectric|Volt Switch|p1a: Mr. Fancypants
|-damage|p1a: Mr. Fancypants|68\/403 tox
|
|move|p1a: Mr. Fancypants|Pursuit|p2a: Manectric|[from]Pursuit
|-damage|p2a: Manectric|134\/282
|switch|p2a: Bold kingdras|Tentacruel, M|319\/364
|-damage|p2a: Bold kingdras|274\/364|[from] Stealth Rock
|
|-weather|Sandstorm|[upkeep]
|-damage|p2a: Bold kingdras|252\/364|[from] sandstorm
|-heal|p2a: Bold kingdras|274\/364|[from] item: Black Sludge
|-damage|p1a: Mr. Fancypants|18\/403 tox|[from] psn
|turn|15
|
|move|p2a: Bold kingdras|Rapid Spin|p1a: Mr. Fancypants
|-resisted|p1a: Mr. Fancypants
|-damage|p1a: Mr. Fancypants|13\/403 tox
|-sideend|p2: LT6B Jason|Stealth Rock|[from] move: Rapid Spin|[of] p2a: Bold kingdras
|move|p1a: Mr. Fancypants|Crunch|p2a: Bold kingdras
|-damage|p2a: Bold kingdras|195\/364
|
|-weather|Sandstorm|[upkeep]
|-damage|p2a: Bold kingdras|173\/364|[from] sandstorm
|-heal|p2a: Bold kingdras|195\/364|[from] item: Black Sludge
|-damage|p1a: Mr. Fancypants|0 fnt|[from] psn
|faint|p1a: Mr. Fancypants
|
|switch|p1a: Go Go Mike|Latios, M|301\/301
|-damage|p1a: Go Go Mike|264\/301|[from] Stealth Rock
|turn|16
|
|move|p1a: Go Go Mike|Psyshock|p2a: Bold kingdras
|-supereffective|p2a: Bold kingdras
|-damage|p2a: Bold kingdras|0 fnt
|faint|p2a: Bold kingdras
|
|-weather|Sandstorm|[upkeep]
|-damage|p1a: Go Go Mike|246\/301|[from] sandstorm
|
|switch|p2a: Scapegoat|Gyarados, F|394\/394
|-ability|p2a: Scapegoat|Intimidate|[of] p1a: Go Go Mike
|-unboost|p1a: Go Go Mike|atk|1
|turn|17
|
|move|p1a: Go Go Mike|Psyshock|p2a: Scapegoat
|-damage|p2a: Scapegoat|196\/394
|move|p2a: Scapegoat|Dragon Tail|p1a: Go Go Mike
|-supereffective|p1a: Go Go Mike
|-damage|p1a: Go Go Mike|114\/301
|drag|p1a: Damn Cute Bunny|Azumarill, F|301\/401
|-damage|p1a: Damn Cute Bunny|251\/401|[from] Stealth Rock
|
|-weather|none
|-heal|p2a: Scapegoat|220\/394|[from] item: Leftovers
|turn|18
|
|move|p2a: Scapegoat|Waterfall|p1a: Damn Cute Bunny
|-crit|p1a: Damn Cute Bunny
|-resisted|p1a: Damn Cute Bunny
|-damage|p1a: Damn Cute Bunny|146\/401
|move|p1a: Damn Cute Bunny|Play Rough|p2a: Scapegoat
|-crit|p2a: Scapegoat
|-damage|p2a: Scapegoat|0 fnt
|faint|p2a: Scapegoat
|
|
|switch|p2a: Manectric|Manectric-Mega, F|134\/282
|-ability|p2a: Manectric|Intimidate|[of] p1a: Damn Cute Bunny
|-unboost|p1a: Damn Cute Bunny|atk|1
|turn|19
|join|TM13
|
|switch|p1a: Fluffy Paws|Landorus-Therian, M|381\/382
|-damage|p1a: Fluffy Paws|334\/382|[from] Stealth Rock
|-ability|p1a: Fluffy Paws|Intimidate|[of] p2a: Manectric
|-unboost|p2a: Manectric|atk|1
|move|p2a: Manectric|Hidden Power|p1a: Fluffy Paws
|-supereffective|p1a: Fluffy Paws
|-damage|p1a: Fluffy Paws|0 fnt
|faint|p1a: Fluffy Paws
|
|
|switch|p1a: Its a trap!|Magnezone|159\/281
|-damage|p1a: Its a trap!|142\/281|[from] Stealth Rock
|turn|20
|
|move|p2a: Manectric|Flamethrower|p1a: Its a trap!
|-crit|p1a: Its a trap!
|-supereffective|p1a: Its a trap!
|-damage|p1a: Its a trap!|0 fnt
|faint|p1a: Its a trap!
|
|
|switch|p1a: Gardevoir|Gardevoir-Mega, F|243\/277
|-damage|p1a: Gardevoir|209\/277|[from] Stealth Rock
|turn|21
|
|move|p2a: Manectric|Volt Switch|p1a: Gardevoir
|-damage|p1a: Gardevoir|110\/277
|
|switch|p2a: Hard Pine Worker|Conkeldurr, F|351\/351
|move|p1a: Gardevoir|Hyper Voice|p2a: Hard Pine Worker
|-supereffective|p2a: Hard Pine Worker
|-damage|p2a: Hard Pine Worker|15\/351
|
|turn|22
|
|move|p2a: Hard Pine Worker|Mach Punch|p1a: Gardevoir
|-resisted|p1a: Gardevoir
|-damage|p1a: Gardevoir|82\/277
|move|p1a: Gardevoir|Hyper Voice|p2a: Hard Pine Worker
|-supereffective|p2a: Hard Pine Worker
|-damage|p2a: Hard Pine Worker|0 fnt
|faint|p2a: Hard Pine Worker
|
|
|switch|p2a: Manectric|Manectric-Mega, F|134\/282
|-ability|p2a: Manectric|Intimidate|[of] p1a: Gardevoir
|-unboost|p1a: Gardevoir|atk|1
|turn|23
|
|move|p2a: Manectric|Thunderbolt|p1a: Gardevoir
|-damage|p1a: Gardevoir|0 fnt
|faint|p1a: Gardevoir
|
|
|switch|p1a: Damn Cute Bunny|Azumarill, F|146\/401
|-damage|p1a: Damn Cute Bunny|96\/401|[from] Stealth Rock
|turn|24
|
|switch|p2a: Kyurem Style|Kyurem|341\/454
|-ability|p2a: Kyurem Style|Pressure
|move|p1a: Damn Cute Bunny|Aqua Jet|p2a: Kyurem Style
|-crit|p2a: Kyurem Style
|-resisted|p2a: Kyurem Style
|-damage|p2a: Kyurem Style|291\/454
|
|-heal|p2a: Kyurem Style|319\/454|[from] item: Leftovers
|turn|25
|join|sweet Rikku
|
|move|p2a: Kyurem Style|Substitute|p2a: Kyurem Style
|-start|p2a: Kyurem Style|Substitute
|-damage|p2a: Kyurem Style|206\/454
|move|p1a: Damn Cute Bunny|Play Rough|p2a: Kyurem Style
|-supereffective|p2a: Kyurem Style
|-end|p2a: Kyurem Style|Substitute
|
|-heal|p2a: Kyurem Style|234\/454|[from] item: Leftovers
|turn|26
|
|move|p2a: Kyurem Style|Roost|p2a: Kyurem Style
|-heal|p2a: Kyurem Style|454\/454
|move|p1a: Damn Cute Bunny|Play Rough|p2a: Kyurem Style
|-supereffective|p2a: Kyurem Style
|-damage|p2a: Kyurem Style|146\/454
|-unboost|p2a: Kyurem Style|atk|1
|
|-heal|p2a: Kyurem Style|174\/454|[from] item: Leftovers
|turn|27
|
|move|p2a: Kyurem Style|Ice Beam|p1a: Damn Cute Bunny
|-resisted|p1a: Damn Cute Bunny
|-damage|p1a: Damn Cute Bunny|40\/401
|move|p1a: Damn Cute Bunny|Play Rough|p2a: Kyurem Style
|-supereffective|p2a: Kyurem Style
|-damage|p2a: Kyurem Style|0 fnt
|faint|p2a: Kyurem Style
|
|c|âLT6B Jason|gg
|
|switch|p2a: Manectric|Manectric-Mega, F|134\/282
|-ability|p2a: Manectric|Intimidate|[of] p1a: Damn Cute Bunny
|-unboost|p1a: Damn Cute Bunny|atk|1
|turn|28
|
|move|p1a: Damn Cute Bunny|Aqua Jet|p2a: Manectric
|-damage|p2a: Manectric|61\/282
|move|p2a: Manectric|Thunderbolt|p1a: Damn Cute Bunny
|-supereffective|p1a: Damn Cute Bunny
|-damage|p1a: Damn Cute Bunny|0 fnt
|faint|p1a: Damn Cute Bunny
|
|
|switch|p1a: Go Go Mike|Latios, M|114\/301
|-damage|p1a: Go Go Mike|77\/301|[from] Stealth Rock
|turn|29
|
|move|p2a: Manectric|Hidden Power|p1a: Go Go Mike
|-supereffective|p1a: Go Go Mike
|-damage|p1a: Go Go Mike|0 fnt
|faint|p1a: Go Go Mike
|
|win|LT6B Jason
|raw|Ladder updating...