|join|Apedingo
|join|Bloody Sunday
|player|p1|Apedingo|242
|player|p2|Bloody Sunday|68
|gametype|singles
|gen|6
|tier|OU
|rated
|clearpoke
|poke|p1|Landorus-Therian, M
|poke|p1|Gardevoir, F
|poke|p1|Azumarill, M
|poke|p1|Latios, M
|poke|p1|Tyranitar, M
|poke|p1|Magnezone
|poke|p2|Bisharp, M
|poke|p2|Venusaur, F
|poke|p2|Heatran, F
|poke|p2|Keldeo
|poke|p2|Chansey, F
|poke|p2|Skarmory, F
|rule|Swagger Clause: Swagger is banned
|rule|Baton Pass Clause: Limit one PokÃ©mon knowing Baton Pass
|rule|Sleep Clause Mod: Limit one foe put to sleep
|rule|Species Clause: Limit one of each PokÃ©mon
|rule|OHKO Clause: OHKO moves are banned
|rule|Moody Clause: Moody is banned
|rule|Evasion Moves Clause: Evasion moves are banned
|rule|Endless Battle Clause: Forcing endless battles is banned
|rule|HP Percentage Mod: HP is shown in percentages
|teampreview
|join|Zenzoh
|
|start
|switch|p1a: Azumarill|Azumarill, M|401\/401
|switch|p2a: Appreciation|Chansey, F|684\/684
|turn|1
|
|switch|p1a: Landorus-Therian|Landorus-Therian, M|382\/382
|-ability|p1a: Landorus-Therian|Intimidate|[of] p2a: Appreciation
|-unboost|p2a: Appreciation|atk|1
|switch|p2a: LT3A Aka DH|Venusaur, F|364\/364
|
|turn|2
|
|switch|p2a: Teleeee is 18|Heatran, F|340\/340
|-item|p2a: Teleeee is 18|Air Balloon
|move|p1a: Landorus-Therian|Stealth Rock|p2a: Teleeee is 18
|-sidestart|p2: Bloody Sunday|move: Stealth Rock
|
|turn|3
|
|move|p2a: Teleeee is 18|Stealth Rock|p1a: Landorus-Therian
|-sidestart|p1: Apedingo|move: Stealth Rock
|move|p1a: Landorus-Therian|U-turn|p2a: Teleeee is 18
|-resisted|p2a: Teleeee is 18
|-damage|p2a: Teleeee is 18|324\/340
|-enditem|p2a: Teleeee is 18|Air Balloon
|
|switch|p1a: Gardevoir|Gardevoir, F|278\/278
|-damage|p1a: Gardevoir|244\/278|[from] Stealth Rock
|
|turn|4
|
|switch|p2a: Appreciation|Chansey, F|684\/684
|-damage|p2a: Appreciation|599\/684|[from] Stealth Rock
|detailschange|p1a: Gardevoir|Gardevoir-Mega, F
|message|Gardevoir has Mega Evolved into Mega Gardevoir!
|move|p1a: Gardevoir|Focus Blast|p2a: Appreciation
|-supereffective|p2a: Appreciation
|-damage|p2a: Appreciation|413\/684
|
|turn|5
|
|move|p1a: Gardevoir|Calm Mind|p1a: Gardevoir
|-boost|p1a: Gardevoir|spa|1
|-boost|p1a: Gardevoir|spd|1
|move|p2a: Appreciation|Seismic Toss|p1a: Gardevoir
|-damage|p1a: Gardevoir|144\/278
|
|turn|6
|
|move|p1a: Gardevoir|Psyshock|p2a: Appreciation
|-damage|p2a: Appreciation|74\/684
|move|p2a: Appreciation|Thunder Wave|p1a: Gardevoir
|-status|p1a: Gardevoir|par
|
|turn|7
|
|move|p2a: Appreciation|Soft-Boiled|p2a: Appreciation
|-heal|p2a: Appreciation|416\/684
|move|p1a: Gardevoir|Psyshock|p2a: Appreciation
|-damage|p2a: Appreciation|95\/684
|
|turn|8
|
|move|p2a: Appreciation|Soft-Boiled|p2a: Appreciation
|-heal|p2a: Appreciation|437\/684
|move|p1a: Gardevoir|Psyshock|p2a: Appreciation
|-damage|p2a: Appreciation|86\/684
|
|turn|9
|
|move|p2a: Appreciation|Soft-Boiled|p2a: Appreciation
|-heal|p2a: Appreciation|428\/684
|move|p1a: Gardevoir|Psyshock|p2a: Appreciation
|-damage|p2a: Appreciation|107\/684
|
|turn|10
|
|switch|p1a: Latios|Latios, M|301\/301
|-damage|p1a: Latios|264\/301|[from] Stealth Rock
|move|p2a: Appreciation|Soft-Boiled|p2a: Appreciation
|-heal|p2a: Appreciation|449\/684
|
|turn|11
|
|move|p1a: Latios|Trick|p2a: Appreciation
|-activate|p1a: Latios|move: Trick|[of] p2a: Appreciation
|-item|p2a: Appreciation|Choice Specs|[from] move: Trick
|-item|p1a: Latios|Eviolite|[from] move: Trick
|move|p2a: Appreciation|Thunder Wave|p1a: Latios
|-status|p1a: Latios|par
|
|turn|12
|
|switch|p2a: Teleeee is 18|Heatran, F|324\/340
|-damage|p2a: Teleeee is 18|282\/340|[from] Stealth Rock
|cant|p1a: Latios|par
|
|turn|13
|
|move|p2a: Teleeee is 18|Fire Blast|p1a: Latios
|-resisted|p1a: Latios
|-damage|p1a: Latios|195\/301 par
|move|p1a: Latios|Surf|p2a: Teleeee is 18
|-supereffective|p2a: Teleeee is 18
|-damage|p2a: Teleeee is 18|60\/340
|
|turn|14
|
|move|p2a: Teleeee is 18|Fire Blast|p1a: Latios
|-resisted|p1a: Latios
|-damage|p1a: Latios|123\/301 par
|move|p1a: Latios|Surf|p2a: Teleeee is 18
|-supereffective|p2a: Teleeee is 18
|-damage|p2a: Teleeee is 18|0 fnt
|faint|p2a: Teleeee is 18
|
|
|switch|p2a: I came from leddit|Bisharp, M|334\/334
|-damage|p2a: I came from leddit|314\/334|[from] Stealth Rock
|turn|15
|c| Zenzoh|bloody
|c| Zenzoh|ou tournament in tournaments room
|c| Zenzoh|join?
|c|âBloody Sunday|no
|c| Zenzoh|y?
|
|switch|p1a: Landorus-Therian|Landorus-Therian, M|382\/382
|-damage|p1a: Landorus-Therian|335\/382|[from] Stealth Rock
|-ability|p1a: Landorus-Therian|Intimidate|[of] p2a: I came from leddit
|-unboost|p2a: I came from leddit|atk|1
|-boost|p2a: I came from leddit|atk|2|[from] ability: Defiant
|move|p2a: I came from leddit|Iron Head|p1a: Landorus-Therian
|-crit|p1a: Landorus-Therian
|-damage|p1a: Landorus-Therian|88\/382
|
|-heal|p1a: Landorus-Therian|111\/382|[from] item: Leftovers
|-heal|p2a: I came from leddit|334\/334|[from] item: Leftovers
|turn|16
|
|move|p2a: I came from leddit|Sucker Punch|p1a: Landorus-Therian
|-damage|p1a: Landorus-Therian|0 fnt
|faint|p1a: Landorus-Therian
|
|
|switch|p1a: Magnezone|Magnezone|281\/281
|-damage|p1a: Magnezone|264\/281|[from] Stealth Rock
|turn|17
|
|move|p1a: Magnezone|Thunderbolt|p2a: I came from leddit
|-damage|p2a: I came from leddit|105\/334
|move|p2a: I came from leddit|Knock Off|p1a: Magnezone
|-damage|p1a: Magnezone|18\/281
|-enditem|p1a: Magnezone|Choice Scarf|[from] move: Knock Off|[of] p2a: I came from leddit
|
|-heal|p2a: I came from leddit|125\/334|[from] item: Leftovers
|turn|18
|
|move|p2a: I came from leddit|Sucker Punch|p1a: Magnezone
|-damage|p1a: Magnezone|0 fnt
|faint|p1a: Magnezone
|
|-heal|p2a: I came from leddit|145\/334|[from] item: Leftovers
|
|switch|p1a: Azumarill|Azumarill, M|401\/401
|-damage|p1a: Azumarill|351\/401|[from] Stealth Rock
|turn|19
|
|move|p2a: I came from leddit|Iron Head|p1a: Azumarill
|-damage|p1a: Azumarill|87\/401
|cant|p1a: Azumarill|flinch
|
|-heal|p2a: I came from leddit|165\/334|[from] item: Leftovers
|turn|20
|-message|Apedingo forfeited.
|
|win|Bloody Sunday
|raw|Ladder updating...
|leave|Apedingo
|player|p1
|raw|Apedingo's rating: 1867 &rarr; <strong>1852<\/strong><br \/>(-15 for losing)
|raw|Bloody Sunday's rating: 1967 &rarr; <strong>1981<\/strong><br \/>(+14 for winning)