|join|LT1A Dark_380
|join|Apedingo
|player|p1|LT1A Dark_380|70
|player|p2|Apedingo|242
|gametype|singles
|gen|6
|tier|OU
|rated
|clearpoke
|poke|p1|Charizard, F
|poke|p1|Keldeo
|poke|p1|Clefable, M
|poke|p1|Excadrill, M
|poke|p1|Tyranitar, M
|poke|p1|Latios, M
|poke|p2|Landorus-Therian, M
|poke|p2|Gardevoir, M
|poke|p2|Keldeo
|poke|p2|Latios, M
|poke|p2|Tyranitar, M
|poke|p2|Magnezone
|rule|Swagger Clause: Swagger is banned
|rule|Baton Pass Clause: Limit one PokÃ©mon knowing Baton Pass
|rule|Sleep Clause Mod: Limit one foe put to sleep
|rule|Species Clause: Limit one of each PokÃ©mon
|rule|OHKO Clause: OHKO moves are banned
|rule|Moody Clause: Moody is banned
|rule|Evasion Moves Clause: Evasion moves are banned
|rule|Endless Battle Clause: Forcing endless battles is banned
|rule|HP Percentage Mod: HP is shown in percentages
|teampreview
|
|start
|switch|p1a: Keldeo|Keldeo|322\/322
|switch|p2a: Magnezone|Magnezone|281\/281
|turn|1
|
|switch|p1a: Excadrill|Excadrill, M|361\/361
|-item|p1a: Excadrill|Air Balloon
|move|p2a: Magnezone|Volt Switch|p1a: Excadrill
|-immune|p1a: Excadrill|[msg]
|
|turn|2
|
|switch|p2a: Landorus-Therian|Landorus-Therian, M|382\/382
|-ability|p2a: Landorus-Therian|Intimidate|[of] p1a: Excadrill
|-unboost|p1a: Excadrill|atk|1
|move|p1a: Excadrill|Iron Head|p2a: Landorus-Therian
|-damage|p2a: Landorus-Therian|294\/382
|
|-heal|p2a: Landorus-Therian|317\/382|[from] item: Leftovers
|turn|3
|
|switch|p1a: Keldeo|Keldeo|322\/322
|move|p2a: Landorus-Therian|Stealth Rock|p1a: Keldeo
|-sidestart|p1: LT1A Dark_380|move: Stealth Rock
|
|-heal|p2a: Landorus-Therian|340\/382|[from] item: Leftovers
|turn|4
|
|switch|p2a: Latios|Latios, M|301\/301
|move|p1a: Keldeo|Scald|p2a: Latios
|-resisted|p2a: Latios
|-damage|p2a: Latios|232\/301
|
|turn|5
|
|switch|p2a: Keldeo|Keldeo|323\/323
|move|p1a: Keldeo|Secret Sword|p2a: Keldeo
|-damage|p2a: Keldeo|160\/323
|
|-heal|p2a: Keldeo|180\/323|[from] item: Leftovers
|turn|6
|
|move|p2a: Keldeo|Secret Sword|p1a: Keldeo
|-damage|p1a: Keldeo|163\/322
|move|p1a: Keldeo|Scald|p2a: Keldeo
|-resisted|p2a: Keldeo
|-damage|p2a: Keldeo|108\/323
|-status|p2a: Keldeo|brn
|
|-heal|p2a: Keldeo|128\/323 brn|[from] item: Leftovers
|-heal|p1a: Keldeo|183\/322|[from] item: Leftovers
|-damage|p2a: Keldeo|88\/323 brn|[from] brn
|turn|7
|
|move|p2a: Keldeo|Secret Sword|p1a: Keldeo
|-damage|p1a: Keldeo|21\/322
|move|p1a: Keldeo|Secret Sword|p2a: Keldeo
|-damage|p2a: Keldeo|0 fnt
|faint|p2a: Keldeo
|
|-heal|p1a: Keldeo|41\/322|[from] item: Leftovers
|
|switch|p2a: Magnezone|Magnezone|281\/281
|turn|8
|
|move|p2a: Magnezone|Flash Cannon|p1a: Keldeo
|-resisted|p1a: Keldeo
|-damage|p1a: Keldeo|0 fnt
|faint|p1a: Keldeo
|
|
|switch|p1a: Excadrill|Excadrill, M|361\/361
|-damage|p1a: Excadrill|350\/361|[from] Stealth Rock
|-item|p1a: Excadrill|Air Balloon
|turn|9
|
|switch|p2a: Landorus-Therian|Landorus-Therian, M|340\/382
|-ability|p2a: Landorus-Therian|Intimidate|[of] p1a: Excadrill
|-unboost|p1a: Excadrill|atk|1
|move|p1a: Excadrill|Rapid Spin|p2a: Landorus-Therian
|-damage|p2a: Landorus-Therian|325\/382
|-sideend|p1: LT1A Dark_380|Stealth Rock|[from] move: Rapid Spin|[of] p1a: Excadrill
|
|-heal|p2a: Landorus-Therian|348\/382|[from] item: Leftovers
|turn|10
|
|move|p1a: Excadrill|Iron Head|p2a: Landorus-Therian
|-damage|p2a: Landorus-Therian|264\/382
|move|p2a: Landorus-Therian|Stealth Rock|p1a: Excadrill
|-sidestart|p1: LT1A Dark_380|move: Stealth Rock
|
|-heal|p2a: Landorus-Therian|287\/382|[from] item: Leftovers
|turn|11
|
|move|p1a: Excadrill|Rapid Spin|p2a: Landorus-Therian
|-damage|p2a: Landorus-Therian|273\/382
|-sideend|p1: LT1A Dark_380|Stealth Rock|[from] move: Rapid Spin|[of] p1a: Excadrill
|move|p2a: Landorus-Therian|U-turn|p1a: Excadrill
|-resisted|p1a: Excadrill
|-damage|p1a: Excadrill|297\/361
|-enditem|p1a: Excadrill|Air Balloon
|
|switch|p2a: Gardevoir|Gardevoir, M|278\/278
|
|turn|12
|
|switch|p1a: Charizard|Charizard, F|297\/297
|detailschange|p2a: Gardevoir|Gardevoir-Mega, M
|message|Gardevoir has Mega Evolved into Mega Gardevoir!
|move|p2a: Gardevoir|Focus Blast|p1a: Charizard
|-resisted|p1a: Charizard
|-damage|p1a: Charizard|199\/297
|
|turn|13
|
|switch|p2a: Tyranitar|Tyranitar, M|403\/403
|-weather|Sandstorm
|detailschange|p1a: Charizard|Charizard-Mega-Y, F
|message|Charizard has Mega Evolved into Mega Charizard!
|-weather|SunnyDay
|move|p1a: Charizard|Fire Blast|p2a: Tyranitar
|-resisted|p2a: Tyranitar
|-damage|p2a: Tyranitar|328\/403
|-status|p2a: Tyranitar|brn
|
|-weather|SunnyDay|[upkeep]
|-damage|p2a: Tyranitar|278\/403 brn|[from] brn
|turn|14
|
|switch|p1a: Clefable|Clefable, M|393\/393
|move|p2a: Tyranitar|Crunch|p1a: Clefable
|-resisted|p1a: Clefable
|-damage|p1a: Clefable|360\/393
|
|-weather|SunnyDay|[upkeep]
|-heal|p1a: Clefable|384\/393|[from] item: Leftovers
|-damage|p2a: Tyranitar|228\/403 brn|[from] brn
|turn|15
|
|switch|p2a: Gardevoir|Gardevoir-Mega, M|278\/278
|move|p1a: Clefable|Stealth Rock|p2a: Gardevoir
|-sidestart|p2: Apedingo|move: Stealth Rock
|
|-weather|SunnyDay|[upkeep]
|-heal|p1a: Clefable|393\/393|[from] item: Leftovers
|turn|16
|
|move|p2a: Gardevoir|Calm Mind|p2a: Gardevoir
|-boost|p2a: Gardevoir|spa|1
|-boost|p2a: Gardevoir|spd|1
|move|p1a: Clefable|Thunder Wave|p2a: Gardevoir
|-status|p2a: Gardevoir|par
|
|-weather|SunnyDay|[upkeep]
|turn|17
|
|switch|p1a: Latios|Latios, M|302\/302
|move|p2a: Gardevoir|Hyper Voice|p1a: Latios
|-supereffective|p1a: Latios
|-damage|p1a: Latios|0 fnt
|faint|p1a: Latios
|
|-weather|none
|
|switch|p1a: Excadrill|Excadrill, M|297\/361
|turn|18
|
|switch|p2a: Landorus-Therian|Landorus-Therian, M|273\/382
|-damage|p2a: Landorus-Therian|226\/382|[from] Stealth Rock
|-ability|p2a: Landorus-Therian|Intimidate|[of] p1a: Excadrill
|-unboost|p1a: Excadrill|atk|1
|move|p1a: Excadrill|Iron Head|p2a: Landorus-Therian
|-damage|p2a: Landorus-Therian|144\/382
|
|-heal|p2a: Landorus-Therian|167\/382|[from] item: Leftovers
|turn|19
|
|switch|p1a: Charizard|Charizard-Mega-Y, F|199\/297
|-weather|SunnyDay
|move|p2a: Landorus-Therian|Stealth Rock|p1a: Charizard
|-sidestart|p1: LT1A Dark_380|move: Stealth Rock
|
|-weather|SunnyDay|[upkeep]
|-heal|p2a: Landorus-Therian|190\/382|[from] item: Leftovers
|turn|20
|
|switch|p2a: Tyranitar|Tyranitar, M|228\/403 brn
|-damage|p2a: Tyranitar|178\/403 brn|[from] Stealth Rock
|-weather|Sandstorm
|move|p1a: Charizard|Fire Blast|p2a: Tyranitar|[miss]
|-miss|p1a: Charizard|p2a: Tyranitar
|
|-weather|Sandstorm|[upkeep]
|-damage|p1a: Charizard|181\/297|[from] sandstorm
|-damage|p2a: Tyranitar|128\/403 brn|[from] brn
|turn|21
|
|move|p1a: Charizard|Focus Blast|p2a: Tyranitar
|-supereffective|p2a: Tyranitar
|-damage|p2a: Tyranitar|0 fnt
|faint|p2a: Tyranitar
|
|-weather|Sandstorm|[upkeep]
|-damage|p1a: Charizard|163\/297|[from] sandstorm
|
|switch|p2a: Gardevoir|Gardevoir-Mega, M|278\/278 par
|-damage|p2a: Gardevoir|244\/278 par|[from] Stealth Rock
|turn|22
|
|move|p1a: Charizard|Fire Blast|p2a: Gardevoir
|-damage|p2a: Gardevoir|63\/278 par
|move|p2a: Gardevoir|Psyshock|p1a: Charizard
|-damage|p1a: Charizard|0 fnt
|faint|p1a: Charizard
|
|-weather|Sandstorm|[upkeep]
|-damage|p2a: Gardevoir|46\/278 par|[from] sandstorm
|
|switch|p1a: Tyranitar|Tyranitar, M|341\/341
|-damage|p1a: Tyranitar|299\/341|[from] Stealth Rock
|turn|23
|
|move|p1a: Tyranitar|Crunch|p2a: Gardevoir
|-damage|p2a: Gardevoir|0 fnt
|faint|p2a: Gardevoir
|
|-weather|Sandstorm|[upkeep]
|
|switch|p2a: Landorus-Therian|Landorus-Therian, M|190\/382
|-damage|p2a: Landorus-Therian|143\/382|[from] Stealth Rock
|-ability|p2a: Landorus-Therian|Intimidate|[of] p1a: Tyranitar
|-unboost|p1a: Tyranitar|atk|1
|turn|24
|
|switch|p1a: Clefable|Clefable, M|393\/393
|move|p2a: Landorus-Therian|Earthquake|p1a: Clefable
|-damage|p1a: Clefable|221\/393
|
|-weather|none
|-heal|p2a: Landorus-Therian|166\/382|[from] item: Leftovers
|-heal|p1a: Clefable|245\/393|[from] item: Leftovers
|turn|25
|
|move|p2a: Landorus-Therian|U-turn|p1a: Clefable
|-resisted|p1a: Clefable
|-damage|p1a: Clefable|205\/393
|
|switch|p2a: Magnezone|Magnezone|281\/281
|-damage|p2a: Magnezone|264\/281|[from] Stealth Rock
|move|p1a: Clefable|Moonblast|p2a: Magnezone
|-resisted|p2a: Magnezone
|-damage|p2a: Magnezone|210\/281
|
|-heal|p1a: Clefable|229\/393|[from] item: Leftovers
|turn|26
|
|move|p2a: Magnezone|Flash Cannon|p1a: Clefable
|-supereffective|p1a: Clefable
|-damage|p1a: Clefable|0 fnt
|faint|p1a: Clefable
|
|
|switch|p1a: Excadrill|Excadrill, M|297\/361
|-damage|p1a: Excadrill|286\/361|[from] Stealth Rock
|turn|27
|
|move|p2a: Magnezone|Flash Cannon|p1a: Excadrill
|-resisted|p1a: Excadrill
|-damage|p1a: Excadrill|186\/361
|move|p1a: Excadrill|Earthquake|p2a: Magnezone
|-supereffective|p2a: Magnezone
|-damage|p2a: Magnezone|0 fnt
|faint|p2a: Magnezone
|
|
|switch|p2a: Landorus-Therian|Landorus-Therian, M|166\/382
|-damage|p2a: Landorus-Therian|119\/382|[from] Stealth Rock
|-ability|p2a: Landorus-Therian|Intimidate|[of] p1a: Excadrill
|-unboost|p1a: Excadrill|atk|1
|turn|28
|
|move|p1a: Excadrill|Iron Head|p2a: Landorus-Therian
|-damage|p2a: Landorus-Therian|31\/382
|move|p2a: Landorus-Therian|Earthquake|p1a: Excadrill
|-supereffective|p1a: Excadrill
|-damage|p1a: Excadrill|0 fnt
|faint|p1a: Excadrill
|
|-heal|p2a: Landorus-Therian|54\/382|[from] item: Leftovers
|
|switch|p1a: Tyranitar|Tyranitar, M|299\/341
|-damage|p1a: Tyranitar|257\/341|[from] Stealth Rock
|-weather|Sandstorm
|turn|29
|
|move|p1a: Tyranitar|Crunch|p2a: Landorus-Therian
|-damage|p2a: Landorus-Therian|0 fnt
|faint|p2a: Landorus-Therian
|
|-weather|Sandstorm|[upkeep]
|
|switch|p2a: Latios|Latios, M|232\/301
|-damage|p2a: Latios|195\/301|[from] Stealth Rock
|turn|30
|
|move|p1a: Tyranitar|Crunch|p2a: Latios
|-supereffective|p2a: Latios
|-damage|p2a: Latios|0 fnt
|faint|p2a: Latios
|
|win|LT1A Dark_380
|raw|Ladder updating...
|raw|LT1A Dark_380's rating: 1785 &rarr; <strong>1800<\/strong><br \/>(+15 for winning)
|raw|Apedingo's rating: 1688 &rarr; <strong>1673<\/strong><br \/>(-15 for losing)
|leave|Apedingo
|player|p2