|join|Auburn Hills
|join|Apedingo
|player|p1|Auburn Hills|289
|player|p2|Apedingo|242
|gametype|singles
|gen|6
|tier|OU
|rated
|clearpoke
|poke|p1|Volcarona, F
|poke|p1|Azumarill, M
|poke|p1|Mamoswine, M
|poke|p1|Medicham, M
|poke|p1|Umbreon, M
|poke|p1|Cofagrigus, M
|poke|p2|Landorus-Therian, M
|poke|p2|Gardevoir, M
|poke|p2|Azumarill, F
|poke|p2|Latios, M
|poke|p2|Tyranitar, M
|poke|p2|Magnezone
|rule|Swagger Clause: Swagger is banned
|rule|Baton Pass Clause: Limit one PokÃ©mon knowing Baton Pass
|rule|Sleep Clause Mod: Limit one foe put to sleep
|rule|Species Clause: Limit one of each PokÃ©mon
|rule|OHKO Clause: OHKO moves are banned
|rule|Moody Clause: Moody is banned
|rule|Evasion Moves Clause: Evasion moves are banned
|rule|Endless Battle Clause: Forcing endless battles is banned
|rule|HP Percentage Mod: HP is shown in percentages
|teampreview
|
|start
|switch|p1a: HORACE GRANT|Mamoswine, M|362\/362
|switch|p2a: Damn Cute Bunny|Azumarill, F|401\/401
|turn|1
|
|switch|p1a: LUC LONGLEY|Cofagrigus, M|320\/320
|move|p2a: Damn Cute Bunny|Knock Off|p1a: LUC LONGLEY
|-supereffective|p1a: LUC LONGLEY
|-damage|p1a: LUC LONGLEY|152\/320
|-endability|p2a: Damn Cute Bunny|hugepower|[from] Mummy
|-ability|p2a: Damn Cute Bunny|Mummy|[from] Mummy
|-enditem|p1a: LUC LONGLEY|Leftovers|[from] move: Knock Off|[of] p2a: Damn Cute Bunny
|
|turn|2
|
|switch|p2a: Gardevoir|Gardevoir, M|277\/277
|move|p1a: LUC LONGLEY|Will-O-Wisp|p2a: Gardevoir
|-status|p2a: Gardevoir|brn
|-status|p1a: LUC LONGLEY|brn
|
|-damage|p2a: Gardevoir|243\/277 brn|[from] brn
|-damage|p1a: LUC LONGLEY|112\/320 brn|[from] brn
|turn|3
|
|switch|p1a: JORDAN|Volcarona, F|312\/312
|detailschange|p2a: Gardevoir|Gardevoir-Mega, M
|message|Gardevoir has Mega Evolved into Mega Gardevoir!
|move|p2a: Gardevoir|Hyper Voice|p1a: JORDAN
|-resisted|p1a: JORDAN
|-damage|p1a: JORDAN|196\/312
|
|-damage|p2a: Gardevoir|209\/277 brn|[from] brn
|turn|4
|
|switch|p2a: Damn Cute Bunny|Azumarill, F|401\/401
|move|p1a: JORDAN|Fiery Dance|p2a: Damn Cute Bunny
|-resisted|p2a: Damn Cute Bunny
|-damage|p2a: Damn Cute Bunny|345\/401
|-boost|p1a: JORDAN|spa|1
|
|turn|5
|
|switch|p2a: Go Go Mike|Latios, M|301\/301
|move|p1a: JORDAN|Fiery Dance|p2a: Go Go Mike
|-crit|p2a: Go Go Mike
|-resisted|p2a: Go Go Mike
|-damage|p2a: Go Go Mike|139\/301
|-boost|p1a: JORDAN|spa|1
|
|turn|6
|
|switch|p1a: STEVE KERR|Umbreon, M|394\/394
|move|p2a: Go Go Mike|Draco Meteor|p1a: STEVE KERR|[miss]
|-miss|p2a: Go Go Mike|p1a: STEVE KERR
|
|turn|7
|
|switch|p2a: Fluffy Paws|Landorus-Therian, M|382\/382
|-ability|p2a: Fluffy Paws|Intimidate|[of] p1a: STEVE KERR
|-unboost|p1a: STEVE KERR|atk|1
|move|p1a: STEVE KERR|Wish|p1a: STEVE KERR
|
|turn|8
|
|switch|p1a: HORACE GRANT|Mamoswine, M|362\/362
|move|p2a: Fluffy Paws|Earthquake|p1a: HORACE GRANT
|-damage|p1a: HORACE GRANT|155\/362
|
|-heal|p1a: HORACE GRANT|352\/362|[from] move: Wish|[wisher] STEVE KERR
|turn|9
|
|switch|p2a: Damn Cute Bunny|Azumarill, F|345\/401
|move|p1a: HORACE GRANT|Stealth Rock|p2a: Damn Cute Bunny
|-sidestart|p2: Apedingo|move: Stealth Rock
|
|turn|10
|
|switch|p1a: LUC LONGLEY|Cofagrigus, M|112\/320 brn
|move|p2a: Damn Cute Bunny|Waterfall|p1a: LUC LONGLEY
|-damage|p1a: LUC LONGLEY|19\/320 brn
|-endability|p2a: Damn Cute Bunny|hugepower|[from] Mummy
|-ability|p2a: Damn Cute Bunny|Mummy|[from] Mummy
|
|-damage|p1a: LUC LONGLEY|0 fnt|[from] brn
|faint|p1a: LUC LONGLEY
|
|switch|p1a: PIPPEN|Azumarill, M|404\/404
|turn|11
|
|switch|p2a: Fluffy Paws|Landorus-Therian, M|382\/382
|-damage|p2a: Fluffy Paws|335\/382|[from] Stealth Rock
|-ability|p2a: Fluffy Paws|Intimidate|[of] p1a: PIPPEN
|-unboost|p1a: PIPPEN|atk|1
|move|p1a: PIPPEN|Knock Off|p2a: Fluffy Paws
|-damage|p2a: Fluffy Paws|258\/382
|-enditem|p2a: Fluffy Paws|Leftovers|[from] move: Knock Off|[of] p1a: PIPPEN
|
|turn|12
|
|move|p2a: Fluffy Paws|Stealth Rock|p1a: PIPPEN
|-sidestart|p1: Auburn Hills|move: Stealth Rock
|move|p1a: PIPPEN|Waterfall|p2a: Fluffy Paws
|-supereffective|p2a: Fluffy Paws
|-damage|p2a: Fluffy Paws|94\/382
|
|turn|13
|
|move|p2a: Fluffy Paws|U-turn|p1a: PIPPEN
|-resisted|p1a: PIPPEN
|-damage|p1a: PIPPEN|358\/404
|
|switch|p2a: Its a trap!|Magnezone|281\/281
|-damage|p2a: Its a trap!|264\/281|[from] Stealth Rock
|move|p1a: PIPPEN|Waterfall|p2a: Its a trap!
|-damage|p2a: Its a trap!|158\/281
|
|turn|14
|
|move|p2a: Its a trap!|Flash Cannon|p1a: PIPPEN
|-damage|p1a: PIPPEN|252\/404
|-unboost|p1a: PIPPEN|spd|1
|move|p1a: PIPPEN|Knock Off|p2a: Its a trap!
|-damage|p2a: Its a trap!|73\/281
|-enditem|p2a: Its a trap!|Choice Scarf|[from] move: Knock Off|[of] p1a: PIPPEN
|
|turn|15
|
|switch|p1a: STEVE KERR|Umbreon, M|394\/394
|-damage|p1a: STEVE KERR|345\/394|[from] Stealth Rock
|move|p2a: Its a trap!|Volt Switch|p1a: STEVE KERR
|-damage|p1a: STEVE KERR|263\/394
|
|switch|p2a: Damn Cute Bunny|Azumarill, F|345\/401
|-damage|p2a: Damn Cute Bunny|295\/401|[from] Stealth Rock
|
|-heal|p1a: STEVE KERR|287\/394|[from] item: Leftovers
|turn|16
|
|move|p1a: STEVE KERR|Protect|p1a: STEVE KERR
|-singleturn|p1a: STEVE KERR|Protect
|move|p2a: Damn Cute Bunny|Play Rough|p1a: STEVE KERR
|-activate|p1a: STEVE KERR|Protect
|
|-heal|p1a: STEVE KERR|311\/394|[from] item: Leftovers
|turn|17
|
|move|p1a: STEVE KERR|Wish|p1a: STEVE KERR
|move|p2a: Damn Cute Bunny|Play Rough|p1a: STEVE KERR
|-supereffective|p1a: STEVE KERR
|-damage|p1a: STEVE KERR|0 fnt
|faint|p1a: STEVE KERR
|
|
|switch|p1a: PIPPEN|Azumarill, M|252\/404
|-damage|p1a: PIPPEN|202\/404|[from] Stealth Rock
|turn|18
|
|move|p1a: PIPPEN|Play Rough|p2a: Damn Cute Bunny|[miss]
|-miss|p1a: PIPPEN|p2a: Damn Cute Bunny
|move|p2a: Damn Cute Bunny|Play Rough|p1a: PIPPEN
|-damage|p1a: PIPPEN|0 fnt
|faint|p1a: PIPPEN
|
|
|switch|p1a: RODMAN|Medicham, M|262\/262
|-damage|p1a: RODMAN|246\/262|[from] Stealth Rock
|turn|19
|
|switch|p2a: Fluffy Paws|Landorus-Therian, M|94\/382
|-damage|p2a: Fluffy Paws|47\/382|[from] Stealth Rock
|-ability|p2a: Fluffy Paws|Intimidate|[of] p1a: RODMAN
|-unboost|p1a: RODMAN|atk|1
|detailschange|p1a: RODMAN|Medicham-Mega, M
|message|Medicham has Mega Evolved into Mega Medicham!
|move|p1a: RODMAN|Psycho Cut|p2a: Fluffy Paws
|-damage|p2a: Fluffy Paws|0 fnt
|faint|p2a: Fluffy Paws
|
|
|switch|p2a: Go Go Mike|Latios, M|139\/301
|-damage|p2a: Go Go Mike|102\/301|[from] Stealth Rock
|turn|20
|
|switch|p1a: HORACE GRANT|Mamoswine, M|352\/362
|-damage|p1a: HORACE GRANT|307\/362|[from] Stealth Rock
|move|p2a: Go Go Mike|Surf|p1a: HORACE GRANT
|-crit|p1a: HORACE GRANT
|-supereffective|p1a: HORACE GRANT
|-damage|p1a: HORACE GRANT|0 fnt
|faint|p1a: HORACE GRANT
|
|
|switch|p1a: JORDAN|Volcarona, F|196\/312
|-damage|p1a: JORDAN|40\/312|[from] Stealth Rock
|turn|21
|
|switch|p2a: Mr. Fancypants|Tyranitar, M|403\/403
|-damage|p2a: Mr. Fancypants|353\/403|[from] Stealth Rock
|-weather|Sandstorm
|move|p1a: JORDAN|Bug Buzz|p2a: Mr. Fancypants
|-supereffective|p2a: Mr. Fancypants
|-damage|p2a: Mr. Fancypants|243\/403
|
|-weather|Sandstorm|[upkeep]
|-damage|p1a: JORDAN|21\/312|[from] sandstorm
|turn|22
|
|move|p1a: JORDAN|Bug Buzz|p2a: Mr. Fancypants
|-supereffective|p2a: Mr. Fancypants
|-damage|p2a: Mr. Fancypants|133\/403
|move|p2a: Mr. Fancypants|Pursuit|p1a: JORDAN
|-damage|p1a: JORDAN|0 fnt
|-status|p2a: Mr. Fancypants|brn
|faint|p1a: JORDAN
|
|-weather|Sandstorm|[upkeep]
|-damage|p2a: Mr. Fancypants|83\/403 brn|[from] brn
|
|switch|p1a: RODMAN|Medicham-Mega, M|246\/262
|-damage|p1a: RODMAN|230\/262|[from] Stealth Rock
|turn|23
|
|move|p1a: RODMAN|Drain Punch|p2a: Mr. Fancypants
|-supereffective|p2a: Mr. Fancypants
|-damage|p2a: Mr. Fancypants|0 fnt
|-heal|p1a: RODMAN|262\/262|[from] drain|[of] p2a: Mr. Fancypants
|faint|p2a: Mr. Fancypants
|
|-weather|Sandstorm|[upkeep]
|-damage|p1a: RODMAN|246\/262|[from] sandstorm
|
|switch|p2a: Go Go Mike|Latios, M|102\/301
|-damage|p2a: Go Go Mike|65\/301|[from] Stealth Rock
|turn|24
|
|move|p1a: RODMAN|Bullet Punch|p2a: Go Go Mike
|-damage|p2a: Go Go Mike|0 fnt
|faint|p2a: Go Go Mike
|
|-weather|Sandstorm|[upkeep]
|-damage|p1a: RODMAN|230\/262|[from] sandstorm
|
|switch|p2a: Gardevoir|Gardevoir-Mega, M|209\/277 brn
|-damage|p2a: Gardevoir|175\/277 brn|[from] Stealth Rock
|turn|25
|
|move|p1a: RODMAN|Bullet Punch|p2a: Gardevoir
|-supereffective|p2a: Gardevoir
|-damage|p2a: Gardevoir|0 fnt
|faint|p2a: Gardevoir
|
|-weather|none
|
|switch|p2a: Damn Cute Bunny|Azumarill, F|295\/401
|-damage|p2a: Damn Cute Bunny|245\/401|[from] Stealth Rock
|turn|26
|
|move|p1a: RODMAN|Psycho Cut|p2a: Damn Cute Bunny
|-damage|p2a: Damn Cute Bunny|13\/401
|move|p2a: Damn Cute Bunny|Waterfall|p1a: RODMAN
|-damage|p1a: RODMAN|41\/262
|
|turn|27
|
|move|p1a: RODMAN|Bullet Punch|p2a: Damn Cute Bunny
|-damage|p2a: Damn Cute Bunny|0 fnt
|faint|p2a: Damn Cute Bunny
|
|
|switch|p2a: Its a trap!|Magnezone|73\/281
|-damage|p2a: Its a trap!|56\/281|[from] Stealth Rock
|turn|28
|
|move|p1a: RODMAN|Drain Punch|p2a: Its a trap!
|-supereffective|p2a: Its a trap!
|-damage|p2a: Its a trap!|0 fnt
|-heal|p1a: RODMAN|69\/262|[from] drain|[of] p2a: Its a trap!
|faint|p2a: Its a trap!
|
|win|Auburn Hills
|raw|Ladder updating...
|raw|Auburn Hills's rating: 1675 &rarr; <strong>1699<\/strong><br \/>(+24 for winning)
|raw|Apedingo's rating: 1733 &rarr; <strong>1709<\/strong><br \/>(-24 for losing)
|c|âAuburn Hills|gg
|leave|Apedingo
|player|p2