|join|Apedingo
|join|lt5a miles
|player|p1|Apedingo|242
|player|p2|lt5a miles|265
|gametype|singles
|gen|6
|tier|OU
|rated
|clearpoke
|poke|p1|Landorus-Therian, M
|poke|p1|Gardevoir, F
|poke|p1|Azumarill, F
|poke|p1|Latios, M
|poke|p1|Tyranitar, M
|poke|p1|Magnezone
|poke|p2|Abomasnow, F
|poke|p2|Weavile, M
|poke|p2|Clefairy, L1, M
|poke|p2|Clefable, L1, F
|poke|p2|Cleffa, L1, F
|poke|p2|Solosis, L1, F
|rule|Swagger Clause: Swagger is banned
|rule|Baton Pass Clause: Limit one PokÃ©mon knowing Baton Pass
|rule|Sleep Clause Mod: Limit one foe put to sleep
|rule|Species Clause: Limit one of each PokÃ©mon
|rule|OHKO Clause: OHKO moves are banned
|rule|Moody Clause: Moody is banned
|rule|Evasion Moves Clause: Evasion moves are banned
|rule|Endless Battle Clause: Forcing endless battles is banned
|rule|HP Percentage Mod: HP is shown in percentages
|teampreview
|
|start
|switch|p1a: Damn Cute Bunny|Azumarill, F|401\/401
|switch|p2a: Clefairy|Clefairy, L1, M|12\/12
|turn|1
|
|move|p1a: Damn Cute Bunny|Knock Off|p2a: Clefairy
|-resisted|p2a: Clefairy
|-enditem|p2a: Clefairy|Focus Sash
|-damage|p2a: Clefairy|1\/12
|move|p2a: Clefairy|Endeavor|p1a: Damn Cute Bunny
|-damage|p1a: Damn Cute Bunny|1\/401
|
|turn|2
|
|switch|p2a: Abomasnow|Abomasnow, F|384\/384
|-weather|Hail
|move|p1a: Damn Cute Bunny|Aqua Jet|p2a: Abomasnow
|-resisted|p2a: Abomasnow
|-damage|p2a: Abomasnow|347\/384
|
|-weather|Hail|[upkeep]
|-damage|p1a: Damn Cute Bunny|0 fnt|[from] hail
|faint|p1a: Damn Cute Bunny
|
|switch|p1a: Its a trap!|Magnezone|281\/281
|turn|3
|
|switch|p2a: Weavile|Weavile, M|282\/282
|move|p1a: Its a trap!|Flash Cannon|p2a: Weavile
|-supereffective|p2a: Weavile
|-damage|p2a: Weavile|0 fnt
|faint|p2a: Weavile
|
|-weather|Hail|[upkeep]
|-damage|p1a: Its a trap!|264\/281|[from] hail
|
|switch|p2a: Solosis|Solosis, L1, F|12\/12
|turn|4
|
|move|p1a: Its a trap!|Flash Cannon|p2a: Solosis
|-enditem|p2a: Solosis|Focus Sash
|-damage|p2a: Solosis|1\/12
|move|p2a: Solosis|Trick Room|p2a: Solosis
|-fieldstart|move: Trick Room|[of] p2a: Solosis
|
|-weather|Hail|[upkeep]
|-damage|p1a: Its a trap!|247\/281|[from] hail
|turn|5
|
|move|p2a: Solosis|Endeavor|p1a: Its a trap!
|-damage|p1a: Its a trap!|1\/281
|move|p1a: Its a trap!|Flash Cannon|p2a: Solosis
|-damage|p2a: Solosis|0 fnt
|faint|p2a: Solosis
|
|-weather|Hail|[upkeep]
|-damage|p1a: Its a trap!|0 fnt|[from] hail
|faint|p1a: Its a trap!
|
|switch|p1a: Mr. Fancypants|Tyranitar, M|403\/403
|switch|p2a: Clefairy|Clefairy, L1, M|1\/12
|-weather|Sandstorm
|turn|6
|
|move|p2a: Clefairy|Endeavor|p1a: Mr. Fancypants
|-damage|p1a: Mr. Fancypants|1\/403
|move|p1a: Mr. Fancypants|Ice Beam|p2a: Clefairy
|-damage|p2a: Clefairy|0 fnt
|faint|p2a: Clefairy
|
|-weather|Sandstorm|[upkeep]
|
|switch|p2a: Clefable|Clefable, L1, F|13\/13
|turn|7
|
|switch|p1a: Gardevoir|Gardevoir, F|277\/277
|move|p2a: Clefable|Stealth Rock|p1a: Gardevoir
|-sidestart|p1: Apedingo|move: Stealth Rock
|
|-weather|Sandstorm|[upkeep]
|-damage|p1a: Gardevoir|260\/277|[from] sandstorm
|turn|8
|
|detailschange|p1a: Gardevoir|Gardevoir-Mega, F
|message|Gardevoir has Mega Evolved into Mega Gardevoir!
|move|p2a: Clefable|Endeavor|p1a: Gardevoir
|-damage|p1a: Gardevoir|13\/277
|move|p1a: Gardevoir|Calm Mind|p1a: Gardevoir
|-boost|p1a: Gardevoir|spa|1
|-boost|p1a: Gardevoir|spd|1
|
|-weather|Sandstorm|[upkeep]
|-damage|p1a: Gardevoir|0 fnt|[from] sandstorm
|-fieldend|move: Trick Room
|faint|p1a: Gardevoir
|
|switch|p1a: Fluffy Paws|Landorus-Therian, M|382\/382
|-damage|p1a: Fluffy Paws|335\/382|[from] Stealth Rock
|-ability|p1a: Fluffy Paws|Intimidate|[of] p2a: Clefable
|-unboost|p2a: Clefable|atk|1
|turn|9
|
|switch|p2a: Abomasnow|Abomasnow, F|347\/384
|-weather|Hail
|move|p1a: Fluffy Paws|Earthquake|p2a: Abomasnow
|-resisted|p2a: Abomasnow
|-damage|p2a: Abomasnow|272\/384
|
|-weather|Hail|[upkeep]
|-damage|p1a: Fluffy Paws|312\/382|[from] hail
|-heal|p1a: Fluffy Paws|335\/382|[from] item: Leftovers
|turn|10
|
|move|p1a: Fluffy Paws|U-turn|p2a: Abomasnow
|-supereffective|p2a: Abomasnow
|-damage|p2a: Abomasnow|134\/384
|
|switch|p1a: Mr. Fancypants|Tyranitar, M|1\/403
|-damage|p1a: Mr. Fancypants|0 fnt|[from] Stealth Rock
|faint|p1a: Mr. Fancypants
|move|p2a: Abomasnow|Blizzard|p1: Mr. Fancypants|[notarget]
|-notarget
|
|-weather|Hail|[upkeep]
|
|switch|p1a: Fluffy Paws|Landorus-Therian, M|335\/382
|-damage|p1a: Fluffy Paws|288\/382|[from] Stealth Rock
|-ability|p1a: Fluffy Paws|Intimidate|[of] p2a: Abomasnow
|-unboost|p2a: Abomasnow|atk|1
|turn|11
|
|move|p1a: Fluffy Paws|U-turn|p2a: Abomasnow
|-supereffective|p2a: Abomasnow
|-damage|p2a: Abomasnow|0 fnt
|faint|p2a: Abomasnow
|
|switch|p1a: Go Go Mike|Latios, M|301\/301
|-damage|p1a: Go Go Mike|264\/301|[from] Stealth Rock
|
|-weather|Hail|[upkeep]
|-damage|p1a: Go Go Mike|246\/301|[from] hail
|
|switch|p2a: Clefable|Clefable, L1, F|13\/13
|turn|12
|
|move|p1a: Go Go Mike|Psyshock|p2a: Clefable
|-enditem|p2a: Clefable|Focus Sash
|-damage|p2a: Clefable|1\/13
|move|p2a: Clefable|Endeavor|p1a: Go Go Mike
|-damage|p1a: Go Go Mike|1\/301
|
|-weather|Hail|[upkeep]
|-damage|p1a: Go Go Mike|0 fnt|[from] hail
|faint|p1a: Go Go Mike
|
|switch|p1a: Fluffy Paws|Landorus-Therian, M|288\/382
|-damage|p1a: Fluffy Paws|241\/382|[from] Stealth Rock
|-ability|p1a: Fluffy Paws|Intimidate|[of] p2a: Clefable
|-unboost|p2a: Clefable|atk|1
|turn|13
|
|move|p1a: Fluffy Paws|Earthquake|p2a: Clefable
|-damage|p2a: Clefable|0 fnt
|faint|p2a: Clefable
|
|-weather|Hail|[upkeep]
|-damage|p1a: Fluffy Paws|218\/382|[from] hail
|-heal|p1a: Fluffy Paws|241\/382|[from] item: Leftovers
|
|switch|p2a: Cleffa|Cleffa, L1, F|12\/12
|turn|14
|
|move|p1a: Fluffy Paws|Earthquake|p2a: Cleffa
|-enditem|p2a: Cleffa|Focus Sash
|-damage|p2a: Cleffa|1\/12
|move|p2a: Cleffa|Endeavor|p1a: Fluffy Paws
|-damage|p1a: Fluffy Paws|1\/382
|
|-weather|Hail|[upkeep]
|-damage|p1a: Fluffy Paws|0 fnt|[from] hail
|faint|p1a: Fluffy Paws
|
|win|lt5a miles
|raw|Ladder updating...
|raw|Apedingo's rating: 1805 &rarr; <strong>1787<\/strong><br \/>(-18 for losing)
|raw|lt5a miles's rating: 1834 &rarr; <strong>1852<\/strong><br \/>(+18 for winning)