|join|Apedingo
|join|1030maddjustin
|player|p1|Apedingo|242
|player|p2|1030maddjustin|101
|gametype|singles
|gen|6
|tier|OU
|rated
|clearpoke
|poke|p1|Landorus-Therian, M
|poke|p1|Metagross
|poke|p1|Azumarill, F
|poke|p1|Latios, M
|poke|p1|Tyranitar, M
|poke|p1|Magnezone
|poke|p2|Sableye, F
|poke|p2|Talonflame, F
|poke|p2|Landorus-Therian, M
|poke|p2|Ferrothorn, M
|poke|p2|Rotom-Wash
|poke|p2|Latios, M
|rule|Swagger Clause: Swagger is banned
|rule|Baton Pass Clause: Limit one PokÃ©mon knowing Baton Pass
|rule|Sleep Clause Mod: Limit one foe put to sleep
|rule|Species Clause: Limit one of each PokÃ©mon
|rule|OHKO Clause: OHKO moves are banned
|rule|Moody Clause: Moody is banned
|rule|Evasion Moves Clause: Evasion moves are banned
|rule|Endless Battle Clause: Forcing endless battles is banned
|rule|HP Percentage Mod: HP is shown in percentages
|teampreview
|
|start
|switch|p1a: Go Go Mike|Latios, M|301\/301
|switch|p2a: Ferrothorn|Ferrothorn, M|335\/335
|turn|1
|
|switch|p1a: Fluffy Paws|Landorus-Therian, M|382\/382
|-ability|p1a: Fluffy Paws|Intimidate|[of] p2a: Ferrothorn
|-unboost|p2a: Ferrothorn|atk|1
|move|p2a: Ferrothorn|Knock Off|p1a: Fluffy Paws
|-damage|p1a: Fluffy Paws|344\/382
|-enditem|p1a: Fluffy Paws|Leftovers|[from] move: Knock Off|[of] p2a: Ferrothorn
|
|turn|2
|
|move|p1a: Fluffy Paws|Stealth Rock|p2a: Ferrothorn
|-sidestart|p2: 1030maddjustin|move: Stealth Rock
|move|p2a: Ferrothorn|Leech Seed|p1a: Fluffy Paws
|-start|p1a: Fluffy Paws|move: Leech Seed
|
|-damage|p1a: Fluffy Paws|297\/382|[from] Leech Seed|[of] p2a: Ferrothorn
|turn|3
|
|move|p2a: Ferrothorn|Protect|p2a: Ferrothorn
|-singleturn|p2a: Ferrothorn|Protect
|move|p1a: Fluffy Paws|U-turn|p2a: Ferrothorn
|-activate|p2a: Ferrothorn|Protect
|
|-damage|p1a: Fluffy Paws|250\/382|[from] Leech Seed|[of] p2a: Ferrothorn
|turn|4
|
|move|p1a: Fluffy Paws|U-turn|p2a: Ferrothorn
|-damage|p2a: Ferrothorn|292\/335
|-damage|p1a: Fluffy Paws|203\/382|[from] ability: Iron Barbs|[of] p2a: Ferrothorn
|-damage|p1a: Fluffy Paws|140\/382|[from] item: Rocky Helmet|[of] p2a: Ferrothorn
|
|switch|p1a: Its a trap|Magnezone|281\/281
|move|p2a: Ferrothorn|Leech Seed|p1a: Its a trap
|-start|p1a: Its a trap|move: Leech Seed
|
|-damage|p1a: Its a trap|246\/281|[from] Leech Seed|[of] p2a: Ferrothorn
|-heal|p2a: Ferrothorn|327\/335|[silent]
|turn|5
|
|move|p2a: Ferrothorn|Protect|p2a: Ferrothorn
|-singleturn|p2a: Ferrothorn|Protect
|move|p1a: Its a trap|Hidden Power|p2a: Ferrothorn
|-activate|p2a: Ferrothorn|Protect
|
|-damage|p1a: Its a trap|211\/281|[from] Leech Seed|[of] p2a: Ferrothorn
|-heal|p2a: Ferrothorn|335\/335|[silent]
|turn|6
|
|move|p1a: Its a trap|Hidden Power|p2a: Ferrothorn
|-supereffective|p2a: Ferrothorn
|-damage|p2a: Ferrothorn|99\/335
|move|p2a: Ferrothorn|Leech Seed|p1a: Its a trap
|-fail|p1a: Its a trap
|
|-damage|p1a: Its a trap|176\/281|[from] Leech Seed|[of] p2a: Ferrothorn
|-heal|p2a: Ferrothorn|134\/335|[silent]
|turn|7
|
|move|p2a: Ferrothorn|Protect|p2a: Ferrothorn
|-singleturn|p2a: Ferrothorn|Protect
|move|p1a: Its a trap|Hidden Power|p2a: Ferrothorn
|-activate|p2a: Ferrothorn|Protect
|
|-damage|p1a: Its a trap|141\/281|[from] Leech Seed|[of] p2a: Ferrothorn
|-heal|p2a: Ferrothorn|169\/335|[silent]
|turn|8
|
|move|p1a: Its a trap|Hidden Power|p2a: Ferrothorn
|-supereffective|p2a: Ferrothorn
|-damage|p2a: Ferrothorn|0 fnt
|faint|p2a: Ferrothorn
|
|
|switch|p2a: Rotom-Wash|Rotom-Wash|304\/304
|-damage|p2a: Rotom-Wash|266\/304|[from] Stealth Rock
|turn|9
|
|switch|p1a: Go Go Mike|Latios, M|301\/301
|move|p2a: Rotom-Wash|Hydro Pump|p1a: Go Go Mike
|-resisted|p1a: Go Go Mike
|-damage|p1a: Go Go Mike|243\/301
|
|-heal|p2a: Rotom-Wash|285\/304|[from] item: Leftovers
|turn|10
|
|move|p1a: Go Go Mike|Draco Meteor|p2a: Rotom-Wash
|-damage|p2a: Rotom-Wash|44\/304
|-unboost|p1a: Go Go Mike|spa|2
|move|p2a: Rotom-Wash|Thunder Wave|p1a: Go Go Mike
|-status|p1a: Go Go Mike|par
|
|-heal|p2a: Rotom-Wash|63\/304|[from] item: Leftovers
|turn|11
|
|move|p2a: Rotom-Wash|Pain Split|p1a: Go Go Mike
|-sethp|p1a: Go Go Mike|153\/301 par|p2a: Rotom-Wash|153\/304|[from] move: Pain Split
|move|p1a: Go Go Mike|Draco Meteor|p2a: Rotom-Wash
|-damage|p2a: Rotom-Wash|39\/304
|-unboost|p1a: Go Go Mike|spa|2
|
|-heal|p2a: Rotom-Wash|58\/304|[from] item: Leftovers
|turn|12
|
|move|p2a: Rotom-Wash|Pain Split|p1a: Go Go Mike
|-sethp|p1a: Go Go Mike|105\/301 par|p2a: Rotom-Wash|105\/304|[from] move: Pain Split
|cant|p1a: Go Go Mike|par
|
|-heal|p2a: Rotom-Wash|124\/304|[from] item: Leftovers
|turn|13
|
|move|p2a: Rotom-Wash|Volt Switch|p1a: Go Go Mike
|-resisted|p1a: Go Go Mike
|-damage|p1a: Go Go Mike|69\/301 par
|
|switch|p2a: Landorus-Therian|Landorus-Therian, M|320\/320
|-damage|p2a: Landorus-Therian|280\/320|[from] Stealth Rock
|-ability|p2a: Landorus-Therian|Intimidate|[of] p1a: Go Go Mike
|-unboost|p1a: Go Go Mike|atk|1
|cant|p1a: Go Go Mike|par
|
|turn|14
|
|switch|p1a: Fluffy Paws|Landorus-Therian, M|140\/382
|-ability|p1a: Fluffy Paws|Intimidate|[of] p2a: Landorus-Therian
|-unboost|p2a: Landorus-Therian|atk|1
|move|p2a: Landorus-Therian|Knock Off|p1a: Fluffy Paws
|-damage|p1a: Fluffy Paws|90\/382
|
|turn|15
|
|switch|p2a: Rotom-Wash|Rotom-Wash|124\/304
|-damage|p2a: Rotom-Wash|86\/304|[from] Stealth Rock
|move|p1a: Fluffy Paws|U-turn|p2a: Rotom-Wash
|-damage|p2a: Rotom-Wash|9\/304
|
|switch|p1a: Its a trap|Magnezone|141\/281
|
|-heal|p2a: Rotom-Wash|28\/304|[from] item: Leftovers
|turn|16
|
|move|p1a: Its a trap|Volt Switch|p2a: Rotom-Wash
|-damage|p2a: Rotom-Wash|0 fnt
|faint|p2a: Rotom-Wash
|
|switch|p1a: Go Go Mike|Latios, M|69\/301 par
|
|
|switch|p2a: Talonflame|Talonflame, F|360\/360
|-damage|p2a: Talonflame|180\/360|[from] Stealth Rock
|turn|17
|
|move|p2a: Talonflame|Brave Bird|p1a: Go Go Mike
|-damage|p1a: Go Go Mike|0 fnt
|-damage|p2a: Talonflame|157\/360|[from] recoil|[of] p1a: Go Go Mike
|faint|p1a: Go Go Mike
|
|-heal|p2a: Talonflame|179\/360|[from] item: Leftovers
|
|switch|p1a: Mr. Fancypants|Tyranitar, M|403\/403
|-weather|Sandstorm
|turn|18
|
|move|p2a: Talonflame|Will-O-Wisp|p1a: Mr. Fancypants
|-status|p1a: Mr. Fancypants|brn
|move|p1a: Mr. Fancypants|Ice Beam|p2a: Talonflame
|-crit|p2a: Talonflame
|-damage|p2a: Talonflame|91\/360
|
|-weather|Sandstorm|[upkeep]
|-damage|p2a: Talonflame|69\/360|[from] sandstorm
|-heal|p2a: Talonflame|91\/360|[from] item: Leftovers
|-damage|p1a: Mr. Fancypants|353\/403 brn|[from] brn
|turn|19
|
|switch|p1a: Damn Cute Bunny|Azumarill, F|401\/401
|move|p2a: Talonflame|Roost|p2a: Talonflame
|-heal|p2a: Talonflame|271\/360
|
|-weather|Sandstorm|[upkeep]
|-damage|p2a: Talonflame|249\/360|[from] sandstorm
|-damage|p1a: Damn Cute Bunny|376\/401|[from] sandstorm
|-heal|p2a: Talonflame|271\/360|[from] item: Leftovers
|turn|20
|
|switch|p2a: Landorus-Therian|Landorus-Therian, M|280\/320
|-damage|p2a: Landorus-Therian|240\/320|[from] Stealth Rock
|-ability|p2a: Landorus-Therian|Intimidate|[of] p1a: Damn Cute Bunny
|-unboost|p1a: Damn Cute Bunny|atk|1
|move|p1a: Damn Cute Bunny|Aqua Jet|p2a: Landorus-Therian
|-supereffective|p2a: Landorus-Therian
|-damage|p2a: Landorus-Therian|106\/320
|
|-weather|Sandstorm|[upkeep]
|-damage|p1a: Damn Cute Bunny|351\/401|[from] sandstorm
|turn|21
|
|move|p1a: Damn Cute Bunny|Aqua Jet|p2a: Landorus-Therian
|-supereffective|p2a: Landorus-Therian
|-damage|p2a: Landorus-Therian|0 fnt
|faint|p2a: Landorus-Therian
|
|-weather|Sandstorm|[upkeep]
|-damage|p1a: Damn Cute Bunny|326\/401|[from] sandstorm
|
|switch|p2a: Sableye|Sableye, F|304\/304
|-damage|p2a: Sableye|266\/304|[from] Stealth Rock
|turn|22
|
|switch|p1a: Its a trap|Magnezone|141\/281
|detailschange|p2a: Sableye|Sableye-Mega, F
|message|Sableye has Mega Evolved into Mega Sableye!
|move|p2a: Sableye|Will-O-Wisp|p1a: Its a trap
|-status|p1a: Its a trap|brn
|
|-weather|none
|-damage|p1a: Its a trap|106\/281 brn|[from] brn
|turn|23
|
|move|p1a: Its a trap|Thunderbolt|p2a: Sableye
|-damage|p2a: Sableye|134\/304
|move|p2a: Sableye|Recover|p2a: Sableye
|-heal|p2a: Sableye|286\/304
|
|-damage|p1a: Its a trap|71\/281 brn|[from] brn
|turn|24
|
|switch|p2a: Latios|Latios, M|302\/302
|-damage|p2a: Latios|265\/302|[from] Stealth Rock
|move|p1a: Its a trap|Thunderbolt|p2a: Latios
|-crit|p2a: Latios
|-resisted|p2a: Latios
|-damage|p2a: Latios|153\/302
|-status|p2a: Latios|par
|
|-damage|p1a: Its a trap|36\/281 brn|[from] brn
|turn|25
|
|switch|p1a: Metagross|Metagross|301\/301
|cant|p2a: Latios|par
|
|turn|26
|
|detailschange|p1a: Metagross|Metagross-Mega
|message|Metagross has Mega Evolved into Mega Metagross!
|move|p1a: Metagross|Ice Punch|p2a: Latios
|-supereffective|p2a: Latios
|-damage|p2a: Latios|0 fnt
|faint|p2a: Latios
|
|
|switch|p2a: Talonflame|Talonflame, F|271\/360
|-damage|p2a: Talonflame|91\/360|[from] Stealth Rock
|turn|27
|
|switch|p1a: Fluffy Paws|Landorus-Therian, M|90\/382
|-ability|p1a: Fluffy Paws|Intimidate|[of] p2a: Talonflame
|-unboost|p2a: Talonflame|atk|1
|move|p2a: Talonflame|Will-O-Wisp|p1a: Fluffy Paws
|-status|p1a: Fluffy Paws|brn
|
|-heal|p2a: Talonflame|113\/360|[from] item: Leftovers
|-damage|p1a: Fluffy Paws|43\/382 brn|[from] brn
|turn|28
|
|move|p2a: Talonflame|Roost|p2a: Talonflame
|-heal|p2a: Talonflame|293\/360
|move|p1a: Fluffy Paws|U-turn|p2a: Talonflame
|-resisted|p2a: Talonflame
|-damage|p2a: Talonflame|267\/360
|
|switch|p1a: Damn Cute Bunny|Azumarill, F|326\/401
|
|-heal|p2a: Talonflame|289\/360|[from] item: Leftovers
|turn|29
|
|move|p1a: Damn Cute Bunny|Aqua Jet|p2a: Talonflame
|-supereffective|p2a: Talonflame
|-damage|p2a: Talonflame|49\/360
|move|p2a: Talonflame|Will-O-Wisp|p1a: Damn Cute Bunny
|-status|p1a: Damn Cute Bunny|brn
|
|-heal|p2a: Talonflame|71\/360|[from] item: Leftovers
|-damage|p1a: Damn Cute Bunny|276\/401 brn|[from] brn
|turn|30
|
|move|p2a: Talonflame|Roost|p2a: Talonflame
|-heal|p2a: Talonflame|251\/360
|move|p1a: Damn Cute Bunny|Aqua Jet|p2a: Talonflame
|-supereffective|p2a: Talonflame
|-damage|p2a: Talonflame|135\/360
|
|-heal|p2a: Talonflame|157\/360|[from] item: Leftovers
|-damage|p1a: Damn Cute Bunny|226\/401 brn|[from] brn
|turn|31
|
|switch|p1a: Fluffy Paws|Landorus-Therian, M|43\/382 brn
|-ability|p1a: Fluffy Paws|Intimidate|[of] p2a: Talonflame
|-unboost|p2a: Talonflame|atk|1
|move|p2a: Talonflame|Roost|p2a: Talonflame
|-heal|p2a: Talonflame|337\/360
|
|-heal|p2a: Talonflame|359\/360|[from] item: Leftovers
|-damage|p1a: Fluffy Paws|0 fnt|[from] brn
|faint|p1a: Fluffy Paws
|
|switch|p1a: Its a trap|Magnezone|36\/281 brn
|turn|32
|
|move|p2a: Talonflame|Brave Bird|p1a: Its a trap
|-resisted|p1a: Its a trap
|-damage|p1a: Its a trap|24\/281 brn
|-damage|p2a: Talonflame|355\/360|[from] recoil|[of] p1a: Its a trap
|move|p1a: Its a trap|Thunderbolt|p2a: Talonflame
|-supereffective|p2a: Talonflame
|-damage|p2a: Talonflame|73\/360
|
|-heal|p2a: Talonflame|95\/360|[from] item: Leftovers
|-damage|p1a: Its a trap|0 fnt|[from] brn
|faint|p1a: Its a trap
|
|switch|p1a: Metagross|Metagross-Mega|301\/301
|turn|33
|
|move|p2a: Talonflame|Roost|p2a: Talonflame
|-heal|p2a: Talonflame|275\/360
|move|p1a: Metagross|Meteor Mash|p2a: Talonflame
|-crit|p2a: Talonflame
|-resisted|p2a: Talonflame
|-damage|p2a: Talonflame|26\/360
|
|-heal|p2a: Talonflame|48\/360|[from] item: Leftovers
|turn|34
|
|move|p2a: Talonflame|Roost|p2a: Talonflame
|-heal|p2a: Talonflame|228\/360
|move|p1a: Metagross|Ice Punch|p2a: Talonflame
|-resisted|p2a: Talonflame
|-damage|p2a: Talonflame|136\/360
|
|-heal|p2a: Talonflame|158\/360|[from] item: Leftovers
|turn|35
|
|move|p1a: Metagross|Earthquake|p2a: Talonflame
|-immune|p2a: Talonflame|[msg]
|move|p2a: Talonflame|Will-O-Wisp|p1a: Metagross
|-status|p1a: Metagross|brn
|
|-heal|p2a: Talonflame|180\/360|[from] item: Leftovers
|-damage|p1a: Metagross|264\/301 brn|[from] brn
|turn|36
|
|move|p1a: Metagross|Earthquake|p2a: Talonflame
|-immune|p2a: Talonflame|[msg]
|move|p2a: Talonflame|Flare Blitz|p1a: Metagross
|-supereffective|p1a: Metagross
|-damage|p1a: Metagross|172\/301 brn
|-damage|p2a: Talonflame|150\/360|[from] recoil|[of] p1a: Metagross
|
|-heal|p2a: Talonflame|172\/360|[from] item: Leftovers
|-damage|p1a: Metagross|135\/301 brn|[from] brn
|turn|37
|
|move|p2a: Talonflame|Roost|p2a: Talonflame
|-heal|p2a: Talonflame|352\/360
|move|p1a: Metagross|Meteor Mash|p2a: Talonflame
|-resisted|p2a: Talonflame
|-damage|p2a: Talonflame|277\/360
|
|-heal|p2a: Talonflame|299\/360|[from] item: Leftovers
|-damage|p1a: Metagross|98\/301 brn|[from] brn
|turn|38
|-message|Apedingo forfeited.
|
|win|1030maddjustin
|raw|Ladder updating...
|leave|Apedingo
|player|p1
|raw|Apedingo's rating: 1608 &rarr; <strong>1582<\/strong><br \/>(-26 for losing)
|raw|1030maddjustin's rating: 1492 &rarr; <strong>1518<\/strong><br \/>(+26 for winning)