|join|Apedingo
|join|NagariHO
|player|p1|Apedingo|242
|player|p2|NagariHO|192
|gametype|singles
|gen|6
|tier|OU
|rated
|clearpoke
|poke|p1|Landorus-Therian, M
|poke|p1|Metagross
|poke|p1|Azumarill, F
|poke|p1|Latios, M
|poke|p1|Tyranitar, M
|poke|p1|Magnezone
|poke|p2|Serperior, F, shiny
|poke|p2|Rhyperior, M, shiny
|poke|p2|Keldeo-Resolute
|poke|p2|Charizard, F
|poke|p2|Togekiss, F
|poke|p2|Jirachi
|rule|Swagger Clause: Swagger is banned
|rule|Baton Pass Clause: Limit one PokÃ©mon knowing Baton Pass
|rule|Sleep Clause Mod: Limit one foe put to sleep
|rule|Species Clause: Limit one of each PokÃ©mon
|rule|OHKO Clause: OHKO moves are banned
|rule|Moody Clause: Moody is banned
|rule|Evasion Moves Clause: Evasion moves are banned
|rule|Endless Battle Clause: Forcing endless battles is banned
|rule|HP Percentage Mod: HP is shown in percentages
|teampreview
|c|âNagariHO|hey apedingo
|c|âNagariHO|i need to win this
|c|âNagariHO|to get in the 1700s
|
|start
|switch|p1a: Its a trap|Magnezone|281\/281
|switch|p2a: Keldi|Keldeo-Resolute|323\/323
|turn|1
|c|âApedingo|i need this to stay in the 1700
|c|âNagariHO|lol
|
|switch|p1a: Go Go Mike|Latios, M|301\/301
|move|p2a: Keldi|Secret Sword|p1a: Go Go Mike
|-resisted|p1a: Go Go Mike
|-damage|p1a: Go Go Mike|209\/301
|
|turn|2
|c|âNagariHO|1704 i c u
|
|switch|p2a: Rachi|Jirachi|404\/404
|move|p1a: Go Go Mike|Trick|p2a: Rachi
|-activate|p1a: Go Go Mike|move: Trick|[of] p2a: Rachi
|-item|p2a: Rachi|Choice Specs|[from] move: Trick
|-item|p1a: Go Go Mike|Leftovers|[from] move: Trick
|
|-heal|p1a: Go Go Mike|227\/301|[from] item: Leftovers
|turn|3
|c|âNagariHO|cmon man
|
|switch|p1a: Its a trap|Magnezone|281\/281
|move|p2a: Rachi|U-turn|p1a: Its a trap
|-resisted|p1a: Its a trap
|-damage|p1a: Its a trap|259\/281
|
|switch|p2a: Zard X|Charizard, F|315\/315
|
|turn|4
|
|detailschange|p2a: Zard X|Charizard-Mega-X, F
|-mega|p2a: Zard X|Charizard|Charizardite X
|move|p1a: Its a trap|Volt Switch|p2a: Zard X
|-resisted|p2a: Zard X
|-damage|p2a: Zard X|246\/315
|c|âNagariHO|hmmmm
|
|switch|p1a: Fluffy Paws|Landorus-Therian, M|382\/382
|-ability|p1a: Fluffy Paws|Intimidate|[of] p2a: Zard X
|-unboost|p2a: Zard X|atk|1
|move|p2a: Zard X|Flare Blitz|p1a: Fluffy Paws
|-damage|p1a: Fluffy Paws|226\/382
|-status|p1a: Fluffy Paws|brn
|-damage|p2a: Zard X|195\/315|[from] recoil|[of] p1a: Fluffy Paws
|
|-heal|p1a: Fluffy Paws|249\/382 brn|[from] item: Leftovers
|-damage|p1a: Fluffy Paws|202\/382 brn|[from] brn
|turn|5
|c|âNagariHO|you coudl've volt siwtch on the keldeo
|c|âNagariHO|oml
|
|switch|p2a: Rachi|Jirachi|404\/404
|move|p1a: Fluffy Paws|Stealth Rock|p2a: Rachi
|-sidestart|p2: NagariHO|move: Stealth Rock
|
|-heal|p1a: Fluffy Paws|225\/382 brn|[from] item: Leftovers
|-damage|p1a: Fluffy Paws|178\/382 brn|[from] brn
|turn|6
|c|âApedingo|ok so ure specs
|
|move|p2a: Rachi|Stealth Rock|p1a: Fluffy Paws
|-sidestart|p1: Apedingo|move: Stealth Rock
|move|p1a: Fluffy Paws|U-turn|p2a: Rachi
|-damage|p2a: Rachi|363\/404
|c|âNagariHO|oh!
|
|switch|p1a: Its a trap|Magnezone|259\/281
|-damage|p1a: Its a trap|242\/281|[from] Stealth Rock
|
|turn|7
|c|âNagariHO|wait
|c|âNagariHO|ppl run scarf?
|c|âApedingo|sure not as often as specs but some do
|
|move|p1a: Its a trap|Thunderbolt|p2a: Rachi
|-damage|p2a: Rachi|252\/404
|-status|p2a: Rachi|par
|move|p2a: Rachi|Stealth Rock|p1a: Its a trap
|-fail|p1a: Its a trap
|
|turn|8
|c|âNagariHO|shit that's a good idea
|c|âNagariHO|but man
|
|move|p1a: Its a trap|Thunderbolt|p2a: Rachi
|-damage|p2a: Rachi|143\/404 par
|move|p2a: Rachi|Stealth Rock|p1a: Its a trap
|-fail|p1a: Its a trap
|
|turn|9
|c|âNagariHO|the moment you tricked
|c|âNagariHO|you killed rachi
|c|âApedingo|yep
|
|move|p1a: Its a trap|Thunderbolt|p2a: Rachi
|-damage|p2a: Rachi|23\/404 par
|move|p2a: Rachi|Stealth Rock|p1a: Its a trap
|-fail|p1a: Its a trap
|
|turn|10
|c|âNagariHO|:(
|
|move|p1a: Its a trap|Thunderbolt|p2a: Rachi
|-damage|p2a: Rachi|0 fnt
|faint|p2a: Rachi
|
|
|switch|p2a: Superior Rhyp|Rhyperior, M, shiny|434\/434
|-damage|p2a: Superior Rhyp|407\/434|[from] Stealth Rock
|turn|11
|c|âNagariHO|RHYP
|c|âNagariHO|GIT EM
|
|switch|p1a: Fluffy Paws|Landorus-Therian, M|178\/382 brn
|-damage|p1a: Fluffy Paws|131\/382 brn|[from] Stealth Rock
|-ability|p1a: Fluffy Paws|Intimidate|[of] p2a: Superior Rhyp
|-unboost|p2a: Superior Rhyp|atk|1
|move|p2a: Superior Rhyp|Ice Punch|p1a: Fluffy Paws
|-supereffective|p1a: Fluffy Paws
|-damage|p1a: Fluffy Paws|0 fnt
|faint|p1a: Fluffy Paws
|
|-heal|p2a: Superior Rhyp|434\/434|[from] item: Leftovers
|c|âNagariHO|AAAHHH
|
|switch|p1a: Go Go Mike|Latios, M|227\/301
|-damage|p1a: Go Go Mike|190\/301|[from] Stealth Rock
|turn|12
|c|âNagariHO|fuck lando
|c|âNagariHO|lol
|c|âNagariHO|plz don't defog
|
|move|p1a: Go Go Mike|Surf|p2a: Superior Rhyp
|-supereffective|p2a: Superior Rhyp
|-damage|p2a: Superior Rhyp|0 fnt
|faint|p2a: Superior Rhyp
|
|-heal|p1a: Go Go Mike|208\/301|[from] item: Leftovers
|c|âNagariHO|FUCK!!!
|c|âApedingo|i think i profit more from the rocks than u do
|c|âNagariHO|i thought you only had draco
|
|switch|p2a: Togekiss|Togekiss, F|374\/374
|-damage|p2a: Togekiss|281\/374|[from] Stealth Rock
|turn|13
|
|switch|p1a: Its a trap|Magnezone|242\/281
|-damage|p1a: Its a trap|225\/281|[from] Stealth Rock
|switch|p2a: Keldi|Keldeo-Resolute|323\/323
|-damage|p2a: Keldi|303\/323|[from] Stealth Rock
|
|turn|14
|
|move|p2a: Keldi|Secret Sword|p1a: Its a trap
|-supereffective|p1a: Its a trap
|-damage|p1a: Its a trap|0 fnt
|faint|p1a: Its a trap
|
|c|âNagariHO|YES!
|c|âApedingo|lolz good trick....
|c|âNagariHO|;)
|
|switch|p1a: Go Go Mike|Latios, M|208\/301
|-damage|p1a: Go Go Mike|171\/301|[from] Stealth Rock
|turn|15
|c|âApedingo|well now choose your offer
|c|âNagariHO|LOL
|
|switch|p2a: Togekiss|Togekiss, F|281\/374
|-damage|p2a: Togekiss|188\/374|[from] Stealth Rock
|move|p1a: Go Go Mike|Psyshock|p2a: Togekiss
|-crit|p2a: Togekiss
|-damage|p2a: Togekiss|0 fnt
|faint|p2a: Togekiss
|
|-heal|p1a: Go Go Mike|189\/301|[from] item: Leftovers
|c|âNagariHO|plz spare me
|c|âNagariHO|damn it
|c|âNagariHO|you dont have defog
|c|âApedingo|u have seen im specs......
|c|âNagariHO|i know
|c|âNagariHO|some ppl run scarf defog
|c|âNagariHO|you never know
|c|âApedingo|thats stupid
|c|âNagariHO|i shit u not
|
|switch|p2a: Keldi|Keldeo-Resolute|303\/323
|-damage|p2a: Keldi|283\/323|[from] Stealth Rock
|turn|16
|c|âNagariHO|i don't tho
|
|switch|p1a: Damn Cute Bunny|Azumarill, F|401\/401
|-damage|p1a: Damn Cute Bunny|351\/401|[from] Stealth Rock
|move|p2a: Keldi|Hydro Pump|p1a: Damn Cute Bunny|[miss]
|-miss|p2a: Keldi|p1a: Damn Cute Bunny
|
|turn|17
|c|âNagariHO|ffs
|
|move|p2a: Keldi|Hydro Pump|p1a: Damn Cute Bunny
|-resisted|p1a: Damn Cute Bunny
|-damage|p1a: Damn Cute Bunny|270\/401
|move|p1a: Damn Cute Bunny|Play Rough|p2a: Keldi
|-supereffective|p2a: Keldi
|-damage|p2a: Keldi|0 fnt
|faint|p2a: Keldi
|
|c|âNagariHO|aight
|c|âNagariHO|serperior
|c|âNagariHO|it's ur game buddy
|
|switch|p2a: Superior Serp|Serperior, F, shiny|292\/292
|-damage|p2a: Superior Serp|256\/292|[from] Stealth Rock
|turn|18
|c|âNagariHO|dont miss
|
|move|p1a: Damn Cute Bunny|Aqua Jet|p2a: Superior Serp
|-resisted|p2a: Superior Serp
|-damage|p2a: Superior Serp|214\/292
|move|p2a: Superior Serp|Leaf Storm|p1a: Damn Cute Bunny
|-supereffective|p1a: Damn Cute Bunny
|-damage|p1a: Damn Cute Bunny|0 fnt
|-boost|p2a: Superior Serp|spa|2
|faint|p1a: Damn Cute Bunny
|
|c|âNagariHO|aight
|
|switch|p1a: Mr. Fancypants|Tyranitar, M|403\/403
|-damage|p1a: Mr. Fancypants|353\/403|[from] Stealth Rock
|-weather|Sandstorm
|turn|19
|c|âNagariHO|now crit the ttar
|
|move|p2a: Superior Serp|Leaf Storm|p1a: Mr. Fancypants
|-supereffective|p1a: Mr. Fancypants
|-damage|p1a: Mr. Fancypants|101\/403
|-boost|p2a: Superior Serp|spa|2
|move|p1a: Mr. Fancypants|Ice Beam|p2a: Superior Serp
|-supereffective|p2a: Superior Serp
|-damage|p2a: Superior Serp|70\/292
|
|-weather|Sandstorm|[upkeep]
|-damage|p2a: Superior Serp|52\/292|[from] sandstorm
|turn|20
|c|âNagariHO|BAWLK!
|c|âNagariHO|can i cry if i miss this?
|c|âApedingo|why would u miss
|
|move|p2a: Superior Serp|Leaf Storm|p1a: Mr. Fancypants
|-supereffective|p1a: Mr. Fancypants
|-damage|p1a: Mr. Fancypants|0 fnt
|-boost|p2a: Superior Serp|spa|2
|faint|p1a: Mr. Fancypants
|
|-weather|Sandstorm|[upkeep]
|-damage|p2a: Superior Serp|34\/292|[from] sandstorm
|c|âNagariHO|thx god
|
|switch|p1a: AWESOM-O 4000|Metagross|301\/301
|-damage|p1a: AWESOM-O 4000|283\/301|[from] Stealth Rock
|turn|21
|c|âApedingo|i needed 1 more turn for storm to kill
|
|detailschange|p1a: AWESOM-O 4000|Metagross-Mega
|-mega|p1a: AWESOM-O 4000|Metagross|Metagrossite
|move|p2a: Superior Serp|Hidden Power|p1a: AWESOM-O 4000
|-supereffective|p1a: AWESOM-O 4000
|-damage|p1a: AWESOM-O 4000|0 fnt
|faint|p1a: AWESOM-O 4000
|
|-weather|Sandstorm|[upkeep]
|-damage|p2a: Superior Serp|16\/292|[from] sandstorm
|c|âNagariHO|if u doubled there
|c|âNagariHO|i wud've cried
|
|switch|p1a: Go Go Mike|Latios, M|189\/301
|-damage|p1a: Go Go Mike|152\/301|[from] Stealth Rock
|turn|22
|c|âNagariHO|i REALLY considered dragon pulse
|
|move|p2a: Superior Serp|Dragon Pulse|p1a: Go Go Mike
|-supereffective|p1a: Go Go Mike
|-damage|p1a: Go Go Mike|0 fnt
|faint|p1a: Go Go Mike
|
|win|NagariHO
|raw|Ladder updating...
|raw|Apedingo's rating: 1704 &rarr; <strong>1683<\/strong><br \/>(-21 for losing)
|raw|NagariHO's rating: 1696 &rarr; <strong>1717<\/strong><br \/>(+21 for winning)
|c|âNagariHO|gg BP on Gross cud save you trouble imo
|c|âApedingo|BP?
|c|âNagariHO|Bullet Punch
|c|âApedingo|oh no that only works on this occasion
|leave|Apedingo
|player|p1