|join|UrNemesis357
|join|apedingo
|player|p1|UrNemesis357|213
|player|p2|apedingo|242
|gametype|singles
|gen|6
|tier|OU
|rated
|clearpoke
|poke|p1|Tornadus-Therian, M
|poke|p1|Metagross
|poke|p1|Keldeo
|poke|p1|Landorus-Therian, M
|poke|p1|Rotom-Wash
|poke|p1|Clefable, M
|poke|p2|Landorus-Therian, M
|poke|p2|Metagross
|poke|p2|Azumarill, F
|poke|p2|Latios, M
|poke|p2|Tyranitar, M
|poke|p2|Magnezone
|rule|Swagger Clause: Swagger is banned
|rule|Baton Pass Clause: Limit one PokÃ©mon knowing Baton Pass
|rule|Sleep Clause Mod: Limit one foe put to sleep
|rule|Species Clause: Limit one of each PokÃ©mon
|rule|OHKO Clause: OHKO moves are banned
|rule|Moody Clause: Moody is banned
|rule|Evasion Moves Clause: Evasion moves are banned
|rule|Endless Battle Clause: Forcing endless battles is banned
|rule|HP Percentage Mod: HP is shown in percentages
|teampreview
|
|start
|switch|p1a: Tony|Landorus-Therian, M|367\/367
|switch|p2a: Go Go Mike|Latios, M|301\/301
|-ability|p1a: Tony|Intimidate|[of] p2a: Go Go Mike
|-unboost|p2a: Go Go Mike|atk|1
|turn|1
|
|switch|p2a: Fluffy Paws|Landorus-Therian, M|382\/382
|-ability|p2a: Fluffy Paws|Intimidate|[of] p1a: Tony
|-unboost|p1a: Tony|atk|1
|switch|p1a: Jono|Metagross|301\/301
|
|turn|2
|
|switch|p1a: Tony|Landorus-Therian, M|367\/367
|-ability|p1a: Tony|Intimidate|[of] p2a: Fluffy Paws
|-unboost|p2a: Fluffy Paws|atk|1
|switch|p2a: Its a trap|Magnezone|281\/281
|
|turn|3
|
|switch|p2a: Fluffy Paws|Landorus-Therian, M|382\/382
|-ability|p2a: Fluffy Paws|Intimidate|[of] p1a: Tony
|-unboost|p1a: Tony|atk|1
|move|p1a: Tony|Stealth Rock|p2a: Fluffy Paws
|-sidestart|p2: apedingo|move: Stealth Rock
|
|turn|4
|
|move|p1a: Tony|U-turn|p2a: Fluffy Paws
|-resisted|p2a: Fluffy Paws
|-damage|p2a: Fluffy Paws|361\/382
|
|switch|p1a: Paavo|Keldeo|323\/323
|move|p2a: Fluffy Paws|Stealth Rock|p1a: Paavo
|-sidestart|p1: UrNemesis357|move: Stealth Rock
|
|-heal|p2a: Fluffy Paws|382\/382|[from] item: Leftovers
|turn|5
|
|switch|p2a: Damn Cute Bunny|Azumarill, F|401\/401
|-damage|p2a: Damn Cute Bunny|351\/401|[from] Stealth Rock
|move|p1a: Paavo|Scald|p2a: Damn Cute Bunny
|-resisted|p2a: Damn Cute Bunny
|-damage|p2a: Damn Cute Bunny|297\/401
|
|turn|6
|
|switch|p1a: Jono|Metagross|301\/301
|-damage|p1a: Jono|283\/301|[from] Stealth Rock
|move|p2a: Damn Cute Bunny|Knock Off|p1a: Jono
|-supereffective|p1a: Jono
|-damage|p1a: Jono|143\/301
|
|turn|7
|
|switch|p2a: Its a trap|Magnezone|281\/281
|-damage|p2a: Its a trap|264\/281|[from] Stealth Rock
|detailschange|p1a: Jono|Metagross-Mega
|-mega|p1a: Jono|Metagross|Metagrossite
|move|p1a: Jono|Hammer Arm|p2a: Its a trap
|-supereffective|p2a: Its a trap
|-damage|p2a: Its a trap|0 fnt
|-unboost|p1a: Jono|spe|1
|faint|p2a: Its a trap
|
|c|âUrNemesis357|gotem
|
|switch|p2a: AWESOM-O 4000|Metagross|301\/301
|-damage|p2a: AWESOM-O 4000|283\/301|[from] Stealth Rock
|turn|8
|
|switch|p1a: Tony|Landorus-Therian, M|367\/367
|-damage|p1a: Tony|322\/367|[from] Stealth Rock
|-ability|p1a: Tony|Intimidate|[of] p2a: AWESOM-O 4000
|-fail|p2a: AWESOM-O 4000|unboost|[from] ability: Clear Body|[of] p2a: AWESOM-O 4000
|detailschange|p2a: AWESOM-O 4000|Metagross-Mega
|-mega|p2a: AWESOM-O 4000|Metagross|Metagrossite
|move|p2a: AWESOM-O 4000|Earthquake|p1a: Tony
|-immune|p1a: Tony|[msg]
|
|-heal|p1a: Tony|344\/367|[from] item: Leftovers
|turn|9
|
|switch|p2a: Fluffy Paws|Landorus-Therian, M|382\/382
|-damage|p2a: Fluffy Paws|335\/382|[from] Stealth Rock
|-ability|p2a: Fluffy Paws|Intimidate|[of] p1a: Tony
|-unboost|p1a: Tony|atk|1
|move|p1a: Tony|U-turn|p2a: Fluffy Paws
|-resisted|p2a: Fluffy Paws
|-damage|p2a: Fluffy Paws|317\/382
|c|âUrNemesis357|one sec
|c|âUrNemesis357|calcing
|c|âapedingo|calcing what?
|
|switch|p1a: Paavo|Keldeo|323\/323
|-damage|p1a: Paavo|303\/323|[from] Stealth Rock
|
|-heal|p1a: Paavo|323\/323|[from] item: Leftovers
|-heal|p2a: Fluffy Paws|340\/382|[from] item: Leftovers
|turn|10
|
|switch|p2a: Go Go Mike|Latios, M|301\/301
|-damage|p2a: Go Go Mike|264\/301|[from] Stealth Rock
|move|p1a: Paavo|Scald|p2a: Go Go Mike
|-resisted|p2a: Go Go Mike
|-damage|p2a: Go Go Mike|195\/301
|-status|p2a: Go Go Mike|brn
|
|-damage|p2a: Go Go Mike|158\/301 brn|[from] brn
|turn|11
|c|âUrNemesis357|okay i was calcing
|c|âUrNemesis357|knock off on lati
|c|âUrNemesis357|from torn
|
|switch|p1a: Albert|Clefable, M|394\/394
|move|p2a: Go Go Mike|Surf|p1a: Albert
|-damage|p1a: Albert|245\/394
|
|-heal|p1a: Albert|269\/394|[from] item: Leftovers
|-damage|p2a: Go Go Mike|121\/301 brn|[from] brn
|turn|12
|c|âapedingo|why?
|c|âUrNemesis357|i wanted to see how much i needed lati at
|c|âUrNemesis357|to kill
|
|switch|p2a: AWESOM-O 4000|Metagross-Mega|283\/301
|-damage|p2a: AWESOM-O 4000|265\/301|[from] Stealth Rock
|move|p1a: Albert|Thunder Wave|p2a: AWESOM-O 4000
|-status|p2a: AWESOM-O 4000|par
|
|-heal|p1a: Albert|293\/394|[from] item: Leftovers
|turn|13
|c|âUrNemesis357|why surf lati
|c|âUrNemesis357|i assume scard
|c|âUrNemesis357|scarf
|
|switch|p1a: Tony|Landorus-Therian, M|344\/367
|-damage|p1a: Tony|299\/367|[from] Stealth Rock
|-ability|p1a: Tony|Intimidate|[of] p2a: AWESOM-O 4000
|-unboost|p2a: AWESOM-O 4000|atk|1
|move|p2a: AWESOM-O 4000|Meteor Mash|p1a: Tony
|-damage|p1a: Tony|172\/367
|
|-heal|p1a: Tony|194\/367|[from] item: Leftovers
|turn|14
|c|âapedingo|surf is a normal move on latios
|
|move|p1a: Tony|U-turn|p2a: AWESOM-O 4000
|-damage|p2a: AWESOM-O 4000|205\/301 par
|c|âUrNemesis357|yes
|c|âUrNemesis357|but in the current meta
|c|âUrNemesis357|is it really viable
|c|âUrNemesis357|defog trick psyshock draco
|c|âUrNemesis357|is really amazing
|
|switch|p1a: Kyau|Rotom-Wash|304\/304
|-damage|p1a: Kyau|266\/304|[from] Stealth Rock
|move|p2a: AWESOM-O 4000|Meteor Mash|p1a: Kyau
|-resisted|p1a: Kyau
|-damage|p1a: Kyau|240\/304
|
|-heal|p1a: Kyau|259\/304|[from] item: Leftovers
|turn|15
|
|switch|p2a: Mr. Fancypants|Tyranitar, M|403\/403
|-damage|p2a: Mr. Fancypants|353\/403|[from] Stealth Rock
|-weather|Sandstorm
|move|p1a: Kyau|Hydro Pump|p2a: Mr. Fancypants|[miss]
|-miss|p1a: Kyau|p2a: Mr. Fancypants
|
|-weather|Sandstorm|[upkeep]
|-damage|p1a: Kyau|240\/304|[from] sandstorm
|-heal|p1a: Kyau|259\/304|[from] item: Leftovers
|turn|16
|c|âapedingo|i find defog a little overrated. in my case not usefull cause my team is not weak to sr
|
|move|p1a: Kyau|Will-O-Wisp|p2a: Mr. Fancypants
|-status|p2a: Mr. Fancypants|brn
|move|p2a: Mr. Fancypants|Crunch|p1a: Kyau
|-damage|p1a: Kyau|214\/304
|
|-weather|Sandstorm|[upkeep]
|-damage|p1a: Kyau|195\/304|[from] sandstorm
|-heal|p1a: Kyau|214\/304|[from] item: Leftovers
|-damage|p2a: Mr. Fancypants|303\/403 brn|[from] brn
|turn|17
|c|âUrNemesis357|well you'er very weak to spikes stack
|
|move|p1a: Kyau|Volt Switch|p2a: Mr. Fancypants
|-damage|p2a: Mr. Fancypants|276\/403 brn
|
|switch|p1a: Paavo|Keldeo|323\/323
|-damage|p1a: Paavo|303\/323|[from] Stealth Rock
|move|p2a: Mr. Fancypants|Crunch|p1a: Paavo
|-resisted|p1a: Paavo
|-damage|p1a: Paavo|267\/323
|-boost|p1a: Paavo|atk|1|[from] ability: Justified
|
|-weather|Sandstorm|[upkeep]
|-damage|p1a: Paavo|247\/323|[from] sandstorm
|-heal|p1a: Paavo|267\/323|[from] item: Leftovers
|-damage|p2a: Mr. Fancypants|226\/403 brn|[from] brn
|turn|18
|c|âapedingo|but there arent that many players that stack spikes
|
|move|p1a: Paavo|Substitute|p1a: Paavo
|-start|p1a: Paavo|Substitute
|-damage|p1a: Paavo|187\/323
|move|p2a: Mr. Fancypants|Superpower|p1a: Paavo
|-activate|p1a: Paavo|Substitute|[damage]
|-unboost|p2a: Mr. Fancypants|atk|1
|-unboost|p2a: Mr. Fancypants|def|1
|
|-weather|Sandstorm|[upkeep]
|-damage|p1a: Paavo|167\/323|[from] sandstorm
|-heal|p1a: Paavo|187\/323|[from] item: Leftovers
|-damage|p2a: Mr. Fancypants|176\/403 brn|[from] brn
|turn|19
|
|move|p1a: Paavo|Calm Mind|p1a: Paavo
|-boost|p1a: Paavo|spa|1
|-boost|p1a: Paavo|spd|1
|move|p2a: Mr. Fancypants|Superpower|p1a: Paavo
|-end|p1a: Paavo|Substitute
|-unboost|p2a: Mr. Fancypants|atk|1
|-unboost|p2a: Mr. Fancypants|def|1
|
|-weather|none
|-heal|p1a: Paavo|207\/323|[from] item: Leftovers
|-damage|p2a: Mr. Fancypants|126\/403 brn|[from] brn
|turn|20
|
|switch|p2a: Damn Cute Bunny|Azumarill, F|297\/401
|-damage|p2a: Damn Cute Bunny|247\/401|[from] Stealth Rock
|move|p1a: Paavo|Substitute|p1a: Paavo
|-start|p1a: Paavo|Substitute
|-damage|p1a: Paavo|127\/323
|
|-heal|p1a: Paavo|147\/323|[from] item: Leftovers
|turn|21
|
|move|p1a: Paavo|Secret Sword|p2a: Damn Cute Bunny
|-resisted|p2a: Damn Cute Bunny
|-damage|p2a: Damn Cute Bunny|115\/401
|move|p2a: Damn Cute Bunny|Play Rough|p1a: Paavo
|-supereffective|p1a: Paavo
|-end|p1a: Paavo|Substitute
|
|-heal|p1a: Paavo|167\/323|[from] item: Leftovers
|turn|22
|-message|apedingo forfeited.
|leave|apedingo
|
|win|UrNemesis357
|raw|Ladder updating...
|player|p2
|raw|UrNemesis357's rating: 1614 &rarr; <strong>1632<\/strong><br \/>(+18 for winning)
|raw|apedingo's rating: 1586 &rarr; <strong>1567<\/strong><br \/>(-19 for losing)