|join|jolly togekiss
|join|Apedingo
|player|p1|jolly togekiss|170
|player|p2|Apedingo|242
|gametype|singles
|gen|6
|tier|OU
|rated
|clearpoke
|poke|p1|Klefki, M
|poke|p1|Azumarill, M
|poke|p1|Gallade, M
|poke|p1|Scizor, F
|poke|p1|Talonflame, F
|poke|p1|Latios, M
|poke|p2|Landorus-Therian, M
|poke|p2|Metagross
|poke|p2|Azumarill, F
|poke|p2|Latios, M
|poke|p2|Tyranitar, M
|poke|p2|Magnezone
|rule|Swagger Clause: Swagger is banned
|rule|Baton Pass Clause: Limit one PokÃ©mon knowing Baton Pass
|rule|Sleep Clause Mod: Limit one foe put to sleep
|rule|Species Clause: Limit one of each PokÃ©mon
|rule|OHKO Clause: OHKO moves are banned
|rule|Moody Clause: Moody is banned
|rule|Evasion Moves Clause: Evasion moves are banned
|rule|Endless Battle Clause: Forcing endless battles is banned
|rule|HP Percentage Mod: HP is shown in percentages
|teampreview
|
|start
|switch|p1a: Klefki|Klefki, M|317\/317
|switch|p2a: Its a trap|Magnezone|281\/281
|turn|1
|c|âjolly togekiss|i wnder if its a trap
|
|move|p1a: Klefki|Light Screen|p1a: Klefki
|-sidestart|p1: jolly togekiss|move: Light Screen
|move|p2a: Its a trap|Thunderbolt|p1a: Klefki
|-damage|p1a: Klefki|221\/317
|
|turn|2
|c|âApedingo|what makes you say that? :p
|c|âjolly togekiss|dont know just a hunch
|
|move|p1a: Klefki|Reflect|p1a: Klefki
|-sidestart|p1: jolly togekiss|Reflect
|move|p2a: Its a trap|Thunderbolt|p1a: Klefki
|-damage|p1a: Klefki|127\/317
|
|turn|3
|
|move|p1a: Klefki|Magic Coat|p1a: Klefki
|-singleturn|p1a: Klefki|move: Magic Coat
|move|p2a: Its a trap|Thunderbolt|p1a: Klefki
|-damage|p1a: Klefki|34\/317
|
|turn|4
|
|move|p1a: Klefki|Safeguard|p1a: Klefki
|-sidestart|p1: jolly togekiss|Safeguard
|move|p2a: Its a trap|Thunderbolt|p1a: Klefki
|-damage|p1a: Klefki|0 fnt
|faint|p1a: Klefki
|
|c|âjolly togekiss|lag
|
|switch|p1a: Gallade|Gallade, M|277\/277
|turn|5
|
|switch|p2a: Fluffy Paws|Landorus-Therian, M|382\/382
|-ability|p2a: Fluffy Paws|Intimidate|[of] p1a: Gallade
|-unboost|p1a: Gallade|atk|1
|detailschange|p1a: Gallade|Gallade-Mega, M
|-mega|p1a: Gallade|Gallade|Galladite
|move|p1a: Gallade|Swords Dance|p1a: Gallade
|-boost|p1a: Gallade|atk|2
|
|turn|6
|c|âjolly togekiss|princess fluffy
|
|switch|p2a: AWESOM-O 4000|Metagross|301\/301
|move|p1a: Gallade|Zen Headbutt|p2a: AWESOM-O 4000
|-resisted|p2a: AWESOM-O 4000
|-damage|p2a: AWESOM-O 4000|239\/301
|
|turn|7
|
|detailschange|p2a: AWESOM-O 4000|Metagross-Mega
|-mega|p2a: AWESOM-O 4000|Metagross|Metagrossite
|move|p1a: Gallade|Swords Dance|p1a: Gallade
|-boost|p1a: Gallade|atk|2
|move|p2a: AWESOM-O 4000|Meteor Mash|p1a: Gallade
|-damage|p1a: Gallade|148\/277
|
|turn|8
|
|switch|p2a: Fluffy Paws|Landorus-Therian, M|382\/382
|-ability|p2a: Fluffy Paws|Intimidate|[of] p1a: Gallade
|-unboost|p1a: Gallade|atk|1
|move|p1a: Gallade|Knock Off|p2a: Fluffy Paws
|-damage|p2a: Fluffy Paws|155\/382
|-enditem|p2a: Fluffy Paws|Leftovers|[from] move: Knock Off|[of] p1a: Gallade
|
|-sideend|p1: jolly togekiss|move: Light Screen
|-sideend|p1: jolly togekiss|Safeguard
|turn|9
|
|switch|p2a: Its a trap|Magnezone|281\/281
|move|p1a: Gallade|Zen Headbutt|p2a: Its a trap
|-resisted|p2a: Its a trap
|-damage|p2a: Its a trap|119\/281
|
|-sideend|p1: jolly togekiss|Reflect
|turn|10
|
|move|p2a: Its a trap|Volt Switch|p1a: Gallade
|-damage|p1a: Gallade|45\/277
|
|switch|p2a: AWESOM-O 4000|Metagross-Mega|239\/301
|move|p1a: Gallade|Drain Punch|p2a: AWESOM-O 4000
|-damage|p2a: AWESOM-O 4000|0 fnt
|-heal|p1a: Gallade|165\/277|[from] drain|[of] p2a: AWESOM-O 4000
|faint|p2a: AWESOM-O 4000
|
|
|switch|p2a: Its a trap|Magnezone|119\/281
|turn|11
|
|move|p2a: Its a trap|Volt Switch|p1a: Gallade
|-damage|p1a: Gallade|54\/277
|
|switch|p2a: Fluffy Paws|Landorus-Therian, M|155\/382
|-ability|p2a: Fluffy Paws|Intimidate|[of] p1a: Gallade
|-unboost|p1a: Gallade|atk|1
|move|p1a: Gallade|Drain Punch|p2a: Fluffy Paws
|-resisted|p2a: Fluffy Paws
|-damage|p2a: Fluffy Paws|60\/382
|-heal|p1a: Gallade|102\/277|[from] drain|[of] p2a: Fluffy Paws
|
|turn|12
|
|move|p1a: Gallade|Knock Off|p2a: Fluffy Paws
|-damage|p2a: Fluffy Paws|0 fnt
|faint|p2a: Fluffy Paws
|
|
|switch|p2a: Its a trap|Magnezone|119\/281
|turn|13
|
|move|p2a: Its a trap|Thunderbolt|p1a: Gallade
|-damage|p1a: Gallade|0 fnt
|faint|p1a: Gallade
|
|
|switch|p1a: Latios|Latios, M|302\/302
|turn|14
|
|switch|p2a: Go Go Mike|Latios, M|301\/301
|switch|p1a: Scizor|Scizor, F|344\/344
|
|turn|15
|
|move|p2a: Go Go Mike|Surf|p1a: Scizor
|-damage|p1a: Scizor|151\/344
|move|p1a: Scizor|U-turn|p2a: Go Go Mike
|-supereffective|p2a: Go Go Mike
|-damage|p2a: Go Go Mike|0 fnt
|faint|p2a: Go Go Mike
|
|switch|p1a: Latios|Latios, M|302\/302
|
|
|switch|p2a: Mr. Fancypants|Tyranitar, M|403\/403
|-weather|Sandstorm
|turn|16
|
|move|p1a: Latios|Surf|p2a: Mr. Fancypants
|-supereffective|p2a: Mr. Fancypants
|-damage|p2a: Mr. Fancypants|307\/403
|-damage|p1a: Latios|272\/302|[from] item: Life Orb
|move|p2a: Mr. Fancypants|Pursuit|p1a: Latios
|-supereffective|p1a: Latios
|-damage|p1a: Latios|116\/302
|
|-weather|Sandstorm|[upkeep]
|-damage|p1a: Latios|98\/302|[from] sandstorm
|turn|17
|
|move|p1a: Latios|Surf|p2a: Mr. Fancypants
|-supereffective|p2a: Mr. Fancypants
|-damage|p2a: Mr. Fancypants|219\/403
|-damage|p1a: Latios|68\/302|[from] item: Life Orb
|move|p2a: Mr. Fancypants|Pursuit|p1a: Latios
|-supereffective|p1a: Latios
|-damage|p1a: Latios|0 fnt
|faint|p1a: Latios
|
|-weather|Sandstorm|[upkeep]
|
|switch|p1a: Scizor|Scizor, F|151\/344
|turn|18
|
|switch|p2a: Damn Cute Bunny|Azumarill, F|401\/401
|move|p1a: Scizor|U-turn|p2a: Damn Cute Bunny
|-resisted|p2a: Damn Cute Bunny
|-damage|p2a: Damn Cute Bunny|281\/401
|
|switch|p1a: Azumarill|Azumarill, M|404\/404
|
|-weather|Sandstorm|[upkeep]
|-damage|p2a: Damn Cute Bunny|256\/401|[from] sandstorm
|-damage|p1a: Azumarill|379\/404|[from] sandstorm
|turn|19
|
|move|p2a: Damn Cute Bunny|Play Rough|p1a: Azumarill
|-damage|p1a: Azumarill|148\/404
|-enditem|p1a: Azumarill|Sitrus Berry|[eat]
|-heal|p1a: Azumarill|249\/404|[from] item: Sitrus Berry
|move|p1a: Azumarill|Play Rough|p2a: Damn Cute Bunny
|-damage|p2a: Damn Cute Bunny|25\/401
|
|-weather|Sandstorm|[upkeep]
|-damage|p1a: Azumarill|224\/404|[from] sandstorm
|-damage|p2a: Damn Cute Bunny|0 fnt|[from] sandstorm
|faint|p2a: Damn Cute Bunny
|
|switch|p2a: Its a trap|Magnezone|119\/281
|turn|20
|
|switch|p1a: Scizor|Scizor, F|151\/344
|move|p2a: Its a trap|Volt Switch|p1a: Scizor
|-damage|p1a: Scizor|0 fnt
|faint|p1a: Scizor
|
|switch|p2a: Mr. Fancypants|Tyranitar, M|219\/403
|
|-weather|none
|
|switch|p1a: Azumarill|Azumarill, M|224\/404
|turn|21
|
|move|p1a: Azumarill|Aqua Jet|p2a: Mr. Fancypants
|-supereffective|p2a: Mr. Fancypants
|-damage|p2a: Mr. Fancypants|57\/403
|move|p2a: Mr. Fancypants|Crunch|p1a: Azumarill
|-resisted|p1a: Azumarill
|-damage|p1a: Azumarill|149\/404
|
|turn|22
|
|move|p2a: Mr. Fancypants|Crunch|p1a: Azumarill
|-resisted|p1a: Azumarill
|-damage|p1a: Azumarill|70\/404
|move|p1a: Azumarill|Brick Break|p2a: Mr. Fancypants
|-supereffective|p2a: Mr. Fancypants
|-damage|p2a: Mr. Fancypants|0 fnt
|faint|p2a: Mr. Fancypants
|
|
|switch|p2a: Its a trap|Magnezone|119\/281
|turn|23
|
|move|p1a: Azumarill|Aqua Jet|p2a: Its a trap
|-damage|p2a: Its a trap|40\/281
|move|p2a: Its a trap|Thunderbolt|p1a: Azumarill
|-supereffective|p1a: Azumarill
|-damage|p1a: Azumarill|0 fnt
|faint|p1a: Azumarill
|
|
|switch|p1a: Talonflame|Talonflame, F|298\/298
|turn|24
|
|move|p1a: Talonflame|Brave Bird|p2a: Its a trap
|-resisted|p2a: Its a trap
|-damage|p2a: Its a trap|0 fnt
|-damage|p1a: Talonflame|285\/298|[from] recoil|[of] p2a: Its a trap
|faint|p2a: Its a trap
|
|win|jolly togekiss
|raw|Ladder updating...
|raw|jolly togekiss's rating: 1610 &rarr; <strong>1627<\/strong><br \/>(+17 for winning)
|raw|Apedingo's rating: 1570 &rarr; <strong>1552<\/strong><br \/>(-18 for losing)
|leave|Apedingo
|player|p2
|c|âjolly togekiss|gg