|join|Apedingo
|join|HJ Suspect
|player|p1|Apedingo|242
|player|p2|HJ Suspect|46
|gametype|singles
|gen|6
|tier|OU
|rated
|clearpoke
|poke|p1|Landorus-Therian, M
|poke|p1|Metagross
|poke|p1|Azumarill, F
|poke|p1|Latios, M
|poke|p1|Tyranitar, M
|poke|p1|Magnezone
|poke|p2|Charizard, F
|poke|p2|Latios, M
|poke|p2|Keldeo
|poke|p2|Ferrothorn, M
|poke|p2|Clefable, F
|poke|p2|Hippowdon, M
|rule|Swagger Clause: Swagger is banned
|rule|Baton Pass Clause: Limit one PokÃ©mon knowing Baton Pass
|rule|Sleep Clause Mod: Limit one foe put to sleep
|rule|Species Clause: Limit one of each PokÃ©mon
|rule|OHKO Clause: OHKO moves are banned
|rule|Moody Clause: Moody is banned
|rule|Evasion Moves Clause: Evasion moves are banned
|rule|Endless Battle Clause: Forcing endless battles is banned
|rule|HP Percentage Mod: HP is shown in percentages
|teampreview
|
|start
|switch|p1a: Its a trap|Magnezone|281\/281
|switch|p2a: Charizard|Charizard, F|359\/359
|turn|1
|
|switch|p1a: Damn Cute Bunny|Azumarill, F|401\/401
|detailschange|p2a: Charizard|Charizard-Mega-X, F
|-mega|p2a: Charizard|Charizard|Charizardite X
|move|p2a: Charizard|Will-O-Wisp|p1a: Damn Cute Bunny
|-status|p1a: Damn Cute Bunny|brn
|
|-damage|p1a: Damn Cute Bunny|351\/401 brn|[from] brn
|turn|2
|
|switch|p1a: Fluffy Paws|Landorus-Therian, M|382\/382
|-ability|p1a: Fluffy Paws|Intimidate|[of] p2a: Charizard
|-unboost|p2a: Charizard|atk|1
|move|p2a: Charizard|Will-O-Wisp|p1a: Fluffy Paws|[miss]
|-miss|p2a: Charizard|p1a: Fluffy Paws
|
|turn|3
|
|switch|p2a: Hippowdon|Hippowdon, M|420\/420
|-weather|Sandstorm
|move|p1a: Fluffy Paws|Stealth Rock|p2a: Hippowdon
|-sidestart|p2: HJ Suspect|move: Stealth Rock
|
|-weather|Sandstorm|[upkeep]
|turn|4
|
|move|p1a: Fluffy Paws|U-turn|p2a: Hippowdon
|-damage|p2a: Hippowdon|374\/420
|
|switch|p1a: Go Go Mike|Latios, M|301\/301
|move|p2a: Hippowdon|Stealth Rock|p1a: Go Go Mike
|-sidestart|p1: Apedingo|move: Stealth Rock
|
|-weather|Sandstorm|[upkeep]
|-damage|p1a: Go Go Mike|283\/301|[from] sandstorm
|-heal|p2a: Hippowdon|400\/420|[from] item: Leftovers
|turn|5
|
|switch|p2a: Clefable|Clefable, F|394\/394
|move|p1a: Go Go Mike|Surf|p2a: Clefable
|-damage|p2a: Clefable|243\/394
|
|-weather|Sandstorm|[upkeep]
|-damage|p1a: Go Go Mike|265\/301|[from] sandstorm
|-heal|p2a: Clefable|267\/394|[from] item: Leftovers
|turn|6
|
|switch|p1a: AWESOM-O 4000|Metagross|301\/301
|-damage|p1a: AWESOM-O 4000|283\/301|[from] Stealth Rock
|move|p2a: Clefable|Soft-Boiled|p2a: Clefable
|-heal|p2a: Clefable|394\/394
|
|-weather|Sandstorm|[upkeep]
|turn|7
|
|switch|p2a: Ferrothorn|Ferrothorn, M|352\/352
|-damage|p2a: Ferrothorn|330\/352|[from] Stealth Rock
|detailschange|p1a: AWESOM-O 4000|Metagross-Mega
|-mega|p1a: AWESOM-O 4000|Metagross|Metagrossite
|move|p1a: AWESOM-O 4000|Ice Punch|p2a: Ferrothorn
|-damage|p2a: Ferrothorn|240\/352
|-damage|p1a: AWESOM-O 4000|246\/301|[from] ability: Iron Barbs|[of] p2a: Ferrothorn
|
|-weather|none
|-heal|p2a: Ferrothorn|262\/352|[from] item: Leftovers
|turn|8
|
|switch|p1a: Its a trap|Magnezone|281\/281
|-damage|p1a: Its a trap|264\/281|[from] Stealth Rock
|switch|p2a: Hippowdon|Hippowdon, M|400\/420
|-damage|p2a: Hippowdon|374\/420|[from] Stealth Rock
|-weather|Sandstorm
|
|-weather|Sandstorm|[upkeep]
|-heal|p2a: Hippowdon|400\/420|[from] item: Leftovers
|turn|9
|
|switch|p1a: Fluffy Paws|Landorus-Therian, M|382\/382
|-damage|p1a: Fluffy Paws|335\/382|[from] Stealth Rock
|-ability|p1a: Fluffy Paws|Intimidate|[of] p2a: Hippowdon
|-unboost|p2a: Hippowdon|atk|1
|move|p2a: Hippowdon|Earthquake|p1a: Fluffy Paws
|-immune|p1a: Fluffy Paws|[msg]
|
|-weather|Sandstorm|[upkeep]
|-heal|p1a: Fluffy Paws|358\/382|[from] item: Leftovers
|-heal|p2a: Hippowdon|420\/420|[from] item: Leftovers
|turn|10
|
|move|p1a: Fluffy Paws|U-turn|p2a: Hippowdon
|-damage|p2a: Hippowdon|366\/420
|
|switch|p1a: Damn Cute Bunny|Azumarill, F|351\/401 brn
|-damage|p1a: Damn Cute Bunny|301\/401 brn|[from] Stealth Rock
|move|p2a: Hippowdon|Rock Slide|p1a: Damn Cute Bunny
|-damage|p1a: Damn Cute Bunny|248\/401 brn
|
|-weather|Sandstorm|[upkeep]
|-damage|p1a: Damn Cute Bunny|223\/401 brn|[from] sandstorm
|-heal|p2a: Hippowdon|392\/420|[from] item: Leftovers
|-damage|p1a: Damn Cute Bunny|173\/401 brn|[from] brn
|turn|11
|
|switch|p2a: Charizard|Charizard-Mega-X, F|359\/359
|-damage|p2a: Charizard|270\/359|[from] Stealth Rock
|move|p1a: Damn Cute Bunny|Knock Off|p2a: Charizard
|-damage|p2a: Charizard|228\/359
|
|-weather|Sandstorm|[upkeep]
|-damage|p2a: Charizard|206\/359|[from] sandstorm
|-damage|p1a: Damn Cute Bunny|148\/401 brn|[from] sandstorm
|-damage|p1a: Damn Cute Bunny|98\/401 brn|[from] brn
|turn|12
|
|move|p2a: Charizard|Roost|p2a: Charizard
|-heal|p2a: Charizard|359\/359
|move|p1a: Damn Cute Bunny|Play Rough|p2a: Charizard
|-damage|p2a: Charizard|274\/359
|-unboost|p2a: Charizard|atk|1
|
|-weather|none
|-damage|p1a: Damn Cute Bunny|48\/401 brn|[from] brn
|turn|13
|
|move|p2a: Charizard|Roost|p2a: Charizard
|-heal|p2a: Charizard|359\/359
|move|p1a: Damn Cute Bunny|Knock Off|p2a: Charizard
|-damage|p2a: Charizard|314\/359
|
|-damage|p1a: Damn Cute Bunny|0 fnt|[from] brn
|faint|p1a: Damn Cute Bunny
|
|switch|p1a: AWESOM-O 4000|Metagross-Mega|246\/301
|-damage|p1a: AWESOM-O 4000|228\/301|[from] Stealth Rock
|turn|14
|
|move|p1a: AWESOM-O 4000|Earthquake|p2a: Charizard
|-supereffective|p2a: Charizard
|-damage|p2a: Charizard|70\/359
|move|p2a: Charizard|Flare Blitz|p1a: AWESOM-O 4000
|-crit|p1a: AWESOM-O 4000
|-supereffective|p1a: AWESOM-O 4000
|-damage|p1a: AWESOM-O 4000|0 fnt
|-damage|p2a: Charizard|0 fnt|[from] recoil|[of] p1a: AWESOM-O 4000
|faint|p1a: AWESOM-O 4000
|faint|p2a: Charizard
|
|
|switch|p1a: Its a trap|Magnezone|264\/281
|switch|p2a: Clefable|Clefable, F|394\/394
|-damage|p1a: Its a trap|247\/281|[from] Stealth Rock
|turn|15
|
|switch|p2a: Ferrothorn|Ferrothorn, M|262\/352
|-damage|p2a: Ferrothorn|240\/352|[from] Stealth Rock
|move|p1a: Its a trap|Hidden Power|p2a: Ferrothorn
|-supereffective|p2a: Ferrothorn
|-damage|p2a: Ferrothorn|24\/352
|
|-heal|p2a: Ferrothorn|46\/352|[from] item: Leftovers
|turn|16
|
|move|p1a: Its a trap|Hidden Power|p2a: Ferrothorn
|-supereffective|p2a: Ferrothorn
|-damage|p2a: Ferrothorn|0 fnt
|faint|p2a: Ferrothorn
|
|
|switch|p2a: Keldeo|Keldeo|323\/323
|-damage|p2a: Keldeo|303\/323|[from] Stealth Rock
|turn|17
|
|switch|p1a: Mr. Fancypants|Tyranitar, M|403\/403
|-damage|p1a: Mr. Fancypants|353\/403|[from] Stealth Rock
|-weather|Sandstorm
|move|p2a: Keldeo|Scald|p1a: Mr. Fancypants
|-supereffective|p1a: Mr. Fancypants
|-damage|p1a: Mr. Fancypants|263\/403
|-status|p1a: Mr. Fancypants|brn
|
|-weather|Sandstorm|[upkeep]
|-damage|p2a: Keldeo|283\/323|[from] sandstorm
|-heal|p2a: Keldeo|303\/323|[from] item: Leftovers
|-damage|p1a: Mr. Fancypants|213\/403 brn|[from] brn
|turn|18
|
|switch|p1a: Go Go Mike|Latios, M|265\/301
|-damage|p1a: Go Go Mike|228\/301|[from] Stealth Rock
|move|p2a: Keldeo|Substitute|p2a: Keldeo
|-start|p2a: Keldeo|Substitute
|-damage|p2a: Keldeo|223\/323
|
|-weather|Sandstorm|[upkeep]
|-damage|p1a: Go Go Mike|210\/301|[from] sandstorm
|-damage|p2a: Keldeo|203\/323|[from] sandstorm
|-heal|p2a: Keldeo|223\/323|[from] item: Leftovers
|turn|19
|
|move|p1a: Go Go Mike|Psyshock|p2a: Keldeo
|-supereffective|p2a: Keldeo
|-end|p2a: Keldeo|Substitute
|move|p2a: Keldeo|Scald|p1a: Go Go Mike
|-resisted|p1a: Go Go Mike
|-damage|p1a: Go Go Mike|140\/301
|
|-weather|Sandstorm|[upkeep]
|-damage|p1a: Go Go Mike|122\/301|[from] sandstorm
|-damage|p2a: Keldeo|203\/323|[from] sandstorm
|-heal|p2a: Keldeo|223\/323|[from] item: Leftovers
|turn|20
|
|switch|p2a: Hippowdon|Hippowdon, M|392\/420
|-damage|p2a: Hippowdon|366\/420|[from] Stealth Rock
|move|p1a: Go Go Mike|Psyshock|p2a: Hippowdon
|-damage|p2a: Hippowdon|221\/420
|
|-weather|Sandstorm|[upkeep]
|-damage|p1a: Go Go Mike|104\/301|[from] sandstorm
|-heal|p2a: Hippowdon|247\/420|[from] item: Leftovers
|turn|21
|
|switch|p1a: Fluffy Paws|Landorus-Therian, M|358\/382
|-damage|p1a: Fluffy Paws|311\/382|[from] Stealth Rock
|-ability|p1a: Fluffy Paws|Intimidate|[of] p2a: Hippowdon
|-unboost|p2a: Hippowdon|atk|1
|move|p2a: Hippowdon|Slack Off|p2a: Hippowdon
|-heal|p2a: Hippowdon|420\/420
|
|-weather|none
|-heal|p1a: Fluffy Paws|334\/382|[from] item: Leftovers
|turn|22
|
|switch|p2a: Keldeo|Keldeo|223\/323
|-damage|p2a: Keldeo|203\/323|[from] Stealth Rock
|move|p1a: Fluffy Paws|U-turn|p2a: Keldeo
|-resisted|p2a: Keldeo
|-damage|p2a: Keldeo|160\/323
|
|switch|p1a: Go Go Mike|Latios, M|104\/301
|-damage|p1a: Go Go Mike|67\/301|[from] Stealth Rock
|
|-heal|p2a: Keldeo|180\/323|[from] item: Leftovers
|turn|23
|
|switch|p2a: Clefable|Clefable, F|394\/394
|move|p1a: Go Go Mike|Psyshock|p2a: Clefable
|-damage|p2a: Clefable|148\/394
|
|-heal|p2a: Clefable|172\/394|[from] item: Leftovers
|turn|24
|
|switch|p2a: Hippowdon|Hippowdon, M|420\/420
|-damage|p2a: Hippowdon|394\/420|[from] Stealth Rock
|-weather|Sandstorm
|move|p1a: Go Go Mike|Psyshock|p2a: Hippowdon
|-damage|p2a: Hippowdon|246\/420
|
|-weather|Sandstorm|[upkeep]
|-damage|p1a: Go Go Mike|49\/301|[from] sandstorm
|-heal|p2a: Hippowdon|272\/420|[from] item: Leftovers
|turn|25
|
|switch|p1a: Fluffy Paws|Landorus-Therian, M|334\/382
|-damage|p1a: Fluffy Paws|287\/382|[from] Stealth Rock
|-ability|p1a: Fluffy Paws|Intimidate|[of] p2a: Hippowdon
|-unboost|p2a: Hippowdon|atk|1
|switch|p2a: Keldeo|Keldeo|180\/323
|-damage|p2a: Keldeo|160\/323|[from] Stealth Rock
|
|-weather|Sandstorm|[upkeep]
|-damage|p2a: Keldeo|140\/323|[from] sandstorm
|-heal|p2a: Keldeo|160\/323|[from] item: Leftovers
|-heal|p1a: Fluffy Paws|310\/382|[from] item: Leftovers
|turn|26
|
|switch|p1a: Its a trap|Magnezone|247\/281
|-damage|p1a: Its a trap|230\/281|[from] Stealth Rock
|move|p2a: Keldeo|Substitute|p2a: Keldeo
|-start|p2a: Keldeo|Substitute
|-damage|p2a: Keldeo|80\/323
|
|-weather|Sandstorm|[upkeep]
|-damage|p2a: Keldeo|60\/323|[from] sandstorm
|-heal|p2a: Keldeo|80\/323|[from] item: Leftovers
|turn|27
|
|move|p1a: Its a trap|Volt Switch|p2a: Keldeo
|-supereffective|p2a: Keldeo
|-end|p2a: Keldeo|Substitute
|
|switch|p1a: Mr. Fancypants|Tyranitar, M|213\/403 brn
|-damage|p1a: Mr. Fancypants|163\/403 brn|[from] Stealth Rock
|move|p2a: Keldeo|Scald|p1a: Mr. Fancypants
|-supereffective|p1a: Mr. Fancypants
|-damage|p1a: Mr. Fancypants|79\/403 brn
|
|-weather|Sandstorm|[upkeep]
|-damage|p2a: Keldeo|60\/323|[from] sandstorm
|-heal|p2a: Keldeo|80\/323|[from] item: Leftovers
|-damage|p1a: Mr. Fancypants|29\/403 brn|[from] brn
|turn|28
|
|move|p2a: Keldeo|Scald|p1a: Mr. Fancypants
|-supereffective|p1a: Mr. Fancypants
|-damage|p1a: Mr. Fancypants|0 fnt
|faint|p1a: Mr. Fancypants
|
|-weather|none
|-heal|p2a: Keldeo|100\/323|[from] item: Leftovers
|
|switch|p1a: Its a trap|Magnezone|230\/281
|-damage|p1a: Its a trap|213\/281|[from] Stealth Rock
|turn|29
|
|switch|p2a: Latios|Latios, M|301\/301
|-damage|p2a: Latios|264\/301|[from] Stealth Rock
|move|p1a: Its a trap|Flash Cannon|p2a: Latios
|-damage|p2a: Latios|126\/301
|
|turn|30
|
|switch|p2a: Clefable|Clefable, F|172\/394
|move|p1a: Its a trap|Flash Cannon|p2a: Clefable
|-supereffective|p2a: Clefable
|-damage|p2a: Clefable|0 fnt
|faint|p2a: Clefable
|
|
|switch|p2a: Keldeo|Keldeo|100\/323
|-damage|p2a: Keldeo|80\/323|[from] Stealth Rock
|turn|31
|
|switch|p1a: Fluffy Paws|Landorus-Therian, M|310\/382
|-damage|p1a: Fluffy Paws|263\/382|[from] Stealth Rock
|-ability|p1a: Fluffy Paws|Intimidate|[of] p2a: Keldeo
|-unboost|p2a: Keldeo|atk|1
|move|p2a: Keldeo|Secret Sword|p1a: Fluffy Paws
|-resisted|p1a: Fluffy Paws
|-damage|p1a: Fluffy Paws|208\/382
|
|-heal|p2a: Keldeo|100\/323|[from] item: Leftovers
|-heal|p1a: Fluffy Paws|231\/382|[from] item: Leftovers
|turn|32
|
|move|p2a: Keldeo|Scald|p1a: Fluffy Paws
|-supereffective|p1a: Fluffy Paws
|-damage|p1a: Fluffy Paws|0 fnt
|faint|p1a: Fluffy Paws
|
|-heal|p2a: Keldeo|120\/323|[from] item: Leftovers
|
|switch|p1a: Go Go Mike|Latios, M|49\/301
|-damage|p1a: Go Go Mike|12\/301|[from] Stealth Rock
|turn|33
|
|switch|p2a: Hippowdon|Hippowdon, M|272\/420
|-damage|p2a: Hippowdon|246\/420|[from] Stealth Rock
|-weather|Sandstorm
|move|p1a: Go Go Mike|Psyshock|p2a: Hippowdon
|-damage|p2a: Hippowdon|114\/420
|
|-weather|Sandstorm|[upkeep]
|-damage|p1a: Go Go Mike|0 fnt|[from] sandstorm
|-heal|p2a: Hippowdon|140\/420|[from] item: Leftovers
|faint|p1a: Go Go Mike
|
|switch|p1a: Its a trap|Magnezone|213\/281
|-damage|p1a: Its a trap|196\/281|[from] Stealth Rock
|turn|34
|
|move|p1a: Its a trap|Flash Cannon|p2a: Hippowdon
|-damage|p2a: Hippowdon|0 fnt
|faint|p2a: Hippowdon
|
|-weather|Sandstorm|[upkeep]
|
|switch|p2a: Latios|Latios, M|126\/301
|-damage|p2a: Latios|89\/301|[from] Stealth Rock
|turn|35
|
|move|p1a: Its a trap|Flash Cannon|p2a: Latios
|-damage|p2a: Latios|0 fnt
|faint|p2a: Latios
|
|-weather|Sandstorm|[upkeep]
|
|switch|p2a: Keldeo|Keldeo|120\/323
|-damage|p2a: Keldeo|100\/323|[from] Stealth Rock
|turn|36
|
|move|p1a: Its a trap|Flash Cannon|p2a: Keldeo
|-resisted|p2a: Keldeo
|-damage|p2a: Keldeo|22\/323
|move|p2a: Keldeo|Secret Sword|p1a: Its a trap
|-supereffective|p1a: Its a trap
|-damage|p1a: Its a trap|0 fnt
|faint|p1a: Its a trap
|
|win|HJ Suspect
|raw|Ladder updating...
|raw|Apedingo's rating: 1635 &rarr; <strong>1609<\/strong><br \/>(-26 for losing)
|raw|HJ Suspect's rating: 1540 &rarr; <strong>1565<\/strong><br \/>(+25 for winning)
|leave|Apedingo
|player|p1