|join|Sac Riz
|join|pokemonisfun
|player|p1|Sac Riz|170
|player|p2|pokemonisfun|184
|gametype|singles
|gen|6
|tier|UU
|rated
|rule|Sleep Clause Mod: Limit one foe put to sleep
|rule|Species Clause: Limit one of each PokÃ©mon
|rule|OHKO Clause: OHKO moves are banned
|rule|Moody Clause: Moody is banned
|rule|Evasion Moves Clause: Evasion moves are banned
|rule|Endless Battle Clause: Forcing endless battles is banned
|rule|HP Percentage Mod: HP is shown in percentages
|clearpoke
|poke|p1|Sharpedo, F
|poke|p1|Mienshao, F
|poke|p1|Nidoqueen, F
|poke|p1|Crobat, M
|poke|p1|Raikou
|poke|p1|Whimsicott, M
|poke|p2|Blissey, F
|poke|p2|Swampert, F
|poke|p2|Granbull, F
|poke|p2|Alomomola, F
|poke|p2|Crobat, M
|poke|p2|Celebi
|rule|Swagger Clause: Swagger is banned
|rule|Baton Pass Clause: Limit one PokÃ©mon knowing Baton Pass
|teampreview
|
|start
|switch|p1a: Nidoqueen|Nidoqueen, F|384\/384
|switch|p2a: bubblsy bubbles|Swampert, F|404\/404
|turn|1
|
|switch|p1a: Whimsicott|Whimsicott, M|261\/261
|detailschange|p2a: bubblsy bubbles|Swampert-Mega, F
|-mega|p2a: bubblsy bubbles|Swampert|Swampertite
|move|p2a: bubblsy bubbles|Earthquake|p1a: Whimsicott
|-resisted|p1a: Whimsicott
|-damage|p1a: Whimsicott|171\/261
|
|turn|2
|
|switch|p2a: batsy watzy|Crobat, M|373\/373
|move|p1a: Whimsicott|U-turn|p2a: batsy watzy
|-resisted|p2a: batsy watzy
|-damage|p2a: batsy watzy|359\/373
|-damage|p1a: Whimsicott|145\/261|[from] item: Life Orb
|
|switch|p1a: Raikou|Raikou|321\/321
|-ability|p1a: Raikou|Pressure
|
|-heal|p2a: batsy watzy|373\/373|[from] item: Black Sludge
|turn|3
|
|switch|p2a: onion fairy god|Celebi|401\/401
|move|p1a: Raikou|Volt Switch|p2a: onion fairy god
|-crit|p2a: onion fairy god
|-resisted|p2a: onion fairy god
|-damage|p2a: onion fairy god|272\/401
|
|switch|p1a: Crobat|Crobat, M|373\/373
|
|-heal|p2a: onion fairy god|297\/401|[from] item: Leftovers
|turn|4
|
|switch|p2a: swimmy swim|Alomomola, F|471\/471
|move|p1a: Crobat|U-turn|p2a: swimmy swim
|-damage|p2a: swimmy swim|423\/471
|
|switch|p1a: Whimsicott|Whimsicott, M|145\/261
|
|-heal|p2a: swimmy swim|452\/471|[from] item: Leftovers
|turn|5
|
|switch|p2a: batsy watzy|Crobat, M|373\/373
|move|p1a: Whimsicott|U-turn|p2a: batsy watzy
|-resisted|p2a: batsy watzy
|-damage|p2a: batsy watzy|357\/373
|-damage|p1a: Whimsicott|119\/261|[from] item: Life Orb
|
|switch|p1a: Raikou|Raikou|321\/321
|-ability|p1a: Raikou|Pressure
|
|-heal|p2a: batsy watzy|373\/373|[from] item: Black Sludge
|turn|6
|
|switch|p2a: onion fairy god|Celebi|297\/401
|move|p1a: Raikou|Hidden Power|p2a: onion fairy god
|-resisted|p2a: onion fairy god
|-damage|p2a: onion fairy god|252\/401
|
|-heal|p2a: onion fairy god|277\/401|[from] item: Leftovers
|turn|7
|join|hxhxhxhxhxhxhx
|
|switch|p1a: Crobat|Crobat, M|373\/373
|move|p2a: onion fairy god|Stealth Rock|p1a: Crobat
|-sidestart|p1: Sac Riz|move: Stealth Rock
|
|-heal|p2a: onion fairy god|302\/401|[from] item: Leftovers
|turn|8
|
|switch|p2a: swimmy swim|Alomomola, F|471\/471
|move|p1a: Crobat|Defog|p2a: swimmy swim
|-unboost|p2a: swimmy swim|evasion|1
|-sideend|p1: Sac Riz|Stealth Rock|[from] move: Defog|[of] p1a: Crobat
|
|turn|9
|
|move|p1a: Crobat|U-turn|p2a: swimmy swim
|-damage|p2a: swimmy swim|423\/471
|
|switch|p1a: Whimsicott|Whimsicott, M|119\/261
|move|p2a: swimmy swim|Scald|p1a: Whimsicott
|-resisted|p1a: Whimsicott
|-damage|p1a: Whimsicott|85\/261
|
|-heal|p2a: swimmy swim|452\/471|[from] item: Leftovers
|turn|10
|
|switch|p1a: Raikou|Raikou|321\/321
|-ability|p1a: Raikou|Pressure
|switch|p2a: batsy watzy|Crobat, M|373\/373
|
|turn|11
|
|switch|p2a: Mega Chansey|Blissey, F|651\/651
|move|p1a: Raikou|Thunderbolt|p2a: Mega Chansey
|-crit|p2a: Mega Chansey
|-damage|p2a: Mega Chansey|474\/651
|
|-heal|p2a: Mega Chansey|514\/651|[from] item: Leftovers
|turn|12
|
|switch|p1a: Nidoqueen|Nidoqueen, F|384\/384
|move|p2a: Mega Chansey|Seismic Toss|p1a: Nidoqueen
|-damage|p1a: Nidoqueen|284\/384
|
|-heal|p2a: Mega Chansey|554\/651|[from] item: Leftovers
|turn|13
|
|move|p1a: Nidoqueen|Stealth Rock|p2a: Mega Chansey
|-sidestart|p2: pokemonisfun|move: Stealth Rock
|move|p2a: Mega Chansey|Seismic Toss|p1a: Nidoqueen
|-damage|p1a: Nidoqueen|184\/384
|
|-heal|p2a: Mega Chansey|594\/651|[from] item: Leftovers
|turn|14
|
|switch|p1a: Sharpedo|Sharpedo, F|281\/281
|move|p2a: Mega Chansey|Toxic|p1a: Sharpedo
|-status|p1a: Sharpedo|tox
|
|-heal|p2a: Mega Chansey|634\/651|[from] item: Leftovers
|-damage|p1a: Sharpedo|264\/281 tox|[from] psn
|turn|15
|
|switch|p1a: Raikou|Raikou|321\/321
|-ability|p1a: Raikou|Pressure
|switch|p2a: woofy woof woof|Granbull, F|384\/384
|-damage|p2a: woofy woof woof|336\/384|[from] Stealth Rock
|-ability|p2a: woofy woof woof|Intimidate|[of] p1a: Raikou
|-unboost|p1a: Raikou|atk|1
|
|-heal|p2a: woofy woof woof|360\/384|[from] item: Leftovers
|turn|16
|
|switch|p2a: Mega Chansey|Blissey, F|634\/651
|-damage|p2a: Mega Chansey|553\/651|[from] Stealth Rock
|move|p1a: Raikou|Volt Switch|p2a: Mega Chansey
|-damage|p2a: Mega Chansey|451\/651
|
|switch|p1a: Sharpedo|Sharpedo, F|264\/281 tox
|
|-heal|p2a: Mega Chansey|491\/651|[from] item: Leftovers
|-damage|p1a: Sharpedo|247\/281 tox|[from] psn
|turn|17
|
|switch|p1a: Raikou|Raikou|321\/321
|-ability|p1a: Raikou|Pressure
|switch|p2a: woofy woof woof|Granbull, F|360\/384
|-damage|p2a: woofy woof woof|312\/384|[from] Stealth Rock
|-ability|p2a: woofy woof woof|Intimidate|[of] p1a: Raikou
|-unboost|p1a: Raikou|atk|1
|
|-heal|p2a: woofy woof woof|336\/384|[from] item: Leftovers
|turn|18
|
|switch|p2a: Mega Chansey|Blissey, F|491\/651
|-damage|p2a: Mega Chansey|410\/651|[from] Stealth Rock
|move|p1a: Raikou|Volt Switch|p2a: Mega Chansey
|-damage|p2a: Mega Chansey|304\/651
|
|switch|p1a: Sharpedo|Sharpedo, F|247\/281 tox
|
|-heal|p2a: Mega Chansey|344\/651|[from] item: Leftovers
|-damage|p1a: Sharpedo|230\/281 tox|[from] psn
|turn|19
|
|switch|p1a: Raikou|Raikou|321\/321
|-ability|p1a: Raikou|Pressure
|switch|p2a: swimmy swim|Alomomola, F|471\/471
|-damage|p2a: swimmy swim|413\/471|[from] Stealth Rock
|
|-heal|p2a: swimmy swim|442\/471|[from] item: Leftovers
|turn|20
|
|move|p2a: swimmy swim|Protect|p2a: swimmy swim
|-singleturn|p2a: swimmy swim|Protect
|move|p1a: Raikou|Volt Switch|p2a: swimmy swim
|-activate|p2a: swimmy swim|Protect
|
|-heal|p2a: swimmy swim|471\/471|[from] item: Leftovers
|turn|21
|
|switch|p1a: Whimsicott|Whimsicott, M|85\/261
|switch|p2a: bubblsy bubbles|Swampert-Mega, F|404\/404
|-damage|p2a: bubblsy bubbles|379\/404|[from] Stealth Rock
|
|turn|22
|
|switch|p1a: Raikou|Raikou|321\/321
|-ability|p1a: Raikou|Pressure
|switch|p2a: batsy watzy|Crobat, M|373\/373
|-damage|p2a: batsy watzy|280\/373|[from] Stealth Rock
|
|-heal|p2a: batsy watzy|303\/373|[from] item: Black Sludge
|turn|23
|
|switch|p2a: onion fairy god|Celebi|302\/401
|-damage|p2a: onion fairy god|252\/401|[from] Stealth Rock
|move|p1a: Raikou|Volt Switch|p2a: onion fairy god
|-resisted|p2a: onion fairy god
|-damage|p2a: onion fairy god|169\/401
|
|switch|p1a: Mienshao|Mienshao, F|271\/271
|
|-heal|p2a: onion fairy god|194\/401|[from] item: Leftovers
|turn|24
|
|switch|p2a: swimmy swim|Alomomola, F|471\/471
|-damage|p2a: swimmy swim|413\/471|[from] Stealth Rock
|move|p1a: Mienshao|U-turn|p2a: swimmy swim
|-damage|p2a: swimmy swim|346\/471
|
|switch|p1a: Raikou|Raikou|321\/321
|-ability|p1a: Raikou|Pressure
|
|-heal|p2a: swimmy swim|375\/471|[from] item: Leftovers
|turn|25
|
|move|p2a: swimmy swim|Protect|p2a: swimmy swim
|-singleturn|p2a: swimmy swim|Protect
|move|p1a: Raikou|Volt Switch|p2a: swimmy swim
|-activate|p2a: swimmy swim|Protect
|
|-heal|p2a: swimmy swim|404\/471|[from] item: Leftovers
|turn|26
|
|switch|p1a: Whimsicott|Whimsicott, M|85\/261
|switch|p2a: bubblsy bubbles|Swampert-Mega, F|379\/404
|-damage|p2a: bubblsy bubbles|354\/404|[from] Stealth Rock
|
|turn|27
|
|switch|p2a: batsy watzy|Crobat, M|303\/373
|-damage|p2a: batsy watzy|210\/373|[from] Stealth Rock
|move|p1a: Whimsicott|U-turn|p2a: batsy watzy
|-resisted|p2a: batsy watzy
|-damage|p2a: batsy watzy|194\/373
|-damage|p1a: Whimsicott|59\/261|[from] item: Life Orb
|join|THEiTodd
|
|switch|p1a: Raikou|Raikou|321\/321
|-ability|p1a: Raikou|Pressure
|
|-heal|p2a: batsy watzy|217\/373|[from] item: Black Sludge
|turn|28
|c| THEiTodd|im proud of u
|c|âpokemonisfun|i know i deserved it
|
|switch|p2a: bubblsy bubbles|Swampert-Mega, F|354\/404
|-damage|p2a: bubblsy bubbles|329\/404|[from] Stealth Rock
|move|p1a: Raikou|Hidden Power|p2a: bubblsy bubbles
|-supereffective|p2a: bubblsy bubbles
|-damage|p2a: bubblsy bubbles|85\/404
|
|turn|29
|c| THEiTodd|you deserve better
|c| THEiTodd|:))
|
|move|p1a: Raikou|Hidden Power|p2a: bubblsy bubbles
|-supereffective|p2a: bubblsy bubbles
|-damage|p2a: bubblsy bubbles|0 fnt
|faint|p2a: bubblsy bubbles
|
|
|switch|p2a: batsy watzy|Crobat, M|217\/373
|-damage|p2a: batsy watzy|124\/373|[from] Stealth Rock
|turn|30
|
|switch|p1a: Nidoqueen|Nidoqueen, F|184\/384
|move|p2a: batsy watzy|Defog|p1a: Nidoqueen
|-unboost|p1a: Nidoqueen|evasion|1
|-sideend|p2: pokemonisfun|Stealth Rock|[from] move: Defog|[of] p2a: batsy watzy
|
|-heal|p2a: batsy watzy|147\/373|[from] item: Black Sludge
|turn|31
|join|IheartMagikarp
|
|move|p2a: batsy watzy|Roost|p2a: batsy watzy
|-heal|p2a: batsy watzy|334\/373
|move|p1a: Nidoqueen|Stealth Rock|p2a: batsy watzy
|-sidestart|p2: pokemonisfun|move: Stealth Rock
|
|-heal|p2a: batsy watzy|357\/373|[from] item: Black Sludge
|turn|32
|
|move|p2a: batsy watzy|Defog|p1a: Nidoqueen
|-unboost|p1a: Nidoqueen|evasion|1
|-sideend|p2: pokemonisfun|Stealth Rock|[from] move: Defog|[of] p2a: batsy watzy
|move|p1a: Nidoqueen|Ice Beam|p2a: batsy watzy
|-supereffective|p2a: batsy watzy
|-damage|p2a: batsy watzy|22\/373
|
|-heal|p2a: batsy watzy|45\/373|[from] item: Black Sludge
|turn|33
|join|Blue DrReuniclus3
|
|move|p2a: batsy watzy|Brave Bird|p1a: Nidoqueen
|-damage|p1a: Nidoqueen|31\/384
|-damage|p2a: batsy watzy|0 fnt|[from] recoil|[of] p1a: Nidoqueen
|faint|p2a: batsy watzy
|move|p1a: Nidoqueen|Stealth Rock|p2: batsy watzy
|-sidestart|p2: pokemonisfun|move: Stealth Rock
|
|-message|pokemonisfun forfeited.
|leave|pokemonisfun
|
|win|Sac Riz
|raw|Ladder updating...
|player|p2
|join|pokemonisfun
|raw|Sac Riz's rating: 1552 &rarr; <strong>1581<\/strong><br \/>(+29 for winning)
|raw|pokemonisfun's rating: 1717 &rarr; <strong>1688<\/strong><br \/>(-29 for losing)
|leave|pokemonisfun
|leave|hxhxhxhxhxhxhx