|join|pokemonisfun
|join|Samurai Banette
|player|p1|pokemonisfun|184
|player|p2|Samurai Banette|2
|gametype|singles
|gen|6
|tier|UU
|rule|Sleep Clause Mod: Limit one foe put to sleep
|rule|Species Clause: Limit one of each PokÃ©mon
|rule|OHKO Clause: OHKO moves are banned
|rule|Moody Clause: Moody is banned
|rule|Evasion Moves Clause: Evasion moves are banned
|rule|Endless Battle Clause: Forcing endless battles is banned
|rule|HP Percentage Mod: HP is shown in percentages
|clearpoke
|poke|p1|Blissey, F
|poke|p1|Swampert, M
|poke|p1|Granbull, M
|poke|p1|Alomomola, M
|poke|p1|Crobat, M
|poke|p1|Celebi
|poke|p2|Aerodactyl, F
|poke|p2|Ampharos, F
|poke|p2|Forretress, F
|poke|p2|Blissey, F
|poke|p2|Lucario, M
|poke|p2|Swadloon, M
|rule|Swagger Clause: Swagger is banned
|rule|Baton Pass Clause: Limit one PokÃ©mon knowing Baton Pass
|teampreview
|join|asdzcx
|c|âpokemonisfun|!dt swadloon
|c|~|\/data-pokemon Swadloon
|raw|<font size="1"><font color=#585858>Dex#:<\/font> 541&nbsp;|&ThickSpace;<font color=#585858>Height:<\/font> 0.5 m&nbsp;|&ThickSpace;<font color=#585858>Weight:<\/font> 7.3 kg <em>(20 BP)<\/em>&nbsp;|&ThickSpace;<font color=#585858>Dex Colour:<\/font> Green&nbsp;|&ThickSpace;<font color=#585858>Egg Group(s):<\/font> Bug&nbsp;|&ThickSpace;<font color=#585858>Evolution:<\/font> Leavanny (21)<\/font>
|
|start
|switch|p1a: bubblsy bubbles|Swampert, M|404\/404
|switch|p2a: Aerodactyl|Aerodactyl, F|338\/338
|turn|1
|join|ahyueah
|
|detailschange|p1a: bubblsy bubbles|Swampert-Mega, M
|-mega|p1a: bubblsy bubbles|Swampert|Swampertite
|move|p2a: Aerodactyl|Stealth Rock|p1a: bubblsy bubbles
|-sidestart|p1: pokemonisfun|move: Stealth Rock
|move|p1a: bubblsy bubbles|Scald|p2a: Aerodactyl
|-supereffective|p2a: Aerodactyl
|-damage|p2a: Aerodactyl|120\/338
|
|turn|2
|join|BusyJay
|
|move|p2a: Aerodactyl|Double-Edge|p1a: bubblsy bubbles
|-damage|p1a: bubblsy bubbles|299\/404
|move|p1a: bubblsy bubbles|Scald|p2a: Aerodactyl
|-supereffective|p2a: Aerodactyl
|-damage|p2a: Aerodactyl|0 fnt
|faint|p2a: Aerodactyl
|
|join|Antenna Management
|c|âpokemonisfun|what is a swadloon
|
|switch|p2a: Swadloon|Swadloon, M|252\/252
|turn|3
|join|Bob the Bro
|
|switch|p1a: batsy watzy|Crobat, M|373\/373
|-damage|p1a: batsy watzy|280\/373|[from] Stealth Rock
|move|p2a: Swadloon|Calm Mind|p2a: Swadloon
|-boost|p2a: Swadloon|spa|1
|-boost|p2a: Swadloon|spd|1
|
|-heal|p1a: batsy watzy|303\/373|[from] item: Black Sludge
|turn|4
|join|dad's dad
|
|move|p1a: batsy watzy|Defog|p2a: Swadloon
|-unboost|p2a: Swadloon|evasion|1
|-sideend|p1: pokemonisfun|Stealth Rock|[from] move: Defog|[of] p1a: batsy watzy
|move|p2a: Swadloon|Baton Pass|p2a: Swadloon
|c| dad's dad|pif is a poopyhead
|leave|dad's dad
|
|switch|p2a: Ampharos|Ampharos, F|335\/335
|
|-heal|p1a: batsy watzy|326\/373|[from] item: Black Sludge
|turn|5
|
|switch|p1a: Mega Chansey|Blissey, F|652\/652
|detailschange|p2a: Ampharos|Ampharos-Mega, F
|-mega|p2a: Ampharos|Ampharos|Ampharosite
|-ability|p2a: Ampharos|Mold Breaker
|move|p2a: Ampharos|Agility|p2a: Ampharos
|-boost|p2a: Ampharos|spe|2
|
|turn|6
|
|move|p2a: Ampharos|Focus Blast|p1a: Mega Chansey
|-supereffective|p1a: Mega Chansey
|-damage|p1a: Mega Chansey|316\/652
|move|p1a: Mega Chansey|Toxic|p2a: Ampharos
|-status|p2a: Ampharos|tox
|
|-heal|p1a: Mega Chansey|356\/652|[from] item: Leftovers
|-damage|p2a: Ampharos|315\/335 tox|[from] psn
|turn|7
|c|âpokemonisfun|toxic cant miss
|
|move|p2a: Ampharos|Thunderbolt|p1a: Mega Chansey
|-damage|p1a: Mega Chansey|179\/652
|-status|p1a: Mega Chansey|par
|move|p1a: Mega Chansey|Soft-Boiled|p1a: Mega Chansey
|-heal|p1a: Mega Chansey|505\/652 par
|
|-heal|p1a: Mega Chansey|545\/652 par|[from] item: Leftovers
|-damage|p2a: Ampharos|275\/335 tox|[from] psn
|turn|8
|
|move|p2a: Ampharos|Focus Blast|p1a: Mega Chansey|[miss]
|-miss|p2a: Ampharos|p1a: Mega Chansey
|cant|p1a: Mega Chansey|par
|
|-heal|p1a: Mega Chansey|585\/652 par|[from] item: Leftovers
|-damage|p2a: Ampharos|215\/335 tox|[from] psn
|turn|9
|join|Celsius
|
|switch|p2a: Forretress|Forretress, F|354\/354
|move|p1a: Mega Chansey|Soft-Boiled|p1a: Mega Chansey
|-heal|p1a: Mega Chansey|652\/652 par
|
|turn|10
|
|switch|p1a: batsy watzy|Crobat, M|326\/373
|move|p2a: Forretress|Spikes|p1a: batsy watzy
|-sidestart|p1: pokemonisfun|Spikes
|
|-heal|p1a: batsy watzy|349\/373|[from] item: Black Sludge
|turn|11
|
|move|p1a: batsy watzy|Defog|p2a: Forretress
|-unboost|p2a: Forretress|evasion|1
|-sideend|p1: pokemonisfun|Spikes|[from] move: Defog|[of] p1a: batsy watzy
|move|p2a: Forretress|Volt Switch|p1a: batsy watzy
|-crit|p1a: batsy watzy
|-supereffective|p1a: batsy watzy
|-damage|p1a: batsy watzy|219\/373
|leave|Bob the Bro
|
|switch|p2a: Swadloon|Swadloon, M|252\/252
|
|-heal|p1a: batsy watzy|242\/373|[from] item: Black Sludge
|turn|12
|
|move|p1a: batsy watzy|Brave Bird|p2a: Swadloon
|-supereffective|p2a: Swadloon
|-damage|p2a: Swadloon|0 fnt
|-damage|p1a: batsy watzy|159\/373|[from] recoil|[of] p2a: Swadloon
|faint|p2a: Swadloon
|
|-heal|p1a: batsy watzy|182\/373|[from] item: Black Sludge
|
|switch|p2a: Lucario|Lucario, M|282\/282
|turn|13
|
|move|p2a: Lucario|Extreme Speed|p1a: batsy watzy
|-damage|p1a: batsy watzy|32\/373
|move|p1a: batsy watzy|Roost|p1a: batsy watzy
|-heal|p1a: batsy watzy|219\/373
|
|-heal|p1a: batsy watzy|242\/373|[from] item: Black Sludge
|turn|14
|
|switch|p1a: woofy woof woof|Granbull, M|384\/384
|-ability|p1a: woofy woof woof|Intimidate|[of] p2a: Lucario
|-unboost|p2a: Lucario|atk|1
|switch|p2a: Ampharos|Ampharos-Mega, F|215\/335 tox
|-ability|p2a: Ampharos|Mold Breaker
|
|-damage|p2a: Ampharos|195\/335 tox|[from] psn
|turn|15
|join|PZwag
|
|switch|p1a: Mega Chansey|Blissey, F|652\/652
|move|p2a: Ampharos|Thunderbolt|p1a: Mega Chansey
|-crit|p1a: Mega Chansey
|-damage|p1a: Mega Chansey|480\/652
|
|-heal|p1a: Mega Chansey|520\/652|[from] item: Leftovers
|-damage|p2a: Ampharos|155\/335 tox|[from] psn
|turn|16
|
|switch|p2a: Blissey|Blissey, F|652\/652
|move|p1a: Mega Chansey|Seismic Toss|p2a: Blissey
|-damage|p2a: Blissey|552\/652
|
|-heal|p2a: Blissey|592\/652|[from] item: Leftovers
|-heal|p1a: Mega Chansey|560\/652|[from] item: Leftovers
|turn|17
|join|SmogonGaySuspect
|
|switch|p1a: onion fairy god|Celebi|396\/396
|move|p2a: Blissey|Wish|p2a: Blissey
|
|-heal|p2a: Blissey|632\/652|[from] item: Leftovers
|turn|18
|c| SmogonGaySuspect|PIF
|c| SmogonGaySuspect|OPIF
|c| SmogonGaySuspect|HOORAY
|c| SmogonGaySuspect|pif
|
|switch|p2a: Lucario|Lucario, M|282\/282
|move|p1a: onion fairy god|Stealth Rock|p2a: Lucario
|-sidestart|p2: Samurai Banette|move: Stealth Rock
|
|turn|19
|c| SmogonGaySuspect|you should really try semi-stall
|c| SmogonGaySuspect|it's better than full stall
|
|switch|p1a: woofy woof woof|Granbull, M|384\/384
|-ability|p1a: woofy woof woof|Intimidate|[of] p2a: Lucario
|-unboost|p2a: Lucario|atk|1
|move|p2a: Lucario|Blaze Kick|p1a: woofy woof woof|[miss]
|-miss|p2a: Lucario|p1a: woofy woof woof
|
|turn|20
|
|switch|p2a: Forretress|Forretress, F|354\/354
|-damage|p2a: Forretress|310\/354|[from] Stealth Rock
|move|p1a: woofy woof woof|Play Rough|p2a: Forretress
|-resisted|p2a: Forretress
|-damage|p2a: Forretress|273\/354
|
|-heal|p2a: Forretress|295\/354|[from] item: Leftovers
|turn|21
|
|move|p1a: woofy woof woof|Overheat|p2a: Forretress
|-supereffective|p2a: Forretress
|-damage|p2a: Forretress|0 fnt
|-unboost|p1a: woofy woof woof|spa|2
|faint|p2a: Forretress
|
|leave|Celsius
|
|switch|p2a: Lucario|Lucario, M|282\/282
|-damage|p2a: Lucario|274\/282|[from] Stealth Rock
|turn|22
|join|Shit User
|join|frudo stahp
|
|switch|p1a: swimmy swim|Alomomola, M|471\/471
|move|p2a: Lucario|Earthquake|p1a: swimmy swim
|-damage|p1a: swimmy swim|330\/471
|
|-heal|p1a: swimmy swim|359\/471|[from] item: Leftovers
|turn|23
|leave|frudo stahp
|
|switch|p2a: Blissey|Blissey, F|632\/652
|-damage|p2a: Blissey|551\/652|[from] Stealth Rock
|move|p1a: swimmy swim|Scald|p2a: Blissey
|-damage|p2a: Blissey|520\/652
|
|-heal|p1a: swimmy swim|388\/471|[from] item: Leftovers
|-heal|p2a: Blissey|560\/652|[from] item: Leftovers
|turn|24
|
|move|p1a: swimmy swim|Wish|p1a: swimmy swim
|move|p2a: Blissey|Wish|p2a: Blissey
|
|-heal|p1a: swimmy swim|417\/471|[from] item: Leftovers
|-heal|p2a: Blissey|600\/652|[from] item: Leftovers
|turn|25
|
|switch|p1a: bubblsy bubbles|Swampert-Mega, M|299\/404
|move|p2a: Blissey|Toxic|p1a: bubblsy bubbles
|-status|p1a: bubblsy bubbles|tox
|
|-heal|p1a: bubblsy bubbles|404\/404 tox|[from] move: Wish|[wisher] swimmy swim
|-heal|p2a: Blissey|652\/652|[from] move: Wish|[wisher] Blissey
|-damage|p1a: bubblsy bubbles|379\/404 tox|[from] psn
|turn|26
|
|move|p1a: bubblsy bubbles|Rest|p1a: bubblsy bubbles
|-status|p1a: bubblsy bubbles|slp
|-heal|p1a: bubblsy bubbles|404\/404 slp|[silent]
|-status|p1a: bubblsy bubbles|slp|[from] move: Rest
|move|p2a: Blissey|Wish|p2a: Blissey
|
|turn|27
|
|switch|p2a: Ampharos|Ampharos-Mega, F|155\/335 tox
|-damage|p2a: Ampharos|114\/335 tox|[from] Stealth Rock
|-ability|p2a: Ampharos|Mold Breaker
|cant|p1a: bubblsy bubbles|slp
|move|p1a: bubblsy bubbles|Sleep Talk|p1a: bubblsy bubbles
|move|p1a: bubblsy bubbles|Earthquake|p2a: Ampharos|[from]Sleep Talk
|-supereffective|p2a: Ampharos
|-damage|p2a: Ampharos|0 fnt
|faint|p2a: Ampharos
|
|
|switch|p2a: Lucario|Lucario, M|274\/282
|-damage|p2a: Lucario|266\/282|[from] Stealth Rock
|turn|28
|
|move|p2a: Lucario|High Jump Kick|p1a: bubblsy bubbles
|-damage|p1a: bubblsy bubbles|74\/404 slp
|cant|p1a: bubblsy bubbles|slp
|move|p1a: bubblsy bubbles|Sleep Talk|p1a: bubblsy bubbles
|move|p1a: bubblsy bubbles|Earthquake|p2a: Lucario|[from]Sleep Talk
|-supereffective|p2a: Lucario
|-damage|p2a: Lucario|0 fnt
|faint|p2a: Lucario
|
|
|switch|p2a: Blissey|Blissey, F|652\/652
|-damage|p2a: Blissey|571\/652|[from] Stealth Rock
|turn|29
|
|switch|p1a: onion fairy god|Celebi|396\/396
|move|p2a: Blissey|Flamethrower|p1a: onion fairy god
|-supereffective|p1a: onion fairy god
|-damage|p1a: onion fairy god|294\/396
|
|-heal|p1a: onion fairy god|318\/396|[from] item: Leftovers
|-heal|p2a: Blissey|611\/652|[from] item: Leftovers
|turn|30
|leave|SmogonGaySuspect
|
|move|p1a: onion fairy god|Perish Song|p1a: onion fairy god
|-fieldactivate|move: Perish Song
|move|p2a: Blissey|Flamethrower|p1a: onion fairy god
|-supereffective|p1a: onion fairy god
|-damage|p1a: onion fairy god|208\/396
|
|-start|p1a: onion fairy god|perish3
|-start|p2a: Blissey|perish3
|-heal|p1a: onion fairy god|232\/396|[from] item: Leftovers
|-heal|p2a: Blissey|651\/652|[from] item: Leftovers
|turn|31
|c|âSamurai Banette|gg
|c|âpokemonisfun|gg
|
|switch|p1a: Mega Chansey|Blissey, F|560\/652
|move|p2a: Blissey|Flamethrower|p1a: Mega Chansey
|-damage|p1a: Mega Chansey|526\/652
|
|-start|p2a: Blissey|perish2
|-heal|p2a: Blissey|652\/652|[from] item: Leftovers
|-heal|p1a: Mega Chansey|566\/652|[from] item: Leftovers
|turn|32
|
|move|p2a: Blissey|Flamethrower|p1a: Mega Chansey
|-damage|p1a: Mega Chansey|536\/652
|move|p1a: Mega Chansey|Soft-Boiled|p1a: Mega Chansey
|-heal|p1a: Mega Chansey|652\/652
|
|-start|p2a: Blissey|perish1
|turn|33
|
|move|p1a: Mega Chansey|Heal Bell|p1a: Mega Chansey
|-cureteam|p1a: Mega Chansey|[from] move: HealBell
|move|p2a: Blissey|Flamethrower|p1a: Mega Chansey
|-damage|p1a: Mega Chansey|617\/652
|-status|p1a: Mega Chansey|brn
|
|-start|p2a: Blissey|perish0
|-heal|p1a: Mega Chansey|652\/652 brn|[from] item: Leftovers
|-damage|p1a: Mega Chansey|571\/652 brn|[from] brn
|faint|p2a: Blissey
|
|win|pokemonisfun