|join|pokemonisfun
|join|blueyoshi101
|join|DrReuniclusstooper
|player|p1|pokemonisfun|184
|player|p2|blueyoshi101|290
|gametype|singles
|gen|6
|tier|UU
|rule|Sleep Clause Mod: Limit one foe put to sleep
|rule|Species Clause: Limit one of each PokÃ©mon
|rule|OHKO Clause: OHKO moves are banned
|rule|Moody Clause: Moody is banned
|rule|Evasion Moves Clause: Evasion moves are banned
|rule|Endless Battle Clause: Forcing endless battles is banned
|rule|HP Percentage Mod: HP is shown in percentages
|clearpoke
|poke|p1|Blissey, F
|poke|p1|Swampert, M
|poke|p1|Granbull, F
|poke|p1|Alomomola, M
|poke|p1|Crobat, M
|poke|p1|Celebi
|poke|p2|Haxorus, F, shiny
|poke|p2|Chandelure, M
|poke|p2|Starmie
|poke|p2|Chesnaught, F
|poke|p2|Forretress, F
|poke|p2|Sharpedo, M
|rule|Swagger Clause: Swagger is banned
|rule|Baton Pass Clause: Limit one PokÃ©mon knowing Baton Pass
|teampreview
|join|LiberalLucario
|c| DrReuniclusstooper|pif!!!!!!!!!!!!!!!!!!!!!!!!!!!!!!!!!!!!!!!!!!!!!!!!!!!!!!!!!!!!!!!!!!!!
|c| DrReuniclusstooper|notice me
|c| DrReuniclusstooper|plz
|raw|<div class="broadcast-red"><b>Moderated chat was set to +!<\/b><br \/>Only users of rank + and higher can talk.<\/div>
|join|Gengar101
|join|Noriya
|
|start
|switch|p1a: bubblsy bubbles|Swampert, M|404\/404
|switch|p2a: Chandelure|Chandelure, M|261\/261
|turn|1
|
|detailschange|p1a: bubblsy bubbles|Swampert-Mega, M
|-mega|p1a: bubblsy bubbles|Swampert|Swampertite
|move|p2a: Chandelure|Energy Ball|p1a: bubblsy bubbles
|-supereffective|p1a: bubblsy bubbles
|-damage|p1a: bubblsy bubbles|68\/404
|move|p1a: bubblsy bubbles|Earthquake|p2a: Chandelure
|-supereffective|p2a: Chandelure
|-damage|p2a: Chandelure|0 fnt
|faint|p2a: Chandelure
|
|join|Bob the Bro
|leave|Gengar101
|
|switch|p2a: Starmie|Starmie|261\/261
|turn|2
|join|SmashBrosBrawl
|
|switch|p1a: swimmy swim|Alomomola, M|471\/471
|move|p2a: Starmie|Psyshock|p1a: swimmy swim
|-crit|p1a: swimmy swim
|-damage|p1a: swimmy swim|260\/471
|-damage|p2a: Starmie|235\/261|[from] item: Life Orb
|
|-heal|p1a: swimmy swim|289\/471|[from] item: Leftovers
|turn|3
SmashBrosBrawl was promoted to Room Voice by pokemonisfun.
|
|switch|p1a: Mega Chansey|Blissey, F|652\/652
|move|p2a: Starmie|Psyshock|p1a: Mega Chansey
|-damage|p1a: Mega Chansey|348\/652
|-damage|p2a: Starmie|209\/261|[from] item: Life Orb
|
|-heal|p1a: Mega Chansey|388\/652|[from] item: Leftovers
|turn|4
|c|+SmashBrosBrawl|ye that changed everything
|join|ahyueah
|join|Antenna Management
ahyueah was promoted to Room Voice by pokemonisfun.
|c|+SmashBrosBrawl|dont promote ahyueah
|
|switch|p2a: Forretress|Forretress, F|354\/354
|move|p1a: Mega Chansey|Soft-Boiled|p1a: Mega Chansey
|-heal|p1a: Mega Chansey|652\/652
|
|turn|5
|c|+ahyueah|thanks n_n
Antenna Management was promoted to Room Voice by pokemonisfun.
|c|+SmashBrosBrawl|,,,
|
|switch|p1a: batsy watzy|Crobat, M|373\/373
|move|p2a: Forretress|Toxic|p1a: batsy watzy
|-fail|p1a: batsy watzy
|
|turn|6
|
|move|p1a: batsy watzy|Brave Bird|p2a: Forretress
|-damage|p2a: Forretress|279\/354
|-damage|p1a: batsy watzy|348\/373|[from] recoil|[of] p2a: Forretress
|move|p2a: Forretress|Gyro Ball|p1a: batsy watzy
|-damage|p1a: batsy watzy|194\/373
|
|-heal|p1a: batsy watzy|217\/373|[from] item: Black Sludge
|-heal|p2a: Forretress|301\/354|[from] item: Leftovers
|turn|7
|leave|Bob the Bro
|
|move|p1a: batsy watzy|Roost|p1a: batsy watzy
|-heal|p1a: batsy watzy|373\/373
|move|p2a: Forretress|Gyro Ball|p1a: batsy watzy
|-damage|p1a: batsy watzy|204\/373
|
|-heal|p1a: batsy watzy|227\/373|[from] item: Black Sludge
|-heal|p2a: Forretress|323\/354|[from] item: Leftovers
|turn|8
|
|switch|p2a: Haxorus|Haxorus, F, shiny|294\/294
|-ability|p2a: Haxorus|Mold Breaker
|move|p1a: batsy watzy|Roost|p1a: batsy watzy
|-heal|p1a: batsy watzy|373\/373
|
|turn|9
|
|switch|p1a: woofy woof woof|Granbull, F|384\/384
|-ability|p1a: woofy woof woof|Intimidate|[of] p2a: Haxorus
|-unboost|p2a: Haxorus|atk|1
|move|p2a: Haxorus|Poison Jab|p1a: woofy woof woof
|-supereffective|p1a: woofy woof woof
|-damage|p1a: woofy woof woof|270\/384
|
|-heal|p1a: woofy woof woof|294\/384|[from] item: Leftovers
|turn|10
|c|âpokemonisfun|big
|c|âpokemonisfun|dmg
|join|Celsius
|c|+SmashBrosBrawl|nice
|c|+SmashBrosBrawl|0 atk
|c|âpokemonisfun|timid haxorus
|c|+SmashBrosBrawl|o
|c|âpokemonisfun|to minmize foul play
|
|switch|p2a: Forretress|Forretress, F|323\/354
|move|p1a: woofy woof woof|Play Rough|p2a: Forretress
|-resisted|p2a: Forretress
|-damage|p2a: Forretress|287\/354
|
|-heal|p1a: woofy woof woof|318\/384|[from] item: Leftovers
|-heal|p2a: Forretress|309\/354|[from] item: Leftovers
|turn|11
|c|âblueyoshi101|idk i forgot
|
|move|p1a: woofy woof woof|Overheat|p2a: Forretress
|-supereffective|p2a: Forretress
|-damage|p2a: Forretress|0 fnt
|-unboost|p1a: woofy woof woof|spa|2
|faint|p2a: Forretress
|
|-heal|p1a: woofy woof woof|342\/384|[from] item: Leftovers
|leave|Celsius
|join|Dorian Gray I
|
|switch|p2a: Haxorus|Haxorus, F, shiny|294\/294
|-ability|p2a: Haxorus|Mold Breaker
|turn|12
|join|Shit User
|
|move|p2a: Haxorus|Poison Jab|p1a: woofy woof woof
|-supereffective|p1a: woofy woof woof
|-damage|p1a: woofy woof woof|156\/384
|move|p1a: woofy woof woof|Play Rough|p2a: Haxorus
|-supereffective|p2a: Haxorus
|-damage|p2a: Haxorus|36\/294
|
|-heal|p1a: woofy woof woof|180\/384|[from] item: Leftovers
|turn|13
|c|+SmashBrosBrawl|not poison
|join|habajiga
|join|Marry Jane
Shit User was promoted to Room Voice by pokemonisfun.
|c|+Shit User|thanks senpai n_n
|
|switch|p1a: batsy watzy|Crobat, M|373\/373
|move|p2a: Haxorus|Poison Jab|p1a: batsy watzy
|-resisted|p1a: batsy watzy
|-damage|p1a: batsy watzy|310\/373
|
|-heal|p1a: batsy watzy|333\/373|[from] item: Black Sludge
|turn|14
|c|+SmashBrosBrawl|shit user
|c|+SmashBrosBrawl|watch this play
Marry Jane was promoted to Room Voice by pokemonisfun.
|c|+SmashBrosBrawl|fk
|c|+SmashBrosBrawl|no play
|c|+Shit User|also
|c|+Shit User|when will people use cm reuinclus vs you sigh
|c|âpokemonisfun|ur not my senpai shit user
|join|hairy toenail
|c|+Shit User|i called u senpai
|c|+Shit User|we cant be each others
|c|+Shit User|what the fuck dude
|
|switch|p2a: Chesnaught|Chesnaught, F|380\/380
|move|p1a: batsy watzy|Brave Bird|p2a: Chesnaught
|-supereffective|p2a: Chesnaught
|-damage|p2a: Chesnaught|44\/380
|-damage|p1a: batsy watzy|271\/373|[from] item: Rocky Helmet|[of] p2a: Chesnaught
|-damage|p1a: batsy watzy|160\/373|[from] recoil|[of] p2a: Chesnaught
|
|-heal|p1a: batsy watzy|183\/373|[from] item: Black Sludge
|turn|15
|join|thymetime
|c|+SmashBrosBrawl|sick
|c|+Marry Jane|call it a counter
|c|âpokemonisfun|good counter
|c|+SmashBrosBrawl|fuck
|c|+SmashBrosBrawl|datlatias
|
|move|p2a: Chesnaught|Spiky Shield|p2a: Chesnaught
|-singleturn|p2a: Chesnaught|move: Protect
|move|p1a: batsy watzy|Brave Bird|p2a: Chesnaught
|-activate|p2a: Chesnaught|move: Protect
|-damage|p1a: batsy watzy|137\/373|[from] Spiky Shield|[of] p2a: Chesnaught
|
|-heal|p1a: batsy watzy|160\/373|[from] item: Black Sludge
|turn|16
|c|+Marry Jane|fck
|c|+Marry Jane|yuno
|c|+Marry Jane|gazai
|c|+SmashBrosBrawl|:[
|c|+Shit User|:]
|
|move|p1a: batsy watzy|Brave Bird|p2a: Chesnaught
|-supereffective|p2a: Chesnaught
|-damage|p2a: Chesnaught|0 fnt
|-damage|p1a: batsy watzy|98\/373|[from] item: Rocky Helmet|[of] p2a: Chesnaught
|-damage|p1a: batsy watzy|83\/373|[from] recoil|[of] p2a: Chesnaught
|faint|p2a: Chesnaught
|
|-heal|p1a: batsy watzy|106\/373|[from] item: Black Sludge
|c|+SmashBrosBrawl|why didnt u roost
|c|+SmashBrosBrawl|loser
|leave|Dorian Gray I
|c|âpokemonisfun|leech seed kos me
|c|+SmashBrosBrawl|o
|c|+SmashBrosBrawl|sry
|c|âpokemonisfun|fucking pleb
|
|switch|p2a: Haxorus|Haxorus, F, shiny|36\/294
|-ability|p2a: Haxorus|Mold Breaker
|turn|17
|c|+SmashBrosBrawl|sick
|c|+SmashBrosBrawl|scarf hax
|c|+Shit User|pokemonisfun do you shit your pants when you see a reuniclus
|c|+Marry Jane|scarf
|c|+Marry Jane|crobat
|c|+SmashBrosBrawl|no one uses reuniclus
|leave|Noriya
|c|+Marry Jane|i o
|c|+SmashBrosBrawl|its BAD
|join|Noriya
|
|switch|p1a: swimmy swim|Alomomola, M|446\/471
|move|p2a: Haxorus|Poison Jab|p1a: swimmy swim
|-damage|p1a: swimmy swim|355\/471
|-status|p1a: swimmy swim|psn
|
|-heal|p1a: swimmy swim|384\/471 psn|[from] item: Leftovers
|-damage|p1a: swimmy swim|326\/471 psn|[from] psn
|turn|18
|join|DerperiorX
|c|+SmashBrosBrawl|KEK
|
|move|p2a: Haxorus|Poison Jab|p1a: swimmy swim
|-crit|p1a: swimmy swim
|-damage|p1a: swimmy swim|205\/471 psn
|move|p1a: swimmy swim|Wish|p1a: swimmy swim
|
|-heal|p1a: swimmy swim|234\/471 psn|[from] item: Leftovers
|-damage|p1a: swimmy swim|176\/471 psn|[from] psn
|turn|19
|c|+SmashBrosBrawl|thats
|c|+SmashBrosBrawl|sick
|c|+Marry Jane|literally
|c|+Marry Jane|hacking
|c|+Marry Jane|my semps
|c|âpokemonisfun|bull shit
|
|switch|p2a: Sharpedo|Sharpedo, M|281\/281
|switch|p1a: woofy woof woof|Granbull, F|180\/384
|-ability|p1a: woofy woof woof|Intimidate|[of] p2a: Sharpedo
|-unboost|p2a: Sharpedo|atk|1
|
|-heal|p1a: woofy woof woof|384\/384|[from] move: Wish|[wisher] swimmy swim
|turn|20
|c|+SmashBrosBrawl|he is gonna
|c|+SmashBrosBrawl|flash cannon here
|c|âpokemonisfun|!learn sharpedo, flash cannon
|raw|<div class="infobox">Sharpedo <span class="message-learn-cannotlearn">can't<\/span> learn Flash Cannon<\/div>
|
|move|p2a: Sharpedo|Protect|p2a: Sharpedo
|-singleturn|p2a: Sharpedo|Protect
|move|p1a: woofy woof woof|Play Rough|p2a: Sharpedo
|-activate|p2a: Sharpedo|Protect
|
|-boost|p2a: Sharpedo|spe|1|[from] ability: Speed Boost
|turn|21
|c|+SmashBrosBrawl|sry i lied
|
|detailschange|p2a: Sharpedo|Sharpedo-Mega, M
|-mega|p2a: Sharpedo|Sharpedo|Sharpedonite
|move|p2a: Sharpedo|Waterfall|p1a: woofy woof woof
|-damage|p1a: woofy woof woof|293\/384
|move|p1a: woofy woof woof|Play Rough|p2a: Sharpedo|[miss]
|-miss|p1a: woofy woof woof|p2a: Sharpedo
|
|-heal|p1a: woofy woof woof|317\/384|[from] item: Leftovers
|turn|22
|c|+SmashBrosBrawl|lmfao
|c|+Shit User|got em!
|c|âpokemonisfun|yawn
|c|+SmashBrosBrawl|flinch here
|c|+SmashBrosBrawl|tbh
|
|switch|p2a: Starmie|Starmie|209\/261
|move|p1a: woofy woof woof|Play Rough|p2a: Starmie
|-crit|p2a: Starmie
|-damage|p2a: Starmie|0 fnt
|faint|p2a: Starmie
|
|-heal|p1a: woofy woof woof|341\/384|[from] item: Leftovers
|c|+SmashBrosBrawl|flinch + accuracy is nice chance
|c|+SmashBrosBrawl|wow coward
|c|+SmashBrosBrawl|LOL
|c|+Shit User|got em!
|c|+Shit User|back!
|c|âpokemonisfun|nice nb nb
|c|+SmashBrosBrawl|pif
|c|+SmashBrosBrawl|the hacker
|
|switch|p2a: Sharpedo|Sharpedo-Mega, M|281\/281
|turn|23
|c|âblueyoshi101|gg that over heat tho XD
|c|+SmashBrosBrawl|xd
|
|move|p2a: Sharpedo|Waterfall|p1a: woofy woof woof
|-damage|p1a: woofy woof woof|206\/384
|cant|p1a: woofy woof woof|flinch
|
|-heal|p1a: woofy woof woof|230\/384|[from] item: Leftovers
|turn|24
|c|+SmashBrosBrawl|l
|c|+SmashBrosBrawl|l
|
|move|p2a: Sharpedo|Waterfall|p1a: woofy woof woof
|-damage|p1a: woofy woof woof|95\/384
|move|p1a: woofy woof woof|Play Rough|p2a: Sharpedo
|-supereffective|p2a: Sharpedo
|-damage|p2a: Sharpedo|0 fnt
|faint|p2a: Sharpedo
|
|-heal|p1a: woofy woof woof|119\/384|[from] item: Leftovers
|c|+SmashBrosBrawl|ugh
|c|+SmashBrosBrawl|so close
|
|switch|p2a: Haxorus|Haxorus, F, shiny|36\/294
|-ability|p2a: Haxorus|Mold Breaker
|turn|25
|
|switch|p1a: onion fairy god|Celebi|396\/396
|move|p2a: Haxorus|Earthquake|p1a: onion fairy god
|-resisted|p1a: onion fairy god
|-damage|p1a: onion fairy god|348\/396
|
|-heal|p1a: onion fairy god|372\/396|[from] item: Leftovers
|turn|26
|c|+Shit User|can he win if he swords dances and you miss
|c|+SmashBrosBrawl|he is scarf
|c|+SmashBrosBrawl|hax
|c|âblueyoshi101|u really want that 60 dont u?
|c|+SmashBrosBrawl|ye
|c|+SmashBrosBrawl|the 60-0
|c|+Marry Jane|kill it with psong
|c|+Marry Jane|if rela
|
|move|p2a: Haxorus|Earthquake|p1a: onion fairy god
|-resisted|p1a: onion fairy god
|-damage|p1a: onion fairy god|323\/396
|move|p1a: onion fairy god|Giga Drain|p2a: Haxorus
|-resisted|p2a: Haxorus
|-damage|p2a: Haxorus|0 fnt
|-heal|p1a: onion fairy god|341\/396|[from] drain|[of] p2a: Haxorus
|faint|p2a: Haxorus
|
|win|pokemonisfun
|c|âblueyoshi101|6-0
|c|âpokemonisfun|60-0