|join|pokemonisfun
|join|Sacripan
|player|p1|pokemonisfun|184
|player|p2|Sacripan|1
|gametype|singles
|gen|6
|tier|UU
|rated
|rule|Sleep Clause Mod: Limit one foe put to sleep
|rule|Species Clause: Limit one of each PokÃ©mon
|rule|OHKO Clause: OHKO moves are banned
|rule|Moody Clause: Moody is banned
|rule|Evasion Moves Clause: Evasion moves are banned
|rule|Endless Battle Clause: Forcing endless battles is banned
|rule|HP Percentage Mod: HP is shown in percentages
|clearpoke
|poke|p1|Blissey, F
|poke|p1|Swampert, F
|poke|p1|Granbull, F
|poke|p1|Alomomola, F
|poke|p1|Crobat, M
|poke|p1|Celebi
|poke|p2|Absol, M
|poke|p2|Raikou
|poke|p2|Nidoqueen, F
|poke|p2|Mienshao, F
|poke|p2|Whimsicott, M
|poke|p2|Crobat, M
|rule|Swagger Clause: Swagger is banned
|rule|Baton Pass Clause: Limit one PokÃ©mon knowing Baton Pass
|teampreview
|c|âSacripan|gl hf
|join|Regi2000
|c|âpokemonisfun|thanks
|
|start
|switch|p1a: bubblsy bubbles|Swampert, F|404\/404
|switch|p2a: Whimsicott|Whimsicott, M|262\/262
|turn|1
|join|Slick
|
|switch|p1a: batsy watzy|Crobat, M|373\/373
|move|p2a: Whimsicott|U-turn|p1a: batsy watzy
|-resisted|p1a: batsy watzy
|-damage|p1a: batsy watzy|362\/373
|
|switch|p2a: Raikou|Raikou|322\/322
|-ability|p2a: Raikou|Pressure
|
|-heal|p1a: batsy watzy|373\/373|[from] item: Black Sludge
|turn|2
|
|switch|p1a: onion fairy god|Celebi|396\/396
|move|p2a: Raikou|Volt Switch|p1a: onion fairy god
|-resisted|p1a: onion fairy god
|-damage|p1a: onion fairy god|335\/396
|
|switch|p2a: Absol|Absol, M|271\/271
|
|-heal|p1a: onion fairy god|359\/396|[from] item: Leftovers
|turn|3
|
|detailschange|p2a: Absol|Absol-Mega, M
|-mega|p2a: Absol|Absol|Absolite
|move|p2a: Absol|Knock Off|p1a: onion fairy god
|-supereffective|p1a: onion fairy god
|-damage|p1a: onion fairy god|99\/396
|-enditem|p1a: onion fairy god|Leftovers|[from] move: Knock Off|[of] p2a: Absol
|move|p1a: onion fairy god|Giga Drain|p2a: Absol
|-damage|p2a: Absol|150\/271
|-heal|p1a: onion fairy god|160\/396|[from] drain|[of] p2a: Absol
|
|turn|4
|
|switch|p1a: swimmy swim|Alomomola, F|471\/471
|move|p2a: Absol|Knock Off|p1a: swimmy swim
|-damage|p1a: swimmy swim|305\/471
|-enditem|p1a: swimmy swim|Leftovers|[from] move: Knock Off|[of] p2a: Absol
|
|turn|5
|
|switch|p2a: Raikou|Raikou|322\/322
|-ability|p2a: Raikou|Pressure
|move|p1a: swimmy swim|Scald|p2a: Raikou
|-damage|p2a: Raikou|291\/322
|
|turn|6
|
|move|p1a: swimmy swim|Protect|p1a: swimmy swim
|-singleturn|p1a: swimmy swim|Protect
|move|p2a: Raikou|Volt Switch|p1a: swimmy swim
|-activate|p1a: swimmy swim|Protect
|
|turn|7
|
|switch|p1a: Mega Chansey|Blissey, F|656\/656
|move|p2a: Raikou|Volt Switch|p1a: Mega Chansey
|-damage|p1a: Mega Chansey|587\/656
|
|switch|p2a: Mienshao|Mienshao, F|271\/271
|
|-heal|p1a: Mega Chansey|628\/656|[from] item: Leftovers
|turn|8
|
|switch|p1a: woofy woof woof|Granbull, F|384\/384
|-ability|p1a: woofy woof woof|Intimidate|[of] p2a: Mienshao
|-unboost|p2a: Mienshao|atk|1
|move|p2a: Mienshao|U-turn|p1a: woofy woof woof
|-resisted|p1a: woofy woof woof
|-damage|p1a: woofy woof woof|362\/384
|
|switch|p2a: Nidoqueen|Nidoqueen, F|384\/384
|
|-heal|p1a: woofy woof woof|384\/384|[from] item: Leftovers
|turn|9
|
|switch|p1a: bubblsy bubbles|Swampert, F|404\/404
|move|p2a: Nidoqueen|Stealth Rock|p1a: bubblsy bubbles
|-sidestart|p1: pokemonisfun|move: Stealth Rock
|
|turn|10
|
|switch|p2a: Absol|Absol-Mega, M|150\/271
|detailschange|p1a: bubblsy bubbles|Swampert-Mega, F
|-mega|p1a: bubblsy bubbles|Swampert|Swampertite
|move|p1a: bubblsy bubbles|Scald|p2a: Absol
|-damage|p2a: Absol|3\/271
|
|turn|11
|
|switch|p2a: Whimsicott|Whimsicott, M|262\/262
|move|p1a: bubblsy bubbles|Scald|p2a: Whimsicott
|-resisted|p2a: Whimsicott
|-damage|p2a: Whimsicott|202\/262
|
|turn|12
|
|switch|p1a: Mega Chansey|Blissey, F|628\/656
|-damage|p1a: Mega Chansey|546\/656|[from] Stealth Rock
|move|p2a: Whimsicott|U-turn|p1a: Mega Chansey
|-damage|p1a: Mega Chansey|475\/656
|
|switch|p2a: Mienshao|Mienshao, F|271\/271
|
|-heal|p1a: Mega Chansey|516\/656|[from] item: Leftovers
|turn|13
|
|switch|p1a: swimmy swim|Alomomola, F|462\/471
|-damage|p1a: swimmy swim|404\/471|[from] Stealth Rock
|move|p2a: Mienshao|U-turn|p1a: swimmy swim
|-damage|p1a: swimmy swim|337\/471
|
|switch|p2a: Raikou|Raikou|291\/322
|-ability|p2a: Raikou|Pressure
|
|turn|14
|
|switch|p1a: bubblsy bubbles|Swampert-Mega, F|404\/404
|-damage|p1a: bubblsy bubbles|379\/404|[from] Stealth Rock
|move|p2a: Raikou|Volt Switch|p1a: bubblsy bubbles
|-immune|p1a: bubblsy bubbles|[msg]
|
|turn|15
|
|switch|p2a: Whimsicott|Whimsicott, M|202\/262
|move|p1a: bubblsy bubbles|Earthquake|p2a: Whimsicott
|-resisted|p2a: Whimsicott
|-damage|p2a: Whimsicott|110\/262
|
|turn|16
|
|switch|p1a: batsy watzy|Crobat, M|373\/373
|-damage|p1a: batsy watzy|280\/373|[from] Stealth Rock
|move|p2a: Whimsicott|U-turn|p1a: batsy watzy
|-resisted|p1a: batsy watzy
|-damage|p1a: batsy watzy|269\/373
|
|switch|p2a: Raikou|Raikou|291\/322
|-ability|p2a: Raikou|Pressure
|
|-heal|p1a: batsy watzy|292\/373|[from] item: Black Sludge
|turn|17
|
|switch|p1a: Mega Chansey|Blissey, F|516\/656
|-damage|p1a: Mega Chansey|434\/656|[from] Stealth Rock
|move|p2a: Raikou|Thunderbolt|p1a: Mega Chansey
|-damage|p1a: Mega Chansey|350\/656
|
|-heal|p1a: Mega Chansey|391\/656|[from] item: Leftovers
|turn|18
|
|move|p2a: Raikou|Volt Switch|p1a: Mega Chansey
|-damage|p1a: Mega Chansey|316\/656
|
|switch|p2a: Mienshao|Mienshao, F|271\/271
|move|p1a: Mega Chansey|Soft-Boiled|p1a: Mega Chansey
|-heal|p1a: Mega Chansey|644\/656
|
|-heal|p1a: Mega Chansey|656\/656|[from] item: Leftovers
|turn|19
|
|switch|p1a: swimmy swim|Alomomola, F|471\/471
|-damage|p1a: swimmy swim|413\/471|[from] Stealth Rock
|move|p2a: Mienshao|U-turn|p1a: swimmy swim
|-crit|p1a: swimmy swim
|-damage|p1a: swimmy swim|308\/471
|
|switch|p2a: Raikou|Raikou|291\/322
|-ability|p2a: Raikou|Pressure
|
|turn|20
|
|switch|p1a: bubblsy bubbles|Swampert-Mega, F|379\/404
|-damage|p1a: bubblsy bubbles|354\/404|[from] Stealth Rock
|move|p2a: Raikou|Volt Switch|p1a: bubblsy bubbles
|-immune|p1a: bubblsy bubbles|[msg]
|
|turn|21
|
|switch|p2a: Whimsicott|Whimsicott, M|110\/262
|move|p1a: bubblsy bubbles|Earthquake|p2a: Whimsicott
|-resisted|p2a: Whimsicott
|-damage|p2a: Whimsicott|14\/262
|
|turn|22
|
|switch|p1a: batsy watzy|Crobat, M|292\/373
|-damage|p1a: batsy watzy|199\/373|[from] Stealth Rock
|move|p2a: Whimsicott|Switcheroo|p1a: batsy watzy
|-activate|p2a: Whimsicott|move: Trick|[of] p1a: batsy watzy
|-item|p1a: batsy watzy|Choice Specs|[from] Trick
|-item|p2a: Whimsicott|Black Sludge|[from] Trick
|
|-damage|p2a: Whimsicott|0 fnt|[from] item: Black Sludge
|faint|p2a: Whimsicott
|
|switch|p2a: Raikou|Raikou|291\/322
|-ability|p2a: Raikou|Pressure
|turn|23
|
|move|p1a: batsy watzy|Defog|p2a: Raikou
|-unboost|p2a: Raikou|evasion|1
|-sideend|p1: pokemonisfun|Stealth Rock|[from] move: Defog|[of] p1a: batsy watzy
|move|p2a: Raikou|Volt Switch|p1a: batsy watzy
|-supereffective|p1a: batsy watzy
|-damage|p1a: batsy watzy|0 fnt
|faint|p1a: batsy watzy
|
|switch|p2a: Absol|Absol-Mega, M|3\/271
|
|
|switch|p1a: swimmy swim|Alomomola, F|465\/471
|turn|24
|
|move|p2a: Absol|Knock Off|p1a: swimmy swim
|-damage|p1a: swimmy swim|354\/471
|move|p1a: swimmy swim|Scald|p2a: Absol
|-damage|p2a: Absol|0 fnt
|faint|p2a: Absol
|
|
|switch|p2a: Raikou|Raikou|291\/322
|-ability|p2a: Raikou|Pressure
|turn|25
|
|switch|p1a: Mega Chansey|Blissey, F|656\/656
|move|p2a: Raikou|Hidden Power|p1a: Mega Chansey
|-damage|p1a: Mega Chansey|618\/656
|
|-heal|p1a: Mega Chansey|656\/656|[from] item: Leftovers
|turn|26
|
|move|p2a: Raikou|Volt Switch|p1a: Mega Chansey
|-damage|p1a: Mega Chansey|590\/656
|
|switch|p2a: Mienshao|Mienshao, F|271\/271
|move|p1a: Mega Chansey|Seismic Toss|p2a: Mienshao
|-damage|p2a: Mienshao|171\/271
|
|-heal|p1a: Mega Chansey|631\/656|[from] item: Leftovers
|turn|27
|
|switch|p1a: swimmy swim|Alomomola, F|471\/471
|move|p2a: Mienshao|U-turn|p1a: swimmy swim
|-damage|p1a: swimmy swim|399\/471
|
|switch|p2a: Raikou|Raikou|291\/322
|-ability|p2a: Raikou|Pressure
|
|turn|28
|
|switch|p1a: Mega Chansey|Blissey, F|631\/656
|move|p2a: Raikou|Volt Switch|p1a: Mega Chansey
|-damage|p1a: Mega Chansey|564\/656
|
|switch|p2a: Mienshao|Mienshao, F|171\/271
|
|-heal|p1a: Mega Chansey|605\/656|[from] item: Leftovers
|turn|29
|
|switch|p1a: swimmy swim|Alomomola, F|471\/471
|move|p2a: Mienshao|U-turn|p1a: swimmy swim
|-crit|p1a: swimmy swim
|-damage|p1a: swimmy swim|376\/471
|
|switch|p2a: Raikou|Raikou|291\/322
|-ability|p2a: Raikou|Pressure
|
|turn|30
|
|switch|p1a: Mega Chansey|Blissey, F|605\/656
|move|p2a: Raikou|Volt Switch|p1a: Mega Chansey
|-damage|p1a: Mega Chansey|542\/656
|
|switch|p2a: Mienshao|Mienshao, F|171\/271
|
|-heal|p1a: Mega Chansey|583\/656|[from] item: Leftovers
|turn|31
|
|switch|p1a: swimmy swim|Alomomola, F|471\/471
|move|p2a: Mienshao|U-turn|p1a: swimmy swim
|-damage|p1a: swimmy swim|400\/471
|
|switch|p2a: Raikou|Raikou|291\/322
|-ability|p2a: Raikou|Pressure
|
|turn|32
|
|switch|p1a: Mega Chansey|Blissey, F|583\/656
|move|p2a: Raikou|Hidden Power|p1a: Mega Chansey
|-damage|p1a: Mega Chansey|542\/656
|
|-heal|p1a: Mega Chansey|583\/656|[from] item: Leftovers
|turn|33
|
|move|p2a: Raikou|Volt Switch|p1a: Mega Chansey
|-damage|p1a: Mega Chansey|508\/656
|
|switch|p2a: Nidoqueen|Nidoqueen, F|384\/384
|move|p1a: Mega Chansey|Seismic Toss|p2a: Nidoqueen
|-damage|p2a: Nidoqueen|284\/384
|
|-heal|p1a: Mega Chansey|549\/656|[from] item: Leftovers
|turn|34
|
|switch|p1a: bubblsy bubbles|Swampert-Mega, F|354\/404
|move|p2a: Nidoqueen|Stealth Rock|p1a: bubblsy bubbles
|-sidestart|p1: pokemonisfun|move: Stealth Rock
|
|turn|35
|
|switch|p2a: Crobat|Crobat, M|373\/373
|move|p1a: bubblsy bubbles|Scald|p2a: Crobat
|-damage|p2a: Crobat|267\/373
|
|-heal|p2a: Crobat|290\/373|[from] item: Black Sludge
|turn|36
|
|move|p2a: Crobat|Brave Bird|p1a: bubblsy bubbles
|-damage|p1a: bubblsy bubbles|227\/404
|-damage|p2a: Crobat|248\/373|[from] recoil|[of] p1a: bubblsy bubbles
|move|p1a: bubblsy bubbles|Scald|p2a: Crobat
|-damage|p2a: Crobat|134\/373
|
|-heal|p2a: Crobat|157\/373|[from] item: Black Sludge
|turn|37
|
|switch|p1a: swimmy swim|Alomomola, F|471\/471
|-damage|p1a: swimmy swim|413\/471|[from] Stealth Rock
|move|p2a: Crobat|Brave Bird|p1a: swimmy swim
|-damage|p1a: swimmy swim|302\/471
|-damage|p2a: Crobat|120\/373|[from] recoil|[of] p1a: swimmy swim
|
|-heal|p2a: Crobat|143\/373|[from] item: Black Sludge
|turn|38
|
|move|p2a: Crobat|U-turn|p1a: swimmy swim
|-damage|p1a: swimmy swim|256\/471
|
|switch|p2a: Raikou|Raikou|291\/322
|-ability|p2a: Raikou|Pressure
|move|p1a: swimmy swim|Scald|p2a: Raikou
|-damage|p2a: Raikou|258\/322
|
|turn|39
|
|switch|p1a: Mega Chansey|Blissey, F|549\/656
|-damage|p1a: Mega Chansey|467\/656|[from] Stealth Rock
|move|p2a: Raikou|Volt Switch|p1a: Mega Chansey
|-damage|p1a: Mega Chansey|392\/656
|
|switch|p2a: Mienshao|Mienshao, F|171\/271
|
|-heal|p1a: Mega Chansey|433\/656|[from] item: Leftovers
|turn|40
|
|switch|p1a: woofy woof woof|Granbull, F|384\/384
|-damage|p1a: woofy woof woof|336\/384|[from] Stealth Rock
|-ability|p1a: woofy woof woof|Intimidate|[of] p2a: Mienshao
|-unboost|p2a: Mienshao|atk|1
|move|p2a: Mienshao|U-turn|p1a: woofy woof woof
|-resisted|p1a: woofy woof woof
|-damage|p1a: woofy woof woof|314\/384
|
|switch|p2a: Nidoqueen|Nidoqueen, F|284\/384
|
|-heal|p1a: woofy woof woof|338\/384|[from] item: Leftovers
|turn|41
|
|switch|p1a: Mega Chansey|Blissey, F|433\/656
|-damage|p1a: Mega Chansey|351\/656|[from] Stealth Rock
|move|p2a: Nidoqueen|Earth Power|p1a: Mega Chansey
|-damage|p1a: Mega Chansey|218\/656
|
|-heal|p1a: Mega Chansey|259\/656|[from] item: Leftovers
|turn|42
|join|Azkul
|
|switch|p2a: Mienshao|Mienshao, F|171\/271
|move|p1a: Mega Chansey|Soft-Boiled|p1a: Mega Chansey
|-heal|p1a: Mega Chansey|587\/656
|
|-heal|p1a: Mega Chansey|628\/656|[from] item: Leftovers
|turn|43
|c| Azkul|Hey SacriÃ©
|c| Azkul|Sacri'
|c|âSacripan|Hey
|c| Azkul|J'avais un doute sur le premier set de Goodra
|
|switch|p1a: woofy woof woof|Granbull, F|338\/384
|-damage|p1a: woofy woof woof|290\/384|[from] Stealth Rock
|-ability|p1a: woofy woof woof|Intimidate|[of] p2a: Mienshao
|-unboost|p2a: Mienshao|atk|1
|move|p2a: Mienshao|U-turn|p1a: woofy woof woof
|-resisted|p1a: woofy woof woof
|-damage|p1a: woofy woof woof|269\/384
|
|switch|p2a: Nidoqueen|Nidoqueen, F|284\/384
|
|-heal|p1a: woofy woof woof|293\/384|[from] item: Leftovers
|turn|44
|c| Azkul|sur smogon il laissent le choix entre SÃ©isme et Ocroupi
|c| Azkul|je pencherais plutÃ´t pour ocroupi
|c| Azkul|Ã§a gÃ¨re plus de monde
|c|âSacripan|Les deux se valent, sans doute
|
|switch|p2a: Mienshao|Mienshao, F|171\/271
|switch|p1a: Mega Chansey|Blissey, F|628\/656
|-damage|p1a: Mega Chansey|546\/656|[from] Stealth Rock
|
|-heal|p1a: Mega Chansey|587\/656|[from] item: Leftovers
|turn|45
|c| Azkul|aprÃ¨s ocroupi est pas trÃ¨s prÃ©cis
|
|switch|p1a: swimmy swim|Alomomola, F|413\/471
|-damage|p1a: swimmy swim|355\/471|[from] Stealth Rock
|move|p2a: Mienshao|U-turn|p1a: swimmy swim
|-damage|p1a: swimmy swim|292\/471
|c|âSacripan|En effet
|
|switch|p2a: Raikou|Raikou|258\/322
|-ability|p2a: Raikou|Pressure
|
|turn|46
|
|switch|p1a: Mega Chansey|Blissey, F|587\/656
|-damage|p1a: Mega Chansey|505\/656|[from] Stealth Rock
|move|p2a: Raikou|Volt Switch|p1a: Mega Chansey
|-crit|p1a: Mega Chansey
|-damage|p1a: Mega Chansey|402\/656
|
|switch|p2a: Mienshao|Mienshao, F|171\/271
|
|-heal|p1a: Mega Chansey|443\/656|[from] item: Leftovers
|turn|47
|
|switch|p1a: swimmy swim|Alomomola, F|449\/471
|-damage|p1a: swimmy swim|391\/471|[from] Stealth Rock
|move|p2a: Mienshao|U-turn|p1a: swimmy swim
|-crit|p1a: swimmy swim
|-damage|p1a: swimmy swim|292\/471
|
|switch|p2a: Raikou|Raikou|258\/322
|-ability|p2a: Raikou|Pressure
|
|turn|48
|
|switch|p1a: bubblsy bubbles|Swampert-Mega, F|227\/404
|-damage|p1a: bubblsy bubbles|202\/404|[from] Stealth Rock
|move|p2a: Raikou|Volt Switch|p1a: bubblsy bubbles
|-immune|p1a: bubblsy bubbles|[msg]
|
|turn|49
|
|switch|p2a: Crobat|Crobat, M|143\/373
|move|p1a: bubblsy bubbles|Earthquake|p2a: Crobat
|-immune|p2a: Crobat|[msg]
|
|-heal|p2a: Crobat|166\/373|[from] item: Black Sludge
|turn|50
|
|move|p2a: Crobat|Brave Bird|p1a: bubblsy bubbles
|-damage|p1a: bubblsy bubbles|72\/404
|-damage|p2a: Crobat|123\/373|[from] recoil|[of] p1a: bubblsy bubbles
|move|p1a: bubblsy bubbles|Rest|p1a: bubblsy bubbles
|-status|p1a: bubblsy bubbles|slp
|-heal|p1a: bubblsy bubbles|404\/404 slp|[silent]
|-status|p1a: bubblsy bubbles|slp|[from] move: Rest
|
|-heal|p2a: Crobat|146\/373|[from] item: Black Sludge
|turn|51
|c|âSacripan|.cry
|
|move|p2a: Crobat|Brave Bird|p1a: bubblsy bubbles
|-damage|p1a: bubblsy bubbles|271\/404 slp
|-damage|p2a: Crobat|102\/373|[from] recoil|[of] p1a: bubblsy bubbles
|cant|p1a: bubblsy bubbles|slp
|move|p1a: bubblsy bubbles|Sleep Talk|p1a: bubblsy bubbles
|move|p1a: bubblsy bubbles|Earthquake|p2a: Crobat|[from]Sleep Talk
|-immune|p2a: Crobat|[msg]
|
|-heal|p2a: Crobat|125\/373|[from] item: Black Sludge
|turn|52
|
|switch|p1a: swimmy swim|Alomomola, F|449\/471
|-damage|p1a: swimmy swim|391\/471|[from] Stealth Rock
|move|p2a: Crobat|Brave Bird|p1a: swimmy swim
|-damage|p1a: swimmy swim|271\/471
|-damage|p2a: Crobat|85\/373|[from] recoil|[of] p1a: swimmy swim
|
|-heal|p2a: Crobat|108\/373|[from] item: Black Sludge
|turn|53
|
|move|p2a: Crobat|U-turn|p1a: swimmy swim
|-damage|p1a: swimmy swim|222\/471
|
|switch|p2a: Raikou|Raikou|258\/322
|-ability|p2a: Raikou|Pressure
|move|p1a: swimmy swim|Scald|p2a: Raikou
|-damage|p2a: Raikou|227\/322
|
|turn|54
|
|switch|p1a: bubblsy bubbles|Swampert-Mega, F|271\/404 slp
|-damage|p1a: bubblsy bubbles|246\/404 slp|[from] Stealth Rock
|move|p2a: Raikou|Volt Switch|p1a: bubblsy bubbles
|-immune|p1a: bubblsy bubbles|[msg]
|
|turn|55
|
|switch|p1a: Mega Chansey|Blissey, F|443\/656
|-damage|p1a: Mega Chansey|361\/656|[from] Stealth Rock
|move|p2a: Raikou|Hidden Power|p1a: Mega Chansey
|-crit|p1a: Mega Chansey
|-damage|p1a: Mega Chansey|299\/656
|
|-heal|p1a: Mega Chansey|340\/656|[from] item: Leftovers
|turn|56
|
|move|p2a: Raikou|Volt Switch|p1a: Mega Chansey
|-damage|p1a: Mega Chansey|265\/656
|
|switch|p2a: Mienshao|Mienshao, F|171\/271
|move|p1a: Mega Chansey|Soft-Boiled|p1a: Mega Chansey
|-heal|p1a: Mega Chansey|593\/656
|
|-heal|p1a: Mega Chansey|634\/656|[from] item: Leftovers
|turn|57
|
|switch|p1a: woofy woof woof|Granbull, F|293\/384
|-damage|p1a: woofy woof woof|245\/384|[from] Stealth Rock
|-ability|p1a: woofy woof woof|Intimidate|[of] p2a: Mienshao
|-unboost|p2a: Mienshao|atk|1
|move|p2a: Mienshao|U-turn|p1a: woofy woof woof
|-resisted|p1a: woofy woof woof
|-damage|p1a: woofy woof woof|223\/384
|
|switch|p2a: Nidoqueen|Nidoqueen, F|284\/384
|
|-heal|p1a: woofy woof woof|247\/384|[from] item: Leftovers
|turn|58
|
|switch|p2a: Mienshao|Mienshao, F|171\/271
|switch|p1a: Mega Chansey|Blissey, F|634\/656
|-damage|p1a: Mega Chansey|552\/656|[from] Stealth Rock
|
|-heal|p1a: Mega Chansey|593\/656|[from] item: Leftovers
|turn|59
|
|switch|p1a: swimmy swim|Alomomola, F|379\/471
|-damage|p1a: swimmy swim|321\/471|[from] Stealth Rock
|move|p2a: Mienshao|U-turn|p1a: swimmy swim
|-damage|p1a: swimmy swim|248\/471
|
|switch|p2a: Raikou|Raikou|227\/322
|-ability|p2a: Raikou|Pressure
|
|turn|60
|
|switch|p1a: Mega Chansey|Blissey, F|593\/656
|-damage|p1a: Mega Chansey|511\/656|[from] Stealth Rock
|move|p2a: Raikou|Volt Switch|p1a: Mega Chansey
|-crit|p1a: Mega Chansey
|-damage|p1a: Mega Chansey|409\/656
|
|switch|p2a: Mienshao|Mienshao, F|171\/271
|
|-heal|p1a: Mega Chansey|450\/656|[from] item: Leftovers
|turn|61
|
|switch|p1a: swimmy swim|Alomomola, F|405\/471
|-damage|p1a: swimmy swim|347\/471|[from] Stealth Rock
|move|p2a: Mienshao|U-turn|p1a: swimmy swim
|-damage|p1a: swimmy swim|278\/471
|
|switch|p2a: Raikou|Raikou|227\/322
|-ability|p2a: Raikou|Pressure
|
|turn|62
|
|switch|p1a: Mega Chansey|Blissey, F|450\/656
|-damage|p1a: Mega Chansey|368\/656|[from] Stealth Rock
|move|p2a: Raikou|Volt Switch|p1a: Mega Chansey
|-damage|p1a: Mega Chansey|298\/656
|
|switch|p2a: Mienshao|Mienshao, F|171\/271
|
|-heal|p1a: Mega Chansey|339\/656|[from] item: Leftovers
|turn|63
|
|switch|p1a: swimmy swim|Alomomola, F|435\/471
|-damage|p1a: swimmy swim|377\/471|[from] Stealth Rock
|move|p2a: Mienshao|U-turn|p1a: swimmy swim
|-damage|p1a: swimmy swim|314\/471
|
|switch|p2a: Raikou|Raikou|227\/322
|-ability|p2a: Raikou|Pressure
|
|turn|64
|
|switch|p1a: bubblsy bubbles|Swampert-Mega, F|246\/404 slp
|-damage|p1a: bubblsy bubbles|221\/404 slp|[from] Stealth Rock
|move|p2a: Raikou|Hidden Power|p1a: bubblsy bubbles
|-supereffective|p1a: bubblsy bubbles
|-damage|p1a: bubblsy bubbles|53\/404 slp
|
|turn|65
|
|move|p2a: Raikou|Volt Switch|p1a: bubblsy bubbles
|-immune|p1a: bubblsy bubbles|[msg]
|cant|p1a: bubblsy bubbles|slp
|move|p1a: bubblsy bubbles|Sleep Talk|p1a: bubblsy bubbles
|move|p1a: bubblsy bubbles|Earthquake|p2a: Raikou|[from]Sleep Talk
|-supereffective|p2a: Raikou
|-damage|p2a: Raikou|0 fnt
|faint|p2a: Raikou
|
|
|switch|p2a: Crobat|Crobat, M|108\/373
|turn|66
|
|move|p2a: Crobat|Brave Bird|p1a: bubblsy bubbles
|-damage|p1a: bubblsy bubbles|0 fnt
|-damage|p2a: Crobat|91\/373|[from] recoil|[of] p1a: bubblsy bubbles
|faint|p1a: bubblsy bubbles
|
|-heal|p2a: Crobat|114\/373|[from] item: Black Sludge
|
|switch|p1a: swimmy swim|Alomomola, F|471\/471
|-damage|p1a: swimmy swim|413\/471|[from] Stealth Rock
|turn|67
|
|move|p2a: Crobat|U-turn|p1a: swimmy swim
|-damage|p1a: swimmy swim|371\/471
|
|switch|p2a: Nidoqueen|Nidoqueen, F|284\/384
|move|p1a: swimmy swim|Scald|p2a: Nidoqueen
|-supereffective|p2a: Nidoqueen
|-damage|p2a: Nidoqueen|182\/384
|-status|p2a: Nidoqueen|brn
|
|-damage|p2a: Nidoqueen|134\/384 brn|[from] brn
|turn|68
|
|move|p1a: swimmy swim|Protect|p1a: swimmy swim
|-singleturn|p1a: swimmy swim|Protect
|move|p2a: Nidoqueen|Sludge Wave|p1a: swimmy swim
|-activate|p1a: swimmy swim|Protect
|
|-damage|p2a: Nidoqueen|86\/384 brn|[from] brn
|turn|69
|c|âSacripan|I lose
|c|âSacripan|gg
|-message|Sacripan forfeited.
|
|win|pokemonisfun
|raw|Ladder updating...
|raw|pokemonisfun's rating: 1774 &rarr; <strong>1782<\/strong><br \/>(+8 for winning)
|raw|Sacripan's rating: 1526 &rarr; <strong>1518<\/strong><br \/>(-8 for losing)