|join|pokemonisfun
|join|Adil
|player|p1|pokemonisfun|184
|player|p2|Adil|1
|gametype|singles
|gen|6
|tier|UU
|rated
|rule|Sleep Clause Mod: Limit one foe put to sleep
|rule|Species Clause: Limit one of each PokÃ©mon
|rule|OHKO Clause: OHKO moves are banned
|rule|Moody Clause: Moody is banned
|rule|Evasion Moves Clause: Evasion moves are banned
|rule|Endless Battle Clause: Forcing endless battles is banned
|rule|HP Percentage Mod: HP is shown in percentages
|clearpoke
|poke|p1|Blissey, F
|poke|p1|Swampert, M
|poke|p1|Granbull, M
|poke|p1|Alomomola, M
|poke|p1|Crobat, M
|poke|p1|Celebi
|poke|p2|Swampert, F
|poke|p2|Mienshao, M
|poke|p2|Blissey, F
|poke|p2|Jirachi
|poke|p2|Crobat, F
|poke|p2|Alomomola, F
|rule|Swagger Clause: Swagger is banned
|rule|Baton Pass Clause: Limit one PokÃ©mon knowing Baton Pass
|teampreview
|
|start
|switch|p1a: bubblsy bubbles|Swampert, M|404\/404
|switch|p2a: Mienshao|Mienshao, M|271\/271
|turn|1
|
|detailschange|p1a: bubblsy bubbles|Swampert-Mega, M
|-mega|p1a: bubblsy bubbles|Swampert|Swampertite
|move|p2a: Mienshao|Knock Off|p1a: bubblsy bubbles
|-damage|p1a: bubblsy bubbles|304\/404
|move|p1a: bubblsy bubbles|Earthquake|p2a: Mienshao
|-damage|p2a: Mienshao|0 fnt
|faint|p2a: Mienshao
|
|
|switch|p2a: Swampert|Swampert, F|403\/403
|turn|2
|
|switch|p1a: onion fairy god|Celebi|396\/396
|detailschange|p2a: Swampert|Swampert-Mega, F
|-mega|p2a: Swampert|Swampert|Swampertite
|move|p2a: Swampert|Stealth Rock|p1a: onion fairy god
|-sidestart|p1: pokemonisfun|move: Stealth Rock
|
|turn|3
|
|switch|p2a: Jirachi|Jirachi|341\/341
|move|p1a: onion fairy god|Stealth Rock|p2a: Jirachi
|-sidestart|p2: Adil|move: Stealth Rock
|
|turn|4
|
|switch|p1a: bubblsy bubbles|Swampert-Mega, M|304\/404
|-damage|p1a: bubblsy bubbles|279\/404|[from] Stealth Rock
|move|p2a: Jirachi|Trick|p1a: bubblsy bubbles
|-fail|p1a: bubblsy bubbles
|
|turn|5
|
|switch|p2a: Alomomola|Alomomola, F|529\/529
|-damage|p2a: Alomomola|463\/529|[from] Stealth Rock
|move|p1a: bubblsy bubbles|Scald|p2a: Alomomola
|-resisted|p2a: Alomomola
|-damage|p2a: Alomomola|388\/529
|
|-heal|p2a: Alomomola|421\/529|[from] item: Leftovers
|turn|6
|
|move|p2a: Alomomola|Toxic|p1a: bubblsy bubbles
|-status|p1a: bubblsy bubbles|tox
|move|p1a: bubblsy bubbles|Scald|p2a: Alomomola
|-resisted|p2a: Alomomola
|-damage|p2a: Alomomola|341\/529
|-status|p2a: Alomomola|brn
|
|-heal|p2a: Alomomola|374\/529 brn|[from] item: Leftovers
|-damage|p2a: Alomomola|308\/529 brn|[from] brn
|-damage|p1a: bubblsy bubbles|254\/404 tox|[from] psn
|turn|7
|
|switch|p2a: Jirachi|Jirachi|341\/341
|-damage|p2a: Jirachi|320\/341|[from] Stealth Rock
|move|p1a: bubblsy bubbles|Rest|p1a: bubblsy bubbles
|-status|p1a: bubblsy bubbles|slp
|-heal|p1a: bubblsy bubbles|404\/404 slp|[silent]
|-status|p1a: bubblsy bubbles|slp|[from] move: Rest
|
|turn|8
|
|move|p2a: Jirachi|Zen Headbutt|p1a: bubblsy bubbles|[miss]
|-miss|p2a: Jirachi|p1a: bubblsy bubbles
|cant|p1a: bubblsy bubbles|slp
|move|p1a: bubblsy bubbles|Sleep Talk|p1a: bubblsy bubbles
|move|p1a: bubblsy bubbles|Scald|p2a: Jirachi|[from]Sleep Talk
|-damage|p2a: Jirachi|236\/341
|
|turn|9
|
|move|p2a: Jirachi|Zen Headbutt|p1a: bubblsy bubbles
|-damage|p1a: bubblsy bubbles|301\/404 slp
|cant|p1a: bubblsy bubbles|slp
|cant|p1a: bubblsy bubbles|flinch
|
|turn|10
|
|move|p2a: Jirachi|Zen Headbutt|p1a: bubblsy bubbles
|-damage|p1a: bubblsy bubbles|184\/404 slp
|-curestatus|p1a: bubblsy bubbles|slp
|move|p1a: bubblsy bubbles|Earthquake|p2a: Jirachi
|-supereffective|p2a: Jirachi
|-damage|p2a: Jirachi|0 fnt
|faint|p2a: Jirachi
|
|-message|Adil forfeited.
|leave|Adil
|
|win|pokemonisfun
|raw|Ladder updating...
|player|p2
|raw|pokemonisfun's rating: 1763 &rarr; <strong>1774<\/strong><br \/>(+11 for winning)
|raw|Adil's rating: 1587 &rarr; <strong>1576<\/strong><br \/>(-11 for losing)