|join|CoolStoryBrobat
|join|pokemonisfun
|player|p1|CoolStoryBrobat|#coolstorybrobat
|player|p2|pokemonisfun|184
|gametype|singles
|gen|6
|tier|UU
|rule|Sleep Clause Mod: Limit one foe put to sleep
|rule|Species Clause: Limit one of each PokÃ©mon
|rule|OHKO Clause: OHKO moves are banned
|rule|Moody Clause: Moody is banned
|rule|Evasion Moves Clause: Evasion moves are banned
|rule|Endless Battle Clause: Forcing endless battles is banned
|rule|HP Percentage Mod: HP is shown in percentages
|clearpoke
|poke|p1|Infernape, F
|poke|p1|Aerodactyl, M
|poke|p1|Chesnaught, F
|poke|p1|Vaporeon, M
|poke|p1|Forretress, M
|poke|p1|Hydreigon, M
|poke|p2|Zoroark, F
|poke|p2|Shedinja
|poke|p2|Diancie
|poke|p2|Donphan, M
|poke|p2|Lucario, F
|poke|p2|Darmanitan, M
|rule|Swagger Clause: Swagger is banned
|rule|Baton Pass Clause: Limit one PokÃ©mon knowing Baton Pass
|teampreview
|join|Austin
|join|RowDog
|join|SweetDelight
|join|Lucipurrr
|c|âpokemonisfun|wow
|c|âCoolStoryBrobat|My boys wanted to avenge themselves
|c|âpokemonisfun|i always use donphan
|c|âCoolStoryBrobat|You really do
|c|âpokemonisfun|sort of like super claydol
|
|start
|switch|p1a: Vapid|Vaporeon, M|452\/452
|switch|p2a: Donphan|Donphan, M|261\/261
|turn|1
|c|âpokemonisfun|lets go
|
|move|p1a: Vapid|Protect|p1a: Vapid
|-singleturn|p1a: Vapid|Protect
|move|p2a: Donphan|Dark Pulse|p1a: Vapid
|-activate|p1a: Vapid|Protect
|
|turn|2
|
|move|p2a: Donphan|Dark Pulse|p1a: Vapid
|-damage|p1a: Vapid|256\/452
|move|p1a: Vapid|Baton Pass|p1a: Vapid
|c|âpokemonisfun|:[
|
|switch|p1a: Hades|Infernape, F|293\/293
|
|turn|3
|
|switch|p2a: Darmanitan|Darmanitan, M|351\/351
|move|p1a: Hades|Close Combat|p2a: Darmanitan
|-damage|p2a: Darmanitan|0 fnt
|-unboost|p1a: Hades|def|1
|-unboost|p1a: Hades|spd|1
|-damage|p1a: Hades|264\/293|[from] item: Life Orb
|faint|p2a: Darmanitan
|
|join|Time Stall
|c| RowDog|rip
|c| Time Stall|Is pokemon fun?
|join|Alldaalts
|
|switch|p2a: Donphan|Donphan, M|378\/378
|turn|4
|c|+Austin|n
|
|switch|p1a: Vapid|Vaporeon, M|256\/452
|move|p2a: Donphan|Earthquake|p1a: Vapid
|-crit|p1a: Vapid
|-damage|p1a: Vapid|0 fnt
|faint|p1a: Vapid
|
|join|SmogonGayRarely
|c| SmogonGayRarely|Pokemonisfun
|c|âCoolStoryBrobat|Mein Gott
|c|âCoolStoryBrobat|Stop doing that
|c|âpokemonisfun|3 games
|c|âpokemonisfun|3 haxes
|c| SmogonGayRarely|What do you think will be banned from RU
|c|âCoolStoryBrobat|3 is half of 6
|c| SmogonGayRarely|Serp, Drag, or Pidge
|c|âCoolStoryBrobat|666
|c|âCoolStoryBrobat|Satan
|c|âCoolStoryBrobat|#IlluminatiConfirmed
|
|switch|p1a: 50 Cent|Chesnaught, F|380\/380
|turn|5
|c|âpokemonisfun|satan
|
|move|p1a: 50 Cent|Spikes|p2a: Donphan
|-sidestart|p2: pokemonisfun|Spikes
|move|p2a: Donphan|Stealth Rock|p1a: 50 Cent
|-sidestart|p1: CoolStoryBrobat|move: Stealth Rock
|
|turn|6
|
|move|p1a: 50 Cent|Wood Hammer|p2a: Donphan
|-supereffective|p2a: Donphan
|-damage|p2a: Donphan|138\/378
|-damage|p1a: 50 Cent|301\/380|[from] recoil|[of] p2a: Donphan
|move|p2a: Donphan|Rapid Spin|p1a: 50 Cent
|-damage|p1a: 50 Cent|280\/380
|-sideend|p2: pokemonisfun|Spikes|[from] move: Rapid Spin|[of] p2a: Donphan
|
|-heal|p1a: 50 Cent|303\/380|[from] item: Leftovers
|-heal|p2a: Donphan|161\/378|[from] item: Leftovers
|turn|7
|
|move|p1a: 50 Cent|Spikes|p2a: Donphan
|-sidestart|p2: pokemonisfun|Spikes
|move|p2a: Donphan|Rapid Spin|p1a: 50 Cent
|-damage|p1a: 50 Cent|281\/380
|-sideend|p2: pokemonisfun|Spikes|[from] move: Rapid Spin|[of] p2a: Donphan
|
|-heal|p1a: 50 Cent|304\/380|[from] item: Leftovers
|-heal|p2a: Donphan|184\/378|[from] item: Leftovers
|turn|8
|
|move|p1a: 50 Cent|Spikes|p2a: Donphan
|-sidestart|p2: pokemonisfun|Spikes
|move|p2a: Donphan|Rapid Spin|p1a: 50 Cent
|-damage|p1a: 50 Cent|284\/380
|-sideend|p2: pokemonisfun|Spikes|[from] move: Rapid Spin|[of] p2a: Donphan
|
|-heal|p1a: 50 Cent|307\/380|[from] item: Leftovers
|-heal|p2a: Donphan|207\/378|[from] item: Leftovers
|turn|9
|
|move|p1a: 50 Cent|Wood Hammer|p2a: Donphan
|-crit|p2a: Donphan
|-supereffective|p2a: Donphan
|-damage|p2a: Donphan|0 fnt
|-damage|p1a: 50 Cent|239\/380|[from] recoil|[of] p2a: Donphan
|faint|p2a: Donphan
|
|-heal|p1a: 50 Cent|262\/380|[from] item: Leftovers
|c|âCoolStoryBrobat|The crits I don't need :[
|c| RowDog|Q_Q
|
|switch|p2a: Diancie|Diancie|241\/241
|turn|10
|c|âpokemonisfun|ive been too lucky
|c|âpokemonisfun|luck is supposed to be faded out in bo7 plus 2 match
|
|detailschange|p2a: Diancie|Diancie-Mega
|-mega|p2a: Diancie|Diancie|Diancite
|move|p2a: Diancie|Moonblast|p1a: 50 Cent
|-supereffective|p1a: 50 Cent
|-damage|p1a: 50 Cent|0 fnt
|faint|p1a: 50 Cent
|
|c| RowDog|wat?
|c|âCoolStoryBrobat|I had nothing to switch in on that
|c| RowDog|Isntâ that banned?
|c|âCoolStoryBrobat|Forry, sure
|join|dingbat
|c|âCoolStoryBrobat|Nah I think it's retested
|c| RowDog|or are we testing it?
|c|âpokemonisfun|forry then hp fire
|c|âCoolStoryBrobat|He might be HP Fire
|c|âCoolStoryBrobat|yeah
|c| RowDog|oh ok
|
|switch|p1a: Aerosmactyl|Aerodactyl, M|311\/311
|-damage|p1a: Aerosmactyl|234\/311|[from] Stealth Rock
|-ability|p1a: Aerosmactyl|Pressure
|turn|11
|c|+Austin|thought mega diancie was ou
|c|+Austin|cool
|c| dingbat|nop
|c|âCoolStoryBrobat|we wish
|c| dingbat|but it's gonna get banned again
|
|switch|p2a: Shedinja|Shedinja|1\/1
|detailschange|p1a: Aerosmactyl|Aerodactyl-Mega, M
|-mega|p1a: Aerosmactyl|Aerodactyl|Aerodactylite
|move|p1a: Aerosmactyl|Earthquake|p2a: Shedinja
|-activate|p2a: Shedinja|ability: Wonder Guard
|
|turn|12
|join|Mighty Dagon
|c|+Austin|its great
|c| RowDog|obv its going to get banned
|join|Snowballin
|
|switch|p1a: TF2|Forretress, M|354\/354
|-damage|p1a: TF2|310\/354|[from] Stealth Rock
|switch|p2a: Lucario|Lucario, F|281\/281
|
|-heal|p1a: TF2|332\/354|[from] item: Leftovers
|turn|13
|join|r0ady
|c| Mighty Dagon|hp fire luc
|
|move|p2a: Lucario|Close Combat|p1a: TF2
|-damage|p1a: TF2|172\/354
|-unboost|p2a: Lucario|def|1
|-unboost|p2a: Lucario|spd|1
|-damage|p2a: Lucario|253\/281|[from] item: Life Orb
|move|p1a: TF2|Volt Switch|p2a: Lucario
|-damage|p2a: Lucario|181\/281
|c|âpokemonisfun|fire blast luke
|c|âpokemonisfun|!learn lucario, fire punch
|raw|<div class="infobox">Lucario <span class="message-learn-cannotlearn">can't<\/span> learn Fire Punch<\/div>
|c| Mighty Dagon|y no rocks?
|
|switch|p1a: Hades|Infernape, F|264\/293
|-damage|p1a: Hades|228\/293|[from] Stealth Rock
|
|turn|14
|c|âCoolStoryBrobat|Because I don't want to let a Lucario set up
|c| Mighty Dagon|tru
|
|switch|p2a: Zoroark|Zoroark, F|261\/261
|move|p1a: Hades|Mach Punch|p2a: Zoroark
|-supereffective|p2a: Zoroark
|-damage|p2a: Zoroark|0 fnt
|-damage|p1a: Hades|199\/293|[from] item: Life Orb
|faint|p2a: Zoroark
|
|c| Mighty Dagon|lol
|
|switch|p2a: Diancie|Diancie-Mega|241\/241
|turn|15
|c|âpokemonisfun|zoroshit
|leave|dingbat
|
|switch|p1a: TF2|Forretress, M|172\/354
|-damage|p1a: TF2|128\/354|[from] Stealth Rock
|move|p2a: Diancie|Moonblast|p1a: TF2
|-resisted|p1a: TF2
|-damage|p1a: TF2|0 fnt
|faint|p1a: TF2
|
|c| Mighty Dagon|nice resist
|c| SweetDelight|Diancie is so pretty
|c| SmogonGayRarely|dmg
|c| SmogonGayRarely|go make if your waifu fool
|
|switch|p1a: Aerosmactyl|Aerodactyl-Mega, M|234\/311
|-damage|p1a: Aerosmactyl|157\/311|[from] Stealth Rock
|turn|16
|c| r0ady|does aero ohko this
|c|âCoolStoryBrobat|prolly not
|c|âCoolStoryBrobat|But I got to make some kinda play
|
|move|p1a: Aerosmactyl|Earthquake|p2a: Diancie
|-supereffective|p2a: Diancie
|-damage|p2a: Diancie|0 fnt
|faint|p2a: Diancie
|
|c|âCoolStoryBrobat|psyche naw it OHKOes
|c| r0ady|lmao
|c| Mighty Dagon|gg
|
|switch|p2a: Shedinja|Shedinja|1\/1
|turn|17
|c| RowDog|you sneaky bat
|
|move|p1a: Aerosmactyl|Pursuit|p2a: Shedinja
|-supereffective|p2a: Shedinja
|-enditem|p2a: Shedinja|Focus Sash
|-damage|p2a: Shedinja|1\/1
|move|p2a: Shedinja|Swords Dance|p2a: Shedinja
|-boost|p2a: Shedinja|atk|2
|
|turn|18
|c| SweetDelight|Did you just tell me to make Diancie my waifu?
|c| Lucipurrr|lol
|c| RowDog|Sheddy sweep or riot
|c| SmogonGayRarely|n
|c| r0ady|cant luke just set up on hydriegon and win
|c| SmogonGayRarely|idt sheddy kos
|c| r0ady|because sheddy will kil nape
|
|move|p2a: Shedinja|Sucker Punch|p1a: Aerosmactyl
|-damage|p1a: Aerosmactyl|0 fnt
|faint|p1a: Aerosmactyl
|
|c|âCoolStoryBrobat|Luke can't set up on Hydreigon unless it's locked in
|c| SmogonGayRarely|wat
|c|âCoolStoryBrobat|to the wrong move, that is
|c| r0ady|wait
|c| r0ady|fire blast will miss
|c| r0ady|duh
|c| Mighty Dagon|fire blast hydra
|c|âCoolStoryBrobat|I'm surprised you lack Shadow Sneak
|
|switch|p1a: Hades|Infernape, F|199\/293
|-damage|p1a: Hades|163\/293|[from] Stealth Rock
|turn|19
|c|âCoolStoryBrobat|This is a perfect chance to show dual priority sheddy doe
|c|âpokemonisfun|always use wow
|c| SmogonGayRarely|Sucker Punch is stronger
|c|âpokemonisfun|on pokes that get wow
|c| SmogonGayRarely|lol
|
|move|p2a: Shedinja|Shadow Sneak|p1a: Hades
|-crit|p1a: Hades
|-damage|p1a: Hades|0 fnt
|faint|p1a: Hades
|
|c| r0ady|but unreliable af
|c| Mighty Dagon|noice
|c|âCoolStoryBrobat|âCoolStoryBrobat: This is a perfect chance to show dual priority sheddy doe
|c|âCoolStoryBrobat|A critical hit! Hades lost 55.3% of its health!
|c|âCoolStoryBrobat|(It didn't matter)
|
|switch|p1a: Wither|Hydreigon, M|325\/325
|-damage|p1a: Wither|285\/325|[from] Stealth Rock
|turn|20
|c| r0ady|now you miss fire blast
|c| SmogonGayRarely|I swear to god if Shedinja goes UU because of usage from you all
|c|âpokemonisfun|+2 252+ Atk Shedinja Shadow Sneak vs. 0 HP \/ 0 Def Infernape: 148-175 (50.5 - 59.7%) -- guaranteed 2HKO
|c| Mighty Dagon|oh man
|c| r0ady|he had a chance
|c| Lucipurrr|damn
|c|âCoolStoryBrobat|It had a thinc hance
|c| Mighty Dagon|espeed then kills
|c| Mighty Dagon|y\/n
|c|âCoolStoryBrobat|Hydreigon better not fold
|
|move|p2a: Shedinja|Sucker Punch|p1a: Wither
|-resisted|p1a: Wither
|-damage|p1a: Wither|206\/325
|move|p1a: Wither|Fire Blast|p2a: Shedinja
|-supereffective|p2a: Shedinja
|-damage|p2a: Shedinja|0 fnt
|faint|p2a: Shedinja
|
|c|âCoolStoryBrobat|Or I'm spazzing
|
|switch|p2a: Lucario|Lucario, F|181\/281
|turn|21
|c| r0ady|now heres the miss
|c| Mighty Dagon|y u click sucker
|join|Repeater1947
|
|move|p1a: Wither|Fire Blast|p2a: Lucario
|-supereffective|p2a: Lucario
|-damage|p2a: Lucario|0 fnt
|faint|p2a: Lucario
|
|win|CoolStoryBrobat
|c|âCoolStoryBrobat|GG brah
|c| SmogonGayRarely|It's scarf Lucario
|c|âpokemonisfun|GG
|c|âCoolStoryBrobat|2-1