|join|pokemonisfun
|join|ULT Socrates
|player|p1|pokemonisfun|184
|player|p2|ULT Socrates|291
|gametype|singles
|gen|6
|tier|UU
|rated
|rule|Sleep Clause Mod: Limit one foe put to sleep
|rule|Species Clause: Limit one of each PokÃ©mon
|rule|OHKO Clause: OHKO moves are banned
|rule|Moody Clause: Moody is banned
|rule|Evasion Moves Clause: Evasion moves are banned
|rule|Endless Battle Clause: Forcing endless battles is banned
|rule|HP Percentage Mod: HP is shown in percentages
|clearpoke
|poke|p1|Blissey, F
|poke|p1|Swampert, F
|poke|p1|Granbull, F
|poke|p1|Alomomola, M
|poke|p1|Crobat, F
|poke|p1|Celebi
|poke|p2|Krookodile, F
|poke|p2|Jirachi
|poke|p2|Nidoqueen, F
|poke|p2|Machamp, M
|poke|p2|Blastoise, M
|poke|p2|Yanmega, F
|rule|Swagger Clause: Swagger is banned
|rule|Baton Pass Clause: Limit one PokÃ©mon knowing Baton Pass
|teampreview
|c|âULT Socrates|Ohw God no
|c|âULT Socrates|Im crying inside just looking at that team
|
|start
|switch|p1a: bubblsy bubbles|Swampert, F|404\/404
|switch|p2a: Nidoqueen|Nidoqueen, F|345\/345
|turn|1
|c|âpokemonisfun|:\/
|
|detailschange|p1a: bubblsy bubbles|Swampert-Mega, F
|-mega|p1a: bubblsy bubbles|Swampert|Swampertite
|move|p2a: Nidoqueen|Earth Power|p1a: bubblsy bubbles
|-damage|p1a: bubblsy bubbles|256\/404
|move|p1a: bubblsy bubbles|Earthquake|p2a: Nidoqueen
|-supereffective|p2a: Nidoqueen
|-damage|p2a: Nidoqueen|0 fnt
|faint|p2a: Nidoqueen
|
|c|âULT Socrates|Is that how you get to the top?
|c|âULT Socrates|fking stall?
|c|âULT Socrates|really?
|c|âpokemonisfun|:l
|
|switch|p2a: Yanmega|Yanmega, F|313\/313
|turn|2
|
|switch|p1a: Mega Chansey|Blissey, F|651\/651
|move|p2a: Yanmega|Giga Drain|p1a: Mega Chansey
|-damage|p1a: Mega Chansey|583\/651
|-damage|p2a: Yanmega|282\/313|[from] item: Life Orb
|
|-heal|p1a: Mega Chansey|623\/651|[from] item: Leftovers
|-boost|p2a: Yanmega|spe|1|[from] ability: Speed Boost
|turn|3
|
|switch|p2a: Machamp|Machamp, M|383\/383
|move|p1a: Mega Chansey|Toxic|p2a: Machamp
|-status|p2a: Machamp|tox
|
|-heal|p1a: Mega Chansey|651\/651|[from] item: Leftovers
|-damage|p2a: Machamp|360\/383 tox|[from] psn
|turn|4
|
|switch|p1a: woofy woof woof|Granbull, F|384\/384
|-ability|p1a: woofy woof woof|Intimidate|[of] p2a: Machamp
|-unboost|p2a: Machamp|atk|1
|move|p2a: Machamp|Knock Off|p1a: woofy woof woof
|-resisted|p1a: woofy woof woof
|-damage|p1a: woofy woof woof|326\/384
|-enditem|p1a: woofy woof woof|Leftovers|[from] move: Knock Off|[of] p2a: Machamp
|
|-damage|p2a: Machamp|314\/383 tox|[from] psn
|turn|5
|
|switch|p2a: Jirachi|Jirachi|341\/341
|switch|p1a: onion fairy god|Celebi|401\/401
|
|turn|6
|
|move|p2a: Jirachi|U-turn|p1a: onion fairy god
|-supereffective|p1a: onion fairy god
|-damage|p1a: onion fairy god|201\/401
|
|switch|p2a: Krookodile|Krookodile, F|332\/332
|-ability|p2a: Krookodile|Intimidate|[of] p1a: onion fairy god
|-unboost|p1a: onion fairy god|atk|1
|move|p1a: onion fairy god|Stealth Rock|p2a: Krookodile
|-sidestart|p2: ULT Socrates|move: Stealth Rock
|
|-heal|p1a: onion fairy god|226\/401|[from] item: Leftovers
|turn|7
|
|move|p2a: Krookodile|Pursuit|p1a: onion fairy god
|-supereffective|p1a: onion fairy god
|-damage|p1a: onion fairy god|70\/401
|move|p1a: onion fairy god|Giga Drain|p2a: Krookodile
|-supereffective|p2a: Krookodile
|-damage|p2a: Krookodile|86\/332
|-heal|p1a: onion fairy god|193\/401|[from] drain|[of] p2a: Krookodile
|
|-heal|p1a: onion fairy god|218\/401|[from] item: Leftovers
|turn|8
|
|switch|p2a: Machamp|Machamp, M|314\/383 tox
|-damage|p2a: Machamp|291\/383 tox|[from] Stealth Rock
|move|p1a: onion fairy god|Recover|p1a: onion fairy god
|-heal|p1a: onion fairy god|401\/401
|
|-damage|p2a: Machamp|268\/383 tox|[from] psn
|turn|9
|
|switch|p1a: woofy woof woof|Granbull, F|326\/384
|-ability|p1a: woofy woof woof|Intimidate|[of] p2a: Machamp
|-unboost|p2a: Machamp|atk|1
|move|p2a: Machamp|Ice Punch|p1a: woofy woof woof
|-damage|p1a: woofy woof woof|237\/384
|
|-damage|p2a: Machamp|222\/383 tox|[from] psn
|turn|10
|
|switch|p2a: Jirachi|Jirachi|341\/341
|-damage|p2a: Jirachi|320\/341|[from] Stealth Rock
|move|p1a: woofy woof woof|Play Rough|p2a: Jirachi
|-resisted|p2a: Jirachi
|-damage|p2a: Jirachi|263\/341
|
|turn|11
|
|switch|p1a: bubblsy bubbles|Swampert-Mega, F|256\/404
|move|p2a: Jirachi|Iron Head|p1a: bubblsy bubbles
|-resisted|p1a: bubblsy bubbles
|-damage|p1a: bubblsy bubbles|204\/404
|
|turn|12
|
|move|p2a: Jirachi|Iron Head|p1a: bubblsy bubbles
|-resisted|p1a: bubblsy bubbles
|-damage|p1a: bubblsy bubbles|153\/404
|move|p1a: bubblsy bubbles|Earthquake|p2a: Jirachi
|-supereffective|p2a: Jirachi
|-damage|p2a: Jirachi|0 fnt
|faint|p2a: Jirachi
|
|-message|ULT Socrates forfeited.
|leave|ULT Socrates
|
|win|pokemonisfun
|raw|Ladder updating...
|player|p2