|join|pokemonisfun
|join|OGWanka
|player|p1|pokemonisfun|184
|player|p2|OGWanka|150
|gametype|singles
|gen|6
|tier|UU
|rated
|rule|Sleep Clause Mod: Limit one foe put to sleep
|rule|Species Clause: Limit one of each PokÃ©mon
|rule|OHKO Clause: OHKO moves are banned
|rule|Moody Clause: Moody is banned
|rule|Evasion Moves Clause: Evasion moves are banned
|rule|Endless Battle Clause: Forcing endless battles is banned
|rule|HP Percentage Mod: HP is shown in percentages
|clearpoke
|poke|p1|Blissey, F
|poke|p1|Swampert, M
|poke|p1|Granbull, F
|poke|p1|Alomomola, M
|poke|p1|Crobat, F
|poke|p1|Celebi
|poke|p2|Cresselia, F, shiny
|poke|p2|Vaporeon, M, shiny
|poke|p2|Crobat, M
|poke|p2|Nidoqueen, F
|poke|p2|Ampharos, F, shiny
|poke|p2|Snorlax, M
|rule|Swagger Clause: Swagger is banned
|rule|Baton Pass Clause: Limit one PokÃ©mon knowing Baton Pass
|teampreview
|c|âOGWanka|fkin shit
|c|âOGWanka|im like 1470
|c|âOGWanka|wtf
|
|start
|switch|p1a: bubblsy bubbles|Swampert, M|404\/404
|switch|p2a: Nidoqueen|Nidoqueen, F|353\/353
|turn|1
|
|detailschange|p1a: bubblsy bubbles|Swampert-Mega, M
|-mega|p1a: bubblsy bubbles|Swampert|Swampertite
|move|p2a: Nidoqueen|Earth Power|p1a: bubblsy bubbles
|-damage|p1a: bubblsy bubbles|274\/404
|move|p1a: bubblsy bubbles|Earthquake|p2a: Nidoqueen
|-crit|p2a: Nidoqueen
|-supereffective|p2a: Nidoqueen
|-damage|p2a: Nidoqueen|0 fnt
|faint|p2a: Nidoqueen
|
|
|switch|p2a: Cresselia|Cresselia, F, shiny|413\/413
|turn|2
|
|switch|p1a: onion fairy god|Celebi|401\/401
|move|p2a: Cresselia|Calm Mind|p2a: Cresselia
|-boost|p2a: Cresselia|spa|1
|-boost|p2a: Cresselia|spd|1
|
|turn|3
|
|move|p1a: onion fairy god|Stealth Rock|p2a: Cresselia
|-sidestart|p2: OGWanka|move: Stealth Rock
|move|p2a: Cresselia|Calm Mind|p2a: Cresselia
|-boost|p2a: Cresselia|spa|1
|-boost|p2a: Cresselia|spd|1
|
|turn|4
|
|move|p1a: onion fairy god|Perish Song|p1a: onion fairy god
|-fieldactivate|move: Perish Song
|move|p2a: Cresselia|Moonblast|p1a: onion fairy god
|-damage|p1a: onion fairy god|268\/401
|
|-start|p1a: onion fairy god|perish3
|-start|p2a: Cresselia|perish3
|-heal|p1a: onion fairy god|293\/401|[from] item: Leftovers
|turn|5
|
|switch|p2a: Crobat|Crobat, M|355\/355
|-damage|p2a: Crobat|267\/355|[from] Stealth Rock
|move|p1a: onion fairy god|Recover|p1a: onion fairy god
|-heal|p1a: onion fairy god|401\/401
|
|-start|p1a: onion fairy god|perish2
|-heal|p2a: Crobat|289\/355|[from] item: Black Sludge
|turn|6
|
|switch|p1a: swimmy swim|Alomomola, M|471\/471
|move|p2a: Crobat|Taunt|p1a: swimmy swim
|-start|p1a: swimmy swim|move: Taunt
|
|-heal|p2a: Crobat|311\/355|[from] item: Black Sludge
|turn|7
|join|hairy toenail
|
|move|p2a: Crobat|Defog|p1a: swimmy swim
|-unboost|p1a: swimmy swim|evasion|1
|-sideend|p2: OGWanka|Stealth Rock|[from] move: Defog|[of] p2a: Crobat
|move|p1a: swimmy swim|Scald|p2a: Crobat
|-damage|p2a: Crobat|257\/355
|
|-heal|p2a: Crobat|279\/355|[from] item: Black Sludge
|turn|8
|
|switch|p2a: Vaporeon|Vaporeon, M, shiny|451\/451
|move|p1a: swimmy swim|Scald|p2a: Vaporeon
|-immune|p2a: Vaporeon|[msg]
|
|turn|9
|
|switch|p1a: onion fairy god|Celebi|401\/401
|move|p2a: Vaporeon|Scald|p1a: onion fairy god
|-resisted|p1a: onion fairy god
|-damage|p1a: onion fairy god|348\/401
|
|-heal|p1a: onion fairy god|373\/401|[from] item: Leftovers
|turn|10
|
|move|p1a: onion fairy god|Stealth Rock|p2a: Vaporeon
|-sidestart|p2: OGWanka|move: Stealth Rock
|move|p2a: Vaporeon|Scald|p1a: onion fairy god
|-resisted|p1a: onion fairy god
|-damage|p1a: onion fairy god|320\/401
|-status|p1a: onion fairy god|brn
|
|-heal|p1a: onion fairy god|345\/401 brn|[from] item: Leftovers
|-damage|p1a: onion fairy god|295\/401 brn|[from] brn
|turn|11
|
|switch|p1a: bubblsy bubbles|Swampert-Mega, M|274\/404
|switch|p2a: Crobat|Crobat, M|279\/355
|-damage|p2a: Crobat|191\/355|[from] Stealth Rock
|
|-heal|p2a: Crobat|213\/355|[from] item: Black Sludge
|turn|12
|
|switch|p2a: Cresselia|Cresselia, F, shiny|413\/413
|-damage|p2a: Cresselia|362\/413|[from] Stealth Rock
|move|p1a: bubblsy bubbles|Scald|p2a: Cresselia
|-damage|p2a: Cresselia|295\/413
|
|-heal|p2a: Cresselia|320\/413|[from] item: Leftovers
|turn|13
|
|move|p2a: Cresselia|Calm Mind|p2a: Cresselia
|-boost|p2a: Cresselia|spa|1
|-boost|p2a: Cresselia|spd|1
|move|p1a: bubblsy bubbles|Scald|p2a: Cresselia
|-damage|p2a: Cresselia|268\/413
|
|-heal|p2a: Cresselia|293\/413|[from] item: Leftovers
|turn|14
|
|switch|p1a: onion fairy god|Celebi|295\/401
|move|p2a: Cresselia|Moonblast|p1a: onion fairy god
|-damage|p1a: onion fairy god|199\/401
|
|-heal|p1a: onion fairy god|224\/401|[from] item: Leftovers
|-heal|p2a: Cresselia|318\/413|[from] item: Leftovers
|turn|15
|
|switch|p2a: Crobat|Crobat, M|213\/355
|-damage|p2a: Crobat|125\/355|[from] Stealth Rock
|move|p1a: onion fairy god|Perish Song|p1a: onion fairy god
|-fieldactivate|move: Perish Song
|
|-start|p2a: Crobat|perish3
|-start|p1a: onion fairy god|perish3
|-heal|p2a: Crobat|147\/355|[from] item: Black Sludge
|-heal|p1a: onion fairy god|249\/401|[from] item: Leftovers
|turn|16
|
|switch|p1a: swimmy swim|Alomomola, M|471\/471
|move|p2a: Crobat|Defog|p1a: swimmy swim
|-unboost|p1a: swimmy swim|evasion|1
|-sideend|p2: OGWanka|Stealth Rock|[from] move: Defog|[of] p2a: Crobat
|
|-start|p2a: Crobat|perish2
|-heal|p2a: Crobat|169\/355|[from] item: Black Sludge
|turn|17
|
|move|p2a: Crobat|Roost|p2a: Crobat
|-heal|p2a: Crobat|347\/355
|move|p1a: swimmy swim|Scald|p2a: Crobat
|-damage|p2a: Crobat|295\/355
|
|-start|p2a: Crobat|perish1
|-heal|p2a: Crobat|317\/355|[from] item: Black Sludge
|turn|18
|
|switch|p2a: Vaporeon|Vaporeon, M, shiny|451\/451
|move|p1a: swimmy swim|Toxic|p2a: Vaporeon|[miss]
|-miss|p1a: swimmy swim|p2a: Vaporeon
|
|turn|19
|
|move|p2a: Vaporeon|Scald|p1a: swimmy swim
|-resisted|p1a: swimmy swim
|-damage|p1a: swimmy swim|403\/471
|move|p1a: swimmy swim|Toxic|p2a: Vaporeon
|-status|p2a: Vaporeon|tox
|
|-heal|p1a: swimmy swim|432\/471|[from] item: Leftovers
|-damage|p2a: Vaporeon|423\/451 tox|[from] psn
|turn|20
|
|switch|p1a: onion fairy god|Celebi|249\/401
|move|p2a: Vaporeon|Heal Bell|p2a: Vaporeon
|-cureteam|p2a: Vaporeon|[from] move: HealBell
|
|-heal|p1a: onion fairy god|274\/401|[from] item: Leftovers
|-heal|p2a: Vaporeon|451\/451|[from] item: Leftovers
|turn|21
|
|switch|p2a: Crobat|Crobat, M|317\/355
|move|p1a: onion fairy god|Stealth Rock|p2a: Crobat
|-sidestart|p2: OGWanka|move: Stealth Rock
|
|-heal|p2a: Crobat|339\/355|[from] item: Black Sludge
|-heal|p1a: onion fairy god|299\/401|[from] item: Leftovers
|turn|22
|join|LiberalLucario
|
|switch|p1a: swimmy swim|Alomomola, M|471\/471
|move|p2a: Crobat|Defog|p1a: swimmy swim
|-unboost|p1a: swimmy swim|evasion|1
|-sideend|p2: OGWanka|Stealth Rock|[from] move: Defog|[of] p2a: Crobat
|
|-heal|p2a: Crobat|355\/355|[from] item: Black Sludge
|turn|23
|
|move|p2a: Crobat|Taunt|p1a: swimmy swim
|-start|p1a: swimmy swim|move: Taunt
|move|p1a: swimmy swim|Scald|p2a: Crobat
|-damage|p2a: Crobat|300\/355
|-status|p2a: Crobat|brn
|
|-heal|p2a: Crobat|322\/355 brn|[from] item: Black Sludge
|-damage|p2a: Crobat|278\/355 brn|[from] brn
|turn|24
|
|switch|p2a: Vaporeon|Vaporeon, M, shiny|451\/451
|switch|p1a: onion fairy god|Celebi|299\/401
|
|-heal|p1a: onion fairy god|324\/401|[from] item: Leftovers
|turn|25
|
|move|p1a: onion fairy god|Stealth Rock|p2a: Vaporeon
|-sidestart|p2: OGWanka|move: Stealth Rock
|move|p2a: Vaporeon|Heal Bell|p2a: Vaporeon
|-cureteam|p2a: Vaporeon|[from] move: HealBell
|
|-heal|p1a: onion fairy god|349\/401|[from] item: Leftovers
|turn|26
|
|switch|p1a: bubblsy bubbles|Swampert-Mega, M|274\/404
|switch|p2a: Crobat|Crobat, M|278\/355
|-damage|p2a: Crobat|190\/355|[from] Stealth Rock
|
|-heal|p2a: Crobat|212\/355|[from] item: Black Sludge
|turn|27
|
|switch|p2a: Cresselia|Cresselia, F, shiny|318\/413
|-damage|p2a: Cresselia|267\/413|[from] Stealth Rock
|move|p1a: bubblsy bubbles|Scald|p2a: Cresselia
|-damage|p2a: Cresselia|188\/413
|
|-heal|p2a: Cresselia|213\/413|[from] item: Leftovers
|turn|28
|
|move|p2a: Cresselia|Moonlight|p2a: Cresselia
|-heal|p2a: Cresselia|413\/413
|move|p1a: bubblsy bubbles|Scald|p2a: Cresselia
|-damage|p2a: Cresselia|337\/413
|
|-heal|p2a: Cresselia|362\/413|[from] item: Leftovers
|turn|29
|
|switch|p2a: Vaporeon|Vaporeon, M, shiny|451\/451
|-damage|p2a: Vaporeon|395\/451|[from] Stealth Rock
|move|p1a: bubblsy bubbles|Scald|p2a: Vaporeon
|-heal|p2a: Vaporeon|451\/451|[from] ability: Water Absorb|[of] p1a: bubblsy bubbles
|
|turn|30
|
|move|p2a: Vaporeon|Scald|p1a: bubblsy bubbles
|-damage|p1a: bubblsy bubbles|210\/404
|move|p1a: bubblsy bubbles|Rest|p1a: bubblsy bubbles
|-status|p1a: bubblsy bubbles|slp
|-heal|p1a: bubblsy bubbles|404\/404 slp|[silent]
|-status|p1a: bubblsy bubbles|slp|[from] move: Rest
|
|turn|31
|
|switch|p2a: Snorlax|Snorlax, M|524\/524
|-damage|p2a: Snorlax|459\/524|[from] Stealth Rock
|cant|p1a: bubblsy bubbles|slp
|move|p1a: bubblsy bubbles|Sleep Talk|p1a: bubblsy bubbles
|move|p1a: bubblsy bubbles|Rest|p1a: bubblsy bubbles|[from]Sleep Talk
|-fail|p1a: bubblsy bubbles
|
|-heal|p2a: Snorlax|491\/524|[from] item: Leftovers
|turn|32
|
|cant|p1a: bubblsy bubbles|slp
|move|p1a: bubblsy bubbles|Sleep Talk|p1a: bubblsy bubbles
|move|p1a: bubblsy bubbles|Scald|p2a: Snorlax|[from]Sleep Talk
|-damage|p2a: Snorlax|427\/524
|move|p2a: Snorlax|Curse|p2a: Snorlax
|-boost|p2a: Snorlax|atk|1
|-boost|p2a: Snorlax|def|1
|-unboost|p2a: Snorlax|spe|1
|
|-heal|p2a: Snorlax|459\/524|[from] item: Leftovers
|turn|33
|
|switch|p1a: woofy woof woof|Granbull, F|384\/384
|-ability|p1a: woofy woof woof|Intimidate|[of] p2a: Snorlax
|-unboost|p2a: Snorlax|atk|1
|move|p2a: Snorlax|Curse|p2a: Snorlax
|-boost|p2a: Snorlax|atk|1
|-boost|p2a: Snorlax|def|1
|-unboost|p2a: Snorlax|spe|1
|
|-heal|p2a: Snorlax|491\/524|[from] item: Leftovers
|turn|34
|
|move|p2a: Snorlax|Curse|p2a: Snorlax
|-boost|p2a: Snorlax|atk|1
|-boost|p2a: Snorlax|def|1
|-unboost|p2a: Snorlax|spe|1
|move|p1a: woofy woof woof|Roar|p2a: Snorlax
|drag|p2a: Ampharos|Ampharos, F, shiny|384\/384
|-damage|p2a: Ampharos|336\/384|[from] Stealth Rock
|
|turn|35
|
|switch|p1a: bubblsy bubbles|Swampert-Mega, M|404\/404 slp
|detailschange|p2a: Ampharos|Ampharos-Mega, F, shiny
|-mega|p2a: Ampharos|Ampharos|Ampharosite
|-ability|p2a: Ampharos|Mold Breaker
|move|p2a: Ampharos|Volt Switch|p1a: bubblsy bubbles
|-immune|p1a: bubblsy bubbles|[msg]
|
|turn|36
|
|switch|p2a: Vaporeon|Vaporeon, M, shiny|451\/451
|-damage|p2a: Vaporeon|395\/451|[from] Stealth Rock
|-curestatus|p1a: bubblsy bubbles|slp
|move|p1a: bubblsy bubbles|Earthquake|p2a: Vaporeon
|-damage|p2a: Vaporeon|200\/451
|
|-heal|p2a: Vaporeon|228\/451|[from] item: Leftovers
|turn|37
|
|move|p2a: Vaporeon|Wish|p2a: Vaporeon
|move|p1a: bubblsy bubbles|Earthquake|p2a: Vaporeon
|-damage|p2a: Vaporeon|62\/451
|
|-heal|p2a: Vaporeon|90\/451|[from] item: Leftovers
|turn|38
|
|move|p2a: Vaporeon|Protect|p2a: Vaporeon
|-singleturn|p2a: Vaporeon|Protect
|move|p1a: bubblsy bubbles|Earthquake|p2a: Vaporeon
|-activate|p2a: Vaporeon|Protect
|
|-heal|p2a: Vaporeon|315\/451|[from] move: Wish|[wisher] Vaporeon
|-heal|p2a: Vaporeon|343\/451|[from] item: Leftovers
|turn|39
|
|move|p2a: Vaporeon|Wish|p2a: Vaporeon
|move|p1a: bubblsy bubbles|Earthquake|p2a: Vaporeon
|-damage|p2a: Vaporeon|178\/451
|
|-heal|p2a: Vaporeon|206\/451|[from] item: Leftovers
|turn|40
|
|switch|p1a: onion fairy god|Celebi|349\/401
|move|p2a: Vaporeon|Scald|p1a: onion fairy god
|-resisted|p1a: onion fairy god
|-damage|p1a: onion fairy god|299\/401
|-status|p1a: onion fairy god|brn
|
|-heal|p2a: Vaporeon|431\/451|[from] move: Wish|[wisher] Vaporeon
|-heal|p1a: onion fairy god|324\/401 brn|[from] item: Leftovers
|-heal|p2a: Vaporeon|451\/451|[from] item: Leftovers
|-damage|p1a: onion fairy god|274\/401 brn|[from] brn
|turn|41
|
|move|p1a: onion fairy god|Giga Drain|p2a: Vaporeon
|-crit|p2a: Vaporeon
|-supereffective|p2a: Vaporeon
|-damage|p2a: Vaporeon|211\/451
|-heal|p1a: onion fairy god|394\/401 brn|[from] drain|[of] p2a: Vaporeon
|move|p2a: Vaporeon|Scald|p1a: onion fairy god
|-resisted|p1a: onion fairy god
|-damage|p1a: onion fairy god|343\/401 brn
|
|-heal|p1a: onion fairy god|368\/401 brn|[from] item: Leftovers
|-heal|p2a: Vaporeon|239\/451|[from] item: Leftovers
|-damage|p1a: onion fairy god|318\/401 brn|[from] brn
|turn|42
|
|move|p1a: onion fairy god|Giga Drain|p2a: Vaporeon
|-supereffective|p2a: Vaporeon
|-damage|p2a: Vaporeon|87\/451
|-heal|p1a: onion fairy god|394\/401 brn|[from] drain|[of] p2a: Vaporeon
|move|p2a: Vaporeon|Wish|p2a: Vaporeon
|
|-heal|p1a: onion fairy god|401\/401 brn|[from] item: Leftovers
|-heal|p2a: Vaporeon|115\/451|[from] item: Leftovers
|-damage|p1a: onion fairy god|351\/401 brn|[from] brn
|turn|43
|
|switch|p1a: swimmy swim|Alomomola, M|471\/471
|move|p2a: Vaporeon|Protect|p2a: Vaporeon
|-fail|p2a: Vaporeon
|
|-heal|p2a: Vaporeon|340\/451|[from] move: Wish|[wisher] Vaporeon
|-heal|p2a: Vaporeon|368\/451|[from] item: Leftovers
|turn|44
|
|switch|p2a: Crobat|Crobat, M|212\/355
|-damage|p2a: Crobat|124\/355|[from] Stealth Rock
|move|p1a: swimmy swim|Toxic|p2a: Crobat|[miss]
|-miss|p1a: swimmy swim|p2a: Crobat
|
|-heal|p2a: Crobat|146\/355|[from] item: Black Sludge
|turn|45
|
|move|p2a: Crobat|Roost|p2a: Crobat
|-heal|p2a: Crobat|324\/355
|move|p1a: swimmy swim|Scald|p2a: Crobat
|-damage|p2a: Crobat|270\/355
|
|-heal|p2a: Crobat|292\/355|[from] item: Black Sludge
|turn|46
|
|move|p2a: Crobat|Defog|p1a: swimmy swim
|-unboost|p1a: swimmy swim|evasion|1
|-sideend|p2: OGWanka|Stealth Rock|[from] move: Defog|[of] p2a: Crobat
|move|p1a: swimmy swim|Scald|p2a: Crobat
|-damage|p2a: Crobat|234\/355
|
|-heal|p2a: Crobat|256\/355|[from] item: Black Sludge
|turn|47
|
|switch|p2a: Ampharos|Ampharos-Mega, F, shiny|336\/384
|-ability|p2a: Ampharos|Mold Breaker
|move|p1a: swimmy swim|Scald|p2a: Ampharos
|-resisted|p2a: Ampharos
|-damage|p2a: Ampharos|313\/384
|
|turn|48
|
|switch|p1a: Mega Chansey|Blissey, F|651\/651
|switch|p2a: Snorlax|Snorlax, M|491\/524
|
|-heal|p2a: Snorlax|523\/524|[from] item: Leftovers
|turn|49
|
|switch|p1a: woofy woof woof|Granbull, F|384\/384
|-ability|p1a: woofy woof woof|Intimidate|[of] p2a: Snorlax
|-unboost|p2a: Snorlax|atk|1
|move|p2a: Snorlax|Curse|p2a: Snorlax
|-boost|p2a: Snorlax|atk|1
|-boost|p2a: Snorlax|def|1
|-unboost|p2a: Snorlax|spe|1
|
|-heal|p2a: Snorlax|524\/524|[from] item: Leftovers
|turn|50
|
|switch|p1a: onion fairy god|Celebi|351\/401
|move|p2a: Snorlax|Return|p1a: onion fairy god
|-damage|p1a: onion fairy god|260\/401
|
|-heal|p1a: onion fairy god|285\/401|[from] item: Leftovers
|turn|51
|
|move|p1a: onion fairy god|Stealth Rock|p2a: Snorlax
|-sidestart|p2: OGWanka|move: Stealth Rock
|move|p2a: Snorlax|Curse|p2a: Snorlax
|-boost|p2a: Snorlax|atk|1
|-boost|p2a: Snorlax|def|1
|-unboost|p2a: Snorlax|spe|1
|
|-heal|p1a: onion fairy god|310\/401|[from] item: Leftovers
|turn|52
|
|switch|p1a: woofy woof woof|Granbull, F|384\/384
|-ability|p1a: woofy woof woof|Intimidate|[of] p2a: Snorlax
|-unboost|p2a: Snorlax|atk|1
|move|p2a: Snorlax|Return|p1a: woofy woof woof
|-crit|p1a: woofy woof woof
|-damage|p1a: woofy woof woof|219\/384
|
|-heal|p1a: woofy woof woof|243\/384|[from] item: Leftovers
|turn|53
|join|SexMarth
|
|move|p2a: Snorlax|Return|p1a: woofy woof woof
|-damage|p1a: woofy woof woof|137\/384
|move|p1a: woofy woof woof|Roar|p2a: Snorlax
|drag|p2a: Cresselia|Cresselia, F, shiny|362\/413
|-damage|p2a: Cresselia|311\/413|[from] Stealth Rock
|
|-heal|p2a: Cresselia|336\/413|[from] item: Leftovers
|-heal|p1a: woofy woof woof|161\/384|[from] item: Leftovers
|turn|54
|
|move|p2a: Cresselia|Moonblast|p1a: woofy woof woof
|-damage|p1a: woofy woof woof|58\/384
|move|p1a: woofy woof woof|Rest|p1a: woofy woof woof
|-status|p1a: woofy woof woof|slp
|-heal|p1a: woofy woof woof|384\/384 slp|[silent]
|-status|p1a: woofy woof woof|slp|[from] move: Rest
|
|-heal|p2a: Cresselia|361\/413|[from] item: Leftovers
|turn|55
|
|switch|p2a: Crobat|Crobat, M|256\/355
|-damage|p2a: Crobat|168\/355|[from] Stealth Rock
|switch|p1a: onion fairy god|Celebi|310\/401
|
|-heal|p2a: Crobat|190\/355|[from] item: Black Sludge
|-heal|p1a: onion fairy god|335\/401|[from] item: Leftovers
|turn|56
|
|switch|p1a: swimmy swim|Alomomola, M|471\/471
|move|p2a: Crobat|Defog|p1a: swimmy swim
|-unboost|p1a: swimmy swim|evasion|1
|-sideend|p2: OGWanka|Stealth Rock|[from] move: Defog|[of] p2a: Crobat
|
|-heal|p2a: Crobat|212\/355|[from] item: Black Sludge
|turn|57
|
|move|p2a: Crobat|Roost|p2a: Crobat
|-heal|p2a: Crobat|355\/355
|move|p1a: swimmy swim|Scald|p2a: Crobat
|-damage|p2a: Crobat|300\/355
|
|-heal|p2a: Crobat|322\/355|[from] item: Black Sludge
|turn|58
|
|switch|p2a: Ampharos|Ampharos-Mega, F, shiny|313\/384
|-ability|p2a: Ampharos|Mold Breaker
|move|p1a: swimmy swim|Scald|p2a: Ampharos
|-resisted|p2a: Ampharos
|-damage|p2a: Ampharos|293\/384
|
|turn|59
|
|switch|p1a: Mega Chansey|Blissey, F|651\/651
|switch|p2a: Snorlax|Snorlax, M|524\/524
|
|turn|60
|
|move|p1a: Mega Chansey|Heal Bell|p1a: Mega Chansey
|-cureteam|p1a: Mega Chansey|[from] move: HealBell
|move|p2a: Snorlax|Curse|p2a: Snorlax
|-boost|p2a: Snorlax|atk|1
|-boost|p2a: Snorlax|def|1
|-unboost|p2a: Snorlax|spe|1
|
|turn|61
|c| SexMarth|where is the bd
|
|switch|p1a: woofy woof woof|Granbull, F|384\/384
|-ability|p1a: woofy woof woof|Intimidate|[of] p2a: Snorlax
|-unboost|p2a: Snorlax|atk|1
|move|p2a: Snorlax|Curse|p2a: Snorlax
|-boost|p2a: Snorlax|atk|1
|-boost|p2a: Snorlax|def|1
|-unboost|p2a: Snorlax|spe|1
|
|turn|62
|c|âOGWanka|perish song onion would cockblock me anyways
|c|âOGWanka|like its been doing
|c| SexMarth|not with bd
|
|move|p2a: Snorlax|Return|p1a: woofy woof woof
|-damage|p1a: woofy woof woof|218\/384
|move|p1a: woofy woof woof|Roar|p2a: Snorlax
|drag|p2a: Vaporeon|Vaporeon, M, shiny|368\/451
|
|-heal|p2a: Vaporeon|396\/451|[from] item: Leftovers
|-heal|p1a: woofy woof woof|242\/384|[from] item: Leftovers
|turn|63
|c|âOGWanka|ya i guess
|
|switch|p1a: onion fairy god|Celebi|335\/401
|move|p2a: Vaporeon|Scald|p1a: onion fairy god
|-resisted|p1a: onion fairy god
|-damage|p1a: onion fairy god|286\/401
|
|-heal|p1a: onion fairy god|311\/401|[from] item: Leftovers
|-heal|p2a: Vaporeon|424\/451|[from] item: Leftovers
|turn|64
|
|switch|p2a: Crobat|Crobat, M|322\/355
|move|p1a: onion fairy god|Stealth Rock|p2a: Crobat
|-sidestart|p2: OGWanka|move: Stealth Rock
|
|-heal|p2a: Crobat|344\/355|[from] item: Black Sludge
|-heal|p1a: onion fairy god|336\/401|[from] item: Leftovers
|turn|65
|
|switch|p1a: swimmy swim|Alomomola, M|471\/471
|move|p2a: Crobat|Defog|p1a: swimmy swim
|-unboost|p1a: swimmy swim|evasion|1
|-sideend|p2: OGWanka|Stealth Rock|[from] move: Defog|[of] p2a: Crobat
|
|-heal|p2a: Crobat|355\/355|[from] item: Black Sludge
|turn|66
|
|move|p2a: Crobat|Taunt|p1a: swimmy swim
|-start|p1a: swimmy swim|move: Taunt
|move|p1a: swimmy swim|Scald|p2a: Crobat
|-damage|p2a: Crobat|301\/355
|-status|p2a: Crobat|brn
|
|-heal|p2a: Crobat|323\/355 brn|[from] item: Black Sludge
|-damage|p2a: Crobat|279\/355 brn|[from] brn
|turn|67
|
|switch|p2a: Vaporeon|Vaporeon, M, shiny|424\/451
|switch|p1a: onion fairy god|Celebi|336\/401
|
|-heal|p1a: onion fairy god|361\/401|[from] item: Leftovers
|-heal|p2a: Vaporeon|451\/451|[from] item: Leftovers
|turn|68
|
|move|p1a: onion fairy god|Stealth Rock|p2a: Vaporeon
|-sidestart|p2: OGWanka|move: Stealth Rock
|move|p2a: Vaporeon|Heal Bell|p2a: Vaporeon
|-cureteam|p2a: Vaporeon|[from] move: HealBell
|
|-heal|p1a: onion fairy god|386\/401|[from] item: Leftovers
|turn|69
|c|âOGWanka|!dt stealth rocks
No Pokemon, item, move, ability or nature named 'stealth rocks' was found. Showing the data of 'Stealth Rock' instead.
|c|~|\/data-move Stealth Rock
|raw|<font size="1"><font color=#585858>Priority:<\/font> 0&nbsp;|&ThickSpace;<font color=#585858><font color=black>&#10003; Bounceable<\/font><\/font>&nbsp;|&ThickSpace;<font color=#585858>Target:<\/font> Opposing Side<\/font>
|join|THEiTodd
|join|Austin
|
|switch|p1a: bubblsy bubbles|Swampert-Mega, M|404\/404
|switch|p2a: Crobat|Crobat, M|279\/355
|-damage|p2a: Crobat|191\/355|[from] Stealth Rock
|
|-heal|p2a: Crobat|213\/355|[from] item: Black Sludge
|turn|70
|c|âpokemonisfun|hey senpai
|c| THEiTodd|hi
|c| THEiTodd|are you doing good
|c| THEiTodd|:)
|
|move|p2a: Crobat|Defog|p1a: bubblsy bubbles
|-unboost|p1a: bubblsy bubbles|evasion|1
|-sideend|p2: OGWanka|Stealth Rock|[from] move: Defog|[of] p2a: Crobat
|move|p1a: bubblsy bubbles|Scald|p2a: Crobat
|-crit|p2a: Crobat
|-damage|p2a: Crobat|59\/355
|-status|p2a: Crobat|brn
|
|-heal|p2a: Crobat|81\/355 brn|[from] item: Black Sludge
|-damage|p2a: Crobat|37\/355 brn|[from] brn
|turn|71
|join|Gogoplata
|c|âpokemonisfun|got em
|c|âpokemonisfun|:]
|c| THEiTodd|ez
|c|âOGWanka|there it is
|c| THEiTodd|:]
|c|âOGWanka|bound to happen
|c|âpokemonisfun|i win the second u come in
|join|ult xmarth
|c|âpokemonisfun|:]]]]]
|
|move|p2a: Crobat|Roost|p2a: Crobat
|-heal|p2a: Crobat|215\/355 brn
|move|p1a: bubblsy bubbles|Earthquake|p2a: Crobat
|-supereffective|p2a: Crobat
|-damage|p2a: Crobat|0 fnt
|faint|p2a: Crobat
|
|c| THEiTodd|you're welcome :)
|c|âpokemonisfun|thanks ^.^
|
|switch|p2a: Snorlax|Snorlax, M|524\/524
|turn|72
|c| Gogoplata|ull be back in 1st after this
|
|switch|p1a: batsy watzy|Crobat, F|373\/373
|move|p2a: Snorlax|Curse|p2a: Snorlax
|-boost|p2a: Snorlax|atk|1
|-boost|p2a: Snorlax|def|1
|-unboost|p2a: Snorlax|spe|1
|
|turn|73
|c|âOGWanka|lol srry marth i couldnt stop him
|
|move|p1a: batsy watzy|Haze|p1a: batsy watzy
|-clearallboost
|move|p2a: Snorlax|Return|p1a: batsy watzy
|-damage|p1a: batsy watzy|211\/373
|
|-heal|p1a: batsy watzy|234\/373|[from] item: Black Sludge
|turn|74
|c| ult xmarth|thats the best attitude =\/
|c|âOGWanka|its ok he'll only be like 10 points ahead
|c|âpokemonisfun|im winning for senpai ^____^
|
|move|p1a: batsy watzy|Roost|p1a: batsy watzy
|-heal|p1a: batsy watzy|373\/373
|move|p2a: Snorlax|Curse|p2a: Snorlax
|-boost|p2a: Snorlax|atk|1
|-boost|p2a: Snorlax|def|1
|-unboost|p2a: Snorlax|spe|1
|
|turn|75
|
|switch|p2a: Cresselia|Cresselia, F, shiny|361\/413
|move|p1a: batsy watzy|Haze|p1a: batsy watzy
|-clearallboost
|
|-heal|p2a: Cresselia|386\/413|[from] item: Leftovers
|turn|76
|
|switch|p1a: Mega Chansey|Blissey, F|651\/651
|switch|p2a: Snorlax|Snorlax, M|524\/524
|
|turn|77
|
|switch|p1a: batsy watzy|Crobat, F|373\/373
|move|p2a: Snorlax|Return|p1a: batsy watzy
|-damage|p1a: batsy watzy|229\/373
|
|-heal|p1a: batsy watzy|252\/373|[from] item: Black Sludge
|turn|78
|
|switch|p2a: Cresselia|Cresselia, F, shiny|386\/413
|move|p1a: batsy watzy|Roost|p1a: batsy watzy
|-heal|p1a: batsy watzy|373\/373
|
|-heal|p2a: Cresselia|411\/413|[from] item: Leftovers
|turn|79
|join|Dread Plate
|
|switch|p1a: onion fairy god|Celebi|386\/401
|move|p2a: Cresselia|Calm Mind|p2a: Cresselia
|-boost|p2a: Cresselia|spa|1
|-boost|p2a: Cresselia|spd|1
|
|-heal|p1a: onion fairy god|401\/401|[from] item: Leftovers
|-heal|p2a: Cresselia|413\/413|[from] item: Leftovers
|turn|80
|
|move|p1a: onion fairy god|Stealth Rock|p2a: Cresselia
|-sidestart|p2: OGWanka|move: Stealth Rock
|move|p2a: Cresselia|Calm Mind|p2a: Cresselia
|-boost|p2a: Cresselia|spa|1
|-boost|p2a: Cresselia|spd|1
|
|turn|81
|
|move|p1a: onion fairy god|Perish Song|p1a: onion fairy god
|-fieldactivate|move: Perish Song
|move|p2a: Cresselia|Moonblast|p1a: onion fairy god
|-damage|p1a: onion fairy god|276\/401
|
|-start|p1a: onion fairy god|perish3
|-start|p2a: Cresselia|perish3
|-heal|p1a: onion fairy god|301\/401|[from] item: Leftovers
|turn|82
|
|move|p1a: onion fairy god|Giga Drain|p2a: Cresselia
|-damage|p2a: Cresselia|379\/413
|-heal|p1a: onion fairy god|318\/401|[from] drain|[of] p2a: Cresselia
|move|p2a: Cresselia|Psyshock|p1a: onion fairy god
|-resisted|p1a: onion fairy god
|-damage|p1a: onion fairy god|251\/401
|
|-start|p1a: onion fairy god|perish2
|-start|p2a: Cresselia|perish2
|-heal|p1a: onion fairy god|276\/401|[from] item: Leftovers
|-heal|p2a: Cresselia|404\/413|[from] item: Leftovers
|turn|83
|
|switch|p1a: swimmy swim|Alomomola, M|471\/471
|move|p2a: Cresselia|Moonblast|p1a: swimmy swim
|-damage|p1a: swimmy swim|310\/471
|-unboost|p1a: swimmy swim|spa|1
|
|-start|p2a: Cresselia|perish1
|-heal|p2a: Cresselia|413\/413|[from] item: Leftovers
|-heal|p1a: swimmy swim|339\/471|[from] item: Leftovers
|turn|84
|leave|ult xmarth
|
|switch|p2a: Ampharos|Ampharos-Mega, F, shiny|293\/384
|-damage|p2a: Ampharos|245\/384|[from] Stealth Rock
|-ability|p2a: Ampharos|Mold Breaker
|move|p1a: swimmy swim|Toxic|p2a: Ampharos|[miss]
|-miss|p1a: swimmy swim|p2a: Ampharos
|
|-heal|p1a: swimmy swim|368\/471|[from] item: Leftovers
|turn|85
|
|switch|p1a: bubblsy bubbles|Swampert-Mega, M|404\/404
|move|p2a: Ampharos|Volt Switch|p1a: bubblsy bubbles
|-immune|p1a: bubblsy bubbles|[msg]
|
|turn|86
|join|xMarth
|
|switch|p2a: Vaporeon|Vaporeon, M, shiny|451\/451
|-damage|p2a: Vaporeon|395\/451|[from] Stealth Rock
|move|p1a: bubblsy bubbles|Earthquake|p2a: Vaporeon
|-damage|p2a: Vaporeon|200\/451
|
|-heal|p2a: Vaporeon|228\/451|[from] item: Leftovers
|turn|87
|c|âOGWanka|gg
|-message|OGWanka forfeited.
|c|âpokemonisfun|GG
|-message|OGWanka forfeited.
|leave|OGWanka
|
|win|pokemonisfun
|raw|Ladder updating...
|leave|LiberalLucario
|raw|pokemonisfun's rating: 1698 &rarr; <strong>1706<\/strong><br \/>(+8 for winning)
|raw|OGWanka's rating: 1468 &rarr; <strong>1460<\/strong><br \/>(-8 for losing)