|join|pokemonisfun
|join|i wish i had hoes
|player|p1|pokemonisfun|102
|player|p2|i wish i had hoes|220
|gametype|singles
|gen|6
|tier|UU
|rule|Sleep Clause Mod: Limit one foe put to sleep
|rule|Species Clause: Limit one of each PokÃ©mon
|rule|OHKO Clause: OHKO moves are banned
|rule|Moody Clause: Moody is banned
|rule|Evasion Moves Clause: Evasion moves are banned
|rule|Endless Battle Clause: Forcing endless battles is banned
|rule|HP Percentage Mod: HP is shown in percentages
|clearpoke
|poke|p1|Blissey, F
|poke|p1|Swampert, F
|poke|p1|Granbull, M
|poke|p1|Alomomola, F
|poke|p1|Crobat, M
|poke|p1|Celebi
|poke|p2|Serperior, F
|poke|p2|Jirachi
|poke|p2|Swampert, F
|poke|p2|Gligar, M
|poke|p2|Suicune
|poke|p2|Machamp, F
|rule|Swagger Clause: Swagger is banned
|rule|Baton Pass Clause: Limit one PokÃ©mon knowing Baton Pass
|teampreview
|join|Acast
|c|âi wish i had hoes|hi
|c|+Acast|Serperior in UU. Interesting
|c|âpokemonisfun|hey there
|
|start
|switch|p1a: bubblsy bubbles|Swampert, F|404\/404
|switch|p2a: Swampert|Swampert, F|401\/401
|turn|1
|
|detailschange|p2a: Swampert|Swampert-Mega, F
|-mega|p2a: Swampert|Swampert|Swampertite
|detailschange|p1a: bubblsy bubbles|Swampert-Mega, F
|-mega|p1a: bubblsy bubbles|Swampert|Swampertite
|move|p1a: bubblsy bubbles|Scald|p2a: Swampert
|-damage|p2a: Swampert|314\/401
|move|p2a: Swampert|Scald|p1a: bubblsy bubbles
|-damage|p1a: bubblsy bubbles|344\/404
|
|turn|2
|
|move|p2a: Swampert|Scald|p1a: bubblsy bubbles
|-damage|p1a: bubblsy bubbles|278\/404
|move|p1a: bubblsy bubbles|Scald|p2a: Swampert
|-damage|p2a: Swampert|227\/401
|
|turn|3
|
|move|p2a: Swampert|Scald|p1a: bubblsy bubbles
|-damage|p1a: bubblsy bubbles|218\/404
|move|p1a: bubblsy bubbles|Earthquake|p2a: Swampert
|-damage|p2a: Swampert|104\/401
|
|turn|4
|
|switch|p2a: Serperior|Serperior, F|291\/291
|move|p1a: bubblsy bubbles|Earthquake|p2a: Serperior
|-resisted|p2a: Serperior
|-damage|p2a: Serperior|207\/291
|
|turn|5
|
|switch|p1a: batsy watzy|Crobat, M|373\/373
|move|p2a: Serperior|Glare|p1a: batsy watzy
|-status|p1a: batsy watzy|par
|
|turn|6
|
|switch|p2a: Jirachi|Jirachi|341\/341
|switch|p1a: Mega Chansey|Blissey, F|652\/652
|
|turn|7
|
|switch|p1a: bubblsy bubbles|Swampert-Mega, F|218\/404
|move|p2a: Jirachi|Iron Head|p1a: bubblsy bubbles
|-resisted|p1a: bubblsy bubbles
|-damage|p1a: bubblsy bubbles|164\/404
|
|turn|8
|
|switch|p2a: Swampert|Swampert-Mega, F|104\/401
|move|p1a: bubblsy bubbles|Rest|p1a: bubblsy bubbles
|-status|p1a: bubblsy bubbles|slp
|-heal|p1a: bubblsy bubbles|404\/404 slp|[silent]
|-status|p1a: bubblsy bubbles|slp|[from] move: Rest
|
|turn|9
|
|switch|p1a: onion fairy god|Celebi|396\/396
|move|p2a: Swampert|Stealth Rock|p1a: onion fairy god
|-sidestart|p1: pokemonisfun|move: Stealth Rock
|
|turn|10
|
|switch|p2a: Gligar|Gligar, M|333\/333
|move|p1a: onion fairy god|Stealth Rock|p2a: Gligar
|-sidestart|p2: i wish i had hoes|move: Stealth Rock
|
|turn|11
|
|switch|p1a: batsy watzy|Crobat, M|373\/373 par
|-damage|p1a: batsy watzy|280\/373 par|[from] Stealth Rock
|move|p2a: Gligar|U-turn|p1a: batsy watzy
|-resisted|p1a: batsy watzy
|-damage|p1a: batsy watzy|268\/373 par
|
|switch|p2a: Suicune|Suicune|404\/404
|-damage|p2a: Suicune|354\/404|[from] Stealth Rock
|-ability|p2a: Suicune|Pressure
|
|-heal|p1a: batsy watzy|291\/373 par|[from] item: Black Sludge
|turn|12
|
|switch|p1a: Mega Chansey|Blissey, F|652\/652
|-damage|p1a: Mega Chansey|571\/652|[from] Stealth Rock
|move|p2a: Suicune|Calm Mind|p2a: Suicune
|-boost|p2a: Suicune|spa|1
|-boost|p2a: Suicune|spd|1
|
|-heal|p1a: Mega Chansey|611\/652|[from] item: Leftovers
|turn|13
|
|move|p2a: Suicune|Calm Mind|p2a: Suicune
|-boost|p2a: Suicune|spa|1
|-boost|p2a: Suicune|spd|1
|move|p1a: Mega Chansey|Heal Bell|p1a: Mega Chansey
|-cureteam|p1a: Mega Chansey|[from] move: HealBell
|
|-heal|p1a: Mega Chansey|651\/652|[from] item: Leftovers
|turn|14
|join|Jetpack
|
|move|p2a: Suicune|Calm Mind|p2a: Suicune
|-boost|p2a: Suicune|spa|1
|-boost|p2a: Suicune|spd|1
|move|p1a: Mega Chansey|Toxic|p2a: Suicune
|-status|p2a: Suicune|tox
|
|-heal|p1a: Mega Chansey|652\/652|[from] item: Leftovers
|-damage|p2a: Suicune|329\/404 tox|[from] psn
|turn|15
|
|move|p2a: Suicune|Calm Mind|p2a: Suicune
|-boost|p2a: Suicune|spa|1
|-boost|p2a: Suicune|spd|1
|move|p1a: Mega Chansey|Seismic Toss|p2a: Suicune
|-damage|p2a: Suicune|229\/404 tox
|
|-damage|p2a: Suicune|179\/404 tox|[from] psn
|turn|16
|
|switch|p1a: onion fairy god|Celebi|396\/396
|-damage|p1a: onion fairy god|347\/396|[from] Stealth Rock
|move|p2a: Suicune|Rest|p2a: Suicune
|-status|p2a: Suicune|slp
|-heal|p2a: Suicune|404\/404 slp|[silent]
|-status|p2a: Suicune|slp|[from] move: Rest
|-enditem|p2a: Suicune|Chesto Berry|[eat]
|-curestatus|p2a: Suicune|slp
|
|-heal|p1a: onion fairy god|371\/396|[from] item: Leftovers
|turn|17
|c|âpokemonisfun|oh
|
|switch|p1a: Mega Chansey|Blissey, F|652\/652
|-damage|p1a: Mega Chansey|571\/652|[from] Stealth Rock
|move|p2a: Suicune|Ice Beam|p1a: Mega Chansey
|-damage|p1a: Mega Chansey|405\/652
|
|-heal|p1a: Mega Chansey|445\/652|[from] item: Leftovers
|turn|18
|c|âpokemonisfun|i didnt see no leftovers
|
|move|p2a: Suicune|Scald|p1a: Mega Chansey
|-damage|p1a: Mega Chansey|243\/652
|move|p1a: Mega Chansey|Soft-Boiled|p1a: Mega Chansey
|-heal|p1a: Mega Chansey|569\/652
|
|-heal|p1a: Mega Chansey|609\/652|[from] item: Leftovers
|turn|19
|
|move|p2a: Suicune|Scald|p1a: Mega Chansey
|-damage|p1a: Mega Chansey|404\/652
|-status|p1a: Mega Chansey|brn
|move|p1a: Mega Chansey|Toxic|p2a: Suicune
|-status|p2a: Suicune|tox
|
|-heal|p1a: Mega Chansey|444\/652 brn|[from] item: Leftovers
|-damage|p2a: Suicune|379\/404 tox|[from] psn
|-damage|p1a: Mega Chansey|363\/652 brn|[from] brn
|turn|20
|
|move|p2a: Suicune|Calm Mind|p2a: Suicune
|-boost|p2a: Suicune|spa|1
|-boost|p2a: Suicune|spd|1
|move|p1a: Mega Chansey|Soft-Boiled|p1a: Mega Chansey
|-heal|p1a: Mega Chansey|652\/652 brn
|
|-damage|p2a: Suicune|329\/404 tox|[from] psn
|-damage|p1a: Mega Chansey|571\/652 brn|[from] brn
|turn|21
|
|move|p2a: Suicune|Scald|p1a: Mega Chansey
|-crit|p1a: Mega Chansey
|-damage|p1a: Mega Chansey|202\/652 brn
|move|p1a: Mega Chansey|Soft-Boiled|p1a: Mega Chansey
|-heal|p1a: Mega Chansey|528\/652 brn
|
|-heal|p1a: Mega Chansey|568\/652 brn|[from] item: Leftovers
|-damage|p2a: Suicune|254\/404 tox|[from] psn
|-damage|p1a: Mega Chansey|487\/652 brn|[from] brn
|turn|22
|
|move|p2a: Suicune|Calm Mind|p2a: Suicune
|-boost|p2a: Suicune|spa|1
|-boost|p2a: Suicune|spd|1
|move|p1a: Mega Chansey|Soft-Boiled|p1a: Mega Chansey
|-heal|p1a: Mega Chansey|652\/652 brn
|
|-damage|p2a: Suicune|154\/404 tox|[from] psn
|-damage|p1a: Mega Chansey|571\/652 brn|[from] brn
|turn|23
|
|move|p2a: Suicune|Rest|p2a: Suicune
|-status|p2a: Suicune|slp
|-heal|p2a: Suicune|404\/404 slp|[silent]
|-status|p2a: Suicune|slp|[from] move: Rest
|move|p1a: Mega Chansey|Heal Bell|p1a: Mega Chansey
|-cureteam|p1a: Mega Chansey|[from] move: HealBell
|
|-heal|p1a: Mega Chansey|611\/652|[from] item: Leftovers
|turn|24
|
|switch|p1a: woofy woof woof|Granbull, M|384\/384
|-damage|p1a: woofy woof woof|336\/384|[from] Stealth Rock
|-ability|p1a: woofy woof woof|Intimidate|[of] p2a: Suicune
|-unboost|p2a: Suicune|atk|1
|cant|p2a: Suicune|slp
|
|-heal|p1a: woofy woof woof|360\/384|[from] item: Leftovers
|turn|25
|
|cant|p2a: Suicune|slp
|move|p1a: woofy woof woof|Roar|p2a: Suicune
|drag|p2a: Serperior|Serperior, F|207\/291
|-damage|p2a: Serperior|171\/291|[from] Stealth Rock
|
|-heal|p1a: woofy woof woof|384\/384|[from] item: Leftovers
|turn|26
|
|switch|p1a: Mega Chansey|Blissey, F|611\/652
|-damage|p1a: Mega Chansey|530\/652|[from] Stealth Rock
|move|p2a: Serperior|Leaf Storm|p1a: Mega Chansey
|-damage|p1a: Mega Chansey|417\/652
|-boost|p2a: Serperior|spa|2
|-damage|p2a: Serperior|142\/291|[from] item: Life Orb
|
|-heal|p1a: Mega Chansey|457\/652|[from] item: Leftovers
|turn|27
|
|move|p2a: Serperior|Giga Drain|p1a: Mega Chansey
|-damage|p1a: Mega Chansey|317\/652
|-heal|p2a: Serperior|212\/291|[from] drain|[of] p1a: Mega Chansey
|-damage|p2a: Serperior|183\/291|[from] item: Life Orb
|move|p1a: Mega Chansey|Soft-Boiled|p1a: Mega Chansey
|-heal|p1a: Mega Chansey|643\/652
|
|-heal|p1a: Mega Chansey|652\/652|[from] item: Leftovers
|turn|28
|
|move|p2a: Serperior|Leaf Storm|p1a: Mega Chansey|[miss]
|-miss|p2a: Serperior|p1a: Mega Chansey
|move|p1a: Mega Chansey|Toxic|p2a: Serperior
|-status|p2a: Serperior|tox
|
|-damage|p2a: Serperior|165\/291 tox|[from] psn
|turn|29
|
|move|p2a: Serperior|Leaf Storm|p1a: Mega Chansey
|-damage|p1a: Mega Chansey|430\/652
|-boost|p2a: Serperior|spa|2
|-damage|p2a: Serperior|136\/291 tox|[from] item: Life Orb
|move|p1a: Mega Chansey|Soft-Boiled|p1a: Mega Chansey
|-heal|p1a: Mega Chansey|652\/652
|
|-damage|p2a: Serperior|100\/291 tox|[from] psn
|turn|30
|leave|Acast
|join|Acast
|
|switch|p2a: Machamp|Machamp, F|345\/345
|-damage|p2a: Machamp|324\/345|[from] Stealth Rock
|move|p1a: Mega Chansey|Soft-Boiled|p1a: Mega Chansey
|-fail|p1a: Mega Chansey
|
|turn|31
|
|switch|p1a: woofy woof woof|Granbull, M|384\/384
|-damage|p1a: woofy woof woof|336\/384|[from] Stealth Rock
|-ability|p1a: woofy woof woof|Intimidate|[of] p2a: Machamp
|-unboost|p2a: Machamp|atk|1
|move|p2a: Machamp|Knock Off|p1a: woofy woof woof
|-resisted|p1a: woofy woof woof
|-damage|p1a: woofy woof woof|297\/384
|-enditem|p1a: woofy woof woof|Leftovers|[from] move: Knock Off|[of] p2a: Machamp
|
|turn|32
|join|Hairy Toenail
|
|switch|p2a: Gligar|Gligar, M|333\/333
|-damage|p2a: Gligar|292\/333|[from] Stealth Rock
|move|p1a: woofy woof woof|Play Rough|p2a: Gligar
|-damage|p2a: Gligar|214\/333
|
|turn|33
|
|switch|p1a: bubblsy bubbles|Swampert-Mega, F|404\/404
|-damage|p1a: bubblsy bubbles|379\/404|[from] Stealth Rock
|move|p2a: Gligar|U-turn|p1a: bubblsy bubbles
|-damage|p1a: bubblsy bubbles|341\/404
|
|switch|p2a: Jirachi|Jirachi|341\/341
|-damage|p2a: Jirachi|320\/341|[from] Stealth Rock
|
|turn|34
|
|move|p2a: Jirachi|Healing Wish|p2a: Jirachi
|faint|p2a: Jirachi
|move|p1a: bubblsy bubbles|Earthquake|p2: Jirachi|[notarget]
|-notarget
|
|
|switch|p2a: Serperior|Serperior, F|100\/291 tox
|-heal|p2a: Serperior|291\/291|[from] move: Healing Wish
|-damage|p2a: Serperior|255\/291|[from] Stealth Rock
|turn|35
|
|switch|p1a: Mega Chansey|Blissey, F|652\/652
|-damage|p1a: Mega Chansey|571\/652|[from] Stealth Rock
|move|p2a: Serperior|Leaf Storm|p1a: Mega Chansey
|-damage|p1a: Mega Chansey|458\/652
|-boost|p2a: Serperior|spa|2
|-damage|p2a: Serperior|226\/291|[from] item: Life Orb
|
|-heal|p1a: Mega Chansey|498\/652|[from] item: Leftovers
|turn|36
|
|switch|p2a: Machamp|Machamp, F|324\/345
|-damage|p2a: Machamp|303\/345|[from] Stealth Rock
|move|p1a: Mega Chansey|Soft-Boiled|p1a: Mega Chansey
|-heal|p1a: Mega Chansey|652\/652
|
|turn|37
|
|switch|p1a: swimmy swim|Alomomola, F|471\/471
|-damage|p1a: swimmy swim|413\/471|[from] Stealth Rock
|move|p2a: Machamp|Heavy Slam|p1a: swimmy swim
|-resisted|p1a: swimmy swim
|-damage|p1a: swimmy swim|357\/471
|
|-heal|p1a: swimmy swim|386\/471|[from] item: Leftovers
|turn|38
|
|switch|p2a: Suicune|Suicune|404\/404 slp
|-damage|p2a: Suicune|354\/404 slp|[from] Stealth Rock
|-ability|p2a: Suicune|Pressure
|move|p1a: swimmy swim|Wish|p1a: swimmy swim
|
|-heal|p1a: swimmy swim|415\/471|[from] item: Leftovers
|turn|39
|
|-curestatus|p2a: Suicune|slp
|move|p2a: Suicune|Calm Mind|p2a: Suicune
|-boost|p2a: Suicune|spa|1
|-boost|p2a: Suicune|spd|1
|move|p1a: swimmy swim|Toxic|p2a: Suicune
|-status|p2a: Suicune|tox
|
|-heal|p1a: swimmy swim|471\/471|[from] move: Wish|[wisher] swimmy swim
|-damage|p2a: Suicune|329\/404 tox|[from] psn
|turn|40
|
|switch|p1a: Mega Chansey|Blissey, F|652\/652
|-damage|p1a: Mega Chansey|571\/652|[from] Stealth Rock
|move|p2a: Suicune|Scald|p1a: Mega Chansey
|-damage|p1a: Mega Chansey|472\/652
|
|-heal|p1a: Mega Chansey|512\/652|[from] item: Leftovers
|-damage|p2a: Suicune|279\/404 tox|[from] psn
|turn|41
|
|move|p2a: Suicune|Scald|p1a: Mega Chansey
|-damage|p1a: Mega Chansey|401\/652
|move|p1a: Mega Chansey|Seismic Toss|p2a: Suicune
|-damage|p2a: Suicune|179\/404 tox
|
|-heal|p1a: Mega Chansey|441\/652|[from] item: Leftovers
|-damage|p2a: Suicune|104\/404 tox|[from] psn
|turn|42
|
|move|p2a: Suicune|Rest|p2a: Suicune
|-status|p2a: Suicune|slp
|-heal|p2a: Suicune|404\/404 slp|[silent]
|-status|p2a: Suicune|slp|[from] move: Rest
|move|p1a: Mega Chansey|Seismic Toss|p2a: Suicune
|-damage|p2a: Suicune|304\/404 slp
|
|-heal|p1a: Mega Chansey|481\/652|[from] item: Leftovers
|turn|43
|
|switch|p2a: Gligar|Gligar, M|214\/333
|-damage|p2a: Gligar|173\/333|[from] Stealth Rock
|move|p1a: Mega Chansey|Seismic Toss|p2a: Gligar
|-damage|p2a: Gligar|73\/333
|
|-heal|p1a: Mega Chansey|521\/652|[from] item: Leftovers
|turn|44
|
|move|p2a: Gligar|Roost|p2a: Gligar
|-heal|p2a: Gligar|240\/333
|move|p1a: Mega Chansey|Toxic|p2a: Gligar
|-status|p2a: Gligar|tox
|
|-heal|p1a: Mega Chansey|561\/652|[from] item: Leftovers
|-damage|p2a: Gligar|220\/333 tox|[from] psn
|turn|45
|
|move|p2a: Gligar|Defog|p1a: Mega Chansey
|-unboost|p1a: Mega Chansey|evasion|1
|-sideend|p1: pokemonisfun|Stealth Rock|[from] move: Defog|[of] p1a: Mega Chansey
|-sideend|p2: i wish i had hoes|Stealth Rock|[from] move: Defog|[of] p2a: Gligar
|move|p1a: Mega Chansey|Seismic Toss|p2a: Gligar
|-damage|p2a: Gligar|120\/333 tox
|
|-heal|p1a: Mega Chansey|601\/652|[from] item: Leftovers
|-damage|p2a: Gligar|80\/333 tox|[from] psn
|turn|46
|
|switch|p2a: Machamp|Machamp, F|303\/345
|move|p1a: Mega Chansey|Seismic Toss|p2a: Machamp
|-damage|p2a: Machamp|203\/345
|
|-heal|p1a: Mega Chansey|641\/652|[from] item: Leftovers
|turn|47
|
|switch|p2a: Serperior|Serperior, F|226\/291
|switch|p1a: woofy woof woof|Granbull, M|297\/384
|-ability|p1a: woofy woof woof|Intimidate|[of] p2a: Serperior
|-boost|p2a: Serperior|atk|1
|
|turn|48
|
|switch|p1a: Mega Chansey|Blissey, F|641\/652
|move|p2a: Serperior|Leaf Storm|p1a: Mega Chansey|[miss]
|-miss|p2a: Serperior|p1a: Mega Chansey
|
|-heal|p1a: Mega Chansey|652\/652|[from] item: Leftovers
|turn|49
|
|switch|p2a: Swampert|Swampert-Mega, F|104\/401
|move|p1a: Mega Chansey|Toxic|p2a: Swampert
|-status|p2a: Swampert|tox
|
|-damage|p2a: Swampert|79\/401 tox|[from] psn
|turn|50
|
|switch|p1a: batsy watzy|Crobat, M|291\/373
|move|p2a: Swampert|Stealth Rock|p1a: batsy watzy
|-sidestart|p1: pokemonisfun|move: Stealth Rock
|
|-heal|p1a: batsy watzy|314\/373|[from] item: Black Sludge
|-damage|p2a: Swampert|29\/401 tox|[from] psn
|turn|51
|
|move|p1a: batsy watzy|Brave Bird|p2a: Swampert
|-damage|p2a: Swampert|0 fnt
|-damage|p1a: batsy watzy|304\/373|[from] recoil|[of] p2a: Swampert
|faint|p2a: Swampert
|
|-heal|p1a: batsy watzy|327\/373|[from] item: Black Sludge
|
|switch|p2a: Suicune|Suicune|304\/404 slp
|-ability|p2a: Suicune|Pressure
|turn|52
|
|move|p1a: batsy watzy|Defog|p2a: Suicune
|-unboost|p2a: Suicune|evasion|1
|-sideend|p1: pokemonisfun|Stealth Rock|[from] move: Defog|[of] p1a: batsy watzy
|cant|p2a: Suicune|slp
|
|-heal|p1a: batsy watzy|350\/373|[from] item: Black Sludge
|turn|53
|
|switch|p1a: onion fairy god|Celebi|371\/396
|cant|p2a: Suicune|slp
|
|-heal|p1a: onion fairy god|395\/396|[from] item: Leftovers
|turn|54
|
|switch|p2a: Machamp|Machamp, F|203\/345
|move|p1a: onion fairy god|Stealth Rock|p2a: Machamp
|-sidestart|p2: i wish i had hoes|move: Stealth Rock
|
|-heal|p1a: onion fairy god|396\/396|[from] item: Leftovers
|turn|55
|
|switch|p1a: woofy woof woof|Granbull, M|297\/384
|-ability|p1a: woofy woof woof|Intimidate|[of] p2a: Machamp
|-unboost|p2a: Machamp|atk|1
|move|p2a: Machamp|Knock Off|p1a: woofy woof woof
|-resisted|p1a: woofy woof woof
|-damage|p1a: woofy woof woof|274\/384
|
|turn|56
|
|move|p2a: Machamp|Heavy Slam|p1a: woofy woof woof
|-crit|p1a: woofy woof woof
|-supereffective|p1a: woofy woof woof
|-damage|p1a: woofy woof woof|78\/384
|move|p1a: woofy woof woof|Play Rough|p2a: Machamp|[miss]
|-miss|p1a: woofy woof woof|p2a: Machamp
|
|turn|57
|leave|Hairy Toenail
|
|move|p2a: Machamp|Heavy Slam|p1a: woofy woof woof
|-supereffective|p1a: woofy woof woof
|-damage|p1a: woofy woof woof|0 fnt
|faint|p1a: woofy woof woof
|
|
|switch|p1a: batsy watzy|Crobat, M|350\/373
|turn|58
|
|switch|p2a: Gligar|Gligar, M|80\/333 tox
|-damage|p2a: Gligar|39\/333 tox|[from] Stealth Rock
|move|p1a: batsy watzy|Brave Bird|p2a: Gligar
|-damage|p2a: Gligar|0 fnt
|-damage|p1a: batsy watzy|337\/373|[from] recoil|[of] p2a: Gligar
|faint|p2a: Gligar
|
|-heal|p1a: batsy watzy|360\/373|[from] item: Black Sludge
|
|switch|p2a: Suicune|Suicune|304\/404 slp
|-damage|p2a: Suicune|254\/404 slp|[from] Stealth Rock
|-ability|p2a: Suicune|Pressure
|turn|59
|leave|Jetpack
|
|switch|p1a: Mega Chansey|Blissey, F|652\/652
|-curestatus|p2a: Suicune|slp
|move|p2a: Suicune|Scald|p1a: Mega Chansey
|-crit|p1a: Mega Chansey
|-damage|p1a: Mega Chansey|553\/652
|-status|p1a: Mega Chansey|brn
|
|-heal|p1a: Mega Chansey|593\/652 brn|[from] item: Leftovers
|-damage|p1a: Mega Chansey|512\/652 brn|[from] brn
|turn|60
|
|switch|p2a: Machamp|Machamp, F|203\/345
|-damage|p2a: Machamp|182\/345|[from] Stealth Rock
|move|p1a: Mega Chansey|Toxic|p2a: Machamp
|-status|p2a: Machamp|tox
|
|-heal|p1a: Mega Chansey|552\/652 brn|[from] item: Leftovers
|-damage|p2a: Machamp|161\/345 tox|[from] psn
|-damage|p1a: Mega Chansey|471\/652 brn|[from] brn
|turn|61
|
|switch|p1a: swimmy swim|Alomomola, F|471\/471
|move|p2a: Machamp|Ice Punch|p1a: swimmy swim
|-resisted|p1a: swimmy swim
|-damage|p1a: swimmy swim|411\/471
|
|-heal|p1a: swimmy swim|440\/471|[from] item: Leftovers
|-damage|p2a: Machamp|119\/345 tox|[from] psn
|turn|62
|
|move|p2a: Machamp|Close Combat|p1a: swimmy swim
|-damage|p1a: swimmy swim|143\/471
|-unboost|p2a: Machamp|def|1
|-unboost|p2a: Machamp|spd|1
|move|p1a: swimmy swim|Wish|p1a: swimmy swim
|
|-heal|p1a: swimmy swim|172\/471|[from] item: Leftovers
|-damage|p2a: Machamp|56\/345 tox|[from] psn
|turn|63
|
|move|p1a: swimmy swim|Protect|p1a: swimmy swim
|-singleturn|p1a: swimmy swim|Protect
|move|p2a: Machamp|Ice Punch|p1a: swimmy swim
|-activate|p1a: swimmy swim|Protect
|
|-heal|p1a: swimmy swim|407\/471|[from] move: Wish|[wisher] swimmy swim
|-heal|p1a: swimmy swim|436\/471|[from] item: Leftovers
|-damage|p2a: Machamp|0 fnt|[from] psn
|faint|p2a: Machamp
|
|switch|p2a: Serperior|Serperior, F|226\/291
|-damage|p2a: Serperior|190\/291|[from] Stealth Rock
|turn|64
|
|switch|p1a: batsy watzy|Crobat, M|360\/373
|move|p2a: Serperior|Glare|p1a: batsy watzy
|-status|p1a: batsy watzy|par
|
|-heal|p1a: batsy watzy|373\/373 par|[from] item: Black Sludge
|turn|65
|
|move|p2a: Serperior|Leaf Storm|p1a: batsy watzy|[miss]
|-miss|p2a: Serperior|p1a: batsy watzy
|move|p1a: batsy watzy|Brave Bird|p2a: Serperior
|-supereffective|p2a: Serperior
|-damage|p2a: Serperior|0 fnt
|-damage|p1a: batsy watzy|310\/373 par|[from] recoil|[of] p2a: Serperior
|faint|p2a: Serperior
|
|-heal|p1a: batsy watzy|333\/373 par|[from] item: Black Sludge
|
|switch|p2a: Suicune|Suicune|254\/404
|-damage|p2a: Suicune|204\/404|[from] Stealth Rock
|-ability|p2a: Suicune|Pressure
|turn|66
|
|switch|p1a: onion fairy god|Celebi|396\/396
|move|p2a: Suicune|Calm Mind|p2a: Suicune
|-boost|p2a: Suicune|spa|1
|-boost|p2a: Suicune|spd|1
|
|turn|67
|
|move|p1a: onion fairy god|Perish Song|p1a: onion fairy god
|-fieldactivate|move: Perish Song
|move|p2a: Suicune|Ice Beam|p1a: onion fairy god
|-supereffective|p1a: onion fairy god
|-damage|p1a: onion fairy god|132\/396
|
|-start|p1a: onion fairy god|perish3
|-start|p2a: Suicune|perish3
|-heal|p1a: onion fairy god|156\/396|[from] item: Leftovers
|turn|68
|
|switch|p1a: Mega Chansey|Blissey, F|471\/652
|move|p2a: Suicune|Ice Beam|p1a: Mega Chansey
|-damage|p1a: Mega Chansey|384\/652
|
|-start|p2a: Suicune|perish2
|-heal|p1a: Mega Chansey|424\/652|[from] item: Leftovers
|turn|69
|
|move|p2a: Suicune|Scald|p1a: Mega Chansey
|-damage|p1a: Mega Chansey|319\/652
|move|p1a: Mega Chansey|Soft-Boiled|p1a: Mega Chansey
|-heal|p1a: Mega Chansey|645\/652
|
|-start|p2a: Suicune|perish1
|-heal|p1a: Mega Chansey|652\/652|[from] item: Leftovers
|turn|70
|
|move|p2a: Suicune|Scald|p1a: Mega Chansey
|-crit|p1a: Mega Chansey
|-damage|p1a: Mega Chansey|484\/652
|-status|p1a: Mega Chansey|brn
|move|p1a: Mega Chansey|Heal Bell|p1a: Mega Chansey
|-cureteam|p1a: Mega Chansey|[from] move: HealBell
|
|-start|p2a: Suicune|perish0
|-heal|p1a: Mega Chansey|524\/652|[from] item: Leftovers
|faint|p2a: Suicune
|
|win|pokemonisfun
|c|âi wish i had hoes|gg
|c|âpokemonisfun|gg