|join|pokemonisfun
|join|ZBEN
|player|p1|pokemonisfun|184
|player|p2|ZBEN|1
|gametype|singles
|gen|6
|tier|UU
|rated
|rule|Sleep Clause Mod: Limit one foe put to sleep
|rule|Species Clause: Limit one of each PokÃ©mon
|rule|OHKO Clause: OHKO moves are banned
|rule|Moody Clause: Moody is banned
|rule|Evasion Moves Clause: Evasion moves are banned
|rule|Endless Battle Clause: Forcing endless battles is banned
|rule|HP Percentage Mod: HP is shown in percentages
|clearpoke
|poke|p1|Blissey, F
|poke|p1|Swampert, M
|poke|p1|Granbull, F
|poke|p1|Alomomola, M
|poke|p1|Crobat, M
|poke|p1|Celebi
|poke|p2|Suicune, shiny
|poke|p2|Gligar, M
|poke|p2|Umbreon, F, shiny
|poke|p2|Serperior, M
|poke|p2|Arcanine, F
|poke|p2|Goodra, M
|rule|Swagger Clause: Swagger is banned
|rule|Baton Pass Clause: Limit one PokÃ©mon knowing Baton Pass
|teampreview
|
|start
|switch|p1a: bubblsy bubbles|Swampert, M|404\/404
|switch|p2a: Serperior|Serperior, M|354\/354
|turn|1
|
|switch|p1a: batsy watzy|Crobat, M|373\/373
|move|p2a: Serperior|Leaf Storm|p1a: batsy watzy
|-resisted|p1a: batsy watzy
|-damage|p1a: batsy watzy|311\/373
|-boost|p2a: Serperior|spa|2
|-damage|p2a: Serperior|319\/354|[from] item: Life Orb
|
|-heal|p1a: batsy watzy|334\/373|[from] item: Black Sludge
|turn|2
|
|switch|p2a: Arcanine|Arcanine, F|384\/384
|-ability|p2a: Arcanine|Intimidate|[of] p1a: batsy watzy
|-unboost|p1a: batsy watzy|atk|1
|move|p1a: batsy watzy|Brave Bird|p2a: Arcanine
|-crit|p2a: Arcanine
|-damage|p2a: Arcanine|209\/384
|-damage|p1a: batsy watzy|272\/373|[from] item: Rocky Helmet|[of] p2a: Arcanine
|-damage|p1a: batsy watzy|214\/373|[from] recoil|[of] p2a: Arcanine
|
|-heal|p1a: batsy watzy|237\/373|[from] item: Black Sludge
|turn|3
|
|switch|p1a: bubblsy bubbles|Swampert, M|404\/404
|switch|p2a: Serperior|Serperior, M|319\/354
|
|turn|4
|
|switch|p1a: batsy watzy|Crobat, M|237\/373
|move|p2a: Serperior|Substitute|p2a: Serperior
|-start|p2a: Serperior|Substitute
|-damage|p2a: Serperior|231\/354
|
|-heal|p1a: batsy watzy|260\/373|[from] item: Black Sludge
|turn|5
|
|move|p1a: batsy watzy|Brave Bird|p2a: Serperior
|-supereffective|p2a: Serperior
|-damage|p2a: Serperior|0 fnt
|-damage|p1a: batsy watzy|184\/373|[from] recoil|[of] p2a: Serperior
|faint|p2a: Serperior
|
|-heal|p1a: batsy watzy|207\/373|[from] item: Black Sludge
|-message|ZBEN forfeited.
|leave|ZBEN
|
|win|pokemonisfun
|raw|Ladder updating...
|player|p2
|raw|pokemonisfun's rating: 1797 &rarr; <strong>1803<\/strong><br \/>(+6 for winning)
|raw|ZBEN's rating: 1522 &rarr; <strong>1515<\/strong><br \/>(-7 for losing)