|join|CoolStoryBrobat
|join|pokemonisfun
|player|p1|CoolStoryBrobat|#coolstorybrobat
|player|p2|pokemonisfun|184
|gametype|singles
|gen|6
|tier|UU
|rule|Sleep Clause Mod: Limit one foe put to sleep
|rule|Species Clause: Limit one of each PokÃ©mon
|rule|OHKO Clause: OHKO moves are banned
|rule|Moody Clause: Moody is banned
|rule|Evasion Moves Clause: Evasion moves are banned
|rule|Endless Battle Clause: Forcing endless battles is banned
|rule|HP Percentage Mod: HP is shown in percentages
|clearpoke
|poke|p1|Infernape, M
|poke|p1|Aerodactyl, M
|poke|p1|Chesnaught, F
|poke|p1|Vaporeon, F
|poke|p1|Forretress, F
|poke|p1|Hydreigon, M
|poke|p2|Togetic, F
|poke|p2|Absol, F
|poke|p2|Yanmega, F
|poke|p2|Exploud, F
|poke|p2|Donphan, F
|poke|p2|Suicune
|rule|Swagger Clause: Swagger is banned
|rule|Baton Pass Clause: Limit one PokÃ©mon knowing Baton Pass
|teampreview
|join|blave
|join|dodmen
|
|start
|switch|p1a: TF2|Forretress, F|354\/354
|switch|p2a: Donphan|Donphan, F|384\/384
|turn|1
|join|istabfruit
|
|move|p2a: Donphan|Knock Off|p1a: TF2
|-damage|p1a: TF2|294\/354
|-enditem|p1a: TF2|Leftovers|[from] move: Knock Off|[of] p2a: Donphan
|move|p1a: TF2|Toxic|p2a: Donphan
|-status|p2a: Donphan|tox
|
|-damage|p2a: Donphan|360\/384 tox|[from] psn
|turn|2
|join|SweetDelight
|
|move|p2a: Donphan|Earthquake|p1a: TF2
|-damage|p1a: TF2|203\/354
|move|p1a: TF2|Stealth Rock|p2a: Donphan
|-sidestart|p2: pokemonisfun|move: Stealth Rock
|
|-heal|p2a: Donphan|384\/384 tox|[from] item: Leftovers
|-damage|p2a: Donphan|336\/384 tox|[from] psn
|turn|3
|join|SmogonGayRarely
|
|move|p2a: Donphan|Stealth Rock|p1a: TF2
|-sidestart|p1: CoolStoryBrobat|move: Stealth Rock
|move|p1a: TF2|Rapid Spin|p2a: Donphan
|-damage|p2a: Donphan|327\/384 tox
|-sideend|p1: CoolStoryBrobat|Stealth Rock|[from] move: Rapid Spin|[of] p1a: TF2
|
|-heal|p2a: Donphan|351\/384 tox|[from] item: Leftovers
|-damage|p2a: Donphan|279\/384 tox|[from] psn
|turn|4
|c| SmogonGayRarely|oh so this is where all the cool kids are
|c| blave|n
|c| blave|brobat is not cool
|c|âCoolStoryBrobat|Even though it's in my name
|
|switch|p1a: 50 Cent|Chesnaught, F|380\/380
|move|p2a: Donphan|Earthquake|p1a: 50 Cent
|-resisted|p1a: 50 Cent
|-damage|p1a: 50 Cent|320\/380
|
|-heal|p1a: 50 Cent|343\/380|[from] item: Leftovers
|-heal|p2a: Donphan|303\/384 tox|[from] item: Leftovers
|-damage|p2a: Donphan|207\/384 tox|[from] psn
|turn|5
|c| blave|he ia awful
|join|RowDog
|c|âCoolStoryBrobat|your mom is awful
|c| blave|kek
|c|âCoolStoryBrobat|at making breakfast
|c|âCoolStoryBrobat|That's why you be starving
|c| blave|rip breakfast
|
|move|p1a: 50 Cent|Wood Hammer|p2a: Donphan
|-supereffective|p2a: Donphan
|-damage|p2a: Donphan|0 fnt
|-damage|p1a: 50 Cent|275\/380|[from] recoil|[of] p2a: Donphan
|faint|p2a: Donphan
|
|-heal|p1a: 50 Cent|298\/380|[from] item: Leftovers
|c|+dodmen|dang
|c|+dodmen|bop
|c| istabfruit|who's starving? every poke so far has been very well fed
|
|switch|p2a: Absol|Absol, F|271\/271
|-damage|p2a: Absol|238\/271|[from] Stealth Rock
|turn|6
|
|switch|p1a: TF2|Forretress, F|203\/354
|detailschange|p2a: Absol|Absol-Mega, F
|-mega|p2a: Absol|Absol|Absolite
|move|p2a: Absol|Swords Dance|p2a: Absol
|-boost|p2a: Absol|atk|2
|
|turn|7
|c|+dodmen|wepl
|
|move|p2a: Absol|Fire Blast|p1a: TF2
|-supereffective|p1a: TF2
|-damage|p1a: TF2|0 fnt
|faint|p1a: TF2
|
|c|âCoolStoryBrobat|No worries, it was a sack
|
|switch|p1a: Wither|Hydreigon, M|325\/325
|turn|8
|c|+dodmen|i hope you have a taunter
|
|move|p2a: Absol|Sucker Punch|p1a: Wither
|-resisted|p1a: Wither
|-damage|p1a: Wither|138\/325
|move|p1a: Wither|U-turn|p2a: Absol
|-supereffective|p2a: Absol
|-damage|p2a: Absol|76\/271
|c|+dodmen|,
|join|Austin
|c| blave|can i
|c| blave|kek?
|
|switch|p1a: Hades|Infernape, M|293\/293
|
|turn|9
|c|âpokemonisfun|shut up
|c|âpokemonisfun|fake bleve
|c|âpokemonisfun|dont you dare come in my games
|c| istabfruit|!define kek
|join|Mistaken
|
|move|p2a: Absol|Sucker Punch|p1a: Hades
|-resisted|p1a: Hades
|-damage|p1a: Hades|98\/293
|move|p1a: Hades|Mach Punch|p2a: Absol
|-supereffective|p2a: Absol
|-damage|p2a: Absol|0 fnt
|-damage|p1a: Hades|69\/293|[from] item: Life Orb
|faint|p2a: Absol
|
|leave|Mistaken
|c|+Austin|is this a ladder match?
|c|âCoolStoryBrobat|No
|
|switch|p2a: Yanmega|Yanmega, F|313\/313
|-damage|p2a: Yanmega|157\/313|[from] Stealth Rock
|turn|10
|c|âCoolStoryBrobat|But it is a best of 7
|c| istabfruit|table match
|c|âpokemonisfun|1-0
|c|âpokemonisfun|to the gay man
|c| SmogonGayRarely|It's to see who's better?
|c| SmogonGayRarely|King UU or dodmen
|
|switch|p1a: Aerosmactyl|Aerodactyl, M|311\/311
|-ability|p1a: Aerosmactyl|Pressure
|move|p2a: Yanmega|Protect|p2a: Yanmega
|-fail|p2a: Yanmega
|
|-boost|p2a: Yanmega|spe|1|[from] ability: Speed Boost
|turn|11
|c| RowDog|best of 7?
|c|âpokemonisfun|to see how much better i am than csb
|c| RowDog|kek
|c|+Austin|pif for roomowner imo
|join|ahyueah
|c|+Austin|hes powerfu.
|c| SmogonGayRarely|or how much better csb is than pif
|c|+Austin|powerful
|c|âCoolStoryBrobat|Yeah he's dueling me for my RO position
|
|detailschange|p1a: Aerosmactyl|Aerodactyl-Mega, M
|-mega|p1a: Aerosmactyl|Aerodactyl|Aerodactylite
|move|p2a: Yanmega|Giga Drain|p1a: Aerosmactyl
|-crit|p1a: Aerosmactyl
|-damage|p1a: Aerosmactyl|113\/311
|-heal|p2a: Yanmega|256\/313|[from] drain|[of] p1a: Aerosmactyl
|-damage|p2a: Yanmega|225\/313|[from] item: Life Orb
|move|p1a: Aerosmactyl|Pursuit|p2a: Yanmega
|-damage|p2a: Yanmega|154\/313
|
|-boost|p2a: Yanmega|spe|1|[from] ability: Speed Boost
|turn|12
|c|âCoolStoryBrobat|oop
|c|+dodmen|welp
|join|Lucipurrr
|c|âCoolStoryBrobat|Didn't antiicpate the ritical hit
|
|move|p2a: Yanmega|Bug Buzz|p1a: Aerosmactyl
|-crit|p1a: Aerosmactyl
|-resisted|p1a: Aerosmactyl
|-damage|p1a: Aerosmactyl|0 fnt
|-damage|p2a: Yanmega|123\/313|[from] item: Life Orb
|faint|p1a: Aerosmactyl
|
|-boost|p2a: Yanmega|spe|1|[from] ability: Speed Boost
|join|sniperaim
|c|âCoolStoryBrobat|I shoulda learned the last time this team fought a Yanmega
|c|âCoolStoryBrobat|Ok that is just uncalled for
|c|âpokemonisfun|oh
|c| Lucipurrr|I believe in you, Sempai!
|c|âpokemonisfun|i misclicked
|c|+Austin|pif sweep
|c|âpokemonisfun|i think the crit mattered
|c|âCoolStoryBrobat|:[
|c| Lucipurrr|Heart of the Cards!!!!
|c|âCoolStoryBrobat|Yeah tha'ts a sweep
|c| RowDog|well you did get 2 in a row
|c|+dodmen|that
|c|+dodmen|is rip
|c|âCoolStoryBrobat|unless vape clutches
|
|switch|p1a: Vapid|Vaporeon, F|452\/452
|turn|13
|c|âCoolStoryBrobat|Crit scald + burn
|
|move|p2a: Yanmega|Giga Drain|p1a: Vapid
|-supereffective|p1a: Vapid
|-damage|p1a: Vapid|200\/452
|-heal|p2a: Yanmega|249\/313|[from] drain|[of] p1a: Vapid
|-damage|p2a: Yanmega|218\/313|[from] item: Life Orb
|move|p1a: Vapid|Scald|p2a: Yanmega
|-damage|p2a: Yanmega|64\/313
|
|-heal|p1a: Vapid|228\/452|[from] item: Leftovers
|-boost|p2a: Yanmega|spe|1|[from] ability: Speed Boost
|turn|14
|c|âpokemonisfun|giga crit
|c|âCoolStoryBrobat|Dang
|
|move|p1a: Vapid|Protect|p1a: Vapid
|-singleturn|p1a: Vapid|Protect
|move|p2a: Yanmega|Giga Drain|p1a: Vapid
|-activate|p1a: Vapid|Protect
|
|-heal|p1a: Vapid|256\/452|[from] item: Leftovers
|-boost|p2a: Yanmega|spe|1|[from] ability: Speed Boost
|turn|15
|c|âpokemonisfun|giga max
|c|âpokemonisfun|or crit
|c|âpokemonisfun|or both
|c|âpokemonisfun|or scald miss
|
|move|p2a: Yanmega|Giga Drain|p1a: Vapid
|-crit|p1a: Vapid
|-supereffective|p1a: Vapid
|-damage|p1a: Vapid|0 fnt
|-heal|p2a: Yanmega|192\/313|[from] drain|[of] p1a: Vapid
|-damage|p2a: Yanmega|161\/313|[from] item: Life Orb
|faint|p1a: Vapid
|
|-boost|p2a: Yanmega|spe|1|[from] ability: Speed Boost
|c|âCoolStoryBrobat|Unleash the power
|c|âCoolStoryBrobat|God dangit
|c|+Austin|lmao
|c|âCoolStoryBrobat|The compensation is vicious
|c| RowDog|such hax
|c|âCoolStoryBrobat|gg
|c| RowDog|wow
|c|âpokemonisfun|air slash can miss
|
|switch|p1a: Hades|Infernape, M|69\/293
|turn|16
|c|âCoolStoryBrobat|you'll bug buzz
|c|âpokemonisfun|giga does more
|c|âpokemonisfun|might not ko
|
|move|p2a: Yanmega|Air Slash|p1a: Hades
|-supereffective|p1a: Hades
|-damage|p1a: Hades|0 fnt
|-damage|p2a: Yanmega|130\/313|[from] item: Life Orb
|faint|p1a: Hades
|
|
|switch|p1a: 50 Cent|Chesnaught, F|298\/380
|turn|17
|c|âCoolStoryBrobat|Be real and use Protect to scout my set
|
|move|p2a: Yanmega|Air Slash|p1a: 50 Cent
|-supereffective|p1a: 50 Cent
|-damage|p1a: 50 Cent|0 fnt
|-damage|p2a: Yanmega|99\/313|[from] item: Life Orb
|faint|p1a: 50 Cent
|
|c|âCoolStoryBrobat|:[
|c| RowDog|not real
|c|âpokemonisfun|i would have if you typed that sooner
|
|switch|p1a: Wither|Hydreigon, M|138\/325
|turn|18
|c| Lucipurrr|lol
|leave|istabfruit
|c|âpokemonisfun|super hax alright
|c|âpokemonisfun|1-1
|
|move|p2a: Yanmega|Bug Buzz|p1a: Wither
|-supereffective|p1a: Wither
|-damage|p1a: Wither|0 fnt
|-damage|p2a: Yanmega|68\/313|[from] item: Life Orb
|faint|p1a: Wither
|
|win|pokemonisfun