|join|pokemonisfun
|join|trevor ellis
|player|p1|pokemonisfun|184
|player|p2|trevor ellis|112
|gametype|singles
|gen|6
|tier|UU
|rated
|rule|Sleep Clause Mod: Limit one foe put to sleep
|rule|Species Clause: Limit one of each PokÃ©mon
|rule|OHKO Clause: OHKO moves are banned
|rule|Moody Clause: Moody is banned
|rule|Evasion Moves Clause: Evasion moves are banned
|rule|Endless Battle Clause: Forcing endless battles is banned
|rule|HP Percentage Mod: HP is shown in percentages
|clearpoke
|poke|p1|Blissey, F
|poke|p1|Swampert, M
|poke|p1|Granbull, F
|poke|p1|Alomomola, F
|poke|p1|Crobat, M
|poke|p1|Celebi
|poke|p2|Celebi
|poke|p2|Escavalier, M
|poke|p2|Camerupt, M
|poke|p2|Crobat, M
|poke|p2|Hydreigon, F
|poke|p2|Diancie
|rule|Swagger Clause: Swagger is banned
|rule|Baton Pass Clause: Limit one PokÃ©mon knowing Baton Pass
|teampreview
|c|âtrevor ellis|no
|c|âtrevor ellis|a nigga cant just live these days
|c|âpokemonisfun|:l
|
|start
|switch|p1a: onion fairy god|Celebi|396\/396
|switch|p2a: Diancie|Diancie|303\/303
|turn|1
|
|move|p1a: onion fairy god|Giga Drain|p2a: Diancie
|-supereffective|p2a: Diancie
|-damage|p2a: Diancie|187\/303
|move|p2a: Diancie|Stealth Rock|p1a: onion fairy god
|-sidestart|p1: pokemonisfun|move: Stealth Rock
|
|-heal|p2a: Diancie|205\/303|[from] item: Leftovers
|turn|2
|
|switch|p2a: Crobat|Crobat, M|329\/329
|move|p1a: onion fairy god|Stealth Rock|p2a: Crobat
|-sidestart|p2: trevor ellis|move: Stealth Rock
|
|turn|3
|
|switch|p1a: swimmy swim|Alomomola, F|471\/471
|-damage|p1a: swimmy swim|413\/471|[from] Stealth Rock
|move|p2a: Crobat|U-turn|p1a: swimmy swim
|-damage|p1a: swimmy swim|356\/471
|
|switch|p2a: Escavalier|Escavalier, M|343\/343
|-damage|p2a: Escavalier|301\/343|[from] Stealth Rock
|
|-heal|p1a: swimmy swim|385\/471|[from] item: Leftovers
|turn|4
|
|move|p1a: swimmy swim|Scald|p2a: Escavalier
|-damage|p2a: Escavalier|253\/343
|-status|p2a: Escavalier|brn
|move|p2a: Escavalier|Megahorn|p1a: swimmy swim
|-damage|p1a: swimmy swim|240\/471
|
|-heal|p1a: swimmy swim|269\/471|[from] item: Leftovers
|-damage|p2a: Escavalier|211\/343 brn|[from] brn
|turn|5
|c|âtrevor ellis|lol
|
|switch|p2a: Celebi|Celebi|404\/404
|-damage|p2a: Celebi|354\/404|[from] Stealth Rock
|move|p1a: swimmy swim|Wish|p1a: swimmy swim
|
|-heal|p1a: swimmy swim|298\/471|[from] item: Leftovers
|turn|6
|
|switch|p1a: onion fairy god|Celebi|396\/396
|-damage|p1a: onion fairy god|347\/396|[from] Stealth Rock
|move|p2a: Celebi|Baton Pass|p2a: Celebi
|
|switch|p2a: Escavalier|Escavalier, M|211\/343 brn
|-damage|p2a: Escavalier|169\/343 brn|[from] Stealth Rock
|
|-heal|p1a: onion fairy god|396\/396|[from] move: Wish|[wisher] swimmy swim
|-damage|p2a: Escavalier|127\/343 brn|[from] brn
|turn|7
|
|switch|p1a: swimmy swim|Alomomola, F|455\/471
|-damage|p1a: swimmy swim|397\/471|[from] Stealth Rock
|move|p2a: Escavalier|Facade|p1a: swimmy swim
|-damage|p1a: swimmy swim|182\/471
|
|-heal|p1a: swimmy swim|211\/471|[from] item: Leftovers
|-damage|p2a: Escavalier|85\/343 brn|[from] brn
|turn|8
|
|switch|p2a: Hydreigon|Hydreigon, F|325\/325
|-damage|p2a: Hydreigon|285\/325|[from] Stealth Rock
|move|p1a: swimmy swim|Protect|p1a: swimmy swim
|-fail|p1a: swimmy swim
|
|-heal|p1a: swimmy swim|240\/471|[from] item: Leftovers
|turn|9
|
|switch|p1a: woofy woof woof|Granbull, F|384\/384
|-damage|p1a: woofy woof woof|336\/384|[from] Stealth Rock
|-ability|p1a: woofy woof woof|Intimidate|[of] p2a: Hydreigon
|-unboost|p2a: Hydreigon|atk|1
|move|p2a: Hydreigon|Draco Meteor|p1a: woofy woof woof
|-immune|p1a: woofy woof woof|[msg]
|
|-heal|p1a: woofy woof woof|360\/384|[from] item: Leftovers
|turn|10
|c|âtrevor ellis|cancellll butttton
|
|switch|p2a: Crobat|Crobat, M|329\/329
|-damage|p2a: Crobat|247\/329|[from] Stealth Rock
|move|p1a: woofy woof woof|Play Rough|p2a: Crobat
|-resisted|p2a: Crobat
|-damage|p2a: Crobat|178\/329
|-unboost|p2a: Crobat|atk|1
|
|-heal|p2a: Crobat|198\/329|[from] item: Leftovers
|-heal|p1a: woofy woof woof|384\/384|[from] item: Leftovers
|turn|11
|
|switch|p1a: swimmy swim|Alomomola, F|397\/471
|-damage|p1a: swimmy swim|339\/471|[from] Stealth Rock
|move|p2a: Crobat|Defog|p1a: swimmy swim
|-unboost|p1a: swimmy swim|evasion|1
|-sideend|p1: pokemonisfun|Stealth Rock|[from] move: Defog|[of] p1a: swimmy swim
|-sideend|p2: trevor ellis|Stealth Rock|[from] move: Defog|[of] p2a: Crobat
|
|-heal|p2a: Crobat|218\/329|[from] item: Leftovers
|-heal|p1a: swimmy swim|368\/471|[from] item: Leftovers
|turn|12
|
|move|p2a: Crobat|U-turn|p1a: swimmy swim
|-damage|p1a: swimmy swim|333\/471
|
|switch|p2a: Hydreigon|Hydreigon, F|285\/325
|move|p1a: swimmy swim|Scald|p2a: Hydreigon
|-resisted|p2a: Hydreigon
|-damage|p2a: Hydreigon|259\/325
|
|-heal|p1a: swimmy swim|362\/471|[from] item: Leftovers
|turn|13
|
|switch|p1a: woofy woof woof|Granbull, F|384\/384
|-ability|p1a: woofy woof woof|Intimidate|[of] p2a: Hydreigon
|-unboost|p2a: Hydreigon|atk|1
|move|p2a: Hydreigon|Dark Pulse|p1a: woofy woof woof
|-resisted|p1a: woofy woof woof
|-damage|p1a: woofy woof woof|244\/384
|-damage|p2a: Hydreigon|227\/325|[from] item: Life Orb
|
|-heal|p1a: woofy woof woof|268\/384|[from] item: Leftovers
|turn|14
|
|switch|p2a: Camerupt|Camerupt, M|344\/344
|switch|p1a: Mega Chansey|Blissey, F|656\/656
|
|turn|15
|
|detailschange|p2a: Camerupt|Camerupt-Mega, M
|-mega|p2a: Camerupt|Camerupt|Cameruptite
|move|p1a: Mega Chansey|Seismic Toss|p2a: Camerupt
|-damage|p2a: Camerupt|244\/344
|move|p2a: Camerupt|Earthquake|p1a: Mega Chansey
|-damage|p1a: Mega Chansey|398\/656
|
|-heal|p1a: Mega Chansey|439\/656|[from] item: Leftovers
|turn|16
|
|switch|p2a: Diancie|Diancie|205\/303
|move|p1a: Mega Chansey|Seismic Toss|p2a: Diancie
|-damage|p2a: Diancie|105\/303
|
|-heal|p1a: Mega Chansey|480\/656|[from] item: Leftovers
|-heal|p2a: Diancie|123\/303|[from] item: Leftovers
|turn|17
|
|switch|p1a: onion fairy god|Celebi|396\/396
|move|p2a: Diancie|Stealth Rock|p1a: onion fairy god
|-sidestart|p1: pokemonisfun|move: Stealth Rock
|
|-heal|p2a: Diancie|141\/303|[from] item: Leftovers
|turn|18
|
|switch|p2a: Camerupt|Camerupt-Mega, M|244\/344
|move|p1a: onion fairy god|Stealth Rock|p2a: Camerupt
|-sidestart|p2: trevor ellis|move: Stealth Rock
|
|turn|19
|
|switch|p1a: bubblsy bubbles|Swampert, M|404\/404
|-damage|p1a: bubblsy bubbles|379\/404|[from] Stealth Rock
|move|p2a: Camerupt|Hidden Power|p1a: bubblsy bubbles
|-supereffective|p1a: bubblsy bubbles
|-damage|p1a: bubblsy bubbles|99\/404
|
|turn|20
|c|âpokemonisfun|played
|c|âpokemonisfun|me
|
|switch|p2a: Hydreigon|Hydreigon, F|227\/325
|-damage|p2a: Hydreigon|187\/325|[from] Stealth Rock
|detailschange|p1a: bubblsy bubbles|Swampert-Mega, M
|-mega|p1a: bubblsy bubbles|Swampert|Swampertite
|move|p1a: bubblsy bubbles|Scald|p2a: Hydreigon
|-resisted|p2a: Hydreigon
|-damage|p2a: Hydreigon|141\/325
|
|turn|21
|
|switch|p1a: woofy woof woof|Granbull, F|268\/384
|-damage|p1a: woofy woof woof|220\/384|[from] Stealth Rock
|-ability|p1a: woofy woof woof|Intimidate|[of] p2a: Hydreigon
|-unboost|p2a: Hydreigon|atk|1
|move|p2a: Hydreigon|Dark Pulse|p1a: woofy woof woof
|-resisted|p1a: woofy woof woof
|-damage|p1a: woofy woof woof|80\/384
|-damage|p2a: Hydreigon|109\/325|[from] item: Life Orb
|
|-heal|p1a: woofy woof woof|104\/384|[from] item: Leftovers
|turn|22
|
|move|p2a: Hydreigon|Dark Pulse|p1a: woofy woof woof
|-resisted|p1a: woofy woof woof
|-damage|p1a: woofy woof woof|0 fnt
|-damage|p2a: Hydreigon|77\/325|[from] item: Life Orb
|faint|p1a: woofy woof woof
|
|join|THEiTodd
|
|switch|p1a: batsy watzy|Crobat, M|373\/373
|-damage|p1a: batsy watzy|280\/373|[from] Stealth Rock
|turn|23
|c| THEiTodd|pif
|
|switch|p2a: Diancie|Diancie|141\/303
|-damage|p2a: Diancie|104\/303|[from] Stealth Rock
|move|p1a: batsy watzy|Brave Bird|p2a: Diancie
|-resisted|p2a: Diancie
|-damage|p2a: Diancie|50\/303
|-damage|p1a: batsy watzy|262\/373|[from] recoil|[of] p2a: Diancie
|
|-heal|p1a: batsy watzy|285\/373|[from] item: Black Sludge
|-heal|p2a: Diancie|68\/303|[from] item: Leftovers
|turn|24
|c| THEiTodd|i had the food of your ancestors
|c|âpokemonisfun|yo senpai
|c| THEiTodd|tonight
|c| THEiTodd|:)
|c|âpokemonisfun|?
|c|âpokemonisfun|fried rice?
|c|âpokemonisfun|or lo mien?
|c| THEiTodd|fried rice
|
|switch|p1a: onion fairy god|Celebi|396\/396
|-damage|p1a: onion fairy god|347\/396|[from] Stealth Rock
|move|p2a: Diancie|Explosion|p1a: onion fairy god
|-damage|p1a: onion fairy god|146\/396
|faint|p2a: Diancie
|
|-heal|p1a: onion fairy god|170\/396|[from] item: Leftovers
|c| THEiTodd|and general tso's chicken
|c| THEiTodd|n_n
|c|âpokemonisfun|yum :]
|
|switch|p2a: Crobat|Crobat, M|218\/329
|-damage|p2a: Crobat|136\/329|[from] Stealth Rock
|turn|25
|
|switch|p1a: swimmy swim|Alomomola, F|471\/471
|-damage|p1a: swimmy swim|413\/471|[from] Stealth Rock
|move|p2a: Crobat|U-turn|p1a: swimmy swim
|-damage|p1a: swimmy swim|359\/471
|
|switch|p2a: Celebi|Celebi|354\/404
|-damage|p2a: Celebi|304\/404|[from] Stealth Rock
|
|-heal|p1a: swimmy swim|388\/471|[from] item: Leftovers
|turn|26
|
|switch|p1a: onion fairy god|Celebi|170\/396
|-damage|p1a: onion fairy god|121\/396|[from] Stealth Rock
|move|p2a: Celebi|Healing Wish|p2a: Celebi
|faint|p2a: Celebi
|
|-heal|p1a: onion fairy god|145\/396|[from] item: Leftovers
|
|switch|p2a: Escavalier|Escavalier, M|85\/343 brn
|-heal|p2a: Escavalier|343\/343|[from] move: Healing Wish
|-damage|p2a: Escavalier|301\/343|[from] Stealth Rock
|turn|27
|
|move|p1a: onion fairy god|Giga Drain|p2a: Escavalier
|-resisted|p2a: Escavalier
|-damage|p2a: Escavalier|279\/343
|-heal|p1a: onion fairy god|156\/396|[from] drain|[of] p2a: Escavalier
|move|p2a: Escavalier|Megahorn|p1a: onion fairy god
|-supereffective|p1a: onion fairy god
|-damage|p1a: onion fairy god|0 fnt
|faint|p1a: onion fairy god
|
|c|âtrevor ellis|if you burn me again
|c|âtrevor ellis|i will cry
|
|switch|p1a: batsy watzy|Crobat, M|285\/373
|-damage|p1a: batsy watzy|192\/373|[from] Stealth Rock
|turn|28
|c|âpokemonisfun|eh
|c|âtrevor ellis|and go into a deep depression
|c|âpokemonisfun|i didnt burn hydrei after a few scalds
|
|move|p1a: batsy watzy|Brave Bird|p2a: Escavalier
|-damage|p2a: Escavalier|147\/343
|-damage|p1a: batsy watzy|148\/373|[from] recoil|[of] p2a: Escavalier
|move|p2a: Escavalier|Megahorn|p1a: batsy watzy
|-resisted|p1a: batsy watzy
|-damage|p1a: batsy watzy|36\/373
|
|-heal|p1a: batsy watzy|59\/373|[from] item: Black Sludge
|turn|29
|
|move|p1a: batsy watzy|Brave Bird|p2a: Escavalier
|-damage|p2a: Escavalier|14\/343
|-damage|p1a: batsy watzy|15\/373|[from] recoil|[of] p2a: Escavalier
|move|p2a: Escavalier|Megahorn|p1a: batsy watzy
|-resisted|p1a: batsy watzy
|-damage|p1a: batsy watzy|0 fnt
|faint|p1a: batsy watzy
|
|
|switch|p1a: bubblsy bubbles|Swampert-Mega, M|99\/404
|-damage|p1a: bubblsy bubbles|74\/404|[from] Stealth Rock
|turn|30
|
|move|p1a: bubblsy bubbles|Scald|p2a: Escavalier
|-damage|p2a: Escavalier|0 fnt
|faint|p2a: Escavalier
|
|
|switch|p2a: Crobat|Crobat, M|136\/329
|-damage|p2a: Crobat|54\/329|[from] Stealth Rock
|turn|31
|
|switch|p1a: swimmy swim|Alomomola, F|471\/471
|-damage|p1a: swimmy swim|413\/471|[from] Stealth Rock
|move|p2a: Crobat|Brave Bird|p1a: swimmy swim
|-damage|p1a: swimmy swim|262\/471
|-damage|p2a: Crobat|4\/329|[from] recoil|[of] p1a: swimmy swim
|
|-heal|p2a: Crobat|24\/329|[from] item: Leftovers
|-heal|p1a: swimmy swim|291\/471|[from] item: Leftovers
|turn|32
|
|move|p2a: Crobat|Brave Bird|p1a: swimmy swim
|-damage|p1a: swimmy swim|147\/471
|-damage|p2a: Crobat|0 fnt|[from] recoil|[of] p1a: swimmy swim
|faint|p2a: Crobat
|move|p1a: swimmy swim|Scald|p2: Crobat|[notarget]
|-notarget
|
|-heal|p1a: swimmy swim|176\/471|[from] item: Leftovers
|
|switch|p2a: Hydreigon|Hydreigon, F|77\/325
|-damage|p2a: Hydreigon|37\/325|[from] Stealth Rock
|turn|33
|
|move|p2a: Hydreigon|Roost|p2a: Hydreigon
|-heal|p2a: Hydreigon|200\/325
|move|p1a: swimmy swim|Toxic|p2a: Hydreigon
|-status|p2a: Hydreigon|tox
|
|-heal|p1a: swimmy swim|205\/471|[from] item: Leftovers
|-damage|p2a: Hydreigon|180\/325 tox|[from] psn
|turn|34
|
|move|p1a: swimmy swim|Protect|p1a: swimmy swim
|-singleturn|p1a: swimmy swim|Protect
|move|p2a: Hydreigon|Dark Pulse|p1a: swimmy swim
|-activate|p1a: swimmy swim|Protect
|
|-heal|p1a: swimmy swim|234\/471|[from] item: Leftovers
|-damage|p2a: Hydreigon|140\/325 tox|[from] psn
|turn|35
|
|switch|p1a: Mega Chansey|Blissey, F|480\/656
|-damage|p1a: Mega Chansey|398\/656|[from] Stealth Rock
|move|p2a: Hydreigon|Dark Pulse|p1a: Mega Chansey
|-damage|p1a: Mega Chansey|291\/656
|-damage|p2a: Hydreigon|108\/325 tox|[from] item: Life Orb
|
|-heal|p1a: Mega Chansey|332\/656|[from] item: Leftovers
|-damage|p2a: Hydreigon|48\/325 tox|[from] psn
|turn|36
|
|move|p2a: Hydreigon|Superpower|p1a: Mega Chansey
|-supereffective|p1a: Mega Chansey
|-damage|p1a: Mega Chansey|0 fnt
|-unboost|p2a: Hydreigon|atk|1
|-unboost|p2a: Hydreigon|def|1
|-damage|p2a: Hydreigon|16\/325 tox|[from] item: Life Orb
|faint|p1a: Mega Chansey
|
|-damage|p2a: Hydreigon|0 fnt|[from] psn
|faint|p2a: Hydreigon
|
|switch|p1a: swimmy swim|Alomomola, F|391\/471
|switch|p2a: Camerupt|Camerupt-Mega, M|244\/344
|-damage|p1a: swimmy swim|333\/471|[from] Stealth Rock
|-damage|p2a: Camerupt|201\/344|[from] Stealth Rock
|turn|37
|c|âtrevor ellis|gg
|
|move|p1a: swimmy swim|Scald|p2a: Camerupt
|-supereffective|p2a: Camerupt
|-damage|p2a: Camerupt|33\/344
|move|p2a: Camerupt|Earth Power|p1a: swimmy swim
|-crit|p1a: swimmy swim
|-damage|p1a: swimmy swim|0 fnt
|faint|p1a: swimmy swim
|
|c|âpokemonisfun|who wins
|
|switch|p1a: bubblsy bubbles|Swampert-Mega, M|74\/404
|-damage|p1a: bubblsy bubbles|49\/404|[from] Stealth Rock
|turn|38
|c|âpokemonisfun|o
|c|âpokemonisfun|gg
|c|âpokemonisfun|hello?
|c|âtrevor ellis|gg
|
|move|p1a: bubblsy bubbles|Scald|p2a: Camerupt
|-supereffective|p2a: Camerupt
|-damage|p2a: Camerupt|0 fnt
|faint|p2a: Camerupt
|
|win|pokemonisfun
|raw|Ladder updating...
|raw|pokemonisfun's rating: 1803 &rarr; <strong>1812<\/strong><br \/>(+9 for winning)
|raw|trevor ellis's rating: 1576 &rarr; <strong>1568<\/strong><br \/>(-8 for losing)