|join|xShiba
|join|pokemonisfun
|player|p1|xShiba|260
|player|p2|pokemonisfun|102
|gametype|singles
|gen|6
|tier|UU
|rule|Sleep Clause Mod: Limit one foe put to sleep
|rule|Species Clause: Limit one of each PokÃ©mon
|rule|OHKO Clause: OHKO moves are banned
|rule|Moody Clause: Moody is banned
|rule|Evasion Moves Clause: Evasion moves are banned
|rule|Endless Battle Clause: Forcing endless battles is banned
|rule|HP Percentage Mod: HP is shown in percentages
|clearpoke
|poke|p1|Celebi
|poke|p1|Sharpedo, M, shiny
|poke|p1|Jirachi, shiny
|poke|p1|Yanmega, M, shiny
|poke|p1|Donphan, M
|poke|p1|Vaporeon, F
|poke|p2|Blissey, F
|poke|p2|Swampert, F
|poke|p2|Granbull, F
|poke|p2|Alomomola, F
|poke|p2|Crobat, M
|poke|p2|Celebi
|rule|Swagger Clause: Swagger is banned
|rule|Baton Pass Clause: Limit one PokÃ©mon knowing Baton Pass
|teampreview
|join|gobosox
|c|âxShiba|oh
|c|âxShiba|i already lost tbh
|c|âxShiba|lol
|join|hairy toenail
|c| gobosox|nice stall!
|join|Meowiekins
|
|start
|switch|p1a: Healthy Diet|Celebi|404\/404
|switch|p2a: bubblsy bubbles|Swampert, F|404\/404
|turn|1
|c|âxShiba|Idk why i expected you to not bring stall
|join|i wish i had hoes
|join|Jetpack
|
|switch|p2a: batsy watzy|Crobat, M|373\/373
|move|p1a: Healthy Diet|Seed Bomb|p2a: batsy watzy
|-resisted|p2a: batsy watzy
|-damage|p2a: batsy watzy|344\/373
|
|-heal|p2a: batsy watzy|367\/373|[from] item: Black Sludge
|turn|2
|c| i wish i had hoes|couldnt break
|
|switch|p2a: woofy woof woof|Granbull, F|384\/384
|-ability|p2a: woofy woof woof|Intimidate|[of] p1a: Healthy Diet
|-unboost|p1a: Healthy Diet|atk|1
|move|p1a: Healthy Diet|Baton Pass|p1a: Healthy Diet
|
|switch|p1a: Fuccboii 2.0|Jirachi, shiny|341\/341
|
|turn|3
|
|switch|p2a: bubblsy bubbles|Swampert, F|404\/404
|move|p1a: Fuccboii 2.0|U-turn|p2a: bubblsy bubbles
|-damage|p2a: bubblsy bubbles|348\/404
|
|switch|p1a: Healthy Diet|Celebi|404\/404
|
|turn|4
|join|Acast
|
|switch|p2a: onion fairy god|Celebi|396\/396
|move|p1a: Healthy Diet|Seed Bomb|p2a: onion fairy god
|-resisted|p2a: onion fairy god
|-damage|p2a: onion fairy god|362\/396
|
|-heal|p2a: onion fairy god|386\/396|[from] item: Leftovers
|turn|5
|
|move|p2a: onion fairy god|Stealth Rock|p1a: Healthy Diet
|-sidestart|p1: xShiba|move: Stealth Rock
|move|p1a: Healthy Diet|Swords Dance|p1a: Healthy Diet
|-boost|p1a: Healthy Diet|atk|2
|
|-heal|p2a: onion fairy god|396\/396|[from] item: Leftovers
|turn|6
|c| Meowiekins|shiba you shouldve just brought sd recover celebi
|
|move|p2a: onion fairy god|Perish Song|p2a: onion fairy god
|-fieldactivate|move: Perish Song
|move|p1a: Healthy Diet|Baton Pass|p1a: Healthy Diet
|c|âxShiba|yeah that prolly wouldve helped a lot lol
|
|switch|p1a: Fuccboii 2.0|Jirachi, shiny|341\/341
|-damage|p1a: Fuccboii 2.0|320\/341|[from] Stealth Rock
|
|-start|p1a: Fuccboii 2.0|perish3
|-start|p2a: onion fairy god|perish3
|turn|7
|c| Meowiekins|would struggle vs perish song celebi though
|
|switch|p2a: swimmy swim|Alomomola, F|471\/471
|move|p1a: Fuccboii 2.0|U-turn|p2a: swimmy swim
|-damage|p2a: swimmy swim|363\/471
|c|âpokemonisfun|+2 uturn
|c|âpokemonisfun|ouch
|
|switch|p1a: Healthy Diet|Celebi|404\/404
|-damage|p1a: Healthy Diet|354\/404|[from] Stealth Rock
|
|-heal|p2a: swimmy swim|392\/471|[from] item: Leftovers
|turn|8
|c| Meowiekins|lol
|
|switch|p2a: batsy watzy|Crobat, M|367\/373
|move|p1a: Healthy Diet|Baton Pass|p1a: Healthy Diet
|
|switch|p1a: Steve|Donphan, M|364\/364
|-damage|p1a: Steve|342\/364|[from] Stealth Rock
|
|-heal|p2a: batsy watzy|373\/373|[from] item: Black Sludge
|-heal|p1a: Steve|364\/364|[from] item: Leftovers
|turn|9
|
|switch|p2a: onion fairy god|Celebi|396\/396
|move|p1a: Steve|Rapid Spin|p2a: onion fairy god
|-damage|p2a: onion fairy god|378\/396
|-sideend|p1: xShiba|Stealth Rock|[from] move: Rapid Spin|[of] p1a: Steve
|
|-heal|p2a: onion fairy god|396\/396|[from] item: Leftovers
|turn|10
|
|move|p2a: onion fairy god|Stealth Rock|p1a: Steve
|-sidestart|p1: xShiba|move: Stealth Rock
|move|p1a: Steve|Stealth Rock|p2a: onion fairy god
|-sidestart|p2: pokemonisfun|move: Stealth Rock
|
|turn|11
|join|dodmen
|
|switch|p1a: Fuccboii 2.0|Jirachi, shiny|320\/341
|-damage|p1a: Fuccboii 2.0|299\/341|[from] Stealth Rock
|move|p2a: onion fairy god|Giga Drain|p1a: Fuccboii 2.0
|-resisted|p1a: Fuccboii 2.0
|-damage|p1a: Fuccboii 2.0|251\/341
|
|turn|12
|
|switch|p2a: swimmy swim|Alomomola, F|471\/471
|-damage|p2a: swimmy swim|413\/471|[from] Stealth Rock
|move|p1a: Fuccboii 2.0|U-turn|p2a: swimmy swim
|-damage|p2a: swimmy swim|357\/471
|
|switch|p1a: Healthy Diet|Celebi|354\/404
|-damage|p1a: Healthy Diet|304\/404|[from] Stealth Rock
|
|-heal|p2a: swimmy swim|386\/471|[from] item: Leftovers
|turn|13
|
|switch|p2a: woofy woof woof|Granbull, F|384\/384
|-damage|p2a: woofy woof woof|336\/384|[from] Stealth Rock
|-ability|p2a: woofy woof woof|Intimidate|[of] p1a: Healthy Diet
|-unboost|p1a: Healthy Diet|atk|1
|move|p1a: Healthy Diet|Recover|p1a: Healthy Diet
|-heal|p1a: Healthy Diet|404\/404
|
|-heal|p2a: woofy woof woof|360\/384|[from] item: Leftovers
|turn|14
|
|switch|p1a: Steve|Donphan, M|364\/364
|-damage|p1a: Steve|342\/364|[from] Stealth Rock
|move|p2a: woofy woof woof|Play Rough|p1a: Steve
|-damage|p1a: Steve|234\/364
|
|-heal|p1a: Steve|256\/364|[from] item: Leftovers
|-heal|p2a: woofy woof woof|384\/384|[from] item: Leftovers
|turn|15
|c| hairy toenail|pif whats the longest battle youve had
|
|switch|p2a: onion fairy god|Celebi|396\/396
|-damage|p2a: onion fairy god|347\/396|[from] Stealth Rock
|move|p1a: Steve|Rapid Spin|p2a: onion fairy god
|-damage|p2a: onion fairy god|329\/396
|-sideend|p1: xShiba|Stealth Rock|[from] move: Rapid Spin|[of] p1a: Steve
|
|-heal|p2a: onion fairy god|353\/396|[from] item: Leftovers
|-heal|p1a: Steve|278\/364|[from] item: Leftovers
|turn|16
|c|âpokemonisfun|idk
|c|âpokemonisfun|300 is the longest i remember
|c|âpokemonisfun|it gets hazy after that
|c|+Acast|I've seen one that went over 2000 turns, but Funbro was involved
|
|switch|p1a: Fuccboii 2.0|Jirachi, shiny|251\/341
|move|p2a: onion fairy god|Stealth Rock|p1a: Fuccboii 2.0
|-sidestart|p1: xShiba|move: Stealth Rock
|
|-heal|p2a: onion fairy god|377\/396|[from] item: Leftovers
|turn|17
|c| hairy toenail|kek
|
|switch|p2a: swimmy swim|Alomomola, F|471\/471
|-damage|p2a: swimmy swim|413\/471|[from] Stealth Rock
|move|p1a: Fuccboii 2.0|U-turn|p2a: swimmy swim
|-damage|p2a: swimmy swim|350\/471
|
|switch|p1a: Healthy Diet|Celebi|404\/404
|-damage|p1a: Healthy Diet|354\/404|[from] Stealth Rock
|
|-heal|p2a: swimmy swim|379\/471|[from] item: Leftovers
|turn|18
|
|switch|p2a: woofy woof woof|Granbull, F|384\/384
|-damage|p2a: woofy woof woof|336\/384|[from] Stealth Rock
|-ability|p2a: woofy woof woof|Intimidate|[of] p1a: Healthy Diet
|-unboost|p1a: Healthy Diet|atk|1
|move|p1a: Healthy Diet|Swords Dance|p1a: Healthy Diet
|-boost|p1a: Healthy Diet|atk|2
|
|-heal|p2a: woofy woof woof|360\/384|[from] item: Leftovers
|turn|19
|
|move|p1a: Healthy Diet|Seed Bomb|p2a: woofy woof woof
|-damage|p2a: woofy woof woof|245\/384
|move|p2a: woofy woof woof|Play Rough|p1a: Healthy Diet
|-damage|p1a: Healthy Diet|237\/404
|
|-heal|p2a: woofy woof woof|269\/384|[from] item: Leftovers
|turn|20
|
|switch|p2a: batsy watzy|Crobat, M|373\/373
|-damage|p2a: batsy watzy|280\/373|[from] Stealth Rock
|move|p1a: Healthy Diet|Seed Bomb|p2a: batsy watzy
|-resisted|p2a: batsy watzy
|-damage|p2a: batsy watzy|242\/373
|
|-heal|p2a: batsy watzy|265\/373|[from] item: Black Sludge
|turn|21
|
|move|p2a: batsy watzy|Brave Bird|p1a: Healthy Diet
|-supereffective|p1a: Healthy Diet
|-damage|p1a: Healthy Diet|0 fnt
|-damage|p2a: batsy watzy|187\/373|[from] recoil|[of] p1a: Healthy Diet
|faint|p1a: Healthy Diet
|
|-heal|p2a: batsy watzy|210\/373|[from] item: Black Sludge
|
|switch|p1a: Fuccboii 2.0|Jirachi, shiny|251\/341
|-damage|p1a: Fuccboii 2.0|230\/341|[from] Stealth Rock
|turn|22
|
|switch|p2a: bubblsy bubbles|Swampert, F|348\/404
|-damage|p2a: bubblsy bubbles|323\/404|[from] Stealth Rock
|move|p1a: Fuccboii 2.0|Iron Head|p2a: bubblsy bubbles
|-resisted|p2a: bubblsy bubbles
|-damage|p2a: bubblsy bubbles|255\/404
|
|turn|23
|
|detailschange|p2a: bubblsy bubbles|Swampert-Mega, F
|-mega|p2a: bubblsy bubbles|Swampert|Swampertite
|move|p1a: Fuccboii 2.0|Iron Head|p2a: bubblsy bubbles
|-resisted|p2a: bubblsy bubbles
|-damage|p2a: bubblsy bubbles|198\/404
|cant|p2a: bubblsy bubbles|flinch
|
|turn|24
|leave|Acast
|
|switch|p1a: Zoom Zoom|Yanmega, M, shiny|313\/313
|-damage|p1a: Zoom Zoom|157\/313|[from] Stealth Rock
|move|p2a: bubblsy bubbles|Earthquake|p1a: Zoom Zoom
|-immune|p1a: Zoom Zoom|[msg]
|
|turn|25
|
|switch|p2a: Mega Chansey|Blissey, F|652\/652
|-damage|p2a: Mega Chansey|571\/652|[from] Stealth Rock
|move|p1a: Zoom Zoom|Giga Drain|p2a: Mega Chansey
|-damage|p2a: Mega Chansey|505\/652
|-heal|p1a: Zoom Zoom|190\/313|[from] drain|[of] p2a: Mega Chansey
|-damage|p1a: Zoom Zoom|159\/313|[from] item: Life Orb
|
|-heal|p2a: Mega Chansey|545\/652|[from] item: Leftovers
|-boost|p1a: Zoom Zoom|spe|1|[from] ability: Speed Boost
|turn|26
|
|switch|p1a: Steve|Donphan, M|278\/364
|-damage|p1a: Steve|256\/364|[from] Stealth Rock
|move|p2a: Mega Chansey|Seismic Toss|p1a: Steve
|-damage|p1a: Steve|156\/364
|
|-heal|p1a: Steve|178\/364|[from] item: Leftovers
|-heal|p2a: Mega Chansey|585\/652|[from] item: Leftovers
|turn|27
|
|switch|p2a: onion fairy god|Celebi|377\/396
|-damage|p2a: onion fairy god|328\/396|[from] Stealth Rock
|move|p1a: Steve|Rapid Spin|p2a: onion fairy god
|-damage|p2a: onion fairy god|309\/396
|-sideend|p1: xShiba|Stealth Rock|[from] move: Rapid Spin|[of] p1a: Steve
|
|-heal|p2a: onion fairy god|333\/396|[from] item: Leftovers
|-heal|p1a: Steve|200\/364|[from] item: Leftovers
|turn|28
|c|âxShiba|cant break
|c|âxShiba|!
|c|âxShiba|gg
|-message|xShiba forfeited.
|
|win|pokemonisfun