|join|A Sprite fan
|join|kaiiser
|player|p1|A Sprite fan|261
|player|p2|kaiiser|163
|gametype|singles
|gen|6
|tier|OU
|rated
|clearpoke
|poke|p1|Heracross, M
|poke|p1|Keldeo-Resolute
|poke|p1|Kyurem-Black
|poke|p1|Landorus-Therian, M
|poke|p1|Clefable, M
|poke|p1|Mew
|poke|p2|Charizard, M
|poke|p2|Keldeo-Resolute
|poke|p2|Latios, M
|poke|p2|Talonflame, M
|poke|p2|Tyranitar, M
|poke|p2|Excadrill, F
|rule|Swagger Clause: Swagger is banned
|rule|Baton Pass Clause: Limit one PokÃ©mon knowing Baton Pass
|rule|Sleep Clause Mod: Limit one foe put to sleep
|rule|Species Clause: Limit one of each PokÃ©mon
|rule|OHKO Clause: OHKO moves are banned
|rule|Moody Clause: Moody is banned
|rule|Evasion Moves Clause: Evasion moves are banned
|rule|Endless Battle Clause: Forcing endless battles is banned
|rule|HP Percentage Mod: HP is shown in percentages
|teampreview
|
|start
|switch|p1a: Landorus-Therian|Landorus-Therian, M|319\/319
|switch|p2a: Hurricane beach|Tyranitar, M|403\/403
|-ability|p1a: Landorus-Therian|Intimidate|[of] p2a: Hurricane beach
|-unboost|p2a: Hurricane beach|atk|1
|-weather|Sandstorm
|turn|1
|
|move|p1a: Landorus-Therian|U-turn|p2a: Hurricane beach
|-supereffective|p2a: Hurricane beach
|-damage|p2a: Hurricane beach|287\/403
|
|switch|p1a: Clefable|Clefable, M|394\/394
|move|p2a: Hurricane beach|Stealth Rock|p1a: Clefable
|-sidestart|p1: A Sprite fan|move: Stealth Rock
|
|-weather|Sandstorm|[upkeep]
|turn|2
|
|switch|p2a: WAYAUUU|Excadrill, F|362\/362
|move|p1a: Clefable|Fire Blast|p2a: WAYAUUU
|-supereffective|p2a: WAYAUUU
|-damage|p2a: WAYAUUU|112\/362
|
|-weather|Sandstorm|[upkeep]
|turn|3
|
|switch|p1a: Landorus-Therian|Landorus-Therian, M|319\/319
|-damage|p1a: Landorus-Therian|280\/319|[from] Stealth Rock
|-ability|p1a: Landorus-Therian|Intimidate|[of] p2a: WAYAUUU
|-unboost|p2a: WAYAUUU|atk|1
|move|p2a: WAYAUUU|Iron Head|p1a: Landorus-Therian
|-damage|p1a: Landorus-Therian|123\/319
|-damage|p2a: WAYAUUU|76\/362|[from] item: Life Orb
|
|-weather|Sandstorm|[upkeep]
|turn|4
|
|switch|p1a: Mew|Mew|404\/404
|-damage|p1a: Mew|354\/404|[from] Stealth Rock
|move|p2a: WAYAUUU|Iron Head|p1a: Mew
|-damage|p1a: Mew|236\/404
|-damage|p2a: WAYAUUU|40\/362|[from] item: Life Orb
|
|-weather|Sandstorm|[upkeep]
|-damage|p1a: Mew|211\/404|[from] sandstorm
|-heal|p1a: Mew|236\/404|[from] item: Leftovers
|turn|5
|
|move|p2a: WAYAUUU|Earthquake|p1a: Mew
|-damage|p1a: Mew|90\/404
|-damage|p2a: WAYAUUU|4\/362|[from] item: Life Orb
|move|p1a: Mew|Soft-Boiled|p1a: Mew
|-heal|p1a: Mew|292\/404
|
|-weather|Sandstorm|[upkeep]
|-damage|p1a: Mew|267\/404|[from] sandstorm
|-heal|p1a: Mew|292\/404|[from] item: Leftovers
|turn|6
|
|move|p2a: WAYAUUU|Swords Dance|p2a: WAYAUUU
|-boost|p2a: WAYAUUU|atk|2
|move|p1a: Mew|Will-O-Wisp|p2a: WAYAUUU
|-status|p2a: WAYAUUU|brn
|
|-weather|Sandstorm|[upkeep]
|-damage|p1a: Mew|267\/404|[from] sandstorm
|-heal|p1a: Mew|292\/404|[from] item: Leftovers
|-damage|p2a: WAYAUUU|0 fnt|[from] brn
|faint|p2a: WAYAUUU
|
|switch|p2a: My little power|Keldeo-Resolute|323\/323
|turn|7
|
|move|p2a: My little power|Scald|p1a: Mew
|-damage|p1a: Mew|78\/404
|move|p1a: Mew|Soft-Boiled|p1a: Mew
|-heal|p1a: Mew|280\/404
|
|-weather|Sandstorm|[upkeep]
|-damage|p2a: My little power|303\/323|[from] sandstorm
|-damage|p1a: Mew|255\/404|[from] sandstorm
|-heal|p1a: Mew|280\/404|[from] item: Leftovers
|turn|8
|
|move|p2a: My little power|Scald|p1a: Mew
|-damage|p1a: Mew|85\/404
|move|p1a: Mew|Defog|p2a: My little power
|-unboost|p2a: My little power|evasion|1
|-sideend|p1: A Sprite fan|Stealth Rock|[from] move: Defog|[of] p1a: Mew
|
|-weather|none
|-heal|p1a: Mew|110\/404|[from] item: Leftovers
|turn|9
|
|switch|p1a: Kyurem-Black|Kyurem-Black|391\/391
|-ability|p1a: Kyurem-Black|Teravolt
|move|p2a: My little power|Scald|p1a: Kyurem-Black
|-resisted|p1a: Kyurem-Black
|-damage|p1a: Kyurem-Black|278\/391
|
|turn|10
|
|switch|p2a: Hurricane beach|Tyranitar, M|287\/403
|-weather|Sandstorm
|move|p1a: Kyurem-Black|Ice Beam|p2a: Hurricane beach
|-damage|p2a: Hurricane beach|180\/403
|-damage|p1a: Kyurem-Black|239\/391|[from] item: Life Orb
|
|-weather|Sandstorm|[upkeep]
|-damage|p1a: Kyurem-Black|215\/391|[from] sandstorm
|turn|11
|
|move|p1a: Kyurem-Black|Iron Head|p2a: Hurricane beach
|-supereffective|p2a: Hurricane beach
|-damage|p2a: Hurricane beach|0 fnt
|-damage|p1a: Kyurem-Black|176\/391|[from] item: Life Orb
|faint|p2a: Hurricane beach
|
|-weather|Sandstorm|[upkeep]
|-damage|p1a: Kyurem-Black|152\/391|[from] sandstorm
|
|switch|p2a: FINALY DRAGON|Charizard, M|297\/297
|turn|12
|
|detailschange|p2a: FINALY DRAGON|Charizard-Mega-Y, M
|message|Charizard has Mega Evolved into Mega Charizard!
|-weather|SunnyDay
|move|p2a: FINALY DRAGON|Fire Blast|p1a: Kyurem-Black|[miss]
|-miss|p2a: FINALY DRAGON|p1a: Kyurem-Black
|move|p1a: Kyurem-Black|Outrage|p2a: FINALY DRAGON
|-damage|p2a: FINALY DRAGON|0 fnt
|-damage|p1a: Kyurem-Black|113\/391|[from] item: Life Orb
|faint|p2a: FINALY DRAGON
|
|-weather|SunnyDay|[upkeep]
|
|switch|p2a: Just try|Talonflame, M|319\/319
|turn|13
|
|move|p2a: Just try|Brave Bird|p1a: Kyurem-Black
|-damage|p1a: Kyurem-Black|0 fnt
|-damage|p2a: Just try|282\/319|[from] recoil|[of] p1a: Kyurem-Black
|faint|p1a: Kyurem-Black
|
|-weather|SunnyDay|[upkeep]
|
|switch|p1a: Clefable|Clefable, M|394\/394
|turn|14
|
|move|p2a: Just try|Swords Dance|p2a: Just try
|-boost|p2a: Just try|atk|2
|move|p1a: Clefable|Stealth Rock|p2a: Just try
|-sidestart|p2: kaiiser|move: Stealth Rock
|
|-weather|SunnyDay|[upkeep]
|turn|15
|
|move|p2a: Just try|Brave Bird|p1a: Clefable
|-damage|p1a: Clefable|0 fnt
|-damage|p2a: Just try|152\/319|[from] recoil|[of] p1a: Clefable
|faint|p1a: Clefable
|
|-weather|SunnyDay|[upkeep]
|
|switch|p1a: Heracross|Heracross, M|301\/301
|turn|16
|
|detailschange|p1a: Heracross|Heracross-Mega, M
|message|Heracross has Mega Evolved into Mega Heracross!
|move|p2a: Just try|Brave Bird|p1a: Heracross
|-supereffective|p1a: Heracross
|-damage|p1a: Heracross|0 fnt
|-damage|p2a: Just try|53\/319|[from] recoil|[of] p1a: Heracross
|faint|p1a: Heracross
|
|-weather|none
|
|switch|p1a: Mew|Mew|110\/404
|turn|17
|
|move|p2a: Just try|Roost|p2a: Just try
|-heal|p2a: Just try|213\/319
|move|p1a: Mew|Knock Off|p2a: Just try
|-damage|p2a: Just try|109\/319
|-enditem|p2a: Just try|Sharp Beak|[from] move: Knock Off|[of] p1a: Mew
|
|-heal|p1a: Mew|135\/404|[from] item: Leftovers
|turn|18
|
|move|p2a: Just try|Brave Bird|p1a: Mew
|-damage|p1a: Mew|0 fnt
|-damage|p2a: Just try|64\/319|[from] recoil|[of] p1a: Mew
|faint|p1a: Mew
|
|
|switch|p1a: Landorus-Therian|Landorus-Therian, M|123\/319
|-ability|p1a: Landorus-Therian|Intimidate|[of] p2a: Just try
|-unboost|p2a: Just try|atk|1
|turn|19
|
|move|p2a: Just try|Brave Bird|p1a: Landorus-Therian
|-damage|p1a: Landorus-Therian|0 fnt
|-damage|p2a: Just try|23\/319|[from] recoil|[of] p1a: Landorus-Therian
|faint|p1a: Landorus-Therian
|
|
|switch|p1a: Keldeo-Resolute|Keldeo-Resolute|323\/323
|turn|20
|
|move|p2a: Just try|Brave Bird|p1a: Keldeo-Resolute
|-supereffective|p1a: Keldeo-Resolute
|-damage|p1a: Keldeo-Resolute|0 fnt
|-damage|p2a: Just try|0 fnt|[from] recoil|[of] p1a: Keldeo-Resolute
|faint|p1a: Keldeo-Resolute
|faint|p2a: Just try
|
|win|kaiiser
|raw|Ladder updating...
|raw|A Sprite fan's rating: 1510 &rarr; <strong>1488<\/strong><br \/>(-22 for losing)
|raw|kaiiser's rating: 1479 &rarr; <strong>1500<\/strong><br \/>(+21 for winning)