|join|Luna Rossa
|join|A Sprite fan
|player|p1|Luna Rossa|261
|player|p2|A Sprite fan|124
|gametype|singles
|gen|6
|tier|OU
|rated
|clearpoke
|poke|p1|Beedrill, M
|poke|p1|Rotom-Wash
|poke|p1|Azelf
|poke|p1|Latios, M
|poke|p1|Bisharp, M
|poke|p1|Excadrill, F
|poke|p2|Azelf
|poke|p2|Metagross
|poke|p2|Greninja, M, shiny
|poke|p2|Thundurus, M
|poke|p2|Landorus-Therian, M
|poke|p2|Clefable, F
|rule|Swagger Clause: Swagger is banned
|rule|Baton Pass Clause: Limit one PokÃ©mon knowing Baton Pass
|rule|Sleep Clause Mod: Limit one foe put to sleep
|rule|Species Clause: Limit one of each PokÃ©mon
|rule|OHKO Clause: OHKO moves are banned
|rule|Moody Clause: Moody is banned
|rule|Evasion Moves Clause: Evasion moves are banned
|rule|Endless Battle Clause: Forcing endless battles is banned
|rule|HP Percentage Mod: HP is shown in percentages
|teampreview
|
|start
|switch|p1a: Azelf|Azelf|292\/292
|switch|p2a: Boom|Azelf|291\/291
|turn|1
|
|move|p1a: Azelf|Stealth Rock|p2a: Boom
|-sidestart|p2: A Sprite fan|move: Stealth Rock
|move|p2a: Boom|Taunt|p1a: Azelf
|-start|p1a: Azelf|move: Taunt
|
|turn|2
|
|switch|p1a: Excadrill|Excadrill, F|362\/362
|-ability|p1a: Excadrill|Mold Breaker
|move|p2a: Boom|Stealth Rock|p1a: Excadrill
|-sidestart|p1: Luna Rossa|move: Stealth Rock
|
|turn|3
|
|move|p1a: Excadrill|Rapid Spin|p2a: Boom
|-damage|p2a: Boom|252\/291
|-sideend|p1: Luna Rossa|Stealth Rock|[from] move: Rapid Spin|[of] p1a: Excadrill
|move|p2a: Boom|Fire Blast|p1a: Excadrill
|-supereffective|p1a: Excadrill
|-damage|p1a: Excadrill|48\/362
|
|turn|4
|
|switch|p1a: Azelf|Azelf|292\/292
|move|p2a: Boom|Stealth Rock|p1a: Azelf
|-sidestart|p1: Luna Rossa|move: Stealth Rock
|
|turn|5
|
|move|p1a: Azelf|Fire Blast|p2a: Boom
|-damage|p2a: Boom|93\/291
|move|p2a: Boom|Explosion|p1a: Azelf
|-enditem|p1a: Azelf|Focus Sash
|-damage|p1a: Azelf|1\/292
|faint|p2a: Boom
|
|
|switch|p2a: MUFASA DIES|Landorus-Therian, M|319\/319
|-damage|p2a: MUFASA DIES|280\/319|[from] Stealth Rock
|-ability|p2a: MUFASA DIES|Intimidate|[of] p1a: Azelf
|-unboost|p1a: Azelf|atk|1
|turn|6
|
|move|p2a: MUFASA DIES|U-turn|p1a: Azelf
|-supereffective|p1a: Azelf
|-damage|p1a: Azelf|0 fnt
|faint|p1a: Azelf
|
|switch|p2a: Brazzers|Metagross|343\/343
|-damage|p2a: Brazzers|322\/343|[from] Stealth Rock
|
|
|switch|p1a: Rotom-Wash|Rotom-Wash|304\/304
|-damage|p1a: Rotom-Wash|266\/304|[from] Stealth Rock
|turn|7
|
|detailschange|p2a: Brazzers|Metagross-Mega
|message|Metagross has Mega Evolved into Mega Metagross!
|move|p1a: Rotom-Wash|Will-O-Wisp|p2a: Brazzers
|-status|p2a: Brazzers|brn
|move|p2a: Brazzers|Zen Headbutt|p1a: Rotom-Wash
|-damage|p1a: Rotom-Wash|178\/304
|
|-heal|p1a: Rotom-Wash|197\/304|[from] item: Leftovers
|-damage|p2a: Brazzers|280\/343 brn|[from] brn
|turn|8
|
|move|p2a: Brazzers|Zen Headbutt|p1a: Rotom-Wash
|-damage|p1a: Rotom-Wash|112\/304
|cant|p1a: Rotom-Wash|flinch
|
|-heal|p1a: Rotom-Wash|131\/304|[from] item: Leftovers
|-damage|p2a: Brazzers|238\/343 brn|[from] brn
|turn|9
|
|move|p2a: Brazzers|Zen Headbutt|p1a: Rotom-Wash
|-damage|p1a: Rotom-Wash|47\/304
|move|p1a: Rotom-Wash|Pain Split|p2a: Brazzers
|-sethp|p2a: Brazzers|142\/343 brn|p1a: Rotom-Wash|142\/304|[from] move: Pain Split
|
|-heal|p1a: Rotom-Wash|161\/304|[from] item: Leftovers
|-damage|p2a: Brazzers|100\/343 brn|[from] brn
|turn|10
|
|move|p2a: Brazzers|Zen Headbutt|p1a: Rotom-Wash
|-damage|p1a: Rotom-Wash|67\/304
|move|p1a: Rotom-Wash|Hydro Pump|p2a: Brazzers
|-damage|p2a: Brazzers|0 fnt
|faint|p2a: Brazzers
|
|-heal|p1a: Rotom-Wash|86\/304|[from] item: Leftovers
|
|switch|p2a: fak empoleon|Greninja, M, shiny|285\/285
|-damage|p2a: fak empoleon|250\/285|[from] Stealth Rock
|turn|11
|
|move|p2a: fak empoleon|Dark Pulse|p1a: Rotom-Wash
|-start|p2a: fak empoleon|typechange|Dark|[from] Protean
|-damage|p1a: Rotom-Wash|0 fnt
|-damage|p2a: fak empoleon|222\/285|[from] item: Life Orb
|faint|p1a: Rotom-Wash
|
|
|switch|p1a: Excadrill|Excadrill, F|48\/362
|-damage|p1a: Excadrill|37\/362|[from] Stealth Rock
|-ability|p1a: Excadrill|Mold Breaker
|turn|12
|
|move|p1a: Excadrill|Rapid Spin|p2a: fak empoleon
|-damage|p2a: fak empoleon|186\/285
|-sideend|p1: Luna Rossa|Stealth Rock|[from] move: Rapid Spin|[of] p1a: Excadrill
|move|p2a: fak empoleon|Dark Pulse|p1a: Excadrill
|-damage|p1a: Excadrill|0 fnt
|-damage|p2a: fak empoleon|158\/285|[from] item: Life Orb
|faint|p1a: Excadrill
|
|
|switch|p1a: Beedrill|Beedrill, M|272\/272
|turn|13
|
|switch|p2a: MUFASA DIES|Landorus-Therian, M|280\/319
|-damage|p2a: MUFASA DIES|241\/319|[from] Stealth Rock
|-ability|p2a: MUFASA DIES|Intimidate|[of] p1a: Beedrill
|-unboost|p1a: Beedrill|atk|1
|detailschange|p1a: Beedrill|Beedrill-Mega, M
|message|Beedrill has Mega Evolved into Mega Beedrill!
|move|p1a: Beedrill|Protect|p1a: Beedrill
|-fail|p1a: Beedrill
|
|turn|14
|
|move|p1a: Beedrill|Protect|p1a: Beedrill
|-singleturn|p1a: Beedrill|Protect
|move|p2a: MUFASA DIES|Earthquake|p1a: Beedrill
|-activate|p1a: Beedrill|Protect
|
|turn|15
|
|switch|p1a: Latios|Latios, M|301\/301
|move|p2a: MUFASA DIES|Earthquake|p1a: Latios
|-immune|p1a: Latios|[msg]
|
|turn|16
|
|switch|p2a: Lefable|Clefable, F|389\/389
|switch|p1a: Bisharp|Bisharp, M|272\/272
|
|turn|17
|
|move|p1a: Bisharp|Iron Head|p2a: Lefable
|-supereffective|p2a: Lefable
|-damage|p2a: Lefable|98\/389
|-damage|p1a: Bisharp|245\/272|[from] item: Life Orb
|cant|p2a: Lefable|flinch
|
|-heal|p2a: Lefable|122\/389|[from] item: Leftovers
|turn|18
|
|move|p1a: Bisharp|Iron Head|p2a: Lefable
|-supereffective|p2a: Lefable
|-damage|p2a: Lefable|0 fnt
|-damage|p1a: Bisharp|218\/272|[from] item: Life Orb
|faint|p2a: Lefable
|
|
|switch|p2a: Raijin|Thundurus, M|299\/299
|-damage|p2a: Raijin|225\/299|[from] Stealth Rock
|turn|19
|
|switch|p1a: Latios|Latios, M|301\/301
|move|p2a: Raijin|Superpower|p1a: Latios
|-resisted|p1a: Latios
|-damage|p1a: Latios|227\/301
|-unboost|p2a: Raijin|atk|1
|-unboost|p2a: Raijin|def|1
|
|turn|20
|
|move|p2a: Raijin|Knock Off|p1a: Latios
|-supereffective|p1a: Latios
|-damage|p1a: Latios|33\/301
|-enditem|p1a: Latios|Life Orb|[from] move: Knock Off|[of] p2a: Raijin
|move|p1a: Latios|Draco Meteor|p2a: Raijin|[miss]
|-miss|p1a: Latios|p2a: Raijin
|
|turn|21
|
|move|p2a: Raijin|Thunderbolt|p1a: Latios
|-resisted|p1a: Latios
|-damage|p1a: Latios|0 fnt
|faint|p1a: Latios
|
|
|switch|p1a: Beedrill|Beedrill-Mega, M|272\/272
|turn|22
|
|switch|p2a: MUFASA DIES|Landorus-Therian, M|241\/319
|-damage|p2a: MUFASA DIES|202\/319|[from] Stealth Rock
|-ability|p2a: MUFASA DIES|Intimidate|[of] p1a: Beedrill
|-unboost|p1a: Beedrill|atk|1
|move|p1a: Beedrill|Poison Jab|p2a: MUFASA DIES
|-resisted|p2a: MUFASA DIES
|-damage|p2a: MUFASA DIES|130\/319
|-status|p2a: MUFASA DIES|psn
|
|-damage|p2a: MUFASA DIES|91\/319 psn|[from] psn
|turn|23
|
|move|p1a: Beedrill|Protect|p1a: Beedrill
|-singleturn|p1a: Beedrill|Protect
|move|p2a: MUFASA DIES|Earthquake|p1a: Beedrill
|-activate|p1a: Beedrill|Protect
|
|-damage|p2a: MUFASA DIES|52\/319 psn|[from] psn
|turn|24
|
|move|p2a: MUFASA DIES|Earthquake|p1a: Beedrill
|-damage|p1a: Beedrill|0 fnt
|faint|p1a: Beedrill
|
|-damage|p2a: MUFASA DIES|13\/319 psn|[from] psn
|
|switch|p1a: Bisharp|Bisharp, M|218\/272
|turn|25
|
|move|p1a: Bisharp|Sucker Punch|p2a: MUFASA DIES
|-damage|p2a: MUFASA DIES|0 fnt
|-damage|p1a: Bisharp|191\/272|[from] item: Life Orb
|faint|p2a: MUFASA DIES
|
|
|switch|p2a: Raijin|Thundurus, M|225\/299
|-damage|p2a: Raijin|151\/299|[from] Stealth Rock
|turn|26
|
|move|p1a: Bisharp|Sucker Punch|p2a: Raijin
|-damage|p2a: Raijin|0 fnt
|-damage|p1a: Bisharp|164\/272|[from] item: Life Orb
|faint|p2a: Raijin
|
|
|switch|p2a: fak empoleon|Greninja, M, shiny|158\/285
|-damage|p2a: fak empoleon|123\/285|[from] Stealth Rock
|turn|27
|
|move|p1a: Bisharp|Sucker Punch|p2a: fak empoleon
|-resisted|p2a: fak empoleon
|-damage|p2a: fak empoleon|0 fnt
|-damage|p1a: Bisharp|137\/272|[from] item: Life Orb
|faint|p2a: fak empoleon
|
|win|Luna Rossa
|raw|Ladder updating...