|join|aries_ed
|join|A Sprite fan
|player|p1|aries_ed|80
|player|p2|A Sprite fan|124
|gametype|singles
|gen|6
|tier|OU
|clearpoke
|poke|p1|Gallade, M
|poke|p1|Rotom-Wash
|poke|p1|Ferrothorn, M
|poke|p1|Talonflame, F
|poke|p1|Latias, F
|poke|p1|Azumarill, M
|poke|p2|Terrakion
|poke|p2|Gallade, M
|poke|p2|Bisharp, F
|poke|p2|Greninja, F
|poke|p2|Landorus-Therian, M
|poke|p2|Thundurus, M
|rule|Swagger Clause: Swagger is banned
|rule|Baton Pass Clause: Limit one PokÃ©mon knowing Baton Pass
|rule|Sleep Clause Mod: Limit one foe put to sleep
|rule|Species Clause: Limit one of each PokÃ©mon
|rule|OHKO Clause: OHKO moves are banned
|rule|Moody Clause: Moody is banned
|rule|Evasion Moves Clause: Evasion moves are banned
|rule|Endless Battle Clause: Forcing endless battles is banned
|rule|HP Percentage Mod: HP is shown in percentages
|teampreview
|join|JoNiMixPlay
|join|WillycraftCOD777
|c|âA Sprite fan|buena suerte
|join|HaxdeFoIa
|join|TakanoSan
|join|whiteshiels
|c| JoNiMixPlay|>the first
|c| WillycraftCOD777|que no es buena suerte
|c|âaries_ed|suerte
|join|palta_ql
|c|âaries_ed|:D
|c| WillycraftCOD777|es hf
|join|PokenoobMx
|c| TakanoSan|aca deberia estar paco y noctur aaaa
|
|start
|switch|p1a: Rotom-Wash|Rotom-Wash|299\/299
|switch|p2a: Not Azelf :_(|Terrakion|323\/323
|turn|1
|c| JoNiMixPlay|Willy
|
|move|p2a: Not Azelf :_(|Close Combat|p1a: Rotom-Wash
|-damage|p1a: Rotom-Wash|110\/299
|-unboost|p2a: Not Azelf :_(|def|1
|-unboost|p2a: Not Azelf :_(|spd|1
|move|p1a: Rotom-Wash|Will-O-Wisp|p2a: Not Azelf :_(
|-status|p2a: Not Azelf :_(|brn
|
|-heal|p1a: Rotom-Wash|128\/299|[from] item: Leftovers
|-damage|p2a: Not Azelf :_(|283\/323 brn|[from] brn
|turn|2
|c| JoNiMixPlay|k s kaye la voka
|join|Lolazo
|
|move|p2a: Not Azelf :_(|Stealth Rock|p1a: Rotom-Wash
|-sidestart|p1: aries_ed|move: Stealth Rock
|move|p1a: Rotom-Wash|Pain Split|p2a: Not Azelf :_(
|-sethp|p2a: Not Azelf :_(|205\/323 brn|p1a: Rotom-Wash|205\/299|[from] move: Pain Split
|
|-heal|p1a: Rotom-Wash|223\/299|[from] item: Leftovers
|-damage|p2a: Not Azelf :_(|165\/323 brn|[from] brn
|turn|3
|join|AxemRed
|join|titomaster07
|c| WillycraftCOD777|luego se quejan del hax
|
|move|p2a: Not Azelf :_(|Close Combat|p1a: Rotom-Wash
|-damage|p1a: Rotom-Wash|129\/299
|-unboost|p2a: Not Azelf :_(|def|1
|-unboost|p2a: Not Azelf :_(|spd|1
|move|p1a: Rotom-Wash|Hydro Pump|p2a: Not Azelf :_(|[miss]
|-miss|p1a: Rotom-Wash|p2a: Not Azelf :_(
|
|-heal|p1a: Rotom-Wash|147\/299|[from] item: Leftovers
|-damage|p2a: Not Azelf :_(|125\/323 brn|[from] brn
|turn|4
|c| WillycraftCOD777|cuandp ustedes ponen gl
|c|âA Sprite fan|srry
|c|âaries_ed|no importa
|c| titomaster07|fola
|c|âaries_ed|ya estoy acostumbrado
|
|move|p2a: Not Azelf :_(|Close Combat|p1a: Rotom-Wash
|-damage|p1a: Rotom-Wash|39\/299
|-unboost|p2a: Not Azelf :_(|def|1
|-unboost|p2a: Not Azelf :_(|spd|1
|move|p1a: Rotom-Wash|Hydro Pump|p2a: Not Azelf :_(
|-supereffective|p2a: Not Azelf :_(
|-damage|p2a: Not Azelf :_(|0 fnt
|faint|p2a: Not Azelf :_(
|
|-heal|p1a: Rotom-Wash|57\/299|[from] item: Leftovers
|c| titomaster07|LOL
|c| WillycraftCOD777|( Í¡Â° ÍÊ Í¡Â°)
|
|switch|p2a: 2HKOed by Latios|Bisharp, F|279\/279
|turn|5
|
|switch|p1a: Ferrothorn|Ferrothorn, M|339\/339
|-damage|p1a: Ferrothorn|318\/339|[from] Stealth Rock
|move|p2a: 2HKOed by Latios|Knock Off|p1a: Ferrothorn
|-damage|p1a: Ferrothorn|192\/339
|-damage|p2a: 2HKOed by Latios|245\/279|[from] ability: Iron Barbs|[of] p1a: Ferrothorn
|-enditem|p1a: Ferrothorn|Leftovers|[from] move: Knock Off|[of] p2a: 2HKOed by Latios
|
|turn|6
|
|switch|p2a: Bulk Up|Gallade, M|277\/277
|move|p1a: Ferrothorn|Stealth Rock|p2a: Bulk Up
|-sidestart|p2: A Sprite fan|move: Stealth Rock
|
|turn|7
|join|juanen78
|join|Infernal Astaroth
|
|switch|p1a: Azumarill|Azumarill, M|404\/404
|-damage|p1a: Azumarill|354\/404|[from] Stealth Rock
|detailschange|p2a: Bulk Up|Gallade-Mega, M
|message|Gallade has Mega Evolved into Mega Gallade!
|move|p2a: Bulk Up|Close Combat|p1a: Azumarill
|-resisted|p1a: Azumarill
|-damage|p1a: Azumarill|190\/404
|-unboost|p2a: Bulk Up|def|1
|-unboost|p2a: Bulk Up|spd|1
|
|turn|8
|join|Flurex
|
|move|p2a: Bulk Up|Zen Headbutt|p1a: Azumarill
|-damage|p1a: Azumarill|0 fnt
|faint|p1a: Azumarill
|
|
|switch|p1a: Latias|Latias, F|302\/302
|-damage|p1a: Latias|265\/302|[from] Stealth Rock
|turn|9
|join|1nintendero mas
|join|Saga One
|c| Flurex|si se han tardado en el torneo lol
|c| WillycraftCOD777|nadie usa ya a gardevoir mega
|
|switch|p2a: 2HKOed by Latios|Bisharp, F|245\/279
|-damage|p2a: 2HKOed by Latios|228\/279|[from] Stealth Rock
|move|p1a: Latias|Draco Meteor|p2a: 2HKOed by Latios
|-resisted|p2a: 2HKOed by Latios
|-damage|p2a: 2HKOed by Latios|110\/279
|-unboost|p1a: Latias|spa|2
|-damage|p1a: Latias|235\/302|[from] item: Life Orb
|
|turn|10
|leave|whiteshiels
|
|move|p1a: Latias|Defog|p2a: 2HKOed by Latios
|-unboost|p2a: 2HKOed by Latios|evasion|1
|-boost|p2a: 2HKOed by Latios|atk|2|[from] ability: Defiant
|-sideend|p2: A Sprite fan|Stealth Rock|[from] move: Defog|[of] p2a: 2HKOed by Latios
|-sideend|p1: aries_ed|Stealth Rock|[from] move: Defog|[of] p1a: Latias
|move|p2a: 2HKOed by Latios|Pursuit|p1a: Latias
|-crit|p1a: Latias
|-supereffective|p1a: Latias
|-damage|p1a: Latias|0 fnt
|faint|p1a: Latias
|
|leave|JoNiMixPlay
|c| titomaster07|con quien se van
|c| Flurex|yo lo uso xD
|
|switch|p1a: Talonflame|Talonflame, F|298\/298
|turn|11
|
|move|p1a: Talonflame|Brave Bird|p2a: 2HKOed by Latios
|-resisted|p2a: 2HKOed by Latios
|-damage|p2a: 2HKOed by Latios|0 fnt
|-damage|p1a: Talonflame|262\/298|[from] recoil|[of] p2a: 2HKOed by Latios
|faint|p2a: 2HKOed by Latios
|
|c| Infernal Astaroth|voto por aries_ed xD
|
|switch|p2a: MUFASA DIES|Landorus-Therian, M|319\/319
|-ability|p2a: MUFASA DIES|Intimidate|[of] p1a: Talonflame
|-unboost|p1a: Talonflame|atk|1
|turn|12
|join|Jspeed
|c| Flurex|aries_ed obvio
|
|switch|p1a: Ferrothorn|Ferrothorn, M|192\/339
|move|p2a: MUFASA DIES|U-turn|p1a: Ferrothorn
|-damage|p1a: Ferrothorn|130\/339
|-damage|p2a: MUFASA DIES|280\/319|[from] ability: Iron Barbs|[of] p1a: Ferrothorn
|
|switch|p2a: Bulk Up|Gallade-Mega, M|277\/277
|
|turn|13
|
|switch|p1a: Rotom-Wash|Rotom-Wash|57\/299
|move|p2a: Bulk Up|Close Combat|p1a: Rotom-Wash
|-damage|p1a: Rotom-Wash|0 fnt
|-unboost|p2a: Bulk Up|def|1
|-unboost|p2a: Bulk Up|spd|1
|faint|p1a: Rotom-Wash
|
|c| titomaster07|aries
|join|Anthosebas
|
|switch|p1a: Talonflame|Talonflame, F|262\/298
|turn|14
|
|move|p1a: Talonflame|Brave Bird|p2a: Bulk Up
|-supereffective|p2a: Bulk Up
|-damage|p2a: Bulk Up|0 fnt
|-damage|p1a: Talonflame|171\/298|[from] recoil|[of] p2a: Bulk Up
|faint|p2a: Bulk Up
|
|c| titomaster07|aries ed nos pasas tu team despues
|c| WillycraftCOD777|el talonflame ganara la partida
|
|switch|p2a: MUFASA DIES|Landorus-Therian, M|280\/319
|-ability|p2a: MUFASA DIES|Intimidate|[of] p1a: Talonflame
|-unboost|p1a: Talonflame|atk|1
|turn|15
|c|âA Sprite fan|tengo antiflying spam
|c| WillycraftCOD777|TALONFLAME
|c|âA Sprite fan|con thundurus
|c|âA Sprite fan|aun es pronto
|
|switch|p1a: Ferrothorn|Ferrothorn, M|130\/339
|move|p2a: MUFASA DIES|Stone Edge|p1a: Ferrothorn
|-resisted|p1a: Ferrothorn
|-damage|p1a: Ferrothorn|88\/339
|
|turn|16
|
|switch|p2a: fak empoleon|Greninja, F|285\/285
|move|p1a: Ferrothorn|Leech Seed|p2a: fak empoleon
|-start|p2a: fak empoleon|move: Leech Seed
|
|-damage|p2a: fak empoleon|250\/285|[from] Leech Seed|[of] p1a: Ferrothorn
|-heal|p1a: Ferrothorn|123\/339|[silent]
|turn|17
|c| titomaster07|3 3 LOL
|
|move|p1a: Ferrothorn|Protect|p1a: Ferrothorn
|-singleturn|p1a: Ferrothorn|Protect
|move|p2a: fak empoleon|Hidden Power|p1a: Ferrothorn
|-start|p2a: fak empoleon|typechange|Fire|[from] Protean
|-activate|p1a: Ferrothorn|Protect
|
|-damage|p2a: fak empoleon|215\/285|[from] Leech Seed|[of] p1a: Ferrothorn
|-heal|p1a: Ferrothorn|158\/339|[silent]
|turn|18
|leave|Lolazo
|
|move|p2a: fak empoleon|Hydro Pump|p1a: Ferrothorn|[miss]
|-start|p2a: fak empoleon|typechange|Water|[from] Protean
|-miss|p2a: fak empoleon|p1a: Ferrothorn
|move|p1a: Ferrothorn|Gyro Ball|p2a: fak empoleon
|-resisted|p2a: fak empoleon
|-damage|p2a: fak empoleon|75\/285
|
|-damage|p2a: fak empoleon|40\/285|[from] Leech Seed|[of] p1a: Ferrothorn
|-heal|p1a: Ferrothorn|193\/339|[silent]
|turn|19
|leave|Anthosebas
|c|âA Sprite fan|oh
|c|âA Sprite fan|ahora si puedo perder
|
|move|p1a: Ferrothorn|Protect|p1a: Ferrothorn
|-singleturn|p1a: Ferrothorn|Protect
|move|p2a: fak empoleon|Hidden Power|p1a: Ferrothorn
|-start|p2a: fak empoleon|typechange|Fire|[from] Protean
|-activate|p1a: Ferrothorn|Protect
|
|-damage|p2a: fak empoleon|5\/285|[from] Leech Seed|[of] p1a: Ferrothorn
|-heal|p1a: Ferrothorn|228\/339|[silent]
|turn|20
|join|Richizen
|c| WillycraftCOD777|eso es por poner buena suerte
|c| titomaster07|a sprite fan tu tambien nos pordrias pasar tu equpo
|c| Flurex|ganara aries si o si
|
|move|p2a: fak empoleon|Hidden Power|p1a: Ferrothorn
|-supereffective|p1a: Ferrothorn
|-damage|p1a: Ferrothorn|0 fnt
|-damage|p2a: fak empoleon|0 fnt|[from] item: Life Orb
|faint|p1a: Ferrothorn
|faint|p2a: fak empoleon
|
|
|switch|p2a: MUFASA DIES|Landorus-Therian, M|280\/319
|switch|p1a: Gallade|Gallade, M|277\/277
|-ability|p2a: MUFASA DIES|Intimidate|[of] p1a: Gallade
|-unboost|p1a: Gallade|atk|1
|turn|21
|c| titomaster07|lol
|c| WillycraftCOD777|gg
|
|detailschange|p1a: Gallade|Gallade-Mega, M
|message|Gallade has Mega Evolved into Mega Gallade!
|move|p2a: MUFASA DIES|Explosion|p1a: Gallade
|-damage|p1a: Gallade|0 fnt
|faint|p2a: MUFASA DIES
|faint|p1a: Gallade
|
|c| Jspeed|adois
|c|âA Sprite fan|gane
|
|switch|p1a: Talonflame|Talonflame, F|171\/298
|switch|p2a: Raijin likes Knock|Thundurus, M|299\/299
|turn|22
|c| TakanoSan|inb4 flare no mata
|join|aguila
|
|move|p1a: Talonflame|Flare Blitz|p2a: Raijin likes Knock
|-damage|p2a: Raijin likes Knock|0 fnt
|-damage|p1a: Talonflame|72\/298|[from] recoil|[of] p2a: Raijin likes Knock
|faint|p2a: Raijin likes Knock
|
|win|aries_ed
|c|âA Sprite fan|oh
|c| Jspeed|si mata
|c| Jspeed|lel
|c|âA Sprite fan|si
|c|âaries_ed|gg
|c| Infernal Astaroth|jajajajajajajaja
|c|âA Sprite fan|gg
|c| WillycraftCOD777|SIIIIIIIIIIIIIIIIIIIIIIIIIIIII
|leave|Jspeed
|c| titomaster07|gg
|c| WillycraftCOD777|( Í¡Â° ÍÊ Í¡Â°)( Í¡Â° ÍÊ Í¡Â°)( Í¡Â° ÍÊ Í¡Â°)( Í¡Â° ÍÊ Í¡Â°)( Í¡Â° ÍÊ Í¡Â°)( Í¡Â° ÍÊ Í¡Â°)( Í¡Â° ÍÊ Í¡Â°)( Í¡Â° ÍÊ Í¡Â°)( Í¡Â° ÍÊ Í¡Â°)( Í¡Â° ÍÊ Í¡Â°)( Í¡Â° ÍÊ Í¡Â°)( Í¡Â° ÍÊ Í¡Â°)( Í¡Â° ÍÊ Í¡Â°)( Í¡Â° ÍÊ( Í¡Â° ÍÊ Í¡Â°)( Í¡Â° ÍÊ Í¡Â°)( Í¡Â° ÍÊ Í¡Â°)( Í¡Â° ÍÊ Í¡Â°)( Í¡Â° ÍÊ Í¡Â°)( Í¡Â° ÍÊ Í¡Â°)( Í¡Â° ÍÊ Í¡Â°)( Í¡Â° ÍÊ Í¡Â°)( Í¡Â° ÍÊ Í¡Â°)( Í¡Â° ÍÊ Í¡Â°)( Í¡Â° ÍÊ Í¡Â°)( Í¡Â° ÍÊ Í¡Â°)( Í¡Â° ÍÊ Í¡Â°)( Í¡Â° ÍÊ
|c| Infernal Astaroth|por cantar victoria antes ;D
|leave|aries_ed
|player|p1
|leave|aguila
|c| WillycraftCOD777|( Í¡Â° ÍÊ Í¡Â°)( Í¡Â° ÍÊ Í¡Â°)( Í¡Â° ÍÊ Í¡Â°)( Í¡Â° ÍÊ Í¡Â°)( Í¡Â° ÍÊ Í¡Â°)( Í¡Â° ÍÊ Í¡Â°)( Í¡Â° ÍÊ Í¡Â°)( Í¡Â° ÍÊ Í¡Â°)( Í¡Â° ÍÊ Í¡Â°)( Í¡Â° ÍÊ Í¡Â°)( Í¡Â° ÍÊ Í¡Â°)( Í¡Â° ÍÊ Í¡Â°)( Í¡Â° ÍÊ Í¡Â°)( Í¡Â° ÍÊ( Í¡Â° ÍÊ Í¡Â°)( Í¡Â° ÍÊ Í¡Â°)( Í¡Â° ÍÊ Í¡Â°)( Í¡Â° ÍÊ Í¡Â°)( Í¡Â° ÍÊ Í¡Â°)( Í¡Â° ÍÊ Í¡Â°)( Í¡Â° ÍÊ Í¡Â°)( Í¡Â° ÍÊ Í¡Â°)( Í¡Â° ÍÊ Í¡Â°)( Í¡Â° ÍÊ Í¡Â°)( Í¡Â° ÍÊ Í¡Â°)( Í¡Â° ÍÊ Í¡Â°)( Í¡Â° ÍÊ Í¡Â°)( Í¡Â° ÍÊ
|c| WillycraftCOD777|SIIIIIIIIIIIIIIIIIIIIIII
|leave|palta_ql
|c|âA Sprite fan|pensaba que era adamant
|c| Infernal Astaroth|eso le pasa jajajajajajajaja
|c| Flurex|looooooooool
|c|âA Sprite fan|bueh, no pasa nada
|c| HaxdeFoIa|por hablar
|c| Infernal Astaroth|siga de confiado jajajajajajajaja
|c|âA Sprite fan|ya sera otra
|c|âA Sprite fan|gg
|leave|HaxdeFoIa
|join|Axel10
|c| titomaster07|buena pelea
|leave|A Sprite fan
|player|p2
|c| titomaster07|nos pasa tu equipo
|leave|Infernal Astaroth
|leave|Flurex
|leave|titomaster07
|leave|1nintendero mas
|leave|WillycraftCOD777
|leave|Richizen
|leave|juanen78
|leave|AxemRed
|leave|TakanoSan
|join|aries_ed
|leave|Saga One
|leave|Axel10