|join|DisastrousFutility
|join|A Sprite fan
|player|p1|DisastrousFutility|149
|player|p2|A Sprite fan|124
|gametype|singles
|gen|6
|tier|OU
|rated
|clearpoke
|poke|p1|Diancie
|poke|p1|Keldeo-Resolute
|poke|p1|Weavile, F
|poke|p1|Landorus-Therian, M
|poke|p1|Zapdos
|poke|p1|Ferrothorn, M
|poke|p2|Azelf
|poke|p2|Metagross
|poke|p2|Greninja, M, shiny
|poke|p2|Thundurus, M
|poke|p2|Landorus-Therian, M
|poke|p2|Clefable, M
|rule|Swagger Clause: Swagger is banned
|rule|Baton Pass Clause: Limit one PokÃ©mon knowing Baton Pass
|rule|Sleep Clause Mod: Limit one foe put to sleep
|rule|Species Clause: Limit one of each PokÃ©mon
|rule|OHKO Clause: OHKO moves are banned
|rule|Moody Clause: Moody is banned
|rule|Evasion Moves Clause: Evasion moves are banned
|rule|Endless Battle Clause: Forcing endless battles is banned
|rule|HP Percentage Mod: HP is shown in percentages
|teampreview
|
|start
|switch|p1a: Diancie|Diancie|241\/241
|switch|p2a: Lefable|Clefable, M|389\/389
|turn|1
|
|detailschange|p1a: Diancie|Diancie-Mega
|message|Diancie has Mega Evolved into Mega Diancie!
|move|p1a: Diancie|Moonblast|p2a: Lefable
|-damage|p2a: Lefable|161\/389
|move|p2a: Lefable|Calm Mind|p2a: Lefable
|-boost|p2a: Lefable|spa|1
|-boost|p2a: Lefable|spd|1
|
|-heal|p2a: Lefable|185\/389|[from] item: Leftovers
|turn|2
|
|move|p1a: Diancie|Moonblast|p2a: Lefable
|-damage|p2a: Lefable|35\/389
|-unboost|p2a: Lefable|spa|1
|move|p2a: Lefable|Soft-Boiled|p2a: Lefable
|-heal|p2a: Lefable|230\/389
|
|-heal|p2a: Lefable|254\/389|[from] item: Leftovers
|turn|3
|
|move|p1a: Diancie|Diamond Storm|p2a: Lefable
|-crit|p2a: Lefable
|-damage|p2a: Lefable|28\/389
|-boost|p1a: Diancie|def|1
|move|p2a: Lefable|Soft-Boiled|p2a: Lefable
|-heal|p2a: Lefable|223\/389
|
|-heal|p2a: Lefable|247\/389|[from] item: Leftovers
|turn|4
|
|move|p1a: Diancie|Moonblast|p2a: Lefable
|-damage|p2a: Lefable|93\/389
|move|p2a: Lefable|Soft-Boiled|p2a: Lefable
|-heal|p2a: Lefable|288\/389
|
|-heal|p2a: Lefable|312\/389|[from] item: Leftovers
|turn|5
|
|move|p1a: Diancie|Diamond Storm|p2a: Lefable
|-crit|p2a: Lefable
|-damage|p2a: Lefable|105\/389
|-boost|p1a: Diancie|def|1
|move|p2a: Lefable|Calm Mind|p2a: Lefable
|-boost|p2a: Lefable|spa|1
|-boost|p2a: Lefable|spd|1
|
|-heal|p2a: Lefable|129\/389|[from] item: Leftovers
|turn|6
|
|move|p1a: Diancie|Diamond Storm|p2a: Lefable
|-damage|p2a: Lefable|0 fnt
|faint|p2a: Lefable
|
|c|âA Sprite fan|crit and crit
|c|âA Sprite fan|thanks
|-message|A Sprite fan forfeited.
|
|win|DisastrousFutility
|raw|Ladder updating...
|leave|A Sprite fan
|player|p2
|raw|DisastrousFutility's rating: 1687 &rarr; <strong>1705<\/strong><br \/>(+18 for winning)
|raw|A Sprite fan's rating: 1646 &rarr; <strong>1629<\/strong><br \/>(-17 for losing)