|join|A Sprite fan
|join|icening
|player|p1|A Sprite fan|124
|player|p2|icening|156
|gametype|singles
|gen|6
|tier|OU
|rated
|clearpoke
|poke|p1|Azelf
|poke|p1|Metagross
|poke|p1|Greninja, M, shiny
|poke|p1|Thundurus, M
|poke|p1|Landorus-Therian, M
|poke|p1|Clefable, M
|poke|p2|Pidgeot, F
|poke|p2|Heatran, F
|poke|p2|Garchomp, F
|poke|p2|Mew
|poke|p2|Conkeldurr, F
|poke|p2|Togekiss, M
|rule|Swagger Clause: Swagger is banned
|rule|Baton Pass Clause: Limit one PokÃ©mon knowing Baton Pass
|rule|Sleep Clause Mod: Limit one foe put to sleep
|rule|Species Clause: Limit one of each PokÃ©mon
|rule|OHKO Clause: OHKO moves are banned
|rule|Moody Clause: Moody is banned
|rule|Evasion Moves Clause: Evasion moves are banned
|rule|Endless Battle Clause: Forcing endless battles is banned
|rule|HP Percentage Mod: HP is shown in percentages
|teampreview
|
|start
|switch|p1a: Boom|Azelf|291\/291
|switch|p2a: Pidgeot|Pidgeot, F|307\/307
|turn|1
|
|detailschange|p2a: Pidgeot|Pidgeot-Mega, F
|message|Pidgeot has Mega Evolved into Mega Pidgeot!
|move|p1a: Boom|Stealth Rock|p2a: Pidgeot
|-sidestart|p2: icening|move: Stealth Rock
|move|p2a: Pidgeot|Hurricane|p1a: Boom
|-damage|p1a: Boom|44\/291
|
|turn|2
|
|move|p2a: Pidgeot|Hurricane|p1a: Boom
|-damage|p1a: Boom|0 fnt
|faint|p1a: Boom
|
|
|switch|p1a: fak empoleon|Greninja, M, shiny|285\/285
|turn|3
|
|switch|p2a: Togekiss|Togekiss, M|373\/373
|-damage|p2a: Togekiss|280\/373|[from] Stealth Rock
|move|p1a: fak empoleon|Ice Beam|p2a: Togekiss
|-start|p1a: fak empoleon|typechange|Ice|[from] Protean
|-supereffective|p2a: Togekiss
|-damage|p2a: Togekiss|30\/373
|-damage|p1a: fak empoleon|257\/285|[from] item: Life Orb
|
|-heal|p2a: Togekiss|53\/373|[from] item: Leftovers
|turn|4
|
|switch|p2a: Conkeldurr|Conkeldurr, F|351\/351
|-damage|p2a: Conkeldurr|330\/351|[from] Stealth Rock
|move|p1a: fak empoleon|Gunk Shot|p2a: Conkeldurr
|-start|p1a: fak empoleon|typechange|Poison|[from] Protean
|-damage|p2a: Conkeldurr|153\/351
|-status|p2a: Conkeldurr|psn
|-damage|p1a: fak empoleon|229\/285|[from] item: Life Orb
|
|-damage|p2a: Conkeldurr|110\/351 psn|[from] psn
|turn|5
|
|move|p2a: Conkeldurr|Mach Punch|p1a: fak empoleon
|-resisted|p1a: fak empoleon
|-damage|p1a: fak empoleon|138\/285
|move|p1a: fak empoleon|Ice Beam|p2a: Conkeldurr
|-start|p1a: fak empoleon|typechange|Ice|[from] Protean
|-damage|p2a: Conkeldurr|0 fnt
|-damage|p1a: fak empoleon|110\/285|[from] item: Life Orb
|faint|p2a: Conkeldurr
|
|
|switch|p2a: Garchomp|Garchomp, F|357\/357
|-damage|p2a: Garchomp|335\/357|[from] Stealth Rock
|turn|6
|
|move|p2a: Garchomp|Dragon Claw|p1a: fak empoleon
|-damage|p1a: fak empoleon|0 fnt
|faint|p1a: fak empoleon
|
|
|switch|p1a: Brazzers|Metagross|343\/343
|turn|7
|
|switch|p2a: Togekiss|Togekiss, M|53\/373
|-damage|p2a: Togekiss|0 fnt|[from] Stealth Rock
|faint|p2a: Togekiss
|detailschange|p1a: Brazzers|Metagross-Mega
|message|Metagross has Mega Evolved into Mega Metagross!
|move|p1a: Brazzers|Meteor Mash|p2: Togekiss|[notarget]
|-notarget
|
|
|switch|p2a: Mew|Mew|404\/404
|-damage|p2a: Mew|354\/404|[from] Stealth Rock
|turn|8
|
|switch|p1a: Lefable|Clefable, M|389\/389
|move|p2a: Mew|Will-O-Wisp|p1a: Lefable
|-status|p1a: Lefable|brn
|
|-heal|p2a: Mew|379\/404|[from] item: Leftovers
|turn|9
|
|switch|p1a: MUFASA DIES|Landorus-Therian, M|319\/319
|-ability|p1a: MUFASA DIES|Intimidate|[of] p2a: Mew
|-unboost|p2a: Mew|atk|1
|move|p2a: Mew|Taunt|p1a: MUFASA DIES
|-start|p1a: MUFASA DIES|move: Taunt
|
|-heal|p2a: Mew|404\/404|[from] item: Leftovers
|turn|10
|
|move|p1a: MUFASA DIES|U-turn|p2a: Mew
|-supereffective|p2a: Mew
|-damage|p2a: Mew|252\/404
|
|switch|p1a: Lefable|Clefable, M|389\/389 brn
|move|p2a: Mew|Will-O-Wisp|p1a: Lefable
|-fail|p1a: Lefable|brn
|
|-heal|p2a: Mew|277\/404|[from] item: Leftovers
|turn|11
|
|move|p2a: Mew|Knock Off|p1a: Lefable
|-resisted|p1a: Lefable
|-damage|p1a: Lefable|366\/389 brn
|-enditem|p1a: Lefable|Life Orb|[from] move: Knock Off|[of] p2a: Mew
|move|p1a: Lefable|Moonblast|p2a: Mew
|-damage|p2a: Mew|175\/404
|
|-heal|p2a: Mew|200\/404|[from] item: Leftovers
|turn|12
|
|switch|p1a: Raijin|Thundurus, M|299\/299
|move|p2a: Mew|Taunt|p1a: Raijin
|-start|p1a: Raijin|move: Taunt
|
|-heal|p2a: Mew|225\/404|[from] item: Leftovers
|turn|13
|
|switch|p2a: Heatran|Heatran, F|386\/386
|-damage|p2a: Heatran|338\/386|[from] Stealth Rock
|move|p1a: Raijin|Knock Off|p2a: Heatran
|-damage|p2a: Heatran|254\/386
|-enditem|p2a: Heatran|Leftovers|[from] move: Knock Off|[of] p1a: Raijin
|
|turn|14
|
|move|p1a: Raijin|Superpower|p2a: Heatran
|-supereffective|p2a: Heatran
|-damage|p2a: Heatran|0 fnt
|-unboost|p1a: Raijin|atk|1
|-unboost|p1a: Raijin|def|1
|faint|p2a: Heatran
|
|
|switch|p2a: Pidgeot|Pidgeot-Mega, F|307\/307
|-damage|p2a: Pidgeot|231\/307|[from] Stealth Rock
|turn|15
|
|switch|p2a: Garchomp|Garchomp, F|335\/357
|-damage|p2a: Garchomp|313\/357|[from] Stealth Rock
|move|p1a: Raijin|Hidden Power|p2a: Garchomp
|-supereffective|p2a: Garchomp
|-damage|p2a: Garchomp|0 fnt
|faint|p2a: Garchomp
|
|-end|p1a: Raijin|move: Taunt
|
|switch|p2a: Mew|Mew|225\/404
|-damage|p2a: Mew|175\/404|[from] Stealth Rock
|turn|16
|
|move|p1a: Raijin|Knock Off|p2a: Mew
|-supereffective|p2a: Mew
|-damage|p2a: Mew|50\/404
|-enditem|p2a: Mew|Leftovers|[from] move: Knock Off|[of] p1a: Raijin
|move|p2a: Mew|Knock Off|p1a: Raijin
|-crit|p1a: Raijin
|-damage|p1a: Raijin|54\/299
|-enditem|p1a: Raijin|Expert Belt|[from] move: Knock Off|[of] p2a: Mew
|
|turn|17
|
|move|p1a: Raijin|Thunderbolt|p2a: Mew
|-damage|p2a: Mew|0 fnt
|faint|p2a: Mew
|
|
|switch|p2a: Pidgeot|Pidgeot-Mega, F|231\/307
|-damage|p2a: Pidgeot|155\/307|[from] Stealth Rock
|turn|18
|
|move|p2a: Pidgeot|Roost|p2a: Pidgeot
|-heal|p2a: Pidgeot|307\/307
|move|p1a: Raijin|Thunderbolt|p2a: Pidgeot
|-damage|p2a: Pidgeot|117\/307
|
|turn|19
|
|move|p2a: Pidgeot|Hurricane|p1a: Raijin
|-resisted|p1a: Raijin
|-damage|p1a: Raijin|0 fnt
|faint|p1a: Raijin
|
|
|switch|p1a: MUFASA DIES|Landorus-Therian, M|319\/319
|-ability|p1a: MUFASA DIES|Intimidate|[of] p2a: Pidgeot
|-unboost|p2a: Pidgeot|atk|1
|turn|20
|
|move|p1a: MUFASA DIES|Stone Edge|p2a: Pidgeot
|-supereffective|p2a: Pidgeot
|-damage|p2a: Pidgeot|0 fnt
|faint|p2a: Pidgeot
|
|win|A Sprite fan
|raw|Ladder updating...
|c|âA Sprite fan|gg
|leave|icening
|player|p2