|join|SrWhitePokemon
|join|A Sprite fan
|player|p1|SrWhitePokemon|160
|player|p2|A Sprite fan|9
|gametype|singles
|gen|6
|tier|OU
|clearpoke
|poke|p1|Keldeo
|poke|p1|Venusaur, F
|poke|p1|Clefable, F
|poke|p1|Zapdos
|poke|p1|Landorus-Therian, M
|poke|p1|Tyrantrum, M
|poke|p2|Azelf
|poke|p2|Metagross
|poke|p2|Greninja, F, shiny
|poke|p2|Thundurus, M
|poke|p2|Landorus-Therian, M
|poke|p2|Conkeldurr, M
|rule|Swagger Clause: Swagger is banned
|rule|Baton Pass Clause: Limit one PokÃ©mon knowing Baton Pass
|rule|Sleep Clause Mod: Limit one foe put to sleep
|rule|Species Clause: Limit one of each PokÃ©mon
|rule|OHKO Clause: OHKO moves are banned
|rule|Moody Clause: Moody is banned
|rule|Evasion Moves Clause: Evasion moves are banned
|rule|Endless Battle Clause: Forcing endless battles is banned
|rule|HP Percentage Mod: HP is shown in percentages
|teampreview
|c|âA Sprite fan|Greninja es el peligro aqui xd
|
|start
|switch|p1a: Venusaur|Venusaur, F|364\/364
|switch|p2a: Boom|Azelf|291\/291
|turn|1
|
|switch|p1a: Tyrantrum|Tyrantrum, M|306\/306
|move|p2a: Boom|Taunt|p1a: Tyrantrum
|-start|p1a: Tyrantrum|move: Taunt
|
|turn|2
|
|move|p2a: Boom|Stealth Rock|p1a: Tyrantrum
|-sidestart|p1: SrWhitePokemon|move: Stealth Rock
|move|p1a: Tyrantrum|Crunch|p2a: Boom
|-supereffective|p2a: Boom
|-enditem|p2a: Boom|Focus Sash
|-damage|p2a: Boom|1\/291
|
|turn|3
|
|move|p2a: Boom|Explosion|p1a: Tyrantrum
|-resisted|p1a: Tyrantrum
|-damage|p1a: Tyrantrum|215\/306
|faint|p2a: Boom
|move|p1a: Tyrantrum|Dragon Claw|p2: Boom|[notarget]
|-notarget
|
|
|switch|p2a: Conkkey Bro|Conkeldurr, M|409\/409
|turn|4
|
|switch|p1a: Zapdos|Zapdos|322\/322
|-damage|p1a: Zapdos|242\/322|[from] Stealth Rock
|-ability|p1a: Zapdos|Pressure
|move|p2a: Conkkey Bro|Ice Punch|p1a: Zapdos
|-supereffective|p1a: Zapdos
|-damage|p1a: Zapdos|14\/322
|
|turn|5
|
|move|p2a: Conkkey Bro|Mach Punch|p1a: Zapdos
|-resisted|p1a: Zapdos
|-damage|p1a: Zapdos|0 fnt
|faint|p1a: Zapdos
|
|
|switch|p1a: Keldeo|Keldeo|322\/322
|-damage|p1a: Keldeo|302\/322|[from] Stealth Rock
|turn|6
|
|move|p1a: Keldeo|Hidden Power|p2a: Conkkey Bro
|-supereffective|p2a: Conkkey Bro
|-damage|p2a: Conkkey Bro|211\/409
|move|p2a: Conkkey Bro|Drain Punch|p1a: Keldeo
|-damage|p1a: Keldeo|131\/322
|-heal|p2a: Conkkey Bro|297\/409|[from] drain|[of] p1a: Keldeo
|
|turn|7
|
|switch|p2a: X Porn|Metagross|343\/343
|move|p1a: Keldeo|Hidden Power|p2a: X Porn
|-resisted|p2a: X Porn
|-damage|p2a: X Porn|285\/343
|
|turn|8
|
|switch|p1a: Landorus-Therian|Landorus-Therian, M|320\/320
|-damage|p1a: Landorus-Therian|280\/320|[from] Stealth Rock
|-ability|p1a: Landorus-Therian|Intimidate|[of] p2a: X Porn
|-fail|p2a: X Porn|unboost|[from] ability: Clear Body|[of] p2a: X Porn
|detailschange|p2a: X Porn|Metagross-Mega
|message|Metagross has Mega Evolved into Mega Metagross!
|move|p2a: X Porn|Zen Headbutt|p1a: Landorus-Therian
|-damage|p1a: Landorus-Therian|87\/320
|
|-heal|p1a: Landorus-Therian|107\/320|[from] item: Leftovers
|turn|9
|
|move|p2a: X Porn|Meteor Mash|p1a: Landorus-Therian|[miss]
|-miss|p2a: X Porn|p1a: Landorus-Therian
|move|p1a: Landorus-Therian|Knock Off|p2a: X Porn
|-supereffective|p2a: X Porn
|-damage|p2a: X Porn|161\/343
|
|-heal|p1a: Landorus-Therian|127\/320|[from] item: Leftovers
|turn|10
|
|move|p2a: X Porn|Meteor Mash|p1a: Landorus-Therian
|-damage|p1a: Landorus-Therian|0 fnt
|faint|p1a: Landorus-Therian
|
|
|switch|p1a: Keldeo|Keldeo|131\/322
|-damage|p1a: Keldeo|111\/322|[from] Stealth Rock
|turn|11
|
|switch|p2a: Grenigga|Greninja, F, shiny|285\/285
|move|p1a: Keldeo|Hydro Pump|p2a: Grenigga
|-resisted|p2a: Grenigga
|-damage|p2a: Grenigga|93\/285
|
|turn|12
|c|âA Sprite fan|si consigo colarte a Metagross otra vez gano
|join|SL)ABRILE
|
|move|p2a: Grenigga|Gunk Shot|p1a: Keldeo
|-start|p2a: Grenigga|typechange|Poison|[from] Protean
|-damage|p1a: Keldeo|0 fnt
|-damage|p2a: Grenigga|65\/285|[from] item: Life Orb
|faint|p1a: Keldeo
|
|
|switch|p1a: Venusaur|Venusaur, F|364\/364
|-damage|p1a: Venusaur|319\/364|[from] Stealth Rock
|turn|13
|
|switch|p2a: MUFASA DIES|Landorus-Therian, M|319\/319
|-ability|p2a: MUFASA DIES|Intimidate|[of] p1a: Venusaur
|-unboost|p1a: Venusaur|atk|1
|detailschange|p1a: Venusaur|Venusaur-Mega, F
|message|Venusaur has Mega Evolved into Mega Venusaur!
|move|p1a: Venusaur|Earthquake|p2a: MUFASA DIES
|-immune|p2a: MUFASA DIES|[msg]
|
|turn|14
|
|move|p2a: MUFASA DIES|U-turn|p1a: Venusaur
|-damage|p1a: Venusaur|239\/364
|
|switch|p2a: X Porn|Metagross-Mega|161\/343
|move|p1a: Venusaur|Power Whip|p2a: X Porn
|-resisted|p2a: X Porn
|-damage|p2a: X Porn|119\/343
|
|turn|15
|c| SL)ABRILE|gg
|
|switch|p1a: Tyrantrum|Tyrantrum, M|215\/306
|-damage|p1a: Tyrantrum|177\/306|[from] Stealth Rock
|move|p2a: X Porn|Zen Headbutt|p1a: Tyrantrum
|-damage|p1a: Tyrantrum|15\/306
|-damage|p2a: X Porn|62\/343|[from] item: Rocky Helmet|[of] p1a: Tyrantrum
|
|turn|16
|
|move|p2a: X Porn|Earthquake|p1a: Tyrantrum
|-supereffective|p1a: Tyrantrum
|-damage|p1a: Tyrantrum|0 fnt
|faint|p1a: Tyrantrum
|
|
|switch|p1a: Venusaur|Venusaur-Mega, F|239\/364
|-damage|p1a: Venusaur|194\/364|[from] Stealth Rock
|turn|17
|c|âSrWhitePokemon|gg
|
|move|p2a: X Porn|Zen Headbutt|p1a: Venusaur
|-supereffective|p1a: Venusaur
|-damage|p1a: Venusaur|0 fnt
|faint|p1a: Venusaur
|
|c|âA Sprite fan|gg
|
|switch|p1a: Clefable|Clefable, F|394\/394
|turn|18
|
|move|p2a: X Porn|Meteor Mash|p1a: Clefable
|-supereffective|p1a: Clefable
|-damage|p1a: Clefable|0 fnt
|faint|p1a: Clefable
|
|win|A Sprite fan
|c|âA Sprite fan|si hubiese metido antes Agility podria haber ganado con mas facilidad