|join|Szadek
|join|A Sprite fan
|player|p1|Szadek|274
|player|p2|A Sprite fan|261
|gametype|singles
|gen|6
|tier|OU
|rated
|clearpoke
|poke|p1|Venusaur, F
|poke|p1|Gardevoir, F, shiny
|poke|p1|Tentacruel, F
|poke|p1|Conkeldurr, F
|poke|p1|Scizor, M
|poke|p1|Landorus-Therian, M
|poke|p2|Heracross, M
|poke|p2|Keldeo-Resolute
|poke|p2|Kyurem-Black
|poke|p2|Landorus-Therian, M
|poke|p2|Clefable, F
|poke|p2|Mew
|rule|Swagger Clause: Swagger is banned
|rule|Baton Pass Clause: Limit one PokÃ©mon knowing Baton Pass
|rule|Sleep Clause Mod: Limit one foe put to sleep
|rule|Species Clause: Limit one of each PokÃ©mon
|rule|OHKO Clause: OHKO moves are banned
|rule|Moody Clause: Moody is banned
|rule|Evasion Moves Clause: Evasion moves are banned
|rule|Endless Battle Clause: Forcing endless battles is banned
|rule|HP Percentage Mod: HP is shown in percentages
|teampreview
|
|start
|switch|p1a: Landorus-Therian|Landorus-Therian, M|320\/320
|switch|p2a: Landorus-Therian|Landorus-Therian, M|319\/319
|-ability|p2a: Landorus-Therian|Intimidate|[of] p1a: Landorus-Therian
|-unboost|p1a: Landorus-Therian|atk|1
|-ability|p1a: Landorus-Therian|Intimidate|[of] p2a: Landorus-Therian
|-unboost|p2a: Landorus-Therian|atk|1
|turn|1
|
|move|p2a: Landorus-Therian|Knock Off|p1a: Landorus-Therian
|-damage|p1a: Landorus-Therian|230\/320
|-enditem|p1a: Landorus-Therian|Choice Scarf|[from] move: Knock Off|[of] p2a: Landorus-Therian
|move|p1a: Landorus-Therian|U-turn|p2a: Landorus-Therian
|-resisted|p2a: Landorus-Therian
|-damage|p2a: Landorus-Therian|284\/319
|
|switch|p1a: Venusaur|Venusaur, F|364\/364
|
|turn|2
|
|switch|p2a: Mew|Mew|404\/404
|detailschange|p1a: Venusaur|Venusaur-Mega, F
|message|Venusaur has Mega Evolved into Mega Venusaur!
|move|p1a: Venusaur|Sludge Bomb|p2a: Mew
|-damage|p2a: Mew|280\/404
|
|-heal|p2a: Mew|305\/404|[from] item: Leftovers
|turn|3
|
|switch|p1a: Gardevoir|Gardevoir, F, shiny|340\/340
|-ability|p1a: Gardevoir|Synchronize|[from] ability: Trace|[of] p2a: Mew
|move|p2a: Mew|Will-O-Wisp|p1a: Gardevoir
|-status|p1a: Gardevoir|brn
|-status|p2a: Mew|brn
|
|-heal|p2a: Mew|330\/404 brn|[from] item: Leftovers
|-damage|p2a: Mew|280\/404 brn|[from] brn
|-damage|p1a: Gardevoir|298\/340 brn|[from] brn
|turn|4
|
|move|p2a: Mew|Soft-Boiled|p2a: Mew
|-heal|p2a: Mew|404\/404 brn
|move|p1a: Gardevoir|Heal Bell|p1a: Gardevoir
|-cureteam|p1a: Gardevoir|[from] move: HealBell
|
|-heal|p1a: Gardevoir|319\/340|[from] item: Leftovers
|-damage|p2a: Mew|354\/404 brn|[from] brn
|turn|5
|
|move|p2a: Mew|Knock Off|p1a: Gardevoir
|-crit|p1a: Gardevoir
|-damage|p1a: Gardevoir|267\/340
|-enditem|p1a: Gardevoir|Leftovers|[from] move: Knock Off|[of] p2a: Mew
|move|p1a: Gardevoir|Calm Mind|p1a: Gardevoir
|-boost|p1a: Gardevoir|spa|1
|-boost|p1a: Gardevoir|spd|1
|
|-heal|p2a: Mew|379\/404 brn|[from] item: Leftovers
|-damage|p2a: Mew|329\/404 brn|[from] brn
|turn|6
|
|switch|p2a: Kyurem-Black|Kyurem-Black|391\/391
|-ability|p2a: Kyurem-Black|Teravolt
|move|p1a: Gardevoir|Calm Mind|p1a: Gardevoir
|-boost|p1a: Gardevoir|spa|1
|-boost|p1a: Gardevoir|spd|1
|
|turn|7
|
|move|p2a: Kyurem-Black|Iron Head|p1a: Gardevoir
|-supereffective|p1a: Gardevoir
|-damage|p1a: Gardevoir|0 fnt
|-damage|p2a: Kyurem-Black|352\/391|[from] item: Life Orb
|faint|p1a: Gardevoir
|
|
|switch|p1a: Scizor|Scizor, M|344\/344
|turn|8
|
|switch|p2a: Keldeo-Resolute|Keldeo-Resolute|323\/323
|move|p1a: Scizor|Bullet Punch|p2a: Keldeo-Resolute
|-resisted|p2a: Keldeo-Resolute
|-damage|p2a: Keldeo-Resolute|230\/323
|
|turn|9
|
|switch|p1a: Tentacruel|Tentacruel, F|364\/364
|move|p2a: Keldeo-Resolute|Scald|p1a: Tentacruel
|-resisted|p1a: Tentacruel
|-damage|p1a: Tentacruel|291\/364
|
|-heal|p1a: Tentacruel|313\/364|[from] item: Black Sludge
|turn|10
|
|move|p2a: Keldeo-Resolute|Scald|p1a: Tentacruel
|-resisted|p1a: Tentacruel
|-damage|p1a: Tentacruel|244\/364
|move|p1a: Tentacruel|Giga Drain|p2a: Keldeo-Resolute
|-supereffective|p2a: Keldeo-Resolute
|-damage|p2a: Keldeo-Resolute|124\/323
|-heal|p1a: Tentacruel|297\/364|[from] drain|[of] p2a: Keldeo-Resolute
|
|-heal|p1a: Tentacruel|319\/364|[from] item: Black Sludge
|turn|11
|
|switch|p2a: Kyurem-Black|Kyurem-Black|352\/391
|-ability|p2a: Kyurem-Black|Teravolt
|move|p1a: Tentacruel|Giga Drain|p2a: Kyurem-Black
|-resisted|p2a: Kyurem-Black
|-damage|p2a: Kyurem-Black|327\/391
|-heal|p1a: Tentacruel|332\/364|[from] drain|[of] p2a: Kyurem-Black
|
|-heal|p1a: Tentacruel|354\/364|[from] item: Black Sludge
|turn|12
|
|switch|p1a: Landorus-Therian|Landorus-Therian, M|230\/320
|-ability|p1a: Landorus-Therian|Intimidate|[of] p2a: Kyurem-Black
|-unboost|p2a: Kyurem-Black|atk|1
|move|p2a: Kyurem-Black|Fusion Bolt|p1a: Landorus-Therian
|-immune|p1a: Landorus-Therian|[msg]
|
|turn|13
|
|move|p2a: Kyurem-Black|Ice Beam|p1a: Landorus-Therian
|-supereffective|p1a: Landorus-Therian
|-damage|p1a: Landorus-Therian|0 fnt
|-damage|p2a: Kyurem-Black|288\/391|[from] item: Life Orb
|faint|p1a: Landorus-Therian
|
|
|switch|p1a: Conkeldurr|Conkeldurr, F|414\/414
|turn|14
|
|switch|p2a: Clefable|Clefable, F|394\/394
|move|p1a: Conkeldurr|Drain Punch|p2a: Clefable
|-resisted|p2a: Clefable
|-damage|p2a: Clefable|315\/394
|
|-heal|p2a: Clefable|339\/394|[from] item: Leftovers
|turn|15
|
|switch|p1a: Venusaur|Venusaur-Mega, F|364\/364
|move|p2a: Clefable|Stealth Rock|p1a: Venusaur
|-sidestart|p1: Szadek|move: Stealth Rock
|
|-heal|p2a: Clefable|363\/394|[from] item: Leftovers
|turn|16
|
|switch|p2a: Mew|Mew|329\/404 brn
|move|p1a: Venusaur|Sludge Bomb|p2a: Mew
|-damage|p2a: Mew|197\/404 brn
|
|-heal|p2a: Mew|222\/404 brn|[from] item: Leftovers
|-damage|p2a: Mew|172\/404 brn|[from] brn
|turn|17
|
|move|p2a: Mew|Soft-Boiled|p2a: Mew
|-heal|p2a: Mew|374\/404 brn
|move|p1a: Venusaur|Sludge Bomb|p2a: Mew
|-crit|p2a: Mew
|-damage|p2a: Mew|185\/404 brn
|
|-heal|p2a: Mew|210\/404 brn|[from] item: Leftovers
|-damage|p2a: Mew|160\/404 brn|[from] brn
|turn|18
|
|switch|p1a: Conkeldurr|Conkeldurr, F|414\/414
|-damage|p1a: Conkeldurr|389\/414|[from] Stealth Rock
|move|p2a: Mew|Defog|p1a: Conkeldurr
|-unboost|p1a: Conkeldurr|evasion|1
|-sideend|p1: Szadek|Stealth Rock|[from] move: Defog|[of] p1a: Conkeldurr
|
|-heal|p2a: Mew|185\/404 brn|[from] item: Leftovers
|-damage|p2a: Mew|135\/404 brn|[from] brn
|turn|19
|c|âA Sprite fan|wow
|c|âA Sprite fan|why this thing use defog
|
|move|p2a: Mew|Soft-Boiled|p2a: Mew
|-heal|p2a: Mew|337\/404 brn
|move|p1a: Conkeldurr|Knock Off|p2a: Mew
|-supereffective|p2a: Mew
|-damage|p2a: Mew|149\/404 brn
|-enditem|p2a: Mew|Leftovers|[from] move: Knock Off|[of] p1a: Conkeldurr
|
|-damage|p2a: Mew|99\/404 brn|[from] brn
|turn|20
|
|move|p1a: Conkeldurr|Mach Punch|p2a: Mew
|-resisted|p2a: Mew
|-damage|p2a: Mew|68\/404 brn
|move|p2a: Mew|Knock Off|p1a: Conkeldurr
|-resisted|p1a: Conkeldurr
|-damage|p1a: Conkeldurr|369\/414
|-enditem|p1a: Conkeldurr|Assault Vest|[from] move: Knock Off|[of] p2a: Mew
|
|-damage|p2a: Mew|18\/404 brn|[from] brn
|turn|21
|
|move|p1a: Conkeldurr|Mach Punch|p2a: Mew
|-resisted|p2a: Mew
|-damage|p2a: Mew|0 fnt
|faint|p2a: Mew
|
|
|switch|p2a: Heracross|Heracross, M|301\/301
|turn|22
|
|switch|p2a: Landorus-Therian|Landorus-Therian, M|284\/319
|-ability|p2a: Landorus-Therian|Intimidate|[of] p1a: Conkeldurr
|-unboost|p1a: Conkeldurr|atk|1
|move|p1a: Conkeldurr|Drain Punch|p2a: Landorus-Therian
|-resisted|p2a: Landorus-Therian
|-damage|p2a: Landorus-Therian|233\/319
|-heal|p1a: Conkeldurr|395\/414|[from] drain|[of] p2a: Landorus-Therian
|
|turn|23
|
|move|p2a: Landorus-Therian|Earthquake|p1a: Conkeldurr
|-damage|p1a: Conkeldurr|188\/414
|move|p1a: Conkeldurr|Ice Punch|p2a: Landorus-Therian
|-supereffective|p2a: Landorus-Therian
|-damage|p2a: Landorus-Therian|0 fnt
|faint|p2a: Landorus-Therian
|
|
|switch|p2a: Heracross|Heracross, M|301\/301
|turn|24
|
|detailschange|p2a: Heracross|Heracross-Mega, M
|message|Heracross has Mega Evolved into Mega Heracross!
|move|p2a: Heracross|Close Combat|p1a: Conkeldurr
|-damage|p1a: Conkeldurr|0 fnt
|-unboost|p2a: Heracross|def|1
|-unboost|p2a: Heracross|spd|1
|faint|p1a: Conkeldurr
|
|
|switch|p1a: Venusaur|Venusaur-Mega, F|364\/364
|turn|25
|
|move|p2a: Heracross|Pin Missile|p1a: Venusaur
|-damage|p1a: Venusaur|324\/364
|-damage|p1a: Venusaur|282\/364
|-damage|p1a: Venusaur|237\/364
|-damage|p1a: Venusaur|195\/364
|-crit|p1a: Venusaur
|-damage|p1a: Venusaur|131\/364
|-hitcount|p1a: Venusaur|5
|move|p1a: Venusaur|Hidden Power|p2a: Heracross
|-supereffective|p2a: Heracross
|-damage|p2a: Heracross|137\/301
|
|turn|26
|
|switch|p1a: Scizor|Scizor, M|344\/344
|move|p2a: Heracross|Pin Missile|p1a: Scizor
|-resisted|p1a: Scizor
|-damage|p1a: Scizor|311\/344
|-resisted|p1a: Scizor
|-damage|p1a: Scizor|280\/344
|-resisted|p1a: Scizor
|-damage|p1a: Scizor|250\/344
|-resisted|p1a: Scizor
|-damage|p1a: Scizor|218\/344
|-crit|p1a: Scizor
|-resisted|p1a: Scizor
|-damage|p1a: Scizor|171\/344
|-hitcount|p1a: Scizor|5
|
|turn|27
|
|switch|p2a: Clefable|Clefable, F|363\/394
|move|p1a: Scizor|Bullet Punch|p2a: Clefable
|-supereffective|p2a: Clefable
|-damage|p2a: Clefable|0 fnt
|faint|p2a: Clefable
|
|
|switch|p2a: Heracross|Heracross-Mega, M|137\/301
|turn|28
|
|move|p1a: Scizor|Bullet Punch|p2a: Heracross
|-damage|p2a: Heracross|0 fnt
|faint|p2a: Heracross
|
|
|switch|p2a: Keldeo-Resolute|Keldeo-Resolute|124\/323
|turn|29
|
|switch|p1a: Tentacruel|Tentacruel, F|354\/364
|move|p2a: Keldeo-Resolute|Secret Sword|p1a: Tentacruel
|-resisted|p1a: Tentacruel
|-damage|p1a: Tentacruel|202\/364
|
|-heal|p1a: Tentacruel|224\/364|[from] item: Black Sludge
|turn|30
|
|switch|p2a: Kyurem-Black|Kyurem-Black|288\/391
|-ability|p2a: Kyurem-Black|Teravolt
|move|p1a: Tentacruel|Giga Drain|p2a: Kyurem-Black
|-crit|p2a: Kyurem-Black
|-resisted|p2a: Kyurem-Black
|-damage|p2a: Kyurem-Black|247\/391
|-heal|p1a: Tentacruel|245\/364|[from] drain|[of] p2a: Kyurem-Black
|
|-heal|p1a: Tentacruel|267\/364|[from] item: Black Sludge
|turn|31
|
|move|p2a: Kyurem-Black|Fusion Bolt|p1a: Tentacruel
|-supereffective|p1a: Tentacruel
|-damage|p1a: Tentacruel|0 fnt
|-damage|p2a: Kyurem-Black|208\/391|[from] item: Life Orb
|faint|p1a: Tentacruel
|
|
|switch|p1a: Scizor|Scizor, M|171\/344
|turn|32
|
|move|p1a: Scizor|Bullet Punch|p2a: Kyurem-Black
|-supereffective|p2a: Kyurem-Black
|-damage|p2a: Kyurem-Black|0 fnt
|faint|p2a: Kyurem-Black
|
|
|switch|p2a: Keldeo-Resolute|Keldeo-Resolute|124\/323
|turn|33
|
|move|p1a: Scizor|Bullet Punch|p2a: Keldeo-Resolute
|-resisted|p2a: Keldeo-Resolute
|-damage|p2a: Keldeo-Resolute|30\/323
|move|p2a: Keldeo-Resolute|Hydro Pump|p1a: Scizor
|-damage|p1a: Scizor|0 fnt
|faint|p1a: Scizor
|
|
|switch|p1a: Venusaur|Venusaur-Mega, F|131\/364
|turn|34
|
|move|p2a: Keldeo-Resolute|Hydro Pump|p1a: Venusaur
|-resisted|p1a: Venusaur
|-damage|p1a: Venusaur|16\/364
|move|p1a: Venusaur|Giga Drain|p2a: Keldeo-Resolute
|-supereffective|p2a: Keldeo-Resolute
|-damage|p2a: Keldeo-Resolute|0 fnt
|-heal|p1a: Venusaur|31\/364|[from] drain|[of] p2a: Keldeo-Resolute
|faint|p2a: Keldeo-Resolute
|
|win|Szadek
|raw|Ladder updating...
|raw|Szadek's rating: 1462 &rarr; <strong>1479<\/strong><br \/>(+17 for winning)
|raw|A Sprite fan's rating: 1411 &rarr; <strong>1393<\/strong><br \/>(-18 for losing)
|c|âA Sprite fan|gg
|leave|A Sprite fan
|player|p2