|join|A Sprite fan
|join|Dragon Stone
|player|p1|A Sprite fan|124
|player|p2|Dragon Stone|151
|gametype|singles
|gen|6
|tier|OU
|rated
|clearpoke
|poke|p1|Azelf
|poke|p1|Gallade, M
|poke|p1|Bisharp, F
|poke|p1|Manaphy
|poke|p1|Landorus-Therian, M
|poke|p1|Thundurus, M
|poke|p2|Gengar, M
|poke|p2|Meloetta
|poke|p2|Swampert, M
|poke|p2|Ferrothorn, M
|poke|p2|Zapdos
|poke|p2|Entei, shiny
|rule|Swagger Clause: Swagger is banned
|rule|Baton Pass Clause: Limit one PokÃ©mon knowing Baton Pass
|rule|Sleep Clause Mod: Limit one foe put to sleep
|rule|Species Clause: Limit one of each PokÃ©mon
|rule|OHKO Clause: OHKO moves are banned
|rule|Moody Clause: Moody is banned
|rule|Evasion Moves Clause: Evasion moves are banned
|rule|Endless Battle Clause: Forcing endless battles is banned
|rule|HP Percentage Mod: HP is shown in percentages
|teampreview
|
|start
|switch|p1a: Azelf|Azelf|291\/291
|switch|p2a: Sage|Zapdos|358\/358
|-ability|p2a: Sage|Pressure
|turn|1
|
|move|p1a: Azelf|Stealth Rock|p2a: Sage
|-sidestart|p2: Dragon Stone|move: Stealth Rock
|move|p2a: Sage|Thunderbolt|p1a: Azelf
|-damage|p1a: Azelf|111\/291
|
|turn|2
|
|move|p1a: Azelf|Fire Blast|p2a: Sage
|-damage|p2a: Sage|248\/358
|move|p2a: Sage|Roost|p2a: Sage
|-heal|p2a: Sage|358\/358
|
|turn|3
|
|move|p1a: Azelf|Explosion|p2a: Sage
|-damage|p2a: Sage|142\/358
|faint|p1a: Azelf
|move|p2a: Sage|Roost|p2a: Sage
|-heal|p2a: Sage|321\/358
|
|-heal|p2a: Sage|343\/358|[from] item: Leftovers
|
|switch|p1a: MUFASA DIES|Landorus-Therian, M|319\/319
|-ability|p1a: MUFASA DIES|Intimidate|[of] p2a: Sage
|-unboost|p2a: Sage|atk|1
|turn|4
|
|move|p1a: MUFASA DIES|U-turn|p2a: Sage
|-resisted|p2a: Sage
|-damage|p2a: Sage|305\/358
|
|switch|p1a: 2HKOed by Latios|Bisharp, F|279\/279
|move|p2a: Sage|Defog|p1a: 2HKOed by Latios
|-unboost|p1a: 2HKOed by Latios|evasion|1
|-boost|p1a: 2HKOed by Latios|atk|2|[from] ability: Defiant
|-sideend|p2: Dragon Stone|Stealth Rock|[from] move: Defog|[of] p2a: Sage
|
|-heal|p2a: Sage|327\/358|[from] item: Leftovers
|turn|5
|
|move|p2a: Sage|Heat Wave|p1a: 2HKOed by Latios
|-supereffective|p1a: 2HKOed by Latios
|-damage|p1a: 2HKOed by Latios|137\/279
|move|p1a: 2HKOed by Latios|Knock Off|p2a: Sage
|-damage|p2a: Sage|56\/358
|-enditem|p2a: Sage|Leftovers|[from] move: Knock Off|[of] p1a: 2HKOed by Latios
|
|turn|6
|
|move|p2a: Sage|Roost|p2a: Sage
|-heal|p2a: Sage|235\/358
|move|p1a: 2HKOed by Latios|Knock Off|p2a: Sage
|-damage|p2a: Sage|33\/358
|
|turn|7
|
|move|p1a: 2HKOed by Latios|Sucker Punch|p2a: Sage
|-fail|p2a: Sage
|move|p2a: Sage|Roost|p2a: Sage
|-heal|p2a: Sage|212\/358
|
|turn|8
|
|move|p1a: 2HKOed by Latios|Sucker Punch|p2a: Sage
|-damage|p2a: Sage|0 fnt
|faint|p2a: Sage
|
|
|switch|p2a: Mufasa|Entei, shiny|372\/372
|-ability|p2a: Mufasa|Pressure
|turn|9
|
|move|p2a: Mufasa|Extreme Speed|p1a: 2HKOed by Latios
|-resisted|p1a: 2HKOed by Latios
|-damage|p1a: 2HKOed by Latios|69\/279
|move|p1a: 2HKOed by Latios|Knock Off|p2a: Mufasa
|-damage|p2a: Mufasa|0 fnt
|-enditem|p2a: Mufasa|Choice Band|[from] move: Knock Off|[of] p1a: 2HKOed by Latios
|faint|p2a: Mufasa
|
|
|switch|p2a: Tytannial|Ferrothorn, M|352\/352
|turn|10
|
|move|p1a: 2HKOed by Latios|Knock Off|p2a: Tytannial
|-damage|p2a: Tytannial|150\/352
|-damage|p1a: 2HKOed by Latios|35\/279|[from] ability: Iron Barbs|[of] p2a: Tytannial
|-damage|p1a: 2HKOed by Latios|0 fnt|[from] item: Rocky Helmet|[of] p2a: Tytannial
|faint|p1a: 2HKOed by Latios
|move|p2a: Tytannial|Stealth Rock|p1: 2HKOed by Latios
|-sidestart|p1: A Sprite fan|move: Stealth Rock
|
|
|switch|p1a: Bulk Up|Gallade, M|277\/277
|-damage|p1a: Bulk Up|260\/277|[from] Stealth Rock
|turn|11
|
|switch|p2a: Phantom|Gengar, M|261\/261
|detailschange|p1a: Bulk Up|Gallade-Mega, M
|-mega|p1a: Bulk Up|Gallade|Galladite
|move|p1a: Bulk Up|Swords Dance|p1a: Bulk Up
|-boost|p1a: Bulk Up|atk|2
|
|turn|12
|
|move|p2a: Phantom|Shadow Ball|p1a: Bulk Up
|-supereffective|p1a: Bulk Up
|-damage|p1a: Bulk Up|0 fnt
|-damage|p2a: Phantom|235\/261|[from] item: Life Orb
|faint|p1a: Bulk Up
|
|c|âA Sprite fan|mmmm
|c|âA Sprite fan|the speedtie
|
|switch|p1a: Raijin|Thundurus, M|299\/299
|-damage|p1a: Raijin|225\/299|[from] Stealth Rock
|turn|13
|
|switch|p2a: Predator|Swampert, M|404\/404
|move|p1a: Raijin|Focus Blast|p2a: Predator
|-damage|p2a: Predator|253\/404
|-damage|p1a: Raijin|196\/299|[from] item: Life Orb
|
|turn|14
|
|detailschange|p2a: Predator|Swampert-Mega, M
|-mega|p2a: Predator|Swampert|Swampertite
|move|p1a: Raijin|Focus Blast|p2a: Predator
|-damage|p2a: Predator|132\/404
|-damage|p1a: Raijin|167\/299|[from] item: Life Orb
|move|p2a: Predator|Waterfall|p1a: Raijin
|-damage|p1a: Raijin|0 fnt
|faint|p1a: Raijin
|
|
|switch|p1a: Manaphy|Manaphy|369\/369
|-damage|p1a: Manaphy|323\/369|[from] Stealth Rock
|turn|15
|
|move|p1a: Manaphy|Scald|p2a: Predator
|-crit|p2a: Predator
|-damage|p2a: Predator|2\/404
|move|p2a: Predator|Waterfall|p1a: Manaphy
|-resisted|p1a: Manaphy
|-damage|p1a: Manaphy|258\/369
|
|-heal|p1a: Manaphy|281\/369|[from] item: Leftovers
|turn|16
|
|switch|p2a: Phantom|Gengar, M|235\/261
|move|p1a: Manaphy|Scald|p2a: Phantom
|-damage|p2a: Phantom|88\/261
|
|-heal|p1a: Manaphy|304\/369|[from] item: Leftovers
|turn|17
|
|move|p2a: Phantom|Sludge Wave|p1a: Manaphy
|-damage|p1a: Manaphy|69\/369
|-damage|p2a: Phantom|62\/261|[from] item: Life Orb
|move|p1a: Manaphy|Scald|p2a: Phantom
|-damage|p2a: Phantom|0 fnt
|faint|p2a: Phantom
|
|-heal|p1a: Manaphy|92\/369|[from] item: Leftovers
|
|switch|p2a: Zelda|Meloetta|404\/404
|turn|18
|
|switch|p1a: MUFASA DIES|Landorus-Therian, M|319\/319
|-damage|p1a: MUFASA DIES|280\/319|[from] Stealth Rock
|-ability|p1a: MUFASA DIES|Intimidate|[of] p2a: Zelda
|-unboost|p2a: Zelda|atk|1
|move|p2a: Zelda|Psyshock|p1a: MUFASA DIES
|-damage|p1a: MUFASA DIES|162\/319
|
|turn|19
|
|switch|p2a: Predator|Swampert-Mega, M|2\/404
|move|p1a: MUFASA DIES|Earthquake|p2a: Predator
|-damage|p2a: Predator|0 fnt
|faint|p2a: Predator
|
|
|switch|p2a: Tytannial|Ferrothorn, M|150\/352
|turn|20
|
|move|p1a: MUFASA DIES|Earthquake|p2a: Tytannial
|-crit|p2a: Tytannial
|-damage|p2a: Tytannial|0 fnt
|faint|p2a: Tytannial
|
|
|switch|p2a: Zelda|Meloetta|404\/404
|turn|21
|
|switch|p1a: Manaphy|Manaphy|92\/369
|-damage|p1a: Manaphy|46\/369|[from] Stealth Rock
|move|p2a: Zelda|Calm Mind|p2a: Zelda
|-boost|p2a: Zelda|spa|1
|-boost|p2a: Zelda|spd|1
|
|-heal|p1a: Manaphy|69\/369|[from] item: Leftovers
|turn|22
|
|move|p1a: Manaphy|Tail Glow|p1a: Manaphy
|-boost|p1a: Manaphy|spa|3
|move|p2a: Zelda|Psyshock|p1a: Manaphy
|-damage|p1a: Manaphy|0 fnt
|faint|p1a: Manaphy
|
|
|switch|p1a: MUFASA DIES|Landorus-Therian, M|162\/319
|-damage|p1a: MUFASA DIES|123\/319|[from] Stealth Rock
|-ability|p1a: MUFASA DIES|Intimidate|[of] p2a: Zelda
|-unboost|p2a: Zelda|atk|1
|turn|23
|
|move|p1a: MUFASA DIES|Explosion|p2a: Zelda
|-damage|p2a: Zelda|109\/404
|faint|p1a: MUFASA DIES
|
|win|Dragon Stone
|raw|Ladder updating...
|raw|A Sprite fan's rating: 1658 &rarr; <strong>1630<\/strong><br \/>(-28 for losing)
|raw|Dragon Stone's rating: 1513 &rarr; <strong>1541<\/strong><br \/>(+28 for winning)
|c|âDragon Stone|gg
|c|âA Sprite fan|gg