|join|A Sprite fan
|join|Blazemaster1420
|player|p1|A Sprite fan|124
|player|p2|Blazemaster1420|76
|gametype|singles
|gen|6
|tier|OU
|rated
|clearpoke
|poke|p1|Pidgeot, F
|poke|p1|Dugtrio, M
|poke|p1|Starmie
|poke|p1|Scizor, F
|poke|p1|Tyranitar, M
|poke|p1|Kyurem-Black
|poke|p2|Bisharp, F, shiny
|poke|p2|Heatran, F
|poke|p2|Garchomp, F
|poke|p2|Raikou
|poke|p2|Pinsir, F, shiny
|poke|p2|Zapdos
|rule|Swagger Clause: Swagger is banned
|rule|Baton Pass Clause: Limit one PokÃ©mon knowing Baton Pass
|rule|Sleep Clause Mod: Limit one foe put to sleep
|rule|Species Clause: Limit one of each PokÃ©mon
|rule|OHKO Clause: OHKO moves are banned
|rule|Moody Clause: Moody is banned
|rule|Evasion Moves Clause: Evasion moves are banned
|rule|Endless Battle Clause: Forcing endless battles is banned
|rule|HP Percentage Mod: HP is shown in percentages
|teampreview
|
|start
|switch|p1a: Dugtrio|Dugtrio, M|211\/211
|switch|p2a: Heatran|Heatran, F|324\/324
|-item|p2a: Heatran|Air Balloon
|turn|1
|
|move|p1a: Dugtrio|Stone Edge|p2a: Heatran
|-damage|p2a: Heatran|241\/324
|-enditem|p2a: Heatran|Air Balloon
|move|p2a: Heatran|Stealth Rock|p1a: Dugtrio
|-sidestart|p1: A Sprite fan|move: Stealth Rock
|
|turn|2
|
|move|p1a: Dugtrio|Earthquake|p2a: Heatran
|-supereffective|p2a: Heatran
|-damage|p2a: Heatran|0 fnt
|faint|p2a: Heatran
|
|
|switch|p2a: Garchomp|Garchomp, F|357\/357
|turn|3
|
|switch|p1a: Scizor|Scizor, F|311\/311
|-damage|p1a: Scizor|273\/311|[from] Stealth Rock
|move|p2a: Garchomp|Earthquake|p1a: Scizor
|-crit|p1a: Scizor
|-damage|p1a: Scizor|27\/311
|
|turn|4
|c|âA Sprite fan|A critical hit! Scizor lost 79.1% of its health!
|
|move|p1a: Scizor|Bullet Punch|p2a: Garchomp
|-damage|p2a: Garchomp|182\/357
|-damage|p1a: Scizor|0 fnt|[from] ability: Rough Skin|[of] p2a: Garchomp
|faint|p1a: Scizor
|move|p2a: Garchomp|Earthquake|p1: Scizor|[notarget]
|-notarget
|
|
|switch|p1a: Pidgeot|Pidgeot, F|307\/307
|-damage|p1a: Pidgeot|231\/307|[from] Stealth Rock
|turn|5
|c|âBlazemaster1420|!dt Pidgeot-Mega
|c|~|\/data-pokemon Pidgeot-Mega
|raw|<font size="1"><font color=#585858>Dex#:<\/font> 18&nbsp;|&ThickSpace;<font color=#585858>Height:<\/font> 2.2 m&nbsp;|&ThickSpace;<font color=#585858>Weight:<\/font> 50.5 kg <em>(80 BP)<\/em>&nbsp;|&ThickSpace;<font color=#585858>Dex Colour:<\/font> Brown&nbsp;|&ThickSpace;<font color=#585858>Egg Group(s):<\/font> Flying&nbsp;|&ThickSpace;<font color=#585858><font color=#585858>Does Not Evolve<\/font><\/font><\/font>
|
|switch|p2a: Raikou|Raikou|321\/321
|-ability|p2a: Raikou|Pressure
|detailschange|p1a: Pidgeot|Pidgeot-Mega, F
|-mega|p1a: Pidgeot|Pidgeot|Pidgeotite
|move|p1a: Pidgeot|Hurricane|p2a: Raikou
|-resisted|p2a: Raikou
|-damage|p2a: Raikou|228\/321
|
|turn|6
|
|move|p1a: Pidgeot|U-turn|p2a: Raikou
|-damage|p2a: Raikou|173\/321
|c|âBlazemaster1420|!dt no guard
|c|~|\/data-ability No Guard
|raw|<font size="1"><\/font>
|
|switch|p1a: Dugtrio|Dugtrio, M|211\/211
|-damage|p1a: Dugtrio|198\/211|[from] Stealth Rock
|move|p2a: Raikou|Hidden Power|p1a: Dugtrio
|-supereffective|p1a: Dugtrio
|-damage|p1a: Dugtrio|0 fnt
|faint|p1a: Dugtrio
|
|
|switch|p1a: Tyranitar|Tyranitar, M|341\/341
|-damage|p1a: Tyranitar|299\/341|[from] Stealth Rock
|-weather|Sandstorm
|turn|7
|
|move|p1a: Tyranitar|Pursuit|p2a: Raikou|[from]Pursuit
|-damage|p2a: Raikou|0 fnt
|faint|p2a: Raikou
|
|-weather|Sandstorm|[upkeep]
|
|switch|p2a: Pinsir|Pinsir, F, shiny|272\/272
|turn|8
|
|switch|p1a: Kyurem-Black|Kyurem-Black|391\/391
|-damage|p1a: Kyurem-Black|294\/391|[from] Stealth Rock
|-ability|p1a: Kyurem-Black|Teravolt
|detailschange|p2a: Pinsir|Pinsir-Mega, F, shiny
|-mega|p2a: Pinsir|Pinsir|Pinsirite
|move|p2a: Pinsir|Close Combat|p1a: Kyurem-Black
|-supereffective|p1a: Kyurem-Black
|-damage|p1a: Kyurem-Black|0 fnt
|-unboost|p2a: Pinsir|def|1
|-unboost|p2a: Pinsir|spd|1
|faint|p1a: Kyurem-Black
|
|-weather|Sandstorm|[upkeep]
|-damage|p2a: Pinsir|255\/272|[from] sandstorm
|
|switch|p1a: Tyranitar|Tyranitar, M|299\/341
|-damage|p1a: Tyranitar|257\/341|[from] Stealth Rock
|turn|9
|
|move|p1a: Tyranitar|Ice Beam|p2a: Pinsir
|-supereffective|p2a: Pinsir
|-damage|p2a: Pinsir|21\/272
|move|p2a: Pinsir|Close Combat|p1a: Tyranitar
|-supereffective|p1a: Tyranitar
|-damage|p1a: Tyranitar|0 fnt
|-unboost|p2a: Pinsir|def|1
|-unboost|p2a: Pinsir|spd|1
|faint|p1a: Tyranitar
|
|-weather|Sandstorm|[upkeep]
|-damage|p2a: Pinsir|4\/272|[from] sandstorm
|-message|A Sprite fan forfeited.
|leave|A Sprite fan
|
|win|Blazemaster1420
|raw|Ladder updating...
|player|p1
|raw|A Sprite fan's rating: 1365 &rarr; <strong>1343<\/strong><br \/>(-22 for losing)
|raw|Blazemaster1420's rating: 1331 &rarr; <strong>1353<\/strong><br \/>(+22 for winning)