|join|A Sprite fan
|join|3'I4I6
|player|p1|A Sprite fan|124
|player|p2|3'I4I6|107
|gametype|singles
|gen|6
|tier|OU
|clearpoke
|poke|p1|Azelf
|poke|p1|Gallade, M
|poke|p1|Bisharp, M
|poke|p1|Manaphy
|poke|p1|Landorus-Therian, M
|poke|p1|Thundurus, M
|poke|p2|Volcarona, F
|poke|p2|Keldeo
|poke|p2|Latias, F
|poke|p2|Ferrothorn, F
|poke|p2|Diancie
|poke|p2|Landorus-Therian, M
|rule|Swagger Clause: Swagger is banned
|rule|Baton Pass Clause: Limit one PokÃ©mon knowing Baton Pass
|rule|Sleep Clause Mod: Limit one foe put to sleep
|rule|Species Clause: Limit one of each PokÃ©mon
|rule|OHKO Clause: OHKO moves are banned
|rule|Moody Clause: Moody is banned
|rule|Evasion Moves Clause: Evasion moves are banned
|rule|Endless Battle Clause: Forcing endless battles is banned
|rule|HP Percentage Mod: HP is shown in percentages
|teampreview
|join|angel0mike
|c|â3'I4I6|Angel u knw
|c| angel0mike|i knw
|
|start
|switch|p1a: MUFASA DIES|Landorus-Therian, M|319\/319
|switch|p2a: Diancie|Diancie|241\/241
|-ability|p1a: MUFASA DIES|Intimidate|[of] p2a: Diancie
|-fail|p2a: Diancie|unboost|[from] ability: Clear Body|[of] p2a: Diancie
|turn|1
|c|â3'I4I6|sweepcarona
|
|detailschange|p2a: Diancie|Diancie-Mega
|-mega|p2a: Diancie|Diancie|Diancite
|move|p1a: MUFASA DIES|Earthquake|p2a: Diancie
|-supereffective|p2a: Diancie
|-damage|p2a: Diancie|0 fnt
|faint|p2a: Diancie
|
|c|âA Sprite fan|volcarona max def o k
|c|â3'I4I6|NOOOOOOO
|c| angel0mike|SEIRLE
|c|â3'I4I6|JAJAJAJA
|c| angel0mike|WHAT R U DOING
|c| angel0mike|OMG AHHAHAHA
|c| angel0mike|CHOKESFESSSSSSSSSST
|
|switch|p2a: Ferrothorn|Ferrothorn, F|352\/352
|turn|2
|c|âA Sprite fan|mierda
|c|âA Sprite fan|rokas gratis
|
|switch|p1a: Azelf|Azelf|291\/291
|move|p2a: Ferrothorn|Gyro Ball|p1a: Azelf
|-damage|p1a: Azelf|35\/291
|
|turn|3
|
|move|p1a: Azelf|Stealth Rock|p2a: Ferrothorn
|-sidestart|p2: 3'I4I6|move: Stealth Rock
|move|p2a: Ferrothorn|Gyro Ball|p1a: Azelf
|-damage|p1a: Azelf|0 fnt
|faint|p1a: Azelf
|
|
|switch|p1a: Bulk Up|Gallade, M|277\/277
|turn|4
|
|switch|p2a: Keldeo|Keldeo|323\/323
|-damage|p2a: Keldeo|303\/323|[from] Stealth Rock
|detailschange|p1a: Bulk Up|Gallade-Mega, M
|-mega|p1a: Bulk Up|Gallade|Galladite
|move|p1a: Bulk Up|Close Combat|p2a: Keldeo
|-damage|p2a: Keldeo|44\/323
|-unboost|p1a: Bulk Up|def|1
|-unboost|p1a: Bulk Up|spd|1
|
|turn|5
|
|switch|p1a: Manaphy|Manaphy|369\/369
|move|p2a: Keldeo|Secret Sword|p1a: Manaphy
|-damage|p1a: Manaphy|131\/369
|
|-heal|p1a: Manaphy|154\/369|[from] item: Leftovers
|turn|6
|
|switch|p1a: Raijin|Thundurus, M|299\/299
|move|p2a: Keldeo|Secret Sword|p1a: Raijin
|-resisted|p1a: Raijin
|-damage|p1a: Raijin|143\/299
|
|turn|7
|c|â3'I4I6|no he pensado long term, Angel
|c| angel0mike|me desepsiona
|c| angel0mike|s
|c| angel0mike|pro no pasa nadaps
|
|switch|p2a: Landorus-Therian|Landorus-Therian, M|319\/319
|-damage|p2a: Landorus-Therian|280\/319|[from] Stealth Rock
|-ability|p2a: Landorus-Therian|Intimidate|[of] p1a: Raijin
|-unboost|p1a: Raijin|atk|1
|move|p1a: Raijin|Thunderbolt|p2a: Landorus-Therian
|-immune|p2a: Landorus-Therian|[msg]
|
|turn|8
|
|switch|p1a: 2HKOed by Latios|Bisharp, M|279\/279
|move|p2a: Landorus-Therian|Knock Off|p1a: 2HKOed by Latios
|-resisted|p1a: 2HKOed by Latios
|-damage|p1a: 2HKOed by Latios|217\/279
|-enditem|p1a: 2HKOed by Latios|Assault Vest|[from] move: Knock Off|[of] p2a: Landorus-Therian
|
|turn|9
|
|move|p1a: 2HKOed by Latios|Pursuit|p2a: Landorus-Therian|[from]Pursuit
|-damage|p2a: Landorus-Therian|117\/319
|switch|p2a: Keldeo|Keldeo|44\/323
|-damage|p2a: Keldeo|24\/323|[from] Stealth Rock
|
|turn|10
|
|move|p1a: 2HKOed by Latios|Sucker Punch|p2a: Keldeo
|-crit|p2a: Keldeo
|-resisted|p2a: Keldeo
|-damage|p2a: Keldeo|0 fnt
|faint|p2a: Keldeo
|
|
|switch|p2a: Ferrothorn|Ferrothorn, F|352\/352
|-damage|p2a: Ferrothorn|330\/352|[from] Stealth Rock
|turn|11
|
|switch|p1a: Manaphy|Manaphy|154\/369
|move|p2a: Ferrothorn|Leech Seed|p1a: Manaphy
|-start|p1a: Manaphy|move: Leech Seed
|
|-heal|p1a: Manaphy|177\/369|[from] item: Leftovers
|-heal|p2a: Ferrothorn|352\/352|[from] item: Leftovers
|-damage|p1a: Manaphy|131\/369|[from] Leech Seed|[of] p2a: Ferrothorn
|turn|12
|
|move|p1a: Manaphy|Tail Glow|p1a: Manaphy
|-boost|p1a: Manaphy|spa|3
|move|p2a: Ferrothorn|Gyro Ball|p1a: Manaphy
|-resisted|p1a: Manaphy
|-damage|p1a: Manaphy|46\/369
|
|-heal|p1a: Manaphy|69\/369|[from] item: Leftovers
|-damage|p1a: Manaphy|23\/369|[from] Leech Seed|[of] p2a: Ferrothorn
|turn|13
|
|move|p1a: Manaphy|Ice Beam|p2a: Ferrothorn
|-damage|p2a: Ferrothorn|188\/352
|move|p2a: Ferrothorn|Stealth Rock|p1a: Manaphy
|-sidestart|p1: A Sprite fan|move: Stealth Rock
|
|-heal|p1a: Manaphy|46\/369|[from] item: Leftovers
|-heal|p2a: Ferrothorn|210\/352|[from] item: Leftovers
|-damage|p1a: Manaphy|0 fnt|[from] Leech Seed|[of] p2a: Ferrothorn
|-heal|p2a: Ferrothorn|256\/352|[silent]
|faint|p1a: Manaphy
|
|switch|p1a: Bulk Up|Gallade-Mega, M|277\/277
|-damage|p1a: Bulk Up|260\/277|[from] Stealth Rock
|turn|14
|
|move|p1a: Bulk Up|Swords Dance|p1a: Bulk Up
|-boost|p1a: Bulk Up|atk|2
|move|p2a: Ferrothorn|Gyro Ball|p1a: Bulk Up
|-damage|p1a: Bulk Up|80\/277
|
|-heal|p2a: Ferrothorn|278\/352|[from] item: Leftovers
|turn|15
|c|âA Sprite fan|damages
|c| angel0mike|ay lemo
|
|move|p1a: Bulk Up|Close Combat|p2a: Ferrothorn
|-crit|p2a: Ferrothorn
|-supereffective|p2a: Ferrothorn
|-damage|p2a: Ferrothorn|0 fnt
|-damage|p1a: Bulk Up|46\/277|[from] ability: Iron Barbs|[of] p2a: Ferrothorn
|-unboost|p1a: Bulk Up|def|1
|-unboost|p1a: Bulk Up|spd|1
|faint|p2a: Ferrothorn
|
|c| angel0mike|perfo ke chokes
|
|switch|p2a: Landorus-Therian|Landorus-Therian, M|117\/319
|-damage|p2a: Landorus-Therian|78\/319|[from] Stealth Rock
|-ability|p2a: Landorus-Therian|Intimidate|[of] p1a: Bulk Up
|-unboost|p1a: Bulk Up|atk|1
|turn|16
|c|â3'I4I6|todavÃ­a gano ojo e
|c|â3'I4I6|xd no
|c|âA Sprite fan|tranquilo que chokeo obv
|
|move|p2a: Landorus-Therian|U-turn|p1a: Bulk Up
|-damage|p1a: Bulk Up|0 fnt
|faint|p1a: Bulk Up
|
|switch|p2a: Latias|Latias, F|319\/319
|-damage|p2a: Latias|280\/319|[from] Stealth Rock
|
|
|switch|p1a: 2HKOed by Latios|Bisharp, M|217\/279
|-damage|p1a: 2HKOed by Latios|200\/279|[from] Stealth Rock
|turn|17
|
|move|p2a: Latias|Draco Meteor|p1a: 2HKOed by Latios|[miss]
|-miss|p2a: Latias|p1a: 2HKOed by Latios
|move|p1a: 2HKOed by Latios|Knock Off|p2a: Latias
|-supereffective|p2a: Latias
|-damage|p2a: Latias|0 fnt
|-enditem|p2a: Latias|Life Orb|[from] move: Knock Off|[of] p1a: 2HKOed by Latios
|faint|p2a: Latias
|
|c|â3'I4I6|genial
|
|switch|p2a: Volcarona|Volcarona, F|329\/329
|-damage|p2a: Volcarona|165\/329|[from] Stealth Rock
|turn|18
|c| angel0mike|ay lmao pro ke isi geim
|c|â3'I4I6|xd
|
|move|p2a: Volcarona|Bug Buzz|p1a: 2HKOed by Latios
|-damage|p1a: 2HKOed by Latios|8\/279
|move|p1a: 2HKOed by Latios|Knock Off|p2a: Volcarona
|-damage|p2a: Volcarona|0 fnt
|-enditem|p2a: Volcarona|Lum Berry|[from] move: Knock Off|[of] p1a: 2HKOed by Latios
|faint|p2a: Volcarona
|
|c| angel0mike|seirle
|c| angel0mike|wth
|
|switch|p2a: Landorus-Therian|Landorus-Therian, M|78\/319
|-damage|p2a: Landorus-Therian|39\/319|[from] Stealth Rock
|-ability|p2a: Landorus-Therian|Intimidate|[of] p1a: 2HKOed by Latios
|-unboost|p1a: 2HKOed by Latios|atk|1
|-boost|p1a: 2HKOed by Latios|atk|2|[from] ability: Defiant
|turn|19
|c| angel0mike|xd
|c| angel0mike|ogualmente no importa but yu knw
|c|â3'I4I6|Â¿cuÃ¡l era mi play para ganar? xD
|c| angel0mike|no reason to bug buzz
|c| angel0mike|ninguna
|c|â3'I4I6|fire blast y misseo
|c| angel0mike|mejor
|c|âA Sprite fan|stallearme los sucker
|c| angel0mike|asi dijes
|c| angel0mike|hax
|c|âA Sprite fan|lol
|c| angel0mike|no se puede
|c| angel0mike|solo a un imbecil
|c| angel0mike|se los staleas
|c|â3'I4I6|252 SpA Volcarona Bug Buzz vs. 4 HP \/ 0 SpD Bisharp: 204-240 (75 - 88.2%)
|c|â3'I4I6|Sprite, eso es una gilipollez
|c| angel0mike|hoho
|c|âA Sprite fan|yo tengo bulk en bisharp
|c|â3'I4I6|si me cheto con quiver te gano y con lo demÃ¡s me outspedeas, tu play era tirar knock o knock
|c|âA Sprite fan|un poco
|c|â3'I4I6|ya imagino xD
|
|move|p1a: 2HKOed by Latios|Sucker Punch|p2a: Landorus-Therian
|-damage|p2a: Landorus-Therian|0 fnt
|faint|p2a: Landorus-Therian
|
|win|A Sprite fan
|c|âA Sprite fan|paso a lando t defensivo
|c|â3'I4I6|gg breh
|c|âA Sprite fan|y a rotom con esto
|c|âA Sprite fan|gg
|c|â3'I4I6|another one?
|c|âA Sprite fan|me guardo esta replay llena de chokes para el rtm
|c|âA Sprite fan|ok
|c|â3'I4I6|chokasos games
|leave|3'I4I6
|player|p2