|join|A Sprite fan
|join|RunaTrain
|player|p1|A Sprite fan|124
|player|p2|RunaTrain|169
|gametype|singles
|gen|6
|tier|OU
|rated
|clearpoke
|poke|p1|Pinsir, M
|poke|p1|Raikou
|poke|p1|Starmie
|poke|p1|Hippowdon, F
|poke|p1|Ferrothorn, M
|poke|p1|Clefable, M
|poke|p2|Zapdos
|poke|p2|Swampert, F
|poke|p2|Espeon, F
|poke|p2|Salamence, F
|poke|p2|Florges, F
|poke|p2|Beedrill, F
|rule|Swagger Clause: Swagger is banned
|rule|Baton Pass Clause: Limit one PokÃ©mon knowing Baton Pass
|rule|Sleep Clause Mod: Limit one foe put to sleep
|rule|Species Clause: Limit one of each PokÃ©mon
|rule|OHKO Clause: OHKO moves are banned
|rule|Moody Clause: Moody is banned
|rule|Evasion Moves Clause: Evasion moves are banned
|rule|Endless Battle Clause: Forcing endless battles is banned
|rule|HP Percentage Mod: HP is shown in percentages
|teampreview
|
|start
|switch|p1a: Hippowdon|Hippowdon, F|420\/420
|switch|p2a: Beedrill|Beedrill, F|271\/271
|turn|1
|
|detailschange|p2a: Beedrill|Beedrill-Mega, F
|-mega|p2a: Beedrill|Beedrill|Beedrillite
|move|p2a: Beedrill|U-turn|p1a: Hippowdon
|-damage|p1a: Hippowdon|278\/420
|
|switch|p2a: Espeon|Espeon, F|333\/333
|move|p1a: Hippowdon|Earthquake|p2a: Espeon
|-damage|p2a: Espeon|135\/333
|
|-heal|p1a: Hippowdon|304\/420|[from] item: Leftovers
|turn|2
|
|switch|p1a: Ferrothorn|Ferrothorn, M|349\/349
|move|p2a: Espeon|Reflect|p2a: Espeon
|-sidestart|p2: RunaTrain|Reflect
|
|turn|3
|
|move|p2a: Espeon|Morning Sun|p2a: Espeon
|-heal|p2a: Espeon|301\/333
|move|p1a: Ferrothorn|Knock Off|p2a: Espeon
|-supereffective|p2a: Espeon
|-damage|p2a: Espeon|199\/333
|-enditem|p2a: Espeon|Light Clay|[from] move: Knock Off|[of] p1a: Ferrothorn
|
|turn|4
|
|switch|p2a: Zapdos|Zapdos|321\/321
|-ability|p2a: Zapdos|Pressure
|move|p1a: Ferrothorn|Power Whip|p2a: Zapdos
|-resisted|p2a: Zapdos
|-damage|p2a: Zapdos|283\/321
|
|turn|5
|
|move|p1a: Ferrothorn|Protect|p1a: Ferrothorn
|-singleturn|p1a: Ferrothorn|Protect
|move|p2a: Zapdos|Volt Switch|p1a: Ferrothorn
|-activate|p1a: Ferrothorn|Protect
|
|turn|6
|
|switch|p1a: Clefable|Clefable, M|393\/393
|move|p2a: Zapdos|Volt Switch|p1a: Clefable
|-damage|p1a: Clefable|269\/393
|
|switch|p2a: Beedrill|Beedrill-Mega, F|271\/271
|
|turn|7
|
|switch|p1a: Ferrothorn|Ferrothorn, M|349\/349
|move|p2a: Beedrill|U-turn|p1a: Ferrothorn
|-damage|p1a: Ferrothorn|187\/349
|-damage|p2a: Beedrill|238\/271|[from] ability: Iron Barbs|[of] p1a: Ferrothorn
|
|switch|p2a: Salamence|Salamence, F|331\/331
|
|-heal|p1a: Ferrothorn|208\/349|[from] item: Leftovers
|turn|8
|
|switch|p1a: Clefable|Clefable, M|269\/393
|move|p2a: Salamence|Fire Fang|p1a: Clefable
|-damage|p1a: Clefable|185\/393
|
|turn|9
|
|switch|p2a: Beedrill|Beedrill-Mega, F|238\/271
|move|p1a: Clefable|Soft-Boiled|p1a: Clefable
|-heal|p1a: Clefable|382\/393
|
|-sideend|p2: RunaTrain|Reflect
|turn|10
|
|switch|p1a: Hippowdon|Hippowdon, F|304\/420
|move|p2a: Beedrill|Poison Jab|p1a: Hippowdon
|-resisted|p1a: Hippowdon
|-damage|p1a: Hippowdon|217\/420
|
|-heal|p1a: Hippowdon|243\/420|[from] item: Leftovers
|turn|11
|
|move|p2a: Beedrill|U-turn|p1a: Hippowdon
|-damage|p1a: Hippowdon|103\/420
|
|switch|p2a: Espeon|Espeon, F|199\/333
|move|p1a: Hippowdon|Slack Off|p1a: Hippowdon
|-heal|p1a: Hippowdon|313\/420
|
|-heal|p1a: Hippowdon|339\/420|[from] item: Leftovers
|turn|12
|
|switch|p1a: Clefable|Clefable, M|382\/393
|move|p2a: Espeon|Psychic|p1a: Clefable
|-damage|p1a: Clefable|261\/393
|
|turn|13
|
|move|p2a: Espeon|Light Screen|p2a: Espeon
|-sidestart|p2: RunaTrain|move: Light Screen
|move|p1a: Clefable|Calm Mind|p1a: Clefable
|-boost|p1a: Clefable|spa|1
|-boost|p1a: Clefable|spd|1
|
|turn|14
|
|switch|p2a: Swampert|Swampert, F|404\/404
|move|p1a: Clefable|Flamethrower|p2a: Swampert
|-resisted|p2a: Swampert
|-damage|p2a: Swampert|370\/404
|
|-heal|p2a: Swampert|395\/404|[from] item: Leftovers
|turn|15
|
|move|p1a: Clefable|Soft-Boiled|p1a: Clefable
|-heal|p1a: Clefable|393\/393
|move|p2a: Swampert|Stealth Rock|p1a: Clefable
|-sidestart|p1: A Sprite fan|move: Stealth Rock
|
|-heal|p2a: Swampert|404\/404|[from] item: Leftovers
|turn|16
|
|move|p1a: Clefable|Flamethrower|p2a: Swampert
|-resisted|p2a: Swampert
|-damage|p2a: Swampert|370\/404
|move|p2a: Swampert|Yawn|p1a: Clefable
|-start|p1a: Clefable|move: Yawn|[of] p2a: Swampert
|
|-heal|p2a: Swampert|395\/404|[from] item: Leftovers
|turn|17
|
|switch|p1a: Starmie|Starmie|261\/261
|-damage|p1a: Starmie|229\/261|[from] Stealth Rock
|move|p2a: Swampert|Scald|p1a: Starmie
|-resisted|p1a: Starmie
|-damage|p1a: Starmie|185\/261
|
|-heal|p2a: Swampert|404\/404|[from] item: Leftovers
|-sideend|p2: RunaTrain|move: Light Screen
|turn|18
|
|move|p1a: Starmie|Rapid Spin|p2a: Swampert
|-damage|p2a: Swampert|391\/404
|-sideend|p1: A Sprite fan|Stealth Rock|[from] move: Rapid Spin|[of] p1a: Starmie
|-damage|p1a: Starmie|159\/261|[from] item: Life Orb
|move|p2a: Swampert|Earthquake|p1a: Starmie
|-damage|p1a: Starmie|6\/261
|
|-heal|p2a: Swampert|404\/404|[from] item: Leftovers
|turn|19
|
|move|p1a: Starmie|Psyshock|p2a: Swampert
|-damage|p2a: Swampert|278\/404
|-damage|p1a: Starmie|0 fnt|[from] item: Life Orb
|faint|p1a: Starmie
|move|p2a: Swampert|Stealth Rock|p1: Starmie
|-sidestart|p1: A Sprite fan|move: Stealth Rock
|
|-heal|p2a: Swampert|303\/404|[from] item: Leftovers
|
|switch|p1a: Ferrothorn|Ferrothorn, M|208\/349
|-damage|p1a: Ferrothorn|187\/349|[from] Stealth Rock
|turn|20
|
|switch|p2a: Espeon|Espeon, F|199\/333
|move|p1a: Ferrothorn|Power Whip|p2a: Espeon|[miss]
|-miss|p1a: Ferrothorn|p2a: Espeon
|
|-heal|p1a: Ferrothorn|208\/349|[from] item: Leftovers
|turn|21
|
|switch|p1a: Clefable|Clefable, M|393\/393
|move|p2a: Espeon|Reflect|p2a: Espeon
|-sidestart|p2: RunaTrain|Reflect
|
|turn|22
|
|move|p2a: Espeon|Light Screen|p2a: Espeon
|-sidestart|p2: RunaTrain|move: Light Screen
|move|p1a: Clefable|Calm Mind|p1a: Clefable
|-boost|p1a: Clefable|spa|1
|-boost|p1a: Clefable|spd|1
|
|turn|23
|
|switch|p2a: Swampert|Swampert, F|303\/404
|move|p1a: Clefable|Flamethrower|p2a: Swampert
|-resisted|p2a: Swampert
|-damage|p2a: Swampert|268\/404
|
|-heal|p2a: Swampert|293\/404|[from] item: Leftovers
|turn|24
|
|move|p1a: Clefable|Moonblast|p2a: Swampert
|-damage|p2a: Swampert|172\/404
|move|p2a: Swampert|Yawn|p1a: Clefable
|-start|p1a: Clefable|move: Yawn|[of] p2a: Swampert
|
|-heal|p2a: Swampert|197\/404|[from] item: Leftovers
|turn|25
|-message|A Sprite fan forfeited.
|leave|A Sprite fan
|
|win|RunaTrain
|raw|Ladder updating...
|player|p1
|raw|A Sprite fan's rating: 1629 &rarr; <strong>1604<\/strong><br \/>(-25 for losing)
|raw|RunaTrain's rating: 1536 &rarr; <strong>1561<\/strong><br \/>(+25 for winning)