|join|A Sprite fan
|join|3'I4I6
|player|p1|A Sprite fan|124
|player|p2|3'I4I6|107
|gametype|singles
|gen|6
|tier|OU
|clearpoke
|poke|p1|Azelf
|poke|p1|Gallade, M
|poke|p1|Bisharp, F
|poke|p1|Manaphy
|poke|p1|Landorus-Therian, M
|poke|p1|Thundurus, M
|poke|p2|Venusaur, F
|poke|p2|Heatran, F
|poke|p2|Gyarados, M
|poke|p2|Latias, F
|poke|p2|Conkeldurr, M
|poke|p2|Landorus-Therian, M
|rule|Swagger Clause: Swagger is banned
|rule|Baton Pass Clause: Limit one PokÃ©mon knowing Baton Pass
|rule|Sleep Clause Mod: Limit one foe put to sleep
|rule|Species Clause: Limit one of each PokÃ©mon
|rule|OHKO Clause: OHKO moves are banned
|rule|Moody Clause: Moody is banned
|rule|Evasion Moves Clause: Evasion moves are banned
|rule|Endless Battle Clause: Forcing endless battles is banned
|rule|HP Percentage Mod: HP is shown in percentages
|teampreview
|join|angel0mike
|c|âA Sprite fan|una mas con este team y lo dejo
|c|â3'I4I6|por quÃ© no te saco counter team ya
|c|â3'I4I6|si siempre me sacas ese xd
|c|âA Sprite fan|porque estoy haciendo test contigo lol
|
|start
|switch|p1a: Bulk Up|Gallade, M|277\/277
|switch|p2a: Landorus-Therian|Landorus-Therian, M|319\/319
|-ability|p2a: Landorus-Therian|Intimidate|[of] p1a: Bulk Up
|-unboost|p1a: Bulk Up|atk|1
|turn|1
|c|âA Sprite fan|baia
|
|detailschange|p1a: Bulk Up|Gallade-Mega, M
|-mega|p1a: Bulk Up|Gallade|Galladite
|move|p2a: Landorus-Therian|U-turn|p1a: Bulk Up
|-damage|p1a: Bulk Up|181\/277
|
|switch|p2a: Gyarados|Gyarados, M|331\/331
|-ability|p2a: Gyarados|Intimidate|[of] p1a: Bulk Up
|-unboost|p1a: Bulk Up|atk|1
|move|p1a: Bulk Up|Zen Headbutt|p2a: Gyarados
|-damage|p2a: Gyarados|226\/331
|
|-heal|p2a: Gyarados|246\/331|[from] item: Leftovers
|turn|2
|c|âA Sprite fan|como te metas mucho dd estoy jodido
|c|â3'I4I6|pues sip
|c|âA Sprite fan|y yo ahi regalandote a mi wincon
|
|switch|p1a: Manaphy|Manaphy|369\/369
|move|p2a: Gyarados|Waterfall|p1a: Manaphy
|-resisted|p1a: Manaphy
|-damage|p1a: Manaphy|303\/369
|
|-heal|p1a: Manaphy|326\/369|[from] item: Leftovers
|-heal|p2a: Gyarados|266\/331|[from] item: Leftovers
|turn|3
|join|LALEYDELMONO
|c| LALEYDELMONO|Hola
|c| LALEYDELMONO|estaba viendo replays
|c|âA Sprite fan|olo
|c| angel0mike|es chompy lmao
|c| LALEYDELMONO|y vi que estaban conectados jajjaa
|
|switch|p2a: Conkeldurr|Conkeldurr, M|351\/351
|move|p1a: Manaphy|Ice Beam|p2a: Conkeldurr
|-damage|p2a: Conkeldurr|283\/351
|
|-heal|p1a: Manaphy|349\/369|[from] item: Leftovers
|turn|4
|c| LALEYDELMONO|no se quien de uds compartio la anterior replay
|c| angel0mike|a no es feraps
|c| LALEYDELMONO|pero violadisa
|c| LALEYDELMONO|de bisharp
|c|â3'I4I6|ke
|c| LALEYDELMONO|haxeadisa
|c|âA Sprite fan|la necesito para rtm
|c| LALEYDELMONO|yo me puse a laddear
|c| LALEYDELMONO|para conseguirle replays al rmt d emoli
|c| LALEYDELMONO|de moli*
|c|â3'I4I6|Conkel es chido
|
|move|p1a: Manaphy|Tail Glow|p1a: Manaphy
|-boost|p1a: Manaphy|spa|3
|move|p2a: Conkeldurr|Knock Off|p1a: Manaphy
|-damage|p1a: Manaphy|206\/369
|-enditem|p1a: Manaphy|Leftovers|[from] move: Knock Off|[of] p2a: Conkeldurr
|
|turn|5
|c| LALEYDELMONO|ahora voy 18-0
|c| LALEYDELMONO|en los 1450
|
|move|p1a: Manaphy|Scald|p2a: Conkeldurr
|-damage|p2a: Conkeldurr|55\/351
|move|p2a: Conkeldurr|Drain Punch|p1a: Manaphy
|-damage|p1a: Manaphy|38\/369
|-heal|p2a: Conkeldurr|139\/351|[from] drain|[of] p1a: Manaphy
|
|turn|6
|c|âA Sprite fan|baia
|
|move|p2a: Conkeldurr|Mach Punch|p1a: Manaphy
|-crit|p1a: Manaphy
|-damage|p1a: Manaphy|0 fnt
|faint|p1a: Manaphy
|
|c|â3'I4I6|crit
|c| LALEYDELMONO|puto asero tio
|c| LALEYDELMONO|da forfeit
|c|â3'I4I6|gracias showdown por ese crit
|c|âA Sprite fan|esa mierda es max spdef o k
|c|â3'I4I6|sip
|c| LALEYDELMONO|en serio?
|c|â3'I4I6|:3
|c|â3'I4I6|prob
|
|switch|p1a: Bulk Up|Gallade-Mega, M|181\/277
|turn|7
|c| LALEYDELMONO|oye seirle
|
|switch|p2a: Landorus-Therian|Landorus-Therian, M|319\/319
|-ability|p2a: Landorus-Therian|Intimidate|[of] p1a: Bulk Up
|-unboost|p1a: Bulk Up|atk|1
|move|p1a: Bulk Up|Zen Headbutt|p2a: Landorus-Therian
|-damage|p2a: Landorus-Therian|202\/319
|
|turn|8
|c|â3'I4I6|wut
|c| LALEYDELMONO|tq
|
|switch|p1a: 2HKOed by Latios|Bisharp, F|279\/279
|move|p2a: Landorus-Therian|Earthquake|p1a: 2HKOed by Latios
|-supereffective|p1a: 2HKOed by Latios
|-damage|p1a: 2HKOed by Latios|0 fnt
|faint|p1a: 2HKOed by Latios
|
|c|âA Sprite fan|lol
|c|â3'I4I6|adios
|c|âA Sprite fan|no se vino el knock off
|c| LALEYDELMONO|pero a hya mas
|
|switch|p1a: Raijin|Thundurus, M|299\/299
|turn|9
|c| LALEYDELMONO|en momentos como esos
|c| LALEYDELMONO|yo veia que tiraba
|c| LALEYDELMONO|u turn o eq
|
|switch|p2a: Venusaur|Venusaur, F|364\/364
|move|p1a: Raijin|Thunderbolt|p2a: Venusaur
|-resisted|p2a: Venusaur
|-damage|p2a: Venusaur|268\/364
|-damage|p1a: Raijin|270\/299|[from] item: Life Orb
|
|turn|10
|c| LALEYDELMONO|knock off no
|
|detailschange|p2a: Venusaur|Venusaur-Mega, F
|-mega|p2a: Venusaur|Venusaur|Venusaurite
|move|p1a: Raijin|Thunder Wave|p2a: Venusaur
|-status|p2a: Venusaur|par
|move|p2a: Venusaur|Sludge Bomb|p1a: Raijin
|-damage|p1a: Raijin|114\/299
|
|turn|11
|c|âA Sprite fan|no hax no party
|
|switch|p1a: MUFASA DIES|Landorus-Therian, M|319\/319
|-ability|p1a: MUFASA DIES|Intimidate|[of] p2a: Venusaur
|-unboost|p2a: Venusaur|atk|1
|cant|p2a: Venusaur|par
|
|turn|12
|
|move|p1a: MUFASA DIES|U-turn|p2a: Venusaur
|-crit|p2a: Venusaur
|-damage|p2a: Venusaur|189\/364 par
|c|â3'I4I6|hax
|c|âA Sprite fan|quedate ahi quieto cabron
|c|â3'I4I6|puede ser le seisero?
|c|âA Sprite fan|que no quiero perder a gallade
|
|switch|p1a: Azelf|Azelf|291\/291
|cant|p2a: Venusaur|par
|
|turn|13
|c|âA Sprite fan|joder
|c|â3'I4I6|me cago en
|c| LALEYDELMONO|oeooeoo
|c|â3'I4I6|san dios
|
|move|p1a: Azelf|Stealth Rock|p2a: Venusaur
|-sidestart|p2: 3'I4I6|move: Stealth Rock
|move|p2a: Venusaur|Giga Drain|p1a: Azelf
|-damage|p1a: Azelf|150\/291
|-heal|p2a: Venusaur|260\/364 par|[from] drain|[of] p1a: Azelf
|
|turn|14
|
|move|p1a: Azelf|Taunt|p2a: Venusaur
|-start|p2a: Venusaur|move: Taunt
|cant|p2a: Venusaur|move: Taunt|Synthesis
|
|turn|15
|c| LALEYDELMONO|oigan
|
|move|p1a: Azelf|Taunt|p2a: Venusaur
|-fail|p2a: Venusaur
|move|p2a: Venusaur|Giga Drain|p1a: Azelf
|-damage|p1a: Azelf|15\/291
|-heal|p2a: Venusaur|328\/364 par|[from] drain|[of] p1a: Azelf
|
|turn|16
|c| LALEYDELMONO|han usado el team de chompy?
|c| LALEYDELMONO|xdd
|c|â3'I4I6|no
|c| angel0mike|no se porque lo sube
|c| angel0mike|rlly x
|c| angel0mike|d
|c| LALEYDELMONO|el de moli vale la pena eh
|
|switch|p2a: Heatran|Heatran, F|379\/379
|-damage|p2a: Heatran|332\/379|[from] Stealth Rock
|move|p1a: Azelf|Explosion|p2a: Heatran
|-resisted|p2a: Heatran
|-damage|p2a: Heatran|197\/379
|faint|p1a: Azelf
|
|-heal|p2a: Heatran|220\/379|[from] item: Leftovers
|c| angel0mike|..
|c| LALEYDELMONO|es recomendaciÃ³n seria
|c|â3'I4I6|au
|c|âA Sprite fan|no le veo sentido a un lando scarf en un stall
|
|switch|p1a: Bulk Up|Gallade-Mega, M|181\/277
|turn|17
|c|â3'I4I6|el de Moli es la peste
|c| angel0mike|el stall ese es puta mierda, dice el otro creo
|c|â3'I4I6|ese stall es stalleable
|c| angel0mike|que imo tb es sidote
|
|move|p1a: Bulk Up|Ice Punch|p2a: Heatran
|-resisted|p2a: Heatran
|-damage|p2a: Heatran|194\/379
|move|p2a: Heatran|Stealth Rock|p1a: Bulk Up
|-sidestart|p1: A Sprite fan|move: Stealth Rock
|
|-heal|p2a: Heatran|217\/379|[from] item: Leftovers
|turn|18
|c| LALEYDELMONO|cual?
|c|âA Sprite fan|...
|c| LALEYDELMONO|yo digo
|c| LALEYDELMONO|el de gallade
|c|âA Sprite fan|.......
|c|âA Sprite fan|.......
|c|âA Sprite fan|.......
|c| angel0mike|el de gallade es tambien....
|c|â3'I4I6|xd
|
|move|p1a: Bulk Up|Ice Punch|p2a: Heatran
|-resisted|p2a: Heatran
|-damage|p2a: Heatran|190\/379
|move|p2a: Heatran|Lava Plume|p1a: Bulk Up
|-damage|p1a: Bulk Up|79\/277
|
|-heal|p2a: Heatran|213\/379|[from] item: Leftovers
|turn|19
|c|âA Sprite fan|joder
|c|â3'I4I6|ekisde
|c|âA Sprite fan|nada
|c| LALEYDELMONO|pues no se si sea el team
|c| angel0mike|sprite macho
|
|switch|p2a: Landorus-Therian|Landorus-Therian, M|202\/319
|-damage|p2a: Landorus-Therian|163\/319|[from] Stealth Rock
|-ability|p2a: Landorus-Therian|Intimidate|[of] p1a: Bulk Up
|-unboost|p1a: Bulk Up|atk|1
|move|p1a: Bulk Up|Close Combat|p2a: Landorus-Therian
|-resisted|p2a: Landorus-Therian
|-damage|p2a: Landorus-Therian|74\/319
|-unboost|p1a: Bulk Up|def|1
|-unboost|p1a: Bulk Up|spd|1
|
|turn|20
|c| angel0mike|si saca lando
|c|â3'I4I6|EKISDE
|c| LALEYDELMONO|o que outpleyee a varios alts
|c| LALEYDELMONO|en la ladder
|c|âA Sprite fan|doy pena :_(
|c| angel0mike|se queda en un move3
|c| angel0mike|no sera eq
|c| angel0mike|o sea ice punch para que
|c| LALEYDELMONO|u turn mata
|c| LALEYDELMONO|ok
|c| angel0mike|no tiene puto sentido lmao
|c|â3'I4I6|te estaba dando el Heatran para que saliera Lando lol
|c| angel0mike|es que joder
|c|âA Sprite fan|:3
|c| angel0mike|xDDDDDDDDDDDDDDDD
|c|â3'I4I6|pero como no me lo quieres matar... pues weno
|c| LALEYDELMONO|:3
|c|âA Sprite fan|obv esto esta perdido
|c|âA Sprite fan|no le deis mas vueltas
|c|â3'I4I6|sip xD
|
|switch|p1a: Raijin|Thundurus, M|114\/299
|-damage|p1a: Raijin|40\/299|[from] Stealth Rock
|move|p2a: Landorus-Therian|U-turn|p1a: Raijin
|-resisted|p1a: Raijin
|-damage|p1a: Raijin|0 fnt
|faint|p1a: Raijin
|c| angel0mike|pero desde ase ratops
|c|âA Sprite fan|mmm riko bn
|c| LALEYDELMONO|quiero ver las jugadas de RU vs OU
|c|âA Sprite fan|los missplays
|
|switch|p2a: Venusaur|Venusaur-Mega, F|328\/364 par
|-damage|p2a: Venusaur|283\/364 par|[from] Stealth Rock
|
|c| LALEYDELMONO|Seirle vs Angel
|c|âA Sprite fan|:_(
|c| angel0mike|me gana
|
|switch|p1a: Bulk Up|Gallade-Mega, M|79\/277
|-damage|p1a: Bulk Up|62\/277|[from] Stealth Rock
|turn|21
|c| angel0mike|pero con ou pierde
|c| angel0mike|es la risa
|
|move|p1a: Bulk Up|Zen Headbutt|p2a: Venusaur
|-supereffective|p2a: Venusaur
|-damage|p2a: Venusaur|61\/364 par
|cant|p2a: Venusaur|par
|
|turn|22
|c|â3'I4I6|NO
|c| LALEYDELMONO|JAJA
|c| LALEYDELMONO|AJAJJAJAJAJA
|c|â3'I4I6|MI 6-0
|c| angel0mike|wenaaaa
|c| LALEYDELMONO|JAJAJAJAJJAJAJAJAJAJAJAJJA
|c|â3'I4I6|A LA MIERDA XD
|
|move|p1a: Bulk Up|Zen Headbutt|p2a: Venusaur
|-supereffective|p2a: Venusaur
|-damage|p2a: Venusaur|0 fnt
|faint|p2a: Venusaur
|
|
|switch|p2a: Landorus-Therian|Landorus-Therian, M|74\/319
|-damage|p2a: Landorus-Therian|35\/319|[from] Stealth Rock
|-ability|p2a: Landorus-Therian|Intimidate|[of] p1a: Bulk Up
|-unboost|p1a: Bulk Up|atk|1
|turn|23
|c|âA Sprite fan|se nos viene el sincosero
|
|switch|p1a: MUFASA DIES|Landorus-Therian, M|319\/319
|-damage|p1a: MUFASA DIES|280\/319|[from] Stealth Rock
|-ability|p1a: MUFASA DIES|Intimidate|[of] p2a: Landorus-Therian
|-unboost|p2a: Landorus-Therian|atk|1
|move|p2a: Landorus-Therian|U-turn|p1a: MUFASA DIES
|-resisted|p1a: MUFASA DIES
|-damage|p1a: MUFASA DIES|249\/319
|c|â3'I4I6|no, si al final pierdo
|
|switch|p2a: Gyarados|Gyarados, M|266\/331
|-damage|p2a: Gyarados|184\/331|[from] Stealth Rock
|-ability|p2a: Gyarados|Intimidate|[of] p1a: MUFASA DIES
|-unboost|p1a: MUFASA DIES|atk|1
|
|-heal|p2a: Gyarados|204\/331|[from] item: Leftovers
|turn|24
|c| angel0mike|no se porke tanta importancia en el resultado
|
|switch|p2a: Conkeldurr|Conkeldurr, M|139\/351
|-damage|p2a: Conkeldurr|118\/351|[from] Stealth Rock
|move|p1a: MUFASA DIES|Explosion|p2a: Conkeldurr
|-crit|p2a: Conkeldurr
|-damage|p2a: Conkeldurr|0 fnt
|faint|p1a: MUFASA DIES
|faint|p2a: Conkeldurr
|
|c|âA Sprite fan|bum
|c| LALEYDELMONO|ooooooo
|c| LALEYDELMONO|4-0
|c| angel0mike|solo sirven para averages
|
|switch|p1a: Bulk Up|Gallade-Mega, M|62\/277
|switch|p2a: Gyarados|Gyarados, M|204\/331
|-damage|p1a: Bulk Up|45\/277|[from] Stealth Rock
|-damage|p2a: Gyarados|122\/331|[from] Stealth Rock
|-ability|p2a: Gyarados|Intimidate|[of] p1a: Bulk Up
|-unboost|p1a: Bulk Up|atk|1
|turn|25
|
|move|p1a: Bulk Up|Swords Dance|p1a: Bulk Up
|-boost|p1a: Bulk Up|atk|2
|move|p2a: Gyarados|Waterfall|p1a: Bulk Up
|-damage|p1a: Bulk Up|0 fnt
|faint|p1a: Bulk Up
|
|win|3'I4I6
|c|â3'I4I6|gg
|c|â3'I4I6|no cuela
|c|âA Sprite fan|baia
|c|âA Sprite fan|gg
|c|â3'I4I6|esta la guardas :3
|c|âA Sprite fan|ok