|join|A Sprite fan
|join|TheBleeding
|player|p1|A Sprite fan|124
|player|p2|TheBleeding|58
|gametype|singles
|gen|6
|tier|OU
|clearpoke
|poke|p1|Sceptile, F
|poke|p1|Azumarill, M
|poke|p1|Heatran, M
|poke|p1|Latios, M
|poke|p1|Landorus-Therian, M
|poke|p1|Jirachi
|poke|p2|Conkeldurr, M
|poke|p2|Landorus-Therian, M
|poke|p2|Greninja, F
|poke|p2|Skarmory, M
|poke|p2|Heatran, M
|poke|p2|Sceptile, M
|rule|Swagger Clause: Swagger is banned
|rule|Baton Pass Clause: Limit one PokÃ©mon knowing Baton Pass
|rule|Sleep Clause Mod: Limit one foe put to sleep
|rule|Species Clause: Limit one of each PokÃ©mon
|rule|OHKO Clause: OHKO moves are banned
|rule|Moody Clause: Moody is banned
|rule|Evasion Moves Clause: Evasion moves are banned
|rule|Endless Battle Clause: Forcing endless battles is banned
|rule|HP Percentage Mod: HP is shown in percentages
|teampreview
|c|âTheBleeding|gl hf
|c|âA Sprite fan|u2
|
|start
|switch|p1a: Landorus-Therian|Landorus-Therian, M|319\/319
|switch|p2a: Carl|Heatran, M|386\/386
|-ability|p1a: Landorus-Therian|Intimidate|[of] p2a: Carl
|-unboost|p2a: Carl|atk|1
|turn|1
|
|move|p2a: Carl|Protect|p2a: Carl
|-singleturn|p2a: Carl|Protect
|move|p1a: Landorus-Therian|U-turn|p2a: Carl
|-activate|p2a: Carl|Protect
|
|turn|2
|
|switch|p1a: Heatran|Heatran, M|326\/326
|-item|p1a: Heatran|Air Balloon
|move|p2a: Carl|Stealth Rock|p1a: Heatran
|-sidestart|p1: A Sprite fan|move: Stealth Rock
|
|turn|3
|c|âTheBleeding|Todos usan a heat ofensivo con ballon
|c|âTheBleeding|ains
|join|ZÂ¡ng
|
|switch|p2a: Conkeldurr|Conkeldurr, M|378\/378
|move|p1a: Heatran|Stealth Rock|p2a: Conkeldurr
|-sidestart|p2: TheBleeding|move: Stealth Rock
|
|turn|4
|c|âA Sprite fan|es bueno si juegas offense
|c|âA Sprite fan|para a burds y mata a mucho xd
|
|switch|p1a: Jirachi|Jirachi|341\/341
|-damage|p1a: Jirachi|320\/341|[from] Stealth Rock
|switch|p2a: Greninja|Greninja, F|285\/285
|-damage|p2a: Greninja|250\/285|[from] Stealth Rock
|
|turn|5
|c|âA Sprite fan|puto usando a greninja nivel TheBleeding
|c|âTheBleeding|xD
|
|switch|p2a: Landorus-Therian|Landorus-Therian, M|319\/319
|-damage|p2a: Landorus-Therian|280\/319|[from] Stealth Rock
|-ability|p2a: Landorus-Therian|Intimidate|[of] p1a: Jirachi
|-unboost|p1a: Jirachi|atk|1
|move|p1a: Jirachi|U-turn|p2a: Landorus-Therian
|-resisted|p2a: Landorus-Therian
|-damage|p2a: Landorus-Therian|257\/319
|c|âA Sprite fan|lo van a banear, da lo mismo
|
|switch|p1a: Heatran|Heatran, M|326\/326
|-damage|p1a: Heatran|286\/326|[from] Stealth Rock
|-item|p1a: Heatran|Air Balloon
|
|turn|6
|
|move|p2a: Landorus-Therian|U-turn|p1a: Heatran
|-resisted|p1a: Heatran
|-damage|p1a: Heatran|264\/326
|-enditem|p1a: Heatran|Air Balloon
|
|switch|p2a: Conkeldurr|Conkeldurr, M|378\/378
|-damage|p2a: Conkeldurr|355\/378|[from] Stealth Rock
|move|p1a: Heatran|Fire Blast|p2a: Conkeldurr
|-damage|p2a: Conkeldurr|202\/378
|
|turn|7
|c|âA Sprite fan|mmm riko
|
|switch|p1a: Azumarill|Azumarill, M|363\/363
|-damage|p1a: Azumarill|318\/363|[from] Stealth Rock
|move|p2a: Conkeldurr|Knock Off|p1a: Azumarill
|-resisted|p1a: Azumarill
|-damage|p1a: Azumarill|246\/363
|-enditem|p1a: Azumarill|Choice Band|[from] move: Knock Off|[of] p2a: Conkeldurr
|
|turn|8
|c|âA Sprite fan|oh
|c|âA Sprite fan|mierda
|c|âA Sprite fan|necesitaba la band
|
|switch|p2a: F U salamence|Skarmory, M|334\/334
|-damage|p2a: F U salamence|293\/334|[from] Stealth Rock
|move|p1a: Azumarill|Play Rough|p2a: F U salamence
|-resisted|p2a: F U salamence
|-damage|p2a: F U salamence|239\/334
|
|turn|9
|
|move|p2a: F U salamence|Roost|p2a: F U salamence
|-heal|p2a: F U salamence|334\/334
|move|p1a: Azumarill|Waterfall|p2a: F U salamence
|-damage|p2a: F U salamence|231\/334
|
|turn|10
|
|move|p2a: F U salamence|Brave Bird|p1a: Azumarill
|-damage|p1a: Azumarill|110\/363
|-damage|p2a: F U salamence|186\/334|[from] recoil|[of] p1a: Azumarill
|move|p1a: Azumarill|Play Rough|p2a: F U salamence
|-resisted|p2a: F U salamence
|-damage|p2a: F U salamence|131\/334
|
|turn|11
|c|âA Sprite fan|ese skarmory lleva algo de velocidad
|c|âA Sprite fan|hace outspeed a azumarill
|
|switch|p1a: Heatran|Heatran, M|264\/326
|-damage|p1a: Heatran|224\/326|[from] Stealth Rock
|move|p2a: F U salamence|Roost|p2a: F U salamence
|-heal|p2a: F U salamence|298\/334
|
|turn|12
|c|âTheBleeding|yep
|
|switch|p2a: Conkeldurr|Conkeldurr, M|202\/378
|-damage|p2a: Conkeldurr|179\/378|[from] Stealth Rock
|move|p1a: Heatran|Fire Blast|p2a: Conkeldurr
|-damage|p2a: Conkeldurr|37\/378
|
|turn|13
|c|âA Sprite fan|llevara un par de evs supongo
|c|âA Sprite fan|y la shed shell
|c|âTheBleeding|24
|c|âA Sprite fan|para que sus evs acaben en 9 no?
|
|move|p2a: Conkeldurr|Mach Punch|p1a: Heatran
|-supereffective|p1a: Heatran
|-damage|p1a: Heatran|74\/326
|move|p1a: Heatran|Flash Cannon|p2a: Conkeldurr
|-damage|p2a: Conkeldurr|0 fnt
|faint|p2a: Conkeldurr
|
|c|âA Sprite fan|mmm riko damage
|
|switch|p2a: Not a dragon|Sceptile, M|281\/281
|-damage|p2a: Not a dragon|246\/281|[from] Stealth Rock
|turn|14
|c|âA Sprite fan|en serio deberia guardarme a heatran
|
|switch|p1a: Jirachi|Jirachi|320\/341
|-damage|p1a: Jirachi|299\/341|[from] Stealth Rock
|detailschange|p2a: Not a dragon|Sceptile-Mega, M
|message|Sceptile has Mega Evolved into Mega Sceptile!
|move|p2a: Not a dragon|Earthquake|p1a: Jirachi
|-supereffective|p1a: Jirachi
|-damage|p1a: Jirachi|121\/341
|
|turn|15
|join|mariopg
|c|âTheBleeding|ups
|c|âA Sprite fan|oh, ofensivo fisico pues
|c|âA Sprite fan|walleable con landorus-t
|
|switch|p2a: Landorus-Therian|Landorus-Therian, M|257\/319
|-damage|p2a: Landorus-Therian|218\/319|[from] Stealth Rock
|-ability|p2a: Landorus-Therian|Intimidate|[of] p1a: Jirachi
|-unboost|p1a: Jirachi|atk|1
|move|p1a: Jirachi|U-turn|p2a: Landorus-Therian
|-resisted|p2a: Landorus-Therian
|-damage|p2a: Landorus-Therian|192\/319
|
|switch|p1a: Azumarill|Azumarill, M|110\/363
|-damage|p1a: Azumarill|65\/363|[from] Stealth Rock
|
|turn|16
|
|switch|p2a: F U salamence|Skarmory, M|298\/334
|-damage|p2a: F U salamence|257\/334|[from] Stealth Rock
|move|p1a: Azumarill|Play Rough|p2a: F U salamence
|-resisted|p2a: F U salamence
|-damage|p2a: F U salamence|203\/334
|
|turn|17
|c|âA Sprite fan|mmm me salio mal
|c| mariopg|jeje
|c|âA Sprite fan|podias haber tirado a sceptile para tomar con exito el aqua jet y luego matarme
|
|move|p2a: F U salamence|Brave Bird|p1a: Azumarill
|-damage|p1a: Azumarill|0 fnt
|-damage|p2a: F U salamence|182\/334|[from] recoil|[of] p1a: Azumarill
|faint|p1a: Azumarill
|
|
|switch|p1a: Heatran|Heatran, M|74\/326
|-damage|p1a: Heatran|34\/326|[from] Stealth Rock
|turn|18
|c|âTheBleeding|No tenia por que
|
|switch|p2a: Greninja|Greninja, F|250\/285
|-damage|p2a: Greninja|215\/285|[from] Stealth Rock
|move|p1a: Heatran|Fire Blast|p2a: Greninja
|-resisted|p2a: Greninja
|-damage|p2a: Greninja|80\/285
|
|turn|19
|c|âA Sprite fan|sceptile le hace mucho daÃ±o a mi team miralo
|c|âA Sprite fan|algo muere
|c| mariopg|un gatito???
|c|âA Sprite fan|#greninjaputoveteaubers
|
|move|p2a: Greninja|Scald|p1a: Heatran
|-start|p2a: Greninja|typechange|Water|[from] Protean
|-supereffective|p1a: Heatran
|-damage|p1a: Heatran|0 fnt
|-damage|p2a: Greninja|52\/285|[from] item: Life Orb
|faint|p1a: Heatran
|
|c|âTheBleeding|Si lo saque para sacrficarlo lol
|
|switch|p1a: Jirachi|Jirachi|121\/341
|-damage|p1a: Jirachi|100\/341|[from] Stealth Rock
|turn|20
|
|move|p1a: Jirachi|U-turn|p2a: Greninja
|-damage|p2a: Greninja|0 fnt
|faint|p2a: Greninja
|
|switch|p1a: Landorus-Therian|Landorus-Therian, M|319\/319
|-damage|p1a: Landorus-Therian|280\/319|[from] Stealth Rock
|
|
|switch|p2a: Carl|Heatran, M|386\/386
|-damage|p2a: Carl|338\/386|[from] Stealth Rock
|turn|21
|
|move|p2a: Carl|Protect|p2a: Carl
|-singleturn|p2a: Carl|Protect
|move|p1a: Landorus-Therian|Earthquake|p2a: Carl
|-activate|p2a: Carl|Protect
|
|-heal|p2a: Carl|362\/386|[from] item: Leftovers
|turn|22
|
|switch|p1a: Sceptile|Sceptile, F|281\/281
|-damage|p1a: Sceptile|246\/281|[from] Stealth Rock
|switch|p2a: Landorus-Therian|Landorus-Therian, M|192\/319
|-damage|p2a: Landorus-Therian|153\/319|[from] Stealth Rock
|-ability|p2a: Landorus-Therian|Intimidate|[of] p1a: Sceptile
|-unboost|p1a: Sceptile|atk|1
|
|turn|23
|c|âA Sprite fan|that band
|c|âA Sprite fan|scarf
|
|switch|p1a: Jirachi|Jirachi|100\/341
|-damage|p1a: Jirachi|79\/341|[from] Stealth Rock
|move|p2a: Landorus-Therian|U-turn|p1a: Jirachi
|-damage|p1a: Jirachi|0 fnt
|faint|p1a: Jirachi
|c|âTheBleeding|obv
|
|switch|p2a: Carl|Heatran, M|362\/386
|-damage|p2a: Carl|314\/386|[from] Stealth Rock
|
|-heal|p2a: Carl|338\/386|[from] item: Leftovers
|
|switch|p1a: Sceptile|Sceptile, F|246\/281
|-damage|p1a: Sceptile|211\/281|[from] Stealth Rock
|turn|24
|
|detailschange|p1a: Sceptile|Sceptile-Mega, F
|message|Sceptile has Mega Evolved into Mega Sceptile!
|move|p1a: Sceptile|Substitute|p1a: Sceptile
|-start|p1a: Sceptile|Substitute
|-damage|p1a: Sceptile|141\/281
|move|p2a: Carl|Lava Plume|p1a: Sceptile
|-end|p1a: Sceptile|Substitute
|
|-heal|p2a: Carl|362\/386|[from] item: Leftovers
|turn|25
|
|move|p1a: Sceptile|Focus Blast|p2a: Carl|[miss]
|-miss|p1a: Sceptile|p2a: Carl
|move|p2a: Carl|Lava Plume|p1a: Sceptile
|-damage|p1a: Sceptile|0 fnt
|faint|p1a: Sceptile
|
|-heal|p2a: Carl|386\/386|[from] item: Leftovers
|c|âTheBleeding|sorry
|c|âA Sprite fan|aplausos sceptile
|leave|ZÂ¡ng
|
|switch|p1a: Landorus-Therian|Landorus-Therian, M|280\/319
|-damage|p1a: Landorus-Therian|241\/319|[from] Stealth Rock
|-ability|p1a: Landorus-Therian|Intimidate|[of] p2a: Carl
|-unboost|p2a: Carl|atk|1
|turn|26
|c|âTheBleeding|Pero no mataba
|c|âA Sprite fan|hacia damage
|c|âA Sprite fan|lo que necesitaba
|
|move|p2a: Carl|Protect|p2a: Carl
|-singleturn|p2a: Carl|Protect
|move|p1a: Landorus-Therian|Earthquake|p2a: Carl
|-activate|p2a: Carl|Protect
|
|turn|27
|c|âA Sprite fan|pero ya si que no puedo ganar
|
|switch|p2a: F U salamence|Skarmory, M|182\/334
|-damage|p2a: F U salamence|141\/334|[from] Stealth Rock
|move|p1a: Landorus-Therian|Earthquake|p2a: F U salamence
|-immune|p2a: F U salamence|[msg]
|
|turn|28
|
|switch|p1a: Latios|Latios, M|301\/301
|-damage|p1a: Latios|264\/301|[from] Stealth Rock
|move|p2a: F U salamence|Roost|p2a: F U salamence
|-heal|p2a: F U salamence|308\/334
|
|turn|29
|
|switch|p2a: Carl|Heatran, M|386\/386
|-damage|p2a: Carl|338\/386|[from] Stealth Rock
|move|p1a: Latios|Hidden Power|p2a: Carl
|-start|p2a: Carl|ability: Flash Fire
|
|-heal|p2a: Carl|362\/386|[from] item: Leftovers
|turn|30
|
|move|p1a: Latios|Draco Meteor|p2a: Carl
|-resisted|p2a: Carl
|-damage|p2a: Carl|258\/386
|-unboost|p1a: Latios|spa|2
|-damage|p1a: Latios|234\/301|[from] item: Life Orb
|move|p2a: Carl|Lava Plume|p1a: Latios
|-resisted|p1a: Latios
|-damage|p1a: Latios|154\/301
|
|-heal|p2a: Carl|282\/386|[from] item: Leftovers
|turn|31
|c|âA Sprite fan|gg pues
|c|âTheBleeding|gg wp
|c|âA Sprite fan|no me salio bien esta vez :(
|
|move|p1a: Latios|Draco Meteor|p2a: Carl
|-resisted|p2a: Carl
|-damage|p2a: Carl|231\/386
|-unboost|p1a: Latios|spa|2
|-damage|p1a: Latios|124\/301|[from] item: Life Orb
|move|p2a: Carl|Toxic|p1a: Latios
|-status|p1a: Latios|tox
|
|-heal|p2a: Carl|255\/386|[from] item: Leftovers
|-damage|p1a: Latios|106\/301 tox|[from] psn
|turn|32
|
|move|p2a: Carl|Protect|p2a: Carl
|-singleturn|p2a: Carl|Protect
|move|p1a: Latios|Psyshock|p2a: Carl
|-activate|p2a: Carl|Protect
|
|-heal|p2a: Carl|279\/386|[from] item: Leftovers
|-damage|p1a: Latios|70\/301 tox|[from] psn
|turn|33
|
|move|p1a: Latios|Psyshock|p2a: Carl
|-resisted|p2a: Carl
|-damage|p2a: Carl|250\/386
|-damage|p1a: Latios|40\/301 tox|[from] item: Life Orb
|move|p2a: Carl|Lava Plume|p1a: Latios
|-resisted|p1a: Latios
|-damage|p1a: Latios|0 fnt
|faint|p1a: Latios
|
|-heal|p2a: Carl|274\/386|[from] item: Leftovers
|
|switch|p1a: Landorus-Therian|Landorus-Therian, M|241\/319
|-damage|p1a: Landorus-Therian|202\/319|[from] Stealth Rock
|-ability|p1a: Landorus-Therian|Intimidate|[of] p2a: Carl
|-unboost|p2a: Carl|atk|1
|turn|34
|
|move|p2a: Carl|Protect|p2a: Carl
|-singleturn|p2a: Carl|Protect
|move|p1a: Landorus-Therian|Knock Off|p2a: Carl
|-activate|p2a: Carl|Protect
|
|-heal|p2a: Carl|298\/386|[from] item: Leftovers
|turn|35
|
|move|p1a: Landorus-Therian|Knock Off|p2a: Carl
|-damage|p2a: Carl|182\/386
|-enditem|p2a: Carl|Leftovers|[from] move: Knock Off|[of] p1a: Landorus-Therian
|move|p2a: Carl|Lava Plume|p1a: Landorus-Therian
|-damage|p1a: Landorus-Therian|0 fnt
|faint|p1a: Landorus-Therian
|
|win|TheBleeding
|leave|A Sprite fan
|player|p1