|join|Drina Auguste
|join|revoluti0n
|player|p1|Drina Auguste|98
|player|p2|revoluti0n|1
|gametype|singles
|gen|6
|tier|OU
|rated
|clearpoke
|poke|p1|Hippowdon, M
|poke|p1|Talonflame, M
|poke|p1|Mew
|poke|p1|Amoonguss, F
|poke|p1|Skarmory, F
|poke|p1|Starmie
|poke|p2|Pinsir, F
|poke|p2|Landorus-Therian, M
|poke|p2|Heatran, M
|poke|p2|Sylveon, F
|poke|p2|Azumarill, F
|poke|p2|Zapdos
|rule|Swagger Clause: Swagger is banned
|rule|Baton Pass Clause: Limit one PokÃ©mon knowing Baton Pass
|rule|Sleep Clause Mod: Limit one foe put to sleep
|rule|Species Clause: Limit one of each PokÃ©mon
|rule|OHKO Clause: OHKO moves are banned
|rule|Moody Clause: Moody is banned
|rule|Evasion Moves Clause: Evasion moves are banned
|rule|Endless Battle Clause: Forcing endless battles is banned
|rule|HP Percentage Mod: HP is shown in percentages
|teampreview
|
|start
|switch|p1a: Hippowdon|Hippowdon, M|419\/419
|switch|p2a: Landorus-Therian|Landorus-Therian, M|382\/382
|-ability|p2a: Landorus-Therian|Intimidate|[of] p1a: Hippowdon
|-unboost|p1a: Hippowdon|atk|1
|-weather|Sandstorm
|turn|1
|
|move|p2a: Landorus-Therian|Knock Off|p1a: Hippowdon
|-damage|p1a: Hippowdon|335\/419
|-enditem|p1a: Hippowdon|Leftovers|[from] move: Knock Off|[of] p2a: Landorus-Therian
|move|p1a: Hippowdon|Stealth Rock|p2a: Landorus-Therian
|-sidestart|p2: revoluti0n|move: Stealth Rock
|
|-weather|Sandstorm|[upkeep]
|turn|2
|
|switch|p1a: Mew|Mew|403\/403
|move|p2a: Landorus-Therian|Earthquake|p1a: Mew
|-damage|p1a: Mew|184\/403
|
|-weather|Sandstorm|[upkeep]
|-damage|p1a: Mew|159\/403|[from] sandstorm
|-heal|p1a: Mew|184\/403|[from] item: Leftovers
|turn|3
|
|switch|p2a: Heatran|Heatran, M|386\/386
|-damage|p2a: Heatran|338\/386|[from] Stealth Rock
|move|p1a: Mew|Will-O-Wisp|p2a: Heatran
|-start|p2a: Heatran|ability: Flash Fire
|
|-weather|Sandstorm|[upkeep]
|-damage|p1a: Mew|159\/403|[from] sandstorm
|-heal|p1a: Mew|184\/403|[from] item: Leftovers
|-heal|p2a: Heatran|362\/386|[from] item: Leftovers
|turn|4
|
|switch|p1a: Starmie|Starmie|323\/323
|move|p2a: Heatran|Flamethrower|p1a: Starmie
|-resisted|p1a: Starmie
|-damage|p1a: Starmie|207\/323
|
|-weather|Sandstorm|[upkeep]
|-damage|p1a: Starmie|187\/323|[from] sandstorm
|-heal|p1a: Starmie|207\/323|[from] item: Leftovers
|-heal|p2a: Heatran|386\/386|[from] item: Leftovers
|turn|5
|
|move|p2a: Heatran|Protect|p2a: Heatran
|-singleturn|p2a: Heatran|Protect
|move|p1a: Starmie|Scald|p2a: Heatran
|-activate|p2a: Heatran|Protect
|
|-weather|none
|-heal|p1a: Starmie|227\/323|[from] item: Leftovers
|turn|6
|
|move|p1a: Starmie|Scald|p2a: Heatran
|-supereffective|p2a: Heatran
|-damage|p2a: Heatran|248\/386
|move|p2a: Heatran|Toxic|p1a: Starmie
|-status|p1a: Starmie|tox
|
|-heal|p1a: Starmie|247\/323 tox|[from] item: Leftovers
|-heal|p2a: Heatran|272\/386|[from] item: Leftovers
|-damage|p1a: Starmie|227\/323 tox|[from] psn
|turn|7
|
|switch|p1a: Hippowdon|Hippowdon, M|335\/419
|-weather|Sandstorm
|move|p2a: Heatran|Protect|p2a: Heatran
|-fail|p2a: Heatran
|
|-weather|Sandstorm|[upkeep]
|-heal|p2a: Heatran|296\/386|[from] item: Leftovers
|turn|8
|
|switch|p2a: Landorus-Therian|Landorus-Therian, M|382\/382
|-damage|p2a: Landorus-Therian|335\/382|[from] Stealth Rock
|-ability|p2a: Landorus-Therian|Intimidate|[of] p1a: Hippowdon
|-unboost|p1a: Hippowdon|atk|1
|move|p1a: Hippowdon|Earthquake|p2a: Landorus-Therian
|-immune|p2a: Landorus-Therian|[msg]
|
|-weather|Sandstorm|[upkeep]
|-heal|p2a: Landorus-Therian|358\/382|[from] item: Leftovers
|turn|9
|
|switch|p1a: Skarmory|Skarmory, F|329\/329
|move|p2a: Landorus-Therian|Earthquake|p1a: Skarmory
|-immune|p1a: Skarmory|[msg]
|
|-weather|Sandstorm|[upkeep]
|-heal|p2a: Landorus-Therian|381\/382|[from] item: Leftovers
|turn|10
|
|move|p2a: Landorus-Therian|U-turn|p1a: Skarmory
|-resisted|p1a: Skarmory
|-damage|p1a: Skarmory|316\/329
|
|switch|p2a: Zapdos|Zapdos|383\/383
|-damage|p2a: Zapdos|288\/383|[from] Stealth Rock
|-ability|p2a: Zapdos|Pressure
|move|p1a: Skarmory|Spikes|p2a: Zapdos
|-sidestart|p2: revoluti0n|Spikes
|
|-weather|Sandstorm|[upkeep]
|-damage|p2a: Zapdos|265\/383|[from] sandstorm
|-heal|p2a: Zapdos|288\/383|[from] item: Leftovers
|turn|11
|
|switch|p1a: Mew|Mew|184\/403
|move|p2a: Zapdos|Defog|p1a: Mew
|-unboost|p1a: Mew|evasion|1
|-sideend|p2: revoluti0n|Spikes|[from] move: Defog|[of] p2a: Zapdos
|-sideend|p2: revoluti0n|Stealth Rock|[from] move: Defog|[of] p2a: Zapdos
|
|-weather|none
|-heal|p1a: Mew|209\/403|[from] item: Leftovers
|-heal|p2a: Zapdos|311\/383|[from] item: Leftovers
|turn|12
|
|switch|p2a: Heatran|Heatran, M|296\/386
|move|p1a: Mew|Roost|p1a: Mew
|-heal|p1a: Mew|403\/403
|
|-heal|p2a: Heatran|320\/386|[from] item: Leftovers
|turn|13
|
|move|p1a: Mew|Knock Off|p2a: Heatran
|-damage|p2a: Heatran|253\/386
|-enditem|p2a: Heatran|Leftovers|[from] move: Knock Off|[of] p1a: Mew
|move|p2a: Heatran|Toxic|p1a: Mew
|-status|p1a: Mew|tox
|
|-damage|p1a: Mew|378\/403 tox|[from] psn
|turn|14
|
|switch|p1a: Starmie|Starmie|227\/323
|move|p2a: Heatran|Stealth Rock|p1a: Starmie
|-sidestart|p1: Drina Auguste|move: Stealth Rock
|
|-heal|p1a: Starmie|247\/323|[from] item: Leftovers
|turn|15
|
|move|p1a: Starmie|Rapid Spin|p2a: Heatran
|-resisted|p2a: Heatran
|-damage|p2a: Heatran|248\/386
|-sideend|p1: Drina Auguste|Stealth Rock|[from] move: Rapid Spin|[of] p1a: Starmie
|move|p2a: Heatran|Toxic|p1a: Starmie
|-status|p1a: Starmie|tox
|
|-heal|p1a: Starmie|267\/323 tox|[from] item: Leftovers
|-damage|p1a: Starmie|247\/323 tox|[from] psn
|turn|16
|
|switch|p1a: Hippowdon|Hippowdon, M|335\/419
|-weather|Sandstorm
|move|p2a: Heatran|Protect|p2a: Heatran
|-fail|p2a: Heatran
|
|-weather|Sandstorm|[upkeep]
|turn|17
|
|switch|p2a: Landorus-Therian|Landorus-Therian, M|381\/382
|-ability|p2a: Landorus-Therian|Intimidate|[of] p1a: Hippowdon
|-unboost|p1a: Hippowdon|atk|1
|move|p1a: Hippowdon|Stealth Rock|p2a: Landorus-Therian
|-sidestart|p2: revoluti0n|move: Stealth Rock
|
|-weather|Sandstorm|[upkeep]
|-heal|p2a: Landorus-Therian|382\/382|[from] item: Leftovers
|turn|18
|
|switch|p1a: Skarmory|Skarmory, F|316\/329
|move|p2a: Landorus-Therian|Earthquake|p1a: Skarmory
|-immune|p1a: Skarmory|[msg]
|
|-weather|Sandstorm|[upkeep]
|turn|19
|
|move|p2a: Landorus-Therian|U-turn|p1a: Skarmory
|-resisted|p1a: Skarmory
|-damage|p1a: Skarmory|301\/329
|
|switch|p2a: Zapdos|Zapdos|311\/383
|-damage|p2a: Zapdos|216\/383|[from] Stealth Rock
|-ability|p2a: Zapdos|Pressure
|move|p1a: Skarmory|Taunt|p2a: Zapdos
|-start|p2a: Zapdos|move: Taunt
|
|-weather|Sandstorm|[upkeep]
|-damage|p2a: Zapdos|193\/383|[from] sandstorm
|-heal|p2a: Zapdos|216\/383|[from] item: Leftovers
|turn|20
|
|switch|p1a: Amoonguss|Amoonguss, F|431\/431
|move|p2a: Zapdos|Heat Wave|p1a: Amoonguss
|-supereffective|p1a: Amoonguss
|-damage|p1a: Amoonguss|215\/431
|
|-weather|none
|-heal|p2a: Zapdos|239\/383|[from] item: Leftovers
|-heal|p1a: Amoonguss|241\/431|[from] item: Black Sludge
|turn|21
|
|move|p2a: Zapdos|Heat Wave|p1a: Amoonguss
|-supereffective|p1a: Amoonguss
|-damage|p1a: Amoonguss|9\/431
|move|p1a: Amoonguss|Spore|p2a: Zapdos
|-status|p2a: Zapdos|slp
|
|-heal|p2a: Zapdos|262\/383 slp|[from] item: Leftovers
|-heal|p1a: Amoonguss|35\/431|[from] item: Black Sludge
|turn|22
|
|switch|p2a: Heatran|Heatran, M|248\/386
|-damage|p2a: Heatran|200\/386|[from] Stealth Rock
|switch|p1a: Mew|Mew|378\/403 tox
|
|-heal|p1a: Mew|403\/403 tox|[from] item: Leftovers
|-damage|p1a: Mew|378\/403 tox|[from] psn
|turn|23
|
|move|p1a: Mew|Taunt|p2a: Heatran
|-start|p2a: Heatran|move: Taunt
|move|p2a: Heatran|Flamethrower|p1a: Mew
|-damage|p1a: Mew|266\/403 tox
|
|-heal|p1a: Mew|291\/403 tox|[from] item: Leftovers
|-damage|p1a: Mew|241\/403 tox|[from] psn
|turn|24
|
|switch|p1a: Starmie|Starmie|247\/323
|move|p2a: Heatran|Flamethrower|p1a: Starmie
|-crit|p1a: Starmie
|-resisted|p1a: Starmie
|-damage|p1a: Starmie|124\/323
|
|-heal|p1a: Starmie|144\/323|[from] item: Leftovers
|turn|25
|
|switch|p2a: Zapdos|Zapdos|262\/383 slp
|-damage|p2a: Zapdos|167\/383 slp|[from] Stealth Rock
|-ability|p2a: Zapdos|Pressure
|move|p1a: Starmie|Recover|p1a: Starmie
|-heal|p1a: Starmie|306\/323
|
|-heal|p1a: Starmie|323\/323|[from] item: Leftovers
|-heal|p2a: Zapdos|190\/383 slp|[from] item: Leftovers
|turn|26
|
|switch|p1a: Mew|Mew|241\/403 tox
|cant|p2a: Zapdos|slp
|
|-heal|p1a: Mew|266\/403 tox|[from] item: Leftovers
|-heal|p2a: Zapdos|213\/383 slp|[from] item: Leftovers
|-damage|p1a: Mew|241\/403 tox|[from] psn
|turn|27
|
|move|p1a: Mew|Knock Off|p2a: Zapdos
|-damage|p2a: Zapdos|156\/383 slp
|-enditem|p2a: Zapdos|Leftovers|[from] move: Knock Off|[of] p1a: Mew
|-curestatus|p2a: Zapdos|slp
|move|p2a: Zapdos|Thunderbolt|p1a: Mew
|-damage|p1a: Mew|139\/403 tox
|
|-heal|p1a: Mew|164\/403 tox|[from] item: Leftovers
|-damage|p1a: Mew|114\/403 tox|[from] psn
|turn|28
|
|move|p1a: Mew|Taunt|p2a: Zapdos
|-start|p2a: Zapdos|move: Taunt
|move|p2a: Zapdos|Thunderbolt|p1a: Mew
|-damage|p1a: Mew|5\/403 tox
|
|-heal|p1a: Mew|30\/403 tox|[from] item: Leftovers
|-damage|p1a: Mew|0 fnt|[from] psn
|faint|p1a: Mew
|
|switch|p1a: Hippowdon|Hippowdon, M|335\/419
|-weather|Sandstorm
|turn|29
|
|switch|p2a: Landorus-Therian|Landorus-Therian, M|382\/382
|-damage|p2a: Landorus-Therian|335\/382|[from] Stealth Rock
|-ability|p2a: Landorus-Therian|Intimidate|[of] p1a: Hippowdon
|-unboost|p1a: Hippowdon|atk|1
|move|p1a: Hippowdon|Whirlwind|p2a: Landorus-Therian
|drag|p2a: Pinsir|Pinsir, F|272\/272
|-damage|p2a: Pinsir|204\/272|[from] Stealth Rock
|-ability|p2a: Pinsir|Mold Breaker
|
|-weather|Sandstorm|[upkeep]
|-damage|p2a: Pinsir|187\/272|[from] sandstorm
|turn|30
|
|switch|p2a: Landorus-Therian|Landorus-Therian, M|335\/382
|-damage|p2a: Landorus-Therian|288\/382|[from] Stealth Rock
|-ability|p2a: Landorus-Therian|Intimidate|[of] p1a: Hippowdon
|-unboost|p1a: Hippowdon|atk|1
|switch|p1a: Skarmory|Skarmory, F|301\/329
|
|-weather|Sandstorm|[upkeep]
|-heal|p2a: Landorus-Therian|311\/382|[from] item: Leftovers
|turn|31
|
|move|p2a: Landorus-Therian|Knock Off|p1a: Skarmory
|-damage|p1a: Skarmory|228\/329
|-enditem|p1a: Skarmory|Shed Shell|[from] move: Knock Off|[of] p2a: Landorus-Therian
|move|p1a: Skarmory|Taunt|p2a: Landorus-Therian
|-start|p2a: Landorus-Therian|move: Taunt
|
|-weather|Sandstorm|[upkeep]
|-heal|p2a: Landorus-Therian|334\/382|[from] item: Leftovers
|turn|32
|
|move|p2a: Landorus-Therian|U-turn|p1a: Skarmory
|-resisted|p1a: Skarmory
|-damage|p1a: Skarmory|213\/329
|
|switch|p2a: Zapdos|Zapdos|156\/383
|-damage|p2a: Zapdos|61\/383|[from] Stealth Rock
|-ability|p2a: Zapdos|Pressure
|move|p1a: Skarmory|Roost|p1a: Skarmory
|-heal|p1a: Skarmory|329\/329
|
|-weather|Sandstorm|[upkeep]
|-damage|p2a: Zapdos|38\/383|[from] sandstorm
|turn|33
|
|switch|p1a: Amoonguss|Amoonguss, F|178\/431
|move|p2a: Zapdos|Roost|p2a: Zapdos
|-heal|p2a: Zapdos|230\/383
|
|-weather|none
|-heal|p1a: Amoonguss|204\/431|[from] item: Black Sludge
|turn|34
|
|switch|p1a: Hippowdon|Hippowdon, M|335\/419
|-weather|Sandstorm
|move|p2a: Zapdos|Heat Wave|p1a: Hippowdon
|-damage|p1a: Hippowdon|212\/419
|
|-weather|Sandstorm|[upkeep]
|-damage|p2a: Zapdos|207\/383|[from] sandstorm
|turn|35
|
|move|p2a: Zapdos|Defog|p1a: Hippowdon
|-unboost|p1a: Hippowdon|evasion|1
|-sideend|p2: revoluti0n|Stealth Rock|[from] move: Defog|[of] p2a: Zapdos
|move|p1a: Hippowdon|Slack Off|p1a: Hippowdon
|-heal|p1a: Hippowdon|419\/419
|
|-weather|Sandstorm|[upkeep]
|-damage|p2a: Zapdos|184\/383|[from] sandstorm
|turn|36
|
|move|p2a: Zapdos|Roost|p2a: Zapdos
|-heal|p2a: Zapdos|376\/383
|move|p1a: Hippowdon|Earthquake|p2a: Zapdos
|-supereffective|p2a: Zapdos
|-damage|p2a: Zapdos|160\/383
|
|-weather|Sandstorm|[upkeep]
|-damage|p2a: Zapdos|137\/383|[from] sandstorm
|turn|37
|
|move|p2a: Zapdos|Heat Wave|p1a: Hippowdon
|-damage|p1a: Hippowdon|306\/419
|move|p1a: Hippowdon|Stealth Rock|p2a: Zapdos
|-sidestart|p2: revoluti0n|move: Stealth Rock
|
|-weather|Sandstorm|[upkeep]
|-damage|p2a: Zapdos|114\/383|[from] sandstorm
|turn|38
|
|move|p2a: Zapdos|Defog|p1a: Hippowdon
|-unboost|p1a: Hippowdon|evasion|1
|-sideend|p2: revoluti0n|Stealth Rock|[from] move: Defog|[of] p2a: Zapdos
|move|p1a: Hippowdon|Stealth Rock|p2a: Zapdos
|-sidestart|p2: revoluti0n|move: Stealth Rock
|
|-weather|none
|turn|39
|
|switch|p1a: Amoonguss|Amoonguss, F|347\/431
|move|p2a: Zapdos|Defog|p1a: Amoonguss
|-unboost|p1a: Amoonguss|evasion|1
|-sideend|p2: revoluti0n|Stealth Rock|[from] move: Defog|[of] p2a: Zapdos
|
|-heal|p1a: Amoonguss|373\/431|[from] item: Black Sludge
|turn|40
|
|move|p2a: Zapdos|Heat Wave|p1a: Amoonguss
|-supereffective|p1a: Amoonguss
|-damage|p1a: Amoonguss|143\/431
|move|p1a: Amoonguss|Spore|p2a: Zapdos
|-status|p2a: Zapdos|slp
|
|-heal|p1a: Amoonguss|169\/431|[from] item: Black Sludge
|turn|41
|
|switch|p2a: Heatran|Heatran, M|200\/386
|switch|p1a: Starmie|Starmie|323\/323
|
|turn|42
|
|switch|p2a: Zapdos|Zapdos|114\/383 slp
|-ability|p2a: Zapdos|Pressure
|move|p1a: Starmie|Scald|p2a: Zapdos
|-damage|p2a: Zapdos|14\/383 slp
|
|turn|43
|
|move|p1a: Starmie|Scald|p2a: Zapdos
|-damage|p2a: Zapdos|0 fnt
|faint|p2a: Zapdos
|
|
|switch|p2a: Azumarill|Azumarill, F|404\/404
|turn|44
|
|switch|p1a: Skarmory|Skarmory, F|329\/329
|move|p2a: Azumarill|Belly Drum|p2a: Azumarill
|-damage|p2a: Azumarill|202\/404
|-setboost|p2a: Azumarill|atk|6|[from] move: Belly Drum
|-enditem|p2a: Azumarill|Sitrus Berry|[eat]
|-heal|p2a: Azumarill|303\/404|[from] item: Sitrus Berry
|
|turn|45
|
|move|p2a: Azumarill|Waterfall|p1a: Skarmory
|-activate|p1a: Skarmory|Sturdy
|-damage|p1a: Skarmory|1\/329
|move|p1a: Skarmory|Counter|p2a: Azumarill
|-damage|p2a: Azumarill|0 fnt
|faint|p2a: Azumarill
|
|
|switch|p2a: Pinsir|Pinsir, F|187\/272
|-ability|p2a: Pinsir|Mold Breaker
|turn|46
|
|switch|p1a: Amoonguss|Amoonguss, F|312\/431
|detailschange|p2a: Pinsir|Pinsir-Mega, F
|message|Pinsir has Mega Evolved into Mega Pinsir!
|move|p2a: Pinsir|Frustration|p1a: Amoonguss
|-supereffective|p1a: Amoonguss
|-damage|p1a: Amoonguss|0 fnt
|faint|p1a: Amoonguss
|
|
|switch|p1a: Talonflame|Talonflame, M|359\/359
|turn|47
|
|move|p1a: Talonflame|Brave Bird|p2a: Pinsir
|-supereffective|p2a: Pinsir
|-damage|p2a: Pinsir|0 fnt
|-damage|p1a: Talonflame|297\/359|[from] recoil|[of] p2a: Pinsir
|faint|p2a: Pinsir
|
|-heal|p1a: Talonflame|319\/359|[from] item: Leftovers
|
|switch|p2a: Heatran|Heatran, M|200\/386
|turn|48
|
|move|p1a: Talonflame|Taunt|p2a: Heatran
|-start|p2a: Heatran|move: Taunt
|cant|p2a: Heatran|move: Taunt|Toxic
|
|-heal|p1a: Talonflame|341\/359|[from] item: Leftovers
|turn|49
|
|switch|p1a: Starmie|Starmie|323\/323
|switch|p2a: Landorus-Therian|Landorus-Therian, M|334\/382
|-ability|p2a: Landorus-Therian|Intimidate|[of] p1a: Starmie
|-unboost|p1a: Starmie|atk|1
|
|-heal|p2a: Landorus-Therian|357\/382|[from] item: Leftovers
|turn|50
|
|switch|p2a: Sylveon|Sylveon, F|363\/363
|move|p1a: Starmie|Scald|p2a: Sylveon
|-damage|p2a: Sylveon|291\/363
|
|-heal|p2a: Sylveon|313\/363|[from] item: Leftovers
|turn|51
|
|switch|p1a: Skarmory|Skarmory, F|1\/329
|move|p2a: Sylveon|Hyper Voice|p1a: Skarmory
|-resisted|p1a: Skarmory
|-damage|p1a: Skarmory|0 fnt
|faint|p1a: Skarmory
|
|-heal|p2a: Sylveon|335\/363|[from] item: Leftovers
|
|switch|p1a: Talonflame|Talonflame, M|341\/359
|turn|52
|
|move|p1a: Talonflame|Taunt|p2a: Sylveon
|-start|p2a: Sylveon|move: Taunt
|move|p2a: Sylveon|Hyper Voice|p1a: Talonflame
|-resisted|p1a: Talonflame
|-damage|p1a: Talonflame|255\/359
|
|-heal|p1a: Talonflame|277\/359|[from] item: Leftovers
|-heal|p2a: Sylveon|357\/363|[from] item: Leftovers
|turn|53
|
|switch|p2a: Landorus-Therian|Landorus-Therian, M|357\/382
|-ability|p2a: Landorus-Therian|Intimidate|[of] p1a: Talonflame
|-unboost|p1a: Talonflame|atk|1
|move|p1a: Talonflame|Brave Bird|p2a: Landorus-Therian
|-crit|p2a: Landorus-Therian
|-damage|p2a: Landorus-Therian|176\/382
|-damage|p1a: Talonflame|217\/359|[from] recoil|[of] p2a: Landorus-Therian
|
|-heal|p1a: Talonflame|239\/359|[from] item: Leftovers
|-heal|p2a: Landorus-Therian|199\/382|[from] item: Leftovers
|turn|54
|
|switch|p1a: Hippowdon|Hippowdon, M|306\/419
|-weather|Sandstorm
|move|p2a: Landorus-Therian|Knock Off|p1a: Hippowdon
|-damage|p1a: Hippowdon|243\/419
|
|-weather|Sandstorm|[upkeep]
|-heal|p2a: Landorus-Therian|222\/382|[from] item: Leftovers
|turn|55
|
|move|p2a: Landorus-Therian|Earthquake|p1a: Hippowdon
|-damage|p1a: Hippowdon|95\/419
|move|p1a: Hippowdon|Stealth Rock|p2a: Landorus-Therian
|-sidestart|p2: revoluti0n|move: Stealth Rock
|
|-weather|Sandstorm|[upkeep]
|-heal|p2a: Landorus-Therian|245\/382|[from] item: Leftovers
|turn|56
|
|move|p2a: Landorus-Therian|Earthquake|p1a: Hippowdon
|-damage|p1a: Hippowdon|0 fnt
|faint|p1a: Hippowdon
|
|-weather|Sandstorm|[upkeep]
|-heal|p2a: Landorus-Therian|268\/382|[from] item: Leftovers
|
|switch|p1a: Talonflame|Talonflame, M|239\/359
|turn|57
|
|move|p1a: Talonflame|Will-O-Wisp|p2a: Landorus-Therian
|-status|p2a: Landorus-Therian|brn
|move|p2a: Landorus-Therian|Stone Edge|p1a: Talonflame
|-supereffective|p1a: Talonflame
|-damage|p1a: Talonflame|0 fnt
|faint|p1a: Talonflame
|
|-weather|Sandstorm|[upkeep]
|-heal|p2a: Landorus-Therian|291\/382 brn|[from] item: Leftovers
|-damage|p2a: Landorus-Therian|244\/382 brn|[from] brn
|
|switch|p1a: Starmie|Starmie|323\/323
|turn|58
|
|move|p1a: Starmie|Scald|p2a: Landorus-Therian
|-supereffective|p2a: Landorus-Therian
|-damage|p2a: Landorus-Therian|28\/382 brn
|move|p2a: Landorus-Therian|Earthquake|p1a: Starmie
|-damage|p1a: Starmie|193\/323
|
|-weather|none
|-heal|p1a: Starmie|213\/323|[from] item: Leftovers
|-heal|p2a: Landorus-Therian|51\/382 brn|[from] item: Leftovers
|-damage|p2a: Landorus-Therian|4\/382 brn|[from] brn
|turn|59
|
|move|p1a: Starmie|Recover|p1a: Starmie
|-heal|p1a: Starmie|323\/323
|move|p2a: Landorus-Therian|Earthquake|p1a: Starmie
|-damage|p1a: Starmie|206\/323
|
|-heal|p1a: Starmie|226\/323|[from] item: Leftovers
|-heal|p2a: Landorus-Therian|27\/382 brn|[from] item: Leftovers
|-damage|p2a: Landorus-Therian|0 fnt|[from] brn
|faint|p2a: Landorus-Therian
|
|switch|p2a: Heatran|Heatran, M|200\/386
|-damage|p2a: Heatran|152\/386|[from] Stealth Rock
|turn|60
|
|move|p1a: Starmie|Scald|p2a: Heatran
|-supereffective|p2a: Heatran
|-damage|p2a: Heatran|12\/386
|move|p2a: Heatran|Toxic|p1a: Starmie
|-status|p1a: Starmie|tox
|
|-heal|p1a: Starmie|246\/323 tox|[from] item: Leftovers
|-damage|p1a: Starmie|226\/323 tox|[from] psn
|turn|61
|c|âDrina Auguste|how to choke hard
|
|move|p1a: Starmie|Reflect Type|p2a: Heatran
|-start|p1a: Starmie|typechange|[from] move: Reflect Type|[of] p2a: Heatran
|move|p2a: Heatran|Flamethrower|p1a: Starmie
|-damage|p1a: Starmie|84\/323 tox
|
|-heal|p1a: Starmie|104\/323 tox|[from] item: Leftovers
|-damage|p1a: Starmie|64\/323 tox|[from] psn
|turn|62
|
|move|p1a: Starmie|Scald|p2a: Heatran
|-supereffective|p2a: Heatran
|-damage|p2a: Heatran|0 fnt
|faint|p2a: Heatran
|
|-heal|p1a: Starmie|84\/323 tox|[from] item: Leftovers
|-damage|p1a: Starmie|24\/323 tox|[from] psn
|
|switch|p2a: Sylveon|Sylveon, F|357\/363
|-damage|p2a: Sylveon|312\/363|[from] Stealth Rock
|turn|63
|
|move|p2a: Sylveon|Protect|p2a: Sylveon
|-singleturn|p2a: Sylveon|Protect
|move|p1a: Starmie|Recover|p1a: Starmie
|-heal|p1a: Starmie|186\/323 tox
|
|-heal|p1a: Starmie|206\/323 tox|[from] item: Leftovers
|-heal|p2a: Sylveon|334\/363|[from] item: Leftovers
|-damage|p1a: Starmie|126\/323 tox|[from] psn
|turn|64
|
|move|p1a: Starmie|Recover|p1a: Starmie
|-heal|p1a: Starmie|288\/323 tox
|move|p2a: Sylveon|Hyper Voice|p1a: Starmie
|-resisted|p1a: Starmie
|-damage|p1a: Starmie|239\/323 tox
|
|-heal|p1a: Starmie|259\/323 tox|[from] item: Leftovers
|-heal|p2a: Sylveon|356\/363|[from] item: Leftovers
|-damage|p1a: Starmie|159\/323 tox|[from] psn
|turn|65
|-message|Drina Auguste forfeited.
|
|win|revoluti0n
|raw|Ladder updating...
|leave|Drina Auguste
|player|p1
|raw|Ladder (probably) updated, but score could not be retrieved (timeout).
|raw|Ladder (probably) updated, but score could not be retrieved (Error: socket hang up).