|join|Drina Auguste
|join|loyal shot
|player|p1|Drina Auguste|283
|player|p2|loyal shot|2
|gametype|singles
|gen|6
|tier|OU
|rated
|clearpoke
|poke|p1|Conkeldurr, M
|poke|p1|Kyurem-Black
|poke|p1|Landorus, M
|poke|p1|Azumarill, M
|poke|p1|Zapdos
|poke|p1|Venusaur, F
|poke|p2|Deoxys-Speed
|poke|p2|Aegislash, M
|poke|p2|Bisharp, M
|poke|p2|Keldeo
|poke|p2|Garchomp, M
|poke|p2|Pinsir, M
|rule|Sleep Clause Mod: Limit one foe put to sleep
|rule|Species Clause: Limit one of each Pokemon
|rule|OHKO Clause: OHKO moves are banned
|rule|Moody Clause: Moody is banned
|rule|Evasion Moves Clause: Evasion moves are banned
|rule|Endless Battle Clause: Forcing endless battles is banned.
|rule|HP Percentage Mod: HP is reported as percentages
|teampreview
|
|start
|switch|p1a: Azumarill|Azumarill, M|376\/376
|switch|p2a: Deoxys-Speed|Deoxys-Speed|241\/241
|-ability|p2a: Deoxys-Speed|Pressure
|turn|1
|
|move|p2a: Deoxys-Speed|Stealth Rock|p1a: Azumarill
|-sidestart|p1: Drina Auguste|move: Stealth Rock
|move|p1a: Azumarill|Knock Off|p2a: Deoxys-Speed
|-supereffective|p2a: Deoxys-Speed
|-enditem|p2a: Deoxys-Speed|Focus Sash
|-damage|p2a: Deoxys-Speed|1\/241
|
|turn|2
|
|move|p2a: Deoxys-Speed|Spikes|p1a: Azumarill
|-sidestart|p1: Drina Auguste|Spikes
|move|p1a: Azumarill|Knock Off|p2a: Deoxys-Speed
|-supereffective|p2a: Deoxys-Speed
|-damage|p2a: Deoxys-Speed|0 fnt
|faint|p2a: Deoxys-Speed
|
|
|switch|p2a: Bisharp|Bisharp, M|271\/271
|turn|3
|
|switch|p1a: Zapdos|Zapdos|383\/383
|-damage|p1a: Zapdos|288\/383|[from] Stealth Rock
|-ability|p1a: Zapdos|Pressure
|move|p2a: Bisharp|Iron Head|p1a: Zapdos
|-resisted|p1a: Zapdos
|-damage|p1a: Zapdos|215\/383
|
|-heal|p1a: Zapdos|238\/383|[from] item: Leftovers
|turn|4
|
|move|p1a: Zapdos|Defog|p2a: Bisharp
|-unboost|p2a: Bisharp|evasion|1
|-boost|p2a: Bisharp|atk|2|[from] ability: Defiant
|-sideend|p1: Drina Auguste|Spikes|[from] move: Defog|[of] p1a: Zapdos
|-sideend|p1: Drina Auguste|Stealth Rock|[from] move: Defog|[of] p1a: Zapdos
|move|p2a: Bisharp|Knock Off|p1a: Zapdos
|-damage|p1a: Zapdos|0 fnt
|faint|p1a: Zapdos
|
|
|switch|p1a: Conkeldurr|Conkeldurr, M|413\/413
|turn|5
|
|switch|p2a: Pinsir|Pinsir, M|271\/271
|move|p1a: Conkeldurr|Drain Punch|p2a: Pinsir
|-resisted|p2a: Pinsir
|-damage|p2a: Pinsir|205\/271
|
|turn|6
|
|switch|p1a: Venusaur|Venusaur, F|356\/356
|detailschange|p2a: Pinsir|Pinsir-Mega, M
|message|Pinsir has Mega Evolved into Mega Pinsir!
|move|p2a: Pinsir|Frustration|p1a: Venusaur
|-supereffective|p1a: Venusaur
|-damage|p1a: Venusaur|0 fnt
|faint|p1a: Venusaur
|
|
|switch|p1a: Azumarill|Azumarill, M|376\/376
|turn|7
|
|switch|p2a: Aegislash|Aegislash, M|321\/321
|move|p1a: Azumarill|Waterfall|p2a: Aegislash
|-damage|p2a: Aegislash|155\/321
|
|-heal|p2a: Aegislash|175\/321|[from] item: Leftovers
|turn|8
|
|switch|p1a: Landorus|Landorus, M|320\/320
|-formechange|p2a: Aegislash|Aegislash-Blade
|move|p2a: Aegislash|Shadow Ball|p1a: Landorus
|-damage|p1a: Landorus|122\/320
|
|-heal|p2a: Aegislash|195\/321|[from] item: Leftovers
|turn|9
|
|switch|p2a: Keldeo|Keldeo|323\/323
|move|p1a: Landorus|Stealth Rock|p2a: Keldeo
|-sidestart|p2: loyal shot|move: Stealth Rock
|
|turn|10
|
|move|p2a: Keldeo|Scald|p1a: Landorus
|-supereffective|p1a: Landorus
|-damage|p1a: Landorus|0 fnt
|faint|p1a: Landorus
|
|
|switch|p1a: Azumarill|Azumarill, M|376\/376
|turn|11
|
|move|p2a: Keldeo|Scald|p1a: Azumarill
|-resisted|p1a: Azumarill
|-damage|p1a: Azumarill|252\/376
|-status|p1a: Azumarill|brn
|move|p1a: Azumarill|Knock Off|p2a: Keldeo
|-resisted|p2a: Keldeo
|-damage|p2a: Keldeo|261\/323
|-boost|p2a: Keldeo|atk|1|[from] ability: Justified
|-enditem|p2a: Keldeo|Choice Specs|[from] move: Knock Off|[of] p1a: Azumarill
|
|-damage|p1a: Azumarill|205\/376 brn|[from] brn
|turn|12
|-message|Drina Auguste forfeited.
|
|win|loyal shot
|raw|Ladder updating...
|leave|Drina Auguste
|player|p1
|raw|Drina Auguste's rating: 1845 &rarr; <strong>1822<\/strong><br \/>(-23 for losing)
|raw|loyal shot's rating: 1791 &rarr; <strong>1814<\/strong><br \/>(+23 for winning)