|join|Lost in thoughts
|join|Drina Auguste
|player|p1|Lost in thoughts|167
|player|p2|Drina Auguste|98
|gametype|singles
|gen|6
|tier|OU
|clearpoke
|poke|p1|Landorus-Therian, M
|poke|p1|Ferrothorn, M
|poke|p1|Latios, M
|poke|p1|Gardevoir, M
|poke|p1|Crawdaunt, F
|poke|p1|Rotom-Heat
|poke|p2|Cresselia, F
|poke|p2|Doublade, F
|poke|p2|Charizard, M
|poke|p2|Amoonguss, F
|poke|p2|Skarmory, M
|poke|p2|Azumarill, F
|rule|Swagger Clause: Swagger is banned
|rule|Baton Pass Clause: Limit one PokÃ©mon knowing Baton Pass
|rule|Sleep Clause Mod: Limit one foe put to sleep
|rule|Species Clause: Limit one of each PokÃ©mon
|rule|OHKO Clause: OHKO moves are banned
|rule|Moody Clause: Moody is banned
|rule|Evasion Moves Clause: Evasion moves are banned
|rule|Endless Battle Clause: Forcing endless battles is banned
|rule|HP Percentage Mod: HP is shown in percentages
|teampreview
|c|âLost in thoughts|oh dios
|c|âLost in thoughts|stall no
|c|âLost in thoughts|D:
|c|âDrina Auguste|Stall dÃ³nde?? (?)
|c|âLost in thoughts|Voy a intentar jugar mejor
|c|âLost in thoughts|u.u
|
|start
|switch|p1a: Rotom-Heat|Rotom-Heat|304\/304
|switch|p2a: Charizard|Charizard, M|359\/359
|turn|1
|
|detailschange|p2a: Charizard|Charizard-Mega-X, M
|message|Charizard has Mega Evolved into Mega Charizard!
|move|p2a: Charizard|Dragon Claw|p1a: Rotom-Heat
|-crit|p1a: Rotom-Heat
|-damage|p1a: Rotom-Heat|145\/304
|move|p1a: Rotom-Heat|Volt Switch|p2a: Charizard
|-resisted|p2a: Charizard
|-damage|p2a: Charizard|317\/359
|c|âDrina Auguste|zorry
|
|switch|p1a: Gardevoir|Gardevoir, M|277\/277
|-ability|p1a: Gardevoir|Tough Claws|[from] ability: Trace|[of] p2a: Charizard
|
|turn|2
|
|switch|p1a: Landorus-Therian|Landorus-Therian, M|320\/320
|-ability|p1a: Landorus-Therian|Intimidate|[of] p2a: Charizard
|-unboost|p2a: Charizard|atk|1
|switch|p2a: Doublade|Doublade, F|321\/321
|
|turn|3
|
|switch|p2a: Azumarill|Azumarill, F|403\/403
|move|p1a: Landorus-Therian|Knock Off|p2a: Azumarill
|-resisted|p2a: Azumarill
|-damage|p2a: Azumarill|354\/403
|-enditem|p2a: Azumarill|Leftovers|[from] move: Knock Off|[of] p1a: Landorus-Therian
|
|turn|4
|
|switch|p1a: Ferrothorn|Ferrothorn, M|352\/352
|move|p2a: Azumarill|Scald|p1a: Ferrothorn
|-resisted|p1a: Ferrothorn
|-damage|p1a: Ferrothorn|331\/352
|
|-heal|p1a: Ferrothorn|352\/352|[from] item: Leftovers
|turn|5
|c|âLost in thoughts|oh
|
|switch|p1a: Latios|Latios, M|302\/302
|move|p2a: Azumarill|Scald|p1a: Latios
|-resisted|p1a: Latios
|-damage|p1a: Latios|271\/302
|-status|p1a: Latios|brn
|
|-damage|p1a: Latios|234\/302 brn|[from] brn
|turn|6
|
|switch|p2a: Cresselia|Cresselia, F|443\/443
|move|p1a: Latios|Psyshock|p2a: Cresselia
|-resisted|p2a: Cresselia
|-damage|p2a: Cresselia|369\/443
|-damage|p1a: Latios|204\/302 brn|[from] item: Life Orb
|
|-heal|p2a: Cresselia|396\/443|[from] item: Leftovers
|-damage|p1a: Latios|167\/302 brn|[from] brn
|turn|7
|
|switch|p1a: Crawdaunt|Crawdaunt, F|268\/268
|switch|p2a: Charizard|Charizard-Mega-X, M|317\/359
|
|turn|8
|
|switch|p1a: Latios|Latios, M|167\/302 brn
|move|p2a: Charizard|Will-O-Wisp|p1a: Latios
|-fail|p1a: Latios|brn
|
|-damage|p1a: Latios|130\/302 brn|[from] brn
|turn|9
|
|switch|p2a: Azumarill|Azumarill, F|354\/403
|move|p1a: Latios|Roost|p1a: Latios
|-heal|p1a: Latios|281\/302 brn
|
|-damage|p1a: Latios|244\/302 brn|[from] brn
|turn|10
|
|switch|p1a: Gardevoir|Gardevoir, M|277\/277
|-ability|p1a: Gardevoir|Sap Sipper|[from] ability: Trace|[of] p2a: Azumarill
|switch|p2a: Cresselia|Cresselia, F|396\/443
|
|-heal|p2a: Cresselia|423\/443|[from] item: Leftovers
|turn|11
|
|switch|p1a: Crawdaunt|Crawdaunt, F|268\/268
|move|p2a: Cresselia|Psyshock|p1a: Crawdaunt
|-immune|p1a: Crawdaunt|[msg]
|
|-heal|p2a: Cresselia|443\/443|[from] item: Leftovers
|turn|12
|
|switch|p2a: Azumarill|Azumarill, F|354\/403
|move|p1a: Crawdaunt|Crabhammer|p2a: Azumarill
|-crit|p2a: Azumarill
|-resisted|p2a: Azumarill
|-damage|p2a: Azumarill|130\/403
|
|turn|13
|c|âLost in thoughts|sorry
|
|switch|p1a: Gardevoir|Gardevoir, M|277\/277
|-ability|p1a: Gardevoir|Sap Sipper|[from] ability: Trace|[of] p2a: Azumarill
|switch|p2a: Skarmory|Skarmory, M|329\/329
|
|turn|14
|
|switch|p2a: Doublade|Doublade, F|321\/321
|detailschange|p1a: Gardevoir|Gardevoir-Mega, M
|message|Gardevoir has Mega Evolved into Mega Gardevoir!
|move|p1a: Gardevoir|Taunt|p2a: Doublade
|-start|p2a: Doublade|move: Taunt
|
|turn|15
|
|switch|p1a: Rotom-Heat|Rotom-Heat|145\/304
|switch|p2a: Azumarill|Azumarill, F|130\/403
|
|-heal|p1a: Rotom-Heat|164\/304|[from] item: Leftovers
|turn|16
|
|switch|p2a: Charizard|Charizard-Mega-X, M|317\/359
|move|p1a: Rotom-Heat|Volt Switch|p2a: Charizard
|-resisted|p2a: Charizard
|-damage|p2a: Charizard|275\/359
|
|switch|p1a: Landorus-Therian|Landorus-Therian, M|320\/320
|-ability|p1a: Landorus-Therian|Intimidate|[of] p2a: Charizard
|-unboost|p2a: Charizard|atk|1
|
|turn|17
|
|move|p1a: Landorus-Therian|U-turn|p2a: Charizard
|-resisted|p2a: Charizard
|-damage|p2a: Charizard|236\/359
|
|switch|p1a: Gardevoir|Gardevoir-Mega, M|277\/277
|move|p2a: Charizard|Dragon Claw|p1a: Gardevoir
|-immune|p1a: Gardevoir|[msg]
|
|turn|18
|
|switch|p1a: Landorus-Therian|Landorus-Therian, M|320\/320
|-ability|p1a: Landorus-Therian|Intimidate|[of] p2a: Charizard
|-unboost|p2a: Charizard|atk|1
|switch|p2a: Doublade|Doublade, F|321\/321
|
|turn|19
|
|switch|p2a: Skarmory|Skarmory, M|329\/329
|move|p1a: Landorus-Therian|Knock Off|p2a: Skarmory
|-crit|p2a: Skarmory
|-damage|p2a: Skarmory|225\/329
|-enditem|p2a: Skarmory|Shed Shell|[from] move: Knock Off|[of] p1a: Landorus-Therian
|
|turn|20
|
|switch|p1a: Rotom-Heat|Rotom-Heat|164\/304
|move|p2a: Skarmory|Stealth Rock|p1a: Rotom-Heat
|-sidestart|p1: Lost in thoughts|move: Stealth Rock
|
|-heal|p1a: Rotom-Heat|183\/304|[from] item: Leftovers
|turn|21
|
|switch|p2a: Cresselia|Cresselia, F|443\/443
|move|p1a: Rotom-Heat|Volt Switch|p2a: Cresselia
|-damage|p2a: Cresselia|391\/443
|
|switch|p1a: Crawdaunt|Crawdaunt, F|268\/268
|-damage|p1a: Crawdaunt|235\/268|[from] Stealth Rock
|
|-heal|p2a: Cresselia|418\/443|[from] item: Leftovers
|turn|22
|
|move|p2a: Cresselia|Toxic|p1a: Crawdaunt
|-status|p1a: Crawdaunt|tox
|move|p1a: Crawdaunt|Crabhammer|p2a: Cresselia
|-damage|p2a: Cresselia|112\/443
|
|-heal|p2a: Cresselia|139\/443|[from] item: Leftovers
|-damage|p1a: Crawdaunt|219\/268 tox|[from] psn
|turn|23
|
|switch|p1a: Latios|Latios, M|244\/302 brn
|-damage|p1a: Latios|207\/302 brn|[from] Stealth Rock
|move|p2a: Cresselia|Moonlight|p2a: Cresselia
|-heal|p2a: Cresselia|360\/443
|
|-heal|p2a: Cresselia|387\/443|[from] item: Leftovers
|-damage|p1a: Latios|170\/302 brn|[from] brn
|turn|24
|
|switch|p2a: Skarmory|Skarmory, M|225\/329
|move|p1a: Latios|Defog|p2a: Skarmory
|-unboost|p2a: Skarmory|evasion|1
|-sideend|p1: Lost in thoughts|Stealth Rock|[from] move: Defog|[of] p1a: Latios
|
|-damage|p1a: Latios|133\/302 brn|[from] brn
|turn|25
|
|move|p1a: Latios|Roost|p1a: Latios
|-heal|p1a: Latios|284\/302 brn
|move|p2a: Skarmory|Roost|p2a: Skarmory
|-heal|p2a: Skarmory|329\/329
|
|-damage|p1a: Latios|247\/302 brn|[from] brn
|turn|26
|
|switch|p1a: Rotom-Heat|Rotom-Heat|183\/304
|move|p2a: Skarmory|Stealth Rock|p1a: Rotom-Heat
|-sidestart|p1: Lost in thoughts|move: Stealth Rock
|
|-heal|p1a: Rotom-Heat|202\/304|[from] item: Leftovers
|turn|27
|
|switch|p2a: Charizard|Charizard-Mega-X, M|236\/359
|move|p1a: Rotom-Heat|Volt Switch|p2a: Charizard
|-resisted|p2a: Charizard
|-damage|p2a: Charizard|194\/359
|
|switch|p1a: Landorus-Therian|Landorus-Therian, M|320\/320
|-damage|p1a: Landorus-Therian|280\/320|[from] Stealth Rock
|-ability|p1a: Landorus-Therian|Intimidate|[of] p2a: Charizard
|-unboost|p2a: Charizard|atk|1
|
|turn|28
|
|switch|p2a: Skarmory|Skarmory, M|329\/329
|move|p1a: Landorus-Therian|U-turn|p2a: Skarmory
|-resisted|p2a: Skarmory
|-damage|p2a: Skarmory|317\/329
|
|switch|p1a: Ferrothorn|Ferrothorn, M|352\/352
|-damage|p1a: Ferrothorn|330\/352|[from] Stealth Rock
|
|-heal|p1a: Ferrothorn|352\/352|[from] item: Leftovers
|turn|29
|
|switch|p2a: Charizard|Charizard-Mega-X, M|194\/359
|move|p1a: Ferrothorn|Stealth Rock|p2a: Charizard
|-sidestart|p2: Drina Auguste|move: Stealth Rock
|
|turn|30
|
|switch|p1a: Landorus-Therian|Landorus-Therian, M|280\/320
|-damage|p1a: Landorus-Therian|240\/320|[from] Stealth Rock
|-ability|p1a: Landorus-Therian|Intimidate|[of] p2a: Charizard
|-unboost|p2a: Charizard|atk|1
|move|p2a: Charizard|Roost|p2a: Charizard
|-heal|p2a: Charizard|359\/359
|
|turn|31
|
|switch|p2a: Skarmory|Skarmory, M|317\/329
|-damage|p2a: Skarmory|276\/329|[from] Stealth Rock
|move|p1a: Landorus-Therian|Earthquake|p2a: Skarmory
|-immune|p2a: Skarmory|[msg]
|
|turn|32
|
|switch|p2a: Charizard|Charizard-Mega-X, M|359\/359
|-damage|p2a: Charizard|270\/359|[from] Stealth Rock
|move|p1a: Landorus-Therian|Earthquake|p2a: Charizard
|-supereffective|p2a: Charizard
|-damage|p2a: Charizard|0 fnt
|faint|p2a: Charizard
|
|
|switch|p2a: Skarmory|Skarmory, M|276\/329
|-damage|p2a: Skarmory|235\/329|[from] Stealth Rock
|turn|33
|c|âLost in thoughts|aw
|c|âLost in thoughts|me saliÃ³ :')
|c|âDrina Auguste|missclick, cierto? (?)
|
|switch|p1a: Rotom-Heat|Rotom-Heat|202\/304
|-damage|p1a: Rotom-Heat|126\/304|[from] Stealth Rock
|switch|p2a: Cresselia|Cresselia, F|387\/443
|-damage|p2a: Cresselia|332\/443|[from] Stealth Rock
|
|-heal|p2a: Cresselia|359\/443|[from] item: Leftovers
|-heal|p1a: Rotom-Heat|145\/304|[from] item: Leftovers
|turn|34
|c|âLost in thoughts|:(
|c|âLost in thoughts|jaja
|
|move|p2a: Cresselia|Toxic|p1a: Rotom-Heat
|-status|p1a: Rotom-Heat|tox
|move|p1a: Rotom-Heat|Pain Split|p2a: Cresselia
|-sethp|p2a: Cresselia|252\/443|p1a: Rotom-Heat|252\/304 tox|[from] move: Pain Split
|
|-heal|p2a: Cresselia|279\/443|[from] item: Leftovers
|-heal|p1a: Rotom-Heat|271\/304 tox|[from] item: Leftovers
|-damage|p1a: Rotom-Heat|252\/304 tox|[from] psn
|turn|35
|
|move|p2a: Cresselia|Psyshock|p1a: Rotom-Heat
|-damage|p1a: Rotom-Heat|203\/304 tox
|move|p1a: Rotom-Heat|Volt Switch|p2a: Cresselia
|-damage|p2a: Cresselia|224\/443
|
|switch|p1a: Crawdaunt|Crawdaunt, F|219\/268 tox
|-damage|p1a: Crawdaunt|186\/268 tox|[from] Stealth Rock
|
|-heal|p2a: Cresselia|251\/443|[from] item: Leftovers
|-damage|p1a: Crawdaunt|170\/268 tox|[from] psn
|turn|36
|
|move|p2a: Cresselia|Moonlight|p2a: Cresselia
|-heal|p2a: Cresselia|443\/443
|move|p1a: Crawdaunt|Knock Off|p2a: Cresselia
|-supereffective|p2a: Cresselia
|-damage|p2a: Cresselia|0 fnt
|-enditem|p2a: Cresselia|Leftovers|[from] move: Knock Off|[of] p1a: Crawdaunt
|faint|p2a: Cresselia
|
|-damage|p1a: Crawdaunt|138\/268 tox|[from] psn
|
|switch|p2a: Skarmory|Skarmory, M|235\/329
|-damage|p2a: Skarmory|194\/329|[from] Stealth Rock
|turn|37
|
|move|p1a: Crawdaunt|Knock Off|p2a: Skarmory
|-damage|p2a: Skarmory|68\/329
|move|p2a: Skarmory|Roost|p2a: Skarmory
|-heal|p2a: Skarmory|233\/329
|
|-damage|p1a: Crawdaunt|90\/268 tox|[from] psn
|turn|38
|c|âLost in thoughts|ah
|c|âLost in thoughts|me olvidÃ©
|c|âLost in thoughts|xD
|c|âLost in thoughts|pensÃ© que llevaba la caracola esa
|c|âLost in thoughts|y por eso no recuperaba con leftovers
|c|âDrina Auguste|Se la quitaste ya xD
|c|âLost in thoughts|ah que ademÃ¡s la llevaba?
|c|âDrina Auguste|Claro lol
|c|âDrina Auguste|QuÃ© iba a llevar si no? XD
|c|âLost in thoughts|bien, deberÃ­a fijarme mÃ¡s
|
|switch|p1a: Ferrothorn|Ferrothorn, M|352\/352
|-damage|p1a: Ferrothorn|330\/352|[from] Stealth Rock
|move|p2a: Skarmory|Roost|p2a: Skarmory
|-heal|p2a: Skarmory|329\/329
|
|-heal|p1a: Ferrothorn|352\/352|[from] item: Leftovers
|turn|39
|
|switch|p2a: Azumarill|Azumarill, F|130\/403
|-damage|p2a: Azumarill|80\/403|[from] Stealth Rock
|move|p1a: Ferrothorn|Leech Seed|p2a: Azumarill
|-boost|p2a: Azumarill|atk|1|[from] ability: Sap Sipper
|
|turn|40
|
|move|p2a: Azumarill|Scald|p1a: Ferrothorn
|-resisted|p1a: Ferrothorn
|-damage|p1a: Ferrothorn|330\/352
|-status|p1a: Ferrothorn|brn
|move|p1a: Ferrothorn|Gyro Ball|p2a: Azumarill
|-damage|p2a: Azumarill|38\/403
|
|-heal|p1a: Ferrothorn|352\/352 brn|[from] item: Leftovers
|-damage|p1a: Ferrothorn|308\/352 brn|[from] brn
|turn|41
|c|âDrina Auguste|zorry que me va la conex de aquella manera
|
|move|p2a: Azumarill|Protect|p2a: Azumarill
|-singleturn|p2a: Azumarill|Protect
|move|p1a: Ferrothorn|Gyro Ball|p2a: Azumarill
|-activate|p2a: Azumarill|Protect
|
|-heal|p1a: Ferrothorn|330\/352 brn|[from] item: Leftovers
|-damage|p1a: Ferrothorn|286\/352 brn|[from] brn
|turn|42
|
|move|p2a: Azumarill|Scald|p1a: Ferrothorn
|-resisted|p1a: Ferrothorn
|-damage|p1a: Ferrothorn|262\/352 brn
|move|p1a: Ferrothorn|Gyro Ball|p2a: Azumarill
|-damage|p2a: Azumarill|0 fnt
|faint|p2a: Azumarill
|
|-heal|p1a: Ferrothorn|284\/352 brn|[from] item: Leftovers
|-damage|p1a: Ferrothorn|240\/352 brn|[from] brn
|
|switch|p2a: Amoonguss|Amoonguss, F|431\/431
|-damage|p2a: Amoonguss|378\/431|[from] Stealth Rock
|turn|43
|
|switch|p1a: Latios|Latios, M|247\/302 brn
|-damage|p1a: Latios|210\/302 brn|[from] Stealth Rock
|move|p2a: Amoonguss|Hidden Power|p1a: Latios
|-resisted|p1a: Latios
|-damage|p1a: Latios|189\/302 brn
|
|-heal|p2a: Amoonguss|404\/431|[from] item: Leftovers
|-damage|p1a: Latios|152\/302 brn|[from] brn
|turn|44
|
|switch|p2a: Doublade|Doublade, F|321\/321
|-damage|p2a: Doublade|301\/321|[from] Stealth Rock
|move|p1a: Latios|Defog|p2a: Doublade
|-unboost|p2a: Doublade|evasion|1
|-sideend|p2: Drina Auguste|Stealth Rock|[from] move: Defog|[of] p2a: Doublade
|-sideend|p1: Lost in thoughts|Stealth Rock|[from] move: Defog|[of] p1a: Latios
|
|-damage|p1a: Latios|115\/302 brn|[from] brn
|turn|45
|
|switch|p1a: Landorus-Therian|Landorus-Therian, M|240\/320
|-ability|p1a: Landorus-Therian|Intimidate|[of] p2a: Doublade
|-unboost|p2a: Doublade|atk|1
|move|p2a: Doublade|Toxic|p1a: Landorus-Therian
|-status|p1a: Landorus-Therian|tox
|
|-damage|p1a: Landorus-Therian|220\/320 tox|[from] psn
|turn|46
|
|move|p2a: Doublade|Shadow Sneak|p1a: Landorus-Therian
|-damage|p1a: Landorus-Therian|181\/320 tox
|move|p1a: Landorus-Therian|Earthquake|p2a: Doublade
|-supereffective|p2a: Doublade
|-damage|p2a: Doublade|109\/321
|
|-damage|p1a: Landorus-Therian|141\/320 tox|[from] psn
|turn|47
|
|switch|p2a: Amoonguss|Amoonguss, F|431\/431
|move|p1a: Landorus-Therian|Earthquake|p2a: Amoonguss
|-damage|p2a: Amoonguss|266\/431
|
|-heal|p2a: Amoonguss|292\/431|[from] item: Leftovers
|-damage|p1a: Landorus-Therian|81\/320 tox|[from] psn
|turn|48
|
|switch|p2a: Skarmory|Skarmory, M|329\/329
|move|p1a: Landorus-Therian|Earthquake|p2a: Skarmory
|-immune|p2a: Skarmory|[msg]
|
|-damage|p1a: Landorus-Therian|1\/320 tox|[from] psn
|turn|49
|
|switch|p1a: Rotom-Heat|Rotom-Heat|203\/304 tox
|move|p2a: Skarmory|Stealth Rock|p1a: Rotom-Heat
|-sidestart|p1: Lost in thoughts|move: Stealth Rock
|
|-heal|p1a: Rotom-Heat|222\/304 tox|[from] item: Leftovers
|-damage|p1a: Rotom-Heat|203\/304 tox|[from] psn
|turn|50
|
|switch|p2a: Amoonguss|Amoonguss, F|431\/431
|move|p1a: Rotom-Heat|Will-O-Wisp|p2a: Amoonguss
|-status|p2a: Amoonguss|brn
|
|-heal|p1a: Rotom-Heat|222\/304 tox|[from] item: Leftovers
|-damage|p1a: Rotom-Heat|184\/304 tox|[from] psn
|-damage|p2a: Amoonguss|378\/431 brn|[from] brn
|turn|51
|
|move|p1a: Rotom-Heat|Pain Split|p2a: Amoonguss
|-sethp|p2a: Amoonguss|281\/431 brn|p1a: Rotom-Heat|281\/304 tox|[from] move: Pain Split
|move|p2a: Amoonguss|Clear Smog|p1a: Rotom-Heat
|-damage|p1a: Rotom-Heat|226\/304 tox
|-clearboost|p1a: Rotom-Heat
|
|-heal|p1a: Rotom-Heat|245\/304 tox|[from] item: Leftovers
|-heal|p2a: Amoonguss|307\/431 brn|[from] item: Leftovers
|-damage|p1a: Rotom-Heat|188\/304 tox|[from] psn
|-damage|p2a: Amoonguss|254\/431 brn|[from] brn
|turn|52
|
|switch|p2a: Skarmory|Skarmory, M|329\/329
|move|p1a: Rotom-Heat|Overheat|p2a: Skarmory
|-supereffective|p2a: Skarmory
|-activate|p2a: Skarmory|Sturdy
|-damage|p2a: Skarmory|1\/329
|-unboost|p1a: Rotom-Heat|spa|2
|
|-heal|p1a: Rotom-Heat|207\/304 tox|[from] item: Leftovers
|-damage|p1a: Rotom-Heat|131\/304 tox|[from] psn
|turn|53
|
|switch|p2a: Amoonguss|Amoonguss, F|397\/431 brn
|move|p1a: Rotom-Heat|Volt Switch|p2a: Amoonguss
|-resisted|p2a: Amoonguss
|-damage|p2a: Amoonguss|372\/431 brn
|
|switch|p1a: Gardevoir|Gardevoir-Mega, M|277\/277
|-damage|p1a: Gardevoir|243\/277|[from] Stealth Rock
|
|-heal|p2a: Amoonguss|398\/431 brn|[from] item: Leftovers
|-damage|p2a: Amoonguss|345\/431 brn|[from] brn
|turn|54
|
|switch|p2a: Skarmory|Skarmory, M|1\/329
|move|p1a: Gardevoir|Psyshock|p2a: Skarmory
|-resisted|p2a: Skarmory
|-damage|p2a: Skarmory|0 fnt
|faint|p2a: Skarmory
|
|
|switch|p2a: Doublade|Doublade, F|109\/321
|turn|55
|
|move|p1a: Gardevoir|Taunt|p2a: Doublade
|-start|p2a: Doublade|move: Taunt
|move|p2a: Doublade|Gyro Ball|p1a: Gardevoir
|-supereffective|p1a: Gardevoir
|-damage|p1a: Gardevoir|0 fnt
|faint|p1a: Gardevoir
|
|c|âLost in thoughts|oh vaya
|
|switch|p1a: Crawdaunt|Crawdaunt, F|90\/268 tox
|-damage|p1a: Crawdaunt|57\/268 tox|[from] Stealth Rock
|turn|56
|
|switch|p2a: Amoonguss|Amoonguss, F|431\/431 brn
|move|p1a: Crawdaunt|Knock Off|p2a: Amoonguss
|-damage|p2a: Amoonguss|101\/431 brn
|-enditem|p2a: Amoonguss|Leftovers|[from] move: Knock Off|[of] p1a: Crawdaunt
|
|-damage|p1a: Crawdaunt|41\/268 tox|[from] psn
|-damage|p2a: Amoonguss|48\/431 brn|[from] brn
|turn|57
|
|move|p1a: Crawdaunt|Knock Off|p2a: Amoonguss
|-damage|p2a: Amoonguss|0 fnt
|faint|p2a: Amoonguss
|
|-damage|p1a: Crawdaunt|9\/268 tox|[from] psn
|
|switch|p2a: Doublade|Doublade, F|109\/321
|turn|58
|
|move|p2a: Doublade|Shadow Sneak|p1a: Crawdaunt
|-resisted|p1a: Crawdaunt
|-damage|p1a: Crawdaunt|0 fnt
|faint|p1a: Crawdaunt
|
|c|âDrina Auguste|Venga Doublade, tÃº puedes!
|c|âDrina Auguste|okno
|c|âLost in thoughts|pues sÃ­, Ã©l puede
|c|âLost in thoughts|lol
|
|switch|p1a: Rotom-Heat|Rotom-Heat|131\/304 tox
|-damage|p1a: Rotom-Heat|55\/304 tox|[from] Stealth Rock
|turn|59
|c|âDrina Auguste|nop al rotom no lo mata ni de flais
|
|move|p2a: Doublade|Shadow Sneak|p1a: Rotom-Heat
|-damage|p1a: Rotom-Heat|21\/304 tox
|move|p1a: Rotom-Heat|Overheat|p2a: Doublade
|-supereffective|p2a: Doublade
|-damage|p2a: Doublade|0 fnt
|-unboost|p1a: Rotom-Heat|spa|2
|faint|p2a: Doublade
|
|win|Lost in thoughts
|c|âLost in thoughts|meno mah
|c|âDrina Auguste|jas, tenÃ­as que fallar
|c|âDrina Auguste|gg
|c|âLost in thoughts|habrÃ­a sido cachondÃ­simo
|c|âLost in thoughts|xD