|join|Drina Auguste
|join|lil manaphy
|player|p1|Drina Auguste|283
|player|p2|lil manaphy|260
|gametype|singles
|gen|6
|tier|OU
|rated
|clearpoke
|poke|p1|Politoed, M
|poke|p1|Ludicolo, M
|poke|p1|Zapdos
|poke|p1|Scizor, M
|poke|p1|Kabutops, M
|poke|p1|Keldeo
|poke|p2|Gardevoir, F, shiny
|poke|p2|Mandibuzz, F
|poke|p2|Amoonguss, F
|poke|p2|Keldeo
|poke|p2|Chansey, F
|poke|p2|Landorus-Therian, M
|rule|Sleep Clause Mod: Limit one foe put to sleep
|rule|Species Clause: Limit one of each Pokemon
|rule|OHKO Clause: OHKO moves are banned
|rule|Moody Clause: Moody is banned
|rule|Evasion Moves Clause: Evasion moves are banned
|rule|Endless Battle Clause: Forcing endless battles is banned.
|rule|HP Percentage Mod: HP is reported as percentages
|teampreview
|chat|lil manaphy|pls tell me
|join|BHARATH_THEBEST
|chat|lil manaphy|where all these rain teams
|chat|lil manaphy|are coming from
|
|start
|switch|p1a: Politoed|Politoed, M|384\/384
|switch|p2a: Misty day|Gardevoir, F, shiny|277\/277
|-ability|p2a: Misty day|Drizzle|[from] ability: Trace|[of] p1a: Politoed
|-weather|RainDance
|turn|1
|
|switch|p1a: Scizor|Scizor, M|344\/344
|detailschange|p2a: Misty day|Gardevoir-Mega, F, shiny
|message|Gardevoir has Mega Evolved into Mega Gardevoir!
|move|p2a: Misty day|Hyper Voice|p1a: Scizor
|-resisted|p1a: Scizor
|-damage|p1a: Scizor|221\/344
|
|-weather|RainDance|[upkeep]
|turn|2
|
|switch|p2a: Landorus-Therian|Landorus-Therian, M|382\/382
|-ability|p2a: Landorus-Therian|Intimidate|[of] p1a: Scizor
|-unboost|p1a: Scizor|atk|1
|detailschange|p1a: Scizor|Scizor-Mega, M
|message|Scizor has Mega Evolved into Mega Scizor!
|move|p1a: Scizor|U-turn|p2a: Landorus-Therian
|-resisted|p2a: Landorus-Therian
|-damage|p2a: Landorus-Therian|346\/382
|
|switch|p1a: Kabutops|Kabutops, M|262\/262
|
|-weather|RainDance|[upkeep]
|-heal|p2a: Landorus-Therian|369\/382|[from] item: Leftovers
|turn|3
|
|switch|p2a: Zoe|Amoonguss, F|432\/432
|move|p1a: Kabutops|Waterfall|p2a: Zoe
|-resisted|p2a: Zoe
|-damage|p2a: Zoe|310\/432
|-damage|p1a: Kabutops|236\/262|[from] item: Life Orb
|
|-weather|RainDance|[upkeep]
|-heal|p2a: Zoe|337\/432|[from] item: Black Sludge
|turn|4
|
|switch|p1a: Ludicolo|Ludicolo, M|302\/302
|move|p2a: Zoe|Giga Drain|p1a: Ludicolo
|-damage|p1a: Ludicolo|223\/302
|-heal|p2a: Zoe|377\/432|[from] drain|[of] p1a: Ludicolo
|
|-weather|RainDance|[upkeep]
|-heal|p2a: Zoe|404\/432|[from] item: Black Sludge
|turn|5
|chat|BHARATH_THEBEST|how is landoras t so bulky
|
|switch|p1a: Keldeo|Keldeo|322\/322
|switch|p2a: Chansey|Chansey, F|704\/704
|
|-weather|none
|turn|6
|
|switch|p2a: Zoe|Amoonguss, F|432\/432
|move|p1a: Keldeo|Hidden Power|p2a: Zoe
|-supereffective|p2a: Zoe
|-damage|p2a: Zoe|182\/432
|
|-heal|p2a: Zoe|209\/432|[from] item: Black Sludge
|turn|7
|
|switch|p1a: Politoed|Politoed, M|384\/384
|-weather|RainDance
|switch|p2a: Chansey|Chansey, F|704\/704
|
|-weather|RainDance|[upkeep]
|turn|8
|
|move|p1a: Politoed|Hypnosis|p2a: Chansey
|-status|p2a: Chansey|slp
|cant|p2a: Chansey|slp
|
|-weather|RainDance|[upkeep]
|turn|9
|
|switch|p1a: Keldeo|Keldeo|322\/322
|switch|p2a: Keldeo|Keldeo|323\/323
|
|-weather|RainDance|[upkeep]
|turn|10
|chat|BHARATH_THEBEST|he is predicting like shit
|
|switch|p2a: Laveau|Mandibuzz, F|424\/424
|move|p1a: Keldeo|Secret Sword|p2a: Laveau
|-damage|p2a: Laveau|262\/424
|
|-weather|RainDance|[upkeep]
|-heal|p2a: Laveau|288\/424|[from] item: Leftovers
|turn|11
|chat|BHARATH_THEBEST|awesome
|
|switch|p1a: Zapdos|Zapdos|384\/384
|-ability|p1a: Zapdos|Pressure
|move|p2a: Laveau|Foul Play|p1a: Zapdos
|-damage|p1a: Zapdos|293\/384
|
|-weather|RainDance|[upkeep]
|-heal|p2a: Laveau|314\/424|[from] item: Leftovers
|turn|12
|
|switch|p1a: Keldeo|Keldeo|322\/322
|switch|p2a: Landorus-Therian|Landorus-Therian, M|369\/382
|-ability|p2a: Landorus-Therian|Intimidate|[of] p1a: Keldeo
|-unboost|p1a: Keldeo|atk|1
|
|-weather|RainDance|[upkeep]
|-heal|p2a: Landorus-Therian|382\/382|[from] item: Leftovers
|turn|13
|
|switch|p2a: Laveau|Mandibuzz, F|314\/424
|move|p1a: Keldeo|Secret Sword|p2a: Laveau
|-damage|p2a: Laveau|142\/424
|
|-weather|RainDance|[upkeep]
|-heal|p2a: Laveau|168\/424|[from] item: Leftovers
|turn|14
|
|switch|p2a: Landorus-Therian|Landorus-Therian, M|382\/382
|-ability|p2a: Landorus-Therian|Intimidate|[of] p1a: Keldeo
|-unboost|p1a: Keldeo|atk|1
|move|p1a: Keldeo|Secret Sword|p2a: Landorus-Therian
|-resisted|p2a: Landorus-Therian
|-damage|p2a: Landorus-Therian|294\/382
|
|-weather|none
|-heal|p2a: Landorus-Therian|317\/382|[from] item: Leftovers
|turn|15
|
|switch|p1a: Scizor|Scizor-Mega, M|221\/344
|move|p2a: Landorus-Therian|U-turn|p1a: Scizor
|-resisted|p1a: Scizor
|-damage|p1a: Scizor|195\/344
|
|switch|p2a: Keldeo|Keldeo|323\/323
|
|turn|16
|
|switch|p1a: Politoed|Politoed, M|384\/384
|-weather|RainDance
|move|p2a: Keldeo|Scald|p1a: Politoed
|-resisted|p1a: Politoed
|-damage|p1a: Politoed|282\/384
|
|-weather|RainDance|[upkeep]
|turn|17
|
|move|p2a: Keldeo|Substitute|p2a: Keldeo
|-start|p2a: Keldeo|Substitute
|-damage|p2a: Keldeo|243\/323
|move|p1a: Politoed|Hypnosis|p2a: Keldeo|[miss]
|-miss|p1a: Politoed|p2a: Keldeo
|
|-weather|RainDance|[upkeep]
|-heal|p2a: Keldeo|263\/323|[from] item: Leftovers
|turn|18
|
|move|p2a: Keldeo|Secret Sword|p1a: Politoed
|-damage|p1a: Politoed|141\/384
|move|p1a: Politoed|Encore|p2a: Keldeo
|-start|p2a: Keldeo|Encore
|
|-weather|RainDance|[upkeep]
|-heal|p2a: Keldeo|283\/323|[from] item: Leftovers
|turn|19
|
|switch|p1a: Zapdos|Zapdos|293\/384
|-ability|p1a: Zapdos|Pressure
|move|p2a: Keldeo|Secret Sword|p1a: Zapdos
|-resisted|p1a: Zapdos
|-damage|p1a: Zapdos|215\/384
|
|-weather|RainDance|[upkeep]
|-heal|p2a: Keldeo|303\/323|[from] item: Leftovers
|turn|20
|
|move|p2a: Keldeo|Secret Sword|p1a: Zapdos
|-resisted|p1a: Zapdos
|-damage|p1a: Zapdos|140\/384
|move|p1a: Zapdos|Thunder|p2a: Keldeo
|-supereffective|p2a: Keldeo
|-end|p2a: Keldeo|Substitute
|
|-weather|RainDance|[upkeep]
|-heal|p2a: Keldeo|323\/323|[from] item: Leftovers
|turn|21
|
|switch|p2a: Landorus-Therian|Landorus-Therian, M|317\/382
|-ability|p2a: Landorus-Therian|Intimidate|[of] p1a: Zapdos
|-unboost|p1a: Zapdos|atk|1
|move|p1a: Zapdos|Roost|p1a: Zapdos
|-heal|p1a: Zapdos|332\/384
|
|-weather|RainDance|[upkeep]
|-heal|p2a: Landorus-Therian|340\/382|[from] item: Leftovers
|turn|22
|
|move|p1a: Zapdos|Hidden Power|p2a: Landorus-Therian
|-supereffective|p2a: Landorus-Therian
|-damage|p2a: Landorus-Therian|68\/382
|move|p2a: Landorus-Therian|U-turn|p1a: Zapdos
|-resisted|p1a: Zapdos
|-damage|p1a: Zapdos|293\/384
|
|switch|p2a: Misty day|Gardevoir-Mega, F, shiny|277\/277
|
|-weather|RainDance|[upkeep]
|turn|23
|chat|BHARATH_THEBEST|hp ice
|
|move|p2a: Misty day|Hyper Voice|p1a: Zapdos
|-damage|p1a: Zapdos|4\/384
|move|p1a: Zapdos|Thunder|p2a: Misty day
|-damage|p2a: Misty day|153\/277
|-status|p2a: Misty day|par
|
|-weather|none
|turn|24
|
|switch|p1a: Scizor|Scizor-Mega, M|195\/344
|move|p2a: Misty day|Taunt|p1a: Scizor
|-start|p1a: Scizor|move: Taunt
|
|turn|25
|
|switch|p2a: Keldeo|Keldeo|323\/323
|move|p1a: Scizor|Bullet Punch|p2a: Keldeo
|-resisted|p2a: Keldeo
|-damage|p2a: Keldeo|259\/323
|
|-heal|p2a: Keldeo|279\/323|[from] item: Leftovers
|turn|26
|chat|BHARATH_THEBEST|told u
|
|switch|p1a: Zapdos|Zapdos|4\/384
|-ability|p1a: Zapdos|Pressure
|move|p2a: Keldeo|Scald|p1a: Zapdos
|-damage|p1a: Zapdos|0 fnt
|faint|p1a: Zapdos
|
|-heal|p2a: Keldeo|299\/323|[from] item: Leftovers
|
|switch|p1a: Keldeo|Keldeo|322\/322
|turn|27
|
|switch|p2a: Landorus-Therian|Landorus-Therian, M|68\/382
|-ability|p2a: Landorus-Therian|Intimidate|[of] p1a: Keldeo
|-unboost|p1a: Keldeo|atk|1
|move|p1a: Keldeo|Hidden Power|p2a: Landorus-Therian
|-damage|p2a: Landorus-Therian|0 fnt
|faint|p2a: Landorus-Therian
|
|
|switch|p2a: Chansey|Chansey, F|704\/704
|turn|28
|
|switch|p1a: Scizor|Scizor-Mega, M|195\/344
|move|p2a: Chansey|Heal Bell|p2a: Chansey
|-cureteam|p2a: Chansey|[from] move: HealBell
|
|turn|29
|
|switch|p2a: Keldeo|Keldeo|299\/323
|move|p1a: Scizor|U-turn|p2a: Keldeo
|-resisted|p2a: Keldeo
|-damage|p2a: Keldeo|233\/323
|
|switch|p1a: Keldeo|Keldeo|322\/322
|
|-heal|p2a: Keldeo|253\/323|[from] item: Leftovers
|turn|30
|
|switch|p2a: Laveau|Mandibuzz, F|168\/424
|move|p1a: Keldeo|Secret Sword|p2a: Laveau
|-damage|p2a: Laveau|21\/424
|
|-heal|p2a: Laveau|47\/424|[from] item: Leftovers
|turn|31
|
|switch|p1a: Scizor|Scizor-Mega, M|195\/344
|switch|p2a: Zoe|Amoonguss, F|353\/432
|
|-heal|p2a: Zoe|380\/432|[from] item: Black Sludge
|turn|32
|
|move|p1a: Scizor|U-turn|p2a: Zoe
|-damage|p2a: Zoe|260\/432
|
|switch|p1a: Politoed|Politoed, M|141\/384
|-weather|RainDance
|move|p2a: Zoe|Spore|p1a: Politoed
|-status|p1a: Politoed|slp
|
|-weather|RainDance|[upkeep]
|-heal|p2a: Zoe|287\/432|[from] item: Black Sludge
|turn|33
|
|switch|p1a: Scizor|Scizor-Mega, M|195\/344
|switch|p2a: Misty day|Gardevoir-Mega, F, shiny|153\/277
|
|-weather|RainDance|[upkeep]
|turn|34
|
|switch|p2a: Laveau|Mandibuzz, F|47\/424
|move|p1a: Scizor|U-turn|p2a: Laveau
|-damage|p2a: Laveau|0 fnt
|faint|p2a: Laveau
|
|switch|p1a: Kabutops|Kabutops, M|236\/262
|
|-weather|RainDance|[upkeep]
|
|switch|p2a: Zoe|Amoonguss, F|431\/432
|turn|35
|chat|BHARATH_THEBEST|hey lil she has a streak of 46 wins and 4 loses
|
|switch|p1a: Scizor|Scizor-Mega, M|195\/344
|move|p2a: Zoe|Giga Drain|p1a: Scizor
|-resisted|p1a: Scizor
|-damage|p1a: Scizor|179\/344
|-heal|p2a: Zoe|432\/432|[from] drain|[of] p1a: Scizor
|
|-weather|RainDance|[upkeep]
|turn|36
|chat|BHARATH_THEBEST|rating = 1822
|
|move|p1a: Scizor|U-turn|p2a: Zoe
|-damage|p2a: Zoe|312\/432
|
|switch|p1a: Ludicolo|Ludicolo, M|223\/302
|move|p2a: Zoe|Hidden Power|p1a: Ludicolo
|-damage|p1a: Ludicolo|202\/302
|
|-weather|RainDance|[upkeep]
|-heal|p2a: Zoe|339\/432|[from] item: Black Sludge
|turn|37
|
|switch|p1a: Keldeo|Keldeo|322\/322
|switch|p2a: Chansey|Chansey, F|704\/704
|
|-weather|RainDance|[upkeep]
|turn|38
|
|move|p1a: Keldeo|Hidden Power|p2a: Chansey
|-damage|p2a: Chansey|637\/704
|move|p2a: Chansey|Soft-Boiled|p2a: Chansey
|-heal|p2a: Chansey|704\/704
|
|-weather|RainDance|[upkeep]
|turn|39
|
|switch|p1a: Scizor|Scizor-Mega, M|179\/344
|switch|p2a: Keldeo|Keldeo|253\/323
|
|-weather|none
|-heal|p2a: Keldeo|273\/323|[from] item: Leftovers
|turn|40
|
|switch|p1a: Ludicolo|Ludicolo, M|202\/302
|move|p2a: Keldeo|Scald|p1a: Ludicolo
|-resisted|p1a: Ludicolo
|-damage|p1a: Ludicolo|166\/302
|
|-heal|p2a: Keldeo|293\/323|[from] item: Leftovers
|turn|41
|
|move|p2a: Keldeo|Substitute|p2a: Keldeo
|-start|p2a: Keldeo|Substitute
|-damage|p2a: Keldeo|213\/323
|move|p1a: Ludicolo|Giga Drain|p2a: Keldeo
|-supereffective|p2a: Keldeo
|-end|p2a: Keldeo|Substitute
|-heal|p1a: Ludicolo|206\/302|[from] drain|[of] p2a: Keldeo
|-damage|p1a: Ludicolo|176\/302|[from] item: Life Orb
|
|-heal|p2a: Keldeo|233\/323|[from] item: Leftovers
|turn|42
|
|switch|p2a: Chansey|Chansey, F|704\/704
|switch|p1a: Keldeo|Keldeo|322\/322
|
|turn|43
|
|move|p1a: Keldeo|Hidden Power|p2a: Chansey
|-crit|p2a: Chansey
|-damage|p2a: Chansey|597\/704
|move|p2a: Chansey|Soft-Boiled|p2a: Chansey
|-heal|p2a: Chansey|704\/704
|
|turn|44
|
|switch|p1a: Scizor|Scizor-Mega, M|179\/344
|move|p2a: Chansey|Seismic Toss|p1a: Scizor
|-damage|p1a: Scizor|79\/344
|
|turn|45
|
|switch|p2a: Keldeo|Keldeo|233\/323
|move|p1a: Scizor|Roost|p1a: Scizor
|-heal|p1a: Scizor|251\/344
|
|-heal|p2a: Keldeo|253\/323|[from] item: Leftovers
|turn|46
|
|move|p2a: Keldeo|Secret Sword|p1a: Scizor
|-damage|p1a: Scizor|128\/344
|move|p1a: Scizor|U-turn|p2a: Keldeo
|-resisted|p2a: Keldeo
|-damage|p2a: Keldeo|178\/323
|
|switch|p1a: Keldeo|Keldeo|322\/322
|
|-heal|p2a: Keldeo|198\/323|[from] item: Leftovers
|turn|47
|
|switch|p2a: Zoe|Amoonguss, F|432\/432
|move|p1a: Keldeo|Secret Sword|p2a: Zoe
|-resisted|p2a: Zoe
|-damage|p2a: Zoe|335\/432
|
|-heal|p2a: Zoe|362\/432|[from] item: Black Sludge
|turn|48
|
|switch|p1a: Scizor|Scizor-Mega, M|128\/344
|move|p2a: Zoe|Hidden Power|p1a: Scizor
|-supereffective|p1a: Scizor
|-damage|p1a: Scizor|0 fnt
|faint|p1a: Scizor
|
|-heal|p2a: Zoe|389\/432|[from] item: Black Sludge
|
|switch|p1a: Keldeo|Keldeo|322\/322
|turn|49
|
|move|p1a: Keldeo|Secret Sword|p2a: Zoe
|-resisted|p2a: Zoe
|-damage|p2a: Zoe|296\/432
|move|p2a: Zoe|Giga Drain|p1a: Keldeo
|-supereffective|p1a: Keldeo
|-damage|p1a: Keldeo|160\/322
|-heal|p2a: Zoe|377\/432|[from] drain|[of] p1a: Keldeo
|
|-heal|p2a: Zoe|404\/432|[from] item: Black Sludge
|turn|50
|
|move|p1a: Keldeo|Secret Sword|p2a: Zoe
|-resisted|p2a: Zoe
|-damage|p2a: Zoe|301\/432
|move|p2a: Zoe|Clear Smog|p1a: Keldeo
|-damage|p1a: Keldeo|97\/322
|-clearboost|p1a: Keldeo
|
|-heal|p2a: Zoe|328\/432|[from] item: Black Sludge
|turn|51
|
|switch|p1a: Politoed|Politoed, M|141\/384 slp
|-weather|RainDance
|move|p2a: Zoe|Giga Drain|p1a: Politoed
|-supereffective|p1a: Politoed
|-damage|p1a: Politoed|0 fnt
|-heal|p2a: Zoe|399\/432|[from] drain|[of] p1a: Politoed
|faint|p1a: Politoed
|
|-weather|RainDance|[upkeep]
|-heal|p2a: Zoe|426\/432|[from] item: Black Sludge
|
|switch|p1a: Ludicolo|Ludicolo, M|176\/302
|turn|52
|
|switch|p2a: Chansey|Chansey, F|704\/704
|move|p1a: Ludicolo|Ice Beam|p2a: Chansey
|-damage|p2a: Chansey|630\/704
|-damage|p1a: Ludicolo|146\/302|[from] item: Life Orb
|
|-weather|RainDance|[upkeep]
|turn|53
|chat|BHARATH_THEBEST|u are actually going to win this
|
|move|p1a: Ludicolo|Focus Blast|p2a: Chansey|[miss]
|-miss|p1a: Ludicolo|p2a: Chansey
|move|p2a: Chansey|Seismic Toss|p1a: Ludicolo
|-damage|p1a: Ludicolo|46\/302
|
|-weather|RainDance|[upkeep]
|turn|54
|
|move|p1a: Ludicolo|Focus Blast|p2a: Chansey
|-supereffective|p2a: Chansey
|-damage|p2a: Chansey|443\/704
|-damage|p1a: Ludicolo|16\/302|[from] item: Life Orb
|move|p2a: Chansey|Seismic Toss|p1a: Ludicolo
|-damage|p1a: Ludicolo|0 fnt
|faint|p1a: Ludicolo
|
|-weather|RainDance|[upkeep]
|chat|BHARATH_THEBEST|wow
|
|switch|p1a: Kabutops|Kabutops, M|236\/262
|turn|55
|
|switch|p2a: Zoe|Amoonguss, F|432\/432
|move|p1a: Kabutops|Stone Edge|p2a: Zoe
|-damage|p2a: Zoe|240\/432
|-damage|p1a: Kabutops|210\/262|[from] item: Life Orb
|
|-weather|RainDance|[upkeep]
|-heal|p2a: Zoe|267\/432|[from] item: Black Sludge
|turn|56
|chat|BHARATH_THEBEST|gg
|
|move|p1a: Kabutops|Stone Edge|p2a: Zoe
|-damage|p2a: Zoe|68\/432
|-damage|p1a: Kabutops|184\/262|[from] item: Life Orb
|move|p2a: Zoe|Giga Drain|p1a: Kabutops
|-crit|p1a: Kabutops
|-supereffective|p1a: Kabutops
|-damage|p1a: Kabutops|0 fnt
|-heal|p2a: Zoe|160\/432|[from] drain|[of] p1a: Kabutops
|faint|p1a: Kabutops
|
|-weather|RainDance|[upkeep]
|-heal|p2a: Zoe|187\/432|[from] item: Black Sludge
|
|switch|p1a: Keldeo|Keldeo|97\/322
|turn|57
|chat|lil manaphy|gg
|
|move|p1a: Keldeo|Hydro Pump|p2a: Zoe
|-resisted|p2a: Zoe
|-damage|p2a: Zoe|0 fnt
|faint|p2a: Zoe
|
|-weather|RainDance|[upkeep]
|
|switch|p2a: Chansey|Chansey, F|443\/704
|turn|58
|
|move|p1a: Keldeo|Hydro Pump|p2a: Chansey
|-damage|p2a: Chansey|187\/704
|move|p2a: Chansey|Soft-Boiled|p2a: Chansey
|-heal|p2a: Chansey|539\/704
|
|-weather|none
|turn|59
|
|move|p1a: Keldeo|Hydro Pump|p2a: Chansey
|-damage|p2a: Chansey|347\/704
|move|p2a: Chansey|Seismic Toss|p1a: Keldeo
|-damage|p1a: Keldeo|0 fnt
|faint|p1a: Keldeo
|
|win|lil manaphy
|raw|Ladder updating...
|chat|BHARATH_THEBEST|i am stunned u won
|raw|Drina Auguste's rating: 1822 &rarr; <strong>1805<\/strong><br \/>(-17 for losing)
|raw|lil manaphy's rating: 1885 &rarr; <strong>1902<\/strong><br \/>(+17 for winning)
|chat|lil manaphy|lol
|leave|Drina Auguste
|player|p1