|join|Drina Auguste
|join|Fh27
|player|p1|Drina Auguste|98
|player|p2|Fh27|166
|gametype|singles
|gen|6
|tier|OU
|rated
|clearpoke
|poke|p1|Alomomola, F
|poke|p1|Tyranitar, M
|poke|p1|Clefable, M
|poke|p1|Skarmory, F
|poke|p1|Chesnaught, M
|poke|p1|Latias, F
|poke|p2|Garchomp, F
|poke|p2|Bisharp, M
|poke|p2|Gardevoir, M
|poke|p2|Rotom-Wash
|poke|p2|Celebi
|poke|p2|Landorus-Therian, M
|rule|Swagger Clause: Swagger is banned
|rule|Baton Pass Clause: Limit one PokÃ©mon knowing Baton Pass
|rule|Sleep Clause Mod: Limit one foe put to sleep
|rule|Species Clause: Limit one of each PokÃ©mon
|rule|OHKO Clause: OHKO moves are banned
|rule|Moody Clause: Moody is banned
|rule|Evasion Moves Clause: Evasion moves are banned
|rule|Endless Battle Clause: Forcing endless battles is banned
|rule|HP Percentage Mod: HP is shown in percentages
|teampreview
|
|start
|switch|p1a: Skarmory|Skarmory, F|329\/329
|switch|p2a: Garchomp|Garchomp, F|357\/357
|turn|1
|
|switch|p2a: Rotom-Wash|Rotom-Wash|304\/304
|move|p1a: Skarmory|Stealth Rock|p2a: Rotom-Wash
|-sidestart|p2: Fh27|move: Stealth Rock
|
|turn|2
|
|switch|p1a: Clefable|Clefable, M|393\/393
|move|p2a: Rotom-Wash|Volt Switch|p1a: Clefable
|-damage|p1a: Clefable|297\/393
|
|switch|p2a: Gardevoir|Gardevoir, M|277\/277
|-damage|p2a: Gardevoir|243\/277|[from] Stealth Rock
|-ability|p2a: Gardevoir|Magic Guard|[from] ability: Trace|[of] p1a: Clefable
|
|-heal|p1a: Clefable|321\/393|[from] item: Leftovers
|turn|3
|
|detailschange|p2a: Gardevoir|Gardevoir-Mega, M
|-mega|p2a: Gardevoir|Gardevoir|Gardevoirite
|move|p2a: Gardevoir|Hyper Voice|p1a: Clefable
|-damage|p1a: Clefable|45\/393
|move|p1a: Clefable|Moonblast|p2a: Gardevoir
|-damage|p2a: Gardevoir|167\/277
|
|-heal|p1a: Clefable|69\/393|[from] item: Leftovers
|turn|4
|
|move|p2a: Gardevoir|Hyper Voice|p1a: Clefable
|-damage|p1a: Clefable|0 fnt
|faint|p1a: Clefable
|
|
|switch|p1a: Alomomola|Alomomola, F|529\/529
|turn|5
|
|move|p2a: Gardevoir|Taunt|p1a: Alomomola
|-start|p1a: Alomomola|move: Taunt
|cant|p1a: Alomomola|move: Taunt|Toxic
|
|turn|6
|
|move|p2a: Gardevoir|Hyper Voice|p1a: Alomomola
|-damage|p1a: Alomomola|253\/529
|move|p1a: Alomomola|Knock Off|p2a: Gardevoir
|-damage|p2a: Gardevoir|128\/277
|
|-heal|p1a: Alomomola|286\/529|[from] item: Leftovers
|turn|7
|
|move|p2a: Gardevoir|Hyper Voice|p1a: Alomomola
|-damage|p1a: Alomomola|0 fnt
|faint|p1a: Alomomola
|
|
|switch|p1a: Latias|Latias, F|363\/363
|turn|8
|-message|Drina Auguste forfeited.
|
|win|Fh27
|raw|Ladder updating...
|leave|Drina Auguste
|player|p1
|raw|Drina Auguste's rating: 1580 &rarr; <strong>1551<\/strong><br \/>(-29 for losing)
|raw|Fh27's rating: 1423 &rarr; <strong>1452<\/strong><br \/>(+29 for winning)