|join|Drina Auguste
|join|shadow_sneak1
|player|p1|Drina Auguste|283
|player|p2|shadow_sneak1|153
|gametype|singles
|gen|6
|tier|OU
|rated
|clearpoke
|poke|p1|Politoed, F
|poke|p1|Kingdra, M
|poke|p1|Zapdos
|poke|p1|Scizor, F
|poke|p1|Kabutops, F
|poke|p1|Keldeo
|poke|p2|Zapdos
|poke|p2|Heatran, F
|poke|p2|Landorus, M
|poke|p2|Heracross, M
|poke|p2|Ferrothorn, F
|poke|p2|Rotom-Wash
|rule|Sleep Clause Mod: Limit one foe put to sleep
|rule|Species Clause: Limit one of each Pokemon
|rule|OHKO Clause: OHKO moves are banned
|rule|Moody Clause: Moody is banned
|rule|Evasion Moves Clause: Evasion moves are banned
|rule|Endless Battle Clause: Forcing endless battles is banned.
|rule|HP Percentage Mod: HP is reported as percentages
|teampreview
|
|start
|switch|p1a: Politoed|Politoed, F|384\/384
|switch|p2a: Ferrothorn|Ferrothorn, F|352\/352
|-weather|RainDance
|turn|1
|
|move|p1a: Politoed|Hypnosis|p2a: Ferrothorn|[miss]
|-miss|p1a: Politoed|p2a: Ferrothorn
|move|p2a: Ferrothorn|Leech Seed|p1a: Politoed|[miss]
|-miss|p2a: Ferrothorn|p1a: Politoed
|
|-weather|RainDance|[upkeep]
|turn|2
|
|move|p1a: Politoed|Hypnosis|p2a: Ferrothorn
|-status|p2a: Ferrothorn|slp
|cant|p2a: Ferrothorn|slp
|
|-weather|RainDance|[upkeep]
|turn|3
|
|switch|p1a: Keldeo|Keldeo|322\/322
|switch|p2a: Rotom-Wash|Rotom-Wash|304\/304
|
|-weather|RainDance|[upkeep]
|turn|4
|
|move|p1a: Keldeo|Hydro Pump|p2a: Rotom-Wash|[miss]
|-miss|p1a: Keldeo|p2a: Rotom-Wash
|move|p2a: Rotom-Wash|Volt Switch|p1a: Keldeo
|-supereffective|p1a: Keldeo
|-damage|p1a: Keldeo|148\/322
|
|switch|p2a: Ferrothorn|Ferrothorn, F|352\/352 slp
|
|-weather|RainDance|[upkeep]
|turn|5
|
|switch|p2a: Rotom-Wash|Rotom-Wash|304\/304
|move|p1a: Keldeo|Hydro Pump|p2a: Rotom-Wash
|-resisted|p2a: Rotom-Wash
|-damage|p2a: Rotom-Wash|160\/304
|
|-weather|RainDance|[upkeep]
|turn|6
|
|switch|p1a: Scizor|Scizor, F|344\/344
|move|p2a: Rotom-Wash|Rest|p2a: Rotom-Wash
|-status|p2a: Rotom-Wash|slp
|-heal|p2a: Rotom-Wash|304\/304 slp|[silent]
|-status|p2a: Rotom-Wash|slp|[from] move: Rest
|-enditem|p2a: Rotom-Wash|Chesto Berry|[eat]
|-curestatus|p2a: Rotom-Wash|slp
|
|-weather|RainDance|[upkeep]
|turn|7
|
|detailschange|p1a: Scizor|Scizor-Mega, F
|message|Scizor has Mega Evolved into Mega Scizor!
|move|p2a: Rotom-Wash|Will-O-Wisp|p1a: Scizor
|-status|p1a: Scizor|brn
|move|p1a: Scizor|U-turn|p2a: Rotom-Wash
|-damage|p2a: Rotom-Wash|240\/304
|
|switch|p1a: Kabutops|Kabutops, F|262\/262
|
|-weather|RainDance|[upkeep]
|turn|8
|
|move|p1a: Kabutops|Stone Edge|p2a: Rotom-Wash|[miss]
|-miss|p1a: Kabutops|p2a: Rotom-Wash
|move|p2a: Rotom-Wash|Will-O-Wisp|p1a: Kabutops
|-status|p1a: Kabutops|brn
|
|-weather|none
|-damage|p1a: Kabutops|230\/262 brn|[from] brn
|turn|9
|
|switch|p1a: Scizor|Scizor-Mega, F|344\/344 brn
|move|p2a: Rotom-Wash|Volt Switch|p1a: Scizor
|-damage|p1a: Scizor|277\/344 brn
|
|switch|p2a: Heatran|Heatran, F|323\/323
|
|-damage|p1a: Scizor|234\/344 brn|[from] brn
|turn|10
|
|switch|p1a: Politoed|Politoed, F|384\/384
|-weather|RainDance
|move|p2a: Heatran|Earth Power|p1a: Politoed
|-damage|p1a: Politoed|272\/384
|
|-weather|RainDance|[upkeep]
|turn|11
|
|switch|p2a: Heracross|Heracross, M|364\/364
|switch|p1a: Keldeo|Keldeo|148\/322
|
|-weather|RainDance|[upkeep]
|turn|12
|
|switch|p2a: Rotom-Wash|Rotom-Wash|240\/304
|move|p1a: Keldeo|Hydro Pump|p2a: Rotom-Wash
|-resisted|p2a: Rotom-Wash
|-damage|p2a: Rotom-Wash|80\/304
|
|-weather|RainDance|[upkeep]
|turn|13
|
|move|p1a: Keldeo|Hydro Pump|p2a: Rotom-Wash|[miss]
|-miss|p1a: Keldeo|p2a: Rotom-Wash
|move|p2a: Rotom-Wash|Volt Switch|p1a: Keldeo
|-crit|p1a: Keldeo
|-supereffective|p1a: Keldeo
|-damage|p1a: Keldeo|0 fnt
|faint|p1a: Keldeo
|
|switch|p2a: Heracross|Heracross, M|364\/364
|
|-weather|RainDance|[upkeep]
|
|switch|p1a: Kingdra|Kingdra, M|291\/291
|turn|14
|
|switch|p2a: Rotom-Wash|Rotom-Wash|80\/304
|move|p1a: Kingdra|Hydro Pump|p2a: Rotom-Wash
|-resisted|p2a: Rotom-Wash
|-damage|p2a: Rotom-Wash|0 fnt
|-damage|p1a: Kingdra|262\/291|[from] item: Life Orb
|faint|p2a: Rotom-Wash
|
|-weather|RainDance|[upkeep]
|
|switch|p2a: Ferrothorn|Ferrothorn, F|352\/352 slp
|turn|15
|
|cant|p2a: Ferrothorn|slp
|move|p1a: Kingdra|Hydro Pump|p2a: Ferrothorn
|-resisted|p2a: Ferrothorn
|-damage|p2a: Ferrothorn|252\/352 slp
|-damage|p1a: Kingdra|233\/291|[from] item: Life Orb
|
|-weather|RainDance|[upkeep]
|-heal|p2a: Ferrothorn|274\/352 slp|[from] item: Leftovers
|turn|16
|
|switch|p1a: Politoed|Politoed, F|272\/384
|-curestatus|p2a: Ferrothorn|slp
|move|p2a: Ferrothorn|Leech Seed|p1a: Politoed|[miss]
|-miss|p2a: Ferrothorn|p1a: Politoed
|
|-weather|RainDance|[upkeep]
|-heal|p2a: Ferrothorn|296\/352|[from] item: Leftovers
|turn|17
|
|move|p2a: Ferrothorn|Protect|p2a: Ferrothorn
|-singleturn|p2a: Ferrothorn|Protect
|move|p1a: Politoed|Scald|p2a: Ferrothorn
|-activate|p2a: Ferrothorn|Protect
|
|-weather|none
|-heal|p2a: Ferrothorn|318\/352|[from] item: Leftovers
|turn|18
|
|move|p1a: Politoed|Scald|p2a: Ferrothorn
|-resisted|p2a: Ferrothorn
|-damage|p2a: Ferrothorn|290\/352
|move|p2a: Ferrothorn|Leech Seed|p1a: Politoed
|-start|p1a: Politoed|move: Leech Seed
|
|-heal|p2a: Ferrothorn|312\/352|[from] item: Leftovers
|-damage|p1a: Politoed|224\/384|[from] Leech Seed|[of] p2a: Ferrothorn
|-heal|p2a: Ferrothorn|352\/352|[silent]
|turn|19
|
|move|p1a: Politoed|Scald|p2a: Ferrothorn
|-resisted|p2a: Ferrothorn
|-damage|p2a: Ferrothorn|326\/352
|move|p2a: Ferrothorn|Stealth Rock|p1a: Politoed
|-sidestart|p1: Drina Auguste|move: Stealth Rock
|
|-heal|p2a: Ferrothorn|348\/352|[from] item: Leftovers
|-damage|p1a: Politoed|176\/384|[from] Leech Seed|[of] p2a: Ferrothorn
|-heal|p2a: Ferrothorn|352\/352|[silent]
|turn|20
|
|move|p1a: Politoed|Scald|p2a: Ferrothorn
|-resisted|p2a: Ferrothorn
|-damage|p2a: Ferrothorn|324\/352
|move|p2a: Ferrothorn|Gyro Ball|p1a: Politoed
|-resisted|p1a: Politoed
|-damage|p1a: Politoed|98\/384
|
|-heal|p2a: Ferrothorn|346\/352|[from] item: Leftovers
|-damage|p1a: Politoed|50\/384|[from] Leech Seed|[of] p2a: Ferrothorn
|-heal|p2a: Ferrothorn|352\/352|[silent]
|turn|21
|
|move|p2a: Ferrothorn|Protect|p2a: Ferrothorn
|-singleturn|p2a: Ferrothorn|Protect
|move|p1a: Politoed|Scald|p2a: Ferrothorn
|-activate|p2a: Ferrothorn|Protect
|
|-damage|p1a: Politoed|2\/384|[from] Leech Seed|[of] p2a: Ferrothorn
|turn|22
|
|move|p2a: Ferrothorn|Protect|p2a: Ferrothorn
|-fail|p2a: Ferrothorn
|move|p1a: Politoed|Scald|p2a: Ferrothorn
|-resisted|p2a: Ferrothorn
|-damage|p2a: Ferrothorn|326\/352
|-status|p2a: Ferrothorn|brn
|
|-heal|p2a: Ferrothorn|348\/352 brn|[from] item: Leftovers
|-damage|p1a: Politoed|0 fnt|[from] Leech Seed|[of] p2a: Ferrothorn
|-heal|p2a: Ferrothorn|350\/352 brn|[silent]
|-damage|p2a: Ferrothorn|306\/352 brn|[from] brn
|faint|p1a: Politoed
|
|switch|p1a: Scizor|Scizor-Mega, F|234\/344 brn
|-damage|p1a: Scizor|191\/344 brn|[from] Stealth Rock
|turn|23
|
|move|p1a: Scizor|Defog|p2a: Ferrothorn
|-unboost|p2a: Ferrothorn|evasion|1
|-sideend|p1: Drina Auguste|Stealth Rock|[from] move: Defog|[of] p1a: Scizor
|move|p2a: Ferrothorn|Leech Seed|p1a: Scizor
|-start|p1a: Scizor|move: Leech Seed
|
|-heal|p2a: Ferrothorn|328\/352 brn|[from] item: Leftovers
|-damage|p1a: Scizor|148\/344 brn|[from] Leech Seed|[of] p2a: Ferrothorn
|-heal|p2a: Ferrothorn|352\/352 brn|[silent]
|-damage|p1a: Scizor|105\/344 brn|[from] brn
|-damage|p2a: Ferrothorn|308\/352 brn|[from] brn
|turn|24
|
|move|p1a: Scizor|Roost|p1a: Scizor
|-heal|p1a: Scizor|277\/344 brn
|move|p2a: Ferrothorn|Stealth Rock|p1a: Scizor
|-sidestart|p1: Drina Auguste|move: Stealth Rock
|
|-heal|p2a: Ferrothorn|330\/352 brn|[from] item: Leftovers
|-damage|p1a: Scizor|234\/344 brn|[from] Leech Seed|[of] p2a: Ferrothorn
|-heal|p2a: Ferrothorn|352\/352 brn|[silent]
|-damage|p1a: Scizor|191\/344 brn|[from] brn
|-damage|p2a: Ferrothorn|308\/352 brn|[from] brn
|turn|25
|
|switch|p2a: Heatran|Heatran, F|323\/323
|move|p1a: Scizor|Defog|p2a: Heatran
|-unboost|p2a: Heatran|evasion|1
|-sideend|p1: Drina Auguste|Stealth Rock|[from] move: Defog|[of] p1a: Scizor
|
|-damage|p1a: Scizor|148\/344 brn|[from] Leech Seed|[of] p2a: Heatran
|-damage|p1a: Scizor|105\/344 brn|[from] brn
|turn|26
|
|switch|p1a: Zapdos|Zapdos|384\/384
|-ability|p1a: Zapdos|Pressure
|move|p2a: Heatran|Fire Blast|p1a: Zapdos
|-damage|p1a: Zapdos|171\/384
|
|turn|27
|
|move|p2a: Heatran|Fire Blast|p1a: Zapdos|[miss]
|-miss|p2a: Heatran|p1a: Zapdos
|move|p1a: Zapdos|Rain Dance|p1a: Zapdos
|-weather|RainDance
|
|-weather|RainDance|[upkeep]
|turn|28
|
|switch|p1a: Kabutops|Kabutops, F|230\/262 brn
|move|p2a: Heatran|Fire Blast|p1a: Kabutops
|-resisted|p1a: Kabutops
|-damage|p1a: Kabutops|196\/262 brn
|
|-weather|RainDance|[upkeep]
|-damage|p1a: Kabutops|164\/262 brn|[from] brn
|turn|29
|
|switch|p2a: Zapdos|Zapdos|383\/383
|-ability|p2a: Zapdos|Pressure
|move|p1a: Kabutops|Superpower|p2a: Zapdos
|-resisted|p2a: Zapdos
|-damage|p2a: Zapdos|347\/383
|-unboost|p1a: Kabutops|atk|1
|-unboost|p1a: Kabutops|def|1
|-damage|p1a: Kabutops|138\/262 brn|[from] item: Life Orb
|
|-weather|RainDance|[upkeep]
|-heal|p2a: Zapdos|370\/383|[from] item: Leftovers
|-damage|p1a: Kabutops|106\/262 brn|[from] brn
|turn|30
|
|move|p1a: Kabutops|Stone Edge|p2a: Zapdos
|-supereffective|p2a: Zapdos
|-damage|p2a: Zapdos|245\/383
|-damage|p1a: Kabutops|80\/262 brn|[from] item: Life Orb
|move|p2a: Zapdos|Thunderbolt|p1a: Kabutops
|-supereffective|p1a: Kabutops
|-damage|p1a: Kabutops|0 fnt
|faint|p1a: Kabutops
|
|-weather|RainDance|[upkeep]
|-heal|p2a: Zapdos|268\/383|[from] item: Leftovers
|
|switch|p1a: Kingdra|Kingdra, M|233\/291
|turn|31
|
|switch|p2a: Ferrothorn|Ferrothorn, F|308\/352 brn
|move|p1a: Kingdra|Hydro Pump|p2a: Ferrothorn
|-resisted|p2a: Ferrothorn
|-damage|p2a: Ferrothorn|203\/352 brn
|-damage|p1a: Kingdra|204\/291|[from] item: Life Orb
|
|-weather|RainDance|[upkeep]
|-heal|p2a: Ferrothorn|225\/352 brn|[from] item: Leftovers
|-damage|p2a: Ferrothorn|181\/352 brn|[from] brn
|turn|32
|
|move|p1a: Kingdra|Surf|p2a: Ferrothorn
|-resisted|p2a: Ferrothorn
|-damage|p2a: Ferrothorn|91\/352 brn
|-damage|p1a: Kingdra|175\/291|[from] item: Life Orb
|move|p2a: Ferrothorn|Leech Seed|p1a: Kingdra
|-start|p1a: Kingdra|move: Leech Seed
|
|-weather|RainDance|[upkeep]
|-heal|p2a: Ferrothorn|113\/352 brn|[from] item: Leftovers
|-damage|p1a: Kingdra|139\/291|[from] Leech Seed|[of] p2a: Ferrothorn
|-heal|p2a: Ferrothorn|149\/352 brn|[silent]
|-damage|p2a: Ferrothorn|105\/352 brn|[from] brn
|turn|33
|
|switch|p1a: Scizor|Scizor-Mega, F|105\/344 brn
|move|p2a: Ferrothorn|Protect|p2a: Ferrothorn
|-fail|p2a: Ferrothorn
|
|-weather|RainDance|[upkeep]
|-heal|p2a: Ferrothorn|127\/352 brn|[from] item: Leftovers
|-damage|p1a: Scizor|62\/344 brn|[from] brn
|-damage|p2a: Ferrothorn|83\/352 brn|[from] brn
|turn|34
|
|move|p1a: Scizor|Bullet Punch|p2a: Ferrothorn
|-resisted|p2a: Ferrothorn
|-damage|p2a: Ferrothorn|62\/352 brn
|-damage|p1a: Scizor|19\/344 brn|[from] ability: Iron Barbs|[of] p2a: Ferrothorn
|move|p2a: Ferrothorn|Leech Seed|p1a: Scizor
|-start|p1a: Scizor|move: Leech Seed
|
|-weather|none
|-heal|p2a: Ferrothorn|84\/352 brn|[from] item: Leftovers
|-damage|p1a: Scizor|0 fnt|[from] Leech Seed|[of] p2a: Ferrothorn
|-heal|p2a: Ferrothorn|103\/352 brn|[silent]
|-damage|p2a: Ferrothorn|59\/352 brn|[from] brn
|faint|p1a: Scizor
|
|switch|p1a: Zapdos|Zapdos|171\/384
|-ability|p1a: Zapdos|Pressure
|turn|35
|
|move|p1a: Zapdos|Thunder|p2a: Ferrothorn
|-resisted|p2a: Ferrothorn
|-damage|p2a: Ferrothorn|12\/352 brn
|move|p2a: Ferrothorn|Leech Seed|p1a: Zapdos
|-start|p1a: Zapdos|move: Leech Seed
|
|-heal|p2a: Ferrothorn|34\/352 brn|[from] item: Leftovers
|-damage|p1a: Zapdos|123\/384|[from] Leech Seed|[of] p2a: Ferrothorn
|-heal|p2a: Ferrothorn|82\/352 brn|[silent]
|-damage|p2a: Ferrothorn|38\/352 brn|[from] brn
|turn|36
|
|move|p2a: Ferrothorn|Protect|p2a: Ferrothorn
|-singleturn|p2a: Ferrothorn|Protect
|move|p1a: Zapdos|Rain Dance|p1a: Zapdos
|-weather|RainDance
|
|-weather|RainDance|[upkeep]
|-heal|p2a: Ferrothorn|60\/352 brn|[from] item: Leftovers
|-damage|p1a: Zapdos|75\/384|[from] Leech Seed|[of] p2a: Ferrothorn
|-heal|p2a: Ferrothorn|108\/352 brn|[silent]
|-damage|p2a: Ferrothorn|64\/352 brn|[from] brn
|turn|37
|
|move|p2a: Ferrothorn|Protect|p2a: Ferrothorn
|-fail|p2a: Ferrothorn
|move|p1a: Zapdos|Thunder|p2a: Ferrothorn
|-resisted|p2a: Ferrothorn
|-damage|p2a: Ferrothorn|9\/352 brn
|
|-weather|RainDance|[upkeep]
|-heal|p2a: Ferrothorn|31\/352 brn|[from] item: Leftovers
|-damage|p1a: Zapdos|27\/384|[from] Leech Seed|[of] p2a: Ferrothorn
|-heal|p2a: Ferrothorn|79\/352 brn|[silent]
|-damage|p2a: Ferrothorn|35\/352 brn|[from] brn
|turn|38
|
|move|p2a: Ferrothorn|Protect|p2a: Ferrothorn
|-singleturn|p2a: Ferrothorn|Protect
|move|p1a: Zapdos|Thunder|p2a: Ferrothorn
|-activate|p2a: Ferrothorn|Protect
|
|-weather|RainDance|[upkeep]
|-heal|p2a: Ferrothorn|57\/352 brn|[from] item: Leftovers
|-damage|p1a: Zapdos|0 fnt|[from] Leech Seed|[of] p2a: Ferrothorn
|-heal|p2a: Ferrothorn|84\/352 brn|[silent]
|-damage|p2a: Ferrothorn|40\/352 brn|[from] brn
|faint|p1a: Zapdos
|
|switch|p1a: Kingdra|Kingdra, M|139\/291
|turn|39
|
|move|p1a: Kingdra|Surf|p2a: Ferrothorn
|-resisted|p2a: Ferrothorn
|-damage|p2a: Ferrothorn|0 fnt
|-damage|p1a: Kingdra|110\/291|[from] item: Life Orb
|faint|p2a: Ferrothorn
|
|-weather|RainDance|[upkeep]
|
|switch|p2a: Heracross|Heracross, M|364\/364
|turn|40
|
|detailschange|p2a: Heracross|Heracross-Mega, M
|message|Heracross has Mega Evolved into Mega Heracross!
|move|p1a: Kingdra|Hydro Pump|p2a: Heracross
|-damage|p2a: Heracross|20\/364
|-damage|p1a: Kingdra|81\/291|[from] item: Life Orb
|move|p2a: Heracross|Bullet Seed|p1a: Kingdra
|-damage|p1a: Kingdra|39\/291
|-damage|p1a: Kingdra|0 fnt
|-hitcount|p1a: Kingdra|2
|faint|p1a: Kingdra
|
|win|shadow_sneak1
|raw|Ladder updating...
|raw|Drina Auguste's rating: 1406 &rarr; <strong>1382<\/strong><br \/>(-24 for losing)
|raw|shadow_sneak1's rating: 1338 &rarr; <strong>1362<\/strong><br \/>(+24 for winning)
|chat|Drina Auguste|"g"g... I guess
|chat|shadow_sneak1|gg
|leave|Drina Auguste
|player|p1