|join|Bidoofswar
|join|Drina Auguste
|player|p1|Bidoofswar|10
|player|p2|Drina Auguste|98
|gametype|singles
|gen|6
|tier|OU
|rated
|clearpoke
|poke|p1|Latios, M
|poke|p1|Heatran, F
|poke|p1|Bisharp, F
|poke|p1|Chansey, F
|poke|p1|Slurpuff, F
|poke|p1|Gallade, M
|poke|p2|Metagross
|poke|p2|Magnezone
|poke|p2|Azumarill, M
|poke|p2|Garchomp, M
|poke|p2|Latias, F
|poke|p2|Sylveon, M
|rule|Swagger Clause: Swagger is banned
|rule|Baton Pass Clause: Limit one PokÃ©mon knowing Baton Pass
|rule|Sleep Clause Mod: Limit one foe put to sleep
|rule|Species Clause: Limit one of each PokÃ©mon
|rule|OHKO Clause: OHKO moves are banned
|rule|Moody Clause: Moody is banned
|rule|Evasion Moves Clause: Evasion moves are banned
|rule|Endless Battle Clause: Forcing endless battles is banned
|rule|HP Percentage Mod: HP is shown in percentages
|teampreview
|
|start
|switch|p1a: Latios|Latios, M|302\/302
|switch|p2a: Garchomp|Garchomp, M|357\/357
|turn|1
|
|switch|p2a: Azumarill|Azumarill, M|401\/401
|move|p1a: Latios|Trick|p2a: Azumarill
|-activate|p1a: Latios|move: Trick|[of] p2a: Azumarill
|-item|p2a: Azumarill|Choice Scarf|[from] move: Trick
|-item|p1a: Latios|Assault Vest|[from] move: Trick
|
|turn|2
|
|switch|p1a: Heatran|Heatran, F|386\/386
|-item|p1a: Heatran|Air Balloon
|move|p2a: Azumarill|Knock Off|p1a: Heatran
|-damage|p1a: Heatran|291\/386
|-enditem|p1a: Heatran|Air Balloon
|
|turn|3
|
|switch|p2a: Garchomp|Garchomp, M|357\/357
|move|p1a: Heatran|Stealth Rock|p2a: Garchomp
|-sidestart|p2: Drina Auguste|move: Stealth Rock
|
|turn|4
|
|switch|p1a: Latios|Latios, M|302\/302
|move|p2a: Garchomp|Stealth Rock|p1a: Latios
|-sidestart|p1: Bidoofswar|move: Stealth Rock
|
|turn|5
|
|switch|p2a: Metagross|Metagross|301\/301
|-damage|p2a: Metagross|283\/301|[from] Stealth Rock
|move|p1a: Latios|Ice Beam|p2a: Metagross
|-resisted|p2a: Metagross
|-damage|p2a: Metagross|220\/301
|
|turn|6
|
|detailschange|p2a: Metagross|Metagross-Mega
|message|Metagross has Mega Evolved into Mega Metagross!
|move|p1a: Latios|Hidden Power|p2a: Metagross
|-supereffective|p2a: Metagross
|-damage|p2a: Metagross|98\/301
|move|p2a: Metagross|Ice Punch|p1a: Latios
|-crit|p1a: Latios
|-supereffective|p1a: Latios
|-damage|p1a: Latios|0 fnt
|faint|p1a: Latios
|
|
|switch|p1a: Bisharp|Bisharp, F|334\/334
|-damage|p1a: Bisharp|314\/334|[from] Stealth Rock
|turn|7
|
|move|p1a: Bisharp|Sucker Punch|p2a: Metagross
|-supereffective|p2a: Metagross
|-damage|p2a: Metagross|0 fnt
|faint|p2a: Metagross
|
|
|switch|p2a: Magnezone|Magnezone|302\/302
|-damage|p2a: Magnezone|284\/302|[from] Stealth Rock
|turn|8
|
|move|p2a: Magnezone|Thunderbolt|p1a: Bisharp
|-damage|p1a: Bisharp|0 fnt
|faint|p1a: Bisharp
|
|
|switch|p1a: Chansey|Chansey, F|641\/641
|-damage|p1a: Chansey|561\/641|[from] Stealth Rock
|turn|9
|
|switch|p2a: Azumarill|Azumarill, M|401\/401
|-damage|p2a: Azumarill|351\/401|[from] Stealth Rock
|move|p1a: Chansey|Wish|p1a: Chansey
|
|turn|10
|
|switch|p1a: Gallade|Gallade, M|278\/278
|-damage|p1a: Gallade|261\/278|[from] Stealth Rock
|move|p2a: Azumarill|Waterfall|p1a: Gallade
|-damage|p1a: Gallade|3\/278
|
|-heal|p1a: Gallade|278\/278|[from] move: Wish|[wisher] Chansey
|turn|11
|
|detailschange|p1a: Gallade|Gallade-Mega, M
|message|Gallade has Mega Evolved into Mega Gallade!
|move|p1a: Gallade|Swords Dance|p1a: Gallade
|-boost|p1a: Gallade|atk|2
|move|p2a: Azumarill|Waterfall|p1a: Gallade
|-damage|p1a: Gallade|106\/278
|
|turn|12
|
|move|p1a: Gallade|Zen Headbutt|p2a: Azumarill
|-damage|p2a: Azumarill|0 fnt
|faint|p2a: Azumarill
|
|
|switch|p2a: Latias|Latias, F|302\/302
|-damage|p2a: Latias|265\/302|[from] Stealth Rock
|turn|13
|
|move|p2a: Latias|Psyshock|p1a: Gallade
|-damage|p1a: Gallade|0 fnt
|faint|p1a: Gallade
|
|
|switch|p1a: Chansey|Chansey, F|561\/641
|-damage|p1a: Chansey|481\/641|[from] Stealth Rock
|turn|14
|
|switch|p2a: Sylveon|Sylveon, M|359\/359
|-damage|p2a: Sylveon|315\/359|[from] Stealth Rock
|move|p1a: Chansey|Seismic Toss|p2a: Sylveon
|-damage|p2a: Sylveon|215\/359
|
|turn|15
|
|move|p2a: Sylveon|Psyshock|p1a: Chansey
|-damage|p1a: Chansey|292\/641
|move|p1a: Chansey|Thunder Wave|p2a: Sylveon
|-status|p2a: Sylveon|par
|
|turn|16
|
|switch|p2a: Latias|Latias, F|265\/302
|-damage|p2a: Latias|228\/302|[from] Stealth Rock
|move|p1a: Chansey|Wish|p1a: Chansey
|
|turn|17
|
|move|p2a: Latias|Defog|p1a: Chansey
|-unboost|p1a: Chansey|evasion|1
|-sideend|p1: Bidoofswar|Stealth Rock|[from] move: Defog|[of] p1a: Chansey
|-sideend|p2: Drina Auguste|Stealth Rock|[from] move: Defog|[of] p2a: Latias
|move|p1a: Chansey|Thunder Wave|p2a: Latias
|-status|p2a: Latias|par
|
|-heal|p1a: Chansey|612\/641|[from] move: Wish|[wisher] Chansey
|turn|18
|
|switch|p2a: Garchomp|Garchomp, M|357\/357
|move|p1a: Chansey|Seismic Toss|p2a: Garchomp
|-damage|p2a: Garchomp|257\/357
|-damage|p1a: Chansey|532\/641|[from] ability: Rough Skin|[of] p2a: Garchomp
|
|turn|19
|
|move|p2a: Garchomp|Stealth Rock|p1a: Chansey
|-sidestart|p1: Bidoofswar|move: Stealth Rock
|move|p1a: Chansey|Seismic Toss|p2a: Garchomp
|-damage|p2a: Garchomp|157\/357
|-damage|p1a: Chansey|452\/641|[from] ability: Rough Skin|[of] p2a: Garchomp
|
|turn|20
|
|move|p2a: Garchomp|Earthquake|p1a: Chansey
|-damage|p1a: Chansey|209\/641
|move|p1a: Chansey|Seismic Toss|p2a: Garchomp
|-damage|p2a: Garchomp|57\/357
|-damage|p1a: Chansey|129\/641|[from] ability: Rough Skin|[of] p2a: Garchomp
|
|turn|21
|
|move|p2a: Garchomp|Earthquake|p1a: Chansey
|-damage|p1a: Chansey|0 fnt
|faint|p1a: Chansey
|
|
|switch|p1a: Slurpuff|Slurpuff, F|306\/306
|-damage|p1a: Slurpuff|268\/306|[from] Stealth Rock
|turn|22
|
|move|p2a: Garchomp|Earthquake|p1a: Slurpuff
|-damage|p1a: Slurpuff|58\/306
|-enditem|p1a: Slurpuff|Sitrus Berry|[eat]
|-heal|p1a: Slurpuff|134\/306|[from] item: Sitrus Berry
|move|p1a: Slurpuff|Belly Drum|p1a: Slurpuff
|-fail|p1a: Slurpuff
|
|turn|23
|
|move|p1a: Slurpuff|Drain Punch|p2a: Garchomp
|-damage|p2a: Garchomp|0 fnt
|-heal|p1a: Slurpuff|163\/306|[from] drain|[of] p2a: Garchomp
|-damage|p1a: Slurpuff|125\/306|[from] ability: Rough Skin|[of] p2a: Garchomp
|faint|p2a: Garchomp
|
|
|switch|p2a: Magnezone|Magnezone|284\/302
|turn|24
|
|move|p1a: Slurpuff|Drain Punch|p2a: Magnezone
|-supereffective|p2a: Magnezone
|-damage|p2a: Magnezone|166\/302
|-heal|p1a: Slurpuff|184\/306|[from] drain|[of] p2a: Magnezone
|move|p2a: Magnezone|Volt Switch|p1a: Slurpuff
|-damage|p1a: Slurpuff|0 fnt
|faint|p1a: Slurpuff
|
|switch|p2a: Sylveon|Sylveon, M|215\/359 par
|
|
|switch|p1a: Heatran|Heatran, F|291\/386
|-damage|p1a: Heatran|243\/386|[from] Stealth Rock
|turn|25
|
|switch|p2a: Magnezone|Magnezone|166\/302
|move|p1a: Heatran|Fire Blast|p2a: Magnezone
|-supereffective|p2a: Magnezone
|-damage|p2a: Magnezone|0 fnt
|faint|p2a: Magnezone
|
|
|switch|p2a: Latias|Latias, F|228\/302 par
|turn|26
|
|move|p1a: Heatran|Stealth Rock|p2a: Latias
|-sidestart|p2: Drina Auguste|move: Stealth Rock
|cant|p2a: Latias|par
|
|turn|27
|
|move|p1a: Heatran|Fire Blast|p2a: Latias
|-resisted|p2a: Latias
|-damage|p2a: Latias|166\/302 par
|cant|p2a: Latias|par
|
|turn|28
|
|move|p1a: Heatran|Fire Blast|p2a: Latias|[miss]
|-miss|p1a: Heatran|p2a: Latias
|cant|p2a: Latias|par
|
|turn|29
|
|cant|p2a: Latias|par
|move|p1a: Heatran|Roar|p2a: Latias
|drag|p2a: Sylveon|Sylveon, M|215\/359 par
|-damage|p2a: Sylveon|171\/359 par|[from] Stealth Rock
|
|turn|30
|c|âBidoofswar|the odds of that happening holy shit
|
|switch|p2a: Latias|Latias, F|166\/302 par
|-damage|p2a: Latias|129\/302 par|[from] Stealth Rock
|move|p1a: Heatran|Fire Blast|p2a: Latias
|-resisted|p2a: Latias
|-damage|p2a: Latias|70\/302 par
|
|turn|31
|
|move|p1a: Heatran|Fire Blast|p2a: Latias
|-resisted|p2a: Latias
|-damage|p2a: Latias|0 fnt
|faint|p2a: Latias
|
|
|switch|p2a: Sylveon|Sylveon, M|171\/359 par
|-damage|p2a: Sylveon|127\/359 par|[from] Stealth Rock
|turn|32
|
|move|p1a: Heatran|Fire Blast|p2a: Sylveon
|-damage|p2a: Sylveon|0 fnt
|faint|p2a: Sylveon
|
|win|Bidoofswar
|raw|Ladder updating...
|leave|Drina Auguste
|player|p2