|join|Void Of Pein
|join|Drina Auguste
|player|p1|Void Of Pein|209
|player|p2|Drina Auguste|98
|gametype|singles
|gen|6
|tier|OU
|rated
|clearpoke
|poke|p1|Gengar, M
|poke|p1|Meloetta
|poke|p1|Conkeldurr, M
|poke|p1|Gyarados, M
|poke|p1|Ferrothorn, M
|poke|p1|Landorus, M
|poke|p2|Gengar, M
|poke|p2|Keldeo-Resolute
|poke|p2|Heatran, F
|poke|p2|Zapdos
|poke|p2|Venusaur, F
|poke|p2|Garchomp, M
|rule|Swagger Clause: Swagger is banned
|rule|Baton Pass Clause: Limit three PokÃ©mon knowing Baton Pass
|rule|Sleep Clause Mod: Limit one foe put to sleep
|rule|Species Clause: Limit one of each PokÃ©mon
|rule|OHKO Clause: OHKO moves are banned
|rule|Moody Clause: Moody is banned
|rule|Evasion Moves Clause: Evasion moves are banned
|rule|Endless Battle Clause: Forcing endless battles is banned
|rule|HP Percentage Mod: HP is reported as percentages
|teampreview
|
|start
|switch|p1a: Heihachi|Conkeldurr, M|383\/383
|switch|p2a: Heatran|Heatran, F|369\/369
|-item|p2a: Heatran|Air Balloon
|turn|1
|
|switch|p2a: Venusaur|Venusaur, F|357\/357
|move|p1a: Heihachi|Drain Punch|p2a: Venusaur
|-resisted|p2a: Venusaur
|-damage|p2a: Venusaur|281\/357
|
|turn|2
|
|switch|p1a: Hentai|Ferrothorn, M|352\/352
|detailschange|p2a: Venusaur|Venusaur-Mega, F
|message|Venusaur has Mega Evolved into Mega Venusaur!
|move|p2a: Venusaur|Giga Drain|p1a: Hentai
|-resisted|p1a: Hentai
|-damage|p1a: Hentai|321\/352
|-heal|p2a: Venusaur|297\/357|[from] drain|[of] p1a: Hentai
|
|turn|3
|
|move|p2a: Venusaur|Hidden Power|p1a: Hentai
|-supereffective|p1a: Hentai
|-damage|p1a: Hentai|65\/352
|move|p1a: Hentai|Stealth Rock|p2a: Venusaur
|-sidestart|p2: Drina Auguste|move: Stealth Rock
|
|turn|4
|
|switch|p1a: Enten|Landorus, M|320\/320
|move|p2a: Venusaur|Hidden Power|p1a: Enten
|-damage|p1a: Enten|226\/320
|
|turn|5
|
|switch|p2a: Zapdos|Zapdos|383\/383
|-damage|p2a: Zapdos|288\/383|[from] Stealth Rock
|-ability|p2a: Zapdos|Pressure
|move|p1a: Enten|Psychic|p2a: Zapdos
|-damage|p2a: Zapdos|102\/383
|
|-heal|p2a: Zapdos|125\/383|[from] item: Leftovers
|turn|6
|
|move|p1a: Enten|Psychic|p2a: Zapdos
|-damage|p2a: Zapdos|0 fnt
|faint|p2a: Zapdos
|
|
|switch|p2a: Keldeo-Resolute|Keldeo-Resolute|322\/322
|-damage|p2a: Keldeo-Resolute|302\/322|[from] Stealth Rock
|turn|7
|
|switch|p1a: Hentai|Ferrothorn, M|65\/352
|move|p2a: Keldeo-Resolute|Scald|p1a: Hentai
|-resisted|p1a: Hentai
|-damage|p1a: Hentai|0 fnt
|faint|p1a: Hentai
|
|
|switch|p1a: Heihachi|Conkeldurr, M|383\/383
|turn|8
|
|switch|p2a: Venusaur|Venusaur-Mega, F|297\/357
|-damage|p2a: Venusaur|253\/357|[from] Stealth Rock
|switch|p1a: Enten|Landorus, M|226\/320
|
|turn|9
|join|Merkage
|
|switch|p2a: Garchomp|Garchomp, M|357\/357
|-damage|p2a: Garchomp|335\/357|[from] Stealth Rock
|move|p1a: Enten|Psychic|p2a: Garchomp
|-damage|p2a: Garchomp|130\/357
|
|turn|10
|
|switch|p1a: Predator|Gyarados, M|331\/331
|-ability|p1a: Predator|Intimidate|[of] p2a: Garchomp
|-unboost|p2a: Garchomp|atk|1
|move|p2a: Garchomp|Outrage|p1a: Predator
|-damage|p1a: Predator|148\/331
|
|turn|11
|
|detailschange|p1a: Predator|Gyarados-Mega, M
|message|Gyarados has Mega Evolved into Mega Gyarados!
|-ability|p1a: Predator|Mold Breaker
|move|p2a: Garchomp|Outrage|p1a: Predator
|-damage|p1a: Predator|7\/331
|move|p1a: Predator|Earthquake|p2a: Garchomp
|-damage|p2a: Garchomp|0 fnt
|faint|p2a: Garchomp
|
|chat|Void Of Pein|something had to get sac'd
|chat|Void Of Pein|L.
|chat|Void Of Pein|:\/
|-message|Drina Auguste forfeited.
|
|win|Void Of Pein
|raw|Ladder updating...
|leave|Drina Auguste
|player|p2
|raw|Void Of Pein's rating: 1943 &rarr; <strong>1954<\/strong><br \/>(+11 for winning)
|raw|Drina Auguste's rating: 1765 &rarr; <strong>1755<\/strong><br \/>(-10 for losing)