|join|tricking fottiti
|join|Drina Auguste
|player|p1|tricking fottiti|167
|player|p2|Drina Auguste|283
|gametype|singles
|gen|6
|tier|OU
|rated
|clearpoke
|poke|p1|Slowbro, F
|poke|p1|Latios, M
|poke|p1|Heatran, F
|poke|p1|Scizor, M
|poke|p1|Clefable, F
|poke|p1|Terrakion
|poke|p2|Conkeldurr, F
|poke|p2|Kyurem-Black
|poke|p2|Landorus, M
|poke|p2|Azumarill, M
|poke|p2|Zapdos
|poke|p2|Venusaur, F
|rule|Baton Pass Clause: Limit 3 pokemon knowing Baton Pass
|rule|Sleep Clause Mod: Limit one foe put to sleep
|rule|Species Clause: Limit one of each Pokemon
|rule|OHKO Clause: OHKO moves are banned
|rule|Moody Clause: Moody is banned
|rule|Evasion Moves Clause: Evasion moves are banned
|rule|Endless Battle Clause: Forcing endless battles is banned
|rule|HP Percentage Mod: HP is reported as percentages
|teampreview
|
|start
|switch|p1a: Scizor|Scizor, M|342\/342
|switch|p2a: Azumarill|Azumarill, M|376\/376
|turn|1
|
|switch|p2a: Zapdos|Zapdos|383\/383
|-ability|p2a: Zapdos|Pressure
|detailschange|p1a: Scizor|Scizor-Mega, M
|message|Scizor has Mega Evolved into Mega Scizor!
|move|p1a: Scizor|Knock Off|p2a: Zapdos
|-damage|p2a: Zapdos|294\/383
|-enditem|p2a: Zapdos|Leftovers|[from] move: Knock Off|[of] p1a: Scizor
|
|turn|2
|
|switch|p2a: Azumarill|Azumarill, M|376\/376
|switch|p1a: Calm|Heatran, F|385\/385
|
|turn|3
|
|move|p1a: Calm|Toxic|p2a: Azumarill
|-status|p2a: Azumarill|tox
|move|p2a: Azumarill|Knock Off|p1a: Calm
|-damage|p1a: Calm|178\/385
|-enditem|p1a: Calm|Leftovers|[from] move: Knock Off|[of] p2a: Azumarill
|
|-damage|p2a: Azumarill|353\/376 tox|[from] psn
|turn|4
|
|switch|p1a: Scizor|Scizor-Mega, M|342\/342
|switch|p2a: Landorus|Landorus, M|320\/320
|
|turn|5
|
|move|p2a: Landorus|Stealth Rock|p1a: Scizor
|-sidestart|p1: tricking fottiti|move: Stealth Rock
|move|p1a: Scizor|Knock Off|p2a: Landorus
|-damage|p2a: Landorus|204\/320
|-enditem|p2a: Landorus|Life Orb|[from] move: Knock Off|[of] p1a: Scizor
|
|turn|6
|
|switch|p1a: Modest|Latios, M|302\/302
|-damage|p1a: Modest|265\/302|[from] Stealth Rock
|move|p2a: Landorus|Earth Power|p1a: Modest
|-immune|p1a: Modest|[msg]
|
|turn|7
|
|switch|p2a: Azumarill|Azumarill, M|353\/376 tox
|move|p1a: Modest|Psyshock|p2a: Azumarill
|-crit|p2a: Azumarill
|-damage|p2a: Azumarill|116\/376 tox
|
|-damage|p2a: Azumarill|93\/376 tox|[from] psn
|turn|8
|
|switch|p1a: Scizor|Scizor-Mega, M|342\/342
|-damage|p1a: Scizor|300\/342|[from] Stealth Rock
|move|p2a: Azumarill|Aqua Jet|p1a: Scizor
|-damage|p1a: Scizor|222\/342
|
|-damage|p2a: Azumarill|47\/376 tox|[from] psn
|turn|9
|-message|Drina Auguste forfeited.
|
|win|tricking fottiti
|raw|Ladder updating...
|leave|Drina Auguste
|player|p2
|raw|tricking fottiti's rating: 1791 &rarr; <strong>1810<\/strong><br \/>(+19 for winning)
|raw|Drina Auguste's rating: 1785 &rarr; <strong>1765<\/strong><br \/>(-20 for losing)