|join|WECAMEASROMANS
|join|Drina Auguste
|player|p1|WECAMEASROMANS|169
|player|p2|Drina Auguste|98
|gametype|singles
|gen|6
|tier|OU
|rated
|clearpoke
|poke|p1|Diggersby, M
|poke|p1|Bisharp, M
|poke|p1|Diancie
|poke|p1|Landorus-Therian, M
|poke|p1|Tornadus-Therian, M
|poke|p1|Raikou
|poke|p2|Slowbro, F
|poke|p2|Diancie
|poke|p2|Amoonguss, M
|poke|p2|Skarmory, F
|poke|p2|Mienshao, F
|poke|p2|Chansey, F
|rule|Swagger Clause: Swagger is banned
|rule|Baton Pass Clause: Limit one PokÃ©mon knowing Baton Pass
|rule|Sleep Clause Mod: Limit one foe put to sleep
|rule|Species Clause: Limit one of each PokÃ©mon
|rule|OHKO Clause: OHKO moves are banned
|rule|Moody Clause: Moody is banned
|rule|Evasion Moves Clause: Evasion moves are banned
|rule|Endless Battle Clause: Forcing endless battles is banned
|rule|HP Percentage Mod: HP is shown in percentages
|teampreview
|join|Like me 2
|join|gamerguy1123
|
|start
|switch|p1a: Diancie|Diancie|241\/241
|switch|p2a: Chansey|Chansey, F|703\/703
|turn|1
|
|detailschange|p1a: Diancie|Diancie-Mega
|-mega|p1a: Diancie|Diancie|Diancite
|move|p1a: Diancie|Stealth Rock|p2a: Chansey
|-sidestart|p2: Drina Auguste|move: Stealth Rock
|move|p2a: Chansey|Seismic Toss|p1a: Diancie
|-damage|p1a: Diancie|141\/241
|
|turn|2
|c| gamerguy1123|wat
|c| gamerguy1123|how did it do that much?
|
|switch|p1a: Diggersby|Diggersby, M|311\/311
|move|p2a: Chansey|Seismic Toss|p1a: Diggersby
|-damage|p1a: Diggersby|211\/311
|
|turn|3
|c| Like me 2|diancie has only 50 hp bp
|c|âDrina Auguste|diancie has like 50 hp base
|c| gamerguy1123|oh ok
|
|switch|p1a: Raikou|Raikou|321\/321
|-ability|p1a: Raikou|Pressure
|switch|p2a: Skarmory|Skarmory, F|329\/329
|-damage|p2a: Skarmory|288\/329|[from] Stealth Rock
|
|turn|4
|
|switch|p2a: Amoonguss|Amoonguss, M|431\/431
|-damage|p2a: Amoonguss|378\/431|[from] Stealth Rock
|move|p1a: Raikou|Volt Switch|p2a: Amoonguss
|-resisted|p2a: Amoonguss
|-damage|p2a: Amoonguss|304\/431
|join|ANON93
|
|switch|p1a: Tornadus-Therian|Tornadus-Therian, M|299\/299
|
|-heal|p2a: Amoonguss|330\/431|[from] item: Black Sludge
|turn|5
|
|switch|p2a: Chansey|Chansey, F|703\/703
|-damage|p2a: Chansey|616\/703|[from] Stealth Rock
|move|p1a: Tornadus-Therian|Hurricane|p2a: Chansey
|-damage|p2a: Chansey|480\/703
|-damage|p1a: Tornadus-Therian|270\/299|[from] item: Life Orb
|
|turn|6
|
|move|p1a: Tornadus-Therian|Knock Off|p2a: Chansey
|-damage|p2a: Chansey|346\/703
|-enditem|p2a: Chansey|Eviolite|[from] move: Knock Off|[of] p1a: Tornadus-Therian
|-damage|p1a: Tornadus-Therian|241\/299|[from] item: Life Orb
|move|p2a: Chansey|Soft-Boiled|p2a: Chansey
|-heal|p2a: Chansey|698\/703
|
|turn|7
|
|move|p1a: Tornadus-Therian|Superpower|p2a: Chansey
|-supereffective|p2a: Chansey
|-damage|p2a: Chansey|152\/703
|-unboost|p1a: Tornadus-Therian|atk|1
|-unboost|p1a: Tornadus-Therian|def|1
|-damage|p1a: Tornadus-Therian|212\/299|[from] item: Life Orb
|move|p2a: Chansey|Soft-Boiled|p2a: Chansey
|-heal|p2a: Chansey|504\/703
|
|turn|8
|
|switch|p1a: Landorus-Therian|Landorus-Therian, M|324\/324
|-ability|p1a: Landorus-Therian|Intimidate|[of] p2a: Chansey
|-unboost|p2a: Chansey|atk|1
|move|p2a: Chansey|Stealth Rock|p1a: Landorus-Therian
|-sidestart|p1: WECAMEASROMANS|move: Stealth Rock
|
|turn|9
|
|move|p1a: Landorus-Therian|U-turn|p2a: Chansey
|-damage|p2a: Chansey|324\/703
|
|switch|p1a: Diggersby|Diggersby, M|211\/311
|-damage|p1a: Diggersby|192\/311|[from] Stealth Rock
|move|p2a: Chansey|Soft-Boiled|p2a: Chansey
|-heal|p2a: Chansey|676\/703
|
|turn|10
|
|switch|p2a: Skarmory|Skarmory, F|288\/329
|-damage|p2a: Skarmory|247\/329|[from] Stealth Rock
|move|p1a: Diggersby|Spikes|p2a: Skarmory
|-sidestart|p2: Drina Auguste|Spikes
|
|turn|11
|
|switch|p1a: Raikou|Raikou|321\/321
|-damage|p1a: Raikou|281\/321|[from] Stealth Rock
|-ability|p1a: Raikou|Pressure
|move|p2a: Skarmory|Roost|p2a: Skarmory
|-heal|p2a: Skarmory|329\/329
|
|turn|12
|join|ThimoLimo
|
|move|p1a: Raikou|Volt Switch|p2a: Skarmory
|-supereffective|p2a: Skarmory
|-damage|p2a: Skarmory|3\/329
|
|switch|p1a: Tornadus-Therian|Tornadus-Therian, M|299\/299
|-damage|p1a: Tornadus-Therian|225\/299|[from] Stealth Rock
|move|p2a: Skarmory|Roost|p2a: Skarmory
|-heal|p2a: Skarmory|168\/329
|
|turn|13
|join|Cienight
|c| Cienight|wecameasgreeks
|join|JustB1az3
|join|ugotslowbro'ed
|
|switch|p2a: Chansey|Chansey, F|676\/703
|-damage|p2a: Chansey|589\/703|[from] Stealth Rock
|-damage|p2a: Chansey|502\/703|[from] Spikes
|move|p1a: Tornadus-Therian|Heat Wave|p2a: Chansey
|-damage|p2a: Chansey|382\/703
|-damage|p1a: Tornadus-Therian|196\/299|[from] item: Life Orb
|
|turn|14
|
|move|p1a: Tornadus-Therian|Superpower|p2a: Chansey
|-supereffective|p2a: Chansey
|-damage|p2a: Chansey|0 fnt
|-unboost|p1a: Tornadus-Therian|atk|1
|-unboost|p1a: Tornadus-Therian|def|1
|-damage|p1a: Tornadus-Therian|167\/299|[from] item: Life Orb
|faint|p2a: Chansey
|
|
|switch|p2a: Mienshao|Mienshao, F|271\/271
|-damage|p2a: Mienshao|255\/271|[from] Stealth Rock
|-damage|p2a: Mienshao|222\/271|[from] Spikes
|turn|15
|
|switch|p1a: Landorus-Therian|Landorus-Therian, M|324\/324
|-damage|p1a: Landorus-Therian|284\/324|[from] Stealth Rock
|-ability|p1a: Landorus-Therian|Intimidate|[of] p2a: Mienshao
|-unboost|p2a: Mienshao|atk|1
|move|p2a: Mienshao|High Jump Kick|p1a: Landorus-Therian
|-resisted|p1a: Landorus-Therian
|-damage|p1a: Landorus-Therian|206\/324
|
|turn|16
|
|switch|p2a: Skarmory|Skarmory, F|168\/329
|-damage|p2a: Skarmory|127\/329|[from] Stealth Rock
|move|p1a: Landorus-Therian|U-turn|p2a: Skarmory
|-resisted|p2a: Skarmory
|-damage|p2a: Skarmory|115\/329
|-damage|p1a: Landorus-Therian|152\/324|[from] item: Rocky Helmet|[of] p2a: Skarmory
|join|belgrade
|
|switch|p1a: Tornadus-Therian|Tornadus-Therian, M|266\/299
|-damage|p1a: Tornadus-Therian|192\/299|[from] Stealth Rock
|
|turn|17
|leave|JustB1az3
|
|move|p1a: Tornadus-Therian|Heat Wave|p2a: Skarmory
|-supereffective|p2a: Skarmory
|-damage|p2a: Skarmory|0 fnt
|-damage|p1a: Tornadus-Therian|163\/299|[from] item: Life Orb
|faint|p2a: Skarmory
|
|
|switch|p2a: Mienshao|Mienshao, F|271\/271
|-damage|p2a: Mienshao|238\/271|[from] Spikes
|-damage|p2a: Mienshao|222\/271|[from] Stealth Rock
|turn|18
|
|move|p2a: Mienshao|U-turn|p1a: Tornadus-Therian
|-resisted|p1a: Tornadus-Therian
|-damage|p1a: Tornadus-Therian|108\/299
|
|switch|p2a: Slowbro|Slowbro, F|393\/393
|-damage|p2a: Slowbro|344\/393|[from] Stealth Rock
|-damage|p2a: Slowbro|295\/393|[from] Spikes
|move|p1a: Tornadus-Therian|Hurricane|p2a: Slowbro
|-damage|p2a: Slowbro|18\/393
|-damage|p1a: Tornadus-Therian|79\/299|[from] item: Life Orb
|
|-heal|p2a: Slowbro|42\/393|[from] item: Leftovers
|turn|19
|
|move|p1a: Tornadus-Therian|Knock Off|p2a: Slowbro
|-supereffective|p2a: Slowbro
|-damage|p2a: Slowbro|0 fnt
|-enditem|p2a: Slowbro|Leftovers|[from] move: Knock Off|[of] p1a: Tornadus-Therian
|-damage|p1a: Tornadus-Therian|50\/299|[from] item: Life Orb
|faint|p2a: Slowbro
|
|join|CleanerThanRotom-W
|
|switch|p2a: Mienshao|Mienshao, F|271\/271
|-damage|p2a: Mienshao|238\/271|[from] Spikes
|-damage|p2a: Mienshao|222\/271|[from] Stealth Rock
|turn|20
|
|switch|p1a: Diancie|Diancie-Mega|141\/241
|-damage|p1a: Diancie|111\/241|[from] Stealth Rock
|move|p2a: Mienshao|High Jump Kick|p1a: Diancie
|-damage|p1a: Diancie|0 fnt
|faint|p1a: Diancie
|
|
|switch|p1a: Landorus-Therian|Landorus-Therian, M|152\/324
|-damage|p1a: Landorus-Therian|112\/324|[from] Stealth Rock
|-ability|p1a: Landorus-Therian|Intimidate|[of] p2a: Mienshao
|-unboost|p2a: Mienshao|atk|1
|turn|21
|
|switch|p2a: Amoonguss|Amoonguss, M|431\/431
|-damage|p2a: Amoonguss|378\/431|[from] Stealth Rock
|-damage|p2a: Amoonguss|325\/431|[from] Spikes
|move|p1a: Landorus-Therian|Earthquake|p2a: Amoonguss
|-damage|p2a: Amoonguss|163\/431
|
|-heal|p2a: Amoonguss|189\/431|[from] item: Black Sludge
|turn|22
|join|Big the Hedgehog
|c| gamerguy1123|dayum
|
|switch|p1a: Bisharp|Bisharp, M|271\/271
|-damage|p1a: Bisharp|255\/271|[from] Stealth Rock
|move|p2a: Amoonguss|Spore|p1a: Bisharp
|-status|p1a: Bisharp|slp
|
|-heal|p2a: Amoonguss|215\/431|[from] item: Black Sludge
|turn|23
|join|bunnytokki
|c| gamerguy1123|yo is assault vest amoongus any good?
|
|switch|p1a: Tornadus-Therian|Tornadus-Therian, M|149\/299
|-damage|p1a: Tornadus-Therian|75\/299|[from] Stealth Rock
|switch|p2a: Mienshao|Mienshao, F|271\/271
|-damage|p2a: Mienshao|255\/271|[from] Stealth Rock
|-damage|p2a: Mienshao|222\/271|[from] Spikes
|
|turn|24
|join|Bad Players
|
|switch|p1a: Diggersby|Diggersby, M|192\/311
|-damage|p1a: Diggersby|173\/311|[from] Stealth Rock
|move|p2a: Mienshao|High Jump Kick|p1a: Diggersby
|-supereffective|p1a: Diggersby
|-damage|p1a: Diggersby|0 fnt
|faint|p1a: Diggersby
|
|
|switch|p1a: Landorus-Therian|Landorus-Therian, M|112\/324
|-damage|p1a: Landorus-Therian|72\/324|[from] Stealth Rock
|-ability|p1a: Landorus-Therian|Intimidate|[of] p2a: Mienshao
|-unboost|p2a: Mienshao|atk|1
|turn|25
|join|XvolcaronaX
|join|Ian Bavitz
|leave|Ian Bavitz
|
|switch|p2a: Amoonguss|Amoonguss, M|358\/431
|-damage|p2a: Amoonguss|305\/431|[from] Stealth Rock
|-damage|p2a: Amoonguss|252\/431|[from] Spikes
|move|p1a: Landorus-Therian|Earthquake|p2a: Amoonguss
|-damage|p2a: Amoonguss|68\/431
|
|-heal|p2a: Amoonguss|94\/431|[from] item: Black Sludge
|turn|26
|
|move|p1a: Landorus-Therian|Earthquake|p2a: Amoonguss
|-damage|p2a: Amoonguss|0 fnt
|faint|p2a: Amoonguss
|
|
|switch|p2a: Mienshao|Mienshao, F|271\/271
|-damage|p2a: Mienshao|255\/271|[from] Stealth Rock
|-damage|p2a: Mienshao|222\/271|[from] Spikes
|turn|27
|
|switch|p1a: Bisharp|Bisharp, M|255\/271 slp
|-damage|p1a: Bisharp|239\/271 slp|[from] Stealth Rock
|move|p2a: Mienshao|High Jump Kick|p1a: Bisharp
|-supereffective|p1a: Bisharp
|-damage|p1a: Bisharp|0 fnt
|faint|p1a: Bisharp
|
|
|switch|p1a: Tornadus-Therian|Tornadus-Therian, M|174\/299
|-damage|p1a: Tornadus-Therian|100\/299|[from] Stealth Rock
|turn|28
|
|move|p2a: Mienshao|High Jump Kick|p1a: Tornadus-Therian
|-resisted|p1a: Tornadus-Therian
|-damage|p1a: Tornadus-Therian|0 fnt
|faint|p1a: Tornadus-Therian
|
|
|switch|p1a: Raikou|Raikou|281\/321
|-damage|p1a: Raikou|241\/321|[from] Stealth Rock
|-ability|p1a: Raikou|Pressure
|turn|29
|
|move|p2a: Mienshao|High Jump Kick|p1a: Raikou
|-damage|p1a: Raikou|0 fnt
|faint|p1a: Raikou
|
|
|switch|p1a: Landorus-Therian|Landorus-Therian, M|72\/324
|-damage|p1a: Landorus-Therian|32\/324|[from] Stealth Rock
|-ability|p1a: Landorus-Therian|Intimidate|[of] p2a: Mienshao
|-unboost|p2a: Mienshao|atk|1
|turn|30
|
|switch|p2a: Diancie|Diancie|259\/259
|-damage|p2a: Diancie|227\/259|[from] Stealth Rock
|-damage|p2a: Diancie|195\/259|[from] Spikes
|move|p1a: Landorus-Therian|Earthquake|p2a: Diancie
|-supereffective|p2a: Diancie
|-damage|p2a: Diancie|0 fnt
|faint|p2a: Diancie
|
|
|switch|p2a: Mienshao|Mienshao, F|271\/271
|-damage|p2a: Mienshao|255\/271|[from] Stealth Rock
|-damage|p2a: Mienshao|222\/271|[from] Spikes
|turn|31
|
|move|p2a: Mienshao|Knock Off|p1a: Landorus-Therian
|-damage|p1a: Landorus-Therian|0 fnt
|-enditem|p1a: Landorus-Therian|Choice Scarf|[from] move: Knock Off|[of] p2a: Mienshao
|faint|p1a: Landorus-Therian
|
|win|Drina Auguste
|raw|Ladder updating...
|raw|WECAMEASROMANS's rating: 1732 &rarr; <strong>1703<\/strong><br \/>(-29 for losing)
|raw|Drina Auguste's rating: 1552 &rarr; <strong>1581<\/strong><br \/>(+29 for winning)
|leave|WECAMEASROMANS