|join|lil manaphy
|join|Drina Auguste
|player|p1|lil manaphy|34
|player|p2|Drina Auguste|98
|gametype|singles
|gen|6
|tier|OU
|rated
|clearpoke
|poke|p1|Diancie
|poke|p1|Ferrothorn, M
|poke|p1|Gothitelle, F
|poke|p1|Landorus-Therian, M
|poke|p1|Conkeldurr, M
|poke|p1|Mandibuzz, F
|poke|p2|Slowbro, M
|poke|p2|Diancie
|poke|p2|Amoonguss, M
|poke|p2|Skarmory, M
|poke|p2|Mienshao, M
|poke|p2|Chansey, F
|rule|Swagger Clause: Swagger is banned
|rule|Baton Pass Clause: Limit one PokÃ©mon knowing Baton Pass
|rule|Sleep Clause Mod: Limit one foe put to sleep
|rule|Species Clause: Limit one of each PokÃ©mon
|rule|OHKO Clause: OHKO moves are banned
|rule|Moody Clause: Moody is banned
|rule|Evasion Moves Clause: Evasion moves are banned
|rule|Endless Battle Clause: Forcing endless battles is banned
|rule|HP Percentage Mod: HP is shown in percentages
|teampreview
|
|start
|switch|p1a: Diancie|Diancie|241\/241
|switch|p2a: Mienshao|Mienshao, M|271\/271
|turn|1
|
|detailschange|p1a: Diancie|Diancie-Mega
|-mega|p1a: Diancie|Diancie|Diancite
|move|p1a: Diancie|Protect|p1a: Diancie
|-singleturn|p1a: Diancie|Protect
|move|p2a: Mienshao|U-turn|p1a: Diancie
|-activate|p1a: Diancie|Protect
|
|turn|2
|
|switch|p2a: Amoonguss|Amoonguss, M|431\/431
|move|p1a: Diancie|Moonblast|p2a: Amoonguss
|-resisted|p2a: Amoonguss
|-damage|p2a: Amoonguss|312\/431
|
|-heal|p2a: Amoonguss|338\/431|[from] item: Black Sludge
|turn|3
|
|switch|p1a: Landorus-Therian|Landorus-Therian, M|382\/382
|-ability|p1a: Landorus-Therian|Intimidate|[of] p2a: Amoonguss
|-unboost|p2a: Amoonguss|atk|1
|move|p2a: Amoonguss|Giga Drain|p1a: Landorus-Therian
|-damage|p1a: Landorus-Therian|294\/382
|-heal|p2a: Amoonguss|382\/431|[from] drain|[of] p1a: Landorus-Therian
|
|-heal|p1a: Landorus-Therian|317\/382|[from] item: Leftovers
|-heal|p2a: Amoonguss|408\/431|[from] item: Black Sludge
|turn|4
|
|move|p1a: Landorus-Therian|Stealth Rock|p2a: Amoonguss
|-sidestart|p2: Drina Auguste|move: Stealth Rock
|move|p2a: Amoonguss|Spore|p1a: Landorus-Therian
|-status|p1a: Landorus-Therian|slp
|
|-heal|p1a: Landorus-Therian|340\/382 slp|[from] item: Leftovers
|-heal|p2a: Amoonguss|431\/431|[from] item: Black Sludge
|turn|5
|
|switch|p1a: Gothitelle|Gothitelle, F|301\/301
|switch|p2a: Mienshao|Mienshao, M|271\/271
|-damage|p2a: Mienshao|255\/271|[from] Stealth Rock
|
|turn|6
|
|move|p2a: Mienshao|U-turn|p1a: Gothitelle
|-supereffective|p1a: Gothitelle
|-damage|p1a: Gothitelle|127\/301
|
|switch|p2a: Chansey|Chansey, F|703\/703
|-damage|p2a: Chansey|616\/703|[from] Stealth Rock
|move|p1a: Gothitelle|Psychic|p2a: Chansey
|-damage|p2a: Chansey|541\/703
|
|turn|7
|
|switch|p1a: Conkeldurr|Conkeldurr, M|352\/352
|move|p2a: Chansey|Stealth Rock|p1a: Conkeldurr
|-sidestart|p1: lil manaphy|move: Stealth Rock
|
|turn|8
|
|switch|p2a: Slowbro|Slowbro, M|393\/393
|-damage|p2a: Slowbro|344\/393|[from] Stealth Rock
|move|p1a: Conkeldurr|Knock Off|p2a: Slowbro
|-supereffective|p2a: Slowbro
|-damage|p2a: Slowbro|154\/393
|-enditem|p2a: Slowbro|Leftovers|[from] move: Knock Off|[of] p1a: Conkeldurr
|
|turn|9
|
|move|p1a: Conkeldurr|Knock Off|p2a: Slowbro
|-supereffective|p2a: Slowbro
|-damage|p2a: Slowbro|42\/393
|move|p2a: Slowbro|Slack Off|p2a: Slowbro
|-heal|p2a: Slowbro|239\/393
|
|turn|10
|
|switch|p1a: Ferrothorn|Ferrothorn, M|352\/352
|-damage|p1a: Ferrothorn|330\/352|[from] Stealth Rock
|move|p2a: Slowbro|Slack Off|p2a: Slowbro
|-heal|p2a: Slowbro|393\/393
|
|turn|11
|
|move|p2a: Slowbro|Fire Blast|p1a: Ferrothorn
|-supereffective|p1a: Ferrothorn
|-damage|p1a: Ferrothorn|54\/352
|move|p1a: Ferrothorn|Thunder Wave|p2a: Slowbro
|-status|p2a: Slowbro|par
|
|turn|12
|
|switch|p1a: Mandibuzz|Mandibuzz, F|424\/424
|-damage|p1a: Mandibuzz|318\/424|[from] Stealth Rock
|move|p2a: Slowbro|Fire Blast|p1a: Mandibuzz
|-damage|p1a: Mandibuzz|222\/424
|
|-heal|p1a: Mandibuzz|248\/424|[from] item: Leftovers
|turn|13
|
|switch|p2a: Diancie|Diancie|259\/259
|-damage|p2a: Diancie|227\/259|[from] Stealth Rock
|move|p1a: Mandibuzz|Roost|p1a: Mandibuzz
|-heal|p1a: Mandibuzz|424\/424
|
|turn|14
|
|switch|p1a: Ferrothorn|Ferrothorn, M|54\/352
|-damage|p1a: Ferrothorn|32\/352|[from] Stealth Rock
|detailschange|p2a: Diancie|Diancie-Mega
|-mega|p2a: Diancie|Diancie|Diancite
|move|p2a: Diancie|Rock Polish|p2a: Diancie
|-boost|p2a: Diancie|spe|2
|
|turn|15
|-message|lil manaphy forfeited.
|leave|lil manaphy
|
|win|Drina Auguste
|raw|Ladder updating...
|player|p1
|raw|lil manaphy's rating: 1717 &rarr; <strong>1689<\/strong><br \/>(-28 for losing)
|raw|Drina Auguste's rating: 1571 &rarr; <strong>1599<\/strong><br \/>(+28 for winning)