|join|Drina Auguste
|join|Borncool
|player|p1|Drina Auguste|98
|player|p2|Borncool|154
|gametype|singles
|gen|6
|tier|OU (suspect test)
|rated
|clearpoke
|poke|p1|Chesnaught, M
|poke|p1|Gardevoir, F
|poke|p1|Landorus-Therian, M
|poke|p1|Heatran, M
|poke|p1|Rotom-Wash
|poke|p1|Latios, M
|poke|p2|Gothitelle, F
|poke|p2|Politoed, F
|poke|p2|Breloom, F
|poke|p2|Swampert, F
|poke|p2|Kingdra, F
|poke|p2|Rotom-Wash
|rule|Swagger Clause: Swagger is banned
|rule|Baton Pass Clause: Limit one PokÃ©mon knowing Baton Pass
|rule|Sleep Clause Mod: Limit one foe put to sleep
|rule|Species Clause: Limit one of each PokÃ©mon
|rule|OHKO Clause: OHKO moves are banned
|rule|Moody Clause: Moody is banned
|rule|Evasion Moves Clause: Evasion moves are banned
|rule|Endless Battle Clause: Forcing endless battles is banned
|rule|HP Percentage Mod: HP is shown in percentages
|teampreview
|join|Assaltwaffle
|leave|Assaltwaffle
|
|start
|switch|p1a: Gardevoir|Gardevoir, F|285\/285
|switch|p2a: Politoed|Politoed, F|355\/355
|-ability|p1a: Gardevoir|Drizzle|[from] ability: Trace|[of] p2a: Politoed
|-weather|RainDance
|turn|1
|
|detailschange|p1a: Gardevoir|Gardevoir-Mega, F
|-mega|p1a: Gardevoir|Gardevoir|Gardevoirite
|move|p1a: Gardevoir|Hyper Voice|p2a: Politoed
|-damage|p2a: Politoed|130\/355
|move|p2a: Politoed|Scald|p1a: Gardevoir
|-damage|p1a: Gardevoir|174\/285
|
|-weather|RainDance|[upkeep]
|turn|2
|
|switch|p2a: Gothitelle|Gothitelle, F|281\/281
|move|p1a: Gardevoir|Hyper Voice|p2a: Gothitelle
|-damage|p2a: Gothitelle|41\/281
|
|-weather|RainDance|[upkeep]
|turn|3
|
|move|p1a: Gardevoir|Hyper Voice|p2a: Gothitelle
|-damage|p2a: Gothitelle|0 fnt
|faint|p2a: Gothitelle
|
|-weather|RainDance|[upkeep]
|
|switch|p2a: Swampert|Swampert, F|342\/342
|turn|4
|
|switch|p1a: Chesnaught|Chesnaught, M|379\/379
|detailschange|p2a: Swampert|Swampert-Mega, F
|-mega|p2a: Swampert|Swampert|Swampertite
|move|p2a: Swampert|Protect|p2a: Swampert
|-fail|p2a: Swampert
|
|-weather|RainDance|[upkeep]
|turn|5
|
|switch|p2a: Breloom|Breloom, F|262\/262
|move|p1a: Chesnaught|Spikes|p2a: Breloom
|-sidestart|p2: Borncool|Spikes
|
|-weather|none
|-status|p2a: Breloom|tox|[from] item: Toxic Orb
|turn|6
|
|move|p2a: Breloom|Seed Bomb|p1a: Chesnaught
|-immune|p1a: Chesnaught|[msg]|[from] Bulletproof
|move|p1a: Chesnaught|Spikes|p2a: Breloom
|-sidestart|p2: Borncool|Spikes
|
|turn|7
|
|move|p2a: Breloom|Drain Punch|p1a: Chesnaught
|-damage|p1a: Chesnaught|294\/379
|move|p1a: Chesnaught|Spikes|p2a: Breloom
|-sidestart|p2: Borncool|Spikes
|
|-heal|p1a: Chesnaught|317\/379|[from] item: Leftovers
|turn|8
|
|move|p1a: Chesnaught|Spiky Shield|p1a: Chesnaught
|-singleturn|p1a: Chesnaught|move: Protect
|move|p2a: Breloom|Substitute|p2a: Breloom
|-start|p2a: Breloom|Substitute
|-damage|p2a: Breloom|197\/262 tox
|
|-heal|p1a: Chesnaught|340\/379|[from] item: Leftovers
|-heal|p2a: Breloom|229\/262 tox|[from] ability: Poison Heal
|turn|9
|
|move|p2a: Breloom|Seed Bomb|p1a: Chesnaught
|-immune|p1a: Chesnaught|[msg]|[from] Bulletproof
|move|p1a: Chesnaught|Drain Punch|p2a: Breloom
|-end|p2a: Breloom|Substitute
|-heal|p1a: Chesnaught|373\/379|[from] drain|[of] p2a: Breloom
|
|-heal|p1a: Chesnaught|379\/379|[from] item: Leftovers
|-heal|p2a: Breloom|261\/262 tox|[from] ability: Poison Heal
|turn|10
|
|move|p2a: Breloom|Drain Punch|p1a: Chesnaught
|-damage|p1a: Chesnaught|292\/379
|-heal|p2a: Breloom|262\/262 tox|[from] drain|[of] p1a: Chesnaught
|move|p1a: Chesnaught|Drain Punch|p2a: Breloom
|-damage|p2a: Breloom|150\/262 tox
|-heal|p1a: Chesnaught|348\/379|[from] drain|[of] p2a: Breloom
|
|-heal|p1a: Chesnaught|371\/379|[from] item: Leftovers
|-heal|p2a: Breloom|182\/262 tox|[from] ability: Poison Heal
|turn|11
|
|move|p2a: Breloom|Drain Punch|p1a: Chesnaught
|-damage|p1a: Chesnaught|287\/379
|-heal|p2a: Breloom|224\/262 tox|[from] drain|[of] p1a: Chesnaught
|move|p1a: Chesnaught|Drain Punch|p2a: Breloom
|-damage|p2a: Breloom|116\/262 tox
|-heal|p1a: Chesnaught|341\/379|[from] drain|[of] p2a: Breloom
|
|-heal|p1a: Chesnaught|364\/379|[from] item: Leftovers
|-heal|p2a: Breloom|148\/262 tox|[from] ability: Poison Heal
|turn|12
|
|switch|p2a: Kingdra|Kingdra, F|292\/292
|-damage|p2a: Kingdra|219\/292|[from] Spikes
|move|p1a: Chesnaught|Drain Punch|p2a: Kingdra
|-damage|p2a: Kingdra|125\/292
|-heal|p1a: Chesnaught|379\/379|[from] drain|[of] p2a: Kingdra
|
|turn|13
|
|move|p1a: Chesnaught|Spiky Shield|p1a: Chesnaught
|-singleturn|p1a: Chesnaught|move: Protect
|move|p2a: Kingdra|Ice Beam|p1a: Chesnaught
|-activate|p1a: Chesnaught|move: Protect
|
|turn|14
|
|switch|p1a: Rotom-Wash|Rotom-Wash|303\/303
|move|p2a: Kingdra|Scald|p1a: Rotom-Wash
|-resisted|p1a: Rotom-Wash
|-damage|p1a: Rotom-Wash|225\/303
|-status|p1a: Rotom-Wash|brn
|-damage|p2a: Kingdra|96\/292|[from] item: Life Orb
|
|-heal|p1a: Rotom-Wash|243\/303 brn|[from] item: Leftovers
|-damage|p1a: Rotom-Wash|206\/303 brn|[from] brn
|turn|15
|
|move|p2a: Kingdra|Draco Meteor|p1a: Rotom-Wash
|-damage|p1a: Rotom-Wash|0 fnt
|-unboost|p2a: Kingdra|spa|2
|-damage|p2a: Kingdra|67\/292|[from] item: Life Orb
|faint|p1a: Rotom-Wash
|
|
|switch|p1a: Landorus-Therian|Landorus-Therian, M|319\/319
|-ability|p1a: Landorus-Therian|Intimidate|[of] p2a: Kingdra
|-unboost|p2a: Kingdra|atk|1
|turn|16
|
|move|p1a: Landorus-Therian|U-turn|p2a: Kingdra
|-damage|p2a: Kingdra|0 fnt
|faint|p2a: Kingdra
|
|switch|p1a: Gardevoir|Gardevoir-Mega, F|174\/285
|
|
|switch|p2a: Politoed|Politoed, F|130\/355
|-damage|p2a: Politoed|42\/355|[from] Spikes
|-weather|RainDance
|turn|17
|
|move|p1a: Gardevoir|Hyper Voice|p2a: Politoed
|-damage|p2a: Politoed|0 fnt
|faint|p2a: Politoed
|
|-weather|RainDance|[upkeep]
|
|switch|p2a: Swampert|Swampert-Mega, F|342\/342
|-damage|p2a: Swampert|257\/342|[from] Spikes
|turn|18
|
|switch|p1a: Chesnaught|Chesnaught, M|379\/379
|move|p2a: Swampert|Ice Punch|p1a: Chesnaught
|-supereffective|p1a: Chesnaught
|-damage|p1a: Chesnaught|245\/379
|
|-weather|RainDance|[upkeep]
|-heal|p1a: Chesnaught|268\/379|[from] item: Leftovers
|turn|19
|
|move|p2a: Swampert|Protect|p2a: Swampert
|-singleturn|p2a: Swampert|Protect
|move|p1a: Chesnaught|Spiky Shield|p1a: Chesnaught
|-fail|p1a: Chesnaught
|
|-weather|RainDance|[upkeep]
|-heal|p1a: Chesnaught|291\/379|[from] item: Leftovers
|turn|20
|
|move|p1a: Chesnaught|Spiky Shield|p1a: Chesnaught
|-singleturn|p1a: Chesnaught|move: Protect
|move|p2a: Swampert|Ice Punch|p1a: Chesnaught
|-activate|p1a: Chesnaught|move: Protect
|-damage|p2a: Swampert|215\/342|[from] Spiky Shield|[of] p1a: Chesnaught
|
|-weather|RainDance|[upkeep]
|-heal|p1a: Chesnaught|314\/379|[from] item: Leftovers
|turn|21
|
|move|p2a: Swampert|Ice Punch|p1a: Chesnaught
|-supereffective|p1a: Chesnaught
|-damage|p1a: Chesnaught|164\/379
|move|p1a: Chesnaught|Leech Seed|p2a: Swampert
|-start|p2a: Swampert|move: Leech Seed
|
|-weather|RainDance|[upkeep]
|-heal|p1a: Chesnaught|187\/379|[from] item: Leftovers
|-damage|p2a: Swampert|173\/342|[from] Leech Seed|[of] p1a: Chesnaught
|-heal|p1a: Chesnaught|229\/379|[silent]
|turn|22
|
|switch|p2a: Rotom-Wash|Rotom-Wash|299\/299
|move|p1a: Chesnaught|Spiky Shield|p1a: Chesnaught
|-fail|p1a: Chesnaught
|
|-weather|RainDance|[upkeep]
|-heal|p1a: Chesnaught|252\/379|[from] item: Leftovers
|turn|23
|
|move|p1a: Chesnaught|Spiky Shield|p1a: Chesnaught
|-singleturn|p1a: Chesnaught|move: Protect
|move|p2a: Rotom-Wash|Will-O-Wisp|p1a: Chesnaught
|-activate|p1a: Chesnaught|move: Protect
|
|-weather|RainDance|[upkeep]
|-heal|p1a: Chesnaught|275\/379|[from] item: Leftovers
|turn|24
|
|switch|p1a: Latios|Latios, M|301\/301
|move|p2a: Rotom-Wash|Hydro Pump|p1a: Latios
|-resisted|p1a: Latios
|-damage|p1a: Latios|207\/301
|
|-weather|none
|turn|25
|
|move|p1a: Latios|Draco Meteor|p2a: Rotom-Wash
|-crit|p2a: Rotom-Wash
|-damage|p2a: Rotom-Wash|0 fnt
|-unboost|p1a: Latios|spa|2
|-damage|p1a: Latios|177\/301|[from] item: Life Orb
|faint|p2a: Rotom-Wash
|
|
|switch|p2a: Breloom|Breloom, F|148\/262 tox
|-damage|p2a: Breloom|83\/262 tox|[from] Spikes
|turn|26
|
|move|p1a: Latios|Psyshock|p2a: Breloom
|-supereffective|p2a: Breloom
|-damage|p2a: Breloom|0 fnt
|-damage|p1a: Latios|147\/301|[from] item: Life Orb
|faint|p2a: Breloom
|
|
|switch|p2a: Swampert|Swampert-Mega, F|173\/342
|-damage|p2a: Swampert|88\/342|[from] Spikes
|turn|27
|
|move|p1a: Latios|Draco Meteor|p2a: Swampert
|-damage|p2a: Swampert|0 fnt
|-unboost|p1a: Latios|spa|2
|-damage|p1a: Latios|117\/301|[from] item: Life Orb
|faint|p2a: Swampert
|
|win|Drina Auguste
|raw|Ladder updating...
|raw|Drina Auguste's rating: 1396 &rarr; <strong>1413<\/strong><br \/>(+17 for winning)
|raw|Borncool's rating: 1351 &rarr; <strong>1334<\/strong><br \/>(-17 for losing)