|join|Drina Auguste
|join|TheBlueSun
|player|p1|Drina Auguste|98
|player|p2|TheBlueSun|15
|gametype|singles
|gen|6
|tier|OU (suspect test)
|rated
|clearpoke
|poke|p1|Chesnaught, F
|poke|p1|Gardevoir, M
|poke|p1|Landorus-Therian, M
|poke|p1|Heatran, F
|poke|p1|Rotom-Wash
|poke|p1|Latios, M
|poke|p2|Sableye, M, shiny
|poke|p2|Sylveon, F, shiny
|poke|p2|Skarmory, F, shiny
|poke|p2|Quagsire, F, shiny
|poke|p2|Alomomola, F, shiny
|poke|p2|Victini
|rule|Swagger Clause: Swagger is banned
|rule|Baton Pass Clause: Limit one PokÃ©mon knowing Baton Pass
|rule|Sleep Clause Mod: Limit one foe put to sleep
|rule|Species Clause: Limit one of each PokÃ©mon
|rule|OHKO Clause: OHKO moves are banned
|rule|Moody Clause: Moody is banned
|rule|Evasion Moves Clause: Evasion moves are banned
|rule|Endless Battle Clause: Forcing endless battles is banned
|rule|HP Percentage Mod: HP is shown in percentages
|teampreview
|c|âTheBlueSun|gl hf
|
|start
|switch|p1a: Gardevoir|Gardevoir, M|285\/285
|switch|p2a: Victini|Victini|403\/403
|-ability|p1a: Gardevoir|Victory Star|[from] ability: Trace|[of] p2a: Victini
|turn|1
|
|switch|p1a: Heatran|Heatran, F|385\/385
|move|p2a: Victini|Bolt Strike|p1a: Heatran
|-crit|p1a: Heatran
|-damage|p1a: Heatran|246\/385
|-status|p1a: Heatran|par
|
|-heal|p1a: Heatran|270\/385 par|[from] item: Leftovers
|turn|2
|c|âTheBlueSun|sorry :\/
|
|move|p2a: Victini|Taunt|p1a: Heatran
|-start|p1a: Heatran|move: Taunt
|cant|p1a: Heatran|par
|
|-heal|p1a: Heatran|294\/385 par|[from] item: Leftovers
|turn|3
|
|switch|p2a: Quagsire|Quagsire, F, shiny|394\/394
|switch|p1a: Landorus-Therian|Landorus-Therian, M|319\/319
|-ability|p1a: Landorus-Therian|Intimidate|[of] p2a: Quagsire
|-unboost|p2a: Quagsire|atk|1
|
|turn|4
|
|move|p1a: Landorus-Therian|U-turn|p2a: Quagsire
|-damage|p2a: Quagsire|323\/394
|
|switch|p1a: Rotom-Wash|Rotom-Wash|303\/303
|move|p2a: Quagsire|Toxic|p1a: Rotom-Wash
|-status|p1a: Rotom-Wash|tox
|
|-heal|p2a: Quagsire|347\/394|[from] item: Leftovers
|-damage|p1a: Rotom-Wash|285\/303 tox|[from] psn
|turn|5
|
|move|p1a: Rotom-Wash|Volt Switch|p2a: Quagsire
|-immune|p2a: Quagsire|[msg]
|move|p2a: Quagsire|Recover|p2a: Quagsire
|-heal|p2a: Quagsire|394\/394
|
|-heal|p1a: Rotom-Wash|303\/303 tox|[from] item: Leftovers
|-damage|p1a: Rotom-Wash|267\/303 tox|[from] psn
|turn|6
|
|move|p1a: Rotom-Wash|Will-O-Wisp|p2a: Quagsire
|-status|p2a: Quagsire|brn
|move|p2a: Quagsire|Toxic|p1a: Rotom-Wash
|-fail|p1a: Rotom-Wash|tox
|
|-heal|p1a: Rotom-Wash|285\/303 tox|[from] item: Leftovers
|-damage|p1a: Rotom-Wash|231\/303 tox|[from] psn
|-damage|p2a: Quagsire|345\/394 brn|[from] brn
|turn|7
|
|switch|p1a: Heatran|Heatran, F|294\/385 par
|move|p2a: Quagsire|Recover|p2a: Quagsire
|-heal|p2a: Quagsire|394\/394 brn
|
|-heal|p1a: Heatran|318\/385 par|[from] item: Leftovers
|-damage|p2a: Quagsire|345\/394 brn|[from] brn
|turn|8
|
|move|p2a: Quagsire|Scald|p1a: Heatran
|-supereffective|p1a: Heatran
|-damage|p1a: Heatran|226\/385 par
|move|p1a: Heatran|Stealth Rock|p2a: Quagsire
|-sidestart|p2: TheBlueSun|move: Stealth Rock
|
|-heal|p2a: Quagsire|369\/394 brn|[from] item: Leftovers
|-heal|p1a: Heatran|250\/385 par|[from] item: Leftovers
|-damage|p2a: Quagsire|320\/394 brn|[from] brn
|turn|9
|
|switch|p1a: Latios|Latios, M|301\/301
|move|p2a: Quagsire|Toxic|p1a: Latios
|-status|p1a: Latios|tox
|
|-heal|p2a: Quagsire|344\/394 brn|[from] item: Leftovers
|-damage|p1a: Latios|283\/301 tox|[from] psn
|-damage|p2a: Quagsire|295\/394 brn|[from] brn
|turn|10
|
|switch|p2a: Sylveon|Sylveon, F, shiny|394\/394
|-damage|p2a: Sylveon|345\/394|[from] Stealth Rock
|move|p1a: Latios|Psyshock|p2a: Sylveon
|-damage|p2a: Sylveon|184\/394
|-damage|p1a: Latios|253\/301 tox|[from] item: Life Orb
|
|-heal|p2a: Sylveon|208\/394|[from] item: Leftovers
|-damage|p1a: Latios|217\/301 tox|[from] psn
|turn|11
|
|switch|p1a: Heatran|Heatran, F|250\/385 par
|move|p2a: Sylveon|Wish|p2a: Sylveon
|
|-heal|p2a: Sylveon|232\/394|[from] item: Leftovers
|-heal|p1a: Heatran|274\/385 par|[from] item: Leftovers
|turn|12
|
|move|p2a: Sylveon|Protect|p2a: Sylveon
|-singleturn|p2a: Sylveon|Protect
|move|p1a: Heatran|Toxic|p2a: Sylveon
|-activate|p2a: Sylveon|Protect
|
|-heal|p2a: Sylveon|394\/394|[from] move: Wish|[wisher] Sylveon
|-heal|p1a: Heatran|298\/385 par|[from] item: Leftovers
|turn|13
|
|move|p2a: Sylveon|Heal Bell|p2a: Sylveon
|-cureteam|p2a: Sylveon|[from] move: HealBell
|move|p1a: Heatran|Toxic|p2a: Sylveon
|-status|p2a: Sylveon|tox
|
|-heal|p1a: Heatran|322\/385 par|[from] item: Leftovers
|-damage|p2a: Sylveon|370\/394 tox|[from] psn
|turn|14
|
|switch|p1a: Gardevoir|Gardevoir, M|285\/285
|-ability|p1a: Gardevoir|Pixilate|[from] ability: Trace|[of] p2a: Sylveon
|move|p2a: Sylveon|Heal Bell|p2a: Sylveon
|-cureteam|p2a: Sylveon|[from] move: HealBell
|
|-heal|p2a: Sylveon|394\/394|[from] item: Leftovers
|turn|15
|
|switch|p1a: Heatran|Heatran, F|322\/385 par
|switch|p2a: Victini|Victini|403\/403
|-damage|p2a: Victini|303\/403|[from] Stealth Rock
|
|-heal|p2a: Victini|328\/403|[from] item: Leftovers
|-heal|p1a: Heatran|346\/385 par|[from] item: Leftovers
|turn|16
|
|switch|p1a: Landorus-Therian|Landorus-Therian, M|319\/319
|-ability|p1a: Landorus-Therian|Intimidate|[of] p2a: Victini
|-unboost|p2a: Victini|atk|1
|move|p2a: Victini|Taunt|p1a: Landorus-Therian
|-start|p1a: Landorus-Therian|move: Taunt
|
|-heal|p2a: Victini|353\/403|[from] item: Leftovers
|turn|17
|
|switch|p2a: Alomomola|Alomomola, F, shiny|533\/533
|-damage|p2a: Alomomola|467\/533|[from] Stealth Rock
|move|p1a: Landorus-Therian|U-turn|p2a: Alomomola
|-damage|p2a: Alomomola|352\/533
|
|switch|p1a: Gardevoir|Gardevoir, M|285\/285
|-ability|p1a: Gardevoir|Regenerator|[from] ability: Trace|[of] p2a: Alomomola
|
|-heal|p2a: Alomomola|385\/533|[from] item: Leftovers
|turn|18
|
|detailschange|p1a: Gardevoir|Gardevoir-Mega, M
|-mega|p1a: Gardevoir|Gardevoir|Gardevoirite
|move|p1a: Gardevoir|Hyper Voice|p2a: Alomomola
|-damage|p2a: Alomomola|79\/533
|move|p2a: Alomomola|Mirror Coat|p1a: Gardevoir
|-damage|p1a: Gardevoir|0 fnt
|faint|p1a: Gardevoir
|
|-heal|p2a: Alomomola|112\/533|[from] item: Leftovers
|
|switch|p1a: Landorus-Therian|Landorus-Therian, M|319\/319
|-ability|p1a: Landorus-Therian|Intimidate|[of] p2a: Alomomola
|-unboost|p2a: Alomomola|atk|1
|turn|19
|
|move|p2a: Alomomola|Protect|p2a: Alomomola
|-singleturn|p2a: Alomomola|Protect
|move|p1a: Landorus-Therian|U-turn|p2a: Alomomola
|-activate|p2a: Alomomola|Protect
|
|-heal|p2a: Alomomola|145\/533|[from] item: Leftovers
|turn|20
|-message|Drina Auguste forfeited.
|
|win|TheBlueSun
|raw|Ladder updating...
|leave|Drina Auguste
|player|p1
|raw|Drina Auguste's rating: 1511 &rarr; <strong>1489<\/strong><br \/>(-22 for losing)
|raw|TheBlueSun's rating: 1470 &rarr; <strong>1493<\/strong><br \/>(+23 for winning)
|c|âTheBlueSun|gg