|join|Chillingtilnoon
|join|SieKensou
|player|p1|Chillingtilnoon|106
|player|p2|SieKensou|214
|gametype|singles
|gen|6
|tier|ORAS OU
|rated
|rule|Sleep Clause Mod: Limit one foe put to sleep
|rule|Species Clause: Limit one of each PokÃ©mon
|rule|OHKO Clause: OHKO moves are banned
|rule|Moody Clause: Moody is banned
|rule|Evasion Moves Clause: Evasion moves are banned
|rule|Endless Battle Clause: Forcing endless battles is banned
|rule|HP Percentage Mod: HP is shown in percentages
|clearpoke
|poke|p1|Azumarill, F
|poke|p1|Landorus-Therian, M
|poke|p1|Magnezone
|poke|p1|Empoleon, F
|poke|p1|Salamence, F
|poke|p1|Conkeldurr, M
|poke|p2|Glalie, M
|poke|p2|Ditto, shiny
|poke|p2|Wobbuffet, M, shiny
|poke|p2|Mandibuzz, F
|poke|p2|Sylveon, F
|poke|p2|Landorus, M
|rule|Swagger Clause: Swagger is banned
|rule|Baton Pass Clause: Limit one PokÃ©mon knowing Baton Pass
|teampreview
|c|âSieKensou|gl hf
|c|âChillingtilnoon|u 2
|
|start
|switch|p1a: Landorus-Therian|Landorus-Therian, M|320\/320
|switch|p2a: Maleficent|Mandibuzz, F|423\/423
|-ability|p1a: Landorus-Therian|Intimidate|[of] p2a: Maleficent
|-unboost|p2a: Maleficent|atk|1
|turn|1
|
|move|p1a: Landorus-Therian|U-turn|p2a: Maleficent
|-damage|p2a: Maleficent|349\/423
|
|switch|p1a: Azumarill|Azumarill, F|398\/398
|move|p2a: Maleficent|Knock Off|p1a: Azumarill
|-resisted|p1a: Azumarill
|-damage|p1a: Azumarill|368\/398
|-enditem|p1a: Azumarill|Choice Band|[from] move: Knock Off|[of] p2a: Maleficent
|
|-heal|p2a: Maleficent|375\/423|[from] item: Leftovers
|turn|2
|
|switch|p2a: Valerie|Sylveon, F|394\/394
|move|p1a: Azumarill|Play Rough|p2a: Valerie
|-damage|p2a: Valerie|199\/394
|
|-heal|p2a: Valerie|223\/394|[from] item: Leftovers
|turn|3
|
|move|p2a: Valerie|Wish|p2a: Valerie
|move|p1a: Azumarill|Play Rough|p2a: Valerie
|-damage|p2a: Valerie|43\/394
|
|-heal|p2a: Valerie|67\/394|[from] item: Leftovers
|turn|4
|
|switch|p2a: Orion|Wobbuffet, M, shiny|528\/528
|move|p1a: Azumarill|Play Rough|p2a: Orion
|-damage|p2a: Orion|339\/528
|
|-heal|p2a: Orion|528\/528|[from] move: Wish|[wisher] Valerie
|turn|5
|
|move|p1a: Azumarill|Knock Off|p2a: Orion
|-supereffective|p2a: Orion
|-damage|p2a: Orion|250\/528
|-enditem|p2a: Orion|Leftovers|[from] move: Knock Off|[of] p1a: Azumarill
|move|p2a: Orion|Counter|p1a: Azumarill
|-damage|p1a: Azumarill|0 fnt
|faint|p1a: Azumarill
|
|
|switch|p1a: Landorus-Therian|Landorus-Therian, M|320\/320
|-ability|p1a: Landorus-Therian|Intimidate|[of] p2a: Orion
|-unboost|p2a: Orion|atk|1
|turn|6
|
|switch|p2a: Wannabe|Ditto, shiny|299\/299
|-transform|p2a: Wannabe|p1a: Landorus-Therian
|-ability|p2a: Wannabe|Intimidate|[of] p1a: Landorus-Therian
|-unboost|p1a: Landorus-Therian|atk|1
|move|p1a: Landorus-Therian|Explosion|p2a: Wannabe
|-damage|p2a: Wannabe|79\/299
|faint|p1a: Landorus-Therian
|
|
|switch|p1a: Empoleon|Empoleon, F|372\/372
|turn|7
|
|switch|p1a: Salamence|Salamence, F|331\/331
|-ability|p1a: Salamence|Intimidate|[of] p2a: Wannabe
|-unboost|p2a: Wannabe|atk|1
|move|p2a: Wannabe|Earthquake|p1a: Salamence
|-immune|p1a: Salamence|[msg]
|
|turn|8
|
|switch|p2a: Maleficent|Mandibuzz, F|375\/423
|switch|p1a: Empoleon|Empoleon, F|372\/372
|
|-heal|p2a: Maleficent|401\/423|[from] item: Leftovers
|turn|9
|
|move|p2a: Maleficent|Knock Off|p1a: Empoleon
|-damage|p1a: Empoleon|317\/372
|-enditem|p1a: Empoleon|Leftovers|[from] move: Knock Off|[of] p2a: Maleficent
|move|p1a: Empoleon|Stealth Rock|p2a: Maleficent
|-sidestart|p2: SieKensou|move: Stealth Rock
|
|-heal|p2a: Maleficent|423\/423|[from] item: Leftovers
|turn|10
|
|switch|p1a: Salamence|Salamence, F|331\/331
|-ability|p1a: Salamence|Intimidate|[of] p2a: Maleficent
|-unboost|p2a: Maleficent|atk|1
|move|p2a: Maleficent|Defog|p1a: Salamence
|-unboost|p1a: Salamence|evasion|1
|-sideend|p2: SieKensou|Stealth Rock|[from] move: Defog|[of] p2a: Maleficent
|
|turn|11
|
|move|p1a: Salamence|Dragon Dance|p1a: Salamence
|-boost|p1a: Salamence|atk|1
|-boost|p1a: Salamence|spe|1
|move|p2a: Maleficent|Foul Play|p1a: Salamence
|-damage|p1a: Salamence|0 fnt
|faint|p1a: Salamence
|
|-message|Chillingtilnoon forfeited.
|
|win|SieKensou
|raw|Ladder updating...
|leave|Chillingtilnoon
|player|p1
|raw|Chillingtilnoon's rating: 1248 &rarr; <strong>1227<\/strong><br \/>(-21 for losing)
|raw|SieKensou's rating: 1301 &rarr; <strong>1318<\/strong><br \/>(+17 for winning)