|join|Reaper200
|join|Chillingtilnoon
|player|p1|Reaper200|136
|player|p2|Chillingtilnoon|106
|gametype|singles
|gen|6
|tier|ORAS OU
|rated
|rule|Sleep Clause Mod: Limit one foe put to sleep
|rule|Species Clause: Limit one of each PokÃ©mon
|rule|OHKO Clause: OHKO moves are banned
|rule|Moody Clause: Moody is banned
|rule|Evasion Moves Clause: Evasion moves are banned
|rule|Endless Battle Clause: Forcing endless battles is banned
|rule|HP Percentage Mod: HP is shown in percentages
|clearpoke
|poke|p1|Gallade, M
|poke|p1|Gothitelle, F
|poke|p1|Rotom-Wash
|poke|p1|Klefki, M
|poke|p1|Tyranitar, F
|poke|p1|Togekiss, F
|poke|p2|Azumarill, M
|poke|p2|Landorus-Therian, M
|poke|p2|Magnezone
|poke|p2|Empoleon, M
|poke|p2|Salamence, F
|poke|p2|Conkeldurr, F
|rule|Swagger Clause: Swagger is banned
|rule|Baton Pass Clause: Limit one PokÃ©mon knowing Baton Pass
|teampreview
|
|start
|switch|p1a: Rotom-Wash|Rotom-Wash|304\/304
|switch|p2a: Landorus-Therian|Landorus-Therian, M|320\/320
|-ability|p2a: Landorus-Therian|Intimidate|[of] p1a: Rotom-Wash
|-unboost|p1a: Rotom-Wash|atk|1
|turn|1
|
|move|p2a: Landorus-Therian|U-turn|p1a: Rotom-Wash
|-damage|p1a: Rotom-Wash|246\/304
|
|switch|p2a: Conkeldurr|Conkeldurr, F|352\/352
|move|p1a: Rotom-Wash|Volt Switch|p2a: Conkeldurr
|-damage|p2a: Conkeldurr|291\/352
|
|switch|p1a: Gallade|Gallade, M|277\/277
|
|turn|2
|join|Therz
|
|switch|p2a: Landorus-Therian|Landorus-Therian, M|320\/320
|-ability|p2a: Landorus-Therian|Intimidate|[of] p1a: Gallade
|-unboost|p1a: Gallade|atk|1
|detailschange|p1a: Gallade|Gallade-Mega, M
|message|Gallade has Mega Evolved into Mega Gallade!
|move|p1a: Gallade|Psycho Cut|p2a: Landorus-Therian
|-crit|p2a: Landorus-Therian
|-damage|p2a: Landorus-Therian|46\/320
|
|turn|3
|c|âReaper200|srry
|
|move|p1a: Gallade|Shadow Sneak|p2a: Landorus-Therian
|-damage|p2a: Landorus-Therian|0 fnt
|faint|p2a: Landorus-Therian
|
|
|switch|p2a: Salamence|Salamence, F|331\/331
|-ability|p2a: Salamence|Intimidate|[of] p1a: Gallade
|-unboost|p1a: Gallade|atk|1
|turn|4
|
|switch|p1a: Klefki|Klefki, M|318\/318
|detailschange|p2a: Salamence|Salamence-Mega, F
|message|Salamence has Mega Evolved into Mega Salamence!
|move|p2a: Salamence|Substitute|p2a: Salamence
|-start|p2a: Salamence|Substitute
|-damage|p2a: Salamence|249\/331
|
|turn|5
|
|move|p2a: Salamence|Dragon Dance|p2a: Salamence
|-boost|p2a: Salamence|atk|1
|-boost|p2a: Salamence|spe|1
|move|p1a: Klefki|Play Rough|p2a: Salamence|[miss]
|-miss|p1a: Klefki|p2a: Salamence
|
|turn|6
|
|move|p2a: Salamence|Earthquake|p1a: Klefki
|-supereffective|p1a: Klefki
|-damage|p1a: Klefki|0 fnt
|faint|p1a: Klefki
|
|
|switch|p1a: Togekiss|Togekiss, F|374\/374
|turn|7
|
|move|p2a: Salamence|Dragon Dance|p2a: Salamence
|-boost|p2a: Salamence|atk|1
|-boost|p2a: Salamence|spe|1
|move|p1a: Togekiss|Air Slash|p2a: Salamence
|-end|p2a: Salamence|Substitute
|
|turn|8
|
|move|p2a: Salamence|Return|p1a: Togekiss
|-damage|p1a: Togekiss|0 fnt
|faint|p1a: Togekiss
|
|
|switch|p1a: Tyranitar|Tyranitar, F|404\/404
|-weather|Sandstorm
|turn|9
|
|switch|p1a: Rotom-Wash|Rotom-Wash|246\/304
|move|p2a: Salamence|Earthquake|p1a: Rotom-Wash
|-immune|p1a: Rotom-Wash|[msg]
|
|-weather|Sandstorm|[upkeep]
|-damage|p2a: Salamence|229\/331|[from] sandstorm
|-damage|p1a: Rotom-Wash|227\/304|[from] sandstorm
|turn|10
|
|move|p2a: Salamence|Return|p1a: Rotom-Wash
|-resisted|p1a: Rotom-Wash
|-damage|p1a: Rotom-Wash|23\/304
|move|p1a: Rotom-Wash|Will-O-Wisp|p2a: Salamence
|-status|p2a: Salamence|brn
|
|-weather|Sandstorm|[upkeep]
|-damage|p2a: Salamence|209\/331 brn|[from] sandstorm
|-damage|p1a: Rotom-Wash|4\/304|[from] sandstorm
|-damage|p2a: Salamence|168\/331 brn|[from] brn
|turn|11
|
|switch|p1a: Tyranitar|Tyranitar, F|404\/404
|move|p2a: Salamence|Return|p1a: Tyranitar
|-resisted|p1a: Tyranitar
|-damage|p1a: Tyranitar|286\/404
|
|-weather|Sandstorm|[upkeep]
|-damage|p2a: Salamence|148\/331 brn|[from] sandstorm
|-heal|p1a: Tyranitar|311\/404|[from] item: Leftovers
|-damage|p2a: Salamence|107\/331 brn|[from] brn
|turn|12
|
|move|p2a: Salamence|Return|p1a: Tyranitar
|-resisted|p1a: Tyranitar
|-damage|p1a: Tyranitar|181\/404
|move|p1a: Tyranitar|Stealth Rock|p2a: Salamence
|-sidestart|p2: Chillingtilnoon|move: Stealth Rock
|
|-weather|Sandstorm|[upkeep]
|-damage|p2a: Salamence|87\/331 brn|[from] sandstorm
|-heal|p1a: Tyranitar|206\/404|[from] item: Leftovers
|-damage|p2a: Salamence|46\/331 brn|[from] brn
|turn|13
|
|switch|p1a: Rotom-Wash|Rotom-Wash|4\/304
|move|p2a: Salamence|Return|p1a: Rotom-Wash
|-resisted|p1a: Rotom-Wash
|-damage|p1a: Rotom-Wash|0 fnt
|faint|p1a: Rotom-Wash
|
|-weather|none
|-damage|p2a: Salamence|5\/331 brn|[from] brn
|
|switch|p1a: Gallade|Gallade-Mega, M|277\/277
|turn|14
|
|move|p1a: Gallade|Shadow Sneak|p2a: Salamence
|-damage|p2a: Salamence|0 fnt
|faint|p2a: Salamence
|
|
|switch|p2a: Azumarill|Azumarill, M|398\/398
|-damage|p2a: Azumarill|349\/398|[from] Stealth Rock
|turn|15
|
|switch|p1a: Tyranitar|Tyranitar, F|206\/404
|-weather|Sandstorm
|move|p2a: Azumarill|Play Rough|p1a: Tyranitar
|-supereffective|p1a: Tyranitar
|-damage|p1a: Tyranitar|0 fnt
|faint|p1a: Tyranitar
|
|-weather|Sandstorm|[upkeep]
|-damage|p2a: Azumarill|325\/398|[from] sandstorm
|c|âChillingtilnoon|whacha gonna sack?
|c|âChillingtilnoon|unless bulky will -_-
|
|switch|p1a: Gothitelle|Gothitelle, F|282\/282
|turn|16
|
|move|p1a: Gothitelle|Thunderbolt|p2a: Azumarill
|-supereffective|p2a: Azumarill
|-damage|p2a: Azumarill|103\/398
|move|p2a: Azumarill|Play Rough|p1a: Gothitelle
|-damage|p1a: Gothitelle|0 fnt
|faint|p1a: Gothitelle
|
|-weather|Sandstorm|[upkeep]
|-damage|p2a: Azumarill|79\/398|[from] sandstorm
|c|âReaper200|why dont u miss
|c|âChillingtilnoon|lol only bad people miss
|
|switch|p1a: Gallade|Gallade-Mega, M|277\/277
|turn|17
|
|move|p1a: Gallade|Shadow Sneak|p2a: Azumarill
|-damage|p2a: Azumarill|0 fnt
|faint|p2a: Azumarill
|
|-weather|Sandstorm|[upkeep]
|-damage|p1a: Gallade|260\/277|[from] sandstorm
|
|switch|p2a: Magnezone|Magnezone|344\/344
|-damage|p2a: Magnezone|323\/344|[from] Stealth Rock
|turn|18
|
|move|p1a: Gallade|Close Combat|p2a: Magnezone
|-supereffective|p2a: Magnezone
|-damage|p2a: Magnezone|0 fnt
|-unboost|p1a: Gallade|def|1
|-unboost|p1a: Gallade|spd|1
|faint|p2a: Magnezone
|
|-weather|Sandstorm|[upkeep]
|-damage|p1a: Gallade|243\/277|[from] sandstorm
|
|switch|p2a: Empoleon|Empoleon, M|372\/372
|-damage|p2a: Empoleon|349\/372|[from] Stealth Rock
|turn|19
|
|move|p1a: Gallade|Close Combat|p2a: Empoleon
|-supereffective|p2a: Empoleon
|-damage|p2a: Empoleon|0 fnt
|-unboost|p1a: Gallade|def|1
|-unboost|p1a: Gallade|spd|1
|faint|p2a: Empoleon
|
|-weather|none
|
|switch|p2a: Conkeldurr|Conkeldurr, F|291\/352
|-damage|p2a: Conkeldurr|269\/352|[from] Stealth Rock
|turn|20
|
|move|p1a: Gallade|Psycho Cut|p2a: Conkeldurr
|-supereffective|p2a: Conkeldurr
|-damage|p2a: Conkeldurr|0 fnt
|faint|p2a: Conkeldurr
|
|win|Reaper200
|raw|Ladder updating...
|raw|Reaper200's rating: 1327 &rarr; <strong>1337<\/strong><br \/>(+10 for winning)
|raw|Chillingtilnoon's rating: 1133 &rarr; <strong>1121<\/strong><br \/>(-12 for losing)
|c|âReaper200|gg
|leave|Chillingtilnoon
|player|p2