|join|RagnarFR
|join|Chillingtilnoon
|player|p1|RagnarFR|156
|player|p2|Chillingtilnoon|70
|gametype|singles
|gen|6
|tier|ORAS OU
|rated
|rule|Sleep Clause Mod: Limit one foe put to sleep
|rule|Species Clause: Limit one of each PokÃ©mon
|rule|OHKO Clause: OHKO moves are banned
|rule|Moody Clause: Moody is banned
|rule|Evasion Moves Clause: Evasion moves are banned
|rule|Endless Battle Clause: Forcing endless battles is banned
|rule|HP Percentage Mod: HP is shown in percentages
|clearpoke
|poke|p1|Metagross, shiny
|poke|p1|Dragonite, M
|poke|p1|Slowbro, M
|poke|p1|Heatran, F, shiny
|poke|p1|Klefki, F, shiny
|poke|p1|Landorus-Therian, M
|poke|p2|Landorus, M
|poke|p2|Sharpedo, M
|poke|p2|Sylveon, M
|poke|p2|Talonflame, F
|poke|p2|Magnezone
|poke|p2|Skarmory, M
|rule|Swagger Clause: Swagger is banned
|rule|Baton Pass Clause: Limit one PokÃ©mon knowing Baton Pass
|teampreview
|
|start
|switch|p1a: Klefki|Klefki, F, shiny|318\/318
|switch|p2a: Sharpedo|Sharpedo, M|281\/281
|turn|1
|
|switch|p2a: Magnezone|Magnezone|309\/309
|switch|p1a: Hot bitch|Heatran, F, shiny|386\/386
|
|turn|2
|
|move|p2a: Magnezone|Volt Switch|p1a: Hot bitch
|-damage|p1a: Hot bitch|239\/386
|
|switch|p2a: Sylveon|Sylveon, M|394\/394
|move|p1a: Hot bitch|Lava Plume|p2a: Sylveon
|-damage|p2a: Sylveon|325\/394
|
|-heal|p1a: Hot bitch|263\/386|[from] item: Leftovers
|-heal|p2a: Sylveon|349\/394|[from] item: Leftovers
|turn|3
|
|switch|p1a: Metagross|Metagross, shiny|302\/302
|move|p2a: Sylveon|Protect|p2a: Sylveon
|-fail|p2a: Sylveon
|
|-heal|p2a: Sylveon|373\/394|[from] item: Leftovers
|turn|4
|
|switch|p2a: Magnezone|Magnezone|309\/309
|detailschange|p1a: Metagross|Metagross-Mega, shiny
|message|Metagross has Mega Evolved into Mega Metagross!
|move|p1a: Metagross|Meteor Mash|p2a: Magnezone
|-resisted|p2a: Magnezone
|-damage|p2a: Magnezone|254\/309
|
|turn|5
|
|move|p1a: Metagross|Earthquake|p2a: Magnezone
|-supereffective|p2a: Magnezone
|-damage|p2a: Magnezone|0 fnt
|faint|p2a: Magnezone
|
|
|switch|p2a: Landorus|Landorus, M|320\/320
|turn|6
|
|move|p1a: Metagross|Ice Punch|p2a: Landorus
|-supereffective|p2a: Landorus
|-damage|p2a: Landorus|0 fnt
|faint|p2a: Landorus
|
|
|switch|p2a: Sharpedo|Sharpedo, M|281\/281
|turn|7
|
|switch|p1a: Klefki|Klefki, F, shiny|318\/318
|move|p2a: Sharpedo|Protect|p2a: Sharpedo
|-fail|p2a: Sharpedo
|
|-boost|p2a: Sharpedo|spe|1|[from] ability: Speed Boost
|turn|8
|
|move|p2a: Sharpedo|Protect|p2a: Sharpedo
|-singleturn|p2a: Sharpedo|Protect
|move|p1a: Klefki|Thunder Wave|p2a: Sharpedo
|-activate|p2a: Sharpedo|Protect
|
|-boost|p2a: Sharpedo|spe|1|[from] ability: Speed Boost
|turn|9
|
|detailschange|p2a: Sharpedo|Sharpedo-Mega, M
|message|Sharpedo has Mega Evolved into Mega Sharpedo!
|move|p1a: Klefki|Thunder Wave|p2a: Sharpedo
|-status|p2a: Sharpedo|par
|cant|p2a: Sharpedo|par
|
|turn|10
|
|move|p1a: Klefki|Play Rough|p2a: Sharpedo
|-supereffective|p2a: Sharpedo
|-damage|p2a: Sharpedo|59\/281 par
|cant|p2a: Sharpedo|par
|
|turn|11
|-message|Chillingtilnoon forfeited.
|
|win|RagnarFR
|raw|Ladder updating...
|leave|Chillingtilnoon
|player|p2
|raw|RagnarFR's rating: 1166 &rarr; <strong>1191<\/strong><br \/>(+25 for winning)
|raw|Chillingtilnoon's rating: 1158 &rarr; <strong>1133<\/strong><br \/>(-25 for losing)