|join|Chillingtilnoon
|join|SIC67
|player|p1|Chillingtilnoon|106
|player|p2|SIC67|1
|gametype|singles
|gen|6
|tier|ORAS OU
|rated
|rule|Sleep Clause Mod: Limit one foe put to sleep
|rule|Species Clause: Limit one of each PokÃ©mon
|rule|OHKO Clause: OHKO moves are banned
|rule|Moody Clause: Moody is banned
|rule|Evasion Moves Clause: Evasion moves are banned
|rule|Endless Battle Clause: Forcing endless battles is banned
|rule|HP Percentage Mod: HP is shown in percentages
|clearpoke
|poke|p1|Azumarill, M
|poke|p1|Landorus-Therian, M
|poke|p1|Magnezone
|poke|p1|Empoleon, F
|poke|p1|Salamence, F
|poke|p1|Conkeldurr, M
|poke|p2|Diancie
|poke|p2|Keldeo
|poke|p2|Garchomp, F
|poke|p2|Scizor, M
|poke|p2|Latios, M
|poke|p2|Amoonguss, F
|rule|Swagger Clause: Swagger is banned
|rule|Baton Pass Clause: Limit one PokÃ©mon knowing Baton Pass
|teampreview
|
|start
|switch|p1a: Landorus-Therian|Landorus-Therian, M|320\/320
|switch|p2a: Diancie|Diancie|241\/241
|-ability|p1a: Landorus-Therian|Intimidate|[of] p2a: Diancie
|-fail|p2a: Diancie|unboost|[from] ability: Clear Body|[of] p2a: Diancie
|turn|1
|
|switch|p2a: Latios|Latios, M|302\/302
|move|p1a: Landorus-Therian|Earthquake|p2a: Latios
|-immune|p2a: Latios|[msg]
|
|turn|2
|
|switch|p1a: Azumarill|Azumarill, M|398\/398
|move|p2a: Latios|Draco Meteor|p1a: Azumarill
|-immune|p1a: Azumarill|[msg]
|
|turn|3
|
|move|p2a: Latios|Psyshock|p1a: Azumarill
|-damage|p1a: Azumarill|191\/398
|-damage|p2a: Latios|272\/302|[from] item: Life Orb
|move|p1a: Azumarill|Knock Off|p2a: Latios
|-supereffective|p2a: Latios
|-damage|p2a: Latios|0 fnt
|-enditem|p2a: Latios|Life Orb|[from] move: Knock Off|[of] p1a: Azumarill
|faint|p2a: Latios
|
|
|switch|p2a: Amoonguss|Amoonguss, F|431\/431
|turn|4
|
|switch|p1a: Magnezone|Magnezone|309\/309
|move|p2a: Amoonguss|Toxic|p1a: Magnezone
|-fail|p1a: Magnezone
|
|turn|5
|
|move|p1a: Magnezone|Flash Cannon|p2a: Amoonguss
|-damage|p2a: Amoonguss|181\/431
|move|p2a: Amoonguss|Spore|p1a: Magnezone
|-status|p1a: Magnezone|slp
|
|-heal|p2a: Amoonguss|207\/431|[from] item: Black Sludge
|turn|6
|
|switch|p2a: Diancie|Diancie|241\/241
|cant|p1a: Magnezone|slp
|
|turn|7
|
|detailschange|p2a: Diancie|Diancie-Mega
|message|Diancie has Mega Evolved into Mega Diancie!
|move|p2a: Diancie|Earth Power|p1a: Magnezone
|-supereffective|p1a: Magnezone
|-damage|p1a: Magnezone|0 fnt
|faint|p1a: Magnezone
|
|
|switch|p1a: Azumarill|Azumarill, M|191\/398
|turn|8
|
|switch|p2a: Amoonguss|Amoonguss, F|350\/431
|move|p1a: Azumarill|Aqua Jet|p2a: Amoonguss
|-resisted|p2a: Amoonguss
|-damage|p2a: Amoonguss|294\/431
|
|-heal|p2a: Amoonguss|320\/431|[from] item: Black Sludge
|turn|9
|
|switch|p1a: Empoleon|Empoleon, F|372\/372
|move|p2a: Amoonguss|Spore|p1a: Empoleon
|-status|p1a: Empoleon|slp
|
|-heal|p2a: Amoonguss|346\/431|[from] item: Black Sludge
|turn|10
|
|switch|p1a: Salamence|Salamence, F|331\/331
|-ability|p1a: Salamence|Intimidate|[of] p2a: Amoonguss
|-unboost|p2a: Amoonguss|atk|1
|move|p2a: Amoonguss|Giga Drain|p1a: Salamence
|-resisted|p1a: Salamence
|-damage|p1a: Salamence|307\/331
|-heal|p2a: Amoonguss|358\/431|[from] drain|[of] p1a: Salamence
|
|-heal|p2a: Amoonguss|384\/431|[from] item: Black Sludge
|turn|11
|
|detailschange|p1a: Salamence|Salamence-Mega, F
|message|Salamence has Mega Evolved into Mega Salamence!
|move|p1a: Salamence|Substitute|p1a: Salamence
|-start|p1a: Salamence|Substitute
|-damage|p1a: Salamence|225\/331
|move|p2a: Amoonguss|Foul Play|p1a: Salamence
|-end|p1a: Salamence|Substitute
|
|-heal|p2a: Amoonguss|410\/431|[from] item: Black Sludge
|turn|12
|
|move|p1a: Salamence|Dragon Dance|p1a: Salamence
|-boost|p1a: Salamence|atk|1
|-boost|p1a: Salamence|spe|1
|move|p2a: Amoonguss|Foul Play|p1a: Salamence
|-damage|p1a: Salamence|67\/331
|
|-heal|p2a: Amoonguss|431\/431|[from] item: Black Sludge
|turn|13
|
|switch|p2a: Garchomp|Garchomp, F|357\/357
|move|p1a: Salamence|Return|p2a: Garchomp
|-damage|p2a: Garchomp|0 fnt
|-damage|p1a: Salamence|26\/331|[from] ability: Rough Skin|[of] p2a: Garchomp
|-damage|p1a: Salamence|0 fnt|[from] item: Rocky Helmet|[of] p2a: Garchomp
|faint|p1a: Salamence
|faint|p2a: Garchomp
|
|
|switch|p1a: Landorus-Therian|Landorus-Therian, M|320\/320
|switch|p2a: Amoonguss|Amoonguss, F|431\/431
|-ability|p1a: Landorus-Therian|Intimidate|[of] p2a: Amoonguss
|-unboost|p2a: Amoonguss|atk|1
|turn|14
|
|move|p1a: Landorus-Therian|U-turn|p2a: Amoonguss
|-damage|p2a: Amoonguss|344\/431
|
|switch|p1a: Conkeldurr|Conkeldurr, M|352\/352
|move|p2a: Amoonguss|Giga Drain|p1a: Conkeldurr
|-damage|p1a: Conkeldurr|298\/352
|-heal|p2a: Amoonguss|371\/431|[from] drain|[of] p1a: Conkeldurr
|
|-heal|p2a: Amoonguss|397\/431|[from] item: Black Sludge
|turn|15
|
|switch|p2a: Scizor|Scizor, M|344\/344
|move|p1a: Conkeldurr|Knock Off|p2a: Scizor
|-damage|p2a: Scizor|210\/344
|-enditem|p2a: Scizor|Lum Berry|[from] move: Knock Off|[of] p1a: Conkeldurr
|
|turn|16
|
|move|p2a: Scizor|U-turn|p1a: Conkeldurr
|-resisted|p1a: Conkeldurr
|-damage|p1a: Conkeldurr|223\/352
|
|switch|p2a: Diancie|Diancie-Mega|241\/241
|move|p1a: Conkeldurr|Stone Edge|p2a: Diancie
|-damage|p2a: Diancie|106\/241
|
|turn|17
|
|move|p2a: Diancie|Moonblast|p1a: Conkeldurr
|-supereffective|p1a: Conkeldurr
|-damage|p1a: Conkeldurr|0 fnt
|faint|p1a: Conkeldurr
|
|
|switch|p1a: Landorus-Therian|Landorus-Therian, M|320\/320
|-ability|p1a: Landorus-Therian|Intimidate|[of] p2a: Diancie
|-unboost|p2a: Diancie|atk|1
|turn|18
|
|move|p1a: Landorus-Therian|Earthquake|p2a: Diancie
|-supereffective|p2a: Diancie
|-damage|p2a: Diancie|0 fnt
|faint|p2a: Diancie
|
|
|switch|p2a: Amoonguss|Amoonguss, F|431\/431
|turn|19
|
|move|p1a: Landorus-Therian|Earthquake|p2a: Amoonguss
|-damage|p2a: Amoonguss|247\/431
|move|p2a: Amoonguss|Toxic|p1a: Landorus-Therian
|-status|p1a: Landorus-Therian|tox
|
|-heal|p2a: Amoonguss|273\/431|[from] item: Black Sludge
|-damage|p1a: Landorus-Therian|300\/320 tox|[from] psn
|turn|20
|
|switch|p2a: Scizor|Scizor, M|210\/344
|move|p1a: Landorus-Therian|Earthquake|p2a: Scizor
|-damage|p2a: Scizor|24\/344
|
|-damage|p1a: Landorus-Therian|260\/320 tox|[from] psn
|turn|21
|
|move|p2a: Scizor|Bullet Punch|p1a: Landorus-Therian
|-damage|p1a: Landorus-Therian|128\/320 tox
|move|p1a: Landorus-Therian|Earthquake|p2a: Scizor
|-damage|p2a: Scizor|0 fnt
|faint|p2a: Scizor
|
|-damage|p1a: Landorus-Therian|68\/320 tox|[from] psn
|
|switch|p2a: Keldeo|Keldeo|322\/322
|turn|22
|
|move|p1a: Landorus-Therian|Earthquake|p2a: Keldeo
|-damage|p2a: Keldeo|100\/322
|move|p2a: Keldeo|Surf|p1a: Landorus-Therian
|-supereffective|p1a: Landorus-Therian
|-damage|p1a: Landorus-Therian|0 fnt
|-damage|p2a: Keldeo|68\/322|[from] item: Life Orb
|faint|p1a: Landorus-Therian
|
|
|switch|p1a: Empoleon|Empoleon, F|372\/372 slp
|turn|23
|
|move|p2a: Keldeo|Secret Sword|p1a: Empoleon
|-supereffective|p1a: Empoleon
|-damage|p1a: Empoleon|60\/372 slp
|-damage|p2a: Keldeo|36\/322|[from] item: Life Orb
|cant|p1a: Empoleon|slp
|
|-heal|p1a: Empoleon|83\/372 slp|[from] item: Leftovers
|turn|24
|
|switch|p1a: Azumarill|Azumarill, M|191\/398
|move|p2a: Keldeo|Secret Sword|p1a: Azumarill
|-resisted|p1a: Azumarill
|-damage|p1a: Azumarill|78\/398
|-damage|p2a: Keldeo|4\/322|[from] item: Life Orb
|
|turn|25
|
|switch|p1a: Empoleon|Empoleon, F|83\/372 slp
|move|p2a: Keldeo|Surf|p1a: Empoleon
|-resisted|p1a: Empoleon
|-damage|p1a: Empoleon|0 fnt
|-damage|p2a: Keldeo|0 fnt|[from] item: Life Orb
|faint|p1a: Empoleon
|faint|p2a: Keldeo
|
|
|switch|p1a: Azumarill|Azumarill, M|78\/398
|switch|p2a: Amoonguss|Amoonguss, F|416\/431
|turn|26
|
|move|p1a: Azumarill|Knock Off|p2a: Amoonguss
|-damage|p2a: Amoonguss|222\/431
|-enditem|p2a: Amoonguss|Black Sludge|[from] move: Knock Off|[of] p1a: Azumarill
|move|p2a: Amoonguss|Giga Drain|p1a: Azumarill
|-supereffective|p1a: Azumarill
|-damage|p1a: Azumarill|0 fnt
|-heal|p2a: Amoonguss|261\/431|[from] drain|[of] p1a: Azumarill
|faint|p1a: Azumarill
|
|win|SIC67
|raw|Ladder updating...
|raw|Chillingtilnoon's rating: 1121 &rarr; <strong>1098<\/strong><br \/>(-23 for losing)
|raw|SIC67's rating: 1154 &rarr; <strong>1177<\/strong><br \/>(+23 for winning)
|leave|Chillingtilnoon
|player|p1