|join|Chillingtilnoon
|join|Shami15
|player|p1|Chillingtilnoon|106
|player|p2|Shami15|101
|gametype|singles
|gen|6
|tier|ORAS OU
|rule|Sleep Clause Mod: Limit one foe put to sleep
|rule|Species Clause: Limit one of each PokÃ©mon
|rule|OHKO Clause: OHKO moves are banned
|rule|Moody Clause: Moody is banned
|rule|Evasion Moves Clause: Evasion moves are banned
|rule|Endless Battle Clause: Forcing endless battles is banned
|rule|HP Percentage Mod: HP is shown in percentages
|clearpoke
|poke|p1|Gengar, F
|poke|p1|Azumarill, F
|poke|p1|Salamence, M
|poke|p1|Slowbro, M
|poke|p1|Thundurus, M
|poke|p1|Talonflame, M
|poke|p2|Lopunny, F, shiny
|poke|p2|Smeargle, M, shiny
|poke|p2|Talonflame, F
|poke|p2|Trevenant, M
|poke|p2|Rotom-Wash
|poke|p2|Avalugg, M
|rule|Swagger Clause: Swagger is banned
|rule|Baton Pass Clause: Limit one PokÃ©mon knowing Baton Pass
|teampreview
|c|âShami15|OH SNAP
|c|âChillingtilnoon|im using a good team
|c|âChillingtilnoon|like tier 1
|c|âChillingtilnoon|cause that sharpedo team
|c|âChillingtilnoon|and a mega slowbro
|c|âChillingtilnoon|are my only oras
|c|âShami15|this is the best i got
|c|âChillingtilnoon|cause i accently deleted somethin
|
|start
|switch|p1a: Gengar|Gengar, F|323\/323
|switch|p2a: Smeargle|Smeargle, M, shiny|314\/314
|turn|1
|
|move|p1a: Gengar|Substitute|p1a: Gengar
|-start|p1a: Gengar|Substitute
|-damage|p1a: Gengar|243\/323
|move|p2a: Smeargle|Dark Void|p1a: Gengar
|-miss|p2a: Smeargle|p1a: Gengar
|
|turn|2
|c|âShami15|oh no
|c|âShami15|aaaand i lost
|
|move|p1a: Gengar|Pain Split|p2a: Smeargle
|-sethp|p2a: Smeargle|278\/314|p1a: Gengar|278\/323|[from] move: Pain Split
|move|p2a: Smeargle|Stealth Rock|p1a: Gengar
|-sidestart|p1: Chillingtilnoon|move: Stealth Rock
|
|turn|3
|
|move|p1a: Gengar|Disable|p2a: Smeargle
|-start|p2a: Smeargle|Disable|Stealth Rock
|move|p2a: Smeargle|Sticky Web|p1a: Gengar
|-sidestart|p1: Chillingtilnoon|move: Sticky Web
|
|turn|4
|c|âChillingtilnoon|swag
|c|âShami15|lolz
|
|switch|p2a: Lopunny|Lopunny, F, shiny|272\/272
|move|p1a: Gengar|Pain Split|p2a: Lopunny
|-sethp|p2a: Lopunny|272\/272|p1a: Gengar|275\/323|[from] move: Pain Split
|
|turn|5
|
|detailschange|p2a: Lopunny|Lopunny-Mega, F, shiny
|message|Lopunny has Mega Evolved into Mega Lopunny!
|move|p2a: Lopunny|Fake Out|p1a: Gengar
|-end|p1a: Gengar|Substitute
|move|p1a: Gengar|Disable|p2a: Lopunny
|-start|p2a: Lopunny|Disable|Fake Out
|
|turn|6
|c|âShami15|oh wow
|c|âChillingtilnoon|scrappy
|
|switch|p1a: Slowbro|Slowbro, M|394\/394
|-damage|p1a: Slowbro|345\/394|[from] Stealth Rock
|-activate|p1a: Slowbro|move: Sticky Web
|-unboost|p1a: Slowbro|spe|1
|move|p2a: Lopunny|Return|p1a: Slowbro
|-damage|p1a: Slowbro|222\/394
|
|-heal|p1a: Slowbro|246\/394|[from] item: Leftovers
|turn|7
|c|âShami15|nah not that
|c|âShami15|i thought u would flinch
|c|âShami15|:3
|
|switch|p2a: Smeargle|Smeargle, M, shiny|278\/314
|move|p1a: Slowbro|Thunder Wave|p2a: Smeargle
|-status|p2a: Smeargle|par
|
|-heal|p1a: Slowbro|270\/394|[from] item: Leftovers
|turn|8
|
|cant|p2a: Smeargle|par
|move|p1a: Slowbro|Scald|p2a: Smeargle
|-damage|p2a: Smeargle|97\/314 par
|
|-heal|p1a: Slowbro|294\/394|[from] item: Leftovers
|turn|9
|
|move|p2a: Smeargle|Dark Void|p1a: Slowbro
|-miss|p2a: Smeargle|p1a: Slowbro
|move|p1a: Slowbro|Scald|p2a: Smeargle
|-damage|p2a: Smeargle|0 fnt
|faint|p2a: Smeargle
|
|-heal|p1a: Slowbro|318\/394|[from] item: Leftovers
|c|âChillingtilnoon|YAY
|
|switch|p2a: Rotom-Wash|Rotom-Wash|241\/241
|turn|10
|c|âShami15|lolz
|
|move|p2a: Rotom-Wash|Volt Switch|p1a: Slowbro
|-supereffective|p1a: Slowbro
|-damage|p1a: Slowbro|72\/394
|
|switch|p2a: Trevenant|Trevenant, M|374\/374
|move|p1a: Slowbro|Scald|p2a: Trevenant
|-resisted|p2a: Trevenant
|-damage|p2a: Trevenant|335\/374
|
|-heal|p1a: Slowbro|96\/394|[from] item: Leftovers
|turn|11
|
|move|p2a: Trevenant|Will-O-Wisp|p1a: Slowbro
|-status|p1a: Slowbro|brn
|move|p1a: Slowbro|Ice Beam|p2a: Trevenant
|-supereffective|p2a: Trevenant
|-damage|p2a: Trevenant|223\/374
|
|-heal|p1a: Slowbro|120\/394 brn|[from] item: Leftovers
|-damage|p1a: Slowbro|71\/394 brn|[from] brn
|turn|12
|c|âShami15|oh ur offensive 
|
|move|p2a: Trevenant|Horn Leech|p1a: Slowbro
|-supereffective|p1a: Slowbro
|-damage|p1a: Slowbro|0 fnt
|-heal|p2a: Trevenant|259\/374|[from] drain|[of] p1a: Slowbro
|faint|p1a: Slowbro
|
|
|switch|p1a: Gengar|Gengar, F|275\/323
|-damage|p1a: Gengar|235\/323|[from] Stealth Rock
|turn|13
|c|âShami15|hmmm
|c|âShami15|that a problem
|
|move|p1a: Gengar|Substitute|p1a: Gengar
|-start|p1a: Gengar|Substitute
|-damage|p1a: Gengar|155\/323
|move|p2a: Trevenant|Leech Seed|p1a: Gengar
|
|turn|14
|c|âShami15|OMFG
|c|âShami15|#STOPGENGAR
|c|âShami15|JUST STOP
|c|âChillingtilnoon|lol
|c|âShami15|PLEASE
|
|move|p2a: Trevenant|Protect|p2a: Trevenant
|-singleturn|p2a: Trevenant|Protect
|move|p1a: Gengar|Shadow Ball|p2a: Trevenant
|-activate|p2a: Trevenant|Protect
|
|turn|15
|
|switch|p2a: Lopunny|Lopunny-Mega, F, shiny|272\/272
|move|p1a: Gengar|Shadow Ball|p2a: Lopunny
|-immune|p2a: Lopunny|[msg]
|
|turn|16
|c|âShami15|jesus
|
|move|p2a: Lopunny|Fake Out|p1a: Gengar
|-end|p1a: Gengar|Substitute
|move|p1a: Gengar|Pain Split|p2a: Lopunny
|-sethp|p2a: Lopunny|213\/272|p1a: Gengar|213\/323|[from] move: Pain Split
|
|turn|17
|
|switch|p1a: Salamence|Salamence, M|393\/393
|-damage|p1a: Salamence|295\/393|[from] Stealth Rock
|-ability|p1a: Salamence|Intimidate|[of] p2a: Lopunny
|-unboost|p2a: Lopunny|atk|1
|move|p2a: Lopunny|Return|p1a: Salamence
|-damage|p1a: Salamence|139\/393
|
|turn|18
|
|detailschange|p1a: Salamence|Salamence-Mega, M
|message|Salamence has Mega Evolved into Mega Salamence!
|move|p2a: Lopunny|Return|p1a: Salamence
|-damage|p1a: Salamence|34\/393
|move|p1a: Salamence|Roost|p1a: Salamence
|-heal|p1a: Salamence|231\/393
|
|turn|19
|c|âShami15|OH SHIT
|c|âShami15|ITS INSIDE
|
|switch|p2a: Avalugg|Avalugg, M|355\/355
|move|p1a: Salamence|Roost|p1a: Salamence
|-heal|p1a: Salamence|393\/393
|
|turn|20
|c|âShami15|LEAVE ME ALONE
|c|âShami15|;-;
|
|move|p1a: Salamence|Substitute|p1a: Salamence
|-start|p1a: Salamence|Substitute
|-damage|p1a: Salamence|295\/393
|move|p2a: Avalugg|Avalanche|p1a: Salamence
|-supereffective|p1a: Salamence
|-end|p1a: Salamence|Substitute
|
|turn|21
|
|switch|p2a: Rotom-Wash|Rotom-Wash|241\/241
|move|p1a: Salamence|Substitute|p1a: Salamence
|-start|p1a: Salamence|Substitute
|-damage|p1a: Salamence|197\/393
|
|turn|22
|c|âShami15|wow
|c|âShami15|bruh
|
|move|p1a: Salamence|Dragon Dance|p1a: Salamence
|-boost|p1a: Salamence|atk|1
|-boost|p1a: Salamence|spe|1
|move|p2a: Rotom-Wash|Volt Switch|p1a: Salamence
|-end|p1a: Salamence|Substitute
|
|switch|p2a: Avalugg|Avalugg, M|355\/355
|
|turn|23
|c|âChillingtilnoon|NO ITS SPECS
|c|âShami15|welp
|
|move|p1a: Salamence|Substitute|p1a: Salamence
|-start|p1a: Salamence|Substitute
|-damage|p1a: Salamence|99\/393
|move|p2a: Avalugg|Avalanche|p1a: Salamence
|-supereffective|p1a: Salamence
|-end|p1a: Salamence|Substitute
|
|turn|24
|c|âShami15|WHY DUDE
|
|move|p1a: Salamence|Substitute|p1a: Salamence
|-start|p1a: Salamence|Substitute
|-damage|p1a: Salamence|1\/393
|move|p2a: Avalugg|Avalanche|p1a: Salamence
|-supereffective|p1a: Salamence
|-end|p1a: Salamence|Substitute
|
|turn|25
|c|âShami15|uhhh
|
|move|p1a: Salamence|Roost|p1a: Salamence
|-heal|p1a: Salamence|198\/393
|move|p2a: Avalugg|Avalanche|p1a: Salamence
|-supereffective|p1a: Salamence
|-damage|p1a: Salamence|46\/393
|
|turn|26
|
|move|p1a: Salamence|Roost|p1a: Salamence
|-heal|p1a: Salamence|243\/393
|move|p2a: Avalugg|Avalanche|p1a: Salamence
|-supereffective|p1a: Salamence
|-damage|p1a: Salamence|109\/393
|
|turn|27
|c|âChillingtilnoon|MISS BRUH
|c|âShami15|dood really
|
|move|p1a: Salamence|Roost|p1a: Salamence
|-heal|p1a: Salamence|306\/393
|move|p2a: Avalugg|Avalanche|p1a: Salamence
|-supereffective|p1a: Salamence
|-damage|p1a: Salamence|168\/393
|
|turn|28
|c|âChillingtilnoon|ERMAGURD
|c|âShami15|great now u can survive
|c|âChillingtilnoon|WAIT
|c|âShami15|happy now
|
|move|p1a: Salamence|Roost|p1a: Salamence
|-heal|p1a: Salamence|365\/393
|move|p2a: Avalugg|Avalanche|p1a: Salamence
|-crit|p1a: Salamence
|-supereffective|p1a: Salamence
|-damage|p1a: Salamence|135\/393
|
|turn|29
|c|âChillingtilnoon|thats not icicle crash
|c|âShami15|aaaaaand u had to get greedy
|c|âShami15|:3
|
|move|p1a: Salamence|Roost|p1a: Salamence
|-heal|p1a: Salamence|332\/393
|move|p2a: Avalugg|Avalanche|p1a: Salamence
|-supereffective|p1a: Salamence
|-damage|p1a: Salamence|182\/393
|
|turn|30
|c|âShami15|JUST PUT ME OUTTA MY MISERY
|
|move|p1a: Salamence|Substitute|p1a: Salamence
|-start|p1a: Salamence|Substitute
|-damage|p1a: Salamence|84\/393
|move|p2a: Avalugg|Avalanche|p1a: Salamence
|-supereffective|p1a: Salamence
|-end|p1a: Salamence|Substitute
|
|turn|31
|c|âShami15|BRUHHHHHH
|
|move|p1a: Salamence|Roost|p1a: Salamence
|-heal|p1a: Salamence|281\/393
|move|p2a: Avalugg|Avalanche|p1a: Salamence
|-supereffective|p1a: Salamence
|-damage|p1a: Salamence|135\/393
|
|turn|32
|c|âShami15|im gonna crit
|c|âShami15|some day
|c|âShami15|;-;
|
|move|p1a: Salamence|Substitute|p1a: Salamence
|-start|p1a: Salamence|Substitute
|-damage|p1a: Salamence|37\/393
|move|p2a: Avalugg|Avalanche|p1a: Salamence
|-supereffective|p1a: Salamence
|-end|p1a: Salamence|Substitute
|
|turn|33
|
|move|p1a: Salamence|Roost|p1a: Salamence
|-heal|p1a: Salamence|234\/393
|move|p2a: Avalugg|Gyro Ball|p1a: Salamence
|-damage|p1a: Salamence|117\/393
|
|turn|34
|
|move|p1a: Salamence|Roost|p1a: Salamence
|-heal|p1a: Salamence|314\/393
|move|p2a: Avalugg|Gyro Ball|p1a: Salamence
|-damage|p1a: Salamence|188\/393
|
|turn|35
|
|move|p1a: Salamence|Dragon Dance|p1a: Salamence
|-boost|p1a: Salamence|atk|1
|-boost|p1a: Salamence|spe|1
|move|p2a: Avalugg|Avalanche|p1a: Salamence
|-supereffective|p1a: Salamence
|-damage|p1a: Salamence|0 fnt
|faint|p1a: Salamence
|
|c|âChillingtilnoon|NUU
|c|âShami15|ur mistake
|c|âShami15|:3
|
|switch|p1a: Thundurus|Thundurus, M|299\/299
|-damage|p1a: Thundurus|225\/299|[from] Stealth Rock
|turn|36
|
|move|p1a: Thundurus|Thunderbolt|p2a: Avalugg
|-damage|p2a: Avalugg|125\/355
|-damage|p1a: Thundurus|196\/299|[from] item: Life Orb
|move|p2a: Avalugg|Avalanche|p1a: Thundurus
|-supereffective|p1a: Thundurus
|-damage|p1a: Thundurus|0 fnt
|faint|p1a: Thundurus
|
|c|âChillingtilnoon|nuuuuu
|
|switch|p1a: Gengar|Gengar, F|213\/323
|-damage|p1a: Gengar|173\/323|[from] Stealth Rock
|turn|37
|c|âShami15|putting in nothing but the finest of work
|
|move|p1a: Gengar|Shadow Ball|p2a: Avalugg
|-damage|p2a: Avalugg|0 fnt
|-damage|p1a: Gengar|141\/323|[from] item: Life Orb
|faint|p2a: Avalugg
|
|c|âShami15|#therealmvp
|c|âShami15|;-;
|c|âChillingtilnoon|lol
|c|âShami15|pop
|c|âShami15|hold it down
|
|switch|p2a: Talonflame|Talonflame, F|298\/298
|turn|38
|
|move|p2a: Talonflame|Brave Bird|p1a: Gengar
|-damage|p1a: Gengar|0 fnt
|-damage|p2a: Talonflame|251\/298|[from] recoil|[of] p1a: Gengar
|faint|p1a: Gengar
|
|
|switch|p1a: Azumarill|Azumarill, F|398\/398
|-activate|p1a: Azumarill|move: Sticky Web
|-unboost|p1a: Azumarill|spe|1
|-damage|p1a: Azumarill|349\/398|[from] Stealth Rock
|turn|39
|
|switch|p2a: Rotom-Wash|Rotom-Wash|241\/241
|move|p1a: Azumarill|Aqua Jet|p2a: Rotom-Wash
|-resisted|p2a: Rotom-Wash
|-damage|p2a: Rotom-Wash|200\/241
|
|-heal|p2a: Rotom-Wash|215\/241|[from] item: Leftovers
|turn|40
|
|move|p1a: Azumarill|Aqua Jet|p2a: Rotom-Wash
|-resisted|p2a: Rotom-Wash
|-damage|p2a: Rotom-Wash|173\/241
|move|p2a: Rotom-Wash|Volt Switch|p1a: Azumarill
|-supereffective|p1a: Azumarill
|-damage|p1a: Azumarill|103\/398
|
|switch|p2a: Lopunny|Lopunny-Mega, F, shiny|213\/272
|
|turn|41
|
|move|p2a: Lopunny|Fake Out|p1a: Azumarill
|-damage|p1a: Azumarill|18\/398
|cant|p1a: Azumarill|flinch
|
|turn|42
|
|move|p1a: Azumarill|Aqua Jet|p2a: Lopunny
|-damage|p2a: Lopunny|83\/272
|move|p2a: Lopunny|Return|p1a: Azumarill
|-damage|p1a: Azumarill|0 fnt
|faint|p1a: Azumarill
|
|
|switch|p1a: Talonflame|Talonflame, M|297\/297
|-damage|p1a: Talonflame|149\/297|[from] Stealth Rock
|turn|43
|c|âShami15|u aint gonna roost bruh
|c|âShami15|not today
|c|âChillingtilnoon|just realized my team doesnt have hazards
|c|âShami15|:3
|c|âChillingtilnoon|or defog
|c|âShami15|yh
|c|âShami15|teir 1 huh
|
|move|p1a: Talonflame|Brave Bird|p2a: Lopunny
|-supereffective|p2a: Lopunny
|-damage|p2a: Lopunny|0 fnt
|-damage|p1a: Talonflame|122\/297|[from] recoil|[of] p2a: Lopunny
|faint|p2a: Lopunny
|
|c|âShami15|:3
|c|âChillingtilnoon|LOL
|
|switch|p2a: Rotom-Wash|Rotom-Wash|173\/241
|turn|44
|
|move|p1a: Talonflame|Brave Bird|p2a: Rotom-Wash
|-resisted|p2a: Rotom-Wash
|-damage|p2a: Rotom-Wash|89\/241
|-damage|p1a: Talonflame|94\/297|[from] recoil|[of] p2a: Rotom-Wash
|move|p2a: Rotom-Wash|Volt Switch|p1a: Talonflame
|-supereffective|p1a: Talonflame
|-damage|p1a: Talonflame|0 fnt
|faint|p1a: Talonflame
|
|win|Shami15
|c|âShami15|gg
|c|âChillingtilnoon|gg
|c|âShami15|ur a good player
|c|âChillingtilnoon|ty
|c|âShami15|i now hate gengar to the very core
|c|âChillingtilnoon|lol
|c|âShami15|:I
|c|âChillingtilnoon|im gonna make a new team
|c|âChillingtilnoon|if your staying awake?
|c|âShami15|i need to make mega pidgeot viable
|c|âShami15|yh
|c|âShami15|im waiting on sumtin
|c|âChillingtilnoon|aight
|c|âShami15|home work related 
|c|âShami15|:I
|c|âChillingtilnoon|ill make a ?
|c|âShami15|?
|c|âChillingtilnoon|what mega
|c|âShami15|hmmm
|c|âShami15|metagross is also kinda broken
|c|âShami15|dat speed doe
|c|âShami15|>_<
|c|âChillingtilnoon|do you know the ubers meta?
|c|âShami15|i cri every tiem 
|c|âChillingtilnoon|mega rayquaza
|c|âShami15|um no
|c|âChillingtilnoon|:(
|c|âShami15|u can DO THAT
|c|âChillingtilnoon|how bout gallade
|c|âShami15|MEGA QUAZA
|c|âShami15|uh......
|c|âShami15|well i have a team
|c|âChillingtilnoon|ok
|c|âChillingtilnoon|1 sec
|c|âShami15|but im might revamp it 
|c|âShami15|OOOOO
|c|âShami15|I HAVE A GENGAR
|c|âShami15|:3