|join|Chillingtilnoon
|join|Magnaru
|player|p1|Chillingtilnoon|70
|player|p2|Magnaru|190
|gametype|singles
|gen|6
|tier|ORAS OU
|rated
|rule|Sleep Clause Mod: Limit one foe put to sleep
|rule|Species Clause: Limit one of each PokÃ©mon
|rule|OHKO Clause: OHKO moves are banned
|rule|Moody Clause: Moody is banned
|rule|Evasion Moves Clause: Evasion moves are banned
|rule|Endless Battle Clause: Forcing endless battles is banned
|rule|HP Percentage Mod: HP is shown in percentages
|clearpoke
|poke|p1|Diancie
|poke|p1|Conkeldurr, M
|poke|p1|Landorus-Therian, M
|poke|p1|Thundurus, M
|poke|p1|Mamoswine, M
|poke|p1|Mew
|poke|p2|Pidgeot, F
|poke|p2|Gothitelle, F
|poke|p2|Gliscor, M
|poke|p2|Clefable, M
|poke|p2|Blastoise, F
|poke|p2|Arcanine, F
|rule|Swagger Clause: Swagger is banned
|rule|Baton Pass Clause: Limit one PokÃ©mon knowing Baton Pass
|teampreview
|
|start
|switch|p1a: Landorus-Therian|Landorus-Therian, M|319\/319
|switch|p2a: Gliscor|Gliscor, M|354\/354
|-ability|p1a: Landorus-Therian|Intimidate|[of] p2a: Gliscor
|-unboost|p2a: Gliscor|atk|1
|turn|1
|
|move|p1a: Landorus-Therian|U-turn|p2a: Gliscor
|-resisted|p2a: Gliscor
|-damage|p2a: Gliscor|324\/354
|
|switch|p1a: Mamoswine|Mamoswine, M|362\/362
|move|p2a: Gliscor|Taunt|p1a: Mamoswine
|-start|p1a: Mamoswine|move: Taunt
|
|-status|p2a: Gliscor|tox|[from] item: Toxic Orb
|turn|2
|
|switch|p2a: Blastoise|Blastoise, F|362\/362
|move|p1a: Mamoswine|Icicle Crash|p2a: Blastoise
|-crit|p2a: Blastoise
|-resisted|p2a: Blastoise
|-damage|p2a: Blastoise|286\/362
|
|turn|3
|
|switch|p1a: Conkeldurr|Conkeldurr, M|352\/352
|move|p2a: Blastoise|Scald|p1a: Conkeldurr
|-damage|p1a: Conkeldurr|300\/352
|-status|p1a: Conkeldurr|brn
|
|-damage|p1a: Conkeldurr|256\/352 brn|[from] brn
|turn|4
|
|switch|p2a: Clefable|Clefable, M|394\/394
|move|p1a: Conkeldurr|Drain Punch|p2a: Clefable
|-resisted|p2a: Clefable
|-damage|p2a: Clefable|254\/394
|-heal|p1a: Conkeldurr|326\/352 brn|[from] drain|[of] p2a: Clefable
|
|-damage|p1a: Conkeldurr|282\/352 brn|[from] brn
|turn|5
|
|move|p2a: Clefable|Moonblast|p1a: Conkeldurr
|-supereffective|p1a: Conkeldurr
|-damage|p1a: Conkeldurr|38\/352 brn
|move|p1a: Conkeldurr|Knock Off|p2a: Clefable
|-resisted|p2a: Clefable
|-damage|p2a: Clefable|135\/394
|-enditem|p2a: Clefable|Life Orb|[from] move: Knock Off|[of] p1a: Conkeldurr
|
|-damage|p1a: Conkeldurr|0 fnt|[from] brn
|faint|p1a: Conkeldurr
|
|switch|p1a: Diancie|Diancie|241\/241
|turn|6
|
|move|p1a: Diancie|Calm Mind|p1a: Diancie
|-boost|p1a: Diancie|spa|1
|-boost|p1a: Diancie|spd|1
|move|p2a: Clefable|Thunderbolt|p1a: Diancie
|-damage|p1a: Diancie|199\/241
|
|turn|7
|
|switch|p2a: Blastoise|Blastoise, F|286\/362
|move|p1a: Diancie|Calm Mind|p1a: Diancie
|-boost|p1a: Diancie|spa|1
|-boost|p1a: Diancie|spd|1
|
|turn|8
|
|detailschange|p1a: Diancie|Diancie-Mega
|message|Diancie has Mega Evolved into Mega Diancie!
|move|p1a: Diancie|Moonblast|p2a: Blastoise
|-damage|p2a: Blastoise|37\/362
|-unboost|p2a: Blastoise|spa|1
|move|p2a: Blastoise|Seismic Toss|p1a: Diancie
|-damage|p1a: Diancie|99\/241
|
|turn|9
|
|move|p1a: Diancie|Moonblast|p2a: Blastoise
|-damage|p2a: Blastoise|0 fnt
|faint|p2a: Blastoise
|
|
|switch|p2a: Gothitelle|Gothitelle, F|313\/313
|turn|10
|
|move|p1a: Diancie|Moonblast|p2a: Gothitelle
|-damage|p2a: Gothitelle|0 fnt
|faint|p2a: Gothitelle
|
|
|switch|p2a: Arcanine|Arcanine, F|321\/321
|-ability|p2a: Arcanine|Intimidate|[of] p1a: Diancie
|-unboost|p1a: Diancie|atk|1
|turn|11
|
|move|p1a: Diancie|Earth Power|p2a: Arcanine
|-supereffective|p2a: Arcanine
|-damage|p2a: Arcanine|0 fnt
|faint|p2a: Arcanine
|
|
|switch|p2a: Pidgeot|Pidgeot, F|308\/308
|turn|12
|
|detailschange|p2a: Pidgeot|Pidgeot-Mega, F
|message|Pidgeot has Mega Evolved into Mega Pidgeot!
|move|p1a: Diancie|Moonblast|p2a: Pidgeot
|-damage|p2a: Pidgeot|0 fnt
|faint|p2a: Pidgeot
|
|-message|Magnaru forfeited.
|-message|Magnaru forfeited.
|
|win|Chillingtilnoon
|raw|Ladder updating...
|leave|Magnaru
|player|p2
|raw|Chillingtilnoon's rating: 1200 &rarr; <strong>1219<\/strong><br \/>(+19 for winning)
|raw|Magnaru's rating: 1114 &rarr; <strong>1095<\/strong><br \/>(-19 for losing)