|join|Chillingtilnoon
|join|Sike2303
|player|p1|Chillingtilnoon|106
|player|p2|Sike2303|2
|gametype|singles
|gen|6
|tier|ORAS OU
|rule|Sleep Clause Mod: Limit one foe put to sleep
|rule|Species Clause: Limit one of each PokÃ©mon
|rule|OHKO Clause: OHKO moves are banned
|rule|Moody Clause: Moody is banned
|rule|Evasion Moves Clause: Evasion moves are banned
|rule|Endless Battle Clause: Forcing endless battles is banned
|rule|HP Percentage Mod: HP is shown in percentages
|clearpoke
|poke|p1|Politoed, M
|poke|p1|Swampert, F
|poke|p1|Kingdra, M
|poke|p1|Ferrothorn, F
|poke|p1|Landorus-Therian, M
|poke|p1|Latios, M
|poke|p2|Greninja, M, shiny
|poke|p2|Weezing, M, shiny
|poke|p2|Kyurem-Black, shiny
|poke|p2|Landorus-Therian, M
|poke|p2|Metagross, shiny
|poke|p2|Eelektross, F, shiny
|rule|Swagger Clause: Swagger is banned
|rule|Baton Pass Clause: Limit one PokÃ©mon knowing Baton Pass
|teampreview
|
|start
|switch|p1a: Politoed|Politoed, M|384\/384
|switch|p2a: DcikBlock|Eelektross, F, shiny|374\/374
|-weather|RainDance
|turn|1
|
|move|p1a: Politoed|Toxic|p2a: DcikBlock
|-status|p2a: DcikBlock|tox
|move|p2a: DcikBlock|Knock Off|p1a: Politoed
|-damage|p1a: Politoed|282\/384
|-enditem|p1a: Politoed|Damp Rock|[from] move: Knock Off|[of] p2a: DcikBlock
|
|-weather|RainDance|[upkeep]
|-damage|p2a: DcikBlock|351\/374 tox|[from] psn
|turn|2
|join|RK_SapSipper
|
|switch|p1a: Swampert|Swampert, F|341\/341
|move|p2a: DcikBlock|Thunderbolt|p1a: Swampert
|-immune|p1a: Swampert|[msg]
|
|-weather|RainDance|[upkeep]
|-damage|p2a: DcikBlock|305\/374 tox|[from] psn
|turn|3
|
|detailschange|p1a: Swampert|Swampert-Mega, F
|message|Swampert has Mega Evolved into Mega Swampert!
|move|p1a: Swampert|Waterfall|p2a: DcikBlock
|-damage|p2a: DcikBlock|0 fnt
|faint|p2a: DcikBlock
|
|-weather|RainDance|[upkeep]
|
|switch|p2a: ChemicalHazard|Weezing, M, shiny|334\/334
|turn|4
|
|switch|p1a: Ferrothorn|Ferrothorn, F|352\/352
|move|p2a: ChemicalHazard|Will-O-Wisp|p1a: Ferrothorn|[miss]
|-miss|p2a: ChemicalHazard|p1a: Ferrothorn
|
|-weather|RainDance|[upkeep]
|turn|5
|
|move|p2a: ChemicalHazard|Will-O-Wisp|p1a: Ferrothorn|[miss]
|-miss|p2a: ChemicalHazard|p1a: Ferrothorn
|move|p1a: Ferrothorn|Stealth Rock|p2a: ChemicalHazard
|-sidestart|p2: Sike2303|move: Stealth Rock
|
|-weather|RainDance|[upkeep]
|turn|6
|
|move|p2a: ChemicalHazard|Will-O-Wisp|p1a: Ferrothorn|[miss]
|-miss|p2a: ChemicalHazard|p1a: Ferrothorn
|move|p1a: Ferrothorn|Leech Seed|p2a: ChemicalHazard
|-start|p2a: ChemicalHazard|move: Leech Seed
|
|-weather|RainDance|[upkeep]
|-damage|p2a: ChemicalHazard|293\/334|[from] Leech Seed|[of] p1a: Ferrothorn
|turn|7
|leave|RK_SapSipper
|c|âSike2303|wtf 
|c|âChillingtilnoon|lol
|
|switch|p1a: Latios|Latios, M|302\/302
|move|p2a: ChemicalHazard|Will-O-Wisp|p1a: Latios
|-status|p1a: Latios|brn
|
|-weather|RainDance|[upkeep]
|-heal|p2a: ChemicalHazard|313\/334|[from] item: Black Sludge
|-damage|p2a: ChemicalHazard|272\/334|[from] Leech Seed|[of] p1a: Latios
|-damage|p1a: Latios|265\/302 brn|[from] brn
|turn|8
|
|switch|p2a: SilverMetalu|Metagross, shiny|301\/301
|-damage|p2a: SilverMetalu|283\/301|[from] Stealth Rock
|move|p1a: Latios|Psyshock|p2a: SilverMetalu
|-resisted|p2a: SilverMetalu
|-damage|p2a: SilverMetalu|244\/301
|-damage|p1a: Latios|235\/302 brn|[from] item: Life Orb
|
|-weather|none
|-damage|p1a: Latios|198\/302 brn|[from] brn
|turn|9
|
|switch|p1a: Ferrothorn|Ferrothorn, F|352\/352
|detailschange|p2a: SilverMetalu|Metagross-Mega, shiny
|message|Metagross has Mega Evolved into Mega Metagross!
|move|p2a: SilverMetalu|Meteor Mash|p1a: Ferrothorn|[miss]
|-miss|p2a: SilverMetalu|p1a: Ferrothorn
|
|turn|10
|c|âSike2303|...
|c|âChillingtilnoon|lol
|
|switch|p2a: GreatRecker|Landorus-Therian, M|382\/382
|-damage|p2a: GreatRecker|335\/382|[from] Stealth Rock
|-ability|p2a: GreatRecker|Intimidate|[of] p1a: Ferrothorn
|-unboost|p1a: Ferrothorn|atk|1
|move|p1a: Ferrothorn|Thunder Wave|p2a: GreatRecker
|-immune|p2a: GreatRecker|[msg]
|
|-heal|p2a: GreatRecker|358\/382|[from] item: Leftovers
|turn|11
|
|move|p2a: GreatRecker|Stealth Rock|p1a: Ferrothorn
|-sidestart|p1: Chillingtilnoon|move: Stealth Rock
|move|p1a: Ferrothorn|Leech Seed|p2a: GreatRecker
|-start|p2a: GreatRecker|move: Leech Seed
|
|-heal|p2a: GreatRecker|381\/382|[from] item: Leftovers
|-damage|p2a: GreatRecker|334\/382|[from] Leech Seed|[of] p1a: Ferrothorn
|turn|12
|join|RK_SapSipper
|
|move|p2a: GreatRecker|Earthquake|p1a: Ferrothorn
|-damage|p1a: Ferrothorn|208\/352
|move|p1a: Ferrothorn|Power Whip|p2a: GreatRecker
|-damage|p2a: GreatRecker|241\/382
|
|-heal|p2a: GreatRecker|264\/382|[from] item: Leftovers
|-heal|p1a: Ferrothorn|230\/352|[from] item: Leftovers
|-damage|p2a: GreatRecker|217\/382|[from] Leech Seed|[of] p1a: Ferrothorn
|-heal|p1a: Ferrothorn|277\/352|[silent]
|turn|13
|
|switch|p1a: Landorus-Therian|Landorus-Therian, M|319\/319
|-damage|p1a: Landorus-Therian|280\/319|[from] Stealth Rock
|-ability|p1a: Landorus-Therian|Intimidate|[of] p2a: GreatRecker
|-unboost|p2a: GreatRecker|atk|1
|move|p2a: GreatRecker|Knock Off|p1a: Landorus-Therian
|-damage|p1a: Landorus-Therian|181\/319
|-enditem|p1a: Landorus-Therian|Choice Scarf|[from] move: Knock Off|[of] p2a: GreatRecker
|
|-heal|p2a: GreatRecker|240\/382|[from] item: Leftovers
|-damage|p2a: GreatRecker|193\/382|[from] Leech Seed|[of] p1a: Landorus-Therian
|-heal|p1a: Landorus-Therian|228\/319|[silent]
|turn|14
|
|move|p1a: Landorus-Therian|U-turn|p2a: GreatRecker
|-resisted|p2a: GreatRecker
|-damage|p2a: GreatRecker|144\/382
|
|switch|p1a: Ferrothorn|Ferrothorn, F|277\/352
|-damage|p1a: Ferrothorn|255\/352|[from] Stealth Rock
|move|p2a: GreatRecker|U-turn|p1a: Ferrothorn
|-damage|p1a: Ferrothorn|206\/352
|-damage|p2a: GreatRecker|97\/382|[from] ability: Iron Barbs|[of] p1a: Ferrothorn
|
|switch|p2a: ChemicalHazard|Weezing, M, shiny|272\/334
|-damage|p2a: ChemicalHazard|231\/334|[from] Stealth Rock
|
|-heal|p2a: ChemicalHazard|251\/334|[from] item: Black Sludge
|-heal|p1a: Ferrothorn|228\/352|[from] item: Leftovers
|turn|15
|
|move|p2a: ChemicalHazard|Flamethrower|p1a: Ferrothorn
|-supereffective|p1a: Ferrothorn
|-damage|p1a: Ferrothorn|48\/352
|move|p1a: Ferrothorn|Leech Seed|p2a: ChemicalHazard
|-start|p2a: ChemicalHazard|move: Leech Seed
|
|-heal|p2a: ChemicalHazard|271\/334|[from] item: Black Sludge
|-heal|p1a: Ferrothorn|70\/352|[from] item: Leftovers
|-damage|p2a: ChemicalHazard|230\/334|[from] Leech Seed|[of] p1a: Ferrothorn
|-heal|p1a: Ferrothorn|111\/352|[silent]
|turn|16
|
|switch|p1a: Politoed|Politoed, M|282\/384
|-damage|p1a: Politoed|234\/384|[from] Stealth Rock
|-weather|RainDance
|move|p2a: ChemicalHazard|Sludge Wave|p1a: Politoed
|-damage|p1a: Politoed|159\/384
|
|-weather|RainDance|[upkeep]
|-heal|p2a: ChemicalHazard|250\/334|[from] item: Black Sludge
|-damage|p2a: ChemicalHazard|209\/334|[from] Leech Seed|[of] p1a: Politoed
|-heal|p1a: Politoed|200\/384|[silent]
|turn|17
|
|switch|p2a: Kakashi|Greninja, M, shiny|285\/285
|-damage|p2a: Kakashi|250\/285|[from] Stealth Rock
|move|p1a: Politoed|Hydro Pump|p2a: Kakashi
|-resisted|p2a: Kakashi
|-damage|p2a: Kakashi|131\/285
|
|-weather|RainDance|[upkeep]
|turn|18
|
|move|p2a: Kakashi|Gunk Shot|p1a: Politoed
|-start|p2a: Kakashi|typechange|Poison|[from] Protean
|-damage|p1a: Politoed|0 fnt
|-damage|p2a: Kakashi|103\/285|[from] item: Life Orb
|faint|p1a: Politoed
|
|-weather|RainDance|[upkeep]
|
|switch|p1a: Swampert|Swampert-Mega, F|341\/341
|-damage|p1a: Swampert|320\/341|[from] Stealth Rock
|turn|19
|
|move|p1a: Swampert|Waterfall|p2a: Kakashi
|-crit|p2a: Kakashi
|-damage|p2a: Kakashi|0 fnt
|faint|p2a: Kakashi
|
|-weather|RainDance|[upkeep]
|
|switch|p2a: ChemicalHazard|Weezing, M, shiny|209\/334
|-damage|p2a: ChemicalHazard|168\/334|[from] Stealth Rock
|turn|20
|
|move|p1a: Swampert|Waterfall|p2a: ChemicalHazard
|-damage|p2a: ChemicalHazard|0 fnt
|faint|p2a: ChemicalHazard
|
|-weather|none
|
|switch|p2a: Acnologia|Kyurem-Black, shiny|391\/391
|-damage|p2a: Acnologia|294\/391|[from] Stealth Rock
|-ability|p2a: Acnologia|Teravolt
|turn|21
|
|move|p2a: Acnologia|Ice Beam|p1a: Swampert
|-damage|p1a: Swampert|200\/341
|-status|p1a: Swampert|frz
|cant|p1a: Swampert|frz
|
|turn|22
|c|âChillingtilnoon|-_-
|
|move|p2a: Acnologia|Ice Beam|p1a: Swampert
|-damage|p1a: Swampert|89\/341 frz
|cant|p1a: Swampert|frz
|
|turn|23
|c|âSike2303|i missed wil o wisp 4 times you cannot complain at this moment
|
|move|p2a: Acnologia|Ice Beam|p1a: Swampert
|-damage|p1a: Swampert|0 fnt
|faint|p1a: Swampert
|
|c|âChillingtilnoon|lol
|c|âChillingtilnoon|in the rain i think accuracy goes  down
|
|switch|p1a: Kingdra|Kingdra, M|291\/291
|-damage|p1a: Kingdra|255\/291|[from] Stealth Rock
|turn|24
|
|move|p2a: Acnologia|Ice Beam|p1a: Kingdra
|-damage|p1a: Kingdra|123\/291
|-status|p1a: Kingdra|frz
|cant|p1a: Kingdra|frz
|
|turn|25
|
|move|p2a: Acnologia|Ice Beam|p1a: Kingdra
|-damage|p1a: Kingdra|0 fnt
|faint|p1a: Kingdra
|
|c| RK_SapSipper|rofl
|
|switch|p1a: Landorus-Therian|Landorus-Therian, M|228\/319
|-damage|p1a: Landorus-Therian|189\/319|[from] Stealth Rock
|-ability|p1a: Landorus-Therian|Intimidate|[of] p2a: Acnologia
|-unboost|p2a: Acnologia|atk|1
|turn|26
|
|move|p2a: Acnologia|Ice Beam|p1a: Landorus-Therian
|-supereffective|p1a: Landorus-Therian
|-damage|p1a: Landorus-Therian|0 fnt
|faint|p1a: Landorus-Therian
|
|c|âChillingtilnoon|who runs scarf lol
|
|switch|p1a: Latios|Latios, M|198\/302 brn
|-damage|p1a: Latios|161\/302 brn|[from] Stealth Rock
|turn|27
|c|âSike2303|scarf kyurem is good lol
|c|âSike2303|its a common set in ou e.e
|
|move|p2a: Acnologia|Ice Beam|p1a: Latios
|-supereffective|p1a: Latios
|-damage|p1a: Latios|0 fnt
|faint|p1a: Latios
|
|
|switch|p1a: Ferrothorn|Ferrothorn, F|111\/352
|-damage|p1a: Ferrothorn|89\/352|[from] Stealth Rock
|turn|28
|
|move|p2a: Acnologia|Ice Beam|p1a: Ferrothorn
|-damage|p1a: Ferrothorn|0 fnt
|faint|p1a: Ferrothorn
|
|win|Sike2303
|leave|Chillingtilnoon
|player|p1
|c|âSike2303|gg
|join|urukau
|c|âSike2303|kyurem clean lol