|join|Chillingtilnoon
|join|JBJuggernaut
|player|p1|Chillingtilnoon|106
|player|p2|JBJuggernaut|247
|gametype|singles
|gen|6
|tier|ORAS OU
|rated
|rule|Sleep Clause Mod: Limit one foe put to sleep
|rule|Species Clause: Limit one of each PokÃ©mon
|rule|OHKO Clause: OHKO moves are banned
|rule|Moody Clause: Moody is banned
|rule|Evasion Moves Clause: Evasion moves are banned
|rule|Endless Battle Clause: Forcing endless battles is banned
|rule|HP Percentage Mod: HP is shown in percentages
|clearpoke
|poke|p1|Celebi
|poke|p1|Quagsire, M
|poke|p1|Metagross
|poke|p1|Latios, M
|poke|p1|Terrakion
|poke|p1|Bisharp, F
|poke|p2|Sceptile, F
|poke|p2|Azumarill, M
|poke|p2|Heatran, F
|poke|p2|Conkeldurr, M
|poke|p2|Mandibuzz, F
|poke|p2|Sylveon, M
|rule|Swagger Clause: Swagger is banned
|rule|Baton Pass Clause: Limit one PokÃ©mon knowing Baton Pass
|teampreview
|c|âJBJuggernaut|gl hf
|c|âChillingtilnoon|u 2
|
|start
|switch|p1a: Celebi|Celebi|341\/341
|switch|p2a: Sceptile|Sceptile, F|282\/282
|turn|1
|
|switch|p1a: Metagross|Metagross|301\/301
|detailschange|p2a: Sceptile|Sceptile-Mega, F
|message|Sceptile has Mega Evolved into Mega Sceptile!
|move|p2a: Sceptile|Substitute|p2a: Sceptile
|-start|p2a: Sceptile|Substitute
|-damage|p2a: Sceptile|212\/282
|
|turn|2
|
|detailschange|p1a: Metagross|Metagross-Mega
|message|Metagross has Mega Evolved into Mega Metagross!
|move|p2a: Sceptile|Focus Blast|p1a: Metagross
|-damage|p1a: Metagross|133\/301
|move|p1a: Metagross|Meteor Mash|p2a: Sceptile
|-end|p2a: Sceptile|Substitute
|
|turn|3
|
|switch|p2a: Mandibuzz|Mandibuzz, F|424\/424
|switch|p1a: Celebi|Celebi|341\/341
|
|turn|4
|
|switch|p1a: Terrakion|Terrakion|323\/323
|move|p2a: Mandibuzz|Foul Play|p1a: Terrakion
|-resisted|p1a: Terrakion
|-damage|p1a: Terrakion|234\/323
|-boost|p1a: Terrakion|atk|1|[from] ability: Justified
|
|turn|5
|
|switch|p2a: Conkeldurr|Conkeldurr, M|414\/414
|move|p1a: Terrakion|Stone Edge|p2a: Conkeldurr
|-resisted|p2a: Conkeldurr
|-damage|p2a: Conkeldurr|275\/414
|
|turn|6
|
|move|p1a: Terrakion|Close Combat|p2a: Conkeldurr
|-damage|p2a: Conkeldurr|0 fnt
|-unboost|p1a: Terrakion|def|1
|-unboost|p1a: Terrakion|spd|1
|faint|p2a: Conkeldurr
|
|c|âChillingtilnoon|surpise
|
|switch|p2a: Azumarill|Azumarill, M|379\/379
|turn|7
|
|switch|p1a: Celebi|Celebi|341\/341
|move|p2a: Azumarill|Aqua Jet|p1a: Celebi
|-crit|p1a: Celebi
|-resisted|p1a: Celebi
|-damage|p1a: Celebi|281\/341
|
|turn|8
|c|âJBJuggernaut|i had the mach punch i just thought you would switch lol
|
|switch|p2a: Sylveon|Sylveon, M|394\/394
|move|p1a: Celebi|Nasty Plot|p1a: Celebi
|-boost|p1a: Celebi|spa|2
|
|turn|9
|c|âChillingtilnoon|lol i know
|c|âChillingtilnoon|thought i was scarf
|c|âChillingtilnoon|imma be sad if thats specs
|c|âJBJuggernaut|i don't even know anymore, ran into a scarfed celebi earlier today so  you could have anything
|
|move|p1a: Celebi|Nasty Plot|p1a: Celebi
|-boost|p1a: Celebi|spa|2
|move|p2a: Sylveon|Light Screen|p2a: Sylveon
|-sidestart|p2: JBJuggernaut|move: Light Screen
|
|turn|10
|
|move|p1a: Celebi|Nasty Plot|p1a: Celebi
|-boost|p1a: Celebi|spa|2
|move|p2a: Sylveon|Hyper Voice|p1a: Celebi
|-damage|p1a: Celebi|139\/341
|
|turn|11
|
|move|p1a: Celebi|Giga Drain|p2a: Sylveon
|-damage|p2a: Sylveon|235\/394
|-heal|p1a: Celebi|219\/341|[from] drain|[of] p2a: Sylveon
|-damage|p1a: Celebi|185\/341|[from] item: Life Orb
|move|p2a: Sylveon|Hyper Voice|p1a: Celebi
|-damage|p1a: Celebi|35\/341
|
|turn|12
|
|move|p1a: Celebi|Hidden Power|p2a: Sylveon
|-damage|p2a: Sylveon|146\/394
|-damage|p1a: Celebi|1\/341|[from] item: Life Orb
|move|p2a: Sylveon|Hyper Voice|p1a: Celebi
|-damage|p1a: Celebi|0 fnt
|faint|p1a: Celebi
|
|
|switch|p1a: Metagross|Metagross-Mega|133\/301
|turn|13
|
|switch|p2a: Mandibuzz|Mandibuzz, F|424\/424
|move|p1a: Metagross|Meteor Mash|p2a: Mandibuzz
|-damage|p2a: Mandibuzz|268\/424
|-damage|p1a: Metagross|83\/301|[from] item: Rocky Helmet|[of] p2a: Mandibuzz
|
|turn|14
|
|move|p1a: Metagross|Meteor Mash|p2a: Mandibuzz
|-damage|p2a: Mandibuzz|99\/424
|-damage|p1a: Metagross|33\/301|[from] item: Rocky Helmet|[of] p2a: Mandibuzz
|move|p2a: Mandibuzz|Roost|p2a: Mandibuzz
|-heal|p2a: Mandibuzz|311\/424
|
|turn|15
|
|switch|p1a: Terrakion|Terrakion|234\/323
|move|p2a: Mandibuzz|Roost|p2a: Mandibuzz
|-heal|p2a: Mandibuzz|424\/424
|
|turn|16
|
|switch|p2a: Azumarill|Azumarill, M|379\/379
|move|p1a: Terrakion|Taunt|p2a: Azumarill
|-start|p2a: Azumarill|move: Taunt
|
|-sideend|p2: JBJuggernaut|move: Light Screen
|turn|17
|c|âJBJuggernaut|this is what i meant when i said i don't even know anymore lol
|c|âChillingtilnoon|i just realized my team is really weak to av azu
|
|switch|p1a: Metagross|Metagross-Mega|33\/301
|move|p2a: Azumarill|Aqua Jet|p1a: Metagross
|-damage|p1a: Metagross|0 fnt
|faint|p1a: Metagross
|
|
|switch|p1a: Latios|Latios, M|301\/301
|turn|18
|
|switch|p2a: Sylveon|Sylveon, M|146\/394
|move|p1a: Latios|Psyshock|p2a: Sylveon
|-damage|p2a: Sylveon|0 fnt
|-damage|p1a: Latios|271\/301|[from] item: Life Orb
|faint|p2a: Sylveon
|
|
|switch|p2a: Sceptile|Sceptile-Mega, F|212\/282
|turn|19
|
|move|p2a: Sceptile|Dragon Pulse|p1a: Latios
|-supereffective|p1a: Latios
|-damage|p1a: Latios|0 fnt
|faint|p1a: Latios
|
|
|switch|p1a: Bisharp|Bisharp, F|272\/272
|turn|20
|
|move|p2a: Sceptile|Substitute|p2a: Sceptile
|-start|p2a: Sceptile|Substitute
|-damage|p2a: Sceptile|142\/282
|move|p1a: Bisharp|Knock Off|p2a: Sceptile
|-end|p2a: Sceptile|Substitute
|-damage|p1a: Bisharp|245\/272|[from] item: Life Orb
|
|turn|21
|
|move|p1a: Bisharp|Sucker Punch|p2a: Sceptile
|-fail|p2a: Sceptile
|move|p2a: Sceptile|Substitute|p2a: Sceptile
|-start|p2a: Sceptile|Substitute
|-damage|p2a: Sceptile|72\/282
|
|turn|22
|
|move|p2a: Sceptile|Focus Blast|p1a: Bisharp
|-supereffective|p1a: Bisharp
|-damage|p1a: Bisharp|0 fnt
|faint|p1a: Bisharp
|
|
|switch|p1a: Quagsire|Quagsire, M|394\/394
|turn|23
|c|âChillingtilnoon|gg
|c|âJBJuggernaut|YASSSS
|c|âJBJuggernaut|that was a though choise
|
|move|p2a: Sceptile|Giga Drain|p1a: Quagsire
|-supereffective|p1a: Quagsire
|-damage|p1a: Quagsire|0 fnt
|-heal|p2a: Sceptile|269\/282|[from] drain|[of] p1a: Quagsire
|faint|p1a: Quagsire
|
|
|switch|p1a: Terrakion|Terrakion|234\/323
|turn|24
|
|move|p2a: Sceptile|Giga Drain|p1a: Terrakion
|-supereffective|p1a: Terrakion
|-damage|p1a: Terrakion|0 fnt
|-heal|p2a: Sceptile|282\/282|[from] drain|[of] p1a: Terrakion
|faint|p1a: Terrakion
|
|win|JBJuggernaut
|raw|Ladder updating...
|raw|Chillingtilnoon's rating: 1279 &rarr; <strong>1248<\/strong><br \/>(-31 for losing)
|raw|JBJuggernaut's rating: 1196 &rarr; <strong>1227<\/strong><br \/>(+31 for winning)
|c|âJBJuggernaut|gg