|join|Chillingtilnoon
|join|P from the future
|player|p1|Chillingtilnoon|70
|player|p2|P from the future|101
|gametype|singles
|gen|6
|tier|ORAS OU
|rated
|rule|Sleep Clause Mod: Limit one foe put to sleep
|rule|Species Clause: Limit one of each PokÃ©mon
|rule|OHKO Clause: OHKO moves are banned
|rule|Moody Clause: Moody is banned
|rule|Evasion Moves Clause: Evasion moves are banned
|rule|Endless Battle Clause: Forcing endless battles is banned
|rule|HP Percentage Mod: HP is shown in percentages
|clearpoke
|poke|p1|Diancie
|poke|p1|Talonflame, M
|poke|p1|Skarmory, M
|poke|p1|Greninja, F
|poke|p1|Garchomp, M
|poke|p1|Latias, F
|poke|p2|Salamence, M
|poke|p2|Chesnaught, F
|poke|p2|Heatran, M
|poke|p2|Togekiss, M
|poke|p2|Slowbro, M
|poke|p2|Ferrothorn, M
|rule|Swagger Clause: Swagger is banned
|rule|Baton Pass Clause: Limit one PokÃ©mon knowing Baton Pass
|teampreview
|
|start
|switch|p1a: Garchomp|Garchomp, M|358\/358
|switch|p2a: Armored Fortress|Ferrothorn, M|352\/352
|turn|1
|
|move|p1a: Garchomp|Stealth Rock|p2a: Armored Fortress
|-sidestart|p2: P from the future|move: Stealth Rock
|move|p2a: Armored Fortress|Stealth Rock|p1a: Garchomp
|-sidestart|p1: Chillingtilnoon|move: Stealth Rock
|
|turn|2
|
|move|p1a: Garchomp|Earthquake|p2a: Armored Fortress
|-damage|p2a: Armored Fortress|246\/352
|move|p2a: Armored Fortress|Leech Seed|p1a: Garchomp|[miss]
|-miss|p2a: Armored Fortress|p1a: Garchomp
|
|-heal|p2a: Armored Fortress|268\/352|[from] item: Leftovers
|turn|3
|
|move|p1a: Garchomp|Swords Dance|p1a: Garchomp
|-boost|p1a: Garchomp|atk|2
|move|p2a: Armored Fortress|Leech Seed|p1a: Garchomp|[miss]
|-miss|p2a: Armored Fortress|p1a: Garchomp
|
|-heal|p2a: Armored Fortress|290\/352|[from] item: Leftovers
|turn|4
|join|beyblader
|
|switch|p2a: The Mystic|Togekiss, M|374\/374
|-damage|p2a: The Mystic|281\/374|[from] Stealth Rock
|move|p1a: Garchomp|Swords Dance|p1a: Garchomp
|-boost|p1a: Garchomp|atk|2
|
|-heal|p2a: The Mystic|304\/374|[from] item: Leftovers
|turn|5
|
|switch|p1a: Skarmory|Skarmory, M|334\/334
|-damage|p1a: Skarmory|293\/334|[from] Stealth Rock
|move|p2a: The Mystic|Dazzling Gleam|p1a: Skarmory
|-resisted|p1a: Skarmory
|-damage|p1a: Skarmory|215\/334
|
|-heal|p2a: The Mystic|327\/374|[from] item: Leftovers
|-heal|p1a: Skarmory|235\/334|[from] item: Leftovers
|turn|6
|
|move|p2a: The Mystic|Air Slash|p1a: Skarmory
|-resisted|p1a: Skarmory
|-damage|p1a: Skarmory|162\/334
|move|p1a: Skarmory|Roost|p1a: Skarmory
|-heal|p1a: Skarmory|329\/334
|
|-heal|p2a: The Mystic|350\/374|[from] item: Leftovers
|-heal|p1a: Skarmory|334\/334|[from] item: Leftovers
|turn|7
|
|switch|p2a: Blazing Shield|Heatran, M|323\/323
|-damage|p2a: Blazing Shield|283\/323|[from] Stealth Rock
|move|p1a: Skarmory|Spikes|p2a: Blazing Shield
|-sidestart|p2: P from the future|Spikes
|
|turn|8
|
|switch|p1a: Garchomp|Garchomp, M|358\/358
|-damage|p1a: Garchomp|336\/358|[from] Stealth Rock
|move|p2a: Blazing Shield|Overheat|p1a: Garchomp
|-resisted|p1a: Garchomp
|-damage|p1a: Garchomp|213\/358
|-unboost|p2a: Blazing Shield|spa|2
|
|turn|9
|
|switch|p2a: The Mystic|Togekiss, M|350\/374
|-damage|p2a: The Mystic|257\/374|[from] Stealth Rock
|switch|p1a: Greninja|Greninja, F|286\/286
|-damage|p1a: Greninja|251\/286|[from] Stealth Rock
|
|-heal|p2a: The Mystic|280\/374|[from] item: Leftovers
|turn|10
|leave|beyblader
|
|move|p1a: Greninja|Ice Beam|p2a: The Mystic
|-start|p1a: Greninja|typechange|Ice|[from] Protean
|-supereffective|p2a: The Mystic
|-damage|p2a: The Mystic|67\/374
|-damage|p1a: Greninja|223\/286|[from] item: Life Orb
|move|p2a: The Mystic|Defog|p1a: Greninja
|-unboost|p1a: Greninja|evasion|1
|-sideend|p1: Chillingtilnoon|Stealth Rock|[from] move: Defog|[of] p1a: Greninja
|-sideend|p2: P from the future|Spikes|[from] move: Defog|[of] p2a: The Mystic
|-sideend|p2: P from the future|Stealth Rock|[from] move: Defog|[of] p2a: The Mystic
|
|-heal|p2a: The Mystic|90\/374|[from] item: Leftovers
|turn|11
|
|switch|p2a: Blazing Shield|Heatran, M|283\/323
|move|p1a: Greninja|Extrasensory|p2a: Blazing Shield
|-start|p1a: Greninja|typechange|Psychic|[from] Protean
|-crit|p2a: Blazing Shield
|-resisted|p2a: Blazing Shield
|-damage|p2a: Blazing Shield|178\/323
|-damage|p1a: Greninja|195\/286|[from] item: Life Orb
|
|turn|12
|
|switch|p1a: Garchomp|Garchomp, M|213\/358
|move|p2a: Blazing Shield|Overheat|p1a: Garchomp
|-resisted|p1a: Garchomp
|-damage|p1a: Garchomp|83\/358
|-unboost|p2a: Blazing Shield|spa|2
|
|turn|13
|
|switch|p2a: The Mystic|Togekiss, M|90\/374
|move|p1a: Garchomp|Stealth Rock|p2a: The Mystic
|-sidestart|p2: P from the future|move: Stealth Rock
|
|-heal|p2a: The Mystic|113\/374|[from] item: Leftovers
|turn|14
|
|switch|p1a: Talonflame|Talonflame, M|298\/298
|move|p2a: The Mystic|Roost|p2a: The Mystic
|-heal|p2a: The Mystic|300\/374
|
|-heal|p2a: The Mystic|323\/374|[from] item: Leftovers
|turn|15
|
|switch|p1a: Greninja|Greninja, F|195\/286
|move|p2a: The Mystic|Air Slash|p1a: Greninja
|-damage|p1a: Greninja|60\/286
|
|-heal|p2a: The Mystic|346\/374|[from] item: Leftovers
|turn|16
|
|switch|p2a: Blazing Shield|Heatran, M|178\/323
|-damage|p2a: Blazing Shield|138\/323|[from] Stealth Rock
|move|p1a: Greninja|Ice Beam|p2a: Blazing Shield
|-start|p1a: Greninja|typechange|Ice|[from] Protean
|-resisted|p2a: Blazing Shield
|-damage|p2a: Blazing Shield|96\/323
|-damage|p1a: Greninja|32\/286|[from] item: Life Orb
|
|turn|17
|
|move|p2a: Blazing Shield|Flash Cannon|p1a: Greninja
|-supereffective|p1a: Greninja
|-damage|p1a: Greninja|0 fnt
|faint|p1a: Greninja
|
|
|switch|p1a: Talonflame|Talonflame, M|298\/298
|turn|18
|
|switch|p2a: The Jester|Slowbro, M|394\/394
|-damage|p2a: The Jester|345\/394|[from] Stealth Rock
|move|p1a: Talonflame|Swords Dance|p1a: Talonflame
|-boost|p1a: Talonflame|atk|2
|
|-heal|p2a: The Jester|369\/394|[from] item: Leftovers
|turn|19
|
|move|p1a: Talonflame|Brave Bird|p2a: The Jester
|-damage|p2a: The Jester|73\/394
|-damage|p1a: Talonflame|200\/298|[from] recoil|[of] p2a: The Jester
|-damage|p1a: Talonflame|171\/298|[from] item: Life Orb
|move|p2a: The Jester|Scald|p1a: Talonflame
|-supereffective|p1a: Talonflame
|-damage|p1a: Talonflame|0 fnt
|faint|p1a: Talonflame
|
|-heal|p2a: The Jester|97\/394|[from] item: Leftovers
|
|switch|p1a: Latias|Latias, F|302\/302
|turn|20
|
|switch|p2a: The Mystic|Togekiss, M|346\/374
|-damage|p2a: The Mystic|253\/374|[from] Stealth Rock
|move|p1a: Latias|Draco Meteor|p2a: The Mystic
|-immune|p2a: The Mystic|[msg]
|
|-heal|p2a: The Mystic|276\/374|[from] item: Leftovers
|turn|21
|
|move|p1a: Latias|Psyshock|p2a: The Mystic
|-damage|p2a: The Mystic|93\/374
|-damage|p1a: Latias|272\/302|[from] item: Life Orb
|move|p2a: The Mystic|Dazzling Gleam|p1a: Latias
|-supereffective|p1a: Latias
|-damage|p1a: Latias|92\/302
|
|-heal|p2a: The Mystic|116\/374|[from] item: Leftovers
|turn|22
|
|move|p1a: Latias|Psyshock|p2a: The Mystic
|-damage|p2a: The Mystic|0 fnt
|-damage|p1a: Latias|62\/302|[from] item: Life Orb
|faint|p2a: The Mystic
|
|
|switch|p2a: Armored Fortress|Ferrothorn, M|290\/352
|-damage|p2a: Armored Fortress|268\/352|[from] Stealth Rock
|turn|23
|
|move|p1a: Latias|Healing Wish|p1a: Latias
|faint|p1a: Latias
|move|p2a: Armored Fortress|Gyro Ball|p1: Latias|[notarget]
|-notarget
|
|-heal|p2a: Armored Fortress|290\/352|[from] item: Leftovers
|
|switch|p1a: Garchomp|Garchomp, M|83\/358
|-heal|p1a: Garchomp|358\/358|[from] move: Healing Wish
|turn|24
|
|move|p1a: Garchomp|Swords Dance|p1a: Garchomp
|-boost|p1a: Garchomp|atk|2
|move|p2a: Armored Fortress|Leech Seed|p1a: Garchomp
|-start|p1a: Garchomp|move: Leech Seed
|
|-heal|p2a: Armored Fortress|312\/352|[from] item: Leftovers
|-damage|p1a: Garchomp|314\/358|[from] Leech Seed|[of] p2a: Armored Fortress
|-heal|p2a: Armored Fortress|352\/352|[silent]
|turn|25
|
|move|p1a: Garchomp|Swords Dance|p1a: Garchomp
|-boost|p1a: Garchomp|atk|2
|move|p2a: Armored Fortress|Gyro Ball|p1a: Garchomp
|-damage|p1a: Garchomp|145\/358
|-damage|p2a: Armored Fortress|308\/352|[from] ability: Rough Skin|[of] p1a: Garchomp
|
|-heal|p2a: Armored Fortress|330\/352|[from] item: Leftovers
|-damage|p1a: Garchomp|101\/358|[from] Leech Seed|[of] p2a: Armored Fortress
|-heal|p2a: Armored Fortress|352\/352|[silent]
|turn|26
|
|move|p1a: Garchomp|Earthquake|p2a: Armored Fortress
|-damage|p2a: Armored Fortress|61\/352
|move|p2a: Armored Fortress|Gyro Ball|p1a: Garchomp
|-damage|p1a: Garchomp|0 fnt
|-damage|p2a: Armored Fortress|17\/352|[from] ability: Rough Skin|[of] p1a: Garchomp
|faint|p1a: Garchomp
|
|-heal|p2a: Armored Fortress|39\/352|[from] item: Leftovers
|
|switch|p1a: Diancie|Diancie|241\/241
|turn|27
|
|move|p1a: Diancie|Moonblast|p2a: Armored Fortress
|-resisted|p2a: Armored Fortress
|-damage|p2a: Armored Fortress|0 fnt
|faint|p2a: Armored Fortress
|
|
|switch|p2a: Blazing Shield|Heatran, M|96\/323
|-damage|p2a: Blazing Shield|56\/323|[from] Stealth Rock
|turn|28
|
|switch|p1a: Skarmory|Skarmory, M|334\/334
|move|p2a: Blazing Shield|Flash Cannon|p1a: Skarmory
|-resisted|p1a: Skarmory
|-damage|p1a: Skarmory|243\/334
|
|-heal|p1a: Skarmory|263\/334|[from] item: Leftovers
|turn|29
|
|switch|p2a: The Jester|Slowbro, M|228\/394
|-damage|p2a: The Jester|179\/394|[from] Stealth Rock
|move|p1a: Skarmory|Spikes|p2a: The Jester
|-sidestart|p2: P from the future|Spikes
|
|-heal|p1a: Skarmory|283\/334|[from] item: Leftovers
|-heal|p2a: The Jester|203\/394|[from] item: Leftovers
|turn|30
|
|move|p2a: The Jester|Scald|p1a: Skarmory
|-crit|p1a: Skarmory
|-damage|p1a: Skarmory|76\/334
|move|p1a: Skarmory|Whirlwind|p2a: The Jester
|drag|p2a: Blazing Shield|Heatran, M|56\/323
|-damage|p2a: Blazing Shield|16\/323|[from] Spikes
|-damage|p2a: Blazing Shield|0 fnt|[from] Stealth Rock
|faint|p2a: Blazing Shield
|
|-heal|p1a: Skarmory|96\/334|[from] item: Leftovers
|
|switch|p2a: Return of the King|Salamence, M|331\/331
|-damage|p2a: Return of the King|249\/331|[from] Stealth Rock
|-ability|p2a: Return of the King|Intimidate|[of] p1a: Skarmory
|-unboost|p1a: Skarmory|atk|1
|turn|31
|
|detailschange|p2a: Return of the King|Salamence-Mega, M
|message|Salamence has Mega Evolved into Mega Salamence!
|move|p2a: Return of the King|Return|p1a: Skarmory
|-resisted|p1a: Skarmory
|-damage|p1a: Skarmory|27\/334
|move|p1a: Skarmory|Whirlwind|p2a: Return of the King
|drag|p2a: Fist Knight|Chesnaught, F|380\/380
|-damage|p2a: Fist Knight|333\/380|[from] Spikes
|-damage|p2a: Fist Knight|310\/380|[from] Stealth Rock
|
|-heal|p1a: Skarmory|47\/334|[from] item: Leftovers
|-heal|p2a: Fist Knight|333\/380|[from] item: Leftovers
|turn|32
|
|move|p1a: Skarmory|Roost|p1a: Skarmory
|-heal|p1a: Skarmory|214\/334
|move|p2a: Fist Knight|Drain Punch|p1a: Skarmory
|-supereffective|p1a: Skarmory
|-damage|p1a: Skarmory|76\/334
|-heal|p2a: Fist Knight|380\/380|[from] drain|[of] p1a: Skarmory
|
|-heal|p1a: Skarmory|96\/334|[from] item: Leftovers
|turn|33
|
|move|p1a: Skarmory|Spikes|p2a: Fist Knight
|-sidestart|p2: P from the future|Spikes
|move|p2a: Fist Knight|Bulk Up|p2a: Fist Knight
|-boost|p2a: Fist Knight|atk|1
|-boost|p2a: Fist Knight|def|1
|
|-heal|p1a: Skarmory|116\/334|[from] item: Leftovers
|turn|34
|
|move|p2a: Fist Knight|Drain Punch|p1a: Skarmory
|-damage|p1a: Skarmory|4\/334
|move|p1a: Skarmory|Whirlwind|p2a: Fist Knight
|drag|p2a: The Jester|Slowbro, M|334\/394
|-damage|p2a: The Jester|269\/394|[from] Spikes
|-damage|p2a: The Jester|220\/394|[from] Stealth Rock
|
|-heal|p1a: Skarmory|24\/334|[from] item: Leftovers
|-heal|p2a: The Jester|244\/394|[from] item: Leftovers
|turn|35
|
|move|p1a: Skarmory|Spikes|p2a: The Jester
|-sidestart|p2: P from the future|Spikes
|move|p2a: The Jester|Scald|p1a: Skarmory
|-crit|p1a: Skarmory
|-damage|p1a: Skarmory|0 fnt
|faint|p1a: Skarmory
|
|-heal|p2a: The Jester|268\/394|[from] item: Leftovers
|
|switch|p1a: Diancie|Diancie|241\/241
|turn|36
|
|move|p1a: Diancie|Calm Mind|p1a: Diancie
|-boost|p1a: Diancie|spa|1
|-boost|p1a: Diancie|spd|1
|move|p2a: The Jester|Scald|p1a: Diancie
|-supereffective|p1a: Diancie
|-damage|p1a: Diancie|143\/241
|
|-heal|p2a: The Jester|292\/394|[from] item: Leftovers
|turn|37
|
|detailschange|p1a: Diancie|Diancie-Mega
|message|Diancie has Mega Evolved into Mega Diancie!
|move|p1a: Diancie|Moonblast|p2a: The Jester
|-damage|p2a: The Jester|0 fnt
|faint|p2a: The Jester
|
|
|switch|p2a: Return of the King|Salamence-Mega, M|249\/331
|-damage|p2a: Return of the King|167\/331|[from] Stealth Rock
|turn|38
|
|move|p2a: Return of the King|Earthquake|p1a: Diancie
|-supereffective|p1a: Diancie
|-damage|p1a: Diancie|0 fnt
|faint|p1a: Diancie
|
|win|P from the future
|raw|Ladder updating...
|raw|Chillingtilnoon's rating: 1133 &rarr; <strong>1107<\/strong><br \/>(-26 for losing)
|raw|P from the future's rating: 1110 &rarr; <strong>1137<\/strong><br \/>(+27 for winning)
|c|âP from the future|gg