|join|jobohobo
|join|Chillingtilnoon
|player|p1|jobohobo|224
|player|p2|Chillingtilnoon|106
|gametype|singles
|gen|6
|tier|OU
|rated
|clearpoke
|poke|p1|Mew
|poke|p1|Conkeldurr, M
|poke|p1|Zapdos
|poke|p1|Sharpedo, F
|poke|p1|Blissey, F
|poke|p1|Metagross
|poke|p2|Scizor, F
|poke|p2|Empoleon, F
|poke|p2|Raikou
|poke|p2|Greninja, F
|poke|p2|Weavile, M
|poke|p2|Tornadus-Therian, M
|rule|Swagger Clause: Swagger is banned
|rule|Baton Pass Clause: Limit one PokÃ©mon knowing Baton Pass
|rule|Sleep Clause Mod: Limit one foe put to sleep
|rule|Species Clause: Limit one of each PokÃ©mon
|rule|OHKO Clause: OHKO moves are banned
|rule|Moody Clause: Moody is banned
|rule|Evasion Moves Clause: Evasion moves are banned
|rule|Endless Battle Clause: Forcing endless battles is banned
|rule|HP Percentage Mod: HP is shown in percentages
|teampreview
|
|start
|switch|p1a: Conkeldurr|Conkeldurr, M|352\/352
|switch|p2a: Raikou|Raikou|321\/321
|-ability|p2a: Raikou|Pressure
|turn|1
|
|switch|p2a: Scizor|Scizor, F|343\/343
|move|p1a: Conkeldurr|Knock Off|p2a: Scizor
|-damage|p2a: Scizor|267\/343
|
|turn|2
|
|detailschange|p2a: Scizor|Scizor-Mega, F
|message|Scizor has Mega Evolved into Mega Scizor!
|move|p2a: Scizor|Swords Dance|p2a: Scizor
|-boost|p2a: Scizor|atk|2
|move|p1a: Conkeldurr|Drain Punch|p2a: Scizor
|-damage|p2a: Scizor|140\/343
|
|turn|3
|
|move|p2a: Scizor|Roost|p2a: Scizor
|-heal|p2a: Scizor|312\/343
|move|p1a: Conkeldurr|Drain Punch|p2a: Scizor
|-damage|p2a: Scizor|191\/343
|
|turn|4
|
|move|p2a: Scizor|Roost|p2a: Scizor
|-heal|p2a: Scizor|343\/343
|move|p1a: Conkeldurr|Drain Punch|p2a: Scizor
|-damage|p2a: Scizor|210\/343
|
|turn|5
|
|move|p2a: Scizor|Swords Dance|p2a: Scizor
|-boost|p2a: Scizor|atk|2
|move|p1a: Conkeldurr|Drain Punch|p2a: Scizor
|-damage|p2a: Scizor|71\/343
|
|turn|6
|
|move|p1a: Conkeldurr|Mach Punch|p2a: Scizor
|-damage|p2a: Scizor|4\/343
|move|p2a: Scizor|Roost|p2a: Scizor
|-heal|p2a: Scizor|176\/343
|
|turn|7
|
|move|p2a: Scizor|Bullet Punch|p1a: Conkeldurr
|-damage|p1a: Conkeldurr|0 fnt
|faint|p1a: Conkeldurr
|
|
|switch|p1a: Sharpedo|Sharpedo, F|282\/282
|turn|8
|
|move|p1a: Sharpedo|Crunch|p2a: Scizor
|-damage|p2a: Scizor|76\/343
|move|p2a: Scizor|Swords Dance|p2a: Scizor
|-boost|p2a: Scizor|atk|2
|
|-boost|p1a: Sharpedo|spe|1|[from] ability: Speed Boost
|turn|9
|
|move|p2a: Scizor|Bullet Punch|p1a: Sharpedo
|-crit|p1a: Sharpedo
|-resisted|p1a: Sharpedo
|-enditem|p1a: Sharpedo|Focus Sash
|-damage|p1a: Sharpedo|1\/282
|move|p1a: Sharpedo|Crunch|p2a: Scizor
|-damage|p2a: Scizor|0 fnt
|faint|p2a: Scizor
|
|-boost|p1a: Sharpedo|spe|1|[from] ability: Speed Boost
|c|âChillingtilnoon|sash -_-
|c|âChillingtilnoon|wot
|c|âjobohobo|hehehe
|
|switch|p2a: Weavile|Weavile, M|281\/281
|-ability|p2a: Weavile|Pressure
|turn|10
|
|move|p2a: Weavile|Ice Shard|p1a: Sharpedo
|-resisted|p1a: Sharpedo
|-damage|p1a: Sharpedo|0 fnt
|-damage|p2a: Weavile|253\/281|[from] item: Life Orb
|faint|p1a: Sharpedo
|
|
|switch|p1a: Metagross|Metagross|302\/302
|turn|11
|
|detailschange|p1a: Metagross|Metagross-Mega
|message|Metagross has Mega Evolved into Mega Metagross!
|move|p2a: Weavile|Knock Off|p1a: Metagross
|-supereffective|p1a: Metagross
|-damage|p1a: Metagross|97\/302
|-damage|p2a: Weavile|225\/281|[from] item: Life Orb
|move|p1a: Metagross|Power-Up Punch|p2a: Weavile
|-supereffective|p2a: Weavile
|-damage|p2a: Weavile|0 fnt
|-boost|p1a: Metagross|atk|1
|faint|p2a: Weavile
|
|
|switch|p2a: Raikou|Raikou|321\/321
|-ability|p2a: Raikou|Pressure
|turn|12
|
|move|p1a: Metagross|Bullet Punch|p2a: Raikou
|-resisted|p2a: Raikou
|-damage|p2a: Raikou|235\/321
|move|p2a: Raikou|Thunderbolt|p1a: Metagross
|-crit|p1a: Metagross
|-damage|p1a: Metagross|0 fnt
|faint|p1a: Metagross
|
|-heal|p2a: Raikou|255\/321|[from] item: Leftovers
|
|switch|p1a: Blissey|Blissey, F|652\/652
|turn|13
|
|move|p2a: Raikou|Substitute|p2a: Raikou
|-start|p2a: Raikou|Substitute
|-damage|p2a: Raikou|175\/321
|move|p1a: Blissey|Charge Beam|p2a: Raikou
|-resisted|p2a: Raikou
|-activate|p2a: Raikou|Substitute|[damage]
|-boost|p1a: Blissey|spa|1
|
|-heal|p2a: Raikou|195\/321|[from] item: Leftovers
|turn|14
|
|move|p2a: Raikou|Calm Mind|p2a: Raikou
|-boost|p2a: Raikou|spa|1
|-boost|p2a: Raikou|spd|1
|move|p1a: Blissey|Charge Beam|p2a: Raikou
|-resisted|p2a: Raikou
|-activate|p2a: Raikou|Substitute|[damage]
|-boost|p1a: Blissey|spa|1
|
|-heal|p2a: Raikou|215\/321|[from] item: Leftovers
|turn|15
|
|move|p2a: Raikou|Calm Mind|p2a: Raikou
|-boost|p2a: Raikou|spa|1
|-boost|p2a: Raikou|spd|1
|move|p1a: Blissey|Charge Beam|p2a: Raikou
|-resisted|p2a: Raikou
|-activate|p2a: Raikou|Substitute|[damage]
|-boost|p1a: Blissey|spa|1
|
|-heal|p2a: Raikou|235\/321|[from] item: Leftovers
|turn|16
|
|move|p2a: Raikou|Calm Mind|p2a: Raikou
|-boost|p2a: Raikou|spa|1
|-boost|p2a: Raikou|spd|1
|move|p1a: Blissey|Charge Beam|p2a: Raikou
|-resisted|p2a: Raikou
|-end|p2a: Raikou|Substitute
|-boost|p1a: Blissey|spa|1
|
|-heal|p2a: Raikou|255\/321|[from] item: Leftovers
|turn|17
|
|move|p2a: Raikou|Substitute|p2a: Raikou
|-start|p2a: Raikou|Substitute
|-damage|p2a: Raikou|175\/321
|move|p1a: Blissey|Ice Beam|p2a: Raikou
|-end|p2a: Raikou|Substitute
|
|-heal|p2a: Raikou|195\/321|[from] item: Leftovers
|turn|18
|
|move|p2a: Raikou|Thunderbolt|p1a: Blissey
|-damage|p1a: Blissey|376\/652
|move|p1a: Blissey|Ice Beam|p2a: Raikou
|-damage|p2a: Raikou|97\/321
|
|-heal|p2a: Raikou|117\/321|[from] item: Leftovers
|-heal|p1a: Blissey|416\/652|[from] item: Leftovers
|turn|19
|
|move|p2a: Raikou|Thunderbolt|p1a: Blissey
|-damage|p1a: Blissey|140\/652
|move|p1a: Blissey|Soft-Boiled|p1a: Blissey
|-heal|p1a: Blissey|466\/652
|
|-heal|p2a: Raikou|137\/321|[from] item: Leftovers
|-heal|p1a: Blissey|506\/652|[from] item: Leftovers
|turn|20
|
|move|p2a: Raikou|Thunderbolt|p1a: Blissey
|-damage|p1a: Blissey|227\/652
|move|p1a: Blissey|Ice Beam|p2a: Raikou
|-damage|p2a: Raikou|44\/321
|
|-heal|p2a: Raikou|64\/321|[from] item: Leftovers
|-heal|p1a: Blissey|267\/652|[from] item: Leftovers
|turn|21
|
|move|p2a: Raikou|Thunderbolt|p1a: Blissey
|-damage|p1a: Blissey|3\/652
|move|p1a: Blissey|Ice Beam|p2a: Raikou
|-damage|p2a: Raikou|0 fnt
|faint|p2a: Raikou
|
|-heal|p1a: Blissey|43\/652|[from] item: Leftovers
|
|switch|p2a: Tornadus-Therian|Tornadus-Therian, M|327\/327
|turn|22
|
|move|p2a: Tornadus-Therian|U-turn|p1a: Blissey
|-crit|p1a: Blissey
|-damage|p1a: Blissey|0 fnt
|faint|p1a: Blissey
|
|switch|p2a: Empoleon|Empoleon, F|371\/371
|
|
|switch|p1a: Mew|Mew|404\/404
|turn|23
|
|move|p1a: Mew|Will-O-Wisp|p2a: Empoleon
|-status|p2a: Empoleon|brn
|move|p2a: Empoleon|Scald|p1a: Mew
|-damage|p1a: Mew|296\/404
|-status|p1a: Mew|brn
|
|-damage|p1a: Mew|246\/404 brn|[from] brn
|-damage|p2a: Empoleon|325\/371 brn|[from] brn
|turn|24
|
|move|p1a: Mew|Knock Off|p2a: Empoleon
|-damage|p2a: Empoleon|293\/371 brn
|-enditem|p2a: Empoleon|Leftovers|[from] move: Knock Off|[of] p1a: Mew
|move|p2a: Empoleon|Stealth Rock|p1a: Mew
|-sidestart|p1: jobohobo|move: Stealth Rock
|
|-damage|p1a: Mew|196\/404 brn|[from] brn
|-damage|p2a: Empoleon|247\/371 brn|[from] brn
|turn|25
|
|move|p1a: Mew|Soft-Boiled|p1a: Mew
|-heal|p1a: Mew|398\/404 brn
|move|p2a: Empoleon|Roar|p1a: Mew
|drag|p1a: Zapdos|Zapdos|322\/322
|-damage|p1a: Zapdos|242\/322|[from] Stealth Rock
|-ability|p1a: Zapdos|Pressure
|
|-damage|p2a: Empoleon|201\/371 brn|[from] brn
|turn|26
|
|move|p1a: Zapdos|Thunderbolt|p2a: Empoleon
|-supereffective|p2a: Empoleon
|-damage|p2a: Empoleon|0 fnt
|faint|p2a: Empoleon
|
|
|switch|p2a: Greninja|Greninja, F|285\/285
|turn|27
|
|move|p2a: Greninja|Ice Beam|p1a: Zapdos|[miss]
|-start|p2a: Greninja|typechange|Ice|[from] Protean
|-miss|p2a: Greninja|p1a: Zapdos
|move|p1a: Zapdos|Heat Wave|p2a: Greninja
|-supereffective|p2a: Greninja
|-damage|p2a: Greninja|0 fnt
|faint|p2a: Greninja
|
|c|âjobohobo|hehehehe
|c|âjobohobo|that was lucky
|join|fdxgfchmg
|c| fdxgfchmg|kek
|c|âChillingtilnoon|is thay brightpowder?
|c|âjobohobo|yeah
|
|switch|p2a: Tornadus-Therian|Tornadus-Therian, M|327\/327
|turn|28
|
|move|p2a: Tornadus-Therian|Dark Pulse|p1a: Zapdos
|-damage|p1a: Zapdos|155\/322
|move|p1a: Zapdos|Thunderbolt|p2a: Tornadus-Therian
|-supereffective|p2a: Tornadus-Therian
|-damage|p2a: Tornadus-Therian|105\/327
|
|turn|29
|
|move|p2a: Tornadus-Therian|Air Slash|p1a: Zapdos
|-resisted|p1a: Zapdos
|-damage|p1a: Zapdos|101\/322
|move|p1a: Zapdos|Thunderbolt|p2a: Tornadus-Therian
|-supereffective|p2a: Tornadus-Therian
|-damage|p2a: Tornadus-Therian|0 fnt
|faint|p2a: Tornadus-Therian
|
|win|jobohobo
|raw|Ladder updating...
|raw|jobohobo's rating: 1464 &rarr; <strong>1482<\/strong><br \/>(+18 for winning)
|raw|Chillingtilnoon's rating: 1434 &rarr; <strong>1416<\/strong><br \/>(-18 for losing)
|c|âjobohobo|gg
|c| fdxgfchmg|is zapdos spdefinvested?
|leave|Chillingtilnoon
|player|p2
|c|âjobohobo|spdefinvested?
|c| fdxgfchmg|is it a special defense wall
|c|âjobohobo|no evs in spd and spa
|c|âjobohobo|speed i mean
|c| fdxgfchmg|def wall?
|c| fdxgfchmg|oh
|c|âjobohobo|just a natually good sp def