|join|Chillingtilnoon
|join|MegaZard29
|player|p1|Chillingtilnoon|106
|player|p2|MegaZard29|186
|gametype|singles
|gen|6
|tier|OU
|rated
|clearpoke
|poke|p1|Jirachi
|poke|p1|Tyranitar, M
|poke|p1|Excadrill, F
|poke|p1|Latios, M
|poke|p1|Garchomp, F
|poke|p1|Slowbro, M
|poke|p2|Charizard, M, shiny
|poke|p2|Keldeo-Resolute
|poke|p2|Chesnaught, M
|poke|p2|Thundurus, M
|poke|p2|Excadrill, F
|poke|p2|Tyranitar, F
|rule|Swagger Clause: Swagger is banned
|rule|Baton Pass Clause: Limit one PokÃ©mon knowing Baton Pass
|rule|Sleep Clause Mod: Limit one foe put to sleep
|rule|Species Clause: Limit one of each PokÃ©mon
|rule|OHKO Clause: OHKO moves are banned
|rule|Moody Clause: Moody is banned
|rule|Evasion Moves Clause: Evasion moves are banned
|rule|Endless Battle Clause: Forcing endless battles is banned
|rule|HP Percentage Mod: HP is shown in percentages
|teampreview
|
|start
|switch|p1a: Latios|Latios, M|302\/302
|switch|p2a: BLACK MILK|Charizard, M, shiny|297\/297
|turn|1
|
|switch|p2a: Tyranitar|Tyranitar, F|404\/404
|-weather|Sandstorm
|move|p1a: Latios|Draco Meteor|p2a: Tyranitar
|-damage|p2a: Tyranitar|268\/404
|-unboost|p1a: Latios|spa|2
|-damage|p1a: Latios|272\/302|[from] item: Life Orb
|
|-weather|Sandstorm|[upkeep]
|-damage|p1a: Latios|254\/302|[from] sandstorm
|turn|2
|
|move|p2a: Tyranitar|Pursuit|p1a: Latios|[from]Pursuit
|-supereffective|p1a: Latios
|-damage|p1a: Latios|0 fnt
|faint|p1a: Latios
|
|-weather|Sandstorm|[upkeep]
|
|switch|p1a: Excadrill|Excadrill, F|362\/362
|-item|p1a: Excadrill|Air Balloon
|turn|3
|
|switch|p2a: Chesnaught|Chesnaught, M|380\/380
|move|p1a: Excadrill|Earthquake|p2a: Chesnaught
|-resisted|p2a: Chesnaught
|-damage|p2a: Chesnaught|323\/380
|
|-weather|Sandstorm|[upkeep]
|-damage|p2a: Chesnaught|300\/380|[from] sandstorm
|-heal|p2a: Chesnaught|323\/380|[from] item: Leftovers
|turn|4
|
|switch|p1a: Garchomp|Garchomp, F|358\/358
|move|p2a: Chesnaught|Leech Seed|p1a: Garchomp|[miss]
|-miss|p2a: Chesnaught|p1a: Garchomp
|
|-weather|Sandstorm|[upkeep]
|-damage|p2a: Chesnaught|300\/380|[from] sandstorm
|-heal|p2a: Chesnaught|323\/380|[from] item: Leftovers
|turn|5
|
|move|p1a: Garchomp|Stealth Rock|p2a: Chesnaught
|-sidestart|p2: MegaZard29|move: Stealth Rock
|move|p2a: Chesnaught|Leech Seed|p1a: Garchomp
|-start|p1a: Garchomp|move: Leech Seed
|
|-weather|Sandstorm|[upkeep]
|-damage|p2a: Chesnaught|300\/380|[from] sandstorm
|-heal|p2a: Chesnaught|323\/380|[from] item: Leftovers
|-damage|p1a: Garchomp|314\/358|[from] Leech Seed|[of] p2a: Chesnaught
|-heal|p2a: Chesnaught|367\/380|[silent]
|turn|6
|
|move|p1a: Garchomp|Swords Dance|p1a: Garchomp
|-boost|p1a: Garchomp|atk|2
|move|p2a: Chesnaught|Super Fang|p1a: Garchomp
|-damage|p1a: Garchomp|157\/358
|-damage|p2a: Chesnaught|320\/380|[from] ability: Rough Skin|[of] p1a: Garchomp
|
|-weather|Sandstorm|[upkeep]
|-damage|p2a: Chesnaught|297\/380|[from] sandstorm
|-heal|p2a: Chesnaught|320\/380|[from] item: Leftovers
|-damage|p1a: Garchomp|113\/358|[from] Leech Seed|[of] p2a: Chesnaught
|-heal|p2a: Chesnaught|364\/380|[silent]
|turn|7
|
|move|p2a: Chesnaught|Spiky Shield|p2a: Chesnaught
|-singleturn|p2a: Chesnaught|move: Protect
|move|p1a: Garchomp|Dragon Claw|p2a: Chesnaught
|-activate|p2a: Chesnaught|move: Protect
|-damage|p1a: Garchomp|69\/358|[from] Spiky Shield|[of] p2a: Chesnaught
|
|-weather|Sandstorm|[upkeep]
|-damage|p2a: Chesnaught|341\/380|[from] sandstorm
|-heal|p2a: Chesnaught|364\/380|[from] item: Leftovers
|-damage|p1a: Garchomp|25\/358|[from] Leech Seed|[of] p2a: Chesnaught
|-heal|p2a: Chesnaught|380\/380|[silent]
|turn|8
|
|move|p2a: Chesnaught|Spiky Shield|p2a: Chesnaught
|-fail|p2a: Chesnaught
|move|p1a: Garchomp|Dragon Claw|p2a: Chesnaught
|-damage|p2a: Chesnaught|196\/380
|
|-weather|none
|-heal|p2a: Chesnaught|219\/380|[from] item: Leftovers
|-damage|p1a: Garchomp|0 fnt|[from] Leech Seed|[of] p2a: Chesnaught
|-heal|p2a: Chesnaught|244\/380|[silent]
|faint|p1a: Garchomp
|
|switch|p1a: Jirachi|Jirachi|348\/348
|turn|9
|
|move|p2a: Chesnaught|Spiky Shield|p2a: Chesnaught
|-singleturn|p2a: Chesnaught|move: Protect
|move|p1a: Jirachi|Fire Punch|p2a: Chesnaught
|-activate|p2a: Chesnaught|move: Protect
|-damage|p1a: Jirachi|305\/348|[from] Spiky Shield|[of] p2a: Chesnaught
|
|-heal|p2a: Chesnaught|267\/380|[from] item: Leftovers
|turn|10
|
|switch|p1a: Slowbro|Slowbro, M|394\/394
|move|p2a: Chesnaught|Leech Seed|p1a: Slowbro
|-start|p1a: Slowbro|move: Leech Seed
|
|-heal|p2a: Chesnaught|290\/380|[from] item: Leftovers
|-damage|p1a: Slowbro|345\/394|[from] Leech Seed|[of] p2a: Chesnaught
|-heal|p2a: Chesnaught|339\/380|[silent]
|turn|11
|
|move|p2a: Chesnaught|Super Fang|p1a: Slowbro
|-damage|p1a: Slowbro|173\/394
|move|p1a: Slowbro|Psyshock|p2a: Chesnaught
|-supereffective|p2a: Chesnaught
|-damage|p2a: Chesnaught|217\/380
|
|-heal|p2a: Chesnaught|240\/380|[from] item: Leftovers
|-heal|p1a: Slowbro|197\/394|[from] item: Leftovers
|-damage|p1a: Slowbro|148\/394|[from] Leech Seed|[of] p2a: Chesnaught
|-heal|p2a: Chesnaught|289\/380|[silent]
|turn|12
|
|move|p2a: Chesnaught|Super Fang|p1a: Slowbro|[miss]
|-miss|p2a: Chesnaught|p1a: Slowbro
|move|p1a: Slowbro|Slack Off|p1a: Slowbro
|-heal|p1a: Slowbro|345\/394
|
|-heal|p2a: Chesnaught|312\/380|[from] item: Leftovers
|-heal|p1a: Slowbro|369\/394|[from] item: Leftovers
|-damage|p1a: Slowbro|320\/394|[from] Leech Seed|[of] p2a: Chesnaught
|-heal|p2a: Chesnaught|361\/380|[silent]
|turn|13
|
|switch|p1a: Tyranitar|Tyranitar, M|348\/348
|-weather|Sandstorm
|move|p2a: Chesnaught|Super Fang|p1a: Tyranitar
|-damage|p1a: Tyranitar|174\/348
|
|-weather|Sandstorm|[upkeep]
|-damage|p2a: Chesnaught|338\/380|[from] sandstorm
|-heal|p2a: Chesnaught|361\/380|[from] item: Leftovers
|turn|14
|
|move|p1a: Tyranitar|Ice Punch|p2a: Chesnaught
|-supereffective|p2a: Chesnaught
|-damage|p2a: Chesnaught|237\/380
|move|p2a: Chesnaught|Drain Punch|p1a: Tyranitar
|-supereffective|p1a: Tyranitar
|-damage|p1a: Tyranitar|0 fnt
|-heal|p2a: Chesnaught|324\/380|[from] drain|[of] p1a: Tyranitar
|faint|p1a: Tyranitar
|
|-weather|Sandstorm|[upkeep]
|-damage|p2a: Chesnaught|301\/380|[from] sandstorm
|-heal|p2a: Chesnaught|324\/380|[from] item: Leftovers
|c|âChillingtilnoon|gg
|-message|Chillingtilnoon forfeited.
|
|win|MegaZard29
|raw|Ladder updating...
|leave|Chillingtilnoon
|player|p1