|join|ttar1129
|join|Chillingtilnoon
|player|p1|ttar1129|265
|player|p2|Chillingtilnoon|106
|gametype|singles
|gen|6
|tier|OU
|rated
|clearpoke
|poke|p1|Latios, M
|poke|p1|Jirachi
|poke|p1|Heatran, M
|poke|p1|Landorus-Therian, M
|poke|p1|Rotom-Wash
|poke|p1|Sableye, M
|poke|p2|Venusaur, M
|poke|p2|Heatran, F
|poke|p2|Clefable, M
|poke|p2|Latias, F
|poke|p2|Greninja, F
|poke|p2|Landorus-Therian, M
|rule|Swagger Clause: Swagger is banned
|rule|Baton Pass Clause: Limit one PokÃ©mon knowing Baton Pass
|rule|Sleep Clause Mod: Limit one foe put to sleep
|rule|Species Clause: Limit one of each PokÃ©mon
|rule|OHKO Clause: OHKO moves are banned
|rule|Moody Clause: Moody is banned
|rule|Evasion Moves Clause: Evasion moves are banned
|rule|Endless Battle Clause: Forcing endless battles is banned
|rule|HP Percentage Mod: HP is shown in percentages
|teampreview
|
|start
|switch|p1a: Sableye|Sableye, M|304\/304
|switch|p2a: Greninja|Greninja, F|285\/285
|turn|1
|
|detailschange|p1a: Sableye|Sableye-Mega, M
|message|Sableye has Mega Evolved into Mega Sableye!
|move|p2a: Greninja|Hydro Pump|p1a: Sableye
|-start|p2a: Greninja|typechange|Water|[from] Protean
|-damage|p1a: Sableye|131\/304
|-damage|p2a: Greninja|257\/285|[from] item: Life Orb
|move|p1a: Sableye|Knock Off|p2a: Greninja
|-damage|p2a: Greninja|112\/285
|-enditem|p2a: Greninja|Life Orb|[from] move: Knock Off|[of] p1a: Sableye
|
|turn|2
|
|switch|p2a: Clefable|Clefable, M|394\/394
|move|p1a: Sableye|Recover|p1a: Sableye
|-heal|p1a: Sableye|283\/304
|
|turn|3
|
|switch|p1a: Heatran|Heatran, M|386\/386
|move|p2a: Clefable|Calm Mind|p2a: Clefable
|-boost|p2a: Clefable|spa|1
|-boost|p2a: Clefable|spd|1
|
|turn|4
|
|move|p1a: Heatran|Stealth Rock|p2a: Clefable
|-sidestart|p2: Chillingtilnoon|move: Stealth Rock
|move|p2a: Clefable|Calm Mind|p2a: Clefable
|-boost|p2a: Clefable|spa|1
|-boost|p2a: Clefable|spd|1
|
|turn|5
|
|move|p1a: Heatran|Lava Plume|p2a: Clefable
|-crit|p2a: Clefable
|-damage|p2a: Clefable|195\/394
|move|p2a: Clefable|Focus Blast|p1a: Heatran|[miss]
|-miss|p2a: Clefable|p1a: Heatran
|
|-heal|p2a: Clefable|219\/394|[from] item: Leftovers
|turn|6
|c|âChillingtilnoon|:O
|c|âChillingtilnoon|nuu
|
|switch|p1a: Jirachi|Jirachi|404\/404
|move|p2a: Clefable|Soft-Boiled|p2a: Clefable
|-heal|p2a: Clefable|394\/394
|
|turn|7
|
|move|p1a: Jirachi|Iron Head|p2a: Clefable
|-supereffective|p2a: Clefable
|-damage|p2a: Clefable|190\/394
|move|p2a: Clefable|Focus Blast|p1a: Jirachi
|-damage|p1a: Jirachi|221\/404
|
|-heal|p1a: Jirachi|246\/404|[from] item: Leftovers
|-heal|p2a: Clefable|214\/394|[from] item: Leftovers
|turn|8
|
|switch|p2a: Landorus-Therian|Landorus-Therian, M|319\/319
|-damage|p2a: Landorus-Therian|280\/319|[from] Stealth Rock
|-ability|p2a: Landorus-Therian|Intimidate|[of] p1a: Jirachi
|-unboost|p1a: Jirachi|atk|1
|move|p1a: Jirachi|Iron Head|p2a: Landorus-Therian
|-damage|p2a: Landorus-Therian|202\/319
|
|-heal|p1a: Jirachi|271\/404|[from] item: Leftovers
|turn|9
|
|switch|p1a: Sableye|Sableye-Mega, M|283\/304
|move|p2a: Landorus-Therian|Knock Off|p1a: Sableye
|-damage|p1a: Sableye|227\/304
|
|turn|10
|
|switch|p2a: Clefable|Clefable, M|214\/394
|move|p1a: Sableye|Knock Off|p2a: Clefable
|-resisted|p2a: Clefable
|-damage|p2a: Clefable|169\/394
|-enditem|p2a: Clefable|Leftovers|[from] move: Knock Off|[of] p1a: Sableye
|
|turn|11
|
|switch|p1a: Jirachi|Jirachi|271\/404
|move|p2a: Clefable|Soft-Boiled|p2a: Clefable
|-heal|p2a: Clefable|366\/394
|
|-heal|p1a: Jirachi|296\/404|[from] item: Leftovers
|turn|12
|
|switch|p1a: Landorus-Therian|Landorus-Therian, M|320\/320
|-ability|p1a: Landorus-Therian|Intimidate|[of] p2a: Clefable
|-unboost|p2a: Clefable|atk|1
|switch|p2a: Heatran|Heatran, F|385\/385
|-damage|p2a: Heatran|337\/385|[from] Stealth Rock
|
|-heal|p2a: Heatran|361\/385|[from] item: Leftovers
|turn|13
|
|switch|p2a: Landorus-Therian|Landorus-Therian, M|202\/319
|-damage|p2a: Landorus-Therian|163\/319|[from] Stealth Rock
|-ability|p2a: Landorus-Therian|Intimidate|[of] p1a: Landorus-Therian
|-unboost|p1a: Landorus-Therian|atk|1
|move|p1a: Landorus-Therian|Earthquake|p2a: Landorus-Therian
|-immune|p2a: Landorus-Therian|[msg]
|
|turn|14
|
|switch|p1a: Rotom-Wash|Rotom-Wash|303\/303
|move|p2a: Landorus-Therian|U-turn|p1a: Rotom-Wash
|-crit|p1a: Rotom-Wash
|-damage|p1a: Rotom-Wash|204\/303
|
|switch|p2a: Venusaur|Venusaur, M|359\/359
|-damage|p2a: Venusaur|315\/359|[from] Stealth Rock
|
|-heal|p1a: Rotom-Wash|222\/303|[from] item: Leftovers
|turn|15
|
|switch|p1a: Heatran|Heatran, M|386\/386
|detailschange|p2a: Venusaur|Venusaur-Mega, M
|message|Venusaur has Mega Evolved into Mega Venusaur!
|move|p2a: Venusaur|Giga Drain|p1a: Heatran
|-resisted|p1a: Heatran
|-damage|p1a: Heatran|363\/386
|-heal|p2a: Venusaur|327\/359|[from] drain|[of] p1a: Heatran
|
|-heal|p1a: Heatran|386\/386|[from] item: Leftovers
|turn|16
|
|switch|p1a: Latios|Latios, M|302\/302
|move|p2a: Venusaur|Giga Drain|p1a: Latios
|-crit|p1a: Latios
|-resisted|p1a: Latios
|-damage|p1a: Latios|206\/302
|-heal|p2a: Venusaur|359\/359|[from] drain|[of] p1a: Latios
|
|turn|17
|
|move|p1a: Latios|Psyshock|p2a: Venusaur
|-supereffective|p2a: Venusaur
|-damage|p2a: Venusaur|29\/359
|-damage|p1a: Latios|176\/302|[from] item: Life Orb
|move|p2a: Venusaur|Sludge Bomb|p1a: Latios
|-damage|p1a: Latios|32\/302
|-status|p1a: Latios|psn
|
|-damage|p1a: Latios|0 fnt|[from] psn
|faint|p1a: Latios
|
|switch|p1a: Landorus-Therian|Landorus-Therian, M|320\/320
|-ability|p1a: Landorus-Therian|Intimidate|[of] p2a: Venusaur
|-unboost|p2a: Venusaur|atk|1
|turn|18
|
|switch|p2a: Landorus-Therian|Landorus-Therian, M|163\/319
|-damage|p2a: Landorus-Therian|124\/319|[from] Stealth Rock
|-ability|p2a: Landorus-Therian|Intimidate|[of] p1a: Landorus-Therian
|-unboost|p1a: Landorus-Therian|atk|1
|move|p1a: Landorus-Therian|U-turn|p2a: Landorus-Therian
|-resisted|p2a: Landorus-Therian
|-damage|p2a: Landorus-Therian|89\/319
|
|switch|p1a: Heatran|Heatran, M|386\/386
|
|turn|19
|
|move|p1a: Heatran|Protect|p1a: Heatran
|-singleturn|p1a: Heatran|Protect
|move|p2a: Landorus-Therian|Earthquake|p1a: Heatran
|-activate|p1a: Heatran|Protect
|
|turn|20
|
|switch|p1a: Rotom-Wash|Rotom-Wash|222\/303
|move|p2a: Landorus-Therian|Earthquake|p1a: Rotom-Wash
|-immune|p1a: Rotom-Wash|[msg]
|
|-heal|p1a: Rotom-Wash|240\/303|[from] item: Leftovers
|turn|21
|
|switch|p2a: Clefable|Clefable, M|366\/394
|move|p1a: Rotom-Wash|Volt Switch|p2a: Clefable
|-damage|p2a: Clefable|282\/394
|
|switch|p1a: Jirachi|Jirachi|296\/404
|
|-heal|p1a: Jirachi|321\/404|[from] item: Leftovers
|turn|22
|
|move|p1a: Jirachi|Iron Head|p2a: Clefable
|-supereffective|p2a: Clefable
|-damage|p2a: Clefable|96\/394
|cant|p2a: Clefable|flinch
|
|-heal|p1a: Jirachi|346\/404|[from] item: Leftovers
|turn|23
|
|switch|p1a: Landorus-Therian|Landorus-Therian, M|320\/320
|-ability|p1a: Landorus-Therian|Intimidate|[of] p2a: Clefable
|-unboost|p2a: Clefable|atk|1
|switch|p2a: Heatran|Heatran, F|361\/385
|-damage|p2a: Heatran|313\/385|[from] Stealth Rock
|
|-heal|p2a: Heatran|337\/385|[from] item: Leftovers
|turn|24
|
|move|p1a: Landorus-Therian|Earthquake|p2a: Heatran
|-supereffective|p2a: Heatran
|-damage|p2a: Heatran|0 fnt
|faint|p2a: Heatran
|
|
|switch|p2a: Latias|Latias, F|302\/302
|-damage|p2a: Latias|265\/302|[from] Stealth Rock
|turn|25
|
|switch|p1a: Heatran|Heatran, M|386\/386
|move|p2a: Latias|Defog|p1a: Heatran
|-unboost|p1a: Heatran|evasion|1
|-sideend|p2: Chillingtilnoon|Stealth Rock|[from] move: Defog|[of] p2a: Latias
|
|turn|26
|
|switch|p2a: Greninja|Greninja, F|112\/285
|move|p1a: Heatran|Stealth Rock|p2a: Greninja
|-sidestart|p2: Chillingtilnoon|move: Stealth Rock
|
|turn|27
|
|move|p1a: Heatran|Protect|p1a: Heatran
|-singleturn|p1a: Heatran|Protect
|move|p2a: Greninja|Hydro Pump|p1a: Heatran
|-start|p2a: Greninja|typechange|Water|[from] Protean
|-activate|p1a: Heatran|Protect
|
|turn|28
|
|switch|p1a: Sableye|Sableye-Mega, M|227\/304
|move|p2a: Greninja|Hydro Pump|p1a: Sableye
|-damage|p1a: Sableye|89\/304
|
|turn|29
|
|move|p2a: Greninja|Ice Beam|p1a: Sableye
|-start|p2a: Greninja|typechange|Ice|[from] Protean
|-damage|p1a: Sableye|0 fnt
|faint|p1a: Sableye
|
|
|switch|p1a: Landorus-Therian|Landorus-Therian, M|320\/320
|-ability|p1a: Landorus-Therian|Intimidate|[of] p2a: Greninja
|-unboost|p2a: Greninja|atk|1
|turn|30
|
|switch|p2a: Landorus-Therian|Landorus-Therian, M|89\/319
|-damage|p2a: Landorus-Therian|50\/319|[from] Stealth Rock
|-ability|p2a: Landorus-Therian|Intimidate|[of] p1a: Landorus-Therian
|-unboost|p1a: Landorus-Therian|atk|1
|move|p1a: Landorus-Therian|U-turn|p2a: Landorus-Therian
|-resisted|p2a: Landorus-Therian
|-damage|p2a: Landorus-Therian|13\/319
|
|switch|p1a: Rotom-Wash|Rotom-Wash|240\/303
|
|-heal|p1a: Rotom-Wash|258\/303|[from] item: Leftovers
|turn|31
|
|move|p2a: Landorus-Therian|Knock Off|p1a: Rotom-Wash
|-damage|p1a: Rotom-Wash|169\/303
|-enditem|p1a: Rotom-Wash|Leftovers|[from] move: Knock Off|[of] p2a: Landorus-Therian
|move|p1a: Rotom-Wash|Hydro Pump|p2a: Landorus-Therian
|-supereffective|p2a: Landorus-Therian
|-damage|p2a: Landorus-Therian|0 fnt
|faint|p2a: Landorus-Therian
|
|
|switch|p2a: Latias|Latias, F|265\/302
|-damage|p2a: Latias|228\/302|[from] Stealth Rock
|turn|32
|
|switch|p1a: Heatran|Heatran, M|386\/386
|move|p2a: Latias|Defog|p1a: Heatran
|-unboost|p1a: Heatran|evasion|1
|-sideend|p2: Chillingtilnoon|Stealth Rock|[from] move: Defog|[of] p2a: Latias
|
|turn|33
|
|switch|p2a: Clefable|Clefable, M|96\/394
|move|p1a: Heatran|Toxic|p2a: Clefable
|-status|p2a: Clefable|tox
|
|turn|34
|
|move|p1a: Heatran|Lava Plume|p2a: Clefable
|-crit|p2a: Clefable
|-damage|p2a: Clefable|0 fnt
|faint|p2a: Clefable
|
|
|switch|p2a: Greninja|Greninja, F|112\/285
|turn|35
|
|switch|p1a: Rotom-Wash|Rotom-Wash|169\/303
|move|p2a: Greninja|Hydro Pump|p1a: Rotom-Wash
|-start|p2a: Greninja|typechange|Water|[from] Protean
|-resisted|p1a: Rotom-Wash
|-damage|p1a: Rotom-Wash|95\/303
|
|turn|36
|
|move|p2a: Greninja|Dark Pulse|p1a: Rotom-Wash
|-start|p2a: Greninja|typechange|Dark|[from] Protean
|-damage|p1a: Rotom-Wash|0 fnt
|faint|p1a: Rotom-Wash
|
|
|switch|p1a: Landorus-Therian|Landorus-Therian, M|320\/320
|-ability|p1a: Landorus-Therian|Intimidate|[of] p2a: Greninja
|-unboost|p2a: Greninja|atk|1
|turn|37
|
|switch|p2a: Venusaur|Venusaur-Mega, M|29\/359
|move|p1a: Landorus-Therian|U-turn|p2a: Venusaur
|-damage|p2a: Venusaur|0 fnt
|faint|p2a: Venusaur
|
|switch|p1a: Jirachi|Jirachi|346\/404
|
|-heal|p1a: Jirachi|371\/404|[from] item: Leftovers
|
|switch|p2a: Greninja|Greninja, F|112\/285
|turn|38
|
|move|p2a: Greninja|Dark Pulse|p1a: Jirachi
|-start|p2a: Greninja|typechange|Dark|[from] Protean
|-supereffective|p1a: Jirachi
|-damage|p1a: Jirachi|141\/404
|move|p1a: Jirachi|Iron Head|p2a: Greninja
|-damage|p2a: Greninja|0 fnt
|faint|p2a: Greninja
|
|-heal|p1a: Jirachi|166\/404|[from] item: Leftovers
|
|switch|p2a: Latias|Latias, F|228\/302
|turn|39
|
|move|p2a: Latias|Psyshock|p1a: Jirachi
|-resisted|p1a: Jirachi
|-damage|p1a: Jirachi|128\/404
|-damage|p2a: Latias|198\/302|[from] item: Life Orb
|move|p1a: Jirachi|Toxic|p2a: Latias
|-status|p2a: Latias|tox
|
|-heal|p1a: Jirachi|153\/404|[from] item: Leftovers
|-damage|p2a: Latias|180\/302 tox|[from] psn
|turn|40
|
|move|p2a: Latias|Draco Meteor|p1a: Jirachi
|-resisted|p1a: Jirachi
|-damage|p1a: Jirachi|24\/404
|-unboost|p2a: Latias|spa|2
|-damage|p2a: Latias|150\/302 tox|[from] item: Life Orb
|move|p1a: Jirachi|Iron Head|p2a: Latias
|-damage|p2a: Latias|23\/302 tox
|
|-heal|p1a: Jirachi|49\/404|[from] item: Leftovers
|-damage|p2a: Latias|0 fnt|[from] psn
|faint|p2a: Latias
|
|win|ttar1129
|raw|Ladder updating...
|raw|ttar1129's rating: 1384 &rarr; <strong>1404<\/strong><br \/>(+20 for winning)
|raw|Chillingtilnoon's rating: 1396 &rarr; <strong>1375<\/strong><br \/>(-21 for losing)
|leave|Chillingtilnoon
|player|p2