|join|bbear08
|join|Chillingtilnoon
|player|p1|bbear08|262
|player|p2|Chillingtilnoon|106
|gametype|singles
|gen|6
|tier|OU
|rated
|clearpoke
|poke|p1|Heracross, M
|poke|p1|Azumarill, F
|poke|p1|Chansey, F
|poke|p1|Latios, M
|poke|p1|Heatran, M
|poke|p1|Zapdos
|poke|p2|Azelf
|poke|p2|Azumarill, M
|poke|p2|Talonflame, F
|poke|p2|Pinsir, F
|poke|p2|Excadrill, M
|poke|p2|Latios, M
|rule|Swagger Clause: Swagger is banned
|rule|Baton Pass Clause: Limit one PokÃ©mon knowing Baton Pass
|rule|Sleep Clause Mod: Limit one foe put to sleep
|rule|Species Clause: Limit one of each PokÃ©mon
|rule|OHKO Clause: OHKO moves are banned
|rule|Moody Clause: Moody is banned
|rule|Evasion Moves Clause: Evasion moves are banned
|rule|Endless Battle Clause: Forcing endless battles is banned
|rule|HP Percentage Mod: HP is shown in percentages
|teampreview
|
|start
|switch|p1a: Heatran|Heatran, M|323\/323
|switch|p2a: Azelf|Azelf|354\/354
|turn|1
|
|switch|p1a: Chansey|Chansey, F|642\/642
|move|p2a: Azelf|Taunt|p1a: Chansey
|-start|p1a: Chansey|move: Taunt
|
|turn|2
|
|switch|p1a: Heracross|Heracross, M|308\/308
|move|p2a: Azelf|Stealth Rock|p1a: Heracross
|-sidestart|p1: bbear08|move: Stealth Rock
|
|turn|3
|
|detailschange|p1a: Heracross|Heracross-Mega, M
|message|Heracross has Mega Evolved into Mega Heracross!
|move|p2a: Azelf|U-turn|p1a: Heracross
|-resisted|p1a: Heracross
|-damage|p1a: Heracross|277\/308
|
|switch|p2a: Talonflame|Talonflame, F|359\/359
|move|p1a: Heracross|Pin Missile|p2a: Talonflame
|-resisted|p2a: Talonflame
|-damage|p2a: Talonflame|339\/359
|-resisted|p2a: Talonflame
|-damage|p2a: Talonflame|318\/359
|-crit|p2a: Talonflame
|-resisted|p2a: Talonflame
|-damage|p2a: Talonflame|285\/359
|-resisted|p2a: Talonflame
|-damage|p2a: Talonflame|264\/359
|-resisted|p2a: Talonflame
|-damage|p2a: Talonflame|243\/359
|-hitcount|p2a: Talonflame|5
|
|-heal|p2a: Talonflame|265\/359|[from] item: Leftovers
|turn|4
|
|switch|p1a: Heatran|Heatran, M|323\/323
|-damage|p1a: Heatran|283\/323|[from] Stealth Rock
|move|p2a: Talonflame|Brave Bird|p1a: Heatran
|-resisted|p1a: Heatran
|-damage|p1a: Heatran|199\/323
|-damage|p2a: Talonflame|237\/359|[from] recoil|[of] p1a: Heatran
|
|-heal|p2a: Talonflame|259\/359|[from] item: Leftovers
|turn|5
|
|switch|p2a: Excadrill|Excadrill, M|362\/362
|-ability|p2a: Excadrill|Mold Breaker
|move|p1a: Heatran|Stone Edge|p2a: Excadrill
|-resisted|p2a: Excadrill
|-damage|p2a: Excadrill|339\/362
|
|turn|6
|
|switch|p1a: Chansey|Chansey, F|642\/642
|-damage|p1a: Chansey|562\/642|[from] Stealth Rock
|move|p2a: Excadrill|Earthquake|p1a: Chansey
|-damage|p1a: Chansey|276\/642
|
|turn|7
|
|switch|p2a: Talonflame|Talonflame, F|259\/359
|switch|p1a: Zapdos|Zapdos|384\/384
|-damage|p1a: Zapdos|288\/384|[from] Stealth Rock
|-ability|p1a: Zapdos|Pressure
|
|-heal|p2a: Talonflame|281\/359|[from] item: Leftovers
|-heal|p1a: Zapdos|312\/384|[from] item: Leftovers
|turn|8
|
|move|p2a: Talonflame|Swords Dance|p2a: Talonflame
|-boost|p2a: Talonflame|atk|2
|move|p1a: Zapdos|Defog|p2a: Talonflame
|-unboost|p2a: Talonflame|evasion|1
|-sideend|p1: bbear08|Stealth Rock|[from] move: Defog|[of] p1a: Zapdos
|
|-heal|p2a: Talonflame|303\/359|[from] item: Leftovers
|-heal|p1a: Zapdos|336\/384|[from] item: Leftovers
|turn|9
|
|move|p2a: Talonflame|Flare Blitz|p1a: Zapdos
|-damage|p1a: Zapdos|45\/384
|-damage|p2a: Talonflame|207\/359|[from] recoil|[of] p1a: Zapdos
|move|p1a: Zapdos|Thunderbolt|p2a: Talonflame
|-supereffective|p2a: Talonflame
|-damage|p2a: Talonflame|0 fnt
|faint|p2a: Talonflame
|
|-heal|p1a: Zapdos|69\/384|[from] item: Leftovers
|
|switch|p2a: Latios|Latios, M|302\/302
|turn|10
|
|switch|p1a: Chansey|Chansey, F|276\/642
|move|p2a: Latios|Psyshock|p1a: Chansey
|-damage|p1a: Chansey|10\/642
|-damage|p2a: Latios|272\/302|[from] item: Life Orb
|
|turn|11
|
|switch|p1a: Latios|Latios, M|302\/302
|move|p2a: Latios|Psyshock|p1a: Latios
|-resisted|p1a: Latios
|-damage|p1a: Latios|194\/302
|-damage|p2a: Latios|242\/302|[from] item: Life Orb
|
|turn|12
|
|switch|p2a: Excadrill|Excadrill, M|339\/362
|-ability|p2a: Excadrill|Mold Breaker
|move|p1a: Latios|Ice Beam|p2a: Excadrill
|-damage|p2a: Excadrill|174\/362
|
|turn|13
|
|move|p1a: Latios|Ice Beam|p2a: Excadrill
|-damage|p2a: Excadrill|31\/362
|move|p2a: Excadrill|Earthquake|p1a: Latios
|-damage|p1a: Latios|0 fnt
|faint|p1a: Latios
|
|
|switch|p1a: Zapdos|Zapdos|69\/384
|-ability|p1a: Zapdos|Pressure
|turn|14
|
|switch|p2a: Latios|Latios, M|242\/302
|move|p1a: Zapdos|Roost|p1a: Zapdos
|-heal|p1a: Zapdos|261\/384
|
|-heal|p1a: Zapdos|285\/384|[from] item: Leftovers
|turn|15
|
|switch|p1a: Chansey|Chansey, F|10\/642
|move|p2a: Latios|Psyshock|p1a: Chansey
|-damage|p1a: Chansey|0 fnt
|-damage|p2a: Latios|212\/302|[from] item: Life Orb
|faint|p1a: Chansey
|
|
|switch|p1a: Zapdos|Zapdos|285\/384
|-ability|p1a: Zapdos|Pressure
|turn|16
|
|move|p2a: Latios|Draco Meteor|p1a: Zapdos
|-crit|p1a: Zapdos
|-damage|p1a: Zapdos|0 fnt
|-unboost|p2a: Latios|spa|2
|-damage|p2a: Latios|182\/302|[from] item: Life Orb
|faint|p1a: Zapdos
|
|
|switch|p1a: Heracross|Heracross-Mega, M|277\/308
|turn|17
|
|switch|p2a: Excadrill|Excadrill, M|31\/362
|-ability|p2a: Excadrill|Mold Breaker
|move|p1a: Heracross|Rock Blast|p2a: Excadrill
|-resisted|p2a: Excadrill
|-damage|p2a: Excadrill|15\/362
|-resisted|p2a: Excadrill
|-damage|p2a: Excadrill|0 fnt
|-hitcount|p2a: Excadrill|2
|faint|p2a: Excadrill
|
|
|switch|p2a: Pinsir|Pinsir, F|271\/271
|turn|18
|
|detailschange|p2a: Pinsir|Pinsir-Mega, F
|message|Pinsir has Mega Evolved into Mega Pinsir!
|move|p2a: Pinsir|Return|p1a: Heracross
|-supereffective|p1a: Heracross
|-damage|p1a: Heracross|0 fnt
|faint|p1a: Heracross
|
|
|switch|p1a: Heatran|Heatran, M|199\/323
|turn|19
|
|move|p1a: Heatran|Lava Plume|p2a: Pinsir
|-supereffective|p2a: Pinsir
|-damage|p2a: Pinsir|0 fnt
|faint|p2a: Pinsir
|
|
|switch|p2a: Azumarill|Azumarill, M|398\/398
|turn|20
|
|move|p1a: Heatran|Lava Plume|p2a: Azumarill
|-resisted|p2a: Azumarill
|-damage|p2a: Azumarill|311\/398
|-status|p2a: Azumarill|brn
|move|p2a: Azumarill|Waterfall|p1a: Heatran
|-supereffective|p1a: Heatran
|-damage|p1a: Heatran|0 fnt
|faint|p1a: Heatran
|
|-damage|p2a: Azumarill|262\/398 brn|[from] brn
|
|switch|p1a: Azumarill|Azumarill, F|364\/364
|turn|21
|
|switch|p2a: Azelf|Azelf|354\/354
|move|p1a: Azumarill|Play Rough|p2a: Azelf
|-damage|p2a: Azelf|80\/354
|-damage|p1a: Azumarill|304\/364|[from] item: Rocky Helmet|[of] p2a: Azelf
|
|turn|22
|
|move|p1a: Azumarill|Aqua Jet|p2a: Azelf
|-damage|p2a: Azelf|0 fnt
|-damage|p1a: Azumarill|244\/364|[from] item: Rocky Helmet|[of] p2a: Azelf
|faint|p2a: Azelf
|
|
|switch|p2a: Azumarill|Azumarill, M|262\/398 brn
|turn|23
|
|move|p2a: Azumarill|Aqua Jet|p1a: Azumarill
|-resisted|p1a: Azumarill
|-damage|p1a: Azumarill|205\/364
|move|p1a: Azumarill|Play Rough|p2a: Azumarill|[miss]
|-miss|p1a: Azumarill|p2a: Azumarill
|
|-damage|p2a: Azumarill|213\/398 brn|[from] brn
|turn|24
|
|move|p2a: Azumarill|Aqua Jet|p1a: Azumarill
|-resisted|p1a: Azumarill
|-damage|p1a: Azumarill|166\/364
|-enditem|p1a: Azumarill|Sitrus Berry|[eat]
|-heal|p1a: Azumarill|257\/364|[from] item: Sitrus Berry
|move|p1a: Azumarill|Play Rough|p2a: Azumarill
|-damage|p2a: Azumarill|0 fnt
|faint|p2a: Azumarill
|
|
|switch|p2a: Latios|Latios, M|182\/302
|turn|25
|
|move|p2a: Latios|Psyshock|p1a: Azumarill
|-damage|p1a: Azumarill|35\/364
|-damage|p2a: Latios|152\/302|[from] item: Life Orb
|move|p1a: Azumarill|Play Rough|p2a: Latios
|-supereffective|p2a: Latios
|-damage|p2a: Latios|0 fnt
|faint|p2a: Latios
|
|win|bbear08
|raw|Ladder updating...
|c|âbbear08|gg
|c|âbbear08|great game
|c|âChillingtilnoon|gg
|raw|bbear08's rating: 1503 &rarr; <strong>1525<\/strong><br \/>(+22 for winning)
|raw|Chillingtilnoon's rating: 1525 &rarr; <strong>1504<\/strong><br \/>(-21 for losing)
|leave|Chillingtilnoon
|player|p2