|join|qwertyuiopdpak
|join|Chillingtilnoon
|player|p1|qwertyuiopdpak|237
|player|p2|Chillingtilnoon|96
|gametype|singles
|gen|6
|tier|OU
|rated
|clearpoke
|poke|p1|Scizor, F
|poke|p1|Gliscor, F
|poke|p1|Greninja, M
|poke|p1|Gengar, F
|poke|p1|Jirachi
|poke|p1|Latias, F
|poke|p2|Bisharp, M
|poke|p2|Latias, F
|poke|p2|Chansey, F
|poke|p2|Talonflame, F
|poke|p2|Gardevoir, M
|poke|p2|Mamoswine, F
|rule|Swagger Clause: Swagger is banned
|rule|Baton Pass Clause: Limit one PokÃ©mon knowing Baton Pass
|rule|Sleep Clause Mod: Limit one foe put to sleep
|rule|Species Clause: Limit one of each PokÃ©mon
|rule|OHKO Clause: OHKO moves are banned
|rule|Moody Clause: Moody is banned
|rule|Evasion Moves Clause: Evasion moves are banned
|rule|Endless Battle Clause: Forcing endless battles is banned
|rule|HP Percentage Mod: HP is shown in percentages
|teampreview
|
|start
|switch|p1a: BATMAN|Gliscor, F|354\/354
|switch|p2a: Talonflame|Talonflame, F|307\/307
|turn|1
|
|move|p2a: Talonflame|U-turn|p1a: BATMAN
|-crit|p1a: BATMAN
|-resisted|p1a: BATMAN
|-damage|p1a: BATMAN|291\/354
|
|switch|p2a: Mamoswine|Mamoswine, F|361\/361
|move|p1a: BATMAN|Stealth Rock|p2a: Mamoswine
|-sidestart|p2: Chillingtilnoon|move: Stealth Rock
|
|-status|p1a: BATMAN|tox|[from] item: Toxic Orb
|turn|2
|
|switch|p1a: skill not haxs|Jirachi|397\/397
|move|p2a: Mamoswine|Icicle Crash|p1a: skill not haxs
|-resisted|p1a: skill not haxs
|-damage|p1a: skill not haxs|319\/397
|
|-heal|p1a: skill not haxs|343\/397|[from] item: Leftovers
|turn|3
|
|move|p2a: Mamoswine|Earthquake|p1a: skill not haxs
|-supereffective|p1a: skill not haxs
|-damage|p1a: skill not haxs|17\/397
|move|p1a: skill not haxs|Iron Head|p2a: Mamoswine
|-supereffective|p2a: Mamoswine
|-damage|p2a: Mamoswine|73\/361
|
|-heal|p1a: skill not haxs|41\/397|[from] item: Leftovers
|turn|4
|
|switch|p1a: bye bye ferro|Latias, F|302\/302
|move|p2a: Mamoswine|Icicle Crash|p1a: bye bye ferro
|-supereffective|p1a: bye bye ferro
|-damage|p1a: bye bye ferro|0 fnt
|faint|p1a: bye bye ferro
|
|
|switch|p1a: Flash Fire plz|Scizor, F|282\/282
|turn|5
|
|switch|p2a: Bisharp|Bisharp, M|272\/272
|-damage|p2a: Bisharp|255\/272|[from] Stealth Rock
|detailschange|p1a: Flash Fire plz|Scizor-Mega, F
|message|Scizor has Mega Evolved into Mega Scizor!
|move|p1a: Flash Fire plz|Swords Dance|p1a: Flash Fire plz
|-boost|p1a: Flash Fire plz|atk|2
|
|turn|6
|
|move|p1a: Flash Fire plz|Knock Off|p2a: Bisharp
|-resisted|p2a: Bisharp
|-damage|p2a: Bisharp|103\/272
|-enditem|p2a: Bisharp|Life Orb|[from] move: Knock Off|[of] p1a: Flash Fire plz
|move|p2a: Bisharp|Iron Head|p1a: Flash Fire plz
|-resisted|p1a: Flash Fire plz
|-damage|p1a: Flash Fire plz|226\/282
|
|turn|7
|
|move|p2a: Bisharp|Sucker Punch|p1a: Flash Fire plz
|-fail|p1a: Flash Fire plz
|move|p1a: Flash Fire plz|Swords Dance|p1a: Flash Fire plz
|-boost|p1a: Flash Fire plz|atk|2
|
|turn|8
|
|move|p1a: Flash Fire plz|Knock Off|p2a: Bisharp
|-resisted|p2a: Bisharp
|-damage|p2a: Bisharp|0 fnt
|faint|p2a: Bisharp
|
|
|switch|p2a: Latias|Latias, F|302\/302
|-damage|p2a: Latias|265\/302|[from] Stealth Rock
|turn|9
|
|move|p1a: Flash Fire plz|Bullet Punch|p2a: Latias
|-damage|p2a: Latias|0 fnt
|faint|p2a: Latias
|
|
|switch|p2a: Chansey|Chansey, F|642\/642
|-damage|p2a: Chansey|562\/642|[from] Stealth Rock
|turn|10
|
|move|p1a: Flash Fire plz|Knock Off|p2a: Chansey
|-damage|p2a: Chansey|0 fnt
|-enditem|p2a: Chansey|Eviolite|[from] move: Knock Off|[of] p1a: Flash Fire plz
|faint|p2a: Chansey
|
|c|âqwertyuiopdpak|sweep or naw?
|
|switch|p2a: Talonflame|Talonflame, F|307\/307
|-damage|p2a: Talonflame|154\/307|[from] Stealth Rock
|turn|11
|
|move|p1a: Flash Fire plz|Bullet Punch|p2a: Talonflame
|-resisted|p2a: Talonflame
|-damage|p2a: Talonflame|0 fnt
|faint|p2a: Talonflame
|
|
|switch|p2a: Gardevoir|Gardevoir, M|277\/277
|-damage|p2a: Gardevoir|243\/277|[from] Stealth Rock
|-ability|p2a: Gardevoir|Technician|[from] ability: Trace|[of] p1a: Flash Fire plz
|turn|12
|
|detailschange|p2a: Gardevoir|Gardevoir-Mega, M
|message|Gardevoir has Mega Evolved into Mega Gardevoir!
|move|p1a: Flash Fire plz|Bullet Punch|p2a: Gardevoir
|-supereffective|p2a: Gardevoir
|-damage|p2a: Gardevoir|0 fnt
|faint|p2a: Gardevoir
|
|
|switch|p2a: Mamoswine|Mamoswine, F|73\/361
|-damage|p2a: Mamoswine|28\/361|[from] Stealth Rock
|turn|13
|c|âqwertyuiopdpak|i guess it's a sweep. GG
|
|move|p1a: Flash Fire plz|Bullet Punch|p2a: Mamoswine
|-supereffective|p2a: Mamoswine
|-damage|p2a: Mamoswine|0 fnt
|faint|p2a: Mamoswine
|
|win|qwertyuiopdpak
|raw|Ladder updating...
|raw|qwertyuiopdpak's rating: 1364 &rarr; <strong>1386<\/strong><br \/>(+22 for winning)
|raw|Chillingtilnoon's rating: 1402 &rarr; <strong>1380<\/strong><br \/>(-22 for losing)
|leave|Chillingtilnoon
|player|p2