|join|Chillingtilnoon
|join|ErPrncipederHax
|player|p1|Chillingtilnoon|96
|player|p2|ErPrncipederHax|101
|gametype|singles
|gen|6
|tier|OU
|rated
|clearpoke
|poke|p1|Bisharp, M
|poke|p1|Latias, F
|poke|p1|Chansey, F
|poke|p1|Talonflame, M
|poke|p1|Gardevoir, F
|poke|p1|Mamoswine, M
|poke|p2|Gengar, F
|poke|p2|Infernape, M
|poke|p2|Scizor, F
|poke|p2|Gyarados, F
|poke|p2|Gliscor, F
|poke|p2|Blissey, F
|rule|Swagger Clause: Swagger is banned
|rule|Baton Pass Clause: Limit one PokÃ©mon knowing Baton Pass
|rule|Sleep Clause Mod: Limit one foe put to sleep
|rule|Species Clause: Limit one of each PokÃ©mon
|rule|OHKO Clause: OHKO moves are banned
|rule|Moody Clause: Moody is banned
|rule|Evasion Moves Clause: Evasion moves are banned
|rule|Endless Battle Clause: Forcing endless battles is banned
|rule|HP Percentage Mod: HP is shown in percentages
|teampreview
|
|start
|switch|p1a: Talonflame|Talonflame, M|307\/307
|switch|p2a: Gliscor|Gliscor, F|354\/354
|turn|1
|
|move|p1a: Talonflame|U-turn|p2a: Gliscor
|-resisted|p2a: Gliscor
|-damage|p2a: Gliscor|324\/354
|
|switch|p1a: Mamoswine|Mamoswine, M|361\/361
|move|p2a: Gliscor|Toxic|p1a: Mamoswine
|-status|p1a: Mamoswine|tox
|
|-damage|p1a: Mamoswine|339\/361 tox|[from] psn
|-status|p2a: Gliscor|tox|[from] item: Toxic Orb
|turn|2
|
|switch|p2a: Gyarados|Gyarados, F|332\/332
|-ability|p2a: Gyarados|Intimidate|[of] p1a: Mamoswine
|-unboost|p1a: Mamoswine|atk|1
|move|p1a: Mamoswine|Icicle Crash|p2a: Gyarados
|-damage|p2a: Gyarados|212\/332
|
|-damage|p1a: Mamoswine|295\/361 tox|[from] psn
|turn|3
|
|move|p1a: Mamoswine|Stealth Rock|p2a: Gyarados
|-sidestart|p2: ErPrncipederHax|move: Stealth Rock
|move|p2a: Gyarados|Waterfall|p1a: Mamoswine
|-supereffective|p1a: Mamoswine
|-damage|p1a: Mamoswine|0 fnt
|faint|p1a: Mamoswine
|
|
|switch|p1a: Bisharp|Bisharp, M|272\/272
|turn|4
|
|switch|p2a: Gliscor|Gliscor, F|324\/354 tox
|-damage|p2a: Gliscor|280\/354 tox|[from] Stealth Rock
|move|p1a: Bisharp|Knock Off|p2a: Gliscor
|-damage|p2a: Gliscor|115\/354 tox
|-enditem|p2a: Gliscor|Toxic Orb|[from] move: Knock Off|[of] p1a: Bisharp
|-damage|p1a: Bisharp|245\/272|[from] item: Life Orb
|
|-heal|p2a: Gliscor|159\/354 tox|[from] ability: Poison Heal
|turn|5
|
|move|p2a: Gliscor|Earthquake|p1a: Bisharp
|-supereffective|p1a: Bisharp
|-damage|p1a: Bisharp|29\/272
|move|p1a: Bisharp|Knock Off|p2a: Gliscor
|-damage|p2a: Gliscor|56\/354 tox
|-damage|p1a: Bisharp|2\/272|[from] item: Life Orb
|
|-heal|p2a: Gliscor|100\/354 tox|[from] ability: Poison Heal
|turn|6
|
|move|p1a: Bisharp|Sucker Punch|p2a: Gliscor
|-fail|p2a: Gliscor
|move|p2a: Gliscor|Substitute|p2a: Gliscor
|-start|p2a: Gliscor|Substitute
|-damage|p2a: Gliscor|12\/354 tox
|
|-heal|p2a: Gliscor|56\/354 tox|[from] ability: Poison Heal
|turn|7
|
|move|p1a: Bisharp|Sucker Punch|p2a: Gliscor
|-fail|p2a: Gliscor
|move|p2a: Gliscor|Toxic|p1a: Bisharp
|-fail|p1a: Bisharp
|
|-heal|p2a: Gliscor|100\/354 tox|[from] ability: Poison Heal
|turn|8
|
|move|p1a: Bisharp|Sucker Punch|p2a: Gliscor
|-fail|p2a: Gliscor
|move|p2a: Gliscor|Toxic|p1a: Bisharp
|-fail|p1a: Bisharp
|
|-heal|p2a: Gliscor|144\/354 tox|[from] ability: Poison Heal
|turn|9
|
|move|p1a: Bisharp|Sucker Punch|p2a: Gliscor
|-fail|p2a: Gliscor
|move|p2a: Gliscor|Toxic|p1a: Bisharp
|-fail|p1a: Bisharp
|
|-heal|p2a: Gliscor|188\/354 tox|[from] ability: Poison Heal
|turn|10
|
|move|p2a: Gliscor|Toxic|p1a: Bisharp|[miss]
|-miss|p2a: Gliscor|p1a: Bisharp
|move|p1a: Bisharp|Knock Off|p2a: Gliscor
|-crit|p2a: Gliscor
|-end|p2a: Gliscor|Substitute
|-damage|p1a: Bisharp|0 fnt|[from] item: Life Orb
|faint|p1a: Bisharp
|
|-heal|p2a: Gliscor|232\/354 tox|[from] ability: Poison Heal
|
|switch|p1a: Latias|Latias, F|302\/302
|turn|11
|
|switch|p2a: Blissey|Blissey, F|714\/714
|-damage|p2a: Blissey|625\/714|[from] Stealth Rock
|move|p1a: Latias|Draco Meteor|p2a: Blissey
|-damage|p2a: Blissey|466\/714
|-unboost|p1a: Latias|spa|2
|
|-heal|p2a: Blissey|510\/714|[from] item: Leftovers
|turn|12
|
|switch|p1a: Talonflame|Talonflame, M|307\/307
|move|p2a: Blissey|Thunder Wave|p1a: Talonflame
|-status|p1a: Talonflame|par
|
|-heal|p2a: Blissey|554\/714|[from] item: Leftovers
|turn|13
|
|move|p1a: Talonflame|Brave Bird|p2a: Blissey
|-damage|p2a: Blissey|77\/714
|-damage|p1a: Talonflame|150\/307 par|[from] recoil|[of] p2a: Blissey
|move|p2a: Blissey|Soft-Boiled|p2a: Blissey
|-heal|p2a: Blissey|434\/714
|
|-heal|p2a: Blissey|478\/714|[from] item: Leftovers
|turn|14
|
|switch|p1a: Latias|Latias, F|302\/302
|move|p2a: Blissey|Soft-Boiled|p2a: Blissey
|-heal|p2a: Blissey|714\/714
|
|turn|15
|
|move|p1a: Latias|Psyshock|p2a: Blissey
|-damage|p2a: Blissey|486\/714
|move|p2a: Blissey|Thunder Wave|p1a: Latias
|-status|p1a: Latias|par
|
|-heal|p2a: Blissey|530\/714|[from] item: Leftovers
|turn|16
|
|move|p2a: Blissey|Soft-Boiled|p2a: Blissey
|-heal|p2a: Blissey|714\/714
|move|p1a: Latias|Psyshock|p2a: Blissey
|-damage|p2a: Blissey|498\/714
|
|-heal|p2a: Blissey|542\/714|[from] item: Leftovers
|turn|17
|
|move|p2a: Blissey|Seismic Toss|p1a: Latias
|-damage|p1a: Latias|202\/302 par
|move|p1a: Latias|Psyshock|p2a: Blissey
|-damage|p2a: Blissey|296\/714
|
|-heal|p2a: Blissey|340\/714|[from] item: Leftovers
|-heal|p1a: Latias|220\/302 par|[from] item: Leftovers
|turn|18
|
|move|p2a: Blissey|Seismic Toss|p1a: Latias
|-damage|p1a: Latias|120\/302 par
|move|p1a: Latias|Psyshock|p2a: Blissey
|-damage|p2a: Blissey|120\/714
|
|-heal|p2a: Blissey|164\/714|[from] item: Leftovers
|-heal|p1a: Latias|138\/302 par|[from] item: Leftovers
|turn|19
|
|move|p2a: Blissey|Soft-Boiled|p2a: Blissey
|-heal|p2a: Blissey|521\/714
|move|p1a: Latias|Psyshock|p2a: Blissey
|-damage|p2a: Blissey|310\/714
|
|-heal|p2a: Blissey|354\/714|[from] item: Leftovers
|-heal|p1a: Latias|156\/302 par|[from] item: Leftovers
|turn|20
|
|move|p2a: Blissey|Seismic Toss|p1a: Latias
|-damage|p1a: Latias|56\/302 par
|move|p1a: Latias|Psyshock|p2a: Blissey
|-damage|p2a: Blissey|105\/714
|
|-heal|p2a: Blissey|149\/714|[from] item: Leftovers
|-heal|p1a: Latias|74\/302 par|[from] item: Leftovers
|turn|21
|
|move|p2a: Blissey|Soft-Boiled|p2a: Blissey
|-heal|p2a: Blissey|506\/714
|move|p1a: Latias|Healing Wish|p1a: Latias
|faint|p1a: Latias
|
|-heal|p2a: Blissey|550\/714|[from] item: Leftovers
|
|switch|p1a: Talonflame|Talonflame, M|150\/307 par
|-heal|p1a: Talonflame|307\/307|[from] move: Healing Wish
|turn|22
|
|move|p1a: Talonflame|U-turn|p2a: Blissey
|-damage|p2a: Blissey|380\/714
|
|switch|p1a: Chansey|Chansey, F|642\/642
|move|p2a: Blissey|Soft-Boiled|p2a: Blissey
|-heal|p2a: Blissey|714\/714
|
|turn|23
|
|switch|p2a: Gliscor|Gliscor, F|232\/354 tox
|-damage|p2a: Gliscor|188\/354 tox|[from] Stealth Rock
|move|p1a: Chansey|Toxic|p2a: Gliscor
|-fail|p2a: Gliscor|tox
|
|-heal|p2a: Gliscor|232\/354 tox|[from] ability: Poison Heal
|turn|24
|
|move|p2a: Gliscor|Knock Off|p1a: Chansey
|-damage|p1a: Chansey|553\/642
|-enditem|p1a: Chansey|Eviolite|[from] move: Knock Off|[of] p2a: Gliscor
|move|p1a: Chansey|Seismic Toss|p2a: Gliscor
|-damage|p2a: Gliscor|132\/354 tox
|
|-heal|p2a: Gliscor|176\/354 tox|[from] ability: Poison Heal
|turn|25
|
|move|p2a: Gliscor|Toxic|p1a: Chansey
|-status|p1a: Chansey|tox
|move|p1a: Chansey|Seismic Toss|p2a: Gliscor
|-damage|p2a: Gliscor|76\/354 tox
|
|-heal|p2a: Gliscor|120\/354 tox|[from] ability: Poison Heal
|-damage|p1a: Chansey|513\/642 tox|[from] psn
|turn|26
|
|move|p2a: Gliscor|Earthquake|p1a: Chansey
|-damage|p1a: Chansey|275\/642 tox
|move|p1a: Chansey|Seismic Toss|p2a: Gliscor
|-damage|p2a: Gliscor|20\/354 tox
|
|-heal|p2a: Gliscor|64\/354 tox|[from] ability: Poison Heal
|-damage|p1a: Chansey|195\/642 tox|[from] psn
|turn|27
|
|switch|p2a: Gengar|Gengar, F|262\/262
|-damage|p2a: Gengar|230\/262|[from] Stealth Rock
|move|p1a: Chansey|Seismic Toss|p2a: Gengar
|-immune|p2a: Gengar|[msg]
|
|-damage|p1a: Chansey|75\/642 tox|[from] psn
|turn|28
|
|move|p2a: Gengar|Sludge Wave|p1a: Chansey
|-damage|p1a: Chansey|0 fnt
|faint|p1a: Chansey
|
|
|switch|p1a: Talonflame|Talonflame, M|307\/307
|turn|29
|
|switch|p2a: Gyarados|Gyarados, F|212\/332
|-damage|p2a: Gyarados|129\/332|[from] Stealth Rock
|-ability|p2a: Gyarados|Intimidate|[of] p1a: Talonflame
|-unboost|p1a: Talonflame|atk|1
|move|p1a: Talonflame|Flare Blitz|p2a: Gyarados
|-resisted|p2a: Gyarados
|-damage|p2a: Gyarados|27\/332
|-damage|p1a: Talonflame|273\/307|[from] recoil|[of] p2a: Gyarados
|
|turn|30
|
|move|p1a: Talonflame|Flare Blitz|p2a: Gyarados
|-resisted|p2a: Gyarados
|-damage|p2a: Gyarados|0 fnt
|-damage|p1a: Talonflame|264\/307|[from] recoil|[of] p2a: Gyarados
|faint|p2a: Gyarados
|
|
|switch|p2a: Blissey|Blissey, F|714\/714
|-damage|p2a: Blissey|625\/714|[from] Stealth Rock
|turn|31
|
|switch|p1a: Gardevoir|Gardevoir, F|277\/277
|-ability|p1a: Gardevoir|Natural Cure|[from] ability: Trace|[of] p2a: Blissey
|move|p2a: Blissey|Soft-Boiled|p2a: Blissey
|-heal|p2a: Blissey|714\/714
|
|turn|32
|
|detailschange|p1a: Gardevoir|Gardevoir-Mega, F
|message|Gardevoir has Mega Evolved into Mega Gardevoir!
|move|p1a: Gardevoir|Substitute|p1a: Gardevoir
|-start|p1a: Gardevoir|Substitute
|-damage|p1a: Gardevoir|208\/277
|move|p2a: Blissey|Thunder Wave|p1a: Gardevoir
|
|turn|33
|
|move|p1a: Gardevoir|Psyshock|p2a: Blissey
|-damage|p2a: Blissey|414\/714
|move|p2a: Blissey|Seismic Toss|p1a: Gardevoir
|-end|p1a: Gardevoir|Substitute
|
|-heal|p2a: Blissey|458\/714|[from] item: Leftovers
|turn|34
|
|move|p1a: Gardevoir|Psyshock|p2a: Blissey
|-damage|p2a: Blissey|155\/714
|move|p2a: Blissey|Soft-Boiled|p2a: Blissey
|-heal|p2a: Blissey|512\/714
|
|-heal|p2a: Blissey|556\/714|[from] item: Leftovers
|turn|35
|
|move|p1a: Gardevoir|Psyshock|p2a: Blissey
|-damage|p2a: Blissey|256\/714
|move|p2a: Blissey|Thunder Wave|p1a: Gardevoir
|-status|p1a: Gardevoir|par
|
|-heal|p2a: Blissey|300\/714|[from] item: Leftovers
|turn|36
|
|switch|p2a: Scizor|Scizor, F|344\/344
|-damage|p2a: Scizor|301\/344|[from] Stealth Rock
|move|p1a: Gardevoir|Psyshock|p2a: Scizor
|-resisted|p2a: Scizor
|-damage|p2a: Scizor|218\/344
|
|turn|37
|
|move|p2a: Scizor|Bullet Punch|p1a: Gardevoir
|-supereffective|p1a: Gardevoir
|-damage|p1a: Gardevoir|0 fnt
|faint|p1a: Gardevoir
|
|
|switch|p1a: Talonflame|Talonflame, M|264\/307
|turn|38
|
|move|p1a: Talonflame|Brave Bird|p2a: Scizor
|-damage|p2a: Scizor|0 fnt
|-damage|p1a: Talonflame|192\/307|[from] recoil|[of] p2a: Scizor
|faint|p2a: Scizor
|
|
|switch|p2a: Infernape|Infernape, M|293\/293
|-damage|p2a: Infernape|257\/293|[from] Stealth Rock
|turn|39
|
|move|p2a: Infernape|Mach Punch|p1a: Talonflame
|-resisted|p1a: Talonflame
|-damage|p1a: Talonflame|126\/307
|-damage|p2a: Infernape|228\/293|[from] item: Life Orb
|move|p1a: Talonflame|Brave Bird|p2a: Infernape
|-supereffective|p2a: Infernape
|-damage|p2a: Infernape|0 fnt
|-damage|p1a: Talonflame|51\/307|[from] recoil|[of] p2a: Infernape
|faint|p2a: Infernape
|
|
|switch|p2a: Gliscor|Gliscor, F|64\/354 tox
|-damage|p2a: Gliscor|20\/354 tox|[from] Stealth Rock
|turn|40
|
|move|p1a: Talonflame|Brave Bird|p2a: Gliscor
|-damage|p2a: Gliscor|0 fnt
|-damage|p1a: Talonflame|44\/307|[from] recoil|[of] p2a: Gliscor
|faint|p2a: Gliscor
|
|
|switch|p2a: Blissey|Blissey, F|300\/714
|-damage|p2a: Blissey|211\/714|[from] Stealth Rock
|turn|41
|
|move|p1a: Talonflame|Brave Bird|p2a: Blissey
|-damage|p2a: Blissey|0 fnt
|-damage|p1a: Talonflame|0 fnt|[from] recoil|[of] p2a: Blissey
|faint|p2a: Blissey
|faint|p1a: Talonflame
|
|win|ErPrncipederHax
|raw|Ladder updating...
|raw|Chillingtilnoon's rating: 1423 &rarr; <strong>1402<\/strong><br \/>(-21 for losing)
|raw|ErPrncipederHax's rating: 1412 &rarr; <strong>1432<\/strong><br \/>(+20 for winning)
|c|âErPrncipederHax|GG
|leave|Chillingtilnoon
|player|p1