|join|Beanos
|join|Chillingtilnoon
|player|p1|Beanos|184
|player|p2|Chillingtilnoon|237
|gametype|singles
|gen|6
|tier|OU
|rated
|clearpoke
|poke|p1|Manaphy
|poke|p1|Charizard, M
|poke|p1|Breloom, M
|poke|p1|Latias, F
|poke|p1|Bisharp, M
|poke|p1|Landorus-Therian, M
|poke|p2|Latios, M
|poke|p2|Tyranitar, M
|poke|p2|Charizard, F
|poke|p2|Keldeo-Resolute
|poke|p2|Gliscor, M
|poke|p2|Clefable, M
|rule|Swagger Clause: Swagger is banned
|rule|Baton Pass Clause: Limit one PokÃ©mon knowing Baton Pass
|rule|Sleep Clause Mod: Limit one foe put to sleep
|rule|Species Clause: Limit one of each PokÃ©mon
|rule|OHKO Clause: OHKO moves are banned
|rule|Moody Clause: Moody is banned
|rule|Evasion Moves Clause: Evasion moves are banned
|rule|Endless Battle Clause: Forcing endless battles is banned
|rule|HP Percentage Mod: HP is shown in percentages
|teampreview
|
|start
|switch|p1a: Breloom|Breloom, M|261\/261
|switch|p2a: Clefable|Clefable, M|394\/394
|turn|1
|
|move|p1a: Breloom|Spore|p2a: Clefable
|-status|p2a: Clefable|slp
|cant|p2a: Clefable|slp
|
|turn|2
|
|switch|p1a: Charizard|Charizard, M|359\/359
|cant|p2a: Clefable|slp
|
|turn|3
|
|detailschange|p1a: Charizard|Charizard-Mega-X, M
|-mega|p1a: Charizard|Charizard|Charizardite X
|move|p1a: Charizard|Dragon Dance|p1a: Charizard
|-boost|p1a: Charizard|atk|1
|-boost|p1a: Charizard|spe|1
|-curestatus|p2a: Clefable|slp
|move|p2a: Clefable|Soft-Boiled|p2a: Clefable
|-fail|p2a: Clefable
|
|turn|4
|
|switch|p2a: Tyranitar|Tyranitar, M|341\/341
|-weather|Sandstorm
|move|p1a: Charizard|Dragon Dance|p1a: Charizard
|-boost|p1a: Charizard|atk|1
|-boost|p1a: Charizard|spe|1
|
|-weather|Sandstorm|[upkeep]
|-damage|p1a: Charizard|337\/359|[from] sandstorm
|turn|5
|
|move|p1a: Charizard|Earthquake|p2a: Tyranitar
|-supereffective|p2a: Tyranitar
|-damage|p2a: Tyranitar|0 fnt
|faint|p2a: Tyranitar
|
|-weather|Sandstorm|[upkeep]
|-damage|p1a: Charizard|315\/359|[from] sandstorm
|
|switch|p2a: Gliscor|Gliscor, M|352\/352
|turn|6
|
|move|p1a: Charizard|Flare Blitz|p2a: Gliscor
|-damage|p2a: Gliscor|0 fnt
|-damage|p1a: Charizard|199\/359|[from] recoil|[of] p2a: Gliscor
|faint|p2a: Gliscor
|
|-weather|Sandstorm|[upkeep]
|-damage|p1a: Charizard|177\/359|[from] sandstorm
|
|switch|p2a: Keldeo-Resolute|Keldeo-Resolute|323\/323
|turn|7
|
|move|p1a: Charizard|Dragon Claw|p2a: Keldeo-Resolute
|-damage|p2a: Keldeo-Resolute|0 fnt
|faint|p2a: Keldeo-Resolute
|
|-weather|Sandstorm|[upkeep]
|-damage|p1a: Charizard|155\/359|[from] sandstorm
|
|switch|p2a: Clefable|Clefable, M|394\/394
|turn|8
|
|move|p1a: Charizard|Flare Blitz|p2a: Clefable
|-damage|p2a: Clefable|0 fnt
|-damage|p1a: Charizard|25\/359|[from] recoil|[of] p2a: Clefable
|faint|p2a: Clefable
|
|-weather|none
|c|âBeanos|gg
|
|switch|p2a: Latios|Latios, M|302\/302
|turn|9
|
|move|p1a: Charizard|Dragon Claw|p2a: Latios
|-supereffective|p2a: Latios
|-damage|p2a: Latios|0 fnt
|faint|p2a: Latios
|
|
|switch|p2a: Charizard|Charizard, F|297\/297
|turn|10
|
|detailschange|p2a: Charizard|Charizard-Mega-Y, F
|-mega|p2a: Charizard|Charizard|Charizardite Y
|-weather|SunnyDay
|move|p1a: Charizard|Dragon Claw|p2a: Charizard
|-damage|p2a: Charizard|0 fnt
|faint|p2a: Charizard
|
|win|Beanos
|raw|Ladder updating...
|raw|Beanos's rating: 1450 &rarr; <strong>1473<\/strong><br \/>(+23 for winning)
|raw|Chillingtilnoon's rating: 1511 &rarr; <strong>1487<\/strong><br \/>(-24 for losing)
|leave|Chillingtilnoon
|player|p2