|join|Chillingtilnoon
|join|Silver - Triverr
|player|p1|Chillingtilnoon|237
|player|p2|Silver - Triverr|169
|gametype|singles
|gen|6
|tier|OU
|rated
|clearpoke
|poke|p1|Latios, M
|poke|p1|Tyranitar, M
|poke|p1|Charizard, F
|poke|p1|Keldeo-Resolute
|poke|p1|Gliscor, F
|poke|p1|Clefable, M
|poke|p2|Hawlucha, M
|poke|p2|Diancie
|poke|p2|Landorus-Therian, M
|poke|p2|Latias, F, shiny
|poke|p2|Magnezone
|poke|p2|Scizor, M
|rule|Swagger Clause: Swagger is banned
|rule|Baton Pass Clause: Limit one PokÃ©mon knowing Baton Pass
|rule|Sleep Clause Mod: Limit one foe put to sleep
|rule|Species Clause: Limit one of each PokÃ©mon
|rule|OHKO Clause: OHKO moves are banned
|rule|Moody Clause: Moody is banned
|rule|Evasion Moves Clause: Evasion moves are banned
|rule|Endless Battle Clause: Forcing endless battles is banned
|rule|HP Percentage Mod: HP is shown in percentages
|teampreview
|
|start
|switch|p1a: Charizard|Charizard, F|297\/297
|switch|p2a: Magnezone|Magnezone|281\/281
|turn|1
|
|switch|p1a: Gliscor|Gliscor, F|352\/352
|move|p2a: Magnezone|Volt Switch|p1a: Gliscor
|-immune|p1a: Gliscor|[msg]
|
|-status|p1a: Gliscor|tox|[from] item: Toxic Orb
|turn|2
|
|switch|p2a: Landorus-Therian|Landorus-Therian, M|381\/381
|-ability|p2a: Landorus-Therian|Intimidate|[of] p1a: Gliscor
|-unboost|p1a: Gliscor|atk|1
|move|p1a: Gliscor|Taunt|p2a: Landorus-Therian
|-start|p2a: Landorus-Therian|move: Taunt
|
|turn|3
|
|move|p1a: Gliscor|Knock Off|p2a: Landorus-Therian
|-damage|p2a: Landorus-Therian|344\/381
|-enditem|p2a: Landorus-Therian|Leftovers|[from] move: Knock Off|[of] p1a: Gliscor
|move|p2a: Landorus-Therian|U-turn|p1a: Gliscor
|-resisted|p1a: Gliscor
|-damage|p1a: Gliscor|321\/352 tox
|
|switch|p2a: Hawlucha|Hawlucha, M|333\/333
|
|-heal|p1a: Gliscor|352\/352 tox|[from] ability: Poison Heal
|turn|4
|
|move|p2a: Hawlucha|Sky Attack|p1a: Gliscor|[still]
|-prepare|p2a: Hawlucha|Sky Attack|p1a: Gliscor
|-enditem|p2a: Hawlucha|Power Herb
|-anim|p2a: Hawlucha|Sky Attack|p1a: Gliscor
|-damage|p1a: Gliscor|162\/352 tox
|move|p1a: Gliscor|Taunt|p2a: Hawlucha
|-start|p2a: Hawlucha|move: Taunt
|
|-heal|p1a: Gliscor|206\/352 tox|[from] ability: Poison Heal
|turn|5
|
|move|p2a: Hawlucha|Acrobatics|p1a: Gliscor
|-damage|p1a: Gliscor|73\/352 tox
|move|p1a: Gliscor|Roost|p1a: Gliscor
|-heal|p1a: Gliscor|249\/352 tox
|
|-heal|p1a: Gliscor|293\/352 tox|[from] ability: Poison Heal
|turn|6
|
|switch|p1a: Clefable|Clefable, M|394\/394
|move|p2a: Hawlucha|Acrobatics|p1a: Clefable
|-damage|p1a: Clefable|237\/394
|
|-heal|p1a: Clefable|261\/394|[from] item: Leftovers
|turn|7
|
|switch|p2a: Magnezone|Magnezone|281\/281
|move|p1a: Clefable|Stealth Rock|p2a: Magnezone
|-sidestart|p2: Silver - Triverr|move: Stealth Rock
|
|-heal|p1a: Clefable|285\/394|[from] item: Leftovers
|turn|8
|
|switch|p1a: Gliscor|Gliscor, F|293\/352 tox
|move|p2a: Magnezone|Flash Cannon|p1a: Gliscor
|-damage|p1a: Gliscor|161\/352 tox
|
|-heal|p1a: Gliscor|205\/352 tox|[from] ability: Poison Heal
|turn|9
|
|switch|p2a: Latias|Latias, F, shiny|363\/363
|-damage|p2a: Latias|318\/363|[from] Stealth Rock
|switch|p1a: Charizard|Charizard, F|297\/297
|
|-heal|p2a: Latias|340\/363|[from] item: Leftovers
|turn|10
|
|detailschange|p1a: Charizard|Charizard-Mega-Y, F
|-mega|p1a: Charizard|Charizard|Charizardite Y
|-weather|SunnyDay
|move|p1a: Charizard|Fire Blast|p2a: Latias|[miss]
|-miss|p1a: Charizard|p2a: Latias
|move|p2a: Latias|Defog|p1a: Charizard
|-unboost|p1a: Charizard|evasion|1
|-sideend|p2: Silver - Triverr|Stealth Rock|[from] move: Defog|[of] p2a: Latias
|
|-weather|SunnyDay|[upkeep]
|-heal|p2a: Latias|362\/363|[from] item: Leftovers
|turn|11
|
|switch|p1a: Tyranitar|Tyranitar, M|341\/341
|-weather|Sandstorm
|move|p2a: Latias|Draco Meteor|p1a: Tyranitar|[miss]
|-miss|p2a: Latias|p1a: Tyranitar
|
|-weather|Sandstorm|[upkeep]
|-damage|p2a: Latias|340\/363|[from] sandstorm
|-heal|p2a: Latias|362\/363|[from] item: Leftovers
|turn|12
|
|move|p1a: Tyranitar|Pursuit|p2a: Latias|[from]Pursuit
|-supereffective|p2a: Latias
|-damage|p2a: Latias|42\/363
|switch|p2a: Scizor|Scizor, M|311\/311
|
|-weather|Sandstorm|[upkeep]
|turn|13
|
|switch|p1a: Charizard|Charizard-Mega-Y, F|297\/297
|-weather|SunnyDay
|move|p2a: Scizor|U-turn|p1a: Charizard
|-resisted|p1a: Charizard
|-damage|p1a: Charizard|229\/297
|
|switch|p2a: Landorus-Therian|Landorus-Therian, M|344\/381
|-ability|p2a: Landorus-Therian|Intimidate|[of] p1a: Charizard
|-unboost|p1a: Charizard|atk|1
|
|-weather|SunnyDay|[upkeep]
|turn|14
|
|move|p1a: Charizard|Fire Blast|p2a: Landorus-Therian
|-damage|p2a: Landorus-Therian|0 fnt
|faint|p2a: Landorus-Therian
|
|-weather|SunnyDay|[upkeep]
|
|switch|p2a: Magnezone|Magnezone|281\/281
|turn|15
|
|switch|p2a: Latias|Latias, F, shiny|42\/363
|switch|p1a: Gliscor|Gliscor, F|205\/352 tox
|
|-weather|SunnyDay|[upkeep]
|-heal|p2a: Latias|64\/363|[from] item: Leftovers
|-heal|p1a: Gliscor|249\/352 tox|[from] ability: Poison Heal
|turn|16
|
|move|p2a: Latias|Roost|p2a: Latias
|-heal|p2a: Latias|246\/363
|move|p1a: Gliscor|Knock Off|p2a: Latias
|-supereffective|p2a: Latias
|-damage|p2a: Latias|78\/363
|-enditem|p2a: Latias|Leftovers|[from] move: Knock Off|[of] p1a: Gliscor
|
|-weather|SunnyDay|[upkeep]
|-heal|p1a: Gliscor|293\/352 tox|[from] ability: Poison Heal
|turn|17
|
|switch|p2a: Scizor|Scizor, M|311\/311
|move|p1a: Gliscor|Roost|p1a: Gliscor
|-heal|p1a: Gliscor|352\/352 tox
|
|-weather|none
|turn|18
|
|move|p1a: Gliscor|Knock Off|p2a: Scizor
|-damage|p2a: Scizor|239\/311
|-enditem|p2a: Scizor|Choice Band|[from] move: Knock Off|[of] p1a: Gliscor
|move|p2a: Scizor|U-turn|p1a: Gliscor
|-resisted|p1a: Gliscor
|-damage|p1a: Gliscor|300\/352 tox
|
|switch|p2a: Latias|Latias, F, shiny|78\/363
|
|-heal|p1a: Gliscor|344\/352 tox|[from] ability: Poison Heal
|turn|19
|
|switch|p2a: Scizor|Scizor, M|239\/311
|move|p1a: Gliscor|Knock Off|p2a: Scizor
|-damage|p2a: Scizor|188\/311
|
|-heal|p1a: Gliscor|352\/352 tox|[from] ability: Poison Heal
|turn|20
|
|move|p1a: Gliscor|Knock Off|p2a: Scizor
|-damage|p2a: Scizor|142\/311
|move|p2a: Scizor|Knock Off|p1a: Gliscor
|-damage|p1a: Gliscor|244\/352 tox
|-enditem|p1a: Gliscor|Toxic Orb|[from] move: Knock Off|[of] p2a: Scizor
|
|-heal|p1a: Gliscor|288\/352 tox|[from] ability: Poison Heal
|turn|21
|
|move|p1a: Gliscor|Earthquake|p2a: Scizor
|-damage|p2a: Scizor|30\/311
|move|p2a: Scizor|U-turn|p1a: Gliscor
|-resisted|p1a: Gliscor
|-damage|p1a: Gliscor|228\/352 tox
|
|switch|p2a: Hawlucha|Hawlucha, M|333\/333
|
|-heal|p1a: Gliscor|272\/352 tox|[from] ability: Poison Heal
|turn|22
|
|switch|p1a: Clefable|Clefable, M|285\/394
|move|p2a: Hawlucha|Swords Dance|p2a: Hawlucha
|-boost|p2a: Hawlucha|atk|2
|
|-heal|p1a: Clefable|309\/394|[from] item: Leftovers
|turn|23
|
|move|p2a: Hawlucha|Acrobatics|p1a: Clefable
|-damage|p1a: Clefable|0 fnt
|faint|p1a: Clefable
|
|
|switch|p1a: Latios|Latios, M|302\/302
|turn|24
|
|switch|p2a: Scizor|Scizor, M|30\/311
|move|p1a: Latios|Psyshock|p2a: Scizor
|-resisted|p2a: Scizor
|-damage|p2a: Scizor|0 fnt
|-damage|p1a: Latios|272\/302|[from] item: Life Orb
|faint|p2a: Scizor
|
|
|switch|p2a: Diancie|Diancie|241\/241
|turn|25
|
|switch|p1a: Gliscor|Gliscor, F|272\/352 tox
|detailschange|p2a: Diancie|Diancie-Mega
|-mega|p2a: Diancie|Diancie|Diancite
|move|p2a: Diancie|Moonblast|p1a: Gliscor
|-damage|p1a: Gliscor|73\/352 tox
|
|-heal|p1a: Gliscor|117\/352 tox|[from] ability: Poison Heal
|turn|26
|
|move|p2a: Diancie|Moonblast|p1a: Gliscor
|-damage|p1a: Gliscor|0 fnt
|faint|p1a: Gliscor
|
|
|switch|p1a: Tyranitar|Tyranitar, M|341\/341
|-weather|Sandstorm
|turn|27
|
|switch|p2a: Latias|Latias, F, shiny|78\/363
|move|p1a: Tyranitar|Earthquake|p2a: Latias
|-immune|p2a: Latias|[msg]
|
|-weather|Sandstorm|[upkeep]
|-damage|p2a: Latias|56\/363|[from] sandstorm
|turn|28
|
|switch|p1a: Keldeo-Resolute|Keldeo-Resolute|323\/323
|move|p2a: Latias|Draco Meteor|p1a: Keldeo-Resolute
|-damage|p1a: Keldeo-Resolute|128\/323
|-unboost|p2a: Latias|spa|2
|
|-weather|Sandstorm|[upkeep]
|-damage|p1a: Keldeo-Resolute|108\/323|[from] sandstorm
|-damage|p2a: Latias|34\/363|[from] sandstorm
|-heal|p1a: Keldeo-Resolute|128\/323|[from] item: Leftovers
|turn|29
|
|move|p1a: Keldeo-Resolute|Scald|p2a: Latias
|-resisted|p2a: Latias
|-damage|p2a: Latias|0 fnt
|faint|p2a: Latias
|
|-weather|Sandstorm|[upkeep]
|-damage|p1a: Keldeo-Resolute|108\/323|[from] sandstorm
|-heal|p1a: Keldeo-Resolute|128\/323|[from] item: Leftovers
|
|switch|p2a: Magnezone|Magnezone|281\/281
|turn|30
|
|move|p2a: Magnezone|Volt Switch|p1a: Keldeo-Resolute
|-supereffective|p1a: Keldeo-Resolute
|-damage|p1a: Keldeo-Resolute|0 fnt
|faint|p1a: Keldeo-Resolute
|
|switch|p2a: Hawlucha|Hawlucha, M|333\/333
|
|-weather|Sandstorm|[upkeep]
|-damage|p2a: Hawlucha|313\/333|[from] sandstorm
|
|switch|p1a: Latios|Latios, M|272\/302
|turn|31
|
|switch|p2a: Magnezone|Magnezone|281\/281
|move|p1a: Latios|Psyshock|p2a: Magnezone
|-resisted|p2a: Magnezone
|-damage|p2a: Magnezone|206\/281
|-damage|p1a: Latios|242\/302|[from] item: Life Orb
|
|-weather|none
|turn|32
|
|switch|p1a: Charizard|Charizard-Mega-Y, F|229\/297
|-weather|SunnyDay
|move|p2a: Magnezone|Thunderbolt|p1a: Charizard
|-supereffective|p1a: Charizard
|-damage|p1a: Charizard|0 fnt
|faint|p1a: Charizard
|
|-weather|SunnyDay|[upkeep]
|
|switch|p1a: Tyranitar|Tyranitar, M|341\/341
|-weather|Sandstorm
|turn|33
|
|move|p1a: Tyranitar|Stone Edge|p2a: Magnezone
|-resisted|p2a: Magnezone
|-damage|p2a: Magnezone|130\/281
|move|p2a: Magnezone|Thunderbolt|p1a: Tyranitar
|-damage|p1a: Tyranitar|241\/341
|-status|p1a: Tyranitar|par
|
|-weather|Sandstorm|[upkeep]
|turn|34
|
|move|p2a: Magnezone|Thunderbolt|p1a: Tyranitar
|-damage|p1a: Tyranitar|136\/341 par
|cant|p1a: Tyranitar|par
|
|-weather|Sandstorm|[upkeep]
|turn|35
|c|âChillingtilnoon|nv
|c|âChillingtilnoon|nb
|c|âChillingtilnoon|hax 4 game
|
|move|p2a: Magnezone|Thunderbolt|p1a: Tyranitar
|-damage|p1a: Tyranitar|31\/341 par
|move|p1a: Tyranitar|Stone Edge|p2a: Magnezone
|-resisted|p2a: Magnezone
|-damage|p2a: Magnezone|44\/281
|
|-weather|Sandstorm|[upkeep]
|turn|36
|
|move|p2a: Magnezone|Thunderbolt|p1a: Tyranitar
|-damage|p1a: Tyranitar|0 fnt
|faint|p1a: Tyranitar
|
|-weather|Sandstorm|[upkeep]
|
|switch|p1a: Latios|Latios, M|242\/302
|turn|37
|
|move|p2a: Magnezone|Thunderbolt|p1a: Latios
|-resisted|p1a: Latios
|-damage|p1a: Latios|175\/302
|move|p1a: Latios|Psyshock|p2a: Magnezone
|-resisted|p2a: Magnezone
|-damage|p2a: Magnezone|0 fnt
|-damage|p1a: Latios|145\/302|[from] item: Life Orb
|faint|p2a: Magnezone
|
|-weather|none
|
|switch|p2a: Diancie|Diancie-Mega|241\/241
|turn|38
|
|move|p2a: Diancie|Moonblast|p1a: Latios
|-supereffective|p1a: Latios
|-damage|p1a: Latios|0 fnt
|faint|p1a: Latios
|
|win|Silver - Triverr
|raw|Ladder updating...
|raw|Chillingtilnoon's rating: 1506 &rarr; <strong>1489<\/strong><br \/>(-17 for losing)
|raw|Silver - Triverr's rating: 1565 &rarr; <strong>1582<\/strong><br \/>(+17 for winning)
|leave|Chillingtilnoon
|player|p1