|join|Chillingtilnoon
|join|Melody of Victory
|player|p1|Chillingtilnoon|237
|player|p2|Melody of Victory|290
|gametype|singles
|gen|6
|tier|OU
|rated
|clearpoke
|poke|p1|Altaria, F
|poke|p1|Keldeo
|poke|p1|Ferrothorn, F
|poke|p1|Clefable, M
|poke|p1|Landorus-Therian, M
|poke|p1|Victini
|poke|p2|Metagross
|poke|p2|Keldeo-Resolute
|poke|p2|Dragonite, M
|poke|p2|Infernape, M
|poke|p2|Thundurus, M
|poke|p2|Bisharp, M
|rule|Swagger Clause: Swagger is banned
|rule|Baton Pass Clause: Limit one PokÃ©mon knowing Baton Pass
|rule|Sleep Clause Mod: Limit one foe put to sleep
|rule|Species Clause: Limit one of each PokÃ©mon
|rule|OHKO Clause: OHKO moves are banned
|rule|Moody Clause: Moody is banned
|rule|Evasion Moves Clause: Evasion moves are banned
|rule|Endless Battle Clause: Forcing endless battles is banned
|rule|HP Percentage Mod: HP is shown in percentages
|teampreview
|c|âChillingtilnoon|gl fren'
|
|start
|switch|p1a: Victini|Victini|401\/401
|switch|p2a: Infernape|Infernape, M|293\/293
|turn|1
|
|move|p2a: Infernape|Stealth Rock|p1a: Victini
|-sidestart|p1: Chillingtilnoon|move: Stealth Rock
|move|p1a: Victini|U-turn|p2a: Infernape
|-resisted|p2a: Infernape
|-damage|p2a: Infernape|271\/293
|
|switch|p1a: Altaria|Altaria, F|353\/353
|-damage|p1a: Altaria|265\/353|[from] Stealth Rock
|
|turn|2
|
|switch|p2a: Metagross|Metagross|301\/301
|detailschange|p1a: Altaria|Altaria-Mega, F
|-mega|p1a: Altaria|Altaria|Altarianite
|move|p1a: Altaria|Hyper Voice|p2a: Metagross
|-resisted|p2a: Metagross
|-damage|p2a: Metagross|222\/301
|
|turn|3
|
|detailschange|p2a: Metagross|Metagross-Mega
|-mega|p2a: Metagross|Metagross|Metagrossite
|move|p2a: Metagross|Zen Headbutt|p1a: Altaria
|-damage|p1a: Altaria|79\/353
|move|p1a: Altaria|Fire Blast|p2a: Metagross
|-supereffective|p2a: Metagross
|-damage|p2a: Metagross|58\/301
|
|turn|4
|c|âMelody of Victory|jajaja
|c|âMelody of Victory|ya nadie predice
|c|âMelody of Victory|solo juegan a lo nuv
|
|move|p2a: Metagross|Hammer Arm|p1a: Altaria
|-resisted|p1a: Altaria
|-damage|p1a: Altaria|9\/353
|-unboost|p2a: Metagross|spe|1
|move|p1a: Altaria|Roost|p1a: Altaria
|-heal|p1a: Altaria|186\/353
|
|turn|5
|
|switch|p2a: Dragonite|Dragonite, M|323\/323
|switch|p1a: Ferrothorn|Ferrothorn, F|352\/352
|-damage|p1a: Ferrothorn|330\/352|[from] Stealth Rock
|
|-heal|p1a: Ferrothorn|352\/352|[from] item: Leftovers
|turn|6
|
|switch|p1a: Keldeo|Keldeo|323\/323
|-damage|p1a: Keldeo|303\/323|[from] Stealth Rock
|move|p2a: Dragonite|Fire Punch|p1a: Keldeo
|-resisted|p1a: Keldeo
|-damage|p1a: Keldeo|226\/323
|-status|p1a: Keldeo|brn
|
|-heal|p1a: Keldeo|246\/323 brn|[from] item: Leftovers
|-damage|p1a: Keldeo|206\/323 brn|[from] brn
|turn|7
|c|âChillingtilnoon|nu
|
|switch|p1a: Landorus-Therian|Landorus-Therian, M|382\/382
|-damage|p1a: Landorus-Therian|335\/382|[from] Stealth Rock
|-ability|p1a: Landorus-Therian|Intimidate|[of] p2a: Dragonite
|-unboost|p2a: Dragonite|atk|1
|switch|p2a: Infernape|Infernape, M|271\/293
|
|-heal|p1a: Landorus-Therian|358\/382|[from] item: Leftovers
|turn|8
|
|move|p2a: Infernape|Fire Blast|p1a: Landorus-Therian
|-damage|p1a: Landorus-Therian|153\/382
|move|p1a: Landorus-Therian|Earthquake|p2a: Infernape
|-supereffective|p2a: Infernape
|-damage|p2a: Infernape|0 fnt
|faint|p2a: Infernape
|
|-heal|p1a: Landorus-Therian|176\/382|[from] item: Leftovers
|
|switch|p2a: Thundurus|Thundurus, M|299\/299
|turn|9
|
|move|p2a: Thundurus|Thunderbolt|p1a: Landorus-Therian
|-immune|p1a: Landorus-Therian|[msg]
|move|p1a: Landorus-Therian|Stealth Rock|p2a: Thundurus
|-sidestart|p2: Melody of Victory|move: Stealth Rock
|
|-heal|p1a: Landorus-Therian|199\/382|[from] item: Leftovers
|turn|10
|c|âChillingtilnoon|nice
|
|move|p2a: Thundurus|Hidden Power|p1a: Landorus-Therian
|-supereffective|p1a: Landorus-Therian
|-damage|p1a: Landorus-Therian|0 fnt
|-damage|p2a: Thundurus|270\/299|[from] item: Life Orb
|faint|p1a: Landorus-Therian
|
|
|switch|p1a: Clefable|Clefable, M|394\/394
|turn|11
|
|move|p2a: Thundurus|Thunder Wave|p1a: Clefable
|-status|p1a: Clefable|par
|move|p1a: Clefable|Calm Mind|p1a: Clefable
|-boost|p1a: Clefable|spa|1
|-boost|p1a: Clefable|spd|1
|
|turn|12
|
|switch|p2a: Metagross|Metagross-Mega|58\/301
|-damage|p2a: Metagross|40\/301|[from] Stealth Rock
|move|p1a: Clefable|Moonblast|p2a: Metagross
|-crit|p2a: Metagross
|-resisted|p2a: Metagross
|-damage|p2a: Metagross|0 fnt
|faint|p2a: Metagross
|
|
|switch|p2a: Bisharp|Bisharp, M|271\/271
|-damage|p2a: Bisharp|255\/271|[from] Stealth Rock
|turn|13
|c|âChillingtilnoon|+1 0 SpA Clefable Moonblast vs. 0 HP \/ 4 SpD Mega Metagross: 67-80 (22.2 - 26.5%) -- 19.1% chance to 4HKO
|
|move|p2a: Bisharp|Iron Head|p1a: Clefable
|-supereffective|p1a: Clefable
|-damage|p1a: Clefable|66\/394 par
|-damage|p2a: Bisharp|228\/271|[from] item: Life Orb
|cant|p1a: Clefable|flinch
|
|-heal|p1a: Clefable|90\/394 par|[from] item: Leftovers
|turn|14
|c|âChillingtilnoon|:(
|
|move|p2a: Bisharp|Knock Off|p1a: Clefable
|-resisted|p1a: Clefable
|-damage|p1a: Clefable|0 fnt
|-enditem|p1a: Clefable|Leftovers|[from] move: Knock Off|[of] p2a: Bisharp
|-damage|p2a: Bisharp|201\/271|[from] item: Life Orb
|faint|p1a: Clefable
|
|
|switch|p1a: Keldeo|Keldeo|206\/323 brn
|-damage|p1a: Keldeo|186\/323 brn|[from] Stealth Rock
|turn|15
|
|switch|p2a: Dragonite|Dragonite, M|323\/323
|-damage|p2a: Dragonite|243\/323|[from] Stealth Rock
|move|p1a: Keldeo|Scald|p2a: Dragonite
|-resisted|p2a: Dragonite
|-damage|p2a: Dragonite|175\/323
|
|-heal|p1a: Keldeo|206\/323 brn|[from] item: Leftovers
|-damage|p1a: Keldeo|166\/323 brn|[from] brn
|turn|16
|
|switch|p1a: Ferrothorn|Ferrothorn, F|352\/352
|-damage|p1a: Ferrothorn|330\/352|[from] Stealth Rock
|move|p2a: Dragonite|Earthquake|p1a: Ferrothorn
|-damage|p1a: Ferrothorn|205\/352
|
|-heal|p1a: Ferrothorn|227\/352|[from] item: Leftovers
|turn|17
|
|move|p2a: Dragonite|Earthquake|p1a: Ferrothorn
|-damage|p1a: Ferrothorn|103\/352
|move|p1a: Ferrothorn|Leech Seed|p2a: Dragonite
|-start|p2a: Dragonite|move: Leech Seed
|
|-heal|p1a: Ferrothorn|125\/352|[from] item: Leftovers
|-damage|p2a: Dragonite|135\/323|[from] Leech Seed|[of] p1a: Ferrothorn
|-heal|p1a: Ferrothorn|165\/352|[silent]
|turn|18
|
|switch|p2a: Keldeo-Resolute|Keldeo-Resolute|323\/323
|-damage|p2a: Keldeo-Resolute|303\/323|[from] Stealth Rock
|move|p1a: Ferrothorn|Thunder Wave|p2a: Keldeo-Resolute
|-status|p2a: Keldeo-Resolute|par
|
|-heal|p1a: Ferrothorn|187\/352|[from] item: Leftovers
|turn|19
|
|switch|p1a: Altaria|Altaria-Mega, F|186\/353
|-damage|p1a: Altaria|142\/353|[from] Stealth Rock
|move|p2a: Keldeo-Resolute|Secret Sword|p1a: Altaria
|-resisted|p1a: Altaria
|-damage|p1a: Altaria|70\/353
|
|turn|20
|
|switch|p2a: Dragonite|Dragonite, M|135\/323
|-damage|p2a: Dragonite|55\/323|[from] Stealth Rock
|move|p1a: Altaria|Roost|p1a: Altaria
|-heal|p1a: Altaria|247\/353
|
|turn|21
|
|move|p2a: Dragonite|Extreme Speed|p1a: Altaria
|-damage|p1a: Altaria|115\/353
|move|p1a: Altaria|Roost|p1a: Altaria
|-heal|p1a: Altaria|292\/353
|
|turn|22
|
|move|p2a: Dragonite|Extreme Speed|p1a: Altaria
|-damage|p1a: Altaria|145\/353
|move|p1a: Altaria|Roost|p1a: Altaria
|-heal|p1a: Altaria|322\/353
|
|turn|23
|
|switch|p2a: Bisharp|Bisharp, M|201\/271
|-damage|p2a: Bisharp|185\/271|[from] Stealth Rock
|move|p1a: Altaria|Roost|p1a: Altaria
|-heal|p1a: Altaria|353\/353
|
|turn|24
|
|switch|p1a: Ferrothorn|Ferrothorn, F|187\/352
|-damage|p1a: Ferrothorn|165\/352|[from] Stealth Rock
|move|p2a: Bisharp|Iron Head|p1a: Ferrothorn
|-resisted|p1a: Ferrothorn
|-damage|p1a: Ferrothorn|103\/352
|-damage|p2a: Bisharp|152\/271|[from] ability: Iron Barbs|[of] p1a: Ferrothorn
|-damage|p2a: Bisharp|125\/271|[from] item: Life Orb
|
|-heal|p1a: Ferrothorn|125\/352|[from] item: Leftovers
|turn|25
|
|move|p2a: Bisharp|Knock Off|p1a: Ferrothorn
|-damage|p1a: Ferrothorn|0 fnt
|-damage|p2a: Bisharp|92\/271|[from] ability: Iron Barbs|[of] p1a: Ferrothorn
|-enditem|p1a: Ferrothorn|Leftovers|[from] move: Knock Off|[of] p2a: Bisharp
|-damage|p2a: Bisharp|65\/271|[from] item: Life Orb
|faint|p1a: Ferrothorn
|
|
|switch|p1a: Keldeo|Keldeo|166\/323 brn
|-damage|p1a: Keldeo|146\/323 brn|[from] Stealth Rock
|turn|26
|
|switch|p2a: Keldeo-Resolute|Keldeo-Resolute|303\/323 par
|-damage|p2a: Keldeo-Resolute|283\/323 par|[from] Stealth Rock
|move|p1a: Keldeo|Substitute|p1a: Keldeo
|-start|p1a: Keldeo|Substitute
|-damage|p1a: Keldeo|66\/323 brn
|
|-heal|p1a: Keldeo|86\/323 brn|[from] item: Leftovers
|-damage|p1a: Keldeo|46\/323 brn|[from] brn
|turn|27
|
|move|p1a: Keldeo|Secret Sword|p2a: Keldeo-Resolute
|-damage|p2a: Keldeo-Resolute|132\/323 par
|move|p2a: Keldeo-Resolute|Scald|p1a: Keldeo
|-resisted|p1a: Keldeo
|-end|p1a: Keldeo|Substitute
|
|-heal|p1a: Keldeo|66\/323 brn|[from] item: Leftovers
|-damage|p1a: Keldeo|26\/323 brn|[from] brn
|turn|28
|c|âChillingtilnoon|para here if real
|
|move|p1a: Keldeo|Secret Sword|p2a: Keldeo-Resolute
|-damage|p2a: Keldeo-Resolute|0 fnt
|faint|p2a: Keldeo-Resolute
|
|-heal|p1a: Keldeo|46\/323 brn|[from] item: Leftovers
|-damage|p1a: Keldeo|6\/323 brn|[from] brn
|c|âChillingtilnoon|:(
|
|switch|p2a: Thundurus|Thundurus, M|270\/299
|-damage|p2a: Thundurus|196\/299|[from] Stealth Rock
|turn|29
|
|move|p2a: Thundurus|Thunderbolt|p1a: Keldeo
|-supereffective|p1a: Keldeo
|-damage|p1a: Keldeo|0 fnt
|-damage|p2a: Thundurus|167\/299|[from] item: Life Orb
|faint|p1a: Keldeo
|
|
|switch|p1a: Altaria|Altaria-Mega, F|353\/353
|-damage|p1a: Altaria|309\/353|[from] Stealth Rock
|turn|30
|
|move|p2a: Thundurus|Thunder Wave|p1a: Altaria
|-status|p1a: Altaria|par
|move|p1a: Altaria|Hyper Voice|p2a: Thundurus
|-damage|p2a: Thundurus|0 fnt
|faint|p2a: Thundurus
|
|c|âChillingtilnoon|NO CANCEL
|c|âChillingtilnoon|NO
|
|switch|p2a: Dragonite|Dragonite, M|55\/323
|-damage|p2a: Dragonite|0 fnt|[from] Stealth Rock
|faint|p2a: Dragonite
|
|switch|p2a: Bisharp|Bisharp, M|65\/271
|-damage|p2a: Bisharp|49\/271|[from] Stealth Rock
|turn|31
|
|move|p2a: Bisharp|Knock Off|p1a: Altaria
|-resisted|p1a: Altaria
|-damage|p1a: Altaria|240\/353 par
|-damage|p2a: Bisharp|22\/271|[from] item: Life Orb
|move|p1a: Altaria|Roost|p1a: Altaria
|-heal|p1a: Altaria|353\/353 par
|
|turn|32
|c|âChillingtilnoon|nice
|c|âChillingtilnoon|gg fren
|c|âMelody of Victory|que asco
|c|âChillingtilnoon|50\/50 2 strong
|c|âMelody of Victory|para que predigo
|
|move|p2a: Bisharp|Iron Head|p1a: Altaria
|-supereffective|p1a: Altaria
|-damage|p1a: Altaria|33\/353 par
|-damage|p2a: Bisharp|0 fnt|[from] item: Life Orb
|faint|p2a: Bisharp
|
|win|Chillingtilnoon
|raw|Ladder updating...
|raw|Chillingtilnoon's rating: 1476 &rarr; <strong>1499<\/strong><br \/>(+23 for winning)
|raw|Melody of Victory's rating: 1536 &rarr; <strong>1512<\/strong><br \/>(-24 for losing)
|c|âMelody of Victory|desdel principio
|c|âMelody of Victory|me jodiste
|c|âMelody of Victory|hijo de puta
|c|âMelody of Victory|no sabes ni jugar
|c|âMelody of Victory|dejas a altaria delante de metacross
|c|âMelody of Victory|dos veces
|c|âMelody of Victory|no te deseo mal pero ojala te violen
|c|âMelody of Victory|traducelo mierda
|leave|Melody of Victory
|player|p2