|join|Chillingtilnoon
|join|Qubae
|player|p1|Chillingtilnoon|237
|player|p2|Qubae|148
|gametype|singles
|gen|6
|tier|OU
|clearpoke
|poke|p1|Dragalge, F
|poke|p1|Heatran, F
|poke|p1|Celebi
|poke|p1|Tyranitar, F
|poke|p1|Starmie
|poke|p1|Clefable, M
|poke|p2|Lopunny, F
|poke|p2|Ferrothorn, F
|poke|p2|Landorus-Therian, M
|poke|p2|Rotom-Wash
|poke|p2|Clefable, F
|poke|p2|Latios, M
|rule|Swagger Clause: Swagger is banned
|rule|Baton Pass Clause: Limit one PokÃ©mon knowing Baton Pass
|rule|Sleep Clause Mod: Limit one foe put to sleep
|rule|Species Clause: Limit one of each PokÃ©mon
|rule|OHKO Clause: OHKO moves are banned
|rule|Moody Clause: Moody is banned
|rule|Evasion Moves Clause: Evasion moves are banned
|rule|Endless Battle Clause: Forcing endless battles is banned
|rule|HP Percentage Mod: HP is shown in percentages
|teampreview
|
|start
|switch|p1a: Dragalge|Dragalge, F|303\/303
|switch|p2a: Landorus-Therian|Landorus-Therian, M|326\/326
|-ability|p2a: Landorus-Therian|Intimidate|[of] p1a: Dragalge
|-unboost|p1a: Dragalge|atk|1
|turn|1
|c|âChillingtilnoon|tbh i dont even know if it was an rmt
|c|âQubae|it wasn't
|c|âQubae|rof
|c|âQubae|btw
|c|âQubae|you have
|c|âChillingtilnoon|NOTHING
|c|âQubae|1 ground resist
|c|âChillingtilnoon|FOR THIS
|c|âQubae|rof
|c|âChillingtilnoon|LOL
|c|âQubae|0 immunes
|c|âQubae|lando-t
|c|âQubae|straight up
|
|move|p2a: Landorus-Therian|U-turn|p1a: Dragalge
|-resisted|p1a: Dragalge
|-damage|p1a: Dragalge|251\/303
|c|âQubae|annihalates this team
|
|switch|p2a: Clefable|Clefable, F|394\/394
|move|p1a: Dragalge|Toxic Spikes|p2a: Clefable
|-sidestart|p2: Qubae|move: Toxic Spikes
|
|-heal|p1a: Dragalge|269\/303|[from] item: Black Sludge
|turn|2
|c|âChillingtilnoon|nb
|
|move|p1a: Dragalge|Sludge Wave|p2a: Clefable
|-supereffective|p2a: Clefable
|-damage|p2a: Clefable|38\/394
|move|p2a: Clefable|Moonblast|p1a: Dragalge
|-damage|p1a: Dragalge|187\/303
|-unboost|p1a: Dragalge|spa|1
|
|-heal|p2a: Clefable|62\/394|[from] item: Leftovers
|-heal|p1a: Dragalge|205\/303|[from] item: Black Sludge
|turn|3
|c|âQubae|ouchie
|
|switch|p2a: Latios|Latios, M|301\/301
|move|p1a: Dragalge|Focus Blast|p2a: Latios
|-resisted|p2a: Latios
|-damage|p2a: Latios|261\/301
|
|-heal|p1a: Dragalge|223\/303|[from] item: Black Sludge
|turn|4
|c|âChillingtilnoon|lol
|c|âChillingtilnoon|that takes 60+ from sludge
|
|switch|p2a: Landorus-Therian|Landorus-Therian, M|326\/326
|-ability|p2a: Landorus-Therian|Intimidate|[of] p1a: Dragalge
|-unboost|p1a: Dragalge|atk|1
|switch|p1a: Heatran|Heatran, F|385\/385
|
|turn|5
|c|âQubae|o3o
|
|move|p1a: Heatran|Protect|p1a: Heatran
|-singleturn|p1a: Heatran|Protect
|move|p2a: Landorus-Therian|Earthquake|p1a: Heatran
|-activate|p1a: Heatran|Protect
|
|turn|6
|c|âQubae|why do you not fear
|c|âQubae|the eq
|
|move|p2a: Landorus-Therian|Earthquake|p1a: Heatran
|-supereffective|p1a: Heatran
|-damage|p1a: Heatran|0 fnt
|faint|p1a: Heatran
|
|
|switch|p1a: Celebi|Celebi|404\/404
|turn|7
|
|move|p2a: Landorus-Therian|Earthquake|p1a: Celebi
|-resisted|p1a: Celebi
|-damage|p1a: Celebi|330\/404
|move|p1a: Celebi|U-turn|p2a: Landorus-Therian
|-resisted|p2a: Landorus-Therian
|-damage|p2a: Landorus-Therian|304\/326
|
|switch|p1a: Starmie|Starmie|268\/268
|
|turn|8
|
|switch|p2a: Ferrothorn|Ferrothorn, F|352\/352
|switch|p1a: Celebi|Celebi|330\/404
|
|-heal|p1a: Celebi|355\/404|[from] item: Leftovers
|turn|9
|c|âQubae|if you're
|c|âQubae|tspikes drag
|
|switch|p1a: Starmie|Starmie|268\/268
|move|p2a: Ferrothorn|Stealth Rock|p1a: Starmie
|-sidestart|p1: Chillingtilnoon|move: Stealth Rock
|
|turn|10
|c|âQubae|i doubt you have hp fire
|
|move|p1a: Starmie|Hidden Power|p2a: Ferrothorn
|-supereffective|p2a: Ferrothorn
|-damage|p2a: Ferrothorn|123\/352
|-damage|p1a: Starmie|242\/268|[from] item: Life Orb
|move|p2a: Ferrothorn|Leech Seed|p1a: Starmie|[miss]
|-miss|p2a: Ferrothorn|p1a: Starmie
|
|-heal|p2a: Ferrothorn|145\/352|[from] item: Leftovers
|turn|11
|c|âQubae|sigh
|
|move|p1a: Starmie|Hidden Power|p2a: Ferrothorn
|-supereffective|p2a: Ferrothorn
|-damage|p2a: Ferrothorn|0 fnt
|-damage|p1a: Starmie|216\/268|[from] item: Life Orb
|faint|p2a: Ferrothorn
|
|
|switch|p2a: Lopunny|Lopunny, F|272\/272
|-status|p2a: Lopunny|psn
|turn|12
|
|switch|p1a: Celebi|Celebi|355\/404
|-damage|p1a: Celebi|305\/404|[from] Stealth Rock
|detailschange|p2a: Lopunny|Lopunny-Mega, F
|-mega|p2a: Lopunny|Lopunny|Lopunnite
|move|p2a: Lopunny|Fake Out|p1a: Celebi
|-damage|p1a: Celebi|251\/404
|
|-heal|p1a: Celebi|276\/404|[from] item: Leftovers
|-damage|p2a: Lopunny|238\/272 psn|[from] psn
|turn|13
|
|move|p2a: Lopunny|Ice Punch|p1a: Celebi
|-crit|p1a: Celebi
|-supereffective|p1a: Celebi
|-damage|p1a: Celebi|56\/404
|move|p1a: Celebi|U-turn|p2a: Lopunny
|-resisted|p2a: Lopunny
|-damage|p2a: Lopunny|214\/272 psn
|c|âChillingtilnoon|lol
|c|âQubae|weak af
|c|âChillingtilnoon|return does more
|c|âChillingtilnoon|than ice punch
|c|âQubae|i didnt think you'd be
|c|âQubae|defensive cel
|
|switch|p1a: Clefable|Clefable, M|394\/394
|-damage|p1a: Clefable|345\/394|[from] Stealth Rock
|
|-heal|p1a: Clefable|369\/394|[from] item: Leftovers
|-damage|p2a: Lopunny|180\/272 psn|[from] psn
|turn|14
|c|âQubae|unaware... o3o
|
|switch|p2a: Clefable|Clefable, F|62\/394
|-status|p2a: Clefable|psn
|move|p1a: Clefable|Wish|p1a: Clefable
|
|-heal|p2a: Clefable|86\/394 psn|[from] item: Leftovers
|-heal|p1a: Clefable|393\/394|[from] item: Leftovers
|turn|15
|join|Biz
|
|move|p1a: Clefable|Moonblast|p2a: Clefable
|-damage|p2a: Clefable|0 fnt
|faint|p2a: Clefable
|
|-heal|p1a: Clefable|394\/394|[from] move: Wish|[wisher] Clefable
|
|switch|p2a: Latios|Latios, M|261\/301
|turn|16
|
|move|p2a: Latios|Psyshock|p1a: Clefable
|-damage|p1a: Clefable|187\/394
|-damage|p2a: Latios|231\/301|[from] item: Life Orb
|move|p1a: Clefable|Wish|p1a: Clefable
|
|-heal|p1a: Clefable|211\/394|[from] item: Leftovers
|turn|17
|
|move|p2a: Latios|Psyshock|p1a: Clefable
|-damage|p1a: Clefable|7\/394
|-damage|p2a: Latios|201\/301|[from] item: Life Orb
|move|p1a: Clefable|Moonblast|p2a: Latios
|-supereffective|p2a: Latios
|-damage|p2a: Latios|19\/301
|
|-heal|p1a: Clefable|204\/394|[from] move: Wish|[wisher] Clefable
|-heal|p1a: Clefable|228\/394|[from] item: Leftovers
|turn|18
|c|âQubae|sigh
|c|âQubae|min min
|
|move|p1a: Clefable|Protect|p1a: Clefable
|-singleturn|p1a: Clefable|Protect
|move|p2a: Latios|Defog|p1a: Clefable
|-activate|p1a: Clefable|Protect
|
|-heal|p1a: Clefable|252\/394|[from] item: Leftovers
|turn|19
|
|move|p2a: Latios|Psyshock|p1a: Clefable
|-damage|p1a: Clefable|69\/394
|-damage|p2a: Latios|0 fnt|[from] item: Life Orb
|faint|p2a: Latios
|move|p1a: Clefable|Wish|p1a: Clefable
|
|-heal|p1a: Clefable|93\/394|[from] item: Leftovers
|c|âQubae|or max max
|c|âQubae|\/me shrugs
|
|switch|p2a: Landorus-Therian|Landorus-Therian, M|304\/326
|-ability|p2a: Landorus-Therian|Intimidate|[of] p1a: Clefable
|-unboost|p1a: Clefable|atk|1
|turn|20
|c|âChillingtilnoon|\/me has very good clef sets
|
|move|p1a: Clefable|Protect|p1a: Clefable
|-singleturn|p1a: Clefable|Protect
|move|p2a: Landorus-Therian|Earthquake|p1a: Clefable
|-activate|p1a: Clefable|Protect
|
|-heal|p1a: Clefable|290\/394|[from] move: Wish|[wisher] Clefable
|-heal|p1a: Clefable|314\/394|[from] item: Leftovers
|turn|21
|c|âQubae|eff your clef sets
|
|move|p2a: Landorus-Therian|Earthquake|p1a: Clefable
|-damage|p1a: Clefable|107\/394
|move|p1a: Clefable|Moonblast|p2a: Landorus-Therian
|-damage|p2a: Landorus-Therian|169\/326
|
|-heal|p1a: Clefable|131\/394|[from] item: Leftovers
|turn|22
|c|âQubae|no wish..
|c|âQubae|\/me strokes beard
|c|âChillingtilnoon|\/me has a team very weak to the most common pokemon ever
|
|move|p1a: Clefable|Protect|p1a: Clefable
|-singleturn|p1a: Clefable|Protect
|move|p2a: Landorus-Therian|Earthquake|p1a: Clefable
|-activate|p1a: Clefable|Protect
|
|-heal|p1a: Clefable|155\/394|[from] item: Leftovers
|turn|23
|
|switch|p1a: Celebi|Celebi|56\/404
|-damage|p1a: Celebi|6\/404|[from] Stealth Rock
|move|p2a: Landorus-Therian|Earthquake|p1a: Celebi
|-resisted|p1a: Celebi
|-damage|p1a: Celebi|0 fnt
|faint|p1a: Celebi
|
|
|switch|p1a: Starmie|Starmie|216\/268
|-damage|p1a: Starmie|183\/268|[from] Stealth Rock
|turn|24
|
|move|p2a: Landorus-Therian|Earthquake|p1a: Starmie
|-damage|p1a: Starmie|0 fnt
|faint|p1a: Starmie
|
|
|switch|p1a: Tyranitar|Tyranitar, F|341\/341
|-damage|p1a: Tyranitar|299\/341|[from] Stealth Rock
|-weather|Sandstorm
|turn|25
|
|detailschange|p1a: Tyranitar|Tyranitar-Mega, F
|-mega|p1a: Tyranitar|Tyranitar|Tyranitarite
|move|p2a: Landorus-Therian|Earthquake|p1a: Tyranitar
|-supereffective|p1a: Tyranitar
|-damage|p1a: Tyranitar|23\/341
|move|p1a: Tyranitar|Ice Punch|p2a: Landorus-Therian
|-supereffective|p2a: Landorus-Therian
|-damage|p2a: Landorus-Therian|0 fnt
|faint|p2a: Landorus-Therian
|
|-weather|Sandstorm|[upkeep]
|c|âQubae|mega tar
|c|âQubae|I:I
|
|switch|p2a: Lopunny|Lopunny-Mega, F|180\/272 psn
|turn|26
|c|âChillingtilnoon|i wanted to use mega tar + dragalge + spin
|c|âChillingtilnoon|than i got this
|c|âQubae|mega tar is bad
|
|move|p2a: Lopunny|Return|p1a: Tyranitar
|-resisted|p1a: Tyranitar
|-damage|p1a: Tyranitar|0 fnt
|faint|p1a: Tyranitar
|
|-weather|Sandstorm|[upkeep]
|-damage|p2a: Lopunny|163\/272 psn|[from] sandstorm
|-damage|p2a: Lopunny|129\/272 psn|[from] psn
|
|switch|p1a: Dragalge|Dragalge, F|223\/303
|-damage|p1a: Dragalge|186\/303|[from] Stealth Rock
|turn|27
|
|move|p2a: Lopunny|Return|p1a: Dragalge
|-damage|p1a: Dragalge|0 fnt
|faint|p1a: Dragalge
|
|-weather|Sandstorm|[upkeep]
|-damage|p2a: Lopunny|112\/272 psn|[from] sandstorm
|-damage|p2a: Lopunny|78\/272 psn|[from] psn
|c|âQubae|G_G
|
|switch|p1a: Clefable|Clefable, M|155\/394
|-damage|p1a: Clefable|106\/394|[from] Stealth Rock
|turn|28
|
|move|p1a: Clefable|Protect|p1a: Clefable
|-singleturn|p1a: Clefable|Protect
|move|p2a: Lopunny|Return|p1a: Clefable
|-activate|p1a: Clefable|Protect
|
|-weather|Sandstorm|[upkeep]
|-damage|p2a: Lopunny|61\/272 psn|[from] sandstorm
|-damage|p1a: Clefable|82\/394|[from] sandstorm
|-heal|p1a: Clefable|106\/394|[from] item: Leftovers
|-damage|p2a: Lopunny|27\/272 psn|[from] psn
|turn|29
|c|âChillingtilnoon|gg fren
|c|âQubae|wow
|
|move|p1a: Clefable|Protect|p1a: Clefable
|-singleturn|p1a: Clefable|Protect
|move|p2a: Lopunny|Return|p1a: Clefable
|-activate|p1a: Clefable|Protect
|
|-weather|none
|-heal|p1a: Clefable|130\/394|[from] item: Leftovers
|-damage|p2a: Lopunny|0 fnt|[from] psn
|faint|p2a: Lopunny
|c|âQubae|i broke my
|c|âQubae|loss streak
|c|âQubae|sigh
|
|switch|p2a: Rotom-Wash|Rotom-Wash|304\/304
|turn|30
|
|move|p2a: Rotom-Wash|Hydro Pump|p1a: Clefable
|-damage|p1a: Clefable|9\/394
|move|p1a: Clefable|Wish|p1a: Clefable
|
|-heal|p1a: Clefable|33\/394|[from] item: Leftovers
|turn|31
|c|âQubae|why you gotta
|c|âQubae|damper my mood
|c|âQubae|sighhh
|
|move|p1a: Clefable|Protect|p1a: Clefable
|-singleturn|p1a: Clefable|Protect
|move|p2a: Rotom-Wash|Will-O-Wisp|p1a: Clefable
|-activate|p1a: Clefable|Protect
|
|-heal|p1a: Clefable|230\/394|[from] move: Wish|[wisher] Clefable
|-heal|p1a: Clefable|254\/394|[from] item: Leftovers
|turn|32
|c|âChillingtilnoon|\/me is simply the best
|
|move|p2a: Rotom-Wash|Will-O-Wisp|p1a: Clefable
|-status|p1a: Clefable|brn
|move|p1a: Clefable|Wish|p1a: Clefable
|
|-heal|p1a: Clefable|278\/394 brn|[from] item: Leftovers
|-damage|p1a: Clefable|229\/394 brn|[from] brn
|turn|33
|c|âQubae|>simply the best
|
|move|p2a: Rotom-Wash|Volt Switch|p1a: Clefable
|-damage|p1a: Clefable|142\/394 brn
|move|p1a: Clefable|Aromatherapy|p1a: Clefable
|-cureteam|p1a: Clefable|[from] move: Aromatherapy
|
|-heal|p1a: Clefable|339\/394|[from] move: Wish|[wisher] Clefable
|-heal|p1a: Clefable|363\/394|[from] item: Leftovers
|turn|34
|c|âQubae|oh cmon
|
|move|p2a: Rotom-Wash|Will-O-Wisp|p1a: Clefable
|-status|p1a: Clefable|brn
|move|p1a: Clefable|Moonblast|p2a: Rotom-Wash
|-damage|p2a: Rotom-Wash|207\/304
|
|-heal|p2a: Rotom-Wash|226\/304|[from] item: Leftovers
|-heal|p1a: Clefable|387\/394 brn|[from] item: Leftovers
|-damage|p1a: Clefable|338\/394 brn|[from] brn
|turn|35
|
|move|p2a: Rotom-Wash|Hydro Pump|p1a: Clefable
|-damage|p1a: Clefable|218\/394 brn
|move|p1a: Clefable|Moonblast|p2a: Rotom-Wash
|-damage|p2a: Rotom-Wash|120\/304
|-unboost|p2a: Rotom-Wash|spa|1
|
|-heal|p2a: Rotom-Wash|139\/304|[from] item: Leftovers
|-heal|p1a: Clefable|242\/394 brn|[from] item: Leftovers
|-damage|p1a: Clefable|193\/394 brn|[from] brn
|turn|36
|
|move|p2a: Rotom-Wash|Hydro Pump|p1a: Clefable
|-damage|p1a: Clefable|79\/394 brn
|move|p1a: Clefable|Wish|p1a: Clefable
|
|-heal|p2a: Rotom-Wash|158\/304|[from] item: Leftovers
|-heal|p1a: Clefable|103\/394 brn|[from] item: Leftovers
|-damage|p1a: Clefable|54\/394 brn|[from] brn
|turn|37
|
|move|p1a: Clefable|Protect|p1a: Clefable
|-singleturn|p1a: Clefable|Protect
|move|p2a: Rotom-Wash|Pain Split|p1a: Clefable
|-activate|p1a: Clefable|Protect
|
|-heal|p1a: Clefable|251\/394 brn|[from] move: Wish|[wisher] Clefable
|-heal|p2a: Rotom-Wash|177\/304|[from] item: Leftovers
|-heal|p1a: Clefable|275\/394 brn|[from] item: Leftovers
|-damage|p1a: Clefable|226\/394 brn|[from] brn
|turn|38
|
|move|p2a: Rotom-Wash|Hydro Pump|p1a: Clefable
|-damage|p1a: Clefable|105\/394 brn
|move|p1a: Clefable|Wish|p1a: Clefable
|
|-heal|p2a: Rotom-Wash|196\/304|[from] item: Leftovers
|-heal|p1a: Clefable|129\/394 brn|[from] item: Leftovers
|-damage|p1a: Clefable|80\/394 brn|[from] brn
|turn|39
|
|move|p1a: Clefable|Protect|p1a: Clefable
|-singleturn|p1a: Clefable|Protect
|move|p2a: Rotom-Wash|Volt Switch|p1a: Clefable
|-activate|p1a: Clefable|Protect
|
|-heal|p1a: Clefable|277\/394 brn|[from] move: Wish|[wisher] Clefable
|-heal|p2a: Rotom-Wash|215\/304|[from] item: Leftovers
|-heal|p1a: Clefable|301\/394 brn|[from] item: Leftovers
|-damage|p1a: Clefable|252\/394 brn|[from] brn
|turn|40
|
|move|p2a: Rotom-Wash|Volt Switch|p1a: Clefable
|-damage|p1a: Clefable|176\/394 brn
|move|p1a: Clefable|Wish|p1a: Clefable
|
|-heal|p2a: Rotom-Wash|234\/304|[from] item: Leftovers
|-heal|p1a: Clefable|200\/394 brn|[from] item: Leftovers
|-damage|p1a: Clefable|151\/394 brn|[from] brn
|turn|41
|
|move|p2a: Rotom-Wash|Hydro Pump|p1a: Clefable
|-damage|p1a: Clefable|19\/394 brn
|move|p1a: Clefable|Aromatherapy|p1a: Clefable
|-cureteam|p1a: Clefable|[from] move: Aromatherapy
|
|-heal|p1a: Clefable|216\/394|[from] move: Wish|[wisher] Clefable
|-heal|p2a: Rotom-Wash|253\/304|[from] item: Leftovers
|-heal|p1a: Clefable|240\/394|[from] item: Leftovers
|turn|42
|c|âQubae|sighhhh
|
|move|p2a: Rotom-Wash|Will-O-Wisp|p1a: Clefable
|-status|p1a: Clefable|brn
|move|p1a: Clefable|Wish|p1a: Clefable
|
|-heal|p2a: Rotom-Wash|272\/304|[from] item: Leftovers
|-heal|p1a: Clefable|264\/394 brn|[from] item: Leftovers
|-damage|p1a: Clefable|215\/394 brn|[from] brn
|turn|43
|
|move|p2a: Rotom-Wash|Volt Switch|p1a: Clefable
|-damage|p1a: Clefable|139\/394 brn
|move|p1a: Clefable|Moonblast|p2a: Rotom-Wash
|-damage|p2a: Rotom-Wash|167\/304
|
|-heal|p1a: Clefable|336\/394 brn|[from] move: Wish|[wisher] Clefable
|-heal|p2a: Rotom-Wash|186\/304|[from] item: Leftovers
|-heal|p1a: Clefable|360\/394 brn|[from] item: Leftovers
|-damage|p1a: Clefable|311\/394 brn|[from] brn
|turn|44
|
|move|p2a: Rotom-Wash|Volt Switch|p1a: Clefable
|-damage|p1a: Clefable|238\/394 brn
|move|p1a: Clefable|Moonblast|p2a: Rotom-Wash
|-damage|p2a: Rotom-Wash|84\/304
|
|-heal|p2a: Rotom-Wash|103\/304|[from] item: Leftovers
|-heal|p1a: Clefable|262\/394 brn|[from] item: Leftovers
|-damage|p1a: Clefable|213\/394 brn|[from] brn
|turn|45
|
|move|p2a: Rotom-Wash|Volt Switch|p1a: Clefable
|-damage|p1a: Clefable|131\/394 brn
|move|p1a: Clefable|Wish|p1a: Clefable
|
|-heal|p2a: Rotom-Wash|122\/304|[from] item: Leftovers
|-heal|p1a: Clefable|155\/394 brn|[from] item: Leftovers
|-damage|p1a: Clefable|106\/394 brn|[from] brn
|turn|46
|
|move|p1a: Clefable|Protect|p1a: Clefable
|-singleturn|p1a: Clefable|Protect
|move|p2a: Rotom-Wash|Volt Switch|p1a: Clefable
|-activate|p1a: Clefable|Protect
|
|-heal|p1a: Clefable|303\/394 brn|[from] move: Wish|[wisher] Clefable
|-heal|p2a: Rotom-Wash|141\/304|[from] item: Leftovers
|-heal|p1a: Clefable|327\/394 brn|[from] item: Leftovers
|-damage|p1a: Clefable|278\/394 brn|[from] brn
|turn|47
|
|move|p2a: Rotom-Wash|Volt Switch|p1a: Clefable
|-damage|p1a: Clefable|194\/394 brn
|move|p1a: Clefable|Wish|p1a: Clefable
|
|-heal|p2a: Rotom-Wash|160\/304|[from] item: Leftovers
|-heal|p1a: Clefable|218\/394 brn|[from] item: Leftovers
|-damage|p1a: Clefable|169\/394 brn|[from] brn
|turn|48
|
|move|p2a: Rotom-Wash|Volt Switch|p1a: Clefable
|-damage|p1a: Clefable|85\/394 brn
|move|p1a: Clefable|Moonblast|p2a: Rotom-Wash
|-damage|p2a: Rotom-Wash|55\/304
|-unboost|p2a: Rotom-Wash|spa|1
|
|-heal|p1a: Clefable|282\/394 brn|[from] move: Wish|[wisher] Clefable
|-heal|p2a: Rotom-Wash|74\/304|[from] item: Leftovers
|-heal|p1a: Clefable|306\/394 brn|[from] item: Leftovers
|-damage|p1a: Clefable|257\/394 brn|[from] brn
|turn|49
|c|âQubae|idk
|
|move|p2a: Rotom-Wash|Pain Split|p1a: Clefable
|-sethp|p1a: Clefable|165\/394 brn|p2a: Rotom-Wash|165\/304|[from] move: Pain Split
|move|p1a: Clefable|Wish|p1a: Clefable
|
|-heal|p2a: Rotom-Wash|184\/304|[from] item: Leftovers
|-heal|p1a: Clefable|189\/394 brn|[from] item: Leftovers
|-damage|p1a: Clefable|140\/394 brn|[from] brn
|turn|50
|c|âQubae|i think i win
|c|âQubae|the stall war
|
|move|p2a: Rotom-Wash|Volt Switch|p1a: Clefable
|-damage|p1a: Clefable|67\/394 brn
|move|p1a: Clefable|Aromatherapy|p1a: Clefable
|-cureteam|p1a: Clefable|[from] move: Aromatherapy
|
|-heal|p1a: Clefable|264\/394|[from] move: Wish|[wisher] Clefable
|-heal|p2a: Rotom-Wash|203\/304|[from] item: Leftovers
|-heal|p1a: Clefable|288\/394|[from] item: Leftovers
|turn|51
|
|move|p2a: Rotom-Wash|Will-O-Wisp|p1a: Clefable
|-status|p1a: Clefable|brn
|move|p1a: Clefable|Moonblast|p2a: Rotom-Wash
|-damage|p2a: Rotom-Wash|101\/304
|
|-heal|p2a: Rotom-Wash|120\/304|[from] item: Leftovers
|-heal|p1a: Clefable|312\/394 brn|[from] item: Leftovers
|-damage|p1a: Clefable|263\/394 brn|[from] brn
|turn|52
|
|move|p2a: Rotom-Wash|Volt Switch|p1a: Clefable
|-damage|p1a: Clefable|179\/394 brn
|move|p1a: Clefable|Moonblast|p2a: Rotom-Wash
|-damage|p2a: Rotom-Wash|23\/304
|
|-heal|p2a: Rotom-Wash|42\/304|[from] item: Leftovers
|-heal|p1a: Clefable|203\/394 brn|[from] item: Leftovers
|-damage|p1a: Clefable|154\/394 brn|[from] brn
|turn|53
|c|âChillingtilnoon|gg
|
|move|p2a: Rotom-Wash|Pain Split|p1a: Clefable
|-sethp|p1a: Clefable|98\/394 brn|p2a: Rotom-Wash|98\/304|[from] move: Pain Split
|move|p1a: Clefable|Moonblast|p2a: Rotom-Wash
|-damage|p2a: Rotom-Wash|0 fnt
|faint|p2a: Rotom-Wash
|
|win|Chillingtilnoon
|c|âQubae|>gg
|leave|Qubae
|player|p2
|c|âChillingtilnoon|LOL
|leave|Biz