|join|Chillingtilnoon
|join|RustyEspur
|player|p1|Chillingtilnoon|6
|player|p2|RustyEspur|172
|gametype|singles
|gen|6
|tier|OU (suspect test)
|rated
|clearpoke
|poke|p1|Landorus-Therian, M
|poke|p1|Excadrill, M
|poke|p1|Talonflame, M
|poke|p1|Diancie
|poke|p1|Celebi
|poke|p1|Keldeo
|poke|p2|Diancie
|poke|p2|Gyarados, M
|poke|p2|Thundurus, M
|poke|p2|Terrakion
|poke|p2|Azumarill, M
|poke|p2|Latios, M
|rule|Swagger Clause: Swagger is banned
|rule|Baton Pass Clause: Limit one PokÃ©mon knowing Baton Pass
|rule|Sleep Clause Mod: Limit one foe put to sleep
|rule|Species Clause: Limit one of each PokÃ©mon
|rule|OHKO Clause: OHKO moves are banned
|rule|Moody Clause: Moody is banned
|rule|Evasion Moves Clause: Evasion moves are banned
|rule|Endless Battle Clause: Forcing endless battles is banned
|rule|HP Percentage Mod: HP is shown in percentages
|teampreview
|
|start
|switch|p1a: Landorus-Therian|Landorus-Therian, M|319\/319
|switch|p2a: Azumarill|Azumarill, M|343\/343
|-ability|p1a: Landorus-Therian|Intimidate|[of] p2a: Azumarill
|-unboost|p2a: Azumarill|atk|1
|turn|1
|
|move|p1a: Landorus-Therian|U-turn|p2a: Azumarill
|-resisted|p2a: Azumarill
|-damage|p2a: Azumarill|291\/343
|
|switch|p1a: Celebi|Celebi|362\/362
|move|p2a: Azumarill|Waterfall|p1a: Celebi
|-resisted|p1a: Celebi
|-damage|p1a: Celebi|307\/362
|
|-heal|p1a: Celebi|329\/362|[from] item: Leftovers
|turn|2
|
|switch|p2a: Latios|Latios, M|301\/301
|move|p1a: Celebi|Nasty Plot|p1a: Celebi
|-boost|p1a: Celebi|spa|2
|
|-heal|p1a: Celebi|351\/362|[from] item: Leftovers
|turn|3
|
|move|p2a: Latios|Trick|p1a: Celebi
|-activate|p2a: Latios|move: Trick|[of] p1a: Celebi
|-item|p1a: Celebi|Choice Scarf|[from] move: Trick
|-item|p2a: Latios|Leftovers|[from] move: Trick
|move|p1a: Celebi|Baton Pass|p1a: Celebi
|
|switch|p1a: Diancie|Diancie|241\/241
|
|turn|4
|
|detailschange|p1a: Diancie|Diancie-Mega
|-mega|p1a: Diancie|Diancie|Diancite
|move|p1a: Diancie|Protect|p1a: Diancie
|-singleturn|p1a: Diancie|Protect
|move|p2a: Latios|Psyshock|p1a: Diancie
|-activate|p1a: Diancie|Protect
|
|turn|5
|
|move|p2a: Latios|Psyshock|p1a: Diancie
|-damage|p1a: Diancie|118\/241
|move|p1a: Diancie|Moonblast|p2a: Latios
|-supereffective|p2a: Latios
|-damage|p2a: Latios|0 fnt
|faint|p2a: Latios
|
|
|switch|p2a: Azumarill|Azumarill, M|291\/343
|turn|6
|
|move|p2a: Azumarill|Aqua Jet|p1a: Diancie
|-supereffective|p1a: Diancie
|-damage|p1a: Diancie|0 fnt
|faint|p1a: Diancie
|
|
|switch|p1a: Celebi|Celebi|351\/362
|turn|7
|
|switch|p2a: Gyarados|Gyarados, M|331\/331
|-ability|p2a: Gyarados|Intimidate|[of] p1a: Celebi
|-unboost|p1a: Celebi|atk|1
|move|p1a: Celebi|Baton Pass|p1a: Celebi
|
|switch|p1a: Landorus-Therian|Landorus-Therian, M|319\/319
|-ability|p1a: Landorus-Therian|Intimidate|[of] p2a: Gyarados
|-unboost|p2a: Gyarados|atk|1
|
|turn|8
|
|move|p1a: Landorus-Therian|Stone Edge|p2a: Gyarados
|-supereffective|p2a: Gyarados
|-damage|p2a: Gyarados|109\/331
|move|p2a: Gyarados|Dragon Dance|p2a: Gyarados
|-boost|p2a: Gyarados|atk|1
|-boost|p2a: Gyarados|spe|1
|
|turn|9
|
|move|p1a: Landorus-Therian|Stone Edge|p2a: Gyarados
|-supereffective|p2a: Gyarados
|-damage|p2a: Gyarados|0 fnt
|faint|p2a: Gyarados
|
|
|switch|p2a: Terrakion|Terrakion|323\/323
|turn|10
|
|switch|p1a: Celebi|Celebi|351\/362
|move|p2a: Terrakion|Stealth Rock|p1a: Celebi
|-sidestart|p1: Chillingtilnoon|move: Stealth Rock
|
|turn|11
|
|switch|p2a: Thundurus|Thundurus, M|299\/299
|move|p1a: Celebi|Giga Drain|p2a: Thundurus
|-resisted|p2a: Thundurus
|-damage|p2a: Thundurus|241\/299
|-heal|p1a: Celebi|362\/362|[from] drain|[of] p2a: Thundurus
|
|turn|12
|
|switch|p1a: Excadrill|Excadrill, M|362\/362
|-damage|p1a: Excadrill|351\/362|[from] Stealth Rock
|-ability|p1a: Excadrill|Mold Breaker
|move|p2a: Thundurus|Focus Blast|p1a: Excadrill
|-supereffective|p1a: Excadrill
|-damage|p1a: Excadrill|0 fnt
|-damage|p2a: Thundurus|212\/299|[from] item: Life Orb
|faint|p1a: Excadrill
|
|
|switch|p1a: Landorus-Therian|Landorus-Therian, M|319\/319
|-damage|p1a: Landorus-Therian|280\/319|[from] Stealth Rock
|-ability|p1a: Landorus-Therian|Intimidate|[of] p2a: Thundurus
|-unboost|p2a: Thundurus|atk|1
|turn|13
|
|switch|p2a: Diancie|Diancie|260\/260
|move|p1a: Landorus-Therian|U-turn|p2a: Diancie
|-resisted|p2a: Diancie
|-damage|p2a: Diancie|230\/260
|
|switch|p1a: Keldeo|Keldeo|323\/323
|-damage|p1a: Keldeo|303\/323|[from] Stealth Rock
|
|turn|14
|
|switch|p2a: Azumarill|Azumarill, M|291\/343
|move|p1a: Keldeo|Hydro Pump|p2a: Azumarill|[miss]
|-miss|p1a: Keldeo|p2a: Azumarill
|
|turn|15
|
|switch|p1a: Celebi|Celebi|362\/362
|-damage|p1a: Celebi|317\/362|[from] Stealth Rock
|move|p2a: Azumarill|Play Rough|p1a: Celebi
|-damage|p1a: Celebi|152\/362
|
|turn|16
|
|move|p1a: Celebi|Giga Drain|p2a: Azumarill
|-supereffective|p2a: Azumarill
|-damage|p2a: Azumarill|175\/343
|-heal|p1a: Celebi|210\/362|[from] drain|[of] p2a: Azumarill
|move|p2a: Azumarill|Play Rough|p1a: Celebi
|-damage|p1a: Celebi|35\/362
|
|turn|17
|
|switch|p2a: Thundurus|Thundurus, M|212\/299
|move|p1a: Celebi|Giga Drain|p2a: Thundurus
|-resisted|p2a: Thundurus
|-damage|p2a: Thundurus|150\/299
|-heal|p1a: Celebi|66\/362|[from] drain|[of] p2a: Thundurus
|
|turn|18
|
|move|p1a: Celebi|Giga Drain|p2a: Thundurus
|-resisted|p2a: Thundurus
|-damage|p2a: Thundurus|88\/299
|-heal|p1a: Celebi|97\/362|[from] drain|[of] p2a: Thundurus
|move|p2a: Thundurus|Hidden Power|p1a: Celebi
|-supereffective|p1a: Celebi
|-damage|p1a: Celebi|0 fnt
|-damage|p2a: Thundurus|59\/299|[from] item: Life Orb
|faint|p1a: Celebi
|
|
|switch|p1a: Landorus-Therian|Landorus-Therian, M|280\/319
|-damage|p1a: Landorus-Therian|241\/319|[from] Stealth Rock
|-ability|p1a: Landorus-Therian|Intimidate|[of] p2a: Thundurus
|-unboost|p2a: Thundurus|atk|1
|turn|19
|
|move|p1a: Landorus-Therian|U-turn|p2a: Thundurus
|-crit|p2a: Thundurus
|-resisted|p2a: Thundurus
|-damage|p2a: Thundurus|0 fnt
|faint|p2a: Thundurus
|
|switch|p1a: Keldeo|Keldeo|303\/323
|-damage|p1a: Keldeo|283\/323|[from] Stealth Rock
|
|
|switch|p2a: Azumarill|Azumarill, M|175\/343
|turn|20
|
|move|p1a: Keldeo|Scald|p2a: Azumarill
|-resisted|p2a: Azumarill
|-damage|p2a: Azumarill|133\/343
|move|p2a: Azumarill|Play Rough|p1a: Keldeo
|-supereffective|p1a: Keldeo
|-damage|p1a: Keldeo|0 fnt
|faint|p1a: Keldeo
|
|
|switch|p1a: Talonflame|Talonflame, M|319\/319
|-damage|p1a: Talonflame|160\/319|[from] Stealth Rock
|turn|21
|
|switch|p2a: Diancie|Diancie|230\/260
|move|p1a: Talonflame|Brave Bird|p2a: Diancie
|-resisted|p2a: Diancie
|-damage|p2a: Diancie|167\/260
|-damage|p1a: Talonflame|139\/319|[from] recoil|[of] p2a: Diancie
|
|turn|22
|
|move|p1a: Talonflame|Brave Bird|p2a: Diancie
|-resisted|p2a: Diancie
|-damage|p2a: Diancie|105\/260
|-damage|p1a: Talonflame|119\/319|[from] recoil|[of] p2a: Diancie
|move|p2a: Diancie|Rock Polish|p2a: Diancie
|-boost|p2a: Diancie|spe|2
|
|turn|23
|
|detailschange|p2a: Diancie|Diancie-Mega
|-mega|p2a: Diancie|Diancie|Diancite
|move|p1a: Talonflame|Brave Bird|p2a: Diancie
|-resisted|p2a: Diancie
|-damage|p2a: Diancie|21\/260
|-damage|p1a: Talonflame|91\/319|[from] recoil|[of] p2a: Diancie
|move|p2a: Diancie|Diamond Storm|p1a: Talonflame
|-supereffective|p1a: Talonflame
|-damage|p1a: Talonflame|0 fnt
|-boost|p2a: Diancie|def|1
|faint|p1a: Talonflame
|
|c|âRustyEspur|gg
|
|switch|p1a: Landorus-Therian|Landorus-Therian, M|241\/319
|-damage|p1a: Landorus-Therian|202\/319|[from] Stealth Rock
|-ability|p1a: Landorus-Therian|Intimidate|[of] p2a: Diancie
|-unboost|p2a: Diancie|atk|1
|turn|24
|
|move|p2a: Diancie|Moonblast|p1a: Landorus-Therian
|-damage|p1a: Landorus-Therian|0 fnt
|faint|p1a: Landorus-Therian
|
|win|RustyEspur
|raw|Ladder updating...
|raw|Chillingtilnoon's rating: 1397 &rarr; <strong>1373<\/strong><br \/>(-24 for losing)
|raw|RustyEspur's rating: 1334 &rarr; <strong>1358<\/strong><br \/>(+24 for winning)
|c|âChillingtilnoon|gg
|leave|Chillingtilnoon
|player|p1