|join|wertzu
|join|Poke_Liam_Sucks
|player|p1|wertzu|7
|player|p2|Poke_Liam_Sucks|33
|gametype|singles
|gen|6
|tier|ORAS OU
|rated
|rule|Sleep Clause Mod: Limit one foe put to sleep
|rule|Species Clause: Limit one of each PokÃ©mon
|rule|OHKO Clause: OHKO moves are banned
|rule|Moody Clause: Moody is banned
|rule|Evasion Moves Clause: Evasion moves are banned
|rule|Endless Battle Clause: Forcing endless battles is banned
|rule|HP Percentage Mod: HP is shown in percentages
|clearpoke
|poke|p1|Suicune, shiny
|poke|p1|Latias, F
|poke|p1|Landorus-Therian, M
|poke|p1|Ferrothorn, M
|poke|p1|Rotom-Wash
|poke|p1|Chansey, F
|poke|p2|Sableye, M
|poke|p2|Klefki, M
|poke|p2|Gyarados, M
|poke|p2|Gliscor, M
|poke|p2|Heatran, F
|poke|p2|Milotic, M
|rule|Swagger Clause: Swagger is banned
|rule|Baton Pass Clause: Limit one PokÃ©mon knowing Baton Pass
|teampreview
|
|start
|switch|p1a: Rotom-Wash|Rotom-Wash|303\/303
|switch|p2a: Rupees|Sableye, M|304\/304
|turn|1
|
|detailschange|p2a: Rupees|Sableye-Mega, M
|message|Sableye has Mega Evolved into Mega Sableye!
|move|p2a: Rupees|Calm Mind|p2a: Rupees
|-boost|p2a: Rupees|spa|1
|-boost|p2a: Rupees|spd|1
|move|p1a: Rotom-Wash|Volt Switch|p2a: Rupees
|-damage|p2a: Rupees|255\/304
|
|switch|p1a: Landoman|Landorus-Therian, M|319\/319
|-ability|p1a: Landoman|Intimidate|[of] p2a: Rupees
|-unboost|p2a: Rupees|atk|1
|
|turn|2
|
|move|p1a: Landoman|U-turn|p2a: Rupees
|-damage|p2a: Rupees|188\/304
|
|switch|p1a: Chansey|Chansey, F|642\/642
|move|p2a: Rupees|Calm Mind|p2a: Rupees
|-boost|p2a: Rupees|spa|1
|-boost|p2a: Rupees|spd|1
|
|turn|3
|
|switch|p1a: Landoman|Landorus-Therian, M|319\/319
|-ability|p1a: Landoman|Intimidate|[of] p2a: Rupees
|-unboost|p2a: Rupees|atk|1
|move|p2a: Rupees|Recover|p2a: Rupees
|-heal|p2a: Rupees|304\/304
|
|turn|4
|
|move|p1a: Landoman|Earthquake|p2a: Rupees
|-damage|p2a: Rupees|163\/304
|move|p2a: Rupees|Dazzling Gleam|p1a: Landoman
|-damage|p1a: Landoman|176\/319
|
|turn|5
|
|move|p1a: Landoman|Earthquake|p2a: Rupees
|-damage|p2a: Rupees|30\/304
|move|p2a: Rupees|Recover|p2a: Rupees
|-heal|p2a: Rupees|182\/304
|
|turn|6
|
|move|p1a: Landoman|Earthquake|p2a: Rupees
|-damage|p2a: Rupees|34\/304
|move|p2a: Rupees|Recover|p2a: Rupees
|-heal|p2a: Rupees|186\/304
|
|turn|7
|c|âwertzu|go crit
|
|move|p1a: Landoman|Earthquake|p2a: Rupees
|-damage|p2a: Rupees|38\/304
|move|p2a: Rupees|Shadow Ball|p1a: Landoman
|-damage|p1a: Landoman|0 fnt
|faint|p1a: Landoman
|
|c|âwertzu|!calc
|raw|<div class="infobox">Pokemon Showdown! damage calculator. (Courtesy of Honko)<br \/>- <a href="https:\/\/pokemonshowdown.com\/damagecalc\/">Damage Calculator<\/a><\/div>
|
|switch|p1a: Latias|Latias, F|301\/301
|turn|8
|
|detailschange|p1a: Latias|Latias-Mega, F
|message|Latias has Mega Evolved into Mega Latias!
|move|p1a: Latias|Draco Meteor|p2a: Rupees
|-damage|p2a: Rupees|0 fnt
|-unboost|p1a: Latias|spa|2
|faint|p2a: Rupees
|
|
|switch|p2a: Erauqs|Klefki, M|318\/318
|turn|9
|
|switch|p1a: Chansey|Chansey, F|642\/642
|move|p2a: Erauqs|Light Screen|p2a: Erauqs
|-sidestart|p2: Poke_Liam_Sucks|move: Light Screen
|
|turn|10
|
|switch|p2a: Glistall|Gliscor, M|354\/354
|move|p1a: Chansey|Seismic Toss|p2a: Glistall
|-damage|p2a: Glistall|254\/354
|
|-status|p2a: Glistall|tox|[from] item: Toxic Orb
|turn|11
|
|move|p2a: Glistall|Knock Off|p1a: Chansey
|-damage|p1a: Chansey|548\/642
|-enditem|p1a: Chansey|Eviolite|[from] move: Knock Off|[of] p2a: Glistall
|move|p1a: Chansey|Seismic Toss|p2a: Glistall
|-damage|p2a: Glistall|154\/354 tox
|
|-heal|p2a: Glistall|198\/354 tox|[from] ability: Poison Heal
|turn|12
|
|move|p2a: Glistall|Stealth Rock|p1a: Chansey
|-sidestart|p1: wertzu|move: Stealth Rock
|move|p1a: Chansey|Seismic Toss|p2a: Glistall
|-damage|p2a: Glistall|98\/354 tox
|
|-heal|p2a: Glistall|142\/354 tox|[from] ability: Poison Heal
|turn|13
|
|move|p2a: Glistall|Substitute|p2a: Glistall
|-start|p2a: Glistall|Substitute
|-damage|p2a: Glistall|54\/354 tox
|move|p1a: Chansey|Seismic Toss|p2a: Glistall
|-end|p2a: Glistall|Substitute
|
|-heal|p2a: Glistall|98\/354 tox|[from] ability: Poison Heal
|turn|14
|
|switch|p2a: Erauqs|Klefki, M|318\/318
|move|p1a: Chansey|Seismic Toss|p2a: Erauqs
|-damage|p2a: Erauqs|218\/318
|
|turn|15
|
|move|p2a: Erauqs|Thunder Wave|p1a: Chansey
|-status|p1a: Chansey|par
|move|p1a: Chansey|Seismic Toss|p2a: Erauqs
|-damage|p2a: Erauqs|118\/318
|
|turn|16
|
|switch|p1a: Latias|Latias-Mega, F|301\/301
|-damage|p1a: Latias|264\/301|[from] Stealth Rock
|move|p2a: Erauqs|Reflect|p2a: Erauqs
|-sidestart|p2: Poke_Liam_Sucks|Reflect
|
|-sideend|p2: Poke_Liam_Sucks|move: Light Screen
|turn|17
|
|move|p2a: Erauqs|Light Screen|p2a: Erauqs
|-sidestart|p2: Poke_Liam_Sucks|move: Light Screen
|move|p1a: Latias|Defog|p2a: Erauqs
|-unboost|p2a: Erauqs|evasion|1
|-sideend|p2: Poke_Liam_Sucks|Reflect
|-sideend|p2: Poke_Liam_Sucks|Reflect|[from] move: Defog|[of] p2a: Erauqs
|-sideend|p2: Poke_Liam_Sucks|move: Light Screen
|-sideend|p2: Poke_Liam_Sucks|Light Screen|[from] move: Defog|[of] p2a: Erauqs
|-sideend|p1: wertzu|Stealth Rock|[from] move: Defog|[of] p1a: Latias
|
|turn|18
|
|switch|p1a: Chansey|Chansey, F|548\/642
|move|p2a: Erauqs|Dazzling Gleam|p1a: Chansey
|-damage|p1a: Chansey|491\/642
|
|turn|19
|
|move|p2a: Erauqs|Thunder Wave|p1a: Chansey
|-status|p1a: Chansey|par
|move|p1a: Chansey|Seismic Toss|p2a: Erauqs
|-damage|p2a: Erauqs|18\/318
|
|turn|20
|
|move|p2a: Erauqs|Reflect|p2a: Erauqs
|-sidestart|p2: Poke_Liam_Sucks|Reflect
|move|p1a: Chansey|Seismic Toss|p2a: Erauqs
|-damage|p2a: Erauqs|0 fnt
|faint|p2a: Erauqs
|
|
|switch|p2a: Sea God|Gyarados, M|332\/332
|-ability|p2a: Sea God|Intimidate|[of] p1a: Chansey
|-unboost|p1a: Chansey|atk|1
|turn|21
|
|switch|p1a: Rotom-Wash|Rotom-Wash|303\/303
|move|p2a: Sea God|Dragon Dance|p2a: Sea God
|-boost|p2a: Sea God|atk|1
|-boost|p2a: Sea God|spe|1
|
|turn|22
|
|move|p2a: Sea God|Substitute|p2a: Sea God
|-start|p2a: Sea God|Substitute
|-damage|p2a: Sea God|249\/332
|move|p1a: Rotom-Wash|Will-O-Wisp|p2a: Sea God
|
|-heal|p2a: Sea God|269\/332|[from] item: Leftovers
|turn|23
|
|move|p2a: Sea God|Dragon Dance|p2a: Sea God
|-boost|p2a: Sea God|atk|1
|-boost|p2a: Sea God|spe|1
|move|p1a: Rotom-Wash|Volt Switch|p2a: Sea God
|-supereffective|p2a: Sea God
|-end|p2a: Sea God|Substitute
|
|switch|p1a: Latias|Latias-Mega, F|264\/301
|
|-heal|p2a: Sea God|289\/332|[from] item: Leftovers
|turn|24
|
|move|p2a: Sea God|Substitute|p2a: Sea God
|-start|p2a: Sea God|Substitute
|-damage|p2a: Sea God|206\/332
|move|p1a: Latias|Psyshock|p2a: Sea God
|-end|p2a: Sea God|Substitute
|
|-heal|p2a: Sea God|226\/332|[from] item: Leftovers
|turn|25
|
|move|p2a: Sea God|Waterfall|p1a: Latias
|-resisted|p1a: Latias
|-damage|p1a: Latias|144\/301
|cant|p1a: Latias|flinch
|
|-heal|p2a: Sea God|246\/332|[from] item: Leftovers
|turn|26
|
|switch|p1a: Rotom-Wash|Rotom-Wash|303\/303
|move|p2a: Sea God|Substitute|p2a: Sea God
|-start|p2a: Sea God|Substitute
|-damage|p2a: Sea God|163\/332
|
|-heal|p2a: Sea God|183\/332|[from] item: Leftovers
|turn|27
|
|move|p2a: Sea God|Dragon Dance|p2a: Sea God
|-boost|p2a: Sea God|atk|1
|-boost|p2a: Sea God|spe|1
|move|p1a: Rotom-Wash|Volt Switch|p2a: Sea God
|-supereffective|p2a: Sea God
|-end|p2a: Sea God|Substitute
|c|âwertzu|of course there was that flinch <333
|
|switch|p1a: Latias|Latias-Mega, F|144\/301
|
|-heal|p2a: Sea God|203\/332|[from] item: Leftovers
|-sideend|p2: Poke_Liam_Sucks|Reflect
|turn|28
|c|âPoke_Liam_Sucks|ofc lol gotta love showdown!
|
|move|p2a: Sea God|Waterfall|p1a: Latias
|-resisted|p1a: Latias
|-damage|p1a: Latias|0 fnt
|faint|p1a: Latias
|
|-heal|p2a: Sea God|223\/332|[from] item: Leftovers
|
|switch|p1a: Rotom-Wash|Rotom-Wash|303\/303
|turn|29
|
|move|p2a: Sea God|Substitute|p2a: Sea God
|-start|p2a: Sea God|Substitute
|-damage|p2a: Sea God|140\/332
|move|p1a: Rotom-Wash|Volt Switch|p2a: Sea God
|-supereffective|p2a: Sea God
|-end|p2a: Sea God|Substitute
|
|switch|p1a: Suicune|Suicune, shiny|404\/404
|-ability|p1a: Suicune|Pressure
|
|-heal|p2a: Sea God|160\/332|[from] item: Leftovers
|turn|30
|
|move|p2a: Sea God|Substitute|p2a: Sea God
|-start|p2a: Sea God|Substitute
|-damage|p2a: Sea God|77\/332
|move|p1a: Suicune|Calm Mind|p1a: Suicune
|-boost|p1a: Suicune|spa|1
|-boost|p1a: Suicune|spd|1
|
|-heal|p2a: Sea God|97\/332|[from] item: Leftovers
|turn|31
|
|move|p2a: Sea God|Dragon Dance|p2a: Sea God
|-boost|p2a: Sea God|atk|1
|-boost|p2a: Sea God|spe|1
|move|p1a: Suicune|Scald|p2a: Sea God
|-resisted|p2a: Sea God
|-activate|p2a: Sea God|Substitute|[damage]
|
|-heal|p2a: Sea God|117\/332|[from] item: Leftovers
|turn|32
|
|move|p2a: Sea God|Dragon Dance|p2a: Sea God
|-boost|p2a: Sea God|atk|1
|-boost|p2a: Sea God|spe|1
|move|p1a: Suicune|Scald|p2a: Sea God
|-resisted|p2a: Sea God
|-end|p2a: Sea God|Substitute
|
|-heal|p2a: Sea God|137\/332|[from] item: Leftovers
|turn|33
|
|move|p2a: Sea God|Earthquake|p1a: Suicune
|-damage|p1a: Suicune|135\/404
|move|p1a: Suicune|Calm Mind|p1a: Suicune
|-boost|p1a: Suicune|spa|1
|-boost|p1a: Suicune|spd|1
|
|-heal|p2a: Sea God|157\/332|[from] item: Leftovers
|-heal|p1a: Suicune|160\/404|[from] item: Leftovers
|turn|34
|
|move|p2a: Sea God|Earthquake|p1a: Suicune
|-damage|p1a: Suicune|0 fnt
|faint|p1a: Suicune
|
|-heal|p2a: Sea God|177\/332|[from] item: Leftovers
|
|switch|p1a: Rotom-Wash|Rotom-Wash|303\/303
|turn|35
|
|move|p2a: Sea God|Substitute|p2a: Sea God
|-start|p2a: Sea God|Substitute
|-damage|p2a: Sea God|94\/332
|move|p1a: Rotom-Wash|Volt Switch|p2a: Sea God
|-supereffective|p2a: Sea God
|-end|p2a: Sea God|Substitute
|
|switch|p1a: Ferrothorn|Ferrothorn, M|352\/352
|
|-heal|p2a: Sea God|114\/332|[from] item: Leftovers
|turn|36
|
|move|p2a: Sea God|Substitute|p2a: Sea God
|-start|p2a: Sea God|Substitute
|-damage|p2a: Sea God|31\/332
|move|p1a: Ferrothorn|Power Whip|p2a: Sea God
|-end|p2a: Sea God|Substitute
|
|-heal|p2a: Sea God|51\/332|[from] item: Leftovers
|turn|37
|
|switch|p1a: Rotom-Wash|Rotom-Wash|303\/303
|move|p2a: Sea God|Earthquake|p1a: Rotom-Wash
|-immune|p1a: Rotom-Wash|[msg]
|
|-heal|p2a: Sea God|71\/332|[from] item: Leftovers
|turn|38
|
|move|p2a: Sea God|Waterfall|p1a: Rotom-Wash
|-resisted|p1a: Rotom-Wash
|-damage|p1a: Rotom-Wash|129\/303
|cant|p1a: Rotom-Wash|flinch
|
|-heal|p2a: Sea God|91\/332|[from] item: Leftovers
|-heal|p1a: Rotom-Wash|147\/303|[from] item: Leftovers
|turn|39
|c|âwertzu|YGHJKZÃJREFWDFTEGIOU
|c|âwertzu|RDTUIFKZLÃOUIUTZSHKUILTOÃ
|c|âwertzu|DZUIOPUIUOPO
|c|âwertzu|XGRFDJZUOIPDSUIOTP
|c|âwertzu|HXFDGZIPOUIDIOTPZ
|c|âwertzu|XHUKIZLOUPIOIUTDSIOTZPU
|c|âwertzu|JXLKÃHIÃ'LKUHTTLKZÃLIÃOP
|c|âPoke_Liam_Sucks|LOL
|c|âwertzu|KZFDZUITOUPÃUFKZDTHSGEARH
|c|âwertzu|LZFJKOGZIUÃ*ZLHTSAHEFRHKTLUZI+
|c|âwertzu|#
|c|âwertzu|ZDTUIOUPITZDSTIZIOÃP
|c|âwertzu|ZKLUZÃIÃOIPOILUFKOIPZI
|c|âwertzu|XJFHLKUZIÃOO'ÃIUGTHUTIZLOI
|c|âwertzu|#HXJZIOUPIPUIZTDSRTOUIPZUIP
|c|âwertzu|UUFZGIOPUOÃOIUIZFDTZRSTIUOP
|
|switch|p1a: Ferrothorn|Ferrothorn, M|352\/352
|move|p2a: Sea God|Waterfall|p1a: Ferrothorn
|-resisted|p1a: Ferrothorn
|-damage|p1a: Ferrothorn|169\/352
|-damage|p2a: Sea God|50\/332|[from] ability: Iron Barbs|[of] p1a: Ferrothorn
|
|-heal|p2a: Sea God|70\/332|[from] item: Leftovers
|turn|40
|c|âwertzu|fuck u just fuck u
|
|move|p2a: Sea God|Waterfall|p1a: Ferrothorn
|-resisted|p1a: Ferrothorn
|-damage|p1a: Ferrothorn|0 fnt
|-damage|p2a: Sea God|29\/332|[from] ability: Iron Barbs|[of] p1a: Ferrothorn
|faint|p1a: Ferrothorn
|
|-heal|p2a: Sea God|49\/332|[from] item: Leftovers
|
|switch|p1a: Chansey|Chansey, F|491\/642
|turn|41
|
|move|p2a: Sea God|Waterfall|p1a: Chansey
|-damage|p1a: Chansey|0 fnt
|faint|p1a: Chansey
|
|-heal|p2a: Sea God|69\/332|[from] item: Leftovers
|c|âwertzu|hope u die soon
|-message|wertzu forfeited.
|
|win|Poke_Liam_Sucks
|raw|Ladder updating...
|leave|wertzu
|player|p1
|raw|wertzu's rating: 1303 &rarr; <strong>1282<\/strong><br \/>(-21 for losing)
|raw|Poke_Liam_Sucks's rating: 1286 &rarr; <strong>1312<\/strong><br \/>(+26 for winning)