|join|wertzu
|join|megavector00
|player|p1|wertzu|7
|player|p2|megavector00|80
|gametype|singles
|gen|6
|tier|ORAS OU
|rated
|rule|Sleep Clause Mod: Limit one foe put to sleep
|rule|Species Clause: Limit one of each PokÃ©mon
|rule|OHKO Clause: OHKO moves are banned
|rule|Moody Clause: Moody is banned
|rule|Evasion Moves Clause: Evasion moves are banned
|rule|Endless Battle Clause: Forcing endless battles is banned
|rule|HP Percentage Mod: HP is shown in percentages
|clearpoke
|poke|p1|Beedrill, M
|poke|p2|Garchomp, L50, M
|poke|p2|Magmortar, L50, M
|poke|p2|Rhyperior, L50, M
|poke|p2|Toxicroak, L50, M
|poke|p2|Sharpedo, L50, M
|poke|p2|Steelix, L50, M
|rule|Swagger Clause: Swagger is banned
|rule|Baton Pass Clause: Limit one PokÃ©mon knowing Baton Pass
|teampreview
|
|start
|switch|p1a: Beedrill|Beedrill, M|271\/271
|switch|p2a: Sharpedo|Sharpedo, L50, M|146\/146
|turn|1
|join|VomBauernLand
|
|detailschange|p1a: Beedrill|Beedrill-Mega, M
|message|Beedrill has Mega Evolved into Mega Beedrill!
|move|p1a: Beedrill|Protect|p1a: Beedrill
|-singleturn|p1a: Beedrill|Protect
|move|p2a: Sharpedo|Protect|p2a: Sharpedo
|-fail|p2a: Sharpedo
|
|-boost|p2a: Sharpedo|spe|1|[from] ability: Speed Boost
|turn|2
|
|detailschange|p2a: Sharpedo|Sharpedo-Mega, L50, M
|message|Sharpedo has Mega Evolved into Mega Sharpedo!
|move|p1a: Beedrill|Struggle Bug|p2a: Sharpedo
|-supereffective|p2a: Sharpedo
|-damage|p2a: Sharpedo|0 fnt
|faint|p2a: Sharpedo
|
|c|âwertzu|haha XDD
|
|switch|p2a: Magmortar|Magmortar, L50, M|151\/151
|turn|3
|
|move|p1a: Beedrill|Protect|p1a: Beedrill
|-singleturn|p1a: Beedrill|Protect
|move|p2a: Magmortar|Flamethrower|p1a: Beedrill
|-activate|p1a: Beedrill|Protect
|
|turn|4
|c| VomBauernLand|rofl
|
|move|p1a: Beedrill|Sludge Bomb|p2a: Magmortar
|-crit|p2a: Magmortar
|-damage|p2a: Magmortar|0 fnt
|faint|p2a: Magmortar
|
|c|âwertzu|rofl
|c|âwertzu|XDDDDDDD
|c| VomBauernLand|lol
|
|switch|p2a: Rhyperior|Rhyperior, L50, M|201\/201
|turn|5
|c| VomBauernLand|lv50 op
|
|move|p1a: Beedrill|Giga Drain|p2a: Rhyperior
|-supereffective|p2a: Rhyperior
|-damage|p2a: Rhyperior|51\/201
|move|p2a: Rhyperior|Stone Edge|p1a: Beedrill
|-supereffective|p1a: Beedrill
|-damage|p1a: Beedrill|83\/271
|
|turn|6
|c|âwertzu|nooooin
|c| VomBauernLand|ROFL
|c|âwertzu|hmm
|
|move|p1a: Beedrill|Giga Drain|p2a: Rhyperior
|-supereffective|p2a: Rhyperior
|-damage|p2a: Rhyperior|0 fnt
|-heal|p1a: Beedrill|109\/271|[from] drain|[of] p2a: Rhyperior
|faint|p2a: Rhyperior
|
|c|âwertzu|dafuq
|
|switch|p2a: Toxicroak|Toxicroak, L50, M|190\/190
|turn|7
|c|âwertzu|iwas stimmt ned
|c|âwertzu| ._.
|
|move|p1a: Beedrill|Protect|p1a: Beedrill
|-singleturn|p1a: Beedrill|Protect
|move|p2a: Toxicroak|Sucker Punch|p1a: Beedrill
|-fail|p1a: Beedrill
|
|turn|8
|c|âwertzu|das kann iwie ned sein
|
|move|p2a: Toxicroak|Sucker Punch|p1a: Beedrill
|-damage|p1a: Beedrill|59\/271
|move|p1a: Beedrill|Sludge Bomb|p2a: Toxicroak
|-resisted|p2a: Toxicroak
|-damage|p2a: Toxicroak|75\/190
|
|-heal|p2a: Toxicroak|86\/190|[from] item: Black Sludge
|turn|9
|c|âmegavector00|does it have defense?
|
|move|p2a: Toxicroak|Sucker Punch|p1a: Beedrill
|-damage|p1a: Beedrill|11\/271
|move|p1a: Beedrill|Sludge Bomb|p2a: Toxicroak
|-resisted|p2a: Toxicroak
|-damage|p2a: Toxicroak|0 fnt
|faint|p2a: Toxicroak
|
|c|âwertzu|no 
|
|switch|p2a: Garchomp|Garchomp, L50, M|184\/184
|turn|10
|c|âwertzu|i am confused
|
|move|p1a: Beedrill|Struggle Bug|p2a: Garchomp
|-damage|p2a: Garchomp|74\/184
|-unboost|p2a: Garchomp|spa|1
|move|p2a: Garchomp|Earthquake|p1a: Beedrill
|-damage|p1a: Beedrill|0 fnt
|-damage|p2a: Garchomp|56\/184|[from] item: Life Orb
|faint|p1a: Beedrill
|
|win|megavector00
|raw|Ladder updating...
|raw|wertzu's rating: 1000 &rarr; <strong>1000<\/strong><br \/>(+0 for losing)
|raw|megavector00's rating: 1000 &rarr; <strong>1040<\/strong><br \/>(+40 for winning)
|c|âwertzu|._.
|c|âwertzu|ok 
|leave|megavector00
|player|p2
|c|âwertzu|that was creepy