|join|bRiAnA sUx
|join|wertzu
|player|p1|bRiAnA sUx|260
|player|p2|wertzu|7
|gametype|singles
|gen|6
|tier|ORAS OU
|rated
|rule|Sleep Clause Mod: Limit one foe put to sleep
|rule|Species Clause: Limit one of each PokÃ©mon
|rule|OHKO Clause: OHKO moves are banned
|rule|Moody Clause: Moody is banned
|rule|Evasion Moves Clause: Evasion moves are banned
|rule|Endless Battle Clause: Forcing endless battles is banned
|rule|HP Percentage Mod: HP is shown in percentages
|clearpoke
|poke|p1|Beedrill, F
|poke|p1|Greninja, M
|poke|p1|Heatran, M
|poke|p1|Landorus-Therian, M
|poke|p1|Latios, M
|poke|p1|Rotom-Wash
|poke|p2|Suicune, shiny
|poke|p2|Latias, F
|poke|p2|Landorus-Therian, M
|poke|p2|Ferrothorn, F
|poke|p2|Rotom-Wash
|poke|p2|Chansey, F
|rule|Swagger Clause: Swagger is banned
|rule|Baton Pass Clause: Limit one PokÃ©mon knowing Baton Pass
|teampreview
|
|start
|switch|p1a: Rotom-Wash|Rotom-Wash|304\/304
|switch|p2a: Rotom-Wash|Rotom-Wash|303\/303
|turn|1
|
|move|p1a: Rotom-Wash|Will-O-Wisp|p2a: Rotom-Wash
|-status|p2a: Rotom-Wash|brn
|move|p2a: Rotom-Wash|Will-O-Wisp|p1a: Rotom-Wash
|-status|p1a: Rotom-Wash|brn
|
|-damage|p1a: Rotom-Wash|266\/304 brn|[from] brn
|-damage|p2a: Rotom-Wash|266\/303 brn|[from] brn
|turn|2
|
|move|p1a: Rotom-Wash|Hydro Pump|p2a: Rotom-Wash
|-resisted|p2a: Rotom-Wash
|-damage|p2a: Rotom-Wash|204\/303 brn
|move|p2a: Rotom-Wash|Volt Switch|p1a: Rotom-Wash
|-damage|p1a: Rotom-Wash|208\/304 brn
|
|switch|p2a: Latias|Latias, F|301\/301
|
|-heal|p1a: Rotom-Wash|227\/304 brn|[from] item: Leftovers
|-damage|p1a: Rotom-Wash|189\/304 brn|[from] brn
|turn|3
|
|switch|p1a: Heatran|Heatran, M|369\/369
|detailschange|p2a: Latias|Latias-Mega, F
|message|Latias has Mega Evolved into Mega Latias!
|move|p2a: Latias|Psyshock|p1a: Heatran
|-resisted|p1a: Heatran
|-damage|p1a: Heatran|301\/369
|
|-heal|p1a: Heatran|324\/369|[from] item: Leftovers
|turn|4
|c|âwertzu|ok :]
|
|switch|p2a: Chansey|Chansey, F|642\/642
|move|p1a: Heatran|Toxic|p2a: Chansey
|-status|p2a: Chansey|tox
|
|-heal|p1a: Heatran|347\/369|[from] item: Leftovers
|-damage|p2a: Chansey|602\/642 tox|[from] psn
|turn|5
|
|move|p1a: Heatran|Taunt|p2a: Chansey
|-start|p2a: Chansey|move: Taunt
|cant|p2a: Chansey|move: Taunt|Wish
|
|-heal|p1a: Heatran|369\/369|[from] item: Leftovers
|-damage|p2a: Chansey|522\/642 tox|[from] psn
|turn|6
|
|switch|p2a: Suicune|Suicune, shiny|404\/404
|-ability|p2a: Suicune|Pressure
|move|p1a: Heatran|Toxic|p2a: Suicune
|-status|p2a: Suicune|tox
|
|-damage|p2a: Suicune|379\/404 tox|[from] psn
|turn|7
|
|move|p1a: Heatran|Taunt|p2a: Suicune
|-start|p2a: Suicune|move: Taunt
|move|p2a: Suicune|Scald|p1a: Heatran
|-crit|p1a: Heatran
|-supereffective|p1a: Heatran
|-damage|p1a: Heatran|139\/369
|
|-heal|p1a: Heatran|162\/369|[from] item: Leftovers
|-heal|p2a: Suicune|404\/404 tox|[from] item: Leftovers
|-damage|p2a: Suicune|354\/404 tox|[from] psn
|turn|8
|c|âbRiAnA sUx|good player
|
|switch|p1a: Rotom-Wash|Rotom-Wash|189\/304 brn
|move|p2a: Suicune|Scald|p1a: Rotom-Wash
|-resisted|p1a: Rotom-Wash
|-damage|p1a: Rotom-Wash|159\/304 brn
|
|-heal|p1a: Rotom-Wash|178\/304 brn|[from] item: Leftovers
|-heal|p2a: Suicune|379\/404 tox|[from] item: Leftovers
|-damage|p1a: Rotom-Wash|140\/304 brn|[from] brn
|-damage|p2a: Suicune|304\/404 tox|[from] psn
|turn|9
|c|âwertzu|yeah sry for the crit
|
|switch|p2a: Chansey|Chansey, F|522\/642
|move|p1a: Rotom-Wash|Volt Switch|p2a: Chansey
|-damage|p2a: Chansey|479\/642
|
|switch|p1a: Beedrill|Beedrill, F|271\/271
|
|turn|10
|
|detailschange|p1a: Beedrill|Beedrill-Mega, F
|message|Beedrill has Mega Evolved into Mega Beedrill!
|move|p1a: Beedrill|Knock Off|p2a: Chansey
|-damage|p2a: Chansey|316\/642
|-enditem|p2a: Chansey|Eviolite|[from] move: Knock Off|[of] p1a: Beedrill
|move|p2a: Chansey|Heal Bell|p2a: Chansey
|-cureteam|p2a: Chansey|[from] move: HealBell
|
|turn|11
|
|switch|p2a: Ferrothorn|Ferrothorn, F|352\/352
|move|p1a: Beedrill|U-turn|p2a: Ferrothorn
|-crit|p2a: Ferrothorn
|-damage|p2a: Ferrothorn|172\/352
|-damage|p1a: Beedrill|238\/271|[from] ability: Iron Barbs|[of] p2a: Ferrothorn
|c|âwertzu|ok 
|
|switch|p1a: Heatran|Heatran, M|162\/369
|
|-heal|p1a: Heatran|185\/369|[from] item: Leftovers
|turn|12
|
|switch|p2a: Landoman|Landorus-Therian, M|319\/319
|-ability|p2a: Landoman|Intimidate|[of] p1a: Heatran
|-unboost|p1a: Heatran|atk|1
|move|p1a: Heatran|Lava Plume|p2a: Landoman
|-damage|p2a: Landoman|139\/319
|-status|p2a: Landoman|brn
|
|-heal|p1a: Heatran|208\/369|[from] item: Leftovers
|-damage|p2a: Landoman|100\/319 brn|[from] brn
|turn|13
|c|âwertzu|._.
|
|switch|p1a: Landorus-Therian|Landorus-Therian, M|381\/381
|-ability|p1a: Landorus-Therian|Intimidate|[of] p2a: Landoman
|-unboost|p2a: Landoman|atk|1
|move|p2a: Landoman|U-turn|p1a: Landorus-Therian
|-resisted|p1a: Landorus-Therian
|-damage|p1a: Landorus-Therian|368\/381
|-damage|p2a: Landoman|47\/319 brn|[from] item: Rocky Helmet|[of] p1a: Landorus-Therian
|
|switch|p2a: Suicune|Suicune, shiny|304\/404
|-ability|p2a: Suicune|Pressure
|
|-heal|p2a: Suicune|329\/404|[from] item: Leftovers
|turn|14
|join|Panoma555
|c| Panoma555|go briana
|c|âwertzu|oano ._.
|c|âwertzu|*pano
|
|move|p1a: Landorus-Therian|U-turn|p2a: Suicune
|-crit|p2a: Suicune
|-damage|p2a: Suicune|251\/404
|
|switch|p1a: Rotom-Wash|Rotom-Wash|140\/304 brn
|move|p2a: Suicune|Scald|p1a: Rotom-Wash
|-resisted|p1a: Rotom-Wash
|-damage|p1a: Rotom-Wash|112\/304 brn
|
|-heal|p1a: Rotom-Wash|131\/304 brn|[from] item: Leftovers
|-heal|p2a: Suicune|276\/404|[from] item: Leftovers
|-damage|p1a: Rotom-Wash|93\/304 brn|[from] brn
|turn|15
|
|switch|p2a: Ferrothorn|Ferrothorn, F|172\/352
|move|p1a: Rotom-Wash|Volt Switch|p2a: Ferrothorn
|-resisted|p2a: Ferrothorn
|-damage|p2a: Ferrothorn|139\/352
|
|switch|p1a: Heatran|Heatran, M|208\/369
|
|-heal|p1a: Heatran|231\/369|[from] item: Leftovers
|turn|16
|
|switch|p2a: Chansey|Chansey, F|316\/642
|move|p1a: Heatran|Lava Plume|p2a: Chansey
|-crit|p2a: Chansey
|-damage|p2a: Chansey|136\/642
|
|-heal|p1a: Heatran|254\/369|[from] item: Leftovers
|turn|17
|
|move|p1a: Heatran|Taunt|p2a: Chansey
|-start|p2a: Chansey|move: Taunt
|move|p2a: Chansey|Seismic Toss|p1a: Heatran
|-damage|p1a: Heatran|154\/369
|
|-heal|p1a: Heatran|177\/369|[from] item: Leftovers
|turn|18
|c|âwertzu|.-.
|
|move|p1a: Heatran|Lava Plume|p2a: Chansey
|-damage|p2a: Chansey|13\/642
|move|p2a: Chansey|Seismic Toss|p1a: Heatran
|-damage|p1a: Heatran|77\/369
|
|-heal|p1a: Heatran|100\/369|[from] item: Leftovers
|turn|19
|
|move|p1a: Heatran|Lava Plume|p2a: Chansey
|-damage|p2a: Chansey|0 fnt
|faint|p2a: Chansey
|
|-heal|p1a: Heatran|123\/369|[from] item: Leftovers
|
|switch|p2a: Suicune|Suicune, shiny|276\/404
|-ability|p2a: Suicune|Pressure
|turn|20
|
|switch|p1a: Rotom-Wash|Rotom-Wash|93\/304 brn
|move|p2a: Suicune|Scald|p1a: Rotom-Wash
|-resisted|p1a: Rotom-Wash
|-damage|p1a: Rotom-Wash|60\/304 brn
|
|-heal|p1a: Rotom-Wash|79\/304 brn|[from] item: Leftovers
|-heal|p2a: Suicune|301\/404|[from] item: Leftovers
|-damage|p1a: Rotom-Wash|41\/304 brn|[from] brn
|turn|21
|
|switch|p2a: Landoman|Landorus-Therian, M|47\/319 brn
|-ability|p2a: Landoman|Intimidate|[of] p1a: Rotom-Wash
|-unboost|p1a: Rotom-Wash|atk|1
|move|p1a: Rotom-Wash|Pain Split|p2a: Landoman
|-sethp|p2a: Landoman|44\/319 brn|p1a: Rotom-Wash|44\/304 brn|[from] move: Pain Split
|
|-heal|p1a: Rotom-Wash|63\/304 brn|[from] item: Leftovers
|-damage|p2a: Landoman|5\/319 brn|[from] brn
|-damage|p1a: Rotom-Wash|25\/304 brn|[from] brn
|turn|22
|c|âwertzu|nice pain split :s
|
|switch|p1a: Landorus-Therian|Landorus-Therian, M|368\/381
|-ability|p1a: Landorus-Therian|Intimidate|[of] p2a: Landoman
|-unboost|p2a: Landoman|atk|1
|move|p2a: Landoman|U-turn|p1a: Landorus-Therian
|-resisted|p1a: Landorus-Therian
|-damage|p1a: Landorus-Therian|356\/381
|-damage|p2a: Landoman|0 fnt|[from] item: Rocky Helmet|[of] p1a: Landorus-Therian
|faint|p2a: Landoman
|
|
|switch|p2a: Suicune|Suicune, shiny|301\/404
|-ability|p2a: Suicune|Pressure
|turn|23
|
|move|p1a: Landorus-Therian|U-turn|p2a: Suicune
|-damage|p2a: Suicune|249\/404
|
|switch|p1a: Latios|Latios, M|309\/309
|move|p2a: Suicune|Calm Mind|p2a: Suicune
|-boost|p2a: Suicune|spa|1
|-boost|p2a: Suicune|spd|1
|
|-heal|p2a: Suicune|274\/404|[from] item: Leftovers
|turn|24
|
|move|p1a: Latios|Psyshock|p2a: Suicune
|-damage|p2a: Suicune|161\/404
|-damage|p1a: Latios|279\/309|[from] item: Life Orb
|move|p2a: Suicune|Calm Mind|p2a: Suicune
|-boost|p2a: Suicune|spa|1
|-boost|p2a: Suicune|spd|1
|
|-heal|p2a: Suicune|186\/404|[from] item: Leftovers
|turn|25
|
|move|p1a: Latios|Psyshock|p2a: Suicune
|-damage|p2a: Suicune|56\/404
|-damage|p1a: Latios|249\/309|[from] item: Life Orb
|move|p2a: Suicune|Rest|p2a: Suicune
|-status|p2a: Suicune|slp
|-heal|p2a: Suicune|404\/404 slp|[silent]
|-status|p2a: Suicune|slp|[from] move: Rest
|
|turn|26
|
|move|p1a: Latios|Psyshock|p2a: Suicune
|-damage|p2a: Suicune|283\/404 slp
|-damage|p1a: Latios|219\/309|[from] item: Life Orb
|cant|p2a: Suicune|slp
|move|p2a: Suicune|Sleep Talk|p2a: Suicune
|move|p2a: Suicune|Scald|p1a: Latios|[from]Sleep Talk
|-resisted|p1a: Latios
|-damage|p1a: Latios|137\/309
|
|-heal|p2a: Suicune|308\/404 slp|[from] item: Leftovers
|turn|27
|
|switch|p1a: Rotom-Wash|Rotom-Wash|25\/304 brn
|cant|p2a: Suicune|slp
|move|p2a: Suicune|Sleep Talk|p2a: Suicune
|move|p2a: Suicune|Calm Mind|p2a: Suicune|[from]Sleep Talk
|-boost|p2a: Suicune|spa|1
|-boost|p2a: Suicune|spd|1
|
|-heal|p1a: Rotom-Wash|44\/304 brn|[from] item: Leftovers
|-heal|p2a: Suicune|333\/404 slp|[from] item: Leftovers
|-damage|p1a: Rotom-Wash|6\/304 brn|[from] brn
|turn|28
|
|move|p1a: Rotom-Wash|Pain Split|p2a: Suicune
|-sethp|p2a: Suicune|169\/404 slp|p1a: Rotom-Wash|169\/304 brn|[from] move: Pain Split
|-curestatus|p2a: Suicune|slp
|move|p2a: Suicune|Calm Mind|p2a: Suicune
|-boost|p2a: Suicune|spa|1
|-boost|p2a: Suicune|spd|1
|
|-heal|p1a: Rotom-Wash|188\/304 brn|[from] item: Leftovers
|-heal|p2a: Suicune|194\/404|[from] item: Leftovers
|-damage|p1a: Rotom-Wash|150\/304 brn|[from] brn
|turn|29
|
|move|p1a: Rotom-Wash|Pain Split|p2a: Suicune
|-sethp|p2a: Suicune|172\/404|p1a: Rotom-Wash|172\/304 brn|[from] move: Pain Split
|move|p2a: Suicune|Rest|p2a: Suicune
|-status|p2a: Suicune|slp
|-heal|p2a: Suicune|404\/404 slp|[silent]
|-status|p2a: Suicune|slp|[from] move: Rest
|
|-heal|p1a: Rotom-Wash|191\/304 brn|[from] item: Leftovers
|-damage|p1a: Rotom-Wash|153\/304 brn|[from] brn
|turn|30
|
|move|p1a: Rotom-Wash|Volt Switch|p2a: Suicune
|-supereffective|p2a: Suicune
|-damage|p2a: Suicune|354\/404 slp
|
|switch|p1a: Heatran|Heatran, M|123\/369
|cant|p2a: Suicune|slp
|move|p2a: Suicune|Sleep Talk|p2a: Suicune
|move|p2a: Suicune|Scald|p1a: Heatran|[from]Sleep Talk
|-supereffective|p1a: Heatran
|-damage|p1a: Heatran|0 fnt
|faint|p1a: Heatran
|
|-heal|p2a: Suicune|379\/404 slp|[from] item: Leftovers
|
|switch|p1a: Beedrill|Beedrill-Mega, F|238\/271
|turn|31
|c|âwertzu|uh yeah
|
|move|p1a: Beedrill|Knock Off|p2a: Suicune
|-damage|p2a: Suicune|288\/404 slp
|-enditem|p2a: Suicune|Leftovers|[from] move: Knock Off|[of] p1a: Beedrill
|cant|p2a: Suicune|slp
|move|p2a: Suicune|Sleep Talk|p2a: Suicune
|move|p2a: Suicune|Rest|p2a: Suicune|[from]Sleep Talk
|-fail|p2a: Suicune
|
|turn|32
|
|move|p1a: Beedrill|U-turn|p2a: Suicune
|-damage|p2a: Suicune|168\/404 slp
|
|switch|p1a: Latios|Latios, M|137\/309
|-curestatus|p2a: Suicune|slp
|move|p2a: Suicune|Scald|p1a: Latios
|-resisted|p1a: Latios
|-damage|p1a: Latios|19\/309
|-status|p1a: Latios|brn
|
|-damage|p1a: Latios|0 fnt|[from] brn
|faint|p1a: Latios
|leave|Panoma555
|
|switch|p1a: Beedrill|Beedrill-Mega, F|238\/271
|turn|33
|
|move|p1a: Beedrill|Poison Jab|p2a: Suicune
|-crit|p2a: Suicune
|-damage|p2a: Suicune|0 fnt
|faint|p2a: Suicune
|
|
|switch|p2a: Ferrothorn|Ferrothorn, F|139\/352
|turn|34
|c|âwertzu|of course
|c|âwertzu|<333
|
|move|p1a: Beedrill|U-turn|p2a: Ferrothorn
|-damage|p2a: Ferrothorn|5\/352
|-damage|p1a: Beedrill|205\/271|[from] ability: Iron Barbs|[of] p2a: Ferrothorn
|
|switch|p1a: Landorus-Therian|Landorus-Therian, M|356\/381
|-ability|p1a: Landorus-Therian|Intimidate|[of] p2a: Ferrothorn
|-unboost|p2a: Ferrothorn|atk|1
|move|p2a: Ferrothorn|Leech Seed|p1a: Landorus-Therian
|-start|p1a: Landorus-Therian|move: Leech Seed
|
|-damage|p1a: Landorus-Therian|309\/381|[from] Leech Seed|[of] p2a: Ferrothorn
|-heal|p2a: Ferrothorn|52\/352|[silent]
|turn|35
|
|switch|p2a: Rotom-Wash|Rotom-Wash|204\/303
|move|p1a: Landorus-Therian|Stealth Rock|p2a: Rotom-Wash
|-sidestart|p2: wertzu|move: Stealth Rock
|
|-heal|p2a: Rotom-Wash|222\/303|[from] item: Leftovers
|-damage|p1a: Landorus-Therian|262\/381|[from] Leech Seed|[of] p2a: Rotom-Wash
|-heal|p2a: Rotom-Wash|269\/303|[silent]
|turn|36
|
|switch|p1a: Rotom-Wash|Rotom-Wash|153\/304 brn
|move|p2a: Rotom-Wash|Volt Switch|p1a: Rotom-Wash
|-damage|p1a: Rotom-Wash|87\/304 brn
|
|switch|p2a: Latias|Latias-Mega, F|301\/301
|-damage|p2a: Latias|264\/301|[from] Stealth Rock
|
|-heal|p1a: Rotom-Wash|106\/304 brn|[from] item: Leftovers
|-damage|p1a: Rotom-Wash|68\/304 brn|[from] brn
|turn|37
|
|move|p2a: Latias|Psyshock|p1a: Rotom-Wash
|-damage|p1a: Rotom-Wash|0 fnt
|faint|p1a: Rotom-Wash
|
|
|switch|p1a: Beedrill|Beedrill-Mega, F|205\/271
|turn|38
|
|switch|p2a: Ferrothorn|Ferrothorn, F|52\/352
|-damage|p2a: Ferrothorn|30\/352|[from] Stealth Rock
|move|p1a: Beedrill|U-turn|p2a: Ferrothorn
|-damage|p2a: Ferrothorn|0 fnt
|-damage|p1a: Beedrill|172\/271|[from] ability: Iron Barbs|[of] p2a: Ferrothorn
|faint|p2a: Ferrothorn
|
|switch|p1a: Greninja|Greninja, M|285\/285
|
|
|switch|p2a: Latias|Latias-Mega, F|264\/301
|-damage|p2a: Latias|227\/301|[from] Stealth Rock
|turn|39
|
|move|p1a: Greninja|Ice Beam|p2a: Latias
|-start|p1a: Greninja|typechange|Ice|[from] Protean
|-supereffective|p2a: Latias
|-damage|p2a: Latias|0 fnt
|-damage|p1a: Greninja|257\/285|[from] item: Life Orb
|faint|p2a: Latias
|
|-message|wertzu forfeited.
|
|win|bRiAnA sUx
|raw|Ladder updating...
|leave|wertzu
|player|p2
|raw|bRiAnA sUx's rating: 1275 &rarr; <strong>1301<\/strong><br \/>(+26 for winning)
|raw|wertzu's rating: 1282 &rarr; <strong>1256<\/strong><br \/>(-26 for losing)