|join|pantofel
|join|wertzu
|player|p1|pantofel|102
|player|p2|wertzu|7
|gametype|singles
|gen|6
|tier|ORAS OU
|rated
|rule|Sleep Clause Mod: Limit one foe put to sleep
|rule|Species Clause: Limit one of each PokÃ©mon
|rule|OHKO Clause: OHKO moves are banned
|rule|Moody Clause: Moody is banned
|rule|Evasion Moves Clause: Evasion moves are banned
|rule|Endless Battle Clause: Forcing endless battles is banned
|rule|HP Percentage Mod: HP is shown in percentages
|clearpoke
|poke|p1|Gyarados, F
|poke|p1|Steelix, F
|poke|p1|Mamoswine, F
|poke|p1|Hydreigon, F
|poke|p1|Salamence, M
|poke|p1|Empoleon, M
|poke|p2|Slowbro, F
|poke|p2|Mandibuzz, F
|poke|p2|Landorus-Therian, M
|poke|p2|Ferrothorn, F
|poke|p2|Rotom-Wash
|poke|p2|Sylveon, M
|rule|Swagger Clause: Swagger is banned
|rule|Baton Pass Clause: Limit one PokÃ©mon knowing Baton Pass
|teampreview
|leave|pantofel
|player|p1
|join|pantofel
|player|p1|pantofel|102
|teampreview
|
|start
|switch|p1a: Salamence|Salamence, M|394\/394
|switch|p2a: Rotom-Wash|Rotom-Wash|303\/303
|-ability|p1a: Salamence|Intimidate|[of] p2a: Rotom-Wash
|-unboost|p2a: Rotom-Wash|atk|1
|turn|1
|
|detailschange|p1a: Salamence|Salamence-Mega, M
|message|Salamence has Mega Evolved into Mega Salamence!
|move|p1a: Salamence|Substitute|p1a: Salamence
|-start|p1a: Salamence|Substitute
|-damage|p1a: Salamence|296\/394
|move|p2a: Rotom-Wash|Will-O-Wisp|p1a: Salamence
|
|turn|2
|
|move|p1a: Salamence|Dragon Dance|p1a: Salamence
|-boost|p1a: Salamence|atk|1
|-boost|p1a: Salamence|spe|1
|move|p2a: Rotom-Wash|Volt Switch|p1a: Salamence
|-activate|p1a: Salamence|Substitute|[damage]
|
|switch|p2a: Sylveon|Sylveon, M|393\/393
|
|turn|3
|
|move|p1a: Salamence|Double-Edge|p2a: Sylveon
|-damage|p2a: Sylveon|0 fnt
|-damage|p1a: Salamence|166\/394|[from] recoil|[of] p2a: Sylveon
|faint|p2a: Sylveon
|
|
|switch|p2a: Rotom-Wash|Rotom-Wash|303\/303
|turn|4
|
|move|p1a: Salamence|Dragon Dance|p1a: Salamence
|-boost|p1a: Salamence|atk|1
|-boost|p1a: Salamence|spe|1
|move|p2a: Rotom-Wash|Volt Switch|p1a: Salamence
|-end|p1a: Salamence|Substitute
|
|switch|p2a: Landorus-Therian|Landorus-Therian, M|319\/319
|-ability|p2a: Landorus-Therian|Intimidate|[of] p1a: Salamence
|-unboost|p1a: Salamence|atk|1
|
|turn|5
|
|move|p1a: Salamence|Roost|p1a: Salamence
|-heal|p1a: Salamence|363\/394
|move|p2a: Landorus-Therian|Stone Edge|p1a: Salamence
|-damage|p1a: Salamence|254\/394
|
|turn|6
|
|move|p1a: Salamence|Roost|p1a: Salamence
|-heal|p1a: Salamence|394\/394
|move|p2a: Landorus-Therian|Stone Edge|p1a: Salamence
|-damage|p1a: Salamence|284\/394
|
|turn|7
|
|switch|p2a: Rotom-Wash|Rotom-Wash|303\/303
|move|p1a: Salamence|Roost|p1a: Salamence
|-heal|p1a: Salamence|394\/394
|
|turn|8
|
|move|p1a: Salamence|Substitute|p1a: Salamence
|-start|p1a: Salamence|Substitute
|-damage|p1a: Salamence|296\/394
|move|p2a: Rotom-Wash|Volt Switch|p1a: Salamence
|-activate|p1a: Salamence|Substitute|[damage]
|
|switch|p2a: Landorus-Therian|Landorus-Therian, M|319\/319
|-activate|p1a: Salamence|Substitute|ability: Intimidate|[of] p2a: Landorus-Therian
|
|turn|9
|
|move|p1a: Salamence|Double-Edge|p2a: Landorus-Therian
|-damage|p2a: Landorus-Therian|0 fnt
|-damage|p1a: Salamence|191\/394|[from] recoil|[of] p2a: Landorus-Therian
|faint|p2a: Landorus-Therian
|
|-message|wertzu forfeited.
|
|win|pantofel
|raw|Ladder updating...
|leave|wertzu
|player|p2
|raw|pantofel's rating: 1340 &rarr; <strong>1355<\/strong><br \/>(+15 for winning)
|raw|wertzu's rating: 1249 &rarr; <strong>1230<\/strong><br \/>(-19 for losing)