|join|wertzu
|join|Sire Fara
|player|p1|wertzu|7
|player|p2|Sire Fara|52
|gametype|singles
|gen|6
|tier|ORAS OU
|rated
|rule|Sleep Clause Mod: Limit one foe put to sleep
|rule|Species Clause: Limit one of each PokÃ©mon
|rule|OHKO Clause: OHKO moves are banned
|rule|Moody Clause: Moody is banned
|rule|Evasion Moves Clause: Evasion moves are banned
|rule|Endless Battle Clause: Forcing endless battles is banned
|rule|HP Percentage Mod: HP is shown in percentages
|clearpoke
|poke|p1|Salamence, M
|poke|p1|Azumarill, F
|poke|p1|Magnezone, shiny
|poke|p1|Rotom-Wash
|poke|p1|Heatran, M, shiny
|poke|p1|Latios, M, shiny
|poke|p2|Pidgeot, F
|poke|p2|Starmie
|poke|p2|Sylveon, F
|poke|p2|Porygon2
|poke|p2|Skarmory, F
|poke|p2|Dragonite, F
|rule|Swagger Clause: Swagger is banned
|rule|Baton Pass Clause: Limit one PokÃ©mon knowing Baton Pass
|teampreview
|
|start
|switch|p1a: Sock Eater|Rotom-Wash|242\/242
|switch|p2a: Jechiesurlestatues|Pidgeot, F|308\/308
|turn|1
|
|switch|p2a: RUBAAAAANS|Sylveon, F|394\/394
|move|p1a: Sock Eater|Volt Switch|p2a: RUBAAAAANS
|-damage|p2a: RUBAAAAANS|310\/394
|
|switch|p1a: Magnetic Zone|Magnezone, shiny|324\/324
|
|-heal|p2a: RUBAAAAANS|334\/394|[from] item: Leftovers
|turn|2
|
|switch|p2a: Dragonite|Dragonite, F|323\/323
|move|p1a: Magnetic Zone|Flash Cannon|p2a: Dragonite
|-damage|p2a: Dragonite|206\/323
|
|turn|3
|
|switch|p1a: Sock Eater|Rotom-Wash|242\/242
|move|p2a: Dragonite|Fire Punch|p1a: Sock Eater
|-resisted|p1a: Sock Eater
|-damage|p1a: Sock Eater|196\/242
|
|turn|4
|
|switch|p2a: RUBAAAAANS|Sylveon, F|334\/394
|move|p1a: Sock Eater|Volt Switch|p2a: RUBAAAAANS
|-damage|p2a: RUBAAAAANS|249\/394
|
|switch|p1a: Magnetic Zone|Magnezone, shiny|324\/324
|
|-heal|p2a: RUBAAAAANS|273\/394|[from] item: Leftovers
|turn|5
|
|move|p2a: RUBAAAAANS|Protect|p2a: RUBAAAAANS
|-singleturn|p2a: RUBAAAAANS|Protect
|move|p1a: Magnetic Zone|Flash Cannon|p2a: RUBAAAAANS
|-activate|p2a: RUBAAAAANS|Protect
|
|-heal|p2a: RUBAAAAANS|297\/394|[from] item: Leftovers
|turn|6
|
|switch|p2a: Avastantivirus|Porygon2|374\/374
|-ability|p2a: Avastantivirus|Magnet Pull|[from] ability: Trace|[of] p1a: Magnetic Zone
|move|p1a: Magnetic Zone|Flash Cannon|p2a: Avastantivirus
|-damage|p2a: Avastantivirus|251\/374
|
|turn|7
|
|move|p1a: Magnetic Zone|Flash Cannon|p2a: Avastantivirus
|-damage|p2a: Avastantivirus|136\/374
|move|p2a: Avastantivirus|Recover|p2a: Avastantivirus
|-heal|p2a: Avastantivirus|323\/374
|
|turn|8
|
|move|p1a: Magnetic Zone|Flash Cannon|p2a: Avastantivirus
|-damage|p2a: Avastantivirus|196\/374
|move|p2a: Avastantivirus|Ice Beam|p1a: Magnetic Zone
|-resisted|p1a: Magnetic Zone
|-damage|p1a: Magnetic Zone|284\/324
|
|turn|9
|
|move|p1a: Magnetic Zone|Flash Cannon|p2a: Avastantivirus
|-damage|p2a: Avastantivirus|82\/374
|move|p2a: Avastantivirus|Recover|p2a: Avastantivirus
|-heal|p2a: Avastantivirus|269\/374
|
|turn|10
|
|move|p1a: Magnetic Zone|Flash Cannon|p2a: Avastantivirus
|-damage|p2a: Avastantivirus|160\/374
|move|p2a: Avastantivirus|Recover|p2a: Avastantivirus
|-heal|p2a: Avastantivirus|347\/374
|
|turn|11
|
|move|p1a: Magnetic Zone|Flash Cannon|p2a: Avastantivirus
|-damage|p2a: Avastantivirus|235\/374
|move|p2a: Avastantivirus|Ice Beam|p1a: Magnetic Zone
|-resisted|p1a: Magnetic Zone
|-damage|p1a: Magnetic Zone|245\/324
|
|turn|12
|
|move|p1a: Magnetic Zone|Flash Cannon|p2a: Avastantivirus
|-crit|p2a: Avastantivirus
|-damage|p2a: Avastantivirus|61\/374
|move|p2a: Avastantivirus|Recover|p2a: Avastantivirus
|-heal|p2a: Avastantivirus|248\/374
|
|turn|13
|
|move|p1a: Magnetic Zone|Flash Cannon|p2a: Avastantivirus
|-damage|p2a: Avastantivirus|127\/374
|move|p2a: Avastantivirus|Recover|p2a: Avastantivirus
|-heal|p2a: Avastantivirus|314\/374
|
|turn|14
|
|move|p1a: Magnetic Zone|Flash Cannon|p2a: Avastantivirus
|-crit|p2a: Avastantivirus
|-damage|p2a: Avastantivirus|151\/374
|move|p2a: Avastantivirus|Ice Beam|p1a: Magnetic Zone
|-resisted|p1a: Magnetic Zone
|-damage|p1a: Magnetic Zone|205\/324
|
|turn|15
|
|move|p1a: Magnetic Zone|Flash Cannon|p2a: Avastantivirus
|-damage|p2a: Avastantivirus|24\/374
|move|p2a: Avastantivirus|Recover|p2a: Avastantivirus
|-heal|p2a: Avastantivirus|211\/374
|
|turn|16
|
|move|p1a: Magnetic Zone|Flash Cannon|p2a: Avastantivirus
|-damage|p2a: Avastantivirus|87\/374
|move|p2a: Avastantivirus|Recover|p2a: Avastantivirus
|-heal|p2a: Avastantivirus|274\/374
|
|turn|17
|
|move|p1a: Magnetic Zone|Flash Cannon|p2a: Avastantivirus
|-damage|p2a: Avastantivirus|156\/374
|move|p2a: Avastantivirus|Ice Beam|p1a: Magnetic Zone
|-resisted|p1a: Magnetic Zone
|-damage|p1a: Magnetic Zone|161\/324
|-status|p1a: Magnetic Zone|frz
|
|turn|18
|
|cant|p1a: Magnetic Zone|frz
|move|p2a: Avastantivirus|Recover|p2a: Avastantivirus
|-heal|p2a: Avastantivirus|343\/374
|
|turn|19
|
|switch|p2a: Dragonite|Dragonite, F|206\/323
|cant|p1a: Magnetic Zone|frz
|
|turn|20
|
|switch|p1a: Real bunny|Azumarill, F|403\/403
|move|p2a: Dragonite|Dragon Dance|p2a: Dragonite
|-boost|p2a: Dragonite|atk|1
|-boost|p2a: Dragonite|spe|1
|
|turn|21
|
|switch|p2a: MITTALJ'ARRIVE|Skarmory, F|334\/334
|move|p1a: Real bunny|Play Rough|p2a: MITTALJ'ARRIVE
|-resisted|p2a: MITTALJ'ARRIVE
|-damage|p2a: MITTALJ'ARRIVE|277\/334
|-damage|p1a: Real bunny|336\/403|[from] item: Rocky Helmet|[of] p2a: MITTALJ'ARRIVE
|
|turn|22
|
|switch|p2a: Avastantivirus|Porygon2|343\/374
|-ability|p2a: Avastantivirus|Huge Power|[from] ability: Trace|[of] p1a: Real bunny
|move|p1a: Real bunny|Knock Off|p2a: Avastantivirus
|-damage|p2a: Avastantivirus|236\/374
|-enditem|p2a: Avastantivirus|Eviolite|[from] move: Knock Off|[of] p1a: Real bunny
|
|turn|23
|c|âwertzu|predictinskills op
|
|move|p2a: Avastantivirus|Thunder Wave|p1a: Real bunny
|-status|p1a: Real bunny|par
|move|p1a: Real bunny|Waterfall|p2a: Avastantivirus
|-damage|p2a: Avastantivirus|38\/374
|
|turn|24
|
|move|p1a: Real bunny|Aqua Jet|p2a: Avastantivirus
|-damage|p2a: Avastantivirus|0 fnt
|faint|p2a: Avastantivirus
|
|
|switch|p2a: Jechiesurlestatues|Pidgeot, F|308\/308
|turn|25
|
|switch|p1a: Vulcano|Heatran, M, shiny|385\/385
|detailschange|p2a: Jechiesurlestatues|Pidgeot-Mega, F
|message|Pidgeot has Mega Evolved into Mega Pidgeot!
|move|p2a: Jechiesurlestatues|Hurricane|p1a: Vulcano
|-resisted|p1a: Vulcano
|-damage|p1a: Vulcano|308\/385
|-start|p1a: Vulcano|confusion
|
|-heal|p1a: Vulcano|332\/385|[from] item: Leftovers
|turn|26
|
|switch|p2a: Stephaniedemonaco|Starmie|324\/324
|-activate|p1a: Vulcano|confusion
|-damage|p1a: Vulcano|308\/385|[from] confusion
|
|-heal|p1a: Vulcano|332\/385|[from] item: Leftovers
|turn|27
|
|switch|p1a: Magnetic Zone|Magnezone, shiny|161\/324 frz
|move|p2a: Stephaniedemonaco|Scald|p1a: Magnetic Zone
|-damage|p1a: Magnetic Zone|67\/324 frz
|-curestatus|p1a: Magnetic Zone|frz
|
|turn|28
|
|switch|p1a: Eon|Latios, M, shiny|302\/302
|move|p2a: Stephaniedemonaco|Scald|p1a: Eon
|-resisted|p1a: Eon
|-damage|p1a: Eon|256\/302
|
|turn|29
|
|switch|p2a: RUBAAAAANS|Sylveon, F|297\/394
|move|p1a: Eon|Draco Meteor|p2a: RUBAAAAANS
|-immune|p2a: RUBAAAAANS|[msg]
|
|-heal|p2a: RUBAAAAANS|321\/394|[from] item: Leftovers
|turn|30
|
|switch|p1a: Vulcano|Heatran, M, shiny|332\/385
|move|p2a: RUBAAAAANS|Wish|p2a: RUBAAAAANS
|
|-heal|p1a: Vulcano|356\/385|[from] item: Leftovers
|-heal|p2a: RUBAAAAANS|345\/394|[from] item: Leftovers
|turn|31
|
|switch|p2a: Dragonite|Dragonite, F|206\/323
|move|p1a: Vulcano|Toxic|p2a: Dragonite|[miss]
|-miss|p1a: Vulcano|p2a: Dragonite
|
|-heal|p2a: Dragonite|323\/323|[from] move: Wish|[wisher] RUBAAAAANS
|-heal|p1a: Vulcano|380\/385|[from] item: Leftovers
|turn|32
|c|âwertzu|...
|
|switch|p2a: Stephaniedemonaco|Starmie|324\/324
|move|p1a: Vulcano|Toxic|p2a: Stephaniedemonaco
|-status|p2a: Stephaniedemonaco|tox
|
|-heal|p1a: Vulcano|385\/385|[from] item: Leftovers
|-damage|p2a: Stephaniedemonaco|304\/324 tox|[from] psn
|turn|33
|
|switch|p1a: Real bunny|Azumarill, F|336\/403 par
|move|p2a: Stephaniedemonaco|Scald|p1a: Real bunny
|-resisted|p1a: Real bunny
|-damage|p1a: Real bunny|296\/403 par
|
|-heal|p2a: Stephaniedemonaco|324\/324 tox|[from] item: Leftovers
|-damage|p2a: Stephaniedemonaco|284\/324 tox|[from] psn
|turn|34
|
|switch|p2a: MITTALJ'ARRIVE|Skarmory, F|277\/334
|move|p1a: Real bunny|Knock Off|p2a: MITTALJ'ARRIVE
|-damage|p2a: MITTALJ'ARRIVE|193\/334
|-damage|p1a: Real bunny|229\/403 par|[from] item: Rocky Helmet|[of] p2a: MITTALJ'ARRIVE
|-enditem|p2a: MITTALJ'ARRIVE|Rocky Helmet|[from] move: Knock Off|[of] p1a: Real bunny
|
|turn|35
|
|move|p2a: MITTALJ'ARRIVE|Roost|p2a: MITTALJ'ARRIVE
|-heal|p2a: MITTALJ'ARRIVE|334\/334
|cant|p1a: Real bunny|par
|
|turn|36
|
|switch|p1a: Magnetic Zone|Magnezone, shiny|67\/324
|move|p2a: MITTALJ'ARRIVE|Brave Bird|p1a: Magnetic Zone
|-resisted|p1a: Magnetic Zone
|-damage|p1a: Magnetic Zone|43\/324
|-damage|p2a: MITTALJ'ARRIVE|326\/334|[from] recoil|[of] p1a: Magnetic Zone
|
|turn|37
|
|move|p2a: MITTALJ'ARRIVE|Stealth Rock|p1a: Magnetic Zone
|-sidestart|p1: wertzu|move: Stealth Rock
|move|p1a: Magnetic Zone|Volt Switch|p2a: MITTALJ'ARRIVE
|-supereffective|p2a: MITTALJ'ARRIVE
|-damage|p2a: MITTALJ'ARRIVE|0 fnt
|faint|p2a: MITTALJ'ARRIVE
|
|switch|p1a: Sock Eater|Rotom-Wash|196\/242
|-damage|p1a: Sock Eater|166\/242|[from] Stealth Rock
|
|
|switch|p2a: RUBAAAAANS|Sylveon, F|345\/394
|turn|38
|
|move|p1a: Sock Eater|Volt Switch|p2a: RUBAAAAANS
|-damage|p2a: RUBAAAAANS|269\/394
|
|switch|p1a: Vulcano|Heatran, M, shiny|385\/385
|-damage|p1a: Vulcano|337\/385|[from] Stealth Rock
|move|p2a: RUBAAAAANS|Wish|p2a: RUBAAAAANS
|
|-heal|p1a: Vulcano|361\/385|[from] item: Leftovers
|-heal|p2a: RUBAAAAANS|293\/394|[from] item: Leftovers
|turn|39
|
|switch|p2a: Stephaniedemonaco|Starmie|284\/324
|move|p1a: Vulcano|Toxic|p2a: Stephaniedemonaco
|-status|p2a: Stephaniedemonaco|tox
|
|-heal|p2a: Stephaniedemonaco|324\/324 tox|[from] move: Wish|[wisher] RUBAAAAANS
|-heal|p1a: Vulcano|385\/385|[from] item: Leftovers
|-damage|p2a: Stephaniedemonaco|304\/324 tox|[from] psn
|turn|40
|
|move|p2a: Stephaniedemonaco|Scald|p1a: Vulcano
|-crit|p1a: Vulcano
|-supereffective|p1a: Vulcano
|-damage|p1a: Vulcano|175\/385
|move|p1a: Vulcano|Stealth Rock|p2a: Stephaniedemonaco
|-sidestart|p2: Sire Fara|move: Stealth Rock
|
|-heal|p2a: Stephaniedemonaco|324\/324 tox|[from] item: Leftovers
|-heal|p1a: Vulcano|199\/385|[from] item: Leftovers
|-damage|p2a: Stephaniedemonaco|284\/324 tox|[from] psn
|turn|41
|c|âwertzu|crit <33333
|
|switch|p1a: Real bunny|Azumarill, F|229\/403 par
|-damage|p1a: Real bunny|179\/403 par|[from] Stealth Rock
|move|p2a: Stephaniedemonaco|Rapid Spin|p1a: Real bunny
|-damage|p1a: Real bunny|165\/403 par
|-sideend|p2: Sire Fara|Stealth Rock|[from] move: Rapid Spin|[of] p2a: Stephaniedemonaco
|
|-heal|p2a: Stephaniedemonaco|304\/324 tox|[from] item: Leftovers
|-damage|p2a: Stephaniedemonaco|244\/324 tox|[from] psn
|turn|42
|
|switch|p2a: RUBAAAAANS|Sylveon, F|293\/394
|move|p1a: Real bunny|Knock Off|p2a: RUBAAAAANS
|-resisted|p2a: RUBAAAAANS
|-damage|p2a: RUBAAAAANS|216\/394
|-enditem|p2a: RUBAAAAANS|Leftovers|[from] move: Knock Off|[of] p1a: Real bunny
|
|turn|43
|
|move|p2a: RUBAAAAANS|Wish|p2a: RUBAAAAANS
|cant|p1a: Real bunny|par
|
|turn|44
|
|move|p2a: RUBAAAAANS|Hyper Voice|p1a: Real bunny
|-damage|p1a: Real bunny|42\/403 par
|move|p1a: Real bunny|Play Rough|p2a: RUBAAAAANS
|-damage|p2a: RUBAAAAANS|6\/394
|
|-heal|p2a: RUBAAAAANS|203\/394|[from] move: Wish|[wisher] RUBAAAAANS
|turn|45
|c|âwertzu|._.
|
|move|p1a: Real bunny|Aqua Jet|p2a: RUBAAAAANS
|-damage|p2a: RUBAAAAANS|119\/394
|move|p2a: RUBAAAAANS|Hyper Voice|p1a: Real bunny
|-damage|p1a: Real bunny|0 fnt
|faint|p1a: Real bunny
|
|
|switch|p1a: Magnetic Zone|Magnezone, shiny|43\/324
|-damage|p1a: Magnetic Zone|23\/324|[from] Stealth Rock
|turn|46
|
|switch|p2a: Stephaniedemonaco|Starmie|244\/324
|move|p1a: Magnetic Zone|Thunderbolt|p2a: Stephaniedemonaco
|-supereffective|p2a: Stephaniedemonaco
|-damage|p2a: Stephaniedemonaco|0 fnt
|faint|p2a: Stephaniedemonaco
|
|
|switch|p2a: Dragonite|Dragonite, F|323\/323
|turn|47
|
|move|p2a: Dragonite|Dragon Dance|p2a: Dragonite
|-boost|p2a: Dragonite|atk|1
|-boost|p2a: Dragonite|spe|1
|move|p1a: Magnetic Zone|Thunderbolt|p2a: Dragonite
|-damage|p2a: Dragonite|184\/323
|
|turn|48
|
|move|p2a: Dragonite|Extreme Speed|p1a: Magnetic Zone
|-resisted|p1a: Magnetic Zone
|-damage|p1a: Magnetic Zone|0 fnt
|faint|p1a: Magnetic Zone
|
|
|switch|p1a: Sock Eater|Rotom-Wash|166\/242
|-damage|p1a: Sock Eater|136\/242|[from] Stealth Rock
|turn|49
|
|move|p1a: Sock Eater|Will-O-Wisp|p2a: Dragonite
|-status|p2a: Dragonite|brn
|-enditem|p2a: Dragonite|Lum Berry|[eat]
|-curestatus|p2a: Dragonite|brn
|move|p2a: Dragonite|Outrage|p1a: Sock Eater
|-damage|p1a: Sock Eater|0 fnt
|faint|p1a: Sock Eater
|
|
|switch|p1a: Vulcano|Heatran, M, shiny|199\/385
|-damage|p1a: Vulcano|151\/385|[from] Stealth Rock
|turn|50
|
|move|p2a: Dragonite|Outrage|p1a: Vulcano
|-resisted|p1a: Vulcano
|-damage|p1a: Vulcano|0 fnt
|faint|p1a: Vulcano
|
|
|switch|p1a: Eon|Latios, M, shiny|256\/302
|-damage|p1a: Eon|219\/302|[from] Stealth Rock
|turn|51
|
|move|p2a: Dragonite|Outrage|p1a: Eon
|-supereffective|p1a: Eon
|-damage|p1a: Eon|0 fnt
|faint|p1a: Eon
|
|-end|p2a: Dragonite|rampage
|-start|p2a: Dragonite|confusion
|
|switch|p1a: Dreamer|Salamence, M|331\/331
|-damage|p1a: Dreamer|249\/331|[from] Stealth Rock
|-ability|p1a: Dreamer|Intimidate|[of] p2a: Dragonite
|-unboost|p2a: Dragonite|atk|1
|turn|52
|
|detailschange|p1a: Dreamer|Salamence-Mega, M
|message|Salamence has Mega Evolved into Mega Salamence!
|-activate|p2a: Dragonite|confusion
|move|p2a: Dragonite|Outrage|p1a: Dreamer
|-supereffective|p1a: Dreamer
|-damage|p1a: Dreamer|0 fnt
|faint|p1a: Dreamer
|
|win|Sire Fara
|raw|Ladder updating...
|raw|wertzu's rating: 1432 &rarr; <strong>1402<\/strong><br \/>(-30 for losing)
|raw|Sire Fara's rating: 1251 &rarr; <strong>1288<\/strong><br \/>(+37 for winning)
|c|âwertzu|haxer
|c|âwertzu|!
|leave|wertzu
|player|p1
|c|âSire Fara|lol