|join|wertzu
|join|icecreamavalanche
|player|p1|wertzu|184
|player|p2|icecreamavalanche|278
|gametype|singles
|gen|6
|tier|ORAS OU
|rated
|rule|Sleep Clause Mod: Limit one foe put to sleep
|rule|Species Clause: Limit one of each PokÃ©mon
|rule|OHKO Clause: OHKO moves are banned
|rule|Moody Clause: Moody is banned
|rule|Evasion Moves Clause: Evasion moves are banned
|rule|Endless Battle Clause: Forcing endless battles is banned
|rule|HP Percentage Mod: HP is shown in percentages
|clearpoke
|poke|p1|Swampert, M
|poke|p1|Politoed, F
|poke|p1|Ferrothorn, M
|poke|p1|Kabutops, F
|poke|p1|Tornadus-Therian, M
|poke|p1|Gothitelle, M
|poke|p2|Garchomp, M
|poke|p2|Blissey, F
|poke|p2|Ninetales, M
|poke|p2|Ferrothorn, F
|poke|p2|Starmie
|poke|p2|Volcarona, F
|rule|Swagger Clause: Swagger is banned
|rule|Baton Pass Clause: Limit one PokÃ©mon knowing Baton Pass
|teampreview
|
|start
|switch|p1a: Gothitelle|Gothitelle, M|281\/281
|switch|p2a: Death|Ferrothorn, F|352\/352
|turn|1
|
|move|p1a: Gothitelle|Trick|p2a: Death
|-activate|p1a: Gothitelle|move: Trick|[of] p2a: Death
|-item|p2a: Death|Choice Specs|[from] move: Trick
|-item|p1a: Gothitelle|Rocky Helmet|[from] move: Trick
|move|p2a: Death|Leech Seed|p1a: Gothitelle
|-start|p1a: Gothitelle|move: Leech Seed
|
|-damage|p1a: Gothitelle|246\/281|[from] Leech Seed|[of] p2a: Death
|turn|2
|
|switch|p1a: Ferrothorn|Ferrothorn, M|351\/351
|move|p2a: Death|Leech Seed|p1a: Ferrothorn
|-immune|p1a: Ferrothorn|[msg]
|
|turn|3
|
|move|p2a: Death|Leech Seed|p1a: Ferrothorn
|-immune|p1a: Ferrothorn|[msg]
|move|p1a: Ferrothorn|Stealth Rock|p2a: Death
|-sidestart|p2: icecreamavalanche|move: Stealth Rock
|
|turn|4
|
|switch|p2a: Garchomp|Garchomp, M|357\/357
|-damage|p2a: Garchomp|335\/357|[from] Stealth Rock
|move|p1a: Ferrothorn|Leech Seed|p2a: Garchomp
|-start|p2a: Garchomp|move: Leech Seed
|
|-damage|p2a: Garchomp|291\/357|[from] Leech Seed|[of] p1a: Ferrothorn
|turn|5
|
|move|p2a: Garchomp|Stealth Rock|p1a: Ferrothorn
|-sidestart|p1: wertzu|move: Stealth Rock
|move|p1a: Ferrothorn|Gyro Ball|p2a: Garchomp
|-crit|p2a: Garchomp
|-damage|p2a: Garchomp|14\/357
|-damage|p1a: Ferrothorn|308\/351|[from] ability: Rough Skin|[of] p2a: Garchomp
|-damage|p1a: Ferrothorn|250\/351|[from] item: Rocky Helmet|[of] p2a: Garchomp
|
|-damage|p2a: Garchomp|0 fnt|[from] Leech Seed|[of] p1a: Ferrothorn
|-heal|p1a: Ferrothorn|264\/351|[silent]
|faint|p2a: Garchomp
|
|switch|p2a: War|Ninetales, M|350\/350
|-damage|p2a: War|263\/350|[from] Stealth Rock
|-weather|SunnyDay
|turn|6
|
|switch|p1a: Politoed|Politoed, F|383\/383
|-damage|p1a: Politoed|336\/383|[from] Stealth Rock
|-weather|RainDance
|move|p2a: War|Will-O-Wisp|p1a: Politoed
|-status|p1a: Politoed|brn
|
|-weather|RainDance|[upkeep]
|-damage|p1a: Politoed|289\/383 brn|[from] brn
|turn|7
|
|switch|p1a: Kabutops|Kabutops, F|261\/261
|-damage|p1a: Kabutops|229\/261|[from] Stealth Rock
|move|p2a: War|Confuse Ray|p1a: Kabutops
|-start|p1a: Kabutops|confusion
|
|-weather|RainDance|[upkeep]
|turn|8
|
|-activate|p1a: Kabutops|confusion
|-damage|p1a: Kabutops|165\/261|[from] confusion
|move|p2a: War|Sunny Day|p2a: War
|-weather|SunnyDay
|
|-weather|SunnyDay|[upkeep]
|turn|9
|c|âwertzu|....
|
|switch|p1a: Politoed|Politoed, F|289\/383 brn
|-damage|p1a: Politoed|242\/383 brn|[from] Stealth Rock
|-weather|RainDance
|move|p2a: War|Will-O-Wisp|p1a: Politoed
|-fail|p1a: Politoed|brn
|
|-weather|RainDance|[upkeep]
|-damage|p1a: Politoed|195\/383 brn|[from] brn
|turn|10
|
|move|p2a: War|Confuse Ray|p1a: Politoed
|-start|p1a: Politoed|confusion
|-activate|p1a: Politoed|confusion
|-damage|p1a: Politoed|180\/383 brn|[from] confusion
|
|-weather|RainDance|[upkeep]
|-damage|p1a: Politoed|133\/383 brn|[from] brn
|turn|11
|
|move|p2a: War|Sunny Day|p2a: War
|-weather|SunnyDay
|-end|p1a: Politoed|confusion
|move|p1a: Politoed|Rest|p1a: Politoed
|-status|p1a: Politoed|slp
|-heal|p1a: Politoed|383\/383 slp|[silent]
|-status|p1a: Politoed|slp|[from] move: Rest
|
|-weather|SunnyDay|[upkeep]
|turn|12
|
|move|p2a: War|Confuse Ray|p1a: Politoed
|-start|p1a: Politoed|confusion
|cant|p1a: Politoed|slp
|
|-weather|SunnyDay|[upkeep]
|turn|13
|
|switch|p2a: Jesus|Starmie|261\/261
|-damage|p2a: Jesus|229\/261|[from] Stealth Rock
|switch|p1a: Ferrothorn|Ferrothorn, M|264\/351
|-damage|p1a: Ferrothorn|243\/351|[from] Stealth Rock
|
|-weather|SunnyDay|[upkeep]
|-heal|p2a: Jesus|245\/261|[from] item: Leftovers
|turn|14
|
|move|p2a: Jesus|Rapid Spin|p1a: Ferrothorn
|-resisted|p1a: Ferrothorn
|-damage|p1a: Ferrothorn|240\/351
|-damage|p2a: Jesus|213\/261|[from] ability: Iron Barbs|[of] p1a: Ferrothorn
|-damage|p2a: Jesus|170\/261|[from] item: Rocky Helmet|[of] p1a: Ferrothorn
|-sideend|p2: icecreamavalanche|Stealth Rock|[from] move: Rapid Spin|[of] p2a: Jesus
|move|p1a: Ferrothorn|Power Whip|p2a: Jesus|[miss]
|-miss|p1a: Ferrothorn|p2a: Jesus
|
|-weather|SunnyDay|[upkeep]
|-heal|p2a: Jesus|186\/261|[from] item: Leftovers
|turn|15
|c|âwertzu|...
|c|âwertzu|haxer 2 op
|c|âicecreamavalanche|lol
|
|switch|p2a: En Sabah Nur|Volcarona, F|371\/371
|switch|p1a: Politoed|Politoed, F|383\/383 slp
|-damage|p1a: Politoed|336\/383 slp|[from] Stealth Rock
|-weather|RainDance
|
|-weather|RainDance|[upkeep]
|turn|16
|
|move|p2a: En Sabah Nur|Quiver Dance|p2a: En Sabah Nur
|-boost|p2a: En Sabah Nur|spa|1
|-boost|p2a: En Sabah Nur|spd|1
|-boost|p2a: En Sabah Nur|spe|1
|cant|p1a: Politoed|slp
|
|-weather|RainDance|[upkeep]
|turn|17
|
|move|p2a: En Sabah Nur|Bug Buzz|p1a: Politoed
|-damage|p1a: Politoed|182\/383 slp
|-curestatus|p1a: Politoed|slp
|move|p1a: Politoed|Encore|p2a: En Sabah Nur
|-start|p2a: En Sabah Nur|Encore
|
|-weather|RainDance|[upkeep]
|turn|18
|
|move|p2a: En Sabah Nur|Bug Buzz|p1a: Politoed
|-damage|p1a: Politoed|43\/383
|move|p1a: Politoed|Scald|p2a: En Sabah Nur
|-supereffective|p2a: En Sabah Nur
|-damage|p2a: En Sabah Nur|219\/371
|
|-weather|RainDance|[upkeep]
|-heal|p2a: En Sabah Nur|242\/371|[from] item: Leftovers
|turn|19
|
|switch|p1a: Tornadus-Therian|Tornadus-Therian, M|332\/332
|-damage|p1a: Tornadus-Therian|249\/332|[from] Stealth Rock
|move|p2a: En Sabah Nur|Bug Buzz|p1a: Tornadus-Therian
|-resisted|p1a: Tornadus-Therian
|-damage|p1a: Tornadus-Therian|172\/332
|
|-weather|RainDance|[upkeep]
|-heal|p2a: En Sabah Nur|265\/371|[from] item: Leftovers
|turn|20
|
|switch|p2a: Famine|Blissey, F|651\/651
|move|p1a: Tornadus-Therian|Hurricane|p2a: Famine
|-damage|p2a: Famine|558\/651
|
|-weather|RainDance|[upkeep]
|-heal|p2a: Famine|598\/651|[from] item: Leftovers
|turn|21
|
|move|p1a: Tornadus-Therian|Knock Off|p2a: Famine
|-damage|p2a: Famine|474\/651
|-enditem|p2a: Famine|Leftovers|[from] move: Knock Off|[of] p1a: Tornadus-Therian
|move|p2a: Famine|Toxic|p1a: Tornadus-Therian
|-status|p1a: Tornadus-Therian|tox
|
|-weather|RainDance|[upkeep]
|-damage|p1a: Tornadus-Therian|152\/332 tox|[from] psn
|turn|22
|
|move|p1a: Tornadus-Therian|U-turn|p2a: Famine
|-damage|p2a: Famine|379\/651
|
|switch|p1a: Kabutops|Kabutops, F|165\/261
|-damage|p1a: Kabutops|133\/261|[from] Stealth Rock
|move|p2a: Famine|Wish|p2a: Famine
|
|-weather|none
|turn|23
|
|switch|p2a: Death|Ferrothorn, F|352\/352
|move|p1a: Kabutops|Low Kick|p2a: Death
|-supereffective|p2a: Death
|-damage|p2a: Death|170\/352
|-damage|p1a: Kabutops|101\/261|[from] ability: Iron Barbs|[of] p2a: Death
|-damage|p1a: Kabutops|75\/261|[from] item: Life Orb
|
|-heal|p2a: Death|352\/352|[from] move: Wish|[wisher] Famine
|turn|24
|
|switch|p1a: Ferrothorn|Ferrothorn, M|240\/351
|-damage|p1a: Ferrothorn|219\/351|[from] Stealth Rock
|move|p2a: Death|Leech Seed|p1a: Ferrothorn
|-immune|p1a: Ferrothorn|[msg]
|
|turn|25
|
|switch|p2a: En Sabah Nur|Volcarona, F|265\/371
|move|p1a: Ferrothorn|Stealth Rock|p2a: En Sabah Nur
|-sidestart|p2: icecreamavalanche|move: Stealth Rock
|
|-heal|p2a: En Sabah Nur|288\/371|[from] item: Leftovers
|turn|26
|
|move|p2a: En Sabah Nur|Fiery Dance|p1a: Ferrothorn
|-supereffective|p1a: Ferrothorn
|-damage|p1a: Ferrothorn|0 fnt
|-boost|p2a: En Sabah Nur|spa|1
|faint|p1a: Ferrothorn
|
|-heal|p2a: En Sabah Nur|311\/371|[from] item: Leftovers
|
|switch|p1a: Swampert|Swampert, M|361\/361
|-damage|p1a: Swampert|339\/361|[from] Stealth Rock
|turn|27
|
|switch|p2a: Death|Ferrothorn, F|352\/352
|-damage|p2a: Death|330\/352|[from] Stealth Rock
|detailschange|p1a: Swampert|Swampert-Mega, M
|message|Swampert has Mega Evolved into Mega Swampert!
|move|p1a: Swampert|Waterfall|p2a: Death
|-resisted|p2a: Death
|-damage|p2a: Death|284\/352
|-damage|p1a: Swampert|294\/361|[from] ability: Iron Barbs|[of] p2a: Death
|
|turn|28
|
|switch|p1a: Gothitelle|Gothitelle, M|246\/281
|-damage|p1a: Gothitelle|211\/281|[from] Stealth Rock
|move|p2a: Death|Power Whip|p1a: Gothitelle
|-damage|p1a: Gothitelle|79\/281
|-damage|p2a: Death|226\/352|[from] item: Rocky Helmet|[of] p1a: Gothitelle
|
|turn|29
|
|move|p1a: Gothitelle|Shadow Ball|p2a: Death
|-damage|p2a: Death|160\/352
|move|p2a: Death|Power Whip|p1a: Gothitelle
|-damage|p1a: Gothitelle|0 fnt
|-damage|p2a: Death|102\/352|[from] item: Rocky Helmet|[of] p1a: Gothitelle
|faint|p1a: Gothitelle
|
|
|switch|p1a: Kabutops|Kabutops, F|75\/261
|-damage|p1a: Kabutops|43\/261|[from] Stealth Rock
|turn|30
|
|move|p1a: Kabutops|Rapid Spin|p2a: Death
|-resisted|p2a: Death
|-damage|p2a: Death|92\/352
|-damage|p1a: Kabutops|11\/261|[from] ability: Iron Barbs|[of] p2a: Death
|-sideend|p1: wertzu|Stealth Rock|[from] move: Rapid Spin|[of] p1a: Kabutops
|-damage|p1a: Kabutops|0 fnt|[from] item: Life Orb
|faint|p1a: Kabutops
|move|p2a: Death|Power Whip|p1: Kabutops|[notarget]
|-notarget
|
|
|switch|p1a: Swampert|Swampert-Mega, M|294\/361
|turn|31
|
|move|p1a: Swampert|Earthquake|p2a: Death
|-damage|p2a: Death|0 fnt
|faint|p2a: Death
|
|
|switch|p2a: War|Ninetales, M|263\/350
|-damage|p2a: War|176\/350|[from] Stealth Rock
|-weather|SunnyDay
|turn|32
|
|switch|p1a: Tornadus-Therian|Tornadus-Therian, M|262\/332 tox
|move|p2a: War|Confuse Ray|p1a: Tornadus-Therian
|-start|p1a: Tornadus-Therian|confusion
|
|-weather|SunnyDay|[upkeep]
|-damage|p1a: Tornadus-Therian|242\/332 tox|[from] psn
|turn|33
|
|-activate|p1a: Tornadus-Therian|confusion
|-damage|p1a: Tornadus-Therian|209\/332 tox|[from] confusion
|move|p2a: War|Overheat|p1a: Tornadus-Therian
|-damage|p1a: Tornadus-Therian|77\/332 tox
|-unboost|p2a: War|spa|2
|
|-weather|SunnyDay|[upkeep]
|-damage|p1a: Tornadus-Therian|37\/332 tox|[from] psn
|turn|34
|c|âwertzu|...
|
|-activate|p1a: Tornadus-Therian|confusion
|-damage|p1a: Tornadus-Therian|5\/332 tox|[from] confusion
|move|p2a: War|Will-O-Wisp|p1a: Tornadus-Therian
|-fail|p1a: Tornadus-Therian
|
|-weather|SunnyDay|[upkeep]
|-damage|p1a: Tornadus-Therian|0 fnt|[from] psn
|faint|p1a: Tornadus-Therian
|c|âwertzu|fuck u
|
|switch|p1a: Politoed|Politoed, F|43\/383
|-weather|RainDance
|turn|35
|
|switch|p2a: Jesus|Starmie|186\/261
|-damage|p2a: Jesus|154\/261|[from] Stealth Rock
|move|p1a: Politoed|Scald|p2a: Jesus
|-resisted|p2a: Jesus
|-damage|p2a: Jesus|81\/261
|
|-weather|RainDance|[upkeep]
|-heal|p2a: Jesus|97\/261|[from] item: Leftovers
|turn|36
|
|switch|p1a: Swampert|Swampert-Mega, M|294\/361
|move|p2a: Jesus|Rapid Spin|p1a: Swampert
|-damage|p1a: Swampert|284\/361
|-sideend|p2: icecreamavalanche|Stealth Rock|[from] move: Rapid Spin|[of] p2a: Jesus
|
|-weather|RainDance|[upkeep]
|-heal|p2a: Jesus|113\/261|[from] item: Leftovers
|turn|37
|
|move|p1a: Swampert|Earthquake|p2a: Jesus
|-damage|p2a: Jesus|0 fnt
|faint|p2a: Jesus
|
|-weather|RainDance|[upkeep]
|
|switch|p2a: War|Ninetales, M|176\/350
|-weather|SunnyDay
|turn|38
|
|move|p2a: War|Will-O-Wisp|p1a: Swampert
|-status|p1a: Swampert|brn
|move|p1a: Swampert|Earthquake|p2a: War
|-supereffective|p2a: War
|-damage|p2a: War|0 fnt
|faint|p2a: War
|
|-weather|SunnyDay|[upkeep]
|-damage|p1a: Swampert|239\/361 brn|[from] brn
|c|âwertzu|cant miss
|
|switch|p2a: En Sabah Nur|Volcarona, F|311\/371
|turn|39
|
|switch|p1a: Politoed|Politoed, F|43\/383
|-weather|RainDance
|move|p2a: En Sabah Nur|Bug Buzz|p1a: Politoed
|-crit|p1a: Politoed
|-damage|p1a: Politoed|0 fnt
|faint|p1a: Politoed
|
|-weather|RainDance|[upkeep]
|-heal|p2a: En Sabah Nur|334\/371|[from] item: Leftovers
|
|switch|p1a: Swampert|Swampert-Mega, M|239\/361 brn
|turn|40
|
|switch|p2a: Famine|Blissey, F|379\/651
|move|p1a: Swampert|Waterfall|p2a: Famine
|-damage|p2a: Famine|145\/651
|
|-weather|RainDance|[upkeep]
|-damage|p1a: Swampert|194\/361 brn|[from] brn
|turn|41
|
|move|p2a: Famine|Protect|p2a: Famine
|-singleturn|p2a: Famine|Protect
|move|p1a: Swampert|Power-Up Punch|p2a: Famine
|-activate|p2a: Famine|Protect
|
|-weather|RainDance|[upkeep]
|-damage|p1a: Swampert|149\/361 brn|[from] brn
|turn|42
|
|switch|p2a: En Sabah Nur|Volcarona, F|334\/371
|move|p1a: Swampert|Waterfall|p2a: En Sabah Nur
|-supereffective|p2a: En Sabah Nur
|-damage|p2a: En Sabah Nur|110\/371
|
|-weather|RainDance|[upkeep]
|-heal|p2a: En Sabah Nur|133\/371|[from] item: Leftovers
|-damage|p1a: Swampert|104\/361 brn|[from] brn
|turn|43
|
|move|p1a: Swampert|Waterfall|p2a: En Sabah Nur
|-crit|p2a: En Sabah Nur
|-supereffective|p2a: En Sabah Nur
|-damage|p2a: En Sabah Nur|0 fnt
|faint|p2a: En Sabah Nur
|
|-weather|RainDance|[upkeep]
|-damage|p1a: Swampert|59\/361 brn|[from] brn
|
|switch|p2a: Famine|Blissey, F|145\/651
|turn|44
|
|move|p2a: Famine|Protect|p2a: Famine
|-singleturn|p2a: Famine|Protect
|move|p1a: Swampert|Earthquake|p2a: Famine
|-activate|p2a: Famine|Protect
|
|-weather|RainDance|[upkeep]
|-damage|p1a: Swampert|14\/361 brn|[from] brn
|turn|45
|
|move|p2a: Famine|Protect|p2a: Famine
|-singleturn|p2a: Famine|Protect
|move|p1a: Swampert|Waterfall|p2a: Famine
|-activate|p2a: Famine|Protect
|
|-weather|RainDance|[upkeep]
|-damage|p1a: Swampert|0 fnt|[from] brn
|faint|p1a: Swampert
|
|win|icecreamavalanche
|raw|Ladder updating...
|raw|wertzu's rating: 1424 &rarr; <strong>1394<\/strong><br \/>(-30 for losing)
|raw|icecreamavalanche's rating: 1238 &rarr; <strong>1276<\/strong><br \/>(+38 for winning)
|c|âwertzu|fuck u
|c|âicecreamavalanche|OH SHIT
|c|âwertzu|haxer
|c|âicecreamavalanche|gg
|c|âicecreamavalanche|LOL
|c|âwertzu|no gg
|c|âwertzu|u suck
|leave|wertzu
|player|p1
|c|âicecreamavalanche|spoilsport