|join|Grapeo
|join|wertzu
|player|p1|Grapeo|265
|player|p2|wertzu|7
|gametype|singles
|gen|6
|tier|OU
|rated
|clearpoke
|poke|p1|Landorus-Therian, M
|poke|p1|Greninja, M
|poke|p1|Forretress, M
|poke|p1|Chansey, F
|poke|p1|Gyarados, M, shiny
|poke|p1|Venusaur, M
|poke|p2|Landorus-Therian, M
|poke|p2|Manectric, F
|poke|p2|Latios, M
|poke|p2|Greninja, M
|poke|p2|Heatran, F
|poke|p2|Azumarill, F
|rule|Swagger Clause: Swagger is banned
|rule|Baton Pass Clause: Limit one PokÃ©mon knowing Baton Pass
|rule|Sleep Clause Mod: Limit one foe put to sleep
|rule|Species Clause: Limit one of each PokÃ©mon
|rule|OHKO Clause: OHKO moves are banned
|rule|Moody Clause: Moody is banned
|rule|Evasion Moves Clause: Evasion moves are banned
|rule|Endless Battle Clause: Forcing endless battles is banned
|rule|HP Percentage Mod: HP is shown in percentages
|teampreview
|
|start
|switch|p1a: Emilio|Landorus-Therian, M|319\/319
|switch|p2a: Manectric|Manectric, F|281\/281
|-ability|p1a: Emilio|Intimidate|[of] p2a: Manectric
|-unboost|p2a: Manectric|atk|1
|turn|1
|
|switch|p2a: Landorus-Therian|Landorus-Therian, M|320\/320
|-ability|p2a: Landorus-Therian|Intimidate|[of] p1a: Emilio
|-unboost|p1a: Emilio|atk|1
|move|p1a: Emilio|U-turn|p2a: Landorus-Therian
|-resisted|p2a: Landorus-Therian
|-damage|p2a: Landorus-Therian|287\/320
|
|switch|p1a: Basile|Forretress, M|354\/354
|
|turn|2
|
|move|p2a: Landorus-Therian|U-turn|p1a: Basile
|-resisted|p1a: Basile
|-damage|p1a: Basile|322\/354
|
|switch|p2a: Manectric|Manectric, F|281\/281
|move|p1a: Basile|Stealth Rock|p2a: Manectric
|-sidestart|p2: wertzu|move: Stealth Rock
|
|-heal|p1a: Basile|344\/354|[from] item: Leftovers
|turn|3
|
|switch|p1a: Kendra|Chansey, F|642\/642
|detailschange|p2a: Manectric|Manectric-Mega, F
|message|Manectric has Mega Evolved into Mega Manectric!
|-ability|p2a: Manectric|Intimidate|[of] p1a: Kendra
|-unboost|p1a: Kendra|atk|1
|move|p2a: Manectric|Volt Switch|p1a: Kendra
|-damage|p1a: Kendra|573\/642
|
|switch|p2a: Landorus-Therian|Landorus-Therian, M|287\/320
|-damage|p2a: Landorus-Therian|247\/320|[from] Stealth Rock
|-ability|p2a: Landorus-Therian|Intimidate|[of] p1a: Kendra
|-unboost|p1a: Kendra|atk|1
|
|turn|4
|
|switch|p1a: Emilio|Landorus-Therian, M|319\/319
|-ability|p1a: Emilio|Intimidate|[of] p2a: Landorus-Therian
|-unboost|p2a: Landorus-Therian|atk|1
|move|p2a: Landorus-Therian|U-turn|p1a: Emilio
|-resisted|p1a: Emilio
|-damage|p1a: Emilio|289\/319
|
|switch|p2a: Azumarill|Azumarill, F|403\/403
|-damage|p2a: Azumarill|353\/403|[from] Stealth Rock
|
|turn|5
|
|switch|p1a: Ziggy|Venusaur, M|364\/364
|switch|p2a: Heatran|Heatran, F|385\/385
|-damage|p2a: Heatran|337\/385|[from] Stealth Rock
|
|-heal|p2a: Heatran|361\/385|[from] item: Leftovers
|turn|6
|
|switch|p1a: Emilio|Landorus-Therian, M|289\/319
|-ability|p1a: Emilio|Intimidate|[of] p2a: Heatran
|-unboost|p2a: Heatran|atk|1
|move|p2a: Heatran|Stealth Rock|p1a: Emilio
|-sidestart|p1: Grapeo|move: Stealth Rock
|
|-heal|p2a: Heatran|385\/385|[from] item: Leftovers
|turn|7
|
|move|p1a: Emilio|U-turn|p2a: Heatran
|-resisted|p2a: Heatran
|-damage|p2a: Heatran|363\/385
|
|switch|p1a: Heraldo|Greninja, M|286\/286
|-damage|p1a: Heraldo|251\/286|[from] Stealth Rock
|move|p2a: Heatran|Lava Plume|p1a: Heraldo
|-resisted|p1a: Heraldo
|-damage|p1a: Heraldo|167\/286
|-status|p1a: Heraldo|brn
|
|-heal|p2a: Heatran|385\/385|[from] item: Leftovers
|-damage|p1a: Heraldo|132\/286 brn|[from] brn
|turn|8
|
|switch|p2a: Azumarill|Azumarill, F|353\/403
|-damage|p2a: Azumarill|303\/403|[from] Stealth Rock
|move|p1a: Heraldo|U-turn|p2a: Azumarill
|-start|p1a: Heraldo|typechange|Bug|[from] Protean
|-resisted|p2a: Azumarill
|-damage|p2a: Azumarill|282\/403
|
|switch|p1a: Ziggy|Venusaur, M|364\/364
|-damage|p1a: Ziggy|319\/364|[from] Stealth Rock
|
|turn|9
|
|switch|p2a: Heatran|Heatran, F|385\/385
|-damage|p2a: Heatran|337\/385|[from] Stealth Rock
|detailschange|p1a: Ziggy|Venusaur-Mega, M
|message|Venusaur has Mega Evolved into Mega Venusaur!
|move|p1a: Ziggy|Leech Seed|p2a: Heatran
|-start|p2a: Heatran|move: Leech Seed
|
|-heal|p2a: Heatran|361\/385|[from] item: Leftovers
|-damage|p2a: Heatran|313\/385|[from] Leech Seed|[of] p1a: Ziggy
|-heal|p1a: Ziggy|364\/364|[silent]
|turn|10
|
|switch|p2a: Latios|Latios, M|302\/302
|-damage|p2a: Latios|265\/302|[from] Stealth Rock
|move|p1a: Ziggy|Roar|p2a: Latios
|drag|p2a: Manectric|Manectric-Mega, F|281\/281
|-damage|p2a: Manectric|246\/281|[from] Stealth Rock
|-ability|p2a: Manectric|Intimidate|[of] p1a: Ziggy
|-unboost|p1a: Ziggy|atk|1
|
|turn|11
|
|move|p2a: Manectric|Volt Switch|p1a: Ziggy
|-resisted|p1a: Ziggy
|-damage|p1a: Ziggy|313\/364
|
|switch|p2a: Latios|Latios, M|265\/302
|-damage|p2a: Latios|228\/302|[from] Stealth Rock
|move|p1a: Ziggy|Leech Seed|p2a: Latios
|-start|p2a: Latios|move: Leech Seed
|
|-damage|p2a: Latios|191\/302|[from] Leech Seed|[of] p1a: Ziggy
|-heal|p1a: Ziggy|350\/364|[silent]
|turn|12
|
|switch|p1a: Kendra|Chansey, F|573\/642
|-damage|p1a: Kendra|493\/642|[from] Stealth Rock
|move|p2a: Latios|Defog|p1a: Kendra
|-unboost|p1a: Kendra|evasion|1
|-sideend|p1: Grapeo|Stealth Rock|[from] move: Defog|[of] p1a: Kendra
|-sideend|p2: wertzu|Stealth Rock|[from] move: Defog|[of] p2a: Latios
|
|-damage|p2a: Latios|154\/302|[from] Leech Seed|[of] p1a: Kendra
|-heal|p1a: Kendra|530\/642|[silent]
|turn|13
|
|switch|p2a: Azumarill|Azumarill, F|282\/403
|move|p1a: Kendra|Wish|p1a: Kendra
|
|turn|14
|
|switch|p2a: Greninja|Greninja, M|286\/286
|switch|p1a: Basile|Forretress, M|344\/354
|
|-heal|p1a: Basile|354\/354|[from] move: Wish|[wisher] Kendra
|turn|15
|
|move|p2a: Greninja|Dark Pulse|p1a: Basile
|-start|p2a: Greninja|typechange|Dark|[from] Protean
|-damage|p1a: Basile|212\/354
|-damage|p2a: Greninja|258\/286|[from] item: Life Orb
|move|p1a: Basile|Stealth Rock|p2a: Greninja
|-sidestart|p2: wertzu|move: Stealth Rock
|
|-heal|p1a: Basile|234\/354|[from] item: Leftovers
|turn|16
|
|switch|p1a: Kendra|Chansey, F|530\/642
|move|p2a: Greninja|Hydro Pump|p1a: Kendra
|-start|p2a: Greninja|typechange|Water|[from] Protean
|-damage|p1a: Kendra|427\/642
|-damage|p2a: Greninja|230\/286|[from] item: Life Orb
|
|turn|17
|
|switch|p2a: Manectric|Manectric-Mega, F|246\/281
|-damage|p2a: Manectric|211\/281|[from] Stealth Rock
|-ability|p2a: Manectric|Intimidate|[of] p1a: Kendra
|-unboost|p1a: Kendra|atk|1
|move|p1a: Kendra|Wish|p1a: Kendra
|
|turn|18
|
|move|p2a: Manectric|Hidden Power|p1a: Kendra
|-damage|p1a: Kendra|390\/642
|move|p1a: Kendra|Seismic Toss|p2a: Manectric
|-damage|p2a: Manectric|111\/281
|
|-heal|p1a: Kendra|642\/642|[from] move: Wish|[wisher] Kendra
|turn|19
|
|move|p2a: Manectric|Volt Switch|p1a: Kendra
|-crit|p1a: Kendra
|-damage|p1a: Kendra|543\/642
|
|switch|p2a: Landorus-Therian|Landorus-Therian, M|247\/320
|-damage|p2a: Landorus-Therian|207\/320|[from] Stealth Rock
|-ability|p2a: Landorus-Therian|Intimidate|[of] p1a: Kendra
|-unboost|p1a: Kendra|atk|1
|move|p1a: Kendra|Heal Bell|p1a: Kendra
|-cureteam|p1a: Kendra|[from] move: HealBell
|
|turn|20
|
|switch|p1a: Emilio|Landorus-Therian, M|289\/319
|-ability|p1a: Emilio|Intimidate|[of] p2a: Landorus-Therian
|-unboost|p2a: Landorus-Therian|atk|1
|move|p2a: Landorus-Therian|Knock Off|p1a: Emilio
|-damage|p1a: Emilio|195\/319
|-enditem|p1a: Emilio|Choice Scarf|[from] move: Knock Off|[of] p2a: Landorus-Therian
|
|turn|21
|
|switch|p2a: Azumarill|Azumarill, F|282\/403
|-damage|p2a: Azumarill|232\/403|[from] Stealth Rock
|move|p1a: Emilio|U-turn|p2a: Azumarill
|-resisted|p2a: Azumarill
|-damage|p2a: Azumarill|170\/403
|
|switch|p1a: Ziggy|Venusaur-Mega, M|350\/364
|
|turn|22
|
|move|p1a: Ziggy|Leech Seed|p2a: Azumarill
|-start|p2a: Azumarill|move: Leech Seed
|move|p2a: Azumarill|Knock Off|p1a: Ziggy
|-damage|p1a: Ziggy|285\/364
|
|-damage|p2a: Azumarill|120\/403|[from] Leech Seed|[of] p1a: Ziggy
|-heal|p1a: Ziggy|335\/364|[silent]
|turn|23
|
|move|p1a: Ziggy|Leech Seed|p2a: Azumarill
|-fail|p2a: Azumarill
|move|p2a: Azumarill|Superpower|p1a: Ziggy
|-resisted|p1a: Ziggy
|-damage|p1a: Ziggy|277\/364
|-unboost|p2a: Azumarill|atk|1
|-unboost|p2a: Azumarill|def|1
|
|-damage|p2a: Azumarill|70\/403|[from] Leech Seed|[of] p1a: Ziggy
|-heal|p1a: Ziggy|327\/364|[silent]
|turn|24
|
|move|p2a: Azumarill|Knock Off|p1a: Ziggy
|-damage|p1a: Ziggy|287\/364
|move|p1a: Ziggy|Roar|p2a: Azumarill
|drag|p2a: Greninja|Greninja, M|230\/286
|-damage|p2a: Greninja|195\/286|[from] Stealth Rock
|
|turn|25
|c|âwertzu|damn
|
|switch|p1a: Kendra|Chansey, F|543\/642
|move|p2a: Greninja|Extrasensory|p1a: Kendra
|-start|p2a: Greninja|typechange|Psychic|[from] Protean
|-damage|p1a: Kendra|461\/642
|-damage|p2a: Greninja|167\/286|[from] item: Life Orb
|
|turn|26
|
|switch|p2a: Latios|Latios, M|154\/302
|-damage|p2a: Latios|117\/302|[from] Stealth Rock
|move|p1a: Kendra|Wish|p1a: Kendra
|
|turn|27
|
|switch|p1a: Basile|Forretress, M|234\/354
|move|p2a: Latios|Psyshock|p1a: Basile
|-resisted|p1a: Basile
|-damage|p1a: Basile|166\/354
|-damage|p2a: Latios|87\/302|[from] item: Life Orb
|
|-heal|p1a: Basile|354\/354|[from] move: Wish|[wisher] Kendra
|turn|28
|
|move|p2a: Latios|Surf|p1a: Basile
|-damage|p1a: Basile|221\/354
|-damage|p2a: Latios|57\/302|[from] item: Life Orb
|move|p1a: Basile|Volt Switch|p2a: Latios
|-resisted|p2a: Latios
|-damage|p2a: Latios|40\/302
|
|switch|p1a: Emilio|Landorus-Therian, M|195\/319
|-ability|p1a: Emilio|Intimidate|[of] p2a: Latios
|-unboost|p2a: Latios|atk|1
|
|turn|29
|
|switch|p1a: Kendra|Chansey, F|461\/642
|move|p2a: Latios|Defog|p1a: Kendra
|-unboost|p1a: Kendra|evasion|1
|-sideend|p2: wertzu|Stealth Rock|[from] move: Defog|[of] p2a: Latios
|
|turn|30
|
|move|p2a: Latios|Psyshock|p1a: Kendra
|-damage|p1a: Kendra|227\/642
|-damage|p2a: Latios|10\/302|[from] item: Life Orb
|move|p1a: Kendra|Wish|p1a: Kendra
|
|turn|31
|
|switch|p1a: Basile|Forretress, M|221\/354
|move|p2a: Latios|Psyshock|p1a: Basile
|-resisted|p1a: Basile
|-damage|p1a: Basile|148\/354
|-damage|p2a: Latios|0 fnt|[from] item: Life Orb
|faint|p2a: Latios
|
|-heal|p1a: Basile|354\/354|[from] move: Wish|[wisher] Kendra
|
|switch|p2a: Heatran|Heatran, F|313\/385
|turn|32
|
|switch|p1a: Jorge|Gyarados, M, shiny|353\/353
|-ability|p1a: Jorge|Intimidate|[of] p2a: Heatran
|-unboost|p2a: Heatran|atk|1
|move|p2a: Heatran|Lava Plume|p1a: Jorge
|-resisted|p1a: Jorge
|-damage|p1a: Jorge|290\/353
|-status|p1a: Jorge|brn
|
|-heal|p1a: Jorge|312\/353 brn|[from] item: Leftovers
|-heal|p2a: Heatran|337\/385|[from] item: Leftovers
|-damage|p1a: Jorge|268\/353 brn|[from] brn
|turn|33
|
|switch|p1a: Heraldo|Greninja, M|132\/286
|switch|p2a: Azumarill|Azumarill, F|70\/403
|
|turn|34
|
|move|p2a: Azumarill|Aqua Jet|p1a: Heraldo
|-resisted|p1a: Heraldo
|-damage|p1a: Heraldo|77\/286
|move|p1a: Heraldo|Ice Beam|p2a: Azumarill
|-start|p1a: Heraldo|typechange|Ice|[from] Protean
|-resisted|p2a: Azumarill
|-damage|p2a: Azumarill|11\/403
|
|turn|35
|
|switch|p1a: Ziggy|Venusaur-Mega, M|287\/364
|move|p2a: Azumarill|Aqua Jet|p1a: Ziggy
|-resisted|p1a: Ziggy
|-damage|p1a: Ziggy|258\/364
|
|turn|36
|
|move|p1a: Ziggy|Giga Drain|p2a: Azumarill
|-supereffective|p2a: Azumarill
|-damage|p2a: Azumarill|0 fnt
|-heal|p1a: Ziggy|264\/364|[from] drain|[of] p2a: Azumarill
|faint|p2a: Azumarill
|
|
|switch|p2a: Heatran|Heatran, F|337\/385
|turn|37
|
|move|p1a: Ziggy|Leech Seed|p2a: Heatran|[miss]
|-miss|p1a: Ziggy|p2a: Heatran
|move|p2a: Heatran|Lava Plume|p1a: Ziggy
|-supereffective|p1a: Ziggy
|-damage|p1a: Ziggy|154\/364
|
|-heal|p2a: Heatran|361\/385|[from] item: Leftovers
|turn|38
|
|switch|p1a: Jorge|Gyarados, M, shiny|268\/353 brn
|-ability|p1a: Jorge|Intimidate|[of] p2a: Heatran
|-unboost|p2a: Heatran|atk|1
|move|p2a: Heatran|Stealth Rock|p1a: Jorge
|-sidestart|p1: Grapeo|move: Stealth Rock
|
|-heal|p1a: Jorge|290\/353 brn|[from] item: Leftovers
|-heal|p2a: Heatran|385\/385|[from] item: Leftovers
|-damage|p1a: Jorge|246\/353 brn|[from] brn
|turn|39
|
|switch|p2a: Landorus-Therian|Landorus-Therian, M|207\/320
|-ability|p2a: Landorus-Therian|Intimidate|[of] p1a: Jorge
|-unboost|p1a: Jorge|atk|1
|move|p1a: Jorge|Waterfall|p2a: Landorus-Therian
|-supereffective|p2a: Landorus-Therian
|-damage|p2a: Landorus-Therian|109\/320
|
|-heal|p1a: Jorge|268\/353 brn|[from] item: Leftovers
|-damage|p1a: Jorge|224\/353 brn|[from] brn
|turn|40
|
|move|p2a: Landorus-Therian|U-turn|p1a: Jorge
|-resisted|p1a: Jorge
|-damage|p1a: Jorge|174\/353 brn
|
|switch|p2a: Manectric|Manectric-Mega, F|111\/281
|-ability|p2a: Manectric|Intimidate|[of] p1a: Jorge
|-unboost|p1a: Jorge|atk|1
|move|p1a: Jorge|Waterfall|p2a: Manectric
|-damage|p2a: Manectric|63\/281
|
|-heal|p1a: Jorge|196\/353 brn|[from] item: Leftovers
|-damage|p1a: Jorge|152\/353 brn|[from] brn
|turn|41
|
|move|p2a: Manectric|Volt Switch|p1a: Jorge
|-supereffective|p1a: Jorge
|-damage|p1a: Jorge|0 fnt
|faint|p1a: Jorge
|
|switch|p2a: Heatran|Heatran, F|385\/385
|
|
|switch|p1a: Emilio|Landorus-Therian, M|195\/319
|-damage|p1a: Emilio|156\/319|[from] Stealth Rock
|-ability|p1a: Emilio|Intimidate|[of] p2a: Heatran
|-unboost|p2a: Heatran|atk|1
|turn|42
|
|switch|p2a: Landorus-Therian|Landorus-Therian, M|109\/320
|-ability|p2a: Landorus-Therian|Intimidate|[of] p1a: Emilio
|-unboost|p1a: Emilio|atk|1
|move|p1a: Emilio|U-turn|p2a: Landorus-Therian
|-resisted|p2a: Landorus-Therian
|-damage|p2a: Landorus-Therian|74\/320
|
|switch|p1a: Basile|Forretress, M|354\/354
|-damage|p1a: Basile|310\/354|[from] Stealth Rock
|
|-heal|p1a: Basile|332\/354|[from] item: Leftovers
|turn|43
|
|move|p2a: Landorus-Therian|U-turn|p1a: Basile
|-resisted|p1a: Basile
|-damage|p1a: Basile|299\/354
|
|switch|p2a: Heatran|Heatran, F|385\/385
|move|p1a: Basile|Rapid Spin|p2a: Heatran
|-resisted|p2a: Heatran
|-damage|p2a: Heatran|379\/385
|-sideend|p1: Grapeo|Stealth Rock|[from] move: Rapid Spin|[of] p1a: Basile
|
|-heal|p2a: Heatran|385\/385|[from] item: Leftovers
|-heal|p1a: Basile|321\/354|[from] item: Leftovers
|turn|44
|
|move|p2a: Heatran|Lava Plume|p1a: Basile
|-supereffective|p1a: Basile
|-damage|p1a: Basile|0 fnt
|faint|p1a: Basile
|
|
|switch|p1a: Heraldo|Greninja, M|77\/286
|turn|45
|
|move|p1a: Heraldo|Hydro Pump|p2a: Heatran
|-start|p1a: Heraldo|typechange|Water|[from] Protean
|-supereffective|p2a: Heatran
|-damage|p2a: Heatran|68\/385
|move|p2a: Heatran|Lava Plume|p1a: Heraldo
|-resisted|p1a: Heraldo
|-damage|p1a: Heraldo|0 fnt
|faint|p1a: Heraldo
|
|-heal|p2a: Heatran|92\/385|[from] item: Leftovers
|
|switch|p1a: Emilio|Landorus-Therian, M|156\/319
|-ability|p1a: Emilio|Intimidate|[of] p2a: Heatran
|-unboost|p2a: Heatran|atk|1
|turn|46
|
|move|p1a: Emilio|Superpower|p2a: Heatran
|-supereffective|p2a: Heatran
|-damage|p2a: Heatran|0 fnt
|-unboost|p1a: Emilio|atk|1
|-unboost|p1a: Emilio|def|1
|faint|p2a: Heatran
|
|
|switch|p2a: Manectric|Manectric-Mega, F|63\/281
|-ability|p2a: Manectric|Intimidate|[of] p1a: Emilio
|-unboost|p1a: Emilio|atk|1
|turn|47
|
|move|p2a: Manectric|Hidden Power|p1a: Emilio
|-supereffective|p1a: Emilio
|-damage|p1a: Emilio|0 fnt
|faint|p1a: Emilio
|
|
|switch|p1a: Kendra|Chansey, F|227\/642
|turn|48
|
|move|p2a: Manectric|Volt Switch|p1a: Kendra
|-damage|p1a: Kendra|164\/642
|
|switch|p2a: Landorus-Therian|Landorus-Therian, M|74\/320
|-ability|p2a: Landorus-Therian|Intimidate|[of] p1a: Kendra
|-unboost|p1a: Kendra|atk|1
|move|p1a: Kendra|Wish|p1a: Kendra
|
|turn|49
|
|switch|p1a: Ziggy|Venusaur-Mega, M|154\/364
|move|p2a: Landorus-Therian|Earthquake|p1a: Ziggy
|-damage|p1a: Ziggy|34\/364
|
|-heal|p1a: Ziggy|355\/364|[from] move: Wish|[wisher] Kendra
|turn|50
|
|switch|p2a: Manectric|Manectric-Mega, F|63\/281
|-ability|p2a: Manectric|Intimidate|[of] p1a: Ziggy
|-unboost|p1a: Ziggy|atk|1
|move|p1a: Ziggy|Leech Seed|p2a: Manectric|[miss]
|-miss|p1a: Ziggy|p2a: Manectric
|
|turn|51
|
|move|p2a: Manectric|Overheat|p1a: Ziggy|[miss]
|-miss|p2a: Manectric|p1a: Ziggy
|move|p1a: Ziggy|Giga Drain|p2a: Manectric
|-damage|p2a: Manectric|0 fnt
|-heal|p1a: Ziggy|364\/364|[from] drain|[of] p2a: Manectric
|faint|p2a: Manectric
|
|c|âwertzu|of course
|
|switch|p2a: Greninja|Greninja, M|167\/286
|turn|52
|
|move|p2a: Greninja|Extrasensory|p1a: Ziggy
|-start|p2a: Greninja|typechange|Psychic|[from] Protean
|-supereffective|p1a: Ziggy
|-damage|p1a: Ziggy|73\/364
|-damage|p2a: Greninja|139\/286|[from] item: Life Orb
|move|p1a: Ziggy|Giga Drain|p2a: Greninja
|-damage|p2a: Greninja|0 fnt
|-heal|p1a: Ziggy|143\/364|[from] drain|[of] p2a: Greninja
|faint|p2a: Greninja
|
|
|switch|p2a: Landorus-Therian|Landorus-Therian, M|74\/320
|-ability|p2a: Landorus-Therian|Intimidate|[of] p1a: Ziggy
|-unboost|p1a: Ziggy|atk|1
|turn|53
|
|move|p2a: Landorus-Therian|Earthquake|p1a: Ziggy
|-crit|p1a: Ziggy
|-damage|p1a: Ziggy|0 fnt
|faint|p1a: Ziggy
|
|c|âGrapeo|haha
|c|âGrapeo|gg
|c|âwertzu|lolz
|
|switch|p1a: Kendra|Chansey, F|164\/642
|turn|54
|
|move|p2a: Landorus-Therian|Earthquake|p1a: Kendra
|-damage|p1a: Kendra|0 fnt
|faint|p1a: Kendra
|
|win|wertzu
|raw|Ladder updating...
|raw|Grapeo's rating: 1410 &rarr; <strong>1394<\/strong><br \/>(-16 for losing)
|raw|wertzu's rating: 1479 &rarr; <strong>1495<\/strong><br \/>(+16 for winning)
|c|âwertzu|gg