|join|Shida
|join|wertzu
|player|p1|Shida|290
|player|p2|wertzu|184
|gametype|singles
|gen|6
|tier|OU
|clearpoke
|poke|p1|Latios, M
|poke|p1|Gliscor, M, shiny
|poke|p1|Skarmory, M, shiny
|poke|p1|Diancie, shiny
|poke|p1|Talonflame, M
|poke|p1|Rotom-Wash, shiny
|poke|p2|Latias, F
|poke|p2|Landorus-Therian, M
|poke|p2|Magnezone
|poke|p2|Azumarill, F
|poke|p2|Metagross
|poke|p2|Clefable, F
|rule|Swagger Clause: Swagger is banned
|rule|Baton Pass Clause: Limit one PokÃ©mon knowing Baton Pass
|rule|Sleep Clause Mod: Limit one foe put to sleep
|rule|Species Clause: Limit one of each PokÃ©mon
|rule|OHKO Clause: OHKO moves are banned
|rule|Moody Clause: Moody is banned
|rule|Evasion Moves Clause: Evasion moves are banned
|rule|Endless Battle Clause: Forcing endless battles is banned
|rule|HP Percentage Mod: HP is shown in percentages
|teampreview
|join|AdvanceShip
|join|Levinlux
|join|Shizuki
|join|teamtesting3
|join|Zockey
|join|Nicowhaat
|join|Crevice
|join|bidoofuber
|join|av kakuna
|c| Levinlux|go shoda
|c|âwertzu|Oo
|c| Shizuki|gl hf! an beide
|join|Moskito
|join|Mellartach
|c| Moskito|gooo shida
|c|âwertzu|haha levin
|c| Nicowhaat|mach mich stolz wertzu! :o
|c| Moskito|kill him
|c| Shizuki|wertzu, spÃ¼rst du schon den druck?
|c| Shizuki|:p
|join|Lord Qwilfish
|
|start
|switch|p1a: Rotom-Wash|Rotom-Wash, shiny|304\/304
|switch|p2a: Magnezone|Magnezone|324\/324
|turn|1
|c| Zockey|go Cheater kill him with bacon
|c| teamtesting3|wertzu for president
|
|switch|p1a: Gliscor|Gliscor, M, shiny|354\/354
|move|p2a: Magnezone|Flash Cannon|p1a: Gliscor
|-damage|p1a: Gliscor|44\/354
|
|-status|p1a: Gliscor|tox|[from] item: Toxic Orb
|turn|2
|join|Mazary
|c| Levinlux|wertzu ist eh nur durch die freerunde so weit gekommen
|
|switch|p2a: Azumarill|Azumarill, F|401\/401
|move|p1a: Gliscor|Protect|p1a: Gliscor
|-fail|p1a: Gliscor
|
|-heal|p1a: Gliscor|88\/354 tox|[from] ability: Poison Heal
|turn|3
|
|switch|p1a: Skarmory|Skarmory, M, shiny|334\/334
|move|p2a: Azumarill|Knock Off|p1a: Skarmory
|-damage|p1a: Skarmory|246\/334
|-enditem|p1a: Skarmory|Shed Shell|[from] move: Knock Off|[of] p2a: Azumarill
|
|turn|4
|c| teamtesting3|wertzu isn pro also ruhe auf den billigen plÃ¤tzen :D
|
|switch|p2a: Magnezone|Magnezone|324\/324
|move|p1a: Skarmory|Whirlwind|p2a: Magnezone
|drag|p2a: Landorus-Therian|Landorus-Therian, M|319\/319
|-ability|p2a: Landorus-Therian|Intimidate|[of] p1a: Skarmory
|-unboost|p1a: Skarmory|atk|1
|
|turn|5
|join|Taran T.
|
|move|p2a: Landorus-Therian|U-turn|p1a: Skarmory
|-crit|p1a: Skarmory
|-resisted|p1a: Skarmory
|-damage|p1a: Skarmory|226\/334
|
|switch|p2a: Magnezone|Magnezone|324\/324
|move|p1a: Skarmory|Roost|p1a: Skarmory
|-heal|p1a: Skarmory|334\/334
|
|turn|6
|
|move|p2a: Magnezone|Volt Switch|p1a: Skarmory
|-supereffective|p1a: Skarmory
|-activate|p1a: Skarmory|Sturdy
|-damage|p1a: Skarmory|1\/334
|
|switch|p2a: Landorus-Therian|Landorus-Therian, M|319\/319
|-ability|p2a: Landorus-Therian|Intimidate|[of] p1a: Skarmory
|-unboost|p1a: Skarmory|atk|1
|move|p1a: Skarmory|Whirlwind|p2a: Landorus-Therian
|drag|p2a: Latias|Latias, F|301\/301
|
|turn|7
|
|switch|p1a: Diancie|Diancie, shiny|241\/241
|move|p2a: Latias|Psyshock|p1a: Diancie
|-damage|p1a: Diancie|112\/241
|-damage|p2a: Latias|271\/301|[from] item: Life Orb
|
|turn|8
|c| Mazary|mal ne frage shida
|
|move|p2a: Latias|Psyshock|p1a: Diancie
|-damage|p1a: Diancie|0 fnt
|-damage|p2a: Latias|241\/301|[from] item: Life Orb
|faint|p1a: Diancie
|
|c| Nicowhaat|wertzu muss mich stolz machen Â°^Â°
|
|switch|p1a: Latios|Latios, M|301\/301
|turn|9
|c| Mazary|was bringts dir zu whirlwinden
|c| Mazary|wenn du keine hazards drauf hast
|c| Shizuki|?
|c| Mazary|und der gegner dich auf sturdy runterbringen kann
|
|switch|p2a: Metagross|Metagross|301\/301
|move|p1a: Latios|Draco Meteor|p2a: Metagross
|-resisted|p2a: Metagross
|-damage|p2a: Metagross|136\/301
|-unboost|p1a: Latios|spa|2
|-damage|p1a: Latios|271\/301|[from] item: Life Orb
|
|turn|10
|c| AdvanceShip|einfach roosten er wird eh volt switchen
|c| Moskito|ich glaub der ist nun nervÃ¶s weil so viele zuschaun :x
|c| Mazary|^
|
|detailschange|p2a: Metagross|Metagross-Mega
|message|Metagross has Mega Evolved into Mega Metagross!
|move|p1a: Latios|Earthquake|p2a: Metagross
|-crit|p2a: Metagross
|-supereffective|p2a: Metagross
|-damage|p2a: Metagross|0 fnt
|-damage|p1a: Latios|241\/301|[from] item: Life Orb
|faint|p2a: Metagross
|
|c| Mazary|oder sr legen
|c| av kakuna|oder halt hazards raushauen
|c| Crevice|lass dir nicht von nem verlierer tipps geben haha
|c| Levinlux|RIP
|c| Shizuki|xD
|
|switch|p2a: Landorus-Therian|Landorus-Therian, M|319\/319
|-ability|p2a: Landorus-Therian|Intimidate|[of] p1a: Latios
|-unboost|p1a: Latios|atk|1
|turn|11
|c|âwertzu|#crit mattered
|c|âShida|i don't speak deutsche
|
|switch|p1a: Rotom-Wash|Rotom-Wash, shiny|304\/304
|move|p2a: Landorus-Therian|U-turn|p1a: Rotom-Wash
|-damage|p1a: Rotom-Wash|220\/304
|
|switch|p2a: Magnezone|Magnezone|324\/324
|
|-heal|p1a: Rotom-Wash|239\/304|[from] item: Leftovers
|turn|12
|c| Moskito|wertzu v erliert ein poke udn die menge tooobt
|c| Mazary|psst crevice das ist auch halbfinale
|
|move|p1a: Rotom-Wash|Volt Switch|p2a: Magnezone
|-resisted|p2a: Magnezone
|-damage|p2a: Magnezone|270\/324
|
|switch|p1a: Skarmory|Skarmory, M, shiny|1\/334
|move|p2a: Magnezone|Volt Switch|p1a: Skarmory
|-supereffective|p1a: Skarmory
|-damage|p1a: Skarmory|0 fnt
|faint|p1a: Skarmory
|join|Jirachinite
|c| Crevice|Echt?
|c| Jirachinite|WERTZU AUS WERTZULAND
|c| Shizuki|^
|
|switch|p2a: Clefable|Clefable, F|393\/393
|
|
|switch|p1a: Smogon Bird|Talonflame, M|298\/298
|turn|13
|c| Crevice|Psst Mazary es ist halb neun, ab ins Bett oder ich sags deiner Mutter
|
|switch|p2a: Landorus-Therian|Landorus-Therian, M|319\/319
|-ability|p2a: Landorus-Therian|Intimidate|[of] p1a: Smogon Bird
|-unboost|p1a: Smogon Bird|atk|1
|move|p1a: Smogon Bird|Brave Bird|p2a: Landorus-Therian
|-damage|p2a: Landorus-Therian|141\/319
|-damage|p1a: Smogon Bird|239\/298|[from] recoil|[of] p2a: Landorus-Therian
|
|turn|14
|c| Shizuki|pfff...
|c| Nicowhaat|wertzu mach mich stolz oder du bist nicht mehr mein sohn :O
|c| Shizuki|wie im kindergarten ihr zwei
|
|switch|p2a: Clefable|Clefable, F|393\/393
|move|p1a: Smogon Bird|Brave Bird|p2a: Clefable
|-damage|p2a: Clefable|194\/393
|-damage|p1a: Smogon Bird|173\/298|[from] recoil|[of] p2a: Clefable
|
|-heal|p2a: Clefable|218\/393|[from] item: Leftovers
|turn|15
|c| av kakuna|muss das jetzt hier sein?
|c| AdvanceShip|dam...hÃ¤tte mir so gerne nen finale gegen bÃ¼rgerfresser gewÃ¼nscht
|
|switch|p2a: Magnezone|Magnezone|270\/324
|move|p1a: Smogon Bird|Brave Bird|p2a: Magnezone
|-resisted|p2a: Magnezone
|-damage|p2a: Magnezone|236\/324
|-damage|p1a: Smogon Bird|162\/298|[from] recoil|[of] p2a: Magnezone
|
|turn|16
|c| Mazary|crevice kennt man den
|c| Mazary|noch nie gehÃ¶rt
|
|switch|p1a: Rotom-Wash|Rotom-Wash, shiny|239\/304
|move|p2a: Magnezone|Flash Cannon|p1a: Rotom-Wash
|-resisted|p1a: Rotom-Wash
|-damage|p1a: Rotom-Wash|197\/304
|
|-heal|p1a: Rotom-Wash|216\/304|[from] item: Leftovers
|turn|17
|c| Levinlux|#plays
|c|âwertzu|skill switches
|c| Nicowhaat|nur ich darf bÃ¼rgerfresser bÃ¼rgerfresser nennen :<
|c| bidoofuber|kennt man dich?
|c| Crevice|ich finds witzignwie Mazary sich immer aufregt
|
|switch|p2a: Latias|Latias, F|241\/301
|move|p1a: Rotom-Wash|Volt Switch|p2a: Latias
|-resisted|p2a: Latias
|-damage|p2a: Latias|205\/301
|c| Mazary|eher als dich oder
|c| Crevice|weil er nichts kann
|join|EXPLOUDED BURST
|c| Mazary|alex
|c| Mazary|ich weiÃ schon, dass du das bist keine sorge
|c| AdvanceShip|wie dÃ¼rfen ihn andere denn nennen?
|c|âwertzu|dÃ¶nerfresser
|c| Shizuki|is zwar net mein ding, aber es regt echt auf
|
|switch|p1a: Smogon Bird|Talonflame, M|162\/298
|
|turn|18
|c| EXPLOUDED BURST|SPÃREN SIES MR KRABS?
|
|switch|p2a: Magnezone|Magnezone|236\/324
|move|p1a: Smogon Bird|U-turn|p2a: Magnezone
|-resisted|p2a: Magnezone
|-damage|p2a: Magnezone|196\/324
|
|switch|p1a: Latios|Latios, M|241\/301
|
|turn|19
|c| Shizuki|vorallem als ob du besser bist crevice
|
|switch|p2a: Landorus-Therian|Landorus-Therian, M|141\/319
|-ability|p2a: Landorus-Therian|Intimidate|[of] p1a: Latios
|-unboost|p1a: Latios|atk|1
|move|p1a: Latios|Draco Meteor|p2a: Landorus-Therian
|-crit|p2a: Landorus-Therian
|-damage|p2a: Landorus-Therian|0 fnt
|-unboost|p1a: Latios|spa|2
|-damage|p1a: Latios|211\/301|[from] item: Life Orb
|faint|p2a: Landorus-Therian
|
|
|switch|p2a: Azumarill|Azumarill, F|401\/401
|turn|20
|
|switch|p1a: Rotom-Wash|Rotom-Wash, shiny|216\/304
|move|p2a: Azumarill|Knock Off|p1a: Rotom-Wash
|-damage|p1a: Rotom-Wash|91\/304
|-enditem|p1a: Rotom-Wash|Leftovers|[from] move: Knock Off|[of] p2a: Azumarill
|
|turn|21
|c| Levinlux|go ahead and get predicted
|c| Lord Qwilfish|Mazary: crevice kennt man den
|c| Lord Qwilfish|Mazary: noch nie gehÃ¶rt
|
|move|p1a: Rotom-Wash|Will-O-Wisp|p2a: Azumarill
|-status|p2a: Azumarill|brn
|move|p2a: Azumarill|Knock Off|p1a: Rotom-Wash
|-damage|p1a: Rotom-Wash|45\/304
|
|-damage|p2a: Azumarill|351\/401 brn|[from] brn
|turn|22
|c| Lord Qwilfish|poemon legende mazar
|c| Crevice|poemon
|
|switch|p2a: Latias|Latias, F|205\/301
|move|p1a: Rotom-Wash|Volt Switch|p2a: Latias
|-resisted|p2a: Latias
|-damage|p2a: Latias|167\/301
|
|switch|p1a: Smogon Bird|Talonflame, M|162\/298
|
|turn|23
|c| EXPLOUDED BURST|wertzu: ich bin schon groÃ und 4 komm doch und spiel mit mir
|c|âwertzu|lolz
|join|Lord Hochflige
|join|Sylc
|c| Shizuki|rofl
|
|switch|p2a: Clefable|Clefable, F|218\/393
|move|p1a: Smogon Bird|U-turn|p2a: Clefable
|-resisted|p2a: Clefable
|-damage|p2a: Clefable|179\/393
|
|switch|p1a: Latios|Latios, M|211\/301
|
|-heal|p2a: Clefable|203\/393|[from] item: Leftovers
|turn|24
|
|move|p1a: Latios|Psyshock|p2a: Clefable
|-damage|p2a: Clefable|26\/393
|-damage|p1a: Latios|181\/301|[from] item: Life Orb
|move|p2a: Clefable|Moonblast|p1a: Latios
|-supereffective|p1a: Latios
|-damage|p1a: Latios|0 fnt
|faint|p1a: Latios
|
|-heal|p2a: Clefable|50\/393|[from] item: Leftovers
|
|switch|p1a: Smogon Bird|Talonflame, M|162\/298
|turn|25
|leave|Sylc
|c| Mazary|ne ohne witz sagt mir einer mal bitte crevices alt
|
|move|p1a: Smogon Bird|Flare Blitz|p2a: Clefable
|-damage|p2a: Clefable|0 fnt
|-damage|p1a: Smogon Bird|145\/298|[from] recoil|[of] p2a: Clefable
|faint|p2a: Clefable
|
|
|switch|p2a: Azumarill|Azumarill, F|351\/401 brn
|turn|26
|c| bidoofuber|wat fÃ¼rn alt
|c| Shizuki|das is wie so ne gruselgeschichte: "komm doch und spiel mit mir"
|c| Mazary|kein plan was das fÃ¼r einer ist
|c| Crevice|hab ich nicht
|
|switch|p1a: Gliscor|Gliscor, M, shiny|88\/354 tox
|move|p2a: Azumarill|Play Rough|p1a: Gliscor|[miss]
|-miss|p2a: Azumarill|p1a: Gliscor
|
|-heal|p1a: Gliscor|132\/354 tox|[from] ability: Poison Heal
|-damage|p2a: Azumarill|301\/401 brn|[from] brn
|turn|27
|join|SockeFTW
|c| Crevice|kennst mich nicht
|c| Shizuki|sry weiÃ ich net
|c| Crevice|ich bin fame
|
|switch|p2a: Latias|Latias, F|167\/301
|move|p1a: Gliscor|Protect|p1a: Gliscor
|-fail|p1a: Gliscor
|
|-heal|p1a: Gliscor|176\/354 tox|[from] ability: Poison Heal
|turn|28
|
|move|p1a: Gliscor|Protect|p1a: Gliscor
|-singleturn|p1a: Gliscor|Protect
|move|p2a: Latias|Draco Meteor|p1a: Gliscor
|-activate|p1a: Gliscor|Protect
|
|-heal|p1a: Gliscor|220\/354 tox|[from] ability: Poison Heal
|turn|29
|leave|Taran T.
|c| Mazary|merkt man
|c| Shizuki|^
|
|move|p2a: Latias|Draco Meteor|p1a: Gliscor
|-damage|p1a: Gliscor|0 fnt
|-unboost|p2a: Latias|spa|2
|-damage|p2a: Latias|137\/301|[from] item: Life Orb
|faint|p1a: Gliscor
|
|join|issue is solved.
|
|switch|p1a: Smogon Bird|Talonflame, M|145\/298
|turn|30
|c| Crevice|Oh gott
|c| Crevice|hab gehÃ¶rt kinder bis zur 4. klasse verstehen keine ironie
|
|move|p1a: Smogon Bird|U-turn|p2a: Latias
|-supereffective|p2a: Latias
|-damage|p2a: Latias|0 fnt
|faint|p2a: Latias
|c| Mazary|10.klasse scheinbar auch nicht
|
|switch|p1a: Rotom-Wash|Rotom-Wash, shiny|45\/304
|
|
|switch|p2a: Magnezone|Magnezone|196\/324
|turn|31
|
|move|p1a: Rotom-Wash|Pain Split|p2a: Magnezone
|-sethp|p2a: Magnezone|120\/324|p1a: Rotom-Wash|120\/304|[from] move: Pain Split
|move|p2a: Magnezone|Volt Switch|p1a: Rotom-Wash
|-damage|p1a: Rotom-Wash|0 fnt
|faint|p1a: Rotom-Wash
|
|switch|p2a: Azumarill|Azumarill, F|301\/401 brn
|
|-damage|p2a: Azumarill|251\/401 brn|[from] brn
|
|switch|p1a: Smogon Bird|Talonflame, M|145\/298
|turn|32
|c| Crevice|du zumindest nicht
|
|move|p1a: Smogon Bird|Brave Bird|p2a: Azumarill
|-damage|p2a: Azumarill|0 fnt
|-damage|p1a: Smogon Bird|62\/298|[from] recoil|[of] p2a: Azumarill
|faint|p2a: Azumarill
|
|
|switch|p2a: Magnezone|Magnezone|120\/324
|turn|33
|c| Mazary|wertzu wieso spielst du kein scarf magnezone :(
|
|move|p1a: Smogon Bird|Brave Bird|p2a: Magnezone
|-crit|p2a: Magnezone
|-resisted|p2a: Magnezone
|-damage|p2a: Magnezone|47\/324
|-damage|p1a: Smogon Bird|38\/298|[from] recoil|[of] p2a: Magnezone
|move|p2a: Magnezone|Thunderbolt|p1a: Smogon Bird
|-supereffective|p1a: Smogon Bird
|-damage|p1a: Smogon Bird|0 fnt
|faint|p1a: Smogon Bird
|
|win|wertzu
|c|âwertzu|gg
|c| Mazary|lol banded talon
|c|âShida|gg
|c| Shizuki|sehr gut wertzu
|leave|Zockey
|leave|teamtesting3
|c|âwertzu|blitzmerker
|leave|AdvanceShip
|leave|Jirachinite
|leave|Shida
|player|p1
|leave|Mellartach
|leave|Moskito
|leave|av kakuna
|leave|wertzu
|player|p2
|leave|Shizuki
|leave|Mazary
|leave|Crevice
|leave|bidoofuber
|leave|Levinlux