|join|wertzu
|join|teamtesting3
|player|p1|wertzu|184
|player|p2|teamtesting3|148
|gametype|singles
|gen|6
|tier|OU
|clearpoke
|poke|p1|Diancie
|poke|p1|Magnezone
|poke|p1|Ferrothorn, M
|poke|p1|Landorus-Therian, M
|poke|p1|Latias, F
|poke|p1|Azumarill, F
|poke|p2|Venusaur, M
|poke|p2|Heatran, F
|poke|p2|Landorus-Therian, M
|poke|p2|Mandibuzz, F
|poke|p2|Manaphy
|poke|p2|Metagross
|rule|Swagger Clause: Swagger is banned
|rule|Baton Pass Clause: Limit one PokÃ©mon knowing Baton Pass
|rule|Sleep Clause Mod: Limit one foe put to sleep
|rule|Species Clause: Limit one of each PokÃ©mon
|rule|OHKO Clause: OHKO moves are banned
|rule|Moody Clause: Moody is banned
|rule|Evasion Moves Clause: Evasion moves are banned
|rule|Endless Battle Clause: Forcing endless battles is banned
|rule|HP Percentage Mod: HP is shown in percentages
|teampreview
|c|âwertzu|gl hf :]
|c|âteamtesting3|fertig fÃ¼r runde 3?^^ hf
|c|âwertzu|jo
|c|âwertzu|mal schauen ob ichs nochmal schaffe
|
|start
|switch|p1a: real bunny|Azumarill, F|401\/401
|switch|p2a: Heatran|Heatran, F|323\/323
|-item|p2a: Heatran|Air Balloon
|turn|1
|
|switch|p2a: Venusaur|Venusaur, M|361\/361
|move|p1a: real bunny|Waterfall|p2a: Venusaur
|-resisted|p2a: Venusaur
|-damage|p2a: Venusaur|267\/361
|
|turn|2
|
|switch|p2a: Metagross|Metagross|363\/363
|move|p1a: real bunny|Knock Off|p2a: Metagross
|-supereffective|p2a: Metagross
|-damage|p2a: Metagross|133\/363
|-enditem|p2a: Metagross|Assault Vest|[from] move: Knock Off|[of] p1a: real bunny
|
|turn|3
|
|switch|p2a: Venusaur|Venusaur, M|267\/361
|move|p1a: real bunny|Waterfall|p2a: Venusaur
|-resisted|p2a: Venusaur
|-damage|p2a: Venusaur|159\/361
|
|turn|4
|
|switch|p1a: stinging nettle|Ferrothorn, M|352\/352
|detailschange|p2a: Venusaur|Venusaur-Mega, M
|message|Venusaur has Mega Evolved into Mega Venusaur!
|move|p2a: Venusaur|Synthesis|p2a: Venusaur
|-heal|p2a: Venusaur|339\/361
|
|turn|5
|
|switch|p2a: Mandibuzz|Mandibuzz, F|424\/424
|move|p1a: stinging nettle|Stealth Rock|p2a: Mandibuzz
|-sidestart|p2: teamtesting3|move: Stealth Rock
|
|turn|6
|
|switch|p1a: Perfect gem|Diancie|241\/241
|move|p2a: Mandibuzz|Defog|p1a: Perfect gem
|-fail|p1a: Perfect gem|unboost|[from] ability: Clear Body|[of] p1a: Perfect gem
|-sideend|p2: teamtesting3|Stealth Rock|[from] move: Defog|[of] p2a: Mandibuzz
|
|turn|7
|
|switch|p2a: Metagross|Metagross|133\/363
|detailschange|p1a: Perfect gem|Diancie-Mega
|message|Diancie has Mega Evolved into Mega Diancie!
|move|p1a: Perfect gem|Moonblast|p2a: Metagross
|-resisted|p2a: Metagross
|-damage|p2a: Metagross|23\/363
|
|turn|8
|
|switch|p2a: Heatran|Heatran, F|323\/323
|-item|p2a: Heatran|Air Balloon
|move|p1a: Perfect gem|Moonblast|p2a: Heatran
|-resisted|p2a: Heatran
|-damage|p2a: Heatran|278\/323
|-enditem|p2a: Heatran|Air Balloon
|
|turn|9
|
|switch|p2a: Metagross|Metagross|23\/363
|move|p1a: Perfect gem|Earth Power|p2a: Metagross
|-supereffective|p2a: Metagross
|-damage|p2a: Metagross|0 fnt
|faint|p2a: Metagross
|
|
|switch|p2a: Venusaur|Venusaur-Mega, M|339\/361
|turn|10
|
|switch|p1a: stinging nettle|Ferrothorn, M|352\/352
|move|p2a: Venusaur|Sludge Bomb|p1a: stinging nettle
|-immune|p1a: stinging nettle|[msg]
|
|turn|11
|
|move|p2a: Venusaur|Hidden Power|p1a: stinging nettle
|-supereffective|p1a: stinging nettle
|-damage|p1a: stinging nettle|144\/352
|move|p1a: stinging nettle|Stealth Rock|p2a: Venusaur
|-sidestart|p2: teamtesting3|move: Stealth Rock
|
|turn|12
|
|switch|p1a: Jetstream|Latias, F|301\/301
|move|p2a: Venusaur|Sludge Bomb|p1a: Jetstream
|-damage|p1a: Jetstream|163\/301
|-status|p1a: Jetstream|psn
|
|-damage|p1a: Jetstream|126\/301 psn|[from] psn
|turn|13
|c|âwertzu|da,mn
|
|move|p1a: Jetstream|Healing Wish|p1a: Jetstream
|faint|p1a: Jetstream
|move|p2a: Venusaur|Sludge Bomb|p1: Jetstream|[notarget]
|-notarget
|
|
|switch|p1a: stinging nettle|Ferrothorn, M|144\/352
|-heal|p1a: stinging nettle|352\/352|[from] move: Healing Wish
|turn|14
|
|switch|p1a: MaGnEtIc ZoNe|Magnezone|324\/324
|move|p2a: Venusaur|Hidden Power|p1a: MaGnEtIc ZoNe
|-supereffective|p1a: MaGnEtIc ZoNe
|-damage|p1a: MaGnEtIc ZoNe|166\/324
|
|turn|15
|
|move|p2a: Venusaur|Synthesis|p2a: Venusaur
|-heal|p2a: Venusaur|361\/361
|move|p1a: MaGnEtIc ZoNe|Volt Switch|p2a: Venusaur
|-resisted|p2a: Venusaur
|-damage|p2a: Venusaur|280\/361
|
|switch|p1a: Lando-T|Landorus-Therian, M|319\/319
|-ability|p1a: Lando-T|Intimidate|[of] p2a: Venusaur
|-unboost|p2a: Venusaur|atk|1
|
|turn|16
|
|move|p1a: Lando-T|Earthquake|p2a: Venusaur
|-damage|p2a: Venusaur|105\/361
|move|p2a: Venusaur|Giga Drain|p1a: Lando-T
|-damage|p1a: Lando-T|166\/319
|-heal|p2a: Venusaur|182\/361|[from] drain|[of] p1a: Lando-T
|
|turn|17
|
|switch|p1a: Perfect gem|Diancie-Mega|241\/241
|move|p2a: Venusaur|Synthesis|p2a: Venusaur
|-heal|p2a: Venusaur|361\/361
|
|turn|18
|
|switch|p1a: stinging nettle|Ferrothorn, M|352\/352
|move|p2a: Venusaur|Sludge Bomb|p1a: stinging nettle
|-immune|p1a: stinging nettle|[msg]
|
|turn|19
|
|switch|p1a: Perfect gem|Diancie-Mega|241\/241
|move|p2a: Venusaur|Hidden Power|p1a: Perfect gem
|-resisted|p1a: Perfect gem
|-damage|p1a: Perfect gem|211\/241
|
|turn|20
|
|move|p1a: Perfect gem|Calm Mind|p1a: Perfect gem
|-boost|p1a: Perfect gem|spa|1
|-boost|p1a: Perfect gem|spd|1
|move|p2a: Venusaur|Sludge Bomb|p1a: Perfect gem
|-damage|p1a: Perfect gem|106\/241
|
|turn|21
|
|switch|p2a: Landorus-Therian|Landorus-Therian, M|319\/319
|-damage|p2a: Landorus-Therian|280\/319|[from] Stealth Rock
|-ability|p2a: Landorus-Therian|Intimidate|[of] p1a: Perfect gem
|-unboost|p1a: Perfect gem|atk|1
|move|p1a: Perfect gem|Psyshock|p2a: Landorus-Therian
|-damage|p2a: Landorus-Therian|94\/319
|
|turn|22
|c|âwertzu|hm
|
|switch|p1a: Lando-T|Landorus-Therian, M|166\/319
|-ability|p1a: Lando-T|Intimidate|[of] p2a: Landorus-Therian
|-unboost|p2a: Landorus-Therian|atk|1
|move|p2a: Landorus-Therian|Stone Edge|p1a: Lando-T|[miss]
|-miss|p2a: Landorus-Therian|p1a: Lando-T
|
|turn|23
|c|âwertzu|sry :I
|
|move|p1a: Lando-T|U-turn|p2a: Landorus-Therian
|-resisted|p2a: Landorus-Therian
|-damage|p2a: Landorus-Therian|42\/319
|
|switch|p1a: stinging nettle|Ferrothorn, M|352\/352
|move|p2a: Landorus-Therian|Stone Edge|p1a: stinging nettle
|-resisted|p1a: stinging nettle
|-damage|p1a: stinging nettle|322\/352
|
|turn|24
|
|switch|p2a: Venusaur|Venusaur-Mega, M|361\/361
|-damage|p2a: Venusaur|316\/361|[from] Stealth Rock
|move|p1a: stinging nettle|Gyro Ball|p2a: Venusaur
|-damage|p2a: Venusaur|187\/361
|
|turn|25
|
|move|p2a: Venusaur|Synthesis|p2a: Venusaur
|-heal|p2a: Venusaur|361\/361
|move|p1a: stinging nettle|Gyro Ball|p2a: Venusaur
|-damage|p2a: Venusaur|232\/361
|
|turn|26
|
|switch|p1a: MaGnEtIc ZoNe|Magnezone|166\/324
|move|p2a: Venusaur|Hidden Power|p1a: MaGnEtIc ZoNe
|-supereffective|p1a: MaGnEtIc ZoNe
|-damage|p1a: MaGnEtIc ZoNe|4\/324
|
|turn|27
|
|switch|p2a: Landorus-Therian|Landorus-Therian, M|42\/319
|-damage|p2a: Landorus-Therian|3\/319|[from] Stealth Rock
|-ability|p2a: Landorus-Therian|Intimidate|[of] p1a: MaGnEtIc ZoNe
|-unboost|p1a: MaGnEtIc ZoNe|atk|1
|move|p1a: MaGnEtIc ZoNe|Flash Cannon|p2a: Landorus-Therian
|-damage|p2a: Landorus-Therian|0 fnt
|faint|p2a: Landorus-Therian
|
|
|switch|p2a: Manaphy|Manaphy|401\/401
|-damage|p2a: Manaphy|351\/401|[from] Stealth Rock
|turn|28
|
|move|p2a: Manaphy|Tail Glow|p2a: Manaphy
|-boost|p2a: Manaphy|spa|3
|move|p1a: MaGnEtIc ZoNe|Flash Cannon|p2a: Manaphy
|-resisted|p2a: Manaphy
|-damage|p2a: Manaphy|233\/401
|
|-heal|p2a: Manaphy|258\/401|[from] item: Leftovers
|turn|29
|
|move|p2a: Manaphy|Scald|p1a: MaGnEtIc ZoNe
|-damage|p1a: MaGnEtIc ZoNe|0 fnt
|faint|p1a: MaGnEtIc ZoNe
|
|-heal|p2a: Manaphy|283\/401|[from] item: Leftovers
|
|switch|p1a: Lando-T|Landorus-Therian, M|166\/319
|-ability|p1a: Lando-T|Intimidate|[of] p2a: Manaphy
|-unboost|p2a: Manaphy|atk|1
|turn|30
|
|switch|p2a: Mandibuzz|Mandibuzz, F|424\/424
|-damage|p2a: Mandibuzz|318\/424|[from] Stealth Rock
|move|p1a: Lando-T|U-turn|p2a: Mandibuzz
|-damage|p2a: Mandibuzz|249\/424
|
|switch|p1a: Perfect gem|Diancie-Mega|106\/241
|
|-heal|p2a: Mandibuzz|275\/424|[from] item: Leftovers
|turn|31
|
|move|p1a: Perfect gem|Calm Mind|p1a: Perfect gem
|-boost|p1a: Perfect gem|spa|1
|-boost|p1a: Perfect gem|spd|1
|move|p2a: Mandibuzz|Defog|p1a: Perfect gem
|move|p1a: Perfect gem|Defog|p2a: Mandibuzz|[from]Magic Bounce
|-unboost|p2a: Mandibuzz|evasion|1
|-sideend|p2: teamtesting3|Stealth Rock|[from] move: Defog|[of] p2a: Mandibuzz
|
|-heal|p2a: Mandibuzz|301\/424|[from] item: Leftovers
|turn|32
|
|move|p1a: Perfect gem|Calm Mind|p1a: Perfect gem
|-boost|p1a: Perfect gem|spa|1
|-boost|p1a: Perfect gem|spd|1
|move|p2a: Mandibuzz|Foul Play|p1a: Perfect gem
|-resisted|p1a: Perfect gem
|-damage|p1a: Perfect gem|40\/241
|
|-heal|p2a: Mandibuzz|327\/424|[from] item: Leftovers
|turn|33
|
|move|p1a: Perfect gem|Moonblast|p2a: Mandibuzz
|-supereffective|p2a: Mandibuzz
|-damage|p2a: Mandibuzz|0 fnt
|faint|p2a: Mandibuzz
|
|
|switch|p2a: Manaphy|Manaphy|283\/401
|turn|34
|
|move|p1a: Perfect gem|Moonblast|p2a: Manaphy
|-damage|p2a: Manaphy|0 fnt
|faint|p2a: Manaphy
|
|c|âwertzu|diancie  op <333
|
|switch|p2a: Heatran|Heatran, F|278\/323
|turn|35
|c|âteamtesting3|ne hab einfach eine ganze reihe misspredicts gemacht
|c|âwertzu|jop
|
|move|p1a: Perfect gem|Earth Power|p2a: Heatran
|-supereffective|p2a: Heatran
|-damage|p2a: Heatran|0 fnt
|faint|p2a: Heatran
|
|c|âwertzu|zum glÃ¼ck ;D
|
|switch|p2a: Venusaur|Venusaur-Mega, M|232\/361
|turn|36
|
|move|p1a: Perfect gem|Psyshock|p2a: Venusaur
|-supereffective|p2a: Venusaur
|-damage|p2a: Venusaur|0 fnt
|faint|p2a: Venusaur
|
|win|wertzu
|c|âteamtesting3|gg
|c|âwertzu|gg
|leave|teamtesting3
|player|p2