|join|Nilfar
|join|wertzu
|player|p1|Nilfar|50
|player|p2|wertzu|7
|gametype|singles
|gen|6
|tier|OU
|rated
|clearpoke
|poke|p1|Sableye, M
|poke|p1|Venusaur, F
|poke|p1|Heatran, M
|poke|p1|Gengar, M, shiny
|poke|p1|Rotom-Wash
|poke|p1|Bisharp, M, shiny
|poke|p2|Gallade, M
|poke|p2|Clefable, F
|poke|p2|Mew
|poke|p2|Rotom-Wash
|poke|p2|Alomomola, F
|poke|p2|Ferrothorn, M
|rule|Swagger Clause: Swagger is banned
|rule|Baton Pass Clause: Limit one PokÃ©mon knowing Baton Pass
|rule|Sleep Clause Mod: Limit one foe put to sleep
|rule|Species Clause: Limit one of each PokÃ©mon
|rule|OHKO Clause: OHKO moves are banned
|rule|Moody Clause: Moody is banned
|rule|Evasion Moves Clause: Evasion moves are banned
|rule|Endless Battle Clause: Forcing endless battles is banned
|rule|HP Percentage Mod: HP is shown in percentages
|teampreview
|
|start
|switch|p1a: War|Heatran, M|386\/386
|switch|p2a: Rotom-Wash|Rotom-Wash|241\/241
|-item|p1a: War|Air Balloon
|turn|1
|
|move|p2a: Rotom-Wash|Volt Switch|p1a: War
|-damage|p1a: War|301\/386
|-enditem|p1a: War|Air Balloon
|
|switch|p2a: Gallade|Gallade, M|277\/277
|move|p1a: War|Stealth Rock|p2a: Gallade
|-sidestart|p2: wertzu|move: Stealth Rock
|
|turn|2
|
|switch|p1a: Plague|Sableye, M|304\/304
|move|p2a: Gallade|Knock Off|p1a: Plague
|-damage|p1a: Plague|158\/304
|-enditem|p1a: Plague|Leftovers|[from] move: Knock Off|[of] p2a: Gallade
|
|turn|3
|
|switch|p2a: Rotom-Wash|Rotom-Wash|241\/241
|-damage|p2a: Rotom-Wash|211\/241|[from] Stealth Rock
|switch|p1a: Stalker|Bisharp, M, shiny|308\/308
|
|turn|4
|
|move|p2a: Rotom-Wash|Will-O-Wisp|p1a: Stalker
|-status|p1a: Stalker|brn
|move|p1a: Stalker|Knock Off|p2a: Rotom-Wash
|-damage|p2a: Rotom-Wash|97\/241
|-enditem|p2a: Rotom-Wash|Choice Scarf|[from] move: Knock Off|[of] p1a: Stalker
|-damage|p1a: Stalker|278\/308 brn|[from] item: Life Orb
|
|-damage|p1a: Stalker|240\/308 brn|[from] brn
|turn|5
|
|move|p1a: Stalker|Sucker Punch|p2a: Rotom-Wash
|-crit|p2a: Rotom-Wash
|-damage|p2a: Rotom-Wash|0 fnt
|-damage|p1a: Stalker|210\/308 brn|[from] item: Life Orb
|faint|p2a: Rotom-Wash
|
|-damage|p1a: Stalker|172\/308 brn|[from] brn
|
|switch|p2a: Gallade|Gallade, M|277\/277
|-damage|p2a: Gallade|260\/277|[from] Stealth Rock
|turn|6
|
|switch|p1a: Plague|Sableye, M|158\/304
|detailschange|p2a: Gallade|Gallade-Mega, M
|message|Gallade has Mega Evolved into Mega Gallade!
|move|p2a: Gallade|Substitute|p2a: Gallade
|-start|p2a: Gallade|Substitute
|-damage|p2a: Gallade|191\/277
|
|turn|7
|
|move|p2a: Gallade|Knock Off|p1a: Plague
|-damage|p1a: Plague|33\/304
|move|p1a: Plague|Foul Play|p2a: Gallade
|-end|p2a: Gallade|Substitute
|
|turn|8
|
|move|p1a: Plague|Recover|p1a: Plague
|-heal|p1a: Plague|185\/304
|move|p2a: Gallade|Knock Off|p1a: Plague
|-damage|p1a: Plague|78\/304
|
|turn|9
|
|switch|p2a: Clefable|Clefable, F|393\/393
|-damage|p2a: Clefable|344\/393|[from] Stealth Rock
|move|p1a: Plague|Recover|p1a: Plague
|-heal|p1a: Plague|230\/304
|
|-heal|p2a: Clefable|368\/393|[from] item: Leftovers
|turn|10
|
|switch|p1a: Death|Gengar, M, shiny|262\/262
|move|p2a: Clefable|Moonblast|p1a: Death
|-resisted|p1a: Death
|-damage|p1a: Death|193\/262
|-unboost|p1a: Death|spa|1
|
|-heal|p2a: Clefable|392\/393|[from] item: Leftovers
|turn|11
|
|switch|p2a: Ferrothorn|Ferrothorn, M|352\/352
|-damage|p2a: Ferrothorn|330\/352|[from] Stealth Rock
|move|p1a: Death|Trick|p2a: Ferrothorn
|-activate|p1a: Death|move: Trick|[of] p2a: Ferrothorn
|-item|p2a: Ferrothorn|Choice Scarf|[from] move: Trick
|-item|p1a: Death|Rocky Helmet|[from] move: Trick
|
|turn|12
|
|switch|p1a: War|Heatran, M|301\/386
|move|p2a: Ferrothorn|Stealth Rock|p1a: War
|-sidestart|p1: Nilfar|move: Stealth Rock
|
|turn|13
|
|switch|p2a: Alomomola|Alomomola, F|527\/527
|-damage|p2a: Alomomola|462\/527|[from] Stealth Rock
|move|p1a: War|Roar|p2a: Alomomola
|drag|p2a: Ferrothorn|Ferrothorn, M|330\/352
|-damage|p2a: Ferrothorn|308\/352|[from] Stealth Rock
|
|turn|14
|
|switch|p2a: Alomomola|Alomomola, F|527\/527
|-damage|p2a: Alomomola|462\/527|[from] Stealth Rock
|move|p1a: War|Lava Plume|p2a: Alomomola
|-resisted|p2a: Alomomola
|-damage|p2a: Alomomola|354\/527
|
|-heal|p2a: Alomomola|386\/527|[from] item: Leftovers
|turn|15
|
|switch|p1a: Famine|Venusaur, F|364\/364
|-damage|p1a: Famine|319\/364|[from] Stealth Rock
|move|p2a: Alomomola|Scald|p1a: Famine
|-crit|p1a: Famine
|-resisted|p1a: Famine
|-damage|p1a: Famine|281\/364
|-status|p1a: Famine|brn
|
|-heal|p2a: Alomomola|418\/527|[from] item: Leftovers
|-damage|p1a: Famine|236\/364 brn|[from] brn
|turn|16
|
|detailschange|p1a: Famine|Venusaur-Mega, F
|message|Venusaur has Mega Evolved into Mega Venusaur!
|move|p2a: Alomomola|Protect|p2a: Alomomola
|-singleturn|p2a: Alomomola|Protect
|move|p1a: Famine|Synthesis|p1a: Famine
|-heal|p1a: Famine|364\/364 brn
|
|-heal|p2a: Alomomola|450\/527|[from] item: Leftovers
|-damage|p1a: Famine|319\/364 brn|[from] brn
|turn|17
|
|move|p2a: Alomomola|Protect|p2a: Alomomola
|-fail|p2a: Alomomola
|move|p1a: Famine|Giga Drain|p2a: Alomomola
|-supereffective|p2a: Alomomola
|-damage|p2a: Alomomola|66\/527
|-heal|p1a: Famine|364\/364 brn|[from] drain|[of] p2a: Alomomola
|
|-heal|p2a: Alomomola|98\/527|[from] item: Leftovers
|-damage|p1a: Famine|319\/364 brn|[from] brn
|turn|18
|
|switch|p1a: War|Heatran, M|301\/386
|-damage|p1a: War|253\/386|[from] Stealth Rock
|switch|p2a: Ferrothorn|Ferrothorn, M|308\/352
|-damage|p2a: Ferrothorn|286\/352|[from] Stealth Rock
|
|turn|19
|
|switch|p2a: Mew|Mew|403\/403
|-damage|p2a: Mew|353\/403|[from] Stealth Rock
|move|p1a: War|Lava Plume|p2a: Mew
|-damage|p2a: Mew|260\/403
|-status|p2a: Mew|brn
|
|-heal|p2a: Mew|285\/403 brn|[from] item: Leftovers
|-damage|p2a: Mew|235\/403 brn|[from] brn
|turn|20
|
|switch|p2a: Gallade|Gallade-Mega, M|191\/277
|-damage|p2a: Gallade|174\/277|[from] Stealth Rock
|switch|p1a: Stalker|Bisharp, M, shiny|172\/308 brn
|-damage|p1a: Stalker|153\/308 brn|[from] Stealth Rock
|
|-damage|p1a: Stalker|115\/308 brn|[from] brn
|turn|21
|
|move|p2a: Gallade|Substitute|p2a: Gallade
|-start|p2a: Gallade|Substitute
|-damage|p2a: Gallade|105\/277
|move|p1a: Stalker|Knock Off|p2a: Gallade
|-end|p2a: Gallade|Substitute
|-damage|p1a: Stalker|85\/308 brn|[from] item: Life Orb
|
|-damage|p1a: Stalker|47\/308 brn|[from] brn
|turn|22
|
|move|p2a: Gallade|Drain Punch|p1a: Stalker
|-supereffective|p1a: Stalker
|-damage|p1a: Stalker|0 fnt
|-heal|p2a: Gallade|129\/277|[from] drain|[of] p1a: Stalker
|faint|p1a: Stalker
|
|
|switch|p1a: Plague|Sableye, M|230\/304
|-damage|p1a: Plague|192\/304|[from] Stealth Rock
|turn|23
|
|switch|p2a: Mew|Mew|235\/403 brn
|-damage|p2a: Mew|185\/403 brn|[from] Stealth Rock
|move|p1a: Plague|Foul Play|p2a: Mew
|-supereffective|p2a: Mew
|-damage|p2a: Mew|0 fnt
|faint|p2a: Mew
|
|
|switch|p2a: Clefable|Clefable, F|392\/393
|-damage|p2a: Clefable|343\/393|[from] Stealth Rock
|turn|24
|
|switch|p1a: War|Heatran, M|253\/386
|-damage|p1a: War|205\/386|[from] Stealth Rock
|move|p2a: Clefable|Moonblast|p1a: War
|-resisted|p1a: War
|-damage|p1a: War|185\/386
|
|-heal|p2a: Clefable|367\/393|[from] item: Leftovers
|turn|25
|
|switch|p2a: Alomomola|Alomomola, F|273\/527
|-damage|p2a: Alomomola|208\/527|[from] Stealth Rock
|move|p1a: War|Lava Plume|p2a: Alomomola
|-resisted|p2a: Alomomola
|-damage|p2a: Alomomola|109\/527
|
|-heal|p2a: Alomomola|141\/527|[from] item: Leftovers
|turn|26
|
|switch|p1a: Famine|Venusaur-Mega, F|319\/364 brn
|-damage|p1a: Famine|274\/364 brn|[from] Stealth Rock
|move|p2a: Alomomola|Wish|p2a: Alomomola
|
|-heal|p2a: Alomomola|173\/527|[from] item: Leftovers
|-damage|p1a: Famine|229\/364 brn|[from] brn
|turn|27
|
|move|p2a: Alomomola|Protect|p2a: Alomomola
|-singleturn|p2a: Alomomola|Protect
|move|p1a: Famine|Synthesis|p1a: Famine
|-heal|p1a: Famine|364\/364 brn
|
|-heal|p2a: Alomomola|436\/527|[from] move: Wish|[wisher] Alomomola
|-heal|p2a: Alomomola|468\/527|[from] item: Leftovers
|-damage|p1a: Famine|319\/364 brn|[from] brn
|turn|28
|
|move|p1a: Famine|Giga Drain|p2a: Alomomola
|-crit|p2a: Alomomola
|-supereffective|p2a: Alomomola
|-damage|p2a: Alomomola|0 fnt
|-heal|p1a: Famine|364\/364 brn|[from] drain|[of] p2a: Alomomola
|faint|p2a: Alomomola
|
|-damage|p1a: Famine|319\/364 brn|[from] brn
|c|âwertzu|...
|
|switch|p2a: Gallade|Gallade-Mega, M|129\/277
|-damage|p2a: Gallade|112\/277|[from] Stealth Rock
|turn|29
|c|âwertzu|!dt mirror coat
|c|~|\/data-move Mirror Coat
|raw|<font size="1"><font color=#585858>Priority:<\/font> -5&nbsp;|&ThickSpace;<font color=#585858>Target:<\/font> Unknown<\/font>
|c|âwertzu|lucker
|
|switch|p1a: Plague|Sableye, M|192\/304
|-damage|p1a: Plague|154\/304|[from] Stealth Rock
|move|p2a: Gallade|Substitute|p2a: Gallade
|-start|p2a: Gallade|Substitute
|-damage|p2a: Gallade|43\/277
|
|turn|30
|
|move|p2a: Gallade|Knock Off|p1a: Plague
|-damage|p1a: Plague|29\/304
|move|p1a: Plague|Foul Play|p2a: Gallade
|-end|p2a: Gallade|Substitute
|
|turn|31
|
|switch|p2a: Clefable|Clefable, F|367\/393
|-damage|p2a: Clefable|318\/393|[from] Stealth Rock
|move|p1a: Plague|Recover|p1a: Plague
|-heal|p1a: Plague|181\/304
|
|-heal|p2a: Clefable|342\/393|[from] item: Leftovers
|turn|32
|
|switch|p1a: War|Heatran, M|185\/386
|-damage|p1a: War|137\/386|[from] Stealth Rock
|move|p2a: Clefable|Moonblast|p1a: War
|-resisted|p1a: War
|-damage|p1a: War|119\/386
|
|-heal|p2a: Clefable|366\/393|[from] item: Leftovers
|turn|33
|
|move|p1a: War|Lava Plume|p2a: Clefable
|-damage|p2a: Clefable|240\/393
|move|p2a: Clefable|Moonblast|p1a: War
|-resisted|p1a: War
|-damage|p1a: War|101\/386
|-unboost|p1a: War|spa|1
|
|-heal|p2a: Clefable|264\/393|[from] item: Leftovers
|turn|34
|
|switch|p1a: Mr. Waffles|Rotom-Wash|304\/304
|-damage|p1a: Mr. Waffles|266\/304|[from] Stealth Rock
|move|p2a: Clefable|Calm Mind|p2a: Clefable
|-boost|p2a: Clefable|spa|1
|-boost|p2a: Clefable|spd|1
|
|-heal|p1a: Mr. Waffles|285\/304|[from] item: Leftovers
|-heal|p2a: Clefable|288\/393|[from] item: Leftovers
|turn|35
|
|move|p1a: Mr. Waffles|Will-O-Wisp|p2a: Clefable|[miss]
|-miss|p1a: Mr. Waffles|p2a: Clefable
|move|p2a: Clefable|Moonblast|p1a: Mr. Waffles
|-damage|p1a: Mr. Waffles|144\/304
|-unboost|p1a: Mr. Waffles|spa|1
|
|-heal|p1a: Mr. Waffles|163\/304|[from] item: Leftovers
|-heal|p2a: Clefable|312\/393|[from] item: Leftovers
|turn|36
|
|move|p1a: Mr. Waffles|Will-O-Wisp|p2a: Clefable|[miss]
|-miss|p1a: Mr. Waffles|p2a: Clefable
|move|p2a: Clefable|Calm Mind|p2a: Clefable
|-boost|p2a: Clefable|spa|1
|-boost|p2a: Clefable|spd|1
|
|-heal|p1a: Mr. Waffles|182\/304|[from] item: Leftovers
|-heal|p2a: Clefable|336\/393|[from] item: Leftovers
|turn|37
|
|move|p1a: Mr. Waffles|Volt Switch|p2a: Clefable
|-damage|p2a: Clefable|284\/393
|
|switch|p1a: War|Heatran, M|101\/386
|-damage|p1a: War|53\/386|[from] Stealth Rock
|move|p2a: Clefable|Moonblast|p1a: War
|-resisted|p1a: War
|-damage|p1a: War|14\/386
|
|-heal|p2a: Clefable|308\/393|[from] item: Leftovers
|turn|38
|
|move|p2a: Clefable|Moonblast|p1a: War
|-resisted|p1a: War
|-damage|p1a: War|0 fnt
|faint|p1a: War
|
|-heal|p2a: Clefable|332\/393|[from] item: Leftovers
|
|switch|p1a: Plague|Sableye, M|181\/304
|-damage|p1a: Plague|143\/304|[from] Stealth Rock
|turn|39
|
|move|p1a: Plague|Will-O-Wisp|p2a: Clefable
|-status|p2a: Clefable|brn
|move|p2a: Clefable|Moonblast|p1a: Plague
|-supereffective|p1a: Plague
|-damage|p1a: Plague|0 fnt
|faint|p1a: Plague
|
|-heal|p2a: Clefable|356\/393 brn|[from] item: Leftovers
|-damage|p2a: Clefable|307\/393 brn|[from] brn
|c|âNilfar|Not so "lucker" anymore.
|c|âwertzu|maybe
|
|switch|p1a: Mr. Waffles|Rotom-Wash|182\/304
|-damage|p1a: Mr. Waffles|144\/304|[from] Stealth Rock
|turn|40
|
|move|p1a: Mr. Waffles|Pain Split|p2a: Clefable
|-sethp|p2a: Clefable|225\/393 brn|p1a: Mr. Waffles|225\/304|[from] move: Pain Split
|move|p2a: Clefable|Calm Mind|p2a: Clefable
|-boost|p2a: Clefable|spa|1
|-boost|p2a: Clefable|spd|1
|
|-heal|p1a: Mr. Waffles|244\/304|[from] item: Leftovers
|-heal|p2a: Clefable|249\/393 brn|[from] item: Leftovers
|-damage|p2a: Clefable|200\/393 brn|[from] brn
|turn|41
|
|move|p1a: Mr. Waffles|Pain Split|p2a: Clefable
|-sethp|p2a: Clefable|222\/393 brn|p1a: Mr. Waffles|222\/304|[from] move: Pain Split
|move|p2a: Clefable|Moonlight|p2a: Clefable
|-heal|p2a: Clefable|393\/393 brn
|
|-heal|p1a: Mr. Waffles|241\/304|[from] item: Leftovers
|-damage|p2a: Clefable|344\/393 brn|[from] brn
|turn|42
|
|move|p1a: Mr. Waffles|Hydro Pump|p2a: Clefable
|-damage|p2a: Clefable|287\/393 brn
|move|p2a: Clefable|Calm Mind|p2a: Clefable
|-boost|p2a: Clefable|spa|1
|-boost|p2a: Clefable|spd|1
|
|-heal|p1a: Mr. Waffles|260\/304|[from] item: Leftovers
|-heal|p2a: Clefable|311\/393 brn|[from] item: Leftovers
|-damage|p2a: Clefable|262\/393 brn|[from] brn
|turn|43
|
|move|p1a: Mr. Waffles|Hydro Pump|p2a: Clefable
|-damage|p2a: Clefable|211\/393 brn
|move|p2a: Clefable|Calm Mind|p2a: Clefable
|-boost|p2a: Clefable|spa|1
|-boost|p2a: Clefable|spd|1
|
|-heal|p1a: Mr. Waffles|279\/304|[from] item: Leftovers
|-heal|p2a: Clefable|235\/393 brn|[from] item: Leftovers
|-damage|p2a: Clefable|186\/393 brn|[from] brn
|turn|44
|
|switch|p1a: Death|Gengar, M, shiny|193\/262
|-damage|p1a: Death|161\/262|[from] Stealth Rock
|move|p2a: Clefable|Moonlight|p2a: Clefable
|-heal|p2a: Clefable|382\/393 brn
|
|-heal|p2a: Clefable|393\/393 brn|[from] item: Leftovers
|-damage|p2a: Clefable|344\/393 brn|[from] brn
|turn|45
|
|move|p1a: Death|Destiny Bond|p1a: Death
|-singlemove|p1a: Death|Destiny Bond
|move|p2a: Clefable|Flamethrower|p1a: Death
|-damage|p1a: Death|0 fnt
|faint|p1a: Death
|-activate|p1a: Death|Destiny Bond
|faint|p2a: Clefable
|
|c|âwertzu|:I
|
|switch|p1a: Mr. Waffles|Rotom-Wash|279\/304
|switch|p2a: Ferrothorn|Ferrothorn, M|286\/352
|-damage|p1a: Mr. Waffles|241\/304|[from] Stealth Rock
|-damage|p2a: Ferrothorn|264\/352|[from] Stealth Rock
|turn|46
|c|âNilfar|That was close.
|c|âwertzu|yeah
|
|move|p1a: Mr. Waffles|Will-O-Wisp|p2a: Ferrothorn
|-status|p2a: Ferrothorn|brn
|move|p2a: Ferrothorn|Power Whip|p1a: Mr. Waffles|[miss]
|-miss|p2a: Ferrothorn|p1a: Mr. Waffles
|
|-heal|p1a: Mr. Waffles|260\/304|[from] item: Leftovers
|-damage|p2a: Ferrothorn|220\/352 brn|[from] brn
|turn|47
|
|move|p1a: Mr. Waffles|Volt Switch|p2a: Ferrothorn
|-resisted|p2a: Ferrothorn
|-damage|p2a: Ferrothorn|187\/352 brn
|
|switch|p1a: Famine|Venusaur-Mega, F|319\/364 brn
|-damage|p1a: Famine|274\/364 brn|[from] Stealth Rock
|move|p2a: Ferrothorn|Power Whip|p1a: Famine|[miss]
|-miss|p2a: Ferrothorn|p1a: Famine
|
|-damage|p1a: Famine|229\/364 brn|[from] brn
|-damage|p2a: Ferrothorn|143\/352 brn|[from] brn
|turn|48
|
|move|p1a: Famine|Synthesis|p1a: Famine
|-heal|p1a: Famine|364\/364 brn
|move|p2a: Ferrothorn|Power Whip|p1a: Famine|[miss]
|-miss|p2a: Ferrothorn|p1a: Famine
|
|-damage|p1a: Famine|319\/364 brn|[from] brn
|-damage|p2a: Ferrothorn|99\/352 brn|[from] brn
|turn|49
|c|âNilfar|Oh wow.
|
|move|p1a: Famine|Synthesis|p1a: Famine
|-heal|p1a: Famine|364\/364 brn
|move|p2a: Ferrothorn|Power Whip|p1a: Famine
|-resisted|p1a: Famine
|-damage|p1a: Famine|353\/364 brn
|
|-damage|p1a: Famine|308\/364 brn|[from] brn
|-damage|p2a: Ferrothorn|55\/352 brn|[from] brn
|turn|50
|
|switch|p2a: Gallade|Gallade-Mega, M|43\/277
|-damage|p2a: Gallade|26\/277|[from] Stealth Rock
|move|p1a: Famine|Giga Drain|p2a: Gallade
|-damage|p2a: Gallade|0 fnt
|-heal|p1a: Famine|321\/364 brn|[from] drain|[of] p2a: Gallade
|faint|p2a: Gallade
|
|-damage|p1a: Famine|276\/364 brn|[from] brn
|
|switch|p2a: Ferrothorn|Ferrothorn, M|55\/352 brn
|-damage|p2a: Ferrothorn|33\/352 brn|[from] Stealth Rock
|turn|51
|c|âwertzu|fuck
|c|âNilfar|Gg.
|
|move|p1a: Famine|Giga Drain|p2a: Ferrothorn
|-resisted|p2a: Ferrothorn
|-damage|p2a: Ferrothorn|12\/352 brn
|-heal|p1a: Famine|287\/364 brn|[from] drain|[of] p2a: Ferrothorn
|move|p2a: Ferrothorn|Gyro Ball|p1a: Famine
|-damage|p1a: Famine|260\/364 brn
|
|-damage|p1a: Famine|215\/364 brn|[from] brn
|-damage|p2a: Ferrothorn|0 fnt|[from] brn
|faint|p2a: Ferrothorn
|
|win|Nilfar
|raw|Ladder updating...
|raw|Nilfar's rating: 1369 &rarr; <strong>1390<\/strong><br \/>(+21 for winning)
|raw|wertzu's rating: 1379 &rarr; <strong>1358<\/strong><br \/>(-21 for losing)