|join|stally the kid
|join|wertzu
|player|p1|stally the kid|17
|player|p2|wertzu|184
|gametype|singles
|gen|6
|tier|OU
|rated
|clearpoke
|poke|p1|Gyarados, M
|poke|p1|Ferrothorn, F
|poke|p1|Clefable, F
|poke|p1|Landorus, M
|poke|p1|Keldeo
|poke|p1|Gengar, M
|poke|p2|Diancie
|poke|p2|Magnezone
|poke|p2|Ferrothorn, F
|poke|p2|Landorus-Therian, M
|poke|p2|Latias, F
|poke|p2|Azumarill, M
|rule|Swagger Clause: Swagger is banned
|rule|Baton Pass Clause: Limit one PokÃ©mon knowing Baton Pass
|rule|Sleep Clause Mod: Limit one foe put to sleep
|rule|Species Clause: Limit one of each PokÃ©mon
|rule|OHKO Clause: OHKO moves are banned
|rule|Moody Clause: Moody is banned
|rule|Evasion Moves Clause: Evasion moves are banned
|rule|Endless Battle Clause: Forcing endless battles is banned
|rule|HP Percentage Mod: HP is shown in percentages
|teampreview
|join|Outrageous Fortune
|
|start
|switch|p1a: Landorus|Landorus, M|319\/319
|switch|p2a: Lando-T|Landorus-Therian, M|319\/319
|-ability|p2a: Lando-T|Intimidate|[of] p1a: Landorus
|-unboost|p1a: Landorus|atk|1
|turn|1
|
|move|p2a: Lando-T|U-turn|p1a: Landorus
|-resisted|p1a: Landorus
|-damage|p1a: Landorus|274\/319
|
|switch|p2a: stinging nettle|Ferrothorn, F|352\/352
|move|p1a: Landorus|Knock Off|p2a: stinging nettle
|-damage|p2a: stinging nettle|299\/352
|-damage|p1a: Landorus|235\/319|[from] ability: Iron Barbs|[of] p2a: stinging nettle
|-damage|p1a: Landorus|182\/319|[from] item: Rocky Helmet|[of] p2a: stinging nettle
|-enditem|p2a: stinging nettle|Rocky Helmet|[from] move: Knock Off|[of] p1a: Landorus
|-damage|p1a: Landorus|151\/319|[from] item: Life Orb
|
|turn|2
|
|switch|p2a: Lando-T|Landorus-Therian, M|319\/319
|-ability|p2a: Lando-T|Intimidate|[of] p1a: Landorus
|-unboost|p1a: Landorus|atk|1
|move|p1a: Landorus|Earth Power|p2a: Lando-T
|-immune|p2a: Lando-T|[msg]
|
|turn|3
|
|switch|p1a: Clefable|Clefable, F|394\/394
|move|p2a: Lando-T|Stone Edge|p1a: Clefable
|-damage|p1a: Clefable|278\/394
|
|-heal|p1a: Clefable|302\/394|[from] item: Leftovers
|turn|4
|
|switch|p2a: MaGnEtIc ZoNe|Magnezone|324\/324
|move|p1a: Clefable|Flamethrower|p2a: MaGnEtIc ZoNe
|-supereffective|p2a: MaGnEtIc ZoNe
|-damage|p2a: MaGnEtIc ZoNe|172\/324
|
|-heal|p1a: Clefable|326\/394|[from] item: Leftovers
|turn|5
|
|switch|p1a: Landorus|Landorus, M|151\/319
|move|p2a: MaGnEtIc ZoNe|Flash Cannon|p1a: Landorus
|-damage|p1a: Landorus|0 fnt
|faint|p1a: Landorus
|
|
|switch|p1a: Ferrothorn|Ferrothorn, F|352\/352
|turn|6
|
|switch|p2a: stinging nettle|Ferrothorn, F|299\/352
|move|p1a: Ferrothorn|Stealth Rock|p2a: stinging nettle
|-sidestart|p2: wertzu|move: Stealth Rock
|
|turn|7
|
|switch|p1a: Clefable|Clefable, F|326\/394
|move|p2a: stinging nettle|Stealth Rock|p1a: Clefable
|-sidestart|p1: stally the kid|move: Stealth Rock
|
|-heal|p1a: Clefable|350\/394|[from] item: Leftovers
|turn|8
|
|move|p1a: Clefable|Calm Mind|p1a: Clefable
|-boost|p1a: Clefable|spa|1
|-boost|p1a: Clefable|spd|1
|move|p2a: stinging nettle|Gyro Ball|p1a: Clefable
|-supereffective|p1a: Clefable
|-damage|p1a: Clefable|152\/394
|
|-heal|p1a: Clefable|176\/394|[from] item: Leftovers
|turn|9
|
|move|p1a: Clefable|Soft-Boiled|p1a: Clefable
|-heal|p1a: Clefable|373\/394
|move|p2a: stinging nettle|Gyro Ball|p1a: Clefable
|-supereffective|p1a: Clefable
|-damage|p1a: Clefable|167\/394
|
|-heal|p1a: Clefable|191\/394|[from] item: Leftovers
|turn|10
|
|move|p1a: Clefable|Soft-Boiled|p1a: Clefable
|-heal|p1a: Clefable|388\/394
|move|p2a: stinging nettle|Gyro Ball|p1a: Clefable
|-supereffective|p1a: Clefable
|-damage|p1a: Clefable|184\/394
|
|-heal|p1a: Clefable|208\/394|[from] item: Leftovers
|turn|11
|
|move|p1a: Clefable|Soft-Boiled|p1a: Clefable
|-heal|p1a: Clefable|394\/394
|move|p2a: stinging nettle|Gyro Ball|p1a: Clefable
|-supereffective|p1a: Clefable
|-damage|p1a: Clefable|212\/394
|
|-heal|p1a: Clefable|236\/394|[from] item: Leftovers
|turn|12
|
|move|p1a: Clefable|Soft-Boiled|p1a: Clefable
|-heal|p1a: Clefable|394\/394
|move|p2a: stinging nettle|Gyro Ball|p1a: Clefable
|-supereffective|p1a: Clefable
|-damage|p1a: Clefable|208\/394
|
|-heal|p1a: Clefable|232\/394|[from] item: Leftovers
|turn|13
|
|move|p1a: Clefable|Soft-Boiled|p1a: Clefable
|-heal|p1a: Clefable|394\/394
|move|p2a: stinging nettle|Gyro Ball|p1a: Clefable
|-supereffective|p1a: Clefable
|-damage|p1a: Clefable|194\/394
|
|-heal|p1a: Clefable|218\/394|[from] item: Leftovers
|turn|14
|
|switch|p2a: MaGnEtIc ZoNe|Magnezone|172\/324
|-damage|p2a: MaGnEtIc ZoNe|152\/324|[from] Stealth Rock
|move|p1a: Clefable|Flamethrower|p2a: MaGnEtIc ZoNe
|-supereffective|p2a: MaGnEtIc ZoNe
|-damage|p2a: MaGnEtIc ZoNe|0 fnt
|faint|p2a: MaGnEtIc ZoNe
|
|-heal|p1a: Clefable|242\/394|[from] item: Leftovers
|c|âwertzu|wtf ?
|c| Outrageous Fortune|kid was bad
|c|âwertzu|why the hell now ?
|c|âwertzu|i still have gyroball pps ._.
|c|âwertzu|u suck
|
|switch|p2a: Perfect gem|Diancie|241\/241
|-damage|p2a: Perfect gem|211\/241|[from] Stealth Rock
|turn|15
|c|âstally the kid|i see you're very mad
|c|âstally the kid|that you got played!
|c|âwertzu|._.
|c|âstally the kid|._.
|
|detailschange|p2a: Perfect gem|Diancie-Mega
|message|Diancie has Mega Evolved into Mega Diancie!
|move|p2a: Perfect gem|Calm Mind|p2a: Perfect gem
|-boost|p2a: Perfect gem|spa|1
|-boost|p2a: Perfect gem|spd|1
|move|p1a: Clefable|Soft-Boiled|p1a: Clefable
|-heal|p1a: Clefable|394\/394
|
|turn|16
|c|âwertzu|bitch pls
|c|âwertzu|tell me why ?
|
|switch|p1a: Ferrothorn|Ferrothorn, F|352\/352
|-damage|p1a: Ferrothorn|330\/352|[from] Stealth Rock
|move|p2a: Perfect gem|Calm Mind|p2a: Perfect gem
|-boost|p2a: Perfect gem|spa|1
|-boost|p2a: Perfect gem|spd|1
|
|-heal|p1a: Ferrothorn|352\/352|[from] item: Leftovers
|turn|17
|c|âwertzu|lol
|c|âwertzu|?
|
|switch|p2a: stinging nettle|Ferrothorn, F|299\/352
|-damage|p2a: stinging nettle|277\/352|[from] Stealth Rock
|move|p1a: Ferrothorn|Gyro Ball|p2a: stinging nettle
|-resisted|p2a: stinging nettle
|-damage|p2a: stinging nettle|269\/352
|-damage|p1a: Ferrothorn|308\/352|[from] ability: Iron Barbs|[of] p2a: stinging nettle
|
|-heal|p1a: Ferrothorn|330\/352|[from] item: Leftovers
|turn|18
|
|switch|p1a: Clefable|Clefable, F|394\/394
|move|p2a: stinging nettle|Gyro Ball|p1a: Clefable
|-supereffective|p1a: Clefable
|-damage|p1a: Clefable|190\/394
|
|-heal|p1a: Clefable|214\/394|[from] item: Leftovers
|turn|19
|
|switch|p2a: Perfect gem|Diancie-Mega|211\/241
|-damage|p2a: Perfect gem|181\/241|[from] Stealth Rock
|move|p1a: Clefable|Soft-Boiled|p1a: Clefable
|-heal|p1a: Clefable|394\/394
|
|turn|20
|
|switch|p1a: Ferrothorn|Ferrothorn, F|330\/352
|-damage|p1a: Ferrothorn|308\/352|[from] Stealth Rock
|move|p2a: Perfect gem|Moonblast|p1a: Ferrothorn
|-resisted|p1a: Ferrothorn
|-damage|p1a: Ferrothorn|240\/352
|
|-heal|p1a: Ferrothorn|262\/352|[from] item: Leftovers
|turn|21
|-message|wertzu forfeited.
|
|win|stally the kid
|raw|Ladder updating...
|leave|wertzu
|player|p2
|raw|stally the kid's rating: 1519 &rarr; <strong>1536<\/strong><br \/>(+17 for winning)
|raw|wertzu's rating: 1461 &rarr; <strong>1444<\/strong><br \/>(-17 for losing)