|join|ActAgain
|join|wertzu
|player|p1|ActAgain|265
|player|p2|wertzu|184
|gametype|singles
|gen|6
|tier|OU
|rated
|clearpoke
|poke|p1|Metagross
|poke|p1|Breloom, F
|poke|p1|Rotom-Wash
|poke|p1|Clefable, F
|poke|p1|Keldeo
|poke|p1|Latias, F
|poke|p2|Metagross
|poke|p2|Rotom-Wash
|poke|p2|Latias, F
|poke|p2|Ferrothorn, F
|poke|p2|Landorus-Therian, M
|poke|p2|Keldeo
|rule|Swagger Clause: Swagger is banned
|rule|Baton Pass Clause: Limit one PokÃ©mon knowing Baton Pass
|rule|Sleep Clause Mod: Limit one foe put to sleep
|rule|Species Clause: Limit one of each PokÃ©mon
|rule|OHKO Clause: OHKO moves are banned
|rule|Moody Clause: Moody is banned
|rule|Evasion Moves Clause: Evasion moves are banned
|rule|Endless Battle Clause: Forcing endless battles is banned
|rule|HP Percentage Mod: HP is shown in percentages
|teampreview
|join|DraconianMethods
|
|start
|switch|p1a: Clefable|Clefable, F|394\/394
|switch|p2a: Rotom-Wash|Rotom-Wash|303\/303
|turn|1
|
|move|p2a: Rotom-Wash|Volt Switch|p1a: Clefable
|-damage|p1a: Clefable|297\/394
|join|kloshitt
|c| kloshitt|hallo mein erzfeind
|
|switch|p2a: Metagross|Metagross|301\/301
|move|p1a: Clefable|Stealth Rock|p2a: Metagross
|-sidestart|p2: wertzu|move: Stealth Rock
|
|-heal|p1a: Clefable|321\/394|[from] item: Leftovers
|turn|2
|c|âwertzu|hy
|
|switch|p1a: Rotom-Wash|Rotom-Wash|304\/304
|detailschange|p2a: Metagross|Metagross-Mega
|-mega|p2a: Metagross|Metagross|Metagrossite
|move|p2a: Metagross|Zen Headbutt|p1a: Rotom-Wash
|-damage|p1a: Rotom-Wash|174\/304
|
|-heal|p1a: Rotom-Wash|193\/304|[from] item: Leftovers
|turn|3
|
|switch|p2a: Latias|Latias, F|319\/319
|-damage|p2a: Latias|280\/319|[from] Stealth Rock
|move|p1a: Rotom-Wash|Volt Switch|p2a: Latias
|-resisted|p2a: Latias
|-damage|p2a: Latias|242\/319
|
|switch|p1a: Metagross|Metagross|301\/301
|
|turn|4
|
|switch|p2a: Ferrothorn|Ferrothorn, F|351\/351
|-damage|p2a: Ferrothorn|330\/351|[from] Stealth Rock
|detailschange|p1a: Metagross|Metagross-Mega
|-mega|p1a: Metagross|Metagross|Metagrossite
|move|p1a: Metagross|Hammer Arm|p2a: Ferrothorn
|-supereffective|p2a: Ferrothorn
|-damage|p2a: Ferrothorn|60\/351
|-damage|p1a: Metagross|264\/301|[from] ability: Iron Barbs|[of] p2a: Ferrothorn
|-unboost|p1a: Metagross|spe|1
|
|-heal|p2a: Ferrothorn|81\/351|[from] item: Leftovers
|turn|5
|
|switch|p2a: Rotom-Wash|Rotom-Wash|303\/303
|-damage|p2a: Rotom-Wash|266\/303|[from] Stealth Rock
|move|p1a: Metagross|Ice Punch|p2a: Rotom-Wash
|-resisted|p2a: Rotom-Wash
|-damage|p2a: Rotom-Wash|216\/303
|
|-heal|p2a: Rotom-Wash|234\/303|[from] item: Leftovers
|turn|6
|
|switch|p1a: Clefable|Clefable, F|321\/394
|move|p2a: Rotom-Wash|Volt Switch|p1a: Clefable
|-damage|p1a: Clefable|225\/394
|
|switch|p2a: Metagross|Metagross-Mega|301\/301
|-damage|p2a: Metagross|283\/301|[from] Stealth Rock
|
|-heal|p1a: Clefable|249\/394|[from] item: Leftovers
|turn|7
|
|move|p2a: Metagross|Meteor Mash|p1a: Clefable
|-supereffective|p1a: Clefable
|-damage|p1a: Clefable|0 fnt
|faint|p1a: Clefable
|
|
|switch|p1a: Rotom-Wash|Rotom-Wash|193\/304
|turn|8
|
|move|p2a: Metagross|Zen Headbutt|p1a: Rotom-Wash
|-damage|p1a: Rotom-Wash|40\/304
|move|p1a: Rotom-Wash|Will-O-Wisp|p2a: Metagross
|-status|p2a: Metagross|brn
|
|-heal|p1a: Rotom-Wash|59\/304|[from] item: Leftovers
|-damage|p2a: Metagross|246\/301 brn|[from] brn
|turn|9
|
|move|p2a: Metagross|Zen Headbutt|p1a: Rotom-Wash|[miss]
|-miss|p2a: Metagross|p1a: Rotom-Wash
|move|p1a: Rotom-Wash|Pain Split|p2a: Metagross
|-sethp|p2a: Metagross|152\/301 brn|p1a: Rotom-Wash|152\/304|[from] move: Pain Split
|
|-heal|p1a: Rotom-Wash|171\/304|[from] item: Leftovers
|-damage|p2a: Metagross|115\/301 brn|[from] brn
|turn|10
|c|âwertzu|...
|c|âwertzu|just wow
|
|move|p2a: Metagross|Zen Headbutt|p1a: Rotom-Wash
|-damage|p1a: Rotom-Wash|96\/304
|cant|p1a: Rotom-Wash|flinch
|
|-heal|p1a: Rotom-Wash|115\/304|[from] item: Leftovers
|-damage|p2a: Metagross|78\/301 brn|[from] brn
|turn|11
|
|switch|p1a: Metagross|Metagross-Mega|264\/301
|move|p2a: Metagross|Zen Headbutt|p1a: Metagross
|-resisted|p1a: Metagross
|-damage|p1a: Metagross|246\/301
|
|-damage|p2a: Metagross|41\/301 brn|[from] brn
|turn|12
|
|switch|p1a: Rotom-Wash|Rotom-Wash|115\/304
|switch|p2a: Landorus-Therian|Landorus-Therian, M|325\/325
|-damage|p2a: Landorus-Therian|285\/325|[from] Stealth Rock
|-ability|p2a: Landorus-Therian|Intimidate|[of] p1a: Rotom-Wash
|-unboost|p1a: Rotom-Wash|atk|1
|
|-heal|p1a: Rotom-Wash|134\/304|[from] item: Leftovers
|turn|13
|
|move|p2a: Landorus-Therian|U-turn|p1a: Rotom-Wash
|-damage|p1a: Rotom-Wash|81\/304
|
|switch|p2a: Ferrothorn|Ferrothorn, F|81\/351
|-damage|p2a: Ferrothorn|60\/351|[from] Stealth Rock
|move|p1a: Rotom-Wash|Pain Split|p2a: Ferrothorn
|-sethp|p2a: Ferrothorn|70\/351|p1a: Rotom-Wash|70\/304|[from] move: Pain Split
|
|-heal|p1a: Rotom-Wash|89\/304|[from] item: Leftovers
|-heal|p2a: Ferrothorn|91\/351|[from] item: Leftovers
|turn|14
|
|move|p1a: Rotom-Wash|Will-O-Wisp|p2a: Ferrothorn|[miss]
|-miss|p1a: Rotom-Wash|p2a: Ferrothorn
|move|p2a: Ferrothorn|Stealth Rock|p1a: Rotom-Wash
|-sidestart|p1: ActAgain|move: Stealth Rock
|
|-heal|p1a: Rotom-Wash|108\/304|[from] item: Leftovers
|-heal|p2a: Ferrothorn|112\/351|[from] item: Leftovers
|turn|15
|
|move|p1a: Rotom-Wash|Volt Switch|p2a: Ferrothorn
|-resisted|p2a: Ferrothorn
|-damage|p2a: Ferrothorn|85\/351
|
|switch|p1a: Latias|Latias, F|301\/301
|-damage|p1a: Latias|264\/301|[from] Stealth Rock
|move|p2a: Ferrothorn|Leech Seed|p1a: Latias
|-start|p1a: Latias|move: Leech Seed
|
|-heal|p2a: Ferrothorn|106\/351|[from] item: Leftovers
|-damage|p1a: Latias|227\/301|[from] Leech Seed|[of] p2a: Ferrothorn
|-heal|p2a: Ferrothorn|143\/351|[silent]
|turn|16
|
|move|p2a: Ferrothorn|Protect|p2a: Ferrothorn
|-singleturn|p2a: Ferrothorn|Protect
|move|p1a: Latias|Defog|p2a: Ferrothorn
|-activate|p2a: Ferrothorn|Protect
|
|-heal|p2a: Ferrothorn|164\/351|[from] item: Leftovers
|-damage|p1a: Latias|190\/301|[from] Leech Seed|[of] p2a: Ferrothorn
|-heal|p2a: Ferrothorn|201\/351|[silent]
|turn|17
|
|switch|p1a: Keldeo|Keldeo|323\/323
|-damage|p1a: Keldeo|303\/323|[from] Stealth Rock
|move|p2a: Ferrothorn|Stealth Rock|p1a: Keldeo
|-fail|p1a: Keldeo
|
|-heal|p1a: Keldeo|323\/323|[from] item: Leftovers
|-heal|p2a: Ferrothorn|222\/351|[from] item: Leftovers
|turn|18
|
|switch|p2a: Latias|Latias, F|242\/319
|-damage|p2a: Latias|203\/319|[from] Stealth Rock
|move|p1a: Keldeo|Calm Mind|p1a: Keldeo
|-boost|p1a: Keldeo|spa|1
|-boost|p1a: Keldeo|spd|1
|
|turn|19
|
|switch|p1a: Metagross|Metagross-Mega|246\/301
|-damage|p1a: Metagross|228\/301|[from] Stealth Rock
|move|p2a: Latias|Psyshock|p1a: Metagross
|-resisted|p1a: Metagross
|-damage|p1a: Metagross|203\/301
|-damage|p2a: Latias|172\/319|[from] item: Life Orb
|
|turn|20
|
|switch|p2a: Rotom-Wash|Rotom-Wash|234\/303
|-damage|p2a: Rotom-Wash|197\/303|[from] Stealth Rock
|move|p1a: Metagross|Ice Punch|p2a: Rotom-Wash
|-resisted|p2a: Rotom-Wash
|-damage|p2a: Rotom-Wash|153\/303
|
|-heal|p2a: Rotom-Wash|171\/303|[from] item: Leftovers
|turn|21
|
|move|p1a: Metagross|Zen Headbutt|p2a: Rotom-Wash
|-damage|p2a: Rotom-Wash|17\/303
|cant|p2a: Rotom-Wash|flinch
|
|-heal|p2a: Rotom-Wash|35\/303|[from] item: Leftovers
|turn|22
|c|âwertzu|..........................
|c|âwertzu|..........................................
|c|âwertzu|.........................................................................................................
|
|move|p1a: Metagross|Ice Punch|p2a: Rotom-Wash
|-resisted|p2a: Rotom-Wash
|-damage|p2a: Rotom-Wash|0 fnt
|faint|p2a: Rotom-Wash
|
|
|switch|p2a: Landorus-Therian|Landorus-Therian, M|285\/325
|-damage|p2a: Landorus-Therian|245\/325|[from] Stealth Rock
|-ability|p2a: Landorus-Therian|Intimidate|[of] p1a: Metagross
|-unboost|p1a: Metagross|atk|1
|turn|23
|
|switch|p1a: Rotom-Wash|Rotom-Wash|108\/304
|-damage|p1a: Rotom-Wash|70\/304|[from] Stealth Rock
|move|p2a: Landorus-Therian|U-turn|p1a: Rotom-Wash
|-damage|p1a: Rotom-Wash|22\/304
|
|switch|p2a: Metagross|Metagross-Mega|41\/301 brn
|-damage|p2a: Metagross|23\/301 brn|[from] Stealth Rock
|
|-heal|p1a: Rotom-Wash|41\/304|[from] item: Leftovers
|-damage|p2a: Metagross|0 fnt|[from] brn
|faint|p2a: Metagross
|
|switch|p2a: Landorus-Therian|Landorus-Therian, M|245\/325
|-damage|p2a: Landorus-Therian|205\/325|[from] Stealth Rock
|-ability|p2a: Landorus-Therian|Intimidate|[of] p1a: Rotom-Wash
|-unboost|p1a: Rotom-Wash|atk|1
|turn|24
|
|move|p2a: Landorus-Therian|U-turn|p1a: Rotom-Wash
|-damage|p1a: Rotom-Wash|0 fnt
|faint|p1a: Rotom-Wash
|
|switch|p2a: Keldeo|Keldeo|323\/323
|-damage|p2a: Keldeo|303\/323|[from] Stealth Rock
|
|-heal|p2a: Keldeo|323\/323|[from] item: Leftovers
|join|fgjkltzfuk
|
|switch|p1a: Metagross|Metagross-Mega|203\/301
|-damage|p1a: Metagross|185\/301|[from] Stealth Rock
|turn|25
|
|switch|p2a: Ferrothorn|Ferrothorn, F|222\/351
|-damage|p2a: Ferrothorn|201\/351|[from] Stealth Rock
|move|p1a: Metagross|Zen Headbutt|p2a: Ferrothorn|[miss]
|-miss|p1a: Metagross|p2a: Ferrothorn
|
|-heal|p2a: Ferrothorn|222\/351|[from] item: Leftovers
|turn|26
|
|move|p2a: Ferrothorn|Protect|p2a: Ferrothorn
|-singleturn|p2a: Ferrothorn|Protect
|move|p1a: Metagross|Hammer Arm|p2a: Ferrothorn
|-activate|p2a: Ferrothorn|Protect
|
|-heal|p2a: Ferrothorn|243\/351|[from] item: Leftovers
|turn|27
|
|move|p1a: Metagross|Hammer Arm|p2a: Ferrothorn
|-crit|p2a: Ferrothorn
|-supereffective|p2a: Ferrothorn
|-damage|p2a: Ferrothorn|0 fnt
|-damage|p1a: Metagross|148\/301|[from] ability: Iron Barbs|[of] p2a: Ferrothorn
|-unboost|p1a: Metagross|spe|1
|faint|p2a: Ferrothorn
|
|
|switch|p2a: Keldeo|Keldeo|323\/323
|-damage|p2a: Keldeo|303\/323|[from] Stealth Rock
|turn|28
|
|switch|p1a: Keldeo|Keldeo|323\/323
|-damage|p1a: Keldeo|303\/323|[from] Stealth Rock
|move|p2a: Keldeo|Substitute|p2a: Keldeo
|-start|p2a: Keldeo|Substitute
|-damage|p2a: Keldeo|223\/323
|
|-heal|p2a: Keldeo|243\/323|[from] item: Leftovers
|-heal|p1a: Keldeo|323\/323|[from] item: Leftovers
|turn|29
|
|move|p1a: Keldeo|Substitute|p1a: Keldeo
|-start|p1a: Keldeo|Substitute
|-damage|p1a: Keldeo|243\/323
|move|p2a: Keldeo|Secret Sword|p1a: Keldeo
|-end|p1a: Keldeo|Substitute
|
|-heal|p2a: Keldeo|263\/323|[from] item: Leftovers
|-heal|p1a: Keldeo|263\/323|[from] item: Leftovers
|turn|30
|
|move|p1a: Keldeo|Calm Mind|p1a: Keldeo
|-boost|p1a: Keldeo|spa|1
|-boost|p1a: Keldeo|spd|1
|move|p2a: Keldeo|Secret Sword|p1a: Keldeo
|-damage|p1a: Keldeo|107\/323
|
|-heal|p1a: Keldeo|127\/323|[from] item: Leftovers
|-heal|p2a: Keldeo|283\/323|[from] item: Leftovers
|turn|31
|
|move|p2a: Keldeo|Secret Sword|p1a: Keldeo
|-damage|p1a: Keldeo|0 fnt
|faint|p1a: Keldeo
|
|-heal|p2a: Keldeo|303\/323|[from] item: Leftovers
|
|switch|p1a: Latias|Latias, F|190\/301
|-damage|p1a: Latias|153\/301|[from] Stealth Rock
|turn|32
|
|move|p1a: Latias|Psyshock|p2a: Keldeo
|-supereffective|p2a: Keldeo
|-end|p2a: Keldeo|Substitute
|-damage|p1a: Latias|123\/301|[from] item: Life Orb
|move|p2a: Keldeo|Secret Sword|p1a: Latias
|-resisted|p1a: Latias
|-damage|p1a: Latias|44\/301
|
|-heal|p2a: Keldeo|323\/323|[from] item: Leftovers
|turn|33
|
|move|p1a: Latias|Psyshock|p2a: Keldeo
|-supereffective|p2a: Keldeo
|-damage|p2a: Keldeo|0 fnt
|-damage|p1a: Latias|14\/301|[from] item: Life Orb
|faint|p2a: Keldeo
|
|
|switch|p2a: Landorus-Therian|Landorus-Therian, M|205\/325
|-damage|p2a: Landorus-Therian|165\/325|[from] Stealth Rock
|-ability|p2a: Landorus-Therian|Intimidate|[of] p1a: Latias
|-unboost|p1a: Latias|atk|1
|turn|34
|
|move|p1a: Latias|Healing Wish|p1a: Latias
|faint|p1a: Latias
|move|p2a: Landorus-Therian|U-turn|p1: Latias|[notarget]
|-notarget
|
|
|switch|p1a: Metagross|Metagross-Mega|148\/301
|-heal|p1a: Metagross|301\/301|[from] move: Healing Wish
|-damage|p1a: Metagross|283\/301|[from] Stealth Rock
|turn|35
|c|âActAgain|oooh
|c|âActAgain|nice
|c|âwertzu|wtf
|
|move|p1a: Metagross|Ice Punch|p2a: Landorus-Therian
|-crit|p2a: Landorus-Therian
|-supereffective|p2a: Landorus-Therian
|-damage|p2a: Landorus-Therian|0 fnt
|faint|p2a: Landorus-Therian
|
|c|âwertzu|Oo
|-message|wertzu forfeited.
|leave|wertzu
|leave|fgjkltzfuk
|
|win|ActAgain
|raw|Ladder updating...
|player|p2
|raw|ActAgain's rating: 1564 &rarr; <strong>1587<\/strong><br \/>(+23 for winning)
|raw|wertzu's rating: 1610 &rarr; <strong>1587<\/strong><br \/>(-23 for losing)