|join|White Armor II
|join|wertzu
|player|p1|White Armor II|286
|player|p2|wertzu|184
|gametype|singles
|gen|6
|tier|OU (suspect test)
|rated
|clearpoke
|poke|p1|Slowbro, M
|poke|p1|Mamoswine, F
|poke|p1|Scizor, M
|poke|p1|Rotom-Wash, shiny
|poke|p1|Celebi
|poke|p1|Gallade, M, shiny
|poke|p2|Latias, F
|poke|p2|Landorus-Therian, M
|poke|p2|Magnezone, shiny
|poke|p2|Azumarill, F
|poke|p2|Metagross
|poke|p2|Clefable, F, shiny
|rule|Swagger Clause: Swagger is banned
|rule|Baton Pass Clause: Limit one PokÃ©mon knowing Baton Pass
|rule|Sleep Clause Mod: Limit one foe put to sleep
|rule|Species Clause: Limit one of each PokÃ©mon
|rule|OHKO Clause: OHKO moves are banned
|rule|Moody Clause: Moody is banned
|rule|Evasion Moves Clause: Evasion moves are banned
|rule|Endless Battle Clause: Forcing endless battles is banned
|rule|HP Percentage Mod: HP is shown in percentages
|teampreview
|
|start
|switch|p1a: Smogon Star|Rotom-Wash, shiny|304\/304
|switch|p2a: Geb|Landorus-Therian, M|319\/319
|-ability|p2a: Geb|Intimidate|[of] p1a: Smogon Star
|-unboost|p1a: Smogon Star|atk|1
|turn|1
|
|move|p2a: Geb|U-turn|p1a: Smogon Star
|-damage|p1a: Smogon Star|207\/304
|
|switch|p2a: Magnetic Zone|Magnezone, shiny|324\/324
|move|p1a: Smogon Star|Will-O-Wisp|p2a: Magnetic Zone
|-status|p2a: Magnetic Zone|brn
|
|-heal|p1a: Smogon Star|226\/304|[from] item: Leftovers
|-damage|p2a: Magnetic Zone|284\/324 brn|[from] brn
|turn|2
|
|switch|p1a: Collard Greens|Celebi|403\/403
|move|p2a: Magnetic Zone|Flash Cannon|p1a: Collard Greens
|-damage|p1a: Collard Greens|235\/403
|
|-heal|p1a: Collard Greens|260\/403|[from] item: Leftovers
|-damage|p2a: Magnetic Zone|244\/324 brn|[from] brn
|turn|3
|
|switch|p1a: Bastard|Scizor, M|343\/343
|switch|p2a: Geb|Landorus-Therian, M|319\/319
|-ability|p2a: Geb|Intimidate|[of] p1a: Bastard
|-unboost|p1a: Bastard|atk|1
|
|turn|4
|
|move|p2a: Geb|U-turn|p1a: Bastard
|-resisted|p1a: Bastard
|-damage|p1a: Bastard|292\/343
|
|switch|p2a: Magnetic Zone|Magnezone, shiny|244\/324 brn
|move|p1a: Bastard|U-turn|p2a: Magnetic Zone
|-resisted|p2a: Magnetic Zone
|-damage|p2a: Magnetic Zone|189\/324 brn
|-damage|p1a: Bastard|258\/343|[from] item: Life Orb
|
|switch|p1a: Cold Crush|Mamoswine, F|402\/402
|
|-damage|p2a: Magnetic Zone|149\/324 brn|[from] brn
|turn|5
|join|Marshmallon
|
|move|p1a: Cold Crush|Stealth Rock|p2a: Magnetic Zone
|-sidestart|p2: wertzu|move: Stealth Rock
|move|p2a: Magnetic Zone|Flash Cannon|p1a: Cold Crush
|-supereffective|p1a: Cold Crush
|-enditem|p1a: Cold Crush|Focus Sash
|-damage|p1a: Cold Crush|1\/402
|
|-damage|p2a: Magnetic Zone|109\/324 brn|[from] brn
|turn|6
|
|switch|p2a: Geb|Landorus-Therian, M|319\/319
|-damage|p2a: Geb|280\/319|[from] Stealth Rock
|-ability|p2a: Geb|Intimidate|[of] p1a: Cold Crush
|-unboost|p1a: Cold Crush|atk|1
|move|p1a: Cold Crush|Knock Off|p2a: Geb
|-damage|p2a: Geb|182\/319
|-enditem|p2a: Geb|Choice Scarf|[from] move: Knock Off|[of] p1a: Cold Crush
|
|turn|7
|
|move|p1a: Cold Crush|Ice Shard|p2a: Geb
|-supereffective|p2a: Geb
|-damage|p2a: Geb|0 fnt
|faint|p2a: Geb
|
|
|switch|p2a: Pixi|Clefable, F, shiny|393\/393
|-damage|p2a: Pixi|344\/393|[from] Stealth Rock
|turn|8
|
|move|p1a: Cold Crush|Earthquake|p2a: Pixi
|-damage|p2a: Pixi|167\/393
|move|p2a: Pixi|Stealth Rock|p1a: Cold Crush
|-sidestart|p1: White Armor II|move: Stealth Rock
|
|-heal|p2a: Pixi|191\/393|[from] item: Leftovers
|turn|9
|
|move|p1a: Cold Crush|Earthquake|p2a: Pixi
|-damage|p2a: Pixi|19\/393
|move|p2a: Pixi|Moonblast|p1a: Cold Crush
|-damage|p1a: Cold Crush|0 fnt
|faint|p1a: Cold Crush
|
|-heal|p2a: Pixi|43\/393|[from] item: Leftovers
|
|switch|p1a: Bastard|Scizor, M|258\/343
|-damage|p1a: Bastard|216\/343|[from] Stealth Rock
|turn|10
|
|move|p1a: Bastard|U-turn|p2a: Pixi
|-resisted|p2a: Pixi
|-damage|p2a: Pixi|0 fnt
|-damage|p1a: Bastard|182\/343|[from] item: Life Orb
|faint|p2a: Pixi
|
|switch|p1a: Smogon Star|Rotom-Wash, shiny|226\/304
|-damage|p1a: Smogon Star|188\/304|[from] Stealth Rock
|
|-heal|p1a: Smogon Star|207\/304|[from] item: Leftovers
|
|switch|p2a: Jetstream|Latias, F|319\/319
|-damage|p2a: Jetstream|280\/319|[from] Stealth Rock
|turn|11
|
|move|p2a: Jetstream|Draco Meteor|p1a: Smogon Star
|-damage|p1a: Smogon Star|43\/304
|-unboost|p2a: Jetstream|spa|2
|-damage|p2a: Jetstream|249\/319|[from] item: Life Orb
|move|p1a: Smogon Star|Will-O-Wisp|p2a: Jetstream
|-status|p2a: Jetstream|brn
|
|-heal|p1a: Smogon Star|62\/304|[from] item: Leftovers
|-damage|p2a: Jetstream|210\/319 brn|[from] brn
|turn|12
|
|move|p2a: Jetstream|Draco Meteor|p1a: Smogon Star
|-damage|p1a: Smogon Star|0 fnt
|-unboost|p2a: Jetstream|spa|2
|-damage|p2a: Jetstream|179\/319 brn|[from] item: Life Orb
|faint|p1a: Smogon Star
|
|-damage|p2a: Jetstream|140\/319 brn|[from] brn
|
|switch|p1a: Collard Greens|Celebi|260\/403
|-damage|p1a: Collard Greens|210\/403|[from] Stealth Rock
|turn|13
|
|move|p2a: Jetstream|Healing Wish|p2a: Jetstream
|faint|p2a: Jetstream
|move|p1a: Collard Greens|Substitute|p1a: Collard Greens
|-start|p1a: Collard Greens|Substitute
|-damage|p1a: Collard Greens|110\/403
|
|-heal|p1a: Collard Greens|135\/403|[from] item: Leftovers
|
|switch|p2a: Magnetic Zone|Magnezone, shiny|109\/324 brn
|-heal|p2a: Magnetic Zone|324\/324|[from] move: Healing Wish
|-damage|p2a: Magnetic Zone|304\/324|[from] Stealth Rock
|turn|14
|
|move|p1a: Collard Greens|Baton Pass|p1a: Collard Greens
|
|switch|p1a: Exordium|Gallade, M, shiny|277\/277
|-damage|p1a: Exordium|260\/277|[from] Stealth Rock
|move|p2a: Magnetic Zone|Flash Cannon|p1a: Exordium
|-end|p1a: Exordium|Substitute
|
|turn|15
|
|switch|p2a: Easteregg|Azumarill, F|401\/401
|-damage|p2a: Easteregg|351\/401|[from] Stealth Rock
|detailschange|p1a: Exordium|Gallade-Mega, M, shiny
|-mega|p1a: Exordium|Gallade|Galladite
|move|p1a: Exordium|Substitute|p1a: Exordium
|-start|p1a: Exordium|Substitute
|-damage|p1a: Exordium|191\/277
|
|turn|16
|c|âWhite Armor II|:]
|
|move|p1a: Exordium|Skill Swap|p2a: Easteregg
|-activate|p1a: Exordium|move: Skill Swap|Huge Power|Inner Focus|[of] p2a: Easteregg
|move|p2a: Easteregg|Waterfall|p1a: Exordium
|-end|p1a: Exordium|Substitute
|
|turn|17
|c|âwertzu|LOL
|
|move|p1a: Exordium|Drain Punch|p2a: Easteregg
|-resisted|p2a: Easteregg
|-damage|p2a: Easteregg|155\/401
|-heal|p1a: Exordium|277\/277|[from] drain|[of] p2a: Easteregg
|move|p2a: Easteregg|Play Rough|p1a: Exordium
|-supereffective|p1a: Exordium
|-damage|p1a: Exordium|89\/277
|
|turn|18
|
|move|p2a: Easteregg|Aqua Jet|p1a: Exordium
|-damage|p1a: Exordium|44\/277
|move|p1a: Exordium|Drain Punch|p2a: Easteregg
|-resisted|p2a: Easteregg
|-damage|p2a: Easteregg|0 fnt
|-heal|p1a: Exordium|122\/277|[from] drain|[of] p2a: Easteregg
|faint|p2a: Easteregg
|
|
|switch|p2a: Metal Gear|Metagross|301\/301
|-damage|p2a: Metal Gear|283\/301|[from] Stealth Rock
|turn|19
|
|detailschange|p2a: Metal Gear|Metagross-Mega
|-mega|p2a: Metal Gear|Metagross|Metagrossite
|move|p1a: Exordium|Knock Off|p2a: Metal Gear
|-supereffective|p2a: Metal Gear
|-damage|p2a: Metal Gear|21\/301
|move|p2a: Metal Gear|Meteor Mash|p1a: Exordium
|-damage|p1a: Exordium|0 fnt
|faint|p1a: Exordium
|
|
|switch|p1a: Bastard|Scizor, M|182\/343
|-damage|p1a: Bastard|140\/343|[from] Stealth Rock
|turn|20
|
|move|p1a: Bastard|Bullet Punch|p2a: Metal Gear
|-resisted|p2a: Metal Gear
|-damage|p2a: Metal Gear|0 fnt
|-damage|p1a: Bastard|106\/343|[from] item: Life Orb
|faint|p2a: Metal Gear
|
|
|switch|p2a: Magnetic Zone|Magnezone, shiny|304\/324
|-damage|p2a: Magnetic Zone|284\/324|[from] Stealth Rock
|turn|21
|
|move|p2a: Magnetic Zone|Thunderbolt|p1a: Bastard
|-damage|p1a: Bastard|0 fnt
|faint|p1a: Bastard
|
|
|switch|p1a: Highdration|Slowbro, M|375\/375
|-damage|p1a: Highdration|329\/375|[from] Stealth Rock
|turn|22
|
|move|p2a: Magnetic Zone|Thunderbolt|p1a: Highdration
|-supereffective|p1a: Highdration
|-damage|p1a: Highdration|0 fnt
|faint|p1a: Highdration
|
|
|switch|p1a: Collard Greens|Celebi|135\/403
|-damage|p1a: Collard Greens|85\/403|[from] Stealth Rock
|turn|23
|
|move|p1a: Collard Greens|Seed Bomb|p2a: Magnetic Zone
|-resisted|p2a: Magnetic Zone
|-damage|p2a: Magnetic Zone|243\/324
|move|p2a: Magnetic Zone|Thunderbolt|p1a: Collard Greens
|-resisted|p1a: Collard Greens
|-damage|p1a: Collard Greens|0 fnt
|faint|p1a: Collard Greens
|
|win|wertzu
|raw|Ladder updating...
|raw|White Armor II's rating: 1323 &rarr; <strong>1304<\/strong><br \/>(-19 for losing)
|raw|wertzu's rating: 1343 &rarr; <strong>1362<\/strong><br \/>(+19 for winning)
|leave|White Armor II
|player|p1
|c|âwertzu|OO
|c|âwertzu|wtf
|leave|wertzu
|player|p2
|join|wertzu