|join|FeelPain
|join|hypno 4 president
|player|p1|FeelPain|105
|player|p2|hypno 4 president|196
|gametype|singles
|gen|6
|tier|UU
|rated
|rule|Sleep Clause Mod: Limit one foe put to sleep
|rule|Species Clause: Limit one of each PokÃ©mon
|rule|OHKO Clause: OHKO moves are banned
|rule|Moody Clause: Moody is banned
|rule|Evasion Moves Clause: Evasion moves are banned
|rule|Endless Battle Clause: Forcing endless battles is banned
|rule|HP Percentage Mod: HP is shown in percentages
|clearpoke
|poke|p1|Entei, shiny
|poke|p1|Toxicroak, M
|poke|p1|Rhydon, F
|poke|p1|Blastoise, M
|poke|p1|Florges, F
|poke|p1|Hydreigon, M
|poke|p2|Whimsicott, M, shiny
|poke|p2|Arcanine, F
|poke|p2|Blastoise, M
|poke|p2|Krookodile, F
|poke|p2|Eelektross, F
|poke|p2|Umbreon, M, shiny
|rule|Swagger Clause: Swagger is banned
|rule|Baton Pass Clause: Limit one PokÃ©mon knowing Baton Pass
|teampreview
|
|start
|switch|p1a: gl hercules|Hydreigon, M|325\/325
|switch|p2a: Krookodile|Krookodile, F|394\/394
|-ability|p2a: Krookodile|Intimidate|[of] p1a: gl hercules
|-unboost|p1a: gl hercules|atk|1
|turn|1
|
|move|p1a: gl hercules|U-turn|p2a: Krookodile
|-supereffective|p2a: Krookodile
|-damage|p2a: Krookodile|332\/394
|
|switch|p1a: physicalatts|Rhydon, F|414\/414
|move|p2a: Krookodile|Knock Off|p1a: physicalatts
|-damage|p1a: physicalatts|354\/414
|-enditem|p1a: physicalatts|Eviolite|[from] move: Knock Off|[of] p2a: Krookodile
|
|-heal|p2a: Krookodile|356\/394|[from] item: Leftovers
|turn|2
|
|move|p2a: Krookodile|Earthquake|p1a: physicalatts
|-supereffective|p1a: physicalatts
|-damage|p1a: physicalatts|156\/414
|move|p1a: physicalatts|Earthquake|p2a: Krookodile
|-damage|p2a: Krookodile|215\/394
|
|-heal|p2a: Krookodile|239\/394|[from] item: Leftovers
|turn|3
|
|switch|p1a: gl hercules|Hydreigon, M|325\/325
|move|p2a: Krookodile|Stealth Rock|p1a: gl hercules
|-sidestart|p1: FeelPain|move: Stealth Rock
|
|-heal|p2a: Krookodile|263\/394|[from] item: Leftovers
|turn|4
|
|switch|p2a: Umbreon|Umbreon, M, shiny|394\/394
|move|p1a: gl hercules|Draco Meteor|p2a: Umbreon
|-damage|p2a: Umbreon|249\/394
|-unboost|p1a: gl hercules|spa|2
|
|-heal|p2a: Umbreon|273\/394|[from] item: Leftovers
|turn|5
|
|switch|p1a: physicalatts|Rhydon, F|156\/414
|-damage|p1a: physicalatts|131\/414|[from] Stealth Rock
|move|p2a: Umbreon|Wish|p2a: Umbreon
|
|-heal|p2a: Umbreon|297\/394|[from] item: Leftovers
|turn|6
|
|move|p2a: Umbreon|Foul Play|p1a: physicalatts
|-damage|p1a: physicalatts|17\/414
|move|p1a: physicalatts|Megahorn|p2a: Umbreon
|-supereffective|p2a: Umbreon
|-damage|p2a: Umbreon|61\/394
|
|-heal|p2a: Umbreon|258\/394|[from] move: Wish|[wisher] Umbreon
|-heal|p2a: Umbreon|282\/394|[from] item: Leftovers
|turn|7
|
|move|p2a: Umbreon|Foul Play|p1a: physicalatts
|-damage|p1a: physicalatts|0 fnt
|faint|p1a: physicalatts
|
|-heal|p2a: Umbreon|306\/394|[from] item: Leftovers
|
|switch|p1a: Ninja|Toxicroak, M|308\/308
|-damage|p1a: Ninja|289\/308|[from] Stealth Rock
|turn|8
|
|switch|p2a: Arcanine|Arcanine, F|383\/383
|-ability|p2a: Arcanine|Intimidate|[of] p1a: Ninja
|-unboost|p1a: Ninja|atk|1
|move|p1a: Ninja|Drain Punch|p2a: Arcanine
|-damage|p2a: Arcanine|305\/383
|-heal|p1a: Ninja|308\/308|[from] drain|[of] p2a: Arcanine
|
|-heal|p2a: Arcanine|328\/383|[from] item: Leftovers
|turn|9
|
|switch|p1a: gl hercules|Hydreigon, M|325\/325
|-damage|p1a: gl hercules|285\/325|[from] Stealth Rock
|move|p2a: Arcanine|Will-O-Wisp|p1a: gl hercules
|-status|p1a: gl hercules|brn
|
|-heal|p2a: Arcanine|351\/383|[from] item: Leftovers
|-damage|p1a: gl hercules|245\/325 brn|[from] brn
|turn|10
|
|switch|p2a: Blastoise|Blastoise, M|358\/358
|move|p1a: gl hercules|Fire Blast|p2a: Blastoise|[miss]
|-miss|p1a: gl hercules|p2a: Blastoise
|
|-damage|p1a: gl hercules|205\/325 brn|[from] brn
|turn|11
|
|switch|p1a: Iwalluallday|Florges, F|360\/360
|-damage|p1a: Iwalluallday|315\/360|[from] Stealth Rock
|detailschange|p2a: Blastoise|Blastoise-Mega, M
|-mega|p2a: Blastoise|Blastoise|Blastoisinite
|move|p2a: Blastoise|Water Pulse|p1a: Iwalluallday
|-damage|p1a: Iwalluallday|213\/360
|
|-heal|p1a: Iwalluallday|235\/360|[from] item: Leftovers
|turn|12
|
|move|p2a: Blastoise|Water Pulse|p1a: Iwalluallday
|-damage|p1a: Iwalluallday|126\/360
|move|p1a: Iwalluallday|Wish|p1a: Iwalluallday
|
|-heal|p1a: Iwalluallday|148\/360|[from] item: Leftovers
|turn|13
|
|move|p2a: Blastoise|Aura Sphere|p1a: Iwalluallday
|-resisted|p1a: Iwalluallday
|-damage|p1a: Iwalluallday|104\/360
|move|p1a: Iwalluallday|Moonblast|p2a: Blastoise
|-damage|p2a: Blastoise|229\/358
|-unboost|p2a: Blastoise|spa|1
|
|-heal|p1a: Iwalluallday|284\/360|[from] move: Wish|[wisher] Iwalluallday
|-heal|p1a: Iwalluallday|306\/360|[from] item: Leftovers
|turn|14
|
|switch|p2a: Eelektross|Eelektross, F|374\/374
|switch|p1a: gl hercules|Hydreigon, M|205\/325 brn
|-damage|p1a: gl hercules|165\/325 brn|[from] Stealth Rock
|
|-damage|p1a: gl hercules|125\/325 brn|[from] brn
|turn|15
|
|move|p1a: gl hercules|Draco Meteor|p2a: Eelektross
|-damage|p2a: Eelektross|178\/374
|-unboost|p1a: gl hercules|spa|2
|move|p2a: Eelektross|Volt Switch|p1a: gl hercules
|-resisted|p1a: gl hercules
|-damage|p1a: gl hercules|59\/325 brn
|
|switch|p2a: Blastoise|Blastoise-Mega, M|229\/358
|
|-damage|p1a: gl hercules|19\/325 brn|[from] brn
|turn|16
|
|move|p1a: gl hercules|Draco Meteor|p2a: Blastoise
|-damage|p2a: Blastoise|132\/358
|-unboost|p1a: gl hercules|spa|2
|move|p2a: Blastoise|Water Pulse|p1a: gl hercules
|-crit|p1a: gl hercules
|-resisted|p1a: gl hercules
|-damage|p1a: gl hercules|0 fnt
|faint|p1a: gl hercules
|
|
|switch|p1a: Ninja|Toxicroak, M|308\/308
|-damage|p1a: Ninja|289\/308|[from] Stealth Rock
|turn|17
|
|switch|p2a: Arcanine|Arcanine, F|351\/383
|-ability|p2a: Arcanine|Intimidate|[of] p1a: Ninja
|-unboost|p1a: Ninja|atk|1
|move|p1a: Ninja|Gunk Shot|p2a: Arcanine
|-damage|p2a: Arcanine|245\/383
|
|-heal|p1a: Ninja|308\/308|[from] item: Black Sludge
|-heal|p2a: Arcanine|268\/383|[from] item: Leftovers
|turn|18
|
|switch|p1a: Fireee|Entei, shiny|372\/372
|-damage|p1a: Fireee|279\/372|[from] Stealth Rock
|-ability|p1a: Fireee|Pressure
|move|p2a: Arcanine|Flare Blitz|p1a: Fireee
|-resisted|p1a: Fireee
|-damage|p1a: Fireee|195\/372
|-damage|p2a: Arcanine|240\/383|[from] recoil|[of] p1a: Fireee
|
|-heal|p2a: Arcanine|263\/383|[from] item: Leftovers
|turn|19
|
|switch|p2a: Krookodile|Krookodile, F|263\/394
|-ability|p2a: Krookodile|Intimidate|[of] p1a: Fireee
|-unboost|p1a: Fireee|atk|1
|move|p1a: Fireee|Stone Edge|p2a: Krookodile
|-resisted|p2a: Krookodile
|-damage|p2a: Krookodile|224\/394
|-damage|p1a: Fireee|158\/372|[from] item: Life Orb
|
|-heal|p2a: Krookodile|248\/394|[from] item: Leftovers
|turn|20
|
|move|p1a: Fireee|Sacred Fire|p2a: Krookodile
|-damage|p2a: Krookodile|119\/394
|-damage|p1a: Fireee|121\/372|[from] item: Life Orb
|move|p2a: Krookodile|Knock Off|p1a: Fireee
|-damage|p1a: Fireee|0 fnt
|-enditem|p1a: Fireee|Life Orb|[from] move: Knock Off|[of] p2a: Krookodile
|faint|p1a: Fireee
|
|-heal|p2a: Krookodile|143\/394|[from] item: Leftovers
|
|switch|p1a: dicke bezzi|Blastoise, M|362\/362
|-damage|p1a: dicke bezzi|317\/362|[from] Stealth Rock
|turn|21
|
|detailschange|p1a: dicke bezzi|Blastoise-Mega, M
|-mega|p1a: dicke bezzi|Blastoise|Blastoisinite
|move|p2a: Krookodile|Knock Off|p1a: dicke bezzi
|-damage|p1a: dicke bezzi|242\/362
|move|p1a: dicke bezzi|Scald|p2a: Krookodile
|-supereffective|p2a: Krookodile
|-damage|p2a: Krookodile|0 fnt
|faint|p2a: Krookodile
|
|
|switch|p2a: Whimsicott|Whimsicott, M, shiny|262\/262
|turn|22
|
|switch|p1a: Iwalluallday|Florges, F|306\/360
|-damage|p1a: Iwalluallday|261\/360|[from] Stealth Rock
|move|p2a: Whimsicott|Giga Drain|p1a: Iwalluallday
|-damage|p1a: Iwalluallday|207\/360
|
|-heal|p1a: Iwalluallday|229\/360|[from] item: Leftovers
|turn|23
|
|move|p2a: Whimsicott|Taunt|p1a: Iwalluallday
|-start|p1a: Iwalluallday|move: Taunt
|cant|p1a: Iwalluallday|move: Taunt|Wish
|
|-heal|p1a: Iwalluallday|251\/360|[from] item: Leftovers
|turn|24
|
|move|p2a: Whimsicott|Knock Off|p1a: Iwalluallday
|-resisted|p1a: Iwalluallday
|-damage|p1a: Iwalluallday|215\/360
|-enditem|p1a: Iwalluallday|Leftovers|[from] move: Knock Off|[of] p2a: Whimsicott
|move|p1a: Iwalluallday|Moonblast|p2a: Whimsicott
|-damage|p2a: Whimsicott|91\/262
|-unboost|p2a: Whimsicott|spa|1
|
|-heal|p2a: Whimsicott|107\/262|[from] item: Leftovers
|turn|25
|
|switch|p2a: Umbreon|Umbreon, M, shiny|306\/394
|switch|p1a: dicke bezzi|Blastoise-Mega, M|242\/362
|-damage|p1a: dicke bezzi|197\/362|[from] Stealth Rock
|
|-heal|p2a: Umbreon|330\/394|[from] item: Leftovers
|turn|26
|
|move|p1a: dicke bezzi|Aura Sphere|p2a: Umbreon
|-supereffective|p2a: Umbreon
|-damage|p2a: Umbreon|142\/394
|move|p2a: Umbreon|Foul Play|p1a: dicke bezzi
|-damage|p1a: dicke bezzi|113\/362
|
|-heal|p2a: Umbreon|166\/394|[from] item: Leftovers
|turn|27
|
|move|p2a: Umbreon|Protect|p2a: Umbreon
|-singleturn|p2a: Umbreon|Protect
|move|p1a: dicke bezzi|Aura Sphere|p2a: Umbreon
|-activate|p2a: Umbreon|Protect
|
|-heal|p2a: Umbreon|190\/394|[from] item: Leftovers
|turn|28
|
|switch|p2a: Whimsicott|Whimsicott, M, shiny|107\/262
|move|p1a: dicke bezzi|Aura Sphere|p2a: Whimsicott
|-resisted|p2a: Whimsicott
|-damage|p2a: Whimsicott|8\/262
|
|-heal|p2a: Whimsicott|24\/262|[from] item: Leftovers
|turn|29
|
|switch|p1a: Iwalluallday|Florges, F|215\/360
|-damage|p1a: Iwalluallday|170\/360|[from] Stealth Rock
|move|p2a: Whimsicott|Moonblast|p1a: Iwalluallday
|-damage|p1a: Iwalluallday|97\/360
|
|-heal|p2a: Whimsicott|40\/262|[from] item: Leftovers
|turn|30
|
|move|p2a: Whimsicott|Moonblast|p1a: Iwalluallday
|-damage|p1a: Iwalluallday|22\/360
|move|p1a: Iwalluallday|Moonblast|p2a: Whimsicott
|-crit|p2a: Whimsicott
|-damage|p2a: Whimsicott|0 fnt
|faint|p2a: Whimsicott
|
|
|switch|p2a: Arcanine|Arcanine, F|263\/383
|-ability|p2a: Arcanine|Intimidate|[of] p1a: Iwalluallday
|-unboost|p1a: Iwalluallday|atk|1
|turn|31
|
|move|p2a: Arcanine|Extreme Speed|p1a: Iwalluallday
|-damage|p1a: Iwalluallday|0 fnt
|faint|p1a: Iwalluallday
|
|-heal|p2a: Arcanine|286\/383|[from] item: Leftovers
|
|switch|p1a: dicke bezzi|Blastoise-Mega, M|113\/362
|-damage|p1a: dicke bezzi|68\/362|[from] Stealth Rock
|turn|32
|
|move|p2a: Arcanine|Flare Blitz|p1a: dicke bezzi
|-resisted|p1a: dicke bezzi
|-damage|p1a: dicke bezzi|0 fnt
|-damage|p2a: Arcanine|264\/383|[from] recoil|[of] p1a: dicke bezzi
|faint|p1a: dicke bezzi
|
|-heal|p2a: Arcanine|287\/383|[from] item: Leftovers
|
|switch|p1a: Ninja|Toxicroak, M|308\/308
|-damage|p1a: Ninja|289\/308|[from] Stealth Rock
|turn|33
|
|move|p1a: Ninja|Gunk Shot|p2a: Arcanine
|-damage|p2a: Arcanine|107\/383
|move|p2a: Arcanine|Will-O-Wisp|p1a: Ninja
|-status|p1a: Ninja|brn
|
|-heal|p1a: Ninja|308\/308 brn|[from] item: Black Sludge
|-heal|p2a: Arcanine|130\/383|[from] item: Leftovers
|-damage|p1a: Ninja|270\/308 brn|[from] brn
|turn|34
|
|move|p1a: Ninja|Swords Dance|p1a: Ninja
|-boost|p1a: Ninja|atk|2
|move|p2a: Arcanine|Morning Sun|p2a: Arcanine
|-heal|p2a: Arcanine|321\/383
|
|-heal|p1a: Ninja|289\/308 brn|[from] item: Black Sludge
|-heal|p2a: Arcanine|344\/383|[from] item: Leftovers
|-damage|p1a: Ninja|251\/308 brn|[from] brn
|turn|35
|
|move|p1a: Ninja|Drain Punch|p2a: Arcanine
|-damage|p2a: Arcanine|232\/383
|-heal|p1a: Ninja|307\/308 brn|[from] drain|[of] p2a: Arcanine
|move|p2a: Arcanine|Flare Blitz|p1a: Ninja
|-damage|p1a: Ninja|12\/308 brn
|-damage|p2a: Arcanine|135\/383|[from] recoil|[of] p1a: Ninja
|
|-heal|p1a: Ninja|31\/308 brn|[from] item: Black Sludge
|-heal|p2a: Arcanine|158\/383|[from] item: Leftovers
|-damage|p1a: Ninja|0 fnt|[from] brn
|faint|p1a: Ninja
|
|win|hypno 4 president
|raw|Ladder updating...
|raw|FeelPain's rating: 1482 &rarr; <strong>1453<\/strong><br \/>(-29 for losing)
|raw|hypno 4 president's rating: 1319 &rarr; <strong>1348<\/strong><br \/>(+29 for winning)
|leave|FeelPain
|player|p1