|join|Swagtaria
|join|FeelPain
|player|p1|Swagtaria|52
|player|p2|FeelPain|105
|gametype|singles
|gen|6
|tier|UU
|rated
|rule|Sleep Clause Mod: Limit one foe put to sleep
|rule|Species Clause: Limit one of each PokÃ©mon
|rule|OHKO Clause: OHKO moves are banned
|rule|Moody Clause: Moody is banned
|rule|Evasion Moves Clause: Evasion moves are banned
|rule|Endless Battle Clause: Forcing endless battles is banned
|rule|HP Percentage Mod: HP is shown in percentages
|clearpoke
|poke|p1|Krookodile, M
|poke|p1|Mienshao, F
|poke|p1|Whimsicott, F
|poke|p1|Blastoise, M
|poke|p1|Rotom-Heat
|poke|p1|Jirachi
|poke|p2|Entei, shiny
|poke|p2|Toxicroak, M
|poke|p2|Rhydon, F
|poke|p2|Blastoise, F
|poke|p2|Florges, F
|poke|p2|Hydreigon, F
|rule|Swagger Clause: Swagger is banned
|rule|Baton Pass Clause: Limit one PokÃ©mon knowing Baton Pass
|teampreview
|
|start
|switch|p1a: Mienshao|Mienshao, F|272\/272
|switch|p2a: physicalatts|Rhydon, F|414\/414
|turn|1
|
|move|p1a: Mienshao|U-turn|p2a: physicalatts
|-damage|p2a: physicalatts|377\/414
|
|switch|p1a: Whimsicott|Whimsicott, F|263\/263
|move|p2a: physicalatts|Earthquake|p1a: Whimsicott
|-resisted|p1a: Whimsicott
|-damage|p1a: Whimsicott|167\/263
|
|-heal|p1a: Whimsicott|183\/263|[from] item: Leftovers
|turn|2
|
|switch|p2a: Fireee|Entei, shiny|372\/372
|-ability|p2a: Fireee|Pressure
|move|p1a: Whimsicott|U-turn|p2a: Fireee
|-resisted|p2a: Fireee
|-damage|p2a: Fireee|354\/372
|
|switch|p1a: Blastoise|Blastoise, M|345\/345
|
|turn|3
|
|switch|p2a: Iwalluallday|Florges, F|360\/360
|detailschange|p1a: Blastoise|Blastoise-Mega, M
|-mega|p1a: Blastoise|Blastoise|Blastoisinite
|move|p1a: Blastoise|Dark Pulse|p2a: Iwalluallday
|-resisted|p2a: Iwalluallday
|-damage|p2a: Iwalluallday|310\/360
|
|-heal|p2a: Iwalluallday|332\/360|[from] item: Leftovers
|turn|4
|
|switch|p1a: Jirachi|Jirachi|401\/401
|move|p2a: Iwalluallday|Moonblast|p1a: Jirachi
|-crit|p1a: Jirachi
|-resisted|p1a: Jirachi
|-damage|p1a: Jirachi|326\/401
|
|-heal|p1a: Jirachi|351\/401|[from] item: Leftovers
|-heal|p2a: Iwalluallday|354\/360|[from] item: Leftovers
|turn|5
|
|switch|p2a: physicalatts|Rhydon, F|377\/414
|move|p1a: Jirachi|Stealth Rock|p2a: physicalatts
|-sidestart|p2: FeelPain|move: Stealth Rock
|
|-heal|p1a: Jirachi|376\/401|[from] item: Leftovers
|turn|6
|
|move|p1a: Jirachi|U-turn|p2a: physicalatts
|-damage|p2a: physicalatts|353\/414
|
|switch|p1a: Blastoise|Blastoise-Mega, M|345\/345
|move|p2a: physicalatts|Stealth Rock|p1a: Blastoise
|-sidestart|p1: Swagtaria|move: Stealth Rock
|
|turn|7
|
|switch|p2a: Iwalluallday|Florges, F|354\/360
|-damage|p2a: Iwalluallday|309\/360|[from] Stealth Rock
|move|p1a: Blastoise|Rapid Spin|p2a: Iwalluallday
|-damage|p2a: Iwalluallday|291\/360
|-sideend|p1: Swagtaria|Stealth Rock|[from] move: Rapid Spin|[of] p1a: Blastoise
|
|-heal|p2a: Iwalluallday|313\/360|[from] item: Leftovers
|turn|8
|
|switch|p1a: Jirachi|Jirachi|376\/401
|switch|p2a: gl hercules|Hydreigon, F|325\/325
|-damage|p2a: gl hercules|285\/325|[from] Stealth Rock
|
|-heal|p1a: Jirachi|401\/401|[from] item: Leftovers
|turn|9
|
|move|p2a: gl hercules|Dark Pulse|p1a: Jirachi
|-supereffective|p1a: Jirachi
|-damage|p1a: Jirachi|215\/401
|move|p1a: Jirachi|U-turn|p2a: gl hercules
|-supereffective|p2a: gl hercules
|-damage|p2a: gl hercules|185\/325
|
|switch|p1a: Whimsicott|Whimsicott, F|183\/263
|
|-heal|p1a: Whimsicott|199\/263|[from] item: Leftovers
|turn|10
|
|switch|p2a: Ninja|Toxicroak, M|308\/308
|-damage|p2a: Ninja|289\/308|[from] Stealth Rock
|move|p1a: Whimsicott|Moonblast|p2a: Ninja
|-damage|p2a: Ninja|124\/308
|-unboost|p2a: Ninja|spa|1
|
|-heal|p1a: Whimsicott|215\/263|[from] item: Leftovers
|-heal|p2a: Ninja|143\/308|[from] item: Black Sludge
|turn|11
|-message|FeelPain forfeited.
|
|win|Swagtaria
|raw|Ladder updating...
|leave|FeelPain
|player|p2
|raw|Swagtaria's rating: 1330 &rarr; <strong>1359<\/strong><br \/>(+29 for winning)
|raw|FeelPain's rating: 1506 &rarr; <strong>1477<\/strong><br \/>(-29 for losing)