|join|FeelPain
|join|sussemango
|player|p1|FeelPain|105
|player|p2|sussemango|94
|gametype|singles
|gen|6
|tier|UU
|rated
|rule|Sleep Clause Mod: Limit one foe put to sleep
|rule|Species Clause: Limit one of each PokÃ©mon
|rule|OHKO Clause: OHKO moves are banned
|rule|Moody Clause: Moody is banned
|rule|Evasion Moves Clause: Evasion moves are banned
|rule|Endless Battle Clause: Forcing endless battles is banned
|rule|HP Percentage Mod: HP is shown in percentages
|clearpoke
|poke|p1|Entei, shiny
|poke|p1|Toxicroak, M
|poke|p1|Rhydon, F
|poke|p1|Blastoise, F
|poke|p1|Florges, F
|poke|p1|Hydreigon, F
|poke|p2|Absol, F
|poke|p2|Donphan, M, shiny
|poke|p2|Blissey, F
|poke|p2|Haxorus, M
|poke|p2|Tornadus, M
|poke|p2|Clawitzer, M, shiny
|rule|Swagger Clause: Swagger is banned
|rule|Baton Pass Clause: Limit one PokÃ©mon knowing Baton Pass
|teampreview
|c|âFeelPain|so we meet again lol
|
|start
|switch|p1a: dicke bezzi|Blastoise, F|362\/362
|switch|p2a: Donphan|Donphan, M, shiny|378\/378
|turn|1
|c|âsussemango|haha yes
|
|switch|p2a: Blissey|Blissey, F|714\/714
|detailschange|p1a: dicke bezzi|Blastoise-Mega, F
|-mega|p1a: dicke bezzi|Blastoise|Blastoisinite
|move|p1a: dicke bezzi|Aura Sphere|p2a: Blissey
|-supereffective|p2a: Blissey
|-damage|p2a: Blissey|458\/714
|
|-heal|p2a: Blissey|502\/714|[from] item: Leftovers
|turn|2
|join|Izzy Oak Towers
|
|switch|p1a: Ninja|Toxicroak, M|308\/308
|move|p2a: Blissey|Seismic Toss|p1a: Ninja
|-damage|p1a: Ninja|208\/308
|
|-heal|p1a: Ninja|227\/308|[from] item: Black Sludge
|-heal|p2a: Blissey|546\/714|[from] item: Leftovers
|turn|3
|
|switch|p2a: Haxorus|Haxorus, M|293\/293
|-ability|p2a: Haxorus|Mold Breaker
|move|p1a: Ninja|Drain Punch|p2a: Haxorus
|-damage|p2a: Haxorus|151\/293
|-heal|p1a: Ninja|298\/308|[from] drain|[of] p2a: Haxorus
|
|-heal|p1a: Ninja|308\/308|[from] item: Black Sludge
|turn|4
|
|switch|p1a: gl hercules|Hydreigon, F|325\/325
|move|p2a: Haxorus|Earthquake|p1a: gl hercules
|-damage|p1a: gl hercules|181\/325
|
|turn|5
|
|switch|p2a: Blissey|Blissey, F|546\/714
|move|p1a: gl hercules|U-turn|p2a: Blissey
|-damage|p2a: Blissey|450\/714
|
|switch|p1a: Fireee|Entei, shiny|372\/372
|-ability|p1a: Fireee|Pressure
|
|-heal|p2a: Blissey|494\/714|[from] item: Leftovers
|turn|6
|
|switch|p2a: Clawitzer|Clawitzer, M, shiny|345\/345
|move|p1a: Fireee|Sacred Fire|p2a: Clawitzer|[miss]
|-miss|p1a: Fireee|p2a: Clawitzer
|
|turn|7
|
|switch|p1a: Ninja|Toxicroak, M|308\/308
|move|p2a: Clawitzer|Water Pulse|p1a: Ninja
|-immune|p1a: Ninja|[msg]
|
|turn|8
|
|move|p1a: Ninja|Drain Punch|p2a: Clawitzer
|-damage|p2a: Clawitzer|207\/345
|move|p2a: Clawitzer|Dark Pulse|p1a: Ninja
|-resisted|p1a: Ninja
|-damage|p1a: Ninja|195\/308
|
|-heal|p1a: Ninja|214\/308|[from] item: Black Sludge
|turn|9
|
|switch|p2a: Donphan|Donphan, M, shiny|378\/378
|move|p1a: Ninja|Drain Punch|p2a: Donphan
|-damage|p2a: Donphan|290\/378
|-heal|p1a: Ninja|258\/308|[from] drain|[of] p2a: Donphan
|
|-heal|p1a: Ninja|277\/308|[from] item: Black Sludge
|-heal|p2a: Donphan|313\/378|[from] item: Leftovers
|turn|10
|
|switch|p1a: dicke bezzi|Blastoise-Mega, F|362\/362
|move|p2a: Donphan|Stealth Rock|p1a: dicke bezzi
|-sidestart|p1: FeelPain|move: Stealth Rock
|
|-heal|p2a: Donphan|336\/378|[from] item: Leftovers
|turn|11
|
|switch|p2a: Blissey|Blissey, F|494\/714
|move|p1a: dicke bezzi|Rapid Spin|p2a: Blissey
|-damage|p2a: Blissey|472\/714
|-sideend|p1: FeelPain|Stealth Rock|[from] move: Rapid Spin|[of] p1a: dicke bezzi
|
|-heal|p2a: Blissey|516\/714|[from] item: Leftovers
|turn|12
|
|switch|p1a: Ninja|Toxicroak, M|277\/308
|move|p2a: Blissey|Seismic Toss|p1a: Ninja
|-damage|p1a: Ninja|177\/308
|
|-heal|p1a: Ninja|196\/308|[from] item: Black Sludge
|-heal|p2a: Blissey|560\/714|[from] item: Leftovers
|turn|13
|
|switch|p1a: dicke bezzi|Blastoise-Mega, F|362\/362
|switch|p2a: Donphan|Donphan, M, shiny|336\/378
|
|-heal|p2a: Donphan|359\/378|[from] item: Leftovers
|turn|14
|
|switch|p2a: Clawitzer|Clawitzer, M, shiny|207\/345
|move|p1a: dicke bezzi|Aura Sphere|p2a: Clawitzer
|-damage|p2a: Clawitzer|87\/345
|
|turn|15
|
|switch|p1a: Iwalluallday|Florges, F|360\/360
|move|p2a: Clawitzer|Aura Sphere|p1a: Iwalluallday
|-resisted|p1a: Iwalluallday
|-damage|p1a: Iwalluallday|320\/360
|
|-heal|p1a: Iwalluallday|342\/360|[from] item: Leftovers
|turn|16
|
|switch|p2a: Donphan|Donphan, M, shiny|359\/378
|move|p1a: Iwalluallday|Wish|p1a: Iwalluallday
|
|-heal|p1a: Iwalluallday|360\/360|[from] item: Leftovers
|-heal|p2a: Donphan|378\/378|[from] item: Leftovers
|turn|17
|
|switch|p1a: dicke bezzi|Blastoise-Mega, F|362\/362
|move|p2a: Donphan|Earthquake|p1a: dicke bezzi
|-damage|p1a: dicke bezzi|233\/362
|
|-heal|p1a: dicke bezzi|362\/362|[from] move: Wish|[wisher] Iwalluallday
|turn|18
|
|move|p1a: dicke bezzi|Aura Sphere|p2a: Donphan
|-damage|p2a: Donphan|164\/378
|move|p2a: Donphan|Earthquake|p1a: dicke bezzi
|-damage|p1a: dicke bezzi|238\/362
|
|-heal|p2a: Donphan|187\/378|[from] item: Leftovers
|turn|19
|
|switch|p2a: Blissey|Blissey, F|560\/714
|move|p1a: dicke bezzi|Scald|p2a: Blissey
|-damage|p2a: Blissey|443\/714
|-status|p2a: Blissey|brn
|
|-heal|p2a: Blissey|487\/714 brn|[from] item: Leftovers
|-damage|p2a: Blissey|398\/714 brn|[from] brn
|turn|20
|
|move|p1a: dicke bezzi|Aura Sphere|p2a: Blissey
|-supereffective|p2a: Blissey
|-damage|p2a: Blissey|150\/714 brn
|move|p2a: Blissey|Soft-Boiled|p2a: Blissey
|-heal|p2a: Blissey|507\/714 brn
|
|-heal|p2a: Blissey|551\/714 brn|[from] item: Leftovers
|-damage|p2a: Blissey|462\/714 brn|[from] brn
|turn|21
|
|switch|p1a: Ninja|Toxicroak, M|196\/308
|switch|p2a: Clawitzer|Clawitzer, M, shiny|87\/345
|
|-heal|p1a: Ninja|215\/308|[from] item: Black Sludge
|turn|22
|
|move|p1a: Ninja|Drain Punch|p2a: Clawitzer
|-damage|p2a: Clawitzer|0 fnt
|-heal|p1a: Ninja|259\/308|[from] drain|[of] p2a: Clawitzer
|faint|p2a: Clawitzer
|
|-heal|p1a: Ninja|278\/308|[from] item: Black Sludge
|
|switch|p2a: Haxorus|Haxorus, M|151\/293
|-ability|p2a: Haxorus|Mold Breaker
|turn|23
|
|switch|p2a: Absol|Absol, F|271\/271
|switch|p1a: physicalatts|Rhydon, F|414\/414
|
|turn|24
|
|detailschange|p2a: Absol|Absol-Mega, F
|-mega|p2a: Absol|Absol|Absolite
|move|p2a: Absol|Knock Off|p1a: physicalatts
|-damage|p1a: physicalatts|330\/414
|-enditem|p1a: physicalatts|Eviolite|[from] move: Knock Off|[of] p2a: Absol
|move|p1a: physicalatts|Megahorn|p2a: Absol
|-supereffective|p2a: Absol
|-damage|p2a: Absol|0 fnt
|faint|p2a: Absol
|
|
|switch|p2a: Donphan|Donphan, M, shiny|187\/378
|turn|25
|
|switch|p1a: dicke bezzi|Blastoise-Mega, F|238\/362
|move|p2a: Donphan|Earthquake|p1a: dicke bezzi
|-damage|p1a: dicke bezzi|114\/362
|
|-heal|p2a: Donphan|210\/378|[from] item: Leftovers
|turn|26
|
|switch|p2a: Blissey|Blissey, F|462\/714
|move|p1a: dicke bezzi|Aura Sphere|p2a: Blissey
|-supereffective|p2a: Blissey
|-damage|p2a: Blissey|220\/714
|
|-heal|p2a: Blissey|264\/714|[from] item: Leftovers
|turn|27
|
|move|p1a: dicke bezzi|Aura Sphere|p2a: Blissey
|-supereffective|p2a: Blissey
|-damage|p2a: Blissey|22\/714
|move|p2a: Blissey|Soft-Boiled|p2a: Blissey
|-heal|p2a: Blissey|379\/714
|
|-heal|p2a: Blissey|423\/714|[from] item: Leftovers
|turn|28
|
|switch|p1a: Ninja|Toxicroak, M|278\/308
|move|p2a: Blissey|Soft-Boiled|p2a: Blissey
|-heal|p2a: Blissey|714\/714
|
|-heal|p1a: Ninja|297\/308|[from] item: Black Sludge
|turn|29
|
|move|p1a: Ninja|Drain Punch|p2a: Blissey
|-supereffective|p2a: Blissey
|-damage|p2a: Blissey|286\/714
|-heal|p1a: Ninja|308\/308|[from] drain|[of] p2a: Blissey
|move|p2a: Blissey|Seismic Toss|p1a: Ninja
|-damage|p1a: Ninja|208\/308
|
|-heal|p1a: Ninja|227\/308|[from] item: Black Sludge
|-heal|p2a: Blissey|330\/714|[from] item: Leftovers
|turn|30
|
|switch|p2a: Tornadus|Tornadus, M|299\/299
|move|p1a: Ninja|Gunk Shot|p2a: Tornadus
|-damage|p2a: Tornadus|0 fnt
|faint|p2a: Tornadus
|
|-heal|p1a: Ninja|246\/308|[from] item: Black Sludge
|
|switch|p2a: Haxorus|Haxorus, M|151\/293
|-ability|p2a: Haxorus|Mold Breaker
|turn|31
|
|switch|p1a: physicalatts|Rhydon, F|330\/414
|move|p2a: Haxorus|Earthquake|p1a: physicalatts
|-supereffective|p1a: physicalatts
|-damage|p1a: physicalatts|132\/414
|
|turn|32
|
|move|p2a: Haxorus|Earthquake|p1a: physicalatts
|-supereffective|p1a: physicalatts
|-damage|p1a: physicalatts|0 fnt
|faint|p1a: physicalatts
|
|
|switch|p1a: gl hercules|Hydreigon, F|181\/325
|turn|33
|
|switch|p2a: Donphan|Donphan, M, shiny|210\/378
|move|p1a: gl hercules|Draco Meteor|p2a: Donphan
|-damage|p2a: Donphan|0 fnt
|-unboost|p1a: gl hercules|spa|2
|faint|p2a: Donphan
|
|
|switch|p2a: Haxorus|Haxorus, M|151\/293
|-ability|p2a: Haxorus|Mold Breaker
|turn|34
|
|move|p1a: gl hercules|Draco Meteor|p2a: Haxorus
|-supereffective|p2a: Haxorus
|-damage|p2a: Haxorus|0 fnt
|-unboost|p1a: gl hercules|spa|2
|faint|p2a: Haxorus
|
|
|switch|p2a: Blissey|Blissey, F|330\/714
|turn|35
|
|switch|p1a: Fireee|Entei, shiny|372\/372
|-ability|p1a: Fireee|Pressure
|move|p2a: Blissey|Seismic Toss|p1a: Fireee
|-damage|p1a: Fireee|272\/372
|
|-heal|p2a: Blissey|374\/714|[from] item: Leftovers
|turn|36
|c|âFeelPain|gg
|
|move|p1a: Fireee|Sacred Fire|p2a: Blissey
|-damage|p2a: Blissey|0 fnt
|-damage|p1a: Fireee|235\/372|[from] item: Life Orb
|faint|p2a: Blissey
|
|win|FeelPain
|raw|Ladder updating...
|raw|FeelPain's rating: 1527 &rarr; <strong>1534<\/strong><br \/>(+7 for winning)
|raw|sussemango's rating: 1249 &rarr; <strong>1240<\/strong><br \/>(-9 for losing)
|leave|sussemango
|player|p2
|c| Izzy Oak Towers|nice team pain
|c|âFeelPain|thanks :)
|leave|FeelPain
|player|p1