|inactive|Battle timer is ON: inactive players will automatically lose when time's up.
|J|TewMew
|J|anaconda tamer
|player|p1|TewMew|43
|player|p2|anaconda tamer|56
|gametype|singles
|gen|4
|tier|[Gen 4] UU
|rule|Sleep Clause Mod: Limit one foe put to sleep
|rule|Species Clause: Limit one of each PokÃ©mon
|rule|OHKO Clause: OHKO moves are banned
|rule|Moody Clause: Moody is banned
|rule|Evasion Moves Clause: Evasion moves are banned
|rule|Endless Battle Clause: Forcing endless battles is banned
|rule|HP Percentage Mod: HP is shown in percentages
|
|start
|switch|p1a: Charizard|Charizard, F|297\/297
|switch|p2a: Glalie|Glalie, F|301\/301
|turn|1
|
|move|p1a: Charizard|Fire Blast|p2a: Glalie
|-supereffective|p2a: Glalie
|-enditem|p2a: Glalie|Focus Sash
|-damage|p2a: Glalie|1\/301
|-damage|p1a: Charizard|268\/297|[from] item: Life Orb
|move|p2a: Glalie|Explosion|p1a: Charizard
|-damage|p1a: Charizard|0 fnt
|faint|p2a: Glalie
|faint|p1a: Charizard
|
|
|switch|p1a: Magmortar|Magmortar, M|291\/291
|switch|p2a: Rhydon|Rhydon, F|414\/414
|turn|2
|
|switch|p2a: Drifblim|Drifblim, M|441\/441
|move|p1a: Magmortar|Hidden Power|p2a: Drifblim
|-resisted|p2a: Drifblim
|-damage|p2a: Drifblim|355\/441
|-damage|p1a: Magmortar|262\/291|[from] item: Life Orb
|
|turn|3
|
|switch|p2a: Manectric|Manectric, M|281\/281
|move|p1a: Magmortar|Thunderbolt|p2a: Manectric
|-resisted|p2a: Manectric
|-damage|p2a: Manectric|172\/281
|-damage|p1a: Magmortar|233\/291|[from] item: Life Orb
|
|turn|4
|
|switch|p1a: Sandslash|Sandslash, M|354\/354
|move|p2a: Manectric|Thunderbolt|p1a: Sandslash
|-immune|p1a: Sandslash|[msg]
|
|turn|5
|
|switch|p2a: Rhydon|Rhydon, F|414\/414
|move|p1a: Sandslash|Stealth Rock|p2a: Rhydon
|-sidestart|p2: anaconda tamer|move: Stealth Rock
|
|turn|6
|
|move|p1a: Sandslash|Earthquake|p2a: Rhydon
|-supereffective|p2a: Rhydon
|-damage|p2a: Rhydon|210\/414
|move|p2a: Rhydon|Stealth Rock|p1a: Sandslash
|-sidestart|p1: TewMew|move: Stealth Rock
|
|-heal|p2a: Rhydon|235\/414|[from] item: Leftovers
|turn|7
|
|move|p1a: Sandslash|Earthquake|p2a: Rhydon
|-supereffective|p2a: Rhydon
|-damage|p2a: Rhydon|23\/414
|move|p2a: Rhydon|Earthquake|p1a: Sandslash
|-crit|p1a: Sandslash
|-damage|p1a: Sandslash|99\/354
|
|-heal|p1a: Sandslash|121\/354|[from] item: Leftovers
|-heal|p2a: Rhydon|48\/414|[from] item: Leftovers
|turn|8
|
|move|p1a: Sandslash|Earthquake|p2a: Rhydon
|-supereffective|p2a: Rhydon
|-damage|p2a: Rhydon|0 fnt
|faint|p2a: Rhydon
|
|-heal|p1a: Sandslash|143\/354|[from] item: Leftovers
|
|switch|p2a: Drifblim|Drifblim, M|355\/441
|-damage|p2a: Drifblim|245\/441|[from] Stealth Rock
|turn|9
|
|move|p2a: Drifblim|Shadow Ball|p1a: Sandslash
|-damage|p1a: Sandslash|0 fnt
|faint|p1a: Sandslash
|
|
|switch|p1a: Magmortar|Magmortar, M|233\/291
|-damage|p1a: Magmortar|161\/291|[from] Stealth Rock
|turn|10
|
|move|p1a: Magmortar|Fire Blast|p2a: Drifblim
|-damage|p2a: Drifblim|0 fnt
|-damage|p1a: Magmortar|132\/291|[from] item: Life Orb
|faint|p2a: Drifblim
|
|
|switch|p2a: Haunter|Haunter, M|231\/231
|-damage|p2a: Haunter|203\/231|[from] Stealth Rock
|turn|11
|
|switch|p1a: Vileplume|Vileplume, M|353\/353
|-damage|p1a: Vileplume|309\/353|[from] Stealth Rock
|move|p2a: Haunter|Shadow Ball|p1a: Vileplume
|-damage|p1a: Vileplume|131\/353
|-damage|p2a: Haunter|180\/231|[from] item: Life Orb
|
|-heal|p1a: Vileplume|153\/353|[from] item: Black Sludge
|turn|12
|
|move|p2a: Haunter|Substitute|p2a: Haunter
|-start|p2a: Haunter|Substitute
|-damage|p2a: Haunter|123\/231
|move|p1a: Vileplume|Sludge Bomb|p2a: Haunter
|-resisted|p2a: Haunter
|-end|p2a: Haunter|Substitute
|
|-heal|p1a: Vileplume|175\/353|[from] item: Black Sludge
|turn|13
|
|move|p2a: Haunter|Sludge Bomb|p1a: Vileplume
|-damage|p1a: Vileplume|0 fnt
|-damage|p2a: Haunter|100\/231|[from] item: Life Orb
|faint|p1a: Vileplume
|
|
|switch|p1a: Slowking|Slowking, M|393\/393
|-damage|p1a: Slowking|344\/393|[from] Stealth Rock
|turn|14
|
|move|p2a: Haunter|Shadow Ball|p1a: Slowking
|-supereffective|p1a: Slowking
|-damage|p1a: Slowking|50\/393
|-damage|p2a: Haunter|77\/231|[from] item: Life Orb
|move|p1a: Slowking|Surf|p2a: Haunter
|-damage|p2a: Haunter|0 fnt
|faint|p2a: Haunter
|
|-heal|p1a: Slowking|74\/393|[from] item: Leftovers
|
|switch|p2a: Manectric|Manectric, M|172\/281
|-damage|p2a: Manectric|137\/281|[from] Stealth Rock
|turn|15
|
|move|p2a: Manectric|Thunderbolt|p1a: Slowking
|-supereffective|p1a: Slowking
|-damage|p1a: Slowking|0 fnt
|faint|p1a: Slowking
|
|
|switch|p1a: Dusclops|Dusclops, M|283\/283
|-damage|p1a: Dusclops|248\/283|[from] Stealth Rock
|-ability|p1a: Dusclops|Pressure
|turn|16
|
|switch|p2a: Tauros|Tauros, M|291\/291
|-damage|p2a: Tauros|255\/291|[from] Stealth Rock
|-ability|p2a: Tauros|Intimidate|[of] p1a: Dusclops
|-unboost|p1a: Dusclops|atk|1
|move|p1a: Dusclops|Seismic Toss|p2a: Tauros
|-damage|p2a: Tauros|155\/291
|
|-heal|p1a: Dusclops|265\/283|[from] item: Leftovers
|turn|17
|
|move|p2a: Tauros|Earthquake|p1a: Dusclops
|-damage|p1a: Dusclops|140\/283
|move|p1a: Dusclops|Will-O-Wisp|p2a: Tauros
|-status|p2a: Tauros|brn
|
|-heal|p1a: Dusclops|157\/283|[from] item: Leftovers
|-damage|p2a: Tauros|119\/291 brn|[from] brn
|turn|18
|
|move|p2a: Tauros|Earthquake|p1a: Dusclops
|-crit|p1a: Dusclops
|-damage|p1a: Dusclops|46\/283
|move|p1a: Dusclops|Rest|p1a: Dusclops
|-status|p1a: Dusclops|slp
|-heal|p1a: Dusclops|283\/283 slp|[silent]
|-status|p1a: Dusclops|slp|[from] move: Rest
|
|-damage|p2a: Tauros|83\/291 brn|[from] brn
|turn|19
|
|switch|p2a: Manectric|Manectric, M|137\/281
|-damage|p2a: Manectric|102\/281|[from] Stealth Rock
|cant|p1a: Dusclops|slp
|move|p1a: Dusclops|Sleep Talk|p1a: Dusclops
|move|p1a: Dusclops|Rest|p1a: Dusclops|[from]Sleep Talk
|-fail|p1a: Dusclops
|
|turn|20
|
|move|p2a: Manectric|Switcheroo|p1a: Dusclops
|-activate|p2a: Manectric|move: Trick|[of] p1a: Dusclops
|-item|p1a: Dusclops|Choice Scarf|[from] Trick
|-item|p2a: Manectric|Leftovers|[from] Trick
|cant|p1a: Dusclops|slp
|move|p1a: Dusclops|Sleep Talk|p1a: Dusclops
|move|p1a: Dusclops|Rest|p1a: Dusclops|[from]Sleep Talk
|-fail|p1a: Dusclops
|
|-heal|p2a: Manectric|119\/281|[from] item: Leftovers
|turn|21
|
|move|p2a: Manectric|Thunderbolt|p1a: Dusclops
|-damage|p1a: Dusclops|193\/283 slp
|-curestatus|p1a: Dusclops|slp
|move|p1a: Dusclops|Sleep Talk|p1a: Dusclops
|-fail|p1a: Dusclops
|
|-heal|p2a: Manectric|136\/281|[from] item: Leftovers
|turn|22
|
|switch|p1a: Magmortar|Magmortar, M|132\/291
|-damage|p1a: Magmortar|60\/291|[from] Stealth Rock
|move|p2a: Manectric|Thunderbolt|p1a: Magmortar
|-damage|p1a: Magmortar|0 fnt
|faint|p1a: Magmortar
|
|-heal|p2a: Manectric|153\/281|[from] item: Leftovers
|
|switch|p1a: Dusclops|Dusclops, M|193\/283
|-damage|p1a: Dusclops|158\/283|[from] Stealth Rock
|-ability|p1a: Dusclops|Pressure
|turn|23
|
|move|p2a: Manectric|Thunderbolt|p1a: Dusclops
|-damage|p1a: Dusclops|71\/283
|move|p1a: Dusclops|Seismic Toss|p2a: Manectric
|-damage|p2a: Manectric|53\/281
|
|-heal|p2a: Manectric|70\/281|[from] item: Leftovers
|turn|24
|
|move|p2a: Manectric|Thunderbolt|p1a: Dusclops
|-damage|p1a: Dusclops|0 fnt
|faint|p1a: Dusclops
|
|win|anaconda tamer
|c|âanaconda tamer|gg
|c|âTewMew|gg