|inactive|Battle timer is ON: inactive players will automatically lose when time's up.
|join|TewMew
|join|cinema paradiso
|player|p1|TewMew|102
|player|p2|cinema paradiso|66
|gametype|singles
|gen|6
|tier|UU
|rule|Sleep Clause Mod: Limit one foe put to sleep
|rule|Species Clause: Limit one of each PokÃ©mon
|rule|OHKO Clause: OHKO moves are banned
|rule|Moody Clause: Moody is banned
|rule|Evasion Moves Clause: Evasion moves are banned
|rule|Endless Battle Clause: Forcing endless battles is banned
|rule|HP Percentage Mod: HP is shown in percentages
|clearpoke
|poke|p1|Suicune
|poke|p1|Nidoqueen, F
|poke|p1|Ampharos, F
|poke|p1|Crobat, M
|poke|p1|Hydreigon, F
|poke|p1|Florges, F
|poke|p2|Hippowdon, F, shiny
|poke|p2|Jirachi
|poke|p2|Alomomola, M
|poke|p2|Shaymin
|poke|p2|Hydreigon, M
|poke|p2|Aerodactyl, F
|rule|Swagger Clause: Swagger is banned
|rule|Baton Pass Clause: Limit one PokÃ©mon knowing Baton Pass
|teampreview
|join|LJDarkrai
|c|âcinema paradiso|hf
|c|âTewMew|u2
|join|bouff
|join|Le Austin
|join|Minase Nayuki
|
|start
|switch|p1a: Hydreigon|Hydreigon, F|346\/346
|switch|p2a: Shaymin|Shaymin|403\/403
|turn|1
|
|switch|p1a: Crobat|Crobat, M|321\/321
|move|p2a: Shaymin|Protect|p2a: Shaymin
|-fail|p2a: Shaymin
|
|turn|2
|
|move|p1a: Crobat|U-turn|p2a: Shaymin
|-supereffective|p2a: Shaymin
|-damage|p2a: Shaymin|269\/403
|
|switch|p1a: Florges|Florges, F|360\/360
|move|p2a: Shaymin|Leech Seed|p1a: Florges
|-start|p1a: Florges|move: Leech Seed
|
|-heal|p2a: Shaymin|294\/403|[from] item: Leftovers
|-damage|p1a: Florges|315\/360|[from] Leech Seed|[of] p2a: Shaymin
|-heal|p2a: Shaymin|339\/403|[silent]
|turn|3
|
|switch|p1a: Crobat|Crobat, M|321\/321
|move|p2a: Shaymin|Psychic|p1a: Crobat
|-supereffective|p1a: Crobat
|-damage|p1a: Crobat|145\/321
|
|-heal|p1a: Crobat|165\/321|[from] item: Black Sludge
|-heal|p2a: Shaymin|364\/403|[from] item: Leftovers
|turn|4
|
|switch|p2a: Aerodactyl|Aerodactyl, F|363\/363
|-ability|p2a: Aerodactyl|Pressure
|move|p1a: Crobat|Roost|p1a: Crobat
|-heal|p1a: Crobat|321\/321
|
|turn|5
|
|switch|p1a: Suicune|Suicune|404\/404
|-ability|p1a: Suicune|Pressure
|detailschange|p2a: Aerodactyl|Aerodactyl-Mega, F
|message|Aerodactyl has Mega Evolved into Mega Aerodactyl!
|move|p2a: Aerodactyl|Earthquake|p1a: Suicune
|-damage|p1a: Suicune|334\/404
|
|-heal|p1a: Suicune|359\/404|[from] item: Leftovers
|turn|6
|
|switch|p2a: Shaymin|Shaymin|364\/403
|move|p1a: Suicune|Scald|p2a: Shaymin
|-resisted|p2a: Shaymin
|-damage|p2a: Shaymin|322\/403
|
|-heal|p2a: Shaymin|347\/403|[from] item: Leftovers
|-heal|p1a: Suicune|384\/404|[from] item: Leftovers
|turn|7
|
|switch|p1a: Crobat|Crobat, M|321\/321
|move|p2a: Shaymin|Leech Seed|p1a: Crobat
|-start|p1a: Crobat|move: Leech Seed
|
|-heal|p2a: Shaymin|372\/403|[from] item: Leftovers
|-damage|p1a: Crobat|281\/321|[from] Leech Seed|[of] p2a: Shaymin
|-heal|p2a: Shaymin|403\/403|[silent]
|turn|8
|
|move|p1a: Crobat|U-turn|p2a: Shaymin
|-supereffective|p2a: Shaymin
|-damage|p2a: Shaymin|267\/403
|
|switch|p1a: Florges|Florges, F|315\/360
|move|p2a: Shaymin|Seed Flare|p1a: Florges
|-damage|p1a: Florges|216\/360
|
|-heal|p2a: Shaymin|292\/403|[from] item: Leftovers
|-heal|p1a: Florges|238\/360|[from] item: Leftovers
|turn|9
|
|switch|p2a: Jirachi|Jirachi|404\/404
|move|p1a: Florges|Wish|p1a: Florges
|
|-heal|p1a: Florges|260\/360|[from] item: Leftovers
|turn|10
|
|switch|p1a: Nidoqueen|Nidoqueen, F|384\/384
|move|p2a: Jirachi|Substitute|p2a: Jirachi
|-start|p2a: Jirachi|Substitute
|-damage|p2a: Jirachi|303\/404
|
|-heal|p2a: Jirachi|328\/404|[from] item: Leftovers
|turn|11
|
|move|p2a: Jirachi|Iron Head|p1a: Nidoqueen
|-crit|p1a: Nidoqueen
|-damage|p1a: Nidoqueen|216\/384
|move|p1a: Nidoqueen|Stealth Rock|p2a: Jirachi
|-sidestart|p2: cinema paradiso|move: Stealth Rock
|
|-heal|p2a: Jirachi|353\/404|[from] item: Leftovers
|turn|12
|
|switch|p1a: Suicune|Suicune|384\/404
|-ability|p1a: Suicune|Pressure
|move|p2a: Jirachi|Toxic|p1a: Suicune|[miss]
|-miss|p2a: Jirachi|p1a: Suicune
|
|-heal|p2a: Jirachi|378\/404|[from] item: Leftovers
|-heal|p1a: Suicune|404\/404|[from] item: Leftovers
|turn|13
|
|move|p2a: Jirachi|Toxic|p1a: Suicune
|-status|p1a: Suicune|tox
|move|p1a: Suicune|Calm Mind|p1a: Suicune
|-boost|p1a: Suicune|spa|1
|-boost|p1a: Suicune|spd|1
|
|-heal|p2a: Jirachi|403\/404|[from] item: Leftovers
|-damage|p1a: Suicune|379\/404 tox|[from] psn
|turn|14
|
|move|p2a: Jirachi|Iron Head|p1a: Suicune
|-crit|p1a: Suicune
|-resisted|p1a: Suicune
|-damage|p1a: Suicune|337\/404 tox
|cant|p1a: Suicune|flinch
|
|-heal|p2a: Jirachi|404\/404|[from] item: Leftovers
|-heal|p1a: Suicune|362\/404 tox|[from] item: Leftovers
|-damage|p1a: Suicune|312\/404 tox|[from] psn
|turn|15
|
|move|p2a: Jirachi|Iron Head|p1a: Suicune
|-resisted|p1a: Suicune
|-damage|p1a: Suicune|282\/404 tox
|cant|p1a: Suicune|flinch
|
|-heal|p1a: Suicune|307\/404 tox|[from] item: Leftovers
|-damage|p1a: Suicune|232\/404 tox|[from] psn
|turn|16
|
|move|p2a: Jirachi|Iron Head|p1a: Suicune
|-resisted|p1a: Suicune
|-damage|p1a: Suicune|200\/404 tox
|move|p1a: Suicune|Rest|p1a: Suicune
|-status|p1a: Suicune|slp
|-heal|p1a: Suicune|404\/404 slp|[silent]
|-status|p1a: Suicune|slp|[from] move: Rest
|
|turn|17
|
|move|p2a: Jirachi|Toxic|p1a: Suicune
|-fail|p1a: Suicune
|cant|p1a: Suicune|slp
|move|p1a: Suicune|Sleep Talk|p1a: Suicune
|move|p1a: Suicune|Scald|p2a: Jirachi|[from]Sleep Talk
|-end|p2a: Jirachi|Substitute
|
|turn|18
|join|C1one
|
|move|p2a: Jirachi|Substitute|p2a: Jirachi
|-start|p2a: Jirachi|Substitute
|-damage|p2a: Jirachi|303\/404
|cant|p1a: Suicune|slp
|move|p1a: Suicune|Sleep Talk|p1a: Suicune
|move|p1a: Suicune|Rest|p1a: Suicune|[from]Sleep Talk
|-fail|p1a: Suicune
|
|-heal|p2a: Jirachi|328\/404|[from] item: Leftovers
|turn|19
|
|move|p2a: Jirachi|Toxic|p1a: Suicune
|-fail|p1a: Suicune
|-curestatus|p1a: Suicune|slp
|move|p1a: Suicune|Calm Mind|p1a: Suicune
|-boost|p1a: Suicune|spa|1
|-boost|p1a: Suicune|spd|1
|
|-heal|p2a: Jirachi|353\/404|[from] item: Leftovers
|turn|20
|
|move|p2a: Jirachi|Toxic|p1a: Suicune
|-status|p1a: Suicune|tox
|move|p1a: Suicune|Calm Mind|p1a: Suicune
|-boost|p1a: Suicune|spa|1
|-boost|p1a: Suicune|spd|1
|
|-heal|p2a: Jirachi|378\/404|[from] item: Leftovers
|-damage|p1a: Suicune|379\/404 tox|[from] psn
|turn|21
|
|move|p2a: Jirachi|Iron Head|p1a: Suicune
|-resisted|p1a: Suicune
|-damage|p1a: Suicune|351\/404 tox
|cant|p1a: Suicune|flinch
|
|-heal|p2a: Jirachi|403\/404|[from] item: Leftovers
|-heal|p1a: Suicune|376\/404 tox|[from] item: Leftovers
|-damage|p1a: Suicune|326\/404 tox|[from] psn
|turn|22
|
|move|p2a: Jirachi|Iron Head|p1a: Suicune
|-resisted|p1a: Suicune
|-damage|p1a: Suicune|296\/404 tox
|move|p1a: Suicune|Rest|p1a: Suicune
|-status|p1a: Suicune|slp
|-heal|p1a: Suicune|404\/404 slp|[silent]
|-status|p1a: Suicune|slp|[from] move: Rest
|
|-heal|p2a: Jirachi|404\/404|[from] item: Leftovers
|turn|23
|
|switch|p2a: Shaymin|Shaymin|292\/403
|-damage|p2a: Shaymin|242\/403|[from] Stealth Rock
|cant|p1a: Suicune|slp
|move|p1a: Suicune|Sleep Talk|p1a: Suicune
|move|p1a: Suicune|Rest|p1a: Suicune|[from]Sleep Talk
|-fail|p1a: Suicune
|
|-heal|p2a: Shaymin|267\/403|[from] item: Leftovers
|turn|24
|
|move|p2a: Shaymin|Leech Seed|p1a: Suicune
|-start|p1a: Suicune|move: Leech Seed
|cant|p1a: Suicune|slp
|move|p1a: Suicune|Sleep Talk|p1a: Suicune
|move|p1a: Suicune|Rest|p1a: Suicune|[from]Sleep Talk
|-fail|p1a: Suicune
|
|-heal|p2a: Shaymin|292\/403|[from] item: Leftovers
|-damage|p1a: Suicune|354\/404 slp|[from] Leech Seed|[of] p2a: Shaymin
|-heal|p2a: Shaymin|342\/403|[silent]
|turn|25
|
|switch|p1a: Crobat|Crobat, M|281\/321
|move|p2a: Shaymin|Protect|p2a: Shaymin
|-fail|p2a: Shaymin
|
|-heal|p1a: Crobat|301\/321|[from] item: Black Sludge
|-heal|p2a: Shaymin|367\/403|[from] item: Leftovers
|turn|26
|
|move|p2a: Shaymin|Protect|p2a: Shaymin
|-singleturn|p2a: Shaymin|Protect
|move|p1a: Crobat|Brave Bird|p2a: Shaymin
|-activate|p2a: Shaymin|Protect
|
|-heal|p1a: Crobat|321\/321|[from] item: Black Sludge
|-heal|p2a: Shaymin|392\/403|[from] item: Leftovers
|turn|27
|
|switch|p2a: Aerodactyl|Aerodactyl-Mega, F|363\/363
|-damage|p2a: Aerodactyl|273\/363|[from] Stealth Rock
|move|p1a: Crobat|U-turn|p2a: Aerodactyl
|-resisted|p2a: Aerodactyl
|-damage|p2a: Aerodactyl|236\/363
|
|switch|p1a: Suicune|Suicune|354\/404 slp
|-ability|p1a: Suicune|Pressure
|
|-heal|p1a: Suicune|379\/404 slp|[from] item: Leftovers
|turn|28
|
|switch|p2a: Shaymin|Shaymin|392\/403
|-damage|p2a: Shaymin|342\/403|[from] Stealth Rock
|-curestatus|p1a: Suicune|slp
|move|p1a: Suicune|Scald|p2a: Shaymin
|-resisted|p2a: Shaymin
|-damage|p2a: Shaymin|295\/403
|
|-heal|p2a: Shaymin|320\/403|[from] item: Leftovers
|-heal|p1a: Suicune|404\/404|[from] item: Leftovers
|turn|29
|
|move|p2a: Shaymin|Leech Seed|p1a: Suicune
|-start|p1a: Suicune|move: Leech Seed
|move|p1a: Suicune|Calm Mind|p1a: Suicune
|-boost|p1a: Suicune|spa|1
|-boost|p1a: Suicune|spd|1
|
|-heal|p2a: Shaymin|345\/403|[from] item: Leftovers
|-damage|p1a: Suicune|354\/404|[from] Leech Seed|[of] p2a: Shaymin
|-heal|p2a: Shaymin|395\/403|[silent]
|turn|30
|
|switch|p1a: Crobat|Crobat, M|321\/321
|move|p2a: Shaymin|Psychic|p1a: Crobat
|-crit|p1a: Crobat
|-supereffective|p1a: Crobat
|-damage|p1a: Crobat|27\/321
|
|-heal|p1a: Crobat|47\/321|[from] item: Black Sludge
|-heal|p2a: Shaymin|403\/403|[from] item: Leftovers
|turn|31
|
|move|p1a: Crobat|Roost|p1a: Crobat
|-heal|p1a: Crobat|208\/321
|move|p2a: Shaymin|Psychic|p1a: Crobat
|-supereffective|p1a: Crobat
|-damage|p1a: Crobat|10\/321
|-unboost|p1a: Crobat|spd|1
|
|-heal|p1a: Crobat|30\/321|[from] item: Black Sludge
|turn|32
|
|move|p1a: Crobat|Brave Bird|p2a: Shaymin
|-supereffective|p2a: Shaymin
|-damage|p2a: Shaymin|65\/403
|-damage|p1a: Crobat|0 fnt|[from] recoil|[of] p2a: Shaymin
|faint|p1a: Crobat
|move|p2a: Shaymin|Seed Flare|p1: Crobat|[notarget]
|-notarget
|
|-heal|p2a: Shaymin|90\/403|[from] item: Leftovers
|
|switch|p1a: Hydreigon|Hydreigon, F|346\/346
|turn|33
|
|move|p2a: Shaymin|Protect|p2a: Shaymin
|-singleturn|p2a: Shaymin|Protect
|move|p1a: Hydreigon|Draco Meteor|p2a: Shaymin
|-activate|p2a: Shaymin|Protect
|
|-heal|p2a: Shaymin|115\/403|[from] item: Leftovers
|turn|34
|
|switch|p2a: Jirachi|Jirachi|404\/404
|-damage|p2a: Jirachi|379\/404|[from] Stealth Rock
|move|p1a: Hydreigon|Dark Pulse|p2a: Jirachi
|-supereffective|p2a: Jirachi
|-damage|p2a: Jirachi|0 fnt
|-damage|p1a: Hydreigon|312\/346|[from] item: Life Orb
|faint|p2a: Jirachi
|
|
|switch|p2a: Hippowdon|Hippowdon, F, shiny|419\/419
|-damage|p2a: Hippowdon|393\/419|[from] Stealth Rock
|-weather|Sandstorm
|turn|35
|
|move|p1a: Hydreigon|Dark Pulse|p2a: Hippowdon
|-damage|p2a: Hippowdon|193\/419
|-damage|p1a: Hydreigon|278\/346|[from] item: Life Orb
|move|p2a: Hippowdon|Stealth Rock|p1a: Hydreigon
|-sidestart|p1: TewMew|move: Stealth Rock
|
|-weather|Sandstorm|[upkeep]
|-damage|p1a: Hydreigon|257\/346|[from] sandstorm
|-heal|p2a: Hippowdon|219\/419|[from] item: Leftovers
|turn|36
|
|move|p1a: Hydreigon|Draco Meteor|p2a: Hippowdon|[miss]
|-miss|p1a: Hydreigon|p2a: Hippowdon
|move|p2a: Hippowdon|Slack Off|p2a: Hippowdon
|-heal|p2a: Hippowdon|419\/419
|
|-weather|Sandstorm|[upkeep]
|-damage|p1a: Hydreigon|236\/346|[from] sandstorm
|turn|37
|
|switch|p1a: Suicune|Suicune|354\/404
|-damage|p1a: Suicune|304\/404|[from] Stealth Rock
|-ability|p1a: Suicune|Pressure
|move|p2a: Hippowdon|Whirlwind|p1a: Suicune
|drag|p1a: Ampharos|Ampharos, F|384\/384
|-damage|p1a: Ampharos|336\/384|[from] Stealth Rock
|
|-weather|Sandstorm|[upkeep]
|-damage|p1a: Ampharos|312\/384|[from] sandstorm
|turn|38
|
|switch|p1a: Hydreigon|Hydreigon, F|236\/346
|-damage|p1a: Hydreigon|193\/346|[from] Stealth Rock
|move|p2a: Hippowdon|Whirlwind|p1a: Hydreigon
|drag|p1a: Nidoqueen|Nidoqueen, F|216\/384
|-damage|p1a: Nidoqueen|192\/384|[from] Stealth Rock
|
|-weather|Sandstorm|[upkeep]
|turn|39
|
|move|p1a: Nidoqueen|Ice Beam|p2a: Hippowdon
|-supereffective|p2a: Hippowdon
|-damage|p2a: Hippowdon|141\/419
|move|p2a: Hippowdon|Earthquake|p1a: Nidoqueen
|-supereffective|p1a: Nidoqueen
|-damage|p1a: Nidoqueen|0 fnt
|faint|p1a: Nidoqueen
|
|-weather|none
|-heal|p2a: Hippowdon|167\/419|[from] item: Leftovers
|
|switch|p1a: Hydreigon|Hydreigon, F|193\/346
|-damage|p1a: Hydreigon|150\/346|[from] Stealth Rock
|turn|40
|
|move|p1a: Hydreigon|Draco Meteor|p2a: Hippowdon
|-damage|p2a: Hippowdon|0 fnt
|-unboost|p1a: Hydreigon|spa|2
|-damage|p1a: Hydreigon|116\/346|[from] item: Life Orb
|faint|p2a: Hippowdon
|
|
|switch|p2a: Alomomola|Alomomola, M|481\/481
|-damage|p2a: Alomomola|421\/481|[from] Stealth Rock
|turn|41
|
|switch|p1a: Ampharos|Ampharos, F|312\/384
|-damage|p1a: Ampharos|264\/384|[from] Stealth Rock
|move|p2a: Alomomola|Wish|p2a: Alomomola
|
|turn|42
|
|switch|p2a: Aerodactyl|Aerodactyl-Mega, F|236\/363
|-damage|p2a: Aerodactyl|146\/363|[from] Stealth Rock
|detailschange|p1a: Ampharos|Ampharos-Mega, F
|message|Ampharos has Mega Evolved into Mega Ampharos!
|-ability|p1a: Ampharos|Mold Breaker
|move|p1a: Ampharos|Dragon Pulse|p2a: Aerodactyl
|-damage|p2a: Aerodactyl|0 fnt
|faint|p2a: Aerodactyl
|
|
|switch|p2a: Hydreigon|Hydreigon, M|325\/325
|-damage|p2a: Hydreigon|285\/325|[from] Stealth Rock
|turn|43
|
|switch|p1a: Florges|Florges, F|260\/360
|-damage|p1a: Florges|215\/360|[from] Stealth Rock
|move|p2a: Hydreigon|U-turn|p1a: Florges
|-resisted|p1a: Florges
|-damage|p1a: Florges|192\/360
|join|ahyueah
|
|switch|p2a: Shaymin|Shaymin|115\/403
|-damage|p2a: Shaymin|65\/403|[from] Stealth Rock
|
|-heal|p2a: Shaymin|90\/403|[from] item: Leftovers
|-heal|p1a: Florges|214\/360|[from] item: Leftovers
|turn|44
|
|move|p2a: Shaymin|Leech Seed|p1a: Florges
|-start|p1a: Florges|move: Leech Seed
|move|p1a: Florges|Wish|p1a: Florges
|
|-heal|p2a: Shaymin|115\/403|[from] item: Leftovers
|-heal|p1a: Florges|236\/360|[from] item: Leftovers
|-damage|p1a: Florges|191\/360|[from] Leech Seed|[of] p2a: Shaymin
|-heal|p2a: Shaymin|160\/403|[silent]
|turn|45
|join|LiberalLucario
|
|switch|p1a: Ampharos|Ampharos-Mega, F|264\/384
|-damage|p1a: Ampharos|216\/384|[from] Stealth Rock
|-ability|p1a: Ampharos|Mold Breaker
|move|p2a: Shaymin|Leech Seed|p1a: Ampharos|[miss]
|-miss|p2a: Shaymin|p1a: Ampharos
|
|-heal|p1a: Ampharos|384\/384|[from] move: Wish|[wisher] Florges
|-heal|p2a: Shaymin|185\/403|[from] item: Leftovers
|turn|46
|c|âcinema paradiso|.-.
|
|move|p2a: Shaymin|Protect|p2a: Shaymin
|-singleturn|p2a: Shaymin|Protect
|move|p1a: Ampharos|Dragon Pulse|p2a: Shaymin
|-activate|p2a: Shaymin|Protect
|
|-heal|p2a: Shaymin|210\/403|[from] item: Leftovers
|turn|47
|c|âcinema paradiso|i won if hit
|c|âcinema paradiso|:x
|
|move|p2a: Shaymin|Leech Seed|p1a: Ampharos
|-start|p1a: Ampharos|move: Leech Seed
|move|p1a: Ampharos|Dragon Pulse|p2a: Shaymin
|-damage|p2a: Shaymin|53\/403
|
|-heal|p2a: Shaymin|78\/403|[from] item: Leftovers
|-damage|p1a: Ampharos|336\/384|[from] Leech Seed|[of] p2a: Shaymin
|-heal|p2a: Shaymin|126\/403|[silent]
|turn|48
|join|Volbeatdown
|leave|Volbeatdown
|
|move|p2a: Shaymin|Protect|p2a: Shaymin
|-singleturn|p2a: Shaymin|Protect
|move|p1a: Ampharos|Dragon Pulse|p2a: Shaymin
|-activate|p2a: Shaymin|Protect
|
|-heal|p2a: Shaymin|151\/403|[from] item: Leftovers
|-damage|p1a: Ampharos|288\/384|[from] Leech Seed|[of] p2a: Shaymin
|-heal|p2a: Shaymin|199\/403|[silent]
|turn|49
|
|move|p2a: Shaymin|Protect|p2a: Shaymin
|-fail|p2a: Shaymin
|move|p1a: Ampharos|Volt Switch|p2a: Shaymin
|-resisted|p2a: Shaymin
|-damage|p2a: Shaymin|130\/403
|
|switch|p1a: Hydreigon|Hydreigon, F|116\/346
|-damage|p1a: Hydreigon|73\/346|[from] Stealth Rock
|
|-heal|p2a: Shaymin|155\/403|[from] item: Leftovers
|turn|50
|
|move|p2a: Shaymin|Seed Flare|p1a: Hydreigon
|-resisted|p1a: Hydreigon
|-damage|p1a: Hydreigon|0 fnt
|faint|p1a: Hydreigon
|
|-heal|p2a: Shaymin|180\/403|[from] item: Leftovers
|
|switch|p1a: Florges|Florges, F|191\/360
|-damage|p1a: Florges|146\/360|[from] Stealth Rock
|turn|51
|
|move|p1a: Florges|Protect|p1a: Florges
|-singleturn|p1a: Florges|Protect
|move|p2a: Shaymin|Leech Seed|p1a: Florges
|-activate|p1a: Florges|Protect
|
|-heal|p2a: Shaymin|205\/403|[from] item: Leftovers
|-heal|p1a: Florges|168\/360|[from] item: Leftovers
|turn|52
|
|move|p2a: Shaymin|Leech Seed|p1a: Florges
|-start|p1a: Florges|move: Leech Seed
|move|p1a: Florges|Wish|p1a: Florges
|
|-heal|p2a: Shaymin|230\/403|[from] item: Leftovers
|-heal|p1a: Florges|190\/360|[from] item: Leftovers
|-damage|p1a: Florges|145\/360|[from] Leech Seed|[of] p2a: Shaymin
|-heal|p2a: Shaymin|275\/403|[silent]
|turn|53
|
|move|p1a: Florges|Protect|p1a: Florges
|-singleturn|p1a: Florges|Protect
|move|p2a: Shaymin|Psychic|p1a: Florges
|-activate|p1a: Florges|Protect
|
|-heal|p1a: Florges|325\/360|[from] move: Wish|[wisher] Florges
|-heal|p2a: Shaymin|300\/403|[from] item: Leftovers
|-heal|p1a: Florges|347\/360|[from] item: Leftovers
|-damage|p1a: Florges|302\/360|[from] Leech Seed|[of] p2a: Shaymin
|-heal|p2a: Shaymin|345\/403|[silent]
|turn|54
|
|switch|p1a: Ampharos|Ampharos-Mega, F|288\/384
|-damage|p1a: Ampharos|240\/384|[from] Stealth Rock
|-ability|p1a: Ampharos|Mold Breaker
|move|p2a: Shaymin|Psychic|p1a: Ampharos
|-damage|p1a: Ampharos|166\/384
|
|-heal|p2a: Shaymin|370\/403|[from] item: Leftovers
|turn|55
|
|move|p2a: Shaymin|Leech Seed|p1a: Ampharos
|-start|p1a: Ampharos|move: Leech Seed
|move|p1a: Ampharos|Rest|p1a: Ampharos
|-status|p1a: Ampharos|slp
|-heal|p1a: Ampharos|384\/384 slp|[silent]
|-status|p1a: Ampharos|slp|[from] move: Rest
|
|-heal|p2a: Shaymin|395\/403|[from] item: Leftovers
|-damage|p1a: Ampharos|336\/384 slp|[from] Leech Seed|[of] p2a: Shaymin
|-heal|p2a: Shaymin|403\/403|[silent]
|turn|56
|
|switch|p1a: Florges|Florges, F|302\/360
|-damage|p1a: Florges|257\/360|[from] Stealth Rock
|move|p2a: Shaymin|Seed Flare|p1a: Florges
|-damage|p1a: Florges|145\/360
|-unboost|p1a: Florges|spd|2
|
|-heal|p1a: Florges|167\/360|[from] item: Leftovers
|turn|57
|
|move|p1a: Florges|Protect|p1a: Florges
|-singleturn|p1a: Florges|Protect
|move|p2a: Shaymin|Psychic|p1a: Florges
|-activate|p1a: Florges|Protect
|
|-heal|p1a: Florges|189\/360|[from] item: Leftovers
|turn|58
|leave|C1one
|
|switch|p1a: Ampharos|Ampharos-Mega, F|336\/384 slp
|-damage|p1a: Ampharos|288\/384 slp|[from] Stealth Rock
|-ability|p1a: Ampharos|Mold Breaker
|move|p2a: Shaymin|Seed Flare|p1a: Ampharos
|-resisted|p1a: Ampharos
|-damage|p1a: Ampharos|221\/384 slp
|-unboost|p1a: Ampharos|spd|2
|
|turn|59
|join|gobosox
|join|unlafflewaffle
|join|So Dynamic
|
|move|p2a: Shaymin|Seed Flare|p1a: Ampharos|[miss]
|-miss|p2a: Shaymin|p1a: Ampharos
|cant|p1a: Ampharos|slp
|move|p1a: Ampharos|Sleep Talk|p1a: Ampharos
|move|p1a: Ampharos|Volt Switch|p2a: Shaymin|[from]Sleep Talk
|-resisted|p2a: Shaymin
|-damage|p2a: Shaymin|336\/403
|join|sniperaim
|
|switch|p1a: Florges|Florges, F|189\/360
|-damage|p1a: Florges|144\/360|[from] Stealth Rock
|
|-heal|p2a: Shaymin|361\/403|[from] item: Leftovers
|-heal|p1a: Florges|166\/360|[from] item: Leftovers
|turn|60
|leave|unlafflewaffle
|join|Skyward UU Test
|
|move|p1a: Florges|Protect|p1a: Florges
|-singleturn|p1a: Florges|Protect
|move|p2a: Shaymin|Leech Seed|p1a: Florges
|-activate|p1a: Florges|Protect
|
|-heal|p2a: Shaymin|386\/403|[from] item: Leftovers
|-heal|p1a: Florges|188\/360|[from] item: Leftovers
|turn|61
|
|move|p2a: Shaymin|Psychic|p1a: Florges
|-damage|p1a: Florges|136\/360
|move|p1a: Florges|Wish|p1a: Florges
|
|-heal|p2a: Shaymin|403\/403|[from] item: Leftovers
|-heal|p1a: Florges|158\/360|[from] item: Leftovers
|turn|62
|
|move|p1a: Florges|Protect|p1a: Florges
|-singleturn|p1a: Florges|Protect
|move|p2a: Shaymin|Leech Seed|p1a: Florges
|-activate|p1a: Florges|Protect
|
|-heal|p1a: Florges|338\/360|[from] move: Wish|[wisher] Florges
|-heal|p1a: Florges|360\/360|[from] item: Leftovers
|turn|63
|join|OG_Wanka
|
|move|p2a: Shaymin|Leech Seed|p1a: Florges
|-start|p1a: Florges|move: Leech Seed
|move|p1a: Florges|Wish|p1a: Florges
|
|-damage|p1a: Florges|315\/360|[from] Leech Seed|[of] p2a: Shaymin
|turn|64
|
|switch|p1a: Ampharos|Ampharos-Mega, F|221\/384 slp
|-damage|p1a: Ampharos|173\/384 slp|[from] Stealth Rock
|-ability|p1a: Ampharos|Mold Breaker
|move|p2a: Shaymin|Seed Flare|p1a: Ampharos|[miss]
|-miss|p2a: Shaymin|p1a: Ampharos
|
|-heal|p1a: Ampharos|353\/384 slp|[from] move: Wish|[wisher] Florges
|turn|65
|join|LisannaDragneel
|join|fun :'D
|leave|cinema paradiso
|player|p2
|leave|sniperaim
|leave|gobosox
|leave|So Dynamic
|leave|bouff
|leave|fun :'D
|join|kyla-kylls
|leave|TewMew
|player|p1
|leave|kyla-kylls
|join|cinema paradiso
|leave|LJDarkrai
|leave|cinema paradiso
|join|peytonbryce
|leave|Le Austin
|leave|LiberalLucario
|leave|LisannaDragneel
|leave|Minase Nayuki
|leave|Skyward UU Test
|-message|Player 2 lost due to inactivity.
|
|win|TewMew
|join|King UU
|leave|King UU
|leave|peytonbryce
|join|Nig Nasty AF
|leave|Nig Nasty AF