|inactive|Battle timer is ON: inactive players will automatically lose when time's up.
|join|cinema paradiso
|join|TewMew
|player|p1|cinema paradiso|66
|player|p2|TewMew|102
|gametype|singles
|gen|6
|tier|UU
|rule|Sleep Clause Mod: Limit one foe put to sleep
|rule|Species Clause: Limit one of each PokÃ©mon
|rule|OHKO Clause: OHKO moves are banned
|rule|Moody Clause: Moody is banned
|rule|Evasion Moves Clause: Evasion moves are banned
|rule|Endless Battle Clause: Forcing endless battles is banned
|rule|HP Percentage Mod: HP is shown in percentages
|clearpoke
|poke|p1|Nidoqueen, F
|poke|p1|Krookodile, M
|poke|p1|Alakazam, F, shiny
|poke|p1|Jirachi
|poke|p1|Hydreigon, F
|poke|p1|Ampharos, F
|poke|p2|Suicune
|poke|p2|Entei, shiny
|poke|p2|Ampharos, M
|poke|p2|Roserade, F
|poke|p2|Hydreigon, M
|poke|p2|Blissey, F
|rule|Swagger Clause: Swagger is banned
|rule|Baton Pass Clause: Limit one PokÃ©mon knowing Baton Pass
|teampreview
|c|âcinema paradiso|hf
|c|âTewMew|u2
|join|pokeaim
|join|Minase Nayuki
|join|Ironbo67
|
|start
|switch|p1a: Krookodile|Krookodile, M|331\/331
|switch|p2a: Entei|Entei, shiny|371\/371
|-ability|p1a: Krookodile|Intimidate|[of] p2a: Entei
|-unboost|p2a: Entei|atk|1
|-ability|p2a: Entei|Pressure
|turn|1
|
|switch|p2a: Hydreigon|Hydreigon, M|346\/346
|move|p1a: Krookodile|Knock Off|p2a: Hydreigon
|-crit|p2a: Hydreigon
|-resisted|p2a: Hydreigon
|-damage|p2a: Hydreigon|112\/346
|-enditem|p2a: Hydreigon|Life Orb|[from] move: Knock Off|[of] p1a: Krookodile
|
|turn|2
|join|LJDarkrai
|leave|Ironbo67
|
|switch|p1a: Nidoqueen|Nidoqueen, F|345\/345
|move|p2a: Hydreigon|Dark Pulse|p1a: Nidoqueen
|-crit|p1a: Nidoqueen
|-damage|p1a: Nidoqueen|71\/345
|
|turn|3
|
|switch|p1a: Krookodile|Krookodile, M|331\/331
|-ability|p1a: Krookodile|Intimidate|[of] p2a: Hydreigon
|-unboost|p2a: Hydreigon|atk|1
|move|p2a: Hydreigon|Dark Pulse|p1a: Krookodile
|-resisted|p1a: Krookodile
|-damage|p1a: Krookodile|221\/331
|
|turn|4
|
|switch|p2a: Suicune|Suicune|404\/404
|-ability|p2a: Suicune|Pressure
|move|p1a: Krookodile|Superpower|p2a: Suicune
|-damage|p2a: Suicune|272\/404
|-unboost|p1a: Krookodile|atk|1
|-unboost|p1a: Krookodile|def|1
|
|-heal|p2a: Suicune|297\/404|[from] item: Leftovers
|turn|5
|
|switch|p1a: Ampharos|Ampharos, F|373\/373
|move|p2a: Suicune|Scald|p1a: Ampharos
|-damage|p1a: Ampharos|277\/373
|
|-heal|p2a: Suicune|322\/404|[from] item: Leftovers
|turn|6
|
|switch|p2a: Roserade|Roserade, F|324\/324
|detailschange|p1a: Ampharos|Ampharos-Mega, F
|message|Ampharos has Mega Evolved into Mega Ampharos!
|-ability|p1a: Ampharos|Mold Breaker
|move|p1a: Ampharos|Volt Switch|p2a: Roserade
|-resisted|p2a: Roserade
|-damage|p2a: Roserade|241\/324
|
|switch|p1a: Krookodile|Krookodile, M|221\/331
|-ability|p1a: Krookodile|Intimidate|[of] p2a: Roserade
|-unboost|p2a: Roserade|atk|1
|
|-heal|p2a: Roserade|261\/324|[from] item: Black Sludge
|turn|7
|
|switch|p2a: Suicune|Suicune|322\/404
|-ability|p2a: Suicune|Pressure
|move|p1a: Krookodile|Knock Off|p2a: Suicune
|-damage|p2a: Suicune|168\/404
|-enditem|p2a: Suicune|Leftovers|[from] move: Knock Off|[of] p1a: Krookodile
|
|turn|8
|
|switch|p2a: Hydreigon|Hydreigon, M|112\/346
|move|p1a: Krookodile|Knock Off|p2a: Hydreigon
|-resisted|p2a: Hydreigon
|-damage|p2a: Hydreigon|10\/346
|
|turn|9
|
|switch|p1a: Jirachi|Jirachi|341\/341
|switch|p2a: Ampharos|Ampharos, M|384\/384
|
|turn|10
|
|detailschange|p2a: Ampharos|Ampharos-Mega, M
|message|Ampharos has Mega Evolved into Mega Ampharos!
|-ability|p2a: Ampharos|Mold Breaker
|move|p1a: Jirachi|U-turn|p2a: Ampharos
|-damage|p2a: Ampharos|332\/384
|
|switch|p1a: Nidoqueen|Nidoqueen, F|71\/345
|move|p2a: Ampharos|Volt Switch|p1a: Nidoqueen
|-immune|p1a: Nidoqueen|[msg]
|
|turn|11
|
|switch|p2a: Blissey|Blissey, F|714\/714
|move|p1a: Nidoqueen|Stealth Rock|p2a: Blissey
|-sidestart|p2: TewMew|move: Stealth Rock
|
|turn|12
|
|switch|p1a: Krookodile|Krookodile, M|221\/331
|-ability|p1a: Krookodile|Intimidate|[of] p2a: Blissey
|-unboost|p2a: Blissey|atk|1
|move|p2a: Blissey|Stealth Rock|p1a: Krookodile
|-sidestart|p1: cinema paradiso|move: Stealth Rock
|
|turn|13
|
|switch|p2a: Hydreigon|Hydreigon, M|10\/346
|-damage|p2a: Hydreigon|0 fnt|[from] Stealth Rock
|faint|p2a: Hydreigon
|move|p1a: Krookodile|Earthquake|p2: Hydreigon|[notarget]
|-notarget
|
|
|switch|p2a: Blissey|Blissey, F|714\/714
|-damage|p2a: Blissey|625\/714|[from] Stealth Rock
|turn|14
|
|move|p1a: Krookodile|Earthquake|p2a: Blissey
|-damage|p2a: Blissey|145\/714
|move|p2a: Blissey|Seismic Toss|p1a: Krookodile
|-damage|p1a: Krookodile|121\/331
|
|-heal|p2a: Blissey|189\/714|[from] item: Leftovers
|turn|15
|
|switch|p2a: Suicune|Suicune|168\/404
|-damage|p2a: Suicune|118\/404|[from] Stealth Rock
|-ability|p2a: Suicune|Pressure
|move|p1a: Krookodile|Earthquake|p2a: Suicune
|-damage|p2a: Suicune|0 fnt
|faint|p2a: Suicune
|
|
|switch|p2a: Entei|Entei, shiny|371\/371
|-damage|p2a: Entei|279\/371|[from] Stealth Rock
|-ability|p2a: Entei|Pressure
|turn|16
|
|switch|p1a: Nidoqueen|Nidoqueen, F|71\/345
|-damage|p1a: Nidoqueen|50\/345|[from] Stealth Rock
|move|p2a: Entei|Extreme Speed|p1a: Nidoqueen
|-damage|p1a: Nidoqueen|0 fnt
|faint|p1a: Nidoqueen
|
|
|switch|p1a: Hydreigon|Hydreigon, F|325\/325
|-damage|p1a: Hydreigon|285\/325|[from] Stealth Rock
|turn|17
|
|switch|p2a: Blissey|Blissey, F|189\/714
|-damage|p2a: Blissey|100\/714|[from] Stealth Rock
|move|p1a: Hydreigon|Draco Meteor|p2a: Blissey
|-crit|p2a: Blissey
|-damage|p2a: Blissey|0 fnt
|-unboost|p1a: Hydreigon|spa|2
|-damage|p1a: Hydreigon|253\/325|[from] item: Life Orb
|faint|p2a: Blissey
|
|join|Ironbo67
|
|switch|p2a: Roserade|Roserade, F|261\/324
|-damage|p2a: Roserade|221\/324|[from] Stealth Rock
|turn|18
|
|switch|p1a: Jirachi|Jirachi|341\/341
|-damage|p1a: Jirachi|320\/341|[from] Stealth Rock
|move|p2a: Roserade|Sleep Powder|p1a: Jirachi|[miss]
|-miss|p2a: Roserade|p1a: Jirachi
|
|-heal|p2a: Roserade|241\/324|[from] item: Black Sludge
|turn|19
|join|KratosMana
|
|move|p1a: Jirachi|Iron Head|p2a: Roserade
|-damage|p2a: Roserade|63\/324
|cant|p2a: Roserade|flinch
|
|-heal|p2a: Roserade|83\/324|[from] item: Black Sludge
|turn|20
|
|switch|p2a: Ampharos|Ampharos-Mega, M|332\/384
|-damage|p2a: Ampharos|284\/384|[from] Stealth Rock
|-ability|p2a: Ampharos|Mold Breaker
|move|p1a: Jirachi|Iron Head|p2a: Ampharos
|-resisted|p2a: Ampharos
|-damage|p2a: Ampharos|239\/384
|
|turn|21
|
|move|p1a: Jirachi|Iron Head|p2a: Ampharos
|-resisted|p2a: Ampharos
|-damage|p2a: Ampharos|199\/384
|move|p2a: Ampharos|Dragon Pulse|p1a: Jirachi
|-resisted|p1a: Jirachi
|-damage|p1a: Jirachi|236\/341
|
|turn|22
|join|bouff
|
|move|p1a: Jirachi|Iron Head|p2a: Ampharos
|-resisted|p2a: Ampharos
|-damage|p2a: Ampharos|160\/384
|cant|p2a: Ampharos|flinch
|
|turn|23
|
|move|p1a: Jirachi|Iron Head|p2a: Ampharos
|-resisted|p2a: Ampharos
|-damage|p2a: Ampharos|122\/384
|move|p2a: Ampharos|Rest|p2a: Ampharos
|-status|p2a: Ampharos|slp
|-heal|p2a: Ampharos|384\/384 slp|[silent]
|-status|p2a: Ampharos|slp|[from] move: Rest
|
|turn|24
|
|switch|p1a: Ampharos|Ampharos-Mega, F|277\/373
|-damage|p1a: Ampharos|231\/373|[from] Stealth Rock
|-ability|p1a: Ampharos|Mold Breaker
|cant|p2a: Ampharos|slp
|move|p2a: Ampharos|Sleep Talk|p2a: Ampharos
|move|p2a: Ampharos|Dragon Pulse|p1a: Ampharos|[from]Sleep Talk
|-supereffective|p1a: Ampharos
|-damage|p1a: Ampharos|0 fnt
|faint|p1a: Ampharos
|
|
|switch|p1a: Krookodile|Krookodile, M|121\/331
|-damage|p1a: Krookodile|101\/331|[from] Stealth Rock
|-ability|p1a: Krookodile|Intimidate|[of] p2a: Ampharos
|-unboost|p2a: Ampharos|atk|1
|turn|25
|
|switch|p2a: Roserade|Roserade, F|83\/324
|-damage|p2a: Roserade|43\/324|[from] Stealth Rock
|move|p1a: Krookodile|Earthquake|p2a: Roserade
|-damage|p2a: Roserade|0 fnt
|faint|p2a: Roserade
|
|
|switch|p2a: Entei|Entei, shiny|279\/371
|-damage|p2a: Entei|187\/371|[from] Stealth Rock
|-ability|p2a: Entei|Pressure
|turn|26
|
|switch|p1a: Jirachi|Jirachi|236\/341
|-damage|p1a: Jirachi|215\/341|[from] Stealth Rock
|move|p2a: Entei|Sacred Fire|p1a: Jirachi
|-supereffective|p1a: Jirachi
|-damage|p1a: Jirachi|0 fnt
|faint|p1a: Jirachi
|
|
|switch|p1a: Hydreigon|Hydreigon, F|253\/325
|-damage|p1a: Hydreigon|213\/325|[from] Stealth Rock
|turn|27
|
|switch|p2a: Ampharos|Ampharos-Mega, M|384\/384 slp
|-damage|p2a: Ampharos|336\/384 slp|[from] Stealth Rock
|-ability|p2a: Ampharos|Mold Breaker
|move|p1a: Hydreigon|Dark Pulse|p2a: Ampharos
|-damage|p2a: Ampharos|167\/384 slp
|-damage|p1a: Hydreigon|181\/325|[from] item: Life Orb
|
|turn|28
|
|move|p1a: Hydreigon|Dark Pulse|p2a: Ampharos
|-damage|p2a: Ampharos|6\/384 slp
|-damage|p1a: Hydreigon|149\/325|[from] item: Life Orb
|cant|p2a: Ampharos|slp
|move|p2a: Ampharos|Sleep Talk|p2a: Ampharos
|move|p2a: Ampharos|Dragon Pulse|p1a: Hydreigon|[from]Sleep Talk
|-supereffective|p1a: Hydreigon
|-damage|p1a: Hydreigon|0 fnt
|faint|p1a: Hydreigon
|
|
|switch|p1a: Alakazam|Alakazam, F, shiny|251\/251
|turn|29
|
|move|p1a: Alakazam|Psyshock|p2a: Ampharos
|-damage|p2a: Ampharos|0 fnt
|faint|p2a: Ampharos
|
|
|switch|p2a: Entei|Entei, shiny|187\/371
|-damage|p2a: Entei|95\/371|[from] Stealth Rock
|-ability|p2a: Entei|Pressure
|turn|30
|
|move|p2a: Entei|Extreme Speed|p1a: Alakazam
|-enditem|p1a: Alakazam|Focus Sash
|-damage|p1a: Alakazam|1\/251
|move|p1a: Alakazam|Psyshock|p2a: Entei
|-damage|p2a: Entei|0 fnt
|faint|p2a: Entei
|
|win|cinema paradiso
|c|âTewMew|gg
|leave|TewMew
|player|p2
|leave|Ironbo67
|leave|cinema paradiso
|player|p1
|leave|Minase Nayuki
|leave|LJDarkrai
|join|cinema paradiso
|leave|cinema paradiso