|inactive|Battle timer is ON: inactive players will automatically lose when time's up.
|join|cinema paradiso
|join|TewMew
|player|p1|cinema paradiso|66
|player|p2|TewMew|102
|gametype|singles
|gen|6
|tier|UU
|rule|Sleep Clause Mod: Limit one foe put to sleep
|rule|Species Clause: Limit one of each PokÃ©mon
|rule|OHKO Clause: OHKO moves are banned
|rule|Moody Clause: Moody is banned
|rule|Evasion Moves Clause: Evasion moves are banned
|rule|Endless Battle Clause: Forcing endless battles is banned
|rule|HP Percentage Mod: HP is shown in percentages
|clearpoke
|poke|p1|Abomasnow, M
|poke|p1|Starmie
|poke|p1|Hydreigon, M
|poke|p1|Jirachi
|poke|p1|Nidoqueen, F
|poke|p1|Blissey, F, shiny
|poke|p2|Suicune
|poke|p2|Nidoqueen, F
|poke|p2|Ampharos, M
|poke|p2|Crobat, M
|poke|p2|Hydreigon, M
|poke|p2|Florges, F
|rule|Swagger Clause: Swagger is banned
|rule|Baton Pass Clause: Limit one PokÃ©mon knowing Baton Pass
|teampreview
|join|ahyueah
|join|bouff
|join|LJDarkrai
|
|start
|switch|p1a: Blissey|Blissey, F, shiny|713\/713
|switch|p2a: Crobat|Crobat, M|321\/321
|turn|1
|join|schlamaladingdong
|
|switch|p1a: Nidoqueen|Nidoqueen, F|383\/383
|move|p2a: Crobat|U-turn|p1a: Nidoqueen
|-resisted|p1a: Nidoqueen
|-damage|p1a: Nidoqueen|358\/383
|
|switch|p2a: Hydreigon|Hydreigon, M|346\/346
|
|-heal|p1a: Nidoqueen|381\/383|[from] item: Black Sludge
|turn|2
|
|move|p2a: Hydreigon|Draco Meteor|p1a: Nidoqueen
|-damage|p1a: Nidoqueen|0 fnt
|-unboost|p2a: Hydreigon|spa|2
|-damage|p2a: Hydreigon|312\/346|[from] item: Life Orb
|faint|p1a: Nidoqueen
|
|join|LiberalLucario
|
|switch|p1a: Blissey|Blissey, F, shiny|713\/713
|turn|3
|
|switch|p2a: Nidoqueen|Nidoqueen, F|384\/384
|move|p1a: Blissey|Stealth Rock|p2a: Nidoqueen
|-sidestart|p2: TewMew|move: Stealth Rock
|
|turn|4
|
|move|p2a: Nidoqueen|Stealth Rock|p1a: Blissey
|-sidestart|p1: cinema paradiso|move: Stealth Rock
|move|p1a: Blissey|Seismic Toss|p2a: Nidoqueen
|-damage|p2a: Nidoqueen|284\/384
|
|turn|5
|
|switch|p1a: Starmie|Starmie|324\/324
|-damage|p1a: Starmie|284\/324|[from] Stealth Rock
|move|p2a: Nidoqueen|Toxic Spikes|p1a: Starmie
|-sidestart|p1: cinema paradiso|move: Toxic Spikes
|
|-heal|p1a: Starmie|304\/324|[from] item: Leftovers
|turn|6
|
|move|p1a: Starmie|Rapid Spin|p2a: Nidoqueen
|-damage|p2a: Nidoqueen|272\/384
|-sideend|p1: cinema paradiso|Toxic Spikes|[from] move: Rapid Spin|[of] p1a: Starmie
|-sideend|p1: cinema paradiso|Stealth Rock|[from] move: Rapid Spin|[of] p1a: Starmie
|move|p2a: Nidoqueen|Earth Power|p1a: Starmie
|-damage|p1a: Starmie|77\/324
|
|-heal|p1a: Starmie|97\/324|[from] item: Leftovers
|turn|7
|
|move|p1a: Starmie|Scald|p2a: Nidoqueen
|-supereffective|p2a: Nidoqueen
|-damage|p2a: Nidoqueen|26\/384
|-status|p2a: Nidoqueen|brn
|move|p2a: Nidoqueen|Earth Power|p1a: Starmie
|-crit|p1a: Starmie
|-damage|p1a: Starmie|0 fnt
|faint|p1a: Starmie
|
|-damage|p2a: Nidoqueen|0 fnt|[from] brn
|faint|p2a: Nidoqueen
|
|switch|p2a: Crobat|Crobat, M|321\/321
|-damage|p2a: Crobat|241\/321|[from] Stealth Rock
|switch|p1a: Hydreigon|Hydreigon, M|325\/325
|turn|8
|
|move|p1a: Hydreigon|U-turn|p2a: Crobat
|-resisted|p2a: Crobat
|-damage|p2a: Crobat|227\/321
|
|switch|p1a: Jirachi|Jirachi|404\/404
|move|p2a: Crobat|Defog|p1a: Jirachi
|-unboost|p1a: Jirachi|evasion|1
|-sideend|p2: TewMew|Stealth Rock|[from] move: Defog|[of] p2a: Crobat
|
|-heal|p2a: Crobat|247\/321|[from] item: Black Sludge
|turn|9
|
|move|p2a: Crobat|U-turn|p1a: Jirachi
|-crit|p1a: Jirachi
|-damage|p1a: Jirachi|312\/404
|
|switch|p2a: Suicune|Suicune|404\/404
|-ability|p2a: Suicune|Pressure
|move|p1a: Jirachi|Toxic|p2a: Suicune
|-status|p2a: Suicune|tox
|
|-heal|p1a: Jirachi|337\/404|[from] item: Leftovers
|-damage|p2a: Suicune|379\/404 tox|[from] psn
|turn|10
|
|move|p1a: Jirachi|Iron Head|p2a: Suicune
|-resisted|p2a: Suicune
|-damage|p2a: Suicune|349\/404 tox
|cant|p2a: Suicune|flinch
|
|-heal|p1a: Jirachi|362\/404|[from] item: Leftovers
|-heal|p2a: Suicune|374\/404 tox|[from] item: Leftovers
|-damage|p2a: Suicune|324\/404 tox|[from] psn
|turn|11
|
|move|p1a: Jirachi|Iron Head|p2a: Suicune
|-resisted|p2a: Suicune
|-damage|p2a: Suicune|293\/404 tox
|move|p2a: Suicune|Rest|p2a: Suicune
|-status|p2a: Suicune|slp
|-heal|p2a: Suicune|404\/404 slp|[silent]
|-status|p2a: Suicune|slp|[from] move: Rest
|
|-heal|p1a: Jirachi|387\/404|[from] item: Leftovers
|turn|12
|join|Minase Nayuki
|
|switch|p1a: Abomasnow|Abomasnow, M|379\/379
|-weather|Hail
|cant|p2a: Suicune|slp
|move|p2a: Suicune|Sleep Talk|p2a: Suicune
|move|p2a: Suicune|Rest|p2a: Suicune|[from]Sleep Talk
|-fail|p2a: Suicune
|
|-weather|Hail|[upkeep]
|-damage|p2a: Suicune|379\/404 slp|[from] hail
|-heal|p2a: Suicune|404\/404 slp|[from] item: Leftovers
|turn|13
|
|detailschange|p1a: Abomasnow|Abomasnow-Mega, M
|message|Abomasnow has Mega Evolved into Mega Abomasnow!
|cant|p2a: Suicune|slp
|move|p2a: Suicune|Sleep Talk|p2a: Suicune
|move|p2a: Suicune|Calm Mind|p2a: Suicune|[from]Sleep Talk
|-boost|p2a: Suicune|spa|1
|-boost|p2a: Suicune|spd|1
|move|p1a: Abomasnow|Swords Dance|p1a: Abomasnow
|-boost|p1a: Abomasnow|atk|2
|
|-weather|Hail|[upkeep]
|-damage|p2a: Suicune|379\/404 slp|[from] hail
|-heal|p2a: Suicune|404\/404 slp|[from] item: Leftovers
|turn|14
|
|-curestatus|p2a: Suicune|slp
|move|p2a: Suicune|Scald|p1a: Abomasnow
|-resisted|p1a: Abomasnow
|-damage|p1a: Abomasnow|315\/379
|move|p1a: Abomasnow|Wood Hammer|p2a: Suicune
|-supereffective|p2a: Suicune
|-damage|p2a: Suicune|0 fnt
|-damage|p1a: Abomasnow|182\/379|[from] recoil|[of] p2a: Suicune
|faint|p2a: Suicune
|
|-weather|Hail|[upkeep]
|
|switch|p2a: Ampharos|Ampharos, M|384\/384
|turn|15
|
|detailschange|p2a: Ampharos|Ampharos-Mega, M
|message|Ampharos has Mega Evolved into Mega Ampharos!
|-ability|p2a: Ampharos|Mold Breaker
|move|p2a: Ampharos|Dragon Pulse|p1a: Abomasnow
|-damage|p1a: Abomasnow|31\/379
|move|p1a: Abomasnow|Earthquake|p2a: Ampharos
|-supereffective|p2a: Ampharos
|-damage|p2a: Ampharos|14\/384
|
|-weather|Hail|[upkeep]
|-damage|p2a: Ampharos|0 fnt|[from] hail
|faint|p2a: Ampharos
|
|switch|p2a: Florges|Florges, F|360\/360
|turn|16
|
|move|p1a: Abomasnow|Ice Shard|p2a: Florges
|-damage|p2a: Florges|225\/360
|move|p2a: Florges|Moonblast|p1a: Abomasnow
|-crit|p1a: Abomasnow
|-damage|p1a: Abomasnow|0 fnt
|faint|p1a: Abomasnow
|
|-weather|none
|-heal|p2a: Florges|247\/360|[from] item: Leftovers
|
|switch|p1a: Jirachi|Jirachi|387\/404
|turn|17
|
|switch|p2a: Crobat|Crobat, M|247\/321
|move|p1a: Jirachi|Substitute|p1a: Jirachi
|-start|p1a: Jirachi|Substitute
|-damage|p1a: Jirachi|286\/404
|
|-heal|p2a: Crobat|267\/321|[from] item: Black Sludge
|-heal|p1a: Jirachi|311\/404|[from] item: Leftovers
|turn|18
|
|move|p2a: Crobat|Brave Bird|p1a: Jirachi
|-resisted|p1a: Jirachi
|-damage|p1a: Jirachi|227\/404
|-damage|p2a: Crobat|239\/321|[from] recoil|[of] p1a: Jirachi
|move|p1a: Jirachi|Fire Punch|p2a: Crobat
|-damage|p2a: Crobat|170\/321
|
|-heal|p2a: Crobat|190\/321|[from] item: Black Sludge
|-heal|p1a: Jirachi|252\/404|[from] item: Leftovers
|turn|19
|
|move|p2a: Crobat|Brave Bird|p1a: Jirachi
|-resisted|p1a: Jirachi
|-damage|p1a: Jirachi|165\/404
|-damage|p2a: Crobat|161\/321|[from] recoil|[of] p1a: Jirachi
|move|p1a: Jirachi|Iron Head|p2a: Crobat
|-crit|p2a: Crobat
|-damage|p2a: Crobat|0 fnt
|faint|p2a: Crobat
|
|-heal|p1a: Jirachi|190\/404|[from] item: Leftovers
|
|switch|p2a: Hydreigon|Hydreigon, M|312\/346
|turn|20
|
|move|p1a: Jirachi|Iron Head|p2a: Hydreigon
|-damage|p2a: Hydreigon|195\/346
|cant|p2a: Hydreigon|flinch
|
|-heal|p1a: Jirachi|215\/404|[from] item: Leftovers
|turn|21
|
|move|p1a: Jirachi|Iron Head|p2a: Hydreigon
|-crit|p2a: Hydreigon
|-damage|p2a: Hydreigon|21\/346
|cant|p2a: Hydreigon|flinch
|
|-heal|p1a: Jirachi|240\/404|[from] item: Leftovers
|turn|22
|
|move|p1a: Jirachi|Iron Head|p2a: Hydreigon
|-damage|p2a: Hydreigon|0 fnt
|faint|p2a: Hydreigon
|
|-heal|p1a: Jirachi|265\/404|[from] item: Leftovers
|c|âTewMew|gg
|leave|TewMew
|player|p2
|leave|LiberalLucario
|player|p2|bouff|144
|c|âbouff|tewmew a shit
|
|switch|p2a: Florges|Florges, F|247\/360
|turn|23
|-message|bouff forfeited.
|
|win|cinema paradiso