|join|SOMALIA
|join|TewMew
|player|p1|SOMALIA|151
|player|p2|TewMew|43
|gametype|singles
|gen|6
|tier|UU
|rule|Sleep Clause Mod: Limit one foe put to sleep
|rule|Species Clause: Limit one of each PokÃ©mon
|rule|OHKO Clause: OHKO moves are banned
|rule|Moody Clause: Moody is banned
|rule|Evasion Moves Clause: Evasion moves are banned
|rule|Endless Battle Clause: Forcing endless battles is banned
|rule|HP Percentage Mod: HP is shown in percentages
|clearpoke
|poke|p1|Gallade, M
|poke|p1|Nidoqueen, F
|poke|p1|Jirachi
|poke|p1|Tornadus, M
|poke|p1|Suicune
|poke|p1|Shaymin
|poke|p2|Alomomola, M
|poke|p2|Krookodile, F
|poke|p2|Gallade, M
|poke|p2|Whimsicott, M
|poke|p2|Snorlax, M
|poke|p2|Crobat, F
|rule|Swagger Clause: Swagger is banned
|rule|Baton Pass Clause: Limit one PokÃ©mon knowing Baton Pass
|teampreview
|c|âSOMALIA|thanks
|
|start
|switch|p1a: The Hench One|Nidoqueen, F|383\/383
|switch|p2a: Krookodile|Krookodile, F|355\/355
|-ability|p2a: Krookodile|Intimidate|[of] p1a: The Hench One
|-unboost|p1a: The Hench One|atk|1
|turn|1
|c|âTewMew|np
|join|bouff
|join|New Breed
|
|move|p2a: Krookodile|Earthquake|p1a: The Hench One
|-supereffective|p1a: The Hench One
|-damage|p1a: The Hench One|0 fnt
|-damage|p2a: Krookodile|320\/355|[from] item: Life Orb
|faint|p1a: The Hench One
|
|
|switch|p1a: The Body Builder|Tornadus, M|300\/300
|turn|2
|
|switch|p2a: Alomomola|Alomomola, M|533\/533
|move|p1a: The Body Builder|Hurricane|p2a: Alomomola|[miss]
|-miss|p1a: The Body Builder|p2a: Alomomola
|
|turn|3
|
|switch|p1a: The Grappler Baki|Gallade, M|277\/277
|switch|p2a: Snorlax|Snorlax, M|493\/493
|
|turn|4
|
|switch|p2a: Whimsicott|Whimsicott, M|323\/323
|detailschange|p1a: The Grappler Baki|Gallade-Mega, M
|message|Gallade has Mega Evolved into Mega Gallade!
|move|p1a: The Grappler Baki|Psycho Cut|p2a: Whimsicott
|-damage|p2a: Whimsicott|211\/323
|
|-heal|p2a: Whimsicott|231\/323|[from] item: Leftovers
|turn|5
|c|âSOMALIA|rofl
|c|âSOMALIA|this is  a mega
|c|âSOMALIA|wtf is this damage
|
|move|p1a: The Grappler Baki|Swords Dance|p1a: The Grappler Baki
|-boost|p1a: The Grappler Baki|atk|2
|move|p2a: Whimsicott|U-turn|p1a: The Grappler Baki
|-damage|p1a: The Grappler Baki|240\/277
|
|switch|p2a: Crobat|Crobat, F|373\/373
|
|turn|6
|
|move|p2a: Crobat|Brave Bird|p1a: The Grappler Baki
|-supereffective|p1a: The Grappler Baki
|-damage|p1a: The Grappler Baki|0 fnt
|-damage|p2a: Crobat|294\/373|[from] recoil|[of] p1a: The Grappler Baki
|faint|p1a: The Grappler Baki
|
|-heal|p2a: Crobat|317\/373|[from] item: Black Sludge
|
|switch|p1a: The Super Don|Suicune|403\/403
|-ability|p1a: The Super Don|Pressure
|turn|7
|
|move|p2a: Crobat|U-turn|p1a: The Super Don
|-damage|p1a: The Super Don|366\/403
|
|switch|p2a: Snorlax|Snorlax, M|493\/493
|move|p1a: The Super Don|Calm Mind|p1a: The Super Don
|-boost|p1a: The Super Don|spa|1
|-boost|p1a: The Super Don|spd|1
|
|-heal|p1a: The Super Don|391\/403|[from] item: Leftovers
|turn|8
|
|move|p1a: The Super Don|Substitute|p1a: The Super Don
|-start|p1a: The Super Don|Substitute
|-damage|p1a: The Super Don|291\/403
|move|p2a: Snorlax|Curse|p2a: Snorlax
|-boost|p2a: Snorlax|atk|1
|-boost|p2a: Snorlax|def|1
|-unboost|p2a: Snorlax|spe|1
|
|-heal|p1a: The Super Don|316\/403|[from] item: Leftovers
|turn|9
|
|move|p1a: The Super Don|Calm Mind|p1a: The Super Don
|-boost|p1a: The Super Don|spa|1
|-boost|p1a: The Super Don|spd|1
|move|p2a: Snorlax|Frustration|p1a: The Super Don
|-end|p1a: The Super Don|Substitute
|
|-heal|p1a: The Super Don|341\/403|[from] item: Leftovers
|turn|10
|
|move|p1a: The Super Don|Scald|p2a: Snorlax
|-damage|p2a: Snorlax|366\/493
|-status|p2a: Snorlax|brn
|move|p2a: Snorlax|Frustration|p1a: The Super Don
|-damage|p1a: The Super Don|278\/403
|
|-heal|p1a: The Super Don|303\/403|[from] item: Leftovers
|-heal|p2a: Snorlax|396\/493 brn|[from] item: Leftovers
|-damage|p2a: Snorlax|335\/493 brn|[from] brn
|turn|11
|
|move|p1a: The Super Don|Ice Beam|p2a: Snorlax
|-damage|p2a: Snorlax|293\/493 brn
|move|p2a: Snorlax|Rest|p2a: Snorlax
|-status|p2a: Snorlax|slp
|-heal|p2a: Snorlax|493\/493 slp|[silent]
|-status|p2a: Snorlax|slp|[from] move: Rest
|
|-heal|p1a: The Super Don|328\/403|[from] item: Leftovers
|turn|12
|
|move|p1a: The Super Don|Substitute|p1a: The Super Don
|-start|p1a: The Super Don|Substitute
|-damage|p1a: The Super Don|228\/403
|cant|p2a: Snorlax|slp
|move|p2a: Snorlax|Sleep Talk|p2a: Snorlax
|move|p2a: Snorlax|Frustration|p1a: The Super Don|[from]Sleep Talk
|-end|p1a: The Super Don|Substitute
|
|-heal|p1a: The Super Don|253\/403|[from] item: Leftovers
|turn|13
|join|e7e
|
|move|p1a: The Super Don|Substitute|p1a: The Super Don
|-start|p1a: The Super Don|Substitute
|-damage|p1a: The Super Don|153\/403
|cant|p2a: Snorlax|slp
|move|p2a: Snorlax|Sleep Talk|p2a: Snorlax
|move|p2a: Snorlax|Rest|p2a: Snorlax|[from]Sleep Talk
|-fail|p2a: Snorlax
|
|-heal|p1a: The Super Don|178\/403|[from] item: Leftovers
|turn|14
|
|move|p1a: The Super Don|Calm Mind|p1a: The Super Don
|-boost|p1a: The Super Don|spa|1
|-boost|p1a: The Super Don|spd|1
|-curestatus|p2a: Snorlax|slp
|move|p2a: Snorlax|Frustration|p1a: The Super Don
|-end|p1a: The Super Don|Substitute
|
|-heal|p1a: The Super Don|203\/403|[from] item: Leftovers
|turn|15
|
|move|p1a: The Super Don|Scald|p2a: Snorlax
|-damage|p2a: Snorlax|358\/493
|-status|p2a: Snorlax|brn
|move|p2a: Snorlax|Frustration|p1a: The Super Don
|-damage|p1a: The Super Don|136\/403
|
|-heal|p1a: The Super Don|161\/403|[from] item: Leftovers
|-heal|p2a: Snorlax|388\/493 brn|[from] item: Leftovers
|-damage|p2a: Snorlax|327\/493 brn|[from] brn
|turn|16
|
|move|p1a: The Super Don|Substitute|p1a: The Super Don
|-start|p1a: The Super Don|Substitute
|-damage|p1a: The Super Don|61\/403
|move|p2a: Snorlax|Rest|p2a: Snorlax
|-status|p2a: Snorlax|slp
|-heal|p2a: Snorlax|493\/493 slp|[silent]
|-status|p2a: Snorlax|slp|[from] move: Rest
|
|-heal|p1a: The Super Don|86\/403|[from] item: Leftovers
|turn|17
|c|âSOMALIA|ugh i gotta relly on this dirty tactic
|
|move|p1a: The Super Don|Calm Mind|p1a: The Super Don
|-boost|p1a: The Super Don|spa|1
|-boost|p1a: The Super Don|spd|1
|cant|p2a: Snorlax|slp
|move|p2a: Snorlax|Sleep Talk|p2a: Snorlax
|move|p2a: Snorlax|Curse|p2a: Snorlax|[from]Sleep Talk
|-boost|p2a: Snorlax|atk|1
|-boost|p2a: Snorlax|def|1
|-unboost|p2a: Snorlax|spe|1
|
|-heal|p1a: The Super Don|111\/403|[from] item: Leftovers
|turn|18
|
|move|p1a: The Super Don|Scald|p2a: Snorlax
|-damage|p2a: Snorlax|307\/493 slp
|cant|p2a: Snorlax|slp
|move|p2a: Snorlax|Sleep Talk|p2a: Snorlax
|move|p2a: Snorlax|Frustration|p1a: The Super Don|[from]Sleep Talk
|-end|p1a: The Super Don|Substitute
|
|-heal|p1a: The Super Don|136\/403|[from] item: Leftovers
|-heal|p2a: Snorlax|337\/493 slp|[from] item: Leftovers
|turn|19
|
|move|p1a: The Super Don|Scald|p2a: Snorlax
|-damage|p2a: Snorlax|153\/493 slp
|-curestatus|p2a: Snorlax|slp
|move|p2a: Snorlax|Frustration|p1a: The Super Don
|-damage|p1a: The Super Don|0 fnt
|faint|p1a: The Super Don
|
|-heal|p2a: Snorlax|183\/493|[from] item: Leftovers
|
|switch|p1a: The Body Builder|Tornadus, M|300\/300
|turn|20
|
|move|p1a: The Body Builder|Hurricane|p2a: Snorlax
|-damage|p2a: Snorlax|8\/493
|-damage|p1a: The Body Builder|270\/300|[from] item: Life Orb
|move|p2a: Snorlax|Rest|p2a: Snorlax
|-status|p2a: Snorlax|slp
|-heal|p2a: Snorlax|493\/493 slp|[silent]
|-status|p2a: Snorlax|slp|[from] move: Rest
|
|turn|21
|
|move|p1a: The Body Builder|Hurricane|p2a: Snorlax|[miss]
|-miss|p1a: The Body Builder|p2a: Snorlax
|cant|p2a: Snorlax|slp
|move|p2a: Snorlax|Sleep Talk|p2a: Snorlax
|move|p2a: Snorlax|Curse|p2a: Snorlax|[from]Sleep Talk
|-boost|p2a: Snorlax|atk|1
|-boost|p2a: Snorlax|def|1
|-unboost|p2a: Snorlax|spe|1
|
|turn|22
|
|move|p1a: The Body Builder|Hurricane|p2a: Snorlax|[miss]
|-miss|p1a: The Body Builder|p2a: Snorlax
|cant|p2a: Snorlax|slp
|move|p2a: Snorlax|Sleep Talk|p2a: Snorlax
|move|p2a: Snorlax|Rest|p2a: Snorlax|[from]Sleep Talk
|-fail|p2a: Snorlax
|
|turn|23
|
|move|p1a: The Body Builder|Hurricane|p2a: Snorlax
|-damage|p2a: Snorlax|320\/493 slp
|-start|p2a: Snorlax|confusion
|-damage|p1a: The Body Builder|240\/300|[from] item: Life Orb
|-curestatus|p2a: Snorlax|slp
|-activate|p2a: Snorlax|confusion
|-damage|p2a: Snorlax|280\/493|[from] confusion
|
|-heal|p2a: Snorlax|310\/493|[from] item: Leftovers
|turn|24
|
|move|p1a: The Body Builder|Hurricane|p2a: Snorlax
|-damage|p2a: Snorlax|153\/493
|-damage|p1a: The Body Builder|210\/300|[from] item: Life Orb
|-activate|p2a: Snorlax|confusion
|move|p2a: Snorlax|Frustration|p1a: The Body Builder
|-crit|p1a: The Body Builder
|-damage|p1a: The Body Builder|0 fnt
|faint|p1a: The Body Builder
|
|-heal|p2a: Snorlax|183\/493|[from] item: Leftovers
|
|switch|p1a: The Iron Brother|Jirachi|341\/341
|turn|25
|
|move|p1a: The Iron Brother|Iron Head|p2a: Snorlax
|-damage|p2a: Snorlax|123\/493
|cant|p2a: Snorlax|flinch
|
|-heal|p2a: Snorlax|153\/493|[from] item: Leftovers
|turn|26
|join|fuck christmas
|
|move|p1a: The Iron Brother|Iron Head|p2a: Snorlax
|-damage|p2a: Snorlax|92\/493
|-activate|p2a: Snorlax|confusion
|-damage|p2a: Snorlax|54\/493|[from] confusion
|
|-heal|p2a: Snorlax|84\/493|[from] item: Leftovers
|turn|27
|
|move|p1a: The Iron Brother|Iron Head|p2a: Snorlax
|-damage|p2a: Snorlax|30\/493
|-activate|p2a: Snorlax|confusion
|move|p2a: Snorlax|Rest|p2a: Snorlax
|-status|p2a: Snorlax|slp
|-heal|p2a: Snorlax|493\/493 slp|[silent]
|-status|p2a: Snorlax|slp|[from] move: Rest
|
|turn|28
|c|âSOMALIA|NOOOOOOOOOOOOOOO
|
|switch|p1a: The Power Lifter|Shaymin|403\/403
|cant|p2a: Snorlax|slp
|-end|p2a: Snorlax|confusion
|move|p2a: Snorlax|Sleep Talk|p2a: Snorlax
|move|p2a: Snorlax|Rest|p2a: Snorlax|[from]Sleep Talk
|-fail|p2a: Snorlax
|
|turn|29
|
|move|p1a: The Power Lifter|Seed Flare|p2a: Snorlax
|-damage|p2a: Snorlax|405\/493 slp
|cant|p2a: Snorlax|slp
|move|p2a: Snorlax|Sleep Talk|p2a: Snorlax
|move|p2a: Snorlax|Curse|p2a: Snorlax|[from]Sleep Talk
|-boost|p2a: Snorlax|atk|1
|-boost|p2a: Snorlax|def|1
|-unboost|p2a: Snorlax|spe|1
|
|-heal|p2a: Snorlax|435\/493 slp|[from] item: Leftovers
|turn|30
|
|move|p1a: The Power Lifter|Seed Flare|p2a: Snorlax
|-damage|p2a: Snorlax|345\/493 slp
|-curestatus|p2a: Snorlax|slp
|move|p2a: Snorlax|Frustration|p1a: The Power Lifter
|-damage|p1a: The Power Lifter|4\/403
|
|-heal|p1a: The Power Lifter|29\/403|[from] item: Leftovers
|-heal|p2a: Snorlax|375\/493|[from] item: Leftovers
|turn|31
|
|move|p1a: The Power Lifter|Seed Flare|p2a: Snorlax
|-damage|p2a: Snorlax|270\/493
|-unboost|p2a: Snorlax|spd|2
|move|p2a: Snorlax|Frustration|p1a: The Power Lifter
|-crit|p1a: The Power Lifter
|-damage|p1a: The Power Lifter|0 fnt
|faint|p1a: The Power Lifter
|
|-heal|p2a: Snorlax|300\/493|[from] item: Leftovers
|
|switch|p1a: The Iron Brother|Jirachi|341\/341
|turn|32
|c|âSOMALIA|ggg
|
|move|p1a: The Iron Brother|Healing Wish|p1a: The Iron Brother
|-fail|p1a: The Iron Brother
|move|p2a: Snorlax|Frustration|p1a: The Iron Brother
|-resisted|p1a: The Iron Brother
|-damage|p1a: The Iron Brother|161\/341
|
|-heal|p2a: Snorlax|330\/493|[from] item: Leftovers
|turn|33
|c|âTewMew|gg
|
|move|p1a: The Iron Brother|Healing Wish|p1a: The Iron Brother
|-fail|p1a: The Iron Brother
|move|p2a: Snorlax|Frustration|p1a: The Iron Brother
|-crit|p1a: The Iron Brother
|-resisted|p1a: The Iron Brother
|-damage|p1a: The Iron Brother|0 fnt
|faint|p1a: The Iron Brother
|
|win|TewMew
|leave|SOMALIA
|player|p1
|leave|e7e
|join|Omfuga
|leave|Omfuga
|join|Earth
|join|Basedlord CTC
|leave|Earth
|leave|Basedlord CTC