|join|TewMew
|join|CoolStoryBrobat
|player|p1|TewMew|43
|player|p2|CoolStoryBrobat|#coolstorybrobat
|gametype|singles
|gen|6
|tier|UU
|rated
|rule|Sleep Clause Mod: Limit one foe put to sleep
|rule|Species Clause: Limit one of each PokÃ©mon
|rule|OHKO Clause: OHKO moves are banned
|rule|Moody Clause: Moody is banned
|rule|Evasion Moves Clause: Evasion moves are banned
|rule|Endless Battle Clause: Forcing endless battles is banned
|rule|HP Percentage Mod: HP is shown in percentages
|clearpoke
|poke|p1|Alomomola, M
|poke|p1|Krookodile, F
|poke|p1|Dragalge, F
|poke|p1|Whimsicott, F
|poke|p1|Snorlax, M
|poke|p1|Aerodactyl, F
|poke|p2|Swampert, M
|poke|p2|Tornadus, M
|poke|p2|Goodra, F
|poke|p2|Jirachi
|poke|p2|Tentacruel, M
|poke|p2|Whimsicott, M
|rule|Swagger Clause: Swagger is banned
|rule|Baton Pass Clause: Limit one PokÃ©mon knowing Baton Pass
|teampreview
|join|VividLatias
|join|watfor
|join|TheGodRyzo
|c|âCoolStoryBrobat|Dang son
|join|dodmen
|c| VividLatias|mmm
|c|âCoolStoryBrobat|We're playing with all the marbles, I guess
|c| VividLatias|this should be fun to match
|c| TheGodRyzo|This team...
|c| VividLatias|watch*
|join|DaidZillon
|c| VividLatias|i can't type :(
|c|+dodmen|aboma was in :[
|
|start
|switch|p1a: Aerodactyl|Aerodactyl, F|359\/359
|switch|p2a: Jirachi|Jirachi|404\/404
|-ability|p1a: Aerodactyl|Pressure
|turn|1
|c| TheGodRyzo|TewMew Elo:1726
|
|detailschange|p1a: Aerodactyl|Aerodactyl-Mega, F
|message|Aerodactyl has Mega Evolved into Mega Aerodactyl!
|move|p1a: Aerodactyl|Earthquake|p2a: Jirachi
|-crit|p2a: Jirachi
|-supereffective|p2a: Jirachi
|-damage|p2a: Jirachi|88\/404
|move|p2a: Jirachi|Iron Head|p1a: Aerodactyl
|-supereffective|p1a: Aerodactyl
|-damage|p1a: Aerodactyl|161\/359
|
|-heal|p2a: Jirachi|113\/404|[from] item: Leftovers
|turn|2
|
|switch|p2a: Wheaties|Swampert, M|344\/344
|move|p1a: Aerodactyl|Roost|p1a: Aerodactyl
|-heal|p1a: Aerodactyl|341\/359
|
|turn|3
|
|switch|p1a: Alomomola|Alomomola, M|533\/533
|detailschange|p2a: Wheaties|Swampert-Mega, M
|message|Swampert has Mega Evolved into Mega Swampert!
|move|p2a: Wheaties|Waterfall|p1a: Alomomola
|-resisted|p1a: Alomomola
|-damage|p1a: Alomomola|463\/533
|-damage|p2a: Wheaties|287\/344|[from] item: Rocky Helmet|[of] p1a: Alomomola
|
|turn|4
|
|switch|p2a: Tentacruel|Tentacruel, M|363\/363
|move|p1a: Alomomola|Wish|p1a: Alomomola
|
|turn|5
|
|switch|p2a: Goodra|Goodra, F|374\/374
|switch|p1a: Snorlax|Snorlax, M|493\/493
|
|turn|6
|
|move|p2a: Goodra|Outrage|p1a: Snorlax
|-damage|p1a: Snorlax|142\/493
|move|p1a: Snorlax|Frustration|p2a: Goodra
|-damage|p2a: Goodra|185\/374
|
|-heal|p1a: Snorlax|172\/493|[from] item: Leftovers
|turn|7
|
|switch|p1a: Alomomola|Alomomola, M|533\/533
|move|p2a: Goodra|Outrage|p1a: Alomomola
|-damage|p1a: Alomomola|299\/533
|-damage|p2a: Goodra|123\/374|[from] item: Rocky Helmet|[of] p1a: Alomomola
|
|-end|p2a: Goodra|rampage
|-start|p2a: Goodra|confusion
|turn|8
|
|switch|p2a: Jirachi|Jirachi|113\/404
|move|p1a: Alomomola|Wish|p1a: Alomomola
|
|-heal|p2a: Jirachi|138\/404|[from] item: Leftovers
|turn|9
|
|switch|p1a: Krookodile|Krookodile, F|334\/334
|-ability|p1a: Krookodile|Intimidate|[of] p2a: Jirachi
|-unboost|p2a: Jirachi|atk|1
|move|p2a: Jirachi|U-turn|p1a: Krookodile
|-supereffective|p1a: Krookodile
|-damage|p1a: Krookodile|246\/334
|
|switch|p2a: Whimsicott|Whimsicott, M|261\/261
|
|-heal|p1a: Krookodile|334\/334|[from] move: Wish|[wisher] Alomomola
|turn|10
|
|switch|p1a: Dragalge|Dragalge, F|311\/311
|move|p2a: Whimsicott|Moonblast|p1a: Dragalge
|-damage|p1a: Dragalge|218\/311
|
|turn|11
|
|move|p2a: Whimsicott|U-turn|p1a: Dragalge
|-resisted|p1a: Dragalge
|-damage|p1a: Dragalge|199\/311
|
|switch|p2a: Jirachi|Jirachi|138\/404
|move|p1a: Dragalge|Focus Blast|p2a: Jirachi
|-damage|p2a: Jirachi|16\/404
|-damage|p1a: Dragalge|168\/311|[from] item: Life Orb
|
|-heal|p2a: Jirachi|41\/404|[from] item: Leftovers
|turn|12
|leave|TheGodRyzo
|
|switch|p1a: Krookodile|Krookodile, F|334\/334
|-ability|p1a: Krookodile|Intimidate|[of] p2a: Jirachi
|-unboost|p2a: Jirachi|atk|1
|move|p2a: Jirachi|Stealth Rock|p1a: Krookodile
|-sidestart|p1: TewMew|move: Stealth Rock
|
|-heal|p2a: Jirachi|66\/404|[from] item: Leftovers
|turn|13
|
|move|p1a: Krookodile|Pursuit|p2a: Jirachi
|-supereffective|p2a: Jirachi
|-damage|p2a: Jirachi|0 fnt
|-damage|p1a: Krookodile|301\/334|[from] item: Life Orb
|faint|p2a: Jirachi
|
|leave|DaidZillon
|
|switch|p2a: Whimsicott|Whimsicott, M|261\/261
|turn|14
|
|move|p2a: Whimsicott|Moonblast|p1a: Krookodile
|-supereffective|p1a: Krookodile
|-damage|p1a: Krookodile|0 fnt
|faint|p1a: Krookodile
|
|
|switch|p1a: Aerodactyl|Aerodactyl-Mega, F|341\/359
|-damage|p1a: Aerodactyl|252\/359|[from] Stealth Rock
|turn|15
|
|move|p2a: Whimsicott|Moonblast|p1a: Aerodactyl
|-damage|p1a: Aerodactyl|119\/359
|move|p1a: Aerodactyl|Defog|p2a: Whimsicott
|-unboost|p2a: Whimsicott|evasion|1
|-sideend|p1: TewMew|Stealth Rock|[from] move: Defog|[of] p1a: Aerodactyl
|
|turn|16
|c|âCoolStoryBrobat|Well shucks...
|c|+dodmen|nb
|
|switch|p1a: Dragalge|Dragalge, F|168\/311
|move|p2a: Whimsicott|Moonblast|p1a: Dragalge
|-damage|p1a: Dragalge|60\/311
|
|turn|17
|join|Abortion like you
|c|+dodmen|n
|
|move|p2a: Whimsicott|Moonblast|p1a: Dragalge
|-damage|p1a: Dragalge|0 fnt
|faint|p1a: Dragalge
|
|c|+dodmen|b
|
|switch|p1a: Snorlax|Snorlax, M|172\/493
|turn|18
|
|move|p2a: Whimsicott|U-turn|p1a: Snorlax
|-damage|p1a: Snorlax|127\/493
|
|switch|p2a: Tornadus|Tornadus, M|299\/299
|move|p1a: Snorlax|Rest|p1a: Snorlax
|-status|p1a: Snorlax|slp
|-heal|p1a: Snorlax|493\/493 slp|[silent]
|-status|p1a: Snorlax|slp|[from] move: Rest
|
|turn|19
|
|move|p2a: Tornadus|Superpower|p1a: Snorlax
|-supereffective|p1a: Snorlax
|-damage|p1a: Snorlax|173\/493 slp
|-unboost|p2a: Tornadus|atk|1
|-unboost|p2a: Tornadus|def|1
|-damage|p2a: Tornadus|270\/299|[from] item: Life Orb
|cant|p1a: Snorlax|slp
|move|p1a: Snorlax|Sleep Talk|p1a: Snorlax
|move|p1a: Snorlax|Rest|p1a: Snorlax|[from]Sleep Talk
|-fail|p1a: Snorlax
|
|-heal|p1a: Snorlax|203\/493 slp|[from] item: Leftovers
|turn|20
|
|switch|p1a: Alomomola|Alomomola, M|476\/533
|move|p2a: Tornadus|Superpower|p1a: Alomomola
|-damage|p1a: Alomomola|394\/533
|-damage|p2a: Tornadus|221\/299|[from] item: Rocky Helmet|[of] p1a: Alomomola
|-unboost|p2a: Tornadus|atk|1
|-unboost|p2a: Tornadus|def|1
|-damage|p2a: Tornadus|192\/299|[from] item: Life Orb
|
|turn|21
|
|switch|p1a: Snorlax|Snorlax, M|203\/493 slp
|move|p2a: Tornadus|Hurricane|p1a: Snorlax
|-damage|p1a: Snorlax|26\/493 slp
|-damage|p2a: Tornadus|163\/299|[from] item: Life Orb
|
|-heal|p1a: Snorlax|56\/493 slp|[from] item: Leftovers
|turn|22
|
|move|p2a: Tornadus|Grass Knot|p1a: Snorlax
|-damage|p1a: Snorlax|0 fnt
|-damage|p2a: Tornadus|134\/299|[from] item: Life Orb
|faint|p1a: Snorlax
|
|
|switch|p1a: Aerodactyl|Aerodactyl-Mega, F|119\/359
|turn|23
|
|switch|p2a: Tentacruel|Tentacruel, M|363\/363
|move|p1a: Aerodactyl|Stone Edge|p2a: Tentacruel|[miss]
|-miss|p1a: Aerodactyl|p2a: Tentacruel
|
|turn|24
|
|move|p1a: Aerodactyl|Roost|p1a: Aerodactyl
|-heal|p1a: Aerodactyl|299\/359
|move|p2a: Tentacruel|Scald|p1a: Aerodactyl
|-supereffective|p1a: Aerodactyl
|-damage|p1a: Aerodactyl|123\/359
|-status|p1a: Aerodactyl|brn
|
|-damage|p1a: Aerodactyl|79\/359 brn|[from] brn
|turn|25
|
|move|p1a: Aerodactyl|Stone Edge|p2a: Tentacruel
|-damage|p2a: Tentacruel|282\/363
|move|p2a: Tentacruel|Scald|p1a: Aerodactyl
|-supereffective|p1a: Aerodactyl
|-damage|p1a: Aerodactyl|0 fnt
|faint|p1a: Aerodactyl
|
|-heal|p2a: Tentacruel|304\/363|[from] item: Black Sludge
|
|switch|p1a: Alomomola|Alomomola, M|533\/533
|turn|26
|
|move|p2a: Tentacruel|Toxic Spikes|p1a: Alomomola
|-sidestart|p1: TewMew|move: Toxic Spikes
|move|p1a: Alomomola|Scald|p2a: Tentacruel
|-resisted|p2a: Tentacruel
|-damage|p2a: Tentacruel|283\/363
|
|-heal|p2a: Tentacruel|305\/363|[from] item: Black Sludge
|turn|27
|
|move|p2a: Tentacruel|Toxic Spikes|p1a: Alomomola
|-sidestart|p1: TewMew|move: Toxic Spikes
|move|p1a: Alomomola|Scald|p2a: Tentacruel
|-crit|p2a: Tentacruel
|-resisted|p2a: Tentacruel
|-damage|p2a: Tentacruel|273\/363
|-status|p2a: Tentacruel|brn
|
|-heal|p2a: Tentacruel|295\/363 brn|[from] item: Black Sludge
|-damage|p2a: Tentacruel|250\/363 brn|[from] brn
|turn|28
|
|switch|p2a: Whimsicott|Whimsicott, M|261\/261
|move|p1a: Alomomola|Protect|p1a: Alomomola
|-fail|p1a: Alomomola
|
|turn|29
|c|+dodmen|does that goodra have iron tail?
|
|move|p2a: Whimsicott|Giga Drain|p1a: Alomomola
|-supereffective|p1a: Alomomola
|-damage|p1a: Alomomola|144\/533
|move|p1a: Alomomola|Toxic|p2a: Whimsicott
|-status|p2a: Whimsicott|tox
|
|-damage|p2a: Whimsicott|245\/261 tox|[from] psn
|turn|30
|c|+dodmen|and does that whimsicott have pixie pl8?
|c|âCoolStoryBrobat|Not pixie plate
|c|âCoolStoryBrobat|But Ebelt
|c|+dodmen|oh not even bad
|c|âCoolStoryBrobat|I reckoned everything you use Moonblast for (90% of it) is weak to it anyway
|
|move|p1a: Alomomola|Protect|p1a: Alomomola
|-singleturn|p1a: Alomomola|Protect
|move|p2a: Whimsicott|Giga Drain|p1a: Alomomola
|-activate|p1a: Alomomola|Protect
|
|-damage|p2a: Whimsicott|213\/261 tox|[from] psn
|turn|31
|
|switch|p1a: Whimsicott|Whimsicott, F|323\/323
|-status|p1a: Whimsicott|tox
|move|p2a: Whimsicott|Giga Drain|p1a: Whimsicott
|-resisted|p1a: Whimsicott
|-damage|p1a: Whimsicott|269\/323 tox
|-heal|p2a: Whimsicott|240\/261 tox|[from] drain|[of] p1a: Whimsicott
|
|-heal|p1a: Whimsicott|289\/323 tox|[from] item: Leftovers
|-damage|p2a: Whimsicott|192\/261 tox|[from] psn
|-damage|p1a: Whimsicott|269\/323 tox|[from] psn
|turn|32
|c|âCoolStoryBrobat|Also have this:
|
|move|p2a: Whimsicott|Hidden Power|p1a: Whimsicott
|-supereffective|p1a: Whimsicott
|-damage|p1a: Whimsicott|115\/323 tox
|move|p1a: Whimsicott|Moonblast|p2a: Whimsicott
|-damage|p2a: Whimsicott|81\/261 tox
|
|-heal|p1a: Whimsicott|135\/323 tox|[from] item: Leftovers
|-damage|p2a: Whimsicott|17\/261 tox|[from] psn
|-damage|p1a: Whimsicott|95\/323 tox|[from] psn
|turn|33
|c|+dodmen|that did nothing kek
|
|move|p2a: Whimsicott|Hidden Power|p1a: Whimsicott
|-supereffective|p1a: Whimsicott
|-damage|p1a: Whimsicott|0 fnt
|faint|p1a: Whimsicott
|
|-damage|p2a: Whimsicott|0 fnt|[from] psn
|faint|p2a: Whimsicott
|c|+dodmen|but that is pretty cool
|
|switch|p2a: Goodra|Goodra, F|123\/374
|switch|p1a: Alomomola|Alomomola, M|321\/533
|-status|p1a: Alomomola|tox
|turn|34
|
|move|p2a: Goodra|Power Whip|p1a: Alomomola
|-supereffective|p1a: Alomomola
|-damage|p1a: Alomomola|0 fnt
|-damage|p2a: Goodra|61\/374|[from] item: Rocky Helmet|[of] p1a: Alomomola
|faint|p1a: Alomomola
|
|win|CoolStoryBrobat
|raw|Ladder updating...
|raw|TewMew's rating: 1726 &rarr; <strong>1693<\/strong><br \/>(-33 for losing)
|raw|CoolStoryBrobat's rating: 1461 &rarr; <strong>1494<\/strong><br \/>(+33 for winning)
|c|âTewMew|gg
|c|âCoolStoryBrobat|gg
|leave|TewMew
|player|p1
|c|+dodmen|that is a solid team man
|leave|CoolStoryBrobat
|player|p2
|join|Emma Bae
|leave|dodmen
|leave|Abortion like you
|leave|watfor