|join|TewMew
|join|juancartested
|player|p1|TewMew|43
|player|p2|juancartested|144
|gametype|singles
|gen|6
|tier|UU
|rated
|rule|Sleep Clause Mod: Limit one foe put to sleep
|rule|Species Clause: Limit one of each PokÃ©mon
|rule|OHKO Clause: OHKO moves are banned
|rule|Moody Clause: Moody is banned
|rule|Evasion Moves Clause: Evasion moves are banned
|rule|Endless Battle Clause: Forcing endless battles is banned
|rule|HP Percentage Mod: HP is shown in percentages
|clearpoke
|poke|p1|Alomomola, M
|poke|p1|Krookodile, F
|poke|p1|Crobat, F
|poke|p1|Whimsicott, M
|poke|p1|Snorlax, F
|poke|p1|Ampharos, F
|poke|p2|Forretress, M
|poke|p2|Chandelure, M, shiny
|poke|p2|Chesnaught, M
|poke|p2|Jirachi
|poke|p2|Vaporeon, F
|poke|p2|Mienshao, F, shiny
|rule|Swagger Clause: Swagger is banned
|rule|Baton Pass Clause: Limit one PokÃ©mon knowing Baton Pass
|teampreview
|
|start
|switch|p1a: Crobat|Crobat, F|373\/373
|switch|p2a: Mienshao|Mienshao, F, shiny|271\/271
|turn|1
|
|switch|p2a: Forretress|Forretress, M|353\/353
|move|p1a: Crobat|U-turn|p2a: Forretress
|-resisted|p2a: Forretress
|-damage|p2a: Forretress|338\/353
|
|switch|p1a: Ampharos|Ampharos, F|353\/353
|
|-heal|p2a: Forretress|353\/353|[from] item: Leftovers
|turn|2
|
|detailschange|p1a: Ampharos|Ampharos-Mega, F
|-mega|p1a: Ampharos|Ampharos|Ampharosite
|-ability|p1a: Ampharos|Mold Breaker
|move|p1a: Ampharos|Thunderbolt|p2a: Forretress
|-damage|p2a: Forretress|35\/353
|move|p2a: Forretress|Toxic|p1a: Ampharos
|-status|p1a: Ampharos|tox
|
|-heal|p2a: Forretress|57\/353|[from] item: Leftovers
|-damage|p1a: Ampharos|331\/353 tox|[from] psn
|turn|3
|
|switch|p2a: Chesnaught|Chesnaught, M|380\/380
|move|p1a: Ampharos|Volt Switch|p2a: Chesnaught
|-resisted|p2a: Chesnaught
|-damage|p2a: Chesnaught|272\/380
|
|switch|p1a: Crobat|Crobat, F|373\/373
|
|-heal|p2a: Chesnaught|295\/380|[from] item: Leftovers
|turn|4
|
|move|p2a: Chesnaught|Spiky Shield|p2a: Chesnaught
|-singleturn|p2a: Chesnaught|move: Protect
|move|p1a: Crobat|Brave Bird|p2a: Chesnaught
|-activate|p2a: Chesnaught|move: Protect
|-damage|p1a: Crobat|327\/373|[from] Spiky Shield|[of] p2a: Chesnaught
|
|-heal|p1a: Crobat|350\/373|[from] item: Black Sludge
|-heal|p2a: Chesnaught|318\/380|[from] item: Leftovers
|turn|5
|
|move|p1a: Crobat|U-turn|p2a: Chesnaught
|-damage|p2a: Chesnaught|284\/380
|
|switch|p1a: Whimsicott|Whimsicott, M|323\/323
|move|p2a: Chesnaught|Spikes|p1a: Whimsicott
|-sidestart|p1: TewMew|Spikes
|
|-heal|p2a: Chesnaught|307\/380|[from] item: Leftovers
|turn|6
|
|switch|p2a: Vaporeon|Vaporeon, F|464\/464
|move|p1a: Whimsicott|Moonblast|p2a: Vaporeon
|-damage|p2a: Vaporeon|403\/464
|
|-heal|p2a: Vaporeon|432\/464|[from] item: Leftovers
|turn|7
|
|move|p1a: Whimsicott|Leech Seed|p2a: Vaporeon
|-start|p2a: Vaporeon|move: Leech Seed
|move|p2a: Vaporeon|Wish|p2a: Vaporeon
|
|-heal|p2a: Vaporeon|461\/464|[from] item: Leftovers
|-damage|p2a: Vaporeon|403\/464|[from] Leech Seed|[of] p1a: Whimsicott
|turn|8
|
|switch|p2a: Forretress|Forretress, M|57\/353
|move|p1a: Whimsicott|Moonblast|p2a: Forretress
|-resisted|p2a: Forretress
|-damage|p2a: Forretress|0 fnt
|faint|p2a: Forretress
|
|
|switch|p2a: Chandelure|Chandelure, M, shiny|279\/279
|turn|9
|
|switch|p1a: Snorlax|Snorlax, F|493\/493
|-damage|p1a: Snorlax|432\/493|[from] Spikes
|move|p2a: Chandelure|Substitute|p2a: Chandelure
|-start|p2a: Chandelure|Substitute
|-damage|p2a: Chandelure|210\/279
|
|-heal|p2a: Chandelure|227\/279|[from] item: Leftovers
|-heal|p1a: Snorlax|462\/493|[from] item: Leftovers
|turn|10
|
|switch|p1a: Crobat|Crobat, F|350\/373
|move|p2a: Chandelure|Flamethrower|p1a: Crobat
|-damage|p1a: Crobat|151\/373
|
|-heal|p1a: Crobat|174\/373|[from] item: Black Sludge
|-heal|p2a: Chandelure|244\/279|[from] item: Leftovers
|turn|11
|
|move|p1a: Crobat|Roost|p1a: Crobat
|-heal|p1a: Crobat|361\/373
|move|p2a: Chandelure|Flamethrower|p1a: Crobat
|-damage|p1a: Crobat|153\/373
|
|-heal|p1a: Crobat|176\/373|[from] item: Black Sludge
|-heal|p2a: Chandelure|261\/279|[from] item: Leftovers
|turn|12
|
|switch|p1a: Alomomola|Alomomola, M|533\/533
|-damage|p1a: Alomomola|467\/533|[from] Spikes
|move|p2a: Chandelure|Flamethrower|p1a: Alomomola
|-resisted|p1a: Alomomola
|-damage|p1a: Alomomola|312\/533
|
|-heal|p2a: Chandelure|278\/279|[from] item: Leftovers
|turn|13
|
|switch|p1a: Snorlax|Snorlax, F|462\/493
|-damage|p1a: Snorlax|401\/493|[from] Spikes
|move|p2a: Chandelure|Calm Mind|p2a: Chandelure
|-boost|p2a: Chandelure|spa|1
|-boost|p2a: Chandelure|spd|1
|
|-heal|p2a: Chandelure|279\/279|[from] item: Leftovers
|-heal|p1a: Snorlax|431\/493|[from] item: Leftovers
|turn|14
|
|switch|p1a: Ampharos|Ampharos-Mega, F|331\/353 tox
|-damage|p1a: Ampharos|287\/353 tox|[from] Spikes
|-ability|p1a: Ampharos|Mold Breaker
|move|p2a: Chandelure|Flamethrower|p1a: Ampharos
|-resisted|p1a: Ampharos
|-damage|p1a: Ampharos|167\/353 tox
|
|-damage|p1a: Ampharos|145\/353 tox|[from] psn
|turn|15
|
|move|p2a: Chandelure|Shadow Ball|p1a: Ampharos
|-damage|p1a: Ampharos|0 fnt
|faint|p1a: Ampharos
|
|
|switch|p1a: Krookodile|Krookodile, F|331\/331
|-damage|p1a: Krookodile|290\/331|[from] Spikes
|-activate|p2a: Chandelure|Substitute|ability: Intimidate|[of] p1a: Krookodile
|turn|16
|
|move|p2a: Chandelure|Flamethrower|p1a: Krookodile
|-damage|p1a: Krookodile|0 fnt
|faint|p1a: Krookodile
|
|c|âjuancartested|this thing sucks
|-message|TewMew forfeited.
|leave|TewMew
|
|win|juancartested
|raw|Ladder updating...
|player|p1
|raw|TewMew's rating: 1764 &rarr; <strong>1732<\/strong><br \/>(-32 for losing)
|raw|juancartested's rating: 1525 &rarr; <strong>1557<\/strong><br \/>(+32 for winning)