|join|TewMew
|join|LiberalLucario
|player|p1|TewMew|43
|player|p2|LiberalLucario|265
|gametype|singles
|gen|6
|tier|UU
|rated
|rule|Sleep Clause Mod: Limit one foe put to sleep
|rule|Species Clause: Limit one of each PokÃ©mon
|rule|OHKO Clause: OHKO moves are banned
|rule|Moody Clause: Moody is banned
|rule|Evasion Moves Clause: Evasion moves are banned
|rule|Endless Battle Clause: Forcing endless battles is banned
|rule|HP Percentage Mod: HP is shown in percentages
|clearpoke
|poke|p1|Alomomola, M
|poke|p1|Krookodile, F
|poke|p1|Crobat, F
|poke|p1|Whimsicott, M
|poke|p1|Snorlax, M
|poke|p1|Ampharos, M
|poke|p2|Jirachi
|poke|p2|Hydreigon, F
|poke|p2|Nidoqueen, F
|poke|p2|Blastoise, M
|poke|p2|Celebi
|poke|p2|Snorlax, M
|rule|Swagger Clause: Swagger is banned
|rule|Baton Pass Clause: Limit one PokÃ©mon knowing Baton Pass
|teampreview
|join|finnigans wake
|
|start
|switch|p1a: Krookodile|Krookodile, F|334\/334
|switch|p2a: Jirachi|Jirachi|341\/341
|-ability|p1a: Krookodile|Intimidate|[of] p2a: Jirachi
|-unboost|p2a: Jirachi|atk|1
|turn|1
|
|move|p2a: Jirachi|Energy Ball|p1a: Krookodile
|-supereffective|p1a: Krookodile
|-damage|p1a: Krookodile|48\/334
|-damage|p2a: Jirachi|307\/341|[from] item: Life Orb
|move|p1a: Krookodile|Knock Off|p2a: Jirachi
|-supereffective|p2a: Jirachi
|-damage|p2a: Jirachi|0 fnt
|-enditem|p2a: Jirachi|Life Orb|[from] move: Knock Off|[of] p1a: Krookodile
|-damage|p1a: Krookodile|15\/334|[from] item: Life Orb
|faint|p2a: Jirachi
|
|join|Yellow Skarmory
|
|switch|p2a: Hydreigon|Hydreigon, F|325\/325
|turn|2
|
|switch|p1a: Crobat|Crobat, F|373\/373
|move|p2a: Hydreigon|U-turn|p1a: Crobat
|-resisted|p1a: Crobat
|-damage|p1a: Crobat|355\/373
|
|switch|p2a: Blastoise|Blastoise, M|314\/314
|
|-heal|p1a: Crobat|373\/373|[from] item: Black Sludge
|turn|3
|
|detailschange|p2a: Blastoise|Blastoise-Mega, M
|-mega|p2a: Blastoise|Blastoise|Blastoisinite
|move|p1a: Crobat|U-turn|p2a: Blastoise
|-damage|p2a: Blastoise|266\/314
|
|switch|p1a: Snorlax|Snorlax, M|493\/493
|move|p2a: Blastoise|Ice Beam|p1a: Snorlax
|-damage|p1a: Snorlax|452\/493
|
|-heal|p1a: Snorlax|482\/493|[from] item: Leftovers
|turn|4
|
|switch|p2a: Celebi|Celebi|341\/341
|move|p1a: Snorlax|Frustration|p2a: Celebi
|-damage|p2a: Celebi|205\/341
|
|-heal|p2a: Celebi|226\/341|[from] item: Leftovers
|-heal|p1a: Snorlax|493\/493|[from] item: Leftovers
|turn|5
|
|switch|p1a: Crobat|Crobat, F|373\/373
|move|p2a: Celebi|Zen Headbutt|p1a: Crobat
|-supereffective|p1a: Crobat
|-damage|p1a: Crobat|55\/373
|
|-heal|p1a: Crobat|78\/373|[from] item: Black Sludge
|-heal|p2a: Celebi|247\/341|[from] item: Leftovers
|turn|6
|
|move|p2a: Celebi|Sucker Punch|p1a: Crobat
|-damage|p1a: Crobat|0 fnt
|faint|p1a: Crobat
|
|-heal|p2a: Celebi|268\/341|[from] item: Leftovers
|
|switch|p1a: Whimsicott|Whimsicott, M|323\/323
|turn|7
|
|switch|p2a: Snorlax|Snorlax, M|461\/461
|move|p1a: Whimsicott|U-turn|p2a: Snorlax
|-damage|p2a: Snorlax|411\/461
|
|switch|p1a: Krookodile|Krookodile, F|15\/334
|-ability|p1a: Krookodile|Intimidate|[of] p2a: Snorlax
|-unboost|p2a: Snorlax|atk|1
|
|turn|8
|
|move|p1a: Krookodile|Knock Off|p2a: Snorlax
|-damage|p2a: Snorlax|107\/461
|-enditem|p2a: Snorlax|Choice Band|[from] move: Knock Off|[of] p1a: Krookodile
|-damage|p1a: Krookodile|0 fnt|[from] item: Life Orb
|faint|p1a: Krookodile
|move|p2a: Snorlax|Body Slam|p1: Krookodile|[notarget]
|-notarget
|
|
|switch|p1a: Alomomola|Alomomola, M|533\/533
|turn|9
|
|switch|p2a: Celebi|Celebi|268\/341
|move|p1a: Alomomola|Scald|p2a: Celebi
|-resisted|p2a: Celebi
|-damage|p2a: Celebi|246\/341
|
|-heal|p2a: Celebi|267\/341|[from] item: Leftovers
|turn|10
|
|switch|p1a: Whimsicott|Whimsicott, M|323\/323
|move|p2a: Celebi|Swords Dance|p2a: Celebi
|-boost|p2a: Celebi|atk|2
|
|-heal|p2a: Celebi|288\/341|[from] item: Leftovers
|turn|11
|
|move|p1a: Whimsicott|Encore|p2a: Celebi
|-start|p2a: Celebi|Encore
|move|p2a: Celebi|Swords Dance|p2a: Celebi
|-boost|p2a: Celebi|atk|2
|
|-heal|p2a: Celebi|309\/341|[from] item: Leftovers
|turn|12
|
|switch|p2a: Nidoqueen|Nidoqueen, F|384\/384
|move|p1a: Whimsicott|U-turn|p2a: Nidoqueen
|-resisted|p2a: Nidoqueen
|-damage|p2a: Nidoqueen|369\/384
|
|switch|p1a: Snorlax|Snorlax, M|493\/493
|
|-heal|p2a: Nidoqueen|384\/384|[from] item: Black Sludge
|turn|13
|
|switch|p2a: Blastoise|Blastoise-Mega, M|266\/314
|move|p1a: Snorlax|Curse|p1a: Snorlax
|-boost|p1a: Snorlax|atk|1
|-boost|p1a: Snorlax|def|1
|-unboost|p1a: Snorlax|spe|1
|
|turn|14
|
|move|p2a: Blastoise|Scald|p1a: Snorlax
|-damage|p1a: Snorlax|387\/493
|-status|p1a: Snorlax|brn
|move|p1a: Snorlax|Curse|p1a: Snorlax
|-boost|p1a: Snorlax|atk|1
|-boost|p1a: Snorlax|def|1
|-unboost|p1a: Snorlax|spe|1
|
|-heal|p1a: Snorlax|417\/493 brn|[from] item: Leftovers
|-damage|p1a: Snorlax|356\/493 brn|[from] brn
|turn|15
|
|switch|p2a: Celebi|Celebi|309\/341
|move|p1a: Snorlax|Rest|p1a: Snorlax
|-status|p1a: Snorlax|slp
|-heal|p1a: Snorlax|493\/493 slp|[silent]
|-status|p1a: Snorlax|slp|[from] move: Rest
|
|-heal|p2a: Celebi|330\/341|[from] item: Leftovers
|turn|16
|
|move|p2a: Celebi|Swords Dance|p2a: Celebi
|-boost|p2a: Celebi|atk|2
|cant|p1a: Snorlax|slp
|move|p1a: Snorlax|Sleep Talk|p1a: Snorlax
|move|p1a: Snorlax|Rest|p1a: Snorlax|[from]Sleep Talk
|-fail|p1a: Snorlax
|
|-heal|p2a: Celebi|341\/341|[from] item: Leftovers
|turn|17
|
|move|p2a: Celebi|Swords Dance|p2a: Celebi
|-boost|p2a: Celebi|atk|2
|cant|p1a: Snorlax|slp
|move|p1a: Snorlax|Sleep Talk|p1a: Snorlax
|move|p1a: Snorlax|Rest|p1a: Snorlax|[from]Sleep Talk
|-fail|p1a: Snorlax
|
|turn|18
|
|move|p2a: Celebi|Zen Headbutt|p1a: Snorlax
|-damage|p1a: Snorlax|244\/493 slp
|-curestatus|p1a: Snorlax|slp
|move|p1a: Snorlax|Frustration|p2a: Celebi
|-damage|p2a: Celebi|92\/341
|
|-heal|p2a: Celebi|113\/341|[from] item: Leftovers
|-heal|p1a: Snorlax|274\/493|[from] item: Leftovers
|turn|19
|
|move|p2a: Celebi|Zen Headbutt|p1a: Snorlax
|-damage|p1a: Snorlax|28\/493
|move|p1a: Snorlax|Frustration|p2a: Celebi
|-crit|p2a: Celebi
|-damage|p2a: Celebi|0 fnt
|faint|p2a: Celebi
|
|-heal|p1a: Snorlax|58\/493|[from] item: Leftovers
|
|switch|p2a: Blastoise|Blastoise-Mega, M|266\/314
|turn|20
|
|switch|p1a: Whimsicott|Whimsicott, M|323\/323
|move|p2a: Blastoise|Scald|p1a: Whimsicott
|-resisted|p1a: Whimsicott
|-damage|p1a: Whimsicott|216\/323
|
|-heal|p1a: Whimsicott|236\/323|[from] item: Leftovers
|turn|21
|
|move|p1a: Whimsicott|Encore|p2a: Blastoise
|-start|p2a: Blastoise|Encore
|move|p2a: Blastoise|Scald|p1a: Whimsicott
|-resisted|p1a: Whimsicott
|-damage|p1a: Whimsicott|143\/323
|-status|p1a: Whimsicott|brn
|
|-heal|p1a: Whimsicott|163\/323 brn|[from] item: Leftovers
|-damage|p1a: Whimsicott|123\/323 brn|[from] brn
|turn|22
|
|switch|p2a: Nidoqueen|Nidoqueen, F|384\/384
|move|p1a: Whimsicott|Leech Seed|p2a: Nidoqueen
|-start|p2a: Nidoqueen|move: Leech Seed
|
|-heal|p1a: Whimsicott|143\/323 brn|[from] item: Leftovers
|-damage|p2a: Nidoqueen|336\/384|[from] Leech Seed|[of] p1a: Whimsicott
|-heal|p1a: Whimsicott|191\/323 brn|[silent]
|-damage|p1a: Whimsicott|151\/323 brn|[from] brn
|turn|23
|join|Last Earth
|
|move|p1a: Whimsicott|U-turn|p2a: Nidoqueen
|-resisted|p2a: Nidoqueen
|-damage|p2a: Nidoqueen|330\/384
|
|switch|p1a: Alomomola|Alomomola, M|533\/533
|move|p2a: Nidoqueen|Sludge Wave|p1a: Alomomola
|-damage|p1a: Alomomola|332\/533
|
|-heal|p2a: Nidoqueen|354\/384|[from] item: Black Sludge
|-damage|p2a: Nidoqueen|306\/384|[from] Leech Seed|[of] p1a: Alomomola
|-heal|p1a: Alomomola|380\/533|[silent]
|turn|24
|
|switch|p2a: Blastoise|Blastoise-Mega, M|266\/314
|switch|p1a: Snorlax|Snorlax, M|58\/493
|
|-heal|p1a: Snorlax|88\/493|[from] item: Leftovers
|turn|25
|
|switch|p1a: Ampharos|Ampharos, M|354\/354
|move|p2a: Blastoise|Scald|p1a: Ampharos
|-damage|p1a: Ampharos|171\/354
|
|turn|26
|
|move|p2a: Blastoise|Ice Beam|p1a: Ampharos
|-damage|p1a: Ampharos|47\/354
|move|p1a: Ampharos|Thunderbolt|p2a: Blastoise
|-supereffective|p2a: Blastoise
|-damage|p2a: Blastoise|0 fnt
|faint|p2a: Blastoise
|
|
|switch|p2a: Hydreigon|Hydreigon, F|325\/325
|turn|27
|join|BenzMafia
|
|detailschange|p1a: Ampharos|Ampharos-Mega, M
|-mega|p1a: Ampharos|Ampharos|Ampharosite
|-ability|p1a: Ampharos|Mold Breaker
|move|p2a: Hydreigon|Dark Pulse|p1a: Ampharos
|-crit|p1a: Ampharos
|-damage|p1a: Ampharos|0 fnt
|faint|p1a: Ampharos
|
|
|switch|p1a: Whimsicott|Whimsicott, M|151\/323 brn
|turn|28
|
|switch|p2a: Nidoqueen|Nidoqueen, F|306\/384
|move|p1a: Whimsicott|Leech Seed|p2a: Nidoqueen
|-start|p2a: Nidoqueen|move: Leech Seed
|
|-heal|p1a: Whimsicott|171\/323 brn|[from] item: Leftovers
|-heal|p2a: Nidoqueen|330\/384|[from] item: Black Sludge
|-damage|p2a: Nidoqueen|282\/384|[from] Leech Seed|[of] p1a: Whimsicott
|-heal|p1a: Whimsicott|219\/323 brn|[silent]
|-damage|p1a: Whimsicott|179\/323 brn|[from] brn
|turn|29
|
|switch|p2a: Hydreigon|Hydreigon, F|325\/325
|move|p1a: Whimsicott|U-turn|p2a: Hydreigon
|-supereffective|p2a: Hydreigon
|-damage|p2a: Hydreigon|281\/325
|
|switch|p1a: Snorlax|Snorlax, M|88\/493
|
|-heal|p1a: Snorlax|118\/493|[from] item: Leftovers
|turn|30
|
|switch|p1a: Whimsicott|Whimsicott, M|179\/323 brn
|move|p2a: Hydreigon|Draco Meteor|p1a: Whimsicott
|-immune|p1a: Whimsicott|[msg]
|
|-heal|p1a: Whimsicott|199\/323 brn|[from] item: Leftovers
|-damage|p1a: Whimsicott|159\/323 brn|[from] brn
|turn|31
|
|switch|p2a: Snorlax|Snorlax, M|107\/461
|move|p1a: Whimsicott|Leech Seed|p2a: Snorlax
|-start|p2a: Snorlax|move: Leech Seed
|
|-heal|p1a: Whimsicott|179\/323 brn|[from] item: Leftovers
|-damage|p2a: Snorlax|50\/461|[from] Leech Seed|[of] p1a: Whimsicott
|-heal|p1a: Whimsicott|236\/323 brn|[silent]
|-damage|p1a: Whimsicott|196\/323 brn|[from] brn
|turn|32
|
|move|p1a: Whimsicott|Moonblast|p2a: Snorlax
|-damage|p2a: Snorlax|0 fnt
|faint|p2a: Snorlax
|
|-heal|p1a: Whimsicott|216\/323 brn|[from] item: Leftovers
|-damage|p1a: Whimsicott|176\/323 brn|[from] brn
|
|switch|p2a: Nidoqueen|Nidoqueen, F|282\/384
|turn|33
|
|move|p1a: Whimsicott|Leech Seed|p2a: Nidoqueen
|-start|p2a: Nidoqueen|move: Leech Seed
|move|p2a: Nidoqueen|Toxic Spikes|p1a: Whimsicott
|-sidestart|p1: TewMew|move: Toxic Spikes
|
|-heal|p1a: Whimsicott|196\/323 brn|[from] item: Leftovers
|-heal|p2a: Nidoqueen|306\/384|[from] item: Black Sludge
|-damage|p2a: Nidoqueen|258\/384|[from] Leech Seed|[of] p1a: Whimsicott
|-heal|p1a: Whimsicott|244\/323 brn|[silent]
|-damage|p1a: Whimsicott|204\/323 brn|[from] brn
|turn|34
|
|move|p1a: Whimsicott|U-turn|p2a: Nidoqueen
|-resisted|p2a: Nidoqueen
|-damage|p2a: Nidoqueen|252\/384
|
|switch|p1a: Snorlax|Snorlax, M|118\/493
|-status|p1a: Snorlax|psn
|move|p2a: Nidoqueen|Sludge Wave|p1a: Snorlax
|-damage|p1a: Snorlax|40\/493 psn
|
|-heal|p2a: Nidoqueen|276\/384|[from] item: Black Sludge
|-heal|p1a: Snorlax|70\/493 psn|[from] item: Leftovers
|-damage|p2a: Nidoqueen|228\/384|[from] Leech Seed|[of] p1a: Snorlax
|-heal|p1a: Snorlax|118\/493 psn|[silent]
|-damage|p1a: Snorlax|57\/493 psn|[from] psn
|turn|35
|
|move|p2a: Nidoqueen|Sludge Wave|p1a: Snorlax
|-crit|p1a: Snorlax
|-damage|p1a: Snorlax|0 fnt
|faint|p1a: Snorlax
|
|-heal|p2a: Nidoqueen|252\/384|[from] item: Black Sludge
|
|switch|p1a: Alomomola|Alomomola, M|533\/533
|-status|p1a: Alomomola|psn
|turn|36
|
|switch|p2a: Hydreigon|Hydreigon, F|281\/325
|move|p1a: Alomomola|Scald|p2a: Hydreigon
|-resisted|p2a: Hydreigon
|-damage|p2a: Hydreigon|256\/325
|
|-damage|p1a: Alomomola|467\/533 psn|[from] psn
|turn|37
|
|move|p2a: Hydreigon|Dark Pulse|p1a: Alomomola
|-damage|p1a: Alomomola|203\/533 psn
|move|p1a: Alomomola|Wish|p1a: Alomomola
|
|-damage|p1a: Alomomola|137\/533 psn|[from] psn
|turn|38
|
|switch|p2a: Nidoqueen|Nidoqueen, F|252\/384
|switch|p1a: Whimsicott|Whimsicott, M|204\/323 brn
|
|-heal|p1a: Whimsicott|323\/323 brn|[from] move: Wish|[wisher] Alomomola
|-heal|p2a: Nidoqueen|276\/384|[from] item: Black Sludge
|-damage|p1a: Whimsicott|283\/323 brn|[from] brn
|turn|39
|
|move|p1a: Whimsicott|U-turn|p2a: Nidoqueen
|-resisted|p2a: Nidoqueen
|-damage|p2a: Nidoqueen|269\/384
|leave|Last Earth
|
|switch|p1a: Alomomola|Alomomola, M|314\/533 psn
|move|p2a: Nidoqueen|Sludge Wave|p1a: Alomomola
|-damage|p1a: Alomomola|95\/533 psn
|
|-heal|p2a: Nidoqueen|293\/384|[from] item: Black Sludge
|-damage|p1a: Alomomola|29\/533 psn|[from] psn
|turn|40
|-message|TewMew forfeited.
|leave|TewMew
|
|win|LiberalLucario
|raw|Ladder updating...
|player|p1
|raw|TewMew's rating: 1666 &rarr; <strong>1639<\/strong><br \/>(-27 for losing)
|raw|LiberalLucario's rating: 1549 &rarr; <strong>1575<\/strong><br \/>(+26 for winning)