|join|TewMew
|join|morgan threeman
|player|p1|TewMew|43
|player|p2|morgan threeman|10
|gametype|singles
|gen|6
|tier|UU
|rated
|rule|Sleep Clause Mod: Limit one foe put to sleep
|rule|Species Clause: Limit one of each PokÃ©mon
|rule|OHKO Clause: OHKO moves are banned
|rule|Moody Clause: Moody is banned
|rule|Evasion Moves Clause: Evasion moves are banned
|rule|Endless Battle Clause: Forcing endless battles is banned
|rule|HP Percentage Mod: HP is shown in percentages
|clearpoke
|poke|p1|Slowking, F
|poke|p1|Florges, F
|poke|p1|Aerodactyl, F
|poke|p1|Shaymin
|poke|p1|Snorlax, F
|poke|p1|Moltres
|poke|p2|Lopunny, M, shiny
|poke|p2|Krookodile, M
|poke|p2|Raikou
|poke|p2|Crobat, F
|poke|p2|Suicune
|poke|p2|Jirachi
|rule|Swagger Clause: Swagger is banned
|rule|Baton Pass Clause: Limit one PokÃ©mon knowing Baton Pass
|teampreview
|
|start
|switch|p1a: Moltres|Moltres|383\/383
|switch|p2a: Raikou|Raikou|321\/321
|-ability|p2a: Raikou|Pressure
|-ability|p1a: Moltres|Pressure
|turn|1
|
|switch|p1a: Snorlax|Snorlax, F|493\/493
|move|p2a: Raikou|Volt Switch|p1a: Snorlax
|-damage|p1a: Snorlax|414\/493
|
|switch|p2a: Lopunny|Lopunny, M, shiny|271\/271
|
|-heal|p1a: Snorlax|444\/493|[from] item: Leftovers
|turn|2
|
|switch|p1a: Slowking|Slowking, F|394\/394
|detailschange|p2a: Lopunny|Lopunny-Mega, M, shiny
|message|Lopunny has Mega Evolved into Mega Lopunny!
|move|p2a: Lopunny|High Jump Kick|p1a: Slowking
|-resisted|p1a: Slowking
|-damage|p1a: Slowking|295\/394
|
|-heal|p1a: Slowking|319\/394|[from] item: Leftovers
|turn|3
|
|switch|p2a: Suicune|Suicune|367\/367
|-ability|p2a: Suicune|Pressure
|move|p1a: Slowking|Scald|p2a: Suicune
|-crit|p2a: Suicune
|-resisted|p2a: Suicune
|-damage|p2a: Suicune|299\/367
|
|-heal|p2a: Suicune|321\/367|[from] item: Leftovers
|-heal|p1a: Slowking|343\/394|[from] item: Leftovers
|turn|4
|
|switch|p1a: Shaymin|Shaymin|404\/404
|move|p2a: Suicune|Calm Mind|p2a: Suicune
|-boost|p2a: Suicune|spa|1
|-boost|p2a: Suicune|spd|1
|
|-heal|p2a: Suicune|343\/367|[from] item: Leftovers
|turn|5
|
|switch|p2a: Crobat|Crobat, F|321\/321
|move|p1a: Shaymin|Leech Seed|p2a: Crobat
|-start|p2a: Crobat|move: Leech Seed
|
|-damage|p2a: Crobat|281\/321|[from] Leech Seed|[of] p1a: Shaymin
|turn|6
|
|move|p2a: Crobat|U-turn|p1a: Shaymin
|-supereffective|p1a: Shaymin
|-damage|p1a: Shaymin|310\/404
|
|switch|p2a: Jirachi|Jirachi|341\/341
|move|p1a: Shaymin|Leech Seed|p2a: Jirachi
|-start|p2a: Jirachi|move: Leech Seed
|
|-heal|p1a: Shaymin|335\/404|[from] item: Leftovers
|-damage|p2a: Jirachi|299\/341|[from] Leech Seed|[of] p1a: Shaymin
|-heal|p1a: Shaymin|377\/404|[silent]
|turn|7
|
|move|p2a: Jirachi|U-turn|p1a: Shaymin
|-supereffective|p1a: Shaymin
|-damage|p1a: Shaymin|271\/404
|
|switch|p2a: Crobat|Crobat, F|281\/321
|move|p1a: Shaymin|Leech Seed|p2a: Crobat
|-start|p2a: Crobat|move: Leech Seed
|
|-heal|p1a: Shaymin|296\/404|[from] item: Leftovers
|-damage|p2a: Crobat|241\/321|[from] Leech Seed|[of] p1a: Shaymin
|-heal|p1a: Shaymin|336\/404|[silent]
|turn|8
|
|switch|p1a: Aerodactyl|Aerodactyl, F|363\/363
|-ability|p1a: Aerodactyl|Pressure
|move|p2a: Crobat|Brave Bird|p1a: Aerodactyl
|-resisted|p1a: Aerodactyl
|-damage|p1a: Aerodactyl|260\/363
|-damage|p2a: Crobat|207\/321|[from] recoil|[of] p1a: Aerodactyl
|
|-damage|p2a: Crobat|167\/321|[from] Leech Seed|[of] p1a: Aerodactyl
|-heal|p1a: Aerodactyl|300\/363|[silent]
|turn|9
|
|switch|p2a: Jirachi|Jirachi|299\/341
|detailschange|p1a: Aerodactyl|Aerodactyl-Mega, F
|message|Aerodactyl has Mega Evolved into Mega Aerodactyl!
|move|p1a: Aerodactyl|Aerial Ace|p2a: Jirachi
|-resisted|p2a: Jirachi
|-damage|p2a: Jirachi|235\/341
|
|turn|10
|
|switch|p1a: Slowking|Slowking, F|394\/394
|move|p2a: Jirachi|Iron Head|p1a: Slowking
|-resisted|p1a: Slowking
|-damage|p1a: Slowking|343\/394
|
|-heal|p1a: Slowking|367\/394|[from] item: Leftovers
|turn|11
|
|switch|p2a: Raikou|Raikou|321\/321
|-ability|p2a: Raikou|Pressure
|move|p1a: Slowking|Toxic|p2a: Raikou
|-status|p2a: Raikou|tox
|
|-heal|p1a: Slowking|391\/394|[from] item: Leftovers
|-damage|p2a: Raikou|301\/321 tox|[from] psn
|turn|12
|
|move|p2a: Raikou|Volt Switch|p1a: Slowking
|-supereffective|p1a: Slowking
|-damage|p1a: Slowking|158\/394
|
|switch|p2a: Suicune|Suicune|343\/367
|-ability|p2a: Suicune|Pressure
|move|p1a: Slowking|Scald|p2a: Suicune
|-resisted|p2a: Suicune
|-damage|p2a: Suicune|303\/367
|
|-heal|p2a: Suicune|325\/367|[from] item: Leftovers
|-heal|p1a: Slowking|182\/394|[from] item: Leftovers
|turn|13
|
|switch|p1a: Shaymin|Shaymin|336\/404
|move|p2a: Suicune|Substitute|p2a: Suicune
|-start|p2a: Suicune|Substitute
|-damage|p2a: Suicune|234\/367
|
|-heal|p1a: Shaymin|361\/404|[from] item: Leftovers
|-heal|p2a: Suicune|256\/367|[from] item: Leftovers
|turn|14
|
|move|p1a: Shaymin|Seed Flare|p2a: Suicune
|-supereffective|p2a: Suicune
|-end|p2a: Suicune|Substitute
|move|p2a: Suicune|Ice Beam|p1a: Shaymin
|-supereffective|p1a: Shaymin
|-damage|p1a: Shaymin|173\/404
|
|-heal|p1a: Shaymin|198\/404|[from] item: Leftovers
|-heal|p2a: Suicune|278\/367|[from] item: Leftovers
|turn|15
|
|switch|p2a: Crobat|Crobat, F|167\/321
|move|p1a: Shaymin|Leech Seed|p2a: Crobat
|-start|p2a: Crobat|move: Leech Seed
|
|-heal|p1a: Shaymin|223\/404|[from] item: Leftovers
|-damage|p2a: Crobat|127\/321|[from] Leech Seed|[of] p1a: Shaymin
|-heal|p1a: Shaymin|263\/404|[silent]
|turn|16
|
|move|p2a: Crobat|Roost|p2a: Crobat
|-heal|p2a: Crobat|288\/321
|move|p1a: Shaymin|Psychic|p2a: Crobat
|-supereffective|p2a: Crobat
|-damage|p2a: Crobat|120\/321
|
|-heal|p1a: Shaymin|288\/404|[from] item: Leftovers
|-damage|p2a: Crobat|80\/321|[from] Leech Seed|[of] p1a: Shaymin
|-heal|p1a: Shaymin|328\/404|[silent]
|turn|17
|
|switch|p1a: Aerodactyl|Aerodactyl-Mega, F|300\/363
|move|p2a: Crobat|Roost|p2a: Crobat
|-heal|p2a: Crobat|241\/321
|
|-damage|p2a: Crobat|201\/321|[from] Leech Seed|[of] p1a: Aerodactyl
|-heal|p1a: Aerodactyl|340\/363|[silent]
|turn|18
|
|switch|p2a: Krookodile|Krookodile, M|331\/331
|-ability|p2a: Krookodile|Intimidate|[of] p1a: Aerodactyl
|-unboost|p1a: Aerodactyl|atk|1
|move|p1a: Aerodactyl|Earthquake|p2a: Krookodile
|-damage|p2a: Krookodile|250\/331
|
|turn|19
|
|move|p1a: Aerodactyl|Aerial Ace|p2a: Krookodile
|-damage|p2a: Krookodile|160\/331
|move|p2a: Krookodile|Stealth Rock|p1a: Aerodactyl
|-sidestart|p1: TewMew|move: Stealth Rock
|
|turn|20
|
|switch|p2a: Raikou|Raikou|301\/321 tox
|-ability|p2a: Raikou|Pressure
|move|p1a: Aerodactyl|Defog|p2a: Raikou
|-unboost|p2a: Raikou|evasion|1
|-sideend|p1: TewMew|Stealth Rock|[from] move: Defog|[of] p1a: Aerodactyl
|
|-damage|p2a: Raikou|281\/321 tox|[from] psn
|turn|21
|
|switch|p1a: Snorlax|Snorlax, F|444\/493
|move|p2a: Raikou|Volt Switch|p1a: Snorlax
|-damage|p1a: Snorlax|372\/493
|
|switch|p2a: Lopunny|Lopunny-Mega, M, shiny|271\/271
|
|-heal|p1a: Snorlax|402\/493|[from] item: Leftovers
|turn|22
|
|switch|p1a: Aerodactyl|Aerodactyl-Mega, F|340\/363
|move|p2a: Lopunny|Frustration|p1a: Aerodactyl
|-crit|p1a: Aerodactyl
|-resisted|p1a: Aerodactyl
|-damage|p1a: Aerodactyl|226\/363
|
|turn|23
|
|switch|p2a: Jirachi|Jirachi|235\/341
|move|p1a: Aerodactyl|Roost|p1a: Aerodactyl
|-heal|p1a: Aerodactyl|363\/363
|
|turn|24
|
|move|p2a: Jirachi|U-turn|p1a: Aerodactyl
|-resisted|p1a: Aerodactyl
|-damage|p1a: Aerodactyl|332\/363
|
|switch|p2a: Crobat|Crobat, F|201\/321
|move|p1a: Aerodactyl|Earthquake|p2a: Crobat
|-immune|p2a: Crobat|[msg]
|
|turn|25
|
|switch|p2a: Jirachi|Jirachi|235\/341
|move|p1a: Aerodactyl|Aerial Ace|p2a: Jirachi
|-resisted|p2a: Jirachi
|-damage|p2a: Jirachi|176\/341
|
|turn|26
|
|switch|p1a: Slowking|Slowking, F|313\/394
|move|p2a: Jirachi|Iron Head|p1a: Slowking
|-resisted|p1a: Slowking
|-damage|p1a: Slowking|268\/394
|
|-heal|p1a: Slowking|292\/394|[from] item: Leftovers
|turn|27
|
|switch|p2a: Raikou|Raikou|281\/321 tox
|-ability|p2a: Raikou|Pressure
|move|p1a: Slowking|Toxic|p2a: Raikou
|-fail|p2a: Raikou|tox
|
|-heal|p1a: Slowking|316\/394|[from] item: Leftovers
|-damage|p2a: Raikou|261\/321 tox|[from] psn
|turn|28
|
|move|p2a: Raikou|Thunderbolt|p1a: Slowking
|-supereffective|p1a: Slowking
|-damage|p1a: Slowking|0 fnt
|faint|p1a: Slowking
|
|-damage|p2a: Raikou|221\/321 tox|[from] psn
|
|switch|p1a: Snorlax|Snorlax, F|402\/493
|turn|29
|
|move|p2a: Raikou|Volt Switch|p1a: Snorlax
|-damage|p1a: Snorlax|323\/493
|
|switch|p2a: Krookodile|Krookodile, M|160\/331
|-ability|p2a: Krookodile|Intimidate|[of] p1a: Snorlax
|-unboost|p1a: Snorlax|atk|1
|move|p1a: Snorlax|Frustration|p2a: Krookodile
|-damage|p2a: Krookodile|58\/331
|
|-heal|p1a: Snorlax|353\/493|[from] item: Leftovers
|turn|30
|
|switch|p1a: Aerodactyl|Aerodactyl-Mega, F|332\/363
|move|p2a: Krookodile|Stealth Rock|p1a: Aerodactyl
|-sidestart|p1: TewMew|move: Stealth Rock
|
|turn|31
|
|move|p1a: Aerodactyl|Defog|p2a: Krookodile
|-unboost|p2a: Krookodile|evasion|1
|-sideend|p1: TewMew|Stealth Rock|[from] move: Defog|[of] p1a: Aerodactyl
|move|p2a: Krookodile|Stealth Rock|p1a: Aerodactyl
|-sidestart|p1: TewMew|move: Stealth Rock
|
|turn|32
|
|move|p1a: Aerodactyl|Aerial Ace|p2a: Krookodile
|-damage|p2a: Krookodile|0 fnt
|faint|p2a: Krookodile
|
|
|switch|p2a: Jirachi|Jirachi|176\/341
|turn|33
|
|switch|p1a: Moltres|Moltres|383\/383
|-damage|p1a: Moltres|192\/383|[from] Stealth Rock
|-ability|p1a: Moltres|Pressure
|move|p2a: Jirachi|Iron Head|p1a: Moltres
|-resisted|p1a: Moltres
|-damage|p1a: Moltres|125\/383
|
|-heal|p1a: Moltres|148\/383|[from] item: Leftovers
|turn|34
|
|switch|p2a: Suicune|Suicune|278\/367
|-ability|p2a: Suicune|Pressure
|move|p1a: Moltres|Defog|p2a: Suicune
|-unboost|p2a: Suicune|evasion|1
|-sideend|p1: TewMew|Stealth Rock|[from] move: Defog|[of] p1a: Moltres
|
|-heal|p2a: Suicune|300\/367|[from] item: Leftovers
|-heal|p1a: Moltres|171\/383|[from] item: Leftovers
|turn|35
|c|âmorgan threeman|lol really
|
|switch|p1a: Shaymin|Shaymin|328\/404
|move|p2a: Suicune|Substitute|p2a: Suicune
|-start|p2a: Suicune|Substitute
|-damage|p2a: Suicune|209\/367
|
|-heal|p1a: Shaymin|353\/404|[from] item: Leftovers
|-heal|p2a: Suicune|231\/367|[from] item: Leftovers
|turn|36
|
|move|p1a: Shaymin|Seed Flare|p2a: Suicune
|-supereffective|p2a: Suicune
|-end|p2a: Suicune|Substitute
|move|p2a: Suicune|Ice Beam|p1a: Shaymin
|-supereffective|p1a: Shaymin
|-damage|p1a: Shaymin|177\/404
|
|-heal|p1a: Shaymin|202\/404|[from] item: Leftovers
|-heal|p2a: Suicune|253\/367|[from] item: Leftovers
|turn|37
|
|move|p1a: Shaymin|Leech Seed|p2a: Suicune
|-start|p2a: Suicune|move: Leech Seed
|move|p2a: Suicune|Ice Beam|p1a: Shaymin
|-supereffective|p1a: Shaymin
|-damage|p1a: Shaymin|26\/404
|-status|p1a: Shaymin|frz
|
|-heal|p1a: Shaymin|51\/404 frz|[from] item: Leftovers
|-heal|p2a: Suicune|275\/367|[from] item: Leftovers
|-damage|p2a: Suicune|230\/367|[from] Leech Seed|[of] p1a: Shaymin
|-heal|p1a: Shaymin|96\/404 frz|[silent]
|turn|38
|c|âmorgan threeman|sorry
|
|switch|p1a: Snorlax|Snorlax, F|353\/493
|switch|p2a: Lopunny|Lopunny-Mega, M, shiny|271\/271
|
|-heal|p1a: Snorlax|383\/493|[from] item: Leftovers
|turn|39
|
|switch|p1a: Florges|Florges, F|359\/359
|move|p2a: Lopunny|High Jump Kick|p1a: Florges
|-resisted|p1a: Florges
|-damage|p1a: Florges|242\/359
|
|-heal|p1a: Florges|264\/359|[from] item: Leftovers
|turn|40
|
|switch|p2a: Jirachi|Jirachi|176\/341
|move|p1a: Florges|Moonblast|p2a: Jirachi
|-resisted|p2a: Jirachi
|-damage|p2a: Jirachi|118\/341
|
|-heal|p1a: Florges|286\/359|[from] item: Leftovers
|turn|41
|
|switch|p1a: Moltres|Moltres|171\/383
|-ability|p1a: Moltres|Pressure
|move|p2a: Jirachi|Iron Head|p1a: Moltres
|-resisted|p1a: Moltres
|-damage|p1a: Moltres|110\/383
|
|-heal|p1a: Moltres|133\/383|[from] item: Leftovers
|turn|42
|
|switch|p2a: Raikou|Raikou|221\/321 tox
|-ability|p2a: Raikou|Pressure
|move|p1a: Moltres|Will-O-Wisp|p2a: Raikou
|-fail|p2a: Raikou
|
|-heal|p1a: Moltres|156\/383|[from] item: Leftovers
|-damage|p2a: Raikou|201\/321 tox|[from] psn
|turn|43
|
|switch|p1a: Florges|Florges, F|286\/359
|move|p2a: Raikou|Volt Switch|p1a: Florges
|-damage|p1a: Florges|211\/359
|
|switch|p2a: Jirachi|Jirachi|118\/341
|
|-heal|p1a: Florges|233\/359|[from] item: Leftovers
|turn|44
|
|move|p2a: Jirachi|U-turn|p1a: Florges
|-resisted|p1a: Florges
|-damage|p1a: Florges|201\/359
|
|switch|p2a: Crobat|Crobat, F|201\/321
|move|p1a: Florges|Synthesis|p1a: Florges
|-heal|p1a: Florges|359\/359
|
|turn|45
|
|move|p2a: Crobat|U-turn|p1a: Florges
|-resisted|p1a: Florges
|-damage|p1a: Florges|327\/359
|
|switch|p2a: Jirachi|Jirachi|118\/341
|move|p1a: Florges|Calm Mind|p1a: Florges
|-boost|p1a: Florges|spa|1
|-boost|p1a: Florges|spd|1
|
|-heal|p1a: Florges|349\/359|[from] item: Leftovers
|turn|46
|
|switch|p1a: Moltres|Moltres|156\/383
|-ability|p1a: Moltres|Pressure
|move|p2a: Jirachi|Iron Head|p1a: Moltres
|-resisted|p1a: Moltres
|-damage|p1a: Moltres|96\/383
|
|-heal|p1a: Moltres|119\/383|[from] item: Leftovers
|turn|47
|
|switch|p2a: Raikou|Raikou|201\/321 tox
|-ability|p2a: Raikou|Pressure
|move|p1a: Moltres|Roost|p1a: Moltres
|-heal|p1a: Moltres|311\/383
|
|-heal|p1a: Moltres|334\/383|[from] item: Leftovers
|-damage|p2a: Raikou|181\/321 tox|[from] psn
|turn|48
|
|move|p2a: Raikou|Volt Switch|p1a: Moltres
|-supereffective|p1a: Moltres
|-damage|p1a: Moltres|104\/383
|
|switch|p2a: Suicune|Suicune|230\/367
|-ability|p2a: Suicune|Pressure
|move|p1a: Moltres|Roost|p1a: Moltres
|-heal|p1a: Moltres|296\/383
|
|-heal|p2a: Suicune|252\/367|[from] item: Leftovers
|-heal|p1a: Moltres|319\/383|[from] item: Leftovers
|turn|49
|
|move|p2a: Suicune|Substitute|p2a: Suicune
|-start|p2a: Suicune|Substitute
|-damage|p2a: Suicune|161\/367
|move|p1a: Moltres|Will-O-Wisp|p2a: Suicune
|
|-heal|p2a: Suicune|183\/367|[from] item: Leftovers
|-heal|p1a: Moltres|342\/383|[from] item: Leftovers
|turn|50
|
|switch|p1a: Snorlax|Snorlax, F|383\/493
|move|p2a: Suicune|Calm Mind|p2a: Suicune
|-boost|p2a: Suicune|spa|1
|-boost|p2a: Suicune|spd|1
|
|-heal|p2a: Suicune|205\/367|[from] item: Leftovers
|-heal|p1a: Snorlax|413\/493|[from] item: Leftovers
|turn|51
|
|move|p2a: Suicune|Calm Mind|p2a: Suicune
|-boost|p2a: Suicune|spa|1
|-boost|p2a: Suicune|spd|1
|move|p1a: Snorlax|Curse|p1a: Snorlax
|-boost|p1a: Snorlax|atk|1
|-boost|p1a: Snorlax|def|1
|-unboost|p1a: Snorlax|spe|1
|
|-heal|p2a: Suicune|227\/367|[from] item: Leftovers
|-heal|p1a: Snorlax|443\/493|[from] item: Leftovers
|turn|52
|
|move|p2a: Suicune|Scald|p1a: Snorlax
|-damage|p1a: Snorlax|280\/493
|move|p1a: Snorlax|Frustration|p2a: Suicune
|-crit|p2a: Suicune
|-end|p2a: Suicune|Substitute
|
|-heal|p2a: Suicune|249\/367|[from] item: Leftovers
|-heal|p1a: Snorlax|310\/493|[from] item: Leftovers
|turn|53
|
|move|p2a: Suicune|Scald|p1a: Snorlax
|-damage|p1a: Snorlax|147\/493
|move|p1a: Snorlax|Frustration|p2a: Suicune
|-damage|p2a: Suicune|65\/367
|
|-heal|p2a: Suicune|87\/367|[from] item: Leftovers
|-heal|p1a: Snorlax|177\/493|[from] item: Leftovers
|turn|54
|
|move|p2a: Suicune|Scald|p1a: Snorlax
|-damage|p1a: Snorlax|3\/493
|move|p1a: Snorlax|Frustration|p2a: Suicune
|-damage|p2a: Suicune|0 fnt
|faint|p2a: Suicune
|
|-heal|p1a: Snorlax|33\/493|[from] item: Leftovers
|
|switch|p2a: Jirachi|Jirachi|118\/341
|turn|55
|
|switch|p1a: Moltres|Moltres|342\/383
|-ability|p1a: Moltres|Pressure
|move|p2a: Jirachi|U-turn|p1a: Moltres
|-crit|p1a: Moltres
|-resisted|p1a: Moltres
|-damage|p1a: Moltres|317\/383
|
|switch|p2a: Raikou|Raikou|181\/321 tox
|-ability|p2a: Raikou|Pressure
|
|-heal|p1a: Moltres|340\/383|[from] item: Leftovers
|-damage|p2a: Raikou|161\/321 tox|[from] psn
|turn|56
|
|move|p2a: Raikou|Thunderbolt|p1a: Moltres
|-supereffective|p1a: Moltres
|-damage|p1a: Moltres|45\/383
|move|p1a: Moltres|Roost|p1a: Moltres
|-heal|p1a: Moltres|237\/383
|
|-heal|p1a: Moltres|260\/383|[from] item: Leftovers
|-damage|p2a: Raikou|121\/321 tox|[from] psn
|turn|57
|
|switch|p1a: Florges|Florges, F|349\/359
|move|p2a: Raikou|Volt Switch|p1a: Florges
|-damage|p1a: Florges|271\/359
|
|switch|p2a: Jirachi|Jirachi|118\/341
|
|-heal|p1a: Florges|293\/359|[from] item: Leftovers
|turn|58
|
|switch|p1a: Moltres|Moltres|260\/383
|-ability|p1a: Moltres|Pressure
|move|p2a: Jirachi|Iron Head|p1a: Moltres
|-resisted|p1a: Moltres
|-damage|p1a: Moltres|194\/383
|
|-heal|p1a: Moltres|217\/383|[from] item: Leftovers
|turn|59
|
|switch|p2a: Crobat|Crobat, F|201\/321
|move|p1a: Moltres|Flamethrower|p2a: Crobat
|-damage|p2a: Crobat|57\/321
|
|-heal|p1a: Moltres|240\/383|[from] item: Leftovers
|turn|60
|
|move|p2a: Crobat|Brave Bird|p1a: Moltres
|-damage|p1a: Moltres|21\/383
|-damage|p2a: Crobat|0 fnt|[from] recoil|[of] p1a: Moltres
|faint|p2a: Crobat
|move|p1a: Moltres|Roost|p1a: Moltres
|-heal|p1a: Moltres|213\/383
|
|-heal|p1a: Moltres|236\/383|[from] item: Leftovers
|
|switch|p2a: Lopunny|Lopunny-Mega, M, shiny|271\/271
|turn|61
|
|switch|p1a: Aerodactyl|Aerodactyl-Mega, F|332\/363
|move|p2a: Lopunny|Fake Out|p1a: Aerodactyl
|-resisted|p1a: Aerodactyl
|-damage|p1a: Aerodactyl|300\/363
|
|turn|62
|
|move|p2a: Lopunny|Ice Punch|p1a: Aerodactyl
|-crit|p1a: Aerodactyl
|-supereffective|p1a: Aerodactyl
|-damage|p1a: Aerodactyl|66\/363
|move|p1a: Aerodactyl|Earthquake|p2a: Lopunny
|-crit|p2a: Lopunny
|-damage|p2a: Lopunny|107\/271
|
|turn|63
|
|switch|p1a: Snorlax|Snorlax, F|33\/493
|move|p2a: Lopunny|Frustration|p1a: Snorlax
|-damage|p1a: Snorlax|0 fnt
|faint|p1a: Snorlax
|
|c|âmorgan threeman|slow maero
|
|switch|p1a: Florges|Florges, F|293\/359
|turn|64
|
|move|p2a: Lopunny|Frustration|p1a: Florges
|-damage|p1a: Florges|119\/359
|move|p1a: Florges|Moonblast|p2a: Lopunny
|-supereffective|p2a: Lopunny
|-damage|p2a: Lopunny|0 fnt
|faint|p2a: Lopunny
|
|-heal|p1a: Florges|141\/359|[from] item: Leftovers
|
|switch|p2a: Jirachi|Jirachi|118\/341
|turn|65
|
|switch|p1a: Moltres|Moltres|236\/383
|-ability|p1a: Moltres|Pressure
|move|p2a: Jirachi|Zen Headbutt|p1a: Moltres
|-damage|p1a: Moltres|122\/383
|
|-heal|p1a: Moltres|145\/383|[from] item: Leftovers
|turn|66
|
|move|p2a: Jirachi|Zen Headbutt|p1a: Moltres
|-damage|p1a: Moltres|15\/383
|cant|p1a: Moltres|flinch
|
|-heal|p1a: Moltres|38\/383|[from] item: Leftovers
|turn|67
|
|move|p2a: Jirachi|Zen Headbutt|p1a: Moltres
|-damage|p1a: Moltres|0 fnt
|faint|p1a: Moltres
|
|
|switch|p1a: Florges|Florges, F|141\/359
|turn|68
|
|switch|p2a: Raikou|Raikou|121\/321 tox
|-ability|p2a: Raikou|Pressure
|move|p1a: Florges|Synthesis|p1a: Florges
|-heal|p1a: Florges|320\/359
|
|-heal|p1a: Florges|342\/359|[from] item: Leftovers
|-damage|p2a: Raikou|101\/321 tox|[from] psn
|turn|69
|
|move|p2a: Raikou|Thunderbolt|p1a: Florges
|-damage|p1a: Florges|240\/359
|move|p1a: Florges|Calm Mind|p1a: Florges
|-boost|p1a: Florges|spa|1
|-boost|p1a: Florges|spd|1
|
|-heal|p1a: Florges|262\/359|[from] item: Leftovers
|-damage|p2a: Raikou|61\/321 tox|[from] psn
|turn|70
|
|switch|p2a: Jirachi|Jirachi|118\/341
|move|p1a: Florges|Calm Mind|p1a: Florges
|-boost|p1a: Florges|spa|1
|-boost|p1a: Florges|spd|1
|
|-heal|p1a: Florges|284\/359|[from] item: Leftovers
|turn|71
|
|move|p2a: Jirachi|Iron Head|p1a: Florges
|-supereffective|p1a: Florges
|-damage|p1a: Florges|56\/359
|cant|p1a: Florges|flinch
|
|-heal|p1a: Florges|78\/359|[from] item: Leftovers
|turn|72
|
|move|p2a: Jirachi|Iron Head|p1a: Florges
|-supereffective|p1a: Florges
|-damage|p1a: Florges|0 fnt
|faint|p1a: Florges
|
|
|switch|p1a: Shaymin|Shaymin|96\/404
|turn|73
|
|move|p2a: Jirachi|Iron Head|p1a: Shaymin
|-crit|p1a: Shaymin
|-damage|p1a: Shaymin|0 fnt
|faint|p1a: Shaymin
|
|
|switch|p1a: Aerodactyl|Aerodactyl-Mega, F|66\/363
|turn|74
|c|âmorgan threeman|very good game man
|
|move|p2a: Jirachi|Iron Head|p1a: Aerodactyl
|-supereffective|p1a: Aerodactyl
|-damage|p1a: Aerodactyl|0 fnt
|faint|p1a: Aerodactyl
|
|win|morgan threeman
|raw|Ladder updating...
|leave|TewMew
|player|p1
|raw|TewMew's rating: 1401 &rarr; <strong>1374<\/strong><br \/>(-27 for losing)
|raw|morgan threeman's rating: 1281 &rarr; <strong>1314<\/strong><br \/>(+33 for winning)