|join|TewMew
|join|beancount
|player|p1|TewMew|43
|player|p2|beancount|2
|gametype|singles
|gen|6
|tier|UU
|rated
|rule|Sleep Clause Mod: Limit one foe put to sleep
|rule|Species Clause: Limit one of each PokÃ©mon
|rule|OHKO Clause: OHKO moves are banned
|rule|Moody Clause: Moody is banned
|rule|Evasion Moves Clause: Evasion moves are banned
|rule|Endless Battle Clause: Forcing endless battles is banned
|rule|HP Percentage Mod: HP is shown in percentages
|clearpoke
|poke|p1|Alomomola, M
|poke|p1|Krookodile, F
|poke|p1|Empoleon, M
|poke|p1|Whimsicott, F
|poke|p1|Snorlax, F
|poke|p1|Abomasnow, M
|poke|p2|Porygon-Z
|poke|p2|Galvantula, F
|poke|p2|Beedrill, F
|poke|p2|Suicune
|poke|p2|Donphan, M
|poke|p2|Pawniard, F
|rule|Swagger Clause: Swagger is banned
|rule|Baton Pass Clause: Limit one PokÃ©mon knowing Baton Pass
|teampreview
|c|âbeancount|omg
|
|start
|switch|p1a: Snorlax|Snorlax, F|493\/493
|switch|p2a: Porygon-Z|Porygon-Z|311\/311
|turn|1
|
|move|p2a: Porygon-Z|Nasty Plot|p2a: Porygon-Z
|-boost|p2a: Porygon-Z|spa|2
|move|p1a: Snorlax|Frustration|p2a: Porygon-Z
|-damage|p2a: Porygon-Z|148\/311
|
|turn|2
|
|move|p2a: Porygon-Z|Tri Attack|p1a: Snorlax
|-crit|p1a: Snorlax
|-damage|p1a: Snorlax|33\/493
|move|p1a: Snorlax|Frustration|p2a: Porygon-Z
|-damage|p2a: Porygon-Z|0 fnt
|faint|p2a: Porygon-Z
|
|-heal|p1a: Snorlax|63\/493|[from] item: Leftovers
|
|switch|p2a: Beedrill|Beedrill, F|271\/271
|turn|3
|
|switch|p1a: Alomomola|Alomomola, M|533\/533
|detailschange|p2a: Beedrill|Beedrill-Mega, F
|-mega|p2a: Beedrill|Beedrill|Beedrillite
|move|p2a: Beedrill|X-Scissor|p1a: Alomomola
|-damage|p1a: Alomomola|367\/533
|-damage|p2a: Beedrill|226\/271|[from] item: Rocky Helmet|[of] p1a: Alomomola
|
|turn|4
|
|move|p2a: Beedrill|Swords Dance|p2a: Beedrill
|-boost|p2a: Beedrill|atk|2
|move|p1a: Alomomola|Scald|p2a: Beedrill
|-damage|p2a: Beedrill|172\/271
|
|turn|5
|
|move|p2a: Beedrill|Swords Dance|p2a: Beedrill
|-boost|p2a: Beedrill|atk|2
|move|p1a: Alomomola|Scald|p2a: Beedrill
|-damage|p2a: Beedrill|112\/271
|
|turn|6
|
|switch|p1a: Snorlax|Snorlax, F|63\/493
|move|p2a: Beedrill|X-Scissor|p1a: Snorlax
|-damage|p1a: Snorlax|0 fnt
|faint|p1a: Snorlax
|
|
|switch|p1a: Empoleon|Empoleon, M|371\/371
|turn|7
|
|move|p2a: Beedrill|Drill Run|p1a: Empoleon
|-supereffective|p1a: Empoleon
|-damage|p1a: Empoleon|0 fnt
|faint|p1a: Empoleon
|
|
|switch|p1a: Krookodile|Krookodile, F|334\/334
|-ability|p1a: Krookodile|Intimidate|[of] p2a: Beedrill
|-unboost|p2a: Beedrill|atk|1
|turn|8
|
|switch|p1a: Whimsicott|Whimsicott, F|323\/323
|move|p2a: Beedrill|X-Scissor|p1a: Whimsicott
|-damage|p1a: Whimsicott|0 fnt
|faint|p1a: Whimsicott
|
|
|switch|p1a: Krookodile|Krookodile, F|334\/334
|-ability|p1a: Krookodile|Intimidate|[of] p2a: Beedrill
|-unboost|p2a: Beedrill|atk|1
|turn|9
|
|move|p2a: Beedrill|Swords Dance|p2a: Beedrill
|-boost|p2a: Beedrill|atk|2
|move|p1a: Krookodile|Earthquake|p2a: Beedrill
|-damage|p2a: Beedrill|0 fnt
|-damage|p1a: Krookodile|301\/334|[from] item: Life Orb
|faint|p2a: Beedrill
|
|
|switch|p2a: Suicune|Suicune|404\/404
|-ability|p2a: Suicune|Pressure
|turn|10
|
|switch|p1a: Abomasnow|Abomasnow, M|383\/383
|switch|p2a: Pawniard|Pawniard, F|231\/231
|
|turn|11
|
|switch|p1a: Alomomola|Alomomola, M|533\/533
|move|p2a: Pawniard|Iron Head|p1a: Alomomola
|-resisted|p1a: Alomomola
|-damage|p1a: Alomomola|482\/533
|-damage|p2a: Pawniard|193\/231|[from] item: Rocky Helmet|[of] p1a: Alomomola
|
|turn|12
|
|move|p1a: Alomomola|Wish|p1a: Alomomola
|move|p2a: Pawniard|Substitute|p2a: Pawniard
|-start|p2a: Pawniard|Substitute
|-damage|p2a: Pawniard|136\/231
|
|turn|13
|
|switch|p1a: Krookodile|Krookodile, F|301\/334
|-activate|p2a: Pawniard|Substitute|ability: Intimidate|[of] p1a: Krookodile
|move|p2a: Pawniard|Swords Dance|p2a: Pawniard
|-boost|p2a: Pawniard|atk|2
|
|-heal|p1a: Krookodile|334\/334|[from] move: Wish|[wisher] Alomomola
|turn|14
|
|move|p1a: Krookodile|Earthquake|p2a: Pawniard
|-supereffective|p2a: Pawniard
|-end|p2a: Pawniard|Substitute
|-damage|p1a: Krookodile|301\/334|[from] item: Life Orb
|move|p2a: Pawniard|Iron Head|p1a: Krookodile
|-crit|p1a: Krookodile
|-damage|p1a: Krookodile|0 fnt
|faint|p1a: Krookodile
|
|
|switch|p1a: Alomomola|Alomomola, M|533\/533
|turn|15
|
|move|p1a: Alomomola|Scald|p2a: Pawniard
|-damage|p2a: Pawniard|75\/231
|move|p2a: Pawniard|Substitute|p2a: Pawniard
|-start|p2a: Pawniard|Substitute
|-damage|p2a: Pawniard|18\/231
|
|turn|16
|
|move|p2a: Pawniard|Sucker Punch|p1a: Alomomola
|-damage|p1a: Alomomola|341\/533
|-damage|p2a: Pawniard|0 fnt|[from] item: Rocky Helmet|[of] p1a: Alomomola
|faint|p2a: Pawniard
|move|p1a: Alomomola|Scald|p2: Pawniard|[notarget]
|-notarget
|
|
|switch|p2a: Galvantula|Galvantula, F|281\/281
|turn|17
|
|move|p1a: Alomomola|Protect|p1a: Alomomola
|-singleturn|p1a: Alomomola|Protect
|move|p2a: Galvantula|Thunder|p1a: Alomomola
|-activate|p1a: Alomomola|Protect
|
|turn|18
|
|move|p2a: Galvantula|Thunder|p1a: Alomomola
|-supereffective|p1a: Alomomola
|-damage|p1a: Alomomola|0 fnt
|faint|p1a: Alomomola
|
|
|switch|p1a: Abomasnow|Abomasnow, M|383\/383
|turn|19
|
|move|p2a: Galvantula|Thunder|p1a: Abomasnow
|-resisted|p1a: Abomasnow
|-damage|p1a: Abomasnow|295\/383
|move|p1a: Abomasnow|Swords Dance|p1a: Abomasnow
|-boost|p1a: Abomasnow|atk|2
|
|turn|20
|
|switch|p2a: Donphan|Donphan, M|383\/383
|move|p1a: Abomasnow|Earthquake|p2a: Donphan
|-damage|p2a: Donphan|196\/383
|
|turn|21
|
|detailschange|p1a: Abomasnow|Abomasnow-Mega, M
|-mega|p1a: Abomasnow|Abomasnow|Abomasite
|-weather|Hail
|move|p2a: Donphan|Ice Shard|p1a: Abomasnow
|-damage|p1a: Abomasnow|245\/383
|move|p1a: Abomasnow|Swords Dance|p1a: Abomasnow
|-boost|p1a: Abomasnow|atk|2
|
|-weather|Hail|[upkeep]
|-damage|p2a: Donphan|173\/383|[from] hail
|turn|22
|
|move|p2a: Donphan|Ice Shard|p1a: Abomasnow
|-damage|p1a: Abomasnow|195\/383
|move|p1a: Abomasnow|Ice Shard|p2a: Donphan
|-supereffective|p2a: Donphan
|-damage|p2a: Donphan|0 fnt
|faint|p2a: Donphan
|
|-weather|Hail|[upkeep]
|
|switch|p2a: Galvantula|Galvantula, F|281\/281
|turn|23
|
|move|p1a: Abomasnow|Ice Shard|p2a: Galvantula
|-enditem|p2a: Galvantula|Focus Sash
|-damage|p2a: Galvantula|1\/281
|move|p2a: Galvantula|Bug Buzz|p1a: Abomasnow
|-crit|p1a: Abomasnow
|-supereffective|p1a: Abomasnow
|-damage|p1a: Abomasnow|0 fnt
|faint|p1a: Abomasnow
|
|win|beancount
|raw|Ladder updating...
|raw|TewMew's rating: 1639 &rarr; <strong>1605<\/strong><br \/>(-34 for losing)
|raw|beancount's rating: 1356 &rarr; <strong>1389<\/strong><br \/>(+33 for winning)
|leave|TewMew
|player|p1