|join|TewMew
|join|zongthedong
|player|p1|TewMew|43
|player|p2|zongthedong|265
|gametype|singles
|gen|6
|tier|UU
|rule|Sleep Clause Mod: Limit one foe put to sleep
|rule|Species Clause: Limit one of each PokÃ©mon
|rule|OHKO Clause: OHKO moves are banned
|rule|Moody Clause: Moody is banned
|rule|Evasion Moves Clause: Evasion moves are banned
|rule|Endless Battle Clause: Forcing endless battles is banned
|rule|HP Percentage Mod: HP is shown in percentages
|clearpoke
|poke|p1|Alomomola, M
|poke|p1|Krookodile, F
|poke|p1|Houndoom, M
|poke|p1|Whimsicott, F
|poke|p1|Snorlax, M
|poke|p1|Crobat, M
|poke|p2|Lucario, M
|poke|p2|Nidoqueen, F
|poke|p2|Hydreigon, M
|poke|p2|Suicune, shiny
|poke|p2|Jirachi
|poke|p2|Aerodactyl, M
|rule|Swagger Clause: Swagger is banned
|rule|Baton Pass Clause: Limit one PokÃ©mon knowing Baton Pass
|teampreview
|
|start
|switch|p1a: Krookodile|Krookodile, F|355\/355
|switch|p2a: Lucario|Lucario, M|281\/281
|-ability|p1a: Krookodile|Intimidate|[of] p2a: Lucario
|-unboost|p2a: Lucario|atk|1
|turn|1
|
|switch|p1a: Crobat|Crobat, M|373\/373
|move|p2a: Lucario|Aura Sphere|p1a: Crobat
|-resisted|p1a: Crobat
|-damage|p1a: Crobat|318\/373
|-damage|p2a: Lucario|253\/281|[from] item: Life Orb
|
|-heal|p1a: Crobat|341\/373|[from] item: Black Sludge
|turn|2
|
|switch|p2a: Aerodactyl|Aerodactyl, M|301\/301
|-ability|p2a: Aerodactyl|Pressure
|move|p1a: Crobat|U-turn|p2a: Aerodactyl
|-resisted|p2a: Aerodactyl
|-damage|p2a: Aerodactyl|265\/301
|
|switch|p1a: Alomomola|Alomomola, M|533\/533
|
|turn|3
|
|switch|p2a: Nidoqueen|Nidoqueen, F|383\/383
|move|p1a: Alomomola|Toxic|p2a: Nidoqueen
|-fail|p2a: Nidoqueen
|
|turn|4
|
|switch|p1a: Krookodile|Krookodile, F|355\/355
|-ability|p1a: Krookodile|Intimidate|[of] p2a: Nidoqueen
|-unboost|p2a: Nidoqueen|atk|1
|move|p2a: Nidoqueen|Toxic Spikes|p1a: Krookodile
|-sidestart|p1: TewMew|move: Toxic Spikes
|
|turn|5
|
|switch|p2a: Hydreigon|Hydreigon, M|325\/325
|move|p1a: Krookodile|Earthquake|p2a: Hydreigon
|-immune|p2a: Hydreigon|[msg]
|
|turn|6
|
|switch|p1a: Snorlax|Snorlax, M|493\/493
|-status|p1a: Snorlax|psn
|move|p2a: Hydreigon|Draco Meteor|p1a: Snorlax
|-damage|p1a: Snorlax|286\/493 psn
|-unboost|p2a: Hydreigon|spa|2
|-damage|p2a: Hydreigon|293\/325|[from] item: Life Orb
|
|-heal|p1a: Snorlax|316\/493 psn|[from] item: Leftovers
|-damage|p1a: Snorlax|255\/493 psn|[from] psn
|turn|7
|
|switch|p1a: Crobat|Crobat, M|341\/373
|move|p2a: Hydreigon|Taunt|p1a: Crobat
|-start|p1a: Crobat|move: Taunt
|
|-heal|p1a: Crobat|364\/373|[from] item: Black Sludge
|turn|8
|
|switch|p2a: Aerodactyl|Aerodactyl, M|265\/301
|-ability|p2a: Aerodactyl|Pressure
|move|p1a: Crobat|U-turn|p2a: Aerodactyl
|-crit|p2a: Aerodactyl
|-resisted|p2a: Aerodactyl
|-damage|p2a: Aerodactyl|208\/301
|
|switch|p1a: Alomomola|Alomomola, M|533\/533
|-status|p1a: Alomomola|psn
|
|-damage|p1a: Alomomola|467\/533 psn|[from] psn
|turn|9
|
|switch|p2a: Nidoqueen|Nidoqueen, F|383\/383
|move|p1a: Alomomola|Wish|p1a: Alomomola
|
|-damage|p1a: Alomomola|401\/533 psn|[from] psn
|turn|10
|
|switch|p1a: Snorlax|Snorlax, M|255\/493 psn
|move|p2a: Nidoqueen|Stealth Rock|p1a: Snorlax
|-sidestart|p1: TewMew|move: Stealth Rock
|
|-heal|p1a: Snorlax|493\/493 psn|[from] move: Wish|[wisher] Alomomola
|-damage|p1a: Snorlax|432\/493 psn|[from] psn
|turn|11
|
|move|p2a: Nidoqueen|Earthquake|p1a: Snorlax
|-damage|p1a: Snorlax|300\/493 psn
|move|p1a: Snorlax|Rest|p1a: Snorlax
|-status|p1a: Snorlax|slp
|-heal|p1a: Snorlax|493\/493 slp|[silent]
|-status|p1a: Snorlax|slp|[from] move: Rest
|
|turn|12
|
|switch|p2a: Jirachi|Jirachi|344\/344
|cant|p1a: Snorlax|slp
|move|p1a: Snorlax|Sleep Talk|p1a: Snorlax
|move|p1a: Snorlax|Rest|p1a: Snorlax|[from]Sleep Talk
|-fail|p1a: Snorlax
|
|turn|13
|
|move|p2a: Jirachi|U-turn|p1a: Snorlax
|-damage|p1a: Snorlax|412\/493 slp
|
|switch|p2a: Lucario|Lucario, M|253\/281
|cant|p1a: Snorlax|slp
|move|p1a: Snorlax|Sleep Talk|p1a: Snorlax
|move|p1a: Snorlax|Frustration|p2a: Lucario|[from]Sleep Talk
|-resisted|p2a: Lucario
|-damage|p2a: Lucario|172\/281
|
|-heal|p1a: Snorlax|442\/493 slp|[from] item: Leftovers
|turn|14
|
|switch|p1a: Crobat|Crobat, M|364\/373
|-damage|p1a: Crobat|271\/373|[from] Stealth Rock
|move|p2a: Lucario|Nasty Plot|p2a: Lucario
|-boost|p2a: Lucario|spa|2
|
|-heal|p1a: Crobat|294\/373|[from] item: Black Sludge
|turn|15
|
|switch|p2a: Aerodactyl|Aerodactyl, M|208\/301
|-ability|p2a: Aerodactyl|Pressure
|move|p1a: Crobat|Brave Bird|p2a: Aerodactyl
|-resisted|p2a: Aerodactyl
|-damage|p2a: Aerodactyl|101\/301
|-damage|p1a: Crobat|259\/373|[from] recoil|[of] p2a: Aerodactyl
|
|-heal|p1a: Crobat|282\/373|[from] item: Black Sludge
|turn|16
|
|detailschange|p2a: Aerodactyl|Aerodactyl-Mega, M
|message|Aerodactyl has Mega Evolved into Mega Aerodactyl!
|move|p2a: Aerodactyl|Pursuit|p1a: Crobat|[from]Pursuit
|-damage|p1a: Crobat|119\/373
|switch|p1a: Alomomola|Alomomola, M|533\/533 psn
|-damage|p1a: Alomomola|467\/533 psn|[from] Stealth Rock
|
|-damage|p1a: Alomomola|401\/533 psn|[from] psn
|turn|17
|
|move|p2a: Aerodactyl|Roost|p2a: Aerodactyl
|-heal|p2a: Aerodactyl|252\/301
|move|p1a: Alomomola|Wish|p1a: Alomomola
|
|-damage|p1a: Alomomola|335\/533 psn|[from] psn
|turn|18
|
|switch|p2a: Hydreigon|Hydreigon, M|293\/325
|move|p1a: Alomomola|Scald|p2a: Hydreigon
|-resisted|p2a: Hydreigon
|-damage|p2a: Hydreigon|266\/325
|-status|p2a: Hydreigon|brn
|
|-heal|p1a: Alomomola|533\/533 psn|[from] move: Wish|[wisher] Alomomola
|-damage|p2a: Hydreigon|226\/325 brn|[from] brn
|-damage|p1a: Alomomola|467\/533 psn|[from] psn
|turn|19
|
|move|p1a: Alomomola|Protect|p1a: Alomomola
|-singleturn|p1a: Alomomola|Protect
|move|p2a: Hydreigon|Roost|p2a: Hydreigon
|-heal|p2a: Hydreigon|325\/325 brn
|
|-damage|p2a: Hydreigon|285\/325 brn|[from] brn
|-damage|p1a: Alomomola|401\/533 psn|[from] psn
|turn|20
|
|switch|p1a: Snorlax|Snorlax, M|442\/493 slp
|-damage|p1a: Snorlax|381\/493 slp|[from] Stealth Rock
|move|p2a: Hydreigon|Dark Pulse|p1a: Snorlax
|-damage|p1a: Snorlax|248\/493 slp
|-damage|p2a: Hydreigon|253\/325 brn|[from] item: Life Orb
|
|-heal|p1a: Snorlax|278\/493 slp|[from] item: Leftovers
|-damage|p2a: Hydreigon|213\/325 brn|[from] brn
|turn|21
|
|move|p2a: Hydreigon|Dark Pulse|p1a: Snorlax
|-damage|p1a: Snorlax|153\/493 slp
|-damage|p2a: Hydreigon|181\/325 brn|[from] item: Life Orb
|-curestatus|p1a: Snorlax|slp
|move|p1a: Snorlax|Rest|p1a: Snorlax
|-status|p1a: Snorlax|slp
|-heal|p1a: Snorlax|493\/493 slp|[silent]
|-status|p1a: Snorlax|slp|[from] move: Rest
|
|-damage|p2a: Hydreigon|141\/325 brn|[from] brn
|turn|22
|
|move|p2a: Hydreigon|Roost|p2a: Hydreigon
|-heal|p2a: Hydreigon|304\/325 brn
|cant|p1a: Snorlax|slp
|move|p1a: Snorlax|Sleep Talk|p1a: Snorlax
|move|p1a: Snorlax|Frustration|p2a: Hydreigon|[from]Sleep Talk
|-damage|p2a: Hydreigon|159\/325 brn
|
|-damage|p2a: Hydreigon|119\/325 brn|[from] brn
|turn|23
|
|switch|p2a: Jirachi|Jirachi|344\/344
|cant|p1a: Snorlax|slp
|move|p1a: Snorlax|Sleep Talk|p1a: Snorlax
|move|p1a: Snorlax|Rest|p1a: Snorlax|[from]Sleep Talk
|-fail|p1a: Snorlax
|
|turn|24
|
|switch|p1a: Alomomola|Alomomola, M|533\/533 psn
|-damage|p1a: Alomomola|467\/533 psn|[from] Stealth Rock
|move|p2a: Jirachi|U-turn|p1a: Alomomola
|-damage|p1a: Alomomola|411\/533 psn
|-damage|p2a: Jirachi|287\/344|[from] item: Rocky Helmet|[of] p1a: Alomomola
|
|switch|p2a: Suicune|Suicune, shiny|404\/404
|-ability|p2a: Suicune|Pressure
|
|-damage|p1a: Alomomola|345\/533 psn|[from] psn
|turn|25
|
|switch|p1a: Snorlax|Snorlax, M|493\/493 slp
|-damage|p1a: Snorlax|432\/493 slp|[from] Stealth Rock
|move|p2a: Suicune|Substitute|p2a: Suicune
|-start|p2a: Suicune|Substitute
|-damage|p2a: Suicune|303\/404
|
|-heal|p2a: Suicune|328\/404|[from] item: Leftovers
|-heal|p1a: Snorlax|462\/493 slp|[from] item: Leftovers
|turn|26
|
|move|p2a: Suicune|Calm Mind|p2a: Suicune
|-boost|p2a: Suicune|spa|1
|-boost|p2a: Suicune|spd|1
|-curestatus|p1a: Snorlax|slp
|move|p1a: Snorlax|Curse|p1a: Snorlax
|-boost|p1a: Snorlax|atk|1
|-boost|p1a: Snorlax|def|1
|-unboost|p1a: Snorlax|spe|1
|
|-heal|p2a: Suicune|353\/404|[from] item: Leftovers
|-heal|p1a: Snorlax|492\/493|[from] item: Leftovers
|turn|27
|
|move|p2a: Suicune|Calm Mind|p2a: Suicune
|-boost|p2a: Suicune|spa|1
|-boost|p2a: Suicune|spd|1
|move|p1a: Snorlax|Frustration|p2a: Suicune
|-end|p2a: Suicune|Substitute
|
|-heal|p2a: Suicune|378\/404|[from] item: Leftovers
|-heal|p1a: Snorlax|493\/493|[from] item: Leftovers
|turn|28
|
|move|p2a: Suicune|Scald|p1a: Snorlax
|-damage|p1a: Snorlax|348\/493
|move|p1a: Snorlax|Frustration|p2a: Suicune
|-damage|p2a: Suicune|194\/404
|
|-heal|p2a: Suicune|219\/404|[from] item: Leftovers
|-heal|p1a: Snorlax|378\/493|[from] item: Leftovers
|turn|29
|
|move|p2a: Suicune|Scald|p1a: Snorlax
|-damage|p1a: Snorlax|233\/493
|move|p1a: Snorlax|Frustration|p2a: Suicune
|-damage|p2a: Suicune|53\/404
|
|-heal|p2a: Suicune|78\/404|[from] item: Leftovers
|-heal|p1a: Snorlax|263\/493|[from] item: Leftovers
|turn|30
|
|move|p2a: Suicune|Scald|p1a: Snorlax
|-damage|p1a: Snorlax|118\/493
|-status|p1a: Snorlax|brn
|move|p1a: Snorlax|Rest|p1a: Snorlax
|-status|p1a: Snorlax|slp
|-heal|p1a: Snorlax|493\/493 slp|[silent]
|-status|p1a: Snorlax|slp|[from] move: Rest
|
|-heal|p2a: Suicune|103\/404|[from] item: Leftovers
|turn|31
|
|switch|p2a: Jirachi|Jirachi|287\/344
|cant|p1a: Snorlax|slp
|move|p1a: Snorlax|Sleep Talk|p1a: Snorlax
|move|p1a: Snorlax|Frustration|p2a: Jirachi|[from]Sleep Talk
|-resisted|p2a: Jirachi
|-damage|p2a: Jirachi|186\/344
|
|turn|32
|
|switch|p1a: Alomomola|Alomomola, M|522\/533 psn
|-damage|p1a: Alomomola|456\/533 psn|[from] Stealth Rock
|move|p2a: Jirachi|Trick|p1a: Alomomola
|-activate|p2a: Jirachi|move: Trick|[of] p1a: Alomomola
|-item|p1a: Alomomola|Choice Scarf|[from] move: Trick
|-item|p2a: Jirachi|Rocky Helmet|[from] move: Trick
|
|-damage|p1a: Alomomola|390\/533 psn|[from] psn
|turn|33
|
|move|p2a: Jirachi|Healing Wish|p2a: Jirachi
|faint|p2a: Jirachi
|move|p1a: Alomomola|Wish|p1a: Alomomola
|
|-damage|p1a: Alomomola|324\/533 psn|[from] psn
|
|switch|p2a: Lucario|Lucario, M|172\/281
|-heal|p2a: Lucario|281\/281|[from] move: Healing Wish
|turn|34
|
|switch|p1a: Whimsicott|Whimsicott, F|323\/323
|-damage|p1a: Whimsicott|283\/323|[from] Stealth Rock
|-status|p1a: Whimsicott|psn
|move|p2a: Lucario|Flash Cannon|p1a: Whimsicott
|-supereffective|p1a: Whimsicott
|-damage|p1a: Whimsicott|0 fnt
|-damage|p2a: Lucario|253\/281|[from] item: Life Orb
|faint|p1a: Whimsicott
|
|
|switch|p1a: Crobat|Crobat, M|119\/373
|-damage|p1a: Crobat|26\/373|[from] Stealth Rock
|turn|35
|
|move|p1a: Crobat|Defog|p2a: Lucario
|-unboost|p2a: Lucario|evasion|1
|-sideend|p1: TewMew|Toxic Spikes|[from] move: Defog|[of] p1a: Crobat
|-sideend|p1: TewMew|Stealth Rock|[from] move: Defog|[of] p1a: Crobat
|move|p2a: Lucario|Flash Cannon|p1a: Crobat
|-damage|p1a: Crobat|0 fnt
|-damage|p2a: Lucario|225\/281|[from] item: Life Orb
|faint|p1a: Crobat
|
|
|switch|p1a: Houndoom|Houndoom, M|353\/353
|turn|36
|
|switch|p2a: Suicune|Suicune, shiny|103\/404
|-ability|p2a: Suicune|Pressure
|detailschange|p1a: Houndoom|Houndoom-Mega, M
|message|Houndoom has Mega Evolved into Mega Houndoom!
|move|p1a: Houndoom|Fire Blast|p2a: Suicune
|-resisted|p2a: Suicune
|-damage|p2a: Suicune|2\/404
|
|-heal|p2a: Suicune|27\/404|[from] item: Leftovers
|turn|37
|
|move|p1a: Houndoom|Dark Pulse|p2a: Suicune
|-damage|p2a: Suicune|0 fnt
|faint|p2a: Suicune
|
|
|switch|p2a: Aerodactyl|Aerodactyl-Mega, M|252\/301
|turn|38
|
|move|p2a: Aerodactyl|Pursuit|p1a: Houndoom|[from]Pursuit
|-resisted|p1a: Houndoom
|-damage|p1a: Houndoom|283\/353
|switch|p1a: Krookodile|Krookodile, F|355\/355
|-ability|p1a: Krookodile|Intimidate|[of] p2a: Aerodactyl
|-unboost|p2a: Aerodactyl|atk|1
|
|turn|39
|
|switch|p2a: Hydreigon|Hydreigon, M|119\/325 brn
|move|p1a: Krookodile|Stealth Rock|p2a: Hydreigon
|-sidestart|p2: zongthedong|move: Stealth Rock
|
|-damage|p2a: Hydreigon|79\/325 brn|[from] brn
|turn|40
|
|move|p2a: Hydreigon|Draco Meteor|p1a: Krookodile|[miss]
|-miss|p2a: Hydreigon|p1a: Krookodile
|move|p1a: Krookodile|Knock Off|p2a: Hydreigon
|-resisted|p2a: Hydreigon
|-damage|p2a: Hydreigon|0 fnt
|-enditem|p2a: Hydreigon|Life Orb|[from] move: Knock Off|[of] p1a: Krookodile
|-damage|p1a: Krookodile|320\/355|[from] item: Life Orb
|faint|p2a: Hydreigon
|
|c|âzongthedong|lol awesome
|c|âzongthedong|!
|
|switch|p2a: Lucario|Lucario, M|225\/281
|-damage|p2a: Lucario|217\/281|[from] Stealth Rock
|turn|41
|c|âzongthedong|pretty sure i lose now
|c|âzongthedong|gg n_n
|
|move|p2a: Lucario|Aura Sphere|p1a: Krookodile
|-supereffective|p1a: Krookodile
|-damage|p1a: Krookodile|0 fnt
|-damage|p2a: Lucario|189\/281|[from] item: Life Orb
|faint|p1a: Krookodile
|
|
|switch|p1a: Houndoom|Houndoom-Mega, M|283\/353
|turn|42
|
|switch|p2a: Aerodactyl|Aerodactyl-Mega, M|252\/301
|-damage|p2a: Aerodactyl|177\/301|[from] Stealth Rock
|move|p1a: Houndoom|Fire Blast|p2a: Aerodactyl
|-resisted|p2a: Aerodactyl
|-damage|p2a: Aerodactyl|64\/301
|
|turn|43
|
|switch|p1a: Alomomola|Alomomola, M|501\/533 psn
|move|p2a: Aerodactyl|Earthquake|p1a: Alomomola
|-damage|p1a: Alomomola|393\/533 psn
|
|-damage|p1a: Alomomola|327\/533 psn|[from] psn
|turn|44
|
|move|p2a: Aerodactyl|Stone Edge|p1a: Alomomola|[miss]
|-miss|p2a: Aerodactyl|p1a: Alomomola
|move|p1a: Alomomola|Scald|p2a: Aerodactyl
|-supereffective|p2a: Aerodactyl
|-damage|p2a: Aerodactyl|0 fnt
|faint|p2a: Aerodactyl
|
|-damage|p1a: Alomomola|261\/533 psn|[from] psn
|
|switch|p2a: Lucario|Lucario, M|189\/281
|-damage|p2a: Lucario|181\/281|[from] Stealth Rock
|turn|45
|
|move|p2a: Lucario|Nasty Plot|p2a: Lucario
|-boost|p2a: Lucario|spa|2
|move|p1a: Alomomola|Scald|p2a: Lucario
|-damage|p2a: Lucario|118\/281
|
|-damage|p1a: Alomomola|195\/533 psn|[from] psn
|turn|46
|c|âzongthedong|pls
|c|âzongthedong|just pls
|
|move|p2a: Lucario|Aura Sphere|p1a: Alomomola
|-damage|p1a: Alomomola|0 fnt
|-damage|p2a: Lucario|90\/281|[from] item: Life Orb
|faint|p1a: Alomomola
|
|
|switch|p1a: Snorlax|Snorlax, M|493\/493 slp
|turn|47
|
|move|p2a: Lucario|Aura Sphere|p1a: Snorlax
|-supereffective|p1a: Snorlax
|-damage|p1a: Snorlax|22\/493 slp
|-damage|p2a: Lucario|62\/281|[from] item: Life Orb
|cant|p1a: Snorlax|slp
|move|p1a: Snorlax|Sleep Talk|p1a: Snorlax
|move|p1a: Snorlax|Curse|p1a: Snorlax|[from]Sleep Talk
|-boost|p1a: Snorlax|atk|1
|-boost|p1a: Snorlax|def|1
|-unboost|p1a: Snorlax|spe|1
|
|-heal|p1a: Snorlax|52\/493 slp|[from] item: Leftovers
|turn|48
|
|move|p2a: Lucario|Aura Sphere|p1a: Snorlax
|-supereffective|p1a: Snorlax
|-damage|p1a: Snorlax|0 fnt
|-damage|p2a: Lucario|34\/281|[from] item: Life Orb
|faint|p1a: Snorlax
|
|
|switch|p1a: Houndoom|Houndoom-Mega, M|283\/353
|turn|49
|
|move|p2a: Lucario|Vacuum Wave|p1a: Houndoom
|-crit|p1a: Houndoom
|-supereffective|p1a: Houndoom
|-damage|p1a: Houndoom|0 fnt
|-damage|p2a: Lucario|6\/281|[from] item: Life Orb
|faint|p1a: Houndoom
|
|win|zongthedong
|c|âTewMew|gg