|join|pokemonisfun
|join|TewMew
|player|p1|pokemonisfun|184
|player|p2|TewMew|43
|gametype|singles
|gen|6
|tier|UU
|rated
|rule|Sleep Clause Mod: Limit one foe put to sleep
|rule|Species Clause: Limit one of each PokÃ©mon
|rule|OHKO Clause: OHKO moves are banned
|rule|Moody Clause: Moody is banned
|rule|Evasion Moves Clause: Evasion moves are banned
|rule|Endless Battle Clause: Forcing endless battles is banned
|rule|HP Percentage Mod: HP is shown in percentages
|clearpoke
|poke|p1|Blissey, F
|poke|p1|Swampert, M
|poke|p1|Granbull, F
|poke|p1|Alomomola, F
|poke|p1|Crobat, M
|poke|p1|Celebi
|poke|p2|Alomomola, F
|poke|p2|Krookodile, F
|poke|p2|Crobat, M
|poke|p2|Whimsicott, F
|poke|p2|Snorlax, M
|poke|p2|Ampharos, M
|rule|Swagger Clause: Swagger is banned
|rule|Baton Pass Clause: Limit one PokÃ©mon knowing Baton Pass
|teampreview
|
|start
|switch|p1a: bubblsy bubbles|Swampert, M|404\/404
|switch|p2a: Ampharos|Ampharos, M|353\/353
|turn|1
|
|switch|p2a: Snorlax|Snorlax, M|493\/493
|detailschange|p1a: bubblsy bubbles|Swampert-Mega, M
|-mega|p1a: bubblsy bubbles|Swampert|Swampertite
|move|p1a: bubblsy bubbles|Earthquake|p2a: Snorlax
|-damage|p2a: Snorlax|285\/493
|
|-heal|p2a: Snorlax|315\/493|[from] item: Leftovers
|turn|2
|
|switch|p2a: Alomomola|Alomomola, F|533\/533
|move|p1a: bubblsy bubbles|Earthquake|p2a: Alomomola
|-damage|p2a: Alomomola|385\/533
|
|turn|3
|
|switch|p1a: onion fairy god|Celebi|396\/396
|move|p2a: Alomomola|Toxic|p1a: onion fairy god
|-status|p1a: onion fairy god|tox
|
|-damage|p1a: onion fairy god|372\/396 tox|[from] psn
|turn|4
|
|switch|p2a: Crobat|Crobat, M|373\/373
|move|p1a: onion fairy god|Stealth Rock|p2a: Crobat
|-sidestart|p2: TewMew|move: Stealth Rock
|
|-heal|p1a: onion fairy god|396\/396 tox|[from] item: Leftovers
|-damage|p1a: onion fairy god|348\/396 tox|[from] psn
|turn|5
|
|switch|p1a: swimmy swim|Alomomola, F|471\/471
|move|p2a: Crobat|Defog|p1a: swimmy swim
|-unboost|p1a: swimmy swim|evasion|1
|-sideend|p2: TewMew|Stealth Rock|[from] move: Defog|[of] p2a: Crobat
|
|turn|6
|
|move|p2a: Crobat|U-turn|p1a: swimmy swim
|-damage|p1a: swimmy swim|425\/471
|
|switch|p2a: Snorlax|Snorlax, M|315\/493
|move|p1a: swimmy swim|Scald|p2a: Snorlax
|-damage|p2a: Snorlax|282\/493
|
|-heal|p1a: swimmy swim|454\/471|[from] item: Leftovers
|-heal|p2a: Snorlax|312\/493|[from] item: Leftovers
|turn|7
|
|switch|p1a: onion fairy god|Celebi|348\/396
|move|p2a: Snorlax|Curse|p2a: Snorlax
|-boost|p2a: Snorlax|atk|1
|-boost|p2a: Snorlax|def|1
|-unboost|p2a: Snorlax|spe|1
|
|-heal|p1a: onion fairy god|372\/396|[from] item: Leftovers
|-heal|p2a: Snorlax|342\/493|[from] item: Leftovers
|turn|8
|
|move|p1a: onion fairy god|Stealth Rock|p2a: Snorlax
|-sidestart|p2: TewMew|move: Stealth Rock
|move|p2a: Snorlax|Frustration|p1a: onion fairy god
|-damage|p1a: onion fairy god|231\/396
|
|-heal|p1a: onion fairy god|255\/396|[from] item: Leftovers
|-heal|p2a: Snorlax|372\/493|[from] item: Leftovers
|turn|9
|
|move|p1a: onion fairy god|Perish Song|p1a: onion fairy god
|-fieldactivate|move: Perish Song
|move|p2a: Snorlax|Frustration|p1a: onion fairy god
|-damage|p1a: onion fairy god|105\/396
|
|-start|p1a: onion fairy god|perish3
|-start|p2a: Snorlax|perish3
|-heal|p1a: onion fairy god|129\/396|[from] item: Leftovers
|-heal|p2a: Snorlax|402\/493|[from] item: Leftovers
|turn|10
|
|switch|p2a: Krookodile|Krookodile, F|331\/331
|-damage|p2a: Krookodile|311\/331|[from] Stealth Rock
|-ability|p2a: Krookodile|Intimidate|[of] p1a: onion fairy god
|-unboost|p1a: onion fairy god|atk|1
|move|p1a: onion fairy god|Recover|p1a: onion fairy god
|-heal|p1a: onion fairy god|327\/396
|
|-start|p1a: onion fairy god|perish2
|-heal|p1a: onion fairy god|351\/396|[from] item: Leftovers
|turn|11
|
|move|p2a: Krookodile|Pursuit|p1a: onion fairy god|[from]Pursuit
|-supereffective|p1a: onion fairy god
|-damage|p1a: onion fairy god|114\/396
|-damage|p2a: Krookodile|278\/331|[from] item: Life Orb
|switch|p1a: bubblsy bubbles|Swampert-Mega, M|404\/404
|
|turn|12
|
|switch|p2a: Alomomola|Alomomola, F|533\/533
|-damage|p2a: Alomomola|467\/533|[from] Stealth Rock
|move|p1a: bubblsy bubbles|Scald|p2a: Alomomola
|-resisted|p2a: Alomomola
|-damage|p2a: Alomomola|386\/533
|
|turn|13
|
|move|p2a: Alomomola|Toxic|p1a: bubblsy bubbles
|-status|p1a: bubblsy bubbles|tox
|move|p1a: bubblsy bubbles|Scald|p2a: Alomomola
|-resisted|p2a: Alomomola
|-damage|p2a: Alomomola|305\/533
|
|-damage|p1a: bubblsy bubbles|379\/404 tox|[from] psn
|turn|14
|
|switch|p2a: Crobat|Crobat, M|373\/373
|-damage|p2a: Crobat|280\/373|[from] Stealth Rock
|switch|p1a: onion fairy god|Celebi|114\/396
|
|-heal|p2a: Crobat|303\/373|[from] item: Black Sludge
|-heal|p1a: onion fairy god|138\/396|[from] item: Leftovers
|turn|15
|
|switch|p1a: swimmy swim|Alomomola, F|471\/471
|move|p2a: Crobat|Defog|p1a: swimmy swim
|-unboost|p1a: swimmy swim|evasion|1
|-sideend|p2: TewMew|Stealth Rock|[from] move: Defog|[of] p2a: Crobat
|
|-heal|p2a: Crobat|326\/373|[from] item: Black Sludge
|turn|16
|
|move|p2a: Crobat|U-turn|p1a: swimmy swim
|-damage|p1a: swimmy swim|425\/471
|
|switch|p2a: Snorlax|Snorlax, M|402\/493
|move|p1a: swimmy swim|Scald|p2a: Snorlax
|-damage|p2a: Snorlax|366\/493
|
|-heal|p1a: swimmy swim|454\/471|[from] item: Leftovers
|-heal|p2a: Snorlax|396\/493|[from] item: Leftovers
|turn|17
|
|switch|p1a: woofy woof woof|Granbull, F|384\/384
|-ability|p1a: woofy woof woof|Intimidate|[of] p2a: Snorlax
|-unboost|p2a: Snorlax|atk|1
|move|p2a: Snorlax|Curse|p2a: Snorlax
|-boost|p2a: Snorlax|atk|1
|-boost|p2a: Snorlax|def|1
|-unboost|p2a: Snorlax|spe|1
|
|-heal|p2a: Snorlax|426\/493|[from] item: Leftovers
|turn|18
|
|move|p2a: Snorlax|Curse|p2a: Snorlax
|-boost|p2a: Snorlax|atk|1
|-boost|p2a: Snorlax|def|1
|-unboost|p2a: Snorlax|spe|1
|move|p1a: woofy woof woof|Roar|p2a: Snorlax
|drag|p2a: Alomomola|Alomomola, F|482\/533
|
|turn|19
|
|switch|p1a: bubblsy bubbles|Swampert-Mega, M|379\/404 tox
|move|p2a: Alomomola|Toxic|p1a: bubblsy bubbles
|-fail|p1a: bubblsy bubbles|tox
|
|-damage|p1a: bubblsy bubbles|354\/404 tox|[from] psn
|turn|20
|
|switch|p2a: Whimsicott|Whimsicott, F|323\/323
|move|p1a: bubblsy bubbles|Scald|p2a: Whimsicott
|-resisted|p2a: Whimsicott
|-damage|p2a: Whimsicott|268\/323
|-status|p2a: Whimsicott|brn
|
|-heal|p2a: Whimsicott|288\/323 brn|[from] item: Leftovers
|-damage|p2a: Whimsicott|248\/323 brn|[from] brn
|-damage|p1a: bubblsy bubbles|304\/404 tox|[from] psn
|turn|21
|
|switch|p1a: batsy watzy|Crobat, M|373\/373
|move|p2a: Whimsicott|U-turn|p1a: batsy watzy
|-resisted|p1a: batsy watzy
|-damage|p1a: batsy watzy|368\/373
|
|switch|p2a: Ampharos|Ampharos, M|353\/353
|
|-heal|p1a: batsy watzy|373\/373|[from] item: Black Sludge
|turn|22
|
|switch|p1a: bubblsy bubbles|Swampert-Mega, M|304\/404 tox
|detailschange|p2a: Ampharos|Ampharos-Mega, M
|-mega|p2a: Ampharos|Ampharos|Ampharosite
|-ability|p2a: Ampharos|Mold Breaker
|move|p2a: Ampharos|Volt Switch|p1a: bubblsy bubbles
|-immune|p1a: bubblsy bubbles|[msg]
|
|-damage|p1a: bubblsy bubbles|279\/404 tox|[from] psn
|turn|23
|
|switch|p2a: Whimsicott|Whimsicott, F|248\/323 brn
|move|p1a: bubblsy bubbles|Rest|p1a: bubblsy bubbles
|-status|p1a: bubblsy bubbles|slp
|-heal|p1a: bubblsy bubbles|404\/404 slp|[silent]
|-status|p1a: bubblsy bubbles|slp|[from] move: Rest
|
|-heal|p2a: Whimsicott|268\/323 brn|[from] item: Leftovers
|-damage|p2a: Whimsicott|228\/323 brn|[from] brn
|turn|24
|
|switch|p1a: batsy watzy|Crobat, M|373\/373
|move|p2a: Whimsicott|U-turn|p1a: batsy watzy
|-resisted|p1a: batsy watzy
|-damage|p1a: batsy watzy|368\/373
|
|switch|p2a: Ampharos|Ampharos-Mega, M|353\/353
|-ability|p2a: Ampharos|Mold Breaker
|
|-heal|p1a: batsy watzy|373\/373|[from] item: Black Sludge
|turn|25
|
|switch|p1a: bubblsy bubbles|Swampert-Mega, M|404\/404 slp
|move|p2a: Ampharos|Dragon Pulse|p1a: bubblsy bubbles
|-damage|p1a: bubblsy bubbles|266\/404 slp
|
|turn|26
|
|cant|p1a: bubblsy bubbles|slp
|move|p1a: bubblsy bubbles|Sleep Talk|p1a: bubblsy bubbles
|move|p1a: bubblsy bubbles|Scald|p2a: Ampharos|[from]Sleep Talk
|-resisted|p2a: Ampharos
|-damage|p2a: Ampharos|311\/353
|move|p2a: Ampharos|Dragon Pulse|p1a: bubblsy bubbles
|-damage|p1a: bubblsy bubbles|128\/404 slp
|
|turn|27
|
|switch|p1a: Mega Chansey|Blissey, F|656\/656
|move|p2a: Ampharos|Dragon Pulse|p1a: Mega Chansey
|-damage|p1a: Mega Chansey|538\/656
|
|-heal|p1a: Mega Chansey|579\/656|[from] item: Leftovers
|turn|28
|
|move|p2a: Ampharos|Volt Switch|p1a: Mega Chansey
|-damage|p1a: Mega Chansey|486\/656
|
|switch|p2a: Crobat|Crobat, M|326\/373
|move|p1a: Mega Chansey|Heal Bell|p1a: Mega Chansey
|-cureteam|p1a: Mega Chansey|[from] move: HealBell
|
|-heal|p2a: Crobat|349\/373|[from] item: Black Sludge
|-heal|p1a: Mega Chansey|527\/656|[from] item: Leftovers
|turn|29
|
|switch|p1a: swimmy swim|Alomomola, F|471\/471
|move|p2a: Crobat|U-turn|p1a: swimmy swim
|-damage|p1a: swimmy swim|427\/471
|
|switch|p2a: Ampharos|Ampharos-Mega, M|311\/353
|-ability|p2a: Ampharos|Mold Breaker
|
|-heal|p1a: swimmy swim|456\/471|[from] item: Leftovers
|turn|30
|
|move|p1a: swimmy swim|Protect|p1a: swimmy swim
|-singleturn|p1a: swimmy swim|Protect
|move|p2a: Ampharos|Volt Switch|p1a: swimmy swim
|-activate|p1a: swimmy swim|Protect
|
|-heal|p1a: swimmy swim|471\/471|[from] item: Leftovers
|turn|31
|
|switch|p1a: Mega Chansey|Blissey, F|527\/656
|move|p2a: Ampharos|Volt Switch|p1a: Mega Chansey
|-damage|p1a: Mega Chansey|425\/656
|
|switch|p2a: Krookodile|Krookodile, F|278\/331
|-ability|p2a: Krookodile|Intimidate|[of] p1a: Mega Chansey
|-unboost|p1a: Mega Chansey|atk|1
|
|-heal|p1a: Mega Chansey|466\/656|[from] item: Leftovers
|turn|32
|
|switch|p1a: swimmy swim|Alomomola, F|471\/471
|move|p2a: Krookodile|Knock Off|p1a: swimmy swim
|-damage|p1a: swimmy swim|283\/471
|-enditem|p1a: swimmy swim|Leftovers|[from] move: Knock Off|[of] p2a: Krookodile
|-damage|p2a: Krookodile|245\/331|[from] item: Life Orb
|
|turn|33
|
|switch|p2a: Snorlax|Snorlax, M|426\/493
|move|p1a: swimmy swim|Wish|p1a: swimmy swim
|
|-heal|p2a: Snorlax|456\/493|[from] item: Leftovers
|turn|34
|
|switch|p1a: onion fairy god|Celebi|138\/396
|move|p2a: Snorlax|Curse|p2a: Snorlax
|-boost|p2a: Snorlax|atk|1
|-boost|p2a: Snorlax|def|1
|-unboost|p2a: Snorlax|spe|1
|
|-heal|p1a: onion fairy god|373\/396|[from] move: Wish|[wisher] swimmy swim
|-heal|p1a: onion fairy god|396\/396|[from] item: Leftovers
|-heal|p2a: Snorlax|486\/493|[from] item: Leftovers
|turn|35
|
|move|p1a: onion fairy god|Stealth Rock|p2a: Snorlax
|-sidestart|p2: TewMew|move: Stealth Rock
|move|p2a: Snorlax|Frustration|p1a: onion fairy god
|-damage|p1a: onion fairy god|267\/396
|
|-heal|p1a: onion fairy god|291\/396|[from] item: Leftovers
|-heal|p2a: Snorlax|493\/493|[from] item: Leftovers
|turn|36
|
|move|p1a: onion fairy god|Recover|p1a: onion fairy god
|-heal|p1a: onion fairy god|396\/396
|move|p2a: Snorlax|Frustration|p1a: onion fairy god
|-damage|p1a: onion fairy god|252\/396
|
|-heal|p1a: onion fairy god|276\/396|[from] item: Leftovers
|turn|37
|
|move|p1a: onion fairy god|Recover|p1a: onion fairy god
|-heal|p1a: onion fairy god|396\/396
|move|p2a: Snorlax|Frustration|p1a: onion fairy god
|-damage|p1a: onion fairy god|261\/396
|
|-heal|p1a: onion fairy god|285\/396|[from] item: Leftovers
|turn|38
|
|move|p1a: onion fairy god|Giga Drain|p2a: Snorlax
|-damage|p2a: Snorlax|435\/493
|-heal|p1a: onion fairy god|314\/396|[from] drain|[of] p2a: Snorlax
|move|p2a: Snorlax|Frustration|p1a: onion fairy god
|-damage|p1a: onion fairy god|185\/396
|
|-heal|p1a: onion fairy god|209\/396|[from] item: Leftovers
|-heal|p2a: Snorlax|465\/493|[from] item: Leftovers
|turn|39
|
|move|p1a: onion fairy god|Recover|p1a: onion fairy god
|-heal|p1a: onion fairy god|396\/396
|move|p2a: Snorlax|Frustration|p1a: onion fairy god
|-damage|p1a: onion fairy god|258\/396
|
|-heal|p1a: onion fairy god|282\/396|[from] item: Leftovers
|-heal|p2a: Snorlax|493\/493|[from] item: Leftovers
|turn|40
|
|move|p1a: onion fairy god|Giga Drain|p2a: Snorlax
|-damage|p2a: Snorlax|433\/493
|-heal|p1a: onion fairy god|312\/396|[from] drain|[of] p2a: Snorlax
|move|p2a: Snorlax|Curse|p2a: Snorlax
|-boost|p2a: Snorlax|atk|1
|-boost|p2a: Snorlax|def|1
|-unboost|p2a: Snorlax|spe|1
|
|-heal|p1a: onion fairy god|336\/396|[from] item: Leftovers
|-heal|p2a: Snorlax|463\/493|[from] item: Leftovers
|turn|41
|
|switch|p1a: woofy woof woof|Granbull, F|384\/384
|-ability|p1a: woofy woof woof|Intimidate|[of] p2a: Snorlax
|-unboost|p2a: Snorlax|atk|1
|move|p2a: Snorlax|Frustration|p1a: woofy woof woof
|-damage|p1a: woofy woof woof|207\/384
|
|-heal|p1a: woofy woof woof|231\/384|[from] item: Leftovers
|-heal|p2a: Snorlax|493\/493|[from] item: Leftovers
|turn|42
|
|move|p2a: Snorlax|Frustration|p1a: woofy woof woof
|-damage|p1a: woofy woof woof|75\/384
|move|p1a: woofy woof woof|Roar|p2a: Snorlax
|drag|p2a: Crobat|Crobat, M|349\/373
|-damage|p2a: Crobat|256\/373|[from] Stealth Rock
|
|-heal|p2a: Crobat|279\/373|[from] item: Black Sludge
|-heal|p1a: woofy woof woof|99\/384|[from] item: Leftovers
|turn|43
|
|switch|p1a: swimmy swim|Alomomola, F|440\/471
|move|p2a: Crobat|Defog|p1a: swimmy swim
|-unboost|p1a: swimmy swim|evasion|1
|-sideend|p2: TewMew|Stealth Rock|[from] move: Defog|[of] p2a: Crobat
|
|-heal|p2a: Crobat|302\/373|[from] item: Black Sludge
|turn|44
|
|move|p2a: Crobat|U-turn|p1a: swimmy swim
|-damage|p1a: swimmy swim|396\/471
|
|switch|p2a: Ampharos|Ampharos-Mega, M|311\/353
|-ability|p2a: Ampharos|Mold Breaker
|move|p1a: swimmy swim|Wish|p1a: swimmy swim
|
|turn|45
|
|switch|p1a: Mega Chansey|Blissey, F|466\/656
|move|p2a: Ampharos|Volt Switch|p1a: Mega Chansey
|-damage|p1a: Mega Chansey|372\/656
|
|switch|p2a: Crobat|Crobat, M|302\/373
|
|-heal|p1a: Mega Chansey|607\/656|[from] move: Wish|[wisher] swimmy swim
|-heal|p2a: Crobat|325\/373|[from] item: Black Sludge
|-heal|p1a: Mega Chansey|648\/656|[from] item: Leftovers
|turn|46
|
|switch|p1a: swimmy swim|Alomomola, F|471\/471
|move|p2a: Crobat|U-turn|p1a: swimmy swim
|-damage|p1a: swimmy swim|423\/471
|
|switch|p2a: Ampharos|Ampharos-Mega, M|311\/353
|-ability|p2a: Ampharos|Mold Breaker
|
|turn|47
|
|switch|p1a: Mega Chansey|Blissey, F|648\/656
|move|p2a: Ampharos|Dragon Pulse|p1a: Mega Chansey
|-damage|p1a: Mega Chansey|525\/656
|
|-heal|p1a: Mega Chansey|566\/656|[from] item: Leftovers
|turn|48
|
|move|p2a: Ampharos|Volt Switch|p1a: Mega Chansey
|-damage|p1a: Mega Chansey|469\/656
|
|switch|p2a: Crobat|Crobat, M|325\/373
|move|p1a: Mega Chansey|Toxic|p2a: Crobat
|-fail|p2a: Crobat
|
|-heal|p2a: Crobat|348\/373|[from] item: Black Sludge
|-heal|p1a: Mega Chansey|510\/656|[from] item: Leftovers
|turn|49
|
|move|p2a: Crobat|U-turn|p1a: Mega Chansey
|-damage|p1a: Mega Chansey|409\/656
|
|switch|p2a: Snorlax|Snorlax, M|493\/493
|move|p1a: Mega Chansey|Soft-Boiled|p1a: Mega Chansey
|-heal|p1a: Mega Chansey|656\/656
|
|turn|50
|
|switch|p1a: woofy woof woof|Granbull, F|99\/384
|-ability|p1a: woofy woof woof|Intimidate|[of] p2a: Snorlax
|-unboost|p2a: Snorlax|atk|1
|switch|p2a: Crobat|Crobat, M|348\/373
|
|-heal|p2a: Crobat|371\/373|[from] item: Black Sludge
|-heal|p1a: woofy woof woof|123\/384|[from] item: Leftovers
|turn|51
|
|switch|p1a: swimmy swim|Alomomola, F|471\/471
|move|p2a: Crobat|Brave Bird|p1a: swimmy swim
|-damage|p1a: swimmy swim|362\/471
|-damage|p2a: Crobat|335\/373|[from] recoil|[of] p1a: swimmy swim
|
|-heal|p2a: Crobat|358\/373|[from] item: Black Sludge
|turn|52
|
|move|p2a: Crobat|U-turn|p1a: swimmy swim
|-damage|p1a: swimmy swim|318\/471
|
|switch|p2a: Whimsicott|Whimsicott, F|228\/323 brn
|move|p1a: swimmy swim|Toxic|p2a: Whimsicott
|-fail|p2a: Whimsicott
|
|-heal|p2a: Whimsicott|248\/323 brn|[from] item: Leftovers
|-damage|p2a: Whimsicott|208\/323 brn|[from] brn
|turn|53
|
|move|p1a: swimmy swim|Protect|p1a: swimmy swim
|-singleturn|p1a: swimmy swim|Protect
|move|p2a: Whimsicott|Leech Seed|p1a: swimmy swim
|-activate|p1a: swimmy swim|Protect
|
|-heal|p2a: Whimsicott|228\/323 brn|[from] item: Leftovers
|-damage|p2a: Whimsicott|188\/323 brn|[from] brn
|turn|54
|
|switch|p1a: batsy watzy|Crobat, M|373\/373
|move|p2a: Whimsicott|Leech Seed|p1a: batsy watzy
|-start|p1a: batsy watzy|move: Leech Seed
|
|-heal|p2a: Whimsicott|208\/323 brn|[from] item: Leftovers
|-damage|p1a: batsy watzy|327\/373|[from] Leech Seed|[of] p2a: Whimsicott
|-heal|p2a: Whimsicott|254\/323 brn|[silent]
|-damage|p2a: Whimsicott|214\/323 brn|[from] brn
|turn|55
|
|switch|p1a: onion fairy god|Celebi|336\/396
|switch|p2a: Crobat|Crobat, M|358\/373
|
|-heal|p2a: Crobat|373\/373|[from] item: Black Sludge
|-heal|p1a: onion fairy god|360\/396|[from] item: Leftovers
|turn|56
|
|switch|p1a: swimmy swim|Alomomola, F|471\/471
|move|p2a: Crobat|U-turn|p1a: swimmy swim
|-damage|p1a: swimmy swim|424\/471
|
|switch|p2a: Alomomola|Alomomola, F|533\/533
|
|turn|57
|
|switch|p1a: onion fairy god|Celebi|360\/396
|move|p2a: Alomomola|Toxic|p1a: onion fairy god
|-status|p1a: onion fairy god|tox
|
|-heal|p1a: onion fairy god|384\/396 tox|[from] item: Leftovers
|-damage|p1a: onion fairy god|360\/396 tox|[from] psn
|turn|58
|
|switch|p2a: Crobat|Crobat, M|373\/373
|move|p1a: onion fairy god|Stealth Rock|p2a: Crobat
|-sidestart|p2: TewMew|move: Stealth Rock
|
|-heal|p1a: onion fairy god|384\/396 tox|[from] item: Leftovers
|-damage|p1a: onion fairy god|336\/396 tox|[from] psn
|turn|59
|
|switch|p1a: swimmy swim|Alomomola, F|471\/471
|move|p2a: Crobat|Defog|p1a: swimmy swim
|-unboost|p1a: swimmy swim|evasion|1
|-sideend|p2: TewMew|Stealth Rock|[from] move: Defog|[of] p2a: Crobat
|
|turn|60
|
|move|p2a: Crobat|U-turn|p1a: swimmy swim
|-damage|p1a: swimmy swim|424\/471
|
|switch|p2a: Whimsicott|Whimsicott, F|214\/323 brn
|move|p1a: swimmy swim|Toxic|p2a: Whimsicott
|-fail|p2a: Whimsicott
|
|-heal|p2a: Whimsicott|234\/323 brn|[from] item: Leftovers
|-damage|p2a: Whimsicott|194\/323 brn|[from] brn
|turn|61
|
|move|p1a: swimmy swim|Protect|p1a: swimmy swim
|-singleturn|p1a: swimmy swim|Protect
|move|p2a: Whimsicott|Leech Seed|p1a: swimmy swim
|-activate|p1a: swimmy swim|Protect
|
|-heal|p2a: Whimsicott|214\/323 brn|[from] item: Leftovers
|-damage|p2a: Whimsicott|174\/323 brn|[from] brn
|turn|62
|
|switch|p1a: batsy watzy|Crobat, M|327\/373
|move|p2a: Whimsicott|U-turn|p1a: batsy watzy
|-resisted|p1a: batsy watzy
|-damage|p1a: batsy watzy|322\/373
|
|switch|p2a: Ampharos|Ampharos-Mega, M|311\/353
|-ability|p2a: Ampharos|Mold Breaker
|
|-heal|p1a: batsy watzy|345\/373|[from] item: Black Sludge
|turn|63
|
|switch|p1a: Mega Chansey|Blissey, F|656\/656
|move|p2a: Ampharos|Volt Switch|p1a: Mega Chansey
|-damage|p1a: Mega Chansey|557\/656
|
|switch|p2a: Krookodile|Krookodile, F|245\/331
|-ability|p2a: Krookodile|Intimidate|[of] p1a: Mega Chansey
|-unboost|p1a: Mega Chansey|atk|1
|
|-heal|p1a: Mega Chansey|598\/656|[from] item: Leftovers
|turn|64
|
|switch|p1a: swimmy swim|Alomomola, F|471\/471
|move|p2a: Krookodile|Knock Off|p1a: swimmy swim
|-damage|p1a: swimmy swim|362\/471
|-damage|p2a: Krookodile|212\/331|[from] item: Life Orb
|
|turn|65
|
|switch|p2a: Whimsicott|Whimsicott, F|174\/323 brn
|move|p1a: swimmy swim|Scald|p2a: Whimsicott
|-resisted|p2a: Whimsicott
|-damage|p2a: Whimsicott|144\/323 brn
|
|-heal|p2a: Whimsicott|164\/323 brn|[from] item: Leftovers
|-damage|p2a: Whimsicott|124\/323 brn|[from] brn
|turn|66
|
|move|p1a: swimmy swim|Protect|p1a: swimmy swim
|-singleturn|p1a: swimmy swim|Protect
|move|p2a: Whimsicott|Leech Seed|p1a: swimmy swim
|-activate|p1a: swimmy swim|Protect
|
|-heal|p2a: Whimsicott|144\/323 brn|[from] item: Leftovers
|-damage|p2a: Whimsicott|104\/323 brn|[from] brn
|turn|67
|
|switch|p1a: batsy watzy|Crobat, M|345\/373
|move|p2a: Whimsicott|Leech Seed|p1a: batsy watzy
|-start|p1a: batsy watzy|move: Leech Seed
|
|-heal|p1a: batsy watzy|368\/373|[from] item: Black Sludge
|-heal|p2a: Whimsicott|124\/323 brn|[from] item: Leftovers
|-damage|p1a: batsy watzy|322\/373|[from] Leech Seed|[of] p2a: Whimsicott
|-heal|p2a: Whimsicott|170\/323 brn|[silent]
|-damage|p2a: Whimsicott|130\/323 brn|[from] brn
|turn|68
|
|switch|p1a: onion fairy god|Celebi|336\/396
|switch|p2a: Krookodile|Krookodile, F|212\/331
|-ability|p2a: Krookodile|Intimidate|[of] p1a: onion fairy god
|-unboost|p1a: onion fairy god|atk|1
|
|-heal|p1a: onion fairy god|360\/396|[from] item: Leftovers
|turn|69
|
|move|p2a: Krookodile|Knock Off|p1a: onion fairy god
|-supereffective|p1a: onion fairy god
|-damage|p1a: onion fairy god|45\/396
|-enditem|p1a: onion fairy god|Leftovers|[from] move: Knock Off|[of] p2a: Krookodile
|-damage|p2a: Krookodile|179\/331|[from] item: Life Orb
|move|p1a: onion fairy god|Giga Drain|p2a: Krookodile
|-supereffective|p2a: Krookodile
|-damage|p2a: Krookodile|0 fnt
|-heal|p1a: onion fairy god|135\/396|[from] drain|[of] p2a: Krookodile
|faint|p2a: Krookodile
|
|
|switch|p2a: Crobat|Crobat, M|373\/373
|turn|70
|
|switch|p1a: swimmy swim|Alomomola, F|471\/471
|move|p2a: Crobat|U-turn|p1a: swimmy swim
|-damage|p1a: swimmy swim|422\/471
|
|switch|p2a: Snorlax|Snorlax, M|493\/493
|
|turn|71
|
|switch|p1a: woofy woof woof|Granbull, F|123\/384
|-ability|p1a: woofy woof woof|Intimidate|[of] p2a: Snorlax
|-unboost|p2a: Snorlax|atk|1
|move|p2a: Snorlax|Curse|p2a: Snorlax
|-boost|p2a: Snorlax|atk|1
|-boost|p2a: Snorlax|def|1
|-unboost|p2a: Snorlax|spe|1
|
|-heal|p1a: woofy woof woof|147\/384|[from] item: Leftovers
|turn|72
|
|switch|p1a: batsy watzy|Crobat, M|322\/373
|move|p2a: Snorlax|Frustration|p1a: batsy watzy
|-damage|p1a: batsy watzy|165\/373
|
|-heal|p1a: batsy watzy|188\/373|[from] item: Black Sludge
|turn|73
|
|move|p1a: batsy watzy|Roost|p1a: batsy watzy
|-heal|p1a: batsy watzy|373\/373
|move|p2a: Snorlax|Curse|p2a: Snorlax
|-boost|p2a: Snorlax|atk|1
|-boost|p2a: Snorlax|def|1
|-unboost|p2a: Snorlax|spe|1
|
|turn|74
|
|move|p1a: batsy watzy|Haze|p1a: batsy watzy
|-clearallboost
|move|p2a: Snorlax|Curse|p2a: Snorlax
|-boost|p2a: Snorlax|atk|1
|-boost|p2a: Snorlax|def|1
|-unboost|p2a: Snorlax|spe|1
|
|turn|75
|
|move|p1a: batsy watzy|Haze|p1a: batsy watzy
|-clearallboost
|move|p2a: Snorlax|Frustration|p1a: batsy watzy
|-crit|p1a: batsy watzy
|-damage|p1a: batsy watzy|141\/373
|
|-heal|p1a: batsy watzy|164\/373|[from] item: Black Sludge
|turn|76
|
|move|p1a: batsy watzy|Roost|p1a: batsy watzy
|-heal|p1a: batsy watzy|351\/373
|move|p2a: Snorlax|Frustration|p1a: batsy watzy
|-damage|p1a: batsy watzy|189\/373
|
|-heal|p1a: batsy watzy|212\/373|[from] item: Black Sludge
|turn|77
|
|move|p1a: batsy watzy|Roost|p1a: batsy watzy
|-heal|p1a: batsy watzy|373\/373
|move|p2a: Snorlax|Frustration|p1a: batsy watzy
|-damage|p1a: batsy watzy|225\/373
|
|-heal|p1a: batsy watzy|248\/373|[from] item: Black Sludge
|turn|78
|
|move|p1a: batsy watzy|Roost|p1a: batsy watzy
|-heal|p1a: batsy watzy|373\/373
|move|p2a: Snorlax|Frustration|p1a: batsy watzy
|-damage|p1a: batsy watzy|220\/373
|
|-heal|p1a: batsy watzy|243\/373|[from] item: Black Sludge
|turn|79
|
|move|p1a: batsy watzy|Roost|p1a: batsy watzy
|-heal|p1a: batsy watzy|373\/373
|move|p2a: Snorlax|Frustration|p1a: batsy watzy
|-damage|p1a: batsy watzy|204\/373
|
|-heal|p1a: batsy watzy|227\/373|[from] item: Black Sludge
|turn|80
|
|move|p1a: batsy watzy|Roost|p1a: batsy watzy
|-heal|p1a: batsy watzy|373\/373
|move|p2a: Snorlax|Frustration|p1a: batsy watzy
|-damage|p1a: batsy watzy|216\/373
|
|-heal|p1a: batsy watzy|239\/373|[from] item: Black Sludge
|turn|81
|
|switch|p1a: swimmy swim|Alomomola, F|471\/471
|move|p2a: Snorlax|Frustration|p1a: swimmy swim
|-damage|p1a: swimmy swim|362\/471
|
|turn|82
|
|switch|p1a: woofy woof woof|Granbull, F|147\/384
|-ability|p1a: woofy woof woof|Intimidate|[of] p2a: Snorlax
|-unboost|p2a: Snorlax|atk|1
|move|p2a: Snorlax|Curse|p2a: Snorlax
|-boost|p2a: Snorlax|atk|1
|-boost|p2a: Snorlax|def|1
|-unboost|p2a: Snorlax|spe|1
|
|-heal|p1a: woofy woof woof|171\/384|[from] item: Leftovers
|turn|83
|
|switch|p1a: batsy watzy|Crobat, M|239\/373
|move|p2a: Snorlax|Frustration|p1a: batsy watzy
|-damage|p1a: batsy watzy|76\/373
|
|-heal|p1a: batsy watzy|99\/373|[from] item: Black Sludge
|turn|84
|
|move|p1a: batsy watzy|Roost|p1a: batsy watzy
|-heal|p1a: batsy watzy|286\/373
|move|p2a: Snorlax|Frustration|p1a: batsy watzy
|-damage|p1a: batsy watzy|124\/373
|
|-heal|p1a: batsy watzy|147\/373|[from] item: Black Sludge
|turn|85
|
|move|p1a: batsy watzy|Roost|p1a: batsy watzy
|-heal|p1a: batsy watzy|334\/373
|move|p2a: Snorlax|Frustration|p1a: batsy watzy
|-damage|p1a: batsy watzy|174\/373
|
|-heal|p1a: batsy watzy|197\/373|[from] item: Black Sludge
|turn|86
|
|move|p1a: batsy watzy|Roost|p1a: batsy watzy
|-heal|p1a: batsy watzy|373\/373
|move|p2a: Snorlax|Frustration|p1a: batsy watzy
|-damage|p1a: batsy watzy|210\/373
|
|-heal|p1a: batsy watzy|233\/373|[from] item: Black Sludge
|turn|87
|
|switch|p1a: woofy woof woof|Granbull, F|171\/384
|-ability|p1a: woofy woof woof|Intimidate|[of] p2a: Snorlax
|-unboost|p2a: Snorlax|atk|1
|move|p2a: Snorlax|Frustration|p1a: woofy woof woof
|-damage|p1a: woofy woof woof|101\/384
|
|-heal|p1a: woofy woof woof|125\/384|[from] item: Leftovers
|turn|88
|
|switch|p2a: Ampharos|Ampharos-Mega, M|311\/353
|-ability|p2a: Ampharos|Mold Breaker
|move|p1a: woofy woof woof|Rest|p1a: woofy woof woof
|-status|p1a: woofy woof woof|slp
|-heal|p1a: woofy woof woof|384\/384 slp|[silent]
|-status|p1a: woofy woof woof|slp|[from] move: Rest
|
|turn|89
|
|switch|p1a: Mega Chansey|Blissey, F|598\/656
|move|p2a: Ampharos|Volt Switch|p1a: Mega Chansey
|-damage|p1a: Mega Chansey|507\/656
|
|switch|p2a: Crobat|Crobat, M|373\/373
|
|-heal|p1a: Mega Chansey|548\/656|[from] item: Leftovers
|turn|90
|
|switch|p1a: swimmy swim|Alomomola, F|471\/471
|move|p2a: Crobat|Brave Bird|p1a: swimmy swim
|-damage|p1a: swimmy swim|362\/471
|-damage|p2a: Crobat|337\/373|[from] recoil|[of] p1a: swimmy swim
|
|-heal|p2a: Crobat|360\/373|[from] item: Black Sludge
|turn|91
|
|move|p2a: Crobat|U-turn|p1a: swimmy swim
|-damage|p1a: swimmy swim|316\/471
|
|switch|p2a: Snorlax|Snorlax, M|493\/493
|move|p1a: swimmy swim|Wish|p1a: swimmy swim
|
|turn|92
|
|switch|p1a: woofy woof woof|Granbull, F|384\/384 slp
|-ability|p1a: woofy woof woof|Intimidate|[of] p2a: Snorlax
|-unboost|p2a: Snorlax|atk|1
|switch|p2a: Crobat|Crobat, M|360\/373
|
|-heal|p2a: Crobat|373\/373|[from] item: Black Sludge
|turn|93
|
|switch|p1a: swimmy swim|Alomomola, F|471\/471
|move|p2a: Crobat|U-turn|p1a: swimmy swim
|-damage|p1a: swimmy swim|426\/471
|
|switch|p2a: Ampharos|Ampharos-Mega, M|311\/353
|-ability|p2a: Ampharos|Mold Breaker
|
|turn|94
|
|switch|p1a: Mega Chansey|Blissey, F|548\/656
|move|p2a: Ampharos|Volt Switch|p1a: Mega Chansey
|-damage|p1a: Mega Chansey|443\/656
|
|switch|p2a: Crobat|Crobat, M|373\/373
|
|-heal|p1a: Mega Chansey|484\/656|[from] item: Leftovers
|turn|95
|
|move|p2a: Crobat|Brave Bird|p1a: Mega Chansey
|-damage|p1a: Mega Chansey|181\/656
|-damage|p2a: Crobat|273\/373|[from] recoil|[of] p1a: Mega Chansey
|move|p1a: Mega Chansey|Soft-Boiled|p1a: Mega Chansey
|-heal|p1a: Mega Chansey|509\/656
|
|-heal|p2a: Crobat|296\/373|[from] item: Black Sludge
|-heal|p1a: Mega Chansey|550\/656|[from] item: Leftovers
|turn|96
|
|switch|p1a: swimmy swim|Alomomola, F|471\/471
|move|p2a: Crobat|U-turn|p1a: swimmy swim
|-damage|p1a: swimmy swim|426\/471
|
|switch|p2a: Ampharos|Ampharos-Mega, M|311\/353
|-ability|p2a: Ampharos|Mold Breaker
|
|turn|97
|
|switch|p1a: Mega Chansey|Blissey, F|550\/656
|move|p2a: Ampharos|Volt Switch|p1a: Mega Chansey
|-damage|p1a: Mega Chansey|451\/656
|
|switch|p2a: Snorlax|Snorlax, M|493\/493
|
|-heal|p1a: Mega Chansey|492\/656|[from] item: Leftovers
|turn|98
|
|switch|p1a: woofy woof woof|Granbull, F|384\/384 slp
|-ability|p1a: woofy woof woof|Intimidate|[of] p2a: Snorlax
|-unboost|p2a: Snorlax|atk|1
|move|p2a: Snorlax|Frustration|p1a: woofy woof woof
|-damage|p1a: woofy woof woof|315\/384 slp
|
|-heal|p1a: woofy woof woof|339\/384 slp|[from] item: Leftovers
|turn|99
|
|switch|p2a: Crobat|Crobat, M|296\/373
|cant|p1a: woofy woof woof|slp
|move|p1a: woofy woof woof|Sleep Talk|p1a: woofy woof woof
|move|p1a: woofy woof woof|Play Rough|p2a: Crobat|[from]Sleep Talk
|-resisted|p2a: Crobat
|-damage|p2a: Crobat|215\/373
|-unboost|p2a: Crobat|atk|1
|
|-heal|p2a: Crobat|238\/373|[from] item: Black Sludge
|-heal|p1a: woofy woof woof|363\/384 slp|[from] item: Leftovers
|turn|100
|
|switch|p1a: swimmy swim|Alomomola, F|471\/471
|move|p2a: Crobat|U-turn|p1a: swimmy swim
|-damage|p1a: swimmy swim|441\/471
|
|switch|p2a: Ampharos|Ampharos-Mega, M|311\/353
|-ability|p2a: Ampharos|Mold Breaker
|
|turn|101
|
|switch|p1a: Mega Chansey|Blissey, F|492\/656
|move|p2a: Ampharos|Volt Switch|p1a: Mega Chansey
|-damage|p1a: Mega Chansey|399\/656
|
|switch|p2a: Snorlax|Snorlax, M|493\/493
|
|-heal|p1a: Mega Chansey|440\/656|[from] item: Leftovers
|turn|102
|
|switch|p1a: woofy woof woof|Granbull, F|363\/384 slp
|-ability|p1a: woofy woof woof|Intimidate|[of] p2a: Snorlax
|-unboost|p2a: Snorlax|atk|1
|switch|p2a: Ampharos|Ampharos-Mega, M|311\/353
|-ability|p2a: Ampharos|Mold Breaker
|
|-heal|p1a: woofy woof woof|384\/384 slp|[from] item: Leftovers
|turn|103
|
|switch|p1a: Mega Chansey|Blissey, F|440\/656
|move|p2a: Ampharos|Volt Switch|p1a: Mega Chansey
|-crit|p1a: Mega Chansey
|-damage|p1a: Mega Chansey|299\/656
|
|switch|p2a: Snorlax|Snorlax, M|493\/493
|
|-heal|p1a: Mega Chansey|340\/656|[from] item: Leftovers
|turn|104
|
|move|p1a: Mega Chansey|Soft-Boiled|p1a: Mega Chansey
|-heal|p1a: Mega Chansey|656\/656
|move|p2a: Snorlax|Frustration|p1a: Mega Chansey
|-damage|p1a: Mega Chansey|406\/656
|
|-heal|p1a: Mega Chansey|447\/656|[from] item: Leftovers
|turn|105
|
|switch|p1a: woofy woof woof|Granbull, F|384\/384 slp
|-ability|p1a: woofy woof woof|Intimidate|[of] p2a: Snorlax
|-unboost|p2a: Snorlax|atk|1
|move|p2a: Snorlax|Frustration|p1a: woofy woof woof
|-crit|p1a: woofy woof woof
|-damage|p1a: woofy woof woof|207\/384 slp
|
|-heal|p1a: woofy woof woof|231\/384 slp|[from] item: Leftovers
|turn|106
|
|switch|p2a: Crobat|Crobat, M|238\/373
|cant|p1a: woofy woof woof|slp
|move|p1a: woofy woof woof|Sleep Talk|p1a: woofy woof woof
|move|p1a: woofy woof woof|Play Rough|p2a: Crobat|[from]Sleep Talk
|-resisted|p2a: Crobat
|-damage|p2a: Crobat|170\/373
|
|-heal|p2a: Crobat|193\/373|[from] item: Black Sludge
|-heal|p1a: woofy woof woof|255\/384 slp|[from] item: Leftovers
|turn|107
|
|switch|p1a: swimmy swim|Alomomola, F|471\/471
|move|p2a: Crobat|U-turn|p1a: swimmy swim
|-damage|p1a: swimmy swim|426\/471
|
|switch|p2a: Ampharos|Ampharos-Mega, M|311\/353
|-ability|p2a: Ampharos|Mold Breaker
|
|turn|108
|
|switch|p1a: Mega Chansey|Blissey, F|447\/656
|move|p2a: Ampharos|Volt Switch|p1a: Mega Chansey
|-damage|p1a: Mega Chansey|347\/656
|
|switch|p2a: Snorlax|Snorlax, M|493\/493
|
|-heal|p1a: Mega Chansey|388\/656|[from] item: Leftovers
|turn|109
|
|move|p1a: Mega Chansey|Soft-Boiled|p1a: Mega Chansey
|-heal|p1a: Mega Chansey|656\/656
|move|p2a: Snorlax|Frustration|p1a: Mega Chansey
|-damage|p1a: Mega Chansey|403\/656
|
|-heal|p1a: Mega Chansey|444\/656|[from] item: Leftovers
|turn|110
|
|switch|p1a: swimmy swim|Alomomola, F|471\/471
|switch|p2a: Ampharos|Ampharos-Mega, M|311\/353
|-ability|p2a: Ampharos|Mold Breaker
|
|turn|111
|
|switch|p1a: Mega Chansey|Blissey, F|444\/656
|move|p2a: Ampharos|Volt Switch|p1a: Mega Chansey
|-damage|p1a: Mega Chansey|342\/656
|
|switch|p2a: Snorlax|Snorlax, M|493\/493
|
|-heal|p1a: Mega Chansey|383\/656|[from] item: Leftovers
|turn|112
|
|switch|p1a: swimmy swim|Alomomola, F|471\/471
|move|p2a: Snorlax|Frustration|p1a: swimmy swim
|-damage|p1a: swimmy swim|359\/471
|
|turn|113
|
|move|p1a: swimmy swim|Wish|p1a: swimmy swim
|move|p2a: Snorlax|Curse|p2a: Snorlax
|-boost|p2a: Snorlax|atk|1
|-boost|p2a: Snorlax|def|1
|-unboost|p2a: Snorlax|spe|1
|
|turn|114
|
|switch|p1a: woofy woof woof|Granbull, F|255\/384 slp
|-ability|p1a: woofy woof woof|Intimidate|[of] p2a: Snorlax
|-unboost|p2a: Snorlax|atk|1
|move|p2a: Snorlax|Frustration|p1a: woofy woof woof
|-damage|p1a: woofy woof woof|132\/384 slp
|
|-heal|p1a: woofy woof woof|367\/384 slp|[from] move: Wish|[wisher] swimmy swim
|-heal|p1a: woofy woof woof|384\/384 slp|[from] item: Leftovers
|turn|115
|
|switch|p1a: batsy watzy|Crobat, M|233\/373
|switch|p2a: Crobat|Crobat, M|193\/373
|
|-heal|p1a: batsy watzy|256\/373|[from] item: Black Sludge
|-heal|p2a: Crobat|216\/373|[from] item: Black Sludge
|turn|116
|
|switch|p1a: swimmy swim|Alomomola, F|471\/471
|move|p2a: Crobat|U-turn|p1a: swimmy swim
|-crit|p1a: swimmy swim
|-damage|p1a: swimmy swim|400\/471
|
|switch|p2a: Ampharos|Ampharos-Mega, M|311\/353
|-ability|p2a: Ampharos|Mold Breaker
|
|turn|117
|
|move|p1a: swimmy swim|Protect|p1a: swimmy swim
|-singleturn|p1a: swimmy swim|Protect
|move|p2a: Ampharos|Focus Blast|p1a: swimmy swim
|-activate|p1a: swimmy swim|Protect
|
|turn|118
|
|switch|p1a: Mega Chansey|Blissey, F|383\/656
|move|p2a: Ampharos|Focus Blast|p1a: Mega Chansey
|-crit|p1a: Mega Chansey
|-supereffective|p1a: Mega Chansey
|-damage|p1a: Mega Chansey|23\/656
|
|-heal|p1a: Mega Chansey|64\/656|[from] item: Leftovers
|turn|119
|
|move|p2a: Ampharos|Dragon Pulse|p1a: Mega Chansey
|-damage|p1a: Mega Chansey|0 fnt
|faint|p1a: Mega Chansey
|
|
|switch|p1a: bubblsy bubbles|Swampert-Mega, M|128\/404
|turn|120
|
|move|p1a: bubblsy bubbles|Rest|p1a: bubblsy bubbles
|-status|p1a: bubblsy bubbles|slp
|-heal|p1a: bubblsy bubbles|404\/404 slp|[silent]
|-status|p1a: bubblsy bubbles|slp|[from] move: Rest
|move|p2a: Ampharos|Dragon Pulse|p1a: bubblsy bubbles
|-damage|p1a: bubblsy bubbles|271\/404 slp
|
|turn|121
|
|cant|p1a: bubblsy bubbles|slp
|move|p1a: bubblsy bubbles|Sleep Talk|p1a: bubblsy bubbles
|move|p1a: bubblsy bubbles|Earthquake|p2a: Ampharos|[from]Sleep Talk
|-supereffective|p2a: Ampharos
|-damage|p2a: Ampharos|0 fnt
|faint|p2a: Ampharos
|
|
|switch|p2a: Crobat|Crobat, M|216\/373
|turn|122
|
|switch|p1a: swimmy swim|Alomomola, F|471\/471
|move|p2a: Crobat|U-turn|p1a: swimmy swim
|-damage|p1a: swimmy swim|420\/471
|
|switch|p2a: Alomomola|Alomomola, F|533\/533
|
|turn|123
|
|switch|p1a: onion fairy god|Celebi|135\/396
|move|p2a: Alomomola|Toxic|p1a: onion fairy god
|-status|p1a: onion fairy god|tox
|
|-damage|p1a: onion fairy god|111\/396 tox|[from] psn
|turn|124
|
|switch|p2a: Crobat|Crobat, M|216\/373
|move|p1a: onion fairy god|Recover|p1a: onion fairy god
|-heal|p1a: onion fairy god|309\/396 tox
|
|-heal|p2a: Crobat|239\/373|[from] item: Black Sludge
|-damage|p1a: onion fairy god|261\/396 tox|[from] psn
|turn|125
|
|switch|p1a: swimmy swim|Alomomola, F|471\/471
|move|p2a: Crobat|Roost|p2a: Crobat
|-heal|p2a: Crobat|373\/373
|
|turn|126
|
|switch|p2a: Snorlax|Snorlax, M|493\/493
|move|p1a: swimmy swim|Toxic|p2a: Snorlax
|-status|p2a: Snorlax|tox
|
|-damage|p2a: Snorlax|463\/493 tox|[from] psn
|turn|127
|
|switch|p1a: batsy watzy|Crobat, M|256\/373
|move|p2a: Snorlax|Rest|p2a: Snorlax
|-status|p2a: Snorlax|slp
|-heal|p2a: Snorlax|493\/493 slp|[silent]
|-status|p2a: Snorlax|slp|[from] move: Rest
|
|-heal|p1a: batsy watzy|279\/373|[from] item: Black Sludge
|turn|128
|
|switch|p1a: onion fairy god|Celebi|261\/396
|cant|p2a: Snorlax|slp
|move|p2a: Snorlax|Sleep Talk|p2a: Snorlax
|move|p2a: Snorlax|Rest|p2a: Snorlax|[from]Sleep Talk
|-fail|p2a: Snorlax
|
|turn|129
|
|move|p1a: onion fairy god|Stealth Rock|p2a: Snorlax
|-sidestart|p2: TewMew|move: Stealth Rock
|cant|p2a: Snorlax|slp
|move|p2a: Snorlax|Sleep Talk|p2a: Snorlax
|move|p2a: Snorlax|Frustration|p1a: onion fairy god|[from]Sleep Talk
|-damage|p1a: onion fairy god|167\/396
|
|turn|130
|
|switch|p1a: woofy woof woof|Granbull, F|384\/384 slp
|-ability|p1a: woofy woof woof|Intimidate|[of] p2a: Snorlax
|-unboost|p2a: Snorlax|atk|1
|-curestatus|p2a: Snorlax|slp
|move|p2a: Snorlax|Curse|p2a: Snorlax
|-boost|p2a: Snorlax|atk|1
|-boost|p2a: Snorlax|def|1
|-unboost|p2a: Snorlax|spe|1
|
|turn|131
|
|switch|p1a: batsy watzy|Crobat, M|279\/373
|move|p2a: Snorlax|Curse|p2a: Snorlax
|-boost|p2a: Snorlax|atk|1
|-boost|p2a: Snorlax|def|1
|-unboost|p2a: Snorlax|spe|1
|
|-heal|p1a: batsy watzy|302\/373|[from] item: Black Sludge
|turn|132
|
|move|p1a: batsy watzy|Haze|p1a: batsy watzy
|-clearallboost
|move|p2a: Snorlax|Frustration|p1a: batsy watzy
|-damage|p1a: batsy watzy|154\/373
|
|-heal|p1a: batsy watzy|177\/373|[from] item: Black Sludge
|turn|133
|
|switch|p2a: Crobat|Crobat, M|373\/373
|-damage|p2a: Crobat|280\/373|[from] Stealth Rock
|move|p1a: batsy watzy|Roost|p1a: batsy watzy
|-heal|p1a: batsy watzy|364\/373
|
|-heal|p1a: batsy watzy|373\/373|[from] item: Black Sludge
|-heal|p2a: Crobat|303\/373|[from] item: Black Sludge
|turn|134
|
|switch|p1a: swimmy swim|Alomomola, F|471\/471
|move|p2a: Crobat|Defog|p1a: swimmy swim
|-unboost|p1a: swimmy swim|evasion|1
|-sideend|p2: TewMew|Stealth Rock|[from] move: Defog|[of] p2a: Crobat
|
|-heal|p2a: Crobat|326\/373|[from] item: Black Sludge
|turn|135
|
|switch|p2a: Snorlax|Snorlax, M|493\/493
|move|p1a: swimmy swim|Wish|p1a: swimmy swim
|
|turn|136
|
|switch|p1a: onion fairy god|Celebi|167\/396
|switch|p2a: Crobat|Crobat, M|326\/373
|
|-heal|p1a: onion fairy god|396\/396|[from] move: Wish|[wisher] swimmy swim
|-heal|p2a: Crobat|349\/373|[from] item: Black Sludge
|turn|137
|
|switch|p1a: swimmy swim|Alomomola, F|471\/471
|move|p2a: Crobat|U-turn|p1a: swimmy swim
|-damage|p1a: swimmy swim|425\/471
|
|switch|p2a: Alomomola|Alomomola, F|533\/533
|
|turn|138
|
|switch|p1a: onion fairy god|Celebi|396\/396
|move|p2a: Alomomola|Toxic|p1a: onion fairy god
|-status|p1a: onion fairy god|tox
|
|-damage|p1a: onion fairy god|372\/396 tox|[from] psn
|turn|139
|
|switch|p2a: Crobat|Crobat, M|349\/373
|move|p1a: onion fairy god|Stealth Rock|p2a: Crobat
|-sidestart|p2: TewMew|move: Stealth Rock
|
|-heal|p2a: Crobat|372\/373|[from] item: Black Sludge
|-damage|p1a: onion fairy god|324\/396 tox|[from] psn
|turn|140
|
|switch|p1a: woofy woof woof|Granbull, F|384\/384 slp
|-ability|p1a: woofy woof woof|Intimidate|[of] p2a: Crobat
|-unboost|p2a: Crobat|atk|1
|move|p2a: Crobat|Defog|p1a: woofy woof woof
|-unboost|p1a: woofy woof woof|evasion|1
|-sideend|p2: TewMew|Stealth Rock|[from] move: Defog|[of] p2a: Crobat
|
|-heal|p2a: Crobat|373\/373|[from] item: Black Sludge
|turn|141
|
|switch|p2a: Alomomola|Alomomola, F|533\/533
|-curestatus|p1a: woofy woof woof|slp
|move|p1a: woofy woof woof|Play Rough|p2a: Alomomola
|-damage|p2a: Alomomola|427\/533
|-damage|p1a: woofy woof woof|320\/384|[from] item: Rocky Helmet|[of] p2a: Alomomola
|
|-heal|p1a: woofy woof woof|344\/384|[from] item: Leftovers
|turn|142
|
|switch|p2a: Crobat|Crobat, M|373\/373
|switch|p1a: onion fairy god|Celebi|324\/396
|
|turn|143
|
|switch|p2a: Alomomola|Alomomola, F|533\/533
|switch|p1a: woofy woof woof|Granbull, F|344\/384
|-ability|p1a: woofy woof woof|Intimidate|[of] p2a: Alomomola
|-unboost|p2a: Alomomola|atk|1
|
|-heal|p1a: woofy woof woof|368\/384|[from] item: Leftovers
|turn|144
|
|switch|p2a: Crobat|Crobat, M|373\/373
|switch|p1a: onion fairy god|Celebi|324\/396
|
|turn|145
|
|switch|p2a: Alomomola|Alomomola, F|533\/533
|switch|p1a: swimmy swim|Alomomola, F|471\/471
|
|turn|146
|
|switch|p1a: onion fairy god|Celebi|324\/396
|switch|p2a: Crobat|Crobat, M|373\/373
|
|turn|147
|
|switch|p2a: Alomomola|Alomomola, F|533\/533
|switch|p1a: swimmy swim|Alomomola, F|471\/471
|
|turn|148
|
|switch|p1a: bubblsy bubbles|Swampert-Mega, M|271\/404 slp
|switch|p2a: Crobat|Crobat, M|373\/373
|
|turn|149
|c|âTewMew|take the win even if i play awfully gg
|-message|TewMew forfeited.
|leave|TewMew
|
|win|pokemonisfun
|raw|Ladder updating...
|player|p2
|raw|pokemonisfun's rating: 1618 &rarr; <strong>1647<\/strong><br \/>(+29 for winning)
|raw|TewMew's rating: 1785 &rarr; <strong>1756<\/strong><br \/>(-29 for losing)