|join|TewMew
|join|Metal Sonic
|player|p1|TewMew|43
|player|p2|Metal Sonic|266
|gametype|singles
|gen|6
|tier|UU
|rated
|rule|Sleep Clause Mod: Limit one foe put to sleep
|rule|Species Clause: Limit one of each PokÃ©mon
|rule|OHKO Clause: OHKO moves are banned
|rule|Moody Clause: Moody is banned
|rule|Evasion Moves Clause: Evasion moves are banned
|rule|Endless Battle Clause: Forcing endless battles is banned
|rule|HP Percentage Mod: HP is shown in percentages
|clearpoke
|poke|p1|Cobalion
|poke|p1|Snorlax, M
|poke|p1|Alomomola, F
|poke|p1|Celebi
|poke|p1|Crobat, M
|poke|p1|Swampert, M
|poke|p2|Aerodactyl, M
|poke|p2|Hippowdon, F
|poke|p2|Roserade, F
|poke|p2|Darmanitan, F
|poke|p2|Starmie
|poke|p2|Mienshao, F
|rule|Swagger Clause: Swagger is banned
|rule|Baton Pass Clause: Limit one PokÃ©mon knowing Baton Pass
|teampreview
|
|start
|switch|p1a: Alomomola|Alomomola, F|533\/533
|switch|p2a: Roserade|Roserade, F|324\/324
|turn|1
|
|switch|p1a: Snorlax|Snorlax, M|493\/493
|move|p2a: Roserade|Leech Seed|p1a: Snorlax
|-start|p1a: Snorlax|move: Leech Seed
|
|-damage|p1a: Snorlax|432\/493|[from] Leech Seed|[of] p2a: Roserade
|turn|2
|
|switch|p2a: Hippowdon|Hippowdon, F|420\/420
|-weather|Sandstorm
|switch|p1a: Crobat|Crobat, M|373\/373
|
|-weather|Sandstorm|[upkeep]
|-damage|p1a: Crobat|350\/373|[from] sandstorm
|-heal|p1a: Crobat|373\/373|[from] item: Black Sludge
|turn|3
|
|move|p1a: Crobat|U-turn|p2a: Hippowdon
|-damage|p2a: Hippowdon|386\/420
|
|switch|p1a: Celebi|Celebi|401\/401
|move|p2a: Hippowdon|Stealth Rock|p1a: Celebi
|-sidestart|p1: TewMew|move: Stealth Rock
|
|-weather|Sandstorm|[upkeep]
|-damage|p1a: Celebi|376\/401|[from] sandstorm
|-heal|p1a: Celebi|401\/401|[from] item: Leftovers
|-heal|p2a: Hippowdon|412\/420|[from] item: Leftovers
|turn|4
|
|switch|p2a: Aerodactyl|Aerodactyl, M|311\/311
|-ability|p2a: Aerodactyl|Pressure
|move|p1a: Celebi|Stealth Rock|p2a: Aerodactyl
|-sidestart|p2: Metal Sonic|move: Stealth Rock
|
|-weather|Sandstorm|[upkeep]
|-damage|p1a: Celebi|376\/401|[from] sandstorm
|-heal|p1a: Celebi|401\/401|[from] item: Leftovers
|turn|5
|
|switch|p1a: Alomomola|Alomomola, F|533\/533
|-damage|p1a: Alomomola|467\/533|[from] Stealth Rock
|detailschange|p2a: Aerodactyl|Aerodactyl-Mega, M
|-mega|p2a: Aerodactyl|Aerodactyl|Aerodactylite
|move|p2a: Aerodactyl|Aerial Ace|p1a: Alomomola
|-damage|p1a: Alomomola|350\/533
|-damage|p2a: Aerodactyl|260\/311|[from] item: Rocky Helmet|[of] p1a: Alomomola
|
|-weather|Sandstorm|[upkeep]
|-damage|p1a: Alomomola|317\/533|[from] sandstorm
|turn|6
|
|switch|p2a: Roserade|Roserade, F|324\/324
|-damage|p2a: Roserade|284\/324|[from] Stealth Rock
|move|p1a: Alomomola|Scald|p2a: Roserade
|-resisted|p2a: Roserade
|-damage|p2a: Roserade|266\/324
|
|-weather|none
|-heal|p2a: Roserade|286\/324|[from] item: Black Sludge
|turn|7
|
|switch|p1a: Snorlax|Snorlax, M|432\/493
|-damage|p1a: Snorlax|371\/493|[from] Stealth Rock
|move|p2a: Roserade|Spikes|p1a: Snorlax
|-sidestart|p1: TewMew|Spikes
|
|-heal|p2a: Roserade|306\/324|[from] item: Black Sludge
|-heal|p1a: Snorlax|401\/493|[from] item: Leftovers
|turn|8
|
|switch|p2a: Hippowdon|Hippowdon, F|412\/420
|-damage|p2a: Hippowdon|386\/420|[from] Stealth Rock
|-weather|Sandstorm
|move|p1a: Snorlax|Frustration|p2a: Hippowdon
|-damage|p2a: Hippowdon|305\/420
|
|-weather|Sandstorm|[upkeep]
|-damage|p1a: Snorlax|371\/493|[from] sandstorm
|-heal|p2a: Hippowdon|331\/420|[from] item: Leftovers
|-heal|p1a: Snorlax|401\/493|[from] item: Leftovers
|turn|9
|
|move|p1a: Snorlax|Curse|p1a: Snorlax
|-boost|p1a: Snorlax|atk|1
|-boost|p1a: Snorlax|def|1
|-unboost|p1a: Snorlax|spe|1
|move|p2a: Hippowdon|Roar|p1a: Snorlax
|drag|p1a: Swampert|Swampert, M|403\/403
|-damage|p1a: Swampert|353\/403|[from] Spikes
|-damage|p1a: Swampert|328\/403|[from] Stealth Rock
|
|-weather|Sandstorm|[upkeep]
|-heal|p2a: Hippowdon|357\/420|[from] item: Leftovers
|turn|10
|
|switch|p2a: Roserade|Roserade, F|306\/324
|-damage|p2a: Roserade|266\/324|[from] Stealth Rock
|detailschange|p1a: Swampert|Swampert-Mega, M
|-mega|p1a: Swampert|Swampert|Swampertite
|move|p1a: Swampert|Earthquake|p2a: Roserade
|-damage|p2a: Roserade|46\/324
|
|-weather|Sandstorm|[upkeep]
|-damage|p2a: Roserade|26\/324|[from] sandstorm
|-heal|p2a: Roserade|46\/324|[from] item: Black Sludge
|turn|11
|
|switch|p1a: Crobat|Crobat, M|373\/373
|-damage|p1a: Crobat|280\/373|[from] Stealth Rock
|move|p2a: Roserade|Leech Seed|p1a: Crobat
|-start|p1a: Crobat|move: Leech Seed
|
|-weather|Sandstorm|[upkeep]
|-damage|p1a: Crobat|257\/373|[from] sandstorm
|-damage|p2a: Roserade|26\/324|[from] sandstorm
|-heal|p1a: Crobat|280\/373|[from] item: Black Sludge
|-heal|p2a: Roserade|46\/324|[from] item: Black Sludge
|-damage|p1a: Crobat|234\/373|[from] Leech Seed|[of] p2a: Roserade
|-heal|p2a: Roserade|92\/324|[silent]
|turn|12
|
|switch|p2a: Hippowdon|Hippowdon, F|357\/420
|-damage|p2a: Hippowdon|331\/420|[from] Stealth Rock
|move|p1a: Crobat|Defog|p2a: Hippowdon
|-unboost|p2a: Hippowdon|evasion|1
|-sideend|p2: Metal Sonic|Stealth Rock|[from] move: Defog|[of] p2a: Hippowdon
|-sideend|p1: TewMew|Spikes|[from] move: Defog|[of] p1a: Crobat
|-sideend|p1: TewMew|Stealth Rock|[from] move: Defog|[of] p1a: Crobat
|
|-weather|none
|-heal|p1a: Crobat|257\/373|[from] item: Black Sludge
|-heal|p2a: Hippowdon|357\/420|[from] item: Leftovers
|-damage|p1a: Crobat|211\/373|[from] Leech Seed|[of] p2a: Hippowdon
|-heal|p2a: Hippowdon|403\/420|[silent]
|turn|13
|
|move|p1a: Crobat|Roost|p1a: Crobat
|-heal|p1a: Crobat|373\/373
|move|p2a: Hippowdon|Stealth Rock|p1a: Crobat
|-sidestart|p1: TewMew|move: Stealth Rock
|
|-heal|p2a: Hippowdon|420\/420|[from] item: Leftovers
|-damage|p1a: Crobat|327\/373|[from] Leech Seed|[of] p2a: Hippowdon
|turn|14
|
|move|p1a: Crobat|Defog|p2a: Hippowdon
|-unboost|p2a: Hippowdon|evasion|1
|-sideend|p1: TewMew|Stealth Rock|[from] move: Defog|[of] p1a: Crobat
|move|p2a: Hippowdon|Roar|p1a: Crobat
|drag|p1a: Cobalion|Cobalion|323\/323
|
|turn|15
|
|move|p1a: Cobalion|Toxic|p2a: Hippowdon
|-status|p2a: Hippowdon|tox
|move|p2a: Hippowdon|Earthquake|p1a: Cobalion
|-supereffective|p1a: Cobalion
|-damage|p1a: Cobalion|125\/323
|
|-heal|p1a: Cobalion|145\/323|[from] item: Leftovers
|-damage|p2a: Hippowdon|394\/420 tox|[from] psn
|turn|16
|
|switch|p1a: Crobat|Crobat, M|327\/373
|switch|p2a: Mienshao|Mienshao, F|271\/271
|
|-heal|p1a: Crobat|350\/373|[from] item: Black Sludge
|turn|17
|
|switch|p2a: Aerodactyl|Aerodactyl-Mega, M|260\/311
|move|p1a: Crobat|Brave Bird|p2a: Aerodactyl
|-resisted|p2a: Aerodactyl
|-damage|p2a: Aerodactyl|176\/311
|-damage|p1a: Crobat|322\/373|[from] recoil|[of] p2a: Aerodactyl
|
|-heal|p1a: Crobat|345\/373|[from] item: Black Sludge
|turn|18
|
|switch|p1a: Alomomola|Alomomola, F|494\/533
|move|p2a: Aerodactyl|Roost|p2a: Aerodactyl
|-heal|p2a: Aerodactyl|311\/311
|
|turn|19
|
|switch|p2a: Starmie|Starmie|324\/324
|move|p1a: Alomomola|Scald|p2a: Starmie
|-resisted|p2a: Starmie
|-damage|p2a: Starmie|297\/324
|
|-heal|p2a: Starmie|317\/324|[from] item: Leftovers
|turn|20
|
|switch|p1a: Celebi|Celebi|401\/401
|move|p2a: Starmie|Scald|p1a: Celebi
|-resisted|p1a: Celebi
|-damage|p1a: Celebi|355\/401
|
|-heal|p2a: Starmie|324\/324|[from] item: Leftovers
|-heal|p1a: Celebi|380\/401|[from] item: Leftovers
|turn|21
|
|switch|p2a: Darmanitan|Darmanitan, F|351\/351
|move|p1a: Celebi|Stealth Rock|p2a: Darmanitan
|-sidestart|p2: Metal Sonic|move: Stealth Rock
|
|-heal|p1a: Celebi|401\/401|[from] item: Leftovers
|turn|22
|
|switch|p1a: Alomomola|Alomomola, F|533\/533
|move|p2a: Darmanitan|U-turn|p1a: Alomomola
|-damage|p1a: Alomomola|445\/533
|-damage|p2a: Darmanitan|293\/351|[from] item: Rocky Helmet|[of] p1a: Alomomola
|-damage|p2a: Darmanitan|258\/351|[from] item: Life Orb
|
|switch|p2a: Roserade|Roserade, F|92\/324
|-damage|p2a: Roserade|52\/324|[from] Stealth Rock
|
|-heal|p2a: Roserade|72\/324|[from] item: Black Sludge
|turn|23
|
|switch|p1a: Crobat|Crobat, M|345\/373
|move|p2a: Roserade|Spikes|p1a: Crobat
|-sidestart|p1: TewMew|Spikes
|
|-heal|p1a: Crobat|368\/373|[from] item: Black Sludge
|-heal|p2a: Roserade|92\/324|[from] item: Black Sludge
|turn|24
|
|switch|p2a: Hippowdon|Hippowdon, F|394\/420 tox
|-damage|p2a: Hippowdon|368\/420 tox|[from] Stealth Rock
|-weather|Sandstorm
|move|p1a: Crobat|U-turn|p2a: Hippowdon
|-damage|p2a: Hippowdon|329\/420 tox
|
|switch|p1a: Celebi|Celebi|401\/401
|-damage|p1a: Celebi|351\/401|[from] Spikes
|
|-weather|Sandstorm|[upkeep]
|-damage|p1a: Celebi|326\/401|[from] sandstorm
|-heal|p1a: Celebi|351\/401|[from] item: Leftovers
|-heal|p2a: Hippowdon|355\/420 tox|[from] item: Leftovers
|-damage|p2a: Hippowdon|329\/420 tox|[from] psn
|turn|25
|
|switch|p2a: Aerodactyl|Aerodactyl-Mega, M|311\/311
|-damage|p2a: Aerodactyl|234\/311|[from] Stealth Rock
|move|p1a: Celebi|Giga Drain|p2a: Aerodactyl
|-damage|p2a: Aerodactyl|173\/311
|-heal|p1a: Celebi|382\/401|[from] drain|[of] p2a: Aerodactyl
|
|-weather|Sandstorm|[upkeep]
|-damage|p1a: Celebi|357\/401|[from] sandstorm
|-heal|p1a: Celebi|382\/401|[from] item: Leftovers
|turn|26
|
|switch|p1a: Alomomola|Alomomola, F|533\/533
|-damage|p1a: Alomomola|467\/533|[from] Spikes
|move|p2a: Aerodactyl|Roost|p2a: Aerodactyl
|-heal|p2a: Aerodactyl|311\/311
|
|-weather|Sandstorm|[upkeep]
|-damage|p1a: Alomomola|434\/533|[from] sandstorm
|turn|27
|
|switch|p2a: Starmie|Starmie|324\/324
|-damage|p2a: Starmie|284\/324|[from] Stealth Rock
|move|p1a: Alomomola|Scald|p2a: Starmie
|-resisted|p2a: Starmie
|-damage|p2a: Starmie|256\/324
|-status|p2a: Starmie|brn
|
|-weather|Sandstorm|[upkeep]
|-damage|p2a: Starmie|236\/324 brn|[from] sandstorm
|-damage|p1a: Alomomola|401\/533|[from] sandstorm
|-heal|p2a: Starmie|256\/324 brn|[from] item: Leftovers
|-damage|p2a: Starmie|216\/324 brn|[from] brn
|turn|28
|
|switch|p1a: Snorlax|Snorlax, M|401\/493
|-damage|p1a: Snorlax|340\/493|[from] Spikes
|move|p2a: Starmie|Ice Beam|p1a: Snorlax
|-damage|p1a: Snorlax|315\/493
|
|-weather|none
|-heal|p2a: Starmie|236\/324 brn|[from] item: Leftovers
|-heal|p1a: Snorlax|345\/493|[from] item: Leftovers
|-damage|p2a: Starmie|196\/324 brn|[from] brn
|turn|29
|
|switch|p2a: Hippowdon|Hippowdon, F|329\/420 tox
|-damage|p2a: Hippowdon|303\/420 tox|[from] Stealth Rock
|-weather|Sandstorm
|move|p1a: Snorlax|Curse|p1a: Snorlax
|-boost|p1a: Snorlax|atk|1
|-boost|p1a: Snorlax|def|1
|-unboost|p1a: Snorlax|spe|1
|
|-weather|Sandstorm|[upkeep]
|-damage|p1a: Snorlax|315\/493|[from] sandstorm
|-heal|p2a: Hippowdon|329\/420 tox|[from] item: Leftovers
|-heal|p1a: Snorlax|345\/493|[from] item: Leftovers
|-damage|p2a: Hippowdon|303\/420 tox|[from] psn
|turn|30
|
|move|p2a: Hippowdon|Stealth Rock|p1a: Snorlax
|-sidestart|p1: TewMew|move: Stealth Rock
|move|p1a: Snorlax|Frustration|p2a: Hippowdon
|-damage|p2a: Hippowdon|171\/420 tox
|
|-weather|Sandstorm|[upkeep]
|-damage|p1a: Snorlax|315\/493|[from] sandstorm
|-heal|p2a: Hippowdon|197\/420 tox|[from] item: Leftovers
|-heal|p1a: Snorlax|345\/493|[from] item: Leftovers
|-damage|p2a: Hippowdon|145\/420 tox|[from] psn
|turn|31
|
|move|p2a: Hippowdon|Slack Off|p2a: Hippowdon
|-heal|p2a: Hippowdon|355\/420 tox
|move|p1a: Snorlax|Frustration|p2a: Hippowdon
|-damage|p2a: Hippowdon|220\/420 tox
|
|-weather|Sandstorm|[upkeep]
|-damage|p1a: Snorlax|315\/493|[from] sandstorm
|-heal|p2a: Hippowdon|246\/420 tox|[from] item: Leftovers
|-heal|p1a: Snorlax|345\/493|[from] item: Leftovers
|-damage|p2a: Hippowdon|168\/420 tox|[from] psn
|turn|32
|
|move|p1a: Snorlax|Frustration|p2a: Hippowdon
|-crit|p2a: Hippowdon
|-damage|p2a: Hippowdon|0 fnt
|faint|p2a: Hippowdon
|
|-weather|Sandstorm|[upkeep]
|-damage|p1a: Snorlax|315\/493|[from] sandstorm
|-heal|p1a: Snorlax|345\/493|[from] item: Leftovers
|
|switch|p2a: Mienshao|Mienshao, F|271\/271
|-damage|p2a: Mienshao|255\/271|[from] Stealth Rock
|turn|33
|c|âMetal Sonic|ew\/ lol
|
|switch|p1a: Alomomola|Alomomola, F|533\/533
|-damage|p1a: Alomomola|467\/533|[from] Spikes
|-damage|p1a: Alomomola|401\/533|[from] Stealth Rock
|move|p2a: Mienshao|High Jump Kick|p1a: Alomomola
|-damage|p1a: Alomomola|182\/533
|-damage|p2a: Mienshao|210\/271|[from] item: Rocky Helmet|[of] p1a: Alomomola
|
|-weather|none
|turn|34
|
|switch|p2a: Roserade|Roserade, F|92\/324
|-damage|p2a: Roserade|52\/324|[from] Stealth Rock
|switch|p1a: Crobat|Crobat, M|368\/373
|-damage|p1a: Crobat|275\/373|[from] Stealth Rock
|
|-heal|p1a: Crobat|298\/373|[from] item: Black Sludge
|-heal|p2a: Roserade|72\/324|[from] item: Black Sludge
|turn|35
|
|move|p1a: Crobat|Defog|p2a: Roserade
|-unboost|p2a: Roserade|evasion|1
|-sideend|p2: Metal Sonic|Stealth Rock|[from] move: Defog|[of] p2a: Roserade
|-sideend|p1: TewMew|Spikes|[from] move: Defog|[of] p1a: Crobat
|-sideend|p1: TewMew|Stealth Rock|[from] move: Defog|[of] p1a: Crobat
|move|p2a: Roserade|Leech Seed|p1a: Crobat
|-start|p1a: Crobat|move: Leech Seed
|
|-heal|p1a: Crobat|321\/373|[from] item: Black Sludge
|-heal|p2a: Roserade|92\/324|[from] item: Black Sludge
|-damage|p1a: Crobat|275\/373|[from] Leech Seed|[of] p2a: Roserade
|-heal|p2a: Roserade|138\/324|[silent]
|turn|36
|
|switch|p2a: Aerodactyl|Aerodactyl-Mega, M|311\/311
|move|p1a: Crobat|U-turn|p2a: Aerodactyl
|-resisted|p2a: Aerodactyl
|-damage|p2a: Aerodactyl|277\/311
|
|switch|p1a: Alomomola|Alomomola, F|359\/533
|
|turn|37
|
|switch|p2a: Roserade|Roserade, F|138\/324
|move|p1a: Alomomola|Scald|p2a: Roserade
|-resisted|p2a: Roserade
|-damage|p2a: Roserade|121\/324
|
|-heal|p2a: Roserade|141\/324|[from] item: Black Sludge
|turn|38
|
|switch|p2a: Aerodactyl|Aerodactyl-Mega, M|277\/311
|switch|p1a: Crobat|Crobat, M|275\/373
|
|-heal|p1a: Crobat|298\/373|[from] item: Black Sludge
|turn|39
|
|switch|p1a: Alomomola|Alomomola, F|533\/533
|move|p2a: Aerodactyl|Hone Claws|p2a: Aerodactyl
|-boost|p2a: Aerodactyl|atk|1
|-boost|p2a: Aerodactyl|accuracy|1
|
|turn|40
|
|move|p2a: Aerodactyl|Stone Edge|p1a: Alomomola
|-damage|p1a: Alomomola|304\/533
|move|p1a: Alomomola|Toxic|p2a: Aerodactyl|[miss]
|-miss|p1a: Alomomola|p2a: Aerodactyl
|
|turn|41
|
|move|p2a: Aerodactyl|Stone Edge|p1a: Alomomola
|-damage|p1a: Alomomola|72\/533
|move|p1a: Alomomola|Toxic|p2a: Aerodactyl
|-status|p2a: Aerodactyl|tox
|
|-damage|p2a: Aerodactyl|258\/311 tox|[from] psn
|turn|42
|
|switch|p1a: Swampert|Swampert-Mega, M|328\/403
|move|p2a: Aerodactyl|Hone Claws|p2a: Aerodactyl
|-boost|p2a: Aerodactyl|atk|1
|-boost|p2a: Aerodactyl|accuracy|1
|
|-damage|p2a: Aerodactyl|220\/311 tox|[from] psn
|turn|43
|
|move|p2a: Aerodactyl|Aerial Ace|p1a: Swampert
|-damage|p1a: Swampert|72\/403
|move|p1a: Swampert|Scald|p2a: Aerodactyl
|-supereffective|p2a: Aerodactyl
|-damage|p2a: Aerodactyl|46\/311 tox
|
|-damage|p2a: Aerodactyl|0 fnt|[from] psn
|faint|p2a: Aerodactyl
|
|switch|p2a: Darmanitan|Darmanitan, F|258\/351
|turn|44
|
|switch|p1a: Alomomola|Alomomola, F|249\/533
|move|p2a: Darmanitan|Flare Blitz|p1a: Alomomola
|-resisted|p1a: Alomomola
|-damage|p1a: Alomomola|77\/533
|-damage|p2a: Darmanitan|200\/351|[from] item: Rocky Helmet|[of] p1a: Alomomola
|-damage|p2a: Darmanitan|143\/351|[from] recoil|[of] p1a: Alomomola
|
|turn|45
|
|switch|p1a: Swampert|Swampert-Mega, M|72\/403
|move|p2a: Darmanitan|Flare Blitz|p1a: Swampert
|-resisted|p1a: Swampert
|-damage|p1a: Swampert|0 fnt
|-damage|p2a: Darmanitan|119\/351|[from] recoil|[of] p1a: Swampert
|faint|p1a: Swampert
|
|
|switch|p1a: Crobat|Crobat, M|298\/373
|turn|46
|
|switch|p2a: Starmie|Starmie|196\/324
|move|p1a: Crobat|Brave Bird|p2a: Starmie
|-damage|p2a: Starmie|30\/324
|-damage|p1a: Crobat|243\/373|[from] recoil|[of] p2a: Starmie
|
|-heal|p1a: Crobat|266\/373|[from] item: Black Sludge
|-heal|p2a: Starmie|50\/324|[from] item: Leftovers
|turn|47
|
|move|p1a: Crobat|U-turn|p2a: Starmie
|-supereffective|p2a: Starmie
|-damage|p2a: Starmie|0 fnt
|faint|p2a: Starmie
|
|switch|p1a: Alomomola|Alomomola, F|254\/533
|
|
|switch|p2a: Roserade|Roserade, F|141\/324
|turn|48
|
|switch|p1a: Crobat|Crobat, M|266\/373
|move|p2a: Roserade|Spikes|p1a: Crobat
|-sidestart|p1: TewMew|Spikes
|
|-heal|p1a: Crobat|289\/373|[from] item: Black Sludge
|-heal|p2a: Roserade|161\/324|[from] item: Black Sludge
|turn|49
|
|switch|p2a: Darmanitan|Darmanitan, F|119\/351
|move|p1a: Crobat|Brave Bird|p2a: Darmanitan
|-damage|p2a: Darmanitan|0 fnt
|-damage|p1a: Crobat|250\/373|[from] recoil|[of] p2a: Darmanitan
|faint|p2a: Darmanitan
|
|-heal|p1a: Crobat|273\/373|[from] item: Black Sludge
|
|switch|p2a: Mienshao|Mienshao, F|210\/271
|turn|50
|
|move|p2a: Mienshao|Stone Edge|p1a: Crobat
|-supereffective|p1a: Crobat
|-damage|p1a: Crobat|0 fnt
|faint|p1a: Crobat
|
|
|switch|p1a: Cobalion|Cobalion|145\/323
|-damage|p1a: Cobalion|105\/323|[from] Spikes
|turn|51
|
|switch|p2a: Roserade|Roserade, F|161\/324
|move|p1a: Cobalion|Swords Dance|p1a: Cobalion
|-boost|p1a: Cobalion|atk|2
|
|-heal|p1a: Cobalion|125\/323|[from] item: Leftovers
|-heal|p2a: Roserade|181\/324|[from] item: Black Sludge
|turn|52
|
|move|p1a: Cobalion|Iron Head|p2a: Roserade
|-damage|p2a: Roserade|0 fnt
|faint|p2a: Roserade
|
|-heal|p1a: Cobalion|145\/323|[from] item: Leftovers
|
|switch|p2a: Mienshao|Mienshao, F|210\/271
|turn|53
|c|âMetal Sonic|gg
|c|âTewMew|gg
|
|switch|p1a: Celebi|Celebi|382\/401
|-damage|p1a: Celebi|332\/401|[from] Spikes
|move|p2a: Mienshao|High Jump Kick|p1a: Celebi
|-crit|p1a: Celebi
|-resisted|p1a: Celebi
|-damage|p1a: Celebi|178\/401
|
|-heal|p1a: Celebi|203\/401|[from] item: Leftovers
|turn|54
|c|âMetal Sonic|your stall is very effective for ladder
|
|move|p2a: Mienshao|High Jump Kick|p1a: Celebi
|-resisted|p1a: Celebi
|-damage|p1a: Celebi|107\/401
|move|p1a: Celebi|Giga Drain|p2a: Mienshao
|-damage|p2a: Mienshao|78\/271
|-heal|p1a: Celebi|173\/401|[from] drain|[of] p2a: Mienshao
|
|-heal|p1a: Celebi|198\/401|[from] item: Leftovers
|turn|55
|
|move|p2a: Mienshao|High Jump Kick|p1a: Celebi|[miss]
|-miss|p2a: Mienshao|p1a: Celebi
|-damage|p2a: Mienshao|0 fnt|[from] highjumpkick
|faint|p2a: Mienshao
|
|win|TewMew
|raw|Ladder updating...
|raw|TewMew's rating: 1727 &rarr; <strong>1736<\/strong><br \/>(+9 for winning)
|raw|Metal Sonic's rating: 1489 &rarr; <strong>1481<\/strong><br \/>(-8 for losing)
|leave|TewMew
|player|p1