|join|TewMew
|join|Metal Sonic
|player|p1|TewMew|43
|player|p2|Metal Sonic|266
|gametype|singles
|gen|6
|tier|UU
|rated
|rule|Sleep Clause Mod: Limit one foe put to sleep
|rule|Species Clause: Limit one of each PokÃ©mon
|rule|OHKO Clause: OHKO moves are banned
|rule|Moody Clause: Moody is banned
|rule|Evasion Moves Clause: Evasion moves are banned
|rule|Endless Battle Clause: Forcing endless battles is banned
|rule|HP Percentage Mod: HP is shown in percentages
|clearpoke
|poke|p1|Alomomola, F
|poke|p1|Krookodile, F
|poke|p1|Crobat, M
|poke|p1|Whimsicott, M
|poke|p1|Snorlax, F
|poke|p1|Ampharos, M
|poke|p2|Diancie
|poke|p2|Darmanitan, F
|poke|p2|Mienshao, M
|poke|p2|Lucario, F
|poke|p2|Starmie
|poke|p2|Infernape, F
|rule|Swagger Clause: Swagger is banned
|rule|Baton Pass Clause: Limit one PokÃ©mon knowing Baton Pass
|teampreview
|c|âMetal Sonic|finally
|c|âMetal Sonic|the #1 of the ladder
|c|âMetal Sonic|or was
|
|start
|switch|p1a: Ampharos|Ampharos, M|353\/353
|switch|p2a: Infernape|Infernape, F|293\/293
|turn|1
|
|switch|p1a: Alomomola|Alomomola, F|533\/533
|move|p2a: Infernape|Stealth Rock|p1a: Alomomola
|-sidestart|p1: TewMew|move: Stealth Rock
|
|turn|2
|
|switch|p2a: Lucario|Lucario, F|281\/281
|move|p1a: Alomomola|Scald|p2a: Lucario
|-damage|p2a: Lucario|221\/281
|-status|p2a: Lucario|brn
|
|-damage|p2a: Lucario|186\/281 brn|[from] brn
|turn|3
|
|switch|p1a: Crobat|Crobat, M|373\/373
|-damage|p1a: Crobat|280\/373|[from] Stealth Rock
|move|p2a: Lucario|Swords Dance|p2a: Lucario
|-boost|p2a: Lucario|atk|2
|
|-heal|p1a: Crobat|303\/373|[from] item: Black Sludge
|-damage|p2a: Lucario|151\/281 brn|[from] brn
|turn|4
|
|move|p2a: Lucario|Extreme Speed|p1a: Crobat
|-damage|p1a: Crobat|172\/373
|-damage|p2a: Lucario|123\/281 brn|[from] item: Life Orb
|move|p1a: Crobat|Defog|p2a: Lucario
|-unboost|p2a: Lucario|evasion|1
|-sideend|p1: TewMew|Stealth Rock|[from] move: Defog|[of] p1a: Crobat
|
|-heal|p1a: Crobat|195\/373|[from] item: Black Sludge
|-damage|p2a: Lucario|88\/281 brn|[from] brn
|turn|5
|
|switch|p2a: Diancie|Diancie|241\/241
|move|p1a: Crobat|Roost|p1a: Crobat
|-heal|p1a: Crobat|373\/373
|
|turn|6
|
|detailschange|p2a: Diancie|Diancie-Mega
|-mega|p2a: Diancie|Diancie|Diancite
|move|p1a: Crobat|U-turn|p2a: Diancie
|-resisted|p2a: Diancie
|-damage|p2a: Diancie|216\/241
|c|âTewMew|wtf
|c|âTewMew|mega diancie is bl
|c|âMetal Sonic|poopyhead koko dropped this bitch
|c|âMetal Sonic|now im abusing
|
|switch|p1a: Snorlax|Snorlax, F|493\/493
|move|p2a: Diancie|Psyshock|p1a: Snorlax
|-damage|p1a: Snorlax|354\/493
|
|-heal|p1a: Snorlax|384\/493|[from] item: Leftovers
|turn|7
|c|âMetal Sonic|*fgt
|
|switch|p2a: Lucario|Lucario, F|88\/281 brn
|move|p1a: Snorlax|Frustration|p2a: Lucario
|-resisted|p2a: Lucario
|-damage|p2a: Lucario|8\/281 brn
|
|-heal|p1a: Snorlax|414\/493|[from] item: Leftovers
|-damage|p2a: Lucario|0 fnt|[from] brn
|faint|p2a: Lucario
|
|switch|p2a: Mienshao|Mienshao, M|271\/271
|turn|8
|c|âTewMew|ok let's try a mega diancie team after
|
|switch|p1a: Alomomola|Alomomola, F|533\/533
|move|p2a: Mienshao|High Jump Kick|p1a: Alomomola
|-damage|p1a: Alomomola|296\/533
|-damage|p2a: Mienshao|226\/271|[from] item: Rocky Helmet|[of] p1a: Alomomola
|
|turn|9
|c|âMetal Sonic|can you make with me
|
|switch|p2a: Diancie|Diancie-Mega|216\/241
|move|p1a: Alomomola|Wish|p1a: Alomomola
|
|turn|10
|c|âTewMew|nahi will make alone
|c|âMetal Sonic|aw
|
|switch|p1a: Snorlax|Snorlax, F|414\/493
|move|p2a: Diancie|Diamond Storm|p1a: Snorlax
|-damage|p1a: Snorlax|188\/493
|-boost|p2a: Diancie|def|1
|
|-heal|p1a: Snorlax|454\/493|[from] move: Wish|[wisher] Alomomola
|-heal|p1a: Snorlax|484\/493|[from] item: Leftovers
|turn|11
|
|move|p2a: Diancie|Diamond Storm|p1a: Snorlax
|-damage|p1a: Snorlax|261\/493
|-boost|p2a: Diancie|def|1
|move|p1a: Snorlax|Curse|p1a: Snorlax
|-boost|p1a: Snorlax|atk|1
|-boost|p1a: Snorlax|def|1
|-unboost|p1a: Snorlax|spe|1
|
|-heal|p1a: Snorlax|291\/493|[from] item: Leftovers
|turn|12
|
|move|p2a: Diancie|Diamond Storm|p1a: Snorlax
|-crit|p1a: Snorlax
|-damage|p1a: Snorlax|0 fnt
|faint|p1a: Snorlax
|
|
|switch|p1a: Whimsicott|Whimsicott, M|323\/323
|turn|13
|
|move|p2a: Diancie|Moonblast|p1a: Whimsicott
|-damage|p1a: Whimsicott|61\/323
|move|p1a: Whimsicott|Moonblast|p2a: Diancie
|-damage|p2a: Diancie|126\/241
|
|-heal|p1a: Whimsicott|81\/323|[from] item: Leftovers
|turn|14
|c|âMetal Sonic|wow i am faster
|
|move|p2a: Diancie|Moonblast|p1a: Whimsicott
|-damage|p1a: Whimsicott|0 fnt
|faint|p1a: Whimsicott
|
|
|switch|p1a: Ampharos|Ampharos, M|353\/353
|turn|15
|c|âMetal Sonic|tewmew can you kindly share your team
|
|move|p2a: Diancie|Earth Power|p1a: Ampharos
|-supereffective|p1a: Ampharos
|-damage|p1a: Ampharos|91\/353
|move|p1a: Ampharos|Thunderbolt|p2a: Diancie
|-damage|p2a: Diancie|0 fnt
|faint|p2a: Diancie
|
|c|âMetal Sonic|w\/ me
|
|switch|p2a: Darmanitan|Darmanitan, F|351\/351
|turn|16
|
|switch|p1a: Alomomola|Alomomola, F|473\/533
|move|p2a: Darmanitan|Flare Blitz|p1a: Alomomola
|-crit|p1a: Alomomola
|-resisted|p1a: Alomomola
|-damage|p1a: Alomomola|247\/533
|-damage|p2a: Darmanitan|293\/351|[from] item: Rocky Helmet|[of] p1a: Alomomola
|-damage|p2a: Darmanitan|218\/351|[from] recoil|[of] p1a: Alomomola
|
|turn|17
|
|move|p2a: Darmanitan|Rock Slide|p1a: Alomomola
|-damage|p1a: Alomomola|122\/533
|move|p1a: Alomomola|Wish|p1a: Alomomola
|
|turn|18
|
|switch|p2a: Infernape|Infernape, F|293\/293
|move|p1a: Alomomola|Protect|p1a: Alomomola
|-fail|p1a: Alomomola
|
|-heal|p1a: Alomomola|388\/533|[from] move: Wish|[wisher] Alomomola
|turn|19
|c|âTewMew|nah
|
|switch|p1a: Crobat|Crobat, M|373\/373
|move|p2a: Infernape|Stealth Rock|p1a: Crobat
|-sidestart|p1: TewMew|move: Stealth Rock
|
|turn|20
|
|move|p1a: Crobat|Brave Bird|p2a: Infernape
|-supereffective|p2a: Infernape
|-enditem|p2a: Infernape|Focus Sash
|-damage|p2a: Infernape|1\/293
|-damage|p1a: Crobat|277\/373|[from] recoil|[of] p2a: Infernape
|move|p2a: Infernape|Fire Blast|p1a: Crobat
|-damage|p1a: Crobat|0 fnt
|faint|p1a: Crobat
|
|
|switch|p1a: Alomomola|Alomomola, F|533\/533
|-damage|p1a: Alomomola|467\/533|[from] Stealth Rock
|turn|21
|
|move|p2a: Infernape|Endeavor|p1a: Alomomola
|-damage|p1a: Alomomola|1\/533
|-damage|p2a: Infernape|0 fnt|[from] item: Rocky Helmet|[of] p1a: Alomomola
|faint|p2a: Infernape
|move|p1a: Alomomola|Scald|p2: Infernape|[notarget]
|-notarget
|
|
|switch|p2a: Mienshao|Mienshao, M|226\/271
|turn|22
|
|switch|p1a: Ampharos|Ampharos, M|91\/353
|-damage|p1a: Ampharos|47\/353|[from] Stealth Rock
|move|p2a: Mienshao|High Jump Kick|p1a: Ampharos
|-damage|p1a: Ampharos|0 fnt
|-status|p2a: Mienshao|par
|faint|p1a: Ampharos
|
|
|switch|p1a: Alomomola|Alomomola, F|178\/533
|-damage|p1a: Alomomola|112\/533|[from] Stealth Rock
|turn|23
|
|switch|p1a: Krookodile|Krookodile, F|331\/331
|-damage|p1a: Krookodile|311\/331|[from] Stealth Rock
|-ability|p1a: Krookodile|Intimidate|[of] p2a: Mienshao
|-unboost|p2a: Mienshao|atk|1
|move|p2a: Mienshao|High Jump Kick|p1a: Krookodile|[miss]
|-miss|p2a: Mienshao|p1a: Krookodile
|-damage|p2a: Mienshao|91\/271 par|[from] highjumpkick
|
|turn|24
|
|move|p1a: Krookodile|Stealth Rock|p2a: Mienshao
|-sidestart|p2: Metal Sonic|move: Stealth Rock
|cant|p2a: Mienshao|par
|
|turn|25
|c|âMetal Sonic|shit
|
|move|p1a: Krookodile|Stealth Rock|p2a: Mienshao
|-fail|p2a: Mienshao
|cant|p2a: Mienshao|par
|
|turn|26
|c|âMetal Sonic|why dont you hit me
|
|move|p1a: Krookodile|Stealth Rock|p2a: Mienshao
|-fail|p2a: Mienshao
|move|p2a: Mienshao|High Jump Kick|p1a: Krookodile
|-supereffective|p1a: Krookodile
|-damage|p1a: Krookodile|0 fnt
|faint|p1a: Krookodile
|
|
|switch|p1a: Alomomola|Alomomola, F|289\/533
|-damage|p1a: Alomomola|223\/533|[from] Stealth Rock
|turn|27
|c|âMetal Sonic|??
|
|move|p1a: Alomomola|Wish|p1a: Alomomola
|move|p2a: Mienshao|High Jump Kick|p1a: Alomomola
|-damage|p1a: Alomomola|85\/533
|-damage|p2a: Mienshao|46\/271 par|[from] item: Rocky Helmet|[of] p1a: Alomomola
|
|turn|28
|
|switch|p2a: Starmie|Starmie|324\/324
|-damage|p2a: Starmie|284\/324|[from] Stealth Rock
|move|p1a: Alomomola|Protect|p1a: Alomomola
|-fail|p1a: Alomomola
|
|-heal|p1a: Alomomola|351\/533|[from] move: Wish|[wisher] Alomomola
|-heal|p2a: Starmie|304\/324|[from] item: Leftovers
|turn|29
|
|move|p2a: Starmie|Scald|p1a: Alomomola
|-resisted|p1a: Alomomola
|-damage|p1a: Alomomola|258\/533
|move|p1a: Alomomola|Wish|p1a: Alomomola
|
|-heal|p2a: Starmie|324\/324|[from] item: Leftovers
|turn|30
|
|move|p2a: Starmie|Scald|p1a: Alomomola
|-resisted|p1a: Alomomola
|-damage|p1a: Alomomola|164\/533
|-status|p1a: Alomomola|brn
|move|p1a: Alomomola|Toxic|p2a: Starmie
|-status|p2a: Starmie|tox
|
|-heal|p1a: Alomomola|430\/533 brn|[from] move: Wish|[wisher] Alomomola
|-damage|p2a: Starmie|304\/324 tox|[from] psn
|-damage|p1a: Alomomola|364\/533 brn|[from] brn
|turn|31
|
|move|p2a: Starmie|Scald|p1a: Alomomola
|-crit|p1a: Alomomola
|-resisted|p1a: Alomomola
|-damage|p1a: Alomomola|237\/533 brn
|move|p1a: Alomomola|Wish|p1a: Alomomola
|
|-heal|p2a: Starmie|324\/324 tox|[from] item: Leftovers
|-damage|p2a: Starmie|284\/324 tox|[from] psn
|-damage|p1a: Alomomola|171\/533 brn|[from] brn
|turn|32
|
|move|p1a: Alomomola|Protect|p1a: Alomomola
|-singleturn|p1a: Alomomola|Protect
|move|p2a: Starmie|Rapid Spin|p1a: Alomomola
|-activate|p1a: Alomomola|Protect
|
|-heal|p1a: Alomomola|437\/533 brn|[from] move: Wish|[wisher] Alomomola
|-heal|p2a: Starmie|304\/324 tox|[from] item: Leftovers
|-damage|p2a: Starmie|244\/324 tox|[from] psn
|-damage|p1a: Alomomola|371\/533 brn|[from] brn
|turn|33
|
|move|p2a: Starmie|Rapid Spin|p1a: Alomomola
|-damage|p1a: Alomomola|362\/533 brn
|-damage|p2a: Starmie|190\/324 tox|[from] item: Rocky Helmet|[of] p1a: Alomomola
|-sideend|p2: Metal Sonic|Stealth Rock|[from] move: Rapid Spin|[of] p2a: Starmie
|move|p1a: Alomomola|Wish|p1a: Alomomola
|
|-heal|p2a: Starmie|210\/324 tox|[from] item: Leftovers
|-damage|p2a: Starmie|130\/324 tox|[from] psn
|-damage|p1a: Alomomola|296\/533 brn|[from] brn
|turn|34
|
|move|p2a: Starmie|Recover|p2a: Starmie
|-heal|p2a: Starmie|292\/324 tox
|move|p1a: Alomomola|Scald|p2a: Starmie
|-resisted|p2a: Starmie
|-damage|p2a: Starmie|265\/324 tox
|
|-heal|p1a: Alomomola|533\/533 brn|[from] move: Wish|[wisher] Alomomola
|-heal|p2a: Starmie|285\/324 tox|[from] item: Leftovers
|-damage|p2a: Starmie|185\/324 tox|[from] psn
|-damage|p1a: Alomomola|467\/533 brn|[from] brn
|turn|35
|
|switch|p2a: Mienshao|Mienshao, M|46\/271 par
|move|p1a: Alomomola|Scald|p2a: Mienshao
|-damage|p2a: Mienshao|0 fnt
|faint|p2a: Mienshao
|
|-damage|p1a: Alomomola|401\/533 brn|[from] brn
|
|switch|p2a: Starmie|Starmie|185\/324
|turn|36
|
|move|p2a: Starmie|Scald|p1a: Alomomola
|-resisted|p1a: Alomomola
|-damage|p1a: Alomomola|308\/533 brn
|move|p1a: Alomomola|Wish|p1a: Alomomola
|
|-heal|p2a: Starmie|205\/324|[from] item: Leftovers
|-damage|p1a: Alomomola|242\/533 brn|[from] brn
|turn|37
|
|move|p2a: Starmie|Psyshock|p1a: Alomomola
|-damage|p1a: Alomomola|167\/533 brn
|move|p1a: Alomomola|Toxic|p2a: Starmie
|-status|p2a: Starmie|tox
|
|-heal|p1a: Alomomola|433\/533 brn|[from] move: Wish|[wisher] Alomomola
|-heal|p2a: Starmie|225\/324 tox|[from] item: Leftovers
|-damage|p2a: Starmie|205\/324 tox|[from] psn
|-damage|p1a: Alomomola|367\/533 brn|[from] brn
|turn|38
|
|move|p2a: Starmie|Recover|p2a: Starmie
|-heal|p2a: Starmie|324\/324 tox
|move|p1a: Alomomola|Wish|p1a: Alomomola
|
|-damage|p2a: Starmie|284\/324 tox|[from] psn
|-damage|p1a: Alomomola|301\/533 brn|[from] brn
|turn|39
|
|move|p2a: Starmie|Psyshock|p1a: Alomomola
|-damage|p1a: Alomomola|217\/533 brn
|move|p1a: Alomomola|Scald|p2a: Starmie
|-resisted|p2a: Starmie
|-damage|p2a: Starmie|259\/324 tox
|
|-heal|p1a: Alomomola|483\/533 brn|[from] move: Wish|[wisher] Alomomola
|-heal|p2a: Starmie|279\/324 tox|[from] item: Leftovers
|-damage|p2a: Starmie|219\/324 tox|[from] psn
|-damage|p1a: Alomomola|417\/533 brn|[from] brn
|turn|40
|
|move|p2a: Starmie|Recover|p2a: Starmie
|-heal|p2a: Starmie|324\/324 tox
|move|p1a: Alomomola|Wish|p1a: Alomomola
|
|-damage|p2a: Starmie|244\/324 tox|[from] psn
|-damage|p1a: Alomomola|351\/533 brn|[from] brn
|turn|41
|
|move|p2a: Starmie|Recover|p2a: Starmie
|-heal|p2a: Starmie|324\/324 tox
|move|p1a: Alomomola|Scald|p2a: Starmie
|-resisted|p2a: Starmie
|-damage|p2a: Starmie|297\/324 tox
|
|-heal|p1a: Alomomola|533\/533 brn|[from] move: Wish|[wisher] Alomomola
|-heal|p2a: Starmie|317\/324 tox|[from] item: Leftovers
|-damage|p2a: Starmie|217\/324 tox|[from] psn
|-damage|p1a: Alomomola|467\/533 brn|[from] brn
|turn|42
|
|switch|p2a: Darmanitan|Darmanitan, F|218\/351
|move|p1a: Alomomola|Scald|p2a: Darmanitan
|-crit|p2a: Darmanitan
|-supereffective|p2a: Darmanitan
|-damage|p2a: Darmanitan|0 fnt
|faint|p2a: Darmanitan
|
|-damage|p1a: Alomomola|401\/533 brn|[from] brn
|
|switch|p2a: Starmie|Starmie|217\/324
|turn|43
|c|âMetal Sonic|gg
|c|âTewMew|gg
|
|move|p2a: Starmie|Scald|p1a: Alomomola
|-resisted|p1a: Alomomola
|-damage|p1a: Alomomola|312\/533 brn
|move|p1a: Alomomola|Wish|p1a: Alomomola
|
|-heal|p2a: Starmie|237\/324|[from] item: Leftovers
|-damage|p1a: Alomomola|246\/533 brn|[from] brn
|turn|44
|
|move|p2a: Starmie|Scald|p1a: Alomomola
|-resisted|p1a: Alomomola
|-damage|p1a: Alomomola|150\/533 brn
|move|p1a: Alomomola|Toxic|p2a: Starmie|[miss]
|-miss|p1a: Alomomola|p2a: Starmie
|
|-heal|p1a: Alomomola|416\/533 brn|[from] move: Wish|[wisher] Alomomola
|-heal|p2a: Starmie|257\/324|[from] item: Leftovers
|-damage|p1a: Alomomola|350\/533 brn|[from] brn
|turn|45
|c|âMetal Sonic|can you share your team please ?
|c|âMetal Sonic|i really like it
|c|âMetal Sonic|c:
|
|move|p2a: Starmie|Scald|p1a: Alomomola
|-resisted|p1a: Alomomola
|-damage|p1a: Alomomola|260\/533 brn
|move|p1a: Alomomola|Wish|p1a: Alomomola
|
|-heal|p2a: Starmie|277\/324|[from] item: Leftovers
|-damage|p1a: Alomomola|194\/533 brn|[from] brn
|turn|46
|
|move|p2a: Starmie|Psyshock|p1a: Alomomola
|-damage|p1a: Alomomola|109\/533 brn
|move|p1a: Alomomola|Toxic|p2a: Starmie
|-status|p2a: Starmie|tox
|
|-heal|p1a: Alomomola|375\/533 brn|[from] move: Wish|[wisher] Alomomola
|-heal|p2a: Starmie|297\/324 tox|[from] item: Leftovers
|-damage|p2a: Starmie|277\/324 tox|[from] psn
|-damage|p1a: Alomomola|309\/533 brn|[from] brn
|turn|47
|
|move|p2a: Starmie|Psyshock|p1a: Alomomola
|-damage|p1a: Alomomola|228\/533 brn
|move|p1a: Alomomola|Wish|p1a: Alomomola
|
|-heal|p2a: Starmie|297\/324 tox|[from] item: Leftovers
|-damage|p2a: Starmie|257\/324 tox|[from] psn
|-damage|p1a: Alomomola|162\/533 brn|[from] brn
|turn|48
|
|move|p1a: Alomomola|Protect|p1a: Alomomola
|-singleturn|p1a: Alomomola|Protect
|move|p2a: Starmie|Psyshock|p1a: Alomomola
|-activate|p1a: Alomomola|Protect
|
|-heal|p1a: Alomomola|428\/533 brn|[from] move: Wish|[wisher] Alomomola
|-heal|p2a: Starmie|277\/324 tox|[from] item: Leftovers
|-damage|p2a: Starmie|217\/324 tox|[from] psn
|-damage|p1a: Alomomola|362\/533 brn|[from] brn
|turn|49
|
|move|p2a: Starmie|Psyshock|p1a: Alomomola
|-damage|p1a: Alomomola|275\/533 brn
|move|p1a: Alomomola|Wish|p1a: Alomomola
|
|-heal|p2a: Starmie|237\/324 tox|[from] item: Leftovers
|-damage|p2a: Starmie|157\/324 tox|[from] psn
|-damage|p1a: Alomomola|209\/533 brn|[from] brn
|turn|50
|
|move|p1a: Alomomola|Protect|p1a: Alomomola
|-singleturn|p1a: Alomomola|Protect
|move|p2a: Starmie|Recover|p2a: Starmie
|-heal|p2a: Starmie|319\/324 tox
|
|-heal|p1a: Alomomola|475\/533 brn|[from] move: Wish|[wisher] Alomomola
|-heal|p2a: Starmie|324\/324 tox|[from] item: Leftovers
|-damage|p2a: Starmie|224\/324 tox|[from] psn
|-damage|p1a: Alomomola|409\/533 brn|[from] brn
|turn|51
|
|move|p2a: Starmie|Psyshock|p1a: Alomomola
|-damage|p1a: Alomomola|334\/533 brn
|move|p1a: Alomomola|Wish|p1a: Alomomola
|
|-heal|p2a: Starmie|244\/324 tox|[from] item: Leftovers
|-damage|p2a: Starmie|124\/324 tox|[from] psn
|-damage|p1a: Alomomola|268\/533 brn|[from] brn
|turn|52
|
|move|p2a: Starmie|Psyshock|p1a: Alomomola
|-damage|p1a: Alomomola|192\/533 brn
|move|p1a: Alomomola|Scald|p2a: Starmie
|-resisted|p2a: Starmie
|-damage|p2a: Starmie|97\/324 tox
|
|-heal|p1a: Alomomola|458\/533 brn|[from] move: Wish|[wisher] Alomomola
|-heal|p2a: Starmie|117\/324 tox|[from] item: Leftovers
|-damage|p2a: Starmie|0 fnt|[from] psn
|-damage|p1a: Alomomola|392\/533 brn|[from] brn
|faint|p2a: Starmie
|
|win|TewMew
|raw|Ladder updating...
|raw|TewMew's rating: 1753 &rarr; <strong>1759<\/strong><br \/>(+6 for winning)
|raw|Metal Sonic's rating: 1448 &rarr; <strong>1442<\/strong><br \/>(-6 for losing)
|leave|TewMew
|player|p1