|join|TewMew
|join|donkii
|player|p1|TewMew|43
|player|p2|donkii|184
|gametype|singles
|gen|6
|tier|UU
|rated
|rule|Sleep Clause Mod: Limit one foe put to sleep
|rule|Species Clause: Limit one of each PokÃ©mon
|rule|OHKO Clause: OHKO moves are banned
|rule|Moody Clause: Moody is banned
|rule|Evasion Moves Clause: Evasion moves are banned
|rule|Endless Battle Clause: Forcing endless battles is banned
|rule|HP Percentage Mod: HP is shown in percentages
|clearpoke
|poke|p1|Escavalier, M
|poke|p1|Snorlax, M
|poke|p1|Alomomola, F
|poke|p1|Moltres
|poke|p1|Amoonguss, F
|poke|p1|Diancie
|poke|p2|Nidoking, M, shiny
|poke|p2|Aerodactyl, M
|poke|p2|Hydreigon, M
|poke|p2|Empoleon, F
|poke|p2|Cofagrigus, M, shiny
|poke|p2|Whimsicott, F
|rule|Swagger Clause: Swagger is banned
|rule|Baton Pass Clause: Limit one PokÃ©mon knowing Baton Pass
|teampreview
|
|start
|switch|p1a: Moltres|Moltres|383\/383
|switch|p2a: Empoleon|Empoleon, F|371\/371
|-ability|p1a: Moltres|Pressure
|turn|1
|
|move|p1a: Moltres|Will-O-Wisp|p2a: Empoleon|[miss]
|-miss|p1a: Moltres|p2a: Empoleon
|move|p2a: Empoleon|Stealth Rock|p1a: Moltres
|-sidestart|p1: TewMew|move: Stealth Rock
|
|turn|2
|
|move|p1a: Moltres|Will-O-Wisp|p2a: Empoleon
|-status|p2a: Empoleon|brn
|move|p2a: Empoleon|Scald|p1a: Moltres
|-supereffective|p1a: Moltres
|-damage|p1a: Moltres|219\/383
|
|-heal|p1a: Moltres|242\/383|[from] item: Leftovers
|-damage|p2a: Empoleon|325\/371 brn|[from] brn
|turn|3
|
|switch|p2a: Aerodactyl|Aerodactyl, M|301\/301
|-ability|p2a: Aerodactyl|Unnerve|p1: TewMew
|move|p1a: Moltres|Defog|p2a: Aerodactyl
|-unboost|p2a: Aerodactyl|evasion|1
|-sideend|p1: TewMew|Stealth Rock|[from] move: Defog|[of] p1a: Moltres
|
|-heal|p1a: Moltres|265\/383|[from] item: Leftovers
|turn|4
|
|switch|p2a: Hydreigon|Hydreigon, M|325\/325
|switch|p1a: Alomomola|Alomomola, F|533\/533
|
|turn|5
|
|move|p1a: Alomomola|Protect|p1a: Alomomola
|-singleturn|p1a: Alomomola|Protect
|move|p2a: Hydreigon|Taunt|p1a: Alomomola
|-activate|p1a: Alomomola|Protect
|
|turn|6
|
|move|p2a: Hydreigon|Taunt|p1a: Alomomola
|-start|p1a: Alomomola|move: Taunt
|move|p1a: Alomomola|Scald|p2a: Hydreigon
|-resisted|p2a: Hydreigon
|-damage|p2a: Hydreigon|301\/325
|
|turn|7
|
|switch|p1a: Snorlax|Snorlax, M|493\/493
|move|p2a: Hydreigon|Dark Pulse|p1a: Snorlax
|-damage|p1a: Snorlax|400\/493
|
|-heal|p1a: Snorlax|430\/493|[from] item: Leftovers
|turn|8
|
|switch|p2a: Cofagrigus|Cofagrigus, M, shiny|319\/319
|move|p1a: Snorlax|Frustration|p2a: Cofagrigus
|-immune|p2a: Cofagrigus|[msg]
|
|-heal|p1a: Snorlax|460\/493|[from] item: Leftovers
|turn|9
|
|switch|p2a: Empoleon|Empoleon, F|325\/371 brn
|switch|p1a: Moltres|Moltres|265\/383
|-ability|p1a: Moltres|Pressure
|
|-heal|p1a: Moltres|288\/383|[from] item: Leftovers
|-heal|p2a: Empoleon|348\/371 brn|[from] item: Leftovers
|-damage|p2a: Empoleon|302\/371 brn|[from] brn
|turn|10
|
|move|p1a: Moltres|Flamethrower|p2a: Empoleon
|-damage|p2a: Empoleon|194\/371 brn
|move|p2a: Empoleon|Stealth Rock|p1a: Moltres
|-sidestart|p1: TewMew|move: Stealth Rock
|
|-heal|p1a: Moltres|311\/383|[from] item: Leftovers
|-heal|p2a: Empoleon|217\/371 brn|[from] item: Leftovers
|-damage|p2a: Empoleon|171\/371 brn|[from] brn
|turn|11
|
|move|p1a: Moltres|Defog|p2a: Empoleon
|-unboost|p2a: Empoleon|evasion|1
|-sideend|p1: TewMew|Stealth Rock|[from] move: Defog|[of] p1a: Moltres
|move|p2a: Empoleon|Toxic|p1a: Moltres
|-status|p1a: Moltres|tox
|
|-heal|p1a: Moltres|334\/383 tox|[from] item: Leftovers
|-heal|p2a: Empoleon|194\/371 brn|[from] item: Leftovers
|-damage|p1a: Moltres|311\/383 tox|[from] psn
|-damage|p2a: Empoleon|148\/371 brn|[from] brn
|turn|12
|
|move|p1a: Moltres|Flamethrower|p2a: Empoleon
|-damage|p2a: Empoleon|27\/371 brn
|move|p2a: Empoleon|Scald|p1a: Moltres
|-supereffective|p1a: Moltres
|-damage|p1a: Moltres|65\/383 tox
|
|-heal|p1a: Moltres|88\/383 tox|[from] item: Leftovers
|-heal|p2a: Empoleon|50\/371 brn|[from] item: Leftovers
|-damage|p1a: Moltres|42\/383 tox|[from] psn
|-damage|p2a: Empoleon|4\/371 brn|[from] brn
|turn|13
|
|move|p1a: Moltres|Roost|p1a: Moltres
|-heal|p1a: Moltres|234\/383 tox
|move|p2a: Empoleon|Stealth Rock|p1a: Moltres
|-sidestart|p1: TewMew|move: Stealth Rock
|
|-heal|p1a: Moltres|257\/383 tox|[from] item: Leftovers
|-heal|p2a: Empoleon|27\/371 brn|[from] item: Leftovers
|-damage|p1a: Moltres|188\/383 tox|[from] psn
|-damage|p2a: Empoleon|0 fnt|[from] brn
|faint|p2a: Empoleon
|
|switch|p2a: Nidoking|Nidoking, M, shiny|303\/303
|turn|14
|
|move|p2a: Nidoking|Sludge Wave|p1a: Moltres
|-damage|p1a: Moltres|5\/383 tox
|move|p1a: Moltres|Defog|p2a: Nidoking
|-unboost|p2a: Nidoking|evasion|1
|-sideend|p1: TewMew|Stealth Rock|[from] move: Defog|[of] p1a: Moltres
|
|-heal|p1a: Moltres|28\/383 tox|[from] item: Leftovers
|-damage|p1a: Moltres|0 fnt|[from] psn
|faint|p1a: Moltres
|
|switch|p1a: Amoonguss|Amoonguss, F|429\/429
|turn|15
|
|switch|p2a: Aerodactyl|Aerodactyl, M|301\/301
|-ability|p2a: Aerodactyl|Unnerve|p1: TewMew
|move|p1a: Amoonguss|Spore|p2a: Aerodactyl
|-status|p2a: Aerodactyl|slp
|
|turn|16
|
|switch|p2a: Hydreigon|Hydreigon, M|301\/325
|move|p1a: Amoonguss|Giga Drain|p2a: Hydreigon
|-resisted|p2a: Hydreigon
|-damage|p2a: Hydreigon|259\/325
|
|turn|17
|
|switch|p2a: Nidoking|Nidoking, M, shiny|303\/303
|switch|p1a: Diancie|Diancie|303\/303
|
|turn|18
|
|switch|p1a: Snorlax|Snorlax, M|460\/493
|move|p2a: Nidoking|Earth Power|p1a: Snorlax
|-damage|p1a: Snorlax|320\/493
|
|-heal|p1a: Snorlax|350\/493|[from] item: Leftovers
|turn|19
|
|switch|p2a: Aerodactyl|Aerodactyl, M|301\/301 slp
|-ability|p2a: Aerodactyl|Unnerve|p1: TewMew
|switch|p1a: Amoonguss|Amoonguss, F|429\/429
|
|turn|20
|
|detailschange|p2a: Aerodactyl|Aerodactyl-Mega, M
|-mega|p2a: Aerodactyl|Aerodactyl|Aerodactylite
|cant|p2a: Aerodactyl|slp
|move|p1a: Amoonguss|Giga Drain|p2a: Aerodactyl
|-damage|p2a: Aerodactyl|216\/301 slp
|
|turn|21
|
|switch|p2a: Hydreigon|Hydreigon, M|259\/325
|switch|p1a: Alomomola|Alomomola, F|533\/533
|
|turn|22
|
|switch|p1a: Diancie|Diancie|303\/303
|move|p2a: Hydreigon|Draco Meteor|p1a: Diancie
|-immune|p1a: Diancie|[msg]
|
|turn|23
|
|switch|p2a: Cofagrigus|Cofagrigus, M, shiny|319\/319
|detailschange|p1a: Diancie|Diancie-Mega
|-mega|p1a: Diancie|Diancie|Diancite
|move|p1a: Diancie|Moonblast|p2a: Cofagrigus
|-damage|p2a: Cofagrigus|156\/319
|-unboost|p2a: Cofagrigus|spa|1
|
|-heal|p2a: Cofagrigus|175\/319|[from] item: Leftovers
|turn|24
|
|switch|p2a: Nidoking|Nidoking, M, shiny|303\/303
|move|p1a: Diancie|Stealth Rock|p2a: Nidoking
|-sidestart|p2: donkii|move: Stealth Rock
|
|turn|25
|
|switch|p1a: Snorlax|Snorlax, M|350\/493
|move|p2a: Nidoking|Earth Power|p1a: Snorlax
|-damage|p1a: Snorlax|210\/493
|
|-heal|p1a: Snorlax|240\/493|[from] item: Leftovers
|turn|26
|
|move|p2a: Nidoking|Superpower|p1a: Snorlax
|-supereffective|p1a: Snorlax
|-damage|p1a: Snorlax|0 fnt
|-unboost|p2a: Nidoking|atk|1
|-unboost|p2a: Nidoking|def|1
|-damage|p2a: Nidoking|273\/303|[from] item: Life Orb
|faint|p1a: Snorlax
|
|
|switch|p1a: Escavalier|Escavalier, M|343\/343
|turn|27
|
|switch|p2a: Whimsicott|Whimsicott, F|261\/261
|-damage|p2a: Whimsicott|229\/261|[from] Stealth Rock
|move|p1a: Escavalier|Knock Off|p2a: Whimsicott
|-resisted|p2a: Whimsicott
|-damage|p2a: Whimsicott|150\/261
|-enditem|p2a: Whimsicott|Life Orb|[from] move: Knock Off|[of] p1a: Escavalier
|
|turn|28
|
|switch|p1a: Amoonguss|Amoonguss, F|429\/429
|move|p2a: Whimsicott|Leech Seed|p1a: Amoonguss|[miss]
|-miss|p2a: Whimsicott|p1a: Amoonguss
|
|turn|29
|
|switch|p2a: Hydreigon|Hydreigon, M|259\/325
|-damage|p2a: Hydreigon|219\/325|[from] Stealth Rock
|move|p1a: Amoonguss|Giga Drain|p2a: Hydreigon
|-resisted|p2a: Hydreigon
|-damage|p2a: Hydreigon|180\/325
|
|turn|30
|
|switch|p1a: Diancie|Diancie-Mega|303\/303
|move|p2a: Hydreigon|Roost|p2a: Hydreigon
|-heal|p2a: Hydreigon|325\/325
|
|turn|31
|
|switch|p2a: Whimsicott|Whimsicott, F|150\/261
|-damage|p2a: Whimsicott|118\/261|[from] Stealth Rock
|move|p1a: Diancie|Moonblast|p2a: Whimsicott
|-damage|p2a: Whimsicott|0 fnt
|faint|p2a: Whimsicott
|
|
|switch|p2a: Nidoking|Nidoking, M, shiny|273\/303
|-damage|p2a: Nidoking|255\/303|[from] Stealth Rock
|turn|32
|
|move|p1a: Diancie|Earth Power|p2a: Nidoking
|-supereffective|p2a: Nidoking
|-damage|p2a: Nidoking|0 fnt
|faint|p2a: Nidoking
|
|c|âdonkii|gg
|-message|donkii forfeited.
|leave|donkii
|
|win|TewMew
|raw|Ladder updating...
|player|p2
|raw|TewMew's rating: 1776 &rarr; <strong>1784<\/strong><br \/>(+8 for winning)
|raw|donkii's rating: 1522 &rarr; <strong>1514<\/strong><br \/>(-8 for losing)
|leave|TewMew