|join|N199ERDESTROYER
|join|*01AceKing*
|player|p1|N199ERDESTROYER|214
|player|p2|*01AceKing*|92
|gametype|singles
|gen|6
|tier|OU
|clearpoke
|poke|p1|Conkeldurr, M
|poke|p1|Talonflame, F
|poke|p1|Staraptor, M
|poke|p1|Gliscor, F
|poke|p1|Rotom-Wash
|poke|p1|Ferrothorn, M
|poke|p2|Garchomp, M
|poke|p2|Tyranitar, M
|poke|p2|Volcarona, F
|poke|p2|Venusaur, M
|poke|p2|Scolipede, M
|poke|p2|Gengar, M
|rule|Sleep Clause Mod: Limit one foe put to sleep
|rule|Species Clause: Limit one of each Pokemon
|rule|OHKO Clause: OHKO moves are banned
|rule|Moody Clause: Moody is banned
|rule|Evasion Moves Clause: Evasion moves are banned
|rule|Endless Battle Clause: Forcing endless battles is banned.
|rule|HP Percentage Mod: HP is reported as percentages
|teampreview
|join|tarafighter1
|join|Dabe
|chat|Dabe|Lets have a good games guys 
|chat|N199ERDESTROYER|k
|chat|*01AceKing*|i know this guy so pls leave
|chat|*01AceKing*|dabe get off our battle
|chat|Dabe|why
|chat|Dabe|i have a right to watch?
|raw|<div class="broadcast-red"><b>Moderated chat was set to +!<\/b><br \/>Only users of rank + and higher can talk.<\/div>
|chat|*01AceKing*|there aiden
|chat|*01AceKing*|play peacefully 
tarafighter1 was appointed to Room Voice by *01AceKing*.
|chat|tarafighter1|heyo :)
|chat|*01AceKing*|yo
|chat|*01AceKing*|i room voiced you lol
|chat|tarafighter1|sure gl hf to both of ya
|chat|*01AceKing*|cause you're not as dumb as DABE
|
|start
|switch|p1a: Ferrothorn|Ferrothorn, M|352\/352
|switch|p2a: Tyranitar|Tyranitar, M|404\/404
|-weather|Sandstorm
|turn|1
|
|move|p2a: Tyranitar|Earthquake|p1a: Ferrothorn
|-damage|p1a: Ferrothorn|249\/352
|move|p1a: Ferrothorn|Stealth Rock|p2a: Tyranitar
|-sidestart|p2: *01AceKing*|move: Stealth Rock
|
|-weather|Sandstorm|[upkeep]
|-heal|p1a: Ferrothorn|271\/352|[from] item: Leftovers
|turn|2
|
|move|p2a: Tyranitar|Superpower|p1a: Ferrothorn
|-supereffective|p1a: Ferrothorn
|-damage|p1a: Ferrothorn|19\/352
|-damage|p2a: Tyranitar|354\/404|[from] ability: Iron Barbs|[of] p1a: Ferrothorn
|-unboost|p2a: Tyranitar|atk|1
|-unboost|p2a: Tyranitar|def|1
|move|p1a: Ferrothorn|Leech Seed|p2a: Tyranitar
|-start|p2a: Tyranitar|move: Leech Seed
|
|-weather|Sandstorm|[upkeep]
|-heal|p2a: Tyranitar|379\/404|[from] item: Leftovers
|-heal|p1a: Ferrothorn|41\/352|[from] item: Leftovers
|-damage|p2a: Tyranitar|329\/404|[from] Leech Seed|[of] p1a: Ferrothorn
|-heal|p1a: Ferrothorn|91\/352|[silent]
|turn|3
|
|move|p1a: Ferrothorn|Protect|p1a: Ferrothorn
|-singleturn|p1a: Ferrothorn|Protect
|move|p2a: Tyranitar|Earthquake|p1a: Ferrothorn
|-activate|p1a: Ferrothorn|Protect
|
|-weather|Sandstorm|[upkeep]
|-heal|p2a: Tyranitar|354\/404|[from] item: Leftovers
|-heal|p1a: Ferrothorn|113\/352|[from] item: Leftovers
|-damage|p2a: Tyranitar|304\/404|[from] Leech Seed|[of] p1a: Ferrothorn
|-heal|p1a: Ferrothorn|163\/352|[silent]
|turn|4
|chat|*01AceKing*|your probably gonna win
|chat|*01AceKing*|again
|
|switch|p2a: Garchomp|Garchomp, M|358\/358
|-damage|p2a: Garchomp|336\/358|[from] Stealth Rock
|switch|p1a: Conkeldurr|Conkeldurr, M|381\/381
|
|-weather|Sandstorm|[upkeep]
|-damage|p1a: Conkeldurr|358\/381|[from] sandstorm
|-heal|p2a: Garchomp|358\/358|[from] item: Leftovers
|turn|5
|
|move|p2a: Garchomp|Swords Dance|p2a: Garchomp
|-boost|p2a: Garchomp|atk|2
|move|p1a: Conkeldurr|Ice Punch|p2a: Garchomp
|-supereffective|p2a: Garchomp
|-damage|p2a: Garchomp|0 fnt
|-damage|p1a: Conkeldurr|311\/381|[from] ability: Rough Skin|[of] p2a: Garchomp
|faint|p2a: Garchomp
|
|-weather|none
|
|switch|p2a: Tyranitar|Tyranitar, M|304\/404
|-damage|p2a: Tyranitar|254\/404|[from] Stealth Rock
|-weather|Sandstorm
|turn|6
|
|switch|p2a: Gengar|Gengar, M|262\/262
|-damage|p2a: Gengar|230\/262|[from] Stealth Rock
|move|p1a: Conkeldurr|Drain Punch|p2a: Gengar
|-immune|p2a: Gengar|[msg]
|
|-weather|Sandstorm|[upkeep]
|-damage|p2a: Gengar|214\/262|[from] sandstorm
|-damage|p1a: Conkeldurr|288\/381|[from] sandstorm
|-heal|p2a: Gengar|230\/262|[from] item: Black Sludge
|turn|7
|chat|tarafighter1|dark rock on fighting? XD was kinda wondering why u did that
|
|move|p2a: Gengar|Confuse Ray|p1a: Conkeldurr
|-start|p1a: Conkeldurr|confusion
|-activate|p1a: Conkeldurr|confusion
|-damage|p1a: Conkeldurr|232\/381|[from] confusion
|
|-weather|Sandstorm|[upkeep]
|-damage|p2a: Gengar|214\/262|[from] sandstorm
|-damage|p1a: Conkeldurr|209\/381|[from] sandstorm
|-heal|p2a: Gengar|230\/262|[from] item: Black Sludge
|turn|8
|
|move|p2a: Gengar|Shadow Ball|p1a: Conkeldurr
|-damage|p1a: Conkeldurr|68\/381
|-end|p1a: Conkeldurr|confusion
|move|p1a: Conkeldurr|Knock Off|p2a: Gengar
|-supereffective|p2a: Gengar
|-damage|p2a: Gengar|0 fnt
|faint|p2a: Gengar
|
|-weather|Sandstorm|[upkeep]
|-damage|p1a: Conkeldurr|45\/381|[from] sandstorm
|
|switch|p2a: Scolipede|Scolipede, M|323\/323
|-damage|p2a: Scolipede|243\/323|[from] Stealth Rock
|turn|9
|join|Julian
|chat|N199ERDESTROYER|eugene?
|chat|*01AceKing*|yaya
|chat|*01AceKing*|julian not here
|chat|tarafighter1|julian from fire emblem???? lol jk :)
|
|move|p2a: Scolipede|Poison Jab|p1a: Conkeldurr
|-damage|p1a: Conkeldurr|0 fnt
|faint|p1a: Conkeldurr
|
|-weather|Sandstorm|[upkeep]
|-damage|p2a: Scolipede|223\/323|[from] sandstorm
|-boost|p2a: Scolipede|spe|1|[from] ability: Speed Boost
|leave|*01AceKing*
|player|p2
|leave|Dabe
|player|p2|tarafighter1|265
|leave|Julian
|chat|tarafighter1|o.o
|
|switch|p1a: Talonflame|Talonflame, F|297\/297
|turn|10
|chat|tarafighter1|uhh i guess i'll just fight you
|
|move|p2a: Scolipede|Protect|p2a: Scolipede
|-singleturn|p2a: Scolipede|Protect
|move|p1a: Talonflame|Brave Bird|p2a: Scolipede
|-activate|p2a: Scolipede|Protect
|
|-weather|none
|-boost|p2a: Scolipede|spe|1|[from] ability: Speed Boost
|turn|11
|
|move|p1a: Talonflame|Brave Bird|p2a: Scolipede
|-supereffective|p2a: Scolipede
|-damage|p2a: Scolipede|0 fnt
|-damage|p1a: Talonflame|223\/297|[from] recoil|[of] p2a: Scolipede
|faint|p2a: Scolipede
|
|
|switch|p2a: Tyranitar|Tyranitar, M|254\/404
|-damage|p2a: Tyranitar|204\/404|[from] Stealth Rock
|-weather|Sandstorm
|turn|12
|
|switch|p1a: Gliscor|Gliscor, F|354\/354
|move|p2a: Tyranitar|Stone Edge|p1a: Gliscor
|-damage|p1a: Gliscor|225\/354
|
|-weather|Sandstorm|[upkeep]
|-heal|p1a: Gliscor|247\/354|[from] item: Leftovers
|-heal|p2a: Tyranitar|229\/404|[from] item: Leftovers
|turn|13
|
|move|p1a: Gliscor|Earthquake|p2a: Tyranitar
|-supereffective|p2a: Tyranitar
|-damage|p2a: Tyranitar|23\/404
|move|p2a: Tyranitar|Crunch|p1a: Gliscor
|-damage|p1a: Gliscor|156\/354
|
|-weather|Sandstorm|[upkeep]
|-heal|p1a: Gliscor|178\/354|[from] item: Leftovers
|-heal|p2a: Tyranitar|48\/404|[from] item: Leftovers
|turn|14
|join|*01AceKing*
|
|move|p1a: Gliscor|Roost|p1a: Gliscor
|-heal|p1a: Gliscor|354\/354
|move|p2a: Tyranitar|Crunch|p1a: Gliscor
|-damage|p1a: Gliscor|261\/354
|
|-weather|Sandstorm|[upkeep]
|-heal|p1a: Gliscor|283\/354|[from] item: Leftovers
|-heal|p2a: Tyranitar|73\/404|[from] item: Leftovers
|turn|15
|chat|tarafighter1|somehow i was able to take u place
|chat|*01AceKing*|oh gg
|chat|tarafighter1|u want it back?
|chat|*01AceKing*|aiden yin won
|chat|*01AceKing*|wtf
|chat|*01AceKing*|you hacker
|chat|tarafighter1|it just said
|chat|tarafighter1|join battle
|chat|tarafighter1|so i cilcked it
|chat|*01AceKing*|what
|chat|*01AceKing*|oh room voice right
|chat|tarafighter1|and it put me in u place :P
|chat|*01AceKing*|keep playing
|
|move|p1a: Gliscor|Earthquake|p2a: Tyranitar
|-supereffective|p2a: Tyranitar
|-damage|p2a: Tyranitar|0 fnt
|faint|p2a: Tyranitar
|
|-weather|Sandstorm|[upkeep]
|-heal|p1a: Gliscor|305\/354|[from] item: Leftovers
|
|switch|p2a: Venusaur|Venusaur, M|364\/364
|-damage|p2a: Venusaur|319\/364|[from] Stealth Rock
|turn|16
|
|switch|p1a: Ferrothorn|Ferrothorn, M|163\/352
|-formechange|p2a: Venusaur|Venusaur-Mega
|message|Venusaur has Mega Evolved into Mega Venusaur!
|move|p2a: Venusaur|Giga Drain|p1a: Ferrothorn
|-resisted|p1a: Ferrothorn
|-damage|p1a: Ferrothorn|145\/352
|-heal|p2a: Venusaur|328\/364|[from] drain|[of] p1a: Ferrothorn
|
|-weather|none
|-heal|p1a: Ferrothorn|167\/352|[from] item: Leftovers
|turn|17
|chat|tarafighter1|kinda screwed
|chat|*01AceKing*|yep he's one of the best players on showdown
|chat|*01AceKing*|i guess
|
|switch|p2a: Volcarona|Volcarona, F|374\/374
|-damage|p2a: Volcarona|187\/374|[from] Stealth Rock
|move|p1a: Ferrothorn|Leech Seed|p2a: Volcarona
|-start|p2a: Volcarona|move: Leech Seed
|
|-heal|p2a: Volcarona|210\/374|[from] item: Leftovers
|-heal|p1a: Ferrothorn|189\/352|[from] item: Leftovers
|-damage|p2a: Volcarona|164\/374|[from] Leech Seed|[of] p1a: Ferrothorn
|-heal|p1a: Ferrothorn|235\/352|[silent]
|turn|18
|
|switch|p1a: Talonflame|Talonflame, F|223\/297
|move|p2a: Volcarona|Fiery Dance|p1a: Talonflame
|-resisted|p1a: Talonflame
|-damage|p1a: Talonflame|146\/297
|
|-heal|p2a: Volcarona|187\/374|[from] item: Leftovers
|-damage|p2a: Volcarona|141\/374|[from] Leech Seed|[of] p1a: Talonflame
|-heal|p1a: Talonflame|192\/297|[silent]
|turn|19
|chat|tarafighter1|never played him
|chat|tarafighter1|too bad i'm not playing my usual 
|chat|*01AceKing*|well i have PLENTY OF TIME
|chat|*01AceKing*|play him with your own team
|
|move|p1a: Talonflame|Brave Bird|p2a: Volcarona
|-supereffective|p2a: Volcarona
|-damage|p2a: Volcarona|0 fnt
|-damage|p1a: Talonflame|145\/297|[from] recoil|[of] p2a: Volcarona
|faint|p2a: Volcarona
|
|
|switch|p2a: Venusaur|Venusaur, M|328\/364
|-formechange|p2a: Venusaur|Venusaur-Mega
|-damage|p2a: Venusaur|283\/364|[from] Stealth Rock
|turn|20
|chat|tarafighter1|will do
|
|move|p1a: Talonflame|Brave Bird|p2a: Venusaur
|-supereffective|p2a: Venusaur
|-damage|p2a: Venusaur|0 fnt
|-damage|p1a: Talonflame|52\/297|[from] recoil|[of] p2a: Venusaur
|faint|p2a: Venusaur
|
|win|N199ERDESTROYER
|chat|N199ERDESTROYER|gg
|chat|tarafighter1|gg