|join|latino
|join|N199ERDESTROYER
|player|p1|latino|2
|player|p2|N199ERDESTROYER|253
|gametype|singles
|gen|6
|tier|OU
|rated
|clearpoke
|poke|p1|Talonflame, M
|poke|p1|Quagsire, M
|poke|p1|Venusaur, M
|poke|p1|Mew
|poke|p1|Magnezone
|poke|p1|Clefable, M
|poke|p2|Venusaur, M
|poke|p2|Heatran, M
|poke|p2|Azumarill, F
|poke|p2|Mew, shiny
|poke|p2|Landorus-Therian, M
|poke|p2|Latias, F
|rule|Swagger Clause: Swagger is banned
|rule|Baton Pass Clause: Limit one PokÃ©mon knowing Baton Pass
|rule|Sleep Clause Mod: Limit one foe put to sleep
|rule|Species Clause: Limit one of each PokÃ©mon
|rule|OHKO Clause: OHKO moves are banned
|rule|Moody Clause: Moody is banned
|rule|Evasion Moves Clause: Evasion moves are banned
|rule|Endless Battle Clause: Forcing endless battles is banned
|rule|HP Percentage Mod: HP is shown in percentages
|teampreview
|
|start
|switch|p1a: Venusaur|Venusaur, M|364\/364
|switch|p2a: FV ma boi|Heatran, M|323\/323
|turn|1
|
|switch|p2a: Michoza|Venusaur, M|353\/353
|detailschange|p1a: Venusaur|Venusaur-Mega, M
|message|Venusaur has Mega Evolved into Mega Venusaur!
|move|p1a: Venusaur|Sleep Powder|p2a: Michoza
|-fail|p2a: Michoza
|
|turn|2
|
|switch|p1a: Magnezone|Magnezone|282\/282
|detailschange|p2a: Michoza|Venusaur-Mega, M
|message|Venusaur has Mega Evolved into Mega Venusaur!
|move|p2a: Michoza|Sludge Bomb|p1a: Magnezone
|-immune|p1a: Magnezone|[msg]
|
|turn|3
|
|move|p1a: Magnezone|Volt Switch|p2a: Michoza
|-resisted|p2a: Michoza
|-damage|p2a: Michoza|299\/353
|
|switch|p1a: Venusaur|Venusaur-Mega, M|364\/364
|move|p2a: Michoza|Sludge Bomb|p1a: Venusaur
|-damage|p1a: Venusaur|214\/364
|
|turn|4
|
|switch|p1a: Talonflame|Talonflame, M|352\/352
|move|p2a: Michoza|Hidden Power|p1a: Talonflame
|-crit|p1a: Talonflame
|-resisted|p1a: Talonflame
|-damage|p1a: Talonflame|289\/352
|
|-heal|p1a: Talonflame|311\/352|[from] item: Leftovers
|turn|5
|
|switch|p1a: Clefable|Clefable, M|394\/394
|switch|p2a: FV ma boi|Heatran, M|323\/323
|
|turn|6
|
|move|p2a: FV ma boi|Flash Cannon|p1a: Clefable
|-supereffective|p1a: Clefable
|-damage|p1a: Clefable|32\/394
|move|p1a: Clefable|Calm Mind|p1a: Clefable
|-boost|p1a: Clefable|spa|1
|-boost|p1a: Clefable|spd|1
|
|-heal|p1a: Clefable|56\/394|[from] item: Leftovers
|turn|7
|
|switch|p2a: Michoza|Venusaur-Mega, M|299\/353
|move|p1a: Clefable|Hidden Power|p2a: Michoza
|-damage|p2a: Michoza|236\/353
|
|-heal|p1a: Clefable|80\/394|[from] item: Leftovers
|turn|8
|-message|latino forfeited.
|
|win|N199ERDESTROYER
|raw|Ladder updating...
|leave|latino
|player|p1