|join|deoxysrevenge
|join|N199ERDESTROYER
|player|p1|deoxysrevenge|170
|player|p2|N199ERDESTROYER|253
|gametype|singles
|gen|6
|tier|OU
|rated
|clearpoke
|poke|p1|Politoed, F
|poke|p1|Kingdra, F
|poke|p1|Kabutops, F
|poke|p1|Latios, M
|poke|p1|Ferrothorn, F
|poke|p1|Heracross, F
|poke|p2|Charizard, M, shiny
|poke|p2|Keldeo-Resolute
|poke|p2|Bisharp, M
|poke|p2|Latias, F
|poke|p2|Clefable, F
|poke|p2|Landorus-Therian, M
|rule|Swagger Clause: Swagger is banned
|rule|Baton Pass Clause: Limit one PokÃ©mon knowing Baton Pass
|rule|Sleep Clause Mod: Limit one foe put to sleep
|rule|Species Clause: Limit one of each PokÃ©mon
|rule|OHKO Clause: OHKO moves are banned
|rule|Moody Clause: Moody is banned
|rule|Evasion Moves Clause: Evasion moves are banned
|rule|Endless Battle Clause: Forcing endless battles is banned
|rule|HP Percentage Mod: HP is shown in percentages
|teampreview
|
|start
|switch|p1a: Ferrothorn|Ferrothorn, F|352\/352
|switch|p2a: Charizard|Charizard, M, shiny|297\/297
|turn|1
|
|switch|p1a: Politoed|Politoed, F|384\/384
|-weather|RainDance
|move|p2a: Charizard|Fire Blast|p1a: Politoed
|-resisted|p1a: Politoed
|-damage|p1a: Politoed|351\/384
|
|-weather|RainDance|[upkeep]
|turn|2
|
|detailschange|p2a: Charizard|Charizard-Mega-Y, M, shiny
|message|Charizard has Mega Evolved into Mega Charizard!
|-weather|SunnyDay
|move|p2a: Charizard|Solar Beam|p1a: Politoed|[still]
|-prepare|p2a: Charizard|Solar Beam|p1a: Politoed
|-anim|p2a: Charizard|Solar Beam|p1a: Politoed
|-supereffective|p1a: Politoed
|-damage|p1a: Politoed|105\/384
|move|p1a: Politoed|Scald|p2a: Charizard
|-supereffective|p2a: Charizard
|-damage|p2a: Charizard|217\/297
|
|-weather|SunnyDay|[upkeep]
|turn|3
|
|switch|p1a: Latios|Latios, M|301\/301
|move|p2a: Charizard|Fire Blast|p1a: Latios
|-resisted|p1a: Latios
|-damage|p1a: Latios|139\/301
|
|-weather|SunnyDay|[upkeep]
|turn|4
|
|switch|p2a: Clefable|Clefable, F|393\/393
|move|p1a: Latios|Draco Meteor|p2a: Clefable
|-immune|p2a: Clefable|[msg]
|
|-weather|SunnyDay|[upkeep]
|turn|5
|
|switch|p1a: Ferrothorn|Ferrothorn, F|352\/352
|move|p2a: Clefable|Stealth Rock|p1a: Ferrothorn
|-sidestart|p1: deoxysrevenge|move: Stealth Rock
|
|-weather|SunnyDay|[upkeep]
|turn|6
|
|move|p2a: Clefable|Fire Blast|p1a: Ferrothorn|[miss]
|-miss|p2a: Clefable|p1a: Ferrothorn
|move|p1a: Ferrothorn|Stealth Rock|p2a: Clefable
|-sidestart|p2: N199ERDESTROYER|move: Stealth Rock
|
|-weather|none
|turn|7
|c|âN199ERDESTROYER|nigg er
|
|switch|p2a: Bisharp|Bisharp, M|271\/271
|-damage|p2a: Bisharp|255\/271|[from] Stealth Rock
|switch|p1a: Politoed|Politoed, F|105\/384
|-damage|p1a: Politoed|57\/384|[from] Stealth Rock
|-weather|RainDance
|
|-weather|RainDance|[upkeep]
|turn|8
|
|move|p2a: Bisharp|Pursuit|p1a: Politoed
|-crit|p1a: Politoed
|-damage|p1a: Politoed|0 fnt
|faint|p1a: Politoed
|
|-weather|RainDance|[upkeep]
|
|switch|p1a: Kingdra|Kingdra, F|307\/307
|-damage|p1a: Kingdra|269\/307|[from] Stealth Rock
|turn|9
|
|move|p2a: Bisharp|Sucker Punch|p1a: Kingdra
|-damage|p1a: Kingdra|94\/307
|move|p1a: Kingdra|Hydro Pump|p2a: Bisharp
|-damage|p2a: Bisharp|0 fnt
|faint|p2a: Bisharp
|
|-weather|RainDance|[upkeep]
|
|switch|p2a: Charizard|Charizard-Mega-Y, M, shiny|217\/297
|-damage|p2a: Charizard|69\/297|[from] Stealth Rock
|-weather|SunnyDay
|turn|10
|
|move|p2a: Charizard|Roost|p2a: Charizard
|-heal|p2a: Charizard|218\/297
|move|p1a: Kingdra|Hydro Pump|p2a: Charizard
|-supereffective|p2a: Charizard
|-damage|p2a: Charizard|0 fnt
|faint|p2a: Charizard
|
|-weather|SunnyDay|[upkeep]
|
|switch|p2a: Keldeo-Resolute|Keldeo-Resolute|328\/328
|-damage|p2a: Keldeo-Resolute|308\/328|[from] Stealth Rock
|turn|11
|
|move|p2a: Keldeo-Resolute|Secret Sword|p1a: Kingdra
|-damage|p1a: Kingdra|0 fnt
|-damage|p2a: Keldeo-Resolute|276\/328|[from] item: Life Orb
|faint|p1a: Kingdra
|
|-weather|SunnyDay|[upkeep]
|
|switch|p1a: Latios|Latios, M|139\/301
|-damage|p1a: Latios|102\/301|[from] Stealth Rock
|turn|12
|
|switch|p2a: Clefable|Clefable, F|393\/393
|move|p1a: Latios|Psyshock|p2a: Clefable
|-damage|p2a: Clefable|237\/393
|
|-weather|SunnyDay|[upkeep]
|-heal|p2a: Clefable|261\/393|[from] item: Leftovers
|turn|13
|
|switch|p1a: Kabutops|Kabutops, F|261\/261
|-damage|p1a: Kabutops|229\/261|[from] Stealth Rock
|move|p2a: Clefable|Moonblast|p1a: Kabutops
|-damage|p1a: Kabutops|93\/261
|
|-weather|SunnyDay|[upkeep]
|-heal|p2a: Clefable|285\/393|[from] item: Leftovers
|turn|14
|
|move|p1a: Kabutops|Stone Edge|p2a: Clefable
|-damage|p2a: Clefable|19\/393
|-damage|p1a: Kabutops|67\/261|[from] item: Life Orb
|move|p2a: Clefable|Moonblast|p1a: Kabutops
|-damage|p1a: Kabutops|0 fnt
|faint|p1a: Kabutops
|
|-weather|none
|-heal|p2a: Clefable|43\/393|[from] item: Leftovers
|
|switch|p1a: Heracross|Heracross, F|311\/311
|-damage|p1a: Heracross|273\/311|[from] Stealth Rock
|turn|15
|
|move|p1a: Heracross|Earthquake|p2a: Clefable
|-damage|p2a: Clefable|0 fnt
|faint|p2a: Clefable
|
|
|switch|p2a: Latias|Latias, F|301\/301
|-damage|p2a: Latias|264\/301|[from] Stealth Rock
|turn|16
|
|switch|p2a: Keldeo-Resolute|Keldeo-Resolute|276\/328
|-damage|p2a: Keldeo-Resolute|256\/328|[from] Stealth Rock
|switch|p1a: Ferrothorn|Ferrothorn, F|352\/352
|-damage|p1a: Ferrothorn|330\/352|[from] Stealth Rock
|
|-heal|p1a: Ferrothorn|352\/352|[from] item: Leftovers
|turn|17
|
|move|p2a: Keldeo-Resolute|Secret Sword|p1a: Ferrothorn
|-supereffective|p1a: Ferrothorn
|-damage|p1a: Ferrothorn|71\/352
|-damage|p2a: Keldeo-Resolute|224\/328|[from] item: Life Orb
|move|p1a: Ferrothorn|Power Whip|p2a: Keldeo-Resolute
|-supereffective|p2a: Keldeo-Resolute
|-damage|p2a: Keldeo-Resolute|0 fnt
|faint|p2a: Keldeo-Resolute
|
|-heal|p1a: Ferrothorn|93\/352|[from] item: Leftovers
|
|switch|p2a: Landorus-Therian|Landorus-Therian, M|325\/325
|-damage|p2a: Landorus-Therian|285\/325|[from] Stealth Rock
|-ability|p2a: Landorus-Therian|Intimidate|[of] p1a: Ferrothorn
|-unboost|p1a: Ferrothorn|atk|1
|turn|18
|
|move|p2a: Landorus-Therian|Superpower|p1a: Ferrothorn
|-supereffective|p1a: Ferrothorn
|-damage|p1a: Ferrothorn|0 fnt
|-damage|p2a: Landorus-Therian|245\/325|[from] ability: Iron Barbs|[of] p1a: Ferrothorn
|-unboost|p2a: Landorus-Therian|atk|1
|-unboost|p2a: Landorus-Therian|def|1
|faint|p1a: Ferrothorn
|
|
|switch|p1a: Heracross|Heracross, F|273\/311
|-damage|p1a: Heracross|235\/311|[from] Stealth Rock
|turn|19
|
|detailschange|p1a: Heracross|Heracross-Mega, F
|message|Heracross has Mega Evolved into Mega Heracross!
|move|p2a: Landorus-Therian|Superpower|p1a: Heracross
|-resisted|p1a: Heracross
|-damage|p1a: Heracross|185\/311
|-unboost|p2a: Landorus-Therian|atk|1
|-unboost|p2a: Landorus-Therian|def|1
|move|p1a: Heracross|Pin Missile|p2a: Landorus-Therian
|-resisted|p2a: Landorus-Therian
|-damage|p2a: Landorus-Therian|180\/325
|-resisted|p2a: Landorus-Therian
|-damage|p2a: Landorus-Therian|114\/325
|-resisted|p2a: Landorus-Therian
|-damage|p2a: Landorus-Therian|45\/325
|-resisted|p2a: Landorus-Therian
|-damage|p2a: Landorus-Therian|0 fnt
|-hitcount|p2a: Landorus-Therian|4
|faint|p2a: Landorus-Therian
|
|
|switch|p2a: Latias|Latias, F|264\/301
|-damage|p2a: Latias|227\/301|[from] Stealth Rock
|turn|20
|c|âdeoxysrevenge|wow it will be a speed tie
|c|âdeoxysrevenge|what a game
|c|âN199ERDESTROYER|do u have hp fire?
|
|move|p2a: Latias|Psyshock|p1a: Heracross
|-supereffective|p1a: Heracross
|-damage|p1a: Heracross|0 fnt
|-damage|p2a: Latias|197\/301|[from] item: Life Orb
|faint|p1a: Heracross
|
|c|âdeoxysrevenge|no
|c|âN199ERDESTROYER|okie
|
|switch|p1a: Latios|Latios, M|102\/301
|-damage|p1a: Latios|65\/301|[from] Stealth Rock
|turn|21
|
|move|p2a: Latias|Draco Meteor|p1a: Latios
|-supereffective|p1a: Latios
|-damage|p1a: Latios|0 fnt
|-unboost|p2a: Latias|spa|2
|-damage|p2a: Latias|167\/301|[from] item: Life Orb
|faint|p1a: Latios
|
|win|N199ERDESTROYER
|raw|Ladder updating...
|c|âN199ERDESTROYER|gg
|raw|deoxysrevenge's rating: 1584 &rarr; <strong>1559<\/strong><br \/>(-25 for losing)
|raw|N199ERDESTROYER's rating: 1497 &rarr; <strong>1522<\/strong><br \/>(+25 for winning)
|c|âN199ERDESTROYER|well played
|c|âdeoxysrevenge|nice
|c|âdeoxysrevenge|gg
|c|âdeoxysrevenge|u2
|leave|N199ERDESTROYER
|player|p2