|join|N199ERDESTROYER
|join|fraaa )
|player|p1|N199ERDESTROYER|2
|player|p2|fraaa )|266
|gametype|singles
|gen|6
|tier|OU
|rated
|clearpoke
|poke|p1|Altaria, F
|poke|p1|Skarmory, M
|poke|p1|Volcarona, F
|poke|p1|Dugtrio, F
|poke|p1|Keldeo-Resolute
|poke|p1|Heatran, M
|poke|p2|Sudowoodo, F
|poke|p2|Sableye, M
|poke|p2|Sylveon, F
|poke|p2|Toxicroak, M
|poke|p2|Latias, F
|poke|p2|Heatran, F
|rule|Swagger Clause: Swagger is banned
|rule|Baton Pass Clause: Limit one PokÃ©mon knowing Baton Pass
|rule|Sleep Clause Mod: Limit one foe put to sleep
|rule|Species Clause: Limit one of each PokÃ©mon
|rule|OHKO Clause: OHKO moves are banned
|rule|Moody Clause: Moody is banned
|rule|Evasion Moves Clause: Evasion moves are banned
|rule|Endless Battle Clause: Forcing endless battles is banned
|rule|HP Percentage Mod: HP is shown in percentages
|teampreview
|
|start
|switch|p1a: Skarmory|Skarmory, M|333\/333
|switch|p2a: Sudowoodo|Sudowoodo, F|344\/344
|turn|1
|
|move|p1a: Skarmory|Stealth Rock|p2a: Sudowoodo
|-sidestart|p2: fraaa )|move: Stealth Rock
|move|p2a: Sudowoodo|Taunt|p1a: Skarmory
|-start|p1a: Skarmory|move: Taunt
|
|turn|2
|
|move|p1a: Skarmory|Brave Bird|p2a: Sudowoodo
|-resisted|p2a: Sudowoodo
|-damage|p2a: Sudowoodo|308\/344
|-damage|p1a: Skarmory|321\/333|[from] recoil|[of] p2a: Sudowoodo
|move|p2a: Sudowoodo|Stealth Rock|p1a: Skarmory
|-sidestart|p1: N199ERDESTROYER|move: Stealth Rock
|
|-heal|p2a: Sudowoodo|329\/344|[from] item: Leftovers
|turn|3
|
|switch|p1a: Dugtrio|Dugtrio, F|211\/211
|-damage|p1a: Dugtrio|198\/211|[from] Stealth Rock
|move|p2a: Sudowoodo|Counter|p1a: Dugtrio
|-fail|p1a: Dugtrio
|
|-heal|p2a: Sudowoodo|344\/344|[from] item: Leftovers
|turn|4
|
|move|p1a: Dugtrio|Earthquake|p2a: Sudowoodo
|-supereffective|p2a: Sudowoodo
|-damage|p2a: Sudowoodo|186\/344
|move|p2a: Sudowoodo|Counter|p1a: Dugtrio
|-damage|p1a: Dugtrio|0 fnt
|faint|p1a: Dugtrio
|
|-heal|p2a: Sudowoodo|207\/344|[from] item: Leftovers
|
|switch|p1a: Altaria|Altaria, F|316\/316
|-damage|p1a: Altaria|237\/316|[from] Stealth Rock
|turn|5
|
|detailschange|p1a: Altaria|Altaria-Mega, F
|-mega|p1a: Altaria|Altaria|Altarianite
|move|p1a: Altaria|Substitute|p1a: Altaria
|-start|p1a: Altaria|Substitute
|-damage|p1a: Altaria|158\/316
|move|p2a: Sudowoodo|Toxic|p1a: Altaria
|
|-heal|p2a: Sudowoodo|228\/344|[from] item: Leftovers
|turn|6
|
|move|p1a: Altaria|Dragon Dance|p1a: Altaria
|-boost|p1a: Altaria|atk|1
|-boost|p1a: Altaria|spe|1
|move|p2a: Sudowoodo|Taunt|p1a: Altaria
|-start|p1a: Altaria|move: Taunt
|
|-heal|p2a: Sudowoodo|249\/344|[from] item: Leftovers
|turn|7
|
|move|p1a: Altaria|Return|p2a: Sudowoodo
|-damage|p2a: Sudowoodo|3\/344
|move|p2a: Sudowoodo|Counter|p1a: Altaria
|-end|p1a: Altaria|Substitute
|
|-heal|p2a: Sudowoodo|24\/344|[from] item: Leftovers
|turn|8
|
|move|p1a: Altaria|Return|p2a: Sudowoodo
|-damage|p2a: Sudowoodo|0 fnt
|faint|p2a: Sudowoodo
|
|
|switch|p2a: Heatran|Heatran, F|385\/385
|-damage|p2a: Heatran|337\/385|[from] Stealth Rock
|turn|9
|
|switch|p1a: Heatran|Heatran, M|386\/386
|-damage|p1a: Heatran|338\/386|[from] Stealth Rock
|move|p2a: Heatran|Flash Cannon|p1a: Heatran
|-resisted|p1a: Heatran
|-damage|p1a: Heatran|309\/386
|
|-heal|p1a: Heatran|333\/386|[from] item: Leftovers
|turn|10
|
|move|p1a: Heatran|Protect|p1a: Heatran
|-singleturn|p1a: Heatran|Protect
|move|p2a: Heatran|Earth Power|p1a: Heatran
|-activate|p1a: Heatran|Protect
|
|-heal|p1a: Heatran|357\/386|[from] item: Leftovers
|turn|11
|
|move|p2a: Heatran|Earth Power|p1a: Heatran
|-supereffective|p1a: Heatran
|-damage|p1a: Heatran|25\/386
|move|p1a: Heatran|Stone Edge|p2a: Heatran
|-damage|p2a: Heatran|262\/385
|
|-heal|p1a: Heatran|49\/386|[from] item: Leftovers
|turn|12
|
|move|p1a: Heatran|Stone Edge|p2a: Heatran
|-crit|p2a: Heatran
|-damage|p2a: Heatran|154\/385
|move|p2a: Heatran|Flash Cannon|p1a: Heatran
|-resisted|p1a: Heatran
|-damage|p1a: Heatran|20\/386
|
|-heal|p1a: Heatran|44\/386|[from] item: Leftovers
|turn|13
|
|switch|p1a: Keldeo-Resolute|Keldeo-Resolute|323\/323
|-damage|p1a: Keldeo-Resolute|303\/323|[from] Stealth Rock
|move|p2a: Heatran|Earth Power|p1a: Keldeo-Resolute
|-damage|p1a: Keldeo-Resolute|167\/323
|
|turn|14
|
|switch|p1a: Skarmory|Skarmory, M|321\/333
|-damage|p1a: Skarmory|280\/333|[from] Stealth Rock
|switch|p2a: Latias|Latias, F|301\/301
|-damage|p2a: Latias|264\/301|[from] Stealth Rock
|
|turn|15
|
|move|p2a: Latias|Draco Meteor|p1a: Skarmory
|-resisted|p1a: Skarmory
|-damage|p1a: Skarmory|94\/333
|-unboost|p2a: Latias|spa|2
|-damage|p2a: Latias|234\/301|[from] item: Life Orb
|move|p1a: Skarmory|Defog|p2a: Latias
|-unboost|p2a: Latias|evasion|1
|-sideend|p2: fraaa )|Stealth Rock|[from] move: Defog|[of] p2a: Latias
|-sideend|p1: N199ERDESTROYER|Stealth Rock|[from] move: Defog|[of] p1a: Skarmory
|
|turn|16
|c|âfraaa )|sorry
|c|âfraaa )|I have problem of connection
|c|âN199ERDESTROYER|just quit
|
|switch|p1a: Volcarona|Volcarona, F|344\/344
|move|p2a: Latias|Draco Meteor|p1a: Volcarona
|-damage|p1a: Volcarona|214\/344
|-unboost|p2a: Latias|spa|2
|-damage|p2a: Latias|204\/301|[from] item: Life Orb
|
|turn|17
|
|switch|p2a: Heatran|Heatran, F|154\/385
|move|p1a: Volcarona|Quiver Dance|p1a: Volcarona
|-boost|p1a: Volcarona|spa|1
|-boost|p1a: Volcarona|spd|1
|-boost|p1a: Volcarona|spe|1
|
|turn|18
|
|move|p1a: Volcarona|Quiver Dance|p1a: Volcarona
|-boost|p1a: Volcarona|spa|1
|-boost|p1a: Volcarona|spd|1
|-boost|p1a: Volcarona|spe|1
|move|p2a: Heatran|Earth Power|p1a: Volcarona
|-damage|p1a: Volcarona|155\/344
|
|turn|19
|
|move|p1a: Volcarona|Giga Drain|p2a: Heatran
|-resisted|p2a: Heatran
|-damage|p2a: Heatran|125\/385
|-heal|p1a: Volcarona|170\/344|[from] drain|[of] p2a: Heatran
|move|p2a: Heatran|Earth Power|p1a: Volcarona
|-damage|p1a: Volcarona|110\/344
|
|turn|20
|
|move|p1a: Volcarona|Bug Buzz|p2a: Heatran
|-resisted|p2a: Heatran
|-damage|p2a: Heatran|65\/385
|move|p2a: Heatran|Earth Power|p1a: Volcarona
|-damage|p1a: Volcarona|55\/344
|
|turn|21
|
|move|p1a: Volcarona|Giga Drain|p2a: Heatran
|-resisted|p2a: Heatran
|-damage|p2a: Heatran|32\/385
|-heal|p1a: Volcarona|72\/344|[from] drain|[of] p2a: Heatran
|move|p2a: Heatran|Earth Power|p1a: Volcarona
|-damage|p1a: Volcarona|11\/344
|
|turn|22
|
|move|p1a: Volcarona|Bug Buzz|p2a: Heatran
|-crit|p2a: Heatran
|-resisted|p2a: Heatran
|-damage|p2a: Heatran|0 fnt
|faint|p2a: Heatran
|
|c|âfraaa )|gg
|
|switch|p2a: Sableye|Sableye, M|303\/303
|turn|23
|
|detailschange|p2a: Sableye|Sableye-Mega, M
|-mega|p2a: Sableye|Sableye|Sablenite
|move|p2a: Sableye|Sucker Punch|p1a: Volcarona
|-damage|p1a: Volcarona|0 fnt
|-status|p2a: Sableye|brn
|faint|p1a: Volcarona
|
|-damage|p2a: Sableye|266\/303 brn|[from] brn
|
|switch|p1a: Altaria|Altaria-Mega, F|158\/316
|turn|24
|c|âfraaa )|hax
|c|âfraaa )|hax
|c|âfraaa )|hax
|
|move|p1a: Altaria|Substitute|p1a: Altaria
|-start|p1a: Altaria|Substitute
|-damage|p1a: Altaria|79\/316
|move|p2a: Sableye|Poison Jab|p1a: Altaria
|-supereffective|p1a: Altaria
|-activate|p1a: Altaria|Substitute|[damage]
|
|-damage|p2a: Sableye|229\/303 brn|[from] brn
|turn|25
|
|move|p1a: Altaria|Roost|p1a: Altaria
|-heal|p1a: Altaria|237\/316
|move|p2a: Sableye|Poison Jab|p1a: Altaria
|-supereffective|p1a: Altaria
|-end|p1a: Altaria|Substitute
|
|-damage|p2a: Sableye|192\/303 brn|[from] brn
|turn|26
|
|switch|p2a: Sylveon|Sylveon, F|393\/393
|move|p1a: Altaria|Substitute|p1a: Altaria
|-start|p1a: Altaria|Substitute
|-damage|p1a: Altaria|158\/316
|
|turn|27
|
|move|p1a: Altaria|Dragon Dance|p1a: Altaria
|-boost|p1a: Altaria|atk|1
|-boost|p1a: Altaria|spe|1
|move|p2a: Sylveon|Hyper Voice|p1a: Altaria
|-supereffective|p1a: Altaria
|-damage|p1a: Altaria|0 fnt
|faint|p1a: Altaria
|
|-message|N199ERDESTROYER forfeited.
|
|win|fraaa )
|raw|Ladder updating...
|leave|N199ERDESTROYER
|player|p1
|raw|N199ERDESTROYER's rating: 1473 &rarr; <strong>1451<\/strong><br \/>(-22 for losing)
|raw|fraaa )'s rating: 1439 &rarr; <strong>1461<\/strong><br \/>(+22 for winning)