|join|ForgottenGreninja
|join|troller67890
|player|p1|ForgottenGreninja|101
|player|p2|troller67890|163
|gametype|singles
|gen|6
|tier|OU
|rated
|clearpoke
|poke|p1|Gyarados, M
|poke|p1|Victini
|poke|p1|Slowbro, M
|poke|p1|Azelf
|poke|p1|Landorus-Therian, M
|poke|p1|Conkeldurr, F
|poke|p2|Venusaur, F
|poke|p2|Lucario, M
|poke|p2|Rotom-Wash
|poke|p2|Heatran, M
|poke|p2|Latios, M
|poke|p2|Azumarill, F
|rule|Swagger Clause: Swagger is banned
|rule|Baton Pass Clause: Limit one PokÃ©mon knowing Baton Pass
|rule|Sleep Clause Mod: Limit one foe put to sleep
|rule|Species Clause: Limit one of each PokÃ©mon
|rule|OHKO Clause: OHKO moves are banned
|rule|Moody Clause: Moody is banned
|rule|Evasion Moves Clause: Evasion moves are banned
|rule|Endless Battle Clause: Forcing endless battles is banned
|rule|HP Percentage Mod: HP is shown in percentages
|teampreview
|c|âtroller67890|gl hf
|
|start
|switch|p1a: Azelf|Azelf|292\/292
|switch|p2a: Latios|Latios, M|301\/301
|turn|1
|
|move|p2a: Latios|Draco Meteor|p1a: Azelf
|-enditem|p1a: Azelf|Focus Sash
|-damage|p1a: Azelf|1\/292
|-unboost|p2a: Latios|spa|2
|move|p1a: Azelf|Knock Off|p2a: Latios
|-supereffective|p2a: Latios
|-damage|p2a: Latios|13\/301
|-enditem|p2a: Latios|Choice Scarf|[from] move: Knock Off|[of] p1a: Azelf
|
|turn|2
|
|switch|p1a: Landorus-Therian|Landorus-Therian, M|320\/320
|-ability|p1a: Landorus-Therian|Intimidate|[of] p2a: Latios
|-unboost|p2a: Latios|atk|1
|move|p2a: Latios|Psyshock|p1a: Landorus-Therian
|-damage|p1a: Landorus-Therian|244\/320
|
|turn|3
|
|move|p1a: Landorus-Therian|U-turn|p2a: Latios
|-supereffective|p2a: Latios
|-damage|p2a: Latios|0 fnt
|faint|p2a: Latios
|
|switch|p1a: Azelf|Azelf|1\/292
|
|
|switch|p2a: Azumarill|Azumarill, F|364\/364
|turn|4
|
|switch|p1a: Slowbro|Slowbro, M|394\/394
|move|p2a: Azumarill|Belly Drum|p2a: Azumarill
|-damage|p2a: Azumarill|182\/364
|-setboost|p2a: Azumarill|atk|6|[from] move: Belly Drum
|-enditem|p2a: Azumarill|Sitrus Berry|[eat]
|-heal|p2a: Azumarill|273\/364|[from] item: Sitrus Berry
|
|turn|5
|
|move|p2a: Azumarill|Play Rough|p1a: Slowbro
|-damage|p1a: Slowbro|0 fnt
|faint|p1a: Slowbro
|
|
|switch|p1a: Landorus-Therian|Landorus-Therian, M|244\/320
|-ability|p1a: Landorus-Therian|Intimidate|[of] p2a: Azumarill
|-unboost|p2a: Azumarill|atk|1
|turn|6
|
|switch|p1a: Gyarados|Gyarados, M|353\/353
|move|p2a: Azumarill|Aqua Jet|p1a: Gyarados
|-resisted|p1a: Gyarados
|-damage|p1a: Gyarados|173\/353
|
|turn|7
|c|âtroller67890|lelelelelelel
|
|switch|p1a: Landorus-Therian|Landorus-Therian, M|244\/320
|-ability|p1a: Landorus-Therian|Intimidate|[of] p2a: Azumarill
|-unboost|p2a: Azumarill|atk|1
|move|p2a: Azumarill|Aqua Jet|p1a: Landorus-Therian
|-supereffective|p1a: Landorus-Therian
|-damage|p1a: Landorus-Therian|0 fnt
|faint|p1a: Landorus-Therian
|
|c|âtroller67890|time wasting
|
|switch|p1a: Victini|Victini|341\/341
|turn|8
|
|move|p2a: Azumarill|Aqua Jet|p1a: Victini
|-supereffective|p1a: Victini
|-damage|p1a: Victini|0 fnt
|faint|p1a: Victini
|
|c|âtroller67890|die
|-message|ForgottenGreninja forfeited.
|
|win|troller67890
|raw|Ladder updating...
|leave|ForgottenGreninja
|player|p1
|raw|ForgottenGreninja's rating: 1526 &rarr; <strong>1500<\/strong><br \/>(-26 for losing)
|raw|troller67890's rating: 1407 &rarr; <strong>1434<\/strong><br \/>(+27 for winning)