|join|ForgottenGreninja
|join|treesarecute
|player|p1|ForgottenGreninja|2
|player|p2|treesarecute|148
|gametype|singles
|gen|6
|tier|OU
|rated
|clearpoke
|poke|p1|Gyarados, M
|poke|p1|Victini
|poke|p1|Slowbro, M
|poke|p1|Azelf
|poke|p1|Landorus-Therian, M
|poke|p1|Conkeldurr, M
|poke|p2|Landorus, M
|poke|p2|Latias, F
|poke|p2|Breloom, M
|poke|p2|Heatran, M
|poke|p2|Clefable, F
|poke|p2|Gyarados, F
|rule|Swagger Clause: Swagger is banned
|rule|Baton Pass Clause: Limit one PokÃ©mon knowing Baton Pass
|rule|Sleep Clause Mod: Limit one foe put to sleep
|rule|Species Clause: Limit one of each PokÃ©mon
|rule|OHKO Clause: OHKO moves are banned
|rule|Moody Clause: Moody is banned
|rule|Evasion Moves Clause: Evasion moves are banned
|rule|Endless Battle Clause: Forcing endless battles is banned
|rule|HP Percentage Mod: HP is shown in percentages
|teampreview
|
|start
|switch|p1a: Azelf|Azelf|292\/292
|switch|p2a: Heatran|Heatran, M|385\/385
|turn|1
|
|move|p1a: Azelf|Taunt|p2a: Heatran
|-start|p2a: Heatran|move: Taunt
|move|p2a: Heatran|Lava Plume|p1a: Azelf
|-damage|p1a: Azelf|120\/292
|-status|p1a: Azelf|brn
|
|-damage|p1a: Azelf|84\/292 brn|[from] brn
|turn|2
|
|move|p1a: Azelf|Stealth Rock|p2a: Heatran
|-sidestart|p2: treesarecute|move: Stealth Rock
|move|p2a: Heatran|Lava Plume|p1a: Azelf
|-damage|p1a: Azelf|0 fnt
|faint|p1a: Azelf
|
|
|switch|p1a: Gyarados|Gyarados, M|353\/353
|turn|3
|
|move|p1a: Gyarados|Substitute|p1a: Gyarados
|-start|p1a: Gyarados|Substitute
|-damage|p1a: Gyarados|265\/353
|move|p2a: Heatran|Lava Plume|p1a: Gyarados
|-resisted|p1a: Gyarados
|-activate|p1a: Gyarados|Substitute|[damage]
|
|-end|p2a: Heatran|move: Taunt
|turn|4
|
|detailschange|p1a: Gyarados|Gyarados-Mega, M
|-mega|p1a: Gyarados|Gyarados|Gyaradosite
|-ability|p1a: Gyarados|Mold Breaker
|move|p1a: Gyarados|Waterfall|p2a: Heatran
|-supereffective|p2a: Heatran
|-damage|p2a: Heatran|71\/385
|move|p2a: Heatran|Roar|p1a: Gyarados
|drag|p1a: Victini|Victini|341\/341
|
|-heal|p2a: Heatran|95\/385|[from] item: Leftovers
|turn|5
|
|switch|p2a: Clefable|Clefable, F|394\/394
|move|p1a: Victini|Thunderbolt|p2a: Clefable
|-damage|p2a: Clefable|298\/394
|
|-heal|p2a: Clefable|322\/394|[from] item: Leftovers
|turn|6
|
|switch|p1a: Landorus-Therian|Landorus-Therian, M|320\/320
|-ability|p1a: Landorus-Therian|Intimidate|[of] p2a: Clefable
|-unboost|p2a: Clefable|atk|1
|move|p2a: Clefable|Calm Mind|p2a: Clefable
|-boost|p2a: Clefable|spa|1
|-boost|p2a: Clefable|spd|1
|
|-heal|p2a: Clefable|346\/394|[from] item: Leftovers
|turn|7
|
|move|p1a: Landorus-Therian|Earthquake|p2a: Clefable
|-damage|p2a: Clefable|139\/394
|move|p2a: Clefable|Moonblast|p1a: Landorus-Therian
|-damage|p1a: Landorus-Therian|130\/320
|-unboost|p1a: Landorus-Therian|spa|1
|
|-heal|p2a: Clefable|163\/394|[from] item: Leftovers
|turn|8
|
|switch|p1a: Slowbro|Slowbro, M|394\/394
|switch|p2a: Landorus|Landorus, M|319\/319
|-damage|p2a: Landorus|280\/319|[from] Stealth Rock
|
|turn|9
|
|move|p2a: Landorus|Knock Off|p1a: Slowbro
|-supereffective|p1a: Slowbro
|-damage|p1a: Slowbro|243\/394
|-enditem|p1a: Slowbro|Leftovers|[from] move: Knock Off|[of] p2a: Landorus
|-damage|p2a: Landorus|249\/319|[from] item: Life Orb
|move|p1a: Slowbro|Ice Beam|p2a: Landorus
|-supereffective|p2a: Landorus
|-damage|p2a: Landorus|0 fnt
|faint|p2a: Landorus
|
|
|switch|p2a: Breloom|Breloom, M|261\/261
|-damage|p2a: Breloom|245\/261|[from] Stealth Rock
|turn|10
|
|switch|p1a: Conkeldurr|Conkeldurr, M|414\/414
|move|p2a: Breloom|Spore|p1a: Conkeldurr
|-status|p1a: Conkeldurr|slp
|
|turn|11
|
|move|p2a: Breloom|Bullet Seed|p1a: Conkeldurr
|-damage|p1a: Conkeldurr|350\/414 slp
|-damage|p1a: Conkeldurr|277\/414 slp
|-hitcount|p1a: Conkeldurr|2
|cant|p1a: Conkeldurr|slp
|
|turn|12
|
|move|p2a: Breloom|Bullet Seed|p1a: Conkeldurr
|-damage|p1a: Conkeldurr|202\/414 slp
|-damage|p1a: Conkeldurr|136\/414 slp
|-damage|p1a: Conkeldurr|72\/414 slp
|-hitcount|p1a: Conkeldurr|3
|cant|p1a: Conkeldurr|slp
|
|turn|13
|
|move|p2a: Breloom|Mach Punch|p1a: Conkeldurr
|-damage|p1a: Conkeldurr|0 fnt
|faint|p1a: Conkeldurr
|
|
|switch|p1a: Victini|Victini|341\/341
|turn|14
|
|switch|p1a: Landorus-Therian|Landorus-Therian, M|130\/320
|-ability|p1a: Landorus-Therian|Intimidate|[of] p2a: Breloom
|-unboost|p2a: Breloom|atk|1
|switch|p2a: Heatran|Heatran, M|95\/385
|-damage|p2a: Heatran|47\/385|[from] Stealth Rock
|
|-heal|p2a: Heatran|71\/385|[from] item: Leftovers
|turn|15
|
|move|p1a: Landorus-Therian|Knock Off|p2a: Heatran
|-damage|p2a: Heatran|0 fnt
|-enditem|p2a: Heatran|Leftovers|[from] move: Knock Off|[of] p1a: Landorus-Therian
|faint|p2a: Heatran
|
|
|switch|p2a: Gyarados|Gyarados, F|331\/331
|-damage|p2a: Gyarados|249\/331|[from] Stealth Rock
|-ability|p2a: Gyarados|Intimidate|[of] p1a: Landorus-Therian
|-unboost|p1a: Landorus-Therian|atk|1
|turn|16
|
|switch|p1a: Slowbro|Slowbro, M|374\/394
|detailschange|p2a: Gyarados|Gyarados-Mega, F
|-mega|p2a: Gyarados|Gyarados|Gyaradosite
|-ability|p2a: Gyarados|Mold Breaker
|move|p2a: Gyarados|Dragon Dance|p2a: Gyarados
|-boost|p2a: Gyarados|atk|1
|-boost|p2a: Gyarados|spe|1
|
|turn|17
|
|move|p2a: Gyarados|Dragon Dance|p2a: Gyarados
|-boost|p2a: Gyarados|atk|1
|-boost|p2a: Gyarados|spe|1
|move|p1a: Slowbro|Thunder Wave|p2a: Gyarados
|-status|p2a: Gyarados|par
|
|turn|18
|
|move|p2a: Gyarados|Crunch|p1a: Slowbro
|-supereffective|p1a: Slowbro
|-damage|p1a: Slowbro|0 fnt
|faint|p1a: Slowbro
|
|
|switch|p1a: Landorus-Therian|Landorus-Therian, M|130\/320
|-ability|p1a: Landorus-Therian|Intimidate|[of] p2a: Gyarados
|-unboost|p2a: Gyarados|atk|1
|turn|19
|
|move|p1a: Landorus-Therian|Superpower|p2a: Gyarados
|-supereffective|p2a: Gyarados
|-damage|p2a: Gyarados|0 fnt
|-unboost|p1a: Landorus-Therian|atk|1
|-unboost|p1a: Landorus-Therian|def|1
|faint|p2a: Gyarados
|
|
|switch|p2a: Latias|Latias, F|301\/301
|-damage|p2a: Latias|264\/301|[from] Stealth Rock
|turn|20
|
|switch|p1a: Gyarados|Gyarados-Mega, M|265\/353
|-ability|p1a: Gyarados|Mold Breaker
|move|p2a: Latias|Draco Meteor|p1a: Gyarados
|-damage|p1a: Gyarados|112\/353
|-unboost|p2a: Latias|spa|2
|
|-heal|p2a: Latias|282\/301|[from] item: Leftovers
|turn|21
|
|move|p2a: Latias|Draco Meteor|p1a: Gyarados
|-crit|p1a: Gyarados
|-damage|p1a: Gyarados|0 fnt
|-unboost|p2a: Latias|spa|2
|faint|p1a: Gyarados
|
|-heal|p2a: Latias|300\/301|[from] item: Leftovers
|
|switch|p1a: Landorus-Therian|Landorus-Therian, M|130\/320
|-ability|p1a: Landorus-Therian|Intimidate|[of] p2a: Latias
|-unboost|p2a: Latias|atk|1
|turn|22
|
|switch|p2a: Clefable|Clefable, F|163\/394
|move|p1a: Landorus-Therian|U-turn|p2a: Clefable
|-resisted|p2a: Clefable
|-damage|p2a: Clefable|120\/394
|
|switch|p1a: Victini|Victini|341\/341
|
|-heal|p2a: Clefable|144\/394|[from] item: Leftovers
|turn|23
|
|move|p1a: Victini|Searing Shot|p2a: Clefable
|-damage|p2a: Clefable|0 fnt
|faint|p2a: Clefable
|
|
|switch|p2a: Latias|Latias, F|300\/301
|-damage|p2a: Latias|263\/301|[from] Stealth Rock
|turn|24
|
|move|p2a: Latias|Draco Meteor|p1a: Victini
|-damage|p1a: Victini|127\/341
|-unboost|p2a: Latias|spa|2
|move|p1a: Victini|Hidden Power|p2a: Latias
|-supereffective|p2a: Latias
|-damage|p2a: Latias|153\/301
|
|-heal|p2a: Latias|171\/301|[from] item: Leftovers
|turn|25
|
|switch|p1a: Landorus-Therian|Landorus-Therian, M|130\/320
|-ability|p1a: Landorus-Therian|Intimidate|[of] p2a: Latias
|-unboost|p2a: Latias|atk|1
|move|p2a: Latias|Draco Meteor|p1a: Landorus-Therian
|-damage|p1a: Landorus-Therian|13\/320
|-unboost|p2a: Latias|spa|2
|
|-heal|p2a: Latias|189\/301|[from] item: Leftovers
|turn|26
|
|move|p1a: Landorus-Therian|U-turn|p2a: Latias
|-supereffective|p2a: Latias
|-damage|p2a: Latias|0 fnt
|faint|p2a: Latias
|
|switch|p1a: Victini|Victini|127\/341
|
|
|switch|p2a: Breloom|Breloom, M|245\/261
|-damage|p2a: Breloom|229\/261|[from] Stealth Rock
|turn|27
|
|move|p1a: Victini|Searing Shot|p2a: Breloom
|-supereffective|p2a: Breloom
|-damage|p2a: Breloom|0 fnt
|faint|p2a: Breloom
|
|win|ForgottenGreninja
|raw|Ladder updating...
|c|âtreesarecute|gg
|c|âForgottenGreninja|gg
|raw|ForgottenGreninja's rating: 1348 &rarr; <strong>1371<\/strong><br \/>(+23 for winning)
|raw|treesarecute's rating: 1399 &rarr; <strong>1376<\/strong><br \/>(-23 for losing)