|join|Aloha
|join|cosine180
cosine180 turned on modjoin.
|raw|<div class="broadcast-red"><b>Moderated chat was set to +!<\/b><br \/>Only users of rank + and higher can talk.<\/div>
cosine180 made this room hidden.
|player|p1|Aloha|216
|player|p2|cosine180|33
|gametype|singles
|gen|6
|tier|OU
|clearpoke
|poke|p1|Tyranitar, M
|poke|p1|Landorus, M
|poke|p1|Slowbro, F
|poke|p1|Latios, M
|poke|p1|Ferrothorn, F
|poke|p1|Clefable, F
|poke|p2|Tyranitar, F
|poke|p2|Charizard, F
|poke|p2|Ferrothorn, M
|poke|p2|Starmie
|poke|p2|Gliscor, M
|poke|p2|Clefable, M
|rule|Swagger Clause: Swagger is banned
|rule|Baton Pass Clause: Limit one PokÃ©mon knowing Baton Pass
|rule|Sleep Clause Mod: Limit one foe put to sleep
|rule|Species Clause: Limit one of each PokÃ©mon
|rule|OHKO Clause: OHKO moves are banned
|rule|Moody Clause: Moody is banned
|rule|Evasion Moves Clause: Evasion moves are banned
|rule|Endless Battle Clause: Forcing endless battles is banned
|rule|HP Percentage Mod: HP is shown in percentages
|teampreview
|c|âcosine180|hf
|c|âAloha|You too
|
|start
|switch|p1a: Ferrothorn|Ferrothorn, F|352\/352
|switch|p2a: Kate Upton|Charizard, F|351\/351
|turn|1
|c|âcosine180|u need timer or n?
|c|âAloha|n i'm not busy.
|c|âcosine180|kk same
|
|switch|p1a: Tyranitar|Tyranitar, M|342\/342
|-weather|Sandstorm
|detailschange|p2a: Kate Upton|Charizard-Mega-X, F
|-mega|p2a: Kate Upton|Charizard|Charizardite X
|move|p2a: Kate Upton|Will-O-Wisp|p1a: Tyranitar|[miss]
|-miss|p2a: Kate Upton|p1a: Tyranitar
|
|-weather|Sandstorm|[upkeep]
|-damage|p2a: Kate Upton|330\/351|[from] sandstorm
|turn|2
|c|âAloha|z_z
|c|âcosine180|solid start
|
|switch|p2a: Britney Spears|Clefable, M|394\/394
|move|p1a: Tyranitar|Stone Edge|p2a: Britney Spears
|-damage|p2a: Britney Spears|232\/394
|
|-weather|Sandstorm|[upkeep]
|-heal|p2a: Britney Spears|256\/394|[from] item: Leftovers
|turn|3
|
|move|p1a: Tyranitar|Stone Edge|p2a: Britney Spears
|-damage|p2a: Britney Spears|82\/394
|move|p2a: Britney Spears|Stealth Rock|p1a: Tyranitar
|-sidestart|p1: Aloha|move: Stealth Rock
|
|-weather|Sandstorm|[upkeep]
|-heal|p2a: Britney Spears|106\/394|[from] item: Leftovers
|turn|4
|
|switch|p1a: Ferrothorn|Ferrothorn, F|352\/352
|-damage|p1a: Ferrothorn|330\/352|[from] Stealth Rock
|switch|p2a: Jessica Alba|Gliscor, M|352\/352
|
|-weather|Sandstorm|[upkeep]
|-heal|p1a: Ferrothorn|352\/352|[from] item: Leftovers
|-status|p2a: Jessica Alba|tox|[from] item: Toxic Orb
|turn|5
|
|move|p2a: Jessica Alba|Taunt|p1a: Ferrothorn
|-start|p1a: Ferrothorn|move: Taunt
|cant|p1a: Ferrothorn|move: Taunt|Stealth Rock
|
|-weather|none
|turn|6
|
|switch|p2a: Kate Upton|Charizard-Mega-X, F|330\/351
|move|p1a: Ferrothorn|Gyro Ball|p2a: Kate Upton
|-resisted|p2a: Kate Upton
|-damage|p2a: Kate Upton|256\/351
|
|turn|7
|
|switch|p1a: Tyranitar|Tyranitar, M|342\/342
|-damage|p1a: Tyranitar|300\/342|[from] Stealth Rock
|-weather|Sandstorm
|move|p2a: Kate Upton|Will-O-Wisp|p1a: Tyranitar
|-status|p1a: Tyranitar|brn
|
|-weather|Sandstorm|[upkeep]
|-damage|p2a: Kate Upton|235\/351|[from] sandstorm
|-damage|p1a: Tyranitar|258\/342 brn|[from] brn
|turn|8
|
|switch|p1a: Slowbro|Slowbro, F|393\/393
|-damage|p1a: Slowbro|344\/393|[from] Stealth Rock
|move|p2a: Kate Upton|Roost|p2a: Kate Upton
|-heal|p2a: Kate Upton|351\/351
|
|-weather|Sandstorm|[upkeep]
|-damage|p2a: Kate Upton|330\/351|[from] sandstorm
|-damage|p1a: Slowbro|320\/393|[from] sandstorm
|turn|9
|
|move|p2a: Kate Upton|Will-O-Wisp|p1a: Slowbro
|-status|p1a: Slowbro|brn
|move|p1a: Slowbro|Scald|p2a: Kate Upton
|-damage|p2a: Kate Upton|236\/351
|
|-weather|Sandstorm|[upkeep]
|-damage|p2a: Kate Upton|215\/351|[from] sandstorm
|-damage|p1a: Slowbro|296\/393 brn|[from] sandstorm
|-damage|p1a: Slowbro|247\/393 brn|[from] brn
|turn|10
|
|switch|p2a: Scarlett Johansson|Ferrothorn, M|352\/352
|switch|p1a: Landorus|Landorus, M|320\/320
|-damage|p1a: Landorus|280\/320|[from] Stealth Rock
|
|-weather|Sandstorm|[upkeep]
|turn|11
|
|switch|p2a: Jessica Alba|Gliscor, M|352\/352 tox
|move|p1a: Landorus|Focus Blast|p2a: Jessica Alba
|-resisted|p2a: Jessica Alba
|-damage|p2a: Jessica Alba|245\/352 tox
|
|-weather|none
|-heal|p2a: Jessica Alba|289\/352 tox|[from] ability: Poison Heal
|turn|12
|
|switch|p2a: Emma Watson|Starmie|323\/323
|move|p1a: Landorus|Substitute|p1a: Landorus
|-start|p1a: Landorus|Substitute
|-damage|p1a: Landorus|200\/320
|
|turn|13
|
|move|p2a: Emma Watson|Scald|p1a: Landorus
|-crit|p1a: Landorus
|-supereffective|p1a: Landorus
|-end|p1a: Landorus|Substitute
|move|p1a: Landorus|Earth Power|p2a: Emma Watson
|-damage|p2a: Emma Watson|31\/323
|
|-heal|p2a: Emma Watson|51\/323|[from] item: Leftovers
|turn|14
|
|switch|p1a: Clefable|Clefable, F|385\/385
|-damage|p1a: Clefable|337\/385|[from] Stealth Rock
|move|p2a: Emma Watson|Scald|p1a: Clefable
|-damage|p1a: Clefable|235\/385
|-status|p1a: Clefable|brn
|
|-heal|p2a: Emma Watson|71\/323|[from] item: Leftovers
|-heal|p1a: Clefable|259\/385 brn|[from] item: Leftovers
|-damage|p1a: Clefable|211\/385 brn|[from] brn
|turn|15
|
|move|p2a: Emma Watson|Recover|p2a: Emma Watson
|-heal|p2a: Emma Watson|233\/323
|move|p1a: Clefable|Wish|p1a: Clefable
|
|-heal|p2a: Emma Watson|253\/323|[from] item: Leftovers
|-heal|p1a: Clefable|235\/385 brn|[from] item: Leftovers
|-damage|p1a: Clefable|187\/385 brn|[from] brn
|turn|16
|
|move|p2a: Emma Watson|Recover|p2a: Emma Watson
|-heal|p2a: Emma Watson|323\/323
|move|p1a: Clefable|Heal Bell|p1a: Clefable
|-cureteam|p1a: Clefable|[from] move: HealBell
|
|-heal|p1a: Clefable|379\/385|[from] move: Wish|[wisher] Clefable
|-heal|p1a: Clefable|385\/385|[from] item: Leftovers
|turn|17
|
|switch|p2a: Jessica Alba|Gliscor, M|289\/352 tox
|switch|p1a: Ferrothorn|Ferrothorn, F|352\/352
|-damage|p1a: Ferrothorn|330\/352|[from] Stealth Rock
|
|-heal|p1a: Ferrothorn|352\/352|[from] item: Leftovers
|-heal|p2a: Jessica Alba|333\/352 tox|[from] ability: Poison Heal
|turn|18
|
|switch|p1a: Landorus|Landorus, M|200\/320
|-damage|p1a: Landorus|160\/320|[from] Stealth Rock
|move|p2a: Jessica Alba|Taunt|p1a: Landorus
|-start|p1a: Landorus|move: Taunt
|
|-heal|p2a: Jessica Alba|352\/352 tox|[from] ability: Poison Heal
|turn|19
|
|switch|p1a: Ferrothorn|Ferrothorn, F|352\/352
|-damage|p1a: Ferrothorn|330\/352|[from] Stealth Rock
|move|p2a: Jessica Alba|Toxic|p1a: Ferrothorn
|-fail|p1a: Ferrothorn
|
|-heal|p1a: Ferrothorn|352\/352|[from] item: Leftovers
|turn|20
|
|move|p2a: Jessica Alba|Taunt|p1a: Ferrothorn
|-start|p1a: Ferrothorn|move: Taunt
|move|p1a: Ferrothorn|Gyro Ball|p2a: Jessica Alba
|-damage|p2a: Jessica Alba|213\/352 tox
|
|-heal|p2a: Jessica Alba|257\/352 tox|[from] ability: Poison Heal
|turn|21
|
|switch|p2a: Scarlett Johansson|Ferrothorn, M|352\/352
|move|p1a: Ferrothorn|Gyro Ball|p2a: Scarlett Johansson
|-resisted|p2a: Scarlett Johansson
|-damage|p2a: Scarlett Johansson|343\/352
|-damage|p1a: Ferrothorn|308\/352|[from] ability: Iron Barbs|[of] p2a: Scarlett Johansson
|
|-heal|p2a: Scarlett Johansson|352\/352|[from] item: Leftovers
|-heal|p1a: Ferrothorn|330\/352|[from] item: Leftovers
|turn|22
|
|switch|p1a: Slowbro|Slowbro, F|378\/393
|-damage|p1a: Slowbro|329\/393|[from] Stealth Rock
|move|p2a: Scarlett Johansson|Spikes|p1a: Slowbro
|-sidestart|p1: Aloha|Spikes
|
|turn|23
|
|move|p1a: Slowbro|Calm Mind|p1a: Slowbro
|-boost|p1a: Slowbro|spa|1
|-boost|p1a: Slowbro|spd|1
|move|p2a: Scarlett Johansson|Leech Seed|p1a: Slowbro
|-start|p1a: Slowbro|move: Leech Seed
|
|-damage|p1a: Slowbro|280\/393|[from] Leech Seed|[of] p2a: Scarlett Johansson
|turn|24
|
|switch|p2a: Emma Watson|Starmie|323\/323
|move|p1a: Slowbro|Scald|p2a: Emma Watson
|-resisted|p2a: Emma Watson
|-damage|p2a: Emma Watson|241\/323
|-status|p2a: Emma Watson|brn
|
|-heal|p2a: Emma Watson|261\/323 brn|[from] item: Leftovers
|-damage|p1a: Slowbro|231\/393|[from] Leech Seed|[of] p2a: Emma Watson
|-heal|p2a: Emma Watson|310\/323 brn|[silent]
|-damage|p2a: Emma Watson|270\/323 brn|[from] brn
|turn|25
|
|move|p2a: Emma Watson|Scald|p1a: Slowbro
|-resisted|p1a: Slowbro
|-damage|p1a: Slowbro|195\/393
|move|p1a: Slowbro|Slack Off|p1a: Slowbro
|-heal|p1a: Slowbro|392\/393
|
|-heal|p2a: Emma Watson|290\/323 brn|[from] item: Leftovers
|-damage|p1a: Slowbro|343\/393|[from] Leech Seed|[of] p2a: Emma Watson
|-heal|p2a: Emma Watson|323\/323 brn|[silent]
|-damage|p2a: Emma Watson|283\/323 brn|[from] brn
|turn|26
|
|switch|p1a: Tyranitar|Tyranitar, M|258\/342
|-damage|p1a: Tyranitar|216\/342|[from] Stealth Rock
|-damage|p1a: Tyranitar|174\/342|[from] Spikes
|-weather|Sandstorm
|move|p2a: Emma Watson|Scald|p1a: Tyranitar
|-supereffective|p1a: Tyranitar
|-damage|p1a: Tyranitar|54\/342
|
|-weather|Sandstorm|[upkeep]
|-damage|p2a: Emma Watson|263\/323 brn|[from] sandstorm
|-heal|p2a: Emma Watson|283\/323 brn|[from] item: Leftovers
|-damage|p2a: Emma Watson|243\/323 brn|[from] brn
|turn|27
|
|move|p1a: Tyranitar|Crunch|p2a: Emma Watson
|-supereffective|p2a: Emma Watson
|-damage|p2a: Emma Watson|0 fnt
|faint|p2a: Emma Watson
|
|-weather|Sandstorm|[upkeep]
|
|switch|p2a: Britney Spears|Clefable, M|106\/394
|turn|28
|
|switch|p1a: Slowbro|Slowbro, F|393\/393
|-damage|p1a: Slowbro|344\/393|[from] Spikes
|-damage|p1a: Slowbro|295\/393|[from] Stealth Rock
|move|p2a: Britney Spears|Soft-Boiled|p2a: Britney Spears
|-heal|p2a: Britney Spears|303\/394
|
|-weather|Sandstorm|[upkeep]
|-damage|p1a: Slowbro|271\/393|[from] sandstorm
|-heal|p2a: Britney Spears|327\/394|[from] item: Leftovers
|turn|29
|
|move|p2a: Britney Spears|Thunder Wave|p1a: Slowbro
|-status|p1a: Slowbro|par
|move|p1a: Slowbro|Calm Mind|p1a: Slowbro
|-boost|p1a: Slowbro|spa|1
|-boost|p1a: Slowbro|spd|1
|
|-weather|Sandstorm|[upkeep]
|-damage|p1a: Slowbro|247\/393 par|[from] sandstorm
|-heal|p2a: Britney Spears|351\/394|[from] item: Leftovers
|turn|30
|
|move|p2a: Britney Spears|Moonblast|p1a: Slowbro
|-damage|p1a: Slowbro|165\/393 par
|move|p1a: Slowbro|Scald|p2a: Britney Spears
|-damage|p2a: Britney Spears|189\/394
|
|-weather|none
|-heal|p2a: Britney Spears|213\/394|[from] item: Leftovers
|turn|31
|
|switch|p2a: Louise Cliffe|Tyranitar, F|341\/341
|-weather|Sandstorm
|cant|p1a: Slowbro|par
|
|-weather|Sandstorm|[upkeep]
|-damage|p1a: Slowbro|141\/393 par|[from] sandstorm
|turn|32
|c|âAloha|..
|c|âAloha|cool
|
|switch|p1a: Ferrothorn|Ferrothorn, F|330\/352
|-damage|p1a: Ferrothorn|308\/352|[from] Stealth Rock
|-damage|p1a: Ferrothorn|264\/352|[from] Spikes
|move|p2a: Louise Cliffe|Crunch|p1a: Ferrothorn
|-damage|p1a: Ferrothorn|159\/352
|-damage|p2a: Louise Cliffe|299\/341|[from] ability: Iron Barbs|[of] p1a: Ferrothorn
|
|-weather|Sandstorm|[upkeep]
|-heal|p1a: Ferrothorn|181\/352|[from] item: Leftovers
|turn|33
|
|switch|p2a: Scarlett Johansson|Ferrothorn, M|352\/352
|switch|p1a: Landorus|Landorus, M|160\/320
|-damage|p1a: Landorus|120\/320|[from] Stealth Rock
|
|-weather|Sandstorm|[upkeep]
|turn|34
|
|move|p1a: Landorus|Focus Blast|p2a: Scarlett Johansson
|-supereffective|p2a: Scarlett Johansson
|-damage|p2a: Scarlett Johansson|9\/352
|move|p2a: Scarlett Johansson|Gyro Ball|p1a: Landorus
|-crit|p1a: Landorus
|-damage|p1a: Landorus|0 fnt
|faint|p1a: Landorus
|
|-weather|Sandstorm|[upkeep]
|-heal|p2a: Scarlett Johansson|31\/352|[from] item: Leftovers
|
|switch|p1a: Latios|Latios, M|311\/311
|-damage|p1a: Latios|273\/311|[from] Stealth Rock
|turn|35
|
|switch|p2a: Louise Cliffe|Tyranitar, F|299\/341
|move|p1a: Latios|Defog|p2a: Louise Cliffe
|-unboost|p2a: Louise Cliffe|evasion|1
|-sideend|p1: Aloha|Spikes|[from] move: Defog|[of] p1a: Latios
|-sideend|p1: Aloha|Stealth Rock|[from] move: Defog|[of] p1a: Latios
|
|-weather|none
|turn|36
|
|switch|p1a: Ferrothorn|Ferrothorn, F|181\/352
|move|p2a: Louise Cliffe|Crunch|p1a: Ferrothorn
|-damage|p1a: Ferrothorn|72\/352
|-damage|p2a: Louise Cliffe|257\/341|[from] ability: Iron Barbs|[of] p1a: Ferrothorn
|
|-heal|p1a: Ferrothorn|94\/352|[from] item: Leftovers
|turn|37
|
|switch|p2a: Scarlett Johansson|Ferrothorn, M|31\/352
|switch|p1a: Clefable|Clefable, F|385\/385
|
|-heal|p2a: Scarlett Johansson|53\/352|[from] item: Leftovers
|turn|38
|
|move|p1a: Clefable|Moonblast|p2a: Scarlett Johansson
|-resisted|p2a: Scarlett Johansson
|-damage|p2a: Scarlett Johansson|14\/352
|move|p2a: Scarlett Johansson|Spikes|p1a: Clefable
|-sidestart|p1: Aloha|Spikes
|
|-heal|p2a: Scarlett Johansson|36\/352|[from] item: Leftovers
|turn|39
|
|switch|p2a: Jessica Alba|Gliscor, M|257\/352 tox
|move|p1a: Clefable|Moonblast|p2a: Jessica Alba
|-damage|p2a: Jessica Alba|157\/352 tox
|-unboost|p2a: Jessica Alba|spa|1
|
|-heal|p2a: Jessica Alba|201\/352 tox|[from] ability: Poison Heal
|turn|40
|
|switch|p1a: Latios|Latios, M|273\/311
|move|p2a: Jessica Alba|Earthquake|p1a: Latios
|-immune|p1a: Latios|[msg]
|
|-heal|p2a: Jessica Alba|245\/352 tox|[from] ability: Poison Heal
|turn|41
|
|switch|p2a: Louise Cliffe|Tyranitar, F|257\/341
|-weather|Sandstorm
|move|p1a: Latios|Draco Meteor|p2a: Louise Cliffe|[miss]
|-miss|p1a: Latios|p2a: Louise Cliffe
|
|-weather|Sandstorm|[upkeep]
|-damage|p1a: Latios|254\/311|[from] sandstorm
|turn|42
|c|âcosine180|o
|c|âAloha|le sigh
|
|switch|p1a: Clefable|Clefable, F|385\/385
|-damage|p1a: Clefable|337\/385|[from] Spikes
|move|p2a: Louise Cliffe|Crunch|p1a: Clefable
|-resisted|p1a: Clefable
|-damage|p1a: Clefable|274\/385
|
|-weather|Sandstorm|[upkeep]
|-damage|p1a: Clefable|250\/385|[from] sandstorm
|-heal|p1a: Clefable|274\/385|[from] item: Leftovers
|turn|43
|
|switch|p2a: Britney Spears|Clefable, M|213\/394
|move|p1a: Clefable|Wish|p1a: Clefable
|
|-weather|Sandstorm|[upkeep]
|-damage|p1a: Clefable|250\/385|[from] sandstorm
|-heal|p2a: Britney Spears|237\/394|[from] item: Leftovers
|-heal|p1a: Clefable|274\/385|[from] item: Leftovers
|turn|44
|
|switch|p1a: Ferrothorn|Ferrothorn, F|94\/352
|-damage|p1a: Ferrothorn|50\/352|[from] Spikes
|move|p2a: Britney Spears|Stealth Rock|p1a: Ferrothorn
|-sidestart|p1: Aloha|move: Stealth Rock
|
|-weather|Sandstorm|[upkeep]
|-heal|p1a: Ferrothorn|242\/352|[from] move: Wish|[wisher] Clefable
|-heal|p2a: Britney Spears|261\/394|[from] item: Leftovers
|-heal|p1a: Ferrothorn|264\/352|[from] item: Leftovers
|turn|45
|
|switch|p2a: Scarlett Johansson|Ferrothorn, M|36\/352
|switch|p1a: Latios|Latios, M|254\/311
|-damage|p1a: Latios|216\/311|[from] Stealth Rock
|
|-weather|none
|-heal|p2a: Scarlett Johansson|58\/352|[from] item: Leftovers
|turn|46
|
|move|p2a: Scarlett Johansson|Protect|p2a: Scarlett Johansson
|-singleturn|p2a: Scarlett Johansson|Protect
|move|p1a: Latios|Defog|p2a: Scarlett Johansson
|-activate|p2a: Scarlett Johansson|Protect
|
|-heal|p2a: Scarlett Johansson|80\/352|[from] item: Leftovers
|turn|47
|
|move|p1a: Latios|Defog|p2a: Scarlett Johansson
|-unboost|p2a: Scarlett Johansson|evasion|1
|-sideend|p1: Aloha|Spikes|[from] move: Defog|[of] p1a: Latios
|-sideend|p1: Aloha|Stealth Rock|[from] move: Defog|[of] p1a: Latios
|move|p2a: Scarlett Johansson|Gyro Ball|p1a: Latios
|-damage|p1a: Latios|15\/311
|
|-heal|p2a: Scarlett Johansson|102\/352|[from] item: Leftovers
|turn|48
|
|switch|p1a: Ferrothorn|Ferrothorn, F|264\/352
|switch|p2a: Britney Spears|Clefable, M|261\/394
|
|-heal|p2a: Britney Spears|285\/394|[from] item: Leftovers
|-heal|p1a: Ferrothorn|286\/352|[from] item: Leftovers
|turn|49
|
|move|p2a: Britney Spears|Stealth Rock|p1a: Ferrothorn
|-sidestart|p1: Aloha|move: Stealth Rock
|move|p1a: Ferrothorn|Stealth Rock|p2a: Britney Spears
|-sidestart|p2: cosine180|move: Stealth Rock
|
|-heal|p2a: Britney Spears|309\/394|[from] item: Leftovers
|-heal|p1a: Ferrothorn|308\/352|[from] item: Leftovers
|turn|50
|
|switch|p1a: Latios|Latios, M|15\/311
|-damage|p1a: Latios|0 fnt|[from] Stealth Rock
|faint|p1a: Latios
|move|p2a: Britney Spears|Moonblast|p1: Latios|[notarget]
|-notarget
|
|-heal|p2a: Britney Spears|333\/394|[from] item: Leftovers
|
|switch|p1a: Slowbro|Slowbro, F|272\/393 par
|-damage|p1a: Slowbro|223\/393 par|[from] Stealth Rock
|turn|51
|
|move|p2a: Britney Spears|Moonblast|p1a: Slowbro
|-damage|p1a: Slowbro|103\/393 par
|move|p1a: Slowbro|Slack Off|p1a: Slowbro
|-heal|p1a: Slowbro|300\/393 par
|
|-heal|p2a: Britney Spears|357\/394|[from] item: Leftovers
|turn|52
|
|switch|p2a: Scarlett Johansson|Ferrothorn, M|102\/352
|-damage|p2a: Scarlett Johansson|80\/352|[from] Stealth Rock
|cant|p1a: Slowbro|par
|
|-heal|p2a: Scarlett Johansson|102\/352|[from] item: Leftovers
|turn|53
|c|âAloha|..
|c|âAloha|making this game 900 times harded than it should have been.
|c|âcosine180|cant break through all the time
|c|âAloha|pretty sure this is 2\/3 paras... sooo
|
|move|p2a: Scarlett Johansson|Leech Seed|p1a: Slowbro
|-start|p1a: Slowbro|move: Leech Seed
|move|p1a: Slowbro|Calm Mind|p1a: Slowbro
|-boost|p1a: Slowbro|spa|1
|-boost|p1a: Slowbro|spd|1
|
|-heal|p2a: Scarlett Johansson|124\/352|[from] item: Leftovers
|-damage|p1a: Slowbro|251\/393 par|[from] Leech Seed|[of] p2a: Scarlett Johansson
|-heal|p2a: Scarlett Johansson|173\/352|[silent]
|turn|54
|
|move|p2a: Scarlett Johansson|Spikes|p1a: Slowbro
|-sidestart|p1: Aloha|Spikes
|move|p1a: Slowbro|Slack Off|p1a: Slowbro
|-heal|p1a: Slowbro|393\/393 par
|
|-heal|p2a: Scarlett Johansson|195\/352|[from] item: Leftovers
|-damage|p1a: Slowbro|344\/393 par|[from] Leech Seed|[of] p2a: Scarlett Johansson
|-heal|p2a: Scarlett Johansson|244\/352|[silent]
|turn|55
|
|switch|p2a: Britney Spears|Clefable, M|357\/394
|move|p1a: Slowbro|Calm Mind|p1a: Slowbro
|-boost|p1a: Slowbro|spa|1
|-boost|p1a: Slowbro|spd|1
|
|-heal|p2a: Britney Spears|381\/394|[from] item: Leftovers
|-damage|p1a: Slowbro|295\/393 par|[from] Leech Seed|[of] p2a: Britney Spears
|-heal|p2a: Britney Spears|394\/394|[silent]
|turn|56
|
|move|p2a: Britney Spears|Moonblast|p1a: Slowbro
|-damage|p1a: Slowbro|231\/393 par
|-unboost|p1a: Slowbro|spa|1
|move|p1a: Slowbro|Calm Mind|p1a: Slowbro
|-boost|p1a: Slowbro|spa|1
|-boost|p1a: Slowbro|spd|1
|
|-damage|p1a: Slowbro|182\/393 par|[from] Leech Seed|[of] p2a: Britney Spears
|turn|57
|
|switch|p2a: Louise Cliffe|Tyranitar, F|257\/341
|-damage|p2a: Louise Cliffe|215\/341|[from] Stealth Rock
|-weather|Sandstorm
|move|p1a: Slowbro|Slack Off|p1a: Slowbro
|-heal|p1a: Slowbro|379\/393 par
|
|-weather|Sandstorm|[upkeep]
|-damage|p1a: Slowbro|355\/393 par|[from] sandstorm
|-damage|p1a: Slowbro|306\/393 par|[from] Leech Seed|[of] p2a: Louise Cliffe
|-heal|p2a: Louise Cliffe|264\/341|[silent]
|turn|58
|
|switch|p2a: Britney Spears|Clefable, M|394\/394
|detailschange|p1a: Slowbro|Slowbro-Mega, F
|-mega|p1a: Slowbro|Slowbro|Slowbronite
|cant|p1a: Slowbro|par
|
|-weather|Sandstorm|[upkeep]
|-damage|p1a: Slowbro|282\/393 par|[from] sandstorm
|-damage|p1a: Slowbro|233\/393 par|[from] Leech Seed|[of] p2a: Britney Spears
|turn|59
|
|switch|p2a: Scarlett Johansson|Ferrothorn, M|244\/352
|-damage|p2a: Scarlett Johansson|222\/352|[from] Stealth Rock
|move|p1a: Slowbro|Slack Off|p1a: Slowbro
|-heal|p1a: Slowbro|393\/393 par
|
|-weather|Sandstorm|[upkeep]
|-damage|p1a: Slowbro|369\/393 par|[from] sandstorm
|-heal|p2a: Scarlett Johansson|244\/352|[from] item: Leftovers
|-damage|p1a: Slowbro|320\/393 par|[from] Leech Seed|[of] p2a: Scarlett Johansson
|-heal|p2a: Scarlett Johansson|293\/352|[silent]
|turn|60
|
|move|p2a: Scarlett Johansson|Protect|p2a: Scarlett Johansson
|-singleturn|p2a: Scarlett Johansson|Protect
|move|p1a: Slowbro|Scald|p2a: Scarlett Johansson
|-activate|p2a: Scarlett Johansson|Protect
|
|-weather|Sandstorm|[upkeep]
|-damage|p1a: Slowbro|296\/393 par|[from] sandstorm
|-heal|p2a: Scarlett Johansson|315\/352|[from] item: Leftovers
|-damage|p1a: Slowbro|247\/393 par|[from] Leech Seed|[of] p2a: Scarlett Johansson
|-heal|p2a: Scarlett Johansson|352\/352|[silent]
|turn|61
|
|move|p2a: Scarlett Johansson|Spikes|p1a: Slowbro
|-sidestart|p1: Aloha|Spikes
|move|p1a: Slowbro|Slack Off|p1a: Slowbro
|-heal|p1a: Slowbro|393\/393 par
|
|-weather|none
|-damage|p1a: Slowbro|344\/393 par|[from] Leech Seed|[of] p2a: Scarlett Johansson
|turn|62
|
|move|p2a: Scarlett Johansson|Spikes|p1a: Slowbro
|-sidestart|p1: Aloha|Spikes
|move|p1a: Slowbro|Calm Mind|p1a: Slowbro
|-boost|p1a: Slowbro|spa|1
|-boost|p1a: Slowbro|spd|1
|
|-damage|p1a: Slowbro|295\/393 par|[from] Leech Seed|[of] p2a: Scarlett Johansson
|turn|63
|
|switch|p2a: Britney Spears|Clefable, M|394\/394
|cant|p1a: Slowbro|par
|
|-damage|p1a: Slowbro|246\/393 par|[from] Leech Seed|[of] p2a: Britney Spears
|turn|64
|
|move|p2a: Britney Spears|Moonblast|p1a: Slowbro
|-damage|p1a: Slowbro|203\/393 par
|move|p1a: Slowbro|Slack Off|p1a: Slowbro
|-heal|p1a: Slowbro|393\/393 par
|
|-damage|p1a: Slowbro|344\/393 par|[from] Leech Seed|[of] p2a: Britney Spears
|turn|65
|
|move|p2a: Britney Spears|Moonblast|p1a: Slowbro
|-damage|p1a: Slowbro|302\/393 par
|move|p1a: Slowbro|Calm Mind|p1a: Slowbro
|-boost|p1a: Slowbro|spa|1
|-boost|p1a: Slowbro|spd|1
|
|-damage|p1a: Slowbro|253\/393 par|[from] Leech Seed|[of] p2a: Britney Spears
|turn|66
|
|move|p2a: Britney Spears|Moonblast|p1a: Slowbro
|-damage|p1a: Slowbro|220\/393 par
|move|p1a: Slowbro|Slack Off|p1a: Slowbro
|-heal|p1a: Slowbro|393\/393 par
|
|-damage|p1a: Slowbro|344\/393 par|[from] Leech Seed|[of] p2a: Britney Spears
|turn|67
|
|move|p2a: Britney Spears|Moonblast|p1a: Slowbro
|-damage|p1a: Slowbro|311\/393 par
|-unboost|p1a: Slowbro|spa|1
|move|p1a: Slowbro|Calm Mind|p1a: Slowbro
|-boost|p1a: Slowbro|spa|1
|-boost|p1a: Slowbro|spd|1
|
|-damage|p1a: Slowbro|262\/393 par|[from] Leech Seed|[of] p2a: Britney Spears
|turn|68
|
|move|p2a: Britney Spears|Moonblast|p1a: Slowbro
|-damage|p1a: Slowbro|229\/393 par
|-unboost|p1a: Slowbro|spa|1
|move|p1a: Slowbro|Slack Off|p1a: Slowbro
|-heal|p1a: Slowbro|393\/393 par
|
|-damage|p1a: Slowbro|344\/393 par|[from] Leech Seed|[of] p2a: Britney Spears
|turn|69
|c|âAloha|sigh
|
|move|p2a: Britney Spears|Moonblast|p1a: Slowbro
|-damage|p1a: Slowbro|313\/393 par
|-unboost|p1a: Slowbro|spa|1
|move|p1a: Slowbro|Calm Mind|p1a: Slowbro
|-boost|p1a: Slowbro|spa|1
|
|-damage|p1a: Slowbro|264\/393 par|[from] Leech Seed|[of] p2a: Britney Spears
|turn|70
|
|move|p2a: Britney Spears|Moonblast|p1a: Slowbro
|-damage|p1a: Slowbro|230\/393 par
|-unboost|p1a: Slowbro|spa|1
|move|p1a: Slowbro|Slack Off|p1a: Slowbro
|-heal|p1a: Slowbro|393\/393 par
|
|-damage|p1a: Slowbro|344\/393 par|[from] Leech Seed|[of] p2a: Britney Spears
|turn|71
|c|âcosine180|lol
|c|âAloha|really...
|c|âAloha|game literally should have been over 20 turns ago
|
|move|p2a: Britney Spears|Moonblast|p1a: Slowbro
|-damage|p1a: Slowbro|310\/393 par
|-unboost|p1a: Slowbro|spa|1
|move|p1a: Slowbro|Calm Mind|p1a: Slowbro
|-boost|p1a: Slowbro|spa|1
|
|-damage|p1a: Slowbro|261\/393 par|[from] Leech Seed|[of] p2a: Britney Spears
|turn|72
|
|move|p2a: Britney Spears|Thunder Wave|p1a: Slowbro
|-fail|p1a: Slowbro|par
|move|p1a: Slowbro|Calm Mind|p1a: Slowbro
|-boost|p1a: Slowbro|spa|1
|
|-damage|p1a: Slowbro|212\/393 par|[from] Leech Seed|[of] p2a: Britney Spears
|turn|73
|
|move|p2a: Britney Spears|Thunder Wave|p1a: Slowbro
|-fail|p1a: Slowbro|par
|move|p1a: Slowbro|Slack Off|p1a: Slowbro
|-heal|p1a: Slowbro|393\/393 par
|
|-damage|p1a: Slowbro|344\/393 par|[from] Leech Seed|[of] p2a: Britney Spears
|turn|74
|
|move|p2a: Britney Spears|Moonblast|p1a: Slowbro
|-damage|p1a: Slowbro|313\/393 par
|move|p1a: Slowbro|Psyshock|p2a: Britney Spears
|-damage|p2a: Britney Spears|114\/394
|
|-heal|p2a: Britney Spears|138\/394|[from] item: Leftovers
|-damage|p1a: Slowbro|264\/393 par|[from] Leech Seed|[of] p2a: Britney Spears
|-heal|p2a: Britney Spears|187\/394|[silent]
|turn|75
|
|move|p2a: Britney Spears|Soft-Boiled|p2a: Britney Spears
|-heal|p2a: Britney Spears|384\/394
|move|p1a: Slowbro|Calm Mind|p1a: Slowbro
|-boost|p1a: Slowbro|spa|1
|
|-heal|p2a: Britney Spears|394\/394|[from] item: Leftovers
|-damage|p1a: Slowbro|215\/393 par|[from] Leech Seed|[of] p2a: Britney Spears
|turn|76
|
|move|p2a: Britney Spears|Moonblast|p1a: Slowbro
|-damage|p1a: Slowbro|185\/393 par
|cant|p1a: Slowbro|par
|
|-damage|p1a: Slowbro|136\/393 par|[from] Leech Seed|[of] p2a: Britney Spears
|turn|77
|
|move|p2a: Britney Spears|Moonblast|p1a: Slowbro
|-damage|p1a: Slowbro|106\/393 par
|move|p1a: Slowbro|Slack Off|p1a: Slowbro
|-heal|p1a: Slowbro|303\/393 par
|
|-damage|p1a: Slowbro|254\/393 par|[from] Leech Seed|[of] p2a: Britney Spears
|turn|78
|
|move|p2a: Britney Spears|Moonblast|p1a: Slowbro
|-damage|p1a: Slowbro|224\/393 par
|cant|p1a: Slowbro|par
|
|-damage|p1a: Slowbro|175\/393 par|[from] Leech Seed|[of] p2a: Britney Spears
|turn|79
|
|move|p2a: Britney Spears|Moonblast|p1a: Slowbro
|-damage|p1a: Slowbro|142\/393 par
|move|p1a: Slowbro|Slack Off|p1a: Slowbro
|-heal|p1a: Slowbro|339\/393 par
|
|-damage|p1a: Slowbro|290\/393 par|[from] Leech Seed|[of] p2a: Britney Spears
|turn|80
|
|move|p2a: Britney Spears|Moonblast|p1a: Slowbro
|-damage|p1a: Slowbro|257\/393 par
|move|p1a: Slowbro|Slack Off|p1a: Slowbro
|-heal|p1a: Slowbro|393\/393 par
|
|-damage|p1a: Slowbro|344\/393 par|[from] Leech Seed|[of] p2a: Britney Spears
|turn|81
|
|move|p2a: Britney Spears|Moonblast|p1a: Slowbro
|-damage|p1a: Slowbro|311\/393 par
|move|p1a: Slowbro|Calm Mind|p1a: Slowbro
|-boost|p1a: Slowbro|spa|1
|
|-damage|p1a: Slowbro|262\/393 par|[from] Leech Seed|[of] p2a: Britney Spears
|turn|82
|
|move|p2a: Britney Spears|Moonblast|p1a: Slowbro
|-damage|p1a: Slowbro|232\/393 par
|move|p1a: Slowbro|Psyshock|p2a: Britney Spears
|-damage|p2a: Britney Spears|58\/394
|
|-heal|p2a: Britney Spears|82\/394|[from] item: Leftovers
|-damage|p1a: Slowbro|183\/393 par|[from] Leech Seed|[of] p2a: Britney Spears
|-heal|p2a: Britney Spears|131\/394|[silent]
|turn|83
|
|move|p2a: Britney Spears|Moonblast|p1a: Slowbro
|-damage|p1a: Slowbro|153\/393 par
|-unboost|p1a: Slowbro|spa|1
|move|p1a: Slowbro|Slack Off|p1a: Slowbro
|-heal|p1a: Slowbro|350\/393 par
|
|-heal|p2a: Britney Spears|155\/394|[from] item: Leftovers
|-damage|p1a: Slowbro|301\/393 par|[from] Leech Seed|[of] p2a: Britney Spears
|-heal|p2a: Britney Spears|204\/394|[silent]
|turn|84
|
|move|p2a: Britney Spears|Soft-Boiled|p2a: Britney Spears
|-heal|p2a: Britney Spears|394\/394
|cant|p1a: Slowbro|par
|
|-damage|p1a: Slowbro|252\/393 par|[from] Leech Seed|[of] p2a: Britney Spears
|turn|85
|c|âAloha|unbelieveable
|
|move|p2a: Britney Spears|Moonblast|p1a: Slowbro
|-damage|p1a: Slowbro|222\/393 par
|cant|p1a: Slowbro|par
|
|-damage|p1a: Slowbro|173\/393 par|[from] Leech Seed|[of] p2a: Britney Spears
|turn|86
|c|âcosine180|wow sry that this game is retarded
|
|move|p2a: Britney Spears|Moonblast|p1a: Slowbro
|-damage|p1a: Slowbro|140\/393 par
|-unboost|p1a: Slowbro|spa|1
|move|p1a: Slowbro|Slack Off|p1a: Slowbro
|-heal|p1a: Slowbro|337\/393 par
|
|-damage|p1a: Slowbro|288\/393 par|[from] Leech Seed|[of] p2a: Britney Spears
|turn|87
|-message|Aloha forfeited.
|
|win|cosine180
|c|âcosine180|sry bro :\/
|c|âAloha|it's whatever