|join|Silverbacks
|join|QueenOfLuvdiscs
|player|p1|Silverbacks|106
|player|p2|QueenOfLuvdiscs|249
|gametype|singles
|gen|6
|tier|ORAS OU
|rule|Sleep Clause Mod: Limit one foe put to sleep
|rule|Species Clause: Limit one of each PokÃ©mon
|rule|OHKO Clause: OHKO moves are banned
|rule|Moody Clause: Moody is banned
|rule|Evasion Moves Clause: Evasion moves are banned
|rule|Endless Battle Clause: Forcing endless battles is banned
|rule|HP Percentage Mod: HP is shown in percentages
|clearpoke
|poke|p1|Diancie
|poke|p1|Rotom-Wash
|poke|p1|Scizor, F
|poke|p1|Latios, M
|poke|p1|Dugtrio, M
|poke|p1|Talonflame, M
|poke|p2|Heracross, F
|poke|p2|Greninja, M
|poke|p2|Latias, F
|poke|p2|Landorus-Therian, M
|poke|p2|Rotom-Wash
|poke|p2|Gothitelle, F
|rule|Swagger Clause: Swagger is banned
|rule|Baton Pass Clause: Limit one PokÃ©mon knowing Baton Pass
|teampreview
|
|start
|switch|p1a: Smartie|Rotom-Wash|304\/304
|switch|p2a: Rotom-Wash|Rotom-Wash|303\/303
|turn|1
|
|move|p1a: Smartie|Will-O-Wisp|p2a: Rotom-Wash
|-status|p2a: Rotom-Wash|brn
|move|p2a: Rotom-Wash|Will-O-Wisp|p1a: Smartie
|-status|p1a: Smartie|brn
|
|-damage|p1a: Smartie|266\/304 brn|[from] brn
|-damage|p2a: Rotom-Wash|266\/303 brn|[from] brn
|turn|2
|
|move|p1a: Smartie|Hydro Pump|p2a: Rotom-Wash
|-resisted|p2a: Rotom-Wash
|-damage|p2a: Rotom-Wash|204\/303 brn
|move|p2a: Rotom-Wash|Will-O-Wisp|p1a: Smartie
|-fail|p1a: Smartie|brn
|
|-heal|p1a: Smartie|285\/304 brn|[from] item: Leftovers
|-heal|p2a: Rotom-Wash|222\/303 brn|[from] item: Leftovers
|-damage|p1a: Smartie|247\/304 brn|[from] brn
|-damage|p2a: Rotom-Wash|185\/303 brn|[from] brn
|turn|3
|
|move|p1a: Smartie|Volt Switch|p2a: Rotom-Wash
|-damage|p2a: Rotom-Wash|104\/303 brn
|
|switch|p1a: Raigar|Latios, M|302\/302
|move|p2a: Rotom-Wash|Volt Switch|p1a: Raigar
|-resisted|p1a: Raigar
|-damage|p1a: Raigar|260\/302
|
|switch|p2a: Gothitelle|Gothitelle, F|337\/337
|
|turn|4
|
|move|p1a: Raigar|Psyshock|p2a: Gothitelle
|-resisted|p2a: Gothitelle
|-damage|p2a: Gothitelle|241\/337
|-damage|p1a: Raigar|230\/302|[from] item: Life Orb
|move|p2a: Gothitelle|Toxic|p1a: Raigar
|-status|p1a: Raigar|tox
|
|-heal|p2a: Gothitelle|262\/337|[from] item: Leftovers
|-damage|p1a: Raigar|212\/302 tox|[from] psn
|turn|5
|
|move|p1a: Raigar|Draco Meteor|p2a: Gothitelle
|-damage|p2a: Gothitelle|62\/337
|-unboost|p1a: Raigar|spa|2
|-damage|p1a: Raigar|182\/302 tox|[from] item: Life Orb
|move|p2a: Gothitelle|Taunt|p1a: Raigar
|-start|p1a: Raigar|move: Taunt
|
|-heal|p2a: Gothitelle|83\/337|[from] item: Leftovers
|-damage|p1a: Raigar|146\/302 tox|[from] psn
|turn|6
|
|move|p1a: Raigar|Draco Meteor|p2a: Gothitelle
|-damage|p2a: Gothitelle|0 fnt
|-unboost|p1a: Raigar|spa|2
|-damage|p1a: Raigar|116\/302 tox|[from] item: Life Orb
|faint|p2a: Gothitelle
|
|-damage|p1a: Raigar|62\/302 tox|[from] psn
|
|switch|p2a: Greninja|Greninja, M|285\/285
|turn|7
|
|move|p2a: Greninja|Ice Beam|p1a: Raigar
|-start|p2a: Greninja|typechange|Ice|[from] Protean
|-supereffective|p1a: Raigar
|-damage|p1a: Raigar|0 fnt
|faint|p1a: Raigar
|
|
|switch|p1a: Tsubaki|Scizor, F|344\/344
|turn|8
|
|move|p1a: Tsubaki|Pursuit|p2a: Greninja|[from]Pursuit
|-damage|p2a: Greninja|86\/285
|switch|p2a: Landorus-Therian|Landorus-Therian, M|369\/369
|-ability|p2a: Landorus-Therian|Intimidate|[of] p1a: Tsubaki
|-unboost|p1a: Tsubaki|atk|1
|
|turn|9
|
|switch|p1a: Wright|Talonflame, M|331\/331
|move|p2a: Landorus-Therian|Stealth Rock|p1a: Wright
|-sidestart|p1: Silverbacks|move: Stealth Rock
|
|turn|10
|
|move|p1a: Wright|Will-O-Wisp|p2a: Landorus-Therian
|-status|p2a: Landorus-Therian|brn
|move|p2a: Landorus-Therian|Stone Edge|p1a: Wright
|-supereffective|p1a: Wright
|-damage|p1a: Wright|23\/331
|
|-heal|p1a: Wright|43\/331|[from] item: Leftovers
|-damage|p2a: Landorus-Therian|323\/369 brn|[from] brn
|turn|11
|
|move|p1a: Wright|Swords Dance|p1a: Wright
|-boost|p1a: Wright|atk|2
|move|p2a: Landorus-Therian|Earthquake|p1a: Wright
|-immune|p1a: Wright|[msg]
|
|-heal|p1a: Wright|63\/331|[from] item: Leftovers
|-heal|p2a: Landorus-Therian|346\/369 brn|[from] item: Leftovers
|-damage|p2a: Landorus-Therian|300\/369 brn|[from] brn
|turn|12
|
|switch|p2a: Rotom-Wash|Rotom-Wash|104\/303 brn
|move|p1a: Wright|Roost|p1a: Wright
|-heal|p1a: Wright|229\/331
|
|-heal|p1a: Wright|249\/331|[from] item: Leftovers
|-heal|p2a: Rotom-Wash|122\/303 brn|[from] item: Leftovers
|-damage|p2a: Rotom-Wash|85\/303 brn|[from] brn
|turn|13
|join|iplaytennislol
|
|move|p1a: Wright|Brave Bird|p2a: Rotom-Wash
|-resisted|p2a: Rotom-Wash
|-damage|p2a: Rotom-Wash|0 fnt
|-damage|p1a: Wright|221\/331|[from] recoil|[of] p2a: Rotom-Wash
|faint|p2a: Rotom-Wash
|
|-heal|p1a: Wright|241\/331|[from] item: Leftovers
|
|switch|p2a: Landorus-Therian|Landorus-Therian, M|300\/369 brn
|-ability|p2a: Landorus-Therian|Intimidate|[of] p1a: Wright
|-unboost|p1a: Wright|atk|1
|turn|14
|
|move|p1a: Wright|Roost|p1a: Wright
|-heal|p1a: Wright|331\/331
|move|p2a: Landorus-Therian|Stone Edge|p1a: Wright
|-supereffective|p1a: Wright
|-damage|p1a: Wright|181\/331
|
|-heal|p1a: Wright|201\/331|[from] item: Leftovers
|-heal|p2a: Landorus-Therian|323\/369 brn|[from] item: Leftovers
|-damage|p2a: Landorus-Therian|277\/369 brn|[from] brn
|turn|15
|
|move|p1a: Wright|Roost|p1a: Wright
|-heal|p1a: Wright|331\/331
|move|p2a: Landorus-Therian|Stone Edge|p1a: Wright|[miss]
|-miss|p2a: Landorus-Therian|p1a: Wright
|
|-heal|p2a: Landorus-Therian|300\/369 brn|[from] item: Leftovers
|-damage|p2a: Landorus-Therian|254\/369 brn|[from] brn
|turn|16
|
|move|p1a: Wright|Swords Dance|p1a: Wright
|-boost|p1a: Wright|atk|2
|move|p2a: Landorus-Therian|Stone Edge|p1a: Wright
|-supereffective|p1a: Wright
|-damage|p1a: Wright|39\/331
|
|-heal|p1a: Wright|59\/331|[from] item: Leftovers
|-heal|p2a: Landorus-Therian|277\/369 brn|[from] item: Leftovers
|-damage|p2a: Landorus-Therian|231\/369 brn|[from] brn
|turn|17
|
|move|p1a: Wright|Brave Bird|p2a: Landorus-Therian
|-damage|p2a: Landorus-Therian|0 fnt
|-damage|p1a: Wright|0 fnt|[from] recoil|[of] p2a: Landorus-Therian
|faint|p2a: Landorus-Therian
|faint|p1a: Wright
|
|
|switch|p2a: Heracross|Heracross, F|311\/311
|switch|p1a: Trixie|Diancie|242\/242
|-damage|p1a: Trixie|212\/242|[from] Stealth Rock
|turn|18
|leave|iplaytennislol
|
|switch|p1a: Smartie|Rotom-Wash|247\/304 brn
|-damage|p1a: Smartie|209\/304 brn|[from] Stealth Rock
|detailschange|p2a: Heracross|Heracross-Mega, F
|message|Heracross has Mega Evolved into Mega Heracross!
|move|p2a: Heracross|Close Combat|p1a: Smartie
|-damage|p1a: Smartie|0 fnt
|-unboost|p2a: Heracross|def|1
|-unboost|p2a: Heracross|spd|1
|faint|p1a: Smartie
|
|
|switch|p1a: Tsubaki|Scizor, F|344\/344
|-damage|p1a: Tsubaki|301\/344|[from] Stealth Rock
|turn|19
|
|move|p1a: Tsubaki|Bullet Punch|p2a: Heracross
|-damage|p2a: Heracross|77\/311
|move|p2a: Heracross|Close Combat|p1a: Tsubaki
|-damage|p1a: Tsubaki|0 fnt
|-unboost|p2a: Heracross|def|1
|-unboost|p2a: Heracross|spd|1
|faint|p1a: Tsubaki
|
|c|âSilverbacks|gg
|
|switch|p1a: Ackbar|Dugtrio, M|212\/212
|-damage|p1a: Ackbar|199\/212|[from] Stealth Rock
|turn|20
|c|âSilverbacks|greninja sweeps
|
|move|p1a: Ackbar|Earthquake|p2a: Heracross
|-resisted|p2a: Heracross
|-damage|p2a: Heracross|0 fnt
|faint|p2a: Heracross
|
|
|switch|p2a: Latias|Latias, F|301\/301
|turn|21
|
|move|p1a: Ackbar|Stealth Rock|p2a: Latias
|-sidestart|p2: QueenOfLuvdiscs|move: Stealth Rock
|move|p2a: Latias|Draco Meteor|p1a: Ackbar
|-damage|p1a: Ackbar|0 fnt
|-unboost|p2a: Latias|spa|2
|-damage|p2a: Latias|271\/301|[from] item: Life Orb
|faint|p1a: Ackbar
|
|
|switch|p1a: Trixie|Diancie|212\/242
|-damage|p1a: Trixie|182\/242|[from] Stealth Rock
|turn|22
|
|move|p2a: Latias|Healing Wish|p2a: Latias
|faint|p2a: Latias
|move|p1a: Trixie|Calm Mind|p1a: Trixie
|-boost|p1a: Trixie|spa|1
|-boost|p1a: Trixie|spd|1
|
|
|switch|p2a: Greninja|Greninja, M|86\/285
|-heal|p2a: Greninja|285\/285|[from] move: Healing Wish
|-damage|p2a: Greninja|250\/285|[from] Stealth Rock
|turn|23
|
|detailschange|p1a: Trixie|Diancie-Mega
|message|Diancie has Mega Evolved into Mega Diancie!
|move|p2a: Greninja|Water Shuriken|p1a: Trixie
|-start|p2a: Greninja|typechange|Water|[from] Protean
|-supereffective|p1a: Trixie
|-damage|p1a: Trixie|140\/242
|-supereffective|p1a: Trixie
|-damage|p1a: Trixie|96\/242
|-hitcount|p1a: Trixie|2
|move|p1a: Trixie|Moonblast|p2a: Greninja
|-damage|p2a: Greninja|0 fnt
|faint|p2a: Greninja
|
|win|Silverbacks
|c|âSilverbacks|woah
|c|âQueenOfLuvdiscs|i had to be physical
|c|âSilverbacks|what kind of ninja was that
|c|âQueenOfLuvdiscs|zzz
|c|âSilverbacks|gg
|c|âQueenOfLuvdiscs|gg
|c|âSilverbacks|n_n