|join|Silverbacks
|join|Richizen
|player|p1|Silverbacks|106
|player|p2|Richizen|265
|gametype|singles
|gen|6
|tier|ORAS OU
|rated
|rule|Sleep Clause Mod: Limit one foe put to sleep
|rule|Species Clause: Limit one of each PokÃ©mon
|rule|OHKO Clause: OHKO moves are banned
|rule|Moody Clause: Moody is banned
|rule|Evasion Moves Clause: Evasion moves are banned
|rule|Endless Battle Clause: Forcing endless battles is banned
|rule|HP Percentage Mod: HP is shown in percentages
|clearpoke
|poke|p1|Whimsicott, F, shiny
|poke|p1|Sceptile, M, shiny
|poke|p1|Mew
|poke|p1|Dragonite, M
|poke|p1|Starmie
|poke|p1|Heatran, M
|poke|p2|Excadrill, M
|poke|p2|Salamence, F
|poke|p2|Conkeldurr, M
|poke|p2|Gothitelle, F
|poke|p2|Slowbro, M
|poke|p2|Clefable, F
|rule|Swagger Clause: Swagger is banned
|rule|Baton Pass Clause: Limit one PokÃ©mon knowing Baton Pass
|teampreview
|c|âSilverbacks|gg
|c|âSilverbacks|i cant kill that thing
|
|start
|switch|p1a: Starxiuesazdt|Starmie|262\/262
|switch|p2a: Excadrill|Excadrill, M|362\/362
|-ability|p2a: Excadrill|Mold Breaker
|-item|p2a: Excadrill|Air Balloon
|turn|1
|c|âRichizen|You too. n-n
|
|switch|p2a: Gothitelle|Gothitelle, F|316\/316
|move|p1a: Starxiuesazdt|Hydro Pump|p2a: Gothitelle
|-damage|p2a: Gothitelle|157\/316
|
|turn|2
|
|move|p1a: Starxiuesazdt|Hydro Pump|p2a: Gothitelle
|-damage|p2a: Gothitelle|18\/316
|move|p2a: Gothitelle|Thunderbolt|p1a: Starxiuesazdt
|-supereffective|p1a: Starxiuesazdt
|-damage|p1a: Starxiuesazdt|0 fnt
|faint|p1a: Starxiuesazdt
|
|
|switch|p1a: Splash|Sceptile, M, shiny|282\/282
|turn|3
|
|detailschange|p1a: Splash|Sceptile-Mega, M, shiny
|message|Sceptile has Mega Evolved into Mega Sceptile!
|move|p1a: Splash|Substitute|p1a: Splash
|-start|p1a: Splash|Substitute
|-damage|p1a: Splash|212\/282
|move|p2a: Gothitelle|Thunderbolt|p1a: Splash
|-boost|p1a: Splash|spa|1|[from] ability: Lightning Rod
|
|turn|4
|c|âSilverbacks|thx
|
|switch|p2a: Clefable|Clefable, F|394\/394
|move|p1a: Splash|Giga Drain|p2a: Clefable
|-damage|p2a: Clefable|223\/394
|-heal|p1a: Splash|282\/282|[from] drain|[of] p2a: Clefable
|
|-heal|p2a: Clefable|247\/394|[from] item: Leftovers
|turn|5
|
|move|p1a: Splash|Giga Drain|p2a: Clefable
|-damage|p2a: Clefable|64\/394
|move|p2a: Clefable|Moonblast|p1a: Splash
|-supereffective|p1a: Splash
|-end|p1a: Splash|Substitute
|
|-heal|p2a: Clefable|88\/394|[from] item: Leftovers
|turn|6
|
|switch|p2a: Gothitelle|Gothitelle, F|18\/316
|move|p1a: Splash|Giga Drain|p2a: Gothitelle
|-damage|p2a: Gothitelle|0 fnt
|faint|p2a: Gothitelle
|
|c|âRichizen|Mmmm..
|
|switch|p2a: Conkeldurr|Conkeldurr, M|351\/351
|turn|7
|c|âSilverbacks|is this gg
|c|âSilverbacks|nah
|c|âSilverbacks|too early
|
|move|p1a: Splash|Dragon Pulse|p2a: Conkeldurr
|-damage|p2a: Conkeldurr|189\/351
|move|p2a: Conkeldurr|Ice Punch|p1a: Splash
|-supereffective|p1a: Splash
|-damage|p1a: Splash|0 fnt
|faint|p1a: Splash
|
|
|switch|p1a: Xerxes|Mew|404\/404
|turn|8
|
|switch|p2a: Excadrill|Excadrill, M|362\/362
|-ability|p2a: Excadrill|Mold Breaker
|-item|p2a: Excadrill|Air Balloon
|move|p1a: Xerxes|Will-O-Wisp|p2a: Excadrill
|-status|p2a: Excadrill|brn
|
|-damage|p2a: Excadrill|317\/362 brn|[from] brn
|turn|9
|
|move|p2a: Excadrill|Stealth Rock|p1a: Xerxes
|-sidestart|p1: Silverbacks|move: Stealth Rock
|move|p1a: Xerxes|Ice Beam|p2a: Excadrill
|-damage|p2a: Excadrill|223\/362 brn
|-enditem|p2a: Excadrill|Air Balloon
|
|-damage|p2a: Excadrill|178\/362 brn|[from] brn
|turn|10
|
|move|p2a: Excadrill|Earthquake|p1a: Xerxes
|-damage|p1a: Xerxes|338\/404
|move|p1a: Xerxes|Will-O-Wisp|p2a: Excadrill
|-fail|p2a: Excadrill|brn
|
|-heal|p1a: Xerxes|363\/404|[from] item: Leftovers
|-damage|p2a: Excadrill|133\/362 brn|[from] brn
|turn|11
|
|switch|p2a: Conkeldurr|Conkeldurr, M|189\/351
|move|p1a: Xerxes|Will-O-Wisp|p2a: Conkeldurr
|-status|p2a: Conkeldurr|brn
|
|-heal|p1a: Xerxes|388\/404|[from] item: Leftovers
|-damage|p2a: Conkeldurr|146\/351 brn|[from] brn
|turn|12
|
|switch|p1a: Lavaticus|Heatran, M|386\/386
|-damage|p1a: Lavaticus|338\/386|[from] Stealth Rock
|move|p2a: Conkeldurr|Knock Off|p1a: Lavaticus
|-damage|p1a: Lavaticus|134\/386
|-enditem|p1a: Lavaticus|Leftovers|[from] move: Knock Off|[of] p2a: Conkeldurr
|
|-damage|p2a: Conkeldurr|103\/351 brn|[from] brn
|turn|13
|
|move|p1a: Lavaticus|Flash Cannon|p2a: Conkeldurr
|-damage|p2a: Conkeldurr|16\/351 brn
|move|p2a: Conkeldurr|Drain Punch|p1a: Lavaticus
|-supereffective|p1a: Lavaticus
|-damage|p1a: Lavaticus|0 fnt
|-heal|p2a: Conkeldurr|83\/351 brn|[from] drain|[of] p1a: Lavaticus
|faint|p1a: Lavaticus
|
|-damage|p2a: Conkeldurr|40\/351 brn|[from] brn
|
|switch|p1a: Lala|Whimsicott, F, shiny|324\/324
|-damage|p1a: Lala|284\/324|[from] Stealth Rock
|turn|14
|
|move|p1a: Lala|Moonblast|p2a: Conkeldurr
|-supereffective|p2a: Conkeldurr
|-damage|p2a: Conkeldurr|0 fnt
|faint|p2a: Conkeldurr
|
|-heal|p1a: Lala|304\/324|[from] item: Leftovers
|
|switch|p2a: Clefable|Clefable, F|88\/394
|turn|15
|
|move|p1a: Lala|Moonblast|p2a: Clefable
|-damage|p2a: Clefable|21\/394
|move|p2a: Clefable|Heal Bell|p2a: Clefable
|-cureteam|p2a: Clefable|[from] move: HealBell
|
|-heal|p1a: Lala|324\/324|[from] item: Leftovers
|-heal|p2a: Clefable|45\/394|[from] item: Leftovers
|turn|16
|
|move|p1a: Lala|Moonblast|p2a: Clefable
|-damage|p2a: Clefable|0 fnt
|faint|p2a: Clefable
|
|
|switch|p2a: Excadrill|Excadrill, M|133\/362
|-ability|p2a: Excadrill|Mold Breaker
|turn|17
|
|switch|p1a: Xerxes|Mew|388\/404
|-damage|p1a: Xerxes|338\/404|[from] Stealth Rock
|move|p2a: Excadrill|Iron Head|p1a: Xerxes
|-damage|p1a: Xerxes|229\/404
|
|-heal|p1a: Xerxes|254\/404|[from] item: Leftovers
|turn|18
|
|move|p2a: Excadrill|Earthquake|p1a: Xerxes
|-damage|p1a: Xerxes|115\/404
|move|p1a: Xerxes|Will-O-Wisp|p2a: Excadrill|[miss]
|-miss|p1a: Xerxes|p2a: Excadrill
|
|-heal|p1a: Xerxes|140\/404|[from] item: Leftovers
|turn|19
|
|move|p2a: Excadrill|Earthquake|p1a: Xerxes
|-damage|p1a: Xerxes|2\/404
|move|p1a: Xerxes|Roost|p1a: Xerxes
|-heal|p1a: Xerxes|204\/404
|
|-heal|p1a: Xerxes|229\/404|[from] item: Leftovers
|turn|20
|
|move|p2a: Excadrill|Iron Head|p1a: Xerxes
|-damage|p1a: Xerxes|126\/404
|move|p1a: Xerxes|Will-O-Wisp|p2a: Excadrill
|-status|p2a: Excadrill|brn
|
|-heal|p1a: Xerxes|151\/404|[from] item: Leftovers
|-damage|p2a: Excadrill|88\/362 brn|[from] brn
|turn|21
|
|move|p2a: Excadrill|Earthquake|p1a: Xerxes
|-damage|p1a: Xerxes|85\/404
|move|p1a: Xerxes|Roost|p1a: Xerxes
|-heal|p1a: Xerxes|287\/404
|
|-heal|p1a: Xerxes|312\/404|[from] item: Leftovers
|-damage|p2a: Excadrill|43\/362 brn|[from] brn
|turn|22
|
|move|p2a: Excadrill|Iron Head|p1a: Xerxes
|-damage|p1a: Xerxes|261\/404
|move|p1a: Xerxes|Roost|p1a: Xerxes
|-heal|p1a: Xerxes|404\/404
|
|-damage|p2a: Excadrill|0 fnt|[from] brn
|faint|p2a: Excadrill
|
|switch|p2a: Filomena|Salamence, F|394\/394
|-ability|p2a: Filomena|Intimidate|[of] p1a: Xerxes
|-unboost|p1a: Xerxes|atk|1
|turn|23
|
|detailschange|p2a: Filomena|Salamence-Mega, F
|message|Salamence has Mega Evolved into Mega Salamence!
|move|p2a: Filomena|Substitute|p2a: Filomena
|-start|p2a: Filomena|Substitute
|-damage|p2a: Filomena|296\/394
|move|p1a: Xerxes|Ice Beam|p2a: Filomena
|-supereffective|p2a: Filomena
|-end|p2a: Filomena|Substitute
|
|turn|24
|
|switch|p2a: Slowbro|Slowbro, M|393\/393
|move|p1a: Xerxes|Ice Beam|p2a: Slowbro
|-resisted|p2a: Slowbro
|-damage|p2a: Slowbro|351\/393
|
|-heal|p2a: Slowbro|375\/393|[from] item: Leftovers
|turn|25
|
|move|p1a: Xerxes|Will-O-Wisp|p2a: Slowbro
|-status|p2a: Slowbro|brn
|move|p2a: Slowbro|Thunder Wave|p1a: Xerxes
|-status|p1a: Xerxes|par
|
|-heal|p2a: Slowbro|393\/393 brn|[from] item: Leftovers
|-damage|p2a: Slowbro|344\/393 brn|[from] brn
|turn|26
|
|switch|p1a: Raigar|Dragonite, M|339\/339
|-damage|p1a: Raigar|255\/339|[from] Stealth Rock
|move|p2a: Slowbro|Scald|p1a: Raigar
|-resisted|p1a: Raigar
|-damage|p1a: Raigar|210\/339
|
|-heal|p2a: Slowbro|368\/393 brn|[from] item: Leftovers
|-damage|p2a: Slowbro|319\/393 brn|[from] brn
|turn|27
|leave|Richizen
|player|p2
|join|Richizen
|player|p2|Richizen|265
|c|âSilverbacks|dude
|
|move|p1a: Raigar|Dragon Dance|p1a: Raigar
|-boost|p1a: Raigar|atk|1
|-boost|p1a: Raigar|spe|1
|move|p2a: Slowbro|Thunder Wave|p1a: Raigar
|-status|p1a: Raigar|par
|-enditem|p1a: Raigar|Lum Berry|[eat]
|-curestatus|p1a: Raigar|par
|
|-heal|p2a: Slowbro|343\/393 brn|[from] item: Leftovers
|-damage|p2a: Slowbro|294\/393 brn|[from] brn
|turn|28
|c|âSilverbacks|are you having trouble
|c|âRichizen|Not really.
|
|move|p1a: Raigar|Dragon Claw|p2a: Slowbro
|-damage|p2a: Slowbro|134\/393 brn
|move|p2a: Slowbro|Thunder Wave|p1a: Raigar
|-status|p1a: Raigar|par
|
|-heal|p2a: Slowbro|158\/393 brn|[from] item: Leftovers
|-damage|p2a: Slowbro|109\/393 brn|[from] brn
|turn|29
|
|move|p2a: Slowbro|Slack Off|p2a: Slowbro
|-heal|p2a: Slowbro|306\/393 brn
|move|p1a: Raigar|Dragon Claw|p2a: Slowbro
|-damage|p2a: Slowbro|144\/393 brn
|
|-heal|p2a: Slowbro|168\/393 brn|[from] item: Leftovers
|-damage|p2a: Slowbro|119\/393 brn|[from] brn
|turn|30
|
|move|p2a: Slowbro|Scald|p1a: Raigar
|-resisted|p1a: Raigar
|-damage|p1a: Raigar|162\/339 par
|move|p1a: Raigar|Dragon Dance|p1a: Raigar
|-boost|p1a: Raigar|atk|1
|-boost|p1a: Raigar|spe|1
|
|-heal|p2a: Slowbro|143\/393 brn|[from] item: Leftovers
|-damage|p2a: Slowbro|94\/393 brn|[from] brn
|turn|31
|
|move|p1a: Raigar|Extreme Speed|p2a: Slowbro
|-damage|p2a: Slowbro|0 fnt
|faint|p2a: Slowbro
|
|
|switch|p2a: Filomena|Salamence-Mega, F|296\/394
|turn|32
|
|switch|p1a: Lala|Whimsicott, F, shiny|324\/324
|-damage|p1a: Lala|284\/324|[from] Stealth Rock
|move|p2a: Filomena|Substitute|p2a: Filomena
|-start|p2a: Filomena|Substitute
|-damage|p2a: Filomena|198\/394
|
|-heal|p1a: Lala|304\/324|[from] item: Leftovers
|turn|33
|c|âSilverbacks|gg
|
|move|p1a: Lala|Encore|p2a: Filomena
|-start|p2a: Filomena|Encore
|move|p2a: Filomena|Substitute|p2a: Filomena
|-fail|p2a: Filomena|move: Substitute
|
|-heal|p1a: Lala|324\/324|[from] item: Leftovers
|turn|34
|
|move|p1a: Lala|Substitute|p1a: Lala
|-start|p1a: Lala|Substitute
|-damage|p1a: Lala|243\/324
|move|p2a: Filomena|Substitute|p2a: Filomena
|-fail|p2a: Filomena|move: Substitute
|
|-heal|p1a: Lala|263\/324|[from] item: Leftovers
|turn|35
|
|move|p1a: Lala|Moonblast|p2a: Filomena
|-supereffective|p2a: Filomena
|-end|p2a: Filomena|Substitute
|move|p2a: Filomena|Substitute|p2a: Filomena
|-start|p2a: Filomena|Substitute
|-damage|p2a: Filomena|100\/394
|
|-heal|p1a: Lala|283\/324|[from] item: Leftovers
|-end|p2a: Filomena|Encore
|turn|36
|
|move|p1a: Lala|Encore|p2a: Filomena
|-start|p2a: Filomena|Encore
|move|p2a: Filomena|Substitute|p2a: Filomena
|-fail|p2a: Filomena|move: Substitute
|
|-heal|p1a: Lala|303\/324|[from] item: Leftovers
|turn|37
|c|âRichizen|This is a problem
|
|move|p1a: Lala|Moonblast|p2a: Filomena
|-supereffective|p2a: Filomena
|-end|p2a: Filomena|Substitute
|move|p2a: Filomena|Substitute|p2a: Filomena
|-start|p2a: Filomena|Substitute
|-damage|p2a: Filomena|2\/394
|
|-heal|p1a: Lala|323\/324|[from] item: Leftovers
|turn|38
|
|move|p1a: Lala|Moonblast|p2a: Filomena
|-supereffective|p2a: Filomena
|-end|p2a: Filomena|Substitute
|move|p2a: Filomena|Substitute|p2a: Filomena
|-fail|p2a: Filomena|move: Substitute|[weak]
|
|-heal|p1a: Lala|324\/324|[from] item: Leftovers
|-end|p2a: Filomena|Encore
|turn|39
|c|âRichizen|Congratz, you killed a Mega-Salamence n-n
|
|move|p1a: Lala|Encore|p2a: Filomena
|-start|p2a: Filomena|Encore
|move|p2a: Filomena|Substitute|p2a: Filomena
|-fail|p2a: Filomena|move: Substitute|[weak]
|
|turn|40
|c|âSilverbacks|this thing shits on mega mences
|
|move|p1a: Lala|Leech Seed|p2a: Filomena|[miss]
|-miss|p1a: Lala|p2a: Filomena
|move|p2a: Filomena|Substitute|p2a: Filomena
|-fail|p2a: Filomena|move: Substitute|[weak]
|
|turn|41
|
|move|p1a: Lala|Leech Seed|p2a: Filomena
|-start|p2a: Filomena|move: Leech Seed
|move|p2a: Filomena|Substitute|p2a: Filomena
|-fail|p2a: Filomena|move: Substitute|[weak]
|
|-damage|p2a: Filomena|0 fnt|[from] Leech Seed|[of] p1a: Lala
|faint|p2a: Filomena
|
|win|Silverbacks
|raw|Ladder updating...