|join|J0RIS
|join|Silverbacks
|player|p1|J0RIS|1
|player|p2|Silverbacks|106
|gametype|singles
|gen|6
|tier|ORAS OU
|rated
|rule|Sleep Clause Mod: Limit one foe put to sleep
|rule|Species Clause: Limit one of each PokÃ©mon
|rule|OHKO Clause: OHKO moves are banned
|rule|Moody Clause: Moody is banned
|rule|Evasion Moves Clause: Evasion moves are banned
|rule|Endless Battle Clause: Forcing endless battles is banned
|rule|HP Percentage Mod: HP is shown in percentages
|clearpoke
|poke|p1|Greninja, F
|poke|p1|Latios, M
|poke|p1|Klefki, M
|poke|p1|Sceptile, M
|poke|p1|Tentacruel, M
|poke|p1|Landorus-Therian, M
|poke|p2|Whimsicott, F, shiny
|poke|p2|Sceptile, M, shiny
|poke|p2|Mew
|poke|p2|Dragonite, F
|poke|p2|Starmie
|poke|p2|Heatran, M
|rule|Swagger Clause: Swagger is banned
|rule|Baton Pass Clause: Limit one PokÃ©mon knowing Baton Pass
|teampreview
|
|start
|switch|p1a: Landorus-Therian|Landorus-Therian, M|382\/382
|switch|p2a: Starxiuesazdt|Starmie|262\/262
|-ability|p1a: Landorus-Therian|Intimidate|[of] p2a: Starxiuesazdt
|-unboost|p2a: Starxiuesazdt|atk|1
|turn|1
|
|switch|p1a: Klefki|Klefki, M|318\/318
|move|p2a: Starxiuesazdt|Ice Beam|p1a: Klefki
|-resisted|p1a: Klefki
|-damage|p1a: Klefki|285\/318
|
|-heal|p1a: Klefki|304\/318|[from] item: Leftovers
|turn|2
|
|move|p1a: Klefki|Spikes|p2a: Starxiuesazdt
|-sidestart|p2: Silverbacks|Spikes
|move|p2a: Starxiuesazdt|Hydro Pump|p1a: Klefki
|-damage|p1a: Klefki|186\/318
|
|-heal|p1a: Klefki|205\/318|[from] item: Leftovers
|turn|3
|
|move|p2a: Starxiuesazdt|Rapid Spin|p1a: Klefki
|-resisted|p1a: Klefki
|-damage|p1a: Klefki|201\/318
|-sideend|p2: Silverbacks|Spikes|[from] move: Rapid Spin|[of] p2a: Starxiuesazdt
|move|p1a: Klefki|Foul Play|p2a: Starxiuesazdt
|-supereffective|p2a: Starxiuesazdt
|-damage|p2a: Starxiuesazdt|188\/262
|
|-heal|p2a: Starxiuesazdt|204\/262|[from] item: Leftovers
|-heal|p1a: Klefki|220\/318|[from] item: Leftovers
|turn|4
|
|switch|p1a: Sceptile|Sceptile, M|281\/281
|move|p2a: Starxiuesazdt|Hydro Pump|p1a: Sceptile
|-resisted|p1a: Sceptile
|-damage|p1a: Sceptile|191\/281
|
|-heal|p2a: Starxiuesazdt|220\/262|[from] item: Leftovers
|turn|5
|
|switch|p1a: Landorus-Therian|Landorus-Therian, M|382\/382
|-ability|p1a: Landorus-Therian|Intimidate|[of] p2a: Starxiuesazdt
|-unboost|p2a: Starxiuesazdt|atk|1
|switch|p2a: Lavaticus|Heatran, M|386\/386
|
|turn|6
|c|âSilverbacks|oh
|c|âSilverbacks|not bad
|
|switch|p2a: Xerxes|Mew|404\/404
|move|p1a: Landorus-Therian|Stealth Rock|p2a: Xerxes
|-sidestart|p2: Silverbacks|move: Stealth Rock
|
|turn|7
|
|move|p2a: Xerxes|Will-O-Wisp|p1a: Landorus-Therian
|-status|p1a: Landorus-Therian|brn
|move|p1a: Landorus-Therian|U-turn|p2a: Xerxes
|-supereffective|p2a: Xerxes
|-damage|p2a: Xerxes|344\/404
|
|switch|p1a: Greninja|Greninja, F|285\/285
|
|-heal|p2a: Xerxes|369\/404|[from] item: Leftovers
|turn|8
|
|switch|p2a: Lala|Whimsicott, F, shiny|324\/324
|-damage|p2a: Lala|284\/324|[from] Stealth Rock
|move|p1a: Greninja|Dark Pulse|p2a: Lala
|-start|p1a: Greninja|typechange|Dark|[from] Protean
|-crit|p2a: Lala
|-resisted|p2a: Lala
|-damage|p2a: Lala|137\/324
|-damage|p1a: Greninja|257\/285|[from] item: Life Orb
|
|-heal|p2a: Lala|157\/324|[from] item: Leftovers
|turn|9
|c|âSilverbacks|mmm
|
|move|p2a: Lala|Substitute|p2a: Lala
|-start|p2a: Lala|Substitute
|-damage|p2a: Lala|76\/324
|move|p1a: Greninja|Gunk Shot|p2a: Lala|[miss]
|-start|p1a: Greninja|typechange|Poison|[from] Protean
|-miss|p1a: Greninja|p2a: Lala
|
|-heal|p2a: Lala|96\/324|[from] item: Leftovers
|turn|10
|c|âSilverbacks|well
|
|switch|p1a: Tentacruel|Tentacruel, M|364\/364
|move|p2a: Lala|Leech Seed|p1a: Tentacruel
|-start|p1a: Tentacruel|move: Leech Seed
|
|-heal|p2a: Lala|116\/324|[from] item: Leftovers
|-damage|p1a: Tentacruel|319\/364|[from] Leech Seed|[of] p2a: Lala
|-damage|p2a: Lala|71\/324|[from] ability: Liquid Ooze|[of] p1a: Tentacruel
|turn|11
|c|âSilverbacks|i guess it makes up for
|c|âSilverbacks|and not bad
|
|switch|p2a: Starxiuesazdt|Starmie|220\/262
|-damage|p2a: Starxiuesazdt|188\/262|[from] Stealth Rock
|move|p1a: Tentacruel|Toxic Spikes|p2a: Starxiuesazdt
|-sidestart|p2: Silverbacks|move: Toxic Spikes
|
|-heal|p2a: Starxiuesazdt|204\/262|[from] item: Leftovers
|-heal|p1a: Tentacruel|341\/364|[from] item: Leftovers
|-damage|p1a: Tentacruel|296\/364|[from] Leech Seed|[of] p2a: Starxiuesazdt
|-damage|p2a: Starxiuesazdt|159\/262|[from] ability: Liquid Ooze|[of] p1a: Tentacruel
|turn|12
|
|move|p2a: Starxiuesazdt|Rapid Spin|p1a: Tentacruel
|-damage|p1a: Tentacruel|284\/364
|-sideend|p2: Silverbacks|Toxic Spikes|[from] move: Rapid Spin|[of] p2a: Starxiuesazdt
|-sideend|p2: Silverbacks|Stealth Rock|[from] move: Rapid Spin|[of] p2a: Starxiuesazdt
|move|p1a: Tentacruel|Sludge Bomb|p2a: Starxiuesazdt
|-damage|p2a: Starxiuesazdt|65\/262
|
|-heal|p2a: Starxiuesazdt|81\/262|[from] item: Leftovers
|-heal|p1a: Tentacruel|306\/364|[from] item: Leftovers
|-damage|p1a: Tentacruel|261\/364|[from] Leech Seed|[of] p2a: Starxiuesazdt
|-damage|p2a: Starxiuesazdt|36\/262|[from] ability: Liquid Ooze|[of] p1a: Tentacruel
|turn|13
|
|move|p2a: Starxiuesazdt|Thunderbolt|p1a: Tentacruel
|-supereffective|p1a: Tentacruel
|-damage|p1a: Tentacruel|101\/364
|move|p1a: Tentacruel|Sludge Bomb|p2a: Starxiuesazdt
|-damage|p2a: Starxiuesazdt|0 fnt
|faint|p2a: Starxiuesazdt
|
|-heal|p1a: Tentacruel|123\/364|[from] item: Leftovers
|
|switch|p2a: Splash|Sceptile, M, shiny|282\/282
|turn|14
|
|switch|p1a: Klefki|Klefki, M|220\/318
|detailschange|p2a: Splash|Sceptile-Mega, M, shiny
|message|Sceptile has Mega Evolved into Mega Sceptile!
|move|p2a: Splash|Dragon Pulse|p1a: Klefki
|-immune|p1a: Klefki|[msg]
|
|-heal|p1a: Klefki|239\/318|[from] item: Leftovers
|turn|15
|
|move|p1a: Klefki|Spikes|p2a: Splash
|-sidestart|p2: Silverbacks|Spikes
|move|p2a: Splash|Focus Blast|p1a: Klefki
|-damage|p1a: Klefki|117\/318
|
|-heal|p1a: Klefki|136\/318|[from] item: Leftovers
|turn|16
|
|move|p1a: Klefki|Thunder Wave|p2a: Splash
|-boost|p2a: Splash|spa|1|[from] ability: Lightning Rod
|move|p2a: Splash|Substitute|p2a: Splash
|-start|p2a: Splash|Substitute
|-damage|p2a: Splash|212\/282
|
|-heal|p1a: Klefki|155\/318|[from] item: Leftovers
|turn|17
|
|move|p2a: Splash|Focus Blast|p1a: Klefki
|-damage|p1a: Klefki|0 fnt
|faint|p1a: Klefki
|
|c|âSilverbacks|gg
|
|switch|p1a: Landorus-Therian|Landorus-Therian, M|382\/382 brn
|-activate|p2a: Splash|Substitute|ability: Intimidate|[of] p1a: Landorus-Therian
|turn|18
|
|move|p2a: Splash|Dragon Pulse|p1a: Landorus-Therian
|-damage|p1a: Landorus-Therian|97\/382 brn
|move|p1a: Landorus-Therian|U-turn|p2a: Splash
|-supereffective|p2a: Splash
|-end|p2a: Splash|Substitute
|
|switch|p1a: Sceptile|Sceptile, M|191\/281
|
|turn|19
|
|move|p2a: Splash|Dragon Pulse|p1a: Sceptile
|-damage|p1a: Sceptile|0 fnt
|faint|p1a: Sceptile
|
|-message|J0RIS forfeited.
|
|win|Silverbacks
|raw|Ladder updating...
|leave|J0RIS
|player|p1
|raw|J0RIS's rating: 1325 &rarr; <strong>1308<\/strong><br \/>(-17 for losing)
|raw|Silverbacks's rating: 1375 &rarr; <strong>1392<\/strong><br \/>(+17 for winning)