|join|Silverbacks
|join|Arcanine is Regal
|player|p1|Silverbacks|106
|player|p2|Arcanine is Regal|126
|gametype|singles
|gen|6
|tier|ORAS OU
|rated
|rule|Sleep Clause Mod: Limit one foe put to sleep
|rule|Species Clause: Limit one of each PokÃ©mon
|rule|OHKO Clause: OHKO moves are banned
|rule|Moody Clause: Moody is banned
|rule|Evasion Moves Clause: Evasion moves are banned
|rule|Endless Battle Clause: Forcing endless battles is banned
|rule|HP Percentage Mod: HP is shown in percentages
|clearpoke
|poke|p1|Whimsicott, F, shiny
|poke|p1|Sceptile, F, shiny
|poke|p1|Mew
|poke|p1|Dragonite, F
|poke|p1|Starmie
|poke|p1|Heatran, M
|poke|p2|Smeargle, F
|poke|p2|Slowbro, M
|poke|p2|Whimsicott, M
|rule|Swagger Clause: Swagger is banned
|rule|Baton Pass Clause: Limit one PokÃ©mon knowing Baton Pass
|teampreview
|
|start
|switch|p1a: Splash|Sceptile, F, shiny|282\/282
|switch|p2a: Whimsicott|Whimsicott, M|282\/282
|turn|1
|
|switch|p1a: Lala|Whimsicott, F, shiny|324\/324
|move|p2a: Whimsicott|Tailwind|p2a: Whimsicott
|-sidestart|p2: Arcanine is Regal|move: Tailwind
|
|turn|2
|
|move|p2a: Whimsicott|Memento|p1a: Lala
|-unboost|p1a: Lala|atk|2
|-unboost|p1a: Lala|spa|2
|faint|p2a: Whimsicott
|move|p1a: Lala|Encore|p2: Whimsicott|[notarget]
|-notarget
|
|
|switch|p2a: Smeargle|Smeargle, F|314\/314
|turn|3
|
|move|p1a: Lala|Substitute|p1a: Lala
|-start|p1a: Lala|Substitute
|-damage|p1a: Lala|243\/324
|move|p2a: Smeargle|Geomancy|p2a: Smeargle|[still]
|-prepare|p2a: Smeargle|Geomancy|p2a: Smeargle
|-enditem|p2a: Smeargle|Power Herb
|-anim|p2a: Smeargle|Geomancy|p2a: Smeargle
|-boost|p2a: Smeargle|spa|2
|-boost|p2a: Smeargle|spd|2
|-boost|p2a: Smeargle|spe|2
|
|-heal|p1a: Lala|263\/324|[from] item: Leftovers
|turn|4
|
|move|p1a: Lala|Encore|p2a: Smeargle
|-start|p2a: Smeargle|Encore
|move|p2a: Smeargle|Geomancy|p2a: Smeargle|[still]
|-prepare|p2a: Smeargle|Geomancy|p2a: Smeargle
|
|-heal|p1a: Lala|283\/324|[from] item: Leftovers
|-sideend|p2: Arcanine is Regal|move: Tailwind
|turn|5
|
|move|p1a: Lala|Leech Seed|p2a: Smeargle|[miss]
|-miss|p1a: Lala|p2a: Smeargle
|move|p2a: Smeargle|Geomancy|p2a: Smeargle
|-boost|p2a: Smeargle|spa|2
|-boost|p2a: Smeargle|spd|2
|-boost|p2a: Smeargle|spe|2
|
|-heal|p1a: Lala|303\/324|[from] item: Leftovers
|turn|6
|
|move|p1a: Lala|Leech Seed|p2a: Smeargle
|-start|p2a: Smeargle|move: Leech Seed
|move|p2a: Smeargle|Geomancy|p2a: Smeargle|[still]
|-prepare|p2a: Smeargle|Geomancy|p2a: Smeargle
|
|-heal|p1a: Lala|323\/324|[from] item: Leftovers
|-damage|p2a: Smeargle|275\/314|[from] Leech Seed|[of] p1a: Lala
|-heal|p1a: Lala|324\/324|[silent]
|-end|p2a: Smeargle|Encore
|turn|7
|c|âArcanine is Regal|lol surprising that I run into a gayer strat than mine
|
|move|p1a: Lala|Encore|p2a: Smeargle
|-start|p2a: Smeargle|Encore
|move|p2a: Smeargle|Geomancy|p2a: Smeargle
|-boost|p2a: Smeargle|spa|2
|-boost|p2a: Smeargle|spd|2
|-boost|p2a: Smeargle|spe|2
|
|-damage|p2a: Smeargle|236\/314|[from] Leech Seed|[of] p1a: Lala
|turn|8
|leave|Arcanine is Regal
|player|p2
|c|âSilverbacks|oh hey Arcanine
|join|Chimpoo
|join|ManyMushrooms
|leave|Chimpoo
|leave|ManyMushrooms
|-message|arcanineisregal lost due to inactivity.
|
|win|Silverbacks
|raw|Ladder updating...
|raw|Silverbacks's rating: 1455 &rarr; <strong>1466<\/strong><br \/>(+11 for winning)
|raw|Arcanine is Regal's rating: 1278 &rarr; <strong>1264<\/strong><br \/>(-14 for losing)
|join|SneekyMan
|c|âSilverbacks|XD