|join|Silverbacks
|join|stall is for nubs
|player|p1|Silverbacks|106
|player|p2|stall is for nubs|265
|gametype|singles
|gen|6
|tier|ORAS OU
|rated
|rule|Sleep Clause Mod: Limit one foe put to sleep
|rule|Species Clause: Limit one of each PokÃ©mon
|rule|OHKO Clause: OHKO moves are banned
|rule|Moody Clause: Moody is banned
|rule|Evasion Moves Clause: Evasion moves are banned
|rule|Endless Battle Clause: Forcing endless battles is banned
|rule|HP Percentage Mod: HP is shown in percentages
|clearpoke
|poke|p1|Whimsicott, F, shiny
|poke|p1|Sceptile, M, shiny
|poke|p1|Mew
|poke|p1|Dragonite, F
|poke|p1|Starmie
|poke|p1|Heatran, M
|poke|p2|Diancie
|poke|p2|Bisharp, M
|poke|p2|Slowbro, M
|poke|p2|Gliscor, M
|poke|p2|Weavile, M
|poke|p2|Rotom-Wash
|rule|Swagger Clause: Swagger is banned
|rule|Baton Pass Clause: Limit one PokÃ©mon knowing Baton Pass
|teampreview
|
|start
|switch|p1a: Starxiuesazdt|Starmie|262\/262
|switch|p2a: Diancie|Diancie|241\/241
|turn|1
|
|switch|p1a: Splash|Sceptile, M, shiny|282\/282
|detailschange|p2a: Diancie|Diancie-Mega
|message|Diancie has Mega Evolved into Mega Diancie!
|move|p2a: Diancie|Protect|p2a: Diancie
|-fail|p2a: Diancie
|
|turn|2
|
|switch|p1a: Lavaticus|Heatran, M|386\/386
|switch|p2a: Gliscor|Gliscor, M|354\/354
|
|-status|p2a: Gliscor|tox|[from] item: Toxic Orb
|turn|3
|
|switch|p1a: Starxiuesazdt|Starmie|262\/262
|move|p2a: Gliscor|Stealth Rock|p1a: Starxiuesazdt
|-sidestart|p1: Silverbacks|move: Stealth Rock
|
|turn|4
|
|move|p2a: Gliscor|Protect|p2a: Gliscor
|-singleturn|p2a: Gliscor|Protect
|move|p1a: Starxiuesazdt|Rapid Spin|p2a: Gliscor
|-activate|p2a: Gliscor|Protect
|
|turn|5
|
|move|p1a: Starxiuesazdt|Rapid Spin|p2a: Gliscor
|-damage|p2a: Gliscor|344\/354 tox
|-sideend|p1: Silverbacks|Stealth Rock|[from] move: Rapid Spin|[of] p1a: Starxiuesazdt
|move|p2a: Gliscor|Knock Off|p1a: Starxiuesazdt
|-supereffective|p1a: Starxiuesazdt
|-damage|p1a: Starxiuesazdt|92\/262
|-enditem|p1a: Starxiuesazdt|Leftovers|[from] move: Knock Off|[of] p2a: Gliscor
|
|-heal|p2a: Gliscor|354\/354 tox|[from] ability: Poison Heal
|turn|6
|c|âSilverbacks|you got ballz
|c|âSilverbacks|good sir
|
|switch|p1a: Splash|Sceptile, M, shiny|282\/282
|switch|p2a: Rotom-Wash|Rotom-Wash|304\/304
|
|turn|7
|
|switch|p2a: Gliscor|Gliscor, M|354\/354 tox
|detailschange|p1a: Splash|Sceptile-Mega, M, shiny
|message|Sceptile has Mega Evolved into Mega Sceptile!
|move|p1a: Splash|Substitute|p1a: Splash
|-start|p1a: Splash|Substitute
|-damage|p1a: Splash|212\/282
|
|turn|8
|
|move|p1a: Splash|Giga Drain|p2a: Gliscor
|-damage|p2a: Gliscor|228\/354 tox
|-heal|p1a: Splash|275\/282|[from] drain|[of] p2a: Gliscor
|move|p2a: Gliscor|Knock Off|p1a: Splash
|-activate|p1a: Splash|Substitute|[damage]
|
|-heal|p2a: Gliscor|272\/354 tox|[from] ability: Poison Heal
|turn|9
|
|move|p1a: Splash|Dragon Pulse|p2a: Gliscor
|-damage|p2a: Gliscor|110\/354 tox
|move|p2a: Gliscor|Knock Off|p1a: Splash
|-end|p1a: Splash|Substitute
|
|-heal|p2a: Gliscor|154\/354 tox|[from] ability: Poison Heal
|turn|10
|
|move|p1a: Splash|Substitute|p1a: Splash
|-start|p1a: Splash|Substitute
|-damage|p1a: Splash|205\/282
|move|p2a: Gliscor|Stealth Rock|p1a: Splash
|-sidestart|p1: Silverbacks|move: Stealth Rock
|
|-heal|p2a: Gliscor|198\/354 tox|[from] ability: Poison Heal
|turn|11
|
|move|p2a: Gliscor|Protect|p2a: Gliscor
|-singleturn|p2a: Gliscor|Protect
|move|p1a: Splash|Giga Drain|p2a: Gliscor
|-activate|p2a: Gliscor|Protect
|
|-heal|p2a: Gliscor|242\/354 tox|[from] ability: Poison Heal
|turn|12
|
|move|p1a: Splash|Giga Drain|p2a: Gliscor
|-crit|p2a: Gliscor
|-damage|p2a: Gliscor|34\/354 tox
|-heal|p1a: Splash|282\/282|[from] drain|[of] p2a: Gliscor
|move|p2a: Gliscor|Knock Off|p1a: Splash
|-activate|p1a: Splash|Substitute|[damage]
|
|-heal|p2a: Gliscor|78\/354 tox|[from] ability: Poison Heal
|turn|13
|
|move|p2a: Gliscor|Protect|p2a: Gliscor
|-singleturn|p2a: Gliscor|Protect
|move|p1a: Splash|Dragon Pulse|p2a: Gliscor
|-activate|p2a: Gliscor|Protect
|
|-heal|p2a: Gliscor|122\/354 tox|[from] ability: Poison Heal
|turn|14
|
|switch|p2a: Bisharp|Bisharp, M|271\/271
|move|p1a: Splash|Dragon Pulse|p2a: Bisharp
|-resisted|p2a: Bisharp
|-damage|p2a: Bisharp|152\/271
|
|turn|15
|
|move|p2a: Bisharp|Sucker Punch|p1a: Splash
|-end|p1a: Splash|Substitute
|-damage|p2a: Bisharp|125\/271|[from] item: Life Orb
|move|p1a: Splash|Focus Blast|p2a: Bisharp|[miss]
|-miss|p1a: Splash|p2a: Bisharp
|
|turn|16
|
|move|p1a: Splash|Substitute|p1a: Splash
|-start|p1a: Splash|Substitute
|-damage|p1a: Splash|212\/282
|move|p2a: Bisharp|Iron Head|p1a: Splash
|-end|p1a: Splash|Substitute
|-damage|p2a: Bisharp|98\/271|[from] item: Life Orb
|
|turn|17
|
|move|p1a: Splash|Substitute|p1a: Splash
|-start|p1a: Splash|Substitute
|-damage|p1a: Splash|142\/282
|move|p2a: Bisharp|Knock Off|p1a: Splash
|-end|p1a: Splash|Substitute
|-damage|p2a: Bisharp|71\/271|[from] item: Life Orb
|
|turn|18
|
|switch|p1a: Lala|Whimsicott, F, shiny|324\/324
|-damage|p1a: Lala|284\/324|[from] Stealth Rock
|move|p2a: Bisharp|Iron Head|p1a: Lala
|-supereffective|p1a: Lala
|-damage|p1a: Lala|0 fnt
|-damage|p2a: Bisharp|44\/271|[from] item: Life Orb
|faint|p1a: Lala
|
|
|switch|p1a: Raigar|Dragonite, F|339\/339
|-damage|p1a: Raigar|255\/339|[from] Stealth Rock
|turn|19
|c|âSilverbacks|ugh
|
|move|p1a: Raigar|Dragon Dance|p1a: Raigar
|-boost|p1a: Raigar|atk|1
|-boost|p1a: Raigar|spe|1
|move|p2a: Bisharp|Knock Off|p1a: Raigar
|-damage|p1a: Raigar|20\/339
|-enditem|p1a: Raigar|Lum Berry|[from] move: Knock Off|[of] p2a: Bisharp
|-damage|p2a: Bisharp|17\/271|[from] item: Life Orb
|
|turn|20
|
|move|p2a: Bisharp|Sucker Punch|p1a: Raigar
|-fail|p1a: Raigar
|move|p1a: Raigar|Roost|p1a: Raigar
|-heal|p1a: Raigar|190\/339
|
|turn|21
|
|move|p1a: Raigar|Roost|p1a: Raigar
|-heal|p1a: Raigar|339\/339
|move|p2a: Bisharp|Iron Head|p1a: Raigar
|-damage|p1a: Raigar|236\/339
|-damage|p2a: Bisharp|0 fnt|[from] item: Life Orb
|faint|p2a: Bisharp
|
|
|switch|p2a: Weavile|Weavile, M|281\/281
|-ability|p2a: Weavile|Pressure
|turn|22
|
|move|p1a: Raigar|Extreme Speed|p2a: Weavile
|-damage|p2a: Weavile|53\/281
|move|p2a: Weavile|Ice Shard|p1a: Raigar
|-supereffective|p1a: Raigar
|-damage|p1a: Raigar|0 fnt
|-damage|p2a: Weavile|25\/281|[from] item: Life Orb
|faint|p1a: Raigar
|
|
|switch|p1a: Lavaticus|Heatran, M|386\/386
|-damage|p1a: Lavaticus|338\/386|[from] Stealth Rock
|turn|23
|
|switch|p2a: Gliscor|Gliscor, M|122\/354 tox
|move|p1a: Lavaticus|Stealth Rock|p2a: Gliscor
|-sidestart|p2: stall is for nubs|move: Stealth Rock
|
|-heal|p1a: Lavaticus|362\/386|[from] item: Leftovers
|-heal|p2a: Gliscor|166\/354 tox|[from] ability: Poison Heal
|turn|24
|
|switch|p1a: Xerxes|Mew|404\/404
|-damage|p1a: Xerxes|354\/404|[from] Stealth Rock
|move|p2a: Gliscor|Earthquake|p1a: Xerxes
|-crit|p1a: Xerxes
|-damage|p1a: Xerxes|237\/404
|
|-heal|p1a: Xerxes|262\/404|[from] item: Leftovers
|-heal|p2a: Gliscor|210\/354 tox|[from] ability: Poison Heal
|turn|25
|
|switch|p2a: Diancie|Diancie-Mega|241\/241
|-damage|p2a: Diancie|211\/241|[from] Stealth Rock
|move|p1a: Xerxes|Ice Beam|p2a: Diancie
|-damage|p2a: Diancie|137\/241
|
|-heal|p1a: Xerxes|287\/404|[from] item: Leftovers
|turn|26
|
|move|p2a: Diancie|Moonblast|p1a: Xerxes
|-damage|p1a: Xerxes|104\/404
|move|p1a: Xerxes|Gunk Shot|p2a: Diancie
|-damage|p2a: Diancie|64\/241
|-status|p2a: Diancie|psn
|
|-heal|p1a: Xerxes|129\/404|[from] item: Leftovers
|-damage|p2a: Diancie|34\/241 psn|[from] psn
|turn|27
|
|switch|p1a: Lavaticus|Heatran, M|362\/386
|-damage|p1a: Lavaticus|314\/386|[from] Stealth Rock
|move|p2a: Diancie|Earth Power|p1a: Lavaticus
|-supereffective|p1a: Lavaticus
|-damage|p1a: Lavaticus|0 fnt
|faint|p1a: Lavaticus
|
|-damage|p2a: Diancie|4\/241 psn|[from] psn
|
|switch|p1a: Splash|Sceptile-Mega, M, shiny|142\/282
|-damage|p1a: Splash|107\/282|[from] Stealth Rock
|turn|28
|
|move|p1a: Splash|Giga Drain|p2a: Diancie
|-supereffective|p2a: Diancie
|-damage|p2a: Diancie|0 fnt
|-heal|p1a: Splash|109\/282|[from] drain|[of] p2a: Diancie
|faint|p2a: Diancie
|
|c|âstall is for nubs|dumb mew set but i can't win against this
|-message|stall is for nubs forfeited.
|
|win|Silverbacks
|raw|Ladder updating...
|raw|Silverbacks's rating: 1483 &rarr; <strong>1494<\/strong><br \/>(+11 for winning)
|raw|stall is for nubs's rating: 1315 &rarr; <strong>1304<\/strong><br \/>(-11 for losing)
|c|âSilverbacks|ouch
|c|âSilverbacks|so mean
|c|âSilverbacks|it is for mega mence
|c|âSilverbacks|and fairies
|c|âSilverbacks|like clefable
|c|âSilverbacks|which are huge counters
|c|âstall is for nubs|run greninja then rofl
|leave|stall is for nubs
|player|p2