|join|Silverbacks
|join|Gallade Lv. â
|player|p1|Silverbacks|106
|player|p2|Gallade Lv. â|238
|gametype|singles
|gen|6
|tier|ORAS OU
|rated
|rule|Sleep Clause Mod: Limit one foe put to sleep
|rule|Species Clause: Limit one of each PokÃ©mon
|rule|OHKO Clause: OHKO moves are banned
|rule|Moody Clause: Moody is banned
|rule|Evasion Moves Clause: Evasion moves are banned
|rule|Endless Battle Clause: Forcing endless battles is banned
|rule|HP Percentage Mod: HP is shown in percentages
|clearpoke
|poke|p1|Diancie
|poke|p1|Rotom-Wash
|poke|p1|Scizor, F
|poke|p1|Latios, M
|poke|p1|Dugtrio, M
|poke|p1|Talonflame, M
|poke|p2|Gallade, M
|poke|p2|Scizor, M
|poke|p2|Landorus-Therian, M
|poke|p2|Zapdos
|poke|p2|Rotom-Wash
|poke|p2|Sylveon, F
|rule|Swagger Clause: Swagger is banned
|rule|Baton Pass Clause: Limit one PokÃ©mon knowing Baton Pass
|teampreview
|
|start
|switch|p1a: Smartie|Rotom-Wash|304\/304
|switch|p2a: Rotom-Wash|Rotom-Wash|304\/304
|turn|1
|
|move|p1a: Smartie|Will-O-Wisp|p2a: Rotom-Wash
|-status|p2a: Rotom-Wash|brn
|move|p2a: Rotom-Wash|Volt Switch|p1a: Smartie
|-damage|p1a: Smartie|246\/304
|
|switch|p2a: Sylveon|Sylveon, F|394\/394
|
|-heal|p1a: Smartie|265\/304|[from] item: Leftovers
|turn|2
|
|move|p1a: Smartie|Volt Switch|p2a: Sylveon
|-damage|p2a: Sylveon|343\/394
|
|switch|p1a: Tsubaki|Scizor, F|344\/344
|move|p2a: Sylveon|Hyper Voice|p1a: Tsubaki
|-resisted|p1a: Tsubaki
|-damage|p1a: Tsubaki|259\/344
|
|-heal|p2a: Sylveon|367\/394|[from] item: Leftovers
|turn|3
|
|move|p2a: Sylveon|Protect|p2a: Sylveon
|-singleturn|p2a: Sylveon|Protect
|move|p1a: Tsubaki|U-turn|p2a: Sylveon
|-activate|p2a: Sylveon|Protect
|
|-heal|p2a: Sylveon|391\/394|[from] item: Leftovers
|turn|4
|
|move|p1a: Tsubaki|U-turn|p2a: Sylveon
|-resisted|p2a: Sylveon
|-damage|p2a: Sylveon|256\/394
|
|switch|p1a: Smartie|Rotom-Wash|265\/304
|move|p2a: Sylveon|Wish|p2a: Sylveon
|
|-heal|p1a: Smartie|284\/304|[from] item: Leftovers
|-heal|p2a: Sylveon|280\/394|[from] item: Leftovers
|turn|5
|
|move|p1a: Smartie|Will-O-Wisp|p2a: Sylveon|[miss]
|-miss|p1a: Smartie|p2a: Sylveon
|move|p2a: Sylveon|Hyper Voice|p1a: Smartie
|-damage|p1a: Smartie|175\/304
|
|-heal|p2a: Sylveon|394\/394|[from] move: Wish|[wisher] Sylveon
|-heal|p1a: Smartie|194\/304|[from] item: Leftovers
|turn|6
|
|move|p1a: Smartie|Will-O-Wisp|p2a: Sylveon
|-status|p2a: Sylveon|brn
|move|p2a: Sylveon|Hyper Voice|p1a: Smartie
|-damage|p1a: Smartie|83\/304
|
|-heal|p1a: Smartie|102\/304|[from] item: Leftovers
|-damage|p2a: Sylveon|345\/394 brn|[from] brn
|turn|7
|join|daftmau5
|
|move|p1a: Smartie|Pain Split|p2a: Sylveon
|-sethp|p2a: Sylveon|223\/394 brn|p1a: Smartie|223\/304|[from] move: Pain Split
|move|p2a: Sylveon|Heal Bell|p2a: Sylveon
|-cureteam|p2a: Sylveon|[from] move: HealBell
|
|-heal|p1a: Smartie|242\/304|[from] item: Leftovers
|-heal|p2a: Sylveon|247\/394|[from] item: Leftovers
|turn|8
|
|move|p1a: Smartie|Will-O-Wisp|p2a: Sylveon
|-status|p2a: Sylveon|brn
|move|p2a: Sylveon|Heal Bell|p2a: Sylveon
|-cureteam|p2a: Sylveon|[from] move: HealBell
|
|-heal|p1a: Smartie|261\/304|[from] item: Leftovers
|-heal|p2a: Sylveon|271\/394|[from] item: Leftovers
|turn|9
|leave|daftmau5
|
|move|p1a: Smartie|Will-O-Wisp|p2a: Sylveon
|-status|p2a: Sylveon|brn
|move|p2a: Sylveon|Wish|p2a: Sylveon
|
|-heal|p1a: Smartie|280\/304|[from] item: Leftovers
|-heal|p2a: Sylveon|295\/394 brn|[from] item: Leftovers
|-damage|p2a: Sylveon|246\/394 brn|[from] brn
|turn|10
|join|Raik
|
|move|p1a: Smartie|Volt Switch|p2a: Sylveon
|-damage|p2a: Sylveon|191\/394 brn
|
|switch|p1a: Wright|Talonflame, M|331\/331
|move|p2a: Sylveon|Hyper Voice|p1a: Wright
|-resisted|p1a: Wright
|-damage|p1a: Wright|227\/331
|
|-heal|p2a: Sylveon|388\/394 brn|[from] move: Wish|[wisher] Sylveon
|-heal|p1a: Wright|247\/331|[from] item: Leftovers
|-heal|p2a: Sylveon|394\/394 brn|[from] item: Leftovers
|-damage|p2a: Sylveon|345\/394 brn|[from] brn
|turn|11
|
|switch|p2a: Rotom-Wash|Rotom-Wash|304\/304
|move|p1a: Wright|Brave Bird|p2a: Rotom-Wash
|-resisted|p2a: Rotom-Wash
|-damage|p2a: Rotom-Wash|254\/304
|-damage|p1a: Wright|230\/331|[from] recoil|[of] p2a: Rotom-Wash
|
|-heal|p1a: Wright|250\/331|[from] item: Leftovers
|-heal|p2a: Rotom-Wash|273\/304|[from] item: Leftovers
|turn|12
|join|lt8m xtra
|
|switch|p1a: Raigar|Latios, M|302\/302
|move|p2a: Rotom-Wash|Volt Switch|p1a: Raigar
|-crit|p1a: Raigar
|-resisted|p1a: Raigar
|-damage|p1a: Raigar|245\/302
|
|switch|p2a: Scizor|Scizor, M|344\/344
|
|turn|13
|
|move|p1a: Raigar|Draco Meteor|p2a: Scizor
|-resisted|p2a: Scizor
|-damage|p2a: Scizor|172\/344
|-unboost|p1a: Raigar|spa|2
|-damage|p1a: Raigar|215\/302|[from] item: Life Orb
|move|p2a: Scizor|U-turn|p1a: Raigar
|-supereffective|p1a: Raigar
|-damage|p1a: Raigar|0 fnt
|faint|p1a: Raigar
|
|switch|p2a: Landorus-Therian|Landorus-Therian, M|382\/382
|
|leave|lt8m xtra
|
|switch|p1a: Smartie|Rotom-Wash|280\/304
|turn|14
|
|switch|p2a: Sylveon|Sylveon, F|345\/394 brn
|move|p1a: Smartie|Hydro Pump|p2a: Sylveon
|-damage|p2a: Sylveon|266\/394 brn
|
|-heal|p1a: Smartie|299\/304|[from] item: Leftovers
|-heal|p2a: Sylveon|290\/394 brn|[from] item: Leftovers
|-damage|p2a: Sylveon|241\/394 brn|[from] brn
|turn|15
|
|move|p1a: Smartie|Volt Switch|p2a: Sylveon
|-damage|p2a: Sylveon|187\/394 brn
|
|switch|p1a: Tsubaki|Scizor, F|259\/344
|move|p2a: Sylveon|Heal Bell|p2a: Sylveon
|-cureteam|p2a: Sylveon|[from] move: HealBell
|
|-heal|p2a: Sylveon|211\/394|[from] item: Leftovers
|turn|16
|
|switch|p2a: Rotom-Wash|Rotom-Wash|273\/304
|move|p1a: Tsubaki|Bullet Punch|p2a: Rotom-Wash
|-resisted|p2a: Rotom-Wash
|-damage|p2a: Rotom-Wash|246\/304
|
|-heal|p2a: Rotom-Wash|265\/304|[from] item: Leftovers
|turn|17
|
|switch|p1a: Smartie|Rotom-Wash|299\/304
|move|p2a: Rotom-Wash|Volt Switch|p1a: Smartie
|-damage|p1a: Smartie|235\/304
|
|switch|p2a: Sylveon|Sylveon, F|211\/394
|
|-heal|p1a: Smartie|254\/304|[from] item: Leftovers
|-heal|p2a: Sylveon|235\/394|[from] item: Leftovers
|turn|18
|c|âSilverbacks|you are playing really nice
|
|move|p1a: Smartie|Will-O-Wisp|p2a: Sylveon
|-status|p2a: Sylveon|brn
|move|p2a: Sylveon|Wish|p2a: Sylveon
|
|-heal|p1a: Smartie|273\/304|[from] item: Leftovers
|-heal|p2a: Sylveon|259\/394 brn|[from] item: Leftovers
|-damage|p2a: Sylveon|210\/394 brn|[from] brn
|turn|19
|
|move|p1a: Smartie|Volt Switch|p2a: Sylveon
|-damage|p2a: Sylveon|159\/394 brn
|
|switch|p1a: Trixie|Diancie|242\/242
|move|p2a: Sylveon|Hyper Voice|p1a: Trixie
|-damage|p1a: Trixie|128\/242
|
|-heal|p2a: Sylveon|356\/394 brn|[from] move: Wish|[wisher] Sylveon
|-heal|p2a: Sylveon|380\/394 brn|[from] item: Leftovers
|-damage|p2a: Sylveon|331\/394 brn|[from] brn
|turn|20
|
|switch|p2a: Landorus-Therian|Landorus-Therian, M|382\/382
|-ability|p2a: Landorus-Therian|Intimidate|[of] p1a: Trixie
|-fail|p1a: Trixie|unboost|[from] ability: Clear Body|[of] p1a: Trixie
|detailschange|p1a: Trixie|Diancie-Mega
|message|Diancie has Mega Evolved into Mega Diancie!
|move|p1a: Trixie|Calm Mind|p1a: Trixie
|-boost|p1a: Trixie|spa|1
|-boost|p1a: Trixie|spd|1
|
|turn|21
|
|move|p1a: Trixie|Moonblast|p2a: Landorus-Therian
|-damage|p2a: Landorus-Therian|24\/382
|move|p2a: Landorus-Therian|Earthquake|p1a: Trixie
|-supereffective|p1a: Trixie
|-damage|p1a: Trixie|0 fnt
|faint|p1a: Trixie
|
|-heal|p2a: Landorus-Therian|47\/382|[from] item: Leftovers
|
|switch|p1a: Tsubaki|Scizor, F|259\/344
|turn|22
|
|move|p2a: Landorus-Therian|Stealth Rock|p1a: Tsubaki
|-sidestart|p1: Silverbacks|move: Stealth Rock
|move|p1a: Tsubaki|Pursuit|p2a: Landorus-Therian
|-damage|p2a: Landorus-Therian|0 fnt
|faint|p2a: Landorus-Therian
|
|c|âSilverbacks|every move
|c|âSilverbacks|XD
|c|âSilverbacks|;-;
|c|âGallade Lv. â|I was actually predicting U-Turn, but hey :o
|c|âSilverbacks|i am just getting wrekt
|
|switch|p2a: Gallade|Gallade, M|278\/278
|turn|23
|
|detailschange|p2a: Gallade|Gallade-Mega, M
|message|Gallade has Mega Evolved into Mega Gallade!
|move|p2a: Gallade|Knock Off|p1a: Tsubaki
|-damage|p1a: Tsubaki|117\/344
|-enditem|p1a: Tsubaki|Choice Band|[from] move: Knock Off|[of] p2a: Gallade
|move|p1a: Tsubaki|Pursuit|p2a: Gallade
|-damage|p2a: Gallade|199\/278
|
|turn|24
|
|switch|p2a: Rotom-Wash|Rotom-Wash|265\/304
|move|p1a: Tsubaki|Bullet Punch|p2a: Rotom-Wash
|-resisted|p2a: Rotom-Wash
|-damage|p2a: Rotom-Wash|243\/304
|
|-heal|p2a: Rotom-Wash|262\/304|[from] item: Leftovers
|turn|25
|
|move|p2a: Rotom-Wash|Hydro Pump|p1a: Tsubaki
|-damage|p1a: Tsubaki|0 fnt
|faint|p1a: Tsubaki
|
|-heal|p2a: Rotom-Wash|281\/304|[from] item: Leftovers
|
|switch|p1a: Ackbar|Dugtrio, M|212\/212
|-damage|p1a: Ackbar|199\/212|[from] Stealth Rock
|turn|26
|
|move|p1a: Ackbar|Stealth Rock|p2a: Rotom-Wash
|-sidestart|p2: Gallade Lv. â|move: Stealth Rock
|move|p2a: Rotom-Wash|Hydro Pump|p1a: Ackbar
|-crit|p1a: Ackbar
|-supereffective|p1a: Ackbar
|-damage|p1a: Ackbar|0 fnt
|faint|p1a: Ackbar
|
|-heal|p2a: Rotom-Wash|300\/304|[from] item: Leftovers
|
|switch|p1a: Smartie|Rotom-Wash|273\/304
|-damage|p1a: Smartie|235\/304|[from] Stealth Rock
|turn|27
|
|move|p1a: Smartie|Will-O-Wisp|p2a: Rotom-Wash
|-status|p2a: Rotom-Wash|brn
|move|p2a: Rotom-Wash|Volt Switch|p1a: Smartie
|-damage|p1a: Smartie|178\/304
|
|switch|p2a: Sylveon|Sylveon, F|331\/394 brn
|-damage|p2a: Sylveon|282\/394 brn|[from] Stealth Rock
|
|-heal|p1a: Smartie|197\/304|[from] item: Leftovers
|-heal|p2a: Sylveon|306\/394 brn|[from] item: Leftovers
|-damage|p2a: Sylveon|257\/394 brn|[from] brn
|turn|28
|
|move|p1a: Smartie|Hydro Pump|p2a: Sylveon|[miss]
|-miss|p1a: Smartie|p2a: Sylveon
|move|p2a: Sylveon|Hyper Voice|p1a: Smartie
|-damage|p1a: Smartie|82\/304
|
|-heal|p1a: Smartie|101\/304|[from] item: Leftovers
|-heal|p2a: Sylveon|281\/394 brn|[from] item: Leftovers
|-damage|p2a: Sylveon|232\/394 brn|[from] brn
|turn|29
|
|move|p1a: Smartie|Volt Switch|p2a: Sylveon
|-damage|p2a: Sylveon|180\/394 brn
|
|switch|p1a: Wright|Talonflame, M|250\/331
|-damage|p1a: Wright|85\/331|[from] Stealth Rock
|move|p2a: Sylveon|Hyper Voice|p1a: Wright
|-resisted|p1a: Wright
|-damage|p1a: Wright|0 fnt
|faint|p1a: Wright
|
|-heal|p2a: Sylveon|204\/394 brn|[from] item: Leftovers
|-damage|p2a: Sylveon|155\/394 brn|[from] brn
|c|âSilverbacks|gg
|-message|Silverbacks forfeited.
|
|win|Gallade Lv. â
|raw|Ladder updating...
|raw|Silverbacks's rating: 1614 &rarr; <strong>1592<\/strong><br \/>(-22 for losing)
|raw|Gallade Lv. â's rating: 1584 &rarr; <strong>1606<\/strong><br \/>(+22 for winning)
|c|âSilverbacks|out played so hard
|c|âGallade Lv. â|:) gg
|leave|Gallade Lv. â
|player|p2
|leave|Raik
|leave|Silverbacks
|player|p1
|join|Gallade Lv. â