|join|Silverbacks
|join|Lukien
|player|p1|Silverbacks|106
|player|p2|Lukien|65
|gametype|singles
|gen|6
|tier|ORAS OU
|rated
|rule|Sleep Clause Mod: Limit one foe put to sleep
|rule|Species Clause: Limit one of each PokÃ©mon
|rule|OHKO Clause: OHKO moves are banned
|rule|Moody Clause: Moody is banned
|rule|Evasion Moves Clause: Evasion moves are banned
|rule|Endless Battle Clause: Forcing endless battles is banned
|rule|HP Percentage Mod: HP is shown in percentages
|clearpoke
|poke|p1|Whimsicott, F, shiny
|poke|p1|Sceptile, M, shiny
|poke|p1|Mew
|poke|p1|Dragonite, M
|poke|p1|Starmie
|poke|p1|Heatran, M
|poke|p2|Tyranitar, M
|poke|p2|Salamence, F
|poke|p2|Alakazam, M
|poke|p2|Talonflame, M
|poke|p2|Mienshao, M
|poke|p2|Azelf
|rule|Swagger Clause: Swagger is banned
|rule|Baton Pass Clause: Limit one PokÃ©mon knowing Baton Pass
|teampreview
|
|start
|switch|p1a: Starxiuesazdt|Starmie|262\/262
|switch|p2a: Azelf|Azelf|292\/292
|turn|1
|
|move|p1a: Starxiuesazdt|Hydro Pump|p2a: Azelf
|-damage|p2a: Azelf|70\/292
|move|p2a: Azelf|Light Screen|p2a: Azelf
|-sidestart|p2: Lukien|move: Light Screen
|
|turn|2
|
|move|p1a: Starxiuesazdt|Ice Beam|p2a: Azelf
|-damage|p2a: Azelf|13\/292
|move|p2a: Azelf|Reflect|p2a: Azelf
|-sidestart|p2: Lukien|Reflect
|
|turn|3
|
|move|p1a: Starxiuesazdt|Ice Beam|p2a: Azelf
|-damage|p2a: Azelf|0 fnt
|faint|p2a: Azelf
|
|c|âLukien|why speed tie why
|
|switch|p2a: Talonflame|Talonflame, M|298\/298
|turn|4
|c|âSilverbacks|no explode for youz
|
|move|p2a: Talonflame|Brave Bird|p1a: Starxiuesazdt
|-crit|p1a: Starxiuesazdt
|-damage|p1a: Starxiuesazdt|0 fnt
|-damage|p2a: Talonflame|212\/298|[from] recoil|[of] p1a: Starxiuesazdt
|faint|p1a: Starxiuesazdt
|
|c|âSilverbacks|happy
|
|switch|p1a: Lavaticus|Heatran, M|386\/386
|turn|5
|c|âLukien|very
|c|âSilverbacks|XD
|c|âSilverbacks|glhf
|
|switch|p2a: Mienshao|Mienshao, M|271\/271
|move|p1a: Lavaticus|Stealth Rock|p2a: Mienshao
|-sidestart|p2: Lukien|move: Stealth Rock
|
|-sideend|p2: Lukien|move: Light Screen
|turn|6
|
|switch|p1a: Xerxes|Mew|404\/404
|move|p2a: Mienshao|Fake Out|p1a: Xerxes
|-damage|p1a: Xerxes|361\/404
|-damage|p2a: Mienshao|244\/271|[from] item: Life Orb
|
|-heal|p1a: Xerxes|386\/404|[from] item: Leftovers
|-sideend|p2: Lukien|Reflect
|turn|7
|
|move|p2a: Mienshao|Knock Off|p1a: Xerxes
|-supereffective|p1a: Xerxes
|-damage|p1a: Xerxes|178\/404
|-enditem|p1a: Xerxes|Leftovers|[from] move: Knock Off|[of] p2a: Mienshao
|-damage|p2a: Mienshao|217\/271|[from] item: Life Orb
|move|p1a: Xerxes|Will-O-Wisp|p2a: Mienshao
|-status|p2a: Mienshao|brn
|
|-damage|p2a: Mienshao|184\/271 brn|[from] brn
|turn|8
|
|move|p2a: Mienshao|Knock Off|p1a: Xerxes
|-supereffective|p1a: Xerxes
|-damage|p1a: Xerxes|113\/404
|-damage|p2a: Mienshao|157\/271 brn|[from] item: Life Orb
|move|p1a: Xerxes|Roost|p1a: Xerxes
|-heal|p1a: Xerxes|315\/404
|
|-damage|p2a: Mienshao|124\/271 brn|[from] brn
|turn|9
|
|switch|p2a: Alakazam|Alakazam, M|252\/252
|move|p1a: Xerxes|Roost|p1a: Xerxes
|-heal|p1a: Xerxes|404\/404
|
|turn|10
|
|switch|p1a: Lavaticus|Heatran, M|386\/386
|move|p2a: Alakazam|Shadow Ball|p1a: Lavaticus
|-damage|p1a: Lavaticus|297\/386
|
|-heal|p1a: Lavaticus|321\/386|[from] item: Leftovers
|turn|11
|
|move|p2a: Alakazam|Focus Blast|p1a: Lavaticus
|-supereffective|p1a: Lavaticus
|-damage|p1a: Lavaticus|93\/386
|-unboost|p1a: Lavaticus|spd|1
|move|p1a: Lavaticus|Flash Cannon|p2a: Alakazam
|-damage|p2a: Alakazam|120\/252
|
|-heal|p1a: Lavaticus|117\/386|[from] item: Leftovers
|turn|12
|
|move|p2a: Alakazam|Shadow Ball|p1a: Lavaticus
|-damage|p1a: Lavaticus|0 fnt
|faint|p1a: Lavaticus
|
|
|switch|p1a: Raigar|Dragonite, M|339\/339
|turn|13
|
|move|p2a: Alakazam|Hidden Power|p1a: Raigar
|-supereffective|p1a: Raigar
|-damage|p1a: Raigar|203\/339
|move|p1a: Raigar|Dragon Dance|p1a: Raigar
|-boost|p1a: Raigar|atk|1
|-boost|p1a: Raigar|spe|1
|
|turn|14
|
|move|p1a: Raigar|Extreme Speed|p2a: Alakazam
|-damage|p2a: Alakazam|0 fnt
|faint|p2a: Alakazam
|
|
|switch|p2a: Talonflame|Talonflame, M|212\/298
|-damage|p2a: Talonflame|63\/298|[from] Stealth Rock
|turn|15
|
|move|p1a: Raigar|Extreme Speed|p2a: Talonflame
|-damage|p2a: Talonflame|0 fnt
|faint|p2a: Talonflame
|
|
|switch|p2a: Tyranitar|Tyranitar, M|342\/342
|-damage|p2a: Tyranitar|300\/342|[from] Stealth Rock
|-weather|Sandstorm
|turn|16
|
|move|p1a: Raigar|Roost|p1a: Raigar
|-heal|p1a: Raigar|339\/339
|move|p2a: Tyranitar|Stone Edge|p1a: Raigar
|-damage|p1a: Raigar|214\/339
|-damage|p2a: Tyranitar|266\/342|[from] item: Life Orb
|
|-weather|Sandstorm|[upkeep]
|-damage|p1a: Raigar|193\/339|[from] sandstorm
|turn|17
|
|move|p1a: Raigar|Dragon Claw|p2a: Tyranitar
|-damage|p2a: Tyranitar|41\/342
|move|p2a: Tyranitar|Stone Edge|p1a: Raigar|[miss]
|-miss|p2a: Tyranitar|p1a: Raigar
|
|-weather|Sandstorm|[upkeep]
|-damage|p1a: Raigar|172\/339|[from] sandstorm
|turn|18
|c|âSilverbacks|damn
|c|âSilverbacks|use it again
|
|move|p1a: Raigar|Dragon Dance|p1a: Raigar
|-boost|p1a: Raigar|atk|1
|-boost|p1a: Raigar|spe|1
|move|p2a: Tyranitar|Stone Edge|p1a: Raigar
|-crit|p1a: Raigar
|-supereffective|p1a: Raigar
|-damage|p1a: Raigar|0 fnt
|-damage|p2a: Tyranitar|7\/342|[from] item: Life Orb
|faint|p1a: Raigar
|
|-weather|Sandstorm|[upkeep]
|c|âLukien|lol
|c|âLukien|ty
|c|âSilverbacks|;)
|
|switch|p1a: Lala|Whimsicott, F, shiny|324\/324
|turn|19
|
|move|p1a: Lala|Moonblast|p2a: Tyranitar
|-supereffective|p2a: Tyranitar
|-damage|p2a: Tyranitar|0 fnt
|faint|p2a: Tyranitar
|
|-weather|Sandstorm|[upkeep]
|-damage|p1a: Lala|304\/324|[from] sandstorm
|-heal|p1a: Lala|324\/324|[from] item: Leftovers
|
|switch|p2a: Salamence|Salamence, F|331\/331
|-damage|p2a: Salamence|249\/331|[from] Stealth Rock
|turn|20
|
|detailschange|p2a: Salamence|Salamence-Mega, F
|message|Salamence has Mega Evolved into Mega Salamence!
|move|p1a: Lala|Moonblast|p2a: Salamence
|-supereffective|p2a: Salamence
|-damage|p2a: Salamence|67\/331
|move|p2a: Salamence|Double-Edge|p1a: Lala
|-supereffective|p1a: Lala
|-damage|p1a: Lala|0 fnt
|-damage|p2a: Salamence|0 fnt|[from] recoil|[of] p1a: Lala
|faint|p1a: Lala
|faint|p2a: Salamence
|
|-weather|none
|
|switch|p1a: Splash|Sceptile, M, shiny|282\/282
|switch|p2a: Mienshao|Mienshao, M|124\/271 brn
|-damage|p2a: Mienshao|108\/271 brn|[from] Stealth Rock
|turn|21
|
|detailschange|p1a: Splash|Sceptile-Mega, M, shiny
|message|Sceptile has Mega Evolved into Mega Sceptile!
|move|p1a: Splash|Giga Drain|p2a: Mienshao
|-damage|p2a: Mienshao|0 fnt
|faint|p2a: Mienshao
|
|win|Silverbacks
|raw|Ladder updating...
|raw|Silverbacks's rating: 1441 &rarr; <strong>1455<\/strong><br \/>(+14 for winning)
|raw|Lukien's rating: 1336 &rarr; <strong>1322<\/strong><br \/>(-14 for losing)
|c|âLukien|gg
|leave|Lukien
|player|p2
|c|âSilverbacks|gg