|join|Silverbacks
|join|TrainerOfLegend
|player|p1|Silverbacks|106
|player|p2|TrainerOfLegend|274
|gametype|singles
|gen|6
|tier|ORAS OU
|rated
|rule|Sleep Clause Mod: Limit one foe put to sleep
|rule|Species Clause: Limit one of each PokÃ©mon
|rule|OHKO Clause: OHKO moves are banned
|rule|Moody Clause: Moody is banned
|rule|Evasion Moves Clause: Evasion moves are banned
|rule|Endless Battle Clause: Forcing endless battles is banned
|rule|HP Percentage Mod: HP is shown in percentages
|clearpoke
|poke|p1|Diancie
|poke|p1|Rotom-Wash
|poke|p1|Scizor, F
|poke|p1|Latios, M
|poke|p1|Dugtrio, M
|poke|p1|Talonflame, M
|poke|p2|Beedrill, M
|poke|p2|Magnezone
|poke|p2|Chansey, F
|poke|p2|Breloom, M
|poke|p2|Cobalion
|poke|p2|Mandibuzz, F
|rule|Swagger Clause: Swagger is banned
|rule|Baton Pass Clause: Limit one PokÃ©mon knowing Baton Pass
|teampreview
|
|start
|switch|p1a: Smartie|Rotom-Wash|304\/304
|switch|p2a: CuzFuckMegaSalamen|Beedrill, M|272\/272
|turn|1
|
|detailschange|p2a: CuzFuckMegaSalamen|Beedrill-Mega, M
|message|Beedrill has Mega Evolved into Mega Beedrill!
|move|p2a: CuzFuckMegaSalamen|U-turn|p1a: Smartie
|-damage|p1a: Smartie|100\/304
|
|switch|p2a: Serenity|Chansey, F|704\/704
|move|p1a: Smartie|Will-O-Wisp|p2a: Serenity
|-status|p2a: Serenity|brn
|
|-heal|p1a: Smartie|119\/304|[from] item: Leftovers
|-damage|p2a: Serenity|616\/704 brn|[from] brn
|turn|2
|
|move|p1a: Smartie|Volt Switch|p2a: Serenity
|-damage|p2a: Serenity|561\/704 brn
|join|Ol'DirtyHabastard
|
|switch|p1a: Ackbar|Dugtrio, M|201\/201
|move|p2a: Serenity|Heal Bell|p2a: Serenity
|-cureteam|p2a: Serenity|[from] move: HealBell
|
|turn|3
|
|move|p1a: Ackbar|Stealth Rock|p2a: Serenity
|-sidestart|p2: TrainerOfLegend|move: Stealth Rock
|move|p2a: Serenity|Toxic|p1a: Ackbar
|-status|p1a: Ackbar|tox
|
|-damage|p1a: Ackbar|189\/201 tox|[from] psn
|turn|4
|
|move|p1a: Ackbar|Earthquake|p2a: Serenity
|-damage|p2a: Serenity|375\/704
|move|p2a: Serenity|Wish|p2a: Serenity
|
|-damage|p1a: Ackbar|165\/201 tox|[from] psn
|turn|5
|
|switch|p1a: Tsubaki|Scizor, F|344\/344
|move|p2a: Serenity|Protect|p2a: Serenity
|-fail|p2a: Serenity
|
|-heal|p2a: Serenity|704\/704|[from] move: Wish|[wisher] Serenity
|turn|6
|
|switch|p2a: Valkyrie|Cobalion|324\/324
|-damage|p2a: Valkyrie|314\/324|[from] Stealth Rock
|move|p1a: Tsubaki|Knock Off|p2a: Valkyrie
|-resisted|p2a: Valkyrie
|-damage|p2a: Valkyrie|241\/324
|-boost|p2a: Valkyrie|atk|1|[from] ability: Justified
|-enditem|p2a: Valkyrie|Leftovers|[from] move: Knock Off|[of] p1a: Tsubaki
|
|turn|7
|
|switch|p1a: Ackbar|Dugtrio, M|165\/201 tox
|move|p2a: Valkyrie|Substitute|p2a: Valkyrie
|-start|p2a: Valkyrie|Substitute
|-damage|p2a: Valkyrie|160\/324
|
|-damage|p1a: Ackbar|153\/201 tox|[from] psn
|turn|8
|
|move|p1a: Ackbar|Earthquake|p2a: Valkyrie
|-supereffective|p2a: Valkyrie
|-end|p2a: Valkyrie|Substitute
|move|p2a: Valkyrie|Iron Head|p1a: Ackbar
|-damage|p1a: Ackbar|0 fnt
|faint|p1a: Ackbar
|
|
|switch|p1a: Raigar|Latios, M|302\/302
|turn|9
|
|switch|p2a: Serenity|Chansey, F|704\/704
|-damage|p2a: Serenity|616\/704|[from] Stealth Rock
|move|p1a: Raigar|Psyshock|p2a: Serenity
|-damage|p2a: Serenity|374\/704
|-damage|p1a: Raigar|272\/302|[from] item: Life Orb
|
|turn|10
|
|switch|p1a: Tsubaki|Scizor, F|344\/344
|move|p2a: Serenity|Wish|p2a: Serenity
|
|turn|11
|
|move|p1a: Tsubaki|Pursuit|p2a: Serenity|[from]Pursuit
|-damage|p2a: Serenity|161\/704
|switch|p2a: Valkyrie|Cobalion|160\/324
|-damage|p2a: Valkyrie|150\/324|[from] Stealth Rock
|
|-heal|p2a: Valkyrie|324\/324|[from] move: Wish|[wisher] Serenity
|turn|12
|
|switch|p1a: Smartie|Rotom-Wash|119\/304
|move|p2a: Valkyrie|Substitute|p2a: Valkyrie
|-start|p2a: Valkyrie|Substitute
|-damage|p2a: Valkyrie|243\/324
|
|-heal|p1a: Smartie|138\/304|[from] item: Leftovers
|turn|13
|
|move|p2a: Valkyrie|Close Combat|p1a: Smartie
|-damage|p1a: Smartie|0 fnt
|-unboost|p2a: Valkyrie|def|1
|-unboost|p2a: Valkyrie|spd|1
|faint|p1a: Smartie
|
|
|switch|p1a: Raigar|Latios, M|272\/302
|turn|14
|
|move|p1a: Raigar|Psyshock|p2a: Valkyrie
|-end|p2a: Valkyrie|Substitute
|-damage|p1a: Raigar|242\/302|[from] item: Life Orb
|move|p2a: Valkyrie|Iron Head|p1a: Raigar
|-damage|p1a: Raigar|118\/302
|
|turn|15
|
|switch|p2a: Spoopy|Mandibuzz, F|424\/424
|-damage|p2a: Spoopy|318\/424|[from] Stealth Rock
|move|p1a: Raigar|Hidden Power|p2a: Spoopy
|-crit|p2a: Spoopy
|-damage|p2a: Spoopy|172\/424
|-damage|p1a: Raigar|88\/302|[from] item: Life Orb
|
|-heal|p2a: Spoopy|198\/424|[from] item: Leftovers
|turn|16
|
|switch|p2a: Serenity|Chansey, F|161\/704
|-damage|p2a: Serenity|73\/704|[from] Stealth Rock
|move|p1a: Raigar|Draco Meteor|p2a: Serenity
|-damage|p2a: Serenity|0 fnt
|-unboost|p1a: Raigar|spa|2
|-damage|p1a: Raigar|58\/302|[from] item: Life Orb
|faint|p2a: Serenity
|
|join|Murkrow Saturn
|
|switch|p2a: Spoopy|Mandibuzz, F|198\/424
|-damage|p2a: Spoopy|92\/424|[from] Stealth Rock
|turn|17
|c| Murkrow Saturn|lel
|
|move|p1a: Raigar|Draco Meteor|p2a: Spoopy
|-damage|p2a: Spoopy|0 fnt
|-unboost|p1a: Raigar|spa|2
|-damage|p1a: Raigar|28\/302|[from] item: Life Orb
|faint|p2a: Spoopy
|
|
|switch|p2a: Valkyrie|Cobalion|243\/324
|-damage|p2a: Valkyrie|233\/324|[from] Stealth Rock
|turn|18
|c| Murkrow Saturn|somehow i knew you'd use mega diancie
|
|move|p1a: Raigar|Hidden Power|p2a: Valkyrie
|-supereffective|p2a: Valkyrie
|-damage|p2a: Valkyrie|150\/324
|-damage|p1a: Raigar|0 fnt|[from] item: Life Orb
|faint|p1a: Raigar
|move|p2a: Valkyrie|Substitute|p2a: Valkyrie
|-start|p2a: Valkyrie|Substitute
|-damage|p2a: Valkyrie|69\/324
|
|c|âSilverbacks|really XD
|
|switch|p1a: Wright|Talonflame, M|331\/331
|turn|19
|
|move|p1a: Wright|Brave Bird|p2a: Valkyrie
|-end|p2a: Valkyrie|Substitute
|-damage|p1a: Wright|304\/331|[from] recoil|[of] p2a: Valkyrie
|move|p2a: Valkyrie|Close Combat|p1a: Wright
|-resisted|p1a: Wright
|-damage|p1a: Wright|200\/331
|-unboost|p2a: Valkyrie|def|1
|-unboost|p2a: Valkyrie|spd|1
|
|-heal|p1a: Wright|220\/331|[from] item: Leftovers
|turn|20
|c|âSilverbacks|i think i lost
|
|move|p1a: Wright|Will-O-Wisp|p2a: Valkyrie
|-status|p2a: Valkyrie|brn
|move|p2a: Valkyrie|Close Combat|p1a: Wright
|-resisted|p1a: Wright
|-damage|p1a: Wright|166\/331
|-unboost|p2a: Valkyrie|def|1
|-unboost|p2a: Valkyrie|spd|1
|
|-heal|p1a: Wright|186\/331|[from] item: Leftovers
|-damage|p2a: Valkyrie|29\/324 brn|[from] brn
|turn|21
|c| Murkrow Saturn|naws
|
|move|p1a: Wright|Swords Dance|p1a: Wright
|-boost|p1a: Wright|atk|2
|move|p2a: Valkyrie|Close Combat|p1a: Wright
|-resisted|p1a: Wright
|-damage|p1a: Wright|129\/331
|-unboost|p2a: Valkyrie|def|1
|-unboost|p2a: Valkyrie|spd|1
|
|-heal|p1a: Wright|149\/331|[from] item: Leftovers
|-damage|p2a: Valkyrie|0 fnt|[from] brn
|faint|p2a: Valkyrie
|c| Murkrow Saturn|you got dis
|c| Murkrow Saturn|I believe 
|c| Murkrow Saturn|<3
|
|switch|p2a: Bzzzzzt|Magnezone|344\/344
|-damage|p2a: Bzzzzzt|323\/344|[from] Stealth Rock
|turn|22
|
|move|p1a: Wright|Roost|p1a: Wright
|-heal|p1a: Wright|315\/331
|move|p2a: Bzzzzzt|Volt Switch|p1a: Wright
|-damage|p1a: Wright|21\/331
|
|switch|p2a: Date Rape|Breloom, M|324\/324
|-damage|p2a: Date Rape|304\/324|[from] Stealth Rock
|
|-heal|p1a: Wright|41\/331|[from] item: Leftovers
|-status|p2a: Date Rape|tox|[from] item: Toxic Orb
|turn|23
|
|move|p1a: Wright|Brave Bird|p2a: Date Rape
|-supereffective|p2a: Date Rape
|-damage|p2a: Date Rape|0 fnt
|-damage|p1a: Wright|0 fnt|[from] recoil|[of] p2a: Date Rape
|faint|p2a: Date Rape
|faint|p1a: Wright
|
|
|switch|p1a: Trixie|Diancie|242\/242
|switch|p2a: Bzzzzzt|Magnezone|323\/344
|-damage|p2a: Bzzzzzt|302\/344|[from] Stealth Rock
|turn|24
|
|switch|p1a: Tsubaki|Scizor, F|344\/344
|move|p2a: Bzzzzzt|Flash Cannon|p1a: Tsubaki
|-resisted|p1a: Tsubaki
|-damage|p1a: Tsubaki|216\/344
|
|turn|25
|c| Ol'DirtyHabastard|im sorry ms silverbacks oooooh
|c| Ol'DirtyHabastard|i am for real
|c| Ol'DirtyHabastard|never meant to make ur feelings cry
|
|move|p1a: Tsubaki|Knock Off|p2a: Bzzzzzt
|-damage|p2a: Bzzzzzt|127\/344
|-enditem|p2a: Bzzzzzt|Choice Specs|[from] move: Knock Off|[of] p1a: Tsubaki
|move|p2a: Bzzzzzt|Flash Cannon|p1a: Tsubaki
|-resisted|p1a: Tsubaki
|-damage|p1a: Tsubaki|128\/344
|
|turn|26
|c| Ol'DirtyHabastard|i apologized a trillion times
|
|move|p1a: Tsubaki|Knock Off|p2a: Bzzzzzt
|-damage|p2a: Bzzzzzt|18\/344
|move|p2a: Bzzzzzt|Flash Cannon|p1a: Tsubaki
|-resisted|p1a: Tsubaki
|-damage|p1a: Tsubaki|39\/344
|
|turn|27
|
|move|p1a: Tsubaki|Knock Off|p2a: Bzzzzzt
|-damage|p2a: Bzzzzzt|0 fnt
|faint|p2a: Bzzzzzt
|
|
|switch|p2a: CuzFuckMegaSalamen|Beedrill-Mega, M|272\/272
|-damage|p2a: CuzFuckMegaSalamen|204\/272|[from] Stealth Rock
|turn|28
|c|âSilverbacks|its fine
|c|âSilverbacks|honestly i overeacted
|
|switch|p1a: Trixie|Diancie|242\/242
|move|p2a: CuzFuckMegaSalamen|U-turn|p1a: Trixie
|-resisted|p1a: Trixie
|-damage|p1a: Trixie|170\/242
|
|turn|29
|
|move|p2a: CuzFuckMegaSalamen|Poison Jab|p1a: Trixie
|-damage|p1a: Trixie|16\/242
|move|p1a: Trixie|Hidden Power|p2a: CuzFuckMegaSalamen
|-supereffective|p2a: CuzFuckMegaSalamen
|-damage|p2a: CuzFuckMegaSalamen|60\/272
|
|turn|30
|
|move|p2a: CuzFuckMegaSalamen|U-turn|p1a: Trixie
|-resisted|p1a: Trixie
|-damage|p1a: Trixie|0 fnt
|faint|p1a: Trixie
|
|
|switch|p1a: Tsubaki|Scizor, F|39\/344
|turn|31
|c|âSilverbacks|gg
|
|move|p1a: Tsubaki|Bullet Punch|p2a: CuzFuckMegaSalamen
|-damage|p2a: CuzFuckMegaSalamen|0 fnt
|faint|p2a: CuzFuckMegaSalamen
|
|win|Silverbacks
|raw|Ladder updating...
|raw|Silverbacks's rating: 1576 &rarr; <strong>1589<\/strong><br \/>(+13 for winning)
|raw|TrainerOfLegend's rating: 1451 &rarr; <strong>1438<\/strong><br \/>(-13 for losing)
|c| Murkrow Saturn|:D
|leave|TrainerOfLegend
|player|p2