|join|Silverbacks
|join|DaProphet5
|player|p1|Silverbacks|106
|player|p2|DaProphet5|94
|gametype|singles
|gen|6
|tier|ORAS OU
|rated
|rule|Sleep Clause Mod: Limit one foe put to sleep
|rule|Species Clause: Limit one of each PokÃ©mon
|rule|OHKO Clause: OHKO moves are banned
|rule|Moody Clause: Moody is banned
|rule|Evasion Moves Clause: Evasion moves are banned
|rule|Endless Battle Clause: Forcing endless battles is banned
|rule|HP Percentage Mod: HP is shown in percentages
|clearpoke
|poke|p1|Whimsicott, F, shiny
|poke|p1|Sceptile, F, shiny
|poke|p1|Mew
|poke|p1|Dragonite, M
|poke|p1|Starmie
|poke|p1|Heatran, M
|poke|p2|Salamence, M
|poke|p2|Shuckle, M
|poke|p2|Breloom, M, shiny
|poke|p2|Slowbro, F
|poke|p2|Cloyster, F
|poke|p2|Mew
|rule|Swagger Clause: Swagger is banned
|rule|Baton Pass Clause: Limit one PokÃ©mon knowing Baton Pass
|teampreview
|c|âSilverbacks|my whimsiscot made someone rage quit :(
|c|âSilverbacks|i felt bad
|
|start
|switch|p1a: Starxiuesazdt|Starmie|262\/262
|switch|p2a: Shuckle|Shuckle, M|243\/243
|turn|1
|c|âDaProphet5|no mercy ur pokemons are made for that
|
|switch|p2a: Mew|Mew|404\/404
|move|p1a: Starxiuesazdt|Hydro Pump|p2a: Mew|[miss]
|-miss|p1a: Starxiuesazdt|p2a: Mew
|
|turn|2
|c|âSilverbacks|dude
|c|âSilverbacks|you havent hit a single one all day
|
|switch|p1a: Lavaticus|Heatran, M|386\/386
|move|p2a: Mew|Knock Off|p1a: Lavaticus
|-damage|p1a: Lavaticus|313\/386
|-enditem|p1a: Lavaticus|Leftovers|[from] move: Knock Off|[of] p2a: Mew
|
|turn|3
|c|âSilverbacks|try a little harder please
|
|move|p2a: Mew|Taunt|p1a: Lavaticus
|-start|p1a: Lavaticus|move: Taunt
|cant|p1a: Lavaticus|move: Taunt|Toxic
|
|turn|4
|
|move|p2a: Mew|Knock Off|p1a: Lavaticus
|-crit|p1a: Lavaticus
|-damage|p1a: Lavaticus|243\/386
|move|p1a: Lavaticus|Fire Blast|p2a: Mew
|-damage|p2a: Mew|281\/404
|
|-heal|p2a: Mew|306\/404|[from] item: Leftovers
|turn|5
|
|move|p2a: Mew|Knock Off|p1a: Lavaticus
|-damage|p1a: Lavaticus|195\/386
|move|p1a: Lavaticus|Fire Blast|p2a: Mew
|-damage|p2a: Mew|188\/404
|
|-heal|p2a: Mew|213\/404|[from] item: Leftovers
|-end|p1a: Lavaticus|move: Taunt
|turn|6
|
|move|p2a: Mew|Taunt|p1a: Lavaticus
|-start|p1a: Lavaticus|move: Taunt
|move|p1a: Lavaticus|Fire Blast|p2a: Mew
|-damage|p2a: Mew|86\/404
|
|-heal|p2a: Mew|111\/404|[from] item: Leftovers
|turn|7
|
|switch|p1a: Lala|Whimsicott, F, shiny|324\/324
|move|p2a: Mew|Roost|p2a: Mew
|-heal|p2a: Mew|313\/404
|
|-heal|p2a: Mew|338\/404|[from] item: Leftovers
|turn|8
|
|move|p1a: Lala|Encore|p2a: Mew
|-start|p2a: Mew|Encore
|move|p2a: Mew|Roost|p2a: Mew
|-heal|p2a: Mew|404\/404
|
|turn|9
|
|switch|p2a: Shuckle|Shuckle, M|243\/243
|move|p1a: Lala|Substitute|p1a: Lala
|-start|p1a: Lala|Substitute
|-damage|p1a: Lala|243\/324
|
|-heal|p1a: Lala|263\/324|[from] item: Leftovers
|turn|10
|
|move|p1a: Lala|Leech Seed|p2a: Shuckle
|-start|p2a: Shuckle|move: Leech Seed
|move|p2a: Shuckle|Encore|p1a: Lala
|-start|p1a: Lala|Encore
|
|-heal|p1a: Lala|283\/324|[from] item: Leftovers
|-damage|p2a: Shuckle|213\/243|[from] Leech Seed|[of] p1a: Lala
|-heal|p1a: Lala|313\/324|[silent]
|turn|11
|c|âSilverbacks|not bad
|
|switch|p1a: Raigar|Dragonite, M|339\/339
|switch|p2a: Breloom|Breloom, M, shiny|262\/262
|
|turn|12
|
|move|p2a: Breloom|Swords Dance|p2a: Breloom
|-boost|p2a: Breloom|atk|2
|move|p1a: Raigar|Dragon Claw|p2a: Breloom
|-damage|p2a: Breloom|72\/262
|
|turn|13
|
|move|p1a: Raigar|Extreme Speed|p2a: Breloom
|-damage|p2a: Breloom|0 fnt
|faint|p2a: Breloom
|
|
|switch|p2a: Cloyster|Cloyster, F|242\/242
|turn|14
|
|switch|p1a: Starxiuesazdt|Starmie|262\/262
|move|p2a: Cloyster|Shell Smash|p2a: Cloyster
|-boost|p2a: Cloyster|atk|2
|-boost|p2a: Cloyster|spa|2
|-boost|p2a: Cloyster|spe|2
|-unboost|p2a: Cloyster|def|1
|-unboost|p2a: Cloyster|spd|1
|
|turn|15
|c|âSilverbacks|shiii
|
|move|p2a: Cloyster|Rock Blast|p1a: Starxiuesazdt
|-damage|p1a: Starxiuesazdt|201\/262
|-damage|p1a: Starxiuesazdt|143\/262
|-damage|p1a: Starxiuesazdt|77\/262
|-damage|p1a: Starxiuesazdt|15\/262
|-damage|p1a: Starxiuesazdt|0 fnt
|-hitcount|p1a: Starxiuesazdt|5
|faint|p1a: Starxiuesazdt
|
|c|âSilverbacks|was really predicting the ice spear
|
|switch|p1a: Xerxes|Mew|404\/404
|turn|16
|
|move|p2a: Cloyster|Icicle Spear|p1a: Xerxes
|-damage|p1a: Xerxes|352\/404
|-damage|p1a: Xerxes|300\/404
|-damage|p1a: Xerxes|243\/404
|-damage|p1a: Xerxes|180\/404
|-damage|p1a: Xerxes|125\/404
|-hitcount|p1a: Xerxes|5
|move|p1a: Xerxes|Will-O-Wisp|p2a: Cloyster
|-status|p2a: Cloyster|brn
|
|-heal|p1a: Xerxes|150\/404|[from] item: Leftovers
|-damage|p2a: Cloyster|212\/242 brn|[from] brn
|turn|17
|
|switch|p1a: Lavaticus|Heatran, M|195\/386
|move|p2a: Cloyster|Shell Smash|p2a: Cloyster
|-boost|p2a: Cloyster|atk|2
|-boost|p2a: Cloyster|spa|2
|-boost|p2a: Cloyster|spe|2
|-unboost|p2a: Cloyster|def|1
|-unboost|p2a: Cloyster|spd|1
|
|-damage|p2a: Cloyster|182\/242 brn|[from] brn
|turn|18
|
|move|p2a: Cloyster|Rock Blast|p1a: Lavaticus
|-damage|p1a: Lavaticus|155\/386
|-damage|p1a: Lavaticus|117\/386
|-damage|p1a: Lavaticus|83\/386
|-damage|p1a: Lavaticus|47\/386
|-damage|p1a: Lavaticus|9\/386
|-hitcount|p1a: Lavaticus|5
|move|p1a: Lavaticus|Stealth Rock|p2a: Cloyster
|-sidestart|p2: DaProphet5|move: Stealth Rock
|
|-damage|p2a: Cloyster|152\/242 brn|[from] brn
|turn|19
|
|move|p2a: Cloyster|Icicle Spear|p1a: Lavaticus
|-resisted|p1a: Lavaticus
|-damage|p1a: Lavaticus|0 fnt
|-hitcount|p1a: Lavaticus|1
|faint|p1a: Lavaticus
|
|-damage|p2a: Cloyster|122\/242 brn|[from] brn
|
|switch|p1a: Raigar|Dragonite, M|339\/339
|turn|20
|
|move|p1a: Raigar|Extreme Speed|p2a: Cloyster
|-damage|p2a: Cloyster|0 fnt
|faint|p2a: Cloyster
|
|
|switch|p2a: Shuckle|Shuckle, M|213\/243
|-damage|p2a: Shuckle|153\/243|[from] Stealth Rock
|turn|21
|
|move|p1a: Raigar|Dragon Dance|p1a: Raigar
|-boost|p1a: Raigar|atk|1
|-boost|p1a: Raigar|spe|1
|move|p2a: Shuckle|Encore|p1a: Raigar
|-start|p1a: Raigar|Encore
|
|-heal|p2a: Shuckle|168\/243|[from] item: Leftovers
|turn|22
|
|switch|p1a: Splash|Sceptile, F, shiny|282\/282
|switch|p2a: Salamence|Salamence, M|331\/331
|-damage|p2a: Salamence|249\/331|[from] Stealth Rock
|-ability|p2a: Salamence|Intimidate|[of] p1a: Splash
|-unboost|p1a: Splash|atk|1
|
|turn|23
|
|switch|p2a: Mew|Mew|404\/404
|-damage|p2a: Mew|354\/404|[from] Stealth Rock
|detailschange|p1a: Splash|Sceptile-Mega, F, shiny
|message|Sceptile has Mega Evolved into Mega Sceptile!
|move|p1a: Splash|Dragon Pulse|p2a: Mew
|-damage|p2a: Mew|228\/404
|
|-heal|p2a: Mew|253\/404|[from] item: Leftovers
|turn|24
|
|move|p1a: Splash|Substitute|p1a: Splash
|-start|p1a: Splash|Substitute
|-damage|p1a: Splash|212\/282
|move|p2a: Mew|Will-O-Wisp|p1a: Splash
|
|-heal|p2a: Mew|278\/404|[from] item: Leftovers
|turn|25
|
|switch|p2a: Shuckle|Shuckle, M|168\/243
|-damage|p2a: Shuckle|108\/243|[from] Stealth Rock
|move|p1a: Splash|Giga Drain|p2a: Shuckle
|-damage|p2a: Shuckle|42\/243
|-heal|p1a: Splash|245\/282|[from] drain|[of] p2a: Shuckle
|
|-heal|p2a: Shuckle|57\/243|[from] item: Leftovers
|turn|26
|
|move|p1a: Splash|Dragon Pulse|p2a: Shuckle
|-damage|p2a: Shuckle|0 fnt
|faint|p2a: Shuckle
|
|
|switch|p2a: Slowbro|Slowbro, F|394\/394
|-damage|p2a: Slowbro|345\/394|[from] Stealth Rock
|turn|27
|
|move|p1a: Splash|Giga Drain|p2a: Slowbro
|-supereffective|p2a: Slowbro
|-damage|p2a: Slowbro|7\/394
|-heal|p1a: Splash|282\/282|[from] drain|[of] p2a: Slowbro
|move|p2a: Slowbro|Psyshock|p1a: Splash
|-end|p1a: Splash|Substitute
|
|-heal|p2a: Slowbro|31\/394|[from] item: Leftovers
|turn|28
|
|move|p1a: Splash|Dragon Pulse|p2a: Slowbro
|-damage|p2a: Slowbro|0 fnt
|faint|p2a: Slowbro
|
|
|switch|p2a: Mew|Mew|278\/404
|-damage|p2a: Mew|228\/404|[from] Stealth Rock
|turn|29
|
|move|p1a: Splash|Dragon Pulse|p2a: Mew
|-damage|p2a: Mew|113\/404
|move|p2a: Mew|Taunt|p1a: Splash
|-start|p1a: Splash|move: Taunt
|
|-heal|p2a: Mew|138\/404|[from] item: Leftovers
|turn|30
|
|switch|p1a: Lala|Whimsicott, F, shiny|313\/324
|move|p2a: Mew|Roost|p2a: Mew
|-heal|p2a: Mew|340\/404
|
|-heal|p1a: Lala|324\/324|[from] item: Leftovers
|-heal|p2a: Mew|365\/404|[from] item: Leftovers
|turn|31
|
|move|p1a: Lala|Encore|p2a: Mew
|-start|p2a: Mew|Encore
|move|p2a: Mew|Roost|p2a: Mew
|-heal|p2a: Mew|404\/404
|
|turn|32
|c|âSilverbacks|gg
|c|âSilverbacks|forfeit
|c|âSilverbacks|if you dont want to get stalled
|
|switch|p2a: Salamence|Salamence, M|249\/331
|-damage|p2a: Salamence|167\/331|[from] Stealth Rock
|-ability|p2a: Salamence|Intimidate|[of] p1a: Lala
|-unboost|p1a: Lala|atk|1
|move|p1a: Lala|Substitute|p1a: Lala
|-start|p1a: Lala|Substitute
|-damage|p1a: Lala|243\/324
|
|-heal|p1a: Lala|263\/324|[from] item: Leftovers
|turn|33
|
|detailschange|p2a: Salamence|Salamence-Mega, M
|message|Salamence has Mega Evolved into Mega Salamence!
|move|p1a: Lala|Moonblast|p2a: Salamence
|-crit|p2a: Salamence
|-supereffective|p2a: Salamence
|-damage|p2a: Salamence|0 fnt
|faint|p2a: Salamence
|
|-heal|p1a: Lala|283\/324|[from] item: Leftovers
|c|âDaProphet5|crit
|c|âSilverbacks|didnt matter
|c|âSilverbacks|I run enough special
|c|âSilverbacks|to kill non invested past 50 percent
|c|âDaProphet5|that does not count
|
|switch|p2a: Mew|Mew|404\/404
|-damage|p2a: Mew|354\/404|[from] Stealth Rock
|turn|34
|-message|DaProphet5 forfeited.
|
|win|Silverbacks
|raw|Ladder updating...
|leave|DaProphet5
|player|p2
|raw|Silverbacks's rating: 1272 &rarr; <strong>1300<\/strong><br \/>(+28 for winning)
|raw|DaProphet5's rating: 1319 &rarr; <strong>1296<\/strong><br \/>(-23 for losing)