|join|Silverbacks
|join|xander5
|player|p1|Silverbacks|106
|player|p2|xander5|170
|gametype|singles
|gen|6
|tier|OU
|rated
|clearpoke
|poke|p1|Tyranitar, F
|poke|p1|Landorus-Therian, M
|poke|p1|Latios, M
|poke|p1|Celebi
|poke|p1|Talonflame, M
|poke|p1|Azumarill, M
|poke|p2|Excadrill, F
|poke|p2|Tyranitar, M
|poke|p2|Magnezone
|poke|p2|Azumarill, F
|poke|p2|Pinsir, M
|poke|p2|Latias, F
|rule|Swagger Clause: Swagger is banned
|rule|Baton Pass Clause: Limit one PokÃ©mon knowing Baton Pass
|rule|Sleep Clause Mod: Limit one foe put to sleep
|rule|Species Clause: Limit one of each PokÃ©mon
|rule|OHKO Clause: OHKO moves are banned
|rule|Moody Clause: Moody is banned
|rule|Evasion Moves Clause: Evasion moves are banned
|rule|Endless Battle Clause: Forcing endless battles is banned
|rule|HP Percentage Mod: HP is shown in percentages
|teampreview
|
|start
|switch|p1a: Giga|Landorus-Therian, M|382\/382
|switch|p2a: Azumarill|Azumarill, F|401\/401
|-ability|p1a: Giga|Intimidate|[of] p2a: Azumarill
|-unboost|p2a: Azumarill|atk|1
|turn|1
|
|move|p1a: Giga|Stealth Rock|p2a: Azumarill
|-sidestart|p2: xander5|move: Stealth Rock
|move|p2a: Azumarill|Knock Off|p1a: Giga
|-damage|p1a: Giga|312\/382
|-enditem|p1a: Giga|Leftovers|[from] move: Knock Off|[of] p2a: Azumarill
|
|turn|2
|
|move|p1a: Giga|Earthquake|p2a: Azumarill
|-damage|p2a: Azumarill|190\/401
|move|p2a: Azumarill|Knock Off|p1a: Giga
|-damage|p1a: Giga|267\/382
|
|turn|3
|
|move|p1a: Giga|U-turn|p2a: Azumarill
|-resisted|p2a: Azumarill
|-damage|p2a: Azumarill|146\/401
|
|switch|p1a: Crapton Falcon|Talonflame, M|331\/331
|move|p2a: Azumarill|Knock Off|p1a: Crapton Falcon
|-damage|p1a: Crapton Falcon|255\/331
|
|turn|4
|
|move|p2a: Azumarill|Aqua Jet|p1a: Crapton Falcon
|-supereffective|p1a: Crapton Falcon
|-damage|p1a: Crapton Falcon|103\/331
|move|p1a: Crapton Falcon|Will-O-Wisp|p2a: Azumarill
|-status|p2a: Azumarill|brn
|
|-damage|p2a: Azumarill|96\/401 brn|[from] brn
|turn|5
|
|move|p1a: Crapton Falcon|Roost|p1a: Crapton Falcon
|-heal|p1a: Crapton Falcon|269\/331
|move|p2a: Azumarill|Waterfall|p1a: Crapton Falcon
|-supereffective|p1a: Crapton Falcon
|-damage|p1a: Crapton Falcon|101\/331
|
|-damage|p2a: Azumarill|46\/401 brn|[from] brn
|turn|6
|
|move|p1a: Crapton Falcon|Roost|p1a: Crapton Falcon
|-heal|p1a: Crapton Falcon|267\/331
|move|p2a: Azumarill|Waterfall|p1a: Crapton Falcon
|-supereffective|p1a: Crapton Falcon
|-damage|p1a: Crapton Falcon|109\/331
|
|-damage|p2a: Azumarill|0 fnt|[from] brn
|faint|p2a: Azumarill
|
|switch|p2a: Tyranitar|Tyranitar, M|403\/403
|-damage|p2a: Tyranitar|353\/403|[from] Stealth Rock
|-weather|Sandstorm
|turn|7
|
|switch|p1a: Giga|Landorus-Therian, M|267\/382
|-ability|p1a: Giga|Intimidate|[of] p2a: Tyranitar
|-unboost|p2a: Tyranitar|atk|1
|move|p2a: Tyranitar|Stealth Rock|p1a: Giga
|-sidestart|p1: Silverbacks|move: Stealth Rock
|
|-weather|Sandstorm|[upkeep]
|turn|8
|
|move|p1a: Giga|Earthquake|p2a: Tyranitar
|-supereffective|p2a: Tyranitar
|-damage|p2a: Tyranitar|119\/403
|move|p2a: Tyranitar|Ice Beam|p1a: Giga
|-supereffective|p1a: Giga
|-damage|p1a: Giga|0 fnt
|faint|p1a: Giga
|
|-weather|Sandstorm|[upkeep]
|
|switch|p1a: Raigar|Latios, M|302\/302
|-damage|p1a: Raigar|265\/302|[from] Stealth Rock
|turn|9
|c|âSilverbacks|crap
|c|âSilverbacks|i messed up bad
|c|âxander5|this is silverback no?
|
|switch|p2a: Magnezone|Magnezone|282\/282
|-damage|p2a: Magnezone|265\/282|[from] Stealth Rock
|move|p1a: Raigar|Hidden Power|p2a: Magnezone
|-supereffective|p2a: Magnezone
|-damage|p2a: Magnezone|60\/282
|-damage|p1a: Raigar|235\/302|[from] item: Life Orb
|
|-weather|Sandstorm|[upkeep]
|-damage|p1a: Raigar|217\/302|[from] sandstorm
|turn|10
|c|âSilverbacks|XD
|c|âSilverbacks|yeah
|c|âSilverbacks|i mean my name is silverbacks
|c|âxander5|hp fighting o.o
|
|move|p2a: Magnezone|Flash Cannon|p1a: Raigar
|-damage|p1a: Raigar|91\/302
|move|p1a: Raigar|Hidden Power|p2a: Magnezone
|-supereffective|p2a: Magnezone
|-damage|p2a: Magnezone|0 fnt
|-damage|p1a: Raigar|61\/302|[from] item: Life Orb
|faint|p2a: Magnezone
|
|-weather|Sandstorm|[upkeep]
|-damage|p1a: Raigar|43\/302|[from] sandstorm
|
|switch|p2a: Excadrill|Excadrill, F|362\/362
|-damage|p2a: Excadrill|351\/362|[from] Stealth Rock
|turn|11
|
|move|p2a: Excadrill|Iron Head|p1a: Raigar
|-damage|p1a: Raigar|0 fnt
|-damage|p2a: Excadrill|315\/362|[from] item: Life Orb
|faint|p1a: Raigar
|
|-weather|Sandstorm|[upkeep]
|
|switch|p1a: Bud|Azumarill, M|404\/404
|-damage|p1a: Bud|354\/404|[from] Stealth Rock
|turn|12
|join|LT5A MattyBrollic
|
|switch|p2a: Latias|Latias, F|319\/319
|-damage|p2a: Latias|280\/319|[from] Stealth Rock
|move|p1a: Bud|Waterfall|p2a: Latias
|-crit|p2a: Latias
|-resisted|p2a: Latias
|-damage|p2a: Latias|147\/319
|
|-weather|Sandstorm|[upkeep]
|-damage|p2a: Latias|128\/319|[from] sandstorm
|-damage|p1a: Bud|329\/404|[from] sandstorm
|turn|13
|
|switch|p1a: Crapton Falcon|Talonflame, M|109\/331
|-damage|p1a: Crapton Falcon|0 fnt|[from] Stealth Rock
|faint|p1a: Crapton Falcon
|move|p2a: Latias|Psyshock|p1: Crapton Falcon|[notarget]
|-notarget
|
|-weather|Sandstorm|[upkeep]
|-damage|p2a: Latias|109\/319|[from] sandstorm
|
|switch|p1a: Lizardon|Tyranitar, F|342\/342
|-damage|p1a: Lizardon|300\/342|[from] Stealth Rock
|turn|14
|
|detailschange|p1a: Lizardon|Tyranitar-Mega, F
|message|Tyranitar has Mega Evolved into Mega Tyranitar!
|move|p2a: Latias|Hidden Power|p1a: Lizardon
|-supereffective|p1a: Lizardon
|-damage|p1a: Lizardon|113\/342
|-damage|p2a: Latias|78\/319|[from] item: Life Orb
|move|p1a: Lizardon|Dragon Dance|p1a: Lizardon
|-boost|p1a: Lizardon|atk|1
|-boost|p1a: Lizardon|spe|1
|
|-weather|none
|turn|15
|c|âSilverbacks|hp fighting O-O
|c|âxander5|hehe
|
|switch|p2a: Tyranitar|Tyranitar, M|119\/403
|-damage|p2a: Tyranitar|69\/403|[from] Stealth Rock
|-weather|Sandstorm
|move|p1a: Lizardon|Crunch|p2a: Tyranitar
|-resisted|p2a: Tyranitar
|-damage|p2a: Tyranitar|0 fnt
|faint|p2a: Tyranitar
|
|-weather|Sandstorm|[upkeep]
|
|switch|p2a: Excadrill|Excadrill, F|315\/362
|-damage|p2a: Excadrill|304\/362|[from] Stealth Rock
|turn|16
|c|âSilverbacks|gg
|c|âSilverbacks|did not expect that
|c|âSilverbacks|tbh
|
|move|p2a: Excadrill|Iron Head|p1a: Lizardon
|-crit|p1a: Lizardon
|-supereffective|p1a: Lizardon
|-damage|p1a: Lizardon|0 fnt
|-damage|p2a: Excadrill|268\/362|[from] item: Life Orb
|faint|p1a: Lizardon
|
|-weather|Sandstorm|[upkeep]
|c|âxander5|did u run hp fighting as well?
|c|âSilverbacks|yep
|
|switch|p1a: Puck|Celebi|404\/404
|-damage|p1a: Puck|354\/404|[from] Stealth Rock
|turn|17
|
|switch|p2a: Latias|Latias, F|78\/319
|-damage|p2a: Latias|39\/319|[from] Stealth Rock
|move|p1a: Puck|Giga Drain|p2a: Latias
|-resisted|p2a: Latias
|-damage|p2a: Latias|6\/319
|-heal|p1a: Puck|371\/404|[from] drain|[of] p2a: Latias
|
|-weather|Sandstorm|[upkeep]
|-damage|p2a: Latias|0 fnt|[from] sandstorm
|-damage|p1a: Puck|346\/404|[from] sandstorm
|-heal|p1a: Puck|371\/404|[from] item: Leftovers
|faint|p2a: Latias
|c|âxander5|ya ive been running it on my lati's for a long ass time
|
|switch|p2a: Pinsir|Pinsir, M|271\/271
|-damage|p2a: Pinsir|204\/271|[from] Stealth Rock
|turn|18
|c|âSilverbacks|well that won it for yah
|c|âxander5|ran it pre-deo ban
|c|âxander5|and got to like 1900
|c|âxander5|you might remember me
|
|detailschange|p2a: Pinsir|Pinsir-Mega, M
|message|Pinsir has Mega Evolved into Mega Pinsir!
|move|p2a: Pinsir|Frustration|p1a: Puck
|-supereffective|p1a: Puck
|-damage|p1a: Puck|0 fnt
|faint|p1a: Puck
|
|-weather|Sandstorm|[upkeep]
|-damage|p2a: Pinsir|188\/271|[from] sandstorm
|
|switch|p1a: Bud|Azumarill, M|329\/404
|-damage|p1a: Bud|279\/404|[from] Stealth Rock
|turn|19
|c|âSilverbacks|chances of living that and sand
|c|âSilverbacks|and then killing next turn
|c|âSilverbacks|with aquajet
|
|move|p2a: Pinsir|Frustration|p1a: Bud
|-damage|p1a: Bud|0 fnt
|faint|p1a: Bud
|
|win|xander5
|raw|Ladder updating...
|raw|Silverbacks's rating: 1689 &rarr; <strong>1667<\/strong><br \/>(-22 for losing)
|raw|xander5's rating: 1657 &rarr; <strong>1679<\/strong><br \/>(+22 for winning)
|c|âSilverbacks|zero
|c|âSilverbacks|XD
|c|âxander5|haha
|c|âxander5|but ya
|c|âxander5|when me and my friend JNGA
|c|âxander5|first started out
|c|âxander5|he stole your dug team
|c|âxander5|and made it really far....
|c|âSilverbacks|yeah XD
|leave|LT5A MattyBrollic
|c|âxander5|but since, we've been making our own and getting still around top 20ish
|c|âxander5|xD