|join|Silverbacks
|join|Murkrow Saturn
|player|p1|Silverbacks|106
|player|p2|Murkrow Saturn|61
|gametype|singles
|gen|6
|tier|OU
|clearpoke
|poke|p1|Tyranitar, F
|poke|p1|Landorus-Therian, M
|poke|p1|Latios, M
|poke|p1|Celebi
|poke|p1|Talonflame, M
|poke|p1|Azumarill, M
|poke|p2|Dragonite, M, shiny
|poke|p2|Jirachi
|poke|p2|Klefki, F
|poke|p2|Starmie
|poke|p2|Landorus, M
|poke|p2|Tyranitar, M, shiny
|rule|Swagger Clause: Swagger is banned
|rule|Baton Pass Clause: Limit one PokÃ©mon knowing Baton Pass
|rule|Sleep Clause Mod: Limit one foe put to sleep
|rule|Species Clause: Limit one of each PokÃ©mon
|rule|OHKO Clause: OHKO moves are banned
|rule|Moody Clause: Moody is banned
|rule|Evasion Moves Clause: Evasion moves are banned
|rule|Endless Battle Clause: Forcing endless battles is banned
|rule|HP Percentage Mod: HP is shown in percentages
|teampreview
|c|âSilverbacks|have you played awakening Murk
|c|âSilverbacks|fire emblem
|c|âMurkrow Saturn|naws
|c|âMurkrow Saturn|but i've heard it's gud
|
|start
|switch|p1a: Giga|Landorus-Therian, M|382\/382
|switch|p2a: Willie Nelson|Landorus, M|319\/319
|-ability|p1a: Giga|Intimidate|[of] p2a: Willie Nelson
|-unboost|p2a: Willie Nelson|atk|1
|turn|1
|c|âSilverbacks|yep
|
|switch|p1a: Raigar|Latios, M|302\/302
|move|p2a: Willie Nelson|Hidden Power|p1a: Raigar
|-supereffective|p1a: Raigar
|-damage|p1a: Raigar|138\/302
|-damage|p2a: Willie Nelson|288\/319|[from] item: Life Orb
|
|turn|2
|
|switch|p1a: Bud|Azumarill, M|404\/404
|switch|p2a: Lady Gaga|Jirachi|403\/403
|
|turn|3
|
|move|p2a: Lady Gaga|Body Slam|p1a: Bud
|-damage|p1a: Bud|330\/404
|-status|p1a: Bud|par
|move|p1a: Bud|Waterfall|p2a: Lady Gaga
|-damage|p2a: Lady Gaga|234\/403
|
|-heal|p2a: Lady Gaga|259\/403|[from] item: Leftovers
|turn|4
|
|switch|p1a: Giga|Landorus-Therian, M|382\/382
|-ability|p1a: Giga|Intimidate|[of] p2a: Lady Gaga
|-unboost|p2a: Lady Gaga|atk|1
|move|p2a: Lady Gaga|U-turn|p1a: Giga
|-resisted|p1a: Giga
|-damage|p1a: Giga|367\/382
|
|switch|p2a: Willie Nelson|Landorus, M|288\/319
|
|-heal|p1a: Giga|382\/382|[from] item: Leftovers
|turn|5
|
|switch|p1a: Puck|Celebi|404\/404
|move|p2a: Willie Nelson|Hidden Power|p1a: Puck
|-supereffective|p1a: Puck
|-damage|p1a: Puck|277\/404
|-damage|p2a: Willie Nelson|257\/319|[from] item: Life Orb
|
|-heal|p1a: Puck|302\/404|[from] item: Leftovers
|turn|6
|
|switch|p1a: Giga|Landorus-Therian, M|382\/382
|-ability|p1a: Giga|Intimidate|[of] p2a: Willie Nelson
|-unboost|p2a: Willie Nelson|atk|1
|move|p2a: Willie Nelson|Knock Off|p1a: Giga
|-damage|p1a: Giga|321\/382
|-enditem|p1a: Giga|Leftovers|[from] move: Knock Off|[of] p2a: Willie Nelson
|-damage|p2a: Willie Nelson|226\/319|[from] item: Life Orb
|
|turn|7
|
|switch|p2a: Mar00n 5|Starmie|261\/261
|switch|p1a: Bud|Azumarill, M|330\/404 par
|
|turn|8
|
|move|p2a: Mar00n 5|Thunderbolt|p1a: Bud
|-supereffective|p1a: Bud
|-damage|p1a: Bud|151\/404 par
|-damage|p2a: Mar00n 5|235\/261|[from] item: Life Orb
|move|p1a: Bud|Play Rough|p2a: Mar00n 5
|-damage|p2a: Mar00n 5|0 fnt
|faint|p2a: Mar00n 5
|
|
|switch|p2a: Lady Gaga|Jirachi|259\/403
|turn|9
|
|move|p2a: Lady Gaga|U-turn|p1a: Bud
|-resisted|p1a: Bud
|-damage|p1a: Bud|116\/404 par
|
|switch|p2a: Alicia Keys|Klefki, F|318\/318
|move|p1a: Bud|Waterfall|p2a: Alicia Keys
|-crit|p2a: Alicia Keys
|-damage|p2a: Alicia Keys|131\/318
|
|turn|10
|
|move|p2a: Alicia Keys|Reflect|p2a: Alicia Keys
|-sidestart|p2: Murkrow Saturn|Reflect
|move|p1a: Bud|Waterfall|p2a: Alicia Keys
|-damage|p2a: Alicia Keys|67\/318
|
|turn|11
|
|switch|p1a: Raigar|Latios, M|138\/302
|move|p2a: Alicia Keys|Spikes|p1a: Raigar
|-sidestart|p1: Silverbacks|Spikes
|
|turn|12
|
|move|p2a: Alicia Keys|Thunder Wave|p1a: Raigar
|-status|p1a: Raigar|par
|move|p1a: Raigar|Defog|p2a: Alicia Keys
|-unboost|p2a: Alicia Keys|evasion|1
|-sideend|p2: Murkrow Saturn|Reflect
|-sideend|p2: Murkrow Saturn|Reflect|[from] move: Defog|[of] p2a: Alicia Keys
|-sideend|p1: Silverbacks|Spikes|[from] move: Defog|[of] p1a: Raigar
|
|turn|13
|
|move|p2a: Alicia Keys|Reflect|p2a: Alicia Keys
|-sidestart|p2: Murkrow Saturn|Reflect
|move|p1a: Raigar|Psyshock|p2a: Alicia Keys
|-resisted|p2a: Alicia Keys
|-damage|p2a: Alicia Keys|0 fnt
|-damage|p1a: Raigar|108\/302 par|[from] item: Life Orb
|faint|p2a: Alicia Keys
|
|
|switch|p2a: Lady Gaga|Jirachi|259\/403
|turn|14
|
|move|p2a: Lady Gaga|Stealth Rock|p1a: Raigar
|-sidestart|p1: Silverbacks|move: Stealth Rock
|move|p1a: Raigar|Defog|p2a: Lady Gaga
|-unboost|p2a: Lady Gaga|evasion|1
|-sideend|p2: Murkrow Saturn|Reflect
|-sideend|p2: Murkrow Saturn|Reflect|[from] move: Defog|[of] p2a: Lady Gaga
|-sideend|p1: Silverbacks|Stealth Rock|[from] move: Defog|[of] p1a: Raigar
|
|-heal|p2a: Lady Gaga|284\/403|[from] item: Leftovers
|turn|15
|
|switch|p1a: Lizardon|Tyranitar, F|342\/342
|-weather|Sandstorm
|move|p2a: Lady Gaga|Stealth Rock|p1a: Lizardon
|-sidestart|p1: Silverbacks|move: Stealth Rock
|
|-weather|Sandstorm|[upkeep]
|-heal|p2a: Lady Gaga|309\/403|[from] item: Leftovers
|turn|16
|
|detailschange|p1a: Lizardon|Tyranitar-Mega, F
|message|Tyranitar has Mega Evolved into Mega Tyranitar!
|move|p2a: Lady Gaga|Body Slam|p1a: Lizardon
|-resisted|p1a: Lizardon
|-damage|p1a: Lizardon|319\/342
|-status|p1a: Lizardon|par
|move|p1a: Lizardon|Dragon Dance|p1a: Lizardon
|-boost|p1a: Lizardon|atk|1
|-boost|p1a: Lizardon|spe|1
|
|-weather|Sandstorm|[upkeep]
|-heal|p2a: Lady Gaga|334\/403|[from] item: Leftovers
|turn|17
|c|âSilverbacks|noo
|c|âSilverbacks|XD
|c|âMurkrow Saturn|haha
|c|âMurkrow Saturn|sorry
|c|âMurkrow Saturn|XD
|c|âSilverbacks|its k
|
|move|p2a: Lady Gaga|Iron Head|p1a: Lizardon
|-supereffective|p1a: Lizardon
|-damage|p1a: Lizardon|187\/342 par
|cant|p1a: Lizardon|par
|
|-weather|Sandstorm|[upkeep]
|-heal|p2a: Lady Gaga|359\/403|[from] item: Leftovers
|turn|18
|join|MoB Barley
|
|move|p2a: Lady Gaga|Iron Head|p1a: Lizardon
|-supereffective|p1a: Lizardon
|-damage|p1a: Lizardon|53\/342 par
|cant|p1a: Lizardon|flinch
|
|-weather|Sandstorm|[upkeep]
|-heal|p2a: Lady Gaga|384\/403|[from] item: Leftovers
|turn|19
|
|move|p2a: Lady Gaga|U-turn|p1a: Lizardon
|-supereffective|p1a: Lizardon
|-damage|p1a: Lizardon|0 fnt
|faint|p1a: Lizardon
|c| MoB Barley|use stone crunch eq\/ice
|c|âSilverbacks|yeah
|c| MoB Barley|stabs are both important
|c|âSilverbacks|just got parad
|
|switch|p2a: Willie Nelson|Landorus, M|226\/319
|
|-weather|none
|
|switch|p1a: Bud|Azumarill, M|116\/404 par
|-damage|p1a: Bud|66\/404 par|[from] Stealth Rock
|turn|20
|c| MoB Barley|fire punch
|c| MoB Barley|is good also
|
|switch|p2a: Lady Gaga|Jirachi|384\/403
|move|p1a: Bud|Aqua Jet|p2a: Lady Gaga
|-damage|p2a: Lady Gaga|302\/403
|
|-heal|p2a: Lady Gaga|327\/403|[from] item: Leftovers
|turn|21
|c| MoB Barley|in last slot
|c| MoB Barley|is it lagging for you
|c|âSilverbacks|no
|c|âMurkrow Saturn|ah
|c|âSilverbacks|this darn thing
|c| MoB Barley|wierd
|c|âMurkrow Saturn|nb
|c|âSilverbacks|paralized everything
|
|move|p2a: Lady Gaga|Iron Head|p1a: Bud
|-damage|p1a: Bud|0 fnt
|faint|p1a: Bud
|
|-heal|p2a: Lady Gaga|352\/403|[from] item: Leftovers
|
|switch|p1a: Giga|Landorus-Therian, M|321\/382
|-damage|p1a: Giga|274\/382|[from] Stealth Rock
|-ability|p1a: Giga|Intimidate|[of] p2a: Lady Gaga
|-unboost|p2a: Lady Gaga|atk|1
|turn|22
|
|switch|p2a: Willie Nelson|Landorus, M|226\/319
|move|p1a: Giga|Stealth Rock|p2a: Willie Nelson
|-sidestart|p2: Murkrow Saturn|move: Stealth Rock
|
|turn|23
|
|switch|p1a: Raigar|Latios, M|108\/302 par
|-damage|p1a: Raigar|71\/302 par|[from] Stealth Rock
|move|p2a: Willie Nelson|Hidden Power|p1a: Raigar
|-supereffective|p1a: Raigar
|-damage|p1a: Raigar|0 fnt
|-damage|p2a: Willie Nelson|195\/319|[from] item: Life Orb
|faint|p1a: Raigar
|
|
|switch|p1a: Crapton Falcon|Talonflame, M|331\/331
|-damage|p1a: Crapton Falcon|166\/331|[from] Stealth Rock
|turn|24
|join|Ol'DirtyHabastard
|c| Ol'DirtyHabastard|goosh goosh
|c| Ol'DirtyHabastard|goosh goosh
|c|âSilverbacks|STAHP
|c| Ol'DirtyHabastard|goosh?
|c|âMurkrow Saturn|haba
|c|âMurkrow Saturn|pls
|c|âMurkrow Saturn|control
|c|âMurkrow Saturn|urself
|c| Ol'DirtyHabastard|but moooom ;-;
|c| Ol'DirtyHabastard|she started it
|
|move|p1a: Crapton Falcon|Swords Dance|p1a: Crapton Falcon
|-boost|p1a: Crapton Falcon|atk|2
|move|p2a: Willie Nelson|Knock Off|p1a: Crapton Falcon
|-damage|p1a: Crapton Falcon|58\/331
|-damage|p2a: Willie Nelson|164\/319|[from] item: Life Orb
|
|turn|25
|c|âSilverbacks|Haba why would you show me something about rape
|
|move|p1a: Crapton Falcon|Acrobatics|p2a: Willie Nelson
|-damage|p2a: Willie Nelson|0 fnt
|faint|p2a: Willie Nelson
|
|c| Ol'DirtyHabastard|its not rape
|c| Ol'DirtyHabastard|its just very fierce love making
|c| MoB Barley|lol
|c|âMurkrow Saturn|if you keep at it haba i will get you banned
|c| MoB Barley|thats such a wierd video
|c| MoB Barley|cant believe on youtube
|c|âMurkrow Saturn|i swear to god
|c| Ol'DirtyHabastard|murk why?
|c|âMurkrow Saturn|i've always liked you
|c| Ol'DirtyHabastard|wat did i do?
|c| MoB Barley|theres a line tbh
|c| MoB Barley|thats like wierd
|c|âMurkrow Saturn|but
|c|âSilverbacks|that is tramitizing
|c|âMurkrow Saturn|you can't be crazy like that
|c| Ol'DirtyHabastard|ok :[
|c|âMurkrow Saturn|to a lady
|
|switch|p2a: Dragonforce|Dragonite, M, shiny|343\/343
|-damage|p2a: Dragonforce|258\/343|[from] Stealth Rock
|turn|26
|
|move|p2a: Dragonforce|Extreme Speed|p1a: Crapton Falcon
|-damage|p1a: Crapton Falcon|0 fnt
|faint|p1a: Crapton Falcon
|
|
|switch|p1a: Giga|Landorus-Therian, M|274\/382
|-damage|p1a: Giga|227\/382|[from] Stealth Rock
|-ability|p1a: Giga|Intimidate|[of] p2a: Dragonforce
|-unboost|p2a: Dragonforce|atk|1
|turn|27
|
|switch|p2a: Lady Gaga|Jirachi|352\/403
|-damage|p2a: Lady Gaga|327\/403|[from] Stealth Rock
|move|p1a: Giga|Knock Off|p2a: Lady Gaga
|-supereffective|p2a: Lady Gaga
|-damage|p2a: Lady Gaga|123\/403
|-enditem|p2a: Lady Gaga|Leftovers|[from] move: Knock Off|[of] p1a: Giga
|
|turn|28
|
|move|p2a: Lady Gaga|Body Slam|p1a: Giga
|-damage|p1a: Giga|170\/382
|-status|p1a: Giga|par
|move|p1a: Giga|Earthquake|p2a: Lady Gaga
|-supereffective|p2a: Lady Gaga
|-damage|p2a: Lady Gaga|0 fnt
|faint|p2a: Lady Gaga
|
|c| Ol'DirtyHabastard|silverbacks i didnt mean to offend u, ur nice. back in my country ud be worth three of my fathers best goats
|
|switch|p2a: Dragonforce|Dragonite, M, shiny|258\/343
|-damage|p2a: Dragonforce|173\/343|[from] Stealth Rock
|turn|29
|c| Ol'DirtyHabastard|thts a really high price
|
|move|p2a: Dragonforce|Dragon Claw|p1a: Giga
|-damage|p1a: Giga|0 fnt
|faint|p1a: Giga
|
|c|âSilverbacks|gg Murk
|
|switch|p1a: Puck|Celebi|302\/404
|-damage|p1a: Puck|252\/404|[from] Stealth Rock
|turn|30
|c|âMurkrow Saturn|gg
|
|move|p1a: Puck|Recover|p1a: Puck
|-heal|p1a: Puck|404\/404
|move|p2a: Dragonforce|Dragon Claw|p1a: Puck
|-damage|p1a: Puck|172\/404
|
|-heal|p1a: Puck|197\/404|[from] item: Leftovers
|turn|31
|c| Ol'DirtyHabastard| i came for free with a purchase of a concubine
|
|move|p1a: Puck|Psychic|p2a: Dragonforce
|-damage|p2a: Dragonforce|71\/343
|move|p2a: Dragonforce|Dragon Claw|p1a: Puck
|-damage|p1a: Puck|0 fnt
|faint|p1a: Puck
|
|win|Murkrow Saturn
|c|âMurkrow Saturn|haba
|c|âMurkrow Saturn|i'm dead serious
|c| Ol'DirtyHabastard|hm?
|leave|Silverbacks
|player|p1
|c| Ol'DirtyHabastard|oh
|c|âMurkrow Saturn|don't fucking say shit
|c|âMurkrow Saturn|i swear to fucking god
|join|Red Eye ZaZa
|leave|Ol'DirtyHabastard
|leave|Red Eye ZaZa
|join|Red Eye ZaZa
|leave|Red Eye ZaZa
|leave|MoB Barley