|join|Silverbacks
|join|BChen
|player|p1|Silverbacks|106
|player|p2|BChen|238
|gametype|singles
|gen|6
|tier|OU
|clearpoke
|poke|p1|Metagross
|poke|p1|Keldeo
|poke|p1|Landorus-Therian, M
|poke|p1|Clefable, F
|poke|p1|Ferrothorn, F
|poke|p1|Slowbro, F
|poke|p2|Tyranitar, M
|poke|p2|Chansey, F
|poke|p2|Landorus-Therian, M
|poke|p2|Raikou
|poke|p2|Mandibuzz, F
|poke|p2|Heracross, M
|rule|Swagger Clause: Swagger is banned
|rule|Baton Pass Clause: Limit one PokÃ©mon knowing Baton Pass
|rule|Sleep Clause Mod: Limit one foe put to sleep
|rule|Species Clause: Limit one of each PokÃ©mon
|rule|OHKO Clause: OHKO moves are banned
|rule|Moody Clause: Moody is banned
|rule|Evasion Moves Clause: Evasion moves are banned
|rule|Endless Battle Clause: Forcing endless battles is banned
|rule|HP Percentage Mod: HP is shown in percentages
|teampreview
Silverbacks made this room hidden.
|c|âBChen|tks
|
|start
|switch|p1a: Xan|Landorus-Therian, M|320\/320
|switch|p2a: Raikou|Raikou|322\/322
|-ability|p1a: Xan|Intimidate|[of] p2a: Raikou
|-unboost|p2a: Raikou|atk|1
|-ability|p2a: Raikou|Pressure
|turn|1
|c|âBChen|?
|c|âBChen|???
|c|âBChen|lag?
|
|switch|p2a: Landorus-Therian|Landorus-Therian, M|382\/382
|-ability|p2a: Landorus-Therian|Intimidate|[of] p1a: Xan
|-unboost|p1a: Xan|atk|1
|move|p1a: Xan|U-turn|p2a: Landorus-Therian
|-resisted|p2a: Landorus-Therian
|-damage|p2a: Landorus-Therian|349\/382
|
|switch|p1a: Twilight|Keldeo|324\/324
|
|-heal|p2a: Landorus-Therian|372\/382|[from] item: Leftovers
|turn|2
|
|switch|p2a: Chansey|Chansey, F|704\/704
|move|p1a: Twilight|Scald|p2a: Chansey
|-damage|p2a: Chansey|608\/704
|-status|p2a: Chansey|brn
|
|-damage|p2a: Chansey|520\/704 brn|[from] brn
|turn|3
|
|switch|p1a: Hugz|Ferrothorn, F|352\/352
|move|p2a: Chansey|Wish|p2a: Chansey
|
|-damage|p2a: Chansey|432\/704 brn|[from] brn
|turn|4
|
|switch|p2a: Heracross|Heracross, M|301\/301
|move|p1a: Hugz|Stealth Rock|p2a: Heracross
|-sidestart|p2: BChen|move: Stealth Rock
|
|turn|5
|
|switch|p1a: Xan|Landorus-Therian, M|320\/320
|-ability|p1a: Xan|Intimidate|[of] p2a: Heracross
|-unboost|p2a: Heracross|atk|1
|detailschange|p2a: Heracross|Heracross-Mega, M
|-mega|p2a: Heracross|Heracross|Heracronite
|move|p2a: Heracross|Close Combat|p1a: Xan
|-resisted|p1a: Xan
|-damage|p1a: Xan|210\/320
|-unboost|p2a: Heracross|def|1
|-unboost|p2a: Heracross|spd|1
|
|turn|6
|
|move|p1a: Xan|U-turn|p2a: Heracross
|-resisted|p2a: Heracross
|-damage|p2a: Heracross|237\/301
|
|switch|p1a: Hugz|Ferrothorn, F|352\/352
|move|p2a: Heracross|Bullet Seed|p1a: Hugz
|-resisted|p1a: Hugz
|-damage|p1a: Hugz|347\/352
|-resisted|p1a: Hugz
|-damage|p1a: Hugz|342\/352
|-resisted|p1a: Hugz
|-damage|p1a: Hugz|338\/352
|-resisted|p1a: Hugz
|-damage|p1a: Hugz|334\/352
|-resisted|p1a: Hugz
|-damage|p1a: Hugz|329\/352
|-hitcount|p1a: Hugz|5
|
|-heal|p1a: Hugz|351\/352|[from] item: Leftovers
|turn|7
|
|switch|p2a: Chansey|Chansey, F|432\/704
|-damage|p2a: Chansey|344\/704|[from] Stealth Rock
|switch|p1a: The slowest|Slowbro, F|394\/394
|
|turn|8
|
|switch|p1a: Meta knight|Metagross|301\/301
|move|p2a: Chansey|Soft-Boiled|p2a: Chansey
|-heal|p2a: Chansey|696\/704
|
|turn|9
|
|switch|p2a: Mandibuzz|Mandibuzz, F|424\/424
|-damage|p2a: Mandibuzz|318\/424|[from] Stealth Rock
|detailschange|p1a: Meta knight|Metagross-Mega
|-mega|p1a: Meta knight|Metagross|Metagrossite
|move|p1a: Meta knight|Meteor Mash|p2a: Mandibuzz
|-damage|p2a: Mandibuzz|147\/424
|
|-heal|p2a: Mandibuzz|173\/424|[from] item: Leftovers
|turn|10
|
|switch|p1a: Twixie|Clefable, F|394\/394
|move|p2a: Mandibuzz|Roost|p2a: Mandibuzz
|-heal|p2a: Mandibuzz|385\/424
|
|-heal|p2a: Mandibuzz|411\/424|[from] item: Leftovers
|turn|11
|
|move|p2a: Mandibuzz|Taunt|p1a: Twixie
|-start|p1a: Twixie|move: Taunt
|move|p1a: Twixie|Moonblast|p2a: Mandibuzz
|-supereffective|p2a: Mandibuzz
|-damage|p2a: Mandibuzz|171\/424
|-unboost|p2a: Mandibuzz|spa|1
|
|-heal|p2a: Mandibuzz|197\/424|[from] item: Leftovers
|turn|12
|
|switch|p2a: Chansey|Chansey, F|696\/704
|-damage|p2a: Chansey|608\/704|[from] Stealth Rock
|move|p1a: Twixie|Moonblast|p2a: Chansey
|-damage|p2a: Chansey|533\/704
|-unboost|p2a: Chansey|spa|1
|
|turn|13
|
|switch|p1a: Meta knight|Metagross-Mega|301\/301
|move|p2a: Chansey|Wish|p2a: Chansey
|
|turn|14
|
|switch|p2a: Landorus-Therian|Landorus-Therian, M|372\/382
|-damage|p2a: Landorus-Therian|325\/382|[from] Stealth Rock
|-ability|p2a: Landorus-Therian|Intimidate|[of] p1a: Meta knight
|-unboost|p1a: Meta knight|atk|1
|move|p1a: Meta knight|Meteor Mash|p2a: Landorus-Therian|[miss]
|-miss|p1a: Meta knight|p2a: Landorus-Therian
|
|-heal|p2a: Landorus-Therian|382\/382|[from] move: Wish|[wisher] Chansey
|turn|15
|
|switch|p1a: Xan|Landorus-Therian, M|210\/320
|-ability|p1a: Xan|Intimidate|[of] p2a: Landorus-Therian
|-unboost|p2a: Landorus-Therian|atk|1
|move|p2a: Landorus-Therian|U-turn|p1a: Xan
|-resisted|p1a: Xan
|-damage|p1a: Xan|175\/320
|
|switch|p2a: Heracross|Heracross-Mega, M|237\/301
|-damage|p2a: Heracross|200\/301|[from] Stealth Rock
|
|turn|16
|
|move|p1a: Xan|U-turn|p2a: Heracross
|-resisted|p2a: Heracross
|-damage|p2a: Heracross|160\/301
|
|switch|p1a: Hugz|Ferrothorn, F|351\/352
|move|p2a: Heracross|Close Combat|p1a: Hugz
|-supereffective|p1a: Hugz
|-damage|p1a: Hugz|0 fnt
|-damage|p2a: Heracross|123\/301|[from] ability: Iron Barbs|[of] p1a: Hugz
|-unboost|p2a: Heracross|def|1
|-unboost|p2a: Heracross|spd|1
|faint|p1a: Hugz
|
|
|switch|p1a: Meta knight|Metagross-Mega|301\/301
|turn|17
|
|switch|p2a: Landorus-Therian|Landorus-Therian, M|382\/382
|-damage|p2a: Landorus-Therian|335\/382|[from] Stealth Rock
|-ability|p2a: Landorus-Therian|Intimidate|[of] p1a: Meta knight
|-unboost|p1a: Meta knight|atk|1
|move|p1a: Meta knight|Meteor Mash|p2a: Landorus-Therian
|-damage|p2a: Landorus-Therian|169\/382
|
|-heal|p2a: Landorus-Therian|192\/382|[from] item: Leftovers
|turn|18
|
|switch|p1a: Xan|Landorus-Therian, M|175\/320
|-ability|p1a: Xan|Intimidate|[of] p2a: Landorus-Therian
|-unboost|p2a: Landorus-Therian|atk|1
|move|p2a: Landorus-Therian|U-turn|p1a: Xan
|-resisted|p1a: Xan
|-damage|p1a: Xan|136\/320
|
|switch|p2a: Raikou|Raikou|322\/322
|-damage|p2a: Raikou|282\/322|[from] Stealth Rock
|-ability|p2a: Raikou|Pressure
|
|turn|19
|
|switch|p1a: Twixie|Clefable, F|394\/394
|move|p2a: Raikou|Hidden Power|p1a: Twixie
|-damage|p1a: Twixie|339\/394
|
|-heal|p1a: Twixie|363\/394|[from] item: Leftovers
|turn|20
|
|move|p2a: Raikou|Volt Switch|p1a: Twixie
|-damage|p1a: Twixie|264\/394
|
|switch|p2a: Chansey|Chansey, F|533\/704
|-damage|p2a: Chansey|445\/704|[from] Stealth Rock
|move|p1a: Twixie|Calm Mind|p1a: Twixie
|-boost|p1a: Twixie|spa|1
|-boost|p1a: Twixie|spd|1
|
|-heal|p1a: Twixie|288\/394|[from] item: Leftovers
|turn|21
|
|move|p1a: Twixie|Calm Mind|p1a: Twixie
|-boost|p1a: Twixie|spa|1
|-boost|p1a: Twixie|spd|1
|move|p2a: Chansey|Wish|p2a: Chansey
|
|-heal|p1a: Twixie|312\/394|[from] item: Leftovers
|turn|22
|
|switch|p2a: Mandibuzz|Mandibuzz, F|197\/424
|-damage|p2a: Mandibuzz|91\/424|[from] Stealth Rock
|move|p1a: Twixie|Moonblast|p2a: Mandibuzz
|-supereffective|p2a: Mandibuzz
|-damage|p2a: Mandibuzz|0 fnt
|faint|p2a: Mandibuzz
|
|-heal|p1a: Twixie|336\/394|[from] item: Leftovers
|
|switch|p2a: Tyranitar|Tyranitar, M|403\/403
|-damage|p2a: Tyranitar|353\/403|[from] Stealth Rock
|-weather|Sandstorm
|turn|23
|
|move|p2a: Tyranitar|Stone Edge|p1a: Twixie
|-damage|p1a: Twixie|26\/394
|move|p1a: Twixie|Soft-Boiled|p1a: Twixie
|-heal|p1a: Twixie|223\/394
|
|-weather|Sandstorm|[upkeep]
|-heal|p1a: Twixie|247\/394|[from] item: Leftovers
|turn|24
|c|âSilverbacks|holy crap band
|
|switch|p1a: The slowest|Slowbro, F|394\/394
|move|p2a: Tyranitar|Stone Edge|p1a: The slowest
|-damage|p1a: The slowest|204\/394
|
|-weather|Sandstorm|[upkeep]
|-damage|p1a: The slowest|180\/394|[from] sandstorm
|-heal|p1a: The slowest|204\/394|[from] item: Leftovers
|turn|25
|
|move|p2a: Tyranitar|Stone Edge|p1a: The slowest
|-damage|p1a: The slowest|6\/394
|move|p1a: The slowest|Scald|p2a: Tyranitar
|-supereffective|p2a: Tyranitar
|-damage|p2a: Tyranitar|233\/403
|-status|p2a: Tyranitar|brn
|
|-weather|Sandstorm|[upkeep]
|-damage|p1a: The slowest|0 fnt|[from] sandstorm
|-damage|p2a: Tyranitar|183\/403 brn|[from] brn
|faint|p1a: The slowest
|
|switch|p1a: Meta knight|Metagross-Mega|301\/301
|turn|26
|
|move|p1a: Meta knight|Meteor Mash|p2a: Tyranitar
|-supereffective|p2a: Tyranitar
|-damage|p2a: Tyranitar|0 fnt
|-boost|p1a: Meta knight|atk|1
|faint|p2a: Tyranitar
|
|-weather|Sandstorm|[upkeep]
|
|switch|p2a: Landorus-Therian|Landorus-Therian, M|192\/382
|-damage|p2a: Landorus-Therian|145\/382|[from] Stealth Rock
|-ability|p2a: Landorus-Therian|Intimidate|[of] p1a: Meta knight
|-unboost|p1a: Meta knight|atk|1
|turn|27
|
|move|p1a: Meta knight|Meteor Mash|p2a: Landorus-Therian
|-damage|p2a: Landorus-Therian|0 fnt
|faint|p2a: Landorus-Therian
|
|-weather|none
|c|âSilverbacks|i think this might be gg
|c|âBChen|gg!
|
|switch|p2a: Raikou|Raikou|282\/322
|-damage|p2a: Raikou|242\/322|[from] Stealth Rock
|-ability|p2a: Raikou|Pressure
|turn|28
|-message|BChen forfeited.
|
|win|Silverbacks