|join|Based Neil
|join|Silverbacks
|player|p1|Based Neil|209
|player|p2|Silverbacks|106
|gametype|singles
|gen|6
|tier|OU
|clearpoke
|poke|p1|Hawlucha, M, shiny
|poke|p1|Gengar, M
|poke|p1|Manectric, M, shiny
|poke|p1|Latios, M
|poke|p1|Landorus-Therian, M
|poke|p1|Ferrothorn, M
|poke|p2|Chansey, F
|poke|p2|Sableye, M
|poke|p2|Rhyperior, F
|poke|p2|Skarmory, M
|poke|p2|Gothitelle, M
|poke|p2|Celebi
|rule|Swagger Clause: Swagger is banned
|rule|Baton Pass Clause: Limit one PokÃ©mon knowing Baton Pass
|rule|Sleep Clause Mod: Limit one foe put to sleep
|rule|Species Clause: Limit one of each PokÃ©mon
|rule|OHKO Clause: OHKO moves are banned
|rule|Moody Clause: Moody is banned
|rule|Evasion Moves Clause: Evasion moves are banned
|rule|Endless Battle Clause: Forcing endless battles is banned
|rule|HP Percentage Mod: HP is shown in percentages
|teampreview
|c|âSilverbacks|glhf n_n
|c|âBased Neil|u2
|
|start
|switch|p1a: Latios|Latios, M|301\/301
|switch|p2a: Kuro|Sableye, M|303\/303
|turn|1
|
|detailschange|p2a: Kuro|Sableye-Mega, M
|-mega|p2a: Kuro|Sableye|Sablenite
|move|p2a: Kuro|Calm Mind|p2a: Kuro
|-boost|p2a: Kuro|spa|1
|-boost|p2a: Kuro|spd|1
|move|p1a: Latios|Draco Meteor|p2a: Kuro
|-damage|p2a: Kuro|130\/303
|-unboost|p1a: Latios|spa|2
|-damage|p1a: Latios|271\/301|[from] item: Life Orb
|
|turn|2
|
|switch|p1a: Landorus-Therian|Landorus-Therian, M|382\/382
|-ability|p1a: Landorus-Therian|Intimidate|[of] p2a: Kuro
|-unboost|p2a: Kuro|atk|1
|move|p2a: Kuro|Recover|p2a: Kuro
|-heal|p2a: Kuro|282\/303
|
|turn|3
|c|âSilverbacks|want me to turn timer off
|c|âSilverbacks|its being laggy
|
|move|p1a: Landorus-Therian|U-turn|p2a: Kuro
|-damage|p2a: Kuro|233\/303
|c|âBased Neil|yeah sure. it's lagging hard
|
|switch|p1a: Latios|Latios, M|271\/301
|move|p2a: Kuro|Will-O-Wisp|p1a: Latios
|-status|p1a: Latios|brn
|
|-damage|p1a: Latios|234\/301 brn|[from] brn
|turn|4
|
|switch|p1a: Hawlucha|Hawlucha, M, shiny|296\/296
|move|p2a: Kuro|Recover|p2a: Kuro
|-heal|p2a: Kuro|303\/303
|
|turn|5
|
|switch|p2a: Meta|Skarmory, M|333\/333
|move|p1a: Hawlucha|Substitute|p1a: Hawlucha
|-start|p1a: Hawlucha|Substitute
|-damage|p1a: Hawlucha|222\/296
|
|turn|6
|
|switch|p1a: Landorus-Therian|Landorus-Therian, M|382\/382
|-ability|p1a: Landorus-Therian|Intimidate|[of] p2a: Meta
|-unboost|p2a: Meta|atk|1
|move|p2a: Meta|Spikes|p1a: Landorus-Therian
|-sidestart|p1: Based Neil|Spikes
|
|turn|7
|
|switch|p2a: Kuro|Sableye-Mega, M|303\/303
|move|p1a: Landorus-Therian|U-turn|p2a: Kuro
|-damage|p2a: Kuro|254\/303
|
|switch|p1a: Latios|Latios, M|234\/301 brn
|
|-damage|p1a: Latios|197\/301 brn|[from] brn
|turn|8
|
|switch|p2a: Chex|Chansey, F|703\/703
|move|p1a: Latios|Draco Meteor|p2a: Chex
|-damage|p2a: Chex|516\/703
|-unboost|p1a: Latios|spa|2
|-damage|p1a: Latios|167\/301 brn|[from] item: Life Orb
|
|-damage|p1a: Latios|130\/301 brn|[from] brn
|turn|9
|
|move|p1a: Latios|Roost|p1a: Latios
|-heal|p1a: Latios|281\/301 brn
|move|p2a: Chex|Wish|p2a: Chex
|
|-damage|p1a: Latios|244\/301 brn|[from] brn
|turn|10
|
|switch|p1a: Landorus-Therian|Landorus-Therian, M|382\/382
|-ability|p1a: Landorus-Therian|Intimidate|[of] p2a: Chex
|-unboost|p2a: Chex|atk|1
|move|p2a: Chex|Seismic Toss|p1a: Landorus-Therian
|-damage|p1a: Landorus-Therian|282\/382
|
|-heal|p2a: Chex|703\/703|[from] move: Wish|[wisher] Chex
|-heal|p1a: Landorus-Therian|305\/382|[from] item: Leftovers
|turn|11
|
|switch|p2a: Kuro|Sableye-Mega, M|254\/303
|move|p1a: Landorus-Therian|Earthquake|p2a: Kuro
|-damage|p2a: Kuro|148\/303
|
|-heal|p1a: Landorus-Therian|328\/382|[from] item: Leftovers
|turn|12
|
|move|p1a: Landorus-Therian|Earthquake|p2a: Kuro
|-damage|p2a: Kuro|48\/303
|move|p2a: Kuro|Recover|p2a: Kuro
|-heal|p2a: Kuro|200\/303
|
|-heal|p1a: Landorus-Therian|351\/382|[from] item: Leftovers
|turn|13
|
|move|p1a: Landorus-Therian|U-turn|p2a: Kuro
|-damage|p2a: Kuro|154\/303
|
|switch|p1a: Latios|Latios, M|244\/301 brn
|move|p2a: Kuro|Recover|p2a: Kuro
|-heal|p2a: Kuro|303\/303
|
|-damage|p1a: Latios|207\/301 brn|[from] brn
|turn|14
|
|switch|p1a: Hawlucha|Hawlucha, M, shiny|222\/296
|switch|p2a: Chex|Chansey, F|703\/703
|
|turn|15
|
|switch|p1a: Manectric|Manectric, M, shiny|281\/281
|-damage|p1a: Manectric|246\/281|[from] Spikes
|switch|p2a: Meta|Skarmory, M|333\/333
|
|turn|16
|
|switch|p2a: Stick|Rhyperior, F|434\/434
|detailschange|p1a: Manectric|Manectric-Mega, M, shiny
|-mega|p1a: Manectric|Manectric|Manectite
|-ability|p1a: Manectric|Intimidate|[of] p2a: Stick
|-unboost|p2a: Stick|atk|1
|move|p1a: Manectric|Volt Switch|p2a: Stick
|-immune|p2a: Stick|[msg]
|
|turn|17
|
|switch|p1a: Landorus-Therian|Landorus-Therian, M|351\/382
|-ability|p1a: Landorus-Therian|Intimidate|[of] p2a: Stick
|-unboost|p2a: Stick|atk|1
|move|p2a: Stick|Earthquake|p1a: Landorus-Therian
|-immune|p1a: Landorus-Therian|[msg]
|
|-heal|p1a: Landorus-Therian|374\/382|[from] item: Leftovers
|turn|18
|
|move|p1a: Landorus-Therian|Earthquake|p2a: Stick
|-supereffective|p2a: Stick
|-damage|p2a: Stick|289\/434
|move|p2a: Stick|Stealth Rock|p1a: Landorus-Therian
|-sidestart|p1: Based Neil|move: Stealth Rock
|
|-heal|p1a: Landorus-Therian|382\/382|[from] item: Leftovers
|-heal|p2a: Stick|316\/434|[from] item: Leftovers
|turn|19
|
|switch|p2a: Kuro|Sableye-Mega, M|303\/303
|move|p1a: Landorus-Therian|Earthquake|p2a: Kuro
|-damage|p2a: Kuro|207\/303
|
|turn|20
|
|move|p1a: Landorus-Therian|U-turn|p2a: Kuro
|-damage|p2a: Kuro|158\/303
|
|switch|p1a: Latios|Latios, M|207\/301 brn
|-damage|p1a: Latios|170\/301 brn|[from] Stealth Rock
|move|p2a: Kuro|Recover|p2a: Kuro
|-heal|p2a: Kuro|303\/303
|
|-damage|p1a: Latios|133\/301 brn|[from] brn
|turn|21
|
|move|p1a: Latios|Draco Meteor|p2a: Kuro
|-damage|p2a: Kuro|53\/303
|-unboost|p1a: Latios|spa|2
|-damage|p1a: Latios|103\/301 brn|[from] item: Life Orb
|move|p2a: Kuro|Calm Mind|p2a: Kuro
|-boost|p2a: Kuro|spa|1
|-boost|p2a: Kuro|spd|1
|
|-damage|p1a: Latios|66\/301 brn|[from] brn
|turn|22
|
|switch|p2a: Hateme|Gothitelle, M|301\/301
|move|p1a: Latios|Draco Meteor|p2a: Hateme
|-damage|p2a: Hateme|168\/301
|-unboost|p1a: Latios|spa|2
|-damage|p1a: Latios|36\/301 brn|[from] item: Life Orb
|
|-damage|p1a: Latios|0 fnt|[from] brn
|faint|p1a: Latios
|
|switch|p1a: Manectric|Manectric-Mega, M, shiny|246\/281
|-damage|p1a: Manectric|211\/281|[from] Spikes
|-damage|p1a: Manectric|176\/281|[from] Stealth Rock
|-ability|p1a: Manectric|Intimidate|[of] p2a: Hateme
|-unboost|p2a: Hateme|atk|1
|turn|23
|
|switch|p2a: Puck|Celebi|395\/395
|move|p1a: Manectric|Volt Switch|p2a: Puck
|-resisted|p2a: Puck
|-damage|p2a: Puck|346\/395
|
|switch|p1a: Landorus-Therian|Landorus-Therian, M|382\/382
|-damage|p1a: Landorus-Therian|335\/382|[from] Stealth Rock
|-ability|p1a: Landorus-Therian|Intimidate|[of] p2a: Puck
|-unboost|p2a: Puck|atk|1
|
|-heal|p2a: Puck|370\/395|[from] item: Leftovers
|-heal|p1a: Landorus-Therian|358\/382|[from] item: Leftovers
|turn|24
|
|switch|p2a: Meta|Skarmory, M|333\/333
|move|p1a: Landorus-Therian|Stealth Rock|p2a: Meta
|-sidestart|p2: Silverbacks|move: Stealth Rock
|
|-heal|p1a: Landorus-Therian|381\/382|[from] item: Leftovers
|turn|25
|
|move|p1a: Landorus-Therian|U-turn|p2a: Meta
|-resisted|p2a: Meta
|-damage|p2a: Meta|323\/333
|-damage|p1a: Landorus-Therian|318\/382|[from] item: Rocky Helmet|[of] p2a: Meta
|
|switch|p1a: Manectric|Manectric-Mega, M, shiny|176\/281
|-damage|p1a: Manectric|141\/281|[from] Spikes
|-damage|p1a: Manectric|106\/281|[from] Stealth Rock
|-ability|p1a: Manectric|Intimidate|[of] p2a: Meta
|-unboost|p2a: Meta|atk|1
|move|p2a: Meta|Spikes|p1a: Manectric
|-sidestart|p1: Based Neil|Spikes
|
|turn|26
|
|switch|p1a: Ferrothorn|Ferrothorn, M|352\/352
|-damage|p1a: Ferrothorn|294\/352|[from] Spikes
|-damage|p1a: Ferrothorn|272\/352|[from] Stealth Rock
|switch|p2a: Chex|Chansey, F|703\/703
|-damage|p2a: Chex|616\/703|[from] Stealth Rock
|
|-heal|p1a: Ferrothorn|294\/352|[from] item: Leftovers
|turn|27
|
|move|p2a: Chex|Wish|p2a: Chex
|move|p1a: Ferrothorn|Gyro Ball|p2a: Chex
|-damage|p2a: Chex|489\/703
|
|-heal|p1a: Ferrothorn|316\/352|[from] item: Leftovers
|turn|28
|
|switch|p2a: Stick|Rhyperior, F|316\/434
|-damage|p2a: Stick|289\/434|[from] Stealth Rock
|move|p1a: Ferrothorn|Gyro Ball|p2a: Stick
|-supereffective|p2a: Stick
|-damage|p2a: Stick|213\/434
|
|-heal|p2a: Stick|434\/434|[from] move: Wish|[wisher] Chex
|-heal|p1a: Ferrothorn|338\/352|[from] item: Leftovers
|turn|29
|
|move|p2a: Stick|Fire Punch|p1a: Ferrothorn
|-supereffective|p1a: Ferrothorn
|-damage|p1a: Ferrothorn|126\/352
|-damage|p2a: Stick|380\/434|[from] ability: Iron Barbs|[of] p1a: Ferrothorn
|move|p1a: Ferrothorn|Gyro Ball|p2a: Stick
|-supereffective|p2a: Stick
|-damage|p2a: Stick|308\/434
|
|-heal|p2a: Stick|335\/434|[from] item: Leftovers
|-heal|p1a: Ferrothorn|148\/352|[from] item: Leftovers
|turn|30
|
|switch|p1a: Landorus-Therian|Landorus-Therian, M|318\/382
|-damage|p1a: Landorus-Therian|271\/382|[from] Stealth Rock
|-ability|p1a: Landorus-Therian|Intimidate|[of] p2a: Stick
|-unboost|p2a: Stick|atk|1
|move|p2a: Stick|Fire Punch|p1a: Landorus-Therian
|-damage|p1a: Landorus-Therian|233\/382
|
|-heal|p1a: Landorus-Therian|256\/382|[from] item: Leftovers
|-heal|p2a: Stick|362\/434|[from] item: Leftovers
|turn|31
|
|switch|p2a: Meta|Skarmory, M|323\/333
|-damage|p2a: Meta|282\/333|[from] Stealth Rock
|move|p1a: Landorus-Therian|U-turn|p2a: Meta
|-resisted|p2a: Meta
|-damage|p2a: Meta|271\/333
|-damage|p1a: Landorus-Therian|193\/382|[from] item: Rocky Helmet|[of] p2a: Meta
|
|switch|p1a: Gengar|Gengar, M|261\/261
|-damage|p1a: Gengar|229\/261|[from] Stealth Rock
|
|turn|32
|
|switch|p2a: Chex|Chansey, F|489\/703
|-damage|p2a: Chex|402\/703|[from] Stealth Rock
|move|p1a: Gengar|Shadow Ball|p2a: Chex
|-immune|p2a: Chex|[msg]
|
|turn|33
|
|move|p1a: Gengar|Taunt|p2a: Chex
|-start|p2a: Chex|move: Taunt
|cant|p2a: Chex|move: Taunt|Wish
|
|turn|34
|
|move|p1a: Gengar|Focus Blast|p2a: Chex|[miss]
|-miss|p1a: Gengar|p2a: Chex
|move|p2a: Chex|Seismic Toss|p1a: Gengar
|-immune|p1a: Gengar|[msg]
|
|turn|35
|
|switch|p2a: Kuro|Sableye-Mega, M|53\/303
|-damage|p2a: Kuro|16\/303|[from] Stealth Rock
|move|p1a: Gengar|Sludge Wave|p2a: Kuro
|-resisted|p2a: Kuro
|-damage|p2a: Kuro|0 fnt
|-damage|p1a: Gengar|203\/261|[from] item: Life Orb
|faint|p2a: Kuro
|
|
|switch|p2a: Hateme|Gothitelle, M|168\/301
|-damage|p2a: Hateme|131\/301|[from] Stealth Rock
|turn|36
|
|switch|p1a: Ferrothorn|Ferrothorn, M|148\/352
|-damage|p1a: Ferrothorn|126\/352|[from] Stealth Rock
|-damage|p1a: Ferrothorn|68\/352|[from] Spikes
|move|p2a: Hateme|Psyshock|p1a: Ferrothorn
|-crit|p1a: Ferrothorn
|-resisted|p1a: Ferrothorn
|-damage|p1a: Ferrothorn|17\/352
|
|-heal|p1a: Ferrothorn|39\/352|[from] item: Leftovers
|turn|37
|
|switch|p2a: Meta|Skarmory, M|271\/333
|-damage|p2a: Meta|230\/333|[from] Stealth Rock
|move|p1a: Ferrothorn|Spikes|p2a: Meta
|-sidestart|p2: Silverbacks|Spikes
|
|-heal|p1a: Ferrothorn|61\/352|[from] item: Leftovers
|turn|38
|
|move|p2a: Meta|Taunt|p1a: Ferrothorn
|-start|p1a: Ferrothorn|move: Taunt
|cant|p1a: Ferrothorn|move: Taunt|Spikes
|
|-heal|p1a: Ferrothorn|83\/352|[from] item: Leftovers
|turn|39
|
|move|p1a: Ferrothorn|Gyro Ball|p2a: Meta
|-resisted|p2a: Meta
|-damage|p2a: Meta|194\/333
|-damage|p1a: Ferrothorn|25\/352|[from] item: Rocky Helmet|[of] p2a: Meta
|move|p2a: Meta|Whirlwind|p1a: Ferrothorn
|drag|p1a: Hawlucha|Hawlucha, M, shiny|222\/296
|-damage|p1a: Hawlucha|185\/296|[from] Stealth Rock
|
|turn|40
|
|switch|p1a: Ferrothorn|Ferrothorn, M|25\/352
|-damage|p1a: Ferrothorn|0 fnt|[from] Spikes
|faint|p1a: Ferrothorn
|move|p2a: Meta|Roost|p2a: Meta
|-heal|p2a: Meta|333\/333
|
|c|âSilverbacks|honestly i expected you to use defog
|c|âSilverbacks|instead of dracoing my sableye
|c|âBased Neil|lol I don't even have it
|c|âSilverbacks|<_<
|c|âSilverbacks|well hazards isnt too bad for you
|c|âBased Neil|ye
|
|switch|p1a: Gengar|Gengar, M|203\/261
|-damage|p1a: Gengar|171\/261|[from] Stealth Rock
|turn|41
|c|âSilverbacks|i mean you do use a lot of levitating mons
|c|âBased Neil|yeah, i figured i didn't need defog
|c|âBased Neil|wish i would have brought it for this match tho lol
|c|âSilverbacks|well if you had defog actually
|c|âSilverbacks|you might be in a worse position than now
|c|âSilverbacks|soo
|c|âSilverbacks|its not that bad
|
|switch|p2a: Chex|Chansey, F|402\/703
|-damage|p2a: Chex|315\/703|[from] Spikes
|-damage|p2a: Chex|228\/703|[from] Stealth Rock
|move|p1a: Gengar|Shadow Ball|p2a: Chex
|-immune|p2a: Chex|[msg]
|
|turn|42
|
|move|p1a: Gengar|Taunt|p2a: Chex
|-start|p2a: Chex|move: Taunt
|cant|p2a: Chex|move: Taunt|Wish
|
|turn|43
|
|move|p1a: Gengar|Shadow Ball|p2a: Chex
|-immune|p2a: Chex|[msg]
|move|p2a: Chex|Seismic Toss|p1a: Gengar
|-immune|p1a: Gengar|[msg]
|
|turn|44
|
|move|p1a: Gengar|Focus Blast|p2a: Chex
|-supereffective|p2a: Chex
|-damage|p2a: Chex|0 fnt
|-damage|p1a: Gengar|145\/261|[from] item: Life Orb
|faint|p2a: Chex
|
|
|switch|p2a: Stick|Rhyperior, F|362\/434
|-damage|p2a: Stick|308\/434|[from] Spikes
|-damage|p2a: Stick|281\/434|[from] Stealth Rock
|turn|45
|
|switch|p1a: Landorus-Therian|Landorus-Therian, M|193\/382
|-damage|p1a: Landorus-Therian|146\/382|[from] Stealth Rock
|-ability|p1a: Landorus-Therian|Intimidate|[of] p2a: Stick
|-unboost|p2a: Stick|atk|1
|move|p2a: Stick|Stone Edge|p1a: Landorus-Therian
|-damage|p1a: Landorus-Therian|61\/382
|
|-heal|p1a: Landorus-Therian|84\/382|[from] item: Leftovers
|-heal|p2a: Stick|308\/434|[from] item: Leftovers
|turn|46
|
|switch|p2a: Meta|Skarmory, M|333\/333
|-damage|p2a: Meta|292\/333|[from] Stealth Rock
|move|p1a: Landorus-Therian|Earthquake|p2a: Meta
|-immune|p2a: Meta|[msg]
|
|-heal|p1a: Landorus-Therian|107\/382|[from] item: Leftovers
|turn|47
|
|move|p1a: Landorus-Therian|Stone Edge|p2a: Meta
|-damage|p2a: Meta|232\/333
|move|p2a: Meta|Whirlwind|p1a: Landorus-Therian
|drag|p1a: Hawlucha|Hawlucha, M, shiny|185\/296
|-damage|p1a: Hawlucha|148\/296|[from] Stealth Rock
|-enditem|p1a: Hawlucha|Sitrus Berry|[eat]
|-heal|p1a: Hawlucha|222\/296|[from] item: Sitrus Berry
|
|turn|48
|
|move|p1a: Hawlucha|Substitute|p1a: Hawlucha
|-start|p1a: Hawlucha|Substitute
|-damage|p1a: Hawlucha|148\/296
|move|p2a: Meta|Roost|p2a: Meta
|-heal|p2a: Meta|333\/333
|
|turn|49
|
|move|p1a: Hawlucha|High Jump Kick|p2a: Meta
|-damage|p2a: Meta|224\/333
|-damage|p1a: Hawlucha|99\/296|[from] item: Rocky Helmet|[of] p2a: Meta
|move|p2a: Meta|Spikes|p1a: Hawlucha
|-sidestart|p1: Based Neil|Spikes
|
|turn|50
|
|move|p1a: Hawlucha|Swords Dance|p1a: Hawlucha
|-boost|p1a: Hawlucha|atk|2
|move|p2a: Meta|Roost|p2a: Meta
|-heal|p2a: Meta|333\/333
|
|turn|51
|
|move|p1a: Hawlucha|High Jump Kick|p2a: Meta
|-damage|p2a: Meta|129\/333
|-damage|p1a: Hawlucha|50\/296|[from] item: Rocky Helmet|[of] p2a: Meta
|move|p2a: Meta|Whirlwind|p1a: Hawlucha
|drag|p1a: Gengar|Gengar, M|145\/261
|-damage|p1a: Gengar|113\/261|[from] Stealth Rock
|
|turn|52
|
|move|p1a: Gengar|Shadow Ball|p2a: Meta
|-damage|p2a: Meta|0 fnt
|-damage|p1a: Gengar|87\/261|[from] item: Life Orb
|faint|p2a: Meta
|
|
|switch|p2a: Hateme|Gothitelle, M|131\/301
|-damage|p2a: Hateme|94\/301|[from] Spikes
|-damage|p2a: Hateme|57\/301|[from] Stealth Rock
|turn|53
|
|switch|p1a: Landorus-Therian|Landorus-Therian, M|107\/382
|-damage|p1a: Landorus-Therian|60\/382|[from] Stealth Rock
|-ability|p1a: Landorus-Therian|Intimidate|[of] p2a: Hateme
|-unboost|p2a: Hateme|atk|1
|move|p2a: Hateme|Psyshock|p1a: Landorus-Therian
|-damage|p1a: Landorus-Therian|0 fnt
|faint|p1a: Landorus-Therian
|
|
|switch|p1a: Manectric|Manectric-Mega, M, shiny|106\/281
|-damage|p1a: Manectric|36\/281|[from] Spikes
|-damage|p1a: Manectric|1\/281|[from] Stealth Rock
|-ability|p1a: Manectric|Intimidate|[of] p2a: Hateme
|-unboost|p2a: Hateme|atk|1
|turn|54
|c|âSilverbacks|wow
|c|âBased Neil|1 hp
|c|âSilverbacks|lol
|c|âSilverbacks|not bad
|c|âBased Neil|lol :]
|
|move|p1a: Manectric|Thunderbolt|p2a: Hateme
|-damage|p2a: Hateme|0 fnt
|faint|p2a: Hateme
|
|
|switch|p2a: Puck|Celebi|370\/395
|-damage|p2a: Puck|321\/395|[from] Stealth Rock
|-damage|p2a: Puck|272\/395|[from] Spikes
|turn|55
|
|move|p1a: Manectric|Overheat|p2a: Puck
|-supereffective|p2a: Puck
|-damage|p2a: Puck|14\/395
|-unboost|p1a: Manectric|spa|2
|move|p2a: Puck|Calm Mind|p2a: Puck
|-boost|p2a: Puck|spa|1
|-boost|p2a: Puck|spd|1
|
|-heal|p2a: Puck|38\/395|[from] item: Leftovers
|turn|56
|c|âSilverbacks|nooo
|c|âSilverbacks|cancel
|c|âSilverbacks|button
|c|âSilverbacks|i missclicked
|c|âSilverbacks|and i hit recover
|c|âSilverbacks|fuck
|c|âSilverbacks|fuck
|c|âSilverbacks|fuck
|c|âBased Neil|damn
|
|move|p1a: Manectric|Overheat|p2a: Puck
|-supereffective|p2a: Puck
|-damage|p2a: Puck|0 fnt
|-unboost|p1a: Manectric|spa|2
|faint|p2a: Puck
|
|c|âBased Neil|fuckin cancel
|c|âBased Neil|never works
|c|âSilverbacks|no it doesnt
|
|switch|p2a: Stick|Rhyperior, F|308\/434
|-damage|p2a: Stick|254\/434|[from] Spikes
|-damage|p2a: Stick|227\/434|[from] Stealth Rock
|turn|57
|c|âSilverbacks|gg
|c|âSilverbacks|fuck me
|c|âSilverbacks|i had this game
|c|âBased Neil|gg
|c|âSilverbacks|unless crit
|c|âSilverbacks|or missclick
|
|move|p1a: Manectric|Hidden Power|p2a: Stick
|-crit|p2a: Stick
|-supereffective|p2a: Stick
|-damage|p2a: Stick|0 fnt
|faint|p2a: Stick
|
|win|Based Neil
|c|âSilverbacks|and bs i hp stuff too <_<
|c|âBased Neil|yeah, that mega sableye
|c|âSilverbacks|if you only had defog
|c|âSilverbacks|then you mightve gone for it XD
|c|âSilverbacks|gg
|c|âBased Neil|lol word, I would have lost if you never Calm minded
|c|âBased Neil|GG tho :
|c|âSilverbacks|twice
|c|âSilverbacks|gg