|join|oijoijoijoij
|join|Silverbacks
|player|p1|oijoijoijoij|29
|player|p2|Silverbacks|106
|gametype|singles
|gen|6
|tier|OU (suspect test)
|rated
|clearpoke
|poke|p1|Shuckle, M, shiny
|poke|p1|Bisharp, F, shiny
|poke|p1|Thundurus, M, shiny
|poke|p1|Heracross, F, shiny
|poke|p1|Latias, F
|poke|p1|Heatran, F
|poke|p2|Gallade, M
|poke|p2|Garchomp, M
|poke|p2|Keldeo
|poke|p2|Mew
|poke|p2|Bisharp, M, shiny
|poke|p2|Landorus-Therian, M
|rule|Swagger Clause: Swagger is banned
|rule|Baton Pass Clause: Limit one PokÃ©mon knowing Baton Pass
|rule|Sleep Clause Mod: Limit one foe put to sleep
|rule|Species Clause: Limit one of each PokÃ©mon
|rule|OHKO Clause: OHKO moves are banned
|rule|Moody Clause: Moody is banned
|rule|Evasion Moves Clause: Evasion moves are banned
|rule|Endless Battle Clause: Forcing endless battles is banned
|rule|HP Percentage Mod: HP is shown in percentages
|teampreview
|
|start
|switch|p1a: funkle|Shuckle, M, shiny|244\/244
|switch|p2a: Ragnell|Bisharp, M, shiny|272\/272
|turn|1
|
|move|p2a: Ragnell|Knock Off|p1a: funkle
|-damage|p1a: funkle|157\/244
|-enditem|p1a: funkle|Mental Herb|[from] move: Knock Off|[of] p2a: Ragnell
|-damage|p2a: Ragnell|245\/272|[from] item: Life Orb
|move|p1a: funkle|Sticky Web|p2a: Ragnell
|-sidestart|p2: Silverbacks|move: Sticky Web
|
|turn|2
|
|switch|p1a: Heatran|Heatran, F|323\/323
|move|p2a: Ragnell|Swords Dance|p2a: Ragnell
|-boost|p2a: Ragnell|atk|2
|
|turn|3
|
|move|p1a: Heatran|Flamethrower|p2a: Ragnell
|-supereffective|p2a: Ragnell
|-damage|p2a: Ragnell|0 fnt
|faint|p2a: Ragnell
|
|c|âSilverbacks|scarf
|
|switch|p2a: Twilight|Keldeo|324\/324
|-activate|p2a: Twilight|move: Sticky Web
|-unboost|p2a: Twilight|spe|1
|turn|4
|c|âoijoijoijoij|or max speed
|c|âSilverbacks|ok
|c|âSilverbacks|could be that
|
|switch|p1a: Latias|Latias, F|319\/319
|move|p2a: Twilight|Hydro Pump|p1a: Latias
|-crit|p1a: Latias
|-resisted|p1a: Latias
|-damage|p1a: Latias|183\/319
|
|turn|5
|
|switch|p2a: Salamence is so bs|Mew|404\/404
|-activate|p2a: Salamence is so bs|move: Sticky Web
|-unboost|p2a: Salamence is so bs|spe|1
|move|p1a: Latias|Roost|p1a: Latias
|-heal|p1a: Latias|319\/319
|
|turn|6
|
|switch|p1a: kevin spacey|Bisharp, F, shiny|287\/287
|move|p2a: Salamence is so bs|Will-O-Wisp|p1a: kevin spacey
|-status|p1a: kevin spacey|brn
|
|-damage|p1a: kevin spacey|252\/287 brn|[from] brn
|turn|7
|
|switch|p2a: Twilight|Keldeo|324\/324
|-activate|p2a: Twilight|move: Sticky Web
|-unboost|p2a: Twilight|spe|1
|move|p1a: kevin spacey|Knock Off|p2a: Twilight
|-crit|p2a: Twilight
|-resisted|p2a: Twilight
|-damage|p2a: Twilight|249\/324
|-boost|p2a: Twilight|atk|1|[from] ability: Justified
|-enditem|p2a: Twilight|Choice Scarf|[from] move: Knock Off|[of] p1a: kevin spacey
|
|-damage|p1a: kevin spacey|217\/287 brn|[from] brn
|turn|8
|
|switch|p1a: Latias|Latias, F|319\/319
|move|p2a: Twilight|Scald|p1a: Latias
|-crit|p1a: Latias
|-resisted|p1a: Latias
|-damage|p1a: Latias|226\/319
|
|turn|9
|
|switch|p2a: Salamence is so bs|Mew|404\/404
|-activate|p2a: Salamence is so bs|move: Sticky Web
|-unboost|p2a: Salamence is so bs|spe|1
|move|p1a: Latias|Draco Meteor|p2a: Salamence is so bs
|-damage|p2a: Salamence is so bs|173\/404
|-unboost|p1a: Latias|spa|2
|-damage|p1a: Latias|195\/319|[from] item: Life Orb
|
|-heal|p2a: Salamence is so bs|198\/404|[from] item: Leftovers
|turn|10
|
|switch|p1a: icloud|Thundurus, M, shiny|299\/299
|move|p2a: Salamence is so bs|Roost|p2a: Salamence is so bs
|-heal|p2a: Salamence is so bs|400\/404
|
|-heal|p2a: Salamence is so bs|404\/404|[from] item: Leftovers
|turn|11
|
|move|p1a: icloud|Knock Off|p2a: Salamence is so bs
|-supereffective|p2a: Salamence is so bs
|-damage|p2a: Salamence is so bs|240\/404
|-enditem|p2a: Salamence is so bs|Leftovers|[from] move: Knock Off|[of] p1a: icloud
|-damage|p1a: icloud|270\/299|[from] item: Life Orb
|move|p2a: Salamence is so bs|Ice Beam|p1a: icloud
|-supereffective|p1a: icloud
|-damage|p1a: icloud|66\/299
|
|turn|12
|
|switch|p1a: kevin spacey|Bisharp, F, shiny|217\/287 brn
|move|p2a: Salamence is so bs|Roost|p2a: Salamence is so bs
|-heal|p2a: Salamence is so bs|404\/404
|
|-damage|p1a: kevin spacey|182\/287 brn|[from] brn
|turn|13
|
|move|p1a: kevin spacey|Pursuit|p2a: Salamence is so bs
|-supereffective|p2a: Salamence is so bs
|-damage|p2a: Salamence is so bs|344\/404
|move|p2a: Salamence is so bs|Defog|p1a: kevin spacey
|-unboost|p1a: kevin spacey|evasion|1
|-boost|p1a: kevin spacey|atk|2|[from] ability: Defiant
|-sideend|p2: Silverbacks|Sticky Web|[from] move: Defog|[of] p2a: Salamence is so bs
|
|-damage|p1a: kevin spacey|147\/287 brn|[from] brn
|turn|14
|
|switch|p2a: Twilight|Keldeo|249\/324
|move|p1a: kevin spacey|Knock Off|p2a: Twilight
|-resisted|p2a: Twilight
|-damage|p2a: Twilight|180\/324
|-boost|p2a: Twilight|atk|1|[from] ability: Justified
|
|-damage|p1a: kevin spacey|112\/287 brn|[from] brn
|turn|15
|
|switch|p1a: Latias|Latias, F|195\/319
|move|p2a: Twilight|Scald|p1a: Latias
|-resisted|p1a: Latias
|-damage|p1a: Latias|132\/319
|-status|p1a: Latias|brn
|
|-damage|p1a: Latias|93\/319 brn|[from] brn
|turn|16
|
|switch|p2a: Salamence is so bs|Mew|344\/404
|move|p1a: Latias|Roost|p1a: Latias
|-heal|p1a: Latias|253\/319 brn
|
|-damage|p1a: Latias|214\/319 brn|[from] brn
|turn|17
|
|move|p1a: Latias|Healing Wish|p1a: Latias
|faint|p1a: Latias
|move|p2a: Salamence is so bs|Ice Beam|p1: Latias|[notarget]
|-notarget
|
|
|switch|p1a: kevin spacey|Bisharp, F, shiny|112\/287 brn
|-heal|p1a: kevin spacey|287\/287|[from] move: Healing Wish
|turn|18
|
|move|p2a: Salamence is so bs|Will-O-Wisp|p1a: kevin spacey
|-status|p1a: kevin spacey|brn
|move|p1a: kevin spacey|Pursuit|p2a: Salamence is so bs
|-supereffective|p2a: Salamence is so bs
|-damage|p2a: Salamence is so bs|284\/404
|
|-damage|p1a: kevin spacey|252\/287 brn|[from] brn
|turn|19
|
|switch|p2a: Twilight|Keldeo|180\/324
|switch|p1a: funkle|Shuckle, M, shiny|157\/244
|
|turn|20
|
|move|p2a: Twilight|Hydro Pump|p1a: funkle|[miss]
|-miss|p2a: Twilight|p1a: funkle
|move|p1a: funkle|Sticky Web|p2a: Twilight
|-sidestart|p2: Silverbacks|move: Sticky Web
|
|turn|21
|c|âSilverbacks|NOOO
|c|âoijoijoijoij|sorry
|c|âoijoijoijoij|damn i suck at sucker punch mind games hah
|c|âSilverbacks|XD
|c|âSilverbacks|its k
|c|âoijoijoijoij|you still win probably
|c|âSilverbacks|game is ready to bail you out
|
|move|p2a: Twilight|Hydro Pump|p1a: funkle
|-supereffective|p1a: funkle
|-damage|p1a: funkle|0 fnt
|faint|p1a: funkle
|
|
|switch|p1a: icloud|Thundurus, M, shiny|66\/299
|turn|22
|
|move|p1a: icloud|Thunderbolt|p2a: Twilight
|-supereffective|p2a: Twilight
|-damage|p2a: Twilight|0 fnt
|-damage|p1a: icloud|37\/299|[from] item: Life Orb
|faint|p2a: Twilight
|
|
|switch|p2a: Salamence is so bs|Mew|284\/404
|-activate|p2a: Salamence is so bs|move: Sticky Web
|-unboost|p2a: Salamence is so bs|spe|1
|turn|23
|
|switch|p1a: kevin spacey|Bisharp, F, shiny|252\/287 brn
|move|p2a: Salamence is so bs|Defog|p1a: kevin spacey
|-unboost|p1a: kevin spacey|evasion|1
|-boost|p1a: kevin spacey|atk|2|[from] ability: Defiant
|-sideend|p2: Silverbacks|Sticky Web|[from] move: Defog|[of] p2a: Salamence is so bs
|
|-damage|p1a: kevin spacey|217\/287 brn|[from] brn
|turn|24
|
|move|p1a: kevin spacey|Pursuit|p2a: Salamence is so bs
|-crit|p2a: Salamence is so bs
|-supereffective|p2a: Salamence is so bs
|-damage|p2a: Salamence is so bs|108\/404
|move|p2a: Salamence is so bs|Ice Beam|p1a: kevin spacey
|-resisted|p1a: kevin spacey
|-damage|p1a: kevin spacey|193\/287 brn
|
|-damage|p1a: kevin spacey|158\/287 brn|[from] brn
|turn|25
|
|move|p1a: kevin spacey|Knock Off|p2a: Salamence is so bs
|-supereffective|p2a: Salamence is so bs
|-damage|p2a: Salamence is so bs|0 fnt
|faint|p2a: Salamence is so bs
|
|-damage|p1a: kevin spacey|123\/287 brn|[from] brn
|
|switch|p2a: Rando|Landorus-Therian, M|382\/382
|-ability|p2a: Rando|Intimidate|[of] p1a: kevin spacey
|-unboost|p1a: kevin spacey|atk|1
|-boost|p1a: kevin spacey|atk|2|[from] ability: Defiant
|turn|26
|
|move|p1a: kevin spacey|Sucker Punch|p2a: Rando
|-fail|p2a: Rando
|move|p2a: Rando|Stealth Rock|p1a: kevin spacey
|-sidestart|p1: oijoijoijoij|move: Stealth Rock
|
|-damage|p1a: kevin spacey|88\/287 brn|[from] brn
|turn|27
|
|move|p2a: Rando|Earthquake|p1a: kevin spacey
|-supereffective|p1a: kevin spacey
|-damage|p1a: kevin spacey|0 fnt
|faint|p1a: kevin spacey
|
|c|âoijoijoijoij|hah see
|c|âSilverbacks|XD
|c|âSilverbacks|you just need some practice
|
|switch|p1a: critmut|Heracross, F, shiny|303\/303
|-damage|p1a: critmut|266\/303|[from] Stealth Rock
|turn|28
|c|âSilverbacks|i mean you are battling someone who consistantly gets to top 20
|c|âSilverbacks|soooo
|c|âoijoijoijoij|hah ive only gotten there once myself
|
|switch|p2a: Xalama|Garchomp, M|357\/357
|detailschange|p1a: critmut|Heracross-Mega, F, shiny
|-mega|p1a: critmut|Heracross|Heracronite
|move|p1a: critmut|Rock Blast|p2a: Xalama
|-resisted|p2a: Xalama
|-damage|p2a: Xalama|337\/357
|-resisted|p2a: Xalama
|-damage|p2a: Xalama|317\/357
|-resisted|p2a: Xalama
|-damage|p2a: Xalama|296\/357
|-resisted|p2a: Xalama
|-damage|p2a: Xalama|274\/357
|-resisted|p2a: Xalama
|-damage|p2a: Xalama|254\/357
|-hitcount|p2a: Xalama|5
|
|turn|29
|
|move|p2a: Xalama|Fire Blast|p1a: critmut
|-supereffective|p1a: critmut
|-damage|p1a: critmut|74\/303
|-damage|p2a: Xalama|219\/357|[from] item: Life Orb
|move|p1a: critmut|Close Combat|p2a: Xalama
|-damage|p2a: Xalama|0 fnt
|-damage|p1a: critmut|37\/303|[from] ability: Rough Skin|[of] p2a: Xalama
|-unboost|p1a: critmut|def|1
|-unboost|p1a: critmut|spd|1
|faint|p2a: Xalama
|
|
|switch|p2a: Zero|Gallade, M|278\/278
|turn|30
|
|detailschange|p2a: Zero|Gallade-Mega, M
|-mega|p2a: Zero|Gallade|Galladite
|move|p2a: Zero|Close Combat|p1a: critmut
|-resisted|p1a: critmut
|-damage|p1a: critmut|0 fnt
|-unboost|p2a: Zero|def|1
|-unboost|p2a: Zero|spd|1
|faint|p1a: critmut
|
|c|âoijoijoijoij|if i had gotten at least one of those sucker games correct :\/
|
|switch|p1a: Heatran|Heatran, F|323\/323
|-damage|p1a: Heatran|283\/323|[from] Stealth Rock
|turn|31
|
|move|p1a: Heatran|Flamethrower|p2a: Zero
|-damage|p2a: Zero|49\/278
|move|p2a: Zero|Close Combat|p1a: Heatran
|-supereffective|p1a: Heatran
|-damage|p1a: Heatran|0 fnt
|-unboost|p2a: Zero|def|1
|-unboost|p2a: Zero|spd|1
|faint|p1a: Heatran
|
|c|âSilverbacks|wtf
|c|âSilverbacks|you are scarfed
|c|âSilverbacks|oh you
|c|âoijoijoijoij|hah gg
|
|switch|p1a: icloud|Thundurus, M, shiny|37\/299
|-damage|p1a: icloud|0 fnt|[from] Stealth Rock
|faint|p1a: icloud
|
|win|Silverbacks
|raw|Ladder updating...
|raw|oijoijoijoij's rating: 1148 &rarr; <strong>1127<\/strong><br \/>(-21 for losing)
|raw|Silverbacks's rating: 1197 &rarr; <strong>1218<\/strong><br \/>(+21 for winning)
|c|âSilverbacks|gg
|c|âoijoijoijoij|check out my channel imo :]
|c|âSilverbacks|XD
|c|âoijoijoijoij|youtube.com\/aurocords
|c|âoijoijoijoij|and good luck on reaching top 20 agaiin
|c|âSilverbacks|XD
|c|âSilverbacks|thx
|c|âoijoijoijoij|ill upload with this team soon
|c|âoijoijoijoij|any suggestions?
|c|âoijoijoijoij|other than sharpening my sucker punch skillz
|c|âoijoijoijoij|i've only started this yt thing like 3 weeks ago btw
|c|âSilverbacks|um
|c|âSilverbacks|more energy in your voice
|c|âSilverbacks|if you sound like your bored than your audience will get bored
|c|âSilverbacks|other than that
|c|âoijoijoijoij|hah ok, ill keep that in mind
|c|âSilverbacks|your pokemon skillz are decent
|c|âSilverbacks|just need more practice
|c|âSilverbacks|i guess
|c|âoijoijoijoij|yeah there's one where i didnt really feel like uploading
|c|âoijoijoijoij|i meant on this team tho
|c|âoijoijoijoij|because i just built it and im testing it
|c|âSilverbacks|oh
|c|âSilverbacks|um it looks decent enough
|c|âSilverbacks|i like the shuckle and bisharp synergy
|c|âSilverbacks|a lot
|c|âoijoijoijoij|thank you! :]
|c|âoijoijoijoij|it's AV bish tho
|c|âoijoijoijoij|i dunno what you think of that
|c|âSilverbacks|i dun like it
|c|âoijoijoijoij|hah
|c|âSilverbacks|put dark plate
|c|âSilverbacks|or something
|c|âSilverbacks|also fire blast
|c|âSilverbacks|over flamethrower
|c|âoijoijoijoij|ok. sounds good
|c|âSilverbacks|you wouldve killed gallade
|c|âSilverbacks|if you had fire blast
|c|âSilverbacks|and maybe landorus
|c|âoijoijoijoij|lando would still have live tho
|c|âSilverbacks|probably
|c|âSilverbacks|mine was defensive
|c|âoijoijoijoij|dependind on spread
|c|âSilverbacks|with max hp
|c|âoijoijoijoij|yeah, it lives
|c|âSilverbacks|so still
|c|âSilverbacks|good game
|c|âoijoijoijoij|yeah! and thank you !
|c|âSilverbacks|your welcome
|c|âoijoijoijoij|see you
|c|âSilverbacks|see yah
|c|âSilverbacks|im calling it a night XD