|join|Reverb
|join|Silverbacks
|player|p1|Reverb|#reverbxmas
|player|p2|Silverbacks|106
|gametype|singles
|gen|6
|tier|OU (suspect test)
|rated
|clearpoke
|poke|p1|Empoleon, F
|poke|p1|Tyranitar, F
|poke|p1|Charizard, M
|poke|p1|Keldeo
|poke|p1|Kyurem-Black
|poke|p1|Landorus-Therian, M
|poke|p2|Latias, F
|poke|p2|Azumarill, M
|poke|p2|Azelf
|poke|p2|Mamoswine, M
|poke|p2|Scizor, F
|poke|p2|Talonflame, M
|rule|Swagger Clause: Swagger is banned
|rule|Baton Pass Clause: Limit one PokÃ©mon knowing Baton Pass
|rule|Sleep Clause Mod: Limit one foe put to sleep
|rule|Species Clause: Limit one of each PokÃ©mon
|rule|OHKO Clause: OHKO moves are banned
|rule|Moody Clause: Moody is banned
|rule|Evasion Moves Clause: Evasion moves are banned
|rule|Endless Battle Clause: Forcing endless battles is banned
|rule|HP Percentage Mod: HP is shown in percentages
|teampreview
|c|âSilverbacks|oh shit XD
|c|âReverb|hf
|c|âSilverbacks|you too
|join|TotallyNotTheGoomy
|join|Squirrelll
|c|âSilverbacks|Squirrelll if i say gg will Reverb forfeit
|
|start
|switch|p1a: Landorus-Therian|Landorus-Therian, M|327\/327
|switch|p2a: Kamikaze|Azelf|291\/291
|-ability|p1a: Landorus-Therian|Intimidate|[of] p2a: Kamikaze
|-unboost|p2a: Kamikaze|atk|1
|turn|1
|join|Fizz on my Jayce
|
|move|p1a: Landorus-Therian|U-turn|p2a: Kamikaze
|-supereffective|p2a: Kamikaze
|-damage|p2a: Kamikaze|51\/291
|
|switch|p1a: Kyurem-Black|Kyurem-Black|391\/391
|-ability|p1a: Kyurem-Black|Teravolt
|move|p2a: Kamikaze|Stealth Rock|p1a: Kyurem-Black
|-sidestart|p1: Reverb|move: Stealth Rock
|
|turn|2
|
|move|p1a: Kyurem-Black|Fusion Bolt|p2a: Kamikaze
|-damage|p2a: Kamikaze|0 fnt
|faint|p2a: Kamikaze
|
|
|switch|p2a: Tusk|Mamoswine, M|361\/361
|turn|3
|
|switch|p1a: Landorus-Therian|Landorus-Therian, M|327\/327
|-damage|p1a: Landorus-Therian|287\/327|[from] Stealth Rock
|-ability|p1a: Landorus-Therian|Intimidate|[of] p2a: Tusk
|-unboost|p2a: Tusk|atk|1
|move|p2a: Tusk|Freeze-Dry|p1a: Landorus-Therian
|-supereffective|p1a: Landorus-Therian
|-damage|p1a: Landorus-Therian|0 fnt
|-damage|p2a: Tusk|325\/361|[from] item: Life Orb
|faint|p1a: Landorus-Therian
|
|
|switch|p1a: Keldeo|Keldeo|323\/323
|-damage|p1a: Keldeo|303\/323|[from] Stealth Rock
|turn|4
|
|switch|p1a: Empoleon|Empoleon, F|372\/372
|-damage|p1a: Empoleon|349\/372|[from] Stealth Rock
|switch|p2a: Bud|Azumarill, M|404\/404
|
|-heal|p1a: Empoleon|372\/372|[from] item: Leftovers
|turn|5
|
|move|p1a: Empoleon|Defog|p2a: Bud
|-unboost|p2a: Bud|evasion|1
|-sideend|p1: Reverb|Stealth Rock|[from] move: Defog|[of] p1a: Empoleon
|move|p2a: Bud|Superpower|p1a: Empoleon
|-supereffective|p1a: Empoleon
|-damage|p1a: Empoleon|74\/372
|-unboost|p2a: Bud|atk|1
|-unboost|p2a: Bud|def|1
|
|-heal|p1a: Empoleon|97\/372|[from] item: Leftovers
|turn|6
|
|move|p1a: Empoleon|Stealth Rock|p2a: Bud
|-sidestart|p2: Silverbacks|move: Stealth Rock
|move|p2a: Bud|Superpower|p1a: Empoleon
|-supereffective|p1a: Empoleon
|-damage|p1a: Empoleon|0 fnt
|-unboost|p2a: Bud|atk|1
|-unboost|p2a: Bud|def|1
|faint|p1a: Empoleon
|
|
|switch|p1a: Charizard|Charizard, M|297\/297
|turn|7
|
|switch|p2a: Throwback|Latias, F|364\/364
|-damage|p2a: Throwback|319\/364|[from] Stealth Rock
|detailschange|p1a: Charizard|Charizard-Mega-Y, M
|-mega|p1a: Charizard|Charizard|Charizardite Y
|-weather|SunnyDay
|move|p1a: Charizard|Solar Beam|p2a: Throwback|[still]
|-prepare|p1a: Charizard|Solar Beam|p2a: Throwback
|-anim|p1a: Charizard|Solar Beam|p2a: Throwback
|-resisted|p2a: Throwback
|-damage|p2a: Throwback|250\/364
|
|-weather|SunnyDay|[upkeep]
|turn|8
|
|switch|p1a: Tyranitar|Tyranitar, F|383\/383
|-weather|Sandstorm
|detailschange|p2a: Throwback|Latias-Mega, F
|-mega|p2a: Throwback|Latias|Latiasite
|move|p2a: Throwback|Dragon Pulse|p1a: Tyranitar
|-damage|p1a: Tyranitar|298\/383
|
|-weather|Sandstorm|[upkeep]
|-damage|p2a: Throwback|228\/364|[from] sandstorm
|turn|9
|
|move|p1a: Tyranitar|Pursuit|p2a: Throwback|[from]Pursuit
|-supereffective|p2a: Throwback
|-damage|p2a: Throwback|0 fnt
|faint|p2a: Throwback
|
|-weather|Sandstorm|[upkeep]
|
|switch|p2a: Tsubaki|Scizor, F|311\/311
|-damage|p2a: Tsubaki|273\/311|[from] Stealth Rock
|turn|10
|join|Moniker
|
|switch|p1a: Keldeo|Keldeo|303\/323
|move|p2a: Tsubaki|Bug Bite|p1a: Keldeo
|-resisted|p1a: Keldeo
|-damage|p1a: Keldeo|189\/323
|-damage|p2a: Tsubaki|242\/311|[from] item: Life Orb
|
|-weather|Sandstorm|[upkeep]
|-damage|p1a: Keldeo|169\/323|[from] sandstorm
|turn|11
|
|move|p1a: Keldeo|Scald|p2a: Tsubaki
|-damage|p2a: Tsubaki|0 fnt
|faint|p2a: Tsubaki
|
|-weather|Sandstorm|[upkeep]
|-damage|p1a: Keldeo|149\/323|[from] sandstorm
|
|switch|p2a: Bud|Azumarill, M|404\/404
|-damage|p2a: Bud|354\/404|[from] Stealth Rock
|turn|12
|
|move|p1a: Keldeo|Scald|p2a: Bud
|-resisted|p2a: Bud
|-damage|p2a: Bud|263\/404
|move|p2a: Bud|Play Rough|p1a: Keldeo
|-supereffective|p1a: Keldeo
|-damage|p1a: Keldeo|0 fnt
|faint|p1a: Keldeo
|
|-weather|none
|
|switch|p1a: Charizard|Charizard-Mega-Y, M|297\/297
|-weather|SunnyDay
|turn|13
|
|move|p2a: Bud|Aqua Jet|p1a: Charizard
|-supereffective|p1a: Charizard
|-damage|p1a: Charizard|177\/297
|move|p1a: Charizard|Solar Beam|p2a: Bud|[still]
|-prepare|p1a: Charizard|Solar Beam|p2a: Bud
|-anim|p1a: Charizard|Solar Beam|p2a: Bud
|-supereffective|p2a: Bud
|-damage|p2a: Bud|0 fnt
|faint|p2a: Bud
|
|-weather|SunnyDay|[upkeep]
|
|switch|p2a: Tusk|Mamoswine, M|325\/361
|-damage|p2a: Tusk|280\/361|[from] Stealth Rock
|turn|14
|
|move|p2a: Tusk|Ice Shard|p1a: Charizard
|-damage|p1a: Charizard|48\/297
|-damage|p2a: Tusk|244\/361|[from] item: Life Orb
|move|p1a: Charizard|Flamethrower|p2a: Tusk
|-supereffective|p2a: Tusk
|-damage|p2a: Tusk|0 fnt
|faint|p2a: Tusk
|
|-weather|SunnyDay|[upkeep]
|join|Can-Eh-Dian
|leave|Moniker
|c|âSilverbacks|wasnt even tough
|c|âSilverbacks|for you
|c|âReverb|yeah it was
|
|switch|p2a: Wright|Talonflame, M|329\/329
|-damage|p2a: Wright|165\/329|[from] Stealth Rock
|turn|15
|
|move|p2a: Wright|Acrobatics|p1a: Charizard
|-damage|p1a: Charizard|0 fnt
|faint|p1a: Charizard
|
|-weather|SunnyDay|[upkeep]
|
|switch|p1a: Kyurem-Black|Kyurem-Black|391\/391
|-ability|p1a: Kyurem-Black|Teravolt
|turn|16
|
|move|p2a: Wright|Roost|p2a: Wright
|-heal|p2a: Wright|329\/329
|move|p1a: Kyurem-Black|Outrage|p2a: Wright
|-damage|p2a: Wright|0 fnt
|faint|p2a: Wright
|
|win|Reverb
|raw|Ladder updating...
|c|âReverb|gg
|raw|Reverb's rating: 1482 &rarr; <strong>1505<\/strong><br \/>(+23 for winning)
|raw|Silverbacks's rating: 1544 &rarr; <strong>1521<\/strong><br \/>(-23 for losing)
|c|âSilverbacks|gg
|leave|Squirrelll