|join|Silverbacks
|join|Frntier Magnus
|player|p1|Silverbacks|106
|player|p2|Frntier Magnus|162
|gametype|singles
|gen|6
|tier|OU (suspect test)
|rated
|clearpoke
|poke|p1|Latias, F
|poke|p1|Azumarill, M
|poke|p1|Azelf
|poke|p1|Mamoswine, M
|poke|p1|Scizor, F
|poke|p1|Talonflame, M
|poke|p2|Slowbro, F
|poke|p2|Latios, M
|poke|p2|Heatran, F
|poke|p2|Scizor, M
|poke|p2|Clefable, F
|poke|p2|Terrakion
|rule|Swagger Clause: Swagger is banned
|rule|Baton Pass Clause: Limit one PokÃ©mon knowing Baton Pass
|rule|Sleep Clause Mod: Limit one foe put to sleep
|rule|Species Clause: Limit one of each PokÃ©mon
|rule|OHKO Clause: OHKO moves are banned
|rule|Moody Clause: Moody is banned
|rule|Evasion Moves Clause: Evasion moves are banned
|rule|Endless Battle Clause: Forcing endless battles is banned
|rule|HP Percentage Mod: HP is shown in percentages
|teampreview
|
|start
|switch|p1a: Kamikaze|Azelf|291\/291
|switch|p2a: Slowbro|Slowbro, F|394\/394
|turn|1
|
|move|p1a: Kamikaze|Stealth Rock|p2a: Slowbro
|-sidestart|p2: Frntier Magnus|move: Stealth Rock
|move|p2a: Slowbro|Scald|p1a: Kamikaze
|-damage|p1a: Kamikaze|149\/291
|
|turn|2
|
|move|p1a: Kamikaze|Taunt|p2a: Slowbro
|-start|p2a: Slowbro|move: Taunt
|move|p2a: Slowbro|Scald|p1a: Kamikaze
|-damage|p1a: Kamikaze|0 fnt
|faint|p1a: Kamikaze
|
|
|switch|p1a: Throwback|Latias, F|364\/364
|turn|3
|
|switch|p1a: Tsubaki|Scizor, F|311\/311
|switch|p2a: Clefable|Clefable, F|394\/394
|
|turn|4
|
|switch|p2a: Scizor|Scizor, M|342\/342
|-damage|p2a: Scizor|300\/342|[from] Stealth Rock
|move|p1a: Tsubaki|Swords Dance|p1a: Tsubaki
|-boost|p1a: Tsubaki|atk|2
|
|turn|5
|
|detailschange|p2a: Scizor|Scizor-Mega, M
|-mega|p2a: Scizor|Scizor|Scizorite
|move|p1a: Tsubaki|Superpower|p2a: Scizor
|-damage|p2a: Scizor|108\/342
|-unboost|p1a: Tsubaki|atk|1
|-unboost|p1a: Tsubaki|def|1
|-damage|p1a: Tsubaki|280\/311|[from] item: Life Orb
|move|p2a: Scizor|Swords Dance|p2a: Scizor
|-boost|p2a: Scizor|atk|2
|
|turn|6
|
|switch|p1a: Wright|Talonflame, M|329\/329
|move|p2a: Scizor|Bullet Punch|p1a: Wright
|-resisted|p1a: Wright
|-damage|p1a: Wright|186\/329
|
|turn|7
|
|switch|p2a: Slowbro|Slowbro, F|394\/394
|-damage|p2a: Slowbro|345\/394|[from] Stealth Rock
|move|p1a: Wright|Swords Dance|p1a: Wright
|-boost|p1a: Wright|atk|2
|
|-heal|p2a: Slowbro|369\/394|[from] item: Leftovers
|turn|8
|
|move|p1a: Wright|Acrobatics|p2a: Slowbro
|-damage|p2a: Slowbro|182\/394
|move|p2a: Slowbro|Scald|p1a: Wright
|-supereffective|p1a: Wright
|-damage|p1a: Wright|0 fnt
|faint|p1a: Wright
|
|-heal|p2a: Slowbro|206\/394|[from] item: Leftovers
|
|switch|p1a: Tsubaki|Scizor, F|280\/311
|turn|9
|
|switch|p2a: Scizor|Scizor-Mega, M|108\/342
|-damage|p2a: Scizor|66\/342|[from] Stealth Rock
|move|p1a: Tsubaki|Bug Bite|p2a: Scizor
|-resisted|p2a: Scizor
|-damage|p2a: Scizor|4\/342
|-damage|p1a: Tsubaki|249\/311|[from] item: Life Orb
|
|turn|10
|
|move|p1a: Tsubaki|Bullet Punch|p2a: Scizor
|-resisted|p2a: Scizor
|-damage|p2a: Scizor|0 fnt
|-damage|p1a: Tsubaki|218\/311|[from] item: Life Orb
|faint|p2a: Scizor
|
|
|switch|p2a: Slowbro|Slowbro, F|337\/394
|-damage|p2a: Slowbro|288\/394|[from] Stealth Rock
|turn|11
|
|move|p1a: Tsubaki|Bug Bite|p2a: Slowbro
|-supereffective|p2a: Slowbro
|-damage|p2a: Slowbro|5\/394
|-damage|p1a: Tsubaki|187\/311|[from] item: Life Orb
|move|p2a: Slowbro|Scald|p1a: Tsubaki
|-damage|p1a: Tsubaki|73\/311
|
|-heal|p2a: Slowbro|29\/394|[from] item: Leftovers
|turn|12
|
|move|p1a: Tsubaki|Bug Bite|p2a: Slowbro
|-supereffective|p2a: Slowbro
|-damage|p2a: Slowbro|0 fnt
|-damage|p1a: Tsubaki|42\/311|[from] item: Life Orb
|faint|p2a: Slowbro
|
|
|switch|p2a: Latios|Latios, M|302\/302
|-damage|p2a: Latios|265\/302|[from] Stealth Rock
|turn|13
|
|switch|p2a: Heatran|Heatran, F|385\/385
|-damage|p2a: Heatran|337\/385|[from] Stealth Rock
|switch|p1a: Bud|Azumarill, M|404\/404
|
|-heal|p2a: Heatran|361\/385|[from] item: Leftovers
|turn|14
|
|move|p2a: Heatran|Lava Plume|p1a: Bud
|-resisted|p1a: Bud
|-damage|p1a: Bud|353\/404
|move|p1a: Bud|Waterfall|p2a: Heatran
|-supereffective|p2a: Heatran
|-damage|p2a: Heatran|35\/385
|
|-heal|p2a: Heatran|59\/385|[from] item: Leftovers
|turn|15
|
|move|p1a: Bud|Aqua Jet|p2a: Heatran
|-supereffective|p2a: Heatran
|-damage|p2a: Heatran|0 fnt
|faint|p2a: Heatran
|
|
|switch|p2a: Clefable|Clefable, F|394\/394
|turn|16
|
|switch|p1a: Tsubaki|Scizor, F|42\/311
|move|p2a: Clefable|Moonblast|p1a: Tsubaki
|-resisted|p1a: Tsubaki
|-damage|p1a: Tsubaki|0 fnt
|faint|p1a: Tsubaki
|
|
|switch|p1a: Tusk|Mamoswine, M|361\/361
|turn|17
|
|move|p1a: Tusk|Earthquake|p2a: Clefable
|-damage|p2a: Clefable|155\/394
|-damage|p1a: Tusk|325\/361|[from] item: Life Orb
|move|p2a: Clefable|Moonblast|p1a: Tusk
|-damage|p1a: Tusk|148\/361
|
|-heal|p2a: Clefable|179\/394|[from] item: Leftovers
|turn|18
|
|switch|p2a: Latios|Latios, M|265\/302
|-damage|p2a: Latios|228\/302|[from] Stealth Rock
|move|p1a: Tusk|Earthquake|p2a: Latios
|-immune|p2a: Latios|[msg]
|
|turn|19
|
|switch|p2a: Terrakion|Terrakion|324\/324
|-damage|p2a: Terrakion|304\/324|[from] Stealth Rock
|move|p1a: Tusk|Ice Shard|p2a: Terrakion
|-damage|p2a: Terrakion|199\/324
|-damage|p1a: Tusk|112\/361|[from] item: Life Orb
|
|turn|20
|
|move|p2a: Terrakion|Close Combat|p1a: Tusk
|-supereffective|p1a: Tusk
|-damage|p1a: Tusk|0 fnt
|-unboost|p2a: Terrakion|def|1
|-unboost|p2a: Terrakion|spd|1
|faint|p1a: Tusk
|
|
|switch|p1a: Throwback|Latias, F|364\/364
|turn|21
|
|switch|p2a: Latios|Latios, M|228\/302
|-damage|p2a: Latios|191\/302|[from] Stealth Rock
|detailschange|p1a: Throwback|Latias-Mega, F
|-mega|p1a: Throwback|Latias|Latiasite
|move|p1a: Throwback|Calm Mind|p1a: Throwback
|-boost|p1a: Throwback|spa|1
|-boost|p1a: Throwback|spd|1
|
|turn|22
|
|move|p2a: Latios|Draco Meteor|p1a: Throwback
|-crit|p1a: Throwback
|-supereffective|p1a: Throwback
|-damage|p1a: Throwback|0 fnt
|-unboost|p2a: Latios|spa|2
|faint|p1a: Throwback
|
|c|âSilverbacks|FUCK
|c|âSilverbacks|me
|
|switch|p1a: Bud|Azumarill, M|353\/404
|turn|23
|c|âSilverbacks|with a rusty screw driver
|
|switch|p2a: Terrakion|Terrakion|199\/324
|-damage|p2a: Terrakion|179\/324|[from] Stealth Rock
|move|p1a: Bud|Play Rough|p2a: Terrakion
|-supereffective|p2a: Terrakion
|-damage|p2a: Terrakion|0 fnt
|faint|p2a: Terrakion
|
|c|âSilverbacks|can psyshok miss
|c|âSilverbacks|and softboiled
|c|âSilverbacks|miss
|c|âSilverbacks|cuz
|c|âSilverbacks|i had this game
|c|âSilverbacks|:(
|c|âSilverbacks|I hate my luck
|
|switch|p2a: Latios|Latios, M|191\/302
|-damage|p2a: Latios|154\/302|[from] Stealth Rock
|turn|24
|c|âSilverbacks|XD
|
|move|p2a: Latios|Psyshock|p1a: Bud
|-damage|p1a: Bud|181\/404
|move|p1a: Bud|Play Rough|p2a: Latios
|-supereffective|p2a: Latios
|-damage|p2a: Latios|0 fnt
|faint|p2a: Latios
|
|
|switch|p2a: Clefable|Clefable, F|179\/394
|turn|25
|
|move|p2a: Clefable|Soft-Boiled|p2a: Clefable
|-heal|p2a: Clefable|376\/394
|move|p1a: Bud|Play Rough|p2a: Clefable
|-crit|p2a: Clefable
|-damage|p2a: Clefable|67\/394
|
|-heal|p2a: Clefable|91\/394|[from] item: Leftovers
|turn|26
|
|move|p1a: Bud|Aqua Jet|p2a: Clefable
|-damage|p2a: Clefable|0 fnt
|faint|p2a: Clefable
|
|win|Silverbacks
|raw|Ladder updating...
|raw|Silverbacks's rating: 1321 &rarr; <strong>1338<\/strong><br \/>(+17 for winning)
|raw|Frntier Magnus's rating: 1268 &rarr; <strong>1247<\/strong><br \/>(-21 for losing)
|c|âSilverbacks|Wow