|join|Richizen
|join|femt6
|player|p1|Richizen|1
|player|p2|femt6|102
|gametype|singles
|gen|6
|tier|OU
|rated
|clearpoke
|poke|p1|Ferrothorn, M, shiny
|poke|p1|Gallade, M
|poke|p1|Greninja, M, shiny
|poke|p1|Excadrill, M
|poke|p1|Gothitelle, F
|poke|p1|Clefable, F, shiny
|poke|p2|Beedrill, F
|poke|p2|Magnezone
|poke|p2|Rotom-Wash
|poke|p2|Landorus-Therian, M
|poke|p2|Azumarill, M
|poke|p2|Latios, M
|rule|Swagger Clause: Swagger is banned
|rule|Baton Pass Clause: Limit one PokÃ©mon knowing Baton Pass
|rule|Sleep Clause Mod: Limit one foe put to sleep
|rule|Species Clause: Limit one of each PokÃ©mon
|rule|OHKO Clause: OHKO moves are banned
|rule|Moody Clause: Moody is banned
|rule|Evasion Moves Clause: Evasion moves are banned
|rule|Endless Battle Clause: Forcing endless battles is banned
|rule|HP Percentage Mod: HP is shown in percentages
|teampreview
|
|start
|switch|p1a: Ferrothorn|Ferrothorn, M, shiny|352\/352
|switch|p2a: Rotom-Wash|Rotom-Wash|303\/303
|turn|1
|
|move|p2a: Rotom-Wash|Volt Switch|p1a: Ferrothorn
|-resisted|p1a: Ferrothorn
|-damage|p1a: Ferrothorn|313\/352
|
|switch|p2a: Magnezone|Magnezone|281\/281
|move|p1a: Ferrothorn|Stealth Rock|p2a: Magnezone
|-sidestart|p2: femt6|move: Stealth Rock
|
|-heal|p1a: Ferrothorn|335\/352|[from] item: Leftovers
|turn|2
|
|move|p2a: Magnezone|Hidden Power|p1a: Ferrothorn
|-supereffective|p1a: Ferrothorn
|-damage|p1a: Ferrothorn|83\/352
|move|p1a: Ferrothorn|Spikes|p2a: Magnezone
|-sidestart|p2: femt6|Spikes
|
|-heal|p1a: Ferrothorn|105\/352|[from] item: Leftovers
|turn|3
|
|move|p2a: Magnezone|Hidden Power|p1a: Ferrothorn
|-supereffective|p1a: Ferrothorn
|-damage|p1a: Ferrothorn|0 fnt
|faint|p1a: Ferrothorn
|
|
|switch|p1a: Gallade|Gallade, M|302\/302
|turn|4
|
|switch|p2a: Latios|Latios, M|301\/301
|-damage|p2a: Latios|264\/301|[from] Stealth Rock
|detailschange|p1a: Gallade|Gallade-Mega, M
|message|Gallade has Mega Evolved into Mega Gallade!
|move|p1a: Gallade|Bulk Up|p1a: Gallade
|-boost|p1a: Gallade|atk|1
|-boost|p1a: Gallade|def|1
|
|turn|5
|
|move|p2a: Latios|Defog|p1a: Gallade
|-unboost|p1a: Gallade|evasion|1
|-sideend|p2: femt6|Spikes|[from] move: Defog|[of] p2a: Latios
|-sideend|p2: femt6|Stealth Rock|[from] move: Defog|[of] p2a: Latios
|move|p1a: Gallade|Ice Punch|p2a: Latios
|-supereffective|p2a: Latios
|-damage|p2a: Latios|0 fnt
|faint|p2a: Latios
|
|
|switch|p2a: Azumarill|Azumarill, M|401\/401
|turn|6
|
|move|p1a: Gallade|Skill Swap|p2a: Azumarill
|-activate|p1a: Gallade|move: Skill Swap|Huge Power|Inner Focus|[of] p2a: Azumarill
|move|p2a: Azumarill|Play Rough|p1a: Gallade
|-supereffective|p1a: Gallade
|-damage|p1a: Gallade|174\/302
|
|turn|7
|
|switch|p2a: Landorus-Therian|Landorus-Therian, M|382\/382
|-ability|p2a: Landorus-Therian|Intimidate|[of] p1a: Gallade
|-unboost|p1a: Gallade|atk|1
|move|p1a: Gallade|Bulk Up|p1a: Gallade
|-boost|p1a: Gallade|atk|1
|-boost|p1a: Gallade|def|1
|
|turn|8
|
|move|p1a: Gallade|Drain Punch|p2a: Landorus-Therian
|-resisted|p2a: Landorus-Therian
|-damage|p2a: Landorus-Therian|210\/382
|-heal|p1a: Gallade|260\/302|[from] drain|[of] p2a: Landorus-Therian
|move|p2a: Landorus-Therian|Earthquake|p1a: Gallade
|-damage|p1a: Gallade|173\/302
|
|-heal|p2a: Landorus-Therian|233\/382|[from] item: Leftovers
|turn|9
|
|move|p1a: Gallade|Bulk Up|p1a: Gallade
|-boost|p1a: Gallade|atk|1
|-boost|p1a: Gallade|def|1
|move|p2a: Landorus-Therian|U-turn|p1a: Gallade
|-damage|p1a: Gallade|144\/302
|
|switch|p2a: Beedrill|Beedrill, F|272\/272
|
|turn|10
|
|detailschange|p2a: Beedrill|Beedrill-Mega, F
|message|Beedrill has Mega Evolved into Mega Beedrill!
|move|p1a: Gallade|Drain Punch|p2a: Beedrill
|-resisted|p2a: Beedrill
|-damage|p2a: Beedrill|0 fnt
|-heal|p1a: Gallade|280\/302|[from] drain|[of] p2a: Beedrill
|faint|p2a: Beedrill
|
|
|switch|p2a: Landorus-Therian|Landorus-Therian, M|233\/382
|-ability|p2a: Landorus-Therian|Intimidate|[of] p1a: Gallade
|-unboost|p1a: Gallade|atk|1
|turn|11
|
|move|p1a: Gallade|Ice Punch|p2a: Landorus-Therian
|-supereffective|p2a: Landorus-Therian
|-damage|p2a: Landorus-Therian|0 fnt
|faint|p2a: Landorus-Therian
|
|
|switch|p2a: Azumarill|Azumarill, M|401\/401
|turn|12
|
|move|p1a: Gallade|Bulk Up|p1a: Gallade
|-boost|p1a: Gallade|atk|1
|-boost|p1a: Gallade|def|1
|move|p2a: Azumarill|Play Rough|p1a: Gallade
|-supereffective|p1a: Gallade
|-damage|p1a: Gallade|140\/302
|
|turn|13
|
|move|p1a: Gallade|Drain Punch|p2a: Azumarill
|-resisted|p2a: Azumarill
|-damage|p2a: Azumarill|30\/401
|-heal|p1a: Gallade|302\/302|[from] drain|[of] p2a: Azumarill
|move|p2a: Azumarill|Play Rough|p1a: Gallade
|-supereffective|p1a: Gallade
|-damage|p1a: Gallade|164\/302
|
|turn|14
|-message|femt6 forfeited.
|
|win|Richizen
|raw|Ladder updating...
|leave|femt6
|player|p2