|join|pussy eater red
|join|femt6
|player|p1|pussy eater red|162
|player|p2|femt6|2
|gametype|singles
|gen|6
|tier|OU
|clearpoke
|poke|p1|Pikachu, F
|poke|p1|Charizard, F
|poke|p1|Blastoise, M
|poke|p1|Venusaur, M
|poke|p1|Snorlax, M
|poke|p1|Espeon, F
|poke|p2|Tyranitar, M
|poke|p2|Landorus, M
|poke|p2|Talonflame, M
|poke|p2|Latias, F
|poke|p2|Rotom-Wash
|poke|p2|Azumarill, M
|rule|Sleep Clause Mod: Limit one foe put to sleep
|rule|Species Clause: Limit one of each Pokemon
|rule|OHKO Clause: OHKO moves are banned
|rule|Moody Clause: Moody is banned
|rule|Evasion Moves Clause: Evasion moves are banned
|rule|Endless Battle Clause: Forcing endless battles is banned.
|rule|HP Percentage Mod: HP is reported as percentages
|teampreview
|join|Tdashi
|
|start
|switch|p1a: Chupzard|Charizard, F|298\/298
|switch|p2a: Rotom-Wash|Rotom-Wash|303\/303
|turn|1
|
|switch|p1a: Rapechu|Pikachu, F|212\/212
|switch|p2a: Latias|Latias, F|319\/319
|
|turn|2
|
|move|p1a: Rapechu|Fake Out|p2a: Latias
|-damage|p2a: Latias|255\/319
|cant|p2a: Latias|flinch
|
|turn|3
|
|switch|p1a: Analeon|Espeon, F|272\/272
|move|p2a: Latias|Draco Meteor|p1a: Analeon
|-crit|p1a: Analeon
|-damage|p1a: Analeon|0 fnt
|-unboost|p2a: Latias|spa|2
|-damage|p2a: Latias|224\/319|[from] item: Life Orb
|faint|p1a: Analeon
|
|
|switch|p1a: Chupzard|Charizard, F|298\/298
|turn|4
|
|switch|p2a: Rotom-Wash|Rotom-Wash|303\/303
|move|p1a: Chupzard|Belly Drum|p1a: Chupzard
|-damage|p1a: Chupzard|149\/298
|-setboost|p1a: Chupzard|atk|6|[from] move: Belly Drum
|
|turn|5
|
|move|p1a: Chupzard|Fire Punch|p2a: Rotom-Wash
|-resisted|p2a: Rotom-Wash
|-damage|p2a: Rotom-Wash|158\/303
|move|p2a: Rotom-Wash|Volt Switch|p1a: Chupzard
|-supereffective|p1a: Chupzard
|-damage|p1a: Chupzard|0 fnt
|faint|p1a: Chupzard
|chat|Tdashi|Meu
|chat|Tdashi|Deus
|
|switch|p2a: Tyranitar|Tyranitar, M|342\/342
|-weather|Sandstorm
|
|-weather|Sandstorm|[upkeep]
|chat|pussy eater red|jÃ¡ deu pra perceber que eu sou da zuera nÃ£o Ã©
|chat|femt6|kkkkkkkkkkkkkk
|
|switch|p1a: Blastdick|Blastoise, M|362\/362
|turn|6
|
|detailschange|p2a: Tyranitar|Tyranitar-Mega, M
|message|Tyranitar has Mega Evolved into Mega Tyranitar!
|detailschange|p1a: Blastdick|Blastoise-Mega, M
|message|Blastoise has Mega Evolved into Mega Blastoise!
|move|p2a: Tyranitar|Dragon Dance|p2a: Tyranitar
|-boost|p2a: Tyranitar|atk|1
|-boost|p2a: Tyranitar|spe|1
|move|p1a: Blastdick|Water Pulse|p2a: Tyranitar
|-supereffective|p2a: Tyranitar
|-damage|p2a: Tyranitar|136\/342
|
|-weather|Sandstorm|[upkeep]
|-damage|p1a: Blastdick|340\/362|[from] sandstorm
|turn|7
|
|move|p2a: Tyranitar|Stone Edge|p1a: Blastdick|[miss]
|-miss|p2a: Tyranitar|p1a: Blastdick
|move|p1a: Blastdick|Aura Sphere|p2a: Tyranitar
|-supereffective|p2a: Tyranitar
|-damage|p2a: Tyranitar|0 fnt
|faint|p2a: Tyranitar
|
|-weather|Sandstorm|[upkeep]
|-damage|p1a: Blastdick|318\/362|[from] sandstorm
|
|switch|p2a: Azumarill|Azumarill, M|403\/403
|turn|8
|
|switch|p1a: Blowmesaur|Venusaur, M|333\/333
|move|p2a: Azumarill|Play Rough|p1a: Blowmesaur
|-resisted|p1a: Blowmesaur
|-damage|p1a: Blowmesaur|224\/333
|-unboost|p1a: Blowmesaur|atk|1
|
|-weather|Sandstorm|[upkeep]
|-damage|p1a: Blowmesaur|204\/333|[from] sandstorm
|-damage|p2a: Azumarill|378\/403|[from] sandstorm
|turn|9
|
|switch|p2a: Latias|Latias, F|224\/319
|move|p1a: Blowmesaur|Sleep Powder|p2a: Latias
|-status|p2a: Latias|slp
|
|-weather|none
|turn|10
|
|switch|p2a: Landorus|Landorus, M|319\/319
|switch|p1a: Fucklax|Snorlax, M|524\/524
|
|turn|11
|
|move|p2a: Landorus|Stealth Rock|p1a: Fucklax
|-sidestart|p1: pussy eater red|move: Stealth Rock
|move|p1a: Fucklax|Curse|p1a: Fucklax
|-boost|p1a: Fucklax|atk|1
|-boost|p1a: Fucklax|def|1
|-unboost|p1a: Fucklax|spe|1
|
|turn|12
|
|move|p2a: Landorus|Focus Blast|p1a: Fucklax
|-supereffective|p1a: Fucklax
|-damage|p1a: Fucklax|183\/524
|move|p1a: Fucklax|Curse|p1a: Fucklax
|-boost|p1a: Fucklax|atk|1
|-boost|p1a: Fucklax|def|1
|-unboost|p1a: Fucklax|spe|1
|
|turn|13
|join|Weynee
|
|move|p2a: Landorus|Focus Blast|p1a: Fucklax
|-supereffective|p1a: Fucklax
|-damage|p1a: Fucklax|0 fnt
|faint|p1a: Fucklax
|
|
|switch|p1a: Blastdick|Blastoise-Mega, M|318\/362
|-damage|p1a: Blastdick|273\/362|[from] Stealth Rock
|turn|14
|
|move|p2a: Landorus|Earth Power|p1a: Blastdick
|-damage|p1a: Blastdick|70\/362
|move|p1a: Blastdick|Water Pulse|p2a: Landorus
|-supereffective|p2a: Landorus
|-damage|p2a: Landorus|0 fnt
|faint|p2a: Landorus
|
|
|switch|p2a: Talonflame|Talonflame, M|297\/297
|turn|15
|
|move|p2a: Talonflame|Brave Bird|p1a: Blastdick
|-damage|p1a: Blastdick|0 fnt
|-damage|p2a: Talonflame|274\/297|[from] recoil|[of] p1a: Blastdick
|faint|p1a: Blastdick
|
|
|switch|p1a: Rapechu|Pikachu, F|212\/212
|-damage|p1a: Rapechu|186\/212|[from] Stealth Rock
|turn|16
|chat|Weynee|senhor
|chat|Weynee|jesus
|
|switch|p2a: Latias|Latias, F|224\/319 slp
|move|p1a: Rapechu|Fake Out|p2a: Latias
|-damage|p2a: Latias|164\/319 slp
|
|turn|17
|
|cant|p2a: Latias|slp
|move|p1a: Rapechu|Volt Tackle|p2a: Latias
|-resisted|p2a: Latias
|-damage|p2a: Latias|32\/319 slp
|-damage|p1a: Rapechu|142\/212|[from] recoil|[of] p2a: Latias
|
|turn|18
|chat|femt6|=[
|chat|pussy eater red|heuheuheuhe
|
|cant|p2a: Latias|slp
|move|p1a: Rapechu|Volt Tackle|p2a: Latias
|-crit|p2a: Latias
|-resisted|p2a: Latias
|-damage|p2a: Latias|0 fnt
|-damage|p1a: Rapechu|131\/212|[from] recoil|[of] p2a: Latias
|faint|p2a: Latias
|
|
|switch|p2a: Azumarill|Azumarill, M|378\/403
|turn|19
|
|move|p2a: Azumarill|Aqua Jet|p1a: Rapechu
|-damage|p1a: Rapechu|0 fnt
|faint|p1a: Rapechu
|
|
|switch|p1a: Blowmesaur|Venusaur, M|204\/333
|-damage|p1a: Blowmesaur|163\/333|[from] Stealth Rock
|turn|20
|chat|Weynee|TU TEM VENU
|chat|pussy eater red|rapechu T.T
|
|move|p1a: Blowmesaur|Sleep Powder|p2a: Azumarill
|-status|p2a: Azumarill|slp
|cant|p2a: Azumarill|slp
|
|turn|21
|chat|Weynee|DEIXOU O PIKA PRA MORRER PQ?
|
|switch|p2a: Rotom-Wash|Rotom-Wash|158\/303
|move|p1a: Blowmesaur|Hidden Power|p2a: Rotom-Wash
|-resisted|p2a: Rotom-Wash
|-damage|p2a: Rotom-Wash|128\/303
|
|turn|22
|chat|pussy eater red|droga ia usar sunny day
|chat|pussy eater red|.-.
|
|move|p1a: Blowmesaur|Sunny Day|p1a: Blowmesaur
|-weather|SunnyDay
|move|p2a: Rotom-Wash|Volt Switch|p1a: Blowmesaur
|-resisted|p1a: Blowmesaur
|-damage|p1a: Blowmesaur|115\/333
|
|switch|p2a: Talonflame|Talonflame, M|274\/297
|
|-weather|SunnyDay|[upkeep]
|turn|23
|chat|Weynee|TU VAI MORRER PRA BRAVE
|chat|Weynee|LOL
|leave|Tdashi
|chat|pussy eater red|touh ligado
|
|move|p2a: Talonflame|Brave Bird|p1a: Blowmesaur
|-supereffective|p1a: Blowmesaur
|-damage|p1a: Blowmesaur|0 fnt
|-damage|p2a: Talonflame|236\/297|[from] recoil|[of] p1a: Blowmesaur
|faint|p1a: Blowmesaur
|
|win|femt6
|chat|pussy eater red|gg
|leave|femt6
|player|p2
|leave|pussy eater red
|player|p1
|leave|Weynee