|join|RomanNWK
|join|femt6
|player|p1|RomanNWK|272
|player|p2|femt6|265
|gametype|singles
|tier|OU
|rated
|rule|Evasion Abilities Clause: Evasion abilities are banned
|clearpoke
|poke|p1|Tyranitar, M, shiny
|poke|p1|Landorus, M, shiny
|poke|p1|Heatran, F, shiny
|poke|p1|Vaporeon, M, shiny
|poke|p1|Breloom, F, shiny
|poke|p1|Reuniclus, F, shiny
|poke|p2|Garchomp, M
|poke|p2|Jellicent, M
|poke|p2|Latios, M
|poke|p2|Forretress, M
|poke|p2|Tyranitar, M
|poke|p2|Breloom, F
|rule|Sleep Clause: Limit one foe put to sleep
|rule|Species Clause: Limit one of each Pokemon
|rule|OHKO Clause: OHKO moves are banned
|rule|Moody Clause: Moody is banned
|rule|Evasion Moves Clause: Evasion moves are banned
|teampreview
|callback|decision
|
|start
|switch|p1a: Breloom|Breloom, F, shiny|264\/264
|switch|p2a: Latios|Latios, M|301\/301
|turn|1
|callback|decision
|
|switch|p1a: Tyranitar|Tyranitar, M, shiny|404\/404
|-weather|Sandstorm|[from] ability: Sand Stream|[of] p1a: Tyranitar
|move|p2a: Latios|Draco Meteor|p1a: Tyranitar
|-damage|p1a: Tyranitar|226\/404
|-unboost|p2a: Latios|spa|2
|
|-weather|Sandstorm|[upkeep]
|-damage|p2a: Latios|283\/301|[from] sandstorm
|turn|2
|callback|decision
|
|move|p2a: Latios|Draco Meteor|p1a: Tyranitar
|-damage|p1a: Tyranitar|136\/404
|-unboost|p2a: Latios|spa|2
|move|p1a: Tyranitar|Pursuit|p2a: Latios
|-crit|p2a: Latios
|-supereffective|p2a: Latios
|-damage|p2a: Latios|0 fnt
|faint|p2a: Latios
|
|-weather|Sandstorm|[upkeep]
|callback|decision
|
|switch|p2a: Garchomp|Garchomp, M|411\/411
|turn|3
|callback|decision
|
|move|p2a: Garchomp|Stealth Rock|p1a: Tyranitar
|-sidestart|p1: RomanNWK|move: Stealth Rock
|move|p1a: Tyranitar|Crunch|p2a: Garchomp
|-damage|p2a: Garchomp|285\/411
|-damage|p1a: Tyranitar|86\/404|[from] ability: Rough Skin|[of] p2a: Garchomp
|-damage|p1a: Tyranitar|19\/404|[from] item: Rocky Helmet|[of] p2a: Garchomp
|-unboost|p2a: Garchomp|def|1
|
|-weather|Sandstorm|[upkeep]
|turn|4
|callback|decision
|
|move|p2a: Garchomp|Earthquake|p1a: Tyranitar
|-crit|p1a: Tyranitar
|-supereffective|p1a: Tyranitar
|-damage|p1a: Tyranitar|0 fnt
|faint|p1a: Tyranitar
|
|-weather|Sandstorm|[upkeep]
|callback|decision
|
|switch|p1a: Landorus|Landorus, M, shiny|319\/319
|-damage|p1a: Landorus|280\/319|[from] Stealth Rock
|turn|5
|callback|decision
|
|switch|p2a: Jellicent|Jellicent, M|404\/404
|move|p1a: Landorus|Hidden Power|p2a: Jellicent
|-resisted|p2a: Jellicent
|-damage|p2a: Jellicent|376\/404
|
|-weather|Sandstorm|[upkeep]
|-damage|p2a: Jellicent|351\/404|[from] sandstorm
|-heal|p2a: Jellicent|376\/404|[from] item: Leftovers
|turn|6
|callback|decision
|
|switch|p1a: Heatran|Heatran, F, shiny|385\/385
|-damage|p1a: Heatran|337\/385|[from] Stealth Rock
|-item|p1a: Heatran|Air Balloon
|move|p2a: Jellicent|Taunt|p1a: Heatran
|-start|p1a: Heatran|move: Taunt
|
|-weather|Sandstorm|[upkeep]
|-damage|p2a: Jellicent|351\/404|[from] sandstorm
|-heal|p2a: Jellicent|376\/404|[from] item: Leftovers
|turn|7
|callback|decision
|
|switch|p1a: Breloom|Breloom, F, shiny|264\/264
|-damage|p1a: Breloom|248\/264|[from] Stealth Rock
|move|p2a: Jellicent|Will-O-Wisp|p1a: Breloom
|-status|p1a: Breloom|brn
|
|-weather|Sandstorm|[upkeep]
|-damage|p1a: Breloom|232\/264 brn|[from] sandstorm
|-damage|p2a: Jellicent|351\/404|[from] sandstorm
|-heal|p2a: Jellicent|376\/404|[from] item: Leftovers
|-damage|p1a: Breloom|199\/264 brn|[from] brn
|turn|8
|callback|decision
|
|switch|p1a: Reuniclus|Reuniclus, F, shiny|424\/424
|switch|p2a: Tyranitar|Tyranitar, M|342\/342
|
|-weather|Sandstorm|[upkeep]
|turn|9
|callback|decision
|
|move|p2a: Tyranitar|Crunch|p1a: Reuniclus
|-supereffective|p1a: Reuniclus
|-damage|p1a: Reuniclus|164\/424
|-unboost|p1a: Reuniclus|def|1
|move|p1a: Reuniclus|Focus Blast|p2a: Tyranitar|[miss]
|-miss|p1a: Reuniclus|p2a: Tyranitar
|
|-weather|Sandstorm|[upkeep]
|turn|10
|callback|decision
|
|move|p2a: Tyranitar|Crunch|p1a: Reuniclus
|-supereffective|p1a: Reuniclus
|-damage|p1a: Reuniclus|0 fnt
|faint|p1a: Reuniclus
|
|-weather|Sandstorm|[upkeep]
|callback|decision
|
|switch|p1a: Landorus|Landorus, M, shiny|280\/319
|-damage|p1a: Landorus|241\/319|[from] Stealth Rock
|turn|11
|callback|decision
|
|move|p1a: Landorus|Earthquake|p2a: Tyranitar
|-supereffective|p2a: Tyranitar
|-damage|p2a: Tyranitar|0 fnt
|faint|p2a: Tyranitar
|
|-weather|Sandstorm|[upkeep]
|callback|decision
|
|switch|p2a: Breloom|Breloom, F|262\/262
|turn|12
|callback|decision
|
|move|p1a: Landorus|Earthquake|p2a: Breloom
|-resisted|p2a: Breloom
|-damage|p2a: Breloom|127\/262
|move|p2a: Breloom|Spore|p1a: Landorus
|-status|p1a: Landorus|slp
|
|-weather|Sandstorm|[upkeep]
|-damage|p2a: Breloom|111\/262|[from] sandstorm
|turn|13
|callback|decision
|
|cant|p1a: Landorus|slp
|move|p2a: Breloom|Swords Dance|p2a: Breloom
|-boost|p2a: Breloom|atk|2
|
|-weather|Sandstorm|[upkeep]
|-damage|p2a: Breloom|95\/262|[from] sandstorm
|turn|14
|callback|decision
|
|cant|p1a: Landorus|slp
|move|p2a: Breloom|Bullet Seed|p1a: Landorus
|-damage|p1a: Landorus|52\/319 slp
|-damage|p1a: Landorus|0 fnt
|-hitcount|p1a: Landorus|2
|-damage|p2a: Breloom|69\/262|[from] item: Life Orb
|faint|p1a: Landorus
|
|-weather|Sandstorm|[upkeep]
|-damage|p2a: Breloom|53\/262|[from] sandstorm
|callback|decision
|
|switch|p1a: Breloom|Breloom, F, shiny|199\/264 brn
|-damage|p1a: Breloom|183\/264 brn|[from] Stealth Rock
|turn|15
|callback|decision
|
|move|p2a: Breloom|Mach Punch|p1a: Breloom
|-damage|p1a: Breloom|0 fnt
|-damage|p2a: Breloom|27\/262|[from] item: Life Orb
|faint|p1a: Breloom
|
|-weather|Sandstorm|[upkeep]
|-damage|p2a: Breloom|11\/262|[from] sandstorm
|callback|decision
|
|switch|p1a: Heatran|Heatran, F, shiny|337\/385
|-damage|p1a: Heatran|289\/385|[from] Stealth Rock
|-item|p1a: Heatran|Air Balloon
|turn|16
|callback|decision
|
|move|p2a: Breloom|Mach Punch|p1a: Heatran
|-supereffective|p1a: Heatran
|-damage|p1a: Heatran|0 fnt
|-enditem|p1a: Heatran|Air Balloon
|-damage|p2a: Breloom|0 fnt|[from] item: Life Orb
|faint|p1a: Heatran
|faint|p2a: Breloom
|
|-weather|Sandstorm|[upkeep]
|callback|decision
|
|switch|p2a: Jellicent|Jellicent, M|376\/404
|switch|p1a: Vaporeon|Vaporeon, M, shiny|463\/463
|-damage|p1a: Vaporeon|406\/463|[from] Stealth Rock
|turn|17
|callback|decision
|
|move|p2a: Jellicent|Taunt|p1a: Vaporeon
|-start|p1a: Vaporeon|move: Taunt
|cant|p1a: Vaporeon|move: Taunt|Wish
|
|-weather|Sandstorm|[upkeep]
|-damage|p2a: Jellicent|351\/404|[from] sandstorm
|-damage|p1a: Vaporeon|378\/463|[from] sandstorm
|-heal|p2a: Jellicent|376\/404|[from] item: Leftovers
|-heal|p1a: Vaporeon|406\/463|[from] item: Leftovers
|turn|18
|callback|decision
|
|move|p2a: Jellicent|Will-O-Wisp|p1a: Vaporeon
|-status|p1a: Vaporeon|brn
|move|p1a: Vaporeon|Scald|p2a: Jellicent
|-heal|p2a: Jellicent|404\/404|[from] ability: Water Absorb|[of] p1a: Vaporeon
|
|-weather|Sandstorm|[upkeep]
|-damage|p2a: Jellicent|379\/404|[from] sandstorm
|-damage|p1a: Vaporeon|378\/463 brn|[from] sandstorm
|-heal|p2a: Jellicent|404\/404|[from] item: Leftovers
|-heal|p1a: Vaporeon|406\/463 brn|[from] item: Leftovers
|-damage|p1a: Vaporeon|349\/463 brn|[from] brn
|turn|19
|callback|decision
|chat|femt6|gg
|
|move|p2a: Jellicent|Will-O-Wisp|p1a: Vaporeon|[miss]
|-miss|p2a: Jellicent|p1a: Vaporeon
|move|p1a: Vaporeon|Scald|p2a: Jellicent
|
|-weather|Sandstorm|[upkeep]
|-damage|p2a: Jellicent|379\/404|[from] sandstorm
|-damage|p1a: Vaporeon|321\/463 brn|[from] sandstorm
|-heal|p2a: Jellicent|404\/404|[from] item: Leftovers
|-heal|p1a: Vaporeon|349\/463 brn|[from] item: Leftovers
|-damage|p1a: Vaporeon|292\/463 brn|[from] brn
|-end|p1a: Vaporeon|move: Taunt
|turn|20
|callback|decision
|-message|RomanNWK forfeited.
|
|win|femt6
|raw|Ladder updating...
|raw|RomanNWK's rating: 1705 &rarr; <strong>1703<\/strong><br \/>(-2 for losing)
|raw|femt6's rating: 1772 &rarr; <strong>1775<\/strong><br \/>(+3 for winning)
|leave|RomanNWK
|player|p1