|join|femt6
|join|Chingz
|player|p1|femt6|101
|player|p2|Chingz|266
|gametype|singles
|tier|OU
|rated
|rule|Evasion Abilities Clause: Evasion abilities are banned
|clearpoke
|poke|p1|Politoed, M
|poke|p1|Gyarados, M
|poke|p1|Jirachi
|poke|p1|Mamoswine, M
|poke|p1|Celebi
|poke|p1|Tentacruel, M
|poke|p2|Breloom, F
|poke|p2|Volcarona, F
|poke|p2|Starmie
|poke|p2|Dragonite, F
|poke|p2|Metagross
|poke|p2|Mamoswine, M
|rule|Sleep Clause: Limit one foe put to sleep
|rule|Species Clause: Limit one of each Pokemon
|rule|OHKO Clause: OHKO moves are banned
|rule|Moody Clause: Moody is banned
|rule|Evasion Moves Clause: Evasion moves are banned
|teampreview
|callback|decision
|join|RendijaX
|
|start
|switch|p1a: Gyarados|Gyarados, M|345\/345
|switch|p2a: Breloom|Breloom, F|262\/262
|turn|1
|callback|decision
|
|move|p2a: Breloom|Spore|p1a: Gyarados
|-status|p1a: Gyarados|slp
|cant|p1a: Gyarados|slp
|
|turn|2
|callback|decision
|join|LarryOak
|join|G8rS0x95
|leave|LarryOak
|
|move|p2a: Breloom|Bullet Seed|p1a: Gyarados
|-damage|p1a: Gyarados|257\/345 slp
|-damage|p1a: Gyarados|176\/345 slp
|-damage|p1a: Gyarados|97\/345 slp
|-hitcount|p1a: Gyarados|3
|cant|p1a: Gyarados|slp
|
|-heal|p1a: Gyarados|118\/345 slp|[from] item: Leftovers
|turn|3
|callback|decision
|
|move|p2a: Breloom|Low Sweep|p1a: Gyarados
|-resisted|p1a: Gyarados
|-damage|p1a: Gyarados|28\/345 slp
|-unboost|p1a: Gyarados|spe|1
|-curestatus|p1a: Gyarados|slp
|move|p1a: Gyarados|Bounce|p2a: Breloom|[still]
|-prepare|p1a: Gyarados|Bounce|p2a: Breloom
|
|-heal|p1a: Gyarados|49\/345|[from] item: Leftovers
|turn|4
|callback|decision
|
|switch|p2a: Metagross|Metagross|302\/302
|move|p1a: Gyarados|Bounce|p2a: Metagross|[miss]
|-miss|p1a: Gyarados|p2a: Metagross
|
|-heal|p1a: Gyarados|70\/345|[from] item: Leftovers
|turn|5
|callback|decision
|
|move|p2a: Metagross|Zen Headbutt|p1a: Gyarados
|-damage|p1a: Gyarados|0 fnt
|faint|p1a: Gyarados
|
|callback|decision
|
|switch|p1a: Mamoswine|Mamoswine, M|361\/361
|turn|6
|callback|decision
|
|switch|p2a: Dragonite|Dragonite, F|324\/324
|move|p1a: Mamoswine|Stealth Rock|p2a: Dragonite
|-sidestart|p2: Chingz|move: Stealth Rock
|
|turn|7
|callback|decision
|
|move|p1a: Mamoswine|Ice Shard|p2a: Dragonite
|-supereffective|p2a: Dragonite
|-damage|p2a: Dragonite|128\/324
|-damage|p1a: Mamoswine|325\/361|[from] item: Life Orb
|move|p2a: Dragonite|Outrage|p1a: Mamoswine
|-damage|p1a: Mamoswine|51\/361
|
|turn|8
|callback|decision
|
|move|p1a: Mamoswine|Ice Shard|p2a: Dragonite
|-supereffective|p2a: Dragonite
|-damage|p2a: Dragonite|0 fnt
|-damage|p1a: Mamoswine|15\/361|[from] item: Life Orb
|faint|p2a: Dragonite
|
|callback|decision
|join|Riip
|
|switch|p2a: Starmie|Starmie|262\/262
|-damage|p2a: Starmie|230\/262|[from] Stealth Rock
|turn|9
|callback|decision
|join|johnBIGMEATbravo
|
|move|p2a: Starmie|Rapid Spin|p1a: Mamoswine
|-damage|p1a: Mamoswine|0 fnt
|-sideend|p2: Chingz|Stealth Rock|[from] move: Rapid Spin|[of] p2a: Starmie
|-damage|p2a: Starmie|204\/262|[from] item: Life Orb
|faint|p1a: Mamoswine
|
|callback|decision
|
|switch|p1a: Politoed|Politoed, M|376\/376
|-weather|RainDance|[from] ability: Drizzle|[of] p1a: Politoed
|turn|10
|callback|decision
|
|move|p2a: Starmie|Thunderbolt|p1a: Politoed
|-supereffective|p1a: Politoed
|-damage|p1a: Politoed|128\/376
|-damage|p2a: Starmie|178\/262|[from] item: Life Orb
|move|p1a: Politoed|Hydro Pump|p2a: Starmie
|-resisted|p2a: Starmie
|-damage|p2a: Starmie|0 fnt
|faint|p2a: Starmie
|
|-weather|RainDance|[upkeep]
|callback|decision
|
|switch|p2a: Mamoswine|Mamoswine, M|362\/362
|turn|11
|callback|decision
|
|move|p2a: Mamoswine|Earthquake|p1a: Politoed
|-damage|p1a: Politoed|0 fnt
|faint|p1a: Politoed
|
|-weather|RainDance|[upkeep]
|callback|decision
|
|switch|p1a: Celebi|Celebi|404\/404
|turn|12
|callback|decision
|
|switch|p2a: Volcarona|Volcarona, F|312\/312
|move|p1a: Celebi|Baton Pass|p1a: Celebi
|callback|decision
|
|switch|p1a: Tentacruel|Tentacruel, M|364\/364
|
|-weather|RainDance|[upkeep]
|turn|13
|callback|decision
|
|switch|p2a: Metagross|Metagross|302\/302
|move|p1a: Tentacruel|Scald|p2a: Metagross
|-crit|p2a: Metagross
|-damage|p2a: Metagross|46\/302
|
|-weather|RainDance|[upkeep]
|turn|14
|callback|decision
|
|move|p1a: Tentacruel|Protect|p1a: Tentacruel
|-singleturn|p1a: Tentacruel|Protect
|move|p2a: Metagross|Bullet Punch|p1a: Tentacruel
|-activate|p1a: Tentacruel|Protect
|
|-weather|RainDance|[upkeep]
|turn|15
|callback|decision
|
|move|p2a: Metagross|Bullet Punch|p1a: Tentacruel
|-resisted|p1a: Tentacruel
|-damage|p1a: Tentacruel|307\/364
|move|p1a: Tentacruel|Scald|p2a: Metagross
|-damage|p2a: Metagross|0 fnt
|faint|p2a: Metagross
|
|-weather|RainDance|[upkeep]
|-heal|p1a: Tentacruel|329\/364|[from] ability: Rain Dish
|-heal|p1a: Tentacruel|351\/364|[from] item: Black Sludge
|callback|decision
|
|switch|p2a: Breloom|Breloom, F|262\/262
|turn|16
|callback|decision
|
|switch|p1a: Celebi|Celebi|404\/404
|move|p2a: Breloom|Spore|p1a: Celebi
|-status|p1a: Celebi|slp
|
|-weather|RainDance|[upkeep]
|turn|17
|callback|decision
|
|move|p2a: Breloom|Low Sweep|p1a: Celebi
|-resisted|p1a: Celebi
|-damage|p1a: Celebi|326\/404 slp
|-unboost|p1a: Celebi|spe|1
|cant|p1a: Celebi|slp
|
|-weather|RainDance|[upkeep]
|-heal|p1a: Celebi|351\/404 slp|[from] item: Leftovers
|turn|18
|callback|decision
|
|switch|p2a: Volcarona|Volcarona, F|312\/312
|switch|p1a: Tentacruel|Tentacruel, M|351\/364
|
|-weather|RainDance|[upkeep]
|-heal|p1a: Tentacruel|364\/364|[from] ability: Rain Dish
|turn|19
|callback|decision
|
|switch|p2a: Breloom|Breloom, F|262\/262
|move|p1a: Tentacruel|Toxic|p2a: Breloom
|-status|p2a: Breloom|tox
|
|-weather|RainDance|[upkeep]
|-damage|p2a: Breloom|246\/262 tox|[from] psn
|turn|20
|callback|decision
|
|move|p1a: Tentacruel|Protect|p1a: Tentacruel
|-singleturn|p1a: Tentacruel|Protect
|move|p2a: Breloom|Spore|p1a: Tentacruel
|-activate|p1a: Tentacruel|Protect
|
|-weather|RainDance|[upkeep]
|-damage|p2a: Breloom|214\/262 tox|[from] psn
|turn|21
|callback|decision
|
|switch|p1a: Celebi|Celebi|351\/404
|move|p2a: Breloom|Spore|p1a: Celebi
|-status|p1a: Celebi|slp
|
|-weather|RainDance|[upkeep]
|-heal|p1a: Celebi|376\/404 slp|[from] item: Leftovers
|-damage|p2a: Breloom|166\/262 tox|[from] psn
|turn|22
|callback|decision
|
|move|p2a: Breloom|Bullet Seed|p1a: Celebi
|-crit|p1a: Celebi
|-resisted|p1a: Celebi
|-damage|p1a: Celebi|309\/404 slp
|-resisted|p1a: Celebi
|-damage|p1a: Celebi|273\/404 slp
|-hitcount|p1a: Celebi|2
|cant|p1a: Celebi|slp
|
|-weather|RainDance|[upkeep]
|-heal|p1a: Celebi|298\/404 slp|[from] item: Leftovers
|-damage|p2a: Breloom|102\/262 tox|[from] psn
|turn|23
|callback|decision
|
|switch|p1a: Tentacruel|Tentacruel, M|364\/364
|move|p2a: Breloom|Bullet Seed|p1a: Tentacruel
|-damage|p1a: Tentacruel|301\/364
|-damage|p1a: Tentacruel|241\/364
|-damage|p1a: Tentacruel|171\/364
|-damage|p1a: Tentacruel|104\/364
|-hitcount|p1a: Tentacruel|4
|
|-weather|RainDance|[upkeep]
|-heal|p1a: Tentacruel|126\/364|[from] ability: Rain Dish
|-heal|p1a: Tentacruel|148\/364|[from] item: Black Sludge
|-damage|p2a: Breloom|22\/262 tox|[from] psn
|turn|24
|callback|decision
|leave|G8rS0x95
|
|move|p1a: Tentacruel|Protect|p1a: Tentacruel
|-singleturn|p1a: Tentacruel|Protect
|move|p2a: Breloom|Low Sweep|p1a: Tentacruel
|-activate|p1a: Tentacruel|Protect
|
|-weather|RainDance|[upkeep]
|-heal|p1a: Tentacruel|170\/364|[from] ability: Rain Dish
|-heal|p1a: Tentacruel|192\/364|[from] item: Black Sludge
|-damage|p2a: Breloom|0 fnt|[from] psn
|faint|p2a: Breloom
|callback|decision
|
|switch|p2a: Mamoswine|Mamoswine, M|362\/362
|turn|25
|callback|decision
|
|switch|p1a: Celebi|Celebi|298\/404
|move|p2a: Mamoswine|Earthquake|p1a: Celebi
|-resisted|p1a: Celebi
|-damage|p1a: Celebi|208\/404
|
|-weather|RainDance|[upkeep]
|-heal|p1a: Celebi|233\/404|[from] item: Leftovers
|turn|26
|callback|decision
|
|move|p2a: Mamoswine|Icicle Spear|p1a: Celebi
|-supereffective|p1a: Celebi
|-damage|p1a: Celebi|149\/404
|-supereffective|p1a: Celebi
|-damage|p1a: Celebi|65\/404
|-hitcount|p1a: Celebi|2
|move|p1a: Celebi|Giga Drain|p2a: Mamoswine
|-supereffective|p2a: Mamoswine
|-damage|p2a: Mamoswine|114\/362
|-heal|p1a: Celebi|189\/404|[from] drain|[of] p2a: Mamoswine
|
|-weather|RainDance|[upkeep]
|-heal|p1a: Celebi|214\/404|[from] item: Leftovers
|turn|27
|callback|decision
|
|move|p2a: Mamoswine|Icicle Spear|p1a: Celebi
|-supereffective|p1a: Celebi
|-damage|p1a: Celebi|124\/404
|-supereffective|p1a: Celebi
|-damage|p1a: Celebi|40\/404
|-supereffective|p1a: Celebi
|-damage|p1a: Celebi|0 fnt
|-hitcount|p1a: Celebi|3
|faint|p1a: Celebi
|
|-weather|RainDance|[upkeep]
|callback|decision
|
|switch|p1a: Tentacruel|Tentacruel, M|192\/364
|turn|28
|callback|decision
|
|move|p1a: Tentacruel|Protect|p1a: Tentacruel
|-singleturn|p1a: Tentacruel|Protect
|move|p2a: Mamoswine|Earthquake|p1a: Tentacruel
|-activate|p1a: Tentacruel|Protect
|
|-weather|RainDance|[upkeep]
|-heal|p1a: Tentacruel|214\/364|[from] ability: Rain Dish
|-heal|p1a: Tentacruel|236\/364|[from] item: Black Sludge
|turn|29
|callback|decision
|
|move|p2a: Mamoswine|Earthquake|p1a: Tentacruel
|-crit|p1a: Tentacruel
|-supereffective|p1a: Tentacruel
|-damage|p1a: Tentacruel|0 fnt
|faint|p1a: Tentacruel
|
|-weather|RainDance|[upkeep]
|callback|decision
|
|switch|p1a: Jirachi|Jirachi|404\/404
|turn|30
|callback|decision
|
|move|p2a: Mamoswine|Earthquake|p1a: Jirachi
|-supereffective|p1a: Jirachi
|-damage|p1a: Jirachi|144\/404
|move|p1a: Jirachi|Flash Cannon|p2a: Mamoswine
|-supereffective|p2a: Mamoswine
|-damage|p2a: Mamoswine|0 fnt
|faint|p2a: Mamoswine
|
|-weather|RainDance|[upkeep]
|-heal|p1a: Jirachi|169\/404|[from] item: Leftovers
|callback|decision
|
|switch|p2a: Volcarona|Volcarona, F|312\/312
|turn|31
|callback|decision
|
|move|p2a: Volcarona|Quiver Dance|p2a: Volcarona
|-boost|p2a: Volcarona|spa|1
|-boost|p2a: Volcarona|spd|1
|-boost|p2a: Volcarona|spe|1
|move|p1a: Jirachi|Thunder|p2a: Volcarona
|-damage|p2a: Volcarona|266\/312
|-status|p2a: Volcarona|par
|-enditem|p2a: Volcarona|Lum Berry|[eat]
|-curestatus|p2a: Volcarona|par
|
|-weather|RainDance|[upkeep]
|-heal|p1a: Jirachi|194\/404|[from] item: Leftovers
|turn|32
|callback|decision
|
|move|p2a: Volcarona|Fiery Dance|p1a: Jirachi
|-supereffective|p1a: Jirachi
|-damage|p1a: Jirachi|24\/404
|move|p1a: Jirachi|Thunder|p2a: Volcarona
|-crit|p2a: Volcarona
|-damage|p2a: Volcarona|120\/312
|-status|p2a: Volcarona|par
|
|-weather|RainDance|[upkeep]
|-heal|p1a: Jirachi|49\/404|[from] item: Leftovers
|turn|33
|callback|decision
|
|move|p1a: Jirachi|Wish|p1a: Jirachi
|move|p2a: Volcarona|Bug Buzz|p1a: Jirachi
|-damage|p1a: Jirachi|0 fnt
|faint|p1a: Jirachi
|
|win|Chingz
|raw|Ladder updating...
|raw|femt6's rating: 1777 &rarr; <strong>1773<\/strong><br \/>(-4 for losing)
|raw|Chingz's rating: 1691 &rarr; <strong>1696<\/strong><br \/>(+5 for winning)
|leave|femt6
|player|p1