|join|CaillouShadowAbra
|join|femt6
|player|p1|CaillouShadowAbra|2
|player|p2|femt6|265
|gametype|singles
|tier|OU
|rated
|rule|Evasion Abilities Clause: Evasion abilities are banned
|clearpoke
|poke|p1|Terrakion
|poke|p1|Jirachi
|poke|p1|Rotom-Wash
|poke|p1|Dragonite, F
|poke|p1|Donphan, F
|poke|p1|Scizor, F
|poke|p2|Ninetales, F
|poke|p2|Wobbuffet, M
|poke|p2|Forretress, M
|poke|p2|Chandelure, M
|poke|p2|Dragonite, M
|poke|p2|Venusaur, M
|rule|Sleep Clause: Limit one foe put to sleep
|rule|Species Clause: Limit one of each Pokemon
|rule|OHKO Clause: OHKO moves are banned
|rule|Moody Clause: Moody is banned
|rule|Evasion Moves Clause: Evasion moves are banned
|teampreview
|callback|decision
|
|start
|switch|p1a: Bus Driver|Terrakion|323\/323
|switch|p2a: Ninetales|Ninetales, F|347\/347
|-weather|SunnyDay|[from] ability: Drought|[of] p2a: Ninetales
|turn|1
|callback|decision
|
|switch|p2a: Forretress|Forretress, M|354\/354
|move|p1a: Bus Driver|Substitute|p1a: Bus Driver
|-start|p1a: Bus Driver|Substitute
|-damage|p1a: Bus Driver|243\/323
|
|-weather|SunnyDay|[upkeep]
|turn|2
|callback|decision
|
|move|p1a: Bus Driver|Swords Dance|p1a: Bus Driver
|-boost|p1a: Bus Driver|atk|2
|move|p2a: Forretress|Stealth Rock|p1a: Bus Driver
|-sidestart|p1: CaillouShadowAbra|move: Stealth Rock
|
|-weather|SunnyDay|[upkeep]
|turn|3
|callback|decision
|
|switch|p2a: Chandelure|Chandelure, M|262\/262
|move|p1a: Bus Driver|Close Combat|p2a: Chandelure
|-immune|p2a: Chandelure|[msg]
|
|-weather|SunnyDay|[upkeep]
|turn|4
|callback|decision
|
|move|p2a: Chandelure|SolarBeam|p1a: Bus Driver|[still]
|-prepare|p2a: Chandelure|SolarBeam|p1a: Bus Driver
|-anim|p2a: Chandelure|SolarBeam|p1a: Bus Driver
|-crit|p1a: Bus Driver
|-supereffective|p1a: Bus Driver
|-end|p1a: Bus Driver|Substitute
|move|p1a: Bus Driver|Stone Edge|p2a: Chandelure
|-supereffective|p2a: Chandelure
|-damage|p2a: Chandelure|0 fnt
|faint|p2a: Chandelure
|
|-weather|SunnyDay|[upkeep]
|callback|decision
|
|switch|p2a: Venusaur|Venusaur, M|301\/301
|turn|5
|callback|decision
|
|switch|p1a: Mao Zedong|Scizor, F|343\/343
|-damage|p1a: Mao Zedong|301\/343|[from] Stealth Rock
|move|p2a: Venusaur|Growth|p2a: Venusaur
|-boost|p2a: Venusaur|atk|2
|-boost|p2a: Venusaur|spa|2
|
|-weather|SunnyDay|[upkeep]
|turn|6
|callback|decision
|
|switch|p2a: Ninetales|Ninetales, F|347\/347
|move|p1a: Mao Zedong|Bullet Punch|p2a: Ninetales
|-resisted|p2a: Ninetales
|-damage|p2a: Ninetales|229\/347
|-enditem|p2a: Ninetales|Eject Button
|callback|decision
|
|switch|p2a: Forretress|Forretress, M|354\/354
|
|-weather|SunnyDay|[upkeep]
|turn|7
|callback|decision
|
|switch|p1a: chaos|Donphan, F|384\/384
|-damage|p1a: chaos|360\/384|[from] Stealth Rock
|switch|p2a: Venusaur|Venusaur, M|301\/301
|
|-weather|SunnyDay|[upkeep]
|-heal|p1a: chaos|384\/384|[from] item: Leftovers
|turn|8
|callback|decision
|
|move|p2a: Venusaur|Growth|p2a: Venusaur
|-boost|p2a: Venusaur|atk|2
|-boost|p2a: Venusaur|spa|2
|move|p1a: chaos|Earthquake|p2a: Venusaur
|-damage|p2a: Venusaur|78\/301
|
|-weather|SunnyDay|[upkeep]
|turn|9
|callback|decision
|
|move|p1a: chaos|Ice Shard|p2a: Venusaur
|-crit|p2a: Venusaur
|-supereffective|p2a: Venusaur
|-damage|p2a: Venusaur|0 fnt
|faint|p2a: Venusaur
|
|-weather|SunnyDay|[upkeep]
|callback|decision
|
|switch|p2a: Ninetales|Ninetales, F|229\/347
|turn|10
|callback|decision
|
|move|p2a: Ninetales|Will-O-Wisp|p1a: chaos
|-status|p1a: chaos|brn
|move|p1a: chaos|Rapid Spin|p2a: Ninetales
|-damage|p2a: Ninetales|213\/347
|-sideend|p1: CaillouShadowAbra|Stealth Rock|[from] move: Rapid Spin|[of] p1a: chaos
|
|-weather|SunnyDay|[upkeep]
|-damage|p1a: chaos|336\/384 brn|[from] brn
|turn|11
|callback|decision
|
|switch|p2a: Forretress|Forretress, M|354\/354
|move|p1a: chaos|Stealth Rock|p2a: Forretress
|-sidestart|p2: femt6|move: Stealth Rock
|
|-weather|SunnyDay|[upkeep]
|-heal|p1a: chaos|360\/384 brn|[from] item: Leftovers
|-damage|p1a: chaos|312\/384 brn|[from] brn
|turn|12
|callback|decision
|
|switch|p1a: Bus Driver|Terrakion|243\/323
|move|p2a: Forretress|Rapid Spin|p1a: Bus Driver
|-resisted|p1a: Bus Driver
|-damage|p1a: Bus Driver|236\/323
|-sideend|p2: femt6|Stealth Rock|[from] move: Rapid Spin|[of] p2a: Forretress
|
|-weather|SunnyDay|[upkeep]
|turn|13
|callback|decision
|
|move|p1a: Bus Driver|Substitute|p1a: Bus Driver
|-start|p1a: Bus Driver|Substitute
|-damage|p1a: Bus Driver|156\/323
|move|p2a: Forretress|Stealth Rock|p1a: Bus Driver
|-sidestart|p1: CaillouShadowAbra|move: Stealth Rock
|
|-weather|SunnyDay|[upkeep]
|turn|14
|callback|decision
|
|move|p1a: Bus Driver|Swords Dance|p1a: Bus Driver
|-boost|p1a: Bus Driver|atk|2
|move|p2a: Forretress|Volt Switch|p1a: Bus Driver
|-activate|p1a: Bus Driver|Substitute|[damage]
|callback|decision
|
|switch|p2a: Wobbuffet|Wobbuffet, M|584\/584
|
|-weather|SunnyDay|[upkeep]
|turn|15
|callback|decision
|
|move|p1a: Bus Driver|Stone Edge|p2a: Wobbuffet
|-damage|p2a: Wobbuffet|59\/584
|move|p2a: Wobbuffet|Encore|p1a: Bus Driver
|-start|p1a: Bus Driver|Encore
|
|-weather|SunnyDay|[upkeep]
|turn|16
|callback|decision
|-enditem|p2a: Wobbuffet|Custap Berry|[eat]
|-activate|p2a: Wobbuffet|Custap Berry
|
|move|p2a: Wobbuffet|Destiny Bond|p2a: Wobbuffet
|-singlemove|p2a: Wobbuffet|Destiny Bond
|move|p1a: Bus Driver|Stone Edge|p2a: Wobbuffet
|-damage|p2a: Wobbuffet|0 fnt
|faint|p2a: Wobbuffet
|-activate|p2a: Wobbuffet|Destiny Bond
|faint|p1a: Bus Driver
|
|-weather|SunnyDay|[upkeep]
|callback|decision
|
|switch|p2a: Ninetales|Ninetales, F|213\/347
|switch|p1a: chaos|Donphan, F|312\/384 brn
|-damage|p1a: chaos|288\/384 brn|[from] Stealth Rock
|turn|17
|callback|decision
|
|move|p2a: Ninetales|Flamethrower|p1a: chaos
|-damage|p1a: chaos|84\/384 brn
|move|p1a: chaos|Rapid Spin|p2a: Ninetales
|-damage|p2a: Ninetales|197\/347
|-sideend|p1: CaillouShadowAbra|Stealth Rock|[from] move: Rapid Spin|[of] p1a: chaos
|
|-weather|SunnyDay|[upkeep]
|-heal|p1a: chaos|108\/384 brn|[from] item: Leftovers
|-damage|p1a: chaos|60\/384 brn|[from] brn
|turn|18
|callback|decision
|
|move|p2a: Ninetales|Flamethrower|p1a: chaos
|-damage|p1a: chaos|0 fnt
|faint|p1a: chaos
|
|-weather|SunnyDay|[upkeep]
|callback|decision
|
|switch|p1a: Panty Pirate|Rotom-Wash|299\/299
|turn|19
|callback|decision
|
|move|p1a: Panty Pirate|Hydro Pump|p2a: Ninetales
|-supereffective|p2a: Ninetales
|-damage|p2a: Ninetales|65\/347
|move|p2a: Ninetales|Will-O-Wisp|p1a: Panty Pirate|[miss]
|-miss|p2a: Ninetales|p1a: Panty Pirate
|
|-weather|SunnyDay|[upkeep]
|turn|20
|callback|decision
|
|move|p1a: Panty Pirate|Volt Switch|p2a: Ninetales
|-damage|p2a: Ninetales|0 fnt
|faint|p2a: Ninetales
|callback|decision
|
|switch|p1a: Boxxy<3|Jirachi|404\/404
|
|-weather|SunnyDay|[upkeep]
|callback|decision
|
|switch|p2a: Dragonite|Dragonite, M|324\/324
|turn|21
|callback|decision
|
|switch|p1a: Panty Pirate|Rotom-Wash|299\/299
|move|p2a: Dragonite|Dragon Dance|p2a: Dragonite
|-boost|p2a: Dragonite|atk|1
|-boost|p2a: Dragonite|spe|1
|
|-weather|SunnyDay|[upkeep]
|turn|22
|callback|decision
|
|move|p2a: Dragonite|Dragon Dance|p2a: Dragonite
|-boost|p2a: Dragonite|atk|1
|-boost|p2a: Dragonite|spe|1
|move|p1a: Panty Pirate|Will-O-Wisp|p2a: Dragonite|[miss]
|-miss|p1a: Panty Pirate|p2a: Dragonite
|
|-weather|SunnyDay|[upkeep]
|turn|23
|callback|decision
|
|move|p2a: Dragonite|Dragon Dance|p2a: Dragonite
|-boost|p2a: Dragonite|atk|1
|-boost|p2a: Dragonite|spe|1
|move|p1a: Panty Pirate|Will-O-Wisp|p2a: Dragonite
|-status|p2a: Dragonite|brn
|-enditem|p2a: Dragonite|Lum Berry|[eat]
|-curestatus|p2a: Dragonite|brn
|
|-weather|SunnyDay|[upkeep]
|turn|24
|callback|decision
|
|move|p2a: Dragonite|Dragon Claw|p1a: Panty Pirate
|-damage|p1a: Panty Pirate|0 fnt
|faint|p1a: Panty Pirate
|
|-weather|SunnyDay|[upkeep]
|callback|decision
|
|switch|p1a: lennie smalls|Dragonite, F|323\/323
|turn|25
|callback|decision
|chat|femt6|gg
|
|move|p2a: Dragonite|Dragon Claw|p1a: lennie smalls
|-supereffective|p1a: lennie smalls
|-damage|p1a: lennie smalls|0 fnt
|faint|p1a: lennie smalls
|
|-weather|SunnyDay|[upkeep]
|callback|decision
|
|switch|p1a: Mao Zedong|Scizor, F|301\/343
|turn|26
|callback|decision
|
|move|p1a: Mao Zedong|Bullet Punch|p2a: Dragonite
|-damage|p2a: Dragonite|237\/324
|move|p2a: Dragonite|Fire Punch|p1a: Mao Zedong
|-supereffective|p1a: Mao Zedong
|-damage|p1a: Mao Zedong|0 fnt
|faint|p1a: Mao Zedong
|
|-weather|SunnyDay|[upkeep]
|callback|decision
|-message|CaillouShadowAbra forfeited.
|
|win|femt6
|raw|Ladder updating...
|leave|CaillouShadowAbra
|player|p1
|raw|CaillouShadowAbra's rating: 1674 &rarr; <strong>1666<\/strong><br \/>(-8 for losing)
|raw|femt6's rating: 1787 &rarr; <strong>1791<\/strong><br \/>(+4 for winning)