|join|femt6
|join|Ameen123
|player|p1|femt6|265
|player|p2|Ameen123|2
|gametype|singles
|tier|OU
|rated
|rule|Evasion Abilities Clause: Evasion abilities are banned
|clearpoke
|poke|p1|Tyranitar, M
|poke|p1|Garchomp, M
|poke|p1|Jellicent, M
|poke|p1|Latios, M
|poke|p1|Forretress, M
|poke|p1|Breloom, F
|poke|p2|Tyranitar, M
|poke|p2|Latias, F
|poke|p2|Breloom, M
|poke|p2|Rotom-Wash
|poke|p2|Scizor, F
|poke|p2|Landorus, M
|rule|Sleep Clause Mod: Limit one foe put to sleep
|rule|Species Clause: Limit one of each Pokemon
|rule|OHKO Clause: OHKO moves are banned
|rule|Moody Clause: Moody is banned
|rule|Evasion Moves Clause: Evasion moves are banned
|rule|HP Percentage Mod: HP is reported as percentages
|teampreview
|callback|decision
|
|start
|switch|p1a: Garchomp|Garchomp, M|411\/411
|switch|p2a: Rotom-Wash|Rotom-Wash|300\/300
|turn|1
|callback|decision
|
|move|p2a: Rotom-Wash|Trick|p1a: Garchomp
|-activate|p2a: Rotom-Wash|move: Trick|[of] p1a: Garchomp
|-item|p1a: Garchomp|Choice Scarf|[from] move: Trick
|-item|p2a: Rotom-Wash|Rocky Helmet|[from] move: Trick
|move|p1a: Garchomp|Stealth Rock|p2a: Rotom-Wash
|-sidestart|p2: Ameen123|move: Stealth Rock
|
|turn|2
|callback|decision
|
|move|p1a: Garchomp|Stealth Rock|p2a: Rotom-Wash
|move|p2a: Rotom-Wash|Volt Switch|p1a: Garchomp
|-immune|p1a: Garchomp|[msg]
|
|turn|3
|callback|decision
|
|switch|p1a: Latios|Latios, M|301\/301
|move|p2a: Rotom-Wash|Volt Switch|p1a: Latios
|-resisted|p1a: Latios
|-damage|p1a: Latios|258\/301
|callback|decision
|
|switch|p2a: Tyranitar|Tyranitar, M|404\/404
|-damage|p2a: Tyranitar|354\/404|[from] Stealth Rock
|-weather|Sandstorm|[from] ability: Sand Stream|[of] p2a: Tyranitar
|
|-weather|Sandstorm|[upkeep]
|-damage|p1a: Latios|240\/301|[from] sandstorm
|-heal|p2a: Tyranitar|379\/404|[from] item: Leftovers
|turn|4
|callback|decision
|
|move|p2a: Tyranitar|Pursuit|p1a: Latios|[from]Pursuit
|-supereffective|p1a: Latios
|-damage|p1a: Latios|0 fnt
|faint|p1a: Latios
|
|-weather|Sandstorm|[upkeep]
|-heal|p2a: Tyranitar|404\/404|[from] item: Leftovers
|callback|decision
|
|switch|p1a: Breloom|Breloom, F|262\/262
|turn|5
|callback|decision
|
|switch|p2a: Scizor|Scizor, F|344\/344
|-damage|p2a: Scizor|301\/344|[from] Stealth Rock
|move|p1a: Breloom|Spore|p2a: Scizor
|-status|p2a: Scizor|slp
|
|-weather|Sandstorm|[upkeep]
|-damage|p1a: Breloom|246\/262|[from] sandstorm
|turn|6
|callback|decision
|
|switch|p1a: Tyranitar|Tyranitar, M|342\/342
|cant|p2a: Scizor|slp
|
|-weather|Sandstorm|[upkeep]
|turn|7
|callback|decision
|
|switch|p1a: Breloom|Breloom, F|246\/262
|cant|p2a: Scizor|slp
|
|-weather|Sandstorm|[upkeep]
|-damage|p1a: Breloom|230\/262|[from] sandstorm
|turn|8
|callback|decision
|
|move|p1a: Breloom|Swords Dance|p1a: Breloom
|-boost|p1a: Breloom|atk|2
|-curestatus|p2a: Scizor|slp
|move|p2a: Scizor|U-turn|p1a: Breloom
|-damage|p1a: Breloom|59\/262
|callback|decision
|
|switch|p2a: Latias|Latias, F|351\/351
|-damage|p2a: Latias|308\/351|[from] Stealth Rock
|
|-weather|Sandstorm|[upkeep]
|-damage|p2a: Latias|287\/351|[from] sandstorm
|-damage|p1a: Breloom|43\/262|[from] sandstorm
|-heal|p2a: Latias|308\/351|[from] item: Leftovers
|turn|9
|callback|decision
|
|move|p1a: Breloom|Mach Punch|p2a: Latias
|-crit|p2a: Latias
|-resisted|p2a: Latias
|-damage|p2a: Latias|0 fnt
|-damage|p1a: Breloom|17\/262|[from] item: Life Orb
|faint|p2a: Latias
|
|-weather|Sandstorm|[upkeep]
|-damage|p1a: Breloom|1\/262|[from] sandstorm
|callback|decision
|
|switch|p2a: Landorus|Landorus, M|320\/320
|-damage|p2a: Landorus|280\/320|[from] Stealth Rock
|turn|10
|callback|decision
|
|move|p1a: Breloom|Mach Punch|p2a: Landorus
|-resisted|p2a: Landorus
|-damage|p2a: Landorus|119\/320
|-damage|p1a: Breloom|0 fnt|[from] item: Life Orb
|faint|p1a: Breloom
|move|p2a: Landorus|Rock Polish|p2a: Landorus
|-boost|p2a: Landorus|spe|2
|
|-weather|Sandstorm|[upkeep]
|callback|decision
|
|switch|p1a: Forretress|Forretress, M|353\/353
|turn|11
|callback|decision
|
|move|p2a: Landorus|Earth Power|p1a: Forretress
|-activate|p1a: Forretress|Sturdy
|-damage|p1a: Forretress|1\/353
|move|p1a: Forretress|Gyro Ball|p2a: Landorus
|-crit|p2a: Landorus
|-damage|p2a: Landorus|0 fnt
|faint|p2a: Landorus
|
|-weather|Sandstorm|[upkeep]
|-heal|p1a: Forretress|23\/353|[from] item: Leftovers
|callback|decision
|
|switch|p2a: Tyranitar|Tyranitar, M|404\/404
|-damage|p2a: Tyranitar|354\/404|[from] Stealth Rock
|turn|12
|callback|decision
|
|move|p2a: Tyranitar|Stealth Rock|p1a: Forretress
|-sidestart|p1: femt6|move: Stealth Rock
|move|p1a: Forretress|Spikes|p2a: Tyranitar
|-sidestart|p2: Ameen123|Spikes
|
|-weather|Sandstorm|[upkeep]
|-heal|p2a: Tyranitar|379\/404|[from] item: Leftovers
|-heal|p1a: Forretress|45\/353|[from] item: Leftovers
|turn|13
|callback|decision
|
|move|p2a: Tyranitar|Flamethrower|p1a: Forretress
|-supereffective|p1a: Forretress
|-damage|p1a: Forretress|0 fnt
|faint|p1a: Forretress
|
|-weather|Sandstorm|[upkeep]
|-heal|p2a: Tyranitar|404\/404|[from] item: Leftovers
|callback|decision
|
|switch|p1a: Tyranitar|Tyranitar, M|342\/342
|-damage|p1a: Tyranitar|300\/342|[from] Stealth Rock
|turn|14
|callback|decision
|
|move|p1a: Tyranitar|Superpower|p2a: Tyranitar
|-supereffective|p2a: Tyranitar
|-damage|p2a: Tyranitar|0 fnt
|-unboost|p1a: Tyranitar|atk|1
|-unboost|p1a: Tyranitar|def|1
|faint|p2a: Tyranitar
|
|-weather|Sandstorm|[upkeep]
|callback|decision
|
|switch|p2a: Breloom|Breloom, M|262\/262
|-damage|p2a: Breloom|246\/262|[from] Stealth Rock
|-damage|p2a: Breloom|214\/262|[from] Spikes
|turn|15
|callback|decision
|
|move|p1a: Tyranitar|Superpower|p2a: Breloom
|-damage|p2a: Breloom|99\/262
|-unboost|p1a: Tyranitar|atk|1
|-unboost|p1a: Tyranitar|def|1
|move|p2a: Breloom|Spore|p1a: Tyranitar
|-status|p1a: Tyranitar|slp
|
|-weather|Sandstorm|[upkeep]
|-damage|p2a: Breloom|83\/262|[from] sandstorm
|turn|16
|callback|decision
|
|cant|p1a: Tyranitar|slp
|move|p2a: Breloom|Swords Dance|p2a: Breloom
|-boost|p2a: Breloom|atk|2
|
|-weather|Sandstorm|[upkeep]
|-damage|p2a: Breloom|67\/262|[from] sandstorm
|turn|17
|callback|decision
|
|move|p2a: Breloom|Mach Punch|p1a: Tyranitar
|-supereffective|p1a: Tyranitar
|-damage|p1a: Tyranitar|0 fnt
|faint|p1a: Tyranitar
|
|-weather|Sandstorm|[upkeep]
|-damage|p2a: Breloom|51\/262|[from] sandstorm
|callback|decision
|
|switch|p1a: Garchomp|Garchomp, M|411\/411
|-damage|p1a: Garchomp|386\/411|[from] Stealth Rock
|turn|18
|callback|decision
|
|switch|p1a: Jellicent|Jellicent, M|404\/404
|-damage|p1a: Jellicent|354\/404|[from] Stealth Rock
|move|p2a: Breloom|Mach Punch|p1a: Jellicent
|-immune|p1a: Jellicent|[msg]
|
|-weather|Sandstorm|[upkeep]
|-damage|p2a: Breloom|35\/262|[from] sandstorm
|-damage|p1a: Jellicent|329\/404|[from] sandstorm
|-heal|p1a: Jellicent|354\/404|[from] item: Leftovers
|turn|19
|callback|decision
|
|move|p2a: Breloom|Bullet Seed|p1a: Jellicent
|-supereffective|p1a: Jellicent
|-damage|p1a: Jellicent|36\/404
|-supereffective|p1a: Jellicent
|-damage|p1a: Jellicent|0 fnt
|-hitcount|p1a: Jellicent|2
|faint|p1a: Jellicent
|
|-weather|Sandstorm|[upkeep]
|-damage|p2a: Breloom|19\/262|[from] sandstorm
|callback|decision
|chat|Ameen123|gg
|
|switch|p1a: Garchomp|Garchomp, M|386\/411
|-damage|p1a: Garchomp|361\/411|[from] Stealth Rock
|turn|20
|callback|decision
|
|move|p2a: Breloom|Mach Punch|p1a: Garchomp
|-crit|p1a: Garchomp
|-damage|p1a: Garchomp|0 fnt
|-damage|p2a: Breloom|0 fnt|[from] ability: Rough Skin|[of] p1a: Garchomp
|faint|p1a: Garchomp
|faint|p2a: Breloom
|
|win|Ameen123
|raw|Ladder updating...
|raw|femt6's rating: 1823 &rarr; <strong>1821<\/strong><br \/>(-2 for losing)
|raw|Ameen123's rating: 1846 &rarr; <strong>1852<\/strong><br \/>(+6 for winning)
|leave|femt6
|player|p1