|join|femt6
|join|Dynamo22
|player|p1|femt6|2
|player|p2|Dynamo22|266
|gametype|singles
|tier|OU
|rated
|rule|Evasion Abilities Clause: Evasion abilities are banned
|clearpoke
|poke|p1|Ninetales, F
|poke|p1|Wobbuffet, M
|poke|p1|Forretress, M
|poke|p1|Chandelure, M
|poke|p1|Dragonite, M
|poke|p1|Venusaur, M
|poke|p2|Ninetales, M
|poke|p2|Typhlosion, M
|poke|p2|Dugtrio, F
|poke|p2|Victreebel, M
|poke|p2|Metagross
|poke|p2|Donphan, M
|rule|Sleep Clause: Limit one foe put to sleep
|rule|Species Clause: Limit one of each Pokemon
|rule|OHKO Clause: OHKO moves are banned
|rule|Moody Clause: Moody is banned
|rule|Evasion Moves Clause: Evasion moves are banned
|teampreview
|callback|decision
|
|start
|switch|p1a: Forretress|Forretress, M|354\/354
|switch|p2a: Ninetales|Ninetales, M|350\/350
|-weather|SunnyDay|[from] ability: Drought|[of] p2a: Ninetales
|turn|1
|callback|decision
|
|move|p2a: Ninetales|Flamethrower|p1a: Forretress
|-supereffective|p1a: Forretress
|-activate|p1a: Forretress|Sturdy
|-damage|p1a: Forretress|1\/354
|move|p1a: Forretress|Stealth Rock|p2a: Ninetales
|-sidestart|p2: Dynamo22|move: Stealth Rock
|
|-weather|SunnyDay|[upkeep]
|-heal|p1a: Forretress|23\/354|[from] item: Leftovers
|turn|2
|callback|decision
|
|switch|p1a: Chandelure|Chandelure, M|262\/262
|move|p2a: Ninetales|SolarBeam|p1a: Chandelure|[still]
|-prepare|p2a: Ninetales|SolarBeam|p1a: Chandelure
|-anim|p2a: Ninetales|SolarBeam|p1a: Chandelure
|-resisted|p1a: Chandelure
|-damage|p1a: Chandelure|194\/262
|
|-weather|SunnyDay|[upkeep]
|turn|3
|callback|decision
|
|move|p1a: Chandelure|Fire Blast|p2a: Ninetales
|-resisted|p2a: Ninetales
|-damage|p2a: Ninetales|147\/350
|move|p2a: Ninetales|SolarBeam|p1a: Chandelure|[still]
|-prepare|p2a: Ninetales|SolarBeam|p1a: Chandelure
|-anim|p2a: Ninetales|SolarBeam|p1a: Chandelure
|-resisted|p1a: Chandelure
|-damage|p1a: Chandelure|130\/262
|
|-weather|SunnyDay|[upkeep]
|-heal|p2a: Ninetales|168\/350|[from] item: Leftovers
|turn|4
|callback|decision
|
|move|p1a: Chandelure|Fire Blast|p2a: Ninetales
|-resisted|p2a: Ninetales
|-damage|p2a: Ninetales|0 fnt
|faint|p2a: Ninetales
|
|-weather|SunnyDay|[upkeep]
|callback|decision
|
|switch|p2a: Dugtrio|Dugtrio, F|211\/211
|-damage|p2a: Dugtrio|198\/211|[from] Stealth Rock
|turn|5
|callback|decision
|
|move|p2a: Dugtrio|Sucker Punch|p1a: Chandelure
|-supereffective|p1a: Chandelure
|-damage|p1a: Chandelure|0 fnt
|faint|p1a: Chandelure
|
|-weather|SunnyDay|[upkeep]
|callback|decision
|
|switch|p1a: Dragonite|Dragonite, M|324\/324
|turn|6
|callback|decision
|
|move|p2a: Dugtrio|Stone Edge|p1a: Dragonite|[miss]
|-miss|p2a: Dugtrio|p1a: Dragonite
|move|p1a: Dragonite|Dragon Dance|p1a: Dragonite
|-boost|p1a: Dragonite|atk|1
|-boost|p1a: Dragonite|spe|1
|
|-weather|SunnyDay|[upkeep]
|turn|7
|callback|decision
|
|move|p1a: Dragonite|Dragon Dance|p1a: Dragonite
|-boost|p1a: Dragonite|atk|1
|-boost|p1a: Dragonite|spe|1
|move|p2a: Dugtrio|Stone Edge|p1a: Dragonite
|-supereffective|p1a: Dragonite
|-damage|p1a: Dragonite|216\/324
|
|-weather|SunnyDay|[upkeep]
|turn|8
|callback|decision
|
|move|p2a: Dugtrio|Sucker Punch|p1a: Dragonite
|-fail|p1a: Dragonite
|move|p1a: Dragonite|Dragon Dance|p1a: Dragonite
|-boost|p1a: Dragonite|atk|1
|-boost|p1a: Dragonite|spe|1
|
|-weather|SunnyDay|[upkeep]
|turn|9
|callback|decision
|
|move|p1a: Dragonite|ExtremeSpeed|p2a: Dugtrio
|-damage|p2a: Dugtrio|0 fnt
|faint|p2a: Dugtrio
|
|-weather|SunnyDay|[upkeep]
|callback|decision
|
|switch|p2a: Donphan|Donphan, M|384\/384
|-damage|p2a: Donphan|360\/384|[from] Stealth Rock
|turn|10
|callback|decision
|
|move|p2a: Donphan|Ice Shard|p1a: Dragonite
|-supereffective|p1a: Dragonite
|-damage|p1a: Dragonite|16\/324
|move|p1a: Dragonite|Dragon Claw|p2a: Donphan
|-damage|p2a: Donphan|24\/384
|
|-weather|SunnyDay|[upkeep]
|-heal|p2a: Donphan|48\/384|[from] item: Leftovers
|turn|11
|callback|decision
|
|move|p1a: Dragonite|ExtremeSpeed|p2a: Donphan
|-damage|p2a: Donphan|0 fnt
|faint|p2a: Donphan
|
|-weather|SunnyDay|[upkeep]
|callback|decision
|
|switch|p2a: Metagross|Metagross|364\/364
|-damage|p2a: Metagross|342\/364|[from] Stealth Rock
|turn|12
|callback|decision
|
|move|p1a: Dragonite|Fire Punch|p2a: Metagross
|-supereffective|p2a: Metagross
|-damage|p2a: Metagross|0 fnt
|faint|p2a: Metagross
|
|-weather|SunnyDay|[upkeep]
|callback|decision
|
|switch|p2a: Victreebel|Victreebel, M|301\/301
|-damage|p2a: Victreebel|264\/301|[from] Stealth Rock
|turn|13
|callback|decision
|
|move|p1a: Dragonite|Fire Punch|p2a: Victreebel
|-supereffective|p2a: Victreebel
|-damage|p2a: Victreebel|0 fnt
|faint|p2a: Victreebel
|
|-weather|SunnyDay|[upkeep]
|callback|decision
|
|switch|p2a: Typhlosion|Typhlosion, M|297\/297
|-damage|p2a: Typhlosion|223\/297|[from] Stealth Rock
|turn|14
|callback|decision
|
|move|p1a: Dragonite|Dragon Claw|p2a: Typhlosion
|-damage|p2a: Typhlosion|0 fnt
|faint|p2a: Typhlosion
|
|win|femt6
|raw|Ladder updating...
|raw|femt6's rating: 1792 &rarr; <strong>1795<\/strong><br \/>(+3 for winning)
|raw|Dynamo22's rating: 1748 &rarr; <strong>1745<\/strong><br \/>(-3 for losing)
|leave|Dynamo22
|player|p2