|join|femt6
|join|theguy02
|player|p1|femt6|170
|player|p2|theguy02|101
|gametype|singles
|gen|6
|tier|OU
|clearpoke
|poke|p1|Landorus-Therian, M
|poke|p1|Manectric, F
|poke|p1|Talonflame, F
|poke|p1|Latias, F
|poke|p1|Aegislash, M
|poke|p1|Keldeo-Resolute
|poke|p2|Tornadus-Therian, M
|poke|p2|Chansey, F
|poke|p2|Skarmory, M
|poke|p2|Quagsire, M
|poke|p2|Heatran, F
|poke|p2|Venusaur, F
|rule|Baton Pass Clause: Limit 3 pokemon knowing Baton Pass
|rule|Sleep Clause Mod: Limit one foe put to sleep
|rule|Species Clause: Limit one of each Pokemon
|rule|OHKO Clause: OHKO moves are banned
|rule|Moody Clause: Moody is banned
|rule|Evasion Moves Clause: Evasion moves are banned
|rule|Endless Battle Clause: Forcing endless battles is banned
|rule|HP Percentage Mod: HP is reported as percentages
|teampreview
|chat|theguy02|ih carai
|chat|theguy02|time novo?
|chat|theguy02|huaheuae
|
|start
|switch|p1a: Manectric|Manectric, F|281\/281
|switch|p2a: Tornadus-Therian|Tornadus-Therian, M|322\/322
|turn|1
|chat|theguy02|ok, go voltswitch
|
|switch|p2a: Chansey|Chansey, F|704\/704
|detailschange|p1a: Manectric|Manectric-Mega, F
|message|Manectric has Mega Evolved into Mega Manectric!
|-ability|p1a: Manectric|Intimidate|[of] p2a: Chansey
|-unboost|p2a: Chansey|atk|1
|move|p1a: Manectric|Volt Switch|p2a: Chansey
|-crit|p2a: Chansey
|-damage|p2a: Chansey|572\/704
|
|switch|p1a: Landorus-Therian|Landorus-Therian, M|381\/381
|-ability|p1a: Landorus-Therian|Intimidate|[of] p2a: Chansey
|-unboost|p2a: Chansey|atk|1
|
|turn|2
|
|switch|p2a: Skarmory|Skarmory, M|327\/327
|move|p1a: Landorus-Therian|Stealth Rock|p2a: Skarmory
|-sidestart|p2: theguy02|move: Stealth Rock
|
|turn|3
|
|move|p1a: Landorus-Therian|U-turn|p2a: Skarmory
|-resisted|p2a: Skarmory
|-damage|p2a: Skarmory|315\/327
|
|switch|p1a: Manectric|Manectric-Mega, F|281\/281
|-ability|p1a: Manectric|Intimidate|[of] p2a: Skarmory
|-unboost|p2a: Skarmory|atk|1
|move|p2a: Skarmory|Defog|p1a: Manectric
|-unboost|p1a: Manectric|evasion|1
|-sideend|p2: theguy02|Stealth Rock|[from] move: Defog|[of] p2a: Skarmory
|
|-heal|p2a: Skarmory|327\/327|[from] item: Leftovers
|turn|4
|chat|theguy02|vc que montou?
|
|switch|p2a: Chansey|Chansey, F|572\/704
|move|p1a: Manectric|Volt Switch|p2a: Chansey
|-damage|p2a: Chansey|487\/704
|
|switch|p1a: Keldeo-Resolute|Keldeo-Resolute|322\/322
|
|turn|5
|chat|theguy02|?
|
|switch|p2a: Venusaur|Venusaur, F|363\/363
|move|p1a: Keldeo-Resolute|Hidden Power|p2a: Venusaur
|-supereffective|p2a: Venusaur
|-damage|p2a: Venusaur|139\/363
|
|turn|6
|chat|theguy02|responde
|chat|theguy02|fdp
|chat|theguy02|tÃ¡ putinho?
|chat|femt6|que foi?
|chat|theguy02|vc que montou o time?
|chat|femt6|ta ruim?
|chat|femt6|Ã© um volt turn
|chat|femt6|eu gosto de manectric
|chat|theguy02|nao, o time ta bom
|
|switch|p2a: Chansey|Chansey, F|487\/704
|move|p1a: Keldeo-Resolute|Hidden Power|p2a: Chansey
|-damage|p2a: Chansey|421\/704
|
|turn|7
|chat|theguy02|mas nao tem wallbreaker
|
|switch|p1a: Landorus-Therian|Landorus-Therian, M|381\/381
|-ability|p1a: Landorus-Therian|Intimidate|[of] p2a: Chansey
|-unboost|p2a: Chansey|atk|1
|move|p2a: Chansey|Wish|p2a: Chansey
|
|turn|8
|
|switch|p2a: Venusaur|Venusaur, F|139\/363
|move|p1a: Landorus-Therian|Stealth Rock|p2a: Venusaur
|-sidestart|p2: theguy02|move: Stealth Rock
|
|-heal|p2a: Venusaur|363\/363|[from] move: Wish|[wisher] Chansey
|turn|9
|
|detailschange|p2a: Venusaur|Venusaur-Mega, F
|message|Venusaur has Mega Evolved into Mega Venusaur!
|move|p1a: Landorus-Therian|U-turn|p2a: Venusaur
|-damage|p2a: Venusaur|314\/363
|
|switch|p1a: Latias|Latias, F|319\/319
|move|p2a: Venusaur|Leech Seed|p1a: Latias
|-start|p1a: Latias|move: Leech Seed
|
|-damage|p1a: Latias|280\/319|[from] Leech Seed|[of] p2a: Venusaur
|-heal|p2a: Venusaur|353\/363|[silent]
|turn|10
|
|switch|p1a: Keldeo-Resolute|Keldeo-Resolute|322\/322
|switch|p2a: Heatran|Heatran, F|385\/385
|-damage|p2a: Heatran|337\/385|[from] Stealth Rock
|
|-heal|p2a: Heatran|361\/385|[from] item: Leftovers
|turn|11
|
|move|p2a: Heatran|Protect|p2a: Heatran
|-singleturn|p2a: Heatran|Protect
|move|p1a: Keldeo-Resolute|Scald|p2a: Heatran
|-activate|p2a: Heatran|Protect
|
|-heal|p2a: Heatran|385\/385|[from] item: Leftovers
|turn|12
|
|switch|p2a: Skarmory|Skarmory, M|327\/327
|-damage|p2a: Skarmory|287\/327|[from] Stealth Rock
|move|p1a: Keldeo-Resolute|Scald|p2a: Skarmory
|-damage|p2a: Skarmory|20\/327
|
|-heal|p2a: Skarmory|40\/327|[from] item: Leftovers
|turn|13
|
|switch|p2a: Venusaur|Venusaur-Mega, F|353\/363
|-damage|p2a: Venusaur|308\/363|[from] Stealth Rock
|move|p1a: Keldeo-Resolute|Scald|p2a: Venusaur
|-resisted|p2a: Venusaur
|-damage|p2a: Venusaur|215\/363
|-status|p2a: Venusaur|brn
|
|-damage|p2a: Venusaur|170\/363 brn|[from] brn
|turn|14
|
|switch|p1a: Latias|Latias, F|280\/319
|move|p2a: Venusaur|Synthesis|p2a: Venusaur
|-heal|p2a: Venusaur|351\/363 brn
|
|-damage|p2a: Venusaur|306\/363 brn|[from] brn
|turn|15
|
|switch|p1a: Keldeo-Resolute|Keldeo-Resolute|322\/322
|switch|p2a: Heatran|Heatran, F|385\/385
|-damage|p2a: Heatran|337\/385|[from] Stealth Rock
|
|-heal|p2a: Heatran|361\/385|[from] item: Leftovers
|turn|16
|
|move|p2a: Heatran|Protect|p2a: Heatran
|-singleturn|p2a: Heatran|Protect
|move|p1a: Keldeo-Resolute|Secret Sword|p2a: Heatran
|-activate|p2a: Heatran|Protect
|
|-heal|p2a: Heatran|385\/385|[from] item: Leftovers
|turn|17
|
|switch|p2a: Tornadus-Therian|Tornadus-Therian, M|322\/322
|-damage|p2a: Tornadus-Therian|242\/322|[from] Stealth Rock
|move|p1a: Keldeo-Resolute|Secret Sword|p2a: Tornadus-Therian
|-resisted|p2a: Tornadus-Therian
|-damage|p2a: Tornadus-Therian|89\/322
|
|turn|18
|
|switch|p1a: Manectric|Manectric-Mega, F|281\/281
|-ability|p1a: Manectric|Intimidate|[of] p2a: Tornadus-Therian
|-unboost|p2a: Tornadus-Therian|atk|1
|move|p2a: Tornadus-Therian|U-turn|p1a: Manectric
|-damage|p1a: Manectric|239\/281
|
|switch|p2a: Chansey|Chansey, F|421\/704
|-damage|p2a: Chansey|333\/704|[from] Stealth Rock
|
|turn|19
|
|move|p1a: Manectric|Volt Switch|p2a: Chansey
|-damage|p2a: Chansey|249\/704
|
|switch|p1a: Keldeo-Resolute|Keldeo-Resolute|322\/322
|move|p2a: Chansey|Soft-Boiled|p2a: Chansey
|-heal|p2a: Chansey|601\/704
|
|turn|20
|
|move|p1a: Keldeo-Resolute|Secret Sword|p2a: Chansey
|-crit|p2a: Chansey
|-supereffective|p2a: Chansey
|-damage|p2a: Chansey|0 fnt
|faint|p2a: Chansey
|
|chat|theguy02|pqp
|chat|femt6|verdade
|chat|theguy02|nao podia acontecer isso agora
|chat|femt6|senÃ£o fosse ch
|chat|femt6|nÃ£o mataria
|chat|femt6|tem razao
|
|switch|p2a: Venusaur|Venusaur-Mega, F|306\/363 brn
|-damage|p2a: Venusaur|261\/363 brn|[from] Stealth Rock
|turn|21
|
|switch|p1a: Latias|Latias, F|280\/319
|move|p2a: Venusaur|Sludge Bomb|p1a: Latias
|-damage|p1a: Latias|184\/319
|
|-damage|p2a: Venusaur|216\/363 brn|[from] brn
|turn|22
|
|switch|p1a: Talonflame|Talonflame, F|297\/297
|move|p2a: Venusaur|Synthesis|p2a: Venusaur
|-heal|p2a: Venusaur|363\/363 brn
|
|-damage|p2a: Venusaur|318\/363 brn|[from] brn
|turn|23
|
|switch|p2a: Heatran|Heatran, F|385\/385
|-damage|p2a: Heatran|337\/385|[from] Stealth Rock
|move|p1a: Talonflame|U-turn|p2a: Heatran
|-crit|p2a: Heatran
|-resisted|p2a: Heatran
|-damage|p2a: Heatran|299\/385
|chat|theguy02|to quase colocando sr no heatran
|
|switch|p1a: Keldeo-Resolute|Keldeo-Resolute|322\/322
|
|-heal|p2a: Heatran|323\/385|[from] item: Leftovers
|turn|24
|
|move|p2a: Heatran|Protect|p2a: Heatran
|-singleturn|p2a: Heatran|Protect
|move|p1a: Keldeo-Resolute|Scald|p2a: Heatran
|-activate|p2a: Heatran|Protect
|
|-heal|p2a: Heatran|347\/385|[from] item: Leftovers
|turn|25
|
|move|p1a: Keldeo-Resolute|Scald|p2a: Heatran
|-supereffective|p2a: Heatran
|-damage|p2a: Heatran|45\/385
|move|p2a: Heatran|Toxic|p1a: Keldeo-Resolute
|-status|p1a: Keldeo-Resolute|tox
|
|-heal|p2a: Heatran|69\/385|[from] item: Leftovers
|-damage|p1a: Keldeo-Resolute|302\/322 tox|[from] psn
|turn|26
|
|switch|p1a: Landorus-Therian|Landorus-Therian, M|381\/381
|-ability|p1a: Landorus-Therian|Intimidate|[of] p2a: Heatran
|-unboost|p2a: Heatran|atk|1
|move|p2a: Heatran|Protect|p2a: Heatran
|-fail|p2a: Heatran
|
|-heal|p2a: Heatran|93\/385|[from] item: Leftovers
|turn|27
|
|move|p2a: Heatran|Protect|p2a: Heatran
|-singleturn|p2a: Heatran|Protect
|move|p1a: Landorus-Therian|Earthquake|p2a: Heatran
|-activate|p2a: Heatran|Protect
|
|-heal|p2a: Heatran|117\/385|[from] item: Leftovers
|turn|28
|
|switch|p2a: Tornadus-Therian|Tornadus-Therian, M|196\/322
|-damage|p2a: Tornadus-Therian|116\/322|[from] Stealth Rock
|move|p1a: Landorus-Therian|U-turn|p2a: Tornadus-Therian
|-resisted|p2a: Tornadus-Therian
|-damage|p2a: Tornadus-Therian|65\/322
|
|switch|p1a: Manectric|Manectric-Mega, F|239\/281
|-ability|p1a: Manectric|Intimidate|[of] p2a: Tornadus-Therian
|-unboost|p2a: Tornadus-Therian|atk|1
|
|turn|29
|
|switch|p1a: Aegislash|Aegislash, M|321\/321
|-item|p1a: Aegislash|Air Balloon
|switch|p2a: Venusaur|Venusaur-Mega, F|318\/363 brn
|-damage|p2a: Venusaur|273\/363 brn|[from] Stealth Rock
|
|-damage|p2a: Venusaur|228\/363 brn|[from] brn
|turn|30
|
|move|p2a: Venusaur|Leech Seed|p1a: Aegislash
|-start|p1a: Aegislash|move: Leech Seed
|-formechange|p1a: Aegislash|Aegislash-Blade
|move|p1a: Aegislash|Shadow Ball|p2a: Venusaur
|-crit|p2a: Venusaur
|-damage|p2a: Venusaur|29\/363 brn
|
|-damage|p1a: Aegislash|281\/321|[from] Leech Seed|[of] p2a: Venusaur
|-heal|p2a: Venusaur|69\/363 brn|[silent]
|-damage|p2a: Venusaur|24\/363 brn|[from] brn
|turn|31
|chat|theguy02|ai nao
|chat|theguy02|rs
|
|move|p1a: Aegislash|Shadow Sneak|p2a: Venusaur
|-crit|p2a: Venusaur
|-damage|p2a: Venusaur|0 fnt
|faint|p2a: Venusaur
|
|
|switch|p2a: Heatran|Heatran, F|117\/385
|-damage|p2a: Heatran|69\/385|[from] Stealth Rock
|turn|32
|join|Hyke
|
|switch|p1a: Landorus-Therian|Landorus-Therian, M|381\/381
|-ability|p1a: Landorus-Therian|Intimidate|[of] p2a: Heatran
|-unboost|p2a: Heatran|atk|1
|move|p2a: Heatran|Lava Plume|p1a: Landorus-Therian
|-damage|p1a: Landorus-Therian|227\/381
|
|-heal|p1a: Landorus-Therian|250\/381|[from] item: Leftovers
|-heal|p2a: Heatran|93\/385|[from] item: Leftovers
|turn|33
|
|move|p2a: Heatran|Protect|p2a: Heatran
|-singleturn|p2a: Heatran|Protect
|move|p1a: Landorus-Therian|U-turn|p2a: Heatran
|-activate|p2a: Heatran|Protect
|
|-heal|p1a: Landorus-Therian|273\/381|[from] item: Leftovers
|-heal|p2a: Heatran|117\/385|[from] item: Leftovers
|turn|34
|
|switch|p2a: Quagsire|Quagsire, M|394\/394
|-damage|p2a: Quagsire|370\/394|[from] Stealth Rock
|move|p1a: Landorus-Therian|U-turn|p2a: Quagsire
|-damage|p2a: Quagsire|308\/394
|
|switch|p1a: Latias|Latias, F|184\/319
|
|-heal|p2a: Quagsire|332\/394|[from] item: Leftovers
|turn|35
|
|move|p1a: Latias|Draco Meteor|p2a: Quagsire
|-crit|p2a: Quagsire
|-damage|p2a: Quagsire|0 fnt
|-unboost|p1a: Latias|spa|2
|-damage|p1a: Latias|153\/319|[from] item: Life Orb
|faint|p2a: Quagsire
|
|chat|Hyke|HAHAHAHA
|chat|theguy02|252 SpA Life Orb Latias Draco Meteor vs. 252 HP \/ 0 SpD Quagsire: 348-411 (88.3 - 104.3%) -- 31.3% chance to OHKO
|chat|theguy02|so pra te deixar
|chat|theguy02|ciente
|chat|theguy02|ok?
|chat|Hyke|CHORA
|chat|theguy02|cara
|chat|theguy02|ele nao para de dar ch
|chat|femt6|6 a 0?
|chat|theguy02|vtnc
|
|switch|p2a: Tornadus-Therian|Tornadus-Therian, M|172\/322
|-damage|p2a: Tornadus-Therian|92\/322|[from] Stealth Rock
|turn|36
|chat|Hyke|31.3% de chance de OH
|chat|Hyke|Chora ai
|
|switch|p1a: Manectric|Manectric-Mega, F|239\/281
|-ability|p1a: Manectric|Intimidate|[of] p2a: Tornadus-Therian
|-unboost|p2a: Tornadus-Therian|atk|1
|move|p2a: Tornadus-Therian|Knock Off|p1a: Manectric
|-damage|p1a: Manectric|199\/281
|
|turn|37
|chat|Hyke|ia matar
|chat|femt6|gg
|chat|Hyke|NOIOB
|chat|theguy02|ia matar o que, cara?
|chat|femt6|perdeu
|chat|Hyke|TAVA OBIVIO
|chat|Hyke|CARA
|chat|femt6|6 a 0
|chat|Hyke|OBIVIO
|chat|femt6|me chamou pra isso?
|chat|theguy02|30%
|
|move|p1a: Manectric|Thunderbolt|p2a: Tornadus-Therian
|-supereffective|p2a: Tornadus-Therian
|-damage|p2a: Tornadus-Therian|0 fnt
|faint|p2a: Tornadus-Therian
|
|chat|theguy02|\o\
|chat|Hyke|IRAIRAIRAIRARIARIARIARAIR
|chat|theguy02|vamo outra
|
|switch|p2a: Heatran|Heatran, F|117\/385
|-damage|p2a: Heatran|69\/385|[from] Stealth Rock
|turn|38
|chat|Hyke|JHAHAHAHAHA
|
|move|p1a: Manectric|Thunderbolt|p2a: Heatran
|-damage|p2a: Heatran|0 fnt
|faint|p2a: Heatran
|
|
|switch|p2a: Skarmory|Skarmory, M|40\/327
|-damage|p2a: Skarmory|0 fnt|[from] Stealth Rock
|faint|p2a: Skarmory
|
|win|femt6