|join|femt6
|join|ringwormsherm
|player|p1|femt6|169
|player|p2|ringwormsherm|169
|gametype|singles
|tier|OU
|rated
|rule|Evasion Abilities Clause: Evasion abilities are banned
|clearpoke
|poke|p1|Tyranitar, M
|poke|p1|Garchomp, M
|poke|p1|Jellicent, M
|poke|p1|Latios, M
|poke|p1|Forretress, M
|poke|p1|Breloom, F
|poke|p2|Terrakion
|poke|p2|Keldeo
|poke|p2|Latios, M
|poke|p2|Landorus-Therian, M
|poke|p2|Tyranitar, F
|poke|p2|Jirachi
|rule|Sleep Clause: Limit one foe put to sleep
|rule|Species Clause: Limit one of each Pokemon
|rule|OHKO Clause: OHKO moves are banned
|rule|Moody Clause: Moody is banned
|rule|Evasion Moves Clause: Evasion moves are banned
|teampreview
|callback|decision
|
|start
|switch|p1a: Jellicent|Jellicent, M|404\/404
|switch|p2a: Landorus-Therian|Landorus-Therian, M|320\/320
|-ability|p2a: Landorus-Therian|Intimidate|[of] p1a: Jellicent
|-unboost|p1a: Jellicent|atk|1
|turn|1
|callback|decision
|
|move|p2a: Landorus-Therian|U-turn|p1a: Jellicent
|-resisted|p1a: Jellicent
|-damage|p1a: Jellicent|354\/404
|callback|decision
|
|switch|p2a: Tyranitar|Tyranitar, F|404\/404
|-weather|Sandstorm|[from] ability: Sand Stream|[of] p2a: Tyranitar
|move|p1a: Jellicent|Will-O-Wisp|p2a: Tyranitar|[miss]
|-miss|p1a: Jellicent|p2a: Tyranitar
|
|-weather|Sandstorm|[upkeep]
|-damage|p1a: Jellicent|329\/404|[from] sandstorm
|-heal|p1a: Jellicent|354\/404|[from] item: Leftovers
|turn|2
|callback|decision
|
|move|p1a: Jellicent|Will-O-Wisp|p2a: Tyranitar
|-status|p2a: Tyranitar|brn
|move|p2a: Tyranitar|Pursuit|p1a: Jellicent
|-supereffective|p1a: Jellicent
|-damage|p1a: Jellicent|292\/404
|
|-weather|Sandstorm|[upkeep]
|-damage|p1a: Jellicent|267\/404|[from] sandstorm
|-heal|p1a: Jellicent|292\/404|[from] item: Leftovers
|-damage|p2a: Tyranitar|354\/404 brn|[from] brn
|turn|3
|callback|decision
|
|move|p1a: Jellicent|Will-O-Wisp|p2a: Tyranitar
|-fail|p2a: Tyranitar|brn
|move|p2a: Tyranitar|Pursuit|p1a: Jellicent
|-supereffective|p1a: Jellicent
|-damage|p1a: Jellicent|226\/404
|
|-weather|Sandstorm|[upkeep]
|-damage|p1a: Jellicent|201\/404|[from] sandstorm
|-heal|p1a: Jellicent|226\/404|[from] item: Leftovers
|-heal|p2a: Tyranitar|379\/404 brn|[from] item: Leftovers
|-damage|p2a: Tyranitar|329\/404 brn|[from] brn
|turn|4
|callback|decision
|
|switch|p2a: Latios|Latios, M|302\/302
|move|p1a: Jellicent|Taunt|p2a: Latios
|-start|p2a: Latios|move: Taunt
|
|-weather|Sandstorm|[upkeep]
|-damage|p2a: Latios|284\/302|[from] sandstorm
|-damage|p1a: Jellicent|201\/404|[from] sandstorm
|-heal|p1a: Jellicent|226\/404|[from] item: Leftovers
|turn|5
|callback|decision
|
|switch|p1a: Tyranitar|Tyranitar, M|342\/342
|move|p2a: Latios|Draco Meteor|p1a: Tyranitar
|-damage|p1a: Tyranitar|186\/342
|-unboost|p2a: Latios|spa|2
|
|-weather|Sandstorm|[upkeep]
|-damage|p2a: Latios|266\/302|[from] sandstorm
|turn|6
|callback|decision
|
|move|p1a: Tyranitar|Pursuit|p2a: Latios
|-crit|p2a: Latios
|-supereffective|p2a: Latios
|-damage|p2a: Latios|0 fnt
|faint|p2a: Latios
|
|-weather|Sandstorm|[upkeep]
|callback|decision
|
|switch|p2a: Jirachi|Jirachi|404\/404
|turn|7
|callback|decision
|
|switch|p1a: Garchomp|Garchomp, M|411\/411
|move|p2a: Jirachi|Substitute|p2a: Jirachi
|-start|p2a: Jirachi|Substitute
|-damage|p2a: Jirachi|303\/404
|
|-weather|Sandstorm|[upkeep]
|-heal|p2a: Jirachi|328\/404|[from] item: Leftovers
|turn|8
|callback|decision
|
|move|p1a: Garchomp|Earthquake|p2a: Jirachi
|-supereffective|p2a: Jirachi
|-end|p2a: Jirachi|Substitute
|move|p2a: Jirachi|Body Slam|p1a: Garchomp
|-damage|p1a: Garchomp|324\/411
|-damage|p2a: Jirachi|278\/404|[from] ability: Rough Skin|[of] p1a: Garchomp
|-damage|p2a: Jirachi|211\/404|[from] item: Rocky Helmet|[of] p1a: Garchomp
|
|-weather|Sandstorm|[upkeep]
|-heal|p2a: Jirachi|236\/404|[from] item: Leftovers
|turn|9
|callback|decision
|
|switch|p2a: Landorus-Therian|Landorus-Therian, M|320\/320
|-ability|p2a: Landorus-Therian|Intimidate|[of] p1a: Garchomp
|-unboost|p1a: Garchomp|atk|1
|move|p1a: Garchomp|Stealth Rock|p2a: Landorus-Therian
|-sidestart|p2: ringwormsherm|move: Stealth Rock
|
|-weather|Sandstorm|[upkeep]
|turn|10
|callback|decision
|
|move|p2a: Landorus-Therian|U-turn|p1a: Garchomp
|-damage|p1a: Garchomp|222\/411
|-damage|p2a: Landorus-Therian|280\/320|[from] ability: Rough Skin|[of] p1a: Garchomp
|-damage|p2a: Landorus-Therian|227\/320|[from] item: Rocky Helmet|[of] p1a: Garchomp
|callback|decision
|
|switch|p2a: Tyranitar|Tyranitar, F|329\/404 brn
|-damage|p2a: Tyranitar|279\/404 brn|[from] Stealth Rock
|move|p1a: Garchomp|Earthquake|p2a: Tyranitar
|-supereffective|p2a: Tyranitar
|-damage|p2a: Tyranitar|75\/404 brn
|
|-weather|Sandstorm|[upkeep]
|-heal|p2a: Tyranitar|100\/404 brn|[from] item: Leftovers
|-damage|p2a: Tyranitar|50\/404 brn|[from] brn
|turn|11
|callback|decision
|
|switch|p2a: Landorus-Therian|Landorus-Therian, M|227\/320
|-damage|p2a: Landorus-Therian|187\/320|[from] Stealth Rock
|-ability|p2a: Landorus-Therian|Intimidate|[of] p1a: Garchomp
|-unboost|p1a: Garchomp|atk|1
|move|p1a: Garchomp|Earthquake|p2a: Landorus-Therian
|-immune|p2a: Landorus-Therian|[msg]
|
|-weather|Sandstorm|[upkeep]
|turn|12
|callback|decision
|
|switch|p1a: Forretress|Forretress, M|353\/353
|move|p2a: Landorus-Therian|Earthquake|p1a: Forretress
|-damage|p1a: Forretress|220\/353
|
|-weather|Sandstorm|[upkeep]
|-heal|p1a: Forretress|242\/353|[from] item: Leftovers
|turn|13
|callback|decision
|
|switch|p2a: Jirachi|Jirachi|236\/404
|-damage|p2a: Jirachi|211\/404|[from] Stealth Rock
|switch|p1a: Latios|Latios, M|301\/301
|
|-weather|Sandstorm|[upkeep]
|-damage|p1a: Latios|283\/301|[from] sandstorm
|-heal|p2a: Jirachi|236\/404|[from] item: Leftovers
|turn|14
|callback|decision
|
|switch|p2a: Tyranitar|Tyranitar, F|50\/404 brn
|-damage|p2a: Tyranitar|0 fnt|[from] Stealth Rock
|faint|p2a: Tyranitar
|move|p1a: Latios|Hidden Power|p2: Tyranitar|[notarget]
|-notarget
|
|-weather|Sandstorm|[upkeep]
|-damage|p1a: Latios|265\/301|[from] sandstorm
|callback|decision
|
|switch|p2a: Landorus-Therian|Landorus-Therian, M|187\/320
|-damage|p2a: Landorus-Therian|147\/320|[from] Stealth Rock
|-ability|p2a: Landorus-Therian|Intimidate|[of] p1a: Latios
|-unboost|p1a: Latios|atk|1
|turn|15
|callback|decision
|
|switch|p1a: Garchomp|Garchomp, M|222\/411
|move|p2a: Landorus-Therian|U-turn|p1a: Garchomp
|-damage|p1a: Garchomp|122\/411
|-damage|p2a: Landorus-Therian|107\/320|[from] ability: Rough Skin|[of] p1a: Garchomp
|-damage|p2a: Landorus-Therian|54\/320|[from] item: Rocky Helmet|[of] p1a: Garchomp
|callback|decision
|
|switch|p2a: Keldeo|Keldeo|323\/323
|-damage|p2a: Keldeo|303\/323|[from] Stealth Rock
|
|-weather|Sandstorm|[upkeep]
|-damage|p2a: Keldeo|283\/323|[from] sandstorm
|turn|16
|callback|decision
|
|switch|p1a: Jellicent|Jellicent, M|226\/404
|move|p2a: Keldeo|Icy Wind|p1a: Jellicent
|-resisted|p1a: Jellicent
|-damage|p1a: Jellicent|190\/404
|-unboost|p1a: Jellicent|spe|1
|
|-weather|Sandstorm|[upkeep]
|-damage|p2a: Keldeo|263\/323|[from] sandstorm
|-damage|p1a: Jellicent|165\/404|[from] sandstorm
|-heal|p1a: Jellicent|190\/404|[from] item: Leftovers
|turn|17
|callback|decision
|
|switch|p2a: Landorus-Therian|Landorus-Therian, M|54\/320
|-damage|p2a: Landorus-Therian|14\/320|[from] Stealth Rock
|-ability|p2a: Landorus-Therian|Intimidate|[of] p1a: Jellicent
|-unboost|p1a: Jellicent|atk|1
|move|p1a: Jellicent|Recover|p1a: Jellicent
|-heal|p1a: Jellicent|392\/404
|
|-weather|Sandstorm|[upkeep]
|-damage|p1a: Jellicent|367\/404|[from] sandstorm
|-heal|p1a: Jellicent|392\/404|[from] item: Leftovers
|turn|18
|callback|decision
|
|switch|p1a: Forretress|Forretress, M|242\/353
|move|p2a: Landorus-Therian|Earthquake|p1a: Forretress
|-damage|p1a: Forretress|118\/353
|
|-weather|Sandstorm|[upkeep]
|-heal|p1a: Forretress|140\/353|[from] item: Leftovers
|turn|19
|callback|decision
|
|switch|p1a: Latios|Latios, M|265\/301
|move|p2a: Landorus-Therian|Earthquake|p1a: Latios
|-immune|p1a: Latios|[msg]
|
|-weather|Sandstorm|[upkeep]
|-damage|p1a: Latios|247\/301|[from] sandstorm
|turn|20
|callback|decision
|
|move|p2a: Landorus-Therian|Earthquake|p1a: Latios
|-immune|p1a: Latios|[msg]
|move|p1a: Latios|Surf|p2a: Landorus-Therian
|-supereffective|p2a: Landorus-Therian
|-damage|p2a: Landorus-Therian|0 fnt
|faint|p2a: Landorus-Therian
|
|-weather|Sandstorm|[upkeep]
|-damage|p1a: Latios|229\/301|[from] sandstorm
|callback|decision
|
|switch|p2a: Terrakion|Terrakion|323\/323
|-damage|p2a: Terrakion|303\/323|[from] Stealth Rock
|turn|21
|callback|decision
|
|switch|p1a: Jellicent|Jellicent, M|392\/404
|move|p2a: Terrakion|Stone Edge|p1a: Jellicent
|-damage|p1a: Jellicent|116\/404
|
|-weather|Sandstorm|[upkeep]
|-damage|p1a: Jellicent|91\/404|[from] sandstorm
|-heal|p1a: Jellicent|116\/404|[from] item: Leftovers
|turn|22
|callback|decision
|
|switch|p1a: Breloom|Breloom, F|262\/262
|move|p2a: Terrakion|Stone Edge|p1a: Breloom|[miss]
|-miss|p2a: Terrakion|p1a: Breloom
|
|-weather|Sandstorm|[upkeep]
|-damage|p1a: Breloom|246\/262|[from] sandstorm
|turn|23
|callback|decision
|
|switch|p2a: Jirachi|Jirachi|236\/404
|-damage|p2a: Jirachi|211\/404|[from] Stealth Rock
|move|p1a: Breloom|Swords Dance|p1a: Breloom
|-boost|p1a: Breloom|atk|2
|
|-weather|Sandstorm|[upkeep]
|-damage|p1a: Breloom|230\/262|[from] sandstorm
|-heal|p2a: Jirachi|236\/404|[from] item: Leftovers
|turn|24
|callback|decision
|
|move|p1a: Breloom|Mach Punch|p2a: Jirachi
|-damage|p2a: Jirachi|0 fnt
|-damage|p1a: Breloom|204\/262|[from] item: Life Orb
|faint|p2a: Jirachi
|
|-weather|Sandstorm|[upkeep]
|-damage|p1a: Breloom|188\/262|[from] sandstorm
|callback|decision
|
|switch|p2a: Keldeo|Keldeo|263\/323
|-damage|p2a: Keldeo|243\/323|[from] Stealth Rock
|turn|25
|callback|decision
|
|move|p1a: Breloom|Mach Punch|p2a: Keldeo
|-damage|p2a: Keldeo|0 fnt
|-damage|p1a: Breloom|162\/262|[from] item: Life Orb
|faint|p2a: Keldeo
|
|-weather|Sandstorm|[upkeep]
|-damage|p1a: Breloom|146\/262|[from] sandstorm
|callback|decision
|
|switch|p2a: Terrakion|Terrakion|303\/323
|-damage|p2a: Terrakion|283\/323|[from] Stealth Rock
|turn|26
|callback|decision
|
|move|p2a: Terrakion|Quick Attack|p1a: Breloom
|-damage|p1a: Breloom|67\/262
|move|p1a: Breloom|Mach Punch|p2a: Terrakion
|-supereffective|p2a: Terrakion
|-damage|p2a: Terrakion|0 fnt
|-damage|p1a: Breloom|41\/262|[from] item: Life Orb
|faint|p2a: Terrakion
|
|win|femt6
|raw|Ladder updating...
|raw|femt6's rating: 1798 &rarr; <strong>1802<\/strong><br \/>(+4 for winning)
|raw|ringwormsherm's rating: 1840 &rarr; <strong>1837<\/strong><br \/>(-3 for losing)