|join|femt6
|join|NixonsBack87
|player|p1|femt6|265
|player|p2|NixonsBack87|145
|gametype|singles
|gen|6
|tier|OU
|rated
|clearpoke
|poke|p1|Beedrill, F
|poke|p1|Magnezone
|poke|p1|Rotom-Wash
|poke|p1|Landorus-Therian, M
|poke|p1|Azumarill, F
|poke|p1|Latios, M
|poke|p2|Gallade, M
|poke|p2|Ferrothorn, M
|poke|p2|Scizor, F
|poke|p2|Clefable, M
|poke|p2|Latios, M
|poke|p2|Rotom-Wash
|rule|Swagger Clause: Swagger is banned
|rule|Baton Pass Clause: Limit one PokÃ©mon knowing Baton Pass
|rule|Sleep Clause Mod: Limit one foe put to sleep
|rule|Species Clause: Limit one of each PokÃ©mon
|rule|OHKO Clause: OHKO moves are banned
|rule|Moody Clause: Moody is banned
|rule|Evasion Moves Clause: Evasion moves are banned
|rule|Endless Battle Clause: Forcing endless battles is banned
|rule|HP Percentage Mod: HP is shown in percentages
|teampreview
|
|start
|switch|p1a: Rotom-Wash|Rotom-Wash|303\/303
|switch|p2a: Ferrothorn|Ferrothorn, M|352\/352
|turn|1
|
|move|p1a: Rotom-Wash|Volt Switch|p2a: Ferrothorn
|-resisted|p2a: Ferrothorn
|-damage|p2a: Ferrothorn|327\/352
|
|switch|p1a: Magnezone|Magnezone|281\/281
|move|p2a: Ferrothorn|Leech Seed|p1a: Magnezone
|-start|p1a: Magnezone|move: Leech Seed
|
|-heal|p2a: Ferrothorn|349\/352|[from] item: Leftovers
|-damage|p1a: Magnezone|246\/281|[from] Leech Seed|[of] p2a: Ferrothorn
|-heal|p2a: Ferrothorn|352\/352|[silent]
|turn|2
|
|move|p2a: Ferrothorn|Protect|p2a: Ferrothorn
|-singleturn|p2a: Ferrothorn|Protect
|move|p1a: Magnezone|Hidden Power|p2a: Ferrothorn
|-activate|p2a: Ferrothorn|Protect
|
|-damage|p1a: Magnezone|211\/281|[from] Leech Seed|[of] p2a: Ferrothorn
|turn|3
|
|move|p1a: Magnezone|Hidden Power|p2a: Ferrothorn
|-supereffective|p2a: Ferrothorn
|-damage|p2a: Ferrothorn|172\/352
|move|p2a: Ferrothorn|Stealth Rock|p1a: Magnezone
|-sidestart|p1: femt6|move: Stealth Rock
|
|-heal|p2a: Ferrothorn|194\/352|[from] item: Leftovers
|-damage|p1a: Magnezone|176\/281|[from] Leech Seed|[of] p2a: Ferrothorn
|-heal|p2a: Ferrothorn|229\/352|[silent]
|turn|4
|
|move|p2a: Ferrothorn|Protect|p2a: Ferrothorn
|-singleturn|p2a: Ferrothorn|Protect
|move|p1a: Magnezone|Hidden Power|p2a: Ferrothorn
|-activate|p2a: Ferrothorn|Protect
|
|-heal|p2a: Ferrothorn|251\/352|[from] item: Leftovers
|-damage|p1a: Magnezone|141\/281|[from] Leech Seed|[of] p2a: Ferrothorn
|-heal|p2a: Ferrothorn|286\/352|[silent]
|turn|5
|
|move|p1a: Magnezone|Hidden Power|p2a: Ferrothorn
|-supereffective|p2a: Ferrothorn
|-damage|p2a: Ferrothorn|102\/352
|move|p2a: Ferrothorn|Gyro Ball|p1a: Magnezone
|-crit|p1a: Magnezone
|-resisted|p1a: Magnezone
|-damage|p1a: Magnezone|87\/281
|
|-heal|p2a: Ferrothorn|124\/352|[from] item: Leftovers
|-damage|p1a: Magnezone|52\/281|[from] Leech Seed|[of] p2a: Ferrothorn
|-heal|p2a: Ferrothorn|159\/352|[silent]
|turn|6
|c|âfemt6|really?
|
|move|p2a: Ferrothorn|Protect|p2a: Ferrothorn
|-singleturn|p2a: Ferrothorn|Protect
|move|p1a: Magnezone|Hidden Power|p2a: Ferrothorn
|-activate|p2a: Ferrothorn|Protect
|
|-heal|p2a: Ferrothorn|181\/352|[from] item: Leftovers
|-damage|p1a: Magnezone|17\/281|[from] Leech Seed|[of] p2a: Ferrothorn
|-heal|p2a: Ferrothorn|216\/352|[silent]
|turn|7
|
|move|p1a: Magnezone|Hidden Power|p2a: Ferrothorn
|-supereffective|p2a: Ferrothorn
|-damage|p2a: Ferrothorn|36\/352
|move|p2a: Ferrothorn|Gyro Ball|p1a: Magnezone
|-resisted|p1a: Magnezone
|-damage|p1a: Magnezone|0 fnt
|faint|p1a: Magnezone
|
|-heal|p2a: Ferrothorn|58\/352|[from] item: Leftovers
|
|switch|p1a: Latios|Latios, M|301\/301
|-damage|p1a: Latios|264\/301|[from] Stealth Rock
|turn|8
|
|switch|p2a: Clefable|Clefable, M|394\/394
|move|p1a: Latios|Psyshock|p2a: Clefable
|-damage|p2a: Clefable|230\/394
|-damage|p1a: Latios|234\/301|[from] item: Life Orb
|
|-heal|p2a: Clefable|254\/394|[from] item: Leftovers
|turn|9
|
|move|p1a: Latios|Defog|p2a: Clefable
|-unboost|p2a: Clefable|evasion|1
|-sideend|p1: femt6|Stealth Rock|[from] move: Defog|[of] p1a: Latios
|move|p2a: Clefable|Moonblast|p1a: Latios
|-supereffective|p1a: Latios
|-damage|p1a: Latios|52\/301
|-unboost|p1a: Latios|spa|1
|
|-heal|p2a: Clefable|278\/394|[from] item: Leftovers
|turn|10
|
|switch|p1a: Azumarill|Azumarill, F|401\/401
|move|p2a: Clefable|Calm Mind|p2a: Clefable
|-boost|p2a: Clefable|spa|1
|-boost|p2a: Clefable|spd|1
|
|-heal|p2a: Clefable|302\/394|[from] item: Leftovers
|turn|11
|
|move|p2a: Clefable|Moonblast|p1a: Azumarill
|-damage|p1a: Azumarill|281\/401
|move|p1a: Azumarill|Knock Off|p2a: Clefable
|-resisted|p2a: Clefable
|-damage|p2a: Clefable|239\/394
|-enditem|p2a: Clefable|Leftovers|[from] move: Knock Off|[of] p1a: Azumarill
|
|turn|12
|
|switch|p2a: Ferrothorn|Ferrothorn, M|58\/352
|move|p1a: Azumarill|Play Rough|p2a: Ferrothorn
|-resisted|p2a: Ferrothorn
|-damage|p2a: Ferrothorn|0 fnt
|-damage|p1a: Azumarill|231\/401|[from] ability: Iron Barbs|[of] p2a: Ferrothorn
|faint|p2a: Ferrothorn
|
|
|switch|p2a: Rotom-Wash|Rotom-Wash|304\/304
|turn|13
|
|switch|p1a: Latios|Latios, M|52\/301
|move|p2a: Rotom-Wash|Will-O-Wisp|p1a: Latios
|-status|p1a: Latios|brn
|
|-damage|p1a: Latios|15\/301 brn|[from] brn
|turn|14
|
|switch|p2a: Clefable|Clefable, M|239\/394
|move|p1a: Latios|Psyshock|p2a: Clefable
|-damage|p2a: Clefable|83\/394
|-damage|p1a: Latios|0 fnt|[from] item: Life Orb
|faint|p1a: Latios
|
|
|switch|p1a: Beedrill|Beedrill, F|272\/272
|turn|15
|
|detailschange|p1a: Beedrill|Beedrill-Mega, F
|message|Beedrill has Mega Evolved into Mega Beedrill!
|move|p1a: Beedrill|Drill Run|p2a: Clefable
|-damage|p2a: Clefable|0 fnt
|faint|p2a: Clefable
|
|
|switch|p2a: Latios|Latios, M|301\/301
|turn|16
|
|move|p1a: Beedrill|Protect|p1a: Beedrill
|-singleturn|p1a: Beedrill|Protect
|move|p2a: Latios|Draco Meteor|p1a: Beedrill
|-activate|p1a: Beedrill|Protect
|
|turn|17
|
|move|p1a: Beedrill|U-turn|p2a: Latios
|-supereffective|p2a: Latios
|-damage|p2a: Latios|0 fnt
|faint|p2a: Latios
|
|switch|p1a: Rotom-Wash|Rotom-Wash|303\/303
|
|
|switch|p2a: Rotom-Wash|Rotom-Wash|304\/304
|turn|18
|
|move|p1a: Rotom-Wash|Volt Switch|p2a: Rotom-Wash
|-damage|p2a: Rotom-Wash|223\/304
|
|switch|p1a: Landorus-Therian|Landorus-Therian, M|382\/382
|-ability|p1a: Landorus-Therian|Intimidate|[of] p2a: Rotom-Wash
|-unboost|p2a: Rotom-Wash|atk|1
|move|p2a: Rotom-Wash|Will-O-Wisp|p1a: Landorus-Therian
|-status|p1a: Landorus-Therian|brn
|
|-damage|p1a: Landorus-Therian|335\/382 brn|[from] brn
|turn|19
|
|move|p1a: Landorus-Therian|Stealth Rock|p2a: Rotom-Wash
|-sidestart|p2: NixonsBack87|move: Stealth Rock
|move|p2a: Rotom-Wash|Hydro Pump|p1a: Landorus-Therian
|-supereffective|p1a: Landorus-Therian
|-damage|p1a: Landorus-Therian|35\/382 brn
|
|-heal|p1a: Landorus-Therian|58\/382 brn|[from] item: Leftovers
|-damage|p1a: Landorus-Therian|11\/382 brn|[from] brn
|turn|20
|
|move|p1a: Landorus-Therian|U-turn|p2a: Rotom-Wash
|-damage|p2a: Rotom-Wash|194\/304
|
|switch|p1a: Rotom-Wash|Rotom-Wash|303\/303
|move|p2a: Rotom-Wash|Will-O-Wisp|p1a: Rotom-Wash
|-status|p1a: Rotom-Wash|brn
|
|-damage|p1a: Rotom-Wash|266\/303 brn|[from] brn
|turn|21
|
|move|p1a: Rotom-Wash|Thunderbolt|p2a: Rotom-Wash
|-damage|p2a: Rotom-Wash|82\/304
|move|p2a: Rotom-Wash|Volt Switch|p1a: Rotom-Wash
|-damage|p1a: Rotom-Wash|190\/303 brn
|
|switch|p2a: Scizor|Scizor, F|343\/343
|-damage|p2a: Scizor|301\/343|[from] Stealth Rock
|
|-heal|p1a: Rotom-Wash|208\/303 brn|[from] item: Leftovers
|-damage|p1a: Rotom-Wash|171\/303 brn|[from] brn
|turn|22
|
|move|p1a: Rotom-Wash|Will-O-Wisp|p2a: Scizor
|-status|p2a: Scizor|brn
|move|p2a: Scizor|Superpower|p1a: Rotom-Wash
|-damage|p1a: Rotom-Wash|84\/303 brn
|-unboost|p2a: Scizor|atk|1
|-unboost|p2a: Scizor|def|1
|
|-heal|p1a: Rotom-Wash|102\/303 brn|[from] item: Leftovers
|-damage|p1a: Rotom-Wash|65\/303 brn|[from] brn
|-damage|p2a: Scizor|259\/343 brn|[from] brn
|turn|23
|
|move|p1a: Rotom-Wash|Hydro Pump|p2a: Scizor
|-damage|p2a: Scizor|103\/343 brn
|move|p2a: Scizor|Superpower|p1a: Rotom-Wash
|-damage|p1a: Rotom-Wash|9\/303 brn
|-unboost|p2a: Scizor|atk|1
|-unboost|p2a: Scizor|def|1
|
|-heal|p1a: Rotom-Wash|27\/303 brn|[from] item: Leftovers
|-damage|p1a: Rotom-Wash|0 fnt|[from] brn
|-damage|p2a: Scizor|61\/343 brn|[from] brn
|faint|p1a: Rotom-Wash
|
|switch|p1a: Beedrill|Beedrill-Mega, F|272\/272
|turn|24
|
|move|p1a: Beedrill|Drill Run|p2a: Scizor
|-damage|p2a: Scizor|0 fnt
|faint|p2a: Scizor
|
|
|switch|p2a: Rotom-Wash|Rotom-Wash|82\/304
|-damage|p2a: Rotom-Wash|44\/304|[from] Stealth Rock
|turn|25
|
|move|p1a: Beedrill|Poison Jab|p2a: Rotom-Wash
|-damage|p2a: Rotom-Wash|0 fnt
|faint|p2a: Rotom-Wash
|
|
|switch|p2a: Gallade|Gallade, M|277\/277
|-damage|p2a: Gallade|260\/277|[from] Stealth Rock
|turn|26
|
|detailschange|p2a: Gallade|Gallade-Mega, M
|message|Gallade has Mega Evolved into Mega Gallade!
|move|p1a: Beedrill|U-turn|p2a: Gallade
|-damage|p2a: Gallade|56\/277
|
|switch|p1a: Landorus-Therian|Landorus-Therian, M|11\/382 brn
|-ability|p1a: Landorus-Therian|Intimidate|[of] p2a: Gallade
|-unboost|p2a: Gallade|atk|1
|move|p2a: Gallade|Zen Headbutt|p1a: Landorus-Therian
|-damage|p1a: Landorus-Therian|0 fnt
|faint|p1a: Landorus-Therian
|
|
|switch|p1a: Beedrill|Beedrill-Mega, F|272\/272
|turn|27
|
|move|p1a: Beedrill|Poison Jab|p2a: Gallade
|-damage|p2a: Gallade|0 fnt
|faint|p2a: Gallade
|
|win|femt6
|raw|Ladder updating...