|join|femt6
|join|testing2141
|player|p1|femt6|169
|player|p2|testing2141|102
|gametype|singles
|tier|OU
|rated
|rule|Evasion Abilities Clause: Evasion abilities are banned
|clearpoke
|poke|p1|Tyranitar, M
|poke|p1|Garchomp, M
|poke|p1|Jellicent, M
|poke|p1|Latios, M
|poke|p1|Forretress, M
|poke|p1|Breloom, F
|poke|p2|Ninetales, F
|poke|p2|Venusaur, M
|poke|p2|Wobbuffet, M
|poke|p2|Volcarona, M
|poke|p2|Xatu, M
|poke|p2|Heatran, F
|rule|Sleep Clause: Limit one foe put to sleep
|rule|Species Clause: Limit one of each Pokemon
|rule|OHKO Clause: OHKO moves are banned
|rule|Moody Clause: Moody is banned
|rule|Evasion Moves Clause: Evasion moves are banned
|teampreview
|callback|decision
|
|start
|switch|p1a: Latios|Latios, M|301\/301
|switch|p2a: Ninetales|Ninetales, F|350\/350
|-weather|SunnyDay|[from] ability: Drought|[of] p2a: Ninetales
|turn|1
|callback|decision
|
|switch|p1a: Tyranitar|Tyranitar, M|342\/342
|-weather|Sandstorm|[from] ability: Sand Stream|[of] p1a: Tyranitar
|move|p2a: Ninetales|Will-O-Wisp|p1a: Tyranitar
|-status|p1a: Tyranitar|brn
|
|-weather|Sandstorm|[upkeep]
|-damage|p2a: Ninetales|329\/350|[from] sandstorm
|-heal|p2a: Ninetales|350\/350|[from] item: Leftovers
|-damage|p1a: Tyranitar|300\/342 brn|[from] brn
|turn|2
|callback|decision
|
|switch|p2a: Wobbuffet|Wobbuffet, M|528\/528
|move|p1a: Tyranitar|Stone Edge|p2a: Wobbuffet|[miss]
|-miss|p1a: Tyranitar|p2a: Wobbuffet
|
|-weather|Sandstorm|[upkeep]
|-damage|p2a: Wobbuffet|495\/528|[from] sandstorm
|-damage|p1a: Tyranitar|258\/342 brn|[from] brn
|turn|3
|callback|decision
|
|move|p1a: Tyranitar|Stone Edge|p2a: Wobbuffet
|-crit|p2a: Wobbuffet
|-damage|p2a: Wobbuffet|314\/528
|move|p2a: Wobbuffet|Counter|p1a: Tyranitar
|-damage|p1a: Tyranitar|0 fnt
|faint|p1a: Tyranitar
|
|-weather|Sandstorm|[upkeep]
|-damage|p2a: Wobbuffet|281\/528|[from] sandstorm
|callback|decision
|
|switch|p1a: Garchomp|Garchomp, M|411\/411
|turn|4
|callback|decision
|
|move|p1a: Garchomp|Fire Blast|p2a: Wobbuffet|[miss]
|-miss|p1a: Garchomp|p2a: Wobbuffet
|move|p2a: Wobbuffet|Encore|p1a: Garchomp
|-start|p1a: Garchomp|Encore
|
|-weather|Sandstorm|[upkeep]
|-damage|p2a: Wobbuffet|248\/528|[from] sandstorm
|turn|5
|callback|decision
|
|move|p1a: Garchomp|Fire Blast|p2a: Wobbuffet
|-damage|p2a: Wobbuffet|164\/528
|move|p2a: Wobbuffet|Mirror Coat|p1a: Garchomp
|-damage|p1a: Garchomp|243\/411
|
|-weather|Sandstorm|[upkeep]
|-damage|p2a: Wobbuffet|131\/528|[from] sandstorm
|turn|6
|callback|decision
|-enditem|p2a: Wobbuffet|Custap Berry|[eat]
|-activate|p2a: Wobbuffet|Custap Berry
|
|move|p1a: Garchomp|Fire Blast|p2a: Wobbuffet
|-damage|p2a: Wobbuffet|47\/528
|move|p2a: Wobbuffet|Mirror Coat|p1a: Garchomp
|-damage|p1a: Garchomp|75\/411
|
|-weather|Sandstorm|[upkeep]
|-damage|p2a: Wobbuffet|14\/528|[from] sandstorm
|turn|7
|callback|decision
|
|move|p1a: Garchomp|Fire Blast|p2a: Wobbuffet|[miss]
|-miss|p1a: Garchomp|p2a: Wobbuffet
|move|p2a: Wobbuffet|Destiny Bond|p2a: Wobbuffet
|-singlemove|p2a: Wobbuffet|Destiny Bond
|
|-weather|Sandstorm|[upkeep]
|-damage|p2a: Wobbuffet|0 fnt|[from] sandstorm
|-end|p1a: Garchomp|Encore
|faint|p2a: Wobbuffet
|callback|decision
|
|switch|p2a: Ninetales|Ninetales, F|350\/350
|-weather|SunnyDay|[from] ability: Drought|[of] p2a: Ninetales
|turn|8
|callback|decision
|
|switch|p2a: Xatu|Xatu, M|333\/333
|move|p1a: Garchomp|Stealth Rock|p2a: Xatu
|move|p2a: Xatu|Stealth Rock|p1a: Garchomp|[from]Magic Bounce
|-sidestart|p1: femt6|move: Stealth Rock
|
|-weather|SunnyDay|[upkeep]
|turn|9
|callback|decision
|
|move|p1a: Garchomp|Outrage|p2a: Xatu
|-damage|p2a: Xatu|147\/333
|-damage|p1a: Garchomp|7\/411|[from] item: Rocky Helmet|[of] p2a: Xatu
|move|p2a: Xatu|U-turn|p1a: Garchomp
|-damage|p1a: Garchomp|0 fnt
|-damage|p2a: Xatu|106\/333|[from] ability: Rough Skin|[of] p1a: Garchomp
|-damage|p2a: Xatu|51\/333|[from] item: Rocky Helmet|[of] p1a: Garchomp
|faint|p1a: Garchomp
|callback|decision
|
|switch|p2a: Venusaur|Venusaur, M|319\/319
|
|-weather|SunnyDay|[upkeep]
|callback|decision
|
|switch|p1a: Latios|Latios, M|301\/301
|-damage|p1a: Latios|264\/301|[from] Stealth Rock
|turn|10
|callback|decision
|
|move|p2a: Venusaur|Sleep Powder|p1a: Latios|[miss]
|-miss|p2a: Venusaur|p1a: Latios
|move|p1a: Latios|Draco Meteor|p2a: Venusaur
|-damage|p2a: Venusaur|0 fnt
|-unboost|p1a: Latios|spa|2
|faint|p2a: Venusaur
|
|-weather|SunnyDay|[upkeep]
|callback|decision
|
|switch|p2a: Volcarona|Volcarona, M|312\/312
|turn|11
|callback|decision
|
|switch|p1a: Jellicent|Jellicent, M|404\/404
|-damage|p1a: Jellicent|354\/404|[from] Stealth Rock
|move|p2a: Volcarona|Quiver Dance|p2a: Volcarona
|-boost|p2a: Volcarona|spa|1
|-boost|p2a: Volcarona|spd|1
|-boost|p2a: Volcarona|spe|1
|
|-weather|SunnyDay|[upkeep]
|-heal|p1a: Jellicent|379\/404|[from] item: Leftovers
|turn|12
|callback|decision
|
|move|p2a: Volcarona|Giga Drain|p1a: Jellicent
|-supereffective|p1a: Jellicent
|-damage|p1a: Jellicent|69\/404
|move|p1a: Jellicent|Taunt|p2a: Volcarona
|-start|p2a: Volcarona|move: Taunt
|
|-weather|SunnyDay|[upkeep]
|-heal|p1a: Jellicent|94\/404|[from] item: Leftovers
|turn|13
|callback|decision
|
|move|p2a: Volcarona|Giga Drain|p1a: Jellicent
|-supereffective|p1a: Jellicent
|-damage|p1a: Jellicent|0 fnt
|faint|p1a: Jellicent
|
|-weather|SunnyDay|[upkeep]
|callback|decision
|
|switch|p1a: Latios|Latios, M|264\/301
|-damage|p1a: Latios|227\/301|[from] Stealth Rock
|turn|14
|callback|decision
|
|move|p2a: Volcarona|Bug Buzz|p1a: Latios
|-crit|p1a: Latios
|-supereffective|p1a: Latios
|-damage|p1a: Latios|0 fnt
|faint|p1a: Latios
|
|-weather|SunnyDay|[upkeep]
|callback|decision
|-message|femt6 forfeited.
|
|win|testing2141
|raw|Ladder updating...
|raw|femt6's rating: 1805 &rarr; <strong>1801<\/strong><br \/>(-4 for losing)
|raw|testing2141's rating: 1777 &rarr; <strong>1784<\/strong><br \/>(+7 for winning)
|leave|femt6
|player|p1