|join|femt6
|join|SS Echelon
|player|p1|femt6|101
|player|p2|SS Echelon|23
|gametype|singles
|tier|OU
|rule|Evasion Abilities Clause: Evasion abilities are banned
|clearpoke
|poke|p1|Tyranitar, M
|poke|p1|Garchomp, M
|poke|p1|Rotom-Wash
|poke|p1|Latias, F
|poke|p1|Forretress, M
|poke|p1|Breloom, F
|poke|p2|Amoonguss, M
|poke|p2|Heatran, M
|poke|p2|Hippowdon, M
|poke|p2|Tyranitar, M
|poke|p2|Keldeo-Resolute
|poke|p2|Landorus, M
|rule|Sleep Clause Mod: Limit one foe put to sleep
|rule|Species Clause: Limit one of each Pokemon
|rule|OHKO Clause: OHKO moves are banned
|rule|Moody Clause: Moody is banned
|rule|Evasion Moves Clause: Evasion moves are banned
|rule|HP Percentage Mod: HP is reported as percentages
|teampreview
|callback|decision
|join|Igarai
|chat|SS Echelon|gl
|chat|SS Echelon|hf
|join|TA SERTO
|chat|femt6|bom jogo
|join|Arcanjo
|join|cbt alguÃ©m
|chat|cbt alguÃ©m|o:
|
|start
|switch|p1a: Garchomp|Garchomp, M|411\/411
|switch|p2a: Landorus|Landorus, M|319\/319
|turn|1
|callback|decision
|chat|Arcanjo|chinleo
|join|wormguy
|chat|wormguy|vai millhouse
|
|switch|p2a: Hippowdon|Hippowdon, M|420\/420
|-weather|Sandstorm|[from] ability: Sand Stream|[of] p2a: Hippowdon
|move|p1a: Garchomp|Stealth Rock|p2a: Hippowdon
|-sidestart|p2: SS Echelon|move: Stealth Rock
|
|-weather|Sandstorm|[upkeep]
|turn|2
|callback|decision
|
|switch|p1a: Forretress|Forretress, M|353\/353
|move|p2a: Hippowdon|Stealth Rock|p1a: Forretress
|-sidestart|p1: femt6|move: Stealth Rock
|
|-weather|Sandstorm|[upkeep]
|turn|3
|callback|decision
|
|switch|p2a: Heatran|Heatran, M|385\/385
|-damage|p2a: Heatran|337\/385|[from] Stealth Rock
|move|p1a: Forretress|Spikes|p2a: Heatran
|-sidestart|p2: SS Echelon|Spikes
|
|-weather|Sandstorm|[upkeep]
|-heal|p2a: Heatran|361\/385|[from] item: Leftovers
|turn|4
|callback|decision
|
|switch|p1a: Rotom-W|Rotom-Wash|303\/303
|-damage|p1a: Rotom-W|266\/303|[from] Stealth Rock
|move|p2a: Heatran|Toxic|p1a: Rotom-W
|-status|p1a: Rotom-W|tox
|
|-weather|Sandstorm|[upkeep]
|-damage|p1a: Rotom-W|248\/303 tox|[from] sandstorm
|-heal|p2a: Heatran|385\/385|[from] item: Leftovers
|-damage|p1a: Rotom-W|230\/303 tox|[from] psn
|turn|5
|callback|decision
|
|move|p2a: Heatran|Protect|p2a: Heatran
|-singleturn|p2a: Heatran|Protect
|move|p1a: Rotom-W|Hydro Pump|p2a: Heatran
|-activate|p2a: Heatran|Protect
|
|-weather|Sandstorm|[upkeep]
|-damage|p1a: Rotom-W|212\/303 tox|[from] sandstorm
|-damage|p1a: Rotom-W|176\/303 tox|[from] psn
|turn|6
|callback|decision
|
|switch|p2a: Amoonguss|Amoonguss, M|432\/432
|-damage|p2a: Amoonguss|378\/432|[from] Stealth Rock
|-damage|p2a: Amoonguss|324\/432|[from] Spikes
|move|p1a: Rotom-W|Volt Switch|p2a: Amoonguss
|-resisted|p2a: Amoonguss
|-damage|p2a: Amoonguss|284\/432
|callback|decision
|
|switch|p1a: Breloom|Breloom, F|262\/262
|-damage|p1a: Breloom|246\/262|[from] Stealth Rock
|
|-weather|Sandstorm|[upkeep]
|-damage|p1a: Breloom|230\/262|[from] sandstorm
|-damage|p2a: Amoonguss|257\/432|[from] sandstorm
|-heal|p2a: Amoonguss|284\/432|[from] item: Black Sludge
|turn|7
|callback|decision
|chat|TA SERTO|latias vai mandar um hp fighting crÃ­tico no ttar
|chat|TA SERTO|e vai sweepar, claro
|chat|cbt alguÃ©m|lol
|chat|cbt alguÃ©m|Eu vou jogar com disallow 
|chat|cbt alguÃ©m|all mad \\/
|
|move|p1a: Breloom|Spore|p2a: Amoonguss
|-status|p2a: Amoonguss|slp
|cant|p2a: Amoonguss|slp
|
|-weather|Sandstorm|[upkeep]
|-damage|p1a: Breloom|214\/262|[from] sandstorm
|-damage|p2a: Amoonguss|257\/432 slp|[from] sandstorm
|-heal|p2a: Amoonguss|284\/432 slp|[from] item: Black Sludge
|turn|8
|callback|decision
|chat|femt6|ah eh final
|chat|femt6|que se foda
|chat|femt6|kra
|chat|cbt alguÃ©m|Eu sei, sÃ³ to zoando o:
|
|switch|p1a: Latias|Latias, F|319\/319
|-damage|p1a: Latias|280\/319|[from] Stealth Rock
|switch|p2a: Landorus|Landorus, M|319\/319
|-damage|p2a: Landorus|280\/319|[from] Stealth Rock
|
|-weather|Sandstorm|[upkeep]
|-damage|p1a: Latias|261\/319|[from] sandstorm
|turn|9
|callback|decision
|chat|SS Echelon|meu avatar Ã© o mais MÃSCULO
|
|switch|p2a: Tyranitar|Tyranitar, M|341\/341
|-damage|p2a: Tyranitar|299\/341|[from] Stealth Rock
|-damage|p2a: Tyranitar|257\/341|[from] Spikes
|move|p1a: Latias|Surf|p2a: Tyranitar
|-supereffective|p2a: Tyranitar
|-damage|p2a: Tyranitar|113\/341
|-damage|p1a: Latias|230\/319|[from] item: Life Orb
|
|-weather|Sandstorm|[upkeep]
|-damage|p1a: Latias|211\/319|[from] sandstorm
|turn|10
|callback|decision
|chat|TA SERTO|mad ne
|chat|TA SERTO|fala pra mim
|chat|cbt alguÃ©m|.
|chat|femt6|...
|chat|TA SERTO|ele tÃ¡ calculando
|chat|TA SERTO|pursuit
|
|move|p2a: Tyranitar|Pursuit|p1a: Latias
|-supereffective|p1a: Latias
|-damage|p1a: Latias|35\/319
|move|p1a: Latias|Surf|p2a: Tyranitar
|-supereffective|p2a: Tyranitar
|-damage|p2a: Tyranitar|0 fnt
|-damage|p1a: Latias|4\/319|[from] item: Life Orb
|faint|p2a: Tyranitar
|
|-weather|Sandstorm|[upkeep]
|-damage|p1a: Latias|0 fnt|[from] sandstorm
|faint|p1a: Latias
|callback|decision
|chat|cbt alguÃ©m|meu ttar scarf o:
|
|switch|p2a: Keldeo|Keldeo-Resolute|323\/323
|-damage|p2a: Keldeo|283\/323|[from] Spikes
|-damage|p2a: Keldeo|263\/323|[from] Stealth Rock
|switch|p1a: Tyranitar|Tyranitar, M|342\/342
|-damage|p1a: Tyranitar|300\/342|[from] Stealth Rock
|turn|11
|callback|decision
|chat|TA SERTO|ai
|chat|TA SERTO|gg
|chat|cbt alguÃ©m|?_?
|chat|femt6|kkkkk
|chat|femt6|fiz caca
|chat|femt6|kkkkk
|chat|TA SERTO|chinelÃ£o
|chat|TA SERTO|Ã© sua
|chat|cbt alguÃ©m|Porque caralhos vocÃª colocou Tyranitar ?
|chat|TA SERTO|sÃ³ n deixa essa bosta morrer
|chat|SS Echelon|ele nÃ£o tem o que colocar
|chat|cbt alguÃ©m|Tem sim
|
|move|p1a: Tyranitar|Stone Edge|p2a: Keldeo
|-crit|p2a: Keldeo
|-resisted|p2a: Keldeo
|-damage|p2a: Keldeo|65\/323
|move|p2a: Keldeo|Secret Sword|p1a: Tyranitar
|-supereffective|p1a: Tyranitar
|-damage|p1a: Tyranitar|0 fnt
|faint|p1a: Tyranitar
|
|-weather|Sandstorm|[upkeep]
|-damage|p2a: Keldeo|45\/323|[from] sandstorm
|-heal|p2a: Keldeo|65\/323|[from] item: Leftovers
|callback|decision
|chat|SS Echelon|latias era o check de keldeo dele
|chat|cbt alguÃ©m|SÃ³ nÃ£o Ã© tÃ£o seguro
|chat|TA SERTO|PORRA
|chat|femt6|oh o hax
|chat|femt6|kkkkk
|chat|SS Echelon|merda
|chat|TA SERTO|pensa se tem aerial ace
|
|switch|p1a: Breloom|Breloom, F|214\/262
|-damage|p1a: Breloom|198\/262|[from] Stealth Rock
|turn|12
|callback|decision
|chat|TA SERTO|chorando
|
|move|p1a: Breloom|Mach Punch|p2a: Keldeo
|-enditem|p1a: Breloom|Fighting Gem|[from] gem|[move] Mach Punch
|-damage|p2a: Keldeo|0 fnt
|faint|p2a: Keldeo
|
|-weather|Sandstorm|[upkeep]
|-damage|p1a: Breloom|182\/262|[from] sandstorm
|callback|decision
|
|switch|p2a: Landorus|Landorus, M|280\/319
|-damage|p2a: Landorus|241\/319|[from] Stealth Rock
|turn|13
|callback|decision
|chat|femt6|ainda perdi essa porra kkkk
|chat|cbt alguÃ©m|relaxa
|chat|cbt alguÃ©m|Pensa direito oO
|chat|femt6|nem penso
|chat|femt6|nÃ£o gosto
|chat|cbt alguÃ©m|Tu nÃ£o tem um bom check pro Landorus
|chat|cbt alguÃ©m|Mas tem coisas que poderiam tankar ele
|
|switch|p1a: Forretress|Forretress, M|353\/353
|-damage|p1a: Forretress|309\/353|[from] Stealth Rock
|move|p2a: Landorus|Hidden Power|p1a: Forretress
|-resisted|p1a: Forretress
|-damage|p1a: Forretress|241\/353
|-damage|p2a: Landorus|210\/319|[from] item: Life Orb
|
|-weather|Sandstorm|[upkeep]
|-heal|p1a: Forretress|263\/353|[from] item: Leftovers
|turn|14
|callback|decision
|chat|TA SERTO|na verdade
|chat|TA SERTO|a Ãºnica coisa que ele pode fazer
|
|move|p2a: Landorus|Substitute|p2a: Landorus
|-start|p2a: Landorus|Substitute
|-damage|p2a: Landorus|131\/319
|move|p1a: Forretress|Gyro Ball|p2a: Landorus
|-end|p2a: Landorus|Substitute
|
|-weather|Sandstorm|[upkeep]
|-heal|p1a: Forretress|285\/353|[from] item: Leftovers
|turn|15
|callback|decision
|chat|TA SERTO|Ã© ficar switchando na sr
|
|move|p2a: Landorus|Earth Power|p1a: Forretress
|-damage|p1a: Forretress|0 fnt
|faint|p1a: Forretress
|
|-weather|Sandstorm|[upkeep]
|callback|decision
|chat|cbt alguÃ©m|Se for o set que eu to pensando
|
|switch|p1a: Rotom-W|Rotom-Wash|176\/303 tox
|-damage|p1a: Rotom-W|139\/303 tox|[from] Stealth Rock
|turn|16
|callback|decision
|chat|cbt alguÃ©m|Ah, achei que era bw1 com Earthquake .aids
|chat|TA SERTO|o.o
|
|switch|p2a: Heatran|Heatran, M|385\/385
|-damage|p2a: Heatran|337\/385|[from] Spikes
|-damage|p2a: Heatran|289\/385|[from] Stealth Rock
|move|p1a: Rotom-W|Rest|p1a: Rotom-W
|-status|p1a: Rotom-W|slp
|-heal|p1a: Rotom-W|303\/303 slp|[silent]
|-status|p1a: Rotom-W|slp|[from] move: Rest
|-enditem|p1a: Rotom-W|Chesto Berry|[eat]
|-curestatus|p1a: Rotom-W|slp
|
|-weather|Sandstorm|[upkeep]
|-damage|p1a: Rotom-W|285\/303|[from] sandstorm
|-heal|p2a: Heatran|313\/385|[from] item: Leftovers
|turn|17
|callback|decision
|chat|cbt alguÃ©m|Isso o:
|chat|wormguy|isso
|
|switch|p1a: Garchomp|Garchomp, M|411\/411
|-damage|p1a: Garchomp|386\/411|[from] Stealth Rock
|move|p2a: Heatran|Toxic|p1a: Garchomp
|-status|p1a: Garchomp|tox
|
|-weather|Sandstorm|[upkeep]
|-heal|p2a: Heatran|337\/385|[from] item: Leftovers
|-damage|p1a: Garchomp|361\/411 tox|[from] psn
|turn|18
|callback|decision
|
|switch|p2a: Hippowdon|Hippowdon, M|420\/420
|-damage|p2a: Hippowdon|394\/420|[from] Stealth Rock
|-damage|p2a: Hippowdon|342\/420|[from] Spikes
|move|p1a: Garchomp|Earthquake|p2a: Hippowdon
|-damage|p2a: Hippowdon|243\/420
|
|-weather|Sandstorm|[upkeep]
|-heal|p2a: Hippowdon|269\/420|[from] item: Leftovers
|-damage|p1a: Garchomp|311\/411 tox|[from] psn
|turn|19
|callback|decision
|
|move|p1a: Garchomp|Earthquake|p2a: Hippowdon
|-damage|p2a: Hippowdon|169\/420
|move|p2a: Hippowdon|Roar|p1a: Garchomp
|drag|p1a: Rotom-W|Rotom-Wash|285\/303
|-damage|p1a: Rotom-W|248\/303|[from] Stealth Rock
|
|-weather|Sandstorm|[upkeep]
|-damage|p1a: Rotom-W|230\/303|[from] sandstorm
|-heal|p2a: Hippowdon|195\/420|[from] item: Leftovers
|turn|20
|callback|decision
|join|stolen
|
|switch|p2a: Amoonguss|Amoonguss, M|428\/432 slp
|-damage|p2a: Amoonguss|374\/432 slp|[from] Spikes
|-damage|p2a: Amoonguss|320\/432 slp|[from] Stealth Rock
|move|p1a: Rotom-W|Hydro Pump|p2a: Amoonguss|[miss]
|-miss|p1a: Rotom-W|p2a: Amoonguss
|
|-weather|Sandstorm|[upkeep]
|-damage|p1a: Rotom-W|212\/303|[from] sandstorm
|-damage|p2a: Amoonguss|293\/432 slp|[from] sandstorm
|-heal|p2a: Amoonguss|320\/432 slp|[from] item: Black Sludge
|turn|21
|callback|decision
|
|move|p1a: Rotom-W|Volt Switch|p2a: Amoonguss
|-resisted|p2a: Amoonguss
|-damage|p2a: Amoonguss|279\/432 slp
|callback|decision
|
|switch|p1a: Garchomp|Garchomp, M|311\/411 tox
|-damage|p1a: Garchomp|286\/411 tox|[from] Stealth Rock
|cant|p2a: Amoonguss|slp
|
|-weather|Sandstorm|[upkeep]
|-damage|p2a: Amoonguss|252\/432 slp|[from] sandstorm
|-heal|p2a: Amoonguss|279\/432 slp|[from] item: Black Sludge
|-damage|p1a: Garchomp|261\/411 tox|[from] psn
|turn|22
|callback|decision
|join|Atoni
|chat|wormguy|ou atoni
|chat|cbt alguÃ©m|.
|chat|wormguy|pode jogar?
|chat|Arcanjo|...
|chat|cbt alguÃ©m|AlguÃ©m ai Ã© o Minato ? o:
|chat|femt6|...
|leave|wormguy
|chat|cbt alguÃ©m|Se der timeout jÃ¡ estou atÃ© vendo a putaria que vai acontecer ÂºÂ°
|chat|femt6|nÃ£o liguei o tempo
|chat|femt6|e nem ele ligou
|chat|cbt alguÃ©m|Ah ta.
|chat|TA SERTO|arcanjo
|chat|TA SERTO|vc me perdoa?
|chat|Arcanjo|quem Ã© vc?
|chat|TA SERTO|vindo publicamente aqui pedir perdÃ£o pela exaltaÃ§Ã£o
|join|Pedrock
|chat|cbt alguÃ©m|lol
|chat|TA SERTO|aquele que tÃ¡ presente em todos os xurras
|chat|Arcanjo|desconheÃ§o
|chat|TA SERTO|:\/
|chat|TA SERTO|vaiclagem
|join|CDW .Gama
|join|DarkLynx
|chat|cbt alguÃ©m|Oi pontoGama
|
|switch|p2a: Hippowdon|Hippowdon, M|195\/420
|-damage|p2a: Hippowdon|143\/420|[from] Spikes
|-damage|p2a: Hippowdon|117\/420|[from] Stealth Rock
|move|p1a: Garchomp|Outrage|p2a: Hippowdon
|-damage|p2a: Hippowdon|5\/420
|
|-weather|Sandstorm|[upkeep]
|-heal|p2a: Hippowdon|31\/420|[from] item: Leftovers
|-damage|p1a: Garchomp|211\/411 tox|[from] psn
|turn|23
|callback|decision
|chat|CDW .Gama|\z
|chat|Arcanjo|darklynx Ãµ\/
|
|move|p1a: Garchomp|Outrage|p2a: Hippowdon
|-damage|p2a: Hippowdon|0 fnt
|faint|p2a: Hippowdon
|
|-end|p1a: Garchomp|rampage
|-start|p1a: Garchomp|confusion
|-weather|Sandstorm|[upkeep]
|-damage|p1a: Garchomp|136\/411 tox|[from] psn
|callback|decision
|join|Soundgarden
|chat|Soundgarden|CHINELLOOOOOOOOOOOOOOOOO
|chat|cbt alguÃ©m|o.o
|chat|DarkLynx|Arcanjo S2
|chat|cbt alguÃ©m|Porque o Echelon tem apelido de Chinelo ? .slow
|chat|Arcanjo|ta se formando jÃ¡? 10Âº periodo?
|chat|Soundgarden|CHINEEEEEEEEEEEEEELOOOOOOOOOOOOOOOO
|join|The Tame&Done
|join|Little Tohka
|chat|DarkLynx|Sim, final do ano! :D
|chat|TA SERTO|pq echelon ao contrario eh chinelo
|chat|cbt alguÃ©m|lol
|
|switch|p2a: Heatran|Heatran, M|337\/385
|-damage|p2a: Heatran|289\/385|[from] Spikes
|-damage|p2a: Heatran|241\/385|[from] Stealth Rock
|turn|24
|callback|decision
|chat|Arcanjo|gg
|chat|cbt alguÃ©m|Nem Ã© ._.
|chat|Soundgarden|n Ã© :_:
|chat|Arcanjo|gg pro lynx
|chat|Arcanjo|lol
|chat|TA SERTO|eu sei, cara o.o
|chat|cbt alguÃ©m|trollou nÃ©
|
|move|p2a: Heatran|Protect|p2a: Heatran
|-singleturn|p2a: Heatran|Protect
|-activate|p1a: Garchomp|confusion
|move|p1a: Garchomp|Earthquake|p2a: Heatran
|-activate|p2a: Heatran|Protect
|
|-weather|Sandstorm|[upkeep]
|-heal|p2a: Heatran|265\/385|[from] item: Leftovers
|-damage|p1a: Garchomp|36\/411 tox|[from] psn
|turn|25
|callback|decision
|chat|Soundgarden|CHINEEEEEEEEEEEEEELO
|chat|cbt alguÃ©m|.leoat
|chat|cbt alguÃ©m|Porque caralhos tu deixou essa porra dentro de campo oO
|chat|cbt alguÃ©m|LOL
|
|switch|p2a: Amoonguss|Amoonguss, M|423\/432 slp
|-damage|p2a: Amoonguss|369\/432 slp|[from] Spikes
|-damage|p2a: Amoonguss|315\/432 slp|[from] Stealth Rock
|-activate|p1a: Garchomp|confusion
|-damage|p1a: Garchomp|0 fnt
|faint|p1a: Garchomp
|
|-weather|Sandstorm|[upkeep]
|-damage|p2a: Amoonguss|288\/432 slp|[from] sandstorm
|-heal|p2a: Amoonguss|315\/432 slp|[from] item: Black Sludge
|callback|decision
|chat|femt6|sou vida loca
|
|switch|p1a: Breloom|Breloom, F|182\/262
|-damage|p1a: Breloom|166\/262|[from] Stealth Rock
|turn|26
|callback|decision
|chat|cbt alguÃ©m|Ã retardado isso sim oO
|chat|femt6|jÃ¡h perdi
|chat|cbt alguÃ©m|Era sua chance de ganhar 
|chat|femt6|soh o hax me salva
|chat|Pedrock|SD kd?
|chat|The Tame&Done|que isso cara, swords dance agr Oo
|chat|Soundgarden|VAI CHINELO
|chat|TA SERTO|hp n mata
|chat|TA SERTO|ou mata
|chat|cbt alguÃ©m|O Landorus jÃ¡ venceu o jogo
|chat|stolen|Ã© so usar subs e ser subs focus punch com hp ice e lefties
|chat|The Tame&Done|dksaopdkosaoda
|chat|cbt alguÃ©m|o.o
|join|papai noel
|chat|papai noel|ngm
|chat|Arcanjo|elodin Ãµ\/
|chat|papai noel|me chamou
|chat|cbt alguÃ©m|elodin 
|chat|papai noel|arcanjo
|chat|papai noel|me adiciona no skype
|chat|cbt alguÃ©m|o:
|join|Thom Yorke
|chat|Arcanjo|add eu: x.arcanjo
|
|move|p1a: Breloom|Swords Dance|p1a: Breloom
|-boost|p1a: Breloom|atk|2
|cant|p2a: Amoonguss|slp
|
|-weather|Sandstorm|[upkeep]
|-damage|p1a: Breloom|150\/262|[from] sandstorm
|-damage|p2a: Amoonguss|288\/432 slp|[from] sandstorm
|-heal|p2a: Amoonguss|315\/432 slp|[from] item: Black Sludge
|turn|27
|callback|decision
|chat|The Tame&Done|agora a porra ficou sÃ©ria dksaopdkas
|chat|papai noel|vocÃª Ã©
|chat|papai noel|arcanjo de resende, brasil?
|
|move|p1a: Breloom|Mach Punch|p2a: Amoonguss
|-resisted|p2a: Amoonguss
|-damage|p2a: Amoonguss|168\/432 slp
|cant|p2a: Amoonguss|slp
|
|-weather|Sandstorm|[upkeep]
|-damage|p1a: Breloom|134\/262|[from] sandstorm
|-damage|p2a: Amoonguss|141\/432 slp|[from] sandstorm
|-heal|p2a: Amoonguss|168\/432 slp|[from] item: Black Sludge
|turn|28
|callback|decision
|chat|Arcanjo|sou
|chat|papai noel|ok
|chat|papai noel|adcionar-te-ei
|join|The Kyle
|chat|Little Tohka|spore do amoonguss
|chat|Arcanjo|blz
|chat|Little Tohka|s\/n
|chat|stolen|manda
|chat|stolen|bullet
|chat|stolen|logo
|chat|stolen|e manda 5 hits com crit
|chat|femt6|kkkk
|chat|SS Echelon|eu acredito
|
|move|p1a: Breloom|Mach Punch|p2a: Amoonguss
|-resisted|p2a: Amoonguss
|-damage|p2a: Amoonguss|15\/432 slp
|cant|p2a: Amoonguss|slp
|
|-weather|Sandstorm|[upkeep]
|-damage|p1a: Breloom|118\/262|[from] sandstorm
|-damage|p2a: Amoonguss|0 fnt|[from] sandstorm
|faint|p2a: Amoonguss
|callback|decision
|chat|stolen|e mais facil do que mach matar slow
|chat|The Tame&Done|dksaopdkadas
|chat|The Tame&Done|gg
|chat|The Tame&Done|daspdkadoaskda
|chat|femt6|eh
|
|switch|p2a: Landorus|Landorus, M|131\/319
|-damage|p2a: Landorus|92\/319|[from] Stealth Rock
|turn|29
|callback|decision
|chat|femt6|gg
|chat|cbt alguÃ©m|Oo
|
|move|p1a: Breloom|Mach Punch|p2a: Landorus
|-resisted|p2a: Landorus
|-damage|p2a: Landorus|0 fnt
|faint|p2a: Landorus
|
|-weather|Sandstorm|[upkeep]
|-damage|p1a: Breloom|102\/262|[from] sandstorm
|callback|decision
|chat|Little Tohka|eit@
|chat|SS Echelon|gg
|chat|cbt alguÃ©m|Ainda dÃ¡ pra ganhar
|chat|CDW .Gama|LOL
|chat|Arcanjo|tenso
|chat|stolen|lmfao
|chat|cbt alguÃ©m|GANHOU
|chat|femt6|da nÃ£o
|chat|cbt alguÃ©m|Oo
|chat|femt6|gg
|
|switch|p2a: Heatran|Heatran, M|265\/385
|-damage|p2a: Heatran|217\/385|[from] Spikes
|-damage|p2a: Heatran|169\/385|[from] Stealth Rock
|turn|30
|callback|decision
|chat|CDW .Gama|kkkkk
|chat|Pedrock|COMEDOR DE BUCETAS
|chat|femt6|eh adamant
|chat|stolen|CBT PORRA
|chat|cbt alguÃ©m|CARALHO
|chat|The Tame&Done|dsoapdkoasdsakdsa
|
|move|p2a: Heatran|Protect|p2a: Heatran
|-singleturn|p2a: Heatran|Protect
|move|p1a: Breloom|Mach Punch|p2a: Heatran
|-activate|p2a: Heatran|Protect
|
|-weather|Sandstorm|[upkeep]
|-damage|p1a: Breloom|86\/262|[from] sandstorm
|-heal|p2a: Heatran|193\/385|[from] item: Leftovers
|turn|31
|callback|decision
|chat|papai noel|isso foi
|chat|Little Tohka|10 protect
|chat|SS Echelon|aquele crit no keldeo
|chat|papai noel|4 turn sleep
|chat|Pedrock|inb4 10 protects seguidos
|chat|SS Echelon|tirou meu win
|chat|papai noel|ou Ã© impressÃ£o?
|chat|papai noel|lol
|
|move|p1a: Breloom|Mach Punch|p2a: Heatran
|-supereffective|p2a: Heatran
|-damage|p2a: Heatran|0 fnt
|faint|p2a: Heatran
|
|win|femt6
|chat|cbt alguÃ©m|Ei Milhouse
|chat|Arcanjo|tenso
|chat|Arcanjo|gg
|leave|The Kyle
|chat|Pedrock|nÃ£o, foram 3 msm elodin
|chat|cbt alguÃ©m|Vai ganhar uma puta gostosa hoje 
|chat|Pedrock|o mÃ¡ximo
|chat|SS Echelon|meh
|chat|Pedrock|25% de chance de acontecer btw
|leave|Soundgarden
|chat|stolen|minha primeira aposta
|leave|TA SERTO
|chat|cbt alguÃ©m|ggzÃ£o
|chat|stolen|ja acertei
|leave|Atoni
|leave|papai noel
|chat|SS Echelon|o pior foi o crit no keldeo
|chat|stolen|chupem
|chat|stolen|trl
|chat|SS Echelon|aqulo nao podia acontecer
|chat|Pedrock|SERÃ Q HJ ROLA CUZINHO MILHOUSE?
|leave|cbt alguÃ©m
|chat|Pedrock|s\/n
|chat|SS Echelon|*aquilo
|leave|Igarai
|leave|DarkLynx
|leave|SS Echelon
|player|p2
|leave|stolen
|leave|Little Tohka
|leave|CDW .Gama
|leave|Pedrock
|leave|Arcanjo
|join|BugTrainer
|join|Yoshimitsu Spada
|leave|BugTrainer
|leave|femt6
|player|p1
|join|Phil Ivey
|leave|Phil Ivey
|join|Phil Ivey
|join|poklÃ§k
|leave|poklÃ§k
|leave|Yoshimitsu Spada
|leave|Phil Ivey
|join|Anypigfrogus
|join|Lung-Lung
|leave|Lung-Lung
|join|Lung-Lung