|join|femt6
|join|macdonsbreakfest
|player|p1|femt6|2
|player|p2|macdonsbreakfest|102
|gametype|singles
|tier|OU
|rated
|rule|Evasion Abilities Clause: Evasion abilities are banned
|clearpoke
|poke|p1|Tyranitar, M
|poke|p1|Garchomp, M
|poke|p1|Jellicent, M
|poke|p1|Latios, M
|poke|p1|Forretress, M
|poke|p1|Breloom, F
|poke|p2|Garchomp, M
|poke|p2|Breloom, F
|poke|p2|Alakazam, F
|poke|p2|Keldeo-Resolute
|poke|p2|Scizor, F
|poke|p2|Landorus, M
|rule|Sleep Clause Mod: Limit one foe put to sleep
|rule|Species Clause: Limit one of each Pokemon
|rule|OHKO Clause: OHKO moves are banned
|rule|Moody Clause: Moody is banned
|rule|Evasion Moves Clause: Evasion moves are banned
|rule|HP Percentage Mod: HP is reported as percentages
|teampreview
|callback|decision
|
|start
|switch|p1a: Latios|Latios, M|301\/301
|switch|p2a: Garchomp|Garchomp, M|357\/357
|turn|1
|callback|decision
|
|switch|p2a: Scizor|Scizor, F|331\/331
|move|p1a: Latios|Draco Meteor|p2a: Scizor
|-resisted|p2a: Scizor
|-damage|p2a: Scizor|101\/331
|-unboost|p1a: Latios|spa|2
|
|turn|2
|callback|decision
|
|move|p2a: Scizor|Bullet Punch|p1a: Latios
|-damage|p1a: Latios|130\/301
|move|p1a: Latios|Draco Meteor|p2a: Scizor
|-resisted|p2a: Scizor
|-damage|p2a: Scizor|0 fnt
|-unboost|p1a: Latios|spa|2
|faint|p2a: Scizor
|
|callback|decision
|
|switch|p2a: Breloom|Breloom, F|289\/289
|turn|3
|callback|decision
|
|switch|p1a: Tyranitar|Tyranitar, M|342\/342
|-weather|Sandstorm|[from] ability: Sand Stream|[of] p1a: Tyranitar
|move|p2a: Breloom|Spore|p1a: Tyranitar
|-status|p1a: Tyranitar|slp
|
|-weather|Sandstorm|[upkeep]
|-damage|p2a: Breloom|271\/289|[from] sandstorm
|turn|4
|callback|decision
|
|switch|p1a: Garchomp|Garchomp, M|411\/411
|switch|p2a: Garchomp|Garchomp, M|357\/357
|
|-weather|Sandstorm|[upkeep]
|turn|5
|callback|decision
|
|move|p1a: Garchomp|Stealth Rock|p2a: Garchomp
|-sidestart|p2: macdonsbreakfest|move: Stealth Rock
|move|p2a: Garchomp|Stealth Rock|p1a: Garchomp
|-sidestart|p1: femt6|move: Stealth Rock
|
|-weather|Sandstorm|[upkeep]
|turn|6
|callback|decision
|
|move|p1a: Garchomp|Outrage|p2a: Garchomp
|-supereffective|p2a: Garchomp
|-damage|p2a: Garchomp|0 fnt
|-damage|p1a: Garchomp|360\/411|[from] ability: Rough Skin|[of] p2a: Garchomp
|-damage|p1a: Garchomp|292\/411|[from] item: Rocky Helmet|[of] p2a: Garchomp
|faint|p2a: Garchomp
|
|-weather|Sandstorm|[upkeep]
|callback|decision
|
|switch|p2a: Alakazam|Alakazam, F|252\/252
|turn|7
|callback|decision
|
|move|p2a: Alakazam|Hidden Power|p1a: Garchomp
|-supereffective|p1a: Garchomp
|-damage|p1a: Garchomp|0 fnt
|faint|p1a: Garchomp
|
|-weather|Sandstorm|[upkeep]
|callback|decision
|
|switch|p1a: Forretress|Forretress, M|353\/353
|-damage|p1a: Forretress|309\/353|[from] Stealth Rock
|turn|8
|callback|decision
|
|switch|p2a: Landorus|Landorus, M|319\/319
|-damage|p2a: Landorus|280\/319|[from] Stealth Rock
|move|p1a: Forretress|Rapid Spin|p2a: Landorus
|-damage|p2a: Landorus|262\/319
|-sideend|p1: femt6|Stealth Rock|[from] move: Rapid Spin|[of] p1a: Forretress
|
|-weather|Sandstorm|[upkeep]
|-heal|p1a: Forretress|331\/353|[from] item: Leftovers
|turn|9
|callback|decision
|
|move|p2a: Landorus|Focus Blast|p1a: Forretress
|-crit|p1a: Forretress
|-damage|p1a: Forretress|0 fnt
|faint|p1a: Forretress
|
|-weather|Sandstorm|[upkeep]
|callback|decision
|
|switch|p1a: Latios|Latios, M|130\/301
|turn|10
|callback|decision
|
|switch|p2a: Keldeo-Resolute|Keldeo-Resolute|323\/323
|-damage|p2a: Keldeo-Resolute|303\/323|[from] Stealth Rock
|move|p1a: Latios|Draco Meteor|p2a: Keldeo-Resolute|[miss]
|-miss|p1a: Latios|p2a: Keldeo-Resolute
|
|-weather|Sandstorm|[upkeep]
|-damage|p2a: Keldeo-Resolute|283\/323|[from] sandstorm
|-damage|p1a: Latios|112\/301|[from] sandstorm
|turn|11
|callback|decision
|
|switch|p2a: Breloom|Breloom, F|271\/289
|-damage|p2a: Breloom|253\/289|[from] Stealth Rock
|switch|p1a: Tyranitar|Tyranitar, M|342\/342 slp
|
|-weather|Sandstorm|[upkeep]
|-damage|p2a: Breloom|235\/289|[from] sandstorm
|turn|12
|callback|decision
|
|cant|p1a: Tyranitar|slp
|move|p2a: Breloom|Bullet Seed|p1a: Tyranitar
|-supereffective|p1a: Tyranitar
|-damage|p1a: Tyranitar|210\/342 slp
|-supereffective|p1a: Tyranitar
|-damage|p1a: Tyranitar|64\/342 slp
|-hitcount|p1a: Tyranitar|2
|
|-weather|Sandstorm|[upkeep]
|-damage|p2a: Breloom|217\/289|[from] sandstorm
|turn|13
|callback|decision
|
|cant|p1a: Tyranitar|slp
|move|p2a: Breloom|Bullet Seed|p1a: Tyranitar
|-supereffective|p1a: Tyranitar
|-damage|p1a: Tyranitar|0 fnt
|-hitcount|p1a: Tyranitar|1
|faint|p1a: Tyranitar
|
|-weather|Sandstorm|[upkeep]
|-damage|p2a: Breloom|199\/289|[from] sandstorm
|callback|decision
|
|switch|p1a: Breloom|Breloom, F|262\/262
|turn|14
|callback|decision
|
|switch|p2a: Keldeo-Resolute|Keldeo-Resolute|283\/323
|-damage|p2a: Keldeo-Resolute|263\/323|[from] Stealth Rock
|move|p1a: Breloom|Mach Punch|p2a: Keldeo-Resolute
|-enditem|p1a: Breloom|Fighting Gem|[from] gem|[move] Mach Punch
|-damage|p2a: Keldeo-Resolute|59\/323
|
|-weather|Sandstorm|[upkeep]
|-damage|p2a: Keldeo-Resolute|39\/323|[from] sandstorm
|-damage|p1a: Breloom|246\/262|[from] sandstorm
|turn|15
|callback|decision
|
|move|p1a: Breloom|Mach Punch|p2a: Keldeo-Resolute
|-damage|p2a: Keldeo-Resolute|0 fnt
|faint|p2a: Keldeo-Resolute
|
|-weather|Sandstorm|[upkeep]
|-damage|p1a: Breloom|230\/262|[from] sandstorm
|callback|decision
|
|switch|p2a: Landorus|Landorus, M|262\/319
|-damage|p2a: Landorus|223\/319|[from] Stealth Rock
|turn|16
|callback|decision
|
|move|p2a: Landorus|Earth Power|p1a: Breloom
|-resisted|p1a: Breloom
|-damage|p1a: Breloom|50\/262
|move|p1a: Breloom|Bullet Seed|p2a: Landorus
|-damage|p2a: Landorus|145\/319
|-damage|p2a: Landorus|61\/319
|-hitcount|p2a: Landorus|2
|
|-weather|Sandstorm|[upkeep]
|-damage|p1a: Breloom|34\/262|[from] sandstorm
|turn|17
|callback|decision
|
|move|p1a: Breloom|Mach Punch|p2a: Landorus
|-resisted|p2a: Landorus
|-damage|p2a: Landorus|0 fnt
|faint|p2a: Landorus
|
|-weather|Sandstorm|[upkeep]
|-damage|p1a: Breloom|18\/262|[from] sandstorm
|callback|decision
|
|switch|p2a: Alakazam|Alakazam, F|252\/252
|turn|18
|callback|decision
|
|move|p1a: Breloom|Mach Punch|p2a: Alakazam
|-resisted|p2a: Alakazam
|-damage|p2a: Alakazam|136\/252
|move|p2a: Alakazam|Psyshock|p1a: Breloom
|-supereffective|p1a: Breloom
|-damage|p1a: Breloom|0 fnt
|faint|p1a: Breloom
|
|-weather|Sandstorm|[upkeep]
|callback|decision
|
|switch|p1a: Jellicent|Jellicent, M|404\/404
|turn|19
|callback|decision
|
|move|p2a: Alakazam|Psyshock|p1a: Jellicent
|-damage|p1a: Jellicent|241\/404
|move|p1a: Jellicent|Will-O-Wisp|p2a: Alakazam
|-status|p2a: Alakazam|brn
|
|-weather|Sandstorm|[upkeep]
|-damage|p1a: Jellicent|216\/404|[from] sandstorm
|-heal|p1a: Jellicent|241\/404|[from] item: Leftovers
|turn|20
|callback|decision
|
|move|p2a: Alakazam|Psyshock|p1a: Jellicent
|-damage|p1a: Jellicent|100\/404
|move|p1a: Jellicent|Scald|p2a: Alakazam
|-damage|p2a: Alakazam|40\/252 brn
|
|-weather|Sandstorm|[upkeep]
|-damage|p1a: Jellicent|75\/404|[from] sandstorm
|-heal|p1a: Jellicent|100\/404|[from] item: Leftovers
|turn|21
|callback|decision
|
|move|p2a: Alakazam|Psyshock|p1a: Jellicent
|-damage|p1a: Jellicent|0 fnt
|faint|p1a: Jellicent
|
|-weather|Sandstorm|[upkeep]
|callback|decision
|chat|macdonsbreakfest|lol
|
|switch|p1a: Latios|Latios, M|112\/301
|turn|22
|callback|decision
|chat|macdonsbreakfest|that was bad plays on ur part.
|
|move|p2a: Alakazam|Signal Beam|p1a: Latios
|-supereffective|p1a: Latios
|-damage|p1a: Latios|0 fnt
|faint|p1a: Latios
|
|win|macdonsbreakfest
|raw|Ladder updating...
|raw|femt6's rating: 1818 &rarr; <strong>1816<\/strong><br \/>(-2 for losing)
|raw|macdonsbreakfest's rating: 1558 &rarr; <strong>1780<\/strong><br \/>(+222 for winning)
|leave|femt6
|player|p1