|join|femt6
|join|pcm
|player|p1|femt6|2
|player|p2|pcm|265
|gametype|singles
|tier|OU
|rated
|rule|Evasion Abilities Clause: Evasion abilities are banned
|clearpoke
|poke|p1|Keldeo-Resolute
|poke|p1|Mamoswine, M
|poke|p1|Scizor, F
|poke|p1|Dragonite, M
|poke|p1|Garchomp, F
|poke|p1|Tentacruel, M
|poke|p2|Ninetales, F
|poke|p2|Venusaur, M
|poke|p2|Sawsbuck, F
|poke|p2|Heatran, F
|poke|p2|Victini
|poke|p2|Starmie
|rule|Sleep Clause Mod: Limit one foe put to sleep
|rule|Species Clause: Limit one of each Pokemon
|rule|OHKO Clause: OHKO moves are banned
|rule|Moody Clause: Moody is banned
|rule|Evasion Moves Clause: Evasion moves are banned
|rule|HP Percentage Mod: HP is reported as percentages
|teampreview
|callback|decision
|
|start
|switch|p1a: Garchomp|Garchomp, F|357\/357
|switch|p2a: Ninetales|Ninetales, F|337\/337
|-weather|SunnyDay|[from] ability: Drought|[of] p2a: Ninetales
|turn|1
|callback|decision
|
|move|p1a: Garchomp|Stealth Rock|p2a: Ninetales
|-sidestart|p2: pcm|move: Stealth Rock
|move|p2a: Ninetales|Will-O-Wisp|p1a: Garchomp
|-status|p1a: Garchomp|brn
|
|-weather|SunnyDay|[upkeep]
|-damage|p1a: Garchomp|313\/357 brn|[from] brn
|turn|2
|callback|decision
|
|move|p1a: Garchomp|Earthquake|p2a: Ninetales
|-supereffective|p2a: Ninetales
|-damage|p2a: Ninetales|103\/337
|move|p2a: Ninetales|Pain Split|p1a: Garchomp
|-sethp|p1a: Garchomp|208\/357 brn|p2a: Ninetales|208\/337|[from] move: Pain Split
|
|-weather|SunnyDay|[upkeep]
|-heal|p2a: Ninetales|229\/337|[from] item: Leftovers
|-damage|p1a: Garchomp|164\/357 brn|[from] brn
|turn|3
|callback|decision
|
|move|p1a: Garchomp|Outrage|p2a: Ninetales
|-damage|p2a: Ninetales|85\/337
|move|p2a: Ninetales|Pain Split|p1a: Garchomp
|-sethp|p1a: Garchomp|124\/357 brn|p2a: Ninetales|124\/337|[from] move: Pain Split
|
|-weather|SunnyDay|[upkeep]
|-heal|p2a: Ninetales|145\/337|[from] item: Leftovers
|-damage|p1a: Garchomp|80\/357 brn|[from] brn
|turn|4
|callback|decision
|
|move|p1a: Garchomp|Outrage|p2a: Ninetales
|-damage|p2a: Ninetales|7\/337
|move|p2a: Ninetales|Flamethrower|p1a: Garchomp
|-resisted|p1a: Garchomp
|-damage|p1a: Garchomp|0 fnt
|faint|p1a: Garchomp
|
|-weather|SunnyDay|[upkeep]
|-heal|p2a: Ninetales|28\/337|[from] item: Leftovers
|callback|decision
|
|switch|p1a: Dragonite|Dragonite, M|324\/324
|turn|5
|callback|decision
|
|move|p1a: Dragonite|ExtremeSpeed|p2a: Ninetales
|-damage|p2a: Ninetales|0 fnt
|faint|p2a: Ninetales
|
|-weather|SunnyDay|[upkeep]
|callback|decision
|
|switch|p2a: Starmie|Starmie|324\/324
|-damage|p2a: Starmie|284\/324|[from] Stealth Rock
|turn|6
|callback|decision
|
|move|p2a: Starmie|Rapid Spin|p1a: Dragonite
|-damage|p1a: Dragonite|317\/324
|-sideend|p2: pcm|Stealth Rock|[from] move: Rapid Spin|[of] p2a: Starmie
|move|p1a: Dragonite|Dragon Dance|p1a: Dragonite
|-boost|p1a: Dragonite|atk|1
|-boost|p1a: Dragonite|spe|1
|
|-weather|SunnyDay|[upkeep]
|-heal|p2a: Starmie|304\/324|[from] item: Leftovers
|turn|7
|callback|decision
|
|move|p1a: Dragonite|Dragon Dance|p1a: Dragonite
|-boost|p1a: Dragonite|atk|1
|-boost|p1a: Dragonite|spe|1
|move|p2a: Starmie|Ice Beam|p1a: Dragonite
|-supereffective|p1a: Dragonite
|-damage|p1a: Dragonite|1\/324
|
|-weather|SunnyDay|[upkeep]
|-heal|p2a: Starmie|324\/324|[from] item: Leftovers
|turn|8
|callback|decision
|
|move|p1a: Dragonite|Outrage|p2a: Starmie
|-damage|p2a: Starmie|0 fnt
|faint|p2a: Starmie
|
|-weather|SunnyDay|[upkeep]
|callback|decision
|
|switch|p2a: Heatran|Heatran, F|323\/323
|-item|p2a: Heatran|Air Balloon
|turn|9
|callback|decision
|
|move|p1a: Dragonite|Outrage|p2a: Heatran
|-resisted|p2a: Heatran
|-damage|p2a: Heatran|104\/323
|-enditem|p2a: Heatran|Air Balloon
|move|p2a: Heatran|Hidden Power|p1a: Dragonite
|-supereffective|p1a: Dragonite
|-damage|p1a: Dragonite|0 fnt
|faint|p1a: Dragonite
|
|-weather|SunnyDay|[upkeep]
|callback|decision
|
|switch|p1a: Tentacruel|Tentacruel, M|364\/364
|turn|10
|callback|decision
|
|move|p2a: Heatran|Earth Power|p1a: Tentacruel
|-supereffective|p1a: Tentacruel
|-damage|p1a: Tentacruel|192\/364
|move|p1a: Tentacruel|Scald|p2a: Heatran
|-supereffective|p2a: Heatran
|-damage|p2a: Heatran|20\/323
|
|-weather|SunnyDay|[upkeep]
|-heal|p1a: Tentacruel|214\/364|[from] item: Black Sludge
|turn|11
|callback|decision
|
|move|p1a: Tentacruel|Protect|p1a: Tentacruel
|-singleturn|p1a: Tentacruel|Protect
|move|p2a: Heatran|Earth Power|p1a: Tentacruel
|-activate|p1a: Tentacruel|Protect
|
|-weather|SunnyDay|[upkeep]
|-heal|p1a: Tentacruel|236\/364|[from] item: Black Sludge
|turn|12
|callback|decision
|
|move|p2a: Heatran|Earth Power|p1a: Tentacruel
|-supereffective|p1a: Tentacruel
|-damage|p1a: Tentacruel|50\/364
|move|p1a: Tentacruel|Scald|p2a: Heatran
|-supereffective|p2a: Heatran
|-damage|p2a: Heatran|0 fnt
|faint|p2a: Heatran
|
|-weather|SunnyDay|[upkeep]
|-heal|p1a: Tentacruel|72\/364|[from] item: Black Sludge
|callback|decision
|
|switch|p2a: Venusaur|Venusaur, M|319\/319
|turn|13
|callback|decision
|
|move|p2a: Venusaur|Growth|p2a: Venusaur
|-boost|p2a: Venusaur|atk|2
|-boost|p2a: Venusaur|spa|2
|move|p1a: Tentacruel|Scald|p2a: Venusaur
|-resisted|p2a: Venusaur
|-damage|p2a: Venusaur|298\/319
|
|-weather|SunnyDay|[upkeep]
|-heal|p1a: Tentacruel|94\/364|[from] item: Black Sludge
|turn|14
|callback|decision
|
|move|p2a: Venusaur|Giga Drain|p1a: Tentacruel
|-damage|p1a: Tentacruel|0 fnt
|-heal|p2a: Venusaur|319\/319|[from] drain|[of] p1a: Tentacruel
|-damage|p2a: Venusaur|288\/319|[from] item: Life Orb
|faint|p1a: Tentacruel
|
|-weather|SunnyDay|[upkeep]
|callback|decision
|
|switch|p1a: Scizor|Scizor, F|343\/343
|turn|15
|callback|decision
|
|move|p1a: Scizor|Bullet Punch|p2a: Venusaur
|-damage|p2a: Venusaur|98\/319
|move|p2a: Venusaur|Hidden Power|p1a: Scizor
|-supereffective|p1a: Scizor
|-damage|p1a: Scizor|0 fnt
|-damage|p2a: Venusaur|67\/319|[from] item: Life Orb
|faint|p1a: Scizor
|
|-weather|SunnyDay|[upkeep]
|callback|decision
|
|switch|p1a: Mamoswine|Mamoswine, M|362\/362
|turn|16
|callback|decision
|
|move|p1a: Mamoswine|Ice Shard|p2a: Venusaur
|-crit|p2a: Venusaur
|-supereffective|p2a: Venusaur
|-damage|p2a: Venusaur|0 fnt
|-damage|p1a: Mamoswine|326\/362|[from] item: Life Orb
|faint|p2a: Venusaur
|
|-weather|SunnyDay|[upkeep]
|callback|decision
|
|switch|p2a: Sawsbuck|Sawsbuck, F|301\/301
|turn|17
|callback|decision
|
|move|p2a: Sawsbuck|Horn Leech|p1a: Mamoswine
|-supereffective|p1a: Mamoswine
|-damage|p1a: Mamoswine|0 fnt
|-damage|p2a: Sawsbuck|271\/301|[from] item: Life Orb
|faint|p1a: Mamoswine
|
|-weather|SunnyDay|[upkeep]
|callback|decision
|
|switch|p1a: Keldeo-Resolute|Keldeo-Resolute|324\/324
|turn|18
|callback|decision
|
|move|p2a: Sawsbuck|Horn Leech|p1a: Keldeo-Resolute
|-supereffective|p1a: Keldeo-Resolute
|-damage|p1a: Keldeo-Resolute|2\/324
|-heal|p2a: Sawsbuck|301\/301|[from] drain|[of] p1a: Keldeo-Resolute
|-damage|p2a: Sawsbuck|271\/301|[from] item: Life Orb
|move|p1a: Keldeo-Resolute|Secret Sword|p2a: Sawsbuck
|-crit|p2a: Sawsbuck
|-supereffective|p2a: Sawsbuck
|-damage|p2a: Sawsbuck|0 fnt
|faint|p2a: Sawsbuck
|
|-weather|SunnyDay|[upkeep]
|callback|decision
|
|switch|p2a: Victini|Victini|341\/341
|turn|19
|callback|decision
|
|move|p2a: Victini|U-turn|p1a: Keldeo-Resolute
|-resisted|p1a: Keldeo-Resolute
|-damage|p1a: Keldeo-Resolute|0 fnt
|faint|p1a: Keldeo-Resolute
|
|win|pcm
|raw|Ladder updating...
|raw|femt6's rating: 1819 &rarr; <strong>1810<\/strong><br \/>(-9 for losing)
|raw|pcm's rating: 1602 &rarr; <strong>1719<\/strong><br \/>(+117 for winning)
|leave|femt6
|player|p1