|join|XrX
|join|femt6
|player|p1|XrX|2
|player|p2|femt6|266
|gametype|singles
|tier|OU
|rated
|rule|Evasion Abilities Clause: Evasion abilities are banned
|clearpoke
|poke|p1|Hippowdon, M
|poke|p1|Jellicent, M
|poke|p1|Skarmory, M
|poke|p1|Amoonguss, M
|poke|p1|Forretress, M
|poke|p1|Tyranitar, F
|poke|p2|Ninetales, M
|poke|p2|Jirachi
|poke|p2|Dugtrio, M
|poke|p2|Xatu, F
|poke|p2|Volcarona, M
|poke|p2|Venusaur, M
|rule|Sleep Clause Mod: Limit one foe put to sleep
|rule|Species Clause: Limit one of each Pokemon
|rule|OHKO Clause: OHKO moves are banned
|rule|Moody Clause: Moody is banned
|rule|Evasion Moves Clause: Evasion moves are banned
|rule|HP Percentage Mod: HP is reported as percentages
|teampreview
|callback|decision
|
|start
|switch|p1a: Hippowdon|Hippowdon, M|420\/420
|switch|p2a: Venusaur|Venusaur, M|319\/319
|-weather|Sandstorm|[from] ability: Sand Stream|[of] p1a: Hippowdon
|turn|1
|callback|decision
|
|switch|p1a: Amoonguss|Amoonguss, M|424\/424
|move|p2a: Venusaur|Sleep Powder|p1a: Amoonguss
|-status|p1a: Amoonguss|slp
|
|-weather|Sandstorm|[upkeep]
|-damage|p2a: Venusaur|300\/319|[from] sandstorm
|-damage|p1a: Amoonguss|398\/424 slp|[from] sandstorm
|-heal|p2a: Venusaur|319\/319|[from] item: Black Sludge
|-heal|p1a: Amoonguss|424\/424 slp|[from] item: Leftovers
|turn|2
|callback|decision
|
|switch|p2a: Xatu|Xatu, F|333\/333
|cant|p1a: Amoonguss|slp
|
|-weather|Sandstorm|[upkeep]
|-damage|p2a: Xatu|313\/333|[from] sandstorm
|-damage|p1a: Amoonguss|398\/424 slp|[from] sandstorm
|-heal|p1a: Amoonguss|424\/424 slp|[from] item: Leftovers
|turn|3
|callback|decision
|
|move|p2a: Xatu|U-turn|p1a: Amoonguss
|-damage|p1a: Amoonguss|380\/424 slp
|callback|decision
|
|switch|p2a: Ninetales|Ninetales, M|349\/349
|-weather|SunnyDay|[from] ability: Drought|[of] p2a: Ninetales
|cant|p1a: Amoonguss|slp
|
|-weather|SunnyDay|[upkeep]
|-heal|p1a: Amoonguss|406\/424 slp|[from] item: Leftovers
|turn|4
|callback|decision
|
|move|p2a: Ninetales|Will-O-Wisp|p1a: Amoonguss|[miss]
|-miss|p2a: Ninetales|p1a: Amoonguss
|cant|p1a: Amoonguss|slp
|
|-weather|SunnyDay|[upkeep]
|-heal|p1a: Amoonguss|424\/424 slp|[from] item: Leftovers
|turn|5
|callback|decision
|
|move|p2a: Ninetales|Will-O-Wisp|p1a: Amoonguss
|-fail|p1a: Amoonguss
|-curestatus|p1a: Amoonguss|slp
|move|p1a: Amoonguss|Spore|p2a: Ninetales
|-status|p2a: Ninetales|slp
|
|-weather|SunnyDay|[upkeep]
|turn|6
|callback|decision
|
|switch|p1a: Hippowdon|Hippowdon, M|420\/420
|-weather|Sandstorm|[from] ability: Sand Stream|[of] p1a: Hippowdon
|cant|p2a: Ninetales|slp
|
|-weather|Sandstorm|[upkeep]
|-damage|p2a: Ninetales|328\/349 slp|[from] sandstorm
|-heal|p2a: Ninetales|349\/349 slp|[from] item: Leftovers
|turn|7
|callback|decision
|
|switch|p2a: Xatu|Xatu, F|313\/333
|switch|p1a: Tyranitar|Tyranitar, F|342\/342
|
|-weather|Sandstorm|[upkeep]
|-damage|p2a: Xatu|293\/333|[from] sandstorm
|turn|8
|callback|decision
|
|move|p1a: Tyranitar|Stone Edge|p2a: Xatu
|-supereffective|p2a: Xatu
|-damage|p2a: Xatu|0 fnt
|faint|p2a: Xatu
|
|-weather|Sandstorm|[upkeep]
|callback|decision
|
|switch|p2a: Dugtrio|Dugtrio, M|212\/212
|turn|9
|callback|decision
|
|move|p2a: Dugtrio|Earthquake|p1a: Tyranitar
|-supereffective|p1a: Tyranitar
|-damage|p1a: Tyranitar|90\/342
|move|p1a: Tyranitar|Stone Edge|p2a: Dugtrio|[miss]
|-miss|p1a: Tyranitar|p2a: Dugtrio
|
|-weather|Sandstorm|[upkeep]
|turn|10
|callback|decision
|
|move|p2a: Dugtrio|Earthquake|p1a: Tyranitar
|-supereffective|p1a: Tyranitar
|-damage|p1a: Tyranitar|0 fnt
|faint|p1a: Tyranitar
|
|-weather|Sandstorm|[upkeep]
|callback|decision
|
|switch|p1a: Forretress|Forretress, M|352\/352
|turn|11
|callback|decision
|
|switch|p2a: Volcarona|Volcarona, M|311\/311
|move|p1a: Forretress|Stealth Rock|p2a: Volcarona
|-sidestart|p2: femt6|move: Stealth Rock
|
|-weather|Sandstorm|[upkeep]
|-damage|p2a: Volcarona|292\/311|[from] sandstorm
|turn|12
|callback|decision
|
|switch|p1a: Hippowdon|Hippowdon, M|420\/420
|move|p2a: Volcarona|Quiver Dance|p2a: Volcarona
|-boost|p2a: Volcarona|spa|1
|-boost|p2a: Volcarona|spd|1
|-boost|p2a: Volcarona|spe|1
|
|-weather|Sandstorm|[upkeep]
|-damage|p2a: Volcarona|273\/311|[from] sandstorm
|turn|13
|callback|decision
|
|move|p2a: Volcarona|Fire Blast|p1a: Hippowdon
|-damage|p1a: Hippowdon|0 fnt
|-damage|p2a: Volcarona|242\/311|[from] item: Life Orb
|faint|p1a: Hippowdon
|
|-weather|Sandstorm|[upkeep]
|-damage|p2a: Volcarona|223\/311|[from] sandstorm
|callback|decision
|
|switch|p1a: Skarmory|Skarmory, M|334\/334
|turn|14
|callback|decision
|
|move|p2a: Volcarona|Fire Blast|p1a: Skarmory
|-supereffective|p1a: Skarmory
|-activate|p1a: Skarmory|Sturdy
|-damage|p1a: Skarmory|1\/334
|-damage|p2a: Volcarona|192\/311|[from] item: Life Orb
|move|p1a: Skarmory|Brave Bird|p2a: Volcarona
|-supereffective|p2a: Volcarona
|-damage|p2a: Volcarona|0 fnt
|-damage|p1a: Skarmory|0 fnt|[from] recoil|[of] p2a: Volcarona
|faint|p2a: Volcarona
|faint|p1a: Skarmory
|
|-weather|Sandstorm|[upkeep]
|callback|decision
|
|switch|p2a: Ninetales|Ninetales, M|349\/349 slp
|-damage|p2a: Ninetales|262\/349 slp|[from] Stealth Rock
|switch|p1a: Amoonguss|Amoonguss, M|424\/424
|-weather|SunnyDay|[from] ability: Drought|[of] p2a: Ninetales
|turn|15
|callback|decision
|
|cant|p2a: Ninetales|slp
|move|p1a: Amoonguss|Sludge Bomb|p2a: Ninetales
|-damage|p2a: Ninetales|177\/349 slp
|
|-weather|SunnyDay|[upkeep]
|-heal|p2a: Ninetales|198\/349 slp|[from] item: Leftovers
|turn|16
|callback|decision
|
|cant|p2a: Ninetales|slp
|move|p1a: Amoonguss|Sludge Bomb|p2a: Ninetales
|-damage|p2a: Ninetales|113\/349 slp
|
|-weather|SunnyDay|[upkeep]
|-heal|p2a: Ninetales|134\/349 slp|[from] item: Leftovers
|turn|17
|callback|decision
|
|-curestatus|p2a: Ninetales|slp
|move|p2a: Ninetales|Flamethrower|p1a: Amoonguss
|-supereffective|p1a: Amoonguss
|-damage|p1a: Amoonguss|184\/424
|-status|p1a: Amoonguss|brn
|move|p1a: Amoonguss|Sludge Bomb|p2a: Ninetales
|-damage|p2a: Ninetales|43\/349
|-status|p2a: Ninetales|psn
|
|-weather|SunnyDay|[upkeep]
|-heal|p2a: Ninetales|64\/349 psn|[from] item: Leftovers
|-heal|p1a: Amoonguss|210\/424 brn|[from] item: Leftovers
|-damage|p2a: Ninetales|21\/349 psn|[from] psn
|-damage|p1a: Amoonguss|157\/424 brn|[from] brn
|turn|18
|callback|decision
|
|switch|p1a: Jellicent|Jellicent, M|400\/400
|move|p2a: Ninetales|Will-O-Wisp|p1a: Jellicent|[miss]
|-miss|p2a: Ninetales|p1a: Jellicent
|
|-weather|SunnyDay|[upkeep]
|-heal|p2a: Ninetales|42\/349 psn|[from] item: Leftovers
|-damage|p2a: Ninetales|0 fnt|[from] psn
|faint|p2a: Ninetales
|callback|decision
|
|switch|p2a: Venusaur|Venusaur, M|319\/319
|-damage|p2a: Venusaur|280\/319|[from] Stealth Rock
|turn|19
|callback|decision
|
|switch|p1a: Amoonguss|Amoonguss, M|298\/424 brn
|move|p2a: Venusaur|Hidden Power|p1a: Amoonguss
|-supereffective|p1a: Amoonguss
|-damage|p1a: Amoonguss|172\/424 brn
|
|-weather|SunnyDay|[upkeep]
|-heal|p2a: Venusaur|299\/319|[from] item: Black Sludge
|-heal|p1a: Amoonguss|198\/424 brn|[from] item: Leftovers
|-damage|p1a: Amoonguss|145\/424 brn|[from] brn
|turn|20
|callback|decision
|
|switch|p2a: Dugtrio|Dugtrio, M|212\/212
|-damage|p2a: Dugtrio|199\/212|[from] Stealth Rock
|move|p1a: Amoonguss|Spore|p2a: Dugtrio
|-status|p2a: Dugtrio|slp
|
|-weather|SunnyDay|[upkeep]
|-heal|p1a: Amoonguss|171\/424 brn|[from] item: Leftovers
|-damage|p1a: Amoonguss|118\/424 brn|[from] brn
|turn|21
|callback|decision
|
|cant|p2a: Dugtrio|slp
|move|p1a: Amoonguss|Stun Spore|p2a: Dugtrio
|-fail|p2a: Dugtrio
|
|-weather|SunnyDay|[upkeep]
|-heal|p1a: Amoonguss|144\/424 brn|[from] item: Leftovers
|-damage|p1a: Amoonguss|91\/424 brn|[from] brn
|turn|22
|callback|decision
|
|cant|p2a: Dugtrio|slp
|move|p1a: Amoonguss|Giga Drain|p2a: Dugtrio
|-supereffective|p2a: Dugtrio
|-damage|p2a: Dugtrio|0 fnt
|-heal|p1a: Amoonguss|191\/424 brn|[from] drain|[of] p2a: Dugtrio
|faint|p2a: Dugtrio
|
|-weather|SunnyDay|[upkeep]
|-heal|p1a: Amoonguss|217\/424 brn|[from] item: Leftovers
|-damage|p1a: Amoonguss|164\/424 brn|[from] brn
|callback|decision
|
|switch|p2a: Venusaur|Venusaur, M|299\/319
|-damage|p2a: Venusaur|260\/319|[from] Stealth Rock
|turn|23
|callback|decision
|
|move|p2a: Venusaur|Hidden Power|p1a: Amoonguss
|-supereffective|p1a: Amoonguss
|-damage|p1a: Amoonguss|48\/424 brn
|move|p1a: Amoonguss|Spore|p2a: Venusaur
|-status|p2a: Venusaur|slp
|
|-weather|SunnyDay|[upkeep]
|-heal|p2a: Venusaur|279\/319 slp|[from] item: Black Sludge
|-heal|p1a: Amoonguss|74\/424 brn|[from] item: Leftovers
|-damage|p1a: Amoonguss|21\/424 brn|[from] brn
|turn|24
|callback|decision
|
|switch|p1a: Forretress|Forretress, M|352\/352
|cant|p2a: Venusaur|slp
|
|-weather|SunnyDay|[upkeep]
|-heal|p2a: Venusaur|298\/319 slp|[from] item: Black Sludge
|turn|25
|callback|decision
|
|-curestatus|p2a: Venusaur|slp
|move|p2a: Venusaur|Sleep Powder|p1a: Forretress
|-status|p1a: Forretress|slp
|cant|p1a: Forretress|slp
|
|-weather|SunnyDay|[upkeep]
|-heal|p2a: Venusaur|317\/319|[from] item: Black Sludge
|turn|26
|callback|decision
|chat|XrX|...
|
|switch|p1a: Jellicent|Jellicent, M|400\/400
|move|p2a: Venusaur|SolarBeam|p1a: Jellicent|[still]
|-prepare|p2a: Venusaur|SolarBeam|p1a: Jellicent
|-anim|p2a: Venusaur|SolarBeam|p1a: Jellicent
|-supereffective|p1a: Jellicent
|-damage|p1a: Jellicent|140\/400
|
|-weather|SunnyDay|[upkeep]
|-heal|p2a: Venusaur|319\/319|[from] item: Black Sludge
|-heal|p1a: Jellicent|165\/400|[from] item: Leftovers
|turn|27
|callback|decision
|
|move|p2a: Venusaur|SolarBeam|p1a: Jellicent|[still]
|-prepare|p2a: Venusaur|SolarBeam|p1a: Jellicent
|-anim|p2a: Venusaur|SolarBeam|p1a: Jellicent
|-supereffective|p1a: Jellicent
|-damage|p1a: Jellicent|0 fnt
|faint|p1a: Jellicent
|
|-weather|SunnyDay|[upkeep]
|callback|decision
|
|switch|p1a: Amoonguss|Amoonguss, M|162\/424 brn
|turn|28
|callback|decision
|
|move|p2a: Venusaur|Hidden Power|p1a: Amoonguss
|-supereffective|p1a: Amoonguss
|-damage|p1a: Amoonguss|42\/424 brn
|move|p1a: Amoonguss|Spore|p2a: Venusaur
|-status|p2a: Venusaur|slp
|
|-weather|SunnyDay|[upkeep]
|-heal|p1a: Amoonguss|68\/424 brn|[from] item: Leftovers
|-damage|p1a: Amoonguss|15\/424 brn|[from] brn
|turn|29
|callback|decision
|
|switch|p1a: Forretress|Forretress, M|352\/352 slp
|cant|p2a: Venusaur|slp
|
|-weather|SunnyDay|[upkeep]
|turn|30
|callback|decision
|
|switch|p1a: Amoonguss|Amoonguss, M|156\/424 brn
|-curestatus|p2a: Venusaur|slp
|move|p2a: Venusaur|SolarBeam|p1a: Amoonguss|[still]
|-prepare|p2a: Venusaur|SolarBeam|p1a: Amoonguss
|-anim|p2a: Venusaur|SolarBeam|p1a: Amoonguss
|-resisted|p1a: Amoonguss
|-damage|p1a: Amoonguss|118\/424 brn
|
|-weather|SunnyDay|[upkeep]
|-heal|p1a: Amoonguss|144\/424 brn|[from] item: Leftovers
|-damage|p1a: Amoonguss|91\/424 brn|[from] brn
|turn|31
|callback|decision
|chat|XrX|meu deus 
|chat|XrX|mil
|chat|XrX|haxiou geral em...
|chat|femt6|sou foda
|chat|femt6|kkkkk
|chat|femt6|stall na casa do caralho
|chat|XrX|se a porra do venusaur
|chat|femt6|vai stallear a mÃ£e
|chat|XrX|n acorda em 1 turno...
|chat|XrX|tnc aff Â¬Â¬
|chat|femt6|meu venusaur nÃ£o gosta de dormir
|
|move|p2a: Venusaur|Hidden Power|p1a: Amoonguss
|-supereffective|p1a: Amoonguss
|-damage|p1a: Amoonguss|0 fnt
|faint|p1a: Amoonguss
|
|-weather|SunnyDay|[upkeep]
|callback|decision
|chat|femt6|ele Ã© mto ativo
|
|switch|p1a: Forretress|Forretress, M|352\/352 slp
|turn|32
|callback|decision
|chat|XrX|...
|chat|XrX|Â¬Â¬
|
|move|p2a: Venusaur|SolarBeam|p1a: Forretress|[still]
|-prepare|p2a: Venusaur|SolarBeam|p1a: Forretress
|-anim|p2a: Venusaur|SolarBeam|p1a: Forretress
|-resisted|p1a: Forretress
|-damage|p1a: Forretress|301\/352 slp
|cant|p1a: Forretress|slp
|
|-weather|SunnyDay|[upkeep]
|-heal|p1a: Forretress|323\/352 slp|[from] item: Leftovers
|turn|33
|callback|decision
|chat|femt6|deixa eu ver
|chat|femt6|o que tira mais
|
|move|p2a: Venusaur|Hidden Power|p1a: Forretress
|-resisted|p1a: Forretress
|-damage|p1a: Forretress|280\/352 slp
|cant|p1a: Forretress|slp
|
|-weather|SunnyDay|[upkeep]
|-heal|p1a: Forretress|302\/352 slp|[from] item: Leftovers
|turn|34
|callback|decision
|chat|femt6|mesma merda
|chat|femt6|quase
|chat|femt6|vsf
|
|move|p2a: Venusaur|SolarBeam|p1a: Forretress|[still]
|-prepare|p2a: Venusaur|SolarBeam|p1a: Forretress
|-anim|p2a: Venusaur|SolarBeam|p1a: Forretress
|-resisted|p1a: Forretress
|-damage|p1a: Forretress|247\/352 slp
|cant|p1a: Forretress|slp
|
|-weather|SunnyDay|[upkeep]
|-heal|p1a: Forretress|269\/352 slp|[from] item: Leftovers
|turn|35
|callback|decision
|chat|XrX|lol
|chat|XrX|essa porra
|chat|XrX|era hp ICE ?
|chat|XrX|PQP!!!
|chat|femt6|da ch porra
|
|move|p2a: Venusaur|SolarBeam|p1a: Forretress|[still]
|-prepare|p2a: Venusaur|SolarBeam|p1a: Forretress
|-anim|p2a: Venusaur|SolarBeam|p1a: Forretress
|-resisted|p1a: Forretress
|-damage|p1a: Forretress|217\/352 slp
|-curestatus|p1a: Forretress|slp
|move|p1a: Forretress|Gyro Ball|p2a: Venusaur
|-damage|p2a: Venusaur|138\/319
|
|-weather|SunnyDay|[upkeep]
|-heal|p2a: Venusaur|157\/319|[from] item: Black Sludge
|-heal|p1a: Forretress|239\/352|[from] item: Leftovers
|turn|36
|callback|decision
|chat|femt6|era ice
|chat|femt6|kkkkk
|chat|femt6|se fode aÃ­
|chat|femt6|kkkkkkkkk
|
|move|p2a: Venusaur|Sleep Powder|p1a: Forretress
|-status|p1a: Forretress|slp
|cant|p1a: Forretress|slp
|
|-weather|SunnyDay|[upkeep]
|-heal|p2a: Venusaur|176\/319|[from] item: Black Sludge
|-heal|p1a: Forretress|261\/352 slp|[from] item: Leftovers
|turn|37
|callback|decision
|
|move|p2a: Venusaur|SolarBeam|p1a: Forretress|[still]
|-prepare|p2a: Venusaur|SolarBeam|p1a: Forretress
|-anim|p2a: Venusaur|SolarBeam|p1a: Forretress
|-resisted|p1a: Forretress
|-damage|p1a: Forretress|210\/352 slp
|cant|p1a: Forretress|slp
|
|-weather|SunnyDay|[upkeep]
|-heal|p2a: Venusaur|195\/319|[from] item: Black Sludge
|-heal|p1a: Forretress|232\/352 slp|[from] item: Leftovers
|turn|38
|callback|decision
|
|move|p2a: Venusaur|SolarBeam|p1a: Forretress|[still]
|-prepare|p2a: Venusaur|SolarBeam|p1a: Forretress
|-anim|p2a: Venusaur|SolarBeam|p1a: Forretress
|-crit|p1a: Forretress
|-resisted|p1a: Forretress
|-damage|p1a: Forretress|130\/352 slp
|-curestatus|p1a: Forretress|slp
|move|p1a: Forretress|Gyro Ball|p2a: Venusaur
|-damage|p2a: Venusaur|0 fnt
|faint|p2a: Venusaur
|
|-weather|SunnyDay|[upkeep]
|-heal|p1a: Forretress|152\/352|[from] item: Leftovers
|callback|decision
|chat|femt6|isso porra
|chat|femt6|da ch
|chat|femt6|fdp
|
|switch|p2a: Jirachi|Jirachi|381\/381
|-damage|p2a: Jirachi|358\/381|[from] Stealth Rock
|turn|39
|callback|decision
|
|move|p2a: Jirachi|Iron Head|p1a: Forretress
|-resisted|p1a: Forretress
|-damage|p1a: Forretress|116\/352
|move|p1a: Forretress|Pain Split|p2a: Jirachi
|-sethp|p2a: Jirachi|237\/381|p1a: Forretress|237\/352|[from] move: Pain Split
|
|-weather|SunnyDay|[upkeep]
|-heal|p1a: Forretress|259\/352|[from] item: Leftovers
|turn|40
|callback|decision
|chat|femt6|ah
|chat|femt6|vtnc
|chat|femt6|ainda vou perder
|chat|femt6|essa porra
|
|move|p2a: Jirachi|Iron Head|p1a: Forretress
|-resisted|p1a: Forretress
|-damage|p1a: Forretress|218\/352
|cant|p1a: Forretress|flinch
|
|-weather|SunnyDay|[upkeep]
|-heal|p1a: Forretress|240\/352|[from] item: Leftovers
|turn|41
|callback|decision
|chat|XrX|te fode ai
|chat|femt6|vou perder
|chat|femt6|no struggle
|chat|XrX|sou foda 8|
|chat|femt6|quer ver
|
|move|p2a: Jirachi|Iron Head|p1a: Forretress
|-resisted|p1a: Forretress
|-damage|p1a: Forretress|199\/352
|cant|p1a: Forretress|flinch
|
|-weather|SunnyDay|[upkeep]
|-heal|p1a: Forretress|221\/352|[from] item: Leftovers
|turn|42
|callback|decision
|
|move|p2a: Jirachi|Iron Head|p1a: Forretress
|-resisted|p1a: Forretress
|-damage|p1a: Forretress|186\/352
|move|p1a: Forretress|Gyro Ball|p2a: Jirachi
|-resisted|p2a: Jirachi
|-damage|p2a: Jirachi|157\/381
|
|-weather|SunnyDay|[upkeep]
|-heal|p1a: Forretress|208\/352|[from] item: Leftovers
|turn|43
|callback|decision
|
|move|p2a: Jirachi|Iron Head|p1a: Forretress
|-resisted|p1a: Forretress
|-damage|p1a: Forretress|171\/352
|cant|p1a: Forretress|flinch
|
|-weather|SunnyDay|[upkeep]
|-heal|p1a: Forretress|193\/352|[from] item: Leftovers
|turn|44
|callback|decision
|
|move|p2a: Jirachi|Iron Head|p1a: Forretress
|-resisted|p1a: Forretress
|-damage|p1a: Forretress|155\/352
|move|p1a: Forretress|Gyro Ball|p2a: Jirachi
|-resisted|p2a: Jirachi
|-damage|p2a: Jirachi|80\/381
|
|-weather|SunnyDay|[upkeep]
|-heal|p1a: Forretress|177\/352|[from] item: Leftovers
|turn|45
|callback|decision
|chat|femt6|nem vai ser no struggle
|chat|femt6|kkkkk
|chat|XrX|sou foda d+ pqp kkkk
|chat|XrX|:p
|chat|femt6|volcarona
|
|move|p2a: Jirachi|Iron Head|p1a: Forretress
|-crit|p1a: Forretress
|-resisted|p1a: Forretress
|-damage|p1a: Forretress|103\/352
|cant|p1a: Forretress|flinch
|
|-weather|SunnyDay|[upkeep]
|-heal|p1a: Forretress|125\/352|[from] item: Leftovers
|turn|46
|callback|decision
|chat|femt6|era pra ter levado
|chat|femt6|mais pokes seus
|chat|femt6|dei mole
|chat|femt6|da mais um ch
|chat|femt6|filho da puta
|chat|femt6|Ã© agora
|chat|femt6|mais unzinho
|chat|XrX|que nada
|
|move|p2a: Jirachi|Iron Head|p1a: Forretress
|-resisted|p1a: Forretress
|-damage|p1a: Forretress|89\/352
|move|p1a: Forretress|Gyro Ball|p2a: Jirachi
|-resisted|p2a: Jirachi
|-damage|p2a: Jirachi|8\/381
|
|-weather|SunnyDay|[upkeep]
|-heal|p1a: Forretress|111\/352|[from] item: Leftovers
|turn|47
|callback|decision
|chat|XrX|eu que dei mole
|chat|XrX|eu entreguei o hippowdon
|chat|XrX|de graÃ§a...
|
|move|p2a: Jirachi|Iron Head|p1a: Forretress
|-resisted|p1a: Forretress
|-damage|p1a: Forretress|72\/352
|move|p1a: Forretress|Gyro Ball|p2a: Jirachi
|-resisted|p2a: Jirachi
|-damage|p2a: Jirachi|0 fnt
|faint|p2a: Jirachi
|
|win|XrX
|raw|Ladder updating...
|chat|femt6|agora caralho
|chat|femt6|ch
|chat|femt6|fdp
|chat|XrX|\O\/
|chat|XrX|MISERA
|raw|XrX's rating: 2078 &rarr; <strong>2083<\/strong><br \/>(+5 for winning)
|raw|femt6's rating: 1917 &rarr; <strong>1915<\/strong><br \/>(-2 for losing)
|chat|femt6|num flinxa
|chat|femt6|esse caralho
|leave|femt6
|player|p2