|join|femt6
|join|AlphonseEl
|player|p1|femt6|169
|player|p2|AlphonseEl|80
|gametype|singles
|tier|OU
|rated
|rule|Evasion Abilities Clause: Evasion abilities are banned
|clearpoke
|poke|p1|Politoed, F
|poke|p1|Kyurem-Black
|poke|p1|Celebi
|poke|p1|Landorus-Therian, M
|poke|p1|Jirachi
|poke|p1|Tentacruel, M
|poke|p2|Politoed, F
|poke|p2|Ferrothorn, F
|poke|p2|Jirachi
|poke|p2|Rotom-Wash
|poke|p2|Latios, M
|poke|p2|Reuniclus, M
|rule|Sleep Clause Mod: Limit one foe put to sleep
|rule|Species Clause: Limit one of each Pokemon
|rule|OHKO Clause: OHKO moves are banned
|rule|Moody Clause: Moody is banned
|rule|Evasion Moves Clause: Evasion moves are banned
|rule|HP Percentage Mod: HP is reported as percentages
|teampreview
|callback|decision
|
|start
|switch|p1a: Tentacruel|Tentacruel, M|364\/364
|switch|p2a: Rotom-Wash|Rotom-Wash|304\/304
|turn|1
|callback|decision
|
|move|p2a: Rotom-Wash|Volt Switch|p1a: Tentacruel
|-supereffective|p1a: Tentacruel
|-damage|p1a: Tentacruel|212\/364
|callback|decision
|
|switch|p2a: Ferrothorn|Ferrothorn, F|352\/352
|move|p1a: Tentacruel|Toxic Spikes|p2a: Ferrothorn
|-sidestart|p2: AlphonseEl|move: Toxic Spikes
|
|-heal|p1a: Tentacruel|234\/364|[from] item: Black Sludge
|turn|2
|callback|decision
|
|switch|p1a: Landorus-Therian|Landorus-Therian, M|369\/369
|-ability|p1a: Landorus-Therian|Intimidate|[of] p2a: Ferrothorn
|-unboost|p2a: Ferrothorn|atk|1
|move|p2a: Ferrothorn|Leech Seed|p1a: Landorus-Therian
|-start|p1a: Landorus-Therian|move: Leech Seed
|
|-damage|p1a: Landorus-Therian|323\/369|[from] Leech Seed|[of] p2a: Ferrothorn
|turn|3
|callback|decision
|
|move|p1a: Landorus-Therian|Stealth Rock|p2a: Ferrothorn
|-sidestart|p2: AlphonseEl|move: Stealth Rock
|move|p2a: Ferrothorn|Stealth Rock|p1a: Landorus-Therian
|-sidestart|p1: femt6|move: Stealth Rock
|
|-heal|p1a: Landorus-Therian|346\/369|[from] item: Leftovers
|-damage|p1a: Landorus-Therian|300\/369|[from] Leech Seed|[of] p2a: Ferrothorn
|turn|4
|callback|decision
|
|switch|p2a: Jirachi|Jirachi|404\/404
|-damage|p2a: Jirachi|379\/404|[from] Stealth Rock
|move|p1a: Landorus-Therian|Earthquake|p2a: Jirachi
|-supereffective|p2a: Jirachi
|-damage|p2a: Jirachi|35\/404
|
|-heal|p1a: Landorus-Therian|323\/369|[from] item: Leftovers
|-heal|p2a: Jirachi|60\/404|[from] item: Leftovers
|-damage|p1a: Landorus-Therian|277\/369|[from] Leech Seed|[of] p2a: Jirachi
|-heal|p2a: Jirachi|106\/404|[silent]
|turn|5
|callback|decision
|chat|AlphonseEl|Balls.
|
|switch|p2a: Rotom-Wash|Rotom-Wash|304\/304
|-damage|p2a: Rotom-Wash|266\/304|[from] Stealth Rock
|move|p1a: Landorus-Therian|U-turn|p2a: Rotom-Wash
|-damage|p2a: Rotom-Wash|199\/304
|callback|decision
|
|switch|p1a: Celebi|Celebi|404\/404
|-damage|p1a: Celebi|354\/404|[from] Stealth Rock
|
|-heal|p1a: Celebi|379\/404|[from] item: Leftovers
|turn|6
|callback|decision
|
|move|p2a: Rotom-Wash|Trick|p1a: Celebi
|-activate|p2a: Rotom-Wash|move: Trick|[of] p1a: Celebi
|-item|p1a: Celebi|Choice Scarf|[from] move: Trick
|-item|p2a: Rotom-Wash|Leftovers|[from] move: Trick
|move|p1a: Celebi|Baton Pass|p1a: Celebi
|callback|decision
|
|switch|p1a: Kyurem-Black|Kyurem-Black|405\/405
|-damage|p1a: Kyurem-Black|304\/405|[from] Stealth Rock
|-ability|p1a: Kyurem-Black|Teravolt
|
|-heal|p1a: Kyurem-Black|329\/405|[from] item: Leftovers
|-heal|p2a: Rotom-Wash|218\/304|[from] item: Leftovers
|turn|7
|callback|decision
|
|move|p1a: Kyurem-Black|Substitute|p1a: Kyurem-Black
|-start|p1a: Kyurem-Black|Substitute
|-damage|p1a: Kyurem-Black|228\/405
|move|p2a: Rotom-Wash|Will-O-Wisp|p1a: Kyurem-Black|[miss]
|-miss|p2a: Rotom-Wash|p1a: Kyurem-Black
|
|-heal|p1a: Kyurem-Black|253\/405|[from] item: Leftovers
|-heal|p2a: Rotom-Wash|237\/304|[from] item: Leftovers
|turn|8
|callback|decision
|
|move|p1a: Kyurem-Black|Ice Beam|p2a: Rotom-Wash
|-resisted|p2a: Rotom-Wash
|-damage|p2a: Rotom-Wash|177\/304
|move|p2a: Rotom-Wash|Hydro Pump|p1a: Kyurem-Black
|-resisted|p1a: Kyurem-Black
|-activate|p1a: Kyurem-Black|Substitute|[damage]
|
|-heal|p1a: Kyurem-Black|278\/405|[from] item: Leftovers
|-heal|p2a: Rotom-Wash|196\/304|[from] item: Leftovers
|turn|9
|callback|decision
|
|move|p1a: Kyurem-Black|Fusion Bolt|p2a: Rotom-Wash
|-damage|p2a: Rotom-Wash|83\/304
|move|p2a: Rotom-Wash|Volt Switch|p1a: Kyurem-Black
|-resisted|p1a: Kyurem-Black
|-end|p1a: Kyurem-Black|Substitute
|callback|decision
|
|switch|p2a: Latios|Latios, M|302\/302
|-damage|p2a: Latios|265\/302|[from] Stealth Rock
|
|-heal|p1a: Kyurem-Black|303\/405|[from] item: Leftovers
|turn|10
|callback|decision
|
|switch|p1a: Jirachi|Jirachi|404\/404
|-damage|p1a: Jirachi|379\/404|[from] Stealth Rock
|move|p2a: Latios|Surf|p1a: Jirachi
|-damage|p1a: Jirachi|285\/404
|
|-heal|p1a: Jirachi|310\/404|[from] item: Leftovers
|turn|11
|callback|decision
|
|switch|p2a: Ferrothorn|Ferrothorn, F|352\/352
|-damage|p2a: Ferrothorn|330\/352|[from] Stealth Rock
|move|p1a: Jirachi|Wish|p1a: Jirachi
|
|-heal|p1a: Jirachi|335\/404|[from] item: Leftovers
|-heal|p2a: Ferrothorn|352\/352|[from] item: Leftovers
|turn|12
|callback|decision
|
|switch|p1a: Tentacruel|Tentacruel, M|234\/364
|-damage|p1a: Tentacruel|189\/364|[from] Stealth Rock
|move|p2a: Ferrothorn|Leech Seed|p1a: Tentacruel
|-start|p1a: Tentacruel|move: Leech Seed
|
|-heal|p1a: Tentacruel|364\/364|[from] move: Wish|[wisher] Jirachi
|-damage|p1a: Tentacruel|319\/364|[from] Leech Seed|[of] p2a: Ferrothorn
|turn|13
|callback|decision
|
|switch|p1a: Celebi|Celebi|379\/404
|-damage|p1a: Celebi|329\/404|[from] Stealth Rock
|move|p2a: Ferrothorn|Protect|p2a: Ferrothorn
|-fail|p2a: Ferrothorn
|
|turn|14
|callback|decision
|
|move|p1a: Celebi|Perish Song|p1a: Celebi
|-fieldactivate|move: Perish Song
|move|p2a: Ferrothorn|Spikes|p1a: Celebi
|-sidestart|p1: femt6|Spikes
|
|-start|p1a: Celebi|perish3
|-start|p2a: Ferrothorn|perish3
|turn|15
|callback|decision
|
|switch|p1a: Landorus-Therian|Landorus-Therian, M|277\/369
|-damage|p1a: Landorus-Therian|231\/369|[from] Stealth Rock
|-ability|p1a: Landorus-Therian|Intimidate|[of] p2a: Ferrothorn
|-unboost|p2a: Ferrothorn|atk|1
|switch|p2a: Rotom-Wash|Rotom-Wash|83\/304
|-damage|p2a: Rotom-Wash|45\/304|[from] Stealth Rock
|
|-heal|p1a: Landorus-Therian|254\/369|[from] item: Leftovers
|-heal|p2a: Rotom-Wash|64\/304|[from] item: Leftovers
|turn|16
|callback|decision
|
|switch|p1a: Celebi|Celebi|329\/404
|-damage|p1a: Celebi|279\/404|[from] Spikes
|-damage|p1a: Celebi|229\/404|[from] Stealth Rock
|move|p2a: Rotom-Wash|Hydro Pump|p1a: Celebi
|-crit|p1a: Celebi
|-resisted|p1a: Celebi
|-damage|p1a: Celebi|129\/404
|
|-heal|p2a: Rotom-Wash|83\/304|[from] item: Leftovers
|turn|17
|callback|decision
|
|switch|p2a: Jirachi|Jirachi|106\/404
|-damage|p2a: Jirachi|81\/404|[from] Stealth Rock
|move|p1a: Celebi|Recover|p1a: Celebi
|-heal|p1a: Celebi|331\/404
|
|-heal|p2a: Jirachi|106\/404|[from] item: Leftovers
|turn|18
|callback|decision
|
|switch|p1a: Landorus-Therian|Landorus-Therian, M|254\/369
|-damage|p1a: Landorus-Therian|208\/369|[from] Stealth Rock
|-ability|p1a: Landorus-Therian|Intimidate|[of] p2a: Jirachi
|-unboost|p2a: Jirachi|atk|1
|move|p2a: Jirachi|Wish|p2a: Jirachi
|
|-heal|p1a: Landorus-Therian|231\/369|[from] item: Leftovers
|-heal|p2a: Jirachi|131\/404|[from] item: Leftovers
|turn|19
|callback|decision
|
|move|p1a: Landorus-Therian|U-turn|p2a: Jirachi
|-damage|p2a: Jirachi|59\/404
|callback|decision
|
|switch|p1a: Tentacruel|Tentacruel, M|319\/364
|-damage|p1a: Tentacruel|274\/364|[from] Stealth Rock
|-damage|p1a: Tentacruel|229\/364|[from] Spikes
|move|p2a: Jirachi|Body Slam|p1a: Tentacruel
|-damage|p1a: Tentacruel|189\/364
|-status|p1a: Tentacruel|par
|
|-heal|p2a: Jirachi|261\/404|[from] move: Wish|[wisher] Jirachi
|-heal|p2a: Jirachi|286\/404|[from] item: Leftovers
|-heal|p1a: Tentacruel|211\/364 par|[from] item: Black Sludge
|turn|20
|callback|decision
|
|move|p2a: Jirachi|Wish|p2a: Jirachi
|cant|p1a: Tentacruel|par
|
|-heal|p2a: Jirachi|311\/404|[from] item: Leftovers
|-heal|p1a: Tentacruel|233\/364 par|[from] item: Black Sludge
|turn|21
|callback|decision
|
|move|p2a: Jirachi|Iron Head|p1a: Tentacruel
|-resisted|p1a: Tentacruel
|-damage|p1a: Tentacruel|205\/364 par
|cant|p1a: Tentacruel|par
|
|-heal|p2a: Jirachi|404\/404|[from] move: Wish|[wisher] Jirachi
|-heal|p1a: Tentacruel|227\/364 par|[from] item: Black Sludge
|turn|22
|callback|decision
|
|move|p2a: Jirachi|Body Slam|p1a: Tentacruel
|-damage|p1a: Tentacruel|187\/364 par
|move|p1a: Tentacruel|Rapid Spin|p2a: Jirachi
|-resisted|p2a: Jirachi
|-damage|p2a: Jirachi|398\/404
|-sideend|p1: femt6|Spikes|[from] move: Rapid Spin|[of] p1a: Tentacruel
|-sideend|p1: femt6|Stealth Rock|[from] move: Rapid Spin|[of] p1a: Tentacruel
|
|-heal|p2a: Jirachi|404\/404|[from] item: Leftovers
|-heal|p1a: Tentacruel|209\/364 par|[from] item: Black Sludge
|turn|23
|callback|decision
|
|move|p2a: Jirachi|Body Slam|p1a: Tentacruel
|-damage|p1a: Tentacruel|164\/364 par
|move|p1a: Tentacruel|Scald|p2a: Jirachi
|-damage|p2a: Jirachi|347\/404
|
|-heal|p2a: Jirachi|372\/404|[from] item: Leftovers
|-heal|p1a: Tentacruel|186\/364 par|[from] item: Black Sludge
|turn|24
|callback|decision
|
|switch|p2a: Reuniclus|Reuniclus, M|424\/424
|-status|p2a: Reuniclus|psn
|move|p1a: Tentacruel|Scald|p2a: Reuniclus
|-damage|p2a: Reuniclus|327\/424 psn
|
|-heal|p2a: Reuniclus|353\/424 psn|[from] item: Leftovers
|-heal|p1a: Tentacruel|208\/364 par|[from] item: Black Sludge
|turn|25
|callback|decision
|
|switch|p1a: Celebi|Celebi|331\/404
|move|p2a: Reuniclus|Shadow Ball|p1a: Celebi
|-supereffective|p1a: Celebi
|-damage|p1a: Celebi|221\/404
|
|-heal|p2a: Reuniclus|379\/424 psn|[from] item: Leftovers
|turn|26
|callback|decision
|
|move|p1a: Celebi|Perish Song|p1a: Celebi
|-fieldactivate|move: Perish Song
|move|p2a: Reuniclus|Calm Mind|p2a: Reuniclus
|-boost|p2a: Reuniclus|spa|1
|-boost|p2a: Reuniclus|spd|1
|
|-start|p1a: Celebi|perish3
|-start|p2a: Reuniclus|perish3
|-heal|p2a: Reuniclus|405\/424 psn|[from] item: Leftovers
|turn|27
|callback|decision
|
|switch|p1a: Jirachi|Jirachi|335\/404
|move|p2a: Reuniclus|Shadow Ball|p1a: Jirachi
|-crit|p1a: Jirachi
|-damage|p1a: Jirachi|181\/404
|
|-start|p2a: Reuniclus|perish2
|-heal|p1a: Jirachi|206\/404|[from] item: Leftovers
|-heal|p2a: Reuniclus|424\/424 psn|[from] item: Leftovers
|turn|28
|callback|decision
|
|switch|p1a: Kyurem-Black|Kyurem-Black|303\/405
|-ability|p1a: Kyurem-Black|Teravolt
|move|p2a: Reuniclus|Shadow Ball|p1a: Kyurem-Black
|-damage|p1a: Kyurem-Black|168\/405
|
|-start|p2a: Reuniclus|perish1
|-heal|p1a: Kyurem-Black|193\/405|[from] item: Leftovers
|turn|29
|callback|decision
|
|switch|p2a: Politoed|Politoed, F|384\/384
|-status|p2a: Politoed|psn
|-damage|p2a: Politoed|336\/384 psn|[from] Stealth Rock
|-weather|RainDance|[from] ability: Drizzle|[of] p2a: Politoed
|move|p1a: Kyurem-Black|Substitute|p1a: Kyurem-Black
|-start|p1a: Kyurem-Black|Substitute
|-damage|p1a: Kyurem-Black|92\/405
|
|-weather|RainDance|[upkeep]
|-heal|p1a: Kyurem-Black|117\/405|[from] item: Leftovers
|-heal|p2a: Politoed|360\/384 psn|[from] item: Leftovers
|-damage|p2a: Politoed|312\/384 psn|[from] psn
|turn|30
|callback|decision
|
|move|p1a: Kyurem-Black|Fusion Bolt|p2a: Politoed
|-supereffective|p2a: Politoed
|-damage|p2a: Politoed|102\/384 psn
|move|p2a: Politoed|Ice Beam|p1a: Kyurem-Black
|-activate|p1a: Kyurem-Black|Substitute|[damage]
|
|-weather|RainDance|[upkeep]
|-heal|p1a: Kyurem-Black|142\/405|[from] item: Leftovers
|-heal|p2a: Politoed|126\/384 psn|[from] item: Leftovers
|-damage|p2a: Politoed|78\/384 psn|[from] psn
|turn|31
|callback|decision
|
|move|p1a: Kyurem-Black|Fusion Bolt|p2a: Politoed
|-supereffective|p2a: Politoed
|-damage|p2a: Politoed|0 fnt
|faint|p2a: Politoed
|
|-weather|RainDance|[upkeep]
|-heal|p1a: Kyurem-Black|167\/405|[from] item: Leftovers
|callback|decision
|
|switch|p2a: Ferrothorn|Ferrothorn, F|352\/352
|-damage|p2a: Ferrothorn|330\/352|[from] Stealth Rock
|turn|32
|callback|decision
|
|move|p1a: Kyurem-Black|Ice Beam|p2a: Ferrothorn
|-damage|p2a: Ferrothorn|192\/352
|move|p2a: Ferrothorn|Stealth Rock|p1a: Kyurem-Black
|-sidestart|p1: femt6|move: Stealth Rock
|
|-weather|RainDance|[upkeep]
|-heal|p1a: Kyurem-Black|192\/405|[from] item: Leftovers
|-heal|p2a: Ferrothorn|214\/352|[from] item: Leftovers
|turn|33
|callback|decision
|
|switch|p2a: Jirachi|Jirachi|372\/404
|-damage|p2a: Jirachi|347\/404|[from] Stealth Rock
|move|p1a: Kyurem-Black|Ice Beam|p2a: Jirachi
|-resisted|p2a: Jirachi
|-damage|p2a: Jirachi|289\/404
|
|-weather|RainDance|[upkeep]
|-heal|p1a: Kyurem-Black|217\/405|[from] item: Leftovers
|-heal|p2a: Jirachi|314\/404|[from] item: Leftovers
|turn|34
|callback|decision
|
|move|p1a: Kyurem-Black|Earth Power|p2a: Jirachi
|-supereffective|p2a: Jirachi
|-damage|p2a: Jirachi|168\/404
|move|p2a: Jirachi|Iron Head|p1a: Kyurem-Black
|-supereffective|p1a: Kyurem-Black
|-end|p1a: Kyurem-Black|Substitute
|
|-weather|RainDance|[upkeep]
|-heal|p1a: Kyurem-Black|242\/405|[from] item: Leftovers
|-heal|p2a: Jirachi|193\/404|[from] item: Leftovers
|turn|35
|callback|decision
|
|switch|p1a: Tentacruel|Tentacruel, M|208\/364 par
|-damage|p1a: Tentacruel|163\/364 par|[from] Stealth Rock
|move|p2a: Jirachi|Body Slam|p1a: Tentacruel
|-damage|p1a: Tentacruel|95\/364 par
|
|-weather|RainDance|[upkeep]
|-heal|p1a: Tentacruel|117\/364 par|[from] ability: Rain Dish
|-heal|p2a: Jirachi|218\/404|[from] item: Leftovers
|-heal|p1a: Tentacruel|139\/364 par|[from] item: Black Sludge
|turn|36
|callback|decision
|
|move|p1a: Tentacruel|Protect|p1a: Tentacruel
|-singleturn|p1a: Tentacruel|Protect
|move|p2a: Jirachi|Iron Head|p1a: Tentacruel
|-activate|p1a: Tentacruel|Protect
|
|-weather|RainDance|[upkeep]
|-heal|p1a: Tentacruel|161\/364 par|[from] ability: Rain Dish
|-heal|p2a: Jirachi|243\/404|[from] item: Leftovers
|-heal|p1a: Tentacruel|183\/364 par|[from] item: Black Sludge
|turn|37
|callback|decision
|
|move|p2a: Jirachi|Wish|p2a: Jirachi
|move|p1a: Tentacruel|Rapid Spin|p2a: Jirachi
|-resisted|p2a: Jirachi
|-damage|p2a: Jirachi|238\/404
|-sideend|p1: femt6|Stealth Rock|[from] move: Rapid Spin|[of] p1a: Tentacruel
|
|-weather|RainDance|[upkeep]
|-heal|p1a: Tentacruel|205\/364 par|[from] ability: Rain Dish
|-heal|p2a: Jirachi|263\/404|[from] item: Leftovers
|-heal|p1a: Tentacruel|227\/364 par|[from] item: Black Sludge
|turn|38
|callback|decision
|
|switch|p2a: Rotom-Wash|Rotom-Wash|83\/304
|-damage|p2a: Rotom-Wash|45\/304|[from] Stealth Rock
|move|p1a: Tentacruel|Scald|p2a: Rotom-Wash
|-resisted|p2a: Rotom-Wash
|-damage|p2a: Rotom-Wash|7\/304
|
|-weather|RainDance|[upkeep]
|-heal|p1a: Tentacruel|249\/364 par|[from] ability: Rain Dish
|-heal|p2a: Rotom-Wash|209\/304|[from] move: Wish|[wisher] Jirachi
|-heal|p2a: Rotom-Wash|228\/304|[from] item: Leftovers
|-heal|p1a: Tentacruel|271\/364 par|[from] item: Black Sludge
|turn|39
|callback|decision
|
|move|p1a: Tentacruel|Protect|p1a: Tentacruel
|-singleturn|p1a: Tentacruel|Protect
|move|p2a: Rotom-Wash|Hydro Pump|p1a: Tentacruel
|-activate|p1a: Tentacruel|Protect
|
|-weather|RainDance|[upkeep]
|-heal|p1a: Tentacruel|293\/364 par|[from] ability: Rain Dish
|-heal|p2a: Rotom-Wash|247\/304|[from] item: Leftovers
|-heal|p1a: Tentacruel|315\/364 par|[from] item: Black Sludge
|turn|40
|callback|decision
|
|switch|p1a: Celebi|Celebi|221\/404
|move|p2a: Rotom-Wash|Hydro Pump|p1a: Celebi
|-resisted|p1a: Celebi
|-damage|p1a: Celebi|140\/404
|
|-weather|RainDance|[upkeep]
|-heal|p2a: Rotom-Wash|266\/304|[from] item: Leftovers
|turn|41
|callback|decision
|
|move|p1a: Celebi|Recover|p1a: Celebi
|-heal|p1a: Celebi|342\/404
|move|p2a: Rotom-Wash|Volt Switch|p1a: Celebi
|-resisted|p1a: Celebi
|-damage|p1a: Celebi|312\/404
|callback|decision
|
|switch|p2a: Reuniclus|Reuniclus, M|424\/424 psn
|
|-weather|RainDance|[upkeep]
|turn|42
|callback|decision
|
|switch|p1a: Politoed|Politoed, F|322\/322
|move|p2a: Reuniclus|Shadow Ball|p1a: Politoed
|-damage|p1a: Politoed|249\/322
|
|-weather|RainDance|[upkeep]
|turn|43
|callback|decision
|
|switch|p1a: Celebi|Celebi|312\/404
|move|p2a: Reuniclus|Psyshock|p1a: Celebi
|-resisted|p1a: Celebi
|-damage|p1a: Celebi|255\/404
|
|-weather|RainDance|[upkeep]
|turn|44
|callback|decision
|
|move|p1a: Celebi|Perish Song|p1a: Celebi
|-fieldactivate|move: Perish Song
|move|p2a: Reuniclus|Shadow Ball|p1a: Celebi
|-supereffective|p1a: Celebi
|-damage|p1a: Celebi|147\/404
|
|-start|p1a: Celebi|perish3
|-start|p2a: Reuniclus|perish3
|-weather|RainDance|[upkeep]
|turn|45
|callback|decision
|
|switch|p1a: Jirachi|Jirachi|206\/404
|switch|p2a: Rotom-Wash|Rotom-Wash|266\/304
|-damage|p2a: Rotom-Wash|228\/304|[from] Stealth Rock
|
|-weather|RainDance|[upkeep]
|-heal|p1a: Jirachi|231\/404|[from] item: Leftovers
|-heal|p2a: Rotom-Wash|247\/304|[from] item: Leftovers
|turn|46
|callback|decision
|
|move|p1a: Jirachi|Protect|p1a: Jirachi
|-singleturn|p1a: Jirachi|Protect
|move|p2a: Rotom-Wash|Will-O-Wisp|p1a: Jirachi
|-activate|p1a: Jirachi|Protect
|
|-weather|RainDance|[upkeep]
|-heal|p1a: Jirachi|256\/404|[from] item: Leftovers
|-heal|p2a: Rotom-Wash|266\/304|[from] item: Leftovers
|turn|47
|callback|decision
|
|move|p1a: Jirachi|Wish|p1a: Jirachi
|move|p2a: Rotom-Wash|Volt Switch|p1a: Jirachi
|-damage|p1a: Jirachi|196\/404
|callback|decision
|
|switch|p2a: Ferrothorn|Ferrothorn, F|214\/352
|-damage|p2a: Ferrothorn|192\/352|[from] Stealth Rock
|
|-weather|RainDance|[upkeep]
|-heal|p1a: Jirachi|221\/404|[from] item: Leftovers
|-heal|p2a: Ferrothorn|214\/352|[from] item: Leftovers
|turn|48
|callback|decision
|
|move|p1a: Jirachi|Protect|p1a: Jirachi
|-singleturn|p1a: Jirachi|Protect
|move|p2a: Ferrothorn|Leech Seed|p1a: Jirachi
|-activate|p1a: Jirachi|Protect
|
|-weather|RainDance|[upkeep]
|-heal|p1a: Jirachi|404\/404|[from] move: Wish|[wisher] Jirachi
|-heal|p2a: Ferrothorn|236\/352|[from] item: Leftovers
|turn|49
|callback|decision
|
|switch|p1a: Kyurem-Black|Kyurem-Black|242\/405
|-ability|p1a: Kyurem-Black|Teravolt
|move|p2a: Ferrothorn|Stealth Rock|p1a: Kyurem-Black
|-sidestart|p1: femt6|move: Stealth Rock
|
|-weather|RainDance|[upkeep]
|-heal|p1a: Kyurem-Black|267\/405|[from] item: Leftovers
|-heal|p2a: Ferrothorn|258\/352|[from] item: Leftovers
|turn|50
|callback|decision
|
|switch|p2a: Reuniclus|Reuniclus, M|424\/424 psn
|move|p1a: Kyurem-Black|Substitute|p1a: Kyurem-Black
|-start|p1a: Kyurem-Black|Substitute
|-damage|p1a: Kyurem-Black|166\/405
|
|-weather|RainDance|[upkeep]
|-heal|p1a: Kyurem-Black|191\/405|[from] item: Leftovers
|turn|51
|callback|decision
|
|move|p1a: Kyurem-Black|Ice Beam|p2a: Reuniclus
|-damage|p2a: Reuniclus|216\/424 psn
|move|p2a: Reuniclus|Calm Mind|p2a: Reuniclus
|-boost|p2a: Reuniclus|spa|1
|-boost|p2a: Reuniclus|spd|1
|
|-weather|RainDance|[upkeep]
|-heal|p1a: Kyurem-Black|216\/405|[from] item: Leftovers
|-heal|p2a: Reuniclus|242\/424 psn|[from] item: Leftovers
|turn|52
|callback|decision
|
|move|p1a: Kyurem-Black|Fusion Bolt|p2a: Reuniclus
|-damage|p2a: Reuniclus|138\/424 psn
|move|p2a: Reuniclus|Recover|p2a: Reuniclus
|-heal|p2a: Reuniclus|350\/424 psn
|
|-weather|RainDance|[upkeep]
|-heal|p1a: Kyurem-Black|241\/405|[from] item: Leftovers
|-heal|p2a: Reuniclus|376\/424 psn|[from] item: Leftovers
|turn|53
|callback|decision
|
|move|p1a: Kyurem-Black|Ice Beam|p2a: Reuniclus
|-damage|p2a: Reuniclus|243\/424 psn
|move|p2a: Reuniclus|Shadow Ball|p1a: Kyurem-Black
|-end|p1a: Kyurem-Black|Substitute
|
|-weather|RainDance|[upkeep]
|-heal|p1a: Kyurem-Black|266\/405|[from] item: Leftovers
|-heal|p2a: Reuniclus|269\/424 psn|[from] item: Leftovers
|turn|54
|callback|decision
|
|move|p1a: Kyurem-Black|Ice Beam|p2a: Reuniclus
|-damage|p2a: Reuniclus|143\/424 psn
|move|p2a: Reuniclus|Shadow Ball|p1a: Kyurem-Black
|-damage|p1a: Kyurem-Black|137\/405
|
|-weather|RainDance|[upkeep]
|-heal|p1a: Kyurem-Black|162\/405|[from] item: Leftovers
|-heal|p2a: Reuniclus|169\/424 psn|[from] item: Leftovers
|turn|55
|callback|decision
|
|switch|p1a: Celebi|Celebi|147\/404
|-damage|p1a: Celebi|97\/404|[from] Stealth Rock
|move|p2a: Reuniclus|Recover|p2a: Reuniclus
|-heal|p2a: Reuniclus|381\/424 psn
|
|-weather|RainDance|[upkeep]
|-heal|p2a: Reuniclus|407\/424 psn|[from] item: Leftovers
|turn|56
|callback|decision
|
|move|p1a: Celebi|Perish Song|p1a: Celebi
|-fieldactivate|move: Perish Song
|move|p2a: Reuniclus|Shadow Ball|p1a: Celebi
|-supereffective|p1a: Celebi
|-damage|p1a: Celebi|0 fnt
|faint|p1a: Celebi
|
|-start|p2a: Reuniclus|perish3
|-weather|RainDance|[upkeep]
|-heal|p2a: Reuniclus|424\/424 psn|[from] item: Leftovers
|callback|decision
|
|switch|p1a: Jirachi|Jirachi|404\/404
|-damage|p1a: Jirachi|379\/404|[from] Stealth Rock
|turn|57
|callback|decision
|
|switch|p2a: Ferrothorn|Ferrothorn, F|258\/352
|-damage|p2a: Ferrothorn|236\/352|[from] Stealth Rock
|move|p1a: Jirachi|Wish|p1a: Jirachi
|
|-weather|RainDance|[upkeep]
|-heal|p1a: Jirachi|404\/404|[from] item: Leftovers
|-heal|p2a: Ferrothorn|258\/352|[from] item: Leftovers
|turn|58
|callback|decision
|
|switch|p1a: Kyurem-Black|Kyurem-Black|162\/405
|-damage|p1a: Kyurem-Black|61\/405|[from] Stealth Rock
|-ability|p1a: Kyurem-Black|Teravolt
|move|p2a: Ferrothorn|Leech Seed|p1a: Kyurem-Black
|-start|p1a: Kyurem-Black|move: Leech Seed
|
|-weather|RainDance|[upkeep]
|-heal|p1a: Kyurem-Black|263\/405|[from] move: Wish|[wisher] Jirachi
|-heal|p1a: Kyurem-Black|288\/405|[from] item: Leftovers
|-heal|p2a: Ferrothorn|280\/352|[from] item: Leftovers
|-damage|p1a: Kyurem-Black|238\/405|[from] Leech Seed|[of] p2a: Ferrothorn
|-heal|p2a: Ferrothorn|330\/352|[silent]
|turn|59
|callback|decision
|
|switch|p1a: Landorus-Therian|Landorus-Therian, M|231\/369
|-damage|p1a: Landorus-Therian|185\/369|[from] Stealth Rock
|-ability|p1a: Landorus-Therian|Intimidate|[of] p2a: Ferrothorn
|-unboost|p2a: Ferrothorn|atk|1
|move|p2a: Ferrothorn|Spikes|p1a: Landorus-Therian
|-sidestart|p1: femt6|Spikes
|
|-weather|RainDance|[upkeep]
|-heal|p1a: Landorus-Therian|208\/369|[from] item: Leftovers
|-heal|p2a: Ferrothorn|352\/352|[from] item: Leftovers
|turn|60
|callback|decision
|
|move|p1a: Landorus-Therian|Earthquake|p2a: Ferrothorn
|-damage|p2a: Ferrothorn|261\/352
|move|p2a: Ferrothorn|Leech Seed|p1a: Landorus-Therian
|-start|p1a: Landorus-Therian|move: Leech Seed
|
|-weather|RainDance|[upkeep]
|-heal|p1a: Landorus-Therian|231\/369|[from] item: Leftovers
|-heal|p2a: Ferrothorn|283\/352|[from] item: Leftovers
|-damage|p1a: Landorus-Therian|185\/369|[from] Leech Seed|[of] p2a: Ferrothorn
|-heal|p2a: Ferrothorn|329\/352|[silent]
|turn|61
|callback|decision
|
|switch|p1a: Tentacruel|Tentacruel, M|315\/364 par
|-damage|p1a: Tentacruel|270\/364 par|[from] Stealth Rock
|-damage|p1a: Tentacruel|225\/364 par|[from] Spikes
|move|p2a: Ferrothorn|Spikes|p1a: Tentacruel
|-sidestart|p1: femt6|Spikes
|
|-weather|RainDance|[upkeep]
|-heal|p1a: Tentacruel|247\/364 par|[from] ability: Rain Dish
|-heal|p2a: Ferrothorn|351\/352|[from] item: Leftovers
|-heal|p1a: Tentacruel|269\/364 par|[from] item: Black Sludge
|turn|62
|callback|decision
|
|switch|p2a: Rotom-Wash|Rotom-Wash|266\/304
|-damage|p2a: Rotom-Wash|228\/304|[from] Stealth Rock
|move|p1a: Tentacruel|Rapid Spin|p2a: Rotom-Wash
|-damage|p2a: Rotom-Wash|218\/304
|-sideend|p1: femt6|Spikes|[from] move: Rapid Spin|[of] p1a: Tentacruel
|-sideend|p1: femt6|Stealth Rock|[from] move: Rapid Spin|[of] p1a: Tentacruel
|
|-weather|RainDance|[upkeep]
|-heal|p1a: Tentacruel|291\/364 par|[from] ability: Rain Dish
|-heal|p2a: Rotom-Wash|237\/304|[from] item: Leftovers
|-heal|p1a: Tentacruel|313\/364 par|[from] item: Black Sludge
|turn|63
|callback|decision
|
|move|p1a: Tentacruel|Protect|p1a: Tentacruel
|-singleturn|p1a: Tentacruel|Protect
|move|p2a: Rotom-Wash|Hydro Pump|p1a: Tentacruel
|-activate|p1a: Tentacruel|Protect
|
|-weather|RainDance|[upkeep]
|-heal|p1a: Tentacruel|335\/364 par|[from] ability: Rain Dish
|-heal|p2a: Rotom-Wash|256\/304|[from] item: Leftovers
|-heal|p1a: Tentacruel|357\/364 par|[from] item: Black Sludge
|turn|64
|callback|decision
|
|move|p2a: Rotom-Wash|Hydro Pump|p1a: Tentacruel
|-resisted|p1a: Tentacruel
|-damage|p1a: Tentacruel|271\/364 par
|cant|p1a: Tentacruel|par
|
|-weather|RainDance|[upkeep]
|-heal|p1a: Tentacruel|293\/364 par|[from] ability: Rain Dish
|-heal|p2a: Rotom-Wash|275\/304|[from] item: Leftovers
|-heal|p1a: Tentacruel|315\/364 par|[from] item: Black Sludge
|turn|65
|callback|decision
|
|cant|p1a: Tentacruel|par
|move|p2a: Rotom-Wash|Volt Switch|p1a: Tentacruel
|-supereffective|p1a: Tentacruel
|-damage|p1a: Tentacruel|171\/364 par
|callback|decision
|
|switch|p2a: Latios|Latios, M|265\/302
|-damage|p2a: Latios|228\/302|[from] Stealth Rock
|
|-weather|RainDance|[upkeep]
|-heal|p1a: Tentacruel|193\/364 par|[from] ability: Rain Dish
|-heal|p1a: Tentacruel|215\/364 par|[from] item: Black Sludge
|turn|66
|callback|decision
|
|move|p1a: Tentacruel|Protect|p1a: Tentacruel
|-singleturn|p1a: Tentacruel|Protect
|move|p2a: Latios|Thunder|p1a: Tentacruel
|-activate|p1a: Tentacruel|Protect
|
|-weather|RainDance|[upkeep]
|-heal|p1a: Tentacruel|237\/364 par|[from] ability: Rain Dish
|-heal|p1a: Tentacruel|259\/364 par|[from] item: Black Sludge
|turn|67
|callback|decision
|
|switch|p1a: Landorus-Therian|Landorus-Therian, M|185\/369
|-ability|p1a: Landorus-Therian|Intimidate|[of] p2a: Latios
|-unboost|p2a: Latios|atk|1
|move|p2a: Latios|Thunder|p1a: Landorus-Therian
|-immune|p1a: Landorus-Therian|[msg]
|
|-weather|RainDance|[upkeep]
|-heal|p1a: Landorus-Therian|208\/369|[from] item: Leftovers
|turn|68
|callback|decision
|
|switch|p2a: Rotom-Wash|Rotom-Wash|275\/304
|-damage|p2a: Rotom-Wash|237\/304|[from] Stealth Rock
|move|p1a: Landorus-Therian|U-turn|p2a: Rotom-Wash
|-damage|p2a: Rotom-Wash|160\/304
|callback|decision
|
|switch|p1a: Kyurem-Black|Kyurem-Black|238\/405
|-ability|p1a: Kyurem-Black|Teravolt
|
|-weather|RainDance|[upkeep]
|-heal|p1a: Kyurem-Black|263\/405|[from] item: Leftovers
|-heal|p2a: Rotom-Wash|179\/304|[from] item: Leftovers
|turn|69
|callback|decision
|
|move|p1a: Kyurem-Black|Fusion Bolt|p2a: Rotom-Wash
|-damage|p2a: Rotom-Wash|65\/304
|move|p2a: Rotom-Wash|Hydro Pump|p1a: Kyurem-Black|[miss]
|-miss|p2a: Rotom-Wash|p1a: Kyurem-Black
|
|-weather|RainDance|[upkeep]
|-heal|p1a: Kyurem-Black|288\/405|[from] item: Leftovers
|-heal|p2a: Rotom-Wash|84\/304|[from] item: Leftovers
|turn|70
|callback|decision
|
|move|p1a: Kyurem-Black|Fusion Bolt|p2a: Rotom-Wash
|-damage|p2a: Rotom-Wash|0 fnt
|faint|p2a: Rotom-Wash
|
|-weather|RainDance|[upkeep]
|-heal|p1a: Kyurem-Black|313\/405|[from] item: Leftovers
|callback|decision
|
|switch|p2a: Reuniclus|Reuniclus, M|424\/424 psn
|turn|71
|callback|decision
|
|move|p1a: Kyurem-Black|Ice Beam|p2a: Reuniclus
|-damage|p2a: Reuniclus|216\/424 psn
|move|p2a: Reuniclus|Calm Mind|p2a: Reuniclus
|-boost|p2a: Reuniclus|spa|1
|-boost|p2a: Reuniclus|spd|1
|
|-weather|RainDance|[upkeep]
|-heal|p1a: Kyurem-Black|338\/405|[from] item: Leftovers
|-heal|p2a: Reuniclus|242\/424 psn|[from] item: Leftovers
|turn|72
|callback|decision
|
|switch|p1a: Politoed|Politoed, F|249\/322
|move|p2a: Reuniclus|Recover|p2a: Reuniclus
|-heal|p2a: Reuniclus|424\/424 psn
|
|-weather|RainDance|[upkeep]
|turn|73
|callback|decision
|
|move|p1a: Politoed|Encore|p2a: Reuniclus
|-start|p2a: Reuniclus|Encore
|move|p2a: Reuniclus|Recover|p2a: Reuniclus
|-fail|p2a: Reuniclus
|
|-weather|RainDance|[upkeep]
|turn|74
|callback|decision
|
|switch|p1a: Landorus-Therian|Landorus-Therian, M|208\/369
|-ability|p1a: Landorus-Therian|Intimidate|[of] p2a: Reuniclus
|-unboost|p2a: Reuniclus|atk|1
|move|p2a: Reuniclus|Recover|p2a: Reuniclus
|-fail|p2a: Reuniclus
|
|-weather|RainDance|[upkeep]
|-heal|p1a: Landorus-Therian|231\/369|[from] item: Leftovers
|turn|75
|callback|decision
|
|move|p1a: Landorus-Therian|U-turn|p2a: Reuniclus
|-supereffective|p2a: Reuniclus
|-damage|p2a: Reuniclus|298\/424 psn
|callback|decision
|
|switch|p1a: Jirachi|Jirachi|404\/404
|move|p2a: Reuniclus|Recover|p2a: Reuniclus
|-heal|p2a: Reuniclus|424\/424 psn
|
|-weather|RainDance|[upkeep]
|-end|p2a: Reuniclus|Encore
|turn|76
|callback|decision
|
|move|p1a: Jirachi|Iron Head|p2a: Reuniclus
|-damage|p2a: Reuniclus|340\/424 psn
|cant|p2a: Reuniclus|flinch
|
|-weather|RainDance|[upkeep]
|-heal|p2a: Reuniclus|366\/424 psn|[from] item: Leftovers
|turn|77
|callback|decision
|
|move|p1a: Jirachi|Iron Head|p2a: Reuniclus
|-crit|p2a: Reuniclus
|-damage|p2a: Reuniclus|207\/424 psn
|cant|p2a: Reuniclus|flinch
|
|-weather|RainDance|[upkeep]
|-heal|p2a: Reuniclus|233\/424 psn|[from] item: Leftovers
|turn|78
|callback|decision
|
|move|p1a: Jirachi|Iron Head|p2a: Reuniclus
|-damage|p2a: Reuniclus|152\/424 psn
|cant|p2a: Reuniclus|flinch
|
|-weather|RainDance|[upkeep]
|-heal|p2a: Reuniclus|178\/424 psn|[from] item: Leftovers
|turn|79
|callback|decision
|
|move|p1a: Jirachi|Iron Head|p2a: Reuniclus
|-damage|p2a: Reuniclus|97\/424 psn
|cant|p2a: Reuniclus|flinch
|
|-weather|RainDance|[upkeep]
|-heal|p2a: Reuniclus|123\/424 psn|[from] item: Leftovers
|turn|80
|callback|decision
|
|move|p1a: Jirachi|Iron Head|p2a: Reuniclus
|-damage|p2a: Reuniclus|38\/424 psn
|cant|p2a: Reuniclus|flinch
|
|-weather|RainDance|[upkeep]
|-heal|p2a: Reuniclus|64\/424 psn|[from] item: Leftovers
|turn|81
|callback|decision
|
|switch|p2a: Ferrothorn|Ferrothorn, F|351\/352
|-damage|p2a: Ferrothorn|329\/352|[from] Stealth Rock
|move|p1a: Jirachi|Iron Head|p2a: Ferrothorn
|-resisted|p2a: Ferrothorn
|-damage|p2a: Ferrothorn|299\/352
|-damage|p1a: Jirachi|354\/404|[from] ability: Iron Barbs|[of] p2a: Ferrothorn
|
|-weather|RainDance|[upkeep]
|-heal|p1a: Jirachi|379\/404|[from] item: Leftovers
|-heal|p2a: Ferrothorn|321\/352|[from] item: Leftovers
|turn|82
|callback|decision
|
|switch|p1a: Tentacruel|Tentacruel, M|259\/364 par
|move|p2a: Ferrothorn|Leech Seed|p1a: Tentacruel|[miss]
|-miss|p2a: Ferrothorn|p1a: Tentacruel
|
|-weather|RainDance|[upkeep]
|-heal|p1a: Tentacruel|281\/364 par|[from] ability: Rain Dish
|-heal|p2a: Ferrothorn|343\/352|[from] item: Leftovers
|-heal|p1a: Tentacruel|303\/364 par|[from] item: Black Sludge
|turn|83
|callback|decision
|
|move|p2a: Ferrothorn|Leech Seed|p1a: Tentacruel
|-start|p1a: Tentacruel|move: Leech Seed
|move|p1a: Tentacruel|Scald|p2a: Ferrothorn
|-resisted|p2a: Ferrothorn
|-damage|p2a: Ferrothorn|293\/352
|
|-weather|RainDance|[upkeep]
|-heal|p1a: Tentacruel|325\/364 par|[from] ability: Rain Dish
|-heal|p2a: Ferrothorn|315\/352|[from] item: Leftovers
|-heal|p1a: Tentacruel|347\/364 par|[from] item: Black Sludge
|-damage|p1a: Tentacruel|302\/364 par|[from] Leech Seed|[of] p2a: Ferrothorn
|-heal|p2a: Ferrothorn|352\/352|[silent]
|turn|84
|callback|decision
|
|switch|p2a: Jirachi|Jirachi|263\/404
|-damage|p2a: Jirachi|238\/404|[from] Stealth Rock
|switch|p1a: Kyurem-Black|Kyurem-Black|338\/405
|-ability|p1a: Kyurem-Black|Teravolt
|
|-weather|RainDance|[upkeep]
|-heal|p1a: Kyurem-Black|363\/405|[from] item: Leftovers
|-heal|p2a: Jirachi|263\/404|[from] item: Leftovers
|turn|85
|callback|decision
|
|switch|p1a: Landorus-Therian|Landorus-Therian, M|231\/369
|-ability|p1a: Landorus-Therian|Intimidate|[of] p2a: Jirachi
|-unboost|p2a: Jirachi|atk|1
|move|p2a: Jirachi|Iron Head|p1a: Landorus-Therian
|-damage|p1a: Landorus-Therian|180\/369
|
|-weather|RainDance|[upkeep]
|-heal|p1a: Landorus-Therian|203\/369|[from] item: Leftovers
|-heal|p2a: Jirachi|288\/404|[from] item: Leftovers
|turn|86
|callback|decision
|
|move|p1a: Landorus-Therian|Earthquake|p2a: Jirachi
|-supereffective|p2a: Jirachi
|-damage|p2a: Jirachi|0 fnt
|faint|p2a: Jirachi
|
|-weather|RainDance|[upkeep]
|-heal|p1a: Landorus-Therian|226\/369|[from] item: Leftovers
|callback|decision
|
|switch|p2a: Ferrothorn|Ferrothorn, F|352\/352
|-damage|p2a: Ferrothorn|330\/352|[from] Stealth Rock
|turn|87
|callback|decision
|
|move|p1a: Landorus-Therian|Earthquake|p2a: Ferrothorn
|-damage|p2a: Ferrothorn|236\/352
|move|p2a: Ferrothorn|Leech Seed|p1a: Landorus-Therian
|-start|p1a: Landorus-Therian|move: Leech Seed
|
|-weather|RainDance|[upkeep]
|-heal|p1a: Landorus-Therian|249\/369|[from] item: Leftovers
|-heal|p2a: Ferrothorn|258\/352|[from] item: Leftovers
|-damage|p1a: Landorus-Therian|203\/369|[from] Leech Seed|[of] p2a: Ferrothorn
|-heal|p2a: Ferrothorn|304\/352|[silent]
|turn|88
|callback|decision
|
|switch|p1a: Kyurem-Black|Kyurem-Black|363\/405
|-ability|p1a: Kyurem-Black|Teravolt
|move|p2a: Ferrothorn|Leech Seed|p1a: Kyurem-Black
|-start|p1a: Kyurem-Black|move: Leech Seed
|
|-weather|RainDance|[upkeep]
|-heal|p1a: Kyurem-Black|388\/405|[from] item: Leftovers
|-heal|p2a: Ferrothorn|326\/352|[from] item: Leftovers
|-damage|p1a: Kyurem-Black|338\/405|[from] Leech Seed|[of] p2a: Ferrothorn
|-heal|p2a: Ferrothorn|352\/352|[silent]
|turn|89
|callback|decision
|
|switch|p1a: Landorus-Therian|Landorus-Therian, M|203\/369
|-ability|p1a: Landorus-Therian|Intimidate|[of] p2a: Ferrothorn
|-unboost|p2a: Ferrothorn|atk|1
|move|p2a: Ferrothorn|Stealth Rock|p1a: Landorus-Therian
|-sidestart|p1: femt6|move: Stealth Rock
|
|-weather|RainDance|[upkeep]
|-heal|p1a: Landorus-Therian|226\/369|[from] item: Leftovers
|turn|90
|callback|decision
|
|move|p1a: Landorus-Therian|Earthquake|p2a: Ferrothorn
|-crit|p2a: Ferrothorn
|-damage|p2a: Ferrothorn|153\/352
|move|p2a: Ferrothorn|Leech Seed|p1a: Landorus-Therian
|-start|p1a: Landorus-Therian|move: Leech Seed
|
|-weather|RainDance|[upkeep]
|-heal|p1a: Landorus-Therian|249\/369|[from] item: Leftovers
|-heal|p2a: Ferrothorn|175\/352|[from] item: Leftovers
|-damage|p1a: Landorus-Therian|203\/369|[from] Leech Seed|[of] p2a: Ferrothorn
|-heal|p2a: Ferrothorn|221\/352|[silent]
|turn|91
|callback|decision
|
|switch|p2a: Latios|Latios, M|228\/302
|-damage|p2a: Latios|191\/302|[from] Stealth Rock
|move|p1a: Landorus-Therian|U-turn|p2a: Latios
|-supereffective|p2a: Latios
|-damage|p2a: Latios|7\/302
|callback|decision
|
|switch|p1a: Jirachi|Jirachi|379\/404
|-damage|p1a: Jirachi|354\/404|[from] Stealth Rock
|
|-weather|RainDance|[upkeep]
|-heal|p1a: Jirachi|379\/404|[from] item: Leftovers
|turn|92
|callback|decision
|chat|AlphonseEl|Gg.
|
|move|p2a: Latios|Thunder|p1a: Jirachi
|-damage|p1a: Jirachi|275\/404
|move|p1a: Jirachi|Thunder|p2a: Latios
|-resisted|p2a: Latios
|-damage|p2a: Latios|0 fnt
|faint|p2a: Latios
|
|-weather|RainDance|[upkeep]
|-heal|p1a: Jirachi|300\/404|[from] item: Leftovers
|callback|decision
|
|switch|p2a: Ferrothorn|Ferrothorn, F|221\/352
|-damage|p2a: Ferrothorn|199\/352|[from] Stealth Rock
|turn|93
|callback|decision
|
|move|p1a: Jirachi|Wish|p1a: Jirachi
|move|p2a: Ferrothorn|Leech Seed|p1a: Jirachi
|-start|p1a: Jirachi|move: Leech Seed
|
|-weather|RainDance|[upkeep]
|-heal|p1a: Jirachi|325\/404|[from] item: Leftovers
|-heal|p2a: Ferrothorn|221\/352|[from] item: Leftovers
|-damage|p1a: Jirachi|275\/404|[from] Leech Seed|[of] p2a: Ferrothorn
|-heal|p2a: Ferrothorn|271\/352|[silent]
|turn|94
|callback|decision
|
|switch|p1a: Tentacruel|Tentacruel, M|302\/364 par
|-damage|p1a: Tentacruel|257\/364 par|[from] Stealth Rock
|move|p2a: Ferrothorn|Leech Seed|p1a: Tentacruel
|-start|p1a: Tentacruel|move: Leech Seed
|
|-weather|RainDance|[upkeep]
|-heal|p1a: Tentacruel|279\/364 par|[from] ability: Rain Dish
|-heal|p1a: Tentacruel|364\/364 par|[from] move: Wish|[wisher] Jirachi
|-heal|p2a: Ferrothorn|293\/352|[from] item: Leftovers
|-damage|p1a: Tentacruel|319\/364 par|[from] Leech Seed|[of] p2a: Ferrothorn
|-heal|p2a: Ferrothorn|338\/352|[silent]
|turn|95
|callback|decision
|
|switch|p2a: Reuniclus|Reuniclus, M|64\/424 psn
|move|p1a: Tentacruel|Rapid Spin|p2a: Reuniclus
|-damage|p2a: Reuniclus|54\/424 psn
|-end|p1a: Tentacruel|Leech Seed|[from] move: Rapid Spin|[of] p1a: Tentacruel
|-sideend|p1: femt6|Stealth Rock|[from] move: Rapid Spin|[of] p1a: Tentacruel
|
|-weather|RainDance|[upkeep]
|-heal|p1a: Tentacruel|341\/364 par|[from] ability: Rain Dish
|-heal|p2a: Reuniclus|80\/424 psn|[from] item: Leftovers
|-heal|p1a: Tentacruel|363\/364 par|[from] item: Black Sludge
|turn|96
|callback|decision
|
|move|p2a: Reuniclus|Recover|p2a: Reuniclus
|-heal|p2a: Reuniclus|292\/424 psn
|cant|p1a: Tentacruel|par
|
|-weather|RainDance|[upkeep]
|-heal|p1a: Tentacruel|364\/364 par|[from] ability: Rain Dish
|-heal|p2a: Reuniclus|318\/424 psn|[from] item: Leftovers
|turn|97
|callback|decision
|
|switch|p1a: Jirachi|Jirachi|275\/404
|move|p2a: Reuniclus|Calm Mind|p2a: Reuniclus
|-boost|p2a: Reuniclus|spa|1
|-boost|p2a: Reuniclus|spd|1
|
|-weather|RainDance|[upkeep]
|-heal|p1a: Jirachi|300\/404|[from] item: Leftovers
|-heal|p2a: Reuniclus|344\/424 psn|[from] item: Leftovers
|turn|98
|callback|decision
|
|move|p1a: Jirachi|Iron Head|p2a: Reuniclus
|-damage|p2a: Reuniclus|260\/424 psn
|cant|p2a: Reuniclus|flinch
|
|-weather|RainDance|[upkeep]
|-heal|p1a: Jirachi|325\/404|[from] item: Leftovers
|-heal|p2a: Reuniclus|286\/424 psn|[from] item: Leftovers
|turn|99
|callback|decision
|
|move|p1a: Jirachi|Iron Head|p2a: Reuniclus
|-damage|p2a: Reuniclus|199\/424 psn
|cant|p2a: Reuniclus|flinch
|
|-weather|RainDance|[upkeep]
|-heal|p1a: Jirachi|350\/404|[from] item: Leftovers
|-heal|p2a: Reuniclus|225\/424 psn|[from] item: Leftovers
|turn|100
|callback|decision
|
|move|p1a: Jirachi|Iron Head|p2a: Reuniclus
|-damage|p2a: Reuniclus|140\/424 psn
|move|p2a: Reuniclus|Recover|p2a: Reuniclus
|-heal|p2a: Reuniclus|352\/424 psn
|
|-weather|RainDance|[upkeep]
|-heal|p1a: Jirachi|375\/404|[from] item: Leftovers
|-heal|p2a: Reuniclus|378\/424 psn|[from] item: Leftovers
|turn|101
|callback|decision
|
|move|p1a: Jirachi|Iron Head|p2a: Reuniclus
|-damage|p2a: Reuniclus|288\/424 psn
|move|p2a: Reuniclus|Calm Mind|p2a: Reuniclus
|-boost|p2a: Reuniclus|spa|1
|-boost|p2a: Reuniclus|spd|1
|
|-weather|RainDance|[upkeep]
|-heal|p1a: Jirachi|400\/404|[from] item: Leftovers
|-heal|p2a: Reuniclus|314\/424 psn|[from] item: Leftovers
|turn|102
|callback|decision
|
|move|p1a: Jirachi|Iron Head|p2a: Reuniclus
|-damage|p2a: Reuniclus|224\/424 psn
|cant|p2a: Reuniclus|flinch
|
|-weather|RainDance|[upkeep]
|-heal|p1a: Jirachi|404\/404|[from] item: Leftovers
|-heal|p2a: Reuniclus|250\/424 psn|[from] item: Leftovers
|turn|103
|callback|decision
|chat|AlphonseEl|Shit, are you aware of how long this battle's gone for?!?
|
|move|p1a: Jirachi|Iron Head|p2a: Reuniclus
|-damage|p2a: Reuniclus|166\/424 psn
|move|p2a: Reuniclus|Recover|p2a: Reuniclus
|-heal|p2a: Reuniclus|378\/424 psn
|
|-weather|RainDance|[upkeep]
|-heal|p2a: Reuniclus|404\/424 psn|[from] item: Leftovers
|turn|104
|callback|decision
|
|switch|p1a: Politoed|Politoed, F|249\/322
|move|p2a: Reuniclus|Shadow Ball|p1a: Politoed
|-damage|p1a: Politoed|89\/322
|
|-weather|RainDance|[upkeep]
|-heal|p2a: Reuniclus|424\/424 psn|[from] item: Leftovers
|turn|105
|callback|decision
|
|move|p1a: Politoed|Surf|p2a: Reuniclus
|-damage|p2a: Reuniclus|318\/424 psn
|move|p2a: Reuniclus|Shadow Ball|p1a: Politoed
|-damage|p1a: Politoed|0 fnt
|faint|p1a: Politoed
|
|-weather|RainDance|[upkeep]
|-heal|p2a: Reuniclus|344\/424 psn|[from] item: Leftovers
|callback|decision
|
|switch|p1a: Jirachi|Jirachi|404\/404
|turn|106
|callback|decision
|chat|AlphonseEl|Whether you like it or not, you're my bro now.
|
|move|p1a: Jirachi|Iron Head|p2a: Reuniclus
|-damage|p2a: Reuniclus|266\/424 psn
|move|p2a: Reuniclus|Recover|p2a: Reuniclus
|-heal|p2a: Reuniclus|424\/424 psn
|
|-weather|RainDance|[upkeep]
|turn|107
|callback|decision
|
|move|p1a: Jirachi|Iron Head|p2a: Reuniclus
|-damage|p2a: Reuniclus|346\/424 psn
|move|p2a: Reuniclus|Shadow Ball|p1a: Jirachi
|-damage|p1a: Jirachi|303\/404
|
|-weather|RainDance|[upkeep]
|-heal|p1a: Jirachi|328\/404|[from] item: Leftovers
|-heal|p2a: Reuniclus|372\/424 psn|[from] item: Leftovers
|turn|108
|callback|decision
|
|move|p1a: Jirachi|Iron Head|p2a: Reuniclus
|-damage|p2a: Reuniclus|288\/424 psn
|move|p2a: Reuniclus|Calm Mind|p2a: Reuniclus
|-boost|p2a: Reuniclus|spa|1
|-boost|p2a: Reuniclus|spd|1
|
|-weather|RainDance|[upkeep]
|-heal|p1a: Jirachi|353\/404|[from] item: Leftovers
|-heal|p2a: Reuniclus|314\/424 psn|[from] item: Leftovers
|turn|109
|callback|decision
|
|move|p1a: Jirachi|Iron Head|p2a: Reuniclus
|-damage|p2a: Reuniclus|229\/424 psn
|move|p2a: Reuniclus|Recover|p2a: Reuniclus
|-heal|p2a: Reuniclus|424\/424 psn
|
|-weather|RainDance|[upkeep]
|-heal|p1a: Jirachi|378\/404|[from] item: Leftovers
|turn|110
|callback|decision
|
|move|p1a: Jirachi|Iron Head|p2a: Reuniclus
|-damage|p2a: Reuniclus|348\/424 psn
|cant|p2a: Reuniclus|flinch
|
|-weather|RainDance|[upkeep]
|-heal|p1a: Jirachi|403\/404|[from] item: Leftovers
|-heal|p2a: Reuniclus|374\/424 psn|[from] item: Leftovers
|turn|111
|callback|decision
|
|move|p1a: Jirachi|Iron Head|p2a: Reuniclus
|-damage|p2a: Reuniclus|295\/424 psn
|cant|p2a: Reuniclus|flinch
|
|-weather|RainDance|[upkeep]
|-heal|p1a: Jirachi|404\/404|[from] item: Leftovers
|-heal|p2a: Reuniclus|321\/424 psn|[from] item: Leftovers
|turn|112
|callback|decision
|
|move|p1a: Jirachi|Iron Head|p2a: Reuniclus
|-damage|p2a: Reuniclus|231\/424 psn
|cant|p2a: Reuniclus|flinch
|
|-weather|RainDance|[upkeep]
|-heal|p2a: Reuniclus|257\/424 psn|[from] item: Leftovers
|turn|113
|callback|decision
|
|move|p1a: Jirachi|Iron Head|p2a: Reuniclus
|-damage|p2a: Reuniclus|169\/424 psn
|move|p2a: Reuniclus|Recover|p2a: Reuniclus
|-heal|p2a: Reuniclus|381\/424 psn
|
|-weather|RainDance|[upkeep]
|-heal|p2a: Reuniclus|407\/424 psn|[from] item: Leftovers
|turn|114
|callback|decision
|
|switch|p1a: Landorus-Therian|Landorus-Therian, M|203\/369
|-ability|p1a: Landorus-Therian|Intimidate|[of] p2a: Reuniclus
|-unboost|p2a: Reuniclus|atk|1
|move|p2a: Reuniclus|Shadow Ball|p1a: Landorus-Therian
|-damage|p1a: Landorus-Therian|0 fnt
|faint|p1a: Landorus-Therian
|
|-weather|RainDance|[upkeep]
|-heal|p2a: Reuniclus|424\/424 psn|[from] item: Leftovers
|callback|decision
|
|switch|p1a: Kyurem-Black|Kyurem-Black|338\/405
|-ability|p1a: Kyurem-Black|Teravolt
|turn|115
|callback|decision
|
|move|p1a: Kyurem-Black|Ice Beam|p2a: Reuniclus
|-damage|p2a: Reuniclus|349\/424 psn
|move|p2a: Reuniclus|Psyshock|p1a: Kyurem-Black
|-damage|p1a: Kyurem-Black|4\/405
|
|-weather|RainDance|[upkeep]
|-heal|p1a: Kyurem-Black|29\/405|[from] item: Leftovers
|-heal|p2a: Reuniclus|375\/424 psn|[from] item: Leftovers
|turn|116
|callback|decision
|
|move|p1a: Kyurem-Black|Fusion Bolt|p2a: Reuniclus
|-damage|p2a: Reuniclus|264\/424 psn
|move|p2a: Reuniclus|Calm Mind|p2a: Reuniclus
|-boost|p2a: Reuniclus|spa|1
|-boost|p2a: Reuniclus|spd|1
|
|-weather|RainDance|[upkeep]
|-heal|p1a: Kyurem-Black|54\/405|[from] item: Leftovers
|-heal|p2a: Reuniclus|290\/424 psn|[from] item: Leftovers
|turn|117
|callback|decision
|
|move|p1a: Kyurem-Black|Fusion Bolt|p2a: Reuniclus
|-damage|p2a: Reuniclus|182\/424 psn
|move|p2a: Reuniclus|Recover|p2a: Reuniclus
|-heal|p2a: Reuniclus|394\/424 psn
|
|-weather|RainDance|[upkeep]
|-heal|p1a: Kyurem-Black|79\/405|[from] item: Leftovers
|-heal|p2a: Reuniclus|420\/424 psn|[from] item: Leftovers
|turn|118
|callback|decision
|
|move|p1a: Kyurem-Black|Ice Beam|p2a: Reuniclus
|-damage|p2a: Reuniclus|351\/424 psn
|move|p2a: Reuniclus|Psyshock|p1a: Kyurem-Black
|-damage|p1a: Kyurem-Black|0 fnt
|faint|p1a: Kyurem-Black
|
|-weather|RainDance|[upkeep]
|-heal|p2a: Reuniclus|377\/424 psn|[from] item: Leftovers
|callback|decision
|
|switch|p1a: Jirachi|Jirachi|404\/404
|turn|119
|callback|decision
|
|move|p1a: Jirachi|Iron Head|p2a: Reuniclus
|-damage|p2a: Reuniclus|301\/424 psn
|cant|p2a: Reuniclus|flinch
|
|-weather|RainDance|[upkeep]
|-heal|p2a: Reuniclus|327\/424 psn|[from] item: Leftovers
|turn|120
|callback|decision
|
|move|p1a: Jirachi|Iron Head|p2a: Reuniclus
|-damage|p2a: Reuniclus|240\/424 psn
|cant|p2a: Reuniclus|flinch
|
|-weather|RainDance|[upkeep]
|-heal|p2a: Reuniclus|266\/424 psn|[from] item: Leftovers
|turn|121
|callback|decision
|
|move|p1a: Jirachi|Iron Head|p2a: Reuniclus
|-damage|p2a: Reuniclus|185\/424 psn
|move|p2a: Reuniclus|Recover|p2a: Reuniclus
|-heal|p2a: Reuniclus|397\/424 psn
|
|-weather|RainDance|[upkeep]
|-heal|p2a: Reuniclus|423\/424 psn|[from] item: Leftovers
|turn|122
|callback|decision
|-message|femt6 forfeited.
|
|win|AlphonseEl
|raw|Ladder updating...
|leave|femt6
|player|p1
|raw|femt6's rating: 1835 &rarr; <strong>1826<\/strong><br \/>(-9 for losing)
|raw|AlphonseEl's rating: 1872 &rarr; <strong>1889<\/strong><br \/>(+17 for winning)