|join|Q113
|join|DuncanTop3History
|player|p1|Q113|102
|player|p2|DuncanTop3History|92
|gametype|singles
|gen|6
|tier|OU
|rated
|clearpoke
|poke|p1|Swampert, F
|poke|p1|Politoed, F
|poke|p1|Clefable, F
|poke|p1|Manaphy
|poke|p1|Latias, F
|poke|p1|Tornadus-Therian, M
|poke|p2|Metagross
|poke|p2|Keldeo
|poke|p2|Tornadus-Therian, M
|poke|p2|Landorus-Therian, M
|poke|p2|Clefable, M
|poke|p2|Latias, F
|rule|Swagger Clause: Swagger is banned
|rule|Baton Pass Clause: Limit one PokÃ©mon knowing Baton Pass
|rule|Sleep Clause Mod: Limit one foe put to sleep
|rule|Species Clause: Limit one of each PokÃ©mon
|rule|OHKO Clause: OHKO moves are banned
|rule|Moody Clause: Moody is banned
|rule|Evasion Moves Clause: Evasion moves are banned
|rule|Endless Battle Clause: Forcing endless battles is banned
|rule|HP Percentage Mod: HP is shown in percentages
|teampreview
|
|start
|switch|p1a: Clefable|Clefable, F|394\/394
|switch|p2a: Tornadus-Therian|Tornadus-Therian, M|332\/332
|turn|1
|
|switch|p1a: Politoed|Politoed, F|384\/384
|-weather|RainDance
|move|p2a: Tornadus-Therian|U-turn|p1a: Politoed
|-damage|p1a: Politoed|326\/384
|
|switch|p2a: Keldeo|Keldeo|323\/323
|
|-weather|RainDance|[upkeep]
|turn|2
|
|move|p2a: Keldeo|Scald|p1a: Politoed
|-resisted|p1a: Politoed
|-damage|p1a: Politoed|256\/384
|move|p1a: Politoed|Scald|p2a: Keldeo
|-resisted|p2a: Keldeo
|-damage|p2a: Keldeo|247\/323
|-status|p2a: Keldeo|brn
|
|-weather|RainDance|[upkeep]
|-heal|p2a: Keldeo|267\/323 brn|[from] item: Leftovers
|-damage|p2a: Keldeo|227\/323 brn|[from] brn
|turn|3
|
|switch|p1a: Latias|Latias, F|302\/302
|move|p2a: Keldeo|Scald|p1a: Latias
|-resisted|p1a: Latias
|-damage|p1a: Latias|222\/302
|
|-weather|RainDance|[upkeep]
|-heal|p2a: Keldeo|247\/323 brn|[from] item: Leftovers
|-damage|p2a: Keldeo|207\/323 brn|[from] brn
|turn|4
|
|switch|p1a: Swampert|Swampert, F|354\/354
|switch|p2a: Metagross|Metagross|301\/301
|
|-weather|RainDance|[upkeep]
|turn|5
|
|detailschange|p2a: Metagross|Metagross-Mega
|-mega|p2a: Metagross|Metagross|Metagrossite
|detailschange|p1a: Swampert|Swampert-Mega, F
|-mega|p1a: Swampert|Swampert|Swampertite
|move|p2a: Metagross|Zen Headbutt|p1a: Swampert|[miss]
|-miss|p2a: Metagross|p1a: Swampert
|move|p1a: Swampert|Waterfall|p2a: Metagross
|-damage|p2a: Metagross|132\/301
|
|-weather|RainDance|[upkeep]
|turn|6
|
|switch|p2a: Landorus-Therian|Landorus-Therian, M|381\/381
|-ability|p2a: Landorus-Therian|Intimidate|[of] p1a: Swampert
|-unboost|p1a: Swampert|atk|1
|move|p1a: Swampert|Waterfall|p2a: Landorus-Therian
|-supereffective|p2a: Landorus-Therian
|-damage|p2a: Landorus-Therian|115\/381
|
|-weather|RainDance|[upkeep]
|-heal|p2a: Landorus-Therian|138\/381|[from] item: Leftovers
|turn|7
|
|switch|p2a: Latias|Latias, F|319\/319
|move|p1a: Swampert|Waterfall|p2a: Latias
|-resisted|p2a: Latias
|-damage|p2a: Latias|218\/319
|
|-weather|RainDance|[upkeep]
|turn|8
|
|move|p1a: Swampert|Ice Punch|p2a: Latias
|-supereffective|p2a: Latias
|-damage|p2a: Latias|50\/319
|move|p2a: Latias|Draco Meteor|p1a: Swampert
|-damage|p1a: Swampert|134\/354
|-unboost|p2a: Latias|spa|2
|-damage|p2a: Latias|19\/319|[from] item: Life Orb
|
|-weather|none
|turn|9
|
|switch|p2a: Tornadus-Therian|Tornadus-Therian, M|332\/332
|switch|p1a: Politoed|Politoed, F|256\/384
|-weather|RainDance
|
|-weather|RainDance|[upkeep]
|turn|10
|
|move|p2a: Tornadus-Therian|Hurricane|p1a: Politoed
|-damage|p1a: Politoed|139\/384
|move|p1a: Politoed|Scald|p2a: Tornadus-Therian
|-damage|p2a: Tornadus-Therian|245\/332
|-status|p2a: Tornadus-Therian|brn
|
|-weather|RainDance|[upkeep]
|-damage|p2a: Tornadus-Therian|204\/332 brn|[from] brn
|turn|11
|
|move|p2a: Tornadus-Therian|Hurricane|p1a: Politoed
|-damage|p1a: Politoed|28\/384
|move|p1a: Politoed|Scald|p2a: Tornadus-Therian
|-damage|p2a: Tornadus-Therian|117\/332 brn
|
|-weather|RainDance|[upkeep]
|-damage|p2a: Tornadus-Therian|76\/332 brn|[from] brn
|turn|12
|
|switch|p1a: Tornadus-Therian|Tornadus-Therian, M|361\/361
|move|p2a: Tornadus-Therian|U-turn|p1a: Tornadus-Therian
|-resisted|p1a: Tornadus-Therian
|-damage|p1a: Tornadus-Therian|345\/361
|
|switch|p2a: Clefable|Clefable, M|394\/394
|
|-weather|RainDance|[upkeep]
|turn|13
|
|move|p1a: Tornadus-Therian|Knock Off|p2a: Clefable
|-resisted|p2a: Clefable
|-damage|p2a: Clefable|356\/394
|-enditem|p2a: Clefable|Leftovers|[from] move: Knock Off|[of] p1a: Tornadus-Therian
|move|p2a: Clefable|Soft-Boiled|p2a: Clefable
|-heal|p2a: Clefable|394\/394
|
|-weather|RainDance|[upkeep]
|turn|14
|
|move|p1a: Tornadus-Therian|Hurricane|p2a: Clefable
|-damage|p2a: Clefable|259\/394
|-start|p2a: Clefable|confusion
|-activate|p2a: Clefable|confusion
|-damage|p2a: Clefable|235\/394|[from] confusion
|
|-weather|RainDance|[upkeep]
|turn|15
|
|move|p1a: Tornadus-Therian|Hurricane|p2a: Clefable
|-damage|p2a: Clefable|109\/394
|-activate|p2a: Clefable|confusion
|-damage|p2a: Clefable|87\/394|[from] confusion
|
|-weather|RainDance|[upkeep]
|turn|16
|c|âDuncanTop3History|hax me more
|c|âDuncanTop3History|lol
|c|âQ113|fuck you
|
|switch|p2a: Tornadus-Therian|Tornadus-Therian, M|186\/332 brn
|move|p1a: Tornadus-Therian|Hurricane|p2a: Tornadus-Therian
|-damage|p2a: Tornadus-Therian|89\/332 brn
|
|-weather|none
|-damage|p2a: Tornadus-Therian|48\/332 brn|[from] brn
|turn|17
|
|move|p1a: Tornadus-Therian|Knock Off|p2a: Tornadus-Therian
|-damage|p2a: Tornadus-Therian|0 fnt
|-enditem|p2a: Tornadus-Therian|Assault Vest|[from] move: Knock Off|[of] p1a: Tornadus-Therian
|faint|p2a: Tornadus-Therian
|
|c|âDuncanTop3History|yeah speed tie now
|
|switch|p2a: Landorus-Therian|Landorus-Therian, M|138\/381
|-ability|p2a: Landorus-Therian|Intimidate|[of] p1a: Tornadus-Therian
|-unboost|p1a: Tornadus-Therian|atk|1
|turn|18
|
|switch|p1a: Politoed|Politoed, F|28\/384
|-weather|RainDance
|move|p2a: Landorus-Therian|Stealth Rock|p1a: Politoed
|-sidestart|p1: Q113|move: Stealth Rock
|
|-weather|RainDance|[upkeep]
|-heal|p2a: Landorus-Therian|161\/381|[from] item: Leftovers
|turn|19
|
|move|p2a: Landorus-Therian|U-turn|p1a: Politoed
|-damage|p1a: Politoed|0 fnt
|faint|p1a: Politoed
|
|switch|p2a: Keldeo|Keldeo|207\/323 brn
|
|-weather|RainDance|[upkeep]
|-heal|p2a: Keldeo|227\/323 brn|[from] item: Leftovers
|-damage|p2a: Keldeo|187\/323 brn|[from] brn
|
|switch|p1a: Swampert|Swampert-Mega, F|134\/354
|-damage|p1a: Swampert|112\/354|[from] Stealth Rock
|turn|20
|
|switch|p2a: Landorus-Therian|Landorus-Therian, M|161\/381
|-ability|p2a: Landorus-Therian|Intimidate|[of] p1a: Swampert
|-unboost|p1a: Swampert|atk|1
|move|p1a: Swampert|Earthquake|p2a: Landorus-Therian
|-immune|p2a: Landorus-Therian|[msg]
|
|-weather|RainDance|[upkeep]
|-heal|p2a: Landorus-Therian|184\/381|[from] item: Leftovers
|turn|21
|
|switch|p2a: Clefable|Clefable, M|87\/394
|move|p1a: Swampert|Waterfall|p2a: Clefable
|-damage|p2a: Clefable|0 fnt
|faint|p2a: Clefable
|
|-weather|RainDance|[upkeep]
|
|switch|p2a: Landorus-Therian|Landorus-Therian, M|184\/381
|-ability|p2a: Landorus-Therian|Intimidate|[of] p1a: Swampert
|-unboost|p1a: Swampert|atk|1
|turn|22
|
|move|p1a: Swampert|Ice Punch|p2a: Landorus-Therian
|-supereffective|p2a: Landorus-Therian
|-damage|p2a: Landorus-Therian|4\/381
|-status|p2a: Landorus-Therian|frz
|cant|p2a: Landorus-Therian|frz
|
|-weather|RainDance|[upkeep]
|-heal|p2a: Landorus-Therian|27\/381 frz|[from] item: Leftovers
|turn|23
|c|âDuncanTop3History|xddddddddddddddd
|
|move|p1a: Swampert|Waterfall|p2a: Landorus-Therian
|-supereffective|p2a: Landorus-Therian
|-damage|p2a: Landorus-Therian|0 fnt
|faint|p2a: Landorus-Therian
|
|-weather|RainDance|[upkeep]
|
|switch|p2a: Keldeo|Keldeo|187\/323 brn
|turn|24
|
|switch|p1a: Latias|Latias, F|222\/302
|-damage|p1a: Latias|185\/302|[from] Stealth Rock
|move|p2a: Keldeo|Scald|p1a: Latias
|-resisted|p1a: Latias
|-damage|p1a: Latias|107\/302
|
|-weather|RainDance|[upkeep]
|-heal|p2a: Keldeo|207\/323 brn|[from] item: Leftovers
|-damage|p2a: Keldeo|167\/323 brn|[from] brn
|turn|25
|
|move|p1a: Latias|Healing Wish|p1a: Latias
|faint|p1a: Latias
|move|p2a: Keldeo|Scald|p1: Latias|[notarget]
|-notarget
|
|-weather|none
|-heal|p2a: Keldeo|187\/323 brn|[from] item: Leftovers
|-damage|p2a: Keldeo|147\/323 brn|[from] brn
|
|switch|p1a: Swampert|Swampert-Mega, F|112\/354
|-heal|p1a: Swampert|354\/354|[from] move: Healing Wish
|-damage|p1a: Swampert|332\/354|[from] Stealth Rock
|turn|26
|
|switch|p1a: Tornadus-Therian|Tornadus-Therian, M|361\/361
|-damage|p1a: Tornadus-Therian|271\/361|[from] Stealth Rock
|move|p2a: Keldeo|Scald|p1a: Tornadus-Therian
|-damage|p1a: Tornadus-Therian|129\/361
|
|-heal|p2a: Keldeo|167\/323 brn|[from] item: Leftovers
|-damage|p2a: Keldeo|127\/323 brn|[from] brn
|turn|27
|
|move|p1a: Tornadus-Therian|Rain Dance|p1a: Tornadus-Therian
|-weather|RainDance
|move|p2a: Keldeo|Scald|p1a: Tornadus-Therian
|-damage|p1a: Tornadus-Therian|0 fnt
|faint|p1a: Tornadus-Therian
|
|-weather|RainDance|[upkeep]
|-heal|p2a: Keldeo|147\/323 brn|[from] item: Leftovers
|-damage|p2a: Keldeo|107\/323 brn|[from] brn
|
|switch|p1a: Swampert|Swampert-Mega, F|332\/354
|-damage|p1a: Swampert|310\/354|[from] Stealth Rock
|turn|28
|
|move|p1a: Swampert|Waterfall|p2a: Keldeo
|-resisted|p2a: Keldeo
|-damage|p2a: Keldeo|0 fnt
|faint|p2a: Keldeo
|
|-weather|RainDance|[upkeep]
|
|switch|p2a: Latias|Latias, F|19\/319
|turn|29
|
|move|p1a: Swampert|Waterfall|p2a: Latias
|-resisted|p2a: Latias
|-damage|p2a: Latias|0 fnt
|faint|p2a: Latias
|
|-weather|RainDance|[upkeep]
|
|switch|p2a: Metagross|Metagross-Mega|132\/301
|turn|30
|
|move|p1a: Swampert|Waterfall|p2a: Metagross
|-crit|p2a: Metagross
|-damage|p2a: Metagross|0 fnt
|faint|p2a: Metagross
|
|win|Q113
|raw|Ladder updating...
|raw|Q113's rating: 1539 &rarr; <strong>1556<\/strong><br \/>(+17 for winning)
|raw|DuncanTop3History's rating: 1485 &rarr; <strong>1468<\/strong><br \/>(-17 for losing)
|c|âDuncanTop3History|yeahbe proud of this victory
|c|âDuncanTop3History|so skilled
|c|âQ113|niggger