|join|qc2chd
|join|ferwara
|player|p1|qc2chd|105
|player|p2|ferwara|266
|gametype|singles
|gen|6
|tier|OU
|rated
|clearpoke
|poke|p1|Metagross
|poke|p1|Landorus-Therian, M
|poke|p1|Bisharp, F
|poke|p1|Keldeo-Resolute
|poke|p1|Garchomp, M
|poke|p1|Klefki, F
|poke|p2|Breloom, M
|poke|p2|Whimsicott, F
|poke|p2|Tyranitar, F
|poke|p2|Smeargle, M
|poke|p2|Espeon, M
|poke|p2|Excadrill, F
|rule|Swagger Clause: Swagger is banned
|rule|Baton Pass Clause: Limit one PokÃ©mon knowing Baton Pass
|rule|Sleep Clause Mod: Limit one foe put to sleep
|rule|Species Clause: Limit one of each PokÃ©mon
|rule|OHKO Clause: OHKO moves are banned
|rule|Moody Clause: Moody is banned
|rule|Evasion Moves Clause: Evasion moves are banned
|rule|Endless Battle Clause: Forcing endless battles is banned
|rule|HP Percentage Mod: HP is shown in percentages
|teampreview
|
|start
|switch|p1a: Klefki|Klefki, F|317\/317
|switch|p2a: Whimsicott|Whimsicott, F|324\/324
|turn|1
|
|move|p2a: Whimsicott|Taunt|p1a: Klefki
|-start|p1a: Klefki|move: Taunt
|cant|p1a: Klefki|move: Taunt|Thunder Wave
|
|turn|2
|
|switch|p1a: Metagross|Metagross|301\/301
|move|p2a: Whimsicott|Tailwind|p2a: Whimsicott
|-sidestart|p2: ferwara|move: Tailwind
|
|turn|3
|
|switch|p1a: Bisharp|Bisharp, F|271\/271
|move|p2a: Whimsicott|Memento|p1a: Bisharp
|-unboost|p1a: Bisharp|atk|2
|-boost|p1a: Bisharp|atk|2|[from] ability: Defiant
|-unboost|p1a: Bisharp|spa|2
|-boost|p1a: Bisharp|atk|2|[from] ability: Defiant
|faint|p2a: Whimsicott
|
|
|switch|p2a: Breloom|Breloom, M|262\/262
|turn|4
|
|switch|p1a: Landorus-Therian|Landorus-Therian, M|381\/381
|-ability|p1a: Landorus-Therian|Intimidate|[of] p2a: Breloom
|-unboost|p2a: Breloom|atk|1
|move|p2a: Breloom|Spore|p1a: Landorus-Therian
|-status|p1a: Landorus-Therian|slp
|
|turn|5
|
|switch|p2a: Smeargle|Smeargle, M|314\/314
|switch|p1a: Metagross|Metagross|301\/301
|
|-sideend|p2: ferwara|move: Tailwind
|turn|6
|
|detailschange|p1a: Metagross|Metagross-Mega
|message|Metagross has Mega Evolved into Mega Metagross!
|move|p1a: Metagross|Hammer Arm|p2a: Smeargle
|-supereffective|p2a: Smeargle
|-damage|p2a: Smeargle|0 fnt
|-unboost|p1a: Metagross|spe|1
|faint|p2a: Smeargle
|
|-message|ferwara forfeited.
|
|win|qc2chd
|raw|Ladder updating...
|leave|ferwara
|player|p2
|raw|qc2chd's rating: 1482 &rarr; <strong>1503<\/strong><br \/>(+21 for winning)
|raw|ferwara's rating: 1505 &rarr; <strong>1483<\/strong><br \/>(-22 for losing)