|join|Sergikito
|join|ferwara
|player|p1|Sergikito|293
|player|p2|ferwara|170
|gametype|singles
|gen|6
|tier|OU
|rated
|clearpoke
|poke|p1|Rotom-Heat
|poke|p1|Blissey, F
|poke|p1|Porygon2
|poke|p1|Espeon, M
|poke|p1|Landorus-Therian, M
|poke|p1|Blastoise, F
|poke|p2|Ferrothorn, F
|poke|p2|Landorus-Therian, M
|poke|p2|Chansey, F
|poke|p2|Gengar, M, shiny
|poke|p2|Politoed, F
|poke|p2|Jolteon, F
|rule|Baton Pass Clause: Limit 3 pokemon knowing Baton Pass
|rule|Sleep Clause Mod: Limit one foe put to sleep
|rule|Species Clause: Limit one of each Pokemon
|rule|OHKO Clause: OHKO moves are banned
|rule|Moody Clause: Moody is banned
|rule|Evasion Moves Clause: Evasion moves are banned
|rule|Endless Battle Clause: Forcing endless battles is banned
|rule|HP Percentage Mod: HP is reported as percentages
|teampreview
|chat|Sergikito|hi
|chat|ferwara|hi gl
|
|start
|switch|p1a: Rotom-Heat|Rotom-Heat|262\/262
|switch|p2a: Jolteon|Jolteon, F|272\/272
|turn|1
|
|switch|p1a: Landorus-Therian|Landorus-Therian, M|333\/333
|-ability|p1a: Landorus-Therian|Intimidate|[of] p2a: Jolteon
|-unboost|p2a: Jolteon|atk|1
|move|p2a: Jolteon|Volt Switch|p1a: Landorus-Therian
|-immune|p1a: Landorus-Therian|[msg]
|
|turn|2
|
|switch|p2a: Politoed|Politoed, F|384\/384
|-weather|RainDance
|switch|p1a: Blissey|Blissey, F|652\/652
|
|-weather|RainDance|[upkeep]
|turn|3
|
|switch|p2a: Ferrothorn|Ferrothorn, F|352\/352
|move|p1a: Blissey|Toxic|p2a: Ferrothorn
|-fail|p2a: Ferrothorn
|
|-weather|RainDance|[upkeep]
|turn|4
|
|switch|p1a: Rotom-Heat|Rotom-Heat|262\/262
|move|p2a: Ferrothorn|Leech Seed|p1a: Rotom-Heat
|-start|p1a: Rotom-Heat|move: Leech Seed
|
|-weather|RainDance|[upkeep]
|-damage|p1a: Rotom-Heat|230\/262|[from] Leech Seed|[of] p2a: Ferrothorn
|turn|5
|
|move|p2a: Ferrothorn|Protect|p2a: Ferrothorn
|-singleturn|p2a: Ferrothorn|Protect
|move|p1a: Rotom-Heat|Overheat|p2a: Ferrothorn
|-activate|p2a: Ferrothorn|Protect
|
|-weather|RainDance|[upkeep]
|-damage|p1a: Rotom-Heat|198\/262|[from] Leech Seed|[of] p2a: Ferrothorn
|turn|6
|
|switch|p1a: Espeon|Espeon, M|301\/301
|switch|p2a: Chansey|Chansey, F|642\/642
|
|-weather|none
|turn|7
|
|switch|p1a: Landorus-Therian|Landorus-Therian, M|333\/333
|-ability|p1a: Landorus-Therian|Intimidate|[of] p2a: Chansey
|-unboost|p2a: Chansey|atk|1
|move|p2a: Chansey|Wish|p2a: Chansey
|
|turn|8
|
|switch|p2a: Landorus-Therian|Landorus-Therian, M|320\/320
|-ability|p2a: Landorus-Therian|Intimidate|[of] p1a: Landorus-Therian
|-unboost|p1a: Landorus-Therian|atk|1
|move|p1a: Landorus-Therian|Earthquake|p2a: Landorus-Therian
|-immune|p2a: Landorus-Therian|[msg]
|
|turn|9
|
|switch|p1a: Porygon2|Porygon2|358\/358
|-boost|p1a: Porygon2|spa|1|[from] ability: Download
|move|p2a: Landorus-Therian|U-turn|p1a: Porygon2
|-damage|p1a: Porygon2|310\/358
|
|switch|p2a: Chansey|Chansey, F|642\/642
|
|turn|10
|
|switch|p1a: Blastoise|Blastoise, F|301\/301
|move|p2a: Chansey|Wish|p2a: Chansey
|
|turn|11
|
|detailschange|p1a: Blastoise|Blastoise-Mega, F
|message|Blastoise has Mega Evolved into Mega Blastoise!
|move|p1a: Blastoise|Aura Sphere|p2a: Chansey
|-supereffective|p2a: Chansey
|-damage|p2a: Chansey|484\/642
|move|p2a: Chansey|Toxic|p1a: Blastoise
|-status|p1a: Blastoise|tox
|
|-heal|p2a: Chansey|642\/642|[from] move: Wish|[wisher] Chansey
|-damage|p1a: Blastoise|283\/301 tox|[from] psn
|turn|12
|
|switch|p1a: Blissey|Blissey, F|652\/652
|move|p2a: Chansey|Wish|p2a: Chansey
|
|turn|13
|
|switch|p2a: Ferrothorn|Ferrothorn, F|352\/352
|move|p1a: Blissey|Heal Bell|p1a: Blissey
|-cureteam|p1a: Blissey|[from] move: HealBell
|
|turn|14
|
|switch|p1a: Espeon|Espeon, M|301\/301
|move|p2a: Ferrothorn|Stealth Rock|p1a: Espeon
|move|p1a: Espeon|Stealth Rock|p2a: Ferrothorn|[from]Magic Bounce
|-sidestart|p2: ferwara|move: Stealth Rock
|
|turn|15
|
|move|p1a: Espeon|Reflect|p1a: Espeon
|-sidestart|p1: Sergikito|Reflect
|move|p2a: Ferrothorn|Gyro Ball|p1a: Espeon
|-crit|p1a: Espeon
|-damage|p1a: Espeon|46\/301
|-enditem|p1a: Espeon|Kee Berry|[eat]
|-boost|p1a: Espeon|def|1|[from] item: Kee Berry
|
|turn|16
|
|move|p1a: Espeon|Morning Sun|p1a: Espeon
|-heal|p1a: Espeon|196\/301
|move|p2a: Ferrothorn|Gyro Ball|p1a: Espeon
|-damage|p1a: Espeon|136\/301
|
|turn|17
|
|switch|p2a: Gengar|Gengar, M, shiny|262\/262
|-damage|p2a: Gengar|230\/262|[from] Stealth Rock
|move|p1a: Espeon|Morning Sun|p1a: Espeon
|-heal|p1a: Espeon|286\/301
|
|turn|18
|
|switch|p1a: Porygon2|Porygon2|310\/358
|-boost|p1a: Porygon2|atk|1|[from] ability: Download
|move|p2a: Gengar|Substitute|p2a: Gengar
|-start|p2a: Gengar|Substitute
|-damage|p2a: Gengar|165\/262
|
|turn|19
|
|move|p2a: Gengar|Pain Split|p1a: Porygon2
|-sethp|p1a: Porygon2|237\/358|p2a: Gengar|237\/262|[from] move: Pain Split
|move|p1a: Porygon2|Ice Beam|p2a: Gengar
|-end|p2a: Gengar|Substitute
|
|-sideend|p1: Sergikito|Reflect
|turn|20
|
|switch|p2a: Ferrothorn|Ferrothorn, F|352\/352
|-damage|p2a: Ferrothorn|330\/352|[from] Stealth Rock
|move|p1a: Porygon2|Thunder Wave|p2a: Ferrothorn
|-status|p2a: Ferrothorn|par
|
|turn|21
|
|switch|p1a: Espeon|Espeon, M|286\/301
|move|p2a: Ferrothorn|Stealth Rock|p1a: Espeon
|move|p1a: Espeon|Stealth Rock|p2a: Ferrothorn|[from]Magic Bounce
|-fail|p2a: Ferrothorn
|
|turn|22
|
|move|p1a: Espeon|Reflect|p1a: Espeon
|-sidestart|p1: Sergikito|Reflect
|move|p2a: Ferrothorn|Gyro Ball|p1a: Espeon
|-damage|p1a: Espeon|190\/301
|
|turn|23
|
|switch|p2a: Gengar|Gengar, M, shiny|237\/262
|-damage|p2a: Gengar|205\/262|[from] Stealth Rock
|move|p1a: Espeon|Calm Mind|p1a: Espeon
|-boost|p1a: Espeon|spa|1
|-boost|p1a: Espeon|spd|1
|
|turn|24
|
|switch|p1a: Blastoise|Blastoise-Mega, F|283\/301
|move|p2a: Gengar|Substitute|p2a: Gengar
|-start|p2a: Gengar|Substitute
|-damage|p2a: Gengar|140\/262
|
|turn|25
|
|move|p2a: Gengar|Shadow Ball|p1a: Blastoise
|-damage|p1a: Blastoise|149\/301
|-damage|p2a: Gengar|114\/262|[from] item: Life Orb
|move|p1a: Blastoise|Scald|p2a: Gengar
|-crit|p2a: Gengar
|-end|p2a: Gengar|Substitute
|
|turn|26
|
|switch|p2a: Chansey|Chansey, F|642\/642
|-damage|p2a: Chansey|562\/642|[from] Stealth Rock
|move|p1a: Blastoise|Dark Pulse|p2a: Chansey
|-crit|p2a: Chansey
|-damage|p2a: Chansey|440\/642
|
|-sideend|p1: Sergikito|Reflect
|turn|27
|
|switch|p1a: Espeon|Espeon, M|190\/301
|move|p2a: Chansey|Wish|p2a: Chansey
|
|turn|28
|
|move|p1a: Espeon|Morning Sun|p1a: Espeon
|-heal|p1a: Espeon|301\/301
|move|p2a: Chansey|Seismic Toss|p1a: Espeon
|-damage|p1a: Espeon|201\/301
|
|-heal|p2a: Chansey|642\/642|[from] move: Wish|[wisher] Chansey
|turn|29
|
|move|p1a: Espeon|Reflect|p1a: Espeon
|-sidestart|p1: Sergikito|Reflect
|move|p2a: Chansey|Wish|p2a: Chansey
|
|turn|30
|
|switch|p2a: Gengar|Gengar, M, shiny|114\/262
|-damage|p2a: Gengar|82\/262|[from] Stealth Rock
|move|p1a: Espeon|Morning Sun|p1a: Espeon
|-heal|p1a: Espeon|301\/301
|
|-heal|p2a: Gengar|262\/262|[from] move: Wish|[wisher] Chansey
|turn|31
|
|switch|p1a: Blastoise|Blastoise-Mega, F|149\/301
|move|p2a: Gengar|Shadow Ball|p1a: Blastoise
|-damage|p1a: Blastoise|5\/301
|-damage|p2a: Gengar|236\/262|[from] item: Life Orb
|
|turn|32
|
|move|p2a: Gengar|Shadow Ball|p1a: Blastoise
|-damage|p1a: Blastoise|0 fnt
|-damage|p2a: Gengar|210\/262|[from] item: Life Orb
|faint|p1a: Blastoise
|
|
|switch|p1a: Blissey|Blissey, F|652\/652
|turn|33
|
|move|p2a: Gengar|Substitute|p2a: Gengar
|-start|p2a: Gengar|Substitute
|-damage|p2a: Gengar|145\/262
|move|p1a: Blissey|Wish|p1a: Blissey
|
|-sideend|p1: Sergikito|Reflect
|turn|34
|
|switch|p1a: Rotom-Heat|Rotom-Heat|198\/262
|move|p2a: Gengar|Pain Split|p1a: Rotom-Heat
|-sethp|p1a: Rotom-Heat|171\/262|p2a: Gengar|171\/262|[from] move: Pain Split
|
|-heal|p1a: Rotom-Heat|262\/262|[from] move: Wish|[wisher] Blissey
|turn|35
|
|move|p1a: Rotom-Heat|Volt Switch|p2a: Gengar
|-end|p2a: Gengar|Substitute
|
|switch|p1a: Porygon2|Porygon2|237\/358
|-boost|p1a: Porygon2|atk|1|[from] ability: Download
|move|p2a: Gengar|Shadow Ball|p1a: Porygon2
|-immune|p1a: Porygon2|[msg]
|
|turn|36
|
|switch|p2a: Ferrothorn|Ferrothorn, F|330\/352 par
|-damage|p2a: Ferrothorn|308\/352 par|[from] Stealth Rock
|move|p1a: Porygon2|Thunder Wave|p2a: Ferrothorn
|-fail|p2a: Ferrothorn|par
|
|turn|37
|
|switch|p1a: Espeon|Espeon, M|301\/301
|move|p2a: Ferrothorn|Gyro Ball|p1a: Espeon
|-damage|p1a: Espeon|133\/301
|
|turn|38
|
|switch|p2a: Landorus-Therian|Landorus-Therian, M|320\/320
|-damage|p2a: Landorus-Therian|280\/320|[from] Stealth Rock
|-ability|p2a: Landorus-Therian|Intimidate|[of] p1a: Espeon
|-unboost|p1a: Espeon|atk|1
|move|p1a: Espeon|Reflect|p1a: Espeon
|-sidestart|p1: Sergikito|Reflect
|
|turn|39
|
|switch|p1a: Landorus-Therian|Landorus-Therian, M|333\/333
|-ability|p1a: Landorus-Therian|Intimidate|[of] p2a: Landorus-Therian
|-unboost|p2a: Landorus-Therian|atk|1
|move|p2a: Landorus-Therian|U-turn|p1a: Landorus-Therian
|-resisted|p1a: Landorus-Therian
|-damage|p1a: Landorus-Therian|318\/333
|
|switch|p2a: Politoed|Politoed, F|384\/384
|-damage|p2a: Politoed|336\/384|[from] Stealth Rock
|-weather|RainDance
|
|-weather|RainDance|[upkeep]
|-heal|p1a: Landorus-Therian|333\/333|[from] item: Leftovers
|turn|40
|
|move|p1a: Landorus-Therian|U-turn|p2a: Politoed
|-damage|p2a: Politoed|235\/384
|
|switch|p1a: Blissey|Blissey, F|652\/652
|move|p2a: Politoed|Scald|p1a: Blissey
|-damage|p1a: Blissey|502\/652
|-status|p1a: Blissey|brn
|
|-weather|RainDance|[upkeep]
|-heal|p1a: Blissey|542\/652 brn|[from] item: Leftovers
|-damage|p1a: Blissey|461\/652 brn|[from] brn
|turn|41
|
|move|p2a: Politoed|Scald|p1a: Blissey
|-damage|p1a: Blissey|308\/652 brn
|move|p1a: Blissey|Wish|p1a: Blissey
|
|-weather|RainDance|[upkeep]
|-heal|p1a: Blissey|348\/652 brn|[from] item: Leftovers
|-damage|p1a: Blissey|267\/652 brn|[from] brn
|turn|42
|
|move|p2a: Politoed|Scald|p1a: Blissey
|-damage|p1a: Blissey|99\/652 brn
|move|p1a: Blissey|Toxic|p2a: Politoed
|-status|p2a: Politoed|tox
|
|-weather|RainDance|[upkeep]
|-heal|p1a: Blissey|425\/652 brn|[from] move: Wish|[wisher] Blissey
|-heal|p1a: Blissey|465\/652 brn|[from] item: Leftovers
|-damage|p2a: Politoed|211\/384 tox|[from] psn
|-damage|p1a: Blissey|384\/652 brn|[from] brn
|-sideend|p1: Sergikito|Reflect
|turn|43
|
|move|p2a: Politoed|Scald|p1a: Blissey
|-damage|p1a: Blissey|216\/652 brn
|move|p1a: Blissey|Wish|p1a: Blissey
|
|-weather|none
|-heal|p1a: Blissey|256\/652 brn|[from] item: Leftovers
|-damage|p2a: Politoed|163\/384 tox|[from] psn
|-damage|p1a: Blissey|175\/652 brn|[from] brn
|turn|44
|
|move|p2a: Politoed|Scald|p1a: Blissey
|-damage|p1a: Blissey|75\/652 brn
|move|p1a: Blissey|Heal Bell|p1a: Blissey
|-cureteam|p1a: Blissey|[from] move: HealBell
|
|-heal|p1a: Blissey|401\/652|[from] move: Wish|[wisher] Blissey
|-heal|p1a: Blissey|441\/652|[from] item: Leftovers
|-damage|p2a: Politoed|91\/384 tox|[from] psn
|turn|45
|
|switch|p2a: Chansey|Chansey, F|642\/642
|-damage|p2a: Chansey|562\/642|[from] Stealth Rock
|move|p1a: Blissey|Wish|p1a: Blissey
|
|-heal|p1a: Blissey|481\/652|[from] item: Leftovers
|turn|46
|
|switch|p1a: Espeon|Espeon, M|133\/301
|move|p2a: Chansey|Wish|p2a: Chansey
|
|-heal|p1a: Espeon|301\/301|[from] move: Wish|[wisher] Blissey
|turn|47
|
|switch|p1a: Rotom-Heat|Rotom-Heat|262\/262
|move|p2a: Chansey|Heal Bell|p2a: Chansey
|-cureteam|p2a: Chansey|[from] move: HealBell
|
|-heal|p2a: Chansey|642\/642|[from] move: Wish|[wisher] Chansey
|turn|48
|
|switch|p2a: Landorus-Therian|Landorus-Therian, M|280\/320
|-damage|p2a: Landorus-Therian|240\/320|[from] Stealth Rock
|-ability|p2a: Landorus-Therian|Intimidate|[of] p1a: Rotom-Heat
|-unboost|p1a: Rotom-Heat|atk|1
|move|p1a: Rotom-Heat|Trick|p2a: Landorus-Therian
|-activate|p1a: Rotom-Heat|move: Trick|[of] p2a: Landorus-Therian
|-item|p2a: Landorus-Therian|Choice Scarf|[from] move: Trick
|-item|p1a: Rotom-Heat|Choice Scarf|[from] move: Trick
|
|turn|49
|
|move|p2a: Landorus-Therian|U-turn|p1a: Rotom-Heat
|-resisted|p1a: Rotom-Heat
|-damage|p1a: Rotom-Heat|216\/262
|
|switch|p2a: Jolteon|Jolteon, F|272\/272
|-damage|p2a: Jolteon|238\/272|[from] Stealth Rock
|move|p1a: Rotom-Heat|Will-O-Wisp|p2a: Jolteon
|-status|p2a: Jolteon|brn
|
|-damage|p2a: Jolteon|204\/272 brn|[from] brn
|turn|50
|
|switch|p1a: Blissey|Blissey, F|481\/652
|move|p2a: Jolteon|Hidden Power|p1a: Blissey
|-damage|p1a: Blissey|446\/652
|
|-heal|p1a: Blissey|486\/652|[from] item: Leftovers
|-damage|p2a: Jolteon|170\/272 brn|[from] brn
|turn|51
|
|switch|p2a: Chansey|Chansey, F|642\/642
|-damage|p2a: Chansey|562\/642|[from] Stealth Rock
|move|p1a: Blissey|Wish|p1a: Blissey
|
|-heal|p1a: Blissey|526\/652|[from] item: Leftovers
|turn|52
|
|move|p1a: Blissey|Toxic|p2a: Chansey
|-status|p2a: Chansey|tox
|move|p2a: Chansey|Heal Bell|p2a: Chansey
|-cureteam|p2a: Chansey|[from] move: HealBell
|
|-heal|p1a: Blissey|652\/652|[from] move: Wish|[wisher] Blissey
|turn|53
|
|switch|p1a: Rotom-Heat|Rotom-Heat|216\/262
|move|p2a: Chansey|Wish|p2a: Chansey
|
|turn|54
|
|switch|p2a: Politoed|Politoed, F|91\/384
|-damage|p2a: Politoed|43\/384|[from] Stealth Rock
|-weather|RainDance
|move|p1a: Rotom-Heat|Will-O-Wisp|p2a: Politoed
|-status|p2a: Politoed|brn
|
|-weather|RainDance|[upkeep]
|-heal|p2a: Politoed|364\/384 brn|[from] move: Wish|[wisher] Chansey
|-damage|p2a: Politoed|316\/384 brn|[from] brn
|turn|55
|
|switch|p1a: Blissey|Blissey, F|652\/652
|switch|p2a: Chansey|Chansey, F|562\/642
|-damage|p2a: Chansey|482\/642|[from] Stealth Rock
|
|-weather|RainDance|[upkeep]
|turn|56
|
|switch|p1a: Landorus-Therian|Landorus-Therian, M|333\/333
|-ability|p1a: Landorus-Therian|Intimidate|[of] p2a: Chansey
|-unboost|p2a: Chansey|atk|1
|move|p2a: Chansey|Wish|p2a: Chansey
|
|-weather|RainDance|[upkeep]
|turn|57
|
|switch|p2a: Landorus-Therian|Landorus-Therian, M|240\/320
|-damage|p2a: Landorus-Therian|200\/320|[from] Stealth Rock
|-ability|p2a: Landorus-Therian|Intimidate|[of] p1a: Landorus-Therian
|-unboost|p1a: Landorus-Therian|atk|1
|move|p1a: Landorus-Therian|Rock Slide|p2a: Landorus-Therian
|-damage|p2a: Landorus-Therian|134\/320
|
|-weather|RainDance|[upkeep]
|-heal|p2a: Landorus-Therian|320\/320|[from] move: Wish|[wisher] Chansey
|turn|58
|
|move|p2a: Landorus-Therian|U-turn|p1a: Landorus-Therian
|-resisted|p1a: Landorus-Therian
|-damage|p1a: Landorus-Therian|284\/333
|
|switch|p2a: Ferrothorn|Ferrothorn, F|308\/352
|-damage|p2a: Ferrothorn|286\/352|[from] Stealth Rock
|move|p1a: Landorus-Therian|U-turn|p2a: Ferrothorn
|-damage|p2a: Ferrothorn|252\/352
|-damage|p1a: Landorus-Therian|243\/333|[from] ability: Iron Barbs|[of] p2a: Ferrothorn
|-damage|p1a: Landorus-Therian|188\/333|[from] item: Rocky Helmet|[of] p2a: Ferrothorn
|
|switch|p1a: Espeon|Espeon, M|301\/301
|
|-weather|none
|turn|59
|
|move|p1a: Espeon|Reflect|p1a: Espeon
|-sidestart|p1: Sergikito|Reflect
|move|p2a: Ferrothorn|Gyro Ball|p1a: Espeon
|-damage|p1a: Espeon|217\/301
|
|turn|60
|
|switch|p2a: Gengar|Gengar, M, shiny|171\/262
|-damage|p2a: Gengar|139\/262|[from] Stealth Rock
|move|p1a: Espeon|Calm Mind|p1a: Espeon
|-boost|p1a: Espeon|spa|1
|-boost|p1a: Espeon|spd|1
|
|turn|61
|
|switch|p1a: Blissey|Blissey, F|652\/652
|move|p2a: Gengar|Substitute|p2a: Gengar
|-start|p2a: Gengar|Substitute
|-damage|p2a: Gengar|74\/262
|
|turn|62
|
|move|p2a: Gengar|Pain Split|p1a: Blissey
|-sethp|p1a: Blissey|363\/652|p2a: Gengar|262\/262|[from] move: Pain Split
|move|p1a: Blissey|Wish|p1a: Blissey
|
|-heal|p1a: Blissey|403\/652|[from] item: Leftovers
|turn|63
|
|move|p2a: Gengar|Shadow Ball|p1a: Blissey
|-immune|p1a: Blissey|[msg]
|move|p1a: Blissey|Toxic|p2a: Gengar
|
|-heal|p1a: Blissey|652\/652|[from] move: Wish|[wisher] Blissey
|-sideend|p1: Sergikito|Reflect
|turn|64
|
|move|p2a: Gengar|Shadow Ball|p1a: Blissey
|-immune|p1a: Blissey|[msg]
|move|p1a: Blissey|Wish|p1a: Blissey
|
|turn|65
|
|switch|p1a: Porygon2|Porygon2|237\/358
|-boost|p1a: Porygon2|atk|1|[from] ability: Download
|move|p2a: Gengar|Shadow Ball|p1a: Porygon2
|-immune|p1a: Porygon2|[msg]
|
|-heal|p1a: Porygon2|358\/358|[from] move: Wish|[wisher] Blissey
|turn|66
|
|move|p2a: Gengar|Shadow Ball|p1a: Porygon2
|-immune|p1a: Porygon2|[msg]
|move|p1a: Porygon2|Ice Beam|p2a: Gengar
|-end|p2a: Gengar|Substitute
|
|turn|67
|
|switch|p2a: Chansey|Chansey, F|482\/642
|-damage|p2a: Chansey|402\/642|[from] Stealth Rock
|move|p1a: Porygon2|Thunder Wave|p2a: Chansey
|-status|p2a: Chansey|par
|
|turn|68
|
|move|p1a: Porygon2|Tri Attack|p2a: Chansey
|-damage|p2a: Chansey|348\/642 par
|move|p2a: Chansey|Wish|p2a: Chansey
|
|turn|69
|
|switch|p1a: Landorus-Therian|Landorus-Therian, M|188\/333
|-ability|p1a: Landorus-Therian|Intimidate|[of] p2a: Chansey
|-unboost|p2a: Chansey|atk|1
|move|p2a: Chansey|Toxic|p1a: Landorus-Therian
|-status|p1a: Landorus-Therian|tox
|
|-heal|p2a: Chansey|642\/642 par|[from] move: Wish|[wisher] Chansey
|-heal|p1a: Landorus-Therian|208\/333 tox|[from] item: Leftovers
|-damage|p1a: Landorus-Therian|188\/333 tox|[from] psn
|turn|70
|
|switch|p2a: Ferrothorn|Ferrothorn, F|252\/352
|-damage|p2a: Ferrothorn|230\/352|[from] Stealth Rock
|move|p1a: Landorus-Therian|Superpower|p2a: Ferrothorn
|-supereffective|p2a: Ferrothorn
|-damage|p2a: Ferrothorn|70\/352
|-damage|p1a: Landorus-Therian|147\/333 tox|[from] ability: Iron Barbs|[of] p2a: Ferrothorn
|-damage|p1a: Landorus-Therian|92\/333 tox|[from] item: Rocky Helmet|[of] p2a: Ferrothorn
|-unboost|p1a: Landorus-Therian|atk|1
|-unboost|p1a: Landorus-Therian|def|1
|
|-heal|p1a: Landorus-Therian|112\/333 tox|[from] item: Leftovers
|-damage|p1a: Landorus-Therian|72\/333 tox|[from] psn
|turn|71
|
|switch|p1a: Espeon|Espeon, M|217\/301
|switch|p2a: Landorus-Therian|Landorus-Therian, M|320\/320
|-damage|p2a: Landorus-Therian|280\/320|[from] Stealth Rock
|-ability|p2a: Landorus-Therian|Intimidate|[of] p1a: Espeon
|-unboost|p1a: Espeon|atk|1
|
|turn|72
|
|switch|p1a: Porygon2|Porygon2|358\/358
|-boost|p1a: Porygon2|spa|1|[from] ability: Download
|move|p2a: Landorus-Therian|U-turn|p1a: Porygon2
|-damage|p1a: Porygon2|310\/358
|
|switch|p2a: Jolteon|Jolteon, F|170\/272
|-damage|p2a: Jolteon|136\/272|[from] Stealth Rock
|
|turn|73
|
|move|p2a: Jolteon|Volt Switch|p1a: Porygon2
|-damage|p1a: Porygon2|234\/358
|
|switch|p2a: Chansey|Chansey, F|642\/642
|-damage|p2a: Chansey|562\/642|[from] Stealth Rock
|move|p1a: Porygon2|Tri Attack|p2a: Chansey
|-damage|p2a: Chansey|489\/642
|
|turn|74
|
|switch|p1a: Blissey|Blissey, F|652\/652
|move|p2a: Chansey|Wish|p2a: Chansey
|
|turn|75
|
|move|p1a: Blissey|Toxic|p2a: Chansey
|-status|p2a: Chansey|tox
|move|p2a: Chansey|Heal Bell|p2a: Chansey
|-cureteam|p2a: Chansey|[from] move: HealBell
|
|-heal|p2a: Chansey|642\/642|[from] move: Wish|[wisher] Chansey
|turn|76
|
|move|p1a: Blissey|Wish|p1a: Blissey
|move|p2a: Chansey|Toxic|p1a: Blissey
|-status|p1a: Blissey|tox
|
|-damage|p1a: Blissey|612\/652 tox|[from] psn
|turn|77
|
|move|p1a: Blissey|Heal Bell|p1a: Blissey
|-cureteam|p1a: Blissey|[from] move: HealBell
|move|p2a: Chansey|Wish|p2a: Chansey
|
|-heal|p1a: Blissey|652\/652|[from] move: Wish|[wisher] Blissey
|turn|78
|
|switch|p2a: Ferrothorn|Ferrothorn, F|70\/352
|-damage|p2a: Ferrothorn|48\/352|[from] Stealth Rock
|move|p1a: Blissey|Toxic|p2a: Ferrothorn
|-fail|p2a: Ferrothorn
|
|-heal|p2a: Ferrothorn|352\/352|[from] move: Wish|[wisher] Chansey
|turn|79
|
|switch|p1a: Espeon|Espeon, M|217\/301
|move|p2a: Ferrothorn|Leech Seed|p1a: Espeon
|move|p1a: Espeon|Leech Seed|p2a: Ferrothorn|[from]Magic Bounce
|-immune|p2a: Ferrothorn|[msg]
|
|turn|80
|
|move|p1a: Espeon|Reflect|p1a: Espeon
|-sidestart|p1: Sergikito|Reflect
|move|p2a: Ferrothorn|Gyro Ball|p1a: Espeon
|-damage|p1a: Espeon|125\/301
|
|turn|81
|
|move|p1a: Espeon|Morning Sun|p1a: Espeon
|-heal|p1a: Espeon|275\/301
|move|p2a: Ferrothorn|Gyro Ball|p1a: Espeon
|-damage|p1a: Espeon|188\/301
|
|turn|82
|
|switch|p2a: Landorus-Therian|Landorus-Therian, M|280\/320
|-damage|p2a: Landorus-Therian|240\/320|[from] Stealth Rock
|-ability|p2a: Landorus-Therian|Intimidate|[of] p1a: Espeon
|-unboost|p1a: Espeon|atk|1
|move|p1a: Espeon|Calm Mind|p1a: Espeon
|-boost|p1a: Espeon|spa|1
|-boost|p1a: Espeon|spd|1
|
|turn|83
|
|switch|p1a: Porygon2|Porygon2|234\/358
|-boost|p1a: Porygon2|spa|1|[from] ability: Download
|move|p2a: Landorus-Therian|Rock Slide|p1a: Porygon2
|-damage|p1a: Porygon2|210\/358
|
|turn|84
|
|switch|p2a: Chansey|Chansey, F|642\/642
|-damage|p2a: Chansey|562\/642|[from] Stealth Rock
|move|p1a: Porygon2|Ice Beam|p2a: Chansey
|-crit|p2a: Chansey
|-damage|p2a: Chansey|467\/642
|
|-sideend|p1: Sergikito|Reflect
|turn|85
|
|move|p1a: Porygon2|Recover|p1a: Porygon2
|-heal|p1a: Porygon2|358\/358
|move|p2a: Chansey|Wish|p2a: Chansey
|
|turn|86
|
|switch|p1a: Rotom-Heat|Rotom-Heat|216\/262
|move|p2a: Chansey|Seismic Toss|p1a: Rotom-Heat
|-damage|p1a: Rotom-Heat|116\/262
|
|-heal|p2a: Chansey|642\/642|[from] move: Wish|[wisher] Chansey
|turn|87
|
|switch|p2a: Politoed|Politoed, F|316\/384
|-damage|p2a: Politoed|268\/384|[from] Stealth Rock
|-weather|RainDance
|move|p1a: Rotom-Heat|Trick|p2a: Politoed
|-activate|p1a: Rotom-Heat|move: Trick|[of] p2a: Politoed
|-item|p2a: Politoed|Choice Scarf|[from] move: Trick
|-item|p1a: Rotom-Heat|Choice Specs|[from] move: Trick
|
|-weather|RainDance|[upkeep]
|turn|88
|
|switch|p1a: Blissey|Blissey, F|652\/652
|move|p2a: Politoed|Scald|p1a: Blissey
|-damage|p1a: Blissey|537\/652
|-status|p1a: Blissey|brn
|
|-weather|RainDance|[upkeep]
|-heal|p1a: Blissey|577\/652 brn|[from] item: Leftovers
|-damage|p1a: Blissey|496\/652 brn|[from] brn
|turn|89
|
|switch|p2a: Chansey|Chansey, F|642\/642
|-damage|p2a: Chansey|562\/642|[from] Stealth Rock
|move|p1a: Blissey|Toxic|p2a: Chansey
|-status|p2a: Chansey|tox
|
|-weather|RainDance|[upkeep]
|-heal|p1a: Blissey|536\/652 brn|[from] item: Leftovers
|-damage|p1a: Blissey|455\/652 brn|[from] brn
|-damage|p2a: Chansey|522\/642 tox|[from] psn
|turn|90
|
|switch|p2a: Ferrothorn|Ferrothorn, F|352\/352
|-damage|p2a: Ferrothorn|330\/352|[from] Stealth Rock
|move|p1a: Blissey|Wish|p1a: Blissey
|
|-weather|RainDance|[upkeep]
|-heal|p1a: Blissey|495\/652 brn|[from] item: Leftovers
|-damage|p1a: Blissey|414\/652 brn|[from] brn
|turn|91
|
|switch|p1a: Espeon|Espeon, M|188\/301
|move|p2a: Ferrothorn|Stealth Rock|p1a: Espeon
|move|p1a: Espeon|Stealth Rock|p2a: Ferrothorn|[from]Magic Bounce
|-fail|p2a: Ferrothorn
|
|-weather|none
|-heal|p1a: Espeon|301\/301|[from] move: Wish|[wisher] Blissey
|turn|92
|
|move|p1a: Espeon|Reflect|p1a: Espeon
|-sidestart|p1: Sergikito|Reflect
|move|p2a: Ferrothorn|Stealth Rock|p1a: Espeon
|move|p1a: Espeon|Stealth Rock|p2a: Ferrothorn|[from]Magic Bounce
|-fail|p2a: Ferrothorn
|
|turn|93
|
|move|p1a: Espeon|Calm Mind|p1a: Espeon
|-boost|p1a: Espeon|spa|1
|-boost|p1a: Espeon|spd|1
|move|p2a: Ferrothorn|Stealth Rock|p1a: Espeon
|move|p1a: Espeon|Stealth Rock|p2a: Ferrothorn|[from]Magic Bounce
|-fail|p2a: Ferrothorn
|
|turn|94
|
|move|p1a: Espeon|Calm Mind|p1a: Espeon
|-boost|p1a: Espeon|spa|1
|-boost|p1a: Espeon|spd|1
|move|p2a: Ferrothorn|Stealth Rock|p1a: Espeon
|move|p1a: Espeon|Stealth Rock|p2a: Ferrothorn|[from]Magic Bounce
|-fail|p2a: Ferrothorn
|
|turn|95
|
|move|p1a: Espeon|Calm Mind|p1a: Espeon
|-boost|p1a: Espeon|spa|1
|-boost|p1a: Espeon|spd|1
|move|p2a: Ferrothorn|Stealth Rock|p1a: Espeon
|move|p1a: Espeon|Stealth Rock|p2a: Ferrothorn|[from]Magic Bounce
|-fail|p2a: Ferrothorn
|
|turn|96
|
|move|p1a: Espeon|Calm Mind|p1a: Espeon
|-boost|p1a: Espeon|spa|1
|-boost|p1a: Espeon|spd|1
|move|p2a: Ferrothorn|Stealth Rock|p1a: Espeon
|move|p1a: Espeon|Stealth Rock|p2a: Ferrothorn|[from]Magic Bounce
|-fail|p2a: Ferrothorn
|
|-sideend|p1: Sergikito|Reflect
|turn|97
|
|move|p1a: Espeon|Reflect|p1a: Espeon
|-sidestart|p1: Sergikito|Reflect
|move|p2a: Ferrothorn|Stealth Rock|p1a: Espeon
|move|p1a: Espeon|Stealth Rock|p2a: Ferrothorn|[from]Magic Bounce
|-fail|p2a: Ferrothorn
|
|turn|98
|
|move|p1a: Espeon|Calm Mind|p1a: Espeon
|-boost|p1a: Espeon|spa|1
|-boost|p1a: Espeon|spd|1
|move|p2a: Ferrothorn|Stealth Rock|p1a: Espeon
|move|p1a: Espeon|Stealth Rock|p2a: Ferrothorn|[from]Magic Bounce
|-fail|p2a: Ferrothorn
|
|turn|99
|
|move|p1a: Espeon|Calm Mind|p1a: Espeon
|-boost|p1a: Espeon|spa|1
|-boost|p1a: Espeon|spd|1
|move|p2a: Ferrothorn|Stealth Rock|p1a: Espeon
|move|p1a: Espeon|Stealth Rock|p2a: Ferrothorn|[from]Magic Bounce
|-fail|p2a: Ferrothorn
|
|turn|100
|
|move|p1a: Espeon|Stored Power|p2a: Ferrothorn
|-resisted|p2a: Ferrothorn
|-damage|p2a: Ferrothorn|0 fnt
|faint|p2a: Ferrothorn
|
|
|switch|p2a: Gengar|Gengar, M, shiny|262\/262
|-damage|p2a: Gengar|230\/262|[from] Stealth Rock
|turn|101
|
|move|p2a: Gengar|Substitute|p2a: Gengar
|-start|p2a: Gengar|Substitute
|-damage|p2a: Gengar|165\/262
|move|p1a: Espeon|Stored Power|p2a: Gengar
|-supereffective|p2a: Gengar
|-end|p2a: Gengar|Substitute
|
|-sideend|p1: Sergikito|Reflect
|turn|102
|
|move|p2a: Gengar|Destiny Bond|p2a: Gengar
|-singlemove|p2a: Gengar|Destiny Bond
|move|p1a: Espeon|Stored Power|p2a: Gengar
|-supereffective|p2a: Gengar
|-damage|p2a: Gengar|0 fnt
|faint|p2a: Gengar
|-activate|p2a: Gengar|Destiny Bond
|faint|p1a: Espeon
|
|
|switch|p2a: Politoed|Politoed, F|268\/384
|-damage|p2a: Politoed|220\/384|[from] Stealth Rock
|switch|p1a: Blissey|Blissey, F|414\/652
|-weather|RainDance
|turn|103
|
|move|p2a: Politoed|Scald|p1a: Blissey
|-damage|p1a: Blissey|305\/652
|-status|p1a: Blissey|brn
|move|p1a: Blissey|Toxic|p2a: Politoed
|-status|p2a: Politoed|tox
|
|-weather|RainDance|[upkeep]
|-heal|p1a: Blissey|345\/652 brn|[from] item: Leftovers
|-damage|p2a: Politoed|196\/384 tox|[from] psn
|-damage|p1a: Blissey|264\/652 brn|[from] brn
|turn|104
|
|switch|p2a: Chansey|Chansey, F|522\/642
|-damage|p2a: Chansey|442\/642|[from] Stealth Rock
|move|p1a: Blissey|Wish|p1a: Blissey
|
|-weather|RainDance|[upkeep]
|-heal|p1a: Blissey|304\/652 brn|[from] item: Leftovers
|-damage|p1a: Blissey|223\/652 brn|[from] brn
|turn|105
|
|move|p1a: Blissey|Heal Bell|p1a: Blissey
|-cureteam|p1a: Blissey|[from] move: HealBell
|move|p2a: Chansey|Toxic|p1a: Blissey
|-status|p1a: Blissey|tox
|
|-weather|RainDance|[upkeep]
|-heal|p1a: Blissey|549\/652 tox|[from] move: Wish|[wisher] Blissey
|-heal|p1a: Blissey|589\/652 tox|[from] item: Leftovers
|-damage|p1a: Blissey|549\/652 tox|[from] psn
|turn|106
|
|move|p1a: Blissey|Toxic|p2a: Chansey
|-status|p2a: Chansey|tox
|move|p2a: Chansey|Toxic|p1a: Blissey
|-fail|p1a: Blissey|tox
|
|-weather|RainDance|[upkeep]
|-heal|p1a: Blissey|589\/652 tox|[from] item: Leftovers
|-damage|p1a: Blissey|509\/652 tox|[from] psn
|-damage|p2a: Chansey|402\/642 tox|[from] psn
|turn|107
|
|move|p1a: Blissey|Wish|p1a: Blissey
|move|p2a: Chansey|Wish|p2a: Chansey
|
|-weather|none
|-heal|p1a: Blissey|549\/652 tox|[from] item: Leftovers
|-damage|p1a: Blissey|429\/652 tox|[from] psn
|-damage|p2a: Chansey|322\/642 tox|[from] psn
|turn|108
|
|move|p1a: Blissey|Heal Bell|p1a: Blissey
|-cureteam|p1a: Blissey|[from] move: HealBell
|move|p2a: Chansey|Toxic|p1a: Blissey
|-status|p1a: Blissey|tox
|
|-heal|p1a: Blissey|652\/652 tox|[from] move: Wish|[wisher] Blissey
|-heal|p2a: Chansey|642\/642 tox|[from] move: Wish|[wisher] Chansey
|-damage|p1a: Blissey|612\/652 tox|[from] psn
|-damage|p2a: Chansey|522\/642 tox|[from] psn
|turn|109
|
|move|p1a: Blissey|Wish|p1a: Blissey
|move|p2a: Chansey|Heal Bell|p2a: Chansey
|-cureteam|p2a: Chansey|[from] move: HealBell
|
|-heal|p1a: Blissey|652\/652 tox|[from] item: Leftovers
|-damage|p1a: Blissey|572\/652 tox|[from] psn
|turn|110
|
|switch|p1a: Landorus-Therian|Landorus-Therian, M|72\/333
|-ability|p1a: Landorus-Therian|Intimidate|[of] p2a: Chansey
|-unboost|p2a: Chansey|atk|1
|move|p2a: Chansey|Toxic|p1a: Landorus-Therian
|-status|p1a: Landorus-Therian|tox
|
|-heal|p1a: Landorus-Therian|333\/333 tox|[from] move: Wish|[wisher] Blissey
|-damage|p1a: Landorus-Therian|313\/333 tox|[from] psn
|turn|111
|
|switch|p1a: Blissey|Blissey, F|572\/652
|move|p2a: Chansey|Wish|p2a: Chansey
|
|-heal|p1a: Blissey|612\/652|[from] item: Leftovers
|turn|112
|
|move|p1a: Blissey|Toxic|p2a: Chansey
|-status|p2a: Chansey|tox
|move|p2a: Chansey|Seismic Toss|p1a: Blissey
|-damage|p1a: Blissey|512\/652
|
|-heal|p2a: Chansey|642\/642 tox|[from] move: Wish|[wisher] Chansey
|-heal|p1a: Blissey|552\/652|[from] item: Leftovers
|-damage|p2a: Chansey|602\/642 tox|[from] psn
|turn|113
|
|move|p1a: Blissey|Wish|p1a: Blissey
|move|p2a: Chansey|Seismic Toss|p1a: Blissey
|-damage|p1a: Blissey|452\/652
|
|-heal|p1a: Blissey|492\/652|[from] item: Leftovers
|-damage|p2a: Chansey|522\/642 tox|[from] psn
|turn|114
|
|move|p1a: Blissey|Heal Bell|p1a: Blissey
|-cureteam|p1a: Blissey|[from] move: HealBell
|move|p2a: Chansey|Seismic Toss|p1a: Blissey
|-damage|p1a: Blissey|392\/652
|
|-heal|p1a: Blissey|652\/652|[from] move: Wish|[wisher] Blissey
|-damage|p2a: Chansey|402\/642 tox|[from] psn
|turn|115
|
|move|p1a: Blissey|Wish|p1a: Blissey
|move|p2a: Chansey|Wish|p2a: Chansey
|
|-damage|p2a: Chansey|242\/642 tox|[from] psn
|turn|116
|
|switch|p1a: Rotom-Heat|Rotom-Heat|116\/262
|move|p2a: Chansey|Heal Bell|p2a: Chansey
|-cureteam|p2a: Chansey|[from] move: HealBell
|
|-heal|p2a: Chansey|563\/642|[from] move: Wish|[wisher] Chansey
|-heal|p1a: Rotom-Heat|262\/262|[from] move: Wish|[wisher] Blissey
|turn|117
|
|move|p1a: Rotom-Heat|Trick|p2a: Chansey
|-activate|p1a: Rotom-Heat|move: Trick|[of] p2a: Chansey
|-item|p2a: Chansey|Choice Specs|[from] move: Trick
|-item|p1a: Rotom-Heat|Eviolite|[from] move: Trick
|move|p2a: Chansey|Toxic|p1a: Rotom-Heat
|-status|p1a: Rotom-Heat|tox
|
|-damage|p1a: Rotom-Heat|246\/262 tox|[from] psn
|turn|118
|
|switch|p1a: Landorus-Therian|Landorus-Therian, M|313\/333
|-ability|p1a: Landorus-Therian|Intimidate|[of] p2a: Chansey
|-unboost|p2a: Chansey|atk|1
|move|p2a: Chansey|Toxic|p1a: Landorus-Therian
|-status|p1a: Landorus-Therian|tox
|
|-heal|p1a: Landorus-Therian|333\/333 tox|[from] item: Leftovers
|-damage|p1a: Landorus-Therian|313\/333 tox|[from] psn
|turn|119
|
|switch|p2a: Landorus-Therian|Landorus-Therian, M|240\/320
|-damage|p2a: Landorus-Therian|200\/320|[from] Stealth Rock
|-ability|p2a: Landorus-Therian|Intimidate|[of] p1a: Landorus-Therian
|-unboost|p1a: Landorus-Therian|atk|1
|move|p1a: Landorus-Therian|Superpower|p2a: Landorus-Therian
|-resisted|p2a: Landorus-Therian
|-damage|p2a: Landorus-Therian|147\/320
|-unboost|p1a: Landorus-Therian|atk|1
|-unboost|p1a: Landorus-Therian|def|1
|
|-heal|p1a: Landorus-Therian|333\/333 tox|[from] item: Leftovers
|-damage|p1a: Landorus-Therian|293\/333 tox|[from] psn
|turn|120
|
|switch|p1a: Porygon2|Porygon2|358\/358
|-boost|p1a: Porygon2|spa|1|[from] ability: Download
|move|p2a: Landorus-Therian|Knock Off|p1a: Porygon2
|-damage|p1a: Porygon2|295\/358
|-enditem|p1a: Porygon2|Eviolite|[from] move: Knock Off|[of] p2a: Landorus-Therian
|
|turn|121
|
|switch|p2a: Chansey|Chansey, F|563\/642
|-damage|p2a: Chansey|483\/642|[from] Stealth Rock
|move|p1a: Porygon2|Ice Beam|p2a: Chansey
|-damage|p2a: Chansey|390\/642
|
|turn|122
|
|move|p1a: Porygon2|Thunder Wave|p2a: Chansey
|-status|p2a: Chansey|par
|move|p2a: Chansey|Seismic Toss|p1a: Porygon2
|-damage|p1a: Porygon2|195\/358
|
|turn|123
|
|move|p1a: Porygon2|Recover|p1a: Porygon2
|-heal|p1a: Porygon2|358\/358
|move|p2a: Chansey|Seismic Toss|p1a: Porygon2
|-damage|p1a: Porygon2|258\/358
|
|turn|124
|
|move|p1a: Porygon2|Tri Attack|p2a: Chansey
|-crit|p2a: Chansey
|-damage|p2a: Chansey|225\/642 par
|cant|p2a: Chansey|par
|
|turn|125
|
|switch|p2a: Politoed|Politoed, F|196\/384
|-damage|p2a: Politoed|148\/384|[from] Stealth Rock
|-weather|RainDance
|move|p1a: Porygon2|Tri Attack|p2a: Politoed
|-damage|p2a: Politoed|0 fnt
|faint|p2a: Politoed
|
|-weather|RainDance|[upkeep]
|-message|ferwara forfeited.
|
|win|Sergikito
|raw|Ladder updating...
|raw|Sergikito's rating: 1377 &rarr; <strong>1399<\/strong><br \/>(+22 for winning)
|raw|ferwara's rating: 1420 &rarr; <strong>1397<\/strong><br \/>(-23 for losing)
|leave|ferwara
|player|p2