|join|nteli2201
|join|ferwara
|player|p1|nteli2201|1
|player|p2|ferwara|101
|gametype|singles
|gen|6
|tier|OU
|rated
|clearpoke
|poke|p1|Bisharp, M, shiny
|poke|p1|Smeargle, M, shiny
|poke|p1|Blastoise, M, shiny
|poke|p1|Mamoswine, M, shiny
|poke|p1|Zapdos, shiny
|poke|p1|Alakazam, M, shiny
|poke|p2|Ferrothorn, F
|poke|p2|Landorus-Therian, M
|poke|p2|Chansey, F
|poke|p2|Gengar, M, shiny
|poke|p2|Politoed, F
|poke|p2|Jolteon, M
|rule|Swagger Clause: Swagger is banned
|rule|Baton Pass Clause: Limit one PokÃ©mon knowing Baton Pass
|rule|Sleep Clause Mod: Limit one foe put to sleep
|rule|Species Clause: Limit one of each PokÃ©mon
|rule|OHKO Clause: OHKO moves are banned
|rule|Moody Clause: Moody is banned
|rule|Evasion Moves Clause: Evasion moves are banned
|rule|Endless Battle Clause: Forcing endless battles is banned
|rule|HP Percentage Mod: HP is reported as percentages
|teampreview
|
|start
|switch|p1a: Brocasso|Smeargle, M, shiny|314\/314
|switch|p2a: Landorus-Therian|Landorus-Therian, M|320\/320
|-ability|p2a: Landorus-Therian|Intimidate|[of] p1a: Brocasso
|-unboost|p1a: Brocasso|atk|1
|turn|1
|
|move|p2a: Landorus-Therian|U-turn|p1a: Brocasso
|-damage|p1a: Brocasso|104\/314
|
|switch|p2a: Ferrothorn|Ferrothorn, F|352\/352
|move|p1a: Brocasso|Stealth Rock|p2a: Ferrothorn
|-sidestart|p2: ferwara|move: Stealth Rock
|
|turn|2
|
|move|p1a: Brocasso|Taunt|p2a: Ferrothorn
|-start|p2a: Ferrothorn|move: Taunt
|move|p2a: Ferrothorn|Gyro Ball|p1a: Brocasso
|-damage|p1a: Brocasso|0 fnt
|faint|p1a: Brocasso
|
|
|switch|p1a: AirShocker|Zapdos, shiny|383\/383
|-ability|p1a: AirShocker|Pressure
|turn|3
|
|switch|p2a: Politoed|Politoed, F|384\/384
|-damage|p2a: Politoed|336\/384|[from] Stealth Rock
|-weather|RainDance
|move|p1a: AirShocker|Heat Wave|p2a: Politoed
|-resisted|p2a: Politoed
|-damage|p2a: Politoed|311\/384
|
|-weather|RainDance|[upkeep]
|turn|4
|
|switch|p2a: Chansey|Chansey, F|642\/642
|-damage|p2a: Chansey|562\/642|[from] Stealth Rock
|move|p1a: AirShocker|Thunderbolt|p2a: Chansey
|-crit|p2a: Chansey
|-damage|p2a: Chansey|462\/642
|-status|p2a: Chansey|par
|
|-weather|RainDance|[upkeep]
|turn|5
|
|switch|p1a: Woolheise|Mamoswine, M, shiny|362\/362
|cant|p2a: Chansey|par
|
|-weather|RainDance|[upkeep]
|turn|6
|
|switch|p2a: Ferrothorn|Ferrothorn, F|352\/352
|-damage|p2a: Ferrothorn|330\/352|[from] Stealth Rock
|move|p1a: Woolheise|Earthquake|p2a: Ferrothorn
|-damage|p2a: Ferrothorn|237\/352
|
|-weather|RainDance|[upkeep]
|turn|7
|
|switch|p1a: AirShocker|Zapdos, shiny|383\/383
|-ability|p1a: AirShocker|Pressure
|move|p2a: Ferrothorn|Leech Seed|p1a: AirShocker
|-start|p1a: AirShocker|move: Leech Seed
|
|-weather|none
|-damage|p1a: AirShocker|336\/383|[from] Leech Seed|[of] p2a: Ferrothorn
|-heal|p2a: Ferrothorn|284\/352|[silent]
|turn|8
|
|move|p2a: Ferrothorn|Protect|p2a: Ferrothorn
|-singleturn|p2a: Ferrothorn|Protect
|move|p1a: AirShocker|Thunderbolt|p2a: Ferrothorn
|-activate|p2a: Ferrothorn|Protect
|
|-heal|p1a: AirShocker|359\/383|[from] item: Leftovers
|-damage|p1a: AirShocker|312\/383|[from] Leech Seed|[of] p2a: Ferrothorn
|-heal|p2a: Ferrothorn|331\/352|[silent]
|turn|9
|
|switch|p2a: Landorus-Therian|Landorus-Therian, M|320\/320
|-damage|p2a: Landorus-Therian|280\/320|[from] Stealth Rock
|-ability|p2a: Landorus-Therian|Intimidate|[of] p1a: AirShocker
|-unboost|p1a: AirShocker|atk|1
|move|p1a: AirShocker|Heat Wave|p2a: Landorus-Therian
|-damage|p2a: Landorus-Therian|173\/320
|-status|p2a: Landorus-Therian|brn
|
|-heal|p1a: AirShocker|335\/383|[from] item: Leftovers
|-damage|p1a: AirShocker|288\/383|[from] Leech Seed|[of] p2a: Landorus-Therian
|-heal|p2a: Landorus-Therian|220\/320 brn|[silent]
|-damage|p2a: Landorus-Therian|180\/320 brn|[from] brn
|turn|10
|
|move|p2a: Landorus-Therian|U-turn|p1a: AirShocker
|-resisted|p1a: AirShocker
|-damage|p1a: AirShocker|264\/383
|
|switch|p2a: Chansey|Chansey, F|462\/642
|-damage|p2a: Chansey|382\/642|[from] Stealth Rock
|move|p1a: AirShocker|Roost|p1a: AirShocker
|-heal|p1a: AirShocker|383\/383
|
|-damage|p1a: AirShocker|336\/383|[from] Leech Seed|[of] p2a: Chansey
|-heal|p2a: Chansey|429\/642|[silent]
|turn|11
|
|switch|p1a: Zelmam|Alakazam, M, shiny|252\/252
|move|p2a: Chansey|Wish|p2a: Chansey
|
|turn|12
|
|move|p1a: Zelmam|Psyshock|p2a: Chansey
|-damage|p2a: Chansey|166\/642
|move|p2a: Chansey|Heal Bell|p2a: Chansey
|-cureteam|p2a: Chansey|[from] move: HealBell
|
|-heal|p2a: Chansey|487\/642|[from] move: Wish|[wisher] Chansey
|turn|13
|
|switch|p2a: Ferrothorn|Ferrothorn, F|331\/352
|-damage|p2a: Ferrothorn|309\/352|[from] Stealth Rock
|move|p1a: Zelmam|Psyshock|p2a: Ferrothorn
|-resisted|p2a: Ferrothorn
|-damage|p2a: Ferrothorn|248\/352
|
|turn|14
|
|move|p1a: Zelmam|Shadow Ball|p2a: Ferrothorn
|-damage|p2a: Ferrothorn|132\/352
|move|p2a: Ferrothorn|Gyro Ball|p1a: Zelmam
|-damage|p1a: Zelmam|0 fnt
|faint|p1a: Zelmam
|
|
|switch|p1a: AirShocker|Zapdos, shiny|336\/383
|-ability|p1a: AirShocker|Pressure
|turn|15
|
|switch|p2a: Chansey|Chansey, F|487\/642
|-damage|p2a: Chansey|407\/642|[from] Stealth Rock
|move|p1a: AirShocker|Heat Wave|p2a: Chansey
|-damage|p2a: Chansey|355\/642
|
|-heal|p1a: AirShocker|359\/383|[from] item: Leftovers
|turn|16
|
|switch|p1a: Bishop|Bisharp, M, shiny|321\/321
|-item|p1a: Bishop|Air Balloon
|move|p2a: Chansey|Wish|p2a: Chansey
|
|turn|17
|
|switch|p2a: Politoed|Politoed, F|311\/384
|-damage|p2a: Politoed|263\/384|[from] Stealth Rock
|-weather|RainDance
|move|p1a: Bishop|Knock Off|p2a: Politoed
|-damage|p2a: Politoed|46\/384
|-enditem|p2a: Politoed|Choice Specs|[from] move: Knock Off|[of] p1a: Bishop
|
|-weather|RainDance|[upkeep]
|-heal|p2a: Politoed|367\/384|[from] move: Wish|[wisher] Chansey
|turn|18
|
|switch|p1a: AirShocker|Zapdos, shiny|359\/383
|-ability|p1a: AirShocker|Pressure
|move|p2a: Politoed|Scald|p1a: AirShocker
|-damage|p1a: AirShocker|208\/383
|
|-weather|RainDance|[upkeep]
|-heal|p1a: AirShocker|231\/383|[from] item: Leftovers
|turn|19
|
|switch|p2a: Chansey|Chansey, F|355\/642
|-damage|p2a: Chansey|275\/642|[from] Stealth Rock
|move|p1a: AirShocker|Thunderbolt|p2a: Chansey
|-damage|p2a: Chansey|206\/642
|
|-weather|RainDance|[upkeep]
|-heal|p1a: AirShocker|254\/383|[from] item: Leftovers
|turn|20
|
|switch|p1a: Bishop|Bisharp, M, shiny|321\/321
|-item|p1a: Bishop|Air Balloon
|move|p2a: Chansey|Wish|p2a: Chansey
|
|-weather|RainDance|[upkeep]
|turn|21
|
|switch|p2a: Politoed|Politoed, F|367\/384
|-damage|p2a: Politoed|319\/384|[from] Stealth Rock
|move|p1a: Bishop|Knock Off|p2a: Politoed
|-damage|p2a: Politoed|160\/384
|
|-weather|none
|-heal|p2a: Politoed|384\/384|[from] move: Wish|[wisher] Chansey
|turn|22
|
|switch|p1a: AirShocker|Zapdos, shiny|254\/383
|-ability|p1a: AirShocker|Pressure
|move|p2a: Politoed|Scald|p1a: AirShocker
|-crit|p1a: AirShocker
|-damage|p1a: AirShocker|91\/383
|
|-heal|p1a: AirShocker|114\/383|[from] item: Leftovers
|turn|23
|
|move|p1a: AirShocker|Roost|p1a: AirShocker
|-heal|p1a: AirShocker|306\/383
|move|p2a: Politoed|Scald|p1a: AirShocker
|-crit|p1a: AirShocker
|-damage|p1a: AirShocker|158\/383
|-status|p1a: AirShocker|brn
|
|-heal|p1a: AirShocker|181\/383 brn|[from] item: Leftovers
|-damage|p1a: AirShocker|134\/383 brn|[from] brn
|turn|24
|
|switch|p2a: Chansey|Chansey, F|206\/642
|-damage|p2a: Chansey|126\/642|[from] Stealth Rock
|move|p1a: AirShocker|Thunderbolt|p2a: Chansey
|-damage|p2a: Chansey|60\/642
|
|-heal|p1a: AirShocker|157\/383 brn|[from] item: Leftovers
|-damage|p1a: AirShocker|110\/383 brn|[from] brn
|turn|25
|
|move|p1a: AirShocker|Thunderbolt|p2a: Chansey
|-damage|p2a: Chansey|0 fnt
|faint|p2a: Chansey
|
|-heal|p1a: AirShocker|133\/383 brn|[from] item: Leftovers
|-damage|p1a: AirShocker|86\/383 brn|[from] brn
|
|switch|p2a: Landorus-Therian|Landorus-Therian, M|180\/320
|-damage|p2a: Landorus-Therian|140\/320|[from] Stealth Rock
|-ability|p2a: Landorus-Therian|Intimidate|[of] p1a: AirShocker
|-unboost|p1a: AirShocker|atk|1
|turn|26
|
|move|p2a: Landorus-Therian|Knock Off|p1a: AirShocker
|-damage|p1a: AirShocker|0 fnt
|-enditem|p1a: AirShocker|Leftovers|[from] move: Knock Off|[of] p2a: Landorus-Therian
|faint|p1a: AirShocker
|
|
|switch|p1a: Woolheise|Mamoswine, M, shiny|362\/362
|turn|27
|
|switch|p2a: Ferrothorn|Ferrothorn, F|132\/352
|-damage|p2a: Ferrothorn|110\/352|[from] Stealth Rock
|move|p1a: Woolheise|Ice Shard|p2a: Ferrothorn
|-damage|p2a: Ferrothorn|70\/352
|
|turn|28
|
|move|p1a: Woolheise|Earthquake|p2a: Ferrothorn
|-damage|p2a: Ferrothorn|0 fnt
|faint|p2a: Ferrothorn
|
|
|switch|p2a: Politoed|Politoed, F|384\/384
|-damage|p2a: Politoed|336\/384|[from] Stealth Rock
|-weather|RainDance
|turn|29
|
|move|p2a: Politoed|Scald|p1a: Woolheise
|-supereffective|p1a: Woolheise
|-damage|p1a: Woolheise|104\/362
|move|p1a: Woolheise|Avalanche|p2a: Politoed
|-resisted|p2a: Politoed
|-damage|p2a: Politoed|204\/384
|
|-weather|RainDance|[upkeep]
|turn|30
|
|switch|p1a: Hydron Jr|Blastoise, M, shiny|300\/300
|move|p2a: Politoed|Scald|p1a: Hydron Jr
|-resisted|p1a: Hydron Jr
|-damage|p1a: Hydron Jr|213\/300
|-status|p1a: Hydron Jr|brn
|
|-weather|RainDance|[upkeep]
|-damage|p1a: Hydron Jr|176\/300 brn|[from] brn
|turn|31
|
|switch|p2a: Landorus-Therian|Landorus-Therian, M|140\/320
|-damage|p2a: Landorus-Therian|100\/320|[from] Stealth Rock
|-ability|p2a: Landorus-Therian|Intimidate|[of] p1a: Hydron Jr
|-unboost|p1a: Hydron Jr|atk|1
|detailschange|p1a: Hydron Jr|Blastoise-Mega, M, shiny
|message|Blastoise has Mega Evolved into Mega Blastoise!
|move|p1a: Hydron Jr|Dragon Pulse|p2a: Landorus-Therian
|-damage|p2a: Landorus-Therian|0 fnt
|faint|p2a: Landorus-Therian
|
|-weather|RainDance|[upkeep]
|-damage|p1a: Hydron Jr|139\/300 brn|[from] brn
|
|switch|p2a: Gengar|Gengar, M, shiny|262\/262
|-damage|p2a: Gengar|230\/262|[from] Stealth Rock
|turn|32
|
|move|p2a: Gengar|Substitute|p2a: Gengar
|-start|p2a: Gengar|Substitute
|-damage|p2a: Gengar|165\/262
|move|p1a: Hydron Jr|Dragon Pulse|p2a: Gengar
|-end|p2a: Gengar|Substitute
|
|-weather|RainDance|[upkeep]
|-damage|p1a: Hydron Jr|102\/300 brn|[from] brn
|turn|33
|
|move|p2a: Gengar|Shadow Ball|p1a: Hydron Jr
|-damage|p1a: Hydron Jr|0 fnt
|-damage|p2a: Gengar|139\/262|[from] item: Life Orb
|faint|p1a: Hydron Jr
|
|-weather|none
|
|switch|p1a: Bishop|Bisharp, M, shiny|321\/321
|-item|p1a: Bishop|Air Balloon
|turn|34
|
|move|p2a: Gengar|Substitute|p2a: Gengar
|-start|p2a: Gengar|Substitute
|-damage|p2a: Gengar|74\/262
|move|p1a: Bishop|Knock Off|p2a: Gengar
|-supereffective|p2a: Gengar
|-end|p2a: Gengar|Substitute
|
|turn|35
|
|move|p1a: Bishop|Sucker Punch|p2a: Gengar
|-fail|p2a: Gengar
|move|p2a: Gengar|Destiny Bond|p2a: Gengar
|-singlemove|p2a: Gengar|Destiny Bond
|
|turn|36
|
|switch|p1a: Woolheise|Mamoswine, M, shiny|104\/362
|move|p2a: Gengar|Substitute|p2a: Gengar
|-start|p2a: Gengar|Substitute
|-damage|p2a: Gengar|9\/262
|
|turn|37
|
|move|p1a: Woolheise|Ice Shard|p2a: Gengar
|-end|p2a: Gengar|Substitute
|move|p2a: Gengar|Pain Split|p1a: Woolheise
|-sethp|p1a: Woolheise|56\/362|p2a: Gengar|56\/262|[from] move: Pain Split
|
|turn|38
|
|switch|p2a: Jolteon|Jolteon, M|272\/272
|-damage|p2a: Jolteon|238\/272|[from] Stealth Rock
|move|p1a: Woolheise|Ice Shard|p2a: Jolteon
|-damage|p2a: Jolteon|144\/272
|
|turn|39
|
|move|p2a: Jolteon|Signal Beam|p1a: Woolheise
|-crit|p1a: Woolheise
|-damage|p1a: Woolheise|0 fnt
|faint|p1a: Woolheise
|
|
|switch|p1a: Bishop|Bisharp, M, shiny|321\/321
|-item|p1a: Bishop|Air Balloon
|turn|40
|
|move|p2a: Jolteon|Signal Beam|p1a: Bishop
|-damage|p1a: Bishop|213\/321
|-enditem|p1a: Bishop|Air Balloon
|move|p1a: Bishop|Knock Off|p2a: Jolteon
|-damage|p2a: Jolteon|0 fnt
|-enditem|p2a: Jolteon|Choice Scarf|[from] move: Knock Off|[of] p1a: Bishop
|faint|p2a: Jolteon
|
|
|switch|p2a: Politoed|Politoed, F|204\/384
|-damage|p2a: Politoed|156\/384|[from] Stealth Rock
|-weather|RainDance
|turn|41
|
|move|p1a: Bishop|Sucker Punch|p2a: Politoed
|-damage|p2a: Politoed|0 fnt
|faint|p2a: Politoed
|
|-weather|RainDance|[upkeep]
|
|switch|p2a: Gengar|Gengar, M, shiny|56\/262
|-damage|p2a: Gengar|24\/262|[from] Stealth Rock
|turn|42
|
|move|p1a: Bishop|Sucker Punch|p2a: Gengar
|-fail|p2a: Gengar
|move|p2a: Gengar|Destiny Bond|p2a: Gengar
|-singlemove|p2a: Gengar|Destiny Bond
|
|-weather|RainDance|[upkeep]
|turn|43
|
|move|p1a: Bishop|Sucker Punch|p2a: Gengar
|-fail|p2a: Gengar
|move|p2a: Gengar|Pain Split|p1a: Bishop
|-sethp|p1a: Bishop|118\/321|p2a: Gengar|118\/262|[from] move: Pain Split
|
|-weather|RainDance|[upkeep]
|turn|44
|
|move|p2a: Gengar|Substitute|p2a: Gengar
|-start|p2a: Gengar|Substitute
|-damage|p2a: Gengar|53\/262
|move|p1a: Bishop|Knock Off|p2a: Gengar
|-supereffective|p2a: Gengar
|-end|p2a: Gengar|Substitute
|
|-weather|RainDance|[upkeep]
|turn|45
|
|move|p2a: Gengar|Destiny Bond|p2a: Gengar
|-singlemove|p2a: Gengar|Destiny Bond
|move|p1a: Bishop|Knock Off|p2a: Gengar
|-supereffective|p2a: Gengar
|-damage|p2a: Gengar|0 fnt
|-enditem|p2a: Gengar|Life Orb|[from] move: Knock Off|[of] p1a: Bishop
|faint|p2a: Gengar
|-activate|p2a: Gengar|Destiny Bond
|faint|p1a: Bishop
|
|win|nteli2201
|raw|Ladder updating...
|raw|nteli2201's rating: 1352 &rarr; <strong>1372<\/strong><br \/>(+20 for winning)
|raw|ferwara's rating: 1352 &rarr; <strong>1332<\/strong><br \/>(-20 for losing)
|chat|ferwara|why u won?