|join|ferwara
|join|Dizzy Spinda 15
|player|p1|ferwara|169
|player|p2|Dizzy Spinda 15|79
|gametype|singles
|gen|6
|tier|OU
|rated
|clearpoke
|poke|p1|Whimsicott, F
|poke|p1|Scizor, F
|poke|p1|Gengar, M, shiny
|poke|p1|Smeargle, M
|poke|p1|Espeon, M
|poke|p1|Ditto
|poke|p2|Staraptor, M
|poke|p2|Espeon, M
|poke|p2|Smeargle, M, shiny
|poke|p2|Victini
|poke|p2|Azelf, shiny
|poke|p2|Jumpluff, M
|rule|Swagger Clause: Swagger is banned
|rule|Baton Pass Clause: Limit one PokÃ©mon knowing Baton Pass
|rule|Sleep Clause Mod: Limit one foe put to sleep
|rule|Species Clause: Limit one of each PokÃ©mon
|rule|OHKO Clause: OHKO moves are banned
|rule|Moody Clause: Moody is banned
|rule|Evasion Moves Clause: Evasion moves are banned
|rule|Endless Battle Clause: Forcing endless battles is banned
|rule|HP Percentage Mod: HP is shown in percentages
|teampreview
|
|start
|switch|p1a: Whimsicott|Whimsicott, F|324\/324
|switch|p2a: V-LIKE-ME|Victini|404\/404
|turn|1
|
|move|p1a: Whimsicott|Tailwind|p1a: Whimsicott
|-sidestart|p1: ferwara|move: Tailwind
|move|p2a: V-LIKE-ME|Final Gambit|p1a: Whimsicott
|-enditem|p1a: Whimsicott|Focus Sash
|-damage|p1a: Whimsicott|1\/324
|faint|p2a: V-LIKE-ME
|
|
|switch|p2a: BloodInMyFeather|Staraptor, M|374\/374
|-ability|p2a: BloodInMyFeather|Intimidate|[of] p1a: Whimsicott
|-unboost|p1a: Whimsicott|atk|1
|turn|2
|
|move|p1a: Whimsicott|Memento|p2a: BloodInMyFeather
|-unboost|p2a: BloodInMyFeather|atk|2
|-unboost|p2a: BloodInMyFeather|spa|2
|faint|p1a: Whimsicott
|move|p2a: BloodInMyFeather|U-turn|p1: Whimsicott|[notarget]
|-notarget
|
|
|switch|p1a: Smeargle|Smeargle, M|314\/314
|turn|3
|
|move|p2a: BloodInMyFeather|U-turn|p1a: Smeargle
|-damage|p1a: Smeargle|270\/314
|
|switch|p2a: 400 Lux|Azelf, shiny|354\/354
|move|p1a: Smeargle|Cotton Guard|p1a: Smeargle
|-boost|p1a: Smeargle|def|3
|
|turn|4
|
|switch|p2a: Don'tGlareMe!-'.'-|Espeon, M|321\/321
|move|p1a: Smeargle|Geomancy|p1a: Smeargle|[still]
|-prepare|p1a: Smeargle|Geomancy|p1a: Smeargle
|-enditem|p1a: Smeargle|Power Herb
|-anim|p1a: Smeargle|Geomancy|p1a: Smeargle
|-boost|p1a: Smeargle|spa|2
|-boost|p1a: Smeargle|spd|2
|-boost|p1a: Smeargle|spe|2
|
|-sideend|p1: ferwara|move: Tailwind
|turn|5
|
|switch|p2a: BloodInMyFeather|Staraptor, M|374\/374
|-ability|p2a: BloodInMyFeather|Intimidate|[of] p1a: Smeargle
|-unboost|p1a: Smeargle|atk|1
|move|p1a: Smeargle|Cotton Guard|p1a: Smeargle
|-boost|p1a: Smeargle|def|3
|
|turn|6
|
|move|p2a: BloodInMyFeather|Final Gambit|p1a: Smeargle
|-damage|p1a: Smeargle|0 fnt
|faint|p2a: BloodInMyFeather
|faint|p1a: Smeargle
|
|
|switch|p2a: 400 Lux|Azelf, shiny|354\/354
|switch|p1a: Scizor|Scizor, F|344\/344
|turn|7
|
|detailschange|p1a: Scizor|Scizor-Mega, F
|message|Scizor has Mega Evolved into Mega Scizor!
|move|p2a: 400 Lux|Reflect|p2a: 400 Lux
|-sidestart|p2: Dizzy Spinda 15|Reflect
|move|p1a: Scizor|Swords Dance|p1a: Scizor
|-boost|p1a: Scizor|atk|2
|
|turn|8
|
|move|p2a: 400 Lux|Taunt|p1a: Scizor
|-start|p1a: Scizor|move: Taunt
|move|p1a: Scizor|Knock Off|p2a: 400 Lux
|-supereffective|p2a: 400 Lux
|-damage|p2a: 400 Lux|0 fnt
|-enditem|p2a: 400 Lux|Light Clay|[from] move: Knock Off|[of] p1a: Scizor
|faint|p2a: 400 Lux
|
|
|switch|p2a: I'm Quaint! uwu|Jumpluff, M|354\/354
|turn|9
|
|move|p1a: Scizor|Bullet Punch|p2a: I'm Quaint! uwu
|-damage|p2a: I'm Quaint! uwu|185\/354
|move|p2a: I'm Quaint! uwu|Sleep Powder|p1a: Scizor
|-status|p1a: Scizor|slp
|
|turn|10
|
|cant|p1a: Scizor|slp
|move|p2a: I'm Quaint! uwu|Memento|p1a: Scizor
|-unboost|p1a: Scizor|atk|2
|-unboost|p1a: Scizor|spa|2
|faint|p2a: I'm Quaint! uwu
|
|-end|p1a: Scizor|move: Taunt
|
|switch|p2a: Â¥OUR-LAST-PORTRAIT|Smeargle, M, shiny|273\/273
|turn|11
|
|-curestatus|p1a: Scizor|slp
|move|p1a: Scizor|Bullet Punch|p2a: Â¥OUR-LAST-PORTRAIT
|-damage|p2a: Â¥OUR-LAST-PORTRAIT|189\/273
|move|p2a: Â¥OUR-LAST-PORTRAIT|Geomancy|p2a: Â¥OUR-LAST-PORTRAIT|[still]
|-prepare|p2a: Â¥OUR-LAST-PORTRAIT|Geomancy|p2a: Â¥OUR-LAST-PORTRAIT
|-enditem|p2a: Â¥OUR-LAST-PORTRAIT|Power Herb
|-anim|p2a: Â¥OUR-LAST-PORTRAIT|Geomancy|p2a: Â¥OUR-LAST-PORTRAIT
|-boost|p2a: Â¥OUR-LAST-PORTRAIT|spa|2
|-boost|p2a: Â¥OUR-LAST-PORTRAIT|spd|2
|-boost|p2a: Â¥OUR-LAST-PORTRAIT|spe|2
|
|turn|12
|
|move|p2a: Â¥OUR-LAST-PORTRAIT|Cotton Guard|p2a: Â¥OUR-LAST-PORTRAIT
|-boost|p2a: Â¥OUR-LAST-PORTRAIT|def|3
|move|p1a: Scizor|Knock Off|p2a: Â¥OUR-LAST-PORTRAIT
|-damage|p2a: Â¥OUR-LAST-PORTRAIT|166\/273
|
|turn|13
|
|move|p2a: Â¥OUR-LAST-PORTRAIT|Cotton Guard|p2a: Â¥OUR-LAST-PORTRAIT
|-boost|p2a: Â¥OUR-LAST-PORTRAIT|def|3
|move|p1a: Scizor|Knock Off|p2a: Â¥OUR-LAST-PORTRAIT
|-damage|p2a: Â¥OUR-LAST-PORTRAIT|150\/273
|
|turn|14
|
|move|p2a: Â¥OUR-LAST-PORTRAIT|Baton Pass|p2a: Â¥OUR-LAST-PORTRAIT
|
|switch|p2a: Don'tGlareMe!-'.'-|Espeon, M|321\/321
|move|p1a: Scizor|Knock Off|p2a: Don'tGlareMe!-'.'-
|-supereffective|p2a: Don'tGlareMe!-'.'-
|-damage|p2a: Don'tGlareMe!-'.'-|285\/321
|-enditem|p2a: Don'tGlareMe!-'.'-|Leftovers|[from] move: Knock Off|[of] p1a: Scizor
|
|-sideend|p2: Dizzy Spinda 15|Reflect
|turn|15
|
|move|p1a: Scizor|Bullet Punch|p2a: Don'tGlareMe!-'.'-
|-damage|p2a: Don'tGlareMe!-'.'-|249\/321
|move|p2a: Don'tGlareMe!-'.'-|Substitute|p2a: Don'tGlareMe!-'.'-
|-start|p2a: Don'tGlareMe!-'.'-|Substitute
|-damage|p2a: Don'tGlareMe!-'.'-|169\/321
|
|turn|16
|
|move|p1a: Scizor|Bullet Punch|p2a: Don'tGlareMe!-'.'-
|-activate|p2a: Don'tGlareMe!-'.'-|Substitute|[damage]
|move|p2a: Don'tGlareMe!-'.'-|Morning Sun|p2a: Don'tGlareMe!-'.'-
|-heal|p2a: Don'tGlareMe!-'.'-|321\/321
|
|turn|17
|
|switch|p1a: Espeon|Espeon, M|334\/334
|move|p2a: Don'tGlareMe!-'.'-|Stored Power|p1a: Espeon
|-resisted|p1a: Espeon
|-damage|p1a: Espeon|0 fnt
|faint|p1a: Espeon
|
|
|switch|p1a: Scizor|Scizor-Mega, F|344\/344
|turn|18
|
|move|p1a: Scizor|Bullet Punch|p2a: Don'tGlareMe!-'.'-
|-activate|p2a: Don'tGlareMe!-'.'-|Substitute|[damage]
|move|p2a: Don'tGlareMe!-'.'-|Stored Power|p1a: Scizor
|-resisted|p1a: Scizor
|-damage|p1a: Scizor|0 fnt
|faint|p1a: Scizor
|
|
|switch|p1a: Ditto|Ditto|299\/299
|turn|19
|-message|ferwara forfeited.
|
|win|Dizzy Spinda 15
|raw|Ladder updating...
|leave|ferwara
|player|p1
|c|âDizzy Spinda 15|lol
|raw|Ladder (probably) updated, but score could not be retrieved (timeout).
|raw|Ladder (probably) updated, but score could not be retrieved (Error: socket hang up).
|leave|Dizzy Spinda 15
|player|p2
|join|Dizzy Spinda 15
|leave|Dizzy Spinda 15
|join|Dizzy Spinda 15
|leave|Dizzy Spinda 15
|join|Dizzy Spinda 15