|join|ferwara
|join|471V3
|player|p1|ferwara|2
|player|p2|471V3|158
|gametype|singles
|gen|6
|tier|OU
|rated
|clearpoke
|poke|p1|Breloom, M
|poke|p1|Whimsicott, F
|poke|p1|Tyranitar, F
|poke|p1|Smeargle, F
|poke|p1|Espeon, F
|poke|p1|Excadrill, F
|poke|p2|Kyurem-Black
|poke|p2|Heracross, F
|poke|p2|Jirachi
|poke|p2|Azumarill, F
|poke|p2|Landorus-Therian, M
|poke|p2|Mew
|rule|Swagger Clause: Swagger is banned
|rule|Baton Pass Clause: Limit one PokÃ©mon knowing Baton Pass
|rule|Sleep Clause Mod: Limit one foe put to sleep
|rule|Species Clause: Limit one of each PokÃ©mon
|rule|OHKO Clause: OHKO moves are banned
|rule|Moody Clause: Moody is banned
|rule|Evasion Moves Clause: Evasion moves are banned
|rule|Endless Battle Clause: Forcing endless battles is banned
|rule|HP Percentage Mod: HP is shown in percentages
|teampreview
|join|poek69x
|
|start
|switch|p1a: Whimsicott|Whimsicott, F|324\/324
|switch|p2a: Mew|Mew|401\/401
|turn|1
|
|move|p1a: Whimsicott|Taunt|p2a: Mew
|-start|p2a: Mew|move: Taunt
|cant|p2a: Mew|move: Taunt|Will-O-Wisp
|
|turn|2
|
|switch|p2a: Jirachi|Jirachi|401\/401
|move|p1a: Whimsicott|Tailwind|p1a: Whimsicott
|-sidestart|p1: ferwara|move: Tailwind
|
|turn|3
|
|move|p1a: Whimsicott|Memento|p2a: Jirachi
|-unboost|p2a: Jirachi|atk|2
|-unboost|p2a: Jirachi|spa|2
|faint|p1a: Whimsicott
|move|p2a: Jirachi|Stealth Rock|p1: Whimsicott
|-sidestart|p1: ferwara|move: Stealth Rock
|
|
|switch|p1a: Smeargle|Smeargle, F|314\/314
|-damage|p1a: Smeargle|275\/314|[from] Stealth Rock
|turn|4
|
|move|p1a: Smeargle|Spore|p2a: Jirachi
|-status|p2a: Jirachi|slp
|cant|p2a: Jirachi|slp
|
|turn|5
|
|switch|p2a: Heracross|Heracross, F|301\/301
|move|p1a: Smeargle|Cotton Guard|p1a: Smeargle
|-boost|p1a: Smeargle|def|3
|
|-sideend|p1: ferwara|move: Tailwind
|turn|6
|
|detailschange|p2a: Heracross|Heracross-Mega, F
|-mega|p2a: Heracross|Heracross|Heracronite
|move|p2a: Heracross|Close Combat|p1a: Smeargle
|-supereffective|p1a: Smeargle
|-damage|p1a: Smeargle|0 fnt
|-unboost|p2a: Heracross|def|1
|-unboost|p2a: Heracross|spd|1
|faint|p1a: Smeargle
|
|
|switch|p1a: Espeon|Espeon, F|334\/334
|-damage|p1a: Espeon|293\/334|[from] Stealth Rock
|turn|7
|
|switch|p2a: Mew|Mew|401\/401
|move|p1a: Espeon|Calm Mind|p1a: Espeon
|-boost|p1a: Espeon|spa|1
|-boost|p1a: Espeon|spd|1
|
|-heal|p1a: Espeon|313\/334|[from] item: Leftovers
|turn|8
|
|move|p1a: Espeon|Calm Mind|p1a: Espeon
|-boost|p1a: Espeon|spa|1
|-boost|p1a: Espeon|spd|1
|move|p2a: Mew|Knock Off|p1a: Espeon
|-crit|p1a: Espeon
|-supereffective|p1a: Espeon
|-damage|p1a: Espeon|81\/334
|-enditem|p1a: Espeon|Leftovers|[from] move: Knock Off|[of] p2a: Mew
|
|turn|9
|
|move|p1a: Espeon|Wish|p1a: Espeon
|move|p2a: Mew|Knock Off|p1a: Espeon
|-supereffective|p1a: Espeon
|-damage|p1a: Espeon|0 fnt
|faint|p1a: Espeon
|
|-message|ferwara forfeited.
|leave|ferwara
|
|win|471V3
|raw|Ladder updating...
|player|p1
|raw|ferwara's rating: 1614 &rarr; <strong>1589<\/strong><br \/>(-25 for losing)
|raw|471V3's rating: 1530 &rarr; <strong>1555<\/strong><br \/>(+25 for winning)