|join|adoy adoy ~~
|join|blondey
|player|p1|adoy adoy ~~|288
|player|p2|blondey|190
|gametype|singles
|gen|6
|tier|OU
|rated
|clearpoke
|poke|p1|Gliscor, M
|poke|p1|Keldeo
|poke|p1|Tyranitar, M
|poke|p1|Ferrothorn, M
|poke|p1|Clefable, F
|poke|p1|Heatran, F
|poke|p2|Garchomp, F, shiny
|poke|p2|Scizor, F
|poke|p2|Thundurus, M
|poke|p2|Keldeo-Resolute
|poke|p2|Latios, M
|poke|p2|Azumarill, M
|rule|Swagger Clause: Swagger is banned
|rule|Baton Pass Clause: Limit one PokÃ©mon knowing Baton Pass
|rule|Sleep Clause Mod: Limit one foe put to sleep
|rule|Species Clause: Limit one of each PokÃ©mon
|rule|OHKO Clause: OHKO moves are banned
|rule|Moody Clause: Moody is banned
|rule|Evasion Moves Clause: Evasion moves are banned
|rule|Endless Battle Clause: Forcing endless battles is banned
|rule|HP Percentage Mod: HP is shown in percentages
|teampreview
|
|start
|switch|p1a: Gliscor|Gliscor, M|354\/354
|switch|p2a: Scizor|Scizor, F|327\/327
|turn|1
|
|switch|p1a: Heatran|Heatran, F|386\/386
|detailschange|p2a: Scizor|Scizor-Mega, F
|-mega|p2a: Scizor|Scizor|Scizorite
|move|p2a: Scizor|Knock Off|p1a: Heatran
|-damage|p1a: Heatran|255\/386
|-enditem|p1a: Heatran|Leftovers|[from] move: Knock Off|[of] p2a: Scizor
|
|turn|2
|
|switch|p2a: Garchomp|Garchomp, F, shiny|357\/357
|move|p1a: Heatran|Lava Plume|p2a: Garchomp
|-resisted|p2a: Garchomp
|-damage|p2a: Garchomp|287\/357
|
|turn|3
|
|switch|p1a: Gliscor|Gliscor, M|354\/354
|move|p2a: Garchomp|Stealth Rock|p1a: Gliscor
|-sidestart|p1: adoy adoy ~~|move: Stealth Rock
|
|-status|p1a: Gliscor|tox|[from] item: Toxic Orb
|turn|4
|
|move|p2a: Garchomp|Swords Dance|p2a: Garchomp
|-boost|p2a: Garchomp|atk|2
|move|p1a: Gliscor|Facade|p2a: Garchomp
|-damage|p2a: Garchomp|170\/357
|-damage|p1a: Gliscor|310\/354 tox|[from] ability: Rough Skin|[of] p2a: Garchomp
|
|-heal|p1a: Gliscor|354\/354 tox|[from] ability: Poison Heal
|turn|5
|
|move|p2a: Garchomp|Outrage|p1a: Gliscor
|-damage|p1a: Gliscor|66\/354 tox
|move|p1a: Gliscor|Earthquake|p2a: Garchomp
|-damage|p2a: Garchomp|50\/357
|
|-heal|p1a: Gliscor|110\/354 tox|[from] ability: Poison Heal
|turn|6
|
|switch|p1a: Clefable|Clefable, F|394\/394
|-damage|p1a: Clefable|345\/394|[from] Stealth Rock
|move|p2a: Garchomp|Outrage|p1a: Clefable
|-immune|p1a: Clefable|[msg]
|
|-heal|p1a: Clefable|369\/394|[from] item: Leftovers
|turn|7
|
|move|p2a: Garchomp|Earthquake|p1a: Clefable
|-damage|p1a: Clefable|204\/394
|move|p1a: Clefable|Wish|p1a: Clefable
|
|-heal|p1a: Clefable|228\/394|[from] item: Leftovers
|turn|8
|
|move|p2a: Garchomp|Outrage|p1a: Clefable
|-immune|p1a: Clefable|[msg]
|move|p1a: Clefable|Moonblast|p2a: Garchomp
|-supereffective|p2a: Garchomp
|-damage|p2a: Garchomp|0 fnt
|faint|p2a: Garchomp
|
|-heal|p1a: Clefable|394\/394|[from] move: Wish|[wisher] Clefable
|
|switch|p2a: Azumarill|Azumarill, M|399\/399
|turn|9
|
|move|p1a: Clefable|Thunder Wave|p2a: Azumarill
|-status|p2a: Azumarill|par
|move|p2a: Azumarill|Knock Off|p1a: Clefable
|-resisted|p1a: Clefable
|-damage|p1a: Clefable|332\/394
|-enditem|p1a: Clefable|Leftovers|[from] move: Knock Off|[of] p2a: Azumarill
|
|turn|10
|
|switch|p2a: Scizor|Scizor-Mega, F|327\/327
|move|p1a: Clefable|Wish|p1a: Clefable
|
|turn|11
|
|switch|p2a: Keldeo-Resolute|Keldeo-Resolute|323\/323
|switch|p1a: Heatran|Heatran, F|255\/386
|-damage|p1a: Heatran|207\/386|[from] Stealth Rock
|
|-heal|p1a: Heatran|386\/386|[from] move: Wish|[wisher] Clefable
|turn|12
|
|switch|p1a: Gliscor|Gliscor, M|110\/354 tox
|-damage|p1a: Gliscor|66\/354 tox|[from] Stealth Rock
|move|p2a: Keldeo-Resolute|Scald|p1a: Gliscor
|-supereffective|p1a: Gliscor
|-damage|p1a: Gliscor|0 fnt
|faint|p1a: Gliscor
|
|
|switch|p1a: Ferrothorn|Ferrothorn, M|352\/352
|-damage|p1a: Ferrothorn|330\/352|[from] Stealth Rock
|turn|13
|
|switch|p2a: Scizor|Scizor-Mega, F|327\/327
|move|p1a: Ferrothorn|Leech Seed|p2a: Scizor
|-start|p2a: Scizor|move: Leech Seed
|
|-heal|p1a: Ferrothorn|352\/352|[from] item: Leftovers
|-damage|p2a: Scizor|287\/327|[from] Leech Seed|[of] p1a: Ferrothorn
|turn|14
|
|move|p2a: Scizor|Swords Dance|p2a: Scizor
|-boost|p2a: Scizor|atk|2
|move|p1a: Ferrothorn|Leech Seed|p2a: Scizor
|-fail|p2a: Scizor
|
|-damage|p2a: Scizor|247\/327|[from] Leech Seed|[of] p1a: Ferrothorn
|turn|15
|
|switch|p1a: Clefable|Clefable, F|332\/394
|-damage|p1a: Clefable|283\/394|[from] Stealth Rock
|move|p2a: Scizor|Knock Off|p1a: Clefable
|-resisted|p1a: Clefable
|-damage|p1a: Clefable|245\/394
|
|-damage|p2a: Scizor|207\/327|[from] Leech Seed|[of] p1a: Clefable
|-heal|p1a: Clefable|285\/394|[silent]
|turn|16
|
|switch|p1a: Heatran|Heatran, F|386\/386
|-damage|p1a: Heatran|338\/386|[from] Stealth Rock
|move|p2a: Scizor|Knock Off|p1a: Heatran
|-damage|p1a: Heatran|162\/386
|
|-damage|p2a: Scizor|167\/327|[from] Leech Seed|[of] p1a: Heatran
|-heal|p1a: Heatran|202\/386|[silent]
|turn|17
|
|switch|p2a: Azumarill|Azumarill, M|399\/399 par
|move|p1a: Heatran|Stealth Rock|p2a: Azumarill
|-sidestart|p2: blondey|move: Stealth Rock
|
|turn|18
|
|switch|p1a: Ferrothorn|Ferrothorn, M|352\/352
|-damage|p1a: Ferrothorn|330\/352|[from] Stealth Rock
|move|p2a: Azumarill|Waterfall|p1a: Ferrothorn
|-resisted|p1a: Ferrothorn
|-damage|p1a: Ferrothorn|268\/352
|-damage|p2a: Azumarill|350\/399 par|[from] ability: Iron Barbs|[of] p1a: Ferrothorn
|
|-heal|p1a: Ferrothorn|290\/352|[from] item: Leftovers
|turn|19
|
|move|p1a: Ferrothorn|Leech Seed|p2a: Azumarill
|-start|p2a: Azumarill|move: Leech Seed
|move|p2a: Azumarill|Knock Off|p1a: Ferrothorn
|-damage|p1a: Ferrothorn|185\/352
|-damage|p2a: Azumarill|301\/399 par|[from] ability: Iron Barbs|[of] p1a: Ferrothorn
|-enditem|p1a: Ferrothorn|Leftovers|[from] move: Knock Off|[of] p2a: Azumarill
|
|-damage|p2a: Azumarill|252\/399 par|[from] Leech Seed|[of] p1a: Ferrothorn
|-heal|p1a: Ferrothorn|234\/352|[silent]
|turn|20
|
|switch|p2a: Keldeo-Resolute|Keldeo-Resolute|323\/323
|-damage|p2a: Keldeo-Resolute|303\/323|[from] Stealth Rock
|move|p1a: Ferrothorn|Leech Seed|p2a: Keldeo-Resolute
|-start|p2a: Keldeo-Resolute|move: Leech Seed
|
|-damage|p2a: Keldeo-Resolute|263\/323|[from] Leech Seed|[of] p1a: Ferrothorn
|-heal|p1a: Ferrothorn|274\/352|[silent]
|turn|21
|
|switch|p1a: Clefable|Clefable, F|285\/394
|-damage|p1a: Clefable|236\/394|[from] Stealth Rock
|move|p2a: Keldeo-Resolute|Scald|p1a: Clefable
|-damage|p1a: Clefable|13\/394
|-status|p1a: Clefable|brn
|
|-damage|p2a: Keldeo-Resolute|223\/323|[from] Leech Seed|[of] p1a: Clefable
|-heal|p1a: Clefable|53\/394 brn|[silent]
|-damage|p1a: Clefable|4\/394 brn|[from] brn
|turn|22
|
|switch|p2a: Scizor|Scizor-Mega, F|167\/327
|-damage|p2a: Scizor|127\/327|[from] Stealth Rock
|move|p1a: Clefable|Thunder Wave|p2a: Scizor
|-status|p2a: Scizor|par
|
|-damage|p1a: Clefable|0 fnt|[from] brn
|faint|p1a: Clefable
|
|switch|p1a: Heatran|Heatran, F|202\/386
|-damage|p1a: Heatran|154\/386|[from] Stealth Rock
|turn|23
|
|switch|p2a: Azumarill|Azumarill, M|252\/399 par
|-damage|p2a: Azumarill|203\/399 par|[from] Stealth Rock
|move|p1a: Heatran|Lava Plume|p2a: Azumarill
|-resisted|p2a: Azumarill
|-damage|p2a: Azumarill|159\/399 par
|
|turn|24
|
|switch|p1a: Ferrothorn|Ferrothorn, M|274\/352
|-damage|p1a: Ferrothorn|252\/352|[from] Stealth Rock
|move|p2a: Azumarill|Waterfall|p1a: Ferrothorn
|-resisted|p1a: Ferrothorn
|-damage|p1a: Ferrothorn|186\/352
|-damage|p2a: Azumarill|110\/399 par|[from] ability: Iron Barbs|[of] p1a: Ferrothorn
|
|turn|25
|
|move|p1a: Ferrothorn|Power Whip|p2a: Azumarill
|-supereffective|p2a: Azumarill
|-damage|p2a: Azumarill|0 fnt
|faint|p2a: Azumarill
|
|
|switch|p2a: Keldeo-Resolute|Keldeo-Resolute|223\/323
|-damage|p2a: Keldeo-Resolute|203\/323|[from] Stealth Rock
|turn|26
|
|move|p2a: Keldeo-Resolute|Secret Sword|p1a: Ferrothorn
|-supereffective|p1a: Ferrothorn
|-damage|p1a: Ferrothorn|0 fnt
|faint|p1a: Ferrothorn
|
|
|switch|p1a: Keldeo|Keldeo|323\/323
|-damage|p1a: Keldeo|303\/323|[from] Stealth Rock
|turn|27
|
|switch|p2a: Scizor|Scizor-Mega, F|127\/327 par
|-damage|p2a: Scizor|87\/327 par|[from] Stealth Rock
|move|p1a: Keldeo|Secret Sword|p2a: Scizor
|-damage|p2a: Scizor|0 fnt
|faint|p2a: Scizor
|
|
|switch|p2a: Thundurus|Thundurus, M|299\/299
|-damage|p2a: Thundurus|225\/299|[from] Stealth Rock
|turn|28
|
|switch|p1a: Heatran|Heatran, F|154\/386
|-damage|p1a: Heatran|106\/386|[from] Stealth Rock
|move|p2a: Thundurus|Thunderbolt|p1a: Heatran
|-damage|p1a: Heatran|0 fnt
|-damage|p2a: Thundurus|196\/299|[from] item: Life Orb
|faint|p1a: Heatran
|
|
|switch|p1a: Tyranitar|Tyranitar, M|341\/341
|-damage|p1a: Tyranitar|299\/341|[from] Stealth Rock
|-weather|Sandstorm
|turn|29
|
|move|p2a: Thundurus|Thunder Wave|p1a: Tyranitar
|-status|p1a: Tyranitar|par
|move|p1a: Tyranitar|Crunch|p2a: Thundurus
|-damage|p2a: Thundurus|0 fnt
|faint|p2a: Thundurus
|
|-weather|Sandstorm|[upkeep]
|
|switch|p2a: Keldeo-Resolute|Keldeo-Resolute|203\/323
|-damage|p2a: Keldeo-Resolute|183\/323|[from] Stealth Rock
|turn|30
|
|switch|p1a: Keldeo|Keldeo|303\/323
|-damage|p1a: Keldeo|283\/323|[from] Stealth Rock
|move|p2a: Keldeo-Resolute|Secret Sword|p1a: Keldeo
|-damage|p1a: Keldeo|46\/323
|
|-weather|Sandstorm|[upkeep]
|-damage|p1a: Keldeo|26\/323|[from] sandstorm
|-damage|p2a: Keldeo-Resolute|163\/323|[from] sandstorm
|turn|31
|
|switch|p1a: Tyranitar|Tyranitar, M|299\/341 par
|-damage|p1a: Tyranitar|257\/341 par|[from] Stealth Rock
|switch|p2a: Latios|Latios, M|301\/301
|-damage|p2a: Latios|264\/301|[from] Stealth Rock
|
|-weather|Sandstorm|[upkeep]
|-damage|p2a: Latios|246\/301|[from] sandstorm
|turn|32
|
|move|p1a: Tyranitar|Pursuit|p2a: Latios|[from]Pursuit
|-supereffective|p2a: Latios
|-damage|p2a: Latios|0 fnt
|faint|p2a: Latios
|
|-weather|Sandstorm|[upkeep]
|
|switch|p2a: Keldeo-Resolute|Keldeo-Resolute|163\/323
|-damage|p2a: Keldeo-Resolute|143\/323|[from] Stealth Rock
|turn|33
|
|move|p2a: Keldeo-Resolute|Secret Sword|p1a: Tyranitar
|-supereffective|p1a: Tyranitar
|-damage|p1a: Tyranitar|0 fnt
|faint|p1a: Tyranitar
|
|-weather|none
|
|switch|p1a: Keldeo|Keldeo|26\/323
|-damage|p1a: Keldeo|6\/323|[from] Stealth Rock
|turn|34
|
|move|p1a: Keldeo|Secret Sword|p2a: Keldeo-Resolute
|-damage|p2a: Keldeo-Resolute|0 fnt
|faint|p2a: Keldeo-Resolute
|
|win|adoy adoy ~~
|raw|Ladder updating...
|c|âadoy adoy ~~|gg
|raw|adoy adoy ~~'s rating: 1468 &rarr; <strong>1488<\/strong><br \/>(+20 for winning)
|raw|blondey's rating: 1462 &rarr; <strong>1443<\/strong><br \/>(-19 for losing)
|c|âblondey|gg
|leave|blondey
|player|p2