|join|ben69
|join|kingcold
|player|p1|ben69|266
|player|p2|kingcold|16
|gametype|singles
|gen|6
|tier|ORAS OU
|rated
|rule|Sleep Clause Mod: Limit one foe put to sleep
|rule|Species Clause: Limit one of each PokÃ©mon
|rule|OHKO Clause: OHKO moves are banned
|rule|Moody Clause: Moody is banned
|rule|Evasion Moves Clause: Evasion moves are banned
|rule|Endless Battle Clause: Forcing endless battles is banned
|rule|HP Percentage Mod: HP is shown in percentages
|clearpoke
|poke|p1|Gallade, M
|poke|p1|Greninja, M
|poke|p1|Gengar, F
|poke|p1|Breloom, F
|poke|p1|Excadrill, M
|poke|p1|Landorus-Therian, M
|poke|p2|Jirachi
|poke|p2|Medicham, F
|poke|p2|Gliscor, F
|poke|p2|Swampert, F
|poke|p2|Dragonite, F, shiny
|poke|p2|Ditto
|rule|Swagger Clause: Swagger is banned
|rule|Baton Pass Clause: Limit one PokÃ©mon knowing Baton Pass
|teampreview
|
|start
|switch|p1a: Landorus-Therian|Landorus-Therian, M|341\/341
|switch|p2a: MonicaLewinsky|Jirachi|341\/341
|-ability|p1a: Landorus-Therian|Intimidate|[of] p2a: MonicaLewinsky
|-unboost|p2a: MonicaLewinsky|atk|1
|turn|1
|
|switch|p2a: Here's JOHNNY|Gliscor, F|354\/354
|move|p1a: Landorus-Therian|Substitute|p1a: Landorus-Therian
|-start|p1a: Landorus-Therian|Substitute
|-damage|p1a: Landorus-Therian|256\/341
|
|-heal|p1a: Landorus-Therian|277\/341|[from] item: Leftovers
|-status|p2a: Here's JOHNNY|tox|[from] item: Toxic Orb
|turn|2
|
|move|p1a: Landorus-Therian|Bulk Up|p1a: Landorus-Therian
|-boost|p1a: Landorus-Therian|atk|1
|-boost|p1a: Landorus-Therian|def|1
|move|p2a: Here's JOHNNY|Swords Dance|p2a: Here's JOHNNY
|-boost|p2a: Here's JOHNNY|atk|2
|
|-heal|p1a: Landorus-Therian|298\/341|[from] item: Leftovers
|turn|3
|
|move|p1a: Landorus-Therian|Gravity|p1a: Landorus-Therian
|-fieldstart|move: Gravity
|move|p2a: Here's JOHNNY|Ice Fang|p1a: Landorus-Therian
|-supereffective|p1a: Landorus-Therian
|-end|p1a: Landorus-Therian|Substitute
|
|-heal|p1a: Landorus-Therian|319\/341|[from] item: Leftovers
|turn|4
|
|switch|p1a: Greninja|Greninja, M|285\/285
|move|p2a: Here's JOHNNY|Ice Fang|p1a: Greninja
|-crit|p1a: Greninja
|-resisted|p1a: Greninja
|-damage|p1a: Greninja|181\/285
|
|turn|5
|
|switch|p2a: MonicaLewinsky|Jirachi|341\/341
|move|p1a: Greninja|Hydro Pump|p2a: MonicaLewinsky
|-start|p1a: Greninja|typechange|Water|[from] Protean
|-damage|p2a: MonicaLewinsky|119\/341
|-damage|p1a: Greninja|153\/285|[from] item: Life Orb
|
|turn|6
|
|switch|p1a: Landorus-Therian|Landorus-Therian, M|319\/341
|-ability|p1a: Landorus-Therian|Intimidate|[of] p2a: MonicaLewinsky
|-unboost|p2a: MonicaLewinsky|atk|1
|move|p2a: MonicaLewinsky|U-turn|p1a: Landorus-Therian
|-resisted|p1a: Landorus-Therian
|-damage|p1a: Landorus-Therian|293\/341
|
|switch|p2a: Here's JOHNNY|Gliscor, F|354\/354 tox
|
|-heal|p1a: Landorus-Therian|314\/341|[from] item: Leftovers
|turn|7
|
|switch|p1a: Gengar|Gengar, F|262\/262
|move|p2a: Here's JOHNNY|Earthquake|p1a: Gengar
|-supereffective|p1a: Gengar
|-damage|p1a: Gengar|0 fnt
|faint|p1a: Gengar
|
|-fieldend|move: Gravity
|c|âben69|oh yeah
|
|switch|p1a: Gallade|Gallade, M|278\/278
|turn|8
|
|detailschange|p1a: Gallade|Gallade-Mega, M
|message|Gallade has Mega Evolved into Mega Gallade!
|move|p1a: Gallade|Swords Dance|p1a: Gallade
|-boost|p1a: Gallade|atk|2
|move|p2a: Here's JOHNNY|Swords Dance|p2a: Here's JOHNNY
|-boost|p2a: Here's JOHNNY|atk|2
|
|turn|9
|
|move|p1a: Gallade|Ice Punch|p2a: Here's JOHNNY
|-supereffective|p2a: Here's JOHNNY
|-damage|p2a: Here's JOHNNY|0 fnt
|faint|p2a: Here's JOHNNY
|
|
|switch|p2a: Crossdresser|Ditto|299\/299
|-transform|p2a: Crossdresser|p1a: Gallade
|turn|10
|
|move|p2a: Crossdresser|Close Combat|p1a: Gallade
|-resisted|p1a: Gallade
|-damage|p1a: Gallade|23\/278
|-unboost|p2a: Crossdresser|def|1
|-unboost|p2a: Crossdresser|spd|1
|move|p1a: Gallade|Leaf Blade|p2a: Crossdresser
|-damage|p2a: Crossdresser|0 fnt
|faint|p2a: Crossdresser
|
|
|switch|p2a: Jeffrey Dahmer|Medicham, F|261\/261
|turn|11
|
|switch|p1a: Landorus-Therian|Landorus-Therian, M|314\/341
|-ability|p1a: Landorus-Therian|Intimidate|[of] p2a: Jeffrey Dahmer
|-unboost|p2a: Jeffrey Dahmer|atk|1
|detailschange|p2a: Jeffrey Dahmer|Medicham-Mega, F
|message|Medicham has Mega Evolved into Mega Medicham!
|move|p2a: Jeffrey Dahmer|Bullet Punch|p1a: Landorus-Therian
|-damage|p1a: Landorus-Therian|245\/341
|
|-heal|p1a: Landorus-Therian|266\/341|[from] item: Leftovers
|turn|12
|
|switch|p2a: Swampert|Swampert, F|404\/404
|move|p1a: Landorus-Therian|Bulk Up|p1a: Landorus-Therian
|-boost|p1a: Landorus-Therian|atk|1
|-boost|p1a: Landorus-Therian|def|1
|
|-heal|p1a: Landorus-Therian|287\/341|[from] item: Leftovers
|turn|13
|
|move|p1a: Landorus-Therian|Earthquake|p2a: Swampert
|-damage|p2a: Swampert|86\/404
|move|p2a: Swampert|Ice Punch|p1a: Landorus-Therian
|-crit|p1a: Landorus-Therian
|-supereffective|p1a: Landorus-Therian
|-damage|p1a: Landorus-Therian|0 fnt
|faint|p1a: Landorus-Therian
|
|
|switch|p1a: Excadrill|Excadrill, M|362\/362
|-ability|p1a: Excadrill|Mold Breaker
|turn|14
|
|move|p1a: Excadrill|Earthquake|p2a: Swampert
|-damage|p2a: Swampert|0 fnt
|faint|p2a: Swampert
|
|
|switch|p2a: MonicaLewinsky|Jirachi|119\/341
|turn|15
|
|move|p2a: MonicaLewinsky|Trick|p1a: Excadrill
|-activate|p2a: MonicaLewinsky|move: Trick|[of] p1a: Excadrill
|-item|p1a: Excadrill|Choice Scarf|[from] move: Trick
|-item|p2a: MonicaLewinsky|Focus Sash|[from] move: Trick
|move|p1a: Excadrill|Rock Tomb|p2a: MonicaLewinsky
|-resisted|p2a: MonicaLewinsky
|-damage|p2a: MonicaLewinsky|76\/341
|-unboost|p2a: MonicaLewinsky|spe|1
|
|turn|16
|
|move|p1a: Excadrill|Rock Tomb|p2a: MonicaLewinsky|[miss]
|-miss|p1a: Excadrill|p2a: MonicaLewinsky
|move|p2a: MonicaLewinsky|Ice Punch|p1a: Excadrill
|-damage|p1a: Excadrill|234\/362
|
|turn|17
|
|switch|p1a: Greninja|Greninja, M|153\/285
|move|p2a: MonicaLewinsky|Iron Head|p1a: Greninja
|-resisted|p1a: Greninja
|-damage|p1a: Greninja|52\/285
|
|turn|18
|
|move|p1a: Greninja|Dark Pulse|p2a: MonicaLewinsky
|-start|p1a: Greninja|typechange|Dark|[from] Protean
|-supereffective|p2a: MonicaLewinsky
|-damage|p2a: MonicaLewinsky|0 fnt
|-damage|p1a: Greninja|24\/285|[from] item: Life Orb
|faint|p2a: MonicaLewinsky
|
|
|switch|p2a: Jeffrey Dahmer|Medicham-Mega, F|261\/261
|turn|19
|
|move|p2a: Jeffrey Dahmer|Bullet Punch|p1a: Greninja
|-damage|p1a: Greninja|0 fnt
|faint|p1a: Greninja
|
|
|switch|p1a: Gallade|Gallade-Mega, M|23\/278
|turn|20
|
|move|p2a: Jeffrey Dahmer|Bullet Punch|p1a: Gallade
|-damage|p1a: Gallade|0 fnt
|faint|p1a: Gallade
|
|
|switch|p1a: Breloom|Breloom, F|262\/262
|turn|21
|
|move|p1a: Breloom|Mach Punch|p2a: Jeffrey Dahmer
|-resisted|p2a: Jeffrey Dahmer
|-damage|p2a: Jeffrey Dahmer|169\/261
|-damage|p1a: Breloom|236\/262|[from] item: Life Orb
|move|p2a: Jeffrey Dahmer|Zen Headbutt|p1a: Breloom
|-supereffective|p1a: Breloom
|-damage|p1a: Breloom|0 fnt
|faint|p1a: Breloom
|
|
|switch|p1a: Excadrill|Excadrill, M|234\/362
|-ability|p1a: Excadrill|Mold Breaker
|turn|22
|-message|ben69 forfeited.
|
|win|kingcold
|raw|Ladder updating...
|leave|ben69
|player|p1
|raw|Ladder (probably) updated, but score could not be retrieved (timeout).
|raw|Ladder (probably) updated, but score could not be retrieved (Error: socket hang up).