|join|Davon
|join|ben69
|player|p1|Davon|75
|player|p2|ben69|101
|gametype|singles
|gen|6
|tier|ORAS OU
|rated
|rule|Sleep Clause Mod: Limit one foe put to sleep
|rule|Species Clause: Limit one of each PokÃ©mon
|rule|OHKO Clause: OHKO moves are banned
|rule|Moody Clause: Moody is banned
|rule|Evasion Moves Clause: Evasion moves are banned
|rule|Endless Battle Clause: Forcing endless battles is banned
|rule|HP Percentage Mod: HP is shown in percentages
|clearpoke
|poke|p1|Suicune
|poke|p1|Sceptile, M
|poke|p1|Jirachi
|poke|p1|Zapdos
|poke|p1|Clefable, F
|poke|p1|Landorus-Therian, M
|poke|p2|Salamence, F
|poke|p2|Greninja, M
|poke|p2|Gengar, M
|poke|p2|Breloom, M
|poke|p2|Excadrill, F
|poke|p2|Tyranitar, M
|rule|Swagger Clause: Swagger is banned
|rule|Baton Pass Clause: Limit one PokÃ©mon knowing Baton Pass
|teampreview
|
|start
|switch|p1a: Car Insurance|Sceptile, M|282\/282
|switch|p2a: Breloom|Breloom, M|262\/262
|turn|1
|
|detailschange|p1a: Car Insurance|Sceptile-Mega, M
|message|Sceptile has Mega Evolved into Mega Sceptile!
|move|p1a: Car Insurance|Giga Drain|p2a: Breloom
|-resisted|p2a: Breloom
|-damage|p2a: Breloom|152\/262
|move|p2a: Breloom|Force Palm|p1a: Car Insurance
|-damage|p1a: Car Insurance|16\/282
|-damage|p2a: Breloom|126\/262|[from] item: Life Orb
|
|turn|2
|
|move|p2a: Breloom|Mach Punch|p1a: Car Insurance
|-damage|p1a: Car Insurance|0 fnt
|-damage|p2a: Breloom|100\/262|[from] item: Life Orb
|faint|p1a: Car Insurance
|
|
|switch|p1a: Doge #2|Landorus-Therian, M|330\/330
|-ability|p1a: Doge #2|Intimidate|[of] p2a: Breloom
|-unboost|p2a: Breloom|atk|1
|turn|3
|
|switch|p2a: Gengar|Gengar, M|262\/262
|move|p1a: Doge #2|U-turn|p2a: Gengar
|-resisted|p2a: Gengar
|-damage|p2a: Gengar|226\/262
|
|switch|p1a: Procune|Suicune|404\/404
|-ability|p1a: Procune|Pressure
|
|-heal|p2a: Gengar|242\/262|[from] item: Leftovers
|turn|4
|
|switch|p2a: Tyranitar|Tyranitar, M|380\/380
|-weather|Sandstorm
|move|p1a: Procune|Calm Mind|p1a: Procune
|-boost|p1a: Procune|spa|1
|-boost|p1a: Procune|spd|1
|
|-weather|Sandstorm|[upkeep]
|-damage|p1a: Procune|379\/404|[from] sandstorm
|-heal|p1a: Procune|404\/404|[from] item: Leftovers
|turn|5
|
|move|p1a: Procune|Scald|p2a: Tyranitar
|-supereffective|p2a: Tyranitar
|-damage|p2a: Tyranitar|218\/380
|move|p2a: Tyranitar|Crunch|p1a: Procune
|-damage|p1a: Procune|260\/404
|
|-weather|Sandstorm|[upkeep]
|-damage|p1a: Procune|235\/404|[from] sandstorm
|-heal|p1a: Procune|260\/404|[from] item: Leftovers
|turn|6
|
|move|p1a: Procune|Scald|p2a: Tyranitar
|-supereffective|p2a: Tyranitar
|-damage|p2a: Tyranitar|50\/380
|-status|p2a: Tyranitar|brn
|move|p2a: Tyranitar|Crunch|p1a: Procune
|-damage|p1a: Procune|188\/404
|-unboost|p1a: Procune|def|1
|
|-weather|Sandstorm|[upkeep]
|-damage|p1a: Procune|163\/404|[from] sandstorm
|-heal|p1a: Procune|188\/404|[from] item: Leftovers
|-damage|p2a: Tyranitar|3\/380 brn|[from] brn
|turn|7
|
|move|p1a: Procune|Rest|p1a: Procune
|-status|p1a: Procune|slp
|-heal|p1a: Procune|404\/404 slp|[silent]
|-status|p1a: Procune|slp|[from] move: Rest
|move|p2a: Tyranitar|Crunch|p1a: Procune
|-damage|p1a: Procune|289\/404 slp
|-unboost|p1a: Procune|def|1
|
|-weather|Sandstorm|[upkeep]
|-damage|p1a: Procune|264\/404 slp|[from] sandstorm
|-heal|p1a: Procune|289\/404 slp|[from] item: Leftovers
|-damage|p2a: Tyranitar|0 fnt|[from] brn
|faint|p2a: Tyranitar
|
|switch|p2a: Breloom|Breloom, M|100\/262
|turn|8
|
|switch|p1a: Hax IMO|Jirachi|404\/404
|move|p2a: Breloom|Bullet Seed|p1a: Hax IMO
|-resisted|p1a: Hax IMO
|-damage|p1a: Hax IMO|353\/404
|-resisted|p1a: Hax IMO
|-damage|p1a: Hax IMO|309\/404
|-resisted|p1a: Hax IMO
|-damage|p1a: Hax IMO|262\/404
|-resisted|p1a: Hax IMO
|-damage|p1a: Hax IMO|213\/404
|-resisted|p1a: Hax IMO
|-damage|p1a: Hax IMO|162\/404
|-hitcount|p1a: Hax IMO|5
|-damage|p2a: Breloom|74\/262|[from] item: Life Orb
|
|-weather|none
|-heal|p1a: Hax IMO|187\/404|[from] item: Leftovers
|turn|9
|
|switch|p2a: Greninja|Greninja, M|285\/285
|move|p1a: Hax IMO|Iron Head|p2a: Greninja
|-resisted|p2a: Greninja
|-damage|p2a: Greninja|204\/285
|
|-heal|p1a: Hax IMO|212\/404|[from] item: Leftovers
|turn|10
|
|switch|p1a: Freeze Me|Clefable, F|394\/394
|move|p2a: Greninja|Dark Pulse|p1a: Freeze Me
|-start|p2a: Greninja|typechange|Dark|[from] Protean
|-resisted|p1a: Freeze Me
|-damage|p1a: Freeze Me|325\/394
|-damage|p2a: Greninja|176\/285|[from] item: Life Orb
|
|-heal|p1a: Freeze Me|349\/394|[from] item: Leftovers
|turn|11
|
|move|p2a: Greninja|Gunk Shot|p1a: Freeze Me
|-start|p2a: Greninja|typechange|Poison|[from] Protean
|-supereffective|p1a: Freeze Me
|-damage|p1a: Freeze Me|0 fnt
|-damage|p2a: Greninja|148\/285|[from] item: Life Orb
|faint|p1a: Freeze Me
|
|
|switch|p1a: Doge #2|Landorus-Therian, M|330\/330
|-ability|p1a: Doge #2|Intimidate|[of] p2a: Greninja
|-unboost|p2a: Greninja|atk|1
|turn|12
|
|switch|p2a: Salamence|Salamence, F|393\/393
|-ability|p2a: Salamence|Intimidate|[of] p1a: Doge #2
|-unboost|p1a: Doge #2|atk|1
|move|p1a: Doge #2|Earthquake|p2a: Salamence
|-immune|p2a: Salamence|[msg]
|
|turn|13
|
|switch|p2a: Excadrill|Excadrill, F|362\/362
|-ability|p2a: Excadrill|Mold Breaker
|move|p1a: Doge #2|Earthquake|p2a: Excadrill
|-supereffective|p2a: Excadrill
|-enditem|p2a: Excadrill|Focus Sash
|-damage|p2a: Excadrill|1\/362
|
|turn|14
|
|switch|p1a: Hax IMO|Jirachi|212\/404
|switch|p2a: Salamence|Salamence, F|393\/393
|-ability|p2a: Salamence|Intimidate|[of] p1a: Hax IMO
|-unboost|p1a: Hax IMO|atk|1
|
|-heal|p1a: Hax IMO|237\/404|[from] item: Leftovers
|turn|15
|
|switch|p2a: Excadrill|Excadrill, F|1\/362
|-ability|p2a: Excadrill|Mold Breaker
|move|p1a: Hax IMO|Toxic|p2a: Excadrill
|-fail|p2a: Excadrill
|
|-heal|p1a: Hax IMO|262\/404|[from] item: Leftovers
|turn|16
|
|move|p1a: Hax IMO|Fire Punch|p2a: Excadrill
|-supereffective|p2a: Excadrill
|-damage|p2a: Excadrill|0 fnt
|faint|p2a: Excadrill
|
|-heal|p1a: Hax IMO|287\/404|[from] item: Leftovers
|
|switch|p2a: Greninja|Greninja, M|148\/285
|turn|17
|
|move|p2a: Greninja|Dark Pulse|p1a: Hax IMO
|-start|p2a: Greninja|typechange|Dark|[from] Protean
|-supereffective|p1a: Hax IMO
|-damage|p1a: Hax IMO|0 fnt
|-damage|p2a: Greninja|120\/285|[from] item: Life Orb
|faint|p1a: Hax IMO
|
|
|switch|p1a: Doge #2|Landorus-Therian, M|330\/330
|-ability|p1a: Doge #2|Intimidate|[of] p2a: Greninja
|-unboost|p2a: Greninja|atk|1
|turn|18
|
|switch|p2a: Salamence|Salamence, F|393\/393
|-ability|p2a: Salamence|Intimidate|[of] p1a: Doge #2
|-unboost|p1a: Doge #2|atk|1
|move|p1a: Doge #2|Stone Edge|p2a: Salamence
|-supereffective|p2a: Salamence
|-damage|p2a: Salamence|173\/393
|
|turn|19
|
|switch|p1a: Binky|Zapdos|369\/369
|-ability|p1a: Binky|Pressure
|detailschange|p2a: Salamence|Salamence-Mega, F
|message|Salamence has Mega Evolved into Mega Salamence!
|move|p2a: Salamence|Roost|p2a: Salamence
|-heal|p2a: Salamence|370\/393
|
|turn|20
|
|move|p2a: Salamence|Substitute|p2a: Salamence
|-start|p2a: Salamence|Substitute
|-damage|p2a: Salamence|272\/393
|move|p1a: Binky|Thunderbolt|p2a: Salamence
|-end|p2a: Salamence|Substitute
|
|turn|21
|
|move|p2a: Salamence|Dragon Dance|p2a: Salamence
|-boost|p2a: Salamence|atk|1
|-boost|p2a: Salamence|spe|1
|move|p1a: Binky|Hidden Power|p2a: Salamence
|-supereffective|p2a: Salamence
|-damage|p2a: Salamence|12\/393
|
|turn|22
|
|move|p2a: Salamence|Roost|p2a: Salamence
|-heal|p2a: Salamence|209\/393
|move|p1a: Binky|Hidden Power|p2a: Salamence
|-supereffective|p2a: Salamence
|-damage|p2a: Salamence|99\/393
|
|turn|23
|
|move|p2a: Salamence|Roost|p2a: Salamence
|-heal|p2a: Salamence|296\/393
|move|p1a: Binky|Hidden Power|p2a: Salamence
|-crit|p2a: Salamence
|-supereffective|p2a: Salamence
|-damage|p2a: Salamence|126\/393
|
|turn|24
|
|move|p2a: Salamence|Roost|p2a: Salamence
|-heal|p2a: Salamence|323\/393
|move|p1a: Binky|Hidden Power|p2a: Salamence
|-supereffective|p2a: Salamence
|-damage|p2a: Salamence|205\/393
|
|turn|25
|
|move|p2a: Salamence|Roost|p2a: Salamence
|-heal|p2a: Salamence|393\/393
|move|p1a: Binky|Hidden Power|p2a: Salamence
|-supereffective|p2a: Salamence
|-damage|p2a: Salamence|263\/393
|
|turn|26
|
|move|p2a: Salamence|Return|p1a: Binky
|-resisted|p1a: Binky
|-damage|p1a: Binky|227\/369
|move|p1a: Binky|Hidden Power|p2a: Salamence
|-supereffective|p2a: Salamence
|-damage|p2a: Salamence|19\/393
|
|-heal|p1a: Binky|250\/369|[from] item: Leftovers
|turn|27
|
|move|p2a: Salamence|Roost|p2a: Salamence
|-heal|p2a: Salamence|216\/393
|move|p1a: Binky|Hidden Power|p2a: Salamence
|-supereffective|p2a: Salamence
|-damage|p2a: Salamence|106\/393
|
|-heal|p1a: Binky|273\/369|[from] item: Leftovers
|turn|28
|
|move|p2a: Salamence|Roost|p2a: Salamence
|-heal|p2a: Salamence|303\/393
|move|p1a: Binky|Hidden Power|p2a: Salamence
|-supereffective|p2a: Salamence
|-damage|p2a: Salamence|183\/393
|
|-heal|p1a: Binky|296\/369|[from] item: Leftovers
|turn|29
|
|move|p2a: Salamence|Roost|p2a: Salamence
|-heal|p2a: Salamence|380\/393
|move|p1a: Binky|Hidden Power|p2a: Salamence
|-supereffective|p2a: Salamence
|-damage|p2a: Salamence|270\/393
|
|-heal|p1a: Binky|319\/369|[from] item: Leftovers
|turn|30
|
|move|p2a: Salamence|Return|p1a: Binky
|-resisted|p1a: Binky
|-damage|p1a: Binky|183\/369
|move|p1a: Binky|Hidden Power|p2a: Salamence
|-supereffective|p2a: Salamence
|-damage|p2a: Salamence|10\/393
|
|-heal|p1a: Binky|206\/369|[from] item: Leftovers
|turn|31
|
|move|p2a: Salamence|Roost|p2a: Salamence
|-heal|p2a: Salamence|207\/393
|move|p1a: Binky|Hidden Power|p2a: Salamence
|-supereffective|p2a: Salamence
|-damage|p2a: Salamence|89\/393
|
|-heal|p1a: Binky|229\/369|[from] item: Leftovers
|turn|32
|
|move|p2a: Salamence|Roost|p2a: Salamence
|-heal|p2a: Salamence|286\/393
|move|p1a: Binky|Hidden Power|p2a: Salamence
|-supereffective|p2a: Salamence
|-damage|p2a: Salamence|164\/393
|
|-heal|p1a: Binky|252\/369|[from] item: Leftovers
|turn|33
|
|move|p2a: Salamence|Roost|p2a: Salamence
|-heal|p2a: Salamence|361\/393
|move|p1a: Binky|Hidden Power|p2a: Salamence
|-supereffective|p2a: Salamence
|-damage|p2a: Salamence|235\/393
|
|-heal|p1a: Binky|275\/369|[from] item: Leftovers
|turn|34
|
|move|p2a: Salamence|Return|p1a: Binky
|-resisted|p1a: Binky
|-damage|p1a: Binky|137\/369
|move|p1a: Binky|Hidden Power|p2a: Salamence
|-supereffective|p2a: Salamence
|-damage|p2a: Salamence|0 fnt
|faint|p2a: Salamence
|
|-heal|p1a: Binky|160\/369|[from] item: Leftovers
|
|switch|p2a: Greninja|Greninja, M|120\/285
|turn|35
|
|switch|p1a: Procune|Suicune|289\/404 slp
|-ability|p1a: Procune|Pressure
|move|p2a: Greninja|Ice Beam|p1a: Procune
|-start|p2a: Greninja|typechange|Ice|[from] Protean
|-resisted|p1a: Procune
|-damage|p1a: Procune|211\/404 slp
|-damage|p2a: Greninja|92\/285|[from] item: Life Orb
|
|-heal|p1a: Procune|236\/404 slp|[from] item: Leftovers
|turn|36
|
|switch|p2a: Breloom|Breloom, M|74\/262
|cant|p1a: Procune|slp
|move|p1a: Procune|Sleep Talk|p1a: Procune
|move|p1a: Procune|Rest|p1a: Procune|[from]Sleep Talk
|-fail|p1a: Procune
|
|-heal|p1a: Procune|261\/404 slp|[from] item: Leftovers
|turn|37
|
|switch|p1a: Binky|Zapdos|160\/369
|-ability|p1a: Binky|Pressure
|move|p2a: Breloom|Bullet Seed|p1a: Binky
|-resisted|p1a: Binky
|-damage|p1a: Binky|125\/369
|-resisted|p1a: Binky
|-damage|p1a: Binky|86\/369
|-resisted|p1a: Binky
|-damage|p1a: Binky|47\/369
|-hitcount|p1a: Binky|3
|-damage|p2a: Breloom|48\/262|[from] item: Life Orb
|
|-heal|p1a: Binky|70\/369|[from] item: Leftovers
|turn|38
|
|move|p2a: Breloom|Mach Punch|p1a: Binky
|-resisted|p1a: Binky
|-damage|p1a: Binky|12\/369
|-damage|p2a: Breloom|22\/262|[from] item: Life Orb
|move|p1a: Binky|Thunderbolt|p2a: Breloom
|-resisted|p2a: Breloom
|-damage|p2a: Breloom|0 fnt
|faint|p2a: Breloom
|
|-heal|p1a: Binky|35\/369|[from] item: Leftovers
|
|switch|p2a: Greninja|Greninja, M|92\/285
|turn|39
|
|move|p2a: Greninja|Dark Pulse|p1a: Binky
|-start|p2a: Greninja|typechange|Dark|[from] Protean
|-damage|p1a: Binky|0 fnt
|-damage|p2a: Greninja|64\/285|[from] item: Life Orb
|faint|p1a: Binky
|
|
|switch|p1a: Procune|Suicune|261\/404 slp
|-ability|p1a: Procune|Pressure
|turn|40
|
|move|p2a: Greninja|Dark Pulse|p1a: Procune
|-damage|p1a: Procune|123\/404 slp
|-damage|p2a: Greninja|36\/285|[from] item: Life Orb
|cant|p1a: Procune|slp
|move|p1a: Procune|Sleep Talk|p1a: Procune
|move|p1a: Procune|Scald|p2a: Greninja|[from]Sleep Talk
|-damage|p2a: Greninja|0 fnt
|faint|p2a: Greninja
|
|-heal|p1a: Procune|148\/404 slp|[from] item: Leftovers
|
|switch|p2a: Gengar|Gengar, M|242\/262
|turn|41
|
|move|p2a: Gengar|Sludge Wave|p1a: Procune
|-damage|p1a: Procune|0 fnt
|faint|p1a: Procune
|
|-heal|p2a: Gengar|258\/262|[from] item: Leftovers
|
|switch|p1a: Doge #2|Landorus-Therian, M|330\/330
|-ability|p1a: Doge #2|Intimidate|[of] p2a: Gengar
|-unboost|p2a: Gengar|atk|1
|turn|42
|
|move|p1a: Doge #2|Knock Off|p2a: Gengar
|-supereffective|p2a: Gengar
|-damage|p2a: Gengar|0 fnt
|-enditem|p2a: Gengar|Leftovers|[from] move: Knock Off|[of] p1a: Doge #2
|faint|p2a: Gengar
|
|win|Davon
|raw|Ladder updating...
|raw|Davon's rating: 1608 &rarr; <strong>1629<\/strong><br \/>(+21 for winning)
|raw|ben69's rating: 1626 &rarr; <strong>1605<\/strong><br \/>(-21 for losing)