|join|GGamer745
|join|ben69
|player|p1|GGamer745|78
|player|p2|ben69|2
|gametype|singles
|gen|6
|tier|OU
|rated
|clearpoke
|poke|p1|Starmie
|poke|p1|Landorus-Therian, M
|poke|p1|Manectric, F
|poke|p1|Terrakion
|poke|p1|Gothitelle, M
|poke|p1|Talonflame, M
|poke|p2|Lucario, F
|poke|p2|Azumarill, M
|poke|p2|Scizor, F
|poke|p2|Mamoswine, M
|poke|p2|Thundurus, M
|poke|p2|Landorus, M
|rule|Swagger Clause: Swagger is banned
|rule|Baton Pass Clause: Limit one PokÃ©mon knowing Baton Pass
|rule|Sleep Clause Mod: Limit one foe put to sleep
|rule|Species Clause: Limit one of each PokÃ©mon
|rule|OHKO Clause: OHKO moves are banned
|rule|Moody Clause: Moody is banned
|rule|Evasion Moves Clause: Evasion moves are banned
|rule|Endless Battle Clause: Forcing endless battles is banned
|rule|HP Percentage Mod: HP is shown in percentages
|teampreview
|
|start
|switch|p1a: Terrakion|Terrakion|323\/323
|switch|p2a: Mamoswine|Mamoswine, M|361\/361
|turn|1
|
|move|p1a: Terrakion|Stealth Rock|p2a: Mamoswine
|-sidestart|p2: ben69|move: Stealth Rock
|move|p2a: Mamoswine|Earthquake|p1a: Terrakion
|-supereffective|p1a: Terrakion
|-enditem|p1a: Terrakion|Focus Sash
|-damage|p1a: Terrakion|1\/323
|
|turn|2
|
|move|p2a: Mamoswine|Ice Shard|p1a: Terrakion
|-damage|p1a: Terrakion|0 fnt
|faint|p1a: Terrakion
|
|
|switch|p1a: Starmie|Starmie|261\/261
|turn|3
|
|move|p1a: Starmie|Hydro Pump|p2a: Mamoswine|[miss]
|-miss|p1a: Starmie|p2a: Mamoswine
|move|p2a: Mamoswine|Endeavor|p1a: Starmie
|-immune|p1a: Starmie|[msg]
|-fail|p1a: Starmie
|
|turn|4
|
|move|p1a: Starmie|Rapid Spin|p2a: Mamoswine
|-damage|p2a: Mamoswine|343\/361
|-damage|p1a: Starmie|235\/261|[from] item: Life Orb
|move|p2a: Mamoswine|Stealth Rock|p1a: Starmie
|-sidestart|p1: GGamer745|move: Stealth Rock
|
|turn|5
|
|move|p1a: Starmie|Hydro Pump|p2a: Mamoswine
|-supereffective|p2a: Mamoswine
|-damage|p2a: Mamoswine|0 fnt
|-damage|p1a: Starmie|209\/261|[from] item: Life Orb
|faint|p2a: Mamoswine
|
|
|switch|p2a: Azumarill|Azumarill, M|351\/351
|-damage|p2a: Azumarill|308\/351|[from] Stealth Rock
|turn|6
|
|move|p1a: Starmie|Rapid Spin|p2a: Azumarill
|-damage|p2a: Azumarill|291\/351
|-sideend|p1: GGamer745|Stealth Rock|[from] move: Rapid Spin|[of] p1a: Starmie
|-damage|p1a: Starmie|183\/261|[from] item: Life Orb
|move|p2a: Azumarill|Belly Drum|p2a: Azumarill
|-damage|p2a: Azumarill|116\/351
|-setboost|p2a: Azumarill|atk|6|[from] move: Belly Drum
|-enditem|p2a: Azumarill|Sitrus Berry|[eat]
|-heal|p2a: Azumarill|203\/351|[from] item: Sitrus Berry
|
|turn|7
|
|move|p2a: Azumarill|Aqua Jet|p1a: Starmie
|-resisted|p1a: Starmie
|-damage|p1a: Starmie|0 fnt
|faint|p1a: Starmie
|
|
|switch|p1a: Talonflame|Talonflame, M|297\/297
|turn|8
|
|move|p1a: Talonflame|Brave Bird|p2a: Azumarill
|-damage|p2a: Azumarill|0 fnt
|-damage|p1a: Talonflame|230\/297|[from] recoil|[of] p2a: Azumarill
|faint|p2a: Azumarill
|
|
|switch|p2a: Thundurus|Thundurus, M|300\/300
|-damage|p2a: Thundurus|225\/300|[from] Stealth Rock
|turn|9
|
|switch|p1a: Manectric|Manectric, F|281\/281
|move|p2a: Thundurus|Psychic|p1a: Manectric
|-damage|p1a: Manectric|81\/281
|-damage|p2a: Thundurus|195\/300|[from] item: Life Orb
|
|turn|10
|
|detailschange|p1a: Manectric|Manectric-Mega, F
|message|Manectric has Mega Evolved into Mega Manectric!
|-ability|p1a: Manectric|Intimidate|[of] p2a: Thundurus
|-unboost|p2a: Thundurus|atk|1
|move|p2a: Thundurus|Psychic|p1a: Manectric
|-damage|p1a: Manectric|0 fnt
|-damage|p2a: Thundurus|165\/300|[from] item: Life Orb
|faint|p1a: Manectric
|
|
|switch|p1a: Gothitelle|Gothitelle, M|305\/305
|turn|11
|
|move|p2a: Thundurus|Thunderbolt|p1a: Gothitelle
|-damage|p1a: Gothitelle|113\/305
|-damage|p2a: Thundurus|135\/300|[from] item: Life Orb
|move|p1a: Gothitelle|Psychic|p2a: Thundurus
|-damage|p2a: Thundurus|0 fnt
|faint|p2a: Thundurus
|
|
|switch|p2a: Scizor|Scizor, F|281\/281
|-damage|p2a: Scizor|246\/281|[from] Stealth Rock
|turn|12
|
|switch|p1a: Landorus-Therian|Landorus-Therian, M|330\/330
|-ability|p1a: Landorus-Therian|Intimidate|[of] p2a: Scizor
|-unboost|p2a: Scizor|atk|1
|detailschange|p2a: Scizor|Scizor-Mega, F
|message|Scizor has Mega Evolved into Mega Scizor!
|move|p2a: Scizor|Swords Dance|p2a: Scizor
|-boost|p2a: Scizor|atk|2
|
|turn|13
|
|move|p2a: Scizor|Bullet Punch|p1a: Landorus-Therian
|-damage|p1a: Landorus-Therian|137\/330
|move|p1a: Landorus-Therian|Earthquake|p2a: Scizor
|-damage|p2a: Scizor|53\/281
|
|turn|14
|
|move|p2a: Scizor|Bullet Punch|p1a: Landorus-Therian
|-damage|p1a: Landorus-Therian|0 fnt
|faint|p1a: Landorus-Therian
|
|
|switch|p1a: Talonflame|Talonflame, M|230\/297
|turn|15
|
|move|p1a: Talonflame|Brave Bird|p2a: Scizor
|-damage|p2a: Scizor|0 fnt
|-damage|p1a: Talonflame|213\/297|[from] recoil|[of] p2a: Scizor
|faint|p2a: Scizor
|
|
|switch|p2a: Landorus|Landorus, M|319\/319
|-damage|p2a: Landorus|280\/319|[from] Stealth Rock
|turn|16
|
|move|p1a: Talonflame|Brave Bird|p2a: Landorus
|-damage|p2a: Landorus|15\/319
|-damage|p1a: Talonflame|126\/297|[from] recoil|[of] p2a: Landorus
|move|p2a: Landorus|Knock Off|p1a: Talonflame
|-damage|p1a: Talonflame|0 fnt
|-enditem|p1a: Talonflame|Choice Band|[from] move: Knock Off|[of] p2a: Landorus
|-damage|p2a: Landorus|0 fnt|[from] item: Life Orb
|faint|p1a: Talonflame
|faint|p2a: Landorus
|
|
|switch|p2a: Lucario|Lucario, F|281\/281
|-damage|p2a: Lucario|273\/281|[from] Stealth Rock
|switch|p1a: Gothitelle|Gothitelle, M|113\/305
|-item|p2a: Lucario|Air Balloon
|turn|17
|
|move|p2a: Lucario|Extreme Speed|p1a: Gothitelle
|-damage|p1a: Gothitelle|23\/305
|move|p1a: Gothitelle|Psychic|p2a: Lucario
|-damage|p2a: Lucario|0 fnt
|-enditem|p2a: Lucario|Air Balloon
|faint|p2a: Lucario
|
|win|GGamer745
|raw|Ladder updating...
|raw|GGamer745's rating: 1660 &rarr; <strong>1682<\/strong><br \/>(+22 for winning)
|raw|ben69's rating: 1707 &rarr; <strong>1684<\/strong><br \/>(-23 for losing)