|join|Terhaar
|join|ben69
|player|p1|Terhaar|1
|player|p2|ben69|102
|gametype|singles
|gen|6
|tier|OU
|rated
|clearpoke
|poke|p1|Landorus-Therian, M
|poke|p1|Mew
|poke|p1|Gardevoir, F
|poke|p1|Rotom-Wash
|poke|p1|Keldeo
|poke|p1|Ferrothorn, F
|poke|p2|Medicham, M
|poke|p2|Tyranitar, F
|poke|p2|Ferrothorn, M
|poke|p2|Gothitelle, M
|poke|p2|Excadrill, F
|poke|p2|Keldeo
|rule|Swagger Clause: Swagger is banned
|rule|Baton Pass Clause: Limit one PokÃ©mon knowing Baton Pass
|rule|Sleep Clause Mod: Limit one foe put to sleep
|rule|Species Clause: Limit one of each PokÃ©mon
|rule|OHKO Clause: OHKO moves are banned
|rule|Moody Clause: Moody is banned
|rule|Evasion Moves Clause: Evasion moves are banned
|rule|Endless Battle Clause: Forcing endless battles is banned
|rule|HP Percentage Mod: HP is shown in percentages
|teampreview
|
|start
|switch|p1a: DJALMA SANTOS|Landorus-Therian, M|326\/326
|switch|p2a: Keldeo|Keldeo|323\/323
|-ability|p1a: DJALMA SANTOS|Intimidate|[of] p2a: Keldeo
|-unboost|p2a: Keldeo|atk|1
|turn|1
|
|switch|p1a: MARCOS|Ferrothorn, F|352\/352
|move|p2a: Keldeo|Scald|p1a: MARCOS
|-resisted|p1a: MARCOS
|-damage|p1a: MARCOS|295\/352
|
|-heal|p1a: MARCOS|317\/352|[from] item: Leftovers
|turn|2
|
|switch|p2a: Gothitelle|Gothitelle, M|281\/281
|switch|p1a: DJALMA SANTOS|Landorus-Therian, M|326\/326
|-ability|p1a: DJALMA SANTOS|Intimidate|[of] p2a: Gothitelle
|-unboost|p2a: Gothitelle|atk|1
|
|turn|3
|
|switch|p2a: Ferrothorn|Ferrothorn, M|352\/352
|move|p1a: DJALMA SANTOS|U-turn|p2a: Ferrothorn
|-damage|p2a: Ferrothorn|293\/352
|-damage|p1a: DJALMA SANTOS|286\/326|[from] ability: Iron Barbs|[of] p2a: Ferrothorn
|
|switch|p1a: EDMUNDO|Keldeo|323\/323
|
|-heal|p2a: Ferrothorn|315\/352|[from] item: Leftovers
|turn|4
|
|move|p1a: EDMUNDO|Secret Sword|p2a: Ferrothorn
|-supereffective|p2a: Ferrothorn
|-damage|p2a: Ferrothorn|9\/352
|move|p2a: Ferrothorn|Stealth Rock|p1a: EDMUNDO
|-sidestart|p1: Terhaar|move: Stealth Rock
|
|-heal|p2a: Ferrothorn|31\/352|[from] item: Leftovers
|turn|5
|
|switch|p1a: DJALMA SANTOS|Landorus-Therian, M|286\/326
|-damage|p1a: DJALMA SANTOS|246\/326|[from] Stealth Rock
|-ability|p1a: DJALMA SANTOS|Intimidate|[of] p2a: Ferrothorn
|-unboost|p2a: Ferrothorn|atk|1
|move|p2a: Ferrothorn|Leech Seed|p1a: DJALMA SANTOS|[miss]
|-miss|p2a: Ferrothorn|p1a: DJALMA SANTOS
|
|-heal|p2a: Ferrothorn|53\/352|[from] item: Leftovers
|turn|6
|
|switch|p2a: Excadrill|Excadrill, F|362\/362
|-item|p2a: Excadrill|Air Balloon
|move|p1a: DJALMA SANTOS|Earthquake|p2a: Excadrill
|-immune|p2a: Excadrill|[msg]
|
|turn|7
|
|switch|p1a: VALDIVIA|Rotom-Wash|303\/303
|-damage|p1a: VALDIVIA|266\/303|[from] Stealth Rock
|switch|p2a: Medicham|Medicham, M|262\/262
|
|-heal|p1a: VALDIVIA|284\/303|[from] item: Leftovers
|turn|8
|
|detailschange|p2a: Medicham|Medicham-Mega, M
|message|Medicham has Mega Evolved into Mega Medicham!
|move|p2a: Medicham|Substitute|p2a: Medicham
|-start|p2a: Medicham|Substitute
|-damage|p2a: Medicham|197\/262
|move|p1a: VALDIVIA|Will-O-Wisp|p2a: Medicham
|
|-heal|p1a: VALDIVIA|302\/303|[from] item: Leftovers
|turn|9
|
|move|p2a: Medicham|High Jump Kick|p1a: VALDIVIA
|-damage|p1a: VALDIVIA|4\/303
|move|p1a: VALDIVIA|Volt Switch|p2a: Medicham
|-crit|p2a: Medicham
|-end|p2a: Medicham|Substitute
|
|switch|p1a: ROBERTO CARLOS|Mew|403\/403
|-damage|p1a: ROBERTO CARLOS|353\/403|[from] Stealth Rock
|
|-heal|p1a: ROBERTO CARLOS|378\/403|[from] item: Leftovers
|turn|10
|
|move|p2a: Medicham|Baton Pass|p2a: Medicham
|
|switch|p2a: Ferrothorn|Ferrothorn, M|53\/352
|move|p1a: ROBERTO CARLOS|Taunt|p2a: Ferrothorn
|-start|p2a: Ferrothorn|move: Taunt
|
|-heal|p1a: ROBERTO CARLOS|403\/403|[from] item: Leftovers
|-heal|p2a: Ferrothorn|75\/352|[from] item: Leftovers
|turn|11
|
|move|p1a: ROBERTO CARLOS|Knock Off|p2a: Ferrothorn
|-damage|p2a: Ferrothorn|27\/352
|-damage|p1a: ROBERTO CARLOS|353\/403|[from] ability: Iron Barbs|[of] p2a: Ferrothorn
|-enditem|p2a: Ferrothorn|Leftovers|[from] move: Knock Off|[of] p1a: ROBERTO CARLOS
|move|p2a: Ferrothorn|Gyro Ball|p1a: ROBERTO CARLOS
|-damage|p1a: ROBERTO CARLOS|187\/403
|
|-heal|p1a: ROBERTO CARLOS|212\/403|[from] item: Leftovers
|turn|12
|
|move|p1a: ROBERTO CARLOS|Will-O-Wisp|p2a: Ferrothorn
|-status|p2a: Ferrothorn|brn
|move|p2a: Ferrothorn|Gyro Ball|p1a: ROBERTO CARLOS
|-damage|p1a: ROBERTO CARLOS|121\/403
|
|-heal|p1a: ROBERTO CARLOS|146\/403|[from] item: Leftovers
|-damage|p2a: Ferrothorn|0 fnt|[from] brn
|faint|p2a: Ferrothorn
|
|switch|p2a: Keldeo|Keldeo|323\/323
|turn|13
|
|switch|p1a: VALDIVIA|Rotom-Wash|4\/303
|-damage|p1a: VALDIVIA|0 fnt|[from] Stealth Rock
|faint|p1a: VALDIVIA
|move|p2a: Keldeo|Hydro Pump|p1: VALDIVIA|[notarget]
|-notarget
|
|
|switch|p1a: MARCOS|Ferrothorn, F|317\/352
|-damage|p1a: MARCOS|295\/352|[from] Stealth Rock
|turn|14
|
|switch|p2a: Gothitelle|Gothitelle, M|281\/281
|move|p1a: MARCOS|Stealth Rock|p2a: Gothitelle
|-sidestart|p2: ben69|move: Stealth Rock
|
|-heal|p1a: MARCOS|317\/352|[from] item: Leftovers
|turn|15
|
|move|p2a: Gothitelle|Trick|p1a: MARCOS
|-activate|p2a: Gothitelle|move: Trick|[of] p1a: MARCOS
|-item|p1a: MARCOS|Choice Scarf|[from] move: Trick
|-item|p2a: Gothitelle|Leftovers|[from] move: Trick
|move|p1a: MARCOS|Gyro Ball|p2a: Gothitelle
|-damage|p2a: Gothitelle|169\/281
|
|-heal|p2a: Gothitelle|186\/281|[from] item: Leftovers
|turn|16
|
|switch|p2a: Keldeo|Keldeo|323\/323
|-damage|p2a: Keldeo|303\/323|[from] Stealth Rock
|move|p1a: MARCOS|Gyro Ball|p2a: Keldeo
|-resisted|p2a: Keldeo
|-damage|p2a: Keldeo|216\/323
|
|turn|17
|
|move|p2a: Keldeo|Scald|p1a: MARCOS
|-resisted|p1a: MARCOS
|-damage|p1a: MARCOS|260\/352
|move|p1a: MARCOS|Gyro Ball|p2a: Keldeo
|-resisted|p2a: Keldeo
|-damage|p2a: Keldeo|129\/323
|
|turn|18
|
|move|p2a: Keldeo|Scald|p1a: MARCOS
|-resisted|p1a: MARCOS
|-damage|p1a: MARCOS|204\/352
|move|p1a: MARCOS|Gyro Ball|p2a: Keldeo
|-crit|p2a: Keldeo
|-resisted|p2a: Keldeo
|-damage|p2a: Keldeo|0 fnt
|faint|p2a: Keldeo
|
|
|switch|p2a: Medicham|Medicham-Mega, M|197\/262
|-damage|p2a: Medicham|181\/262|[from] Stealth Rock
|turn|19
|
|move|p2a: Medicham|High Jump Kick|p1a: MARCOS
|-supereffective|p1a: MARCOS
|-damage|p1a: MARCOS|0 fnt
|-damage|p2a: Medicham|149\/262|[from] ability: Iron Barbs|[of] p1a: MARCOS
|faint|p1a: MARCOS
|
|
|switch|p1a: EDMUNDO|Keldeo|323\/323
|-damage|p1a: EDMUNDO|303\/323|[from] Stealth Rock
|turn|20
|
|move|p1a: EDMUNDO|Scald|p2a: Medicham
|-damage|p2a: Medicham|0 fnt
|faint|p2a: Medicham
|
|
|switch|p2a: Gothitelle|Gothitelle, M|186\/281
|-damage|p2a: Gothitelle|151\/281|[from] Stealth Rock
|turn|21
|
|move|p1a: EDMUNDO|Scald|p2a: Gothitelle
|-damage|p2a: Gothitelle|0 fnt
|faint|p2a: Gothitelle
|
|
|switch|p2a: Tyranitar|Tyranitar, F|404\/404
|-damage|p2a: Tyranitar|354\/404|[from] Stealth Rock
|-weather|Sandstorm
|turn|22
|
|move|p1a: EDMUNDO|Scald|p2a: Tyranitar
|-supereffective|p2a: Tyranitar
|-damage|p2a: Tyranitar|70\/404
|-status|p2a: Tyranitar|brn
|move|p2a: Tyranitar|Earthquake|p1a: EDMUNDO
|-damage|p1a: EDMUNDO|230\/323
|
|-weather|Sandstorm|[upkeep]
|-damage|p1a: EDMUNDO|210\/323|[from] sandstorm
|-damage|p2a: Tyranitar|20\/404 brn|[from] brn
|turn|23
|
|move|p1a: EDMUNDO|Scald|p2a: Tyranitar
|-supereffective|p2a: Tyranitar
|-damage|p2a: Tyranitar|0 fnt
|faint|p2a: Tyranitar
|
|-weather|Sandstorm|[upkeep]
|-damage|p1a: EDMUNDO|190\/323|[from] sandstorm
|
|switch|p2a: Excadrill|Excadrill, F|362\/362
|-damage|p2a: Excadrill|351\/362|[from] Stealth Rock
|-item|p2a: Excadrill|Air Balloon
|turn|24
|
|move|p2a: Excadrill|Earthquake|p1a: EDMUNDO
|-damage|p1a: EDMUNDO|0 fnt
|faint|p1a: EDMUNDO
|
|-weather|Sandstorm|[upkeep]
|
|switch|p1a: ROBERTO CARLOS|Mew|146\/403
|-damage|p1a: ROBERTO CARLOS|96\/403|[from] Stealth Rock
|turn|25
|
|move|p2a: Excadrill|Iron Head|p1a: ROBERTO CARLOS
|-damage|p1a: ROBERTO CARLOS|0 fnt
|faint|p1a: ROBERTO CARLOS
|
|-weather|Sandstorm|[upkeep]
|
|switch|p1a: O DIVINO|Gardevoir, F|277\/277
|-damage|p1a: O DIVINO|243\/277|[from] Stealth Rock
|-ability|p1a: O DIVINO|Sand Rush|[from] ability: Trace|[of] p2a: Excadrill
|turn|26
|
|detailschange|p1a: O DIVINO|Gardevoir-Mega, F
|message|Gardevoir has Mega Evolved into Mega Gardevoir!
|move|p1a: O DIVINO|Substitute|p1a: O DIVINO
|-start|p1a: O DIVINO|Substitute
|-damage|p1a: O DIVINO|174\/277
|move|p2a: Excadrill|Iron Head|p1a: O DIVINO
|-supereffective|p1a: O DIVINO
|-end|p1a: O DIVINO|Substitute
|
|-weather|Sandstorm|[upkeep]
|-damage|p1a: O DIVINO|157\/277|[from] sandstorm
|turn|27
|
|move|p2a: Excadrill|Iron Head|p1a: O DIVINO
|-supereffective|p1a: O DIVINO
|-damage|p1a: O DIVINO|0 fnt
|faint|p1a: O DIVINO
|
|-weather|Sandstorm|[upkeep]
|c|âTerhaar|wtf
|c|âben69|trace
|c|âben69|you should have not mega evolved
|c|âben69|could have broken my baloon
|c|âben69|balloon
|
|switch|p1a: DJALMA SANTOS|Landorus-Therian, M|246\/326
|-damage|p1a: DJALMA SANTOS|206\/326|[from] Stealth Rock
|-ability|p1a: DJALMA SANTOS|Intimidate|[of] p2a: Excadrill
|-unboost|p2a: Excadrill|atk|1
|turn|28
|
|move|p2a: Excadrill|Iron Head|p1a: DJALMA SANTOS
|-damage|p1a: DJALMA SANTOS|82\/326
|move|p1a: DJALMA SANTOS|Superpower|p2a: Excadrill
|-supereffective|p2a: Excadrill
|-damage|p2a: Excadrill|0 fnt
|-enditem|p2a: Excadrill|Air Balloon
|-unboost|p1a: DJALMA SANTOS|atk|1
|-unboost|p1a: DJALMA SANTOS|def|1
|faint|p2a: Excadrill
|
|win|Terhaar
|raw|Ladder updating...
|raw|Terhaar's rating: 1597 &rarr; <strong>1615<\/strong><br \/>(+18 for winning)
|raw|ben69's rating: 1561 &rarr; <strong>1544<\/strong><br \/>(-17 for losing)