|join|MightyMask
|join|ben69
|player|p1|MightyMask|283
|player|p2|ben69|1
|gametype|singles
|gen|6
|tier|OU
|rated
|clearpoke
|poke|p1|Scizor, F
|poke|p1|Latios, M
|poke|p1|Heatran, F
|poke|p1|Keldeo-Resolute
|poke|p1|Landorus, M
|poke|p1|Thundurus, M
|poke|p2|Landorus-Therian, M
|poke|p2|Gyarados, M
|poke|p2|Magnezone
|poke|p2|Clefable, F
|poke|p2|Medicham, M
|poke|p2|Breloom, M
|rule|Swagger Clause: Swagger is banned
|rule|Baton Pass Clause: Limit one PokÃ©mon knowing Baton Pass
|rule|Sleep Clause Mod: Limit one foe put to sleep
|rule|Species Clause: Limit one of each PokÃ©mon
|rule|OHKO Clause: OHKO moves are banned
|rule|Moody Clause: Moody is banned
|rule|Evasion Moves Clause: Evasion moves are banned
|rule|Endless Battle Clause: Forcing endless battles is banned
|rule|HP Percentage Mod: HP is shown in percentages
|teampreview
|
|start
|switch|p1a: Landorus|Landorus, M|319\/319
|switch|p2a: Breloom|Breloom, M|262\/262
|turn|1
|
|move|p2a: Breloom|Spore|p1a: Landorus
|-status|p1a: Landorus|slp
|cant|p1a: Landorus|slp
|
|turn|2
|
|switch|p2a: Gyarados|Gyarados, M|353\/353
|-ability|p2a: Gyarados|Intimidate|[of] p1a: Landorus
|-unboost|p1a: Landorus|atk|1
|cant|p1a: Landorus|slp
|
|turn|3
|
|cant|p1a: Landorus|slp
|move|p2a: Gyarados|Waterfall|p1a: Landorus
|-supereffective|p1a: Landorus
|-damage|p1a: Landorus|5\/319 slp
|
|turn|4
|
|switch|p2a: Magnezone|Magnezone|282\/282
|-curestatus|p1a: Landorus|slp
|move|p1a: Landorus|Sludge Wave|p2a: Magnezone
|-immune|p2a: Magnezone|[msg]
|
|turn|5
|
|move|p2a: Magnezone|Hidden Power|p1a: Landorus
|-damage|p1a: Landorus|0 fnt
|faint|p1a: Landorus
|
|
|switch|p1a: Keldeo-Resolute|Keldeo-Resolute|323\/323
|turn|6
|
|move|p2a: Magnezone|Hidden Power|p1a: Keldeo-Resolute
|-resisted|p1a: Keldeo-Resolute
|-damage|p1a: Keldeo-Resolute|282\/323
|move|p1a: Keldeo-Resolute|Hydro Pump|p2a: Magnezone
|-damage|p2a: Magnezone|0 fnt
|faint|p2a: Magnezone
|
|
|switch|p2a: Breloom|Breloom, M|262\/262
|turn|7
|
|switch|p1a: Heatran|Heatran, F|323\/323
|move|p2a: Breloom|Spore|p1a: Heatran
|-status|p1a: Heatran|slp
|
|turn|8
|
|switch|p2a: Clefable|Clefable, F|394\/394
|switch|p1a: Keldeo-Resolute|Keldeo-Resolute|282\/323
|
|turn|9
|
|move|p1a: Keldeo-Resolute|Hydro Pump|p2a: Clefable|[miss]
|-miss|p1a: Keldeo-Resolute|p2a: Clefable
|move|p2a: Clefable|Thunder Wave|p1a: Keldeo-Resolute
|-status|p1a: Keldeo-Resolute|par
|
|turn|10
|
|move|p2a: Clefable|Moonblast|p1a: Keldeo-Resolute
|-supereffective|p1a: Keldeo-Resolute
|-damage|p1a: Keldeo-Resolute|48\/323 par
|move|p1a: Keldeo-Resolute|Hydro Pump|p2a: Clefable
|-damage|p2a: Clefable|150\/394
|
|-heal|p2a: Clefable|174\/394|[from] item: Leftovers
|turn|11
|
|move|p2a: Clefable|Soft-Boiled|p2a: Clefable
|-heal|p2a: Clefable|371\/394
|cant|p1a: Keldeo-Resolute|par
|
|-heal|p2a: Clefable|394\/394|[from] item: Leftovers
|turn|12
|
|move|p2a: Clefable|Stealth Rock|p1a: Keldeo-Resolute
|-sidestart|p1: MightyMask|move: Stealth Rock
|move|p1a: Keldeo-Resolute|Hydro Pump|p2a: Clefable
|-damage|p2a: Clefable|180\/394
|
|-heal|p2a: Clefable|204\/394|[from] item: Leftovers
|turn|13
|
|move|p2a: Clefable|Soft-Boiled|p2a: Clefable
|-heal|p2a: Clefable|394\/394
|cant|p1a: Keldeo-Resolute|par
|
|turn|14
|
|move|p2a: Clefable|Moonblast|p1a: Keldeo-Resolute
|-supereffective|p1a: Keldeo-Resolute
|-damage|p1a: Keldeo-Resolute|0 fnt
|faint|p1a: Keldeo-Resolute
|
|c|âMightyMask|you are the funniest guy xD
|c|âben69|:)
|
|switch|p1a: Thundurus|Thundurus, M|299\/299
|-damage|p1a: Thundurus|225\/299|[from] Stealth Rock
|turn|15
|
|switch|p2a: Breloom|Breloom, M|262\/262
|move|p1a: Thundurus|Thunderbolt|p2a: Breloom
|-resisted|p2a: Breloom
|-damage|p2a: Breloom|97\/262
|-damage|p1a: Thundurus|196\/299|[from] item: Life Orb
|
|turn|16
|
|switch|p1a: Heatran|Heatran, F|323\/323 slp
|-damage|p1a: Heatran|283\/323 slp|[from] Stealth Rock
|move|p2a: Breloom|Rock Tomb|p1a: Heatran
|-damage|p1a: Heatran|188\/323 slp
|-unboost|p1a: Heatran|spe|1
|
|-heal|p1a: Heatran|208\/323 slp|[from] item: Leftovers
|turn|17
|
|switch|p1a: Scizor|Scizor, F|342\/342
|-damage|p1a: Scizor|300\/342|[from] Stealth Rock
|move|p2a: Breloom|Rock Tomb|p1a: Scizor
|-damage|p1a: Scizor|221\/342
|-unboost|p1a: Scizor|spe|1
|
|turn|18
|
|switch|p2a: Gyarados|Gyarados, M|353\/353
|-ability|p2a: Gyarados|Intimidate|[of] p1a: Scizor
|-unboost|p1a: Scizor|atk|1
|detailschange|p1a: Scizor|Scizor-Mega, F
|message|Scizor has Mega Evolved into Mega Scizor!
|move|p1a: Scizor|Swords Dance|p1a: Scizor
|-boost|p1a: Scizor|atk|2
|
|turn|19
|
|move|p2a: Gyarados|Waterfall|p1a: Scizor
|-damage|p1a: Scizor|140\/342
|move|p1a: Scizor|Roost|p1a: Scizor
|-heal|p1a: Scizor|311\/342
|
|turn|20
|
|switch|p2a: Landorus-Therian|Landorus-Therian, M|382\/382
|-ability|p2a: Landorus-Therian|Intimidate|[of] p1a: Scizor
|-unboost|p1a: Scizor|atk|1
|move|p1a: Scizor|Swords Dance|p1a: Scizor
|-boost|p1a: Scizor|atk|2
|
|turn|21
|
|move|p2a: Landorus-Therian|Earthquake|p1a: Scizor
|-damage|p1a: Scizor|224\/342
|move|p1a: Scizor|Swords Dance|p1a: Scizor
|-boost|p1a: Scizor|atk|2
|
|turn|22
|
|move|p1a: Scizor|Bullet Punch|p2a: Landorus-Therian
|-damage|p2a: Landorus-Therian|88\/382
|move|p2a: Landorus-Therian|Bulk Up|p2a: Landorus-Therian
|-boost|p2a: Landorus-Therian|atk|1
|-boost|p2a: Landorus-Therian|def|1
|
|-heal|p2a: Landorus-Therian|111\/382|[from] item: Leftovers
|turn|23
|
|move|p1a: Scizor|Bullet Punch|p2a: Landorus-Therian
|-damage|p2a: Landorus-Therian|0 fnt
|faint|p2a: Landorus-Therian
|
|
|switch|p2a: Gyarados|Gyarados, M|353\/353
|-ability|p2a: Gyarados|Intimidate|[of] p1a: Scizor
|-unboost|p1a: Scizor|atk|1
|turn|24
|
|move|p2a: Gyarados|Dragon Dance|p2a: Gyarados
|-boost|p2a: Gyarados|atk|1
|-boost|p2a: Gyarados|spe|1
|move|p1a: Scizor|Swords Dance|p1a: Scizor
|-boost|p1a: Scizor|atk|2
|
|turn|25
|
|move|p2a: Gyarados|Waterfall|p1a: Scizor
|-damage|p1a: Scizor|107\/342
|move|p1a: Scizor|Knock Off|p2a: Gyarados
|-damage|p2a: Gyarados|0 fnt
|-enditem|p2a: Gyarados|Leftovers|[from] move: Knock Off|[of] p1a: Scizor
|faint|p2a: Gyarados
|
|c|âben69|gg
|
|switch|p2a: Medicham|Medicham, M|261\/261
|turn|26
|
|detailschange|p2a: Medicham|Medicham-Mega, M
|message|Medicham has Mega Evolved into Mega Medicham!
|move|p2a: Medicham|Fake Out|p1a: Scizor
|-resisted|p1a: Scizor
|-damage|p1a: Scizor|85\/342
|cant|p1a: Scizor|flinch
|
|turn|27
|
|move|p1a: Scizor|Bullet Punch|p2a: Medicham
|-damage|p2a: Medicham|0 fnt
|faint|p2a: Medicham
|
|-message|ben69 forfeited.
|
|win|MightyMask
|raw|Ladder updating...
|leave|ben69
|player|p2
|raw|MightyMask's rating: 1628 &rarr; <strong>1649<\/strong><br \/>(+21 for winning)
|raw|ben69's rating: 1653 &rarr; <strong>1632<\/strong><br \/>(-21 for losing)