|join|Shyguy94
|join|ben69
|player|p1|Shyguy94|167
|player|p2|ben69|2
|gametype|singles
|gen|6
|tier|OU
|rated
|clearpoke
|poke|p1|Poliwrath, M
|poke|p1|Umbreon, M
|poke|p1|Skarmory, M
|poke|p1|Landorus-Therian, M
|poke|p1|Jirachi
|poke|p1|Amoonguss, M, shiny
|poke|p2|Abomasnow, F
|poke|p2|Heatran, M
|poke|p2|Magnezone
|poke|p2|Clefable, F
|poke|p2|Mew
|poke|p2|Landorus-Therian, M
|rule|Swagger Clause: Swagger is banned
|rule|Baton Pass Clause: Limit one PokÃ©mon knowing Baton Pass
|rule|Sleep Clause Mod: Limit one foe put to sleep
|rule|Species Clause: Limit one of each PokÃ©mon
|rule|OHKO Clause: OHKO moves are banned
|rule|Moody Clause: Moody is banned
|rule|Evasion Moves Clause: Evasion moves are banned
|rule|Endless Battle Clause: Forcing endless battles is banned
|rule|HP Percentage Mod: HP is shown in percentages
|teampreview
|
|start
|switch|p1a: Landorus-Therian|Landorus-Therian, M|382\/382
|switch|p2a: Abomasnow|Abomasnow, F|321\/321
|-ability|p1a: Landorus-Therian|Intimidate|[of] p2a: Abomasnow
|-unboost|p2a: Abomasnow|atk|1
|-weather|Hail
|turn|1
|
|switch|p1a: Umbreon|Umbreon, M|394\/394
|detailschange|p2a: Abomasnow|Abomasnow-Mega, F
|message|Abomasnow has Mega Evolved into Mega Abomasnow!
|move|p2a: Abomasnow|Ice Shard|p1a: Umbreon
|-damage|p1a: Umbreon|343\/394
|
|-weather|Hail|[upkeep]
|-damage|p1a: Umbreon|319\/394|[from] hail
|-heal|p1a: Umbreon|343\/394|[from] item: Leftovers
|turn|2
|
|move|p1a: Umbreon|Wish|p1a: Umbreon
|move|p2a: Abomasnow|Blizzard|p1a: Umbreon
|-damage|p1a: Umbreon|232\/394
|
|-weather|Hail|[upkeep]
|-damage|p1a: Umbreon|208\/394|[from] hail
|-heal|p1a: Umbreon|232\/394|[from] item: Leftovers
|turn|3
|
|switch|p2a: Clefable|Clefable, F|394\/394
|move|p1a: Umbreon|Foul Play|p2a: Clefable
|-resisted|p2a: Clefable
|-damage|p2a: Clefable|362\/394
|
|-weather|Hail|[upkeep]
|-damage|p1a: Umbreon|208\/394|[from] hail
|-heal|p1a: Umbreon|394\/394|[from] move: Wish|[wisher] Umbreon
|-heal|p2a: Clefable|386\/394|[from] item: Leftovers
|turn|4
|
|switch|p1a: Landorus-Therian|Landorus-Therian, M|382\/382
|-ability|p1a: Landorus-Therian|Intimidate|[of] p2a: Clefable
|-unboost|p2a: Clefable|atk|1
|switch|p2a: Heatran|Heatran, M|324\/324
|
|-weather|Hail|[upkeep]
|-damage|p2a: Heatran|304\/324|[from] hail
|-damage|p1a: Landorus-Therian|359\/382|[from] hail
|-heal|p1a: Landorus-Therian|382\/382|[from] item: Leftovers
|turn|5
|
|move|p2a: Heatran|Will-O-Wisp|p1a: Landorus-Therian
|-status|p1a: Landorus-Therian|brn
|move|p1a: Landorus-Therian|Earthquake|p2a: Heatran
|-supereffective|p2a: Heatran
|-damage|p2a: Heatran|0 fnt
|faint|p2a: Heatran
|
|-weather|none
|-damage|p1a: Landorus-Therian|335\/382 brn|[from] brn
|
|switch|p2a: Mew|Mew|404\/404
|turn|6
|
|move|p2a: Mew|Taunt|p1a: Landorus-Therian
|-start|p1a: Landorus-Therian|move: Taunt
|move|p1a: Landorus-Therian|Knock Off|p2a: Mew
|-crit|p2a: Mew
|-supereffective|p2a: Mew
|-damage|p2a: Mew|256\/404
|-enditem|p2a: Mew|Leftovers|[from] move: Knock Off|[of] p1a: Landorus-Therian
|
|-heal|p1a: Landorus-Therian|358\/382 brn|[from] item: Leftovers
|-damage|p1a: Landorus-Therian|311\/382 brn|[from] brn
|turn|7
|
|switch|p1a: Poliwrath|Poliwrath, M|384\/384
|move|p2a: Mew|Knock Off|p1a: Poliwrath
|-resisted|p1a: Poliwrath
|-damage|p1a: Poliwrath|354\/384
|-damage|p2a: Mew|189\/404|[from] item: Rocky Helmet|[of] p1a: Poliwrath
|-enditem|p1a: Poliwrath|Rocky Helmet|[from] move: Knock Off|[of] p2a: Mew
|
|turn|8
|
|move|p2a: Mew|Roost|p2a: Mew
|-heal|p2a: Mew|391\/404
|move|p1a: Poliwrath|Scald|p2a: Mew
|-damage|p2a: Mew|330\/404
|-status|p2a: Mew|brn
|-status|p1a: Poliwrath|brn
|
|-damage|p2a: Mew|280\/404 brn|[from] brn
|-damage|p1a: Poliwrath|306\/384 brn|[from] brn
|turn|9
|
|switch|p1a: Umbreon|Umbreon, M|394\/394
|move|p2a: Mew|Taunt|p1a: Umbreon
|-start|p1a: Umbreon|move: Taunt
|
|-damage|p2a: Mew|230\/404 brn|[from] brn
|turn|10
|
|move|p2a: Mew|Will-O-Wisp|p1a: Umbreon
|-status|p1a: Umbreon|brn
|move|p1a: Umbreon|Foul Play|p2a: Mew
|-supereffective|p2a: Mew
|-damage|p2a: Mew|122\/404 brn
|
|-damage|p2a: Mew|72\/404 brn|[from] brn
|-damage|p1a: Umbreon|345\/394 brn|[from] brn
|turn|11
|
|switch|p1a: Skarmory|Skarmory, M|334\/334
|move|p2a: Mew|Roost|p2a: Mew
|-heal|p2a: Mew|274\/404 brn
|
|-damage|p2a: Mew|224\/404 brn|[from] brn
|turn|12
|
|switch|p1a: Umbreon|Umbreon, M|345\/394 brn
|move|p2a: Mew|Taunt|p1a: Umbreon
|-start|p1a: Umbreon|move: Taunt
|
|-heal|p1a: Umbreon|369\/394 brn|[from] item: Leftovers
|-damage|p2a: Mew|174\/404 brn|[from] brn
|-damage|p1a: Umbreon|320\/394 brn|[from] brn
|turn|13
|
|move|p2a: Mew|Roost|p2a: Mew
|-heal|p2a: Mew|376\/404 brn
|move|p1a: Umbreon|Foul Play|p2a: Mew
|-supereffective|p2a: Mew
|-damage|p2a: Mew|268\/404 brn
|
|-heal|p1a: Umbreon|344\/394 brn|[from] item: Leftovers
|-damage|p2a: Mew|218\/404 brn|[from] brn
|-damage|p1a: Umbreon|295\/394 brn|[from] brn
|turn|14
|
|move|p2a: Mew|Roost|p2a: Mew
|-heal|p2a: Mew|404\/404 brn
|move|p1a: Umbreon|Foul Play|p2a: Mew
|-supereffective|p2a: Mew
|-damage|p2a: Mew|296\/404 brn
|
|-heal|p1a: Umbreon|319\/394 brn|[from] item: Leftovers
|-damage|p2a: Mew|246\/404 brn|[from] brn
|-damage|p1a: Umbreon|270\/394 brn|[from] brn
|turn|15
|
|switch|p1a: Jirachi|Jirachi|397\/397
|move|p2a: Mew|Knock Off|p1a: Jirachi
|-supereffective|p1a: Jirachi
|-damage|p1a: Jirachi|315\/397
|-enditem|p1a: Jirachi|Leftovers|[from] move: Knock Off|[of] p2a: Mew
|
|-damage|p2a: Mew|196\/404 brn|[from] brn
|turn|16
|
|move|p1a: Jirachi|Substitute|p1a: Jirachi
|-start|p1a: Jirachi|Substitute
|-damage|p1a: Jirachi|216\/397
|move|p2a: Mew|Roost|p2a: Mew
|-heal|p2a: Mew|398\/404 brn
|
|-damage|p2a: Mew|348\/404 brn|[from] brn
|turn|17
|
|switch|p2a: Magnezone|Magnezone|282\/282
|move|p1a: Jirachi|Iron Head|p2a: Magnezone
|-resisted|p2a: Magnezone
|-damage|p2a: Magnezone|260\/282
|
|turn|18
|
|move|p2a: Magnezone|Volt Switch|p1a: Jirachi
|-end|p1a: Jirachi|Substitute
|
|switch|p2a: Landorus-Therian|Landorus-Therian, M|330\/330
|-ability|p2a: Landorus-Therian|Intimidate|[of] p1a: Jirachi
|-unboost|p1a: Jirachi|atk|1
|move|p1a: Jirachi|Fire Punch|p2a: Landorus-Therian
|-damage|p2a: Landorus-Therian|279\/330
|-status|p2a: Landorus-Therian|brn
|
|-damage|p2a: Landorus-Therian|238\/330 brn|[from] brn
|turn|19
|
|switch|p1a: Landorus-Therian|Landorus-Therian, M|311\/382 brn
|-ability|p1a: Landorus-Therian|Intimidate|[of] p2a: Landorus-Therian
|-unboost|p2a: Landorus-Therian|atk|1
|move|p2a: Landorus-Therian|U-turn|p1a: Landorus-Therian
|-resisted|p1a: Landorus-Therian
|-damage|p1a: Landorus-Therian|298\/382 brn
|
|switch|p2a: Abomasnow|Abomasnow-Mega, F|321\/321
|-weather|Hail
|
|-weather|Hail|[upkeep]
|-damage|p1a: Landorus-Therian|275\/382 brn|[from] hail
|-heal|p1a: Landorus-Therian|298\/382 brn|[from] item: Leftovers
|-damage|p1a: Landorus-Therian|251\/382 brn|[from] brn
|turn|20
|
|switch|p2a: Mew|Mew|348\/404 brn
|move|p1a: Landorus-Therian|U-turn|p2a: Mew
|-supereffective|p2a: Mew
|-damage|p2a: Mew|270\/404 brn
|
|switch|p1a: Jirachi|Jirachi|216\/397
|
|-weather|Hail|[upkeep]
|-damage|p1a: Jirachi|192\/397|[from] hail
|-damage|p2a: Mew|245\/404 brn|[from] hail
|-damage|p2a: Mew|195\/404 brn|[from] brn
|turn|21
|
|switch|p1a: Umbreon|Umbreon, M|270\/394 brn
|switch|p2a: Magnezone|Magnezone|260\/282
|
|-weather|Hail|[upkeep]
|-damage|p2a: Magnezone|243\/282|[from] hail
|-damage|p1a: Umbreon|246\/394 brn|[from] hail
|-heal|p1a: Umbreon|270\/394 brn|[from] item: Leftovers
|-damage|p1a: Umbreon|221\/394 brn|[from] brn
|turn|22
|
|move|p2a: Magnezone|Volt Switch|p1a: Umbreon
|-damage|p1a: Umbreon|148\/394 brn
|
|switch|p2a: Abomasnow|Abomasnow-Mega, F|321\/321
|move|p1a: Umbreon|Heal Bell|p1a: Umbreon
|-cureteam|p1a: Umbreon|[from] move: HealBell
|
|-weather|Hail|[upkeep]
|-damage|p1a: Umbreon|124\/394|[from] hail
|-heal|p1a: Umbreon|148\/394|[from] item: Leftovers
|turn|23
|
|move|p1a: Umbreon|Protect|p1a: Umbreon
|-singleturn|p1a: Umbreon|Protect
|move|p2a: Abomasnow|Wood Hammer|p1a: Umbreon
|-activate|p1a: Umbreon|Protect
|
|-weather|none
|-heal|p1a: Umbreon|172\/394|[from] item: Leftovers
|turn|24
|
|switch|p1a: Landorus-Therian|Landorus-Therian, M|251\/382
|-ability|p1a: Landorus-Therian|Intimidate|[of] p2a: Abomasnow
|-unboost|p2a: Abomasnow|atk|1
|move|p2a: Abomasnow|Wood Hammer|p1a: Landorus-Therian
|-damage|p1a: Landorus-Therian|122\/382
|-damage|p2a: Abomasnow|278\/321|[from] recoil|[of] p1a: Landorus-Therian
|
|-heal|p1a: Landorus-Therian|145\/382|[from] item: Leftovers
|turn|25
|
|switch|p1a: Poliwrath|Poliwrath, M|306\/384
|move|p2a: Abomasnow|Ice Shard|p1a: Poliwrath
|-crit|p1a: Poliwrath
|-resisted|p1a: Poliwrath
|-damage|p1a: Poliwrath|260\/384
|
|turn|26
|
|switch|p2a: Magnezone|Magnezone|243\/282
|move|p1a: Poliwrath|Rest|p1a: Poliwrath
|-status|p1a: Poliwrath|slp
|-heal|p1a: Poliwrath|384\/384 slp|[silent]
|-status|p1a: Poliwrath|slp|[from] move: Rest
|
|turn|27
|
|switch|p1a: Landorus-Therian|Landorus-Therian, M|145\/382
|-ability|p1a: Landorus-Therian|Intimidate|[of] p2a: Magnezone
|-unboost|p2a: Magnezone|atk|1
|move|p2a: Magnezone|Volt Switch|p1a: Landorus-Therian
|-immune|p1a: Landorus-Therian|[msg]
|
|-heal|p1a: Landorus-Therian|168\/382|[from] item: Leftovers
|turn|28
|
|switch|p2a: Abomasnow|Abomasnow-Mega, F|278\/321
|-weather|Hail
|move|p1a: Landorus-Therian|Stealth Rock|p2a: Abomasnow
|-sidestart|p2: ben69|move: Stealth Rock
|
|-weather|Hail|[upkeep]
|-damage|p1a: Landorus-Therian|145\/382|[from] hail
|-heal|p1a: Landorus-Therian|168\/382|[from] item: Leftovers
|turn|29
|
|switch|p1a: Poliwrath|Poliwrath, M|384\/384 slp
|move|p2a: Abomasnow|Blizzard|p1a: Poliwrath
|-resisted|p1a: Poliwrath
|-damage|p1a: Poliwrath|281\/384 slp
|
|-weather|Hail|[upkeep]
|-damage|p1a: Poliwrath|257\/384 slp|[from] hail
|turn|30
|
|switch|p1a: Landorus-Therian|Landorus-Therian, M|168\/382
|-ability|p1a: Landorus-Therian|Intimidate|[of] p2a: Abomasnow
|-unboost|p2a: Abomasnow|atk|1
|move|p2a: Abomasnow|Blizzard|p1a: Landorus-Therian
|-supereffective|p1a: Landorus-Therian
|-damage|p1a: Landorus-Therian|0 fnt
|faint|p1a: Landorus-Therian
|
|-weather|Hail|[upkeep]
|
|switch|p1a: Umbreon|Umbreon, M|172\/394
|turn|31
|
|move|p1a: Umbreon|Protect|p1a: Umbreon
|-singleturn|p1a: Umbreon|Protect
|move|p2a: Abomasnow|Wood Hammer|p1a: Umbreon
|-activate|p1a: Umbreon|Protect
|
|-weather|Hail|[upkeep]
|-damage|p1a: Umbreon|148\/394|[from] hail
|-heal|p1a: Umbreon|172\/394|[from] item: Leftovers
|turn|32
|
|move|p1a: Umbreon|Wish|p1a: Umbreon
|move|p2a: Abomasnow|Wood Hammer|p1a: Umbreon
|-damage|p1a: Umbreon|24\/394
|-damage|p2a: Abomasnow|229\/321|[from] recoil|[of] p1a: Umbreon
|
|-weather|none
|-heal|p1a: Umbreon|48\/394|[from] item: Leftovers
|turn|33
|
|switch|p2a: Clefable|Clefable, F|386\/394
|move|p1a: Umbreon|Protect|p1a: Umbreon
|-fail|p1a: Umbreon
|
|-heal|p1a: Umbreon|245\/394|[from] move: Wish|[wisher] Umbreon
|-heal|p1a: Umbreon|269\/394|[from] item: Leftovers
|-heal|p2a: Clefable|394\/394|[from] item: Leftovers
|turn|34
|
|switch|p1a: Skarmory|Skarmory, M|334\/334
|move|p2a: Clefable|Calm Mind|p2a: Clefable
|-boost|p2a: Clefable|spa|1
|-boost|p2a: Clefable|spd|1
|
|turn|35
|
|move|p2a: Clefable|Fire Blast|p1a: Skarmory|[miss]
|-miss|p2a: Clefable|p1a: Skarmory
|move|p1a: Skarmory|Whirlwind|p2a: Clefable
|drag|p2a: Abomasnow|Abomasnow-Mega, F|229\/321
|-damage|p2a: Abomasnow|149\/321|[from] Stealth Rock
|-weather|Hail
|
|-weather|Hail|[upkeep]
|-damage|p1a: Skarmory|314\/334|[from] hail
|turn|36
|
|move|p1a: Skarmory|Brave Bird|p2a: Abomasnow
|-supereffective|p2a: Abomasnow
|-damage|p2a: Abomasnow|0 fnt
|-damage|p1a: Skarmory|265\/334|[from] recoil|[of] p2a: Abomasnow
|faint|p2a: Abomasnow
|
|-weather|Hail|[upkeep]
|-damage|p1a: Skarmory|245\/334|[from] hail
|
|switch|p2a: Magnezone|Magnezone|243\/282
|-damage|p2a: Magnezone|226\/282|[from] Stealth Rock
|turn|37
|
|switch|p1a: Amoonguss|Amoonguss, M, shiny|432\/432
|move|p2a: Magnezone|Volt Switch|p1a: Amoonguss
|-resisted|p1a: Amoonguss
|-damage|p1a: Amoonguss|355\/432
|
|switch|p2a: Mew|Mew|195\/404 brn
|-damage|p2a: Mew|145\/404 brn|[from] Stealth Rock
|
|-weather|Hail|[upkeep]
|-damage|p2a: Mew|120\/404 brn|[from] hail
|-damage|p1a: Amoonguss|328\/432|[from] hail
|-heal|p1a: Amoonguss|355\/432|[from] item: Black Sludge
|-damage|p2a: Mew|70\/404 brn|[from] brn
|turn|38
|
|move|p2a: Mew|Roost|p2a: Mew
|-heal|p2a: Mew|272\/404 brn
|move|p1a: Amoonguss|Foul Play|p2a: Mew
|-supereffective|p2a: Mew
|-damage|p2a: Mew|126\/404 brn
|
|-weather|Hail|[upkeep]
|-damage|p2a: Mew|101\/404 brn|[from] hail
|-damage|p1a: Amoonguss|328\/432|[from] hail
|-heal|p1a: Amoonguss|355\/432|[from] item: Black Sludge
|-damage|p2a: Mew|51\/404 brn|[from] brn
|turn|39
|
|move|p2a: Mew|Will-O-Wisp|p1a: Amoonguss
|-status|p1a: Amoonguss|brn
|move|p1a: Amoonguss|Foul Play|p2a: Mew
|-supereffective|p2a: Mew
|-damage|p2a: Mew|0 fnt
|faint|p2a: Mew
|
|-weather|none
|-heal|p1a: Amoonguss|382\/432 brn|[from] item: Black Sludge
|-damage|p1a: Amoonguss|328\/432 brn|[from] brn
|
|switch|p2a: Clefable|Clefable, F|394\/394
|turn|40
|
|switch|p2a: Magnezone|Magnezone|226\/282
|-damage|p2a: Magnezone|209\/282|[from] Stealth Rock
|move|p1a: Amoonguss|Sludge Bomb|p2a: Magnezone
|-immune|p2a: Magnezone|[msg]
|
|-heal|p1a: Amoonguss|355\/432 brn|[from] item: Black Sludge
|-damage|p1a: Amoonguss|301\/432 brn|[from] brn
|turn|41
|
|switch|p1a: Poliwrath|Poliwrath, M|257\/384 slp
|move|p2a: Magnezone|Flash Cannon|p1a: Poliwrath
|-resisted|p1a: Poliwrath
|-damage|p1a: Poliwrath|183\/384 slp
|
|turn|42
|
|switch|p2a: Landorus-Therian|Landorus-Therian, M|238\/330 brn
|-damage|p2a: Landorus-Therian|197\/330 brn|[from] Stealth Rock
|-ability|p2a: Landorus-Therian|Intimidate|[of] p1a: Poliwrath
|-unboost|p1a: Poliwrath|atk|1
|cant|p1a: Poliwrath|slp
|move|p1a: Poliwrath|Sleep Talk|p1a: Poliwrath
|move|p1a: Poliwrath|Rest|p1a: Poliwrath|[from]Sleep Talk
|-fail|p1a: Poliwrath
|
|-damage|p2a: Landorus-Therian|156\/330 brn|[from] brn
|turn|43
|
|move|p2a: Landorus-Therian|Earthquake|p1a: Poliwrath
|-damage|p1a: Poliwrath|110\/384 slp
|cant|p1a: Poliwrath|slp
|move|p1a: Poliwrath|Sleep Talk|p1a: Poliwrath
|move|p1a: Poliwrath|Rest|p1a: Poliwrath|[from]Sleep Talk
|-fail|p1a: Poliwrath
|
|-damage|p2a: Landorus-Therian|115\/330 brn|[from] brn
|turn|44
|
|move|p2a: Landorus-Therian|Earthquake|p1a: Poliwrath
|-crit|p1a: Poliwrath
|-damage|p1a: Poliwrath|0 fnt
|faint|p1a: Poliwrath
|
|-damage|p2a: Landorus-Therian|74\/330 brn|[from] brn
|
|switch|p1a: Skarmory|Skarmory, M|245\/334
|turn|45
|
|move|p2a: Landorus-Therian|Earthquake|p1a: Skarmory
|-immune|p1a: Skarmory|[msg]
|move|p1a: Skarmory|Whirlwind|p2a: Landorus-Therian
|drag|p2a: Clefable|Clefable, F|394\/394
|
|turn|46
|
|switch|p1a: Amoonguss|Amoonguss, M, shiny|432\/432 brn
|move|p2a: Clefable|Calm Mind|p2a: Clefable
|-boost|p2a: Clefable|spa|1
|-boost|p2a: Clefable|spd|1
|
|-damage|p1a: Amoonguss|378\/432 brn|[from] brn
|turn|47
|
|move|p2a: Clefable|Fire Blast|p1a: Amoonguss
|-supereffective|p1a: Amoonguss
|-damage|p1a: Amoonguss|56\/432 brn
|move|p1a: Amoonguss|Spore|p2a: Clefable
|-status|p2a: Clefable|slp
|
|-heal|p1a: Amoonguss|83\/432 brn|[from] item: Black Sludge
|-damage|p1a: Amoonguss|29\/432 brn|[from] brn
|turn|48
|
|switch|p2a: Landorus-Therian|Landorus-Therian, M|74\/330 brn
|-damage|p2a: Landorus-Therian|33\/330 brn|[from] Stealth Rock
|-ability|p2a: Landorus-Therian|Intimidate|[of] p1a: Amoonguss
|-unboost|p1a: Amoonguss|atk|1
|switch|p1a: Umbreon|Umbreon, M|269\/394
|
|-heal|p1a: Umbreon|293\/394|[from] item: Leftovers
|-damage|p2a: Landorus-Therian|0 fnt|[from] brn
|faint|p2a: Landorus-Therian
|
|switch|p2a: Clefable|Clefable, F|394\/394 slp
|turn|49
|
|move|p1a: Umbreon|Heal Bell|p1a: Umbreon
|-cureteam|p1a: Umbreon|[from] move: HealBell
|cant|p2a: Clefable|slp
|
|-heal|p1a: Umbreon|317\/394|[from] item: Leftovers
|turn|50
|
|move|p1a: Umbreon|Wish|p1a: Umbreon
|cant|p2a: Clefable|slp
|
|-heal|p1a: Umbreon|341\/394|[from] item: Leftovers
|turn|51
|
|switch|p1a: Amoonguss|Amoonguss, M, shiny|173\/432
|cant|p2a: Clefable|slp
|
|-heal|p1a: Amoonguss|370\/432|[from] move: Wish|[wisher] Umbreon
|-heal|p1a: Amoonguss|397\/432|[from] item: Black Sludge
|turn|52
|
|-curestatus|p2a: Clefable|slp
|move|p2a: Clefable|Calm Mind|p2a: Clefable
|-boost|p2a: Clefable|spa|1
|-boost|p2a: Clefable|spd|1
|move|p1a: Amoonguss|Sludge Bomb|p2a: Clefable
|-supereffective|p2a: Clefable
|-damage|p2a: Clefable|266\/394
|
|-heal|p2a: Clefable|290\/394|[from] item: Leftovers
|-heal|p1a: Amoonguss|424\/432|[from] item: Black Sludge
|turn|53
|
|move|p2a: Clefable|Fire Blast|p1a: Amoonguss
|-supereffective|p1a: Amoonguss
|-damage|p1a: Amoonguss|128\/432
|-status|p1a: Amoonguss|brn
|move|p1a: Amoonguss|Spore|p2a: Clefable
|-status|p2a: Clefable|slp
|
|-heal|p2a: Clefable|314\/394 slp|[from] item: Leftovers
|-heal|p1a: Amoonguss|155\/432 brn|[from] item: Black Sludge
|-damage|p1a: Amoonguss|101\/432 brn|[from] brn
|turn|54
|
|cant|p2a: Clefable|slp
|move|p1a: Amoonguss|Sludge Bomb|p2a: Clefable
|-supereffective|p2a: Clefable
|-damage|p2a: Clefable|186\/394 slp
|
|-heal|p2a: Clefable|210\/394 slp|[from] item: Leftovers
|-heal|p1a: Amoonguss|128\/432 brn|[from] item: Black Sludge
|-damage|p1a: Amoonguss|74\/432 brn|[from] brn
|turn|55
|
|-curestatus|p2a: Clefable|slp
|move|p2a: Clefable|Soft-Boiled|p2a: Clefable
|-heal|p2a: Clefable|394\/394
|move|p1a: Amoonguss|Sludge Bomb|p2a: Clefable
|-supereffective|p2a: Clefable
|-damage|p2a: Clefable|260\/394
|-status|p2a: Clefable|psn
|
|-heal|p2a: Clefable|284\/394 psn|[from] item: Leftovers
|-heal|p1a: Amoonguss|101\/432 brn|[from] item: Black Sludge
|-damage|p1a: Amoonguss|47\/432 brn|[from] brn
|turn|56
|
|move|p2a: Clefable|Moonblast|p1a: Amoonguss
|-resisted|p1a: Amoonguss
|-damage|p1a: Amoonguss|0 fnt
|faint|p1a: Amoonguss
|
|-heal|p2a: Clefable|308\/394 psn|[from] item: Leftovers
|
|switch|p1a: Jirachi|Jirachi|192\/397
|turn|57
|
|switch|p1a: Skarmory|Skarmory, M|245\/334
|switch|p2a: Magnezone|Magnezone|209\/282
|-damage|p2a: Magnezone|192\/282|[from] Stealth Rock
|
|turn|58
|
|switch|p1a: Umbreon|Umbreon, M|341\/394
|move|p2a: Magnezone|Volt Switch|p1a: Umbreon
|-damage|p1a: Umbreon|266\/394
|
|switch|p2a: Clefable|Clefable, F|308\/394 psn
|
|-heal|p1a: Umbreon|290\/394|[from] item: Leftovers
|-heal|p2a: Clefable|332\/394 psn|[from] item: Leftovers
|turn|59
|
|switch|p2a: Magnezone|Magnezone|192\/282
|-damage|p2a: Magnezone|175\/282|[from] Stealth Rock
|move|p1a: Umbreon|Wish|p1a: Umbreon
|
|-heal|p1a: Umbreon|314\/394|[from] item: Leftovers
|turn|60
|
|move|p2a: Magnezone|Hidden Power|p1a: Umbreon
|-damage|p1a: Umbreon|273\/394
|move|p1a: Umbreon|Foul Play|p2a: Magnezone
|-damage|p2a: Magnezone|114\/282
|
|-heal|p1a: Umbreon|394\/394|[from] move: Wish|[wisher] Umbreon
|turn|61
|
|switch|p2a: Clefable|Clefable, F|332\/394 psn
|move|p1a: Umbreon|Wish|p1a: Umbreon
|
|-heal|p2a: Clefable|356\/394 psn|[from] item: Leftovers
|turn|62
|
|switch|p1a: Skarmory|Skarmory, M|245\/334
|move|p2a: Clefable|Calm Mind|p2a: Clefable
|-boost|p2a: Clefable|spa|1
|-boost|p2a: Clefable|spd|1
|
|-heal|p1a: Skarmory|334\/334|[from] move: Wish|[wisher] Umbreon
|-heal|p2a: Clefable|380\/394 psn|[from] item: Leftovers
|turn|63
|
|move|p2a: Clefable|Moonblast|p1a: Skarmory
|-resisted|p1a: Skarmory
|-damage|p1a: Skarmory|232\/334
|move|p1a: Skarmory|Whirlwind|p2a: Clefable
|drag|p2a: Magnezone|Magnezone|114\/282
|-damage|p2a: Magnezone|97\/282|[from] Stealth Rock
|
|turn|64
|
|switch|p1a: Umbreon|Umbreon, M|394\/394
|move|p2a: Magnezone|Volt Switch|p1a: Umbreon
|-damage|p1a: Umbreon|316\/394
|
|switch|p2a: Clefable|Clefable, F|380\/394 psn
|
|-heal|p1a: Umbreon|340\/394|[from] item: Leftovers
|-heal|p2a: Clefable|394\/394 psn|[from] item: Leftovers
|turn|65
|
|switch|p1a: Skarmory|Skarmory, M|232\/334
|move|p2a: Clefable|Moonblast|p1a: Skarmory
|-resisted|p1a: Skarmory
|-damage|p1a: Skarmory|160\/334
|-unboost|p1a: Skarmory|spa|1
|
|turn|66
|
|move|p1a: Skarmory|Roost|p1a: Skarmory
|-heal|p1a: Skarmory|327\/334
|move|p2a: Clefable|Fire Blast|p1a: Skarmory
|-supereffective|p1a: Skarmory
|-damage|p1a: Skarmory|87\/334
|
|turn|67
|
|move|p1a: Skarmory|Roost|p1a: Skarmory
|-heal|p1a: Skarmory|254\/334
|move|p2a: Clefable|Calm Mind|p2a: Clefable
|-boost|p2a: Clefable|spa|1
|-boost|p2a: Clefable|spd|1
|
|turn|68
|
|move|p1a: Skarmory|Roost|p1a: Skarmory
|-heal|p1a: Skarmory|334\/334
|move|p2a: Clefable|Fire Blast|p1a: Skarmory
|-supereffective|p1a: Skarmory
|-damage|p1a: Skarmory|6\/334
|
|turn|69
|
|move|p1a: Skarmory|Roost|p1a: Skarmory
|-heal|p1a: Skarmory|173\/334
|move|p2a: Clefable|Calm Mind|p2a: Clefable
|-boost|p2a: Clefable|spa|1
|-boost|p2a: Clefable|spd|1
|
|turn|70
|
|move|p1a: Skarmory|Roost|p1a: Skarmory
|-heal|p1a: Skarmory|334\/334
|move|p2a: Clefable|Moonblast|p1a: Skarmory
|-resisted|p1a: Skarmory
|-damage|p1a: Skarmory|199\/334
|-unboost|p1a: Skarmory|spa|1
|
|turn|71
|
|move|p1a: Skarmory|Roost|p1a: Skarmory
|-heal|p1a: Skarmory|334\/334
|move|p2a: Clefable|Calm Mind|p2a: Clefable
|-boost|p2a: Clefable|spa|1
|-boost|p2a: Clefable|spd|1
|
|turn|72
|
|move|p2a: Clefable|Moonblast|p1a: Skarmory
|-resisted|p1a: Skarmory
|-damage|p1a: Skarmory|157\/334
|move|p1a: Skarmory|Whirlwind|p2a: Clefable
|drag|p2a: Magnezone|Magnezone|97\/282
|-damage|p2a: Magnezone|80\/282|[from] Stealth Rock
|
|turn|73
|
|switch|p1a: Umbreon|Umbreon, M|340\/394
|move|p2a: Magnezone|Volt Switch|p1a: Umbreon
|-damage|p1a: Umbreon|270\/394
|
|switch|p2a: Clefable|Clefable, F|394\/394 psn
|
|-heal|p1a: Umbreon|294\/394|[from] item: Leftovers
|turn|74
|
|move|p1a: Umbreon|Wish|p1a: Umbreon
|move|p2a: Clefable|Calm Mind|p2a: Clefable
|-boost|p2a: Clefable|spa|1
|-boost|p2a: Clefable|spd|1
|
|-heal|p1a: Umbreon|318\/394|[from] item: Leftovers
|turn|75
|
|switch|p1a: Skarmory|Skarmory, M|157\/334
|move|p2a: Clefable|Calm Mind|p2a: Clefable
|-boost|p2a: Clefable|spa|1
|-boost|p2a: Clefable|spd|1
|
|-heal|p1a: Skarmory|334\/334|[from] move: Wish|[wisher] Umbreon
|turn|76
|
|move|p2a: Clefable|Calm Mind|p2a: Clefable
|-boost|p2a: Clefable|spa|1
|-boost|p2a: Clefable|spd|1
|move|p1a: Skarmory|Whirlwind|p2a: Clefable
|drag|p2a: Magnezone|Magnezone|80\/282
|-damage|p2a: Magnezone|63\/282|[from] Stealth Rock
|
|turn|77
|
|switch|p1a: Umbreon|Umbreon, M|318\/394
|move|p2a: Magnezone|Thunderbolt|p1a: Umbreon
|-damage|p1a: Umbreon|213\/394
|
|-heal|p1a: Umbreon|237\/394|[from] item: Leftovers
|turn|78
|
|move|p2a: Magnezone|Thunderbolt|p1a: Umbreon
|-damage|p1a: Umbreon|132\/394
|move|p1a: Umbreon|Wish|p1a: Umbreon
|
|-heal|p1a: Umbreon|156\/394|[from] item: Leftovers
|turn|79
|
|move|p2a: Magnezone|Thunderbolt|p1a: Umbreon
|-crit|p1a: Umbreon
|-damage|p1a: Umbreon|18\/394
|-status|p1a: Umbreon|par
|cant|p1a: Umbreon|par
|
|-heal|p1a: Umbreon|215\/394 par|[from] move: Wish|[wisher] Umbreon
|-heal|p1a: Umbreon|239\/394 par|[from] item: Leftovers
|turn|80
|
|move|p2a: Magnezone|Thunderbolt|p1a: Umbreon
|-damage|p1a: Umbreon|139\/394 par
|move|p1a: Umbreon|Heal Bell|p1a: Umbreon
|-cureteam|p1a: Umbreon|[from] move: HealBell
|
|-heal|p1a: Umbreon|163\/394|[from] item: Leftovers
|turn|81
|
|move|p2a: Magnezone|Thunderbolt|p1a: Umbreon
|-crit|p1a: Umbreon
|-damage|p1a: Umbreon|15\/394
|move|p1a: Umbreon|Wish|p1a: Umbreon
|
|-heal|p1a: Umbreon|39\/394|[from] item: Leftovers
|turn|82
|c|âben69|u r a legend
|
|move|p1a: Umbreon|Protect|p1a: Umbreon
|-singleturn|p1a: Umbreon|Protect
|move|p2a: Magnezone|Thunderbolt|p1a: Umbreon
|-activate|p1a: Umbreon|Protect
|
|-heal|p1a: Umbreon|236\/394|[from] move: Wish|[wisher] Umbreon
|-heal|p1a: Umbreon|260\/394|[from] item: Leftovers
|turn|83
|c|âShyguy94|lol thnkks
|c|âben69|never seen a player go so many moves without attacking
|c|âShyguy94|i have to
|c|âShyguy94|that clefable destroys me
|
|move|p2a: Magnezone|Thunderbolt|p1a: Umbreon
|-damage|p1a: Umbreon|155\/394
|move|p1a: Umbreon|Wish|p1a: Umbreon
|
|-heal|p1a: Umbreon|179\/394|[from] item: Leftovers
|turn|84
|c|âben69|too much dedication to the pp stall
|c|âben69|never met anyone with that kind of patience
|
|move|p2a: Magnezone|Thunderbolt|p1a: Umbreon
|-damage|p1a: Umbreon|79\/394
|move|p1a: Umbreon|Foul Play|p2a: Magnezone
|-damage|p2a: Magnezone|0 fnt
|faint|p2a: Magnezone
|
|-heal|p1a: Umbreon|276\/394|[from] move: Wish|[wisher] Umbreon
|-heal|p1a: Umbreon|300\/394|[from] item: Leftovers
|
|switch|p2a: Clefable|Clefable, F|394\/394 psn
|turn|85
|
|move|p1a: Umbreon|Wish|p1a: Umbreon
|move|p2a: Clefable|Calm Mind|p2a: Clefable
|-boost|p2a: Clefable|spa|1
|-boost|p2a: Clefable|spd|1
|
|-heal|p1a: Umbreon|324\/394|[from] item: Leftovers
|turn|86
|
|switch|p1a: Skarmory|Skarmory, M|334\/334
|move|p2a: Clefable|Fire Blast|p1a: Skarmory
|-supereffective|p1a: Skarmory
|-damage|p1a: Skarmory|16\/334
|
|-heal|p1a: Skarmory|213\/334|[from] move: Wish|[wisher] Umbreon
|turn|87
|
|move|p1a: Skarmory|Roost|p1a: Skarmory
|-heal|p1a: Skarmory|334\/334
|move|p2a: Clefable|Calm Mind|p2a: Clefable
|-boost|p2a: Clefable|spa|1
|-boost|p2a: Clefable|spd|1
|
|turn|88
|
|switch|p1a: Umbreon|Umbreon, M|324\/394
|move|p2a: Clefable|Calm Mind|p2a: Clefable
|-boost|p2a: Clefable|spa|1
|-boost|p2a: Clefable|spd|1
|
|-heal|p1a: Umbreon|348\/394|[from] item: Leftovers
|turn|89
|
|move|p1a: Umbreon|Wish|p1a: Umbreon
|move|p2a: Clefable|Calm Mind|p2a: Clefable
|-boost|p2a: Clefable|spa|1
|-boost|p2a: Clefable|spd|1
|
|-heal|p1a: Umbreon|372\/394|[from] item: Leftovers
|turn|90
|
|move|p1a: Umbreon|Foul Play|p2a: Clefable
|-resisted|p2a: Clefable
|-damage|p2a: Clefable|364\/394 psn
|move|p2a: Clefable|Moonblast|p1a: Umbreon
|-supereffective|p1a: Umbreon
|-damage|p1a: Umbreon|12\/394
|
|-heal|p1a: Umbreon|209\/394|[from] move: Wish|[wisher] Umbreon
|-heal|p1a: Umbreon|233\/394|[from] item: Leftovers
|-heal|p2a: Clefable|388\/394 psn|[from] item: Leftovers
|turn|91
|c|âben69|that thing is insane
|c|âShyguy94|lol i still lose
|c|âben69|taking +4 se hits
|
|move|p1a: Umbreon|Wish|p1a: Umbreon
|move|p2a: Clefable|Calm Mind|p2a: Clefable
|-boost|p2a: Clefable|spa|1
|-boost|p2a: Clefable|spd|1
|
|-heal|p1a: Umbreon|257\/394|[from] item: Leftovers
|-heal|p2a: Clefable|394\/394 psn|[from] item: Leftovers
|turn|92
|
|move|p1a: Umbreon|Protect|p1a: Umbreon
|-singleturn|p1a: Umbreon|Protect
|move|p2a: Clefable|Moonblast|p1a: Umbreon
|-activate|p1a: Umbreon|Protect
|
|-heal|p1a: Umbreon|394\/394|[from] move: Wish|[wisher] Umbreon
|turn|93
|
|move|p1a: Umbreon|Wish|p1a: Umbreon
|move|p2a: Clefable|Calm Mind|p2a: Clefable
|-boost|p2a: Clefable|spa|1
|-boost|p2a: Clefable|spd|1
|
|turn|94
|
|move|p1a: Umbreon|Protect|p1a: Umbreon
|-singleturn|p1a: Umbreon|Protect
|move|p2a: Clefable|Calm Mind|p2a: Clefable
|-fail|p2a: Clefable
|
|turn|95
|
|move|p1a: Umbreon|Wish|p1a: Umbreon
|move|p2a: Clefable|Moonblast|p1a: Umbreon
|-supereffective|p1a: Umbreon
|-damage|p1a: Umbreon|0 fnt
|faint|p1a: Umbreon
|
|
|switch|p1a: Jirachi|Jirachi|192\/397
|turn|96
|
|move|p1a: Jirachi|Substitute|p1a: Jirachi
|-start|p1a: Jirachi|Substitute
|-damage|p1a: Jirachi|93\/397
|move|p2a: Clefable|Fire Blast|p1a: Jirachi
|-supereffective|p1a: Jirachi
|-end|p1a: Jirachi|Substitute
|
|-heal|p1a: Jirachi|290\/397|[from] move: Wish|[wisher] Umbreon
|turn|97
|
|move|p1a: Jirachi|Iron Head|p2a: Clefable
|-supereffective|p2a: Clefable
|-damage|p2a: Clefable|202\/394 psn
|cant|p2a: Clefable|flinch
|
|-heal|p2a: Clefable|226\/394 psn|[from] item: Leftovers
|turn|98
|
|move|p1a: Jirachi|Substitute|p1a: Jirachi
|-start|p1a: Jirachi|Substitute
|-damage|p1a: Jirachi|191\/397
|move|p2a: Clefable|Fire Blast|p1a: Jirachi|[miss]
|-miss|p2a: Clefable|p1a: Jirachi
|
|-heal|p2a: Clefable|250\/394 psn|[from] item: Leftovers
|turn|99
|c|âShyguy94|yes
|c|âShyguy94|omg
|
|move|p1a: Jirachi|Iron Head|p2a: Clefable
|-supereffective|p2a: Clefable
|-damage|p2a: Clefable|64\/394 psn
|move|p2a: Clefable|Soft-Boiled|p2a: Clefable
|-heal|p2a: Clefable|261\/394 psn
|
|-heal|p2a: Clefable|285\/394 psn|[from] item: Leftovers
|turn|100
|c|âShyguy94|i've done it
|
|move|p1a: Jirachi|Iron Head|p2a: Clefable
|-supereffective|p2a: Clefable
|-damage|p2a: Clefable|93\/394 psn
|cant|p2a: Clefable|flinch
|
|-heal|p2a: Clefable|117\/394 psn|[from] item: Leftovers
|turn|101
|c|âShyguy94|now that was a battle
|c|âben69|u could have brought jirachi 100 turns ago
|
|move|p1a: Jirachi|Iron Head|p2a: Clefable
|-supereffective|p2a: Clefable
|-damage|p2a: Clefable|0 fnt
|faint|p2a: Clefable
|
|win|Shyguy94
|raw|Ladder updating...
|raw|Shyguy94's rating: 1882 &rarr; <strong>1895<\/strong><br \/>(+13 for winning)
|raw|ben69's rating: 1752 &rarr; <strong>1739<\/strong><br \/>(-13 for losing)
|c|âShyguy94|lol