|join|ben69
|join|Avestruzo
|player|p1|ben69|266
|player|p2|Avestruzo|265
|gametype|singles
|gen|6
|tier|OU
|rated
|clearpoke
|poke|p1|Manectric, M
|poke|p1|Scizor, M
|poke|p1|Tornadus-Therian, M
|poke|p1|Rotom-Wash
|poke|p1|Landorus-Therian, M
|poke|p1|Infernape, F
|poke|p2|Landorus-Therian, M
|poke|p2|Magnezone
|poke|p2|Medicham, M
|poke|p2|Azumarill, F
|poke|p2|Latios, M
|poke|p2|Ferrothorn, F
|rule|Swagger Clause: Swagger is banned
|rule|Baton Pass Clause: Limit one PokÃ©mon knowing Baton Pass
|rule|Sleep Clause Mod: Limit one foe put to sleep
|rule|Species Clause: Limit one of each PokÃ©mon
|rule|OHKO Clause: OHKO moves are banned
|rule|Moody Clause: Moody is banned
|rule|Evasion Moves Clause: Evasion moves are banned
|rule|Endless Battle Clause: Forcing endless battles is banned
|rule|HP Percentage Mod: HP is shown in percentages
|teampreview
|
|start
|switch|p1a: Landorus-Therian|Landorus-Therian, M|382\/382
|switch|p2a: Ferrothorn|Ferrothorn, F|352\/352
|-ability|p1a: Landorus-Therian|Intimidate|[of] p2a: Ferrothorn
|-unboost|p2a: Ferrothorn|atk|1
|turn|1
|
|move|p1a: Landorus-Therian|Stealth Rock|p2a: Ferrothorn
|-sidestart|p2: Avestruzo|move: Stealth Rock
|move|p2a: Ferrothorn|Stealth Rock|p1a: Landorus-Therian
|-sidestart|p1: ben69|move: Stealth Rock
|
|turn|2
|
|move|p1a: Landorus-Therian|U-turn|p2a: Ferrothorn
|-damage|p2a: Ferrothorn|287\/352
|-damage|p1a: Landorus-Therian|335\/382|[from] ability: Iron Barbs|[of] p2a: Ferrothorn
|
|switch|p1a: Manectric|Manectric, M|281\/281
|-damage|p1a: Manectric|246\/281|[from] Stealth Rock
|move|p2a: Ferrothorn|Leech Seed|p1a: Manectric
|-start|p1a: Manectric|move: Leech Seed
|
|-heal|p2a: Ferrothorn|309\/352|[from] item: Leftovers
|-damage|p1a: Manectric|211\/281|[from] Leech Seed|[of] p2a: Ferrothorn
|-heal|p2a: Ferrothorn|344\/352|[silent]
|turn|3
|
|detailschange|p1a: Manectric|Manectric-Mega, M
|message|Manectric has Mega Evolved into Mega Manectric!
|-ability|p1a: Manectric|Intimidate|[of] p2a: Ferrothorn
|-unboost|p2a: Ferrothorn|atk|1
|move|p2a: Ferrothorn|Protect|p2a: Ferrothorn
|-singleturn|p2a: Ferrothorn|Protect
|move|p1a: Manectric|Volt Switch|p2a: Ferrothorn
|-activate|p2a: Ferrothorn|Protect
|
|-heal|p2a: Ferrothorn|352\/352|[from] item: Leftovers
|-damage|p1a: Manectric|176\/281|[from] Leech Seed|[of] p2a: Ferrothorn
|turn|4
|
|switch|p2a: Latios|Latios, M|302\/302
|-damage|p2a: Latios|265\/302|[from] Stealth Rock
|move|p1a: Manectric|Hidden Power|p2a: Latios
|-supereffective|p2a: Latios
|-damage|p2a: Latios|137\/302
|
|-damage|p1a: Manectric|141\/281|[from] Leech Seed|[of] p2a: Latios
|-heal|p2a: Latios|172\/302|[silent]
|turn|5
|
|switch|p1a: Scizor|Scizor, M|344\/344
|-damage|p1a: Scizor|301\/344|[from] Stealth Rock
|move|p2a: Latios|Draco Meteor|p1a: Scizor
|-resisted|p1a: Scizor
|-damage|p1a: Scizor|171\/344
|-unboost|p2a: Latios|spa|2
|-damage|p2a: Latios|142\/302|[from] item: Life Orb
|
|-heal|p1a: Scizor|192\/344|[from] item: Leftovers
|turn|6
|
|switch|p2a: Landorus-Therian|Landorus-Therian, M|320\/320
|-damage|p2a: Landorus-Therian|280\/320|[from] Stealth Rock
|-ability|p2a: Landorus-Therian|Intimidate|[of] p1a: Scizor
|-unboost|p1a: Scizor|atk|1
|move|p1a: Scizor|U-turn|p2a: Landorus-Therian
|-resisted|p2a: Landorus-Therian
|-damage|p2a: Landorus-Therian|242\/320
|
|switch|p1a: Landorus-Therian|Landorus-Therian, M|335\/382
|-damage|p1a: Landorus-Therian|288\/382|[from] Stealth Rock
|-ability|p1a: Landorus-Therian|Intimidate|[of] p2a: Landorus-Therian
|-unboost|p2a: Landorus-Therian|atk|1
|
|-heal|p1a: Landorus-Therian|311\/382|[from] item: Leftovers
|turn|7
|
|move|p2a: Landorus-Therian|U-turn|p1a: Landorus-Therian
|-resisted|p1a: Landorus-Therian
|-damage|p1a: Landorus-Therian|278\/382
|
|switch|p2a: Ferrothorn|Ferrothorn, F|352\/352
|-damage|p2a: Ferrothorn|330\/352|[from] Stealth Rock
|move|p1a: Landorus-Therian|U-turn|p2a: Ferrothorn
|-crit|p2a: Ferrothorn
|-damage|p2a: Ferrothorn|248\/352
|-damage|p1a: Landorus-Therian|231\/382|[from] ability: Iron Barbs|[of] p2a: Ferrothorn
|
|switch|p1a: Infernape|Infernape, F|293\/293
|-damage|p1a: Infernape|257\/293|[from] Stealth Rock
|
|-heal|p2a: Ferrothorn|270\/352|[from] item: Leftovers
|turn|8
|
|move|p2a: Ferrothorn|Protect|p2a: Ferrothorn
|-singleturn|p2a: Ferrothorn|Protect
|move|p1a: Infernape|Fire Blast|p2a: Ferrothorn
|-activate|p2a: Ferrothorn|Protect
|
|-heal|p2a: Ferrothorn|292\/352|[from] item: Leftovers
|turn|9
|
|switch|p2a: Azumarill|Azumarill, F|404\/404
|-damage|p2a: Azumarill|354\/404|[from] Stealth Rock
|move|p1a: Infernape|Fire Blast|p2a: Azumarill
|-resisted|p2a: Azumarill
|-damage|p2a: Azumarill|259\/404
|-damage|p1a: Infernape|228\/293|[from] item: Life Orb
|
|turn|10
|
|move|p1a: Infernape|Grass Knot|p2a: Azumarill
|-supereffective|p2a: Azumarill
|-damage|p2a: Azumarill|119\/404
|-damage|p1a: Infernape|199\/293|[from] item: Life Orb
|move|p2a: Azumarill|Play Rough|p1a: Infernape
|-damage|p1a: Infernape|0 fnt
|faint|p1a: Infernape
|
|
|switch|p1a: Rotom-Wash|Rotom-Wash|304\/304
|-damage|p1a: Rotom-Wash|266\/304|[from] Stealth Rock
|turn|11
|
|switch|p2a: Landorus-Therian|Landorus-Therian, M|242\/320
|-damage|p2a: Landorus-Therian|202\/320|[from] Stealth Rock
|-ability|p2a: Landorus-Therian|Intimidate|[of] p1a: Rotom-Wash
|-unboost|p1a: Rotom-Wash|atk|1
|move|p1a: Rotom-Wash|Volt Switch|p2a: Landorus-Therian
|-immune|p2a: Landorus-Therian|[msg]
|
|-heal|p1a: Rotom-Wash|285\/304|[from] item: Leftovers
|turn|12
|
|move|p2a: Landorus-Therian|U-turn|p1a: Rotom-Wash
|-damage|p1a: Rotom-Wash|204\/304
|
|switch|p2a: Magnezone|Magnezone|282\/282
|-damage|p2a: Magnezone|265\/282|[from] Stealth Rock
|move|p1a: Rotom-Wash|Volt Switch|p2a: Magnezone
|-resisted|p2a: Magnezone
|-damage|p2a: Magnezone|226\/282
|
|switch|p1a: Manectric|Manectric-Mega, M|141\/281
|-damage|p1a: Manectric|106\/281|[from] Stealth Rock
|-ability|p1a: Manectric|Intimidate|[of] p2a: Magnezone
|-unboost|p2a: Magnezone|atk|1
|
|turn|13
|
|switch|p2a: Azumarill|Azumarill, F|119\/404
|-damage|p2a: Azumarill|69\/404|[from] Stealth Rock
|move|p1a: Manectric|Volt Switch|p2a: Azumarill
|-supereffective|p2a: Azumarill
|-damage|p2a: Azumarill|0 fnt
|faint|p2a: Azumarill
|
|switch|p1a: Rotom-Wash|Rotom-Wash|204\/304
|-damage|p1a: Rotom-Wash|166\/304|[from] Stealth Rock
|
|-heal|p1a: Rotom-Wash|185\/304|[from] item: Leftovers
|
|switch|p2a: Medicham|Medicham, M|262\/262
|-damage|p2a: Medicham|246\/262|[from] Stealth Rock
|turn|14
|
|switch|p1a: Scizor|Scizor, M|192\/344
|-damage|p1a: Scizor|149\/344|[from] Stealth Rock
|detailschange|p2a: Medicham|Medicham-Mega, M
|message|Medicham has Mega Evolved into Mega Medicham!
|move|p2a: Medicham|Drain Punch|p1a: Scizor
|-damage|p1a: Scizor|0 fnt
|-heal|p2a: Medicham|262\/262|[from] drain|[of] p1a: Scizor
|faint|p1a: Scizor
|
|
|switch|p1a: Tornadus-Therian|Tornadus-Therian, M|300\/300
|-damage|p1a: Tornadus-Therian|225\/300|[from] Stealth Rock
|turn|15
|
|switch|p2a: Magnezone|Magnezone|226\/282
|-damage|p2a: Magnezone|209\/282|[from] Stealth Rock
|move|p1a: Tornadus-Therian|Focus Blast|p2a: Magnezone
|-supereffective|p2a: Magnezone
|-damage|p2a: Magnezone|0 fnt
|faint|p2a: Magnezone
|
|
|switch|p2a: Landorus-Therian|Landorus-Therian, M|202\/320
|-damage|p2a: Landorus-Therian|162\/320|[from] Stealth Rock
|-ability|p2a: Landorus-Therian|Intimidate|[of] p1a: Tornadus-Therian
|-unboost|p1a: Tornadus-Therian|atk|1
|turn|16
|
|switch|p1a: Landorus-Therian|Landorus-Therian, M|231\/382
|-damage|p1a: Landorus-Therian|184\/382|[from] Stealth Rock
|-ability|p1a: Landorus-Therian|Intimidate|[of] p2a: Landorus-Therian
|-unboost|p2a: Landorus-Therian|atk|1
|move|p2a: Landorus-Therian|Knock Off|p1a: Landorus-Therian
|-damage|p1a: Landorus-Therian|90\/382
|-enditem|p1a: Landorus-Therian|Leftovers|[from] move: Knock Off|[of] p2a: Landorus-Therian
|
|turn|17
|
|switch|p2a: Ferrothorn|Ferrothorn, F|292\/352
|-damage|p2a: Ferrothorn|270\/352|[from] Stealth Rock
|move|p1a: Landorus-Therian|Earthquake|p2a: Ferrothorn
|-damage|p2a: Ferrothorn|150\/352
|
|-heal|p2a: Ferrothorn|172\/352|[from] item: Leftovers
|turn|18
|
|move|p1a: Landorus-Therian|Earthquake|p2a: Ferrothorn
|-damage|p2a: Ferrothorn|34\/352
|move|p2a: Ferrothorn|Leech Seed|p1a: Landorus-Therian|[miss]
|-miss|p2a: Ferrothorn|p1a: Landorus-Therian
|
|-heal|p2a: Ferrothorn|56\/352|[from] item: Leftovers
|turn|19
|
|move|p2a: Ferrothorn|Protect|p2a: Ferrothorn
|-singleturn|p2a: Ferrothorn|Protect
|move|p1a: Landorus-Therian|Earthquake|p2a: Ferrothorn
|-activate|p2a: Ferrothorn|Protect
|
|-heal|p2a: Ferrothorn|78\/352|[from] item: Leftovers
|turn|20
|
|move|p1a: Landorus-Therian|Knock Off|p2a: Ferrothorn
|-damage|p2a: Ferrothorn|1\/352
|-damage|p1a: Landorus-Therian|43\/382|[from] ability: Iron Barbs|[of] p2a: Ferrothorn
|-enditem|p2a: Ferrothorn|Leftovers|[from] move: Knock Off|[of] p1a: Landorus-Therian
|move|p2a: Ferrothorn|Leech Seed|p1a: Landorus-Therian
|-start|p1a: Landorus-Therian|move: Leech Seed
|
|-damage|p1a: Landorus-Therian|0 fnt|[from] Leech Seed|[of] p2a: Ferrothorn
|-heal|p2a: Ferrothorn|44\/352|[silent]
|faint|p1a: Landorus-Therian
|
|switch|p1a: Rotom-Wash|Rotom-Wash|185\/304
|-damage|p1a: Rotom-Wash|147\/304|[from] Stealth Rock
|turn|21
|
|move|p1a: Rotom-Wash|Hydro Pump|p2a: Ferrothorn
|-resisted|p2a: Ferrothorn
|-damage|p2a: Ferrothorn|0 fnt
|faint|p2a: Ferrothorn
|
|-heal|p1a: Rotom-Wash|166\/304|[from] item: Leftovers
|
|switch|p2a: Latios|Latios, M|142\/302
|-damage|p2a: Latios|105\/302|[from] Stealth Rock
|turn|22
|
|move|p2a: Latios|Roost|p2a: Latios
|-heal|p2a: Latios|256\/302
|move|p1a: Rotom-Wash|Thunder Wave|p2a: Latios
|-status|p2a: Latios|par
|
|-heal|p1a: Rotom-Wash|185\/304|[from] item: Leftovers
|turn|23
|
|move|p1a: Rotom-Wash|Pain Split|p2a: Latios
|-sethp|p2a: Latios|220\/302 par|p1a: Rotom-Wash|220\/304|[from] move: Pain Split
|move|p2a: Latios|Draco Meteor|p1a: Rotom-Wash
|-damage|p1a: Rotom-Wash|13\/304
|-unboost|p2a: Latios|spa|2
|-damage|p2a: Latios|190\/302 par|[from] item: Life Orb
|
|-heal|p1a: Rotom-Wash|32\/304|[from] item: Leftovers
|turn|24
|
|switch|p2a: Landorus-Therian|Landorus-Therian, M|162\/320
|-damage|p2a: Landorus-Therian|122\/320|[from] Stealth Rock
|-ability|p2a: Landorus-Therian|Intimidate|[of] p1a: Rotom-Wash
|-unboost|p1a: Rotom-Wash|atk|1
|move|p1a: Rotom-Wash|Pain Split|p2a: Landorus-Therian
|-sethp|p2a: Landorus-Therian|77\/320|p1a: Rotom-Wash|77\/304|[from] move: Pain Split
|
|-heal|p1a: Rotom-Wash|96\/304|[from] item: Leftovers
|turn|25
|
|move|p2a: Landorus-Therian|Knock Off|p1a: Rotom-Wash
|-damage|p1a: Rotom-Wash|0 fnt
|-enditem|p1a: Rotom-Wash|Leftovers|[from] move: Knock Off|[of] p2a: Landorus-Therian
|faint|p1a: Rotom-Wash
|
|
|switch|p1a: Manectric|Manectric-Mega, M|106\/281
|-damage|p1a: Manectric|71\/281|[from] Stealth Rock
|-ability|p1a: Manectric|Intimidate|[of] p2a: Landorus-Therian
|-unboost|p2a: Landorus-Therian|atk|1
|turn|26
|
|switch|p2a: Latios|Latios, M|190\/302 par
|-damage|p2a: Latios|153\/302 par|[from] Stealth Rock
|move|p1a: Manectric|Discharge|p2a: Latios
|-resisted|p2a: Latios
|-damage|p2a: Latios|83\/302 par
|
|turn|27
|
|move|p1a: Manectric|Hidden Power|p2a: Latios
|-supereffective|p2a: Latios
|-damage|p2a: Latios|0 fnt
|faint|p2a: Latios
|
|
|switch|p2a: Medicham|Medicham-Mega, M|262\/262
|-damage|p2a: Medicham|246\/262|[from] Stealth Rock
|turn|28
|
|switch|p1a: Tornadus-Therian|Tornadus-Therian, M|300\/300
|-damage|p1a: Tornadus-Therian|225\/300|[from] Stealth Rock
|move|p2a: Medicham|Drain Punch|p1a: Tornadus-Therian
|-resisted|p1a: Tornadus-Therian
|-damage|p1a: Tornadus-Therian|84\/300
|-heal|p2a: Medicham|262\/262|[from] drain|[of] p1a: Tornadus-Therian
|
|turn|29
|
|move|p1a: Tornadus-Therian|Hurricane|p2a: Medicham
|-supereffective|p2a: Medicham
|-damage|p2a: Medicham|0 fnt
|faint|p2a: Medicham
|
|
|switch|p2a: Landorus-Therian|Landorus-Therian, M|77\/320
|-damage|p2a: Landorus-Therian|37\/320|[from] Stealth Rock
|-ability|p2a: Landorus-Therian|Intimidate|[of] p1a: Tornadus-Therian
|-unboost|p1a: Tornadus-Therian|atk|1
|turn|30
|
|move|p2a: Landorus-Therian|Knock Off|p1a: Tornadus-Therian
|-damage|p1a: Tornadus-Therian|0 fnt
|-enditem|p1a: Tornadus-Therian|Wide Lens|[from] move: Knock Off|[of] p2a: Landorus-Therian
|faint|p1a: Tornadus-Therian
|
|
|switch|p1a: Manectric|Manectric-Mega, M|71\/281
|-damage|p1a: Manectric|36\/281|[from] Stealth Rock
|-ability|p1a: Manectric|Intimidate|[of] p2a: Landorus-Therian
|-unboost|p2a: Landorus-Therian|atk|1
|turn|31
|
|move|p2a: Landorus-Therian|Knock Off|p1a: Manectric
|-damage|p1a: Manectric|0 fnt
|faint|p1a: Manectric
|
|win|Avestruzo
|raw|Ladder updating...
|raw|ben69's rating: 1622 &rarr; <strong>1596<\/strong><br \/>(-26 for losing)
|raw|Avestruzo's rating: 1527 &rarr; <strong>1552<\/strong><br \/>(+25 for winning)
|c|âAvestruzo|gg
|c|âben69|gg