|join|G123Rocks
|join|ben69
|player|p1|G123Rocks|290
|player|p2|ben69|1
|gametype|singles
|gen|6
|tier|OU
|rated
|clearpoke
|poke|p1|Charizard, M
|poke|p1|Suicune
|poke|p1|Latios, M
|poke|p1|Landorus-Therian, M
|poke|p1|Clefable, F
|poke|p1|Jirachi
|poke|p2|Diggersby, F
|poke|p2|Manaphy
|poke|p2|Venusaur, M
|poke|p2|Landorus, M
|poke|p2|Bisharp, M
|poke|p2|Clefable, F
|rule|Swagger Clause: Swagger is banned
|rule|Baton Pass Clause: Limit one PokÃ©mon knowing Baton Pass
|rule|Sleep Clause Mod: Limit one foe put to sleep
|rule|Species Clause: Limit one of each PokÃ©mon
|rule|OHKO Clause: OHKO moves are banned
|rule|Moody Clause: Moody is banned
|rule|Evasion Moves Clause: Evasion moves are banned
|rule|Endless Battle Clause: Forcing endless battles is banned
|rule|HP Percentage Mod: HP is shown in percentages
|teampreview
|join|LT5Y Alkov
|
|start
|switch|p1a: Charizard|Charizard, M|333\/333
|switch|p2a: Landorus|Landorus, M|320\/320
|turn|1
|
|move|p2a: Landorus|Earth Power|p1a: Charizard
|-immune|p1a: Charizard|[msg]
|move|p1a: Charizard|Flare Blitz|p2a: Landorus
|-damage|p2a: Landorus|131\/320
|-damage|p1a: Charizard|271\/333|[from] recoil|[of] p2a: Landorus
|
|turn|2
|
|switch|p1a: Latios|Latios, M|301\/301
|move|p2a: Landorus|Stealth Rock|p1a: Latios
|-sidestart|p1: G123Rocks|move: Stealth Rock
|
|turn|3
|
|switch|p2a: Bisharp|Bisharp, M|272\/272
|-item|p2a: Bisharp|Air Balloon
|move|p1a: Latios|Draco Meteor|p2a: Bisharp
|-resisted|p2a: Bisharp
|-damage|p2a: Bisharp|58\/272
|-enditem|p2a: Bisharp|Air Balloon
|-unboost|p1a: Latios|spa|2
|-damage|p1a: Latios|271\/301|[from] item: Life Orb
|
|turn|4
|
|move|p1a: Latios|Earthquake|p2a: Bisharp
|-supereffective|p2a: Bisharp
|-damage|p2a: Bisharp|0 fnt
|-damage|p1a: Latios|241\/301|[from] item: Life Orb
|faint|p2a: Bisharp
|
|c|âG123Rocks|ahh
|
|switch|p2a: Diggersby|Diggersby, F|311\/311
|turn|5
|
|switch|p1a: Landorus-Therian|Landorus-Therian, M|325\/325
|-damage|p1a: Landorus-Therian|285\/325|[from] Stealth Rock
|-ability|p1a: Landorus-Therian|Intimidate|[of] p2a: Diggersby
|-unboost|p2a: Diggersby|atk|1
|move|p2a: Diggersby|Return|p1a: Landorus-Therian
|-damage|p1a: Landorus-Therian|111\/325
|
|turn|6
|
|move|p1a: Landorus-Therian|U-turn|p2a: Diggersby
|-damage|p2a: Diggersby|192\/311
|
|switch|p1a: Suicune|Suicune|401\/401
|-damage|p1a: Suicune|351\/401|[from] Stealth Rock
|-ability|p1a: Suicune|Pressure
|move|p2a: Diggersby|Return|p1a: Suicune
|-crit|p1a: Suicune
|-damage|p1a: Suicune|113\/401
|
|-heal|p1a: Suicune|138\/401|[from] item: Leftovers
|turn|7
|c| LT5Y Alkov|adamant scarf so powerful
|
|switch|p2a: Manaphy|Manaphy|359\/359
|move|p1a: Suicune|Scald|p2a: Manaphy
|-resisted|p2a: Manaphy
|-damage|p2a: Manaphy|317\/359
|
|-heal|p2a: Manaphy|339\/359|[from] item: Leftovers
|-heal|p1a: Suicune|163\/401|[from] item: Leftovers
|turn|8
|c|âG123Rocks|thats scarf
|
|switch|p1a: Latios|Latios, M|241\/301
|-damage|p1a: Latios|204\/301|[from] Stealth Rock
|move|p2a: Manaphy|Substitute|p2a: Manaphy
|-start|p2a: Manaphy|Substitute
|-damage|p2a: Manaphy|250\/359
|
|-heal|p2a: Manaphy|272\/359|[from] item: Leftovers
|turn|9
|
|move|p1a: Latios|Defog|p2a: Manaphy
|-sideend|p1: G123Rocks|Stealth Rock|[from] move: Defog|[of] p1a: Latios
|move|p2a: Manaphy|Ice Beam|p1a: Latios
|-supereffective|p1a: Latios
|-damage|p1a: Latios|52\/301
|
|-heal|p2a: Manaphy|294\/359|[from] item: Leftovers
|turn|10
|
|move|p1a: Latios|Psyshock|p2a: Manaphy
|-end|p2a: Manaphy|Substitute
|-damage|p1a: Latios|22\/301|[from] item: Life Orb
|move|p2a: Manaphy|Tail Glow|p2a: Manaphy
|-boost|p2a: Manaphy|spa|3
|
|-heal|p2a: Manaphy|316\/359|[from] item: Leftovers
|turn|11
|
|switch|p2a: Clefable|Clefable, F|394\/394
|move|p1a: Latios|Draco Meteor|p2a: Clefable
|-immune|p2a: Clefable|[msg]
|
|turn|12
|
|switch|p1a: Charizard|Charizard, M|271\/333
|switch|p2a: Landorus|Landorus, M|131\/320
|
|turn|13
|
|switch|p1a: Latios|Latios, M|22\/301
|move|p2a: Landorus|Stealth Rock|p1a: Latios
|-sidestart|p1: G123Rocks|move: Stealth Rock
|
|turn|14
|
|move|p1a: Latios|Defog|p2a: Landorus
|-unboost|p2a: Landorus|evasion|1
|-sideend|p1: G123Rocks|Stealth Rock|[from] move: Defog|[of] p1a: Latios
|move|p2a: Landorus|Sludge Wave|p1a: Latios
|-damage|p1a: Latios|0 fnt
|faint|p1a: Latios
|
|
|switch|p1a: Landorus-Therian|Landorus-Therian, M|111\/325
|-ability|p1a: Landorus-Therian|Intimidate|[of] p2a: Landorus
|-unboost|p2a: Landorus|atk|1
|turn|15
|
|switch|p2a: Venusaur|Venusaur, M|364\/364
|move|p1a: Landorus-Therian|Explosion|p2a: Venusaur
|-crit|p2a: Venusaur
|-damage|p2a: Venusaur|0 fnt
|faint|p1a: Landorus-Therian
|faint|p2a: Venusaur
|
|c| LT5Y Alkov|lol
|
|switch|p2a: Diggersby|Diggersby, F|192\/311
|switch|p1a: Charizard|Charizard, M|271\/333
|turn|16
|
|switch|p1a: Jirachi|Jirachi|397\/397
|move|p2a: Diggersby|Return|p1a: Jirachi
|-resisted|p1a: Jirachi
|-damage|p1a: Jirachi|286\/397
|
|-heal|p1a: Jirachi|310\/397|[from] item: Leftovers
|turn|17
|
|switch|p2a: Landorus|Landorus, M|131\/320
|move|p1a: Jirachi|Body Slam|p2a: Landorus
|-damage|p2a: Landorus|34\/320
|-status|p2a: Landorus|par
|
|-heal|p1a: Jirachi|334\/397|[from] item: Leftovers
|turn|18
|
|move|p1a: Jirachi|Fire Punch|p2a: Landorus
|-damage|p2a: Landorus|0 fnt
|faint|p2a: Landorus
|
|-heal|p1a: Jirachi|358\/397|[from] item: Leftovers
|c|âG123Rocks|hehe
|
|switch|p2a: Manaphy|Manaphy|316\/359
|turn|19
|
|move|p2a: Manaphy|Substitute|p2a: Manaphy
|-start|p2a: Manaphy|Substitute
|-damage|p2a: Manaphy|227\/359
|move|p1a: Jirachi|Body Slam|p2a: Manaphy
|-end|p2a: Manaphy|Substitute
|
|-heal|p2a: Manaphy|249\/359|[from] item: Leftovers
|-heal|p1a: Jirachi|382\/397|[from] item: Leftovers
|turn|20
|
|move|p2a: Manaphy|Scald|p1a: Jirachi
|-damage|p1a: Jirachi|252\/397
|-status|p1a: Jirachi|brn
|move|p1a: Jirachi|Body Slam|p2a: Manaphy
|-damage|p2a: Manaphy|205\/359
|-status|p2a: Manaphy|par
|
|-heal|p1a: Jirachi|276\/397 brn|[from] item: Leftovers
|-heal|p2a: Manaphy|227\/359 par|[from] item: Leftovers
|-damage|p1a: Jirachi|227\/397 brn|[from] brn
|turn|21
|c| LT5Y Alkov|lol
|
|move|p1a: Jirachi|Body Slam|p2a: Manaphy
|-damage|p2a: Manaphy|180\/359 par
|cant|p2a: Manaphy|par
|
|-heal|p1a: Jirachi|251\/397 brn|[from] item: Leftovers
|-heal|p2a: Manaphy|202\/359 par|[from] item: Leftovers
|-damage|p1a: Jirachi|202\/397 brn|[from] brn
|turn|22
|
|move|p1a: Jirachi|Body Slam|p2a: Manaphy
|-damage|p2a: Manaphy|159\/359 par
|move|p2a: Manaphy|Tail Glow|p2a: Manaphy
|-boost|p2a: Manaphy|spa|3
|
|-heal|p1a: Jirachi|226\/397 brn|[from] item: Leftovers
|-heal|p2a: Manaphy|181\/359 par|[from] item: Leftovers
|-damage|p1a: Jirachi|177\/397 brn|[from] brn
|turn|23
|
|move|p1a: Jirachi|Body Slam|p2a: Manaphy
|-damage|p2a: Manaphy|138\/359 par
|move|p2a: Manaphy|Scald|p1a: Jirachi
|-damage|p1a: Jirachi|0 fnt
|faint|p1a: Jirachi
|
|-heal|p2a: Manaphy|160\/359 par|[from] item: Leftovers
|
|switch|p1a: Charizard|Charizard, M|271\/333
|turn|24
|
|detailschange|p1a: Charizard|Charizard-Mega-X, M
|message|Charizard has Mega Evolved into Mega Charizard!
|move|p1a: Charizard|Dragon Dance|p1a: Charizard
|-boost|p1a: Charizard|atk|1
|-boost|p1a: Charizard|spe|1
|move|p2a: Manaphy|Scald|p1a: Charizard
|-damage|p1a: Charizard|0 fnt
|faint|p1a: Charizard
|
|-heal|p2a: Manaphy|182\/359 par|[from] item: Leftovers
|
|switch|p1a: Clefable|Clefable, F|393\/393
|turn|25
|
|move|p1a: Clefable|Moonblast|p2a: Manaphy
|-damage|p2a: Manaphy|74\/359 par
|move|p2a: Manaphy|Scald|p1a: Clefable
|-damage|p1a: Clefable|105\/393
|
|-heal|p1a: Clefable|129\/393|[from] item: Leftovers
|-heal|p2a: Manaphy|96\/359 par|[from] item: Leftovers
|turn|26
|
|move|p1a: Clefable|Moonblast|p2a: Manaphy
|-damage|p2a: Manaphy|0 fnt
|faint|p2a: Manaphy
|
|-heal|p1a: Clefable|153\/393|[from] item: Leftovers
|
|switch|p2a: Diggersby|Diggersby, F|192\/311
|turn|27
|
|move|p2a: Diggersby|Return|p1a: Clefable
|-damage|p1a: Clefable|0 fnt
|faint|p1a: Clefable
|
|
|switch|p1a: Suicune|Suicune|163\/401
|-ability|p1a: Suicune|Pressure
|turn|28
|
|move|p2a: Diggersby|Return|p1a: Suicune
|-damage|p1a: Suicune|19\/401
|move|p1a: Suicune|Rest|p1a: Suicune
|-status|p1a: Suicune|slp
|-heal|p1a: Suicune|401\/401 slp|[silent]
|-status|p1a: Suicune|slp|[from] move: Rest
|
|turn|29
|
|move|p2a: Diggersby|Return|p1a: Suicune
|-damage|p1a: Suicune|257\/401 slp
|cant|p1a: Suicune|slp
|
|-heal|p1a: Suicune|282\/401 slp|[from] item: Leftovers
|turn|30
|
|move|p2a: Diggersby|Return|p1a: Suicune
|-damage|p1a: Suicune|135\/401 slp
|cant|p1a: Suicune|slp
|
|-heal|p1a: Suicune|160\/401 slp|[from] item: Leftovers
|turn|31
|c| LT5Y Alkov|lol doesnt sleep talk
|c| LT5Y Alkov|wut
|
|move|p2a: Diggersby|Return|p1a: Suicune
|-damage|p1a: Suicune|12\/401 slp
|-curestatus|p1a: Suicune|slp
|move|p1a: Suicune|Rest|p1a: Suicune
|-status|p1a: Suicune|slp
|-heal|p1a: Suicune|401\/401 slp|[silent]
|-status|p1a: Suicune|slp|[from] move: Rest
|
|turn|32
|c|âben69|?\/
|c| LT5Y Alkov|where's the sleeptalk scald?
|
|move|p2a: Diggersby|Return|p1a: Suicune
|-crit|p1a: Suicune
|-damage|p1a: Suicune|181\/401 slp
|cant|p1a: Suicune|slp
|move|p1a: Suicune|Sleep Talk|p1a: Suicune
|move|p1a: Suicune|Calm Mind|p1a: Suicune|[from]Sleep Talk
|-boost|p1a: Suicune|spa|1
|-boost|p1a: Suicune|spd|1
|
|-heal|p1a: Suicune|206\/401 slp|[from] item: Leftovers
|turn|33
|c| LT5Y Alkov|rofl gg
|c| LT5Y Alkov|lol uw0tm8
|
|move|p2a: Diggersby|Return|p1a: Suicune
|-damage|p1a: Suicune|44\/401 slp
|cant|p1a: Suicune|slp
|move|p1a: Suicune|Sleep Talk|p1a: Suicune
|move|p1a: Suicune|Scald|p2a: Diggersby|[from]Sleep Talk
|-supereffective|p2a: Diggersby
|-damage|p2a: Diggersby|0 fnt
|faint|p2a: Diggersby
|
|-heal|p1a: Suicune|69\/401 slp|[from] item: Leftovers
|c| LT5Y Alkov|now then sleep talk
|
|switch|p2a: Clefable|Clefable, F|394\/394
|turn|34
|
|-curestatus|p1a: Suicune|slp
|move|p1a: Suicune|Rest|p1a: Suicune
|-status|p1a: Suicune|slp
|-heal|p1a: Suicune|401\/401 slp|[silent]
|-status|p1a: Suicune|slp|[from] move: Rest
|move|p2a: Clefable|Moonblast|p1a: Suicune
|-damage|p1a: Suicune|340\/401 slp
|-unboost|p1a: Suicune|spa|1
|
|-heal|p1a: Suicune|365\/401 slp|[from] item: Leftovers
|turn|35
|c|âben69|lol i have to go no time for a cm war
|c|âben69|seriously gg tho
|-message|ben69 forfeited.
|
|win|G123Rocks
|raw|Ladder updating...
|leave|ben69
|player|p2
|raw|G123Rocks's rating: 1848 &rarr; <strong>1860<\/strong><br \/>(+12 for winning)
|raw|ben69's rating: 1700 &rarr; <strong>1688<\/strong><br \/>(-12 for losing)
|c| LT5Y Alkov|yuck
|c| LT5Y Alkov|you're 1 point higher than me
|c| LT5Y Alkov|:\/