|join|RebornCelebi
|join|ben69
|player|p1|RebornCelebi|101
|player|p2|ben69|102
|gametype|singles
|gen|6
|tier|OU
|rated
|clearpoke
|poke|p1|Hippowdon, M
|poke|p1|Slowbro, F
|poke|p1|Clefable, F
|poke|p1|Celebi
|poke|p1|Heatran, M
|poke|p1|Mandibuzz, F
|poke|p2|Cloyster, M
|poke|p2|Entei, shiny
|poke|p2|Mew
|poke|p2|Honchkrow, F
|poke|p2|Starmie
|poke|p2|Diancie
|rule|Swagger Clause: Swagger is banned
|rule|Baton Pass Clause: Limit one PokÃ©mon knowing Baton Pass
|rule|Sleep Clause Mod: Limit one foe put to sleep
|rule|Species Clause: Limit one of each PokÃ©mon
|rule|OHKO Clause: OHKO moves are banned
|rule|Moody Clause: Moody is banned
|rule|Evasion Moves Clause: Evasion moves are banned
|rule|Endless Battle Clause: Forcing endless battles is banned
|rule|HP Percentage Mod: HP is shown in percentages
|teampreview
|
|start
|switch|p1a: Clefable|Clefable, F|394\/394
|switch|p2a: Mew|Mew|404\/404
|turn|1
|
|switch|p1a: Heatran|Heatran, M|386\/386
|move|p2a: Mew|Taunt|p1a: Heatran
|-start|p1a: Heatran|move: Taunt
|
|turn|2
|
|move|p2a: Mew|Thunder Wave|p1a: Heatran
|-status|p1a: Heatran|par
|cant|p1a: Heatran|par
|
|turn|3
|
|move|p2a: Mew|Stealth Rock|p1a: Heatran
|-sidestart|p1: RebornCelebi|move: Stealth Rock
|move|p1a: Heatran|Lava Plume|p2a: Mew
|-damage|p2a: Mew|302\/404
|-status|p2a: Mew|brn
|
|-damage|p2a: Mew|252\/404 brn|[from] brn
|turn|4
|
|switch|p2a: Entei|Entei, shiny|385\/385
|-ability|p2a: Entei|Pressure
|move|p1a: Heatran|Lava Plume|p2a: Entei
|-resisted|p2a: Entei
|-damage|p2a: Entei|307\/385
|
|-end|p1a: Heatran|move: Taunt
|turn|5
|
|switch|p1a: Mandibuzz|Mandibuzz, F|424\/424
|-damage|p1a: Mandibuzz|318\/424|[from] Stealth Rock
|move|p2a: Entei|Bulldoze|p1a: Mandibuzz
|-immune|p1a: Mandibuzz|[msg]
|
|-heal|p1a: Mandibuzz|344\/424|[from] item: Leftovers
|turn|6
|
|move|p2a: Entei|Sacred Fire|p1a: Mandibuzz
|-damage|p1a: Mandibuzz|149\/424
|-status|p1a: Mandibuzz|brn
|-damage|p2a: Entei|269\/385|[from] item: Life Orb
|move|p1a: Mandibuzz|Defog|p2a: Entei
|-unboost|p2a: Entei|evasion|1
|-sideend|p1: RebornCelebi|Stealth Rock|[from] move: Defog|[of] p1a: Mandibuzz
|
|-heal|p1a: Mandibuzz|175\/424 brn|[from] item: Leftovers
|-damage|p1a: Mandibuzz|122\/424 brn|[from] brn
|turn|7
|
|switch|p1a: Slowbro|Slowbro, F|393\/393
|move|p2a: Entei|Sacred Fire|p1a: Slowbro
|-resisted|p1a: Slowbro
|-damage|p1a: Slowbro|318\/393
|-damage|p2a: Entei|231\/385|[from] item: Life Orb
|
|turn|8
|
|switch|p2a: Mew|Mew|252\/404 brn
|move|p1a: Slowbro|Calm Mind|p1a: Slowbro
|-boost|p1a: Slowbro|spa|1
|-boost|p1a: Slowbro|spd|1
|
|-damage|p2a: Mew|202\/404 brn|[from] brn
|turn|9
|
|detailschange|p1a: Slowbro|Slowbro-Mega, F
|-mega|p1a: Slowbro|Slowbro|Slowbronite
|move|p2a: Mew|Taunt|p1a: Slowbro
|-start|p1a: Slowbro|move: Taunt
|move|p1a: Slowbro|Scald|p2a: Mew
|-damage|p2a: Mew|31\/404 brn
|
|-damage|p2a: Mew|0 fnt|[from] brn
|faint|p2a: Mew
|
|switch|p2a: Honchkrow|Honchkrow, F|341\/341
|turn|10
|
|move|p2a: Honchkrow|Pursuit|p1a: Slowbro|[from]Pursuit
|-supereffective|p1a: Slowbro
|-damage|p1a: Slowbro|113\/393
|-damage|p2a: Honchkrow|307\/341|[from] item: Life Orb
|switch|p1a: Hippowdon|Hippowdon, M|420\/420
|-weather|Sandstorm
|
|-weather|Sandstorm|[upkeep]
|-damage|p2a: Honchkrow|286\/341|[from] sandstorm
|turn|11
|
|move|p2a: Honchkrow|Brave Bird|p1a: Hippowdon
|-damage|p1a: Hippowdon|165\/420
|-damage|p2a: Honchkrow|202\/341|[from] recoil|[of] p1a: Hippowdon
|-damage|p2a: Honchkrow|168\/341|[from] item: Life Orb
|move|p1a: Hippowdon|Stealth Rock|p2a: Honchkrow
|-sidestart|p2: ben69|move: Stealth Rock
|
|-weather|Sandstorm|[upkeep]
|-damage|p2a: Honchkrow|147\/341|[from] sandstorm
|-heal|p1a: Hippowdon|191\/420|[from] item: Leftovers
|turn|12
|
|move|p2a: Honchkrow|Brave Bird|p1a: Hippowdon
|-damage|p1a: Hippowdon|0 fnt
|-damage|p2a: Honchkrow|84\/341|[from] recoil|[of] p1a: Hippowdon
|-damage|p2a: Honchkrow|50\/341|[from] item: Life Orb
|faint|p1a: Hippowdon
|-boost|p2a: Honchkrow|atk|1|[from] ability: Moxie
|
|-weather|Sandstorm|[upkeep]
|-damage|p2a: Honchkrow|29\/341|[from] sandstorm
|
|switch|p1a: Clefable|Clefable, F|394\/394
|turn|13
|c|âRebornCelebi|this lag
|
|move|p2a: Honchkrow|Brave Bird|p1a: Clefable
|-crit|p1a: Clefable
|-damage|p1a: Clefable|7\/394
|-damage|p2a: Honchkrow|0 fnt|[from] recoil|[of] p1a: Clefable
|faint|p2a: Honchkrow
|move|p1a: Clefable|Wish|p1a: Clefable
|
|-weather|Sandstorm|[upkeep]
|-damage|p1a: Clefable|0 fnt|[from] sandstorm
|faint|p1a: Clefable
|
|switch|p2a: Starmie|Starmie|261\/261
|switch|p1a: Celebi|Celebi|403\/403
|-damage|p2a: Starmie|229\/261|[from] Stealth Rock
|turn|14
|
|switch|p2a: Entei|Entei, shiny|231\/385
|-damage|p2a: Entei|135\/385|[from] Stealth Rock
|-ability|p2a: Entei|Pressure
|move|p1a: Celebi|Baton Pass|p1a: Celebi
|
|switch|p1a: Slowbro|Slowbro-Mega, F|113\/393
|
|-weather|none
|-heal|p1a: Slowbro|310\/393|[from] move: Wish|[wisher] Clefable
|turn|15
|
|move|p2a: Entei|Sacred Fire|p1a: Slowbro
|-resisted|p1a: Slowbro
|-damage|p1a: Slowbro|252\/393
|-status|p1a: Slowbro|brn
|-damage|p2a: Entei|97\/385|[from] item: Life Orb
|move|p1a: Slowbro|Calm Mind|p1a: Slowbro
|-boost|p1a: Slowbro|spa|1
|-boost|p1a: Slowbro|spd|1
|
|-damage|p1a: Slowbro|203\/393 brn|[from] brn
|turn|16
|
|switch|p2a: Starmie|Starmie|229\/261
|-damage|p2a: Starmie|197\/261|[from] Stealth Rock
|move|p1a: Slowbro|Slack Off|p1a: Slowbro
|-heal|p1a: Slowbro|393\/393 brn
|
|-damage|p1a: Slowbro|344\/393 brn|[from] brn
|turn|17
|
|move|p2a: Starmie|Thunderbolt|p1a: Slowbro
|-supereffective|p1a: Slowbro
|-damage|p1a: Slowbro|146\/393 brn
|-damage|p2a: Starmie|171\/261|[from] item: Life Orb
|move|p1a: Slowbro|Calm Mind|p1a: Slowbro
|-boost|p1a: Slowbro|spa|1
|-boost|p1a: Slowbro|spd|1
|
|-damage|p1a: Slowbro|97\/393 brn|[from] brn
|turn|18
|
|move|p2a: Starmie|Thunderbolt|p1a: Slowbro
|-supereffective|p1a: Slowbro
|-damage|p1a: Slowbro|0 fnt
|-damage|p2a: Starmie|145\/261|[from] item: Life Orb
|faint|p1a: Slowbro
|
|c|âRebornCelebi|gg
|-message|RebornCelebi forfeited.
|leave|RebornCelebi
|c|âben69|gg
|
|win|ben69
|raw|Ladder updating...
|player|p1
|raw|RebornCelebi's rating: 1617 &rarr; <strong>1598<\/strong><br \/>(-19 for losing)
|raw|ben69's rating: 1639 &rarr; <strong>1657<\/strong><br \/>(+18 for winning)