|join|GreenTax
|join|ben69
|player|p1|GreenTax|169
|player|p2|ben69|1
|gametype|singles
|gen|6
|tier|OU
|rated
|clearpoke
|poke|p1|Scizor, F, shiny
|poke|p1|Mew
|poke|p1|Zapdos
|poke|p1|Gengar, M
|poke|p1|Gothitelle, M
|poke|p1|Kyurem-Black
|poke|p2|Manaphy
|poke|p2|Scizor, M
|poke|p2|Thundurus, M
|poke|p2|Landorus-Therian, M
|poke|p2|Rotom-Wash
|poke|p2|Diggersby, M
|rule|Swagger Clause: Swagger is banned
|rule|Baton Pass Clause: Limit one PokÃ©mon knowing Baton Pass
|rule|Sleep Clause Mod: Limit one foe put to sleep
|rule|Species Clause: Limit one of each PokÃ©mon
|rule|OHKO Clause: OHKO moves are banned
|rule|Moody Clause: Moody is banned
|rule|Evasion Moves Clause: Evasion moves are banned
|rule|Endless Battle Clause: Forcing endless battles is banned
|rule|HP Percentage Mod: HP is shown in percentages
|teampreview
|
|start
|switch|p1a: Mew|Mew|404\/404
|switch|p2a: Thundurus|Thundurus, M|299\/299
|turn|1
|
|move|p2a: Thundurus|Taunt|p1a: Mew
|-start|p1a: Mew|move: Taunt
|cant|p1a: Mew|move: Taunt|Stealth Rock
|
|turn|2
|
|move|p2a: Thundurus|Thunder Wave|p1a: Mew
|-status|p1a: Mew|par
|cant|p1a: Mew|par
|
|turn|3
|
|move|p2a: Thundurus|Volt Switch|p1a: Mew
|-damage|p1a: Mew|314\/404 par
|
|switch|p2a: Scizor|Scizor, M|343\/343
|cant|p1a: Mew|par
|
|-heal|p1a: Mew|339\/404 par|[from] item: Leftovers
|-end|p1a: Mew|move: Taunt
|turn|4
|
|detailschange|p2a: Scizor|Scizor-Mega, M
|-mega|p2a: Scizor|Scizor|Scizorite
|move|p2a: Scizor|U-turn|p1a: Mew
|-supereffective|p1a: Mew
|-damage|p1a: Mew|85\/404 par
|
|switch|p2a: Rotom-Wash|Rotom-Wash|241\/241
|move|p1a: Mew|Will-O-Wisp|p2a: Rotom-Wash|[miss]
|-miss|p1a: Mew|p2a: Rotom-Wash
|
|-heal|p1a: Mew|110\/404 par|[from] item: Leftovers
|turn|5
|
|move|p2a: Rotom-Wash|Volt Switch|p1a: Mew
|-damage|p1a: Mew|1\/404 par
|
|switch|p2a: Scizor|Scizor-Mega, M|343\/343
|move|p1a: Mew|Soft-Boiled|p1a: Mew
|-heal|p1a: Mew|203\/404 par
|
|-heal|p1a: Mew|228\/404 par|[from] item: Leftovers
|turn|6
|
|switch|p1a: Scizor|Scizor, F, shiny|337\/337
|move|p2a: Scizor|U-turn|p1a: Scizor
|-resisted|p1a: Scizor
|-damage|p1a: Scizor|295\/337
|
|switch|p2a: Manaphy|Manaphy|361\/361
|
|turn|7
|
|detailschange|p1a: Scizor|Scizor-Mega, F, shiny
|-mega|p1a: Scizor|Scizor|Scizorite
|move|p2a: Manaphy|U-turn|p1a: Scizor
|-resisted|p1a: Scizor
|-damage|p1a: Scizor|279\/337
|
|switch|p2a: Landorus-Therian|Landorus-Therian, M|381\/381
|-ability|p2a: Landorus-Therian|Intimidate|[of] p1a: Scizor
|-unboost|p1a: Scizor|atk|1
|move|p1a: Scizor|U-turn|p2a: Landorus-Therian
|-resisted|p2a: Landorus-Therian
|-damage|p2a: Landorus-Therian|351\/381
|
|switch|p1a: Kyurem-Black|Kyurem-Black|391\/391
|-ability|p1a: Kyurem-Black|Teravolt
|
|-heal|p2a: Landorus-Therian|374\/381|[from] item: Leftovers
|turn|8
|
|switch|p2a: Scizor|Scizor-Mega, M|343\/343
|move|p1a: Kyurem-Black|Fusion Bolt|p2a: Scizor
|-damage|p2a: Scizor|240\/343
|
|turn|9
|
|switch|p1a: Scizor|Scizor-Mega, F, shiny|279\/337
|move|p2a: Scizor|Bullet Punch|p1a: Scizor
|-resisted|p1a: Scizor
|-damage|p1a: Scizor|250\/337
|
|turn|10
|
|move|p1a: Scizor|Roost|p1a: Scizor
|-heal|p1a: Scizor|337\/337
|move|p2a: Scizor|Roost|p2a: Scizor
|-heal|p2a: Scizor|343\/343
|
|turn|11
|
|move|p2a: Scizor|U-turn|p1a: Scizor
|-resisted|p1a: Scizor
|-damage|p1a: Scizor|303\/337
|
|switch|p2a: Thundurus|Thundurus, M|299\/299
|move|p1a: Scizor|Swords Dance|p1a: Scizor
|-boost|p1a: Scizor|atk|2
|
|turn|12
|
|switch|p1a: Mew|Mew|228\/404 par
|move|p2a: Thundurus|Volt Switch|p1a: Mew
|-damage|p1a: Mew|140\/404 par
|
|switch|p2a: Scizor|Scizor-Mega, M|343\/343
|
|-heal|p1a: Mew|165\/404 par|[from] item: Leftovers
|turn|13
|
|move|p2a: Scizor|U-turn|p1a: Mew
|-supereffective|p1a: Mew
|-damage|p1a: Mew|0 fnt
|faint|p1a: Mew
|
|switch|p2a: Thundurus|Thundurus, M|299\/299
|
|
|switch|p1a: Kyurem-Black|Kyurem-Black|391\/391
|-ability|p1a: Kyurem-Black|Teravolt
|turn|14
|
|switch|p2a: Scizor|Scizor-Mega, M|343\/343
|move|p1a: Kyurem-Black|Ice Beam|p2a: Scizor
|-resisted|p2a: Scizor
|-damage|p2a: Scizor|284\/343
|
|turn|15
|
|switch|p1a: Zapdos|Zapdos|371\/371
|-ability|p1a: Zapdos|Pressure
|move|p2a: Scizor|U-turn|p1a: Zapdos
|-resisted|p1a: Zapdos
|-damage|p1a: Zapdos|320\/371
|
|switch|p2a: Thundurus|Thundurus, M|299\/299
|
|-heal|p1a: Zapdos|343\/371|[from] item: Leftovers
|turn|16
|
|move|p2a: Thundurus|Hidden Power|p1a: Zapdos
|-supereffective|p1a: Zapdos
|-damage|p1a: Zapdos|197\/371
|move|p1a: Zapdos|Thunderbolt|p2a: Thundurus
|-damage|p2a: Thundurus|148\/299
|
|-heal|p2a: Thundurus|166\/299|[from] item: Leftovers
|-heal|p1a: Zapdos|220\/371|[from] item: Leftovers
|turn|17
|
|move|p2a: Thundurus|Taunt|p1a: Zapdos
|-start|p1a: Zapdos|move: Taunt
|cant|p1a: Zapdos|move: Taunt|Roost
|
|-heal|p2a: Thundurus|184\/299|[from] item: Leftovers
|-heal|p1a: Zapdos|243\/371|[from] item: Leftovers
|turn|18
|
|move|p2a: Thundurus|Volt Switch|p1a: Zapdos
|-damage|p1a: Zapdos|113\/371
|
|switch|p2a: Landorus-Therian|Landorus-Therian, M|374\/381
|-ability|p2a: Landorus-Therian|Intimidate|[of] p1a: Zapdos
|-unboost|p1a: Zapdos|atk|1
|move|p1a: Zapdos|Heat Wave|p2a: Landorus-Therian
|-miss|p1a: Zapdos|p2a: Landorus-Therian
|
|-heal|p1a: Zapdos|136\/371|[from] item: Leftovers
|-heal|p2a: Landorus-Therian|381\/381|[from] item: Leftovers
|turn|19
|
|switch|p1a: Gengar|Gengar, M|262\/262
|move|p2a: Landorus-Therian|Stealth Rock|p1a: Gengar
|-sidestart|p1: GreenTax|move: Stealth Rock
|
|turn|20
|
|move|p1a: Gengar|Shadow Ball|p2a: Landorus-Therian
|-damage|p2a: Landorus-Therian|140\/381
|move|p2a: Landorus-Therian|Stone Edge|p1a: Gengar
|-damage|p1a: Gengar|91\/262
|
|-heal|p2a: Landorus-Therian|163\/381|[from] item: Leftovers
|turn|21
|
|switch|p2a: Scizor|Scizor-Mega, M|284\/343
|move|p1a: Gengar|Shadow Ball|p2a: Scizor
|-damage|p2a: Scizor|124\/343
|
|turn|22
|
|switch|p2a: Diggersby|Diggersby, M|311\/311
|move|p1a: Gengar|Shadow Ball|p2a: Diggersby
|-immune|p2a: Diggersby|[msg]
|
|turn|23
|
|move|p2a: Diggersby|Wild Charge|p1a: Gengar
|-damage|p1a: Gengar|0 fnt
|-damage|p2a: Diggersby|288\/311|[from] recoil|[of] p1a: Gengar
|faint|p1a: Gengar
|
|
|switch|p1a: Gothitelle|Gothitelle, M|344\/344
|-damage|p1a: Gothitelle|301\/344|[from] Stealth Rock
|turn|24
|
|move|p2a: Diggersby|Wild Charge|p1a: Gothitelle
|-damage|p1a: Gothitelle|158\/344
|-damage|p2a: Diggersby|252\/311|[from] recoil|[of] p1a: Gothitelle
|move|p1a: Gothitelle|Rest|p1a: Gothitelle
|-status|p1a: Gothitelle|slp
|-heal|p1a: Gothitelle|344\/344 slp|[silent]
|-status|p1a: Gothitelle|slp|[from] move: Rest
|
|turn|25
|
|move|p2a: Diggersby|Wild Charge|p1a: Gothitelle
|-damage|p1a: Gothitelle|190\/344 slp
|-damage|p2a: Diggersby|213\/311|[from] recoil|[of] p1a: Gothitelle
|cant|p1a: Gothitelle|slp
|
|turn|26
|c|âben69|!rank GreenTax
|
|move|p2a: Diggersby|Wild Charge|p1a: Gothitelle
|-damage|p1a: Gothitelle|34\/344 slp
|-damage|p2a: Diggersby|174\/311|[from] recoil|[of] p1a: Gothitelle
|cant|p1a: Gothitelle|slp
|
|turn|27
|
|move|p2a: Diggersby|Wild Charge|p1a: Gothitelle
|-damage|p1a: Gothitelle|0 fnt
|-damage|p2a: Diggersby|165\/311|[from] recoil|[of] p1a: Gothitelle
|faint|p1a: Gothitelle
|
|
|switch|p1a: Scizor|Scizor-Mega, F, shiny|303\/337
|-damage|p1a: Scizor|261\/337|[from] Stealth Rock
|turn|28
|
|switch|p2a: Manaphy|Manaphy|361\/361
|move|p1a: Scizor|Swords Dance|p1a: Scizor
|-boost|p1a: Scizor|atk|2
|
|turn|29
|
|move|p2a: Manaphy|Scald|p1a: Scizor
|-damage|p1a: Scizor|149\/337
|move|p1a: Scizor|Swords Dance|p1a: Scizor
|-boost|p1a: Scizor|atk|2
|
|turn|30
|
|move|p1a: Scizor|Bullet Punch|p2a: Manaphy
|-resisted|p2a: Manaphy
|-damage|p2a: Manaphy|197\/361
|move|p2a: Manaphy|Scald|p1a: Scizor
|-damage|p1a: Scizor|22\/337
|
|-heal|p2a: Manaphy|219\/361|[from] item: Leftovers
|turn|31
|
|move|p1a: Scizor|Bullet Punch|p2a: Manaphy
|-resisted|p2a: Manaphy
|-damage|p2a: Manaphy|59\/361
|move|p2a: Manaphy|Scald|p1a: Scizor
|-damage|p1a: Scizor|0 fnt
|faint|p1a: Scizor
|
|-heal|p2a: Manaphy|81\/361|[from] item: Leftovers
|
|switch|p1a: Kyurem-Black|Kyurem-Black|391\/391
|-damage|p1a: Kyurem-Black|294\/391|[from] Stealth Rock
|-ability|p1a: Kyurem-Black|Teravolt
|turn|32
|
|move|p1a: Kyurem-Black|Outrage|p2a: Manaphy
|-damage|p2a: Manaphy|0 fnt
|faint|p2a: Manaphy
|
|
|switch|p2a: Thundurus|Thundurus, M|184\/299
|turn|33
|
|move|p2a: Thundurus|Thunder Wave|p1a: Kyurem-Black
|-status|p1a: Kyurem-Black|par
|move|p1a: Kyurem-Black|Outrage|p2a: Thundurus
|-damage|p2a: Thundurus|0 fnt
|faint|p2a: Thundurus
|
|
|switch|p2a: Landorus-Therian|Landorus-Therian, M|163\/381
|-ability|p2a: Landorus-Therian|Intimidate|[of] p1a: Kyurem-Black
|-unboost|p1a: Kyurem-Black|atk|1
|turn|34
|
|move|p2a: Landorus-Therian|Earthquake|p1a: Kyurem-Black
|-damage|p1a: Kyurem-Black|125\/391 par
|cant|p1a: Kyurem-Black|par
|
|-end|p1a: Kyurem-Black|rampage
|-start|p1a: Kyurem-Black|confusion
|-heal|p2a: Landorus-Therian|186\/381|[from] item: Leftovers
|turn|35
|c|âGreenTax|gg
|-message|GreenTax forfeited.
|leave|GreenTax
|c|âben69|gg
|
|win|ben69
|raw|Ladder updating...
|player|p1
|raw|GreenTax's rating: 1644 &rarr; <strong>1632<\/strong><br \/>(-12 for losing)
|raw|ben69's rating: 1792 &rarr; <strong>1804<\/strong><br \/>(+12 for winning)