|join|ben69
|join|Barge7799
|player|p1|ben69|1
|player|p2|Barge7799|291
|gametype|singles
|gen|6
|tier|OU
|rated
|clearpoke
|poke|p1|Manaphy
|poke|p1|Scizor, M
|poke|p1|Thundurus, M
|poke|p1|Landorus-Therian, M
|poke|p1|Rotom-Wash
|poke|p1|Diggersby, M
|poke|p2|Metagross
|poke|p2|Keldeo
|poke|p2|Talonflame, M
|poke|p2|Latios, M
|poke|p2|Thundurus, M
|poke|p2|Garchomp, M
|rule|Swagger Clause: Swagger is banned
|rule|Baton Pass Clause: Limit one PokÃ©mon knowing Baton Pass
|rule|Sleep Clause Mod: Limit one foe put to sleep
|rule|Species Clause: Limit one of each PokÃ©mon
|rule|OHKO Clause: OHKO moves are banned
|rule|Moody Clause: Moody is banned
|rule|Evasion Moves Clause: Evasion moves are banned
|rule|Endless Battle Clause: Forcing endless battles is banned
|rule|HP Percentage Mod: HP is shown in percentages
|teampreview
|join|Ruiji Hinanawi
|
|start
|switch|p1a: Thundurus|Thundurus, M|299\/299
|switch|p2a: Latios|Latios, M|301\/301
|turn|1
|
|move|p1a: Thundurus|Volt Switch|p2a: Latios
|-resisted|p2a: Latios
|-damage|p2a: Latios|247\/301
|
|switch|p1a: Scizor|Scizor, M|344\/344
|move|p2a: Latios|Draco Meteor|p1a: Scizor
|-resisted|p1a: Scizor
|-damage|p1a: Scizor|211\/344
|-unboost|p2a: Latios|spa|2
|-damage|p2a: Latios|217\/301|[from] item: Life Orb
|
|turn|2
|
|switch|p2a: Talonflame|Talonflame, M|319\/319
|detailschange|p1a: Scizor|Scizor-Mega, M
|-mega|p1a: Scizor|Scizor|Scizorite
|move|p1a: Scizor|U-turn|p2a: Talonflame
|-resisted|p2a: Talonflame
|-damage|p2a: Talonflame|277\/319
|
|switch|p1a: Rotom-Wash|Rotom-Wash|241\/241
|
|turn|3
|
|switch|p2a: Latios|Latios, M|217\/301
|move|p1a: Rotom-Wash|Trick|p2a: Latios
|-activate|p1a: Rotom-Wash|move: Trick|[of] p2a: Latios
|-item|p2a: Latios|Choice Scarf|[from] move: Trick
|-item|p1a: Rotom-Wash|Life Orb|[from] move: Trick
|
|turn|4
|
|switch|p1a: Scizor|Scizor-Mega, M|211\/344
|move|p2a: Latios|Hidden Power|p1a: Scizor
|-supereffective|p1a: Scizor
|-damage|p1a: Scizor|3\/344
|
|turn|5
|
|switch|p2a: Thundurus|Thundurus, M|299\/299
|switch|p1a: Landorus-Therian|Landorus-Therian, M|381\/381
|-ability|p1a: Landorus-Therian|Intimidate|[of] p2a: Thundurus
|-unboost|p2a: Thundurus|atk|1
|
|turn|6
|
|switch|p1a: Scizor|Scizor-Mega, M|3\/344
|move|p2a: Thundurus|Hidden Power|p1a: Scizor
|-resisted|p1a: Scizor
|-damage|p1a: Scizor|0 fnt
|-damage|p2a: Thundurus|270\/299|[from] item: Life Orb
|faint|p1a: Scizor
|
|
|switch|p1a: Diggersby|Diggersby, M|311\/311
|turn|7
|
|switch|p2a: Garchomp|Garchomp, M|357\/357
|move|p1a: Diggersby|Return|p2a: Garchomp
|-damage|p2a: Garchomp|132\/357
|-damage|p1a: Diggersby|273\/311|[from] ability: Rough Skin|[of] p2a: Garchomp
|
|turn|8
|
|switch|p2a: Metagross|Metagross|301\/301
|move|p1a: Diggersby|Return|p2a: Metagross
|-resisted|p2a: Metagross
|-damage|p2a: Metagross|214\/301
|
|turn|9
|
|switch|p1a: Manaphy|Manaphy|365\/365
|detailschange|p2a: Metagross|Metagross-Mega
|-mega|p2a: Metagross|Metagross|Metagrossite
|move|p2a: Metagross|Zen Headbutt|p1a: Manaphy
|-damage|p1a: Manaphy|143\/365
|
|-heal|p1a: Manaphy|165\/365|[from] item: Leftovers
|turn|10
|
|move|p2a: Metagross|Zen Headbutt|p1a: Manaphy
|-damage|p1a: Manaphy|0 fnt
|faint|p1a: Manaphy
|
|
|switch|p1a: Landorus-Therian|Landorus-Therian, M|381\/381
|-ability|p1a: Landorus-Therian|Intimidate|[of] p2a: Metagross
|-unboost|p2a: Metagross|atk|1
|turn|11
|
|switch|p2a: Thundurus|Thundurus, M|270\/299
|move|p1a: Landorus-Therian|Stealth Rock|p2a: Thundurus
|-sidestart|p2: Barge7799|move: Stealth Rock
|
|turn|12
|
|move|p2a: Thundurus|Hidden Power|p1a: Landorus-Therian
|-supereffective|p1a: Landorus-Therian
|-damage|p1a: Landorus-Therian|0 fnt
|-damage|p2a: Thundurus|241\/299|[from] item: Life Orb
|faint|p1a: Landorus-Therian
|
|
|switch|p1a: Diggersby|Diggersby, M|273\/311
|turn|13
|
|move|p1a: Diggersby|Return|p2a: Thundurus
|-damage|p2a: Thundurus|0 fnt
|faint|p2a: Thundurus
|
|
|switch|p2a: Latios|Latios, M|217\/301
|-damage|p2a: Latios|180\/301|[from] Stealth Rock
|turn|14
|
|move|p2a: Latios|Draco Meteor|p1a: Diggersby
|-damage|p1a: Diggersby|0 fnt
|-unboost|p2a: Latios|spa|2
|faint|p1a: Diggersby
|
|
|switch|p1a: Thundurus|Thundurus, M|299\/299
|turn|15
|
|move|p1a: Thundurus|Thunder Wave|p2a: Latios
|-status|p2a: Latios|par
|cant|p2a: Latios|par
|
|turn|16
|c|âBarge7799|.-.
|
|move|p1a: Thundurus|Hidden Power|p2a: Latios
|-supereffective|p2a: Latios
|-damage|p2a: Latios|46\/301 par
|move|p2a: Latios|Draco Meteor|p1a: Thundurus
|-damage|p1a: Thundurus|169\/299
|-unboost|p2a: Latios|spa|2
|
|-heal|p1a: Thundurus|187\/299|[from] item: Leftovers
|turn|17
|
|move|p1a: Thundurus|Hidden Power|p2a: Latios
|-supereffective|p2a: Latios
|-damage|p2a: Latios|0 fnt
|faint|p2a: Latios
|
|-heal|p1a: Thundurus|205\/299|[from] item: Leftovers
|
|switch|p2a: Metagross|Metagross-Mega|214\/301
|-damage|p2a: Metagross|196\/301|[from] Stealth Rock
|turn|18
|
|move|p1a: Thundurus|Volt Switch|p2a: Metagross
|-damage|p2a: Metagross|81\/301
|
|switch|p1a: Rotom-Wash|Rotom-Wash|241\/241
|move|p2a: Metagross|Zen Headbutt|p1a: Rotom-Wash
|-crit|p1a: Rotom-Wash
|-damage|p1a: Rotom-Wash|0 fnt
|faint|p1a: Rotom-Wash
|
|
|switch|p1a: Thundurus|Thundurus, M|205\/299
|turn|19
|
|move|p1a: Thundurus|Volt Switch|p2a: Metagross
|-damage|p2a: Metagross|0 fnt
|faint|p2a: Metagross
|
|-heal|p1a: Thundurus|223\/299|[from] item: Leftovers
|
|switch|p2a: Keldeo|Keldeo|323\/323
|-damage|p2a: Keldeo|303\/323|[from] Stealth Rock
|turn|20
|
|move|p2a: Keldeo|Scald|p1a: Thundurus
|-damage|p1a: Thundurus|60\/299
|-status|p1a: Thundurus|brn
|move|p1a: Thundurus|Volt Switch|p2a: Keldeo
|-supereffective|p2a: Keldeo
|-damage|p2a: Keldeo|45\/323
|
|-heal|p1a: Thundurus|78\/299 brn|[from] item: Leftovers
|-damage|p1a: Thundurus|41\/299 brn|[from] brn
|turn|21
|-message|ben69 forfeited.
|leave|ben69
|c|âBarge7799|gg
|leave|Ruiji Hinanawi
|join|Ruiji Hinanawi
|
|win|Barge7799
|raw|Ladder updating...
|player|p1
|raw|ben69's rating: 1738 &rarr; <strong>1713<\/strong><br \/>(-25 for losing)
|raw|Barge7799's rating: 1647 &rarr; <strong>1672<\/strong><br \/>(+25 for winning)
|leave|Ruiji Hinanawi
|join|Ruiji Hinanawi
|leave|Ruiji Hinanawi
|join|Ruiji Hinanawi