|join|Amoongbro
|join|ben69
|player|p1|Amoongbro|102
|player|p2|ben69|169
|gametype|singles
|gen|6
|tier|OU
|rated
|clearpoke
|poke|p1|Chansey, F, shiny
|poke|p1|Skarmory, F, shiny
|poke|p1|Alomomola, M, shiny
|poke|p1|Amoonguss, M, shiny
|poke|p1|Quagsire, M, shiny
|poke|p1|Sableye, F, shiny
|poke|p2|Manaphy
|poke|p2|Scizor, M
|poke|p2|Thundurus, M
|poke|p2|Landorus-Therian, M
|poke|p2|Rotom-Wash
|poke|p2|Diggersby, F
|rule|Swagger Clause: Swagger is banned
|rule|Baton Pass Clause: Limit one PokÃ©mon knowing Baton Pass
|rule|Sleep Clause Mod: Limit one foe put to sleep
|rule|Species Clause: Limit one of each PokÃ©mon
|rule|OHKO Clause: OHKO moves are banned
|rule|Moody Clause: Moody is banned
|rule|Evasion Moves Clause: Evasion moves are banned
|rule|Endless Battle Clause: Forcing endless battles is banned
|rule|HP Percentage Mod: HP is shown in percentages
|teampreview
|
|start
|switch|p1a: Not Mega|Sableye, F, shiny|304\/304
|switch|p2a: Manaphy|Manaphy|361\/361
|turn|1
|
|switch|p1a: Mr Blobby|Amoonguss, M, shiny|432\/432
|move|p2a: Manaphy|Scald|p1a: Mr Blobby
|-resisted|p1a: Mr Blobby
|-damage|p1a: Mr Blobby|384\/432
|
|turn|2
|
|move|p2a: Manaphy|U-turn|p1a: Mr Blobby
|-damage|p1a: Mr Blobby|338\/432
|
|switch|p2a: Scizor|Scizor, M|343\/343
|move|p1a: Mr Blobby|Giga Drain|p2a: Scizor
|-resisted|p2a: Scizor
|-damage|p2a: Scizor|326\/343
|-heal|p1a: Mr Blobby|347\/432|[from] drain|[of] p2a: Scizor
|
|turn|3
|
|switch|p1a: Mrs Blobby|Alomomola, M, shiny|529\/529
|detailschange|p2a: Scizor|Scizor-Mega, M
|-mega|p2a: Scizor|Scizor|Scizorite
|move|p2a: Scizor|U-turn|p1a: Mrs Blobby
|-damage|p1a: Mrs Blobby|430\/529
|
|switch|p2a: Rotom-Wash|Rotom-Wash|242\/242
|
|-heal|p1a: Mrs Blobby|463\/529|[from] item: Leftovers
|turn|4
|
|move|p2a: Rotom-Wash|Trick|p1a: Mrs Blobby
|-activate|p2a: Rotom-Wash|move: Trick|[of] p1a: Mrs Blobby
|-item|p1a: Mrs Blobby|Choice Scarf|[from] move: Trick
|-item|p2a: Rotom-Wash|Leftovers|[from] move: Trick
|move|p1a: Mrs Blobby|Toxic|p2a: Rotom-Wash
|-status|p2a: Rotom-Wash|tox
|
|-damage|p2a: Rotom-Wash|227\/242 tox|[from] psn
|turn|5
|
|move|p2a: Rotom-Wash|Volt Switch|p1a: Mrs Blobby
|-supereffective|p1a: Mrs Blobby
|-damage|p1a: Mrs Blobby|55\/529
|
|switch|p2a: Scizor|Scizor-Mega, M|326\/343
|move|p1a: Mrs Blobby|Toxic|p2a: Scizor
|-fail|p2a: Scizor
|
|turn|6
|
|switch|p1a: Mr Blobby|Amoonguss, M, shiny|432\/432
|move|p2a: Scizor|U-turn|p1a: Mr Blobby
|-damage|p1a: Mr Blobby|323\/432
|
|switch|p2a: Landorus-Therian|Landorus-Therian, M|381\/381
|-ability|p2a: Landorus-Therian|Intimidate|[of] p1a: Mr Blobby
|-unboost|p1a: Mr Blobby|atk|1
|
|turn|7
|
|switch|p1a: Fuck Magnezone|Skarmory, F, shiny|334\/334
|move|p2a: Landorus-Therian|Stealth Rock|p1a: Fuck Magnezone
|-sidestart|p1: Amoongbro|move: Stealth Rock
|
|turn|8
|
|move|p2a: Landorus-Therian|U-turn|p1a: Fuck Magnezone
|-resisted|p1a: Fuck Magnezone
|-damage|p1a: Fuck Magnezone|323\/334
|
|switch|p2a: Thundurus|Thundurus, M|299\/299
|move|p1a: Fuck Magnezone|Defog|p2a: Thundurus
|-unboost|p2a: Thundurus|evasion|1
|-sideend|p1: Amoongbro|Stealth Rock|[from] move: Defog|[of] p1a: Fuck Magnezone
|
|turn|9
|
|switch|p1a: Mr Blobby|Amoonguss, M, shiny|432\/432
|move|p2a: Thundurus|Volt Switch|p1a: Mr Blobby
|-resisted|p1a: Mr Blobby
|-damage|p1a: Mr Blobby|381\/432
|
|switch|p2a: Diggersby|Diggersby, F|311\/311
|
|turn|10
|
|move|p2a: Diggersby|Fire Punch|p1a: Mr Blobby
|-supereffective|p1a: Mr Blobby
|-damage|p1a: Mr Blobby|181\/432
|move|p1a: Mr Blobby|Foul Play|p2a: Diggersby
|-damage|p2a: Diggersby|218\/311
|
|turn|11
|
|switch|p2a: Scizor|Scizor-Mega, M|326\/343
|switch|p1a: Mrs Blobby|Alomomola, M, shiny|231\/529
|
|turn|12
|
|switch|p1a: Mr Blobby|Amoonguss, M, shiny|325\/432
|switch|p2a: Manaphy|Manaphy|361\/361
|
|turn|13
|
|move|p2a: Manaphy|U-turn|p1a: Mr Blobby
|-damage|p1a: Mr Blobby|283\/432
|
|switch|p2a: Scizor|Scizor-Mega, M|326\/343
|move|p1a: Mr Blobby|Giga Drain|p2a: Scizor
|-resisted|p2a: Scizor
|-damage|p2a: Scizor|311\/343
|-heal|p1a: Mr Blobby|291\/432|[from] drain|[of] p2a: Scizor
|
|turn|14
|
|switch|p1a: Mrs Blobby|Alomomola, M, shiny|407\/529
|move|p2a: Scizor|U-turn|p1a: Mrs Blobby
|-damage|p1a: Mrs Blobby|304\/529
|
|switch|p2a: Rotom-Wash|Rotom-Wash|227\/242 tox
|
|-heal|p2a: Rotom-Wash|242\/242 tox|[from] item: Leftovers
|-damage|p2a: Rotom-Wash|227\/242 tox|[from] psn
|turn|15
|
|move|p1a: Mrs Blobby|Protect|p1a: Mrs Blobby
|-singleturn|p1a: Mrs Blobby|Protect
|move|p2a: Rotom-Wash|Hydro Pump|p1a: Mrs Blobby
|-activate|p1a: Mrs Blobby|Protect
|
|-heal|p2a: Rotom-Wash|242\/242 tox|[from] item: Leftovers
|-damage|p2a: Rotom-Wash|212\/242 tox|[from] psn
|turn|16
|
|switch|p1a: Mr Blobby|Amoonguss, M, shiny|432\/432
|move|p2a: Rotom-Wash|Volt Switch|p1a: Mr Blobby
|-resisted|p1a: Mr Blobby
|-damage|p1a: Mr Blobby|390\/432
|
|switch|p2a: Landorus-Therian|Landorus-Therian, M|381\/381
|-ability|p2a: Landorus-Therian|Intimidate|[of] p1a: Mr Blobby
|-unboost|p1a: Mr Blobby|atk|1
|
|turn|17
|
|switch|p1a: Fuck Magnezone|Skarmory, F, shiny|323\/334
|move|p2a: Landorus-Therian|U-turn|p1a: Fuck Magnezone
|-resisted|p1a: Fuck Magnezone
|-damage|p1a: Fuck Magnezone|312\/334
|
|switch|p2a: Thundurus|Thundurus, M|299\/299
|
|turn|18
|
|switch|p1a: Baby Blobby|Chansey, F, shiny|704\/704
|move|p2a: Thundurus|Volt Switch|p1a: Baby Blobby
|-crit|p1a: Baby Blobby
|-damage|p1a: Baby Blobby|595\/704
|
|switch|p2a: Landorus-Therian|Landorus-Therian, M|381\/381
|-ability|p2a: Landorus-Therian|Intimidate|[of] p1a: Baby Blobby
|-unboost|p1a: Baby Blobby|atk|1
|
|turn|19
|
|switch|p1a: Fuck Magnezone|Skarmory, F, shiny|312\/334
|move|p2a: Landorus-Therian|Stealth Rock|p1a: Fuck Magnezone
|-sidestart|p1: Amoongbro|move: Stealth Rock
|
|turn|20
|
|move|p2a: Landorus-Therian|U-turn|p1a: Fuck Magnezone
|-resisted|p1a: Fuck Magnezone
|-damage|p1a: Fuck Magnezone|302\/334
|
|switch|p2a: Manaphy|Manaphy|361\/361
|move|p1a: Fuck Magnezone|Defog|p2a: Manaphy
|-unboost|p2a: Manaphy|evasion|1
|-sideend|p1: Amoongbro|Stealth Rock|[from] move: Defog|[of] p1a: Fuck Magnezone
|
|turn|21
|
|switch|p1a: Mr Blobby|Amoonguss, M, shiny|432\/432
|move|p2a: Manaphy|Scald|p1a: Mr Blobby
|-resisted|p1a: Mr Blobby
|-damage|p1a: Mr Blobby|388\/432
|
|turn|22
|
|move|p2a: Manaphy|U-turn|p1a: Mr Blobby
|-damage|p1a: Mr Blobby|342\/432
|
|switch|p2a: Scizor|Scizor-Mega, M|311\/343
|move|p1a: Mr Blobby|Foul Play|p2a: Scizor
|-damage|p2a: Scizor|218\/343
|
|turn|23
|c|âben69|zzzz
|
|move|p2a: Scizor|U-turn|p1a: Mr Blobby
|-damage|p1a: Mr Blobby|237\/432
|
|switch|p2a: Landorus-Therian|Landorus-Therian, M|381\/381
|-ability|p2a: Landorus-Therian|Intimidate|[of] p1a: Mr Blobby
|-unboost|p1a: Mr Blobby|atk|1
|move|p1a: Mr Blobby|Foul Play|p2a: Landorus-Therian
|-damage|p2a: Landorus-Therian|294\/381
|
|-heal|p2a: Landorus-Therian|317\/381|[from] item: Leftovers
|turn|24
|
|switch|p1a: Fuck Magnezone|Skarmory, F, shiny|302\/334
|move|p2a: Landorus-Therian|U-turn|p1a: Fuck Magnezone
|-crit|p1a: Fuck Magnezone
|-resisted|p1a: Fuck Magnezone
|-damage|p1a: Fuck Magnezone|286\/334
|
|switch|p2a: Manaphy|Manaphy|361\/361
|
|turn|25
|
|switch|p1a: Mr Blobby|Amoonguss, M, shiny|381\/432
|move|p2a: Manaphy|Scald|p1a: Mr Blobby
|-resisted|p1a: Mr Blobby
|-damage|p1a: Mr Blobby|330\/432
|
|turn|26
|
|move|p2a: Manaphy|U-turn|p1a: Mr Blobby
|-damage|p1a: Mr Blobby|285\/432
|
|switch|p2a: Scizor|Scizor-Mega, M|218\/343
|move|p1a: Mr Blobby|Foul Play|p2a: Scizor
|-damage|p2a: Scizor|131\/343
|
|turn|27
|
|move|p2a: Scizor|Roost|p2a: Scizor
|-heal|p2a: Scizor|303\/343
|move|p1a: Mr Blobby|Hidden Power|p2a: Scizor
|-supereffective|p2a: Scizor
|-damage|p2a: Scizor|183\/343
|
|turn|28
|
|switch|p1a: Not Mega|Sableye, F, shiny|304\/304
|move|p2a: Scizor|U-turn|p1a: Not Mega
|-damage|p1a: Not Mega|198\/304
|
|switch|p2a: Manaphy|Manaphy|361\/361
|
|turn|29
|
|detailschange|p1a: Not Mega|Sableye-Mega, F, shiny
|-mega|p1a: Not Mega|Sableye|Sablenite
|move|p1a: Not Mega|Recover|p1a: Not Mega
|-heal|p1a: Not Mega|304\/304
|move|p2a: Manaphy|Scald|p1a: Not Mega
|-damage|p1a: Not Mega|199\/304
|
|turn|30
|
|switch|p1a: Mr Blobby|Amoonguss, M, shiny|429\/432
|move|p2a: Manaphy|Tail Glow|p2a: Manaphy
|-boost|p2a: Manaphy|spa|3
|
|turn|31
|
|move|p2a: Manaphy|U-turn|p1a: Mr Blobby
|-damage|p1a: Mr Blobby|386\/432
|
|switch|p2a: Scizor|Scizor-Mega, M|183\/343
|move|p1a: Mr Blobby|Giga Drain|p2a: Scizor
|-resisted|p2a: Scizor
|-damage|p2a: Scizor|168\/343
|-heal|p1a: Mr Blobby|394\/432|[from] drain|[of] p2a: Scizor
|
|turn|32
|
|move|p2a: Scizor|Roost|p2a: Scizor
|-heal|p2a: Scizor|340\/343
|move|p1a: Mr Blobby|Hidden Power|p2a: Scizor
|-supereffective|p2a: Scizor
|-damage|p2a: Scizor|204\/343
|
|turn|33
|
|move|p2a: Scizor|U-turn|p1a: Mr Blobby
|-damage|p1a: Mr Blobby|279\/432
|
|switch|p2a: Landorus-Therian|Landorus-Therian, M|317\/381
|-ability|p2a: Landorus-Therian|Intimidate|[of] p1a: Mr Blobby
|-unboost|p1a: Mr Blobby|atk|1
|move|p1a: Mr Blobby|Giga Drain|p2a: Landorus-Therian
|-damage|p2a: Landorus-Therian|227\/381
|-heal|p1a: Mr Blobby|324\/432|[from] drain|[of] p2a: Landorus-Therian
|
|-heal|p2a: Landorus-Therian|250\/381|[from] item: Leftovers
|turn|34
|
|switch|p1a: Fuck Magnezone|Skarmory, F, shiny|286\/334
|move|p2a: Landorus-Therian|U-turn|p1a: Fuck Magnezone
|-resisted|p1a: Fuck Magnezone
|-damage|p1a: Fuck Magnezone|275\/334
|
|switch|p2a: Rotom-Wash|Rotom-Wash|212\/242 tox
|
|-heal|p2a: Rotom-Wash|227\/242 tox|[from] item: Leftovers
|-damage|p2a: Rotom-Wash|212\/242 tox|[from] psn
|turn|35
|
|move|p2a: Rotom-Wash|Will-O-Wisp|p1a: Fuck Magnezone
|-status|p1a: Fuck Magnezone|brn
|move|p1a: Fuck Magnezone|Roost|p1a: Fuck Magnezone
|-heal|p1a: Fuck Magnezone|334\/334 brn
|
|-heal|p2a: Rotom-Wash|227\/242 tox|[from] item: Leftovers
|-damage|p2a: Rotom-Wash|197\/242 tox|[from] psn
|-damage|p1a: Fuck Magnezone|293\/334 brn|[from] brn
|turn|36
|
|move|p2a: Rotom-Wash|Will-O-Wisp|p1a: Fuck Magnezone
|-fail|p1a: Fuck Magnezone|brn
|move|p1a: Fuck Magnezone|Roost|p1a: Fuck Magnezone
|-heal|p1a: Fuck Magnezone|334\/334 brn
|
|-heal|p2a: Rotom-Wash|212\/242 tox|[from] item: Leftovers
|-damage|p2a: Rotom-Wash|167\/242 tox|[from] psn
|-damage|p1a: Fuck Magnezone|293\/334 brn|[from] brn
|turn|37
|
|move|p2a: Rotom-Wash|Volt Switch|p1a: Fuck Magnezone
|-supereffective|p1a: Fuck Magnezone
|-damage|p1a: Fuck Magnezone|21\/334 brn
|
|switch|p2a: Landorus-Therian|Landorus-Therian, M|250\/381
|-ability|p2a: Landorus-Therian|Intimidate|[of] p1a: Fuck Magnezone
|-unboost|p1a: Fuck Magnezone|atk|1
|move|p1a: Fuck Magnezone|Roost|p1a: Fuck Magnezone
|-heal|p1a: Fuck Magnezone|188\/334 brn
|
|-heal|p2a: Landorus-Therian|273\/381|[from] item: Leftovers
|-damage|p1a: Fuck Magnezone|147\/334 brn|[from] brn
|turn|38
|
|move|p2a: Landorus-Therian|U-turn|p1a: Fuck Magnezone
|-resisted|p1a: Fuck Magnezone
|-damage|p1a: Fuck Magnezone|137\/334 brn
|
|switch|p2a: Thundurus|Thundurus, M|299\/299
|move|p1a: Fuck Magnezone|Roost|p1a: Fuck Magnezone
|-heal|p1a: Fuck Magnezone|304\/334 brn
|
|-damage|p1a: Fuck Magnezone|263\/334 brn|[from] brn
|turn|39
|
|switch|p1a: Mr Blobby|Amoonguss, M, shiny|432\/432
|move|p2a: Thundurus|Volt Switch|p1a: Mr Blobby
|-resisted|p1a: Mr Blobby
|-damage|p1a: Mr Blobby|387\/432
|
|switch|p2a: Landorus-Therian|Landorus-Therian, M|273\/381
|-ability|p2a: Landorus-Therian|Intimidate|[of] p1a: Mr Blobby
|-unboost|p1a: Mr Blobby|atk|1
|
|-heal|p2a: Landorus-Therian|296\/381|[from] item: Leftovers
|turn|40
|
|switch|p1a: Mrs Blobby|Alomomola, M, shiny|480\/529
|move|p2a: Landorus-Therian|U-turn|p1a: Mrs Blobby
|-damage|p1a: Mrs Blobby|420\/529
|
|switch|p2a: Thundurus|Thundurus, M|299\/299
|
|turn|41
|
|switch|p1a: Mr Blobby|Amoonguss, M, shiny|432\/432
|move|p2a: Thundurus|Volt Switch|p1a: Mr Blobby
|-resisted|p1a: Mr Blobby
|-damage|p1a: Mr Blobby|382\/432
|
|switch|p2a: Scizor|Scizor-Mega, M|204\/343
|
|turn|42
|
|switch|p1a: Mrs Blobby|Alomomola, M, shiny|529\/529
|move|p2a: Scizor|U-turn|p1a: Mrs Blobby
|-damage|p1a: Mrs Blobby|424\/529
|
|switch|p2a: Manaphy|Manaphy|361\/361
|
|turn|43
|
|switch|p1a: Mr Blobby|Amoonguss, M, shiny|432\/432
|move|p2a: Manaphy|Scald|p1a: Mr Blobby
|-resisted|p1a: Mr Blobby
|-damage|p1a: Mr Blobby|384\/432
|
|turn|44
|c|âben69|lmao
|c|âben69|get burned amoonguss!
|
|switch|p1a: Mrs Blobby|Alomomola, M, shiny|529\/529
|move|p2a: Manaphy|U-turn|p1a: Mrs Blobby
|-damage|p1a: Mrs Blobby|484\/529
|
|switch|p2a: Thundurus|Thundurus, M|299\/299
|
|turn|45
|
|switch|p1a: Mr Blobby|Amoonguss, M, shiny|432\/432
|move|p2a: Thundurus|Volt Switch|p1a: Mr Blobby
|-resisted|p1a: Mr Blobby
|-damage|p1a: Mr Blobby|387\/432
|
|switch|p2a: Landorus-Therian|Landorus-Therian, M|296\/381
|-ability|p2a: Landorus-Therian|Intimidate|[of] p1a: Mr Blobby
|-unboost|p1a: Mr Blobby|atk|1
|
|-heal|p2a: Landorus-Therian|319\/381|[from] item: Leftovers
|turn|46
|
|switch|p1a: Fuck Magnezone|Skarmory, F, shiny|263\/334 brn
|move|p2a: Landorus-Therian|Earthquake|p1a: Fuck Magnezone
|-immune|p1a: Fuck Magnezone|[msg]
|
|-heal|p2a: Landorus-Therian|342\/381|[from] item: Leftovers
|-damage|p1a: Fuck Magnezone|222\/334 brn|[from] brn
|turn|47
|
|move|p2a: Landorus-Therian|Stealth Rock|p1a: Fuck Magnezone
|-sidestart|p1: Amoongbro|move: Stealth Rock
|move|p1a: Fuck Magnezone|Roost|p1a: Fuck Magnezone
|-heal|p1a: Fuck Magnezone|334\/334 brn
|
|-heal|p2a: Landorus-Therian|365\/381|[from] item: Leftovers
|-damage|p1a: Fuck Magnezone|293\/334 brn|[from] brn
|turn|48
|
|move|p2a: Landorus-Therian|U-turn|p1a: Fuck Magnezone
|-resisted|p1a: Fuck Magnezone
|-damage|p1a: Fuck Magnezone|283\/334 brn
|
|switch|p2a: Scizor|Scizor-Mega, M|204\/343
|move|p1a: Fuck Magnezone|Stealth Rock|p2a: Scizor
|-sidestart|p2: ben69|move: Stealth Rock
|
|-damage|p1a: Fuck Magnezone|242\/334 brn|[from] brn
|turn|49
|
|move|p2a: Scizor|Roost|p2a: Scizor
|-heal|p2a: Scizor|343\/343
|move|p1a: Fuck Magnezone|Roost|p1a: Fuck Magnezone
|-heal|p1a: Fuck Magnezone|334\/334 brn
|
|-damage|p1a: Fuck Magnezone|293\/334 brn|[from] brn
|turn|50
|
|move|p2a: Scizor|Swords Dance|p2a: Scizor
|-boost|p2a: Scizor|atk|2
|move|p1a: Fuck Magnezone|Brave Bird|p2a: Scizor
|-damage|p2a: Scizor|301\/343
|-damage|p1a: Fuck Magnezone|279\/334 brn|[from] recoil|[of] p2a: Scizor
|
|-damage|p1a: Fuck Magnezone|238\/334 brn|[from] brn
|turn|51
|
|switch|p1a: Uncle Blobby|Quagsire, M, shiny|394\/394
|-damage|p1a: Uncle Blobby|370\/394|[from] Stealth Rock
|move|p2a: Scizor|U-turn|p1a: Uncle Blobby
|-damage|p1a: Uncle Blobby|273\/394
|
|switch|p2a: Manaphy|Manaphy|361\/361
|-damage|p2a: Manaphy|316\/361|[from] Stealth Rock
|
|-heal|p2a: Manaphy|338\/361|[from] item: Leftovers
|-heal|p1a: Uncle Blobby|297\/394|[from] item: Leftovers
|turn|52
|
|switch|p1a: Baby Blobby|Chansey, F, shiny|595\/704
|-damage|p1a: Baby Blobby|507\/704|[from] Stealth Rock
|move|p2a: Manaphy|Scald|p1a: Baby Blobby
|-damage|p1a: Baby Blobby|423\/704
|-status|p1a: Baby Blobby|brn
|
|-heal|p2a: Manaphy|360\/361|[from] item: Leftovers
|-damage|p1a: Baby Blobby|335\/704 brn|[from] brn
|turn|53
|
|move|p2a: Manaphy|Tail Glow|p2a: Manaphy
|-boost|p2a: Manaphy|spa|3
|move|p1a: Baby Blobby|Soft-Boiled|p1a: Baby Blobby
|-heal|p1a: Baby Blobby|687\/704 brn
|
|-heal|p2a: Manaphy|361\/361|[from] item: Leftovers
|-damage|p1a: Baby Blobby|599\/704 brn|[from] brn
|turn|54
|
|switch|p1a: Mr Blobby|Amoonguss, M, shiny|432\/432
|-damage|p1a: Mr Blobby|378\/432|[from] Stealth Rock
|move|p2a: Manaphy|Scald|p1a: Mr Blobby
|-resisted|p1a: Mr Blobby
|-damage|p1a: Mr Blobby|255\/432
|
|turn|55
|
|move|p2a: Manaphy|Scald|p1a: Mr Blobby
|-resisted|p1a: Mr Blobby
|-damage|p1a: Mr Blobby|140\/432
|move|p1a: Mr Blobby|Giga Drain|p2a: Manaphy
|-crit|p2a: Manaphy
|-supereffective|p2a: Manaphy
|-damage|p2a: Manaphy|109\/361
|-heal|p1a: Mr Blobby|266\/432|[from] drain|[of] p2a: Manaphy
|
|-heal|p2a: Manaphy|131\/361|[from] item: Leftovers
|turn|56
|
|move|p2a: Manaphy|Scald|p1a: Mr Blobby
|-resisted|p1a: Mr Blobby
|-damage|p1a: Mr Blobby|149\/432
|move|p1a: Mr Blobby|Giga Drain|p2a: Manaphy
|-supereffective|p2a: Manaphy
|-damage|p2a: Manaphy|0 fnt
|-heal|p1a: Mr Blobby|215\/432|[from] drain|[of] p2a: Manaphy
|faint|p2a: Manaphy
|
|
|switch|p2a: Landorus-Therian|Landorus-Therian, M|365\/381
|-damage|p2a: Landorus-Therian|318\/381|[from] Stealth Rock
|-ability|p2a: Landorus-Therian|Intimidate|[of] p1a: Mr Blobby
|-unboost|p1a: Mr Blobby|atk|1
|turn|57
|
|switch|p1a: Mrs Blobby|Alomomola, M, shiny|529\/529
|-damage|p1a: Mrs Blobby|463\/529|[from] Stealth Rock
|move|p2a: Landorus-Therian|U-turn|p1a: Mrs Blobby
|-damage|p1a: Mrs Blobby|401\/529
|c|âben69|that amoonguss is so lucky
|
|switch|p2a: Thundurus|Thundurus, M|299\/299
|-damage|p2a: Thundurus|225\/299|[from] Stealth Rock
|
|-heal|p2a: Thundurus|243\/299|[from] item: Leftovers
|turn|58
|
|switch|p1a: Mr Blobby|Amoonguss, M, shiny|359\/432
|-damage|p1a: Mr Blobby|305\/432|[from] Stealth Rock
|move|p2a: Thundurus|Volt Switch|p1a: Mr Blobby
|-resisted|p1a: Mr Blobby
|-damage|p1a: Mr Blobby|254\/432
|
|switch|p2a: Landorus-Therian|Landorus-Therian, M|318\/381
|-damage|p2a: Landorus-Therian|271\/381|[from] Stealth Rock
|-ability|p2a: Landorus-Therian|Intimidate|[of] p1a: Mr Blobby
|-unboost|p1a: Mr Blobby|atk|1
|
|-heal|p2a: Landorus-Therian|294\/381|[from] item: Leftovers
|turn|59
|
|switch|p1a: Mrs Blobby|Alomomola, M, shiny|529\/529
|-damage|p1a: Mrs Blobby|463\/529|[from] Stealth Rock
|move|p2a: Landorus-Therian|Earthquake|p1a: Mrs Blobby
|-damage|p1a: Mrs Blobby|330\/529
|
|-heal|p2a: Landorus-Therian|317\/381|[from] item: Leftovers
|turn|60
|
|move|p1a: Mrs Blobby|Wish|p1a: Mrs Blobby
|move|p2a: Landorus-Therian|U-turn|p1a: Mrs Blobby
|-damage|p1a: Mrs Blobby|264\/529
|
|switch|p2a: Diggersby|Diggersby, F|218\/311
|-damage|p2a: Diggersby|199\/311|[from] Stealth Rock
|
|turn|61
|
|switch|p1a: Not Mega|Sableye-Mega, F, shiny|199\/304
|-damage|p1a: Not Mega|161\/304|[from] Stealth Rock
|move|p2a: Diggersby|Fire Punch|p1a: Not Mega
|-damage|p1a: Not Mega|92\/304
|
|-heal|p1a: Not Mega|304\/304|[from] move: Wish|[wisher] Mrs Blobby
|turn|62
|
|switch|p2a: Rotom-Wash|Rotom-Wash|167\/242 tox
|-damage|p2a: Rotom-Wash|137\/242 tox|[from] Stealth Rock
|move|p1a: Not Mega|Knock Off|p2a: Rotom-Wash
|-damage|p2a: Rotom-Wash|47\/242 tox
|-enditem|p2a: Rotom-Wash|Leftovers|[from] move: Knock Off|[of] p1a: Not Mega
|
|-damage|p2a: Rotom-Wash|32\/242 tox|[from] psn
|turn|63
|
|switch|p1a: Mr Blobby|Amoonguss, M, shiny|398\/432
|-damage|p1a: Mr Blobby|344\/432|[from] Stealth Rock
|move|p2a: Rotom-Wash|Hydro Pump|p1a: Mr Blobby
|-resisted|p1a: Mr Blobby
|-damage|p1a: Mr Blobby|278\/432
|
|-damage|p2a: Rotom-Wash|2\/242 tox|[from] psn
|turn|64
|
|move|p2a: Rotom-Wash|Volt Switch|p1a: Mr Blobby
|-resisted|p1a: Mr Blobby
|-damage|p1a: Mr Blobby|236\/432
|
|switch|p2a: Landorus-Therian|Landorus-Therian, M|317\/381
|-damage|p2a: Landorus-Therian|270\/381|[from] Stealth Rock
|-ability|p2a: Landorus-Therian|Intimidate|[of] p1a: Mr Blobby
|-unboost|p1a: Mr Blobby|atk|1
|move|p1a: Mr Blobby|Giga Drain|p2a: Landorus-Therian
|-damage|p2a: Landorus-Therian|182\/381
|-heal|p1a: Mr Blobby|280\/432|[from] drain|[of] p2a: Landorus-Therian
|
|-heal|p2a: Landorus-Therian|205\/381|[from] item: Leftovers
|turn|65
|
|switch|p1a: Fuck Magnezone|Skarmory, F, shiny|238\/334 brn
|-damage|p1a: Fuck Magnezone|197\/334 brn|[from] Stealth Rock
|move|p2a: Landorus-Therian|U-turn|p1a: Fuck Magnezone
|-resisted|p1a: Fuck Magnezone
|-damage|p1a: Fuck Magnezone|187\/334 brn
|
|switch|p2a: Thundurus|Thundurus, M|243\/299
|-damage|p2a: Thundurus|169\/299|[from] Stealth Rock
|
|-heal|p2a: Thundurus|187\/299|[from] item: Leftovers
|-damage|p1a: Fuck Magnezone|146\/334 brn|[from] brn
|turn|66
|
|switch|p1a: Mr Blobby|Amoonguss, M, shiny|424\/432
|-damage|p1a: Mr Blobby|370\/432|[from] Stealth Rock
|move|p2a: Thundurus|Taunt|p1a: Mr Blobby
|-start|p1a: Mr Blobby|move: Taunt
|
|-heal|p2a: Thundurus|205\/299|[from] item: Leftovers
|turn|67
|
|move|p2a: Thundurus|Thunder Wave|p1a: Mr Blobby
|-status|p1a: Mr Blobby|par
|cant|p1a: Mr Blobby|par
|
|-heal|p2a: Thundurus|223\/299|[from] item: Leftovers
|turn|68
|
|move|p2a: Thundurus|Hidden Power|p1a: Mr Blobby
|-supereffective|p1a: Mr Blobby
|-damage|p1a: Mr Blobby|258\/432 par
|move|p1a: Mr Blobby|Foul Play|p2a: Thundurus
|-damage|p2a: Thundurus|121\/299
|
|-heal|p2a: Thundurus|139\/299|[from] item: Leftovers
|turn|69
|
|move|p2a: Thundurus|Taunt|p1a: Mr Blobby
|-fail|p1a: Mr Blobby
|cant|p1a: Mr Blobby|par
|
|-heal|p2a: Thundurus|157\/299|[from] item: Leftovers
|-end|p1a: Mr Blobby|move: Taunt
|turn|70
|
|move|p2a: Thundurus|Hidden Power|p1a: Mr Blobby
|-supereffective|p1a: Mr Blobby
|-damage|p1a: Mr Blobby|146\/432 par
|move|p1a: Mr Blobby|Foul Play|p2a: Thundurus
|-damage|p2a: Thundurus|53\/299
|
|-heal|p2a: Thundurus|71\/299|[from] item: Leftovers
|turn|71
|
|switch|p1a: Baby Blobby|Chansey, F, shiny|599\/704
|-damage|p1a: Baby Blobby|511\/704|[from] Stealth Rock
|move|p2a: Thundurus|Hidden Power|p1a: Baby Blobby
|-damage|p1a: Baby Blobby|464\/704
|
|-heal|p2a: Thundurus|89\/299|[from] item: Leftovers
|turn|72
|
|move|p2a: Thundurus|Taunt|p1a: Baby Blobby
|-start|p1a: Baby Blobby|move: Taunt
|move|p1a: Baby Blobby|Seismic Toss|p2a: Thundurus
|-damage|p2a: Thundurus|0 fnt
|faint|p2a: Thundurus
|
|
|switch|p2a: Scizor|Scizor-Mega, M|301\/343
|-damage|p2a: Scizor|259\/343|[from] Stealth Rock
|turn|73
|
|switch|p1a: Mrs Blobby|Alomomola, M, shiny|440\/529
|-damage|p1a: Mrs Blobby|374\/529|[from] Stealth Rock
|move|p2a: Scizor|U-turn|p1a: Mrs Blobby
|-damage|p1a: Mrs Blobby|275\/529
|
|switch|p2a: Diggersby|Diggersby, F|199\/311
|-damage|p2a: Diggersby|180\/311|[from] Stealth Rock
|
|turn|74
|
|move|p2a: Diggersby|Earthquake|p1a: Mrs Blobby
|-damage|p1a: Mrs Blobby|98\/529
|move|p1a: Mrs Blobby|Wish|p1a: Mrs Blobby
|
|turn|75
|c|âben69|cant beat this luck
|-message|ben69 forfeited.
|
|win|Amoongbro
|raw|Ladder updating...
|leave|ben69
|player|p2
|raw|Amoongbro's rating: 1720 &rarr; <strong>1741<\/strong><br \/>(+21 for winning)
|raw|ben69's rating: 1738 &rarr; <strong>1717<\/strong><br \/>(-21 for losing)