|join|ben69
|join|lil manaphy
|player|p1|ben69|266
|player|p2|lil manaphy|272
|gametype|singles
|gen|6
|tier|OU
|rated
|clearpoke
|poke|p1|Victini
|poke|p1|Excadrill, M
|poke|p1|Rotom-Wash
|poke|p1|Bisharp, M
|poke|p1|Ferrothorn, F
|poke|p1|Slowbro, F
|poke|p2|Lopunny, M
|poke|p2|Manaphy
|poke|p2|Scizor, F
|poke|p2|Celebi
|poke|p2|Heatran, F
|poke|p2|Mandibuzz, F
|rule|Swagger Clause: Swagger is banned
|rule|Baton Pass Clause: Limit one PokÃ©mon knowing Baton Pass
|rule|Sleep Clause Mod: Limit one foe put to sleep
|rule|Species Clause: Limit one of each PokÃ©mon
|rule|OHKO Clause: OHKO moves are banned
|rule|Moody Clause: Moody is banned
|rule|Evasion Moves Clause: Evasion moves are banned
|rule|Endless Battle Clause: Forcing endless battles is banned
|rule|HP Percentage Mod: HP is shown in percentages
|teampreview
|c|âben69|hmm i guess there is noone on the ladder
|
|start
|switch|p1a: Excadrill|Excadrill, M|424\/424
|switch|p2a: Couture|Lopunny, M|271\/271
|-ability|p1a: Excadrill|Mold Breaker
|turn|1
|join|TomBarney97
|
|switch|p1a: Pirouette forme|Slowbro, F|393\/393
|detailschange|p2a: Couture|Lopunny-Mega, M
|-mega|p2a: Couture|Lopunny|Lopunnite
|move|p2a: Couture|Drain Punch|p1a: Pirouette forme
|-resisted|p1a: Pirouette forme
|-damage|p1a: Pirouette forme|349\/393
|
|turn|2
|
|switch|p2a: still bigger than|Manaphy|341\/341
|detailschange|p1a: Pirouette forme|Slowbro-Mega, F
|-mega|p1a: Pirouette forme|Slowbro|Slowbronite
|move|p1a: Pirouette forme|Scald|p2a: still bigger than
|-resisted|p2a: still bigger than
|-damage|p2a: still bigger than|281\/341
|
|-heal|p2a: still bigger than|302\/341|[from] item: Leftovers
|turn|3
|
|move|p2a: still bigger than|Scald|p1a: Pirouette forme
|-resisted|p1a: Pirouette forme
|-damage|p1a: Pirouette forme|281\/393
|-status|p1a: Pirouette forme|brn
|move|p1a: Pirouette forme|Calm Mind|p1a: Pirouette forme
|-boost|p1a: Pirouette forme|spa|1
|-boost|p1a: Pirouette forme|spd|1
|
|-heal|p2a: still bigger than|323\/341|[from] item: Leftovers
|-damage|p1a: Pirouette forme|232\/393 brn|[from] brn
|turn|4
|
|move|p2a: still bigger than|Tail Glow|p2a: still bigger than
|-boost|p2a: still bigger than|spa|3
|move|p1a: Pirouette forme|Slack Off|p1a: Pirouette forme
|-heal|p1a: Pirouette forme|393\/393 brn
|
|-heal|p2a: still bigger than|341\/341|[from] item: Leftovers
|-damage|p1a: Pirouette forme|344\/393 brn|[from] brn
|turn|5
|
|move|p2a: still bigger than|Tail Glow|p2a: still bigger than
|-boost|p2a: still bigger than|spa|3
|move|p1a: Pirouette forme|Psyshock|p2a: still bigger than
|-damage|p2a: still bigger than|158\/341
|
|-heal|p2a: still bigger than|179\/341|[from] item: Leftovers
|-damage|p1a: Pirouette forme|295\/393 brn|[from] brn
|turn|6
|
|switch|p1a: Haunted|Rotom-Wash|304\/304
|move|p2a: still bigger than|Scald|p1a: Haunted
|-resisted|p1a: Haunted
|-damage|p1a: Haunted|88\/304
|
|-heal|p2a: still bigger than|200\/341|[from] item: Leftovers
|-heal|p1a: Haunted|107\/304|[from] item: Leftovers
|turn|7
|
|move|p2a: still bigger than|Scald|p1a: Haunted
|-resisted|p1a: Haunted
|-damage|p1a: Haunted|0 fnt
|faint|p1a: Haunted
|
|-heal|p2a: still bigger than|221\/341|[from] item: Leftovers
|
|switch|p1a: Knubbler|Ferrothorn, F|352\/352
|turn|8
|
|move|p2a: still bigger than|Scald|p1a: Knubbler
|-resisted|p1a: Knubbler
|-damage|p1a: Knubbler|166\/352
|-status|p1a: Knubbler|brn
|move|p1a: Knubbler|Leech Seed|p2a: still bigger than
|-start|p2a: still bigger than|move: Leech Seed
|
|-heal|p2a: still bigger than|242\/341|[from] item: Leftovers
|-heal|p1a: Knubbler|188\/352 brn|[from] item: Leftovers
|-damage|p2a: still bigger than|200\/341|[from] Leech Seed|[of] p1a: Knubbler
|-heal|p1a: Knubbler|230\/352 brn|[silent]
|-damage|p1a: Knubbler|186\/352 brn|[from] brn
|turn|9
|
|move|p2a: still bigger than|Scald|p1a: Knubbler
|-resisted|p1a: Knubbler
|-damage|p1a: Knubbler|0 fnt
|faint|p1a: Knubbler
|
|-heal|p2a: still bigger than|221\/341|[from] item: Leftovers
|
|switch|p1a: Tremble|Victini|355\/355
|turn|10
|
|move|p2a: still bigger than|Scald|p1a: Tremble
|-supereffective|p1a: Tremble
|-damage|p1a: Tremble|0 fnt
|faint|p1a: Tremble
|
|-heal|p2a: still bigger than|242\/341|[from] item: Leftovers
|-message|ben69 forfeited.
|leave|ben69
|
|win|lil manaphy
|raw|Ladder updating...
|player|p1
|leave|TomBarney97
|raw|ben69's rating: 1726 &rarr; <strong>1705<\/strong><br \/>(-21 for losing)
|raw|lil manaphy's rating: 1716 &rarr; <strong>1736<\/strong><br \/>(+20 for winning)