|join|ben69
|join|BlackBoyFly
|player|p1|ben69|266
|player|p2|BlackBoyFly|200
|gametype|singles
|gen|6
|tier|OU
|rated
|clearpoke
|poke|p1|Manaphy
|poke|p1|Scizor, M
|poke|p1|Thundurus, M
|poke|p1|Landorus-Therian, M
|poke|p1|Victini
|poke|p1|Diggersby, M
|poke|p2|Talonflame, F
|poke|p2|Scizor, M
|poke|p2|Diancie
|poke|p2|Latios, M
|poke|p2|Keldeo-Resolute
|poke|p2|Celebi
|rule|Swagger Clause: Swagger is banned
|rule|Baton Pass Clause: Limit one PokÃ©mon knowing Baton Pass
|rule|Sleep Clause Mod: Limit one foe put to sleep
|rule|Species Clause: Limit one of each PokÃ©mon
|rule|OHKO Clause: OHKO moves are banned
|rule|Moody Clause: Moody is banned
|rule|Evasion Moves Clause: Evasion moves are banned
|rule|Endless Battle Clause: Forcing endless battles is banned
|rule|HP Percentage Mod: HP is shown in percentages
|teampreview
|
|start
|switch|p1a: Manaphy|Manaphy|365\/365
|switch|p2a: Keldeo-Resolute|Keldeo-Resolute|323\/323
|turn|1
|
|switch|p2a: Celebi|Celebi|403\/403
|switch|p1a: Landorus-Therian|Landorus-Therian, M|381\/381
|-ability|p1a: Landorus-Therian|Intimidate|[of] p2a: Celebi
|-unboost|p2a: Celebi|atk|1
|
|turn|2
|
|move|p2a: Celebi|Stealth Rock|p1a: Landorus-Therian
|-sidestart|p1: ben69|move: Stealth Rock
|move|p1a: Landorus-Therian|Stealth Rock|p2a: Celebi
|-sidestart|p2: BlackBoyFly|move: Stealth Rock
|
|turn|3
|
|move|p2a: Celebi|Baton Pass|p2a: Celebi
|
|switch|p2a: Keldeo-Resolute|Keldeo-Resolute|323\/323
|-damage|p2a: Keldeo-Resolute|303\/323|[from] Stealth Rock
|move|p1a: Landorus-Therian|Earthquake|p2a: Keldeo-Resolute
|-damage|p2a: Keldeo-Resolute|113\/323
|
|turn|4
|
|switch|p1a: Manaphy|Manaphy|365\/365
|-damage|p1a: Manaphy|320\/365|[from] Stealth Rock
|move|p2a: Keldeo-Resolute|Secret Sword|p1a: Manaphy
|-damage|p1a: Manaphy|158\/365
|
|-heal|p1a: Manaphy|180\/365|[from] item: Leftovers
|turn|5
|
|switch|p2a: Latios|Latios, M|301\/301
|-damage|p2a: Latios|264\/301|[from] Stealth Rock
|move|p1a: Manaphy|Scald|p2a: Latios
|-resisted|p2a: Latios
|-damage|p2a: Latios|206\/301
|
|-heal|p1a: Manaphy|202\/365|[from] item: Leftovers
|turn|6
|
|switch|p1a: Scizor|Scizor, M|343\/343
|-damage|p1a: Scizor|301\/343|[from] Stealth Rock
|move|p2a: Latios|Defog|p1a: Scizor
|-unboost|p1a: Scizor|evasion|1
|-sideend|p1: ben69|Stealth Rock|[from] move: Defog|[of] p1a: Scizor
|-sideend|p2: BlackBoyFly|Stealth Rock|[from] move: Defog|[of] p2a: Latios
|
|turn|7
|
|detailschange|p1a: Scizor|Scizor-Mega, M
|-mega|p1a: Scizor|Scizor|Scizorite
|move|p2a: Latios|Hidden Power|p1a: Scizor
|-supereffective|p1a: Scizor
|-damage|p1a: Scizor|5\/343
|-damage|p2a: Latios|176\/301|[from] item: Life Orb
|move|p1a: Scizor|U-turn|p2a: Latios
|-supereffective|p2a: Latios
|-damage|p2a: Latios|0 fnt
|faint|p2a: Latios
|
|switch|p1a: Thundurus|Thundurus, M|299\/299
|
|
|switch|p2a: Diancie|Diancie|241\/241
|turn|8
|
|detailschange|p2a: Diancie|Diancie-Mega
|-mega|p2a: Diancie|Diancie|Diancite
|move|p1a: Thundurus|Volt Switch|p2a: Diancie
|-damage|p2a: Diancie|117\/241
|
|switch|p1a: Landorus-Therian|Landorus-Therian, M|381\/381
|-ability|p1a: Landorus-Therian|Intimidate|[of] p2a: Diancie
|-unboost|p2a: Diancie|atk|1
|move|p2a: Diancie|Diamond Storm|p1a: Landorus-Therian
|-damage|p1a: Landorus-Therian|270\/381
|
|turn|9
|
|move|p2a: Diancie|Moonblast|p1a: Landorus-Therian
|-damage|p1a: Landorus-Therian|56\/381
|move|p1a: Landorus-Therian|Earthquake|p2a: Diancie
|-supereffective|p2a: Diancie
|-damage|p2a: Diancie|0 fnt
|faint|p2a: Diancie
|
|
|switch|p2a: Keldeo-Resolute|Keldeo-Resolute|113\/323
|turn|10
|
|switch|p1a: Scizor|Scizor-Mega, M|5\/343
|move|p2a: Keldeo-Resolute|Scald|p1a: Scizor
|-damage|p1a: Scizor|0 fnt
|faint|p1a: Scizor
|
|
|switch|p1a: Thundurus|Thundurus, M|299\/299
|turn|11
|
|switch|p2a: Celebi|Celebi|403\/403
|move|p1a: Thundurus|Volt Switch|p2a: Celebi
|-resisted|p2a: Celebi
|-damage|p2a: Celebi|360\/403
|
|switch|p1a: Victini|Victini|404\/404
|
|-heal|p2a: Celebi|385\/403|[from] item: Leftovers
|turn|12
|
|move|p1a: Victini|V-create|p2a: Celebi
|-supereffective|p2a: Celebi
|-damage|p2a: Celebi|0 fnt
|-unboost|p1a: Victini|def|1
|-unboost|p1a: Victini|spd|1
|-unboost|p1a: Victini|spe|1
|faint|p2a: Celebi
|
|
|switch|p2a: Keldeo-Resolute|Keldeo-Resolute|113\/323
|turn|13
|
|move|p2a: Keldeo-Resolute|Scald|p1a: Victini
|-supereffective|p1a: Victini
|-enditem|p1a: Victini|Passho Berry|[eat]
|-damage|p1a: Victini|175\/404
|move|p1a: Victini|Fusion Bolt|p2a: Keldeo-Resolute
|-supereffective|p2a: Keldeo-Resolute
|-damage|p2a: Keldeo-Resolute|0 fnt
|faint|p2a: Keldeo-Resolute
|
|
|switch|p2a: Scizor|Scizor, M|281\/281
|turn|14
|
|move|p2a: Scizor|Bug Bite|p1a: Victini
|-damage|p1a: Victini|0 fnt
|-damage|p2a: Scizor|253\/281|[from] item: Life Orb
|faint|p1a: Victini
|
|
|switch|p1a: Thundurus|Thundurus, M|299\/299
|turn|15
|
|move|p1a: Thundurus|Taunt|p2a: Scizor
|-start|p2a: Scizor|move: Taunt
|cant|p2a: Scizor|move: Taunt|Swords Dance
|
|turn|16
|
|move|p2a: Scizor|Bullet Punch|p1a: Thundurus
|-resisted|p1a: Thundurus
|-damage|p1a: Thundurus|205\/299
|-damage|p2a: Scizor|225\/281|[from] item: Life Orb
|move|p1a: Thundurus|Volt Switch|p2a: Scizor
|-damage|p2a: Scizor|87\/281
|
|switch|p1a: Landorus-Therian|Landorus-Therian, M|56\/381
|-ability|p1a: Landorus-Therian|Intimidate|[of] p2a: Scizor
|-unboost|p2a: Scizor|atk|1
|
|turn|17
|
|switch|p1a: Manaphy|Manaphy|202\/365
|move|p2a: Scizor|Bullet Punch|p1a: Manaphy
|-resisted|p1a: Manaphy
|-damage|p1a: Manaphy|155\/365
|-damage|p2a: Scizor|59\/281|[from] item: Life Orb
|
|-heal|p1a: Manaphy|177\/365|[from] item: Leftovers
|-end|p2a: Scizor|move: Taunt
|turn|18
|
|move|p1a: Manaphy|Scald|p2a: Scizor
|-damage|p2a: Scizor|0 fnt
|faint|p2a: Scizor
|
|-heal|p1a: Manaphy|199\/365|[from] item: Leftovers
|
|switch|p2a: Talonflame|Talonflame, F|321\/321
|turn|19
|
|move|p2a: Talonflame|Swords Dance|p2a: Talonflame
|-boost|p2a: Talonflame|atk|2
|move|p1a: Manaphy|Scald|p2a: Talonflame
|-supereffective|p2a: Talonflame
|-damage|p2a: Talonflame|0 fnt
|faint|p2a: Talonflame
|
|win|ben69
|raw|Ladder updating...
|raw|ben69's rating: 1817 &rarr; <strong>1826<\/strong><br \/>(+9 for winning)
|raw|BlackBoyFly's rating: 1613 &rarr; <strong>1604<\/strong><br \/>(-9 for losing)
|leave|BlackBoyFly
|player|p2