|join|ben69
|join|nintendistagamer
|player|p1|ben69|102
|player|p2|nintendistagamer|137
|gametype|singles
|gen|6
|tier|OU
|rated
|clearpoke
|poke|p1|Cloyster, M
|poke|p1|Entei, shiny
|poke|p1|Mew
|poke|p1|Honchkrow, F
|poke|p1|Starmie
|poke|p1|Diancie
|poke|p2|Metagross
|poke|p2|Bisharp, M
|poke|p2|Clefable, M
|poke|p2|Keldeo-Resolute
|poke|p2|Landorus-Therian, M
|poke|p2|Latios, M
|rule|Swagger Clause: Swagger is banned
|rule|Baton Pass Clause: Limit one PokÃ©mon knowing Baton Pass
|rule|Sleep Clause Mod: Limit one foe put to sleep
|rule|Species Clause: Limit one of each PokÃ©mon
|rule|OHKO Clause: OHKO moves are banned
|rule|Moody Clause: Moody is banned
|rule|Evasion Moves Clause: Evasion moves are banned
|rule|Endless Battle Clause: Forcing endless battles is banned
|rule|HP Percentage Mod: HP is shown in percentages
|teampreview
|
|start
|switch|p1a: Entei|Entei, shiny|385\/385
|switch|p2a: Bisharp|Bisharp, M|271\/271
|-ability|p1a: Entei|Pressure
|turn|1
|join|Luis coco
|
|switch|p2a: Latios|Latios, M|301\/301
|move|p1a: Entei|Sacred Fire|p2a: Latios
|-resisted|p2a: Latios
|-damage|p2a: Latios|165\/301
|-status|p2a: Latios|brn
|-damage|p1a: Entei|347\/385|[from] item: Life Orb
|
|-damage|p2a: Latios|128\/301 brn|[from] brn
|turn|2
|
|move|p1a: Entei|Extreme Speed|p2a: Latios
|-damage|p2a: Latios|0 fnt
|-damage|p1a: Entei|309\/385|[from] item: Life Orb
|faint|p2a: Latios
|
|
|switch|p2a: Keldeo-Resolute|Keldeo-Resolute|323\/323
|turn|3
|c|ânintendistagamer|comecei muito bem
|
|switch|p1a: Starmie|Starmie|261\/261
|move|p2a: Keldeo-Resolute|Scald|p1a: Starmie
|-resisted|p1a: Starmie
|-damage|p1a: Starmie|150\/261
|-status|p1a: Starmie|brn
|
|-damage|p1a: Starmie|118\/261 brn|[from] brn
|turn|4
|
|switch|p2a: Clefable|Clefable, M|394\/394
|move|p1a: Starmie|Hydro Pump|p2a: Clefable
|-damage|p2a: Clefable|85\/394
|-damage|p1a: Starmie|92\/261 brn|[from] item: Life Orb
|
|-heal|p2a: Clefable|109\/394|[from] item: Leftovers
|-damage|p1a: Starmie|60\/261 brn|[from] brn
|turn|5
|c|ânintendistagamer|caralho
|c|ânintendistagamer|que isso
|
|move|p1a: Starmie|Hydro Pump|p2a: Clefable
|-damage|p2a: Clefable|0 fnt
|-damage|p1a: Starmie|34\/261 brn|[from] item: Life Orb
|faint|p2a: Clefable
|
|-damage|p1a: Starmie|2\/261 brn|[from] brn
|c|ânintendistagamer|ele usa modest
|
|switch|p2a: Landorus-Therian|Landorus-Therian, M|319\/319
|-ability|p2a: Landorus-Therian|Intimidate|[of] p1a: Starmie
|-unboost|p1a: Starmie|atk|1
|turn|6
|
|move|p2a: Landorus-Therian|U-turn|p1a: Starmie
|-supereffective|p1a: Starmie
|-damage|p1a: Starmie|0 fnt
|faint|p1a: Starmie
|
|switch|p2a: Keldeo-Resolute|Keldeo-Resolute|323\/323
|
|
|switch|p1a: Mew|Mew|404\/404
|turn|7
|
|move|p2a: Keldeo-Resolute|Scald|p1a: Mew
|-damage|p1a: Mew|221\/404
|move|p1a: Mew|Thunder Wave|p2a: Keldeo-Resolute
|-status|p2a: Keldeo-Resolute|par
|
|turn|8
|
|switch|p2a: Landorus-Therian|Landorus-Therian, M|319\/319
|-ability|p2a: Landorus-Therian|Intimidate|[of] p1a: Mew
|-unboost|p1a: Mew|atk|1
|move|p1a: Mew|Psychic|p2a: Landorus-Therian
|-damage|p2a: Landorus-Therian|196\/319
|
|turn|9
|c| Luis coco|offensivo
|
|move|p2a: Landorus-Therian|U-turn|p1a: Mew
|-supereffective|p1a: Mew
|-damage|p1a: Mew|37\/404
|c|ânintendistagamer|a.a
|c| Luis coco|karamba
|
|switch|p2a: Bisharp|Bisharp, M|271\/271
|move|p1a: Mew|Thunder Wave|p2a: Bisharp
|-status|p2a: Bisharp|par
|
|turn|10
|
|move|p1a: Mew|Taunt|p2a: Bisharp
|-start|p2a: Bisharp|move: Taunt
|move|p2a: Bisharp|Knock Off|p1a: Mew
|-supereffective|p1a: Mew
|-damage|p1a: Mew|0 fnt
|-enditem|p1a: Mew|Mental Herb|[from] move: Knock Off|[of] p2a: Bisharp
|-damage|p2a: Bisharp|244\/271 par|[from] item: Life Orb
|faint|p1a: Mew
|
|c|ânintendistagamer|mds
|c|ânintendistagamer|que issu
|
|switch|p1a: Honchkrow|Honchkrow, F|341\/341
|turn|11
|
|move|p1a: Honchkrow|Superpower|p2a: Bisharp
|-supereffective|p2a: Bisharp
|-damage|p2a: Bisharp|0 fnt
|-unboost|p1a: Honchkrow|atk|1
|-unboost|p1a: Honchkrow|def|1
|-damage|p1a: Honchkrow|307\/341|[from] item: Life Orb
|faint|p2a: Bisharp
|-boost|p1a: Honchkrow|atk|1|[from] ability: Moxie
|
|c| Luis coco|wow
|
|switch|p2a: Landorus-Therian|Landorus-Therian, M|196\/319
|-ability|p2a: Landorus-Therian|Intimidate|[of] p1a: Honchkrow
|-unboost|p1a: Honchkrow|atk|1
|turn|12
|
|move|p1a: Honchkrow|Sucker Punch|p2a: Landorus-Therian
|-damage|p2a: Landorus-Therian|44\/319
|-damage|p1a: Honchkrow|273\/341|[from] item: Life Orb
|move|p2a: Landorus-Therian|Stone Edge|p1a: Honchkrow|[miss]
|-miss|p2a: Landorus-Therian|p1a: Honchkrow
|
|turn|13
|c| Luis coco|eita
|c| Luis coco|que hax
|
|switch|p2a: Metagross|Metagross|301\/301
|move|p1a: Honchkrow|Sucker Punch|p2a: Metagross
|-fail|p2a: Metagross
|
|turn|14
|c|ânintendistagamer|que hax escroto
|
|detailschange|p2a: Metagross|Metagross-Mega
|-mega|p2a: Metagross|Metagross|Metagrossite
|move|p1a: Honchkrow|Sucker Punch|p2a: Metagross
|-supereffective|p2a: Metagross
|-damage|p2a: Metagross|114\/301
|-damage|p1a: Honchkrow|239\/341|[from] item: Life Orb
|move|p2a: Metagross|Ice Punch|p1a: Honchkrow
|-supereffective|p1a: Honchkrow
|-damage|p1a: Honchkrow|0 fnt
|faint|p1a: Honchkrow
|
|
|switch|p1a: Entei|Entei, shiny|309\/385
|-ability|p1a: Entei|Pressure
|turn|15
|
|move|p2a: Metagross|Earthquake|p1a: Entei
|-supereffective|p1a: Entei
|-damage|p1a: Entei|19\/385
|move|p1a: Entei|Sacred Fire|p2a: Metagross
|-supereffective|p2a: Metagross
|-damage|p2a: Metagross|0 fnt
|-damage|p1a: Entei|0 fnt|[from] item: Life Orb
|faint|p2a: Metagross
|faint|p1a: Entei
|
|c|ânintendistagamer|que isso
|
|switch|p2a: Landorus-Therian|Landorus-Therian, M|44\/319
|switch|p1a: Diancie|Diancie|255\/255
|-ability|p2a: Landorus-Therian|Intimidate|[of] p1a: Diancie
|-fail|p1a: Diancie|unboost|[from] ability: Clear Body|[of] p1a: Diancie
|turn|16
|
|detailschange|p1a: Diancie|Diancie-Mega
|-mega|p1a: Diancie|Diancie|Diancite
|move|p2a: Landorus-Therian|Earthquake|p1a: Diancie
|-supereffective|p1a: Diancie
|-damage|p1a: Diancie|0 fnt
|faint|p1a: Diancie
|
|
|switch|p1a: Cloyster|Cloyster, M|241\/241
|turn|17
|
|move|p2a: Landorus-Therian|Earthquake|p1a: Cloyster
|-damage|p1a: Cloyster|130\/241
|move|p1a: Cloyster|Shell Smash|p1a: Cloyster
|-boost|p1a: Cloyster|atk|2
|-boost|p1a: Cloyster|spa|2
|-boost|p1a: Cloyster|spe|2
|-unboost|p1a: Cloyster|def|1
|-unboost|p1a: Cloyster|spd|1
|
|turn|18
|
|move|p1a: Cloyster|Icicle Spear|p2a: Landorus-Therian
|-supereffective|p2a: Landorus-Therian
|-damage|p2a: Landorus-Therian|0 fnt
|-hitcount|p2a: Landorus-Therian|1
|faint|p2a: Landorus-Therian
|
|c|ânintendistagamer|keldeo, sobreviva
|
|switch|p2a: Keldeo-Resolute|Keldeo-Resolute|323\/323 par
|turn|19
|
|move|p1a: Cloyster|Icicle Spear|p2a: Keldeo-Resolute
|-resisted|p2a: Keldeo-Resolute
|-damage|p2a: Keldeo-Resolute|281\/323 par
|-resisted|p2a: Keldeo-Resolute
|-damage|p2a: Keldeo-Resolute|237\/323 par
|-resisted|p2a: Keldeo-Resolute
|-damage|p2a: Keldeo-Resolute|194\/323 par
|-resisted|p2a: Keldeo-Resolute
|-damage|p2a: Keldeo-Resolute|154\/323 par
|-resisted|p2a: Keldeo-Resolute
|-damage|p2a: Keldeo-Resolute|112\/323 par
|-hitcount|p2a: Keldeo-Resolute|5
|cant|p2a: Keldeo-Resolute|flinch
|
|turn|20
|c| Luis coco|hax
|c|ânintendistagamer|wut
|c| Luis coco|hax
|c|ânintendistagamer|que issu
|c| Luis coco|hax
|c| Luis coco|hax
|c| Luis coco|seu hax
|c|âben69|kings rock + para = in my favour
|c|ânintendistagamer|ele usa king rock
|c|ânintendistagamer|ah, vai se fuder
|
|move|p1a: Cloyster|Icicle Spear|p2a: Keldeo-Resolute
|-resisted|p2a: Keldeo-Resolute
|-damage|p2a: Keldeo-Resolute|65\/323 par
|-resisted|p2a: Keldeo-Resolute
|-damage|p2a: Keldeo-Resolute|26\/323 par
|-resisted|p2a: Keldeo-Resolute
|-damage|p2a: Keldeo-Resolute|0 fnt
|-hitcount|p2a: Keldeo-Resolute|3
|faint|p2a: Keldeo-Resolute
|
|win|ben69
|raw|Ladder updating...
|leave|nintendistagamer
|raw|ben69's rating: 1657 &rarr; <strong>1679<\/strong><br \/>(+22 for winning)
|raw|nintendistagamer's rating: 1684 &rarr; <strong>1663<\/strong><br \/>(-21 for losing)