|join|Reverb
|join|ben69
|player|p1|Reverb|#reverb
|player|p2|ben69|169
|gametype|singles
|gen|6
|tier|OU
|rated
|clearpoke
|poke|p1|Skarmory, F
|poke|p1|Chansey, F
|poke|p1|Sableye, F
|poke|p1|Quagsire, F
|poke|p1|Cresselia, F
|poke|p1|Gothitelle, F
|poke|p2|Manaphy
|poke|p2|Scizor, F
|poke|p2|Thundurus, M
|poke|p2|Landorus-Therian, M
|poke|p2|Rotom-Wash
|poke|p2|Diggersby, M
|rule|Swagger Clause: Swagger is banned
|rule|Baton Pass Clause: Limit one PokÃ©mon knowing Baton Pass
|rule|Sleep Clause Mod: Limit one foe put to sleep
|rule|Species Clause: Limit one of each PokÃ©mon
|rule|OHKO Clause: OHKO moves are banned
|rule|Moody Clause: Moody is banned
|rule|Evasion Moves Clause: Evasion moves are banned
|rule|Endless Battle Clause: Forcing endless battles is banned
|rule|HP Percentage Mod: HP is shown in percentages
|teampreview
|join|CleanerThanRotom-W
|join|Cosine180
|
|start
|switch|p1a: Sableye|Sableye, F|304\/304
|switch|p2a: Manaphy|Manaphy|361\/361
|turn|1
|c| Cosine180|why r u using this aids team,,
|join|Escavalier
|join|Bloodz
|
|switch|p1a: Gothitelle|Gothitelle, F|301\/301
|move|p2a: Manaphy|U-turn|p1a: Gothitelle
|-supereffective|p1a: Gothitelle
|-damage|p1a: Gothitelle|191\/301
|
|switch|p2a: Landorus-Therian|Landorus-Therian, M|381\/381
|-ability|p2a: Landorus-Therian|Intimidate|[of] p1a: Gothitelle
|-unboost|p1a: Gothitelle|atk|1
|
|turn|2
|c| Escavalier|thats where you went into scizor
|
|move|p1a: Gothitelle|Trick|p2a: Landorus-Therian
|-activate|p1a: Gothitelle|move: Trick|[of] p2a: Landorus-Therian
|-item|p2a: Landorus-Therian|Choice Scarf|[from] move: Trick
|-item|p1a: Gothitelle|Leftovers|[from] move: Trick
|move|p2a: Landorus-Therian|Stealth Rock|p1a: Gothitelle
|-sidestart|p1: Reverb|move: Stealth Rock
|
|-heal|p1a: Gothitelle|209\/301|[from] item: Leftovers
|turn|3
|c| Escavalier|and pursuitted
|
|move|p2a: Landorus-Therian|Stealth Rock|p1a: Gothitelle
|-fail|p1a: Gothitelle
|move|p1a: Gothitelle|Calm Mind|p1a: Gothitelle
|-boost|p1a: Gothitelle|spa|1
|-boost|p1a: Gothitelle|spd|1
|
|-heal|p1a: Gothitelle|227\/301|[from] item: Leftovers
|turn|4
|
|move|p2a: Landorus-Therian|Stealth Rock|p1a: Gothitelle
|-fail|p1a: Gothitelle
|move|p1a: Gothitelle|Calm Mind|p1a: Gothitelle
|-boost|p1a: Gothitelle|spa|1
|-boost|p1a: Gothitelle|spd|1
|
|-heal|p1a: Gothitelle|245\/301|[from] item: Leftovers
|turn|5
|c|âben69|make it quick pls
|
|move|p2a: Landorus-Therian|Stealth Rock|p1a: Gothitelle
|-fail|p1a: Gothitelle
|move|p1a: Gothitelle|Calm Mind|p1a: Gothitelle
|-boost|p1a: Gothitelle|spa|1
|-boost|p1a: Gothitelle|spd|1
|
|-heal|p1a: Gothitelle|263\/301|[from] item: Leftovers
|turn|6
|join|CatchThisDead
|
|move|p2a: Landorus-Therian|Stealth Rock|p1a: Gothitelle
|-fail|p1a: Gothitelle
|move|p1a: Gothitelle|Calm Mind|p1a: Gothitelle
|-boost|p1a: Gothitelle|spa|1
|-boost|p1a: Gothitelle|spd|1
|
|-heal|p1a: Gothitelle|281\/301|[from] item: Leftovers
|turn|7
|
|move|p2a: Landorus-Therian|Stealth Rock|p1a: Gothitelle
|-fail|p1a: Gothitelle
|move|p1a: Gothitelle|Calm Mind|p1a: Gothitelle
|-boost|p1a: Gothitelle|spa|1
|-boost|p1a: Gothitelle|spd|1
|
|-heal|p1a: Gothitelle|299\/301|[from] item: Leftovers
|turn|8
|join|Hashtag Hungryâ¥
|
|move|p2a: Landorus-Therian|Stealth Rock|p1a: Gothitelle
|-fail|p1a: Gothitelle
|move|p1a: Gothitelle|Calm Mind|p1a: Gothitelle
|-boost|p1a: Gothitelle|spa|1
|-boost|p1a: Gothitelle|spd|1
|
|-heal|p1a: Gothitelle|301\/301|[from] item: Leftovers
|turn|9
|join|I Iike Squirtles
|
|move|p2a: Landorus-Therian|Stealth Rock|p1a: Gothitelle
|-fail|p1a: Gothitelle
|move|p1a: Gothitelle|Trick|p2a: Landorus-Therian
|-activate|p1a: Gothitelle|move: Trick|[of] p2a: Landorus-Therian
|-item|p2a: Landorus-Therian|Leftovers|[from] move: Trick
|-item|p1a: Gothitelle|Choice Scarf|[from] move: Trick
|
|turn|10
|
|move|p1a: Gothitelle|Psychic|p2a: Landorus-Therian
|-damage|p2a: Landorus-Therian|0 fnt
|faint|p2a: Landorus-Therian
|
|
|switch|p2a: Scizor|Scizor, F|343\/343
|turn|11
|join|daftmau5
|
|switch|p1a: Skarmory|Skarmory, F|334\/334
|-damage|p1a: Skarmory|293\/334|[from] Stealth Rock
|detailschange|p2a: Scizor|Scizor-Mega, F
|-mega|p2a: Scizor|Scizor|Scizorite
|move|p2a: Scizor|Bullet Punch|p1a: Skarmory
|-resisted|p1a: Skarmory
|-damage|p1a: Skarmory|261\/334
|
|turn|12
|
|move|p1a: Skarmory|Spikes|p2a: Scizor
|-sidestart|p2: ben69|Spikes
|move|p2a: Scizor|U-turn|p1a: Skarmory
|-resisted|p1a: Skarmory
|-damage|p1a: Skarmory|242\/334
|
|switch|p2a: Rotom-Wash|Rotom-Wash|242\/242
|
|turn|13
|join|Aruseus
|
|switch|p1a: Quagsire|Quagsire, F|394\/394
|-damage|p1a: Quagsire|370\/394|[from] Stealth Rock
|move|p2a: Rotom-Wash|Volt Switch|p1a: Quagsire
|-immune|p1a: Quagsire|[msg]
|
|-heal|p1a: Quagsire|394\/394|[from] item: Leftovers
|turn|14
|join|Ebinola
|
|switch|p2a: Manaphy|Manaphy|361\/361
|-damage|p2a: Manaphy|316\/361|[from] Spikes
|switch|p1a: Chansey|Chansey, F|642\/642
|-damage|p1a: Chansey|562\/642|[from] Stealth Rock
|
|-heal|p2a: Manaphy|338\/361|[from] item: Leftovers
|turn|15
|c| Cosine180|,,
|
|move|p2a: Manaphy|Rain Dance|p2a: Manaphy
|-weather|RainDance
|move|p1a: Chansey|Stealth Rock|p2a: Manaphy
|-sidestart|p2: ben69|move: Stealth Rock
|
|-weather|RainDance|[upkeep]
|-heal|p2a: Manaphy|360\/361|[from] item: Leftovers
|turn|16
|
|switch|p1a: Gothitelle|Gothitelle, F|301\/301
|-damage|p1a: Gothitelle|264\/301|[from] Stealth Rock
|move|p2a: Manaphy|U-turn|p1a: Gothitelle
|-supereffective|p1a: Gothitelle
|-damage|p1a: Gothitelle|156\/301
|
|switch|p2a: Rotom-Wash|Rotom-Wash|242\/242
|-damage|p2a: Rotom-Wash|212\/242|[from] Stealth Rock
|
|-weather|RainDance|[upkeep]
|turn|17
|leave|Reverb
|player|p1
|c| Hashtag Hungryâ¥|lol what?
|join|Legolax909
|c| Aruseus|he dc'ed
|leave|Cosine180
|c| Hashtag Hungryâ¥|room voice me
|c| Hashtag Hungryâ¥|to play
|-message|reverb lost due to inactivity.
|
|win|ben69
|raw|Ladder updating...
|raw|Reverb's rating: 1713 &rarr; <strong>1693<\/strong><br \/>(-20 for losing)
|raw|ben69's rating: 1717 &rarr; <strong>1737<\/strong><br \/>(+20 for winning)
|join|Reverb
|c|âReverb|fuck
|leave|CatchThisDead
|leave|Escavalier
|leave|Reverb
|leave|Hashtag Hungryâ¥
|leave|Legolax909
|join|Hashtag Hungryâ¥
|leave|Ebinola
|leave|CleanerThanRotom-W
|leave|Hashtag Hungryâ¥
|leave|Aruseus
|leave|Bloodz
|leave|I Iike Squirtles
|join|I'm Bi...sharp
|leave|I'm Bi...sharp