|join|LegendTeam X
|join|RedKingAlmighty
|player|p1|LegendTeam X|70
|player|p2|RedKingAlmighty|154
|gametype|singles
|gen|6
|tier|OU
|rated
|clearpoke
|poke|p1|Metagross, shiny
|poke|p1|Alakazam, M
|poke|p1|Sylveon, M
|poke|p1|Heracross, M
|poke|p1|Meloetta
|poke|p1|Clefable, M
|poke|p2|Charizard, M
|poke|p2|Ferrothorn, F
|poke|p2|Azumarill, F
|poke|p2|Hippowdon, F
|poke|p2|Zapdos
|poke|p2|Tentacruel, F
|rule|Swagger Clause: Swagger is banned
|rule|Baton Pass Clause: Limit one PokÃ©mon knowing Baton Pass
|rule|Sleep Clause Mod: Limit one foe put to sleep
|rule|Species Clause: Limit one of each PokÃ©mon
|rule|OHKO Clause: OHKO moves are banned
|rule|Moody Clause: Moody is banned
|rule|Evasion Moves Clause: Evasion moves are banned
|rule|Endless Battle Clause: Forcing endless battles is banned
|rule|HP Percentage Mod: HP is shown in percentages
|teampreview
|join|UrsaReign
|
|start
|switch|p1a: Clefable|Clefable, M|331\/331
|switch|p2a: Azumarill|Azumarill, F|381\/381
|turn|1
|
|move|p1a: Clefable|Thunderbolt|p2a: Azumarill
|-supereffective|p2a: Azumarill
|-damage|p2a: Azumarill|74\/381
|move|p2a: Azumarill|Waterfall|p1a: Clefable
|-damage|p1a: Clefable|6\/331
|
|turn|2
|
|switch|p2a: Ferrothorn|Ferrothorn, F|352\/352
|move|p1a: Clefable|Thunderbolt|p2a: Ferrothorn
|-crit|p2a: Ferrothorn
|-resisted|p2a: Ferrothorn
|-damage|p2a: Ferrothorn|284\/352
|
|-heal|p2a: Ferrothorn|306\/352|[from] item: Leftovers
|turn|3
|
|switch|p2a: Charizard|Charizard, M|333\/333
|move|p1a: Clefable|Flamethrower|p2a: Charizard
|-resisted|p2a: Charizard
|-damage|p2a: Charizard|260\/333
|
|turn|4
|
|detailschange|p2a: Charizard|Charizard-Mega-X, M
|message|Charizard has Mega Evolved into Mega Charizard!
|move|p2a: Charizard|Dragon Dance|p2a: Charizard
|-boost|p2a: Charizard|atk|1
|-boost|p2a: Charizard|spe|1
|move|p1a: Clefable|Thunderbolt|p2a: Charizard
|-resisted|p2a: Charizard
|-damage|p2a: Charizard|194\/333
|
|turn|5
|
|move|p2a: Charizard|Dragon Dance|p2a: Charizard
|-boost|p2a: Charizard|atk|1
|-boost|p2a: Charizard|spe|1
|move|p1a: Clefable|Moonblast|p2a: Charizard
|-damage|p2a: Charizard|0 fnt
|faint|p2a: Charizard
|
|c| UrsaReign|is that a life orb clefable
|c|âRedKingAlmighty|wtf
|c|âRedKingAlmighty|how did that kill?
|join|Venancio12
|c|âLegendTeam X|:)
|c|âRedKingAlmighty|252+ SpA Life Orb Clefable Moonblast vs. 144 HP \/ 252 SpD Mega Charizard X: 157-187 (47.1 - 56.1%) -- 81.6% chance to 2HKO
|c|âRedKingAlmighty|i a little less sp def
|c|âRedKingAlmighty|so thats literally max roll
|c| Venancio12|but that isnt life orb
|c|âRedKingAlmighty|all you have is luck.
|
|switch|p2a: Azumarill|Azumarill, F|74\/381
|turn|6
|
|move|p2a: Azumarill|Aqua Jet|p1a: Clefable
|-damage|p1a: Clefable|0 fnt
|faint|p1a: Clefable
|
|c| UrsaReign|it is venancio
|c| UrsaReign|it is
|
|switch|p1a: Heracross|Heracross, M|302\/302
|turn|7
|
|move|p2a: Azumarill|Aqua Jet|p1a: Heracross
|-damage|p1a: Heracross|139\/302
|move|p1a: Heracross|Megahorn|p2a: Azumarill
|-resisted|p2a: Azumarill
|-damage|p2a: Azumarill|0 fnt
|faint|p2a: Azumarill
|-boost|p1a: Heracross|atk|1|[from] ability: Moxie
|
|
|switch|p2a: Zapdos|Zapdos|384\/384
|-ability|p2a: Zapdos|Pressure
|turn|8
|
|move|p1a: Heracross|Megahorn|p2a: Zapdos
|-resisted|p2a: Zapdos
|-damage|p2a: Zapdos|222\/384
|move|p2a: Zapdos|Thunderbolt|p1a: Heracross
|-damage|p1a: Heracross|13\/302
|-status|p1a: Heracross|par
|
|-heal|p2a: Zapdos|246\/384|[from] item: Leftovers
|turn|9
|
|move|p2a: Zapdos|Thunderbolt|p1a: Heracross
|-damage|p1a: Heracross|0 fnt
|faint|p1a: Heracross
|
|-heal|p2a: Zapdos|270\/384|[from] item: Leftovers
|c| Venancio12|the "XXX lost health" dont shows if you enter after?
|
|switch|p1a: Alakazam|Alakazam, M|252\/252
|turn|10
|
|move|p1a: Alakazam|Psychic|p2a: Zapdos
|-damage|p2a: Zapdos|43\/384
|move|p2a: Zapdos|Roost|p2a: Zapdos
|-heal|p2a: Zapdos|235\/384
|
|-heal|p2a: Zapdos|259\/384|[from] item: Leftovers
|turn|11
|c| UrsaReign|magic guard my nigga
|
|switch|p2a: Ferrothorn|Ferrothorn, F|306\/352
|move|p1a: Alakazam|Psychic|p2a: Ferrothorn
|-resisted|p2a: Ferrothorn
|-damage|p2a: Ferrothorn|228\/352
|
|-heal|p2a: Ferrothorn|250\/352|[from] item: Leftovers
|turn|12
|
|move|p1a: Alakazam|Focus Blast|p2a: Ferrothorn
|-supereffective|p2a: Ferrothorn
|-damage|p2a: Ferrothorn|0 fnt
|faint|p2a: Ferrothorn
|
|c| Venancio12|didnt know that
|
|switch|p2a: Zapdos|Zapdos|259\/384
|-ability|p2a: Zapdos|Pressure
|turn|13
|c| Venancio12|nice combo actually
|c|âRedKingAlmighty|ofc it hits
|
|move|p1a: Alakazam|Psychic|p2a: Zapdos
|-damage|p2a: Zapdos|55\/384
|move|p2a: Zapdos|Thunderbolt|p1a: Alakazam
|-damage|p1a: Alakazam|128\/252
|
|-heal|p2a: Zapdos|79\/384|[from] item: Leftovers
|turn|14
|
|move|p1a: Alakazam|Psychic|p2a: Zapdos
|-damage|p2a: Zapdos|0 fnt
|faint|p2a: Zapdos
|
|
|switch|p2a: Hippowdon|Hippowdon, F|420\/420
|-weather|Sandstorm
|turn|15
|
|move|p1a: Alakazam|Psychic|p2a: Hippowdon
|-damage|p2a: Hippowdon|85\/420
|move|p2a: Hippowdon|Earthquake|p1a: Alakazam
|-damage|p1a: Alakazam|0 fnt
|faint|p1a: Alakazam
|
|-weather|Sandstorm|[upkeep]
|-heal|p2a: Hippowdon|111\/420|[from] item: Leftovers
|
|switch|p1a: Sylveon|Sylveon, M|337\/337
|turn|16
|
|switch|p2a: Tentacruel|Tentacruel, F|364\/364
|move|p1a: Sylveon|Echoed Voice|p2a: Tentacruel
|-crit|p2a: Tentacruel
|-resisted|p2a: Tentacruel
|-damage|p2a: Tentacruel|299\/364
|
|-weather|Sandstorm|[upkeep]
|-damage|p2a: Tentacruel|277\/364|[from] sandstorm
|-damage|p1a: Sylveon|316\/337|[from] sandstorm
|-heal|p2a: Tentacruel|299\/364|[from] item: Black Sludge
|turn|17
|c|âRedKingAlmighty|????
|
|move|p2a: Tentacruel|Acid Spray|p1a: Sylveon
|-supereffective|p1a: Sylveon
|-damage|p1a: Sylveon|260\/337
|-unboost|p1a: Sylveon|spd|2
|move|p1a: Sylveon|Echoed Voice|p2a: Tentacruel
|-resisted|p2a: Tentacruel
|-damage|p2a: Tentacruel|219\/364
|
|-weather|Sandstorm|[upkeep]
|-damage|p2a: Tentacruel|197\/364|[from] sandstorm
|-damage|p1a: Sylveon|239\/337|[from] sandstorm
|-heal|p2a: Tentacruel|219\/364|[from] item: Black Sludge
|turn|18
|c|âRedKingAlmighty|wtf is echoed voice?
|
|move|p2a: Tentacruel|Acid Spray|p1a: Sylveon
|-supereffective|p1a: Sylveon
|-damage|p1a: Sylveon|125\/337
|-unboost|p1a: Sylveon|spd|2
|move|p1a: Sylveon|Echoed Voice|p2a: Tentacruel
|-resisted|p2a: Tentacruel
|-damage|p2a: Tentacruel|87\/364
|
|-weather|Sandstorm|[upkeep]
|-damage|p2a: Tentacruel|65\/364|[from] sandstorm
|-damage|p1a: Sylveon|104\/337|[from] sandstorm
|-heal|p2a: Tentacruel|87\/364|[from] item: Black Sludge
|turn|19
|
|move|p2a: Tentacruel|Acid Spray|p1a: Sylveon
|-supereffective|p1a: Sylveon
|-damage|p1a: Sylveon|0 fnt
|faint|p1a: Sylveon
|
|-weather|none
|-heal|p2a: Tentacruel|109\/364|[from] item: Black Sludge
|
|switch|p1a: Meloetta|Meloetta|404\/404
|turn|20
|c| Venancio12|2x more BP after each use, i think
|
|move|p2a: Tentacruel|Knock Off|p1a: Meloetta
|-supereffective|p1a: Meloetta
|-damage|p1a: Meloetta|278\/404
|-enditem|p1a: Meloetta|Choice Specs|[from] move: Knock Off|[of] p2a: Tentacruel
|move|p1a: Meloetta|Psychic|p2a: Tentacruel
|-supereffective|p2a: Tentacruel
|-damage|p2a: Tentacruel|0 fnt
|faint|p2a: Tentacruel
|
|
|switch|p2a: Hippowdon|Hippowdon, F|111\/420
|-weather|Sandstorm
|turn|21
|c|âLegendTeam X|gg
|
|move|p1a: Meloetta|Psychic|p2a: Hippowdon
|-damage|p2a: Hippowdon|0 fnt
|faint|p2a: Hippowdon
|
|win|LegendTeam X
|raw|Ladder updating...
|c|âRedKingAlmighty|its not a good game if you win by hax.
|leave|RedKingAlmighty
|player|p2
|c| Venancio12|think is +40 BP each game
|c| Venancio12|each attack*
|raw|LegendTeam X's rating: 1414 &rarr; <strong>1433<\/strong><br \/>(+19 for winning)
|raw|RedKingAlmighty's rating: 1393 &rarr; <strong>1374<\/strong><br \/>(-19 for losing)
|leave|UrsaReign
|c|âLegendTeam X|bad looser