|join|RedKingAlmighty
|join|Kylizzle
|player|p1|RedKingAlmighty|154
|player|p2|Kylizzle|179
|gametype|singles
|gen|6
|tier|OU
|clearpoke
|poke|p1|Landorus, M
|poke|p1|Tyranitar, M
|poke|p1|Venusaur, M
|poke|p1|Slowbro, F
|poke|p1|Jirachi
|poke|p1|Latios, M
|poke|p2|Ferrothorn, F
|poke|p2|Charizard, M, shiny
|poke|p2|Azumarill, M
|poke|p2|Clefable, F
|poke|p2|Latias, F
|poke|p2|Landorus-Therian, M, shiny
|rule|Swagger Clause: Swagger is banned
|rule|Baton Pass Clause: Limit one PokÃ©mon knowing Baton Pass
|rule|Sleep Clause Mod: Limit one foe put to sleep
|rule|Species Clause: Limit one of each PokÃ©mon
|rule|OHKO Clause: OHKO moves are banned
|rule|Moody Clause: Moody is banned
|rule|Evasion Moves Clause: Evasion moves are banned
|rule|Endless Battle Clause: Forcing endless battles is banned
|rule|HP Percentage Mod: HP is shown in percentages
|teampreview
|c|âKylizzle|glhf.
|
|start
|switch|p1a: Venusaur|Venusaur, M|364\/364
|switch|p2a: Dragon of the West|Charizard, M, shiny|297\/297
|turn|1
|
|switch|p1a: Slowbro|Slowbro, F|394\/394
|detailschange|p2a: Dragon of the West|Charizard-Mega-Y, M, shiny
|message|Charizard has Mega Evolved into Mega Charizard!
|-weather|SunnyDay
|move|p2a: Dragon of the West|Fire Blast|p1a: Slowbro
|-resisted|p1a: Slowbro
|-damage|p1a: Slowbro|193\/394
|
|-weather|SunnyDay|[upkeep]
|-heal|p1a: Slowbro|217\/394|[from] item: Leftovers
|turn|2
|join|Tripletric
|c|âRedKingAlmighty|oh shit
|
|switch|p1a: Tyranitar|Tyranitar, M|341\/341
|-weather|Sandstorm
|move|p2a: Dragon of the West|Fire Blast|p1a: Tyranitar
|-resisted|p1a: Tyranitar
|-damage|p1a: Tyranitar|256\/341
|
|-weather|Sandstorm|[upkeep]
|-damage|p2a: Dragon of the West|279\/297|[from] sandstorm
|turn|3
|
|move|p1a: Tyranitar|Stone Edge|p2a: Dragon of the West
|-supereffective|p2a: Dragon of the West
|-damage|p2a: Dragon of the West|0 fnt
|faint|p2a: Dragon of the West
|
|-weather|Sandstorm|[upkeep]
|
|switch|p2a: Landorus-Therian|Landorus-Therian, M, shiny|320\/320
|-ability|p2a: Landorus-Therian|Intimidate|[of] p1a: Tyranitar
|-unboost|p1a: Tyranitar|atk|1
|turn|4
|c| Tripletric|scarf
|c|âRedKingAlmighty|yeh
|c|âRedKingAlmighty|very useful
|
|switch|p1a: Slowbro|Slowbro, F|348\/394
|move|p2a: Landorus-Therian|Knock Off|p1a: Slowbro
|-supereffective|p1a: Slowbro
|-damage|p1a: Slowbro|156\/394
|-enditem|p1a: Slowbro|Leftovers|[from] move: Knock Off|[of] p2a: Landorus-Therian
|
|-weather|Sandstorm|[upkeep]
|-damage|p1a: Slowbro|132\/394|[from] sandstorm
|turn|5
|c|âRedKingAlmighty|youch
|
|switch|p1a: Venusaur|Venusaur, M|364\/364
|move|p2a: Landorus-Therian|Earthquake|p1a: Venusaur
|-damage|p1a: Venusaur|133\/364
|
|-weather|Sandstorm|[upkeep]
|-damage|p1a: Venusaur|111\/364|[from] sandstorm
|turn|6
|c|âRedKingAlmighty|well i've failed on every level here
|
|switch|p1a: Jirachi|Jirachi|404\/404
|move|p2a: Landorus-Therian|Knock Off|p1a: Jirachi
|-supereffective|p1a: Jirachi
|-damage|p1a: Jirachi|146\/404
|-enditem|p1a: Jirachi|Leftovers|[from] move: Knock Off|[of] p2a: Landorus-Therian
|
|-weather|none
|turn|7
|leave|Tripletric
|join|Tripletric
|
|move|p2a: Landorus-Therian|Earthquake|p1a: Jirachi
|-supereffective|p1a: Jirachi
|-damage|p1a: Jirachi|0 fnt
|faint|p1a: Jirachi
|
|c|âRedKingAlmighty|ok
|
|switch|p1a: Tyranitar|Tyranitar, M|256\/341
|-weather|Sandstorm
|turn|8
|
|switch|p2a: Ferrothorn|Ferrothorn, F|352\/352
|move|p1a: Tyranitar|Ice Beam|p2a: Ferrothorn
|-damage|p2a: Ferrothorn|303\/352
|
|-weather|Sandstorm|[upkeep]
|-heal|p2a: Ferrothorn|325\/352|[from] item: Leftovers
|turn|9
|
|switch|p1a: Venusaur|Venusaur, M|111\/364
|move|p2a: Ferrothorn|Thunder Wave|p1a: Venusaur
|-status|p1a: Venusaur|par
|
|-weather|Sandstorm|[upkeep]
|-damage|p1a: Venusaur|89\/364 par|[from] sandstorm
|-heal|p2a: Ferrothorn|347\/352|[from] item: Leftovers
|turn|10
|
|detailschange|p1a: Venusaur|Venusaur-Mega, M
|message|Venusaur has Mega Evolved into Mega Venusaur!
|move|p1a: Venusaur|Synthesis|p1a: Venusaur
|-heal|p1a: Venusaur|180\/364 par
|move|p2a: Ferrothorn|Stealth Rock|p1a: Venusaur
|-sidestart|p1: RedKingAlmighty|move: Stealth Rock
|
|-weather|Sandstorm|[upkeep]
|-damage|p1a: Venusaur|158\/364 par|[from] sandstorm
|-heal|p2a: Ferrothorn|352\/352|[from] item: Leftovers
|turn|11
|
|switch|p2a: Latias|Latias, F|302\/302
|move|p1a: Venusaur|Synthesis|p1a: Venusaur
|-heal|p1a: Venusaur|249\/364 par
|
|-weather|Sandstorm|[upkeep]
|-damage|p2a: Latias|284\/302|[from] sandstorm
|-damage|p1a: Venusaur|227\/364 par|[from] sandstorm
|turn|12
|c|âRedKingAlmighty|this is why im torn about using ttar
|
|switch|p2a: Landorus-Therian|Landorus-Therian, M, shiny|320\/320
|-ability|p2a: Landorus-Therian|Intimidate|[of] p1a: Venusaur
|-unboost|p1a: Venusaur|atk|1
|switch|p1a: Tyranitar|Tyranitar, M|256\/341
|-damage|p1a: Tyranitar|214\/341|[from] Stealth Rock
|
|-weather|none
|turn|13
|
|move|p1a: Tyranitar|Stone Edge|p2a: Landorus-Therian|[miss]
|-miss|p1a: Tyranitar|p2a: Landorus-Therian
|move|p2a: Landorus-Therian|Earthquake|p1a: Tyranitar
|-supereffective|p1a: Tyranitar
|-damage|p1a: Tyranitar|0 fnt
|faint|p1a: Tyranitar
|
|c|âRedKingAlmighty|ugh
|
|switch|p1a: Latios|Latios, M|301\/301
|-damage|p1a: Latios|264\/301|[from] Stealth Rock
|turn|14
|c| Tripletric|Kylizzle: guys i need evidence that this guy will quit if he's losing please support me http:\/\/play.pokemonshowdown.com\/battle-ou-187847243
|
|move|p1a: Latios|Draco Meteor|p2a: Landorus-Therian
|-damage|p2a: Landorus-Therian|74\/320
|-unboost|p1a: Latios|spa|2
|-damage|p1a: Latios|234\/301|[from] item: Life Orb
|move|p2a: Landorus-Therian|Knock Off|p1a: Latios
|-supereffective|p1a: Latios
|-damage|p1a: Latios|0 fnt
|-enditem|p1a: Latios|Life Orb|[from] move: Knock Off|[of] p2a: Landorus-Therian
|faint|p1a: Latios
|
|c| Tripletric|XD
|
|switch|p1a: Venusaur|Venusaur-Mega, M|227\/364 par
|-damage|p1a: Venusaur|182\/364 par|[from] Stealth Rock
|turn|15
|
|move|p2a: Landorus-Therian|Earthquake|p1a: Venusaur
|-damage|p1a: Venusaur|26\/364 par
|move|p1a: Venusaur|Synthesis|p1a: Venusaur
|-heal|p1a: Venusaur|208\/364 par
|
|turn|16
|c|âKylizzle|omg.
|
|move|p2a: Landorus-Therian|U-turn|p1a: Venusaur
|-damage|p1a: Venusaur|129\/364 par
|c|âKylizzle|>:(
|
|switch|p2a: Latias|Latias, F|284\/302
|cant|p1a: Venusaur|par
|
|turn|17
|c|âKylizzle|ty.
|c|âRedKingAlmighty|._.
|
|move|p2a: Latias|Psyshock|p1a: Venusaur
|-supereffective|p1a: Venusaur
|-damage|p1a: Venusaur|0 fnt
|-damage|p2a: Latias|254\/302|[from] item: Life Orb
|faint|p1a: Venusaur
|
|-message|RedKingAlmighty forfeited.
|
|win|Kylizzle
|c| Tripletric|will u forfeit if u are losing
|leave|RedKingAlmighty
|player|p1
|c| Tripletric|lol
|c|âKylizzle|was i right?
|join|Vogas
|c| Tripletric|no
|c|âKylizzle|He didn't forfeit?
|c| Tripletric|he was winning
|leave|Vogas
|c|âKylizzle|Was he?
|c|âKylizzle|How.
|c| Tripletric|lol
|c| Tripletric|jk'
|c|âKylizzle|-_-
|c| Tripletric|u are right
|raw|<div class="broadcast-red"><b>Moderated chat was set to +!<\/b><br \/>Only users of rank + and higher can talk.<\/div>