|join|RedKingAlmighty
|join|ScarecrowVGF
|player|p1|RedKingAlmighty|154
|player|p2|ScarecrowVGF|273
|gametype|singles
|gen|6
|tier|OU
|clearpoke
|poke|p1|Charizard, M
|poke|p1|Diggersby, M
|poke|p1|Slowbro, M
|poke|p1|Ferrothorn, F
|poke|p1|Latios, M
|poke|p1|Raikou
|poke|p2|Latias, F
|poke|p2|Magnezone
|poke|p2|Conkeldurr, F
|poke|p2|Landorus-Therian, M
|poke|p2|Tyranitar, F
|poke|p2|Latios, M
|rule|Swagger Clause: Swagger is banned
|rule|Baton Pass Clause: Limit one PokÃ©mon knowing Baton Pass
|rule|Sleep Clause Mod: Limit one foe put to sleep
|rule|Species Clause: Limit one of each PokÃ©mon
|rule|OHKO Clause: OHKO moves are banned
|rule|Moody Clause: Moody is banned
|rule|Evasion Moves Clause: Evasion moves are banned
|rule|Endless Battle Clause: Forcing endless battles is banned
|rule|HP Percentage Mod: HP is shown in percentages
|teampreview
|join|Ace Trainer Apollo
|join|RS Meth
|c|âScarecrowVGF|gl hf
|c| RS Meth|nig nog
|c|âRedKingAlmighty|u2
|
|start
|switch|p1a: Ferrothorn|Ferrothorn, F|352\/352
|switch|p2a: Magnezone|Magnezone|281\/281
|turn|1
|join|theFlyingStork
|c| RS Meth|don't blow it
|c|âRedKingAlmighty|whelp
|join|Kevin Zuniga
|c|âRedKingAlmighty|rofl
|
|move|p2a: Magnezone|Hidden Power|p1a: Ferrothorn
|-supereffective|p1a: Ferrothorn
|-damage|p1a: Ferrothorn|168\/352
|move|p1a: Ferrothorn|Leech Seed|p2a: Magnezone
|-start|p2a: Magnezone|move: Leech Seed
|
|-heal|p1a: Ferrothorn|190\/352|[from] item: Leftovers
|-damage|p2a: Magnezone|246\/281|[from] Leech Seed|[of] p1a: Ferrothorn
|-heal|p1a: Ferrothorn|225\/352|[silent]
|turn|2
|c|âScarecrowVGF|tank it
|leave|theFlyingStork
|c| RS Meth|nice and living
|c| Kevin Zuniga|10 protects in a row
|
|move|p1a: Ferrothorn|Protect|p1a: Ferrothorn
|-singleturn|p1a: Ferrothorn|Protect
|move|p2a: Magnezone|Hidden Power|p1a: Ferrothorn
|-activate|p1a: Ferrothorn|Protect
|
|-heal|p1a: Ferrothorn|247\/352|[from] item: Leftovers
|-damage|p2a: Magnezone|211\/281|[from] Leech Seed|[of] p1a: Ferrothorn
|-heal|p1a: Ferrothorn|282\/352|[silent]
|turn|3
|c| RS Meth|suck it zone
|join|w1n5t0n
|
|switch|p2a: Landorus-Therian|Landorus-Therian, M|382\/382
|-ability|p2a: Landorus-Therian|Intimidate|[of] p1a: Ferrothorn
|-unboost|p1a: Ferrothorn|atk|1
|move|p1a: Ferrothorn|Stealth Rock|p2a: Landorus-Therian
|-sidestart|p2: ScarecrowVGF|move: Stealth Rock
|
|-heal|p1a: Ferrothorn|304\/352|[from] item: Leftovers
|turn|4
|c|âRedKingAlmighty|._.
|
|move|p2a: Landorus-Therian|Stealth Rock|p1a: Ferrothorn
|-sidestart|p1: RedKingAlmighty|move: Stealth Rock
|move|p1a: Ferrothorn|Leech Seed|p2a: Landorus-Therian
|-start|p2a: Landorus-Therian|move: Leech Seed
|
|-heal|p1a: Ferrothorn|326\/352|[from] item: Leftovers
|-damage|p2a: Landorus-Therian|335\/382|[from] Leech Seed|[of] p1a: Ferrothorn
|-heal|p1a: Ferrothorn|352\/352|[silent]
|turn|5
|c| RS Meth|club can't even handle him rn
|
|switch|p2a: Magnezone|Magnezone|211\/281
|-damage|p2a: Magnezone|194\/281|[from] Stealth Rock
|switch|p1a: Raikou|Raikou|321\/321
|-damage|p1a: Raikou|281\/321|[from] Stealth Rock
|-ability|p1a: Raikou|Pressure
|
|turn|6
|c| RS Meth|not the magnebitch
|
|switch|p2a: Conkeldurr|Conkeldurr, F|414\/414
|-damage|p2a: Conkeldurr|389\/414|[from] Stealth Rock
|move|p1a: Raikou|Volt Switch|p2a: Conkeldurr
|-damage|p2a: Conkeldurr|233\/414
|c|âScarecrowVGF|wow my team huge ice weakness lol
|
|switch|p1a: Latios|Latios, M|302\/302
|-damage|p1a: Latios|265\/302|[from] Stealth Rock
|
|-status|p2a: Conkeldurr|brn|[from] item: Flame Orb
|turn|7
|
|switch|p2a: Tyranitar|Tyranitar, F|404\/404
|-damage|p2a: Tyranitar|354\/404|[from] Stealth Rock
|-weather|Sandstorm
|move|p1a: Latios|Draco Meteor|p2a: Tyranitar
|-damage|p2a: Tyranitar|202\/404
|-unboost|p1a: Latios|spa|2
|-damage|p1a: Latios|235\/302|[from] item: Life Orb
|
|-weather|Sandstorm|[upkeep]
|-damage|p1a: Latios|217\/302|[from] sandstorm
|turn|8
|
|move|p2a: Tyranitar|Pursuit|p1a: Latios|[from]Pursuit
|-supereffective|p1a: Latios
|-damage|p1a: Latios|0 fnt
|faint|p1a: Latios
|
|-weather|Sandstorm|[upkeep]
|c| RS Meth|I never liked the idea of using an orb for guts conkeldurr
|c|âRedKingAlmighty|woah
|c|âRedKingAlmighty|double trappers
|
|switch|p1a: Diggersby Tho|Diggersby, M|311\/311
|-damage|p1a: Diggersby Tho|292\/311|[from] Stealth Rock
|turn|9
|
|switch|p2a: Landorus-Therian|Landorus-Therian, M|335\/382
|-damage|p2a: Landorus-Therian|288\/382|[from] Stealth Rock
|-ability|p2a: Landorus-Therian|Intimidate|[of] p1a: Diggersby Tho
|-unboost|p1a: Diggersby Tho|atk|1
|move|p1a: Diggersby Tho|Return|p2a: Landorus-Therian
|-damage|p2a: Landorus-Therian|132\/382
|-damage|p1a: Diggersby Tho|261\/311|[from] item: Life Orb
|
|-weather|Sandstorm|[upkeep]
|-heal|p2a: Landorus-Therian|155\/382|[from] item: Leftovers
|turn|10
|
|move|p2a: Landorus-Therian|Protect|p2a: Landorus-Therian
|-singleturn|p2a: Landorus-Therian|Protect
|move|p1a: Diggersby Tho|Swords Dance|p1a: Diggersby Tho
|-boost|p1a: Diggersby Tho|atk|2
|
|-weather|Sandstorm|[upkeep]
|-heal|p2a: Landorus-Therian|178\/382|[from] item: Leftovers
|turn|11
|c| RS Meth|it's such a status lure if you don't status it already so why use an orb?
|c|âScarecrowVGF|fuk
|c| RS Meth|noice
|c|âRedKingAlmighty|git rekt
|
|move|p1a: Diggersby Tho|Return|p2a: Landorus-Therian
|-damage|p2a: Landorus-Therian|0 fnt
|-damage|p1a: Diggersby Tho|230\/311|[from] item: Life Orb
|faint|p2a: Landorus-Therian
|
|-weather|none
|
|switch|p2a: Latios|Latios, M|302\/302
|-damage|p2a: Latios|265\/302|[from] Stealth Rock
|turn|12
|c| RS Meth|he came in like a shrekkin ball
|join|azogue
|c| Ace Trainer Apollo|that lovely diggerby
|
|switch|p1a: Raikou|Raikou|281\/321
|-damage|p1a: Raikou|241\/321|[from] Stealth Rock
|-ability|p1a: Raikou|Pressure
|detailschange|p2a: Latios|Latios-Mega, M
|message|Latios has Mega Evolved into Mega Latios!
|move|p2a: Latios|Draco Meteor|p1a: Raikou
|-damage|p1a: Raikou|72\/321
|-unboost|p2a: Latios|spa|2
|
|turn|13
|
|move|p1a: Raikou|Hidden Power|p2a: Latios
|-supereffective|p2a: Latios
|-damage|p2a: Latios|147\/302
|move|p2a: Latios|Draco Meteor|p1a: Raikou
|-damage|p1a: Raikou|0 fnt
|-unboost|p2a: Latios|spa|2
|faint|p1a: Raikou
|
|c| Ace Trainer Apollo|ladies love the rabbit
|c| RS Meth|ewww
|leave|azogue
|c|âRedKingAlmighty|gg
|
|switch|p1a: Charizard|Charizard, M|333\/333
|-damage|p1a: Charizard|167\/333|[from] Stealth Rock
|turn|14
|
|move|p2a: Latios|Draco Meteor|p1a: Charizard
|-damage|p1a: Charizard|55\/333
|-unboost|p2a: Latios|spa|2
|move|p1a: Charizard|Dragon Dance|p1a: Charizard
|-boost|p1a: Charizard|atk|1
|-boost|p1a: Charizard|spe|1
|
|turn|15
|c| RS Meth|defog now
|c|âScarecrowVGF|lmao watch this
|c|âScarecrowVGF|lolollo
|c|âScarecrowVGF|gg
|c| RS Meth|bruh
|c|âRedKingAlmighty|lol nope
|
|switch|p2a: Tyranitar|Tyranitar, F|202\/404
|-damage|p2a: Tyranitar|152\/404|[from] Stealth Rock
|-weather|Sandstorm
|move|p1a: Charizard|Roost|p1a: Charizard
|-heal|p1a: Charizard|222\/333
|
|-weather|Sandstorm|[upkeep]
|-damage|p1a: Charizard|202\/333|[from] sandstorm
|turn|16
|c| RS Meth|NOICE
|
|detailschange|p1a: Charizard|Charizard-Mega-X, M
|message|Charizard has Mega Evolved into Mega Charizard!
|move|p1a: Charizard|Dragon Claw|p2a: Tyranitar
|-damage|p2a: Tyranitar|0 fnt
|faint|p2a: Tyranitar
|
|-weather|Sandstorm|[upkeep]
|-damage|p1a: Charizard|182\/333|[from] sandstorm
|
|switch|p2a: Latios|Latios-Mega, M|147\/302
|-damage|p2a: Latios|110\/302|[from] Stealth Rock
|turn|17
|
|switch|p2a: Magnezone|Magnezone|194\/281
|-damage|p2a: Magnezone|177\/281|[from] Stealth Rock
|move|p1a: Charizard|Dragon Claw|p2a: Magnezone
|-resisted|p2a: Magnezone
|-damage|p2a: Magnezone|40\/281
|
|-weather|Sandstorm|[upkeep]
|-damage|p1a: Charizard|162\/333|[from] sandstorm
|turn|18
|c|âScarecrowVGF|double
|c| RS Meth|cam in liek a keking bull
|
|move|p1a: Charizard|Roost|p1a: Charizard
|-heal|p1a: Charizard|329\/333
|move|p2a: Magnezone|Thunderbolt|p1a: Charizard
|-resisted|p1a: Charizard
|-damage|p1a: Charizard|242\/333
|-status|p1a: Charizard|par
|
|-weather|Sandstorm|[upkeep]
|-damage|p1a: Charizard|222\/333 par|[from] sandstorm
|turn|19
|c|âScarecrowVGF|wooooooow
|c| RS Meth|all dclaw all day
|c|âRedKingAlmighty|wow
|c| RS Meth|dammit
|c|âScarecrowVGF|fuk hax sorry
|
|move|p2a: Magnezone|Thunderbolt|p1a: Charizard
|-resisted|p1a: Charizard
|-damage|p1a: Charizard|138\/333 par
|cant|p1a: Charizard|par
|
|-weather|none
|turn|20
|c|âRedKingAlmighty|dude
|c|âRedKingAlmighty|i can't even
|c| RS Meth|yeh you're fucked
|c|âRedKingAlmighty|this is like
|c|âRedKingAlmighty|the 4th time today
|c|âRedKingAlmighty|i lose to garbage
|c| w1n5t0n|HAX
|c|âRedKingAlmighty|b\/c of hax
|c|âScarecrowVGF|get rekt m8 g8 b8 i r8 8\/8
|c|âScarecrowVGF|wow thanks
|c|âRedKingAlmighty|meh
|c|âScarecrowVGF|u too
|c|âScarecrowVGF|great team too
|c|âRedKingAlmighty|your team has very little synergy
|join|Ill leave
|c| Ace Trainer Apollo|those feels
|c|âScarecrowVGF|I just made it fgt lol
|c|âRedKingAlmighty|whoopdidoo
|c|âScarecrowVGF|just play
|c|âRedKingAlmighty|even when i pull teams out of my ass i don't use dual lati@
|c|âScarecrowVGF|;)
|
|switch|p1a: Diggersby Tho|Diggersby, M|230\/311
|-damage|p1a: Diggersby Tho|211\/311|[from] Stealth Rock
|move|p2a: Magnezone|Thunderbolt|p1a: Diggersby Tho
|-immune|p1a: Diggersby Tho|[msg]
|
|turn|21
|
|switch|p2a: Conkeldurr|Conkeldurr, F|233\/414 brn
|-damage|p2a: Conkeldurr|208\/414 brn|[from] Stealth Rock
|move|p1a: Diggersby Tho|Swords Dance|p1a: Diggersby Tho
|-boost|p1a: Diggersby Tho|atk|2
|
|-damage|p2a: Conkeldurr|157\/414 brn|[from] brn
|turn|22
|c| RS Meth|noice tho
|
|move|p1a: Diggersby Tho|Quick Attack|p2a: Conkeldurr
|-damage|p2a: Conkeldurr|0 fnt
|-damage|p1a: Diggersby Tho|180\/311|[from] item: Life Orb
|faint|p2a: Conkeldurr
|
|c|âRedKingAlmighty|i still got this
|c| RS Meth|mebbe
|c| Ace Trainer Apollo|that a boy
|
|switch|p2a: Latios|Latios-Mega, M|110\/302
|-damage|p2a: Latios|73\/302|[from] Stealth Rock
|turn|23
|c|âRedKingAlmighty|its iffe
|c|âRedKingAlmighty|no i got it
|c| RS Meth|~~boy~~ MANE
|c| Ace Trainer Apollo|that man
|c| RS Meth|free gucci
|c| Ace Trainer Apollo|bringing back diggery through the light of redemption
|c|âRedKingAlmighty|sweg, yolo.
|c| RS Meth|just click QA you bitch
|c|âRedKingAlmighty|i went
|c| RS Meth|click draco you bitch
|c| RS Meth|or tbolt
|c| Ace Trainer Apollo|i think someones choking
|c|âScarecrowVGF|lol bad net sorry
|c| RS Meth|too much salt? Kappa
|c|âRedKingAlmighty|what i need to do is keep my head calm when hax happens
|leave|Ill leave
|
|switch|p2a: Magnezone|Magnezone|40\/281
|-damage|p2a: Magnezone|23\/281|[from] Stealth Rock
|move|p1a: Diggersby Tho|Quick Attack|p2a: Magnezone
|-resisted|p2a: Magnezone
|-damage|p2a: Magnezone|0 fnt
|-damage|p1a: Diggersby Tho|149\/311|[from] item: Life Orb
|faint|p2a: Magnezone
|
|
|switch|p2a: Latias|Latias, F|363\/363
|-damage|p2a: Latias|318\/363|[from] Stealth Rock
|turn|24
|
|switch|p1a: Ferrothorn|Ferrothorn, F|352\/352
|-damage|p1a: Ferrothorn|330\/352|[from] Stealth Rock
|move|p2a: Latias|Dragon Pulse|p1a: Ferrothorn
|-resisted|p1a: Ferrothorn
|-damage|p1a: Ferrothorn|283\/352
|
|-heal|p2a: Latias|340\/363|[from] item: Leftovers
|-heal|p1a: Ferrothorn|305\/352|[from] item: Leftovers
|turn|25
|c| RS Meth|now or never bruh
|
|move|p2a: Latias|Substitute|p2a: Latias
|-start|p2a: Latias|Substitute
|-damage|p2a: Latias|250\/363
|move|p1a: Ferrothorn|Leech Seed|p2a: Latias
|
|-heal|p2a: Latias|272\/363|[from] item: Leftovers
|-heal|p1a: Ferrothorn|327\/352|[from] item: Leftovers
|turn|26
|c|âRedKingAlmighty|lol
|c| RS Meth|focus punch time
|
|move|p2a: Latias|Calm Mind|p2a: Latias
|-boost|p2a: Latias|spa|1
|-boost|p2a: Latias|spd|1
|move|p1a: Ferrothorn|Gyro Ball|p2a: Latias
|-end|p2a: Latias|Substitute
|
|-heal|p2a: Latias|294\/363|[from] item: Leftovers
|-heal|p1a: Ferrothorn|349\/352|[from] item: Leftovers
|turn|27
|
|move|p2a: Latias|Substitute|p2a: Latias
|-start|p2a: Latias|Substitute
|-damage|p2a: Latias|204\/363
|move|p1a: Ferrothorn|Gyro Ball|p2a: Latias
|-end|p2a: Latias|Substitute
|
|-heal|p2a: Latias|226\/363|[from] item: Leftovers
|-heal|p1a: Ferrothorn|352\/352|[from] item: Leftovers
|turn|28
|
|move|p2a: Latias|Substitute|p2a: Latias
|-start|p2a: Latias|Substitute
|-damage|p2a: Latias|136\/363
|move|p1a: Ferrothorn|Gyro Ball|p2a: Latias
|-end|p2a: Latias|Substitute
|
|-heal|p2a: Latias|158\/363|[from] item: Leftovers
|turn|29
|
|move|p2a: Latias|Dragon Pulse|p1a: Ferrothorn
|-resisted|p1a: Ferrothorn
|-damage|p1a: Ferrothorn|274\/352
|move|p1a: Ferrothorn|Gyro Ball|p2a: Latias
|-damage|p2a: Latias|41\/363
|
|-heal|p2a: Latias|63\/363|[from] item: Leftovers
|-heal|p1a: Ferrothorn|296\/352|[from] item: Leftovers
|turn|30
|
|move|p2a: Latias|Dragon Pulse|p1a: Ferrothorn
|-resisted|p1a: Ferrothorn
|-damage|p1a: Ferrothorn|224\/352
|move|p1a: Ferrothorn|Leech Seed|p2a: Latias
|-start|p2a: Latias|move: Leech Seed
|
|-heal|p2a: Latias|85\/363|[from] item: Leftovers
|-heal|p1a: Ferrothorn|246\/352|[from] item: Leftovers
|-damage|p2a: Latias|40\/363|[from] Leech Seed|[of] p1a: Ferrothorn
|-heal|p1a: Ferrothorn|291\/352|[silent]
|turn|31
|
|move|p1a: Ferrothorn|Protect|p1a: Ferrothorn
|-singleturn|p1a: Ferrothorn|Protect
|move|p2a: Latias|Dragon Pulse|p1a: Ferrothorn
|-activate|p1a: Ferrothorn|Protect
|
|-heal|p2a: Latias|62\/363|[from] item: Leftovers
|-heal|p1a: Ferrothorn|313\/352|[from] item: Leftovers
|-damage|p2a: Latias|17\/363|[from] Leech Seed|[of] p1a: Ferrothorn
|-heal|p1a: Ferrothorn|352\/352|[silent]
|turn|32
|c| RS Meth|ruv de smell of ogre in the morning
|
|switch|p1a: Charizard|Charizard-Mega-X, M|138\/333 par
|-damage|p1a: Charizard|55\/333 par|[from] Stealth Rock
|move|p2a: Latias|Dragon Pulse|p1a: Charizard
|-supereffective|p1a: Charizard
|-damage|p1a: Charizard|0 fnt
|faint|p1a: Charizard
|
|-heal|p2a: Latias|39\/363|[from] item: Leftovers
|c| RS Meth|smells like...ass cancer
|c|âRedKingAlmighty|fuck zard
|c|âRedKingAlmighty|for getting para'd
|
|switch|p1a: Diggersby Tho|Diggersby, M|149\/311
|-damage|p1a: Diggersby Tho|130\/311|[from] Stealth Rock
|turn|33
|
|move|p1a: Diggersby Tho|Quick Attack|p2a: Latias
|-damage|p2a: Latias|0 fnt
|-damage|p1a: Diggersby Tho|99\/311|[from] item: Life Orb
|faint|p2a: Latias
|
|
|switch|p2a: Latios|Latios-Mega, M|73\/302
|-damage|p2a: Latios|36\/302|[from] Stealth Rock
|turn|34
|c| RS Meth|puny legendary
|c|âScarecrowVGF|gg
|
|move|p1a: Diggersby Tho|Quick Attack|p2a: Latios
|-damage|p2a: Latios|0 fnt
|-damage|p1a: Diggersby Tho|68\/311|[from] item: Life Orb
|faint|p2a: Latios
|
|win|RedKingAlmighty
|c|âRedKingAlmighty|gg
|c| Ace Trainer Apollo|gg
|leave|RS Meth
|leave|Ace Trainer Apollo
|join|soruxtra