|join|MoB Barley
|join|RedKingAlmighty
|player|p1|MoB Barley|161
|player|p2|RedKingAlmighty|154
|gametype|singles
|gen|6
|tier|OU
|clearpoke
|poke|p1|Suicune, shiny
|poke|p1|Weavile, M, shiny
|poke|p1|Heatran, F, shiny
|poke|p1|Altaria, M
|poke|p1|Landorus-Therian, M, shiny
|poke|p1|Latios, M
|poke|p2|Charizard, F
|poke|p2|Diggersby, M
|poke|p2|Rotom-Wash
|poke|p2|Ferrothorn, F
|poke|p2|Latios, M
|poke|p2|Hippowdon, F
|rule|Swagger Clause: Swagger is banned
|rule|Baton Pass Clause: Limit one PokÃ©mon knowing Baton Pass
|rule|Sleep Clause Mod: Limit one foe put to sleep
|rule|Species Clause: Limit one of each PokÃ©mon
|rule|OHKO Clause: OHKO moves are banned
|rule|Moody Clause: Moody is banned
|rule|Evasion Moves Clause: Evasion moves are banned
|rule|Endless Battle Clause: Forcing endless battles is banned
|rule|HP Percentage Mod: HP is shown in percentages
|teampreview
|
|start
|switch|p1a: Latios|Latios, M|301\/301
|switch|p2a: Hippowdon|Hippowdon, F|420\/420
|turn|1
|
|switch|p2a: Ferrothorn|Ferrothorn, F|352\/352
|move|p1a: Latios|Hidden Power|p2a: Ferrothorn
|-supereffective|p2a: Ferrothorn
|-damage|p2a: Ferrothorn|108\/352
|-damage|p1a: Latios|271\/301|[from] item: Life Orb
|
|-heal|p2a: Ferrothorn|130\/352|[from] item: Leftovers
|turn|2
|join|sugarhigh
|c|âRedKingAlmighty|.-.
|c|âRedKingAlmighty|that puts a damper on things
|
|move|p2a: Ferrothorn|Protect|p2a: Ferrothorn
|-singleturn|p2a: Ferrothorn|Protect
|move|p1a: Latios|Hidden Power|p2a: Ferrothorn
|-activate|p2a: Ferrothorn|Protect
|
|-heal|p2a: Ferrothorn|152\/352|[from] item: Leftovers
|turn|3
|join|AjTheEpic
|join|thepack
|
|move|p1a: Latios|Draco Meteor|p2a: Ferrothorn|[miss]
|-miss|p1a: Latios|p2a: Ferrothorn
|move|p2a: Ferrothorn|Stealth Rock|p1a: Latios
|-sidestart|p1: MoB Barley|move: Stealth Rock
|
|-heal|p2a: Ferrothorn|174\/352|[from] item: Leftovers
|turn|4
|
|move|p2a: Ferrothorn|Protect|p2a: Ferrothorn
|-singleturn|p2a: Ferrothorn|Protect
|move|p1a: Latios|Hidden Power|p2a: Ferrothorn
|-activate|p2a: Ferrothorn|Protect
|
|-heal|p2a: Ferrothorn|196\/352|[from] item: Leftovers
|turn|5
|join|m00n's blanket
|leave|m00n's blanket
|c|âRedKingAlmighty|i actually wish that hit
|
|move|p1a: Latios|Defog|p2a: Ferrothorn
|-unboost|p2a: Ferrothorn|evasion|1
|-sideend|p1: MoB Barley|Stealth Rock|[from] move: Defog|[of] p1a: Latios
|move|p2a: Ferrothorn|Gyro Ball|p1a: Latios
|-damage|p1a: Latios|79\/301
|
|-heal|p2a: Ferrothorn|218\/352|[from] item: Leftovers
|turn|6
|join|HENRY
|
|switch|p1a: Heatran|Heatran, F, shiny|386\/386
|move|p2a: Ferrothorn|Protect|p2a: Ferrothorn
|-fail|p2a: Ferrothorn
|
|-heal|p2a: Ferrothorn|240\/352|[from] item: Leftovers
|turn|7
|
|move|p1a: Heatran|Stealth Rock|p2a: Ferrothorn
|-sidestart|p2: RedKingAlmighty|move: Stealth Rock
|move|p2a: Ferrothorn|Stealth Rock|p1a: Heatran
|-sidestart|p1: MoB Barley|move: Stealth Rock
|
|-heal|p2a: Ferrothorn|262\/352|[from] item: Leftovers
|turn|8
|join|The TurtleLard
|
|switch|p2a: Rotom-Wash|Rotom-Wash|304\/304
|-damage|p2a: Rotom-Wash|266\/304|[from] Stealth Rock
|move|p1a: Heatran|Will-O-Wisp|p2a: Rotom-Wash
|-status|p2a: Rotom-Wash|brn
|
|-heal|p2a: Rotom-Wash|285\/304 brn|[from] item: Leftovers
|-damage|p2a: Rotom-Wash|247\/304 brn|[from] brn
|turn|9
|c|âRedKingAlmighty|"whats switching"
|
|switch|p1a: Suicune|Suicune, shiny|404\/404
|-damage|p1a: Suicune|354\/404|[from] Stealth Rock
|-ability|p1a: Suicune|Pressure
|move|p2a: Rotom-Wash|Hydro Pump|p1a: Suicune
|-resisted|p1a: Suicune
|-damage|p1a: Suicune|291\/404
|
|-heal|p2a: Rotom-Wash|266\/304 brn|[from] item: Leftovers
|-heal|p1a: Suicune|316\/404|[from] item: Leftovers
|-damage|p2a: Rotom-Wash|228\/304 brn|[from] brn
|turn|10
|join|gyarad0site
|
|move|p2a: Rotom-Wash|Volt Switch|p1a: Suicune
|-supereffective|p1a: Suicune
|-damage|p1a: Suicune|176\/404
|
|switch|p2a: Latios|Latios, M|302\/302
|-damage|p2a: Latios|265\/302|[from] Stealth Rock
|move|p1a: Suicune|Scald|p2a: Latios
|-resisted|p2a: Latios
|-damage|p2a: Latios|229\/302
|-status|p2a: Latios|brn
|
|-heal|p1a: Suicune|201\/404|[from] item: Leftovers
|-damage|p2a: Latios|192\/302 brn|[from] brn
|turn|11
|
|switch|p1a: Heatran|Heatran, F, shiny|386\/386
|-damage|p1a: Heatran|338\/386|[from] Stealth Rock
|move|p2a: Latios|Draco Meteor|p1a: Heatran
|-resisted|p1a: Heatran
|-damage|p1a: Heatran|225\/386
|-unboost|p2a: Latios|spa|2
|-damage|p2a: Latios|162\/302 brn|[from] item: Life Orb
|
|-heal|p1a: Heatran|249\/386|[from] item: Leftovers
|-damage|p2a: Latios|125\/302 brn|[from] brn
|turn|12
|
|switch|p2a: Diggersby Tho|Diggersby, M|311\/311
|-damage|p2a: Diggersby Tho|292\/311|[from] Stealth Rock
|move|p1a: Heatran|Stealth Rock|p2a: Diggersby Tho
|-fail|p2a: Diggersby Tho
|
|-heal|p1a: Heatran|273\/386|[from] item: Leftovers
|turn|13
|join|ulcer
|join|Light Infection
|
|switch|p1a: Landorus-Therian|Landorus-Therian, M, shiny|319\/319
|-damage|p1a: Landorus-Therian|280\/319|[from] Stealth Rock
|-ability|p1a: Landorus-Therian|Intimidate|[of] p2a: Diggersby Tho
|-unboost|p2a: Diggersby Tho|atk|1
|move|p2a: Diggersby Tho|Earthquake|p1a: Landorus-Therian
|-immune|p1a: Landorus-Therian|[msg]
|
|turn|14
|join|oml blarghl
|
|switch|p2a: Rotom-Wash|Rotom-Wash|228\/304 brn
|-damage|p2a: Rotom-Wash|190\/304 brn|[from] Stealth Rock
|move|p1a: Landorus-Therian|U-turn|p2a: Rotom-Wash
|-damage|p2a: Rotom-Wash|133\/304 brn
|
|switch|p1a: Weavile|Weavile, M, shiny|281\/281
|-damage|p1a: Weavile|211\/281|[from] Stealth Rock
|
|-heal|p2a: Rotom-Wash|152\/304 brn|[from] item: Leftovers
|-damage|p2a: Rotom-Wash|114\/304 brn|[from] brn
|turn|15
|
|move|p1a: Weavile|Knock Off|p2a: Rotom-Wash
|-damage|p2a: Rotom-Wash|0 fnt
|-enditem|p2a: Rotom-Wash|Leftovers|[from] move: Knock Off|[of] p1a: Weavile
|-damage|p1a: Weavile|183\/281|[from] item: Life Orb
|faint|p2a: Rotom-Wash
|
|
|switch|p2a: Ferrothorn|Ferrothorn, F|262\/352
|-damage|p2a: Ferrothorn|240\/352|[from] Stealth Rock
|turn|16
|
|switch|p1a: Suicune|Suicune, shiny|201\/404
|-damage|p1a: Suicune|151\/404|[from] Stealth Rock
|-ability|p1a: Suicune|Pressure
|move|p2a: Ferrothorn|Protect|p2a: Ferrothorn
|-fail|p2a: Ferrothorn
|
|-heal|p1a: Suicune|176\/404|[from] item: Leftovers
|-heal|p2a: Ferrothorn|262\/352|[from] item: Leftovers
|turn|17
|
|move|p1a: Suicune|Scald|p2a: Ferrothorn
|-resisted|p2a: Ferrothorn
|-damage|p2a: Ferrothorn|231\/352
|move|p2a: Ferrothorn|Leech Seed|p1a: Suicune
|-start|p1a: Suicune|move: Leech Seed
|
|-heal|p1a: Suicune|201\/404|[from] item: Leftovers
|-heal|p2a: Ferrothorn|253\/352|[from] item: Leftovers
|-damage|p1a: Suicune|151\/404|[from] Leech Seed|[of] p2a: Ferrothorn
|-heal|p2a: Ferrothorn|303\/352|[silent]
|turn|18
|
|switch|p2a: Latios|Latios, M|125\/302 brn
|-damage|p2a: Latios|88\/302 brn|[from] Stealth Rock
|move|p1a: Suicune|Rest|p1a: Suicune
|-status|p1a: Suicune|slp
|-heal|p1a: Suicune|404\/404 slp|[silent]
|-status|p1a: Suicune|slp|[from] move: Rest
|
|-damage|p1a: Suicune|354\/404 slp|[from] Leech Seed|[of] p2a: Latios
|-heal|p2a: Latios|138\/302 brn|[silent]
|-damage|p2a: Latios|101\/302 brn|[from] brn
|turn|19
|
|switch|p2a: Diggersby Tho|Diggersby, M|292\/311
|-damage|p2a: Diggersby Tho|273\/311|[from] Stealth Rock
|switch|p1a: Heatran|Heatran, F, shiny|273\/386
|-damage|p1a: Heatran|225\/386|[from] Stealth Rock
|
|-heal|p1a: Heatran|249\/386|[from] item: Leftovers
|turn|20
|join|gene mafia 2015
|
|switch|p1a: Latios|Latios, M|79\/301
|-damage|p1a: Latios|42\/301|[from] Stealth Rock
|move|p2a: Diggersby Tho|Earthquake|p1a: Latios
|-immune|p1a: Latios|[msg]
|
|turn|21
|c|âRedKingAlmighty|fml
|
|switch|p2a: Ferrothorn|Ferrothorn, F|303\/352
|-damage|p2a: Ferrothorn|281\/352|[from] Stealth Rock
|move|p1a: Latios|Draco Meteor|p2a: Ferrothorn
|-resisted|p2a: Ferrothorn
|-damage|p2a: Ferrothorn|172\/352
|-unboost|p1a: Latios|spa|2
|-damage|p1a: Latios|12\/301|[from] item: Life Orb
|
|-heal|p2a: Ferrothorn|194\/352|[from] item: Leftovers
|turn|22
|c| oml blarghl|no quick attack?
|leave|The TurtleLard
|c|âMoB Barley|obv choiced
|
|move|p2a: Ferrothorn|Protect|p2a: Ferrothorn
|-singleturn|p2a: Ferrothorn|Protect
|move|p1a: Latios|Hidden Power|p2a: Ferrothorn
|-activate|p2a: Ferrothorn|Protect
|
|-heal|p2a: Ferrothorn|216\/352|[from] item: Leftovers
|turn|23
|
|switch|p2a: Hippowdon|Hippowdon, F|420\/420
|-damage|p2a: Hippowdon|394\/420|[from] Stealth Rock
|move|p1a: Latios|Hidden Power|p2a: Hippowdon
|-damage|p2a: Hippowdon|326\/420
|-damage|p1a: Latios|0 fnt|[from] item: Life Orb
|faint|p1a: Latios
|
|-heal|p2a: Hippowdon|352\/420|[from] item: Leftovers
|
|switch|p1a: Suicune|Suicune, shiny|354\/404 slp
|-damage|p1a: Suicune|304\/404 slp|[from] Stealth Rock
|-ability|p1a: Suicune|Pressure
|turn|24
|c|âRedKingAlmighty|tbh i coulda fucked up really bad there
|
|cant|p1a: Suicune|slp
|move|p1a: Suicune|Sleep Talk|p1a: Suicune
|move|p1a: Suicune|Rest|p1a: Suicune|[from]Sleep Talk
|-fail|p1a: Suicune
|move|p2a: Hippowdon|Roar|p1a: Suicune
|drag|p1a: Altaria|Altaria, M|353\/353
|-damage|p1a: Altaria|265\/353|[from] Stealth Rock
|
|-heal|p2a: Hippowdon|378\/420|[from] item: Leftovers
|turn|25
|
|detailschange|p1a: Altaria|Altaria-Mega, M
|-mega|p1a: Altaria|Altaria|Altarianite
|move|p1a: Altaria|Roost|p1a: Altaria
|-heal|p1a: Altaria|353\/353
|move|p2a: Hippowdon|Roar|p1a: Altaria
|drag|p1a: Weavile|Weavile, M, shiny|183\/281
|-damage|p1a: Weavile|113\/281|[from] Stealth Rock
|
|-heal|p2a: Hippowdon|404\/420|[from] item: Leftovers
|turn|26
|
|switch|p1a: Suicune|Suicune, shiny|304\/404 slp
|-damage|p1a: Suicune|254\/404 slp|[from] Stealth Rock
|-ability|p1a: Suicune|Pressure
|move|p2a: Hippowdon|Earthquake|p1a: Suicune
|-damage|p1a: Suicune|169\/404 slp
|
|-heal|p1a: Suicune|194\/404 slp|[from] item: Leftovers
|-heal|p2a: Hippowdon|420\/420|[from] item: Leftovers
|turn|27
|
|switch|p2a: Ferrothorn|Ferrothorn, F|216\/352
|-damage|p2a: Ferrothorn|194\/352|[from] Stealth Rock
|cant|p1a: Suicune|slp
|move|p1a: Suicune|Sleep Talk|p1a: Suicune
|move|p1a: Suicune|Calm Mind|p1a: Suicune|[from]Sleep Talk
|-boost|p1a: Suicune|spa|1
|-boost|p1a: Suicune|spd|1
|
|-heal|p1a: Suicune|219\/404 slp|[from] item: Leftovers
|-heal|p2a: Ferrothorn|216\/352|[from] item: Leftovers
|turn|28
|
|-curestatus|p1a: Suicune|slp
|move|p1a: Suicune|Scald|p2a: Ferrothorn
|-resisted|p2a: Ferrothorn
|-damage|p2a: Ferrothorn|170\/352
|-status|p2a: Ferrothorn|brn
|move|p2a: Ferrothorn|Leech Seed|p1a: Suicune
|-start|p1a: Suicune|move: Leech Seed
|
|-heal|p1a: Suicune|244\/404|[from] item: Leftovers
|-heal|p2a: Ferrothorn|192\/352 brn|[from] item: Leftovers
|-damage|p1a: Suicune|194\/404|[from] Leech Seed|[of] p2a: Ferrothorn
|-heal|p2a: Ferrothorn|242\/352 brn|[silent]
|-damage|p2a: Ferrothorn|198\/352 brn|[from] brn
|turn|29
|
|switch|p2a: Latios|Latios, M|101\/302 brn
|-damage|p2a: Latios|64\/302 brn|[from] Stealth Rock
|move|p1a: Suicune|Rest|p1a: Suicune
|-status|p1a: Suicune|slp
|-heal|p1a: Suicune|404\/404 slp|[silent]
|-status|p1a: Suicune|slp|[from] move: Rest
|
|-damage|p1a: Suicune|354\/404 slp|[from] Leech Seed|[of] p2a: Latios
|-heal|p2a: Latios|114\/302 brn|[silent]
|-damage|p2a: Latios|77\/302 brn|[from] brn
|turn|30
|
|switch|p1a: Heatran|Heatran, F, shiny|249\/386
|-damage|p1a: Heatran|201\/386|[from] Stealth Rock
|move|p2a: Latios|Roost|p2a: Latios
|-heal|p2a: Latios|228\/302 brn
|
|-heal|p1a: Heatran|225\/386|[from] item: Leftovers
|-damage|p2a: Latios|191\/302 brn|[from] brn
|turn|31
|join|fuc boii
|join|Fizz on my Jayce
|c|âMoB Barley|lol ^
|c| oml blarghl|reveal hp ground
|c|âMoB Barley|wtf man
|c|âRedKingAlmighty|lol
|c|âMoB Barley|@ fizz
|c| Fizz on my Jayce|:P
|
|move|p2a: Latios|Defog|p1a: Heatran
|-unboost|p1a: Heatran|evasion|1
|-sideend|p1: MoB Barley|Stealth Rock|[from] move: Defog|[of] p1a: Heatran
|-sideend|p2: RedKingAlmighty|Stealth Rock|[from] move: Defog|[of] p2a: Latios
|move|p1a: Heatran|Lava Plume|p2a: Latios
|-crit|p2a: Latios
|-resisted|p2a: Latios
|-damage|p2a: Latios|105\/302 brn
|
|-heal|p1a: Heatran|249\/386|[from] item: Leftovers
|-damage|p2a: Latios|68\/302 brn|[from] brn
|turn|32
|c| fuc boii|its a reference to mtg, u goat
|join|innovamania
|
|switch|p2a: Diggersby Tho|Diggersby, M|273\/311
|move|p1a: Heatran|Stealth Rock|p2a: Diggersby Tho
|-sidestart|p2: RedKingAlmighty|move: Stealth Rock
|
|-heal|p1a: Heatran|273\/386|[from] item: Leftovers
|turn|33
|c| Fizz on my Jayce|its league
|join|PussyHole
|join|TyranitarTerror
|c| fuc boii|well then
|c| Fizz on my Jayce|:P
|c| fuc boii|i have nothin to say to u
|c| Fizz on my Jayce|:(
|
|switch|p1a: Altaria|Altaria-Mega, M|353\/353
|move|p2a: Diggersby Tho|Earthquake|p1a: Altaria
|-damage|p1a: Altaria|202\/353
|
|turn|34
|c|âRedKingAlmighty|holy shit
|c|âMoB Barley|eat it up
|
|move|p2a: Diggersby Tho|Earthquake|p1a: Altaria
|-damage|p1a: Altaria|36\/353
|move|p1a: Altaria|Roost|p1a: Altaria
|-heal|p1a: Altaria|213\/353
|
|turn|35
|
|switch|p2a: Hippowdon|Hippowdon, F|420\/420
|-damage|p2a: Hippowdon|394\/420|[from] Stealth Rock
|move|p1a: Altaria|Roost|p1a: Altaria
|-heal|p1a: Altaria|353\/353
|
|-heal|p2a: Hippowdon|420\/420|[from] item: Leftovers
|turn|36
|
|switch|p1a: Suicune|Suicune, shiny|354\/404 slp
|-ability|p1a: Suicune|Pressure
|move|p2a: Hippowdon|Roar|p1a: Suicune
|drag|p1a: Altaria|Altaria-Mega, M|353\/353
|
|turn|37
|
|move|p1a: Altaria|Return|p2a: Hippowdon
|-damage|p2a: Hippowdon|317\/420
|move|p2a: Hippowdon|Roar|p1a: Altaria
|drag|p1a: Suicune|Suicune, shiny|354\/404 slp
|-ability|p1a: Suicune|Pressure
|
|-heal|p1a: Suicune|379\/404 slp|[from] item: Leftovers
|-heal|p2a: Hippowdon|343\/420|[from] item: Leftovers
|turn|38
|join|Alvok
|c|âRedKingAlmighty|gdi
|join|habajiga
|join|zed lepplin
|c|âRedKingAlmighty|im sliding down a slippery slope
|c| habajiga|flens hully
|c| ulcer|el slippery slope logical fallacy
|
|switch|p2a: Ferrothorn|Ferrothorn, F|198\/352 brn
|-damage|p2a: Ferrothorn|176\/352 brn|[from] Stealth Rock
|cant|p1a: Suicune|slp
|move|p1a: Suicune|Sleep Talk|p1a: Suicune
|move|p1a: Suicune|Rest|p1a: Suicune|[from]Sleep Talk
|-fail|p1a: Suicune
|
|-heal|p1a: Suicune|404\/404 slp|[from] item: Leftovers
|-heal|p2a: Ferrothorn|198\/352 brn|[from] item: Leftovers
|-damage|p2a: Ferrothorn|154\/352 brn|[from] brn
|turn|39
|join|Reverend
|
|switch|p1a: Weavile|Weavile, M, shiny|113\/281
|move|p2a: Ferrothorn|Stealth Rock|p1a: Weavile
|-sidestart|p1: MoB Barley|move: Stealth Rock
|
|-heal|p2a: Ferrothorn|176\/352 brn|[from] item: Leftovers
|-damage|p2a: Ferrothorn|132\/352 brn|[from] brn
|turn|40
|
|move|p1a: Weavile|Ice Punch|p2a: Ferrothorn
|-damage|p2a: Ferrothorn|19\/352 brn
|-damage|p1a: Weavile|78\/281|[from] ability: Iron Barbs|[of] p2a: Ferrothorn
|-damage|p1a: Weavile|50\/281|[from] item: Life Orb
|move|p2a: Ferrothorn|Gyro Ball|p1a: Weavile
|-supereffective|p1a: Weavile
|-damage|p1a: Weavile|0 fnt
|faint|p1a: Weavile
|
|-heal|p2a: Ferrothorn|41\/352 brn|[from] item: Leftovers
|-damage|p2a: Ferrothorn|0 fnt|[from] brn
|faint|p2a: Ferrothorn
|
|switch|p2a: Diggersby Tho|Diggersby, M|273\/311
|switch|p1a: Altaria|Altaria-Mega, M|353\/353
|-damage|p2a: Diggersby Tho|254\/311|[from] Stealth Rock
|-damage|p1a: Altaria|309\/353|[from] Stealth Rock
|turn|41
|
|move|p2a: Diggersby Tho|Return|p1a: Altaria
|-damage|p1a: Altaria|132\/353
|move|p1a: Altaria|Roost|p1a: Altaria
|-heal|p1a: Altaria|309\/353
|
|turn|42
|
|move|p2a: Diggersby Tho|Return|p1a: Altaria
|-damage|p1a: Altaria|144\/353
|move|p1a: Altaria|Roost|p1a: Altaria
|-heal|p1a: Altaria|321\/353
|
|turn|43
|
|move|p2a: Diggersby Tho|Return|p1a: Altaria
|-crit|p1a: Altaria
|-damage|p1a: Altaria|86\/353
|move|p1a: Altaria|Roost|p1a: Altaria
|-heal|p1a: Altaria|263\/353
|
|turn|44
|c|âMoB Barley|i need to be at full
|
|move|p2a: Diggersby Tho|Return|p1a: Altaria
|-damage|p1a: Altaria|107\/353
|move|p1a: Altaria|Roost|p1a: Altaria
|-heal|p1a: Altaria|284\/353
|
|turn|45
|
|move|p2a: Diggersby Tho|Return|p1a: Altaria
|-damage|p1a: Altaria|107\/353
|move|p1a: Altaria|Roost|p1a: Altaria
|-heal|p1a: Altaria|284\/353
|
|turn|46
|
|move|p2a: Diggersby Tho|Return|p1a: Altaria
|-damage|p1a: Altaria|124\/353
|move|p1a: Altaria|Roost|p1a: Altaria
|-heal|p1a: Altaria|301\/353
|
|turn|47
|c|âRedKingAlmighty|i need to stall this out
|c| habajiga|why tf is it eating that out
|
|move|p2a: Diggersby Tho|Return|p1a: Altaria
|-damage|p1a: Altaria|148\/353
|move|p1a: Altaria|Roost|p1a: Altaria
|-heal|p1a: Altaria|325\/353
|
|turn|48
|c|âRedKingAlmighty|ikr
|
|move|p2a: Diggersby Tho|Return|p1a: Altaria
|-damage|p1a: Altaria|159\/353
|move|p1a: Altaria|Roost|p1a: Altaria
|-heal|p1a: Altaria|336\/353
|
|turn|49
|join|666 EDGES
|
|move|p2a: Diggersby Tho|Return|p1a: Altaria
|-damage|p1a: Altaria|162\/353
|move|p1a: Altaria|Return|p2a: Diggersby Tho
|-damage|p2a: Diggersby Tho|31\/311
|
|turn|50
|
|switch|p1a: Landorus-Therian|Landorus-Therian, M, shiny|280\/319
|-damage|p1a: Landorus-Therian|241\/319|[from] Stealth Rock
|-ability|p1a: Landorus-Therian|Intimidate|[of] p2a: Diggersby Tho
|-unboost|p2a: Diggersby Tho|atk|1
|move|p2a: Diggersby Tho|Return|p1a: Landorus-Therian
|-damage|p1a: Landorus-Therian|70\/319
|
|turn|51
|
|switch|p2a: Latios|Latios, M|68\/302 brn
|-damage|p2a: Latios|31\/302 brn|[from] Stealth Rock
|move|p1a: Landorus-Therian|U-turn|p2a: Latios
|-supereffective|p2a: Latios
|-damage|p2a: Latios|0 fnt
|faint|p2a: Latios
|
|switch|p1a: Suicune|Suicune, shiny|404\/404 slp
|-damage|p1a: Suicune|354\/404 slp|[from] Stealth Rock
|-ability|p1a: Suicune|Pressure
|
|-heal|p1a: Suicune|379\/404 slp|[from] item: Leftovers
|
|switch|p2a: Charizard|Charizard, F|333\/333
|-damage|p2a: Charizard|167\/333|[from] Stealth Rock
|turn|52
|leave|AjTheEpic
|
|detailschange|p2a: Charizard|Charizard-Mega-X, F
|-mega|p2a: Charizard|Charizard|Charizardite X
|move|p2a: Charizard|Dragon Dance|p2a: Charizard
|-boost|p2a: Charizard|atk|1
|-boost|p2a: Charizard|spe|1
|cant|p1a: Suicune|slp
|move|p1a: Suicune|Sleep Talk|p1a: Suicune
|move|p1a: Suicune|Scald|p2a: Charizard|[from]Sleep Talk
|-damage|p2a: Charizard|67\/333
|
|-heal|p1a: Suicune|404\/404 slp|[from] item: Leftovers
|turn|53
|leave|gene mafia 2015
|
|move|p2a: Charizard|Roost|p2a: Charizard
|-heal|p2a: Charizard|234\/333
|-curestatus|p1a: Suicune|slp
|move|p1a: Suicune|Calm Mind|p1a: Suicune
|-boost|p1a: Suicune|spa|1
|-boost|p1a: Suicune|spd|1
|
|turn|54
|
|move|p2a: Charizard|Dragon Claw|p1a: Suicune
|-damage|p1a: Suicune|196\/404
|move|p1a: Suicune|Scald|p2a: Charizard
|-damage|p2a: Charizard|87\/333
|
|-heal|p1a: Suicune|221\/404|[from] item: Leftovers
|turn|55
|c|âRedKingAlmighty|damn
|
|move|p2a: Charizard|Roost|p2a: Charizard
|-heal|p2a: Charizard|254\/333
|move|p1a: Suicune|Calm Mind|p1a: Suicune
|-boost|p1a: Suicune|spa|1
|-boost|p1a: Suicune|spd|1
|
|-heal|p1a: Suicune|246\/404|[from] item: Leftovers
|turn|56
|leave|Fizz on my Jayce
|c|âRedKingAlmighty|end of the road for me
|c|âRedKingAlmighty|i think
|
|move|p2a: Charizard|Dragon Dance|p2a: Charizard
|-boost|p2a: Charizard|atk|1
|-boost|p2a: Charizard|spe|1
|move|p1a: Suicune|Scald|p2a: Charizard
|-damage|p2a: Charizard|56\/333
|
|-heal|p1a: Suicune|271\/404|[from] item: Leftovers
|turn|57
|join|DracoNinja
|c|âRedKingAlmighty|oh
|c|âRedKingAlmighty|shit
|c|âRedKingAlmighty|that might be gg
|
|move|p2a: Charizard|Dragon Claw|p1a: Suicune
|-crit|p1a: Suicune
|-damage|p1a: Suicune|0 fnt
|faint|p1a: Suicune
|
|c| zed lepplin|nah
|c|âRedKingAlmighty|uh didn't matter
|c|âMoB Barley|nope
|
|switch|p1a: Landorus-Therian|Landorus-Therian, M, shiny|70\/319
|-damage|p1a: Landorus-Therian|31\/319|[from] Stealth Rock
|-ability|p1a: Landorus-Therian|Intimidate|[of] p2a: Charizard
|-unboost|p2a: Charizard|atk|1
|turn|58
|c|âMoB Barley|fuck i didn't want to rely on rest
|
|move|p2a: Charizard|Dragon Claw|p1a: Landorus-Therian
|-damage|p1a: Landorus-Therian|0 fnt
|faint|p1a: Landorus-Therian
|
|
|switch|p1a: Altaria|Altaria-Mega, M|162\/353
|-damage|p1a: Altaria|118\/353|[from] Stealth Rock
|turn|59
|c|âMoB Barley|i need alt aria, i misplayed
|c|âRedKingAlmighty|fuck this thing
|c|âMoB Barley|u mist die
|c|âMoB Barley|might
|c|âMoB Barley|but i lose anyways
|
|move|p2a: Charizard|Roost|p2a: Charizard
|-heal|p2a: Charizard|223\/333
|move|p1a: Altaria|Earthquake|p2a: Charizard
|-supereffective|p2a: Charizard
|-damage|p2a: Charizard|75\/333
|
|turn|60
|
|move|p2a: Charizard|Roost|p2a: Charizard
|-heal|p2a: Charizard|242\/333
|move|p1a: Altaria|Roost|p1a: Altaria
|-heal|p1a: Altaria|295\/353
|
|turn|61
|c|âMoB Barley|no dude
|c|âMoB Barley|lol
|c|âMoB Barley|ur crazy
|c|âRedKingAlmighty|bro
|c|âRedKingAlmighty|probably
|
|move|p2a: Charizard|Dragon Dance|p2a: Charizard
|-boost|p2a: Charizard|atk|1
|-boost|p2a: Charizard|spe|1
|move|p1a: Altaria|Dragon Dance|p1a: Altaria
|-boost|p1a: Altaria|atk|1
|-boost|p1a: Altaria|spe|1
|
|turn|62
|c|âRedKingAlmighty|idk why i thought this was a good idea
|
|move|p2a: Charizard|Fire Punch|p1a: Altaria
|-resisted|p1a: Altaria
|-damage|p1a: Altaria|153\/353
|move|p1a: Altaria|Earthquake|p2a: Charizard
|-crit|p2a: Charizard
|-supereffective|p2a: Charizard
|-damage|p2a: Charizard|0 fnt
|faint|p2a: Charizard
|
|c|âMoB Barley|u don't have blitz
|
|switch|p2a: Diggersby Tho|Diggersby, M|31\/311
|-damage|p2a: Diggersby Tho|12\/311|[from] Stealth Rock
|turn|63
|c|âRedKingAlmighty|i do not
|c|âMoB Barley|bad rolls
|
|move|p2a: Diggersby Tho|Earthquake|p1a: Altaria
|-damage|p1a: Altaria|0 fnt
|faint|p1a: Altaria
|
|c|âMoB Barley|gg
|
|switch|p1a: Heatran|Heatran, F, shiny|273\/386
|-damage|p1a: Heatran|225\/386|[from] Stealth Rock
|turn|64
|c|âRedKingAlmighty|gg
|
|move|p2a: Diggersby Tho|Earthquake|p1a: Heatran
|-supereffective|p1a: Heatran
|-damage|p1a: Heatran|0 fnt
|faint|p1a: Heatran
|
|win|RedKingAlmighty
|c|âRedKingAlmighty|that was a good match
|c|âMoB Barley|it was
|leave|Reverend
|c|âMoB Barley|i misplayed
|leave|MoB Barley
|player|p1
|leave|zed lepplin
|leave|RedKingAlmighty
|player|p2
|leave|666 EDGES
|leave|Light Infection
|leave|DracoNinja
|leave|habajiga
|leave|PussyHole
|leave|innovamania
|join|LORD OUTL
|leave|Alvok
|join|The Goomy
|leave|fuc boii
|leave|The Goomy
|join|MoB Barley
|join|The Goomy
|join|Ailurophilia
|leave|The Goomy
|leave|Ailurophilia
|leave|thepack
|join|Light Infection
|leave|blarghlfarghl
|leave|Light Infection
|join|Light Infection
|leave|Light Infection
|join|Wruce Bayne
|join|ollopa
|join|Light Infection
|leave|Light Infection
|leave|LORD OUTL
|join|RedKingAlmighty