|join|s3rris
|join|RedKingAlmighty
|player|p1|s3rris|80
|player|p2|RedKingAlmighty|154
|gametype|singles
|gen|6
|tier|OU
|rated
|clearpoke
|poke|p1|Bisharp, F
|poke|p1|Charizard, F
|poke|p1|Latios, M
|poke|p1|Keldeo
|poke|p1|Excadrill, M
|poke|p1|Landorus-Therian, M
|poke|p2|Charizard, M
|poke|p2|Diggersby, F
|poke|p2|Rotom-Wash
|poke|p2|Ferrothorn, M
|poke|p2|Latios, M
|poke|p2|Hippowdon, F
|rule|Swagger Clause: Swagger is banned
|rule|Baton Pass Clause: Limit one PokÃ©mon knowing Baton Pass
|rule|Sleep Clause Mod: Limit one foe put to sleep
|rule|Species Clause: Limit one of each PokÃ©mon
|rule|OHKO Clause: OHKO moves are banned
|rule|Moody Clause: Moody is banned
|rule|Evasion Moves Clause: Evasion moves are banned
|rule|Endless Battle Clause: Forcing endless battles is banned
|rule|HP Percentage Mod: HP is shown in percentages
|teampreview
|
|start
|switch|p1a: Charizard|Charizard, F|297\/297
|switch|p2a: Rotom-Wash|Rotom-Wash|304\/304
|turn|1
|
|switch|p2a: Latios|Latios, M|302\/302
|detailschange|p1a: Charizard|Charizard-Mega-Y, F
|-mega|p1a: Charizard|Charizard|Charizardite Y
|-weather|SunnyDay
|move|p1a: Charizard|Solar Beam|p2a: Latios|[still]
|-prepare|p1a: Charizard|Solar Beam|p2a: Latios
|-anim|p1a: Charizard|Solar Beam|p2a: Latios
|-resisted|p2a: Latios
|-damage|p2a: Latios|226\/302
|
|-weather|SunnyDay|[upkeep]
|turn|2
|
|switch|p2a: Diggersby Tho|Diggersby, F|311\/311
|switch|p1a: Bisharp|Bisharp, F|271\/271
|
|-weather|SunnyDay|[upkeep]
|turn|3
|
|switch|p1a: Landorus-Therian|Landorus-Therian, M|381\/381
|-ability|p1a: Landorus-Therian|Intimidate|[of] p2a: Diggersby Tho
|-unboost|p2a: Diggersby Tho|atk|1
|move|p2a: Diggersby Tho|Return|p1a: Landorus-Therian
|-damage|p1a: Landorus-Therian|225\/381
|-damage|p2a: Diggersby Tho|280\/311|[from] item: Life Orb
|
|-weather|SunnyDay|[upkeep]
|-heal|p1a: Landorus-Therian|248\/381|[from] item: Leftovers
|turn|4
|
|move|p2a: Diggersby Tho|Return|p1a: Landorus-Therian
|-damage|p1a: Landorus-Therian|83\/381
|-damage|p2a: Diggersby Tho|249\/311|[from] item: Life Orb
|move|p1a: Landorus-Therian|Stealth Rock|p2a: Diggersby Tho
|-sidestart|p2: RedKingAlmighty|move: Stealth Rock
|
|-weather|SunnyDay|[upkeep]
|-heal|p1a: Landorus-Therian|106\/381|[from] item: Leftovers
|turn|5
|
|switch|p1a: Excadrill|Excadrill, M|361\/361
|-ability|p1a: Excadrill|Mold Breaker
|move|p2a: Diggersby Tho|Return|p1a: Excadrill
|-resisted|p1a: Excadrill
|-damage|p1a: Excadrill|209\/361
|-damage|p2a: Diggersby Tho|218\/311|[from] item: Life Orb
|
|-weather|none
|turn|6
|
|switch|p2a: Hippowdon|Hippowdon, F|420\/420
|-damage|p2a: Hippowdon|394\/420|[from] Stealth Rock
|-weather|Sandstorm
|move|p1a: Excadrill|Iron Head|p2a: Hippowdon
|-damage|p2a: Hippowdon|301\/420
|
|-weather|Sandstorm|[upkeep]
|-heal|p2a: Hippowdon|327\/420|[from] item: Leftovers
|turn|7
|join|HTAG
|
|switch|p1a: Latios|Latios, M|299\/299
|move|p2a: Hippowdon|Earthquake|p1a: Latios
|-immune|p1a: Latios|[msg]
|
|-weather|Sandstorm|[upkeep]
|-damage|p1a: Latios|281\/299|[from] sandstorm
|-heal|p2a: Hippowdon|353\/420|[from] item: Leftovers
|turn|8
|leave|HTAG
|
|switch|p1a: Charizard|Charizard-Mega-Y, F|297\/297
|-weather|SunnyDay
|switch|p2a: Ferrothorn|Ferrothorn, M|352\/352
|-damage|p2a: Ferrothorn|330\/352|[from] Stealth Rock
|
|-weather|SunnyDay|[upkeep]
|-heal|p2a: Ferrothorn|352\/352|[from] item: Leftovers
|turn|9
|
|move|p2a: Ferrothorn|Protect|p2a: Ferrothorn
|-singleturn|p2a: Ferrothorn|Protect
|move|p1a: Charizard|Fire Blast|p2a: Ferrothorn
|-activate|p2a: Ferrothorn|Protect
|
|-weather|SunnyDay|[upkeep]
|turn|10
|
|move|p1a: Charizard|Fire Blast|p2a: Ferrothorn
|-supereffective|p2a: Ferrothorn
|-damage|p2a: Ferrothorn|0 fnt
|faint|p2a: Ferrothorn
|
|-weather|SunnyDay|[upkeep]
|
|switch|p2a: Latios|Latios, M|226\/302
|-damage|p2a: Latios|189\/302|[from] Stealth Rock
|turn|11
|
|switch|p1a: Bisharp|Bisharp, F|271\/271
|move|p2a: Latios|Defog|p1a: Bisharp
|-unboost|p1a: Bisharp|evasion|1
|-boost|p1a: Bisharp|atk|2|[from] ability: Defiant
|-sideend|p2: RedKingAlmighty|Stealth Rock|[from] move: Defog|[of] p2a: Latios
|
|-weather|SunnyDay|[upkeep]
|turn|12
|
|move|p2a: Latios|Draco Meteor|p1a: Bisharp
|-resisted|p1a: Bisharp
|-damage|p1a: Bisharp|79\/271
|-unboost|p2a: Latios|spa|2
|-damage|p2a: Latios|159\/302|[from] item: Life Orb
|move|p1a: Bisharp|Pursuit|p2a: Latios
|-supereffective|p2a: Latios
|-damage|p2a: Latios|0 fnt
|faint|p2a: Latios
|
|-weather|none
|
|switch|p2a: Hippowdon|Hippowdon, F|353\/420
|-weather|Sandstorm
|turn|13
|
|switch|p1a: Charizard|Charizard-Mega-Y, F|297\/297
|-weather|SunnyDay
|move|p2a: Hippowdon|Earthquake|p1a: Charizard
|-immune|p1a: Charizard|[msg]
|
|-weather|SunnyDay|[upkeep]
|-heal|p2a: Hippowdon|379\/420|[from] item: Leftovers
|turn|14
|
|move|p1a: Charizard|Fire Blast|p2a: Hippowdon
|-damage|p2a: Hippowdon|0 fnt
|faint|p2a: Hippowdon
|
|-weather|SunnyDay|[upkeep]
|
|switch|p2a: Charizard|Charizard, M|333\/333
|turn|15
|
|detailschange|p2a: Charizard|Charizard-Mega-X, M
|-mega|p2a: Charizard|Charizard|Charizardite X
|move|p1a: Charizard|Dragon Pulse|p2a: Charizard
|-supereffective|p2a: Charizard
|-damage|p2a: Charizard|77\/333
|move|p2a: Charizard|Dragon Dance|p2a: Charizard
|-boost|p2a: Charizard|atk|1
|-boost|p2a: Charizard|spe|1
|
|-weather|SunnyDay|[upkeep]
|turn|16
|
|switch|p1a: Landorus-Therian|Landorus-Therian, M|106\/381
|-ability|p1a: Landorus-Therian|Intimidate|[of] p2a: Charizard
|-unboost|p2a: Charizard|atk|1
|move|p2a: Charizard|Dragon Claw|p1a: Landorus-Therian
|-damage|p1a: Landorus-Therian|0 fnt
|faint|p1a: Landorus-Therian
|
|-weather|SunnyDay|[upkeep]
|
|switch|p1a: Charizard|Charizard-Mega-Y, F|297\/297
|turn|17
|
|move|p2a: Charizard|Dragon Claw|p1a: Charizard
|-damage|p1a: Charizard|51\/297
|move|p1a: Charizard|Dragon Pulse|p2a: Charizard
|-supereffective|p2a: Charizard
|-damage|p2a: Charizard|0 fnt
|faint|p2a: Charizard
|
|-weather|none
|-message|RedKingAlmighty forfeited.
|leave|RedKingAlmighty
|
|win|s3rris
|raw|Ladder updating...
|player|p2
|raw|s3rris's rating: 1419 &rarr; <strong>1438<\/strong><br \/>(+19 for winning)
|raw|RedKingAlmighty's rating: 1412 &rarr; <strong>1393<\/strong><br \/>(-19 for losing)