|join|blarghlfarghl
|join|RedKingAlmighty
|player|p1|blarghlfarghl|294
|player|p2|RedKingAlmighty|154
|gametype|singles
|gen|6
|tier|OU
|clearpoke
|poke|p1|Landorus-Therian, M
|poke|p1|Lopunny, F
|poke|p1|Thundurus, M
|poke|p1|Keldeo
|poke|p1|Victini
|poke|p1|Dragonite, M
|poke|p2|Diggersby, F
|poke|p2|Aerodactyl, M
|poke|p2|Ferrothorn, M
|poke|p2|Slowbro, F
|poke|p2|Keldeo
|poke|p2|Latias, F
|rule|Swagger Clause: Swagger is banned
|rule|Baton Pass Clause: Limit one PokÃ©mon knowing Baton Pass
|rule|Sleep Clause Mod: Limit one foe put to sleep
|rule|Species Clause: Limit one of each PokÃ©mon
|rule|OHKO Clause: OHKO moves are banned
|rule|Moody Clause: Moody is banned
|rule|Evasion Moves Clause: Evasion moves are banned
|rule|Endless Battle Clause: Forcing endless battles is banned
|rule|HP Percentage Mod: HP is shown in percentages
|teampreview
|join|Alakabamm
|join|FatalDesire
|join|Skuukzky Wish
|join|TheJFrenzy1
|c| Alakabamm|needs moar diggersby
|join|EternusDraco
|c| FatalDesire|LETS GOOOOO
|
|start
|switch|p1a: Victini|Victini|341\/341
|switch|p2a: Diggersby|Diggersby, F|311\/311
|turn|1
|join|Luck O' the Irish
|c| FatalDesire|im rooting for blarg as always
|join|Beevo13
|join|riraiteu
|c|âblarghlfarghl|ty my loyal fan
|c| FatalDesire|cuz victini is my bae
|
|switch|p1a: Landorus-Therian|Landorus-Therian, M|382\/382
|-ability|p1a: Landorus-Therian|Intimidate|[of] p2a: Diggersby
|-unboost|p2a: Diggersby|atk|1
|switch|p2a: Slowbro|Slowbro, F|394\/394
|
|turn|2
|c|âblarghlfarghl|:]
|join|y-Rex
|
|move|p1a: Landorus-Therian|U-turn|p2a: Slowbro
|-supereffective|p2a: Slowbro
|-damage|p2a: Slowbro|286\/394
|join|Alvok
|
|switch|p1a: Keldeo|Keldeo|323\/323
|move|p2a: Slowbro|Scald|p1a: Keldeo
|-resisted|p1a: Keldeo
|-damage|p1a: Keldeo|267\/323
|-status|p1a: Keldeo|brn
|
|-heal|p2a: Slowbro|310\/394|[from] item: Leftovers
|-damage|p1a: Keldeo|227\/323 brn|[from] brn
|turn|3
|c|âRedKingAlmighty|dat victini
|c| FatalDesire|y-Rex got rexed :]
|join|Reqzz
|c|âblarghlfarghl|welp
|c| Alakabamm|dat burn 2 ez
|c| y-Rex|:(
|c| Alakabamm|also, why is keldeo a switch
|c|âRedKingAlmighty|yeah i could just twave
|c|âRedKingAlmighty|or even
|c|âblarghlfarghl|dont question me
|leave|Beevo13
|c| Alakabamm|is that mexican slowbro
|c| Luck O' the Irish|nothing else really want to take a burn lol
|c| FatalDesire|USE LE DRAGONITE (later)
|c|âRedKingAlmighty|"mexican slowbro"
|c|âRedKingAlmighty|lol
|c| Skuukzky Wish|hp grass
|c| Alakabamm|oh boi mexican slowbro
|
|switch|p1a: Thundurus|Thundurus, M|300\/300
|move|p2a: Slowbro|Psyshock|p1a: Thundurus
|-damage|p1a: Thundurus|167\/300
|
|-heal|p2a: Slowbro|334\/394|[from] item: Leftovers
|turn|4
|c| Reqzz|Skuukz, the kid i beat top lel
|
|switch|p2a: Ferrothorn|Ferrothorn, M|352\/352
|move|p1a: Thundurus|Focus Blast|p2a: Ferrothorn
|-supereffective|p2a: Ferrothorn
|-damage|p2a: Ferrothorn|84\/352
|-damage|p1a: Thundurus|137\/300|[from] item: Life Orb
|
|-heal|p2a: Ferrothorn|106\/352|[from] item: Leftovers
|turn|5
|join|QuagGod
|c| Alakabamm|EZ
|c| Skuukzky Wish|what
|c|âRedKingAlmighty|miss plz
|c|âblarghlfarghl|ayy watch me land 2 in a row
|
|move|p1a: Thundurus|Focus Blast|p2a: Ferrothorn
|-supereffective|p2a: Ferrothorn
|-damage|p2a: Ferrothorn|0 fnt
|-damage|p1a: Thundurus|107\/300|[from] item: Life Orb
|faint|p2a: Ferrothorn
|
|c|âRedKingAlmighty|yeah
|c| QuagGod|lol
|c|âblarghlfarghl|BOP
|c| Luck O' the Irish|how much does hp ice do?
|
|switch|p2a: Diggersby|Diggersby, F|311\/311
|turn|6
|join|NagariNewMeta
|c| y-Rex|lol
|c| Alakabamm|not enough
|c|âblarghlfarghl|^
|
|switch|p1a: Landorus-Therian|Landorus-Therian, M|382\/382
|-ability|p1a: Landorus-Therian|Intimidate|[of] p2a: Diggersby
|-unboost|p2a: Diggersby|atk|1
|move|p2a: Diggersby|Quick Attack|p1a: Landorus-Therian
|-damage|p1a: Landorus-Therian|312\/382
|-damage|p2a: Diggersby|280\/311|[from] item: Life Orb
|
|-heal|p1a: Landorus-Therian|335\/382|[from] item: Leftovers
|turn|7
|
|move|p2a: Diggersby|Swords Dance|p2a: Diggersby
|-boost|p2a: Diggersby|atk|2
|move|p1a: Landorus-Therian|Stealth Rock|p2a: Diggersby
|-sidestart|p2: RedKingAlmighty|move: Stealth Rock
|
|-heal|p1a: Landorus-Therian|358\/382|[from] item: Leftovers
|turn|8
|c|âblarghlfarghl|oh noice lo
|c| FatalDesire|landy-t is gonna be suspect tested.
|c| NagariNewMeta|powa
|c|âblarghlfarghl|nah
|c| FatalDesire|i guarantee it
|c| Alakabamm|dis diggersby bout to show him
|c|âblarghlfarghl|has  a lot of counters
|c| Alakabamm|crit that return real quick
|c| Reqzz|Fata ur a noob
|c| NagariNewMeta|powa
|c|âblarghlfarghl|also not that good in ubers
|c|âblarghlfarghl|lol
|c| FatalDesire|its on like 60% of teams now
|
|move|p2a: Diggersby|Return|p1a: Landorus-Therian
|-damage|p1a: Landorus-Therian|0 fnt
|-damage|p2a: Diggersby|249\/311|[from] item: Life Orb
|faint|p1a: Landorus-Therian
|
|c| NagariNewMeta|nah
|c| NagariNewMeta|OML
|c| Alakabamm|not even a crit needed
|c| FatalDesire|:O
|c|âblarghlfarghl|DAYUM
|c| Alakabamm|was that full impish lando?
|c|âRedKingAlmighty|gtfo out my way
|c|âRedKingAlmighty|ima diggy
|c|âblarghlfarghl|not full
|c| FatalDesire|RIP.
|c|âblarghlfarghl|enought speed fro adamant bish
|c| Alakabamm|better make it full then RIP
|c| FatalDesire|LOPUNNT
|c|âRedKingAlmighty|i OHKO slowbro at +2
|c| FatalDesire|I SUMMON THEE
|c|âRedKingAlmighty|fear me.
|c| Luck O' the Irish|the power
|
|switch|p1a: Victini|Victini|341\/341
|turn|9
|c| NagariNewMeta|no slowbro
|c| Alakabamm|but...but...why would you bring a lando in on a bisharp
|c| Reqzz|Meanies y tho
|
|move|p1a: Victini|V-create|p2a: Diggersby
|-damage|p2a: Diggersby|0 fnt
|-unboost|p1a: Victini|def|1
|-unboost|p1a: Victini|spd|1
|-unboost|p1a: Victini|spe|1
|faint|p2a: Diggersby
|
|c| Alakabamm|I no understand
|c| NagariNewMeta|not megabro right?
|c| y-Rex|POWER!
|c| Reqzz|Alaka
|
|switch|p2a: Aerodactyl|Aerodactyl, M|301\/301
|-damage|p2a: Aerodactyl|226\/301|[from] Stealth Rock
|-ability|p2a: Aerodactyl|Pressure
|turn|10
|c| Reqzz|ur stupid
|c| Alakabamm|>stupid
|c| Alakabamm|>defiant
|
|detailschange|p2a: Aerodactyl|Aerodactyl-Mega, M
|-mega|p2a: Aerodactyl|Aerodactyl|Aerodactylite
|move|p2a: Aerodactyl|Stone Edge|p1a: Victini
|-supereffective|p1a: Victini
|-damage|p1a: Victini|0 fnt
|faint|p1a: Victini
|
|c| Alakabamm|EZ
|c| FatalDesire|WHY
|c| NagariNewMeta|herp
|
|switch|p1a: Keldeo|Keldeo|227\/323 brn
|turn|11
|c| Reqzz|his lando survives suckerpunch
|c| FatalDesire|WHY YOU NO SWITCH BRUTHA
|c| Reqzz|and if he decides to go for knock
|c|âblarghlfarghl|didnt think i needed it
|c| Reqzz|he outspeeds eith eq
|c| Alakabamm|ASCEND TO THE HEAVEN AERO
|c| Reqzz|top lel
|c| Alakabamm|he switches a lando in
|c| Alakabamm|I swords dance
|c|âRedKingAlmighty|theres a lopunny
|c| Alakabamm|+3 EZ
|c| EternusDraco|dude mega aero is wearing a tie
|c|âRedKingAlmighty|and a keldeo
|c| Reqzz|Thats situational alak
|c| EternusDraco|he's a boss
|c|âRedKingAlmighty|why is bisharp a threat?
|c| TheJFrenzy1|holy shit yeah it is
|
|switch|p2a: Keldeo|Keldeo|322\/322
|-damage|p2a: Keldeo|302\/322|[from] Stealth Rock
|move|p1a: Keldeo|Hidden Power|p2a: Keldeo
|-supereffective|p2a: Keldeo
|-damage|p2a: Keldeo|136\/322
|
|-heal|p2a: Keldeo|156\/322|[from] item: Leftovers
|-damage|p1a: Keldeo|187\/323 brn|[from] brn
|turn|12
|c| Alakabamm|so is that lando reqzz
|c| Reqzz|on what the person had in b4
|
|move|p1a: Keldeo|Hidden Power|p2a: Keldeo
|-supereffective|p2a: Keldeo
|-damage|p2a: Keldeo|0 fnt
|faint|p2a: Keldeo
|
|-damage|p1a: Keldeo|147\/323 brn|[from] brn
|c| FatalDesire|YEEEEEE
|
|switch|p2a: Latias|Latias, F|320\/320
|-damage|p2a: Latias|280\/320|[from] Stealth Rock
|turn|13
|c| Reqzz|enuff speed to outspeed sharp is standard
|c| Luck O' the Irish|nice
|c| FatalDesire|LESGOOOOOO
|c| Alakabamm|also easiest hp electric of all time
|
|move|p1a: Keldeo|Hidden Power|p2a: Latias
|-resisted|p2a: Latias
|-damage|p2a: Latias|251\/320
|move|p2a: Latias|Defog|p1a: Keldeo
|-unboost|p1a: Keldeo|evasion|1
|-sideend|p2: RedKingAlmighty|Stealth Rock|[from] move: Defog|[of] p2a: Latias
|
|-damage|p1a: Keldeo|107\/323 brn|[from] brn
|turn|14
|
|move|p1a: Keldeo|Hidden Power|p2a: Latias
|-resisted|p2a: Latias
|-damage|p2a: Latias|222\/320
|move|p2a: Latias|Roost|p2a: Latias
|-heal|p2a: Latias|320\/320
|
|-damage|p1a: Keldeo|67\/323 brn|[from] brn
|turn|15
|c| Alakabamm|>standard
|c| Alakabamm|>"good"
|c| Alakabamm|go on
|c| FatalDesire|XD
|c| Reqzz|Wait
|
|move|p1a: Keldeo|Hidden Power|p2a: Latias
|-resisted|p2a: Latias
|-damage|p2a: Latias|294\/320
|move|p2a: Latias|Psyshock|p1a: Keldeo
|-supereffective|p1a: Keldeo
|-damage|p1a: Keldeo|0 fnt
|-damage|p2a: Latias|262\/320|[from] item: Life Orb
|faint|p1a: Keldeo
|
|c| Reqzz|ur low ladder righ?
|c| Reqzz|explains it
|c| FatalDesire|i am too
|
|switch|p1a: Dragonite|Dragonite, M|338\/338
|turn|16
|c|âRedKingAlmighty|can we not
|c| FatalDesire|69 GXE :\/
|join|Numera
|c| Reqzz|no im done red
|raw|<div class="broadcast-red"><b>Moderated chat was set to +!<\/b><br \/>Only users of rank + and higher can talk.<\/div>
|
|switch|p1a: Thundurus|Thundurus, M|107\/300
|move|p2a: Latias|Draco Meteor|p1a: Thundurus
|-damage|p1a: Thundurus|0 fnt
|-unboost|p2a: Latias|spa|2
|-damage|p2a: Latias|230\/320|[from] item: Life Orb
|faint|p1a: Thundurus
|
|c|âRedKingAlmighty|and suddenly
|
|switch|p1a: Dragonite|Dragonite, M|338\/338
|turn|17
|
|switch|p2a: Slowbro|Slowbro, F|394\/394
|move|p1a: Dragonite|Dragon Dance|p1a: Dragonite
|-boost|p1a: Dragonite|atk|1
|-boost|p1a: Dragonite|spe|1
|
|turn|18
|join|The Dancing Lion
|
|move|p1a: Dragonite|Dragon Claw|p2a: Slowbro
|-damage|p2a: Slowbro|228\/394
|move|p2a: Slowbro|Thunder Wave|p1a: Dragonite
|-status|p1a: Dragonite|par
|-enditem|p1a: Dragonite|Lum Berry|[eat]
|-curestatus|p1a: Dragonite|par
|
|-heal|p2a: Slowbro|252\/394|[from] item: Leftovers
|turn|19
|
|move|p1a: Dragonite|Dragon Dance|p1a: Dragonite
|-boost|p1a: Dragonite|atk|1
|-boost|p1a: Dragonite|spe|1
|move|p2a: Slowbro|Thunder Wave|p1a: Dragonite
|-status|p1a: Dragonite|par
|
|-heal|p2a: Slowbro|276\/394|[from] item: Leftovers
|turn|20
|c|âRedKingAlmighty|i am a slowbro
|c|âblarghlfarghl|fuck
|c|âRedKingAlmighty|hear me roar
|c|âblarghlfarghl|lol
|
|cant|p1a: Dragonite|par
|move|p2a: Slowbro|Psyshock|p1a: Dragonite
|-damage|p1a: Dragonite|290\/338 par
|
|-heal|p2a: Slowbro|300\/394|[from] item: Leftovers
|turn|21
|c|âblarghlfarghl|...
|c|âblarghlfarghl|must be nice
|c|âRedKingAlmighty|it's already over
|c|âRedKingAlmighty|ngl
|
|switch|p2a: Latias|Latias, F|230\/320
|move|p1a: Dragonite|Dragon Claw|p2a: Latias
|-supereffective|p2a: Latias
|-damage|p2a: Latias|0 fnt
|faint|p2a: Latias
|
|
|switch|p2a: Aerodactyl|Aerodactyl-Mega, M|226\/301
|turn|22
|
|move|p1a: Dragonite|Extreme Speed|p2a: Aerodactyl
|-resisted|p2a: Aerodactyl
|-damage|p2a: Aerodactyl|105\/301
|move|p2a: Aerodactyl|Ice Fang|p1a: Dragonite
|-supereffective|p1a: Dragonite
|-damage|p1a: Dragonite|0 fnt
|faint|p1a: Dragonite
|
|join|Beevo13
|
|switch|p1a: Lopunny|Lopunny, F|272\/272
|turn|23
|
|detailschange|p1a: Lopunny|Lopunny-Mega, F
|-mega|p1a: Lopunny|Lopunny|Lopunnite
|move|p1a: Lopunny|Fake Out|p2a: Aerodactyl
|-resisted|p2a: Aerodactyl
|-damage|p2a: Aerodactyl|60\/301
|cant|p2a: Aerodactyl|flinch
|
|turn|24
|c|âblarghlfarghl|gg
|c|âRedKingAlmighty|gg
|
|move|p2a: Aerodactyl|Aerial Ace|p1a: Lopunny
|-supereffective|p1a: Lopunny
|-damage|p1a: Lopunny|0 fnt
|faint|p1a: Lopunny
|
|win|RedKingAlmighty
|leave|blarghlfarghl
|player|p1
|leave|Numera
|leave|RedKingAlmighty
|player|p2
|leave|Reqzz
|leave|The Dancing Lion
|leave|EternusDraco
|leave|Alakabamm
|leave|NagariNewMeta
|leave|Skuukzky Wish
|leave|FatalDesire
|leave|TheJFrenzy1
|leave|Luck O' the Irish
|leave|Beevo13
|leave|Alvok
|leave|y-Rex