|join|Qubae
|join|RedKingAlmighty
|player|p1|Qubae|37
|player|p2|RedKingAlmighty|154
|gametype|singles
|gen|6
|tier|OU
|clearpoke
|poke|p1|Gallade, M
|poke|p1|Landorus-Therian, M
|poke|p1|Latios, M
|poke|p1|Bisharp, M
|poke|p1|Keldeo
|poke|p1|Thundurus, M
|poke|p2|Seaking, F
|poke|p2|Politoed, M
|poke|p2|Kingdra, M
|poke|p2|Zapdos
|poke|p2|Ferrothorn, F
|poke|p2|Medicham, F
|rule|Swagger Clause: Swagger is banned
|rule|Baton Pass Clause: Limit one PokÃ©mon knowing Baton Pass
|rule|Sleep Clause Mod: Limit one foe put to sleep
|rule|Species Clause: Limit one of each PokÃ©mon
|rule|OHKO Clause: OHKO moves are banned
|rule|Moody Clause: Moody is banned
|rule|Evasion Moves Clause: Evasion moves are banned
|rule|Endless Battle Clause: Forcing endless battles is banned
|rule|HP Percentage Mod: HP is shown in percentages
|teampreview
|c|âQubae|SEAKING
|c|âQubae|THE GOD
|c|âRedKingAlmighty|quake in fear
|c|âQubae|TOO MUCH POWER
|c|âQubae|FOR ONE MATCH
|join|Venancio12
|c|âQubae|damn.
|c|âQubae|well built team
|c|âQubae|im bad against those.
|
|start
|switch|p1a: Bisharp|Bisharp, M|293\/293
|switch|p2a: Damp Roots|Ferrothorn, F|352\/352
|turn|1
|c|âRedKingAlmighty|i won a 120 man tournament with this
|c|âQubae|gdi
|c|âQubae|why dont i have low kick on this
|c|âRedKingAlmighty|despite seaking the rest of it sucks less ass
|c|âQubae|fkn valentine
|join|Bloodz
|
|move|p1a: Bisharp|Knock Off|p2a: Damp Roots
|-damage|p2a: Damp Roots|220\/352
|-damage|p1a: Bisharp|257\/293|[from] ability: Iron Barbs|[of] p2a: Damp Roots
|-enditem|p2a: Damp Roots|Leftovers|[from] move: Knock Off|[of] p1a: Bisharp
|move|p2a: Damp Roots|Stealth Rock|p1a: Bisharp
|-sidestart|p1: Qubae|move: Stealth Rock
|
|turn|2
|c| Bloodz|seaking
|c| Bloodz|burh
|c| Bloodz|bruh
|
|switch|p1a: Gallade|Gallade, M|278\/278
|-damage|p1a: Gallade|261\/278|[from] Stealth Rock
|move|p2a: Damp Roots|Leech Seed|p1a: Gallade
|-start|p1a: Gallade|move: Leech Seed
|
|-damage|p1a: Gallade|227\/278|[from] Leech Seed|[of] p2a: Damp Roots
|-heal|p2a: Damp Roots|254\/352|[silent]
|turn|3
|c| Bloodz|you gonna lose
|c|âQubae|ikr
|c|âQubae|aids basket
|
|detailschange|p1a: Gallade|Gallade-Mega, M
|message|Gallade has Mega Evolved into Mega Gallade!
|move|p1a: Gallade|Close Combat|p2a: Damp Roots
|-supereffective|p2a: Damp Roots
|-damage|p2a: Damp Roots|0 fnt
|-damage|p1a: Gallade|193\/278|[from] ability: Iron Barbs|[of] p2a: Damp Roots
|-unboost|p1a: Gallade|def|1
|-unboost|p1a: Gallade|spd|1
|faint|p2a: Damp Roots
|
|
|switch|p2a: Bruce Lee|Medicham, F|261\/261
|turn|4
|
|switch|p1a: Landorus-Therian|Landorus-Therian, M|319\/319
|-damage|p1a: Landorus-Therian|280\/319|[from] Stealth Rock
|-ability|p1a: Landorus-Therian|Intimidate|[of] p2a: Bruce Lee
|-unboost|p2a: Bruce Lee|atk|1
|detailschange|p2a: Bruce Lee|Medicham-Mega, F
|message|Medicham has Mega Evolved into Mega Medicham!
|move|p2a: Bruce Lee|Bullet Punch|p1a: Landorus-Therian
|-damage|p1a: Landorus-Therian|224\/319
|
|-heal|p1a: Landorus-Therian|243\/319|[from] item: Leftovers
|turn|5
|
|switch|p2a: Herald of the King|Politoed, M|364\/364
|-weather|RainDance
|move|p1a: Landorus-Therian|Stealth Rock|p2a: Herald of the King
|-sidestart|p2: RedKingAlmighty|move: Stealth Rock
|
|-weather|RainDance|[upkeep]
|-heal|p1a: Landorus-Therian|262\/319|[from] item: Leftovers
|turn|6
|c| Bloodz|they call me, damage
|c|âQubae|\/me looks at time
|
|move|p1a: Landorus-Therian|Explosion|p2a: Herald of the King
|-damage|p2a: Herald of the King|0 fnt
|faint|p1a: Landorus-Therian
|faint|p2a: Herald of the King
|
|-weather|RainDance|[upkeep]
|c|âQubae|:]
|c| Bloodz|explosion is kinda meh with the defensive set
|c| Bloodz|inb4 max attack
|c|âRedKingAlmighty|heres where this gets interesting
|
|switch|p1a: Gallade|Gallade-Mega, M|193\/278
|switch|p2a: RedKing|Seaking, F|302\/302
|-damage|p2a: RedKing|265\/302|[from] Stealth Rock
|-damage|p1a: Gallade|176\/278|[from] Stealth Rock
|turn|7
|c|âQubae|im not defensive
|c| Bloodz|SEAKING
|c|âQubae|oh shit
|c|âQubae|you have
|c|âQubae|swift swim
|c|âQubae|\/me ponders next play
|c|âRedKingAlmighty|lol
|
|move|p2a: RedKing|Waterfall|p1a: Gallade
|-damage|p1a: Gallade|0 fnt
|-damage|p2a: RedKing|235\/302|[from] item: Life Orb
|faint|p1a: Gallade
|
|-weather|RainDance|[upkeep]
|c| Bloodz|92 base attack
|c| Bloodz|OHHH
|c| Bloodz|RIP
|c|âQubae|ITS TOO MUCH
|
|switch|p1a: Thundurus|Thundurus, M|299\/299
|-damage|p1a: Thundurus|225\/299|[from] Stealth Rock
|turn|8
|c| Bloodz|\/me calcs
|
|move|p1a: Thundurus|Thunder Wave|p2a: RedKing
|-status|p2a: RedKing|par
|move|p2a: RedKing|Waterfall|p1a: Thundurus
|-damage|p1a: Thundurus|0 fnt
|-damage|p2a: RedKing|205\/302 par|[from] item: Life Orb
|faint|p1a: Thundurus
|
|-weather|RainDance|[upkeep]
|c|âQubae|DEAR GOD
|c|âQubae|THE POWER
|c| Bloodz|aaaaaaah
|c|âRedKingAlmighty|two seaking kills
|c| Bloodz|GETTING KILLS
|
|switch|p1a: Bisharp|Bisharp, M|257\/293
|-damage|p1a: Bisharp|239\/293|[from] Stealth Rock
|turn|9
|
|move|p1a: Bisharp|Knock Off|p2a: RedKing
|-damage|p2a: RedKing|0 fnt
|-enditem|p2a: RedKing|Life Orb|[from] move: Knock Off|[of] p1a: Bisharp
|faint|p2a: RedKing
|
|-weather|RainDance|[upkeep]
|c| Bloodz|you're doomed
|
|switch|p2a: Bruce Lee|Medicham-Mega, F|261\/261
|-damage|p2a: Bruce Lee|245\/261|[from] Stealth Rock
|turn|10
|c|âQubae|nah its ok.
|
|move|p1a: Bisharp|Sucker Punch|p2a: Bruce Lee
|-damage|p2a: Bruce Lee|80\/261
|move|p2a: Bruce Lee|High Jump Kick|p1a: Bisharp
|-supereffective|p1a: Bisharp
|-damage|p1a: Bisharp|0 fnt
|faint|p1a: Bisharp
|
|-weather|RainDance|[upkeep]
|c| Bloodz|I mean
|c| Bloodz|you killed seaking
|
|switch|p1a: Keldeo|Keldeo|323\/323
|-damage|p1a: Keldeo|303\/323|[from] Stealth Rock
|turn|11
|c| Bloodz|you're so doomed
|
|move|p2a: Bruce Lee|Bullet Punch|p1a: Keldeo
|-resisted|p1a: Keldeo
|-damage|p1a: Keldeo|257\/323
|move|p1a: Keldeo|Scald|p2a: Bruce Lee
|-damage|p2a: Bruce Lee|0 fnt
|faint|p2a: Bruce Lee
|
|-weather|RainDance|[upkeep]
|c| Venancio12|he lost his rain
|c| Bloodz|he has one more turn
|c|âQubae|please god
|c|âQubae|dont give him 9 turns
|
|switch|p2a: Kuddles|Kingdra, M|307\/307
|-damage|p2a: Kuddles|269\/307|[from] Stealth Rock
|turn|12
|
|move|p1a: Keldeo|Scald|p2a: Kuddles
|-resisted|p2a: Kuddles
|-damage|p2a: Kuddles|218\/307
|-status|p2a: Kuddles|brn
|move|p2a: Kuddles|Hydro Pump|p1a: Keldeo
|-resisted|p1a: Keldeo
|-damage|p1a: Keldeo|52\/323
|
|-weather|none
|-damage|p2a: Kuddles|180\/307 brn|[from] brn
|turn|13
|c| Bloodz|stay in and rain dance if you're real
|c|âQubae|reveal rain dance
|c| Bloodz|HYDRO????????
|c|âQubae|no more rain
|c| Bloodz|oh
|c|âQubae|:]
|c| Bloodz|rain dance
|c|âQubae|im inside
|
|move|p1a: Keldeo|Scald|p2a: Kuddles
|-resisted|p2a: Kuddles
|-damage|p2a: Kuddles|143\/307 brn
|move|p2a: Kuddles|Hydro Pump|p1a: Keldeo|[miss]
|-miss|p2a: Kuddles|p1a: Keldeo
|
|-damage|p2a: Kuddles|105\/307 brn|[from] brn
|turn|14
|c| Bloodz|tehee
|c| Bloodz|why would you
|c| Bloodz|rain dance
|c|âRedKingAlmighty|bleck
|c| Bloodz|I mean
|
|move|p1a: Keldeo|Scald|p2a: Kuddles
|-resisted|p2a: Kuddles
|-damage|p2a: Kuddles|69\/307 brn
|move|p2a: Kuddles|Hydro Pump|p1a: Keldeo
|-resisted|p1a: Keldeo
|-damage|p1a: Keldeo|0 fnt
|faint|p1a: Keldeo
|
|-damage|p2a: Kuddles|31\/307 brn|[from] brn
|c| Bloodz|hydro
|c|âRedKingAlmighty|theres a chance i still win
|
|switch|p1a: Latios|Latios, M|302\/302
|-damage|p1a: Latios|265\/302|[from] Stealth Rock
|turn|15
|c|âRedKingAlmighty|rof
|c| Bloodz|draco
|c|âQubae|theres no way
|c|âQubae|you're specs
|c|âQubae|like wtf
|c|âQubae|what are you
|
|move|p1a: Latios|Psyshock|p2a: Kuddles
|-damage|p2a: Kuddles|0 fnt
|-damage|p1a: Latios|235\/302|[from] item: Life Orb
|faint|p2a: Kuddles
|
|c|âRedKingAlmighty|specs
|
|switch|p2a: Lightning|Zapdos|383\/383
|-damage|p2a: Lightning|288\/383|[from] Stealth Rock
|-ability|p2a: Lightning|Pressure
|turn|16
|c|âQubae|that did
|c| Bloodz|if u dracod
|c|âQubae|way too little
|c| Bloodz|you would have won
|c|âQubae|to keldeo
|
|move|p1a: Latios|Psyshock|p2a: Lightning
|-damage|p2a: Lightning|135\/383
|-damage|p1a: Latios|205\/302|[from] item: Life Orb
|move|p2a: Lightning|Roost|p2a: Lightning
|-heal|p2a: Lightning|327\/383
|
|-heal|p2a: Lightning|350\/383|[from] item: Leftovers
|turn|17
|c| Bloodz|>psyshock
|
|move|p1a: Latios|Psyshock|p2a: Lightning
|-damage|p2a: Lightning|189\/383
|-damage|p1a: Latios|175\/302|[from] item: Life Orb
|move|p2a: Lightning|Roost|p2a: Lightning
|-heal|p2a: Lightning|381\/383
|
|-heal|p2a: Lightning|383\/383|[from] item: Leftovers
|turn|18
|c|âQubae|if i draco
|c|âQubae|i lose
|c|âQubae|lol
|c| Bloodz|it dies
|c| Bloodz|at 52
|c| Bloodz|lol
|c|âRedKingAlmighty|you lose
|c| Bloodz|75*
|
|move|p1a: Latios|Roost|p1a: Latios
|-heal|p1a: Latios|302\/302
|move|p2a: Lightning|Roost|p2a: Lightning
|-fail|p2a: Lightning
|
|turn|19
|
|move|p1a: Latios|Psyshock|p2a: Lightning
|-damage|p2a: Lightning|214\/383
|-damage|p1a: Latios|272\/302|[from] item: Life Orb
|move|p2a: Lightning|Thunderbolt|p1a: Latios
|-resisted|p1a: Latios
|-damage|p1a: Latios|215\/302
|-status|p1a: Latios|par
|
|-heal|p2a: Lightning|237\/383|[from] item: Leftovers
|turn|20
|c|âQubae|.
|c|âQubae|\/me looks for glass walls
|c| Bloodz|252 SpA Life Orb Latios Draco Meteor vs. 252 HP \/ 0 SpD Zapdos: 302-356 (78.6 - 92.7%) -- guaranteed 2HKO after Leftovers recovery
|c|âQubae|is this real life
|c| Bloodz|gone
|c|âRedKingAlmighty|yeah
|c|âRedKingAlmighty|eh
|
|move|p2a: Lightning|Roost|p2a: Lightning
|-heal|p2a: Lightning|383\/383
|cant|p1a: Latios|par
|
|turn|21
|c|âQubae|\/me sigh
|c|âRedKingAlmighty|im not even playing this aids teams well
|
|move|p2a: Lightning|Thunderbolt|p1a: Latios
|-resisted|p1a: Latios
|-damage|p1a: Latios|161\/302 par
|cant|p1a: Latios|par
|
|turn|22
|c|âQubae|\/me sighghh
|c| Bloodz|crit draco
|
|move|p2a: Lightning|Thunderbolt|p1a: Latios
|-resisted|p1a: Latios
|-damage|p1a: Latios|97\/302 par
|move|p1a: Latios|Roost|p1a: Latios
|-heal|p1a: Latios|248\/302 par
|
|turn|23
|c|âRedKingAlmighty|lol
|c| Bloodz|skrelp
|
|move|p2a: Lightning|Thunderbolt|p1a: Latios
|-resisted|p1a: Latios
|-damage|p1a: Latios|188\/302 par
|move|p1a: Latios|Draco Meteor|p2a: Lightning
|-crit|p2a: Lightning
|-damage|p2a: Lightning|0 fnt
|-unboost|p1a: Latios|spa|2
|-damage|p1a: Latios|158\/302 par|[from] item: Life Orb
|faint|p2a: Lightning
|
|win|Qubae
|c|âQubae|dw i have eq
|c| Bloodz|LOL
|c|âQubae|for when a zapdos para's me
|c|âQubae|ayyy
|c| Bloodz|LOOOOOOOOOL
|c|âRedKingAlmighty|nb
|c| Bloodz|CALLED IT
|c|âQubae|gg
|leave|Qubae
|player|p1
|leave|Bloodz
|c|âRedKingAlmighty|i need to actually
|leave|RedKingAlmighty
|player|p2