|join|Aka DH
|join|RedKingAlmighty
|player|p1|Aka DH|68
|player|p2|RedKingAlmighty|1
|gametype|singles
|gen|6
|tier|OU
|rated
|clearpoke
|poke|p1|Bisharp, M
|poke|p1|Venusaur, M
|poke|p1|Heatran, M
|poke|p1|Keldeo
|poke|p1|Chansey, F
|poke|p1|Skarmory, M
|poke|p2|Keldeo
|poke|p2|Celebi
|poke|p2|Charizard, M
|poke|p2|Tyranitar, M
|poke|p2|Scizor, F
|poke|p2|Landorus-Therian, M
|rule|Swagger Clause: Swagger is banned
|rule|Baton Pass Clause: Limit one PokÃ©mon knowing Baton Pass
|rule|Sleep Clause Mod: Limit one foe put to sleep
|rule|Species Clause: Limit one of each PokÃ©mon
|rule|OHKO Clause: OHKO moves are banned
|rule|Moody Clause: Moody is banned
|rule|Evasion Moves Clause: Evasion moves are banned
|rule|Endless Battle Clause: Forcing endless battles is banned
|rule|HP Percentage Mod: HP is shown in percentages
|teampreview
|
|start
|switch|p1a: Heatran|Heatran, M|340\/340
|switch|p2a: Atlas|Scizor, F|344\/344
|-item|p1a: Heatran|Air Balloon
|turn|1
|
|switch|p2a: Tyranitar|Tyranitar, M|404\/404
|-weather|Sandstorm
|move|p1a: Heatran|Fire Blast|p2a: Tyranitar
|-crit|p2a: Tyranitar
|-resisted|p2a: Tyranitar
|-damage|p2a: Tyranitar|320\/404
|
|-weather|Sandstorm|[upkeep]
|turn|2
|
|move|p1a: Heatran|Toxic|p2a: Tyranitar
|-status|p2a: Tyranitar|tox
|move|p2a: Tyranitar|Stone Edge|p1a: Heatran
|-crit|p1a: Heatran
|-damage|p1a: Heatran|0 fnt
|-enditem|p1a: Heatran|Air Balloon
|faint|p1a: Heatran
|
|-weather|Sandstorm|[upkeep]
|-damage|p2a: Tyranitar|295\/404 tox|[from] psn
|c|âRedKingAlmighty|lel
|join|Shavon
|
|switch|p1a: Skarmory|Skarmory, M|334\/334
|turn|3
|
|move|p1a: Skarmory|Spikes|p2a: Tyranitar
|-sidestart|p2: RedKingAlmighty|Spikes
|move|p2a: Tyranitar|Stone Edge|p1a: Skarmory|[miss]
|-miss|p2a: Tyranitar|p1a: Skarmory
|
|-weather|Sandstorm|[upkeep]
|-damage|p2a: Tyranitar|245\/404 tox|[from] psn
|turn|4
|join|Zenzo
|c|âRedKingAlmighty|mm
|
|move|p2a: Tyranitar|Stone Edge|p1a: Skarmory
|-damage|p1a: Skarmory|141\/334
|move|p1a: Skarmory|Whirlwind|p2a: Tyranitar
|drag|p2a: Celebi|Celebi|404\/404
|-damage|p2a: Celebi|354\/404|[from] Spikes
|
|-weather|Sandstorm|[upkeep]
|-damage|p2a: Celebi|329\/404|[from] sandstorm
|-heal|p2a: Celebi|354\/404|[from] item: Leftovers
|turn|5
|join|mistaken
|
|move|p2a: Celebi|Baton Pass|p2a: Celebi
|c| mistaken|welcome aka dh
|
|switch|p2a: Charizard|Charizard, M|298\/298
|move|p1a: Skarmory|Roost|p1a: Skarmory
|-heal|p1a: Skarmory|308\/334
|
|-weather|none
|turn|6
|c| Zenzo|hi, "appreciation"!
|raw|<div class="broadcast-red"><b>Moderated chat was set to +!<\/b><br \/>Only users of rank + and higher can talk.<\/div>
|
|switch|p1a: Keldeo|Keldeo|323\/323
|detailschange|p2a: Charizard|Charizard-Mega-X, M
|message|Charizard has Mega Evolved into Mega Charizard!
|move|p2a: Charizard|Flare Blitz|p1a: Keldeo
|-resisted|p1a: Keldeo
|-damage|p1a: Keldeo|176\/323
|-damage|p2a: Charizard|249\/298|[from] recoil|[of] p1a: Keldeo
|
|-heal|p1a: Keldeo|196\/323|[from] item: Leftovers
|turn|7
|leave|mistaken
|c|âRedKingAlmighty|hmm
|join|mistaken
|c|âRedKingAlmighty|i actually figured you would go for whirlwind
|
|switch|p2a: Celebi|Celebi|354\/404
|-damage|p2a: Celebi|304\/404|[from] Spikes
|move|p1a: Keldeo|Scald|p2a: Celebi
|-resisted|p2a: Celebi
|-damage|p2a: Celebi|247\/404
|
|-heal|p1a: Keldeo|216\/323|[from] item: Leftovers
|-heal|p2a: Celebi|272\/404|[from] item: Leftovers
|turn|8
|c|âRedKingAlmighty|AKA, zenzo wants me to roomvoice him
|c|âRedKingAlmighty|im assuming you turned on modchat for a reason
|c|âRedKingAlmighty|whats your call?
|
|move|p1a: Keldeo|Icy Wind|p2a: Celebi
|-supereffective|p2a: Celebi
|-damage|p2a: Celebi|158\/404
|-unboost|p2a: Celebi|spe|1
|move|p2a: Celebi|Substitute|p2a: Celebi
|-start|p2a: Celebi|Substitute
|-damage|p2a: Celebi|57\/404
|
|-heal|p1a: Keldeo|236\/323|[from] item: Leftovers
|-heal|p2a: Celebi|82\/404|[from] item: Leftovers
|turn|9
Zenzo was promoted to Room Voice by Aka DH.
|
|switch|p1a: Skarmory|Skarmory, M|308\/334
|move|p2a: Celebi|Recover|p2a: Celebi
|-heal|p2a: Celebi|284\/404
|
|-heal|p2a: Celebi|309\/404|[from] item: Leftovers
|turn|10
|
|move|p2a: Celebi|Giga Drain|p1a: Skarmory
|-resisted|p1a: Skarmory
|-damage|p1a: Skarmory|283\/334
|-heal|p2a: Celebi|322\/404|[from] drain|[of] p1a: Skarmory
|move|p1a: Skarmory|Whirlwind|p2a: Celebi
|drag|p2a: Charizard|Charizard-Mega-X, M|249\/298
|-damage|p2a: Charizard|212\/298|[from] Spikes
|
|turn|11
|
|move|p2a: Charizard|Flare Blitz|p1a: Skarmory
|-supereffective|p1a: Skarmory
|-damage|p1a: Skarmory|0 fnt
|-damage|p2a: Charizard|163\/298|[from] item: Rocky Helmet|[of] p1a: Skarmory
|-damage|p2a: Charizard|70\/298|[from] recoil|[of] p1a: Skarmory
|faint|p1a: Skarmory
|
|
|switch|p1a: Keldeo|Keldeo|236\/323
|turn|12
|
|move|p1a: Keldeo|Scald|p2a: Charizard
|-damage|p2a: Charizard|0 fnt
|faint|p2a: Charizard
|
|-heal|p1a: Keldeo|256\/323|[from] item: Leftovers
|
|switch|p2a: Celebi|Celebi|322\/404
|-damage|p2a: Celebi|272\/404|[from] Spikes
|turn|13
|
|switch|p1a: Bisharp|Bisharp, M|334\/334
|move|p2a: Celebi|Giga Drain|p1a: Bisharp
|-resisted|p1a: Bisharp
|-damage|p1a: Bisharp|271\/334
|-heal|p2a: Celebi|304\/404|[from] drain|[of] p1a: Bisharp
|
|-heal|p2a: Celebi|329\/404|[from] item: Leftovers
|-heal|p1a: Bisharp|291\/334|[from] item: Leftovers
|turn|14
|
|move|p2a: Celebi|Baton Pass|p2a: Celebi
|
|switch|p2a: Keldeo|Keldeo|323\/323
|-damage|p2a: Keldeo|283\/323|[from] Spikes
|move|p1a: Bisharp|Knock Off|p2a: Keldeo
|-resisted|p2a: Keldeo
|-damage|p2a: Keldeo|181\/323
|-boost|p2a: Keldeo|atk|1|[from] ability: Justified
|-enditem|p2a: Keldeo|Choice Scarf|[from] move: Knock Off|[of] p1a: Bisharp
|
|-heal|p1a: Bisharp|311\/334|[from] item: Leftovers
|turn|15
|c|+Zenzo|why the modchat?
|
|switch|p1a: Venusaur|Venusaur, M|364\/364
|move|p2a: Keldeo|Scald|p1a: Venusaur
|-resisted|p1a: Venusaur
|-damage|p1a: Venusaur|292\/364
|-status|p1a: Venusaur|brn
|
|-damage|p1a: Venusaur|247\/364 brn|[from] brn
|turn|16
|join|Alldaalts
|
|switch|p2a: Landorus-Therian|Landorus-Therian, M|382\/382
|-ability|p2a: Landorus-Therian|Intimidate|[of] p1a: Venusaur
|-unboost|p1a: Venusaur|atk|1
|switch|p1a: Bisharp|Bisharp, M|311\/334
|
|-heal|p1a: Bisharp|331\/334|[from] item: Leftovers
|turn|17
|
|move|p2a: Landorus-Therian|Stealth Rock|p1a: Bisharp
|-sidestart|p1: Aka DH|move: Stealth Rock
|move|p1a: Bisharp|Knock Off|p2a: Landorus-Therian
|-damage|p2a: Landorus-Therian|247\/382
|-enditem|p2a: Landorus-Therian|Leftovers|[from] move: Knock Off|[of] p1a: Bisharp
|
|-heal|p1a: Bisharp|334\/334|[from] item: Leftovers
|turn|18
|
|switch|p1a: Keldeo|Keldeo|256\/323
|-damage|p1a: Keldeo|236\/323|[from] Stealth Rock
|move|p2a: Landorus-Therian|Earthquake|p1a: Keldeo
|-damage|p1a: Keldeo|61\/323
|
|-heal|p1a: Keldeo|81\/323|[from] item: Leftovers
|turn|19
|join|Snakes n ladderz
|
|move|p1a: Keldeo|Icy Wind|p2a: Landorus-Therian
|-supereffective|p2a: Landorus-Therian
|-damage|p2a: Landorus-Therian|0 fnt
|faint|p2a: Landorus-Therian
|
|-heal|p1a: Keldeo|101\/323|[from] item: Leftovers
|
|switch|p2a: Celebi|Celebi|329\/404
|-damage|p2a: Celebi|279\/404|[from] Spikes
|turn|20
|
|switch|p1a: Bisharp|Bisharp, M|334\/334
|-damage|p1a: Bisharp|314\/334|[from] Stealth Rock
|move|p2a: Celebi|Substitute|p2a: Celebi
|-start|p2a: Celebi|Substitute
|-damage|p2a: Celebi|178\/404
|
|-heal|p2a: Celebi|203\/404|[from] item: Leftovers
|-heal|p1a: Bisharp|334\/334|[from] item: Leftovers
|turn|21
|
|move|p2a: Celebi|Baton Pass|p2a: Celebi
|
|switch|p2a: Keldeo|Keldeo|181\/323
|-damage|p2a: Keldeo|141\/323|[from] Spikes
|move|p1a: Bisharp|Knock Off|p2a: Keldeo
|-resisted|p2a: Keldeo
|-activate|p2a: Keldeo|Substitute|[damage]
|
|turn|22
|
|switch|p1a: Keldeo|Keldeo|101\/323
|-damage|p1a: Keldeo|81\/323|[from] Stealth Rock
|move|p2a: Keldeo|Hydro Pump|p1a: Keldeo
|-resisted|p1a: Keldeo
|-damage|p1a: Keldeo|0 fnt
|faint|p1a: Keldeo
|
|
|switch|p1a: Venusaur|Venusaur, M|247\/364 brn
|-damage|p1a: Venusaur|202\/364 brn|[from] Stealth Rock
|turn|23
|c|âRedKingAlmighty|hmm
|
|detailschange|p1a: Venusaur|Venusaur-Mega, M
|message|Venusaur has Mega Evolved into Mega Venusaur!
|move|p2a: Keldeo|Hydro Pump|p1a: Venusaur
|-resisted|p1a: Venusaur
|-damage|p1a: Venusaur|118\/364 brn
|move|p1a: Venusaur|Synthesis|p1a: Venusaur
|-heal|p1a: Venusaur|300\/364 brn
|
|-damage|p1a: Venusaur|255\/364 brn|[from] brn
|turn|24
|
|switch|p2a: Celebi|Celebi|203\/404
|-damage|p2a: Celebi|153\/404|[from] Spikes
|move|p1a: Venusaur|Giga Drain|p2a: Celebi
|-resisted|p2a: Celebi
|-damage|p2a: Celebi|111\/404
|-heal|p1a: Venusaur|276\/364 brn|[from] drain|[of] p2a: Celebi
|
|-heal|p2a: Celebi|136\/404|[from] item: Leftovers
|-damage|p1a: Venusaur|231\/364 brn|[from] brn
|turn|25
|
|switch|p1a: Chansey|Chansey, F|684\/684
|-damage|p1a: Chansey|599\/684|[from] Stealth Rock
|move|p2a: Celebi|Recover|p2a: Celebi
|-heal|p2a: Celebi|338\/404
|
|-heal|p2a: Celebi|363\/404|[from] item: Leftovers
|turn|26
|
|move|p2a: Celebi|Substitute|p2a: Celebi
|-start|p2a: Celebi|Substitute
|-damage|p2a: Celebi|262\/404
|move|p1a: Chansey|Seismic Toss|p2a: Celebi
|-activate|p2a: Celebi|Substitute|[damage]
|
|-heal|p2a: Celebi|287\/404|[from] item: Leftovers
|turn|27
|
|move|p2a: Celebi|Baton Pass|p2a: Celebi
|
|switch|p2a: Tyranitar|Tyranitar, M|245\/404 tox
|-damage|p2a: Tyranitar|195\/404 tox|[from] Spikes
|-weather|Sandstorm
|move|p1a: Chansey|Seismic Toss|p2a: Tyranitar
|-end|p2a: Tyranitar|Substitute
|
|-weather|Sandstorm|[upkeep]
|-damage|p1a: Chansey|557\/684|[from] sandstorm
|-damage|p2a: Tyranitar|170\/404 tox|[from] psn
|turn|28
|
|move|p2a: Tyranitar|Stone Edge|p1a: Chansey
|-damage|p1a: Chansey|136\/684
|move|p1a: Chansey|Aromatherapy|p1a: Chansey
|-cureteam|p1a: Chansey|[from] move: Aromatherapy
|
|-weather|Sandstorm|[upkeep]
|-damage|p1a: Chansey|94\/684|[from] sandstorm
|-damage|p2a: Tyranitar|120\/404 tox|[from] psn
|turn|29
|
|move|p2a: Tyranitar|Stone Edge|p1a: Chansey
|-damage|p1a: Chansey|0 fnt
|faint|p1a: Chansey
|
|-weather|Sandstorm|[upkeep]
|-damage|p2a: Tyranitar|45\/404 tox|[from] psn
|
|switch|p1a: Bisharp|Bisharp, M|334\/334
|-damage|p1a: Bisharp|314\/334|[from] Stealth Rock
|turn|30
|
|switch|p2a: Atlas|Scizor, F|344\/344
|-damage|p2a: Atlas|301\/344|[from] Spikes
|move|p1a: Bisharp|Swords Dance|p1a: Bisharp
|-boost|p1a: Bisharp|atk|2
|
|-weather|Sandstorm|[upkeep]
|-heal|p1a: Bisharp|334\/334|[from] item: Leftovers
|-heal|p2a: Atlas|322\/344|[from] item: Leftovers
|turn|31
|
|move|p1a: Bisharp|Knock Off|p2a: Atlas
|-damage|p2a: Atlas|37\/344
|-enditem|p2a: Atlas|Leftovers|[from] move: Knock Off|[of] p1a: Bisharp
|move|p2a: Atlas|U-turn|p1a: Bisharp
|-damage|p1a: Bisharp|232\/334
|
|switch|p2a: Keldeo|Keldeo|141\/323
|-damage|p2a: Keldeo|101\/323|[from] Spikes
|
|-weather|none
|-heal|p1a: Bisharp|252\/334|[from] item: Leftovers
|turn|32
|c|+Zenzo|gg
|
|move|p1a: Bisharp|Sucker Punch|p2a: Keldeo
|-resisted|p2a: Keldeo
|-damage|p2a: Keldeo|0 fnt
|faint|p2a: Keldeo
|
|-heal|p1a: Bisharp|272\/334|[from] item: Leftovers
|c|âRedKingAlmighty|it would seem i lose unfortunately
|-message|RedKingAlmighty forfeited.
|
|win|Aka DH
|raw|Ladder updating...