|join|RedKingAlmighty
|join|PragaSV
|player|p1|RedKingAlmighty|92
|player|p2|PragaSV|80
|gametype|singles
|gen|6
|tier|OU
|clearpoke
|poke|p1|Seaking, M
|poke|p1|Politoed, M
|poke|p1|Ferrothorn, M
|poke|p1|Kingdra, F
|poke|p1|Swampert, M
|poke|p1|Toxicroak, M
|poke|p2|Camerupt, M
|poke|p2|Cofagrigus, F
|poke|p2|Cresselia, F
|poke|p2|Pangoro, M
|poke|p2|Rhyperior, M
|poke|p2|Aromatisse, M
|rule|Swagger Clause: Swagger is banned
|rule|Baton Pass Clause: Limit one PokÃ©mon knowing Baton Pass
|rule|Sleep Clause Mod: Limit one foe put to sleep
|rule|Species Clause: Limit one of each PokÃ©mon
|rule|OHKO Clause: OHKO moves are banned
|rule|Moody Clause: Moody is banned
|rule|Evasion Moves Clause: Evasion moves are banned
|rule|Endless Battle Clause: Forcing endless battles is banned
|rule|HP Percentage Mod: HP is shown in percentages
|teampreview
|c|âPragaSV|gl
|c|âRedKingAlmighty|!dt RedKing
No Pokemon, item, move, ability or nature named 'RedKing' was found. Showing the data of 'Seaking' instead.
|c|~|\/data-pokemon Seaking
|raw|<font size="1"><font color=#585858>Dex#:<\/font> 119&nbsp;|&ThickSpace;<font color=#585858>Height:<\/font> 1.3 m&nbsp;|&ThickSpace;<font color=#585858>Weight:<\/font> 39 kg <em>(60 BP)<\/em>&nbsp;|&ThickSpace;<font color=#585858>Dex Colour:<\/font> Red&nbsp;|&ThickSpace;<font color=#585858>Egg Group(s):<\/font> Water 2&nbsp;|&ThickSpace;<font color=#585858><font color=#585858>Does Not Evolve<\/font><\/font><\/font>
|c|âPragaSV|so rhyperior is basically nothing
|
|start
|switch|p1a: Politoed|Politoed, M|383\/383
|switch|p2a: Cofagrigus|Cofagrigus, F|320\/320
|-weather|RainDance
|turn|1
|
|move|p1a: Politoed|Scald|p2a: Cofagrigus
|-damage|p2a: Cofagrigus|236\/320
|-status|p2a: Cofagrigus|brn
|move|p2a: Cofagrigus|Trick Room|p2a: Cofagrigus
|-fieldstart|move: Trick Room|[of] p2a: Cofagrigus
|
|-weather|RainDance|[upkeep]
|-heal|p2a: Cofagrigus|256\/320 brn|[from] item: Leftovers
|-damage|p2a: Cofagrigus|216\/320 brn|[from] brn
|turn|2
|c|âPragaSV|maybe camerupt too
|
|switch|p2a: Cresselia|Cresselia, F|444\/444
|move|p1a: Politoed|Perish Song|p1a: Politoed
|-fieldactivate|move: Perish Song
|
|-start|p2a: Cresselia|perish3
|-start|p1a: Politoed|perish3
|-weather|RainDance|[upkeep]
|turn|3
|
|switch|p2a: Aromatisse|Aromatisse, M|406\/406
|switch|p1a: Ferrothorn|Ferrothorn, M|352\/352
|
|-weather|RainDance|[upkeep]
|turn|4
|
|move|p1a: Ferrothorn|Stealth Rock|p2a: Aromatisse
|-sidestart|p2: PragaSV|move: Stealth Rock
|move|p2a: Aromatisse|Wish|p2a: Aromatisse
|
|-weather|RainDance|[upkeep]
|turn|5
|
|switch|p2a: Cofagrigus|Cofagrigus, F|216\/320 brn
|-damage|p2a: Cofagrigus|176\/320 brn|[from] Stealth Rock
|move|p1a: Ferrothorn|Gyro Ball|p2a: Cofagrigus
|-damage|p2a: Cofagrigus|149\/320 brn
|-endability|p1a: Ferrothorn|ironbarbs|[from] Mummy
|-ability|p1a: Ferrothorn|Mummy|[from] Mummy
|
|-weather|RainDance|[upkeep]
|-heal|p2a: Cofagrigus|320\/320 brn|[from] move: Wish|[wisher] Aromatisse
|-damage|p2a: Cofagrigus|280\/320 brn|[from] brn
|-fieldend|move: Trick Room
|turn|6
|
|move|p2a: Cofagrigus|Will-O-Wisp|p1a: Ferrothorn
|-status|p1a: Ferrothorn|brn
|move|p1a: Ferrothorn|Leech Seed|p2a: Cofagrigus|[miss]
|-miss|p1a: Ferrothorn|p2a: Cofagrigus
|
|-weather|RainDance|[upkeep]
|-heal|p2a: Cofagrigus|300\/320 brn|[from] item: Leftovers
|-damage|p2a: Cofagrigus|260\/320 brn|[from] brn
|-damage|p1a: Ferrothorn|308\/352 brn|[from] brn
|turn|7
|
|move|p2a: Cofagrigus|Hex|p1a: Ferrothorn
|-damage|p1a: Ferrothorn|202\/352 brn
|move|p1a: Ferrothorn|Leech Seed|p2a: Cofagrigus
|-start|p2a: Cofagrigus|move: Leech Seed
|
|-weather|RainDance|[upkeep]
|-heal|p2a: Cofagrigus|280\/320 brn|[from] item: Leftovers
|-heal|p1a: Ferrothorn|224\/352 brn|[from] item: Leftovers
|-damage|p2a: Cofagrigus|240\/320 brn|[from] Leech Seed|[of] p1a: Ferrothorn
|-heal|p1a: Ferrothorn|264\/352 brn|[silent]
|-damage|p2a: Cofagrigus|200\/320 brn|[from] brn
|-damage|p1a: Ferrothorn|220\/352 brn|[from] brn
|turn|8
|
|switch|p1a: Politoed|Politoed, M|383\/383
|move|p2a: Cofagrigus|Trick Room|p2a: Cofagrigus
|-fieldstart|move: Trick Room|[of] p2a: Cofagrigus
|
|-weather|none
|-heal|p2a: Cofagrigus|220\/320 brn|[from] item: Leftovers
|-damage|p2a: Cofagrigus|180\/320 brn|[from] Leech Seed|[of] p1a: Politoed
|-damage|p2a: Cofagrigus|140\/320 brn|[from] brn
|turn|9
|
|switch|p2a: Pangoro|Pangoro, M|393\/393
|-damage|p2a: Pangoro|369\/393|[from] Stealth Rock
|switch|p1a: Ferrothorn|Ferrothorn, M|220\/352 brn
|
|-heal|p1a: Ferrothorn|242\/352 brn|[from] item: Leftovers
|-damage|p1a: Ferrothorn|198\/352 brn|[from] brn
|turn|10
|
|switch|p1a: Politoed|Politoed, M|383\/383
|-weather|RainDance
|move|p2a: Pangoro|Knock Off|p1a: Politoed
|-damage|p1a: Politoed|136\/383
|-enditem|p1a: Politoed|Damp Rock|[from] move: Knock Off|[of] p2a: Pangoro
|
|-weather|RainDance|[upkeep]
|turn|11
|
|switch|p1a: Swampert|Swampert, M|342\/342
|move|p2a: Pangoro|Knock Off|p1a: Swampert
|-damage|p1a: Swampert|123\/342
|
|-weather|RainDance|[upkeep]
|turn|12
|c|âPragaSV|dood
|c|âRedKingAlmighty|jeez
|
|detailschange|p1a: Swampert|Swampert-Mega, M
|-mega|p1a: Swampert|Swampert|Swampertite
|move|p2a: Pangoro|Knock Off|p1a: Swampert
|-damage|p1a: Swampert|0 fnt
|faint|p1a: Swampert
|
|-weather|RainDance|[upkeep]
|-fieldend|move: Trick Room
|c|âPragaSV|calm down pangoro
|
|switch|p1a: Kingdra|Kingdra, F|291\/291
|turn|13
|
|switch|p2a: Cofagrigus|Cofagrigus, F|140\/320 brn
|-damage|p2a: Cofagrigus|100\/320 brn|[from] Stealth Rock
|move|p1a: Kingdra|Hydro Pump|p2a: Cofagrigus
|-damage|p2a: Cofagrigus|0 fnt
|faint|p2a: Cofagrigus
|
|-weather|RainDance|[upkeep]
|
|switch|p2a: Cresselia|Cresselia, F|444\/444
|-damage|p2a: Cresselia|389\/444|[from] Stealth Rock
|turn|14
|c|âRedKingAlmighty|cool resists m8
|
|move|p1a: Kingdra|Hydro Pump|p2a: Cresselia
|-damage|p2a: Cresselia|73\/444
|move|p2a: Cresselia|Trick Room|p2a: Cresselia
|-fieldstart|move: Trick Room|[of] p2a: Cresselia
|
|-weather|RainDance|[upkeep]
|-heal|p2a: Cresselia|100\/444|[from] item: Leftovers
|turn|15
|c|âRedKingAlmighty|fuuuuck
|
|move|p2a: Cresselia|Moonblast|p1a: Kingdra
|-supereffective|p1a: Kingdra
|-damage|p1a: Kingdra|121\/291
|move|p1a: Kingdra|Hydro Pump|p2a: Cresselia
|-damage|p2a: Cresselia|0 fnt
|faint|p2a: Cresselia
|
|-weather|RainDance|[upkeep]
|c|âRedKingAlmighty|that
|
|switch|p2a: Camerupt|Camerupt, M|343\/343
|-damage|p2a: Camerupt|301\/343|[from] Stealth Rock
|turn|16
|
|switch|p1a: Ferrothorn|Ferrothorn, M|198\/352 brn
|detailschange|p2a: Camerupt|Camerupt-Mega, M
|-mega|p2a: Camerupt|Camerupt|Cameruptite
|move|p2a: Camerupt|Earth Power|p1a: Ferrothorn
|-damage|p1a: Ferrothorn|38\/352 brn
|
|-weather|RainDance|[upkeep]
|-heal|p1a: Ferrothorn|60\/352 brn|[from] item: Leftovers
|-damage|p1a: Ferrothorn|16\/352 brn|[from] brn
|turn|17
|
|move|p2a: Camerupt|Earth Power|p1a: Ferrothorn
|-damage|p1a: Ferrothorn|0 fnt
|faint|p1a: Ferrothorn
|
|-weather|none
|c|âPragaSV|1 more thing
|
|switch|p1a: Politoed|Politoed, M|136\/383
|-weather|RainDance
|turn|18
|c|âRedKingAlmighty|what
|c|âPragaSV|gets bopped
|
|switch|p1a: Seaking|Seaking, M|301\/301
|move|p2a: Camerupt|Earth Power|p1a: Seaking
|-damage|p1a: Seaking|0 fnt
|faint|p1a: Seaking
|
|-weather|RainDance|[upkeep]
|-fieldend|move: Trick Room
|
|switch|p1a: Kingdra|Kingdra, F|121\/291
|turn|19
|c|âPragaSV|nice and power
|c|âRedKingAlmighty|gl setting up
|c|âRedKingAlmighty|with aromatisse
|
|move|p1a: Kingdra|Hydro Pump|p2a: Camerupt|[miss]
|-miss|p1a: Kingdra|p2a: Camerupt
|move|p2a: Camerupt|Earth Power|p1a: Kingdra
|-damage|p1a: Kingdra|0 fnt
|faint|p1a: Kingdra
|
|-weather|RainDance|[upkeep]
|c|âPragaSV|gl missing
|c|âRedKingAlmighty|whelp
|c|âPragaSV|scald>hydropump
|
|switch|p1a: Politoed|Politoed, M|136\/383
|turn|20
|c|âPragaSV|RU TR pull through
|c|âRedKingAlmighty|yeah but i miss the OHKO
|
|switch|p2a: Pangoro|Pangoro, M|369\/393
|-damage|p2a: Pangoro|345\/393|[from] Stealth Rock
|move|p1a: Politoed|Scald|p2a: Pangoro
|-damage|p2a: Pangoro|170\/393
|
|-weather|RainDance|[upkeep]
|turn|21
|
|move|p1a: Politoed|Scald|p2a: Pangoro
|-damage|p2a: Pangoro|0 fnt
|faint|p2a: Pangoro
|
|-weather|RainDance|[upkeep]
|
|switch|p2a: Aromatisse|Aromatisse, M|406\/406
|-damage|p2a: Aromatisse|356\/406|[from] Stealth Rock
|turn|22
|c|âRedKingAlmighty|on a bunch of shit
|
|switch|p1a: Toxicroak|Toxicroak, M|308\/308
|move|p2a: Aromatisse|Trick Room|p2a: Aromatisse
|-fieldstart|move: Trick Room|[of] p2a: Aromatisse
|
|-weather|none
|-heal|p2a: Aromatisse|381\/406|[from] item: Leftovers
|turn|23
|c|âPragaSV|aint nobody got time for dry skin
|
|switch|p2a: Camerupt|Camerupt-Mega, M|301\/343
|-damage|p2a: Camerupt|259\/343|[from] Stealth Rock
|move|p1a: Toxicroak|Swords Dance|p1a: Toxicroak
|-boost|p1a: Toxicroak|atk|2
|
|turn|24
|
|move|p1a: Toxicroak|Sucker Punch|p2a: Camerupt
|-damage|p2a: Camerupt|81\/343
|move|p2a: Camerupt|Earth Power|p1a: Toxicroak
|-supereffective|p1a: Toxicroak
|-damage|p1a: Toxicroak|0 fnt
|faint|p1a: Toxicroak
|
|c|âRedKingAlmighty|damnit
|-message|RedKingAlmighty forfeited.
|
|win|PragaSV
|c|âPragaSV|gg
|join|Ill leave
|leave|RedKingAlmighty
|player|p1
|c|âPragaSV|yess