|join|TFL
|join|RedKingAlmighty
|player|p1|TFL|263
|player|p2|RedKingAlmighty|154
|gametype|singles
|gen|6
|tier|OU
|clearpoke
|poke|p1|Garchomp, M
|poke|p1|Jirachi
|poke|p1|Latias, F
|poke|p1|Keldeo
|poke|p1|Tyranitar, M
|poke|p1|Clefable, F
|poke|p2|Altaria, F
|poke|p2|Alomomola, F
|poke|p2|Jirachi
|poke|p2|Excadrill, F
|poke|p2|Gliscor, F
|poke|p2|Tornadus-Therian, M
|rule|Swagger Clause: Swagger is banned
|rule|Baton Pass Clause: Limit one PokÃ©mon knowing Baton Pass
|rule|Sleep Clause Mod: Limit one foe put to sleep
|rule|Species Clause: Limit one of each PokÃ©mon
|rule|OHKO Clause: OHKO moves are banned
|rule|Moody Clause: Moody is banned
|rule|Evasion Moves Clause: Evasion moves are banned
|rule|Endless Battle Clause: Forcing endless battles is banned
|rule|HP Percentage Mod: HP is shown in percentages
|teampreview
|
|start
|switch|p1a: Garchomp|Garchomp, M|420\/420
|switch|p2a: Altaria|Altaria, F|354\/354
|turn|1
|
|switch|p1a: Jirachi|Jirachi|404\/404
|detailschange|p2a: Altaria|Altaria-Mega, F
|-mega|p2a: Altaria|Altaria|Altarianite
|move|p2a: Altaria|Hyper Voice|p1a: Jirachi
|-crit|p1a: Jirachi
|-resisted|p1a: Jirachi
|-damage|p1a: Jirachi|261\/404
|
|-heal|p1a: Jirachi|286\/404|[from] item: Leftovers
|turn|2
|c|âRedKingAlmighty|mega bracelet.
|
|switch|p1a: Garchomp|Garchomp, M|420\/420
|move|p2a: Altaria|Fire Blast|p1a: Garchomp
|-resisted|p1a: Garchomp
|-damage|p1a: Garchomp|347\/420
|
|turn|3
|c|âRedKingAlmighty|yay for cancel button fails!
|
|switch|p1a: Clefable|Clefable, F|394\/394
|move|p2a: Altaria|Hyper Voice|p1a: Clefable
|-damage|p1a: Clefable|211\/394
|
|-heal|p1a: Clefable|235\/394|[from] item: Leftovers
|turn|4
|
|switch|p2a: Jirachi|Jirachi|404\/404
|move|p1a: Clefable|Soft-Boiled|p1a: Clefable
|-heal|p1a: Clefable|394\/394
|
|turn|5
|
|switch|p1a: Garchomp|Garchomp, M|347\/420
|move|p2a: Jirachi|Body Slam|p1a: Garchomp
|-damage|p1a: Garchomp|299\/420
|-damage|p2a: Jirachi|354\/404|[from] ability: Rough Skin|[of] p1a: Garchomp
|-damage|p2a: Jirachi|287\/404|[from] item: Rocky Helmet|[of] p1a: Garchomp
|
|-heal|p2a: Jirachi|312\/404|[from] item: Leftovers
|turn|6
|join|PhobiaBB
|
|switch|p2a: Altaria|Altaria-Mega, F|354\/354
|move|p1a: Garchomp|Stealth Rock|p2a: Altaria
|-sidestart|p2: RedKingAlmighty|move: Stealth Rock
|
|turn|7
|
|switch|p1a: Clefable|Clefable, F|394\/394
|switch|p2a: Excadrill|Excadrill, F|361\/361
|-damage|p2a: Excadrill|350\/361|[from] Stealth Rock
|-ability|p2a: Excadrill|Mold Breaker
|
|turn|8
|
|switch|p1a: Garchomp|Garchomp, M|299\/420
|move|p2a: Excadrill|Rapid Spin|p1a: Garchomp
|-damage|p1a: Garchomp|282\/420
|-damage|p2a: Excadrill|305\/361|[from] ability: Rough Skin|[of] p1a: Garchomp
|-damage|p2a: Excadrill|245\/361|[from] item: Rocky Helmet|[of] p1a: Garchomp
|-sideend|p2: RedKingAlmighty|Stealth Rock|[from] move: Rapid Spin|[of] p2a: Excadrill
|
|turn|9
|join|ggggd
|
|switch|p2a: Altaria|Altaria-Mega, F|354\/354
|move|p1a: Garchomp|Stealth Rock|p2a: Altaria
|-sidestart|p2: RedKingAlmighty|move: Stealth Rock
|
|turn|10
|
|switch|p1a: Clefable|Clefable, F|394\/394
|switch|p2a: Gliscor|Gliscor, F|354\/354
|-damage|p2a: Gliscor|310\/354|[from] Stealth Rock
|
|-status|p2a: Gliscor|tox|[from] item: Toxic Orb
|turn|11
|
|move|p2a: Gliscor|Taunt|p1a: Clefable
|-start|p1a: Clefable|move: Taunt
|move|p1a: Clefable|Moonblast|p2a: Gliscor
|-damage|p2a: Gliscor|169\/354 tox
|
|-heal|p2a: Gliscor|213\/354 tox|[from] ability: Poison Heal
|turn|12
|
|switch|p1a: Keldeo|Keldeo|324\/324
|move|p2a: Gliscor|Earthquake|p1a: Keldeo
|-damage|p1a: Keldeo|204\/324
|
|-heal|p2a: Gliscor|257\/354 tox|[from] ability: Poison Heal
|turn|13
|
|switch|p2a: Altaria|Altaria-Mega, F|354\/354
|-damage|p2a: Altaria|310\/354|[from] Stealth Rock
|move|p1a: Keldeo|Scald|p2a: Altaria
|-resisted|p2a: Altaria
|-damage|p2a: Altaria|202\/354
|
|turn|14
|
|switch|p1a: Jirachi|Jirachi|286\/404
|move|p2a: Altaria|Roost|p2a: Altaria
|-heal|p2a: Altaria|354\/354
|
|-heal|p1a: Jirachi|311\/404|[from] item: Leftovers
|turn|15
|
|switch|p2a: Gliscor|Gliscor, F|257\/354 tox
|-damage|p2a: Gliscor|213\/354 tox|[from] Stealth Rock
|move|p1a: Jirachi|Iron Head|p2a: Gliscor
|-damage|p2a: Gliscor|144\/354 tox
|
|-heal|p1a: Jirachi|336\/404|[from] item: Leftovers
|-heal|p2a: Gliscor|188\/354 tox|[from] ability: Poison Heal
|turn|16
|
|move|p1a: Jirachi|Iron Head|p2a: Gliscor
|-crit|p2a: Gliscor
|-damage|p2a: Gliscor|67\/354 tox
|cant|p2a: Gliscor|flinch
|
|-heal|p1a: Jirachi|361\/404|[from] item: Leftovers
|-heal|p2a: Gliscor|111\/354 tox|[from] ability: Poison Heal
|turn|17
|c|âTFL|1 more
|
|move|p1a: Jirachi|Iron Head|p2a: Gliscor
|-damage|p2a: Gliscor|32\/354 tox
|cant|p2a: Gliscor|flinch
|
|-heal|p1a: Jirachi|386\/404|[from] item: Leftovers
|-heal|p2a: Gliscor|76\/354 tox|[from] ability: Poison Heal
|turn|18
|c|âRedKingAlmighty|fuuuuuck
|
|switch|p2a: Tornadus-Therian|Tornadus-Therian, M|332\/332
|-damage|p2a: Tornadus-Therian|249\/332|[from] Stealth Rock
|move|p1a: Jirachi|Iron Head|p2a: Tornadus-Therian
|-damage|p2a: Tornadus-Therian|114\/332
|
|-heal|p1a: Jirachi|404\/404|[from] item: Leftovers
|turn|19
|c|âRedKingAlmighty|subtoxic rachi
|c|âRedKingAlmighty|so fucking annoying
|
|move|p2a: Tornadus-Therian|Knock Off|p1a: Jirachi
|-supereffective|p1a: Jirachi
|-damage|p1a: Jirachi|266\/404
|-enditem|p1a: Jirachi|Leftovers|[from] move: Knock Off|[of] p2a: Tornadus-Therian
|move|p1a: Jirachi|Iron Head|p2a: Tornadus-Therian
|-damage|p2a: Tornadus-Therian|0 fnt
|faint|p2a: Tornadus-Therian
|
|
|switch|p2a: Excadrill|Excadrill, F|245\/361
|-damage|p2a: Excadrill|234\/361|[from] Stealth Rock
|-ability|p2a: Excadrill|Mold Breaker
|turn|20
|
|switch|p1a: Tyranitar|Tyranitar, M|362\/362
|-weather|Sandstorm
|move|p2a: Excadrill|Earthquake|p1a: Tyranitar
|-supereffective|p1a: Tyranitar
|-damage|p1a: Tyranitar|24\/362
|
|-weather|Sandstorm|[upkeep]
|turn|21
|
|switch|p2a: Jirachi|Jirachi|312\/404
|-damage|p2a: Jirachi|287\/404|[from] Stealth Rock
|move|p1a: Tyranitar|Crunch|p2a: Jirachi
|-supereffective|p2a: Jirachi
|-damage|p2a: Jirachi|21\/404
|-unboost|p2a: Jirachi|def|1
|
|-weather|Sandstorm|[upkeep]
|-heal|p2a: Jirachi|46\/404|[from] item: Leftovers
|turn|22
|c|âRedKingAlmighty|...
|c|âTFL|munch
|
|move|p1a: Tyranitar|Crunch|p2a: Jirachi
|-supereffective|p2a: Jirachi
|-damage|p2a: Jirachi|0 fnt
|faint|p2a: Jirachi
|
|-weather|Sandstorm|[upkeep]
|c|âRedKingAlmighty|lol
|c|âRedKingAlmighty|i'm terribad
|c|âRedKingAlmighty|apparently
|
|switch|p2a: Excadrill|Excadrill, F|234\/361
|-damage|p2a: Excadrill|223\/361|[from] Stealth Rock
|-ability|p2a: Excadrill|Mold Breaker
|turn|23
|
|move|p2a: Excadrill|Earthquake|p1a: Tyranitar
|-supereffective|p1a: Tyranitar
|-damage|p1a: Tyranitar|0 fnt
|faint|p1a: Tyranitar
|
|-weather|Sandstorm|[upkeep]
|join|mistaken
|
|switch|p1a: Garchomp|Garchomp, M|282\/420
|turn|24
|
|move|p2a: Excadrill|Earthquake|p1a: Garchomp
|-damage|p1a: Garchomp|137\/420
|move|p1a: Garchomp|Dragon Tail|p2a: Excadrill
|-resisted|p2a: Excadrill
|-damage|p2a: Excadrill|153\/361
|drag|p2a: Altaria|Altaria-Mega, F|354\/354
|-damage|p2a: Altaria|310\/354|[from] Stealth Rock
|
|-weather|none
|turn|25
|
|switch|p1a: Jirachi|Jirachi|266\/404
|move|p2a: Altaria|Hyper Voice|p1a: Jirachi
|-resisted|p1a: Jirachi
|-damage|p1a: Jirachi|158\/404
|
|turn|26
|join|Jefo
|
|switch|p2a: Excadrill|Excadrill, F|153\/361
|-damage|p2a: Excadrill|142\/361|[from] Stealth Rock
|-ability|p2a: Excadrill|Mold Breaker
|move|p1a: Jirachi|Toxic|p2a: Excadrill
|-fail|p2a: Excadrill
|
|turn|27
|join|ZBEN
|leave|ZBEN
|
|switch|p1a: Garchomp|Garchomp, M|137\/420
|move|p2a: Excadrill|Iron Head|p1a: Garchomp
|-damage|p1a: Garchomp|20\/420
|-damage|p2a: Excadrill|97\/361|[from] ability: Rough Skin|[of] p1a: Garchomp
|-damage|p2a: Excadrill|37\/361|[from] item: Rocky Helmet|[of] p1a: Garchomp
|
|turn|28
|c|âRedKingAlmighty|sub toxic rachi
|c|âRedKingAlmighty|fuck that thing
|
|switch|p2a: Altaria|Altaria-Mega, F|310\/354
|-damage|p2a: Altaria|266\/354|[from] Stealth Rock
|move|p1a: Garchomp|Dragon Tail|p2a: Altaria
|-immune|p2a: Altaria|[msg]
|
|turn|29
|c|âTFL|i dont have sub tho
|
|switch|p1a: Clefable|Clefable, F|394\/394
|move|p2a: Altaria|Hyper Voice|p1a: Clefable
|-damage|p1a: Clefable|202\/394
|
|-heal|p1a: Clefable|226\/394|[from] item: Leftovers
|turn|30
|
|move|p2a: Altaria|Hyper Voice|p1a: Clefable
|-damage|p1a: Clefable|40\/394
|move|p1a: Clefable|Soft-Boiled|p1a: Clefable
|-heal|p1a: Clefable|237\/394
|
|-heal|p1a: Clefable|261\/394|[from] item: Leftovers
|turn|31
|
|move|p2a: Altaria|Hyper Voice|p1a: Clefable
|-damage|p1a: Clefable|84\/394
|move|p1a: Clefable|Soft-Boiled|p1a: Clefable
|-heal|p1a: Clefable|281\/394
|
|-heal|p1a: Clefable|305\/394|[from] item: Leftovers
|turn|32
|
|switch|p2a: Gliscor|Gliscor, F|76\/354 tox
|-damage|p2a: Gliscor|32\/354 tox|[from] Stealth Rock
|move|p1a: Clefable|Moonblast|p2a: Gliscor
|-damage|p2a: Gliscor|0 fnt
|faint|p2a: Gliscor
|
|-heal|p1a: Clefable|329\/394|[from] item: Leftovers
|c|âRedKingAlmighty|i'm bad at this
|-message|RedKingAlmighty forfeited.
|leave|RedKingAlmighty
|
|win|TFL
|player|p2
|leave|TFL
|player|p1
|join|zaeqweqeeeqee
|leave|Jefo
|leave|zaeqweqeeeqee