|join|RedKingAlmighty
|join|Truthster
|player|p1|RedKingAlmighty|92
|player|p2|Truthster|56
|gametype|singles
|gen|6
|tier|OU
|rated
|clearpoke
|poke|p1|Lopunny, F
|poke|p1|Sylveon, M
|poke|p1|Starmie
|poke|p1|Heatran, M
|poke|p1|Landorus-Therian, M
|poke|p1|Serperior, F
|poke|p2|Dragonite, M
|poke|p2|Venusaur, M
|poke|p2|Zapdos
|poke|p2|Breloom, M
|poke|p2|Cloyster, M
|poke|p2|Talonflame, F
|rule|Swagger Clause: Swagger is banned
|rule|Baton Pass Clause: Limit one PokÃ©mon knowing Baton Pass
|rule|Sleep Clause Mod: Limit one foe put to sleep
|rule|Species Clause: Limit one of each PokÃ©mon
|rule|OHKO Clause: OHKO moves are banned
|rule|Moody Clause: Moody is banned
|rule|Evasion Moves Clause: Evasion moves are banned
|rule|Endless Battle Clause: Forcing endless battles is banned
|rule|HP Percentage Mod: HP is shown in percentages
|teampreview
|
|start
|switch|p1a: The Last Word|Lopunny, F|271\/271
|switch|p2a: Talonflame|Talonflame, F|297\/297
|turn|1
|
|switch|p1a: Mr Kuddles|Heatran, M|324\/324
|-item|p1a: Mr Kuddles|Air Balloon
|move|p2a: Talonflame|Brave Bird|p1a: Mr Kuddles
|-resisted|p1a: Mr Kuddles
|-damage|p1a: Mr Kuddles|245\/324
|-enditem|p1a: Mr Kuddles|Air Balloon
|-damage|p2a: Talonflame|271\/297|[from] recoil|[of] p1a: Mr Kuddles
|
|-heal|p2a: Talonflame|289\/297|[from] item: Leftovers
|turn|2
|
|move|p2a: Talonflame|Swords Dance|p2a: Talonflame
|-boost|p2a: Talonflame|atk|2
|move|p1a: Mr Kuddles|Stealth Rock|p2a: Talonflame
|-sidestart|p2: Truthster|move: Stealth Rock
|
|-heal|p2a: Talonflame|297\/297|[from] item: Leftovers
|turn|3
|
|move|p2a: Talonflame|Brave Bird|p1a: Mr Kuddles
|-crit|p1a: Mr Kuddles
|-resisted|p1a: Mr Kuddles
|-damage|p1a: Mr Kuddles|10\/324
|-damage|p2a: Talonflame|219\/297|[from] recoil|[of] p1a: Mr Kuddles
|move|p1a: Mr Kuddles|Ancient Power|p2a: Talonflame
|-supereffective|p2a: Talonflame
|-damage|p2a: Talonflame|0 fnt
|faint|p2a: Talonflame
|
|
|switch|p2a: Zapdos|Zapdos|321\/321
|-damage|p2a: Zapdos|241\/321|[from] Stealth Rock
|-ability|p2a: Zapdos|Pressure
|turn|4
|
|move|p2a: Zapdos|Defog|p1a: Mr Kuddles
|-unboost|p1a: Mr Kuddles|evasion|1
|-sideend|p2: Truthster|Stealth Rock|[from] move: Defog|[of] p2a: Zapdos
|move|p1a: Mr Kuddles|Taunt|p2a: Zapdos
|-start|p2a: Zapdos|move: Taunt
|
|-heal|p2a: Zapdos|261\/321|[from] item: Leftovers
|turn|5
|
|switch|p1a: Bowtie|Sylveon, M|392\/392
|move|p2a: Zapdos|Discharge|p1a: Bowtie
|-damage|p1a: Bowtie|286\/392
|
|-heal|p2a: Zapdos|281\/321|[from] item: Leftovers
|turn|6
|
|switch|p2a: Venusaur|Venusaur, M|301\/301
|move|p1a: Bowtie|Psyshock|p2a: Venusaur
|-supereffective|p2a: Venusaur
|-damage|p2a: Venusaur|0 fnt
|faint|p2a: Venusaur
|
|c|âTruthster|ouch
|
|switch|p2a: Breloom|Breloom, M|262\/262
|turn|7
|
|switch|p1a: Mr Kuddles|Heatran, M|10\/324
|move|p2a: Breloom|Swords Dance|p2a: Breloom
|-boost|p2a: Breloom|atk|2
|
|turn|8
|
|move|p2a: Breloom|Mach Punch|p1a: Mr Kuddles
|-supereffective|p1a: Mr Kuddles
|-damage|p1a: Mr Kuddles|0 fnt
|faint|p1a: Mr Kuddles
|
|
|switch|p1a: The Last Word|Lopunny, F|271\/271
|turn|9
|
|detailschange|p1a: The Last Word|Lopunny-Mega, F
|-mega|p1a: The Last Word|Lopunny|Lopunnite
|move|p1a: The Last Word|Fake Out|p2a: Breloom
|-damage|p2a: Breloom|177\/262
|cant|p2a: Breloom|flinch
|
|turn|10
|
|switch|p1a: HYYYYPPPPEEE|Landorus-Therian, M|319\/319
|-ability|p1a: HYYYYPPPPEEE|Intimidate|[of] p2a: Breloom
|-unboost|p2a: Breloom|atk|1
|move|p2a: Breloom|Mach Punch|p1a: HYYYYPPPPEEE
|-resisted|p1a: HYYYYPPPPEEE
|-damage|p1a: HYYYYPPPPEEE|229\/319
|
|turn|11
|
|move|p1a: HYYYYPPPPEEE|U-turn|p2a: Breloom
|-damage|p2a: Breloom|63\/262
|
|switch|p1a: Fatass|Starmie|323\/323
|move|p2a: Breloom|Bullet Seed|p1a: Fatass
|-supereffective|p1a: Fatass
|-damage|p1a: Fatass|89\/323
|-supereffective|p1a: Fatass
|-damage|p1a: Fatass|0 fnt
|-hitcount|p1a: Fatass|2
|faint|p1a: Fatass
|
|
|switch|p1a: The Last Word|Lopunny-Mega, F|271\/271
|turn|12
|
|move|p1a: The Last Word|Fake Out|p2a: Breloom
|-damage|p2a: Breloom|0 fnt
|faint|p2a: Breloom
|
|
|switch|p2a: Cloyster|Cloyster, M|242\/242
|turn|13
|join|BHARATHTHEBEST
|
|move|p1a: The Last Word|High Jump Kick|p2a: Cloyster|[miss]
|-miss|p1a: The Last Word|p2a: Cloyster
|-damage|p1a: The Last Word|136\/271|[from] highjumpkick
|move|p2a: Cloyster|Icicle Spear|p1a: The Last Word
|-damage|p1a: The Last Word|96\/271
|-damage|p1a: The Last Word|56\/271
|-damage|p1a: The Last Word|13\/271
|-crit|p1a: The Last Word
|-damage|p1a: The Last Word|0 fnt
|-hitcount|p1a: The Last Word|4
|faint|p1a: The Last Word
|
|c|âRedKingAlmighty|wow
|
|switch|p1a: Bowtie|Sylveon, M|286\/392
|turn|14
|c|âTruthster|about time that thing missed
|
|move|p2a: Cloyster|Shell Smash|p2a: Cloyster
|-boost|p2a: Cloyster|atk|2
|-boost|p2a: Cloyster|spa|2
|-boost|p2a: Cloyster|spe|2
|-unboost|p2a: Cloyster|def|1
|-unboost|p2a: Cloyster|spd|1
|move|p1a: Bowtie|Hyper Voice|p2a: Cloyster
|-enditem|p2a: Cloyster|Focus Sash
|-damage|p2a: Cloyster|1\/242
|
|turn|15
|
|move|p2a: Cloyster|Icicle Spear|p1a: Bowtie
|-damage|p1a: Bowtie|166\/392
|-damage|p1a: Bowtie|61\/392
|-damage|p1a: Bowtie|0 fnt
|-hitcount|p1a: Bowtie|3
|faint|p1a: Bowtie
|
|
|switch|p1a: Regal|Serperior, F|291\/291
|turn|16
|
|move|p2a: Cloyster|Icicle Spear|p1a: Regal
|-supereffective|p1a: Regal
|-damage|p1a: Regal|117\/291
|-supereffective|p1a: Regal
|-damage|p1a: Regal|0 fnt
|-hitcount|p1a: Regal|2
|faint|p1a: Regal
|
|-message|RedKingAlmighty forfeited.
|join|jglblhyg
|leave|RedKingAlmighty
|c|âTruthster|gg
|
|win|Truthster
|raw|Ladder updating...
|player|p1
|raw|RedKingAlmighty's rating: 1565 &rarr; <strong>1540<\/strong><br \/>(-25 for losing)
|raw|Truthster's rating: 1472 &rarr; <strong>1497<\/strong><br \/>(+25 for winning)