|join|Qwazz
|join|RedKingAlmighty
|player|p1|Qwazz|170
|player|p2|RedKingAlmighty|92
|gametype|singles
|gen|6
|tier|OU
|clearpoke
|poke|p1|Charizard, M
|poke|p1|Jirachi
|poke|p1|Tornadus-Therian, M
|poke|p1|Chesnaught, F
|poke|p1|Starmie
|poke|p1|Granbull, M
|poke|p2|Starmie
|poke|p2|Heatran, F
|poke|p2|Landorus-Therian, M
|poke|p2|Serperior, M
|poke|p2|Rotom-Wash
|poke|p2|Gardevoir, F
|rule|Swagger Clause: Swagger is banned
|rule|Baton Pass Clause: Limit one PokÃ©mon knowing Baton Pass
|rule|Sleep Clause Mod: Limit one foe put to sleep
|rule|Species Clause: Limit one of each PokÃ©mon
|rule|OHKO Clause: OHKO moves are banned
|rule|Moody Clause: Moody is banned
|rule|Evasion Moves Clause: Evasion moves are banned
|rule|Endless Battle Clause: Forcing endless battles is banned
|rule|HP Percentage Mod: HP is shown in percentages
|teampreview
|join|dankbois
|
|start
|switch|p1a: Charizard|Charizard, M|359\/359
|switch|p2a: Gardevoir|Gardevoir, F|278\/278
|-ability|p2a: Gardevoir|Blaze|[from] ability: Trace|[of] p1a: Charizard
|turn|1
|c| dankbois|doom desire rachi c;?
|c|âRedKingAlmighty|tbh
|c|âRedKingAlmighty|if thats zard y
|
|detailschange|p2a: Gardevoir|Gardevoir-Mega, F
|-mega|p2a: Gardevoir|Gardevoir|Gardevoirite
|move|p2a: Gardevoir|Psyshock|p1a: Charizard
|-crit|p1a: Charizard
|-damage|p1a: Charizard|113\/359
|move|p1a: Charizard|Will-O-Wisp|p2a: Gardevoir
|-status|p2a: Gardevoir|brn
|
|-damage|p2a: Gardevoir|244\/278 brn|[from] brn
|turn|2
|c|âRedKingAlmighty|wtf
|c|âRedKingAlmighty|is this shit
|join|Draeden
|c| dankbois|rofl
|c| Draeden|Ah good.
|c| Draeden|WAIT A FUCKIN SECOND
|c| Draeden|REDKING CHANGED HIS AVI
|c|âRedKingAlmighty|[00:08:56] Qwazz: NICE N HAXED
|
|switch|p1a: Jirachi|Jirachi|404\/404
|move|p2a: Gardevoir|Hyper Voice|p1a: Jirachi
|-resisted|p1a: Jirachi
|-damage|p1a: Jirachi|319\/404
|
|-heal|p1a: Jirachi|344\/404|[from] item: Leftovers
|-damage|p2a: Gardevoir|210\/278 brn|[from] brn
|turn|3
|c|âRedKingAlmighty|yeh
|
|switch|p2a: Fatass|Starmie|323\/323
|move|p1a: Jirachi|Stealth Rock|p2a: Fatass
|-sidestart|p2: RedKingAlmighty|move: Stealth Rock
|
|-heal|p1a: Jirachi|369\/404|[from] item: Leftovers
|turn|4
|c|âRedKingAlmighty|it's not like
|c|âRedKingAlmighty|anybody uses this one
|c|âRedKingAlmighty|either
|
|switch|p1a: Tornadus-Therian|Tornadus-Therian, M|347\/347
|move|p2a: Fatass|Rapid Spin|p1a: Tornadus-Therian
|-damage|p1a: Tornadus-Therian|334\/347
|-sideend|p2: RedKingAlmighty|Stealth Rock|[from] move: Rapid Spin|[of] p2a: Fatass
|
|turn|5
|
|move|p1a: Tornadus-Therian|U-turn|p2a: Fatass
|-supereffective|p2a: Fatass
|-damage|p2a: Fatass|207\/323
|
|switch|p1a: Starmie|Starmie|323\/323
|move|p2a: Fatass|Scald|p1a: Starmie
|-resisted|p1a: Starmie
|-damage|p1a: Starmie|267\/323
|
|-heal|p2a: Fatass|227\/323|[from] item: Leftovers
|-heal|p1a: Starmie|287\/323|[from] item: Leftovers
|turn|6
|join|SilverReaper21
|c|âRedKingAlmighty|hey qwazz
|c|âRedKingAlmighty|bo3
|join|Qubae
|c|âRedKingAlmighty|i got a charger
|
|switch|p2a: Rotom-Wash|Rotom-Wash|304\/304
|switch|p1a: Tornadus-Therian|Tornadus-Therian, M|347\/347
|
|turn|7
|c| Qubae|i spy a granbull
|c| Draeden|Playin on Mobile
|join|PragaSV
|
|move|p1a: Tornadus-Therian|U-turn|p2a: Rotom-Wash
|-crit|p2a: Rotom-Wash
|-damage|p2a: Rotom-Wash|253\/304
|c| Draeden|This shits gonna go all kinds of wrong
|join|nnnnnnnj
|join|Goomba Stomp
|
|switch|p1a: Jirachi|Jirachi|369\/404
|move|p2a: Rotom-Wash|Volt Switch|p1a: Jirachi
|-damage|p1a: Jirachi|299\/404
|c|âRedKingAlmighty|im not on mobile
|join|jefo
|c| PragaSV|THAT POWERFUL GRANBULL
|join|Shadow Poochyena
|c| Draeden|Is it a stationary device?
|c| Draeden|If not.
|c| PragaSV|band\/av 4 sure
|c| Draeden|It's a Mobile
|c| Goomba Stomp|lol granbul.. poor feller
|
|switch|p2a: Mr Kuddles|Heatran, F|324\/324
|-item|p2a: Mr Kuddles|Air Balloon
|
|-heal|p1a: Jirachi|324\/404|[from] item: Leftovers
|turn|8
|join|beppityboopbop
|
|switch|p1a: Starmie|Starmie|287\/323
|move|p2a: Mr Kuddles|Stealth Rock|p1a: Starmie
|-sidestart|p1: Qwazz|move: Stealth Rock
|
|-heal|p1a: Starmie|307\/323|[from] item: Leftovers
|turn|9
|join|Senoki
|c| beppityboopbop|is that a
|
|switch|p2a: Regal|Serperior, M|291\/291
|move|p1a: Starmie|Rapid Spin|p2a: Regal
|-damage|p2a: Regal|277\/291
|-sideend|p1: Qwazz|Stealth Rock|[from] move: Rapid Spin|[of] p1a: Starmie
|
|-heal|p2a: Regal|291\/291|[from] item: Leftovers
|-heal|p1a: Starmie|323\/323|[from] item: Leftovers
|turn|10
|c| beppityboopbop|fkn
|c| beppityboopbop|granbull
|c| beppityboopbop|nig
|
|switch|p1a: Tornadus-Therian|Tornadus-Therian, M|347\/347
|move|p2a: Regal|Leaf Storm|p1a: Tornadus-Therian
|-resisted|p1a: Tornadus-Therian
|-damage|p1a: Tornadus-Therian|289\/347
|-boost|p2a: Regal|spa|2
|
|turn|11
|c| Draeden|Did you miss the Trash Talk that led up to this
|c| Draeden|?_?
|c| beppityboopbop|yes
|c| PragaSV|Draebae battle me next?
|
|switch|p2a: Rotom-Wash|Rotom-Wash|253\/304
|move|p1a: Tornadus-Therian|U-turn|p2a: Rotom-Wash
|-damage|p2a: Rotom-Wash|220\/304
|join|Eltrify
|c| beppityboopbop|wait no
|c|âRedKingAlmighty|i think this team
|
|switch|p1a: Charizard|Charizard, M|113\/359
|
|-heal|p2a: Rotom-Wash|239\/304|[from] item: Leftovers
|turn|12
|c| beppityboopbop|i just have terrible memory
|c|âRedKingAlmighty|still needs work
|leave|Eltrify
|join|unity chuggarules
|
|detailschange|p1a: Charizard|Charizard-Mega-X, M
|-mega|p1a: Charizard|Charizard|Charizardite X
|move|p1a: Charizard|Roost|p1a: Charizard
|-heal|p1a: Charizard|293\/359
|move|p2a: Rotom-Wash|Volt Switch|p1a: Charizard
|-resisted|p1a: Charizard
|-damage|p1a: Charizard|245\/359
|c| Goomba Stomp|if serp got power gem he'd be awesome
|c| Draeden|I ain't battlin today, Praga
|
|switch|p2a: HYYYYPPPPEEE|Landorus-Therian, M|319\/319
|-ability|p2a: HYYYYPPPPEEE|Intimidate|[of] p1a: Charizard
|-unboost|p1a: Charizard|atk|1
|
|turn|13
|c| PragaSV|kk
|c| Draeden|I'm runnin another game in the background an I'm laggin too much for dat
|
|switch|p1a: Chesnaught|Chesnaught, F|380\/380
|move|p2a: HYYYYPPPPEEE|Earthquake|p1a: Chesnaught
|-resisted|p1a: Chesnaught
|-damage|p1a: Chesnaught|323\/380
|
|-heal|p1a: Chesnaught|346\/380|[from] item: Leftovers
|turn|14
|c| SilverReaper21|I dont even have an OU team
|
|switch|p2a: Rotom-Wash|Rotom-Wash|239\/304
|move|p1a: Chesnaught|Leech Seed|p2a: Rotom-Wash
|-start|p2a: Rotom-Wash|move: Leech Seed
|
|-heal|p2a: Rotom-Wash|258\/304|[from] item: Leftovers
|-heal|p1a: Chesnaught|369\/380|[from] item: Leftovers
|-damage|p2a: Rotom-Wash|220\/304|[from] Leech Seed|[of] p1a: Chesnaught
|-heal|p1a: Chesnaught|380\/380|[silent]
|turn|15
|
|switch|p2a: Gardevoir|Gardevoir-Mega, F|210\/278 brn
|move|p1a: Chesnaught|Spiky Shield|p1a: Chesnaught
|-fail|p1a: Chesnaught
|
|-damage|p2a: Gardevoir|176\/278 brn|[from] brn
|turn|16
|
|move|p1a: Chesnaught|Spiky Shield|p1a: Chesnaught
|-singleturn|p1a: Chesnaught|move: Protect
|move|p2a: Gardevoir|Hyper Voice|p1a: Chesnaught
|-activate|p1a: Chesnaught|move: Protect
|
|-damage|p2a: Gardevoir|142\/278 brn|[from] brn
|turn|17
|
|switch|p1a: Jirachi|Jirachi|324\/404
|move|p2a: Gardevoir|Will-O-Wisp|p1a: Jirachi
|-status|p1a: Jirachi|brn
|
|-heal|p1a: Jirachi|349\/404 brn|[from] item: Leftovers
|-damage|p2a: Gardevoir|108\/278 brn|[from] brn
|-damage|p1a: Jirachi|299\/404 brn|[from] brn
|turn|18
|
|switch|p2a: Rotom-Wash|Rotom-Wash|220\/304
|move|p1a: Jirachi|Wish|p1a: Jirachi
|
|-heal|p1a: Jirachi|324\/404 brn|[from] item: Leftovers
|-heal|p2a: Rotom-Wash|239\/304|[from] item: Leftovers
|-damage|p1a: Jirachi|274\/404 brn|[from] brn
|turn|19
|
|switch|p1a: Charizard|Charizard-Mega-X, M|245\/359
|move|p2a: Rotom-Wash|Volt Switch|p1a: Charizard
|-resisted|p1a: Charizard
|-damage|p1a: Charizard|197\/359
|
|switch|p2a: HYYYYPPPPEEE|Landorus-Therian, M|319\/319
|-ability|p2a: HYYYYPPPPEEE|Intimidate|[of] p1a: Charizard
|-unboost|p1a: Charizard|atk|1
|
|-heal|p1a: Charizard|359\/359|[from] move: Wish|[wisher] Jirachi
|turn|20
|
|switch|p1a: Tornadus-Therian|Tornadus-Therian, M|347\/347
|move|p2a: HYYYYPPPPEEE|Earthquake|p1a: Tornadus-Therian
|-immune|p1a: Tornadus-Therian|[msg]
|
|turn|21
|
|switch|p2a: Rotom-Wash|Rotom-Wash|239\/304
|move|p1a: Tornadus-Therian|Knock Off|p2a: Rotom-Wash
|-damage|p2a: Rotom-Wash|190\/304
|-enditem|p2a: Rotom-Wash|Leftovers|[from] move: Knock Off|[of] p1a: Tornadus-Therian
|
|turn|22
|
|move|p1a: Tornadus-Therian|Superpower|p2a: Rotom-Wash
|-damage|p2a: Rotom-Wash|126\/304
|-unboost|p1a: Tornadus-Therian|atk|1
|-unboost|p1a: Tornadus-Therian|def|1
|move|p2a: Rotom-Wash|Pain Split|p1a: Tornadus-Therian
|-sethp|p1a: Tornadus-Therian|236\/347|p2a: Rotom-Wash|236\/304|[from] move: Pain Split
|
|turn|23
|c| beppityboopbop|can we take a moment
|c| beppityboopbop|to ask
|c| beppityboopbop|wtf is that
|c| beppityboopbop|on lando's head
|
|move|p1a: Tornadus-Therian|U-turn|p2a: Rotom-Wash
|-damage|p2a: Rotom-Wash|212\/304
|c|âRedKingAlmighty|swag
|
|switch|p1a: Charizard|Charizard-Mega-X, M|359\/359
|move|p2a: Rotom-Wash|Volt Switch|p1a: Charizard
|-crit|p1a: Charizard
|-resisted|p1a: Charizard
|-damage|p1a: Charizard|290\/359
|c|âRedKingAlmighty|thats what
|c| dankbois|his hairdo
|
|switch|p2a: HYYYYPPPPEEE|Landorus-Therian, M|319\/319
|-ability|p2a: HYYYYPPPPEEE|Intimidate|[of] p1a: Charizard
|-unboost|p1a: Charizard|atk|1
|
|turn|24
|c| beppityboopbop|is it like a built in pillow?
|c| beppityboopbop|marshmallow?
|c| dankbois|ye
|c| SilverReaper21|Yes
|
|switch|p1a: Chesnaught|Chesnaught, F|380\/380
|move|p2a: HYYYYPPPPEEE|Earthquake|p1a: Chesnaught
|-resisted|p1a: Chesnaught
|-damage|p1a: Chesnaught|319\/380
|
|-heal|p1a: Chesnaught|342\/380|[from] item: Leftovers
|turn|25
|c| SilverReaper21|Its a fluffy fluff pillow
|c| beppityboopbop|that would make sense like on his neck
|
|switch|p2a: Regal|Serperior, M|291\/291
|move|p1a: Chesnaught|Leech Seed|p2a: Regal
|-immune|p2a: Regal|[msg]
|
|-heal|p1a: Chesnaught|365\/380|[from] item: Leftovers
|turn|26
|
|switch|p1a: Charizard|Charizard-Mega-X, M|290\/359
|move|p2a: Regal|Leaf Storm|p1a: Charizard
|-resisted|p1a: Charizard
|-damage|p1a: Charizard|246\/359
|-boost|p2a: Regal|spa|2
|
|turn|27
|c| PragaSV|is arc alive?
|c|âRedKingAlmighty|bad move homie
|c| PragaSV|hp ground
|
|switch|p1a: Tornadus-Therian|Tornadus-Therian, M|347\/347
|move|p2a: Regal|Dragon Pulse|p1a: Tornadus-Therian
|-damage|p1a: Tornadus-Therian|256\/347
|
|turn|28
|c|âRedKingAlmighty|holy fuck
|c|âRedKingAlmighty|thats weak
|c| PragaSV|the plays
|c| beppityboopbop|that's also av torn
|c| PragaSV|AV Tornadus
|c| Goomba Stomp|lando is a sophisticate
|
|switch|p2a: Rotom-Wash|Rotom-Wash|212\/304
|move|p1a: Tornadus-Therian|Hurricane|p2a: Rotom-Wash
|-resisted|p2a: Rotom-Wash
|-damage|p2a: Rotom-Wash|141\/304
|
|turn|29
|
|move|p1a: Tornadus-Therian|U-turn|p2a: Rotom-Wash
|-damage|p2a: Rotom-Wash|109\/304
|
|switch|p1a: Charizard|Charizard-Mega-X, M|246\/359
|move|p2a: Rotom-Wash|Pain Split|p1a: Charizard
|-sethp|p1a: Charizard|177\/359|p2a: Rotom-Wash|177\/304|[from] move: Pain Split
|
|turn|30
|c| beppityboopbop|will-o the zard
|
|move|p1a: Charizard|Roost|p1a: Charizard
|-heal|p1a: Charizard|357\/359
|move|p2a: Rotom-Wash|Volt Switch|p1a: Charizard
|-resisted|p1a: Charizard
|-damage|p1a: Charizard|306\/359
|c| beppityboopbop|get the residual
|c|âRedKingAlmighty|....
|c|âRedKingAlmighty|are y stupid?
|c| Goomba Stomp|lol
|
|switch|p2a: HYYYYPPPPEEE|Landorus-Therian, M|319\/319
|-ability|p2a: HYYYYPPPPEEE|Intimidate|[of] p1a: Charizard
|-unboost|p1a: Charizard|atk|1
|
|turn|31
|c| dankbois|. jks mang
|c| beppityboopbop|i'm joking
|
|switch|p1a: Chesnaught|Chesnaught, F|365\/380
|move|p2a: HYYYYPPPPEEE|U-turn|p1a: Chesnaught
|-damage|p1a: Chesnaught|305\/380
|c| dankbois|this is too long
|c| dankbois|aint nobody got time for this
|
|switch|p2a: Mr Kuddles|Heatran, F|324\/324
|-item|p2a: Mr Kuddles|Air Balloon
|
|-heal|p1a: Chesnaught|328\/380|[from] item: Leftovers
|turn|32
|c| Goomba Stomp|i laughed but i wasnt sure if i was supose to or not
|c| dankbois|time to run doomdesire rachii
|c| beppityboopbop|<humour> will-o the zard <\/humour>
|
|switch|p1a: Starmie|Starmie|323\/323
|move|p2a: Mr Kuddles|Lava Plume|p1a: Starmie
|-resisted|p1a: Starmie
|-damage|p1a: Starmie|245\/323
|
|-heal|p1a: Starmie|265\/323|[from] item: Leftovers
|turn|33
|c| dankbois|java script
|c| unity chuggarules|wait
|
|switch|p2a: Fatass|Starmie|227\/323
|move|p1a: Starmie|Scald|p2a: Fatass
|-resisted|p2a: Fatass
|-damage|p2a: Fatass|176\/323
|
|-heal|p2a: Fatass|196\/323|[from] item: Leftovers
|-heal|p1a: Starmie|285\/323|[from] item: Leftovers
|turn|34
|join|Prankster
|c| unity chuggarules|why is there a gandbull?
|c|âRedKingAlmighty|b\/c qwazz is a hipster
|c| PragaSV|cuz wynaut
|c| beppityboopbop|bedause qwazz is real like that
|
|switch|p1a: Charizard|Charizard-Mega-X, M|306\/359
|move|p2a: Fatass|Recover|p2a: Fatass
|-heal|p2a: Fatass|323\/323
|
|turn|35
|c| Draeden|Why not?
|c| dankbois|prankster u saw klay in the 3rd mang...
|
|move|p2a: Fatass|Scald|p1a: Charizard
|-crit|p1a: Charizard
|-damage|p1a: Charizard|131\/359
|move|p1a: Charizard|Dragon Claw|p2a: Fatass
|-damage|p2a: Fatass|148\/323
|
|-heal|p2a: Fatass|168\/323|[from] item: Leftovers
|turn|36
|c| Goomba Stomp|does granbull do something that'll wow and amaze us? i cant wait
|c| Draeden|Just crit Scald again
|c| Draeden|ez
|c| PragaSV|Intimidate
|c|âRedKingAlmighty|ik
|
|switch|p2a: HYYYYPPPPEEE|Landorus-Therian, M|319\/319
|-ability|p2a: HYYYYPPPPEEE|Intimidate|[of] p1a: Charizard
|-unboost|p1a: Charizard|atk|1
|move|p1a: Charizard|Roost|p1a: Charizard
|-heal|p1a: Charizard|311\/359
|
|turn|37
|c| PragaSV|and band play rough
|
|switch|p1a: Chesnaught|Chesnaught, F|328\/380
|move|p2a: HYYYYPPPPEEE|U-turn|p1a: Chesnaught
|-damage|p1a: Chesnaught|270\/380
|c| unity chuggarules|the herra counter
|
|switch|p2a: Mr Kuddles|Heatran, F|324\/324
|-item|p2a: Mr Kuddles|Air Balloon
|
|-heal|p1a: Chesnaught|293\/380|[from] item: Leftovers
|turn|38
|leave|dankbois
|
|switch|p1a: Starmie|Starmie|285\/323
|move|p2a: Mr Kuddles|Lava Plume|p1a: Starmie
|-resisted|p1a: Starmie
|-damage|p1a: Starmie|210\/323
|-status|p1a: Starmie|brn
|
|-heal|p1a: Starmie|230\/323 brn|[from] item: Leftovers
|-damage|p1a: Starmie|190\/323 brn|[from] brn
|turn|39
|c| Goomba Stomp|chestnaught the god wall
|c| PragaSV|reveal grass knot
|c| SilverReaper21|Finally
|
|switch|p1a: Charizard|Charizard-Mega-X, M|311\/359
|switch|p2a: Regal|Serperior, M|291\/291
|
|turn|40
|c| Goomba Stomp|damn
|c| PragaSV|jolly zard
|c| PragaSV|sweep
|c| beppityboopbop|Why MGarde over Specs Sylv RKA
|
|switch|p2a: Mr Kuddles|Heatran, F|324\/324
|-item|p2a: Mr Kuddles|Air Balloon
|move|p1a: Charizard|Will-O-Wisp|p2a: Mr Kuddles
|-start|p2a: Mr Kuddles|ability: Flash Fire
|
|turn|41
|c| PragaSV|shret
|c| beppityboopbop|You had Sylv earlier right
|c|âRedKingAlmighty|b\/c mega slot was open
|c|âRedKingAlmighty|idk i'm still experimenting
|
|switch|p1a: Starmie|Starmie|190\/323
|move|p2a: Mr Kuddles|Stealth Rock|p1a: Starmie
|-sidestart|p1: Qwazz|move: Stealth Rock
|
|-heal|p1a: Starmie|210\/323|[from] item: Leftovers
|turn|42
|join|MARCU5theBAW5
|
|switch|p2a: Regal|Serperior, M|291\/291
|move|p1a: Starmie|Rapid Spin|p2a: Regal
|-damage|p2a: Regal|278\/291
|-sideend|p1: Qwazz|Stealth Rock|[from] move: Rapid Spin|[of] p1a: Starmie
|
|-heal|p2a: Regal|291\/291|[from] item: Leftovers
|-heal|p1a: Starmie|230\/323|[from] item: Leftovers
|turn|43
|leave|MARCU5theBAW5
|c| beppityboopbop|43 turns
|
|switch|p1a: Tornadus-Therian|Tornadus-Therian, M|347\/347
|move|p2a: Regal|Leaf Storm|p1a: Tornadus-Therian
|-resisted|p1a: Tornadus-Therian
|-damage|p1a: Tornadus-Therian|293\/347
|-boost|p2a: Regal|spa|2
|
|turn|44
|c| beppityboopbop|no dead mons
|c| Goomba Stomp|this'll be a long one
|c| beppityboopbop|zzzz
|c| Draeden|Welcome to Balance V Balance.
|
|switch|p2a: Rotom-Wash|Rotom-Wash|177\/304
|move|p1a: Tornadus-Therian|Hurricane|p2a: Rotom-Wash|[miss]
|-miss|p1a: Tornadus-Therian|p2a: Rotom-Wash
|
|turn|45
|c| PragaSV|rotom
|c| PragaSV|is a
|c|âRedKingAlmighty|this is actually
|
|move|p1a: Tornadus-Therian|U-turn|p2a: Rotom-Wash
|-damage|p2a: Rotom-Wash|144\/304
|c|âRedKingAlmighty|heavy offense
|c|âRedKingAlmighty|not balance
|
|switch|p1a: Granbull|Granbull, M|384\/384
|-ability|p1a: Granbull|Intimidate|[of] p2a: Rotom-Wash
|-unboost|p2a: Rotom-Wash|atk|1
|move|p2a: Rotom-Wash|Volt Switch|p1a: Granbull
|-damage|p1a: Granbull|261\/384
|c| PragaSV|chansey
|c| Draeden|You've got Bulky Starmie.
|
|switch|p2a: Regal|Serperior, M|291\/291
|
|-heal|p1a: Granbull|285\/384|[from] item: Leftovers
|turn|46
|c| PragaSV|BANDED GRANBULL
|c|âRedKingAlmighty|go away draeden
|c| PragaSV|NVM
|c| Goomba Stomp|granbull going to wreck shop now
|
|switch|p1a: Tornadus-Therian|Tornadus-Therian, M|347\/347
|move|p2a: Regal|Leaf Storm|p1a: Tornadus-Therian|[miss]
|-miss|p2a: Regal|p1a: Tornadus-Therian
|
|turn|47
|c| Draeden|I will never consider a team with Bulky Starmie Offense.
|c| Goomba Stomp|poo
|c| beppityboopbop|i'm going to bed now
|c| beppityboopbop|you kids have fun
|c|âRedKingAlmighty|FINE
|
|switch|p2a: Rotom-Wash|Rotom-Wash|144\/304
|move|p1a: Tornadus-Therian|Hurricane|p2a: Rotom-Wash|[miss]
|-miss|p1a: Tornadus-Therian|p2a: Rotom-Wash
|
|turn|48
|c| beppityboopbop|and don't kill each other
|c|âRedKingAlmighty|U PRICK
|c| Goomba Stomp|im off too
|
|move|p1a: Tornadus-Therian|U-turn|p2a: Rotom-Wash
|-damage|p2a: Rotom-Wash|111\/304
|c| Goomba Stomp|you guys have a good battle, night, etc. Toodles
|
|switch|p1a: Granbull|Granbull, M|285\/384
|-ability|p1a: Granbull|Intimidate|[of] p2a: Rotom-Wash
|-unboost|p2a: Rotom-Wash|atk|1
|move|p2a: Rotom-Wash|Pain Split|p1a: Granbull
|-sethp|p1a: Granbull|198\/384|p2a: Rotom-Wash|198\/304|[from] move: Pain Split
|
|-heal|p1a: Granbull|222\/384|[from] item: Leftovers
|turn|49
|c| beppityboopbop|you're gonna run out of leaf storms lol
|c| PragaSV|play rough tht nik
|c|âRedKingAlmighty|or will i?
|leave|beppityboopbop
|
|move|p2a: Rotom-Wash|Will-O-Wisp|p1a: Granbull
|-status|p1a: Granbull|brn
|move|p1a: Granbull|Heal Bell|p1a: Granbull
|-cureteam|p1a: Granbull|[from] move: HealBell
|
|-heal|p1a: Granbull|246\/384|[from] item: Leftovers
|turn|50
|c|âRedKingAlmighty|uhm
|c| PragaSV|mymy
|c| Draeden|.playz
|
|switch|p1a: Charizard|Charizard-Mega-X, M|311\/359
|move|p2a: Rotom-Wash|Volt Switch|p1a: Charizard
|-resisted|p1a: Charizard
|-damage|p1a: Charizard|262\/359
|c|âRedKingAlmighty|the point of that being?
|leave|Goomba Stomp
|
|switch|p2a: HYYYYPPPPEEE|Landorus-Therian, M|319\/319
|-ability|p2a: HYYYYPPPPEEE|Intimidate|[of] p1a: Charizard
|-unboost|p1a: Charizard|atk|1
|
|turn|51
|c| PragaSV|leftis
|c| PragaSV|es
|
|switch|p1a: Chesnaught|Chesnaught, F|293\/380
|move|p2a: HYYYYPPPPEEE|U-turn|p1a: Chesnaught
|-damage|p1a: Chesnaught|236\/380
|c| PragaSV|brb
|leave|PragaSV
|
|switch|p2a: Rotom-Wash|Rotom-Wash|198\/304
|
|-heal|p1a: Chesnaught|259\/380|[from] item: Leftovers
|turn|52
|join|Acrokid098
|c| jefo|do you have knock off
|
|move|p1a: Chesnaught|Spiky Shield|p1a: Chesnaught
|-singleturn|p1a: Chesnaught|move: Protect
|move|p2a: Rotom-Wash|Volt Switch|p1a: Chesnaught
|-activate|p1a: Chesnaught|move: Protect
|
|-heal|p1a: Chesnaught|282\/380|[from] item: Leftovers
|turn|53
|c| jefo|?_?
|join|Goomba Stomp
|leave|Goomba Stomp
|
|switch|p1a: Charizard|Charizard-Mega-X, M|262\/359
|move|p2a: Rotom-Wash|Volt Switch|p1a: Charizard
|-resisted|p1a: Charizard
|-damage|p1a: Charizard|211\/359
|
|switch|p2a: HYYYYPPPPEEE|Landorus-Therian, M|319\/319
|-ability|p2a: HYYYYPPPPEEE|Intimidate|[of] p1a: Charizard
|-unboost|p1a: Charizard|atk|1
|
|turn|54
|c| Prankster|is this for something?
|
|switch|p1a: Chesnaught|Chesnaught, F|282\/380
|move|p2a: HYYYYPPPPEEE|U-turn|p1a: Chesnaught
|-damage|p1a: Chesnaught|222\/380
|c|âRedKingAlmighty|shitalking
|c| Draeden|Yeah
|
|switch|p2a: Rotom-Wash|Rotom-Wash|198\/304
|
|-heal|p1a: Chesnaught|245\/380|[from] item: Leftovers
|turn|55
|c| Draeden|RedKing was talkin shit about Granbull
|c|âRedKingAlmighty|it's bad
|c| Draeden|Now he's gettin his ass icked
|c| Draeden|*kicked
|c|âRedKingAlmighty|no i'm not
|c| Prankster|lol
|
|move|p2a: Rotom-Wash|Will-O-Wisp|p1a: Chesnaught|[miss]
|-miss|p2a: Rotom-Wash|p1a: Chesnaught
|move|p1a: Chesnaught|Drain Punch|p2a: Rotom-Wash
|-damage|p2a: Rotom-Wash|138\/304
|-heal|p1a: Chesnaught|275\/380|[from] drain|[of] p2a: Rotom-Wash
|
|-heal|p1a: Chesnaught|298\/380|[from] item: Leftovers
|turn|56
|c|âRedKingAlmighty|wow
|c| Draeden|Like I said
|c| Draeden|Getting
|c| Draeden|Your
|c| Draeden|Ass
|
|move|p2a: Rotom-Wash|Will-O-Wisp|p1a: Chesnaught|[miss]
|-miss|p2a: Rotom-Wash|p1a: Chesnaught
|move|p1a: Chesnaught|Leech Seed|p2a: Rotom-Wash
|-start|p2a: Rotom-Wash|move: Leech Seed
|
|-heal|p1a: Chesnaught|321\/380|[from] item: Leftovers
|-damage|p2a: Rotom-Wash|100\/304|[from] Leech Seed|[of] p1a: Chesnaught
|-heal|p1a: Chesnaught|359\/380|[silent]
|turn|57
|c| Draeden|Kicked
|
|move|p1a: Chesnaught|Spiky Shield|p1a: Chesnaught
|-singleturn|p1a: Chesnaught|move: Protect
|move|p2a: Rotom-Wash|Pain Split|p1a: Chesnaught
|-activate|p1a: Chesnaught|move: Protect
|
|-heal|p1a: Chesnaught|380\/380|[from] item: Leftovers
|-damage|p2a: Rotom-Wash|62\/304|[from] Leech Seed|[of] p1a: Chesnaught
|turn|58
|
|switch|p1a: Charizard|Charizard-Mega-X, M|211\/359
|move|p2a: Rotom-Wash|Pain Split|p1a: Charizard
|-sethp|p1a: Charizard|136\/359|p2a: Rotom-Wash|136\/304|[from] move: Pain Split
|
|-damage|p2a: Rotom-Wash|98\/304|[from] Leech Seed|[of] p1a: Charizard
|-heal|p1a: Charizard|174\/359|[silent]
|turn|59
|leave|unity chuggarules
|c|âRedKingAlmighty|the amount of bullshit here
|c|âRedKingAlmighty|could kill a horse
|
|move|p1a: Charizard|Dragon Claw|p2a: Rotom-Wash
|-damage|p2a: Rotom-Wash|0 fnt
|faint|p2a: Rotom-Wash
|
|
|switch|p2a: HYYYYPPPPEEE|Landorus-Therian, M|319\/319
|-ability|p2a: HYYYYPPPPEEE|Intimidate|[of] p1a: Charizard
|-unboost|p1a: Charizard|atk|1
|turn|60
|
|switch|p1a: Granbull|Granbull, M|246\/384
|-ability|p1a: Granbull|Intimidate|[of] p2a: HYYYYPPPPEEE
|-unboost|p2a: HYYYYPPPPEEE|atk|1
|move|p2a: HYYYYPPPPEEE|U-turn|p1a: Granbull
|-resisted|p1a: Granbull
|-damage|p1a: Granbull|218\/384
|
|switch|p2a: Mr Kuddles|Heatran, F|324\/324
|-item|p2a: Mr Kuddles|Air Balloon
|
|-heal|p1a: Granbull|242\/384|[from] item: Leftovers
|turn|61
|leave|Qubae
|
|switch|p2a: HYYYYPPPPEEE|Landorus-Therian, M|319\/319
|-ability|p2a: HYYYYPPPPEEE|Intimidate|[of] p1a: Granbull
|-unboost|p1a: Granbull|atk|1
|switch|p1a: Starmie|Starmie|230\/323
|
|-heal|p1a: Starmie|250\/323|[from] item: Leftovers
|turn|62
|
|switch|p1a: Chesnaught|Chesnaught, F|380\/380
|move|p2a: HYYYYPPPPEEE|Knock Off|p1a: Chesnaught
|-resisted|p1a: Chesnaught
|-damage|p1a: Chesnaught|338\/380
|-enditem|p1a: Chesnaught|Leftovers|[from] move: Knock Off|[of] p2a: HYYYYPPPPEEE
|
|turn|63
|
|switch|p2a: Regal|Serperior, M|291\/291
|switch|p1a: Tornadus-Therian|Tornadus-Therian, M|347\/347
|
|turn|64
|join|etaoi
|join|unity chuggarules
|join|hyuga bro
|join|bahhhhhrrrramm
|join|lordofthejellyfish
|
|switch|p2a: HYYYYPPPPEEE|Landorus-Therian, M|319\/319
|-ability|p2a: HYYYYPPPPEEE|Intimidate|[of] p1a: Tornadus-Therian
|-unboost|p1a: Tornadus-Therian|atk|1
|move|p1a: Tornadus-Therian|Knock Off|p2a: HYYYYPPPPEEE
|-damage|p2a: HYYYYPPPPEEE|268\/319
|-enditem|p2a: HYYYYPPPPEEE|Choice Scarf|[from] move: Knock Off|[of] p1a: Tornadus-Therian
|
|turn|65
|join|Sharpteeth
|c| Sharpteeth|granbull
|c| Sharpteeth|granbull
|c| Sharpteeth|granbull
|
|move|p1a: Tornadus-Therian|U-turn|p2a: HYYYYPPPPEEE
|-resisted|p2a: HYYYYPPPPEEE
|-damage|p2a: HYYYYPPPPEEE|251\/319
|c|âRedKingAlmighty|i am this fucking close to forfeiting
|c|âRedKingAlmighty|sick of this shit
|
|switch|p1a: Chesnaught|Chesnaught, F|338\/380
|move|p2a: HYYYYPPPPEEE|Stone Edge|p1a: Chesnaught|[miss]
|-miss|p2a: HYYYYPPPPEEE|p1a: Chesnaught
|
|turn|66
|c|âRedKingAlmighty|hax is annoying
|c|âRedKingAlmighty|asfuq
|
|move|p2a: HYYYYPPPPEEE|U-turn|p1a: Chesnaught
|-damage|p1a: Chesnaught|281\/380
|
|switch|p2a: Fatass|Starmie|168\/323
|move|p1a: Chesnaught|Spikes|p2a: Fatass
|-sidestart|p2: RedKingAlmighty|Spikes
|
|-heal|p2a: Fatass|188\/323|[from] item: Leftovers
|turn|67
|leave|Shadow Poochyena
|c| Acrokid098|Props to RKA for not forfeiting yet.. I would have done the same :P haha
|
|switch|p1a: Charizard|Charizard-Mega-X, M|174\/359
|move|p2a: Fatass|Reflect Type|p1a: Charizard
|-start|p2a: Fatass|typechange|[from] move: Reflect Type|[of] p1a: Charizard
|
|-heal|p2a: Fatass|208\/323|[from] item: Leftovers
|turn|68
|c| Acrokid098|Hax was too real..
|
|switch|p2a: Mr Kuddles|Heatran, F|324\/324
|-item|p2a: Mr Kuddles|Air Balloon
|move|p1a: Charizard|Roost|p1a: Charizard
|-heal|p1a: Charizard|354\/359
|
|turn|69
|
|switch|p1a: Starmie|Starmie|250\/323
|move|p2a: Mr Kuddles|Stealth Rock|p1a: Starmie
|-sidestart|p1: Qwazz|move: Stealth Rock
|
|-heal|p1a: Starmie|270\/323|[from] item: Leftovers
|turn|70
|
|switch|p2a: Fatass|Starmie|208\/323
|-damage|p2a: Fatass|168\/323|[from] Spikes
|move|p1a: Starmie|Rapid Spin|p2a: Fatass
|-damage|p2a: Fatass|156\/323
|-sideend|p1: Qwazz|Stealth Rock|[from] move: Rapid Spin|[of] p1a: Starmie
|
|-heal|p2a: Fatass|176\/323|[from] item: Leftovers
|-heal|p1a: Starmie|290\/323|[from] item: Leftovers
|turn|71
|leave|hyuga bro
|
|switch|p1a: Tornadus-Therian|Tornadus-Therian, M|347\/347
|move|p2a: Fatass|Rapid Spin|p1a: Tornadus-Therian
|-damage|p1a: Tornadus-Therian|333\/347
|-sideend|p2: RedKingAlmighty|Spikes|[from] move: Rapid Spin|[of] p2a: Fatass
|
|-heal|p2a: Fatass|196\/323|[from] item: Leftovers
|turn|72
|-message|RedKingAlmighty forfeited.
|
|win|Qwazz
|c|âRedKingAlmighty|fuck this
|c|âRedKingAlmighty|i can't deal with this
|leave|bahhhhhrrrramm
|c|âRedKingAlmighty|if i can't cripple your mons at all ever
|c|âRedKingAlmighty|i can't win.
|leave|Sharpteeth
|leave|RedKingAlmighty
|player|p2
|leave|Acrokid098
|join|lolboy14
|join|Death's Head
|leave|SilverReaper21
|leave|Death's Head
|leave|lolboy14
|join|Acrokid098
|leave|unity chuggarules
|leave|Acrokid098
|leave|lordofthejellyfish
|leave|nnnnnnnj
|leave|Draeden
|join|Acrokid098
|leave|Acrokid098
|leave|Prankster
|join|Zibbity
|join|Sharpteeth
|leave|Sharpteeth