|join|Motherklang
|join|RedKingAlmighty
|join|I'M B4TMAN
|join|ArchPhantom
|join|Wond3rbread
|player|p1|Motherklang|226
|player|p2|RedKingAlmighty|154
|gametype|singles
|gen|6
|tier|OU (suspect test)
|clearpoke
|poke|p1|Chesnaught, M
|poke|p1|Heatran, F
|poke|p1|Bisharp, M
|poke|p1|Mew
|poke|p1|Diancie
|poke|p1|Landorus-Therian, M
|poke|p2|Charizard, F
|poke|p2|Diggersby, F
|poke|p2|Rotom-Wash
|poke|p2|Ferrothorn, M
|poke|p2|Latios, M
|poke|p2|Hippowdon, M
|rule|Swagger Clause: Swagger is banned
|rule|Baton Pass Clause: Limit one PokÃ©mon knowing Baton Pass
|rule|Sleep Clause Mod: Limit one foe put to sleep
|rule|Species Clause: Limit one of each PokÃ©mon
|rule|OHKO Clause: OHKO moves are banned
|rule|Moody Clause: Moody is banned
|rule|Evasion Moves Clause: Evasion moves are banned
|rule|Endless Battle Clause: Forcing endless battles is banned
|rule|HP Percentage Mod: HP is shown in percentages
|teampreview
|c|âRedKingAlmighty|my name is a joke
|join|Rooo
|c|âRedKingAlmighty|it's sad.
|join|Phillips
|join|Gnaro
|c| Wond3rbread|RKA is shofu
|c| Wond3rbread|everyone chall him
|c| Wond3rbread|:]
|join|You Know Gasai
|join|TheObsessed
|join|elitethewish
|
|start
|switch|p1a: Landorus-Therian|Landorus-Therian, M|319\/319
|switch|p2a: Diggersby Tho|Diggersby, F|311\/311
|-ability|p1a: Landorus-Therian|Intimidate|[of] p2a: Diggersby Tho
|-unboost|p2a: Diggersby Tho|atk|1
|turn|1
|join|Galactic Princess
|join|CloseBattle
|join|Shadow Poochyena
|
|move|p1a: Landorus-Therian|U-turn|p2a: Diggersby Tho
|-damage|p2a: Diggersby Tho|188\/311
|c|âRedKingAlmighty|if i could
|c|âRedKingAlmighty|then i would
|c|âRedKingAlmighty|i'll go wherever you will go
|leave|Phillips
|c|âRedKingAlmighty|way up high
|c|âRedKingAlmighty|right down low
|
|switch|p1a: Bisharp|Bisharp, M|271\/271
|move|p2a: Diggersby Tho|U-turn|p1a: Bisharp
|-damage|p1a: Bisharp|196\/271
|c|âRedKingAlmighty|IF I COULD TURN BACK TIME
|c|âRedKingAlmighty|IF I COULD MAKE YOU MINE
|
|switch|p2a: Charizard|Charizard, F|333\/333
|
|turn|2
|join|FamSlayer
|c| Wond3rbread|RKA
|c| Wond3rbread|shut up
|c| Wond3rbread|please
|c|âRedKingAlmighty|IF I COULD
|c|âRedKingAlmighty|THEN I WOULD
|c|âRedKingAlmighty|ILL GO WHEVER YOU WILL GO
|c| FamSlayer|oh god
|
|switch|p1a: Heatran|Heatran, F|385\/385
|detailschange|p2a: Charizard|Charizard-Mega-X, F
|-mega|p2a: Charizard|Charizard|Charizardite X
|move|p2a: Charizard|Flare Blitz|p1a: Heatran
|-start|p1a: Heatran|ability: Flash Fire
|
|turn|3
|c|âRedKingAlmighty|?
|
|switch|p2a: Rotom-Wash|Rotom-Wash|304\/304
|move|p1a: Heatran|Taunt|p2a: Rotom-Wash
|-start|p2a: Rotom-Wash|move: Taunt
|
|turn|4
|
|switch|p1a: Chesnaught|Chesnaught, M|379\/379
|move|p2a: Rotom-Wash|Hydro Pump|p1a: Chesnaught
|-resisted|p1a: Chesnaught
|-damage|p1a: Chesnaught|290\/379
|
|-heal|p1a: Chesnaught|313\/379|[from] item: Leftovers
|turn|5
|join|Bulgrom
|
|move|p2a: Rotom-Wash|Volt Switch|p1a: Chesnaught
|-resisted|p1a: Chesnaught
|-damage|p1a: Chesnaught|253\/379
|
|switch|p2a: Latios|Latios, M|302\/302
|move|p1a: Chesnaught|Drain Punch|p2a: Latios
|-resisted|p2a: Latios
|-damage|p2a: Latios|245\/302
|-heal|p1a: Chesnaught|282\/379|[from] drain|[of] p2a: Latios
|
|-heal|p1a: Chesnaught|305\/379|[from] item: Leftovers
|turn|6
|
|move|p1a: Chesnaught|Spiky Shield|p1a: Chesnaught
|-singleturn|p1a: Chesnaught|move: Protect
|move|p2a: Latios|Draco Meteor|p1a: Chesnaught
|-activate|p1a: Chesnaught|move: Protect
|
|-heal|p1a: Chesnaught|328\/379|[from] item: Leftovers
|turn|7
|c|âRedKingAlmighty|hmm
|
|switch|p1a: Diancie|Diancie|241\/241
|move|p2a: Latios|Draco Meteor|p1a: Diancie
|-immune|p1a: Diancie|[msg]
|
|turn|8
|
|switch|p2a: Ferrothorn|Ferrothorn, M|352\/352
|detailschange|p1a: Diancie|Diancie-Mega
|-mega|p1a: Diancie|Diancie|Diancite
|move|p1a: Diancie|Earth Power|p2a: Ferrothorn
|-damage|p2a: Ferrothorn|261\/352
|
|-heal|p2a: Ferrothorn|283\/352|[from] item: Leftovers
|turn|9
|
|switch|p1a: Heatran|Heatran, F|385\/385
|move|p2a: Ferrothorn|Leech Seed|p1a: Heatran
|-start|p1a: Heatran|move: Leech Seed
|
|-heal|p2a: Ferrothorn|305\/352|[from] item: Leftovers
|-damage|p1a: Heatran|337\/385|[from] Leech Seed|[of] p2a: Ferrothorn
|-heal|p2a: Ferrothorn|352\/352|[silent]
|turn|10
|c|âRedKingAlmighty|ugh
|c|âRedKingAlmighty|cancel button lol
|c|âRedKingAlmighty|im so bad
|
|switch|p2a: Rotom-Wash|Rotom-Wash|304\/304
|move|p1a: Heatran|Stealth Rock|p2a: Rotom-Wash
|-sidestart|p2: RedKingAlmighty|move: Stealth Rock
|
|-heal|p1a: Heatran|361\/385|[from] item: Leftovers
|-damage|p1a: Heatran|313\/385|[from] Leech Seed|[of] p2a: Rotom-Wash
|turn|11
|
|switch|p1a: Mew|Mew|403\/403
|move|p2a: Rotom-Wash|Hydro Pump|p1a: Mew
|-damage|p1a: Mew|301\/403
|
|-heal|p1a: Mew|326\/403|[from] item: Leftovers
|turn|12
|
|switch|p2a: Charizard|Charizard-Mega-X, F|333\/333
|-damage|p2a: Charizard|250\/333|[from] Stealth Rock
|move|p1a: Mew|Taunt|p2a: Charizard
|-start|p2a: Charizard|move: Taunt
|
|-heal|p1a: Mew|351\/403|[from] item: Leftovers
|turn|13
|
|switch|p1a: Diancie|Diancie-Mega|241\/241
|move|p2a: Charizard|Dragon Claw|p1a: Diancie
|-immune|p1a: Diancie|[msg]
|
|turn|14
|
|switch|p1a: Heatran|Heatran, F|313\/385
|switch|p2a: Ferrothorn|Ferrothorn, M|352\/352
|-damage|p2a: Ferrothorn|330\/352|[from] Stealth Rock
|
|-heal|p1a: Heatran|337\/385|[from] item: Leftovers
|-heal|p2a: Ferrothorn|352\/352|[from] item: Leftovers
|turn|15
|join|Starmei
|c| Wond3rbread|the plays
|c| Wond3rbread|:]
|leave|ArchPhantom
|
|switch|p2a: Rotom-Wash|Rotom-Wash|304\/304
|-damage|p2a: Rotom-Wash|266\/304|[from] Stealth Rock
|move|p1a: Heatran|Taunt|p2a: Rotom-Wash
|-start|p2a: Rotom-Wash|move: Taunt
|
|-heal|p2a: Rotom-Wash|285\/304|[from] item: Leftovers
|-heal|p1a: Heatran|361\/385|[from] item: Leftovers
|turn|16
|
|move|p2a: Rotom-Wash|Volt Switch|p1a: Heatran
|-damage|p1a: Heatran|300\/385
|
|switch|p2a: Diggersby Tho|Diggersby, F|188\/311
|-damage|p2a: Diggersby Tho|169\/311|[from] Stealth Rock
|move|p1a: Heatran|Lava Plume|p2a: Diggersby Tho
|-damage|p2a: Diggersby Tho|22\/311
|
|-heal|p1a: Heatran|324\/385|[from] item: Leftovers
|turn|17
|c|âRedKingAlmighty|oh shit
|c|âRedKingAlmighty|wrong pokemon
|c| Wond3rbread|no burn
|c| Wond3rbread|such wow
|
|switch|p1a: Landorus-Therian|Landorus-Therian, M|319\/319
|-ability|p1a: Landorus-Therian|Intimidate|[of] p2a: Diggersby Tho
|-unboost|p2a: Diggersby Tho|atk|1
|move|p2a: Diggersby Tho|Return|p1a: Landorus-Therian
|-damage|p1a: Landorus-Therian|135\/319
|
|turn|18
|join|kpotato12
|
|switch|p2a: Rotom-Wash|Rotom-Wash|285\/304
|-damage|p2a: Rotom-Wash|247\/304|[from] Stealth Rock
|move|p1a: Landorus-Therian|U-turn|p2a: Rotom-Wash
|-damage|p2a: Rotom-Wash|179\/304
|
|switch|p1a: Mew|Mew|351\/403
|
|-heal|p1a: Mew|376\/403|[from] item: Leftovers
|-heal|p2a: Rotom-Wash|198\/304|[from] item: Leftovers
|turn|19
|leave|Starmei
|
|switch|p2a: Charizard|Charizard-Mega-X, F|250\/333
|-damage|p2a: Charizard|167\/333|[from] Stealth Rock
|move|p1a: Mew|Knock Off|p2a: Charizard
|-damage|p2a: Charizard|126\/333
|
|-heal|p1a: Mew|401\/403|[from] item: Leftovers
|turn|20
|
|move|p2a: Charizard|Roost|p2a: Charizard
|-heal|p2a: Charizard|293\/333
|move|p1a: Mew|Taunt|p2a: Charizard
|-start|p2a: Charizard|move: Taunt
|
|-heal|p1a: Mew|403\/403|[from] item: Leftovers
|turn|21
|join|Invok3r
|leave|Invok3r
|
|switch|p1a: Heatran|Heatran, F|324\/385
|move|p2a: Charizard|Dragon Claw|p1a: Heatran
|-resisted|p1a: Heatran
|-damage|p1a: Heatran|219\/385
|
|-heal|p1a: Heatran|243\/385|[from] item: Leftovers
|turn|22
|
|switch|p2a: Rotom-Wash|Rotom-Wash|198\/304
|-damage|p2a: Rotom-Wash|160\/304|[from] Stealth Rock
|switch|p1a: Diancie|Diancie-Mega|241\/241
|
|-heal|p2a: Rotom-Wash|179\/304|[from] item: Leftovers
|turn|23
|leave|CloseBattle
|leave|kpotato12
|
|switch|p1a: Mew|Mew|403\/403
|move|p2a: Rotom-Wash|Volt Switch|p1a: Mew
|-damage|p1a: Mew|333\/403
|
|switch|p2a: Charizard|Charizard-Mega-X, F|293\/333
|-damage|p2a: Charizard|210\/333|[from] Stealth Rock
|
|-heal|p1a: Mew|358\/403|[from] item: Leftovers
|turn|24
|c| Wond3rbread|why is there a rotom-wash+ a zard
|c| Wond3rbread|on the screen
|c| Wond3rbread|wait glitch solved
|c|âRedKingAlmighty|just switch screens
|leave|You Know Gasai
|
|switch|p1a: Landorus-Therian|Landorus-Therian, M|135\/319
|-ability|p1a: Landorus-Therian|Intimidate|[of] p2a: Charizard
|-unboost|p2a: Charizard|atk|1
|move|p2a: Charizard|Dragon Dance|p2a: Charizard
|-boost|p2a: Charizard|atk|1
|-boost|p2a: Charizard|spe|1
|
|turn|25
|join|Areculus
|c|âRedKingAlmighty|oh shit
|c|âRedKingAlmighty|wtf
|c|âRedKingAlmighty|misclick
|c|âRedKingAlmighty|AGH
|c|âRedKingAlmighty|DAMNIT
|
|switch|p2a: Rotom-Wash|Rotom-Wash|179\/304
|-damage|p2a: Rotom-Wash|141\/304|[from] Stealth Rock
|move|p1a: Landorus-Therian|Earthquake|p2a: Rotom-Wash
|-immune|p2a: Rotom-Wash|[msg]
|
|-heal|p2a: Rotom-Wash|160\/304|[from] item: Leftovers
|turn|26
|c|âRedKingAlmighty|that was so close to enough chip dmg
|c|âRedKingAlmighty|thats gonna prolong this
|leave|Areculus
|c|âRedKingAlmighty|thats annoying asfuq
|
|switch|p1a: Mew|Mew|358\/403
|move|p2a: Rotom-Wash|Pain Split|p1a: Mew
|-sethp|p1a: Mew|259\/403|p2a: Rotom-Wash|259\/304|[from] move: Pain Split
|
|-heal|p1a: Mew|284\/403|[from] item: Leftovers
|-heal|p2a: Rotom-Wash|278\/304|[from] item: Leftovers
|turn|27
|join|Vrin
|leave|Bulgrom
|
|switch|p1a: Landorus-Therian|Landorus-Therian, M|135\/319
|-ability|p1a: Landorus-Therian|Intimidate|[of] p2a: Rotom-Wash
|-unboost|p2a: Rotom-Wash|atk|1
|move|p2a: Rotom-Wash|Volt Switch|p1a: Landorus-Therian
|-immune|p1a: Landorus-Therian|[msg]
|
|-heal|p2a: Rotom-Wash|297\/304|[from] item: Leftovers
|turn|28
|
|move|p1a: Landorus-Therian|U-turn|p2a: Rotom-Wash
|-damage|p2a: Rotom-Wash|223\/304
|join|Neo AE
|
|switch|p1a: Chesnaught|Chesnaught, M|328\/379
|move|p2a: Rotom-Wash|Volt Switch|p1a: Chesnaught
|-resisted|p1a: Chesnaught
|-damage|p1a: Chesnaught|269\/379
|c|âRedKingAlmighty|the dclaw misclick and the leech seed misclick has made this so annoying
|
|switch|p2a: Latios|Latios, M|245\/302
|-damage|p2a: Latios|208\/302|[from] Stealth Rock
|
|-heal|p1a: Chesnaught|292\/379|[from] item: Leftovers
|turn|29
|
|move|p1a: Chesnaught|Spiky Shield|p1a: Chesnaught
|-singleturn|p1a: Chesnaught|move: Protect
|move|p2a: Latios|Draco Meteor|p1a: Chesnaught
|-activate|p1a: Chesnaught|move: Protect
|
|-heal|p1a: Chesnaught|315\/379|[from] item: Leftovers
|turn|30
|
|move|p2a: Latios|Draco Meteor|p1a: Chesnaught
|-damage|p1a: Chesnaught|0 fnt
|-unboost|p2a: Latios|spa|2
|-damage|p2a: Latios|178\/302|[from] item: Life Orb
|faint|p1a: Chesnaught
|
|c|âMotherklang|ugh
|c|âRedKingAlmighty|bop.
|c| I'M B4TMAN|why no diancie?
|
|switch|p1a: Diancie|Diancie-Mega|241\/241
|turn|31
|c|âMotherklang|stupid play
|c|âRedKingAlmighty|b\/c i could psyshock
|c|âMotherklang|no need to risk
|c|âMotherklang|you were scarf
|c|âMotherklang|are scarf
|c|âRedKingAlmighty|yeah if anything go to heatran lol
|c|âMotherklang|yeah
|join|TFL
|
|switch|p2a: Ferrothorn|Ferrothorn, M|352\/352
|-damage|p2a: Ferrothorn|330\/352|[from] Stealth Rock
|switch|p1a: Heatran|Heatran, F|243\/385
|
|-heal|p1a: Heatran|267\/385|[from] item: Leftovers
|-heal|p2a: Ferrothorn|352\/352|[from] item: Leftovers
|turn|32
|c| TFL|im here to forcer wonderbreak to fight me
|c| TFL|force*
|c| TFL|d*
|c| TFL|i
|c|âRedKingAlmighty|bread
|c| TFL|cant
|c| TFL|tupe
|c|âRedKingAlmighty|LOL
|c| TFL|tipe
|
|switch|p2a: Rotom-Wash|Rotom-Wash|223\/304
|-damage|p2a: Rotom-Wash|185\/304|[from] Stealth Rock
|move|p1a: Heatran|Taunt|p2a: Rotom-Wash
|-start|p2a: Rotom-Wash|move: Taunt
|
|-heal|p2a: Rotom-Wash|204\/304|[from] item: Leftovers
|-heal|p1a: Heatran|291\/385|[from] item: Leftovers
|turn|33
|c|âRedKingAlmighty|TFL get your stoned ass out of my battle
|c| TFL|k :[
|leave|TFL
|
|switch|p1a: Mew|Mew|284\/403
|move|p2a: Rotom-Wash|Hydro Pump|p1a: Mew
|-damage|p1a: Mew|167\/403
|
|-heal|p1a: Mew|192\/403|[from] item: Leftovers
|-heal|p2a: Rotom-Wash|223\/304|[from] item: Leftovers
|turn|34
|join|hashtagRjx
|
|move|p1a: Mew|Soft-Boiled|p1a: Mew
|-heal|p1a: Mew|394\/403
|move|p2a: Rotom-Wash|Volt Switch|p1a: Mew
|-damage|p1a: Mew|325\/403
|
|switch|p2a: Diggersby Tho|Diggersby, F|22\/311
|-damage|p2a: Diggersby Tho|3\/311|[from] Stealth Rock
|
|-heal|p1a: Mew|350\/403|[from] item: Leftovers
|turn|35
|join|Fizz on my Jayce
|join|Weeties
|join|Talonphlegm
|c| FamSlayer|guys this battle's been so long my gf texted me back
|
|move|p2a: Diggersby Tho|U-turn|p1a: Mew
|-supereffective|p1a: Mew
|-damage|p1a: Mew|128\/403
|c| I'M B4TMAN|lol xd
|c|âRedKingAlmighty|ikr
|
|switch|p2a: Rotom-Wash|Rotom-Wash|223\/304
|-damage|p2a: Rotom-Wash|185\/304|[from] Stealth Rock
|move|p1a: Mew|Knock Off|p2a: Rotom-Wash
|-damage|p2a: Rotom-Wash|136\/304
|-enditem|p2a: Rotom-Wash|Leftovers|[from] move: Knock Off|[of] p1a: Mew
|
|-heal|p1a: Mew|153\/403|[from] item: Leftovers
|turn|36
|
|move|p1a: Mew|Soft-Boiled|p1a: Mew
|-heal|p1a: Mew|355\/403
|move|p2a: Rotom-Wash|Pain Split|p1a: Mew
|-sethp|p1a: Mew|245\/403|p2a: Rotom-Wash|245\/304|[from] move: Pain Split
|
|-heal|p1a: Mew|270\/403|[from] item: Leftovers
|turn|37
|
|move|p1a: Mew|Will-O-Wisp|p2a: Rotom-Wash
|-status|p2a: Rotom-Wash|brn
|move|p2a: Rotom-Wash|Volt Switch|p1a: Mew
|-damage|p1a: Mew|197\/403
|
|switch|p2a: Charizard|Charizard-Mega-X, F|210\/333
|-damage|p2a: Charizard|127\/333|[from] Stealth Rock
|
|-heal|p1a: Mew|222\/403|[from] item: Leftovers
|turn|38
|
|switch|p1a: Diancie|Diancie-Mega|241\/241
|move|p2a: Charizard|Roost|p2a: Charizard
|-heal|p2a: Charizard|294\/333
|
|turn|39
|
|switch|p2a: Rotom-Wash|Rotom-Wash|245\/304 brn
|-damage|p2a: Rotom-Wash|207\/304 brn|[from] Stealth Rock
|move|p1a: Diancie|Earth Power|p2a: Rotom-Wash
|-immune|p2a: Rotom-Wash|[msg]
|
|-damage|p2a: Rotom-Wash|169\/304 brn|[from] brn
|turn|40
|leave|Weeties
|
|switch|p1a: Mew|Mew|222\/403
|move|p2a: Rotom-Wash|Volt Switch|p1a: Mew
|-damage|p1a: Mew|149\/403
|
|switch|p2a: Charizard|Charizard-Mega-X, F|294\/333
|-damage|p2a: Charizard|211\/333|[from] Stealth Rock
|
|-heal|p1a: Mew|174\/403|[from] item: Leftovers
|turn|41
|join|Black Belt Eric
|join|HTAG
|
|switch|p1a: Diancie|Diancie-Mega|241\/241
|move|p2a: Charizard|Flare Blitz|p1a: Diancie
|-resisted|p1a: Diancie
|-damage|p1a: Diancie|91\/241
|-damage|p2a: Charizard|161\/333|[from] recoil|[of] p1a: Diancie
|
|turn|42
|c| HTAG|why is hippo getting momentum again?
|c| HTAG|why are people using hippo again*
|join|RayDalio
|c| I'M B4TMAN|hippo is a beast
|c|âRedKingAlmighty|hippo is sitting there to 1v1 4 of his pokemon if i need it.
|
|switch|p2a: Ferrothorn|Ferrothorn, M|352\/352
|-damage|p2a: Ferrothorn|330\/352|[from] Stealth Rock
|move|p1a: Diancie|Earth Power|p2a: Ferrothorn
|-damage|p2a: Ferrothorn|250\/352
|
|-heal|p2a: Ferrothorn|272\/352|[from] item: Leftovers
|turn|43
|c| Vrin|108\/118\/72 defenses with slack off, rocks, whirlwind, and a cool defensive typing
|c| FamSlayer|"cool defensive typing" meaning ground?
|c|âRedKingAlmighty|checks everything from zard x to birdspam
|c| Vrin|yeah, but it's a useful type to have
|
|move|p1a: Diancie|Earth Power|p2a: Ferrothorn
|-damage|p2a: Ferrothorn|179\/352
|move|p2a: Ferrothorn|Stealth Rock|p1a: Diancie
|move|p1a: Diancie|Stealth Rock|p2a: Ferrothorn|[from]Magic Bounce
|-fail|p2a: Ferrothorn
|
|-heal|p2a: Ferrothorn|201\/352|[from] item: Leftovers
|turn|44
|c|âRedKingAlmighty|oh right
|c| Vrin|forces out heatrans, zardx, birds
|c|âRedKingAlmighty|this is why
|
|switch|p1a: Heatran|Heatran, F|291\/385
|move|p2a: Ferrothorn|Protect|p2a: Ferrothorn
|-fail|p2a: Ferrothorn
|
|-heal|p1a: Heatran|315\/385|[from] item: Leftovers
|-heal|p2a: Ferrothorn|223\/352|[from] item: Leftovers
|turn|45
|c|âRedKingAlmighty|u pay attention
|join|smdufgt
|c| hashtagRjx|Meh, weak to common ice and water
|c| FamSlayer|not denying that i just wouldn't call it cool
|c| Vrin|yeah water weakness is bleh
|
|move|p2a: Ferrothorn|Protect|p2a: Ferrothorn
|-singleturn|p2a: Ferrothorn|Protect
|move|p1a: Heatran|Taunt|p2a: Ferrothorn
|-activate|p2a: Ferrothorn|Protect
|
|-heal|p1a: Heatran|339\/385|[from] item: Leftovers
|-heal|p2a: Ferrothorn|245\/352|[from] item: Leftovers
|turn|46
|
|switch|p2a: Rotom-Wash|Rotom-Wash|169\/304 brn
|-damage|p2a: Rotom-Wash|131\/304 brn|[from] Stealth Rock
|move|p1a: Heatran|Taunt|p2a: Rotom-Wash
|-start|p2a: Rotom-Wash|move: Taunt
|
|-heal|p1a: Heatran|363\/385|[from] item: Leftovers
|-damage|p2a: Rotom-Wash|93\/304 brn|[from] brn
|turn|47
|
|move|p1a: Heatran|Protect|p1a: Heatran
|-singleturn|p1a: Heatran|Protect
|move|p2a: Rotom-Wash|Hydro Pump|p1a: Heatran
|-activate|p1a: Heatran|Protect
|
|-heal|p1a: Heatran|385\/385|[from] item: Leftovers
|-damage|p2a: Rotom-Wash|55\/304 brn|[from] brn
|turn|48
|c| Wond3rbread|this game..
|c| Wond3rbread|i still going
|c| Wond3rbread|o.o
|c| I'M B4TMAN|pain split rotom is so annoying for me
|c|âRedKingAlmighty|not my fault
|c| Wond3rbread|idc
|join|Mistakess
|c| Wond3rbread|just suprised
|
|move|p2a: Rotom-Wash|Hydro Pump|p1a: Heatran
|-supereffective|p1a: Heatran
|-damage|p1a: Heatran|193\/385
|move|p1a: Heatran|Taunt|p2a: Rotom-Wash
|-fail|p2a: Rotom-Wash
|
|-heal|p1a: Heatran|217\/385|[from] item: Leftovers
|-damage|p2a: Rotom-Wash|17\/304 brn|[from] brn
|turn|49
|c| Wond3rbread|to see it still going on
|c|âRedKingAlmighty|LOL
|c| Wond3rbread|lava plume..
|
|move|p1a: Heatran|Protect|p1a: Heatran
|-singleturn|p1a: Heatran|Protect
|move|p2a: Rotom-Wash|Hydro Pump|p1a: Heatran
|-activate|p1a: Heatran|Protect
|
|-heal|p1a: Heatran|241\/385|[from] item: Leftovers
|-damage|p2a: Rotom-Wash|0 fnt|[from] brn
|faint|p2a: Rotom-Wash
|c|âMotherklang|no
|leave|I'M B4TMAN
|c|âRedKingAlmighty|nice non EP heatran
|c| Wond3rbread|I meant the turn b4
|join|chiquita banana
|c|âMotherklang|oh
|
|switch|p2a: Hippowdon|Hippowdon, M|420\/420
|-damage|p2a: Hippowdon|394\/420|[from] Stealth Rock
|turn|50
|leave|Mistakess
|c| chiquita banana|ep is 4 nubs
|
|switch|p1a: Landorus-Therian|Landorus-Therian, M|135\/319
|-ability|p1a: Landorus-Therian|Intimidate|[of] p2a: Hippowdon
|-unboost|p2a: Hippowdon|atk|1
|move|p2a: Hippowdon|Earthquake|p1a: Landorus-Therian
|-immune|p1a: Landorus-Therian|[msg]
|
|-heal|p2a: Hippowdon|420\/420|[from] item: Leftovers
|turn|51
|c|âRedKingAlmighty|so whats that gonna do?
|
|move|p1a: Landorus-Therian|U-turn|p2a: Hippowdon
|-damage|p2a: Hippowdon|353\/420
|
|switch|p1a: Mew|Mew|174\/403
|move|p2a: Hippowdon|Rock Slide|p1a: Mew
|-damage|p1a: Mew|129\/403
|
|-heal|p1a: Mew|154\/403|[from] item: Leftovers
|-heal|p2a: Hippowdon|379\/420|[from] item: Leftovers
|turn|52
|leave|HTAG
|leave|TheObsessed
|
|switch|p2a: Latios|Latios, M|178\/302
|-damage|p2a: Latios|141\/302|[from] Stealth Rock
|move|p1a: Mew|Soft-Boiled|p1a: Mew
|-heal|p1a: Mew|356\/403
|
|-heal|p1a: Mew|381\/403|[from] item: Leftovers
|turn|53
|join|CloseBattle
|c| Wond3rbread|he's gonna revealttoxic
|c| Wond3rbread|watch
|c|âRedKingAlmighty|or like
|c|âRedKingAlmighty|trick
|
|switch|p1a: Diancie|Diancie-Mega|91\/241
|move|p2a: Latios|Defog|p1a: Diancie
|move|p1a: Diancie|Defog|p2a: Latios|[from]Magic Bounce
|-unboost|p2a: Latios|evasion|1
|-sideend|p2: RedKingAlmighty|Stealth Rock|[from] move: Defog|[of] p2a: Latios
|
|turn|54
|leave|CloseBattle
|c| chiquita banana|get bounced
|c| Galactic Princess|long ass game
|c|âMotherklang|cancel not working
|
|switch|p1a: Mew|Mew|381\/403
|switch|p2a: Ferrothorn|Ferrothorn, M|245\/352
|
|-heal|p1a: Mew|403\/403|[from] item: Leftovers
|-heal|p2a: Ferrothorn|267\/352|[from] item: Leftovers
|turn|55
|leave|Rooo
|
|switch|p2a: Diggersby Tho|Diggersby, F|3\/311
|move|p1a: Mew|Taunt|p2a: Diggersby Tho
|-start|p2a: Diggersby Tho|move: Taunt
|
|turn|56
|c| Wond3rbread|lol.
|c| Wond3rbread|turn 56. 5-5
|
|move|p2a: Diggersby Tho|U-turn|p1a: Mew
|-supereffective|p1a: Mew
|-damage|p1a: Mew|191\/403
|
|switch|p2a: Charizard|Charizard-Mega-X, F|161\/333
|move|p1a: Mew|Soft-Boiled|p1a: Mew
|-heal|p1a: Mew|393\/403
|
|-heal|p1a: Mew|403\/403|[from] item: Leftovers
|turn|57
|c| chiquita banana|scarf digg is trash
|c|âMotherklang|band
|
|switch|p1a: Heatran|Heatran, F|241\/385
|move|p2a: Charizard|Roost|p2a: Charizard
|-heal|p2a: Charizard|328\/333
|
|-heal|p1a: Heatran|265\/385|[from] item: Leftovers
|turn|58
|c|âRedKingAlmighty|whats this gonna do?
|c| Wond3rbread|reveal earth power
|
|move|p2a: Charizard|Dragon Dance|p2a: Charizard
|-boost|p2a: Charizard|atk|1
|-boost|p2a: Charizard|spe|1
|move|p1a: Heatran|Taunt|p2a: Charizard
|-start|p2a: Charizard|move: Taunt
|
|-heal|p1a: Heatran|289\/385|[from] item: Leftovers
|turn|59
|c|âRedKingAlmighty|5 moves
|c| Wond3rbread|oh he revealed his moveset
|c| Wond3rbread|I haven't paid much attention
|join|Osteentassaumn
|c| Wond3rbread|to this game
|c|âRedKingAlmighty|i've gone through like 6 podcasts
|c|âRedKingAlmighty|is it lag or thinking?
|c|âRedKingAlmighty|switch landorus in plz
|
|switch|p1a: Diancie|Diancie-Mega|91\/241
|move|p2a: Charizard|Dragon Claw|p1a: Diancie
|-immune|p1a: Diancie|[msg]
|
|turn|60
|c|âRedKingAlmighty|ok so even w\/ flash fire
|c|âRedKingAlmighty|whats heatran gonna do
|
|move|p2a: Charizard|Flare Blitz|p1a: Diancie
|-resisted|p1a: Diancie
|-damage|p1a: Diancie|0 fnt
|-damage|p2a: Charizard|298\/333|[from] recoil|[of] p1a: Diancie
|faint|p1a: Diancie
|
|c| Wond3rbread|toxic?
|c| chiquita banana|toxic
|c|âRedKingAlmighty|the wincon
|c| Wond3rbread|gg
|
|switch|p1a: Landorus-Therian|Landorus-Therian, M|135\/319
|-ability|p1a: Landorus-Therian|Intimidate|[of] p2a: Charizard
|-unboost|p2a: Charizard|atk|1
|turn|61
|c|âRedKingAlmighty|it's moveset is protect\/taunt\/lavaplume\/SR
|join|Gradeus
|c| chiquita banana|protect is dumb without toxic
|c| chiquita banana|terrible set
|
|switch|p1a: Heatran|Heatran, F|289\/385
|switch|p2a: Hippowdon|Hippowdon, M|379\/420
|
|-heal|p1a: Heatran|313\/385|[from] item: Leftovers
|-heal|p2a: Hippowdon|405\/420|[from] item: Leftovers
|turn|62
|
|move|p1a: Heatran|Stealth Rock|p2a: Hippowdon
|-sidestart|p2: RedKingAlmighty|move: Stealth Rock
|move|p2a: Hippowdon|Earthquake|p1a: Heatran
|-supereffective|p1a: Heatran
|-damage|p1a: Heatran|0 fnt
|faint|p1a: Heatran
|
|-heal|p2a: Hippowdon|420\/420|[from] item: Leftovers
|c| FamSlayer|it's coming to a close
|
|switch|p1a: Mew|Mew|403\/403
|turn|63
|c| hashtagRjx|One day, maybe
|
|switch|p1a: Landorus-Therian|Landorus-Therian, M|135\/319
|-ability|p1a: Landorus-Therian|Intimidate|[of] p2a: Hippowdon
|-unboost|p2a: Hippowdon|atk|1
|move|p2a: Hippowdon|Roar|p1a: Landorus-Therian
|drag|p1a: Bisharp|Bisharp, M|196\/271
|
|turn|64
|
|switch|p1a: Mew|Mew|403\/403
|move|p2a: Hippowdon|Earthquake|p1a: Mew
|-damage|p1a: Mew|322\/403
|
|-heal|p1a: Mew|347\/403|[from] item: Leftovers
|turn|65
|
|switch|p2a: Charizard|Charizard-Mega-X, F|298\/333
|-damage|p2a: Charizard|215\/333|[from] Stealth Rock
|move|p1a: Mew|Will-O-Wisp|p2a: Charizard
|-fail|p2a: Charizard
|
|-heal|p1a: Mew|372\/403|[from] item: Leftovers
|turn|66
|join|a brick
|
|move|p2a: Charizard|Flare Blitz|p1a: Mew
|-damage|p1a: Mew|45\/403
|-damage|p2a: Charizard|107\/333|[from] recoil|[of] p1a: Mew
|move|p1a: Mew|Taunt|p2a: Charizard
|-start|p2a: Charizard|move: Taunt
|
|-heal|p1a: Mew|70\/403|[from] item: Leftovers
|turn|67
|c| RayDalio|my dick is so hard right now
|c| a brick|ikr
|c| a brick|me too
|c|âRedKingAlmighty|same.
|c| FamSlayer|i finished twice
|c| FamSlayer|and this battle's still going
|c|âRedKingAlmighty|!modchat+
|c|âRedKingAlmighty|wtf
|
|switch|p1a: Landorus-Therian|Landorus-Therian, M|135\/319
|-ability|p1a: Landorus-Therian|Intimidate|[of] p2a: Charizard
|-unboost|p2a: Charizard|atk|1
|move|p2a: Charizard|Dragon Claw|p1a: Landorus-Therian
|-damage|p1a: Landorus-Therian|0 fnt
|faint|p1a: Landorus-Therian
|
|raw|<div class="broadcast-red"><b>Moderated chat was set to +!<\/b><br \/>Only users of rank + and higher can talk.<\/div>
|
|switch|p1a: Bisharp|Bisharp, M|196\/271
|turn|68
|join|SafeORAS
|
|switch|p2a: Hippowdon|Hippowdon, M|420\/420
|-damage|p2a: Hippowdon|394\/420|[from] Stealth Rock
|move|p1a: Bisharp|Swords Dance|p1a: Bisharp
|-boost|p1a: Bisharp|atk|2
|
|-heal|p2a: Hippowdon|420\/420|[from] item: Leftovers
|turn|69
|join|Invok3r
|
|move|p1a: Bisharp|Iron Head|p2a: Hippowdon
|-damage|p2a: Hippowdon|170\/420
|-damage|p1a: Bisharp|169\/271|[from] item: Life Orb
|cant|p2a: Hippowdon|flinch
|
|-heal|p2a: Hippowdon|196\/420|[from] item: Leftovers
|turn|70
|c|âMotherklang|nice
|leave|SafeORAS
|join|SafeORAS
|
|switch|p2a: Ferrothorn|Ferrothorn, M|267\/352
|-damage|p2a: Ferrothorn|245\/352|[from] Stealth Rock
|move|p1a: Bisharp|Knock Off|p2a: Ferrothorn
|-crit|p2a: Ferrothorn
|-damage|p2a: Ferrothorn|0 fnt
|-damage|p1a: Bisharp|136\/271|[from] ability: Iron Barbs|[of] p2a: Ferrothorn
|-enditem|p2a: Ferrothorn|Leftovers|[from] move: Knock Off|[of] p1a: Bisharp
|-damage|p1a: Bisharp|109\/271|[from] item: Life Orb
|faint|p2a: Ferrothorn
|
|join|Thundurus User
|join|derpel
|join|MuhFugginMoose
|join|You Know Gasai
|join|Ochiha
|join|fofkczmvx
|join|G00NY
|join|mcgill
|
|switch|p2a: Charizard|Charizard-Mega-X, F|107\/333
|-damage|p2a: Charizard|24\/333|[from] Stealth Rock
|turn|71
|join|Assaltwaffle
|
|move|p2a: Charizard|Flare Blitz|p1a: Bisharp
|-supereffective|p1a: Bisharp
|-damage|p1a: Bisharp|0 fnt
|-damage|p2a: Charizard|0 fnt|[from] recoil|[of] p1a: Bisharp
|faint|p1a: Bisharp
|faint|p2a: Charizard
|
|c|âRedKingAlmighty|HA
|c|âRedKingAlmighty|FUCK YOU
|c|âMotherklang|cancel
|c|âRedKingAlmighty|OUTPLAYED BITCH
|join|ninjatears4u
|c|âMotherklang|fck you cancel
|c|âRedKingAlmighty|no stfu
|join|BlurryCineplex
|c|âMotherklang|doesn't work
|join|Teremiare
|c|âRedKingAlmighty|idgaf
|join|desconhecid0
|c|âMotherklang|fuck this game
|leave|Motherklang
|c|âRedKingAlmighty|pick ur first move more carefully
|player|p1
|join|MaddieMcMuff
|join|Motherklang
|leave|desconhecid0
|leave|G00NY
|join|Sharpteeth
|c|âRedKingAlmighty|thats a fucking tryout replay
|leave|You Know Gasai
|player|p1|Motherklang|226
|leave|Black Belt Eric
|c|âRedKingAlmighty|right there
|leave|MuhFugginMoose
|
|switch|p2a: Latios|Latios, M|141\/302
|switch|p1a: Mew|Mew|70\/403
|-damage|p2a: Latios|104\/302|[from] Stealth Rock
|turn|72
|c|âRedKingAlmighty|Hax cannot beat me
|leave|hashtagRjx
|
|move|p2a: Latios|Draco Meteor|p1a: Mew
|-damage|p1a: Mew|0 fnt
|-unboost|p2a: Latios|spa|2
|-damage|p2a: Latios|74\/302|[from] item: Life Orb
|faint|p1a: Mew
|
|win|RedKingAlmighty
|leave|Motherklang
|leave|ninjatears4u
|leave|Invok3r
|leave|Gradeus
|leave|Assaltwaffle
|leave|Neo AE
|player|p1
|leave|RedKingAlmighty
|leave|Shadow Poochyena
|leave|Sharpteeth
|join|Invok3r
|player|p2
|leave|Teremiare
|leave|Osteentassaumn
|leave|FamSlayer
|leave|Invok3r
|leave|mcgill
|leave|Galactic Princess
|leave|MaddieMcMuff
|leave|Fizz on my Jayce
|leave|BlurryCineplex
|leave|elitethewish
|join|RedKingAlmighty