|join|RedKingAlmighty
|join|Ramonxa
|player|p1|RedKingAlmighty|154
|player|p2|Ramonxa|1
|gametype|singles
|gen|6
|tier|OU (suspect test)
|rated
|clearpoke
|poke|p1|Aerodactyl, M
|poke|p1|Hippowdon, F
|poke|p1|Ferrothorn, M
|poke|p1|Latios, M
|poke|p1|Clefable, M
|poke|p1|Keldeo
|poke|p2|Medicham, M
|poke|p2|Ferrothorn, M
|poke|p2|Latios, M
|poke|p2|Rotom-Wash
|poke|p2|Mew
|poke|p2|Talonflame, M
|rule|Swagger Clause: Swagger is banned
|rule|Baton Pass Clause: Limit one PokÃ©mon knowing Baton Pass
|rule|Sleep Clause Mod: Limit one foe put to sleep
|rule|Species Clause: Limit one of each PokÃ©mon
|rule|OHKO Clause: OHKO moves are banned
|rule|Moody Clause: Moody is banned
|rule|Evasion Moves Clause: Evasion moves are banned
|rule|Endless Battle Clause: Forcing endless battles is banned
|rule|HP Percentage Mod: HP is shown in percentages
|teampreview
|
|start
|switch|p1a: Aerodactyl|Aerodactyl, M|301\/301
|switch|p2a: Medicham|Medicham, M|261\/261
|-ability|p1a: Aerodactyl|Pressure
|turn|1
|
|detailschange|p1a: Aerodactyl|Aerodactyl-Mega, M
|-mega|p1a: Aerodactyl|Aerodactyl|Aerodactylite
|detailschange|p2a: Medicham|Medicham-Mega, M
|-mega|p2a: Medicham|Medicham|Medichamite
|move|p2a: Medicham|Fake Out|p1a: Aerodactyl
|-crit|p1a: Aerodactyl
|-resisted|p1a: Aerodactyl
|-damage|p1a: Aerodactyl|230\/301
|cant|p1a: Aerodactyl|flinch
|
|turn|2
|
|switch|p2a: Ferrothorn|Ferrothorn, M|352\/352
|move|p1a: Aerodactyl|Aerial Ace|p2a: Ferrothorn
|-damage|p2a: Ferrothorn|265\/352
|-damage|p1a: Aerodactyl|193\/301|[from] ability: Iron Barbs|[of] p2a: Ferrothorn
|-damage|p1a: Aerodactyl|143\/301|[from] item: Rocky Helmet|[of] p2a: Ferrothorn
|
|turn|3
|join|Hei$enburg
|
|move|p1a: Aerodactyl|Taunt|p2a: Ferrothorn
|-start|p2a: Ferrothorn|move: Taunt
|cant|p2a: Ferrothorn|move: Taunt|Stealth Rock
|
|turn|4
|
|switch|p1a: Keldeo|Keldeo|323\/323
|move|p2a: Ferrothorn|Gyro Ball|p1a: Keldeo
|-resisted|p1a: Keldeo
|-damage|p1a: Keldeo|239\/323
|
|-heal|p1a: Keldeo|259\/323|[from] item: Leftovers
|turn|5
|
|switch|p2a: Mew|Mew|404\/404
|move|p1a: Keldeo|Substitute|p1a: Keldeo
|-start|p1a: Keldeo|Substitute
|-damage|p1a: Keldeo|179\/323
|
|-heal|p1a: Keldeo|199\/323|[from] item: Leftovers
|turn|6
|c| Hei$enburg|is aerodactyl really just a desperate answer for lopunny, manetric and sceptile?
|c|âRedKingAlmighty|no it just smashes offense.
|
|move|p1a: Keldeo|Calm Mind|p1a: Keldeo
|-boost|p1a: Keldeo|spa|1
|-boost|p1a: Keldeo|spd|1
|move|p2a: Mew|Knock Off|p1a: Keldeo
|-resisted|p1a: Keldeo
|-activate|p1a: Keldeo|Substitute|[damage]
|
|-heal|p1a: Keldeo|219\/323|[from] item: Leftovers
|turn|7
|c|âRedKingAlmighty|resisting talonflame and cleaning through it w\/ it's speed tier.
|c|âRamonxa|but
|c|âRamonxa|ice
|
|move|p1a: Keldeo|Scald|p2a: Mew
|-damage|p2a: Mew|244\/404
|-status|p2a: Mew|brn
|-status|p1a: Keldeo|brn
|move|p2a: Mew|Knock Off|p1a: Keldeo
|-resisted|p1a: Keldeo
|-activate|p1a: Keldeo|Substitute|[damage]
|
|-heal|p1a: Keldeo|239\/323 brn|[from] item: Leftovers
|-heal|p2a: Mew|269\/404 brn|[from] item: Leftovers
|-damage|p1a: Keldeo|199\/323 brn|[from] brn
|-damage|p2a: Mew|219\/404 brn|[from] brn
|turn|8
|c|âRamonxa|is ba
|c|âRamonxa|d
|c| Hei$enburg|mmmm
|
|move|p1a: Keldeo|Calm Mind|p1a: Keldeo
|-boost|p1a: Keldeo|spa|1
|-boost|p1a: Keldeo|spd|1
|move|p2a: Mew|Roost|p2a: Mew
|-heal|p2a: Mew|404\/404 brn
|
|-heal|p1a: Keldeo|219\/323 brn|[from] item: Leftovers
|-damage|p1a: Keldeo|179\/323 brn|[from] brn
|-damage|p2a: Mew|354\/404 brn|[from] brn
|turn|9
|c| Hei$enburg|i guess its a good offensive check
|c|âRamonxa|i prefer lopunny
|c|âRedKingAlmighty|it shreds offense, outspeeding and OHKOing stuff like landorus, and most of the new megas.
|c|âRamonxa|or medichamp
|
|move|p1a: Keldeo|Scald|p2a: Mew
|-damage|p2a: Mew|131\/404 brn
|move|p2a: Mew|Heal Bell|p2a: Mew
|-cureteam|p2a: Mew|[from] move: HealBell
|
|-heal|p1a: Keldeo|199\/323 brn|[from] item: Leftovers
|-heal|p2a: Mew|156\/404|[from] item: Leftovers
|-damage|p1a: Keldeo|159\/323 brn|[from] brn
|turn|10
|c| Hei$enburg|it checks a lot of things i see
|c|âRedKingAlmighty|like aerodactyl is so fast it can outspeed some rain sweepers
|c| Hei$enburg|some*
|
|move|p1a: Keldeo|Scald|p2a: Mew
|-damage|p2a: Mew|0 fnt
|faint|p2a: Mew
|
|-heal|p1a: Keldeo|179\/323 brn|[from] item: Leftovers
|-damage|p1a: Keldeo|139\/323 brn|[from] brn
|c|âRamonxa|one good pokemon
|c|âRamonxa|is gengar
|c|âRamonxa|with spa and speed
|c|âRedKingAlmighty|it outspeeds mega swampert.
|c| Hei$enburg|like those with adamant nature and run just enough evs to outspeed sceptile
|c| Hei$enburg|lol it doesnt
|c|âRedKingAlmighty|!dt mega swampert
|c|~|\/data-pokemon Swampert-Mega
|raw|<font size="1"><font color=#585858>Dex#:<\/font> 260&nbsp;|&ThickSpace;<font color=#585858>Height:<\/font> 1.9 m&nbsp;|&ThickSpace;<font color=#585858>Weight:<\/font> 102 kg <em>(100 BP)<\/em>&nbsp;|&ThickSpace;<font color=#585858>Dex Colour:<\/font> Blue&nbsp;|&ThickSpace;<font color=#585858>Egg Group(s):<\/font> Monster, Water 1&nbsp;|&ThickSpace;<font color=#585858><font color=#585858>Does Not Evolve<\/font><\/font><\/font>
|c|âRedKingAlmighty|!dt mega aerodactyl
|c|~|\/data-pokemon Aerodactyl-Mega
|raw|<font size="1"><font color=#585858>Dex#:<\/font> 142&nbsp;|&ThickSpace;<font color=#585858>Height:<\/font> 2.1 m&nbsp;|&ThickSpace;<font color=#585858>Weight:<\/font> 79 kg <em>(80 BP)<\/em>&nbsp;|&ThickSpace;<font color=#585858>Dex Colour:<\/font> Purple&nbsp;|&ThickSpace;<font color=#585858>Egg Group(s):<\/font> Flying&nbsp;|&ThickSpace;<font color=#585858><font color=#585858>Does Not Evolve<\/font><\/font><\/font>
|
|switch|p2a: Rotom-Wash|Rotom-Wash|241\/241
|turn|11
|c| Hei$enburg|adamant swampert is 239 speed
|
|move|p2a: Rotom-Wash|Volt Switch|p1a: Keldeo
|-supereffective|p1a: Keldeo
|-end|p1a: Keldeo|Substitute
|c| Hei$enburg|whats aerodactyl
|
|switch|p2a: Ferrothorn|Ferrothorn, M|265\/352
|move|p1a: Keldeo|Secret Sword|p2a: Ferrothorn
|-supereffective|p2a: Ferrothorn
|-damage|p2a: Ferrothorn|0 fnt
|faint|p2a: Ferrothorn
|
|-heal|p1a: Keldeo|159\/323 brn|[from] item: Leftovers
|-damage|p1a: Keldeo|119\/323 brn|[from] brn
|
|switch|p2a: Talonflame|Talonflame, M|298\/298
|turn|12
|c|âRedKingAlmighty|gimme a sec to check i can't see it until he switches
|c|âRedKingAlmighty|it's like 458
|c|âRamonxa|sorry
|c|âRamonxa|but i'm spanish
|c|âRedKingAlmighty|np
|c| Hei$enburg|jolly aerodactyl is 438,
|
|switch|p1a: Hippowdon|Hippowdon, F|420\/420
|-weather|Sandstorm
|move|p2a: Talonflame|Flare Blitz|p1a: Hippowdon
|-damage|p1a: Hippowdon|263\/420
|-damage|p2a: Talonflame|246\/298|[from] recoil|[of] p1a: Hippowdon
|
|-weather|Sandstorm|[upkeep]
|-damage|p2a: Talonflame|228\/298|[from] sandstorm
|-heal|p1a: Hippowdon|289\/420|[from] item: Leftovers
|turn|13
|c|âRamonxa|i dont undestand certain things
|c|âRedKingAlmighty|oh ok idk i can't really see it im on an iphone
|c| Hei$enburg|that means if swampert run enough EV's its gonna outspeed
|c|âRedKingAlmighty|my bad
|c|âRedKingAlmighty|whats the avg swampert's speed evs
|c|âRedKingAlmighty|usually it runs enough to nail landorus t scarf
|
|switch|p2a: Rotom-Wash|Rotom-Wash|241\/241
|move|p1a: Hippowdon|Stone Edge|p2a: Rotom-Wash
|-damage|p2a: Rotom-Wash|152\/241
|
|-weather|Sandstorm|[upkeep]
|-damage|p2a: Rotom-Wash|137\/241|[from] sandstorm
|-heal|p1a: Hippowdon|315\/420|[from] item: Leftovers
|turn|14
|c| Hei$enburg|idk, i think most would run enough to outspeed sceptile or lando-t
|c|âRamonxa|how much points do you obtain in ou? (MAX)
|c|âRedKingAlmighty|theres no mac
|c|âRedKingAlmighty|max
|
|switch|p1a: Aerodactyl|Aerodactyl-Mega, M|143\/301
|move|p2a: Rotom-Wash|Hydro Pump|p1a: Aerodactyl
|-supereffective|p1a: Aerodactyl
|-damage|p1a: Aerodactyl|0 fnt
|faint|p1a: Aerodactyl
|
|-weather|Sandstorm|[upkeep]
|-damage|p2a: Rotom-Wash|122\/241|[from] sandstorm
|c|âRedKingAlmighty|it just keeps climbing
|c|âRedKingAlmighty|ok i prbly win from here
|
|switch|p1a: Clefable|Clefable, M|394\/394
|turn|15
|c|âRedKingAlmighty|with clefable
|
|switch|p2a: Talonflame|Talonflame, M|228\/298
|move|p1a: Clefable|Calm Mind|p1a: Clefable
|-boost|p1a: Clefable|spa|1
|-boost|p1a: Clefable|spd|1
|
|-weather|Sandstorm|[upkeep]
|-damage|p2a: Talonflame|210\/298|[from] sandstorm
|turn|16
|c| Hei$enburg|also, jolly lando-t outspeeds aerodatyl, so i wont be surprised if pert outspeeds dactyl
|
|move|p2a: Talonflame|Steel Wing|p1a: Clefable
|-supereffective|p1a: Clefable
|-damage|p1a: Clefable|164\/394
|move|p1a: Clefable|Soft-Boiled|p1a: Clefable
|-heal|p1a: Clefable|361\/394
|
|-weather|none
|-heal|p1a: Clefable|385\/394|[from] item: Leftovers
|turn|17
|c|âRedKingAlmighty|LOL
|c|âRedKingAlmighty|steel wing
|
|switch|p1a: Ferrothorn|Ferrothorn, M|352\/352
|move|p2a: Talonflame|Steel Wing|p1a: Ferrothorn
|-resisted|p1a: Ferrothorn
|-damage|p1a: Ferrothorn|316\/352
|-damage|p2a: Talonflame|173\/298|[from] ability: Iron Barbs|[of] p1a: Ferrothorn
|
|-heal|p1a: Ferrothorn|338\/352|[from] item: Leftovers
|turn|18
|
|switch|p2a: Latios|Latios, M|301\/301
|move|p1a: Ferrothorn|Stealth Rock|p2a: Latios
|-sidestart|p2: Ramonxa|move: Stealth Rock
|
|-heal|p1a: Ferrothorn|352\/352|[from] item: Leftovers
|turn|19
|c|âRamonxa|I PREDICT YOU
|
|move|p2a: Latios|Defog|p1a: Ferrothorn
|-unboost|p1a: Ferrothorn|evasion|1
|-sideend|p2: Ramonxa|Stealth Rock|[from] move: Defog|[of] p2a: Latios
|move|p1a: Ferrothorn|Leech Seed|p2a: Latios
|-start|p2a: Latios|move: Leech Seed
|
|-damage|p2a: Latios|264\/301|[from] Leech Seed|[of] p1a: Ferrothorn
|turn|20
|c|âRamonxa|but i need ferrothorn
|
|move|p2a: Latios|Earthquake|p1a: Ferrothorn
|-damage|p1a: Ferrothorn|279\/352
|-damage|p2a: Latios|234\/301|[from] item: Life Orb
|move|p1a: Ferrothorn|Stealth Rock|p2a: Latios
|-sidestart|p2: Ramonxa|move: Stealth Rock
|
|-heal|p1a: Ferrothorn|301\/352|[from] item: Leftovers
|-damage|p2a: Latios|197\/301|[from] Leech Seed|[of] p1a: Ferrothorn
|-heal|p1a: Ferrothorn|338\/352|[silent]
|turn|21
|
|move|p2a: Latios|Defog|p1a: Ferrothorn
|-unboost|p1a: Ferrothorn|evasion|1
|-sideend|p2: Ramonxa|Stealth Rock|[from] move: Defog|[of] p2a: Latios
|move|p1a: Ferrothorn|Stealth Rock|p2a: Latios
|-sidestart|p2: Ramonxa|move: Stealth Rock
|
|-heal|p1a: Ferrothorn|352\/352|[from] item: Leftovers
|-damage|p2a: Latios|160\/301|[from] Leech Seed|[of] p1a: Ferrothorn
|turn|22
|
|switch|p2a: Rotom-Wash|Rotom-Wash|122\/241
|-damage|p2a: Rotom-Wash|92\/241|[from] Stealth Rock
|move|p1a: Ferrothorn|Stealth Rock|p2a: Rotom-Wash
|-fail|p2a: Rotom-Wash
|
|turn|23
|
|switch|p1a: Latios|Latios, M|301\/301
|move|p2a: Rotom-Wash|Trick|p1a: Latios
|-activate|p2a: Rotom-Wash|move: Trick|[of] p1a: Latios
|-item|p1a: Latios|Choice Scarf|[from] move: Trick
|-item|p2a: Rotom-Wash|Life Orb|[from] move: Trick
|
|turn|24
|c|âRedKingAlmighty|cool
|
|move|p1a: Latios|Psyshock|p2a: Rotom-Wash
|-damage|p2a: Rotom-Wash|0 fnt
|faint|p2a: Rotom-Wash
|
|
|switch|p2a: Latios|Latios, M|160\/301
|-damage|p2a: Latios|123\/301|[from] Stealth Rock
|turn|25
|
|switch|p1a: Clefable|Clefable, M|385\/394
|move|p2a: Latios|Defog|p1a: Clefable
|-unboost|p1a: Clefable|evasion|1
|-sideend|p2: Ramonxa|Stealth Rock|[from] move: Defog|[of] p2a: Latios
|
|-heal|p1a: Clefable|394\/394|[from] item: Leftovers
|turn|26
|
|switch|p2a: Talonflame|Talonflame, M|173\/298
|move|p1a: Clefable|Moonblast|p2a: Talonflame
|-resisted|p2a: Talonflame
|-damage|p2a: Talonflame|105\/298
|
|turn|27
|
|switch|p1a: Ferrothorn|Ferrothorn, M|352\/352
|move|p2a: Talonflame|Flare Blitz|p1a: Ferrothorn
|-supereffective|p1a: Ferrothorn
|-damage|p1a: Ferrothorn|0 fnt
|-damage|p2a: Talonflame|68\/298|[from] ability: Iron Barbs|[of] p1a: Ferrothorn
|-damage|p2a: Talonflame|0 fnt|[from] recoil|[of] p1a: Ferrothorn
|faint|p1a: Ferrothorn
|faint|p2a: Talonflame
|
|c|âRedKingAlmighty|and now latios wins.
|c|âRedKingAlmighty|gg
|
|switch|p1a: Latios|Latios, M|301\/301
|switch|p2a: Medicham|Medicham-Mega, M|261\/261
|turn|28
|
|move|p2a: Medicham|Fake Out|p1a: Latios
|-damage|p1a: Latios|202\/301
|cant|p1a: Latios|flinch
|
|turn|29
|
|move|p1a: Latios|Draco Meteor|p2a: Medicham|[miss]
|-miss|p1a: Latios|p2a: Medicham
|move|p2a: Medicham|Ice Punch|p1a: Latios
|-supereffective|p1a: Latios
|-damage|p1a: Latios|0 fnt
|faint|p1a: Latios
|
|c|âRedKingAlmighty|...
|c|âRedKingAlmighty|seriously
|
|switch|p1a: Clefable|Clefable, M|394\/394
|turn|30
|
|move|p2a: Medicham|High Jump Kick|p1a: Clefable
|-crit|p1a: Clefable
|-resisted|p1a: Clefable
|-damage|p1a: Clefable|75\/394
|move|p1a: Clefable|Moonblast|p2a: Medicham
|-supereffective|p2a: Medicham
|-damage|p2a: Medicham|0 fnt
|faint|p2a: Medicham
|
|-heal|p1a: Clefable|99\/394|[from] item: Leftovers
|c|âRedKingAlmighty|are u fucking kidding me
|
|switch|p2a: Latios|Latios, M|123\/301
|turn|31
|c|âRedKingAlmighty|did that really just crit
|
|switch|p1a: Hippowdon|Hippowdon, F|315\/420
|-weather|Sandstorm
|move|p2a: Latios|Earthquake|p1a: Hippowdon
|-damage|p1a: Hippowdon|259\/420
|-damage|p2a: Latios|93\/301|[from] item: Life Orb
|
|-weather|Sandstorm|[upkeep]
|-damage|p2a: Latios|75\/301|[from] sandstorm
|-heal|p1a: Hippowdon|285\/420|[from] item: Leftovers
|turn|32
|
|switch|p1a: Clefable|Clefable, M|99\/394
|move|p2a: Latios|Draco Meteor|p1a: Clefable
|-immune|p1a: Clefable|[msg]
|
|-weather|Sandstorm|[upkeep]
|-damage|p2a: Latios|57\/301|[from] sandstorm
|-heal|p1a: Clefable|123\/394|[from] item: Leftovers
|turn|33
|
|move|p2a: Latios|Earthquake|p1a: Clefable
|-damage|p1a: Clefable|16\/394
|-damage|p2a: Latios|27\/301|[from] item: Life Orb
|move|p1a: Clefable|Moonblast|p2a: Latios
|-supereffective|p2a: Latios
|-damage|p2a: Latios|0 fnt
|faint|p2a: Latios
|
|win|RedKingAlmighty
|raw|Ladder updating...
|raw|RedKingAlmighty's rating: 1256 &rarr; <strong>1279<\/strong><br \/>(+23 for winning)
|raw|Ramonxa's rating: 1221 &rarr; <strong>1198<\/strong><br \/>(-23 for losing)