|join|AlexWinter
|join|RedKingAlmighty
|c|âAlexWinter|Good luck!
|player|p1|AlexWinter|285
|player|p2|RedKingAlmighty|154
|gametype|singles
|gen|6
|tier|OU (suspect test)
|rated
|clearpoke
|poke|p1|Azelf
|poke|p1|Kingdra, M
|poke|p1|Politoed, F
|poke|p1|Swampert, M
|poke|p1|Tornadus-Therian, M
|poke|p1|Ludicolo, M
|poke|p2|Aerodactyl, M
|poke|p2|Hippowdon, F
|poke|p2|Ferrothorn, M
|poke|p2|Latios, M
|poke|p2|Clefable, M
|poke|p2|Keldeo
|rule|Swagger Clause: Swagger is banned
|rule|Baton Pass Clause: Limit one PokÃ©mon knowing Baton Pass
|rule|Sleep Clause Mod: Limit one foe put to sleep
|rule|Species Clause: Limit one of each PokÃ©mon
|rule|OHKO Clause: OHKO moves are banned
|rule|Moody Clause: Moody is banned
|rule|Evasion Moves Clause: Evasion moves are banned
|rule|Endless Battle Clause: Forcing endless battles is banned
|rule|HP Percentage Mod: HP is shown in percentages
|teampreview
|
|start
|switch|p1a: Azelf|Azelf|353\/353
|switch|p2a: Aerodactyl|Aerodactyl, M|301\/301
|-ability|p2a: Aerodactyl|Pressure
|turn|1
|
|detailschange|p2a: Aerodactyl|Aerodactyl-Mega, M
|-mega|p2a: Aerodactyl|Aerodactyl|Aerodactylite
|move|p2a: Aerodactyl|Aerial Ace|p1a: Azelf
|-damage|p1a: Azelf|169\/353
|move|p1a: Azelf|Taunt|p2a: Aerodactyl
|-start|p2a: Aerodactyl|move: Taunt
|
|turn|2
|
|switch|p1a: Politoed|Politoed, F|383\/383
|-weather|RainDance
|move|p2a: Aerodactyl|Aerial Ace|p1a: Politoed
|-damage|p1a: Politoed|221\/383
|
|-weather|RainDance|[upkeep]
|turn|3
|
|switch|p2a: Keldeo|Keldeo|322\/322
|move|p1a: Politoed|Scald|p2a: Keldeo
|-resisted|p2a: Keldeo
|-damage|p2a: Keldeo|225\/322
|
|-weather|RainDance|[upkeep]
|-heal|p2a: Keldeo|245\/322|[from] item: Leftovers
|turn|4
|
|move|p2a: Keldeo|Secret Sword|p1a: Politoed
|-damage|p1a: Politoed|61\/383
|move|p1a: Politoed|Toxic|p2a: Keldeo
|-status|p2a: Keldeo|tox
|
|-weather|RainDance|[upkeep]
|-heal|p2a: Keldeo|265\/322 tox|[from] item: Leftovers
|-damage|p2a: Keldeo|245\/322 tox|[from] psn
|turn|5
|
|switch|p1a: Azelf|Azelf|169\/353
|move|p2a: Keldeo|Scald|p1a: Azelf
|-damage|p1a: Azelf|0 fnt
|faint|p1a: Azelf
|
|-weather|RainDance|[upkeep]
|-heal|p2a: Keldeo|265\/322 tox|[from] item: Leftovers
|-damage|p2a: Keldeo|225\/322 tox|[from] psn
|
|switch|p1a: Tornadus-Therian|Tornadus-Therian, M|299\/299
|turn|6
|
|switch|p2a: Ferrothorn|Ferrothorn, M|352\/352
|move|p1a: Tornadus-Therian|Hurricane|p2a: Ferrothorn
|-damage|p2a: Ferrothorn|225\/352
|
|-weather|RainDance|[upkeep]
|-heal|p2a: Ferrothorn|247\/352|[from] item: Leftovers
|turn|7
|join|Venancio12
|
|move|p1a: Tornadus-Therian|Hurricane|p2a: Ferrothorn
|-damage|p2a: Ferrothorn|135\/352
|move|p2a: Ferrothorn|Stealth Rock|p1a: Tornadus-Therian
|-sidestart|p1: AlexWinter|move: Stealth Rock
|
|-weather|RainDance|[upkeep]
|-heal|p2a: Ferrothorn|157\/352|[from] item: Leftovers
|turn|8
|
|move|p1a: Tornadus-Therian|Hurricane|p2a: Ferrothorn
|-damage|p2a: Ferrothorn|36\/352
|move|p2a: Ferrothorn|Leech Seed|p1a: Tornadus-Therian
|-start|p1a: Tornadus-Therian|move: Leech Seed
|
|-weather|RainDance|[upkeep]
|-heal|p2a: Ferrothorn|58\/352|[from] item: Leftovers
|-damage|p1a: Tornadus-Therian|262\/299|[from] Leech Seed|[of] p2a: Ferrothorn
|-heal|p2a: Ferrothorn|95\/352|[silent]
|turn|9
|
|switch|p2a: Aerodactyl|Aerodactyl-Mega, M|301\/301
|move|p1a: Tornadus-Therian|Hurricane|p2a: Aerodactyl
|-resisted|p2a: Aerodactyl
|-damage|p2a: Aerodactyl|205\/301
|
|-weather|none
|-damage|p1a: Tornadus-Therian|225\/299|[from] Leech Seed|[of] p2a: Aerodactyl
|-heal|p2a: Aerodactyl|242\/301|[silent]
|turn|10
|
|switch|p1a: Politoed|Politoed, F|61\/383
|-damage|p1a: Politoed|14\/383|[from] Stealth Rock
|-weather|RainDance
|move|p2a: Aerodactyl|Aerial Ace|p1a: Politoed
|-damage|p1a: Politoed|0 fnt
|faint|p1a: Politoed
|
|-weather|RainDance|[upkeep]
|
|switch|p1a: Ludicolo|Ludicolo, M|301\/301
|-damage|p1a: Ludicolo|264\/301|[from] Stealth Rock
|turn|11
|
|switch|p2a: Latios|Latios, M|301\/301
|move|p1a: Ludicolo|Scald|p2a: Latios
|-resisted|p2a: Latios
|-damage|p2a: Latios|218\/301
|
|-weather|RainDance|[upkeep]
|turn|12
|
|move|p1a: Ludicolo|Ice Beam|p2a: Latios
|-supereffective|p2a: Latios
|-damage|p2a: Latios|54\/301
|move|p2a: Latios|Draco Meteor|p1a: Ludicolo
|-damage|p1a: Ludicolo|0 fnt
|-unboost|p2a: Latios|spa|2
|-damage|p2a: Latios|24\/301|[from] item: Life Orb
|faint|p1a: Ludicolo
|
|-weather|RainDance|[upkeep]
|
|switch|p1a: Swampert|Swampert, M|341\/341
|-damage|p1a: Swampert|320\/341|[from] Stealth Rock
|turn|13
|
|detailschange|p1a: Swampert|Swampert-Mega, M
|-mega|p1a: Swampert|Swampert|Swampertite
|move|p2a: Latios|Draco Meteor|p1a: Swampert|[miss]
|-miss|p2a: Latios|p1a: Swampert
|move|p1a: Swampert|Power-Up Punch|p2a: Latios
|-resisted|p2a: Latios
|-damage|p2a: Latios|0 fnt
|-boost|p1a: Swampert|atk|1
|faint|p2a: Latios
|
|-weather|RainDance|[upkeep]
|c|âRedKingAlmighty|really
|c|âRedKingAlmighty|it missed.
|
|switch|p2a: Keldeo|Keldeo|225\/322 tox
|turn|14
|c|âAlexWinter|oh man
|c|âAlexWinter|I was hoping you wouldn't switch to that haha
|
|move|p1a: Swampert|Earthquake|p2a: Keldeo
|-damage|p2a: Keldeo|0 fnt
|faint|p2a: Keldeo
|
|-weather|RainDance|[upkeep]
|c| Venancio12|RKA, why you didnt bring Hippo on after Poli died?
|c|âAlexWinter|But then again, it's out of the way
|
|switch|p2a: Hippowdon|Hippowdon, F|420\/420
|-weather|Sandstorm
|turn|15
|
|move|p1a: Swampert|Waterfall|p2a: Hippowdon
|-supereffective|p2a: Hippowdon
|-damage|p2a: Hippowdon|82\/420
|move|p2a: Hippowdon|Roar|p1a: Swampert
|drag|p1a: Tornadus-Therian|Tornadus-Therian, M|299\/299
|-damage|p1a: Tornadus-Therian|225\/299|[from] Stealth Rock
|
|-weather|Sandstorm|[upkeep]
|-damage|p1a: Tornadus-Therian|207\/299|[from] sandstorm
|-heal|p2a: Hippowdon|108\/420|[from] item: Leftovers
|turn|16
|c|âRedKingAlmighty|im blinded by my rage
|
|switch|p2a: Aerodactyl|Aerodactyl-Mega, M|242\/301
|move|p1a: Tornadus-Therian|Rain Dance|p1a: Tornadus-Therian
|-weather|RainDance
|
|-weather|RainDance|[upkeep]
|turn|17
|c|âRedKingAlmighty|im 1\/6 on draco metoers today
|
|move|p2a: Aerodactyl|Aerial Ace|p1a: Tornadus-Therian
|-damage|p1a: Tornadus-Therian|24\/299
|-damage|p2a: Aerodactyl|192\/301|[from] item: Rocky Helmet|[of] p1a: Tornadus-Therian
|move|p1a: Tornadus-Therian|Sludge Wave|p2a: Aerodactyl
|-resisted|p2a: Aerodactyl
|-damage|p2a: Aerodactyl|143\/301
|
|-weather|RainDance|[upkeep]
|turn|18
|
|move|p2a: Aerodactyl|Roost|p2a: Aerodactyl
|-heal|p2a: Aerodactyl|294\/301
|move|p1a: Tornadus-Therian|Hurricane|p2a: Aerodactyl
|-resisted|p2a: Aerodactyl
|-damage|p2a: Aerodactyl|207\/301
|
|-weather|RainDance|[upkeep]
|turn|19
|
|move|p2a: Aerodactyl|Aerial Ace|p1a: Tornadus-Therian
|-damage|p1a: Tornadus-Therian|0 fnt
|-damage|p2a: Aerodactyl|157\/301|[from] item: Rocky Helmet|[of] p1a: Tornadus-Therian
|faint|p1a: Tornadus-Therian
|
|-weather|RainDance|[upkeep]
|
|switch|p1a: Kingdra|Kingdra, M|291\/291
|-damage|p1a: Kingdra|255\/291|[from] Stealth Rock
|turn|20
|
|switch|p2a: Hippowdon|Hippowdon, F|108\/420
|-weather|Sandstorm
|move|p1a: Kingdra|Dragon Dance|p1a: Kingdra
|-boost|p1a: Kingdra|atk|1
|-boost|p1a: Kingdra|spe|1
|
|-weather|Sandstorm|[upkeep]
|-damage|p1a: Kingdra|237\/291|[from] sandstorm
|-heal|p2a: Hippowdon|134\/420|[from] item: Leftovers
|turn|21
|
|move|p1a: Kingdra|Waterfall|p2a: Hippowdon
|-supereffective|p2a: Hippowdon
|-damage|p2a: Hippowdon|0 fnt
|-damage|p1a: Kingdra|208\/291|[from] item: Life Orb
|faint|p2a: Hippowdon
|
|-weather|Sandstorm|[upkeep]
|-damage|p1a: Kingdra|190\/291|[from] sandstorm
|
|switch|p2a: Ferrothorn|Ferrothorn, M|95\/352
|turn|22
|
|move|p1a: Kingdra|Waterfall|p2a: Ferrothorn
|-resisted|p2a: Ferrothorn
|-damage|p2a: Ferrothorn|7\/352
|-damage|p1a: Kingdra|154\/291|[from] ability: Iron Barbs|[of] p2a: Ferrothorn
|-damage|p1a: Kingdra|125\/291|[from] item: Life Orb
|move|p2a: Ferrothorn|Leech Seed|p1a: Kingdra
|-start|p1a: Kingdra|move: Leech Seed
|
|-weather|Sandstorm|[upkeep]
|-damage|p1a: Kingdra|107\/291|[from] sandstorm
|-heal|p2a: Ferrothorn|29\/352|[from] item: Leftovers
|-damage|p1a: Kingdra|71\/291|[from] Leech Seed|[of] p2a: Ferrothorn
|-heal|p2a: Ferrothorn|65\/352|[silent]
|turn|23
|
|move|p1a: Kingdra|Waterfall|p2a: Ferrothorn
|-resisted|p2a: Ferrothorn
|-damage|p2a: Ferrothorn|0 fnt
|-damage|p1a: Kingdra|35\/291|[from] ability: Iron Barbs|[of] p2a: Ferrothorn
|-damage|p1a: Kingdra|6\/291|[from] item: Life Orb
|faint|p2a: Ferrothorn
|
|-weather|Sandstorm|[upkeep]
|-damage|p1a: Kingdra|0 fnt|[from] sandstorm
|faint|p1a: Kingdra
|
|switch|p1a: Swampert|Swampert-Mega, M|320\/341
|switch|p2a: Clefable|Clefable, M|394\/394
|-damage|p1a: Swampert|299\/341|[from] Stealth Rock
|turn|24
|
|move|p1a: Swampert|Earthquake|p2a: Clefable
|-damage|p2a: Clefable|154\/394
|move|p2a: Clefable|Moonblast|p1a: Swampert
|-damage|p1a: Swampert|202\/341
|
|-weather|none
|-heal|p2a: Clefable|178\/394|[from] item: Leftovers
|turn|25
|
|move|p1a: Swampert|Waterfall|p2a: Clefable
|-damage|p2a: Clefable|0 fnt
|faint|p2a: Clefable
|
|
|switch|p2a: Aerodactyl|Aerodactyl-Mega, M|157\/301
|turn|26
|c|âAlexWinter|gg
|c|âAlexWinter|it was a close one
|c|âAlexWinter|but you got me
|c|âRedKingAlmighty|idk
|
|move|p2a: Aerodactyl|Aerial Ace|p1a: Swampert
|-damage|p1a: Swampert|67\/341
|move|p1a: Swampert|Waterfall|p2a: Aerodactyl
|-supereffective|p2a: Aerodactyl
|-damage|p2a: Aerodactyl|0 fnt
|faint|p2a: Aerodactyl
|
|win|AlexWinter
|raw|Ladder updating...
|raw|AlexWinter's rating: 1251 &rarr; <strong>1278<\/strong><br \/>(+27 for winning)
|raw|RedKingAlmighty's rating: 1279 &rarr; <strong>1252<\/strong><br \/>(-27 for losing)
|c|âRedKingAlmighty|yeah nope
|c|âAlexWinter|ohhhhhhhhhhh
|c|âAlexWinter|snao
|c|âRedKingAlmighty|came down to that draco miss
|c|âAlexWinter|snap
|c|âRedKingAlmighty|gave u free dmg
|c|âAlexWinter|sure buddy
|c|âRedKingAlmighty|ack