|join|KriokDs
|join|Hallucination
|player|p1|KriokDs|165
|player|p2|Hallucination|276
|gametype|singles
|gen|6
|tier|OU
|rated
|clearpoke
|poke|p1|Azumarill, F
|poke|p1|Greninja, M
|poke|p1|Kyurem-Black
|poke|p1|Dragonite, M
|poke|p1|Garchomp, F
|poke|p1|Heracross, F
|poke|p2|Lopunny, F
|poke|p2|Bisharp, F
|poke|p2|Landorus-Therian, M
|poke|p2|Talonflame, F
|poke|p2|Latias, F
|poke|p2|Empoleon, F
|rule|Swagger Clause: Swagger is banned
|rule|Baton Pass Clause: Limit one PokÃ©mon knowing Baton Pass
|rule|Sleep Clause Mod: Limit one foe put to sleep
|rule|Species Clause: Limit one of each PokÃ©mon
|rule|OHKO Clause: OHKO moves are banned
|rule|Moody Clause: Moody is banned
|rule|Evasion Moves Clause: Evasion moves are banned
|rule|Endless Battle Clause: Forcing endless battles is banned
|rule|HP Percentage Mod: HP is shown in percentages
|teampreview
|
|start
|switch|p1a: Azumarill|Azumarill, F|398\/398
|switch|p2a: Lopunny|Lopunny, F|272\/272
|turn|1
|
|detailschange|p2a: Lopunny|Lopunny-Mega, F
|message|Lopunny has Mega Evolved into Mega Lopunny!
|move|p2a: Lopunny|Fake Out|p1a: Azumarill
|-damage|p1a: Azumarill|313\/398
|cant|p1a: Azumarill|flinch
|
|turn|2
|
|switch|p2a: Empoleon|Empoleon, F|372\/372
|move|p1a: Azumarill|Superpower|p2a: Empoleon
|-supereffective|p2a: Empoleon
|-damage|p2a: Empoleon|0 fnt
|-unboost|p1a: Azumarill|atk|1
|-unboost|p1a: Azumarill|def|1
|faint|p2a: Empoleon
|
|
|switch|p2a: Talonflame|Talonflame, F|317\/317
|turn|3
|
|move|p2a: Talonflame|Will-O-Wisp|p1a: Azumarill
|-status|p1a: Azumarill|brn
|move|p1a: Azumarill|Superpower|p2a: Talonflame
|-resisted|p2a: Talonflame
|-damage|p2a: Talonflame|260\/317
|-unboost|p1a: Azumarill|atk|1
|-unboost|p1a: Azumarill|def|1
|
|-damage|p1a: Azumarill|264\/398 brn|[from] brn
|turn|4
|
|move|p2a: Talonflame|Will-O-Wisp|p1a: Azumarill
|-fail|p1a: Azumarill|brn
|move|p1a: Azumarill|Superpower|p2a: Talonflame
|-resisted|p2a: Talonflame
|-damage|p2a: Talonflame|216\/317
|-unboost|p1a: Azumarill|atk|1
|-unboost|p1a: Azumarill|def|1
|
|-damage|p1a: Azumarill|215\/398 brn|[from] brn
|turn|5
|
|move|p2a: Talonflame|Roost|p2a: Talonflame
|-heal|p2a: Talonflame|317\/317
|move|p1a: Azumarill|Superpower|p2a: Talonflame
|-damage|p2a: Talonflame|251\/317
|-unboost|p1a: Azumarill|atk|1
|-unboost|p1a: Azumarill|def|1
|
|-damage|p1a: Azumarill|166\/398 brn|[from] brn
|turn|6
|
|move|p2a: Talonflame|Will-O-Wisp|p1a: Azumarill
|-fail|p1a: Azumarill|brn
|move|p1a: Azumarill|Superpower|p2a: Talonflame
|-resisted|p2a: Talonflame
|-damage|p2a: Talonflame|224\/317
|-unboost|p1a: Azumarill|atk|1
|-unboost|p1a: Azumarill|def|1
|
|-damage|p1a: Azumarill|117\/398 brn|[from] brn
|turn|7
|
|move|p2a: Talonflame|Will-O-Wisp|p1a: Azumarill
|-fail|p1a: Azumarill|brn
|move|p1a: Azumarill|Superpower|p2a: Talonflame
|-resisted|p2a: Talonflame
|-damage|p2a: Talonflame|199\/317
|-unboost|p1a: Azumarill|atk|1
|-unboost|p1a: Azumarill|def|1
|
|-damage|p1a: Azumarill|68\/398 brn|[from] brn
|turn|8
|
|move|p2a: Talonflame|Will-O-Wisp|p1a: Azumarill
|-fail|p1a: Azumarill|brn
|move|p1a: Azumarill|Superpower|p2a: Talonflame
|-resisted|p2a: Talonflame
|-damage|p2a: Talonflame|178\/317
|
|-damage|p1a: Azumarill|19\/398 brn|[from] brn
|turn|9
|
|move|p2a: Talonflame|Roost|p2a: Talonflame
|-heal|p2a: Talonflame|317\/317
|move|p1a: Azumarill|Superpower|p2a: Talonflame
|-damage|p2a: Talonflame|276\/317
|
|-damage|p1a: Azumarill|0 fnt|[from] brn
|faint|p1a: Azumarill
|
|switch|p1a: Greninja|Greninja, M|285\/285
|turn|10
|
|switch|p2a: Latias|Latias, F|302\/302
|move|p1a: Greninja|Scald|p2a: Latias
|-start|p1a: Greninja|typechange|Water|[from] Protean
|-resisted|p2a: Latias
|-damage|p2a: Latias|254\/302
|-status|p2a: Latias|brn
|
|-heal|p2a: Latias|272\/302 brn|[from] item: Leftovers
|-damage|p2a: Latias|235\/302 brn|[from] brn
|turn|11
|
|move|p1a: Greninja|Ice Beam|p2a: Latias
|-start|p1a: Greninja|typechange|Ice|[from] Protean
|-supereffective|p2a: Latias
|-damage|p2a: Latias|11\/302 brn
|move|p2a: Latias|Psyshock|p1a: Greninja
|-damage|p1a: Greninja|107\/285
|
|-heal|p2a: Latias|29\/302 brn|[from] item: Leftovers
|-damage|p2a: Latias|0 fnt|[from] brn
|faint|p2a: Latias
|
|switch|p2a: Lopunny|Lopunny-Mega, F|272\/272
|turn|12
|
|switch|p1a: Heracross|Heracross, F|351\/351
|move|p2a: Lopunny|Return|p1a: Heracross
|-damage|p1a: Heracross|117\/351
|
|turn|13
|
|detailschange|p1a: Heracross|Heracross-Mega, F
|message|Heracross has Mega Evolved into Mega Heracross!
|move|p2a: Lopunny|Return|p1a: Heracross
|-damage|p1a: Heracross|0 fnt
|faint|p1a: Heracross
|
|
|switch|p1a: Garchomp|Garchomp, F|357\/357
|turn|14
|
|move|p1a: Garchomp|Outrage|p2a: Lopunny
|-damage|p2a: Lopunny|20\/272
|move|p2a: Lopunny|High Jump Kick|p1a: Garchomp
|-damage|p1a: Garchomp|128\/357
|-damage|p2a: Lopunny|0 fnt|[from] ability: Rough Skin|[of] p1a: Garchomp
|faint|p2a: Lopunny
|
|
|switch|p2a: Bisharp|Bisharp, F|282\/282
|turn|15
|
|move|p2a: Bisharp|Sucker Punch|p1a: Garchomp
|-damage|p1a: Garchomp|0 fnt
|-damage|p2a: Bisharp|247\/282|[from] ability: Rough Skin|[of] p1a: Garchomp
|faint|p1a: Garchomp
|
|
|switch|p1a: Greninja|Greninja, M|107\/285
|turn|16
|
|move|p2a: Bisharp|Sucker Punch|p1a: Greninja
|-resisted|p1a: Greninja
|-damage|p1a: Greninja|0 fnt
|faint|p1a: Greninja
|
|
|switch|p1a: Dragonite|Dragonite, M|379\/379
|turn|17
|
|move|p2a: Bisharp|Knock Off|p1a: Dragonite
|-damage|p1a: Dragonite|269\/379
|-enditem|p1a: Dragonite|Weakness Policy|[from] move: Knock Off|[of] p2a: Bisharp
|move|p1a: Dragonite|Fire Punch|p2a: Bisharp
|-supereffective|p2a: Bisharp
|-damage|p2a: Bisharp|53\/282
|
|turn|18
|
|move|p1a: Dragonite|Extreme Speed|p2a: Bisharp
|-resisted|p2a: Bisharp
|-damage|p2a: Bisharp|3\/282
|move|p2a: Bisharp|Iron Head|p1a: Dragonite
|-crit|p1a: Dragonite
|-damage|p1a: Dragonite|55\/379
|
|turn|19
|
|switch|p2a: Landorus-Therian|Landorus-Therian, M|320\/320
|-ability|p2a: Landorus-Therian|Intimidate|[of] p1a: Dragonite
|-unboost|p1a: Dragonite|atk|1
|move|p1a: Dragonite|Extreme Speed|p2a: Landorus-Therian
|-damage|p2a: Landorus-Therian|239\/320
|
|turn|20
|
|move|p2a: Landorus-Therian|Knock Off|p1a: Dragonite
|-damage|p1a: Dragonite|0 fnt
|faint|p1a: Dragonite
|
|
|switch|p1a: Kyurem-Black|Kyurem-Black|391\/391
|-ability|p1a: Kyurem-Black|Teravolt
|turn|21
|
|move|p2a: Landorus-Therian|Knock Off|p1a: Kyurem-Black
|-damage|p1a: Kyurem-Black|255\/391
|-enditem|p1a: Kyurem-Black|Life Orb|[from] move: Knock Off|[of] p2a: Landorus-Therian
|move|p1a: Kyurem-Black|Ice Beam|p2a: Landorus-Therian
|-supereffective|p2a: Landorus-Therian
|-damage|p2a: Landorus-Therian|0 fnt
|faint|p2a: Landorus-Therian
|
|
|switch|p2a: Talonflame|Talonflame, F|276\/317
|turn|22
|
|move|p2a: Talonflame|Brave Bird|p1a: Kyurem-Black
|-damage|p1a: Kyurem-Black|81\/391
|-damage|p2a: Talonflame|219\/317|[from] recoil|[of] p1a: Kyurem-Black
|move|p1a: Kyurem-Black|Fusion Bolt|p2a: Talonflame
|-supereffective|p2a: Talonflame
|-damage|p2a: Talonflame|0 fnt
|faint|p2a: Talonflame
|
|
|switch|p2a: Bisharp|Bisharp, F|3\/282
|turn|23
|
|move|p2a: Bisharp|Sucker Punch|p1a: Kyurem-Black
|-damage|p1a: Kyurem-Black|0 fnt
|faint|p1a: Kyurem-Black
|
|win|Hallucination
|raw|Ladder updating...
|c|âHallucination|gg
|leave|KriokDs
|player|p1
|raw|KriokDs's rating: 1420 &rarr; <strong>1398<\/strong><br \/>(-22 for losing)
|raw|Hallucination's rating: 1386 &rarr; <strong>1408<\/strong><br \/>(+22 for winning)