|join|Hallucination
|join|zackee
|player|p1|Hallucination|276
|player|p2|zackee|161
|gametype|singles
|gen|6
|tier|OU
|rated
|clearpoke
|poke|p1|Gallade, M
|poke|p1|Bisharp, M
|poke|p1|Landorus-Therian, M
|poke|p1|Talonflame, M
|poke|p1|Latias, F
|poke|p1|Empoleon, M
|poke|p2|Togekiss, M
|poke|p2|Gliscor, F
|poke|p2|Sableye, M
|poke|p2|Jirachi
|poke|p2|Slowbro, F
|poke|p2|Sylveon, F
|rule|Swagger Clause: Swagger is banned
|rule|Baton Pass Clause: Limit one PokÃ©mon knowing Baton Pass
|rule|Sleep Clause Mod: Limit one foe put to sleep
|rule|Species Clause: Limit one of each PokÃ©mon
|rule|OHKO Clause: OHKO moves are banned
|rule|Moody Clause: Moody is banned
|rule|Evasion Moves Clause: Evasion moves are banned
|rule|Endless Battle Clause: Forcing endless battles is banned
|rule|HP Percentage Mod: HP is shown in percentages
|teampreview
|
|start
|switch|p1a: Landorus-Therian|Landorus-Therian, M|320\/320
|switch|p2a: Togekiss|Togekiss, M|374\/374
|-ability|p1a: Landorus-Therian|Intimidate|[of] p2a: Togekiss
|-unboost|p2a: Togekiss|atk|1
|turn|1
|
|move|p1a: Landorus-Therian|U-turn|p2a: Togekiss
|-resisted|p2a: Togekiss
|-damage|p2a: Togekiss|350\/374
|
|switch|p1a: Bisharp|Bisharp, M|282\/282
|move|p2a: Togekiss|Dazzling Gleam|p1a: Bisharp
|-damage|p1a: Bisharp|74\/282
|
|turn|2
|
|move|p1a: Bisharp|Iron Head|p2a: Togekiss
|-supereffective|p2a: Togekiss
|-damage|p2a: Togekiss|72\/374
|move|p2a: Togekiss|Aura Sphere|p1a: Bisharp
|-supereffective|p1a: Bisharp
|-damage|p1a: Bisharp|0 fnt
|faint|p1a: Bisharp
|
|
|switch|p1a: Gallade|Gallade, M|277\/277
|turn|3
|
|detailschange|p1a: Gallade|Gallade-Mega, M
|message|Gallade has Mega Evolved into Mega Gallade!
|move|p1a: Gallade|Poison Jab|p2a: Togekiss
|-supereffective|p2a: Togekiss
|-damage|p2a: Togekiss|0 fnt
|faint|p2a: Togekiss
|
|
|switch|p2a: Gliscor|Gliscor, F|354\/354
|turn|4
|
|move|p1a: Gallade|Swords Dance|p1a: Gallade
|-boost|p1a: Gallade|atk|2
|move|p2a: Gliscor|Toxic|p1a: Gallade
|-status|p1a: Gallade|tox
|
|-damage|p1a: Gallade|260\/277 tox|[from] psn
|-status|p2a: Gliscor|tox|[from] item: Toxic Orb
|turn|5
|
|move|p1a: Gallade|Psycho Cut|p2a: Gliscor
|-damage|p2a: Gliscor|158\/354 tox
|move|p2a: Gliscor|Stealth Rock|p1a: Gallade
|-sidestart|p1: Hallucination|move: Stealth Rock
|
|-damage|p1a: Gallade|226\/277 tox|[from] psn
|-heal|p2a: Gliscor|202\/354 tox|[from] ability: Poison Heal
|turn|6
|
|move|p1a: Gallade|Swords Dance|p1a: Gallade
|-boost|p1a: Gallade|atk|2
|move|p2a: Gliscor|Earthquake|p1a: Gallade
|-damage|p1a: Gallade|102\/277 tox
|
|-damage|p1a: Gallade|51\/277 tox|[from] psn
|-heal|p2a: Gliscor|246\/354 tox|[from] ability: Poison Heal
|turn|7
|
|move|p2a: Gliscor|Protect|p2a: Gliscor
|-singleturn|p2a: Gliscor|Protect
|move|p1a: Gallade|Psycho Cut|p2a: Gliscor
|-activate|p2a: Gliscor|Protect
|
|-damage|p1a: Gallade|0 fnt|[from] psn
|-heal|p2a: Gliscor|290\/354 tox|[from] ability: Poison Heal
|faint|p1a: Gallade
|
|switch|p1a: Latias|Latias, F|302\/302
|-damage|p1a: Latias|265\/302|[from] Stealth Rock
|turn|8
|
|switch|p2a: Sylveon|Sylveon, F|394\/394
|move|p1a: Latias|Psyshock|p2a: Sylveon
|-damage|p2a: Sylveon|214\/394
|
|-heal|p1a: Latias|283\/302|[from] item: Leftovers
|-heal|p2a: Sylveon|238\/394|[from] item: Leftovers
|turn|9
|
|switch|p1a: Empoleon|Empoleon, M|372\/372
|-damage|p1a: Empoleon|349\/372|[from] Stealth Rock
|move|p2a: Sylveon|Hyper Voice|p1a: Empoleon
|-resisted|p1a: Empoleon
|-damage|p1a: Empoleon|272\/372
|
|-heal|p2a: Sylveon|262\/394|[from] item: Leftovers
|-heal|p1a: Empoleon|295\/372|[from] item: Leftovers
|turn|10
|
|switch|p2a: Sableye|Sableye, M|304\/304
|move|p1a: Empoleon|Stealth Rock|p2a: Sableye
|-sidestart|p2: zackee|move: Stealth Rock
|
|-heal|p1a: Empoleon|318\/372|[from] item: Leftovers
|turn|11
|
|switch|p1a: Talonflame|Talonflame, M|317\/317
|-damage|p1a: Talonflame|159\/317|[from] Stealth Rock
|move|p2a: Sableye|Taunt|p1a: Talonflame
|-start|p1a: Talonflame|move: Taunt
|
|turn|12
|
|switch|p1a: Latias|Latias, F|283\/302
|-damage|p1a: Latias|246\/302|[from] Stealth Rock
|detailschange|p2a: Sableye|Sableye-Mega, M
|message|Sableye has Mega Evolved into Mega Sableye!
|move|p2a: Sableye|Knock Off|p1a: Latias
|-crit|p1a: Latias
|-supereffective|p1a: Latias
|-damage|p1a: Latias|0 fnt
|-enditem|p1a: Latias|Leftovers|[from] move: Knock Off|[of] p2a: Sableye
|faint|p1a: Latias
|
|
|switch|p1a: Empoleon|Empoleon, M|318\/372
|-damage|p1a: Empoleon|295\/372|[from] Stealth Rock
|turn|13
|
|move|p1a: Empoleon|Scald|p2a: Sableye
|-crit|p2a: Sableye
|-damage|p2a: Sableye|196\/304
|-status|p2a: Sableye|brn
|move|p2a: Sableye|Taunt|p1a: Empoleon
|-start|p1a: Empoleon|move: Taunt
|
|-heal|p1a: Empoleon|318\/372|[from] item: Leftovers
|-damage|p2a: Sableye|158\/304 brn|[from] brn
|turn|14
|
|switch|p1a: Talonflame|Talonflame, M|159\/317
|-damage|p1a: Talonflame|1\/317|[from] Stealth Rock
|move|p2a: Sableye|Knock Off|p1a: Talonflame
|-damage|p1a: Talonflame|0 fnt
|-enditem|p1a: Talonflame|Sharp Beak|[from] move: Knock Off|[of] p2a: Sableye
|faint|p1a: Talonflame
|
|-damage|p2a: Sableye|120\/304 brn|[from] brn
|
|switch|p1a: Landorus-Therian|Landorus-Therian, M|320\/320
|-damage|p1a: Landorus-Therian|280\/320|[from] Stealth Rock
|-ability|p1a: Landorus-Therian|Intimidate|[of] p2a: Sableye
|-unboost|p2a: Sableye|atk|1
|turn|15
|
|move|p1a: Landorus-Therian|Earthquake|p2a: Sableye
|-damage|p2a: Sableye|0 fnt
|faint|p2a: Sableye
|
|
|switch|p2a: Gliscor|Gliscor, F|290\/354 tox
|-damage|p2a: Gliscor|246\/354 tox|[from] Stealth Rock
|turn|16
|
|switch|p1a: Empoleon|Empoleon, M|318\/372
|-damage|p1a: Empoleon|295\/372|[from] Stealth Rock
|move|p2a: Gliscor|Toxic|p1a: Empoleon
|-fail|p1a: Empoleon
|
|-heal|p1a: Empoleon|318\/372|[from] item: Leftovers
|-heal|p2a: Gliscor|290\/354 tox|[from] ability: Poison Heal
|turn|17
|
|move|p2a: Gliscor|Earthquake|p1a: Empoleon
|-supereffective|p1a: Empoleon
|-damage|p1a: Empoleon|138\/372
|move|p1a: Empoleon|Ice Beam|p2a: Gliscor
|-supereffective|p2a: Gliscor
|-damage|p2a: Gliscor|0 fnt
|faint|p2a: Gliscor
|
|-heal|p1a: Empoleon|161\/372|[from] item: Leftovers
|
|switch|p2a: Jirachi|Jirachi|404\/404
|-damage|p2a: Jirachi|379\/404|[from] Stealth Rock
|turn|18
|
|switch|p1a: Landorus-Therian|Landorus-Therian, M|280\/320
|-damage|p1a: Landorus-Therian|240\/320|[from] Stealth Rock
|-ability|p1a: Landorus-Therian|Intimidate|[of] p2a: Jirachi
|-unboost|p2a: Jirachi|atk|1
|move|p2a: Jirachi|Thunder Wave|p1a: Landorus-Therian
|-immune|p1a: Landorus-Therian|[msg]
|
|-heal|p2a: Jirachi|404\/404|[from] item: Leftovers
|turn|19
|
|switch|p2a: Slowbro|Slowbro, F|394\/394
|-damage|p2a: Slowbro|345\/394|[from] Stealth Rock
|move|p1a: Landorus-Therian|U-turn|p2a: Slowbro
|-supereffective|p2a: Slowbro
|-damage|p2a: Slowbro|211\/394
|
|switch|p1a: Empoleon|Empoleon, M|161\/372
|-damage|p1a: Empoleon|138\/372|[from] Stealth Rock
|
|-heal|p1a: Empoleon|161\/372|[from] item: Leftovers
|-heal|p2a: Slowbro|235\/394|[from] item: Leftovers
|turn|20
|
|move|p1a: Empoleon|Scald|p2a: Slowbro
|-resisted|p2a: Slowbro
|-damage|p2a: Slowbro|176\/394
|move|p2a: Slowbro|Scald|p1a: Empoleon
|-resisted|p1a: Empoleon
|-damage|p1a: Empoleon|117\/372
|
|-heal|p1a: Empoleon|140\/372|[from] item: Leftovers
|-heal|p2a: Slowbro|200\/394|[from] item: Leftovers
|turn|21
|
|move|p1a: Empoleon|Scald|p2a: Slowbro
|-resisted|p2a: Slowbro
|-damage|p2a: Slowbro|135\/394
|move|p2a: Slowbro|Scald|p1a: Empoleon
|-resisted|p1a: Empoleon
|-damage|p1a: Empoleon|92\/372
|
|-heal|p1a: Empoleon|115\/372|[from] item: Leftovers
|-heal|p2a: Slowbro|159\/394|[from] item: Leftovers
|turn|22
|
|move|p1a: Empoleon|Scald|p2a: Slowbro
|-resisted|p2a: Slowbro
|-damage|p2a: Slowbro|63\/394
|move|p2a: Slowbro|Scald|p1a: Empoleon
|-resisted|p1a: Empoleon
|-damage|p1a: Empoleon|71\/372
|
|-heal|p1a: Empoleon|94\/372|[from] item: Leftovers
|-heal|p2a: Slowbro|87\/394|[from] item: Leftovers
|turn|23
|
|switch|p2a: Sylveon|Sylveon, F|262\/394
|-damage|p2a: Sylveon|213\/394|[from] Stealth Rock
|move|p1a: Empoleon|Scald|p2a: Sylveon
|-damage|p2a: Sylveon|128\/394
|-status|p2a: Sylveon|brn
|
|-heal|p2a: Sylveon|152\/394 brn|[from] item: Leftovers
|-heal|p1a: Empoleon|117\/372|[from] item: Leftovers
|-damage|p2a: Sylveon|103\/394 brn|[from] brn
|turn|24
|
|move|p2a: Sylveon|Hyper Voice|p1a: Empoleon
|-resisted|p1a: Empoleon
|-damage|p1a: Empoleon|48\/372
|move|p1a: Empoleon|Scald|p2a: Sylveon
|-damage|p2a: Sylveon|10\/394 brn
|
|-heal|p2a: Sylveon|34\/394 brn|[from] item: Leftovers
|-heal|p1a: Empoleon|71\/372|[from] item: Leftovers
|-damage|p2a: Sylveon|0 fnt|[from] brn
|faint|p2a: Sylveon
|
|switch|p2a: Slowbro|Slowbro, F|218\/394
|-damage|p2a: Slowbro|169\/394|[from] Stealth Rock
|turn|25
|
|move|p1a: Empoleon|Scald|p2a: Slowbro
|-resisted|p2a: Slowbro
|-damage|p2a: Slowbro|79\/394
|move|p2a: Slowbro|Scald|p1a: Empoleon
|-resisted|p1a: Empoleon
|-damage|p1a: Empoleon|24\/372
|
|-heal|p1a: Empoleon|47\/372|[from] item: Leftovers
|-heal|p2a: Slowbro|103\/394|[from] item: Leftovers
|turn|26
|
|move|p1a: Empoleon|Scald|p2a: Slowbro
|-resisted|p2a: Slowbro
|-damage|p2a: Slowbro|7\/394
|move|p2a: Slowbro|Scald|p1a: Empoleon
|-resisted|p1a: Empoleon
|-damage|p1a: Empoleon|0 fnt
|faint|p1a: Empoleon
|
|-heal|p2a: Slowbro|31\/394|[from] item: Leftovers
|
|switch|p1a: Landorus-Therian|Landorus-Therian, M|240\/320
|-damage|p1a: Landorus-Therian|200\/320|[from] Stealth Rock
|-ability|p1a: Landorus-Therian|Intimidate|[of] p2a: Slowbro
|-unboost|p2a: Slowbro|atk|1
|turn|27
|
|switch|p2a: Jirachi|Jirachi|404\/404
|-damage|p2a: Jirachi|379\/404|[from] Stealth Rock
|move|p1a: Landorus-Therian|Earthquake|p2a: Jirachi
|-supereffective|p2a: Jirachi
|-damage|p2a: Jirachi|0 fnt
|faint|p2a: Jirachi
|
|
|switch|p2a: Slowbro|Slowbro, F|162\/394
|-damage|p2a: Slowbro|113\/394|[from] Stealth Rock
|turn|28
|
|move|p1a: Landorus-Therian|Earthquake|p2a: Slowbro
|-damage|p2a: Slowbro|0 fnt
|faint|p2a: Slowbro
|
|win|Hallucination
|raw|Ladder updating...
|c|âHallucination|gg
|raw|Hallucination's rating: 1244 &rarr; <strong>1267<\/strong><br \/>(+23 for winning)
|raw|zackee's rating: 1217 &rarr; <strong>1194<\/strong><br \/>(-23 for losing)
|leave|zackee
|player|p2