|join|lil manaphy
|join|Hallucination
|player|p1|lil manaphy|98
|player|p2|Hallucination|276
|gametype|singles
|gen|6
|tier|OU
|rated
|clearpoke
|poke|p1|Lopunny, M
|poke|p1|Rotom-Wash
|poke|p1|Gothitelle, F
|poke|p1|Mandibuzz, F
|poke|p1|Heatran, F
|poke|p1|Celebi
|poke|p2|Tyranitar, M
|poke|p2|Altaria, M
|poke|p2|Keldeo
|poke|p2|Chansey, F
|poke|p2|Excadrill, F
|poke|p2|Thundurus, M
|rule|Swagger Clause: Swagger is banned
|rule|Baton Pass Clause: Limit one PokÃ©mon knowing Baton Pass
|rule|Sleep Clause Mod: Limit one foe put to sleep
|rule|Species Clause: Limit one of each PokÃ©mon
|rule|OHKO Clause: OHKO moves are banned
|rule|Moody Clause: Moody is banned
|rule|Evasion Moves Clause: Evasion moves are banned
|rule|Endless Battle Clause: Forcing endless battles is banned
|rule|HP Percentage Mod: HP is shown in percentages
|teampreview
|c|âHallucination|O.O
|c|âHallucination|your like #4 haha
|c|âHallucination|rekt
|
|start
|switch|p1a: Lopunny|Lopunny, M|271\/271
|switch|p2a: Excadrill|Excadrill, F|362\/362
|-item|p2a: Excadrill|Air Balloon
|turn|1
|
|detailschange|p1a: Lopunny|Lopunny-Mega, M
|message|Lopunny has Mega Evolved into Mega Lopunny!
|move|p1a: Lopunny|High Jump Kick|p2a: Excadrill
|-supereffective|p2a: Excadrill
|-damage|p2a: Excadrill|0 fnt
|-enditem|p2a: Excadrill|Air Balloon
|faint|p2a: Excadrill
|
|
|switch|p2a: Altaria|Altaria, M|331\/331
|turn|2
|
|switch|p1a: Rotom-Wash|Rotom-Wash|303\/303
|detailschange|p2a: Altaria|Altaria-Mega, M
|message|Altaria has Mega Evolved into Mega Altaria!
|move|p2a: Altaria|Hyper Voice|p1a: Rotom-Wash
|-damage|p1a: Rotom-Wash|119\/303
|
|-heal|p1a: Rotom-Wash|137\/303|[from] item: Leftovers
|turn|3
|
|switch|p1a: Celebi|Celebi|404\/404
|move|p2a: Altaria|Hyper Voice|p1a: Celebi
|-damage|p1a: Celebi|244\/404
|
|-heal|p1a: Celebi|269\/404|[from] item: Leftovers
|turn|4
|
|move|p1a: Celebi|Recover|p1a: Celebi
|-heal|p1a: Celebi|404\/404
|move|p2a: Altaria|Fire Blast|p1a: Celebi
|-supereffective|p1a: Celebi
|-damage|p1a: Celebi|198\/404
|
|-heal|p1a: Celebi|223\/404|[from] item: Leftovers
|turn|5
|
|switch|p2a: Tyranitar|Tyranitar, M|384\/384
|-weather|Sandstorm
|move|p1a: Celebi|Recover|p1a: Celebi
|-heal|p1a: Celebi|404\/404
|
|-weather|Sandstorm|[upkeep]
|-damage|p1a: Celebi|379\/404|[from] Sandstorm
|-heal|p1a: Celebi|404\/404|[from] item: Leftovers
|turn|6
|
|move|p1a: Celebi|Baton Pass|p1a: Celebi
|
|switch|p1a: Gothitelle|Gothitelle, F|301\/301
|move|p2a: Tyranitar|Stone Edge|p1a: Gothitelle
|-damage|p1a: Gothitelle|0 fnt
|faint|p1a: Gothitelle
|
|-weather|Sandstorm|[upkeep]
|
|switch|p1a: Lopunny|Lopunny-Mega, M|271\/271
|turn|7
|
|switch|p2a: Altaria|Altaria-Mega, M|331\/331
|move|p1a: Lopunny|High Jump Kick|p2a: Altaria
|-resisted|p2a: Altaria
|-damage|p2a: Altaria|225\/331
|
|-weather|Sandstorm|[upkeep]
|-damage|p1a: Lopunny|255\/271|[from] Sandstorm
|-damage|p2a: Altaria|205\/331|[from] Sandstorm
|turn|8
|join|jacob
|
|switch|p1a: Heatran|Heatran, F|386\/386
|move|p2a: Altaria|Roost|p2a: Altaria
|-heal|p2a: Altaria|331\/331
|
|-weather|Sandstorm|[upkeep]
|-damage|p2a: Altaria|311\/331|[from] Sandstorm
|turn|9
|join|TTM Styx
|
|switch|p2a: Tyranitar|Tyranitar, M|384\/384
|move|p1a: Heatran|Stealth Rock|p2a: Tyranitar
|-sidestart|p2: Hallucination|move: Stealth Rock
|
|-weather|none
|turn|10
|
|move|p1a: Heatran|Protect|p1a: Heatran
|-singleturn|p1a: Heatran|Protect
|move|p2a: Tyranitar|Stone Edge|p1a: Heatran
|-activate|p1a: Heatran|Protect
|
|turn|11
|
|move|p1a: Heatran|Toxic|p2a: Tyranitar
|-status|p2a: Tyranitar|tox
|move|p2a: Tyranitar|Stone Edge|p1a: Heatran
|-damage|p1a: Heatran|88\/386
|
|-heal|p1a: Heatran|112\/386|[from] item: Leftovers
|-damage|p2a: Tyranitar|360\/384 tox|[from] psn
|turn|12
|
|move|p1a: Heatran|Protect|p1a: Heatran
|-singleturn|p1a: Heatran|Protect
|move|p2a: Tyranitar|Stone Edge|p1a: Heatran
|-activate|p1a: Heatran|Protect
|
|-heal|p1a: Heatran|136\/386|[from] item: Leftovers
|-damage|p2a: Tyranitar|312\/384 tox|[from] psn
|turn|13
|
|switch|p1a: Rotom-Wash|Rotom-Wash|137\/303
|move|p2a: Tyranitar|Stone Edge|p1a: Rotom-Wash
|-crit|p1a: Rotom-Wash
|-damage|p1a: Rotom-Wash|0 fnt
|faint|p1a: Rotom-Wash
|
|-damage|p2a: Tyranitar|240\/384 tox|[from] psn
|
|switch|p1a: Lopunny|Lopunny-Mega, M|255\/271
|turn|14
|
|switch|p2a: Altaria|Altaria-Mega, M|311\/331
|-damage|p2a: Altaria|270\/331|[from] Stealth Rock
|move|p1a: Lopunny|High Jump Kick|p2a: Altaria
|-resisted|p2a: Altaria
|-damage|p2a: Altaria|166\/331
|
|turn|15
|
|move|p1a: Lopunny|Return|p2a: Altaria
|-damage|p2a: Altaria|6\/331
|move|p2a: Altaria|Hyper Voice|p1a: Lopunny
|-supereffective|p1a: Lopunny
|-damage|p1a: Lopunny|0 fnt
|faint|p1a: Lopunny
|
|
|switch|p1a: Celebi|Celebi|404\/404
|turn|16
|
|move|p1a: Celebi|Giga Drain|p2a: Altaria
|-resisted|p2a: Altaria
|-damage|p2a: Altaria|0 fnt
|faint|p2a: Altaria
|
|
|switch|p2a: Tyranitar|Tyranitar, M|240\/384 tox
|-damage|p2a: Tyranitar|192\/384 tox|[from] Stealth Rock
|-weather|Sandstorm
|turn|17
|
|move|p1a: Celebi|Baton Pass|p1a: Celebi
|
|switch|p1a: Heatran|Heatran, F|136\/386
|move|p2a: Tyranitar|Crunch|p1a: Heatran
|-damage|p1a: Heatran|0 fnt
|faint|p1a: Heatran
|
|-weather|Sandstorm|[upkeep]
|-damage|p2a: Tyranitar|168\/384 tox|[from] psn
|
|switch|p1a: Mandibuzz|Mandibuzz, F|424\/424
|turn|18
|
|switch|p2a: Keldeo|Keldeo|323\/323
|-damage|p2a: Keldeo|303\/323|[from] Stealth Rock
|move|p1a: Mandibuzz|Foul Play|p2a: Keldeo
|-resisted|p2a: Keldeo
|-damage|p2a: Keldeo|265\/323
|-boost|p2a: Keldeo|atk|1|[from] ability: Justified
|
|-weather|Sandstorm|[upkeep]
|-damage|p2a: Keldeo|245\/323|[from] Sandstorm
|turn|19
|
|switch|p1a: Celebi|Celebi|404\/404
|move|p2a: Keldeo|Icy Wind|p1a: Celebi
|-supereffective|p1a: Celebi
|-damage|p1a: Celebi|264\/404
|-unboost|p1a: Celebi|spe|1
|
|-weather|Sandstorm|[upkeep]
|-damage|p2a: Keldeo|225\/323|[from] Sandstorm
|-damage|p1a: Celebi|239\/404|[from] Sandstorm
|-heal|p1a: Celebi|264\/404|[from] item: Leftovers
|turn|20
|
|switch|p2a: Chansey|Chansey, F|642\/642
|-damage|p2a: Chansey|562\/642|[from] Stealth Rock
|move|p1a: Celebi|Recover|p1a: Celebi
|-heal|p1a: Celebi|404\/404
|
|-weather|Sandstorm|[upkeep]
|-damage|p1a: Celebi|379\/404|[from] Sandstorm
|-damage|p2a: Chansey|522\/642|[from] Sandstorm
|-heal|p1a: Celebi|404\/404|[from] item: Leftovers
|turn|21
|
|switch|p1a: Mandibuzz|Mandibuzz, F|424\/424
|move|p2a: Chansey|Toxic|p1a: Mandibuzz
|-status|p1a: Mandibuzz|tox
|
|-weather|none
|-damage|p1a: Mandibuzz|398\/424 tox|[from] psn
|turn|22
|
|move|p1a: Mandibuzz|Taunt|p2a: Chansey
|-start|p2a: Chansey|move: Taunt
|cant|p2a: Chansey|move: Taunt|Wish
|
|-heal|p1a: Mandibuzz|424\/424 tox|[from] item: Leftovers
|-damage|p1a: Mandibuzz|372\/424 tox|[from] psn
|turn|23
|c| jacob|:o
|
|switch|p1a: Celebi|Celebi|404\/404
|move|p2a: Chansey|Seismic Toss|p1a: Celebi
|-damage|p1a: Celebi|304\/404
|
|-heal|p1a: Celebi|329\/404|[from] item: Leftovers
|turn|24
|
|move|p1a: Celebi|Perish Song|p1a: Celebi
|-fieldactivate|move: Perish Song
|move|p2a: Chansey|Seismic Toss|p1a: Celebi
|-damage|p1a: Celebi|229\/404
|
|-start|p1a: Celebi|perish3
|-start|p2a: Chansey|perish3
|-heal|p1a: Celebi|254\/404|[from] item: Leftovers
|-end|p2a: Chansey|move: Taunt
|turn|25
|
|switch|p1a: Mandibuzz|Mandibuzz, F|372\/424 tox
|move|p2a: Chansey|Wish|p2a: Chansey
|
|-start|p2a: Chansey|perish2
|-heal|p1a: Mandibuzz|398\/424 tox|[from] item: Leftovers
|-damage|p1a: Mandibuzz|372\/424 tox|[from] psn
|turn|26
|
|switch|p2a: Thundurus|Thundurus, M|299\/299
|-damage|p2a: Thundurus|225\/299|[from] Stealth Rock
|move|p1a: Mandibuzz|Foul Play|p2a: Thundurus
|-damage|p2a: Thundurus|66\/299
|
|-heal|p2a: Thundurus|299\/299|[from] move: Wish|[wisher] Chansey
|-heal|p1a: Mandibuzz|398\/424 tox|[from] item: Leftovers
|-damage|p1a: Mandibuzz|346\/424 tox|[from] psn
|turn|27
|
|switch|p1a: Celebi|Celebi|254\/404
|move|p2a: Thundurus|Nasty Plot|p2a: Thundurus
|-boost|p2a: Thundurus|spa|2
|
|-heal|p1a: Celebi|279\/404|[from] item: Leftovers
|turn|28
|
|move|p2a: Thundurus|Hidden Power|p1a: Celebi
|-supereffective|p1a: Celebi
|-damage|p1a: Celebi|0 fnt
|-damage|p2a: Thundurus|270\/299|[from] item: Life Orb
|faint|p1a: Celebi
|
|c|âHallucination|gg
|-message|lil manaphy forfeited.
|
|win|Hallucination
|raw|Ladder updating...
|leave|lil manaphy
|player|p1
|raw|lil manaphy's rating: 1832 &rarr; <strong>1802<\/strong><br \/>(-30 for losing)
|raw|Hallucination's rating: 1638 &rarr; <strong>1668<\/strong><br \/>(+30 for winning)