|join|Hallucination
|join|Thomas Power
|player|p1|Hallucination|102
|player|p2|Thomas Power|142
|gametype|singles
|gen|6
|tier|OU
|rated
|clearpoke
|poke|p1|Hippowdon, M
|poke|p1|Altaria, M
|poke|p1|Jirachi
|poke|p1|Amoonguss, F
|poke|p1|Mandibuzz, F
|poke|p1|Heatran, F
|poke|p2|Swampert, M
|poke|p2|Tornadus-Therian, M
|poke|p2|Politoed, M
|poke|p2|Hawlucha, F
|poke|p2|Magnezone
|poke|p2|Amoonguss, F
|rule|Swagger Clause: Swagger is banned
|rule|Baton Pass Clause: Limit one PokÃ©mon knowing Baton Pass
|rule|Sleep Clause Mod: Limit one foe put to sleep
|rule|Species Clause: Limit one of each PokÃ©mon
|rule|OHKO Clause: OHKO moves are banned
|rule|Moody Clause: Moody is banned
|rule|Evasion Moves Clause: Evasion moves are banned
|rule|Endless Battle Clause: Forcing endless battles is banned
|rule|HP Percentage Mod: HP is shown in percentages
|teampreview
|
|start
|switch|p1a: Amoonguss|Amoonguss, F|432\/432
|switch|p2a: Politoed|Politoed, M|384\/384
|-weather|RainDance
|turn|1
|
|switch|p2a: Amoonguss|Amoonguss, F|432\/432
|move|p1a: Amoonguss|Giga Drain|p2a: Amoonguss
|-resisted|p2a: Amoonguss
|-damage|p2a: Amoonguss|411\/432
|
|-weather|RainDance|[upkeep]
|-heal|p2a: Amoonguss|432\/432|[from] item: Black Sludge
|turn|2
|
|move|p2a: Amoonguss|Sludge Bomb|p1a: Amoonguss
|-damage|p1a: Amoonguss|324\/432
|move|p1a: Amoonguss|Foul Play|p2a: Amoonguss
|-damage|p2a: Amoonguss|379\/432
|
|-weather|RainDance|[upkeep]
|-heal|p1a: Amoonguss|351\/432|[from] item: Black Sludge
|-heal|p2a: Amoonguss|406\/432|[from] item: Black Sludge
|turn|3
|
|switch|p1a: Heatran|Heatran, F|344\/344
|switch|p2a: Tornadus-Therian|Tornadus-Therian, M|299\/299
|
|-weather|RainDance|[upkeep]
|turn|4
|
|move|p1a: Heatran|Protect|p1a: Heatran
|-singleturn|p1a: Heatran|Protect
|move|p2a: Tornadus-Therian|Knock Off|p1a: Heatran
|-activate|p1a: Heatran|Protect
|
|-weather|RainDance|[upkeep]
|turn|5
|
|move|p2a: Tornadus-Therian|Knock Off|p1a: Heatran
|-damage|p1a: Heatran|268\/344
|-enditem|p1a: Heatran|Leftovers|[from] move: Knock Off|[of] p2a: Tornadus-Therian
|move|p1a: Heatran|Stealth Rock|p2a: Tornadus-Therian
|-sidestart|p2: Thomas Power|move: Stealth Rock
|
|-weather|RainDance|[upkeep]
|turn|6
|
|move|p1a: Heatran|Protect|p1a: Heatran
|-singleturn|p1a: Heatran|Protect
|move|p2a: Tornadus-Therian|U-turn|p1a: Heatran
|-activate|p1a: Heatran|Protect
|
|-weather|RainDance|[upkeep]
|turn|7
|
|move|p2a: Tornadus-Therian|Hurricane|p1a: Heatran
|-resisted|p1a: Heatran
|-damage|p1a: Heatran|196\/344
|move|p1a: Heatran|Toxic|p2a: Tornadus-Therian
|-status|p2a: Tornadus-Therian|tox
|
|-weather|RainDance|[upkeep]
|-damage|p2a: Tornadus-Therian|281\/299 tox|[from] psn
|turn|8
|
|switch|p2a: Hawlucha|Hawlucha, F|360\/360
|-damage|p2a: Hawlucha|315\/360|[from] Stealth Rock
|move|p1a: Heatran|Toxic|p2a: Hawlucha
|-status|p2a: Hawlucha|tox
|
|-weather|none
|-damage|p2a: Hawlucha|293\/360 tox|[from] psn
|turn|9
|
|switch|p1a: Altaria|Altaria, M|354\/354
|move|p2a: Hawlucha|Bulk Up|p2a: Hawlucha
|-boost|p2a: Hawlucha|atk|1
|-boost|p2a: Hawlucha|def|1
|
|-damage|p2a: Hawlucha|249\/360 tox|[from] psn
|turn|10
|
|detailschange|p1a: Altaria|Altaria-Mega, M
|message|Altaria has Mega Evolved into Mega Altaria!
|move|p2a: Hawlucha|Rest|p2a: Hawlucha
|-status|p2a: Hawlucha|slp
|-heal|p2a: Hawlucha|360\/360 slp|[silent]
|-status|p2a: Hawlucha|slp|[from] move: Rest
|-enditem|p2a: Hawlucha|Chesto Berry|[eat]
|-curestatus|p2a: Hawlucha|slp
|move|p1a: Altaria|Hyper Voice|p2a: Hawlucha
|-supereffective|p2a: Hawlucha
|-damage|p2a: Hawlucha|0 fnt
|faint|p2a: Hawlucha
|
|
|switch|p2a: Magnezone|Magnezone|281\/281
|-damage|p2a: Magnezone|264\/281|[from] Stealth Rock
|turn|11
|
|move|p2a: Magnezone|Volt Switch|p1a: Altaria
|-resisted|p1a: Altaria
|-damage|p1a: Altaria|268\/354
|
|switch|p2a: Amoonguss|Amoonguss, F|432\/432
|-damage|p2a: Amoonguss|378\/432|[from] Stealth Rock
|move|p1a: Altaria|Earthquake|p2a: Amoonguss
|-damage|p2a: Amoonguss|303\/432
|
|-heal|p2a: Amoonguss|330\/432|[from] item: Black Sludge
|turn|12
|
|switch|p1a: Heatran|Heatran, F|196\/344
|move|p2a: Amoonguss|Spore|p1a: Heatran
|-status|p1a: Heatran|slp
|
|-heal|p2a: Amoonguss|357\/432|[from] item: Black Sludge
|turn|13
|
|switch|p1a: Jirachi|Jirachi|404\/404
|switch|p2a: Politoed|Politoed, M|384\/384
|-damage|p2a: Politoed|336\/384|[from] Stealth Rock
|-weather|RainDance
|
|-weather|RainDance|[upkeep]
|turn|14
|
|move|p1a: Jirachi|Protect|p1a: Jirachi
|-singleturn|p1a: Jirachi|Protect
|move|p2a: Politoed|Ice Beam|p1a: Jirachi
|-activate|p1a: Jirachi|Protect
|
|-weather|RainDance|[upkeep]
|turn|15
|
|switch|p1a: Amoonguss|Amoonguss, F|432\/432
|move|p2a: Politoed|Scald|p1a: Amoonguss
|-resisted|p1a: Amoonguss
|-damage|p1a: Amoonguss|349\/432
|
|-weather|RainDance|[upkeep]
|-heal|p1a: Amoonguss|376\/432|[from] item: Black Sludge
|turn|16
|
|move|p2a: Politoed|Ice Beam|p1a: Amoonguss
|-supereffective|p1a: Amoonguss
|-damage|p1a: Amoonguss|206\/432
|move|p1a: Amoonguss|Giga Drain|p2a: Politoed
|-supereffective|p2a: Politoed
|-damage|p2a: Politoed|180\/384
|-heal|p1a: Amoonguss|284\/432|[from] drain|[of] p2a: Politoed
|
|-weather|RainDance|[upkeep]
|-heal|p1a: Amoonguss|311\/432|[from] item: Black Sludge
|turn|17
|
|switch|p2a: Tornadus-Therian|Tornadus-Therian, M|299\/299 tox
|-damage|p2a: Tornadus-Therian|225\/299 tox|[from] Stealth Rock
|move|p1a: Amoonguss|Giga Drain|p2a: Tornadus-Therian
|-resisted|p2a: Tornadus-Therian
|-damage|p2a: Tornadus-Therian|191\/299 tox
|-heal|p1a: Amoonguss|328\/432|[from] drain|[of] p2a: Tornadus-Therian
|
|-weather|RainDance|[upkeep]
|-heal|p1a: Amoonguss|355\/432|[from] item: Black Sludge
|-damage|p2a: Tornadus-Therian|173\/299 tox|[from] psn
|turn|18
|
|switch|p1a: Heatran|Heatran, F|196\/344 slp
|move|p2a: Tornadus-Therian|Hurricane|p1a: Heatran
|-resisted|p1a: Heatran
|-damage|p1a: Heatran|119\/344 slp
|
|-weather|RainDance|[upkeep]
|-damage|p2a: Tornadus-Therian|137\/299 tox|[from] psn
|turn|19
|
|cant|p1a: Heatran|slp
|move|p2a: Tornadus-Therian|Hurricane|p1a: Heatran
|-resisted|p1a: Heatran
|-damage|p1a: Heatran|48\/344 slp
|
|-weather|RainDance|[upkeep]
|-damage|p2a: Tornadus-Therian|83\/299 tox|[from] psn
|turn|20
|
|move|p2a: Tornadus-Therian|Hurricane|p1a: Heatran
|-resisted|p1a: Heatran
|-damage|p1a: Heatran|0 fnt
|faint|p1a: Heatran
|
|-weather|none
|-damage|p2a: Tornadus-Therian|11\/299 tox|[from] psn
|
|switch|p1a: Amoonguss|Amoonguss, F|432\/432
|turn|21
|
|switch|p1a: Jirachi|Jirachi|404\/404
|move|p2a: Tornadus-Therian|Knock Off|p1a: Jirachi
|-supereffective|p1a: Jirachi
|-damage|p1a: Jirachi|230\/404
|-enditem|p1a: Jirachi|Leftovers|[from] move: Knock Off|[of] p2a: Tornadus-Therian
|
|-damage|p2a: Tornadus-Therian|0 fnt|[from] psn
|faint|p2a: Tornadus-Therian
|
|switch|p2a: Magnezone|Magnezone|264\/281
|-damage|p2a: Magnezone|247\/281|[from] Stealth Rock
|turn|22
|
|move|p1a: Jirachi|Protect|p1a: Jirachi
|-singleturn|p1a: Jirachi|Protect
|move|p2a: Magnezone|Hidden Power|p1a: Jirachi
|-activate|p1a: Jirachi|Protect
|
|turn|23
|
|move|p1a: Jirachi|Wish|p1a: Jirachi
|move|p2a: Magnezone|Hidden Power|p1a: Jirachi
|-supereffective|p1a: Jirachi
|-damage|p1a: Jirachi|72\/404
|
|turn|24
|
|move|p1a: Jirachi|Protect|p1a: Jirachi
|-singleturn|p1a: Jirachi|Protect
|move|p2a: Magnezone|Hidden Power|p1a: Jirachi
|-activate|p1a: Jirachi|Protect
|
|-heal|p1a: Jirachi|274\/404|[from] move: Wish|[wisher] Jirachi
|turn|25
|
|move|p1a: Jirachi|Wish|p1a: Jirachi
|move|p2a: Magnezone|Hidden Power|p1a: Jirachi
|-supereffective|p1a: Jirachi
|-damage|p1a: Jirachi|120\/404
|
|turn|26
|
|switch|p2a: Politoed|Politoed, M|180\/384
|-damage|p2a: Politoed|132\/384|[from] Stealth Rock
|-weather|RainDance
|move|p1a: Jirachi|Protect|p1a: Jirachi
|-fail|p1a: Jirachi
|
|-weather|RainDance|[upkeep]
|-heal|p1a: Jirachi|322\/404|[from] move: Wish|[wisher] Jirachi
|turn|27
|
|switch|p2a: Magnezone|Magnezone|247\/281
|-damage|p2a: Magnezone|230\/281|[from] Stealth Rock
|move|p1a: Jirachi|Iron Head|p2a: Magnezone
|-resisted|p2a: Magnezone
|-damage|p2a: Magnezone|209\/281
|
|-weather|RainDance|[upkeep]
|turn|28
|
|move|p1a: Jirachi|Protect|p1a: Jirachi
|-singleturn|p1a: Jirachi|Protect
|move|p2a: Magnezone|Thunder|p1a: Jirachi
|-activate|p1a: Jirachi|Protect
|
|-weather|RainDance|[upkeep]
|turn|29
|
|move|p1a: Jirachi|Wish|p1a: Jirachi
|move|p2a: Magnezone|Thunder|p1a: Jirachi
|-damage|p1a: Jirachi|96\/404
|-status|p1a: Jirachi|par
|
|-weather|RainDance|[upkeep]
|turn|30
|
|cant|p1a: Jirachi|par
|move|p2a: Magnezone|Thunder|p1a: Jirachi
|-damage|p1a: Jirachi|0 fnt
|faint|p1a: Jirachi
|
|-weather|RainDance|[upkeep]
|
|switch|p1a: Hippowdon|Hippowdon, M|420\/420
|-weather|Sandstorm
|turn|31
|
|switch|p2a: Amoonguss|Amoonguss, F|432\/432
|-damage|p2a: Amoonguss|378\/432|[from] Stealth Rock
|move|p1a: Hippowdon|Earthquake|p2a: Amoonguss
|-damage|p2a: Amoonguss|257\/432
|
|-weather|Sandstorm|[upkeep]
|-damage|p2a: Amoonguss|230\/432|[from] sandstorm
|-heal|p2a: Amoonguss|257\/432|[from] item: Black Sludge
|turn|32
|
|switch|p1a: Amoonguss|Amoonguss, F|432\/432
|move|p2a: Amoonguss|Spore|p1a: Amoonguss
|-fail|p1a: Amoonguss
|
|-weather|Sandstorm|[upkeep]
|-damage|p1a: Amoonguss|405\/432|[from] sandstorm
|-damage|p2a: Amoonguss|230\/432|[from] sandstorm
|-heal|p1a: Amoonguss|432\/432|[from] item: Black Sludge
|-heal|p2a: Amoonguss|257\/432|[from] item: Black Sludge
|turn|33
|
|switch|p1a: Mandibuzz|Mandibuzz, F|424\/424
|move|p2a: Amoonguss|Rain Dance|p2a: Amoonguss
|-weather|RainDance
|
|-weather|RainDance|[upkeep]
|-heal|p2a: Amoonguss|284\/432|[from] item: Black Sludge
|turn|34
|
|move|p1a: Mandibuzz|Foul Play|p2a: Amoonguss
|-damage|p2a: Amoonguss|194\/432
|move|p2a: Amoonguss|Sludge Bomb|p1a: Mandibuzz
|-damage|p1a: Mandibuzz|352\/424
|
|-weather|RainDance|[upkeep]
|-heal|p1a: Mandibuzz|378\/424|[from] item: Leftovers
|-heal|p2a: Amoonguss|221\/432|[from] item: Black Sludge
|turn|35
|
|move|p1a: Mandibuzz|Foul Play|p2a: Amoonguss
|-damage|p2a: Amoonguss|130\/432
|move|p2a: Amoonguss|Sludge Bomb|p1a: Mandibuzz
|-damage|p1a: Mandibuzz|303\/424
|-status|p1a: Mandibuzz|psn
|
|-weather|RainDance|[upkeep]
|-heal|p1a: Mandibuzz|329\/424 psn|[from] item: Leftovers
|-heal|p2a: Amoonguss|157\/432|[from] item: Black Sludge
|-damage|p1a: Mandibuzz|276\/424 psn|[from] psn
|turn|36
|
|move|p1a: Mandibuzz|Foul Play|p2a: Amoonguss
|-damage|p2a: Amoonguss|72\/432
|move|p2a: Amoonguss|Giga Drain|p1a: Mandibuzz
|-crit|p1a: Mandibuzz
|-resisted|p1a: Mandibuzz
|-damage|p1a: Mandibuzz|236\/424 psn
|-heal|p2a: Amoonguss|92\/432|[from] drain|[of] p1a: Mandibuzz
|
|-weather|RainDance|[upkeep]
|-heal|p1a: Mandibuzz|262\/424 psn|[from] item: Leftovers
|-heal|p2a: Amoonguss|119\/432|[from] item: Black Sludge
|-damage|p1a: Mandibuzz|209\/424 psn|[from] psn
|turn|37
|
|switch|p2a: Swampert|Swampert, M|353\/353
|-damage|p2a: Swampert|331\/353|[from] Stealth Rock
|move|p1a: Mandibuzz|Foul Play|p2a: Swampert
|-damage|p2a: Swampert|162\/353
|
|-weather|none
|-heal|p1a: Mandibuzz|235\/424 psn|[from] item: Leftovers
|-damage|p1a: Mandibuzz|182\/424 psn|[from] psn
|turn|38
|
|detailschange|p2a: Swampert|Swampert-Mega, M
|message|Swampert has Mega Evolved into Mega Swampert!
|move|p2a: Swampert|Waterfall|p1a: Mandibuzz
|-damage|p1a: Mandibuzz|11\/424 psn
|cant|p1a: Mandibuzz|flinch
|
|-heal|p1a: Mandibuzz|37\/424 psn|[from] item: Leftovers
|-damage|p1a: Mandibuzz|0 fnt|[from] psn
|faint|p1a: Mandibuzz
|c|âHallucination|wow
|
|switch|p1a: Amoonguss|Amoonguss, F|432\/432
|turn|39
|
|switch|p2a: Politoed|Politoed, M|132\/384
|-damage|p2a: Politoed|84\/384|[from] Stealth Rock
|-weather|RainDance
|move|p1a: Amoonguss|Giga Drain|p2a: Politoed
|-supereffective|p2a: Politoed
|-damage|p2a: Politoed|0 fnt
|faint|p2a: Politoed
|
|-weather|RainDance|[upkeep]
|
|switch|p2a: Magnezone|Magnezone|209\/281
|-damage|p2a: Magnezone|192\/281|[from] Stealth Rock
|turn|40
|
|switch|p1a: Hippowdon|Hippowdon, M|420\/420
|-weather|Sandstorm
|move|p2a: Magnezone|Flash Cannon|p1a: Hippowdon
|-damage|p1a: Hippowdon|140\/420
|
|-weather|Sandstorm|[upkeep]
|-heal|p1a: Hippowdon|166\/420|[from] item: Leftovers
|turn|41
|
|switch|p1a: Amoonguss|Amoonguss, F|432\/432
|move|p2a: Magnezone|Flash Cannon|p1a: Amoonguss
|-damage|p1a: Amoonguss|194\/432
|
|-weather|Sandstorm|[upkeep]
|-damage|p1a: Amoonguss|167\/432|[from] sandstorm
|-heal|p1a: Amoonguss|194\/432|[from] item: Black Sludge
|turn|42
|
|switch|p1a: Altaria|Altaria-Mega, M|268\/354
|move|p2a: Magnezone|Flash Cannon|p1a: Altaria
|-supereffective|p1a: Altaria
|-damage|p1a: Altaria|0 fnt
|faint|p1a: Altaria
|
|-weather|Sandstorm|[upkeep]
|c|âThomas Power|haha dat damage
|
|switch|p1a: Amoonguss|Amoonguss, F|338\/432
|turn|43
|
|move|p2a: Magnezone|Flash Cannon|p1a: Amoonguss
|-damage|p1a: Amoonguss|91\/432
|move|p1a: Amoonguss|Spore|p2a: Magnezone
|-status|p2a: Magnezone|slp
|
|-weather|Sandstorm|[upkeep]
|-damage|p1a: Amoonguss|64\/432|[from] sandstorm
|-heal|p1a: Amoonguss|91\/432|[from] item: Black Sludge
|turn|44
|
|switch|p1a: Hippowdon|Hippowdon, M|166\/420
|cant|p2a: Magnezone|slp
|
|-weather|none
|-heal|p1a: Hippowdon|192\/420|[from] item: Leftovers
|turn|45
|
|cant|p2a: Magnezone|slp
|move|p1a: Hippowdon|Earthquake|p2a: Magnezone
|-supereffective|p2a: Magnezone
|-damage|p2a: Magnezone|0 fnt
|faint|p2a: Magnezone
|
|-heal|p1a: Hippowdon|218\/420|[from] item: Leftovers
|
|switch|p2a: Amoonguss|Amoonguss, F|263\/432
|-damage|p2a: Amoonguss|209\/432|[from] Stealth Rock
|turn|46
|
|move|p1a: Hippowdon|Earthquake|p2a: Amoonguss
|-crit|p2a: Amoonguss
|-damage|p2a: Amoonguss|10\/432
|move|p2a: Amoonguss|Rain Dance|p2a: Amoonguss
|-weather|RainDance
|
|-weather|RainDance|[upkeep]
|-heal|p1a: Hippowdon|244\/420|[from] item: Leftovers
|-heal|p2a: Amoonguss|37\/432|[from] item: Black Sludge
|turn|47
|
|move|p1a: Hippowdon|Earthquake|p2a: Amoonguss
|-crit|p2a: Amoonguss
|-damage|p2a: Amoonguss|0 fnt
|faint|p2a: Amoonguss
|
|-weather|RainDance|[upkeep]
|-heal|p1a: Hippowdon|270\/420|[from] item: Leftovers
|
|switch|p2a: Swampert|Swampert-Mega, M|162\/353
|-damage|p2a: Swampert|140\/353|[from] Stealth Rock
|turn|48
|
|move|p2a: Swampert|Waterfall|p1a: Hippowdon
|-supereffective|p1a: Hippowdon
|-damage|p1a: Hippowdon|0 fnt
|faint|p1a: Hippowdon
|
|-weather|RainDance|[upkeep]
|c|âThomas Power|gg
|
|switch|p1a: Amoonguss|Amoonguss, F|235\/432
|turn|49
|c|âHallucination|gg
|
|move|p2a: Swampert|Ice Punch|p1a: Amoonguss
|-supereffective|p1a: Amoonguss
|-damage|p1a: Amoonguss|29\/432
|move|p1a: Amoonguss|Giga Drain|p2a: Swampert
|-supereffective|p2a: Swampert
|-damage|p2a: Swampert|0 fnt
|-heal|p1a: Amoonguss|99\/432|[from] drain|[of] p2a: Swampert
|faint|p2a: Swampert
|
|win|Hallucination
|raw|Ladder updating...
|raw|Hallucination's rating: 1512 &rarr; <strong>1533<\/strong><br \/>(+21 for winning)
|raw|Thomas Power's rating: 1523 &rarr; <strong>1503<\/strong><br \/>(-20 for losing)
|leave|Thomas Power
|player|p2