|join|Forzapura
|join|Hallucination
|player|p1|Forzapura|179
|player|p2|Hallucination|265
|gametype|singles
|gen|6
|tier|OU
|rated
|clearpoke
|poke|p1|Gardevoir, M
|poke|p1|Kingdra, F
|poke|p1|Kabutops, M
|poke|p1|Politoed, M
|poke|p1|Ferrothorn, F
|poke|p1|Landorus-Therian, M
|poke|p2|Latias, F
|poke|p2|Jirachi
|poke|p2|Chesnaught, F
|poke|p2|Gyarados, F
|poke|p2|Tentacruel, M
|poke|p2|Clefable, F
|rule|Swagger Clause: Swagger is banned
|rule|Baton Pass Clause: Limit one PokÃ©mon knowing Baton Pass
|rule|Sleep Clause Mod: Limit one foe put to sleep
|rule|Species Clause: Limit one of each PokÃ©mon
|rule|OHKO Clause: OHKO moves are banned
|rule|Moody Clause: Moody is banned
|rule|Evasion Moves Clause: Evasion moves are banned
|rule|Endless Battle Clause: Forcing endless battles is banned
|rule|HP Percentage Mod: HP is shown in percentages
|teampreview
|
|start
|switch|p1a: Ferrothorn|Ferrothorn, F|352\/352
|switch|p2a: Chesnaught|Chesnaught, F|380\/380
|turn|1
|
|move|p2a: Chesnaught|Spikes|p1a: Ferrothorn
|-sidestart|p1: Forzapura|Spikes
|move|p1a: Ferrothorn|Stealth Rock|p2a: Chesnaught
|-sidestart|p2: Hallucination|move: Stealth Rock
|
|turn|2
|
|switch|p1a: Gardevoir|Gardevoir, M|283\/283
|-damage|p1a: Gardevoir|248\/283|[from] Spikes
|move|p2a: Chesnaught|Spikes|p1a: Gardevoir
|-sidestart|p1: Forzapura|Spikes
|
|turn|3
|
|switch|p2a: Jirachi|Jirachi|404\/404
|-damage|p2a: Jirachi|379\/404|[from] Stealth Rock
|detailschange|p1a: Gardevoir|Gardevoir-Mega, M
|-mega|p1a: Gardevoir|Gardevoir|Gardevoirite
|move|p1a: Gardevoir|Hyper Voice|p2a: Jirachi
|-resisted|p2a: Jirachi
|-damage|p2a: Jirachi|286\/404
|
|-heal|p2a: Jirachi|311\/404|[from] item: Leftovers
|turn|4
|
|switch|p1a: Ferrothorn|Ferrothorn, F|352\/352
|-damage|p1a: Ferrothorn|294\/352|[from] Spikes
|move|p2a: Jirachi|Thunder Wave|p1a: Ferrothorn
|-status|p1a: Ferrothorn|par
|
|-heal|p2a: Jirachi|336\/404|[from] item: Leftovers
|-heal|p1a: Ferrothorn|316\/352 par|[from] item: Leftovers
|turn|5
|
|switch|p2a: Chesnaught|Chesnaught, F|380\/380
|-damage|p2a: Chesnaught|357\/380|[from] Stealth Rock
|move|p1a: Ferrothorn|Leech Seed|p2a: Chesnaught|[miss]
|-miss|p1a: Ferrothorn|p2a: Chesnaught
|
|-heal|p2a: Chesnaught|380\/380|[from] item: Leftovers
|-heal|p1a: Ferrothorn|338\/352 par|[from] item: Leftovers
|turn|6
|
|switch|p1a: Politoed|Politoed, M|363\/363
|-damage|p1a: Politoed|303\/363|[from] Spikes
|-weather|RainDance
|move|p2a: Chesnaught|Spikes|p1a: Politoed
|-sidestart|p1: Forzapura|Spikes
|
|-weather|RainDance|[upkeep]
|turn|7
|
|switch|p2a: Tentacruel|Tentacruel, M|364\/364
|-damage|p2a: Tentacruel|319\/364|[from] Stealth Rock
|move|p1a: Politoed|Ice Beam|p2a: Tentacruel
|-resisted|p2a: Tentacruel
|-damage|p2a: Tentacruel|282\/364
|
|-weather|RainDance|[upkeep]
|-heal|p2a: Tentacruel|304\/364|[from] item: Leftovers
|turn|8
|
|move|p2a: Tentacruel|Rapid Spin|p1a: Politoed
|-damage|p1a: Politoed|288\/363
|-sideend|p2: Hallucination|Stealth Rock|[from] move: Rapid Spin|[of] p2a: Tentacruel
|move|p1a: Politoed|Scald|p2a: Tentacruel
|-resisted|p2a: Tentacruel
|-damage|p2a: Tentacruel|221\/364
|
|-weather|RainDance|[upkeep]
|-heal|p2a: Tentacruel|243\/364|[from] item: Leftovers
|turn|9
|
|move|p2a: Tentacruel|Toxic Spikes|p1a: Politoed
|-sidestart|p1: Forzapura|move: Toxic Spikes
|move|p1a: Politoed|Scald|p2a: Tentacruel
|-crit|p2a: Tentacruel
|-resisted|p2a: Tentacruel
|-damage|p2a: Tentacruel|122\/364
|
|-weather|RainDance|[upkeep]
|-heal|p2a: Tentacruel|144\/364|[from] item: Leftovers
|turn|10
|
|switch|p2a: Clefable|Clefable, F|394\/394
|move|p1a: Politoed|Scald|p2a: Clefable
|-damage|p2a: Clefable|186\/394
|
|-weather|RainDance|[upkeep]
|-heal|p2a: Clefable|210\/394|[from] item: Leftovers
|turn|11
|
|move|p1a: Politoed|Hydro Pump|p2a: Clefable
|-damage|p2a: Clefable|0 fnt
|faint|p2a: Clefable
|
|-weather|RainDance|[upkeep]
|
|switch|p2a: Jirachi|Jirachi|336\/404
|turn|12
|
|move|p2a: Jirachi|Thunder Wave|p1a: Politoed
|-status|p1a: Politoed|par
|move|p1a: Politoed|Scald|p2a: Jirachi
|-damage|p2a: Jirachi|206\/404
|
|-weather|RainDance|[upkeep]
|-heal|p2a: Jirachi|231\/404|[from] item: Leftovers
|turn|13
|
|move|p2a: Jirachi|Iron Head|p1a: Politoed
|-resisted|p1a: Politoed
|-damage|p1a: Politoed|231\/363 par
|cant|p1a: Politoed|par
|
|-weather|none
|-heal|p2a: Jirachi|256\/404|[from] item: Leftovers
|turn|14
|
|switch|p1a: Landorus-Therian|Landorus-Therian, M|319\/319
|-ability|p1a: Landorus-Therian|Intimidate|[of] p2a: Jirachi
|-unboost|p2a: Jirachi|atk|1
|move|p2a: Jirachi|Iron Head|p1a: Landorus-Therian
|-damage|p1a: Landorus-Therian|246\/319
|
|-heal|p2a: Jirachi|281\/404|[from] item: Leftovers
|turn|15
|
|move|p2a: Jirachi|Protect|p2a: Jirachi
|-singleturn|p2a: Jirachi|Protect
|move|p1a: Landorus-Therian|Knock Off|p2a: Jirachi
|-activate|p2a: Jirachi|Protect
|
|-heal|p2a: Jirachi|306\/404|[from] item: Leftovers
|turn|16
|
|switch|p1a: Ferrothorn|Ferrothorn, F|338\/352 par
|-damage|p1a: Ferrothorn|250\/352 par|[from] Spikes
|switch|p2a: Chesnaught|Chesnaught, F|380\/380
|
|-heal|p1a: Ferrothorn|272\/352 par|[from] item: Leftovers
|turn|17
|
|move|p2a: Chesnaught|Drain Punch|p1a: Ferrothorn
|-supereffective|p1a: Ferrothorn
|-damage|p1a: Ferrothorn|144\/352 par
|-damage|p2a: Chesnaught|333\/380|[from] ability: Iron Barbs|[of] p1a: Ferrothorn
|move|p1a: Ferrothorn|Stealth Rock|p2a: Chesnaught
|-sidestart|p2: Hallucination|move: Stealth Rock
|
|-heal|p2a: Chesnaught|356\/380|[from] item: Leftovers
|-heal|p1a: Ferrothorn|166\/352 par|[from] item: Leftovers
|turn|18
|
|move|p2a: Chesnaught|Drain Punch|p1a: Ferrothorn
|-crit|p1a: Ferrothorn
|-supereffective|p1a: Ferrothorn
|-damage|p1a: Ferrothorn|0 fnt
|-heal|p2a: Chesnaught|380\/380|[from] drain|[of] p1a: Ferrothorn
|-damage|p2a: Chesnaught|333\/380|[from] ability: Iron Barbs|[of] p1a: Ferrothorn
|faint|p1a: Ferrothorn
|
|-heal|p2a: Chesnaught|356\/380|[from] item: Leftovers
|
|switch|p1a: Gardevoir|Gardevoir-Mega, M|248\/283
|-damage|p1a: Gardevoir|178\/283|[from] Spikes
|-status|p1a: Gardevoir|psn
|turn|19
|
|move|p2a: Chesnaught|Spiky Shield|p2a: Chesnaught
|-singleturn|p2a: Chesnaught|move: Protect
|move|p1a: Gardevoir|Hyper Voice|p2a: Chesnaught
|-activate|p2a: Chesnaught|move: Protect
|
|-heal|p2a: Chesnaught|379\/380|[from] item: Leftovers
|-damage|p1a: Gardevoir|143\/283 psn|[from] psn
|turn|20
|
|switch|p2a: Jirachi|Jirachi|306\/404
|-damage|p2a: Jirachi|281\/404|[from] Stealth Rock
|move|p1a: Gardevoir|Hyper Voice|p2a: Jirachi
|-resisted|p2a: Jirachi
|-damage|p2a: Jirachi|181\/404
|
|-heal|p2a: Jirachi|206\/404|[from] item: Leftovers
|-damage|p1a: Gardevoir|108\/283 psn|[from] psn
|turn|21
|
|move|p1a: Gardevoir|Focus Blast|p2a: Jirachi|[miss]
|-miss|p1a: Gardevoir|p2a: Jirachi
|move|p2a: Jirachi|Wish|p2a: Jirachi
|
|-heal|p2a: Jirachi|231\/404|[from] item: Leftovers
|-damage|p1a: Gardevoir|73\/283 psn|[from] psn
|turn|22
|
|move|p1a: Gardevoir|Hyper Voice|p2a: Jirachi
|-resisted|p2a: Jirachi
|-damage|p2a: Jirachi|138\/404
|move|p2a: Jirachi|Iron Head|p1a: Gardevoir
|-supereffective|p1a: Gardevoir
|-damage|p1a: Gardevoir|0 fnt
|faint|p1a: Gardevoir
|
|-heal|p2a: Jirachi|340\/404|[from] move: Wish|[wisher] Jirachi
|-heal|p2a: Jirachi|365\/404|[from] item: Leftovers
|
|switch|p1a: Politoed|Politoed, M|231\/363 par
|-damage|p1a: Politoed|141\/363 par|[from] Spikes
|-weather|RainDance
|turn|23
|
|move|p2a: Jirachi|Iron Head|p1a: Politoed
|-crit|p1a: Politoed
|-resisted|p1a: Politoed
|-damage|p1a: Politoed|59\/363 par
|cant|p1a: Politoed|flinch
|
|-weather|RainDance|[upkeep]
|-heal|p2a: Jirachi|390\/404|[from] item: Leftovers
|turn|24
|
|move|p2a: Jirachi|Iron Head|p1a: Politoed
|-resisted|p1a: Politoed
|-damage|p1a: Politoed|0 fnt
|faint|p1a: Politoed
|
|-weather|RainDance|[upkeep]
|-heal|p2a: Jirachi|404\/404|[from] item: Leftovers
|
|switch|p1a: Kingdra|Kingdra, F|291\/291
|-damage|p1a: Kingdra|219\/291|[from] Spikes
|-status|p1a: Kingdra|psn
|turn|25
|
|move|p1a: Kingdra|Hydro Pump|p2a: Jirachi|[miss]
|-miss|p1a: Kingdra|p2a: Jirachi
|move|p2a: Jirachi|Wish|p2a: Jirachi
|
|-weather|RainDance|[upkeep]
|-damage|p1a: Kingdra|183\/291 psn|[from] psn
|turn|26
|
|move|p1a: Kingdra|Hydro Pump|p2a: Jirachi
|-damage|p2a: Jirachi|131\/404
|move|p2a: Jirachi|Iron Head|p1a: Kingdra
|-crit|p1a: Kingdra
|-resisted|p1a: Kingdra
|-damage|p1a: Kingdra|111\/291 psn
|
|-weather|RainDance|[upkeep]
|-heal|p2a: Jirachi|333\/404|[from] move: Wish|[wisher] Jirachi
|-heal|p2a: Jirachi|358\/404|[from] item: Leftovers
|-damage|p1a: Kingdra|75\/291 psn|[from] psn
|turn|27
|
|move|p2a: Jirachi|Protect|p2a: Jirachi
|-singleturn|p2a: Jirachi|Protect
|move|p1a: Kingdra|Hydro Pump|p2a: Jirachi
|-activate|p2a: Jirachi|Protect
|
|-weather|RainDance|[upkeep]
|-heal|p2a: Jirachi|383\/404|[from] item: Leftovers
|-damage|p1a: Kingdra|39\/291 psn|[from] psn
|turn|28
|c|âForzapura|gg
|
|move|p1a: Kingdra|Hydro Pump|p2a: Jirachi
|-damage|p2a: Jirachi|107\/404
|move|p2a: Jirachi|Wish|p2a: Jirachi
|
|-weather|RainDance|[upkeep]
|-heal|p2a: Jirachi|132\/404|[from] item: Leftovers
|-damage|p1a: Kingdra|3\/291 psn|[from] psn
|turn|29
|c|âHallucination|gg
|c|âForzapura|couldn't do much I guess
|-message|Forzapura forfeited.
|leave|Forzapura
|
|win|Hallucination
|raw|Ladder updating...
|player|p1
|raw|Forzapura's rating: 1406 &rarr; <strong>1389<\/strong><br \/>(-17 for losing)
|raw|Hallucination's rating: 1460 &rarr; <strong>1477<\/strong><br \/>(+17 for winning)