|join|Hallucination
|join|Viiolite
|player|p1|Hallucination|170
|player|p2|Viiolite|96
|gametype|singles
|gen|6
|tier|OU
|clearpoke
|poke|p1|Hydreigon, F
|poke|p1|Garchomp, M
|poke|p1|Altaria, F
|poke|p1|Dragalge, M
|poke|p1|Dragonite, F
|poke|p1|Salamence, M
|poke|p2|Lopunny, F, shiny
|poke|p2|Azumarill, M, shiny
|poke|p2|Gliscor, F, shiny
|poke|p2|Blissey, F, shiny
|poke|p2|Raikou, shiny
|poke|p2|Goodra, F, shiny
|rule|Swagger Clause: Swagger is banned
|rule|Baton Pass Clause: Limit one PokÃ©mon knowing Baton Pass
|rule|Sleep Clause Mod: Limit one foe put to sleep
|rule|Species Clause: Limit one of each PokÃ©mon
|rule|OHKO Clause: OHKO moves are banned
|rule|Moody Clause: Moody is banned
|rule|Evasion Moves Clause: Evasion moves are banned
|rule|Endless Battle Clause: Forcing endless battles is banned
|rule|HP Percentage Mod: HP is shown in percentages
|teampreview
|c|âViiolite|lol
|c|âViiolite|Nice team. :)
|c|âHallucination|thanks :)
|c|âViiolite|Very creative.
|
|start
|switch|p1a: Garchomp|Garchomp, M|357\/357
|switch|p2a: FLUFFEH BUNS|Lopunny, F, shiny|271\/271
|turn|1
|
|detailschange|p2a: FLUFFEH BUNS|Lopunny-Mega, F, shiny
|-mega|p2a: FLUFFEH BUNS|Lopunny|Lopunnite
|move|p2a: FLUFFEH BUNS|Ice Punch|p1a: Garchomp
|-supereffective|p1a: Garchomp
|-damage|p1a: Garchomp|0 fnt
|-damage|p2a: FLUFFEH BUNS|238\/271|[from] ability: Rough Skin|[of] p1a: Garchomp
|faint|p1a: Garchomp
|
|c|âHallucination|:O
|
|switch|p1a: Salamence|Salamence, M|331\/331
|turn|2
|
|switch|p2a: Liek meh wings|Gliscor, F, shiny|354\/354
|move|p1a: Salamence|Outrage|p2a: Liek meh wings
|-damage|p2a: Liek meh wings|225\/354
|
|-status|p2a: Liek meh wings|tox|[from] item: Toxic Orb
|turn|3
|
|move|p1a: Salamence|Outrage|p2a: Liek meh wings
|-damage|p2a: Liek meh wings|80\/354 tox
|move|p2a: Liek meh wings|Stealth Rock|p1a: Salamence
|-sidestart|p1: Hallucination|move: Stealth Rock
|
|-heal|p2a: Liek meh wings|124\/354 tox|[from] ability: Poison Heal
|turn|4
|
|switch|p2a: Aqua Buns|Azumarill, M, shiny|363\/363
|move|p1a: Salamence|Outrage|p2a: Aqua Buns
|-immune|p2a: Aqua Buns|[msg]
|
|-end|p1a: Salamence|rampage
|-start|p1a: Salamence|confusion
|turn|5
|
|switch|p1a: Dragonite|Dragonite, F|385\/385
|-damage|p1a: Dragonite|289\/385|[from] Stealth Rock
|move|p2a: Aqua Buns|Play Rough|p1a: Dragonite|[miss]
|-miss|p2a: Aqua Buns|p1a: Dragonite
|
|turn|6
|c|âViiolite|Lovely
|
|move|p1a: Dragonite|Extreme Speed|p2a: Aqua Buns
|-damage|p2a: Aqua Buns|185\/363
|move|p2a: Aqua Buns|Play Rough|p1a: Dragonite
|-supereffective|p1a: Dragonite
|-damage|p1a: Dragonite|0 fnt
|faint|p1a: Dragonite
|
|
|switch|p1a: Altaria|Altaria, F|291\/291
|-damage|p1a: Altaria|219\/291|[from] Stealth Rock
|turn|7
|c|âHallucination|im gonna lose so hard XD
|
|detailschange|p1a: Altaria|Altaria-Mega, F
|-mega|p1a: Altaria|Altaria|Altarianite
|move|p1a: Altaria|Frustration|p2a: Aqua Buns
|-damage|p2a: Aqua Buns|0 fnt
|faint|p2a: Aqua Buns
|
|c|âViiolite|Why'd you do this to yourself? lol
|
|switch|p2a: FLUFFEH BUNS|Lopunny-Mega, F, shiny|238\/271
|turn|8
|c|âHallucination|I didnt think youd have a ice punch lopunny and a azumarill >.>
|
|move|p2a: FLUFFEH BUNS|Fake Out|p1a: Altaria
|-damage|p1a: Altaria|153\/291
|cant|p1a: Altaria|flinch
|
|turn|9
|
|move|p2a: FLUFFEH BUNS|Ice Punch|p1a: Altaria
|-supereffective|p1a: Altaria
|-damage|p1a: Altaria|0 fnt
|faint|p1a: Altaria
|
|c|âViiolite|:c
|
|switch|p1a: Salamence|Salamence, M|331\/331
|-damage|p1a: Salamence|249\/331|[from] Stealth Rock
|turn|10
|c|âHallucination|i didnt even look at the other pokemon tbh
|c|âViiolite|What did you think I had? lol
|c|âHallucination|I saw a dragon group
|c|âViiolite|I figured.
|c|âHallucination|and decided to make a mono dragon team XD
|c|âViiolite|lol
|
|move|p1a: Salamence|Outrage|p2a: FLUFFEH BUNS
|-damage|p2a: FLUFFEH BUNS|21\/271
|move|p2a: FLUFFEH BUNS|Ice Punch|p1a: Salamence
|-supereffective|p1a: Salamence
|-damage|p1a: Salamence|0 fnt
|faint|p1a: Salamence
|
|
|switch|p1a: Dragalge|Dragalge, M|334\/334
|-damage|p1a: Dragalge|293\/334|[from] Stealth Rock
|turn|11
|
|switch|p2a: Hallu-chan|Blissey, F, shiny|651\/651
|move|p1a: Dragalge|Sludge Bomb|p2a: Hallu-chan
|-damage|p2a: Hallu-chan|531\/651
|
|-heal|p2a: Hallu-chan|571\/651|[from] item: Leftovers
|-heal|p1a: Dragalge|313\/334|[from] item: Black Sludge
|turn|12
|c|âViiolite|I named it after you. :)
|
|move|p2a: Hallu-chan|Seismic Toss|p1a: Dragalge
|-damage|p1a: Dragalge|213\/334
|move|p1a: Dragalge|Dragon Tail|p2a: Hallu-chan
|-damage|p2a: Hallu-chan|433\/651
|drag|p2a: Liek meh wings|Gliscor, F, shiny|124\/354 tox
|
|-heal|p1a: Dragalge|233\/334|[from] item: Black Sludge
|-heal|p2a: Liek meh wings|168\/354 tox|[from] ability: Poison Heal
|turn|13
|c|âHallucination|ice punch isnt even common on lopunnies
|
|switch|p1a: Hydreigon|Hydreigon, F|325\/325
|-damage|p1a: Hydreigon|285\/325|[from] Stealth Rock
|move|p2a: Liek meh wings|Earthquake|p1a: Hydreigon
|-immune|p1a: Hydreigon|[msg]
|
|-heal|p2a: Liek meh wings|212\/354 tox|[from] ability: Poison Heal
|turn|14
|c|âViiolite|No? Well it is now
|c|âHallucination|having it in a tiered tour doesnt make it common :P
|c|âViiolite|Hm
|c|âViiolite|I guess so
|
|switch|p2a: Hallu-chan|Blissey, F, shiny|433\/651
|move|p1a: Hydreigon|Dark Pulse|p2a: Hallu-chan
|-damage|p2a: Hallu-chan|303\/651
|
|-heal|p2a: Hallu-chan|343\/651|[from] item: Leftovers
|turn|15
|c|âViiolite|I have so many bunnies on my team. It makes me happy. :)
|
|move|p1a: Hydreigon|Dark Pulse|p2a: Hallu-chan
|-damage|p2a: Hallu-chan|208\/651
|move|p2a: Hallu-chan|Wish|p2a: Hallu-chan
|
|-heal|p2a: Hallu-chan|248\/651|[from] item: Leftovers
|turn|16
|
|switch|p1a: Dragalge|Dragalge, M|233\/334
|-damage|p1a: Dragalge|192\/334|[from] Stealth Rock
|move|p2a: Hallu-chan|Seismic Toss|p1a: Dragalge
|-damage|p1a: Dragalge|92\/334
|
|-heal|p2a: Hallu-chan|573\/651|[from] move: Wish|[wisher] Hallu-chan
|-heal|p2a: Hallu-chan|613\/651|[from] item: Leftovers
|-heal|p1a: Dragalge|112\/334|[from] item: Black Sludge
|turn|17
|
|move|p2a: Hallu-chan|Seismic Toss|p1a: Dragalge
|-damage|p1a: Dragalge|12\/334
|move|p1a: Dragalge|Rest|p1a: Dragalge
|-status|p1a: Dragalge|slp
|-heal|p1a: Dragalge|334\/334 slp|[silent]
|-status|p1a: Dragalge|slp|[from] move: Rest
|
|-heal|p2a: Hallu-chan|651\/651|[from] item: Leftovers
|turn|18
|c|âViiolite|:c
|
|move|p2a: Hallu-chan|Wish|p2a: Hallu-chan
|cant|p1a: Dragalge|slp
|move|p1a: Dragalge|Sleep Talk|p1a: Dragalge
|move|p1a: Dragalge|Sludge Bomb|p2a: Hallu-chan|[from]Sleep Talk
|-damage|p2a: Hallu-chan|531\/651
|
|-heal|p2a: Hallu-chan|571\/651|[from] item: Leftovers
|turn|19
|
|switch|p2a: FLUFFEH BUNS|Lopunny-Mega, F, shiny|21\/271
|cant|p1a: Dragalge|slp
|move|p1a: Dragalge|Sleep Talk|p1a: Dragalge
|move|p1a: Dragalge|Sludge Bomb|p2a: FLUFFEH BUNS|[from]Sleep Talk
|-damage|p2a: FLUFFEH BUNS|0 fnt
|faint|p2a: FLUFFEH BUNS
|
|c|âViiolite|Nuuuu
|
|switch|p2a: Liek meh wings|Gliscor, F, shiny|212\/354 tox
|turn|20
|
|switch|p1a: Hydreigon|Hydreigon, F|285\/325
|-damage|p1a: Hydreigon|245\/325|[from] Stealth Rock
|move|p2a: Liek meh wings|Acrobatics|p1a: Hydreigon
|-damage|p1a: Hydreigon|170\/325
|
|-heal|p2a: Liek meh wings|256\/354 tox|[from] ability: Poison Heal
|turn|21
|
|switch|p1a: Dragalge|Dragalge, M|334\/334 slp
|-damage|p1a: Dragalge|293\/334 slp|[from] Stealth Rock
|move|p2a: Liek meh wings|Toxic|p1a: Dragalge|[miss]
|-miss|p2a: Liek meh wings|p1a: Dragalge
|
|-heal|p1a: Dragalge|313\/334 slp|[from] item: Black Sludge
|-heal|p2a: Liek meh wings|300\/354 tox|[from] ability: Poison Heal
|turn|22
|
|move|p2a: Liek meh wings|Toxic|p1a: Dragalge|[miss]
|-miss|p2a: Liek meh wings|p1a: Dragalge
|-curestatus|p1a: Dragalge|slp
|move|p1a: Dragalge|Dragon Tail|p2a: Liek meh wings
|-damage|p2a: Liek meh wings|252\/354 tox
|drag|p2a: Hallu-chan|Blissey, F, shiny|571\/651
|
|-heal|p2a: Hallu-chan|611\/651|[from] item: Leftovers
|-heal|p1a: Dragalge|333\/334|[from] item: Black Sludge
|turn|23
|join|EimP
|
|move|p2a: Hallu-chan|Seismic Toss|p1a: Dragalge
|-damage|p1a: Dragalge|233\/334
|move|p1a: Dragalge|Sludge Bomb|p2a: Hallu-chan
|-damage|p2a: Hallu-chan|499\/651
|
|-heal|p2a: Hallu-chan|539\/651|[from] item: Leftovers
|-heal|p1a: Dragalge|253\/334|[from] item: Black Sludge
|turn|24
|c|âViiolite|EimP
|c| EimP|bloop
|c|âViiolite|Leave
|c| EimP|y?
|c| EimP|cuz I a pupa
|
|move|p2a: Hallu-chan|Seismic Toss|p1a: Dragalge
|-damage|p1a: Dragalge|153\/334
|move|p1a: Dragalge|Sludge Bomb|p2a: Hallu-chan
|-damage|p2a: Hallu-chan|425\/651
|
|-heal|p2a: Hallu-chan|465\/651|[from] item: Leftovers
|-heal|p1a: Dragalge|173\/334|[from] item: Black Sludge
|turn|25
|c|âViiolite|No
|c|âViiolite|e.e
|c| EimP|that is racists
|c| EimP|e3e
|c|âViiolite|It's not
|
|move|p2a: Hallu-chan|Seismic Toss|p1a: Dragalge
|-damage|p1a: Dragalge|73\/334
|move|p1a: Dragalge|Rest|p1a: Dragalge
|-status|p1a: Dragalge|slp
|-heal|p1a: Dragalge|334\/334 slp|[silent]
|-status|p1a: Dragalge|slp|[from] move: Rest
|
|-heal|p2a: Hallu-chan|505\/651|[from] item: Leftovers
|turn|26
|
|switch|p2a: drip drip drop|Goodra, F, shiny|383\/383
|cant|p1a: Dragalge|slp
|move|p1a: Dragalge|Sleep Talk|p1a: Dragalge
|move|p1a: Dragalge|Rest|p1a: Dragalge|[from]Sleep Talk
|-fail|p1a: Dragalge
|
|turn|27
|
|move|p2a: drip drip drop|Dragon Pulse|p1a: Dragalge
|-supereffective|p1a: Dragalge
|-damage|p1a: Dragalge|92\/334 slp
|cant|p1a: Dragalge|slp
|move|p1a: Dragalge|Sleep Talk|p1a: Dragalge
|move|p1a: Dragalge|Sludge Bomb|p2a: drip drip drop|[from]Sleep Talk
|-damage|p2a: drip drip drop|287\/383
|-status|p2a: drip drip drop|psn
|
|-heal|p1a: Dragalge|112\/334 slp|[from] item: Black Sludge
|-damage|p2a: drip drip drop|240\/383 psn|[from] psn
|turn|28
|
|move|p2a: drip drip drop|Dragon Pulse|p1a: Dragalge
|-supereffective|p1a: Dragalge
|-damage|p1a: Dragalge|0 fnt
|faint|p1a: Dragalge
|
|-damage|p2a: drip drip drop|193\/383 psn|[from] psn
|
|switch|p1a: Hydreigon|Hydreigon, F|170\/325
|-damage|p1a: Hydreigon|130\/325|[from] Stealth Rock
|turn|29
|
|move|p1a: Hydreigon|Dark Pulse|p2a: drip drip drop
|-damage|p2a: drip drip drop|82\/383 psn
|cant|p2a: drip drip drop|flinch
|
|-damage|p2a: drip drip drop|35\/383 psn|[from] psn
|turn|30
|
|switch|p2a: Hallu-chan|Blissey, F, shiny|505\/651
|move|p1a: Hydreigon|Dark Pulse|p2a: Hallu-chan
|-damage|p2a: Hallu-chan|369\/651
|
|-heal|p2a: Hallu-chan|409\/651|[from] item: Leftovers
|turn|31
|
|move|p1a: Hydreigon|Dark Pulse|p2a: Hallu-chan
|-damage|p2a: Hallu-chan|273\/651
|move|p2a: Hallu-chan|Seismic Toss|p1a: Hydreigon
|-damage|p1a: Hydreigon|30\/325
|
|-heal|p2a: Hallu-chan|313\/651|[from] item: Leftovers
|turn|32
|
|move|p1a: Hydreigon|Dark Pulse|p2a: Hallu-chan
|-damage|p2a: Hallu-chan|184\/651
|move|p2a: Hallu-chan|Seismic Toss|p1a: Hydreigon
|-damage|p1a: Hydreigon|0 fnt
|faint|p1a: Hydreigon
|
|win|Viiolite
|c|âViiolite|gg
|c|âHallucination|gg
|c| EimP|o3o
|c|âViiolite|I'll give Mew the battle