|join|ThugLyfeOmega
|join|Hallucination
|player|p1|ThugLyfeOmega|134
|player|p2|Hallucination|170
|gametype|singles
|gen|6
|tier|OU
|clearpoke
|poke|p1|Sceptile, M
|poke|p1|Latios, M
|poke|p1|Azumarill, M
|poke|p1|Kyurem-Black
|poke|p1|Skarmory, M
|poke|p1|Talonflame, F
|poke|p2|Tyranitar, M
|poke|p2|Amoonguss, F
|poke|p2|Charizard, F
|poke|p2|Chansey, F
|poke|p2|Skarmory, F
|poke|p2|Clefable, M
|rule|Swagger Clause: Swagger is banned
|rule|Baton Pass Clause: Limit one PokÃ©mon knowing Baton Pass
|rule|Sleep Clause Mod: Limit one foe put to sleep
|rule|Species Clause: Limit one of each PokÃ©mon
|rule|OHKO Clause: OHKO moves are banned
|rule|Moody Clause: Moody is banned
|rule|Evasion Moves Clause: Evasion moves are banned
|rule|Endless Battle Clause: Forcing endless battles is banned
|rule|HP Percentage Mod: HP is shown in percentages
|teampreview
|c|âThugLyfeOmega|gl hf
|
|start
|switch|p1a: Skarmory|Skarmory, M|332\/332
|switch|p2a: Charizard|Charizard, F|357\/357
|turn|1
|join|yrs
|join|I'm Virus (~'o')~
|join|pokemonomekop
|join|AnusPheetus
|c| pokemonomekop|what is this thuglyfe
|c| pokemonomekop|>.>
|c|âThugLyfeOmega|its teh onleh lyfe
|
|detailschange|p2a: Charizard|Charizard-Mega-Y, F
|-mega|p2a: Charizard|Charizard|Charizardite Y
|-weather|SunnyDay
|move|p2a: Charizard|Flamethrower|p1a: Skarmory
|-supereffective|p1a: Skarmory
|-activate|p1a: Skarmory|Sturdy
|-damage|p1a: Skarmory|1\/332
|-enditem|p1a: Skarmory|Red Card|[of] p2a: Charizard
|drag|p2a: Chansey|Chansey, F|642\/642
|move|p1a: Skarmory|Stealth Rock|p2a: Chansey
|-sidestart|p2: Hallucination|move: Stealth Rock
|
|-weather|SunnyDay|[upkeep]
|turn|2
|c|âThugLyfeOmega|also, ive got 30 minutes
|c| ThugLyfeEkop|hm
|c|âThugLyfeOmega|then i really have to go
|c|âHallucination|ok
|c|âThugLyfeOmega|i told you this
|
|move|p1a: Skarmory|Spikes|p2a: Chansey
|-sidestart|p2: Hallucination|Spikes
|move|p2a: Chansey|Seismic Toss|p1a: Skarmory
|-damage|p1a: Skarmory|0 fnt
|faint|p1a: Skarmory
|
|-weather|SunnyDay|[upkeep]
|c|âThugLyfeOmega|shame you brought stall doe
|c|âHallucination|there wouldnt really be a match if I didnt mate
|c|âThugLyfeOmega|why not
|c|âHallucination|i cant play offense for shit
|c|âThugLyfeOmega|well
|c|âThugLyfeOmega|GG 75
|c|âThugLyfeOmega|hookinh me  up witha  stall player
|join|ratman1242
|c|âHallucination|i brought my most offensive stall team ^_^
|
|switch|p1a: Talonflame|Talonflame, F|320\/320
|turn|3
|c|âThugLyfeOmega|ty for that?
|c|âHallucination|yw
|c|âThugLyfeOmega|https:\/\/www.youtube.com\/watch?v=_yqSbnbUsj4
|
|switch|p1a: Azumarill|Azumarill, M|354\/354
|move|p2a: Chansey|Soft-Boiled|p2a: Chansey
|-fail|p2a: Chansey
|
|-weather|SunnyDay|[upkeep]
|turn|4
|c|âThugLyfeOmega|this scotch doe
|
|switch|p2a: Amoonguss|Amoonguss, F|432\/432
|-damage|p2a: Amoonguss|378\/432|[from] Spikes
|-damage|p2a: Amoonguss|324\/432|[from] Stealth Rock
|move|p1a: Azumarill|Knock Off|p2a: Amoonguss
|-damage|p2a: Amoonguss|197\/432
|-enditem|p2a: Amoonguss|Black Sludge|[from] move: Knock Off|[of] p1a: Azumarill
|
|-weather|SunnyDay|[upkeep]
|turn|5
|c|âThugLyfeOmega|aha, weak to bd azu
|
|switch|p1a: Talonflame|Talonflame, F|320\/320
|move|p2a: Amoonguss|Hidden Power|p1a: Talonflame
|-resisted|p1a: Talonflame
|-damage|p1a: Talonflame|281\/320
|
|-weather|none
|turn|6
|c|âThugLyfeOmega|unless unaware clef
|c|âThugLyfeOmega|which it probs is
|
|switch|p1a: Azumarill|Azumarill, M|354\/354
|switch|p2a: Tyranitar|Tyranitar, M|404\/404
|-damage|p2a: Tyranitar|354\/404|[from] Stealth Rock
|-damage|p2a: Tyranitar|304\/404|[from] Spikes
|-weather|Sandstorm
|
|-weather|Sandstorm|[upkeep]
|-damage|p1a: Azumarill|332\/354|[from] sandstorm
|-heal|p2a: Tyranitar|329\/404|[from] item: Leftovers
|turn|7
|
|switch|p2a: Skarmory|Skarmory, F|333\/333
|-damage|p2a: Skarmory|292\/333|[from] Stealth Rock
|move|p1a: Azumarill|Play Rough|p2a: Skarmory
|-resisted|p2a: Skarmory
|-damage|p2a: Skarmory|238\/333
|
|-weather|Sandstorm|[upkeep]
|-damage|p1a: Azumarill|310\/354|[from] sandstorm
|turn|8
|c|âHallucination|i messed up turn #4
|c|âHallucination|got baited by the cancel button
|c|âThugLyfeOmega|happens
|c|âThugLyfeOmega|dont worry about it
|
|move|p1a: Azumarill|Belly Drum|p1a: Azumarill
|-damage|p1a: Azumarill|133\/354
|-setboost|p1a: Azumarill|atk|6|[from] move: Belly Drum
|-enditem|p1a: Azumarill|Sitrus Berry|[eat]
|-heal|p1a: Azumarill|221\/354|[from] item: Sitrus Berry
|move|p2a: Skarmory|Defog|p1a: Azumarill
|-unboost|p1a: Azumarill|evasion|1
|-sideend|p2: Hallucination|Spikes|[from] move: Defog|[of] p2a: Skarmory
|-sideend|p2: Hallucination|Stealth Rock|[from] move: Defog|[of] p2a: Skarmory
|
|-weather|Sandstorm|[upkeep]
|-damage|p1a: Azumarill|199\/354|[from] sandstorm
|turn|9
|c|âThugLyfeOmega|wait
|c|âThugLyfeOmega|i canceled
|c|âThugLyfeOmega|oh well
|
|move|p1a: Azumarill|Knock Off|p2a: Skarmory
|-damage|p2a: Skarmory|0 fnt
|-enditem|p2a: Skarmory|Shed Shell|[from] move: Knock Off|[of] p1a: Azumarill
|faint|p2a: Skarmory
|
|-weather|Sandstorm|[upkeep]
|-damage|p1a: Azumarill|177\/354|[from] sandstorm
|
|switch|p2a: Clefable|Clefable, M|393\/393
|turn|10
|c|âThugLyfeOmega|hmmmm
|
|move|p2a: Clefable|Protect|p2a: Clefable
|-singleturn|p2a: Clefable|Protect
|move|p1a: Azumarill|Play Rough|p2a: Clefable
|-activate|p2a: Clefable|Protect
|
|-weather|none
|turn|11
|c|âThugLyfeOmega|cant break clef
|c|âThugLyfeOmega|damn you
|leave|yrs
|
|move|p1a: Azumarill|Play Rough|p2a: Clefable
|-damage|p2a: Clefable|212\/393
|move|p2a: Clefable|Wish|p2a: Clefable
|
|-heal|p2a: Clefable|236\/393|[from] item: Leftovers
|turn|12
|c|âThugLyfeOmega|ug
|
|switch|p1a: Kyurem-Black|Kyurem-Black|404\/404
|-ability|p1a: Kyurem-Black|Teravolt
|move|p2a: Clefable|Toxic|p1a: Kyurem-Black
|-status|p1a: Kyurem-Black|tox
|
|-heal|p2a: Clefable|393\/393|[from] move: Wish|[wisher] Clefable
|-damage|p1a: Kyurem-Black|379\/404 tox|[from] psn
|turn|13
|c|âThugLyfeOmega|well ok then
|
|switch|p2a: Chansey|Chansey, F|642\/642
|move|p1a: Kyurem-Black|Ice Beam|p2a: Chansey
|-damage|p2a: Chansey|552\/642
|
|-heal|p1a: Kyurem-Black|404\/404 tox|[from] item: Leftovers
|-damage|p1a: Kyurem-Black|354\/404 tox|[from] psn
|turn|14
|c|âHallucination|this is stronk lag
|c|âThugLyfeOmega|gg, lost by matchup and time limit
|c|âHallucination|gg
|c|âThugLyfeOmega|im gonna scold at 75 so hard
|c|âThugLyfeOmega|putting me up with stall
|c|âHallucination|go for it
|c|âThugLyfeOmega|when our time zone;s collide so much
|c|âHallucination|he probably has no idea who i am
|c|âThugLyfeOmega|well judging by our time zone's
|c|âThugLyfeOmega|it was a bad idea anyway
|c|âHallucination|yeah
|-message|ThugLyfeOmega forfeited.
|
|switch|p1a: Azumarill|Azumarill, M|177\/354
|move|p2a: Chansey|Toxic|p1a: Azumarill
|-status|p1a: Azumarill|tox
|
|-damage|p1a: Azumarill|155\/354 tox|[from] psn
|turn|15
|c|âThugLyfeOmega|still fk u for bringing stall
|c|âThugLyfeOmega|;-;
|
|win|Hallucination
|c|âHallucination|gg
|c|âThugLyfeOmega|nothing personal
|leave|ratman1242
|leave|ThugLyfeOmega