|join|Hallucination
|join|AuroCords
|c|âAuroCords|im ready i think hah
|player|p1|Hallucination|266
|player|p2|AuroCords|29
|gametype|singles
|gen|6
|tier|OU
|clearpoke
|poke|p1|Chansey, F
|poke|p1|Heatran, F
|poke|p1|Slowbro, F
|poke|p1|Skarmory, F
|poke|p1|Sableye, F
|poke|p1|Clefable, F
|poke|p2|Heatran, F
|poke|p2|Clefable, M
|poke|p2|Gliscor, F, shiny
|poke|p2|Gyarados, M
|poke|p2|Magnezone
|poke|p2|Hawlucha, F
|rule|Swagger Clause: Swagger is banned
|rule|Baton Pass Clause: Limit one PokÃ©mon knowing Baton Pass
|rule|Sleep Clause Mod: Limit one foe put to sleep
|rule|Species Clause: Limit one of each PokÃ©mon
|rule|OHKO Clause: OHKO moves are banned
|rule|Moody Clause: Moody is banned
|rule|Evasion Moves Clause: Evasion moves are banned
|rule|Endless Battle Clause: Forcing endless battles is banned
|rule|HP Percentage Mod: HP is shown in percentages
|teampreview
|join|oml it's too ez
|join|The Parallex
|c|âAuroCords|hf :]
|join|TTM Jolt
|c|âHallucination|you too
|c| TTM Jolt|good luck friends
|c|âAuroCords|ty
|
|start
|switch|p1a: Heatran|Heatran, F|385\/385
|switch|p2a: Truck|Heatran, F|386\/386
|-item|p2a: Truck|Air Balloon
|turn|1
|
|switch|p1a: Chansey|Chansey, F|642\/642
|move|p2a: Truck|Stealth Rock|p1a: Chansey
|-sidestart|p1: Hallucination|move: Stealth Rock
|
|turn|2
|
|move|p2a: Truck|Taunt|p1a: Chansey
|-start|p1a: Chansey|move: Taunt
|move|p1a: Chansey|Seismic Toss|p2a: Truck
|-damage|p2a: Truck|286\/386
|-enditem|p2a: Truck|Air Balloon
|
|turn|3
|join|TTM Styx
|
|switch|p2a: Cord|Gliscor, F, shiny|352\/352
|move|p1a: Chansey|Seismic Toss|p2a: Cord
|-damage|p2a: Cord|252\/352
|
|-status|p2a: Cord|tox|[from] item: Toxic Orb
|turn|4
|c| TTM Styx|Hey AuroCords, Iâm Styx (part of FEAR)
|
|switch|p1a: Slowbro|Slowbro, F|394\/394
|-damage|p1a: Slowbro|345\/394|[from] Stealth Rock
|move|p2a: Cord|Knock Off|p1a: Slowbro
|-supereffective|p1a: Slowbro
|-damage|p1a: Slowbro|247\/394
|-enditem|p1a: Slowbro|Leftovers|[from] move: Knock Off|[of] p2a: Cord
|
|-heal|p2a: Cord|296\/352 tox|[from] ability: Poison Heal
|turn|5
|c|âAuroCords|hello :j
|c| The Parallex|I'm not in FEAR :P
|c| The Parallex|Just a close friend of FEAR lol..
|
|switch|p2a: Bus|Clefable, M|394\/394
|move|p1a: Slowbro|Scald|p2a: Bus
|-damage|p2a: Bus|310\/394
|
|turn|6
|
|switch|p1a: Heatran|Heatran, F|385\/385
|-damage|p1a: Heatran|337\/385|[from] Stealth Rock
|move|p2a: Bus|Thunder Wave|p1a: Heatran
|-status|p1a: Heatran|par
|
|-heal|p1a: Heatran|361\/385 par|[from] item: Leftovers
|turn|7
|
|switch|p2a: Cord|Gliscor, F, shiny|296\/352 tox
|move|p1a: Heatran|Stealth Rock|p2a: Cord
|-sidestart|p2: AuroCords|move: Stealth Rock
|
|-heal|p1a: Heatran|385\/385 par|[from] item: Leftovers
|-heal|p2a: Cord|340\/352 tox|[from] ability: Poison Heal
|turn|8
|
|switch|p1a: Sableye|Sableye, F|304\/304
|-damage|p1a: Sableye|266\/304|[from] Stealth Rock
|move|p2a: Cord|Substitute|p2a: Cord
|-start|p2a: Cord|Substitute
|-damage|p2a: Cord|252\/352 tox
|
|-heal|p2a: Cord|296\/352 tox|[from] ability: Poison Heal
|turn|9
|
|detailschange|p1a: Sableye|Sableye-Mega, F
|-mega|p1a: Sableye|Sableye|Sablenite
|move|p2a: Cord|Baton Pass|p2a: Cord
|c| TTM Styx|You may be a close friend, but I am fear itself
|join|TTM Vic TA
|c| The Parallex|:P
|c| The Parallex|Eww
|c| The Parallex|It's Vic
|c| TTM Vic TA|Shut up Para.
|
|switch|p2a: Magnezone|Magnezone|322\/322
|-damage|p2a: Magnezone|302\/322|[from] Stealth Rock
|move|p1a: Sableye|Knock Off|p2a: Magnezone
|-activate|p2a: Magnezone|Substitute|[damage]
|
|turn|10
|c| The Parallex|:3
|c| TTM Styx|Whoâs para?
|
|switch|p1a: Chansey|Chansey, F|642\/642
|-damage|p1a: Chansey|562\/642|[from] Stealth Rock
|move|p2a: Magnezone|Thunderbolt|p1a: Chansey
|-damage|p1a: Chansey|429\/642
|
|turn|11
|c| The Parallex|Was SilentSniper on N+
|c| TTM Styx|Oh gotcha
|c| The Parallex|I've been on Skype with you lol
|join|The Parallelogram
|c| The Parallelogram|Heyo
|c| The Parallex|.-.
|c| The Parallelogram|My names better
|c| TTM Vic TA|liar
|join|i ship vic&styx
|
|switch|p2a: Cord|Gliscor, F, shiny|296\/352 tox
|-damage|p2a: Cord|252\/352 tox|[from] Stealth Rock
|move|p1a: Chansey|Seismic Toss|p2a: Cord
|-damage|p2a: Cord|152\/352 tox
|
|-heal|p2a: Cord|196\/352 tox|[from] ability: Poison Heal
|turn|12
|join|TTM Vic BA
|c| TTM Vic BA|Iâm TTM Vic, just a much better version
|
|switch|p1a: Slowbro|Slowbro, F|378\/394
|-damage|p1a: Slowbro|329\/394|[from] Stealth Rock
|move|p2a: Cord|Knock Off|p1a: Slowbro
|-supereffective|p1a: Slowbro
|-damage|p1a: Slowbro|263\/394
|
|-heal|p2a: Cord|240\/352 tox|[from] ability: Poison Heal
|turn|13
|c| TTM Vic TA|Styx, we've been shipped.
|c| TTM Vic BA|Whoâs styx?
|c| TTM Vic BA|Iâm your bad ass half
|c| TTM Vic BA|Hence the name
|
|move|p2a: Cord|Protect|p2a: Cord
|-singleturn|p2a: Cord|Protect
|move|p1a: Slowbro|Calm Mind|p1a: Slowbro
|-boost|p1a: Slowbro|spa|1
|-boost|p1a: Slowbro|spd|1
|
|-heal|p2a: Cord|284\/352 tox|[from] ability: Poison Heal
|turn|14
|c| The Parallex|Vic 2.0
|c| TTM Vic TA|dammit styx, bugger off please
|leave|i ship vic&styx
|
|switch|p2a: Magnezone|Magnezone|302\/322
|-damage|p2a: Magnezone|282\/322|[from] Stealth Rock
|move|p1a: Slowbro|Scald|p2a: Magnezone
|-damage|p2a: Magnezone|134\/322
|
|turn|15
|join|Wankers Cramp
|c| TTM Vic TA|GOD DAMMIT STYX
|c| TTM Jolt|LOL
|
|switch|p1a: Chansey|Chansey, F|429\/642
|-damage|p1a: Chansey|349\/642|[from] Stealth Rock
|move|p2a: Magnezone|Volt Switch|p1a: Chansey
|-damage|p1a: Chansey|240\/642
|c| The Parallex|Wankers Cramp
|c| The Parallex|Lol
|c| Wankers Cramp|Iâm the most deadly of british diseases
|c| The Parallex|I've never gotten it.
|c| The Parallex|Must hurt though
|
|switch|p2a: birdman|Hawlucha, F|304\/304
|-damage|p2a: birdman|266\/304|[from] Stealth Rock
|
|turn|16
|c| The Parallex|Which part hurts, the hand or the finger?
|c| Wankers Cramp|all of them
|join|i ship vic&styx
|c| The Parallex|Oh dear.
|
|switch|p1a: Slowbro|Slowbro, F|394\/394
|-damage|p1a: Slowbro|345\/394|[from] Stealth Rock
|move|p2a: birdman|Substitute|p2a: birdman
|-start|p2a: birdman|Substitute
|-damage|p2a: birdman|190\/304
|
|turn|17
|leave|i ship vic&styx
|join|i ship vic&styx
|leave|i ship vic&styx
|join|i ship vic&styx
|leave|i ship vic&styx
|join|i ship vic&styx
|leave|i ship vic&styx
|join|i ship vic&styx
|leave|i ship vic&styx
|join|i ship vic&styx
|raw|<div class="broadcast-red"><b>Moderated chat was set to +!<\/b><br \/>Only users of rank + and higher can talk.<\/div>
|leave|i ship vic&styx
|join|i ship vic&styx
|leave|i ship vic&styx
|join|i ship vic&styx
|leave|i ship vic&styx
|join|i ship vic&styx
|
|move|p2a: birdman|Acrobatics|p1a: Slowbro
|-damage|p1a: Slowbro|296\/394
|move|p1a: Slowbro|Psyshock|p2a: birdman
|-supereffective|p2a: birdman
|-end|p2a: birdman|Substitute
|
|turn|18
|join|i ship hallu&phil
|leave|i ship hallu&phil
|
|switch|p2a: Magnezone|Magnezone|134\/322
|-damage|p2a: Magnezone|114\/322|[from] Stealth Rock
|move|p1a: Slowbro|Scald|p2a: Magnezone
|-damage|p2a: Magnezone|12\/322
|
|turn|19
|join|i ship hallu&phil
|leave|i ship hallu&phil
|join|i ship styx&styx
|
|switch|p1a: Heatran|Heatran, F|385\/385 par
|-damage|p1a: Heatran|337\/385 par|[from] Stealth Rock
|move|p2a: Magnezone|Volt Switch|p1a: Heatran
|-damage|p1a: Heatran|184\/385 par
|c|âAuroCords|screw cancel button hah
|c|âAuroCords|clicked tbolt like 10 times :[
|join|i ship hallu&phil
|join|asianbun
|join|TTM Styx
|join|ruv me
TTM Styx was promoted to Room Voice by Hallucination.
|
|switch|p2a: Cord|Gliscor, F, shiny|284\/352 tox
|-damage|p2a: Cord|240\/352 tox|[from] Stealth Rock
|
|-heal|p1a: Heatran|208\/385 par|[from] item: Leftovers
|-heal|p2a: Cord|284\/352 tox|[from] ability: Poison Heal
|turn|20
|c|+TTM Styx|Thank ya kindly
|join|lugia mansion
|
|switch|p1a: Sableye|Sableye-Mega, F|266\/304
|-damage|p1a: Sableye|228\/304|[from] Stealth Rock
|move|p2a: Cord|Substitute|p2a: Cord
|-start|p2a: Cord|Substitute
|-damage|p2a: Cord|196\/352 tox
|
|-heal|p2a: Cord|240\/352 tox|[from] ability: Poison Heal
|turn|21
TTM Jolt was promoted to Room Voice by Hallucination.
|c|+TTM Jolt|gracias
The Parallex was promoted to Room Voice by Hallucination.
|c|+TTM Styx|Auro, you have no method of hazards removal do you?
|c|âAuroCords|nope, that's why i regret cancel not working so much ahah
|c|+TTM Styx|That feel, I knows it
|c|+The Parallex|Why not run defog on gliscor?
|c|âHallucination|was hoping u tbolted so I could softboil with chancey :)))
|c|+TTM Styx|poison heal
|c|+TTM Jolt|can't have poison heal and defog sadly
|
|move|p2a: Cord|Baton Pass|p2a: Cord
|c|+The Parallex|Really?
|c|âAuroCords|it was 2hnko at that mmont of health after rocks
|c|âAuroCords|on chansey
|c|âHallucination|I know
|c|+TTM Styx|Gliscor would rise to dramatically in usage if that happened
|c|âHallucination|thats why I switched in heatran
|c|+TTM Styx|He was sac-ing tran
|
|switch|p2a: Dos|Gyarados, M|331\/331
|-damage|p2a: Dos|249\/331|[from] Stealth Rock
|-ability|p2a: Dos|Intimidate|[of] p1a: Sableye
|-unboost|p1a: Sableye|atk|1
|move|p1a: Sableye|Knock Off|p2a: Dos
|-crit|p2a: Dos
|-end|p2a: Dos|Substitute
|
|turn|22
|c|+TTM Styx|But unfortunately the transgender lava thing is still alive
|c|âHallucination|yay crit
|c|âAuroCords|well just goes to show why we never shownd trust cancel
|c|âAuroCords|that crit is really bad hah
|c|âAuroCords|crit high roll even
|c|+TTM Styx|Needs more specs tran with mold breaker
|
|switch|p2a: Magnezone|Magnezone|12\/322
|-damage|p2a: Magnezone|0 fnt|[from] Stealth Rock
|faint|p2a: Magnezone
|switch|p1a: Clefable|Clefable, F|394\/394
|-damage|p1a: Clefable|345\/394|[from] Stealth Rock
|
|-heal|p1a: Clefable|369\/394|[from] item: Leftovers
|c|+TTM Styx|That actually be sooooooooo sickâ¦
|c|+TTM Styx|If Heatran got mold breaker\/turboblaze as its hidden ability
|
|switch|p2a: Truck|Heatran, F|286\/386
|-damage|p2a: Truck|238\/386|[from] Stealth Rock
|turn|23
|c|âHallucination|does heatran live this
|c|âAuroCords|hah op
|c|âHallucination|no idea
|c|âHallucination|*chansey
|
|switch|p1a: Heatran|Heatran, F|208\/385 par
|-damage|p1a: Heatran|160\/385 par|[from] Stealth Rock
|move|p2a: Truck|Taunt|p1a: Heatran
|-start|p1a: Heatran|move: Taunt
|
|-heal|p1a: Heatran|184\/385 par|[from] item: Leftovers
|turn|24
|
|switch|p2a: Cord|Gliscor, F, shiny|240\/352 tox
|-damage|p2a: Cord|196\/352 tox|[from] Stealth Rock
|switch|p1a: Skarmory|Skarmory, F|334\/334
|-damage|p1a: Skarmory|293\/334|[from] Stealth Rock
|
|-heal|p2a: Cord|240\/352 tox|[from] ability: Poison Heal
|turn|25
|
|move|p2a: Cord|Knock Off|p1a: Skarmory
|-damage|p1a: Skarmory|251\/334
|-enditem|p1a: Skarmory|Shed Shell|[from] move: Knock Off|[of] p2a: Cord
|move|p1a: Skarmory|Brave Bird|p2a: Cord
|-damage|p2a: Cord|164\/352 tox
|-damage|p1a: Skarmory|226\/334|[from] recoil|[of] p2a: Cord
|
|-heal|p2a: Cord|208\/352 tox|[from] ability: Poison Heal
|turn|26
|
|move|p2a: Cord|Substitute|p2a: Cord
|-start|p2a: Cord|Substitute
|-damage|p2a: Cord|120\/352 tox
|move|p1a: Skarmory|Brave Bird|p2a: Cord
|-activate|p2a: Cord|Substitute|[damage]
|-damage|p1a: Skarmory|200\/334|[from] recoil|[of] p2a: Cord
|
|-heal|p2a: Cord|164\/352 tox|[from] ability: Poison Heal
|turn|27
|leave|TTM Vic TA
|
|move|p2a: Cord|Baton Pass|p2a: Cord
|
|switch|p2a: Bus|Clefable, M|310\/394
|move|p1a: Skarmory|Brave Bird|p2a: Bus
|-end|p2a: Bus|Substitute
|-damage|p1a: Skarmory|197\/334|[from] recoil|[of] p2a: Bus
|
|turn|28
|c|âHallucination|sub pass is annoying
|
|switch|p1a: Heatran|Heatran, F|184\/385 par
|-damage|p1a: Heatran|136\/385 par|[from] Stealth Rock
|move|p2a: Bus|Soft-Boiled|p2a: Bus
|-heal|p2a: Bus|394\/394
|
|-heal|p1a: Heatran|160\/385 par|[from] item: Leftovers
|turn|29
|c|âAuroCords|stall is annoying :]
|c|+TTM Jolt|^
|c|âHallucination|:P
|
|switch|p2a: Cord|Gliscor, F, shiny|164\/352 tox
|-damage|p2a: Cord|120\/352 tox|[from] Stealth Rock
|switch|p1a: Slowbro|Slowbro, F|394\/394
|-damage|p1a: Slowbro|345\/394|[from] Stealth Rock
|
|-heal|p2a: Cord|164\/352 tox|[from] ability: Poison Heal
|turn|30
|
|switch|p2a: Bus|Clefable, M|394\/394
|move|p1a: Slowbro|Scald|p2a: Bus
|-damage|p2a: Bus|304\/394
|
|turn|31
|
|move|p2a: Bus|Moonblast|p1a: Slowbro
|-damage|p1a: Slowbro|145\/394
|move|p1a: Slowbro|Calm Mind|p1a: Slowbro
|-boost|p1a: Slowbro|spa|1
|-boost|p1a: Slowbro|spd|1
|
|turn|32
|c|âHallucination|do i live this :\/
|
|switch|p1a: Skarmory|Skarmory, F|197\/334
|-damage|p1a: Skarmory|156\/334|[from] Stealth Rock
|move|p2a: Bus|Moonblast|p1a: Skarmory
|-resisted|p1a: Skarmory
|-damage|p1a: Skarmory|40\/334
|
|turn|33
|c|+TTM Jolt|are you wanting to get swept by gyara?
|c|âHallucination|ofc
|c|âHallucination|so uh
|c|+TTM Jolt|looks like it
|c|âHallucination|Max sp.a w\/ lo
|c|âHallucination|but bold nature?
|
|move|p1a: Skarmory|Roost|p1a: Skarmory
|-heal|p1a: Skarmory|207\/334
|move|p2a: Bus|Flamethrower|p1a: Skarmory
|-crit|p1a: Skarmory
|-supereffective|p1a: Skarmory
|-damage|p1a: Skarmory|0 fnt
|faint|p1a: Skarmory
|
|c|âAuroCords|getting rid of heatran would have meant sweep with clef :p
|c|+TTM Jolt|get swept by gyara
|
|switch|p1a: Chansey|Chansey, F|240\/642
|-damage|p1a: Chansey|160\/642|[from] Stealth Rock
|turn|34
|c|âAuroCords|gyara can't take on saboosak
|c|âAuroCords|:[
|c|+The Parallex|A what?
|c|+TTM Jolt|I am still calling the gyara sweep. We'll see.
|c|âHallucination|Okay gl with that
|c|âHallucination|he needs a flinch
|c|+TTM Jolt|I am predicting it man.
|c|+TTM Jolt|you know how that works.
|c|+The Parallex|^
|c|+The Parallex|Whatever volt says goes.
|c|+TTM Jolt|.-.
|c|+The Parallex|voly
|
|switch|p2a: Truck|Heatran, F|238\/386
|-damage|p2a: Truck|190\/386|[from] Stealth Rock
|move|p1a: Chansey|Soft-Boiled|p1a: Chansey
|-heal|p1a: Chansey|481\/642
|
|turn|35
|
|switch|p1a: Sableye|Sableye-Mega, F|228\/304
|-damage|p1a: Sableye|190\/304|[from] Stealth Rock
|move|p2a: Truck|Taunt|p1a: Sableye
|move|p1a: Sableye|Taunt|p2a: Truck|[from]Magic Bounce
|-start|p2a: Truck|move: Taunt
|
|turn|36
|c|âAuroCords|imagine regen chansey o.o
|c|+The Parallex|inb4 explosion
|c|+TTM Jolt|lol
|
|move|p2a: Truck|Lava Plume|p1a: Sableye
|-damage|p1a: Sableye|90\/304
|-status|p1a: Sableye|brn
|move|p1a: Sableye|Recover|p1a: Sableye
|-heal|p1a: Sableye|242\/304 brn
|
|-damage|p1a: Sableye|204\/304 brn|[from] brn
|turn|37
|
|switch|p1a: Slowbro|Slowbro, F|276\/394
|-damage|p1a: Slowbro|227\/394|[from] Stealth Rock
|move|p2a: Truck|Lava Plume|p1a: Slowbro
|-resisted|p1a: Slowbro
|-damage|p1a: Slowbro|154\/394
|
|turn|38
|
|move|p2a: Truck|Lava Plume|p1a: Slowbro
|-resisted|p1a: Slowbro
|-damage|p1a: Slowbro|85\/394
|move|p1a: Slowbro|Slack Off|p1a: Slowbro
|-heal|p1a: Slowbro|282\/394
|
|-end|p2a: Truck|move: Taunt
|turn|39
|
|move|p2a: Truck|Taunt|p1a: Slowbro
|-start|p1a: Slowbro|move: Taunt
|move|p1a: Slowbro|Scald|p2a: Truck
|-supereffective|p2a: Truck
|-damage|p2a: Truck|44\/386
|
|turn|40
|
|move|p2a: Truck|Lava Plume|p1a: Slowbro
|-resisted|p1a: Slowbro
|-damage|p1a: Slowbro|214\/394
|move|p1a: Slowbro|Scald|p2a: Truck
|-supereffective|p2a: Truck
|-damage|p2a: Truck|0 fnt
|faint|p2a: Truck
|
|c|+The Parallex|That's what you get for being breedy
|c|+The Parallex|Burn greedy man :P
|c|âAuroCords|im cornered hah
|
|switch|p2a: Dos|Gyarados, M|249\/331
|-damage|p2a: Dos|167\/331|[from] Stealth Rock
|-ability|p2a: Dos|Intimidate|[of] p1a: Slowbro
|-unboost|p1a: Slowbro|atk|1
|turn|41
|
|switch|p1a: Clefable|Clefable, F|369\/394
|-damage|p1a: Clefable|320\/394|[from] Stealth Rock
|detailschange|p2a: Dos|Gyarados-Mega, M
|-mega|p2a: Dos|Gyarados|Gyaradosite
|-ability|p2a: Dos|Mold Breaker
|move|p2a: Dos|Dragon Dance|p2a: Dos
|-boost|p2a: Dos|atk|1
|-boost|p2a: Dos|spe|1
|
|-heal|p1a: Clefable|344\/394|[from] item: Leftovers
|turn|42
|c|âAuroCords|crit flinch?
|
|move|p2a: Dos|Waterfall|p1a: Clefable
|-damage|p1a: Clefable|122\/394
|move|p1a: Clefable|Moonblast|p2a: Dos
|-supereffective|p2a: Dos
|-damage|p2a: Dos|9\/331
|
|-heal|p1a: Clefable|146\/394|[from] item: Leftovers
|turn|43
|c|âHallucination|damn
|c|âHallucination|min rolls op
|c|âAuroCords|gyarados the god
|c|+TTM Jolt|did I call that or what?
|c|+The Parallex|lol
|
|move|p2a: Dos|Waterfall|p1a: Clefable
|-damage|p1a: Clefable|0 fnt
|faint|p1a: Clefable
|
|
|switch|p1a: Chansey|Chansey, F|481\/642
|-damage|p1a: Chansey|401\/642|[from] Stealth Rock
|turn|44
|
|move|p2a: Dos|Waterfall|p1a: Chansey
|-damage|p1a: Chansey|94\/642
|move|p1a: Chansey|Seismic Toss|p2a: Dos
|-damage|p2a: Dos|0 fnt
|faint|p2a: Dos
|
|c|âAuroCords|i need some flinches
|c|+The Parallex|You get 0
|c|+The Parallex|You get a min roll instead :)
|c|âAuroCords|haha
|
|switch|p2a: birdman|Hawlucha, F|190\/304
|-damage|p2a: birdman|152\/304|[from] Stealth Rock
|-enditem|p2a: birdman|Sitrus Berry|[eat]
|-heal|p2a: birdman|228\/304|[from] item: Sitrus Berry
|turn|45
|
|move|p2a: birdman|Swords Dance|p2a: birdman
|-boost|p2a: birdman|atk|2
|move|p1a: Chansey|Seismic Toss|p2a: birdman
|-damage|p2a: birdman|128\/304
|
|turn|46
|
|move|p2a: birdman|Acrobatics|p1a: Chansey
|-damage|p1a: Chansey|0 fnt
|faint|p1a: Chansey
|
|c|+TTM Styx|still not over lol
|
|switch|p1a: Slowbro|Slowbro, F|345\/394
|-damage|p1a: Slowbro|296\/394|[from] Stealth Rock
|turn|47
|
|move|p2a: birdman|Acrobatics|p1a: Slowbro
|-damage|p1a: Slowbro|85\/394
|move|p1a: Slowbro|Psyshock|p2a: birdman
|-supereffective|p2a: birdman
|-damage|p2a: birdman|0 fnt
|faint|p2a: birdman
|
|c|âHallucination|if ur cm clef u win
|c|âAuroCords|i think youve seen my set
|c|âHallucination|whats the fourth move
|c|âAuroCords|soft boiled
|c|+TTM Styx|splash
|c|+The Parallex|Moonblast Softboiled Flamethrower
|c|âAuroCords|i used all :j
|
|switch|p2a: Cord|Gliscor, F, shiny|164\/352 tox
|-damage|p2a: Cord|120\/352 tox|[from] Stealth Rock
|turn|48
|c|+TTM Styx|needs more belly drum clef
|c|+The Parallex|lol
|c|+TTM Styx|best set imo
|c|âAuroCords|crit knock off imo
|c|âAuroCords|ad full paras on heatran
|c|+TTM Styx|hallu is gonna switch
|
|move|p2a: Cord|Knock Off|p1a: Slowbro
|-crit|p1a: Slowbro
|-supereffective|p1a: Slowbro
|-damage|p1a: Slowbro|0 fnt
|faint|p1a: Slowbro
|
|-heal|p2a: Cord|164\/352 tox|[from] ability: Poison Heal
|c|âHallucination|damn
|c|+TTM Styx|uh
|c|âAuroCords|oml
|c|+The Parallex|Hacker
|c|âAuroCords|too ez
|c|+TTM Styx|why didnt you switch????
|
|switch|p1a: Sableye|Sableye-Mega, F|204\/304 brn
|-damage|p1a: Sableye|166\/304 brn|[from] Stealth Rock
|turn|49
|c|+TTM Jolt|SUCKS DOESNT IT HALLU
|c|âHallucination|no reason to
|c|+TTM Styx|regen?
|c|âAuroCords|^
|c|âHallucination|was a dead gliscor
|
|switch|p2a: Bus|Clefable, M|304\/394
|move|p1a: Sableye|Confuse Ray|p2a: Bus
|-start|p2a: Bus|confusion
|
|-damage|p1a: Sableye|128\/304 brn|[from] brn
|turn|50
|
|-activate|p2a: Bus|confusion
|move|p2a: Bus|Moonblast|p1a: Sableye
|-supereffective|p1a: Sableye
|-damage|p1a: Sableye|0 fnt
|faint|p1a: Sableye
|
|
|switch|p1a: Heatran|Heatran, F|160\/385 par
|-damage|p1a: Heatran|112\/385 par|[from] Stealth Rock
|turn|51
|c|âHallucination|no eq tho :O
|
|-activate|p2a: Bus|confusion
|move|p2a: Bus|Moonblast|p1a: Heatran
|-resisted|p1a: Heatran
|-damage|p1a: Heatran|83\/385 par
|move|p1a: Heatran|Lava Plume|p2a: Bus
|-damage|p2a: Bus|193\/394
|
|-heal|p1a: Heatran|107\/385 par|[from] item: Leftovers
|turn|52
|
|-activate|p2a: Bus|confusion
|-damage|p2a: Bus|162\/394|[from] confusion
|move|p1a: Heatran|Lava Plume|p2a: Bus
|-damage|p2a: Bus|50\/394
|
|-heal|p1a: Heatran|131\/385 par|[from] item: Leftovers
|turn|53
|
|-end|p2a: Bus|confusion
|move|p2a: Bus|Moonblast|p1a: Heatran
|-resisted|p1a: Heatran
|-damage|p1a: Heatran|100\/385 par
|move|p1a: Heatran|Lava Plume|p2a: Bus
|-crit|p2a: Bus
|-damage|p2a: Bus|0 fnt
|faint|p2a: Bus
|
|-heal|p1a: Heatran|124\/385 par|[from] item: Leftovers
|join|TTM Vic TA
|
|switch|p2a: Cord|Gliscor, F, shiny|164\/352 tox
|-damage|p2a: Cord|120\/352 tox|[from] Stealth Rock
|turn|54
|c|+TTM Styx|why not softboiled?
|c|âAuroCords|more lefties for him
|c|âAuroCords|im spdef glisc
|c|+TTM Styx|but you are overall doing more with moonblast than he is getting back from lefties
|c|âHallucination|dat crit tho :(
|
|move|p2a: Cord|Protect|p2a: Cord
|-singleturn|p2a: Cord|Protect
|move|p1a: Heatran|Lava Plume|p2a: Cord
|-activate|p2a: Cord|Protect
|
|-heal|p1a: Heatran|148\/385 par|[from] item: Leftovers
|-heal|p2a: Cord|164\/352 tox|[from] ability: Poison Heal
|turn|55
|c|âAuroCords|but confusion :[
|c|+TTM Styx|touche
|c|+TTM Styx|coulda played safer hallu
|
|move|p2a: Cord|Knock Off|p1a: Heatran
|-damage|p1a: Heatran|82\/385 par
|-enditem|p1a: Heatran|Leftovers|[from] move: Knock Off|[of] p2a: Cord
|cant|p1a: Heatran|par
|
|-heal|p2a: Cord|208\/352 tox|[from] ability: Poison Heal
|turn|56
|
|move|p2a: Cord|Knock Off|p1a: Heatran
|-damage|p1a: Heatran|31\/385 par
|cant|p1a: Heatran|par
|
|-heal|p2a: Cord|252\/352 tox|[from] ability: Poison Heal
|turn|57
|c|âAuroCords|gg
|c|+The Parallex|Wow
|c|âHallucination|gg
|c|+TTM Styx|salt in the wound
|c|+The Parallex|All the hax
|
|move|p2a: Cord|Knock Off|p1a: Heatran
|-damage|p1a: Heatran|0 fnt
|faint|p1a: Heatran
|
|win|AuroCords
|c|+TTM Jolt|gg guys
|c|âAuroCords|this was one wierd match :P
|leave|TTM Vic TA
|leave|lugia mansion
|leave|TTM Jolt