|join|Ptz
|join|Hallucination
|player|p1|Ptz|168
|player|p2|Hallucination|257
|gametype|singles
|gen|6
|tier|OU
|clearpoke
|poke|p1|Gallade, M
|poke|p1|Rotom-Wash
|poke|p1|Bisharp, F
|poke|p1|Talonflame, M
|poke|p1|Latios, M
|poke|p1|Greninja, M
|poke|p2|Chansey, F
|poke|p2|Heatran, F
|poke|p2|Slowbro, F
|poke|p2|Skarmory, F
|poke|p2|Sableye, F
|poke|p2|Clefable, F
|rule|Swagger Clause: Swagger is banned
|rule|Baton Pass Clause: Limit one PokÃ©mon knowing Baton Pass
|rule|Sleep Clause Mod: Limit one foe put to sleep
|rule|Species Clause: Limit one of each PokÃ©mon
|rule|OHKO Clause: OHKO moves are banned
|rule|Moody Clause: Moody is banned
|rule|Evasion Moves Clause: Evasion moves are banned
|rule|Endless Battle Clause: Forcing endless battles is banned
|rule|HP Percentage Mod: HP is shown in percentages
|teampreview
|c|âPtz|Gl
|c|âHallucination|you too
|
|start
|switch|p1a: Talonflame|Talonflame, M|297\/297
|switch|p2a: Heatran|Heatran, F|385\/385
|turn|1
|
|move|p1a: Talonflame|U-turn|p2a: Heatran
|-resisted|p2a: Heatran
|-damage|p2a: Heatran|364\/385
|
|switch|p1a: Rotom-Wash|Rotom-Wash|303\/303
|move|p2a: Heatran|Stealth Rock|p1a: Rotom-Wash
|-sidestart|p1: Ptz|move: Stealth Rock
|
|-heal|p2a: Heatran|385\/385|[from] item: Leftovers
|turn|2
|
|move|p1a: Rotom-Wash|Volt Switch|p2a: Heatran
|-crit|p2a: Heatran
|-damage|p2a: Heatran|298\/385
|
|switch|p1a: Latios|Latios, M|302\/302
|-damage|p1a: Latios|265\/302|[from] Stealth Rock
|move|p2a: Heatran|Toxic|p1a: Latios
|-status|p1a: Latios|tox
|
|-heal|p2a: Heatran|322\/385|[from] item: Leftovers
|-damage|p1a: Latios|247\/302 tox|[from] psn
|turn|3
|
|move|p2a: Heatran|Protect|p2a: Heatran
|-singleturn|p2a: Heatran|Protect
|move|p1a: Latios|Defog|p2a: Heatran
|-activate|p2a: Heatran|Protect
|
|-heal|p2a: Heatran|346\/385|[from] item: Leftovers
|-damage|p1a: Latios|211\/302 tox|[from] psn
|turn|4
|
|move|p1a: Latios|Surf|p2a: Heatran
|-supereffective|p2a: Heatran
|-damage|p2a: Heatran|133\/385
|-damage|p1a: Latios|181\/302 tox|[from] item: Life Orb
|move|p2a: Heatran|Stealth Rock|p1a: Latios
|-fail|p1a: Latios
|
|-heal|p2a: Heatran|157\/385|[from] item: Leftovers
|-damage|p1a: Latios|127\/302 tox|[from] psn
|turn|5
|
|move|p2a: Heatran|Protect|p2a: Heatran
|-singleturn|p2a: Heatran|Protect
|move|p1a: Latios|Surf|p2a: Heatran
|-activate|p2a: Heatran|Protect
|
|-heal|p2a: Heatran|181\/385|[from] item: Leftovers
|-damage|p1a: Latios|55\/302 tox|[from] psn
|turn|6
|
|move|p2a: Heatran|Protect|p2a: Heatran
|-fail|p2a: Heatran
|move|p1a: Latios|Defog|p2a: Heatran
|-unboost|p2a: Heatran|evasion|1
|-sideend|p1: Ptz|Stealth Rock|[from] move: Defog|[of] p1a: Latios
|
|-heal|p2a: Heatran|205\/385|[from] item: Leftovers
|-damage|p1a: Latios|0 fnt|[from] psn
|faint|p1a: Latios
|c|âHallucination|damn
|
|switch|p1a: Gallade|Gallade, M|278\/278
|turn|7
|
|detailschange|p1a: Gallade|Gallade-Mega, M
|-mega|p1a: Gallade|Gallade|Galladite
|move|p2a: Heatran|Protect|p2a: Heatran
|-singleturn|p2a: Heatran|Protect
|move|p1a: Gallade|Close Combat|p2a: Heatran
|-activate|p2a: Heatran|Protect
|
|-heal|p2a: Heatran|229\/385|[from] item: Leftovers
|turn|8
|join|eaglesrock
|
|switch|p2a: Sableye|Sableye, F|304\/304
|move|p1a: Gallade|Close Combat|p2a: Sableye
|-immune|p2a: Sableye|[msg]
|
|turn|9
|
|switch|p1a: Talonflame|Talonflame, M|297\/297
|move|p2a: Sableye|Knock Off|p1a: Talonflame
|-damage|p1a: Talonflame|186\/297
|-enditem|p1a: Talonflame|Choice Band|[from] move: Knock Off|[of] p2a: Sableye
|
|turn|10
|
|switch|p2a: Heatran|Heatran, F|229\/385
|move|p1a: Talonflame|Brave Bird|p2a: Heatran
|-resisted|p2a: Heatran
|-damage|p2a: Heatran|153\/385
|-damage|p1a: Talonflame|161\/297|[from] recoil|[of] p2a: Heatran
|
|-heal|p2a: Heatran|177\/385|[from] item: Leftovers
|turn|11
|
|switch|p1a: Gallade|Gallade-Mega, M|278\/278
|move|p2a: Heatran|Stealth Rock|p1a: Gallade
|-sidestart|p1: Ptz|move: Stealth Rock
|
|-heal|p2a: Heatran|201\/385|[from] item: Leftovers
|turn|12
|
|move|p2a: Heatran|Protect|p2a: Heatran
|-singleturn|p2a: Heatran|Protect
|move|p1a: Gallade|Swords Dance|p1a: Gallade
|-boost|p1a: Gallade|atk|2
|
|-heal|p2a: Heatran|225\/385|[from] item: Leftovers
|turn|13
|
|switch|p2a: Clefable|Clefable, F|394\/394
|move|p1a: Gallade|Ice Punch|p2a: Clefable
|-damage|p2a: Clefable|294\/394
|
|-heal|p2a: Clefable|318\/394|[from] item: Leftovers
|turn|14
|
|move|p1a: Gallade|Psycho Cut|p2a: Clefable
|-damage|p2a: Clefable|180\/394
|move|p2a: Clefable|Toxic|p1a: Gallade
|-status|p1a: Gallade|tox
|
|-heal|p2a: Clefable|204\/394|[from] item: Leftovers
|-damage|p1a: Gallade|261\/278 tox|[from] psn
|turn|15
|
|move|p2a: Clefable|Protect|p2a: Clefable
|-singleturn|p2a: Clefable|Protect
|move|p1a: Gallade|Psycho Cut|p2a: Clefable
|-activate|p2a: Clefable|Protect
|
|-heal|p2a: Clefable|228\/394|[from] item: Leftovers
|-damage|p1a: Gallade|227\/278 tox|[from] psn
|turn|16
|
|switch|p1a: Rotom-Wash|Rotom-Wash|303\/303
|-damage|p1a: Rotom-Wash|266\/303|[from] Stealth Rock
|move|p2a: Clefable|Wish|p2a: Clefable
|
|-heal|p1a: Rotom-Wash|284\/303|[from] item: Leftovers
|-heal|p2a: Clefable|252\/394|[from] item: Leftovers
|turn|17
|
|move|p2a: Clefable|Protect|p2a: Clefable
|-singleturn|p2a: Clefable|Protect
|move|p1a: Rotom-Wash|Volt Switch|p2a: Clefable
|-activate|p2a: Clefable|Protect
|
|-heal|p2a: Clefable|394\/394|[from] move: Wish|[wisher] Clefable
|-heal|p1a: Rotom-Wash|302\/303|[from] item: Leftovers
|turn|18
|
|move|p1a: Rotom-Wash|Will-O-Wisp|p2a: Clefable
|-status|p2a: Clefable|brn
|move|p2a: Clefable|Toxic|p1a: Rotom-Wash
|-status|p1a: Rotom-Wash|tox
|
|-heal|p1a: Rotom-Wash|303\/303 tox|[from] item: Leftovers
|-damage|p1a: Rotom-Wash|285\/303 tox|[from] psn
|-damage|p2a: Clefable|345\/394 brn|[from] brn
|turn|19
|
|move|p1a: Rotom-Wash|Volt Switch|p2a: Clefable
|-damage|p2a: Clefable|245\/394 brn
|
|switch|p1a: Bisharp|Bisharp, F|272\/272
|-damage|p1a: Bisharp|255\/272|[from] Stealth Rock
|move|p2a: Clefable|Wish|p2a: Clefable
|
|-heal|p2a: Clefable|269\/394 brn|[from] item: Leftovers
|-damage|p2a: Clefable|220\/394 brn|[from] brn
|turn|20
|
|switch|p2a: Sableye|Sableye, F|304\/304
|move|p1a: Bisharp|Knock Off|p2a: Sableye
|-damage|p2a: Sableye|175\/304
|
|-heal|p2a: Sableye|304\/304|[from] move: Wish|[wisher] Clefable
|turn|21
|
|switch|p1a: Rotom-Wash|Rotom-Wash|285\/303 tox
|-damage|p1a: Rotom-Wash|248\/303 tox|[from] Stealth Rock
|move|p2a: Sableye|Will-O-Wisp|p1a: Rotom-Wash
|-fail|p1a: Rotom-Wash
|
|-heal|p1a: Rotom-Wash|266\/303 tox|[from] item: Leftovers
|-damage|p1a: Rotom-Wash|248\/303 tox|[from] psn
|turn|22
|
|detailschange|p2a: Sableye|Sableye-Mega, F
|-mega|p2a: Sableye|Sableye|Sablenite
|move|p2a: Sableye|Recover|p2a: Sableye
|-fail|p2a: Sableye
|move|p1a: Rotom-Wash|Volt Switch|p2a: Sableye
|-crit|p2a: Sableye
|-damage|p2a: Sableye|192\/304
|c|âHallucination|how did i outspeed
|
|switch|p1a: Greninja|Greninja, M|285\/285
|-damage|p1a: Greninja|250\/285|[from] Stealth Rock
|
|turn|23
|
|switch|p2a: Chansey|Chansey, F|642\/642
|move|p1a: Greninja|Dark Pulse|p2a: Chansey
|-start|p1a: Greninja|typechange|Dark|[from] Protean
|-damage|p2a: Chansey|567\/642
|-damage|p1a: Greninja|222\/285|[from] item: Life Orb
|
|turn|24
|
|switch|p1a: Rotom-Wash|Rotom-Wash|248\/303 tox
|-damage|p1a: Rotom-Wash|211\/303 tox|[from] Stealth Rock
|move|p2a: Chansey|Seismic Toss|p1a: Rotom-Wash
|-damage|p1a: Rotom-Wash|111\/303 tox
|
|-heal|p1a: Rotom-Wash|129\/303 tox|[from] item: Leftovers
|-damage|p1a: Rotom-Wash|111\/303 tox|[from] psn
|turn|25
|
|move|p1a: Rotom-Wash|Pain Split|p2a: Chansey
|-sethp|p2a: Chansey|339\/642|p1a: Rotom-Wash|303\/303 tox|[from] move: Pain Split
|move|p2a: Chansey|Seismic Toss|p1a: Rotom-Wash
|-damage|p1a: Rotom-Wash|203\/303 tox
|
|-heal|p1a: Rotom-Wash|221\/303 tox|[from] item: Leftovers
|-damage|p1a: Rotom-Wash|185\/303 tox|[from] psn
|turn|26
|
|move|p1a: Rotom-Wash|Will-O-Wisp|p2a: Chansey
|-status|p2a: Chansey|brn
|move|p2a: Chansey|Soft-Boiled|p2a: Chansey
|-heal|p2a: Chansey|642\/642 brn
|
|-heal|p1a: Rotom-Wash|203\/303 tox|[from] item: Leftovers
|-damage|p1a: Rotom-Wash|149\/303 tox|[from] psn
|-damage|p2a: Chansey|562\/642 brn|[from] brn
|turn|27
|
|switch|p2a: Heatran|Heatran, F|225\/385
|move|p1a: Rotom-Wash|Pain Split|p2a: Heatran
|-sethp|p2a: Heatran|187\/385|p1a: Rotom-Wash|187\/303 tox|[from] move: Pain Split
|
|-heal|p1a: Rotom-Wash|205\/303 tox|[from] item: Leftovers
|-heal|p2a: Heatran|211\/385|[from] item: Leftovers
|-damage|p1a: Rotom-Wash|133\/303 tox|[from] psn
|turn|28
|
|move|p1a: Rotom-Wash|Hydro Pump|p2a: Heatran
|-supereffective|p2a: Heatran
|-damage|p2a: Heatran|35\/385
|move|p2a: Heatran|Lava Plume|p1a: Rotom-Wash
|-resisted|p1a: Rotom-Wash
|-damage|p1a: Rotom-Wash|78\/303 tox
|
|-heal|p1a: Rotom-Wash|96\/303 tox|[from] item: Leftovers
|-heal|p2a: Heatran|59\/385|[from] item: Leftovers
|-damage|p1a: Rotom-Wash|6\/303 tox|[from] psn
|turn|29
|
|move|p2a: Heatran|Protect|p2a: Heatran
|-singleturn|p2a: Heatran|Protect
|move|p1a: Rotom-Wash|Volt Switch|p2a: Heatran
|-activate|p2a: Heatran|Protect
|
|-heal|p1a: Rotom-Wash|24\/303 tox|[from] item: Leftovers
|-heal|p2a: Heatran|83\/385|[from] item: Leftovers
|-damage|p1a: Rotom-Wash|0 fnt|[from] psn
|faint|p1a: Rotom-Wash
|
|switch|p1a: Greninja|Greninja, M|222\/285
|-damage|p1a: Greninja|187\/285|[from] Stealth Rock
|turn|30
|join|SomaTGE
|
|move|p1a: Greninja|Hydro Pump|p2a: Heatran
|-start|p1a: Greninja|typechange|Water|[from] Protean
|-supereffective|p2a: Heatran
|-damage|p2a: Heatran|0 fnt
|-damage|p1a: Greninja|159\/285|[from] item: Life Orb
|faint|p2a: Heatran
|
|
|switch|p2a: Chansey|Chansey, F|562\/642
|turn|31
|
|switch|p1a: Talonflame|Talonflame, M|161\/297
|-damage|p1a: Talonflame|13\/297|[from] Stealth Rock
|move|p2a: Chansey|Seismic Toss|p1a: Talonflame
|-damage|p1a: Talonflame|0 fnt
|faint|p1a: Talonflame
|
|
|switch|p1a: Gallade|Gallade-Mega, M|227\/278 tox
|-damage|p1a: Gallade|210\/278 tox|[from] Stealth Rock
|turn|32
|
|switch|p2a: Sableye|Sableye-Mega, F|192\/304
|move|p1a: Gallade|Swords Dance|p1a: Gallade
|-boost|p1a: Gallade|atk|2
|
|-damage|p1a: Gallade|193\/278 tox|[from] psn
|turn|33
|
|move|p1a: Gallade|Ice Punch|p2a: Sableye
|-damage|p2a: Sableye|49\/304
|move|p2a: Sableye|Recover|p2a: Sableye
|-heal|p2a: Sableye|201\/304
|
|-damage|p1a: Gallade|159\/278 tox|[from] psn
|turn|34
|
|move|p1a: Gallade|Swords Dance|p1a: Gallade
|-boost|p1a: Gallade|atk|2
|move|p2a: Sableye|Recover|p2a: Sableye
|-heal|p2a: Sableye|304\/304
|
|-damage|p1a: Gallade|108\/278 tox|[from] psn
|turn|35
|c| eaglesrock|Sbleye for uber
|
|switch|p2a: Clefable|Clefable, F|220\/394 brn
|move|p1a: Gallade|Ice Punch|p2a: Clefable
|-damage|p2a: Clefable|129\/394 brn
|
|-heal|p2a: Clefable|153\/394 brn|[from] item: Leftovers
|-damage|p1a: Gallade|40\/278 tox|[from] psn
|-damage|p2a: Clefable|104\/394 brn|[from] brn
|turn|36
|c|âHallucination|not greninja tho obvi
|
|move|p2a: Clefable|Protect|p2a: Clefable
|-singleturn|p2a: Clefable|Protect
|move|p1a: Gallade|Close Combat|p2a: Clefable
|-activate|p2a: Clefable|Protect
|
|-heal|p2a: Clefable|128\/394 brn|[from] item: Leftovers
|-damage|p1a: Gallade|0 fnt|[from] psn
|-damage|p2a: Clefable|79\/394 brn|[from] brn
|faint|p1a: Gallade
|c| eaglesrock|Damn that fable is coked or somethin
|raw|<div class="broadcast-red"><b>Moderated chat was set to +!<\/b><br \/>Only users of rank + and higher can talk.<\/div>
|
|switch|p1a: Bisharp|Bisharp, F|255\/272
|-damage|p1a: Bisharp|238\/272|[from] Stealth Rock
|turn|37
|
|move|p1a: Bisharp|Knock Off|p2a: Clefable
|-crit|p2a: Clefable
|-resisted|p2a: Clefable
|-damage|p2a: Clefable|0 fnt
|-enditem|p2a: Clefable|Leftovers|[from] move: Knock Off|[of] p1a: Bisharp
|faint|p2a: Clefable
|
|
|switch|p2a: Sableye|Sableye-Mega, F|304\/304
|turn|38
|
|move|p1a: Bisharp|Iron Head|p2a: Sableye
|-damage|p2a: Sableye|213\/304
|cant|p2a: Sableye|flinch
|
|turn|39
|
|move|p1a: Bisharp|Iron Head|p2a: Sableye
|-damage|p2a: Sableye|113\/304
|move|p2a: Sableye|Will-O-Wisp|p1a: Bisharp
|-status|p1a: Bisharp|brn
|
|-damage|p1a: Bisharp|204\/272 brn|[from] brn
|turn|40
|
|move|p1a: Bisharp|Iron Head|p2a: Sableye
|-damage|p2a: Sableye|61\/304
|cant|p2a: Sableye|flinch
|
|-damage|p1a: Bisharp|170\/272 brn|[from] brn
|turn|41
|
|move|p1a: Bisharp|Knock Off|p2a: Sableye
|-damage|p2a: Sableye|12\/304
|move|p2a: Sableye|Recover|p2a: Sableye
|-heal|p2a: Sableye|164\/304
|
|-damage|p1a: Bisharp|136\/272 brn|[from] brn
|turn|42
|
|move|p1a: Bisharp|Iron Head|p2a: Sableye
|-damage|p2a: Sableye|119\/304
|move|p2a: Sableye|Recover|p2a: Sableye
|-heal|p2a: Sableye|271\/304
|
|-damage|p1a: Bisharp|102\/272 brn|[from] brn
|turn|43
|
|move|p1a: Bisharp|Iron Head|p2a: Sableye
|-damage|p2a: Sableye|222\/304
|cant|p2a: Sableye|flinch
|
|-damage|p1a: Bisharp|68\/272 brn|[from] brn
|turn|44
|
|move|p1a: Bisharp|Iron Head|p2a: Sableye
|-damage|p2a: Sableye|173\/304
|move|p2a: Sableye|Recover|p2a: Sableye
|-heal|p2a: Sableye|304\/304
|
|-damage|p1a: Bisharp|34\/272 brn|[from] brn
|turn|45
|
|move|p1a: Bisharp|Iron Head|p2a: Sableye
|-damage|p2a: Sableye|255\/304
|move|p2a: Sableye|Recover|p2a: Sableye
|-heal|p2a: Sableye|304\/304
|
|-damage|p1a: Bisharp|0 fnt|[from] brn
|faint|p1a: Bisharp
|c|âHallucination|gg
|
|switch|p1a: Greninja|Greninja, M|159\/285
|-damage|p1a: Greninja|124\/285|[from] Stealth Rock
|turn|46
|
|move|p1a: Greninja|Dark Pulse|p2a: Sableye
|-start|p1a: Greninja|typechange|Dark|[from] Protean
|-damage|p2a: Sableye|174\/304
|-damage|p1a: Greninja|96\/285|[from] item: Life Orb
|move|p2a: Sableye|Will-O-Wisp|p1a: Greninja
|-status|p1a: Greninja|brn
|
|-damage|p1a: Greninja|61\/285 brn|[from] brn
|turn|47
|
|switch|p2a: Chansey|Chansey, F|562\/642
|move|p1a: Greninja|Dark Pulse|p2a: Chansey
|-damage|p2a: Chansey|483\/642
|-damage|p1a: Greninja|33\/285 brn|[from] item: Life Orb
|
|-damage|p1a: Greninja|0 fnt|[from] brn
|faint|p1a: Greninja
|
|win|Hallucination
|join|StillTheKing