|join|SaboTheDragon
|join|Hallucination
|player|p1|SaboTheDragon|52
|player|p2|Hallucination|102
|gametype|singles
|gen|6
|tier|OU (suspect test)
|rated
|clearpoke
|poke|p1|Ninetales, F
|poke|p1|Leafeon, F
|poke|p1|Mandibuzz, F
|poke|p1|Conkeldurr, F
|poke|p1|Thundurus, M
|poke|p1|Metagross
|poke|p2|Tyranitar, M
|poke|p2|Amoonguss, F
|poke|p2|Charizard, F
|poke|p2|Chansey, F
|poke|p2|Skarmory, M
|poke|p2|Clefable, F
|rule|Swagger Clause: Swagger is banned
|rule|Baton Pass Clause: Limit one PokÃ©mon knowing Baton Pass
|rule|Sleep Clause Mod: Limit one foe put to sleep
|rule|Species Clause: Limit one of each PokÃ©mon
|rule|OHKO Clause: OHKO moves are banned
|rule|Moody Clause: Moody is banned
|rule|Evasion Moves Clause: Evasion moves are banned
|rule|Endless Battle Clause: Forcing endless battles is banned
|rule|HP Percentage Mod: HP is shown in percentages
|teampreview
|
|start
|switch|p1a: Thundurus|Thundurus, M|299\/299
|switch|p2a: Charizard|Charizard, F|359\/359
|turn|1
|
|switch|p2a: Chansey|Chansey, F|642\/642
|move|p1a: Thundurus|Thunderbolt|p2a: Chansey
|-damage|p2a: Chansey|532\/642
|-damage|p1a: Thundurus|270\/299|[from] item: Life Orb
|
|turn|2
|
|switch|p1a: Metagross|Metagross|301\/301
|move|p2a: Chansey|Toxic|p1a: Metagross
|-fail|p1a: Metagross
|
|turn|3
|
|switch|p2a: Charizard|Charizard, F|359\/359
|detailschange|p1a: Metagross|Metagross-Mega
|-mega|p1a: Metagross|Metagross|Metagrossite
|move|p1a: Metagross|Zen Headbutt|p2a: Charizard
|-damage|p2a: Charizard|185\/359
|
|turn|4
|
|switch|p1a: Conkeldurr|Conkeldurr, F|413\/413
|detailschange|p2a: Charizard|Charizard-Mega-Y, F
|-mega|p2a: Charizard|Charizard|Charizardite Y
|-weather|SunnyDay
|move|p2a: Charizard|Roost|p2a: Charizard
|-heal|p2a: Charizard|359\/359
|
|-weather|SunnyDay|[upkeep]
|turn|5
|
|move|p2a: Charizard|Fire Punch|p1a: Conkeldurr
|-damage|p1a: Conkeldurr|268\/413
|move|p1a: Conkeldurr|Knock Off|p2a: Charizard
|-damage|p2a: Charizard|290\/359
|
|-weather|SunnyDay|[upkeep]
|turn|6
|
|move|p2a: Charizard|Fire Punch|p1a: Conkeldurr
|-damage|p1a: Conkeldurr|129\/413
|move|p1a: Conkeldurr|Knock Off|p2a: Charizard
|-damage|p2a: Charizard|211\/359
|
|-weather|SunnyDay|[upkeep]
|turn|7
|
|move|p2a: Charizard|Roost|p2a: Charizard
|-heal|p2a: Charizard|359\/359
|move|p1a: Conkeldurr|Knock Off|p2a: Charizard
|-damage|p2a: Charizard|289\/359
|
|-weather|SunnyDay|[upkeep]
|turn|8
|
|move|p2a: Charizard|Fire Punch|p1a: Conkeldurr
|-damage|p1a: Conkeldurr|0 fnt
|faint|p1a: Conkeldurr
|
|-weather|none
|
|switch|p1a: Thundurus|Thundurus, M|270\/299
|turn|9
|
|switch|p2a: Chansey|Chansey, F|532\/642
|move|p1a: Thundurus|Thunder Wave|p2a: Chansey
|-status|p2a: Chansey|par
|
|turn|10
|
|switch|p1a: Metagross|Metagross-Mega|301\/301
|switch|p2a: Tyranitar|Tyranitar, M|404\/404
|-weather|Sandstorm
|
|-weather|Sandstorm|[upkeep]
|turn|11
|
|move|p1a: Metagross|Meteor Mash|p2a: Tyranitar
|-supereffective|p2a: Tyranitar
|-damage|p2a: Tyranitar|98\/404
|-boost|p1a: Metagross|atk|1
|move|p2a: Tyranitar|Stealth Rock|p1a: Metagross
|-sidestart|p1: SaboTheDragon|move: Stealth Rock
|
|-weather|Sandstorm|[upkeep]
|-heal|p2a: Tyranitar|123\/404|[from] item: Leftovers
|turn|12
|
|move|p1a: Metagross|Meteor Mash|p2a: Tyranitar
|-supereffective|p2a: Tyranitar
|-damage|p2a: Tyranitar|0 fnt
|faint|p2a: Tyranitar
|
|-weather|Sandstorm|[upkeep]
|
|switch|p2a: Charizard|Charizard-Mega-Y, F|289\/359
|-weather|SunnyDay
|turn|13
|
|move|p1a: Metagross|Zen Headbutt|p2a: Charizard
|-damage|p2a: Charizard|19\/359
|move|p2a: Charizard|Will-O-Wisp|p1a: Metagross
|-status|p1a: Metagross|brn
|
|-weather|SunnyDay|[upkeep]
|-damage|p1a: Metagross|264\/301 brn|[from] brn
|turn|14
|
|switch|p2a: Skarmory|Skarmory, M|333\/333
|move|p1a: Metagross|Zen Headbutt|p2a: Skarmory
|-resisted|p2a: Skarmory
|-damage|p2a: Skarmory|292\/333
|
|-weather|SunnyDay|[upkeep]
|-damage|p1a: Metagross|227\/301 brn|[from] brn
|turn|15
|
|switch|p1a: Ninetales|Ninetales, F|287\/287
|-damage|p1a: Ninetales|216\/287|[from] Stealth Rock
|move|p2a: Skarmory|Spikes|p1a: Ninetales
|-sidestart|p1: SaboTheDragon|Spikes
|
|-weather|SunnyDay|[upkeep]
|turn|16
|
|switch|p2a: Chansey|Chansey, F|532\/642
|move|p1a: Ninetales|Fire Blast|p2a: Chansey
|-damage|p2a: Chansey|364\/642
|
|-weather|SunnyDay|[upkeep]
|turn|17
|
|switch|p1a: Leafeon|Leafeon, F|271\/271
|-damage|p1a: Leafeon|238\/271|[from] Spikes
|-damage|p1a: Leafeon|205\/271|[from] Stealth Rock
|move|p2a: Chansey|Soft-Boiled|p2a: Chansey
|-heal|p2a: Chansey|642\/642
|
|-weather|none
|turn|18
|
|switch|p1a: Thundurus|Thundurus, M|270\/299
|-damage|p1a: Thundurus|196\/299|[from] Stealth Rock
|switch|p2a: Amoonguss|Amoonguss, F|432\/432
|
|turn|19
|-message|SaboTheDragon forfeited.
|leave|SaboTheDragon
|
|switch|p1a: Mandibuzz|Mandibuzz, F|424\/424
|-damage|p1a: Mandibuzz|318\/424|[from] Stealth Rock
|switch|p2a: Chansey|Chansey, F|642\/642
|
|-heal|p1a: Mandibuzz|344\/424|[from] item: Leftovers
|turn|20
|
|win|Hallucination
|raw|Ladder updating...
|player|p1
|raw|SaboTheDragon's rating: 1184 &rarr; <strong>1152<\/strong><br \/>(-32 for losing)
|raw|Hallucination's rating: 1083 &rarr; <strong>1118<\/strong><br \/>(+35 for winning)