|join|Nahim
|join|Hallucination
|player|p1|Nahim|101
|player|p2|Hallucination|169
|gametype|singles
|gen|6
|tier|OU (suspect test)
|clearpoke
|poke|p1|Tornadus-Therian, M
|poke|p1|Metagross
|poke|p1|Keldeo
|poke|p1|Landorus-Therian, M
|poke|p1|Rotom-Wash
|poke|p1|Clefable, F
|poke|p2|Diancie
|poke|p2|Magnezone
|poke|p2|Talonflame, M
|poke|p2|Rotom-Wash
|poke|p2|Chansey, F
|poke|p2|Latias, F
|rule|Swagger Clause: Swagger is banned
|rule|Baton Pass Clause: Limit one PokÃ©mon knowing Baton Pass
|rule|Sleep Clause Mod: Limit one foe put to sleep
|rule|Species Clause: Limit one of each PokÃ©mon
|rule|OHKO Clause: OHKO moves are banned
|rule|Moody Clause: Moody is banned
|rule|Evasion Moves Clause: Evasion moves are banned
|rule|Endless Battle Clause: Forcing endless battles is banned
|rule|HP Percentage Mod: HP is shown in percentages
|teampreview
|join|johnnyk121
|c| johnnyk121|hi
|c|âNahim|holy crap
|c|âHallucination|hi
|c|âNahim|howd u find us
|c| johnnyk121|lol
|c| johnnyk121|u linked me
|c|âNahim|oh yea
|c|âNahim|sike naw
|c|âHallucination|stupid
|c|âNahim|I was kidding
|c|âHallucination|is this the real nahim tho?
|c|âNahim|naw
|
|start
|switch|p1a: Landorus-Therian|Landorus-Therian, M|367\/367
|switch|p2a: Talonflame|Talonflame, M|297\/297
|-ability|p1a: Landorus-Therian|Intimidate|[of] p2a: Talonflame
|-unboost|p2a: Talonflame|atk|1
|turn|1
|c|âNahim|im emvee
|c| johnnyk121|u must be getting old from all those birthdays
|
|move|p2a: Talonflame|Will-O-Wisp|p1a: Landorus-Therian
|-status|p1a: Landorus-Therian|brn
|move|p1a: Landorus-Therian|Stealth Rock|p2a: Talonflame
|-sidestart|p2: Hallucination|move: Stealth Rock
|
|-damage|p1a: Landorus-Therian|322\/367 brn|[from] brn
|turn|2
|c|âHallucination|lol one time i made an alt called Johnnyk and challenged pk
|c| johnnyk121|lol
|c|âHallucination|then i pretended I was u XD
|c| johnnyk121|e.e
|c|âHallucination|was dying laughing
|c|âNahim|I made an alt
|c|âNahim|named sarcasjak
|c|âHallucination|everyone thought I was nahim pretending to be johnny
|c|âNahim|and cursed out mikey
|c| johnnyk121|lird
|c| johnnyk121|lies
|c|âHallucination|true story
|c|âNahim|it was funny
|
|switch|p2a: Chansey|Chansey, F|641\/641
|-damage|p2a: Chansey|561\/641|[from] Stealth Rock
|move|p1a: Landorus-Therian|Rock Slide|p2a: Chansey
|-damage|p2a: Chansey|505\/641
|
|-heal|p1a: Landorus-Therian|344\/367 brn|[from] item: Leftovers
|-damage|p1a: Landorus-Therian|299\/367 brn|[from] brn
|turn|3
|c|âHallucination|ur that guy
|c| johnnyk121|u cant vote and be a nominatee ofr annual awards?
|c|âHallucination|yeah
|c| johnnyk121|for*
|c| johnnyk121|lol
|
|move|p1a: Landorus-Therian|U-turn|p2a: Chansey
|-crit|p2a: Chansey
|-damage|p2a: Chansey|431\/641
|c|âNahim|crit bitch
|c|âNahim|get at me
|c|âHallucination|i got at ur mom
|c| johnnyk121|i thought it was just vote
|
|switch|p1a: Metagross|Metagross|301\/301
|move|p2a: Chansey|Stealth Rock|p1a: Metagross
|-sidestart|p1: Nahim|move: Stealth Rock
|
|turn|4
|
|switch|p2a: Rotom-Wash|Rotom-Wash|304\/304
|-damage|p2a: Rotom-Wash|266\/304|[from] Stealth Rock
|detailschange|p1a: Metagross|Metagross-Mega
|-mega|p1a: Metagross|Metagross|Metagrossite
|move|p1a: Metagross|Meteor Mash|p2a: Rotom-Wash
|-resisted|p2a: Rotom-Wash
|-damage|p2a: Rotom-Wash|224\/304
|
|-heal|p2a: Rotom-Wash|243\/304|[from] item: Leftovers
|turn|5
|
|switch|p1a: Rotom-Wash|Rotom-Wash|304\/304
|-damage|p1a: Rotom-Wash|266\/304|[from] Stealth Rock
|move|p2a: Rotom-Wash|Will-O-Wisp|p1a: Rotom-Wash
|-status|p1a: Rotom-Wash|brn
|
|-heal|p2a: Rotom-Wash|262\/304|[from] item: Leftovers
|-heal|p1a: Rotom-Wash|285\/304 brn|[from] item: Leftovers
|-damage|p1a: Rotom-Wash|247\/304 brn|[from] brn
|turn|6
|
|switch|p2a: Chansey|Chansey, F|431\/641
|-damage|p2a: Chansey|351\/641|[from] Stealth Rock
|move|p1a: Rotom-Wash|Will-O-Wisp|p2a: Chansey
|-status|p2a: Chansey|brn
|
|-heal|p1a: Rotom-Wash|266\/304 brn|[from] item: Leftovers
|-damage|p1a: Rotom-Wash|228\/304 brn|[from] brn
|-damage|p2a: Chansey|271\/641 brn|[from] brn
|turn|7
|c|âHallucination|ur trippin
|c|âNahim|lol
|
|move|p1a: Rotom-Wash|Volt Switch|p2a: Chansey
|-damage|p2a: Chansey|228\/641 brn
|c|âHallucination|BIG DAMAGE
|
|switch|p1a: Keldeo|Keldeo|323\/323
|-damage|p1a: Keldeo|303\/323|[from] Stealth Rock
|move|p2a: Chansey|Soft-Boiled|p2a: Chansey
|-heal|p2a: Chansey|549\/641 brn
|
|-heal|p1a: Keldeo|323\/323|[from] item: Leftovers
|-damage|p2a: Chansey|469\/641 brn|[from] brn
|turn|8
|c|âHallucination|LOLLLLLL
|
|switch|p2a: Latias|Latias, F|301\/301
|-damage|p2a: Latias|264\/301|[from] Stealth Rock
|move|p1a: Keldeo|Substitute|p1a: Keldeo
|-start|p1a: Keldeo|Substitute
|-damage|p1a: Keldeo|243\/323
|
|-heal|p2a: Latias|282\/301|[from] item: Leftovers
|-heal|p1a: Keldeo|263\/323|[from] item: Leftovers
|turn|9
|c|âHallucination|das cute
|
|move|p2a: Latias|Psyshock|p1a: Keldeo
|-supereffective|p1a: Keldeo
|-end|p1a: Keldeo|Substitute
|move|p1a: Keldeo|Scald|p2a: Latias
|-resisted|p2a: Latias
|-damage|p2a: Latias|225\/301
|
|-heal|p2a: Latias|243\/301|[from] item: Leftovers
|-heal|p1a: Keldeo|283\/323|[from] item: Leftovers
|turn|10
|c|âNahim|awwn
|c|âNahim|im not switching
|
|switch|p1a: Clefable|Clefable, F|394\/394
|move|p2a: Latias|Defog|p1a: Clefable
|-unboost|p1a: Clefable|evasion|1
|-sideend|p1: Nahim|Stealth Rock|[from] move: Defog|[of] p1a: Clefable
|-sideend|p2: Hallucination|Stealth Rock|[from] move: Defog|[of] p2a: Latias
|
|-heal|p2a: Latias|261\/301|[from] item: Leftovers
|turn|11
|c|âHallucination|ur mom
|
|switch|p2a: Magnezone|Magnezone|281\/281
|move|p1a: Clefable|Thunder Wave|p2a: Magnezone
|-fail|p2a: Magnezone
|
|turn|12
|c| johnnyk121|which mom
|c| johnnyk121|nahim has 2 e.e
|c|âNahim|that means johnny has 2 grand mas
|c|âNahim|3*
|c| johnnyk121|lies
|c|âNahim|WHOS UR DADDY
|c|âHallucination|mark quintus
|c| johnnyk121|lol
|
|switch|p1a: Landorus-Therian|Landorus-Therian, M|299\/367 brn
|-ability|p1a: Landorus-Therian|Intimidate|[of] p2a: Magnezone
|-unboost|p2a: Magnezone|atk|1
|move|p2a: Magnezone|Flash Cannon|p1a: Landorus-Therian
|-damage|p1a: Landorus-Therian|62\/367 brn
|
|-heal|p1a: Landorus-Therian|84\/367 brn|[from] item: Leftovers
|-damage|p1a: Landorus-Therian|39\/367 brn|[from] brn
|turn|13
|c| johnnyk121|plz
|c|âHallucination|stupid
|
|move|p1a: Landorus-Therian|Stealth Rock|p2a: Magnezone
|-sidestart|p2: Hallucination|move: Stealth Rock
|move|p2a: Magnezone|Flash Cannon|p1a: Landorus-Therian
|-damage|p1a: Landorus-Therian|0 fnt
|faint|p1a: Landorus-Therian
|
|c| johnnyk121|michael theodore billy
|c|âHallucination|is ur dads name mark
|
|switch|p1a: Metagross|Metagross-Mega|301\/301
|turn|14
|c| johnnyk121|no
|
|switch|p2a: Rotom-Wash|Rotom-Wash|262\/304
|-damage|p2a: Rotom-Wash|224\/304|[from] Stealth Rock
|move|p1a: Metagross|Hammer Arm|p2a: Rotom-Wash
|-damage|p2a: Rotom-Wash|98\/304
|-unboost|p1a: Metagross|spe|1
|
|-heal|p2a: Rotom-Wash|117\/304|[from] item: Leftovers
|turn|15
|c|âHallucination|fuck i still dont outspeed
|
|switch|p1a: Rotom-Wash|Rotom-Wash|228\/304 brn
|move|p2a: Rotom-Wash|Will-O-Wisp|p1a: Rotom-Wash
|-fail|p1a: Rotom-Wash|brn
|
|-heal|p1a: Rotom-Wash|247\/304 brn|[from] item: Leftovers
|-heal|p2a: Rotom-Wash|136\/304|[from] item: Leftovers
|-damage|p1a: Rotom-Wash|209\/304 brn|[from] brn
|turn|16
|c|âNahim|why would u will o wisp
|c|âNahim|im already burned
|c|âNahim|dumb dumb
|c|âHallucination|incase u missed
|c|âHallucination|a jammer jarm
|
|move|p2a: Rotom-Wash|Volt Switch|p1a: Rotom-Wash
|-damage|p1a: Rotom-Wash|134\/304 brn
|c|âNahim|hey
|c|âNahim|hey
|c|âNahim|hey
|c|âNahim|wuts the difference
|c|âNahim|between jelly and jam
|
|switch|p2a: Latias|Latias, F|261\/301
|-damage|p2a: Latias|224\/301|[from] Stealth Rock
|move|p1a: Rotom-Wash|Will-O-Wisp|p2a: Latias
|-status|p2a: Latias|brn
|
|-heal|p2a: Latias|242\/301 brn|[from] item: Leftovers
|-heal|p1a: Rotom-Wash|153\/304 brn|[from] item: Leftovers
|-damage|p2a: Latias|205\/301 brn|[from] brn
|-damage|p1a: Rotom-Wash|115\/304 brn|[from] brn
|turn|17
|c|âHallucination|ur mom
|c|âNahim|no
|c|âHallucination|:(
|c|âNahim|I cant jelly my dick up ur ass
|
|move|p2a: Latias|Defog|p1a: Rotom-Wash
|-unboost|p1a: Rotom-Wash|evasion|1
|-sideend|p2: Hallucination|Stealth Rock|[from] move: Defog|[of] p2a: Latias
|move|p1a: Rotom-Wash|Pain Split|p2a: Latias
|-sethp|p2a: Latias|160\/301 brn|p1a: Rotom-Wash|160\/304 brn|[from] move: Pain Split
|
|-heal|p2a: Latias|178\/301 brn|[from] item: Leftovers
|-heal|p1a: Rotom-Wash|179\/304 brn|[from] item: Leftovers
|-damage|p2a: Latias|141\/301 brn|[from] brn
|-damage|p1a: Rotom-Wash|141\/304 brn|[from] brn
|turn|18
|c|âHallucination|dat was cute
|c|âNahim|not as cute as ur ass
|
|move|p2a: Latias|Roost|p2a: Latias
|-heal|p2a: Latias|292\/301 brn
|move|p1a: Rotom-Wash|Volt Switch|p2a: Latias
|-resisted|p2a: Latias
|-damage|p2a: Latias|261\/301 brn
|c|âHallucination|true
|
|switch|p1a: Clefable|Clefable, F|394\/394
|
|-heal|p2a: Latias|279\/301 brn|[from] item: Leftovers
|-damage|p2a: Latias|242\/301 brn|[from] brn
|turn|19
|
|switch|p2a: Chansey|Chansey, F|469\/641
|move|p1a: Clefable|Moonblast|p2a: Chansey
|-damage|p2a: Chansey|414\/641
|
|turn|20
|
|switch|p1a: Rotom-Wash|Rotom-Wash|141\/304 brn
|move|p2a: Chansey|Stealth Rock|p1a: Rotom-Wash
|-sidestart|p1: Nahim|move: Stealth Rock
|
|-heal|p1a: Rotom-Wash|160\/304 brn|[from] item: Leftovers
|-damage|p1a: Rotom-Wash|122\/304 brn|[from] brn
|turn|21
|
|move|p1a: Rotom-Wash|Pain Split|p2a: Chansey
|-sethp|p2a: Chansey|268\/641|p1a: Rotom-Wash|268\/304 brn|[from] move: Pain Split
|move|p2a: Chansey|Soft-Boiled|p2a: Chansey
|-heal|p2a: Chansey|589\/641
|
|-heal|p1a: Rotom-Wash|287\/304 brn|[from] item: Leftovers
|-damage|p1a: Rotom-Wash|249\/304 brn|[from] brn
|turn|22
|c|âHallucination|PRO SWITCHED
|
|move|p1a: Rotom-Wash|Will-O-Wisp|p2a: Chansey
|-status|p2a: Chansey|brn
|move|p2a: Chansey|Seismic Toss|p1a: Rotom-Wash
|-damage|p1a: Rotom-Wash|149\/304 brn
|
|-heal|p1a: Rotom-Wash|168\/304 brn|[from] item: Leftovers
|-damage|p1a: Rotom-Wash|130\/304 brn|[from] brn
|-damage|p2a: Chansey|509\/641 brn|[from] brn
|turn|23
|
|switch|p2a: Rotom-Wash|Rotom-Wash|136\/304
|move|p1a: Rotom-Wash|Pain Split|p2a: Rotom-Wash
|-sethp|p2a: Rotom-Wash|133\/304|p1a: Rotom-Wash|133\/304 brn|[from] move: Pain Split
|
|-heal|p2a: Rotom-Wash|152\/304|[from] item: Leftovers
|-heal|p1a: Rotom-Wash|152\/304 brn|[from] item: Leftovers
|-damage|p1a: Rotom-Wash|114\/304 brn|[from] brn
|turn|24
|
|move|p1a: Rotom-Wash|Pain Split|p2a: Rotom-Wash
|-sethp|p2a: Rotom-Wash|133\/304|p1a: Rotom-Wash|133\/304 brn|[from] move: Pain Split
|move|p2a: Rotom-Wash|Hydro Pump|p1a: Rotom-Wash
|-resisted|p1a: Rotom-Wash
|-damage|p1a: Rotom-Wash|67\/304 brn
|
|-heal|p1a: Rotom-Wash|86\/304 brn|[from] item: Leftovers
|-heal|p2a: Rotom-Wash|152\/304|[from] item: Leftovers
|-damage|p1a: Rotom-Wash|48\/304 brn|[from] brn
|turn|25
|c|âHallucination|lol
|
|move|p2a: Rotom-Wash|Volt Switch|p1a: Rotom-Wash
|-damage|p1a: Rotom-Wash|0 fnt
|faint|p1a: Rotom-Wash
|c|âHallucination|ur running 219 speed too
|
|switch|p2a: Talonflame|Talonflame, M|297\/297
|
|c|âNahim|:p
|c| johnnyk121|4-6
|
|switch|p1a: Keldeo|Keldeo|283\/323
|-damage|p1a: Keldeo|263\/323|[from] Stealth Rock
|turn|26
|c|âNahim|ur not helping
|c| johnnyk121|lol
|
|move|p2a: Talonflame|U-turn|p1a: Keldeo
|-resisted|p1a: Keldeo
|-damage|p1a: Keldeo|217\/323
|c|âHallucination|lol
|c| johnnyk121|y u no bb
|c|âHallucination|why the fuck would you switch in a keldeo to a tflame
|c| johnnyk121|e.e
|
|switch|p2a: Latias|Latias, F|242\/301 brn
|move|p1a: Keldeo|Scald|p2a: Latias
|-resisted|p2a: Latias
|-damage|p2a: Latias|190\/301 brn
|
|-heal|p2a: Latias|208\/301 brn|[from] item: Leftovers
|-heal|p1a: Keldeo|237\/323|[from] item: Leftovers
|-damage|p2a: Latias|171\/301 brn|[from] brn
|turn|27
|c| johnnyk121|he must not know about gale wings
|c|âNahim|IM NEW TO THE METAGAME BITCH
|c|âHallucination|ill never understand these pro plays
|
|switch|p1a: Clefable|Clefable, F|394\/394
|move|p2a: Latias|Roost|p2a: Latias
|-heal|p2a: Latias|301\/301 brn
|
|-damage|p2a: Latias|264\/301 brn|[from] brn
|turn|28
|
|switch|p2a: Magnezone|Magnezone|281\/281
|move|p1a: Clefable|Calm Mind|p1a: Clefable
|-boost|p1a: Clefable|spa|1
|-boost|p1a: Clefable|spd|1
|
|turn|29
|c|âHallucination|m9 ur not gud
|
|move|p2a: Magnezone|Flash Cannon|p1a: Clefable
|-supereffective|p1a: Clefable
|-damage|p1a: Clefable|152\/394
|move|p1a: Clefable|Calm Mind|p1a: Clefable
|-boost|p1a: Clefable|spa|1
|-boost|p1a: Clefable|spd|1
|
|-heal|p1a: Clefable|176\/394|[from] item: Leftovers
|turn|30
|c|âHallucination|lols
|
|move|p2a: Magnezone|Flash Cannon|p1a: Clefable
|-supereffective|p1a: Clefable
|-damage|p1a: Clefable|0 fnt
|faint|p1a: Clefable
|
|
|switch|p1a: Metagross|Metagross-Mega|301\/301
|-damage|p1a: Metagross|283\/301|[from] Stealth Rock
|turn|31
|c|âNahim|fuck pkmn
|c|âNahim|this game is dumb
|c|âHallucination|keep trying
|c|âHallucination|your already as good as lord emvee
|
|switch|p2a: Talonflame|Talonflame, M|297\/297
|move|p1a: Metagross|Hammer Arm|p2a: Talonflame
|-resisted|p2a: Talonflame
|-damage|p2a: Talonflame|192\/297
|-unboost|p1a: Metagross|spe|1
|
|turn|32
|
|switch|p1a: Keldeo|Keldeo|237\/323
|-damage|p1a: Keldeo|217\/323|[from] Stealth Rock
|move|p2a: Talonflame|Flare Blitz|p1a: Keldeo
|-resisted|p1a: Keldeo
|-damage|p1a: Keldeo|93\/323
|-damage|p2a: Talonflame|151\/297|[from] recoil|[of] p1a: Keldeo
|
|-heal|p1a: Keldeo|113\/323|[from] item: Leftovers
|turn|33
|c| johnnyk121|lol
|
|switch|p2a: Latias|Latias, F|264\/301 brn
|move|p1a: Keldeo|Scald|p2a: Latias
|-resisted|p2a: Latias
|-damage|p2a: Latias|210\/301 brn
|
|-heal|p2a: Latias|228\/301 brn|[from] item: Leftovers
|-heal|p1a: Keldeo|133\/323|[from] item: Leftovers
|-damage|p2a: Latias|191\/301 brn|[from] brn
|turn|34
|
|move|p2a: Latias|Psyshock|p1a: Keldeo
|-supereffective|p1a: Keldeo
|-damage|p1a: Keldeo|0 fnt
|faint|p1a: Keldeo
|
|-heal|p2a: Latias|209\/301 brn|[from] item: Leftovers
|-damage|p2a: Latias|172\/301 brn|[from] brn
|
|switch|p1a: Tornadus-Therian|Tornadus-Therian, M|299\/299
|-damage|p1a: Tornadus-Therian|225\/299|[from] Stealth Rock
|turn|35
|c|âHallucination|6\/0 or naw
|
|switch|p2a: Magnezone|Magnezone|281\/281
|move|p1a: Tornadus-Therian|Hurricane|p2a: Magnezone|[miss]
|-miss|p1a: Tornadus-Therian|p2a: Magnezone
|
|turn|36
|
|move|p1a: Tornadus-Therian|Superpower|p2a: Magnezone
|-supereffective|p2a: Magnezone
|-damage|p2a: Magnezone|68\/281
|-unboost|p1a: Tornadus-Therian|atk|1
|-unboost|p1a: Tornadus-Therian|def|1
|-damage|p1a: Tornadus-Therian|196\/299|[from] item: Life Orb
|move|p2a: Magnezone|Volt Switch|p1a: Tornadus-Therian
|-supereffective|p1a: Tornadus-Therian
|-damage|p1a: Tornadus-Therian|0 fnt
|faint|p1a: Tornadus-Therian
|
|switch|p2a: Talonflame|Talonflame, M|151\/297
|
|
|switch|p1a: Metagross|Metagross-Mega|283\/301
|-damage|p1a: Metagross|265\/301|[from] Stealth Rock
|turn|37
|
|move|p2a: Talonflame|Will-O-Wisp|p1a: Metagross
|-status|p1a: Metagross|brn
|move|p1a: Metagross|Zen Headbutt|p2a: Talonflame
|-crit|p2a: Talonflame
|-damage|p2a: Talonflame|0 fnt
|faint|p2a: Talonflame
|
|-damage|p1a: Metagross|228\/301 brn|[from] brn
|c|âHallucination|BOO
|c|âNahim|smd bitch
|c|âNahim|hahahahhhahahahaha
|c|âHallucination|MY 6\/0
|
|switch|p2a: Rotom-Wash|Rotom-Wash|152\/304
|turn|38
|
|move|p1a: Metagross|Zen Headbutt|p2a: Rotom-Wash
|-damage|p2a: Rotom-Wash|77\/304
|move|p2a: Rotom-Wash|Pain Split|p1a: Metagross
|-sethp|p1a: Metagross|152\/301 brn|p2a: Rotom-Wash|152\/304|[from] move: Pain Split
|
|-heal|p2a: Rotom-Wash|171\/304|[from] item: Leftovers
|-damage|p1a: Metagross|115\/301 brn|[from] brn
|turn|39
|c|âHallucination|big damage
|c|âHallucination|learn2agility
|
|move|p1a: Metagross|Zen Headbutt|p2a: Rotom-Wash
|-damage|p2a: Rotom-Wash|98\/304
|move|p2a: Rotom-Wash|Volt Switch|p1a: Metagross
|-damage|p1a: Metagross|39\/301 brn
|
|switch|p2a: Diancie|Diancie|241\/241
|
|-damage|p1a: Metagross|2\/301 brn|[from] brn
|turn|40
|c|âNahim|im alredy faster
|
|switch|p2a: Magnezone|Magnezone|68\/281
|move|p1a: Metagross|Bullet Punch|p2a: Magnezone
|-crit|p2a: Magnezone
|-resisted|p2a: Magnezone
|-damage|p2a: Magnezone|52\/281
|
|-damage|p1a: Metagross|0 fnt|[from] brn
|faint|p1a: Metagross
|
|win|Hallucination
|c| johnnyk121|gg
|c|âHallucination|gg
|c|âNahim|gg
|c|âNahim|I suck lol
|c|âHallucination|no doubt
|c|âNahim|but ur nigga ass swollows
|c|âHallucination|damn johnny
|c|âHallucination|r u gonna take this
|c|âNahim|I battle johnny
|c|âNahim|lessssgooooo
|c|âHallucination|or will u skewl him in a battle
|c|âNahim|doubt it
|c|âNahim|isn't johnny pro now
|c| johnnyk121|no
|c| johnnyk121|i suck
|c|âHallucination|worse then pk?
|c|âNahim|I heard he was better then that nub mikey
|c| johnnyk121|idk
|c| johnnyk121|i'm playing assasins creed
|c| johnnyk121|assassins*
|c|âNahim|cmon
|c|âHallucination|i cant use this team for the war now
|c|âHallucination|or pk will cteam it
|c|âNahim|johnny wont tell
|c| johnnyk121|^
|c|âHallucination|i think i have a replay with it against deathstroke
|c|âHallucination|still cant use it
|c|âNahim|johnny lets battle
|c|âNahim|i wanna 6-0 u
|c| johnnyk121|no
|c| johnnyk121|i'm scared
|c|âNahim|chill out
|c|âNahim|im trash
|c|âHallucination|i wanna see this
|c|âNahim|just got 6-0d
|c|âHallucination|tryout for vs
|c|âNahim|oh wait
|c| johnnyk121|playing unity plz
|c|âNahim|5-0d cuz mikeys extra weak
|c|âNahim|johnnys not in vs? :O
|c|âHallucination|soz didnt bring stall
|c| johnnyk121|naw i think u did him a favor
|c|âHallucination|anyways gtg now bai
|c| johnnyk121|100 turns no ty e.e
|c|âNahim|lol
|c|âNahim|mikey
|c|âNahim|make me a team
|c|âHallucination|nah wanna see u struggle more
|c|âNahim|chill out
|c|âNahim|i need to join the top 5
|c|âNahim|and beat johnnys clan to #5
|c| johnnyk121|!
|c|âHallucination|ur blacklisted bro
|c|âHallucination|dont forget the biased shit
|c|âNahim|ik
|c|âNahim|but im being a good boy
|c|âHallucination|pls u need to take terras dick up the ass first
|c|âNahim|yea
|c|âNahim|i still think terras a dude
|c|âNahim|probably bruyen
|c| johnnyk121|me and melo still believe terra could still be bruyen
|c|âHallucination|IM TELLING HER MELO SAID THAT
|c|âNahim|chill out
|c| johnnyk121|didnt c delete u?
|c|âHallucination|im fucking joking
|c| johnnyk121|lol
|c|âNahim|who the hell is melo
|c|âHallucination|chill out with the chill out shit like wtf
|c| johnnyk121|she*
|c|âHallucination|yeah terra deleted me
|c|âNahim|terras a fuck boy
|c|âNahim|like i think she wanted me banned forever
|c|âHallucination|i bet terra only has a 3 inch penis
|c|âNahim|bigger then urs
|c|âHallucination|thats why he acts like a girl
|c|âNahim|ooooooooooooooo
|c|âNahim|jkjk
|c|âNahim|mikey make me a team
|c| johnnyk121|kinda strange that stefi pretty much reveals everything about herself and terra is like unknown
|c|âHallucination|to leave this battle room, you need 13 inches of penis. It doesnt have to be yours, but you need 13 inches of penis. Johnny and I both have 6 inches, you have the last inch. Good thing you have a boner so we can get out
|leave|Hallucination
|player|p2
|c| johnnyk121|lol
|leave|johnnyk121
|c|âNahim|i heard that b4