|inactive|Battle timer is ON: inactive players will automatically lose when time's up.
|J|dodmen
|J|Kushalos
|player|p1|dodmen|171
|player|p2|Kushalos|34
|gametype|singles
|gen|5
|tier|[Gen 5] UU
|rule|Sleep Clause Mod: Limit one foe put to sleep
|rule|Species Clause: Limit one of each PokÃ©mon
|rule|OHKO Clause: OHKO moves are banned
|rule|Moody Clause: Moody is banned
|rule|Evasion Moves Clause: Evasion moves are banned
|rule|Endless Battle Clause: Forcing endless battles is banned
|rule|HP Percentage Mod: HP is shown in percentages
|rule|Evasion Abilities Clause: Evasion abilities are banned
|clearpoke
|poke|p1|Nidoqueen, F
|poke|p1|Shaymin
|poke|p1|Porygon-Z
|poke|p1|Snorlax, F
|poke|p1|Crobat, F
|poke|p1|Darmanitan, F
|poke|p2|Weavile, F
|poke|p2|Nidoqueen, F
|poke|p2|Virizion
|poke|p2|Zapdos
|poke|p2|Slowbro, F
|poke|p2|Druddigon, M
|teampreview
|c|âdodmen|sry i couldn't bring anything better
|J|Croven
|J|Rapture's Finest
|J|ggggd
|J|metmaver
|c|âKushalos|np this is for fun n_n
|J|El-Soldier
|
|start
|switch|p1a: Snorlax|Snorlax, F|461\/461
|switch|p2a: Weavile|Weavile, F|282\/282
|turn|1
|
|move|p1a: Snorlax|Double-Edge|p2a: Weavile
|-enditem|p2a: Weavile|Focus Sash
|-damage|p2a: Weavile|1\/282
|-item|p2a: Weavile|Choice Band|[from] ability: Pickpocket
|-damage|p1a: Snorlax|368\/461|[from] recoil|[of] p2a: Weavile
|move|p2a: Weavile|Counter|p1a: Snorlax
|-damage|p1a: Snorlax|0 fnt
|faint|p1a: Snorlax
|
|
|switch|p1a: Darmanitan|Darmanitan, F|351\/351
|turn|2
|J|Ernes
|
|switch|p2a: Druddigon|Druddigon, M|352\/352
|-ability|p2a: Druddigon|Mold Breaker
|move|p1a: Darmanitan|U-turn|p2a: Druddigon
|-damage|p2a: Druddigon|222\/352
|-damage|p1a: Darmanitan|316\/351|[from] item: Life Orb
|J|iplaytennislol
|
|switch|p1a: Nidoqueen|Nidoqueen, F|374\/374
|
|turn|3
|
|move|p1a: Nidoqueen|Stealth Rock|p2a: Druddigon
|-sidestart|p2: Kushalos|move: Stealth Rock
|move|p2a: Druddigon|Outrage|p1a: Nidoqueen
|-damage|p1a: Nidoqueen|28\/374
|
|turn|4
|
|move|p1a: Nidoqueen|Ice Beam|p2a: Druddigon
|-supereffective|p2a: Druddigon
|-damage|p2a: Druddigon|0 fnt
|faint|p2a: Druddigon
|
|
|switch|p2a: Nidoqueen|Nidoqueen, F|331\/331
|-damage|p2a: Nidoqueen|311\/331|[from] Stealth Rock
|turn|5
|
|move|p2a: Nidoqueen|Ice Beam|p1a: Nidoqueen
|-supereffective|p1a: Nidoqueen
|-damage|p1a: Nidoqueen|0 fnt
|faint|p1a: Nidoqueen
|
|
|switch|p1a: Shaymin|Shaymin|341\/341
|turn|6
|
|move|p1a: Shaymin|Seed Flare|p2a: Nidoqueen
|-damage|p2a: Nidoqueen|26\/331
|-damage|p1a: Shaymin|307\/341|[from] item: Life Orb
|move|p2a: Nidoqueen|Fire Blast|p1a: Shaymin
|-supereffective|p1a: Shaymin
|-damage|p1a: Shaymin|0 fnt
|faint|p1a: Shaymin
|
|
|switch|p1a: Crobat|Crobat, F|374\/374
|turn|7
|J|Noriya
|
|move|p1a: Crobat|Brave Bird|p2a: Nidoqueen
|-damage|p2a: Nidoqueen|0 fnt
|-damage|p1a: Crobat|365\/374|[from] recoil|[of] p2a: Nidoqueen
|faint|p2a: Nidoqueen
|
|-heal|p1a: Crobat|374\/374|[from] item: Black Sludge
|
|switch|p2a: Slowbro|Slowbro, F|389\/389
|-damage|p2a: Slowbro|341\/389|[from] Stealth Rock
|turn|8
|
|move|p1a: Crobat|U-turn|p2a: Slowbro
|-supereffective|p2a: Slowbro
|-damage|p2a: Slowbro|241\/389
|
|switch|p1a: Porygon-Z|Porygon-Z|311\/311
|move|p2a: Slowbro|Psyshock|p1a: Porygon-Z
|-damage|p1a: Porygon-Z|37\/311
|
|turn|9
|
|switch|p2a: Weavile|Weavile, F|1\/282
|-damage|p2a: Weavile|0 fnt|[from] Stealth Rock
|faint|p2a: Weavile
|move|p1a: Porygon-Z|Agility|p1a: Porygon-Z
|-boost|p1a: Porygon-Z|spe|2
|
|
|switch|p2a: Virizion|Virizion|323\/323
|-damage|p2a: Virizion|303\/323|[from] Stealth Rock
|turn|10
|L|Ernes
|
|move|p1a: Porygon-Z|Tri Attack|p2a: Virizion
|-damage|p2a: Virizion|66\/323
|-damage|p1a: Porygon-Z|6\/311|[from] item: Life Orb
|move|p2a: Virizion|Leaf Blade|p1a: Porygon-Z
|-damage|p1a: Porygon-Z|0 fnt
|-damage|p2a: Virizion|34\/323|[from] item: Life Orb
|faint|p1a: Porygon-Z
|
|L|Croven
|
|switch|p1a: Crobat|Crobat, F|374\/374
|turn|11
|
|move|p1a: Crobat|U-turn|p2a: Virizion
|-damage|p2a: Virizion|0 fnt
|faint|p2a: Virizion
|
|switch|p1a: Darmanitan|Darmanitan, F|316\/351
|
|
|switch|p2a: Slowbro|Slowbro, F|370\/389
|-damage|p2a: Slowbro|322\/389|[from] Stealth Rock
|turn|12
|
|move|p1a: Darmanitan|U-turn|p2a: Slowbro
|-supereffective|p2a: Slowbro
|-damage|p2a: Slowbro|114\/389
|-damage|p1a: Darmanitan|281\/351|[from] item: Life Orb
|c|âdodmen|oh i'm lo
|J|sugarhigh
|
|switch|p1a: Crobat|Crobat, F|374\/374
|move|p2a: Slowbro|Psyshock|p1a: Crobat
|-supereffective|p1a: Crobat
|-damage|p1a: Crobat|0 fnt
|faint|p1a: Crobat
|
|
|switch|p1a: Darmanitan|Darmanitan, F|281\/351
|turn|13
|J|Typhlito
|J|thisbemyfault
|c|âKushalos|i messed up me thinks
|
|switch|p2a: Zapdos|Zapdos|365\/365
|-damage|p2a: Zapdos|274\/365|[from] Stealth Rock
|-ability|p2a: Zapdos|Pressure
|move|p1a: Darmanitan|U-turn|p2a: Zapdos
|-resisted|p2a: Zapdos
|-damage|p2a: Zapdos|206\/365
|-damage|p1a: Darmanitan|246\/351|[from] item: Life Orb
|
|turn|14
|J|Catson
|c|+iplaytennislol|is this game for fun?
|c| thisbemyfault|are u for fun
|J|purrl
|c|âKushalos|y
|c|+iplaytennislol|kk
|c|âKushalos|but
|c|âKushalos|i lose
|
|move|p1a: Darmanitan|Flare Blitz|p2a: Zapdos
|-damage|p2a: Zapdos|0 fnt
|-damage|p1a: Darmanitan|178\/351|[from] recoil|[of] p2a: Zapdos
|faint|p2a: Zapdos
|
|
|switch|p2a: Slowbro|Slowbro, F|243\/389
|-damage|p2a: Slowbro|195\/389|[from] Stealth Rock
|turn|15
|L|Rapture's Finest
|c|âKushalos|gg
|
|move|p1a: Darmanitan|U-turn|p2a: Slowbro
|-supereffective|p2a: Slowbro
|-damage|p2a: Slowbro|0 fnt
|-damage|p1a: Darmanitan|143\/351|[from] item: Life Orb
|faint|p2a: Slowbro
|
|win|dodmen
|c|âdodmen|gg
|L|thisbemyfault