|join|dodmen
|join|DatLatias
|player|p1|dodmen|171
|player|p2|DatLatias|146
|gametype|singles
|gen|6
|tier|UU
|rule|Sleep Clause Mod: Limit one foe put to sleep
|rule|Species Clause: Limit one of each PokÃ©mon
|rule|OHKO Clause: OHKO moves are banned
|rule|Moody Clause: Moody is banned
|rule|Evasion Moves Clause: Evasion moves are banned
|rule|Endless Battle Clause: Forcing endless battles is banned
|rule|HP Percentage Mod: HP is shown in percentages
|clearpoke
|poke|p1|Infernape, M
|poke|p1|Azelf
|poke|p1|Suicune
|poke|p1|Raikou
|poke|p1|Gallade, M
|poke|p1|Krookodile, F
|poke|p2|Suicune
|poke|p2|Whimsicott, M
|poke|p2|Tornadus, M
|poke|p2|Beedrill, F
|poke|p2|Machamp, M
|poke|p2|Meloetta
|rule|Swagger Clause: Swagger is banned
|rule|Baton Pass Clause: Limit one PokÃ©mon knowing Baton Pass
|teampreview
|c|âdodmen|hi
|c|âDatLatias|hi
|c|âdodmen|oh
|c|âdodmen|christ
|c|âdodmen|lol
|c|âDatLatias|no tiers
|c|âDatLatias|only
|c|âDatLatias|drems
|
|start
|switch|p1a: Azelf|Azelf|291\/291
|switch|p2a: Tornadus|Tornadus, M|299\/299
|turn|1
|
|move|p2a: Tornadus|Taunt|p1a: Azelf
|-start|p1a: Azelf|move: Taunt
|move|p1a: Azelf|Psyshock|p2a: Tornadus
|-crit|p2a: Tornadus
|-damage|p2a: Tornadus|8\/299
|
|turn|2
|c|âDatLatias|literally
|c|âDatLatias|hacking
|c|âdodmen|lol
|c|âdodmen|implying
|c|âdodmen|wasn't a 2hko anyway
|c|âDatLatias|no
|c|âDatLatias|shhh
|c|âDatLatias|i was gonna
|c|âDatLatias|save it
|c|âDatLatias|imo
|
|switch|p1a: Gallade|Gallade, M|277\/277
|move|p2a: Tornadus|Tailwind|p2a: Tornadus
|-sidestart|p2: DatLatias|move: Tailwind
|
|turn|3
|join|Do for drugs
|
|switch|p2a: Meloetta|Meloetta|341\/341
|detailschange|p1a: Gallade|Gallade-Mega, M
|message|Gallade has Mega Evolved into Mega Gallade!
|move|p1a: Gallade|Close Combat|p2a: Meloetta
|-damage|p2a: Meloetta|17\/341
|-unboost|p1a: Gallade|def|1
|-unboost|p1a: Gallade|spd|1
|
|turn|4
|c| Do for drugs|leotias
|c| Do for drugs|vs dodgrill
|c|âDatLatias|thats
|c|âDatLatias|awk
|c|âdodmen|shit
|c|âdodmen|it's
|c|âdodmen|all
|c|âdodmen|over
|c| Do for drugs|ogre
|leave|Do for drugs
|
|switch|p1a: Krookodile|Krookodile, F|331\/331
|-ability|p1a: Krookodile|Intimidate|[of] p2a: Meloetta
|-unboost|p2a: Meloetta|atk|1
|move|p2a: Meloetta|Hyper Voice|p1a: Krookodile
|-damage|p1a: Krookodile|49\/331
|-damage|p2a: Meloetta|0 fnt|[from] item: Life Orb
|faint|p2a: Meloetta
|
|
|switch|p2a: Tornadus|Tornadus, M|8\/299
|turn|5
|c|âDatLatias|hit
|c|âDatLatias|hit
|c|âDatLatias|hit
|c|âDatLatias|hi
|c|âDatLatias|thi
|c|âDatLatias|thi
|c|âDatLatias|thi
|c|âDatLatias|t
|c|âdodmen|lolll
|c|âDatLatias|ihtihti
|c|âDatLatias|ht
|c|âDatLatias|iht
|c|âDatLatias|hih
|c|âDatLatias|hithi
|c|âDatLatias|htihtihtihthti
|c|âDatLatias|hit
|c|âDatLatias|hit
|c|âDatLatias|hit
|c|âDatLatias|hit
|c|âDatLatias|h
|c|âDatLatias|t
|c|âDatLatias|h
|c|âDatLatias|i
|c|âDatLatias|t
|c|âDatLatias|hit
|
|move|p2a: Tornadus|Hurricane|p1a: Krookodile
|-crit|p1a: Krookodile
|-damage|p1a: Krookodile|0 fnt
|-damage|p2a: Tornadus|0 fnt|[from] item: Life Orb
|faint|p1a: Krookodile
|faint|p2a: Tornadus
|
|-sideend|p2: DatLatias|move: Tailwind
|c|âdodmen|is that your only attacking move wtf
|c|âDatLatias|n
|c|âDatLatias|my other is
|c|âdodmen|knock?
|c|âDatLatias|Focus
|c|âDatLatias|blast
|c|âdodmen|oh
|c|âdodmen|lol
|c|âDatLatias|:^)
|
|switch|p2a: Whimsicott|Whimsicott, M|261\/261
|switch|p1a: Azelf|Azelf|291\/291
|turn|6
|
|move|p2a: Whimsicott|Tailwind|p2a: Whimsicott
|-sidestart|p2: DatLatias|move: Tailwind
|move|p1a: Azelf|Fire Blast|p2a: Whimsicott
|-supereffective|p2a: Whimsicott
|-damage|p2a: Whimsicott|0 fnt
|faint|p2a: Whimsicott
|
|
|switch|p2a: Beedrill|Beedrill, F|271\/271
|turn|7
|
|detailschange|p2a: Beedrill|Beedrill-Mega, F
|message|Beedrill has Mega Evolved into Mega Beedrill!
|move|p2a: Beedrill|U-turn|p1a: Azelf
|-supereffective|p1a: Azelf
|-enditem|p1a: Azelf|Focus Sash
|-damage|p1a: Azelf|1\/291
|
|switch|p2a: Suicune|Suicune|404\/404
|-ability|p2a: Suicune|Pressure
|move|p1a: Azelf|Stealth Rock|p2a: Suicune
|-sidestart|p2: DatLatias|move: Stealth Rock
|
|turn|8
|
|move|p2a: Suicune|Scald|p1a: Azelf
|-damage|p1a: Azelf|0 fnt
|faint|p1a: Azelf
|
|
|switch|p1a: Raikou|Raikou|321\/321
|-ability|p1a: Raikou|Pressure
|turn|9
|
|move|p2a: Suicune|Calm Mind|p2a: Suicune
|-boost|p2a: Suicune|spa|1
|-boost|p2a: Suicune|spd|1
|move|p1a: Raikou|Calm Mind|p1a: Raikou
|-boost|p1a: Raikou|spa|1
|-boost|p1a: Raikou|spd|1
|
|-sideend|p2: DatLatias|move: Tailwind
|turn|10
|
|move|p1a: Raikou|Thunderbolt|p2a: Suicune
|-supereffective|p2a: Suicune
|-damage|p2a: Suicune|120\/404
|move|p2a: Suicune|Tailwind|p2a: Suicune
|-sidestart|p2: DatLatias|move: Tailwind
|
|-heal|p2a: Suicune|145\/404|[from] item: Leftovers
|turn|11
|
|move|p2a: Suicune|Scald|p1a: Raikou
|-damage|p1a: Raikou|195\/321
|move|p1a: Raikou|Calm Mind|p1a: Raikou
|-boost|p1a: Raikou|spa|1
|-boost|p1a: Raikou|spd|1
|
|-heal|p2a: Suicune|170\/404|[from] item: Leftovers
|-heal|p1a: Raikou|215\/321|[from] item: Leftovers
|turn|12
|c|âdodmen|no crit
|c|âdodmen|n ocrit
|c|âDatLatias|easiest
|
|move|p2a: Suicune|Scald|p1a: Raikou
|-damage|p1a: Raikou|119\/321
|move|p1a: Raikou|Calm Mind|p1a: Raikou
|-boost|p1a: Raikou|spa|1
|-boost|p1a: Raikou|spd|1
|
|-heal|p2a: Suicune|195\/404|[from] item: Leftovers
|-heal|p1a: Raikou|139\/321|[from] item: Leftovers
|turn|13
|c|âDatLatias|critical hit
|c|âDatLatias|of his life
|c|âDatLatias|tbh
|
|move|p2a: Suicune|Scald|p1a: Raikou
|-damage|p1a: Raikou|63\/321
|move|p1a: Raikou|Thunderbolt|p2a: Suicune
|-supereffective|p2a: Suicune
|-damage|p2a: Suicune|0 fnt
|faint|p2a: Suicune
|
|-heal|p1a: Raikou|83\/321|[from] item: Leftovers
|-sideend|p2: DatLatias|move: Tailwind
|c|âDatLatias|shit
|c|âDatLatias|rip
|c|âdodmen|ez pz
|
|switch|p2a: Beedrill|Beedrill-Mega, F|271\/271
|-damage|p2a: Beedrill|204\/271|[from] Stealth Rock
|turn|14
|
|move|p2a: Beedrill|Poison Jab|p1a: Raikou
|-damage|p1a: Raikou|0 fnt
|faint|p1a: Raikou
|
|
|switch|p1a: Suicune|Suicune|399\/399
|-ability|p1a: Suicune|Pressure
|turn|15
|
|move|p2a: Beedrill|U-turn|p1a: Suicune
|-damage|p1a: Suicune|247\/399
|
|switch|p2a: Machamp|Machamp, M|321\/321
|-damage|p2a: Machamp|301\/321|[from] Stealth Rock
|move|p1a: Suicune|Tailwind|p1a: Suicune
|-sidestart|p1: dodmen|move: Tailwind
|
|-heal|p1a: Suicune|271\/399|[from] item: Leftovers
|turn|16
|
|switch|p1a: Infernape|Infernape, M|293\/293
|move|p2a: Machamp|Poison Jab|p1a: Infernape
|-damage|p1a: Infernape|121\/293
|-status|p1a: Infernape|psn
|-damage|p2a: Machamp|269\/321|[from] item: Life Orb
|
|-damage|p1a: Infernape|85\/293 psn|[from] psn
|turn|17
|c|âDatLatias|predicted
|c|âDatLatias|imo
|c|âdodmen|nice try m8
|
|move|p1a: Infernape|Flare Blitz|p2a: Machamp
|-damage|p2a: Machamp|0 fnt
|-damage|p1a: Infernape|0 fnt|[from] recoil|[of] p2a: Machamp
|faint|p2a: Machamp
|faint|p1a: Infernape
|
|c|âdodmen|i don't let my turns get stalled out :^)
|
|switch|p2a: Beedrill|Beedrill-Mega, F|204\/271
|switch|p1a: Gallade|Gallade-Mega, M|277\/277
|-damage|p2a: Beedrill|137\/271|[from] Stealth Rock
|turn|18
|
|move|p1a: Gallade|Zen Headbutt|p2a: Beedrill
|-supereffective|p2a: Beedrill
|-damage|p2a: Beedrill|0 fnt
|faint|p2a: Beedrill
|
|win|dodmen
|c|âDatLatias|i had
|c|âDatLatias|protect
|c|âDatLatias|fg
|c|âdodmen|i know
|c|âdodmen|fg
|leave|DatLatias
|player|p2