|join|dodmen
|join|namehtmas
|player|p1|dodmen|171
|player|p2|namehtmas|290
|gametype|singles
|gen|6
|tier|UU
|rule|Sleep Clause Mod: Limit one foe put to sleep
|rule|Species Clause: Limit one of each PokÃ©mon
|rule|OHKO Clause: OHKO moves are banned
|rule|Moody Clause: Moody is banned
|rule|Evasion Moves Clause: Evasion moves are banned
|rule|Endless Battle Clause: Forcing endless battles is banned
|rule|HP Percentage Mod: HP is shown in percentages
|clearpoke
|poke|p1|Slowking, F
|poke|p1|Diancie
|poke|p1|Cofagrigus, M
|poke|p1|Rhyperior, F
|poke|p1|Escavalier, M
|poke|p1|Omastar, F
|poke|p2|Entei, shiny
|poke|p2|Hydreigon, M
|poke|p2|Zygarde
|poke|p2|Virizion
|poke|p2|Empoleon, M
|poke|p2|Crobat, M
|rule|Swagger Clause: Swagger is banned
|rule|Baton Pass Clause: Limit one PokÃ©mon knowing Baton Pass
|teampreview
|c|âdodmen|awkward
|c|ânamehtmas|surprise mothafucka
|c|ânamehtmas|i'm getting my burn
|c|âdodmen|no worries i have 4 resists
|
|start
|switch|p1a: 'SMASHING'|Omastar, F|281\/281
|switch|p2a: Entei|Entei, shiny|372\/372
|-ability|p2a: Entei|Pressure
|turn|1
|
|move|p2a: Entei|Sacred Fire|p1a: 'SMASHING'
|-resisted|p1a: 'SMASHING'
|-damage|p1a: 'SMASHING'|224\/281
|-boost|p1a: 'SMASHING'|spe|1|[from] ability: Weak Armor
|-unboost|p1a: 'SMASHING'|def|1|[from] ability: Weak Armor
|-status|p1a: 'SMASHING'|brn
|move|p1a: 'SMASHING'|Scald|p2a: Entei
|-crit|p2a: Entei
|-supereffective|p2a: Entei
|-damage|p2a: Entei|0 fnt
|faint|p2a: Entei
|
|-damage|p1a: 'SMASHING'|189\/281 brn|[from] brn
|c|ânamehtmas|there we go
|
|switch|p2a: Virizion|Virizion|324\/324
|turn|2
|
|switch|p1a: 'RESIST'|Escavalier, M|344\/344
|move|p2a: Virizion|Swords Dance|p2a: Virizion
|-boost|p2a: Virizion|atk|2
|
|turn|3
|c|ânamehtmas|hmmm
|c|ânamehtmas|how much will this do
|join|Ajna
|c|âdodmen|prolly kill
|
|move|p2a: Virizion|Close Combat|p1a: 'RESIST'
|-damage|p1a: 'RESIST'|14\/344
|-unboost|p2a: Virizion|def|1
|-unboost|p2a: Virizion|spd|1
|move|p1a: 'RESIST'|Megahorn|p2a: Virizion
|-damage|p2a: Virizion|0 fnt
|faint|p2a: Virizion
|
|c|âdodmen|idk
|c|âdodmen|o
|c|ânamehtmas|ooo
|c|ânamehtmas|close
|c|âdodmen|welp
|
|switch|p2a: Crobat|Crobat, M|373\/373
|turn|4
|
|move|p2a: Crobat|U-turn|p1a: 'RESIST'
|-resisted|p1a: 'RESIST'
|-damage|p1a: 'RESIST'|0 fnt
|faint|p1a: 'RESIST'
|
|switch|p2a: Empoleon|Empoleon, M|358\/358
|
|
|switch|p1a: 'SPOOKY'|Cofagrigus, M|320\/320
|turn|5
|
|move|p2a: Empoleon|Hydro Pump|p1a: 'SPOOKY'
|-damage|p1a: 'SPOOKY'|124\/320
|move|p1a: 'SPOOKY'|Trick Room|p1a: 'SPOOKY'
|-fieldstart|move: Trick Room|[of] p1a: 'SPOOKY'
|
|-heal|p1a: 'SPOOKY'|144\/320|[from] item: Leftovers
|turn|6
|
|switch|p1a: 'SMASHING'|Omastar, F|189\/281 brn
|move|p2a: Empoleon|Hydro Pump|p1a: 'SMASHING'
|-damage|p1a: 'SMASHING'|0 fnt
|faint|p1a: 'SMASHING'
|
|
|switch|p1a: 'COUNTER'|Rhyperior, F|434\/434
|turn|7
|
|move|p1a: 'COUNTER'|Earthquake|p2a: Empoleon
|-supereffective|p2a: Empoleon
|-damage|p2a: Empoleon|0 fnt
|-damage|p1a: 'COUNTER'|391\/434|[from] item: Life Orb
|faint|p2a: Empoleon
|
|
|switch|p2a: Hydreigon|Hydreigon, M|325\/325
|turn|8
|join|fuccboi 88
|
|switch|p1a: 'SPOOKY'|Cofagrigus, M|144\/320
|move|p2a: Hydreigon|U-turn|p1a: 'SPOOKY'
|-resisted|p1a: 'SPOOKY'
|-damage|p1a: 'SPOOKY'|123\/320
|-endability|p2a: Hydreigon|levitate|[from] Mummy
|-ability|p2a: Hydreigon|Mummy|[from] Mummy
|c|âdodmen|awk
|c|âdodmen|ward
|leave|fuccboi 88
|
|switch|p2a: Crobat|Crobat, M|373\/373
|
|-heal|p1a: 'SPOOKY'|143\/320|[from] item: Leftovers
|turn|9
|
|move|p1a: 'SPOOKY'|Shadow Ball|p2a: Crobat
|-damage|p2a: Crobat|219\/373
|move|p2a: Crobat|Taunt|p1a: 'SPOOKY'
|-start|p1a: 'SPOOKY'|move: Taunt
|
|-heal|p1a: 'SPOOKY'|163\/320|[from] item: Leftovers
|-heal|p2a: Crobat|242\/373|[from] item: Black Sludge
|-fieldend|move: Trick Room
|turn|10
|
|move|p2a: Crobat|U-turn|p1a: 'SPOOKY'
|-resisted|p1a: 'SPOOKY'
|-damage|p1a: 'SPOOKY'|144\/320
|-endability|p2a: Crobat|innerfocus|[from] Mummy
|-ability|p2a: Crobat|Mummy|[from] Mummy
|
|switch|p2a: Zygarde|Zygarde|358\/358
|-ability|p2a: Zygarde|Aura Break
|move|p1a: 'SPOOKY'|Hidden Power|p2a: Zygarde
|-damage|p2a: Zygarde|296\/358
|
|-heal|p1a: 'SPOOKY'|164\/320|[from] item: Leftovers
|turn|11
|c|âdodmen|that's not fun
|
|switch|p1a: 'KNOCK OFF'|Slowking, F|394\/394
|move|p2a: Zygarde|Dragon Dance|p2a: Zygarde
|-boost|p2a: Zygarde|atk|1
|-boost|p2a: Zygarde|spe|1
|
|turn|12
|
|move|p2a: Zygarde|Earthquake|p1a: 'KNOCK OFF'
|-damage|p1a: 'KNOCK OFF'|93\/394
|move|p1a: 'KNOCK OFF'|Trick Room|p1a: 'KNOCK OFF'
|-fieldstart|move: Trick Room|[of] p1a: 'KNOCK OFF'
|
|turn|13
|
|move|p2a: Zygarde|Extreme Speed|p1a: 'KNOCK OFF'
|-damage|p1a: 'KNOCK OFF'|0 fnt
|faint|p1a: 'KNOCK OFF'
|
|
|switch|p1a: 'COUNTER'|Rhyperior, F|391\/434
|turn|14
|
|move|p1a: 'COUNTER'|Ice Punch|p2a: Zygarde
|-supereffective|p2a: Zygarde
|-damage|p2a: Zygarde|0 fnt
|-damage|p1a: 'COUNTER'|348\/434|[from] item: Life Orb
|faint|p2a: Zygarde
|
|
|switch|p2a: Hydreigon|Hydreigon, M|325\/325
|turn|15
|c|ânamehtmas|bs hax
|
|move|p1a: 'COUNTER'|Ice Punch|p2a: Hydreigon
|-supereffective|p2a: Hydreigon
|-damage|p2a: Hydreigon|0 fnt
|-damage|p1a: 'COUNTER'|305\/434|[from] item: Life Orb
|faint|p2a: Hydreigon
|
|c|âdodmen|wow
|c|âdodmen|hasty
|
|switch|p2a: Crobat|Crobat, M|242\/373
|turn|16
|
|move|p1a: 'COUNTER'|Swords Dance|p1a: 'COUNTER'
|-boost|p1a: 'COUNTER'|atk|2
|move|p2a: Crobat|Roost|p2a: Crobat
|-heal|p2a: Crobat|373\/373
|
|-fieldend|move: Trick Room
|turn|17
|
|move|p2a: Crobat|Brave Bird|p1a: 'COUNTER'
|-resisted|p1a: 'COUNTER'
|-damage|p1a: 'COUNTER'|256\/434
|-damage|p2a: Crobat|357\/373|[from] recoil|[of] p1a: 'COUNTER'
|move|p1a: 'COUNTER'|Stone Edge|p2a: Crobat
|-crit|p2a: Crobat
|-supereffective|p2a: Crobat
|-damage|p2a: Crobat|0 fnt
|-damage|p1a: 'COUNTER'|213\/434|[from] item: Life Orb
|faint|p2a: Crobat
|
|win|dodmen
|c|ânamehtmas|at leats
|c|âdodmen|gg
|c|ânamehtmas|i got my burn
|c|âdodmen|tru
|leave|Ajna
|leave|namehtmas
|player|p2