|join|dodmen
|join|DatLatias
|player|p1|dodmen|171
|player|p2|DatLatias|146
|gametype|singles
|gen|6
|tier|UU
|rule|Sleep Clause Mod: Limit one foe put to sleep
|rule|Species Clause: Limit one of each PokÃ©mon
|rule|OHKO Clause: OHKO moves are banned
|rule|Moody Clause: Moody is banned
|rule|Evasion Moves Clause: Evasion moves are banned
|rule|Endless Battle Clause: Forcing endless battles is banned
|rule|HP Percentage Mod: HP is shown in percentages
|clearpoke
|poke|p1|Infernape, F
|poke|p1|Azelf
|poke|p1|Suicune
|poke|p1|Raikou
|poke|p1|Gallade, M
|poke|p1|Krookodile, M
|poke|p2|Lopunny, M
|poke|p2|Accelgor, M
|poke|p2|Raikou
|poke|p2|Noivern, M
|poke|p2|Kyurem
|poke|p2|Cobalion
|rule|Swagger Clause: Swagger is banned
|rule|Baton Pass Clause: Limit one PokÃ©mon knowing Baton Pass
|teampreview
|c|âdodmen|no
|c|âdodmen|no
|c|âdodmen|this
|c|âdodmen|is
|c|âDatLatias|shhh
|c|âdodmen|too
|c|âDatLatias|no
|c|âdodmen|OP
|c|âDatLatias|shhhh
|c|âDatLatias|no tiers
|
|start
|switch|p1a: Gallade|Gallade, M|277\/277
|switch|p2a: Accelgor|Accelgor, M|301\/301
|turn|1
|
|detailschange|p1a: Gallade|Gallade-Mega, M
|message|Gallade has Mega Evolved into Mega Gallade!
|move|p2a: Accelgor|Spikes|p1a: Gallade
|-sidestart|p1: dodmen|Spikes
|move|p1a: Gallade|Zen Headbutt|p2a: Accelgor
|-enditem|p2a: Accelgor|Focus Sash
|-damage|p2a: Accelgor|1\/301
|
|turn|2
|join|zTPCz
|
|move|p2a: Accelgor|Spikes|p1a: Gallade
|-sidestart|p1: dodmen|Spikes
|move|p1a: Gallade|Swords Dance|p1a: Gallade
|-boost|p1a: Gallade|atk|2
|
|turn|3
|
|move|p1a: Gallade|Shadow Sneak|p2a: Accelgor
|-damage|p2a: Accelgor|0 fnt
|faint|p2a: Accelgor
|
|c|âDatLatias|wow me first didnt work
|c|âDatLatias|gay
|
|switch|p2a: Lopunny|Lopunny, M|271\/271
|turn|4
|c|âdodmen|um
|c|âDatLatias|um
|c|âDatLatias|o
|
|detailschange|p2a: Lopunny|Lopunny-Mega, M
|message|Lopunny has Mega Evolved into Mega Lopunny!
|move|p2a: Lopunny|Fake Out|p1a: Gallade
|-damage|p1a: Gallade|198\/277
|move|p1a: Gallade|Zen Headbutt|p2a: Lopunny
|-supereffective|p2a: Lopunny
|-damage|p2a: Lopunny|0 fnt
|faint|p2a: Lopunny
|
|c|âDatLatias|o
|c|âDatLatias|o
|c|âDatLatias|o
|c|âdodmen|LOL
|c|âDatLatias|o
|c|âDatLatias|ono
|c|âDatLatias|nono
|c|âDatLatias|nono
|c|âDatLatias|no
|c|âDatLatias|on
|c|âDatLatias|on
|c|âDatLatias|onono
|c|âDatLatias|ono
|c|âDatLatias|no
|c|âDatLatias|fukn
|c|âDatLatias|realized it
|c|âDatLatias|a secone
|c|âDatLatias|to
|c|âDatLatias|late
|c|âdodmen|l
|c|âdodmen|m
|c|âDatLatias|rip
|c|âdodmen|a
|c|âdodmen|o
|leave|zTPCz
|c|âDatLatias|i was going to go into
|c|âDatLatias|noivern
|c|âdodmen|that
|c|âdodmen|6-0s
|c|âDatLatias|but i was scared
|c|âDatLatias|about
|c|âdodmen|me
|c|âDatLatias|ik
|c|âDatLatias|rip
|c|âdodmen|actually no
|c|âDatLatias|in
|c|âDatLatias|pizza
|c|âdodmen|i have
|c|âDatLatias|rip
|c|âdodmen|answers
|c|âdodmen|but
|
|switch|p2a: Noivern|Noivern, M|311\/311
|turn|5
|c|âdodmen|l0l
|
|move|p1a: Gallade|Shadow Sneak|p2a: Noivern
|-damage|p2a: Noivern|185\/311
|move|p2a: Noivern|Boomburst|p1a: Gallade
|-damage|p1a: Gallade|23\/277
|
|turn|6
|c|âDatLatias|thats
|c|âdodmen|o
|c|âDatLatias|awkward
|c|âDatLatias|bluffed m8
|c|âDatLatias|imo
|
|move|p1a: Gallade|Shadow Sneak|p2a: Noivern
|-damage|p2a: Noivern|59\/311
|move|p2a: Noivern|Boomburst|p1a: Gallade
|-crit|p1a: Gallade
|-damage|p1a: Gallade|0 fnt
|faint|p1a: Gallade
|
|
|switch|p1a: Azelf|Azelf|291\/291
|turn|7
|
|move|p2a: Noivern|Boomburst|p1a: Azelf
|-damage|p1a: Azelf|34\/291
|move|p1a: Azelf|Psyshock|p2a: Noivern
|-damage|p2a: Noivern|0 fnt
|faint|p2a: Noivern
|
|c|âdodmen|is that specs?
|c|âdodmen|o'
|c|âDatLatias|scarf
|c|âDatLatias|imo
|
|switch|p2a: Kyurem|Kyurem|391\/391
|-ability|p2a: Kyurem|Pressure
|turn|8
|
|move|p2a: Kyurem|Ice Beam|p1a: Azelf
|-damage|p1a: Azelf|0 fnt
|faint|p1a: Azelf
|
|
|switch|p1a: Infernape|Infernape, F|293\/293
|-damage|p1a: Infernape|245\/293|[from] Spikes
|turn|9
|
|switch|p2a: Cobalion|Cobalion|323\/323
|move|p1a: Infernape|Close Combat|p2a: Cobalion
|-supereffective|p2a: Cobalion
|-damage|p2a: Cobalion|0 fnt
|-unboost|p1a: Infernape|def|1
|-unboost|p1a: Infernape|spd|1
|-damage|p1a: Infernape|216\/293|[from] item: Life Orb
|faint|p2a: Cobalion
|
|c|âdodmen|op
|
|switch|p2a: Raikou|Raikou|321\/321
|-ability|p2a: Raikou|Pressure
|turn|10
|c|âDatLatias|rip
|
|switch|p1a: Raikou|Raikou|321\/321
|-damage|p1a: Raikou|268\/321|[from] Spikes
|-ability|p1a: Raikou|Pressure
|move|p2a: Raikou|Volt Switch|p1a: Raikou
|-resisted|p1a: Raikou
|-damage|p1a: Raikou|211\/321
|
|switch|p2a: Kyurem|Kyurem|391\/391
|-ability|p2a: Kyurem|Pressure
|
|-heal|p1a: Raikou|231\/321|[from] item: Leftovers
|turn|11
|c|âdodmen|it's
|c|âdodmen|all
|
|move|p2a: Kyurem|Draco Meteor|p1a: Raikou
|-damage|p1a: Raikou|0 fnt
|-unboost|p2a: Kyurem|spa|2
|faint|p1a: Raikou
|
|c|âdodmen|gonna
|c|âdodmen|be
|c|âdodmen|ok
|
|switch|p1a: Krookodile|Krookodile, M|331\/331
|-damage|p1a: Krookodile|276\/331|[from] Spikes
|-ability|p1a: Krookodile|Intimidate|[of] p2a: Kyurem
|-unboost|p2a: Kyurem|atk|1
|turn|12
|
|move|p2a: Kyurem|Draco Meteor|p1a: Krookodile
|-damage|p1a: Krookodile|116\/331
|-unboost|p2a: Kyurem|spa|2
|move|p1a: Krookodile|Earthquake|p2a: Kyurem
|-damage|p2a: Kyurem|201\/391
|
|turn|13
|c|âdodmen|crit here
|c|âdodmen|o
|c|âDatLatias|sick
|c|âDatLatias|!!!
|c|âdodmen|lol
|
|move|p2a: Kyurem|Draco Meteor|p1a: Krookodile
|-damage|p1a: Krookodile|17\/331
|-unboost|p2a: Kyurem|spa|2
|move|p1a: Krookodile|Knock Off|p2a: Kyurem
|-damage|p2a: Kyurem|0 fnt
|-enditem|p2a: Kyurem|Choice Scarf|[from] move: Knock Off|[of] p1a: Krookodile
|faint|p2a: Kyurem
|
|
|switch|p2a: Raikou|Raikou|321\/321
|-ability|p2a: Raikou|Pressure
|turn|14
|c|âDatLatias|this
|c|âDatLatias|is
|c|âDatLatias|an
|c|âDatLatias|awkward
|c|âDatLatias|situation
|c|âdodmen|lmao
|c|âdodmen|nice
|c|âdodmen|ice
|c|âdodmen|i won anyway
|c|âDatLatias|pls
|
|move|p2a: Raikou|Signal Beam|p1a: Krookodile
|-supereffective|p1a: Krookodile
|-damage|p1a: Krookodile|0 fnt
|faint|p1a: Krookodile
|
|
|switch|p1a: Suicune|Suicune|399\/399
|-damage|p1a: Suicune|333\/399|[from] Spikes
|-ability|p1a: Suicune|Pressure
|turn|15
|c|âDatLatias|gonna cal in
|c|âDatLatias|some confuse hax
|
|move|p2a: Raikou|Signal Beam|p1a: Suicune
|-damage|p1a: Suicune|261\/399
|move|p1a: Suicune|Tailwind|p1a: Suicune
|-sidestart|p1: dodmen|move: Tailwind
|
|-heal|p1a: Suicune|285\/399|[from] item: Leftovers
|turn|16
|
|move|p2a: Raikou|Signal Beam|p1a: Suicune
|-damage|p1a: Suicune|216\/399
|move|p1a: Suicune|Scald|p2a: Raikou
|-damage|p2a: Raikou|207\/321
|
|-heal|p1a: Suicune|240\/399|[from] item: Leftovers
|turn|17
|c|âDatLatias|confuse
|c|âdodmen|kek
|c|âDatLatias|hax
|c|âdodmen|tfw
|c|âDatLatias|confuse
|c|âDatLatias|hax
|c|âDatLatias|confuse
|c|âDatLatias|hax
|c|âdodmen|scarf
|c|âDatLatias|confuse
|c|âDatLatias|hax
|c|âdodmen|raikou
|
|move|p2a: Raikou|Signal Beam|p1a: Suicune
|-damage|p1a: Suicune|173\/399
|move|p1a: Suicune|Scald|p2a: Raikou
|-damage|p2a: Raikou|93\/321
|-status|p2a: Raikou|brn
|
|-heal|p1a: Suicune|197\/399|[from] item: Leftovers
|-damage|p2a: Raikou|53\/321 brn|[from] brn
|turn|18
|c|âDatLatias|no tiers
|c|âDatLatias|confuse
|c|âDatLatias|hax
|c|âDatLatias|wow
|c|âDatLatias|wow
|c|âDatLatias|are you literally
|c|âDatLatias|hacking right now
|c|âDatLatias|?
|c|âDatLatias|or nah
|
|move|p2a: Raikou|Signal Beam|p1a: Suicune
|-damage|p1a: Suicune|128\/399
|move|p1a: Suicune|Calm Mind|p1a: Suicune
|-boost|p1a: Suicune|spa|1
|-boost|p1a: Suicune|spd|1
|
|-heal|p1a: Suicune|152\/399|[from] item: Leftovers
|-damage|p2a: Raikou|13\/321 brn|[from] brn
|-sideend|p1: dodmen|move: Tailwind
|turn|19
|c|âDatLatias|!data signal beam
|c|~|\/data-move Signal Beam

|c|âDatLatias|confuse
|c|âDatLatias|hax
|c|âDatLatias|or
|c|âDatLatias|nah
|
|move|p2a: Raikou|Signal Beam|p1a: Suicune
|-damage|p1a: Suicune|105\/399
|move|p1a: Suicune|Tailwind|p1a: Suicune
|-sidestart|p1: dodmen|move: Tailwind
|
|-heal|p1a: Suicune|129\/399|[from] item: Leftovers
|-damage|p2a: Raikou|0 fnt|[from] brn
|faint|p2a: Raikou
|
|win|dodmen
|c|âDatLatias|bs
|c|âdodmen|0\/3
|c|âdodmen|nerd
|leave|DatLatias
|player|p2