|join|purrl
|join|dodmen
|player|p1|purrl|8
|player|p2|dodmen|171
|gametype|singles
|gen|6
|tier|UU
|rule|Sleep Clause Mod: Limit one foe put to sleep
|rule|Species Clause: Limit one of each PokÃ©mon
|rule|OHKO Clause: OHKO moves are banned
|rule|Moody Clause: Moody is banned
|rule|Evasion Moves Clause: Evasion moves are banned
|rule|Endless Battle Clause: Forcing endless battles is banned
|rule|HP Percentage Mod: HP is shown in percentages
|clearpoke
|poke|p1|Sharpedo, M
|poke|p1|Entei, shiny
|poke|p1|Jirachi
|poke|p1|Crobat, F, shiny
|poke|p1|Swampert, M
|poke|p1|Toxicroak, M
|poke|p2|Infernape, M
|poke|p2|Azelf
|poke|p2|Suicune
|poke|p2|Raikou
|poke|p2|Crobat, M
|poke|p2|Krookodile, M
|rule|Swagger Clause: Swagger is banned
|rule|Baton Pass Clause: Limit one PokÃ©mon knowing Baton Pass
|teampreview
|join|dadsdad
|join|ahyueah
|c|âdodmen|hf [:
|
|start
|switch|p1a: Jirachi|Jirachi|341\/341
|switch|p2a: Krookodile|Krookodile, M|331\/331
|-ability|p2a: Krookodile|Intimidate|[of] p1a: Jirachi
|-unboost|p1a: Jirachi|atk|1
|turn|1
|join|thunderkid blitz
|join|RowDog
|c|âpurrl|hf :]
|c| dadsdad|Â¯\____(ã)____Â­_\/Â¯
|join|epic4eternity
|c| dadsdad|rip in peace rachi
|
|move|p1a: Jirachi|U-turn|p2a: Krookodile
|-supereffective|p2a: Krookodile
|-damage|p2a: Krookodile|221\/331
|join|Gilderoy Lockhart
|
|move|p2a: Krookodile|Pursuit|p1a: Jirachi|[from]Pursuit
|-supereffective|p1a: Jirachi
|-damage|p1a: Jirachi|23\/341
|switch|p1a: Swampert|Swampert, M|401\/401
|
|turn|2
|c| dadsdad|rip in peace rachi
|leave|epic4eternity
|
|move|p2a: Krookodile|Taunt|p1a: Swampert
|-start|p1a: Swampert|move: Taunt
|cant|p1a: Swampert|move: Taunt|Stealth Rock
|
|turn|3
|join|THE_iTodd
|join|epic4eternity
|c| dadsdad|Â¯\____(ã)____Â­_\/Â¯
|join|gorex
|c| dadsdad|Â¯\____(ã)____Â­_\/Â¯
|c| dadsdad|Â¯\____(ã)____Â­_\/Â¯
|
|switch|p2a: Azelf|Azelf|291\/291
|move|p1a: Swampert|Scald|p2a: Azelf
|-damage|p2a: Azelf|186\/291
|
|turn|4
|
|switch|p1a: Jirachi|Jirachi|23\/341
|move|p2a: Azelf|Stealth Rock|p1a: Jirachi
|-sidestart|p1: purrl|move: Stealth Rock
|
|turn|5
|join|swagger on deck
|
|switch|p2a: Crobat|Crobat, M|341\/341
|move|p1a: Jirachi|U-turn|p2a: Crobat
|-crit|p2a: Crobat
|-resisted|p2a: Crobat
|-damage|p2a: Crobat|310\/341
|
|switch|p1a: Swampert|Swampert, M|401\/401
|-damage|p1a: Swampert|376\/401|[from] Stealth Rock
|
|-heal|p2a: Crobat|331\/341|[from] item: Black Sludge
|-heal|p1a: Swampert|401\/401|[from] item: Leftovers
|turn|6
|
|move|p2a: Crobat|Taunt|p1a: Swampert
|-start|p1a: Swampert|move: Taunt
|move|p1a: Swampert|Scald|p2a: Crobat
|-damage|p2a: Crobat|226\/341
|
|-heal|p2a: Crobat|247\/341|[from] item: Black Sludge
|turn|7
|c| dadsdad|** Â¯\_(ã)_\/Â¯**
|c| dadsdad|giga drain
|
|move|p2a: Crobat|U-turn|p1a: Swampert
|-damage|p1a: Swampert|358\/401
|
|switch|p2a: Azelf|Azelf|186\/291
|move|p1a: Swampert|Scald|p2a: Azelf
|-damage|p2a: Azelf|83\/291
|-status|p2a: Azelf|brn
|
|-heal|p1a: Swampert|383\/401|[from] item: Leftovers
|-damage|p2a: Azelf|47\/291 brn|[from] brn
|turn|8
|
|move|p2a: Azelf|Grass Knot|p1a: Swampert
|-supereffective|p1a: Swampert
|-damage|p1a: Swampert|7\/401
|move|p1a: Swampert|Scald|p2a: Azelf
|-damage|p2a: Azelf|0 fnt
|faint|p2a: Azelf
|
|-heal|p1a: Swampert|32\/401|[from] item: Leftovers
|-end|p1a: Swampert|move: Taunt
|
|switch|p2a: Raikou|Raikou|321\/321
|-ability|p2a: Raikou|Pressure
|turn|9
|
|move|p2a: Raikou|Hidden Power|p1a: Swampert
|-damage|p1a: Swampert|0 fnt
|faint|p1a: Swampert
|
|
|switch|p1a: Entei|Entei, shiny|371\/371
|-damage|p1a: Entei|279\/371|[from] Stealth Rock
|-ability|p1a: Entei|Pressure
|turn|10
|
|move|p2a: Raikou|Volt Switch|p1a: Entei
|-damage|p1a: Entei|138\/371
|join|Exemption
|leave|Exemption
|c| dadsdad|**Â¯\_(ã)_\/Â¯**
|join|Frickett
|leave|Frickett
|
|switch|p2a: Suicune|Suicune|399\/399
|-ability|p2a: Suicune|Pressure
|move|p1a: Entei|Sacred Fire|p2a: Suicune
|-resisted|p2a: Suicune
|-damage|p2a: Suicune|272\/399
|-status|p2a: Suicune|brn
|
|-heal|p2a: Suicune|296\/399 brn|[from] item: Leftovers
|-damage|p2a: Suicune|247\/399 brn|[from] brn
|turn|11
|c| dadsdad|lol
|
|switch|p1a: Crobat|Crobat, F, shiny|373\/373
|-damage|p1a: Crobat|280\/373|[from] Stealth Rock
|move|p2a: Suicune|Scald|p1a: Crobat
|-damage|p1a: Crobat|127\/373
|-status|p1a: Crobat|brn
|
|-heal|p1a: Crobat|150\/373 brn|[from] item: Black Sludge
|-heal|p2a: Suicune|271\/399 brn|[from] item: Leftovers
|-damage|p1a: Crobat|104\/373 brn|[from] brn
|-damage|p2a: Suicune|222\/399 brn|[from] brn
|turn|12
|c| dadsdad|**Â¯\_(ã)_\/Â¯**
|c| dadsdad|burn 4 burn
|
|move|p1a: Crobat|Defog|p2a: Suicune
|-unboost|p2a: Suicune|evasion|1
|-sideend|p1: purrl|Stealth Rock|[from] move: Defog|[of] p1a: Crobat
|move|p2a: Suicune|Scald|p1a: Crobat
|-damage|p1a: Crobat|0 fnt
|faint|p1a: Crobat
|
|-heal|p2a: Suicune|246\/399 brn|[from] item: Leftovers
|-damage|p2a: Suicune|197\/399 brn|[from] brn
|c| dadsdad|eye 4 an eye
|c| dadsdad|rocks 4 rocks
|c| dadsdad|mon 4 mon
|
|switch|p1a: Toxicroak|Toxicroak, M|307\/307
|turn|13
|
|switch|p2a: Krookodile|Krookodile, M|221\/331
|-ability|p2a: Krookodile|Intimidate|[of] p1a: Toxicroak
|-unboost|p1a: Toxicroak|atk|1
|move|p1a: Toxicroak|Gunk Shot|p2a: Krookodile
|-resisted|p2a: Krookodile
|-damage|p2a: Krookodile|108\/331
|-damage|p1a: Toxicroak|277\/307|[from] item: Life Orb
|
|turn|14
|c| dadsdad|toxicroak is good becuz suicune exists guyz :^
|c| dadsdad|pursuit here if manly
|
|switch|p1a: Jirachi|Jirachi|23\/341
|move|p2a: Krookodile|Earthquake|p1a: Jirachi
|-supereffective|p1a: Jirachi
|-damage|p1a: Jirachi|0 fnt
|faint|p1a: Jirachi
|
|
|switch|p1a: Entei|Entei, shiny|138\/371
|-ability|p1a: Entei|Pressure
|turn|15
|c| dadsdad|damn not manly enough
|c| RowDog|Pretty sure Dodâs isnât regular Crocune
|c| RowDog|though it might have changed
|c| dadsdad|its not
|leave|THE_iTodd
|
|move|p1a: Entei|Extreme Speed|p2a: Krookodile
|-damage|p2a: Krookodile|0 fnt
|faint|p2a: Krookodile
|
|join|THE_iTodd
|join|Bob the Bro
|c| THE_iTodd|go dodmen
|
|switch|p2a: Suicune|Suicune|197\/399 brn
|-ability|p2a: Suicune|Pressure
|turn|16
|c| Bob the Bro|his cune has extrasensory
|join|Thanks Brock Obama
|
|switch|p1a: Toxicroak|Toxicroak, M|277\/307
|move|p2a: Suicune|Tailwind|p2a: Suicune
|-sidestart|p2: dodmen|move: Tailwind
|
|-heal|p2a: Suicune|221\/399 brn|[from] item: Leftovers
|-damage|p2a: Suicune|172\/399 brn|[from] brn
|turn|17
|
|switch|p2a: Crobat|Crobat, M|247\/341
|move|p1a: Toxicroak|Swords Dance|p1a: Toxicroak
|-boost|p1a: Toxicroak|atk|2
|
|-heal|p2a: Crobat|268\/341|[from] item: Black Sludge
|turn|18
|
|move|p1a: Toxicroak|Sucker Punch|p2a: Crobat
|-damage|p2a: Crobat|5\/341
|-damage|p1a: Toxicroak|247\/307|[from] item: Life Orb
|move|p2a: Crobat|Brave Bird|p1a: Toxicroak
|-supereffective|p1a: Toxicroak
|-damage|p1a: Toxicroak|0 fnt
|-damage|p2a: Crobat|0 fnt|[from] recoil|[of] p1a: Toxicroak
|faint|p1a: Toxicroak
|faint|p2a: Crobat
|
|
|switch|p2a: Infernape|Infernape, M|293\/293
|switch|p1a: Sharpedo|Sharpedo, M|281\/281
|turn|19
|
|move|p1a: Sharpedo|Protect|p1a: Sharpedo
|-singleturn|p1a: Sharpedo|Protect
|move|p2a: Infernape|Swords Dance|p2a: Infernape
|-boost|p2a: Infernape|atk|2
|
|-sideend|p2: dodmen|move: Tailwind
|-boost|p1a: Sharpedo|spe|1|[from] ability: Speed Boost
|turn|20
|c| Bob the Bro|rip
|c|âdodmen|mom
|
|detailschange|p1a: Sharpedo|Sharpedo-Mega, M
|message|Sharpedo has Mega Evolved into Mega Sharpedo!
|move|p2a: Infernape|Mach Punch|p1a: Sharpedo
|-supereffective|p1a: Sharpedo
|-damage|p1a: Sharpedo|0 fnt
|-damage|p2a: Infernape|264\/293|[from] item: Life Orb
|faint|p1a: Sharpedo
|
|
|switch|p1a: Entei|Entei, shiny|138\/371
|-ability|p1a: Entei|Pressure
|turn|21
|c| Gilderoy Lockhart|Justice
|c| ahyueah|damn u run mach punch
|c| ahyueah|so no cc
|c|âpurrl|g__g
|
|move|p1a: Entei|Extreme Speed|p2a: Infernape
|-damage|p2a: Infernape|61\/293
|move|p2a: Infernape|Close Combat|p1a: Entei
|-damage|p1a: Entei|0 fnt
|-unboost|p2a: Infernape|def|1
|-unboost|p2a: Infernape|spd|1
|-damage|p2a: Infernape|32\/293|[from] item: Life Orb
|faint|p1a: Entei
|
|win|dodmen
|c|âdodmen|>thunderpunch
|c| epic4eternity|ahyueah: so no cc
|c| Thanks Brock Obama|no cc