|join|King UU
|join|dodmen
|player|p1|King UU|22
|player|p2|dodmen|171
|gametype|singles
|gen|6
|tier|UU
|rated
|rule|Sleep Clause Mod: Limit one foe put to sleep
|rule|Species Clause: Limit one of each PokÃ©mon
|rule|OHKO Clause: OHKO moves are banned
|rule|Moody Clause: Moody is banned
|rule|Evasion Moves Clause: Evasion moves are banned
|rule|Endless Battle Clause: Forcing endless battles is banned
|rule|HP Percentage Mod: HP is shown in percentages
|clearpoke
|poke|p1|Yanmega, F
|poke|p1|Donphan, M
|poke|p1|Machamp, M
|poke|p1|Jirachi
|poke|p1|Vaporeon, M
|poke|p1|Infernape, M
|poke|p2|Mienshao, M
|poke|p2|Empoleon, M
|poke|p2|Pidgeot, M
|poke|p2|Krookodile, F
|poke|p2|Florges, F
|poke|p2|Zygarde
|rule|Swagger Clause: Swagger is banned
|rule|Baton Pass Clause: Limit one PokÃ©mon knowing Baton Pass
|teampreview
|c|âdodmen|hi
|c|âKing UU|zop d0d
|
|start
|switch|p1a: Infernape|Infernape, M|293\/293
|switch|p2a: Pidgeot|Pidgeot, M|307\/307
|turn|1
|
|detailschange|p2a: Pidgeot|Pidgeot-Mega, M
|-mega|p2a: Pidgeot|Pidgeot|Pidgeotite
|move|p1a: Infernape|Stealth Rock|p2a: Pidgeot
|-sidestart|p2: dodmen|move: Stealth Rock
|move|p2a: Pidgeot|Hurricane|p1a: Infernape
|-supereffective|p1a: Infernape
|-enditem|p1a: Infernape|Focus Sash
|-damage|p1a: Infernape|1\/293
|-start|p1a: Infernape|confusion
|
|turn|2
|join|Madam Keldeo
|
|switch|p1a: Jirachi|Jirachi|341\/341
|move|p2a: Pidgeot|Substitute|p2a: Pidgeot
|-start|p2a: Pidgeot|Substitute
|-damage|p2a: Pidgeot|231\/307
|
|turn|3
|
|move|p1a: Jirachi|Iron Head|p2a: Pidgeot
|-end|p2a: Pidgeot|Substitute
|move|p2a: Pidgeot|Roost|p2a: Pidgeot
|-heal|p2a: Pidgeot|307\/307
|
|turn|4
|c|âdodmen|man
|c|âdodmen|cancel today is being a tard
|c|âKing UU|?
|c|âKing UU|ik
|c|âKing UU|brb
|
|switch|p2a: Empoleon|Empoleon, M|361\/361
|-damage|p2a: Empoleon|339\/361|[from] Stealth Rock
|move|p1a: Jirachi|Iron Head|p2a: Empoleon
|-resisted|p2a: Empoleon
|-damage|p2a: Empoleon|306\/361
|
|-heal|p2a: Empoleon|328\/361|[from] item: Leftovers
|turn|5
|
|switch|p1a: Machamp|Machamp, M|321\/321
|move|p2a: Empoleon|Flash Cannon|p1a: Machamp
|-damage|p1a: Machamp|174\/321
|
|-heal|p2a: Empoleon|350\/361|[from] item: Leftovers
|turn|6
|
|switch|p2a: Florges|Florges, F|357\/357
|-damage|p2a: Florges|313\/357|[from] Stealth Rock
|move|p1a: Machamp|Dynamic Punch|p2a: Florges
|-resisted|p2a: Florges
|-damage|p2a: Florges|169\/357
|-start|p2a: Florges|confusion
|
|-heal|p2a: Florges|191\/357|[from] item: Leftovers
|turn|7
|
|move|p1a: Machamp|Dynamic Punch|p2a: Florges
|-resisted|p2a: Florges
|-damage|p2a: Florges|64\/357
|-activate|p2a: Florges|confusion
|move|p2a: Florges|Synthesis|p2a: Florges
|-heal|p2a: Florges|242\/357
|
|-heal|p2a: Florges|264\/357|[from] item: Leftovers
|turn|8
|
|move|p1a: Machamp|Dynamic Punch|p2a: Florges
|-resisted|p2a: Florges
|-damage|p2a: Florges|141\/357
|-activate|p2a: Florges|confusion
|move|p2a: Florges|Moonblast|p1a: Machamp
|-supereffective|p1a: Machamp
|-damage|p1a: Machamp|0 fnt
|faint|p1a: Machamp
|
|-heal|p2a: Florges|163\/357|[from] item: Leftovers
|
|switch|p1a: Infernape|Infernape, M|1\/293
|turn|9
|
|move|p1a: Infernape|Endeavor|p2a: Florges
|-damage|p2a: Florges|1\/357
|-end|p2a: Florges|confusion
|move|p2a: Florges|Moonblast|p1a: Infernape
|-damage|p1a: Infernape|0 fnt
|faint|p1a: Infernape
|
|-heal|p2a: Florges|23\/357|[from] item: Leftovers
|
|switch|p1a: Jirachi|Jirachi|341\/341
|turn|10
|
|move|p1a: Jirachi|Iron Head|p2a: Florges
|-supereffective|p2a: Florges
|-damage|p2a: Florges|0 fnt
|faint|p2a: Florges
|
|join|Tipsy Russian
|
|switch|p2a: Empoleon|Empoleon, M|350\/361
|-damage|p2a: Empoleon|328\/361|[from] Stealth Rock
|turn|11
|
|switch|p1a: Donphan|Donphan, M|351\/351
|move|p2a: Empoleon|Stealth Rock|p1a: Donphan
|-sidestart|p1: King UU|move: Stealth Rock
|
|-heal|p2a: Empoleon|350\/361|[from] item: Leftovers
|turn|12
|
|move|p2a: Empoleon|Grass Knot|p1a: Donphan
|-supereffective|p1a: Donphan
|-damage|p1a: Donphan|157\/351
|move|p1a: Donphan|Earthquake|p2a: Empoleon
|-crit|p2a: Empoleon
|-supereffective|p2a: Empoleon
|-damage|p2a: Empoleon|0 fnt
|faint|p2a: Empoleon
|
|join|THE_iTodd
|leave|Madam Keldeo
|join|watfor
|join|Cyndequil
|
|switch|p2a: Mienshao|Mienshao, M|271\/271
|-damage|p2a: Mienshao|255\/271|[from] Stealth Rock
|turn|13
|
|move|p2a: Mienshao|High Jump Kick|p1a: Donphan
|-damage|p1a: Donphan|0 fnt
|faint|p1a: Donphan
|
|
|switch|p1a: Jirachi|Jirachi|341\/341
|-damage|p1a: Jirachi|320\/341|[from] Stealth Rock
|turn|14
|
|move|p2a: Mienshao|High Jump Kick|p1a: Jirachi
|-damage|p1a: Jirachi|40\/341
|move|p1a: Jirachi|Iron Head|p2a: Mienshao
|-damage|p2a: Mienshao|66\/271
|
|turn|15
|
|move|p2a: Mienshao|High Jump Kick|p1a: Jirachi
|-damage|p1a: Jirachi|0 fnt
|faint|p1a: Jirachi
|
|
|switch|p1a: Yanmega|Yanmega, F|313\/313
|-damage|p1a: Yanmega|157\/313|[from] Stealth Rock
|turn|16
|
|move|p2a: Mienshao|High Jump Kick|p1a: Yanmega
|-resisted|p1a: Yanmega
|-damage|p1a: Yanmega|87\/313
|move|p1a: Yanmega|Bug Buzz|p2a: Mienshao
|-crit|p2a: Mienshao
|-resisted|p2a: Mienshao
|-damage|p2a: Mienshao|0 fnt
|-damage|p1a: Yanmega|56\/313|[from] item: Life Orb
|faint|p2a: Mienshao
|
|-boost|p1a: Yanmega|spe|1|[from] ability: Speed Boost
|
|switch|p2a: Zygarde|Zygarde|357\/357
|-damage|p2a: Zygarde|335\/357|[from] Stealth Rock
|-ability|p2a: Zygarde|Aura Break
|turn|17
|join|BoxedOccaBerrys
|
|move|p1a: Yanmega|Bug Buzz|p2a: Zygarde
|-damage|p2a: Zygarde|109\/357
|-damage|p1a: Yanmega|25\/313|[from] item: Life Orb
|move|p2a: Zygarde|Dragon Dance|p2a: Zygarde
|-boost|p2a: Zygarde|atk|1
|-boost|p2a: Zygarde|spe|1
|
|-boost|p1a: Yanmega|spe|1|[from] ability: Speed Boost
|turn|18
|
|move|p2a: Zygarde|Extreme Speed|p1a: Yanmega
|-damage|p1a: Yanmega|0 fnt
|-damage|p2a: Zygarde|74\/357|[from] item: Life Orb
|faint|p1a: Yanmega
|
|leave|BoxedOccaBerrys
|
|switch|p1a: Vaporeon|Vaporeon, M|464\/464
|-damage|p1a: Vaporeon|406\/464|[from] Stealth Rock
|turn|19
|
|move|p2a: Zygarde|Outrage|p1a: Vaporeon
|-damage|p1a: Vaporeon|0 fnt
|-damage|p2a: Zygarde|39\/357|[from] item: Life Orb
|faint|p1a: Vaporeon
|
|win|dodmen
|raw|Ladder updating...
|raw|King UU's rating: 1774 &rarr; <strong>1744<\/strong><br \/>(-30 for losing)
|raw|dodmen's rating: 1596 &rarr; <strong>1625<\/strong><br \/>(+29 for winning)
|c|âdodmen|gg