|join|New Album
|join|dodmen
|player|p1|New Album|3
|player|p2|dodmen|171
|gametype|singles
|gen|6
|tier|UU
|rule|Sleep Clause Mod: Limit one foe put to sleep
|rule|Species Clause: Limit one of each PokÃ©mon
|rule|OHKO Clause: OHKO moves are banned
|rule|Moody Clause: Moody is banned
|rule|Evasion Moves Clause: Evasion moves are banned
|rule|Endless Battle Clause: Forcing endless battles is banned
|rule|HP Percentage Mod: HP is shown in percentages
|clearpoke
|poke|p1|Accelgor, M
|poke|p1|Pidgeot, F
|poke|p1|Donphan, F
|poke|p1|Machamp, F
|poke|p1|Darmanitan, M
|poke|p1|Milotic, F
|poke|p2|Infernape, F
|poke|p2|Azelf
|poke|p2|Suicune
|poke|p2|Raikou
|poke|p2|Gallade, M
|poke|p2|Krookodile, M
|rule|Swagger Clause: Swagger is banned
|rule|Baton Pass Clause: Limit one PokÃ©mon knowing Baton Pass
|teampreview
|
|start
|switch|p1a: Accelgor|Accelgor, M|364\/364
|switch|p2a: Gallade|Gallade, M|277\/277
|turn|1
|
|detailschange|p2a: Gallade|Gallade-Mega, M
|message|Gallade has Mega Evolved into Mega Gallade!
|move|p1a: Accelgor|Final Gambit|p2a: Gallade
|-damage|p2a: Gallade|0 fnt
|faint|p1a: Accelgor
|faint|p2a: Gallade
|
|c|âNew Album|worth
|
|switch|p1a: Darmanitan|Darmanitan, M|351\/351
|switch|p2a: Suicune|Suicune|399\/399
|-ability|p2a: Suicune|Pressure
|turn|2
|c|âdodmen|that wasn't even threatening me
|
|move|p1a: Darmanitan|U-turn|p2a: Suicune
|-crit|p2a: Suicune
|-damage|p2a: Suicune|281\/399
|c|âdodmen|i mean you
|
|switch|p1a: Milotic|Milotic, F|393\/393
|move|p2a: Suicune|Scald|p1a: Milotic
|-resisted|p1a: Milotic
|-damage|p1a: Milotic|355\/393
|-status|p1a: Milotic|brn
|
|-heal|p2a: Suicune|305\/399|[from] item: Leftovers
|-heal|p1a: Milotic|379\/393 brn|[from] item: Leftovers
|-damage|p1a: Milotic|330\/393 brn|[from] brn
|turn|3
|c|âNew Album|don't even care though
|
|move|p2a: Suicune|Calm Mind|p2a: Suicune
|-boost|p2a: Suicune|spa|1
|-boost|p2a: Suicune|spd|1
|move|p1a: Milotic|Toxic|p2a: Suicune
|-status|p2a: Suicune|tox
|
|-heal|p2a: Suicune|329\/399 tox|[from] item: Leftovers
|-heal|p1a: Milotic|354\/393 brn|[from] item: Leftovers
|-damage|p2a: Suicune|305\/399 tox|[from] psn
|-damage|p1a: Milotic|305\/393 brn|[from] brn
|turn|4
|
|switch|p1a: Machamp|Machamp, F|361\/361
|move|p2a: Suicune|Scald|p1a: Machamp
|-damage|p1a: Machamp|241\/361
|-status|p1a: Machamp|brn
|
|-heal|p2a: Suicune|329\/399 tox|[from] item: Leftovers
|-damage|p2a: Suicune|281\/399 tox|[from] psn
|-damage|p1a: Machamp|196\/361 brn|[from] brn
|turn|5
|join|Succulent Sausage
|
|switch|p2a: Azelf|Azelf|291\/291
|move|p1a: Machamp|Knock Off|p2a: Azelf
|-supereffective|p2a: Azelf
|-enditem|p2a: Azelf|Focus Sash
|-damage|p2a: Azelf|1\/291
|
|-damage|p1a: Machamp|151\/361 brn|[from] brn
|turn|6
|
|switch|p2a: Krookodile|Krookodile, M|331\/331
|-ability|p2a: Krookodile|Intimidate|[of] p1a: Machamp
|-unboost|p1a: Machamp|atk|1
|switch|p1a: Donphan|Donphan, F|383\/383
|
|turn|7
|
|move|p2a: Krookodile|Taunt|p1a: Donphan
|-start|p1a: Donphan|move: Taunt
|cant|p1a: Donphan|move: Taunt|Stealth Rock
|
|turn|8
|
|move|p2a: Krookodile|Knock Off|p1a: Donphan
|-crit|p1a: Donphan
|-damage|p1a: Donphan|202\/383
|-enditem|p1a: Donphan|Leftovers|[from] move: Knock Off|[of] p2a: Krookodile
|move|p1a: Donphan|Earthquake|p2a: Krookodile
|-damage|p2a: Krookodile|160\/331
|
|turn|9
|
|move|p2a: Krookodile|Earthquake|p1a: Donphan
|-damage|p1a: Donphan|97\/383
|move|p1a: Donphan|Earthquake|p2a: Krookodile
|-damage|p2a: Krookodile|0 fnt
|faint|p2a: Krookodile
|
|-end|p1a: Donphan|move: Taunt
|
|switch|p2a: Raikou|Raikou|321\/321
|-ability|p2a: Raikou|Pressure
|turn|10
|
|move|p2a: Raikou|Hidden Power|p1a: Donphan
|-supereffective|p1a: Donphan
|-damage|p1a: Donphan|0 fnt
|faint|p1a: Donphan
|
|
|switch|p1a: Darmanitan|Darmanitan, M|351\/351
|turn|11
|
|switch|p2a: Azelf|Azelf|1\/291
|move|p1a: Darmanitan|Flare Blitz|p2a: Azelf
|-damage|p2a: Azelf|0 fnt
|-damage|p1a: Darmanitan|350\/351|[from] recoil|[of] p2a: Azelf
|faint|p2a: Azelf
|
|
|switch|p2a: Suicune|Suicune|281\/399 tox
|-ability|p2a: Suicune|Pressure
|turn|12
|
|switch|p1a: Pidgeot|Pidgeot, F|307\/307
|move|p2a: Suicune|Scald|p1a: Pidgeot
|-damage|p1a: Pidgeot|121\/307
|
|-heal|p2a: Suicune|305\/399 tox|[from] item: Leftovers
|-damage|p2a: Suicune|281\/399 tox|[from] psn
|turn|13
|
|detailschange|p1a: Pidgeot|Pidgeot-Mega, F
|message|Pidgeot has Mega Evolved into Mega Pidgeot!
|move|p1a: Pidgeot|U-turn|p2a: Suicune
|-damage|p2a: Suicune|242\/399 tox
|
|switch|p1a: Milotic|Milotic, F|305\/393 brn
|move|p2a: Suicune|Tailwind|p2a: Suicune
|-sidestart|p2: dodmen|move: Tailwind
|
|-heal|p2a: Suicune|266\/399 tox|[from] item: Leftovers
|-heal|p1a: Milotic|329\/393 brn|[from] item: Leftovers
|-damage|p2a: Suicune|218\/399 tox|[from] psn
|-damage|p1a: Milotic|280\/393 brn|[from] brn
|turn|14
|
|switch|p2a: Raikou|Raikou|321\/321
|-ability|p2a: Raikou|Pressure
|move|p1a: Milotic|Scald|p2a: Raikou
|-damage|p2a: Raikou|228\/321
|
|-heal|p2a: Raikou|248\/321|[from] item: Leftovers
|-heal|p1a: Milotic|304\/393 brn|[from] item: Leftovers
|-damage|p1a: Milotic|255\/393 brn|[from] brn
|turn|15
|
|move|p2a: Raikou|Calm Mind|p2a: Raikou
|-boost|p2a: Raikou|spa|1
|-boost|p2a: Raikou|spd|1
|move|p1a: Milotic|Recover|p1a: Milotic
|-heal|p1a: Milotic|393\/393 brn
|
|-heal|p2a: Raikou|268\/321|[from] item: Leftovers
|-damage|p1a: Milotic|344\/393 brn|[from] brn
|turn|16
|
|move|p2a: Raikou|Thunderbolt|p1a: Milotic
|-supereffective|p1a: Milotic
|-damage|p1a: Milotic|80\/393 brn
|move|p1a: Milotic|Toxic|p2a: Raikou
|-status|p2a: Raikou|tox
|
|-heal|p2a: Raikou|288\/321 tox|[from] item: Leftovers
|-heal|p1a: Milotic|104\/393 brn|[from] item: Leftovers
|-damage|p2a: Raikou|268\/321 tox|[from] psn
|-damage|p1a: Milotic|55\/393 brn|[from] brn
|-sideend|p2: dodmen|move: Tailwind
|turn|17
|
|move|p2a: Raikou|Volt Switch|p1a: Milotic
|-supereffective|p1a: Milotic
|-damage|p1a: Milotic|0 fnt
|faint|p1a: Milotic
|
|switch|p2a: Infernape|Infernape, F|293\/293
|
|
|switch|p1a: Darmanitan|Darmanitan, M|350\/351
|turn|18
|
|move|p1a: Darmanitan|Earthquake|p2a: Infernape
|-supereffective|p2a: Infernape
|-damage|p2a: Infernape|0 fnt
|faint|p2a: Infernape
|
|
|switch|p2a: Suicune|Suicune|218\/399 tox
|-ability|p2a: Suicune|Pressure
|turn|19
|
|switch|p1a: Pidgeot|Pidgeot-Mega, F|121\/307
|move|p2a: Suicune|Tailwind|p2a: Suicune
|-sidestart|p2: dodmen|move: Tailwind
|
|-heal|p2a: Suicune|242\/399 tox|[from] item: Leftovers
|-damage|p2a: Suicune|218\/399 tox|[from] psn
|turn|20
|
|move|p2a: Suicune|Scald|p1a: Pidgeot
|-damage|p1a: Pidgeot|0 fnt
|faint|p1a: Pidgeot
|
|-heal|p2a: Suicune|242\/399 tox|[from] item: Leftovers
|-damage|p2a: Suicune|194\/399 tox|[from] psn
|
|switch|p1a: Machamp|Machamp, F|151\/361 brn
|turn|21
|
|switch|p2a: Raikou|Raikou|268\/321 tox
|-ability|p2a: Raikou|Pressure
|move|p1a: Machamp|Close Combat|p2a: Raikou
|-damage|p2a: Raikou|0 fnt
|-unboost|p1a: Machamp|def|1
|-unboost|p1a: Machamp|spd|1
|faint|p2a: Raikou
|
|-damage|p1a: Machamp|106\/361 brn|[from] brn
|
|switch|p2a: Suicune|Suicune|194\/399 tox
|-ability|p2a: Suicune|Pressure
|turn|22
|
|move|p2a: Suicune|Scald|p1a: Machamp
|-damage|p1a: Machamp|0 fnt
|faint|p1a: Machamp
|
|-heal|p2a: Suicune|218\/399 tox|[from] item: Leftovers
|-damage|p2a: Suicune|194\/399 tox|[from] psn
|-sideend|p2: dodmen|move: Tailwind
|
|switch|p1a: Darmanitan|Darmanitan, M|350\/351
|turn|23
|
|move|p1a: Darmanitan|Stone Edge|p2a: Suicune
|-damage|p2a: Suicune|75\/399 tox
|move|p2a: Suicune|Scald|p1a: Darmanitan
|-supereffective|p1a: Darmanitan
|-damage|p1a: Darmanitan|0 fnt
|faint|p1a: Darmanitan
|
|win|dodmen
|c|âdodmen|gr8 game
|c|âNew Album|gg