|join|r0ady
|join|dodmen
|player|p1|r0ady|165
|player|p2|dodmen|171
|gametype|singles
|gen|6
|tier|UU
|rule|Sleep Clause Mod: Limit one foe put to sleep
|rule|Species Clause: Limit one of each PokÃ©mon
|rule|OHKO Clause: OHKO moves are banned
|rule|Moody Clause: Moody is banned
|rule|Evasion Moves Clause: Evasion moves are banned
|rule|Endless Battle Clause: Forcing endless battles is banned
|rule|HP Percentage Mod: HP is shown in percentages
|clearpoke
|poke|p1|Fletchinder, F
|poke|p1|Blastoise, M, shiny
|poke|p1|Krookodile, F
|poke|p1|Celebi
|poke|p1|Froslass, F
|poke|p1|Zygarde
|poke|p2|Infernape, M
|poke|p2|Azelf
|poke|p2|Suicune
|poke|p2|Raikou
|poke|p2|Gallade, M
|poke|p2|Krookodile, M
|rule|Swagger Clause: Swagger is banned
|rule|Baton Pass Clause: Limit one PokÃ©mon knowing Baton Pass
|teampreview
|c|âr0ady|hi
|c|âr0ady|gl
|c|âdodmen|hf
|
|start
|switch|p1a: Im useless|Froslass, F|281\/281
|switch|p2a: Gallade|Gallade, M|277\/277
|turn|1
|
|detailschange|p2a: Gallade|Gallade-Mega, M
|message|Gallade has Mega Evolved into Mega Gallade!
|move|p1a: Im useless|Shadow Ball|p2a: Gallade
|-supereffective|p2a: Gallade
|-damage|p2a: Gallade|107\/277
|move|p2a: Gallade|Zen Headbutt|p1a: Im useless
|-damage|p1a: Im useless|70\/281
|-start|p2a: Gallade|Disable|Zen Headbutt
|
|turn|2
|
|move|p2a: Gallade|Shadow Sneak|p1a: Im useless
|-supereffective|p1a: Im useless
|-damage|p1a: Im useless|0 fnt
|faint|p1a: Im useless
|
|join|i wish i had swag
|join|Mega Luffy
|
|switch|p1a: LINDA|Fletchinder, F|266\/266
|turn|3
|c| i wish i had swag|just rek this fgt dodmen
|
|switch|p2a: Raikou|Raikou|321\/321
|-ability|p2a: Raikou|Pressure
|move|p1a: LINDA|Acrobatics|p2a: Raikou
|-resisted|p2a: Raikou
|-damage|p2a: Raikou|222\/321
|
|-heal|p2a: Raikou|242\/321|[from] item: Leftovers
|turn|4
|c|âr0ady|:(
|join|PenguinOV
|
|switch|p2a: Azelf|Azelf|291\/291
|switch|p1a: Ilookediblepink|Celebi|341\/341
|
|turn|5
|
|move|p2a: Azelf|Taunt|p1a: Ilookediblepink
|-start|p1a: Ilookediblepink|move: Taunt
|move|p1a: Ilookediblepink|Giga Drain|p2a: Azelf
|-damage|p2a: Azelf|140\/291
|
|turn|6
|
|move|p2a: Azelf|Stealth Rock|p1a: Ilookediblepink
|-sidestart|p1: r0ady|move: Stealth Rock
|move|p1a: Ilookediblepink|Giga Drain|p2a: Azelf
|-damage|p2a: Azelf|0 fnt
|faint|p2a: Azelf
|
|
|switch|p2a: Infernape|Infernape, M|293\/293
|turn|7
|
|switch|p1a: NotBroken"|Zygarde|406\/406
|-damage|p1a: NotBroken"|381\/406|[from] Stealth Rock
|-ability|p1a: NotBroken"|Aura Break
|move|p2a: Infernape|Flare Blitz|p1a: NotBroken"
|-resisted|p1a: NotBroken"
|-damage|p1a: NotBroken"|281\/406
|-damage|p2a: Infernape|260\/293|[from] recoil|[of] p1a: NotBroken"
|-damage|p2a: Infernape|231\/293|[from] item: Life Orb
|
|-heal|p1a: NotBroken"|306\/406|[from] item: Leftovers
|turn|8
|
|switch|p2a: Krookodile|Krookodile, M|331\/331
|-ability|p2a: Krookodile|Intimidate|[of] p1a: NotBroken"
|-unboost|p1a: NotBroken"|atk|1
|move|p1a: NotBroken"|Dragon Tail|p2a: Krookodile
|-damage|p2a: Krookodile|268\/331
|drag|p2a: Suicune|Suicune|399\/399
|-ability|p2a: Suicune|Pressure
|
|-heal|p1a: NotBroken"|331\/406|[from] item: Leftovers
|turn|9
|
|switch|p2a: Infernape|Infernape, M|231\/293
|move|p1a: NotBroken"|Substitute|p1a: NotBroken"
|-start|p1a: NotBroken"|Substitute
|-damage|p1a: NotBroken"|230\/406
|
|-heal|p1a: NotBroken"|255\/406|[from] item: Leftovers
|turn|10
|
|switch|p2a: Suicune|Suicune|399\/399
|-ability|p2a: Suicune|Pressure
|move|p1a: NotBroken"|Coil|p1a: NotBroken"
|-boost|p1a: NotBroken"|atk|1
|-boost|p1a: NotBroken"|def|1
|-boost|p1a: NotBroken"|accuracy|1
|
|-heal|p1a: NotBroken"|280\/406|[from] item: Leftovers
|turn|11
|
|move|p1a: NotBroken"|Coil|p1a: NotBroken"
|-boost|p1a: NotBroken"|atk|1
|-boost|p1a: NotBroken"|def|1
|-boost|p1a: NotBroken"|accuracy|1
|move|p2a: Suicune|Scald|p1a: NotBroken"
|-activate|p1a: NotBroken"|Substitute|[damage]
|
|-heal|p1a: NotBroken"|305\/406|[from] item: Leftovers
|turn|12
|
|move|p1a: NotBroken"|Coil|p1a: NotBroken"
|-boost|p1a: NotBroken"|atk|1
|-boost|p1a: NotBroken"|def|1
|-boost|p1a: NotBroken"|accuracy|1
|move|p2a: Suicune|Scald|p1a: NotBroken"
|-end|p1a: NotBroken"|Substitute
|
|-heal|p1a: NotBroken"|330\/406|[from] item: Leftovers
|turn|13
|
|move|p1a: NotBroken"|Substitute|p1a: NotBroken"
|-start|p1a: NotBroken"|Substitute
|-damage|p1a: NotBroken"|229\/406
|move|p2a: Suicune|Ice Beam|p1a: NotBroken"
|-supereffective|p1a: NotBroken"
|-end|p1a: NotBroken"|Substitute
|
|-heal|p1a: NotBroken"|254\/406|[from] item: Leftovers
|turn|14
|c|âr0ady|shit
|c|âr0ady|why do i never see crocune any more
|join|Trollmeiser
|join|LiberalLucario
|
|switch|p1a: Bently|Blastoise, M, shiny|314\/314
|-damage|p1a: Bently|275\/314|[from] Stealth Rock
|move|p2a: Suicune|Ice Beam|p1a: Bently
|-resisted|p1a: Bently
|-damage|p1a: Bently|229\/314
|
|turn|15
|join|IheartMagikarp
|
|detailschange|p1a: Bently|Blastoise-Mega, M, shiny
|message|Blastoise has Mega Evolved into Mega Blastoise!
|move|p1a: Bently|Rapid Spin|p2a: Suicune
|-damage|p2a: Suicune|388\/399
|-sideend|p1: r0ady|Stealth Rock|[from] move: Rapid Spin|[of] p1a: Bently
|move|p2a: Suicune|Calm Mind|p2a: Suicune
|-boost|p2a: Suicune|spa|1
|-boost|p2a: Suicune|spd|1
|
|-heal|p2a: Suicune|399\/399|[from] item: Leftovers
|turn|16
|
|switch|p1a: Ilookediblepink|Celebi|341\/341
|move|p2a: Suicune|Calm Mind|p2a: Suicune
|-boost|p2a: Suicune|spa|1
|-boost|p2a: Suicune|spd|1
|
|turn|17
|leave|Trollmeiser
|
|move|p1a: Ilookediblepink|Nasty Plot|p1a: Ilookediblepink
|-boost|p1a: Ilookediblepink|spa|2
|move|p2a: Suicune|Tailwind|p2a: Suicune
|-sidestart|p2: dodmen|move: Tailwind
|
|turn|18
|
|move|p2a: Suicune|Ice Beam|p1a: Ilookediblepink
|-supereffective|p1a: Ilookediblepink
|-damage|p1a: Ilookediblepink|0 fnt
|faint|p1a: Ilookediblepink
|
|c|âr0ady|oh
|c|âr0ady|celebi fucking sucks
|
|switch|p1a: Bently|Blastoise-Mega, M, shiny|229\/314
|turn|19
|join|fuccboi 88
|c|âr0ady|gg
|
|move|p2a: Suicune|Scald|p1a: Bently
|-resisted|p1a: Bently
|-damage|p1a: Bently|118\/314
|move|p1a: Bently|Dark Pulse|p2a: Suicune
|-damage|p2a: Suicune|333\/399
|
|-heal|p2a: Suicune|357\/399|[from] item: Leftovers
|turn|20
|
|move|p2a: Suicune|Scald|p1a: Bently
|-resisted|p1a: Bently
|-damage|p1a: Bently|3\/314
|move|p1a: Bently|Dark Pulse|p2a: Suicune
|-damage|p2a: Suicune|288\/399
|
|-heal|p2a: Suicune|312\/399|[from] item: Leftovers
|-sideend|p2: dodmen|move: Tailwind
|turn|21
|
|move|p1a: Bently|Dark Pulse|p2a: Suicune
|-damage|p2a: Suicune|245\/399
|move|p2a: Suicune|Tailwind|p2a: Suicune
|-sidestart|p2: dodmen|move: Tailwind
|
|-heal|p2a: Suicune|269\/399|[from] item: Leftovers
|turn|22
|
|move|p2a: Suicune|Scald|p1a: Bently
|-resisted|p1a: Bently
|-damage|p1a: Bently|0 fnt
|faint|p1a: Bently
|
|-heal|p2a: Suicune|293\/399|[from] item: Leftovers
|
|switch|p1a: LINDA|Fletchinder, F|266\/266
|turn|23
|
|move|p1a: LINDA|Acrobatics|p2a: Suicune
|-damage|p2a: Suicune|161\/399
|move|p2a: Suicune|Scald|p1a: LINDA
|-supereffective|p1a: LINDA
|-damage|p1a: LINDA|0 fnt
|faint|p1a: LINDA
|
|-heal|p2a: Suicune|185\/399|[from] item: Leftovers
|
|switch|p1a: Dread pl8 pls|Krookodile, F|331\/331
|-ability|p1a: Dread pl8 pls|Intimidate|[of] p2a: Suicune
|-unboost|p2a: Suicune|atk|1
|turn|24
|
|move|p2a: Suicune|Scald|p1a: Dread pl8 pls
|-crit|p1a: Dread pl8 pls
|-supereffective|p1a: Dread pl8 pls
|-damage|p1a: Dread pl8 pls|0 fnt
|faint|p1a: Dread pl8 pls
|
|-heal|p2a: Suicune|209\/399|[from] item: Leftovers
|-sideend|p2: dodmen|move: Tailwind
|
|switch|p1a: NotBroken"|Zygarde|254\/406
|-ability|p1a: NotBroken"|Aura Break
|turn|25
|c|âdodmen|gg
|
|move|p1a: NotBroken"|Earthquake|p2a: Suicune
|-damage|p2a: Suicune|101\/399
|move|p2a: Suicune|Ice Beam|p1a: NotBroken"
|-supereffective|p1a: NotBroken"
|-damage|p1a: NotBroken"|0 fnt
|faint|p1a: NotBroken"
|
|win|dodmen