|join|dodmen
|join|ass so phat
|player|p1|dodmen|171
|player|p2|ass so phat|23
|gametype|singles
|gen|6
|tier|UU
|rule|Sleep Clause Mod: Limit one foe put to sleep
|rule|Species Clause: Limit one of each PokÃ©mon
|rule|OHKO Clause: OHKO moves are banned
|rule|Moody Clause: Moody is banned
|rule|Evasion Moves Clause: Evasion moves are banned
|rule|Endless Battle Clause: Forcing endless battles is banned
|rule|HP Percentage Mod: HP is shown in percentages
|clearpoke
|poke|p1|Haxorus, M
|poke|p1|Azelf
|poke|p1|Tornadus, M
|poke|p1|Qwilfish, M
|poke|p1|Ludicolo, M
|poke|p1|Kabutops, F
|poke|p2|Entei, shiny
|poke|p2|Hydreigon, F
|poke|p2|Tentacruel, F
|poke|p2|Chesnaught, M, shiny
|poke|p2|Gallade, M
|poke|p2|Florges, F, shiny
|rule|Swagger Clause: Swagger is banned
|rule|Baton Pass Clause: Limit one PokÃ©mon knowing Baton Pass
|teampreview
|join|LiberalLucario
|c|âass so phat|gl
|join|Philz
|join|DatLatias
|c|âdodmen|have fun
|c| Philz|nice n rain
|
|start
|switch|p1a: Azelf|Azelf|291\/291
|switch|p2a: Hydreigon|Hydreigon, F|325\/325
|turn|1
|join|PokeguyNXB
|
|move|p2a: Hydreigon|Dark Pulse|p1a: Azelf
|-supereffective|p1a: Azelf
|-enditem|p1a: Azelf|Focus Sash
|-damage|p1a: Azelf|1\/291
|move|p1a: Azelf|Stealth Rock|p2a: Hydreigon
|-sidestart|p2: ass so phat|move: Stealth Rock
|
|turn|2
|
|move|p2a: Hydreigon|Dark Pulse|p1a: Azelf
|-supereffective|p1a: Azelf
|-damage|p1a: Azelf|0 fnt
|faint|p1a: Azelf
|
|
|switch|p1a: Ludicolo|Ludicolo, M|301\/301
|turn|3
|
|move|p2a: Hydreigon|Dark Pulse|p1a: Ludicolo
|-damage|p1a: Ludicolo|160\/301
|cant|p1a: Ludicolo|flinch
|
|turn|4
|c| DatLatias|kek
|c|âdodmen|.
|c| DatLatias|KE
|
|move|p2a: Hydreigon|Dark Pulse|p1a: Ludicolo
|-damage|p1a: Ludicolo|12\/301
|move|p1a: Ludicolo|Rain Dance|p1a: Ludicolo
|-weather|RainDance
|
|-weather|RainDance|[upkeep]
|turn|5
|c| DatLatias|K
|join|chechote
|join|BenzMafia
|c| Philz|decent banter
|c| Philz|id say
|
|move|p1a: Ludicolo|Hydro Pump|p2a: Hydreigon
|-crit|p2a: Hydreigon
|-resisted|p2a: Hydreigon
|-damage|p2a: Hydreigon|61\/325
|-damage|p1a: Ludicolo|0 fnt|[from] item: Life Orb
|faint|p1a: Ludicolo
|move|p2a: Hydreigon|Dark Pulse|p1: Ludicolo|[notarget]
|-notarget
|
|-weather|RainDance|[upkeep]
|join|BurstStream
|join|zTPCz
|c| Philz|return crit
|c| Philz|dw
|c| BurstStream|Dang is that
|c| BurstStream|SD Haxorus+Rain
|
|switch|p1a: Qwilfish|Qwilfish, M|271\/271
|turn|6
|join|NekoNecross
|c| BurstStream|new meta
|
|move|p1a: Qwilfish|Waterfall|p2a: Hydreigon
|-resisted|p2a: Hydreigon
|-damage|p2a: Hydreigon|0 fnt
|-damage|p1a: Qwilfish|244\/271|[from] item: Life Orb
|faint|p2a: Hydreigon
|
|-weather|RainDance|[upkeep]
|join|cvbdcb
|c| cvbdcb|dat exotic name
|join|Primal Gyarados
|
|switch|p2a: Entei|Entei, shiny|372\/372
|-damage|p2a: Entei|279\/372|[from] Stealth Rock
|-ability|p2a: Entei|Pressure
|turn|7
|join|4FS
|
|move|p2a: Entei|Extreme Speed|p1a: Qwilfish
|-damage|p1a: Qwilfish|61\/271
|move|p1a: Qwilfish|Waterfall|p2a: Entei
|-supereffective|p2a: Entei
|-damage|p2a: Entei|0 fnt
|-damage|p1a: Qwilfish|34\/271|[from] item: Life Orb
|faint|p2a: Entei
|
|-weather|RainDance|[upkeep]
|c| BurstStream|Also pls tell me
|c| BurstStream|your Qwilfish
|join|Gay Bear Sex
|c| BurstStream|can go Boom
|
|switch|p2a: Chesnaught|Chesnaught, M, shiny|380\/380
|-damage|p2a: Chesnaught|357\/380|[from] Stealth Rock
|turn|8
|c| Philz|qwilfish sweep
|
|move|p1a: Qwilfish|Swords Dance|p1a: Qwilfish
|-boost|p1a: Qwilfish|atk|2
|move|p2a: Chesnaught|Seed Bomb|p1a: Qwilfish
|-damage|p1a: Qwilfish|0 fnt
|faint|p1a: Qwilfish
|
|-weather|none
|-heal|p2a: Chesnaught|380\/380|[from] item: Leftovers
|c|âdodmen|awkward
|
|switch|p1a: Tornadus|Tornadus, M|299\/299
|turn|9
|c| Philz|m8
|c| DatLatias|thats
|c| DatLatias|awkward
|c| Philz|u got outpredicted
|c| BurstStream|nah
|
|switch|p2a: Tentacruel|Tentacruel, F|364\/364
|-damage|p2a: Tentacruel|319\/364|[from] Stealth Rock
|move|p1a: Tornadus|Hurricane|p2a: Tentacruel|[miss]
|-miss|p1a: Tornadus|p2a: Tentacruel
|
|-heal|p2a: Tentacruel|341\/364|[from] item: Black Sludge
|turn|10
|c| BurstStream|IMO you got predoncted
|
|switch|p1a: Kabutops|Kabutops, F|262\/262
|move|p2a: Tentacruel|Knock Off|p1a: Kabutops
|-damage|p1a: Kabutops|213\/262
|-enditem|p1a: Kabutops|Life Orb|[from] move: Knock Off|[of] p2a: Tentacruel
|
|-heal|p2a: Tentacruel|363\/364|[from] item: Black Sludge
|turn|11
|
|move|p1a: Kabutops|Stone Edge|p2a: Tentacruel|[miss]
|-miss|p1a: Kabutops|p2a: Tentacruel
|move|p2a: Tentacruel|Scald|p1a: Kabutops
|-damage|p1a: Kabutops|114\/262
|
|-heal|p2a: Tentacruel|364\/364|[from] item: Black Sludge
|turn|12
|c| cvbdcb|hurr yucan
|
|move|p1a: Kabutops|Stone Edge|p2a: Tentacruel
|-damage|p2a: Tentacruel|184\/364
|move|p2a: Tentacruel|Scald|p1a: Kabutops
|-damage|p1a: Kabutops|17\/262
|
|-heal|p2a: Tentacruel|206\/364|[from] item: Black Sludge
|turn|13
|c| DatLatias|KEK
|c| Philz|l0l
|c| DatLatias|E
|c| DatLatias|K
|
|move|p1a: Kabutops|Knock Off|p2a: Tentacruel
|-damage|p2a: Tentacruel|98\/364
|-enditem|p2a: Tentacruel|Black Sludge|[from] move: Knock Off|[of] p1a: Kabutops
|move|p2a: Tentacruel|Scald|p1a: Kabutops
|-damage|p1a: Kabutops|0 fnt
|faint|p1a: Kabutops
|
|c| BurstStream|the Brightbpowder
|c| BurstStream|Tentacruel
|
|switch|p1a: Haxorus|Haxorus, M|294\/294
|-ability|p1a: Haxorus|Mold Breaker
|turn|14
|c| BurstStream|is tooo OP
|c| Philz|y would u not rain dance with tornadus
|
|move|p1a: Haxorus|Swords Dance|p1a: Haxorus
|-boost|p1a: Haxorus|atk|2
|move|p2a: Tentacruel|Knock Off|p1a: Haxorus
|-damage|p1a: Haxorus|235\/294
|-enditem|p1a: Haxorus|Lum Berry|[from] move: Knock Off|[of] p2a: Tentacruel
|
|turn|15
|c| BurstStream|Dang
|c| BurstStream|its SD Haxorus+Rain
|c| Philz|sd haxo is god
|c| BurstStream|gotta love Dodmen style
|
|move|p1a: Haxorus|Earthquake|p2a: Tentacruel
|-supereffective|p2a: Tentacruel
|-damage|p2a: Tentacruel|0 fnt
|faint|p2a: Tentacruel
|
|c| BurstStream|Rain kills offese
|join|Mr.Gingy
|c| BurstStream|so why naut Haxorus
|leave|Mr.Gingy
|c| BurstStream|to kill everything not offense
|
|switch|p2a: Chesnaught|Chesnaught, M, shiny|380\/380
|-damage|p2a: Chesnaught|357\/380|[from] Stealth Rock
|turn|16
|c| cvbdcb|gallade
|c| cvbdcb|if maxed
|
|move|p1a: Haxorus|Poison Jab|p2a: Chesnaught
|-supereffective|p2a: Chesnaught
|-damage|p2a: Chesnaught|5\/380
|-status|p2a: Chesnaught|psn
|move|p2a: Chesnaught|Leech Seed|p1a: Haxorus
|-start|p1a: Haxorus|move: Leech Seed
|
|-heal|p2a: Chesnaught|28\/380 psn|[from] item: Leftovers
|-damage|p1a: Haxorus|199\/294|[from] Leech Seed|[of] p2a: Chesnaught
|-heal|p2a: Chesnaught|64\/380 psn|[silent]
|-damage|p2a: Chesnaught|17\/380 psn|[from] psn
|turn|17
|c| cvbdcb|welp by ches
|c| Philz|whats dmg
|c| Philz|just leech
|
|move|p2a: Chesnaught|Spiky Shield|p2a: Chesnaught
|-singleturn|p2a: Chesnaught|move: Protect
|move|p1a: Haxorus|Earthquake|p2a: Chesnaught
|-activate|p2a: Chesnaught|move: Protect
|
|-heal|p2a: Chesnaught|40\/380 psn|[from] item: Leftovers
|-damage|p1a: Haxorus|163\/294|[from] Leech Seed|[of] p2a: Chesnaught
|-heal|p2a: Chesnaught|76\/380 psn|[silent]
|-damage|p2a: Chesnaught|29\/380 psn|[from] psn
|turn|18
|c| Philz|even tho everything dies to eq
|
|move|p2a: Chesnaught|Spiky Shield|p2a: Chesnaught
|-singleturn|p2a: Chesnaught|move: Protect
|move|p1a: Haxorus|Earthquake|p2a: Chesnaught
|-activate|p2a: Chesnaught|move: Protect
|
|-heal|p2a: Chesnaught|52\/380 psn|[from] item: Leftovers
|-damage|p1a: Haxorus|127\/294|[from] Leech Seed|[of] p2a: Chesnaught
|-heal|p2a: Chesnaught|88\/380 psn|[silent]
|-damage|p2a: Chesnaught|41\/380 psn|[from] psn
|turn|19
|c| Philz|mfw
|c| DatLatias|u can go all the way
|c| DatLatias|imo
|
|move|p1a: Haxorus|Earthquake|p2a: Chesnaught
|-resisted|p2a: Chesnaught
|-damage|p2a: Chesnaught|0 fnt
|faint|p2a: Chesnaught
|
|c| cvbdcb|dat ax
|
|switch|p2a: Florges|Florges, F, shiny|360\/360
|-damage|p2a: Florges|315\/360|[from] Stealth Rock
|turn|20
|c| cvbdcb|pro
|c| cvbdcb|tect
|c| Philz|protect here
|
|move|p1a: Haxorus|Poison Jab|p2a: Florges
|-supereffective|p2a: Florges
|-damage|p2a: Florges|0 fnt
|faint|p2a: Florges
|
|join|fuccboi 88
|c| Philz|triple protect
|join|SecretlyaBidoof
|join|THE_iTodd
|c| PokeguyNXB|Well now
|
|switch|p2a: Gallade|Gallade, M|277\/277
|-damage|p2a: Gallade|260\/277|[from] Stealth Rock
|turn|21
|
|detailschange|p2a: Gallade|Gallade-Mega, M
|message|Gallade has Mega Evolved into Mega Gallade!
|move|p1a: Haxorus|Dragon Claw|p2a: Gallade
|-damage|p2a: Gallade|0 fnt
|faint|p2a: Gallade
|
|win|dodmen
|c|âass so phat|g
|c|âass so phat|g
|c|âdodmen|g
|leave|chechote
|c| Philz|lol dead
|leave|cvbdcb