|join|dodmen
|join|4trackboy
|player|p1|dodmen|171
|player|p2|4trackboy|43
|gametype|singles
|gen|6
|tier|UU
|rule|Sleep Clause Mod: Limit one foe put to sleep
|rule|Species Clause: Limit one of each PokÃ©mon
|rule|OHKO Clause: OHKO moves are banned
|rule|Moody Clause: Moody is banned
|rule|Evasion Moves Clause: Evasion moves are banned
|rule|Endless Battle Clause: Forcing endless battles is banned
|rule|HP Percentage Mod: HP is shown in percentages
|clearpoke
|poke|p1|Infernape, M
|poke|p1|Azelf
|poke|p1|Suicune
|poke|p1|Raikou
|poke|p1|Gallade, M
|poke|p1|Krookodile, F
|poke|p2|Empoleon, M
|poke|p2|Tornadus, M
|poke|p2|Krookodile, F
|poke|p2|Espeon, F
|poke|p2|Jirachi
|poke|p2|Kingdra, M
|rule|Swagger Clause: Swagger is banned
|rule|Baton Pass Clause: Limit one PokÃ©mon knowing Baton Pass
|teampreview
|c|â4trackboy|its a funnE team
|
|start
|switch|p1a: Krookodile|Krookodile, F|331\/331
|switch|p2a: Espeon|Espeon, F|272\/272
|-ability|p1a: Krookodile|Intimidate|[of] p2a: Espeon
|-unboost|p2a: Espeon|atk|1
|turn|1
|
|move|p2a: Espeon|Dazzling Gleam|p1a: Krookodile
|-supereffective|p1a: Krookodile
|-damage|p1a: Krookodile|69\/331
|move|p1a: Krookodile|Knock Off|p2a: Espeon
|-supereffective|p2a: Espeon
|-enditem|p2a: Espeon|Focus Sash
|-damage|p2a: Espeon|1\/272
|
|turn|2
|
|move|p2a: Espeon|Dazzling Gleam|p1a: Krookodile
|-supereffective|p1a: Krookodile
|-damage|p1a: Krookodile|0 fnt
|faint|p1a: Krookodile
|
|
|switch|p1a: Azelf|Azelf|291\/291
|turn|3
|
|move|p1a: Azelf|Psyshock|p2a: Espeon
|-resisted|p2a: Espeon
|-damage|p2a: Espeon|0 fnt
|faint|p2a: Espeon
|
|
|switch|p2a: Krookodile|Krookodile, F|331\/331
|-ability|p2a: Krookodile|Intimidate|[of] p1a: Azelf
|-unboost|p1a: Azelf|atk|1
|turn|4
|
|move|p1a: Azelf|Fire Blast|p2a: Krookodile
|-damage|p2a: Krookodile|173\/331
|move|p2a: Krookodile|Pursuit|p1a: Azelf
|-supereffective|p1a: Azelf
|-damage|p1a: Azelf|62\/291
|-damage|p2a: Krookodile|140\/331|[from] item: Life Orb
|
|turn|5
|
|move|p1a: Azelf|Stealth Rock|p2a: Krookodile
|-sidestart|p2: 4trackboy|move: Stealth Rock
|move|p2a: Krookodile|Stealth Rock|p1a: Azelf
|-sidestart|p1: dodmen|move: Stealth Rock
|
|turn|6
|
|move|p1a: Azelf|Fire Blast|p2a: Krookodile|[miss]
|-miss|p1a: Azelf|p2a: Krookodile
|move|p2a: Krookodile|Knock Off|p1a: Azelf
|-supereffective|p1a: Azelf
|-damage|p1a: Azelf|0 fnt
|-enditem|p1a: Azelf|Focus Sash|[from] move: Knock Off|[of] p2a: Krookodile
|-damage|p2a: Krookodile|107\/331|[from] item: Life Orb
|faint|p1a: Azelf
|
|c|âdodmen|that
|c|âdodmen|is
|c|âdodmen|awkward
|c|âdodmen|of
|c|âdodmen|u
|c|âdodmen|to
|c|â4trackboy|it is
|c|âdodmen|do
|c|â4trackboy|what was
|
|switch|p1a: Infernape|Infernape, M|293\/293
|-damage|p1a: Infernape|257\/293|[from] Stealth Rock
|turn|7
|c|â4trackboy|last move
|c|â4trackboy|oo
|c|âdodmen|taunt
|c|â4trackboy|ic
|
|move|p1a: Infernape|Close Combat|p2a: Krookodile
|-supereffective|p2a: Krookodile
|-damage|p2a: Krookodile|0 fnt
|-unboost|p1a: Infernape|def|1
|-unboost|p1a: Infernape|spd|1
|-damage|p1a: Infernape|228\/293|[from] item: Life Orb
|faint|p2a: Krookodile
|
|
|switch|p2a: Kingdra|Kingdra, M|291\/291
|-damage|p2a: Kingdra|255\/291|[from] Stealth Rock
|turn|8
|c|âdodmen|pls
|c|âdodmen|scarf
|c|âdodmen|pls
|
|move|p1a: Infernape|Close Combat|p2a: Kingdra
|-damage|p2a: Kingdra|9\/291
|-unboost|p1a: Infernape|def|1
|-unboost|p1a: Infernape|spd|1
|-damage|p1a: Infernape|199\/293|[from] item: Life Orb
|move|p2a: Kingdra|Rain Dance|p2a: Kingdra
|-weather|RainDance
|
|-weather|RainDance|[upkeep]
|turn|9
|c|â4trackboy|damn
|c|âdodmen|epic
|c|â4trackboy|it doesnt take that quite well
|c|â4trackboy|rip
|c|â4trackboy|but it was cm pass espeon
|c|â4trackboy|rofl
|c|â4trackboy|its so fucking fun
|c|âdodmen|kek
|c|â4trackboy|oml
|c|âdodmen|tornadus is a feggit
|
|move|p2a: Kingdra|Dragon Pulse|p1a: Infernape
|-damage|p1a: Infernape|0 fnt
|-damage|p2a: Kingdra|0 fnt|[from] item: Life Orb
|faint|p1a: Infernape
|faint|p2a: Kingdra
|
|-weather|RainDance|[upkeep]
|c|â4trackboy|he is
|
|switch|p1a: Raikou|Raikou|321\/321
|switch|p2a: Jirachi|Jirachi|341\/341
|-damage|p2a: Jirachi|320\/341|[from] Stealth Rock
|-damage|p1a: Raikou|281\/321|[from] Stealth Rock
|-ability|p1a: Raikou|Pressure
|turn|10
|c|â4trackboy|u win with kou
|c|â4trackboy|regardless
|
|move|p2a: Jirachi|Iron Head|p1a: Raikou
|-resisted|p1a: Raikou
|-damage|p1a: Raikou|199\/321
|move|p1a: Raikou|Volt Switch|p2a: Jirachi
|-damage|p2a: Jirachi|199\/341
|
|switch|p1a: Suicune|Suicune|399\/399
|-damage|p1a: Suicune|350\/399|[from] Stealth Rock
|-ability|p1a: Suicune|Pressure
|
|-weather|RainDance|[upkeep]
|-heal|p1a: Suicune|374\/399|[from] item: Leftovers
|turn|11
|
|switch|p2a: Tornadus|Tornadus, M|299\/299
|-damage|p2a: Tornadus|225\/299|[from] Stealth Rock
|move|p1a: Suicune|Tailwind|p1a: Suicune
|-sidestart|p1: dodmen|move: Tailwind
|
|-weather|RainDance|[upkeep]
|-heal|p1a: Suicune|398\/399|[from] item: Leftovers
|turn|12
|c|âdodmen|tailwind here
|
|move|p1a: Suicune|Ice Beam|p2a: Tornadus
|-supereffective|p2a: Tornadus
|-damage|p2a: Tornadus|0 fnt
|faint|p2a: Tornadus
|
|-weather|none
|-heal|p1a: Suicune|399\/399|[from] item: Leftovers
|
|switch|p2a: Jirachi|Jirachi|199\/341
|-damage|p2a: Jirachi|178\/341|[from] Stealth Rock
|turn|13
|
|move|p2a: Jirachi|U-turn|p1a: Suicune
|-damage|p1a: Suicune|335\/399
|
|switch|p2a: Empoleon|Empoleon, M|309\/309
|-damage|p2a: Empoleon|290\/309|[from] Stealth Rock
|move|p1a: Suicune|Scald|p2a: Empoleon
|-resisted|p2a: Empoleon
|-damage|p2a: Empoleon|234\/309
|
|-heal|p1a: Suicune|359\/399|[from] item: Leftovers
|turn|14
|c|â4trackboy|this emp is sik
|
|move|p1a: Suicune|Scald|p2a: Empoleon
|-resisted|p2a: Empoleon
|-damage|p2a: Empoleon|171\/309
|move|p2a: Empoleon|Substitute|p2a: Empoleon
|-start|p2a: Empoleon|Substitute
|-damage|p2a: Empoleon|94\/309
|
|-heal|p1a: Suicune|383\/399|[from] item: Leftovers
|-sideend|p1: dodmen|move: Tailwind
|turn|15
|c|âdodmen|sd
|c|â4trackboy|that set was legit in
|c|â4trackboy|dpp
|c|â4trackboy|ou
|c|â4trackboy|also bwuu
|c|âdodmen|sub petaya
|c|âdodmen|rite
|c|â4trackboy|y
|c|âdodmen|nb
|join|zsup
|
|move|p2a: Empoleon|Agility|p2a: Empoleon
|-boost|p2a: Empoleon|spe|2
|move|p1a: Suicune|Calm Mind|p1a: Suicune
|-boost|p1a: Suicune|spa|1
|-boost|p1a: Suicune|spd|1
|
|-heal|p1a: Suicune|399\/399|[from] item: Leftovers
|turn|16
|c|â4trackboy|I just cant fit it on a team
|c|â4trackboy|cuz hazard stack
|c|â4trackboy|is ded
|c|â4trackboy|fuck defog
|c|âdodmen|yea
|c|âdodmen|rip sableye
|
|move|p2a: Empoleon|Agility|p2a: Empoleon
|-boost|p2a: Empoleon|spe|2
|move|p1a: Suicune|Scald|p2a: Empoleon
|-resisted|p2a: Empoleon
|-end|p2a: Empoleon|Substitute
|
|turn|17
|
|move|p2a: Empoleon|Substitute|p2a: Empoleon
|-start|p2a: Empoleon|Substitute
|-damage|p2a: Empoleon|17\/309
|-enditem|p2a: Empoleon|Petaya Berry|[eat]
|-boost|p2a: Empoleon|spa|1|[from] item: Petaya Berry
|move|p1a: Suicune|Scald|p2a: Empoleon
|-resisted|p2a: Empoleon
|-end|p2a: Empoleon|Substitute
|
|turn|18
|
|move|p2a: Empoleon|Surf|p1a: Suicune
|-resisted|p1a: Suicune
|-damage|p1a: Suicune|289\/399
|move|p1a: Suicune|Scald|p2a: Empoleon
|-resisted|p2a: Empoleon
|-damage|p2a: Empoleon|0 fnt
|faint|p2a: Empoleon
|
|-heal|p1a: Suicune|313\/399|[from] item: Leftovers
|
|switch|p2a: Jirachi|Jirachi|178\/341
|-damage|p2a: Jirachi|157\/341|[from] Stealth Rock
|turn|19
|c|âdodmen|use sub sd
|c|â4trackboy|could use that
|
|switch|p1a: Gallade|Gallade, M|277\/277
|-damage|p1a: Gallade|260\/277|[from] Stealth Rock
|move|p2a: Jirachi|Iron Head|p1a: Gallade
|-damage|p1a: Gallade|103\/277
|
|turn|20
|c|â4trackboy|oh
|
|detailschange|p1a: Gallade|Gallade-Mega, M
|message|Gallade has Mega Evolved into Mega Gallade!
|move|p1a: Gallade|Shadow Sneak|p2a: Jirachi
|-supereffective|p2a: Jirachi
|-damage|p2a: Jirachi|33\/341
|move|p2a: Jirachi|Iron Head|p1a: Gallade
|-damage|p1a: Gallade|0 fnt
|faint|p1a: Gallade
|
|c|â4trackboy|that did a lot
|c|â4trackboy|and that was weak
|c|âdodmen|lol
|c|âdodmen|i as
|c|âdodmen|gonna show off my ability
|
|switch|p1a: Suicune|Suicune|313\/399
|-damage|p1a: Suicune|264\/399|[from] Stealth Rock
|-ability|p1a: Suicune|Pressure
|turn|21
|
|move|p2a: Jirachi|Iron Head|p1a: Suicune
|-resisted|p1a: Suicune
|-damage|p1a: Suicune|210\/399
|move|p1a: Suicune|Scald|p2a: Jirachi
|-damage|p2a: Jirachi|0 fnt
|faint|p2a: Jirachi
|
|win|dodmen
|c|âdodmen|!
|c|â4trackboy|g_g
|c|âdodmen|g+g