|join|dodmen
|join|DatLatias
|player|p1|dodmen|171
|player|p2|DatLatias|146
|gametype|singles
|gen|6
|tier|UU
|rule|Sleep Clause Mod: Limit one foe put to sleep
|rule|Species Clause: Limit one of each PokÃ©mon
|rule|OHKO Clause: OHKO moves are banned
|rule|Moody Clause: Moody is banned
|rule|Evasion Moves Clause: Evasion moves are banned
|rule|Endless Battle Clause: Forcing endless battles is banned
|rule|HP Percentage Mod: HP is shown in percentages
|clearpoke
|poke|p1|Infernape, M
|poke|p1|Azelf
|poke|p1|Suicune
|poke|p1|Raikou
|poke|p1|Gallade, M
|poke|p1|Krookodile, F
|poke|p2|Shaymin
|poke|p2|Bronzong
|poke|p2|Magneton
|poke|p2|Qwilfish, M
|poke|p2|Florges, F
|poke|p2|Spiritomb, F
|rule|Swagger Clause: Swagger is banned
|rule|Baton Pass Clause: Limit one PokÃ©mon knowing Baton Pass
|teampreview
|c|âDatLatias|hi
|c|âdodmen|ooo
|c|âDatLatias|my teams r too slow
|c|âDatLatias|owel
|
|start
|switch|p1a: Krookodile|Krookodile, F|331\/331
|switch|p2a: Stay|Spiritomb, F|304\/304
|-ability|p1a: Krookodile|Intimidate|[of] p2a: Stay
|-unboost|p2a: Stay|atk|1
|turn|1
|
|switch|p2a: Roses|Florges, F|360\/360
|move|p1a: Krookodile|Taunt|p2a: Roses
|-start|p2a: Roses|move: Taunt
|
|turn|2
|
|switch|p1a: Azelf|Azelf|291\/291
|move|p2a: Roses|Moonblast|p1a: Azelf
|-damage|p1a: Azelf|116\/291
|
|turn|3
|
|move|p1a: Azelf|Stealth Rock|p2a: Roses
|-sidestart|p2: DatLatias|move: Stealth Rock
|move|p2a: Roses|Moonblast|p1a: Azelf
|-damage|p1a: Azelf|0 fnt
|faint|p1a: Azelf
|
|
|switch|p1a: Raikou|Raikou|321\/321
|-ability|p1a: Raikou|Pressure
|turn|4
|
|switch|p2a: Let's Get It On|Shaymin|404\/404
|-damage|p2a: Let's Get It On|354\/404|[from] Stealth Rock
|move|p1a: Raikou|Calm Mind|p1a: Raikou
|-boost|p1a: Raikou|spa|1
|-boost|p1a: Raikou|spd|1
|
|-heal|p2a: Let's Get It On|379\/404|[from] item: Leftovers
|turn|5
|
|move|p1a: Raikou|Hidden Power|p2a: Let's Get It On
|-supereffective|p2a: Let's Get It On
|-damage|p2a: Let's Get It On|183\/404
|move|p2a: Let's Get It On|Substitute|p2a: Let's Get It On
|-start|p2a: Let's Get It On|Substitute
|-damage|p2a: Let's Get It On|82\/404
|
|-heal|p2a: Let's Get It On|107\/404|[from] item: Leftovers
|turn|6
|
|move|p1a: Raikou|Hidden Power|p2a: Let's Get It On
|-supereffective|p2a: Let's Get It On
|-end|p2a: Let's Get It On|Substitute
|move|p2a: Let's Get It On|Leech Seed|p1a: Raikou
|-start|p1a: Raikou|move: Leech Seed
|
|-heal|p2a: Let's Get It On|132\/404|[from] item: Leftovers
|-damage|p1a: Raikou|281\/321|[from] Leech Seed|[of] p2a: Let's Get It On
|-heal|p2a: Let's Get It On|172\/404|[silent]
|turn|7
|
|switch|p2a: Machine Gun Funk|Bronzong|338\/338
|-damage|p2a: Machine Gun Funk|317\/338|[from] Stealth Rock
|move|p1a: Raikou|Volt Switch|p2a: Machine Gun Funk
|-damage|p2a: Machine Gun Funk|203\/338
|c|âdodmen|catch this innovation
|c|âDatLatias|o
|c|âDatLatias|fucking
|c|âDatLatias|op
|c|âdodmen|lol
|
|switch|p1a: Krookodile|Krookodile, F|331\/331
|-ability|p1a: Krookodile|Intimidate|[of] p2a: Machine Gun Funk
|-unboost|p2a: Machine Gun Funk|atk|1
|
|-heal|p2a: Machine Gun Funk|224\/338|[from] item: Leftovers
|turn|8
|c|âDatLatias|do u rly ever use
|c|âDatLatias|volt switch
|c|âdodmen|i just
|c|âdodmen|did
|c|âdodmen|n_n
|c|âDatLatias|n_n
|
|move|p1a: Krookodile|Knock Off|p2a: Machine Gun Funk
|-supereffective|p2a: Machine Gun Funk
|-damage|p2a: Machine Gun Funk|0 fnt
|-enditem|p2a: Machine Gun Funk|Leftovers|[from] move: Knock Off|[of] p1a: Krookodile
|faint|p2a: Machine Gun Funk
|
|
|switch|p2a: Let's Get It On|Shaymin|172\/404
|-damage|p2a: Let's Get It On|122\/404|[from] Stealth Rock
|turn|9
|c|âDatLatias|fast teams r op
|c|âDatLatias|i need some
|c|âDatLatias|sticky web
|
|move|p2a: Let's Get It On|Substitute|p2a: Let's Get It On
|-start|p2a: Let's Get It On|Substitute
|-damage|p2a: Let's Get It On|21\/404
|move|p1a: Krookodile|Knock Off|p2a: Let's Get It On
|-end|p2a: Let's Get It On|Substitute
|
|-heal|p2a: Let's Get It On|46\/404|[from] item: Leftovers
|turn|10
|c|âDatLatias|o
|c|âDatLatias|awkward
|c|âDatLatias|of you
|c|âDatLatias|to do that
|
|switch|p1a: Raikou|Raikou|281\/321
|-ability|p1a: Raikou|Pressure
|move|p2a: Let's Get It On|Seed Flare|p1a: Raikou
|-damage|p1a: Raikou|143\/321
|-unboost|p1a: Raikou|spd|2
|
|-heal|p1a: Raikou|163\/321|[from] item: Leftovers
|-heal|p2a: Let's Get It On|71\/404|[from] item: Leftovers
|turn|11
|
|move|p1a: Raikou|Hidden Power|p2a: Let's Get It On
|-supereffective|p2a: Let's Get It On
|-damage|p2a: Let's Get It On|0 fnt
|faint|p2a: Let's Get It On
|
|-heal|p1a: Raikou|183\/321|[from] item: Leftovers
|
|switch|p2a: Klnk|Magneton|241\/241
|-damage|p2a: Klnk|226\/241|[from] Stealth Rock
|turn|12
|join|zTPCz
|
|move|p1a: Raikou|Volt Switch|p2a: Klnk
|-resisted|p2a: Klnk
|-damage|p2a: Klnk|145\/241
|
|switch|p1a: Krookodile|Krookodile, F|331\/331
|-ability|p1a: Krookodile|Intimidate|[of] p2a: Klnk
|-unboost|p2a: Klnk|atk|1
|move|p2a: Klnk|Volt Switch|p1a: Krookodile
|-immune|p1a: Krookodile|[msg]
|
|turn|13
|c|âDatLatias|"resit"
|c|âDatLatias|u
|c|âDatLatias|r
|c|âDatLatias|1fuk
|c|âdodmen|LOL
|c|âDatLatias|cheeky
|c|âDatLatias|kunt
|c|âDatLatias|mate
|c|âDatLatias|i
|c|âDatLatias|swer
|leave|DatLatias
|player|p2
|-message|dodmen forfeited.
|
|win|DatLatias