|join|dodmen
|join|DatLatias
|c|âDatLatias|hi
|c|âdodmen|hi
|c|âDatLatias|format thing is low nowadays
|player|p1|dodmen|171
|player|p2|DatLatias|146
|gametype|singles
|gen|6
|tier|UU
|rule|Sleep Clause Mod: Limit one foe put to sleep
|rule|Species Clause: Limit one of each PokÃ©mon
|rule|OHKO Clause: OHKO moves are banned
|rule|Moody Clause: Moody is banned
|rule|Evasion Moves Clause: Evasion moves are banned
|rule|Endless Battle Clause: Forcing endless battles is banned
|rule|HP Percentage Mod: HP is shown in percentages
|clearpoke
|poke|p1|Infernape, F
|poke|p1|Azelf
|poke|p1|Suicune
|poke|p1|Raikou
|poke|p1|Crobat, M
|poke|p1|Krookodile, M
|poke|p2|Hippowdon, M
|poke|p2|Aromatisse, M
|poke|p2|Roserade, M
|poke|p2|Crobat, F
|poke|p2|Vaporeon, M
|poke|p2|Meloetta
|rule|Swagger Clause: Swagger is banned
|rule|Baton Pass Clause: Limit one PokÃ©mon knowing Baton Pass
|teampreview
|c|âDatLatias|slow
|c|âDatLatias|although low also works
|c|âDatLatias|xD
|c|âdodmen|x d
|c|âdodmen|this is very anti-ho
|c|âDatLatias|yeah
|c|âDatLatias|what do you thin
|c|âDatLatias|is generally best
|c|âdodmen|i feel like weak againt other stall
|c|âDatLatias|this team?
|c|âDatLatias|i just rekt
|c|âDatLatias|that fgt
|c|âDatLatias|'s stall
|c|âdodmen|how do u beat xatu + shed tbh
|c|âDatLatias|i dont
|c|âdodmen|ya but he was bad
|c|âDatLatias|i have
|c|âDatLatias|stone edge tho
|c|âdodmen|oh
|c|âDatLatias|he waws like
|c|âdodmen|why
|c|âdodmen|lol
|c|âDatLatias|1600+
|c|âdodmen|i feel like you really want whirlwind
|c|âDatLatias|shh
|
|start
|switch|p1a: Azelf|Azelf|291\/291
|switch|p2a: PUNK WEIGHT|Aromatisse, M|406\/406
|turn|1
|c|âdodmen|goddamnit
|c|âdodmen|i lose to this
|
|move|p1a: Azelf|Stealth Rock|p2a: PUNK WEIGHT
|-sidestart|p2: DatLatias|move: Stealth Rock
|move|p2a: PUNK WEIGHT|Moonblast|p1a: Azelf
|-damage|p1a: Azelf|146\/291
|
|turn|2
|c|âDatLatias|tfw sd ape kinda goes in but not too much
|c|âdodmen|not too much
|
|switch|p1a: Crobat|Crobat, M|341\/341
|move|p2a: PUNK WEIGHT|Wish|p2a: PUNK WEIGHT
|
|turn|3
|c|âDatLatias|what do u
|c|âDatLatias|have for this
|
|move|p1a: Crobat|Taunt|p2a: PUNK WEIGHT
|-fail|p2a: PUNK WEIGHT
|move|p2a: PUNK WEIGHT|Moonblast|p1a: Crobat
|-resisted|p1a: Crobat
|-damage|p1a: Crobat|272\/341
|-unboost|p1a: Crobat|spa|1
|
|-heal|p1a: Crobat|293\/341|[from] item: Black Sludge
|turn|4
|c|âDatLatias|banded cross poison
|c|âDatLatias|imo
|c|âDatLatias|fucking
|c|âDatLatias|sick
|c|âdodmen|lol
|c|âdodmen|i was tryna get the switchin
|c|âDatLatias|kek
|c|âdodmen|âdodmen: i lose to this
|
|move|p1a: Crobat|Brave Bird|p2a: PUNK WEIGHT
|-damage|p2a: PUNK WEIGHT|259\/406
|-damage|p1a: Crobat|244\/341|[from] recoil|[of] p2a: PUNK WEIGHT
|move|p2a: PUNK WEIGHT|Wish|p2a: PUNK WEIGHT
|
|-heal|p1a: Crobat|265\/341|[from] item: Black Sludge
|-heal|p2a: PUNK WEIGHT|284\/406|[from] item: Leftovers
|turn|5
|c|âDatLatias|kek
|
|move|p1a: Crobat|Taunt|p2a: PUNK WEIGHT
|-fail|p2a: PUNK WEIGHT
|move|p2a: PUNK WEIGHT|Moonblast|p1a: Crobat
|-resisted|p1a: Crobat
|-damage|p1a: Crobat|198\/341
|-unboost|p1a: Crobat|spa|1
|
|-heal|p2a: PUNK WEIGHT|406\/406|[from] move: Wish|[wisher] PUNK WEIGHT
|-heal|p1a: Crobat|219\/341|[from] item: Black Sludge
|turn|6
|
|switch|p2a: DEEP WEB|Vaporeon, M|451\/451
|-damage|p2a: DEEP WEB|395\/451|[from] Stealth Rock
|move|p1a: Crobat|Roost|p1a: Crobat
|-heal|p1a: Crobat|341\/341
|
|-heal|p2a: DEEP WEB|423\/451|[from] item: Leftovers
|turn|7
|
|move|p1a: Crobat|U-turn|p2a: DEEP WEB
|-crit|p2a: DEEP WEB
|-damage|p2a: DEEP WEB|332\/451
|c|âDatLatias|raikou kinda goes in
|c|âdodmen|burn here
|
|switch|p1a: Raikou|Raikou|321\/321
|-ability|p1a: Raikou|Pressure
|move|p2a: DEEP WEB|Scald|p1a: Raikou
|-damage|p1a: Raikou|227\/321
|
|-heal|p1a: Raikou|247\/321|[from] item: Leftovers
|-heal|p2a: DEEP WEB|360\/451|[from] item: Leftovers
|turn|8
|c|âDatLatias|ill just crit burn it
|c|âDatLatias|imo
|c|âDatLatias|wow hax
|
|switch|p1a: Azelf|Azelf|146\/291
|switch|p2a: PUNK WEIGHT|Aromatisse, M|406\/406
|-damage|p2a: PUNK WEIGHT|356\/406|[from] Stealth Rock
|
|-heal|p2a: PUNK WEIGHT|381\/406|[from] item: Leftovers
|turn|9
|c|âdodmen|i canceled
|c|âDatLatias|i didnt
|c|âDatLatias|click
|c|âDatLatias|that
|c|âDatLatias|either
|c|âdodmen|lol
|c|âdodmen|let's both
|c|âDatLatias|i was goin
|c|âdodmen|click what we meant to do
|c|âDatLatias|to rose
|c|âDatLatias|if u
|c|âDatLatias|psyshock
|c|âdodmen|stop
|c|âdodmen|don't switch
|c|âdodmen|i clicked psyshock
|c|âDatLatias|o
|c|âdodmen|but cancel is aids
|c|âDatLatias|kek
|c|âDatLatias|yeah
|c|âDatLatias|cancel
|c|âDatLatias|wil get ya
|
|move|p1a: Azelf|Psyshock|p2a: PUNK WEIGHT
|-damage|p2a: PUNK WEIGHT|254\/406
|move|p2a: PUNK WEIGHT|Moonblast|p1a: Azelf
|-damage|p1a: Azelf|0 fnt
|faint|p1a: Azelf
|
|-heal|p2a: PUNK WEIGHT|279\/406|[from] item: Leftovers
|
|switch|p1a: Infernape|Infernape, F|293\/293
|turn|10
|
|switch|p2a: The Don|Hippowdon, M|420\/420
|-damage|p2a: The Don|394\/420|[from] Stealth Rock
|move|p1a: Infernape|Flare Blitz|p2a: The Don
|-damage|p2a: The Don|241\/420
|-damage|p1a: Infernape|243\/293|[from] recoil|[of] p2a: The Don
|-damage|p1a: Infernape|214\/293|[from] item: Life Orb
|
|-heal|p2a: The Don|267\/420|[from] item: Leftovers
|turn|11
|c|âdodmen|that did nothing
|c|âDatLatias|kek
|
|move|p1a: Infernape|Swords Dance|p1a: Infernape
|-boost|p1a: Infernape|atk|2
|move|p2a: The Don|Stealth Rock|p1a: Infernape
|-sidestart|p1: dodmen|move: Stealth Rock
|
|-heal|p2a: The Don|293\/420|[from] item: Leftovers
|turn|12
|c|âDatLatias|should i change to
|c|âDatLatias|special hippo
|c|âDatLatias|for electric types
|c|âdodmen|lol
|c|âdodmen|probably
|c|âDatLatias|i got shrekt by mampharos
|c|âDatLatias|but i probably wouldve won
|c|âdodmen|yeah that
|c|âdodmen|is in
|c|âDatLatias|but i had to leave
|c|âDatLatias|it to lke
|c|âDatLatias|50 minutes
|c|âdodmen|idk like
|c|âDatLatias|fucking
|c|âDatLatias|aifs
|c|âDatLatias|imo
|c|âdodmen|wall breakers kind of go in
|
|move|p1a: Infernape|Flare Blitz|p2a: The Don
|-damage|p2a: The Don|0 fnt
|-damage|p1a: Infernape|117\/293|[from] recoil|[of] p2a: The Don
|-damage|p1a: Infernape|88\/293|[from] item: Life Orb
|faint|p2a: The Don
|
|
|switch|p2a: BLACK DICE|Crobat, F|369\/369
|-damage|p2a: BLACK DICE|277\/369|[from] Stealth Rock
|turn|13
|c|âdodmen|cause like
|
|switch|p1a: Krookodile|Krookodile, M|331\/331
|-damage|p1a: Krookodile|311\/331|[from] Stealth Rock
|-ability|p1a: Krookodile|Intimidate|[of] p2a: BLACK DICE
|-unboost|p2a: BLACK DICE|atk|1
|move|p2a: BLACK DICE|Brave Bird|p1a: Krookodile
|-damage|p1a: Krookodile|181\/331
|-damage|p2a: BLACK DICE|234\/369|[from] recoil|[of] p1a: Krookodile
|
|-heal|p2a: BLACK DICE|257\/369|[from] item: Black Sludge
|turn|14
|c|âdodmen|idk none of your mons are like really bulky
|c|âDatLatias|yeah
|c|âDatLatias|no bliss
|c|âdodmen|i guess it's better than
|c|âdodmen|blissey sunfish aromatisse
|c|âDatLatias|lol
|
|switch|p2a: PUNK WEIGHT|Aromatisse, M|279\/406
|-damage|p2a: PUNK WEIGHT|229\/406|[from] Stealth Rock
|move|p1a: Krookodile|Knock Off|p2a: PUNK WEIGHT
|-resisted|p2a: PUNK WEIGHT
|-damage|p2a: PUNK WEIGHT|149\/406
|-enditem|p2a: PUNK WEIGHT|Leftovers|[from] move: Knock Off|[of] p1a: Krookodile
|
|turn|15
|c|âDatLatias|yeah
|
|switch|p1a: Infernape|Infernape, F|88\/293
|-damage|p1a: Infernape|52\/293|[from] Stealth Rock
|move|p2a: PUNK WEIGHT|Moonblast|p1a: Infernape
|-damage|p1a: Infernape|0 fnt
|faint|p1a: Infernape
|
|c|âdodmen|oof
|c|âDatLatias|kek
|
|switch|p1a: Raikou|Raikou|247\/321
|-damage|p1a: Raikou|207\/321|[from] Stealth Rock
|-ability|p1a: Raikou|Pressure
|turn|16
|
|switch|p2a: WHATEVER I WANT|Meloetta|404\/404
|-damage|p2a: WHATEVER I WANT|354\/404|[from] Stealth Rock
|move|p1a: Raikou|Thunderbolt|p2a: WHATEVER I WANT
|-damage|p2a: WHATEVER I WANT|263\/404
|
|-heal|p1a: Raikou|227\/321|[from] item: Leftovers
|-heal|p2a: WHATEVER I WANT|288\/404|[from] item: Leftovers
|turn|17
|
|move|p1a: Raikou|Volt Switch|p2a: WHATEVER I WANT
|-crit|p2a: WHATEVER I WANT
|-damage|p2a: WHATEVER I WANT|179\/404
|c|âDatLatias|o
|c|âDatLatias|awkw
|
|switch|p1a: Krookodile|Krookodile, M|181\/331
|-damage|p1a: Krookodile|161\/331|[from] Stealth Rock
|-ability|p1a: Krookodile|Intimidate|[of] p2a: WHATEVER I WANT
|-unboost|p2a: WHATEVER I WANT|atk|1
|move|p2a: WHATEVER I WANT|Perish Song|p2a: WHATEVER I WANT
|-fieldactivate|move: Perish Song
|
|-start|p1a: Krookodile|perish3
|-start|p2a: WHATEVER I WANT|perish3
|-heal|p2a: WHATEVER I WANT|204\/404|[from] item: Leftovers
|turn|18
|c|âdodmen|lol
|c|âdodmen|loool
|c|âDatLatias|pls
|
|move|p2a: WHATEVER I WANT|Protect|p2a: WHATEVER I WANT
|-singleturn|p2a: WHATEVER I WANT|Protect
|move|p1a: Krookodile|Pursuit|p2a: WHATEVER I WANT
|-activate|p2a: WHATEVER I WANT|Protect
|
|-start|p1a: Krookodile|perish2
|-start|p2a: WHATEVER I WANT|perish2
|-heal|p2a: WHATEVER I WANT|229\/404|[from] item: Leftovers
|turn|19
|c|âdodmen|i
|c|âDatLatias|rip
|c|âDatLatias|in
|c|âdodmen|CANCELD
|c|âdodmen|fuck
|c|âDatLatias|rip
|
|switch|p2a: PUNK WEIGHT|Aromatisse, M|149\/406
|-damage|p2a: PUNK WEIGHT|99\/406|[from] Stealth Rock
|move|p1a: Krookodile|Knock Off|p2a: PUNK WEIGHT
|-resisted|p2a: PUNK WEIGHT
|-damage|p2a: PUNK WEIGHT|40\/406
|
|-start|p1a: Krookodile|perish1
|turn|20
|c|âDatLatias|simeply
|c|âDatLatias|epic
|c|âDatLatias|xD
|
|move|p1a: Krookodile|Knock Off|p2a: PUNK WEIGHT
|-resisted|p2a: PUNK WEIGHT
|-damage|p2a: PUNK WEIGHT|0 fnt
|faint|p2a: PUNK WEIGHT
|
|-start|p1a: Krookodile|perish0
|faint|p1a: Krookodile
|c|âdodmen|oml
|
|switch|p1a: Crobat|Crobat, M|341\/341
|switch|p2a: BLACK DICE|Crobat, F|257\/369
|-damage|p1a: Crobat|256\/341|[from] Stealth Rock
|-damage|p2a: BLACK DICE|165\/369|[from] Stealth Rock
|turn|21
|
|move|p1a: Crobat|Brave Bird|p2a: BLACK DICE
|-damage|p2a: BLACK DICE|0 fnt
|-damage|p1a: Crobat|202\/341|[from] recoil|[of] p2a: BLACK DICE
|faint|p2a: BLACK DICE
|
|-heal|p1a: Crobat|223\/341|[from] item: Black Sludge
|
|switch|p2a: DEEP WEB|Vaporeon, M|360\/451
|-damage|p2a: DEEP WEB|304\/451|[from] Stealth Rock
|turn|22
|
|move|p1a: Crobat|U-turn|p2a: DEEP WEB
|-damage|p2a: DEEP WEB|236\/451
|c|âDatLatias|eaasiest
|c|âDatLatias|brun
|
|switch|p1a: Suicune|Suicune|391\/391
|-damage|p1a: Suicune|343\/391|[from] Stealth Rock
|-ability|p1a: Suicune|Pressure
|move|p2a: DEEP WEB|Scald|p1a: Suicune
|-resisted|p1a: Suicune
|-damage|p1a: Suicune|301\/391
|
|-heal|p1a: Suicune|325\/391|[from] item: Leftovers
|-heal|p2a: DEEP WEB|264\/451|[from] item: Leftovers
|turn|23
|
|move|p1a: Suicune|Calm Mind|p1a: Suicune
|-boost|p1a: Suicune|spa|1
|-boost|p1a: Suicune|spd|1
|move|p2a: DEEP WEB|Wish|p2a: DEEP WEB
|
|-heal|p1a: Suicune|349\/391|[from] item: Leftovers
|-heal|p2a: DEEP WEB|292\/451|[from] item: Leftovers
|turn|24
|
|move|p1a: Suicune|Calm Mind|p1a: Suicune
|-boost|p1a: Suicune|spa|1
|-boost|p1a: Suicune|spd|1
|move|p2a: DEEP WEB|Roar|p1a: Suicune
|drag|p1a: Raikou|Raikou|227\/321
|-damage|p1a: Raikou|187\/321|[from] Stealth Rock
|-ability|p1a: Raikou|Pressure
|
|-heal|p2a: DEEP WEB|451\/451|[from] move: Wish|[wisher] DEEP WEB
|-heal|p1a: Raikou|207\/321|[from] item: Leftovers
|turn|25
|c|âDatLatias|you cant even
|c|âDatLatias|freeze
|c|âDatLatias|cuz scald
|c|âDatLatias|kek
|c|âdodmen|lol
|c|âdodmen|i wonder
|c|âdodmen|what cancel
|c|âdodmen|will make me do
|c|âdodmen|i basically clicked all four moves kek
|c|âDatLatias|lol
|c|âDatLatias|solid
|
|move|p1a: Raikou|Thunderbolt|p2a: DEEP WEB
|-supereffective|p2a: DEEP WEB
|-damage|p2a: DEEP WEB|209\/451
|move|p2a: DEEP WEB|Roar|p1a: Raikou
|drag|p1a: Crobat|Crobat, M|223\/341
|-damage|p1a: Crobat|138\/341|[from] Stealth Rock
|
|-heal|p1a: Crobat|159\/341|[from] item: Black Sludge
|-heal|p2a: DEEP WEB|237\/451|[from] item: Leftovers
|turn|26
|c|âDatLatias|what is
|c|âDatLatias|damage
|c|âDatLatias|imo
|
|move|p1a: Crobat|Taunt|p2a: DEEP WEB
|-start|p2a: DEEP WEB|move: Taunt
|move|p2a: DEEP WEB|Scald|p1a: Crobat
|-damage|p1a: Crobat|29\/341
|
|-heal|p1a: Crobat|50\/341|[from] item: Black Sludge
|-heal|p2a: DEEP WEB|265\/451|[from] item: Leftovers
|turn|27
|
|move|p1a: Crobat|Brave Bird|p2a: DEEP WEB
|-damage|p2a: DEEP WEB|88\/451
|-damage|p1a: Crobat|0 fnt|[from] recoil|[of] p2a: DEEP WEB
|faint|p1a: Crobat
|move|p2a: DEEP WEB|Scald|p1: Crobat|[notarget]
|-notarget
|
|-heal|p2a: DEEP WEB|116\/451|[from] item: Leftovers
|
|switch|p1a: Raikou|Raikou|207\/321
|-damage|p1a: Raikou|167\/321|[from] Stealth Rock
|-ability|p1a: Raikou|Pressure
|turn|28
|
|switch|p2a: WHATEVER I WANT|Meloetta|229\/404
|-damage|p2a: WHATEVER I WANT|179\/404|[from] Stealth Rock
|move|p1a: Raikou|Thunderbolt|p2a: WHATEVER I WANT
|-damage|p2a: WHATEVER I WANT|80\/404
|
|-heal|p1a: Raikou|187\/321|[from] item: Leftovers
|-heal|p2a: WHATEVER I WANT|105\/404|[from] item: Leftovers
|turn|29
|
|move|p1a: Raikou|Thunderbolt|p2a: WHATEVER I WANT
|-damage|p2a: WHATEVER I WANT|11\/404
|move|p2a: WHATEVER I WANT|Perish Song|p2a: WHATEVER I WANT
|-fieldactivate|move: Perish Song
|
|-start|p1a: Raikou|perish3
|-start|p2a: WHATEVER I WANT|perish3
|-heal|p1a: Raikou|207\/321|[from] item: Leftovers
|-heal|p2a: WHATEVER I WANT|36\/404|[from] item: Leftovers
|turn|30
|
|move|p1a: Raikou|Calm Mind|p1a: Raikou
|-boost|p1a: Raikou|spa|1
|-boost|p1a: Raikou|spd|1
|move|p2a: WHATEVER I WANT|Hyper Voice|p1a: Raikou
|-damage|p1a: Raikou|117\/321
|
|-start|p1a: Raikou|perish2
|-start|p2a: WHATEVER I WANT|perish2
|-heal|p1a: Raikou|137\/321|[from] item: Leftovers
|-heal|p2a: WHATEVER I WANT|61\/404|[from] item: Leftovers
|turn|31
|
|move|p2a: WHATEVER I WANT|Protect|p2a: WHATEVER I WANT
|-singleturn|p2a: WHATEVER I WANT|Protect
|move|p1a: Raikou|Thunderbolt|p2a: WHATEVER I WANT
|-activate|p2a: WHATEVER I WANT|Protect
|
|-start|p1a: Raikou|perish1
|-start|p2a: WHATEVER I WANT|perish1
|-heal|p1a: Raikou|157\/321|[from] item: Leftovers
|-heal|p2a: WHATEVER I WANT|86\/404|[from] item: Leftovers
|turn|32
|c|âDatLatias|double protect y\/n
|c|âdodmen|go for the double
|c|âDatLatias|n
|c|âDatLatias|i would have to
|c|âDatLatias|kill myself
|
|move|p1a: Raikou|Volt Switch|p2a: WHATEVER I WANT
|-crit|p2a: WHATEVER I WANT
|-damage|p2a: WHATEVER I WANT|0 fnt
|faint|p2a: WHATEVER I WANT
|c|âDatLatias|if i did that
|c|âdodmen|you died anyway
|c|âdodmen|so there was no
|c|âdodmen|reason to not do it
|c|âdodmen|lol
|c|âDatLatias|ik
|c|âDatLatias|i just
|c|âDatLatias|really dont like
|c|âdodmen|y
|c|âdodmen|i get it
|
|switch|p1a: Suicune|Suicune|349\/391
|-damage|p1a: Suicune|301\/391|[from] Stealth Rock
|-ability|p1a: Suicune|Pressure
|
|-heal|p1a: Suicune|325\/391|[from] item: Leftovers
|c|âDatLatias|when people go for it
|c|âDatLatias|its not
|c|âDatLatias|good
|
|switch|p2a: Vanilla Salt|Roserade, M|324\/324
|-damage|p2a: Vanilla Salt|284\/324|[from] Stealth Rock
|turn|33
|
|move|p1a: Suicune|Calm Mind|p1a: Suicune
|-boost|p1a: Suicune|spa|1
|-boost|p1a: Suicune|spd|1
|move|p2a: Vanilla Salt|Spikes|p1a: Suicune
|-sidestart|p1: dodmen|Spikes
|
|-heal|p1a: Suicune|349\/391|[from] item: Leftovers
|-heal|p2a: Vanilla Salt|304\/324|[from] item: Black Sludge
|turn|34
|
|move|p1a: Suicune|Calm Mind|p1a: Suicune
|-boost|p1a: Suicune|spa|1
|-boost|p1a: Suicune|spd|1
|move|p2a: Vanilla Salt|Spikes|p1a: Suicune
|-sidestart|p1: dodmen|Spikes
|
|-heal|p1a: Suicune|373\/391|[from] item: Leftovers
|-heal|p2a: Vanilla Salt|324\/324|[from] item: Black Sludge
|turn|35
|c|âdodmen|u gotta crit friend
|c|âDatLatias|shh
|
|switch|p2a: DEEP WEB|Vaporeon, M|116\/451
|-damage|p2a: DEEP WEB|60\/451|[from] Stealth Rock
|move|p1a: Suicune|Calm Mind|p1a: Suicune
|-boost|p1a: Suicune|spa|1
|-boost|p1a: Suicune|spd|1
|
|-heal|p1a: Suicune|391\/391|[from] item: Leftovers
|-heal|p2a: DEEP WEB|88\/451|[from] item: Leftovers
|turn|36
|
|move|p2a: DEEP WEB|Protect|p2a: DEEP WEB
|-singleturn|p2a: DEEP WEB|Protect
|move|p1a: Suicune|Calm Mind|p1a: Suicune
|-boost|p1a: Suicune|spa|1
|-boost|p1a: Suicune|spd|1
|
|-heal|p2a: DEEP WEB|116\/451|[from] item: Leftovers
|turn|37
|
|move|p1a: Suicune|Ice Beam|p2a: DEEP WEB
|-resisted|p2a: DEEP WEB
|-damage|p2a: DEEP WEB|0 fnt
|faint|p2a: DEEP WEB
|
|c|âDatLatias|o
|c|âDatLatias|o
|c|âDatLatias|o
|c|âDatLatias|o
|c|âDatLatias|o
|c|âDatLatias|o
|c|âDatLatias|oo
|c|âdodmen|i feel like you should be spdef
|c|âDatLatias|o
|c|âdodmen|lol
|c|âDatLatias|o
|c|âDatLatias|o
|c|âDatLatias|o
|c|âDatLatias|o
|c|âDatLatias|o
|c|âDatLatias|o
|c|âDatLatias|i
|c|âDatLatias|am
|c|âDatLatias|200\/56+
|c|âdodmen|oh
|c|âDatLatias|rip
|c|âdodmen|i mean
|c|âDatLatias|easiest
|c|âdodmen|full
|c|âDatLatias|crit
|c|âdodmen|but then
|c|âDatLatias|of
|c|âdodmen|no fire resist
|c|âDatLatias|my life
|c|âdodmen|so idk
|c|âDatLatias|i shouldve
|c|âDatLatias|roar
|c|âDatLatias|d
|c|âDatLatias|but
|c|âDatLatias|idk
|c|âdodmen|rip dmt :\/
|c|âDatLatias|rip
|
|switch|p2a: Vanilla Salt|Roserade, M|324\/324
|-damage|p2a: Vanilla Salt|284\/324|[from] Stealth Rock
|turn|38
|c|âdodmen|if you roared then like
|c|âdodmen|i just volt switched
|c|âDatLatias|yeah
|c|âDatLatias|idk
|c|âDatLatias|crit
|c|âDatLatias|clit
|c|âDatLatias|clitical clit
|
|move|p1a: Suicune|Ice Beam|p2a: Vanilla Salt
|-supereffective|p2a: Vanilla Salt
|-damage|p2a: Vanilla Salt|0 fnt
|faint|p2a: Vanilla Salt
|
|win|dodmen
|c|âDatLatias|o
|c|âDatLatias|right
|c|âDatLatias|kek
|c|âDatLatias|thx for going thru the aids
|leave|DatLatias