|join|dodmen
|join|xShiba
|join|IheartMagikarp
|join|s4rcasm
|join|Reunitickles
|join|LiberalLucario
|join|hairy toenail
|join|Shit user
|join|aionthesinner1
|join|THE_iTodd
|join|SmashBrosBrawl
|join|Munkin
|c| THE_iTodd|go
|player|p1|dodmen|171
|player|p2|xShiba|260
|gametype|singles
|gen|6
|tier|UU
|rule|Sleep Clause Mod: Limit one foe put to sleep
|rule|Species Clause: Limit one of each PokÃ©mon
|rule|OHKO Clause: OHKO moves are banned
|rule|Moody Clause: Moody is banned
|rule|Evasion Moves Clause: Evasion moves are banned
|rule|Endless Battle Clause: Forcing endless battles is banned
|rule|HP Percentage Mod: HP is shown in percentages
|clearpoke
|poke|p1|Mienshao, M
|poke|p1|Empoleon, M
|poke|p1|Pidgeot, M
|poke|p1|Krookodile, M
|poke|p1|Florges, F
|poke|p1|Zygarde
|poke|p2|Celebi
|poke|p2|Sharpedo, M, shiny
|poke|p2|Jirachi, shiny
|poke|p2|Yanmega, M, shiny
|poke|p2|Donphan, F
|poke|p2|Vaporeon, F
|rule|Swagger Clause: Swagger is banned
|rule|Baton Pass Clause: Limit one PokÃ©mon knowing Baton Pass
|teampreview
|c| THE_iTodd|dod
|c| hairy toenail|lag
|c| Reunitickles|go
|c|+SmashBrosBrawl|nigga
|join|VBD OTR
|join|watfor
|c|+SmashBrosBrawl|vs faget
|c|+SmashBrosBrawl|go
|c| IheartMagikarp|which one is which
|c| THE_iTodd|sbb you're not playing
|c| THE_iTodd|tho
|c|+SmashBrosBrawl|figure it out
|c| THE_iTodd|xD
|c|+SmashBrosBrawl|xD
|c|+SmashBrosBrawl|todd
|c|âxShiba|I get the feeling
|c|+SmashBrosBrawl|classic todd
|c|âxShiba|SBB doesnt like me
|c|âxShiba|kek
|c|+SmashBrosBrawl|k
|c|+SmashBrosBrawl|EK
|c| IheartMagikarp|no one likes you shiba
|c| Shit user|what noise to pigeons make
|
|start
|switch|p1a: Empoleon|Empoleon, M|361\/361
|switch|p2a: Steve|Donphan, F|322\/322
|turn|1
|c|âxShiba|or
|c|âxShiba|salt
|c| Shit user|do*
|c| THE_iTodd|i like you shiba
|c| THE_iTodd|:)
|join|FallenAngels17
|c|+SmashBrosBrawl|todd
|c|+SmashBrosBrawl|i though you liked
|c|+SmashBrosBrawl|me
|c|âxShiba|Bud<33
|c|+SmashBrosBrawl|,,
|c| Shit user|oi
|c| hairy toenail|n.n
|c| Shit user|what noise do pigeons make
|c| hairy toenail|caw caw
|c|+SmashBrosBrawl|they make
|c|+SmashBrosBrawl|coo
|c|+SmashBrosBrawl|cooo
|c| Reunitickles|Pigeon noises duh
|c| Shit user|coo
|c|+SmashBrosBrawl|coo coo
|c| Shit user|cooooooo
|c|+SmashBrosBrawl|COO
|
|move|p1a: Empoleon|Grass Knot|p2a: Steve
|-supereffective|p2a: Steve
|-activate|p2a: Steve|Sturdy
|-damage|p2a: Steve|1\/322
|move|p2a: Steve|Earthquake|p1a: Empoleon
|-supereffective|p1a: Empoleon
|-damage|p1a: Empoleon|5\/361
|
|-heal|p1a: Empoleon|27\/361|[from] item: Leftovers
|-heal|p2a: Steve|21\/322|[from] item: Leftovers
|turn|2
|c| Shit user|thats an owl
|c|+SmashBrosBrawl|rofl
|join|test choir
|c| Shit user|>not av phan
|c|+SmashBrosBrawl|shit user
|c| Shit user|hi
|c|+SmashBrosBrawl|i think they say
|c|+SmashBrosBrawl|chirp
|c|+SmashBrosBrawl|chirp chirp
|c| Shit user|cheep cheep
|c| Shit user|n_n
|c|+SmashBrosBrawl|sheep
|c|+SmashBrosBrawl|sheep sheep sheep
|c| Shit user|xdd
|c|+SmashBrosBrawl|xd
|c|+SmashBrosBrawl|n
|
|switch|p2a: Hey CuneÂ¯\_(ã)_\/Â¯|Vaporeon, F|452\/452
|move|p1a: Empoleon|Flash Cannon|p2a: Hey CuneÂ¯\_(ã)_\/Â¯
|-resisted|p2a: Hey CuneÂ¯\_(ã)_\/Â¯
|-damage|p2a: Hey CuneÂ¯\_(ã)_\/Â¯|392\/452
|
|-heal|p1a: Empoleon|49\/361|[from] item: Leftovers
|-heal|p2a: Hey CuneÂ¯\_(ã)_\/Â¯|420\/452|[from] item: Leftovers
|turn|3
|c|+SmashBrosBrawl|thats what
|c|+SmashBrosBrawl|sheeps says
|c| THE_iTodd|ice shard kills
|c| THE_iTodd|imo
|c| Reunitickles|2 late
|c| THE_iTodd|Â¯\_(ã)_\/Â¯
|c| Shit user|linda would 6-0 ur team shiba
|
|move|p1a: Empoleon|Stealth Rock|p2a: Hey CuneÂ¯\_(ã)_\/Â¯
|-sidestart|p2: xShiba|move: Stealth Rock
|move|p2a: Hey CuneÂ¯\_(ã)_\/Â¯|Scald|p1a: Empoleon
|-resisted|p1a: Empoleon
|-damage|p1a: Empoleon|0 fnt
|faint|p1a: Empoleon
|
|-heal|p2a: Hey CuneÂ¯\_(ã)_\/Â¯|448\/452|[from] item: Leftovers
|c|+SmashBrosBrawl|how tf was ice shard going to kill
|c|+SmashBrosBrawl|4x resist
|c|+SmashBrosBrawl|it probably does like
|c|+SmashBrosBrawl|0
|c| THE_iTodd|stfu
|c| Shit user|he was banded
|c| Shit user|you dumbfuck
|c|+SmashBrosBrawl|xd
|c| THE_iTodd|^
|c|âxShiba|Aqua Jet Shark kills Linda :^)
|c|+SmashBrosBrawl|from who
|c| Shit user|wtf ur not
|
|switch|p1a: Florges|Florges, F|357\/357
|turn|4
|c| Shit user|real enough
|join|finnigans wake
|c|+SmashBrosBrawl|FROM
|c|+SmashBrosBrawl|WHO
|c| hairy toenail|Hey CuneÂ¯\_(ã)_\/Â¯
|leave|Reunitickles
|c|+SmashBrosBrawl|thats the part where you click wish
|c|+SmashBrosBrawl|and go to rachi
|join|santysas
|
|move|p1a: Florges|Calm Mind|p1a: Florges
|-boost|p1a: Florges|spa|1
|-boost|p1a: Florges|spd|1
|move|p2a: Hey CuneÂ¯\_(ã)_\/Â¯|Scald|p1a: Florges
|-crit|p1a: Florges
|-damage|p1a: Florges|243\/357
|
|-heal|p1a: Florges|265\/357|[from] item: Leftovers
|-heal|p2a: Hey CuneÂ¯\_(ã)_\/Â¯|452\/452|[from] item: Leftovers
|turn|5
|leave|santysas
|c|âxShiba|o
|c|+SmashBrosBrawl|...
|
|switch|p1a: Krookodile|Krookodile, M|331\/331
|-ability|p1a: Krookodile|Intimidate|[of] p2a: Hey CuneÂ¯\_(ã)_\/Â¯
|-unboost|p2a: Hey CuneÂ¯\_(ã)_\/Â¯|atk|1
|move|p2a: Hey CuneÂ¯\_(ã)_\/Â¯|Wish|p2a: Hey CuneÂ¯\_(ã)_\/Â¯
|
|turn|6
|c| THE_iTodd|Â¯\_(ã)_\/Â¯
|c|âdodmen|fucking
|c|âdodmen|epic
|c|+SmashBrosBrawl|why tf u didnt moonblast
|c|+SmashBrosBrawl|that would wear vappy down
|
|switch|p1a: Florges|Florges, F|265\/357
|move|p2a: Hey CuneÂ¯\_(ã)_\/Â¯|Scald|p1a: Florges
|-damage|p1a: Florges|195\/357
|-status|p1a: Florges|brn
|
|-heal|p1a: Florges|217\/357 brn|[from] item: Leftovers
|-damage|p1a: Florges|173\/357 brn|[from] brn
|turn|7
|c|+SmashBrosBrawl|fuck
|c|+SmashBrosBrawl|dodmen
|c|+SmashBrosBrawl|this match is over
|
|move|p1a: Florges|Synthesis|p1a: Florges
|-heal|p1a: Florges|351\/357 brn
|move|p2a: Hey CuneÂ¯\_(ã)_\/Â¯|Wish|p2a: Hey CuneÂ¯\_(ã)_\/Â¯
|
|-heal|p1a: Florges|357\/357 brn|[from] item: Leftovers
|-damage|p1a: Florges|313\/357 brn|[from] brn
|turn|8
|join|Donphantastic
|
|switch|p2a: Fuccboii 2.0|Jirachi, shiny|341\/341
|-damage|p2a: Fuccboii 2.0|320\/341|[from] Stealth Rock
|move|p1a: Florges|Calm Mind|p1a: Florges
|-boost|p1a: Florges|spa|1
|-boost|p1a: Florges|spd|1
|
|-heal|p2a: Fuccboii 2.0|341\/341|[from] move: Wish|[wisher] Hey CuneÂ¯\_(ã)_\/Â¯
|-heal|p1a: Florges|335\/357 brn|[from] item: Leftovers
|-damage|p1a: Florges|291\/357 brn|[from] brn
|turn|9
|
|switch|p1a: Krookodile|Krookodile, M|331\/331
|-ability|p1a: Krookodile|Intimidate|[of] p2a: Fuccboii 2.0
|-unboost|p2a: Fuccboii 2.0|atk|1
|move|p2a: Fuccboii 2.0|Iron Head|p1a: Krookodile
|-crit|p1a: Krookodile
|-damage|p1a: Krookodile|100\/331
|
|turn|10
|c|+SmashBrosBrawl|ic
|c|âdodmen|lolol
|
|move|p2a: Fuccboii 2.0|Iron Head|p1a: Krookodile
|-crit|p1a: Krookodile
|-damage|p1a: Krookodile|0 fnt
|faint|p1a: Krookodile
|
|c|+SmashBrosBrawl|fucking
|c|+SmashBrosBrawl|outplayed
|
|switch|p1a: Mienshao|Mienshao, M|271\/271
|turn|11
|c|+SmashBrosBrawl|n
|c|+SmashBrosBrawl|that was the part
|c|+SmashBrosBrawl|where u setup with zyg
|
|switch|p2a: Steve|Donphan, F|21\/322
|-damage|p2a: Steve|1\/322|[from] Stealth Rock
|move|p1a: Mienshao|Knock Off|p2a: Steve
|-damage|p2a: Steve|0 fnt
|-enditem|p2a: Steve|Leftovers|[from] move: Knock Off|[of] p1a: Mienshao
|faint|p2a: Steve
|
|c|âdodmen|sbb if i give you a gun
|c|âdodmen|will you kill me
|
|switch|p2a: Healthy Diet|Celebi|404\/404
|-damage|p2a: Healthy Diet|354\/404|[from] Stealth Rock
|turn|12
|c|+SmashBrosBrawl|n
|c|âdodmen|y
|c|+SmashBrosBrawl|i will go on a heroic ramparge
|c|+SmashBrosBrawl|through the ciy
|c|+SmashBrosBrawl|city
|join|notegeny
|
|switch|p1a: Pidgeot|Pidgeot, M|307\/307
|move|p2a: Healthy Diet|Baton Pass|p2a: Healthy Diet
|c| THE_iTodd|dodmen
|c| THE_iTodd|shh
|c|âdodmen|hi
|c| THE_iTodd|i'll be back
|c| THE_iTodd|in like
|c| THE_iTodd|5 days
|
|switch|p2a: Fuccboii 2.0|Jirachi, shiny|341\/341
|-damage|p2a: Fuccboii 2.0|320\/341|[from] Stealth Rock
|
|turn|13
|c|âdodmen|ok
|c| THE_iTodd|and i'll end your misery
|
|detailschange|p1a: Pidgeot|Pidgeot-Mega, M
|-mega|p1a: Pidgeot|Pidgeot|Pidgeotite
|move|p2a: Fuccboii 2.0|Iron Head|p1a: Pidgeot
|-damage|p1a: Pidgeot|162\/307
|move|p1a: Pidgeot|Heat Wave|p2a: Fuccboii 2.0
|-supereffective|p2a: Fuccboii 2.0
|-damage|p2a: Fuccboii 2.0|74\/341
|
|turn|14
|
|switch|p1a: Mienshao|Mienshao, M|271\/271
|move|p2a: Fuccboii 2.0|Iron Head|p1a: Mienshao
|-damage|p1a: Mienshao|76\/271
|
|turn|15
|c|+SmashBrosBrawl|xd
|c|+SmashBrosBrawl|too much
|c|+SmashBrosBrawl|bulk
|c|+SmashBrosBrawl|imo
|
|switch|p2a: Hey CuneÂ¯\_(ã)_\/Â¯|Vaporeon, F|452\/452
|-damage|p2a: Hey CuneÂ¯\_(ã)_\/Â¯|396\/452|[from] Stealth Rock
|move|p1a: Mienshao|U-turn|p2a: Hey CuneÂ¯\_(ã)_\/Â¯
|-damage|p2a: Hey CuneÂ¯\_(ã)_\/Â¯|310\/452
|leave|Donphantastic
|c| THE_iTodd|Â¯\_(ã)_\/Â¯
|
|switch|p1a: Zygarde|Zygarde|357\/357
|-ability|p1a: Zygarde|Aura Break
|
|-heal|p2a: Hey CuneÂ¯\_(ã)_\/Â¯|338\/452|[from] item: Leftovers
|turn|16
|c|+SmashBrosBrawl|ã
|leave|aionthesinner1
|c|+SmashBrosBrawl|sd
|c|+SmashBrosBrawl|sd
|c|+SmashBrosBrawl|sd
|c|+SmashBrosBrawl|sd
|c|+SmashBrosBrawl|sd
|c|+SmashBrosBrawl|sd
|c|âdodmen|i cancelled
|
|move|p1a: Zygarde|Dragon Dance|p1a: Zygarde
|-boost|p1a: Zygarde|atk|1
|-boost|p1a: Zygarde|spe|1
|move|p2a: Hey CuneÂ¯\_(ã)_\/Â¯|Scald|p1a: Zygarde
|-damage|p1a: Zygarde|246\/357
|-status|p1a: Zygarde|brn
|
|-heal|p2a: Hey CuneÂ¯\_(ã)_\/Â¯|366\/452|[from] item: Leftovers
|-damage|p1a: Zygarde|202\/357 brn|[from] brn
|turn|17
|join|Spuun
|c| watfor|tfw
|c|+SmashBrosBrawl|ban
|c|+SmashBrosBrawl|scald
|c| hairy toenail|lol
|c|+SmashBrosBrawl|ã
|c|âdodmen|xshibga
|c| THE_iTodd|Â¯\_(ã)_\/Â¯Â¯\_(ã)_\/Â¯Â¯\_(ã)_\/Â¯Â¯\_(ã)_\/Â¯Â¯\_(ã)_\/Â¯
|c|âdodmen|kill yourself please.
|c| THE_iTodd|Â¯\_(ã)_\/Â¯
|c|+SmashBrosBrawl|this match is so fucking
|c|+SmashBrosBrawl|disgusting
|c|âxShiba|zzz
|c|âdodmen|no i'm serious
|c|+SmashBrosBrawl|it shows everything
|c|âdodmen|please
|c|+SmashBrosBrawl|that is wrong
|c|âxShiba|tfw i only get hax against dudeman
|c|+SmashBrosBrawl|with this tier
|c|+SmashBrosBrawl|KE
|c|+SmashBrosBrawl|K
|c| watfor|I really don't get why people stay in a vape
|c|âdodmen|put a bullet through your head
|c| watfor|on a zyggy
|c| THE_iTodd|shhhh dodmen
|c|+SmashBrosBrawl|to burn
|c|+SmashBrosBrawl|waterfall hp
|c|+SmashBrosBrawl|watfor*
|
|move|p1a: Zygarde|Earthquake|p2a: Hey CuneÂ¯\_(ã)_\/Â¯
|-damage|p2a: Hey CuneÂ¯\_(ã)_\/Â¯|205\/452
|-damage|p1a: Zygarde|167\/357 brn|[from] item: Life Orb
|move|p2a: Hey CuneÂ¯\_(ã)_\/Â¯|Scald|p1a: Zygarde
|-damage|p1a: Zygarde|58\/357 brn
|
|-heal|p2a: Hey CuneÂ¯\_(ã)_\/Â¯|233\/452|[from] item: Leftovers
|-damage|p1a: Zygarde|14\/357 brn|[from] brn
|turn|18
|c| watfor|your scald doesn't break subcoil's sub
|join|Briayan
|c| watfor|you are basically asking to get swept if that was sub coil
|c| Spuun|what is a watfor
|
|move|p1a: Zygarde|Outrage|p2a: Hey CuneÂ¯\_(ã)_\/Â¯
|-damage|p2a: Hey CuneÂ¯\_(ã)_\/Â¯|13\/452
|-damage|p1a: Zygarde|0 fnt|[from] item: Life Orb
|faint|p1a: Zygarde
|move|p2a: Hey CuneÂ¯\_(ã)_\/Â¯|Wish|p2a: Hey CuneÂ¯\_(ã)_\/Â¯
|
|-heal|p2a: Hey CuneÂ¯\_(ã)_\/Â¯|41\/452|[from] item: Leftovers
|c| watfor|<-
|join|Kyla's Nightmareâ¥â¥
|
|switch|p1a: Pidgeot|Pidgeot-Mega, M|162\/307
|turn|19
|
|move|p2a: Hey CuneÂ¯\_(ã)_\/Â¯|Protect|p2a: Hey CuneÂ¯\_(ã)_\/Â¯
|-singleturn|p2a: Hey CuneÂ¯\_(ã)_\/Â¯|Protect
|move|p1a: Pidgeot|Roost|p1a: Pidgeot
|-heal|p1a: Pidgeot|307\/307
|
|-heal|p2a: Hey CuneÂ¯\_(ã)_\/Â¯|267\/452|[from] move: Wish|[wisher] Hey CuneÂ¯\_(ã)_\/Â¯
|-heal|p2a: Hey CuneÂ¯\_(ã)_\/Â¯|295\/452|[from] item: Leftovers
|turn|20
|c|+SmashBrosBrawl|burn again
|
|move|p1a: Pidgeot|Hurricane|p2a: Hey CuneÂ¯\_(ã)_\/Â¯
|-damage|p2a: Hey CuneÂ¯\_(ã)_\/Â¯|112\/452
|move|p2a: Hey CuneÂ¯\_(ã)_\/Â¯|Scald|p1a: Pidgeot
|-damage|p1a: Pidgeot|192\/307
|-status|p1a: Pidgeot|brn
|
|-heal|p2a: Hey CuneÂ¯\_(ã)_\/Â¯|140\/452|[from] item: Leftovers
|-damage|p1a: Pidgeot|154\/307 brn|[from] brn
|turn|21
|c|+SmashBrosBrawl|\/\/
|
|move|p2a: Hey CuneÂ¯\_(ã)_\/Â¯|Protect|p2a: Hey CuneÂ¯\_(ã)_\/Â¯
|-singleturn|p2a: Hey CuneÂ¯\_(ã)_\/Â¯|Protect
|move|p1a: Pidgeot|Hurricane|p2a: Hey CuneÂ¯\_(ã)_\/Â¯
|-activate|p2a: Hey CuneÂ¯\_(ã)_\/Â¯|Protect
|
|-heal|p2a: Hey CuneÂ¯\_(ã)_\/Â¯|168\/452|[from] item: Leftovers
|-damage|p1a: Pidgeot|116\/307 brn|[from] brn
|turn|22
|
|move|p1a: Pidgeot|Hurricane|p2a: Hey CuneÂ¯\_(ã)_\/Â¯
|-damage|p2a: Hey CuneÂ¯\_(ã)_\/Â¯|0 fnt
|faint|p2a: Hey CuneÂ¯\_(ã)_\/Â¯
|
|-damage|p1a: Pidgeot|78\/307 brn|[from] brn
|join|Cyndequil
|
|switch|p2a: Fuccboii|Sharpedo, M, shiny|281\/281
|-damage|p2a: Fuccboii|246\/281|[from] Stealth Rock
|turn|23
|c| THE_iTodd|Â¯\_(ã)_\/Â¯
|c| watfor|Â¯\_Â­(ã)_\/Â¯
|c| THE_iTodd|rip dod
|
|move|p2a: Fuccboii|Protect|p2a: Fuccboii
|-singleturn|p2a: Fuccboii|Protect
|move|p1a: Pidgeot|Roost|p1a: Pidgeot
|-heal|p1a: Pidgeot|232\/307 brn
|
|-damage|p1a: Pidgeot|194\/307 brn|[from] brn
|-boost|p2a: Fuccboii|spe|1|[from] ability: Speed Boost
|turn|24
|join|Donphantastic
|c|âdodmen|i don't think this kid really knows how lucky he is
|leave|FallenAngels17
|c|âxShiba|its only against you tbh
|c| Donphantastic|n
|join|Madam Keldeo
|c| Donphantastic|you're lucky against meruu as well
|c|âxShiba|pshaw
|c|+SmashBrosBrawl|ICE FANG AERO
|c|+SmashBrosBrawl|IS SHIT
|c|âdodmen|seriously kill yourself
|
|move|p2a: Fuccboii|Ice Fang|p1a: Pidgeot
|-supereffective|p1a: Pidgeot
|-damage|p1a: Pidgeot|12\/307 brn
|move|p1a: Pidgeot|Hurricane|p2a: Fuccboii
|-damage|p2a: Fuccboii|0 fnt
|faint|p2a: Fuccboii
|
|-damage|p1a: Pidgeot|0 fnt|[from] brn
|faint|p1a: Pidgeot
|c|âdodmen|fagg0t
|c|âxShiba|its a pokemon sim lol
|c|âxShiba|take it easy
|
|switch|p1a: Mienshao|Mienshao, M|76\/271
|switch|p2a: Healthy Diet|Celebi|354\/404
|-damage|p2a: Healthy Diet|304\/404|[from] Stealth Rock
|turn|25
|
|move|p1a: Mienshao|U-turn|p2a: Healthy Diet
|-crit|p2a: Healthy Diet
|-supereffective|p2a: Healthy Diet
|-damage|p2a: Healthy Diet|0 fnt
|faint|p2a: Healthy Diet
|
|switch|p1a: Florges|Florges, F|291\/357 brn
|
|-heal|p1a: Florges|313\/357 brn|[from] item: Leftovers
|-damage|p1a: Florges|269\/357 brn|[from] brn
|
|switch|p2a: Fuccboii 2.0|Jirachi, shiny|74\/341
|-damage|p2a: Fuccboii 2.0|53\/341|[from] Stealth Rock
|turn|26
|c| THE_iTodd|shhh
|c| THE_iTodd|dod
|c| THE_iTodd|no tears
|c| THE_iTodd|with all the hax you got here
|c| Donphantastic|ice fang aero
|c| Donphantastic|is real
|join|Eshrekt C0CK
|c| THE_iTodd|you should be set
|join|Bassy To
|
|move|p2a: Fuccboii 2.0|Iron Head|p1a: Florges
|-supereffective|p1a: Florges
|-damage|p1a: Florges|51\/357 brn
|move|p1a: Florges|Moonblast|p2a: Fuccboii 2.0
|-resisted|p2a: Fuccboii 2.0
|-damage|p2a: Fuccboii 2.0|0 fnt
|faint|p2a: Fuccboii 2.0
|
|-heal|p1a: Florges|73\/357 brn|[from] item: Leftovers
|-damage|p1a: Florges|29\/357 brn|[from] brn
|c| THE_iTodd|for like
|c| THE_iTodd|30 ladder games
|c| THE_iTodd|imo
|c| THE_iTodd|he's probably not even speed boost!
|
|switch|p2a: Zoom Zoom|Yanmega, M, shiny|314\/314
|-damage|p2a: Zoom Zoom|157\/314|[from] Stealth Rock
|turn|27
|c| THE_iTodd|or he'll miss air slash
|c| THE_iTodd|!
|c| Donphantastic|^
|leave|Bassy To
|join|Super Kirby Star
|
|move|p2a: Zoom Zoom|Bug Buzz|p1a: Florges
|-resisted|p1a: Florges
|-damage|p1a: Florges|0 fnt
|-damage|p2a: Zoom Zoom|126\/314|[from] item: Life Orb
|faint|p1a: Florges
|
|-boost|p2a: Zoom Zoom|spe|1|[from] ability: Speed Boost
|c| THE_iTodd|oh
|c| THE_iTodd|awkward
|c| Spuun|ez*
|c| THE_iTodd|reveal
|c| watfor|no ptect
|c| THE_iTodd|bright powder
|leave|Super Kirby Star
|c| watfor|ez
|c| Donphantastic|reveal submienshao
|join|Xbrocks One
|c| Donphantastic|on his protect
|c| Donphantastic|and win
|
|switch|p1a: Mienshao|Mienshao, M|76\/271
|turn|28
|c| Spuun|> Bug Buzz
|leave|Xbrocks One
|c| Donphantastic|shh he doesn't have it
|c| Spuun|true
|
|move|p2a: Zoom Zoom|Protect|p2a: Zoom Zoom
|-singleturn|p2a: Zoom Zoom|Protect
|move|p1a: Mienshao|Knock Off|p2a: Zoom Zoom
|-activate|p2a: Zoom Zoom|Protect
|
|-boost|p2a: Zoom Zoom|spe|1|[from] ability: Speed Boost
|turn|29
|c| THE_iTodd|ripppppp
|
|move|p2a: Zoom Zoom|Giga Drain|p1a: Mienshao
|-damage|p1a: Mienshao|0 fnt
|-heal|p2a: Zoom Zoom|164\/314|[from] drain|[of] p1a: Mienshao
|-damage|p2a: Zoom Zoom|133\/314|[from] item: Life Orb
|faint|p1a: Mienshao
|
|win|xShiba
|leave|watfor
|leave|Donphantastic
|leave|notegeny
|join|Tipsy Russian
|leave|Briayan
|leave|dodmen
|leave|xShiba
|leave|s4rcasm
|leave|hairy toenail
|leave|Kyla's Nightmareâ¥â¥
|leave|Cyndequil
|leave|Spuun
|leave|Eshrekt C0CK
|player|p1
|player|p2
|leave|THE_iTodd
|leave|Tipsy Russian
|leave|SmashBrosBrawl
|leave|Shit user
|leave|Madam Keldeo
|leave|VBD OTR
|join|xShiba
|leave|xShiba
|leave|LiberalLucario
|leave|finnigans wake
|join|xShiba