|join|YâeLlâOwâSkArâMoRy
|join|dodmen
|player|p1|YâeLlâOwâSkArâMoRy|120
|player|p2|dodmen|171
|gametype|singles
|gen|6
|tier|UU
|rule|Sleep Clause Mod: Limit one foe put to sleep
|rule|Species Clause: Limit one of each PokÃ©mon
|rule|OHKO Clause: OHKO moves are banned
|rule|Moody Clause: Moody is banned
|rule|Evasion Moves Clause: Evasion moves are banned
|rule|Endless Battle Clause: Forcing endless battles is banned
|rule|HP Percentage Mod: HP is shown in percentages
|clearpoke
|poke|p1|Porygon-Z, shiny
|poke|p1|Lucario, M, shiny
|poke|p1|Donphan, F, shiny
|poke|p1|Vaporeon, F, shiny
|poke|p1|Beedrill, F, shiny
|poke|p1|Dragalge, M, shiny
|poke|p2|Infernape, F
|poke|p2|Azelf
|poke|p2|Suicune
|poke|p2|Raikou
|poke|p2|Gallade, M
|poke|p2|Krookodile, M
|rule|Swagger Clause: Swagger is banned
|rule|Baton Pass Clause: Limit one PokÃ©mon knowing Baton Pass
|teampreview
|join|namurt
|join|Merve
|join|DatLatias
|join|Meowiekins
|c| Merve|doodman!
|join|Frickett
|join|Dad's Dad
|join|DMT
|join|New Album
|join|Over Under Used
|
|start
|switch|p1a: Dolphin|Donphan, F, shiny|384\/384
|switch|p2a: Azelf|Azelf|291\/291
|turn|1
|leave|DMT
|join|Vaporeon for Ubers
|
|move|p2a: Azelf|Fire Blast|p1a: Dolphin
|-damage|p1a: Dolphin|182\/384
|move|p1a: Dolphin|Knock Off|p2a: Azelf
|-supereffective|p2a: Azelf
|-damage|p2a: Azelf|53\/291
|-enditem|p2a: Azelf|Focus Sash|[from] move: Knock Off|[of] p1a: Dolphin
|
|-heal|p1a: Dolphin|206\/384|[from] item: Leftovers
|turn|2
|c| Dad's Dad|when is dudeman losing
|join|SlothyGuy
|c| Over Under Used|this is where av phan is good
|join|SmashBrosBrawl
|c| Dad's Dad|av donphan is ass
|c| Over Under Used|ik
|leave|Frickett
|c| Over Under Used|but here
|c|+SmashBrosBrawl|why tf
|
|switch|p2a: Suicune|Suicune|399\/399
|-ability|p2a: Suicune|Pressure
|move|p1a: Dolphin|Knock Off|p2a: Suicune
|-damage|p2a: Suicune|317\/399
|-enditem|p2a: Suicune|Leftovers|[from] move: Knock Off|[of] p1a: Dolphin
|
|-heal|p1a: Dolphin|230\/384|[from] item: Leftovers
|turn|3
|c|+SmashBrosBrawl|r u using bad team
|c|+SmashBrosBrawl|in finals
|
|switch|p2a: Azelf|Azelf|53\/291
|switch|p1a: Vapor|Vaporeon, F, shiny|464\/464
|
|turn|4
|c| DatLatias|why are you not using
|c| DatLatias|rain
|
|move|p2a: Azelf|Stealth Rock|p1a: Vapor
|-sidestart|p1: YâeLlâOwâSkArâMoRy|move: Stealth Rock
|move|p1a: Vapor|Scald|p2a: Azelf
|-damage|p2a: Azelf|0 fnt
|faint|p2a: Azelf
|
|c|+SmashBrosBrawl|n0
|c|+SmashBrosBrawl|rain
|c|+SmashBrosBrawl|is cheap
|
|switch|p2a: Infernape|Infernape, F|293\/293
|turn|5
|join|lethalbuizel
|
|move|p2a: Infernape|Swords Dance|p2a: Infernape
|-boost|p2a: Infernape|atk|2
|move|p1a: Vapor|Scald|p2a: Infernape
|-supereffective|p2a: Infernape
|-damage|p2a: Infernape|17\/293
|
|turn|6
|
|move|p2a: Infernape|Close Combat|p1a: Vapor
|-damage|p1a: Vapor|0 fnt
|-unboost|p2a: Infernape|def|1
|-unboost|p2a: Infernape|spd|1
|-damage|p2a: Infernape|0 fnt|[from] item: Life Orb
|faint|p1a: Vapor
|faint|p2a: Infernape
|
|c| DatLatias|go to donphan
|c| DatLatias|rip
|c| New Album|worth
|join|champ'ed what els
|leave|Merve
|c| lethalbuizel|save lucario he can sweep after raiku
|
|switch|p2a: Krookodile|Krookodile, M|331\/331
|switch|p1a: Dolphin|Donphan, F, shiny|230\/384
|-ability|p2a: Krookodile|Intimidate|[of] p1a: Dolphin
|-unboost|p1a: Dolphin|atk|1
|-damage|p1a: Dolphin|206\/384|[from] Stealth Rock
|turn|7
|
|move|p2a: Krookodile|Knock Off|p1a: Dolphin
|-damage|p1a: Dolphin|86\/384
|-enditem|p1a: Dolphin|Leftovers|[from] move: Knock Off|[of] p2a: Krookodile
|move|p1a: Dolphin|Rapid Spin|p2a: Krookodile
|-damage|p2a: Krookodile|315\/331
|-sideend|p1: YâeLlâOwâSkArâMoRy|Stealth Rock|[from] move: Rapid Spin|[of] p1a: Dolphin
|
|turn|8
|
|move|p2a: Krookodile|Knock Off|p1a: Dolphin
|-damage|p1a: Dolphin|4\/384
|move|p1a: Dolphin|Earthquake|p2a: Krookodile
|-damage|p2a: Krookodile|213\/331
|
|turn|9
|c|âdodmen|awkurd
|
|move|p2a: Krookodile|Knock Off|p1a: Dolphin
|-damage|p1a: Dolphin|0 fnt
|faint|p1a: Dolphin
|
|join|Over Under Used
|
|switch|p1a: Dragalgalgle|Dragalge, M, shiny|305\/305
|turn|10
|
|move|p2a: Krookodile|Earthquake|p1a: Dragalgalgle
|-supereffective|p1a: Dragalgalgle
|-damage|p1a: Dragalgalgle|0 fnt
|faint|p1a: Dragalgalgle
|
|
|switch|p1a: Stingmon|Beedrill, F, shiny|272\/272
|turn|11
|c| Meowiekins|!
|
|switch|p2a: Suicune|Suicune|317\/399
|-ability|p2a: Suicune|Pressure
|detailschange|p1a: Stingmon|Beedrill-Mega, F, shiny
|message|Beedrill has Mega Evolved into Mega Beedrill!
|move|p1a: Stingmon|Protect|p1a: Stingmon
|-fail|p1a: Stingmon
|
|turn|12
|
|move|p1a: Stingmon|U-turn|p2a: Suicune
|-damage|p2a: Suicune|137\/399
|
|switch|p1a: Power-Z|Porygon-Z, shiny|312\/312
|move|p2a: Suicune|Tailwind|p2a: Suicune
|-sidestart|p2: dodmen|move: Tailwind
|
|turn|13
|c| Meowiekins|O_O
|
|move|p1a: Power-Z|Trick|p2a: Suicune
|-activate|p1a: Power-Z|move: Trick|[of] p2a: Suicune
|-item|p2a: Suicune|Choice Scarf|[from] move: Trick
|move|p2a: Suicune|Scald|p1a: Power-Z
|-crit|p1a: Power-Z
|-damage|p1a: Power-Z|77\/312
|-status|p1a: Power-Z|brn
|
|-damage|p1a: Power-Z|38\/312 brn|[from] brn
|turn|14
|c|âdodmen|l
|c|âdodmen|o
|c|âdodmen|l
|
|move|p2a: Suicune|Scald|p1a: Power-Z
|-damage|p1a: Power-Z|0 fnt
|faint|p1a: Power-Z
|
|
|switch|p1a: Lukario|Lucario, M, shiny|281\/281
|turn|15
|join|Over Under Used
|c| Meowiekins|well tbf
|
|move|p2a: Suicune|Scald|p1a: Lukario
|-damage|p1a: Lukario|118\/281
|move|p1a: Lukario|Close Combat|p2a: Suicune
|-damage|p2a: Suicune|0 fnt
|-unboost|p1a: Lukario|def|1
|-unboost|p1a: Lukario|spd|1
|-damage|p1a: Lukario|90\/281|[from] item: Life Orb
|faint|p2a: Suicune
|
|-sideend|p2: dodmen|move: Tailwind
|c| DatLatias|gotta go fast!
|join|Volbeatdown
|
|switch|p2a: Raikou|Raikou|321\/321
|-ability|p2a: Raikou|Pressure
|turn|16
|c|+SmashBrosBrawl|nice
|c|+SmashBrosBrawl|sd
|
|move|p1a: Lukario|Extreme Speed|p2a: Raikou
|-damage|p2a: Raikou|188\/321
|-damage|p1a: Lukario|62\/281|[from] item: Life Orb
|move|p2a: Raikou|Thunderbolt|p1a: Lukario
|-damage|p1a: Lukario|0 fnt
|faint|p1a: Lukario
|
|-heal|p2a: Raikou|208\/321|[from] item: Leftovers
|c|+SmashBrosBrawl|o wait
|c|+SmashBrosBrawl|scarf cune
|
|switch|p1a: Stingmon|Beedrill-Mega, F, shiny|272\/272
|turn|17
|join|SecretlyaBidoof
|
|switch|p2a: Krookodile|Krookodile, M|213\/331
|-ability|p2a: Krookodile|Intimidate|[of] p1a: Stingmon
|-unboost|p1a: Stingmon|atk|1
|move|p1a: Stingmon|Poison Jab|p2a: Krookodile
|-resisted|p2a: Krookodile
|-damage|p2a: Krookodile|121\/331
|
|turn|18
|c| Over Under Used|newmeta
|
|move|p1a: Stingmon|U-turn|p2a: Krookodile
|-supereffective|p2a: Krookodile
|-damage|p2a: Krookodile|0 fnt
|faint|p2a: Krookodile
|
|c| New Album|so much dmg O_O
|
|switch|p2a: Raikou|Raikou|208\/321
|-ability|p2a: Raikou|Pressure
|turn|19
|leave|lethalbuizel
|c|+SmashBrosBrawl|easiest
|c| New Album|for -1
|c|+SmashBrosBrawl|crt
|c|+SmashBrosBrawl|of
|c|+SmashBrosBrawl|your
|c|+SmashBrosBrawl|life
|
|move|p1a: Stingmon|Poison Jab|p2a: Raikou
|-damage|p2a: Raikou|22\/321
|move|p2a: Raikou|Thunderbolt|p1a: Stingmon
|-damage|p1a: Stingmon|103\/272
|
|-heal|p2a: Raikou|42\/321|[from] item: Leftovers
|turn|20
|
|move|p1a: Stingmon|Poison Jab|p2a: Raikou
|-damage|p2a: Raikou|0 fnt
|faint|p2a: Raikou
|
|c|+SmashBrosBrawl|easiest
|c| Volbeatdown|crit
|c|+SmashBrosBrawl|dodge
|c| New Album|no ss
|c| Meowiekins|crit\/10
|c|+SmashBrosBrawl|of yourr
|c| Volbeatdown|lmoa
|
|switch|p2a: Gallade|Gallade, M|277\/277
|turn|21
|c|+SmashBrosBrawl|life
|c| Volbeatdown|crit
|c| DatLatias|easiest shadow neak crit
|c| Volbeatdown|crit
|c| DatLatias|o
|c| Volbeatdown|please
|c| Meowiekins|crit!
|c| Volbeatdown|lmoa
|c|+SmashBrosBrawl|dont mega
|c|+SmashBrosBrawl|pls
|c|+SmashBrosBrawl|ure mega
|
|detailschange|p2a: Gallade|Gallade-Mega, M
|message|Gallade has Mega Evolved into Mega Gallade!
|move|p2a: Gallade|Shadow Sneak|p1a: Stingmon
|-damage|p1a: Stingmon|0 fnt
|faint|p1a: Stingmon
|
|win|dodmen
|c|+SmashBrosBrawl|raikou
|c| Meowiekins|!!
|c| Volbeatdown|o
|leave|SecretlyaBidoof
|leave|SmashBrosBrawl
|leave|Volbeatdown
|leave|Over Under Used
|leave|DatLatias
|leave|SlothyGuy
|leave|New Album
|leave|YâeLlâOwâSkArâMoRy
|player|p1
|leave|Dad's Dad
|leave|namurt