|join|dodmen
|join|aqbf
|player|p1|dodmen|171
|player|p2|aqbf|4
|gametype|singles
|gen|6
|tier|UU
|rule|Sleep Clause Mod: Limit one foe put to sleep
|rule|Species Clause: Limit one of each PokÃ©mon
|rule|OHKO Clause: OHKO moves are banned
|rule|Moody Clause: Moody is banned
|rule|Evasion Moves Clause: Evasion moves are banned
|rule|Endless Battle Clause: Forcing endless battles is banned
|rule|HP Percentage Mod: HP is shown in percentages
|clearpoke
|poke|p1|Haxorus, M
|poke|p1|Azelf
|poke|p1|Tornadus, M
|poke|p1|Qwilfish, M
|poke|p1|Ludicolo, F
|poke|p1|Kabutops, M
|poke|p2|Vivillon, F
|poke|p2|Toxicroak, F
|poke|p2|Chandelure, M
|poke|p2|Aerodactyl, F, shiny
|poke|p2|Krookodile, M
|poke|p2|Swampert, M
|rule|Swagger Clause: Swagger is banned
|rule|Baton Pass Clause: Limit one PokÃ©mon knowing Baton Pass
|teampreview
|join|THE_iTodd
|join|DatGuyChuck
|join|cvbdcb
|c|âaqbf|oh god
|join|Comin threw
|join|SadPierrot
|join|ass so phat
|join|LiberalLucario
|c|âaqbf|it's a rain team
|join|Over Under Used
|c|âaqbf|:(
|c| DatGuyChuck|GOOOOO DODMEN!
|join|Primal Gyarados
|join|DatLatias
|c| THE_iTodd|:(
|c|âdodmen|the toxicroak
|c| Comin threw|Let the shit get real
|c| DatGuyChuck|but you have croak
|c|âdodmen|is here
|c| DatGuyChuck|so its okeh
|join|DMT
|c| LiberalLucario|finals time
|c| LiberalLucario|is here
|join|BurstStream
|c|âaqbf|rain is such a trashyy strat
|c| DatGuyChuck|nice cteam aqbf
|c| THE_iTodd|and pert
|c|+DMT|dod i love yur tema
|c|âaqbf|why would anyone use it? :)
|c|âdodmen|ty!
|c| THE_iTodd|!
|c|+DMT|well 1\/6th of it
|c|+DMT|!
|
|start
|switch|p1a: Azelf|Azelf|291\/291
|switch|p2a: Ridley|Aerodactyl, F, shiny|331\/331
|-ability|p2a: Ridley|Pressure
|turn|1
|c|âdodmen|qwilsih?
|c| BurstStream|aqbf
|c| DatGuyChuck|kek
|c|+DMT|no haxorus!
|c| cvbdcb|boom rocks
|join|SecretlyaBidoof
|
|detailschange|p2a: Ridley|Aerodactyl-Mega, F, shiny
|message|Aerodactyl has Mega Evolved into Mega Aerodactyl!
|move|p2a: Ridley|Aerial Ace|p1a: Azelf
|-damage|p1a: Azelf|83\/291
|move|p1a: Azelf|Stealth Rock|p2a: Ridley
|-sidestart|p2: aqbf|move: Stealth Rock
|
|turn|2
|join|chechote
|c| BurstStream|Implying you didn have like
|c| DatLatias|I like qwilfish n_n
|c| DatGuyChuck|dmt stop using !
|c| BurstStream|the ultimate rain
|c| BurstStream|Ctin
|c|âaqbf|I used it before yeah
|c|+DMT|fuck you!
|leave|DMT
|c| BurstStream|with Yanmega+Zam
|
|switch|p1a: Kabutops|Kabutops, M|262\/262
|move|p2a: Ridley|Aerial Ace|p1a: Kabutops
|-resisted|p1a: Kabutops
|-damage|p1a: Kabutops|190\/262
|
|turn|3
|c| DatGuyChuck|i thot i could say that stuff
|
|move|p2a: Ridley|Defog|p1a: Kabutops
|-unboost|p1a: Kabutops|evasion|1
|-sideend|p2: aqbf|Stealth Rock|[from] move: Defog|[of] p2a: Ridley
|move|p1a: Kabutops|Waterfall|p2a: Ridley
|-supereffective|p2a: Ridley
|-damage|p2a: Ridley|0 fnt
|-damage|p1a: Kabutops|164\/262|[from] item: Life Orb
|faint|p2a: Ridley
|
|c| DatGuyChuck|!
|c| cvbdcb|inb4 eq
|leave|SecretlyaBidoof
|c| Comin threw|Rip
|c| DatLatias|sick
|join|BenzMafia
|c| cvbdcb|meh
|c| DatGuyChuck|now get rain up
|join|Eat Pie
|c|âaqbf|lol yes
|c|âaqbf|the yanmega rain team
|c|âaqbf|so good
|
|switch|p2a: Kraid|Swampert, M|404\/404
|turn|4
|c| DatLatias|sd
|c| DatLatias|here
|c| BurstStream|Also No Swampu
|c| SadPierrot|tmw half his team doesn't like water
|c| BurstStream|Imb4 Toxicroak hardwalls
|leave|Over Under Used
|c| Comin threw|Mega Ludicolo!
|c|âaqbf|sd predicting rocks
|
|switch|p1a: Ludicolo|Ludicolo, F|301\/301
|move|p2a: Kraid|Stealth Rock|p1a: Ludicolo
|-sidestart|p1: dodmen|move: Stealth Rock
|
|turn|5
|c|âaqbf|I told you to sd predicting rocks :P
|c| BurstStream|how to mindgame
|c| BurstStream|you tell the play
|
|switch|p2a: Toxicroak|Toxicroak, F|334\/334
|move|p1a: Ludicolo|Rain Dance|p1a: Ludicolo
|-weather|RainDance
|
|-weather|RainDance|[upkeep]
|turn|6
|c| BurstStream|you will do
|c| Comin threw|Rip
|c| BurstStream|Go Psychch
|c|âaqbf|hp psychic
|c| BurstStream|Ludicolo
|c|âaqbf|lt's go
|
|switch|p1a: Qwilfish|Qwilfish, M|271\/271
|-damage|p1a: Qwilfish|238\/271|[from] Stealth Rock
|move|p2a: Toxicroak|Gunk Shot|p1a: Qwilfish
|-resisted|p1a: Qwilfish
|-damage|p1a: Qwilfish|70\/271
|-damage|p2a: Toxicroak|301\/334|[from] item: Life Orb
|
|-weather|RainDance|[upkeep]
|-heal|p2a: Toxicroak|334\/334|[from] ability: Dry Skin
|turn|7
|c| Comin threw|Punch that frog in the air Sack!
|c|âaqbf|not even intimidate
|c| DatLatias|"resist"
|c|âaqbf|boom time?
|
|switch|p2a: Kraid|Swampert, M|404\/404
|move|p1a: Qwilfish|Explosion|p2a: Kraid
|-damage|p2a: Kraid|123\/404
|faint|p1a: Qwilfish
|
|-weather|RainDance|[upkeep]
|-heal|p2a: Kraid|148\/404|[from] item: Leftovers
|c|âaqbf|oh what?
|c|âaqbf|this wasn't damp
|
|switch|p1a: Azelf|Azelf|83\/291
|-damage|p1a: Azelf|47\/291|[from] Stealth Rock
|turn|8
|c|âaqbf|I need my money back
|c| Comin threw|OH FUCK
|c| DatLatias|sick sucker punch
|c| BurstStream|GG you have
|c| cvbdcb|that is art
|
|move|p1a: Azelf|Stealth Rock|p2a: Kraid
|-sidestart|p2: aqbf|move: Stealth Rock
|move|p2a: Kraid|Scald|p1a: Azelf
|-damage|p1a: Azelf|0 fnt
|faint|p1a: Azelf
|
|-weather|RainDance|[upkeep]
|-heal|p2a: Kraid|173\/404|[from] item: Leftovers
|c| BurstStream|no counters
|c| BurstStream|for the threat
|c| cvbdcb|more art pls
|c| cvbdcb|o
|c|âaqbf|I thought it was damp
|c| BurstStream|of Normal Gem Explosion Forretress
|c| cvbdcb|too bad
|
|switch|p1a: Ludicolo|Ludicolo, F|301\/301
|-damage|p1a: Ludicolo|264\/301|[from] Stealth Rock
|turn|9
|c|âaqbf|gg now
|c|âaqbf|cuz
|c|âaqbf|kabutops
|c|âaqbf|is going to top
|c| cvbdcb|sweg ?
|c|âaqbf|and the rest of my team is bottom
|
|switch|p2a: Toxicroak|Toxicroak, F|334\/334
|-damage|p2a: Toxicroak|314\/334|[from] Stealth Rock
|move|p1a: Ludicolo|Giga Drain|p2a: Toxicroak
|-resisted|p2a: Toxicroak
|-damage|p2a: Toxicroak|207\/334
|-heal|p1a: Ludicolo|301\/301|[from] drain|[of] p2a: Toxicroak
|-damage|p1a: Ludicolo|271\/301|[from] item: Life Orb
|
|-weather|none
|turn|10
|c| DatGuyChuck|kek
|c| DatGuyChuck|does ice beam kill
|c| DatGuyChuck|o rip rain
|c|âaqbf|that did a hell of a lot
|
|switch|p1a: Kabutops|Kabutops, M|164\/262
|-damage|p1a: Kabutops|132\/262|[from] Stealth Rock
|move|p2a: Toxicroak|Drain Punch|p1a: Kabutops
|-supereffective|p1a: Kabutops
|-damage|p1a: Kabutops|0 fnt
|-heal|p2a: Toxicroak|273\/334|[from] drain|[of] p1a: Kabutops
|-damage|p2a: Toxicroak|240\/334|[from] item: Life Orb
|faint|p1a: Kabutops
|
|join|Over Under Used
|leave|Over Under Used
|c| cvbdcb|aand
|
|switch|p1a: Tornadus|Tornadus, M|299\/299
|-damage|p1a: Tornadus|225\/299|[from] Stealth Rock
|turn|11
|c| cvbdcb|it's dead
|
|switch|p2a: Kraid|Swampert, M|173\/404
|-damage|p2a: Kraid|148\/404|[from] Stealth Rock
|move|p1a: Tornadus|Hurricane|p2a: Kraid
|-damage|p2a: Kraid|0 fnt
|faint|p2a: Kraid
|
|c| Comin threw|Rip
|
|switch|p2a: Crocomire|Krookodile, M|332\/332
|-damage|p2a: Crocomire|312\/332|[from] Stealth Rock
|turn|12
|
|move|p1a: Tornadus|Rain Dance|p1a: Tornadus
|-weather|RainDance
|move|p2a: Crocomire|Stone Edge|p1a: Tornadus
|-supereffective|p1a: Tornadus
|-damage|p1a: Tornadus|0 fnt
|faint|p1a: Tornadus
|-boost|p2a: Crocomire|atk|1|[from] ability: Moxie
|
|-weather|RainDance|[upkeep]
|
|switch|p1a: Ludicolo|Ludicolo, F|271\/301
|-damage|p1a: Ludicolo|234\/301|[from] Stealth Rock
|turn|13
|c| cvbdcb|shoryuken!
|c|âaqbf|although there's nothing wrong with bottom
|join|fdfdgdsgs
|
|switch|p2a: Vivillion|Vivillon, F|301\/301
|-damage|p2a: Vivillion|151\/301|[from] Stealth Rock
|move|p1a: Ludicolo|Giga Drain|p2a: Vivillion
|-resisted|p2a: Vivillion
|-damage|p2a: Vivillion|85\/301
|-heal|p1a: Ludicolo|267\/301|[from] drain|[of] p2a: Vivillion
|-damage|p1a: Ludicolo|237\/301|[from] item: Life Orb
|
|-weather|RainDance|[upkeep]
|turn|14
|join|DerpaniteX
|
|move|p1a: Ludicolo|Hydro Pump|p2a: Vivillion
|-crit|p2a: Vivillion
|-damage|p2a: Vivillion|0 fnt
|-damage|p1a: Ludicolo|207\/301|[from] item: Life Orb
|faint|p2a: Vivillion
|
|-weather|RainDance|[upkeep]
|
|switch|p2a: Toxicroak|Toxicroak, F|240\/334
|-damage|p2a: Toxicroak|220\/334|[from] Stealth Rock
|turn|15
|c|âaqbf|if I were real
|
|move|p1a: Ludicolo|Ice Beam|p2a: Toxicroak
|-damage|p2a: Toxicroak|58\/334
|-damage|p1a: Ludicolo|177\/301|[from] item: Life Orb
|move|p2a: Toxicroak|Gunk Shot|p1a: Ludicolo|[miss]
|-miss|p2a: Toxicroak|p1a: Ludicolo
|
|-weather|RainDance|[upkeep]
|-heal|p2a: Toxicroak|99\/334|[from] ability: Dry Skin
|turn|16
|c|âdodmen|kek
|c| DatLatias|KEK
|c| BurstStream|THE
|c| THE_iTodd|thats
|c| DatLatias|E
|c| THE_iTodd|pretty
|c| DatLatias|K
|c| BurstStream|Comebacks
|c| DatLatias|KEK
|c|âaqbf|the miss
|c| THE_iTodd|convienent
|c| DatLatias|E
|c| DatLatias|K
|c|âaqbf|cri
|c| Comin threw|Vivi should be bug and fairy
|join|Mr.Gingy
|c|âaqbf|cries every tiem
|leave|Mr.Gingy
|c| Comin threw|Rekt
|c| BurstStream|Now Nasty Plot
|
|switch|p2a: Phantoon|Chandelure, M|289\/289
|-damage|p2a: Phantoon|217\/289|[from] Stealth Rock
|move|p1a: Ludicolo|Giga Drain|p2a: Phantoon
|-resisted|p2a: Phantoon
|-damage|p2a: Phantoon|139\/289
|-heal|p1a: Ludicolo|216\/301|[from] drain|[of] p2a: Phantoon
|-damage|p1a: Ludicolo|186\/301|[from] item: Life Orb
|
|-weather|RainDance|[upkeep]
|-heal|p2a: Phantoon|157\/289|[from] item: Leftovers
|turn|17
|c| cvbdcb|cip
|c|âaqbf|50-50 time
|c| Comin threw|skillful dodge
|c| cvbdcb|cry in piss
|c| DatGuyChuck|the b8s
|c| DatGuyChuck|b8b8b8b8b8b8
|
|move|p1a: Ludicolo|Hydro Pump|p2a: Phantoon
|-crit|p2a: Phantoon
|-supereffective|p2a: Phantoon
|-damage|p2a: Phantoon|0 fnt
|-damage|p1a: Ludicolo|156\/301|[from] item: Life Orb
|faint|p2a: Phantoon
|
|-weather|RainDance|[upkeep]
|c| BurstStream|Predict the Croak
|c| cvbdcb|wait wot
|c|âaqbf|skillful dodge time
|c| Comin threw|You can't hit that dancing potato
|
|switch|p2a: Toxicroak|Toxicroak, F|99\/334
|-damage|p2a: Toxicroak|79\/334|[from] Stealth Rock
|turn|18
|
|move|p2a: Toxicroak|Sucker Punch|p1a: Ludicolo
|-damage|p1a: Ludicolo|1\/301
|-damage|p2a: Toxicroak|46\/334|[from] item: Life Orb
|move|p1a: Ludicolo|Giga Drain|p2a: Toxicroak
|-resisted|p2a: Toxicroak
|-damage|p2a: Toxicroak|0 fnt
|-heal|p1a: Ludicolo|24\/301|[from] drain|[of] p2a: Toxicroak
|-damage|p1a: Ludicolo|0 fnt|[from] item: Life Orb
|faint|p2a: Toxicroak
|faint|p1a: Ludicolo
|
|-weather|RainDance|[upkeep]
|join|zTPCz
|
|switch|p2a: Crocomire|Krookodile, M|312\/332
|switch|p1a: Haxorus|Haxorus, M|294\/294
|-damage|p2a: Crocomire|292\/332|[from] Stealth Rock
|-damage|p1a: Haxorus|258\/294|[from] Stealth Rock
|-ability|p1a: Haxorus|Mold Breaker
|turn|19
|c| DatLatias|thats
|c|âdodmen|tfw i lose
|c| DatLatias|epic
|c| Comin threw|Rip
|c|âaqbf|gg
|c|âaqbf|crit time
|
|move|p2a: Crocomire|Earthquake|p1a: Haxorus
|-damage|p1a: Haxorus|92\/294
|move|p1a: Haxorus|Dragon Claw|p2a: Crocomire
|-damage|p2a: Crocomire|118\/332
|
|-weather|none
|turn|20
|c| cvbdcb|1 vs 1
|c| Comin threw|Low kick
|c| DatLatias|sick
|
|move|p2a: Crocomire|Earthquake|p1a: Haxorus
|-damage|p1a: Haxorus|0 fnt
|faint|p1a: Haxorus
|-boost|p2a: Crocomire|atk|1|[from] ability: Moxie
|
|win|aqbf
|c| cvbdcb|u win
|c| DatLatias|choke
|c|âaqbf|tfw you lose
|c|âaqbf|gg
|c| cvbdcb|gg
|c| DatGuyChuck|where is outrage
|c|âdodmen|gg
|c| THE_iTodd|:((
|leave|DatLatias
|leave|SadPierrot
|leave|DerpaniteX
|leave|THE_iTodd
|leave|BenzMafia
|c| Comin threw|NO LOW KICK????!!!
|leave|dodmen
|player|p1
|leave|Comin threw
|leave|Eat Pie
|leave|fdfdgdsgs
|leave|BurstStream
|leave|DatGuyChuck
|leave|Primal Gyarados
|leave|chechote