|join|dodmen
|join|Pokeman199
|player|p1|dodmen|171
|player|p2|Pokeman199|290
|gametype|singles
|gen|6
|tier|UU
|rule|Sleep Clause Mod: Limit one foe put to sleep
|rule|Species Clause: Limit one of each PokÃ©mon
|rule|OHKO Clause: OHKO moves are banned
|rule|Moody Clause: Moody is banned
|rule|Evasion Moves Clause: Evasion moves are banned
|rule|Endless Battle Clause: Forcing endless battles is banned
|rule|HP Percentage Mod: HP is shown in percentages
|clearpoke
|poke|p1|Abomasnow, F
|poke|p1|Suicune
|poke|p1|Krookodile, M
|poke|p1|Goodra, F
|poke|p1|Crobat, F
|poke|p1|Chandelure, M
|poke|p2|Chandelure, M, shiny
|poke|p2|Empoleon, M, shiny
|poke|p2|Diancie
|poke|p2|Beedrill, M, shiny
|poke|p2|Flygon, M, shiny
|poke|p2|Raikou, shiny
|rule|Swagger Clause: Swagger is banned
|rule|Baton Pass Clause: Limit one PokÃ©mon knowing Baton Pass
|teampreview
|
|start
|switch|p1a: Suicune|Suicune|373\/373
|switch|p2a: Diancie|Diancie|304\/304
|-ability|p1a: Suicune|Pressure
|turn|1
|
|move|p1a: Suicune|Scald|p2a: Diancie
|-supereffective|p2a: Diancie
|-damage|p2a: Diancie|128\/304
|move|p2a: Diancie|Diamond Storm|p1a: Suicune
|-damage|p1a: Suicune|265\/373
|
|-heal|p1a: Suicune|288\/373|[from] item: Leftovers
|-heal|p2a: Diancie|147\/304|[from] item: Leftovers
|turn|2
|
|move|p1a: Suicune|Scald|p2a: Diancie
|-supereffective|p2a: Diancie
|-damage|p2a: Diancie|0 fnt
|faint|p2a: Diancie
|
|-heal|p1a: Suicune|311\/373|[from] item: Leftovers
|
|switch|p2a: Raikou|Raikou, shiny|321\/321
|-ability|p2a: Raikou|Pressure
|turn|3
|
|switch|p1a: Goodra|Goodra, F|335\/335
|move|p2a: Raikou|Thunderbolt|p1a: Goodra
|-resisted|p1a: Goodra
|-damage|p1a: Goodra|286\/335
|
|turn|4
|
|move|p2a: Raikou|Volt Switch|p1a: Goodra
|-resisted|p1a: Goodra
|-damage|p1a: Goodra|243\/335
|
|switch|p2a: Empoleon|Empoleon, M, shiny|371\/371
|move|p1a: Goodra|Earthquake|p2a: Empoleon
|-supereffective|p2a: Empoleon
|-damage|p2a: Empoleon|3\/371
|
|turn|5
|
|move|p1a: Goodra|Earthquake|p2a: Empoleon
|-supereffective|p2a: Empoleon
|-damage|p2a: Empoleon|0 fnt
|faint|p2a: Empoleon
|
|
|switch|p2a: Flygon|Flygon, M, shiny|364\/364
|turn|6
|
|switch|p1a: Suicune|Suicune|311\/373
|-ability|p1a: Suicune|Pressure
|move|p2a: Flygon|Outrage|p1a: Suicune
|-damage|p1a: Suicune|178\/373
|
|-heal|p1a: Suicune|201\/373|[from] item: Leftovers
|turn|7
|
|move|p2a: Flygon|Outrage|p1a: Suicune
|-damage|p1a: Suicune|84\/373
|move|p1a: Suicune|Ice Beam|p2a: Flygon
|-supereffective|p2a: Flygon
|-damage|p2a: Flygon|0 fnt
|faint|p2a: Flygon
|
|-heal|p1a: Suicune|107\/373|[from] item: Leftovers
|
|switch|p2a: Raikou|Raikou, shiny|321\/321
|-ability|p2a: Raikou|Pressure
|turn|8
|
|move|p2a: Raikou|Thunderbolt|p1a: Suicune
|-supereffective|p1a: Suicune
|-damage|p1a: Suicune|0 fnt
|faint|p1a: Suicune
|
|
|switch|p1a: Goodra|Goodra, F|243\/335
|turn|9
|
|move|p2a: Raikou|Volt Switch|p1a: Goodra
|-resisted|p1a: Goodra
|-damage|p1a: Goodra|206\/335
|
|switch|p2a: Beedrill|Beedrill, M, shiny|271\/271
|move|p1a: Goodra|Earthquake|p2a: Beedrill
|-damage|p2a: Beedrill|0 fnt
|faint|p2a: Beedrill
|
|join|Acemanassasin
|
|switch|p2a: Chandelure|Chandelure, M, shiny|261\/261
|turn|10
|
|move|p2a: Chandelure|Trick|p1a: Goodra
|-activate|p2a: Chandelure|move: Trick|[of] p1a: Goodra
|-item|p1a: Goodra|Choice Scarf|[from] move: Trick
|-item|p2a: Chandelure|Choice Band|[from] move: Trick
|move|p1a: Goodra|Earthquake|p2a: Chandelure
|-supereffective|p2a: Chandelure
|-damage|p2a: Chandelure|35\/261
|
|turn|11
|
|move|p1a: Goodra|Earthquake|p2a: Chandelure
|-supereffective|p2a: Chandelure
|-damage|p2a: Chandelure|0 fnt
|faint|p2a: Chandelure
|
|c| Acemanassasin|choice band max aatack?
|
|switch|p2a: Raikou|Raikou, shiny|321\/321
|-ability|p2a: Raikou|Pressure
|turn|12
|c|âPokeman199|hey, u win
|
|move|p1a: Goodra|Earthquake|p2a: Raikou
|-supereffective|p2a: Raikou
|-damage|p2a: Raikou|39\/321
|move|p2a: Raikou|Shadow Ball|p1a: Goodra
|-damage|p1a: Goodra|141\/335
|
|turn|13
|
|move|p1a: Goodra|Earthquake|p2a: Raikou
|-supereffective|p2a: Raikou
|-damage|p2a: Raikou|0 fnt
|faint|p2a: Raikou
|
|win|dodmen
|c| Acemanassasin|not scarf
|leave|Pokeman199
|c| Acemanassasin|surely
|c|âdodmen|gg
|player|p2
|c|âdodmen|he tricked me scarf