|join|dodmen
|join|King UU
|player|p1|dodmen|171
|player|p2|King UU|22
|gametype|singles
|gen|6
|tier|UU
|rule|Sleep Clause Mod: Limit one foe put to sleep
|rule|Species Clause: Limit one of each PokÃ©mon
|rule|OHKO Clause: OHKO moves are banned
|rule|Moody Clause: Moody is banned
|rule|Evasion Moves Clause: Evasion moves are banned
|rule|Endless Battle Clause: Forcing endless battles is banned
|rule|HP Percentage Mod: HP is shown in percentages
|clearpoke
|poke|p1|Lucario, F
|poke|p1|Infernape, F
|poke|p1|Azelf
|poke|p1|Krookodile, F
|poke|p1|Crobat, F
|poke|p1|Sceptile, F
|poke|p2|Serperior, F
|poke|p2|Swampert, M
|poke|p2|Infernape, M
|poke|p2|Crobat, F
|poke|p2|Snorlax, M
|poke|p2|Jirachi
|rule|Swagger Clause: Swagger is banned
|rule|Baton Pass Clause: Limit one PokÃ©mon knowing Baton Pass
|teampreview
King UU turned on modjoin.
|raw|<div class="broadcast-red"><b>Moderated chat was set to +!<\/b><br \/>Only users of rank + and higher can talk.<\/div>
King UU made this room hidden.
|c|âKing UU|hilarious
|c|âKing UU|nice team
|c|âdodmen|wot
|
|start
|switch|p1a: QT|Azelf|291\/291
|switch|p2a: Serperior|Serperior, F|291\/291
|turn|1
|c|âKing UU|our colour scheme
|c|âdodmen|oh
|c|âdodmen|yeah
|
|move|p1a: QT|Fire Blast|p2a: Serperior
|-supereffective|p2a: Serperior
|-enditem|p2a: Serperior|Focus Sash
|-damage|p2a: Serperior|1\/291
|-damage|p1a: QT|262\/291|[from] item: Life Orb
|move|p2a: Serperior|Leaf Storm|p1a: QT
|-damage|p1a: QT|40\/291
|-boost|p2a: Serperior|spa|2
|
|turn|2
|
|move|p1a: QT|Stealth Rock|p2a: Serperior
|-sidestart|p2: King UU|move: Stealth Rock
|move|p2a: Serperior|Dragon Pulse|p1a: QT
|-damage|p1a: QT|0 fnt
|faint|p1a: QT
|
|
|switch|p1a: FIFTEEN MINUTES|Sceptile, F|281\/281
|turn|3
|
|detailschange|p1a: FIFTEEN MINUTES|Sceptile-Mega, F
|-mega|p1a: FIFTEEN MINUTES|Sceptile|Sceptilite
|move|p1a: FIFTEEN MINUTES|Earthquake|p2a: Serperior
|-resisted|p2a: Serperior
|-damage|p2a: Serperior|0 fnt
|faint|p2a: Serperior
|
|
|switch|p2a: Jirachi|Jirachi|341\/341
|-damage|p2a: Jirachi|320\/341|[from] Stealth Rock
|turn|4
|
|switch|p1a: CAN'T SIT DOWN|Crobat, F|341\/341
|move|p2a: Jirachi|Iron Head|p1a: CAN'T SIT DOWN
|-damage|p1a: CAN'T SIT DOWN|185\/341
|
|turn|5
|
|move|p2a: Jirachi|Iron Head|p1a: CAN'T SIT DOWN
|-damage|p1a: CAN'T SIT DOWN|34\/341
|move|p1a: CAN'T SIT DOWN|Roost|p1a: CAN'T SIT DOWN
|-heal|p1a: CAN'T SIT DOWN|205\/341
|
|turn|6
|
|move|p2a: Jirachi|Iron Head|p1a: CAN'T SIT DOWN
|-damage|p1a: CAN'T SIT DOWN|72\/341
|move|p1a: CAN'T SIT DOWN|Roost|p1a: CAN'T SIT DOWN
|-heal|p1a: CAN'T SIT DOWN|243\/341
|
|turn|7
|
|move|p2a: Jirachi|Iron Head|p1a: CAN'T SIT DOWN
|-damage|p1a: CAN'T SIT DOWN|101\/341
|move|p1a: CAN'T SIT DOWN|Roost|p1a: CAN'T SIT DOWN
|-heal|p1a: CAN'T SIT DOWN|272\/341
|
|turn|8
|
|move|p2a: Jirachi|Iron Head|p1a: CAN'T SIT DOWN
|-damage|p1a: CAN'T SIT DOWN|137\/341
|move|p1a: CAN'T SIT DOWN|Roost|p1a: CAN'T SIT DOWN
|-heal|p1a: CAN'T SIT DOWN|308\/341
|
|turn|9
|c|âKing UU|I get it
|
|move|p2a: Jirachi|Iron Head|p1a: CAN'T SIT DOWN
|-damage|p1a: CAN'T SIT DOWN|170\/341
|move|p1a: CAN'T SIT DOWN|U-turn|p2a: Jirachi
|-damage|p2a: Jirachi|261\/341
|c|âKing UU|you're inner focus
|c|âKing UU|stop showing off
|c|âdodmen|lolol
|
|switch|p1a: Lucario|Lucario, F|281\/281
|
|turn|10
|c|âKing UU|c:
|c|âKing UU|is this inner focus toooo
|
|move|p2a: Jirachi|Iron Head|p1a: Lucario
|-resisted|p1a: Lucario
|-damage|p1a: Lucario|202\/281
|-boost|p1a: Lucario|spe|1|[from] ability: Steadfast
|cant|p1a: Lucario|flinch
|
|turn|11
|c|âdodmen|what else would i be
|c|âdodmen|oh
|c|âdodmen|fuck
|c|âdodmen|wrong ability LOL
|c|âKing UU|oh god.
|
|move|p2a: Jirachi|Iron Head|p1a: Lucario
|-resisted|p1a: Lucario
|-damage|p1a: Lucario|122\/281
|-boost|p1a: Lucario|spe|1|[from] ability: Steadfast
|cant|p1a: Lucario|flinch
|
|turn|12
|
|move|p1a: Lucario|Nasty Plot|p1a: Lucario
|-boost|p1a: Lucario|spa|2
|move|p2a: Jirachi|Iron Head|p1a: Lucario
|-resisted|p1a: Lucario
|-damage|p1a: Lucario|46\/281
|
|turn|13
|
|switch|p2a: Crobat|Crobat, F|341\/341
|-damage|p2a: Crobat|256\/341|[from] Stealth Rock
|move|p1a: Lucario|Flash Cannon|p2a: Crobat
|-damage|p2a: Crobat|0 fnt
|-damage|p1a: Lucario|18\/281|[from] item: Life Orb
|faint|p2a: Crobat
|
|c|âdodmen|n_n
|c|âKing UU|poop
|
|switch|p2a: Infernape|Infernape, M|293\/293
|-damage|p2a: Infernape|257\/293|[from] Stealth Rock
|turn|14
|
|move|p1a: Lucario|Vacuum Wave|p2a: Infernape
|-damage|p2a: Infernape|18\/293
|-damage|p1a: Lucario|0 fnt|[from] item: Life Orb
|faint|p1a: Lucario
|move|p2a: Infernape|Stealth Rock|p1: Lucario
|-sidestart|p1: dodmen|move: Stealth Rock
|
|c|âdodmen|fucking
|c|âdodmen|weak
|c|âKing UU|lol
|
|switch|p1a: FIFTEEN MINUTES|Sceptile-Mega, F|281\/281
|-damage|p1a: FIFTEEN MINUTES|246\/281|[from] Stealth Rock
|turn|15
|c|âKing UU|it's not shao :P
|
|move|p1a: FIFTEEN MINUTES|Earthquake|p2a: Infernape
|-supereffective|p2a: Infernape
|-damage|p2a: Infernape|0 fnt
|faint|p2a: Infernape
|
|c|âdodmen|data mienshao
|
|switch|p2a: Jirachi|Jirachi|261\/341
|-damage|p2a: Jirachi|240\/341|[from] Stealth Rock
|turn|16
|
|switch|p1a: CAN'T SIT DOWN|Crobat, F|170\/341
|-damage|p1a: CAN'T SIT DOWN|85\/341|[from] Stealth Rock
|move|p2a: Jirachi|U-turn|p1a: CAN'T SIT DOWN
|-resisted|p1a: CAN'T SIT DOWN
|-damage|p1a: CAN'T SIT DOWN|65\/341
|
|switch|p2a: Snorlax|Snorlax, M|461\/461
|-damage|p2a: Snorlax|404\/461|[from] Stealth Rock
|
|turn|17
|
|move|p1a: CAN'T SIT DOWN|Brave Bird|p2a: Snorlax
|-damage|p2a: Snorlax|197\/461
|-damage|p1a: CAN'T SIT DOWN|0 fnt|[from] recoil|[of] p2a: Snorlax
|faint|p1a: CAN'T SIT DOWN
|move|p2a: Snorlax|Body Slam|p1: CAN'T SIT DOWN|[notarget]
|-notarget
|
|
|switch|p1a: RECKLESS|Infernape, F|293\/293
|-damage|p1a: RECKLESS|257\/293|[from] Stealth Rock
|turn|18
|
|move|p1a: RECKLESS|Close Combat|p2a: Snorlax
|-supereffective|p2a: Snorlax
|-damage|p2a: Snorlax|0 fnt
|-unboost|p1a: RECKLESS|def|1
|-unboost|p1a: RECKLESS|spd|1
|-damage|p1a: RECKLESS|228\/293|[from] item: Life Orb
|faint|p2a: Snorlax
|
|
|switch|p2a: Jirachi|Jirachi|240\/341
|-damage|p2a: Jirachi|219\/341|[from] Stealth Rock
|turn|19
|
|move|p1a: RECKLESS|Mach Punch|p2a: Jirachi
|-damage|p2a: Jirachi|129\/341
|-damage|p1a: RECKLESS|199\/293|[from] item: Life Orb
|move|p2a: Jirachi|Iron Head|p1a: RECKLESS
|-resisted|p1a: RECKLESS
|-damage|p1a: RECKLESS|76\/293
|
|turn|20
|
|move|p1a: RECKLESS|Mach Punch|p2a: Jirachi
|-damage|p2a: Jirachi|39\/341
|-damage|p1a: RECKLESS|47\/293|[from] item: Life Orb
|move|p2a: Jirachi|Iron Head|p1a: RECKLESS
|-resisted|p1a: RECKLESS
|-damage|p1a: RECKLESS|0 fnt
|faint|p1a: RECKLESS
|
|
|switch|p1a: SHADED|Krookodile, F|331\/331
|-damage|p1a: SHADED|311\/331|[from] Stealth Rock
|-ability|p1a: SHADED|Intimidate|[of] p2a: Jirachi
|-unboost|p2a: Jirachi|atk|1
|turn|21
|
|move|p2a: Jirachi|Iron Head|p1a: SHADED
|-damage|p1a: SHADED|211\/331
|cant|p1a: SHADED|flinch
|
|turn|22
|
|move|p2a: Jirachi|Iron Head|p1a: SHADED
|-damage|p1a: SHADED|124\/331
|cant|p1a: SHADED|flinch
|
|turn|23
|
|move|p2a: Jirachi|Iron Head|p1a: SHADED
|-damage|p1a: SHADED|33\/331
|move|p1a: SHADED|Pursuit|p2a: Jirachi
|-supereffective|p2a: Jirachi
|-damage|p2a: Jirachi|0 fnt
|faint|p2a: Jirachi
|
|
|switch|p2a: Swampert|Swampert, M|341\/341
|-damage|p2a: Swampert|320\/341|[from] Stealth Rock
|turn|24
|
|detailschange|p2a: Swampert|Swampert-Mega, M
|-mega|p2a: Swampert|Swampert|Swampertite
|move|p1a: SHADED|Taunt|p2a: Swampert
|-start|p2a: Swampert|move: Taunt
|cant|p2a: Swampert|move: Taunt|Rain Dance
|
|turn|25
|c|âKing UU|and
|c|âKing UU|you're mean
|c|âdodmen|bop
|c|âKing UU|did I mention
|c|âKing UU|how mean you are
|
|move|p1a: SHADED|Earthquake|p2a: Swampert
|-crit|p2a: Swampert
|-damage|p2a: Swampert|92\/341
|move|p2a: Swampert|Ice Punch|p1a: SHADED
|-supereffective|p1a: SHADED
|-damage|p1a: SHADED|0 fnt
|faint|p1a: SHADED
|
|
|switch|p1a: FIFTEEN MINUTES|Sceptile-Mega, F|246\/281
|-damage|p1a: FIFTEEN MINUTES|211\/281|[from] Stealth Rock
|turn|26
|c|âKing UU|gg
|
|move|p1a: FIFTEEN MINUTES|Leaf Blade|p2a: Swampert
|-supereffective|p2a: Swampert
|-damage|p2a: Swampert|0 fnt
|faint|p2a: Swampert
|
|win|dodmen
|c|âdodmen|gg
|leave|King UU
|player|p2