|join|dodmen
|join|Pokeman199
|player|p1|dodmen|171
|player|p2|Pokeman199|290
|gametype|singles
|gen|6
|tier|UU
|rule|Sleep Clause Mod: Limit one foe put to sleep
|rule|Species Clause: Limit one of each PokÃ©mon
|rule|OHKO Clause: OHKO moves are banned
|rule|Moody Clause: Moody is banned
|rule|Evasion Moves Clause: Evasion moves are banned
|rule|Endless Battle Clause: Forcing endless battles is banned
|rule|HP Percentage Mod: HP is shown in percentages
|clearpoke
|poke|p1|Abomasnow, M
|poke|p1|Suicune
|poke|p1|Krookodile, M
|poke|p1|Goodra, M
|poke|p1|Crobat, F
|poke|p1|Chandelure, F
|poke|p2|Umbreon, M, shiny
|poke|p2|Espeon, M, shiny
|poke|p2|Leafeon, M, shiny
|poke|p2|Vaporeon, M, shiny
|poke|p2|Flareon, M, shiny
|poke|p2|Glaceon, M, shiny
|rule|Swagger Clause: Swagger is banned
|rule|Baton Pass Clause: Limit one PokÃ©mon knowing Baton Pass
|teampreview
|
|start
|switch|p1a: Krookodile|Krookodile, M|331\/331
|switch|p2a: Espeon|Espeon, M, shiny|272\/272
|-ability|p1a: Krookodile|Intimidate|[of] p2a: Espeon
|-unboost|p2a: Espeon|atk|1
|turn|1
|join|DMT
|c|+DMT|is this
|c|+DMT|SPL
|
|move|p2a: Espeon|Dazzling Gleam|p1a: Krookodile
|-supereffective|p1a: Krookodile
|-damage|p1a: Krookodile|0 fnt
|-damage|p2a: Espeon|245\/272|[from] item: Life Orb
|faint|p1a: Krookodile
|
|c|âdodmen|lol
|c|+DMT|looks like spl
|join|tecado
|join|Shit User
|
|switch|p1a: Goodra|Goodra, M|335\/335
|turn|2
|c| Shit User|lmao
|
|move|p2a: Espeon|Dazzling Gleam|p1a: Goodra
|-supereffective|p1a: Goodra
|-damage|p1a: Goodra|156\/335
|-damage|p2a: Espeon|218\/272|[from] item: Life Orb
|move|p1a: Goodra|Outrage|p2a: Espeon
|-damage|p2a: Espeon|0 fnt
|faint|p2a: Espeon
|
|
|switch|p2a: Flareon|Flareon, M, shiny|272\/272
|turn|3
|join|Dad's Dad
|
|move|p2a: Flareon|Superpower|p1a: Goodra
|-damage|p1a: Goodra|0 fnt
|-unboost|p2a: Flareon|atk|1
|-unboost|p2a: Flareon|def|1
|faint|p1a: Goodra
|
|leave|Shit User
|
|switch|p1a: Chandelure|Chandelure, F|261\/261
|turn|4
|leave|tecado
|
|switch|p2a: Vaporeon|Vaporeon, M, shiny|464\/464
|move|p1a: Chandelure|Trick|p2a: Vaporeon
|-activate|p1a: Chandelure|move: Trick|[of] p2a: Vaporeon
|-item|p2a: Vaporeon|Choice Specs|[from] move: Trick
|-item|p1a: Chandelure|Assault Vest|[from] move: Trick
|
|turn|5
|leave|Dad's Dad
|
|move|p1a: Chandelure|Energy Ball|p2a: Vaporeon
|-supereffective|p2a: Vaporeon
|-damage|p2a: Vaporeon|192\/464
|move|p2a: Vaporeon|Hydro Pump|p1a: Chandelure
|-supereffective|p1a: Chandelure
|-damage|p1a: Chandelure|0 fnt
|faint|p1a: Chandelure
|
|
|switch|p1a: Suicune|Suicune|373\/373
|-ability|p1a: Suicune|Pressure
|turn|6
|join|Bob the Bro
|
|move|p1a: Suicune|Substitute|p1a: Suicune
|-start|p1a: Suicune|Substitute
|-damage|p1a: Suicune|280\/373
|move|p2a: Vaporeon|Hydro Pump|p1a: Suicune
|-resisted|p1a: Suicune
|-end|p1a: Suicune|Substitute
|
|-heal|p1a: Suicune|303\/373|[from] item: Leftovers
|turn|7
|
|move|p1a: Suicune|Calm Mind|p1a: Suicune
|-boost|p1a: Suicune|spa|1
|-boost|p1a: Suicune|spd|1
|move|p2a: Vaporeon|Hydro Pump|p1a: Suicune
|-resisted|p1a: Suicune
|-damage|p1a: Suicune|219\/373
|
|-heal|p1a: Suicune|242\/373|[from] item: Leftovers
|turn|8
|
|move|p1a: Suicune|Substitute|p1a: Suicune
|-start|p1a: Suicune|Substitute
|-damage|p1a: Suicune|149\/373
|move|p2a: Vaporeon|Hydro Pump|p1a: Suicune|[miss]
|-miss|p2a: Vaporeon|p1a: Suicune
|
|-heal|p1a: Suicune|172\/373|[from] item: Leftovers
|turn|9
|
|move|p1a: Suicune|Calm Mind|p1a: Suicune
|-boost|p1a: Suicune|spa|1
|-boost|p1a: Suicune|spd|1
|move|p2a: Vaporeon|Hydro Pump|p1a: Suicune
|-resisted|p1a: Suicune
|-activate|p1a: Suicune|Substitute|[damage]
|
|-heal|p1a: Suicune|195\/373|[from] item: Leftovers
|turn|10
|join|Dad's Dad
|leave|Dad's Dad
|
|move|p1a: Suicune|Ice Beam|p2a: Vaporeon
|-crit|p2a: Vaporeon
|-resisted|p2a: Vaporeon
|-damage|p2a: Vaporeon|54\/464
|-status|p2a: Vaporeon|frz
|-curestatus|p2a: Vaporeon|frz
|move|p2a: Vaporeon|Struggle|p1a: Suicune
|-activate|p1a: Suicune|Substitute|[damage]
|-damage|p2a: Vaporeon|0 fnt
|faint|p2a: Vaporeon
|
|-heal|p1a: Suicune|218\/373|[from] item: Leftovers
|
|switch|p2a: Glaceon|Glaceon, M, shiny|272\/272
|turn|11
|
|move|p2a: Glaceon|Hail|p2a: Glaceon
|-weather|Hail
|move|p1a: Suicune|Scald|p2a: Glaceon
|-damage|p2a: Glaceon|43\/272
|
|-weather|Hail|[upkeep]
|-heal|p2a: Glaceon|60\/272|[from] ability: Ice Body
|-damage|p1a: Suicune|195\/373|[from] hail
|-heal|p1a: Suicune|218\/373|[from] item: Leftovers
|turn|12
|
|move|p2a: Glaceon|Rest|p2a: Glaceon
|-status|p2a: Glaceon|slp
|-heal|p2a: Glaceon|272\/272 slp|[silent]
|-status|p2a: Glaceon|slp|[from] move: Rest
|-enditem|p2a: Glaceon|Chesto Berry|[eat]
|-curestatus|p2a: Glaceon|slp
|move|p1a: Suicune|Scald|p2a: Glaceon
|-damage|p2a: Glaceon|19\/272
|
|-weather|Hail|[upkeep]
|-heal|p2a: Glaceon|36\/272|[from] ability: Ice Body
|-damage|p1a: Suicune|195\/373|[from] hail
|-heal|p1a: Suicune|218\/373|[from] item: Leftovers
|turn|13
|
|move|p2a: Glaceon|Blizzard|p1a: Suicune
|-resisted|p1a: Suicune
|-end|p1a: Suicune|Substitute
|move|p1a: Suicune|Scald|p2a: Glaceon
|-damage|p2a: Glaceon|0 fnt
|faint|p2a: Glaceon
|
|-weather|Hail|[upkeep]
|-damage|p1a: Suicune|195\/373|[from] hail
|-heal|p1a: Suicune|218\/373|[from] item: Leftovers
|
|switch|p2a: Leafeon|Leafeon, M, shiny|334\/334
|turn|14
|
|switch|p1a: Crobat|Crobat, F|343\/343
|move|p2a: Leafeon|Leaf Blade|p1a: Crobat
|-resisted|p1a: Crobat
|-damage|p1a: Crobat|287\/343
|-damage|p2a: Leafeon|301\/334|[from] item: Life Orb
|
|-weather|Hail|[upkeep]
|-damage|p1a: Crobat|266\/343|[from] hail
|-damage|p2a: Leafeon|281\/334|[from] hail
|-heal|p1a: Crobat|287\/343|[from] item: Black Sludge
|turn|15
|
|switch|p2a: Flareon|Flareon, M, shiny|272\/272
|move|p1a: Crobat|Brave Bird|p2a: Flareon
|-damage|p2a: Flareon|53\/272
|-damage|p1a: Crobat|215\/343|[from] recoil|[of] p2a: Flareon
|
|-weather|none
|-heal|p1a: Crobat|236\/343|[from] item: Black Sludge
|turn|16
|
|move|p1a: Crobat|Brave Bird|p2a: Flareon
|-damage|p2a: Flareon|0 fnt
|-damage|p1a: Crobat|219\/343|[from] recoil|[of] p2a: Flareon
|faint|p2a: Flareon
|
|-heal|p1a: Crobat|240\/343|[from] item: Black Sludge
|join|joint account
|
|switch|p2a: Umbreon|Umbreon, M, shiny|386\/386
|turn|17
|leave|DMT
|
|move|p1a: Crobat|Taunt|p2a: Umbreon
|-start|p2a: Umbreon|move: Taunt
|cant|p2a: Umbreon|move: Taunt|Curse
|
|-heal|p1a: Crobat|261\/343|[from] item: Black Sludge
|turn|18
|leave|Bob the Bro
|
|move|p1a: Crobat|Brave Bird|p2a: Umbreon
|-damage|p2a: Umbreon|254\/386
|-damage|p1a: Crobat|217\/343|[from] recoil|[of] p2a: Umbreon
|move|p2a: Umbreon|Payback|p1a: Crobat
|-damage|p1a: Crobat|121\/343
|
|-heal|p1a: Crobat|142\/343|[from] item: Black Sludge
|-heal|p2a: Umbreon|278\/386|[from] item: Leftovers
|turn|19
|
|move|p1a: Crobat|Brave Bird|p2a: Umbreon
|-damage|p2a: Umbreon|139\/386
|-damage|p1a: Crobat|96\/343|[from] recoil|[of] p2a: Umbreon
|move|p2a: Umbreon|Payback|p1a: Crobat
|-damage|p1a: Crobat|0 fnt
|faint|p1a: Crobat
|
|-heal|p2a: Umbreon|163\/386|[from] item: Leftovers
|-end|p2a: Umbreon|move: Taunt
|
|switch|p1a: Abomasnow|Abomasnow, M|337\/337
|turn|20
|
|move|p1a: Abomasnow|Swords Dance|p1a: Abomasnow
|-boost|p1a: Abomasnow|atk|2
|move|p2a: Umbreon|Moonlight|p2a: Umbreon
|-heal|p2a: Umbreon|356\/386
|
|-heal|p2a: Umbreon|380\/386|[from] item: Leftovers
|turn|21
|
|move|p1a: Abomasnow|Seed Bomb|p2a: Umbreon
|-damage|p2a: Umbreon|175\/386
|move|p2a: Umbreon|Toxic|p1a: Abomasnow
|-status|p1a: Abomasnow|tox
|
|-heal|p2a: Umbreon|199\/386|[from] item: Leftovers
|-damage|p1a: Abomasnow|316\/337 tox|[from] psn
|turn|22
|
|move|p1a: Abomasnow|Seed Bomb|p2a: Umbreon
|-crit|p2a: Umbreon
|-damage|p2a: Umbreon|0 fnt
|faint|p2a: Umbreon
|
|-damage|p1a: Abomasnow|274\/337 tox|[from] psn
|
|switch|p2a: Leafeon|Leafeon, M, shiny|281\/334
|turn|23
|
|detailschange|p1a: Abomasnow|Abomasnow-Mega, M
|-mega|p1a: Abomasnow|Abomasnow|Abomasite
|-weather|Hail
|move|p1a: Abomasnow|Ice Shard|p2a: Leafeon
|-supereffective|p2a: Leafeon
|-damage|p2a: Leafeon|15\/334
|move|p2a: Leafeon|Knock Off|p1a: Abomasnow
|-damage|p1a: Abomasnow|182\/337 tox
|-damage|p2a: Leafeon|0 fnt|[from] item: Life Orb
|faint|p2a: Leafeon
|
|win|dodmen
|c|âPokeman199|good game dodmen
|leave|joint account
|leave|Pokeman199
|player|p2