|join|dodmen
|join|DaveTheDopeFiend
|player|p1|dodmen|171
|player|p2|DaveTheDopeFiend|125
|gametype|singles
|gen|6
|tier|UU
|rule|Sleep Clause Mod: Limit one foe put to sleep
|rule|Species Clause: Limit one of each PokÃ©mon
|rule|OHKO Clause: OHKO moves are banned
|rule|Moody Clause: Moody is banned
|rule|Evasion Moves Clause: Evasion moves are banned
|rule|Endless Battle Clause: Forcing endless battles is banned
|rule|HP Percentage Mod: HP is shown in percentages
|clearpoke
|poke|p1|Hippowdon, M
|poke|p1|Stoutland, M
|poke|p1|Jirachi
|poke|p1|Serperior, M
|poke|p1|Reuniclus, F
|poke|p1|Aerodactyl, M
|poke|p2|Fletchinder, M
|poke|p2|Celebi
|poke|p2|Hydreigon, F
|poke|p2|Nidoqueen, F
|poke|p2|Blastoise, F
|poke|p2|Dugtrio, F
|rule|Swagger Clause: Swagger is banned
|rule|Baton Pass Clause: Limit one PokÃ©mon knowing Baton Pass
|teampreview
|c|âDaveTheDopeFiend|xd
|c|âdodmen|haha
|join|bleve
|c| bleve|>mystery
|
|start
|switch|p1a: Aerodactyl|Aerodactyl, M|363\/363
|switch|p2a: Nidoqueen|Nidoqueen, F|321\/321
|-ability|p1a: Aerodactyl|Unnerve|p2: DaveTheDopeFiend
|turn|1
|c|âdodmen|fuck
|c|âdodmen|linda
|c|âDaveTheDopeFiend|kek
|c|âdodmen|is inda
|c|âdodmen|toise
|
|detailschange|p1a: Aerodactyl|Aerodactyl-Mega, M
|-mega|p1a: Aerodactyl|Aerodactyl|Aerodactylite
|move|p1a: Aerodactyl|Aqua Tail|p2a: Nidoqueen
|-supereffective|p2a: Nidoqueen
|-damage|p2a: Nidoqueen|49\/321
|move|p2a: Nidoqueen|Thunderbolt|p1a: Aerodactyl
|-supereffective|p1a: Aerodactyl
|-damage|p1a: Aerodactyl|90\/363
|
|turn|2
|c|âdodmen|is inda
|join|SmashBrosBrawl
|c|âdodmen|nb
|
|move|p1a: Aerodactyl|Aerial Ace|p2a: Nidoqueen
|-damage|p2a: Nidoqueen|0 fnt
|faint|p2a: Nidoqueen
|
|
|switch|p2a: Linda|Fletchinder, M|325\/325
|turn|3
|c|+SmashBrosBrawl|hel
|c|+SmashBrosBrawl|lo
|
|move|p2a: Linda|Acrobatics|p1a: Aerodactyl
|-resisted|p1a: Aerodactyl
|-damage|p1a: Aerodactyl|3\/363
|move|p1a: Aerodactyl|Roost|p1a: Aerodactyl
|-heal|p1a: Aerodactyl|185\/363
|
|turn|4
|c|âDaveTheDopeFiend|does this
|join|THEiTodd
|c|âdodmen|that
|c|+SmashBrosBrawl|he
|c|âdodmen|was max
|c|+SmashBrosBrawl|ll
|c|+SmashBrosBrawl|o
|c|âdodmen|i swer
|c|âDaveTheDopeFiend|o
|
|switch|p2a: Blastoise|Blastoise, F|321\/321
|move|p1a: Aerodactyl|Aerial Ace|p2a: Blastoise
|-damage|p2a: Blastoise|209\/321
|
|turn|5
|
|switch|p1a: Serperior|Serperior, M|291\/291
|detailschange|p2a: Blastoise|Blastoise-Mega, F
|-mega|p2a: Blastoise|Blastoise|Blastoisinite
|move|p2a: Blastoise|Hydro Pump|p1a: Serperior
|-resisted|p1a: Serperior
|-damage|p1a: Serperior|174\/291
|
|turn|6
|c|âdodmen|fk
|c|âdodmen|strong!
|c| bleve|is contrary released?
|c|âDaveTheDopeFiend|y
|c|+SmashBrosBrawl|yes
|c|âdodmen|y
|
|switch|p2a: Hydreigon|Hydreigon, F|325\/325
|move|p1a: Serperior|Leaf Storm|p2a: Hydreigon
|-resisted|p2a: Hydreigon
|-damage|p2a: Hydreigon|224\/325
|-boost|p1a: Serperior|spa|2
|
|turn|7
|
|move|p2a: Hydreigon|Dark Pulse|p1a: Serperior
|-damage|p1a: Serperior|32\/291
|move|p1a: Serperior|Leaf Storm|p2a: Hydreigon
|-resisted|p2a: Hydreigon
|-damage|p2a: Hydreigon|4\/325
|-boost|p1a: Serperior|spa|2
|
|turn|8
|c|âDaveTheDopeFiend|if only there was a move
|c|âDaveTheDopeFiend|that did
|c|âDaveTheDopeFiend|1-12%
|c|+SmashBrosBrawl|l
|c|âDaveTheDopeFiend|damage
|c|+SmashBrosBrawl|m
|c|+SmashBrosBrawl|f
|c|âdodmen|look at all my
|c|âDaveTheDopeFiend|on
|c|âdodmen|dark resists
|c|+SmashBrosBrawl|a
|c|âDaveTheDopeFiend|everyhting
|c|+SmashBrosBrawl|o
|c| bleve|is sheerforce totodile released?
|c|+SmashBrosBrawl|no
|
|move|p2a: Hydreigon|Dark Pulse|p1a: Serperior
|-damage|p1a: Serperior|0 fnt
|faint|p1a: Serperior
|
|c|+SmashBrosBrawl|dodmen
|c|+SmashBrosBrawl|you need
|c|+SmashBrosBrawl|av machamp
|
|switch|p1a: Hippowdon|Hippowdon, M|419\/419
|-weather|Sandstorm
|turn|9
|c|+SmashBrosBrawl|on this team
|c|âdodmen|prob
|c|âdodmen|over reuniclus
|c|âdodmen|yn
|c|+SmashBrosBrawl|reuniclus
|
|switch|p2a: Linda|Fletchinder, M|325\/325
|move|p1a: Hippowdon|Stealth Rock|p2a: Linda
|-sidestart|p2: DaveTheDopeFiend|move: Stealth Rock
|
|-weather|Sandstorm|[upkeep]
|-damage|p2a: Linda|305\/325|[from] sandstorm
|turn|10
|c|+SmashBrosBrawl|is bad
|c|+SmashBrosBrawl|unless trick room 3 atks
|c|+SmashBrosBrawl|that is a threat
|
|move|p2a: Linda|Will-O-Wisp|p1a: Hippowdon
|-status|p1a: Hippowdon|brn
|move|p1a: Hippowdon|Whirlwind|p2a: Linda
|drag|p2a: Dugtrio|Dugtrio, F|211\/211
|-damage|p2a: Dugtrio|198\/211|[from] Stealth Rock
|
|-weather|Sandstorm|[upkeep]
|-damage|p1a: Hippowdon|367\/419 brn|[from] brn
|turn|11
|c|âDaveTheDopeFiend|wow not evn
|c|âDaveTheDopeFiend|toise
|
|move|p2a: Dugtrio|Earthquake|p1a: Hippowdon
|-damage|p1a: Hippowdon|235\/419 brn
|move|p1a: Hippowdon|Earthquake|p2a: Dugtrio
|-damage|p2a: Dugtrio|92\/211
|
|-weather|Sandstorm|[upkeep]
|-damage|p1a: Hippowdon|183\/419 brn|[from] brn
|turn|12
|c|âdodmen|strong!
|c|âDaveTheDopeFiend|!
|
|switch|p2a: Blastoise|Blastoise-Mega, F|209\/321
|-damage|p2a: Blastoise|169\/321|[from] Stealth Rock
|move|p1a: Hippowdon|Earthquake|p2a: Blastoise
|-damage|p2a: Blastoise|112\/321
|
|-weather|Sandstorm|[upkeep]
|-damage|p2a: Blastoise|92\/321|[from] sandstorm
|-damage|p1a: Hippowdon|131\/419 brn|[from] brn
|turn|13
|c|âDaveTheDopeFiend|do i win this
|
|switch|p1a: Aerodactyl|Aerodactyl-Mega, M|185\/363
|move|p2a: Blastoise|Rapid Spin|p1a: Aerodactyl
|-resisted|p1a: Aerodactyl
|-damage|p1a: Aerodactyl|177\/363
|-sideend|p2: DaveTheDopeFiend|Stealth Rock|[from] move: Rapid Spin|[of] p2a: Blastoise
|
|-weather|Sandstorm|[upkeep]
|-damage|p2a: Blastoise|72\/321|[from] sandstorm
|turn|14
|
|move|p1a: Aerodactyl|Aerial Ace|p2a: Blastoise
|-damage|p2a: Blastoise|0 fnt
|faint|p2a: Blastoise
|
|-weather|Sandstorm|[upkeep]
|
|switch|p2a: Hydreigon|Hydreigon, F|4\/325
|turn|15
|c|âdodmen|depends
|c|âdodmen|on what celebi
|c|âdodmen|that is
|c|âDaveTheDopeFiend|its
|c|âDaveTheDopeFiend|the epic set
|
|move|p2a: Hydreigon|Draco Meteor|p1a: Aerodactyl
|-damage|p1a: Aerodactyl|21\/363
|-unboost|p2a: Hydreigon|spa|2
|move|p1a: Aerodactyl|Roost|p1a: Aerodactyl
|-heal|p1a: Aerodactyl|203\/363
|
|-weather|Sandstorm|[upkeep]
|-damage|p2a: Hydreigon|0 fnt|[from] sandstorm
|faint|p2a: Hydreigon
|c|âdodmen|yum
|c|âDaveTheDopeFiend|this
|c|âDaveTheDopeFiend|is
|c|âDaveTheDopeFiend|spo
|c|âDaveTheDopeFiend|epic
|c|âDaveTheDopeFiend|how u live
|c|âDaveTheDopeFiend|with
|c|âDaveTheDopeFiend|just enuf
|c|âDaveTheDopeFiend|dmg
|c|âDaveTheDopeFiend|on things
|c|âdodmen|ur
|c|âdodmen|just gettin max
|c|âdodmen|252 SpA Hydreigon Draco Meteor vs. 248 HP \/ 0 SpD Mega Aerodactyl in Sand: 144-171 (39.6 - 47.1%) -- guaranteed 2HKO after Stealth Rock
|c|âDaveTheDopeFiend|if only
|c|âdodmen|i had 49 tbh
|c|âDaveTheDopeFiend|there was a move
|c|âDaveTheDopeFiend|that
|c|âDaveTheDopeFiend|did chip damage
|c|âDaveTheDopeFiend|on entry
|c|âdodmen|hail
|c|âDaveTheDopeFiend|gay
|c|âdodmen|imo
|c|âDaveTheDopeFiend|yeah
|
|switch|p2a: Celebi|Celebi|341\/341
|turn|16
|c|âdodmen|tf are you 4 attack nidoqueen
|c|âDaveTheDopeFiend|n
|c|âDaveTheDopeFiend|n ice beam
|c|âdodmen|oh
|c|âdodmen|flygon walls
|c|âdodmen|:}
|c|âDaveTheDopeFiend|y
|c|âDaveTheDopeFiend|kek
|
|move|p1a: Aerodactyl|Taunt|p2a: Celebi
|-start|p2a: Celebi|move: Taunt
|cant|p2a: Celebi|move: Taunt|Swords Dance
|
|-weather|none
|turn|17
|c|âDaveTheDopeFiend|o
|c|âDaveTheDopeFiend|rip
|
|switch|p1a: Hippowdon|Hippowdon, M|131\/419 brn
|-weather|Sandstorm
|move|p2a: Celebi|Seed Bomb|p1a: Hippowdon
|-supereffective|p1a: Hippowdon
|-damage|p1a: Hippowdon|0 fnt
|-damage|p2a: Celebi|307\/341|[from] item: Life Orb
|faint|p1a: Hippowdon
|
|-weather|Sandstorm|[upkeep]
|-damage|p2a: Celebi|286\/341|[from] sandstorm
|
|switch|p1a: Jirachi|Jirachi|404\/404
|turn|18
|c|âdodmen|oh
|c|âdodmen|i meant
|c|âdodmen|dog
|c|âDaveTheDopeFiend|sik
|
|switch|p2a: Linda|Fletchinder, M|305\/325
|move|p1a: Jirachi|Fire Punch|p2a: Linda
|-resisted|p2a: Linda
|-damage|p2a: Linda|262\/325
|
|-weather|Sandstorm|[upkeep]
|-damage|p2a: Linda|242\/325|[from] sandstorm
|turn|19
|
|move|p1a: Jirachi|Toxic|p2a: Linda
|-status|p2a: Linda|tox
|move|p2a: Linda|Swords Dance|p2a: Linda
|-boost|p2a: Linda|atk|2
|
|-weather|Sandstorm|[upkeep]
|-damage|p2a: Linda|222\/325 tox|[from] sandstorm
|-damage|p2a: Linda|202\/325 tox|[from] psn
|turn|20
|
|move|p2a: Linda|Acrobatics|p1a: Jirachi
|-resisted|p1a: Jirachi
|-damage|p1a: Jirachi|252\/404
|move|p1a: Jirachi|Substitute|p1a: Jirachi
|-start|p1a: Jirachi|Substitute
|-damage|p1a: Jirachi|151\/404
|
|-weather|Sandstorm|[upkeep]
|-damage|p2a: Linda|182\/325 tox|[from] sandstorm
|-heal|p1a: Jirachi|176\/404|[from] item: Leftovers
|-damage|p2a: Linda|142\/325 tox|[from] psn
|turn|21
|
|move|p2a: Linda|Acrobatics|p1a: Jirachi
|-resisted|p1a: Jirachi
|-end|p1a: Jirachi|Substitute
|move|p1a: Jirachi|Substitute|p1a: Jirachi
|-start|p1a: Jirachi|Substitute
|-damage|p1a: Jirachi|75\/404
|
|-weather|Sandstorm|[upkeep]
|-damage|p2a: Linda|122\/325 tox|[from] sandstorm
|-heal|p1a: Jirachi|100\/404|[from] item: Leftovers
|-damage|p2a: Linda|62\/325 tox|[from] psn
|turn|22
|
|move|p2a: Linda|Acrobatics|p1a: Jirachi
|-resisted|p1a: Jirachi
|-end|p1a: Jirachi|Substitute
|move|p1a: Jirachi|Iron Head|p2a: Linda
|-resisted|p2a: Linda
|-damage|p2a: Linda|0 fnt
|faint|p2a: Linda
|
|-weather|Sandstorm|[upkeep]
|-heal|p1a: Jirachi|125\/404|[from] item: Leftovers
|c|âdodmen|not
|
|switch|p2a: Dugtrio|Dugtrio, F|92\/211
|turn|23
|c|âdodmen|enuf :[
|
|move|p2a: Dugtrio|Memento|p1a: Jirachi
|-unboost|p1a: Jirachi|atk|2
|-unboost|p1a: Jirachi|spa|2
|faint|p2a: Dugtrio
|move|p1a: Jirachi|Iron Head|p2: Dugtrio|[notarget]
|-notarget
|
|-weather|Sandstorm|[upkeep]
|-heal|p1a: Jirachi|150\/404|[from] item: Leftovers
|c|âDaveTheDopeFiend|rip
|
|switch|p2a: Celebi|Celebi|286\/341
|turn|24
|c|âdodmen|lol rip in peppers
|c| THEiTodd|did you guys watch the superb owl?!??!
|c|âDaveTheDopeFiend|x
|c|âDaveTheDopeFiend|d
|c|âDaveTheDopeFiend|that was a dank meem
|c| bleve|no
|c| bleve|fuck america tbh
|c| THEiTodd|:\/
|
|move|p1a: Jirachi|Toxic|p2a: Celebi
|-status|p2a: Celebi|tox
|move|p2a: Celebi|Swords Dance|p2a: Celebi
|-boost|p2a: Celebi|atk|2
|
|-weather|none
|-heal|p1a: Jirachi|175\/404|[from] item: Leftovers
|-damage|p2a: Celebi|265\/341 tox|[from] psn
|turn|25
|c| THEiTodd|bleve pls
|
|move|p1a: Jirachi|Iron Head|p2a: Celebi
|-damage|p2a: Celebi|217\/341 tox
|cant|p2a: Celebi|flinch
|
|-heal|p1a: Jirachi|200\/404|[from] item: Leftovers
|-damage|p2a: Celebi|175\/341 tox|[from] psn
|turn|26
|
|move|p2a: Celebi|Sucker Punch|p1a: Jirachi
|-fail|p2a: Celebi
|move|p1a: Jirachi|Substitute|p1a: Jirachi
|-start|p1a: Jirachi|Substitute
|-damage|p1a: Jirachi|99\/404
|
|-heal|p1a: Jirachi|124\/404|[from] item: Leftovers
|-damage|p2a: Celebi|112\/341 tox|[from] psn
|turn|27
|c|âdodmen|bop
|c|âDaveTheDopeFiend|fag
|c|âDaveTheDopeFiend|got
|c| bleve|fucking
|leave|DaveTheDopeFiend
|player|p2
|c| bleve|rekt
bleve was promoted to Room Voice by dodmen.
|player|p2|bleve|138
|join|Tipsy Russian
|
|move|p2a: Celebi|Sucker Punch|p1a: Jirachi
|-supereffective|p1a: Jirachi
|-end|p1a: Jirachi|Substitute
|-damage|p2a: Celebi|78\/341 tox|[from] item: Life Orb
|move|p1a: Jirachi|Iron Head|p2a: Celebi
|-damage|p2a: Celebi|26\/341 tox
|
|-heal|p1a: Jirachi|149\/404|[from] item: Leftovers
|-damage|p2a: Celebi|0 fnt|[from] psn
|faint|p2a: Celebi
|
|win|dodmen
|c|âbleve|latias
|c|âbleve|is ass