|join|mega pidgeotto
|join|thehappyhappyist
|player|p1|mega pidgeotto|171
|player|p2|thehappyhappyist|169
|gametype|singles
|gen|6
|tier|UU
|rated
|rule|Sleep Clause Mod: Limit one foe put to sleep
|rule|Species Clause: Limit one of each PokÃ©mon
|rule|OHKO Clause: OHKO moves are banned
|rule|Moody Clause: Moody is banned
|rule|Evasion Moves Clause: Evasion moves are banned
|rule|Endless Battle Clause: Forcing endless battles is banned
|rule|HP Percentage Mod: HP is shown in percentages
|clearpoke
|poke|p1|Absol, F
|poke|p1|Lucario, M
|poke|p1|Reuniclus, F
|poke|p1|Florges, F
|poke|p1|Swampert, F
|poke|p1|Chesnaught, M
|poke|p2|Beedrill, F
|poke|p2|Serperior, F
|poke|p2|Hydreigon, M
|poke|p2|Infernape, M
|poke|p2|Hippowdon, F
|poke|p2|Cloyster, M
|rule|Swagger Clause: Swagger is banned
|rule|Baton Pass Clause: Limit one PokÃ©mon knowing Baton Pass
|teampreview
|join|hairy toenail
|c|âthehappyhappyist|gl hf
|c|âmega pidgeotto|hf
|
|start
|switch|p1a: Swampert|Swampert, F|401\/401
|switch|p2a: Beedrill|Beedrill, F|271\/271
|turn|1
|join|rqing
|
|detailschange|p2a: Beedrill|Beedrill-Mega, F
|-mega|p2a: Beedrill|Beedrill|Beedrillite
|move|p2a: Beedrill|U-turn|p1a: Swampert
|-damage|p1a: Swampert|253\/401
|
|switch|p2a: Serperior|Serperior, F|354\/354
|move|p1a: Swampert|Stealth Rock|p2a: Serperior
|-sidestart|p2: thehappyhappyist|move: Stealth Rock
|
|-heal|p1a: Swampert|278\/401|[from] item: Leftovers
|turn|2
|c|âmega pidgeotto|fuk
|
|switch|p1a: Chesnaught|Chesnaught, M|380\/380
|move|p2a: Serperior|Glare|p1a: Chesnaught
|-status|p1a: Chesnaught|par
|
|turn|3
|
|switch|p2a: Infernape|Infernape, M|293\/293
|-damage|p2a: Infernape|257\/293|[from] Stealth Rock
|move|p1a: Chesnaught|Drain Punch|p2a: Infernape
|-damage|p2a: Infernape|133\/293
|
|turn|4
|
|switch|p1a: Florges|Florges, F|360\/360
|move|p2a: Infernape|Flare Blitz|p1a: Florges
|-damage|p1a: Florges|146\/360
|-damage|p2a: Infernape|62\/293|[from] recoil|[of] p1a: Florges
|-damage|p2a: Infernape|33\/293|[from] item: Life Orb
|
|-heal|p1a: Florges|168\/360|[from] item: Leftovers
|turn|5
|
|move|p1a: Florges|Protect|p1a: Florges
|-singleturn|p1a: Florges|Protect
|move|p2a: Infernape|Flare Blitz|p1a: Florges
|-activate|p1a: Florges|Protect
|
|-heal|p1a: Florges|190\/360|[from] item: Leftovers
|turn|6
|join|Meowiekins
|
|move|p1a: Florges|Protect|p1a: Florges
|-fail|p1a: Florges
|move|p2a: Infernape|Flare Blitz|p1a: Florges
|-damage|p1a: Florges|0 fnt
|-damage|p2a: Infernape|0 fnt|[from] recoil|[of] p1a: Florges
|faint|p1a: Florges
|faint|p2a: Infernape
|
|
|switch|p2a: Beedrill|Beedrill-Mega, F|271\/271
|switch|p1a: Absol|Absol, F|271\/271
|-damage|p2a: Beedrill|204\/271|[from] Stealth Rock
|-ability|p1a: Absol|Pressure
|turn|7
|
|detailschange|p1a: Absol|Absol-Mega, F
|-mega|p1a: Absol|Absol|Absolite
|move|p1a: Absol|Sucker Punch|p2a: Beedrill
|-damage|p2a: Beedrill|0 fnt
|faint|p2a: Beedrill
|
|c|âthehappyhappyist|dang, thought i could live that
|c| Meowiekins|it ohkos from full
|c|âthehappyhappyist|mega bee is paper thin
|
|switch|p2a: Cloyster|Cloyster, M|241\/241
|-damage|p2a: Cloyster|181\/241|[from] Stealth Rock
|turn|8
|
|move|p1a: Absol|Knock Off|p2a: Cloyster
|-damage|p2a: Cloyster|58\/241
|-enditem|p2a: Cloyster|White Herb|[from] move: Knock Off|[of] p1a: Absol
|move|p2a: Cloyster|Shell Smash|p2a: Cloyster
|-boost|p2a: Cloyster|atk|2
|-boost|p2a: Cloyster|spa|2
|-boost|p2a: Cloyster|spe|2
|-unboost|p2a: Cloyster|def|1
|-unboost|p2a: Cloyster|spd|1
|
|turn|9
|c|âthehappyhappyist|super well played
|c| rqing|obvious plays..:P
|
|switch|p1a: Swampert|Swampert, F|278\/401
|move|p2a: Cloyster|Shell Smash|p2a: Cloyster
|-boost|p2a: Cloyster|atk|2
|-boost|p2a: Cloyster|spa|2
|-boost|p2a: Cloyster|spe|2
|-unboost|p2a: Cloyster|def|1
|-unboost|p2a: Cloyster|spd|1
|
|-heal|p1a: Swampert|303\/401|[from] item: Leftovers
|turn|10
|c| Meowiekins|oh fuck
|join|luke317
|c| hairy toenail|hope u have ice shard
|
|move|p2a: Cloyster|Icicle Spear|p1a: Swampert
|-damage|p1a: Swampert|207\/401
|-damage|p1a: Swampert|120\/401
|-damage|p1a: Swampert|30\/401
|-damage|p1a: Swampert|0 fnt
|-hitcount|p1a: Swampert|4
|faint|p1a: Swampert
|
|
|switch|p1a: Lucario|Lucario, M|281\/281
|turn|11
|c| Meowiekins|ez sd
|c| Meowiekins|if real
|
|move|p1a: Lucario|Vacuum Wave|p2a: Cloyster
|-crit|p2a: Cloyster
|-supereffective|p2a: Cloyster
|-damage|p2a: Cloyster|0 fnt
|-damage|p1a: Lucario|253\/281|[from] item: Life Orb
|faint|p2a: Cloyster
|
|c|âthehappyhappyist|lol nope
|
|switch|p2a: Hippowdon|Hippowdon, F|420\/420
|-damage|p2a: Hippowdon|394\/420|[from] Stealth Rock
|-weather|Sandstorm
|turn|12
|join|MKSLAYER97
|
|switch|p1a: Chesnaught|Chesnaught, M|380\/380 par
|move|p2a: Hippowdon|Earthquake|p1a: Chesnaught
|-resisted|p1a: Chesnaught
|-damage|p1a: Chesnaught|337\/380 par
|
|-weather|Sandstorm|[upkeep]
|-damage|p1a: Chesnaught|314\/380 par|[from] sandstorm
|-heal|p2a: Hippowdon|420\/420|[from] item: Leftovers
|-heal|p1a: Chesnaught|337\/380 par|[from] item: Leftovers
|turn|13
|join|Joltage
|c|âthehappyhappyist|i never knew chesnaught would give me this big of a problem haha
|c|âmega pidgeotto|you probably ohko with hydreigon.
|
|switch|p2a: Hydreigon|Hydreigon, M|325\/325
|-damage|p2a: Hydreigon|285\/325|[from] Stealth Rock
|move|p1a: Chesnaught|Spikes|p2a: Hydreigon
|-sidestart|p2: thehappyhappyist|Spikes
|
|-weather|Sandstorm|[upkeep]
|-damage|p2a: Hydreigon|265\/325|[from] sandstorm
|-damage|p1a: Chesnaught|314\/380 par|[from] sandstorm
|-heal|p1a: Chesnaught|337\/380 par|[from] item: Leftovers
|turn|14
|c|âmega pidgeotto|and 2hko with leaf storm
|join|tipsy russian
|join|OGWanka
|
|move|p2a: Hydreigon|Flamethrower|p1a: Chesnaught
|-supereffective|p1a: Chesnaught
|-damage|p1a: Chesnaught|0 fnt
|faint|p1a: Chesnaught
|
|-weather|Sandstorm|[upkeep]
|-damage|p2a: Hydreigon|245\/325|[from] sandstorm
|c| OGWanka|reuini wins?
|
|switch|p1a: Reuniclus|Reuniclus, F|424\/424
|turn|15
|c| OGWanka|well
|c| OGWanka|hmm
|c| OGWanka|lets ee
|c| OGWanka|see*
|
|switch|p2a: Serperior|Serperior, F|354\/354
|-damage|p2a: Serperior|310\/354|[from] Stealth Rock
|-damage|p2a: Serperior|266\/354|[from] Spikes
|move|p1a: Reuniclus|Calm Mind|p1a: Reuniclus
|-boost|p1a: Reuniclus|spa|1
|-boost|p1a: Reuniclus|spd|1
|
|-weather|Sandstorm|[upkeep]
|-damage|p2a: Serperior|244\/354|[from] sandstorm
|-heal|p2a: Serperior|266\/354|[from] item: Leftovers
|turn|16
|
|move|p2a: Serperior|Leaf Storm|p1a: Reuniclus
|-damage|p1a: Reuniclus|330\/424
|-boost|p2a: Serperior|spa|2
|move|p1a: Reuniclus|Signal Beam|p2a: Serperior
|-supereffective|p2a: Serperior
|-damage|p2a: Serperior|92\/354
|
|-weather|none
|-heal|p2a: Serperior|114\/354|[from] item: Leftovers
|-heal|p1a: Reuniclus|356\/424|[from] item: Leftovers
|turn|17
|c| OGWanka|oml
|c| OGWanka|yum
|
|move|p2a: Serperior|Giga Drain|p1a: Reuniclus
|-damage|p1a: Reuniclus|251\/424
|-heal|p2a: Serperior|167\/354|[from] drain|[of] p1a: Reuniclus
|move|p1a: Reuniclus|Signal Beam|p2a: Serperior
|-supereffective|p2a: Serperior
|-damage|p2a: Serperior|1\/354
|
|-heal|p2a: Serperior|23\/354|[from] item: Leftovers
|-heal|p1a: Reuniclus|277\/424|[from] item: Leftovers
|turn|18
|c| tipsy russian|that roll
|
|move|p2a: Serperior|Leaf Storm|p1a: Reuniclus
|-damage|p1a: Reuniclus|102\/424
|-boost|p2a: Serperior|spa|2
|move|p1a: Reuniclus|Signal Beam|p2a: Serperior
|-supereffective|p2a: Serperior
|-damage|p2a: Serperior|0 fnt
|faint|p2a: Serperior
|
|-heal|p1a: Reuniclus|128\/424|[from] item: Leftovers
|c| Meowiekins|eyy
|c| Meowiekins|signal beam
|join|Fire Lord Mako
|c| Meowiekins|i use  that too n_n
|
|switch|p2a: Hydreigon|Hydreigon, M|245\/325
|-damage|p2a: Hydreigon|205\/325|[from] Stealth Rock
|turn|19
|c| OGWanka|u trun wont kill
|
|switch|p1a: Absol|Absol-Mega, F|271\/271
|move|p2a: Hydreigon|U-turn|p1a: Absol
|-crit|p1a: Absol
|-supereffective|p1a: Absol
|-damage|p1a: Absol|25\/271
|
|switch|p2a: Hippowdon|Hippowdon, F|420\/420
|-damage|p2a: Hippowdon|368\/420|[from] Spikes
|-damage|p2a: Hippowdon|342\/420|[from] Stealth Rock
|-weather|Sandstorm
|
|-weather|Sandstorm|[upkeep]
|-damage|p1a: Absol|9\/271|[from] sandstorm
|-heal|p2a: Hippowdon|368\/420|[from] item: Leftovers
|turn|20
|c| rqing|SLACK OFF WIN!
|
|move|p1a: Absol|Knock Off|p2a: Hippowdon
|-damage|p2a: Hippowdon|242\/420
|-enditem|p2a: Hippowdon|Leftovers|[from] move: Knock Off|[of] p1a: Absol
|move|p2a: Hippowdon|Earthquake|p1a: Absol
|-damage|p1a: Absol|0 fnt
|faint|p1a: Absol
|
|-weather|Sandstorm|[upkeep]
|join|FUQ GLISCORE
|
|switch|p1a: Reuniclus|Reuniclus, F|128\/424
|turn|21
|c| OGWanka|u shoulda let him knock off ur scarf
|c|âmega pidgeotto|he's not scarf
|c| OGWanka|o
|c| rqing|LO
|c|âmega pidgeotto|specs
|c|âmega pidgeotto|i believe
|
|move|p2a: Hippowdon|Earthquake|p1a: Reuniclus
|-damage|p1a: Reuniclus|5\/424
|move|p1a: Reuniclus|Recover|p1a: Reuniclus
|-heal|p1a: Reuniclus|217\/424
|
|-weather|Sandstorm|[upkeep]
|-heal|p1a: Reuniclus|243\/424|[from] item: Leftovers
|turn|22
|c|âthehappyhappyist|haha dang
|c| OGWanka|if he has flamethrwer ye its specs
|leave|FUQ GLISCORE
|
|move|p2a: Hippowdon|Earthquake|p1a: Reuniclus
|-damage|p1a: Reuniclus|129\/424
|move|p1a: Reuniclus|Calm Mind|p1a: Reuniclus
|-boost|p1a: Reuniclus|spa|1
|-boost|p1a: Reuniclus|spd|1
|
|-weather|Sandstorm|[upkeep]
|-heal|p1a: Reuniclus|155\/424|[from] item: Leftovers
|turn|23
|
|move|p2a: Hippowdon|Earthquake|p1a: Reuniclus
|-damage|p1a: Reuniclus|47\/424
|move|p1a: Reuniclus|Recover|p1a: Reuniclus
|-heal|p1a: Reuniclus|259\/424
|
|-weather|none
|-heal|p1a: Reuniclus|285\/424|[from] item: Leftovers
|turn|24
|c| OGWanka|y tf
|
|move|p2a: Hippowdon|Earthquake|p1a: Reuniclus
|-damage|p1a: Reuniclus|168\/424
|move|p1a: Reuniclus|Signal Beam|p2a: Hippowdon
|-damage|p2a: Hippowdon|98\/420
|
|-heal|p1a: Reuniclus|194\/424|[from] item: Leftovers
|turn|25
|
|move|p2a: Hippowdon|Slack Off|p2a: Hippowdon
|-heal|p2a: Hippowdon|308\/420
|move|p1a: Reuniclus|Recover|p1a: Reuniclus
|-heal|p1a: Reuniclus|406\/424
|
|-heal|p1a: Reuniclus|424\/424|[from] item: Leftovers
|turn|26
|c| OGWanka|reuini 1v1s u
|c| OGWanka|?
|
|move|p2a: Hippowdon|Earthquake|p1a: Reuniclus
|-damage|p1a: Reuniclus|310\/424
|move|p1a: Reuniclus|Signal Beam|p2a: Hippowdon
|-damage|p2a: Hippowdon|173\/420
|
|-heal|p1a: Reuniclus|336\/424|[from] item: Leftovers
|turn|27
|c| Meowiekins|is is life orb drei
|c| Meowiekins|?
|c| OGWanka|specs
|c| Meowiekins|oh
|c| OGWanka|but he has a cm up
|
|move|p2a: Hippowdon|Earthquake|p1a: Reuniclus
|-damage|p1a: Reuniclus|221\/424
|move|p1a: Reuniclus|Signal Beam|p2a: Hippowdon
|-damage|p2a: Hippowdon|44\/420
|
|-heal|p1a: Reuniclus|247\/424|[from] item: Leftovers
|turn|28
|c| Meowiekins|if you get 2 more cms then you win
|
|move|p2a: Hippowdon|Earthquake|p1a: Reuniclus
|-damage|p1a: Reuniclus|130\/424
|move|p1a: Reuniclus|Signal Beam|p2a: Hippowdon
|-damage|p2a: Hippowdon|0 fnt
|faint|p2a: Hippowdon
|
|-heal|p1a: Reuniclus|156\/424|[from] item: Leftovers
|
|switch|p2a: Hydreigon|Hydreigon, M|205\/325
|-damage|p2a: Hydreigon|165\/325|[from] Stealth Rock
|turn|29
|c| Meowiekins|wait
|c| Meowiekins|luc is alvie
|c| OGWanka|he has to flamethrower
|c| Meowiekins|nvm
|c| Meowiekins|showdown background op
|c| OGWanka|ye
|c| OGWanka|lol
|c|âmega pidgeotto|lol
|c|âthehappyhappyist|dang you got me
|
|move|p2a: Hydreigon|Flamethrower|p1a: Reuniclus
|-damage|p1a: Reuniclus|40\/424
|move|p1a: Reuniclus|Signal Beam|p2a: Hydreigon
|-supereffective|p2a: Hydreigon
|-damage|p2a: Hydreigon|0 fnt
|faint|p2a: Hydreigon
|
|win|mega pidgeotto
|raw|Ladder updating...
|raw|mega pidgeotto's rating: 1553 &rarr; <strong>1560<\/strong><br \/>(+7 for winning)
|raw|thehappyhappyist's rating: 1264 &rarr; <strong>1256<\/strong><br \/>(-8 for losing)
|c| tipsy russian|from whata king uu said
|c|âmega pidgeotto|gg
|c| OGWanka|reuini op
|c| tipsy russian|dod is on the same level
|c|âthehappyhappyist|gg
|c| hairy toenail|signal beam looks like testicles
|c| tipsy russian|as him!!
|c| Meowiekins|lmao
|player|p1|dodmen|171
|leave|rqing
|leave|hairy toenail
|leave|thehappyhappyist
|player|p2
|leave|Meowiekins
|leave|tipsy russian
|leave|luke317
|leave|OGWanka
|leave|Joltage