|join|dodmen
|join|Marry Jane
|c|âMarry Jane|dank
|player|p1|dodmen|171
|player|p2|Marry Jane|125
|gametype|singles
|gen|6
|tier|UU
|rule|Sleep Clause Mod: Limit one foe put to sleep
|rule|Species Clause: Limit one of each PokÃ©mon
|rule|OHKO Clause: OHKO moves are banned
|rule|Moody Clause: Moody is banned
|rule|Evasion Moves Clause: Evasion moves are banned
|rule|Endless Battle Clause: Forcing endless battles is banned
|rule|HP Percentage Mod: HP is shown in percentages
|clearpoke
|poke|p1|Abomasnow, F
|poke|p1|Suicune
|poke|p1|Krookodile, F
|poke|p1|Goodra, M
|poke|p1|Crobat, F
|poke|p1|Chandelure, F
|poke|p2|Milotic, M
|poke|p2|Crobat, M
|poke|p2|Hydreigon, F
|poke|p2|Jirachi
|poke|p2|Swampert, F
|poke|p2|Lucario, M
|rule|Swagger Clause: Swagger is banned
|rule|Baton Pass Clause: Limit one PokÃ©mon knowing Baton Pass
|teampreview
|
|start
|switch|p1a: Suicune|Suicune|373\/373
|switch|p2a: Crobat|Crobat, M|323\/323
|-ability|p1a: Suicune|Pressure
|turn|1
|
|switch|p2a: Milotic|Milotic, M|394\/394
|move|p1a: Suicune|Scald|p2a: Milotic
|-resisted|p2a: Milotic
|-damage|p2a: Milotic|355\/394
|-status|p2a: Milotic|brn
|
|-heal|p2a: Milotic|379\/394 brn|[from] item: Leftovers
|-damage|p2a: Milotic|330\/394 brn|[from] brn
|turn|2
|c|âMarry Jane|here
|c|âMarry Jane|we
|c|âMarry Jane|go
|
|switch|p1a: Chandelure|Chandelure, F|261\/261
|move|p2a: Milotic|Coil|p2a: Milotic
|-boost|p2a: Milotic|atk|1
|-boost|p2a: Milotic|def|1
|-boost|p2a: Milotic|accuracy|1
|
|-heal|p2a: Milotic|354\/394 brn|[from] item: Leftovers
|-damage|p2a: Milotic|305\/394 brn|[from] brn
|turn|3
|
|switch|p2a: Hydreigon|Hydreigon, F|325\/325
|move|p1a: Chandelure|Shadow Ball|p2a: Hydreigon
|-resisted|p2a: Hydreigon
|-damage|p2a: Hydreigon|175\/325
|
|turn|4
|
|switch|p1a: Suicune|Suicune|373\/373
|-ability|p1a: Suicune|Pressure
|move|p2a: Hydreigon|Dark Pulse|p1a: Suicune
|-damage|p1a: Suicune|205\/373
|-damage|p2a: Hydreigon|143\/325|[from] item: Life Orb
|
|-heal|p1a: Suicune|228\/373|[from] item: Leftovers
|turn|5
|
|move|p2a: Hydreigon|Draco Meteor|p1a: Suicune
|-crit|p1a: Suicune
|-damage|p1a: Suicune|0 fnt
|-unboost|p2a: Hydreigon|spa|2
|-damage|p2a: Hydreigon|111\/325|[from] item: Life Orb
|faint|p1a: Suicune
|
|
|switch|p1a: Crobat|Crobat, F|343\/343
|turn|6
|
|switch|p1a: Chandelure|Chandelure, F|261\/261
|switch|p2a: Jirachi|Jirachi|341\/341
|
|turn|7
|
|move|p2a: Jirachi|U-turn|p1a: Chandelure
|-resisted|p1a: Chandelure
|-damage|p1a: Chandelure|242\/261
|c|âdodmen|ghost
|c|âdodmen|is too good
|
|switch|p2a: Milotic|Milotic, M|305\/394 brn
|move|p1a: Chandelure|Shadow Ball|p2a: Milotic
|-damage|p2a: Milotic|152\/394 brn
|
|-heal|p2a: Milotic|176\/394 brn|[from] item: Leftovers
|-damage|p2a: Milotic|127\/394 brn|[from] brn
|turn|8
|c|âMarry Jane|y
|c|âMarry Jane|lol
|c|âMarry Jane|almost
|c|âdodmen|wow
|c|âMarry Jane|lived
|c|âMarry Jane|rip
|c|âdodmen|that did zero
|c|âMarry Jane|gotta keep the thret alive
|
|switch|p2a: Swampert|Swampert, F|401\/401
|move|p1a: Chandelure|Shadow Ball|p2a: Swampert
|-damage|p2a: Swampert|148\/401
|-unboost|p2a: Swampert|spd|1
|
|-heal|p2a: Swampert|173\/401|[from] item: Leftovers
|turn|9
|
|move|p1a: Chandelure|Shadow Ball|p2a: Swampert
|-damage|p2a: Swampert|0 fnt
|faint|p2a: Swampert
|
|
|switch|p2a: Hydreigon|Hydreigon, F|111\/325
|turn|10
|
|switch|p1a: Abomasnow|Abomasnow, F|337\/337
|move|p2a: Hydreigon|Roost|p2a: Hydreigon
|-heal|p2a: Hydreigon|274\/325
|
|turn|11
|
|detailschange|p1a: Abomasnow|Abomasnow-Mega, F
|-mega|p1a: Abomasnow|Abomasnow|Abomasite
|-weather|Hail
|move|p2a: Hydreigon|Draco Meteor|p1a: Abomasnow
|-damage|p1a: Abomasnow|41\/337
|-unboost|p2a: Hydreigon|spa|2
|-damage|p2a: Hydreigon|242\/325|[from] item: Life Orb
|move|p1a: Abomasnow|Earthquake|p2a: Hydreigon
|-immune|p2a: Hydreigon|[msg]
|
|-weather|Hail|[upkeep]
|-damage|p2a: Hydreigon|222\/325|[from] hail
|turn|12
|c|âMarry Jane|e
|c|âMarry Jane|z
|c|âdodmen|:(
|c|âMarry Jane|where the milo counter at
|
|switch|p2a: Jirachi|Jirachi|341\/341
|move|p1a: Abomasnow|Earthquake|p2a: Jirachi
|-supereffective|p2a: Jirachi
|-damage|p2a: Jirachi|69\/341
|
|-weather|Hail|[upkeep]
|-damage|p2a: Jirachi|48\/341|[from] hail
|turn|13
|c|âMarry Jane|rip
|
|move|p1a: Abomasnow|Ice Shard|p2a: Jirachi
|-resisted|p2a: Jirachi
|-damage|p2a: Jirachi|9\/341
|move|p2a: Jirachi|Healing Wish|p2a: Jirachi
|faint|p2a: Jirachi
|
|-weather|Hail|[upkeep]
|c|âMarry Jane|ez
|c|âdodmen|nb
|
|switch|p2a: Milotic|Milotic, M|127\/394 brn
|-heal|p2a: Milotic|394\/394|[from] move: Healing Wish
|turn|14
|c|âdodmen|this ain't killin
|c|âMarry Jane|shhh
|
|move|p2a: Milotic|Waterfall|p1a: Abomasnow
|-resisted|p1a: Abomasnow
|-damage|p1a: Abomasnow|19\/337
|cant|p1a: Abomasnow|flinch
|
|-weather|Hail|[upkeep]
|-damage|p2a: Milotic|370\/394|[from] hail
|-heal|p2a: Milotic|394\/394|[from] item: Leftovers
|turn|15
|c|âdodmen|!
|c|âMarry Jane|i was literally
|c|âMarry Jane|gonna type
|c|âMarry Jane|ill flinch
|c|âdodmen|but you didn't
|c|âdodmen|so it was hax
|c|âMarry Jane|ik
|c|âMarry Jane|sorry
|
|switch|p1a: Goodra|Goodra, M|335\/335
|move|p2a: Milotic|Waterfall|p1a: Goodra
|-resisted|p1a: Goodra
|-damage|p1a: Goodra|302\/335
|
|-weather|none
|turn|16
|
|switch|p2a: Crobat|Crobat, M|323\/323
|move|p1a: Goodra|Outrage|p2a: Crobat
|-damage|p2a: Crobat|0 fnt
|faint|p2a: Crobat
|
|c|âdodmen|bop
|c|âMarry Jane|o
|c|âMarry Jane|rip
|
|switch|p2a: Hydreigon|Hydreigon, F|222\/325
|turn|17
|
|move|p2a: Hydreigon|Draco Meteor|p1a: Goodra
|-supereffective|p1a: Goodra
|-damage|p1a: Goodra|0 fnt
|-unboost|p2a: Hydreigon|spa|2
|-damage|p2a: Hydreigon|190\/325|[from] item: Life Orb
|faint|p1a: Goodra
|
|c|âMarry Jane|it would be funny
|c|âMarry Jane|if you
|c|âMarry Jane|sacked chandelure
|c|âdodmen|xD
|c|âMarry Jane|so my milotic
|c|âMarry Jane|and lucario
|c|âMarry Jane|could sweep
|c|âMarry Jane|xd
|
|switch|p1a: Abomasnow|Abomasnow-Mega, F|19\/337
|-weather|Hail
|turn|18
|
|switch|p2a: Lucario|Lucario, M|281\/281
|move|p1a: Abomasnow|Ice Shard|p2a: Lucario
|-resisted|p2a: Lucario
|-damage|p2a: Lucario|227\/281
|
|-weather|Hail|[upkeep]
|-damage|p2a: Lucario|210\/281|[from] hail
|turn|19
|
|move|p2a: Lucario|Ice Punch|p1a: Abomasnow
|-damage|p1a: Abomasnow|0 fnt
|-damage|p2a: Lucario|182\/281|[from] item: Life Orb
|faint|p1a: Abomasnow
|
|-weather|Hail|[upkeep]
|-damage|p2a: Lucario|165\/281|[from] hail
|c|âdodmen|i literally
|c|âdodmen|went to chandelure
|c|âMarry Jane|i planned
|c|âMarry Jane|on freezing
|c|âMarry Jane|it
|c|âMarry Jane|tbh
|c|âdodmen|fire blast
|c|âdodmen|thaws
|c|âdodmen|tbh
|
|switch|p1a: Chandelure|Chandelure, F|242\/261
|turn|20
|c|âMarry Jane|shhh
|c|âMarry Jane|easiets
|c|âMarry Jane|freez
|c|âMarry Jane|its
|c|âMarry Jane|hailing
|c|âMarry Jane|i mean
|c|âMarry Jane|tbh
|
|move|p2a: Lucario|Ice Punch|p1a: Chandelure
|-resisted|p1a: Chandelure
|-damage|p1a: Chandelure|178\/261
|-status|p1a: Chandelure|frz
|-damage|p2a: Lucario|137\/281|[from] item: Life Orb
|cant|p1a: Chandelure|frz
|
|-weather|Hail|[upkeep]
|-damage|p2a: Lucario|120\/281|[from] hail
|-damage|p1a: Chandelure|162\/261 frz|[from] hail
|turn|21
|c|âMarry Jane|EZ
|c|âMarry Jane|EASIEST
|c|âdodmen|nb
|c|âMarry Jane|FREEZE
|c|âMarry Jane|OF
|c|âMarry Jane|HIS
|c|âMarry Jane|LIVFE
|
|move|p2a: Lucario|Swords Dance|p2a: Lucario
|-boost|p2a: Lucario|atk|2
|cant|p1a: Chandelure|frz
|
|-weather|Hail|[upkeep]
|-damage|p2a: Lucario|103\/281|[from] hail
|-damage|p1a: Chandelure|146\/261 frz|[from] hail
|turn|22
|join|Shit User
|c|âdodmen|fire blast
|c|âdodmen|does not thaw
|c|âMarry Jane|ik
|join|U jellicent
|
|move|p2a: Lucario|Ice Punch|p1a: Chandelure
|-resisted|p1a: Chandelure
|-damage|p1a: Chandelure|12\/261 frz
|-damage|p2a: Lucario|75\/281|[from] item: Life Orb
|cant|p1a: Chandelure|frz
|
|-weather|none
|turn|23
|
|move|p2a: Lucario|Ice Punch|p1a: Chandelure
|-resisted|p1a: Chandelure
|-damage|p1a: Chandelure|0 fnt
|-damage|p2a: Lucario|47\/281|[from] item: Life Orb
|faint|p1a: Chandelure
|
|c|âMarry Jane|i shouldve
|c|âMarry Jane|greeded
|c|âMarry Jane|more
|leave|U jellicent
|c|âMarry Jane|tbh
|
|switch|p1a: Krookodile|Krookodile, F|331\/331
|-ability|p1a: Krookodile|Intimidate|[of] p2a: Lucario
|-unboost|p2a: Lucario|atk|1
|turn|24
|
|move|p2a: Lucario|Extreme Speed|p1a: Krookodile
|-damage|p1a: Krookodile|117\/331
|-damage|p2a: Lucario|19\/281|[from] item: Life Orb
|move|p1a: Krookodile|Pursuit|p2a: Lucario
|-resisted|p2a: Lucario
|-damage|p2a: Lucario|0 fnt
|faint|p2a: Lucario
|
|
|switch|p2a: Hydreigon|Hydreigon, F|190\/325
|turn|25
|c|âdodmen|superpower
|c|âdodmen|here
|
|move|p2a: Hydreigon|Flash Cannon|p1a: Krookodile
|-damage|p1a: Krookodile|0 fnt
|-damage|p2a: Hydreigon|158\/325|[from] item: Life Orb
|faint|p1a: Krookodile
|
|c|âdodmen|i wish
|c|âdodmen|i was strong bat
|
|switch|p1a: Crobat|Crobat, F|343\/343
|turn|26
|c|âMarry Jane|kek
|
|move|p1a: Crobat|Brave Bird|p2a: Hydreigon
|-damage|p2a: Hydreigon|0 fnt
|-damage|p1a: Crobat|291\/343|[from] recoil|[of] p2a: Hydreigon
|faint|p2a: Hydreigon
|
|-heal|p1a: Crobat|312\/343|[from] item: Black Sludge
|c|âMarry Jane|burn
|c|âMarry Jane|here
|
|switch|p2a: Milotic|Milotic, M|394\/394
|turn|27
|c|âMarry Jane|imo
|
|move|p1a: Crobat|Taunt|p2a: Milotic
|-start|p2a: Milotic|move: Taunt
|move|p2a: Milotic|Waterfall|p1a: Crobat
|-damage|p1a: Crobat|252\/343
|
|-heal|p1a: Crobat|273\/343|[from] item: Black Sludge
|turn|28
|
|move|p1a: Crobat|Brave Bird|p2a: Milotic
|-damage|p2a: Milotic|208\/394
|-damage|p1a: Crobat|212\/343|[from] recoil|[of] p2a: Milotic
|move|p2a: Milotic|Waterfall|p1a: Crobat
|-damage|p1a: Crobat|157\/343
|
|-heal|p1a: Crobat|178\/343|[from] item: Black Sludge
|-heal|p2a: Milotic|232\/394|[from] item: Leftovers
|turn|29
|c|âMarry Jane|oh
|c|âMarry Jane|thats
|c|âMarry Jane|awkward
|c|âMarry Jane|of you
|c|âMarry Jane|to
|c|âMarry Jane|do
|c|âMarry Jane|that
|
|move|p1a: Crobat|Brave Bird|p2a: Milotic
|-damage|p2a: Milotic|66\/394
|-damage|p1a: Crobat|123\/343|[from] recoil|[of] p2a: Milotic
|move|p2a: Milotic|Waterfall|p1a: Crobat
|-damage|p1a: Crobat|66\/343
|
|-heal|p1a: Crobat|87\/343|[from] item: Black Sludge
|-heal|p2a: Milotic|90\/394|[from] item: Leftovers
|-end|p2a: Milotic|move: Taunt
|turn|30
|c|âMarry Jane|flinch
|c|âMarry Jane|pls
|c|âMarry Jane|speed tie
|
|move|p1a: Crobat|Brave Bird|p2a: Milotic
|-damage|p2a: Milotic|0 fnt
|-damage|p1a: Crobat|57\/343|[from] recoil|[of] p2a: Milotic
|faint|p2a: Milotic
|
|win|dodmen
|c|âMarry Jane|ripg
|leave|Marry Jane
|player|p2