|join|dodmen
|join|SmashBrosBrawl
|player|p1|dodmen|171
|player|p2|SmashBrosBrawl|102
|gametype|singles
|gen|6
|tier|UU
|rule|Sleep Clause Mod: Limit one foe put to sleep
|rule|Species Clause: Limit one of each PokÃ©mon
|rule|OHKO Clause: OHKO moves are banned
|rule|Moody Clause: Moody is banned
|rule|Evasion Moves Clause: Evasion moves are banned
|rule|Endless Battle Clause: Forcing endless battles is banned
|rule|HP Percentage Mod: HP is shown in percentages
|clearpoke
|poke|p1|Serperior, M
|poke|p1|Aggron, F
|poke|p1|Slowking, M
|poke|p1|Krookodile, M
|poke|p1|Florges, F
|poke|p1|Mienshao, F
|poke|p2|Beedrill, M
|poke|p2|Raikou
|poke|p2|Mienshao, M
|poke|p2|Swampert, M
|poke|p2|Forretress, F
|poke|p2|Lucario, F
|rule|Swagger Clause: Swagger is banned
|rule|Baton Pass Clause: Limit one PokÃ©mon knowing Baton Pass
|teampreview
|c|âSmashBrosBrawl|dont u fuk
dodmen turned on modjoin.
|raw|<div class="broadcast-red"><b>Moderated chat was set to +!<\/b><br \/>Only users of rank + and higher can talk.<\/div>
dodmen made this room hidden.
|
|start
|switch|p1a: Krookodile|Krookodile, M|331\/331
|switch|p2a: Forretress|Forretress, F|354\/354
|-ability|p1a: Krookodile|Intimidate|[of] p2a: Forretress
|-unboost|p2a: Forretress|atk|1
|turn|1
|
|move|p1a: Krookodile|Taunt|p2a: Forretress
|-start|p2a: Forretress|move: Taunt
|cant|p2a: Forretress|move: Taunt|Spikes
|
|turn|2
|c|âSmashBrosBrawl|fgt
|
|move|p1a: Krookodile|Knock Off|p2a: Forretress
|-damage|p2a: Forretress|222\/354
|-enditem|p2a: Forretress|Leftovers|[from] move: Knock Off|[of] p1a: Krookodile
|move|p2a: Forretress|Gyro Ball|p1a: Krookodile
|-damage|p1a: Krookodile|243\/331
|
|turn|3
|
|move|p1a: Krookodile|Earthquake|p2a: Forretress
|-damage|p2a: Forretress|101\/354
|move|p2a: Forretress|Gyro Ball|p1a: Krookodile
|-damage|p1a: Krookodile|152\/331
|
|-end|p2a: Forretress|move: Taunt
|turn|4
|
|move|p1a: Krookodile|Earthquake|p2a: Forretress
|-damage|p2a: Forretress|0 fnt
|faint|p2a: Forretress
|
|
|switch|p2a: Beedrill|Beedrill, M|271\/271
|turn|5
|c|âSmashBrosBrawl|im using drill run
|c|âSmashBrosBrawl|on the 4x weak aggron
|c|âSmashBrosBrawl|btw
|c|âdodmen|fuck
|c|âSmashBrosBrawl|god
|c|âSmashBrosBrawl|that would be
|c|âdodmen|this mon is broken
|c|âSmashBrosBrawl|sik
|c|âSmashBrosBrawl|im doing it
|
|switch|p1a: Aggron|Aggron, F|344\/344
|detailschange|p2a: Beedrill|Beedrill-Mega, M
|-mega|p2a: Beedrill|Beedrill|Beedrillite
|move|p2a: Beedrill|Protect|p2a: Beedrill
|-fail|p2a: Beedrill
|
|turn|6
|c|âSmashBrosBrawl|yolo
|c|âSmashBrosBrawl|fk
|c|âdodmen|nigga
|c|âSmashBrosBrawl|mfw ure dumb
|c|âdodmen|mfw no you
|
|detailschange|p1a: Aggron|Aggron-Mega, F
|-mega|p1a: Aggron|Aggron|Aggronite
|move|p2a: Beedrill|U-turn|p1a: Aggron
|-resisted|p1a: Aggron
|-damage|p1a: Aggron|297\/344
|c|âdodmen|btw
|
|switch|p2a: Swampert|Swampert, M|404\/404
|move|p1a: Aggron|Stealth Rock|p2a: Swampert
|-sidestart|p2: SmashBrosBrawl|move: Stealth Rock
|
|turn|7
|c|âdodmen|are you -speed 0IV forre
|c|âSmashBrosBrawl|y
|
|switch|p1a: Serperior|Serperior, M|291\/291
|move|p2a: Swampert|Stealth Rock|p1a: Serperior
|-sidestart|p1: dodmen|move: Stealth Rock
|
|turn|8
|c|âdodmen|broke mon
|c|âdodmen|is inda
|c|âSmashBrosBrawl|rindo
|c|âSmashBrosBrawl|binda
|c|âdodmen|go to bee
|
|switch|p2a: Beedrill|Beedrill-Mega, M|271\/271
|-damage|p2a: Beedrill|204\/271|[from] Stealth Rock
|move|p1a: Serperior|Leaf Storm|p2a: Beedrill|[miss]
|-miss|p1a: Serperior|p2a: Beedrill
|
|turn|9
|c|âSmashBrosBrawl|k
|c|âdodmen|fgt
|c|âSmashBrosBrawl|implying
|c|âSmashBrosBrawl|it does more than 0
|
|switch|p1a: Florges|Florges, F|359\/359
|-damage|p1a: Florges|315\/359|[from] Stealth Rock
|move|p2a: Beedrill|U-turn|p1a: Florges
|-resisted|p1a: Florges
|-damage|p1a: Florges|221\/359
|c|âSmashBrosBrawl|hello,,,
|
|switch|p2a: Lucario|Lucario, F|281\/281
|-damage|p2a: Lucario|273\/281|[from] Stealth Rock
|
|-heal|p1a: Florges|243\/359|[from] item: Leftovers
|turn|10
|c|âdodmen|played.
|c|âSmashBrosBrawl|gg
|c|âSmashBrosBrawl|manlet
|
|switch|p2a: Raikou|Raikou|321\/321
|-damage|p2a: Raikou|281\/321|[from] Stealth Rock
|-ability|p2a: Raikou|Pressure
|move|p1a: Florges|Moonblast|p2a: Raikou
|-damage|p2a: Raikou|158\/321
|-unboost|p2a: Raikou|spa|1
|
|-heal|p1a: Florges|265\/359|[from] item: Leftovers
|turn|11
|c|âdodmen|why
|c|âdodmen|would i go to king
|c|âSmashBrosBrawl|mfw
|c|âSmashBrosBrawl|because i have
|c|âSmashBrosBrawl|lucario
|
|move|p2a: Raikou|Volt Switch|p1a: Florges
|-damage|p1a: Florges|190\/359
|
|switch|p2a: Swampert|Swampert, M|404\/404
|-damage|p2a: Swampert|379\/404|[from] Stealth Rock
|move|p1a: Florges|Wish|p1a: Florges
|
|-heal|p1a: Florges|212\/359|[from] item: Leftovers
|-heal|p2a: Swampert|404\/404|[from] item: Leftovers
|turn|12
|c|âSmashBrosBrawl|lol this team is bad
|
|move|p1a: Florges|Moonblast|p2a: Swampert
|-damage|p2a: Swampert|263\/404
|-unboost|p2a: Swampert|spa|1
|move|p2a: Swampert|Roar|p1a: Florges
|drag|p1a: Slowking|Slowking, M|391\/391
|-damage|p1a: Slowking|343\/391|[from] Stealth Rock
|
|-heal|p1a: Slowking|391\/391|[from] move: Wish|[wisher] Florges
|-heal|p2a: Swampert|288\/404|[from] item: Leftovers
|turn|13
|c|âdodmen|roar to serp
|c|âdodmen|roar to serp
|c|âSmashBrosBrawl|naw
|
|switch|p2a: Raikou|Raikou|158\/321
|-damage|p2a: Raikou|118\/321|[from] Stealth Rock
|-ability|p2a: Raikou|Pressure
|switch|p1a: Serperior|Serperior, M|291\/291
|-damage|p1a: Serperior|255\/291|[from] Stealth Rock
|
|turn|14
|c|âdodmen|man
|c|âdodmen|if i had leaf storm hit last time
|c|âdodmen|...
|
|move|p2a: Raikou|Volt Switch|p1a: Serperior
|-resisted|p1a: Serperior
|-damage|p1a: Serperior|165\/291
|
|switch|p2a: Beedrill|Beedrill-Mega, M|204\/271
|-damage|p2a: Beedrill|137\/271|[from] Stealth Rock
|move|p1a: Serperior|Leaf Storm|p2a: Beedrill|[miss]
|-miss|p1a: Serperior|p2a: Beedrill
|
|turn|15
|c|âSmashBrosBrawl|tfw
|c|âdodmen|oml
|c|âSmashBrosBrawl|im av
|c|âdodmen|aids
|c|âSmashBrosBrawl|anyway
|
|switch|p1a: Aggron|Aggron-Mega, F|297\/344
|-damage|p1a: Aggron|276\/344|[from] Stealth Rock
|move|p2a: Beedrill|Drill Run|p1a: Aggron
|-supereffective|p1a: Aggron
|-damage|p1a: Aggron|197\/344
|
|turn|16
|c|âSmashBrosBrawl|broke
|
|move|p2a: Beedrill|U-turn|p1a: Aggron
|-resisted|p1a: Aggron
|-damage|p1a: Aggron|152\/344
|
|switch|p2a: Swampert|Swampert, M|288\/404
|-damage|p2a: Swampert|263\/404|[from] Stealth Rock
|move|p1a: Aggron|Roar|p2a: Swampert
|drag|p2a: Mienshao|Mienshao, M|271\/271
|-damage|p2a: Mienshao|255\/271|[from] Stealth Rock
|
|turn|17
|c|âdodmen|bs
|c|âSmashBrosBrawl|ayy
|
|switch|p1a: Slowking|Slowking, M|391\/391
|-damage|p1a: Slowking|343\/391|[from] Stealth Rock
|move|p2a: Mienshao|U-turn|p1a: Slowking
|-crit|p1a: Slowking
|-supereffective|p1a: Slowking
|-damage|p1a: Slowking|127\/391
|c|âdodmen|B
|c|âSmashBrosBrawl|,
|c|âdodmen|S
|c|âdodmen|FUCKING HACKER
|
|switch|p2a: Beedrill|Beedrill-Mega, M|137\/271
|-damage|p2a: Beedrill|70\/271|[from] Stealth Rock
|
|-heal|p1a: Slowking|151\/391|[from] item: Leftovers
|turn|18
|c|âSmashBrosBrawl|lol this team is bad
|c|âSmashBrosBrawl|why r u losing
|c|âdodmen|hello
|c|âdodmen|your bee
|c|âdodmen|should be dead
|c|âdodmen|right now
|c|âSmashBrosBrawl|hello
|c|âSmashBrosBrawl|im
|c|âSmashBrosBrawl|av
|c|âSmashBrosBrawl|calm
|c|âSmashBrosBrawl|sp def
|c|âSmashBrosBrawl|252
|c|âdodmen|and my slowking
|c|âdodmen|should be at like 85
|c|âdodmen|after regen
|c|âSmashBrosBrawl|i have nothing for
|c|âSmashBrosBrawl|krook
|c|âSmashBrosBrawl|tbh
|c|âdodmen|that's why i'm sacking it
|c|âdodmen|right now
|c|âSmashBrosBrawl|im clicking
|c|âSmashBrosBrawl|drill run
|c|âdodmen|i know
|c|âdodmen|that's why i'm sacking
|c|âdodmen|krook
|
|switch|p1a: Krookodile|Krookodile, M|152\/331
|-damage|p1a: Krookodile|132\/331|[from] Stealth Rock
|-ability|p1a: Krookodile|Intimidate|[of] p2a: Beedrill
|-unboost|p2a: Beedrill|atk|1
|move|p2a: Beedrill|Drill Run|p1a: Krookodile
|-damage|p1a: Krookodile|46\/331
|
|turn|19
|c|âSmashBrosBrawl|bs
|
|move|p2a: Beedrill|Drill Run|p1a: Krookodile
|-damage|p1a: Krookodile|0 fnt
|faint|p1a: Krookodile
|
|
|switch|p1a: Aggron|Aggron-Mega, F|152\/344
|-damage|p1a: Aggron|131\/344|[from] Stealth Rock
|turn|20
|c|âdodmen|this game is aids
|
|move|p2a: Beedrill|U-turn|p1a: Aggron
|-resisted|p1a: Aggron
|-damage|p1a: Aggron|98\/344
|c|âSmashBrosBrawl|dont bring bee
|c|âSmashBrosBrawl|plss
|
|switch|p2a: Swampert|Swampert, M|263\/404
|-damage|p2a: Swampert|238\/404|[from] Stealth Rock
|move|p1a: Aggron|Roar|p2a: Swampert
|drag|p2a: Beedrill|Beedrill-Mega, M|70\/271
|-damage|p2a: Beedrill|3\/271|[from] Stealth Rock
|
|turn|21
|c|âSmashBrosBrawl|pls
|c|âdodmen|fucking
|c|âSmashBrosBrawl|lmfao
|c|âdodmen|destroyed
|c|âdodmen|fgt
|
|move|p2a: Beedrill|Drill Run|p1a: Aggron
|-supereffective|p1a: Aggron
|-damage|p1a: Aggron|28\/344
|move|p1a: Aggron|Earthquake|p2a: Beedrill
|-damage|p2a: Beedrill|0 fnt
|faint|p2a: Beedrill
|
|c|âSmashBrosBrawl|0
|c|âSmashBrosBrawl|tf
|c|âSmashBrosBrawl|do i do now
|c|âSmashBrosBrawl|yolo
|c|âSmashBrosBrawl|yolo mar
|c|âdodmen|sd with luke
|
|switch|p2a: Mienshao|Mienshao, M|255\/271
|-damage|p2a: Mienshao|239\/271|[from] Stealth Rock
|turn|22
|
|move|p2a: Mienshao|Knock Off|p1a: Aggron
|-damage|p1a: Aggron|0 fnt
|faint|p1a: Aggron
|
|c|âSmashBrosBrawl|im band
|c|âSmashBrosBrawl|btw
|
|switch|p1a: Mienshao|Mienshao, F|271\/271
|-damage|p1a: Mienshao|255\/271|[from] Stealth Rock
|turn|23
|c|âdodmen|cancel
|c|âdodmen|fuck
|c|âdodmen|hax
|c|âSmashBrosBrawl|m
|c|âSmashBrosBrawl|f
|c|âSmashBrosBrawl|w
|c|âSmashBrosBrawl|im gonna be real
|c|âSmashBrosBrawl|rnn
|c|âdodmen|you deserve to lose this
|
|move|p1a: Mienshao|High Jump Kick|p2a: Mienshao
|-damage|p2a: Mienshao|0 fnt
|faint|p2a: Mienshao
|
|c|âdodmen|feg
|c|âSmashBrosBrawl|,
|c|âSmashBrosBrawl|ZZZZ
|
|switch|p2a: Swampert|Swampert, M|238\/404
|-damage|p2a: Swampert|213\/404|[from] Stealth Rock
|turn|24
|c|âSmashBrosBrawl|literally miss
|
|switch|p1a: Florges|Florges, F|212\/359
|-damage|p1a: Florges|168\/359|[from] Stealth Rock
|move|p2a: Swampert|Earthquake|p1a: Florges
|-crit|p1a: Florges
|-damage|p1a: Florges|0 fnt
|faint|p1a: Florges
|
|-heal|p2a: Swampert|238\/404|[from] item: Leftovers
|c|âSmashBrosBrawl|mfw
|c|âdodmen|,
|c|âSmashBrosBrawl|im
|c|âSmashBrosBrawl|band
|c|âSmashBrosBrawl|too
|c|âSmashBrosBrawl|ignore the leftovers recovery
|c|âdodmen|tfw
|c|âdodmen|you
|
|switch|p1a: Serperior|Serperior, M|165\/291
|-damage|p1a: Serperior|129\/291|[from] Stealth Rock
|turn|25
|c|âdodmen|are shit
|c|âSmashBrosBrawl|tfw
|c|âSmashBrosBrawl|u cant
|c|âSmashBrosBrawl|outplay
|c|âSmashBrosBrawl|the coinflip
|c|âSmashBrosBrawl|how do i win
|c|âSmashBrosBrawl|fgt
|c|âdodmen|sack this
|c|âdodmen|crit with luke
|c|âSmashBrosBrawl|ure gonna
|c|âSmashBrosBrawl|miss
|c|âSmashBrosBrawl|with shao
|c|âSmashBrosBrawl|i feel it
|c|âdodmen|two 90% misses
|c|âdodmen|is enough
|c|âdodmen|for 1 game
|
|move|p1a: Serperior|Leaf Storm|p2a: Swampert
|-supereffective|p2a: Swampert
|-damage|p2a: Swampert|0 fnt
|-boost|p1a: Serperior|spa|2
|faint|p2a: Swampert
|
|c|âSmashBrosBrawl|miss rn
|c|âSmashBrosBrawl|ew
|c|âdodmen|did you roar
|c|âSmashBrosBrawl|no
|c|âdodmen|i should have synthd
|c|âSmashBrosBrawl|i ice beam
|c|âdodmen|but w\/e
|c|âSmashBrosBrawl|tfw
|
|switch|p2a: Raikou|Raikou|118\/321
|-damage|p2a: Raikou|78\/321|[from] Stealth Rock
|-ability|p2a: Raikou|Pressure
|turn|26
|
|move|p2a: Raikou|Thunderbolt|p1a: Serperior
|-resisted|p1a: Serperior
|-damage|p1a: Serperior|24\/291
|-status|p1a: Serperior|par
|cant|p1a: Serperior|par
|
|turn|27
|c|âSmashBrosBrawl|,
|c|âSmashBrosBrawl|what are the chances
|c|âdodmen|2.5%
|
|move|p2a: Raikou|Thunderbolt|p1a: Serperior
|-resisted|p1a: Serperior
|-damage|p1a: Serperior|0 fnt
|faint|p1a: Serperior
|
|
|switch|p1a: Mienshao|Mienshao, F|255\/271
|-damage|p1a: Mienshao|239\/271|[from] Stealth Rock
|turn|28
|
|move|p1a: Mienshao|U-turn|p2a: Raikou
|-damage|p2a: Raikou|0 fnt
|faint|p2a: Raikou
|
|switch|p1a: Slowking|Slowking, M|281\/391
|-damage|p1a: Slowking|233\/391|[from] Stealth Rock
|
|-heal|p1a: Slowking|257\/391|[from] item: Leftovers
|c|âdodmen|sigh
|c|âdodmen|now i have to burn
|
|switch|p2a: Lucario|Lucario, F|273\/281
|-damage|p2a: Lucario|265\/281|[from] Stealth Rock
|turn|29
|c|âSmashBrosBrawl|u wil
|c|âSmashBrosBrawl|trust me
|c|âdodmen|i don't have to burn actually
|
|move|p2a: Lucario|Swords Dance|p2a: Lucario
|-boost|p2a: Lucario|atk|2
|move|p1a: Slowking|Scald|p2a: Lucario
|-damage|p2a: Lucario|138\/281
|
|-heal|p1a: Slowking|281\/391|[from] item: Leftovers
|turn|30
|c|âSmashBrosBrawl|t
|c|âSmashBrosBrawl|b
|c|âdodmen|unless you crit
|c|âSmashBrosBrawl|h
|c|âdodmen|OML
|c|âdodmen|THAT
|c|âdodmen|is weak as fuck
|c|âSmashBrosBrawl|ure
|c|âSmashBrosBrawl|sp def
|c|âSmashBrosBrawl|pls
|c|âSmashBrosBrawl|pls
|c|âSmashBrosBrawl|pls
|
|move|p2a: Lucario|Close Combat|p1a: Slowking
|-resisted|p1a: Slowking
|-damage|p1a: Slowking|70\/391
|-unboost|p2a: Lucario|def|1
|-unboost|p2a: Lucario|spd|1
|-damage|p2a: Lucario|110\/281|[from] item: Life Orb
|move|p1a: Slowking|Scald|p2a: Lucario
|-damage|p2a: Lucario|0 fnt
|faint|p2a: Lucario
|
|win|dodmen
|c|âSmashBrosBrawl|pls
|c|âSmashBrosBrawl|pls
|c|âSmashBrosBrawl|pls
|c|âdodmen|fgt
|c|âSmashBrosBrawl|g_g
|leave|SmashBrosBrawl