|join|King UU
|join|dodmen
|c|âdodmen|nice
|c|âKing UU|LOL
|join|namehtmas
|player|p1|King UU|#kinguu
|player|p2|dodmen|171
|gametype|singles
|gen|6
|tier|UU
|rated
|rule|Sleep Clause Mod: Limit one foe put to sleep
|rule|Species Clause: Limit one of each PokÃ©mon
|rule|OHKO Clause: OHKO moves are banned
|rule|Moody Clause: Moody is banned
|rule|Evasion Moves Clause: Evasion moves are banned
|rule|Endless Battle Clause: Forcing endless battles is banned
|rule|HP Percentage Mod: HP is shown in percentages
|clearpoke
|poke|p1|Mienshao, F
|poke|p1|Tentacruel, F
|poke|p1|Serperior, M
|poke|p1|Gligar, M
|poke|p1|Cresselia, F
|poke|p1|Chandelure, F
|poke|p2|Serperior, F
|poke|p2|Aggron, M
|poke|p2|Slowking, F
|poke|p2|Krookodile, M
|poke|p2|Florges, F
|poke|p2|Mienshao, M
|rule|Swagger Clause: Swagger is banned
|rule|Baton Pass Clause: Limit one PokÃ©mon knowing Baton Pass
|teampreview
|join|LiberalLucario
|join|Yellow Skarmory
|c| Yellow Skarmory|LOLOLOLOL
|c| LiberalLucario|lmao
|join|Fire Lord Mako
|join|THEiTodd
|join|tomibello
|c| Yellow Skarmory|can i link the battle?
|c| THEiTodd|AM I YOUTUBE FAMOUS YET?
|
|start
|switch|p1a: Gligar|Gligar, M|333\/333
|switch|p2a: Slowking|Slowking, F|391\/391
|turn|1
|c| Fire Lord Mako|Wait this is ladder, how did this happen
|join|ult r0ady
|join|Cynthia's Chomp
|c| Cynthia's Chomp|KEK!
|c| Cynthia's Chomp|it happened randomly
|
|move|p1a: Gligar|Stealth Rock|p2a: Slowking
|-sidestart|p2: dodmen|move: Stealth Rock
|move|p2a: Slowking|Scald|p1a: Gligar
|-supereffective|p1a: Gligar
|-damage|p1a: Gligar|177\/333
|
|turn|2
|join|Munkin
|c| Yellow Skarmory|[15:33:30] Ununhexium: we need to retest king uu first
|c| LiberalLucario|nice
|
|move|p1a: Gligar|U-turn|p2a: Slowking
|-supereffective|p2a: Slowking
|-damage|p2a: Slowking|317\/391
|join|Kyla's Nightmare
|join|MARCU5theBAW5
|join|VanillaMidget
|join|Snowballin
|leave|VanillaMidget
|
|switch|p1a: Tentacruel|Tentacruel, F|364\/364
|move|p2a: Slowking|Psyshock|p1a: Tentacruel
|-supereffective|p1a: Tentacruel
|-damage|p1a: Tentacruel|166\/364
|
|-heal|p1a: Tentacruel|188\/364|[from] item: Black Sludge
|-heal|p2a: Slowking|341\/391|[from] item: Leftovers
|turn|3
|c| Cynthia's Chomp|need less music
|c| Yellow Skarmory|\/\/mute music, annoying
|leave|MARCU5theBAW5
|join|DatLatias
|c| Cynthia's Chomp|lmao
|c| Yellow Skarmory|also the screen is farther behind on the stream screen than the actual chat
|c| Yellow Skarmory|for me
|join|BurstStream
|c| DatLatias|epin
|
|switch|p1a: Serperior|Serperior, M|291\/291
|switch|p2a: Aggron|Aggron, M|344\/344
|-damage|p2a: Aggron|323\/344|[from] Stealth Rock
|
|turn|4
|c| BurstStream|Imb4
|c| BurstStream|Avalanche Aggron\
|c| BurstStream|to kill serperior
|c| Yellow Skarmory|use peaf storm
|
|detailschange|p2a: Aggron|Aggron-Mega, M
|-mega|p2a: Aggron|Aggron|Aggronite
|move|p1a: Serperior|Leaf Storm|p2a: Aggron
|-resisted|p2a: Aggron
|-damage|p2a: Aggron|230\/344
|-boost|p1a: Serperior|spa|2
|move|p2a: Aggron|Heavy Slam|p1a: Serperior
|-damage|p1a: Serperior|78\/291
|
|turn|5
|c| BurstStream|Now get
|c| BurstStream|a crit Max Roll
|c| Yellow Skarmory|critmaxroll\/10
|
|move|p1a: Serperior|Synthesis|p1a: Serperior
|-heal|p1a: Serperior|223\/291
|move|p2a: Aggron|Heavy Slam|p1a: Serperior
|-damage|p1a: Serperior|30\/291
|
|turn|6
|join|BasedAaron
|c| Munkin|Quick! Go for HP Fire!
|
|switch|p1a: Gligar|Gligar, M|177\/333
|move|p2a: Aggron|Stealth Rock|p1a: Gligar
|-sidestart|p1: King UU|move: Stealth Rock
|
|turn|7
|join|Amme
|c| BurstStream|Also officially
|c| BurstStream|everyone now runs
|
|switch|p2a: Serperior|Serperior, F|291\/291
|-damage|p2a: Serperior|255\/291|[from] Stealth Rock
|move|p1a: Gligar|Roost|p1a: Gligar
|-heal|p1a: Gligar|333\/333
|
|turn|8
|c| BurstStream|Meadow Pl8 on Serp right?
|c| Yellow Skarmory|serperior-mega: ability is contrary
|
|move|p2a: Serperior|Leaf Storm|p1a: Gligar
|-damage|p1a: Gligar|170\/333
|-boost|p2a: Serperior|spa|2
|move|p1a: Gligar|U-turn|p2a: Serperior
|-supereffective|p2a: Serperior
|-damage|p2a: Serperior|163\/291
|
|switch|p1a: Mienshao|Mienshao, F|271\/271
|-damage|p1a: Mienshao|255\/271|[from] Stealth Rock
|
|turn|9
|c| Yellow Skarmory|75\/75\/95\/125\/95\/163
|c| Yellow Skarmory|grass\/dragon type
|
|switch|p2a: Aggron|Aggron-Mega, M|230\/344
|-damage|p2a: Aggron|209\/344|[from] Stealth Rock
|move|p1a: Mienshao|U-turn|p2a: Aggron
|-resisted|p2a: Aggron
|-damage|p2a: Aggron|190\/344
|c| Cynthia's Chomp|163 speed lmao
|c| THEiTodd|just investing into 2 stats
|
|switch|p1a: Chandelure|Chandelure, F|261\/261
|-damage|p1a: Chandelure|196\/261|[from] Stealth Rock
|
|turn|10
|c| THEiTodd|lmoa
|c| Snowballin|give it draco as well
|c| Snowballin|lel
|c| BurstStream|Nah better idea
|
|switch|p2a: Krookodile|Krookodile, M|331\/331
|-damage|p2a: Krookodile|311\/331|[from] Stealth Rock
|-ability|p2a: Krookodile|Intimidate|[of] p1a: Chandelure
|-unboost|p1a: Chandelure|atk|1
|move|p1a: Chandelure|Shadow Ball|p2a: Krookodile
|-resisted|p2a: Krookodile
|-damage|p2a: Krookodile|143\/331
|
|turn|11
|join|ahyueah
|c| BurstStream|remove all the atack points
|c| BurstStream|and add it
|c| DatLatias|"resist"
|c| BurstStream|into SPA
|c| Yellow Skarmory|set: dragon pulse, leaf storm, hp fire\/rock, sub
|c| BurstStream|pls
|c| BurstStream|Draco Meteor
|c| ahyueah|haha is that the real dodmen
|c| ahyueah|haha
|c| BurstStream|over Dragon Pulse
|c|âdodmen|the one and only
|
|move|p2a: Krookodile|Earthquake|p1a: Chandelure
|-supereffective|p1a: Chandelure
|-damage|p1a: Chandelure|0 fnt
|faint|p1a: Chandelure
|
|c| Yellow Skarmory|nature\/moves: modest 252 special attack 252 speed 4 hp
|
|switch|p1a: Mienshao|Mienshao, F|271\/271
|-damage|p1a: Mienshao|255\/271|[from] Stealth Rock
|turn|12
|c| Yellow Skarmory|straight to ubers
|
|switch|p2a: Aggron|Aggron-Mega, M|190\/344
|-damage|p2a: Aggron|169\/344|[from] Stealth Rock
|move|p1a: Mienshao|U-turn|p2a: Aggron
|-resisted|p2a: Aggron
|-damage|p2a: Aggron|150\/344
|join|Duskt70
|c| DatLatias|rekt
|
|switch|p1a: Cresselia|Cresselia, F|443\/443
|-damage|p1a: Cresselia|388\/443|[from] Stealth Rock
|
|-heal|p1a: Cresselia|415\/443|[from] item: Leftovers
|turn|13
|leave|tomibello
|c| Yellow Skarmory|d0dm3n
|
|move|p1a: Cresselia|Substitute|p1a: Cresselia
|-start|p1a: Cresselia|Substitute
|-damage|p1a: Cresselia|305\/443
|move|p2a: Aggron|Heavy Slam|p1a: Cresselia
|-activate|p1a: Cresselia|Substitute|[damage]
|
|-heal|p1a: Cresselia|332\/443|[from] item: Leftovers
|turn|14
|c| Yellow Skarmory|\/me flee
|leave|Yellow Skarmory
|
|move|p1a: Cresselia|Calm Mind|p1a: Cresselia
|-boost|p1a: Cresselia|spa|1
|-boost|p1a: Cresselia|spd|1
|move|p2a: Aggron|Roar|p1a: Cresselia
|drag|p1a: Tentacruel|Tentacruel, F|188\/364
|-damage|p1a: Tentacruel|143\/364|[from] Stealth Rock
|
|-heal|p1a: Tentacruel|165\/364|[from] item: Black Sludge
|turn|15
|leave|LiberalLucario
|join|ChibiSonic
|
|move|p1a: Tentacruel|Scald|p2a: Aggron
|-damage|p2a: Aggron|75\/344
|move|p2a: Aggron|Earthquake|p1a: Tentacruel
|-supereffective|p1a: Tentacruel
|-damage|p1a: Tentacruel|0 fnt
|faint|p1a: Tentacruel
|
|join|Yellow Skarmory
|
|switch|p1a: Gligar|Gligar, M|170\/333
|-damage|p1a: Gligar|129\/333|[from] Stealth Rock
|turn|16
|leave|Yellow Skarmory
|join|Yellow Skarmory
|
|switch|p2a: Slowking|Slowking, F|391\/391
|-damage|p2a: Slowking|343\/391|[from] Stealth Rock
|move|p1a: Gligar|Earthquake|p2a: Slowking
|-damage|p2a: Slowking|270\/391
|
|-heal|p2a: Slowking|294\/391|[from] item: Leftovers
|turn|17
|
|move|p1a: Gligar|U-turn|p2a: Slowking
|-supereffective|p2a: Slowking
|-damage|p2a: Slowking|220\/391
|
|switch|p1a: Serperior|Serperior, M|30\/291
|-damage|p1a: Serperior|0 fnt|[from] Stealth Rock
|faint|p1a: Serperior
|move|p2a: Slowking|Scald|p1: Serperior|[notarget]
|-notarget
|
|-heal|p2a: Slowking|244\/391|[from] item: Leftovers
|join|IDerpy
|join|LiberalLucario
|c| IDerpy|hai
|
|switch|p1a: Cresselia|Cresselia, F|332\/443
|-damage|p1a: Cresselia|277\/443|[from] Stealth Rock
|turn|18
|
|move|p1a: Cresselia|Calm Mind|p1a: Cresselia
|-boost|p1a: Cresselia|spa|1
|-boost|p1a: Cresselia|spd|1
|move|p2a: Slowking|Nasty Plot|p2a: Slowking
|-boost|p2a: Slowking|spa|2
|
|-heal|p1a: Cresselia|304\/443|[from] item: Leftovers
|-heal|p2a: Slowking|268\/391|[from] item: Leftovers
|turn|19
|
|move|p1a: Cresselia|Moonblast|p2a: Slowking
|-damage|p2a: Slowking|188\/391
|-unboost|p2a: Slowking|spa|1
|move|p2a: Slowking|Nasty Plot|p2a: Slowking
|-boost|p2a: Slowking|spa|2
|
|-heal|p1a: Cresselia|331\/443|[from] item: Leftovers
|-heal|p2a: Slowking|212\/391|[from] item: Leftovers
|turn|20
|c| Cynthia's Chomp|diggersby
|c| Cynthia's Chomp|is
|c| Cynthia's Chomp|life
|
|move|p1a: Cresselia|Calm Mind|p1a: Cresselia
|-boost|p1a: Cresselia|spa|1
|-boost|p1a: Cresselia|spd|1
|move|p2a: Slowking|Scald|p1a: Cresselia
|-damage|p1a: Cresselia|234\/443
|
|-heal|p1a: Cresselia|261\/443|[from] item: Leftovers
|-heal|p2a: Slowking|236\/391|[from] item: Leftovers
|turn|21
|
|move|p1a: Cresselia|Substitute|p1a: Cresselia
|-start|p1a: Cresselia|Substitute
|-damage|p1a: Cresselia|151\/443
|move|p2a: Slowking|Nasty Plot|p2a: Slowking
|-boost|p2a: Slowking|spa|2
|
|-heal|p1a: Cresselia|178\/443|[from] item: Leftovers
|-heal|p2a: Slowking|260\/391|[from] item: Leftovers
|turn|22
|join|Cat8752
|
|move|p1a: Cresselia|Calm Mind|p1a: Cresselia
|-boost|p1a: Cresselia|spa|1
|-boost|p1a: Cresselia|spd|1
|move|p2a: Slowking|Scald|p1a: Cresselia
|-activate|p1a: Cresselia|Substitute|[damage]
|
|-heal|p1a: Cresselia|205\/443|[from] item: Leftovers
|-heal|p2a: Slowking|284\/391|[from] item: Leftovers
|turn|23
|join|Specs Cranidos
|
|move|p1a: Cresselia|Calm Mind|p1a: Cresselia
|-boost|p1a: Cresselia|spa|1
|-boost|p1a: Cresselia|spd|1
|move|p2a: Slowking|Scald|p1a: Cresselia
|-end|p1a: Cresselia|Substitute
|
|-heal|p1a: Cresselia|232\/443|[from] item: Leftovers
|-heal|p2a: Slowking|308\/391|[from] item: Leftovers
|turn|24
|
|move|p1a: Cresselia|Substitute|p1a: Cresselia
|-start|p1a: Cresselia|Substitute
|-damage|p1a: Cresselia|122\/443
|move|p2a: Slowking|Scald|p1a: Cresselia
|-activate|p1a: Cresselia|Substitute|[damage]
|
|-heal|p1a: Cresselia|149\/443|[from] item: Leftovers
|-heal|p2a: Slowking|332\/391|[from] item: Leftovers
|turn|25
|join|OGWanka
|
|move|p1a: Cresselia|Calm Mind|p1a: Cresselia
|-boost|p1a: Cresselia|spa|1
|-boost|p1a: Cresselia|spd|1
|move|p2a: Slowking|Scald|p1a: Cresselia
|-end|p1a: Cresselia|Substitute
|
|-heal|p1a: Cresselia|176\/443|[from] item: Leftovers
|-heal|p2a: Slowking|356\/391|[from] item: Leftovers
|turn|26
|
|move|p1a: Cresselia|Substitute|p1a: Cresselia
|-start|p1a: Cresselia|Substitute
|-damage|p1a: Cresselia|66\/443
|move|p2a: Slowking|Scald|p1a: Cresselia
|-activate|p1a: Cresselia|Substitute|[damage]
|
|-heal|p1a: Cresselia|93\/443|[from] item: Leftovers
|-heal|p2a: Slowking|380\/391|[from] item: Leftovers
|turn|27
|
|move|p1a: Cresselia|Calm Mind|p1a: Cresselia
|-boost|p1a: Cresselia|spa|1
|-boost|p1a: Cresselia|spd|1
|move|p2a: Slowking|Scald|p1a: Cresselia
|-end|p1a: Cresselia|Substitute
|
|-heal|p1a: Cresselia|120\/443|[from] item: Leftovers
|-heal|p2a: Slowking|391\/391|[from] item: Leftovers
|turn|28
|c| THEiTodd|scald crit here
|join|BenzMafia
|
|move|p1a: Cresselia|Substitute|p1a: Cresselia
|-start|p1a: Cresselia|Substitute
|-damage|p1a: Cresselia|10\/443
|move|p2a: Slowking|Scald|p1a: Cresselia
|-activate|p1a: Cresselia|Substitute|[damage]
|
|-heal|p1a: Cresselia|37\/443|[from] item: Leftovers
|turn|29
|join|r0ady
|
|move|p1a: Cresselia|Moonblast|p2a: Slowking
|-damage|p2a: Slowking|163\/391
|-unboost|p2a: Slowking|spa|1
|move|p2a: Slowking|Scald|p1a: Cresselia
|-end|p1a: Cresselia|Substitute
|
|-heal|p1a: Cresselia|64\/443|[from] item: Leftovers
|-heal|p2a: Slowking|187\/391|[from] item: Leftovers
|turn|30
|leave|Cynthia's Chomp
|join|Luna Bae
|c| IDerpy|look at slowking
|c| DatLatias|preserve
|c| DatLatias|6-0
|c| IDerpy|so derpy
|
|move|p1a: Cresselia|Moonblast|p2a: Slowking
|-damage|p2a: Slowking|0 fnt
|faint|p2a: Slowking
|
|-heal|p1a: Cresselia|91\/443|[from] item: Leftovers
|c| IDerpy|;-;
|join|Cynthia's Chomp
|c| IDerpy|no 6-0
|c| IDerpy|smh @ dodmen
|c|âdodmen|:[
|
|switch|p2a: Krookodile|Krookodile, M|143\/331
|-damage|p2a: Krookodile|123\/331|[from] Stealth Rock
|-ability|p2a: Krookodile|Intimidate|[of] p1a: Cresselia
|-unboost|p1a: Cresselia|atk|1
|turn|31
|join|UniterFlash
|c| IDerpy|his physical cress
|c| IDerpy|nuuu
|
|move|p2a: Krookodile|Knock Off|p1a: Cresselia
|-supereffective|p1a: Cresselia
|-damage|p1a: Cresselia|0 fnt
|-enditem|p1a: Cresselia|Leftovers|[from] move: Knock Off|[of] p2a: Krookodile
|faint|p1a: Cresselia
|
|c| Kyla's Nightmare|big dmg
|leave|Specs Cranidos
|
|switch|p1a: Mienshao|Mienshao, F|271\/271
|-damage|p1a: Mienshao|255\/271|[from] Stealth Rock
|turn|32
|join|EaglePope
|c| IDerpy|shao
|c| EaglePope|shao 5-0?
|c| EaglePope|nvm
|
|move|p1a: Mienshao|U-turn|p2a: Krookodile
|-supereffective|p2a: Krookodile
|-damage|p2a: Krookodile|0 fnt
|faint|p2a: Krookodile
|
|switch|p1a: Gligar|Gligar, M|129\/333
|-damage|p1a: Gligar|88\/333|[from] Stealth Rock
|
|join|Spuun
|
|switch|p2a: Serperior|Serperior, F|163\/291
|-damage|p2a: Serperior|127\/291|[from] Stealth Rock
|turn|33
|leave|Spuun
|
|switch|p1a: Mienshao|Mienshao, F|271\/271
|-damage|p1a: Mienshao|255\/271|[from] Stealth Rock
|move|p2a: Serperior|Leaf Storm|p1a: Mienshao
|-damage|p1a: Mienshao|0 fnt
|-boost|p2a: Serperior|spa|2
|faint|p1a: Mienshao
|
|-message|King UU forfeited.
|c| IDerpy|lol
|
|switch|p1a: Gligar|Gligar, M|88\/333
|-damage|p1a: Gligar|47\/333|[from] Stealth Rock
|turn|34
|c| Kyla's Nightmare|kek
|c| IDerpy|gg
|
|win|dodmen
|raw|Ladder updating...
|leave|King UU
|raw|King UU's rating: 1594 &rarr; <strong>1568<\/strong><br \/>(-26 for losing)
|raw|dodmen's rating: 1491 &rarr; <strong>1517<\/strong><br \/>(+26 for winning)
|leave|Snowballin
|leave|Cat8752
|player|p1
|leave|IDerpy
|leave|Kyla's Nightmare
|leave|Munkin
|leave|Cynthia's Chomp
|leave|DatLatias