|join|Bl153
|join|Rapidashite
|player|p1|Bl153|101
|player|p2|Rapidashite|101
|gametype|singles
|gen|6
|tier|ORAS OU
|rated
|rule|Sleep Clause Mod: Limit one foe put to sleep
|rule|Species Clause: Limit one of each PokÃ©mon
|rule|OHKO Clause: OHKO moves are banned
|rule|Moody Clause: Moody is banned
|rule|Evasion Moves Clause: Evasion moves are banned
|rule|Endless Battle Clause: Forcing endless battles is banned
|rule|HP Percentage Mod: HP is shown in percentages
|clearpoke
|poke|p1|Alakazam, M
|poke|p1|Greninja, M
|poke|p1|Heatran, M, shiny
|poke|p1|Conkeldurr, M
|poke|p1|Zapdos
|poke|p1|Sableye, M
|poke|p2|Slowbro, F
|poke|p2|Latios, M
|poke|p2|Heatran, F
|poke|p2|Scizor, M
|poke|p2|Clefable, F
|poke|p2|Salamence, M
|rule|Swagger Clause: Swagger is banned
|rule|Baton Pass Clause: Limit one PokÃ©mon knowing Baton Pass
|teampreview
|c|âBl153|gl hf
|
|start
|switch|p1a: Greninja|Greninja, M|285\/285
|switch|p2a: Slowbro|Slowbro, F|394\/394
|turn|1
|
|switch|p1a: Zapdos|Zapdos|383\/383
|-ability|p1a: Zapdos|Pressure
|switch|p2a: Heatran|Heatran, F|385\/385
|
|turn|2
|
|move|p1a: Zapdos|Defog|p2a: Heatran
|-unboost|p2a: Heatran|evasion|1
|move|p2a: Heatran|Stealth Rock|p1a: Zapdos
|-sidestart|p1: Bl153|move: Stealth Rock
|
|turn|3
|
|move|p1a: Zapdos|Defog|p2a: Heatran
|-unboost|p2a: Heatran|evasion|1
|-sideend|p1: Bl153|Stealth Rock|[from] move: Defog|[of] p1a: Zapdos
|move|p2a: Heatran|Toxic|p1a: Zapdos
|-status|p1a: Zapdos|tox
|
|-damage|p1a: Zapdos|360\/383 tox|[from] psn
|turn|4
|
|move|p1a: Zapdos|Volt Switch|p2a: Heatran
|-damage|p2a: Heatran|316\/385
|
|switch|p1a: Alakazam|Alakazam, M|252\/252
|move|p2a: Heatran|Stealth Rock|p1a: Alakazam
|-sidestart|p1: Bl153|move: Stealth Rock
|
|-heal|p2a: Heatran|340\/385|[from] item: Leftovers
|turn|5
|
|move|p1a: Alakazam|Focus Blast|p2a: Heatran
|-supereffective|p2a: Heatran
|-damage|p2a: Heatran|134\/385
|move|p2a: Heatran|Toxic|p1a: Alakazam
|-status|p1a: Alakazam|tox
|
|-heal|p2a: Heatran|158\/385|[from] item: Leftovers
|turn|6
|
|move|p2a: Heatran|Protect|p2a: Heatran
|-singleturn|p2a: Heatran|Protect
|move|p1a: Alakazam|Psyshock|p2a: Heatran
|-activate|p2a: Heatran|Protect
|
|-heal|p2a: Heatran|182\/385|[from] item: Leftovers
|turn|7
|
|move|p1a: Alakazam|Focus Blast|p2a: Heatran
|-supereffective|p2a: Heatran
|-damage|p2a: Heatran|0 fnt
|faint|p2a: Heatran
|
|
|switch|p2a: Scizor|Scizor, M|342\/342
|turn|8
|
|switch|p1a: Conkeldurr|Conkeldurr, M|413\/413
|-damage|p1a: Conkeldurr|388\/413|[from] Stealth Rock
|move|p2a: Scizor|Knock Off|p1a: Conkeldurr
|-resisted|p1a: Conkeldurr
|-damage|p1a: Conkeldurr|335\/413
|-enditem|p1a: Conkeldurr|Assault Vest|[from] move: Knock Off|[of] p2a: Scizor
|
|turn|9
|
|switch|p2a: Clefable|Clefable, F|394\/394
|move|p1a: Conkeldurr|Drain Punch|p2a: Clefable
|-resisted|p2a: Clefable
|-damage|p2a: Clefable|326\/394
|-heal|p1a: Conkeldurr|369\/413|[from] drain|[of] p2a: Clefable
|
|-heal|p2a: Clefable|350\/394|[from] item: Leftovers
|turn|10
|
|switch|p1a: Heatran|Heatran, M, shiny|385\/385
|-damage|p1a: Heatran|337\/385|[from] Stealth Rock
|move|p2a: Clefable|Calm Mind|p2a: Clefable
|-boost|p2a: Clefable|spa|1
|-boost|p2a: Clefable|spd|1
|
|-heal|p1a: Heatran|361\/385|[from] item: Leftovers
|-heal|p2a: Clefable|374\/394|[from] item: Leftovers
|turn|11
|
|move|p1a: Heatran|Flash Cannon|p2a: Clefable
|-supereffective|p2a: Clefable
|-damage|p2a: Clefable|240\/394
|move|p2a: Clefable|Calm Mind|p2a: Clefable
|-boost|p2a: Clefable|spa|1
|-boost|p2a: Clefable|spd|1
|
|-heal|p1a: Heatran|385\/385|[from] item: Leftovers
|-heal|p2a: Clefable|264\/394|[from] item: Leftovers
|turn|12
|
|move|p1a: Heatran|Flash Cannon|p2a: Clefable
|-supereffective|p2a: Clefable
|-damage|p2a: Clefable|154\/394
|move|p2a: Clefable|Calm Mind|p2a: Clefable
|-boost|p2a: Clefable|spa|1
|-boost|p2a: Clefable|spd|1
|
|-heal|p2a: Clefable|178\/394|[from] item: Leftovers
|turn|13
|
|move|p1a: Heatran|Flash Cannon|p2a: Clefable
|-supereffective|p2a: Clefable
|-damage|p2a: Clefable|82\/394
|move|p2a: Clefable|Soft-Boiled|p2a: Clefable
|-heal|p2a: Clefable|279\/394
|
|-heal|p2a: Clefable|303\/394|[from] item: Leftovers
|turn|14
|
|switch|p1a: Greninja|Greninja, M|285\/285
|-damage|p1a: Greninja|250\/285|[from] Stealth Rock
|move|p2a: Clefable|Calm Mind|p2a: Clefable
|-boost|p2a: Clefable|spa|1
|-boost|p2a: Clefable|spd|1
|
|-heal|p2a: Clefable|327\/394|[from] item: Leftovers
|turn|15
|
|move|p1a: Greninja|Gunk Shot|p2a: Clefable
|-start|p1a: Greninja|typechange|Poison|[from] Protean
|-supereffective|p2a: Clefable
|-damage|p2a: Clefable|0 fnt
|-damage|p1a: Greninja|222\/285|[from] item: Life Orb
|faint|p2a: Clefable
|
|c|âBl153|So u would like mega Rapidash I take it?
|c|âRapidashite|Woah gunk shot's physical
|c|âRapidashite|didn't realise that
|c|âBl153|lol XD
|c|âBl153|yep it is
|c|âRapidashite|and nah, 'shite's' Irish for 'shit'
|c|âRapidashite|thought it was naughty :p
|
|switch|p2a: Scizor|Scizor, M|342\/342
|turn|16
|c|âBl153|Wait thought what was naughty lol
|c|âRapidashite|rapida-shite
|c|âRapidashite|shite is an irish swear word
|c|âRapidashite|means shit
|c|âBl153|Ahhh ok lol Im Irish and didnt know that thats sad..
|c|âBl153|Only 25% but still
|c|âRapidashite|really
|c|âRapidashite|ah right
|c|âBl153|guess what the other 75% is its one thing
|
|switch|p1a: Zapdos|Zapdos|360\/383 tox
|-damage|p1a: Zapdos|265\/383 tox|[from] Stealth Rock
|-ability|p1a: Zapdos|Pressure
|move|p2a: Scizor|Knock Off|p1a: Zapdos
|-damage|p1a: Zapdos|190\/383 tox
|-enditem|p1a: Zapdos|Leftovers|[from] move: Knock Off|[of] p2a: Scizor
|
|-damage|p1a: Zapdos|167\/383 tox|[from] psn
|turn|17
|c|âRapidashite|english?
|c|âBl153|Nope :p  
|
|switch|p2a: Latios|Latios, M|302\/302
|move|p1a: Zapdos|Defog|p2a: Latios
|-unboost|p2a: Latios|evasion|1
|-sideend|p1: Bl153|Stealth Rock|[from] move: Defog|[of] p1a: Zapdos
|
|-damage|p1a: Zapdos|121\/383 tox|[from] psn
|turn|18
|c|âRapidashite|hmm,
|c|âRapidashite|american?
|c|âBl153|Nope XD one more
|c|âBl153|then I'll tell ya
|c|âRapidashite|scottish?
|c|âBl153|People who like to play guessing games are always cool IMO
|c|âBl153|and ehhh semi close Italian
|c|âRapidashite|an italian with irish roots
|c|âRapidashite|that's cool
|
|move|p2a: Latios|Trick|p1a: Zapdos
|-activate|p2a: Latios|move: Trick|[of] p1a: Zapdos
|-item|p1a: Zapdos|Choice Scarf|[from] move: Trick
|move|p1a: Zapdos|Roost|p1a: Zapdos
|-heal|p1a: Zapdos|313\/383 tox
|
|-damage|p1a: Zapdos|244\/383 tox|[from] psn
|turn|19
|
|switch|p1a: Heatran|Heatran, M, shiny|385\/385
|switch|p2a: Salamence|Salamence, M|331\/331
|-ability|p2a: Salamence|Intimidate|[of] p1a: Heatran
|-unboost|p1a: Heatran|atk|1
|
|turn|20
|
|detailschange|p2a: Salamence|Salamence-Mega, M
|message|Salamence has Mega Evolved into Mega Salamence!
|move|p2a: Salamence|Substitute|p2a: Salamence
|-start|p2a: Salamence|Substitute
|-damage|p2a: Salamence|249\/331
|move|p1a: Heatran|Lava Plume|p2a: Salamence
|-resisted|p2a: Salamence
|-activate|p2a: Salamence|Substitute|[damage]
|
|turn|21
|
|move|p2a: Salamence|Dragon Dance|p2a: Salamence
|-boost|p2a: Salamence|atk|1
|-boost|p2a: Salamence|spe|1
|move|p1a: Heatran|Flash Cannon|p2a: Salamence
|-end|p2a: Salamence|Substitute
|
|turn|22
|
|move|p2a: Salamence|Substitute|p2a: Salamence
|-start|p2a: Salamence|Substitute
|-damage|p2a: Salamence|167\/331
|move|p1a: Heatran|Flash Cannon|p2a: Salamence
|-end|p2a: Salamence|Substitute
|
|turn|23
|c|âBl153|And the only thing un Italian looking about me TBH is my skin is quite pale... 
|
|move|p2a: Salamence|Roost|p2a: Salamence
|-heal|p2a: Salamence|331\/331
|move|p1a: Heatran|Flash Cannon|p2a: Salamence
|-damage|p2a: Salamence|192\/331
|
|turn|24
|
|move|p2a: Salamence|Dragon Dance|p2a: Salamence
|-boost|p2a: Salamence|atk|1
|-boost|p2a: Salamence|spe|1
|move|p1a: Heatran|Toxic|p2a: Salamence|[miss]
|-miss|p1a: Heatran|p2a: Salamence
|
|turn|25
|
|move|p2a: Salamence|Substitute|p2a: Salamence
|-start|p2a: Salamence|Substitute
|-damage|p2a: Salamence|110\/331
|move|p1a: Heatran|Flash Cannon|p2a: Salamence
|-end|p2a: Salamence|Substitute
|
|turn|26
|
|move|p2a: Salamence|Substitute|p2a: Salamence
|-start|p2a: Salamence|Substitute
|-damage|p2a: Salamence|28\/331
|move|p1a: Heatran|Flash Cannon|p2a: Salamence
|-end|p2a: Salamence|Substitute
|
|turn|27
|
|move|p2a: Salamence|Return|p1a: Heatran
|-resisted|p1a: Heatran
|-damage|p1a: Heatran|151\/385
|move|p1a: Heatran|Toxic|p2a: Salamence
|-status|p2a: Salamence|tox
|
|-heal|p1a: Heatran|175\/385|[from] item: Leftovers
|-damage|p2a: Salamence|8\/331 tox|[from] psn
|turn|28
|
|switch|p1a: Zapdos|Zapdos|244\/383 tox
|-ability|p1a: Zapdos|Pressure
|move|p2a: Salamence|Return|p1a: Zapdos
|-crit|p1a: Zapdos
|-resisted|p1a: Zapdos
|-damage|p1a: Zapdos|0 fnt
|faint|p1a: Zapdos
|
|-damage|p2a: Salamence|0 fnt|[from] psn
|faint|p2a: Salamence
|
|switch|p1a: Greninja|Greninja, M|222\/285
|switch|p2a: Slowbro|Slowbro, F|394\/394
|turn|29
|
|move|p1a: Greninja|Hidden Power|p2a: Slowbro
|-start|p1a: Greninja|typechange|Grass|[from] Protean
|-supereffective|p2a: Slowbro
|-damage|p2a: Slowbro|105\/394
|-damage|p1a: Greninja|194\/285|[from] item: Life Orb
|move|p2a: Slowbro|Thunder Wave|p1a: Greninja
|-status|p1a: Greninja|par
|
|-heal|p2a: Slowbro|129\/394|[from] item: Leftovers
|turn|30
|
|switch|p2a: Scizor|Scizor, M|342\/342
|cant|p1a: Greninja|par
|
|turn|31
|
|move|p2a: Scizor|Knock Off|p1a: Greninja
|-damage|p1a: Greninja|56\/285 par
|-enditem|p1a: Greninja|Life Orb|[from] move: Knock Off|[of] p2a: Scizor
|move|p1a: Greninja|Hydro Pump|p2a: Scizor
|-start|p1a: Greninja|typechange|Water|[from] Protean
|-damage|p2a: Scizor|147\/342
|
|turn|32
|
|move|p2a: Scizor|Roost|p2a: Scizor
|-heal|p2a: Scizor|318\/342
|move|p1a: Greninja|Hydro Pump|p2a: Scizor
|-damage|p2a: Scizor|117\/342
|
|turn|33
|
|move|p2a: Scizor|Knock Off|p1a: Greninja
|-damage|p1a: Greninja|0 fnt
|faint|p1a: Greninja
|
|
|switch|p1a: Sableye|Sableye, M|303\/303
|turn|34
|
|switch|p2a: Slowbro|Slowbro, F|260\/394
|move|p1a: Sableye|Will-O-Wisp|p2a: Slowbro
|-status|p2a: Slowbro|brn
|
|-heal|p2a: Slowbro|284\/394 brn|[from] item: Leftovers
|-damage|p2a: Slowbro|235\/394 brn|[from] brn
|turn|35
|
|detailschange|p1a: Sableye|Sableye-Mega, M
|message|Sableye has Mega Evolved into Mega Sableye!
|move|p1a: Sableye|Calm Mind|p1a: Sableye
|-boost|p1a: Sableye|spa|1
|-boost|p1a: Sableye|spd|1
|move|p2a: Slowbro|Scald|p1a: Sableye
|-damage|p1a: Sableye|246\/303
|
|-heal|p2a: Slowbro|259\/394 brn|[from] item: Leftovers
|-damage|p2a: Slowbro|210\/394 brn|[from] brn
|turn|36
|
|move|p2a: Slowbro|Thunder Wave|p1a: Sableye
|move|p1a: Sableye|Thunder Wave|p2a: Slowbro|[from]Magic Bounce
|-fail|p2a: Slowbro
|move|p1a: Sableye|Calm Mind|p1a: Sableye
|-boost|p1a: Sableye|spa|1
|-boost|p1a: Sableye|spd|1
|
|-heal|p2a: Slowbro|234\/394 brn|[from] item: Leftovers
|-damage|p2a: Slowbro|185\/394 brn|[from] brn
|turn|37
|
|move|p2a: Slowbro|Scald|p1a: Sableye
|-damage|p1a: Sableye|201\/303
|move|p1a: Sableye|Dark Pulse|p2a: Slowbro
|-supereffective|p2a: Slowbro
|-damage|p2a: Slowbro|0 fnt
|faint|p2a: Slowbro
|
|
|switch|p2a: Latios|Latios, M|302\/302
|turn|38
|
|move|p2a: Latios|Draco Meteor|p1a: Sableye|[miss]
|-miss|p2a: Latios|p1a: Sableye
|move|p1a: Sableye|Recover|p1a: Sableye
|-heal|p1a: Sableye|303\/303
|
|turn|39
|
|move|p2a: Latios|Draco Meteor|p1a: Sableye|[miss]
|-miss|p2a: Latios|p1a: Sableye
|move|p1a: Sableye|Calm Mind|p1a: Sableye
|-boost|p1a: Sableye|spa|1
|-boost|p1a: Sableye|spd|1
|
|turn|40
|c|âRapidashite|?
|c|âBl153|Oh dude sorry...
|c|âBl153|1 ehhhh two blows
|
|move|p2a: Latios|Draco Meteor|p1a: Sableye
|-damage|p1a: Sableye|218\/303
|-unboost|p2a: Latios|spa|2
|move|p1a: Sableye|Dark Pulse|p2a: Latios
|-supereffective|p2a: Latios
|-damage|p2a: Latios|0 fnt
|faint|p2a: Latios
|
|
|switch|p2a: Scizor|Scizor, M|117\/342
|turn|41
|
|move|p2a: Scizor|Bullet Punch|p1a: Sableye
|-damage|p1a: Sableye|167\/303
|move|p1a: Sableye|Will-O-Wisp|p2a: Scizor
|-status|p2a: Scizor|brn
|-enditem|p2a: Scizor|Lum Berry|[eat]
|-curestatus|p2a: Scizor|brn
|
|turn|42
|c|âRapidashite|mega sableye's so defensive
|c|âRapidashite|never knew
|
|move|p2a: Scizor|Bullet Punch|p1a: Sableye
|-damage|p1a: Sableye|113\/303
|move|p1a: Sableye|Will-O-Wisp|p2a: Scizor
|-status|p2a: Scizor|brn
|
|-damage|p2a: Scizor|75\/342 brn|[from] brn
|turn|43
|c|âBl153|yep XD
|c|âBl153|125 base
|
|move|p2a: Scizor|Bullet Punch|p1a: Sableye
|-damage|p1a: Sableye|82\/303
|move|p1a: Sableye|Recover|p1a: Sableye
|-heal|p1a: Sableye|234\/303
|
|-damage|p2a: Scizor|33\/342 brn|[from] brn
|turn|44
|c|âBl153|max and bold XD
|c|âBl153|gg man u seem like a cool dude
|
|move|p2a: Scizor|Bullet Punch|p1a: Sableye
|-damage|p1a: Sableye|204\/303
|move|p1a: Sableye|Dark Pulse|p2a: Scizor
|-damage|p2a: Scizor|0 fnt
|faint|p2a: Scizor
|
|win|Bl153
|raw|Ladder updating...
|raw|Bl153's rating: 1440 &rarr; <strong>1456<\/strong><br \/>(+16 for winning)
|raw|Rapidashite's rating: 1369 &rarr; <strong>1353<\/strong><br \/>(-16 for losing)
|c|âRapidashite|thanks you too
|c|âRapidashite|see ya
|leave|Rapidashite
|player|p2
|c|âBl153|cya :]