|join|Rapidashite
|join|Pashkuale
|player|p1|Rapidashite|154
|player|p2|Pashkuale|214
|gametype|singles
|gen|6
|tier|OU
|rated
|clearpoke
|poke|p1|Terrakion
|poke|p1|Latios, M
|poke|p1|Heatran, F
|poke|p1|Scizor, M
|poke|p1|Clefable, F
|poke|p1|Slowbro, F
|poke|p2|Tyranitar, F
|poke|p2|Greninja, F
|poke|p2|Landorus-Therian, M
|poke|p2|Rotom-Wash
|poke|p2|Excadrill, F
|poke|p2|Sableye, F
|rule|Swagger Clause: Swagger is banned
|rule|Baton Pass Clause: Limit one PokÃ©mon knowing Baton Pass
|rule|Sleep Clause Mod: Limit one foe put to sleep
|rule|Species Clause: Limit one of each PokÃ©mon
|rule|OHKO Clause: OHKO moves are banned
|rule|Moody Clause: Moody is banned
|rule|Evasion Moves Clause: Evasion moves are banned
|rule|Endless Battle Clause: Forcing endless battles is banned
|rule|HP Percentage Mod: HP is shown in percentages
|teampreview
|
|start
|switch|p1a: Slowbro|Slowbro, F|394\/394
|switch|p2a: Rotom-Wash|Rotom-Wash|304\/304
|turn|1
|
|move|p2a: Rotom-Wash|Volt Switch|p1a: Slowbro
|-supereffective|p1a: Slowbro
|-damage|p1a: Slowbro|178\/394
|
|switch|p2a: Landorus-Therian|Landorus-Therian, M|382\/382
|-ability|p2a: Landorus-Therian|Intimidate|[of] p1a: Slowbro
|-unboost|p1a: Slowbro|atk|1
|move|p1a: Slowbro|Slack Off|p1a: Slowbro
|-heal|p1a: Slowbro|375\/394
|
|-heal|p1a: Slowbro|394\/394|[from] item: Leftovers
|turn|2
|
|move|p2a: Landorus-Therian|U-turn|p1a: Slowbro
|-supereffective|p1a: Slowbro
|-damage|p1a: Slowbro|282\/394
|
|switch|p2a: Rotom-Wash|Rotom-Wash|304\/304
|move|p1a: Slowbro|Scald|p2a: Rotom-Wash
|-resisted|p2a: Rotom-Wash
|-damage|p2a: Rotom-Wash|270\/304
|
|-heal|p2a: Rotom-Wash|289\/304|[from] item: Leftovers
|-heal|p1a: Slowbro|306\/394|[from] item: Leftovers
|turn|3
|
|move|p2a: Rotom-Wash|Will-O-Wisp|p1a: Slowbro
|-status|p1a: Slowbro|brn
|move|p1a: Slowbro|Slack Off|p1a: Slowbro
|-heal|p1a: Slowbro|394\/394 brn
|
|-heal|p2a: Rotom-Wash|304\/304|[from] item: Leftovers
|-damage|p1a: Slowbro|345\/394 brn|[from] brn
|turn|4
|
|move|p2a: Rotom-Wash|Will-O-Wisp|p1a: Slowbro
|-fail|p1a: Slowbro|brn
|move|p1a: Slowbro|Slack Off|p1a: Slowbro
|-heal|p1a: Slowbro|394\/394 brn
|
|-damage|p1a: Slowbro|345\/394 brn|[from] brn
|turn|5
|
|move|p2a: Rotom-Wash|Volt Switch|p1a: Slowbro
|-supereffective|p1a: Slowbro
|-damage|p1a: Slowbro|127\/394 brn
|
|switch|p2a: Greninja|Greninja, F|285\/285
|move|p1a: Slowbro|Slack Off|p1a: Slowbro
|-heal|p1a: Slowbro|324\/394 brn
|
|-heal|p1a: Slowbro|348\/394 brn|[from] item: Leftovers
|-damage|p1a: Slowbro|299\/394 brn|[from] brn
|turn|6
|
|switch|p1a: Clefable|Clefable, F|394\/394
|move|p2a: Greninja|Dark Pulse|p1a: Clefable
|-start|p2a: Greninja|typechange|Dark|[from] Protean
|-resisted|p1a: Clefable
|-damage|p1a: Clefable|320\/394
|-damage|p2a: Greninja|257\/285|[from] item: Life Orb
|
|-heal|p1a: Clefable|344\/394|[from] item: Leftovers
|turn|7
|
|switch|p1a: Scizor|Scizor, M|342\/342
|move|p2a: Greninja|Gunk Shot|p1a: Scizor
|-start|p2a: Greninja|typechange|Poison|[from] Protean
|-immune|p1a: Scizor|[msg]
|
|turn|8
|
|switch|p2a: Rotom-Wash|Rotom-Wash|304\/304
|move|p1a: Scizor|Bullet Punch|p2a: Rotom-Wash
|-resisted|p2a: Rotom-Wash
|-damage|p2a: Rotom-Wash|282\/304
|
|-heal|p2a: Rotom-Wash|301\/304|[from] item: Leftovers
|turn|9
|
|move|p2a: Rotom-Wash|Volt Switch|p1a: Scizor
|-damage|p1a: Scizor|243\/342
|
|switch|p2a: Landorus-Therian|Landorus-Therian, M|382\/382
|-ability|p2a: Landorus-Therian|Intimidate|[of] p1a: Scizor
|-unboost|p1a: Scizor|atk|1
|move|p1a: Scizor|Knock Off|p2a: Landorus-Therian
|-damage|p2a: Landorus-Therian|332\/382
|-enditem|p2a: Landorus-Therian|Leftovers|[from] move: Knock Off|[of] p1a: Scizor
|
|turn|10
|
|move|p2a: Landorus-Therian|Stealth Rock|p1a: Scizor
|-sidestart|p1: Rapidashite|move: Stealth Rock
|move|p1a: Scizor|Roost|p1a: Scizor
|-heal|p1a: Scizor|342\/342
|
|turn|11
|
|move|p2a: Landorus-Therian|Knock Off|p1a: Scizor
|-damage|p1a: Scizor|269\/342
|-enditem|p1a: Scizor|Lum Berry|[from] move: Knock Off|[of] p2a: Landorus-Therian
|move|p1a: Scizor|Knock Off|p2a: Landorus-Therian
|-damage|p2a: Landorus-Therian|295\/382
|
|turn|12
|
|move|p2a: Landorus-Therian|Earthquake|p1a: Scizor
|-damage|p1a: Scizor|148\/342
|move|p1a: Scizor|Swords Dance|p1a: Scizor
|-boost|p1a: Scizor|atk|2
|
|turn|13
|
|move|p2a: Landorus-Therian|U-turn|p1a: Scizor
|-resisted|p1a: Scizor
|-damage|p1a: Scizor|119\/342
|
|switch|p2a: Rotom-Wash|Rotom-Wash|301\/304
|move|p1a: Scizor|Roost|p1a: Scizor
|-heal|p1a: Scizor|290\/342
|
|-heal|p2a: Rotom-Wash|304\/304|[from] item: Leftovers
|turn|14
|
|switch|p1a: Heatran|Heatran, F|385\/385
|-damage|p1a: Heatran|337\/385|[from] Stealth Rock
|move|p2a: Rotom-Wash|Will-O-Wisp|p1a: Heatran
|-start|p1a: Heatran|ability: Flash Fire
|
|-heal|p1a: Heatran|361\/385|[from] item: Leftovers
|turn|15
|
|move|p2a: Rotom-Wash|Hydro Pump|p1a: Heatran
|-supereffective|p1a: Heatran
|-damage|p1a: Heatran|173\/385
|move|p1a: Heatran|Stealth Rock|p2a: Rotom-Wash
|-sidestart|p2: Pashkuale|move: Stealth Rock
|
|-heal|p1a: Heatran|197\/385|[from] item: Leftovers
|turn|16
|
|move|p1a: Heatran|Protect|p1a: Heatran
|-singleturn|p1a: Heatran|Protect
|move|p2a: Rotom-Wash|Hydro Pump|p1a: Heatran
|-activate|p1a: Heatran|Protect
|
|-heal|p1a: Heatran|221\/385|[from] item: Leftovers
|turn|17
|
|move|p2a: Rotom-Wash|Hydro Pump|p1a: Heatran
|-supereffective|p1a: Heatran
|-damage|p1a: Heatran|39\/385
|move|p1a: Heatran|Toxic|p2a: Rotom-Wash
|-status|p2a: Rotom-Wash|tox
|
|-heal|p1a: Heatran|63\/385|[from] item: Leftovers
|-damage|p2a: Rotom-Wash|285\/304 tox|[from] psn
|turn|18
|
|move|p1a: Heatran|Protect|p1a: Heatran
|-singleturn|p1a: Heatran|Protect
|move|p2a: Rotom-Wash|Hydro Pump|p1a: Heatran
|-activate|p1a: Heatran|Protect
|
|-heal|p2a: Rotom-Wash|304\/304 tox|[from] item: Leftovers
|-heal|p1a: Heatran|87\/385|[from] item: Leftovers
|-damage|p2a: Rotom-Wash|266\/304 tox|[from] psn
|turn|19
|
|switch|p1a: Slowbro|Slowbro, F|394\/394 brn
|-damage|p1a: Slowbro|345\/394 brn|[from] Stealth Rock
|move|p2a: Rotom-Wash|Volt Switch|p1a: Slowbro
|-supereffective|p1a: Slowbro
|-damage|p1a: Slowbro|139\/394 brn
|
|switch|p2a: Tyranitar|Tyranitar, F|403\/403
|-damage|p2a: Tyranitar|353\/403|[from] Stealth Rock
|-weather|Sandstorm
|
|-weather|Sandstorm|[upkeep]
|-damage|p1a: Slowbro|115\/394 brn|[from] sandstorm
|-heal|p1a: Slowbro|139\/394 brn|[from] item: Leftovers
|-damage|p1a: Slowbro|90\/394 brn|[from] brn
|turn|20
|
|move|p2a: Tyranitar|Pursuit|p1a: Slowbro
|-supereffective|p1a: Slowbro
|-damage|p1a: Slowbro|10\/394 brn
|move|p1a: Slowbro|Slack Off|p1a: Slowbro
|-heal|p1a: Slowbro|207\/394 brn
|
|-weather|Sandstorm|[upkeep]
|-damage|p1a: Slowbro|183\/394 brn|[from] sandstorm
|-heal|p1a: Slowbro|207\/394 brn|[from] item: Leftovers
|-damage|p1a: Slowbro|158\/394 brn|[from] brn
|turn|21
|
|move|p2a: Tyranitar|Stone Edge|p1a: Slowbro|[miss]
|-miss|p2a: Tyranitar|p1a: Slowbro
|move|p1a: Slowbro|Slack Off|p1a: Slowbro
|-heal|p1a: Slowbro|355\/394 brn
|
|-weather|Sandstorm|[upkeep]
|-damage|p1a: Slowbro|331\/394 brn|[from] sandstorm
|-heal|p1a: Slowbro|355\/394 brn|[from] item: Leftovers
|-damage|p1a: Slowbro|306\/394 brn|[from] brn
|turn|22
|
|switch|p2a: Rotom-Wash|Rotom-Wash|266\/304 tox
|-damage|p2a: Rotom-Wash|228\/304 tox|[from] Stealth Rock
|move|p1a: Slowbro|Scald|p2a: Rotom-Wash
|-resisted|p2a: Rotom-Wash
|-damage|p2a: Rotom-Wash|196\/304 tox
|
|-weather|Sandstorm|[upkeep]
|-damage|p2a: Rotom-Wash|177\/304 tox|[from] sandstorm
|-damage|p1a: Slowbro|282\/394 brn|[from] sandstorm
|-heal|p2a: Rotom-Wash|196\/304 tox|[from] item: Leftovers
|-heal|p1a: Slowbro|306\/394 brn|[from] item: Leftovers
|-damage|p2a: Rotom-Wash|177\/304 tox|[from] psn
|-damage|p1a: Slowbro|257\/394 brn|[from] brn
|turn|23
|
|move|p2a: Rotom-Wash|Pain Split|p1a: Slowbro
|-sethp|p1a: Slowbro|217\/394 brn|p2a: Rotom-Wash|217\/304 tox|[from] move: Pain Split
|move|p1a: Slowbro|Slack Off|p1a: Slowbro
|-heal|p1a: Slowbro|394\/394 brn
|
|-weather|Sandstorm|[upkeep]
|-damage|p2a: Rotom-Wash|198\/304 tox|[from] sandstorm
|-damage|p1a: Slowbro|370\/394 brn|[from] sandstorm
|-heal|p2a: Rotom-Wash|217\/304 tox|[from] item: Leftovers
|-heal|p1a: Slowbro|394\/394 brn|[from] item: Leftovers
|-damage|p2a: Rotom-Wash|179\/304 tox|[from] psn
|-damage|p1a: Slowbro|345\/394 brn|[from] brn
|turn|24
|
|move|p2a: Rotom-Wash|Volt Switch|p1a: Slowbro
|-supereffective|p1a: Slowbro
|-damage|p1a: Slowbro|157\/394 brn
|
|switch|p2a: Greninja|Greninja, F|257\/285
|-damage|p2a: Greninja|222\/285|[from] Stealth Rock
|move|p1a: Slowbro|Slack Off|p1a: Slowbro
|-heal|p1a: Slowbro|354\/394 brn
|
|-weather|Sandstorm|[upkeep]
|-damage|p2a: Greninja|205\/285|[from] sandstorm
|-damage|p1a: Slowbro|330\/394 brn|[from] sandstorm
|-heal|p1a: Slowbro|354\/394 brn|[from] item: Leftovers
|-damage|p1a: Slowbro|305\/394 brn|[from] brn
|turn|25
|
|move|p2a: Greninja|Dark Pulse|p1a: Slowbro
|-start|p2a: Greninja|typechange|Dark|[from] Protean
|-supereffective|p1a: Slowbro
|-damage|p1a: Slowbro|0 fnt
|-damage|p2a: Greninja|177\/285|[from] item: Life Orb
|faint|p1a: Slowbro
|
|-weather|Sandstorm|[upkeep]
|-damage|p2a: Greninja|160\/285|[from] sandstorm
|
|switch|p1a: Terrakion|Terrakion|324\/324
|-damage|p1a: Terrakion|304\/324|[from] Stealth Rock
|turn|26
|
|switch|p2a: Sableye|Sableye, F|304\/304
|-damage|p2a: Sableye|266\/304|[from] Stealth Rock
|move|p1a: Terrakion|Close Combat|p2a: Sableye
|-immune|p2a: Sableye|[msg]
|
|-weather|none
|turn|27
|
|switch|p1a: Heatran|Heatran, F|87\/385
|-damage|p1a: Heatran|39\/385|[from] Stealth Rock
|move|p2a: Sableye|Taunt|p1a: Heatran
|-start|p1a: Heatran|move: Taunt
|
|-heal|p1a: Heatran|63\/385|[from] item: Leftovers
|turn|28
|
|detailschange|p2a: Sableye|Sableye-Mega, F
|message|Sableye has Mega Evolved into Mega Sableye!
|move|p1a: Heatran|Lava Plume|p2a: Sableye
|-damage|p2a: Sableye|166\/304
|-status|p2a: Sableye|brn
|move|p2a: Sableye|Knock Off|p1a: Heatran
|-damage|p1a: Heatran|14\/385
|-enditem|p1a: Heatran|Leftovers|[from] move: Knock Off|[of] p2a: Sableye
|
|-damage|p2a: Sableye|128\/304 brn|[from] brn
|turn|29
|
|move|p1a: Heatran|Lava Plume|p2a: Sableye
|-damage|p2a: Sableye|31\/304 brn
|move|p2a: Sableye|Knock Off|p1a: Heatran
|-damage|p1a: Heatran|0 fnt
|faint|p1a: Heatran
|
|-damage|p2a: Sableye|0 fnt|[from] brn
|faint|p2a: Sableye
|
|switch|p2a: Landorus-Therian|Landorus-Therian, M|295\/382
|switch|p1a: Scizor|Scizor, M|290\/342
|-damage|p2a: Landorus-Therian|248\/382|[from] Stealth Rock
|-ability|p2a: Landorus-Therian|Intimidate|[of] p1a: Scizor
|-unboost|p1a: Scizor|atk|1
|-damage|p1a: Scizor|248\/342|[from] Stealth Rock
|turn|30
|
|move|p2a: Landorus-Therian|Earthquake|p1a: Scizor
|-damage|p1a: Scizor|127\/342
|move|p1a: Scizor|Knock Off|p2a: Landorus-Therian
|-damage|p2a: Landorus-Therian|216\/382
|
|turn|31
|
|move|p2a: Landorus-Therian|Earthquake|p1a: Scizor
|-damage|p1a: Scizor|4\/342
|move|p1a: Scizor|Roost|p1a: Scizor
|-heal|p1a: Scizor|175\/342
|
|turn|32
|
|move|p2a: Landorus-Therian|U-turn|p1a: Scizor
|-resisted|p1a: Scizor
|-damage|p1a: Scizor|146\/342
|
|switch|p2a: Rotom-Wash|Rotom-Wash|179\/304 tox
|-damage|p2a: Rotom-Wash|141\/304 tox|[from] Stealth Rock
|move|p1a: Scizor|Roost|p1a: Scizor
|-heal|p1a: Scizor|317\/342
|
|-heal|p2a: Rotom-Wash|160\/304 tox|[from] item: Leftovers
|-damage|p2a: Rotom-Wash|141\/304 tox|[from] psn
|turn|33
|
|move|p2a: Rotom-Wash|Pain Split|p1a: Scizor
|-sethp|p1a: Scizor|229\/342|p2a: Rotom-Wash|229\/304 tox|[from] move: Pain Split
|move|p1a: Scizor|Knock Off|p2a: Rotom-Wash
|-damage|p2a: Rotom-Wash|167\/304 tox
|-enditem|p2a: Rotom-Wash|Leftovers|[from] move: Knock Off|[of] p1a: Scizor
|
|-damage|p2a: Rotom-Wash|129\/304 tox|[from] psn
|turn|34
|
|switch|p1a: Clefable|Clefable, F|344\/394
|move|p2a: Rotom-Wash|Will-O-Wisp|p1a: Clefable|[miss]
|-miss|p2a: Rotom-Wash|p1a: Clefable
|
|-heal|p1a: Clefable|368\/394|[from] item: Leftovers
|-damage|p2a: Rotom-Wash|72\/304 tox|[from] psn
|turn|35
|
|move|p2a: Rotom-Wash|Pain Split|p1a: Clefable
|-sethp|p1a: Clefable|220\/394|p2a: Rotom-Wash|220\/304 tox|[from] move: Pain Split
|move|p1a: Clefable|Flamethrower|p2a: Rotom-Wash
|-resisted|p2a: Rotom-Wash
|-damage|p2a: Rotom-Wash|196\/304 tox
|
|-heal|p1a: Clefable|244\/394|[from] item: Leftovers
|-damage|p2a: Rotom-Wash|120\/304 tox|[from] psn
|turn|36
|
|move|p2a: Rotom-Wash|Volt Switch|p1a: Clefable
|-damage|p1a: Clefable|171\/394
|
|switch|p2a: Landorus-Therian|Landorus-Therian, M|216\/382
|-damage|p2a: Landorus-Therian|169\/382|[from] Stealth Rock
|-ability|p2a: Landorus-Therian|Intimidate|[of] p1a: Clefable
|-unboost|p1a: Clefable|atk|1
|move|p1a: Clefable|Flamethrower|p2a: Landorus-Therian
|-damage|p2a: Landorus-Therian|87\/382
|
|-heal|p1a: Clefable|195\/394|[from] item: Leftovers
|turn|37
|
|switch|p1a: Latios|Latios, M|302\/302
|-damage|p1a: Latios|265\/302|[from] Stealth Rock
|move|p2a: Landorus-Therian|Knock Off|p1a: Latios
|-supereffective|p1a: Latios
|-damage|p1a: Latios|0 fnt
|-enditem|p1a: Latios|Choice Scarf|[from] move: Knock Off|[of] p2a: Landorus-Therian
|faint|p1a: Latios
|
|c|âRapidashite|shut the fuck up
|
|switch|p1a: Clefable|Clefable, F|195\/394
|turn|38
|
|move|p2a: Landorus-Therian|Earthquake|p1a: Clefable
|-damage|p1a: Clefable|21\/394
|move|p1a: Clefable|Soft-Boiled|p1a: Clefable
|-heal|p1a: Clefable|218\/394
|
|-heal|p1a: Clefable|242\/394|[from] item: Leftovers
|turn|39
|
|move|p2a: Landorus-Therian|Earthquake|p1a: Clefable
|-damage|p1a: Clefable|65\/394
|move|p1a: Clefable|Flamethrower|p2a: Landorus-Therian
|-crit|p2a: Landorus-Therian
|-damage|p2a: Landorus-Therian|0 fnt
|faint|p2a: Landorus-Therian
|
|-heal|p1a: Clefable|89\/394|[from] item: Leftovers
|
|switch|p2a: Excadrill|Excadrill, F|362\/362
|-damage|p2a: Excadrill|351\/362|[from] Stealth Rock
|-item|p2a: Excadrill|Air Balloon
|turn|40
|
|move|p2a: Excadrill|Earthquake|p1a: Clefable
|-damage|p1a: Clefable|0 fnt
|faint|p1a: Clefable
|
|
|switch|p1a: Scizor|Scizor, M|229\/342
|-damage|p1a: Scizor|187\/342|[from] Stealth Rock
|turn|41
|
|move|p2a: Excadrill|Earthquake|p1a: Scizor
|-damage|p1a: Scizor|66\/342
|move|p1a: Scizor|Roost|p1a: Scizor
|-heal|p1a: Scizor|237\/342
|
|turn|42
|
|switch|p2a: Tyranitar|Tyranitar, F|353\/403
|-damage|p2a: Tyranitar|303\/403|[from] Stealth Rock
|-weather|Sandstorm
|move|p1a: Scizor|Swords Dance|p1a: Scizor
|-boost|p1a: Scizor|atk|2
|
|-weather|Sandstorm|[upkeep]
|turn|43
|
|move|p1a: Scizor|Bullet Punch|p2a: Tyranitar
|-supereffective|p2a: Tyranitar
|-damage|p2a: Tyranitar|45\/403
|move|p2a: Tyranitar|Fire Blast|p1a: Scizor|[miss]
|-miss|p2a: Tyranitar|p1a: Scizor
|
|-weather|Sandstorm|[upkeep]
|turn|44
|
|move|p1a: Scizor|Bullet Punch|p2a: Tyranitar
|-crit|p2a: Tyranitar
|-supereffective|p2a: Tyranitar
|-damage|p2a: Tyranitar|0 fnt
|faint|p2a: Tyranitar
|
|-weather|Sandstorm|[upkeep]
|
|switch|p2a: Rotom-Wash|Rotom-Wash|120\/304 tox
|-damage|p2a: Rotom-Wash|82\/304 tox|[from] Stealth Rock
|turn|45
|
|move|p2a: Rotom-Wash|Will-O-Wisp|p1a: Scizor|[miss]
|-miss|p2a: Rotom-Wash|p1a: Scizor
|move|p1a: Scizor|Knock Off|p2a: Rotom-Wash
|-damage|p2a: Rotom-Wash|0 fnt
|faint|p2a: Rotom-Wash
|
|-weather|Sandstorm|[upkeep]
|c|âRapidashite|sit the fuck down
|
|switch|p2a: Greninja|Greninja, F|160\/285
|-damage|p2a: Greninja|125\/285|[from] Stealth Rock
|turn|46
|
|move|p1a: Scizor|Bullet Punch|p2a: Greninja
|-resisted|p2a: Greninja
|-damage|p2a: Greninja|0 fnt
|faint|p2a: Greninja
|
|-weather|Sandstorm|[upkeep]
|c|âPashkuale|how good you are :)
|
|switch|p2a: Excadrill|Excadrill, F|351\/362
|-damage|p2a: Excadrill|340\/362|[from] Stealth Rock
|-item|p2a: Excadrill|Air Balloon
|turn|47
|c|âRapidashite|rekt
|c|âRapidashite|easy
|c|âRapidashite|ez
|c|âRapidashite|2ez
|
|move|p2a: Excadrill|Earthquake|p1a: Scizor
|-damage|p1a: Scizor|104\/342
|move|p1a: Scizor|Swords Dance|p1a: Scizor
|-boost|p1a: Scizor|atk|2
|
|-weather|Sandstorm|[upkeep]
|turn|48
|
|move|p1a: Scizor|Bullet Punch|p2a: Excadrill
|-resisted|p2a: Excadrill
|-damage|p2a: Excadrill|149\/362
|-enditem|p2a: Excadrill|Air Balloon
|move|p2a: Excadrill|Earthquake|p1a: Scizor
|-damage|p1a: Scizor|0 fnt
|faint|p1a: Scizor
|
|-weather|Sandstorm|[upkeep]
|
|switch|p1a: Terrakion|Terrakion|304\/324
|-damage|p1a: Terrakion|284\/324|[from] Stealth Rock
|turn|49
|
|move|p2a: Excadrill|Earthquake|p1a: Terrakion
|-supereffective|p1a: Terrakion
|-damage|p1a: Terrakion|0 fnt
|faint|p1a: Terrakion
|
|win|Pashkuale
|raw|Ladder updating...
|c|âPashkuale|kiss my ass
|raw|Rapidashite's rating: 1311 &rarr; <strong>1295<\/strong><br \/>(-16 for losing)
|raw|Pashkuale's rating: 1377 &rarr; <strong>1393<\/strong><br \/>(+16 for winning)
|leave|Rapidashite
|player|p1