|join|Rapidashite
|join|mexicanbutterfly23
|player|p1|Rapidashite|154
|player|p2|mexicanbutterfly23|212
|gametype|singles
|gen|6
|tier|OU
|rated
|clearpoke
|poke|p1|Terrakion
|poke|p1|Latios, M
|poke|p1|Heatran, F
|poke|p1|Scizor, M
|poke|p1|Clefable, F
|poke|p1|Slowbro, F
|poke|p2|Altaria, F
|poke|p2|Greninja, F
|poke|p2|Tyranitar, F
|poke|p2|Excadrill, F
|poke|p2|Rotom-Wash
|poke|p2|Talonflame, F
|rule|Swagger Clause: Swagger is banned
|rule|Baton Pass Clause: Limit one PokÃ©mon knowing Baton Pass
|rule|Sleep Clause Mod: Limit one foe put to sleep
|rule|Species Clause: Limit one of each PokÃ©mon
|rule|OHKO Clause: OHKO moves are banned
|rule|Moody Clause: Moody is banned
|rule|Evasion Moves Clause: Evasion moves are banned
|rule|Endless Battle Clause: Forcing endless battles is banned
|rule|HP Percentage Mod: HP is shown in percentages
|teampreview
|
|start
|switch|p1a: Terrakion|Terrakion|324\/324
|switch|p2a: Rotom-Wash|Rotom-Wash|304\/304
|turn|1
|
|switch|p1a: Heatran|Heatran, F|385\/385
|move|p2a: Rotom-Wash|Volt Switch|p1a: Heatran
|-damage|p1a: Heatran|319\/385
|
|switch|p2a: Tyranitar|Tyranitar, F|350\/350
|-weather|Sandstorm
|
|-weather|Sandstorm|[upkeep]
|-heal|p1a: Heatran|343\/385|[from] item: Leftovers
|turn|2
|
|switch|p1a: Scizor|Scizor, M|342\/342
|move|p2a: Tyranitar|Earthquake|p1a: Scizor
|-damage|p1a: Scizor|242\/342
|
|-weather|Sandstorm|[upkeep]
|turn|3
|
|switch|p2a: Rotom-Wash|Rotom-Wash|304\/304
|switch|p1a: Slowbro|Slowbro, F|394\/394
|
|-weather|Sandstorm|[upkeep]
|-damage|p2a: Rotom-Wash|285\/304|[from] sandstorm
|-damage|p1a: Slowbro|370\/394|[from] sandstorm
|-heal|p2a: Rotom-Wash|304\/304|[from] item: Leftovers
|-heal|p1a: Slowbro|394\/394|[from] item: Leftovers
|turn|4
|
|move|p2a: Rotom-Wash|Volt Switch|p1a: Slowbro
|-supereffective|p1a: Slowbro
|-damage|p1a: Slowbro|196\/394
|
|switch|p2a: Altaria|Altaria, F|315\/315
|move|p1a: Slowbro|Slack Off|p1a: Slowbro
|-heal|p1a: Slowbro|393\/394
|
|-weather|Sandstorm|[upkeep]
|-damage|p2a: Altaria|296\/315|[from] sandstorm
|-damage|p1a: Slowbro|369\/394|[from] sandstorm
|-heal|p1a: Slowbro|393\/394|[from] item: Leftovers
|turn|5
|
|switch|p2a: Rotom-Wash|Rotom-Wash|304\/304
|move|p1a: Slowbro|Thunder Wave|p2a: Rotom-Wash
|-fail|p2a: Rotom-Wash
|
|-weather|Sandstorm|[upkeep]
|-damage|p2a: Rotom-Wash|285\/304|[from] sandstorm
|-damage|p1a: Slowbro|369\/394|[from] sandstorm
|-heal|p2a: Rotom-Wash|304\/304|[from] item: Leftovers
|-heal|p1a: Slowbro|393\/394|[from] item: Leftovers
|turn|6
|
|move|p2a: Rotom-Wash|Will-O-Wisp|p1a: Slowbro
|-status|p1a: Slowbro|brn
|move|p1a: Slowbro|Slack Off|p1a: Slowbro
|-heal|p1a: Slowbro|394\/394 brn
|
|-weather|Sandstorm|[upkeep]
|-damage|p2a: Rotom-Wash|285\/304|[from] sandstorm
|-damage|p1a: Slowbro|370\/394 brn|[from] sandstorm
|-heal|p2a: Rotom-Wash|304\/304|[from] item: Leftovers
|-heal|p1a: Slowbro|394\/394 brn|[from] item: Leftovers
|-damage|p1a: Slowbro|345\/394 brn|[from] brn
|turn|7
|
|move|p2a: Rotom-Wash|Volt Switch|p1a: Slowbro
|-supereffective|p1a: Slowbro
|-damage|p1a: Slowbro|153\/394 brn
|
|switch|p2a: Greninja|Greninja, F|285\/285
|move|p1a: Slowbro|Slack Off|p1a: Slowbro
|-heal|p1a: Slowbro|350\/394 brn
|
|-weather|Sandstorm|[upkeep]
|-damage|p2a: Greninja|268\/285|[from] sandstorm
|-damage|p1a: Slowbro|326\/394 brn|[from] sandstorm
|-heal|p1a: Slowbro|350\/394 brn|[from] item: Leftovers
|-damage|p1a: Slowbro|301\/394 brn|[from] brn
|turn|8
|
|switch|p1a: Clefable|Clefable, F|394\/394
|move|p2a: Greninja|Dark Pulse|p1a: Clefable
|-start|p2a: Greninja|typechange|Dark|[from] Protean
|-resisted|p1a: Clefable
|-damage|p1a: Clefable|324\/394
|-damage|p2a: Greninja|240\/285|[from] item: Life Orb
|
|-weather|none
|-heal|p1a: Clefable|348\/394|[from] item: Leftovers
|turn|9
|
|switch|p1a: Scizor|Scizor, M|242\/342
|move|p2a: Greninja|Gunk Shot|p1a: Scizor
|-start|p2a: Greninja|typechange|Poison|[from] Protean
|-immune|p1a: Scizor|[msg]
|
|turn|10
|
|switch|p2a: Rotom-Wash|Rotom-Wash|304\/304
|move|p1a: Scizor|Knock Off|p2a: Rotom-Wash
|-damage|p2a: Rotom-Wash|240\/304
|-enditem|p2a: Rotom-Wash|Leftovers|[from] move: Knock Off|[of] p1a: Scizor
|
|turn|11
|
|switch|p1a: Heatran|Heatran, F|343\/385
|move|p2a: Rotom-Wash|Volt Switch|p1a: Heatran
|-damage|p1a: Heatran|277\/385
|
|switch|p2a: Tyranitar|Tyranitar, F|350\/350
|-weather|Sandstorm
|
|-weather|Sandstorm|[upkeep]
|-heal|p1a: Heatran|301\/385|[from] item: Leftovers
|turn|12
|
|move|p2a: Tyranitar|Stealth Rock|p1a: Heatran
|-sidestart|p1: Rapidashite|move: Stealth Rock
|move|p1a: Heatran|Stealth Rock|p2a: Tyranitar
|-sidestart|p2: mexicanbutterfly23|move: Stealth Rock
|
|-weather|Sandstorm|[upkeep]
|-heal|p1a: Heatran|325\/385|[from] item: Leftovers
|turn|13
|
|switch|p2a: Rotom-Wash|Rotom-Wash|240\/304
|-damage|p2a: Rotom-Wash|202\/304|[from] Stealth Rock
|move|p1a: Heatran|Protect|p1a: Heatran
|-fail|p1a: Heatran
|
|-weather|Sandstorm|[upkeep]
|-damage|p2a: Rotom-Wash|183\/304|[from] sandstorm
|-heal|p1a: Heatran|349\/385|[from] item: Leftovers
|turn|14
|
|move|p2a: Rotom-Wash|Pain Split|p1a: Heatran
|-sethp|p1a: Heatran|266\/385|p2a: Rotom-Wash|266\/304|[from] move: Pain Split
|move|p1a: Heatran|Lava Plume|p2a: Rotom-Wash
|-resisted|p2a: Rotom-Wash
|-damage|p2a: Rotom-Wash|208\/304
|
|-weather|Sandstorm|[upkeep]
|-damage|p2a: Rotom-Wash|189\/304|[from] sandstorm
|-heal|p1a: Heatran|290\/385|[from] item: Leftovers
|turn|15
|
|move|p1a: Heatran|Protect|p1a: Heatran
|-singleturn|p1a: Heatran|Protect
|move|p2a: Rotom-Wash|Hydro Pump|p1a: Heatran
|-activate|p1a: Heatran|Protect
|
|-weather|Sandstorm|[upkeep]
|-damage|p2a: Rotom-Wash|170\/304|[from] sandstorm
|-heal|p1a: Heatran|314\/385|[from] item: Leftovers
|turn|16
|
|move|p2a: Rotom-Wash|Hydro Pump|p1a: Heatran
|-supereffective|p1a: Heatran
|-damage|p1a: Heatran|138\/385
|move|p1a: Heatran|Toxic|p2a: Rotom-Wash
|-status|p2a: Rotom-Wash|tox
|
|-weather|Sandstorm|[upkeep]
|-damage|p2a: Rotom-Wash|151\/304 tox|[from] sandstorm
|-heal|p1a: Heatran|162\/385|[from] item: Leftovers
|-damage|p2a: Rotom-Wash|132\/304 tox|[from] psn
|turn|17
|
|move|p1a: Heatran|Protect|p1a: Heatran
|-singleturn|p1a: Heatran|Protect
|move|p2a: Rotom-Wash|Hydro Pump|p1a: Heatran
|-activate|p1a: Heatran|Protect
|
|-weather|Sandstorm|[upkeep]
|-damage|p2a: Rotom-Wash|113\/304 tox|[from] sandstorm
|-heal|p1a: Heatran|186\/385|[from] item: Leftovers
|-damage|p2a: Rotom-Wash|75\/304 tox|[from] psn
|turn|18
|
|move|p2a: Rotom-Wash|Volt Switch|p1a: Heatran
|-damage|p1a: Heatran|126\/385
|
|switch|p2a: Tyranitar|Tyranitar, F|350\/350
|-damage|p2a: Tyranitar|307\/350|[from] Stealth Rock
|move|p1a: Heatran|Lava Plume|p2a: Tyranitar
|-resisted|p2a: Tyranitar
|-damage|p2a: Tyranitar|265\/350
|
|-weather|none
|-heal|p1a: Heatran|150\/385|[from] item: Leftovers
|turn|19
|
|move|p1a: Heatran|Protect|p1a: Heatran
|-singleturn|p1a: Heatran|Protect
|move|p2a: Tyranitar|Earthquake|p1a: Heatran
|-activate|p1a: Heatran|Protect
|
|-heal|p1a: Heatran|174\/385|[from] item: Leftovers
|turn|20
|
|switch|p1a: Terrakion|Terrakion|324\/324
|-damage|p1a: Terrakion|304\/324|[from] Stealth Rock
|move|p2a: Tyranitar|Earthquake|p1a: Terrakion
|-supereffective|p1a: Terrakion
|-damage|p1a: Terrakion|4\/324
|
|turn|21
|
|switch|p2a: Rotom-Wash|Rotom-Wash|75\/304 tox
|-damage|p2a: Rotom-Wash|37\/304 tox|[from] Stealth Rock
|move|p1a: Terrakion|Close Combat|p2a: Rotom-Wash
|-damage|p2a: Rotom-Wash|0 fnt
|-unboost|p1a: Terrakion|def|1
|-unboost|p1a: Terrakion|spd|1
|faint|p2a: Rotom-Wash
|
|
|switch|p2a: Altaria|Altaria, F|296\/315
|-damage|p2a: Altaria|218\/315|[from] Stealth Rock
|turn|22
|
|detailschange|p2a: Altaria|Altaria-Mega, F
|message|Altaria has Mega Evolved into Mega Altaria!
|move|p1a: Terrakion|Close Combat|p2a: Altaria
|-resisted|p2a: Altaria
|-damage|p2a: Altaria|123\/315
|-unboost|p1a: Terrakion|def|1
|-unboost|p1a: Terrakion|spd|1
|move|p2a: Altaria|Hyper Voice|p1a: Terrakion
|-supereffective|p1a: Terrakion
|-damage|p1a: Terrakion|0 fnt
|faint|p1a: Terrakion
|
|
|switch|p1a: Scizor|Scizor, M|242\/342
|-damage|p1a: Scizor|200\/342|[from] Stealth Rock
|turn|23
|
|move|p2a: Altaria|Fire Blast|p1a: Scizor
|-supereffective|p1a: Scizor
|-damage|p1a: Scizor|0 fnt
|faint|p1a: Scizor
|
|
|switch|p1a: Latios|Latios, M|302\/302
|-damage|p1a: Latios|265\/302|[from] Stealth Rock
|turn|24
|
|switch|p2a: Tyranitar|Tyranitar, F|265\/350
|-damage|p2a: Tyranitar|222\/350|[from] Stealth Rock
|-weather|Sandstorm
|move|p1a: Latios|Draco Meteor|p2a: Tyranitar
|-damage|p2a: Tyranitar|60\/350
|-unboost|p1a: Latios|spa|2
|
|-weather|Sandstorm|[upkeep]
|-damage|p1a: Latios|247\/302|[from] sandstorm
|turn|25
|
|move|p1a: Latios|Draco Meteor|p2a: Tyranitar
|-damage|p2a: Tyranitar|0 fnt
|-unboost|p1a: Latios|spa|2
|faint|p2a: Tyranitar
|
|-weather|Sandstorm|[upkeep]
|-damage|p1a: Latios|229\/302|[from] sandstorm
|
|switch|p2a: Altaria|Altaria-Mega, F|123\/315
|-damage|p2a: Altaria|84\/315|[from] Stealth Rock
|turn|26
|
|switch|p1a: Heatran|Heatran, F|174\/385
|-damage|p1a: Heatran|126\/385|[from] Stealth Rock
|move|p2a: Altaria|Roost|p2a: Altaria
|-heal|p2a: Altaria|242\/315
|
|-weather|Sandstorm|[upkeep]
|-damage|p2a: Altaria|223\/315|[from] sandstorm
|-heal|p1a: Heatran|150\/385|[from] item: Leftovers
|turn|27
|
|move|p1a: Heatran|Protect|p1a: Heatran
|-singleturn|p1a: Heatran|Protect
|move|p2a: Altaria|Earthquake|p1a: Heatran
|-activate|p1a: Heatran|Protect
|
|-weather|Sandstorm|[upkeep]
|-damage|p2a: Altaria|204\/315|[from] sandstorm
|-heal|p1a: Heatran|174\/385|[from] item: Leftovers
|turn|28
|
|move|p2a: Altaria|Earthquake|p1a: Heatran
|-supereffective|p1a: Heatran
|-damage|p1a: Heatran|0 fnt
|faint|p1a: Heatran
|
|-weather|Sandstorm|[upkeep]
|-damage|p2a: Altaria|185\/315|[from] sandstorm
|
|switch|p1a: Slowbro|Slowbro, F|394\/394 brn
|-damage|p1a: Slowbro|345\/394 brn|[from] Stealth Rock
|turn|29
|
|switch|p2a: Greninja|Greninja, F|240\/285
|-damage|p2a: Greninja|205\/285|[from] Stealth Rock
|move|p1a: Slowbro|Thunder Wave|p2a: Greninja
|-status|p2a: Greninja|par
|
|-weather|Sandstorm|[upkeep]
|-damage|p1a: Slowbro|321\/394 brn|[from] sandstorm
|-damage|p2a: Greninja|188\/285 par|[from] sandstorm
|-heal|p1a: Slowbro|345\/394 brn|[from] item: Leftovers
|-damage|p1a: Slowbro|296\/394 brn|[from] brn
|turn|30
|
|switch|p1a: Clefable|Clefable, F|348\/394
|move|p2a: Greninja|Gunk Shot|p1a: Clefable
|-start|p2a: Greninja|typechange|Poison|[from] Protean
|-crit|p1a: Clefable
|-supereffective|p1a: Clefable
|-damage|p1a: Clefable|0 fnt
|-damage|p2a: Greninja|160\/285 par|[from] item: Life Orb
|faint|p1a: Clefable
|
|-weather|Sandstorm|[upkeep]
|-damage|p2a: Greninja|143\/285 par|[from] sandstorm
|
|switch|p1a: Latios|Latios, M|229\/302
|-damage|p1a: Latios|192\/302|[from] Stealth Rock
|turn|31
|
|switch|p2a: Excadrill|Excadrill, F|362\/362
|-damage|p2a: Excadrill|351\/362|[from] Stealth Rock
|-item|p2a: Excadrill|Air Balloon
|move|p1a: Latios|Psyshock|p2a: Excadrill
|-resisted|p2a: Excadrill
|-damage|p2a: Excadrill|242\/362
|-enditem|p2a: Excadrill|Air Balloon
|
|-weather|none
|turn|32
|
|switch|p1a: Slowbro|Slowbro, F|394\/394 brn
|-damage|p1a: Slowbro|345\/394 brn|[from] Stealth Rock
|move|p2a: Excadrill|Rapid Spin|p1a: Slowbro
|-damage|p1a: Slowbro|327\/394 brn
|-sideend|p2: mexicanbutterfly23|Stealth Rock|[from] move: Rapid Spin|[of] p2a: Excadrill
|
|-heal|p1a: Slowbro|351\/394 brn|[from] item: Leftovers
|-damage|p1a: Slowbro|302\/394 brn|[from] brn
|turn|33
|
|move|p2a: Excadrill|Earthquake|p1a: Slowbro
|-damage|p1a: Slowbro|172\/394 brn
|move|p1a: Slowbro|Scald|p2a: Excadrill
|-supereffective|p2a: Excadrill
|-damage|p2a: Excadrill|0 fnt
|faint|p2a: Excadrill
|
|-heal|p1a: Slowbro|196\/394 brn|[from] item: Leftovers
|-damage|p1a: Slowbro|147\/394 brn|[from] brn
|
|switch|p2a: Altaria|Altaria-Mega, F|185\/315
|turn|34
|
|move|p2a: Altaria|Hyper Voice|p1a: Slowbro
|-damage|p1a: Slowbro|0 fnt
|faint|p1a: Slowbro
|
|
|switch|p1a: Latios|Latios, M|192\/302
|-damage|p1a: Latios|155\/302|[from] Stealth Rock
|turn|35
|
|move|p1a: Latios|Trick|p2a: Altaria
|-fail|p2a: Altaria
|move|p2a: Altaria|Hyper Voice|p1a: Latios
|-supereffective|p1a: Latios
|-damage|p1a: Latios|0 fnt
|faint|p1a: Latios
|
|win|mexicanbutterfly23
|raw|Ladder updating...
|leave|Rapidashite
|player|p1
|raw|Rapidashite's rating: 1413 &rarr; <strong>1391<\/strong><br \/>(-22 for losing)
|raw|mexicanbutterfly23's rating: 1385 &rarr; <strong>1407<\/strong><br \/>(+22 for winning)