|join|Big Andrew
|join|Rapidashite
|player|p1|Big Andrew|169
|player|p2|Rapidashite|154
|gametype|singles
|gen|6
|tier|OU
|rated
|clearpoke
|poke|p1|Heatran, M
|poke|p1|Skarmory, M
|poke|p1|Chansey, F
|poke|p1|Tentacruel, M
|poke|p1|Amoonguss, M
|poke|p1|Sableye, F
|poke|p2|Slowbro, F
|poke|p2|Latios, M
|poke|p2|Heatran, F
|poke|p2|Scizor, M
|poke|p2|Clefable, F
|poke|p2|Salamence, M
|rule|Swagger Clause: Swagger is banned
|rule|Baton Pass Clause: Limit one PokÃ©mon knowing Baton Pass
|rule|Sleep Clause Mod: Limit one foe put to sleep
|rule|Species Clause: Limit one of each PokÃ©mon
|rule|OHKO Clause: OHKO moves are banned
|rule|Moody Clause: Moody is banned
|rule|Evasion Moves Clause: Evasion moves are banned
|rule|Endless Battle Clause: Forcing endless battles is banned
|rule|HP Percentage Mod: HP is shown in percentages
|teampreview
|
|start
|switch|p1a: Heatran|Heatran, M|385\/385
|switch|p2a: Latios|Latios, M|302\/302
|turn|1
|
|move|p2a: Latios|Trick|p1a: Heatran
|-activate|p2a: Latios|move: Trick|[of] p1a: Heatran
|-item|p1a: Heatran|Choice Scarf|[from] move: Trick
|-item|p2a: Latios|Leftovers|[from] move: Trick
|move|p1a: Heatran|Taunt|p2a: Latios
|-start|p2a: Latios|move: Taunt
|
|turn|2
|
|switch|p2a: Heatran|Heatran, F|385\/385
|switch|p1a: Skarmory|Skarmory, M|334\/334
|
|turn|3
|
|switch|p1a: Heatran|Heatran, M|385\/385
|move|p2a: Heatran|Stealth Rock|p1a: Heatran
|-sidestart|p1: Big Andrew|move: Stealth Rock
|
|turn|4
|join|Pitchinace04
|
|switch|p2a: Scizor|Scizor, M|342\/342
|move|p1a: Heatran|Taunt|p2a: Scizor
|-start|p2a: Scizor|move: Taunt
|
|turn|5
|
|switch|p1a: Tentacruel|Tentacruel, M|364\/364
|-damage|p1a: Tentacruel|319\/364|[from] Stealth Rock
|switch|p2a: Salamence|Salamence, M|331\/331
|-ability|p2a: Salamence|Intimidate|[of] p1a: Tentacruel
|-unboost|p1a: Tentacruel|atk|1
|
|-heal|p1a: Tentacruel|341\/364|[from] item: Black Sludge
|turn|6
|
|detailschange|p2a: Salamence|Salamence-Mega, M
|message|Salamence has Mega Evolved into Mega Salamence!
|move|p2a: Salamence|Substitute|p2a: Salamence
|-start|p2a: Salamence|Substitute
|-damage|p2a: Salamence|249\/331
|move|p1a: Tentacruel|Ice Beam|p2a: Salamence
|-crit|p2a: Salamence
|-supereffective|p2a: Salamence
|-end|p2a: Salamence|Substitute
|
|-heal|p1a: Tentacruel|363\/364|[from] item: Black Sludge
|turn|7
|
|switch|p2a: Heatran|Heatran, F|385\/385
|move|p1a: Tentacruel|Ice Beam|p2a: Heatran
|-resisted|p2a: Heatran
|-damage|p2a: Heatran|376\/385
|
|-heal|p1a: Tentacruel|364\/364|[from] item: Black Sludge
|-heal|p2a: Heatran|385\/385|[from] item: Leftovers
|turn|8
|
|move|p1a: Tentacruel|Rapid Spin|p2a: Heatran
|-resisted|p2a: Heatran
|-damage|p2a: Heatran|382\/385
|-sideend|p1: Big Andrew|Stealth Rock|[from] move: Rapid Spin|[of] p1a: Tentacruel
|move|p2a: Heatran|Lava Plume|p1a: Tentacruel
|-resisted|p1a: Tentacruel
|-damage|p1a: Tentacruel|310\/364
|-status|p1a: Tentacruel|brn
|
|-heal|p1a: Tentacruel|332\/364 brn|[from] item: Black Sludge
|-heal|p2a: Heatran|385\/385|[from] item: Leftovers
|-damage|p1a: Tentacruel|287\/364 brn|[from] brn
|turn|9
|
|move|p1a: Tentacruel|Scald|p2a: Heatran
|-supereffective|p2a: Heatran
|-damage|p2a: Heatran|277\/385
|move|p2a: Heatran|Stealth Rock|p1a: Tentacruel
|-sidestart|p1: Big Andrew|move: Stealth Rock
|
|-heal|p1a: Tentacruel|309\/364 brn|[from] item: Black Sludge
|-heal|p2a: Heatran|301\/385|[from] item: Leftovers
|-damage|p1a: Tentacruel|264\/364 brn|[from] brn
|turn|10
|
|move|p2a: Heatran|Protect|p2a: Heatran
|-singleturn|p2a: Heatran|Protect
|move|p1a: Tentacruel|Rapid Spin|p2a: Heatran
|-activate|p2a: Heatran|Protect
|
|-heal|p1a: Tentacruel|286\/364 brn|[from] item: Black Sludge
|-heal|p2a: Heatran|325\/385|[from] item: Leftovers
|-damage|p1a: Tentacruel|241\/364 brn|[from] brn
|turn|11
|
|switch|p1a: Heatran|Heatran, M|385\/385
|-damage|p1a: Heatran|337\/385|[from] Stealth Rock
|move|p2a: Heatran|Stealth Rock|p1a: Heatran
|-fail|p1a: Heatran
|
|-heal|p2a: Heatran|349\/385|[from] item: Leftovers
|turn|12
|
|switch|p2a: Salamence|Salamence-Mega, M|249\/331
|move|p1a: Heatran|Lava Plume|p2a: Salamence
|-resisted|p2a: Salamence
|-damage|p2a: Salamence|187\/331
|-status|p2a: Salamence|brn
|
|-damage|p2a: Salamence|146\/331 brn|[from] brn
|turn|13
|c|âRapidashite|wow
|c|âRapidashite|wreckless as fuck
|c|âBig Andrew|ikr
|
|switch|p1a: Skarmory|Skarmory, M|334\/334
|-damage|p1a: Skarmory|293\/334|[from] Stealth Rock
|move|p2a: Salamence|Dragon Dance|p2a: Salamence
|-boost|p2a: Salamence|atk|1
|-boost|p2a: Salamence|spe|1
|
|-damage|p2a: Salamence|105\/331 brn|[from] brn
|turn|14
|
|move|p2a: Salamence|Roost|p2a: Salamence
|-heal|p2a: Salamence|271\/331 brn
|move|p1a: Skarmory|Stealth Rock|p2a: Salamence
|-sidestart|p2: Rapidashite|move: Stealth Rock
|
|-damage|p2a: Salamence|230\/331 brn|[from] brn
|turn|15
|
|move|p2a: Salamence|Return|p1a: Skarmory
|-resisted|p1a: Skarmory
|-damage|p1a: Skarmory|236\/334
|move|p1a: Skarmory|Roost|p1a: Skarmory
|-heal|p1a: Skarmory|334\/334
|
|-damage|p2a: Salamence|189\/331 brn|[from] brn
|turn|16
|
|move|p2a: Salamence|Roost|p2a: Salamence
|-heal|p2a: Salamence|331\/331 brn
|move|p1a: Skarmory|Spikes|p2a: Salamence
|-sidestart|p2: Rapidashite|Spikes
|
|-damage|p2a: Salamence|290\/331 brn|[from] brn
|turn|17
|
|move|p2a: Salamence|Dragon Dance|p2a: Salamence
|-boost|p2a: Salamence|atk|1
|-boost|p2a: Salamence|spe|1
|move|p1a: Skarmory|Counter|p2a: Salamence
|-fail|p2a: Salamence
|
|-damage|p2a: Salamence|249\/331 brn|[from] brn
|turn|18
|
|move|p2a: Salamence|Dragon Dance|p2a: Salamence
|-boost|p2a: Salamence|atk|1
|-boost|p2a: Salamence|spe|1
|move|p1a: Skarmory|Counter|p2a: Salamence
|-fail|p2a: Salamence
|
|-damage|p2a: Salamence|208\/331 brn|[from] brn
|turn|19
|
|move|p2a: Salamence|Dragon Dance|p2a: Salamence
|-boost|p2a: Salamence|atk|1
|-boost|p2a: Salamence|spe|1
|move|p1a: Skarmory|Counter|p2a: Salamence
|-fail|p2a: Salamence
|
|-damage|p2a: Salamence|167\/331 brn|[from] brn
|turn|20
|
|move|p2a: Salamence|Roost|p2a: Salamence
|-heal|p2a: Salamence|331\/331 brn
|move|p1a: Skarmory|Counter|p2a: Salamence
|-fail|p2a: Salamence
|
|-damage|p2a: Salamence|290\/331 brn|[from] brn
|turn|21
|
|move|p2a: Salamence|Dragon Dance|p2a: Salamence
|-boost|p2a: Salamence|atk|1
|-boost|p2a: Salamence|spe|1
|move|p1a: Skarmory|Counter|p2a: Salamence
|-fail|p2a: Salamence
|
|-damage|p2a: Salamence|249\/331 brn|[from] brn
|turn|22
|
|move|p2a: Salamence|Return|p1a: Skarmory
|-resisted|p1a: Skarmory
|-damage|p1a: Skarmory|205\/334
|move|p1a: Skarmory|Counter|p2a: Salamence
|-damage|p2a: Salamence|0 fnt
|faint|p2a: Salamence
|
|
|switch|p2a: Heatran|Heatran, F|349\/385
|-damage|p2a: Heatran|301\/385|[from] Stealth Rock
|-damage|p2a: Heatran|253\/385|[from] Spikes
|turn|23
|c|âBig Andrew|lol
|
|switch|p1a: Chansey|Chansey, F|642\/642
|-damage|p1a: Chansey|562\/642|[from] Stealth Rock
|move|p2a: Heatran|Lava Plume|p1a: Chansey
|-damage|p1a: Chansey|496\/642
|
|-heal|p2a: Heatran|277\/385|[from] item: Leftovers
|turn|24
|
|move|p2a: Heatran|Toxic|p1a: Chansey
|-status|p1a: Chansey|tox
|move|p1a: Chansey|Wish|p1a: Chansey
|
|-heal|p2a: Heatran|301\/385|[from] item: Leftovers
|-damage|p1a: Chansey|456\/642 tox|[from] psn
|turn|25
|
|switch|p2a: Scizor|Scizor, M|342\/342
|-damage|p2a: Scizor|300\/342|[from] Spikes
|-damage|p2a: Scizor|258\/342|[from] Stealth Rock
|move|p1a: Chansey|Seismic Toss|p2a: Scizor
|-damage|p2a: Scizor|158\/342
|
|-heal|p1a: Chansey|642\/642 tox|[from] move: Wish|[wisher] Chansey
|-damage|p1a: Chansey|562\/642 tox|[from] psn
|turn|26
|
|move|p1a: Chansey|Protect|p1a: Chansey
|-singleturn|p1a: Chansey|Protect
|move|p2a: Scizor|Roost|p2a: Scizor
|-heal|p2a: Scizor|329\/342
|
|-damage|p1a: Chansey|442\/642 tox|[from] psn
|turn|27
|
|switch|p1a: Skarmory|Skarmory, M|205\/334
|-damage|p1a: Skarmory|164\/334|[from] Stealth Rock
|move|p2a: Scizor|Swords Dance|p2a: Scizor
|-boost|p2a: Scizor|atk|2
|
|turn|28
|
|move|p1a: Skarmory|Roost|p1a: Skarmory
|-heal|p1a: Skarmory|331\/334
|move|p2a: Scizor|Swords Dance|p2a: Scizor
|-boost|p2a: Scizor|atk|2
|
|turn|29
|
|move|p1a: Skarmory|Roost|p1a: Skarmory
|-heal|p1a: Skarmory|334\/334
|move|p2a: Scizor|Swords Dance|p2a: Scizor
|-boost|p2a: Scizor|atk|2
|
|turn|30
|
|move|p2a: Scizor|Roost|p2a: Scizor
|-heal|p2a: Scizor|342\/342
|move|p1a: Skarmory|Counter|p2a: Scizor
|-fail|p2a: Scizor
|
|turn|31
|
|move|p2a: Scizor|Roost|p2a: Scizor
|-fail|p2a: Scizor
|move|p1a: Skarmory|Counter|p2a: Scizor
|-fail|p2a: Scizor
|
|turn|32
|
|move|p2a: Scizor|Swords Dance|p2a: Scizor
|-fail|p2a: Scizor
|move|p1a: Skarmory|Counter|p2a: Scizor
|-fail|p2a: Scizor
|
|turn|33
|
|move|p2a: Scizor|Swords Dance|p2a: Scizor
|-fail|p2a: Scizor
|move|p1a: Skarmory|Counter|p2a: Scizor
|-fail|p2a: Scizor
|
|turn|34
|
|move|p2a: Scizor|Swords Dance|p2a: Scizor
|-fail|p2a: Scizor
|move|p1a: Skarmory|Counter|p2a: Scizor
|-fail|p2a: Scizor
|
|turn|35
|
|switch|p1a: Heatran|Heatran, M|337\/385
|-damage|p1a: Heatran|289\/385|[from] Stealth Rock
|move|p2a: Scizor|Knock Off|p1a: Heatran
|-damage|p1a: Heatran|0 fnt
|-enditem|p1a: Heatran|Choice Scarf|[from] move: Knock Off|[of] p2a: Scizor
|faint|p1a: Heatran
|
|c|âRapidashite|NIIIICE
|
|switch|p1a: Skarmory|Skarmory, M|334\/334
|-damage|p1a: Skarmory|293\/334|[from] Stealth Rock
|turn|36
|
|move|p1a: Skarmory|Roost|p1a: Skarmory
|-heal|p1a: Skarmory|334\/334
|move|p2a: Scizor|Knock Off|p1a: Skarmory
|-damage|p1a: Skarmory|132\/334
|-enditem|p1a: Skarmory|Shed Shell|[from] move: Knock Off|[of] p2a: Scizor
|
|turn|37
|
|move|p1a: Skarmory|Roost|p1a: Skarmory
|-heal|p1a: Skarmory|299\/334
|move|p2a: Scizor|Knock Off|p1a: Skarmory
|-damage|p1a: Skarmory|160\/334
|
|turn|38
|leave|Pitchinace04
|
|move|p2a: Scizor|Knock Off|p1a: Skarmory
|-damage|p1a: Skarmory|15\/334
|move|p1a: Skarmory|Counter|p2a: Scizor
|-damage|p2a: Scizor|52\/342
|
|turn|39
|
|move|p2a: Scizor|Bullet Punch|p1a: Skarmory
|-resisted|p1a: Skarmory
|-damage|p1a: Skarmory|0 fnt
|faint|p1a: Skarmory
|
|
|switch|p1a: Sableye|Sableye, F|303\/303
|-damage|p1a: Sableye|266\/303|[from] Stealth Rock
|turn|40
|
|detailschange|p1a: Sableye|Sableye-Mega, F
|message|Sableye has Mega Evolved into Mega Sableye!
|move|p2a: Scizor|Bullet Punch|p1a: Sableye
|-damage|p1a: Sableye|64\/303
|move|p1a: Sableye|Will-O-Wisp|p2a: Scizor|[miss]
|-miss|p1a: Sableye|p2a: Scizor
|
|turn|41
|c|âRapidashite|HAHAHA
|-message|Big Andrew forfeited.
|
|win|Rapidashite
|raw|Ladder updating...
|leave|Big Andrew
|player|p1
|raw|Big Andrew's rating: 1479 &rarr; <strong>1454<\/strong><br \/>(-25 for losing)
|raw|Rapidashite's rating: 1390 &rarr; <strong>1415<\/strong><br \/>(+25 for winning)