|join|Rapidashite
|join|alka
|player|p1|Rapidashite|154
|player|p2|alka|265
|gametype|singles
|gen|6
|tier|OU
|rated
|clearpoke
|poke|p1|Sableye, M
|poke|p1|Excadrill, F
|poke|p1|Manaphy
|poke|p1|Gliscor, M
|poke|p1|Talonflame, M
|poke|p1|Clefable, F
|poke|p2|Volcarona, M
|poke|p2|Slowbro, F
|poke|p2|Breloom, F
|poke|p2|Charizard, F
|poke|p2|Empoleon, F
|poke|p2|Espeon, M
|rule|Swagger Clause: Swagger is banned
|rule|Baton Pass Clause: Limit one PokÃ©mon knowing Baton Pass
|rule|Sleep Clause Mod: Limit one foe put to sleep
|rule|Species Clause: Limit one of each PokÃ©mon
|rule|OHKO Clause: OHKO moves are banned
|rule|Moody Clause: Moody is banned
|rule|Evasion Moves Clause: Evasion moves are banned
|rule|Endless Battle Clause: Forcing endless battles is banned
|rule|HP Percentage Mod: HP is shown in percentages
|teampreview
|
|start
|switch|p1a: Sebastian|Sableye, M|303\/303
|switch|p2a: Empoleon|Empoleon, F|372\/372
|turn|1
|
|detailschange|p1a: Sebastian|Sableye-Mega, M
|-mega|p1a: Sebastian|Sableye|Sablenite
|move|p2a: Empoleon|Whirlpool|p1a: Sebastian
|-damage|p1a: Sebastian|272\/303
|-activate|p1a: Sebastian|move: Whirlpool|[of] p2a: Empoleon
|move|p1a: Sebastian|Knock Off|p2a: Empoleon
|-damage|p2a: Empoleon|255\/372
|-enditem|p2a: Empoleon|Leftovers|[from] move: Knock Off|[of] p1a: Sebastian
|
|-damage|p1a: Sebastian|235\/303|[from] move: Whirlpool|[partiallytrapped]
|turn|2
|
|switch|p2a: Volcarona|Volcarona, M|374\/374
|move|p1a: Sebastian|Foul Play|p2a: Volcarona
|-damage|p2a: Volcarona|307\/374
|-status|p1a: Sebastian|brn
|
|-heal|p2a: Volcarona|330\/374|[from] item: Leftovers
|-damage|p1a: Sebastian|198\/303 brn|[from] brn
|-end|p1a: Sebastian|Whirlpool|[partiallytrapped]
|turn|3
|
|switch|p1a: Gertrude|Manaphy|401\/401
|move|p2a: Volcarona|Substitute|p2a: Volcarona
|-start|p2a: Volcarona|Substitute
|-damage|p2a: Volcarona|237\/374
|
|-heal|p2a: Volcarona|260\/374|[from] item: Leftovers
|turn|4
|
|move|p2a: Volcarona|Giga Drain|p1a: Gertrude
|-supereffective|p1a: Gertrude
|-damage|p1a: Gertrude|299\/401
|-heal|p2a: Volcarona|311\/374|[from] drain|[of] p1a: Gertrude
|move|p1a: Gertrude|Scald|p2a: Volcarona
|-supereffective|p2a: Volcarona
|-end|p2a: Volcarona|Substitute
|
|-heal|p2a: Volcarona|334\/374|[from] item: Leftovers
|-heal|p1a: Gertrude|324\/401|[from] item: Leftovers
|turn|5
|
|move|p2a: Volcarona|Quiver Dance|p2a: Volcarona
|-boost|p2a: Volcarona|spa|1
|-boost|p2a: Volcarona|spd|1
|-boost|p2a: Volcarona|spe|1
|move|p1a: Gertrude|Scald|p2a: Volcarona
|-supereffective|p2a: Volcarona
|-damage|p2a: Volcarona|218\/374
|
|-heal|p2a: Volcarona|241\/374|[from] item: Leftovers
|-heal|p1a: Gertrude|349\/401|[from] item: Leftovers
|turn|6
|
|switch|p1a: Clarence|Clefable, F|393\/393
|move|p2a: Volcarona|Giga Drain|p1a: Clarence
|-damage|p1a: Clarence|318\/393
|-heal|p2a: Volcarona|279\/374|[from] drain|[of] p1a: Clarence
|
|-heal|p2a: Volcarona|302\/374|[from] item: Leftovers
|-heal|p1a: Clarence|342\/393|[from] item: Leftovers
|turn|7
|
|move|p2a: Volcarona|Substitute|p2a: Volcarona
|-start|p2a: Volcarona|Substitute
|-damage|p2a: Volcarona|209\/374
|move|p1a: Clarence|Calm Mind|p1a: Clarence
|-boost|p1a: Clarence|spa|1
|-boost|p1a: Clarence|spd|1
|
|-heal|p2a: Volcarona|232\/374|[from] item: Leftovers
|-heal|p1a: Clarence|366\/393|[from] item: Leftovers
|turn|8
|
|move|p2a: Volcarona|Quiver Dance|p2a: Volcarona
|-boost|p2a: Volcarona|spa|1
|-boost|p2a: Volcarona|spd|1
|-boost|p2a: Volcarona|spe|1
|move|p1a: Clarence|Calm Mind|p1a: Clarence
|-boost|p1a: Clarence|spa|1
|-boost|p1a: Clarence|spd|1
|
|-heal|p2a: Volcarona|255\/374|[from] item: Leftovers
|-heal|p1a: Clarence|390\/393|[from] item: Leftovers
|turn|9
|
|move|p2a: Volcarona|Quiver Dance|p2a: Volcarona
|-boost|p2a: Volcarona|spa|1
|-boost|p2a: Volcarona|spd|1
|-boost|p2a: Volcarona|spe|1
|move|p1a: Clarence|Calm Mind|p1a: Clarence
|-boost|p1a: Clarence|spa|1
|-boost|p1a: Clarence|spd|1
|
|-heal|p2a: Volcarona|278\/374|[from] item: Leftovers
|-heal|p1a: Clarence|393\/393|[from] item: Leftovers
|turn|10
|
|move|p2a: Volcarona|Quiver Dance|p2a: Volcarona
|-boost|p2a: Volcarona|spa|1
|-boost|p2a: Volcarona|spd|1
|-boost|p2a: Volcarona|spe|1
|move|p1a: Clarence|Moonblast|p2a: Volcarona
|-resisted|p2a: Volcarona
|-end|p2a: Volcarona|Substitute
|
|-heal|p2a: Volcarona|301\/374|[from] item: Leftovers
|turn|11
|
|move|p2a: Volcarona|Quiver Dance|p2a: Volcarona
|-boost|p2a: Volcarona|spa|1
|-boost|p2a: Volcarona|spd|1
|-boost|p2a: Volcarona|spe|1
|move|p1a: Clarence|Moonblast|p2a: Volcarona
|-resisted|p2a: Volcarona
|-damage|p2a: Volcarona|167\/374
|
|-heal|p2a: Volcarona|190\/374|[from] item: Leftovers
|turn|12
|
|move|p2a: Volcarona|Quiver Dance|p2a: Volcarona
|-boost|p2a: Volcarona|spa|1
|-boost|p2a: Volcarona|spd|1
|-boost|p2a: Volcarona|spe|1
|move|p1a: Clarence|Moonblast|p2a: Volcarona
|-resisted|p2a: Volcarona
|-damage|p2a: Volcarona|64\/374
|
|-heal|p2a: Volcarona|87\/374|[from] item: Leftovers
|turn|13
|
|move|p2a: Volcarona|Giga Drain|p1a: Clarence
|-damage|p1a: Clarence|366\/393
|-heal|p2a: Volcarona|101\/374|[from] drain|[of] p1a: Clarence
|move|p1a: Clarence|Moonblast|p2a: Volcarona
|-crit|p2a: Volcarona
|-resisted|p2a: Volcarona
|-damage|p2a: Volcarona|0 fnt
|faint|p2a: Volcarona
|
|-heal|p1a: Clarence|390\/393|[from] item: Leftovers
|
|switch|p2a: Empoleon|Empoleon, F|255\/372
|turn|14
|
|move|p1a: Clarence|Moonblast|p2a: Empoleon
|-resisted|p2a: Empoleon
|-damage|p2a: Empoleon|168\/372
|move|p2a: Empoleon|Whirlpool|p1a: Clarence
|-damage|p1a: Clarence|372\/393
|-activate|p1a: Clarence|move: Whirlpool|[of] p2a: Empoleon
|
|-heal|p1a: Clarence|393\/393|[from] item: Leftovers
|-damage|p1a: Clarence|344\/393|[from] move: Whirlpool|[partiallytrapped]
|turn|15
|
|move|p1a: Clarence|Moonblast|p2a: Empoleon
|-resisted|p2a: Empoleon
|-damage|p2a: Empoleon|72\/372
|-unboost|p2a: Empoleon|spa|1
|move|p2a: Empoleon|Stealth Rock|p1a: Clarence
|-sidestart|p1: Rapidashite|move: Stealth Rock
|
|-heal|p1a: Clarence|368\/393|[from] item: Leftovers
|-damage|p1a: Clarence|319\/393|[from] move: Whirlpool|[partiallytrapped]
|turn|16
|
|move|p1a: Clarence|Moonblast|p2a: Empoleon
|-resisted|p2a: Empoleon
|-damage|p2a: Empoleon|0 fnt
|faint|p2a: Empoleon
|
|-heal|p1a: Clarence|343\/393|[from] item: Leftovers
|-end|p1a: Clarence|Whirlpool|[partiallytrapped]
|
|switch|p2a: Breloom|Breloom, F|324\/324
|turn|17
|
|switch|p1a: Sebastian|Sableye-Mega, M|198\/303 brn
|-damage|p1a: Sebastian|161\/303 brn|[from] Stealth Rock
|move|p2a: Breloom|Spore|p1a: Sebastian
|move|p1a: Sebastian|Spore|p2a: Breloom|[from]Magic Bounce
|-fail|p2a: Breloom
|
|-damage|p1a: Sebastian|124\/303 brn|[from] brn
|-status|p2a: Breloom|tox|[from] item: Toxic Orb
|turn|18
|
|move|p2a: Breloom|Protect|p2a: Breloom
|-singleturn|p2a: Breloom|Protect
|move|p1a: Sebastian|Recover|p1a: Sebastian
|-heal|p1a: Sebastian|276\/303 brn
|
|-damage|p1a: Sebastian|239\/303 brn|[from] brn
|turn|19
|
|switch|p2a: Charizard|Charizard, F|298\/298
|move|p1a: Sebastian|Foul Play|p2a: Charizard
|-damage|p2a: Charizard|247\/298
|
|-damage|p1a: Sebastian|202\/303 brn|[from] brn
|turn|20
|
|detailschange|p2a: Charizard|Charizard-Mega-Y, F
|-mega|p2a: Charizard|Charizard|Charizardite Y
|-weather|SunnyDay
|move|p2a: Charizard|Fire Blast|p1a: Sebastian
|-crit|p1a: Sebastian
|-damage|p1a: Sebastian|0 fnt
|faint|p1a: Sebastian
|
|-weather|SunnyDay|[upkeep]
|
|switch|p1a: Gertrude|Manaphy|349\/401
|-damage|p1a: Gertrude|299\/401|[from] Stealth Rock
|turn|21
|
|move|p2a: Charizard|Solar Beam|p1a: Gertrude|[still]
|-prepare|p2a: Charizard|Solar Beam|p1a: Gertrude
|-anim|p2a: Charizard|Solar Beam|p1a: Gertrude
|-supereffective|p1a: Gertrude
|-damage|p1a: Gertrude|51\/401
|move|p1a: Gertrude|Rain Dance|p1a: Gertrude
|-weather|RainDance
|
|-weather|RainDance|[upkeep]
|-heal|p1a: Gertrude|76\/401|[from] item: Leftovers
|turn|22
|
|switch|p2a: Breloom|Breloom, F|324\/324 tox
|move|p1a: Gertrude|Rest|p1a: Gertrude
|-status|p1a: Gertrude|slp
|-heal|p1a: Gertrude|401\/401 slp|[silent]
|-status|p1a: Gertrude|slp|[from] move: Rest
|
|-weather|RainDance|[upkeep]
|-curestatus|p1a: Gertrude|slp
|turn|23
|
|move|p1a: Gertrude|U-turn|p2a: Breloom
|-damage|p2a: Breloom|265\/324 tox
|
|switch|p1a: Maurice|Gliscor, M|353\/353
|-damage|p1a: Maurice|309\/353|[from] Stealth Rock
|move|p2a: Breloom|Spore|p1a: Maurice
|-status|p1a: Maurice|slp
|
|-weather|RainDance|[upkeep]
|-heal|p2a: Breloom|305\/324 tox|[from] ability: Poison Heal
|turn|24
|
|switch|p1a: Douglas|Excadrill, F|424\/424
|-damage|p1a: Douglas|411\/424|[from] Stealth Rock
|-ability|p1a: Douglas|Mold Breaker
|switch|p2a: Charizard|Charizard-Mega-Y, F|247\/298
|-weather|SunnyDay
|
|-weather|SunnyDay|[upkeep]
|-heal|p1a: Douglas|424\/424|[from] item: Leftovers
|turn|25
|
|move|p2a: Charizard|Fire Blast|p1a: Douglas|[miss]
|-miss|p2a: Charizard|p1a: Douglas
|move|p1a: Douglas|Rapid Spin|p2a: Charizard
|-damage|p2a: Charizard|220\/298
|-sideend|p1: Rapidashite|Stealth Rock|[from] move: Rapid Spin|[of] p1a: Douglas
|
|-weather|SunnyDay|[upkeep]
|turn|26
|
|move|p2a: Charizard|Fire Blast|p1a: Douglas
|-supereffective|p1a: Douglas
|-damage|p1a: Douglas|0 fnt
|faint|p1a: Douglas
|
|-weather|SunnyDay|[upkeep]
|
|switch|p1a: Gertrude|Manaphy|401\/401
|turn|27
|
|switch|p2a: Breloom|Breloom, F|305\/324 tox
|move|p1a: Gertrude|Rain Dance|p1a: Gertrude
|-weather|RainDance
|
|-weather|RainDance|[upkeep]
|-heal|p2a: Breloom|324\/324 tox|[from] ability: Poison Heal
|turn|28
|
|move|p1a: Gertrude|U-turn|p2a: Breloom
|-damage|p2a: Breloom|267\/324 tox
|
|switch|p1a: Hubert|Talonflame, M|345\/345
|move|p2a: Breloom|Leech Seed|p1a: Hubert
|-start|p1a: Hubert|move: Leech Seed
|
|-weather|RainDance|[upkeep]
|-damage|p1a: Hubert|302\/345|[from] Leech Seed|[of] p2a: Breloom
|-heal|p2a: Breloom|310\/324 tox|[silent]
|-heal|p2a: Breloom|324\/324 tox|[from] ability: Poison Heal
|turn|29
|
|move|p2a: Breloom|Protect|p2a: Breloom
|-singleturn|p2a: Breloom|Protect
|move|p1a: Hubert|Will-O-Wisp|p2a: Breloom
|-activate|p2a: Breloom|Protect
|
|-weather|RainDance|[upkeep]
|-heal|p1a: Hubert|323\/345|[from] item: Leftovers
|-damage|p1a: Hubert|280\/345|[from] Leech Seed|[of] p2a: Breloom
|turn|30
|
|switch|p2a: Slowbro|Slowbro, F|394\/394
|move|p1a: Hubert|Brave Bird|p2a: Slowbro
|-damage|p2a: Slowbro|285\/394
|-damage|p1a: Hubert|244\/345|[from] recoil|[of] p2a: Slowbro
|
|-weather|RainDance|[upkeep]
|-heal|p1a: Hubert|265\/345|[from] item: Leftovers
|-damage|p1a: Hubert|222\/345|[from] Leech Seed|[of] p2a: Slowbro
|-heal|p2a: Slowbro|328\/394|[silent]
|turn|31
|
|switch|p1a: Gertrude|Manaphy|401\/401
|move|p2a: Slowbro|Scald|p1a: Gertrude
|-resisted|p1a: Gertrude
|-damage|p1a: Gertrude|353\/401
|
|-weather|none
|-heal|p1a: Gertrude|378\/401|[from] item: Leftovers
|turn|32
|
|switch|p2a: Breloom|Breloom, F|324\/324 tox
|move|p1a: Gertrude|U-turn|p2a: Breloom
|-damage|p2a: Breloom|266\/324 tox
|
|switch|p1a: Hubert|Talonflame, M|222\/345
|
|-heal|p1a: Hubert|243\/345|[from] item: Leftovers
|-heal|p2a: Breloom|306\/324 tox|[from] ability: Poison Heal
|turn|33
|
|move|p1a: Hubert|Brave Bird|p2a: Breloom
|-supereffective|p2a: Breloom
|-damage|p2a: Breloom|0 fnt
|-damage|p1a: Hubert|142\/345|[from] recoil|[of] p2a: Breloom
|faint|p2a: Breloom
|
|-heal|p1a: Hubert|163\/345|[from] item: Leftovers
|
|switch|p2a: Slowbro|Slowbro, F|394\/394
|turn|34
|
|switch|p1a: Gertrude|Manaphy|378\/401
|move|p2a: Slowbro|Calm Mind|p2a: Slowbro
|-boost|p2a: Slowbro|spa|1
|-boost|p2a: Slowbro|spd|1
|
|-heal|p1a: Gertrude|401\/401|[from] item: Leftovers
|turn|35
|
|move|p1a: Gertrude|U-turn|p2a: Slowbro
|-supereffective|p2a: Slowbro
|-damage|p2a: Slowbro|322\/394
|
|switch|p1a: Clarence|Clefable, F|343\/393
|move|p2a: Slowbro|Calm Mind|p2a: Slowbro
|-boost|p2a: Slowbro|spa|1
|-boost|p2a: Slowbro|spd|1
|
|-heal|p1a: Clarence|367\/393|[from] item: Leftovers
|turn|36
|
|move|p1a: Clarence|Calm Mind|p1a: Clarence
|-boost|p1a: Clarence|spa|1
|-boost|p1a: Clarence|spd|1
|move|p2a: Slowbro|Scald|p1a: Clarence
|-damage|p1a: Clarence|312\/393
|
|-heal|p1a: Clarence|336\/393|[from] item: Leftovers
|turn|37
|
|move|p1a: Clarence|Moonblast|p2a: Slowbro
|-damage|p2a: Slowbro|132\/394
|move|p2a: Slowbro|Psyshock|p1a: Clarence
|-damage|p1a: Clarence|245\/393
|
|-heal|p1a: Clarence|269\/393|[from] item: Leftovers
|turn|38
|
|switch|p1a: Gertrude|Manaphy|401\/401
|switch|p2a: Charizard|Charizard-Mega-Y, F|220\/298
|-weather|SunnyDay
|
|-weather|SunnyDay|[upkeep]
|turn|39
|
|move|p2a: Charizard|Solar Beam|p1a: Gertrude|[still]
|-prepare|p2a: Charizard|Solar Beam|p1a: Gertrude
|-anim|p2a: Charizard|Solar Beam|p1a: Gertrude
|-supereffective|p1a: Gertrude
|-damage|p1a: Gertrude|179\/401
|move|p1a: Gertrude|Rain Dance|p1a: Gertrude
|-weather|RainDance
|
|-weather|RainDance|[upkeep]
|-heal|p1a: Gertrude|204\/401|[from] item: Leftovers
|turn|40
|
|switch|p2a: Espeon|Espeon, M|271\/271
|move|p1a: Gertrude|Rest|p1a: Gertrude
|-status|p1a: Gertrude|slp
|-heal|p1a: Gertrude|401\/401 slp|[silent]
|-status|p1a: Gertrude|slp|[from] move: Rest
|
|-weather|RainDance|[upkeep]
|-curestatus|p1a: Gertrude|slp
|turn|41
|
|move|p2a: Espeon|Light Screen|p2a: Espeon
|-sidestart|p2: alka|move: Light Screen
|move|p1a: Gertrude|Scald|p2a: Espeon
|-damage|p2a: Espeon|204\/271
|
|-weather|RainDance|[upkeep]
|turn|42
|
|move|p2a: Espeon|Reflect|p2a: Espeon
|-sidestart|p2: alka|Reflect
|move|p1a: Gertrude|Scald|p2a: Espeon
|-damage|p2a: Espeon|134\/271
|
|-weather|RainDance|[upkeep]
|turn|43
|
|switch|p2a: Charizard|Charizard-Mega-Y, F|220\/298
|-weather|SunnyDay
|move|p1a: Gertrude|Scald|p2a: Charizard
|-supereffective|p2a: Charizard
|-damage|p2a: Charizard|174\/298
|
|-weather|SunnyDay|[upkeep]
|turn|44
|
|move|p2a: Charizard|Solar Beam|p1a: Gertrude|[still]
|-prepare|p2a: Charizard|Solar Beam|p1a: Gertrude
|-anim|p2a: Charizard|Solar Beam|p1a: Gertrude
|-supereffective|p1a: Gertrude
|-damage|p1a: Gertrude|175\/401
|move|p1a: Gertrude|Rain Dance|p1a: Gertrude
|-weather|RainDance
|
|-weather|RainDance|[upkeep]
|-heal|p1a: Gertrude|200\/401|[from] item: Leftovers
|turn|45
|
|switch|p2a: Slowbro|Slowbro, F|263\/394
|move|p1a: Gertrude|Rest|p1a: Gertrude
|-status|p1a: Gertrude|slp
|-heal|p1a: Gertrude|401\/401 slp|[silent]
|-status|p1a: Gertrude|slp|[from] move: Rest
|
|-weather|RainDance|[upkeep]
|-curestatus|p1a: Gertrude|slp
|turn|46
|
|move|p1a: Gertrude|U-turn|p2a: Slowbro
|-supereffective|p2a: Slowbro
|-damage|p2a: Slowbro|231\/394
|
|switch|p1a: Clarence|Clefable, F|269\/393
|move|p2a: Slowbro|Scald|p1a: Clarence
|-crit|p1a: Clarence
|-damage|p1a: Clarence|79\/393
|
|-weather|RainDance|[upkeep]
|-heal|p1a: Clarence|103\/393|[from] item: Leftovers
|turn|47
|
|switch|p2a: Charizard|Charizard-Mega-Y, F|174\/298
|-weather|SunnyDay
|move|p1a: Clarence|Moonlight|p1a: Clarence
|-heal|p1a: Clarence|365\/393
|
|-weather|SunnyDay|[upkeep]
|-heal|p1a: Clarence|389\/393|[from] item: Leftovers
|turn|48
|
|move|p2a: Charizard|Fire Blast|p1a: Clarence
|-damage|p1a: Clarence|58\/393
|move|p1a: Clarence|Calm Mind|p1a: Clarence
|-boost|p1a: Clarence|spa|1
|-boost|p1a: Clarence|spd|1
|
|-weather|SunnyDay|[upkeep]
|-heal|p1a: Clarence|82\/393|[from] item: Leftovers
|-sideend|p2: alka|move: Light Screen
|turn|49
|
|move|p2a: Charizard|Fire Blast|p1a: Clarence|[miss]
|-miss|p2a: Charizard|p1a: Clarence
|move|p1a: Clarence|Moonblast|p2a: Charizard
|-resisted|p2a: Charizard
|-damage|p2a: Charizard|105\/298
|
|-weather|SunnyDay|[upkeep]
|-heal|p1a: Clarence|106\/393|[from] item: Leftovers
|-sideend|p2: alka|Reflect
|turn|50
|
|switch|p1a: Gertrude|Manaphy|401\/401
|move|p2a: Charizard|Fire Blast|p1a: Gertrude|[miss]
|-miss|p2a: Charizard|p1a: Gertrude
|
|-weather|SunnyDay|[upkeep]
|turn|51
|
|switch|p2a: Slowbro|Slowbro, F|362\/394
|move|p1a: Gertrude|Scald|p2a: Slowbro
|-resisted|p2a: Slowbro
|-damage|p2a: Slowbro|333\/394
|-status|p2a: Slowbro|brn
|-enditem|p2a: Slowbro|Lum Berry|[eat]
|-curestatus|p2a: Slowbro|brn
|
|-weather|none
|turn|52
|
|move|p1a: Gertrude|U-turn|p2a: Slowbro
|-supereffective|p2a: Slowbro
|-damage|p2a: Slowbro|267\/394
|
|switch|p1a: Clarence|Clefable, F|106\/393
|move|p2a: Slowbro|Psyshock|p1a: Clarence
|-damage|p1a: Clarence|13\/393
|
|-heal|p1a: Clarence|37\/393|[from] item: Leftovers
|turn|53
|
|switch|p2a: Espeon|Espeon, M|134\/271
|move|p1a: Clarence|Moonlight|p1a: Clarence
|-heal|p1a: Clarence|233\/393
|
|-heal|p1a: Clarence|257\/393|[from] item: Leftovers
|turn|54
|
|move|p2a: Espeon|Light Screen|p2a: Espeon
|-sidestart|p2: alka|move: Light Screen
|move|p1a: Clarence|Calm Mind|p1a: Clarence
|-boost|p1a: Clarence|spa|1
|-boost|p1a: Clarence|spd|1
|
|-heal|p1a: Clarence|281\/393|[from] item: Leftovers
|turn|55
|
|switch|p2a: Charizard|Charizard-Mega-Y, F|105\/298
|-weather|SunnyDay
|move|p1a: Clarence|Calm Mind|p1a: Clarence
|-boost|p1a: Clarence|spa|1
|-boost|p1a: Clarence|spd|1
|
|-weather|SunnyDay|[upkeep]
|-heal|p1a: Clarence|305\/393|[from] item: Leftovers
|turn|56
|
|move|p2a: Charizard|Fire Blast|p1a: Clarence
|-damage|p1a: Clarence|148\/393
|move|p1a: Clarence|Moonlight|p1a: Clarence
|-heal|p1a: Clarence|393\/393
|
|-weather|SunnyDay|[upkeep]
|turn|57
|
|move|p2a: Charizard|Fire Blast|p1a: Clarence
|-damage|p1a: Clarence|245\/393
|move|p1a: Clarence|Moonblast|p2a: Charizard
|-resisted|p2a: Charizard
|-damage|p2a: Charizard|59\/298
|
|-weather|SunnyDay|[upkeep]
|-heal|p1a: Clarence|269\/393|[from] item: Leftovers
|turn|58
|leave|alka
|player|p2
|-message|alka lost due to inactivity.
|
|win|Rapidashite
|raw|Ladder updating...
|raw|Rapidashite's rating: 1477 &rarr; <strong>1500<\/strong><br \/>(+23 for winning)
|raw|alka's rating: 1540 &rarr; <strong>1516<\/strong><br \/>(-24 for losing)