|join|CrouchingCrawdaunt
|join|Rapidashite
|player|p1|CrouchingCrawdaunt|219
|player|p2|Rapidashite|154
|gametype|singles
|gen|6
|tier|OU
|clearpoke
|poke|p1|Metagross, shiny
|poke|p1|Gyarados, F, shiny
|poke|p1|Gengar, F
|poke|p1|Dragonite, F
|poke|p1|Electivire, M
|poke|p1|Heatran, M
|poke|p2|Sableye, F
|poke|p2|Excadrill, F
|poke|p2|Manaphy
|poke|p2|Gliscor, F
|poke|p2|Talonflame, F
|poke|p2|Clefable, M
|rule|Swagger Clause: Swagger is banned
|rule|Baton Pass Clause: Limit one PokÃ©mon knowing Baton Pass
|rule|Sleep Clause Mod: Limit one foe put to sleep
|rule|Species Clause: Limit one of each PokÃ©mon
|rule|OHKO Clause: OHKO moves are banned
|rule|Moody Clause: Moody is banned
|rule|Evasion Moves Clause: Evasion moves are banned
|rule|Endless Battle Clause: Forcing endless battles is banned
|rule|HP Percentage Mod: HP is shown in percentages
|teampreview
|c|âCrouchingCrawdaunt|sup
|
|start
|switch|p1a: Electivire|Electivire, M|292\/292
|switch|p2a: Sebastian|Sableye, F|303\/303
|turn|1
|c|âRapidashite|Hoi
|c|âCrouchingCrawdaunt|let me guess prankster lol
|
|switch|p1a: Gengar|Gengar, F|262\/262
|detailschange|p2a: Sebastian|Sableye-Mega, F
|-mega|p2a: Sebastian|Sableye|Sablenite
|move|p2a: Sebastian|Knock Off|p1a: Gengar
|-supereffective|p1a: Gengar
|-damage|p1a: Gengar|0 fnt
|-enditem|p1a: Gengar|Leftovers|[from] move: Knock Off|[of] p2a: Sebastian
|faint|p1a: Gengar
|
|c|âRapidashite|Nahhh
|c|âCrouchingCrawdaunt|damb
|c|âCrouchingCrawdaunt|*dam
|c|âRapidashite|You had to switch to Heatran really
|
|switch|p1a: Heatran|Heatran, M|323\/323
|-item|p1a: Heatran|Air Balloon
|turn|2
|c|âCrouchingCrawdaunt|lol
|
|move|p1a: Heatran|Dark Pulse|p2a: Sebastian
|-damage|p2a: Sebastian|242\/303
|move|p2a: Sebastian|Knock Off|p1a: Heatran
|-damage|p1a: Heatran|227\/323
|-enditem|p1a: Heatran|Air Balloon
|
|turn|3
|c|âCrouchingCrawdaunt|misclicked fuck
|
|switch|p2a: Gertrude|Manaphy|401\/401
|move|p1a: Heatran|Lava Plume|p2a: Gertrude
|-resisted|p2a: Gertrude
|-damage|p2a: Gertrude|353\/401
|
|-heal|p2a: Gertrude|378\/401|[from] item: Leftovers
|turn|4
|
|switch|p1a: Gyarados|Gyarados, F, shiny|331\/331
|move|p2a: Gertrude|Scald|p1a: Gyarados
|-resisted|p1a: Gyarados
|-damage|p1a: Gyarados|289\/331
|
|-heal|p1a: Gyarados|309\/331|[from] item: Leftovers
|-heal|p2a: Gertrude|401\/401|[from] item: Leftovers
|turn|5
|c|âCrouchingCrawdaunt|i like your team
|
|move|p1a: Gyarados|Dragon Dance|p1a: Gyarados
|-boost|p1a: Gyarados|atk|1
|-boost|p1a: Gyarados|spe|1
|move|p2a: Gertrude|U-turn|p1a: Gyarados
|-resisted|p1a: Gyarados
|-damage|p1a: Gyarados|279\/331
|c|âRapidashite|substitute would have fucked me up
|
|switch|p2a: Clarence|Clefable, M|393\/393
|
|-heal|p1a: Gyarados|299\/331|[from] item: Leftovers
|turn|6
|
|move|p1a: Gyarados|Waterfall|p2a: Clarence
|-damage|p2a: Clarence|261\/393
|cant|p2a: Clarence|flinch
|
|-heal|p1a: Gyarados|319\/331|[from] item: Leftovers
|-heal|p2a: Clarence|285\/393|[from] item: Leftovers
|turn|7
|
|move|p1a: Gyarados|Waterfall|p2a: Clarence
|-damage|p2a: Clarence|156\/393
|move|p2a: Clarence|Moonlight|p2a: Clarence
|-heal|p2a: Clarence|352\/393
|
|-heal|p1a: Gyarados|331\/331|[from] item: Leftovers
|-heal|p2a: Clarence|376\/393|[from] item: Leftovers
|turn|8
|
|move|p1a: Gyarados|Dragon Dance|p1a: Gyarados
|-boost|p1a: Gyarados|atk|1
|-boost|p1a: Gyarados|spe|1
|move|p2a: Clarence|Moonblast|p1a: Gyarados
|-damage|p1a: Gyarados|214\/331
|
|-heal|p1a: Gyarados|234\/331|[from] item: Leftovers
|-heal|p2a: Clarence|393\/393|[from] item: Leftovers
|turn|9
|
|move|p1a: Gyarados|Waterfall|p2a: Clarence
|-damage|p2a: Clarence|255\/393
|move|p2a: Clarence|Moonblast|p1a: Gyarados
|-crit|p1a: Gyarados
|-damage|p1a: Gyarados|72\/331
|-unboost|p1a: Gyarados|spa|1
|
|-heal|p1a: Gyarados|92\/331|[from] item: Leftovers
|-heal|p2a: Clarence|279\/393|[from] item: Leftovers
|turn|10
|c|âCrouchingCrawdaunt|dam that crit
|c|âRapidashite|yeah, sorry about that
|
|move|p1a: Gyarados|Waterfall|p2a: Clarence
|-damage|p2a: Clarence|150\/393
|move|p2a: Clarence|Moonblast|p1a: Gyarados
|-damage|p1a: Gyarados|0 fnt
|faint|p1a: Gyarados
|
|-heal|p2a: Clarence|174\/393|[from] item: Leftovers
|c|âCrouchingCrawdaunt|its all good
|
|switch|p1a: Metagross|Metagross, shiny|301\/301
|turn|11
|c|âCrouchingCrawdaunt|fuck i forgot to put steel type moves on!
|
|switch|p2a: Maurice|Gliscor, F|353\/353
|move|p1a: Metagross|Bullet Punch|p2a: Maurice
|-damage|p2a: Maurice|299\/353
|
|-status|p2a: Maurice|tox|[from] item: Toxic Orb
|turn|12
|c|âRapidashite|Haha really!
|c|âCrouchingCrawdaunt|dam i tried reverse psycology
|c|âRapidashite|did you forget ice punch?
|
|switch|p2a: Hubert|Talonflame, F|345\/345
|switch|p1a: Electivire|Electivire, M|292\/292
|
|turn|13
|
|switch|p2a: Maurice|Gliscor, F|299\/353 tox
|move|p1a: Electivire|Ice Punch|p2a: Maurice
|-supereffective|p2a: Maurice
|-damage|p2a: Maurice|8\/353 tox
|-damage|p1a: Electivire|263\/292|[from] item: Life Orb
|
|-heal|p2a: Maurice|52\/353 tox|[from] ability: Poison Heal
|turn|14
|c|âCrouchingCrawdaunt|no
|c|âRapidashite|oh shit
|c|âCrouchingCrawdaunt|lol
|
|move|p1a: Electivire|Ice Punch|p2a: Maurice
|-supereffective|p2a: Maurice
|-damage|p2a: Maurice|0 fnt
|-damage|p1a: Electivire|234\/292|[from] item: Life Orb
|faint|p2a: Maurice
|
|
|switch|p2a: Sebastian|Sableye-Mega, F|242\/303
|turn|15
|c|âCrouchingCrawdaunt|!weak sableye-mega
|raw|<div class="infobox">Sableye-Mega (ignoring abilities):<br><span class="message-effect-weak">Weaknesses<\/span>: Fairy<br><span class="message-effect-resist">Resistances<\/span>: Poison<br><span class="message-effect-immune">Immunities<\/span>: Fighting, Normal, Psychic<\/div>
|
|move|p1a: Electivire|Earthquake|p2a: Sebastian
|-damage|p2a: Sebastian|129\/303
|-damage|p1a: Electivire|205\/292|[from] item: Life Orb
|move|p2a: Sebastian|Knock Off|p1a: Electivire
|-damage|p1a: Electivire|76\/292
|-enditem|p1a: Electivire|Life Orb|[from] move: Knock Off|[of] p2a: Sebastian
|
|turn|16
|
|move|p1a: Electivire|Ice Punch|p2a: Sebastian
|-damage|p2a: Sebastian|62\/303
|move|p2a: Sebastian|Recover|p2a: Sebastian
|-heal|p2a: Sebastian|214\/303
|
|turn|17
|c|âRapidashite|you don't have a lightning move?
|
|move|p1a: Electivire|Wild Charge|p2a: Sebastian
|-damage|p2a: Sebastian|85\/303
|-damage|p1a: Electivire|44\/292|[from] recoil|[of] p2a: Sebastian
|move|p2a: Sebastian|Recover|p2a: Sebastian
|-heal|p2a: Sebastian|237\/303
|
|turn|18
|c|âCrouchingCrawdaunt|nah i do
|
|move|p1a: Electivire|Wild Charge|p2a: Sebastian
|-crit|p2a: Sebastian
|-damage|p2a: Sebastian|39\/303
|-damage|p1a: Electivire|0 fnt|[from] recoil|[of] p2a: Sebastian
|faint|p1a: Electivire
|move|p2a: Sebastian|Will-O-Wisp|p1: Electivire|[notarget]
|-notarget
|
|c|âCrouchingCrawdaunt|my electrivire is really good
|
|switch|p1a: Metagross|Metagross, shiny|301\/301
|turn|19
|c|âRapidashite|Wrecks my team
|c|âCrouchingCrawdaunt|by far one of my best pokemon
|
|move|p1a: Metagross|Bullet Punch|p2a: Sebastian
|-crit|p2a: Sebastian
|-damage|p2a: Sebastian|0 fnt
|faint|p2a: Sebastian
|
|c|âCrouchingCrawdaunt|that crit
|
|switch|p2a: Hubert|Talonflame, F|345\/345
|turn|20
|
|move|p2a: Hubert|Will-O-Wisp|p1a: Metagross
|-status|p1a: Metagross|brn
|move|p1a: Metagross|Zen Headbutt|p2a: Hubert
|-damage|p2a: Hubert|230\/345
|
|-heal|p2a: Hubert|251\/345|[from] item: Leftovers
|-damage|p1a: Metagross|264\/301 brn|[from] brn
|turn|21
|
|move|p2a: Hubert|Roost|p2a: Hubert
|-heal|p2a: Hubert|345\/345
|move|p1a: Metagross|Meteor Mash|p2a: Hubert
|-crit|p2a: Hubert
|-resisted|p2a: Hubert
|-damage|p2a: Hubert|259\/345
|
|-heal|p2a: Hubert|280\/345|[from] item: Leftovers
|-damage|p1a: Metagross|227\/301 brn|[from] brn
|turn|22
|c|âCrouchingCrawdaunt|no fire moves
|c|âRapidashite|nope
|
|move|p2a: Hubert|Will-O-Wisp|p1a: Metagross
|-fail|p1a: Metagross|brn
|move|p1a: Metagross|Zen Headbutt|p2a: Hubert
|-damage|p2a: Hubert|175\/345
|
|-heal|p2a: Hubert|196\/345|[from] item: Leftovers
|-damage|p1a: Metagross|190\/301 brn|[from] brn
|turn|23
|c|âCrouchingCrawdaunt|why
|
|move|p2a: Hubert|Roost|p2a: Hubert
|-heal|p2a: Hubert|345\/345
|move|p1a: Metagross|Zen Headbutt|p2a: Hubert|[miss]
|-miss|p1a: Metagross|p2a: Hubert
|
|-damage|p1a: Metagross|153\/301 brn|[from] brn
|turn|24
|c|âRapidashite|it's better without one
|c|âRapidashite|will-o-wisp for the lando t switch ins
|c|âCrouchingCrawdaunt|dont even get to use my occa berry :(
|
|switch|p1a: Heatran|Heatran, M|227\/323
|move|p2a: Hubert|Will-O-Wisp|p1a: Heatran
|-start|p1a: Heatran|ability: Flash Fire
|
|turn|25
|c|âCrouchingCrawdaunt|the plays
|c|âCrouchingCrawdaunt|predicted
|c|âCrouchingCrawdaunt|what does flash fire do though
|c|âRapidashite|makes fire attacks 1.5x stronger
|c|âRapidashite|not that that makes much of a difference to talonflame
|c|âCrouchingCrawdaunt|oh thats not gunna help lol
|
|move|p2a: Hubert|Taunt|p1a: Heatran
|-start|p1a: Heatran|move: Taunt
|move|p1a: Heatran|Lava Plume|p2a: Hubert
|-resisted|p2a: Hubert
|-damage|p2a: Hubert|211\/345
|
|-heal|p2a: Hubert|232\/345|[from] item: Leftovers
|turn|26
|
|move|p2a: Hubert|Brave Bird|p1a: Heatran
|-resisted|p1a: Heatran
|-damage|p1a: Heatran|149\/323
|-damage|p2a: Hubert|206\/345|[from] recoil|[of] p1a: Heatran
|move|p1a: Heatran|Dragon Pulse|p2a: Hubert
|-damage|p2a: Hubert|63\/345
|
|-heal|p2a: Hubert|84\/345|[from] item: Leftovers
|turn|27
|c|âCrouchingCrawdaunt|lol all my moves are atting moves
|
|move|p2a: Hubert|Roost|p2a: Hubert
|-heal|p2a: Hubert|257\/345
|move|p1a: Heatran|Dragon Pulse|p2a: Hubert
|-damage|p2a: Hubert|129\/345
|
|-heal|p2a: Hubert|150\/345|[from] item: Leftovers
|-end|p1a: Heatran|move: Taunt
|turn|28
|c|âCrouchingCrawdaunt|*attacking
|c|âRapidashite|stealth rocks would fuck me up
|
|move|p2a: Hubert|Taunt|p1a: Heatran
|-start|p1a: Heatran|move: Taunt
|move|p1a: Heatran|Dragon Pulse|p2a: Hubert
|-damage|p2a: Hubert|10\/345
|
|-heal|p2a: Hubert|31\/345|[from] item: Leftovers
|turn|29
|c|âCrouchingCrawdaunt|if only i had them
|c|âRapidashite|I'm not chancing it
|
|move|p2a: Hubert|Roost|p2a: Hubert
|-heal|p2a: Hubert|204\/345
|move|p1a: Heatran|Dragon Pulse|p2a: Hubert
|-damage|p2a: Hubert|58\/345
|
|-heal|p2a: Hubert|79\/345|[from] item: Leftovers
|turn|30
|
|move|p2a: Hubert|Roost|p2a: Hubert
|-heal|p2a: Hubert|252\/345
|move|p1a: Heatran|Dark Pulse|p2a: Hubert
|-damage|p2a: Hubert|129\/345
|
|-heal|p2a: Hubert|150\/345|[from] item: Leftovers
|-end|p1a: Heatran|move: Taunt
|turn|31
|
|move|p2a: Hubert|Roost|p2a: Hubert
|-heal|p2a: Hubert|323\/345
|move|p1a: Heatran|Dragon Pulse|p2a: Hubert
|-damage|p2a: Hubert|186\/345
|
|-heal|p2a: Hubert|207\/345|[from] item: Leftovers
|turn|32
|
|move|p2a: Hubert|Brave Bird|p1a: Heatran
|-resisted|p1a: Heatran
|-damage|p1a: Heatran|68\/323
|-damage|p2a: Hubert|180\/345|[from] recoil|[of] p1a: Heatran
|move|p1a: Heatran|Dragon Pulse|p2a: Hubert
|-damage|p2a: Hubert|40\/345
|
|-heal|p2a: Hubert|61\/345|[from] item: Leftovers
|turn|33
|
|move|p2a: Hubert|Roost|p2a: Hubert
|-heal|p2a: Hubert|234\/345
|move|p1a: Heatran|Dragon Pulse|p2a: Hubert
|-damage|p2a: Hubert|88\/345
|
|-heal|p2a: Hubert|109\/345|[from] item: Leftovers
|turn|34
|c|âCrouchingCrawdaunt|dont roost
|c|âCrouchingCrawdaunt|y
|c|âRapidashite|I can't win otherwise :p
|c|âCrouchingCrawdaunt|just die already
|
|move|p2a: Hubert|Roost|p2a: Hubert
|-heal|p2a: Hubert|282\/345
|move|p1a: Heatran|Dragon Pulse|p2a: Hubert
|-damage|p2a: Hubert|137\/345
|
|-heal|p2a: Hubert|158\/345|[from] item: Leftovers
|turn|35
|c|âCrouchingCrawdaunt|lol
|
|move|p2a: Hubert|Roost|p2a: Hubert
|-heal|p2a: Hubert|331\/345
|move|p1a: Heatran|Dragon Pulse|p2a: Hubert
|-damage|p2a: Hubert|206\/345
|
|-heal|p2a: Hubert|227\/345|[from] item: Leftovers
|turn|36
|
|move|p2a: Hubert|Brave Bird|p1a: Heatran
|-resisted|p1a: Heatran
|-damage|p1a: Heatran|0 fnt
|-damage|p2a: Hubert|205\/345|[from] recoil|[of] p1a: Heatran
|faint|p1a: Heatran
|
|-heal|p2a: Hubert|226\/345|[from] item: Leftovers
|
|switch|p1a: Dragonite|Dragonite, F|323\/323
|turn|37
|c|âRapidashite|hmm
|c|âRapidashite|what's it gonna be
|c|âRapidashite|banded or lum berry
|c|âRapidashite|if I guess wrong it's over...
|c|âRapidashite|fuck it
|c|âCrouchingCrawdaunt|youll soon find out
|c|âCrouchingCrawdaunt|lol
|
|move|p2a: Hubert|Brave Bird|p1a: Dragonite
|-damage|p1a: Dragonite|240\/323
|-damage|p2a: Hubert|199\/345|[from] recoil|[of] p1a: Dragonite
|move|p1a: Dragonite|Dragon Dance|p1a: Dragonite
|-boost|p1a: Dragonite|atk|1
|-boost|p1a: Dragonite|spe|1
|
|-heal|p1a: Dragonite|260\/323|[from] item: Leftovers
|-heal|p2a: Hubert|220\/345|[from] item: Leftovers
|turn|38
|
|move|p2a: Hubert|Brave Bird|p1a: Dragonite
|-damage|p1a: Dragonite|85\/323
|-damage|p2a: Hubert|162\/345|[from] recoil|[of] p1a: Dragonite
|move|p1a: Dragonite|Dragon Dance|p1a: Dragonite
|-boost|p1a: Dragonite|atk|1
|-boost|p1a: Dragonite|spe|1
|
|-heal|p1a: Dragonite|105\/323|[from] item: Leftovers
|-heal|p2a: Hubert|183\/345|[from] item: Leftovers
|turn|39
|c|âRapidashite|why would you do that?
|c|âCrouchingCrawdaunt|gale wings i presume
|
|move|p1a: Dragonite|Extreme Speed|p2a: Hubert
|-damage|p2a: Hubert|0 fnt
|faint|p2a: Hubert
|
|-heal|p1a: Dragonite|125\/323|[from] item: Leftovers
|c|âRapidashite|obv
|c|âCrouchingCrawdaunt|thats why
|c|âCrouchingCrawdaunt|lol
|c|âRapidashite|oh shit
|c|âCrouchingCrawdaunt|he op now
|
|switch|p2a: Clarence|Clefable, M|174\/393
|turn|40
|c|âRapidashite|guess what though.
|
|move|p1a: Dragonite|Extreme Speed|p2a: Clarence
|-damage|p2a: Clarence|79\/393
|move|p2a: Clarence|Moonblast|p1a: Dragonite
|-supereffective|p1a: Dragonite
|-damage|p1a: Dragonite|0 fnt
|faint|p1a: Dragonite
|
|-heal|p2a: Clarence|103\/393|[from] item: Leftovers
|c|âRapidashite|unaware
|c|âCrouchingCrawdaunt|fuck
|c|âCrouchingCrawdaunt|gg
|
|switch|p1a: Metagross|Metagross, shiny|153\/301 brn
|turn|41
|c|âRapidashite|gg
|c|âCrouchingCrawdaunt|nice team
|
|move|p1a: Metagross|Bullet Punch|p2a: Clarence
|-supereffective|p2a: Clarence
|-damage|p2a: Clarence|25\/393
|move|p2a: Clarence|Moonblast|p1a: Metagross
|-resisted|p1a: Metagross
|-damage|p1a: Metagross|94\/301 brn
|
|-heal|p2a: Clarence|49\/393|[from] item: Leftovers
|-damage|p1a: Metagross|57\/301 brn|[from] brn
|turn|42
|
|move|p1a: Metagross|Bullet Punch|p2a: Clarence
|-supereffective|p2a: Clarence
|-damage|p2a: Clarence|0 fnt
|faint|p2a: Clarence
|
|-damage|p1a: Metagross|20\/301 brn|[from] brn
|
|switch|p2a: Gertrude|Manaphy|401\/401
|turn|43
|
|move|p2a: Gertrude|Rest|p2a: Gertrude
|-fail|p2a: Gertrude
|move|p1a: Metagross|Meteor Mash|p2a: Gertrude
|-resisted|p2a: Gertrude
|-damage|p2a: Gertrude|356\/401
|-boost|p1a: Metagross|atk|1
|
|-heal|p2a: Gertrude|381\/401|[from] item: Leftovers
|-damage|p1a: Metagross|0 fnt|[from] brn
|faint|p1a: Metagross
|
|win|Rapidashite
|c|âRapidashite|gg
|c|âCrouchingCrawdaunt|gg
|leave|CrouchingCrawdaunt
|player|p1