|join|FardinFromPB
|join|rapidashite
|player|p1|FardinFromPB|266
|player|p2|rapidashite|154
|gametype|singles
|gen|6
|tier|OU
|rated
|clearpoke
|poke|p1|Sableye, M
|poke|p1|Chansey, F
|poke|p1|Cresselia, F
|poke|p1|Gothitelle, M
|poke|p1|Skarmory, F
|poke|p1|Quagsire, F
|poke|p2|Sableye, M
|poke|p2|Excadrill, M
|poke|p2|Manaphy
|poke|p2|Gliscor, M
|poke|p2|Talonflame, F
|poke|p2|Clefable, M
|rule|Swagger Clause: Swagger is banned
|rule|Baton Pass Clause: Limit one PokÃ©mon knowing Baton Pass
|rule|Sleep Clause Mod: Limit one foe put to sleep
|rule|Species Clause: Limit one of each PokÃ©mon
|rule|OHKO Clause: OHKO moves are banned
|rule|Moody Clause: Moody is banned
|rule|Evasion Moves Clause: Evasion moves are banned
|rule|Endless Battle Clause: Forcing endless battles is banned
|rule|HP Percentage Mod: HP is shown in percentages
|teampreview
|c|ârapidashite|what is with the full stall tonight
|c|ârapidashite|I just finished a game that went to 225 turns because of a cunt like yourself
|
|start
|switch|p1a: Sableye|Sableye, M|304\/304
|switch|p2a: Sebastian|Sableye, M|303\/303
|turn|1
|c|âFardinFromPB|dude
|c|âFardinFromPB|you're usingg a tsll
|c|ârapidashite|excadrill and talonflame
|
|detailschange|p2a: Sebastian|Sableye-Mega, M
|-mega|p2a: Sebastian|Sableye|Sablenite
|detailschange|p1a: Sableye|Sableye-Mega, M
|-mega|p1a: Sableye|Sableye|Sablenite
|move|p1a: Sableye|Calm Mind|p1a: Sableye
|-boost|p1a: Sableye|spa|1
|-boost|p1a: Sableye|spd|1
|move|p2a: Sebastian|Foul Play|p1a: Sableye
|-damage|p1a: Sableye|250\/304
|
|turn|2
|c|ârapidashite|yeah, pure stall
|
|switch|p2a: Clarence|Clefable, M|393\/393
|move|p1a: Sableye|Snarl|p2a: Clarence
|-resisted|p2a: Clarence
|-damage|p2a: Clarence|366\/393
|-unboost|p2a: Clarence|spa|1
|
|-heal|p2a: Clarence|390\/393|[from] item: Leftovers
|turn|3
|
|move|p2a: Clarence|Moonblast|p1a: Sableye
|-crit|p1a: Sableye
|-supereffective|p1a: Sableye
|-damage|p1a: Sableye|0 fnt
|faint|p1a: Sableye
|
|-heal|p2a: Clarence|393\/393|[from] item: Leftovers
|c|ârapidashite|gtfo
|
|switch|p1a: Gothitelle|Gothitelle, M|281\/281
|turn|4
|
|move|p1a: Gothitelle|Trick|p2a: Clarence
|-activate|p1a: Gothitelle|move: Trick|[of] p2a: Clarence
|-item|p2a: Clarence|Choice Scarf|[from] move: Trick
|-item|p1a: Gothitelle|Leftovers|[from] move: Trick
|move|p2a: Clarence|Moonblast|p1a: Gothitelle
|-damage|p1a: Gothitelle|211\/281
|
|-heal|p1a: Gothitelle|228\/281|[from] item: Leftovers
|turn|5
|
|move|p2a: Clarence|Moonblast|p1a: Gothitelle
|-damage|p1a: Gothitelle|162\/281
|-unboost|p1a: Gothitelle|spa|1
|move|p1a: Gothitelle|Calm Mind|p1a: Gothitelle
|-boost|p1a: Gothitelle|spa|1
|-boost|p1a: Gothitelle|spd|1
|
|-heal|p1a: Gothitelle|179\/281|[from] item: Leftovers
|turn|6
|
|move|p2a: Clarence|Moonblast|p1a: Gothitelle
|-damage|p1a: Gothitelle|115\/281
|move|p1a: Gothitelle|Calm Mind|p1a: Gothitelle
|-boost|p1a: Gothitelle|spa|1
|-boost|p1a: Gothitelle|spd|1
|
|-heal|p1a: Gothitelle|132\/281|[from] item: Leftovers
|turn|7
|
|move|p2a: Clarence|Moonblast|p1a: Gothitelle
|-damage|p1a: Gothitelle|62\/281
|move|p1a: Gothitelle|Calm Mind|p1a: Gothitelle
|-boost|p1a: Gothitelle|spa|1
|-boost|p1a: Gothitelle|spd|1
|
|-heal|p1a: Gothitelle|79\/281|[from] item: Leftovers
|turn|8
|
|move|p2a: Clarence|Moonblast|p1a: Gothitelle
|-damage|p1a: Gothitelle|12\/281
|move|p1a: Gothitelle|Rest|p1a: Gothitelle
|-status|p1a: Gothitelle|slp
|-heal|p1a: Gothitelle|281\/281 slp|[silent]
|-status|p1a: Gothitelle|slp|[from] move: Rest
|
|turn|9
|
|move|p2a: Clarence|Moonblast|p1a: Gothitelle
|-crit|p1a: Gothitelle
|-damage|p1a: Gothitelle|139\/281 slp
|cant|p1a: Gothitelle|slp
|
|-heal|p1a: Gothitelle|156\/281 slp|[from] item: Leftovers
|turn|10
|
|move|p2a: Clarence|Moonblast|p1a: Gothitelle
|-damage|p1a: Gothitelle|86\/281 slp
|cant|p1a: Gothitelle|slp
|
|-heal|p1a: Gothitelle|103\/281 slp|[from] item: Leftovers
|turn|11
|
|move|p2a: Clarence|Moonblast|p1a: Gothitelle
|-damage|p1a: Gothitelle|40\/281 slp
|-unboost|p1a: Gothitelle|spa|1
|-curestatus|p1a: Gothitelle|slp
|move|p1a: Gothitelle|Rest|p1a: Gothitelle
|-status|p1a: Gothitelle|slp
|-heal|p1a: Gothitelle|281\/281 slp|[silent]
|-status|p1a: Gothitelle|slp|[from] move: Rest
|
|turn|12
|
|move|p2a: Clarence|Moonblast|p1a: Gothitelle
|-crit|p1a: Gothitelle
|-damage|p1a: Gothitelle|127\/281 slp
|cant|p1a: Gothitelle|slp
|
|-heal|p1a: Gothitelle|144\/281 slp|[from] item: Leftovers
|turn|13
|
|move|p2a: Clarence|Moonblast|p1a: Gothitelle
|-damage|p1a: Gothitelle|77\/281 slp
|cant|p1a: Gothitelle|slp
|
|-heal|p1a: Gothitelle|94\/281 slp|[from] item: Leftovers
|turn|14
|
|move|p2a: Clarence|Moonblast|p1a: Gothitelle
|-damage|p1a: Gothitelle|25\/281 slp
|-unboost|p1a: Gothitelle|spa|1
|-curestatus|p1a: Gothitelle|slp
|move|p1a: Gothitelle|Rest|p1a: Gothitelle
|-status|p1a: Gothitelle|slp
|-heal|p1a: Gothitelle|281\/281 slp|[silent]
|-status|p1a: Gothitelle|slp|[from] move: Rest
|
|turn|15
|
|move|p2a: Clarence|Moonblast|p1a: Gothitelle
|-damage|p1a: Gothitelle|221\/281 slp
|cant|p1a: Gothitelle|slp
|
|-heal|p1a: Gothitelle|238\/281 slp|[from] item: Leftovers
|turn|16
|
|move|p2a: Clarence|Moonblast|p1a: Gothitelle
|-damage|p1a: Gothitelle|169\/281 slp
|cant|p1a: Gothitelle|slp
|
|-heal|p1a: Gothitelle|186\/281 slp|[from] item: Leftovers
|turn|17
|
|move|p2a: Clarence|Moonblast|p1a: Gothitelle
|-damage|p1a: Gothitelle|123\/281 slp
|-curestatus|p1a: Gothitelle|slp
|move|p1a: Gothitelle|Calm Mind|p1a: Gothitelle
|-boost|p1a: Gothitelle|spa|1
|-boost|p1a: Gothitelle|spd|1
|
|-heal|p1a: Gothitelle|140\/281|[from] item: Leftovers
|turn|18
|
|move|p2a: Clarence|Moonblast|p1a: Gothitelle
|-damage|p1a: Gothitelle|80\/281
|move|p1a: Gothitelle|Calm Mind|p1a: Gothitelle
|-boost|p1a: Gothitelle|spa|1
|-boost|p1a: Gothitelle|spd|1
|
|-heal|p1a: Gothitelle|97\/281|[from] item: Leftovers
|turn|19
|
|move|p2a: Clarence|Moonblast|p1a: Gothitelle
|-damage|p1a: Gothitelle|27\/281
|move|p1a: Gothitelle|Rest|p1a: Gothitelle
|-status|p1a: Gothitelle|slp
|-heal|p1a: Gothitelle|281\/281 slp|[silent]
|-status|p1a: Gothitelle|slp|[from] move: Rest
|
|turn|20
|
|move|p2a: Clarence|Moonblast|p1a: Gothitelle
|-damage|p1a: Gothitelle|214\/281 slp
|-unboost|p1a: Gothitelle|spa|1
|cant|p1a: Gothitelle|slp
|
|-heal|p1a: Gothitelle|231\/281 slp|[from] item: Leftovers
|turn|21
|
|move|p2a: Clarence|Moonblast|p1a: Gothitelle
|-crit|p1a: Gothitelle
|-damage|p1a: Gothitelle|84\/281 slp
|cant|p1a: Gothitelle|slp
|
|-heal|p1a: Gothitelle|101\/281 slp|[from] item: Leftovers
|turn|22
|
|move|p2a: Clarence|Moonblast|p1a: Gothitelle
|-damage|p1a: Gothitelle|38\/281 slp
|-curestatus|p1a: Gothitelle|slp
|move|p1a: Gothitelle|Rest|p1a: Gothitelle
|-status|p1a: Gothitelle|slp
|-heal|p1a: Gothitelle|281\/281 slp|[silent]
|-status|p1a: Gothitelle|slp|[from] move: Rest
|
|turn|23
|
|move|p2a: Clarence|Moonblast|p1a: Gothitelle
|-damage|p1a: Gothitelle|218\/281 slp
|cant|p1a: Gothitelle|slp
|
|-heal|p1a: Gothitelle|235\/281 slp|[from] item: Leftovers
|turn|24
|
|move|p2a: Clarence|Moonblast|p1a: Gothitelle
|-damage|p1a: Gothitelle|172\/281 slp
|-unboost|p1a: Gothitelle|spa|1
|cant|p1a: Gothitelle|slp
|
|-heal|p1a: Gothitelle|189\/281 slp|[from] item: Leftovers
|turn|25
|
|move|p2a: Clarence|Moonblast|p1a: Gothitelle
|-damage|p1a: Gothitelle|122\/281 slp
|-unboost|p1a: Gothitelle|spa|1
|-curestatus|p1a: Gothitelle|slp
|move|p1a: Gothitelle|Calm Mind|p1a: Gothitelle
|-boost|p1a: Gothitelle|spa|1
|-boost|p1a: Gothitelle|spd|1
|
|-heal|p1a: Gothitelle|139\/281|[from] item: Leftovers
|turn|26
|
|move|p2a: Clarence|Moonblast|p1a: Gothitelle
|-damage|p1a: Gothitelle|67\/281
|move|p1a: Gothitelle|Calm Mind|p1a: Gothitelle
|-boost|p1a: Gothitelle|spa|1
|
|-heal|p1a: Gothitelle|84\/281|[from] item: Leftovers
|turn|27
|
|move|p2a: Clarence|Struggle|p1a: Gothitelle
|-damage|p1a: Gothitelle|58\/281
|-damage|p2a: Clarence|295\/393
|move|p1a: Gothitelle|Rest|p1a: Gothitelle
|-status|p1a: Gothitelle|slp
|-heal|p1a: Gothitelle|281\/281 slp|[silent]
|-status|p1a: Gothitelle|slp|[from] move: Rest
|
|turn|28
|
|move|p2a: Clarence|Struggle|p1a: Gothitelle
|-damage|p1a: Gothitelle|259\/281 slp
|-damage|p2a: Clarence|197\/393
|cant|p1a: Gothitelle|slp
|
|-heal|p1a: Gothitelle|276\/281 slp|[from] item: Leftovers
|turn|29
|
|move|p2a: Clarence|Struggle|p1a: Gothitelle
|-damage|p1a: Gothitelle|252\/281 slp
|-damage|p2a: Clarence|99\/393
|cant|p1a: Gothitelle|slp
|
|-heal|p1a: Gothitelle|269\/281 slp|[from] item: Leftovers
|turn|30
|
|move|p2a: Clarence|Struggle|p1a: Gothitelle
|-damage|p1a: Gothitelle|244\/281 slp
|-damage|p2a: Clarence|1\/393
|-curestatus|p1a: Gothitelle|slp
|move|p1a: Gothitelle|Calm Mind|p1a: Gothitelle
|-boost|p1a: Gothitelle|spa|1
|
|-heal|p1a: Gothitelle|261\/281|[from] item: Leftovers
|turn|31
|
|switch|p1a: Cresselia|Cresselia, F|444\/444
|move|p2a: Clarence|Struggle|p1a: Cresselia
|-damage|p1a: Cresselia|430\/444
|-damage|p2a: Clarence|0 fnt
|faint|p2a: Clarence
|
|-heal|p1a: Cresselia|444\/444|[from] item: Leftovers
|
|switch|p2a: Sebastian|Sableye-Mega, M|303\/303
|turn|32
|
|move|p1a: Cresselia|Skill Swap|p2a: Sebastian
|-activate|p1a: Cresselia|move: Skill Swap|Magic Bounce|Levitate|[of] p2a: Sebastian
|move|p2a: Sebastian|Knock Off|p1a: Cresselia
|-supereffective|p1a: Cresselia
|-damage|p1a: Cresselia|306\/444
|-enditem|p1a: Cresselia|Leftovers|[from] move: Knock Off|[of] p2a: Sebastian
|
|turn|33
|
|switch|p2a: Gertrude|Manaphy|401\/401
|move|p1a: Cresselia|Toxic|p2a: Gertrude|[miss]
|-miss|p1a: Cresselia|p2a: Gertrude
|
|turn|34
|
|move|p2a: Gertrude|Rain Dance|p2a: Gertrude
|-weather|RainDance
|move|p1a: Cresselia|Toxic|p2a: Gertrude
|-status|p2a: Gertrude|tox
|
|-weather|RainDance|[upkeep]
|-curestatus|p2a: Gertrude|tox
|turn|35
|
|move|p2a: Gertrude|Scald|p1a: Cresselia
|-damage|p1a: Cresselia|192\/444
|move|p1a: Cresselia|Skill Swap|p2a: Gertrude
|-activate|p1a: Cresselia|move: Skill Swap|Hydration|Magic Bounce|[of] p2a: Gertrude
|
|-weather|RainDance|[upkeep]
|turn|36
|
|move|p2a: Gertrude|U-turn|p1a: Cresselia
|-supereffective|p1a: Cresselia
|-damage|p1a: Cresselia|128\/444
|
|switch|p2a: Maurice|Gliscor, M|353\/353
|move|p1a: Cresselia|Moonlight|p1a: Cresselia
|-heal|p1a: Cresselia|239\/444
|
|-weather|RainDance|[upkeep]
|-status|p2a: Maurice|tox|[from] item: Toxic Orb
|turn|37
|
|move|p2a: Maurice|U-turn|p1a: Cresselia
|-supereffective|p1a: Cresselia
|-damage|p1a: Cresselia|169\/444
|
|switch|p2a: Gertrude|Manaphy|401\/401
|move|p1a: Cresselia|Skill Swap|p2a: Gertrude
|-activate|p1a: Cresselia|move: Skill Swap|Hydration|Hydration|[of] p2a: Gertrude
|
|-weather|RainDance|[upkeep]
|turn|38
|
|move|p2a: Gertrude|U-turn|p1a: Cresselia
|-supereffective|p1a: Cresselia
|-damage|p1a: Cresselia|107\/444
|
|switch|p2a: Maurice|Gliscor, M|353\/353 tox
|move|p1a: Cresselia|Moonlight|p1a: Cresselia
|-heal|p1a: Cresselia|218\/444
|
|-weather|none
|turn|39
|
|switch|p1a: Gothitelle|Gothitelle, M|261\/281
|move|p2a: Maurice|U-turn|p1a: Gothitelle
|-supereffective|p1a: Gothitelle
|-damage|p1a: Gothitelle|151\/281
|
|switch|p2a: Sebastian|Sableye-Mega, M|303\/303
|
|-heal|p1a: Gothitelle|168\/281|[from] item: Leftovers
|turn|40
|
|switch|p1a: Quagsire|Quagsire, F|394\/394
|move|p2a: Sebastian|Will-O-Wisp|p1a: Quagsire
|-status|p1a: Quagsire|brn
|
|-damage|p1a: Quagsire|345\/394 brn|[from] brn
|turn|41
|
|move|p1a: Quagsire|Scald|p2a: Sebastian
|-damage|p2a: Sebastian|255\/303
|move|p2a: Sebastian|Knock Off|p1a: Quagsire
|-damage|p1a: Quagsire|269\/394 brn
|-enditem|p1a: Quagsire|Leftovers|[from] move: Knock Off|[of] p2a: Sebastian
|
|-damage|p1a: Quagsire|220\/394 brn|[from] brn
|turn|42
|-message|FardinFromPB forfeited.
|leave|FardinFromPB
|
|win|rapidashite
|raw|Ladder updating...
|player|p1
|raw|FardinFromPB's rating: 1359 &rarr; <strong>1342<\/strong><br \/>(-17 for losing)
|raw|rapidashite's rating: 1415 &rarr; <strong>1432<\/strong><br \/>(+17 for winning)