|join|Vrille
|join|oadfjsn
|player|p1|Vrille|285
|player|p2|oadfjsn|20
|gametype|singles
|gen|5
|tier|[Gen 5] OU
|rated
|rule|Evasion Abilities Clause: Evasion abilities are banned
|clearpoke
|poke|p1|Abomasnow, F
|poke|p1|Gliscor, F
|poke|p1|Keldeo-Resolute
|poke|p1|Volcarona, F
|poke|p1|Starmie
|poke|p1|Jirachi
|poke|p2|Gengar, F
|poke|p2|Latias, F
|poke|p2|Hippowdon, F
|poke|p2|Forretress, M
|poke|p2|Rotom-Wash
|poke|p2|Terrakion
|rule|Sleep Clause Mod: Limit one foe put to sleep
|rule|Species Clause: Limit one of each PokÃ©mon
|rule|OHKO Clause: OHKO moves are banned
|rule|Moody Clause: Moody is banned
|rule|Evasion Moves Clause: Evasion moves are banned
|rule|Endless Battle Clause: Forcing endless battles is banned
|rule|HP Percentage Mod: HP is reported as percentages
|teampreview
|
|start
|switch|p1a: Hank|Gliscor, F|352\/352
|switch|p2a: Gengar|Gengar, F|289\/289
|turn|1
|
|switch|p1a: Todd|Jirachi|362\/362
|move|p2a: Gengar|Substitute|p2a: Gengar
|-start|p2a: Gengar|Substitute
|-damage|p2a: Gengar|217\/289
|
|-heal|p2a: Gengar|235\/289|[from] item: Black Sludge
|turn|2
|
|move|p1a: Todd|Iron Head|p2a: Gengar
|-end|p2a: Gengar|Substitute
|move|p2a: Gengar|Will-O-Wisp|p1a: Todd
|-status|p1a: Todd|brn
|
|-heal|p2a: Gengar|253\/289|[from] item: Black Sludge
|-damage|p1a: Todd|317\/362 brn|[from] brn
|turn|3
|
|switch|p1a: Gus|Volcarona, F|351\/351
|switch|p2a: Rotom-Wash|Rotom-Wash|303\/303
|
|turn|4
|
|move|p1a: Gus|Quiver Dance|p1a: Gus
|-boost|p1a: Gus|spa|1
|-boost|p1a: Gus|spd|1
|-boost|p1a: Gus|spe|1
|move|p2a: Rotom-Wash|Volt Switch|p1a: Gus
|-damage|p1a: Gus|290\/351
|
|switch|p2a: Terrakion|Terrakion|323\/323
|
|-heal|p1a: Gus|311\/351|[from] item: Leftovers
|turn|5
|
|switch|p1a: Jess|Keldeo-Resolute|323\/323
|move|p2a: Terrakion|Rock Slide|p1a: Jess
|-resisted|p1a: Jess
|-damage|p1a: Jess|255\/323
|
|turn|6
|
|switch|p2a: Latias|Latias, F|363\/363
|move|p1a: Jess|Hidden Power|p2a: Latias
|-supereffective|p2a: Latias
|-damage|p2a: Latias|153\/363
|
|-heal|p2a: Latias|175\/363|[from] item: Leftovers
|turn|7
|
|switch|p2a: Rotom-Wash|Rotom-Wash|303\/303
|switch|p1a: Hank|Gliscor, F|352\/352
|
|-status|p1a: Hank|tox|[from] item: Toxic Orb
|turn|8
|
|switch|p2a: Gengar|Gengar, F|253\/289
|move|p1a: Hank|Stealth Rock|p2a: Gengar
|-sidestart|p2: oadfjsn|move: Stealth Rock
|
|-heal|p2a: Gengar|271\/289|[from] item: Black Sludge
|turn|9
|
|move|p2a: Gengar|Substitute|p2a: Gengar
|-start|p2a: Gengar|Substitute
|-damage|p2a: Gengar|199\/289
|move|p1a: Hank|Ice Fang|p2a: Gengar
|-crit|p2a: Gengar
|-end|p2a: Gengar|Substitute
|
|-heal|p2a: Gengar|217\/289|[from] item: Black Sludge
|turn|10
|
|switch|p1a: Gus|Volcarona, F|311\/351
|move|p2a: Gengar|Shadow Ball|p1a: Gus
|-damage|p1a: Gus|190\/351
|
|-heal|p2a: Gengar|235\/289|[from] item: Black Sludge
|-heal|p1a: Gus|211\/351|[from] item: Leftovers
|turn|11
|
|switch|p2a: Terrakion|Terrakion|323\/323
|-damage|p2a: Terrakion|303\/323|[from] Stealth Rock
|move|p1a: Gus|Roost|p1a: Gus
|-heal|p1a: Gus|351\/351
|
|turn|12
|
|switch|p1a: Hank|Gliscor, F|352\/352 tox
|move|p2a: Terrakion|Rock Slide|p1a: Hank
|-damage|p1a: Hank|261\/352 tox
|
|-heal|p1a: Hank|305\/352 tox|[from] ability: Poison Heal
|turn|13
|join|BlackKaiser
|
|switch|p2a: Forretress|Forretress, M|352\/352
|-damage|p2a: Forretress|308\/352|[from] Stealth Rock
|move|p1a: Hank|Taunt|p2a: Forretress
|-start|p2a: Forretress|move: Taunt
|
|-heal|p2a: Forretress|330\/352|[from] item: Leftovers
|-heal|p1a: Hank|349\/352 tox|[from] ability: Poison Heal
|turn|14
|leave|BlackKaiser
|
|switch|p1a: Jess|Keldeo-Resolute|255\/323
|switch|p2a: Rotom-Wash|Rotom-Wash|303\/303
|-damage|p2a: Rotom-Wash|266\/303|[from] Stealth Rock
|
|-heal|p2a: Rotom-Wash|284\/303|[from] item: Leftovers
|turn|15
|
|switch|p1a: Heisenberg|Abomasnow, F|371\/371
|-weather|Hail|[from] ability: Snow Warning|[of] p1a: Heisenberg
|move|p2a: Rotom-Wash|Will-O-Wisp|p1a: Heisenberg
|-status|p1a: Heisenberg|brn
|
|-weather|Hail|[upkeep]
|-damage|p2a: Rotom-Wash|266\/303|[from] hail
|-heal|p2a: Rotom-Wash|284\/303|[from] item: Leftovers
|-damage|p1a: Heisenberg|325\/371 brn|[from] brn
|turn|16
|
|switch|p2a: Forretress|Forretress, M|330\/352
|-damage|p2a: Forretress|286\/352|[from] Stealth Rock
|switch|p1a: Gus|Volcarona, F|351\/351
|
|-weather|Hail|[upkeep]
|-damage|p1a: Gus|330\/351|[from] hail
|-damage|p2a: Forretress|264\/352|[from] hail
|-heal|p1a: Gus|351\/351|[from] item: Leftovers
|-heal|p2a: Forretress|286\/352|[from] item: Leftovers
|turn|17
|
|switch|p2a: Terrakion|Terrakion|303\/323
|-damage|p2a: Terrakion|283\/323|[from] Stealth Rock
|move|p1a: Gus|Fire Blast|p2a: Terrakion
|-resisted|p2a: Terrakion
|-damage|p2a: Terrakion|172\/323
|
|-weather|Hail|[upkeep]
|-damage|p2a: Terrakion|152\/323|[from] hail
|-damage|p1a: Gus|330\/351|[from] hail
|-heal|p1a: Gus|351\/351|[from] item: Leftovers
|turn|18
|
|switch|p2a: Forretress|Forretress, M|286\/352
|-damage|p2a: Forretress|242\/352|[from] Stealth Rock
|switch|p1a: Todd|Jirachi|317\/362 brn
|
|-weather|Hail|[upkeep]
|-damage|p1a: Todd|295\/362 brn|[from] hail
|-damage|p2a: Forretress|220\/352|[from] hail
|-heal|p2a: Forretress|242\/352|[from] item: Leftovers
|-damage|p1a: Todd|250\/362 brn|[from] brn
|turn|19
|
|move|p1a: Todd|Fire Punch|p2a: Forretress
|-supereffective|p2a: Forretress
|-damage|p2a: Forretress|158\/352
|-status|p2a: Forretress|brn
|move|p2a: Forretress|Toxic Spikes|p1a: Todd
|-sidestart|p1: Vrille|move: Toxic Spikes
|
|-weather|Hail|[upkeep]
|-damage|p1a: Todd|228\/362 brn|[from] hail
|-damage|p2a: Forretress|136\/352 brn|[from] hail
|-heal|p2a: Forretress|158\/352 brn|[from] item: Leftovers
|-damage|p1a: Todd|183\/362 brn|[from] brn
|-damage|p2a: Forretress|114\/352 brn|[from] brn
|turn|20
|
|switch|p2a: Rotom-Wash|Rotom-Wash|284\/303
|-damage|p2a: Rotom-Wash|247\/303|[from] Stealth Rock
|move|p1a: Todd|Fire Punch|p2a: Rotom-Wash
|-resisted|p2a: Rotom-Wash
|-damage|p2a: Rotom-Wash|232\/303
|
|-weather|Hail|[upkeep]
|-damage|p1a: Todd|161\/362 brn|[from] hail
|-damage|p2a: Rotom-Wash|214\/303|[from] hail
|-heal|p2a: Rotom-Wash|232\/303|[from] item: Leftovers
|-damage|p1a: Todd|116\/362 brn|[from] brn
|turn|21
|
|switch|p1a: Heisenberg|Abomasnow, F|325\/371 brn
|move|p2a: Rotom-Wash|Volt Switch|p1a: Heisenberg
|-resisted|p1a: Heisenberg
|-damage|p1a: Heisenberg|277\/371 brn
|
|switch|p2a: Hippowdon|Hippowdon, F|419\/419
|-damage|p2a: Hippowdon|393\/419|[from] Stealth Rock
|-weather|Sandstorm|[from] ability: Sand Stream|[of] p2a: Hippowdon
|
|-weather|Sandstorm|[upkeep]
|-damage|p1a: Heisenberg|254\/371 brn|[from] sandstorm
|-heal|p1a: Heisenberg|277\/371 brn|[from] item: Leftovers
|-heal|p2a: Hippowdon|419\/419|[from] item: Leftovers
|-damage|p1a: Heisenberg|231\/371 brn|[from] brn
|turn|22
|
|switch|p2a: Forretress|Forretress, M|114\/352 brn
|-damage|p2a: Forretress|70\/352 brn|[from] Stealth Rock
|move|p1a: Heisenberg|Wood Hammer|p2a: Forretress
|-resisted|p2a: Forretress
|-damage|p2a: Forretress|55\/352 brn
|-damage|p1a: Heisenberg|226\/371 brn|[from] recoil|[of] p2a: Forretress
|
|-weather|Sandstorm|[upkeep]
|-damage|p1a: Heisenberg|203\/371 brn|[from] sandstorm
|-heal|p1a: Heisenberg|226\/371 brn|[from] item: Leftovers
|-heal|p2a: Forretress|77\/352 brn|[from] item: Leftovers
|-damage|p1a: Heisenberg|180\/371 brn|[from] brn
|-damage|p2a: Forretress|33\/352 brn|[from] brn
|turn|23
|
|move|p1a: Heisenberg|Earthquake|p2a: Forretress
|-damage|p2a: Forretress|0 fnt
|faint|p2a: Forretress
|
|-weather|Sandstorm|[upkeep]
|-damage|p1a: Heisenberg|157\/371 brn|[from] sandstorm
|-heal|p1a: Heisenberg|180\/371 brn|[from] item: Leftovers
|-damage|p1a: Heisenberg|134\/371 brn|[from] brn
|
|switch|p2a: Gengar|Gengar, F|235\/289
|-damage|p2a: Gengar|199\/289|[from] Stealth Rock
|turn|24
|
|switch|p1a: Todd|Jirachi|116\/362 brn
|move|p2a: Gengar|Substitute|p2a: Gengar
|-start|p2a: Gengar|Substitute
|-damage|p2a: Gengar|127\/289
|
|-weather|Sandstorm|[upkeep]
|-damage|p2a: Gengar|109\/289|[from] sandstorm
|-heal|p2a: Gengar|127\/289|[from] item: Black Sludge
|-damage|p1a: Todd|71\/362 brn|[from] brn
|turn|25
|
|move|p1a: Todd|Zen Headbutt|p2a: Gengar
|-supereffective|p2a: Gengar
|-end|p2a: Gengar|Substitute
|move|p2a: Gengar|Shadow Ball|p1a: Todd
|-damage|p1a: Todd|0 fnt
|faint|p1a: Todd
|
|-weather|Sandstorm|[upkeep]
|-damage|p2a: Gengar|109\/289|[from] sandstorm
|-heal|p2a: Gengar|127\/289|[from] item: Black Sludge
|
|switch|p1a: Jess|Keldeo-Resolute|255\/323
|-status|p1a: Jess|psn
|turn|26
|
|switch|p2a: Rotom-Wash|Rotom-Wash|232\/303
|-damage|p2a: Rotom-Wash|195\/303|[from] Stealth Rock
|move|p1a: Jess|Surf|p2a: Rotom-Wash
|-resisted|p2a: Rotom-Wash
|-damage|p2a: Rotom-Wash|102\/303
|
|-weather|Sandstorm|[upkeep]
|-damage|p1a: Jess|235\/323 psn|[from] sandstorm
|-damage|p2a: Rotom-Wash|84\/303|[from] sandstorm
|-heal|p2a: Rotom-Wash|102\/303|[from] item: Leftovers
|-damage|p1a: Jess|195\/323 psn|[from] psn
|turn|27
|
|switch|p1a: Heisenberg|Abomasnow, F|134\/371 brn
|-weather|Hail|[from] ability: Snow Warning|[of] p1a: Heisenberg
|move|p2a: Rotom-Wash|Pain Split|p1a: Heisenberg
|-sethp|p1a: Heisenberg|118\/371 brn|p2a: Rotom-Wash|118\/303|[from] move: Pain Split
|
|-weather|Hail|[upkeep]
|-damage|p2a: Rotom-Wash|100\/303|[from] hail
|-heal|p2a: Rotom-Wash|118\/303|[from] item: Leftovers
|-heal|p1a: Heisenberg|141\/371 brn|[from] item: Leftovers
|-damage|p1a: Heisenberg|95\/371 brn|[from] brn
|turn|28
|
|move|p2a: Rotom-Wash|Volt Switch|p1a: Heisenberg
|-resisted|p1a: Heisenberg
|-damage|p1a: Heisenberg|44\/371 brn
|
|switch|p2a: Hippowdon|Hippowdon, F|419\/419
|-damage|p2a: Hippowdon|393\/419|[from] Stealth Rock
|-weather|Sandstorm|[from] ability: Sand Stream|[of] p2a: Hippowdon
|move|p1a: Heisenberg|Wood Hammer|p2a: Hippowdon
|-supereffective|p2a: Hippowdon
|-damage|p2a: Hippowdon|261\/419
|-damage|p1a: Heisenberg|0 fnt|[from] recoil|[of] p2a: Hippowdon
|faint|p1a: Heisenberg
|
|-weather|Sandstorm|[upkeep]
|-heal|p2a: Hippowdon|287\/419|[from] item: Leftovers
|
|switch|p1a: Hank|Gliscor, F|349\/352 tox
|turn|29
|
|switch|p2a: Rotom-Wash|Rotom-Wash|118\/303
|-damage|p2a: Rotom-Wash|81\/303|[from] Stealth Rock
|move|p1a: Hank|Taunt|p2a: Rotom-Wash
|-start|p2a: Rotom-Wash|move: Taunt
|
|-weather|Sandstorm|[upkeep]
|-damage|p2a: Rotom-Wash|63\/303|[from] sandstorm
|-heal|p2a: Rotom-Wash|81\/303|[from] item: Leftovers
|-heal|p1a: Hank|352\/352 tox|[from] ability: Poison Heal
|turn|30
|
|switch|p1a: Skyler|Starmie|323\/323
|-status|p1a: Skyler|psn
|move|p2a: Rotom-Wash|Hydro Pump|p1a: Skyler
|-resisted|p1a: Skyler
|-damage|p1a: Skyler|253\/323 psn
|
|-weather|Sandstorm|[upkeep]
|-damage|p1a: Skyler|233\/323 psn|[from] sandstorm
|-damage|p2a: Rotom-Wash|63\/303|[from] sandstorm
|-heal|p1a: Skyler|253\/323 psn|[from] item: Leftovers
|-heal|p2a: Rotom-Wash|81\/303|[from] item: Leftovers
|-damage|p1a: Skyler|213\/323 psn|[from] psn
|turn|31
|
|switch|p2a: Gengar|Gengar, F|127\/289
|-damage|p2a: Gengar|91\/289|[from] Stealth Rock
|move|p1a: Skyler|Rapid Spin|p2a: Gengar
|-immune|p2a: Gengar|[msg]
|
|-weather|Sandstorm|[upkeep]
|-damage|p2a: Gengar|73\/289|[from] sandstorm
|-damage|p1a: Skyler|193\/323 psn|[from] sandstorm
|-heal|p2a: Gengar|91\/289|[from] item: Black Sludge
|-heal|p1a: Skyler|213\/323 psn|[from] item: Leftovers
|-damage|p1a: Skyler|173\/323 psn|[from] psn
|turn|32
|
|switch|p2a: Rotom-Wash|Rotom-Wash|81\/303
|-damage|p2a: Rotom-Wash|44\/303|[from] Stealth Rock
|move|p1a: Skyler|Rapid Spin|p2a: Rotom-Wash
|-crit|p2a: Rotom-Wash
|-damage|p2a: Rotom-Wash|22\/303
|-sideend|p1: Vrille|Toxic Spikes|[from] move: Rapid Spin|[of] p1a: Skyler
|
|-weather|Sandstorm|[upkeep]
|-damage|p1a: Skyler|153\/323 psn|[from] sandstorm
|-damage|p2a: Rotom-Wash|4\/303|[from] sandstorm
|-heal|p1a: Skyler|173\/323 psn|[from] item: Leftovers
|-heal|p2a: Rotom-Wash|22\/303|[from] item: Leftovers
|-damage|p1a: Skyler|133\/323 psn|[from] psn
|turn|33
|
|move|p1a: Skyler|Scald|p2a: Rotom-Wash
|-resisted|p2a: Rotom-Wash
|-damage|p2a: Rotom-Wash|0 fnt
|faint|p2a: Rotom-Wash
|
|-weather|Sandstorm|[upkeep]
|-damage|p1a: Skyler|113\/323 psn|[from] sandstorm
|-heal|p1a: Skyler|133\/323 psn|[from] item: Leftovers
|-damage|p1a: Skyler|93\/323 psn|[from] psn
|
|switch|p2a: Latias|Latias, F|175\/363
|-damage|p2a: Latias|130\/363|[from] Stealth Rock
|turn|34
|
|move|p2a: Latias|Roost|p2a: Latias
|-heal|p2a: Latias|312\/363
|move|p1a: Skyler|Recover|p1a: Skyler
|-heal|p1a: Skyler|255\/323 psn
|
|-weather|Sandstorm|[upkeep]
|-damage|p2a: Latias|290\/363|[from] sandstorm
|-damage|p1a: Skyler|235\/323 psn|[from] sandstorm
|-heal|p2a: Latias|312\/363|[from] item: Leftovers
|-heal|p1a: Skyler|255\/323 psn|[from] item: Leftovers
|-damage|p1a: Skyler|215\/323 psn|[from] psn
|turn|35
|
|move|p2a: Latias|Calm Mind|p2a: Latias
|-boost|p2a: Latias|spa|1
|-boost|p2a: Latias|spd|1
|move|p1a: Skyler|Toxic|p2a: Latias
|-status|p2a: Latias|tox
|
|-weather|Sandstorm|[upkeep]
|-damage|p2a: Latias|290\/363 tox|[from] sandstorm
|-damage|p1a: Skyler|195\/323 psn|[from] sandstorm
|-heal|p2a: Latias|312\/363 tox|[from] item: Leftovers
|-heal|p1a: Skyler|215\/323 psn|[from] item: Leftovers
|-damage|p2a: Latias|290\/363 tox|[from] psn
|-damage|p1a: Skyler|175\/323 psn|[from] psn
|turn|36
|
|switch|p1a: Hank|Gliscor, F|352\/352 tox
|move|p2a: Latias|Dragon Pulse|p1a: Hank
|-damage|p1a: Hank|138\/352 tox
|
|-weather|Sandstorm|[upkeep]
|-damage|p2a: Latias|268\/363 tox|[from] sandstorm
|-heal|p2a: Latias|290\/363 tox|[from] item: Leftovers
|-damage|p2a: Latias|246\/363 tox|[from] psn
|-heal|p1a: Hank|182\/352 tox|[from] ability: Poison Heal
|turn|37
|
|switch|p1a: Skyler|Starmie|175\/323
|move|p2a: Latias|Dragon Pulse|p1a: Skyler
|-damage|p1a: Skyler|18\/323
|
|-weather|Sandstorm|[upkeep]
|-damage|p2a: Latias|224\/363 tox|[from] sandstorm
|-damage|p1a: Skyler|0 fnt|[from] sandstorm
|-heal|p2a: Latias|246\/363 tox|[from] item: Leftovers
|-damage|p2a: Latias|180\/363 tox|[from] psn
|faint|p1a: Skyler
|
|switch|p1a: Gus|Volcarona, F|351\/351
|turn|38
|
|switch|p2a: Terrakion|Terrakion|152\/323
|-damage|p2a: Terrakion|132\/323|[from] Stealth Rock
|move|p1a: Gus|Quiver Dance|p1a: Gus
|-boost|p1a: Gus|spa|1
|-boost|p1a: Gus|spd|1
|-boost|p1a: Gus|spe|1
|
|-weather|Sandstorm|[upkeep]
|-damage|p1a: Gus|330\/351|[from] sandstorm
|-heal|p1a: Gus|351\/351|[from] item: Leftovers
|turn|39
|
|switch|p1a: Jess|Keldeo-Resolute|195\/323 psn
|move|p2a: Terrakion|Rock Slide|p1a: Jess
|-miss|p2a: Terrakion|p1a: Jess
|
|-weather|Sandstorm|[upkeep]
|-damage|p1a: Jess|175\/323 psn|[from] sandstorm
|-damage|p1a: Jess|135\/323 psn|[from] psn
|turn|40
|
|switch|p2a: Gengar|Gengar, F|91\/289
|-damage|p2a: Gengar|55\/289|[from] Stealth Rock
|move|p1a: Jess|Surf|p2a: Gengar
|-damage|p2a: Gengar|0 fnt
|faint|p2a: Gengar
|
|-weather|Sandstorm|[upkeep]
|-damage|p1a: Jess|115\/323 psn|[from] sandstorm
|-damage|p1a: Jess|75\/323 psn|[from] psn
|
|switch|p2a: Latias|Latias, F|180\/363 tox
|-damage|p2a: Latias|135\/363 tox|[from] Stealth Rock
|turn|41
|
|switch|p1a: Gus|Volcarona, F|351\/351
|move|p2a: Latias|Roost|p2a: Latias
|-heal|p2a: Latias|317\/363 tox
|
|-weather|Sandstorm|[upkeep]
|-damage|p2a: Latias|295\/363 tox|[from] sandstorm
|-damage|p1a: Gus|330\/351|[from] sandstorm
|-heal|p2a: Latias|317\/363 tox|[from] item: Leftovers
|-heal|p1a: Gus|351\/351|[from] item: Leftovers
|-damage|p2a: Latias|295\/363 tox|[from] psn
|turn|42
|
|switch|p2a: Hippowdon|Hippowdon, F|287\/419
|-damage|p2a: Hippowdon|261\/419|[from] Stealth Rock
|move|p1a: Gus|Fire Blast|p2a: Hippowdon
|-damage|p2a: Hippowdon|23\/419
|
|-weather|Sandstorm|[upkeep]
|-damage|p1a: Gus|330\/351|[from] sandstorm
|-heal|p1a: Gus|351\/351|[from] item: Leftovers
|-heal|p2a: Hippowdon|49\/419|[from] item: Leftovers
|turn|43
|
|move|p1a: Gus|Bug Buzz|p2a: Hippowdon
|-crit|p2a: Hippowdon
|-damage|p2a: Hippowdon|0 fnt
|faint|p2a: Hippowdon
|
|-weather|Sandstorm|[upkeep]
|-damage|p1a: Gus|330\/351|[from] sandstorm
|-heal|p1a: Gus|351\/351|[from] item: Leftovers
|
|switch|p2a: Terrakion|Terrakion|132\/323
|-damage|p2a: Terrakion|112\/323|[from] Stealth Rock
|turn|44
|
|switch|p1a: Jess|Keldeo-Resolute|75\/323 psn
|move|p2a: Terrakion|Rock Slide|p1a: Jess
|-resisted|p1a: Jess
|-damage|p1a: Jess|0 fnt
|faint|p1a: Jess
|
|-weather|Sandstorm|[upkeep]
|
|switch|p1a: Hank|Gliscor, F|182\/352 tox
|turn|45
|
|move|p2a: Terrakion|Rock Slide|p1a: Hank
|-damage|p1a: Hank|91\/352 tox
|move|p1a: Hank|Earthquake|p2a: Terrakion
|-supereffective|p2a: Terrakion
|-damage|p2a: Terrakion|0 fnt
|faint|p2a: Terrakion
|
|-weather|Sandstorm|[upkeep]
|-heal|p1a: Hank|135\/352 tox|[from] ability: Poison Heal
|-message|oadfjsn forfeited.
|
|win|Vrille
|raw|Ladder updating...
|leave|oadfjsn
|player|p2
|raw|Vrille's rating: 1164 &rarr; <strong>1194<\/strong><br \/>(+30 for winning)
|raw|oadfjsn's rating: 1228 &rarr; <strong>1198<\/strong><br \/>(-30 for losing)