|join|Invinc
|join|Vrille
|player|p1|Invinc|161
|player|p2|Vrille|285
|gametype|singles
|gen|5
|tier|[Gen 5] OU
|rated
|rule|Evasion Abilities Clause: Evasion abilities are banned
|clearpoke
|poke|p1|Swampert, M
|poke|p1|Politoed, F
|poke|p1|Poliwrath, M
|poke|p1|Lanturn, M
|poke|p1|Volcarona, F
|poke|p1|Ludicolo, M
|poke|p2|Abomasnow, M
|poke|p2|Gliscor, M
|poke|p2|Keldeo-Resolute
|poke|p2|Volcarona, F
|poke|p2|Starmie
|poke|p2|Jirachi
|rule|Sleep Clause Mod: Limit one foe put to sleep
|rule|Species Clause: Limit one of each PokÃ©mon
|rule|OHKO Clause: OHKO moves are banned
|rule|Moody Clause: Moody is banned
|rule|Evasion Moves Clause: Evasion moves are banned
|rule|Endless Battle Clause: Forcing endless battles is banned
|rule|HP Percentage Mod: HP is reported as percentages
|teampreview
|
|start
|switch|p1a: Lanturn|Lanturn, M|391\/391
|switch|p2a: Skyler|Starmie|323\/323
|-item|p1a: Lanturn|Air Balloon
|turn|1
|
|move|p2a: Skyler|Toxic|p1a: Lanturn
|-status|p1a: Lanturn|tox
|move|p1a: Lanturn|Charge Beam|p2a: Skyler
|-supereffective|p2a: Skyler
|-damage|p2a: Skyler|201\/323
|-boost|p1a: Lanturn|spa|1
|
|-heal|p2a: Skyler|221\/323|[from] item: Leftovers
|-damage|p1a: Lanturn|367\/391 tox|[from] psn
|turn|2
|
|switch|p2a: Heisenberg|Abomasnow, M|371\/371
|-weather|Hail|[from] ability: Snow Warning|[of] p2a: Heisenberg
|move|p1a: Lanturn|Charge Beam|p2a: Heisenberg
|-resisted|p2a: Heisenberg
|-damage|p2a: Heisenberg|314\/371
|
|-weather|Hail|[upkeep]
|-damage|p1a: Lanturn|343\/391 tox|[from] hail
|-heal|p2a: Heisenberg|337\/371|[from] item: Leftovers
|-damage|p1a: Lanturn|295\/391 tox|[from] psn
|turn|3
|
|move|p2a: Heisenberg|Protect|p2a: Heisenberg
|-singleturn|p2a: Heisenberg|Protect
|move|p1a: Lanturn|Ice Beam|p2a: Heisenberg
|-activate|p2a: Heisenberg|Protect
|
|-weather|Hail|[upkeep]
|-damage|p1a: Lanturn|271\/391 tox|[from] hail
|-heal|p2a: Heisenberg|360\/371|[from] item: Leftovers
|-damage|p1a: Lanturn|199\/391 tox|[from] psn
|turn|4
|
|switch|p1a: Volcarona|Volcarona, F|311\/311
|move|p2a: Heisenberg|Wood Hammer|p1a: Volcarona
|-resisted|p1a: Volcarona
|-damage|p1a: Volcarona|247\/311
|-status|p2a: Heisenberg|brn
|-damage|p2a: Heisenberg|339\/371 brn|[from] recoil|[of] p1a: Volcarona
|
|-weather|Hail|[upkeep]
|-damage|p1a: Volcarona|228\/311|[from] hail
|-heal|p2a: Heisenberg|362\/371 brn|[from] item: Leftovers
|-damage|p2a: Heisenberg|316\/371 brn|[from] brn
|turn|5
|
|switch|p2a: Jess|Keldeo-Resolute|323\/323
|move|p1a: Volcarona|Fiery Dance|p2a: Jess
|-resisted|p2a: Jess
|-damage|p2a: Jess|236\/323
|-boost|p1a: Volcarona|spa|1
|
|-weather|Hail|[upkeep]
|-damage|p2a: Jess|216\/323|[from] hail
|-damage|p1a: Volcarona|209\/311|[from] hail
|turn|6
|
|move|p2a: Jess|Surf|p1a: Volcarona
|-crit|p1a: Volcarona
|-supereffective|p1a: Volcarona
|-damage|p1a: Volcarona|0 fnt
|faint|p1a: Volcarona
|
|-weather|Hail|[upkeep]
|-damage|p2a: Jess|196\/323|[from] hail
|
|switch|p1a: Politoed|Politoed, F|321\/321
|turn|7
|
|switch|p2a: Skyler|Starmie|221\/323
|move|p1a: Politoed|Earthquake|p2a: Skyler
|-damage|p2a: Skyler|158\/323
|
|-weather|Hail|[upkeep]
|-damage|p2a: Skyler|138\/323|[from] hail
|-damage|p1a: Politoed|301\/321|[from] hail
|-heal|p2a: Skyler|158\/323|[from] item: Leftovers
|turn|8
|
|switch|p1a: Lanturn|Lanturn, M|199\/391 tox
|-item|p1a: Lanturn|Air Balloon
|move|p2a: Skyler|Recover|p2a: Skyler
|-heal|p2a: Skyler|320\/323
|
|-weather|Hail|[upkeep]
|-damage|p2a: Skyler|300\/323|[from] hail
|-damage|p1a: Lanturn|175\/391 tox|[from] hail
|-heal|p2a: Skyler|320\/323|[from] item: Leftovers
|-damage|p1a: Lanturn|151\/391 tox|[from] psn
|turn|9
|
|move|p2a: Skyler|Scald|p1a: Lanturn
|-resisted|p1a: Lanturn
|-damage|p1a: Lanturn|92\/391 tox
|-enditem|p1a: Lanturn|Air Balloon
|move|p1a: Lanturn|Charge Beam|p2a: Skyler
|-supereffective|p2a: Skyler
|-damage|p2a: Skyler|194\/323
|-boost|p1a: Lanturn|spa|1
|
|-weather|Hail|[upkeep]
|-damage|p2a: Skyler|174\/323|[from] hail
|-damage|p1a: Lanturn|68\/391 tox|[from] hail
|-heal|p2a: Skyler|194\/323|[from] item: Leftovers
|-damage|p1a: Lanturn|20\/391 tox|[from] psn
|turn|10
|
|switch|p2a: Hank|Gliscor, M|352\/352
|move|p1a: Lanturn|Thunder|p2a: Hank
|-immune|p2a: Hank|[msg]
|
|-weather|Hail|[upkeep]
|-damage|p2a: Hank|330\/352|[from] hail
|-damage|p1a: Lanturn|0 fnt|[from] hail
|-status|p2a: Hank|tox|[from] item: Toxic Orb
|faint|p1a: Lanturn
|
|switch|p1a: Swampert|Swampert, M|341\/341
|turn|11
|
|move|p2a: Hank|Taunt|p1a: Swampert
|-start|p1a: Swampert|move: Taunt
|move|p1a: Swampert|Surf|p2a: Hank
|-supereffective|p2a: Hank
|-damage|p2a: Hank|0 fnt
|faint|p2a: Hank
|
|-weather|Hail|[upkeep]
|-damage|p1a: Swampert|320\/341|[from] hail
|
|switch|p2a: Jess|Keldeo-Resolute|196\/323
|turn|12
|
|move|p2a: Jess|Hydro Pump|p1a: Swampert
|-damage|p1a: Swampert|16\/341
|move|p1a: Swampert|Earth Power|p2a: Jess
|-damage|p2a: Jess|58\/323
|
|-weather|Hail|[upkeep]
|-damage|p2a: Jess|38\/323|[from] hail
|-damage|p1a: Swampert|0 fnt|[from] hail
|faint|p1a: Swampert
|
|switch|p1a: Politoed|Politoed, F|301\/321
|turn|13
|
|switch|p2a: Skyler|Starmie|194\/323
|move|p1a: Politoed|Rain Dance|p1a: Politoed
|-weather|RainDance
|
|-weather|RainDance|[upkeep]
|-heal|p2a: Skyler|214\/323|[from] item: Leftovers
|turn|14
|
|move|p2a: Skyler|Toxic|p1a: Politoed
|-status|p1a: Politoed|tox
|move|p1a: Politoed|Surf|p2a: Skyler
|-crit|p2a: Skyler
|-resisted|p2a: Skyler
|-damage|p2a: Skyler|3\/323
|
|-weather|RainDance|[upkeep]
|-heal|p2a: Skyler|23\/323|[from] item: Leftovers
|-damage|p1a: Politoed|281\/321 tox|[from] psn
|turn|15
|
|switch|p1a: Ludicolo|Ludicolo, M|302\/302
|move|p2a: Skyler|Recover|p2a: Skyler
|-heal|p2a: Skyler|185\/323
|
|-weather|RainDance|[upkeep]
|-heal|p2a: Skyler|205\/323|[from] item: Leftovers
|turn|16
|
|switch|p2a: Heisenberg|Abomasnow, M|316\/371 brn
|-weather|Hail|[from] ability: Snow Warning|[of] p2a: Heisenberg
|move|p1a: Ludicolo|Body Slam|p2a: Heisenberg
|-damage|p2a: Heisenberg|252\/371 brn
|
|-weather|Hail|[upkeep]
|-damage|p1a: Ludicolo|284\/302|[from] hail
|-heal|p2a: Heisenberg|275\/371 brn|[from] item: Leftovers
|-damage|p2a: Heisenberg|229\/371 brn|[from] brn
|turn|17
|
|switch|p2a: Todd|Jirachi|362\/362
|move|p1a: Ludicolo|Rain Dance|p1a: Ludicolo
|-weather|RainDance
|
|-weather|RainDance|[upkeep]
|-heal|p1a: Ludicolo|302\/302|[from] ability: Rain Dish
|turn|18
|
|move|p2a: Todd|U-turn|p1a: Ludicolo
|-supereffective|p1a: Ludicolo
|-damage|p1a: Ludicolo|192\/302
|
|switch|p2a: Heisenberg|Abomasnow, M|229\/371 brn
|-weather|Hail|[from] ability: Snow Warning|[of] p2a: Heisenberg
|move|p1a: Ludicolo|Swords Dance|p1a: Ludicolo
|-boost|p1a: Ludicolo|atk|2
|
|-weather|Hail|[upkeep]
|-damage|p1a: Ludicolo|174\/302|[from] hail
|-heal|p2a: Heisenberg|252\/371 brn|[from] item: Leftovers
|-damage|p2a: Heisenberg|206\/371 brn|[from] brn
|turn|19
|
|switch|p2a: Todd|Jirachi|362\/362
|move|p1a: Ludicolo|Drain Punch|p2a: Todd
|-damage|p2a: Todd|281\/362
|-heal|p1a: Ludicolo|215\/302|[from] drain|[of] p2a: Todd
|-heal|p1a: Ludicolo|225\/302|[from] item: Shell Bell|[of] p2a: Todd
|
|-weather|Hail|[upkeep]
|-damage|p2a: Todd|259\/362|[from] hail
|-damage|p1a: Ludicolo|207\/302|[from] hail
|turn|20
|
|move|p2a: Todd|U-turn|p1a: Ludicolo
|-supereffective|p1a: Ludicolo
|-damage|p1a: Ludicolo|87\/302
|
|switch|p2a: Jess|Keldeo-Resolute|38\/323
|move|p1a: Ludicolo|Swords Dance|p1a: Ludicolo
|-boost|p1a: Ludicolo|atk|2
|
|-weather|Hail|[upkeep]
|-damage|p2a: Jess|18\/323|[from] hail
|-damage|p1a: Ludicolo|69\/302|[from] hail
|turn|21
|
|move|p2a: Jess|Secret Sword|p1a: Ludicolo
|-damage|p1a: Ludicolo|0 fnt
|faint|p1a: Ludicolo
|
|-weather|Hail|[upkeep]
|-damage|p2a: Jess|0 fnt|[from] hail
|faint|p2a: Jess
|
|switch|p1a: Politoed|Politoed, F|281\/321 tox
|switch|p2a: Heisenberg|Abomasnow, M|206\/371 brn
|turn|22
|
|switch|p2a: Skyler|Starmie|205\/323
|move|p1a: Politoed|Hidden Power|p2a: Skyler
|-damage|p2a: Skyler|147\/323
|
|-weather|Hail|[upkeep]
|-damage|p2a: Skyler|127\/323|[from] hail
|-damage|p1a: Politoed|261\/321 tox|[from] hail
|-heal|p2a: Skyler|147\/323|[from] item: Leftovers
|-damage|p1a: Politoed|241\/321 tox|[from] psn
|turn|23
|
|move|p2a: Skyler|Recover|p2a: Skyler
|-heal|p2a: Skyler|309\/323
|move|p1a: Politoed|Rain Dance|p1a: Politoed
|-weather|RainDance
|
|-weather|RainDance|[upkeep]
|-heal|p2a: Skyler|323\/323|[from] item: Leftovers
|-damage|p1a: Politoed|201\/321 tox|[from] psn
|turn|24
|
|switch|p1a: Poliwrath|Poliwrath, M|321\/321
|move|p2a: Skyler|Scald|p1a: Poliwrath
|-resisted|p1a: Poliwrath
|-damage|p1a: Poliwrath|244\/321
|
|-weather|RainDance|[upkeep]
|turn|25
|
|move|p1a: Poliwrath|Bulk Up|p1a: Poliwrath
|-boost|p1a: Poliwrath|atk|1
|-boost|p1a: Poliwrath|def|1
|move|p2a: Skyler|Scald|p1a: Poliwrath
|-resisted|p1a: Poliwrath
|-damage|p1a: Poliwrath|163\/321
|
|-weather|RainDance|[upkeep]
|turn|26
|
|move|p1a: Poliwrath|Waterfall|p2a: Skyler
|-resisted|p2a: Skyler
|-damage|p2a: Skyler|146\/323
|-damage|p1a: Poliwrath|131\/321|[from] item: Life Orb
|cant|p2a: Skyler|flinch
|
|-weather|RainDance|[upkeep]
|-heal|p2a: Skyler|166\/323|[from] item: Leftovers
|turn|27
|
|switch|p2a: Gus|Volcarona, F|351\/351
|move|p1a: Poliwrath|Waterfall|p2a: Gus
|-supereffective|p2a: Gus
|-damage|p2a: Gus|0 fnt
|-damage|p1a: Poliwrath|99\/321|[from] item: Life Orb
|faint|p2a: Gus
|
|-weather|none
|
|switch|p2a: Todd|Jirachi|259\/362
|turn|28
|
|move|p2a: Todd|Zen Headbutt|p1a: Poliwrath
|-supereffective|p1a: Poliwrath
|-damage|p1a: Poliwrath|0 fnt
|faint|p1a: Poliwrath
|
|
|switch|p1a: Politoed|Politoed, F|201\/321 tox
|turn|29
|
|move|p2a: Todd|Zen Headbutt|p1a: Politoed|[miss]
|-miss|p2a: Todd|p1a: Politoed
|move|p1a: Politoed|Surf|p2a: Todd
|-damage|p2a: Todd|102\/362
|
|-damage|p1a: Politoed|181\/321 tox|[from] psn
|turn|30
|
|move|p2a: Todd|Zen Headbutt|p1a: Politoed
|-damage|p1a: Politoed|43\/321 tox
|move|p1a: Politoed|Earthquake|p2a: Todd
|-supereffective|p2a: Todd
|-damage|p2a: Todd|0 fnt
|faint|p2a: Todd
|
|-damage|p1a: Politoed|3\/321 tox|[from] psn
|
|switch|p2a: Skyler|Starmie|166\/323
|turn|31
|
|move|p2a: Skyler|Scald|p1a: Politoed
|-heal|p1a: Politoed|83\/321 tox|[from] ability: Water Absorb|[of] p2a: Skyler
|move|p1a: Politoed|Rain Dance|p1a: Politoed
|-weather|RainDance
|
|-weather|RainDance|[upkeep]
|-heal|p2a: Skyler|186\/323|[from] item: Leftovers
|-damage|p1a: Politoed|23\/321 tox|[from] psn
|turn|32
|
|move|p2a: Skyler|Rapid Spin|p1a: Politoed
|-damage|p1a: Politoed|8\/321 tox
|move|p1a: Politoed|Earthquake|p2a: Skyler
|-damage|p2a: Skyler|117\/323
|
|-weather|RainDance|[upkeep]
|-heal|p2a: Skyler|137\/323|[from] item: Leftovers
|-damage|p1a: Politoed|0 fnt|[from] psn
|faint|p1a: Politoed
|
|win|Vrille
|raw|Ladder updating...
|raw|Invinc's rating: 1070 &rarr; <strong>1060<\/strong><br \/>(-10 for losing)
|raw|Vrille's rating: 1262 &rarr; <strong>1274<\/strong><br \/>(+12 for winning)
|leave|Invinc
|player|p1