|join|Jirisimu
|join|Vrille
|player|p1|Jirisimu|69
|player|p2|Vrille|49
|gametype|singles
|gen|5
|tier|[Gen 5] OU
|rated
|rule|Evasion Abilities Clause: Evasion abilities are banned
|clearpoke
|poke|p1|Tyranitar, M, shiny
|poke|p1|Landorus-Therian, M
|poke|p1|Heatran, M
|poke|p1|Jellicent, F
|poke|p1|Latios, M, shiny
|poke|p1|Ferrothorn, F
|poke|p2|Abomasnow, F
|poke|p2|Gliscor, F
|poke|p2|Keldeo-Resolute
|poke|p2|Volcarona, M
|poke|p2|Starmie
|poke|p2|Jirachi
|rule|Sleep Clause Mod: Limit one foe put to sleep
|rule|Species Clause: Limit one of each Pokemon
|rule|OHKO Clause: OHKO moves are banned
|rule|Moody Clause: Moody is banned
|rule|Evasion Moves Clause: Evasion moves are banned
|rule|Endless Battle Clause: Forcing endless battles is banned.
|rule|HP Percentage Mod: HP is reported as percentages
|teampreview
|
|start
|switch|p1a: Godzilla|Tyranitar, M, shiny|342\/342
|switch|p2a: Hank|Gliscor, F|352\/352
|-weather|Sandstorm|[from] ability: Sand Stream|[of] p1a: Godzilla
|turn|1
|
|switch|p1a: Ironside|Ferrothorn, F|352\/352
|move|p2a: Hank|Stealth Rock|p1a: Ironside
|-sidestart|p1: Jirisimu|move: Stealth Rock
|
|-weather|Sandstorm|[upkeep]
|-status|p2a: Hank|tox|[from] item: Toxic Orb
|turn|2
|
|move|p2a: Hank|Taunt|p1a: Ironside
|-start|p1a: Ironside|move: Taunt
|cant|p1a: Ironside|move: Taunt|Leech Seed
|
|-weather|Sandstorm|[upkeep]
|turn|3
|
|move|p2a: Hank|Ice Fang|p1a: Ironside
|-damage|p1a: Ironside|318\/352
|-damage|p2a: Hank|308\/352 tox|[from] ability: Iron Barbs|[of] p1a: Ironside
|move|p1a: Ironside|Power Whip|p2a: Hank
|-damage|p2a: Hank|217\/352 tox
|
|-weather|Sandstorm|[upkeep]
|-heal|p1a: Ironside|340\/352|[from] item: Leftovers
|-heal|p2a: Hank|261\/352 tox|[from] ability: Poison Heal
|turn|4
|
|switch|p2a: Volcarona|Volcarona, M|351\/351
|move|p1a: Ironside|Power Whip|p2a: Volcarona
|-resisted|p2a: Volcarona
|-damage|p2a: Volcarona|317\/351
|
|-weather|Sandstorm|[upkeep]
|-damage|p2a: Volcarona|296\/351|[from] sandstorm
|-heal|p2a: Volcarona|317\/351|[from] item: Leftovers
|-heal|p1a: Ironside|352\/352|[from] item: Leftovers
|-end|p1a: Ironside|move: Taunt
|turn|5
|
|switch|p1a: Smaug|Heatran, M|324\/324
|-damage|p1a: Smaug|284\/324|[from] Stealth Rock
|move|p2a: Volcarona|Fire Blast|p1a: Smaug
|-start|p1a: Smaug|ability: Flash Fire
|
|-weather|Sandstorm|[upkeep]
|-damage|p2a: Volcarona|296\/351|[from] sandstorm
|-heal|p1a: Smaug|304\/324|[from] item: Leftovers
|-heal|p2a: Volcarona|317\/351|[from] item: Leftovers
|turn|6
|
|switch|p2a: Starmie|Starmie|323\/323
|move|p1a: Smaug|Lava Plume|p2a: Starmie
|-resisted|p2a: Starmie
|-damage|p2a: Starmie|225\/323
|
|-weather|Sandstorm|[upkeep]
|-damage|p2a: Starmie|205\/323|[from] sandstorm
|-heal|p2a: Starmie|225\/323|[from] item: Leftovers
|-heal|p1a: Smaug|324\/324|[from] item: Leftovers
|turn|7
|
|switch|p2a: Keldeo-Resolute|Keldeo-Resolute|323\/323
|switch|p1a: Godzilla|Tyranitar, M, shiny|342\/342
|-damage|p1a: Godzilla|300\/342|[from] Stealth Rock
|
|-weather|Sandstorm|[upkeep]
|-damage|p2a: Keldeo-Resolute|303\/323|[from] sandstorm
|turn|8
|
|switch|p1a: Jelly|Jellicent, F|403\/403
|-damage|p1a: Jelly|353\/403|[from] Stealth Rock
|move|p2a: Keldeo-Resolute|Hidden Power|p1a: Jelly
|-supereffective|p1a: Jelly
|-damage|p1a: Jelly|125\/403
|
|-weather|Sandstorm|[upkeep]
|-damage|p2a: Keldeo-Resolute|283\/323|[from] sandstorm
|-damage|p1a: Jelly|100\/403|[from] sandstorm
|-heal|p1a: Jelly|125\/403|[from] item: Leftovers
|turn|9
|
|switch|p2a: Heisenberg|Abomasnow, F|371\/371
|-weather|Hail|[from] ability: Snow Warning|[of] p2a: Heisenberg
|switch|p1a: Ironside|Ferrothorn, F|352\/352
|-damage|p1a: Ironside|330\/352|[from] Stealth Rock
|
|-weather|Hail|[upkeep]
|-damage|p1a: Ironside|308\/352|[from] hail
|-heal|p1a: Ironside|330\/352|[from] item: Leftovers
|turn|10
|
|switch|p2a: Volcarona|Volcarona, M|317\/351
|switch|p1a: Smaug|Heatran, M|324\/324
|-damage|p1a: Smaug|284\/324|[from] Stealth Rock
|
|-weather|Hail|[upkeep]
|-damage|p1a: Smaug|264\/324|[from] hail
|-damage|p2a: Volcarona|296\/351|[from] hail
|-heal|p1a: Smaug|284\/324|[from] item: Leftovers
|-heal|p2a: Volcarona|317\/351|[from] item: Leftovers
|turn|11
|
|switch|p2a: Starmie|Starmie|225\/323
|move|p1a: Smaug|Lava Plume|p2a: Starmie
|-resisted|p2a: Starmie
|-damage|p2a: Starmie|162\/323
|
|-weather|Hail|[upkeep]
|-damage|p2a: Starmie|142\/323|[from] hail
|-damage|p1a: Smaug|264\/324|[from] hail
|-heal|p2a: Starmie|162\/323|[from] item: Leftovers
|-heal|p1a: Smaug|284\/324|[from] item: Leftovers
|turn|12
|
|switch|p1a: Jelly|Jellicent, F|125\/403
|-damage|p1a: Jelly|75\/403|[from] Stealth Rock
|move|p2a: Starmie|Scald|p1a: Jelly
|-heal|p1a: Jelly|175\/403|[from] ability: Water Absorb|[of] p2a: Starmie
|
|-weather|Hail|[upkeep]
|-damage|p2a: Starmie|142\/323|[from] hail
|-damage|p1a: Jelly|150\/403|[from] hail
|-heal|p2a: Starmie|162\/323|[from] item: Leftovers
|-heal|p1a: Jelly|175\/403|[from] item: Leftovers
|turn|13
|
|switch|p1a: Ironside|Ferrothorn, F|330\/352
|-damage|p1a: Ironside|308\/352|[from] Stealth Rock
|move|p2a: Starmie|Toxic|p1a: Ironside
|-fail|p1a: Ironside
|
|-weather|Hail|[upkeep]
|-damage|p2a: Starmie|142\/323|[from] hail
|-damage|p1a: Ironside|286\/352|[from] hail
|-heal|p2a: Starmie|162\/323|[from] item: Leftovers
|-heal|p1a: Ironside|308\/352|[from] item: Leftovers
|turn|14
|
|move|p2a: Starmie|Scald|p1a: Ironside
|-resisted|p1a: Ironside
|-damage|p1a: Ironside|275\/352
|-status|p1a: Ironside|brn
|move|p1a: Ironside|Power Whip|p2a: Starmie
|-supereffective|p2a: Starmie
|-damage|p2a: Starmie|16\/323
|
|-weather|Hail|[upkeep]
|-damage|p2a: Starmie|0 fnt|[from] hail
|-damage|p1a: Ironside|253\/352 brn|[from] hail
|-heal|p1a: Ironside|275\/352 brn|[from] item: Leftovers
|-damage|p1a: Ironside|231\/352 brn|[from] brn
|faint|p2a: Starmie
|
|switch|p2a: Keldeo-Resolute|Keldeo-Resolute|283\/323
|turn|15
|
|move|p1a: Ironside|Protect|p1a: Ironside
|-singleturn|p1a: Ironside|Protect
|move|p2a: Keldeo-Resolute|Secret Sword|p1a: Ironside
|-activate|p1a: Ironside|Protect
|
|-weather|Hail|[upkeep]
|-damage|p2a: Keldeo-Resolute|263\/323|[from] hail
|-damage|p1a: Ironside|209\/352 brn|[from] hail
|-heal|p1a: Ironside|231\/352 brn|[from] item: Leftovers
|-damage|p1a: Ironside|187\/352 brn|[from] brn
|turn|16
|
|move|p2a: Keldeo-Resolute|Secret Sword|p1a: Ironside
|-supereffective|p1a: Ironside
|-damage|p1a: Ironside|0 fnt
|faint|p1a: Ironside
|
|-weather|Hail|[upkeep]
|-damage|p2a: Keldeo-Resolute|243\/323|[from] hail
|
|switch|p1a: Jelly|Jellicent, F|175\/403
|-damage|p1a: Jelly|125\/403|[from] Stealth Rock
|turn|17
|
|switch|p2a: Volcarona|Volcarona, M|317\/351
|move|p1a: Jelly|Recover|p1a: Jelly
|-heal|p1a: Jelly|327\/403
|
|-weather|Hail|[upkeep]
|-damage|p2a: Volcarona|296\/351|[from] hail
|-damage|p1a: Jelly|302\/403|[from] hail
|-heal|p2a: Volcarona|317\/351|[from] item: Leftovers
|-heal|p1a: Jelly|327\/403|[from] item: Leftovers
|turn|18
|
|switch|p2a: Keldeo-Resolute|Keldeo-Resolute|243\/323
|switch|p1a: Smaug|Heatran, M|284\/324
|-damage|p1a: Smaug|244\/324|[from] Stealth Rock
|
|-weather|Hail|[upkeep]
|-damage|p2a: Keldeo-Resolute|223\/323|[from] hail
|-damage|p1a: Smaug|224\/324|[from] hail
|-heal|p1a: Smaug|244\/324|[from] item: Leftovers
|turn|19
|
|move|p1a: Smaug|Protect|p1a: Smaug
|-singleturn|p1a: Smaug|Protect
|move|p2a: Keldeo-Resolute|Secret Sword|p1a: Smaug
|-activate|p1a: Smaug|Protect
|
|-weather|Hail|[upkeep]
|-damage|p2a: Keldeo-Resolute|203\/323|[from] hail
|-damage|p1a: Smaug|224\/324|[from] hail
|-heal|p1a: Smaug|244\/324|[from] item: Leftovers
|turn|20
|
|switch|p1a: Godzilla|Tyranitar, M, shiny|300\/342
|-damage|p1a: Godzilla|258\/342|[from] Stealth Rock
|-weather|Sandstorm|[from] ability: Sand Stream|[of] p1a: Godzilla
|move|p2a: Keldeo-Resolute|Secret Sword|p1a: Godzilla
|-supereffective|p1a: Godzilla
|-damage|p1a: Godzilla|0 fnt
|faint|p1a: Godzilla
|
|-weather|Sandstorm|[upkeep]
|-damage|p2a: Keldeo-Resolute|183\/323|[from] sandstorm
|
|switch|p1a: Primal|Landorus-Therian, M|369\/369
|-damage|p1a: Primal|323\/369|[from] Stealth Rock
|-ability|p1a: Primal|Intimidate|[of] p2a: Keldeo-Resolute
|-unboost|p2a: Keldeo-Resolute|atk|1
|turn|21
|
|switch|p2a: Hank|Gliscor, F|261\/352 tox
|move|p1a: Primal|U-turn|p2a: Hank
|-resisted|p2a: Hank
|-damage|p2a: Hank|229\/352 tox
|
|switch|p1a: Jetstream|Latios, M, shiny|302\/302
|-damage|p1a: Jetstream|265\/302|[from] Stealth Rock
|
|-weather|Sandstorm|[upkeep]
|-damage|p1a: Jetstream|247\/302|[from] sandstorm
|-heal|p2a: Hank|273\/352 tox|[from] ability: Poison Heal
|turn|22
|
|switch|p2a: Jirachi|Jirachi|362\/362
|move|p1a: Jetstream|Draco Meteor|p2a: Jirachi
|-resisted|p2a: Jirachi
|-damage|p2a: Jirachi|202\/362
|-unboost|p1a: Jetstream|spa|2
|
|-weather|Sandstorm|[upkeep]
|-damage|p1a: Jetstream|229\/302|[from] sandstorm
|turn|23
|
|switch|p1a: Primal|Landorus-Therian, M|323\/369
|-damage|p1a: Primal|277\/369|[from] Stealth Rock
|-ability|p1a: Primal|Intimidate|[of] p2a: Jirachi
|-unboost|p2a: Jirachi|atk|1
|move|p2a: Jirachi|U-turn|p1a: Primal
|-resisted|p1a: Primal
|-damage|p1a: Primal|261\/369
|
|switch|p2a: Hank|Gliscor, F|273\/352 tox
|
|-weather|Sandstorm|[upkeep]
|-heal|p1a: Primal|284\/369|[from] item: Leftovers
|-heal|p2a: Hank|317\/352 tox|[from] ability: Poison Heal
|turn|24
|
|move|p2a: Hank|Ice Fang|p1a: Primal
|-supereffective|p1a: Primal
|-damage|p1a: Primal|100\/369
|cant|p1a: Primal|flinch
|
|-weather|Sandstorm|[upkeep]
|-heal|p1a: Primal|123\/369|[from] item: Leftovers
|-heal|p2a: Hank|352\/352 tox|[from] ability: Poison Heal
|turn|25
|
|switch|p1a: Jelly|Jellicent, F|327\/403
|-damage|p1a: Jelly|277\/403|[from] Stealth Rock
|move|p2a: Hank|Ice Fang|p1a: Jelly
|-resisted|p1a: Jelly
|-damage|p1a: Jelly|253\/403
|
|-weather|Sandstorm|[upkeep]
|-damage|p1a: Jelly|228\/403|[from] sandstorm
|-heal|p1a: Jelly|253\/403|[from] item: Leftovers
|turn|26
|
|move|p2a: Hank|Taunt|p1a: Jelly
|-start|p1a: Jelly|move: Taunt
|cant|p1a: Jelly|move: Taunt|Recover
|
|-weather|Sandstorm|[upkeep]
|-damage|p1a: Jelly|228\/403|[from] sandstorm
|-heal|p1a: Jelly|253\/403|[from] item: Leftovers
|turn|27
|
|switch|p2a: Heisenberg|Abomasnow, F|371\/371
|-weather|Hail|[from] ability: Snow Warning|[of] p2a: Heisenberg
|switch|p1a: Jetstream|Latios, M, shiny|229\/302
|-damage|p1a: Jetstream|192\/302|[from] Stealth Rock
|
|-weather|Hail|[upkeep]
|-damage|p1a: Jetstream|174\/302|[from] hail
|turn|28
|
|move|p2a: Heisenberg|Protect|p2a: Heisenberg
|-singleturn|p2a: Heisenberg|Protect
|move|p1a: Jetstream|Hidden Power|p2a: Heisenberg
|-activate|p2a: Heisenberg|Protect
|
|-weather|Hail|[upkeep]
|-damage|p1a: Jetstream|156\/302|[from] hail
|turn|29
|
|switch|p2a: Volcarona|Volcarona, M|317\/351
|move|p1a: Jetstream|Hidden Power|p2a: Volcarona
|-damage|p2a: Volcarona|191\/351
|
|-weather|Hail|[upkeep]
|-damage|p1a: Jetstream|138\/302|[from] hail
|-damage|p2a: Volcarona|170\/351|[from] hail
|-heal|p2a: Volcarona|191\/351|[from] item: Leftovers
|turn|30
|
|switch|p1a: Smaug|Heatran, M|244\/324
|-damage|p1a: Smaug|204\/324|[from] Stealth Rock
|move|p2a: Volcarona|Quiver Dance|p2a: Volcarona
|-boost|p2a: Volcarona|spa|1
|-boost|p2a: Volcarona|spd|1
|-boost|p2a: Volcarona|spe|1
|
|-weather|Hail|[upkeep]
|-damage|p2a: Volcarona|170\/351|[from] hail
|-damage|p1a: Smaug|184\/324|[from] hail
|-heal|p2a: Volcarona|191\/351|[from] item: Leftovers
|-heal|p1a: Smaug|204\/324|[from] item: Leftovers
|turn|31
|
|move|p2a: Volcarona|Bug Buzz|p1a: Smaug
|-resisted|p1a: Smaug
|-damage|p1a: Smaug|148\/324
|move|p1a: Smaug|Toxic|p2a: Volcarona|[miss]
|-miss|p1a: Smaug|p2a: Volcarona
|
|-weather|Hail|[upkeep]
|-damage|p2a: Volcarona|170\/351|[from] hail
|-damage|p1a: Smaug|128\/324|[from] hail
|-heal|p2a: Volcarona|191\/351|[from] item: Leftovers
|-heal|p1a: Smaug|148\/324|[from] item: Leftovers
|turn|32
|
|move|p2a: Volcarona|Roost|p2a: Volcarona
|-heal|p2a: Volcarona|351\/351
|move|p1a: Smaug|Toxic|p2a: Volcarona
|-status|p2a: Volcarona|tox
|
|-weather|Hail|[upkeep]
|-damage|p2a: Volcarona|330\/351 tox|[from] hail
|-damage|p1a: Smaug|128\/324|[from] hail
|-heal|p2a: Volcarona|351\/351 tox|[from] item: Leftovers
|-heal|p1a: Smaug|148\/324|[from] item: Leftovers
|-damage|p2a: Volcarona|330\/351 tox|[from] psn
|turn|33
|
|switch|p2a: Hank|Gliscor, F|352\/352 tox
|move|p1a: Smaug|Protect|p1a: Smaug
|-fail|p1a: Smaug
|
|-weather|Hail|[upkeep]
|-damage|p2a: Hank|330\/352 tox|[from] hail
|-damage|p1a: Smaug|128\/324|[from] hail
|-heal|p1a: Smaug|148\/324|[from] item: Leftovers
|-heal|p2a: Hank|352\/352 tox|[from] ability: Poison Heal
|turn|34
|
|move|p2a: Hank|Earthquake|p1a: Smaug
|-supereffective|p1a: Smaug
|-damage|p1a: Smaug|0 fnt
|faint|p1a: Smaug
|
|-weather|Hail|[upkeep]
|-damage|p2a: Hank|330\/352 tox|[from] hail
|-heal|p2a: Hank|352\/352 tox|[from] ability: Poison Heal
|-message|Jirisimu forfeited.
|
|win|Vrille
|raw|Ladder updating...
|leave|Jirisimu
|player|p1
|raw|Jirisimu's rating: 1000 &rarr; <strong>1000<\/strong><br \/>(+0 for losing)
|raw|Vrille's rating: 1157 &rarr; <strong>1171<\/strong><br \/>(+14 for winning)