|join|terry41
|join|Vrille
|player|p1|terry41|17
|player|p2|Vrille|283
|gametype|singles
|gen|6
|tier|OU
|rated
|clearpoke
|poke|p1|Tyranitar, M
|poke|p1|Excadrill, M
|poke|p1|Aegislash, M
|poke|p1|Venusaur, F
|poke|p1|Dragonite, F
|poke|p1|Talonflame, M
|poke|p2|Excadrill, F
|poke|p2|Gengar, F
|poke|p2|Suicune
|poke|p2|Landorus-Therian, M
|poke|p2|Charizard, M
|poke|p2|Ferrothorn, F
|rule|Sleep Clause Mod: Limit one foe put to sleep
|rule|Species Clause: Limit one of each Pokemon
|rule|OHKO Clause: OHKO moves are banned
|rule|Moody Clause: Moody is banned
|rule|Evasion Moves Clause: Evasion moves are banned
|rule|Endless Battle Clause: Forcing endless battles is banned.
|rule|HP Percentage Mod: HP is reported as percentages
|teampreview
|
|start
|switch|p1a: Venusaur|Venusaur, F|364\/364
|switch|p2a: Suicune|Suicune|403\/403
|-ability|p2a: Suicune|Pressure
|turn|1
|
|switch|p2a: Ferrothorn|Ferrothorn, F|352\/352
|detailschange|p1a: Venusaur|Venusaur-Mega, F
|message|Venusaur has Mega Evolved into Mega Venusaur!
|move|p1a: Venusaur|Leech Seed|p2a: Ferrothorn
|-immune|p2a: Ferrothorn|[msg]
|
|turn|2
|
|move|p1a: Venusaur|Hidden Power|p2a: Ferrothorn
|-supereffective|p2a: Ferrothorn
|-damage|p2a: Ferrothorn|112\/352
|move|p2a: Ferrothorn|Knock Off|p1a: Venusaur
|-damage|p1a: Venusaur|326\/364
|
|-heal|p2a: Ferrothorn|134\/352|[from] item: Leftovers
|turn|3
|
|switch|p2a: Charizard|Charizard, M|359\/359
|move|p1a: Venusaur|Hidden Power|p2a: Charizard
|-resisted|p2a: Charizard
|-damage|p2a: Charizard|329\/359
|
|turn|4
|
|switch|p1a: Tyranitar|Tyranitar, M|365\/365
|-weather|Sandstorm
|move|p2a: Charizard|Will-O-Wisp|p1a: Tyranitar
|-status|p1a: Tyranitar|brn
|
|-weather|Sandstorm|[upkeep]
|-damage|p2a: Charizard|307\/359|[from] sandstorm
|-damage|p1a: Tyranitar|320\/365 brn|[from] brn
|turn|5
|
|switch|p2a: Suicune|Suicune|403\/403
|-ability|p2a: Suicune|Pressure
|move|p1a: Tyranitar|Stealth Rock|p2a: Suicune
|-sidestart|p2: Vrille|move: Stealth Rock
|
|-weather|Sandstorm|[upkeep]
|-damage|p2a: Suicune|378\/403|[from] sandstorm
|-heal|p2a: Suicune|403\/403|[from] item: Leftovers
|-damage|p1a: Tyranitar|275\/365 brn|[from] brn
|turn|6
|
|switch|p1a: Venusaur|Venusaur-Mega, F|326\/364
|move|p2a: Suicune|Scald|p1a: Venusaur
|-resisted|p1a: Venusaur
|-damage|p1a: Venusaur|290\/364
|
|-weather|Sandstorm|[upkeep]
|-damage|p2a: Suicune|378\/403|[from] sandstorm
|-damage|p1a: Venusaur|268\/364|[from] sandstorm
|-heal|p2a: Suicune|403\/403|[from] item: Leftovers
|turn|7
|
|switch|p2a: Ferrothorn|Ferrothorn, F|134\/352
|-damage|p2a: Ferrothorn|112\/352|[from] Stealth Rock
|move|p1a: Venusaur|Leech Seed|p2a: Ferrothorn
|-immune|p2a: Ferrothorn|[msg]
|
|-weather|Sandstorm|[upkeep]
|-damage|p1a: Venusaur|246\/364|[from] sandstorm
|-heal|p2a: Ferrothorn|134\/352|[from] item: Leftovers
|turn|8
|
|switch|p2a: Gengar|Gengar, F|261\/261
|-damage|p2a: Gengar|229\/261|[from] Stealth Rock
|move|p1a: Venusaur|Hidden Power|p2a: Gengar
|-damage|p2a: Gengar|130\/261
|
|-weather|Sandstorm|[upkeep]
|-damage|p2a: Gengar|114\/261|[from] sandstorm
|-damage|p1a: Venusaur|224\/364|[from] sandstorm
|-heal|p2a: Gengar|130\/261|[from] item: Black Sludge
|turn|9
|
|move|p2a: Gengar|Will-O-Wisp|p1a: Venusaur
|-status|p1a: Venusaur|brn
|move|p1a: Venusaur|Hidden Power|p2a: Gengar
|-damage|p2a: Gengar|41\/261
|
|-weather|Sandstorm|[upkeep]
|-damage|p2a: Gengar|25\/261|[from] sandstorm
|-damage|p1a: Venusaur|202\/364 brn|[from] sandstorm
|-heal|p2a: Gengar|41\/261|[from] item: Black Sludge
|-damage|p1a: Venusaur|157\/364 brn|[from] brn
|turn|10
|
|switch|p1a: Aegislash|Aegislash, M|324\/324
|move|p2a: Gengar|Shadow Ball|p1a: Aegislash
|-supereffective|p1a: Aegislash
|-damage|p1a: Aegislash|114\/324
|
|-weather|Sandstorm|[upkeep]
|-damage|p2a: Gengar|25\/261|[from] sandstorm
|-heal|p2a: Gengar|41\/261|[from] item: Black Sludge
|turn|11
|
|switch|p2a: Suicune|Suicune|403\/403
|-damage|p2a: Suicune|353\/403|[from] Stealth Rock
|-ability|p2a: Suicune|Pressure
|-formechange|p1a: Aegislash|Aegislash-Blade
|move|p1a: Aegislash|Shadow Sneak|p2a: Suicune
|-damage|p2a: Suicune|297\/403
|-damage|p1a: Aegislash|82\/324|[from] item: Life Orb
|
|-weather|none
|-heal|p2a: Suicune|322\/403|[from] item: Leftovers
|turn|12
|
|switch|p1a: Venusaur|Venusaur-Mega, F|157\/364 brn
|move|p2a: Suicune|Scald|p1a: Venusaur
|-resisted|p1a: Venusaur
|-damage|p1a: Venusaur|119\/364 brn
|
|-heal|p2a: Suicune|347\/403|[from] item: Leftovers
|-damage|p1a: Venusaur|74\/364 brn|[from] brn
|turn|13
|
|switch|p2a: Charizard|Charizard, M|307\/359
|-damage|p2a: Charizard|128\/359|[from] Stealth Rock
|move|p1a: Venusaur|Giga Drain|p2a: Charizard
|-resisted|p2a: Charizard
|-damage|p2a: Charizard|98\/359
|-heal|p1a: Venusaur|89\/364 brn|[from] drain|[of] p2a: Charizard
|
|-damage|p1a: Venusaur|44\/364 brn|[from] brn
|turn|14
|
|detailschange|p2a: Charizard|Charizard-Mega-X, M
|message|Charizard has Mega Evolved into Mega Charizard!
|move|p2a: Charizard|Roost|p2a: Charizard
|-heal|p2a: Charizard|278\/359
|move|p1a: Venusaur|Sludge Bomb|p2a: Charizard
|-damage|p2a: Charizard|148\/359
|
|-damage|p1a: Venusaur|0 fnt|[from] brn
|faint|p1a: Venusaur
|
|switch|p1a: Dragonite|Dragonite, F|324\/324
|turn|15
|
|move|p1a: Dragonite|Dragon Dance|p1a: Dragonite
|-boost|p1a: Dragonite|atk|1
|-boost|p1a: Dragonite|spe|1
|move|p2a: Charizard|Dragon Claw|p1a: Dragonite
|-supereffective|p1a: Dragonite
|-damage|p1a: Dragonite|162\/324
|
|turn|16
|
|switch|p2a: Landorus-Therian|Landorus-Therian, M|381\/381
|-damage|p2a: Landorus-Therian|334\/381|[from] Stealth Rock
|-ability|p2a: Landorus-Therian|Intimidate|[of] p1a: Dragonite
|-unboost|p1a: Dragonite|atk|1
|move|p1a: Dragonite|Earthquake|p2a: Landorus-Therian
|-immune|p2a: Landorus-Therian|[msg]
|
|-heal|p2a: Landorus-Therian|357\/381|[from] item: Leftovers
|turn|17
|
|move|p1a: Dragonite|Dragon Claw|p2a: Landorus-Therian
|-crit|p2a: Landorus-Therian
|-damage|p2a: Landorus-Therian|116\/381
|move|p2a: Landorus-Therian|Rock Polish|p2a: Landorus-Therian
|-boost|p2a: Landorus-Therian|spe|2
|
|-heal|p2a: Landorus-Therian|139\/381|[from] item: Leftovers
|turn|18
|
|move|p1a: Dragonite|Extreme Speed|p2a: Landorus-Therian
|-damage|p2a: Landorus-Therian|29\/381
|move|p2a: Landorus-Therian|Stone Edge|p1a: Dragonite
|-supereffective|p1a: Dragonite
|-damage|p1a: Dragonite|0 fnt
|faint|p1a: Dragonite
|
|-heal|p2a: Landorus-Therian|52\/381|[from] item: Leftovers
|chat|Vrille|.
|
|switch|p1a: Aegislash|Aegislash, M|82\/324
|turn|19
|
|-formechange|p1a: Aegislash|Aegislash-Blade
|move|p1a: Aegislash|Shadow Sneak|p2a: Landorus-Therian
|-damage|p2a: Landorus-Therian|0 fnt
|-damage|p1a: Aegislash|50\/324|[from] item: Life Orb
|faint|p2a: Landorus-Therian
|
|
|switch|p2a: Suicune|Suicune|347\/403
|-damage|p2a: Suicune|297\/403|[from] Stealth Rock
|-ability|p2a: Suicune|Pressure
|turn|20
|
|-formechange|p1a: Aegislash|Aegislash
|move|p1a: Aegislash|King's Shield|p1a: Aegislash
|-singleturn|p1a: Aegislash|Protect
|move|p2a: Suicune|Calm Mind|p2a: Suicune
|-boost|p2a: Suicune|spa|1
|-boost|p2a: Suicune|spd|1
|
|-heal|p2a: Suicune|322\/403|[from] item: Leftovers
|turn|21
|
|move|p2a: Suicune|Scald|p1a: Aegislash
|-damage|p1a: Aegislash|0 fnt
|faint|p1a: Aegislash
|
|-heal|p2a: Suicune|347\/403|[from] item: Leftovers
|
|switch|p1a: Talonflame|Talonflame, M|298\/298
|turn|22
|
|move|p1a: Talonflame|Brave Bird|p2a: Suicune
|-damage|p2a: Suicune|179\/403
|-damage|p1a: Talonflame|243\/298|[from] recoil|[of] p2a: Suicune
|move|p2a: Suicune|Scald|p1a: Talonflame
|-supereffective|p1a: Talonflame
|-damage|p1a: Talonflame|0 fnt
|faint|p1a: Talonflame
|
|-heal|p2a: Suicune|204\/403|[from] item: Leftovers
|
|switch|p1a: Tyranitar|Tyranitar, M|275\/365 brn
|-weather|Sandstorm
|turn|23
|
|move|p1a: Tyranitar|Earthquake|p2a: Suicune
|-damage|p2a: Suicune|167\/403
|move|p2a: Suicune|Scald|p1a: Tyranitar
|-supereffective|p1a: Tyranitar
|-damage|p1a: Tyranitar|107\/365 brn
|
|-weather|Sandstorm|[upkeep]
|-damage|p2a: Suicune|142\/403|[from] sandstorm
|-heal|p2a: Suicune|167\/403|[from] item: Leftovers
|-damage|p1a: Tyranitar|62\/365 brn|[from] brn
|turn|24
|
|move|p1a: Tyranitar|Earthquake|p2a: Suicune
|-damage|p2a: Suicune|130\/403
|move|p2a: Suicune|Rest|p2a: Suicune
|-status|p2a: Suicune|slp
|-heal|p2a: Suicune|403\/403 slp|[silent]
|-status|p2a: Suicune|slp|[from] move: Rest
|
|-weather|Sandstorm|[upkeep]
|-damage|p2a: Suicune|378\/403 slp|[from] sandstorm
|-heal|p2a: Suicune|403\/403 slp|[from] item: Leftovers
|-damage|p1a: Tyranitar|17\/365 brn|[from] brn
|turn|25
|
|move|p1a: Tyranitar|Stone Edge|p2a: Suicune
|-damage|p2a: Suicune|346\/403 slp
|cant|p2a: Suicune|slp
|move|p2a: Suicune|Sleep Talk|p2a: Suicune
|move|p2a: Suicune|Rest|p2a: Suicune|[from]Sleep Talk
|-fail|p2a: Suicune
|
|-weather|Sandstorm|[upkeep]
|-damage|p2a: Suicune|321\/403 slp|[from] sandstorm
|-heal|p2a: Suicune|346\/403 slp|[from] item: Leftovers
|-damage|p1a: Tyranitar|0 fnt|[from] brn
|faint|p1a: Tyranitar
|
|switch|p1a: Excadrill|Excadrill, M|362\/362
|-item|p1a: Excadrill|Air Balloon
|turn|26
|
|move|p1a: Excadrill|Earthquake|p2a: Suicune
|-damage|p2a: Suicune|223\/403 slp
|cant|p2a: Suicune|slp
|move|p2a: Suicune|Sleep Talk|p2a: Suicune
|move|p2a: Suicune|Rest|p2a: Suicune|[from]Sleep Talk
|-fail|p2a: Suicune
|
|-weather|Sandstorm|[upkeep]
|-damage|p2a: Suicune|198\/403 slp|[from] sandstorm
|-heal|p2a: Suicune|223\/403 slp|[from] item: Leftovers
|turn|27
|
|move|p1a: Excadrill|Iron Head|p2a: Suicune
|-resisted|p2a: Suicune
|-damage|p2a: Suicune|166\/403 slp
|-curestatus|p2a: Suicune|slp
|move|p2a: Suicune|Scald|p1a: Excadrill
|-supereffective|p1a: Excadrill
|-damage|p1a: Excadrill|0 fnt
|-enditem|p1a: Excadrill|Air Balloon
|faint|p1a: Excadrill
|
|win|Vrille
|raw|Ladder updating...
|raw|terry41's rating: 1642 &rarr; <strong>1619<\/strong><br \/>(-23 for losing)
|raw|Vrille's rating: 1590 &rarr; <strong>1613<\/strong><br \/>(+23 for winning)
|leave|terry41
|player|p1