|join|Alpha
|join|Vrille
|player|p1|Alpha|267
|player|p2|Vrille|283
|gametype|singles
|gen|6
|tier|OU
|rated
|clearpoke
|poke|p1|Talonflame, F
|poke|p1|Excadrill, F
|poke|p1|Sylveon, F, shiny
|poke|p1|Heliolisk, M, shiny
|poke|p1|Heatran, F, shiny
|poke|p1|Scizor, M
|poke|p2|Excadrill, F
|poke|p2|Tornadus-Therian, M
|poke|p2|Suicune
|poke|p2|Landorus-Therian, M
|poke|p2|Charizard, M
|poke|p2|Ferrothorn, M
|rule|Sleep Clause Mod: Limit one foe put to sleep
|rule|Species Clause: Limit one of each Pokemon
|rule|OHKO Clause: OHKO moves are banned
|rule|Moody Clause: Moody is banned
|rule|Evasion Moves Clause: Evasion moves are banned
|rule|Endless Battle Clause: Forcing endless battles is banned.
|rule|HP Percentage Mod: HP is reported as percentages
|teampreview
|
|start
|switch|p1a: Mistral|Talonflame, F|309\/309
|switch|p2a: Charizard|Charizard, M|359\/359
|turn|1
|
|detailschange|p2a: Charizard|Charizard-Mega-X, M
|message|Charizard has Mega Evolved into Mega Charizard!
|move|p1a: Mistral|U-turn|p2a: Charizard
|-resisted|p2a: Charizard
|-damage|p2a: Charizard|328\/359
|
|switch|p1a: Ursula|Heatran, F, shiny|385\/385
|move|p2a: Charizard|Roost|p2a: Charizard
|-heal|p2a: Charizard|359\/359
|
|turn|2
|
|switch|p1a: Mistral|Talonflame, F|309\/309
|move|p2a: Charizard|Earthquake|p1a: Mistral
|-immune|p1a: Mistral|[msg]
|
|turn|3
|
|move|p1a: Mistral|Brave Bird|p2a: Charizard
|-damage|p2a: Charizard|155\/359
|-damage|p1a: Mistral|242\/309|[from] recoil|[of] p2a: Charizard
|move|p2a: Charizard|Dragon Claw|p1a: Mistral
|-damage|p1a: Mistral|47\/309
|
|turn|4
|
|switch|p2a: Ferrothorn|Ferrothorn, M|352\/352
|move|p1a: Mistral|Brave Bird|p2a: Ferrothorn
|-damage|p2a: Ferrothorn|205\/352
|-damage|p1a: Mistral|9\/309|[from] ability: Iron Barbs|[of] p2a: Ferrothorn
|-damage|p1a: Mistral|0 fnt|[from] recoil|[of] p2a: Ferrothorn
|faint|p1a: Mistral
|
|-heal|p2a: Ferrothorn|227\/352|[from] item: Leftovers
|
|switch|p1a: Ursula|Heatran, F, shiny|385\/385
|turn|5
|
|move|p1a: Ursula|Substitute|p1a: Ursula
|-start|p1a: Ursula|Substitute
|-damage|p1a: Ursula|289\/385
|move|p2a: Ferrothorn|Stealth Rock|p1a: Ursula
|-sidestart|p1: Alpha|move: Stealth Rock
|
|-heal|p1a: Ursula|313\/385|[from] item: Leftovers
|-heal|p2a: Ferrothorn|249\/352|[from] item: Leftovers
|turn|6
|
|switch|p2a: Suicune|Suicune|403\/403
|-ability|p2a: Suicune|Pressure
|move|p1a: Ursula|Stealth Rock|p2a: Suicune
|-sidestart|p2: Vrille|move: Stealth Rock
|
|-heal|p1a: Ursula|337\/385|[from] item: Leftovers
|turn|7
|
|move|p2a: Suicune|Scald|p1a: Ursula
|-supereffective|p1a: Ursula
|-end|p1a: Ursula|Substitute
|move|p1a: Ursula|Roar|p2a: Suicune
|drag|p2a: Landorus-Therian|Landorus-Therian, M|381\/381
|-damage|p2a: Landorus-Therian|334\/381|[from] Stealth Rock
|-ability|p2a: Landorus-Therian|Intimidate|[of] p1a: Ursula
|-unboost|p1a: Ursula|atk|1
|
|-heal|p2a: Landorus-Therian|357\/381|[from] item: Leftovers
|-heal|p1a: Ursula|361\/385|[from] item: Leftovers
|turn|8
|
|switch|p1a: Monsoon|Scizor, M|343\/343
|-damage|p1a: Monsoon|301\/343|[from] Stealth Rock
|move|p2a: Landorus-Therian|Earthquake|p1a: Monsoon
|-damage|p1a: Monsoon|130\/343
|
|-heal|p2a: Landorus-Therian|380\/381|[from] item: Leftovers
|turn|9
|
|detailschange|p1a: Monsoon|Scizor-Mega, M
|message|Scizor has Mega Evolved into Mega Scizor!
|move|p2a: Landorus-Therian|Earthquake|p1a: Monsoon
|-damage|p1a: Monsoon|0 fnt
|faint|p1a: Monsoon
|
|-heal|p2a: Landorus-Therian|381\/381|[from] item: Leftovers
|
|switch|p1a: Excadrill|Excadrill, F|362\/362
|-damage|p1a: Excadrill|351\/362|[from] Stealth Rock
|-ability|p1a: Excadrill|Mold Breaker
|-item|p1a: Excadrill|Air Balloon
|turn|10
|
|move|p1a: Excadrill|Iron Head|p2a: Landorus-Therian
|-damage|p2a: Landorus-Therian|212\/381
|move|p2a: Landorus-Therian|Stone Edge|p1a: Excadrill
|-resisted|p1a: Excadrill
|-damage|p1a: Excadrill|301\/362
|-enditem|p1a: Excadrill|Air Balloon
|
|-heal|p2a: Landorus-Therian|235\/381|[from] item: Leftovers
|turn|11
|
|switch|p2a: Ferrothorn|Ferrothorn, M|249\/352
|-damage|p2a: Ferrothorn|227\/352|[from] Stealth Rock
|move|p1a: Excadrill|Rapid Spin|p2a: Ferrothorn
|-resisted|p2a: Ferrothorn
|-damage|p2a: Ferrothorn|217\/352
|-damage|p1a: Excadrill|256\/362|[from] ability: Iron Barbs|[of] p2a: Ferrothorn
|-sideend|p1: Alpha|Stealth Rock|[from] move: Rapid Spin|[of] p1a: Excadrill
|
|-heal|p2a: Ferrothorn|239\/352|[from] item: Leftovers
|turn|12
|
|move|p1a: Excadrill|Earthquake|p2a: Ferrothorn
|-damage|p2a: Ferrothorn|85\/352
|move|p2a: Ferrothorn|Leech Seed|p1a: Excadrill
|-start|p1a: Excadrill|move: Leech Seed
|
|-heal|p2a: Ferrothorn|107\/352|[from] item: Leftovers
|-damage|p1a: Excadrill|211\/362|[from] Leech Seed|[of] p2a: Ferrothorn
|-heal|p2a: Ferrothorn|152\/352|[silent]
|turn|13
|
|switch|p1a: P-Volt|Heliolisk, M, shiny|265\/265
|switch|p2a: Landorus-Therian|Landorus-Therian, M|235\/381
|-damage|p2a: Landorus-Therian|188\/381|[from] Stealth Rock
|-ability|p2a: Landorus-Therian|Intimidate|[of] p1a: P-Volt
|-unboost|p1a: P-Volt|atk|1
|
|-heal|p2a: Landorus-Therian|211\/381|[from] item: Leftovers
|turn|14
|
|switch|p2a: Ferrothorn|Ferrothorn, M|152\/352
|-damage|p2a: Ferrothorn|130\/352|[from] Stealth Rock
|move|p1a: P-Volt|Surf|p2a: Ferrothorn
|-resisted|p2a: Ferrothorn
|-damage|p2a: Ferrothorn|95\/352
|
|-heal|p2a: Ferrothorn|117\/352|[from] item: Leftovers
|turn|15
|
|move|p1a: P-Volt|Volt Switch|p2a: Ferrothorn
|-resisted|p2a: Ferrothorn
|-damage|p2a: Ferrothorn|74\/352
|
|switch|p1a: Excadrill|Excadrill, F|211\/362
|-ability|p1a: Excadrill|Mold Breaker
|move|p2a: Ferrothorn|Leech Seed|p1a: Excadrill
|-start|p1a: Excadrill|move: Leech Seed
|
|-heal|p2a: Ferrothorn|96\/352|[from] item: Leftovers
|-damage|p1a: Excadrill|166\/362|[from] Leech Seed|[of] p2a: Ferrothorn
|-heal|p2a: Ferrothorn|141\/352|[silent]
|turn|16
|
|switch|p2a: Tornadus-Therian|Tornadus-Therian, M|341\/341
|-damage|p2a: Tornadus-Therian|256\/341|[from] Stealth Rock
|move|p1a: Excadrill|Rapid Spin|p2a: Tornadus-Therian
|-damage|p2a: Tornadus-Therian|221\/341
|-end|p1a: Excadrill|Leech Seed|[from] move: Rapid Spin|[of] p1a: Excadrill
|
|turn|17
|
|switch|p1a: Britney|Sylveon, F, shiny|393\/393
|move|p2a: Tornadus-Therian|Focus Blast|p1a: Britney
|-resisted|p1a: Britney
|-damage|p1a: Britney|344\/393
|
|-heal|p1a: Britney|368\/393|[from] item: Leftovers
|turn|18
|
|move|p2a: Tornadus-Therian|Knock Off|p1a: Britney
|-resisted|p1a: Britney
|-damage|p1a: Britney|337\/393
|-enditem|p1a: Britney|Leftovers|[from] move: Knock Off|[of] p2a: Tornadus-Therian
|move|p1a: Britney|Wish|p1a: Britney
|
|turn|19
|
|move|p2a: Tornadus-Therian|Focus Blast|p1a: Britney
|-resisted|p1a: Britney
|-damage|p1a: Britney|293\/393
|move|p1a: Britney|Hyper Voice|p2a: Tornadus-Therian
|-crit|p2a: Tornadus-Therian
|-damage|p2a: Tornadus-Therian|70\/341
|
|-heal|p1a: Britney|393\/393|[from] move: Wish|[wisher] Britney
|turn|20
|
|move|p2a: Tornadus-Therian|U-turn|p1a: Britney
|-resisted|p1a: Britney
|-damage|p1a: Britney|371\/393
|
|switch|p2a: Excadrill|Excadrill, F|362\/362
|-damage|p2a: Excadrill|351\/362|[from] Stealth Rock
|-ability|p2a: Excadrill|Mold Breaker
|move|p1a: Britney|Wish|p1a: Britney
|
|turn|21
|
|move|p1a: Britney|Protect|p1a: Britney
|-singleturn|p1a: Britney|Protect
|move|p2a: Excadrill|Rapid Spin|p1a: Britney
|-activate|p1a: Britney|Protect
|
|-heal|p1a: Britney|393\/393|[from] move: Wish|[wisher] Britney
|turn|22
|
|move|p2a: Excadrill|Rapid Spin|p1a: Britney
|-damage|p1a: Britney|370\/393
|-sideend|p2: Vrille|Stealth Rock|[from] move: Rapid Spin|[of] p2a: Excadrill
|move|p1a: Britney|Wish|p1a: Britney
|
|turn|23
|
|switch|p2a: Charizard|Charizard-Mega-X, M|155\/359
|switch|p1a: Excadrill|Excadrill, F|166\/362
|-ability|p1a: Excadrill|Mold Breaker
|
|-heal|p1a: Excadrill|362\/362|[from] move: Wish|[wisher] Britney
|turn|24
|
|switch|p2a: Landorus-Therian|Landorus-Therian, M|211\/381
|-ability|p2a: Landorus-Therian|Intimidate|[of] p1a: Excadrill
|-unboost|p1a: Excadrill|atk|1
|move|p1a: Excadrill|Earthquake|p2a: Landorus-Therian
|-immune|p2a: Landorus-Therian|[msg]
|
|-heal|p2a: Landorus-Therian|234\/381|[from] item: Leftovers
|turn|25
|
|switch|p1a: Britney|Sylveon, F, shiny|370\/393
|move|p2a: Landorus-Therian|Earthquake|p1a: Britney
|-damage|p1a: Britney|166\/393
|
|-heal|p2a: Landorus-Therian|257\/381|[from] item: Leftovers
|turn|26
|
|move|p2a: Landorus-Therian|Earthquake|p1a: Britney
|-damage|p1a: Britney|0 fnt
|faint|p1a: Britney
|
|-heal|p2a: Landorus-Therian|280\/381|[from] item: Leftovers
|
|switch|p1a: P-Volt|Heliolisk, M, shiny|265\/265
|turn|27
|
|switch|p2a: Ferrothorn|Ferrothorn, M|141\/352
|move|p1a: P-Volt|Surf|p2a: Ferrothorn
|-resisted|p2a: Ferrothorn
|-damage|p2a: Ferrothorn|108\/352
|
|-heal|p2a: Ferrothorn|130\/352|[from] item: Leftovers
|turn|28
|
|move|p1a: P-Volt|Volt Switch|p2a: Ferrothorn
|-crit|p2a: Ferrothorn
|-resisted|p2a: Ferrothorn
|-damage|p2a: Ferrothorn|72\/352
|
|switch|p1a: Ursula|Heatran, F, shiny|361\/385
|move|p2a: Ferrothorn|Leech Seed|p1a: Ursula
|-start|p1a: Ursula|move: Leech Seed
|
|-heal|p1a: Ursula|385\/385|[from] item: Leftovers
|-heal|p2a: Ferrothorn|94\/352|[from] item: Leftovers
|-damage|p1a: Ursula|337\/385|[from] Leech Seed|[of] p2a: Ferrothorn
|-heal|p2a: Ferrothorn|142\/352|[silent]
|turn|29
|-message|Alpha forfeited.
|
|win|Vrille
|raw|Ladder updating...
|leave|Alpha
|player|p1
|raw|Alpha's rating: 1674 &rarr; <strong>1660<\/strong><br \/>(-14 for losing)
|raw|Vrille's rating: 1770 &rarr; <strong>1784<\/strong><br \/>(+14 for winning)
|leave|Vrille
|player|p2
|join|Vrille