|join|ox the fox
|join|Vrille
|player|p1|ox the fox|199
|player|p2|Vrille|268
|gametype|singles
|gen|6
|tier|OU
|rated
|clearpoke
|poke|p1|Scizor, F
|poke|p1|Greninja, M
|poke|p1|Landorus-Therian, M
|poke|p1|Heatran, M
|poke|p1|Rotom-Wash
|poke|p1|Conkeldurr, F
|poke|p2|Mew
|poke|p2|Keldeo-Resolute
|poke|p2|Diancie
|poke|p2|Talonflame, F
|poke|p2|Ferrothorn, M
|poke|p2|Landorus-Therian, M
|rule|Swagger Clause: Swagger is banned
|rule|Baton Pass Clause: Limit one PokÃ©mon knowing Baton Pass
|rule|Sleep Clause Mod: Limit one foe put to sleep
|rule|Species Clause: Limit one of each PokÃ©mon
|rule|OHKO Clause: OHKO moves are banned
|rule|Moody Clause: Moody is banned
|rule|Evasion Moves Clause: Evasion moves are banned
|rule|Endless Battle Clause: Forcing endless battles is banned
|rule|HP Percentage Mod: HP is shown in percentages
|teampreview
|c|âox the fox|glhf
|
|start
|switch|p1a: Rotom-Wash|Rotom-Wash|303\/303
|switch|p2a: Landorus-Therian|Landorus-Therian, M|382\/382
|-ability|p2a: Landorus-Therian|Intimidate|[of] p1a: Rotom-Wash
|-unboost|p1a: Rotom-Wash|atk|1
|turn|1
|
|switch|p2a: Mew|Mew|404\/404
|move|p1a: Rotom-Wash|Volt Switch|p2a: Mew
|-crit|p2a: Mew
|-damage|p2a: Mew|305\/404
|
|switch|p1a: Greninja|Greninja, M|285\/285
|
|-heal|p2a: Mew|330\/404|[from] item: Leftovers
|turn|2
|
|switch|p1a: Heatran|Heatran, M|385\/385
|switch|p2a: Keldeo-Resolute|Keldeo-Resolute|323\/323
|
|turn|3
|c|âox the fox|woops
|
|switch|p1a: Rotom-Wash|Rotom-Wash|303\/303
|move|p2a: Keldeo-Resolute|Scald|p1a: Rotom-Wash
|-resisted|p1a: Rotom-Wash
|-damage|p1a: Rotom-Wash|219\/303
|
|-heal|p1a: Rotom-Wash|237\/303|[from] item: Leftovers
|turn|4
|
|switch|p2a: Mew|Mew|330\/404
|move|p1a: Rotom-Wash|Volt Switch|p2a: Mew
|-damage|p2a: Mew|261\/404
|join|Celtis3459
|join|Alldaalts
|
|switch|p1a: Conkeldurr|Conkeldurr, F|361\/361
|
|-heal|p2a: Mew|286\/404|[from] item: Leftovers
|turn|5
|
|move|p2a: Mew|Soft-Boiled|p2a: Mew
|-heal|p2a: Mew|404\/404
|move|p1a: Conkeldurr|Drain Punch|p2a: Mew
|-resisted|p2a: Mew
|-damage|p2a: Mew|326\/404
|
|-heal|p2a: Mew|351\/404|[from] item: Leftovers
|turn|6
|
|move|p2a: Mew|Psychic|p1a: Conkeldurr
|-supereffective|p1a: Conkeldurr
|-damage|p1a: Conkeldurr|215\/361
|move|p1a: Conkeldurr|Drain Punch|p2a: Mew
|-resisted|p2a: Mew
|-damage|p2a: Mew|278\/404
|-heal|p1a: Conkeldurr|252\/361|[from] drain|[of] p2a: Mew
|
|-heal|p2a: Mew|303\/404|[from] item: Leftovers
|turn|7
|
|switch|p2a: Landorus-Therian|Landorus-Therian, M|382\/382
|-ability|p2a: Landorus-Therian|Intimidate|[of] p1a: Conkeldurr
|-unboost|p1a: Conkeldurr|atk|1
|switch|p1a: Heatran|Heatran, M|385\/385
|
|turn|8
|
|switch|p1a: Landorus-Therian|Landorus-Therian, M|327\/327
|-ability|p1a: Landorus-Therian|Intimidate|[of] p2a: Landorus-Therian
|-unboost|p2a: Landorus-Therian|atk|1
|move|p2a: Landorus-Therian|Stealth Rock|p1a: Landorus-Therian
|-sidestart|p1: ox the fox|move: Stealth Rock
|
|turn|9
|
|move|p1a: Landorus-Therian|Knock Off|p2a: Landorus-Therian
|-damage|p2a: Landorus-Therian|290\/382
|-enditem|p2a: Landorus-Therian|Leftovers|[from] move: Knock Off|[of] p1a: Landorus-Therian
|move|p2a: Landorus-Therian|Toxic|p1a: Landorus-Therian
|-status|p1a: Landorus-Therian|tox
|
|-damage|p1a: Landorus-Therian|307\/327 tox|[from] psn
|turn|10
|
|switch|p2a: Ferrothorn|Ferrothorn, M|352\/352
|move|p1a: Landorus-Therian|Knock Off|p2a: Ferrothorn
|-damage|p2a: Ferrothorn|248\/352
|-damage|p1a: Landorus-Therian|267\/327 tox|[from] ability: Iron Barbs|[of] p2a: Ferrothorn
|-enditem|p2a: Ferrothorn|Leftovers|[from] move: Knock Off|[of] p1a: Landorus-Therian
|
|-damage|p1a: Landorus-Therian|227\/327 tox|[from] psn
|turn|11
|
|switch|p1a: Heatran|Heatran, M|385\/385
|-damage|p1a: Heatran|337\/385|[from] Stealth Rock
|switch|p2a: Diancie|Diancie|275\/275
|
|-heal|p1a: Heatran|361\/385|[from] item: Leftovers
|turn|12
|
|switch|p1a: Landorus-Therian|Landorus-Therian, M|227\/327 tox
|-damage|p1a: Landorus-Therian|187\/327 tox|[from] Stealth Rock
|-ability|p1a: Landorus-Therian|Intimidate|[of] p2a: Diancie
|-fail|p2a: Diancie|unboost|[from] ability: Clear Body|[of] p2a: Diancie
|detailschange|p2a: Diancie|Diancie-Mega
|message|Diancie has Mega Evolved into Mega Diancie!
|move|p2a: Diancie|Moonblast|p1a: Landorus-Therian
|-damage|p1a: Landorus-Therian|0 fnt
|faint|p1a: Landorus-Therian
|
|
|switch|p1a: Greninja|Greninja, M|285\/285
|-damage|p1a: Greninja|250\/285|[from] Stealth Rock
|turn|13
|
|switch|p2a: Keldeo-Resolute|Keldeo-Resolute|323\/323
|move|p1a: Greninja|Ice Beam|p2a: Keldeo-Resolute
|-start|p1a: Greninja|typechange|Ice|[from] Protean
|-resisted|p2a: Keldeo-Resolute
|-damage|p2a: Keldeo-Resolute|237\/323
|-damage|p1a: Greninja|222\/285|[from] item: Life Orb
|
|turn|14
|c|âox the fox|fucking cancel
|
|switch|p1a: Rotom-Wash|Rotom-Wash|237\/303
|-damage|p1a: Rotom-Wash|200\/303|[from] Stealth Rock
|switch|p2a: Ferrothorn|Ferrothorn, M|248\/352
|
|-heal|p1a: Rotom-Wash|218\/303|[from] item: Leftovers
|turn|15
|
|move|p1a: Rotom-Wash|Will-O-Wisp|p2a: Ferrothorn
|-status|p2a: Ferrothorn|brn
|move|p2a: Ferrothorn|Leech Seed|p1a: Rotom-Wash
|-start|p1a: Rotom-Wash|move: Leech Seed
|
|-heal|p1a: Rotom-Wash|236\/303|[from] item: Leftovers
|-damage|p1a: Rotom-Wash|199\/303|[from] Leech Seed|[of] p2a: Ferrothorn
|-heal|p2a: Ferrothorn|285\/352 brn|[silent]
|-damage|p2a: Ferrothorn|241\/352 brn|[from] brn
|turn|16
|
|switch|p1a: Heatran|Heatran, M|361\/385
|-damage|p1a: Heatran|313\/385|[from] Stealth Rock
|move|p2a: Ferrothorn|Spikes|p1a: Heatran
|-sidestart|p1: ox the fox|Spikes
|
|-heal|p1a: Heatran|337\/385|[from] item: Leftovers
|-damage|p2a: Ferrothorn|197\/352 brn|[from] brn
|turn|17
|
|switch|p2a: Diancie|Diancie-Mega|275\/275
|move|p1a: Heatran|Lava Plume|p2a: Diancie
|-resisted|p2a: Diancie
|-damage|p2a: Diancie|225\/275
|
|-heal|p1a: Heatran|361\/385|[from] item: Leftovers
|turn|18
|
|move|p2a: Diancie|Earth Power|p1a: Heatran
|-supereffective|p1a: Heatran
|-damage|p1a: Heatran|0 fnt
|faint|p1a: Heatran
|
|
|switch|p1a: Greninja|Greninja, M|222\/285
|-damage|p1a: Greninja|187\/285|[from] Spikes
|-damage|p1a: Greninja|152\/285|[from] Stealth Rock
|turn|19
|
|switch|p2a: Ferrothorn|Ferrothorn, M|197\/352 brn
|move|p1a: Greninja|Ice Beam|p2a: Ferrothorn
|-start|p1a: Greninja|typechange|Ice|[from] Protean
|-damage|p2a: Ferrothorn|80\/352 brn
|-damage|p1a: Greninja|124\/285|[from] item: Life Orb
|
|-damage|p2a: Ferrothorn|36\/352 brn|[from] brn
|turn|20
|
|move|p1a: Greninja|Hidden Power|p2a: Ferrothorn
|-start|p1a: Greninja|typechange|Fire|[from] Protean
|-supereffective|p2a: Ferrothorn
|-damage|p2a: Ferrothorn|0 fnt
|-damage|p1a: Greninja|96\/285|[from] item: Life Orb
|faint|p2a: Ferrothorn
|
|
|switch|p2a: Talonflame|Talonflame, F|359\/359
|turn|21
|
|move|p2a: Talonflame|Brave Bird|p1a: Greninja
|-damage|p1a: Greninja|0 fnt
|-damage|p2a: Talonflame|327\/359|[from] recoil|[of] p1a: Greninja
|faint|p1a: Greninja
|
|
|switch|p1a: Rotom-Wash|Rotom-Wash|199\/303
|-damage|p1a: Rotom-Wash|162\/303|[from] Stealth Rock
|turn|22
|
|switch|p2a: Mew|Mew|303\/404
|move|p1a: Rotom-Wash|Hydro Pump|p2a: Mew|[miss]
|-miss|p1a: Rotom-Wash|p2a: Mew
|
|-heal|p2a: Mew|328\/404|[from] item: Leftovers
|-heal|p1a: Rotom-Wash|180\/303|[from] item: Leftovers
|turn|23
|
|move|p2a: Mew|Will-O-Wisp|p1a: Rotom-Wash
|-status|p1a: Rotom-Wash|brn
|move|p1a: Rotom-Wash|Volt Switch|p2a: Mew
|-damage|p2a: Mew|253\/404
|
|switch|p1a: Scizor|Scizor, F|281\/281
|-damage|p1a: Scizor|246\/281|[from] Stealth Rock
|-damage|p1a: Scizor|211\/281|[from] Spikes
|
|-heal|p2a: Mew|278\/404|[from] item: Leftovers
|turn|24
|join|Gizmo
|
|detailschange|p1a: Scizor|Scizor-Mega, F
|message|Scizor has Mega Evolved into Mega Scizor!
|move|p2a: Mew|Will-O-Wisp|p1a: Scizor
|-status|p1a: Scizor|brn
|move|p1a: Scizor|Bug Bite|p2a: Mew
|-supereffective|p2a: Mew
|-damage|p2a: Mew|72\/404
|
|-heal|p2a: Mew|97\/404|[from] item: Leftovers
|-damage|p1a: Scizor|176\/281 brn|[from] brn
|turn|25
|
|switch|p2a: Landorus-Therian|Landorus-Therian, M|290\/382
|-ability|p2a: Landorus-Therian|Intimidate|[of] p1a: Scizor
|-unboost|p1a: Scizor|atk|1
|move|p1a: Scizor|Swords Dance|p1a: Scizor
|-boost|p1a: Scizor|atk|2
|
|-damage|p1a: Scizor|141\/281 brn|[from] brn
|turn|26
|c|âox the fox|gggg
|
|move|p1a: Scizor|Bullet Punch|p2a: Landorus-Therian
|-damage|p2a: Landorus-Therian|209\/382
|move|p2a: Landorus-Therian|Earthquake|p1a: Scizor
|-damage|p1a: Scizor|24\/281 brn
|
|-damage|p1a: Scizor|0 fnt|[from] brn
|faint|p1a: Scizor
|c|âox the fox|had bad matchup
|-message|ox the fox forfeited.
|
|win|Vrille
|raw|Ladder updating...
|leave|ox the fox
|player|p1
|raw|ox the fox's rating: 1567 &rarr; <strong>1547<\/strong><br \/>(-20 for losing)
|raw|Vrille's rating: 1570 &rarr; <strong>1589<\/strong><br \/>(+19 for winning)
|leave|Gizmo
|join|Gizmo