|join|Vrille
|join|TheBlueSun
|player|p1|Vrille|268
|player|p2|TheBlueSun|15
|gametype|singles
|gen|6
|tier|OU
|rated
|clearpoke
|poke|p1|Talonflame, F
|poke|p1|Metagross
|poke|p1|Keldeo-Resolute
|poke|p1|Ferrothorn, M
|poke|p1|Latias, F
|poke|p1|Landorus-Therian, M
|poke|p2|Whimsicott, M
|poke|p2|Kyurem-Black
|poke|p2|Zapdos
|poke|p2|Heracross, F
|poke|p2|Skarmory, M
|poke|p2|Talonflame, F
|rule|Swagger Clause: Swagger is banned
|rule|Baton Pass Clause: Limit one PokÃ©mon knowing Baton Pass
|rule|Sleep Clause Mod: Limit one foe put to sleep
|rule|Species Clause: Limit one of each PokÃ©mon
|rule|OHKO Clause: OHKO moves are banned
|rule|Moody Clause: Moody is banned
|rule|Evasion Moves Clause: Evasion moves are banned
|rule|Endless Battle Clause: Forcing endless battles is banned
|rule|HP Percentage Mod: HP is shown in percentages
|teampreview
|c|âTheBlueSun|gl hf
|
|start
|switch|p1a: Landorus-Therian|Landorus-Therian, M|319\/319
|switch|p2a: Skarmory|Skarmory, M|334\/334
|-ability|p1a: Landorus-Therian|Intimidate|[of] p2a: Skarmory
|-unboost|p2a: Skarmory|atk|1
|turn|1
|
|move|p1a: Landorus-Therian|Knock Off|p2a: Skarmory
|-damage|p2a: Skarmory|237\/334
|-enditem|p2a: Skarmory|Mental Herb|[from] move: Knock Off|[of] p1a: Landorus-Therian
|move|p2a: Skarmory|Tailwind|p2a: Skarmory
|-sidestart|p2: TheBlueSun|move: Tailwind
|
|turn|2
|
|switch|p1a: Latias|Latias, F|319\/319
|move|p2a: Skarmory|Stealth Rock|p1a: Latias
|-sidestart|p1: Vrille|move: Stealth Rock
|
|turn|3
|
|move|p2a: Skarmory|Taunt|p1a: Latias
|-start|p1a: Latias|move: Taunt
|cant|p1a: Latias|move: Taunt|Defog
|
|turn|4
|
|move|p2a: Skarmory|Spikes|p1a: Latias
|-sidestart|p1: Vrille|Spikes
|move|p1a: Latias|Surf|p2a: Skarmory
|-damage|p2a: Skarmory|78\/334
|-damage|p1a: Latias|288\/319|[from] item: Life Orb
|
|-sideend|p2: TheBlueSun|move: Tailwind
|turn|5
|
|move|p1a: Latias|Surf|p2a: Skarmory
|-damage|p2a: Skarmory|0 fnt
|-damage|p1a: Latias|257\/319|[from] item: Life Orb
|faint|p2a: Skarmory
|
|-end|p1a: Latias|move: Taunt
|
|switch|p2a: Whimsicott|Whimsicott, M|324\/324
|turn|6
|
|move|p2a: Whimsicott|Encore|p1a: Latias
|-start|p1a: Latias|Encore
|move|p1a: Latias|Surf|p2a: Whimsicott
|-resisted|p2a: Whimsicott
|-damage|p2a: Whimsicott|249\/324
|-damage|p1a: Latias|226\/319|[from] item: Life Orb
|
|turn|7
|
|switch|p2a: Zapdos|Zapdos|345\/345
|-ability|p2a: Zapdos|Pressure
|switch|p1a: Ferrothorn|Ferrothorn, M|352\/352
|-damage|p1a: Ferrothorn|330\/352|[from] Stealth Rock
|-damage|p1a: Ferrothorn|286\/352|[from] Spikes
|
|-heal|p1a: Ferrothorn|308\/352|[from] item: Leftovers
|turn|8
|
|move|p2a: Zapdos|Heat Wave|p1a: Ferrothorn
|-supereffective|p1a: Ferrothorn
|-damage|p1a: Ferrothorn|0 fnt
|-damage|p2a: Zapdos|311\/345|[from] item: Life Orb
|faint|p1a: Ferrothorn
|
|
|switch|p1a: Latias|Latias, F|226\/319
|-damage|p1a: Latias|187\/319|[from] Stealth Rock
|turn|9
|
|switch|p2a: Whimsicott|Whimsicott, M|249\/324
|move|p1a: Latias|Defog|p2a: Whimsicott
|-unboost|p2a: Whimsicott|evasion|1
|-sideend|p1: Vrille|Spikes|[from] move: Defog|[of] p1a: Latias
|-sideend|p1: Vrille|Stealth Rock|[from] move: Defog|[of] p1a: Latias
|
|turn|10
|
|switch|p1a: Talonflame|Talonflame, F|359\/359
|move|p2a: Whimsicott|Stun Spore|p1a: Talonflame
|-status|p1a: Talonflame|par
|
|turn|11
|
|move|p2a: Whimsicott|Tailwind|p2a: Whimsicott
|-sidestart|p2: TheBlueSun|move: Tailwind
|move|p1a: Talonflame|Will-O-Wisp|p2a: Whimsicott
|-status|p2a: Whimsicott|brn
|
|-damage|p2a: Whimsicott|209\/324 brn|[from] brn
|turn|12
|
|move|p2a: Whimsicott|Memento|p1a: Talonflame
|-unboost|p1a: Talonflame|atk|2
|-unboost|p1a: Talonflame|spa|2
|faint|p2a: Whimsicott
|move|p1a: Talonflame|Brave Bird|p2: Whimsicott|[notarget]
|-notarget
|
|
|switch|p2a: Zapdos|Zapdos|311\/345
|-ability|p2a: Zapdos|Pressure
|turn|13
|
|switch|p1a: Latias|Latias, F|187\/319
|move|p2a: Zapdos|Thunderbolt|p1a: Latias
|-crit|p1a: Latias
|-resisted|p1a: Latias
|-damage|p1a: Latias|51\/319
|-damage|p2a: Zapdos|277\/345|[from] item: Life Orb
|
|turn|14
|
|move|p2a: Zapdos|Thunderbolt|p1a: Latias
|-resisted|p1a: Latias
|-damage|p1a: Latias|0 fnt
|-damage|p2a: Zapdos|243\/345|[from] item: Life Orb
|faint|p1a: Latias
|
|-sideend|p2: TheBlueSun|move: Tailwind
|
|switch|p1a: Keldeo-Resolute|Keldeo-Resolute|323\/323
|turn|15
|
|switch|p2a: Kyurem-Black|Kyurem-Black|391\/391
|-ability|p2a: Kyurem-Black|Teravolt
|move|p1a: Keldeo-Resolute|Hydro Pump|p2a: Kyurem-Black|[miss]
|-miss|p1a: Keldeo-Resolute|p2a: Kyurem-Black
|
|turn|16
|
|switch|p1a: Talonflame|Talonflame, F|359\/359 par
|move|p2a: Kyurem-Black|Earth Power|p1a: Talonflame
|-immune|p1a: Talonflame|[msg]
|
|turn|17
|
|move|p2a: Kyurem-Black|Fusion Bolt|p1a: Talonflame
|-supereffective|p1a: Talonflame
|-damage|p1a: Talonflame|0 fnt
|-damage|p2a: Kyurem-Black|352\/391|[from] item: Life Orb
|faint|p1a: Talonflame
|
|
|switch|p1a: Keldeo-Resolute|Keldeo-Resolute|323\/323
|turn|18
|
|switch|p2a: Heracross|Heracross, F|331\/331
|move|p1a: Keldeo-Resolute|Secret Sword|p2a: Heracross
|-resisted|p2a: Heracross
|-damage|p2a: Heracross|196\/331
|
|turn|19
|
|detailschange|p2a: Heracross|Heracross-Mega, F
|-mega|p2a: Heracross|Heracross|Heracronite
|move|p1a: Keldeo-Resolute|Secret Sword|p2a: Heracross
|-resisted|p2a: Heracross
|-damage|p2a: Heracross|88\/331
|move|p2a: Heracross|Pin Missile|p1a: Keldeo-Resolute|[miss]
|-miss|p2a: Heracross|p1a: Keldeo-Resolute
|
|turn|20
|
|move|p1a: Keldeo-Resolute|Secret Sword|p2a: Heracross
|-resisted|p2a: Heracross
|-damage|p2a: Heracross|0 fnt
|faint|p2a: Heracross
|
|
|switch|p2a: Talonflame|Talonflame, F|297\/297
|turn|21
|
|switch|p1a: Landorus-Therian|Landorus-Therian, M|319\/319
|-ability|p1a: Landorus-Therian|Intimidate|[of] p2a: Talonflame
|-unboost|p2a: Talonflame|atk|1
|move|p2a: Talonflame|Brave Bird|p1a: Landorus-Therian
|-damage|p1a: Landorus-Therian|181\/319
|-damage|p2a: Talonflame|251\/297|[from] recoil|[of] p1a: Landorus-Therian
|-damage|p2a: Talonflame|222\/297|[from] item: Life Orb
|
|turn|22
|
|move|p2a: Talonflame|Tailwind|p2a: Talonflame
|-sidestart|p2: TheBlueSun|move: Tailwind
|move|p1a: Landorus-Therian|Stone Edge|p2a: Talonflame
|-supereffective|p2a: Talonflame
|-damage|p2a: Talonflame|0 fnt
|faint|p2a: Talonflame
|
|
|switch|p2a: Zapdos|Zapdos|243\/345
|-ability|p2a: Zapdos|Pressure
|turn|23
|
|move|p2a: Zapdos|Hidden Power|p1a: Landorus-Therian
|-crit|p1a: Landorus-Therian
|-supereffective|p1a: Landorus-Therian
|-damage|p1a: Landorus-Therian|0 fnt
|-damage|p2a: Zapdos|209\/345|[from] item: Life Orb
|faint|p1a: Landorus-Therian
|
|
|switch|p1a: Metagross|Metagross|301\/301
|turn|24
|
|detailschange|p1a: Metagross|Metagross-Mega
|-mega|p1a: Metagross|Metagross|Metagrossite
|move|p2a: Zapdos|Heat Wave|p1a: Metagross
|-supereffective|p1a: Metagross
|-damage|p1a: Metagross|0 fnt
|-damage|p2a: Zapdos|175\/345|[from] item: Life Orb
|faint|p1a: Metagross
|
|
|switch|p1a: Keldeo-Resolute|Keldeo-Resolute|323\/323
|turn|25
|
|move|p2a: Zapdos|Thunderbolt|p1a: Keldeo-Resolute
|-supereffective|p1a: Keldeo-Resolute
|-damage|p1a: Keldeo-Resolute|0 fnt
|-damage|p2a: Zapdos|141\/345|[from] item: Life Orb
|faint|p1a: Keldeo-Resolute
|
|win|TheBlueSun
|raw|Ladder updating...
|c|âTheBlueSun|gg
|raw|Vrille's rating: 1705 &rarr; <strong>1678<\/strong><br \/>(-27 for losing)
|raw|TheBlueSun's rating: 1588 &rarr; <strong>1615<\/strong><br \/>(+27 for winning)
|leave|Vrille
|player|p1