|join|enemy player
|join|Vrille
|player|p1|enemy player|59
|player|p2|Vrille|283
|gametype|singles
|gen|6
|tier|OU
|rated
|clearpoke
|poke|p1|Talonflame, M
|poke|p1|Excadrill, F
|poke|p1|Landorus-Therian, M
|poke|p1|Scizor, F
|poke|p1|Manectric, M
|poke|p1|Suicune
|poke|p2|Excadrill, M
|poke|p2|Gengar, F
|poke|p2|Suicune
|poke|p2|Landorus-Therian, M
|poke|p2|Charizard, M
|poke|p2|Ferrothorn, M
|rule|Sleep Clause Mod: Limit one foe put to sleep
|rule|Species Clause: Limit one of each Pokemon
|rule|OHKO Clause: OHKO moves are banned
|rule|Moody Clause: Moody is banned
|rule|Evasion Moves Clause: Evasion moves are banned
|rule|Endless Battle Clause: Forcing endless battles is banned.
|rule|HP Percentage Mod: HP is reported as percentages
|teampreview
|chat|enemy player|gl
|
|start
|switch|p1a: Manectric|Manectric, M|281\/281
|switch|p2a: Charizard|Charizard, M|359\/359
|turn|1
|
|detailschange|p1a: Manectric|Manectric-Mega, M
|message|Manectric has Mega Evolved into Mega Manectric!
|-ability|p1a: Manectric|Intimidate|[of] p2a: Charizard
|-unboost|p2a: Charizard|atk|1
|detailschange|p2a: Charizard|Charizard-Mega-X, M
|message|Charizard has Mega Evolved into Mega Charizard!
|move|p1a: Manectric|Volt Switch|p2a: Charizard
|-crit|p2a: Charizard
|-resisted|p2a: Charizard
|-damage|p2a: Charizard|283\/359
|
|switch|p1a: Landorus-Therian|Landorus-Therian, M|382\/382
|-ability|p1a: Landorus-Therian|Intimidate|[of] p2a: Charizard
|-unboost|p2a: Charizard|atk|1
|move|p2a: Charizard|Will-O-Wisp|p1a: Landorus-Therian
|-status|p1a: Landorus-Therian|brn
|
|-damage|p1a: Landorus-Therian|335\/382 brn|[from] brn
|turn|2
|
|switch|p2a: Gengar|Gengar, F|323\/323
|move|p1a: Landorus-Therian|Knock Off|p2a: Gengar
|-supereffective|p2a: Gengar
|-damage|p2a: Gengar|127\/323
|-enditem|p2a: Gengar|Leftovers|[from] move: Knock Off|[of] p1a: Landorus-Therian
|
|-heal|p1a: Landorus-Therian|358\/382 brn|[from] item: Leftovers
|-damage|p1a: Landorus-Therian|311\/382 brn|[from] brn
|turn|3
|
|move|p2a: Gengar|Substitute|p2a: Gengar
|-start|p2a: Gengar|Substitute
|-damage|p2a: Gengar|47\/323
|move|p1a: Landorus-Therian|Stealth Rock|p2a: Gengar
|-sidestart|p2: Vrille|move: Stealth Rock
|
|-heal|p1a: Landorus-Therian|334\/382 brn|[from] item: Leftovers
|-damage|p1a: Landorus-Therian|287\/382 brn|[from] brn
|turn|4
|
|move|p2a: Gengar|Shadow Ball|p1a: Landorus-Therian
|-damage|p1a: Landorus-Therian|143\/382 brn
|move|p1a: Landorus-Therian|U-turn|p2a: Gengar
|-resisted|p2a: Gengar
|-activate|p2a: Gengar|Substitute|[damage]
|
|switch|p1a: Manectric|Manectric-Mega, M|281\/281
|-activate|p2a: Gengar|Substitute|ability: Intimidate|[of] p1a: Manectric
|
|turn|5
|
|move|p1a: Manectric|Volt Switch|p2a: Gengar
|-end|p2a: Gengar|Substitute
|
|switch|p1a: Talonflame|Talonflame, M|360\/360
|move|p2a: Gengar|Will-O-Wisp|p1a: Talonflame
|-fail|p1a: Talonflame
|
|turn|6
|
|move|p2a: Gengar|Will-O-Wisp|p1a: Talonflame
|-fail|p1a: Talonflame
|move|p1a: Talonflame|Taunt|p2a: Gengar
|-start|p2a: Gengar|move: Taunt
|
|turn|7
|
|move|p1a: Talonflame|Brave Bird|p2a: Gengar
|-damage|p2a: Gengar|0 fnt
|-damage|p1a: Talonflame|344\/360|[from] recoil|[of] p2a: Gengar
|faint|p2a: Gengar
|
|-heal|p1a: Talonflame|360\/360|[from] item: Leftovers
|
|switch|p2a: Suicune|Suicune|403\/403
|-damage|p2a: Suicune|353\/403|[from] Stealth Rock
|-ability|p2a: Suicune|Pressure
|turn|8
|
|move|p1a: Talonflame|Taunt|p2a: Suicune
|-start|p2a: Suicune|move: Taunt
|move|p2a: Suicune|Scald|p1a: Talonflame
|-supereffective|p1a: Talonflame
|-damage|p1a: Talonflame|196\/360
|
|-heal|p1a: Talonflame|218\/360|[from] item: Leftovers
|-heal|p2a: Suicune|378\/403|[from] item: Leftovers
|turn|9
|
|move|p1a: Talonflame|Bulk Up|p1a: Talonflame
|-boost|p1a: Talonflame|atk|1
|-boost|p1a: Talonflame|def|1
|move|p2a: Suicune|Scald|p1a: Talonflame
|-supereffective|p1a: Talonflame
|-damage|p1a: Talonflame|60\/360
|
|-heal|p1a: Talonflame|82\/360|[from] item: Leftovers
|-heal|p2a: Suicune|403\/403|[from] item: Leftovers
|turn|10
|chat|enemy player|believe it or not
|chat|enemy player|you need a crit to win with suicune
|
|switch|p2a: Excadrill|Excadrill, M|362\/362
|-damage|p2a: Excadrill|351\/362|[from] Stealth Rock
|-ability|p2a: Excadrill|Mold Breaker
|move|p1a: Talonflame|Roost|p1a: Talonflame
|-heal|p1a: Talonflame|262\/360
|
|-heal|p1a: Talonflame|284\/360|[from] item: Leftovers
|turn|11
|
|switch|p1a: Landorus-Therian|Landorus-Therian, M|143\/382 brn
|-ability|p1a: Landorus-Therian|Intimidate|[of] p2a: Excadrill
|-unboost|p2a: Excadrill|atk|1
|move|p2a: Excadrill|Rapid Spin|p1a: Landorus-Therian
|-damage|p1a: Landorus-Therian|125\/382 brn
|-sideend|p2: Vrille|Stealth Rock|[from] move: Rapid Spin|[of] p2a: Excadrill
|
|-heal|p1a: Landorus-Therian|148\/382 brn|[from] item: Leftovers
|-damage|p1a: Landorus-Therian|101\/382 brn|[from] brn
|turn|12
|
|switch|p2a: Ferrothorn|Ferrothorn, M|352\/352
|move|p1a: Landorus-Therian|Knock Off|p2a: Ferrothorn
|-crit|p2a: Ferrothorn
|-damage|p2a: Ferrothorn|284\/352
|-damage|p1a: Landorus-Therian|54\/382 brn|[from] ability: Iron Barbs|[of] p2a: Ferrothorn
|-enditem|p2a: Ferrothorn|Leftovers|[from] move: Knock Off|[of] p1a: Landorus-Therian
|
|-heal|p1a: Landorus-Therian|77\/382 brn|[from] item: Leftovers
|-damage|p1a: Landorus-Therian|30\/382 brn|[from] brn
|turn|13
|
|move|p1a: Landorus-Therian|Stealth Rock|p2a: Ferrothorn
|-sidestart|p2: Vrille|move: Stealth Rock
|move|p2a: Ferrothorn|Stealth Rock|p1a: Landorus-Therian
|-sidestart|p1: enemy player|move: Stealth Rock
|
|-heal|p1a: Landorus-Therian|53\/382 brn|[from] item: Leftovers
|-damage|p1a: Landorus-Therian|6\/382 brn|[from] brn
|turn|14
|
|switch|p1a: Manectric|Manectric-Mega, M|281\/281
|-damage|p1a: Manectric|246\/281|[from] Stealth Rock
|-ability|p1a: Manectric|Intimidate|[of] p2a: Ferrothorn
|-unboost|p2a: Ferrothorn|atk|1
|move|p2a: Ferrothorn|Leech Seed|p1a: Manectric
|-start|p1a: Manectric|move: Leech Seed
|
|-damage|p1a: Manectric|211\/281|[from] Leech Seed|[of] p2a: Ferrothorn
|-heal|p2a: Ferrothorn|319\/352|[silent]
|turn|15
|
|switch|p2a: Charizard|Charizard-Mega-X, M|283\/359
|-damage|p2a: Charizard|194\/359|[from] Stealth Rock
|move|p1a: Manectric|Volt Switch|p2a: Charizard
|-resisted|p2a: Charizard
|-damage|p2a: Charizard|140\/359
|
|switch|p1a: Excadrill|Excadrill, F|365\/365
|-damage|p1a: Excadrill|354\/365|[from] Stealth Rock
|-ability|p1a: Excadrill|Mold Breaker
|
|turn|16
|
|switch|p1a: Suicune|Suicune|404\/404
|-damage|p1a: Suicune|354\/404|[from] Stealth Rock
|-ability|p1a: Suicune|Pressure
|move|p2a: Charizard|Will-O-Wisp|p1a: Suicune
|-status|p1a: Suicune|brn
|
|-heal|p1a: Suicune|379\/404 brn|[from] item: Leftovers
|-damage|p1a: Suicune|329\/404 brn|[from] brn
|turn|17
|
|move|p2a: Charizard|Roost|p2a: Charizard
|-heal|p2a: Charizard|320\/359
|move|p1a: Suicune|Scald|p2a: Charizard
|-damage|p2a: Charizard|251\/359
|
|-heal|p1a: Suicune|354\/404 brn|[from] item: Leftovers
|-damage|p1a: Suicune|304\/404 brn|[from] brn
|turn|18
|
|move|p2a: Charizard|Dragon Claw|p1a: Suicune
|-damage|p1a: Suicune|205\/404 brn
|move|p1a: Suicune|Calm Mind|p1a: Suicune
|-boost|p1a: Suicune|spa|1
|-boost|p1a: Suicune|spd|1
|
|-heal|p1a: Suicune|230\/404 brn|[from] item: Leftovers
|-damage|p1a: Suicune|180\/404 brn|[from] brn
|turn|19
|
|switch|p2a: Ferrothorn|Ferrothorn, M|319\/352
|-damage|p2a: Ferrothorn|297\/352|[from] Stealth Rock
|move|p1a: Suicune|Rest|p1a: Suicune
|-status|p1a: Suicune|slp
|-heal|p1a: Suicune|404\/404 slp|[silent]
|-status|p1a: Suicune|slp|[from] move: Rest
|
|turn|20
|
|cant|p1a: Suicune|slp
|move|p1a: Suicune|Sleep Talk|p1a: Suicune
|move|p1a: Suicune|Calm Mind|p1a: Suicune|[from]Sleep Talk
|-boost|p1a: Suicune|spa|1
|-boost|p1a: Suicune|spd|1
|move|p2a: Ferrothorn|Knock Off|p1a: Suicune
|-damage|p1a: Suicune|362\/404 slp
|-enditem|p1a: Suicune|Leftovers|[from] move: Knock Off|[of] p2a: Ferrothorn
|
|turn|21
|
|cant|p1a: Suicune|slp
|move|p1a: Suicune|Sleep Talk|p1a: Suicune
|move|p1a: Suicune|Scald|p2a: Ferrothorn|[from]Sleep Talk
|-resisted|p2a: Ferrothorn
|-damage|p2a: Ferrothorn|231\/352
|-status|p2a: Ferrothorn|brn
|move|p2a: Ferrothorn|Power Whip|p1a: Suicune
|-supereffective|p1a: Suicune
|-damage|p1a: Suicune|282\/404 slp
|
|-damage|p2a: Ferrothorn|187\/352 brn|[from] brn
|turn|22
|
|-curestatus|p1a: Suicune|slp
|move|p1a: Suicune|Scald|p2a: Ferrothorn
|-resisted|p2a: Ferrothorn
|-damage|p2a: Ferrothorn|121\/352 brn
|move|p2a: Ferrothorn|Leech Seed|p1a: Suicune
|-start|p1a: Suicune|move: Leech Seed
|
|-damage|p1a: Suicune|232\/404|[from] Leech Seed|[of] p2a: Ferrothorn
|-heal|p2a: Ferrothorn|171\/352 brn|[silent]
|-damage|p2a: Ferrothorn|127\/352 brn|[from] brn
|turn|23
|
|move|p1a: Suicune|Rest|p1a: Suicune
|-status|p1a: Suicune|slp
|-heal|p1a: Suicune|404\/404 slp|[silent]
|-status|p1a: Suicune|slp|[from] move: Rest
|move|p2a: Ferrothorn|Leech Seed|p1a: Suicune|[miss]
|-miss|p2a: Ferrothorn|p1a: Suicune
|
|-damage|p1a: Suicune|354\/404 slp|[from] Leech Seed|[of] p2a: Ferrothorn
|-heal|p2a: Ferrothorn|177\/352 brn|[silent]
|-damage|p2a: Ferrothorn|133\/352 brn|[from] brn
|turn|24
|
|switch|p2a: Suicune|Suicune|403\/403
|-damage|p2a: Suicune|353\/403|[from] Stealth Rock
|-ability|p2a: Suicune|Pressure
|cant|p1a: Suicune|slp
|move|p1a: Suicune|Sleep Talk|p1a: Suicune
|move|p1a: Suicune|Scald|p2a: Suicune|[from]Sleep Talk
|-resisted|p2a: Suicune
|-damage|p2a: Suicune|280\/403
|
|-heal|p2a: Suicune|305\/403|[from] item: Leftovers
|-damage|p1a: Suicune|304\/404 slp|[from] Leech Seed|[of] p2a: Suicune
|-heal|p2a: Suicune|355\/403|[silent]
|turn|25
|
|switch|p1a: Scizor|Scizor, F|310\/310
|-damage|p1a: Scizor|272\/310|[from] Stealth Rock
|move|p2a: Suicune|Calm Mind|p2a: Suicune
|-boost|p2a: Suicune|spa|1
|-boost|p2a: Suicune|spd|1
|
|-heal|p2a: Suicune|380\/403|[from] item: Leftovers
|turn|26
|
|move|p2a: Suicune|Scald|p1a: Scizor
|-damage|p1a: Scizor|113\/310
|move|p1a: Scizor|U-turn|p2a: Suicune
|-damage|p2a: Suicune|253\/403
|
|switch|p1a: Manectric|Manectric-Mega, M|211\/281
|-damage|p1a: Manectric|176\/281|[from] Stealth Rock
|-ability|p1a: Manectric|Intimidate|[of] p2a: Suicune
|-unboost|p2a: Suicune|atk|1
|
|-heal|p2a: Suicune|278\/403|[from] item: Leftovers
|turn|27
|
|switch|p2a: Ferrothorn|Ferrothorn, M|133\/352 brn
|-damage|p2a: Ferrothorn|111\/352 brn|[from] Stealth Rock
|move|p1a: Manectric|Thunderbolt|p2a: Ferrothorn
|-resisted|p2a: Ferrothorn
|-damage|p2a: Ferrothorn|49\/352 brn
|
|-damage|p2a: Ferrothorn|5\/352 brn|[from] brn
|turn|28
|
|move|p1a: Manectric|Volt Switch|p2a: Ferrothorn
|-crit|p2a: Ferrothorn
|-resisted|p2a: Ferrothorn
|-damage|p2a: Ferrothorn|0 fnt
|faint|p2a: Ferrothorn
|
|switch|p1a: Scizor|Scizor, F|113\/310
|-damage|p1a: Scizor|75\/310|[from] Stealth Rock
|
|
|switch|p2a: Excadrill|Excadrill, M|351\/362
|-damage|p2a: Excadrill|340\/362|[from] Stealth Rock
|-ability|p2a: Excadrill|Mold Breaker
|turn|29
|
|move|p2a: Excadrill|Earthquake|p1a: Scizor
|-damage|p1a: Scizor|0 fnt
|faint|p1a: Scizor
|
|
|switch|p1a: Talonflame|Talonflame, M|284\/360
|-damage|p1a: Talonflame|104\/360|[from] Stealth Rock
|turn|30
|
|switch|p2a: Landorus-Therian|Landorus-Therian, M|381\/381
|-damage|p2a: Landorus-Therian|334\/381|[from] Stealth Rock
|-ability|p2a: Landorus-Therian|Intimidate|[of] p1a: Talonflame
|-unboost|p1a: Talonflame|atk|1
|move|p1a: Talonflame|Bulk Up|p1a: Talonflame
|-boost|p1a: Talonflame|atk|1
|-boost|p1a: Talonflame|def|1
|
|-heal|p1a: Talonflame|126\/360|[from] item: Leftovers
|-heal|p2a: Landorus-Therian|357\/381|[from] item: Leftovers
|turn|31
|
|move|p1a: Talonflame|Roost|p1a: Talonflame
|-heal|p1a: Talonflame|306\/360
|move|p2a: Landorus-Therian|Rock Polish|p2a: Landorus-Therian
|-boost|p2a: Landorus-Therian|spe|2
|
|-heal|p2a: Landorus-Therian|380\/381|[from] item: Leftovers
|-heal|p1a: Talonflame|328\/360|[from] item: Leftovers
|turn|32
|
|move|p1a: Talonflame|Brave Bird|p2a: Landorus-Therian
|-damage|p2a: Landorus-Therian|244\/381
|-damage|p1a: Talonflame|283\/360|[from] recoil|[of] p2a: Landorus-Therian
|move|p2a: Landorus-Therian|Swords Dance|p2a: Landorus-Therian
|-boost|p2a: Landorus-Therian|atk|2
|
|-heal|p2a: Landorus-Therian|267\/381|[from] item: Leftovers
|-heal|p1a: Talonflame|305\/360|[from] item: Leftovers
|turn|33
|
|move|p1a: Talonflame|Brave Bird|p2a: Landorus-Therian
|-damage|p2a: Landorus-Therian|144\/381
|-damage|p1a: Talonflame|264\/360|[from] recoil|[of] p2a: Landorus-Therian
|move|p2a: Landorus-Therian|Stone Edge|p1a: Talonflame
|-supereffective|p1a: Talonflame
|-damage|p1a: Talonflame|0 fnt
|faint|p1a: Talonflame
|
|-heal|p2a: Landorus-Therian|167\/381|[from] item: Leftovers
|
|switch|p1a: Suicune|Suicune|304\/404 slp
|-damage|p1a: Suicune|254\/404 slp|[from] Stealth Rock
|-ability|p1a: Suicune|Pressure
|turn|34
|
|move|p2a: Landorus-Therian|Earthquake|p1a: Suicune
|-damage|p1a: Suicune|0 fnt
|faint|p1a: Suicune
|
|-heal|p2a: Landorus-Therian|190\/381|[from] item: Leftovers
|chat|Vrille|gg
|chat|enemy player|gg
|
|switch|p1a: Manectric|Manectric-Mega, M|176\/281
|-damage|p1a: Manectric|141\/281|[from] Stealth Rock
|-ability|p1a: Manectric|Intimidate|[of] p2a: Landorus-Therian
|-unboost|p2a: Landorus-Therian|atk|1
|turn|35
|
|switch|p1a: Landorus-Therian|Landorus-Therian, M|6\/382 brn
|-damage|p1a: Landorus-Therian|0 fnt|[from] Stealth Rock
|faint|p1a: Landorus-Therian
|move|p2a: Landorus-Therian|Earthquake|p1: Landorus-Therian|[notarget]
|-notarget
|
|-heal|p2a: Landorus-Therian|213\/381|[from] item: Leftovers
|
|switch|p1a: Manectric|Manectric-Mega, M|141\/281
|-damage|p1a: Manectric|106\/281|[from] Stealth Rock
|-ability|p1a: Manectric|Intimidate|[of] p2a: Landorus-Therian
|-unboost|p2a: Landorus-Therian|atk|1
|turn|36
|
|move|p2a: Landorus-Therian|Earthquake|p1a: Manectric
|-supereffective|p1a: Manectric
|-damage|p1a: Manectric|0 fnt
|faint|p1a: Manectric
|
|-heal|p2a: Landorus-Therian|236\/381|[from] item: Leftovers
|
|switch|p1a: Excadrill|Excadrill, F|354\/365
|-damage|p1a: Excadrill|343\/365|[from] Stealth Rock
|-ability|p1a: Excadrill|Mold Breaker
|turn|37
|
|move|p2a: Landorus-Therian|Earthquake|p1a: Excadrill
|-supereffective|p1a: Excadrill
|-damage|p1a: Excadrill|0 fnt
|faint|p1a: Excadrill
|
|win|Vrille
|raw|Ladder updating...
|raw|enemy player's rating: 1703 &rarr; <strong>1686<\/strong><br \/>(-17 for losing)
|raw|Vrille's rating: 1757 &rarr; <strong>1774<\/strong><br \/>(+17 for winning)
|leave|enemy player
|player|p1