|join|Vrille
|join|Aka DH
|player|p1|Vrille|268
|player|p2|Aka DH|288
|gametype|singles
|gen|6
|tier|OU
|rated
|clearpoke
|poke|p1|Diancie
|poke|p1|Talonflame, F
|poke|p1|Bisharp, F
|poke|p1|Rotom-Wash
|poke|p1|Latios, M
|poke|p1|Ferrothorn, M
|poke|p2|Bisharp, M
|poke|p2|Venusaur, M
|poke|p2|Heatran, M
|poke|p2|Keldeo
|poke|p2|Chansey, F
|poke|p2|Skarmory, F
|rule|Swagger Clause: Swagger is banned
|rule|Baton Pass Clause: Limit one PokÃ©mon knowing Baton Pass
|rule|Sleep Clause Mod: Limit one foe put to sleep
|rule|Species Clause: Limit one of each PokÃ©mon
|rule|OHKO Clause: OHKO moves are banned
|rule|Moody Clause: Moody is banned
|rule|Evasion Moves Clause: Evasion moves are banned
|rule|Endless Battle Clause: Forcing endless battles is banned
|rule|HP Percentage Mod: HP is shown in percentages
|teampreview
|
|start
|switch|p1a: Rotom-Wash|Rotom-Wash|303\/303
|switch|p2a: Venusaur|Venusaur, M|364\/364
|turn|1
|
|switch|p1a: Ferrothorn|Ferrothorn, M|352\/352
|detailschange|p2a: Venusaur|Venusaur-Mega, M
|message|Venusaur has Mega Evolved into Mega Venusaur!
|move|p2a: Venusaur|Giga Drain|p1a: Ferrothorn
|-resisted|p1a: Ferrothorn
|-damage|p1a: Ferrothorn|333\/352
|
|-heal|p1a: Ferrothorn|352\/352|[from] item: Leftovers
|turn|2
|
|switch|p2a: Heatran|Heatran, M|340\/340
|-item|p2a: Heatran|Air Balloon
|switch|p1a: Latios|Latios, M|302\/302
|
|turn|3
|
|move|p1a: Latios|Surf|p2a: Heatran
|-supereffective|p2a: Heatran
|-damage|p2a: Heatran|85\/340
|-enditem|p2a: Heatran|Air Balloon
|-damage|p1a: Latios|272\/302|[from] item: Life Orb
|move|p2a: Heatran|Stealth Rock|p1a: Latios
|-sidestart|p1: Vrille|move: Stealth Rock
|
|turn|4
|
|switch|p2a: Chansey|Chansey, F|684\/684
|move|p1a: Latios|Defog|p2a: Chansey
|-unboost|p2a: Chansey|evasion|1
|-sideend|p1: Vrille|Stealth Rock|[from] move: Defog|[of] p1a: Latios
|
|turn|5
|
|switch|p1a: Ferrothorn|Ferrothorn, M|352\/352
|switch|p2a: Heatran|Heatran, M|85\/340
|
|turn|6
|
|switch|p1a: Latios|Latios, M|272\/302
|move|p2a: Heatran|Stealth Rock|p1a: Latios
|-sidestart|p1: Vrille|move: Stealth Rock
|
|turn|7
|
|move|p1a: Latios|Defog|p2a: Heatran
|-unboost|p2a: Heatran|evasion|1
|-sideend|p1: Vrille|Stealth Rock|[from] move: Defog|[of] p1a: Latios
|move|p2a: Heatran|Toxic|p1a: Latios
|-status|p1a: Latios|tox
|
|-damage|p1a: Latios|254\/302 tox|[from] psn
|turn|8
|
|switch|p2a: Chansey|Chansey, F|684\/684
|move|p1a: Latios|Psyshock|p2a: Chansey
|-damage|p2a: Chansey|449\/684
|-damage|p1a: Latios|224\/302 tox|[from] item: Life Orb
|
|-damage|p1a: Latios|188\/302 tox|[from] psn
|turn|9
|
|switch|p1a: Bisharp|Bisharp, F|271\/271
|move|p2a: Chansey|Soft-Boiled|p2a: Chansey
|-heal|p2a: Chansey|684\/684
|
|turn|10
|
|switch|p2a: Keldeo|Keldeo|323\/323
|move|p1a: Bisharp|Knock Off|p2a: Keldeo
|-resisted|p2a: Keldeo
|-damage|p2a: Keldeo|215\/323
|-boost|p2a: Keldeo|atk|1|[from] ability: Justified
|-enditem|p2a: Keldeo|Leftovers|[from] move: Knock Off|[of] p1a: Bisharp
|
|turn|11
|
|switch|p2a: Heatran|Heatran, M|85\/340
|switch|p1a: Rotom-Wash|Rotom-Wash|303\/303
|
|turn|12
|
|move|p2a: Heatran|Toxic|p1a: Rotom-Wash
|-status|p1a: Rotom-Wash|tox
|move|p1a: Rotom-Wash|Volt Switch|p2a: Heatran
|-damage|p2a: Heatran|7\/340
|
|switch|p1a: Talonflame|Talonflame, F|359\/359
|
|turn|13
|
|switch|p2a: Skarmory|Skarmory, F|334\/334
|move|p1a: Talonflame|Brave Bird|p2a: Skarmory
|-resisted|p2a: Skarmory
|-damage|p2a: Skarmory|290\/334
|-damage|p1a: Talonflame|300\/359|[from] item: Rocky Helmet|[of] p2a: Skarmory
|-damage|p1a: Talonflame|285\/359|[from] recoil|[of] p2a: Skarmory
|
|turn|14
|
|move|p1a: Talonflame|Will-O-Wisp|p2a: Skarmory
|-status|p2a: Skarmory|brn
|move|p2a: Skarmory|Spikes|p1a: Talonflame
|-sidestart|p1: Vrille|Spikes
|
|-damage|p2a: Skarmory|249\/334 brn|[from] brn
|turn|15
|
|move|p1a: Talonflame|Swords Dance|p1a: Talonflame
|-boost|p1a: Talonflame|atk|2
|move|p2a: Skarmory|Whirlwind|p1a: Talonflame
|drag|p1a: Ferrothorn|Ferrothorn, M|352\/352
|-damage|p1a: Ferrothorn|308\/352|[from] Spikes
|
|-heal|p1a: Ferrothorn|330\/352|[from] item: Leftovers
|-damage|p2a: Skarmory|208\/334 brn|[from] brn
|turn|16
|
|switch|p2a: Heatran|Heatran, M|7\/340
|switch|p1a: Diancie|Diancie|275\/275
|-damage|p1a: Diancie|241\/275|[from] Spikes
|
|turn|17
|
|detailschange|p1a: Diancie|Diancie-Mega
|message|Diancie has Mega Evolved into Mega Diancie!
|move|p2a: Heatran|Fire Blast|p1a: Diancie
|-resisted|p1a: Diancie
|-damage|p1a: Diancie|163\/275
|move|p1a: Diancie|Moonblast|p2a: Heatran
|-resisted|p2a: Heatran
|-damage|p2a: Heatran|0 fnt
|faint|p2a: Heatran
|
|
|switch|p2a: Venusaur|Venusaur-Mega, M|364\/364
|turn|18
|
|switch|p1a: Ferrothorn|Ferrothorn, M|330\/352
|-damage|p1a: Ferrothorn|286\/352|[from] Spikes
|move|p2a: Venusaur|Hidden Power|p1a: Ferrothorn
|-supereffective|p1a: Ferrothorn
|-damage|p1a: Ferrothorn|130\/352
|
|-heal|p1a: Ferrothorn|152\/352|[from] item: Leftovers
|turn|19
|
|switch|p1a: Latios|Latios, M|188\/302 tox
|move|p2a: Venusaur|Hidden Power|p1a: Latios
|-resisted|p1a: Latios
|-damage|p1a: Latios|164\/302 tox
|
|-damage|p1a: Latios|146\/302 tox|[from] psn
|turn|20
|
|move|p1a: Latios|Draco Meteor|p2a: Venusaur
|-damage|p2a: Venusaur|125\/364
|-unboost|p1a: Latios|spa|2
|-damage|p1a: Latios|116\/302 tox|[from] item: Life Orb
|move|p2a: Venusaur|Leech Seed|p1a: Latios
|-start|p1a: Latios|move: Leech Seed
|
|-damage|p1a: Latios|79\/302 tox|[from] Leech Seed|[of] p2a: Venusaur
|-heal|p2a: Venusaur|162\/364|[silent]
|-damage|p1a: Latios|43\/302 tox|[from] psn
|turn|21
|
|move|p1a: Latios|Defog|p2a: Venusaur
|-unboost|p2a: Venusaur|evasion|1
|-sideend|p1: Vrille|Spikes|[from] move: Defog|[of] p1a: Latios
|move|p2a: Venusaur|Synthesis|p2a: Venusaur
|-heal|p2a: Venusaur|344\/364
|
|-damage|p1a: Latios|6\/302 tox|[from] Leech Seed|[of] p2a: Venusaur
|-heal|p2a: Venusaur|364\/364|[silent]
|-damage|p1a: Latios|0 fnt|[from] psn
|faint|p1a: Latios
|
|switch|p1a: Talonflame|Talonflame, F|285\/359
|turn|22
|
|move|p1a: Talonflame|Brave Bird|p2a: Venusaur
|-supereffective|p2a: Venusaur
|-damage|p2a: Venusaur|190\/364
|-damage|p1a: Talonflame|228\/359|[from] recoil|[of] p2a: Venusaur
|move|p2a: Venusaur|Leech Seed|p1a: Talonflame
|-start|p1a: Talonflame|move: Leech Seed
|
|-damage|p1a: Talonflame|184\/359|[from] Leech Seed|[of] p2a: Venusaur
|-heal|p2a: Venusaur|234\/364|[silent]
|turn|23
|
|switch|p1a: Ferrothorn|Ferrothorn, M|152\/352
|switch|p2a: Chansey|Chansey, F|684\/684
|
|-heal|p1a: Ferrothorn|174\/352|[from] item: Leftovers
|turn|24
|
|switch|p2a: Venusaur|Venusaur-Mega, M|234\/364
|move|p1a: Ferrothorn|Stealth Rock|p2a: Venusaur
|-sidestart|p2: Aka DH|move: Stealth Rock
|
|-heal|p1a: Ferrothorn|196\/352|[from] item: Leftovers
|turn|25
|
|switch|p1a: Talonflame|Talonflame, F|184\/359
|move|p2a: Venusaur|Synthesis|p2a: Venusaur
|-heal|p2a: Venusaur|364\/364
|
|turn|26
|
|move|p1a: Talonflame|Roost|p1a: Talonflame
|-heal|p1a: Talonflame|359\/359
|move|p2a: Venusaur|Leech Seed|p1a: Talonflame
|-start|p1a: Talonflame|move: Leech Seed
|
|-damage|p1a: Talonflame|315\/359|[from] Leech Seed|[of] p2a: Venusaur
|turn|27
|
|switch|p2a: Chansey|Chansey, F|684\/684
|-damage|p2a: Chansey|599\/684|[from] Stealth Rock
|move|p1a: Talonflame|Swords Dance|p1a: Talonflame
|-boost|p1a: Talonflame|atk|2
|
|-damage|p1a: Talonflame|271\/359|[from] Leech Seed|[of] p2a: Chansey
|-heal|p2a: Chansey|643\/684|[silent]
|turn|28
|
|switch|p1a: Bisharp|Bisharp, F|271\/271
|move|p2a: Chansey|Seismic Toss|p1a: Bisharp
|-damage|p1a: Bisharp|171\/271
|
|turn|29
|
|switch|p1a: Rotom-Wash|Rotom-Wash|303\/303 tox
|switch|p2a: Skarmory|Skarmory, F|208\/334 brn
|-damage|p2a: Skarmory|167\/334 brn|[from] Stealth Rock
|
|-damage|p1a: Rotom-Wash|285\/303 tox|[from] psn
|-damage|p2a: Skarmory|126\/334 brn|[from] brn
|turn|30
|
|switch|p2a: Chansey|Chansey, F|643\/684
|-damage|p2a: Chansey|558\/684|[from] Stealth Rock
|move|p1a: Rotom-Wash|Volt Switch|p2a: Chansey
|-damage|p2a: Chansey|504\/684
|
|switch|p1a: Bisharp|Bisharp, F|171\/271
|
|turn|31
|
|move|p1a: Bisharp|Knock Off|p2a: Chansey
|-damage|p2a: Chansey|261\/684
|-enditem|p2a: Chansey|Eviolite|[from] move: Knock Off|[of] p1a: Bisharp
|move|p2a: Chansey|Thunder Wave|p1a: Bisharp
|-status|p1a: Bisharp|par
|-enditem|p1a: Bisharp|Lum Berry|[eat]
|-curestatus|p1a: Bisharp|par
|
|turn|32
|
|move|p1a: Bisharp|Iron Head|p2a: Chansey
|-damage|p2a: Chansey|0 fnt
|faint|p2a: Chansey
|
|
|switch|p2a: Venusaur|Venusaur-Mega, M|364\/364
|-damage|p2a: Venusaur|319\/364|[from] Stealth Rock
|turn|33
|
|switch|p1a: Talonflame|Talonflame, F|271\/359
|move|p2a: Venusaur|Leech Seed|p1a: Talonflame
|-start|p1a: Talonflame|move: Leech Seed
|
|-damage|p1a: Talonflame|227\/359|[from] Leech Seed|[of] p2a: Venusaur
|-heal|p2a: Venusaur|363\/364|[silent]
|turn|34
|
|switch|p2a: Skarmory|Skarmory, F|126\/334 brn
|-damage|p2a: Skarmory|85\/334 brn|[from] Stealth Rock
|move|p1a: Talonflame|Roost|p1a: Talonflame
|-heal|p1a: Talonflame|359\/359
|
|-damage|p1a: Talonflame|315\/359|[from] Leech Seed|[of] p2a: Skarmory
|-heal|p2a: Skarmory|129\/334 brn|[silent]
|-damage|p2a: Skarmory|88\/334 brn|[from] brn
|turn|35
|
|switch|p1a: Diancie|Diancie-Mega|163\/275
|switch|p2a: Venusaur|Venusaur-Mega, M|363\/364
|-damage|p2a: Venusaur|318\/364|[from] Stealth Rock
|
|turn|36
|
|switch|p1a: Ferrothorn|Ferrothorn, M|196\/352
|move|p2a: Venusaur|Giga Drain|p1a: Ferrothorn
|-resisted|p1a: Ferrothorn
|-damage|p1a: Ferrothorn|178\/352
|-heal|p2a: Venusaur|327\/364|[from] drain|[of] p1a: Ferrothorn
|
|-heal|p1a: Ferrothorn|200\/352|[from] item: Leftovers
|turn|37
|
|switch|p1a: Talonflame|Talonflame, F|315\/359
|move|p2a: Venusaur|Leech Seed|p1a: Talonflame
|-start|p1a: Talonflame|move: Leech Seed
|
|-damage|p1a: Talonflame|271\/359|[from] Leech Seed|[of] p2a: Venusaur
|-heal|p2a: Venusaur|364\/364|[silent]
|turn|38
|
|switch|p2a: Bisharp|Bisharp, M|334\/334
|-damage|p2a: Bisharp|314\/334|[from] Stealth Rock
|move|p1a: Talonflame|Swords Dance|p1a: Talonflame
|-boost|p1a: Talonflame|atk|2
|
|-heal|p2a: Bisharp|334\/334|[from] item: Leftovers
|-damage|p1a: Talonflame|227\/359|[from] Leech Seed|[of] p2a: Bisharp
|turn|39
|
|move|p2a: Bisharp|Sucker Punch|p1a: Talonflame
|-fail|p1a: Talonflame
|move|p1a: Talonflame|Will-O-Wisp|p2a: Bisharp
|-status|p2a: Bisharp|brn
|
|-damage|p1a: Talonflame|183\/359|[from] Leech Seed|[of] p2a: Bisharp
|-damage|p2a: Bisharp|293\/334 brn|[from] brn
|turn|40
|
|switch|p1a: Bisharp|Bisharp, F|171\/271
|move|p2a: Bisharp|Swords Dance|p2a: Bisharp
|-boost|p2a: Bisharp|atk|2
|
|-heal|p2a: Bisharp|313\/334 brn|[from] item: Leftovers
|-damage|p2a: Bisharp|272\/334 brn|[from] brn
|turn|41
|
|switch|p2a: Skarmory|Skarmory, F|88\/334 brn
|-damage|p2a: Skarmory|47\/334 brn|[from] Stealth Rock
|move|p1a: Bisharp|Swords Dance|p1a: Bisharp
|-boost|p1a: Bisharp|atk|2
|
|-damage|p2a: Skarmory|6\/334 brn|[from] brn
|turn|42
|
|move|p1a: Bisharp|Iron Head|p2a: Skarmory
|-resisted|p2a: Skarmory
|-damage|p2a: Skarmory|0 fnt
|-damage|p1a: Bisharp|126\/271|[from] item: Rocky Helmet|[of] p2a: Skarmory
|faint|p2a: Skarmory
|
|
|switch|p2a: Keldeo|Keldeo|215\/323
|-damage|p2a: Keldeo|195\/323|[from] Stealth Rock
|turn|43
|
|move|p2a: Keldeo|Secret Sword|p1a: Bisharp
|-supereffective|p1a: Bisharp
|-damage|p1a: Bisharp|0 fnt
|faint|p1a: Bisharp
|
|
|switch|p1a: Talonflame|Talonflame, F|183\/359
|turn|44
|
|move|p1a: Talonflame|Brave Bird|p2a: Keldeo
|-supereffective|p2a: Keldeo
|-damage|p2a: Keldeo|0 fnt
|-damage|p1a: Talonflame|119\/359|[from] recoil|[of] p2a: Keldeo
|faint|p2a: Keldeo
|
|
|switch|p2a: Bisharp|Bisharp, M|272\/334 brn
|-damage|p2a: Bisharp|252\/334 brn|[from] Stealth Rock
|turn|45
|
|switch|p1a: Rotom-Wash|Rotom-Wash|285\/303 tox
|move|p2a: Bisharp|Knock Off|p1a: Rotom-Wash
|-damage|p1a: Rotom-Wash|221\/303 tox
|-enditem|p1a: Rotom-Wash|Leftovers|[from] move: Knock Off|[of] p2a: Bisharp
|
|-heal|p2a: Bisharp|272\/334 brn|[from] item: Leftovers
|-damage|p1a: Rotom-Wash|203\/303 tox|[from] psn
|-damage|p2a: Bisharp|231\/334 brn|[from] brn
|turn|46
|
|switch|p2a: Venusaur|Venusaur-Mega, M|364\/364
|-damage|p2a: Venusaur|319\/364|[from] Stealth Rock
|move|p1a: Rotom-Wash|Volt Switch|p2a: Venusaur
|-resisted|p2a: Venusaur
|-damage|p2a: Venusaur|280\/364
|
|switch|p1a: Talonflame|Talonflame, F|119\/359
|
|turn|47
|
|move|p1a: Talonflame|Roost|p1a: Talonflame
|-heal|p1a: Talonflame|299\/359
|move|p2a: Venusaur|Leech Seed|p1a: Talonflame
|-start|p1a: Talonflame|move: Leech Seed
|
|-damage|p1a: Talonflame|255\/359|[from] Leech Seed|[of] p2a: Venusaur
|-heal|p2a: Venusaur|324\/364|[silent]
|turn|48
|
|move|p1a: Talonflame|Swords Dance|p1a: Talonflame
|-boost|p1a: Talonflame|atk|2
|move|p2a: Venusaur|Giga Drain|p1a: Talonflame
|-resisted|p1a: Talonflame
|-damage|p1a: Talonflame|229\/359
|-heal|p2a: Venusaur|337\/364|[from] drain|[of] p1a: Talonflame
|
|-damage|p1a: Talonflame|185\/359|[from] Leech Seed|[of] p2a: Venusaur
|-heal|p2a: Venusaur|364\/364|[silent]
|turn|49
|
|switch|p2a: Bisharp|Bisharp, M|231\/334 brn
|-damage|p2a: Bisharp|211\/334 brn|[from] Stealth Rock
|move|p1a: Talonflame|Roost|p1a: Talonflame
|-heal|p1a: Talonflame|359\/359
|
|-heal|p2a: Bisharp|231\/334 brn|[from] item: Leftovers
|-damage|p1a: Talonflame|315\/359|[from] Leech Seed|[of] p2a: Bisharp
|-heal|p2a: Bisharp|275\/334 brn|[silent]
|-damage|p2a: Bisharp|234\/334 brn|[from] brn
|turn|50
|
|move|p1a: Talonflame|Swords Dance|p1a: Talonflame
|-boost|p1a: Talonflame|atk|2
|move|p2a: Bisharp|Knock Off|p1a: Talonflame
|-damage|p1a: Talonflame|201\/359
|-enditem|p1a: Talonflame|Sharp Beak|[from] move: Knock Off|[of] p2a: Bisharp
|
|-heal|p2a: Bisharp|254\/334 brn|[from] item: Leftovers
|-damage|p1a: Talonflame|157\/359|[from] Leech Seed|[of] p2a: Bisharp
|-heal|p2a: Bisharp|298\/334 brn|[silent]
|-damage|p2a: Bisharp|257\/334 brn|[from] brn
|turn|51
|
|move|p1a: Talonflame|Roost|p1a: Talonflame
|-heal|p1a: Talonflame|337\/359
|move|p2a: Bisharp|Swords Dance|p2a: Bisharp
|-boost|p2a: Bisharp|atk|2
|
|-heal|p2a: Bisharp|277\/334 brn|[from] item: Leftovers
|-damage|p1a: Talonflame|293\/359|[from] Leech Seed|[of] p2a: Bisharp
|-heal|p2a: Bisharp|321\/334 brn|[silent]
|-damage|p2a: Bisharp|280\/334 brn|[from] brn
|turn|52
|
|move|p1a: Talonflame|Brave Bird|p2a: Bisharp
|-resisted|p2a: Bisharp
|-damage|p2a: Bisharp|111\/334 brn
|-damage|p1a: Talonflame|237\/359|[from] recoil|[of] p2a: Bisharp
|move|p2a: Bisharp|Knock Off|p1a: Talonflame
|-damage|p1a: Talonflame|68\/359
|
|-heal|p2a: Bisharp|131\/334 brn|[from] item: Leftovers
|-damage|p1a: Talonflame|24\/359|[from] Leech Seed|[of] p2a: Bisharp
|-heal|p2a: Bisharp|175\/334 brn|[silent]
|-damage|p2a: Bisharp|134\/334 brn|[from] brn
|turn|53
|
|move|p1a: Talonflame|Brave Bird|p2a: Bisharp
|-resisted|p2a: Bisharp
|-damage|p2a: Bisharp|0 fnt
|-damage|p1a: Talonflame|0 fnt|[from] recoil|[of] p2a: Bisharp
|faint|p2a: Bisharp
|faint|p1a: Talonflame
|
|
|switch|p1a: Rotom-Wash|Rotom-Wash|203\/303 tox
|switch|p2a: Venusaur|Venusaur-Mega, M|364\/364
|-damage|p2a: Venusaur|319\/364|[from] Stealth Rock
|turn|54
|c|âVrille|i choked g_g
|c|âAka DH|gg
|
|move|p1a: Rotom-Wash|Will-O-Wisp|p2a: Venusaur
|-status|p2a: Venusaur|brn
|move|p2a: Venusaur|Giga Drain|p1a: Rotom-Wash
|-supereffective|p1a: Rotom-Wash
|-damage|p1a: Rotom-Wash|0 fnt
|-heal|p2a: Venusaur|364\/364 brn|[from] drain|[of] p1a: Rotom-Wash
|faint|p1a: Rotom-Wash
|
|-damage|p2a: Venusaur|319\/364 brn|[from] brn
|
|switch|p1a: Ferrothorn|Ferrothorn, M|200\/352
|turn|55
|
|move|p2a: Venusaur|Hidden Power|p1a: Ferrothorn
|-supereffective|p1a: Ferrothorn
|-damage|p1a: Ferrothorn|24\/352
|move|p1a: Ferrothorn|Power Whip|p2a: Venusaur
|-resisted|p2a: Venusaur
|-damage|p2a: Venusaur|297\/364 brn
|
|-heal|p1a: Ferrothorn|46\/352|[from] item: Leftovers
|-damage|p2a: Venusaur|252\/364 brn|[from] brn
|turn|56
|
|move|p2a: Venusaur|Synthesis|p2a: Venusaur
|-heal|p2a: Venusaur|364\/364 brn
|move|p1a: Ferrothorn|Power Whip|p2a: Venusaur|[miss]
|-miss|p1a: Ferrothorn|p2a: Venusaur
|
|-heal|p1a: Ferrothorn|68\/352|[from] item: Leftovers
|-damage|p2a: Venusaur|319\/364 brn|[from] brn
|turn|57
|
|move|p2a: Venusaur|Hidden Power|p1a: Ferrothorn
|-supereffective|p1a: Ferrothorn
|-damage|p1a: Ferrothorn|0 fnt
|faint|p1a: Ferrothorn
|
|-damage|p2a: Venusaur|274\/364 brn|[from] brn
|
|switch|p1a: Diancie|Diancie-Mega|163\/275
|turn|58
|
|move|p1a: Diancie|Calm Mind|p1a: Diancie
|-boost|p1a: Diancie|spa|1
|-boost|p1a: Diancie|spd|1
|move|p2a: Venusaur|Giga Drain|p1a: Diancie
|-supereffective|p1a: Diancie
|-damage|p1a: Diancie|41\/275
|-heal|p2a: Venusaur|335\/364 brn|[from] drain|[of] p1a: Diancie
|
|-damage|p2a: Venusaur|290\/364 brn|[from] brn
|turn|59
|
|move|p1a: Diancie|Earth Power|p2a: Venusaur
|-damage|p2a: Venusaur|99\/364 brn
|move|p2a: Venusaur|Giga Drain|p1a: Diancie
|-supereffective|p1a: Diancie
|-damage|p1a: Diancie|0 fnt
|-heal|p2a: Venusaur|120\/364 brn|[from] drain|[of] p1a: Diancie
|faint|p1a: Diancie
|
|win|Aka DH
|raw|Ladder updating...