|join|Vrille
|join|Yuttt.annual
|player|p1|Vrille|268
|player|p2|Yuttt.annual|113
|gametype|singles
|gen|6
|tier|OU
|rated
|clearpoke
|poke|p1|Diancie
|poke|p1|Talonflame, M
|poke|p1|Bisharp, F
|poke|p1|Rotom-Wash
|poke|p1|Latios, M
|poke|p1|Ferrothorn, F
|poke|p2|Skarmory, M
|poke|p2|Chesnaught, F
|poke|p2|Slowbro, M
|poke|p2|Clefable, F
|poke|p2|Gliscor, M
|poke|p2|Gastrodon, F
|rule|Swagger Clause: Swagger is banned
|rule|Baton Pass Clause: Limit one PokÃ©mon knowing Baton Pass
|rule|Sleep Clause Mod: Limit one foe put to sleep
|rule|Species Clause: Limit one of each PokÃ©mon
|rule|OHKO Clause: OHKO moves are banned
|rule|Moody Clause: Moody is banned
|rule|Evasion Moves Clause: Evasion moves are banned
|rule|Endless Battle Clause: Forcing endless battles is banned
|rule|HP Percentage Mod: HP is shown in percentages
|teampreview
|
|start
|switch|p1a: Diancie|Diancie|275\/275
|switch|p2a: Skarmory|Skarmory, M|333\/333
|turn|1
|
|detailschange|p1a: Diancie|Diancie-Mega
|message|Diancie has Mega Evolved into Mega Diancie!
|move|p2a: Skarmory|Iron Head|p1a: Diancie
|-supereffective|p1a: Diancie
|-damage|p1a: Diancie|0 fnt
|faint|p1a: Diancie
|
|c|âVrille|lol
|c|âYuttt.annual|heh
|c|âYuttt.annual|second verse
|c|âYuttt.annual|same as the first
|c|âYuttt.annual|a little bit louder
|c|âYuttt.annual|a little bit worse
|
|switch|p1a: Rotom-Wash|Rotom-Wash|303\/303
|turn|2
|
|switch|p2a: Gastrodon|Gastrodon, F|426\/426
|move|p1a: Rotom-Wash|Will-O-Wisp|p2a: Gastrodon
|-status|p2a: Gastrodon|brn
|
|-damage|p2a: Gastrodon|373\/426 brn|[from] brn
|turn|3
|
|switch|p1a: Ferrothorn|Ferrothorn, F|352\/352
|move|p2a: Gastrodon|Scald|p1a: Ferrothorn
|-resisted|p1a: Ferrothorn
|-damage|p1a: Ferrothorn|319\/352
|
|-heal|p2a: Gastrodon|399\/426 brn|[from] item: Leftovers
|-heal|p1a: Ferrothorn|341\/352|[from] item: Leftovers
|-damage|p2a: Gastrodon|346\/426 brn|[from] brn
|turn|4
|
|switch|p2a: Chesnaught|Chesnaught, F|380\/380
|switch|p1a: Talonflame|Talonflame, M|359\/359
|
|turn|5
|
|switch|p2a: Slowbro|Slowbro, M|393\/393
|move|p1a: Talonflame|Will-O-Wisp|p2a: Slowbro
|-status|p2a: Slowbro|brn
|
|-damage|p2a: Slowbro|344\/393 brn|[from] brn
|turn|6
|
|switch|p1a: Bisharp|Bisharp, F|271\/271
|detailschange|p2a: Slowbro|Slowbro-Mega, M
|message|Slowbro has Mega Evolved into Mega Slowbro!
|move|p2a: Slowbro|Scald|p1a: Bisharp
|-damage|p1a: Bisharp|121\/271
|
|-damage|p2a: Slowbro|295\/393 brn|[from] brn
|turn|7
|
|switch|p1a: Rotom-Wash|Rotom-Wash|303\/303
|switch|p2a: Chesnaught|Chesnaught, F|380\/380
|
|turn|8
|
|move|p1a: Rotom-Wash|Will-O-Wisp|p2a: Chesnaught
|-status|p2a: Chesnaught|brn
|move|p2a: Chesnaught|Wood Hammer|p1a: Rotom-Wash
|-supereffective|p1a: Rotom-Wash
|-damage|p1a: Rotom-Wash|187\/303
|-damage|p2a: Chesnaught|342\/380 brn|[from] recoil|[of] p1a: Rotom-Wash
|
|-heal|p1a: Rotom-Wash|205\/303|[from] item: Leftovers
|-heal|p2a: Chesnaught|365\/380 brn|[from] item: Leftovers
|-damage|p2a: Chesnaught|318\/380 brn|[from] brn
|turn|9
|c|âYuttt.annual|damn speedy
|
|switch|p1a: Ferrothorn|Ferrothorn, F|341\/352
|switch|p2a: Gastrodon|Gastrodon, F|346\/426 brn
|
|-heal|p2a: Gastrodon|372\/426 brn|[from] item: Leftovers
|-heal|p1a: Ferrothorn|352\/352|[from] item: Leftovers
|-damage|p2a: Gastrodon|319\/426 brn|[from] brn
|turn|10
|
|switch|p2a: Clefable|Clefable, F|393\/393
|move|p1a: Ferrothorn|Spikes|p2a: Clefable
|-sidestart|p2: Yuttt.annual|Spikes
|
|turn|11
|
|switch|p1a: Talonflame|Talonflame, M|359\/359
|move|p2a: Clefable|Heal Bell|p2a: Clefable
|-cureteam|p2a: Clefable|[from] move: HealBell
|
|turn|12
|
|move|p2a: Clefable|Protect|p2a: Clefable
|-singleturn|p2a: Clefable|Protect
|move|p1a: Talonflame|Swords Dance|p1a: Talonflame
|-boost|p1a: Talonflame|atk|2
|
|turn|13
|
|move|p1a: Talonflame|Swords Dance|p1a: Talonflame
|-boost|p1a: Talonflame|atk|2
|move|p2a: Clefable|Wish|p2a: Clefable
|
|turn|14
|
|switch|p2a: Gliscor|Gliscor, M|352\/352
|move|p1a: Talonflame|Will-O-Wisp|p2a: Gliscor
|-status|p2a: Gliscor|brn
|
|-damage|p2a: Gliscor|308\/352 brn|[from] brn
|turn|15
|
|move|p1a: Talonflame|Brave Bird|p2a: Gliscor
|-damage|p2a: Gliscor|0 fnt
|-damage|p1a: Talonflame|257\/359|[from] recoil|[of] p2a: Gliscor
|faint|p2a: Gliscor
|
|
|switch|p2a: Skarmory|Skarmory, M|333\/333
|turn|16
|
|move|p1a: Talonflame|Will-O-Wisp|p2a: Skarmory
|-status|p2a: Skarmory|brn
|move|p2a: Skarmory|Counter|p1a: Talonflame
|-fail|p1a: Talonflame
|
|-damage|p2a: Skarmory|292\/333 brn|[from] brn
|turn|17
|
|move|p1a: Talonflame|Roost|p1a: Talonflame
|-heal|p1a: Talonflame|359\/359
|move|p2a: Skarmory|Counter|p1a: Talonflame
|-fail|p1a: Talonflame
|
|-heal|p2a: Skarmory|312\/333 brn|[from] item: Leftovers
|-damage|p2a: Skarmory|271\/333 brn|[from] brn
|turn|18
|
|move|p1a: Talonflame|Swords Dance|p1a: Talonflame
|-boost|p1a: Talonflame|atk|2
|move|p2a: Skarmory|Counter|p1a: Talonflame
|-fail|p1a: Talonflame
|
|-heal|p2a: Skarmory|291\/333 brn|[from] item: Leftovers
|-damage|p2a: Skarmory|250\/333 brn|[from] brn
|turn|19
|
|move|p1a: Talonflame|Will-O-Wisp|p2a: Skarmory|[miss]
|-miss|p1a: Talonflame|p2a: Skarmory
|move|p2a: Skarmory|Roost|p2a: Skarmory
|-heal|p2a: Skarmory|333\/333 brn
|
|-damage|p2a: Skarmory|292\/333 brn|[from] brn
|turn|20
|
|move|p1a: Talonflame|Will-O-Wisp|p2a: Skarmory
|-fail|p2a: Skarmory|brn
|move|p2a: Skarmory|Counter|p1a: Talonflame
|-fail|p1a: Talonflame
|
|-heal|p2a: Skarmory|312\/333 brn|[from] item: Leftovers
|-damage|p2a: Skarmory|271\/333 brn|[from] brn
|turn|21
|
|switch|p1a: Rotom-Wash|Rotom-Wash|205\/303
|move|p2a: Skarmory|Counter|p1a: Rotom-Wash
|-fail|p1a: Rotom-Wash
|
|-heal|p1a: Rotom-Wash|223\/303|[from] item: Leftovers
|-heal|p2a: Skarmory|291\/333 brn|[from] item: Leftovers
|-damage|p2a: Skarmory|250\/333 brn|[from] brn
|turn|22
|
|switch|p1a: Bisharp|Bisharp, F|121\/271
|switch|p2a: Gastrodon|Gastrodon, F|319\/426
|-damage|p2a: Gastrodon|266\/426|[from] Spikes
|
|-heal|p2a: Gastrodon|292\/426|[from] item: Leftovers
|turn|23
|
|move|p1a: Bisharp|Knock Off|p2a: Gastrodon
|-damage|p2a: Gastrodon|120\/426
|-enditem|p2a: Gastrodon|Leftovers|[from] move: Knock Off|[of] p1a: Bisharp
|move|p2a: Gastrodon|Earth Power|p1a: Bisharp
|-supereffective|p1a: Bisharp
|-damage|p1a: Bisharp|0 fnt
|faint|p1a: Bisharp
|
|
|switch|p1a: Latios|Latios, M|302\/302
|turn|24
|
|switch|p2a: Clefable|Clefable, F|393\/393
|-damage|p2a: Clefable|344\/393|[from] Spikes
|move|p1a: Latios|Psyshock|p2a: Clefable
|-damage|p2a: Clefable|152\/393
|-damage|p1a: Latios|272\/302|[from] item: Life Orb
|
|-heal|p2a: Clefable|176\/393|[from] item: Leftovers
|turn|25
|
|move|p2a: Clefable|Protect|p2a: Clefable
|-singleturn|p2a: Clefable|Protect
|move|p1a: Latios|Psyshock|p2a: Clefable
|-activate|p2a: Clefable|Protect
|
|-heal|p2a: Clefable|200\/393|[from] item: Leftovers
|turn|26
|
|switch|p1a: Ferrothorn|Ferrothorn, F|352\/352
|move|p2a: Clefable|Wish|p2a: Clefable
|
|-heal|p2a: Clefable|224\/393|[from] item: Leftovers
|turn|27
|
|switch|p2a: Chesnaught|Chesnaught, F|318\/380
|-damage|p2a: Chesnaught|271\/380|[from] Spikes
|switch|p1a: Talonflame|Talonflame, M|359\/359
|
|-heal|p2a: Chesnaught|380\/380|[from] move: Wish|[wisher] Clefable
|turn|28
|
|switch|p2a: Slowbro|Slowbro-Mega, M|295\/393
|-damage|p2a: Slowbro|246\/393|[from] Spikes
|move|p1a: Talonflame|Brave Bird|p2a: Slowbro
|-damage|p2a: Slowbro|173\/393
|-damage|p1a: Talonflame|335\/359|[from] recoil|[of] p2a: Slowbro
|
|turn|29
|
|switch|p1a: Rotom-Wash|Rotom-Wash|223\/303
|move|p2a: Slowbro|Slack Off|p2a: Slowbro
|-heal|p2a: Slowbro|370\/393
|
|-heal|p1a: Rotom-Wash|241\/303|[from] item: Leftovers
|turn|30
|
|switch|p1a: Ferrothorn|Ferrothorn, F|352\/352
|switch|p2a: Gastrodon|Gastrodon, F|120\/426
|-damage|p2a: Gastrodon|67\/426|[from] Spikes
|
|turn|31
|
|switch|p2a: Skarmory|Skarmory, M|250\/333 brn
|move|p1a: Ferrothorn|Power Whip|p2a: Skarmory
|-resisted|p2a: Skarmory
|-damage|p2a: Skarmory|225\/333 brn
|
|-heal|p2a: Skarmory|245\/333 brn|[from] item: Leftovers
|-damage|p2a: Skarmory|204\/333 brn|[from] brn
|turn|32
|
|move|p2a: Skarmory|Roost|p2a: Skarmory
|-heal|p2a: Skarmory|333\/333 brn
|move|p1a: Ferrothorn|Stealth Rock|p2a: Skarmory
|-sidestart|p2: Yuttt.annual|move: Stealth Rock
|
|-damage|p2a: Skarmory|292\/333 brn|[from] brn
|turn|33
|
|move|p2a: Skarmory|Defog|p1a: Ferrothorn
|-unboost|p1a: Ferrothorn|evasion|1
|-sideend|p2: Yuttt.annual|Spikes|[from] move: Defog|[of] p2a: Skarmory
|-sideend|p2: Yuttt.annual|Stealth Rock|[from] move: Defog|[of] p2a: Skarmory
|move|p1a: Ferrothorn|Leech Seed|p2a: Skarmory
|-start|p2a: Skarmory|move: Leech Seed
|
|-heal|p2a: Skarmory|312\/333 brn|[from] item: Leftovers
|-damage|p2a: Skarmory|271\/333 brn|[from] Leech Seed|[of] p1a: Ferrothorn
|-damage|p2a: Skarmory|230\/333 brn|[from] brn
|turn|34
|
|switch|p2a: Chesnaught|Chesnaught, F|380\/380
|switch|p1a: Latios|Latios, M|272\/302
|
|turn|35
|
|switch|p2a: Skarmory|Skarmory, M|230\/333 brn
|move|p1a: Latios|Psyshock|p2a: Skarmory
|-resisted|p2a: Skarmory
|-damage|p2a: Skarmory|164\/333 brn
|-damage|p1a: Latios|242\/302|[from] item: Life Orb
|
|-heal|p2a: Skarmory|184\/333 brn|[from] item: Leftovers
|-damage|p2a: Skarmory|143\/333 brn|[from] brn
|turn|36
|
|move|p1a: Latios|Surf|p2a: Skarmory
|-crit|p2a: Skarmory
|-damage|p2a: Skarmory|0 fnt
|-damage|p1a: Latios|212\/302|[from] item: Life Orb
|faint|p2a: Skarmory
|
|c|âYuttt.annual|dat crit
|
|switch|p2a: Slowbro|Slowbro-Mega, M|370\/393
|turn|37
|c|âVrille|it doesn't matter
|c|âYuttt.annual|yeah it did
|
|move|p1a: Latios|Draco Meteor|p2a: Slowbro
|-damage|p2a: Slowbro|70\/393
|-unboost|p1a: Latios|spa|2
|-damage|p1a: Latios|182\/302|[from] item: Life Orb
|move|p2a: Slowbro|Slack Off|p2a: Slowbro
|-heal|p2a: Slowbro|267\/393
|
|turn|38
|
|switch|p1a: Rotom-Wash|Rotom-Wash|241\/303
|move|p2a: Slowbro|Calm Mind|p2a: Slowbro
|-boost|p2a: Slowbro|spa|1
|-boost|p2a: Slowbro|spd|1
|
|-heal|p1a: Rotom-Wash|259\/303|[from] item: Leftovers
|turn|39
|
|move|p1a: Rotom-Wash|Will-O-Wisp|p2a: Slowbro|[miss]
|-miss|p1a: Rotom-Wash|p2a: Slowbro
|move|p2a: Slowbro|Calm Mind|p2a: Slowbro
|-boost|p2a: Slowbro|spa|1
|-boost|p2a: Slowbro|spd|1
|
|-heal|p1a: Rotom-Wash|277\/303|[from] item: Leftovers
|turn|40
|
|move|p1a: Rotom-Wash|Will-O-Wisp|p2a: Slowbro
|-status|p2a: Slowbro|brn
|move|p2a: Slowbro|Calm Mind|p2a: Slowbro
|-boost|p2a: Slowbro|spa|1
|-boost|p2a: Slowbro|spd|1
|
|-heal|p1a: Rotom-Wash|295\/303|[from] item: Leftovers
|-damage|p2a: Slowbro|218\/393 brn|[from] brn
|turn|41
|
|move|p1a: Rotom-Wash|Volt Switch|p2a: Slowbro
|-supereffective|p2a: Slowbro
|-damage|p2a: Slowbro|146\/393 brn
|
|switch|p1a: Ferrothorn|Ferrothorn, F|352\/352
|move|p2a: Slowbro|Slack Off|p2a: Slowbro
|-heal|p2a: Slowbro|343\/393 brn
|
|-damage|p2a: Slowbro|294\/393 brn|[from] brn
|turn|42
|
|switch|p1a: Rotom-Wash|Rotom-Wash|295\/303
|move|p2a: Slowbro|Scald|p1a: Rotom-Wash
|-resisted|p1a: Rotom-Wash
|-damage|p1a: Rotom-Wash|147\/303
|
|-heal|p1a: Rotom-Wash|165\/303|[from] item: Leftovers
|-damage|p2a: Slowbro|245\/393 brn|[from] brn
|turn|43
|
|move|p1a: Rotom-Wash|Volt Switch|p2a: Slowbro
|-supereffective|p2a: Slowbro
|-damage|p2a: Slowbro|173\/393 brn
|
|switch|p1a: Ferrothorn|Ferrothorn, F|352\/352
|move|p2a: Slowbro|Slack Off|p2a: Slowbro
|-heal|p2a: Slowbro|370\/393 brn
|
|-damage|p2a: Slowbro|321\/393 brn|[from] brn
|turn|44
|
|move|p2a: Slowbro|Iron Defense|p2a: Slowbro
|-boost|p2a: Slowbro|def|2
|move|p1a: Ferrothorn|Leech Seed|p2a: Slowbro
|-start|p2a: Slowbro|move: Leech Seed
|
|-damage|p2a: Slowbro|272\/393 brn|[from] Leech Seed|[of] p1a: Ferrothorn
|-damage|p2a: Slowbro|223\/393 brn|[from] brn
|turn|45
|
|move|p2a: Slowbro|Scald|p1a: Ferrothorn
|-resisted|p1a: Ferrothorn
|-damage|p1a: Ferrothorn|249\/352
|-status|p1a: Ferrothorn|brn
|move|p1a: Ferrothorn|Spikes|p2a: Slowbro
|-sidestart|p2: Yuttt.annual|Spikes
|
|-heal|p1a: Ferrothorn|271\/352 brn|[from] item: Leftovers
|-damage|p2a: Slowbro|174\/393 brn|[from] Leech Seed|[of] p1a: Ferrothorn
|-heal|p1a: Ferrothorn|320\/352 brn|[silent]
|-damage|p2a: Slowbro|125\/393 brn|[from] brn
|-damage|p1a: Ferrothorn|276\/352 brn|[from] brn
|turn|46
|
|move|p2a: Slowbro|Slack Off|p2a: Slowbro
|-heal|p2a: Slowbro|322\/393 brn
|move|p1a: Ferrothorn|Stealth Rock|p2a: Slowbro
|-sidestart|p2: Yuttt.annual|move: Stealth Rock
|
|-heal|p1a: Ferrothorn|298\/352 brn|[from] item: Leftovers
|-damage|p2a: Slowbro|273\/393 brn|[from] Leech Seed|[of] p1a: Ferrothorn
|-heal|p1a: Ferrothorn|347\/352 brn|[silent]
|-damage|p2a: Slowbro|224\/393 brn|[from] brn
|-damage|p1a: Ferrothorn|303\/352 brn|[from] brn
|turn|47
|
|switch|p2a: Clefable|Clefable, F|224\/393
|-damage|p2a: Clefable|175\/393|[from] Stealth Rock
|-damage|p2a: Clefable|126\/393|[from] Spikes
|move|p1a: Ferrothorn|Spikes|p2a: Clefable
|-sidestart|p2: Yuttt.annual|Spikes
|
|-heal|p2a: Clefable|150\/393|[from] item: Leftovers
|-heal|p1a: Ferrothorn|325\/352 brn|[from] item: Leftovers
|-damage|p1a: Ferrothorn|281\/352 brn|[from] brn
|turn|48
|
|switch|p1a: Talonflame|Talonflame, M|335\/359
|move|p2a: Clefable|Heal Bell|p2a: Clefable
|-cureteam|p2a: Clefable|[from] move: HealBell
|
|-heal|p2a: Clefable|174\/393|[from] item: Leftovers
|turn|49
|
|move|p1a: Talonflame|Swords Dance|p1a: Talonflame
|-boost|p1a: Talonflame|atk|2
|move|p2a: Clefable|Wish|p2a: Clefable
|
|-heal|p2a: Clefable|198\/393|[from] item: Leftovers
|turn|50
|
|switch|p2a: Slowbro|Slowbro-Mega, M|224\/393
|-damage|p2a: Slowbro|159\/393|[from] Spikes
|-damage|p2a: Slowbro|110\/393|[from] Stealth Rock
|move|p1a: Talonflame|Brave Bird|p2a: Slowbro
|-damage|p2a: Slowbro|0 fnt
|-damage|p1a: Talonflame|299\/359|[from] recoil|[of] p2a: Slowbro
|faint|p2a: Slowbro
|
|-message|Yuttt.annual forfeited.
|
|win|Vrille
|raw|Ladder updating...
|leave|Yuttt.annual
|player|p2
|raw|Vrille's rating: 1617 &rarr; <strong>1637<\/strong><br \/>(+20 for winning)
|raw|Yuttt.annual's rating: 1617 &rarr; <strong>1597<\/strong><br \/>(-20 for losing)