|join|generic alt nick
|join|Vrille
|player|p1|generic alt nick|292
|player|p2|Vrille|283
|gametype|singles
|gen|6
|tier|OU (suspect test)
|rated
|clearpoke
|poke|p1|Landorus, M
|poke|p1|Thundurus, M
|poke|p1|Pinsir, M
|poke|p1|Talonflame, F
|poke|p1|Deoxys-Defense
|poke|p1|Bisharp, M
|poke|p2|Garchomp, M
|poke|p2|Talonflame, F
|poke|p2|Gyarados, F
|poke|p2|Ferrothorn, M
|poke|p2|Zapdos
|poke|p2|Conkeldurr, F
|rule|Sleep Clause Mod: Limit one foe put to sleep
|rule|Species Clause: Limit one of each Pokemon
|rule|OHKO Clause: OHKO moves are banned
|rule|Moody Clause: Moody is banned
|rule|Evasion Moves Clause: Evasion moves are banned
|rule|Endless Battle Clause: Forcing endless battles is banned.
|rule|HP Percentage Mod: HP is reported as percentages
|teampreview
|
|start
|switch|p1a: Thundurus|Thundurus, M|299\/299
|switch|p2a: Bravekacaaw|Talonflame, F|327\/327
|turn|1
|
|move|p2a: Bravekacaaw|Flare Blitz|p1a: Thundurus
|-damage|p1a: Thundurus|1\/299
|-damage|p2a: Bravekacaaw|229\/327|[from] recoil|[of] p1a: Thundurus
|move|p1a: Thundurus|Thunderbolt|p2a: Bravekacaaw
|-crit|p2a: Bravekacaaw
|-supereffective|p2a: Bravekacaaw
|-damage|p2a: Bravekacaaw|0 fnt
|-damage|p1a: Thundurus|0 fnt|[from] item: Life Orb
|faint|p2a: Bravekacaaw
|faint|p1a: Thundurus
|
|chat|generic alt nick|jolly sux
|
|switch|p1a: Deoxys-Defense|Deoxys-Defense|304\/304
|switch|p2a: Conkeldurr|Conkeldurr, F|413\/413
|-ability|p1a: Deoxys-Defense|Pressure
|turn|2
|
|move|p1a: Deoxys-Defense|Stealth Rock|p2a: Conkeldurr
|-sidestart|p2: Vrille|move: Stealth Rock
|move|p2a: Conkeldurr|Knock Off|p1a: Deoxys-Defense
|-supereffective|p1a: Deoxys-Defense
|-damage|p1a: Deoxys-Defense|174\/304
|-enditem|p1a: Deoxys-Defense|Red Card|[from] move: Knock Off|[of] p2a: Conkeldurr
|
|turn|3
|
|move|p1a: Deoxys-Defense|Taunt|p2a: Conkeldurr
|-start|p2a: Conkeldurr|move: Taunt
|move|p2a: Conkeldurr|Knock Off|p1a: Deoxys-Defense
|-supereffective|p1a: Deoxys-Defense
|-damage|p1a: Deoxys-Defense|80\/304
|
|turn|4
|
|move|p1a: Deoxys-Defense|Spikes|p2a: Conkeldurr
|-sidestart|p2: Vrille|Spikes
|move|p2a: Conkeldurr|Knock Off|p1a: Deoxys-Defense
|-supereffective|p1a: Deoxys-Defense
|-damage|p1a: Deoxys-Defense|0 fnt
|faint|p1a: Deoxys-Defense
|
|
|switch|p1a: Pinsir|Pinsir, M|271\/271
|-ability|p1a: Pinsir|Mold Breaker
|turn|5
|
|switch|p2a: Cheapstomper|Garchomp, M|395\/395
|-damage|p2a: Cheapstomper|371\/395|[from] Stealth Rock
|-damage|p2a: Cheapstomper|322\/395|[from] Spikes
|detailschange|p1a: Pinsir|Pinsir-Mega, M
|message|Pinsir has Mega Evolved into Mega Pinsir!
|move|p1a: Pinsir|Swords Dance|p1a: Pinsir
|-boost|p1a: Pinsir|atk|2
|
|turn|6
|
|move|p2a: Cheapstomper|Stone Edge|p1a: Pinsir
|-supereffective|p1a: Pinsir
|-damage|p1a: Pinsir|0 fnt
|faint|p1a: Pinsir
|
|
|switch|p1a: Bisharp|Bisharp, M|271\/271
|turn|7
|
|switch|p2a: Conkeldurr|Conkeldurr, F|413\/413
|-damage|p2a: Conkeldurr|362\/413|[from] Spikes
|-damage|p2a: Conkeldurr|337\/413|[from] Stealth Rock
|move|p1a: Bisharp|Iron Head|p2a: Conkeldurr
|-damage|p2a: Conkeldurr|134\/413
|-damage|p1a: Bisharp|244\/271|[from] item: Life Orb
|
|turn|8
|
|switch|p1a: Talonflame|Talonflame, F|297\/297
|move|p2a: Conkeldurr|Knock Off|p1a: Talonflame
|-damage|p1a: Talonflame|152\/297
|-enditem|p1a: Talonflame|Choice Band|[from] move: Knock Off|[of] p2a: Conkeldurr
|
|turn|9
|
|move|p1a: Talonflame|Brave Bird|p2a: Conkeldurr
|-supereffective|p2a: Conkeldurr
|-damage|p2a: Conkeldurr|0 fnt
|-damage|p1a: Talonflame|108\/297|[from] recoil|[of] p2a: Conkeldurr
|faint|p2a: Conkeldurr
|
|
|switch|p2a: Zapdos|Zapdos|383\/383
|-damage|p2a: Zapdos|288\/383|[from] Stealth Rock
|-ability|p2a: Zapdos|Pressure
|turn|10
|
|move|p1a: Talonflame|Flare Blitz|p2a: Zapdos
|-damage|p2a: Zapdos|141\/383
|-damage|p1a: Talonflame|59\/297|[from] recoil|[of] p2a: Zapdos
|move|p2a: Zapdos|Discharge|p1a: Talonflame
|-crit|p1a: Talonflame
|-supereffective|p1a: Talonflame
|-damage|p1a: Talonflame|0 fnt
|faint|p1a: Talonflame
|
|-heal|p2a: Zapdos|164\/383|[from] item: Leftovers
|
|switch|p1a: Landorus|Landorus, M|329\/329
|turn|11
|
|move|p1a: Landorus|Calm Mind|p1a: Landorus
|-boost|p1a: Landorus|spa|1
|-boost|p1a: Landorus|spd|1
|move|p2a: Zapdos|Heat Wave|p1a: Landorus
|-damage|p1a: Landorus|262\/329
|
|-heal|p2a: Zapdos|187\/383|[from] item: Leftovers
|turn|12
|
|switch|p2a: Whipslut|Ferrothorn, M|352\/352
|-damage|p2a: Whipslut|330\/352|[from] Stealth Rock
|-damage|p2a: Whipslut|286\/352|[from] Spikes
|move|p1a: Landorus|Sludge Wave|p2a: Whipslut
|-immune|p2a: Whipslut|[msg]
|
|-heal|p2a: Whipslut|308\/352|[from] item: Leftovers
|turn|13
|
|switch|p2a: Dreambreaker|Gyarados, F|377\/377
|-damage|p2a: Dreambreaker|283\/377|[from] Stealth Rock
|-ability|p2a: Dreambreaker|Intimidate|[of] p1a: Landorus
|-unboost|p1a: Landorus|atk|1
|move|p1a: Landorus|Earth Power|p2a: Dreambreaker
|-immune|p2a: Dreambreaker|[msg]
|
|turn|14
|
|detailschange|p2a: Dreambreaker|Gyarados-Mega, F
|message|Gyarados has Mega Evolved into Mega Gyarados!
|-ability|p2a: Dreambreaker|Mold Breaker
|move|p1a: Landorus|Sludge Wave|p2a: Dreambreaker
|-damage|p2a: Dreambreaker|62\/377
|move|p2a: Dreambreaker|Waterfall|p1a: Landorus
|-supereffective|p1a: Landorus
|-damage|p1a: Landorus|0 fnt
|faint|p1a: Landorus
|
|
|switch|p1a: Bisharp|Bisharp, M|244\/271
|turn|15
|
|move|p2a: Dreambreaker|Earthquake|p1a: Bisharp
|-supereffective|p1a: Bisharp
|-damage|p1a: Bisharp|0 fnt
|faint|p1a: Bisharp
|
|win|Vrille
|raw|Ladder updating...
|raw|generic alt nick's rating: 1297 &rarr; <strong>1269<\/strong><br \/>(-28 for losing)
|raw|Vrille's rating: 1250 &rarr; <strong>1279<\/strong><br \/>(+29 for winning)
|leave|generic alt nick
|player|p1