|join|ogreenworld317
|join|Vrille
|player|p1|ogreenworld317|4
|player|p2|Vrille|285
|gametype|singles
|gen|6
|tier|OU (suspect test)
|rated
|clearpoke
|poke|p1|Banette, F
|poke|p1|Landorus-Therian, M
|poke|p1|Rotom-Wash
|poke|p1|Roserade, M
|poke|p1|Latios, M
|poke|p1|Azumarill, M
|poke|p2|Excadrill, M
|poke|p2|Tornadus-Therian, M
|poke|p2|Suicune
|poke|p2|Landorus-Therian, M
|poke|p2|Charizard, M
|poke|p2|Ferrothorn, M
|rule|Baton Pass Clause: Limit 3 pokemon knowing Baton Pass
|rule|Sleep Clause Mod: Limit one foe put to sleep
|rule|Species Clause: Limit one of each Pokemon
|rule|OHKO Clause: OHKO moves are banned
|rule|Moody Clause: Moody is banned
|rule|Swagger Clause: Swagger is banned
|rule|Evasion Moves Clause: Evasion moves are banned
|rule|Endless Battle Clause: Forcing endless battles is banned
|rule|HP Percentage Mod: HP is reported as percentages
|teampreview
|join|IV \/ Cizayox099
|
|start
|switch|p1a: Plant|Roserade, M|262\/262
|switch|p2a: Tornadus-Therian|Tornadus-Therian, M|334\/334
|turn|1
|chat|IV \/ Cizayox099|tornadus *o*
|
|switch|p1a: Washing Machine|Rotom-Wash|304\/304
|move|p2a: Tornadus-Therian|Hurricane|p1a: Washing Machine|[miss]
|-miss|p2a: Tornadus-Therian|p1a: Washing Machine
|
|turn|2
|
|move|p2a: Tornadus-Therian|Knock Off|p1a: Washing Machine
|-damage|p1a: Washing Machine|238\/304
|-enditem|p1a: Washing Machine|Leftovers|[from] move: Knock Off|[of] p2a: Tornadus-Therian
|move|p1a: Washing Machine|Will-O-Wisp|p2a: Tornadus-Therian
|-status|p2a: Tornadus-Therian|brn
|
|-damage|p2a: Tornadus-Therian|293\/334 brn|[from] brn
|turn|3
|
|switch|p2a: Warpaint|Landorus-Therian, M|381\/381
|-ability|p2a: Warpaint|Intimidate|[of] p1a: Washing Machine
|-unboost|p1a: Washing Machine|atk|1
|move|p1a: Washing Machine|Will-O-Wisp|p2a: Warpaint
|-status|p2a: Warpaint|brn
|
|-damage|p2a: Warpaint|334\/381 brn|[from] brn
|turn|4
|
|switch|p2a: Blazevictory|Charizard, M|359\/359
|move|p1a: Washing Machine|Hydro Pump|p2a: Blazevictory
|-supereffective|p2a: Blazevictory
|-damage|p2a: Blazevictory|125\/359
|
|turn|5
|
|detailschange|p2a: Blazevictory|Charizard-Mega-X, M
|message|Charizard has Mega Evolved into Mega Charizard!
|move|p2a: Blazevictory|Roost|p2a: Blazevictory
|-heal|p2a: Blazevictory|305\/359
|move|p1a: Washing Machine|Volt Switch|p2a: Blazevictory
|-resisted|p2a: Blazevictory
|-damage|p2a: Blazevictory|268\/359
|
|switch|p1a: Airplane|Latios, M|302\/302
|
|turn|6
|
|switch|p1a: Plant|Roserade, M|262\/262
|switch|p2a: BullShit|Ferrothorn, M|352\/352
|
|turn|7
|
|move|p1a: Plant|Hidden Power|p2a: BullShit
|-supereffective|p2a: BullShit
|-damage|p2a: BullShit|0 fnt
|-damage|p1a: Plant|236\/262|[from] item: Life Orb
|faint|p2a: BullShit
|
|chat|IV \/ Cizayox099|hp fire :o
|
|switch|p2a: Tornadus-Therian|Tornadus-Therian, M|334\/334 brn
|turn|8
|
|switch|p1a: Washing Machine|Rotom-Wash|238\/304
|move|p2a: Tornadus-Therian|Hurricane|p1a: Washing Machine
|-resisted|p1a: Washing Machine
|-damage|p1a: Washing Machine|183\/304
|
|-damage|p2a: Tornadus-Therian|293\/334 brn|[from] brn
|turn|9
|
|switch|p2a: Blazevictory|Charizard-Mega-X, M|268\/359
|move|p1a: Washing Machine|Volt Switch|p2a: Blazevictory
|-resisted|p2a: Blazevictory
|-damage|p2a: Blazevictory|233\/359
|
|switch|p1a: Airplane|Latios, M|302\/302
|
|turn|10
|
|switch|p2a: Tornadus-Therian|Tornadus-Therian, M|334\/334 brn
|move|p1a: Airplane|Draco Meteor|p2a: Tornadus-Therian
|-damage|p2a: Tornadus-Therian|123\/334 brn
|-unboost|p1a: Airplane|spa|2
|-damage|p1a: Airplane|272\/302|[from] item: Life Orb
|
|-damage|p2a: Tornadus-Therian|82\/334 brn|[from] brn
|turn|11
|
|switch|p2a: Excadrill|Excadrill, M|371\/371
|-ability|p2a: Excadrill|Mold Breaker
|switch|p1a: Tiger|Landorus-Therian, M|320\/320
|-ability|p1a: Tiger|Intimidate|[of] p2a: Excadrill
|-unboost|p2a: Excadrill|atk|1
|
|turn|12
|
|switch|p2a: Tornadus-Therian|Tornadus-Therian, M|193\/334 brn
|move|p1a: Tiger|Stealth Rock|p2a: Tornadus-Therian
|-sidestart|p2: Vrille|move: Stealth Rock
|
|-damage|p2a: Tornadus-Therian|152\/334 brn|[from] brn
|turn|13
|
|switch|p1a: Washing Machine|Rotom-Wash|183\/304
|move|p2a: Tornadus-Therian|Hurricane|p1a: Washing Machine
|-resisted|p1a: Washing Machine
|-damage|p1a: Washing Machine|125\/304
|
|-damage|p2a: Tornadus-Therian|111\/334 brn|[from] brn
|turn|14
|
|switch|p2a: Hydroliminality|Suicune|403\/403
|-damage|p2a: Hydroliminality|353\/403|[from] Stealth Rock
|-ability|p2a: Hydroliminality|Pressure
|move|p1a: Washing Machine|Pain Split|p2a: Hydroliminality
|-sethp|p2a: Hydroliminality|239\/403|p1a: Washing Machine|239\/304|[from] move: Pain Split
|
|-heal|p2a: Hydroliminality|264\/403|[from] item: Leftovers
|turn|15
|
|switch|p2a: Excadrill|Excadrill, M|371\/371
|-damage|p2a: Excadrill|360\/371|[from] Stealth Rock
|-ability|p2a: Excadrill|Mold Breaker
|move|p1a: Washing Machine|Volt Switch|p2a: Excadrill
|-immune|p2a: Excadrill|[msg]
|
|turn|16
|
|switch|p1a: Tiger|Landorus-Therian, M|320\/320
|-ability|p1a: Tiger|Intimidate|[of] p2a: Excadrill
|-unboost|p2a: Excadrill|atk|1
|move|p2a: Excadrill|Earthquake|p1a: Tiger
|-immune|p1a: Tiger|[msg]
|
|turn|17
|-message|Vrille forfeited.
|
|win|ogreenworld317
|raw|Ladder updating...
|raw|ogreenworld317's rating: 1098 &rarr; <strong>1120<\/strong><br \/>(+22 for winning)
|raw|Vrille's rating: 1045 &rarr; <strong>1030<\/strong><br \/>(-15 for losing)
|leave|Vrille
|player|p2
|chat|ogreenworld317|lol