|join|beardy man
|join|Kratos <3
|player|p1|beardy man|102
|player|p2|Kratos <3|293
|gametype|singles
|gen|6
|tier|ORAS OU
|rated
|rule|Sleep Clause Mod: Limit one foe put to sleep
|rule|Species Clause: Limit one of each PokÃ©mon
|rule|OHKO Clause: OHKO moves are banned
|rule|Moody Clause: Moody is banned
|rule|Evasion Moves Clause: Evasion moves are banned
|rule|Endless Battle Clause: Forcing endless battles is banned
|rule|HP Percentage Mod: HP is shown in percentages
|clearpoke
|poke|p1|Salamence, F, shiny
|poke|p1|Magnezone
|poke|p1|Greninja, F
|poke|p1|Donphan, M
|poke|p1|Cresselia, F
|poke|p1|Wobbuffet, F, shiny
|poke|p2|Pidgeot, M
|poke|p2|Excadrill, M
|poke|p2|Latias, F
|poke|p2|Tyranitar, F
|poke|p2|Keldeo
|poke|p2|Rotom-Wash
|rule|Swagger Clause: Swagger is banned
|rule|Baton Pass Clause: Limit one PokÃ©mon knowing Baton Pass
|teampreview
|
|start
|switch|p1a: Donphan|Donphan, M|383\/383
|switch|p2a: Rotom-Wash|Rotom-Wash|303\/303
|turn|1
|
|switch|p1a: Cresselia|Cresselia, F|444\/444
|move|p2a: Rotom-Wash|Will-O-Wisp|p1a: Cresselia
|-status|p1a: Cresselia|brn
|
|-damage|p1a: Cresselia|389\/444 brn|[from] brn
|turn|2
|
|switch|p2a: Tyranitar|Tyranitar, F|401\/401
|-weather|Sandstorm
|move|p1a: Cresselia|Reflect|p1a: Cresselia
|-sidestart|p1: beardy man|Reflect
|
|-weather|Sandstorm|[upkeep]
|-damage|p1a: Cresselia|362\/444 brn|[from] sandstorm
|-damage|p1a: Cresselia|307\/444 brn|[from] brn
|turn|3
|join|Blackwing-Dragon
|join|rabbit1069
|
|move|p1a: Cresselia|Thunder Wave|p2a: Tyranitar
|-status|p2a: Tyranitar|par
|move|p2a: Tyranitar|Stealth Rock|p1a: Cresselia
|-sidestart|p1: beardy man|move: Stealth Rock
|
|-weather|Sandstorm|[upkeep]
|-damage|p1a: Cresselia|280\/444 brn|[from] sandstorm
|-damage|p1a: Cresselia|225\/444 brn|[from] brn
|turn|4
|
|switch|p1a: Donphan|Donphan, M|383\/383
|-damage|p1a: Donphan|360\/383|[from] Stealth Rock
|switch|p2a: Pidgeot|Pidgeot, M|307\/307
|
|-weather|Sandstorm|[upkeep]
|-damage|p2a: Pidgeot|288\/307|[from] sandstorm
|-heal|p1a: Donphan|383\/383|[from] item: Leftovers
|turn|5
|
|detailschange|p2a: Pidgeot|Pidgeot-Mega, M
|message|Pidgeot has Mega Evolved into Mega Pidgeot!
|move|p2a: Pidgeot|Hurricane|p1a: Donphan
|-damage|p1a: Donphan|95\/383
|-start|p1a: Donphan|confusion
|-activate|p1a: Donphan|confusion
|move|p1a: Donphan|Stealth Rock|p2a: Pidgeot
|-sidestart|p2: Kratos <3|move: Stealth Rock
|
|-weather|Sandstorm|[upkeep]
|-damage|p2a: Pidgeot|269\/307|[from] sandstorm
|-heal|p1a: Donphan|118\/383|[from] item: Leftovers
|turn|6
|
|switch|p1a: Cresselia|Cresselia, F|225\/444 brn
|-damage|p1a: Cresselia|170\/444 brn|[from] Stealth Rock
|move|p2a: Pidgeot|Hurricane|p1a: Cresselia
|-damage|p1a: Cresselia|38\/444 brn
|
|-weather|Sandstorm|[upkeep]
|-damage|p2a: Pidgeot|250\/307|[from] sandstorm
|-damage|p1a: Cresselia|11\/444 brn|[from] sandstorm
|-damage|p1a: Cresselia|0 fnt|[from] brn
|faint|p1a: Cresselia
|
|switch|p1a: mega KFC|Wobbuffet, F, shiny|528\/528
|-damage|p1a: mega KFC|462\/528|[from] Stealth Rock
|turn|7
|
|move|p2a: Pidgeot|Roost|p2a: Pidgeot
|-heal|p2a: Pidgeot|307\/307
|move|p1a: mega KFC|Encore|p2a: Pidgeot
|-start|p2a: Pidgeot|Encore
|
|-weather|Sandstorm|[upkeep]
|-damage|p2a: Pidgeot|288\/307|[from] sandstorm
|-damage|p1a: mega KFC|429\/528|[from] sandstorm
|turn|8
|
|switch|p1a: Donphan|Donphan, M|118\/383
|-damage|p1a: Donphan|95\/383|[from] Stealth Rock
|move|p2a: Pidgeot|Roost|p2a: Pidgeot
|-heal|p2a: Pidgeot|307\/307
|
|-weather|Sandstorm|[upkeep]
|-damage|p2a: Pidgeot|288\/307|[from] sandstorm
|-heal|p1a: Donphan|118\/383|[from] item: Leftovers
|turn|9
|
|switch|p2a: Latias|Latias, F|319\/319
|-damage|p2a: Latias|280\/319|[from] Stealth Rock
|move|p1a: Donphan|Rapid Spin|p2a: Latias
|-damage|p2a: Latias|261\/319
|-sideend|p1: beardy man|Stealth Rock|[from] move: Rapid Spin|[of] p1a: Donphan
|
|-weather|none
|-heal|p1a: Donphan|141\/383|[from] item: Leftovers
|-sideend|p1: beardy man|Reflect
|turn|10
|
|switch|p1a: Greninja|Greninja, F|285\/285
|move|p2a: Latias|Defog|p1a: Greninja
|-unboost|p1a: Greninja|evasion|1
|-sideend|p2: Kratos <3|Stealth Rock|[from] move: Defog|[of] p2a: Latias
|
|turn|11
|
|switch|p2a: Rotom-Wash|Rotom-Wash|303\/303
|move|p1a: Greninja|Ice Beam|p2a: Rotom-Wash
|-start|p1a: Greninja|typechange|Ice|[from] Protean
|-resisted|p2a: Rotom-Wash
|-damage|p2a: Rotom-Wash|213\/303
|-damage|p1a: Greninja|257\/285|[from] item: Life Orb
|
|-heal|p2a: Rotom-Wash|231\/303|[from] item: Leftovers
|turn|12
|
|switch|p1a: Donphan|Donphan, M|141\/383
|move|p2a: Rotom-Wash|Volt Switch|p1a: Donphan
|-immune|p1a: Donphan|[msg]
|
|-heal|p2a: Rotom-Wash|249\/303|[from] item: Leftovers
|-heal|p1a: Donphan|164\/383|[from] item: Leftovers
|turn|13
|
|move|p2a: Rotom-Wash|Hydro Pump|p1a: Donphan|[miss]
|-miss|p2a: Rotom-Wash|p1a: Donphan
|move|p1a: Donphan|Stealth Rock|p2a: Rotom-Wash
|-sidestart|p2: Kratos <3|move: Stealth Rock
|
|-heal|p2a: Rotom-Wash|267\/303|[from] item: Leftovers
|-heal|p1a: Donphan|187\/383|[from] item: Leftovers
|turn|14
|
|move|p1a: Donphan|Ice Shard|p2a: Rotom-Wash
|-resisted|p2a: Rotom-Wash
|-damage|p2a: Rotom-Wash|254\/303
|move|p2a: Rotom-Wash|Volt Switch|p1a: Donphan
|-immune|p1a: Donphan|[msg]
|
|-heal|p2a: Rotom-Wash|272\/303|[from] item: Leftovers
|-heal|p1a: Donphan|210\/383|[from] item: Leftovers
|turn|15
|
|switch|p1a: mega KFC|Wobbuffet, F, shiny|429\/528
|move|p2a: Rotom-Wash|Will-O-Wisp|p1a: mega KFC
|-status|p1a: mega KFC|brn
|
|-heal|p2a: Rotom-Wash|290\/303|[from] item: Leftovers
|-damage|p1a: mega KFC|363\/528 brn|[from] brn
|turn|16
|
|move|p2a: Rotom-Wash|Volt Switch|p1a: mega KFC
|-crit|p1a: mega KFC
|-damage|p1a: mega KFC|230\/528 brn
|
|switch|p2a: Tyranitar|Tyranitar, F|401\/401 par
|-damage|p2a: Tyranitar|351\/401 par|[from] Stealth Rock
|-enditem|p1a: mega KFC|Sitrus Berry|[eat]
|-heal|p1a: mega KFC|362\/528 brn|[from] item: Sitrus Berry
|-weather|Sandstorm
|move|p1a: mega KFC|Mirror Coat|p2a: Tyranitar
|-immune|p2a: Tyranitar|[msg]
|
|-weather|Sandstorm|[upkeep]
|-damage|p1a: mega KFC|329\/528 brn|[from] sandstorm
|-damage|p1a: mega KFC|263\/528 brn|[from] brn
|turn|17
|
|move|p1a: mega KFC|Encore|p2a: Tyranitar
|-fail|p2a: Tyranitar
|cant|p2a: Tyranitar|par
|
|-weather|Sandstorm|[upkeep]
|-damage|p1a: mega KFC|230\/528 brn|[from] sandstorm
|-damage|p1a: mega KFC|164\/528 brn|[from] brn
|turn|18
|
|move|p2a: Tyranitar|Pursuit|p1a: mega KFC|[from]Pursuit
|-supereffective|p1a: mega KFC
|-damage|p1a: mega KFC|0 fnt
|faint|p1a: mega KFC
|
|-weather|Sandstorm|[upkeep]
|
|switch|p1a: Salamence|Salamence, F, shiny|393\/393
|-ability|p1a: Salamence|Intimidate|[of] p2a: Tyranitar
|-unboost|p2a: Tyranitar|atk|1
|turn|19
|
|detailschange|p1a: Salamence|Salamence-Mega, F, shiny
|message|Salamence has Mega Evolved into Mega Salamence!
|move|p1a: Salamence|Dragon Dance|p1a: Salamence
|-boost|p1a: Salamence|atk|1
|-boost|p1a: Salamence|spe|1
|move|p2a: Tyranitar|Ice Beam|p1a: Salamence
|-supereffective|p1a: Salamence
|-damage|p1a: Salamence|113\/393
|
|-weather|Sandstorm|[upkeep]
|-damage|p1a: Salamence|89\/393|[from] sandstorm
|turn|20
|
|move|p1a: Salamence|Roost|p1a: Salamence
|-heal|p1a: Salamence|286\/393
|move|p2a: Tyranitar|Ice Beam|p1a: Salamence
|-supereffective|p1a: Salamence
|-damage|p1a: Salamence|136\/393
|
|-weather|Sandstorm|[upkeep]
|-damage|p1a: Salamence|112\/393|[from] sandstorm
|turn|21
|
|switch|p2a: Excadrill|Excadrill, M|361\/361
|-damage|p2a: Excadrill|350\/361|[from] Stealth Rock
|-item|p2a: Excadrill|Air Balloon
|move|p1a: Salamence|Roost|p1a: Salamence
|-heal|p1a: Salamence|309\/393
|
|-weather|Sandstorm|[upkeep]
|-damage|p1a: Salamence|285\/393|[from] sandstorm
|turn|22
|
|move|p2a: Excadrill|Rock Slide|p1a: Salamence
|-supereffective|p1a: Salamence
|-damage|p1a: Salamence|115\/393
|move|p1a: Salamence|Dragon Dance|p1a: Salamence
|-boost|p1a: Salamence|atk|1
|-boost|p1a: Salamence|spe|1
|
|-weather|Sandstorm|[upkeep]
|-damage|p1a: Salamence|91\/393|[from] sandstorm
|turn|23
|
|move|p1a: Salamence|Roost|p1a: Salamence
|-heal|p1a: Salamence|288\/393
|move|p2a: Excadrill|Iron Head|p1a: Salamence
|-crit|p1a: Salamence
|-damage|p1a: Salamence|90\/393
|
|-weather|none
|turn|24
|
|move|p1a: Salamence|Roost|p1a: Salamence
|-heal|p1a: Salamence|287\/393
|move|p2a: Excadrill|Swords Dance|p2a: Excadrill
|-boost|p2a: Excadrill|atk|2
|
|turn|25
|
|move|p1a: Salamence|Substitute|p1a: Salamence
|-start|p1a: Salamence|Substitute
|-damage|p1a: Salamence|189\/393
|move|p2a: Excadrill|Rock Slide|p1a: Salamence
|-supereffective|p1a: Salamence
|-end|p1a: Salamence|Substitute
|
|turn|26
|
|move|p1a: Salamence|Roost|p1a: Salamence
|-heal|p1a: Salamence|386\/393
|move|p2a: Excadrill|Iron Head|p1a: Salamence
|-damage|p1a: Salamence|151\/393
|
|turn|27
|
|move|p1a: Salamence|Frustration|p2a: Excadrill
|-resisted|p2a: Excadrill
|-damage|p2a: Excadrill|0 fnt
|-enditem|p2a: Excadrill|Air Balloon
|faint|p2a: Excadrill
|
|
|switch|p2a: Rotom-Wash|Rotom-Wash|290\/303
|-damage|p2a: Rotom-Wash|253\/303|[from] Stealth Rock
|turn|28
|
|move|p1a: Salamence|Substitute|p1a: Salamence
|-start|p1a: Salamence|Substitute
|-damage|p1a: Salamence|53\/393
|move|p2a: Rotom-Wash|Hydro Pump|p1a: Salamence
|-resisted|p1a: Salamence
|-activate|p1a: Salamence|Substitute|[damage]
|
|-heal|p2a: Rotom-Wash|271\/303|[from] item: Leftovers
|turn|29
|
|move|p1a: Salamence|Roost|p1a: Salamence
|-heal|p1a: Salamence|250\/393
|move|p2a: Rotom-Wash|Volt Switch|p1a: Salamence
|-resisted|p1a: Salamence
|-end|p1a: Salamence|Substitute
|
|switch|p2a: Tyranitar|Tyranitar, F|351\/401 par
|-damage|p2a: Tyranitar|301\/401 par|[from] Stealth Rock
|-weather|Sandstorm
|
|-weather|Sandstorm|[upkeep]
|-damage|p1a: Salamence|226\/393|[from] sandstorm
|turn|30
|
|move|p1a: Salamence|Roost|p1a: Salamence
|-heal|p1a: Salamence|393\/393
|cant|p2a: Tyranitar|par
|
|-weather|Sandstorm|[upkeep]
|-damage|p1a: Salamence|369\/393|[from] sandstorm
|turn|31
|c|âKratos <3|gg
|
|move|p1a: Salamence|Substitute|p1a: Salamence
|-start|p1a: Salamence|Substitute
|-damage|p1a: Salamence|271\/393
|move|p2a: Tyranitar|Ice Beam|p1a: Salamence
|-supereffective|p1a: Salamence
|-end|p1a: Salamence|Substitute
|
|-weather|Sandstorm|[upkeep]
|-damage|p1a: Salamence|247\/393|[from] sandstorm
|turn|32
|
|move|p1a: Salamence|Substitute|p1a: Salamence
|-start|p1a: Salamence|Substitute
|-damage|p1a: Salamence|149\/393
|cant|p2a: Tyranitar|par
|
|-weather|Sandstorm|[upkeep]
|-damage|p1a: Salamence|125\/393|[from] sandstorm
|turn|33
|
|move|p1a: Salamence|Frustration|p2a: Tyranitar
|-resisted|p2a: Tyranitar
|-damage|p2a: Tyranitar|67\/401 par
|move|p2a: Tyranitar|Ice Beam|p1a: Salamence
|-supereffective|p1a: Salamence
|-end|p1a: Salamence|Substitute
|
|-weather|Sandstorm|[upkeep]
|-damage|p1a: Salamence|101\/393|[from] sandstorm
|turn|34
|
|move|p1a: Salamence|Roost|p1a: Salamence
|-heal|p1a: Salamence|298\/393
|move|p2a: Tyranitar|Ice Beam|p1a: Salamence
|-supereffective|p1a: Salamence
|-damage|p1a: Salamence|146\/393
|-status|p1a: Salamence|frz
|
|-weather|Sandstorm|[upkeep]
|-damage|p1a: Salamence|122\/393 frz|[from] sandstorm
|turn|35
|
|-curestatus|p1a: Salamence|frz
|move|p1a: Salamence|Roost|p1a: Salamence
|-heal|p1a: Salamence|319\/393
|move|p2a: Tyranitar|Ice Beam|p1a: Salamence
|-supereffective|p1a: Salamence
|-damage|p1a: Salamence|171\/393
|-status|p1a: Salamence|frz
|
|-weather|Sandstorm|[upkeep]
|-damage|p1a: Salamence|147\/393 frz|[from] sandstorm
|turn|36
|c|âbeardy man|...
|
|-curestatus|p1a: Salamence|frz
|move|p1a: Salamence|Roost|p1a: Salamence
|-heal|p1a: Salamence|344\/393
|cant|p2a: Tyranitar|par
|
|-weather|none
|turn|37
|
|move|p1a: Salamence|Frustration|p2a: Tyranitar
|-resisted|p2a: Tyranitar
|-damage|p2a: Tyranitar|0 fnt
|faint|p2a: Tyranitar
|
|-message|Kratos <3 forfeited.
|
|win|beardy man
|raw|Ladder updating...
|leave|Kratos <3
|player|p2
|raw|Ladder (probably) updated, but score could not be retrieved (timeout).
|raw|Ladder (probably) updated, but score could not be retrieved (Error: socket hang up).