|join|beardy man
|join|RAHSTAMON
|player|p1|beardy man|102
|player|p2|RAHSTAMON|224
|gametype|singles
|gen|6
|tier|ORAS OU
|rated
|rule|Sleep Clause Mod: Limit one foe put to sleep
|rule|Species Clause: Limit one of each PokÃ©mon
|rule|OHKO Clause: OHKO moves are banned
|rule|Moody Clause: Moody is banned
|rule|Evasion Moves Clause: Evasion moves are banned
|rule|Endless Battle Clause: Forcing endless battles is banned
|rule|HP Percentage Mod: HP is shown in percentages
|clearpoke
|poke|p1|Salamence, F, shiny
|poke|p1|Magnezone
|poke|p1|Greninja, M
|poke|p1|Donphan, M
|poke|p1|Cresselia, F
|poke|p1|Wobbuffet, F, shiny
|poke|p2|Gyarados, F, shiny
|poke|p2|Latias, F
|poke|p2|Heatran, M
|poke|p2|Zapdos
|poke|p2|Scizor, M, shiny
|poke|p2|Landorus-Therian, M
|rule|Swagger Clause: Swagger is banned
|rule|Baton Pass Clause: Limit one PokÃ©mon knowing Baton Pass
|teampreview
|
|start
|switch|p1a: Donphan|Donphan, M|383\/383
|switch|p2a: .45 Caliber|Scizor, M, shiny|286\/286
|turn|1
|
|move|p2a: .45 Caliber|U-turn|p1a: Donphan
|-damage|p1a: Donphan|247\/383
|
|switch|p2a: Caspian|Landorus-Therian, M|380\/380
|-ability|p2a: Caspian|Intimidate|[of] p1a: Donphan
|-unboost|p1a: Donphan|atk|1
|move|p1a: Donphan|Stealth Rock|p2a: Caspian
|-sidestart|p2: RAHSTAMON|move: Stealth Rock
|
|-heal|p1a: Donphan|270\/383|[from] item: Leftovers
|turn|2
|
|move|p1a: Donphan|Ice Shard|p2a: Caspian
|-supereffective|p2a: Caspian
|-damage|p2a: Caspian|304\/380
|move|p2a: Caspian|Stealth Rock|p1a: Donphan
|-sidestart|p1: beardy man|move: Stealth Rock
|
|-heal|p2a: Caspian|327\/380|[from] item: Leftovers
|-heal|p1a: Donphan|293\/383|[from] item: Leftovers
|turn|3
|
|move|p2a: Caspian|Knock Off|p1a: Donphan
|-damage|p1a: Donphan|231\/383
|-enditem|p1a: Donphan|Leftovers|[from] move: Knock Off|[of] p2a: Caspian
|move|p1a: Donphan|Rapid Spin|p2a: Caspian
|-damage|p2a: Caspian|316\/380
|-sideend|p1: beardy man|Stealth Rock|[from] move: Rapid Spin|[of] p1a: Donphan
|
|-heal|p2a: Caspian|339\/380|[from] item: Leftovers
|turn|4
|
|move|p1a: Donphan|Ice Shard|p2a: Caspian
|-supereffective|p2a: Caspian
|-damage|p2a: Caspian|259\/380
|move|p2a: Caspian|U-turn|p1a: Donphan
|-damage|p1a: Donphan|183\/383
|
|switch|p2a: St. Helens|Heatran, M|386\/386
|-damage|p2a: St. Helens|338\/386|[from] Stealth Rock
|
|-heal|p2a: St. Helens|362\/386|[from] item: Leftovers
|turn|5
|
|move|p2a: St. Helens|Lava Plume|p1a: Donphan
|-damage|p1a: Donphan|0 fnt
|faint|p1a: Donphan
|
|-heal|p2a: St. Helens|386\/386|[from] item: Leftovers
|
|switch|p1a: Greninja|Greninja, M|285\/285
|turn|6
|
|move|p1a: Greninja|Hydro Pump|p2a: St. Helens|[miss]
|-start|p1a: Greninja|typechange|Water|[from] Protean
|-miss|p1a: Greninja|p2a: St. Helens
|move|p2a: St. Helens|Toxic|p1a: Greninja
|-status|p1a: Greninja|tox
|
|-damage|p1a: Greninja|268\/285 tox|[from] psn
|turn|7
|
|switch|p1a: Cresselia|Cresselia, F|444\/444
|move|p2a: St. Helens|Protect|p2a: St. Helens
|-fail|p2a: St. Helens
|
|turn|8
|
|move|p1a: Cresselia|Light Screen|p1a: Cresselia
|-sidestart|p1: beardy man|move: Light Screen
|move|p2a: St. Helens|Toxic|p1a: Cresselia
|-status|p1a: Cresselia|tox
|
|-damage|p1a: Cresselia|417\/444 tox|[from] psn
|turn|9
|
|move|p1a: Cresselia|Thunder Wave|p2a: St. Helens
|-status|p2a: St. Helens|par
|move|p2a: St. Helens|Roar|p1a: Cresselia
|drag|p1a: Greninja|Greninja, M|268\/285 tox
|
|-damage|p1a: Greninja|251\/285 tox|[from] psn
|turn|10
|
|move|p2a: St. Helens|Protect|p2a: St. Helens
|-singleturn|p2a: St. Helens|Protect
|move|p1a: Greninja|Hydro Pump|p2a: St. Helens
|-start|p1a: Greninja|typechange|Water|[from] Protean
|-activate|p2a: St. Helens|Protect
|
|-damage|p1a: Greninja|217\/285 tox|[from] psn
|turn|11
|
|move|p1a: Greninja|Ice Beam|p2a: St. Helens
|-start|p1a: Greninja|typechange|Ice|[from] Protean
|-resisted|p2a: St. Helens
|-damage|p2a: St. Helens|355\/386 par
|-damage|p1a: Greninja|189\/285 tox|[from] item: Life Orb
|move|p2a: St. Helens|Lava Plume|p1a: Greninja
|-supereffective|p1a: Greninja
|-damage|p1a: Greninja|24\/285 tox
|
|-heal|p2a: St. Helens|379\/386 par|[from] item: Leftovers
|-damage|p1a: Greninja|0 fnt|[from] psn
|faint|p1a: Greninja
|
|switch|p1a: mega KFC|Wobbuffet, F, shiny|528\/528
|turn|12
|
|move|p1a: mega KFC|Encore|p2a: St. Helens
|-start|p2a: St. Helens|Encore
|cant|p2a: St. Helens|par
|
|-heal|p2a: St. Helens|386\/386 par|[from] item: Leftovers
|turn|13
|
|move|p2a: St. Helens|Lava Plume|p1a: mega KFC
|-damage|p1a: mega KFC|466\/528
|move|p1a: mega KFC|Mirror Coat|p2a: St. Helens
|-damage|p2a: St. Helens|262\/386 par
|
|-heal|p2a: St. Helens|286\/386 par|[from] item: Leftovers
|turn|14
|
|move|p2a: St. Helens|Lava Plume|p1a: mega KFC
|-crit|p1a: mega KFC
|-damage|p1a: mega KFC|267\/528
|-status|p1a: mega KFC|brn
|move|p1a: mega KFC|Mirror Coat|p2a: St. Helens
|-damage|p2a: St. Helens|0 fnt
|faint|p2a: St. Helens
|
|-damage|p1a: mega KFC|201\/528 brn|[from] brn
|
|switch|p2a: .45 Caliber|Scizor, M, shiny|286\/286
|-damage|p2a: .45 Caliber|251\/286|[from] Stealth Rock
|-enditem|p1a: mega KFC|Sitrus Berry|[eat]
|-heal|p1a: mega KFC|333\/528 brn|[from] item: Sitrus Berry
|turn|15
|
|move|p2a: .45 Caliber|U-turn|p1a: mega KFC
|-supereffective|p1a: mega KFC
|-damage|p1a: mega KFC|0 fnt
|faint|p1a: mega KFC
|
|switch|p2a: 250VDC|Zapdos|375\/375
|-damage|p2a: 250VDC|282\/375|[from] Stealth Rock
|-ability|p2a: 250VDC|Pressure
|
|-heal|p2a: 250VDC|305\/375|[from] item: Leftovers
|-sideend|p1: beardy man|move: Light Screen
|
|switch|p1a: Magnezone|Magnezone|323\/323
|turn|16
|
|move|p2a: 250VDC|Roost|p2a: 250VDC
|-heal|p2a: 250VDC|375\/375
|move|p1a: Magnezone|Thunderbolt|p2a: 250VDC
|-resisted|p2a: 250VDC
|-damage|p2a: 250VDC|243\/375
|
|-heal|p2a: 250VDC|266\/375|[from] item: Leftovers
|turn|17
|
|switch|p1a: Cresselia|Cresselia, F|417\/444 tox
|move|p2a: 250VDC|Volt Switch|p1a: Cresselia
|-damage|p1a: Cresselia|332\/444 tox
|
|switch|p2a: .45 Caliber|Scizor, M, shiny|251\/286
|-damage|p2a: .45 Caliber|216\/286|[from] Stealth Rock
|
|-damage|p1a: Cresselia|305\/444 tox|[from] psn
|turn|18
|
|switch|p1a: Magnezone|Magnezone|323\/323
|move|p2a: .45 Caliber|U-turn|p1a: Magnezone
|-resisted|p1a: Magnezone
|-damage|p1a: Magnezone|236\/323
|
|switch|p2a: 250VDC|Zapdos|266\/375
|-damage|p2a: 250VDC|173\/375|[from] Stealth Rock
|-ability|p2a: 250VDC|Pressure
|
|-heal|p2a: 250VDC|196\/375|[from] item: Leftovers
|turn|19
|
|move|p2a: 250VDC|Heat Wave|p1a: Magnezone
|-supereffective|p1a: Magnezone
|-damage|p1a: Magnezone|0 fnt
|faint|p1a: Magnezone
|
|-heal|p2a: 250VDC|219\/375|[from] item: Leftovers
|
|switch|p1a: Cresselia|Cresselia, F|305\/444 tox
|turn|20
|
|move|p2a: 250VDC|Volt Switch|p1a: Cresselia
|-damage|p1a: Cresselia|217\/444 tox
|
|switch|p2a: .45 Caliber|Scizor, M, shiny|216\/286
|-damage|p2a: .45 Caliber|181\/286|[from] Stealth Rock
|move|p1a: Cresselia|Light Screen|p1a: Cresselia
|-sidestart|p1: beardy man|move: Light Screen
|
|-damage|p1a: Cresselia|190\/444 tox|[from] psn
|turn|21
|
|move|p2a: .45 Caliber|U-turn|p1a: Cresselia
|-supereffective|p1a: Cresselia
|-damage|p1a: Cresselia|0 fnt
|faint|p1a: Cresselia
|
|switch|p2a: Piru|Gyarados, F, shiny|331\/331
|-damage|p2a: Piru|249\/331|[from] Stealth Rock
|
|
|switch|p1a: Salamence|Salamence, F, shiny|393\/393
|-ability|p1a: Salamence|Intimidate|[of] p2a: Piru
|-unboost|p2a: Piru|atk|1
|turn|22
|
|switch|p2a: Caspian|Landorus-Therian, M|259\/380
|-damage|p2a: Caspian|212\/380|[from] Stealth Rock
|-ability|p2a: Caspian|Intimidate|[of] p1a: Salamence
|-unboost|p1a: Salamence|atk|1
|detailschange|p1a: Salamence|Salamence-Mega, F, shiny
|message|Salamence has Mega Evolved into Mega Salamence!
|move|p1a: Salamence|Dragon Dance|p1a: Salamence
|-boost|p1a: Salamence|atk|1
|-boost|p1a: Salamence|spe|1
|
|-heal|p2a: Caspian|235\/380|[from] item: Leftovers
|turn|23
|
|move|p1a: Salamence|Dragon Dance|p1a: Salamence
|-boost|p1a: Salamence|atk|1
|-boost|p1a: Salamence|spe|1
|move|p2a: Caspian|U-turn|p1a: Salamence
|-crit|p1a: Salamence
|-resisted|p1a: Salamence
|-damage|p1a: Salamence|350\/393
|
|switch|p2a: Piru|Gyarados, F, shiny|249\/331
|-damage|p2a: Piru|167\/331|[from] Stealth Rock
|-ability|p2a: Piru|Intimidate|[of] p1a: Salamence
|-unboost|p1a: Salamence|atk|1
|
|turn|24
|
|detailschange|p2a: Piru|Gyarados-Mega, F, shiny
|message|Gyarados has Mega Evolved into Mega Gyarados!
|-ability|p2a: Piru|Mold Breaker
|move|p1a: Salamence|Frustration|p2a: Piru
|-damage|p2a: Piru|0 fnt
|faint|p2a: Piru
|
|
|switch|p2a: Caspian|Landorus-Therian, M|235\/380
|-damage|p2a: Caspian|188\/380|[from] Stealth Rock
|-ability|p2a: Caspian|Intimidate|[of] p1a: Salamence
|-unboost|p1a: Salamence|atk|1
|turn|25
|
|move|p1a: Salamence|Substitute|p1a: Salamence
|-start|p1a: Salamence|Substitute
|-damage|p1a: Salamence|252\/393
|move|p2a: Caspian|U-turn|p1a: Salamence
|-resisted|p1a: Salamence
|-activate|p1a: Salamence|Substitute|[damage]
|-message|RAHSTAMON forfeited.
|
|win|beardy man
|raw|Ladder updating...
|leave|RAHSTAMON
|player|p2
|raw|beardy man's rating: 1511 &rarr; <strong>1528<\/strong><br \/>(+17 for winning)
|raw|RAHSTAMON's rating: 1447 &rarr; <strong>1430<\/strong><br \/>(-17 for losing)