|join|TheBlueSun
|join|beardy man
|c|âTheBlueSun|hf
|c|âbeardy man|u2
|player|p1|TheBlueSun|15
|player|p2|beardy man|265
|gametype|singles
|gen|6
|tier|OU
|rated
|clearpoke
|poke|p1|Scizor, M
|poke|p1|Latios, M
|poke|p1|Clefable, F
|poke|p1|Gliscor, M
|poke|p1|Heatran, F
|poke|p1|Suicune
|poke|p2|Metagross
|poke|p2|Keldeo
|poke|p2|Talonflame, F
|poke|p2|Rotom-Wash
|poke|p2|Landorus-Therian, M
|poke|p2|Latias, F
|rule|Swagger Clause: Swagger is banned
|rule|Baton Pass Clause: Limit one PokÃ©mon knowing Baton Pass
|rule|Sleep Clause Mod: Limit one foe put to sleep
|rule|Species Clause: Limit one of each PokÃ©mon
|rule|OHKO Clause: OHKO moves are banned
|rule|Moody Clause: Moody is banned
|rule|Evasion Moves Clause: Evasion moves are banned
|rule|Endless Battle Clause: Forcing endless battles is banned
|rule|HP Percentage Mod: HP is shown in percentages
|teampreview
|
|start
|switch|p1a: It's time|Clefable, F|394\/394
|switch|p2a: Rotom-Wash|Rotom-Wash|304\/304
|turn|1
|
|move|p2a: Rotom-Wash|Volt Switch|p1a: It's time
|-damage|p1a: It's time|306\/394
|
|switch|p2a: Talonflame|Talonflame, F|297\/297
|move|p1a: It's time|Thunder Wave|p2a: Talonflame
|-status|p2a: Talonflame|par
|
|-heal|p1a: It's time|330\/394|[from] item: Leftovers
|turn|2
|
|move|p1a: It's time|Stealth Rock|p2a: Talonflame
|-sidestart|p2: beardy man|move: Stealth Rock
|move|p2a: Talonflame|Swords Dance|p2a: Talonflame
|-boost|p2a: Talonflame|atk|2
|
|-heal|p1a: It's time|354\/394|[from] item: Leftovers
|turn|3
|
|switch|p1a: It's time|Heatran, F|323\/323
|move|p2a: Talonflame|Brave Bird|p1a: It's time
|-resisted|p1a: It's time
|-damage|p1a: It's time|157\/323
|-damage|p2a: Talonflame|242\/297 par|[from] recoil|[of] p1a: It's time
|
|turn|4
|
|move|p2a: Talonflame|Brave Bird|p1a: It's time
|-resisted|p1a: It's time
|-damage|p1a: It's time|0 fnt
|-damage|p2a: Talonflame|190\/297 par|[from] recoil|[of] p1a: It's time
|faint|p1a: It's time
|
|
|switch|p1a: It's time|Suicune|404\/404
|-ability|p1a: It's time|Pressure
|turn|5
|
|move|p2a: Talonflame|Brave Bird|p1a: It's time
|-damage|p1a: It's time|167\/404
|-damage|p2a: Talonflame|112\/297 par|[from] recoil|[of] p1a: It's time
|move|p1a: It's time|Scald|p2a: Talonflame
|-supereffective|p2a: Talonflame
|-damage|p2a: Talonflame|0 fnt
|faint|p2a: Talonflame
|
|-heal|p1a: It's time|192\/404|[from] item: Leftovers
|
|switch|p2a: Rotom-Wash|Rotom-Wash|304\/304
|-damage|p2a: Rotom-Wash|266\/304|[from] Stealth Rock
|turn|6
|
|move|p2a: Rotom-Wash|Volt Switch|p1a: It's time
|-supereffective|p1a: It's time
|-damage|p1a: It's time|36\/404
|
|switch|p2a: Keldeo|Keldeo|323\/323
|-damage|p2a: Keldeo|303\/323|[from] Stealth Rock
|move|p1a: It's time|Rest|p1a: It's time
|-status|p1a: It's time|slp
|-heal|p1a: It's time|404\/404 slp|[silent]
|-status|p1a: It's time|slp|[from] move: Rest
|
|-heal|p2a: Keldeo|323\/323|[from] item: Leftovers
|turn|7
|
|move|p2a: Keldeo|Substitute|p2a: Keldeo
|-start|p2a: Keldeo|Substitute
|-damage|p2a: Keldeo|243\/323
|cant|p1a: It's time|slp
|move|p1a: It's time|Sleep Talk|p1a: It's time
|move|p1a: It's time|Rest|p1a: It's time|[from]Sleep Talk
|-fail|p1a: It's time
|
|-heal|p2a: Keldeo|263\/323|[from] item: Leftovers
|turn|8
|
|move|p2a: Keldeo|Calm Mind|p2a: Keldeo
|-boost|p2a: Keldeo|spa|1
|-boost|p2a: Keldeo|spd|1
|cant|p1a: It's time|slp
|move|p1a: It's time|Sleep Talk|p1a: It's time
|move|p1a: It's time|Roar|p2a: Keldeo|[from]Sleep Talk
|drag|p2a: Latias|Latias, F|301\/301
|-damage|p2a: Latias|264\/301|[from] Stealth Rock
|
|turn|9
|
|switch|p1a: It's time|Clefable, F|354\/394
|move|p2a: Latias|Defog|p1a: It's time
|-unboost|p1a: It's time|evasion|1
|-sideend|p2: beardy man|Stealth Rock|[from] move: Defog|[of] p2a: Latias
|
|-heal|p1a: It's time|378\/394|[from] item: Leftovers
|turn|10
|
|switch|p2a: Landorus-Therian|Landorus-Therian, M|381\/381
|-ability|p2a: Landorus-Therian|Intimidate|[of] p1a: It's time
|-unboost|p1a: It's time|atk|1
|move|p1a: It's time|Thunder Wave|p2a: Landorus-Therian
|-immune|p2a: Landorus-Therian|[msg]
|
|-heal|p1a: It's time|394\/394|[from] item: Leftovers
|turn|11
|
|switch|p1a: It's time|Gliscor, M|352\/352
|move|p2a: Landorus-Therian|Stealth Rock|p1a: It's time
|-sidestart|p1: TheBlueSun|move: Stealth Rock
|
|-status|p1a: It's time|tox|[from] item: Toxic Orb
|turn|12
|
|move|p2a: Landorus-Therian|U-turn|p1a: It's time
|-resisted|p1a: It's time
|-damage|p1a: It's time|320\/352 tox
|
|switch|p2a: Rotom-Wash|Rotom-Wash|266\/304
|move|p1a: It's time|Swords Dance|p1a: It's time
|-boost|p1a: It's time|atk|2
|
|-heal|p2a: Rotom-Wash|285\/304|[from] item: Leftovers
|-heal|p1a: It's time|352\/352 tox|[from] ability: Poison Heal
|turn|13
|
|move|p1a: It's time|Facade|p2a: Rotom-Wash
|-damage|p2a: Rotom-Wash|141\/304
|move|p2a: Rotom-Wash|Hydro Pump|p1a: It's time
|-supereffective|p1a: It's time
|-damage|p1a: It's time|130\/352 tox
|
|-heal|p2a: Rotom-Wash|160\/304|[from] item: Leftovers
|-heal|p1a: It's time|174\/352 tox|[from] ability: Poison Heal
|turn|14
|
|move|p1a: It's time|Roost|p1a: It's time
|-heal|p1a: It's time|350\/352 tox
|move|p2a: Rotom-Wash|Hydro Pump|p1a: It's time
|-supereffective|p1a: It's time
|-damage|p1a: It's time|98\/352 tox
|
|-heal|p2a: Rotom-Wash|179\/304|[from] item: Leftovers
|-heal|p1a: It's time|142\/352 tox|[from] ability: Poison Heal
|turn|15
|
|move|p1a: It's time|Roost|p1a: It's time
|-heal|p1a: It's time|318\/352 tox
|move|p2a: Rotom-Wash|Hydro Pump|p1a: It's time
|-supereffective|p1a: It's time
|-damage|p1a: It's time|76\/352 tox
|
|-heal|p2a: Rotom-Wash|198\/304|[from] item: Leftovers
|-heal|p1a: It's time|120\/352 tox|[from] ability: Poison Heal
|turn|16
|
|move|p1a: It's time|Roost|p1a: It's time
|-heal|p1a: It's time|296\/352 tox
|move|p2a: Rotom-Wash|Hydro Pump|p1a: It's time
|-supereffective|p1a: It's time
|-damage|p1a: It's time|54\/352 tox
|
|-heal|p2a: Rotom-Wash|217\/304|[from] item: Leftovers
|-heal|p1a: It's time|98\/352 tox|[from] ability: Poison Heal
|turn|17
|
|move|p1a: It's time|Roost|p1a: It's time
|-heal|p1a: It's time|274\/352 tox
|move|p2a: Rotom-Wash|Hydro Pump|p1a: It's time
|-supereffective|p1a: It's time
|-damage|p1a: It's time|56\/352 tox
|
|-heal|p2a: Rotom-Wash|236\/304|[from] item: Leftovers
|-heal|p1a: It's time|100\/352 tox|[from] ability: Poison Heal
|turn|18
|c|âTheBlueSun|rotom brought its glasses today
|c|âbeardy man|u seriously banking on hax?
|c|âbeardy man|thats despicable
|
|move|p1a: It's time|Roost|p1a: It's time
|-heal|p1a: It's time|276\/352 tox
|move|p2a: Rotom-Wash|Hydro Pump|p1a: It's time
|-supereffective|p1a: It's time
|-damage|p1a: It's time|58\/352 tox
|
|-heal|p2a: Rotom-Wash|255\/304|[from] item: Leftovers
|-heal|p1a: It's time|102\/352 tox|[from] ability: Poison Heal
|turn|19
|c|âTheBlueSun|its not really hax
|c|âTheBlueSun|the odds are incredibly in my favor
|c|âbeardy man|if i keep getting low rolls yes
|c|âbeardy man|even at the lowest it entirely cancels out ur healing
|
|move|p1a: It's time|Roost|p1a: It's time
|-heal|p1a: It's time|278\/352 tox
|move|p2a: Rotom-Wash|Hydro Pump|p1a: It's time
|-supereffective|p1a: It's time
|-damage|p1a: It's time|54\/352 tox
|
|-heal|p2a: Rotom-Wash|274\/304|[from] item: Leftovers
|-heal|p1a: It's time|98\/352 tox|[from] ability: Poison Heal
|turn|20
|c|âTheBlueSun|i have more pp
|
|switch|p2a: Latias|Latias, F|264\/301
|move|p1a: It's time|Roost|p1a: It's time
|-heal|p1a: It's time|274\/352 tox
|
|-heal|p1a: It's time|318\/352 tox|[from] ability: Poison Heal
|turn|21
|
|switch|p2a: Keldeo|Keldeo|263\/323
|move|p1a: It's time|Roost|p1a: It's time
|-heal|p1a: It's time|352\/352 tox
|
|-heal|p2a: Keldeo|283\/323|[from] item: Leftovers
|turn|22
|
|move|p2a: Keldeo|Scald|p1a: It's time
|-supereffective|p1a: It's time
|-damage|p1a: It's time|94\/352 tox
|move|p1a: It's time|Earthquake|p2a: Keldeo
|-damage|p2a: Keldeo|39\/323
|
|-heal|p2a: Keldeo|59\/323|[from] item: Leftovers
|-heal|p1a: It's time|138\/352 tox|[from] ability: Poison Heal
|turn|23
|
|switch|p1a: It's time|Suicune|404\/404 slp
|-damage|p1a: It's time|354\/404 slp|[from] Stealth Rock
|-ability|p1a: It's time|Pressure
|move|p2a: Keldeo|Scald|p1a: It's time
|-resisted|p1a: It's time
|-damage|p1a: It's time|291\/404 slp
|
|-heal|p2a: Keldeo|79\/323|[from] item: Leftovers
|-heal|p1a: It's time|316\/404 slp|[from] item: Leftovers
|turn|24
|
|move|p2a: Keldeo|Secret Sword|p1a: It's time
|-damage|p1a: It's time|220\/404 slp
|-curestatus|p1a: It's time|slp
|move|p1a: It's time|Scald|p2a: Keldeo
|-resisted|p2a: Keldeo
|-damage|p2a: Keldeo|34\/323
|-status|p2a: Keldeo|brn
|
|-heal|p2a: Keldeo|54\/323 brn|[from] item: Leftovers
|-heal|p1a: It's time|245\/404|[from] item: Leftovers
|-damage|p2a: Keldeo|14\/323 brn|[from] brn
|turn|25
|
|switch|p2a: Rotom-Wash|Rotom-Wash|274\/304
|move|p1a: It's time|Rest|p1a: It's time
|-status|p1a: It's time|slp
|-heal|p1a: It's time|404\/404 slp|[silent]
|-status|p1a: It's time|slp|[from] move: Rest
|
|-heal|p2a: Rotom-Wash|293\/304|[from] item: Leftovers
|turn|26
|
|move|p2a: Rotom-Wash|Volt Switch|p1a: It's time
|-supereffective|p1a: It's time
|-damage|p1a: It's time|258\/404 slp
|
|switch|p2a: Latias|Latias, F|264\/301
|cant|p1a: It's time|slp
|move|p1a: It's time|Sleep Talk|p1a: It's time
|move|p1a: It's time|Rest|p1a: It's time|[from]Sleep Talk
|-fail|p1a: It's time
|
|-heal|p1a: It's time|283\/404 slp|[from] item: Leftovers
|turn|27
|
|switch|p1a: It's time|Scizor, M|343\/343
|-damage|p1a: It's time|301\/343|[from] Stealth Rock
|move|p2a: Latias|Psyshock|p1a: It's time
|-resisted|p1a: It's time
|-damage|p1a: It's time|244\/343
|-damage|p2a: Latias|234\/301|[from] item: Life Orb
|
|turn|28
|
|switch|p2a: Rotom-Wash|Rotom-Wash|293\/304
|detailschange|p1a: It's time|Scizor-Mega, M
|-mega|p1a: It's time|Scizor|Scizorite
|move|p1a: It's time|Knock Off|p2a: Rotom-Wash
|-damage|p2a: Rotom-Wash|217\/304
|-enditem|p2a: Rotom-Wash|Leftovers|[from] move: Knock Off|[of] p1a: It's time
|
|turn|29
|
|switch|p1a: It's time|Latios, M|301\/301
|-damage|p1a: It's time|264\/301|[from] Stealth Rock
|move|p2a: Rotom-Wash|Hydro Pump|p1a: It's time
|-resisted|p1a: It's time
|-damage|p1a: It's time|201\/301
|
|turn|30
|-message|beardy man forfeited.
|leave|beardy man
|c|âTheBlueSun|gg
|
|win|TheBlueSun
|raw|Ladder updating...
|player|p2
|raw|TheBlueSun's rating: 1570 &rarr; <strong>1594<\/strong><br \/>(+24 for winning)
|raw|beardy man's rating: 1628 &rarr; <strong>1605<\/strong><br \/>(-23 for losing)