|join|Calm Stone
|join|beardy man
|player|p1|Calm Stone|151
|player|p2|beardy man|265
|gametype|singles
|gen|6
|tier|OU
|rated
|clearpoke
|poke|p1|Azumarill, M
|poke|p1|Terrakion
|poke|p1|Celebi
|poke|p1|Skarmory, M
|poke|p1|Manectric, M
|poke|p1|Clefable, M
|poke|p2|Metagross
|poke|p2|Keldeo
|poke|p2|Talonflame, M
|poke|p2|Rotom-Wash
|poke|p2|Landorus-Therian, M
|poke|p2|Latias, F
|rule|Swagger Clause: Swagger is banned
|rule|Baton Pass Clause: Limit one PokÃ©mon knowing Baton Pass
|rule|Sleep Clause Mod: Limit one foe put to sleep
|rule|Species Clause: Limit one of each PokÃ©mon
|rule|OHKO Clause: OHKO moves are banned
|rule|Moody Clause: Moody is banned
|rule|Evasion Moves Clause: Evasion moves are banned
|rule|Endless Battle Clause: Forcing endless battles is banned
|rule|HP Percentage Mod: HP is shown in percentages
|teampreview
|
|start
|switch|p1a: Ahngoru|Terrakion|324\/324
|switch|p2a: Latias|Latias, F|301\/301
|turn|1
|
|switch|p1a: Crescent|Clefable, M|394\/394
|move|p2a: Latias|Psyshock|p1a: Crescent
|-crit|p1a: Crescent
|-damage|p1a: Crescent|190\/394
|-damage|p2a: Latias|271\/301|[from] item: Life Orb
|
|-heal|p1a: Crescent|214\/394|[from] item: Leftovers
|turn|2
|
|switch|p2a: Metagross|Metagross|301\/301
|move|p1a: Crescent|Wish|p1a: Crescent
|
|-heal|p1a: Crescent|238\/394|[from] item: Leftovers
|turn|3
|
|switch|p2a: Rotom-Wash|Rotom-Wash|304\/304
|move|p1a: Crescent|Protect|p1a: Crescent
|-fail|p1a: Crescent
|
|-heal|p1a: Crescent|394\/394|[from] move: Wish|[wisher] Crescent
|turn|4
|
|switch|p1a: Ilex|Celebi|404\/404
|move|p2a: Rotom-Wash|Volt Switch|p1a: Ilex
|-resisted|p1a: Ilex
|-damage|p1a: Ilex|375\/404
|
|switch|p2a: Talonflame|Talonflame, M|297\/297
|
|-heal|p1a: Ilex|400\/404|[from] item: Leftovers
|turn|5
|
|switch|p1a: Figure|Manectric, M|282\/282
|move|p2a: Talonflame|Flare Blitz|p1a: Figure
|-damage|p1a: Figure|54\/282
|-damage|p2a: Talonflame|222\/297|[from] recoil|[of] p1a: Figure
|
|turn|6
|
|switch|p1a: Ahngoru|Terrakion|324\/324
|move|p2a: Talonflame|Brave Bird|p1a: Ahngoru
|-damage|p1a: Ahngoru|110\/324
|-damage|p2a: Talonflame|151\/297|[from] recoil|[of] p1a: Ahngoru
|
|turn|7
|
|switch|p1a: Torrent|Azumarill, M|404\/404
|move|p2a: Talonflame|Brave Bird|p1a: Torrent
|-damage|p1a: Torrent|182\/404
|-damage|p2a: Talonflame|78\/297|[from] recoil|[of] p1a: Torrent
|
|turn|8
|
|switch|p1a: Starscream|Skarmory, M|334\/334
|move|p2a: Talonflame|Brave Bird|p1a: Starscream
|-resisted|p1a: Starscream
|-damage|p1a: Starscream|280\/334
|-damage|p2a: Talonflame|29\/297|[from] item: Rocky Helmet|[of] p1a: Starscream
|-damage|p2a: Talonflame|11\/297|[from] recoil|[of] p1a: Starscream
|
|turn|9
|
|move|p2a: Talonflame|Roost|p2a: Talonflame
|-heal|p2a: Talonflame|160\/297
|move|p1a: Starscream|Stealth Rock|p2a: Talonflame
|-sidestart|p2: beardy man|move: Stealth Rock
|
|turn|10
|
|move|p2a: Talonflame|Roost|p2a: Talonflame
|-heal|p2a: Talonflame|297\/297
|move|p1a: Starscream|Counter|p2a: Talonflame
|-fail|p2a: Talonflame
|
|turn|11
|
|move|p2a: Talonflame|Swords Dance|p2a: Talonflame
|-boost|p2a: Talonflame|atk|2
|move|p1a: Starscream|Counter|p2a: Talonflame
|-fail|p2a: Talonflame
|
|turn|12
|
|move|p2a: Talonflame|Flare Blitz|p1a: Starscream
|-supereffective|p1a: Starscream
|-damage|p1a: Starscream|0 fnt
|-damage|p2a: Talonflame|248\/297|[from] item: Rocky Helmet|[of] p1a: Starscream
|-damage|p2a: Talonflame|156\/297|[from] recoil|[of] p1a: Starscream
|faint|p1a: Starscream
|
|-message|Calm Stone forfeited.
|leave|Calm Stone
|
|win|beardy man
|raw|Ladder updating...
|player|p1
|raw|Calm Stone's rating: 1634 &rarr; <strong>1609<\/strong><br \/>(-25 for losing)
|raw|beardy man's rating: 1548 &rarr; <strong>1573<\/strong><br \/>(+25 for winning)