|join|Reverb
|join|beardy man
|player|p1|Reverb|#reverb
|player|p2|beardy man|101
|gametype|singles
|gen|6
|tier|OU
|rated
|clearpoke
|poke|p1|Celebi
|poke|p1|Heatran, M
|poke|p1|Gardevoir, M
|poke|p1|Keldeo
|poke|p1|Landorus-Therian, M
|poke|p1|Raikou
|poke|p2|Metagross
|poke|p2|Keldeo
|poke|p2|Talonflame, F
|poke|p2|Rotom-Wash
|poke|p2|Landorus-Therian, M
|poke|p2|Latias, F
|rule|Swagger Clause: Swagger is banned
|rule|Baton Pass Clause: Limit one PokÃ©mon knowing Baton Pass
|rule|Sleep Clause Mod: Limit one foe put to sleep
|rule|Species Clause: Limit one of each PokÃ©mon
|rule|OHKO Clause: OHKO moves are banned
|rule|Moody Clause: Moody is banned
|rule|Evasion Moves Clause: Evasion moves are banned
|rule|Endless Battle Clause: Forcing endless battles is banned
|rule|HP Percentage Mod: HP is shown in percentages
|teampreview
|join|Escavalier
|join|Qubae
|join|Alkov
|join|I Iike Squirtles
|join|iplayhairlol
|
|start
|switch|p1a: Landorus-Therian|Landorus-Therian, M|382\/382
|switch|p2a: Latias|Latias, F|301\/301
|-ability|p1a: Landorus-Therian|Intimidate|[of] p2a: Latias
|-unboost|p2a: Latias|atk|1
|turn|1
|join|iplaytennislol
|
|switch|p1a: Heatran|Heatran, M|323\/323
|move|p2a: Latias|Draco Meteor|p1a: Heatran
|-resisted|p1a: Heatran
|-damage|p1a: Heatran|194\/323
|-unboost|p2a: Latias|spa|2
|-damage|p2a: Latias|271\/301|[from] item: Life Orb
|
|turn|2
|
|switch|p1a: Gardevoir|Gardevoir, M|277\/277
|-ability|p1a: Gardevoir|Levitate|[from] ability: Trace|[of] p2a: Latias
|move|p2a: Latias|Earthquake|p1a: Gardevoir
|-immune|p1a: Gardevoir|[msg]
|
|turn|3
|c| iplaytennislol|destroyed
|
|switch|p2a: Metagross|Metagross|301\/301
|detailschange|p1a: Gardevoir|Gardevoir-Mega, M
|-mega|p1a: Gardevoir|Gardevoir|Gardevoirite
|move|p1a: Gardevoir|Hyper Voice|p2a: Metagross
|-resisted|p2a: Metagross
|-damage|p2a: Metagross|165\/301
|
|turn|4
|join|GeenArrow
|c| Alkov|>didnt make mega gardevoir shiny with the black dress :[
|join|Fortune
|c| Alkov|252 Atk Tough Claws Mega Metagross Meteor Mash vs. 0 HP \/ 24 Def Mega Gardevoir: 582-686 (210.1 - 247.6%) -- guaranteed OHKO
|c| Alkov|232+ SpA Mega Gardevoir Focus Blast vs. 0 HP \/ 4 SpD Mega Metagross: 156-184 (51.8 - 61.1%) -- guaranteed 2HKO
|c| Alkov|you feeling real?
|
|switch|p1a: Raikou|Raikou|321\/321
|-ability|p1a: Raikou|Pressure
|detailschange|p2a: Metagross|Metagross-Mega
|-mega|p2a: Metagross|Metagross|Metagrossite
|move|p2a: Metagross|Bullet Punch|p1a: Raikou
|-resisted|p1a: Raikou
|-damage|p1a: Raikou|250\/321
|
|turn|5
|join|Prankster
|
|switch|p2a: Landorus-Therian|Landorus-Therian, M|381\/381
|-ability|p2a: Landorus-Therian|Intimidate|[of] p1a: Raikou
|-unboost|p1a: Raikou|atk|1
|move|p1a: Raikou|Volt Switch|p2a: Landorus-Therian
|-immune|p2a: Landorus-Therian|[msg]
|
|turn|6
|c| iplayhairlol|quality
|
|switch|p1a: Landorus-Therian|Landorus-Therian, M|382\/382
|-ability|p1a: Landorus-Therian|Intimidate|[of] p2a: Landorus-Therian
|-unboost|p2a: Landorus-Therian|atk|1
|move|p2a: Landorus-Therian|Stealth Rock|p1a: Landorus-Therian
|-sidestart|p1: Reverb|move: Stealth Rock
|
|turn|7
|
|move|p2a: Landorus-Therian|Toxic|p1a: Landorus-Therian
|-status|p1a: Landorus-Therian|tox
|move|p1a: Landorus-Therian|Stealth Rock|p2a: Landorus-Therian
|-sidestart|p2: beardy man|move: Stealth Rock
|
|-damage|p1a: Landorus-Therian|359\/382 tox|[from] psn
|turn|8
|
|move|p2a: Landorus-Therian|U-turn|p1a: Landorus-Therian
|-resisted|p1a: Landorus-Therian
|-damage|p1a: Landorus-Therian|340\/382 tox
|
|switch|p2a: Rotom-Wash|Rotom-Wash|304\/304
|-damage|p2a: Rotom-Wash|266\/304|[from] Stealth Rock
|move|p1a: Landorus-Therian|U-turn|p2a: Rotom-Wash
|-damage|p2a: Rotom-Wash|207\/304
|join|rob
|
|switch|p1a: Gardevoir|Gardevoir-Mega, M|277\/277
|-damage|p1a: Gardevoir|243\/277|[from] Stealth Rock
|
|-heal|p2a: Rotom-Wash|226\/304|[from] item: Leftovers
|turn|9
|
|move|p1a: Gardevoir|Hyper Voice|p2a: Rotom-Wash
|-damage|p2a: Rotom-Wash|13\/304
|move|p2a: Rotom-Wash|Volt Switch|p1a: Gardevoir
|-damage|p1a: Gardevoir|171\/277
|
|switch|p2a: Metagross|Metagross-Mega|165\/301
|-damage|p2a: Metagross|147\/301|[from] Stealth Rock
|
|turn|10
|join|SilverReaper21
|
|switch|p1a: Landorus-Therian|Landorus-Therian, M|340\/382 tox
|-damage|p1a: Landorus-Therian|293\/382 tox|[from] Stealth Rock
|-ability|p1a: Landorus-Therian|Intimidate|[of] p2a: Metagross
|-unboost|p2a: Metagross|atk|1
|move|p2a: Metagross|Zen Headbutt|p1a: Landorus-Therian|[miss]
|-miss|p2a: Metagross|p1a: Landorus-Therian
|
|-heal|p1a: Landorus-Therian|316\/382 tox|[from] item: Leftovers
|-damage|p1a: Landorus-Therian|293\/382 tox|[from] psn
|turn|11
|leave|SilverReaper21
|
|switch|p2a: Rotom-Wash|Rotom-Wash|13\/304
|-damage|p2a: Rotom-Wash|0 fnt|[from] Stealth Rock
|faint|p2a: Rotom-Wash
|move|p1a: Landorus-Therian|Earthquake|p2: Rotom-Wash|[notarget]
|-notarget
|
|-heal|p1a: Landorus-Therian|316\/382 tox|[from] item: Leftovers
|-damage|p1a: Landorus-Therian|270\/382 tox|[from] psn
|
|switch|p2a: Keldeo|Keldeo|323\/323
|-damage|p2a: Keldeo|303\/323|[from] Stealth Rock
|turn|12
|join|Dirpz
|
|switch|p2a: Talonflame|Talonflame, F|297\/297
|-damage|p2a: Talonflame|149\/297|[from] Stealth Rock
|switch|p1a: Celebi|Celebi|361\/361
|-damage|p1a: Celebi|316\/361|[from] Stealth Rock
|
|turn|13
|leave|Fortune
|
|switch|p1a: Landorus-Therian|Landorus-Therian, M|270\/382 tox
|-damage|p1a: Landorus-Therian|223\/382 tox|[from] Stealth Rock
|-ability|p1a: Landorus-Therian|Intimidate|[of] p2a: Talonflame
|-unboost|p2a: Talonflame|atk|1
|move|p2a: Talonflame|Swords Dance|p2a: Talonflame
|-boost|p2a: Talonflame|atk|2
|
|-heal|p1a: Landorus-Therian|246\/382 tox|[from] item: Leftovers
|-damage|p1a: Landorus-Therian|223\/382 tox|[from] psn
|turn|14
|join|will i lose
|
|move|p2a: Talonflame|Brave Bird|p1a: Landorus-Therian
|-damage|p1a: Landorus-Therian|0 fnt
|-damage|p2a: Talonflame|75\/297|[from] recoil|[of] p1a: Landorus-Therian
|faint|p1a: Landorus-Therian
|
|
|switch|p1a: Heatran|Heatran, M|194\/323
|-damage|p1a: Heatran|154\/323|[from] Stealth Rock
|turn|15
|
|move|p2a: Talonflame|Roost|p2a: Talonflame
|-heal|p2a: Talonflame|224\/297
|move|p1a: Heatran|Stone Edge|p2a: Talonflame
|-supereffective|p2a: Talonflame
|-damage|p2a: Talonflame|52\/297
|
|turn|16
|leave|Prankster
|
|switch|p2a: Landorus-Therian|Landorus-Therian, M|381\/381
|-damage|p2a: Landorus-Therian|334\/381|[from] Stealth Rock
|-ability|p2a: Landorus-Therian|Intimidate|[of] p1a: Heatran
|-unboost|p1a: Heatran|atk|1
|move|p1a: Heatran|Stone Edge|p2a: Landorus-Therian
|-crit|p2a: Landorus-Therian
|-damage|p2a: Landorus-Therian|245\/381
|
|-heal|p2a: Landorus-Therian|268\/381|[from] item: Leftovers
|turn|17
|
|switch|p1a: Keldeo|Keldeo|322\/322
|-damage|p1a: Keldeo|302\/322|[from] Stealth Rock
|move|p2a: Landorus-Therian|Earthquake|p1a: Keldeo
|-crit|p1a: Keldeo
|-damage|p1a: Keldeo|55\/322
|
|-heal|p2a: Landorus-Therian|291\/381|[from] item: Leftovers
|turn|18
|
|move|p1a: Keldeo|Scald|p2a: Landorus-Therian
|-supereffective|p2a: Landorus-Therian
|-damage|p2a: Landorus-Therian|0 fnt
|faint|p2a: Landorus-Therian
|
|
|switch|p2a: Latias|Latias, F|271\/301
|-damage|p2a: Latias|234\/301|[from] Stealth Rock
|turn|19
|
|switch|p1a: Gardevoir|Gardevoir-Mega, M|171\/277
|-damage|p1a: Gardevoir|137\/277|[from] Stealth Rock
|move|p2a: Latias|Defog|p1a: Gardevoir
|-unboost|p1a: Gardevoir|evasion|1
|-sideend|p1: Reverb|Stealth Rock|[from] move: Defog|[of] p1a: Gardevoir
|-sideend|p2: beardy man|Stealth Rock|[from] move: Defog|[of] p2a: Latias
|
|turn|20
|leave|Dirpz
|
|switch|p2a: Keldeo|Keldeo|303\/323
|move|p1a: Gardevoir|Hyper Voice|p2a: Keldeo
|-supereffective|p2a: Keldeo
|-damage|p2a: Keldeo|0 fnt
|faint|p2a: Keldeo
|
|
|switch|p2a: Metagross|Metagross-Mega|147\/301
|turn|21
|
|switch|p1a: Keldeo|Keldeo|55\/322
|move|p2a: Metagross|Bullet Punch|p1a: Keldeo
|-resisted|p1a: Keldeo
|-damage|p1a: Keldeo|0 fnt
|faint|p1a: Keldeo
|
|
|switch|p1a: Heatran|Heatran, M|154\/323
|turn|22
|
|switch|p2a: Latias|Latias, F|234\/301
|move|p1a: Heatran|Overheat|p2a: Latias
|-resisted|p2a: Latias
|-damage|p2a: Latias|142\/301
|-unboost|p1a: Heatran|spa|2
|
|turn|23
|
|switch|p1a: Celebi|Celebi|316\/361
|move|p2a: Latias|Earthquake|p1a: Celebi
|-resisted|p1a: Celebi
|-damage|p1a: Celebi|269\/361
|-damage|p2a: Latias|112\/301|[from] item: Life Orb
|
|turn|24
|
|move|p2a: Latias|Draco Meteor|p1a: Celebi
|-damage|p1a: Celebi|0 fnt
|-unboost|p2a: Latias|spa|2
|-damage|p2a: Latias|82\/301|[from] item: Life Orb
|faint|p1a: Celebi
|
|
|switch|p1a: Raikou|Raikou|250\/321
|-ability|p1a: Raikou|Pressure
|turn|25
|
|move|p1a: Raikou|Hidden Power|p2a: Latias
|-supereffective|p2a: Latias
|-damage|p2a: Latias|0 fnt
|faint|p2a: Latias
|
|leave|iplayhairlol
|
|switch|p2a: Metagross|Metagross-Mega|147\/301
|turn|26
|
|move|p1a: Raikou|Volt Switch|p2a: Metagross
|-damage|p2a: Metagross|36\/301
|
|switch|p1a: Gardevoir|Gardevoir-Mega, M|137\/277
|move|p2a: Metagross|Hammer Arm|p1a: Gardevoir
|-resisted|p1a: Gardevoir
|-damage|p1a: Gardevoir|74\/277
|-unboost|p2a: Metagross|spe|1
|
|turn|27
|join|tomi â¥ bello
|join|jefo
|
|move|p2a: Metagross|Bullet Punch|p1a: Gardevoir
|-supereffective|p1a: Gardevoir
|-damage|p1a: Gardevoir|0 fnt
|faint|p1a: Gardevoir
|
|
|switch|p1a: Raikou|Raikou|250\/321
|-ability|p1a: Raikou|Pressure
|turn|28
|
|move|p2a: Metagross|Bullet Punch|p1a: Raikou
|-resisted|p1a: Raikou
|-damage|p1a: Raikou|187\/321
|move|p1a: Raikou|Thunderbolt|p2a: Metagross
|-damage|p2a: Metagross|0 fnt
|faint|p2a: Metagross
|
|
|switch|p2a: Talonflame|Talonflame, F|52\/297
|turn|29
|
|move|p2a: Talonflame|Flare Blitz|p1a: Raikou
|-damage|p1a: Raikou|0 fnt
|-damage|p2a: Talonflame|0 fnt|[from] recoil|[of] p1a: Raikou
|faint|p1a: Raikou
|faint|p2a: Talonflame
|
|win|Reverb
|raw|Ladder updating...
|raw|Reverb's rating: 1725 &rarr; <strong>1738<\/strong><br \/>(+13 for winning)
|raw|beardy man's rating: 1594 &rarr; <strong>1582<\/strong><br \/>(-12 for losing)
|c|âReverb|gg
|c|âbeardy man|gg
|leave|Escavalier
|leave|iplaytennislol
|leave|tomi â¥ bello
|leave|beardy man
|player|p2