|join|jerry85
|join|Richard Starkey
|player|p1|jerry85|267
|player|p2|Richard Starkey|257
|gametype|singles
|gen|6
|tier|OU
|clearpoke
|poke|p1|Thundurus, M, shiny
|poke|p1|Bisharp, F, shiny
|poke|p1|Dragonite, F
|poke|p1|Infernape, F
|poke|p1|Metagross, shiny
|poke|p1|Keldeo-Resolute
|poke|p2|Ferrothorn, F
|poke|p2|Hippowdon, F
|poke|p2|Metagross, shiny
|poke|p2|Mandibuzz, F, shiny
|poke|p2|Salamence, F
|poke|p2|Gliscor, F, shiny
|rule|Swagger Clause: Swagger is banned
|rule|Baton Pass Clause: Limit one PokÃ©mon knowing Baton Pass
|rule|Sleep Clause Mod: Limit one foe put to sleep
|rule|Species Clause: Limit one of each PokÃ©mon
|rule|OHKO Clause: OHKO moves are banned
|rule|Moody Clause: Moody is banned
|rule|Evasion Moves Clause: Evasion moves are banned
|rule|Endless Battle Clause: Forcing endless battles is banned
|rule|HP Percentage Mod: HP is shown in percentages
|teampreview
|
|start
|switch|p1a: Keldeo-Resolute|Keldeo-Resolute|323\/323
|switch|p2a: Solidus Snake|Salamence, F|331\/331
|-ability|p2a: Solidus Snake|Intimidate|[of] p1a: Keldeo-Resolute
|-unboost|p1a: Keldeo-Resolute|atk|1
|turn|1
|
|switch|p1a: Metagross|Metagross, shiny|301\/301
|move|p2a: Solidus Snake|Draco Meteor|p1a: Metagross
|-resisted|p1a: Metagross
|-damage|p1a: Metagross|163\/301
|-unboost|p2a: Solidus Snake|spa|2
|-damage|p2a: Solidus Snake|298\/331|[from] item: Life Orb
|
|turn|2
|
|switch|p1a: Dragonite|Dragonite, F|344\/344
|move|p2a: Solidus Snake|Flamethrower|p1a: Dragonite
|-resisted|p1a: Dragonite
|-damage|p1a: Dragonite|334\/344
|-damage|p2a: Solidus Snake|265\/331|[from] item: Life Orb
|
|-heal|p1a: Dragonite|344\/344|[from] item: Leftovers
|turn|3
|
|move|p2a: Solidus Snake|Draco Meteor|p1a: Dragonite
|-supereffective|p1a: Dragonite
|-damage|p1a: Dragonite|258\/344
|-unboost|p2a: Solidus Snake|spa|2
|-damage|p2a: Solidus Snake|232\/331|[from] item: Life Orb
|move|p1a: Dragonite|Dragon Claw|p2a: Solidus Snake
|-supereffective|p2a: Solidus Snake
|-damage|p2a: Solidus Snake|0 fnt
|faint|p2a: Solidus Snake
|
|-heal|p1a: Dragonite|279\/344|[from] item: Leftovers
|
|switch|p2a: The Fear|Gliscor, F, shiny|291\/291
|turn|4
|
|switch|p1a: Thundurus|Thundurus, M, shiny|301\/301
|move|p2a: The Fear|Protect|p2a: The Fear
|-fail|p2a: The Fear
|
|-status|p2a: The Fear|tox|[from] item: Toxic Orb
|turn|5
|
|move|p2a: The Fear|Protect|p2a: The Fear
|-singleturn|p2a: The Fear|Protect
|move|p1a: Thundurus|Hidden Power|p2a: The Fear
|-activate|p2a: The Fear|Protect
|
|turn|6
|
|move|p1a: Thundurus|Hidden Power|p2a: The Fear
|-supereffective|p2a: The Fear
|-damage|p2a: The Fear|0 fnt
|-damage|p1a: Thundurus|271\/301|[from] item: Life Orb
|faint|p2a: The Fear
|
|
|switch|p2a: Fatman|Hippowdon, F|370\/370
|-weather|Sandstorm
|turn|7
|
|move|p1a: Thundurus|Hidden Power|p2a: Fatman
|-supereffective|p2a: Fatman
|-damage|p2a: Fatman|222\/370
|-damage|p1a: Thundurus|241\/301|[from] item: Life Orb
|move|p2a: Fatman|Stealth Rock|p1a: Thundurus
|-sidestart|p1: jerry85|move: Stealth Rock
|
|-weather|Sandstorm|[upkeep]
|-damage|p1a: Thundurus|223\/301|[from] sandstorm
|-heal|p2a: Fatman|245\/370|[from] item: Leftovers
|turn|8
|
|switch|p2a: Major Zero|Mandibuzz, F, shiny|374\/374
|move|p1a: Thundurus|Hidden Power|p2a: Major Zero
|-supereffective|p2a: Major Zero
|-damage|p2a: Major Zero|202\/374
|-damage|p1a: Thundurus|193\/301|[from] item: Life Orb
|
|-weather|Sandstorm|[upkeep]
|-damage|p1a: Thundurus|175\/301|[from] sandstorm
|-heal|p2a: Major Zero|225\/374|[from] item: Leftovers
|turn|9
|
|move|p1a: Thundurus|Thunderbolt|p2a: Major Zero
|-supereffective|p2a: Major Zero
|-damage|p2a: Major Zero|0 fnt
|-damage|p1a: Thundurus|145\/301|[from] item: Life Orb
|faint|p2a: Major Zero
|
|-weather|Sandstorm|[upkeep]
|-damage|p1a: Thundurus|127\/301|[from] sandstorm
|
|switch|p2a: The End|Ferrothorn, F|289\/289
|-activate|p2a: The End|ability: Anticipation
|turn|10
|
|switch|p1a: Keldeo-Resolute|Keldeo-Resolute|323\/323
|-damage|p1a: Keldeo-Resolute|303\/323|[from] Stealth Rock
|move|p2a: The End|Explosion|p1a: Keldeo-Resolute
|-damage|p1a: Keldeo-Resolute|47\/323
|faint|p2a: The End
|
|-weather|Sandstorm|[upkeep]
|-damage|p1a: Keldeo-Resolute|27\/323|[from] sandstorm
|
|switch|p2a: Big Boss|Metagross, shiny|302\/302
|turn|11
|
|switch|p1a: Bisharp|Bisharp, F, shiny|271\/271
|-damage|p1a: Bisharp|255\/271|[from] Stealth Rock
|detailschange|p2a: Big Boss|Metagross-Mega, shiny
|-mega|p2a: Big Boss|Metagross|Metagrossite
|move|p2a: Big Boss|Earthquake|p1a: Bisharp
|-supereffective|p1a: Bisharp
|-damage|p1a: Bisharp|7\/271
|
|-weather|none
|turn|12
|c|âjerry85|nice predict
|
|move|p1a: Bisharp|Sucker Punch|p2a: Big Boss
|-supereffective|p2a: Big Boss
|-damage|p2a: Big Boss|34\/302
|-damage|p1a: Bisharp|0 fnt|[from] item: Life Orb
|faint|p1a: Bisharp
|move|p2a: Big Boss|Earthquake|p1: Bisharp|[notarget]
|-notarget
|
|c|âRichard Starkey|rayos
|
|switch|p1a: Dragonite|Dragonite, F|279\/344
|-damage|p1a: Dragonite|193\/344|[from] Stealth Rock
|turn|13
|
|move|p2a: Big Boss|Meteor Mash|p1a: Dragonite
|-damage|p1a: Dragonite|0 fnt
|faint|p1a: Dragonite
|
|c|âjerry85|me la juge
|c|âjerry85|joer
|
|switch|p1a: Thundurus|Thundurus, M, shiny|127\/301
|-damage|p1a: Thundurus|52\/301|[from] Stealth Rock
|turn|14
|
|move|p1a: Thundurus|Thunderbolt|p2a: Big Boss
|-damage|p2a: Big Boss|0 fnt
|-damage|p1a: Thundurus|22\/301|[from] item: Life Orb
|faint|p2a: Big Boss
|
|c|âRichard Starkey|coÃ±o
|
|switch|p2a: Fatman|Hippowdon, F|245\/370
|-weather|Sandstorm
|turn|15
|c|âjerry85|el team es muy bueno eh
|c|âjerry85|mucho mejor que el otro
|
|move|p1a: Thundurus|Hidden Power|p2a: Fatman
|-supereffective|p2a: Fatman
|-damage|p2a: Fatman|105\/370
|-damage|p1a: Thundurus|0 fnt|[from] item: Life Orb
|faint|p1a: Thundurus
|move|p2a: Fatman|Slack Off|p2a: Fatman
|-heal|p2a: Fatman|290\/370
|
|-weather|Sandstorm|[upkeep]
|-heal|p2a: Fatman|313\/370|[from] item: Leftovers
|c|âRichard Starkey|con metalgross verdad
|
|switch|p1a: Keldeo-Resolute|Keldeo-Resolute|27\/323
|-damage|p1a: Keldeo-Resolute|7\/323|[from] Stealth Rock
|turn|16
|c|âjerry85|mira me puedes ganar
|c|âRichard Starkey|tal vez
|c|âjerry85|si falla este mov es ggs
|
|move|p1a: Keldeo-Resolute|Hydro Pump|p2a: Fatman|[miss]
|-miss|p1a: Keldeo-Resolute|p2a: Fatman
|move|p2a: Fatman|Slack Off|p2a: Fatman
|-heal|p2a: Fatman|370\/370
|
|-weather|Sandstorm|[upkeep]
|-damage|p1a: Keldeo-Resolute|0 fnt|[from] sandstorm
|faint|p1a: Keldeo-Resolute
|c|âRichard Starkey|siiiiiiiiiiiiiiiiiiiiiiiiiiiiiiiii
|
|switch|p1a: Metagross|Metagross, shiny|163\/301
|-damage|p1a: Metagross|145\/301|[from] Stealth Rock
|turn|17
|
|detailschange|p1a: Metagross|Metagross-Mega, shiny
|-mega|p1a: Metagross|Metagross|Metagrossite
|move|p1a: Metagross|Meteor Mash|p2a: Fatman
|-damage|p2a: Fatman|208\/370
|-boost|p1a: Metagross|atk|1
|move|p2a: Fatman|Earthquake|p1a: Metagross
|-supereffective|p1a: Metagross
|-damage|p1a: Metagross|0 fnt
|faint|p1a: Metagross
|
|-weather|Sandstorm|[upkeep]
|-heal|p2a: Fatman|231\/370|[from] item: Leftovers
|
|switch|p1a: Infernape|Infernape, F|293\/293
|-damage|p1a: Infernape|257\/293|[from] Stealth Rock
|turn|18
|c|âjerry85|bueno, tienes la prueba de que tu team es arrecho
|c|âjerry85|grats
|
|move|p1a: Infernape|Close Combat|p2a: Fatman
|-damage|p2a: Fatman|107\/370
|-unboost|p1a: Infernape|def|1
|-unboost|p1a: Infernape|spd|1
|move|p2a: Fatman|Earthquake|p1a: Infernape
|-supereffective|p1a: Infernape
|-damage|p1a: Infernape|0 fnt
|faint|p1a: Infernape
|
|win|Richard Starkey
|c|âRichard Starkey|verga si. No crei poder llegar a esto :()
|leave|Richard Starkey
|player|p2
|leave|jerry85
|player|p1
|join|ZeklopMercury