|join|jerry85
|join|Seirle
|player|p1|jerry85|267
|player|p2|Seirle|107
|gametype|singles
|gen|6
|tier|OU
|clearpoke
|poke|p1|Thundurus, M
|poke|p1|Bisharp, M
|poke|p1|Dragonite, M
|poke|p1|Infernape, M
|poke|p1|Metagross, shiny
|poke|p1|Keldeo-Resolute
|poke|p2|Clefable, M
|poke|p2|Landorus-Therian, M
|poke|p2|Metagross
|poke|p2|Keldeo
|poke|p2|Latios, M
|poke|p2|Tornadus-Therian, M
|rule|Swagger Clause: Swagger is banned
|rule|Baton Pass Clause: Limit one PokÃ©mon knowing Baton Pass
|rule|Sleep Clause Mod: Limit one foe put to sleep
|rule|Species Clause: Limit one of each PokÃ©mon
|rule|OHKO Clause: OHKO moves are banned
|rule|Moody Clause: Moody is banned
|rule|Evasion Moves Clause: Evasion moves are banned
|rule|Endless Battle Clause: Forcing endless battles is banned
|rule|HP Percentage Mod: HP is shown in percentages
|teampreview
|
|start
|switch|p1a: Keldeo-Resolute|Keldeo-Resolute|323\/323
|switch|p2a: Clefable|Clefable, M|394\/394
|turn|1
|
|move|p1a: Keldeo-Resolute|Hydro Pump|p2a: Clefable
|-damage|p2a: Clefable|144\/394
|move|p2a: Clefable|Thunder Wave|p1a: Keldeo-Resolute
|-status|p1a: Keldeo-Resolute|par
|
|-heal|p2a: Clefable|168\/394|[from] item: Leftovers
|turn|2
|
|switch|p1a: Metagross|Metagross, shiny|301\/301
|move|p2a: Clefable|Soft-Boiled|p2a: Clefable
|-heal|p2a: Clefable|365\/394
|
|-heal|p2a: Clefable|389\/394|[from] item: Leftovers
|turn|3
|
|switch|p1a: Infernape|Infernape, M|293\/293
|switch|p2a: Metagross|Metagross|311\/311
|
|turn|4
|
|switch|p2a: Clefable|Clefable, M|389\/394
|move|p1a: Infernape|Stealth Rock|p2a: Clefable
|-sidestart|p2: Seirle|move: Stealth Rock
|
|-heal|p2a: Clefable|394\/394|[from] item: Leftovers
|turn|5
|
|move|p1a: Infernape|Fire Blast|p2a: Clefable
|-damage|p2a: Clefable|277\/394
|-status|p2a: Clefable|brn
|move|p2a: Clefable|Stealth Rock|p1a: Infernape
|-sidestart|p1: jerry85|move: Stealth Rock
|
|-heal|p2a: Clefable|301\/394 brn|[from] item: Leftovers
|turn|6
|
|move|p1a: Infernape|Close Combat|p2a: Clefable
|-resisted|p2a: Clefable
|-damage|p2a: Clefable|205\/394 brn
|-unboost|p1a: Infernape|def|1
|-unboost|p1a: Infernape|spd|1
|move|p2a: Clefable|Thunder Wave|p1a: Infernape
|-status|p1a: Infernape|par
|
|-heal|p2a: Clefable|229\/394 brn|[from] item: Leftovers
|turn|7
|
|move|p2a: Clefable|Thunder Wave|p1a: Infernape
|-fail|p1a: Infernape|par
|cant|p1a: Infernape|par
|
|-heal|p2a: Clefable|253\/394 brn|[from] item: Leftovers
|turn|8
|
|move|p2a: Clefable|Moonblast|p1a: Infernape
|-damage|p1a: Infernape|91\/293 par
|move|p1a: Infernape|Endeavor|p2a: Clefable
|-damage|p2a: Clefable|91\/394 brn
|
|-heal|p2a: Clefable|115\/394 brn|[from] item: Leftovers
|turn|9
|
|switch|p1a: Metagross|Metagross, shiny|301\/301
|-damage|p1a: Metagross|283\/301|[from] Stealth Rock
|move|p2a: Clefable|Soft-Boiled|p2a: Clefable
|-heal|p2a: Clefable|312\/394 brn
|
|-heal|p2a: Clefable|336\/394 brn|[from] item: Leftovers
|turn|10
|
|switch|p2a: Tornadus-Therian|Tornadus-Therian, M|299\/299
|-damage|p2a: Tornadus-Therian|225\/299|[from] Stealth Rock
|detailschange|p1a: Metagross|Metagross-Mega, shiny
|-mega|p1a: Metagross|Metagross|Metagrossite
|move|p1a: Metagross|Bullet Punch|p2a: Tornadus-Therian
|-damage|p2a: Tornadus-Therian|104\/299
|
|turn|11
|
|switch|p2a: Landorus-Therian|Landorus-Therian, M|339\/339
|-damage|p2a: Landorus-Therian|297\/339|[from] Stealth Rock
|-ability|p2a: Landorus-Therian|Intimidate|[of] p1a: Metagross
|-unboost|p1a: Metagross|atk|1
|move|p1a: Metagross|Meteor Mash|p2a: Landorus-Therian
|-damage|p2a: Landorus-Therian|134\/339
|-boost|p1a: Metagross|atk|1
|
|-heal|p2a: Landorus-Therian|155\/339|[from] item: Leftovers
|turn|12
|
|move|p1a: Metagross|Meteor Mash|p2a: Landorus-Therian
|-damage|p2a: Landorus-Therian|0 fnt
|faint|p2a: Landorus-Therian
|
|
|switch|p2a: Latios|Latios, M|301\/301
|-damage|p2a: Latios|264\/301|[from] Stealth Rock
|turn|13
|
|move|p2a: Latios|Hidden Power|p1a: Metagross
|-supereffective|p1a: Metagross
|-damage|p1a: Metagross|129\/301
|move|p1a: Metagross|Meteor Mash|p2a: Latios
|-damage|p2a: Latios|0 fnt
|faint|p2a: Latios
|
|
|switch|p2a: Metagross|Metagross|311\/311
|-damage|p2a: Metagross|292\/311|[from] Stealth Rock
|turn|14
|
|switch|p1a: Infernape|Infernape, M|91\/293 par
|-damage|p1a: Infernape|55\/293 par|[from] Stealth Rock
|detailschange|p2a: Metagross|Metagross-Mega
|-mega|p2a: Metagross|Metagross|Metagrossite
|move|p2a: Metagross|Agility|p2a: Metagross
|-boost|p2a: Metagross|spe|2
|
|turn|15
|
|move|p2a: Metagross|Meteor Mash|p1a: Infernape
|-resisted|p1a: Infernape
|-damage|p1a: Infernape|0 fnt
|faint|p1a: Infernape
|
|
|switch|p1a: Bisharp|Bisharp, M|271\/271
|-damage|p1a: Bisharp|255\/271|[from] Stealth Rock
|turn|16
|
|move|p1a: Bisharp|Pursuit|p2a: Metagross|[from]Pursuit
|-supereffective|p2a: Metagross
|-damage|p2a: Metagross|48\/311
|-damage|p1a: Bisharp|228\/271|[from] item: Life Orb
|switch|p2a: Keldeo|Keldeo|323\/323
|-damage|p2a: Keldeo|303\/323|[from] Stealth Rock
|
|turn|17
|
|move|p2a: Keldeo|Hydro Pump|p1a: Bisharp
|-crit|p1a: Bisharp
|-damage|p1a: Bisharp|0 fnt
|faint|p1a: Bisharp
|
|
|switch|p1a: Keldeo-Resolute|Keldeo-Resolute|323\/323 par
|-damage|p1a: Keldeo-Resolute|303\/323 par|[from] Stealth Rock
|turn|18
|
|switch|p2a: Clefable|Clefable, M|336\/394 brn
|move|p1a: Keldeo-Resolute|Hidden Power|p2a: Clefable
|-damage|p2a: Clefable|236\/394 brn
|
|-heal|p2a: Clefable|260\/394 brn|[from] item: Leftovers
|turn|19
|
|switch|p1a: Metagross|Metagross-Mega, shiny|129\/301
|-damage|p1a: Metagross|111\/301|[from] Stealth Rock
|move|p2a: Clefable|Moonblast|p1a: Metagross
|-resisted|p1a: Metagross
|-damage|p1a: Metagross|60\/301
|
|-heal|p2a: Clefable|284\/394 brn|[from] item: Leftovers
|turn|20
|
|switch|p2a: Metagross|Metagross-Mega|48\/311
|-damage|p2a: Metagross|29\/311|[from] Stealth Rock
|move|p1a: Metagross|Meteor Mash|p2a: Metagross
|-resisted|p2a: Metagross
|-damage|p2a: Metagross|0 fnt
|-boost|p1a: Metagross|atk|1
|faint|p2a: Metagross
|
|
|switch|p2a: Keldeo|Keldeo|303\/323
|-damage|p2a: Keldeo|283\/323|[from] Stealth Rock
|turn|21
|
|move|p1a: Metagross|Bullet Punch|p2a: Keldeo
|-resisted|p2a: Keldeo
|-damage|p2a: Keldeo|204\/323
|move|p2a: Keldeo|Scald|p1a: Metagross
|-damage|p1a: Metagross|0 fnt
|faint|p1a: Metagross
|
|
|switch|p1a: Keldeo-Resolute|Keldeo-Resolute|303\/323 par
|-damage|p1a: Keldeo-Resolute|283\/323 par|[from] Stealth Rock
|turn|22
|
|move|p2a: Keldeo|Scald|p1a: Keldeo-Resolute
|-resisted|p1a: Keldeo-Resolute
|-damage|p1a: Keldeo-Resolute|166\/323 par
|move|p1a: Keldeo-Resolute|Hydro Pump|p2a: Keldeo
|-resisted|p2a: Keldeo
|-damage|p2a: Keldeo|42\/323
|
|turn|23
|
|move|p2a: Keldeo|Scald|p1a: Keldeo-Resolute
|-resisted|p1a: Keldeo-Resolute
|-damage|p1a: Keldeo-Resolute|49\/323 par
|move|p1a: Keldeo-Resolute|Hydro Pump|p2a: Keldeo
|-resisted|p2a: Keldeo
|-damage|p2a: Keldeo|0 fnt
|faint|p2a: Keldeo
|
|
|switch|p2a: Tornadus-Therian|Tornadus-Therian, M|203\/299
|-damage|p2a: Tornadus-Therian|129\/299|[from] Stealth Rock
|turn|24
|
|move|p2a: Tornadus-Therian|Air Slash|p1a: Keldeo-Resolute
|-supereffective|p1a: Keldeo-Resolute
|-damage|p1a: Keldeo-Resolute|0 fnt
|-damage|p2a: Tornadus-Therian|100\/299|[from] item: Life Orb
|faint|p1a: Keldeo-Resolute
|
|
|switch|p1a: Dragonite|Dragonite, M|385\/385
|-damage|p1a: Dragonite|289\/385|[from] Stealth Rock
|turn|25
|
|switch|p2a: Clefable|Clefable, M|284\/394 brn
|move|p1a: Dragonite|Extreme Speed|p2a: Clefable
|-damage|p2a: Clefable|106\/394 brn
|
|-heal|p2a: Clefable|130\/394 brn|[from] item: Leftovers
|turn|26
|
|move|p1a: Dragonite|Extreme Speed|p2a: Clefable
|-damage|p2a: Clefable|0 fnt
|faint|p2a: Clefable
|
|
|switch|p2a: Tornadus-Therian|Tornadus-Therian, M|199\/299
|-damage|p2a: Tornadus-Therian|125\/299|[from] Stealth Rock
|turn|27
|c|âSeirle|gg
|
|move|p1a: Dragonite|Extreme Speed|p2a: Tornadus-Therian
|-damage|p2a: Tornadus-Therian|0 fnt
|faint|p2a: Tornadus-Therian
|
|win|jerry85
|c|âjerry85|gg!
|c|âjerry85|xd
|leave|Seirle
|c|âjerry85|pensaba que perderia
|player|p2