|join|jerry85
|join|Goingoian
|player|p1|jerry85|135
|player|p2|Goingoian|193
|gametype|singles
|gen|6
|tier|OU
|clearpoke
|poke|p1|Sableye, F
|poke|p1|Excadrill, F
|poke|p1|Manaphy
|poke|p1|Gliscor, F
|poke|p1|Talonflame, M
|poke|p1|Clefable, M
|poke|p2|Gallade, M
|poke|p2|Zapdos
|poke|p2|Landorus-Therian, M
|poke|p2|Slowbro, F
|poke|p2|Heatran, F
|poke|p2|Bisharp, M
|rule|Swagger Clause: Swagger is banned
|rule|Baton Pass Clause: Limit one PokÃ©mon knowing Baton Pass
|rule|Sleep Clause Mod: Limit one foe put to sleep
|rule|Species Clause: Limit one of each PokÃ©mon
|rule|OHKO Clause: OHKO moves are banned
|rule|Moody Clause: Moody is banned
|rule|Evasion Moves Clause: Evasion moves are banned
|rule|Endless Battle Clause: Forcing endless battles is banned
|rule|HP Percentage Mod: HP is shown in percentages
|teampreview
|
|start
|switch|p1a: Sableye|Sableye, F|303\/303
|switch|p2a: Zapdos|Zapdos|379\/379
|-ability|p2a: Zapdos|Pressure
|turn|1
|
|detailschange|p1a: Sableye|Sableye-Mega, F
|-mega|p1a: Sableye|Sableye|Sablenite
|move|p2a: Zapdos|Volt Switch|p1a: Sableye
|-damage|p1a: Sableye|239\/303
|
|switch|p2a: Slowbro|Slowbro, F|393\/393
|move|p1a: Sableye|Knock Off|p2a: Slowbro
|-supereffective|p2a: Slowbro
|-damage|p2a: Slowbro|253\/393
|-enditem|p2a: Slowbro|Leftovers|[from] move: Knock Off|[of] p1a: Sableye
|
|turn|2
|
|move|p2a: Slowbro|Thunder Wave|p1a: Sableye
|move|p1a: Sableye|Thunder Wave|p2a: Slowbro|[from]Magic Bounce
|-status|p2a: Slowbro|par
|move|p1a: Sableye|Recover|p1a: Sableye
|-heal|p1a: Sableye|303\/303
|
|turn|3
|c|âGoingoian|Que fallo
|c|âGoingoian|Se me olvido la habilidad jajajaja
|c|âjerry85|xD
|
|move|p1a: Sableye|Knock Off|p2a: Slowbro
|-supereffective|p2a: Slowbro
|-damage|p2a: Slowbro|155\/393 par
|cant|p2a: Slowbro|par
|
|turn|4
|
|switch|p2a: Heatran|Heatran, F|379\/379
|move|p1a: Sableye|Foul Play|p2a: Heatran
|-damage|p2a: Heatran|292\/379
|
|-heal|p2a: Heatran|315\/379|[from] item: Leftovers
|turn|5
|
|move|p2a: Heatran|Stealth Rock|p1a: Sableye
|move|p1a: Sableye|Stealth Rock|p2a: Heatran|[from]Magic Bounce
|-sidestart|p2: Goingoian|move: Stealth Rock
|move|p1a: Sableye|Knock Off|p2a: Heatran
|-damage|p2a: Heatran|216\/379
|-enditem|p2a: Heatran|Leftovers|[from] move: Knock Off|[of] p1a: Sableye
|
|turn|6
|c|âjerry85|otra vez, o mal predict?
|c|âGoingoian|Mal predict
|
|move|p2a: Heatran|Lava Plume|p1a: Sableye
|-damage|p1a: Sableye|227\/303
|move|p1a: Sableye|Foul Play|p2a: Heatran
|-damage|p2a: Heatran|128\/379
|
|turn|7
|
|move|p2a: Heatran|Lava Plume|p1a: Sableye
|-damage|p1a: Sableye|154\/303
|move|p1a: Sableye|Recover|p1a: Sableye
|-heal|p1a: Sableye|303\/303
|
|turn|8
|
|switch|p1a: Manaphy|Manaphy|401\/401
|move|p2a: Heatran|Lava Plume|p1a: Manaphy
|-resisted|p1a: Manaphy
|-damage|p1a: Manaphy|362\/401
|-status|p1a: Manaphy|brn
|
|-heal|p1a: Manaphy|387\/401 brn|[from] item: Leftovers
|-damage|p1a: Manaphy|337\/401 brn|[from] brn
|turn|9
|
|move|p1a: Manaphy|Scald|p2a: Heatran
|-supereffective|p2a: Heatran
|-damage|p2a: Heatran|0 fnt
|faint|p2a: Heatran
|
|-heal|p1a: Manaphy|362\/401 brn|[from] item: Leftovers
|-damage|p1a: Manaphy|312\/401 brn|[from] brn
|
|switch|p2a: Gallade|Gallade, M|277\/277
|-damage|p2a: Gallade|260\/277|[from] Stealth Rock
|turn|10
|
|detailschange|p2a: Gallade|Gallade-Mega, M
|-mega|p2a: Gallade|Gallade|Galladite
|move|p2a: Gallade|Close Combat|p1a: Manaphy
|-damage|p1a: Manaphy|72\/401 brn
|-unboost|p2a: Gallade|def|1
|-unboost|p2a: Gallade|spd|1
|move|p1a: Manaphy|Scald|p2a: Gallade
|-damage|p2a: Gallade|134\/277
|
|-heal|p1a: Manaphy|97\/401 brn|[from] item: Leftovers
|-damage|p1a: Manaphy|47\/401 brn|[from] brn
|turn|11
|
|switch|p1a: Sableye|Sableye-Mega, F|303\/303
|move|p2a: Gallade|Ice Punch|p1a: Sableye
|-damage|p1a: Sableye|213\/303
|
|turn|12
|
|switch|p2a: Slowbro|Slowbro, F|286\/393 par
|-damage|p2a: Slowbro|237\/393 par|[from] Stealth Rock
|move|p1a: Sableye|Will-O-Wisp|p2a: Slowbro
|-fail|p2a: Slowbro
|
|turn|13
|
|switch|p1a: Clefable|Clefable, M|393\/393
|move|p2a: Slowbro|Scald|p1a: Clefable
|-damage|p1a: Clefable|297\/393
|-status|p1a: Clefable|brn
|
|-heal|p1a: Clefable|321\/393 brn|[from] item: Leftovers
|-damage|p1a: Clefable|272\/393 brn|[from] brn
|turn|14
|
|move|p1a: Clefable|Aromatherapy|p1a: Clefable
|-cureteam|p1a: Clefable|[from] move: Aromatherapy
|move|p2a: Slowbro|Psyshock|p1a: Clefable
|-damage|p1a: Clefable|169\/393
|
|-heal|p1a: Clefable|193\/393|[from] item: Leftovers
|turn|15
|
|move|p1a: Clefable|Moonlight|p1a: Clefable
|-heal|p1a: Clefable|389\/393
|cant|p2a: Slowbro|par
|
|-heal|p1a: Clefable|393\/393|[from] item: Leftovers
|turn|16
|
|move|p1a: Clefable|Moonblast|p2a: Slowbro
|-damage|p2a: Slowbro|119\/393 par
|cant|p2a: Slowbro|par
|
|turn|17
|
|switch|p1a: Manaphy|Manaphy|47\/401
|switch|p2a: Zapdos|Zapdos|379\/379
|-damage|p2a: Zapdos|285\/379|[from] Stealth Rock
|-ability|p2a: Zapdos|Pressure
|
|-heal|p2a: Zapdos|308\/379|[from] item: Leftovers
|-heal|p1a: Manaphy|72\/401|[from] item: Leftovers
|turn|18
|
|switch|p1a: Excadrill|Excadrill, F|424\/424
|-ability|p1a: Excadrill|Mold Breaker
|move|p2a: Zapdos|Volt Switch|p1a: Excadrill
|-immune|p1a: Excadrill|[msg]
|
|-heal|p2a: Zapdos|331\/379|[from] item: Leftovers
|turn|19
|
|move|p2a: Zapdos|Hidden Power|p1a: Excadrill
|-damage|p1a: Excadrill|369\/424
|move|p1a: Excadrill|Toxic|p2a: Zapdos
|-status|p2a: Zapdos|tox
|
|-heal|p2a: Zapdos|354\/379 tox|[from] item: Leftovers
|-heal|p1a: Excadrill|395\/424|[from] item: Leftovers
|-damage|p2a: Zapdos|331\/379 tox|[from] psn
|turn|20
|
|move|p2a: Zapdos|Defog|p1a: Excadrill
|-unboost|p1a: Excadrill|evasion|1
|-sideend|p2: Goingoian|Stealth Rock|[from] move: Defog|[of] p2a: Zapdos
|move|p1a: Excadrill|Earthquake|p2a: Zapdos
|-immune|p2a: Zapdos|[msg]
|
|-heal|p2a: Zapdos|354\/379 tox|[from] item: Leftovers
|-heal|p1a: Excadrill|421\/424|[from] item: Leftovers
|-damage|p2a: Zapdos|308\/379 tox|[from] psn
|turn|21
|
|switch|p2a: Landorus-Therian|Landorus-Therian, M|319\/319
|-ability|p2a: Landorus-Therian|Intimidate|[of] p1a: Excadrill
|-unboost|p1a: Excadrill|atk|1
|move|p1a: Excadrill|Toxic|p2a: Landorus-Therian
|-status|p2a: Landorus-Therian|tox
|
|-heal|p1a: Excadrill|424\/424|[from] item: Leftovers
|-damage|p2a: Landorus-Therian|300\/319 tox|[from] psn
|turn|22
|
|switch|p1a: Sableye|Sableye-Mega, F|213\/303
|move|p2a: Landorus-Therian|Knock Off|p1a: Sableye
|-damage|p1a: Sableye|148\/303
|
|-damage|p2a: Landorus-Therian|262\/319 tox|[from] psn
|turn|23
|
|move|p2a: Landorus-Therian|Knock Off|p1a: Sableye
|-damage|p1a: Sableye|83\/303
|move|p1a: Sableye|Recover|p1a: Sableye
|-heal|p1a: Sableye|235\/303
|
|-damage|p2a: Landorus-Therian|205\/319 tox|[from] psn
|turn|24
|
|switch|p2a: Slowbro|Slowbro, F|250\/393 par
|move|p1a: Sableye|Recover|p1a: Sableye
|-heal|p1a: Sableye|303\/303
|
|turn|25
|c|âGoingoian|Lo tengo chungo por los cambios de estado
|
|switch|p1a: Manaphy|Manaphy|72\/401
|move|p2a: Slowbro|Scald|p1a: Manaphy
|-crit|p1a: Manaphy
|-resisted|p1a: Manaphy
|-damage|p1a: Manaphy|19\/401
|
|-heal|p1a: Manaphy|44\/401|[from] item: Leftovers
|turn|26
|
|move|p1a: Manaphy|Rest|p1a: Manaphy
|-status|p1a: Manaphy|slp
|-heal|p1a: Manaphy|401\/401 slp|[silent]
|-status|p1a: Manaphy|slp|[from] move: Rest
|cant|p2a: Slowbro|par
|
|turn|27
|
|switch|p1a: Clefable|Clefable, M|393\/393
|switch|p2a: Landorus-Therian|Landorus-Therian, M|205\/319 tox
|-ability|p2a: Landorus-Therian|Intimidate|[of] p1a: Clefable
|-unboost|p1a: Clefable|atk|1
|
|-damage|p2a: Landorus-Therian|186\/319 tox|[from] psn
|turn|28
|
|move|p2a: Landorus-Therian|Earthquake|p1a: Clefable
|-damage|p1a: Clefable|194\/393
|move|p1a: Clefable|Aromatherapy|p1a: Clefable
|-cureteam|p1a: Clefable|[from] move: Aromatherapy
|
|-heal|p1a: Clefable|218\/393|[from] item: Leftovers
|-damage|p2a: Landorus-Therian|148\/319 tox|[from] psn
|turn|29
|
|switch|p1a: Talonflame|Talonflame, M|345\/345
|move|p2a: Landorus-Therian|Earthquake|p1a: Talonflame
|-immune|p1a: Talonflame|[msg]
|
|-damage|p2a: Landorus-Therian|91\/319 tox|[from] psn
|turn|30
|c|âGoingoian|Tienes un buen equipo
|
|switch|p2a: Slowbro|Slowbro, F|381\/393 par
|move|p1a: Talonflame|Taunt|p2a: Slowbro
|-start|p2a: Slowbro|move: Taunt
|
|turn|31
|c|âGoingoian|Muy compenetrado
|c|âjerry85|este es el mejor que tengo...
|c|âGoingoian|Es realmente bueno si jajaja
|
|switch|p1a: Clefable|Clefable, M|218\/393
|move|p2a: Slowbro|Scald|p1a: Clefable
|-damage|p1a: Clefable|127\/393
|
|-heal|p1a: Clefable|151\/393|[from] item: Leftovers
|turn|32
|
|move|p1a: Clefable|Moonlight|p1a: Clefable
|-heal|p1a: Clefable|347\/393
|cant|p2a: Slowbro|par
|
|-heal|p1a: Clefable|371\/393|[from] item: Leftovers
|turn|33
|
|move|p1a: Clefable|Moonblast|p2a: Slowbro
|-damage|p2a: Slowbro|254\/393 par
|move|p2a: Slowbro|Scald|p1a: Clefable
|-damage|p1a: Clefable|278\/393
|
|-heal|p1a: Clefable|302\/393|[from] item: Leftovers
|-end|p2a: Slowbro|move: Taunt
|turn|34
|
|switch|p1a: Manaphy|Manaphy|401\/401
|move|p2a: Slowbro|Scald|p1a: Manaphy
|-resisted|p1a: Manaphy
|-damage|p1a: Manaphy|368\/401
|-status|p1a: Manaphy|brn
|
|-heal|p1a: Manaphy|393\/401 brn|[from] item: Leftovers
|-damage|p1a: Manaphy|343\/401 brn|[from] brn
|turn|35
|
|move|p1a: Manaphy|Rain Dance|p1a: Manaphy
|-weather|RainDance
|move|p2a: Slowbro|Psyshock|p1a: Manaphy
|-damage|p1a: Manaphy|253\/401 brn
|
|-weather|RainDance|[upkeep]
|-curestatus|p1a: Manaphy|brn
|-heal|p1a: Manaphy|278\/401|[from] item: Leftovers
|turn|36
|
|move|p1a: Manaphy|Scald|p2a: Slowbro
|-resisted|p2a: Slowbro
|-damage|p2a: Slowbro|177\/393 par
|move|p2a: Slowbro|Psyshock|p1a: Manaphy
|-damage|p1a: Manaphy|179\/401
|
|-weather|RainDance|[upkeep]
|-heal|p1a: Manaphy|204\/401|[from] item: Leftovers
|turn|37
|
|move|p1a: Manaphy|Rest|p1a: Manaphy
|-status|p1a: Manaphy|slp
|-heal|p1a: Manaphy|401\/401 slp|[silent]
|-status|p1a: Manaphy|slp|[from] move: Rest
|move|p2a: Slowbro|Psyshock|p1a: Manaphy
|-damage|p1a: Manaphy|311\/401 slp
|
|-weather|RainDance|[upkeep]
|-curestatus|p1a: Manaphy|slp
|-heal|p1a: Manaphy|336\/401|[from] item: Leftovers
|turn|38
|
|move|p1a: Manaphy|Scald|p2a: Slowbro
|-crit|p2a: Slowbro
|-resisted|p2a: Slowbro
|-damage|p2a: Slowbro|40\/393 par
|move|p2a: Slowbro|Psyshock|p1a: Manaphy
|-damage|p1a: Manaphy|233\/401
|
|-weather|RainDance|[upkeep]
|-heal|p1a: Manaphy|258\/401|[from] item: Leftovers
|turn|39
|
|move|p1a: Manaphy|Scald|p2a: Slowbro
|-resisted|p2a: Slowbro
|-damage|p2a: Slowbro|0 fnt
|faint|p2a: Slowbro
|
|-weather|none
|-heal|p1a: Manaphy|283\/401|[from] item: Leftovers
|
|switch|p2a: Bisharp|Bisharp, M|291\/291
|turn|40
|c|âjerry85|bueh, murio el mas annoyer de tu team
|
|switch|p1a: Sableye|Sableye-Mega, F|303\/303
|move|p2a: Bisharp|Knock Off|p1a: Sableye
|-damage|p1a: Sableye|192\/303
|
|turn|41
|c|âGoingoian|jajajajaja
|
|switch|p1a: Gliscor|Gliscor, F|353\/353
|move|p2a: Bisharp|Iron Head|p1a: Gliscor
|-crit|p1a: Gliscor
|-damage|p1a: Gliscor|202\/353
|
|-status|p1a: Gliscor|tox|[from] item: Toxic Orb
|turn|42
|
|move|p1a: Gliscor|Stealth Rock|p2a: Bisharp
|-sidestart|p2: Goingoian|move: Stealth Rock
|move|p2a: Bisharp|Iron Head|p1a: Gliscor
|-damage|p1a: Gliscor|115\/353 tox
|
|-heal|p1a: Gliscor|159\/353 tox|[from] ability: Poison Heal
|turn|43
|
|move|p1a: Gliscor|Earthquake|p2a: Bisharp
|-crit|p2a: Bisharp
|-supereffective|p2a: Bisharp
|-damage|p2a: Bisharp|0 fnt
|faint|p2a: Bisharp
|
|-heal|p1a: Gliscor|203\/353 tox|[from] ability: Poison Heal
|c|âjerry85|sorry
|c|âjerry85|critics..
|c|âGoingoian|No importa, no vas a ganar por eso jajaja
|c|âjerry85|sÃ­ pues
|c|âjerry85|jaja
|
|switch|p2a: Gallade|Gallade-Mega, M|134\/277
|-damage|p2a: Gallade|117\/277|[from] Stealth Rock
|turn|44
|
|switch|p1a: Talonflame|Talonflame, M|345\/345
|move|p2a: Gallade|Ice Punch|p1a: Talonflame
|-damage|p1a: Talonflame|197\/345
|
|-heal|p1a: Talonflame|218\/345|[from] item: Leftovers
|turn|45
|
|move|p1a: Talonflame|Brave Bird|p2a: Gallade
|-supereffective|p2a: Gallade
|-damage|p2a: Gallade|0 fnt
|-damage|p1a: Talonflame|179\/345|[from] recoil|[of] p2a: Gallade
|faint|p2a: Gallade
|
|-heal|p1a: Talonflame|200\/345|[from] item: Leftovers
|c|âGoingoian|GG
|c|âjerry85|gg
|
|switch|p2a: Landorus-Therian|Landorus-Therian, M|91\/319 tox
|-damage|p2a: Landorus-Therian|52\/319 tox|[from] Stealth Rock
|-ability|p2a: Landorus-Therian|Intimidate|[of] p1a: Talonflame
|-unboost|p1a: Talonflame|atk|1
|turn|46
|c|âGoingoian|Pues tu 2
|c|âGoingoian|y yo 1
|c|âjerry85|sÃ­...
|c|âGoingoian|Ahora lo anunciamos por el tema
|
|move|p1a: Talonflame|Brave Bird|p2a: Landorus-Therian
|-damage|p2a: Landorus-Therian|0 fnt
|-damage|p1a: Talonflame|183\/345|[from] recoil|[of] p2a: Landorus-Therian
|faint|p2a: Landorus-Therian
|
|-heal|p1a: Talonflame|204\/345|[from] item: Leftovers
|
|switch|p2a: Zapdos|Zapdos|308\/379 tox
|-damage|p2a: Zapdos|214\/379 tox|[from] Stealth Rock
|-ability|p2a: Zapdos|Pressure
|turn|47
|
|switch|p1a: Clefable|Clefable, M|302\/393
|move|p2a: Zapdos|Volt Switch|p1a: Clefable
|-damage|p1a: Clefable|202\/393
|
|-heal|p2a: Zapdos|237\/379 tox|[from] item: Leftovers
|-heal|p1a: Clefable|226\/393|[from] item: Leftovers
|-damage|p2a: Zapdos|214\/379 tox|[from] psn
|turn|48
|
|move|p2a: Zapdos|Volt Switch|p1a: Clefable
|-damage|p1a: Clefable|132\/393
|move|p1a: Clefable|Moonlight|p1a: Clefable
|-heal|p1a: Clefable|328\/393
|
|-heal|p2a: Zapdos|237\/379 tox|[from] item: Leftovers
|-heal|p1a: Clefable|352\/393|[from] item: Leftovers
|-damage|p2a: Zapdos|191\/379 tox|[from] psn
|turn|49
|
|move|p2a: Zapdos|Volt Switch|p1a: Clefable
|-crit|p1a: Clefable
|-damage|p1a: Clefable|208\/393
|move|p1a: Clefable|Moonlight|p1a: Clefable
|-heal|p1a: Clefable|393\/393
|
|-heal|p2a: Zapdos|214\/379 tox|[from] item: Leftovers
|-damage|p2a: Zapdos|145\/379 tox|[from] psn
|turn|50
|
|move|p2a: Zapdos|Volt Switch|p1a: Clefable
|-damage|p1a: Clefable|303\/393
|move|p1a: Clefable|Calm Mind|p1a: Clefable
|-boost|p1a: Clefable|spa|1
|-boost|p1a: Clefable|spd|1
|
|-heal|p2a: Zapdos|168\/379 tox|[from] item: Leftovers
|-heal|p1a: Clefable|327\/393|[from] item: Leftovers
|-damage|p2a: Zapdos|76\/379 tox|[from] psn
|turn|51
|
|move|p2a: Zapdos|Volt Switch|p1a: Clefable
|-damage|p1a: Clefable|269\/393
|move|p1a: Clefable|Moonblast|p2a: Zapdos
|-crit|p2a: Zapdos
|-damage|p2a: Zapdos|0 fnt
|faint|p2a: Zapdos
|
|win|jerry85
|c|âjerry85|ggs