|join|jerry85
|join|pelant
|player|p1|jerry85|267
|player|p2|pelant|169
|gametype|singles
|gen|6
|tier|OU
|clearpoke
|poke|p1|Sharpedo, M
|poke|p1|Machamp, M
|poke|p1|Reuniclus, M, shiny
|poke|p1|Froslass, F
|poke|p1|Swampert, M
|poke|p1|Spiritomb, M, shiny
|poke|p2|Tyranitar, M
|poke|p2|Cloyster, F
|poke|p2|Kyurem-Black
|poke|p2|Meganium, F
|poke|p2|Typhlosion, M
|poke|p2|Electivire, M
|rule|Swagger Clause: Swagger is banned
|rule|Baton Pass Clause: Limit one PokÃ©mon knowing Baton Pass
|rule|Sleep Clause Mod: Limit one foe put to sleep
|rule|Species Clause: Limit one of each PokÃ©mon
|rule|OHKO Clause: OHKO moves are banned
|rule|Moody Clause: Moody is banned
|rule|Evasion Moves Clause: Evasion moves are banned
|rule|Endless Battle Clause: Forcing endless battles is banned
|rule|HP Percentage Mod: HP is shown in percentages
|teampreview
|join|ZeklopMercury
|
|start
|switch|p1a: Froslass|Froslass, F|344\/344
|switch|p2a: Typhlosion|Typhlosion, M|313\/313
|turn|1
|c|âjerry85|gl hf
|c| ZeklopMercury|que significa hf?
|
|move|p1a: Froslass|Spikes|p2a: Typhlosion
|-sidestart|p2: pelant|Spikes
|move|p2a: Typhlosion|Fire Blast|p1a: Froslass
|-supereffective|p1a: Froslass
|-enditem|p1a: Froslass|Focus Sash
|-damage|p1a: Froslass|1\/344
|
|turn|2
|
|move|p1a: Froslass|Destiny Bond|p1a: Froslass
|-singlemove|p1a: Froslass|Destiny Bond
|move|p2a: Typhlosion|Earthquake|p1a: Froslass
|-damage|p1a: Froslass|0 fnt
|faint|p1a: Froslass
|-activate|p1a: Froslass|Destiny Bond
|faint|p2a: Typhlosion
|
|c|âpelant|hidrogeno y fluor
|c|âjerry85|have fun
|
|switch|p2a: Meganium|Meganium, F|329\/329
|switch|p1a: Swampert|Swampert, M|403\/403
|-damage|p2a: Meganium|288\/329|[from] Spikes
|turn|3
|c| ZeklopMercury|gl debe ser good luck
|c|âpelant|o fluoruro de hidrogeno o acido fluorhidrico
|c| ZeklopMercury|me lo dicen a cada rato
|c|âjerry85|give luck
|c| ZeklopMercury|jaja
|c|âjerry85|xd
|c|âjerry85|verga que predictt
|c|âpelant|g es gravedad y l significa recta
|c| ZeklopMercury|que team es ese
|c| ZeklopMercury|anithing goes
|c| ZeklopMercury|?
|c| ZeklopMercury|anything"
|c|âjerry85|el mio?
|c| ZeklopMercury|si
|c|âjerry85|una loco
|c| ZeklopMercury|ah ya uu
|c|âjerry85|uno*
|
|switch|p1a: Reuniclus|Reuniclus, M, shiny|409\/409
|move|p2a: Meganium|Leaf Storm|p1a: Reuniclus
|-damage|p1a: Reuniclus|232\/409
|-unboost|p2a: Meganium|spa|2
|
|-heal|p2a: Meganium|308\/329|[from] item: Leftovers
|turn|4
|c|âjerry85|seguro pierdo
|c|âjerry85|pero bah
|c| ZeklopMercury|pero frooslass no me cuadra
|
|move|p2a: Meganium|Leaf Storm|p1a: Reuniclus
|-damage|p1a: Reuniclus|148\/409
|-unboost|p2a: Meganium|spa|2
|move|p1a: Reuniclus|Trick Room|p1a: Reuniclus
|-fieldstart|move: Trick Room|[of] p1a: Reuniclus
|
|-heal|p2a: Meganium|328\/329|[from] item: Leftovers
|turn|5
|
|move|p1a: Reuniclus|Psyshock|p2a: Meganium
|-damage|p2a: Meganium|145\/329
|move|p2a: Meganium|Energy Ball|p1a: Reuniclus
|-damage|p1a: Reuniclus|112\/409
|
|-heal|p2a: Meganium|165\/329|[from] item: Leftovers
|turn|6
|
|move|p1a: Reuniclus|Psyshock|p2a: Meganium
|-damage|p2a: Meganium|0 fnt
|faint|p2a: Meganium
|
|
|switch|p2a: Electivire|Electivire, M|305\/305
|-damage|p2a: Electivire|267\/305|[from] Spikes
|turn|7
|
|move|p1a: Reuniclus|Psyshock|p2a: Electivire
|-damage|p2a: Electivire|25\/305
|move|p2a: Electivire|Thunderbolt|p1a: Reuniclus
|-damage|p1a: Reuniclus|0 fnt
|faint|p1a: Reuniclus
|
|-heal|p2a: Electivire|44\/305|[from] item: Leftovers
|
|switch|p1a: Spiritomb|Spiritomb, M, shiny|294\/294
|turn|8
|c| ZeklopMercury|reuniclus es una maquina
|c| ZeklopMercury|en trick
|
|move|p1a: Spiritomb|Sucker Punch|p2a: Electivire
|-damage|p2a: Electivire|0 fnt
|faint|p2a: Electivire
|
|-fieldend|move: Trick Room
|c|âjerry85|se
|
|switch|p2a: Kyurem-Black|Kyurem-Black|413\/413
|-damage|p2a: Kyurem-Black|362\/413|[from] Spikes
|-ability|p2a: Kyurem-Black|Teravolt
|turn|9
|c|âjerry85|gg.
|c| ZeklopMercury|o los pokes de angelo estan jodidos
|c| ZeklopMercury|XD
|c|âjerry85|a verdad  q este kyurem es especial ...
|c|âjerry85|pues aun no es gg.
|c| ZeklopMercury|angelo vete los videos que este uziel te mado
|
|move|p2a: Kyurem-Black|Ice Beam|p1a: Spiritomb
|-damage|p1a: Spiritomb|171\/294
|move|p1a: Spiritomb|Will-O-Wisp|p2a: Kyurem-Black
|-status|p2a: Kyurem-Black|brn
|
|-damage|p2a: Kyurem-Black|311\/413 brn|[from] brn
|turn|10
|c| ZeklopMercury|mando
|
|switch|p1a: Sharpedo|Sharpedo, M|281\/281
|move|p2a: Kyurem-Black|Ice Beam|p1a: Sharpedo
|-resisted|p1a: Sharpedo
|-damage|p1a: Sharpedo|150\/281
|
|-damage|p2a: Kyurem-Black|260\/413 brn|[from] brn
|turn|11
|c| ZeklopMercury|y si quieres te ayudamos a hacer el team
|
|detailschange|p1a: Sharpedo|Sharpedo-Mega, M
|-mega|p1a: Sharpedo|Sharpedo|Sharpedonite
|move|p1a: Sharpedo|Protect|p1a: Sharpedo
|-singleturn|p1a: Sharpedo|Protect
|move|p2a: Kyurem-Black|Draco Meteor|p1a: Sharpedo
|-activate|p1a: Sharpedo|Protect
|
|-damage|p2a: Kyurem-Black|209\/413 brn|[from] brn
|turn|12
|c|âjerry85|ups
|c|âjerry85|costumbre
|c| ZeklopMercury|boost?
|c|âjerry85|de mega-evolucionar al tiro
|c|âpelant|que sharpedo tan feo
|c| ZeklopMercury|a ugly one
|
|move|p1a: Sharpedo|Crunch|p2a: Kyurem-Black
|-damage|p2a: Kyurem-Black|0 fnt
|faint|p2a: Kyurem-Black
|
|c| ZeklopMercury|peor es el rosado
|
|switch|p2a: Tyranitar|Tyranitar, M|360\/360
|-damage|p2a: Tyranitar|315\/360|[from] Spikes
|-weather|Sandstorm
|turn|13
|c|âjerry85|jaja horrible
|
|move|p1a: Sharpedo|Protect|p1a: Sharpedo
|-singleturn|p1a: Sharpedo|Protect
|move|p2a: Tyranitar|Thunder|p1a: Sharpedo
|-activate|p1a: Sharpedo|Protect
|
|-weather|Sandstorm|[upkeep]
|-damage|p1a: Sharpedo|133\/281|[from] sandstorm
|-heal|p2a: Tyranitar|337\/360|[from] item: Leftovers
|turn|14
|
|move|p1a: Sharpedo|Waterfall|p2a: Tyranitar
|-supereffective|p2a: Tyranitar
|-damage|p2a: Tyranitar|53\/360
|move|p2a: Tyranitar|Thunder|p1a: Sharpedo
|-supereffective|p1a: Sharpedo
|-damage|p1a: Sharpedo|0 fnt
|faint|p1a: Sharpedo
|
|-weather|Sandstorm|[upkeep]
|-heal|p2a: Tyranitar|75\/360|[from] item: Leftovers
|c| ZeklopMercury|aunque yo tengo uno pero por la fiebre del shiny
|c| ZeklopMercury|lol
|
|switch|p1a: Machamp|Machamp, M|364\/364
|turn|15
|c| ZeklopMercury|es el scarf?
|
|move|p1a: Machamp|Bullet Punch|p2a: Tyranitar
|-supereffective|p2a: Tyranitar
|-damage|p2a: Tyranitar|0 fnt
|faint|p2a: Tyranitar
|
|-weather|Sandstorm|[upkeep]
|-damage|p1a: Machamp|342\/364|[from] sandstorm
|c| ZeklopMercury|nope
|
|switch|p2a: Cloyster|Cloyster, F|261\/261
|-damage|p2a: Cloyster|229\/261|[from] Spikes
|turn|16
|
|move|p2a: Cloyster|Icicle Crash|p1a: Machamp
|-damage|p1a: Machamp|192\/364
|move|p1a: Machamp|Close Combat|p2a: Cloyster
|-supereffective|p2a: Cloyster
|-damage|p2a: Cloyster|0 fnt
|-unboost|p1a: Machamp|def|1
|-unboost|p1a: Machamp|spd|1
|faint|p2a: Cloyster
|
|win|jerry85
|c|âjerry85|gg!!