|join|Alastor Law
|join|jerry85
|player|p1|Alastor Law|279
|player|p2|jerry85|267
|gametype|singles
|gen|6
|tier|OU
|clearpoke
|poke|p1|Gliscor, F
|poke|p1|Sableye, M
|poke|p1|Slowbro, M
|poke|p1|Heatran, M
|poke|p1|Ferrothorn, M
|poke|p1|Tyranitar, M
|poke|p2|Sableye, M
|poke|p2|Excadrill, F
|poke|p2|Manaphy
|poke|p2|Gliscor, F
|poke|p2|Talonflame, F
|poke|p2|Clefable, M
|rule|Swagger Clause: Swagger is banned
|rule|Baton Pass Clause: Limit one PokÃ©mon knowing Baton Pass
|rule|Sleep Clause Mod: Limit one foe put to sleep
|rule|Species Clause: Limit one of each PokÃ©mon
|rule|OHKO Clause: OHKO moves are banned
|rule|Moody Clause: Moody is banned
|rule|Evasion Moves Clause: Evasion moves are banned
|rule|Endless Battle Clause: Forcing endless battles is banned
|rule|HP Percentage Mod: HP is shown in percentages
|teampreview
|join|Quilachy
|c| Quilachy|espectate
|c|âAlastor Law|kisertio
|
|start
|switch|p1a: Sableye|Sableye, M|303\/303
|switch|p2a: Sableye|Sableye, M|303\/303
|turn|1
|
|switch|p1a: Heatran|Heatran, M|385\/385
|detailschange|p2a: Sableye|Sableye-Mega, M
|-mega|p2a: Sableye|Sableye|Sablenite
|move|p2a: Sableye|Knock Off|p1a: Heatran
|-damage|p1a: Heatran|292\/385
|-enditem|p1a: Heatran|Leftovers|[from] move: Knock Off|[of] p2a: Sableye
|
|turn|2
|
|move|p1a: Heatran|Lava Plume|p2a: Sableye
|-damage|p2a: Sableye|222\/303
|-status|p2a: Sableye|brn
|move|p2a: Sableye|Knock Off|p1a: Heatran
|-damage|p1a: Heatran|258\/385
|
|-damage|p2a: Sableye|185\/303 brn|[from] brn
|turn|3
|
|switch|p1a: Gliscor|Gliscor, F|354\/354
|move|p2a: Sableye|Recover|p2a: Sableye
|-heal|p2a: Sableye|303\/303 brn
|
|-damage|p2a: Sableye|266\/303 brn|[from] brn
|-status|p1a: Gliscor|tox|[from] item: Toxic Orb
|turn|4
|
|move|p1a: Gliscor|Swords Dance|p1a: Gliscor
|-boost|p1a: Gliscor|atk|2
|move|p2a: Sableye|Knock Off|p1a: Gliscor
|-damage|p1a: Gliscor|317\/354 tox
|-enditem|p1a: Gliscor|Toxic Orb|[from] move: Knock Off|[of] p2a: Sableye
|
|-heal|p1a: Gliscor|354\/354 tox|[from] ability: Poison Heal
|-damage|p2a: Sableye|229\/303 brn|[from] brn
|turn|5
|
|switch|p2a: Gliscor|Gliscor, F|353\/353
|move|p1a: Gliscor|Facade|p2a: Gliscor
|-damage|p2a: Gliscor|227\/353
|
|-status|p2a: Gliscor|tox|[from] item: Toxic Orb
|turn|6
|
|move|p1a: Gliscor|Swords Dance|p1a: Gliscor
|-boost|p1a: Gliscor|atk|2
|move|p2a: Gliscor|Stealth Rock|p1a: Gliscor
|-sidestart|p1: Alastor Law|move: Stealth Rock
|
|-heal|p2a: Gliscor|271\/353 tox|[from] ability: Poison Heal
|turn|7
|
|switch|p2a: Clefable|Clefable, M|393\/393
|move|p1a: Gliscor|Facade|p2a: Clefable
|-damage|p2a: Clefable|288\/393
|
|-heal|p2a: Clefable|312\/393|[from] item: Leftovers
|turn|8
|
|switch|p1a: Heatran|Heatran, M|258\/385
|-damage|p1a: Heatran|210\/385|[from] Stealth Rock
|move|p2a: Clefable|Moonlight|p2a: Clefable
|-heal|p2a: Clefable|393\/393
|
|turn|9
|
|switch|p2a: Sableye|Sableye-Mega, M|229\/303 brn
|move|p1a: Heatran|Stealth Rock|p2a: Sableye
|move|p2a: Sableye|Stealth Rock|p1a: Heatran|[from]Magic Bounce
|-fail|p1a: Heatran
|
|-damage|p2a: Sableye|192\/303 brn|[from] brn
|turn|10
|
|move|p1a: Heatran|Lava Plume|p2a: Sableye
|-damage|p2a: Sableye|116\/303 brn
|move|p2a: Sableye|Recover|p2a: Sableye
|-heal|p2a: Sableye|268\/303 brn
|
|-damage|p2a: Sableye|231\/303 brn|[from] brn
|turn|11
|
|move|p1a: Heatran|Lava Plume|p2a: Sableye
|-damage|p2a: Sableye|149\/303 brn
|move|p2a: Sableye|Will-O-Wisp|p1a: Heatran
|-start|p1a: Heatran|ability: Flash Fire
|
|-damage|p2a: Sableye|112\/303 brn|[from] brn
|turn|12
|join|Nombre Original
|join|llsme
|
|move|p1a: Heatran|Stealth Rock|p2a: Sableye
|move|p2a: Sableye|Stealth Rock|p1a: Heatran|[from]Magic Bounce
|-fail|p1a: Heatran
|move|p2a: Sableye|Recover|p2a: Sableye
|-heal|p2a: Sableye|264\/303 brn
|
|-damage|p2a: Sableye|227\/303 brn|[from] brn
|turn|13
|
|move|p1a: Heatran|Lava Plume|p2a: Sableye
|-damage|p2a: Sableye|118\/303 brn
|move|p2a: Sableye|Recover|p2a: Sableye
|-heal|p2a: Sableye|270\/303 brn
|
|-damage|p2a: Sableye|233\/303 brn|[from] brn
|turn|14
|
|move|p1a: Heatran|Lava Plume|p2a: Sableye
|-damage|p2a: Sableye|107\/303 brn
|move|p2a: Sableye|Foul Play|p1a: Heatran
|-damage|p1a: Heatran|162\/385
|
|-damage|p2a: Sableye|70\/303 brn|[from] brn
|turn|15
|
|move|p1a: Heatran|Lava Plume|p2a: Sableye
|-damage|p2a: Sableye|0 fnt
|faint|p2a: Sableye
|
|
|switch|p2a: Manaphy|Manaphy|401\/401
|turn|16
|
|move|p2a: Manaphy|Rain Dance|p2a: Manaphy
|-weather|RainDance
|move|p1a: Heatran|Stealth Rock|p2a: Manaphy
|-sidestart|p2: jerry85|move: Stealth Rock
|
|-weather|RainDance|[upkeep]
|turn|17
|
|switch|p1a: Ferrothorn|Ferrothorn, M|352\/352
|-damage|p1a: Ferrothorn|330\/352|[from] Stealth Rock
|move|p2a: Manaphy|Scald|p1a: Ferrothorn
|-resisted|p1a: Ferrothorn
|-damage|p1a: Ferrothorn|273\/352
|-status|p1a: Ferrothorn|brn
|
|-weather|RainDance|[upkeep]
|-heal|p1a: Ferrothorn|295\/352 brn|[from] item: Leftovers
|-damage|p1a: Ferrothorn|251\/352 brn|[from] brn
|turn|18
|c| Nombre Original|hax hax hax
|
|move|p2a: Manaphy|Scald|p1a: Ferrothorn
|-resisted|p1a: Ferrothorn
|-damage|p1a: Ferrothorn|200\/352 brn
|move|p1a: Ferrothorn|Leech Seed|p2a: Manaphy
|-start|p2a: Manaphy|move: Leech Seed
|
|-weather|RainDance|[upkeep]
|-heal|p1a: Ferrothorn|222\/352 brn|[from] item: Leftovers
|-damage|p2a: Manaphy|351\/401|[from] Leech Seed|[of] p1a: Ferrothorn
|-heal|p1a: Ferrothorn|272\/352 brn|[silent]
|-damage|p1a: Ferrothorn|228\/352 brn|[from] brn
|turn|19
|
|move|p2a: Manaphy|U-turn|p1a: Ferrothorn
|-damage|p1a: Ferrothorn|192\/352 brn
|-damage|p2a: Manaphy|301\/401|[from] ability: Iron Barbs|[of] p1a: Ferrothorn
|c|âAlastor Law|lol
|
|switch|p2a: Excadrill|Excadrill, F|424\/424
|-damage|p2a: Excadrill|411\/424|[from] Stealth Rock
|-ability|p2a: Excadrill|Mold Breaker
|move|p1a: Ferrothorn|Spikes|p2a: Excadrill
|-sidestart|p2: jerry85|Spikes
|
|-weather|RainDance|[upkeep]
|-heal|p2a: Excadrill|424\/424|[from] item: Leftovers
|-heal|p1a: Ferrothorn|214\/352 brn|[from] item: Leftovers
|-damage|p1a: Ferrothorn|170\/352 brn|[from] brn
|turn|20
|
|switch|p1a: Sableye|Sableye, M|303\/303
|-damage|p1a: Sableye|266\/303|[from] Stealth Rock
|move|p2a: Excadrill|Earthquake|p1a: Sableye
|-damage|p1a: Sableye|136\/303
|
|-weather|none
|turn|21
|c| Nombre Original|alastor cuando subiras un team of the week ?
|c|âAlastor Law|estoy preparando muchos videos
|
|move|p1a: Sableye|Recover|p1a: Sableye
|-heal|p1a: Sableye|288\/303
|move|p2a: Excadrill|Toxic|p1a: Sableye
|-status|p1a: Sableye|tox
|
|-damage|p1a: Sableye|270\/303 tox|[from] psn
|turn|22
|c|âAlastor Law|ando de examenes y...
|c|âAlastor Law|hostia
|c|âAlastor Law|que torpe
|c| Nombre Original|a ya veo
|
|switch|p2a: Gliscor|Gliscor, F|271\/353 tox
|-damage|p2a: Gliscor|227\/353 tox|[from] Stealth Rock
|detailschange|p1a: Sableye|Sableye-Mega, M
|-mega|p1a: Sableye|Sableye|Sablenite
|move|p1a: Sableye|Will-O-Wisp|p2a: Gliscor
|-fail|p2a: Gliscor
|
|-heal|p2a: Gliscor|271\/353 tox|[from] ability: Poison Heal
|-damage|p1a: Sableye|234\/303 tox|[from] psn
|turn|23
|c| Nombre Original|como ves a frisby en ou con greninja en el meta ?
|
|switch|p1a: Gliscor|Gliscor, F|354\/354 tox
|-damage|p1a: Gliscor|310\/354 tox|[from] Stealth Rock
|move|p2a: Gliscor|Earthquake|p1a: Gliscor
|-immune|p1a: Gliscor|[msg]
|
|-heal|p1a: Gliscor|354\/354 tox|[from] ability: Poison Heal
|-heal|p2a: Gliscor|315\/353 tox|[from] ability: Poison Heal
|turn|24
|c|âAlastor Law|frisby no hace nada
|c|âAlastor Law|hasta que se vaya greg :\/
|c| Nombre Original|pobre frisby :(
|c|âAlastor Law|rip frisby mas que un amigo
|
|move|p1a: Gliscor|Swords Dance|p1a: Gliscor
|-boost|p1a: Gliscor|atk|2
|move|p2a: Gliscor|Taunt|p1a: Gliscor
|-start|p1a: Gliscor|move: Taunt
|
|-heal|p2a: Gliscor|353\/353 tox|[from] ability: Poison Heal
|turn|25
|
|move|p1a: Gliscor|Earthquake|p2a: Gliscor
|-immune|p2a: Gliscor|[msg]
|move|p2a: Gliscor|U-turn|p1a: Gliscor
|-resisted|p1a: Gliscor
|-damage|p1a: Gliscor|336\/354 tox
|join|Gros orteil
|c|âAlastor Law|no entiendo esa manÃ­a de uturn
|
|switch|p2a: Clefable|Clefable, M|393\/393
|-damage|p2a: Clefable|344\/393|[from] Stealth Rock
|-damage|p2a: Clefable|295\/393|[from] Spikes
|
|-heal|p2a: Clefable|319\/393|[from] item: Leftovers
|-heal|p1a: Gliscor|354\/354 tox|[from] ability: Poison Heal
|turn|26
|c|âjerry85|xd
|c| Nombre Original|es que es un team stall turn
|
|move|p1a: Gliscor|Earthquake|p2a: Clefable
|-damage|p2a: Clefable|211\/393
|move|p2a: Clefable|Calm Mind|p2a: Clefable
|-boost|p2a: Clefable|spa|1
|-boost|p2a: Clefable|spd|1
|
|-heal|p2a: Clefable|235\/393|[from] item: Leftovers
|turn|27
|leave|Gros orteil
|
|switch|p1a: Heatran|Heatran, M|162\/385
|-damage|p1a: Heatran|114\/385|[from] Stealth Rock
|move|p2a: Clefable|Moonblast|p1a: Heatran
|-resisted|p1a: Heatran
|-damage|p1a: Heatran|87\/385
|
|-heal|p2a: Clefable|259\/393|[from] item: Leftovers
|turn|28
|c| Nombre Original|ese clefa es unaware
|c|âAlastor Law|ya
|
|move|p1a: Heatran|Toxic|p2a: Clefable
|-status|p2a: Clefable|tox
|move|p2a: Clefable|Calm Mind|p2a: Clefable
|-boost|p2a: Clefable|spa|1
|-boost|p2a: Clefable|spd|1
|
|-heal|p2a: Clefable|283\/393 tox|[from] item: Leftovers
|-damage|p2a: Clefable|259\/393 tox|[from] psn
|turn|29
|
|move|p1a: Heatran|Taunt|p2a: Clefable
|-start|p2a: Clefable|move: Taunt
|cant|p2a: Clefable|move: Taunt|Moonlight
|
|-heal|p2a: Clefable|283\/393 tox|[from] item: Leftovers
|-damage|p2a: Clefable|235\/393 tox|[from] psn
|turn|30
|c|âAlastor Law|hue
|
|move|p1a: Heatran|Lava Plume|p2a: Clefable
|-damage|p2a: Clefable|178\/393 tox
|move|p2a: Clefable|Moonblast|p1a: Heatran
|-resisted|p1a: Heatran
|-damage|p1a: Heatran|48\/385
|-unboost|p1a: Heatran|spa|1
|
|-heal|p2a: Clefable|202\/393 tox|[from] item: Leftovers
|-damage|p2a: Clefable|130\/393 tox|[from] psn
|turn|31
|
|switch|p2a: Manaphy|Manaphy|301\/401
|-damage|p2a: Manaphy|251\/401|[from] Spikes
|-damage|p2a: Manaphy|201\/401|[from] Stealth Rock
|move|p1a: Heatran|Lava Plume|p2a: Manaphy
|-resisted|p2a: Manaphy
|-damage|p2a: Manaphy|170\/401
|
|-heal|p2a: Manaphy|195\/401|[from] item: Leftovers
|turn|32
|c| Nombre Original|conoces ese team alastor ?
|c|âAlastor Law|cual?
|c| Nombre Original|ese stall turn
|
|move|p2a: Manaphy|Rain Dance|p2a: Manaphy
|-weather|RainDance
|move|p1a: Heatran|Taunt|p2a: Manaphy
|-start|p2a: Manaphy|move: Taunt
|
|-weather|RainDance|[upkeep]
|-heal|p2a: Manaphy|220\/401|[from] item: Leftovers
|turn|33
|c|âAlastor Law|no lol
|c| Nombre Original|es el que te mande
|
|switch|p1a: Ferrothorn|Ferrothorn, M|170\/352 brn
|-damage|p1a: Ferrothorn|148\/352 brn|[from] Stealth Rock
|move|p2a: Manaphy|Scald|p1a: Ferrothorn
|-resisted|p1a: Ferrothorn
|-damage|p1a: Ferrothorn|94\/352 brn
|
|-weather|RainDance|[upkeep]
|-heal|p2a: Manaphy|245\/401|[from] item: Leftovers
|-heal|p1a: Ferrothorn|116\/352 brn|[from] item: Leftovers
|-damage|p1a: Ferrothorn|72\/352 brn|[from] brn
|turn|34
|
|move|p2a: Manaphy|Scald|p1a: Ferrothorn
|-resisted|p1a: Ferrothorn
|-damage|p1a: Ferrothorn|20\/352 brn
|move|p1a: Ferrothorn|Leech Seed|p2a: Manaphy
|-start|p2a: Manaphy|move: Leech Seed
|
|-weather|RainDance|[upkeep]
|-heal|p2a: Manaphy|270\/401|[from] item: Leftovers
|-heal|p1a: Ferrothorn|42\/352 brn|[from] item: Leftovers
|-damage|p2a: Manaphy|220\/401|[from] Leech Seed|[of] p1a: Ferrothorn
|-heal|p1a: Ferrothorn|92\/352 brn|[silent]
|-damage|p1a: Ferrothorn|48\/352 brn|[from] brn
|turn|35
|c|âAlastor Law|ese manaphy es un dolor de ano
|
|move|p1a: Ferrothorn|Protect|p1a: Ferrothorn
|-singleturn|p1a: Ferrothorn|Protect
|move|p2a: Manaphy|Scald|p1a: Ferrothorn
|-activate|p1a: Ferrothorn|Protect
|
|-weather|RainDance|[upkeep]
|-heal|p2a: Manaphy|245\/401|[from] item: Leftovers
|-heal|p1a: Ferrothorn|70\/352 brn|[from] item: Leftovers
|-damage|p2a: Manaphy|195\/401|[from] Leech Seed|[of] p1a: Ferrothorn
|-heal|p1a: Ferrothorn|120\/352 brn|[silent]
|-damage|p1a: Ferrothorn|76\/352 brn|[from] brn
|-end|p2a: Manaphy|move: Taunt
|turn|36
|
|move|p2a: Manaphy|Rest|p2a: Manaphy
|-status|p2a: Manaphy|slp
|-heal|p2a: Manaphy|401\/401 slp|[silent]
|-status|p2a: Manaphy|slp|[from] move: Rest
|move|p1a: Ferrothorn|Spikes|p2a: Manaphy
|-sidestart|p2: jerry85|Spikes
|
|-weather|none
|-heal|p1a: Ferrothorn|98\/352 brn|[from] item: Leftovers
|-damage|p2a: Manaphy|351\/401 slp|[from] Leech Seed|[of] p1a: Ferrothorn
|-heal|p1a: Ferrothorn|148\/352 brn|[silent]
|-damage|p1a: Ferrothorn|104\/352 brn|[from] brn
|turn|37
|c|âAlastor Law|ahistartio
|c| Nombre Original|y no has visto al excadrill y al talon
|
|switch|p2a: Excadrill|Excadrill, F|424\/424
|-damage|p2a: Excadrill|354\/424|[from] Spikes
|-damage|p2a: Excadrill|341\/424|[from] Stealth Rock
|-ability|p2a: Excadrill|Mold Breaker
|move|p1a: Ferrothorn|Spikes|p2a: Excadrill
|-sidestart|p2: jerry85|Spikes
|
|-heal|p2a: Excadrill|367\/424|[from] item: Leftovers
|-heal|p1a: Ferrothorn|126\/352 brn|[from] item: Leftovers
|-damage|p1a: Ferrothorn|82\/352 brn|[from] brn
|turn|38
|c|âAlastor Law|que team mas raro hm
|c| Nombre Original|lo viste ?
|c|âAlastor Law|si
|c| Nombre Original|jode bastante
|c| Nombre Original|es bueno
|c|âAlastor Law|rippeado vamos
|c|âAlastor Law|que poco original
|c|âjerry85|rip xdd
|c|âAlastor Law|quitame el timer anda
|c|âjerry85|oh vale, la costumbre
|c|âAlastor Law|asies
|
|switch|p1a: Sableye|Sableye-Mega, M|234\/303 tox
|-damage|p1a: Sableye|197\/303 tox|[from] Stealth Rock
|move|p2a: Excadrill|Earthquake|p1a: Sableye
|-damage|p1a: Sableye|94\/303 tox
|
|-heal|p2a: Excadrill|393\/424|[from] item: Leftovers
|-damage|p1a: Sableye|76\/303 tox|[from] psn
|turn|39
|
|switch|p1a: Heatran|Heatran, M|48\/385
|-damage|p1a: Heatran|0 fnt|[from] Stealth Rock
|faint|p1a: Heatran
|move|p2a: Excadrill|Earthquake|p1: Heatran|[notarget]
|-notarget
|
|-heal|p2a: Excadrill|419\/424|[from] item: Leftovers
|leave|Quilachy
|
|switch|p1a: Gliscor|Gliscor, F|354\/354 tox
|-damage|p1a: Gliscor|310\/354 tox|[from] Stealth Rock
|turn|40
|
|move|p1a: Gliscor|Earthquake|p2a: Excadrill
|-supereffective|p2a: Excadrill
|-damage|p2a: Excadrill|105\/424
|move|p2a: Excadrill|Rapid Spin|p1a: Gliscor
|-crit|p1a: Gliscor
|-damage|p1a: Gliscor|288\/354 tox
|-sideend|p2: jerry85|Spikes|[from] move: Rapid Spin|[of] p2a: Excadrill
|-sideend|p2: jerry85|Stealth Rock|[from] move: Rapid Spin|[of] p2a: Excadrill
|
|-heal|p2a: Excadrill|131\/424|[from] item: Leftovers
|-heal|p1a: Gliscor|332\/354 tox|[from] ability: Poison Heal
|turn|41
|
|switch|p2a: Talonflame|Talonflame, F|345\/345
|move|p1a: Gliscor|Swords Dance|p1a: Gliscor
|-boost|p1a: Gliscor|atk|2
|
|-heal|p1a: Gliscor|354\/354 tox|[from] ability: Poison Heal
|turn|42
|
|move|p2a: Talonflame|Brave Bird|p1a: Gliscor
|-crit|p1a: Gliscor
|-damage|p1a: Gliscor|164\/354 tox
|-damage|p2a: Talonflame|282\/345|[from] recoil|[of] p1a: Gliscor
|move|p1a: Gliscor|Facade|p2a: Talonflame
|-damage|p2a: Talonflame|0 fnt
|faint|p2a: Talonflame
|
|-heal|p1a: Gliscor|208\/354 tox|[from] ability: Poison Heal
|join|juandiegol2
|c| Nombre Original|rip stall turn team
|
|switch|p2a: Clefable|Clefable, M|130\/393 tox
|turn|43
|
|move|p1a: Gliscor|Earthquake|p2a: Clefable
|-damage|p2a: Clefable|18\/393 tox
|move|p2a: Clefable|Moonlight|p2a: Clefable
|-heal|p2a: Clefable|214\/393 tox
|
|-heal|p2a: Clefable|238\/393 tox|[from] item: Leftovers
|-heal|p1a: Gliscor|252\/354 tox|[from] ability: Poison Heal
|-damage|p2a: Clefable|214\/393 tox|[from] psn
|turn|44
|c|âAlastor Law|gud cancel
|
|move|p1a: Gliscor|Earthquake|p2a: Clefable
|-damage|p2a: Clefable|103\/393 tox
|move|p2a: Clefable|Moonlight|p2a: Clefable
|-heal|p2a: Clefable|299\/393 tox
|
|-heal|p2a: Clefable|323\/393 tox|[from] item: Leftovers
|-heal|p1a: Gliscor|296\/354 tox|[from] ability: Poison Heal
|-damage|p2a: Clefable|275\/393 tox|[from] psn
|turn|45
|c|âAlastor Law|gud cancel x2
|
|switch|p1a: Ferrothorn|Ferrothorn, M|82\/352 brn
|-damage|p1a: Ferrothorn|60\/352 brn|[from] Stealth Rock
|move|p2a: Clefable|Aromatherapy|p2a: Clefable
|-cureteam|p2a: Clefable|[from] move: Aromatherapy
|
|-heal|p2a: Clefable|299\/393|[from] item: Leftovers
|-heal|p1a: Ferrothorn|82\/352 brn|[from] item: Leftovers
|-damage|p1a: Ferrothorn|38\/352 brn|[from] brn
|turn|46
|
|move|p2a: Clefable|Moonblast|p1a: Ferrothorn
|-resisted|p1a: Ferrothorn
|-damage|p1a: Ferrothorn|0 fnt
|faint|p1a: Ferrothorn
|
|-heal|p2a: Clefable|323\/393|[from] item: Leftovers
|
|switch|p1a: Tyranitar|Tyranitar, M|341\/341
|-damage|p1a: Tyranitar|299\/341|[from] Stealth Rock
|-weather|Sandstorm
|turn|47
|c|âAlastor Law|el plan no era este tbh
|c|âAlastor Law|pero tengo un alto lagg
|
|switch|p2a: Gliscor|Gliscor, F|353\/353
|move|p1a: Tyranitar|Stone Edge|p2a: Gliscor
|-damage|p2a: Gliscor|232\/353
|
|-weather|Sandstorm|[upkeep]
|-status|p2a: Gliscor|tox|[from] item: Toxic Orb
|turn|48
|
|switch|p1a: Slowbro|Slowbro, M|394\/394
|-damage|p1a: Slowbro|345\/394|[from] Stealth Rock
|move|p2a: Gliscor|U-turn|p1a: Slowbro
|-supereffective|p1a: Slowbro
|-damage|p1a: Slowbro|267\/394
|c| Nombre Original|yo pense que harias un doble
|c|âAlastor Law|la cosa era
|c|âAlastor Law|meter a ttar ante clef
|c|âAlastor Law|no tirar EQ
|c|âAlastor Law|como he hecho
|
|switch|p2a: Excadrill|Excadrill, F|131\/424
|-ability|p2a: Excadrill|Mold Breaker
|
|-weather|Sandstorm|[upkeep]
|-damage|p1a: Slowbro|243\/394|[from] sandstorm
|-heal|p2a: Excadrill|157\/424|[from] item: Leftovers
|-heal|p1a: Slowbro|267\/394|[from] item: Leftovers
|turn|49
|
|switch|p2a: Manaphy|Manaphy|351\/401
|move|p1a: Slowbro|Scald|p2a: Manaphy
|-resisted|p2a: Manaphy
|-damage|p2a: Manaphy|320\/401
|
|-weather|Sandstorm|[upkeep]
|-damage|p2a: Manaphy|295\/401|[from] sandstorm
|-damage|p1a: Slowbro|243\/394|[from] sandstorm
|-heal|p2a: Manaphy|320\/401|[from] item: Leftovers
|-heal|p1a: Slowbro|267\/394|[from] item: Leftovers
|turn|50
|
|move|p2a: Manaphy|Rain Dance|p2a: Manaphy
|-weather|RainDance
|move|p1a: Slowbro|Grass Knot|p2a: Manaphy
|-supereffective|p2a: Manaphy
|-damage|p2a: Manaphy|298\/401
|
|-weather|RainDance|[upkeep]
|-heal|p2a: Manaphy|323\/401|[from] item: Leftovers
|-heal|p1a: Slowbro|291\/394|[from] item: Leftovers
|turn|51
|c|âAlastor Law|en fin
|c|âAlastor Law|tengo que estudiar
|-message|Alastor Law forfeited.
|leave|Alastor Law
|c|âjerry85|bueh
|c| Nombre Original|al menos tienes salud (?
|
|win|jerry85
|player|p1
|c|âjerry85|xd
|leave|Nombre Original