|join|jerry85
|join|Goingoian
|player|p1|jerry85|135
|player|p2|Goingoian|193
|gametype|singles
|gen|6
|tier|OU
|clearpoke
|poke|p1|Sableye, F
|poke|p1|Excadrill, F
|poke|p1|Manaphy
|poke|p1|Gliscor, M
|poke|p1|Talonflame, M
|poke|p1|Clefable, M
|poke|p2|Conkeldurr, M
|poke|p2|Heatran, M
|poke|p2|Gardevoir, M, shiny
|poke|p2|Gliscor, M
|poke|p2|Electivire, M, shiny
|poke|p2|Crawdaunt, F
|rule|Swagger Clause: Swagger is banned
|rule|Baton Pass Clause: Limit one PokÃ©mon knowing Baton Pass
|rule|Sleep Clause Mod: Limit one foe put to sleep
|rule|Species Clause: Limit one of each PokÃ©mon
|rule|OHKO Clause: OHKO moves are banned
|rule|Moody Clause: Moody is banned
|rule|Evasion Moves Clause: Evasion moves are banned
|rule|Endless Battle Clause: Forcing endless battles is banned
|rule|HP Percentage Mod: HP is shown in percentages
|teampreview
|c|âjerry85|q tal
|
|start
|switch|p1a: Sableye|Sableye, F|303\/303
|switch|p2a: Gardevoir|Gardevoir, M, shiny|302\/302
|turn|1
|
|switch|p1a: Excadrill|Excadrill, F|424\/424
|-ability|p1a: Excadrill|Mold Breaker
|detailschange|p2a: Gardevoir|Gardevoir-Mega, M, shiny
|-mega|p2a: Gardevoir|Gardevoir|Gardevoirite
|move|p2a: Gardevoir|Hyper Voice|p1a: Excadrill
|-resisted|p1a: Excadrill
|-damage|p1a: Excadrill|309\/424
|
|-heal|p1a: Excadrill|335\/424|[from] item: Leftovers
|turn|2
|c|âGoingoian|Bieen y tu?
|c|âjerry85|bien, xd
|
|switch|p2a: Gliscor|Gliscor, M|354\/354
|switch|p1a: Sableye|Sableye, F|303\/303
|
|-status|p2a: Gliscor|tox|[from] item: Toxic Orb
|turn|3
|
|detailschange|p1a: Sableye|Sableye-Mega, F
|-mega|p1a: Sableye|Sableye|Sablenite
|move|p2a: Gliscor|Toxic|p1a: Sableye
|move|p1a: Sableye|Toxic|p2a: Gliscor|[from]Magic Bounce
|-fail|p2a: Gliscor|tox
|move|p1a: Sableye|Knock Off|p2a: Gliscor
|-damage|p2a: Gliscor|297\/354 tox
|-enditem|p2a: Gliscor|Toxic Orb|[from] move: Knock Off|[of] p1a: Sableye
|
|-heal|p2a: Gliscor|341\/354 tox|[from] ability: Poison Heal
|turn|4
|
|move|p2a: Gliscor|Earthquake|p1a: Sableye
|-damage|p1a: Sableye|212\/303
|move|p1a: Sableye|Will-O-Wisp|p2a: Gliscor
|-fail|p2a: Gliscor
|
|-heal|p2a: Gliscor|354\/354 tox|[from] ability: Poison Heal
|turn|5
|c|âGoingoian|mega sableye es muy jodido jajajaja
|c|âjerry85|sip
|
|move|p2a: Gliscor|Earthquake|p1a: Sableye
|-damage|p1a: Sableye|118\/303
|move|p1a: Sableye|Recover|p1a: Sableye
|-heal|p1a: Sableye|270\/303
|
|turn|6
|
|switch|p1a: Gliscor|Gliscor, M|353\/353
|move|p2a: Gliscor|Earthquake|p1a: Gliscor
|-immune|p1a: Gliscor|[msg]
|
|-status|p1a: Gliscor|tox|[from] item: Toxic Orb
|turn|7
|
|move|p2a: Gliscor|Protect|p2a: Gliscor
|-singleturn|p2a: Gliscor|Protect
|move|p1a: Gliscor|Stealth Rock|p2a: Gliscor
|-sidestart|p2: Goingoian|move: Stealth Rock
|
|turn|8
|
|move|p1a: Gliscor|U-turn|p2a: Gliscor
|-resisted|p2a: Gliscor
|-damage|p2a: Gliscor|337\/354 tox
|
|switch|p1a: Sableye|Sableye-Mega, F|270\/303
|move|p2a: Gliscor|Substitute|p2a: Gliscor
|-start|p2a: Gliscor|Substitute
|-damage|p2a: Gliscor|249\/354 tox
|
|-heal|p2a: Gliscor|293\/354 tox|[from] ability: Poison Heal
|turn|9
|
|switch|p1a: Manaphy|Manaphy|401\/401
|move|p2a: Gliscor|Earthquake|p1a: Manaphy
|-damage|p1a: Manaphy|296\/401
|
|-heal|p1a: Manaphy|321\/401|[from] item: Leftovers
|-heal|p2a: Gliscor|337\/354 tox|[from] ability: Poison Heal
|turn|10
|
|move|p1a: Manaphy|Rain Dance|p1a: Manaphy
|-weather|RainDance
|move|p2a: Gliscor|Toxic|p1a: Manaphy|[miss]
|-miss|p2a: Gliscor|p1a: Manaphy
|
|-weather|RainDance|[upkeep]
|-heal|p1a: Manaphy|346\/401|[from] item: Leftovers
|-heal|p2a: Gliscor|354\/354 tox|[from] ability: Poison Heal
|turn|11
|
|move|p1a: Manaphy|Scald|p2a: Gliscor
|-supereffective|p2a: Gliscor
|-end|p2a: Gliscor|Substitute
|move|p2a: Gliscor|Earthquake|p1a: Manaphy
|-damage|p1a: Manaphy|241\/401
|
|-weather|RainDance|[upkeep]
|-heal|p1a: Manaphy|266\/401|[from] item: Leftovers
|turn|12
|
|switch|p2a: Electivire|Electivire, M, shiny|291\/291
|-damage|p2a: Electivire|255\/291|[from] Stealth Rock
|move|p1a: Manaphy|Scald|p2a: Electivire
|-damage|p2a: Electivire|93\/291
|
|-weather|RainDance|[upkeep]
|-heal|p1a: Manaphy|291\/401|[from] item: Leftovers
|turn|13
|c|âGoingoian|oye despues podemos cambiar los equipos?
|c|âjerry85|mm ok
|
|switch|p1a: Gliscor|Gliscor, M|353\/353 tox
|move|p2a: Electivire|Fire Punch|p1a: Gliscor
|-damage|p1a: Gliscor|321\/353 tox
|
|-weather|RainDance|[upkeep]
|-heal|p1a: Gliscor|353\/353 tox|[from] ability: Poison Heal
|turn|14
|
|switch|p2a: Conkeldurr|Conkeldurr, M|351\/351
|-damage|p2a: Conkeldurr|330\/351|[from] Stealth Rock
|switch|p1a: Sableye|Sableye-Mega, F|270\/303
|
|-weather|none
|turn|15
|
|switch|p2a: Gliscor|Gliscor, M|354\/354 tox
|-damage|p2a: Gliscor|310\/354 tox|[from] Stealth Rock
|move|p1a: Sableye|Will-O-Wisp|p2a: Gliscor
|-fail|p2a: Gliscor
|
|-heal|p2a: Gliscor|354\/354 tox|[from] ability: Poison Heal
|turn|16
|
|switch|p1a: Manaphy|Manaphy|291\/401
|move|p2a: Gliscor|Earthquake|p1a: Manaphy
|-damage|p1a: Manaphy|177\/401
|
|-heal|p1a: Manaphy|202\/401|[from] item: Leftovers
|turn|17
|
|move|p1a: Manaphy|Rain Dance|p1a: Manaphy
|-weather|RainDance
|move|p2a: Gliscor|Earthquake|p1a: Manaphy
|-damage|p1a: Manaphy|102\/401
|
|-weather|RainDance|[upkeep]
|-heal|p1a: Manaphy|127\/401|[from] item: Leftovers
|turn|18
|
|move|p1a: Manaphy|Rest|p1a: Manaphy
|-status|p1a: Manaphy|slp
|-heal|p1a: Manaphy|401\/401 slp|[silent]
|-status|p1a: Manaphy|slp|[from] move: Rest
|move|p2a: Gliscor|Earthquake|p1a: Manaphy
|-damage|p1a: Manaphy|290\/401 slp
|
|-weather|RainDance|[upkeep]
|-curestatus|p1a: Manaphy|slp
|-heal|p1a: Manaphy|315\/401|[from] item: Leftovers
|turn|19
|
|move|p1a: Manaphy|Scald|p2a: Gliscor
|-supereffective|p2a: Gliscor
|-damage|p2a: Gliscor|0 fnt
|faint|p2a: Gliscor
|
|-weather|RainDance|[upkeep]
|-heal|p1a: Manaphy|340\/401|[from] item: Leftovers
|
|switch|p2a: Crawdaunt|Crawdaunt, F|267\/267
|-damage|p2a: Crawdaunt|234\/267|[from] Stealth Rock
|turn|20
|
|move|p1a: Manaphy|Scald|p2a: Crawdaunt
|-resisted|p2a: Crawdaunt
|-damage|p2a: Crawdaunt|125\/267
|-status|p2a: Crawdaunt|brn
|move|p2a: Crawdaunt|Knock Off|p1a: Manaphy
|-damage|p1a: Manaphy|216\/401
|-enditem|p1a: Manaphy|Leftovers|[from] move: Knock Off|[of] p2a: Crawdaunt
|
|-weather|RainDance|[upkeep]
|-damage|p2a: Crawdaunt|92\/267 brn|[from] brn
|turn|21
|
|move|p2a: Crawdaunt|Aqua Jet|p1a: Manaphy
|-resisted|p1a: Manaphy
|-damage|p1a: Manaphy|178\/401
|move|p1a: Manaphy|Rest|p1a: Manaphy
|-status|p1a: Manaphy|slp
|-heal|p1a: Manaphy|401\/401 slp|[silent]
|-status|p1a: Manaphy|slp|[from] move: Rest
|
|-weather|none
|-damage|p2a: Crawdaunt|59\/267 brn|[from] brn
|turn|22
|
|switch|p1a: Clefable|Clefable, M|393\/393
|move|p2a: Crawdaunt|Crabhammer|p1a: Clefable
|-crit|p1a: Clefable
|-damage|p1a: Clefable|191\/393
|
|-heal|p1a: Clefable|215\/393|[from] item: Leftovers
|-damage|p2a: Crawdaunt|26\/267 brn|[from] brn
|turn|23
|
|move|p2a: Crawdaunt|Knock Off|p1a: Clefable
|-crit|p1a: Clefable
|-resisted|p1a: Clefable
|-damage|p1a: Clefable|122\/393
|-enditem|p1a: Clefable|Leftovers|[from] move: Knock Off|[of] p2a: Crawdaunt
|move|p1a: Clefable|Moonlight|p1a: Clefable
|-heal|p1a: Clefable|318\/393
|
|-damage|p2a: Crawdaunt|0 fnt|[from] brn
|faint|p2a: Crawdaunt
|
|switch|p2a: Heatran|Heatran, M|386\/386
|-damage|p2a: Heatran|338\/386|[from] Stealth Rock
|turn|24
|
|switch|p1a: Sableye|Sableye-Mega, F|270\/303
|move|p2a: Heatran|Lava Plume|p1a: Sableye
|-damage|p1a: Sableye|197\/303
|-status|p1a: Sableye|brn
|
|-heal|p2a: Heatran|362\/386|[from] item: Leftovers
|-damage|p1a: Sableye|160\/303 brn|[from] brn
|turn|25
|
|move|p2a: Heatran|Stealth Rock|p1a: Sableye
|move|p1a: Sableye|Stealth Rock|p2a: Heatran|[from]Magic Bounce
|-fail|p2a: Heatran
|move|p1a: Sableye|Recover|p1a: Sableye
|-heal|p1a: Sableye|303\/303 brn
|
|-heal|p2a: Heatran|386\/386|[from] item: Leftovers
|-damage|p1a: Sableye|266\/303 brn|[from] brn
|turn|26
|
|switch|p1a: Clefable|Clefable, M|318\/393
|move|p2a: Heatran|Lava Plume|p1a: Clefable
|-damage|p1a: Clefable|206\/393
|-status|p1a: Clefable|brn
|
|-damage|p1a: Clefable|157\/393 brn|[from] brn
|turn|27
|
|move|p2a: Heatran|Lava Plume|p1a: Clefable
|-damage|p1a: Clefable|46\/393 brn
|move|p1a: Clefable|Aromatherapy|p1a: Clefable
|-cureteam|p1a: Clefable|[from] move: Aromatherapy
|
|turn|28
|
|switch|p1a: Sableye|Sableye-Mega, F|266\/303
|move|p2a: Heatran|Lava Plume|p1a: Sableye
|-damage|p1a: Sableye|188\/303
|
|turn|29
|
|move|p2a: Heatran|Lava Plume|p1a: Sableye
|-damage|p1a: Sableye|106\/303
|move|p1a: Sableye|Recover|p1a: Sableye
|-heal|p1a: Sableye|258\/303
|
|turn|30
|
|switch|p1a: Manaphy|Manaphy|401\/401
|move|p2a: Heatran|Lava Plume|p1a: Manaphy
|-resisted|p1a: Manaphy
|-damage|p1a: Manaphy|357\/401
|-status|p1a: Manaphy|brn
|
|-damage|p1a: Manaphy|307\/401 brn|[from] brn
|turn|31
|
|move|p1a: Manaphy|Rain Dance|p1a: Manaphy
|-weather|RainDance
|move|p2a: Heatran|Lava Plume|p1a: Manaphy
|-resisted|p1a: Manaphy
|-damage|p1a: Manaphy|286\/401 brn
|
|-weather|RainDance|[upkeep]
|-curestatus|p1a: Manaphy|brn
|turn|32
|
|move|p1a: Manaphy|Scald|p2a: Heatran
|-supereffective|p2a: Heatran
|-damage|p2a: Heatran|176\/386
|move|p2a: Heatran|Roar|p1a: Manaphy
|drag|p1a: Talonflame|Talonflame, M|345\/345
|
|-weather|RainDance|[upkeep]
|-heal|p2a: Heatran|200\/386|[from] item: Leftovers
|turn|33
|
|move|p1a: Talonflame|Taunt|p2a: Heatran
|-start|p2a: Heatran|move: Taunt
|cant|p2a: Heatran|move: Taunt|Stealth Rock
|
|-weather|RainDance|[upkeep]
|-heal|p2a: Heatran|224\/386|[from] item: Leftovers
|turn|34
|
|switch|p1a: Manaphy|Manaphy|286\/401
|move|p2a: Heatran|Lava Plume|p1a: Manaphy
|-resisted|p1a: Manaphy
|-damage|p1a: Manaphy|266\/401
|
|-weather|RainDance|[upkeep]
|-heal|p2a: Heatran|248\/386|[from] item: Leftovers
|turn|35
|
|switch|p2a: Electivire|Electivire, M, shiny|93\/291
|-damage|p2a: Electivire|57\/291|[from] Stealth Rock
|move|p1a: Manaphy|Scald|p2a: Electivire
|-damage|p2a: Electivire|0 fnt
|faint|p2a: Electivire
|
|-weather|none
|
|switch|p2a: Conkeldurr|Conkeldurr, M|330\/351
|-damage|p2a: Conkeldurr|309\/351|[from] Stealth Rock
|turn|36
|
|switch|p1a: Sableye|Sableye-Mega, F|258\/303
|move|p2a: Conkeldurr|Drain Punch|p1a: Sableye
|-immune|p1a: Sableye|[msg]
|
|turn|37
|
|switch|p1a: Excadrill|Excadrill, F|335\/424
|-ability|p1a: Excadrill|Mold Breaker
|move|p2a: Conkeldurr|Ice Punch|p1a: Excadrill
|-damage|p1a: Excadrill|147\/424
|
|-heal|p1a: Excadrill|173\/424|[from] item: Leftovers
|turn|38
|
|switch|p1a: Sableye|Sableye-Mega, F|258\/303
|move|p2a: Conkeldurr|Drain Punch|p1a: Sableye
|-immune|p1a: Sableye|[msg]
|
|turn|39
|
|switch|p2a: Heatran|Heatran, M|248\/386
|-damage|p2a: Heatran|200\/386|[from] Stealth Rock
|move|p1a: Sableye|Will-O-Wisp|p2a: Heatran
|-start|p2a: Heatran|ability: Flash Fire
|
|-heal|p2a: Heatran|224\/386|[from] item: Leftovers
|turn|40
|
|move|p2a: Heatran|Lava Plume|p1a: Sableye
|-damage|p1a: Sableye|138\/303
|-status|p1a: Sableye|brn
|move|p1a: Sableye|Knock Off|p2a: Heatran
|-damage|p2a: Heatran|178\/386
|-enditem|p2a: Heatran|Leftovers|[from] move: Knock Off|[of] p1a: Sableye
|
|-damage|p1a: Sableye|101\/303 brn|[from] brn
|turn|41
|
|switch|p1a: Manaphy|Manaphy|266\/401
|move|p2a: Heatran|Lava Plume|p1a: Manaphy
|-resisted|p1a: Manaphy
|-damage|p1a: Manaphy|200\/401
|
|turn|42
|
|switch|p2a: Gardevoir|Gardevoir-Mega, M, shiny|302\/302
|-damage|p2a: Gardevoir|265\/302|[from] Stealth Rock
|move|p1a: Manaphy|Rain Dance|p1a: Manaphy
|-weather|RainDance
|
|-weather|RainDance|[upkeep]
|turn|43
|
|move|p2a: Gardevoir|Hyper Voice|p1a: Manaphy
|-damage|p1a: Manaphy|23\/401
|move|p1a: Manaphy|Rest|p1a: Manaphy
|-status|p1a: Manaphy|slp
|-heal|p1a: Manaphy|401\/401 slp|[silent]
|-status|p1a: Manaphy|slp|[from] move: Rest
|
|-weather|RainDance|[upkeep]
|-curestatus|p1a: Manaphy|slp
|turn|44
|
|move|p2a: Gardevoir|Psyshock|p1a: Manaphy
|-damage|p1a: Manaphy|233\/401
|move|p1a: Manaphy|Scald|p2a: Gardevoir
|-damage|p2a: Gardevoir|159\/302
|
|-weather|RainDance|[upkeep]
|turn|45
|
|move|p2a: Gardevoir|Hyper Voice|p1a: Manaphy
|-damage|p1a: Manaphy|59\/401
|move|p1a: Manaphy|Rest|p1a: Manaphy
|-status|p1a: Manaphy|slp
|-heal|p1a: Manaphy|401\/401 slp|[silent]
|-status|p1a: Manaphy|slp|[from] move: Rest
|
|-weather|RainDance|[upkeep]
|-curestatus|p1a: Manaphy|slp
|turn|46
|
|move|p2a: Gardevoir|Hyper Voice|p1a: Manaphy
|-damage|p1a: Manaphy|209\/401
|move|p1a: Manaphy|Scald|p2a: Gardevoir
|-damage|p2a: Gardevoir|45\/302
|
|-weather|none
|turn|47
|
|switch|p1a: Talonflame|Talonflame, M|345\/345
|move|p2a: Gardevoir|Hyper Voice|p1a: Talonflame
|-resisted|p1a: Talonflame
|-damage|p1a: Talonflame|162\/345
|
|-heal|p1a: Talonflame|183\/345|[from] item: Leftovers
|turn|48
|
|switch|p2a: Heatran|Heatran, M|178\/386
|-damage|p2a: Heatran|130\/386|[from] Stealth Rock
|move|p1a: Talonflame|Brave Bird|p2a: Heatran
|-resisted|p2a: Heatran
|-damage|p2a: Heatran|61\/386
|-damage|p1a: Talonflame|160\/345|[from] recoil|[of] p2a: Heatran
|
|-heal|p1a: Talonflame|181\/345|[from] item: Leftovers
|turn|49
|
|switch|p2a: Gardevoir|Gardevoir-Mega, M, shiny|45\/302
|-damage|p2a: Gardevoir|8\/302|[from] Stealth Rock
|move|p1a: Talonflame|Roost|p1a: Talonflame
|-heal|p1a: Talonflame|345\/345
|
|turn|50
|
|move|p1a: Talonflame|Brave Bird|p2a: Gardevoir
|-damage|p2a: Gardevoir|0 fnt
|-damage|p1a: Talonflame|342\/345|[from] recoil|[of] p2a: Gardevoir
|faint|p2a: Gardevoir
|
|-heal|p1a: Talonflame|345\/345|[from] item: Leftovers
|c|âjerry85|gg
|
|switch|p2a: Heatran|Heatran, M|61\/386
|-damage|p2a: Heatran|13\/386|[from] Stealth Rock
|turn|51
|c|âGoingoian|GG
|
|move|p1a: Talonflame|Brave Bird|p2a: Heatran
|-resisted|p2a: Heatran
|-damage|p2a: Heatran|0 fnt
|-damage|p1a: Talonflame|341\/345|[from] recoil|[of] p2a: Heatran
|faint|p2a: Heatran
|
|-heal|p1a: Talonflame|345\/345|[from] item: Leftovers
|
|switch|p2a: Conkeldurr|Conkeldurr, M|309\/351
|-damage|p2a: Conkeldurr|288\/351|[from] Stealth Rock
|turn|52
|
|move|p1a: Talonflame|Brave Bird|p2a: Conkeldurr
|-supereffective|p2a: Conkeldurr
|-damage|p2a: Conkeldurr|0 fnt
|-damage|p1a: Talonflame|250\/345|[from] recoil|[of] p2a: Conkeldurr
|faint|p2a: Conkeldurr
|
|win|jerry85
|c|âGoingoian|1-0 para ti