|join|jerry85
|join|blackssou
|player|p1|jerry85|267
|player|p2|blackssou|176
|gametype|singles
|gen|6
|tier|OU
|rated
|clearpoke
|poke|p1|Sableye, F
|poke|p1|Excadrill, F
|poke|p1|Manaphy
|poke|p1|Gliscor, F
|poke|p1|Talonflame, F
|poke|p1|Clefable, F
|poke|p2|Gyarados, M
|poke|p2|Latias, F
|poke|p2|Terrakion
|poke|p2|Thundurus, M
|poke|p2|Bisharp, F
|poke|p2|Gengar, F
|rule|Swagger Clause: Swagger is banned
|rule|Baton Pass Clause: Limit one PokÃ©mon knowing Baton Pass
|rule|Sleep Clause Mod: Limit one foe put to sleep
|rule|Species Clause: Limit one of each PokÃ©mon
|rule|OHKO Clause: OHKO moves are banned
|rule|Moody Clause: Moody is banned
|rule|Evasion Moves Clause: Evasion moves are banned
|rule|Endless Battle Clause: Forcing endless battles is banned
|rule|HP Percentage Mod: HP is shown in percentages
|teampreview
|c|âblackssou|hi
|c|âblackssou|gl hf
|c|âjerry85|hello
|
|start
|switch|p1a: Sableye|Sableye, F|303\/303
|switch|p2a: BEAST|Terrakion|323\/323
|turn|1
|
|detailschange|p1a: Sableye|Sableye-Mega, F
|-mega|p1a: Sableye|Sableye|Sablenite
|move|p1a: Sableye|Will-O-Wisp|p2a: BEAST
|-status|p2a: BEAST|brn
|move|p2a: BEAST|Taunt|p1a: Sableye
|move|p1a: Sableye|Taunt|p2a: BEAST|[from]Magic Bounce
|-start|p2a: BEAST|move: Taunt
|
|-damage|p2a: BEAST|283\/323 brn|[from] brn
|turn|2
|
|move|p2a: BEAST|Close Combat|p1a: Sableye
|-immune|p1a: Sableye|[msg]
|move|p1a: Sableye|Will-O-Wisp|p2a: BEAST
|-fail|p2a: BEAST|brn
|
|-damage|p2a: BEAST|243\/323 brn|[from] brn
|turn|3
|
|switch|p2a: Gengiarisama|Gengar, F|261\/261
|move|p1a: Sableye|Will-O-Wisp|p2a: Gengiarisama
|-status|p2a: Gengiarisama|brn
|
|-damage|p2a: Gengiarisama|229\/261 brn|[from] brn
|turn|4
|
|move|p2a: Gengiarisama|Destiny Bond|p2a: Gengiarisama
|-singlemove|p2a: Gengiarisama|Destiny Bond
|move|p1a: Sableye|Knock Off|p2a: Gengiarisama
|-crit|p2a: Gengiarisama
|-supereffective|p2a: Gengiarisama
|-damage|p2a: Gengiarisama|0 fnt
|-enditem|p2a: Gengiarisama|Life Orb|[from] move: Knock Off|[of] p1a: Sableye
|faint|p2a: Gengiarisama
|-activate|p2a: Gengiarisama|Destiny Bond
|faint|p1a: Sableye
|
|
|switch|p2a: BEAST|Terrakion|243\/323 brn
|switch|p1a: Manaphy|Manaphy|401\/401
|turn|5
|
|move|p2a: BEAST|Stealth Rock|p1a: Manaphy
|-sidestart|p1: jerry85|move: Stealth Rock
|move|p1a: Manaphy|U-turn|p2a: BEAST
|-resisted|p2a: BEAST
|-damage|p2a: BEAST|215\/323 brn
|
|switch|p1a: Excadrill|Excadrill, F|424\/424
|-damage|p1a: Excadrill|411\/424|[from] Stealth Rock
|-ability|p1a: Excadrill|Mold Breaker
|
|-heal|p1a: Excadrill|424\/424|[from] item: Leftovers
|-damage|p2a: BEAST|175\/323 brn|[from] brn
|turn|6
|
|move|p2a: BEAST|Close Combat|p1a: Excadrill
|-supereffective|p1a: Excadrill
|-damage|p1a: Excadrill|74\/424
|-unboost|p2a: BEAST|def|1
|-unboost|p2a: BEAST|spd|1
|move|p1a: Excadrill|Rapid Spin|p2a: BEAST
|-resisted|p2a: BEAST
|-damage|p2a: BEAST|158\/323 brn
|-sideend|p1: jerry85|Stealth Rock|[from] move: Rapid Spin|[of] p1a: Excadrill
|
|-heal|p1a: Excadrill|100\/424|[from] item: Leftovers
|-damage|p2a: BEAST|118\/323 brn|[from] brn
|turn|7
|
|move|p2a: BEAST|Stealth Rock|p1a: Excadrill
|-sidestart|p1: jerry85|move: Stealth Rock
|move|p1a: Excadrill|Earthquake|p2a: BEAST
|-supereffective|p2a: BEAST
|-damage|p2a: BEAST|0 fnt
|faint|p2a: BEAST
|
|-heal|p1a: Excadrill|126\/424|[from] item: Leftovers
|
|switch|p2a: flash|Thundurus, M|299\/299
|turn|8
|
|move|p2a: flash|Psychic|p1a: Excadrill
|-resisted|p1a: Excadrill
|-damage|p1a: Excadrill|62\/424
|-damage|p2a: flash|270\/299|[from] item: Life Orb
|move|p1a: Excadrill|Rapid Spin|p2a: flash
|-damage|p2a: flash|239\/299
|-sideend|p1: jerry85|Stealth Rock|[from] move: Rapid Spin|[of] p1a: Excadrill
|
|-heal|p1a: Excadrill|88\/424|[from] item: Leftovers
|turn|9
|
|move|p2a: flash|Hidden Power|p1a: Excadrill
|-crit|p1a: Excadrill
|-damage|p1a: Excadrill|0 fnt
|-damage|p2a: flash|210\/299|[from] item: Life Orb
|faint|p1a: Excadrill
|
|
|switch|p1a: Clefable|Clefable, F|393\/393
|turn|10
|
|switch|p2a: Gargantua|Gyarados, M|331\/331
|-ability|p2a: Gargantua|Intimidate|[of] p1a: Clefable
|-unboost|p1a: Clefable|atk|1
|switch|p1a: Gliscor|Gliscor, F|353\/353
|
|-status|p1a: Gliscor|tox|[from] item: Toxic Orb
|turn|11
|
|move|p2a: Gargantua|Substitute|p2a: Gargantua
|-start|p2a: Gargantua|Substitute
|-damage|p2a: Gargantua|249\/331
|move|p1a: Gliscor|U-turn|p2a: Gargantua
|-resisted|p2a: Gargantua
|-activate|p2a: Gargantua|Substitute|[damage]
|
|switch|p1a: Manaphy|Manaphy|401\/401
|
|turn|12
|
|move|p2a: Gargantua|Dragon Dance|p2a: Gargantua
|-boost|p2a: Gargantua|atk|1
|-boost|p2a: Gargantua|spe|1
|move|p1a: Manaphy|Scald|p2a: Gargantua
|-resisted|p2a: Gargantua
|-activate|p2a: Gargantua|Substitute|[damage]
|
|turn|13
|
|move|p2a: Gargantua|Dragon Dance|p2a: Gargantua
|-boost|p2a: Gargantua|atk|1
|-boost|p2a: Gargantua|spe|1
|move|p1a: Manaphy|U-turn|p2a: Gargantua
|-resisted|p2a: Gargantua
|-end|p2a: Gargantua|Substitute
|
|switch|p1a: Clefable|Clefable, F|393\/393
|
|turn|14
|
|move|p2a: Gargantua|Substitute|p2a: Gargantua
|-start|p2a: Gargantua|Substitute
|-damage|p2a: Gargantua|167\/331
|move|p1a: Clefable|Moonblast|p2a: Gargantua
|-end|p2a: Gargantua|Substitute
|
|turn|15
|
|move|p2a: Gargantua|Waterfall|p1a: Clefable
|-damage|p1a: Clefable|251\/393
|move|p1a: Clefable|Moonblast|p2a: Gargantua
|-damage|p2a: Gargantua|52\/331
|
|-heal|p1a: Clefable|275\/393|[from] item: Leftovers
|turn|16
|
|detailschange|p2a: Gargantua|Gyarados-Mega, M
|-mega|p2a: Gargantua|Gyarados|Gyaradosite
|-ability|p2a: Gargantua|Mold Breaker
|move|p2a: Gargantua|Waterfall|p1a: Clefable
|-damage|p1a: Clefable|0 fnt
|faint|p1a: Clefable
|
|
|switch|p1a: Talonflame|Talonflame, F|345\/345
|turn|17
|
|move|p1a: Talonflame|Brave Bird|p2a: Gargantua
|-damage|p2a: Gargantua|0 fnt
|-damage|p1a: Talonflame|328\/345|[from] recoil|[of] p2a: Gargantua
|faint|p2a: Gargantua
|
|-heal|p1a: Talonflame|345\/345|[from] item: Leftovers
|
|switch|p2a: flash|Thundurus, M|210\/299
|turn|18
|
|switch|p1a: Manaphy|Manaphy|401\/401
|move|p2a: flash|Thunder Wave|p1a: Manaphy
|-status|p1a: Manaphy|par
|
|turn|19
|
|switch|p2a: Biteshark|Bisharp, F|271\/271
|switch|p1a: Gliscor|Gliscor, F|353\/353 tox
|
|turn|20
|
|switch|p2a: Labitch|Latias, F|301\/301
|move|p1a: Gliscor|Stealth Rock|p2a: Labitch
|-sidestart|p2: blackssou|move: Stealth Rock
|
|turn|21
|
|move|p2a: Labitch|Defog|p1a: Gliscor
|-unboost|p1a: Gliscor|evasion|1
|-sideend|p2: blackssou|Stealth Rock|[from] move: Defog|[of] p2a: Labitch
|move|p1a: Gliscor|U-turn|p2a: Labitch
|-supereffective|p2a: Labitch
|-damage|p2a: Labitch|191\/301
|
|switch|p1a: Talonflame|Talonflame, F|345\/345
|
|turn|22
|
|move|p1a: Talonflame|Brave Bird|p2a: Labitch
|-damage|p2a: Labitch|0 fnt
|-damage|p1a: Talonflame|282\/345|[from] recoil|[of] p2a: Labitch
|faint|p2a: Labitch
|
|-heal|p1a: Talonflame|303\/345|[from] item: Leftovers
|
|switch|p2a: flash|Thundurus, M|210\/299
|turn|23
|
|switch|p1a: Manaphy|Manaphy|401\/401 par
|move|p2a: flash|Thunder Wave|p1a: Manaphy
|-fail|p1a: Manaphy|par
|
|turn|24
|
|move|p2a: flash|Thunderbolt|p1a: Manaphy
|-supereffective|p1a: Manaphy
|-damage|p1a: Manaphy|110\/401 par
|-damage|p2a: flash|181\/299|[from] item: Life Orb
|move|p1a: Manaphy|Scald|p2a: flash
|-damage|p2a: flash|67\/299
|-status|p2a: flash|brn
|
|-heal|p1a: Manaphy|135\/401 par|[from] item: Leftovers
|-damage|p2a: flash|30\/299 brn|[from] brn
|turn|25
|
|move|p2a: flash|Hidden Power|p1a: Manaphy
|-crit|p1a: Manaphy
|-resisted|p1a: Manaphy
|-damage|p1a: Manaphy|90\/401 par
|-damage|p2a: flash|1\/299 brn|[from] item: Life Orb
|move|p1a: Manaphy|Scald|p2a: flash
|-damage|p2a: flash|0 fnt
|faint|p2a: flash
|
|-heal|p1a: Manaphy|115\/401 par|[from] item: Leftovers
|
|switch|p2a: Biteshark|Bisharp, F|271\/271
|turn|26
|
|move|p2a: Biteshark|Knock Off|p1a: Manaphy
|-damage|p1a: Manaphy|0 fnt
|-enditem|p1a: Manaphy|Leftovers|[from] move: Knock Off|[of] p2a: Biteshark
|faint|p1a: Manaphy
|
|
|switch|p1a: Gliscor|Gliscor, F|353\/353 tox
|turn|27
|
|move|p2a: Biteshark|Knock Off|p1a: Gliscor
|-damage|p1a: Gliscor|203\/353 tox
|-enditem|p1a: Gliscor|Toxic Orb|[from] move: Knock Off|[of] p2a: Biteshark
|move|p1a: Gliscor|Earthquake|p2a: Biteshark
|-supereffective|p2a: Biteshark
|-damage|p2a: Biteshark|55\/271
|
|-heal|p1a: Gliscor|247\/353 tox|[from] ability: Poison Heal
|turn|28
|
|move|p2a: Biteshark|Psycho Cut|p1a: Gliscor
|-damage|p1a: Gliscor|195\/353 tox
|move|p1a: Gliscor|Earthquake|p2a: Biteshark
|-supereffective|p2a: Biteshark
|-damage|p2a: Biteshark|0 fnt
|faint|p2a: Biteshark
|
|win|jerry85
|raw|Ladder updating...
|raw|jerry85's rating: 1504 &rarr; <strong>1524<\/strong><br \/>(+20 for winning)
|raw|blackssou's rating: 1501 &rarr; <strong>1481<\/strong><br \/>(-20 for losing)
|c|âjerry85|gg