|join|PBC SenpaiRyan
|join|jerry85
|player|p1|PBC SenpaiRyan|279
|player|p2|jerry85|135
|gametype|singles
|gen|6
|tier|OU
|rated
|clearpoke
|poke|p1|Altaria, M
|poke|p1|Mew
|poke|p1|Hippowdon, F
|poke|p1|Magnezone
|poke|p1|Chansey, F
|poke|p1|Gengar, F
|poke|p2|Sableye, M
|poke|p2|Excadrill, F
|poke|p2|Manaphy
|poke|p2|Gliscor, M
|poke|p2|Talonflame, F
|poke|p2|Clefable, M
|rule|Swagger Clause: Swagger is banned
|rule|Baton Pass Clause: Limit one PokÃ©mon knowing Baton Pass
|rule|Sleep Clause Mod: Limit one foe put to sleep
|rule|Species Clause: Limit one of each PokÃ©mon
|rule|OHKO Clause: OHKO moves are banned
|rule|Moody Clause: Moody is banned
|rule|Evasion Moves Clause: Evasion moves are banned
|rule|Endless Battle Clause: Forcing endless battles is banned
|rule|HP Percentage Mod: HP is shown in percentages
|teampreview
|
|start
|switch|p1a: Magnezone|Magnezone|281\/281
|switch|p2a: Sableye|Sableye, M|303\/303
|turn|1
|
|switch|p2a: Excadrill|Excadrill, F|424\/424
|-ability|p2a: Excadrill|Mold Breaker
|move|p1a: Magnezone|Volt Switch|p2a: Excadrill
|-immune|p2a: Excadrill|[msg]
|
|turn|2
|
|switch|p1a: BAE|Hippowdon, F|419\/419
|-weather|Sandstorm
|move|p2a: Excadrill|Iron Head|p1a: BAE
|-crit|p1a: BAE
|-damage|p1a: BAE|296\/419
|
|-weather|Sandstorm|[upkeep]
|-heal|p1a: BAE|322\/419|[from] item: Leftovers
|turn|3
|
|move|p2a: Excadrill|Toxic|p1a: BAE
|-status|p1a: BAE|tox
|move|p1a: BAE|Stealth Rock|p2a: Excadrill
|-sidestart|p2: jerry85|move: Stealth Rock
|
|-weather|Sandstorm|[upkeep]
|-heal|p1a: BAE|348\/419 tox|[from] item: Leftovers
|-damage|p1a: BAE|322\/419 tox|[from] psn
|turn|4
|
|switch|p2a: Gliscor|Gliscor, M|353\/353
|-damage|p2a: Gliscor|309\/353|[from] Stealth Rock
|move|p1a: BAE|Whirlwind|p2a: Gliscor
|drag|p2a: Manaphy|Manaphy|401\/401
|-damage|p2a: Manaphy|351\/401|[from] Stealth Rock
|
|-weather|Sandstorm|[upkeep]
|-damage|p2a: Manaphy|326\/401|[from] sandstorm
|-heal|p2a: Manaphy|351\/401|[from] item: Leftovers
|-heal|p1a: BAE|348\/419 tox|[from] item: Leftovers
|-damage|p1a: BAE|296\/419 tox|[from] psn
|turn|5
|
|move|p2a: Manaphy|U-turn|p1a: BAE
|-damage|p1a: BAE|261\/419 tox
|
|switch|p2a: Gliscor|Gliscor, M|309\/353
|-damage|p2a: Gliscor|265\/353|[from] Stealth Rock
|move|p1a: BAE|Whirlwind|p2a: Gliscor
|drag|p2a: Clefable|Clefable, M|393\/393
|-damage|p2a: Clefable|344\/393|[from] Stealth Rock
|
|-weather|Sandstorm|[upkeep]
|-damage|p2a: Clefable|320\/393|[from] sandstorm
|-heal|p2a: Clefable|344\/393|[from] item: Leftovers
|-heal|p1a: BAE|287\/419 tox|[from] item: Leftovers
|-damage|p1a: BAE|209\/419 tox|[from] psn
|turn|6
|
|switch|p2a: Excadrill|Excadrill, F|424\/424
|-damage|p2a: Excadrill|411\/424|[from] Stealth Rock
|-ability|p2a: Excadrill|Mold Breaker
|switch|p1a: Wheres my stomach|Gengar, F|259\/259
|
|-weather|none
|-heal|p2a: Excadrill|424\/424|[from] item: Leftovers
|turn|7
|
|switch|p2a: Sableye|Sableye, M|303\/303
|-damage|p2a: Sableye|266\/303|[from] Stealth Rock
|move|p1a: Wheres my stomach|Focus Blast|p2a: Sableye
|-immune|p2a: Sableye|[msg]
|
|turn|8
|
|switch|p1a: Magnezone|Magnezone|281\/281
|detailschange|p2a: Sableye|Sableye-Mega, M
|-mega|p2a: Sableye|Sableye|Sablenite
|move|p2a: Sableye|Will-O-Wisp|p1a: Magnezone
|-status|p1a: Magnezone|brn
|
|-damage|p1a: Magnezone|246\/281 brn|[from] brn
|turn|9
|
|move|p1a: Magnezone|Hidden Power|p2a: Sableye
|-damage|p2a: Sableye|217\/303
|move|p2a: Sableye|Recover|p2a: Sableye
|-heal|p2a: Sableye|303\/303
|
|-damage|p1a: Magnezone|211\/281 brn|[from] brn
|turn|10
|
|switch|p1a: Waifu|Altaria, M|291\/291
|switch|p2a: Excadrill|Excadrill, F|424\/424
|-damage|p2a: Excadrill|411\/424|[from] Stealth Rock
|-ability|p2a: Excadrill|Mold Breaker
|
|-heal|p2a: Excadrill|424\/424|[from] item: Leftovers
|turn|11
|
|move|p1a: Waifu|Dragon Dance|p1a: Waifu
|-boost|p1a: Waifu|atk|1
|-boost|p1a: Waifu|spe|1
|move|p2a: Excadrill|Rapid Spin|p1a: Waifu
|-damage|p1a: Waifu|267\/291
|-sideend|p2: jerry85|Stealth Rock|[from] move: Rapid Spin|[of] p2a: Excadrill
|
|turn|12
|
|switch|p2a: Clefable|Clefable, M|344\/393
|move|p1a: Waifu|Dragon Dance|p1a: Waifu
|-boost|p1a: Waifu|atk|1
|-boost|p1a: Waifu|spe|1
|
|-heal|p2a: Clefable|368\/393|[from] item: Leftovers
|turn|13
|
|detailschange|p1a: Waifu|Altaria-Mega, M
|-mega|p1a: Waifu|Altaria|Altarianite
|move|p1a: Waifu|Frustration|p2a: Clefable
|-damage|p2a: Clefable|154\/393
|move|p2a: Clefable|Moonblast|p1a: Waifu
|-supereffective|p1a: Waifu
|-damage|p1a: Waifu|45\/291
|-unboost|p1a: Waifu|spa|1
|
|-heal|p2a: Clefable|178\/393|[from] item: Leftovers
|turn|14
|
|move|p1a: Waifu|Roost|p1a: Waifu
|-heal|p1a: Waifu|191\/291
|move|p2a: Clefable|Moonlight|p2a: Clefable
|-heal|p2a: Clefable|374\/393
|
|-heal|p2a: Clefable|393\/393|[from] item: Leftovers
|turn|15
|
|switch|p1a: Wheres my stomach|Gengar, F|259\/259
|move|p2a: Clefable|Moonblast|p1a: Wheres my stomach
|-resisted|p1a: Wheres my stomach
|-damage|p1a: Wheres my stomach|187\/259
|
|turn|16
|
|switch|p1a: Waifu|Altaria-Mega, M|191\/291
|switch|p2a: Sableye|Sableye-Mega, M|303\/303
|
|turn|17
|
|switch|p2a: Clefable|Clefable, M|393\/393
|move|p1a: Waifu|Frustration|p2a: Clefable
|-damage|p2a: Clefable|164\/393
|
|-heal|p2a: Clefable|188\/393|[from] item: Leftovers
|turn|18
|
|switch|p2a: Talonflame|Talonflame, F|345\/345
|move|p1a: Waifu|Frustration|p2a: Talonflame
|-resisted|p2a: Talonflame
|-damage|p2a: Talonflame|199\/345
|
|-heal|p2a: Talonflame|220\/345|[from] item: Leftovers
|turn|19
|
|move|p2a: Talonflame|Will-O-Wisp|p1a: Waifu
|-status|p1a: Waifu|brn
|move|p1a: Waifu|Earthquake|p2a: Talonflame
|-immune|p2a: Talonflame|[msg]
|
|-heal|p2a: Talonflame|241\/345|[from] item: Leftovers
|-damage|p1a: Waifu|155\/291 brn|[from] brn
|turn|20
|c|âPBC SenpaiRyan|nice
|
|switch|p1a: Chansey|Chansey, F|703\/703
|move|p2a: Talonflame|Roost|p2a: Talonflame
|-heal|p2a: Talonflame|345\/345
|
|turn|21
|
|move|p2a: Talonflame|Taunt|p1a: Chansey
|-start|p1a: Chansey|move: Taunt
|cant|p1a: Chansey|move: Taunt|Aromatherapy
|
|turn|22
|
|switch|p1a: BAE|Hippowdon, F|209\/419 tox
|-weather|Sandstorm
|move|p2a: Talonflame|Will-O-Wisp|p1a: BAE
|-fail|p1a: BAE
|
|-weather|Sandstorm|[upkeep]
|-damage|p2a: Talonflame|324\/345|[from] sandstorm
|-heal|p2a: Talonflame|345\/345|[from] item: Leftovers
|-heal|p1a: BAE|235\/419 tox|[from] item: Leftovers
|-damage|p1a: BAE|209\/419 tox|[from] psn
|turn|23
|
|switch|p2a: Gliscor|Gliscor, M|265\/353
|move|p1a: BAE|Stealth Rock|p2a: Gliscor
|-sidestart|p2: jerry85|move: Stealth Rock
|
|-weather|Sandstorm|[upkeep]
|-heal|p1a: BAE|235\/419 tox|[from] item: Leftovers
|-damage|p1a: BAE|183\/419 tox|[from] psn
|-status|p2a: Gliscor|tox|[from] item: Toxic Orb
|turn|24
|
|switch|p1a: Chansey|Chansey, F|703\/703
|move|p2a: Gliscor|Stealth Rock|p1a: Chansey
|-sidestart|p1: PBC SenpaiRyan|move: Stealth Rock
|
|-weather|Sandstorm|[upkeep]
|-damage|p1a: Chansey|660\/703|[from] sandstorm
|-heal|p2a: Gliscor|309\/353 tox|[from] ability: Poison Heal
|turn|25
|
|move|p2a: Gliscor|Taunt|p1a: Chansey
|-start|p1a: Chansey|move: Taunt
|cant|p1a: Chansey|move: Taunt|Aromatherapy
|
|-weather|Sandstorm|[upkeep]
|-damage|p1a: Chansey|617\/703|[from] sandstorm
|-heal|p2a: Gliscor|353\/353 tox|[from] ability: Poison Heal
|turn|26
|c|âjerry85|xd
|c|âPBC SenpaiRyan|damn you
|c|âPBC SenpaiRyan|;)
|
|switch|p1a: Mew|Mew|341\/341
|-damage|p1a: Mew|299\/341|[from] Stealth Rock
|move|p2a: Gliscor|U-turn|p1a: Mew
|-crit|p1a: Mew
|-supereffective|p1a: Mew
|-damage|p1a: Mew|147\/341
|
|switch|p2a: Clefable|Clefable, M|188\/393
|-damage|p2a: Clefable|139\/393|[from] Stealth Rock
|
|-weather|none
|-heal|p2a: Clefable|163\/393|[from] item: Leftovers
|turn|27
|
|switch|p1a: Chansey|Chansey, F|617\/703
|-damage|p1a: Chansey|530\/703|[from] Stealth Rock
|move|p2a: Clefable|Moonlight|p2a: Clefable
|-heal|p2a: Clefable|359\/393
|
|-heal|p2a: Clefable|383\/393|[from] item: Leftovers
|turn|28
|
|switch|p2a: Excadrill|Excadrill, F|424\/424
|-damage|p2a: Excadrill|411\/424|[from] Stealth Rock
|-ability|p2a: Excadrill|Mold Breaker
|move|p1a: Chansey|Aromatherapy|p1a: Chansey
|-cureteam|p1a: Chansey|[from] move: Aromatherapy
|
|-heal|p2a: Excadrill|424\/424|[from] item: Leftovers
|turn|29
|
|switch|p1a: Mew|Mew|147\/341
|-damage|p1a: Mew|105\/341|[from] Stealth Rock
|move|p2a: Excadrill|Earthquake|p1a: Mew
|-damage|p1a: Mew|0 fnt
|faint|p1a: Mew
|
|
|switch|p1a: BAE|Hippowdon, F|183\/419
|-damage|p1a: BAE|157\/419|[from] Stealth Rock
|-weather|Sandstorm
|turn|30
|
|move|p2a: Excadrill|Rapid Spin|p1a: BAE
|-damage|p1a: BAE|144\/419
|-sideend|p2: jerry85|Stealth Rock|[from] move: Rapid Spin|[of] p2a: Excadrill
|move|p1a: BAE|Slack Off|p1a: BAE
|-heal|p1a: BAE|354\/419
|
|-weather|Sandstorm|[upkeep]
|-heal|p1a: BAE|380\/419|[from] item: Leftovers
|turn|31
|
|move|p2a: Excadrill|Toxic|p1a: BAE
|-status|p1a: BAE|tox
|move|p1a: BAE|Stealth Rock|p2a: Excadrill
|-sidestart|p2: jerry85|move: Stealth Rock
|
|-weather|Sandstorm|[upkeep]
|-heal|p1a: BAE|406\/419 tox|[from] item: Leftovers
|-damage|p1a: BAE|380\/419 tox|[from] psn
|turn|32
|
|switch|p2a: Gliscor|Gliscor, M|353\/353 tox
|-damage|p2a: Gliscor|309\/353 tox|[from] Stealth Rock
|move|p1a: BAE|Earthquake|p2a: Gliscor
|-immune|p2a: Gliscor|[msg]
|
|-weather|Sandstorm|[upkeep]
|-heal|p1a: BAE|406\/419 tox|[from] item: Leftovers
|-heal|p2a: Gliscor|353\/353 tox|[from] ability: Poison Heal
|-damage|p1a: BAE|354\/419 tox|[from] psn
|turn|33
|
|move|p2a: Gliscor|U-turn|p1a: BAE
|-damage|p1a: BAE|319\/419 tox
|
|switch|p2a: Excadrill|Excadrill, F|424\/424
|-damage|p2a: Excadrill|411\/424|[from] Stealth Rock
|-ability|p2a: Excadrill|Mold Breaker
|move|p1a: BAE|Whirlwind|p2a: Excadrill
|drag|p2a: Manaphy|Manaphy|351\/401
|-damage|p2a: Manaphy|301\/401|[from] Stealth Rock
|
|-weather|Sandstorm|[upkeep]
|-damage|p2a: Manaphy|276\/401|[from] sandstorm
|-heal|p2a: Manaphy|301\/401|[from] item: Leftovers
|-heal|p1a: BAE|345\/419 tox|[from] item: Leftovers
|-damage|p1a: BAE|267\/419 tox|[from] psn
|turn|34
|
|switch|p1a: Magnezone|Magnezone|211\/281
|-damage|p1a: Magnezone|194\/281|[from] Stealth Rock
|move|p2a: Manaphy|Scald|p1a: Magnezone
|-damage|p1a: Magnezone|89\/281
|-status|p1a: Magnezone|brn
|
|-weather|none
|-heal|p2a: Manaphy|326\/401|[from] item: Leftovers
|-damage|p1a: Magnezone|54\/281 brn|[from] brn
|turn|35
|
|switch|p2a: Excadrill|Excadrill, F|411\/424
|-damage|p2a: Excadrill|398\/424|[from] Stealth Rock
|-ability|p2a: Excadrill|Mold Breaker
|move|p1a: Magnezone|Volt Switch|p2a: Excadrill
|-immune|p2a: Excadrill|[msg]
|
|-heal|p2a: Excadrill|424\/424|[from] item: Leftovers
|-damage|p1a: Magnezone|19\/281 brn|[from] brn
|turn|36
|
|switch|p1a: Wheres my stomach|Gengar, F|187\/259
|-damage|p1a: Wheres my stomach|155\/259|[from] Stealth Rock
|move|p2a: Excadrill|Rapid Spin|p1a: Wheres my stomach
|-immune|p1a: Wheres my stomach|[msg]
|
|turn|37
|c|âjerry85|....
|
|move|p1a: Wheres my stomach|Shadow Ball|p2a: Excadrill
|-damage|p2a: Excadrill|241\/424
|-damage|p1a: Wheres my stomach|130\/259|[from] item: Life Orb
|move|p2a: Excadrill|Earthquake|p1a: Wheres my stomach
|-supereffective|p1a: Wheres my stomach
|-damage|p1a: Wheres my stomach|0 fnt
|faint|p1a: Wheres my stomach
|
|-heal|p2a: Excadrill|267\/424|[from] item: Leftovers
|
|switch|p1a: Waifu|Altaria-Mega, M|155\/291
|-damage|p1a: Waifu|119\/291|[from] Stealth Rock
|turn|38
|
|move|p1a: Waifu|Earthquake|p2a: Excadrill
|-supereffective|p2a: Excadrill
|-damage|p2a: Excadrill|0 fnt
|faint|p2a: Excadrill
|
|
|switch|p2a: Talonflame|Talonflame, F|345\/345
|-damage|p2a: Talonflame|173\/345|[from] Stealth Rock
|turn|39
|
|move|p2a: Talonflame|Roost|p2a: Talonflame
|-heal|p2a: Talonflame|345\/345
|move|p1a: Waifu|Earthquake|p2a: Talonflame
|-supereffective|p2a: Talonflame
|-damage|p2a: Talonflame|57\/345
|
|-heal|p2a: Talonflame|78\/345|[from] item: Leftovers
|turn|40
|
|switch|p1a: BAE|Hippowdon, F|267\/419 tox
|-damage|p1a: BAE|241\/419 tox|[from] Stealth Rock
|-weather|Sandstorm
|move|p2a: Talonflame|Brave Bird|p1a: BAE
|-damage|p1a: BAE|138\/419 tox
|-damage|p2a: Talonflame|44\/345|[from] recoil|[of] p1a: BAE
|
|-weather|Sandstorm|[upkeep]
|-damage|p2a: Talonflame|23\/345|[from] sandstorm
|-heal|p2a: Talonflame|44\/345|[from] item: Leftovers
|-heal|p1a: BAE|164\/419 tox|[from] item: Leftovers
|-damage|p1a: BAE|138\/419 tox|[from] psn
|turn|41
|
|move|p2a: Talonflame|Roost|p2a: Talonflame
|-heal|p2a: Talonflame|217\/345
|move|p1a: BAE|Earthquake|p2a: Talonflame
|-crit|p2a: Talonflame
|-supereffective|p2a: Talonflame
|-damage|p2a: Talonflame|0 fnt
|faint|p2a: Talonflame
|
|-weather|Sandstorm|[upkeep]
|-heal|p1a: BAE|164\/419 tox|[from] item: Leftovers
|-damage|p1a: BAE|112\/419 tox|[from] psn
|
|switch|p2a: Manaphy|Manaphy|326\/401
|-damage|p2a: Manaphy|276\/401|[from] Stealth Rock
|turn|42
|
|move|p2a: Manaphy|Rain Dance|p2a: Manaphy
|-weather|RainDance
|move|p1a: BAE|Slack Off|p1a: BAE
|-heal|p1a: BAE|322\/419 tox
|
|-weather|RainDance|[upkeep]
|-heal|p2a: Manaphy|301\/401|[from] item: Leftovers
|-heal|p1a: BAE|348\/419 tox|[from] item: Leftovers
|-damage|p1a: BAE|270\/419 tox|[from] psn
|turn|43
|
|switch|p1a: Chansey|Chansey, F|530\/703
|-damage|p1a: Chansey|443\/703|[from] Stealth Rock
|move|p2a: Manaphy|Scald|p1a: Chansey
|-damage|p1a: Chansey|353\/703
|
|-weather|RainDance|[upkeep]
|-heal|p2a: Manaphy|326\/401|[from] item: Leftovers
|turn|44
|
|move|p2a: Manaphy|Scald|p1a: Chansey
|-damage|p1a: Chansey|265\/703
|move|p1a: Chansey|Seismic Toss|p2a: Manaphy
|-damage|p2a: Manaphy|226\/401
|
|-weather|RainDance|[upkeep]
|-heal|p2a: Manaphy|251\/401|[from] item: Leftovers
|turn|45
|
|move|p2a: Manaphy|Scald|p1a: Chansey
|-damage|p1a: Chansey|181\/703
|move|p1a: Chansey|Soft-Boiled|p1a: Chansey
|-heal|p1a: Chansey|533\/703
|
|-weather|RainDance|[upkeep]
|-heal|p2a: Manaphy|276\/401|[from] item: Leftovers
|turn|46
|
|move|p2a: Manaphy|Scald|p1a: Chansey
|-damage|p1a: Chansey|436\/703
|move|p1a: Chansey|Seismic Toss|p2a: Manaphy
|-damage|p2a: Manaphy|176\/401
|
|-weather|none
|-heal|p2a: Manaphy|201\/401|[from] item: Leftovers
|turn|47
|
|move|p2a: Manaphy|Rain Dance|p2a: Manaphy
|-weather|RainDance
|move|p1a: Chansey|Aromatherapy|p1a: Chansey
|-cureteam|p1a: Chansey|[from] move: Aromatherapy
|
|-weather|RainDance|[upkeep]
|-heal|p2a: Manaphy|226\/401|[from] item: Leftovers
|turn|48
|
|move|p2a: Manaphy|Rest|p2a: Manaphy
|-status|p2a: Manaphy|slp
|-heal|p2a: Manaphy|401\/401 slp|[silent]
|-status|p2a: Manaphy|slp|[from] move: Rest
|move|p1a: Chansey|Seismic Toss|p2a: Manaphy
|-damage|p2a: Manaphy|301\/401 slp
|
|-weather|RainDance|[upkeep]
|-curestatus|p2a: Manaphy|slp
|-heal|p2a: Manaphy|326\/401|[from] item: Leftovers
|turn|49
|
|move|p2a: Manaphy|Scald|p1a: Chansey
|-damage|p1a: Chansey|352\/703
|move|p1a: Chansey|Seismic Toss|p2a: Manaphy
|-damage|p2a: Manaphy|226\/401
|
|-weather|RainDance|[upkeep]
|-heal|p2a: Manaphy|251\/401|[from] item: Leftovers
|turn|50
|
|move|p2a: Manaphy|Scald|p1a: Chansey
|-damage|p1a: Chansey|259\/703
|move|p1a: Chansey|Seismic Toss|p2a: Manaphy
|-damage|p2a: Manaphy|151\/401
|
|-weather|RainDance|[upkeep]
|-heal|p2a: Manaphy|176\/401|[from] item: Leftovers
|turn|51
|
|switch|p1a: BAE|Hippowdon, F|270\/419
|-damage|p1a: BAE|244\/419|[from] Stealth Rock
|-weather|Sandstorm
|move|p2a: Manaphy|Scald|p1a: BAE
|-crit|p1a: BAE
|-supereffective|p1a: BAE
|-damage|p1a: BAE|0 fnt
|faint|p1a: BAE
|
|-weather|Sandstorm|[upkeep]
|-damage|p2a: Manaphy|151\/401|[from] sandstorm
|-heal|p2a: Manaphy|176\/401|[from] item: Leftovers
|
|switch|p1a: Chansey|Chansey, F|259\/703
|-damage|p1a: Chansey|172\/703|[from] Stealth Rock
|turn|52
|c|âPBC SenpaiRyan|ok i had a plan until i realized i had 6% on magnezone xD
|c|âPBC SenpaiRyan|damn cancel button
|
|move|p2a: Manaphy|Rain Dance|p2a: Manaphy
|-weather|RainDance
|move|p1a: Chansey|Soft-Boiled|p1a: Chansey
|-heal|p1a: Chansey|524\/703
|
|-weather|RainDance|[upkeep]
|-heal|p2a: Manaphy|201\/401|[from] item: Leftovers
|turn|53
|
|move|p2a: Manaphy|Scald|p1a: Chansey
|-damage|p1a: Chansey|431\/703
|-status|p1a: Chansey|brn
|move|p1a: Chansey|Seismic Toss|p2a: Manaphy
|-damage|p2a: Manaphy|101\/401
|
|-weather|RainDance|[upkeep]
|-heal|p2a: Manaphy|126\/401|[from] item: Leftovers
|-damage|p1a: Chansey|344\/703 brn|[from] brn
|turn|54
|
|move|p2a: Manaphy|Rest|p2a: Manaphy
|-status|p2a: Manaphy|slp
|-heal|p2a: Manaphy|401\/401 slp|[silent]
|-status|p2a: Manaphy|slp|[from] move: Rest
|move|p1a: Chansey|Aromatherapy|p1a: Chansey
|-cureteam|p1a: Chansey|[from] move: Aromatherapy
|
|-weather|RainDance|[upkeep]
|-curestatus|p2a: Manaphy|slp
|turn|55
|
|move|p2a: Manaphy|Scald|p1a: Chansey
|-damage|p1a: Chansey|251\/703
|move|p1a: Chansey|Seismic Toss|p2a: Manaphy
|-damage|p2a: Manaphy|301\/401
|
|-weather|RainDance|[upkeep]
|-heal|p2a: Manaphy|326\/401|[from] item: Leftovers
|turn|56
|
|switch|p2a: Sableye|Sableye-Mega, M|303\/303
|-damage|p2a: Sableye|266\/303|[from] Stealth Rock
|move|p1a: Chansey|Soft-Boiled|p1a: Chansey
|-heal|p1a: Chansey|603\/703
|
|-weather|none
|turn|57
|
|move|p1a: Chansey|Soft-Boiled|p1a: Chansey
|-heal|p1a: Chansey|703\/703
|move|p2a: Sableye|Will-O-Wisp|p1a: Chansey
|-status|p1a: Chansey|brn
|
|-damage|p1a: Chansey|616\/703 brn|[from] brn
|turn|58
|
|switch|p1a: Magnezone|Magnezone|19\/281
|-damage|p1a: Magnezone|2\/281|[from] Stealth Rock
|move|p2a: Sableye|Will-O-Wisp|p1a: Magnezone
|-status|p1a: Magnezone|brn
|
|-damage|p1a: Magnezone|0 fnt|[from] brn
|faint|p1a: Magnezone
|
|switch|p1a: Waifu|Altaria-Mega, M|119\/291
|-damage|p1a: Waifu|83\/291|[from] Stealth Rock
|turn|59
|
|move|p1a: Waifu|Frustration|p2a: Sableye
|-supereffective|p2a: Sableye
|-damage|p2a: Sableye|0 fnt
|faint|p2a: Sableye
|
|
|switch|p2a: Clefable|Clefable, M|383\/393
|-damage|p2a: Clefable|334\/393|[from] Stealth Rock
|turn|60
|
|switch|p1a: Chansey|Chansey, F|616\/703
|-damage|p1a: Chansey|529\/703|[from] Stealth Rock
|move|p2a: Clefable|Moonblast|p1a: Chansey
|-damage|p1a: Chansey|465\/703
|
|-heal|p2a: Clefable|358\/393|[from] item: Leftovers
|turn|61
|
|move|p2a: Clefable|Calm Mind|p2a: Clefable
|-boost|p2a: Clefable|spa|1
|-boost|p2a: Clefable|spd|1
|move|p1a: Chansey|Thunder Wave|p2a: Clefable
|-status|p2a: Clefable|par
|
|-heal|p2a: Clefable|382\/393 par|[from] item: Leftovers
|turn|62
|
|move|p1a: Chansey|Seismic Toss|p2a: Clefable
|-damage|p2a: Clefable|282\/393 par
|move|p2a: Clefable|Aromatherapy|p2a: Clefable
|-cureteam|p2a: Clefable|[from] move: Aromatherapy
|
|-heal|p2a: Clefable|306\/393|[from] item: Leftovers
|turn|63
|
|move|p2a: Clefable|Calm Mind|p2a: Clefable
|-boost|p2a: Clefable|spa|1
|-boost|p2a: Clefable|spd|1
|move|p1a: Chansey|Thunder Wave|p2a: Clefable
|-status|p2a: Clefable|par
|
|-heal|p2a: Clefable|330\/393 par|[from] item: Leftovers
|turn|64
|
|move|p1a: Chansey|Seismic Toss|p2a: Clefable
|-damage|p2a: Clefable|230\/393 par
|cant|p2a: Clefable|par
|
|-heal|p2a: Clefable|254\/393 par|[from] item: Leftovers
|turn|65
|
|move|p1a: Chansey|Seismic Toss|p2a: Clefable
|-damage|p2a: Clefable|154\/393 par
|move|p2a: Clefable|Aromatherapy|p2a: Clefable
|-cureteam|p2a: Clefable|[from] move: Aromatherapy
|
|-heal|p2a: Clefable|178\/393|[from] item: Leftovers
|turn|66
|
|move|p2a: Clefable|Moonlight|p2a: Clefable
|-heal|p2a: Clefable|374\/393
|move|p1a: Chansey|Thunder Wave|p2a: Clefable
|-status|p2a: Clefable|par
|
|-heal|p2a: Clefable|393\/393 par|[from] item: Leftovers
|turn|67
|
|move|p1a: Chansey|Seismic Toss|p2a: Clefable
|-damage|p2a: Clefable|293\/393 par
|move|p2a: Clefable|Aromatherapy|p2a: Clefable
|-cureteam|p2a: Clefable|[from] move: Aromatherapy
|
|-heal|p2a: Clefable|317\/393|[from] item: Leftovers
|turn|68
|
|switch|p2a: Gliscor|Gliscor, M|353\/353
|-damage|p2a: Gliscor|309\/353|[from] Stealth Rock
|move|p1a: Chansey|Thunder Wave|p2a: Gliscor
|-immune|p2a: Gliscor|[msg]
|
|-status|p2a: Gliscor|tox|[from] item: Toxic Orb
|turn|69
|
|move|p2a: Gliscor|Taunt|p1a: Chansey
|-start|p1a: Chansey|move: Taunt
|cant|p1a: Chansey|move: Taunt|Soft-Boiled
|
|-heal|p2a: Gliscor|353\/353 tox|[from] ability: Poison Heal
|turn|70
|
|move|p2a: Gliscor|Earthquake|p1a: Chansey
|-damage|p1a: Chansey|311\/703
|move|p1a: Chansey|Seismic Toss|p2a: Gliscor
|-damage|p2a: Gliscor|253\/353 tox
|
|-heal|p2a: Gliscor|297\/353 tox|[from] ability: Poison Heal
|turn|71
|
|move|p2a: Gliscor|Earthquake|p1a: Chansey
|-damage|p1a: Chansey|149\/703
|move|p1a: Chansey|Seismic Toss|p2a: Gliscor
|-damage|p2a: Gliscor|197\/353 tox
|
|-heal|p2a: Gliscor|241\/353 tox|[from] ability: Poison Heal
|-end|p1a: Chansey|move: Taunt
|turn|72
|
|switch|p1a: Waifu|Altaria-Mega, M|83\/291
|-damage|p1a: Waifu|47\/291|[from] Stealth Rock
|move|p2a: Gliscor|Taunt|p1a: Waifu
|-start|p1a: Waifu|move: Taunt
|
|-heal|p2a: Gliscor|285\/353 tox|[from] ability: Poison Heal
|turn|73
|c|âPBC SenpaiRyan|gg wp
|c|âjerry85|ggs
|
|move|p1a: Waifu|Frustration|p2a: Gliscor
|-damage|p2a: Gliscor|152\/353 tox
|move|p2a: Gliscor|Earthquake|p1a: Waifu
|-damage|p1a: Waifu|0 fnt
|faint|p1a: Waifu
|
|-heal|p2a: Gliscor|196\/353 tox|[from] ability: Poison Heal
|c|âPBC SenpaiRyan|long ass game
|c|âjerry85|yeah xd
|
|switch|p1a: Chansey|Chansey, F|149\/703
|-damage|p1a: Chansey|62\/703|[from] Stealth Rock
|turn|74
|
|move|p2a: Gliscor|Earthquake|p1a: Chansey
|-damage|p1a: Chansey|0 fnt
|faint|p1a: Chansey
|
|win|jerry85
|raw|Ladder updating...
|raw|PBC SenpaiRyan's rating: 1569 &rarr; <strong>1552<\/strong><br \/>(-17 for losing)
|raw|jerry85's rating: 1629 &rarr; <strong>1645<\/strong><br \/>(+16 for winning)