|join|loverss gotta love
|join|jerry85
|player|p1|loverss gotta love|266
|player|p2|jerry85|135
|gametype|singles
|gen|6
|tier|OU
|rated
|clearpoke
|poke|p1|Celebi
|poke|p1|Charizard, F
|poke|p1|Clefable, F
|poke|p1|Keldeo-Resolute
|poke|p1|Tyranitar, M
|poke|p1|Excadrill, M
|poke|p2|Sableye, F
|poke|p2|Excadrill, F
|poke|p2|Manaphy
|poke|p2|Gliscor, F
|poke|p2|Talonflame, F
|poke|p2|Clefable, F
|rule|Swagger Clause: Swagger is banned
|rule|Baton Pass Clause: Limit one PokÃ©mon knowing Baton Pass
|rule|Sleep Clause Mod: Limit one foe put to sleep
|rule|Species Clause: Limit one of each PokÃ©mon
|rule|OHKO Clause: OHKO moves are banned
|rule|Moody Clause: Moody is banned
|rule|Evasion Moves Clause: Evasion moves are banned
|rule|Endless Battle Clause: Forcing endless battles is banned
|rule|HP Percentage Mod: HP is shown in percentages
|teampreview
|
|start
|switch|p1a: Charizard|Charizard, F|315\/315
|switch|p2a: Sableye|Sableye, F|303\/303
|turn|1
|
|switch|p2a: Manaphy|Manaphy|401\/401
|detailschange|p1a: Charizard|Charizard-Mega-X, F
|-mega|p1a: Charizard|Charizard|Charizardite X
|move|p1a: Charizard|Flare Blitz|p2a: Manaphy
|-resisted|p2a: Manaphy
|-damage|p2a: Manaphy|266\/401
|-damage|p1a: Charizard|270\/315|[from] recoil|[of] p2a: Manaphy
|
|-heal|p2a: Manaphy|291\/401|[from] item: Leftovers
|turn|2
|
|switch|p2a: Clefable|Clefable, F|393\/393
|move|p1a: Charizard|Dragon Claw|p2a: Clefable
|-immune|p2a: Clefable|[msg]
|
|turn|3
|
|switch|p1a: Celebi|Celebi|404\/404
|switch|p2a: Manaphy|Manaphy|291\/401
|
|-heal|p2a: Manaphy|316\/401|[from] item: Leftovers
|turn|4
|
|switch|p2a: Talonflame|Talonflame, F|345\/345
|move|p1a: Celebi|Substitute|p1a: Celebi
|-start|p1a: Celebi|Substitute
|-damage|p1a: Celebi|303\/404
|
|-heal|p1a: Celebi|328\/404|[from] item: Leftovers
|turn|5
|
|move|p2a: Talonflame|Brave Bird|p1a: Celebi
|-supereffective|p1a: Celebi
|-end|p1a: Celebi|Substitute
|-damage|p2a: Talonflame|312\/345|[from] recoil|[of] p1a: Celebi
|move|p1a: Celebi|Baton Pass|p1a: Celebi
|
|switch|p1a: Tyranitar|Tyranitar, M|404\/404
|-weather|Sandstorm
|
|-weather|Sandstorm|[upkeep]
|-damage|p2a: Talonflame|291\/345|[from] sandstorm
|-heal|p2a: Talonflame|312\/345|[from] item: Leftovers
|turn|6
|
|move|p2a: Talonflame|Will-O-Wisp|p1a: Tyranitar
|-status|p1a: Tyranitar|brn
|move|p1a: Tyranitar|Thunder Wave|p2a: Talonflame
|-status|p2a: Talonflame|par
|
|-weather|Sandstorm|[upkeep]
|-damage|p2a: Talonflame|291\/345 par|[from] sandstorm
|-heal|p2a: Talonflame|312\/345 par|[from] item: Leftovers
|-damage|p1a: Tyranitar|354\/404 brn|[from] brn
|turn|7
|
|switch|p2a: Clefable|Clefable, F|393\/393
|move|p1a: Tyranitar|Stealth Rock|p2a: Clefable
|-sidestart|p2: jerry85|move: Stealth Rock
|
|-weather|Sandstorm|[upkeep]
|-damage|p2a: Clefable|369\/393|[from] sandstorm
|-heal|p2a: Clefable|393\/393|[from] item: Leftovers
|-damage|p1a: Tyranitar|304\/404 brn|[from] brn
|turn|8
|
|switch|p1a: Excadrill|Excadrill, M|361\/361
|-item|p1a: Excadrill|Air Balloon
|move|p2a: Clefable|Aromatherapy|p2a: Clefable
|-cureteam|p2a: Clefable|[from] move: Aromatherapy
|
|-weather|Sandstorm|[upkeep]
|-damage|p2a: Clefable|369\/393|[from] sandstorm
|-heal|p2a: Clefable|393\/393|[from] item: Leftovers
|turn|9
|
|switch|p2a: Gliscor|Gliscor, F|353\/353
|-damage|p2a: Gliscor|309\/353|[from] Stealth Rock
|move|p1a: Excadrill|Iron Head|p2a: Gliscor
|-crit|p2a: Gliscor
|-damage|p2a: Gliscor|164\/353
|
|-weather|Sandstorm|[upkeep]
|-status|p2a: Gliscor|tox|[from] item: Toxic Orb
|turn|10
|
|move|p1a: Excadrill|Iron Head|p2a: Gliscor
|-damage|p2a: Gliscor|70\/353 tox
|move|p2a: Gliscor|U-turn|p1a: Excadrill
|-resisted|p1a: Excadrill
|-damage|p1a: Excadrill|325\/361
|-enditem|p1a: Excadrill|Air Balloon
|
|switch|p2a: Manaphy|Manaphy|316\/401
|-damage|p2a: Manaphy|266\/401|[from] Stealth Rock
|
|-weather|Sandstorm|[upkeep]
|-damage|p2a: Manaphy|241\/401|[from] sandstorm
|-heal|p2a: Manaphy|266\/401|[from] item: Leftovers
|turn|11
|
|switch|p1a: Celebi|Celebi|328\/404
|move|p2a: Manaphy|U-turn|p1a: Celebi
|-supereffective|p1a: Celebi
|-damage|p1a: Celebi|176\/404
|
|switch|p2a: Sableye|Sableye, F|303\/303
|-damage|p2a: Sableye|266\/303|[from] Stealth Rock
|
|-weather|Sandstorm|[upkeep]
|-damage|p1a: Celebi|151\/404|[from] sandstorm
|-damage|p2a: Sableye|248\/303|[from] sandstorm
|-heal|p1a: Celebi|176\/404|[from] item: Leftovers
|turn|12
|
|switch|p1a: Clefable|Clefable, F|394\/394
|detailschange|p2a: Sableye|Sableye-Mega, F
|-mega|p2a: Sableye|Sableye|Sablenite
|move|p2a: Sableye|Foul Play|p1a: Clefable
|-resisted|p1a: Clefable
|-damage|p1a: Clefable|360\/394
|
|-weather|none
|-heal|p1a: Clefable|384\/394|[from] item: Leftovers
|turn|13
|
|switch|p2a: Excadrill|Excadrill, F|424\/424
|-damage|p2a: Excadrill|411\/424|[from] Stealth Rock
|-ability|p2a: Excadrill|Mold Breaker
|move|p1a: Clefable|Moonblast|p2a: Excadrill
|-resisted|p2a: Excadrill
|-damage|p2a: Excadrill|360\/424
|
|-heal|p2a: Excadrill|386\/424|[from] item: Leftovers
|-heal|p1a: Clefable|394\/394|[from] item: Leftovers
|turn|14
|
|switch|p1a: Keldeo-Resolute|Keldeo-Resolute|323\/323
|move|p2a: Excadrill|Rapid Spin|p1a: Keldeo-Resolute
|-damage|p1a: Keldeo-Resolute|300\/323
|-sideend|p2: jerry85|Stealth Rock|[from] move: Rapid Spin|[of] p2a: Excadrill
|
|-heal|p2a: Excadrill|412\/424|[from] item: Leftovers
|turn|15
|
|switch|p2a: Manaphy|Manaphy|266\/401
|move|p1a: Keldeo-Resolute|Secret Sword|p2a: Manaphy
|-damage|p2a: Manaphy|121\/401
|
|-heal|p2a: Manaphy|146\/401|[from] item: Leftovers
|turn|16
|
|switch|p2a: Clefable|Clefable, F|393\/393
|move|p1a: Keldeo-Resolute|Secret Sword|p2a: Clefable
|-crit|p2a: Clefable
|-resisted|p2a: Clefable
|-damage|p2a: Clefable|270\/393
|
|-heal|p2a: Clefable|294\/393|[from] item: Leftovers
|turn|17
|
|switch|p1a: Excadrill|Excadrill, M|325\/361
|switch|p2a: Manaphy|Manaphy|146\/401
|
|-heal|p2a: Manaphy|171\/401|[from] item: Leftovers
|turn|18
|
|move|p1a: Excadrill|Rock Slide|p2a: Manaphy
|-damage|p2a: Manaphy|74\/401
|move|p2a: Manaphy|Scald|p1a: Excadrill
|-supereffective|p1a: Excadrill
|-damage|p1a: Excadrill|37\/361
|
|-heal|p2a: Manaphy|99\/401|[from] item: Leftovers
|turn|19
|
|switch|p2a: Gliscor|Gliscor, F|70\/353 tox
|move|p1a: Excadrill|Earthquake|p2a: Gliscor
|-immune|p2a: Gliscor|[msg]
|
|-heal|p2a: Gliscor|114\/353 tox|[from] ability: Poison Heal
|turn|20
|
|move|p1a: Excadrill|Iron Head|p2a: Gliscor
|-damage|p2a: Gliscor|11\/353 tox
|move|p2a: Gliscor|Earthquake|p1a: Excadrill
|-supereffective|p1a: Excadrill
|-damage|p1a: Excadrill|0 fnt
|faint|p1a: Excadrill
|
|-heal|p2a: Gliscor|55\/353 tox|[from] ability: Poison Heal
|
|switch|p1a: Charizard|Charizard-Mega-X, F|270\/315
|turn|21
|
|move|p1a: Charizard|Flare Blitz|p2a: Gliscor
|-damage|p2a: Gliscor|0 fnt
|-damage|p1a: Charizard|252\/315|[from] recoil|[of] p2a: Gliscor
|faint|p2a: Gliscor
|
|
|switch|p2a: Clefable|Clefable, F|294\/393
|turn|22
|
|move|p1a: Charizard|Flare Blitz|p2a: Clefable
|-damage|p2a: Clefable|29\/393
|-damage|p1a: Charizard|165\/315|[from] recoil|[of] p2a: Clefable
|move|p2a: Clefable|Moonlight|p2a: Clefable
|-heal|p2a: Clefable|225\/393
|
|-heal|p2a: Clefable|249\/393|[from] item: Leftovers
|turn|23
|
|switch|p2a: Talonflame|Talonflame, F|312\/345
|move|p1a: Charizard|Flare Blitz|p2a: Talonflame
|-resisted|p2a: Talonflame
|-damage|p2a: Talonflame|132\/345
|-damage|p1a: Charizard|106\/315|[from] recoil|[of] p2a: Talonflame
|
|-heal|p2a: Talonflame|153\/345|[from] item: Leftovers
|turn|24
|
|switch|p1a: Tyranitar|Tyranitar, M|304\/404 brn
|-weather|Sandstorm
|move|p2a: Talonflame|Brave Bird|p1a: Tyranitar
|-resisted|p1a: Tyranitar
|-damage|p1a: Tyranitar|231\/404 brn
|-damage|p2a: Talonflame|129\/345|[from] recoil|[of] p1a: Tyranitar
|
|-weather|Sandstorm|[upkeep]
|-damage|p2a: Talonflame|108\/345|[from] sandstorm
|-heal|p2a: Talonflame|129\/345|[from] item: Leftovers
|-damage|p1a: Tyranitar|181\/404 brn|[from] brn
|turn|25
|
|switch|p2a: Sableye|Sableye-Mega, F|248\/303
|switch|p1a: Charizard|Charizard-Mega-X, F|106\/315
|
|-weather|Sandstorm|[upkeep]
|-damage|p1a: Charizard|87\/315|[from] sandstorm
|-damage|p2a: Sableye|230\/303|[from] sandstorm
|turn|26
|
|switch|p2a: Clefable|Clefable, F|249\/393
|move|p1a: Charizard|Roost|p1a: Charizard
|-heal|p1a: Charizard|245\/315
|
|-weather|Sandstorm|[upkeep]
|-damage|p1a: Charizard|226\/315|[from] sandstorm
|-damage|p2a: Clefable|225\/393|[from] sandstorm
|-heal|p2a: Clefable|249\/393|[from] item: Leftovers
|turn|27
|
|move|p1a: Charizard|Flare Blitz|p2a: Clefable
|-damage|p2a: Clefable|0 fnt
|-damage|p1a: Charizard|144\/315|[from] recoil|[of] p2a: Clefable
|faint|p2a: Clefable
|
|-weather|Sandstorm|[upkeep]
|-damage|p1a: Charizard|125\/315|[from] sandstorm
|
|switch|p2a: Talonflame|Talonflame, F|129\/345
|turn|28
|
|switch|p1a: Tyranitar|Tyranitar, M|181\/404 brn
|move|p2a: Talonflame|Brave Bird|p1a: Tyranitar
|-resisted|p1a: Tyranitar
|-damage|p1a: Tyranitar|105\/404 brn
|-damage|p2a: Talonflame|104\/345|[from] recoil|[of] p1a: Tyranitar
|
|-weather|Sandstorm|[upkeep]
|-damage|p2a: Talonflame|83\/345|[from] sandstorm
|-heal|p2a: Talonflame|104\/345|[from] item: Leftovers
|-damage|p1a: Tyranitar|55\/404 brn|[from] brn
|turn|29
|
|move|p2a: Talonflame|Brave Bird|p1a: Tyranitar
|-resisted|p1a: Tyranitar
|-damage|p1a: Tyranitar|0 fnt
|-damage|p2a: Talonflame|86\/345|[from] recoil|[of] p1a: Tyranitar
|faint|p1a: Tyranitar
|
|-weather|Sandstorm|[upkeep]
|-damage|p2a: Talonflame|65\/345|[from] sandstorm
|-heal|p2a: Talonflame|86\/345|[from] item: Leftovers
|
|switch|p1a: Keldeo-Resolute|Keldeo-Resolute|300\/323
|turn|30
|
|switch|p2a: Manaphy|Manaphy|99\/401
|move|p1a: Keldeo-Resolute|Scald|p2a: Manaphy
|-resisted|p2a: Manaphy
|-damage|p2a: Manaphy|45\/401
|
|-weather|Sandstorm|[upkeep]
|-damage|p1a: Keldeo-Resolute|280\/323|[from] sandstorm
|-damage|p2a: Manaphy|20\/401|[from] sandstorm
|-heal|p2a: Manaphy|45\/401|[from] item: Leftovers
|turn|31
|
|move|p1a: Keldeo-Resolute|Scald|p2a: Manaphy
|-resisted|p2a: Manaphy
|-damage|p2a: Manaphy|0 fnt
|faint|p2a: Manaphy
|
|-weather|none
|
|switch|p2a: Sableye|Sableye-Mega, F|230\/303
|turn|32
|
|switch|p1a: Celebi|Celebi|176\/404
|move|p2a: Sableye|Recover|p2a: Sableye
|-heal|p2a: Sableye|303\/303
|
|-heal|p1a: Celebi|201\/404|[from] item: Leftovers
|turn|33
|
|move|p1a: Celebi|Giga Drain|p2a: Sableye
|-damage|p2a: Sableye|245\/303
|-heal|p1a: Celebi|230\/404|[from] drain|[of] p2a: Sableye
|move|p2a: Sableye|Foul Play|p1a: Celebi
|-supereffective|p1a: Celebi
|-damage|p1a: Celebi|66\/404
|
|-heal|p1a: Celebi|91\/404|[from] item: Leftovers
|turn|34
|
|switch|p2a: Talonflame|Talonflame, F|86\/345
|move|p1a: Celebi|Giga Drain|p2a: Talonflame
|-resisted|p2a: Talonflame
|-damage|p2a: Talonflame|58\/345
|-heal|p1a: Celebi|105\/404|[from] drain|[of] p2a: Talonflame
|
|-heal|p2a: Talonflame|79\/345|[from] item: Leftovers
|-heal|p1a: Celebi|130\/404|[from] item: Leftovers
|turn|35
|
|move|p2a: Talonflame|Roost|p2a: Talonflame
|-heal|p2a: Talonflame|252\/345
|move|p1a: Celebi|Baton Pass|p1a: Celebi
|
|switch|p1a: Keldeo-Resolute|Keldeo-Resolute|280\/323
|
|-heal|p2a: Talonflame|273\/345|[from] item: Leftovers
|turn|36
|
|move|p2a: Talonflame|Brave Bird|p1a: Keldeo-Resolute
|-supereffective|p1a: Keldeo-Resolute
|-damage|p1a: Keldeo-Resolute|0 fnt
|-damage|p2a: Talonflame|181\/345|[from] recoil|[of] p1a: Keldeo-Resolute
|faint|p1a: Keldeo-Resolute
|
|-heal|p2a: Talonflame|202\/345|[from] item: Leftovers
|
|switch|p1a: Clefable|Clefable, F|394\/394
|turn|37
|
|switch|p2a: Excadrill|Excadrill, F|412\/424
|-ability|p2a: Excadrill|Mold Breaker
|move|p1a: Clefable|Moonblast|p2a: Excadrill
|-resisted|p2a: Excadrill
|-damage|p2a: Excadrill|364\/424
|
|-heal|p2a: Excadrill|390\/424|[from] item: Leftovers
|turn|38
|
|move|p2a: Excadrill|Earthquake|p1a: Clefable
|-damage|p1a: Clefable|264\/394
|move|p1a: Clefable|Flamethrower|p2a: Excadrill
|-supereffective|p2a: Excadrill
|-damage|p2a: Excadrill|258\/424
|
|-heal|p2a: Excadrill|284\/424|[from] item: Leftovers
|-heal|p1a: Clefable|288\/394|[from] item: Leftovers
|turn|39
|
|move|p2a: Excadrill|Earthquake|p1a: Clefable
|-damage|p1a: Clefable|143\/394
|move|p1a: Clefable|Flamethrower|p2a: Excadrill
|-supereffective|p2a: Excadrill
|-damage|p2a: Excadrill|152\/424
|
|-heal|p2a: Excadrill|178\/424|[from] item: Leftovers
|-heal|p1a: Clefable|167\/394|[from] item: Leftovers
|turn|40
|
|move|p2a: Excadrill|Iron Head|p1a: Clefable
|-supereffective|p1a: Clefable
|-damage|p1a: Clefable|0 fnt
|faint|p1a: Clefable
|
|-heal|p2a: Excadrill|204\/424|[from] item: Leftovers
|
|switch|p1a: Celebi|Celebi|130\/404
|turn|41
|
|move|p1a: Celebi|Giga Drain|p2a: Excadrill
|-damage|p2a: Excadrill|123\/424
|-heal|p1a: Celebi|171\/404|[from] drain|[of] p2a: Excadrill
|move|p2a: Excadrill|Iron Head|p1a: Celebi
|-damage|p1a: Celebi|78\/404
|
|-heal|p1a: Celebi|103\/404|[from] item: Leftovers
|-heal|p2a: Excadrill|149\/424|[from] item: Leftovers
|turn|42
|
|switch|p2a: Talonflame|Talonflame, F|202\/345
|move|p1a: Celebi|Giga Drain|p2a: Talonflame
|-resisted|p2a: Talonflame
|-damage|p2a: Talonflame|175\/345
|-heal|p1a: Celebi|117\/404|[from] drain|[of] p2a: Talonflame
|
|-heal|p2a: Talonflame|196\/345|[from] item: Leftovers
|-heal|p1a: Celebi|142\/404|[from] item: Leftovers
|turn|43
|
|move|p2a: Talonflame|Roost|p2a: Talonflame
|-heal|p2a: Talonflame|345\/345
|move|p1a: Celebi|Baton Pass|p1a: Celebi
|
|switch|p1a: Charizard|Charizard-Mega-X, F|125\/315
|
|turn|44
|
|move|p2a: Talonflame|Brave Bird|p1a: Charizard
|-damage|p1a: Charizard|0 fnt
|-damage|p2a: Talonflame|304\/345|[from] recoil|[of] p1a: Charizard
|faint|p1a: Charizard
|
|-heal|p2a: Talonflame|325\/345|[from] item: Leftovers
|c|âjerry85|gg
|c|âloverss gotta love|gg
|-message|loverss gotta love forfeited.
|-message|loverss gotta love forfeited.
|leave|loverss gotta love
|
|win|jerry85
|raw|Ladder updating...