|join|ULT Psych0
|join|farkanhanpwns
|player|p1|ULT Psych0|285
|player|p2|farkanhanpwns|236
|gametype|singles
|gen|6
|tier|UU
|rated
|rule|Sleep Clause Mod: Limit one foe put to sleep
|rule|Species Clause: Limit one of each PokÃ©mon
|rule|OHKO Clause: OHKO moves are banned
|rule|Moody Clause: Moody is banned
|rule|Evasion Moves Clause: Evasion moves are banned
|rule|Endless Battle Clause: Forcing endless battles is banned
|rule|HP Percentage Mod: HP is shown in percentages
|clearpoke
|poke|p1|Doublade, F
|poke|p1|Haxorus, M
|poke|p1|Empoleon, F
|poke|p1|Celebi
|poke|p1|Pidgeot, F
|poke|p1|Hydreigon, F
|poke|p2|Porygon2, shiny
|poke|p2|Hydreigon, F
|poke|p2|Raikou, shiny
|poke|p2|Florges, F, shiny
|poke|p2|Darmanitan, M
|poke|p2|Blastoise, M
|rule|Swagger Clause: Swagger is banned
|rule|Baton Pass Clause: Limit one PokÃ©mon knowing Baton Pass
|teampreview
|
|start
|switch|p1a: Pidgeot|Pidgeot, F|307\/307
|switch|p2a: Yellow Ranger|Raikou, shiny|321\/321
|-ability|p2a: Yellow Ranger|Pressure
|turn|1
|
|switch|p1a: Hydreigon|Hydreigon, F|325\/325
|move|p2a: Yellow Ranger|Volt Switch|p1a: Hydreigon
|-resisted|p1a: Hydreigon
|-damage|p1a: Hydreigon|234\/325
|
|switch|p2a: SHOFU|Darmanitan, M|351\/351
|
|turn|2
|
|move|p2a: SHOFU|U-turn|p1a: Hydreigon
|-supereffective|p1a: Hydreigon
|-damage|p1a: Hydreigon|0 fnt
|faint|p1a: Hydreigon
|
|switch|p2a: Yellow Ranger|Raikou, shiny|321\/321
|-ability|p2a: Yellow Ranger|Pressure
|
|
|switch|p1a: Empoleon|Empoleon, F|372\/372
|turn|3
|
|move|p2a: Yellow Ranger|Volt Switch|p1a: Empoleon
|-supereffective|p1a: Empoleon
|-damage|p1a: Empoleon|48\/372
|
|switch|p2a: PENETRATOR|Blastoise, M|361\/361
|move|p1a: Empoleon|Stealth Rock|p2a: PENETRATOR
|-sidestart|p2: farkanhanpwns|move: Stealth Rock
|
|-heal|p1a: Empoleon|71\/372|[from] item: Leftovers
|turn|4
|
|detailschange|p2a: PENETRATOR|Blastoise-Mega, M
|-mega|p2a: PENETRATOR|Blastoise|Blastoisinite
|move|p2a: PENETRATOR|Dark Pulse|p1a: Empoleon
|-crit|p1a: Empoleon
|-damage|p1a: Empoleon|0 fnt
|faint|p1a: Empoleon
|
|
|switch|p1a: Celebi|Celebi|341\/341
|turn|5
|
|move|p1a: Celebi|Giga Drain|p2a: PENETRATOR
|-supereffective|p2a: PENETRATOR
|-damage|p2a: PENETRATOR|85\/361
|-damage|p1a: Celebi|307\/341|[from] item: Life Orb
|move|p2a: PENETRATOR|Rapid Spin|p1a: Celebi
|-damage|p1a: Celebi|291\/341
|-sideend|p2: farkanhanpwns|Stealth Rock|[from] move: Rapid Spin|[of] p2a: PENETRATOR
|
|turn|6
|
|switch|p2a: Douche|Florges, F, shiny|359\/359
|move|p1a: Celebi|Psychic|p2a: Douche
|-damage|p2a: Douche|252\/359
|-damage|p1a: Celebi|257\/341|[from] item: Life Orb
|
|-heal|p2a: Douche|274\/359|[from] item: Leftovers
|turn|7
|
|move|p1a: Celebi|Nasty Plot|p1a: Celebi
|-boost|p1a: Celebi|spa|2
|move|p2a: Douche|Wish|p2a: Douche
|
|-heal|p2a: Douche|296\/359|[from] item: Leftovers
|turn|8
|
|move|p1a: Celebi|Baton Pass|p1a: Celebi
|
|switch|p1a: Pidgeot|Pidgeot, F|307\/307
|move|p2a: Douche|Moonblast|p1a: Pidgeot
|-crit|p1a: Pidgeot
|-damage|p1a: Pidgeot|9\/307
|
|-heal|p2a: Douche|359\/359|[from] move: Wish|[wisher] Douche
|turn|9
|
|detailschange|p1a: Pidgeot|Pidgeot-Mega, F
|-mega|p1a: Pidgeot|Pidgeot|Pidgeotite
|move|p1a: Pidgeot|Hurricane|p2a: Douche
|-damage|p2a: Douche|130\/359
|-start|p2a: Douche|confusion
|-activate|p2a: Douche|confusion
|move|p2a: Douche|Moonblast|p1a: Pidgeot
|-damage|p1a: Pidgeot|0 fnt
|faint|p1a: Pidgeot
|
|-heal|p2a: Douche|152\/359|[from] item: Leftovers
|-message|ULT Psych0 forfeited.
|leave|ULT Psych0
|
|win|farkanhanpwns
|raw|Ladder updating...
|player|p1
|raw|ULT Psych0's rating: 1352 &rarr; <strong>1328<\/strong><br \/>(-24 for losing)
|raw|farkanhanpwns's rating: 1283 &rarr; <strong>1313<\/strong><br \/>(+30 for winning)