|join|ULT Bob
|join|ULT Psych0
ULT Bob turned on modjoin.
|raw|<div class="broadcast-red"><b>Moderated chat was set to +!<\/b><br \/>Only users of rank + and higher can talk.<\/div>
ULT Bob made this room hidden.
|player|p1|ULT Bob|23
|player|p2|ULT Psych0|285
|gametype|singles
|gen|6
|tier|UU
|rated
|rule|Sleep Clause Mod: Limit one foe put to sleep
|rule|Species Clause: Limit one of each PokÃ©mon
|rule|OHKO Clause: OHKO moves are banned
|rule|Moody Clause: Moody is banned
|rule|Evasion Moves Clause: Evasion moves are banned
|rule|Endless Battle Clause: Forcing endless battles is banned
|rule|HP Percentage Mod: HP is shown in percentages
|clearpoke
|poke|p1|Cobalion
|poke|p1|Pidgeot, M
|poke|p1|Florges, F
|poke|p1|Reuniclus, F
|poke|p1|Gligar, M
|poke|p1|Vaporeon, F
|poke|p2|Azelf
|poke|p2|Chandelure, F
|poke|p2|Beedrill, M
|poke|p2|Hydreigon, M
|poke|p2|Jirachi
|poke|p2|Chesnaught, M
|rule|Swagger Clause: Swagger is banned
|rule|Baton Pass Clause: Limit one PokÃ©mon knowing Baton Pass
|teampreview
|
|start
|switch|p1a: bae|Cobalion|323\/323
|switch|p2a: Chandelure|Chandelure, F|261\/261
|turn|1
|
|switch|p1a: cat mermaid|Vaporeon, F|464\/464
|move|p2a: Chandelure|Fire Blast|p1a: cat mermaid
|-resisted|p1a: cat mermaid
|-damage|p1a: cat mermaid|344\/464
|
|-heal|p1a: cat mermaid|373\/464|[from] item: Leftovers
|turn|2
|
|switch|p2a: Chesnaught|Chesnaught, M|379\/379
|move|p1a: cat mermaid|Scald|p2a: Chesnaught
|-resisted|p2a: Chesnaught
|-damage|p2a: Chesnaught|312\/379
|
|-heal|p1a: cat mermaid|402\/464|[from] item: Leftovers
|turn|3
|
|switch|p1a: prepare yo anus|Pidgeot, M|307\/307
|move|p2a: Chesnaught|Spikes|p1a: prepare yo anus
|-sidestart|p1: ULT Bob|Spikes
|
|turn|4
|
|switch|p2a: Jirachi|Jirachi|404\/404
|detailschange|p1a: prepare yo anus|Pidgeot-Mega, M
|-mega|p1a: prepare yo anus|Pidgeot|Pidgeotite
|move|p1a: prepare yo anus|Heat Wave|p2a: Jirachi
|-supereffective|p2a: Jirachi
|-damage|p2a: Jirachi|168\/404
|
|-heal|p2a: Jirachi|193\/404|[from] item: Leftovers
|turn|5
|
|switch|p2a: Chandelure|Chandelure, F|261\/261
|move|p1a: prepare yo anus|Hurricane|p2a: Chandelure
|-damage|p2a: Chandelure|42\/261
|-start|p2a: Chandelure|confusion
|
|turn|6
|
|switch|p1a: not sad feet anymo|Gligar, M|334\/334
|-activate|p2a: Chandelure|confusion
|-damage|p2a: Chandelure|22\/261|[from] confusion
|
|turn|7
|c|âULT Bob|play fast ult is ending in 5 min
|c|âULT Bob|:]
|
|switch|p2a: Chesnaught|Chesnaught, M|312\/379
|move|p1a: not sad feet anymo|Stealth Rock|p2a: Chesnaught
|-sidestart|p2: ULT Psych0|move: Stealth Rock
|
|turn|8
|
|switch|p1a: prepare yo anus|Pidgeot-Mega, M|307\/307
|move|p2a: Chesnaught|Leech Seed|p1a: prepare yo anus
|-start|p1a: prepare yo anus|move: Leech Seed
|
|-damage|p1a: prepare yo anus|269\/307|[from] Leech Seed|[of] p2a: Chesnaught
|-heal|p2a: Chesnaught|350\/379|[silent]
|turn|9
|
|move|p2a: Chesnaught|Spiky Shield|p2a: Chesnaught
|-singleturn|p2a: Chesnaught|move: Protect
|move|p1a: prepare yo anus|Hurricane|p2a: Chesnaught
|-activate|p2a: Chesnaught|Protect
|
|-damage|p1a: prepare yo anus|231\/307|[from] Leech Seed|[of] p2a: Chesnaught
|-heal|p2a: Chesnaught|379\/379|[silent]
|turn|10
|
|switch|p2a: Chandelure|Chandelure, F|22\/261
|-damage|p2a: Chandelure|0 fnt|[from] Stealth Rock
|faint|p2a: Chandelure
|move|p1a: prepare yo anus|Hurricane|p2: Chandelure|[notarget]
|-notarget
|
ULT Bob turned off modjoin.
|
|switch|p2a: Beedrill|Beedrill, M|271\/271
|-damage|p2a: Beedrill|204\/271|[from] Stealth Rock
|turn|11
|
|switch|p1a: bae|Cobalion|323\/323
|-damage|p1a: bae|283\/323|[from] Spikes
|detailschange|p2a: Beedrill|Beedrill-Mega, M
|-mega|p2a: Beedrill|Beedrill|Beedrillite
|move|p2a: Beedrill|Protect|p2a: Beedrill
|-fail|p2a: Beedrill
|
|turn|12
|
|move|p2a: Beedrill|U-turn|p1a: bae
|-resisted|p1a: bae
|-damage|p1a: bae|244\/323
|
|switch|p2a: Chesnaught|Chesnaught, M|379\/379
|-damage|p2a: Chesnaught|356\/379|[from] Stealth Rock
|move|p1a: bae|Iron Head|p2a: Chesnaught
|-damage|p2a: Chesnaught|292\/379
|-damage|p1a: bae|191\/323|[from] item: Rocky Helmet|[of] p2a: Chesnaught
|
|turn|13
|
|switch|p1a: prepare yo anus|Pidgeot-Mega, M|231\/307
|move|p2a: Chesnaught|Leech Seed|p1a: prepare yo anus
|-start|p1a: prepare yo anus|move: Leech Seed
|
|-damage|p1a: prepare yo anus|193\/307|[from] Leech Seed|[of] p2a: Chesnaught
|-heal|p2a: Chesnaught|330\/379|[silent]
|turn|14
|
|move|p2a: Chesnaught|Spiky Shield|p2a: Chesnaught
|-singleturn|p2a: Chesnaught|move: Protect
|move|p1a: prepare yo anus|Roost|p1a: prepare yo anus
|-heal|p1a: prepare yo anus|307\/307
|
|-damage|p1a: prepare yo anus|269\/307|[from] Leech Seed|[of] p2a: Chesnaught
|-heal|p2a: Chesnaught|368\/379|[silent]
|turn|15
|
|move|p1a: prepare yo anus|Heat Wave|p2a: Chesnaught
|-supereffective|p2a: Chesnaught
|-damage|p2a: Chesnaught|64\/379
|-status|p2a: Chesnaught|brn
|move|p2a: Chesnaught|Drain Punch|p1a: prepare yo anus
|-damage|p1a: prepare yo anus|208\/307
|-heal|p2a: Chesnaught|95\/379 brn|[from] drain|[of] p1a: prepare yo anus
|
|-damage|p1a: prepare yo anus|170\/307|[from] Leech Seed|[of] p2a: Chesnaught
|-heal|p2a: Chesnaught|133\/379 brn|[silent]
|-damage|p2a: Chesnaught|86\/379 brn|[from] brn
|turn|16
|
|move|p1a: prepare yo anus|Roost|p1a: prepare yo anus
|-heal|p1a: prepare yo anus|307\/307
|move|p2a: Chesnaught|Drain Punch|p1a: prepare yo anus
|-supereffective|p1a: prepare yo anus
|-damage|p1a: prepare yo anus|197\/307
|-heal|p2a: Chesnaught|141\/379 brn|[from] drain|[of] p1a: prepare yo anus
|
|-damage|p1a: prepare yo anus|159\/307|[from] Leech Seed|[of] p2a: Chesnaught
|-heal|p2a: Chesnaught|179\/379 brn|[silent]
|-damage|p2a: Chesnaught|132\/379 brn|[from] brn
|turn|17
|
|move|p1a: prepare yo anus|Roost|p1a: prepare yo anus
|-heal|p1a: prepare yo anus|307\/307
|move|p2a: Chesnaught|Drain Punch|p1a: prepare yo anus
|-supereffective|p1a: prepare yo anus
|-damage|p1a: prepare yo anus|193\/307
|-heal|p2a: Chesnaught|189\/379 brn|[from] drain|[of] p1a: prepare yo anus
|
|-damage|p1a: prepare yo anus|155\/307|[from] Leech Seed|[of] p2a: Chesnaught
|-heal|p2a: Chesnaught|227\/379 brn|[silent]
|-damage|p2a: Chesnaught|180\/379 brn|[from] brn
|turn|18
|
|move|p2a: Chesnaught|Spiky Shield|p2a: Chesnaught
|-singleturn|p2a: Chesnaught|move: Protect
|move|p1a: prepare yo anus|Hurricane|p2a: Chesnaught
|-activate|p2a: Chesnaught|Protect
|
|-damage|p1a: prepare yo anus|117\/307|[from] Leech Seed|[of] p2a: Chesnaught
|-heal|p2a: Chesnaught|218\/379 brn|[silent]
|-damage|p2a: Chesnaught|171\/379 brn|[from] brn
|turn|19
|
|move|p1a: prepare yo anus|Heat Wave|p2a: Chesnaught
|-supereffective|p2a: Chesnaught
|-damage|p2a: Chesnaught|0 fnt
|faint|p2a: Chesnaught
|
|
|switch|p2a: Beedrill|Beedrill-Mega, M|204\/271
|-damage|p2a: Beedrill|137\/271|[from] Stealth Rock
|turn|20
|
|switch|p1a: not sad feet anymo|Gligar, M|334\/334
|move|p2a: Beedrill|Poison Jab|p1a: not sad feet anymo
|-resisted|p1a: not sad feet anymo
|-damage|p1a: not sad feet anymo|271\/334
|
|turn|21
|
|move|p2a: Beedrill|U-turn|p1a: not sad feet anymo
|-resisted|p1a: not sad feet anymo
|-damage|p1a: not sad feet anymo|216\/334
|
|switch|p2a: Azelf|Azelf|291\/291
|-damage|p2a: Azelf|255\/291|[from] Stealth Rock
|move|p1a: not sad feet anymo|Roost|p1a: not sad feet anymo
|-heal|p1a: not sad feet anymo|334\/334
|
|turn|22
|
|switch|p1a: cat mermaid|Vaporeon, F|402\/464
|-damage|p1a: cat mermaid|344\/464|[from] Spikes
|move|p2a: Azelf|Stealth Rock|p1a: cat mermaid
|-sidestart|p1: ULT Bob|move: Stealth Rock
|
|-heal|p1a: cat mermaid|373\/464|[from] item: Leftovers
|turn|23
|
|move|p2a: Azelf|Explosion|p1a: cat mermaid
|-damage|p1a: cat mermaid|103\/464
|faint|p2a: Azelf
|move|p1a: cat mermaid|Scald|p2: Azelf|[notarget]
|-notarget
|
|-heal|p1a: cat mermaid|132\/464|[from] item: Leftovers
|
|switch|p2a: Jirachi|Jirachi|193\/404
|-damage|p2a: Jirachi|168\/404|[from] Stealth Rock
|turn|24
|
|move|p2a: Jirachi|Substitute|p2a: Jirachi
|-start|p2a: Jirachi|Substitute
|-damage|p2a: Jirachi|67\/404
|move|p1a: cat mermaid|Wish|p1a: cat mermaid
|
|-heal|p2a: Jirachi|92\/404|[from] item: Leftovers
|-heal|p1a: cat mermaid|161\/464|[from] item: Leftovers
|turn|25
|
|switch|p1a: bae|Cobalion|191\/323
|-damage|p1a: bae|151\/323|[from] Spikes
|-damage|p1a: bae|141\/323|[from] Stealth Rock
|move|p2a: Jirachi|Toxic|p1a: bae
|-fail|p1a: bae
|
|-heal|p1a: bae|323\/323|[from] move: Wish|[wisher] cat mermaid
|-heal|p2a: Jirachi|117\/404|[from] item: Leftovers
|turn|26
|
|move|p1a: bae|Close Combat|p2a: Jirachi
|-end|p2a: Jirachi|Substitute
|-unboost|p1a: bae|def|1
|-unboost|p1a: bae|spd|1
|move|p2a: Jirachi|Drain Punch|p1a: bae
|-supereffective|p1a: bae
|-damage|p1a: bae|133\/323
|-heal|p2a: Jirachi|212\/404|[from] drain|[of] p1a: bae
|
|-heal|p2a: Jirachi|237\/404|[from] item: Leftovers
|turn|27
|
|move|p1a: bae|Close Combat|p2a: Jirachi
|-damage|p2a: Jirachi|71\/404
|-unboost|p1a: bae|def|1
|-unboost|p1a: bae|spd|1
|move|p2a: Jirachi|Drain Punch|p1a: bae
|-supereffective|p1a: bae
|-damage|p1a: bae|0 fnt
|-heal|p2a: Jirachi|138\/404|[from] drain|[of] p1a: bae
|faint|p1a: bae
|
|-heal|p2a: Jirachi|163\/404|[from] item: Leftovers
|
|switch|p1a: prepare yo anus|Pidgeot-Mega, M|117\/307
|-damage|p1a: prepare yo anus|41\/307|[from] Stealth Rock
|turn|28
|
|move|p1a: prepare yo anus|Hurricane|p2a: Jirachi
|-resisted|p2a: Jirachi
|-damage|p2a: Jirachi|68\/404
|move|p2a: Jirachi|Drain Punch|p1a: prepare yo anus
|-damage|p1a: prepare yo anus|0 fnt
|-heal|p2a: Jirachi|89\/404|[from] drain|[of] p1a: prepare yo anus
|faint|p1a: prepare yo anus
|
|-heal|p2a: Jirachi|114\/404|[from] item: Leftovers
|
|switch|p1a: not sad feet anymo|Gligar, M|334\/334
|-damage|p1a: not sad feet anymo|293\/334|[from] Stealth Rock
|turn|29
|
|switch|p2a: Hydreigon|Hydreigon, M|325\/325
|-damage|p2a: Hydreigon|285\/325|[from] Stealth Rock
|move|p1a: not sad feet anymo|Earthquake|p2a: Hydreigon
|-immune|p2a: Hydreigon|[msg]
|
|turn|30
|
|move|p2a: Hydreigon|Flash Cannon|p1a: not sad feet anymo
|-damage|p1a: not sad feet anymo|201\/334
|move|p1a: not sad feet anymo|Roost|p1a: not sad feet anymo
|-heal|p1a: not sad feet anymo|334\/334
|
|turn|31
|
|move|p2a: Hydreigon|Flash Cannon|p1a: not sad feet anymo
|-crit|p1a: not sad feet anymo
|-damage|p1a: not sad feet anymo|196\/334
|move|p1a: not sad feet anymo|Defog|p2a: Hydreigon
|-unboost|p2a: Hydreigon|evasion|1
|-sideend|p2: ULT Psych0|Stealth Rock|[from] move: Defog|[of] p2a: Hydreigon
|-sideend|p1: ULT Bob|Spikes|[from] move: Defog|[of] p1a: not sad feet anymo
|-sideend|p1: ULT Bob|Stealth Rock|[from] move: Defog|[of] p1a: not sad feet anymo
|
|turn|32
|
|switch|p2a: Beedrill|Beedrill-Mega, M|137\/271
|move|p1a: not sad feet anymo|Roost|p1a: not sad feet anymo
|-heal|p1a: not sad feet anymo|334\/334
|
|turn|33
|
|move|p2a: Beedrill|Knock Off|p1a: not sad feet anymo
|-damage|p1a: not sad feet anymo|263\/334
|-enditem|p1a: not sad feet anymo|Eviolite|[from] move: Knock Off|[of] p2a: Beedrill
|move|p1a: not sad feet anymo|Stealth Rock|p2a: Beedrill
|-sidestart|p2: ULT Psych0|move: Stealth Rock
|
|turn|34
|
|move|p2a: Beedrill|U-turn|p1a: not sad feet anymo
|-resisted|p1a: not sad feet anymo
|-damage|p1a: not sad feet anymo|184\/334
|
|switch|p2a: Hydreigon|Hydreigon, M|285\/325
|-damage|p2a: Hydreigon|245\/325|[from] Stealth Rock
|move|p1a: not sad feet anymo|Roost|p1a: not sad feet anymo
|-heal|p1a: not sad feet anymo|334\/334
|
|turn|35
|
|switch|p1a: not blissey|Florges, F|360\/360
|move|p2a: Hydreigon|Draco Meteor|p1a: not blissey
|-immune|p1a: not blissey|[msg]
|
|turn|36
|
|switch|p2a: Jirachi|Jirachi|114\/404
|-damage|p2a: Jirachi|89\/404|[from] Stealth Rock
|move|p1a: not blissey|Moonblast|p2a: Jirachi
|-resisted|p2a: Jirachi
|-damage|p2a: Jirachi|28\/404
|
|-heal|p2a: Jirachi|53\/404|[from] item: Leftovers
|turn|37
|
|switch|p1a: not sad feet anymo|Gligar, M|334\/334
|move|p2a: Jirachi|Iron Head|p1a: not sad feet anymo
|-damage|p1a: not sad feet anymo|226\/334
|
|-heal|p2a: Jirachi|78\/404|[from] item: Leftovers
|turn|38
|c|âULT Psych0|cancel button though :\
|
|move|p2a: Jirachi|Iron Head|p1a: not sad feet anymo
|-damage|p1a: not sad feet anymo|123\/334
|move|p1a: not sad feet anymo|Earthquake|p2a: Jirachi
|-supereffective|p2a: Jirachi
|-damage|p2a: Jirachi|0 fnt
|faint|p2a: Jirachi
|
|c|âULT Psych0|gg
|-message|ULT Psych0 forfeited.
|leave|ULT Psych0
|
|win|ULT Bob
|raw|Ladder updating...
|player|p2
|raw|ULT Bob's rating: 1740 &rarr; <strong>1751<\/strong><br \/>(+11 for winning)
|raw|ULT Psych0's rating: 1563 &rarr; <strong>1553<\/strong><br \/>(-10 for losing)
|c|âULT Bob|gg