|join|LiberalLucario
|join|Planet Hell
|c|âLiberalLucario|ol
|c|âLiberalLucario|oh wrong chat
|player|p1|LiberalLucario|290
|player|p2|Planet Hell|190
|gametype|singles
|gen|6
|tier|UU
|rated
|rule|Sleep Clause Mod: Limit one foe put to sleep
|rule|Species Clause: Limit one of each PokÃ©mon
|rule|OHKO Clause: OHKO moves are banned
|rule|Moody Clause: Moody is banned
|rule|Evasion Moves Clause: Evasion moves are banned
|rule|Endless Battle Clause: Forcing endless battles is banned
|rule|HP Percentage Mod: HP is shown in percentages
|clearpoke
|poke|p1|Rotom-Mow
|poke|p1|Machamp, M
|poke|p1|Suicune
|poke|p1|Entei, shiny
|poke|p1|Aggron, M
|poke|p1|Gligar, F
|poke|p2|Ampharos, F
|poke|p2|Haxorus, M
|poke|p2|Nidoking, M
|poke|p2|Hydreigon, F
|poke|p2|Infernape, M
|poke|p2|Empoleon, M
|rule|Swagger Clause: Swagger is banned
|rule|Baton Pass Clause: Limit one PokÃ©mon knowing Baton Pass
|teampreview
|
|start
|switch|p1a: Machamp|Machamp, M|344\/344
|switch|p2a: Ampharos|Ampharos, F|383\/383
|turn|1
|
|switch|p1a: Gligar|Gligar, F|334\/334
|detailschange|p2a: Ampharos|Ampharos-Mega, F
|-mega|p2a: Ampharos|Ampharos|Ampharosite
|-ability|p2a: Ampharos|Mold Breaker
|move|p2a: Ampharos|Dragon Pulse|p1a: Gligar
|-damage|p1a: Gligar|243\/334
|
|turn|2
|
|switch|p2a: Empoleon|Empoleon, M|372\/372
|move|p1a: Gligar|U-turn|p2a: Empoleon
|-crit|p2a: Empoleon
|-resisted|p2a: Empoleon
|-damage|p2a: Empoleon|344\/372
|
|switch|p1a: Machamp|Machamp, M|344\/344
|
|-heal|p2a: Empoleon|367\/372|[from] item: Leftovers
|turn|3
|
|switch|p2a: Ampharos|Ampharos-Mega, F|383\/383
|-ability|p2a: Ampharos|Mold Breaker
|move|p1a: Machamp|Close Combat|p2a: Ampharos
|-damage|p2a: Ampharos|209\/383
|-unboost|p1a: Machamp|def|1
|-unboost|p1a: Machamp|spd|1
|
|turn|4
|
|switch|p1a: Gligar|Gligar, F|243\/334
|move|p2a: Ampharos|Rest|p2a: Ampharos
|-status|p2a: Ampharos|slp
|-heal|p2a: Ampharos|383\/383 slp|[silent]
|-status|p2a: Ampharos|slp|[from] move: Rest
|
|turn|5
|
|switch|p2a: Hydreigon|Hydreigon, F|325\/325
|move|p1a: Gligar|Roost|p1a: Gligar
|-heal|p1a: Gligar|334\/334
|
|turn|6
|
|move|p2a: Hydreigon|U-turn|p1a: Gligar
|-resisted|p1a: Gligar
|-damage|p1a: Gligar|318\/334
|
|switch|p2a: Nidoking|Nidoking, M|303\/303
|move|p1a: Gligar|U-turn|p2a: Nidoking
|-resisted|p2a: Nidoking
|-damage|p2a: Nidoking|277\/303
|
|switch|p1a: Entei|Entei, shiny|371\/371
|-ability|p1a: Entei|Pressure
|
|turn|7
|
|switch|p2a: Ampharos|Ampharos-Mega, F|383\/383 slp
|-ability|p2a: Ampharos|Mold Breaker
|move|p1a: Entei|Sacred Fire|p2a: Ampharos|[miss]
|-miss|p1a: Entei|p2a: Ampharos
|
|turn|8
|
|switch|p1a: Gligar|Gligar, F|318\/334
|switch|p2a: Nidoking|Nidoking, M|277\/303
|
|turn|9
|
|switch|p1a: Suicune|Suicune|404\/404
|-ability|p1a: Suicune|Pressure
|move|p2a: Nidoking|Sludge Wave|p1a: Suicune
|-damage|p1a: Suicune|217\/404
|
|-heal|p1a: Suicune|242\/404|[from] item: Leftovers
|turn|10
|
|move|p2a: Nidoking|Sludge Wave|p1a: Suicune
|-damage|p1a: Suicune|51\/404
|move|p1a: Suicune|Scald|p2a: Nidoking
|-supereffective|p2a: Nidoking
|-damage|p2a: Nidoking|41\/303
|
|-heal|p1a: Suicune|76\/404|[from] item: Leftovers
|turn|11
|
|switch|p1a: Machamp|Machamp, M|344\/344
|move|p2a: Nidoking|Sludge Wave|p1a: Machamp
|-damage|p1a: Machamp|171\/344
|
|turn|12
|
|switch|p2a: Infernape|Infernape, M|293\/293
|move|p1a: Machamp|Bullet Punch|p2a: Infernape
|-resisted|p2a: Infernape
|-damage|p2a: Infernape|261\/293
|
|turn|13
|
|switch|p2a: Nidoking|Nidoking, M|41\/303
|switch|p1a: Gligar|Gligar, F|318\/334
|
|turn|14
|
|switch|p1a: Entei|Entei, shiny|371\/371
|-ability|p1a: Entei|Pressure
|move|p2a: Nidoking|Stealth Rock|p1a: Entei
|-sidestart|p1: LiberalLucario|move: Stealth Rock
|
|turn|15
|
|switch|p2a: Ampharos|Ampharos-Mega, F|383\/383 slp
|-ability|p2a: Ampharos|Mold Breaker
|move|p1a: Entei|Bulldoze|p2a: Ampharos
|-supereffective|p2a: Ampharos
|-damage|p2a: Ampharos|223\/383 slp
|-unboost|p2a: Ampharos|spe|1
|
|turn|16
|
|switch|p1a: Gligar|Gligar, F|318\/334
|-damage|p1a: Gligar|277\/334|[from] Stealth Rock
|switch|p2a: Hydreigon|Hydreigon, F|325\/325
|
|turn|17
|
|move|p2a: Hydreigon|U-turn|p1a: Gligar
|-resisted|p1a: Gligar
|-damage|p1a: Gligar|260\/334
|
|switch|p2a: Nidoking|Nidoking, M|41\/303
|move|p1a: Gligar|Roost|p1a: Gligar
|-heal|p1a: Gligar|334\/334
|
|turn|18
|
|move|p2a: Nidoking|Ice Beam|p1a: Gligar
|-supereffective|p1a: Gligar
|-damage|p1a: Gligar|0 fnt
|faint|p1a: Gligar
|
|
|switch|p1a: Machamp|Machamp, M|171\/344
|-damage|p1a: Machamp|150\/344|[from] Stealth Rock
|turn|19
|
|switch|p2a: Infernape|Infernape, M|261\/293
|move|p1a: Machamp|Bullet Punch|p2a: Infernape
|-resisted|p2a: Infernape
|-damage|p2a: Infernape|228\/293
|
|turn|20
|-message|LiberalLucario forfeited.
|leave|LiberalLucario
|
|win|Planet Hell
|raw|Ladder updating...
|player|p1
|raw|LiberalLucario's rating: 1628 &rarr; <strong>1597<\/strong><br \/>(-31 for losing)
|raw|Planet Hell's rating: 1415 &rarr; <strong>1446<\/strong><br \/>(+31 for winning)