|join|shabbir
|join|21yearoldvirgin
|player|p1|shabbir|192
|player|p2|21yearoldvirgin|125
|gametype|singles
|gen|6
|tier|UU
|rated
|rule|Sleep Clause Mod: Limit one foe put to sleep
|rule|Species Clause: Limit one of each PokÃ©mon
|rule|OHKO Clause: OHKO moves are banned
|rule|Moody Clause: Moody is banned
|rule|Evasion Moves Clause: Evasion moves are banned
|rule|Endless Battle Clause: Forcing endless battles is banned
|rule|HP Percentage Mod: HP is shown in percentages
|clearpoke
|poke|p1|Zygarde
|poke|p1|Altaria, F
|poke|p1|Jirachi
|poke|p1|Diancie
|poke|p1|Vaporeon, M
|poke|p1|Porygon-Z
|poke|p2|Togekiss, F
|poke|p2|Espeon, M
|poke|p2|Blissey, F
|poke|p2|Blastoise, M
|poke|p2|Whimsicott, F
|poke|p2|Zygarde
|rule|Swagger Clause: Swagger is banned
|rule|Baton Pass Clause: Limit one PokÃ©mon knowing Baton Pass
|teampreview
|c|âshabbir|I hate that fat blob
|
|start
|switch|p1a: Porygon-Z|Porygon-Z|312\/312
|switch|p2a: Blissey|Blissey, F|714\/714
|turn|1
|c|âshabbir|God damn it
|
|move|p1a: Porygon-Z|Trick|p2a: Blissey
|-activate|p1a: Porygon-Z|move: Trick|[of] p2a: Blissey
|-item|p2a: Blissey|Choice Specs|[from] move: Trick
|-item|p1a: Porygon-Z|Leftovers|[from] move: Trick
|move|p2a: Blissey|Stealth Rock|p1a: Porygon-Z
|-sidestart|p1: shabbir|move: Stealth Rock
|
|turn|2
|
|switch|p2a: Espeon|Espeon, M|334\/334
|move|p1a: Porygon-Z|Tri Attack|p2a: Espeon
|-damage|p2a: Espeon|126\/334
|
|-heal|p2a: Espeon|146\/334|[from] item: Leftovers
|turn|3
|
|switch|p2a: Blissey|Blissey, F|714\/714
|move|p1a: Porygon-Z|Tri Attack|p2a: Blissey
|-damage|p2a: Blissey|560\/714
|
|turn|4
|
|move|p1a: Porygon-Z|Tri Attack|p2a: Blissey
|-damage|p2a: Blissey|400\/714
|move|p2a: Blissey|Seismic Toss|p1a: Porygon-Z
|-damage|p1a: Porygon-Z|212\/312
|
|-heal|p1a: Porygon-Z|231\/312|[from] item: Leftovers
|turn|5
|
|switch|p1a: Jirachi|Jirachi|341\/341
|-damage|p1a: Jirachi|320\/341|[from] Stealth Rock
|move|p2a: Blissey|Seismic Toss|p1a: Jirachi
|-damage|p1a: Jirachi|220\/341
|
|turn|6
|
|move|p1a: Jirachi|U-turn|p2a: Blissey
|-damage|p2a: Blissey|273\/714
|
|switch|p1a: Vaporeon|Vaporeon, M|464\/464
|-damage|p1a: Vaporeon|406\/464|[from] Stealth Rock
|move|p2a: Blissey|Seismic Toss|p1a: Vaporeon
|-damage|p1a: Vaporeon|306\/464
|
|-heal|p1a: Vaporeon|335\/464|[from] item: Leftovers
|turn|7
|
|switch|p2a: Whimsicott|Whimsicott, F|324\/324
|move|p1a: Vaporeon|Wish|p1a: Vaporeon
|
|-heal|p1a: Vaporeon|364\/464|[from] item: Leftovers
|turn|8
|
|switch|p1a: Jirachi|Jirachi|220\/341
|-damage|p1a: Jirachi|199\/341|[from] Stealth Rock
|move|p2a: Whimsicott|Substitute|p2a: Whimsicott
|-start|p2a: Whimsicott|Substitute
|-damage|p2a: Whimsicott|243\/324
|
|-heal|p1a: Jirachi|341\/341|[from] move: Wish|[wisher] Vaporeon
|-heal|p2a: Whimsicott|263\/324|[from] item: Leftovers
|turn|9
|
|move|p2a: Whimsicott|Leech Seed|p1a: Jirachi
|-start|p1a: Jirachi|move: Leech Seed
|move|p1a: Jirachi|Iron Head|p2a: Whimsicott
|-supereffective|p2a: Whimsicott
|-end|p2a: Whimsicott|Substitute
|
|-heal|p2a: Whimsicott|283\/324|[from] item: Leftovers
|-damage|p1a: Jirachi|299\/341|[from] Leech Seed|[of] p2a: Whimsicott
|-heal|p2a: Whimsicott|324\/324|[silent]
|turn|10
|
|switch|p1a: Vaporeon|Vaporeon, M|364\/464
|-damage|p1a: Vaporeon|306\/464|[from] Stealth Rock
|move|p2a: Whimsicott|Substitute|p2a: Whimsicott
|-start|p2a: Whimsicott|Substitute
|-damage|p2a: Whimsicott|243\/324
|
|-heal|p2a: Whimsicott|263\/324|[from] item: Leftovers
|-heal|p1a: Vaporeon|335\/464|[from] item: Leftovers
|turn|11
|c|âshabbir|Why do you have such a shitty team
|
|switch|p1a: Jirachi|Jirachi|299\/341
|-damage|p1a: Jirachi|278\/341|[from] Stealth Rock
|move|p2a: Whimsicott|Toxic|p1a: Jirachi
|-fail|p1a: Jirachi
|
|-heal|p2a: Whimsicott|283\/324|[from] item: Leftovers
|turn|12
|c|â21yearoldvirgin|im a virgin
|
|move|p2a: Whimsicott|Leech Seed|p1a: Jirachi
|-start|p1a: Jirachi|move: Leech Seed
|move|p1a: Jirachi|U-turn|p2a: Whimsicott
|-activate|p2a: Whimsicott|Substitute|[damage]
|
|switch|p1a: Zygarde|Zygarde|358\/358
|-damage|p1a: Zygarde|336\/358|[from] Stealth Rock
|-ability|p1a: Zygarde|Aura Break
|
|-heal|p2a: Whimsicott|303\/324|[from] item: Leftovers
|turn|13
|
|switch|p1a: Jirachi|Jirachi|278\/341
|-damage|p1a: Jirachi|257\/341|[from] Stealth Rock
|move|p2a: Whimsicott|Leech Seed|p1a: Jirachi|[miss]
|-miss|p2a: Whimsicott|p1a: Jirachi
|
|-heal|p2a: Whimsicott|323\/324|[from] item: Leftovers
|turn|14
|
|move|p2a: Whimsicott|Leech Seed|p1a: Jirachi
|-start|p1a: Jirachi|move: Leech Seed
|move|p1a: Jirachi|U-turn|p2a: Whimsicott
|-end|p2a: Whimsicott|Substitute
|
|switch|p1a: Altaria|Altaria, F|291\/291
|-damage|p1a: Altaria|219\/291|[from] Stealth Rock
|
|-heal|p2a: Whimsicott|324\/324|[from] item: Leftovers
|turn|15
|
|detailschange|p1a: Altaria|Altaria-Mega, F
|message|Altaria has Mega Evolved into Mega Altaria!
|move|p2a: Whimsicott|Toxic|p1a: Altaria
|-status|p1a: Altaria|tox
|move|p1a: Altaria|Return|p2a: Whimsicott
|-damage|p2a: Whimsicott|155\/324
|
|-heal|p2a: Whimsicott|175\/324|[from] item: Leftovers
|-damage|p1a: Altaria|201\/291 tox|[from] psn
|turn|16
|
|switch|p2a: Togekiss|Togekiss, F|374\/374
|move|p1a: Altaria|Flamethrower|p2a: Togekiss
|-crit|p2a: Togekiss
|-damage|p2a: Togekiss|303\/374
|
|-heal|p2a: Togekiss|326\/374|[from] item: Leftovers
|-damage|p1a: Altaria|165\/291 tox|[from] psn
|turn|17
|
|switch|p1a: Jirachi|Jirachi|257\/341
|-damage|p1a: Jirachi|236\/341|[from] Stealth Rock
|move|p2a: Togekiss|Thunder Wave|p1a: Jirachi
|-status|p1a: Jirachi|par
|
|-heal|p2a: Togekiss|349\/374|[from] item: Leftovers
|turn|18
|
|switch|p2a: Blastoise|Blastoise, M|358\/358
|switch|p1a: Vaporeon|Vaporeon, M|335\/464
|-damage|p1a: Vaporeon|277\/464|[from] Stealth Rock
|
|-heal|p1a: Vaporeon|306\/464|[from] item: Leftovers
|turn|19
|
|detailschange|p2a: Blastoise|Blastoise-Mega, M
|message|Blastoise has Mega Evolved into Mega Blastoise!
|move|p2a: Blastoise|Dark Pulse|p1a: Vaporeon
|-damage|p1a: Vaporeon|152\/464
|move|p1a: Vaporeon|Wish|p1a: Vaporeon
|
|-heal|p1a: Vaporeon|181\/464|[from] item: Leftovers
|turn|20
|
|switch|p2a: Whimsicott|Whimsicott, F|175\/324
|move|p1a: Vaporeon|Heal Bell|p1a: Vaporeon
|-cureteam|p1a: Vaporeon|[from] move: HealBell
|
|-heal|p1a: Vaporeon|413\/464|[from] move: Wish|[wisher] Vaporeon
|-heal|p2a: Whimsicott|195\/324|[from] item: Leftovers
|-heal|p1a: Vaporeon|442\/464|[from] item: Leftovers
|turn|21
|
|move|p2a: Whimsicott|Substitute|p2a: Whimsicott
|-start|p2a: Whimsicott|Substitute
|-damage|p2a: Whimsicott|114\/324
|move|p1a: Vaporeon|Wish|p1a: Vaporeon
|
|-heal|p2a: Whimsicott|134\/324|[from] item: Leftovers
|-heal|p1a: Vaporeon|464\/464|[from] item: Leftovers
|turn|22
|
|switch|p1a: Altaria|Altaria-Mega, F|165\/291
|-damage|p1a: Altaria|129\/291|[from] Stealth Rock
|move|p2a: Whimsicott|Leech Seed|p1a: Altaria
|-start|p1a: Altaria|move: Leech Seed
|
|-heal|p1a: Altaria|291\/291|[from] move: Wish|[wisher] Vaporeon
|-heal|p2a: Whimsicott|154\/324|[from] item: Leftovers
|-damage|p1a: Altaria|255\/291|[from] Leech Seed|[of] p2a: Whimsicott
|-heal|p2a: Whimsicott|190\/324|[silent]
|turn|23
|
|switch|p1a: Jirachi|Jirachi|236\/341
|-damage|p1a: Jirachi|215\/341|[from] Stealth Rock
|move|p2a: Whimsicott|Toxic|p1a: Jirachi
|-fail|p1a: Jirachi
|
|-heal|p2a: Whimsicott|210\/324|[from] item: Leftovers
|turn|24
|
|move|p2a: Whimsicott|Leech Seed|p1a: Jirachi
|-start|p1a: Jirachi|move: Leech Seed
|move|p1a: Jirachi|U-turn|p2a: Whimsicott
|-activate|p2a: Whimsicott|Substitute|[damage]
|
|switch|p1a: Vaporeon|Vaporeon, M|464\/464
|-damage|p1a: Vaporeon|406\/464|[from] Stealth Rock
|
|-heal|p2a: Whimsicott|230\/324|[from] item: Leftovers
|-heal|p1a: Vaporeon|435\/464|[from] item: Leftovers
|turn|25
|
|switch|p2a: Zygarde|Zygarde|358\/358
|-ability|p2a: Zygarde|Aura Break
|switch|p1a: Jirachi|Jirachi|215\/341
|-damage|p1a: Jirachi|194\/341|[from] Stealth Rock
|
|turn|26
|
|move|p1a: Jirachi|U-turn|p2a: Zygarde
|-damage|p2a: Zygarde|293\/358
|
|switch|p1a: Altaria|Altaria-Mega, F|255\/291
|-damage|p1a: Altaria|219\/291|[from] Stealth Rock
|move|p2a: Zygarde|Dragon Dance|p2a: Zygarde
|-boost|p2a: Zygarde|atk|1
|-boost|p2a: Zygarde|spe|1
|
|-heal|p2a: Zygarde|315\/358|[from] item: Leftovers
|turn|27
|
|move|p2a: Zygarde|Earthquake|p1a: Altaria
|-damage|p1a: Altaria|0 fnt
|faint|p1a: Altaria
|
|-heal|p2a: Zygarde|337\/358|[from] item: Leftovers
|
|switch|p1a: Jirachi|Jirachi|194\/341
|-damage|p1a: Jirachi|173\/341|[from] Stealth Rock
|turn|28
|
|move|p1a: Jirachi|Iron Head|p2a: Zygarde
|-crit|p2a: Zygarde
|-damage|p2a: Zygarde|178\/358
|cant|p2a: Zygarde|flinch
|
|-heal|p2a: Zygarde|200\/358|[from] item: Leftovers
|turn|29
|
|move|p1a: Jirachi|Iron Head|p2a: Zygarde
|-damage|p2a: Zygarde|103\/358
|cant|p2a: Zygarde|flinch
|
|-heal|p2a: Zygarde|125\/358|[from] item: Leftovers
|turn|30
|
|switch|p2a: Blastoise|Blastoise-Mega, M|358\/358
|move|p1a: Jirachi|Iron Head|p2a: Blastoise
|-resisted|p2a: Blastoise
|-damage|p2a: Blastoise|312\/358
|
|turn|31
|
|switch|p1a: Vaporeon|Vaporeon, M|435\/464
|-damage|p1a: Vaporeon|377\/464|[from] Stealth Rock
|move|p2a: Blastoise|Aura Sphere|p1a: Vaporeon
|-damage|p1a: Vaporeon|210\/464
|
|-heal|p1a: Vaporeon|239\/464|[from] item: Leftovers
|turn|32
|c|âshabbir|This is too horing
|c|âshabbir|gg
|c|â21yearoldvirgin|lol
|-message|shabbir forfeited.
|
|win|21yearoldvirgin
|raw|Ladder updating...
|raw|shabbir's rating: 1485 &rarr; <strong>1457<\/strong><br \/>(-28 for losing)
|raw|21yearoldvirgin's rating: 1345 &rarr; <strong>1373<\/strong><br \/>(+28 for winning)
|leave|shabbir
|player|p1