|join|shabbir
|join|hoik
|player|p1|shabbir|2
|player|p2|hoik|170
|gametype|singles
|tier|UU
|rated
|rule|Sleep Clause: Limit one foe put to sleep
|rule|Species Clause: Limit one of each Pokemon
|rule|OHKO Clause: OHKO moves are banned
|rule|Moody Clause: Moody is banned
|rule|Evasion Moves Clause: Evasion moves are banned
|rule|Evasion Abilities Clause: Evasion abilities are banned
|clearpoke
|poke|p1|Ambipom, F
|poke|p1|Raikou, shiny
|poke|p1|Victini
|poke|p1|Weavile, F
|poke|p1|Shaymin
|poke|p1|Mienshao, F
|poke|p2|Durant, M
|poke|p2|Chandelure, F
|poke|p2|Togekiss, M
|poke|p2|Snorlax, F
|poke|p2|Blastoise, M
|poke|p2|Virizion
|teampreview
|callback|decision
|
|start
|switch|p1a: Jack Sparrow|Raikou, shiny|322\/322
|switch|p2a: Chandelure|Chandelure, F|262\/262
|-ability|p1a: Jack Sparrow|Pressure
|turn|1
|callback|decision
|
|move|p2a: Chandelure|Fire Blast|p1a: Jack Sparrow
|-damage|p1a: Jack Sparrow|58\/322
|-status|p1a: Jack Sparrow|brn
|move|p1a: Jack Sparrow|Volt Switch|p2a: Chandelure
|-damage|p2a: Chandelure|66\/262
|callback|decision
|
|switch|p1a: Peace|Victini|341\/341
|
|turn|2
|callback|decision
|chat|hoik|so spec
|
|switch|p2a: Blastoise|Blastoise, M|362\/362
|move|p1a: Peace|Psychic|p2a: Blastoise
|-damage|p2a: Blastoise|226\/362
|
|-heal|p2a: Blastoise|248\/362|[from] item: Leftovers
|turn|3
|callback|decision
|
|switch|p1a: Batman|Shaymin|404\/404
|move|p2a: Blastoise|Yawn|p1a: Batman
|-start|p1a: Batman|move: Yawn|[of] p2a: Blastoise
|
|-heal|p2a: Blastoise|270\/362|[from] item: Leftovers
|turn|4
|callback|decision
|
|switch|p2a: Durant|Durant, M|258\/258
|move|p1a: Batman|Seed Flare|p2a: Durant
|-resisted|p2a: Durant
|-damage|p2a: Durant|140\/258
|-damage|p1a: Batman|364\/404|[from] item: Life Orb
|
|-status|p1a: Batman|slp
|-heal|p2a: Durant|156\/258|[from] item: Leftovers
|turn|5
|callback|decision
|
|switch|p1a: Peace|Victini|341\/341
|move|p2a: Durant|Hone Claws|p2a: Durant
|-boost|p2a: Durant|atk|1
|-boost|p2a: Durant|accuracy|1
|
|-heal|p2a: Durant|172\/258|[from] item: Leftovers
|turn|6
|callback|decision
|
|move|p1a: Peace|Psychic|p2a: Durant
|-resisted|p2a: Durant
|-damage|p2a: Durant|55\/258
|move|p2a: Durant|Rock Slide|p1a: Peace
|-supereffective|p1a: Peace
|-damage|p1a: Peace|0 fnt
|faint|p1a: Peace
|
|-heal|p2a: Durant|71\/258|[from] item: Leftovers
|callback|decision
|
|switch|p1a: Shifu|Mienshao, F|271\/271
|turn|7
|callback|decision
|
|move|p1a: Shifu|Hi Jump Kick|p2a: Durant
|-damage|p2a: Durant|0 fnt
|faint|p2a: Durant
|
|callback|decision
|
|switch|p2a: Chandelure|Chandelure, F|66\/262
|turn|8
|callback|decision
|
|switch|p1a: Jack Sparrow|Raikou, shiny|58\/322 brn
|-ability|p1a: Jack Sparrow|Pressure
|move|p2a: Chandelure|Fire Blast|p1a: Jack Sparrow
|-damage|p1a: Jack Sparrow|0 fnt
|faint|p1a: Jack Sparrow
|
|callback|decision
|chat|hoik|2 scarfer XD
|
|switch|p1a: Shifu|Mienshao, F|271\/271
|turn|9
|callback|decision
|
|switch|p2a: Virizion|Virizion|386\/386
|move|p1a: Shifu|Stone Edge|p2a: Virizion
|-resisted|p2a: Virizion
|-damage|p2a: Virizion|297\/386
|
|-heal|p2a: Virizion|321\/386|[from] item: Leftovers
|turn|10
|callback|decision
|
|switch|p1a: Batman|Shaymin|364\/404
|move|p2a: Virizion|Swords Dance|p2a: Virizion
|-boost|p2a: Virizion|atk|2
|
|-heal|p2a: Virizion|345\/386|[from] item: Leftovers
|turn|11
|callback|decision
|
|move|p2a: Virizion|Close Combat|p1a: Batman
|-damage|p1a: Batman|37\/404
|-unboost|p2a: Virizion|def|1
|-unboost|p2a: Virizion|spd|1
|move|p1a: Batman|Air Slash|p2a: Virizion
|-supereffective|p2a: Virizion
|-damage|p2a: Virizion|0 fnt
|-damage|p1a: Batman|0 fnt|[from] item: Life Orb
|faint|p2a: Virizion
|faint|p1a: Batman
|
|callback|decision
|
|switch|p1a: Robin Hood|Weavile, F|282\/282
|switch|p2a: Togekiss|Togekiss, M|374\/374
|-ability|p1a: Robin Hood|Pressure
|turn|12
|callback|decision
|
|move|p1a: Robin Hood|Ice Punch|p2a: Togekiss
|-crit|p2a: Togekiss
|-supereffective|p2a: Togekiss
|-damage|p2a: Togekiss|0 fnt
|faint|p2a: Togekiss
|
|callback|decision
|
|switch|p2a: Chandelure|Chandelure, F|66\/262
|turn|13
|callback|decision
|
|move|p2a: Chandelure|Fire Blast|p1a: Robin Hood
|-supereffective|p1a: Robin Hood
|-damage|p1a: Robin Hood|0 fnt
|faint|p1a: Robin Hood
|
|callback|decision
|
|switch|p1a: Shifu|Mienshao, F|271\/271
|turn|14
|callback|decision
|
|switch|p2a: Snorlax|Snorlax, F|524\/524
|move|p1a: Shifu|U-turn|p2a: Snorlax
|-damage|p2a: Snorlax|407\/524
|callback|decision
|
|switch|p1a: Abu|Ambipom, F|291\/291
|
|-heal|p2a: Snorlax|439\/524|[from] item: Leftovers
|turn|15
|callback|decision
|
|move|p1a: Abu|U-turn|p2a: Snorlax
|-damage|p2a: Snorlax|343\/524
|callback|decision
|
|switch|p1a: Shifu|Mienshao, F|271\/271
|move|p2a: Snorlax|Body Slam|p1a: Shifu
|-damage|p1a: Shifu|49\/271
|-status|p1a: Shifu|par
|
|-heal|p2a: Snorlax|375\/524|[from] item: Leftovers
|turn|16
|callback|decision
|chat|shabbir|gg
|
|move|p1a: Shifu|Hi Jump Kick|p2a: Snorlax
|-supereffective|p2a: Snorlax
|-damage|p2a: Snorlax|0 fnt
|faint|p2a: Snorlax
|
|callback|decision
|
|switch|p2a: Chandelure|Chandelure, F|66\/262
|turn|17
|callback|decision
|chat|hoik|gg
|chat|hoik|oh wait XD
|chat|hoik|so fast XD
|
|move|p2a: Chandelure|Fire Blast|p1a: Shifu
|-damage|p1a: Shifu|0 fnt
|faint|p1a: Shifu
|
|callback|decision
|
|switch|p1a: Abu|Ambipom, F|291\/291
|turn|18
|callback|decision
|
|move|p2a: Chandelure|Fire Blast|p1a: Abu
|-damage|p1a: Abu|0 fnt
|faint|p1a: Abu
|
|win|hoik
|raw|Ladder updating...
|raw|shabbir's rating: 1658 &rarr; <strong>1654<\/strong><br \/>(-4 for losing)
|raw|hoik's rating: 1541 &rarr; <strong>1551<\/strong><br \/>(+10 for winning)
|chat|hoik|gg
|leave|shabbir
|player|p1