|join|Adil
|join|shabbir
|player|p1|Adil|1
|player|p2|shabbir|192
|gametype|singles
|gen|6
|tier|UU
|rated
|rule|Sleep Clause Mod: Limit one foe put to sleep
|rule|Species Clause: Limit one of each PokÃ©mon
|rule|OHKO Clause: OHKO moves are banned
|rule|Moody Clause: Moody is banned
|rule|Evasion Moves Clause: Evasion moves are banned
|rule|Endless Battle Clause: Forcing endless battles is banned
|rule|HP Percentage Mod: HP is shown in percentages
|clearpoke
|poke|p1|Diancie
|poke|p1|Forretress, F
|poke|p1|Blissey, F
|poke|p1|Suicune
|poke|p1|Zygarde
|poke|p1|Jirachi
|poke|p2|Zygarde
|poke|p2|Altaria, F
|poke|p2|Jirachi
|poke|p2|Diancie
|poke|p2|Vaporeon, F
|poke|p2|Porygon-Z
|rule|Swagger Clause: Swagger is banned
|rule|Baton Pass Clause: Limit one PokÃ©mon knowing Baton Pass
|teampreview
|join|Grenoonja
|c|âAdil|wtf whos this grenoonja skrub
|
|start
|switch|p1a: Diancie|Diancie|241\/241
|switch|p2a: Jirachi|Jirachi|341\/341
|turn|1
|c| Grenoonja|Adil: <----
|c| Grenoonja|skrub
|c|âAdil|e.e
|
|switch|p1a: Jirachi|Jirachi|341\/341
|move|p2a: Jirachi|Trick|p1a: Jirachi
|-activate|p2a: Jirachi|move: Trick|[of] p1a: Jirachi
|-item|p1a: Jirachi|Choice Scarf|[from] move: Trick
|-item|p2a: Jirachi|Choice Scarf|[from] move: Trick
|
|turn|2
|c|âAdil|plays
|c| Grenoonja|dat predict
|
|move|p2a: Jirachi|U-turn|p1a: Jirachi
|-damage|p1a: Jirachi|266\/341
|
|switch|p2a: Vaporeon|Vaporeon, F|464\/464
|move|p1a: Jirachi|U-turn|p2a: Vaporeon
|-damage|p2a: Vaporeon|398\/464
|
|switch|p1a: Zygarde|Zygarde|419\/419
|-ability|p1a: Zygarde|Aura Break
|
|-heal|p2a: Vaporeon|427\/464|[from] item: Leftovers
|turn|3
|
|switch|p2a: Altaria|Altaria, F|291\/291
|move|p1a: Zygarde|Substitute|p1a: Zygarde
|-start|p1a: Zygarde|Substitute
|-damage|p1a: Zygarde|315\/419
|
|-heal|p1a: Zygarde|341\/419|[from] item: Leftovers
|turn|4
|
|switch|p1a: Forretress|Forretress, F|354\/354
|detailschange|p2a: Altaria|Altaria-Mega, F
|message|Altaria has Mega Evolved into Mega Altaria!
|move|p2a: Altaria|Return|p1a: Forretress
|-resisted|p1a: Forretress
|-damage|p1a: Forretress|284\/354
|
|-heal|p1a: Forretress|306\/354|[from] item: Leftovers
|turn|5
|
|move|p2a: Altaria|Flamethrower|p1a: Forretress
|-supereffective|p1a: Forretress
|-damage|p1a: Forretress|0 fnt
|faint|p1a: Forretress
|
|
|switch|p1a: Diancie|Diancie|241\/241
|turn|6
|
|detailschange|p1a: Diancie|Diancie-Mega
|message|Diancie has Mega Evolved into Mega Diancie!
|move|p2a: Altaria|Earthquake|p1a: Diancie
|-supereffective|p1a: Diancie
|-damage|p1a: Diancie|0 fnt
|faint|p1a: Diancie
|
|c|âAdil|omf
|
|switch|p1a: Jirachi|Jirachi|266\/341
|turn|7
|
|switch|p2a: Jirachi|Jirachi|341\/341
|move|p1a: Jirachi|U-turn|p2a: Jirachi
|-damage|p2a: Jirachi|275\/341
|
|switch|p1a: Zygarde|Zygarde|341\/419
|-ability|p1a: Zygarde|Aura Break
|
|-heal|p1a: Zygarde|367\/419|[from] item: Leftovers
|turn|8
|
|switch|p1a: Jirachi|Jirachi|266\/341
|move|p2a: Jirachi|Trick|p1a: Jirachi
|-activate|p2a: Jirachi|move: Trick|[of] p1a: Jirachi
|-item|p1a: Jirachi|Choice Scarf|[from] move: Trick
|-item|p2a: Jirachi|Choice Scarf|[from] move: Trick
|
|turn|9
|
|move|p1a: Jirachi|Trick|p2a: Jirachi
|-activate|p1a: Jirachi|move: Trick|[of] p2a: Jirachi
|-item|p2a: Jirachi|Choice Scarf|[from] move: Trick
|-item|p1a: Jirachi|Choice Scarf|[from] move: Trick
|move|p2a: Jirachi|U-turn|p1a: Jirachi
|-damage|p1a: Jirachi|197\/341
|
|switch|p2a: Altaria|Altaria-Mega, F|291\/291
|
|turn|10
|
|switch|p2a: Jirachi|Jirachi|275\/341
|move|p1a: Jirachi|Iron Head|p2a: Jirachi
|-resisted|p2a: Jirachi
|-damage|p2a: Jirachi|215\/341
|
|turn|11
|
|switch|p1a: Suicune|Suicune|403\/403
|-ability|p1a: Suicune|Pressure
|move|p2a: Jirachi|U-turn|p1a: Suicune
|-damage|p1a: Suicune|359\/403
|
|switch|p2a: Porygon-Z|Porygon-Z|312\/312
|
|-heal|p1a: Suicune|384\/403|[from] item: Leftovers
|turn|12
|
|switch|p1a: Zygarde|Zygarde|367\/419
|-ability|p1a: Zygarde|Aura Break
|move|p2a: Porygon-Z|Trick|p1a: Zygarde
|-activate|p2a: Porygon-Z|move: Trick|[of] p1a: Zygarde
|-item|p1a: Zygarde|Choice Specs|[from] move: Trick
|-item|p2a: Porygon-Z|Leftovers|[from] move: Trick
|
|turn|13
|c| Grenoonja|another tricker
|c| Grenoonja|wat
|c| Grenoonja|y u do dis
|
|switch|p2a: Altaria|Altaria-Mega, F|291\/291
|switch|p1a: Blissey|Blissey, F|714\/714
|
|turn|14
|
|move|p2a: Altaria|Return|p1a: Blissey
|-damage|p1a: Blissey|294\/714
|move|p1a: Blissey|Toxic|p2a: Altaria
|-status|p2a: Altaria|tox
|
|-heal|p1a: Blissey|338\/714|[from] item: Leftovers
|-damage|p2a: Altaria|273\/291 tox|[from] psn
|turn|15
|
|switch|p1a: Suicune|Suicune|384\/403
|-ability|p1a: Suicune|Pressure
|move|p2a: Altaria|Dragon Dance|p2a: Altaria
|-boost|p2a: Altaria|atk|1
|-boost|p2a: Altaria|spe|1
|
|-heal|p1a: Suicune|403\/403|[from] item: Leftovers
|-damage|p2a: Altaria|237\/291 tox|[from] psn
|turn|16
|
|move|p2a: Altaria|Dragon Dance|p2a: Altaria
|-boost|p2a: Altaria|atk|1
|-boost|p2a: Altaria|spe|1
|move|p1a: Suicune|Scald|p2a: Altaria
|-resisted|p2a: Altaria
|-damage|p2a: Altaria|194\/291 tox
|
|-damage|p2a: Altaria|140\/291 tox|[from] psn
|turn|17
|
|move|p2a: Altaria|Return|p1a: Suicune
|-damage|p1a: Suicune|112\/403
|move|p1a: Suicune|Rest|p1a: Suicune
|-status|p1a: Suicune|slp
|-heal|p1a: Suicune|403\/403 slp|[silent]
|-status|p1a: Suicune|slp|[from] move: Rest
|
|-damage|p2a: Altaria|68\/291 tox|[from] psn
|turn|18
|
|switch|p1a: Blissey|Blissey, F|338\/714
|move|p2a: Altaria|Return|p1a: Blissey
|-damage|p1a: Blissey|0 fnt
|faint|p1a: Blissey
|
|-damage|p2a: Altaria|0 fnt|[from] psn
|faint|p2a: Altaria
|
|switch|p1a: Jirachi|Jirachi|197\/341
|switch|p2a: Jirachi|Jirachi|215\/341
|turn|19
|
|move|p2a: Jirachi|U-turn|p1a: Jirachi
|-damage|p1a: Jirachi|121\/341
|
|switch|p2a: Porygon-Z|Porygon-Z|312\/312
|move|p1a: Jirachi|U-turn|p2a: Porygon-Z
|-damage|p2a: Porygon-Z|217\/312
|
|switch|p1a: Zygarde|Zygarde|367\/419
|-ability|p1a: Zygarde|Aura Break
|
|-heal|p2a: Porygon-Z|236\/312|[from] item: Leftovers
|turn|20
|
|move|p2a: Porygon-Z|Tri Attack|p1a: Zygarde
|-damage|p1a: Zygarde|221\/419
|move|p1a: Zygarde|Earthquake|p2a: Porygon-Z
|-damage|p2a: Porygon-Z|92\/312
|
|-heal|p2a: Porygon-Z|111\/312|[from] item: Leftovers
|turn|21
|
|switch|p2a: Vaporeon|Vaporeon, F|427\/464
|move|p1a: Zygarde|Earthquake|p2a: Vaporeon
|-damage|p2a: Vaporeon|303\/464
|
|-heal|p2a: Vaporeon|332\/464|[from] item: Leftovers
|turn|22
|-message|Adil forfeited.
|
|win|shabbir
|raw|Ladder updating...
|leave|Adil
|player|p1
|raw|Adil's rating: 1556 &rarr; <strong>1531<\/strong><br \/>(-25 for losing)
|raw|shabbir's rating: 1476 &rarr; <strong>1500<\/strong><br \/>(+24 for winning)
|c|âshabbir|:3