|join|purrl
|join|shabbir
|player|p1|purrl|8
|player|p2|shabbir|192
|gametype|singles
|gen|6
|tier|UU
|rated
|rule|Sleep Clause Mod: Limit one foe put to sleep
|rule|Species Clause: Limit one of each PokÃ©mon
|rule|OHKO Clause: OHKO moves are banned
|rule|Moody Clause: Moody is banned
|rule|Evasion Moves Clause: Evasion moves are banned
|rule|Endless Battle Clause: Forcing endless battles is banned
|rule|HP Percentage Mod: HP is shown in percentages
|clearpoke
|poke|p1|Volcarona, F, shiny
|poke|p1|Swampert, M
|poke|p1|Forretress, F
|poke|p1|Diancie
|poke|p1|Shaymin, shiny
|poke|p1|Machamp, M
|poke|p2|Zygarde
|poke|p2|Altaria, F
|poke|p2|Jirachi
|poke|p2|Diancie
|poke|p2|Vaporeon, M
|poke|p2|Porygon-Z
|rule|Swagger Clause: Swagger is banned
|rule|Baton Pass Clause: Limit one PokÃ©mon knowing Baton Pass
|teampreview
|
|start
|switch|p1a: Forretress|Forretress, F|354\/354
|switch|p2a: Altaria|Altaria, F|291\/291
|turn|1
|
|detailschange|p2a: Altaria|Altaria-Mega, F
|message|Altaria has Mega Evolved into Mega Altaria!
|move|p2a: Altaria|Flamethrower|p1a: Forretress
|-supereffective|p1a: Forretress
|-damage|p1a: Forretress|74\/354
|move|p1a: Forretress|Gyro Ball|p2a: Altaria
|-supereffective|p2a: Altaria
|-damage|p2a: Altaria|91\/291
|
|-heal|p1a: Forretress|96\/354|[from] item: Leftovers
|turn|2
|
|switch|p1a: Swampert|Swampert, M|401\/401
|move|p2a: Altaria|Flamethrower|p1a: Swampert
|-resisted|p1a: Swampert
|-damage|p1a: Swampert|357\/401
|
|-heal|p1a: Swampert|382\/401|[from] item: Leftovers
|turn|3
|
|move|p2a: Altaria|Dragon Dance|p2a: Altaria
|-boost|p2a: Altaria|atk|1
|-boost|p2a: Altaria|spe|1
|move|p1a: Swampert|Stealth Rock|p2a: Altaria
|-sidestart|p2: shabbir|move: Stealth Rock
|
|-heal|p1a: Swampert|401\/401|[from] item: Leftovers
|turn|4
|join|Teams 4 Teasting
|
|move|p2a: Altaria|Return|p1a: Swampert
|-damage|p1a: Swampert|124\/401
|move|p1a: Swampert|Earthquake|p2a: Altaria
|-damage|p2a: Altaria|0 fnt
|faint|p2a: Altaria
|
|-heal|p1a: Swampert|149\/401|[from] item: Leftovers
|c| Teams 4 Teasting|shabbir
|
|switch|p2a: Porygon-Z|Porygon-Z|312\/312
|-damage|p2a: Porygon-Z|273\/312|[from] Stealth Rock
|turn|5
|c| Teams 4 Teasting|can i use your team?
|c|âshabbir|Sure
|
|switch|p1a: Forretress|Forretress, F|96\/354
|move|p2a: Porygon-Z|Tri Attack|p1a: Forretress
|-resisted|p1a: Forretress
|-damage|p1a: Forretress|0 fnt
|faint|p1a: Forretress
|
|c| Teams 4 Teasting|thx
|
|switch|p1a: Diancie|Diancie|241\/241
|turn|6
|
|detailschange|p1a: Diancie|Diancie-Mega
|message|Diancie has Mega Evolved into Mega Diancie!
|move|p2a: Porygon-Z|Tri Attack|p1a: Diancie
|-resisted|p1a: Diancie
|-damage|p1a: Diancie|92\/241
|move|p1a: Diancie|Moonblast|p2a: Porygon-Z
|-damage|p2a: Porygon-Z|8\/312
|-unboost|p2a: Porygon-Z|spa|1
|
|turn|7
|
|switch|p1a: Swampert|Swampert, M|149\/401
|move|p2a: Porygon-Z|Tri Attack|p1a: Swampert
|-damage|p1a: Swampert|0 fnt
|faint|p1a: Swampert
|
|
|switch|p1a: Volcarona|Volcarona, F, shiny|373\/373
|turn|8
|
|move|p2a: Porygon-Z|Tri Attack|p1a: Volcarona
|-damage|p1a: Volcarona|149\/373
|move|p1a: Volcarona|Quiver Dance|p1a: Volcarona
|-boost|p1a: Volcarona|spa|1
|-boost|p1a: Volcarona|spd|1
|-boost|p1a: Volcarona|spe|1
|
|-heal|p1a: Volcarona|172\/373|[from] item: Leftovers
|turn|9
|
|move|p1a: Volcarona|Roost|p1a: Volcarona
|-heal|p1a: Volcarona|359\/373
|move|p2a: Porygon-Z|Tri Attack|p1a: Volcarona
|-damage|p1a: Volcarona|211\/373
|
|-heal|p1a: Volcarona|234\/373|[from] item: Leftovers
|turn|10
|
|switch|p2a: Diancie|Diancie|303\/303
|-damage|p2a: Diancie|266\/303|[from] Stealth Rock
|move|p1a: Volcarona|Quiver Dance|p1a: Volcarona
|-boost|p1a: Volcarona|spa|1
|-boost|p1a: Volcarona|spd|1
|-boost|p1a: Volcarona|spe|1
|
|-heal|p1a: Volcarona|257\/373|[from] item: Leftovers
|-heal|p2a: Diancie|284\/303|[from] item: Leftovers
|turn|11
|
|switch|p1a: Machamp|Machamp, M|364\/364
|move|p2a: Diancie|Ancient Power|p1a: Machamp
|-resisted|p1a: Machamp
|-damage|p1a: Machamp|328\/364
|
|-heal|p2a: Diancie|302\/303|[from] item: Leftovers
|turn|12
|
|move|p1a: Machamp|Heavy Slam|p2a: Diancie
|-supereffective|p2a: Diancie
|-damage|p2a: Diancie|0 fnt
|faint|p2a: Diancie
|
|
|switch|p2a: Zygarde|Zygarde|358\/358
|-damage|p2a: Zygarde|336\/358|[from] Stealth Rock
|-ability|p2a: Zygarde|Aura Break
|turn|13
|
|move|p2a: Zygarde|Dragon Dance|p2a: Zygarde
|-boost|p2a: Zygarde|atk|1
|-boost|p2a: Zygarde|spe|1
|move|p1a: Machamp|Close Combat|p2a: Zygarde
|-damage|p2a: Zygarde|149\/358
|-unboost|p1a: Machamp|def|1
|-unboost|p1a: Machamp|spd|1
|
|turn|14
|
|switch|p1a: Diancie|Diancie-Mega|92\/241
|move|p2a: Zygarde|Earthquake|p1a: Diancie
|-supereffective|p1a: Diancie
|-damage|p1a: Diancie|0 fnt
|faint|p1a: Diancie
|
|
|switch|p1a: Shaymin|Shaymin, shiny|341\/341
|turn|15
|
|move|p2a: Zygarde|Outrage|p1a: Shaymin
|-damage|p1a: Shaymin|41\/341
|move|p1a: Shaymin|Seed Flare|p2a: Zygarde
|-damage|p2a: Zygarde|0 fnt
|-damage|p1a: Shaymin|7\/341|[from] item: Life Orb
|faint|p2a: Zygarde
|
|
|switch|p2a: Jirachi|Jirachi|341\/341
|-damage|p2a: Jirachi|320\/341|[from] Stealth Rock
|turn|16
|
|switch|p1a: Volcarona|Volcarona, F, shiny|257\/373
|move|p2a: Jirachi|U-turn|p1a: Volcarona
|-crit|p1a: Volcarona
|-resisted|p1a: Volcarona
|-damage|p1a: Volcarona|199\/373
|
|switch|p2a: Vaporeon|Vaporeon, M|464\/464
|-damage|p2a: Vaporeon|406\/464|[from] Stealth Rock
|
|-heal|p1a: Volcarona|222\/373|[from] item: Leftovers
|-heal|p2a: Vaporeon|435\/464|[from] item: Leftovers
|turn|17
|
|switch|p1a: Machamp|Machamp, M|328\/364
|switch|p2a: Jirachi|Jirachi|320\/341
|-damage|p2a: Jirachi|299\/341|[from] Stealth Rock
|
|turn|18
|
|switch|p1a: Shaymin|Shaymin, shiny|7\/341
|move|p2a: Jirachi|Zen Headbutt|p1a: Shaymin
|-damage|p1a: Shaymin|0 fnt
|faint|p1a: Shaymin
|
|
|switch|p1a: Volcarona|Volcarona, F, shiny|222\/373
|turn|19
|
|move|p2a: Jirachi|Zen Headbutt|p1a: Volcarona
|-damage|p1a: Volcarona|93\/373
|cant|p1a: Volcarona|flinch
|
|-heal|p1a: Volcarona|116\/373|[from] item: Leftovers
|turn|20
|
|move|p2a: Jirachi|Zen Headbutt|p1a: Volcarona
|-damage|p1a: Volcarona|0 fnt
|-status|p2a: Jirachi|brn
|faint|p1a: Volcarona
|
|-damage|p2a: Jirachi|257\/341 brn|[from] brn
|
|switch|p1a: Machamp|Machamp, M|328\/364
|turn|21
|
|switch|p2a: Vaporeon|Vaporeon, M|435\/464
|-damage|p2a: Vaporeon|377\/464|[from] Stealth Rock
|move|p1a: Machamp|Knock Off|p2a: Vaporeon
|-damage|p2a: Vaporeon|252\/464
|-enditem|p2a: Vaporeon|Leftovers|[from] move: Knock Off|[of] p1a: Machamp
|
|turn|22
|
|move|p1a: Machamp|Close Combat|p2a: Vaporeon
|-damage|p2a: Vaporeon|26\/464
|-unboost|p1a: Machamp|def|1
|-unboost|p1a: Machamp|spd|1
|move|p2a: Vaporeon|Heal Bell|p2a: Vaporeon
|-cureteam|p2a: Vaporeon|[from] move: HealBell
|
|turn|23
|c|âshabbir|Gg
|
|move|p1a: Machamp|Knock Off|p2a: Vaporeon
|-damage|p2a: Vaporeon|0 fnt
|faint|p2a: Vaporeon
|
|
|switch|p2a: Jirachi|Jirachi|257\/341
|-damage|p2a: Jirachi|236\/341|[from] Stealth Rock
|turn|24
|c|âshabbir|Unless I miss
|
|move|p2a: Jirachi|Zen Headbutt|p1a: Machamp
|-supereffective|p1a: Machamp
|-damage|p1a: Machamp|0 fnt
|faint|p1a: Machamp
|
|win|shabbir
|raw|Ladder updating...
|raw|purrl's rating: 1620 &rarr; <strong>1592<\/strong><br \/>(-28 for losing)
|raw|shabbir's rating: 1478 &rarr; <strong>1505<\/strong><br \/>(+27 for winning)
|leave|purrl
|player|p1
|c|âshabbir|Woah