|join|shabbir
|join|loggggg
|player|p1|shabbir|192
|player|p2|loggggg|138
|gametype|singles
|gen|6
|tier|UU
|rated
|rule|Sleep Clause Mod: Limit one foe put to sleep
|rule|Species Clause: Limit one of each PokÃ©mon
|rule|OHKO Clause: OHKO moves are banned
|rule|Moody Clause: Moody is banned
|rule|Evasion Moves Clause: Evasion moves are banned
|rule|Endless Battle Clause: Forcing endless battles is banned
|rule|HP Percentage Mod: HP is shown in percentages
|clearpoke
|poke|p1|Zygarde
|poke|p1|Pidgeot, M
|poke|p1|Jirachi
|poke|p1|Diancie
|poke|p1|Vaporeon, M
|poke|p1|Porygon-Z
|poke|p2|Flygon, F
|poke|p2|Suicune
|poke|p2|Florges, F
|poke|p2|Toxicroak, M
|poke|p2|Hydreigon, F
|poke|p2|Aggron, F
|rule|Swagger Clause: Swagger is banned
|rule|Baton Pass Clause: Limit one PokÃ©mon knowing Baton Pass
|teampreview
|
|start
|switch|p1a: Porygon-Z|Porygon-Z|312\/312
|switch|p2a: Aggron|Aggron, F|344\/344
|turn|1
|
|detailschange|p2a: Aggron|Aggron-Mega, F
|-mega|p2a: Aggron|Aggron|Aggronite
|move|p1a: Porygon-Z|Tri Attack|p2a: Aggron
|-resisted|p2a: Aggron
|-damage|p2a: Aggron|218\/344
|move|p2a: Aggron|Toxic|p1a: Porygon-Z
|-status|p1a: Porygon-Z|tox
|
|-damage|p1a: Porygon-Z|293\/312 tox|[from] psn
|turn|2
|
|switch|p2a: Florges|Florges, F|359\/359
|move|p1a: Porygon-Z|Tri Attack|p2a: Florges
|-damage|p2a: Florges|159\/359
|-status|p2a: Florges|frz
|
|-heal|p2a: Florges|181\/359 frz|[from] item: Leftovers
|-damage|p1a: Porygon-Z|255\/312 tox|[from] psn
|turn|3
|
|-curestatus|p2a: Florges|frz
|move|p2a: Florges|Protect|p2a: Florges
|-singleturn|p2a: Florges|Protect
|move|p1a: Porygon-Z|Tri Attack|p2a: Florges
|-activate|p2a: Florges|Protect
|
|-heal|p2a: Florges|203\/359|[from] item: Leftovers
|-damage|p1a: Porygon-Z|198\/312 tox|[from] psn
|turn|4
|
|switch|p1a: Jirachi|Jirachi|341\/341
|move|p2a: Florges|Wish|p2a: Florges
|
|-heal|p2a: Florges|225\/359|[from] item: Leftovers
|turn|5
|
|switch|p2a: Aggron|Aggron-Mega, F|218\/344
|move|p1a: Jirachi|U-turn|p2a: Aggron
|-resisted|p2a: Aggron
|-damage|p2a: Aggron|202\/344
|
|switch|p1a: Vaporeon|Vaporeon, M|464\/464
|
|-heal|p2a: Aggron|344\/344|[from] move: Wish|[wisher] Florges
|turn|6
|
|switch|p2a: Toxicroak|Toxicroak, M|307\/307
|move|p1a: Vaporeon|Heal Bell|p1a: Vaporeon
|-cureteam|p1a: Vaporeon|[from] move: HealBell
|
|turn|7
|
|switch|p1a: Diancie|Diancie|303\/303
|move|p2a: Toxicroak|Toxic|p1a: Diancie
|-status|p1a: Diancie|tox
|
|-damage|p1a: Diancie|285\/303 tox|[from] psn
|turn|8
|
|switch|p2a: Aggron|Aggron-Mega, F|344\/344
|move|p1a: Diancie|Moonblast|p2a: Aggron
|-resisted|p2a: Aggron
|-damage|p2a: Aggron|275\/344
|
|-heal|p1a: Diancie|303\/303 tox|[from] item: Leftovers
|-damage|p1a: Diancie|267\/303 tox|[from] psn
|turn|9
|
|switch|p1a: Jirachi|Jirachi|341\/341
|move|p2a: Aggron|Stealth Rock|p1a: Jirachi
|-sidestart|p1: shabbir|move: Stealth Rock
|
|turn|10
|
|move|p1a: Jirachi|U-turn|p2a: Aggron
|-resisted|p2a: Aggron
|-damage|p2a: Aggron|260\/344
|
|switch|p1a: Vaporeon|Vaporeon, M|464\/464
|-damage|p1a: Vaporeon|406\/464|[from] Stealth Rock
|move|p2a: Aggron|Earthquake|p1a: Vaporeon
|-damage|p1a: Vaporeon|300\/464
|
|-heal|p1a: Vaporeon|329\/464|[from] item: Leftovers
|turn|11
|
|move|p1a: Vaporeon|Wish|p1a: Vaporeon
|move|p2a: Aggron|Toxic|p1a: Vaporeon
|-status|p1a: Vaporeon|tox
|
|-heal|p1a: Vaporeon|358\/464 tox|[from] item: Leftovers
|-damage|p1a: Vaporeon|329\/464 tox|[from] psn
|turn|12
|
|switch|p1a: Porygon-Z|Porygon-Z|198\/312
|-damage|p1a: Porygon-Z|159\/312|[from] Stealth Rock
|move|p2a: Aggron|Heavy Slam|p1a: Porygon-Z
|-damage|p1a: Porygon-Z|0 fnt
|faint|p1a: Porygon-Z
|
|
|switch|p1a: Zygarde|Zygarde|358\/358
|-damage|p1a: Zygarde|336\/358|[from] Stealth Rock
|-ability|p1a: Zygarde|Aura Break
|turn|13
|
|switch|p2a: Hydreigon|Hydreigon, F|325\/325
|move|p1a: Zygarde|Dragon Dance|p1a: Zygarde
|-boost|p1a: Zygarde|atk|1
|-boost|p1a: Zygarde|spe|1
|
|turn|14
|
|switch|p1a: Diancie|Diancie|267\/303 tox
|-damage|p1a: Diancie|230\/303 tox|[from] Stealth Rock
|switch|p2a: Florges|Florges, F|225\/359
|
|-heal|p2a: Florges|247\/359|[from] item: Leftovers
|-heal|p1a: Diancie|248\/303 tox|[from] item: Leftovers
|-damage|p1a: Diancie|230\/303 tox|[from] psn
|turn|15
|
|switch|p1a: Vaporeon|Vaporeon, M|329\/464 tox
|-damage|p1a: Vaporeon|271\/464 tox|[from] Stealth Rock
|move|p2a: Florges|Wish|p2a: Florges
|
|-heal|p2a: Florges|269\/359|[from] item: Leftovers
|-heal|p1a: Vaporeon|300\/464 tox|[from] item: Leftovers
|-damage|p1a: Vaporeon|271\/464 tox|[from] psn
|turn|16
|
|move|p2a: Florges|Moonblast|p1a: Vaporeon
|-damage|p1a: Vaporeon|145\/464 tox
|move|p1a: Vaporeon|Heal Bell|p1a: Vaporeon
|-cureteam|p1a: Vaporeon|[from] move: HealBell
|
|-heal|p2a: Florges|359\/359|[from] move: Wish|[wisher] Florges
|-heal|p1a: Vaporeon|174\/464|[from] item: Leftovers
|turn|17
|
|switch|p2a: Flygon|Flygon, F|301\/301
|move|p1a: Vaporeon|Wish|p1a: Vaporeon
|
|-heal|p1a: Vaporeon|203\/464|[from] item: Leftovers
|turn|18
|
|move|p1a: Vaporeon|Protect|p1a: Vaporeon
|-singleturn|p1a: Vaporeon|Protect
|move|p2a: Flygon|Dragon Claw|p1a: Vaporeon
|-activate|p1a: Vaporeon|Protect
|
|-heal|p1a: Vaporeon|435\/464|[from] move: Wish|[wisher] Vaporeon
|-heal|p1a: Vaporeon|464\/464|[from] item: Leftovers
|turn|19
|
|switch|p2a: Toxicroak|Toxicroak, M|307\/307
|move|p1a: Vaporeon|Wish|p1a: Vaporeon
|
|turn|20
|
|switch|p1a: Jirachi|Jirachi|341\/341
|-damage|p1a: Jirachi|320\/341|[from] Stealth Rock
|move|p2a: Toxicroak|Gunk Shot|p1a: Jirachi
|-immune|p1a: Jirachi|[msg]
|
|-heal|p1a: Jirachi|341\/341|[from] move: Wish|[wisher] Vaporeon
|turn|21
|
|move|p2a: Toxicroak|Sucker Punch|p1a: Jirachi
|-supereffective|p1a: Jirachi
|-damage|p1a: Jirachi|171\/341
|move|p1a: Jirachi|U-turn|p2a: Toxicroak
|-resisted|p2a: Toxicroak
|-damage|p2a: Toxicroak|284\/307
|
|switch|p1a: Pidgeot|Pidgeot, M|307\/307
|-damage|p1a: Pidgeot|231\/307|[from] Stealth Rock
|
|-heal|p2a: Toxicroak|303\/307|[from] item: Black Sludge
|turn|22
|
|switch|p2a: Suicune|Suicune|404\/404
|-ability|p2a: Suicune|Pressure
|detailschange|p1a: Pidgeot|Pidgeot-Mega, M
|-mega|p1a: Pidgeot|Pidgeot|Pidgeotite
|move|p1a: Pidgeot|Hurricane|p2a: Suicune
|-damage|p2a: Suicune|241\/404
|
|-heal|p2a: Suicune|266\/404|[from] item: Leftovers
|turn|23
|
|move|p1a: Pidgeot|Hurricane|p2a: Suicune
|-damage|p2a: Suicune|88\/404
|move|p2a: Suicune|Ice Beam|p1a: Pidgeot
|-supereffective|p1a: Pidgeot
|-damage|p1a: Pidgeot|73\/307
|
|-heal|p2a: Suicune|113\/404|[from] item: Leftovers
|turn|24
|
|switch|p2a: Aggron|Aggron-Mega, F|260\/344
|move|p1a: Pidgeot|Hurricane|p2a: Aggron
|-resisted|p2a: Aggron
|-damage|p2a: Aggron|182\/344
|
|turn|25
|
|move|p1a: Pidgeot|Heat Wave|p2a: Aggron
|-supereffective|p2a: Aggron
|-damage|p2a: Aggron|34\/344
|move|p2a: Aggron|Heavy Slam|p1a: Pidgeot
|-damage|p1a: Pidgeot|0 fnt
|faint|p1a: Pidgeot
|
|
|switch|p1a: Zygarde|Zygarde|336\/358
|-damage|p1a: Zygarde|314\/358|[from] Stealth Rock
|-ability|p1a: Zygarde|Aura Break
|turn|26
|
|switch|p2a: Florges|Florges, F|359\/359
|move|p1a: Zygarde|Dragon Dance|p1a: Zygarde
|-boost|p1a: Zygarde|atk|1
|-boost|p1a: Zygarde|spe|1
|
|turn|27
|
|move|p1a: Zygarde|Earthquake|p2a: Florges
|-crit|p2a: Florges
|-damage|p2a: Florges|0 fnt
|faint|p2a: Florges
|
|
|switch|p2a: Flygon|Flygon, F|301\/301
|turn|28
|
|switch|p1a: Vaporeon|Vaporeon, M|464\/464
|-damage|p1a: Vaporeon|406\/464|[from] Stealth Rock
|move|p2a: Flygon|Dragon Claw|p1a: Vaporeon
|-damage|p1a: Vaporeon|277\/464
|
|-heal|p1a: Vaporeon|306\/464|[from] item: Leftovers
|turn|29
|
|switch|p2a: Suicune|Suicune|113\/404
|-ability|p2a: Suicune|Pressure
|move|p1a: Vaporeon|Wish|p1a: Vaporeon
|
|-heal|p2a: Suicune|138\/404|[from] item: Leftovers
|-heal|p1a: Vaporeon|335\/464|[from] item: Leftovers
|turn|30
|
|switch|p1a: Jirachi|Jirachi|171\/341
|-damage|p1a: Jirachi|150\/341|[from] Stealth Rock
|move|p2a: Suicune|Rest|p2a: Suicune
|-status|p2a: Suicune|slp
|-heal|p2a: Suicune|404\/404 slp|[silent]
|-status|p2a: Suicune|slp|[from] move: Rest
|
|-heal|p1a: Jirachi|341\/341|[from] move: Wish|[wisher] Vaporeon
|turn|31
|
|move|p1a: Jirachi|U-turn|p2a: Suicune
|-damage|p2a: Suicune|360\/404 slp
|
|switch|p1a: Diancie|Diancie|230\/303
|-damage|p1a: Diancie|193\/303|[from] Stealth Rock
|cant|p2a: Suicune|slp
|
|-heal|p2a: Suicune|385\/404 slp|[from] item: Leftovers
|-heal|p1a: Diancie|211\/303|[from] item: Leftovers
|turn|32
|
|cant|p2a: Suicune|slp
|move|p1a: Diancie|Substitute|p1a: Diancie
|-start|p1a: Diancie|Substitute
|-damage|p1a: Diancie|136\/303
|
|-heal|p2a: Suicune|404\/404 slp|[from] item: Leftovers
|-heal|p1a: Diancie|154\/303|[from] item: Leftovers
|turn|33
|
|-curestatus|p2a: Suicune|slp
|move|p2a: Suicune|Scald|p1a: Diancie
|-crit|p1a: Diancie
|-supereffective|p1a: Diancie
|-end|p1a: Diancie|Substitute
|move|p1a: Diancie|Calm Mind|p1a: Diancie
|-boost|p1a: Diancie|spa|1
|-boost|p1a: Diancie|spd|1
|
|-heal|p1a: Diancie|172\/303|[from] item: Leftovers
|turn|34
|
|move|p2a: Suicune|Scald|p1a: Diancie
|-supereffective|p1a: Diancie
|-damage|p1a: Diancie|88\/303
|move|p1a: Diancie|Moonblast|p2a: Suicune
|-damage|p2a: Suicune|185\/404
|
|-heal|p2a: Suicune|210\/404|[from] item: Leftovers
|-heal|p1a: Diancie|106\/303|[from] item: Leftovers
|turn|35
|
|switch|p2a: Aggron|Aggron-Mega, F|34\/344
|move|p1a: Diancie|Moonblast|p2a: Aggron
|-resisted|p2a: Aggron
|-damage|p2a: Aggron|0 fnt
|faint|p2a: Aggron
|
|-heal|p1a: Diancie|124\/303|[from] item: Leftovers
|
|switch|p2a: Flygon|Flygon, F|301\/301
|turn|36
|
|switch|p1a: Zygarde|Zygarde|314\/358
|-damage|p1a: Zygarde|292\/358|[from] Stealth Rock
|-ability|p1a: Zygarde|Aura Break
|move|p2a: Flygon|Earthquake|p1a: Zygarde
|-damage|p1a: Zygarde|165\/358
|
|turn|37
|
|switch|p2a: Suicune|Suicune|210\/404
|-ability|p2a: Suicune|Pressure
|move|p1a: Zygarde|Outrage|p2a: Suicune
|-damage|p2a: Suicune|81\/404
|
|-heal|p2a: Suicune|106\/404|[from] item: Leftovers
|turn|38
|
|move|p1a: Zygarde|Outrage|p2a: Suicune
|-damage|p2a: Suicune|0 fnt
|faint|p2a: Suicune
|
|
|switch|p2a: Toxicroak|Toxicroak, M|303\/307
|turn|39
|
|move|p2a: Toxicroak|Sucker Punch|p1a: Zygarde
|-damage|p1a: Zygarde|92\/358
|move|p1a: Zygarde|Outrage|p2a: Toxicroak
|-damage|p2a: Toxicroak|2\/307
|
|-end|p1a: Zygarde|rampage
|-start|p1a: Zygarde|confusion
|-heal|p2a: Toxicroak|21\/307|[from] item: Black Sludge
|-enditem|p1a: Zygarde|Lum Berry|[eat]
|-end|p1a: Zygarde|confusion
|turn|40
|
|move|p1a: Zygarde|Extreme Speed|p2a: Toxicroak
|-damage|p2a: Toxicroak|0 fnt
|faint|p2a: Toxicroak
|
|
|switch|p2a: Flygon|Flygon, F|301\/301
|turn|41
|
|move|p1a: Zygarde|Extreme Speed|p2a: Flygon
|-damage|p2a: Flygon|199\/301
|move|p2a: Flygon|Earthquake|p1a: Zygarde
|-damage|p1a: Zygarde|0 fnt
|faint|p1a: Zygarde
|
|
|switch|p1a: Vaporeon|Vaporeon, M|335\/464
|-damage|p1a: Vaporeon|277\/464|[from] Stealth Rock
|turn|42
|
|switch|p1a: Diancie|Diancie|124\/303
|-damage|p1a: Diancie|87\/303|[from] Stealth Rock
|move|p2a: Flygon|Earthquake|p1a: Diancie
|-supereffective|p1a: Diancie
|-damage|p1a: Diancie|0 fnt
|faint|p1a: Diancie
|
|c|âshabbir|Ahh
|
|switch|p1a: Vaporeon|Vaporeon, M|277\/464
|-damage|p1a: Vaporeon|219\/464|[from] Stealth Rock
|turn|43
|
|move|p2a: Flygon|Earthquake|p1a: Vaporeon
|-damage|p1a: Vaporeon|48\/464
|move|p1a: Vaporeon|Wish|p1a: Vaporeon
|
|-heal|p1a: Vaporeon|77\/464|[from] item: Leftovers
|turn|44
|
|move|p1a: Vaporeon|Protect|p1a: Vaporeon
|-singleturn|p1a: Vaporeon|Protect
|move|p2a: Flygon|Earthquake|p1a: Vaporeon
|-activate|p1a: Vaporeon|Protect
|
|-heal|p1a: Vaporeon|309\/464|[from] move: Wish|[wisher] Vaporeon
|-heal|p1a: Vaporeon|338\/464|[from] item: Leftovers
|turn|45
|
|move|p2a: Flygon|Earthquake|p1a: Vaporeon
|-damage|p1a: Vaporeon|188\/464
|move|p1a: Vaporeon|Wish|p1a: Vaporeon
|
|-heal|p1a: Vaporeon|217\/464|[from] item: Leftovers
|turn|46
|
|move|p1a: Vaporeon|Protect|p1a: Vaporeon
|-singleturn|p1a: Vaporeon|Protect
|move|p2a: Flygon|Earthquake|p1a: Vaporeon
|-activate|p1a: Vaporeon|Protect
|
|-heal|p1a: Vaporeon|449\/464|[from] move: Wish|[wisher] Vaporeon
|-heal|p1a: Vaporeon|464\/464|[from] item: Leftovers
|turn|47
|
|move|p2a: Flygon|Earthquake|p1a: Vaporeon
|-damage|p1a: Vaporeon|298\/464
|move|p1a: Vaporeon|Wish|p1a: Vaporeon
|
|-heal|p1a: Vaporeon|327\/464|[from] item: Leftovers
|turn|48
|
|move|p2a: Flygon|Earthquake|p1a: Vaporeon
|-crit|p1a: Vaporeon
|-damage|p1a: Vaporeon|77\/464
|move|p1a: Vaporeon|Scald|p2a: Flygon
|-damage|p2a: Flygon|72\/301
|
|-heal|p1a: Vaporeon|309\/464|[from] move: Wish|[wisher] Vaporeon
|-heal|p1a: Vaporeon|338\/464|[from] item: Leftovers
|turn|49
|
|move|p2a: Flygon|Earthquake|p1a: Vaporeon
|-damage|p1a: Vaporeon|182\/464
|move|p1a: Vaporeon|Wish|p1a: Vaporeon
|
|-heal|p1a: Vaporeon|211\/464|[from] item: Leftovers
|turn|50
|
|move|p1a: Vaporeon|Protect|p1a: Vaporeon
|-singleturn|p1a: Vaporeon|Protect
|move|p2a: Flygon|Earthquake|p1a: Vaporeon
|-activate|p1a: Vaporeon|Protect
|
|-heal|p1a: Vaporeon|443\/464|[from] move: Wish|[wisher] Vaporeon
|-heal|p1a: Vaporeon|464\/464|[from] item: Leftovers
|turn|51
|
|move|p2a: Flygon|Earthquake|p1a: Vaporeon
|-damage|p1a: Vaporeon|310\/464
|move|p1a: Vaporeon|Wish|p1a: Vaporeon
|
|-heal|p1a: Vaporeon|339\/464|[from] item: Leftovers
|turn|52
|
|move|p1a: Vaporeon|Protect|p1a: Vaporeon
|-singleturn|p1a: Vaporeon|Protect
|move|p2a: Flygon|Earthquake|p1a: Vaporeon
|-activate|p1a: Vaporeon|Protect
|
|-heal|p1a: Vaporeon|464\/464|[from] move: Wish|[wisher] Vaporeon
|turn|53
|
|switch|p2a: Hydreigon|Hydreigon, F|325\/325
|move|p1a: Vaporeon|Wish|p1a: Vaporeon
|
|turn|54
|
|move|p2a: Hydreigon|Dark Pulse|p1a: Vaporeon
|-damage|p1a: Vaporeon|260\/464
|-damage|p2a: Hydreigon|293\/325|[from] item: Life Orb
|move|p1a: Vaporeon|Scald|p2a: Hydreigon
|-resisted|p2a: Hydreigon
|-damage|p2a: Hydreigon|242\/325
|
|-heal|p1a: Vaporeon|464\/464|[from] move: Wish|[wisher] Vaporeon
|turn|55
|
|move|p2a: Hydreigon|Dark Pulse|p1a: Vaporeon
|-damage|p1a: Vaporeon|276\/464
|-damage|p2a: Hydreigon|210\/325|[from] item: Life Orb
|move|p1a: Vaporeon|Wish|p1a: Vaporeon
|
|-heal|p1a: Vaporeon|305\/464|[from] item: Leftovers
|turn|56
|
|move|p1a: Vaporeon|Protect|p1a: Vaporeon
|-singleturn|p1a: Vaporeon|Protect
|move|p2a: Hydreigon|Dark Pulse|p1a: Vaporeon
|-activate|p1a: Vaporeon|Protect
|
|-heal|p1a: Vaporeon|464\/464|[from] move: Wish|[wisher] Vaporeon
|turn|57
|
|move|p2a: Hydreigon|Dark Pulse|p1a: Vaporeon
|-damage|p1a: Vaporeon|276\/464
|-damage|p2a: Hydreigon|178\/325|[from] item: Life Orb
|cant|p1a: Vaporeon|flinch
|
|-heal|p1a: Vaporeon|305\/464|[from] item: Leftovers
|turn|58
|
|move|p1a: Vaporeon|Protect|p1a: Vaporeon
|-singleturn|p1a: Vaporeon|Protect
|move|p2a: Hydreigon|Dark Pulse|p1a: Vaporeon
|-activate|p1a: Vaporeon|Protect
|
|-heal|p1a: Vaporeon|334\/464|[from] item: Leftovers
|turn|59
|
|move|p2a: Hydreigon|Dark Pulse|p1a: Vaporeon
|-damage|p1a: Vaporeon|138\/464
|-damage|p2a: Hydreigon|146\/325|[from] item: Life Orb
|move|p1a: Vaporeon|Wish|p1a: Vaporeon
|
|-heal|p1a: Vaporeon|167\/464|[from] item: Leftovers
|turn|60
|
|move|p1a: Vaporeon|Protect|p1a: Vaporeon
|-singleturn|p1a: Vaporeon|Protect
|move|p2a: Hydreigon|Roost|p2a: Hydreigon
|-heal|p2a: Hydreigon|309\/325
|
|-heal|p1a: Vaporeon|399\/464|[from] move: Wish|[wisher] Vaporeon
|-heal|p1a: Vaporeon|428\/464|[from] item: Leftovers
|turn|61
|
|move|p2a: Hydreigon|Dark Pulse|p1a: Vaporeon
|-damage|p1a: Vaporeon|237\/464
|-damage|p2a: Hydreigon|277\/325|[from] item: Life Orb
|move|p1a: Vaporeon|Scald|p2a: Hydreigon
|-resisted|p2a: Hydreigon
|-damage|p2a: Hydreigon|223\/325
|-status|p2a: Hydreigon|brn
|
|-heal|p1a: Vaporeon|266\/464|[from] item: Leftovers
|-damage|p2a: Hydreigon|183\/325 brn|[from] brn
|turn|62
|
|move|p2a: Hydreigon|Roost|p2a: Hydreigon
|-heal|p2a: Hydreigon|325\/325 brn
|move|p1a: Vaporeon|Wish|p1a: Vaporeon
|
|-heal|p1a: Vaporeon|295\/464|[from] item: Leftovers
|-damage|p2a: Hydreigon|285\/325 brn|[from] brn
|turn|63
|
|move|p2a: Hydreigon|Fire Blast|p1a: Vaporeon
|-resisted|p1a: Vaporeon
|-damage|p1a: Vaporeon|214\/464
|-damage|p2a: Hydreigon|253\/325 brn|[from] item: Life Orb
|move|p1a: Vaporeon|Scald|p2a: Hydreigon
|-resisted|p2a: Hydreigon
|-damage|p2a: Hydreigon|196\/325 brn
|
|-heal|p1a: Vaporeon|446\/464|[from] move: Wish|[wisher] Vaporeon
|-heal|p1a: Vaporeon|464\/464|[from] item: Leftovers
|-damage|p2a: Hydreigon|156\/325 brn|[from] brn
|turn|64
|
|move|p2a: Hydreigon|Dark Pulse|p1a: Vaporeon
|-damage|p1a: Vaporeon|268\/464
|-damage|p2a: Hydreigon|124\/325 brn|[from] item: Life Orb
|cant|p1a: Vaporeon|flinch
|
|-heal|p1a: Vaporeon|297\/464|[from] item: Leftovers
|-damage|p2a: Hydreigon|84\/325 brn|[from] brn
|turn|65
|
|switch|p1a: Jirachi|Jirachi|341\/341
|-damage|p1a: Jirachi|320\/341|[from] Stealth Rock
|move|p2a: Hydreigon|Dark Pulse|p1a: Jirachi
|-crit|p1a: Jirachi
|-supereffective|p1a: Jirachi
|-damage|p1a: Jirachi|0 fnt
|-damage|p2a: Hydreigon|52\/325 brn|[from] item: Life Orb
|faint|p1a: Jirachi
|
|-damage|p2a: Hydreigon|12\/325 brn|[from] brn
|
|switch|p1a: Vaporeon|Vaporeon, M|297\/464
|-damage|p1a: Vaporeon|239\/464|[from] Stealth Rock
|turn|66
|c|âshabbir|God damn stupid play
|c|âshabbir|gg
|
|move|p2a: Hydreigon|Roost|p2a: Hydreigon
|-heal|p2a: Hydreigon|175\/325 brn
|move|p1a: Vaporeon|Scald|p2a: Hydreigon
|-resisted|p2a: Hydreigon
|-damage|p2a: Hydreigon|118\/325 brn
|
|-heal|p1a: Vaporeon|268\/464|[from] item: Leftovers
|-damage|p2a: Hydreigon|78\/325 brn|[from] brn
|turn|67
|c|âloggggg|it's not over yet !
|c|âloggggg|but yes gg
|
|move|p2a: Hydreigon|Roost|p2a: Hydreigon
|-heal|p2a: Hydreigon|241\/325 brn
|move|p1a: Vaporeon|Scald|p2a: Hydreigon
|-resisted|p2a: Hydreigon
|-damage|p2a: Hydreigon|190\/325 brn
|
|-heal|p1a: Vaporeon|297\/464|[from] item: Leftovers
|-damage|p2a: Hydreigon|150\/325 brn|[from] brn
|turn|68
|
|move|p2a: Hydreigon|Dark Pulse|p1a: Vaporeon
|-damage|p1a: Vaporeon|116\/464
|-damage|p2a: Hydreigon|118\/325 brn|[from] item: Life Orb
|cant|p1a: Vaporeon|flinch
|
|-heal|p1a: Vaporeon|145\/464|[from] item: Leftovers
|-damage|p2a: Hydreigon|78\/325 brn|[from] brn
|turn|69
|
|move|p1a: Vaporeon|Protect|p1a: Vaporeon
|-singleturn|p1a: Vaporeon|Protect
|move|p2a: Hydreigon|Roost|p2a: Hydreigon
|-heal|p2a: Hydreigon|241\/325 brn
|
|-heal|p1a: Vaporeon|174\/464|[from] item: Leftovers
|-damage|p2a: Hydreigon|201\/325 brn|[from] brn
|turn|70
|c|âshabbir|No Draco?
|
|move|p1a: Vaporeon|Protect|p1a: Vaporeon
|-fail|p1a: Vaporeon
|move|p2a: Hydreigon|Dark Pulse|p1a: Vaporeon
|-damage|p1a: Vaporeon|0 fnt
|-damage|p2a: Hydreigon|169\/325 brn|[from] item: Life Orb
|faint|p1a: Vaporeon
|
|win|loggggg
|raw|Ladder updating...
|raw|shabbir's rating: 1458 &rarr; <strong>1425<\/strong><br \/>(-33 for losing)
|raw|loggggg's rating: 1193 &rarr; <strong>1234<\/strong><br \/>(+41 for winning)
|c|âloggggg|idk how much it does
|c|âshabbir|65ish
|c|âloggggg|ooh
|c|âshabbir|Gg
|c|âloggggg|didn't want to risk the spa drop
|c|âloggggg|gg
|leave|shabbir
|player|p1