|join|Only Rust
|join|Slurpuffite
|player|p1|Only Rust|120
|player|p2|Slurpuffite|1
|gametype|singles
|gen|6
|tier|UU
|rated
|rule|Sleep Clause Mod: Limit one foe put to sleep
|rule|Species Clause: Limit one of each PokÃ©mon
|rule|OHKO Clause: OHKO moves are banned
|rule|Moody Clause: Moody is banned
|rule|Evasion Moves Clause: Evasion moves are banned
|rule|Endless Battle Clause: Forcing endless battles is banned
|rule|HP Percentage Mod: HP is shown in percentages
|clearpoke
|poke|p1|Sharpedo, M
|poke|p1|Porygon-Z
|poke|p1|Haxorus, F
|poke|p1|Galvantula, F
|poke|p1|Espeon, F, shiny
|poke|p1|Lucario, F
|poke|p2|Sharpedo, M
|poke|p2|Shaymin
|poke|p2|Granbull, M
|poke|p2|Krookodile, F
|poke|p2|Nidoking, M
|poke|p2|Jirachi
|rule|Swagger Clause: Swagger is banned
|rule|Baton Pass Clause: Limit one PokÃ©mon knowing Baton Pass
|teampreview
|
|start
|switch|p1a: Electric Boogaloo|Galvantula, F|281\/281
|switch|p2a: Krookodile|Krookodile, F|394\/394
|-ability|p2a: Krookodile|Intimidate|[of] p1a: Electric Boogaloo
|-unboost|p1a: Electric Boogaloo|atk|1
|turn|1
|
|move|p1a: Electric Boogaloo|Bug Buzz|p2a: Krookodile
|-supereffective|p2a: Krookodile
|-damage|p2a: Krookodile|56\/394
|move|p2a: Krookodile|Stealth Rock|p1a: Electric Boogaloo
|-sidestart|p1: Only Rust|move: Stealth Rock
|
|-heal|p2a: Krookodile|80\/394|[from] item: Leftovers
|turn|2
|
|move|p2a: Krookodile|Protect|p2a: Krookodile
|-singleturn|p2a: Krookodile|Protect
|move|p1a: Electric Boogaloo|Sticky Web|p2a: Krookodile
|-sidestart|p2: Slurpuffite|move: Sticky Web
|
|-heal|p2a: Krookodile|104\/394|[from] item: Leftovers
|turn|3
|
|switch|p2a: Jirachi|Jirachi|341\/341
|-activate|p2a: Jirachi|move: Sticky Web
|-unboost|p2a: Jirachi|spe|1
|move|p1a: Electric Boogaloo|Bug Buzz|p2a: Jirachi
|-damage|p2a: Jirachi|209\/341
|
|turn|4
|
|move|p1a: Electric Boogaloo|Thunder|p2a: Jirachi|[miss]
|-miss|p1a: Electric Boogaloo|p2a: Jirachi
|move|p2a: Jirachi|U-turn|p1a: Electric Boogaloo
|-damage|p1a: Electric Boogaloo|185\/281
|c|âOnly Rust|fuck
|
|switch|p2a: Nidoking|Nidoking, M|304\/304
|-activate|p2a: Nidoking|move: Sticky Web
|-unboost|p2a: Nidoking|spe|1
|
|turn|5
|
|switch|p1a: Garth|Sharpedo, M|281\/281
|-damage|p1a: Garth|246\/281|[from] Stealth Rock
|move|p2a: Nidoking|Earth Power|p1a: Garth
|-damage|p1a: Garth|0 fnt
|faint|p1a: Garth
|
|
|switch|p1a: Error 405|Porygon-Z|311\/311
|-damage|p1a: Error 405|273\/311|[from] Stealth Rock
|turn|6
|
|switch|p2a: Krookodile|Krookodile, F|104\/394
|-activate|p2a: Krookodile|move: Sticky Web
|-unboost|p2a: Krookodile|spe|1
|-ability|p2a: Krookodile|Intimidate|[of] p1a: Error 405
|-unboost|p1a: Error 405|atk|1
|move|p1a: Error 405|Tri Attack|p2a: Krookodile
|-damage|p2a: Krookodile|0 fnt
|faint|p2a: Krookodile
|
|
|switch|p2a: Jirachi|Jirachi|209\/341
|-activate|p2a: Jirachi|move: Sticky Web
|-unboost|p2a: Jirachi|spe|1
|turn|7
|
|move|p2a: Jirachi|Zen Headbutt|p1a: Error 405
|-damage|p1a: Error 405|107\/311
|cant|p1a: Error 405|flinch
|
|turn|8
|c|âOnly Rust|lel 20%
|c|âSlurpuffite|40% '-'
|
|move|p2a: Jirachi|Zen Headbutt|p1a: Error 405
|-damage|p1a: Error 405|0 fnt
|faint|p1a: Error 405
|
|c|âOnly Rust|Yeah lol, sorry
|
|switch|p1a: Rektosaurus|Haxorus, F|302\/302
|-damage|p1a: Rektosaurus|265\/302|[from] Stealth Rock
|-ability|p1a: Rektosaurus|Mold Breaker
|turn|9
|
|move|p2a: Jirachi|Zen Headbutt|p1a: Rektosaurus
|-crit|p1a: Rektosaurus
|-damage|p1a: Rektosaurus|66\/302
|cant|p1a: Rektosaurus|flinch
|
|turn|10
|c|âOnly Rust|.-.
|
|move|p2a: Jirachi|Zen Headbutt|p1a: Rektosaurus
|-damage|p1a: Rektosaurus|0 fnt
|faint|p1a: Rektosaurus
|
|
|switch|p1a: Avalon|Lucario, F|281\/281
|-damage|p1a: Avalon|273\/281|[from] Stealth Rock
|turn|11
|
|move|p2a: Jirachi|Zen Headbutt|p1a: Avalon
|-damage|p1a: Avalon|99\/281
|move|p1a: Avalon|Blaze Kick|p2a: Jirachi
|-supereffective|p2a: Jirachi
|-damage|p2a: Jirachi|0 fnt
|-damage|p1a: Avalon|71\/281|[from] item: Life Orb
|faint|p2a: Jirachi
|
|
|switch|p2a: Shaymin|Shaymin|403\/403
|-activate|p2a: Shaymin|move: Sticky Web
|-unboost|p2a: Shaymin|spe|1
|turn|12
|
|move|p1a: Avalon|Blaze Kick|p2a: Shaymin|[miss]
|-miss|p1a: Avalon|p2a: Shaymin
|move|p2a: Shaymin|Earth Power|p1a: Avalon
|-supereffective|p1a: Avalon
|-damage|p1a: Avalon|0 fnt
|faint|p1a: Avalon
|
|
|switch|p1a: Electric Boogaloo|Galvantula, F|185\/281
|-damage|p1a: Electric Boogaloo|115\/281|[from] Stealth Rock
|turn|13
|c|âSlurpuffite|gg
|
|move|p1a: Electric Boogaloo|Bug Buzz|p2a: Shaymin
|-supereffective|p2a: Shaymin
|-damage|p2a: Shaymin|121\/403
|-unboost|p2a: Shaymin|spd|1
|move|p2a: Shaymin|Earth Power|p1a: Electric Boogaloo
|-damage|p1a: Electric Boogaloo|0 fnt
|faint|p1a: Electric Boogaloo
|
|-heal|p2a: Shaymin|146\/403|[from] item: Leftovers
|
|switch|p1a: Plasiet|Espeon, F, shiny|272\/272
|-damage|p1a: Plasiet|238\/272|[from] Stealth Rock
|turn|14
|
|switch|p2a: Granbull|Granbull, M|383\/383
|-activate|p2a: Granbull|move: Sticky Web
|-unboost|p2a: Granbull|spe|1
|-ability|p2a: Granbull|Intimidate|[of] p1a: Plasiet
|-unboost|p1a: Plasiet|atk|1
|move|p1a: Plasiet|Calm Mind|p1a: Plasiet
|-boost|p1a: Plasiet|spa|1
|-boost|p1a: Plasiet|spd|1
|
|-heal|p1a: Plasiet|255\/272|[from] item: Leftovers
|turn|15
|
|move|p1a: Plasiet|Stored Power|p2a: Granbull
|-damage|p2a: Granbull|151\/383
|move|p2a: Granbull|Play Rough|p1a: Plasiet
|-damage|p1a: Plasiet|65\/272
|
|-heal|p1a: Plasiet|82\/272|[from] item: Leftovers
|-heal|p2a: Granbull|174\/383|[from] item: Leftovers
|turn|16
|
|move|p1a: Plasiet|Stored Power|p2a: Granbull
|-damage|p2a: Granbull|0 fnt
|faint|p2a: Granbull
|
|-heal|p1a: Plasiet|99\/272|[from] item: Leftovers
|
|switch|p2a: Sharpedo|Sharpedo, M|281\/281
|-activate|p2a: Sharpedo|move: Sticky Web
|-unboost|p2a: Sharpedo|spe|1
|turn|17
|
|move|p2a: Sharpedo|Protect|p2a: Sharpedo
|-singleturn|p2a: Sharpedo|Protect
|move|p1a: Plasiet|Dazzling Gleam|p2a: Sharpedo
|-activate|p2a: Sharpedo|Protect
|
|-heal|p1a: Plasiet|116\/272|[from] item: Leftovers
|-boost|p2a: Sharpedo|spe|1|[from] ability: Speed Boost
|turn|18
|
|move|p2a: Sharpedo|Protect|p2a: Sharpedo
|-fail|p2a: Sharpedo
|move|p1a: Plasiet|Dazzling Gleam|p2a: Sharpedo
|-supereffective|p2a: Sharpedo
|-damage|p2a: Sharpedo|0 fnt
|faint|p2a: Sharpedo
|
|-heal|p1a: Plasiet|133\/272|[from] item: Leftovers
|
|switch|p2a: Shaymin|Shaymin|146\/403
|-activate|p2a: Shaymin|move: Sticky Web
|-unboost|p2a: Shaymin|spe|1
|turn|19
|
|move|p1a: Plasiet|Stored Power|p2a: Shaymin
|-damage|p2a: Shaymin|0 fnt
|faint|p2a: Shaymin
|
|-heal|p1a: Plasiet|150\/272|[from] item: Leftovers
|c|âSlurpuffite|gg
|
|switch|p2a: Nidoking|Nidoking, M|304\/304
|-activate|p2a: Nidoking|move: Sticky Web
|-unboost|p2a: Nidoking|spe|1
|turn|20
|-message|Only Rust lost due to inactivity.
|c|âOnly Rust|no
|c|âOnly Rust|fUCK
|c|âSlurpuffite|ops
|c|âSlurpuffite|;)
|
|win|Slurpuffite
|raw|Ladder updating...
|leave|Only Rust
|raw|Only Rust's rating: 1463 &rarr; <strong>1447<\/strong><br \/>(-16 for losing)
|raw|Slurpuffite's rating: 1544 &rarr; <strong>1560<\/strong><br \/>(+16 for winning)