|join|i ran away
|join|blueyoshi101
|player|p1|i ran away|244
|player|p2|blueyoshi101|1
|gametype|singles
|gen|6
|tier|UU
|rated
|rule|Sleep Clause Mod: Limit one foe put to sleep
|rule|Species Clause: Limit one of each PokÃ©mon
|rule|OHKO Clause: OHKO moves are banned
|rule|Moody Clause: Moody is banned
|rule|Evasion Moves Clause: Evasion moves are banned
|rule|Endless Battle Clause: Forcing endless battles is banned
|rule|HP Percentage Mod: HP is shown in percentages
|clearpoke
|poke|p1|Jirachi
|poke|p1|Raikou
|poke|p1|Shaymin
|poke|p1|Fletchinder, M
|poke|p1|Swampert, M
|poke|p1|Crobat, M
|poke|p2|Haxorus, F, shiny
|poke|p2|Chandelure, F
|poke|p2|Honchkrow, F
|poke|p2|Chesnaught, M
|poke|p2|Forretress, F
|poke|p2|Sharpedo, F
|rule|Swagger Clause: Swagger is banned
|rule|Baton Pass Clause: Limit one PokÃ©mon knowing Baton Pass
|teampreview
|
|start
|switch|p1a: pray|Jirachi|341\/341
|switch|p2a: Honchkrow|Honchkrow, F|341\/341
|turn|1
|
|switch|p2a: Forretress|Forretress, F|354\/354
|move|p1a: pray|Stealth Rock|p2a: Forretress
|-sidestart|p2: blueyoshi101|move: Stealth Rock
|
|turn|2
|
|move|p1a: pray|Fire Punch|p2a: Forretress
|-crit|p2a: Forretress
|-supereffective|p2a: Forretress
|-damage|p2a: Forretress|74\/354
|move|p2a: Forretress|Rapid Spin|p1a: pray
|-crit|p1a: pray
|-resisted|p1a: pray
|-damage|p1a: pray|330\/341
|-sideend|p2: blueyoshi101|Stealth Rock|[from] move: Rapid Spin|[of] p2a: Forretress
|
|-heal|p1a: pray|341\/341|[from] item: Leftovers
|-heal|p2a: Forretress|96\/354|[from] item: Leftovers
|turn|3
|
|switch|p2a: Chandelure|Chandelure, F|261\/261
|move|p1a: pray|Fire Punch|p2a: Chandelure
|-start|p2a: Chandelure|ability: Flash Fire
|
|turn|4
|
|switch|p1a: so old|Swampert, M|403\/403
|move|p2a: Chandelure|Fire Blast|p1a: so old
|-resisted|p1a: so old
|-damage|p1a: so old|289\/403
|
|turn|5
|
|switch|p2a: Chesnaught|Chesnaught, M|380\/380
|detailschange|p1a: so old|Swampert-Mega, M
|message|Swampert has Mega Evolved into Mega Swampert!
|move|p1a: so old|Earthquake|p2a: Chesnaught
|-resisted|p2a: Chesnaught
|-damage|p2a: Chesnaught|331\/380
|
|turn|6
|
|switch|p1a: starbird|Crobat, M|373\/373
|move|p2a: Chesnaught|Leech Seed|p1a: starbird
|-start|p1a: starbird|move: Leech Seed
|
|-damage|p1a: starbird|327\/373|[from] Leech Seed|[of] p2a: Chesnaught
|-heal|p2a: Chesnaught|377\/380|[silent]
|turn|7
|
|switch|p1a: my friend|Fletchinder, M|303\/303
|move|p2a: Chesnaught|Spiky Shield|p2a: Chesnaught
|-fail|p2a: Chesnaught
|
|turn|8
|
|move|p2a: Chesnaught|Spiky Shield|p2a: Chesnaught
|-singleturn|p2a: Chesnaught|move: Protect
|move|p1a: my friend|Will-O-Wisp|p2a: Chesnaught
|-activate|p2a: Chesnaught|move: Protect
|
|turn|9
|
|switch|p2a: Chandelure|Chandelure, F|261\/261
|move|p1a: my friend|Acrobatics|p2a: Chandelure
|-damage|p2a: Chandelure|101\/261
|
|turn|10
|
|switch|p2a: Forretress|Forretress, F|96\/354
|move|p1a: my friend|Acrobatics|p2a: Forretress
|-crit|p2a: Forretress
|-damage|p2a: Forretress|0 fnt
|faint|p2a: Forretress
|
|
|switch|p2a: Honchkrow|Honchkrow, F|341\/341
|turn|11
|
|switch|p1a: pray|Jirachi|341\/341
|move|p2a: Honchkrow|Sucker Punch|p1a: pray
|-fail|p1a: pray
|
|turn|12
|
|move|p1a: pray|Stealth Rock|p2a: Honchkrow
|-sidestart|p2: blueyoshi101|move: Stealth Rock
|move|p2a: Honchkrow|Pursuit|p1a: pray
|-supereffective|p1a: pray
|-damage|p1a: pray|130\/341
|-damage|p2a: Honchkrow|307\/341|[from] item: Life Orb
|
|-heal|p1a: pray|151\/341|[from] item: Leftovers
|turn|13
|
|move|p2a: Honchkrow|Sucker Punch|p1a: pray
|-fail|p1a: pray
|move|p1a: pray|Stealth Rock|p2a: Honchkrow
|-fail|p2a: Honchkrow
|
|-heal|p1a: pray|172\/341|[from] item: Leftovers
|turn|14
|
|move|p2a: Honchkrow|Sucker Punch|p1a: pray
|-fail|p1a: pray
|move|p1a: pray|Stealth Rock|p2a: Honchkrow
|-fail|p2a: Honchkrow
|
|-heal|p1a: pray|193\/341|[from] item: Leftovers
|turn|15
|
|move|p1a: pray|Stealth Rock|p2a: Honchkrow
|-fail|p2a: Honchkrow
|move|p2a: Honchkrow|Pursuit|p1a: pray
|-supereffective|p1a: pray
|-damage|p1a: pray|0 fnt
|-damage|p2a: Honchkrow|273\/341|[from] item: Life Orb
|faint|p1a: pray
|-boost|p2a: Honchkrow|atk|1|[from] ability: Moxie
|
|
|switch|p1a: sunshine|Shaymin|341\/341
|turn|16
|
|move|p1a: sunshine|Dazzling Gleam|p2a: Honchkrow
|-supereffective|p2a: Honchkrow
|-damage|p2a: Honchkrow|0 fnt
|faint|p2a: Honchkrow
|
|
|switch|p2a: Chandelure|Chandelure, F|101\/261
|-damage|p2a: Chandelure|36\/261|[from] Stealth Rock
|turn|17
|
|move|p1a: sunshine|Protect|p1a: sunshine
|-singleturn|p1a: sunshine|Protect
|move|p2a: Chandelure|Energy Ball|p1a: sunshine
|-activate|p1a: sunshine|Protect
|
|turn|18
|
|switch|p1a: my friend|Fletchinder, M|303\/303
|move|p2a: Chandelure|Energy Ball|p1a: my friend
|-resisted|p1a: my friend
|-damage|p1a: my friend|256\/303
|
|turn|19
|
|move|p2a: Chandelure|Energy Ball|p1a: my friend
|-resisted|p1a: my friend
|-damage|p1a: my friend|209\/303
|move|p1a: my friend|Swords Dance|p1a: my friend
|-boost|p1a: my friend|atk|2
|
|turn|20
|
|move|p2a: Chandelure|Energy Ball|p1a: my friend
|-crit|p1a: my friend
|-resisted|p1a: my friend
|-damage|p1a: my friend|138\/303
|move|p1a: my friend|Swords Dance|p1a: my friend
|-boost|p1a: my friend|atk|2
|
|turn|21
|
|move|p1a: my friend|Roost|p1a: my friend
|-heal|p1a: my friend|290\/303
|move|p2a: Chandelure|Energy Ball|p1a: my friend
|-resisted|p1a: my friend
|-damage|p1a: my friend|194\/303
|-unboost|p1a: my friend|spd|1
|
|turn|22
|
|move|p1a: my friend|Acrobatics|p2a: Chandelure
|-damage|p2a: Chandelure|0 fnt
|faint|p2a: Chandelure
|
|
|switch|p2a: Chesnaught|Chesnaught, M|377\/380
|-damage|p2a: Chesnaught|354\/380|[from] Stealth Rock
|turn|23
|
|move|p2a: Chesnaught|Spiky Shield|p2a: Chesnaught
|-singleturn|p2a: Chesnaught|move: Protect
|move|p1a: my friend|Acrobatics|p2a: Chesnaught
|-activate|p2a: Chesnaught|move: Protect
|-damage|p1a: my friend|157\/303|[from] Spiky Shield|[of] p2a: Chesnaught
|
|turn|24
|
|move|p1a: my friend|Acrobatics|p2a: Chesnaught
|-supereffective|p2a: Chesnaught
|-damage|p2a: Chesnaught|0 fnt
|-damage|p1a: my friend|107\/303|[from] item: Rocky Helmet|[of] p2a: Chesnaught
|faint|p2a: Chesnaught
|
|
|switch|p2a: Haxorus|Haxorus, F, shiny|294\/294
|-damage|p2a: Haxorus|258\/294|[from] Stealth Rock
|-ability|p2a: Haxorus|Mold Breaker
|turn|25
|
|move|p1a: my friend|Acrobatics|p2a: Haxorus
|-crit|p2a: Haxorus
|-damage|p2a: Haxorus|0 fnt
|faint|p2a: Haxorus
|
|-message|blueyoshi101 forfeited.
|
|win|i ran away
|raw|Ladder updating...
|leave|blueyoshi101
|player|p2
|raw|i ran away's rating: 1264 &rarr; <strong>1288<\/strong><br \/>(+24 for winning)
|raw|blueyoshi101's rating: 1249 &rarr; <strong>1225<\/strong><br \/>(-24 for losing)