|join|i ran away
|join|xavi7
|player|p1|i ran away|244
|player|p2|xavi7|265
|gametype|singles
|gen|6
|tier|UU
|rated
|rule|Sleep Clause Mod: Limit one foe put to sleep
|rule|Species Clause: Limit one of each PokÃ©mon
|rule|OHKO Clause: OHKO moves are banned
|rule|Moody Clause: Moody is banned
|rule|Evasion Moves Clause: Evasion moves are banned
|rule|Endless Battle Clause: Forcing endless battles is banned
|rule|HP Percentage Mod: HP is shown in percentages
|clearpoke
|poke|p1|Cobalion
|poke|p1|Starmie
|poke|p1|Roserade, M
|poke|p1|Mienshao, M
|poke|p1|Dugtrio, M
|poke|p1|Kyurem
|poke|p2|Diancie
|poke|p2|Scrafty, M, shiny
|poke|p2|Blastoise, M, shiny
|poke|p2|Goodra, M, shiny
|poke|p2|Golbat, M
|poke|p2|Galvantula, M
|rule|Swagger Clause: Swagger is banned
|rule|Baton Pass Clause: Limit one PokÃ©mon knowing Baton Pass
|teampreview
|
|start
|switch|p1a: every defeat laugh|Dugtrio, M|211\/211
|switch|p2a: Galvantula|Galvantula, M|281\/281
|turn|1
|
|move|p2a: Galvantula|Giga Drain|p1a: every defeat laugh
|-supereffective|p1a: every defeat laugh
|-damage|p1a: every defeat laugh|11\/211
|move|p1a: every defeat laugh|Stone Edge|p2a: Galvantula
|-supereffective|p2a: Galvantula
|-damage|p2a: Galvantula|0 fnt
|faint|p2a: Galvantula
|
|c|âi ran away|lagtest
|
|switch|p2a: Goodra|Goodra, M, shiny|384\/384
|turn|2
|
|switch|p1a: each song a light|Roserade, M|299\/299
|move|p2a: Goodra|Dragon Pulse|p1a: each song a light
|-damage|p1a: each song a light|151\/299
|
|-heal|p1a: each song a light|169\/299|[from] item: Leftovers
|turn|3
|
|move|p1a: each song a light|Toxic Spikes|p2a: Goodra
|-sidestart|p2: xavi7|move: Toxic Spikes
|move|p2a: Goodra|Fire Blast|p1a: each song a light
|-supereffective|p1a: each song a light
|-damage|p1a: each song a light|0 fnt
|faint|p1a: each song a light
|
|
|switch|p1a: every defeat laugh|Dugtrio, M|11\/211
|turn|4
|
|move|p1a: every defeat laugh|Earthquake|p2a: Goodra
|-crit|p2a: Goodra
|-damage|p2a: Goodra|3\/384
|move|p2a: Goodra|Dragon Pulse|p1a: every defeat laugh
|-damage|p1a: every defeat laugh|0 fnt
|faint|p1a: every defeat laugh
|
|
|switch|p1a: pupils dilate|Mienshao, M|271\/271
|turn|5
|
|switch|p2a: FatBat|Golbat, M|291\/291
|move|p1a: pupils dilate|U-turn|p2a: FatBat
|-resisted|p2a: FatBat
|-damage|p2a: FatBat|278\/291
|
|switch|p1a: silver and gold|Cobalion|364\/364
|
|turn|6
|
|move|p1a: silver and gold|Taunt|p2a: FatBat
|-start|p2a: FatBat|move: Taunt
|cant|p2a: FatBat|move: Taunt|Defog
|
|turn|7
|
|move|p1a: silver and gold|Stealth Rock|p2a: FatBat
|-sidestart|p2: xavi7|move: Stealth Rock
|move|p2a: FatBat|Brave Bird|p1a: silver and gold
|-damage|p1a: silver and gold|274\/364
|-damage|p2a: FatBat|248\/291|[from] recoil|[of] p1a: silver and gold
|
|-heal|p1a: silver and gold|296\/364|[from] item: Leftovers
|turn|8
|
|switch|p2a: Scrafty|Scrafty, M, shiny|271\/271
|-status|p2a: Scrafty|psn
|-damage|p2a: Scrafty|255\/271 psn|[from] Stealth Rock
|-enditem|p2a: Scrafty|Lum Berry|[eat]
|-curestatus|p2a: Scrafty|psn
|move|p1a: silver and gold|Volt Switch|p2a: Scrafty
|-crit|p2a: Scrafty
|-damage|p2a: Scrafty|195\/271
|
|switch|p1a: pupils dilate|Mienshao, M|271\/271
|
|turn|9
|
|switch|p2a: FatBat|Golbat, M|248\/291
|-damage|p2a: FatBat|176\/291|[from] Stealth Rock
|move|p1a: pupils dilate|U-turn|p2a: FatBat
|-resisted|p2a: FatBat
|-damage|p2a: FatBat|164\/291
|
|switch|p1a: so breathing hurts|Kyurem|416\/416
|-ability|p1a: so breathing hurts|Pressure
|
|turn|10
|
|move|p1a: so breathing hurts|Ice Beam|p2a: FatBat
|-supereffective|p2a: FatBat
|-damage|p2a: FatBat|0 fnt
|faint|p2a: FatBat
|
|
|switch|p2a: Diancie|Diancie|303\/303
|-status|p2a: Diancie|psn
|-damage|p2a: Diancie|266\/303 psn|[from] Stealth Rock
|turn|11
|
|move|p1a: so breathing hurts|Substitute|p1a: so breathing hurts
|-start|p1a: so breathing hurts|Substitute
|-damage|p1a: so breathing hurts|312\/416
|move|p2a: Diancie|Gyro Ball|p1a: so breathing hurts
|-supereffective|p1a: so breathing hurts
|-end|p1a: so breathing hurts|Substitute
|
|-heal|p1a: so breathing hurts|338\/416|[from] item: Leftovers
|-heal|p2a: Diancie|284\/303 psn|[from] item: Leftovers
|-damage|p2a: Diancie|247\/303 psn|[from] psn
|turn|12
|
|move|p1a: so breathing hurts|Substitute|p1a: so breathing hurts
|-start|p1a: so breathing hurts|Substitute
|-damage|p1a: so breathing hurts|234\/416
|move|p2a: Diancie|Gyro Ball|p1a: so breathing hurts
|-supereffective|p1a: so breathing hurts
|-end|p1a: so breathing hurts|Substitute
|
|-heal|p1a: so breathing hurts|260\/416|[from] item: Leftovers
|-heal|p2a: Diancie|265\/303 psn|[from] item: Leftovers
|-damage|p2a: Diancie|228\/303 psn|[from] psn
|turn|13
|
|move|p1a: so breathing hurts|Substitute|p1a: so breathing hurts
|-start|p1a: so breathing hurts|Substitute
|-damage|p1a: so breathing hurts|156\/416
|move|p2a: Diancie|Gyro Ball|p1a: so breathing hurts
|-supereffective|p1a: so breathing hurts
|-end|p1a: so breathing hurts|Substitute
|
|-heal|p1a: so breathing hurts|182\/416|[from] item: Leftovers
|-heal|p2a: Diancie|246\/303 psn|[from] item: Leftovers
|-damage|p2a: Diancie|209\/303 psn|[from] psn
|turn|14
|
|move|p1a: so breathing hurts|Roost|p1a: so breathing hurts
|-heal|p1a: so breathing hurts|390\/416
|move|p2a: Diancie|Gyro Ball|p1a: so breathing hurts
|-supereffective|p1a: so breathing hurts
|-damage|p1a: so breathing hurts|252\/416
|
|-heal|p1a: so breathing hurts|278\/416|[from] item: Leftovers
|-heal|p2a: Diancie|227\/303 psn|[from] item: Leftovers
|-damage|p2a: Diancie|190\/303 psn|[from] psn
|turn|15
|
|move|p1a: so breathing hurts|Substitute|p1a: so breathing hurts
|-start|p1a: so breathing hurts|Substitute
|-damage|p1a: so breathing hurts|174\/416
|move|p2a: Diancie|Diamond Storm|p1a: so breathing hurts
|-supereffective|p1a: so breathing hurts
|-end|p1a: so breathing hurts|Substitute
|-boost|p2a: Diancie|def|1
|
|-heal|p1a: so breathing hurts|200\/416|[from] item: Leftovers
|-heal|p2a: Diancie|208\/303 psn|[from] item: Leftovers
|-damage|p2a: Diancie|171\/303 psn|[from] psn
|turn|16
|
|move|p1a: so breathing hurts|Earth Power|p2a: Diancie
|-supereffective|p2a: Diancie
|-damage|p2a: Diancie|31\/303 psn
|move|p2a: Diancie|Diamond Storm|p1a: so breathing hurts
|-supereffective|p1a: so breathing hurts
|-damage|p1a: so breathing hurts|0 fnt
|faint|p1a: so breathing hurts
|
|-heal|p2a: Diancie|49\/303 psn|[from] item: Leftovers
|-damage|p2a: Diancie|12\/303 psn|[from] psn
|
|switch|p1a: silver and gold|Cobalion|296\/364
|turn|17
|
|move|p1a: silver and gold|Volt Switch|p2a: Diancie
|-damage|p2a: Diancie|0 fnt
|faint|p2a: Diancie
|
|switch|p1a: pupils dilate|Mienshao, M|271\/271
|
|
|switch|p2a: Blastoise|Blastoise, M, shiny|362\/362
|-status|p2a: Blastoise|psn
|-damage|p2a: Blastoise|317\/362 psn|[from] Stealth Rock
|turn|18
|
|detailschange|p2a: Blastoise|Blastoise-Mega, M, shiny
|message|Blastoise has Mega Evolved into Mega Blastoise!
|move|p1a: pupils dilate|U-turn|p2a: Blastoise
|-crit|p2a: Blastoise
|-damage|p2a: Blastoise|211\/362 psn
|
|switch|p1a: silver and gold|Cobalion|296\/364
|move|p2a: Blastoise|Water Pulse|p1a: silver and gold
|-damage|p1a: silver and gold|73\/364
|
|-heal|p1a: silver and gold|95\/364|[from] item: Leftovers
|-damage|p2a: Blastoise|166\/362 psn|[from] psn
|turn|19
|
|switch|p2a: Goodra|Goodra, M, shiny|3\/384
|-status|p2a: Goodra|psn
|-damage|p2a: Goodra|0 fnt|[from] Stealth Rock
|faint|p2a: Goodra
|move|p1a: silver and gold|Close Combat|p2: Goodra|[notarget]
|-notarget
|
|-heal|p1a: silver and gold|117\/364|[from] item: Leftovers
|
|switch|p2a: Scrafty|Scrafty, M, shiny|195\/271
|-status|p2a: Scrafty|psn
|-damage|p2a: Scrafty|179\/271 psn|[from] Stealth Rock
|turn|20
|
|move|p1a: silver and gold|Close Combat|p2a: Scrafty
|-supereffective|p2a: Scrafty
|-damage|p2a: Scrafty|0 fnt
|-unboost|p1a: silver and gold|def|1
|-unboost|p1a: silver and gold|spd|1
|faint|p2a: Scrafty
|
|-heal|p1a: silver and gold|139\/364|[from] item: Leftovers
|
|switch|p2a: Blastoise|Blastoise-Mega, M, shiny|166\/362 psn
|-damage|p2a: Blastoise|121\/362 psn|[from] Stealth Rock
|turn|21
|
|move|p1a: silver and gold|Close Combat|p2a: Blastoise
|-damage|p2a: Blastoise|9\/362 psn
|-unboost|p1a: silver and gold|def|1
|-unboost|p1a: silver and gold|spd|1
|move|p2a: Blastoise|Aura Sphere|p1a: silver and gold
|-supereffective|p1a: silver and gold
|-damage|p1a: silver and gold|0 fnt
|faint|p1a: silver and gold
|
|-damage|p2a: Blastoise|0 fnt|[from] psn
|faint|p2a: Blastoise
|
|win|i ran away
|raw|Ladder updating...