|join|i ran away
|join|hozm
|player|p1|i ran away|244
|player|p2|hozm|1
|gametype|singles
|gen|6
|tier|UU
|rated
|rule|Sleep Clause Mod: Limit one foe put to sleep
|rule|Species Clause: Limit one of each PokÃ©mon
|rule|OHKO Clause: OHKO moves are banned
|rule|Moody Clause: Moody is banned
|rule|Evasion Moves Clause: Evasion moves are banned
|rule|Endless Battle Clause: Forcing endless battles is banned
|rule|HP Percentage Mod: HP is shown in percentages
|clearpoke
|poke|p1|Raikou
|poke|p1|Noivern, F
|poke|p1|Kingdra, M
|poke|p1|Lopunny, F
|poke|p1|Uxie
|poke|p1|Swampert, M
|poke|p2|Lucario, M
|poke|p2|Raikou
|poke|p2|Bronzong
|poke|p2|Hydreigon, M
|poke|p2|Sharpedo, M
|poke|p2|Togetic, M
|rule|Swagger Clause: Swagger is banned
|rule|Baton Pass Clause: Limit one PokÃ©mon knowing Baton Pass
|teampreview
|
|start
|switch|p1a: Uxie|Uxie|353\/353
|switch|p2a: Raikou|Raikou|322\/322
|-ability|p2a: Raikou|Pressure
|turn|1
|
|move|p2a: Raikou|Volt Switch|p1a: Uxie
|-damage|p1a: Uxie|269\/353
|
|switch|p2a: Bronzong|Bronzong|337\/337
|move|p1a: Uxie|Rain Dance|p1a: Uxie
|-weather|RainDance
|
|-weather|RainDance|[upkeep]
|turn|2
|
|move|p1a: Uxie|Stealth Rock|p2a: Bronzong
|-sidestart|p2: hozm|move: Stealth Rock
|move|p2a: Bronzong|Stealth Rock|p1a: Uxie
|-sidestart|p1: i ran away|move: Stealth Rock
|
|-weather|RainDance|[upkeep]
|turn|3
|
|move|p1a: Uxie|U-turn|p2a: Bronzong
|-damage|p2a: Bronzong|313\/337
|
|switch|p1a: Swampert|Swampert, M|341\/341
|-damage|p1a: Swampert|320\/341|[from] Stealth Rock
|move|p2a: Bronzong|Toxic|p1a: Swampert
|-status|p1a: Swampert|tox
|
|-weather|RainDance|[upkeep]
|-heal|p2a: Bronzong|334\/337|[from] item: Leftovers
|-damage|p1a: Swampert|299\/341 tox|[from] psn
|turn|4
|
|detailschange|p1a: Swampert|Swampert-Mega, M
|message|Swampert has Mega Evolved into Mega Swampert!
|move|p1a: Swampert|Waterfall|p2a: Bronzong
|-damage|p2a: Bronzong|190\/337
|move|p2a: Bronzong|Gyro Ball|p1a: Swampert
|-crit|p1a: Swampert
|-resisted|p1a: Swampert
|-damage|p1a: Swampert|185\/341 tox
|
|-weather|RainDance|[upkeep]
|-heal|p2a: Bronzong|211\/337|[from] item: Leftovers
|-damage|p1a: Swampert|143\/341 tox|[from] psn
|turn|5
|
|move|p1a: Swampert|Waterfall|p2a: Bronzong
|-damage|p2a: Bronzong|48\/337
|move|p2a: Bronzong|Gyro Ball|p1a: Swampert
|-resisted|p1a: Swampert
|-damage|p1a: Swampert|66\/341 tox
|
|-weather|RainDance|[upkeep]
|-heal|p2a: Bronzong|69\/337|[from] item: Leftovers
|-damage|p1a: Swampert|3\/341 tox|[from] psn
|turn|6
|
|switch|p1a: Raikou|Raikou|321\/321
|-damage|p1a: Raikou|281\/321|[from] Stealth Rock
|-ability|p1a: Raikou|Pressure
|move|p2a: Bronzong|Stealth Rock|p1a: Raikou
|-fail|p1a: Raikou
|
|-weather|RainDance|[upkeep]
|-heal|p2a: Bronzong|90\/337|[from] item: Leftovers
|turn|7
|
|move|p1a: Raikou|Thunder|p2a: Bronzong
|-damage|p2a: Bronzong|0 fnt
|-damage|p1a: Raikou|249\/321|[from] item: Life Orb
|faint|p2a: Bronzong
|
|-weather|RainDance|[upkeep]
|
|switch|p2a: Sharpedo|Sharpedo, M|281\/281
|-damage|p2a: Sharpedo|246\/281|[from] Stealth Rock
|turn|8
|
|move|p2a: Sharpedo|Protect|p2a: Sharpedo
|-singleturn|p2a: Sharpedo|Protect
|move|p1a: Raikou|Thunder|p2a: Sharpedo
|-activate|p2a: Sharpedo|Protect
|
|-weather|none
|-boost|p2a: Sharpedo|spe|1|[from] ability: Speed Boost
|turn|9
|
|detailschange|p2a: Sharpedo|Sharpedo-Mega, M
|message|Sharpedo has Mega Evolved into Mega Sharpedo!
|move|p2a: Sharpedo|Crunch|p1a: Raikou
|-damage|p1a: Raikou|0 fnt
|faint|p1a: Raikou
|
|
|switch|p1a: Lopunny|Lopunny, F|333\/333
|-damage|p1a: Lopunny|292\/333|[from] Stealth Rock
|turn|10
|
|move|p2a: Sharpedo|Protect|p2a: Sharpedo
|-singleturn|p2a: Sharpedo|Protect
|move|p1a: Lopunny|Rain Dance|p1a: Lopunny
|-weather|RainDance
|
|-weather|RainDance|[upkeep]
|turn|11
|
|move|p2a: Sharpedo|Destiny Bond|p2a: Sharpedo
|-singlemove|p2a: Sharpedo|Destiny Bond
|move|p1a: Lopunny|Healing Wish|p1a: Lopunny
|faint|p1a: Lopunny
|
|-weather|RainDance|[upkeep]
|
|switch|p1a: Swampert|Swampert-Mega, M|3\/341 tox
|-heal|p1a: Swampert|341\/341|[from] move: Healing Wish
|-damage|p1a: Swampert|320\/341|[from] Stealth Rock
|turn|12
|
|move|p1a: Swampert|Ice Punch|p2a: Sharpedo
|-crit|p2a: Sharpedo
|-resisted|p2a: Sharpedo
|-damage|p2a: Sharpedo|143\/281
|move|p2a: Sharpedo|Crunch|p1a: Swampert
|-damage|p1a: Swampert|109\/341
|
|-weather|RainDance|[upkeep]
|turn|13
|
|move|p2a: Sharpedo|Protect|p2a: Sharpedo
|-singleturn|p2a: Sharpedo|Protect
|move|p1a: Swampert|Waterfall|p2a: Sharpedo
|-activate|p2a: Sharpedo|Protect
|
|-weather|RainDance|[upkeep]
|turn|14
|
|move|p1a: Swampert|Waterfall|p2a: Sharpedo
|-resisted|p2a: Sharpedo
|-damage|p2a: Sharpedo|0 fnt
|faint|p2a: Sharpedo
|
|-weather|RainDance|[upkeep]
|
|switch|p2a: Lucario|Lucario, M|281\/281
|-damage|p2a: Lucario|273\/281|[from] Stealth Rock
|turn|15
|
|move|p2a: Lucario|Extreme Speed|p1a: Swampert
|-damage|p1a: Swampert|6\/341
|-damage|p2a: Lucario|245\/281|[from] item: Life Orb
|move|p1a: Swampert|Waterfall|p2a: Lucario
|-damage|p2a: Lucario|0 fnt
|faint|p2a: Lucario
|
|-weather|RainDance|[upkeep]
|
|switch|p2a: Raikou|Raikou|322\/322
|-damage|p2a: Raikou|282\/322|[from] Stealth Rock
|-ability|p2a: Raikou|Pressure
|turn|16
|
|move|p2a: Raikou|Hidden Power|p1a: Swampert
|-damage|p1a: Swampert|0 fnt
|faint|p1a: Swampert
|
|-weather|RainDance|[upkeep]
|
|switch|p1a: Kingdra|Kingdra, M|291\/291
|-damage|p1a: Kingdra|255\/291|[from] Stealth Rock
|turn|17
|
|switch|p2a: Togetic|Togetic, M|313\/313
|-damage|p2a: Togetic|235\/313|[from] Stealth Rock
|move|p1a: Kingdra|Hydro Pump|p2a: Togetic|[miss]
|-miss|p1a: Kingdra|p2a: Togetic
|
|-weather|none
|turn|18
|
|switch|p1a: Uxie|Uxie|269\/353
|-damage|p1a: Uxie|225\/353|[from] Stealth Rock
|move|p2a: Togetic|Body Slam|p1a: Uxie
|-damage|p1a: Uxie|205\/353
|-status|p1a: Uxie|par
|
|turn|19
|
|move|p2a: Togetic|Seismic Toss|p1a: Uxie
|-damage|p1a: Uxie|105\/353 par
|move|p1a: Uxie|Rain Dance|p1a: Uxie
|-weather|RainDance
|
|-weather|RainDance|[upkeep]
|turn|20
|
|move|p2a: Togetic|Seismic Toss|p1a: Uxie
|-damage|p1a: Uxie|5\/353 par
|cant|p1a: Uxie|par
|
|-weather|RainDance|[upkeep]
|turn|21
|
|move|p2a: Togetic|Seismic Toss|p1a: Uxie
|-damage|p1a: Uxie|0 fnt
|faint|p1a: Uxie
|
|-weather|RainDance|[upkeep]
|
|switch|p1a: Kingdra|Kingdra, M|255\/291
|-damage|p1a: Kingdra|219\/291|[from] Stealth Rock
|turn|22
|
|move|p1a: Kingdra|Hydro Pump|p2a: Togetic
|-damage|p2a: Togetic|39\/313
|move|p2a: Togetic|Body Slam|p1a: Kingdra
|-damage|p1a: Kingdra|183\/291
|
|-weather|RainDance|[upkeep]
|turn|23
|
|move|p1a: Kingdra|Hydro Pump|p2a: Togetic|[miss]
|-miss|p1a: Kingdra|p2a: Togetic
|move|p2a: Togetic|Roost|p2a: Togetic
|-heal|p2a: Togetic|196\/313
|
|-weather|RainDance|[upkeep]
|turn|24
|c|âi ran away|stop
|
|move|p1a: Kingdra|Hydro Pump|p2a: Togetic
|-damage|p2a: Togetic|22\/313
|move|p2a: Togetic|Body Slam|p1a: Kingdra
|-damage|p1a: Kingdra|149\/291
|-status|p1a: Kingdra|par
|
|-weather|RainDance|[upkeep]
|turn|25
|c|âi ran away|):
|c|âhozm|xD
|c|âhozm|sry for tt
|
|move|p1a: Kingdra|Hydro Pump|p2a: Togetic
|-damage|p2a: Togetic|0 fnt
|faint|p2a: Togetic
|
|-weather|RainDance|[upkeep]
|
|switch|p2a: Raikou|Raikou|282\/322
|-damage|p2a: Raikou|242\/322|[from] Stealth Rock
|-ability|p2a: Raikou|Pressure
|turn|26
|
|move|p2a: Raikou|Thunderbolt|p1a: Kingdra
|-damage|p1a: Kingdra|1\/291 par
|move|p1a: Kingdra|Hydro Pump|p2a: Raikou
|-damage|p2a: Raikou|0 fnt
|faint|p2a: Raikou
|
|-weather|none
|
|switch|p2a: Hydreigon|Hydreigon, M|325\/325
|-damage|p2a: Hydreigon|285\/325|[from] Stealth Rock
|turn|27
|
|move|p2a: Hydreigon|Dark Pulse|p1a: Kingdra
|-damage|p1a: Kingdra|0 fnt
|-damage|p2a: Hydreigon|253\/325|[from] item: Life Orb
|faint|p1a: Kingdra
|
|
|switch|p1a: Noivern|Noivern, F|311\/311
|-damage|p1a: Noivern|234\/311|[from] Stealth Rock
|turn|28
|c|âi ran away|gg
|
|move|p1a: Noivern|Draco Meteor|p2a: Hydreigon|[miss]
|-miss|p1a: Noivern|p2a: Hydreigon
|move|p2a: Hydreigon|Draco Meteor|p1a: Noivern
|-supereffective|p1a: Noivern
|-damage|p1a: Noivern|0 fnt
|-unboost|p2a: Hydreigon|spa|2
|-damage|p2a: Hydreigon|221\/325|[from] item: Life Orb
|faint|p1a: Noivern
|
|win|hozm
|raw|Ladder updating...
|c|âi ran away|NIOO#+
|c|âhozm|omg
|c|âhozm|sry
|raw|i ran away's rating: 1329 &rarr; <strong>1317<\/strong><br \/>(-12 for losing)
|raw|hozm's rating: 1487 &rarr; <strong>1499<\/strong><br \/>(+12 for winning)
|c|âhozm|gg