|join|i ran away
|join|KL
|player|p1|i ran away|102
|player|p2|KL|59
|gametype|singles
|gen|6
|tier|UU
|rated
|rule|Sleep Clause Mod: Limit one foe put to sleep
|rule|Species Clause: Limit one of each PokÃ©mon
|rule|OHKO Clause: OHKO moves are banned
|rule|Moody Clause: Moody is banned
|rule|Evasion Moves Clause: Evasion moves are banned
|rule|Endless Battle Clause: Forcing endless battles is banned
|rule|HP Percentage Mod: HP is shown in percentages
|clearpoke
|poke|p1|Entei, shiny
|poke|p1|Slowking, M
|poke|p1|Beedrill, F
|poke|p1|Donphan, F
|poke|p1|Hydreigon, M
|poke|p1|Jirachi, shiny
|poke|p2|Arbok, M
|poke|p2|Weezing, M
|poke|p2|Dustox, F, shiny
|poke|p2|Seviper, M, shiny
|poke|p2|Victreebel, F
|poke|p2|Yanmega, M, shiny
|rule|Swagger Clause: Swagger is banned
|rule|Baton Pass Clause: Limit one PokÃ©mon knowing Baton Pass
|teampreview
|
|start
|switch|p1a: Donphan|Donphan, F|384\/384
|switch|p2a: Weezing|Weezing, M|271\/271
|turn|1
|
|move|p1a: Donphan|Stealth Rock|p2a: Weezing
|-sidestart|p2: KL|move: Stealth Rock
|move|p2a: Weezing|Will-O-Wisp|p1a: Donphan
|-status|p1a: Donphan|brn
|
|-damage|p1a: Donphan|336\/384 brn|[from] brn
|turn|2
|
|switch|p1a: Hydreigon|Hydreigon, M|325\/325
|move|p2a: Weezing|Curse|p2a: Weezing
|-boost|p2a: Weezing|atk|1
|-boost|p2a: Weezing|def|1
|-unboost|p2a: Weezing|spe|1
|
|turn|3
|
|move|p1a: Hydreigon|Dark Pulse|p2a: Weezing
|-damage|p2a: Weezing|16\/271
|move|p2a: Weezing|Will-O-Wisp|p1a: Hydreigon
|-status|p1a: Hydreigon|brn
|
|-heal|p2a: Weezing|32\/271|[from] item: Black Sludge
|-damage|p1a: Hydreigon|285\/325 brn|[from] brn
|turn|4
|
|move|p1a: Hydreigon|Dark Pulse|p2a: Weezing
|-damage|p2a: Weezing|0 fnt
|faint|p2a: Weezing
|
|-damage|p1a: Hydreigon|245\/325 brn|[from] brn
|
|switch|p2a: Yanmega|Yanmega, M, shiny|314\/314
|-damage|p2a: Yanmega|157\/314|[from] Stealth Rock
|turn|5
|
|move|p2a: Yanmega|Protect|p2a: Yanmega
|-singleturn|p2a: Yanmega|Protect
|move|p1a: Hydreigon|Dark Pulse|p2a: Yanmega
|-activate|p2a: Yanmega|Protect
|
|-heal|p2a: Yanmega|176\/314|[from] item: Leftovers
|-damage|p1a: Hydreigon|205\/325 brn|[from] brn
|-boost|p2a: Yanmega|spe|1|[from] ability: Speed Boost
|turn|6
|
|switch|p1a: Entei|Entei, shiny|372\/372
|-ability|p1a: Entei|Pressure
|move|p2a: Yanmega|Bug Buzz|p1a: Entei
|-resisted|p1a: Entei
|-damage|p1a: Entei|285\/372
|
|-heal|p2a: Yanmega|195\/314|[from] item: Leftovers
|-boost|p2a: Yanmega|spe|1|[from] ability: Speed Boost
|turn|7
|
|move|p2a: Yanmega|Protect|p2a: Yanmega
|-singleturn|p2a: Yanmega|Protect
|move|p1a: Entei|Extreme Speed|p2a: Yanmega
|-activate|p2a: Yanmega|Protect
|
|-heal|p2a: Yanmega|214\/314|[from] item: Leftovers
|-boost|p2a: Yanmega|spe|1|[from] ability: Speed Boost
|turn|8
|
|move|p2a: Yanmega|Air Slash|p1a: Entei
|-damage|p1a: Entei|122\/372
|cant|p1a: Entei|flinch
|
|-heal|p2a: Yanmega|233\/314|[from] item: Leftovers
|-boost|p2a: Yanmega|spe|1|[from] ability: Speed Boost
|turn|9
|
|move|p2a: Yanmega|Protect|p2a: Yanmega
|-singleturn|p2a: Yanmega|Protect
|move|p1a: Entei|Extreme Speed|p2a: Yanmega
|-activate|p2a: Yanmega|Protect
|
|-heal|p2a: Yanmega|252\/314|[from] item: Leftovers
|-boost|p2a: Yanmega|spe|1|[from] ability: Speed Boost
|turn|10
|
|switch|p1a: Slowking|Slowking, M|394\/394
|move|p2a: Yanmega|Air Slash|p1a: Slowking
|-damage|p1a: Slowking|319\/394
|
|-heal|p2a: Yanmega|271\/314|[from] item: Leftovers
|-boost|p2a: Yanmega|spe|1|[from] ability: Speed Boost
|turn|11
|
|move|p2a: Yanmega|Protect|p2a: Yanmega
|-singleturn|p2a: Yanmega|Protect
|move|p1a: Slowking|Fire Blast|p2a: Yanmega
|-activate|p2a: Yanmega|Protect
|
|-heal|p2a: Yanmega|290\/314|[from] item: Leftovers
|turn|12
|
|move|p2a: Yanmega|Bug Buzz|p1a: Slowking
|-supereffective|p1a: Slowking
|-damage|p1a: Slowking|149\/394
|move|p1a: Slowking|Fire Blast|p2a: Yanmega|[miss]
|-miss|p1a: Slowking|p2a: Yanmega
|
|-heal|p2a: Yanmega|309\/314|[from] item: Leftovers
|turn|13
|c|âi ran away|aaahj
|c|âi ran away|stop
|
|switch|p1a: Donphan|Donphan, F|336\/384 brn
|move|p2a: Yanmega|Bug Buzz|p1a: Donphan
|-damage|p1a: Donphan|123\/384 brn
|
|-heal|p2a: Yanmega|314\/314|[from] item: Leftovers
|-heal|p1a: Donphan|147\/384 brn|[from] item: Leftovers
|-damage|p1a: Donphan|99\/384 brn|[from] brn
|turn|14
|
|move|p2a: Yanmega|Protect|p2a: Yanmega
|-singleturn|p2a: Yanmega|Protect
|move|p1a: Donphan|Ice Shard|p2a: Yanmega
|-activate|p2a: Yanmega|Protect
|
|-heal|p1a: Donphan|123\/384 brn|[from] item: Leftovers
|-damage|p1a: Donphan|75\/384 brn|[from] brn
|turn|15
|
|move|p1a: Donphan|Ice Shard|p2a: Yanmega
|-supereffective|p2a: Yanmega
|-damage|p2a: Yanmega|270\/314
|move|p2a: Yanmega|Substitute|p2a: Yanmega
|-start|p2a: Yanmega|Substitute
|-damage|p2a: Yanmega|192\/314
|
|-heal|p2a: Yanmega|211\/314|[from] item: Leftovers
|-heal|p1a: Donphan|99\/384 brn|[from] item: Leftovers
|-damage|p1a: Donphan|51\/384 brn|[from] brn
|turn|16
|
|move|p2a: Yanmega|Protect|p2a: Yanmega
|-singleturn|p2a: Yanmega|Protect
|move|p1a: Donphan|Ice Shard|p2a: Yanmega
|-activate|p2a: Yanmega|Protect
|
|-heal|p2a: Yanmega|230\/314|[from] item: Leftovers
|-heal|p1a: Donphan|75\/384 brn|[from] item: Leftovers
|-damage|p1a: Donphan|27\/384 brn|[from] brn
|turn|17
|
|move|p1a: Donphan|Ice Shard|p2a: Yanmega
|-supereffective|p2a: Yanmega
|-activate|p2a: Yanmega|Substitute|[damage]
|move|p2a: Yanmega|Bug Buzz|p1a: Donphan
|-damage|p1a: Donphan|0 fnt
|faint|p1a: Donphan
|
|-heal|p2a: Yanmega|249\/314|[from] item: Leftovers
|
|switch|p1a: Jirachi|Jirachi, shiny|341\/341
|turn|18
|
|move|p2a: Yanmega|Protect|p2a: Yanmega
|-singleturn|p2a: Yanmega|Protect
|move|p1a: Jirachi|Psyshock|p2a: Yanmega
|-activate|p2a: Yanmega|Protect
|
|-heal|p2a: Yanmega|268\/314|[from] item: Leftovers
|turn|19
|
|move|p2a: Yanmega|Bug Buzz|p1a: Jirachi
|-damage|p1a: Jirachi|199\/341
|move|p1a: Jirachi|Psyshock|p2a: Yanmega
|-end|p2a: Yanmega|Substitute
|
|-heal|p2a: Yanmega|287\/314|[from] item: Leftovers
|-heal|p1a: Jirachi|220\/341|[from] item: Leftovers
|turn|20
|
|move|p2a: Yanmega|Bug Buzz|p1a: Jirachi
|-damage|p1a: Jirachi|63\/341
|move|p1a: Jirachi|Calm Mind|p1a: Jirachi
|-boost|p1a: Jirachi|spa|1
|-boost|p1a: Jirachi|spd|1
|
|-heal|p2a: Yanmega|306\/314|[from] item: Leftovers
|-heal|p1a: Jirachi|84\/341|[from] item: Leftovers
|turn|21
|
|move|p2a: Yanmega|Bug Buzz|p1a: Jirachi
|-damage|p1a: Jirachi|0 fnt
|faint|p1a: Jirachi
|
|-heal|p2a: Yanmega|314\/314|[from] item: Leftovers
|
|switch|p1a: Slowking|Slowking, M|280\/394
|turn|22
|
|move|p2a: Yanmega|Bug Buzz|p1a: Slowking
|-supereffective|p1a: Slowking
|-damage|p1a: Slowking|100\/394
|move|p1a: Slowking|Ice Beam|p2a: Yanmega
|-supereffective|p2a: Yanmega
|-damage|p2a: Yanmega|24\/314
|
|-heal|p2a: Yanmega|43\/314|[from] item: Leftovers
|turn|23
|
|move|p2a: Yanmega|Protect|p2a: Yanmega
|-singleturn|p2a: Yanmega|Protect
|move|p1a: Slowking|Ice Beam|p2a: Yanmega
|-activate|p2a: Yanmega|Protect
|
|-heal|p2a: Yanmega|62\/314|[from] item: Leftovers
|turn|24
|
|move|p2a: Yanmega|Bug Buzz|p1a: Slowking
|-crit|p1a: Slowking
|-supereffective|p1a: Slowking
|-damage|p1a: Slowking|0 fnt
|faint|p1a: Slowking
|
|-heal|p2a: Yanmega|81\/314|[from] item: Leftovers
|
|switch|p1a: Entei|Entei, shiny|122\/372
|-ability|p1a: Entei|Pressure
|turn|25
|
|move|p2a: Yanmega|Protect|p2a: Yanmega
|-singleturn|p2a: Yanmega|Protect
|move|p1a: Entei|Extreme Speed|p2a: Yanmega
|-activate|p2a: Yanmega|Protect
|
|-heal|p2a: Yanmega|100\/314|[from] item: Leftovers
|turn|26
|
|move|p1a: Entei|Extreme Speed|p2a: Yanmega
|-damage|p2a: Yanmega|0 fnt
|-damage|p1a: Entei|85\/372|[from] item: Life Orb
|faint|p2a: Yanmega
|
|
|switch|p2a: Seviper|Seviper, M, shiny|287\/287
|-damage|p2a: Seviper|252\/287|[from] Stealth Rock
|turn|27
|
|move|p2a: Seviper|Sucker Punch|p1a: Entei
|-damage|p1a: Entei|0 fnt
|faint|p1a: Entei
|
|-heal|p2a: Seviper|269\/287|[from] item: Black Sludge
|
|switch|p1a: Hydreigon|Hydreigon, M|205\/325 brn
|turn|28
|
|move|p1a: Hydreigon|Draco Meteor|p2a: Seviper
|-damage|p2a: Seviper|0 fnt
|-unboost|p1a: Hydreigon|spa|2
|faint|p2a: Seviper
|
|-damage|p1a: Hydreigon|165\/325 brn|[from] brn
|
|switch|p2a: Dustox|Dustox, F, shiny|262\/262
|-damage|p2a: Dustox|197\/262|[from] Stealth Rock
|turn|29
|
|move|p1a: Hydreigon|Draco Meteor|p2a: Dustox|[miss]
|-miss|p1a: Hydreigon|p2a: Dustox
|move|p2a: Dustox|Infestation|p1a: Hydreigon
|-supereffective|p1a: Hydreigon
|-damage|p1a: Hydreigon|133\/325 brn
|-activate|p1a: Hydreigon|move: Infestation|[of] p2a: Dustox
|
|-heal|p2a: Dustox|213\/262|[from] item: Black Sludge
|-damage|p1a: Hydreigon|93\/325 brn|[from] brn
|-damage|p1a: Hydreigon|53\/325 brn|[from] move: Infestation|[partiallytrapped]
|turn|30
|
|move|p1a: Hydreigon|Draco Meteor|p2a: Dustox|[miss]
|-miss|p1a: Hydreigon|p2a: Dustox
|move|p2a: Dustox|Light Screen|p2a: Dustox
|-sidestart|p2: KL|move: Light Screen
|
|-heal|p2a: Dustox|229\/262|[from] item: Black Sludge
|-damage|p1a: Hydreigon|13\/325 brn|[from] brn
|-damage|p1a: Hydreigon|0 fnt|[from] move: Infestation|[partiallytrapped]
|faint|p1a: Hydreigon
|
|switch|p1a: Beedrill|Beedrill, F|271\/271
|turn|31
|
|detailschange|p1a: Beedrill|Beedrill-Mega, F
|message|Beedrill has Mega Evolved into Mega Beedrill!
|move|p1a: Beedrill|Knock Off|p2a: Dustox
|-damage|p2a: Dustox|105\/262
|-enditem|p2a: Dustox|Black Sludge|[from] move: Knock Off|[of] p1a: Beedrill
|move|p2a: Dustox|Infestation|p1a: Beedrill
|-resisted|p1a: Beedrill
|-damage|p1a: Beedrill|263\/271
|-activate|p1a: Beedrill|move: Infestation|[of] p2a: Dustox
|
|-damage|p1a: Beedrill|230\/271|[from] move: Infestation|[partiallytrapped]
|turn|32
|
|move|p1a: Beedrill|Poison Jab|p2a: Dustox
|-resisted|p2a: Dustox
|-damage|p2a: Dustox|13\/262
|move|p2a: Dustox|Infestation|p1a: Beedrill
|-resisted|p1a: Beedrill
|-damage|p1a: Beedrill|222\/271
|
|-damage|p1a: Beedrill|189\/271|[from] move: Infestation|[partiallytrapped]
|turn|33
|
|move|p1a: Beedrill|Poison Jab|p2a: Dustox
|-resisted|p2a: Dustox
|-damage|p2a: Dustox|0 fnt
|faint|p2a: Dustox
|
|-end|p1a: Beedrill|Infestation|[partiallytrapped]
|
|switch|p2a: Arbok|Arbok, M|261\/261
|-damage|p2a: Arbok|229\/261|[from] Stealth Rock
|turn|34
|
|move|p1a: Beedrill|Knock Off|p2a: Arbok
|-damage|p2a: Arbok|88\/261
|-enditem|p2a: Arbok|Black Sludge|[from] move: Knock Off|[of] p1a: Beedrill
|move|p2a: Arbok|Coil|p2a: Arbok
|-boost|p2a: Arbok|atk|1
|-boost|p2a: Arbok|def|1
|-boost|p2a: Arbok|accuracy|1
|
|-sideend|p2: KL|move: Light Screen
|turn|35
|
|move|p1a: Beedrill|Poison Jab|p2a: Arbok
|-resisted|p2a: Arbok
|-damage|p2a: Arbok|10\/261
|move|p2a: Arbok|Rest|p2a: Arbok
|-status|p2a: Arbok|slp
|-heal|p2a: Arbok|261\/261 slp|[silent]
|-status|p2a: Arbok|slp|[from] move: Rest
|
|turn|36
|
|move|p1a: Beedrill|Poison Jab|p2a: Arbok
|-crit|p2a: Arbok
|-resisted|p2a: Arbok
|-damage|p2a: Arbok|71\/261 slp
|cant|p2a: Arbok|slp
|
|turn|37
|
|move|p1a: Beedrill|Poison Jab|p2a: Arbok
|-resisted|p2a: Arbok
|-damage|p2a: Arbok|0 fnt
|faint|p2a: Arbok
|
|c|âi ran away|so
|c|âi ran away|deserved
|
|switch|p2a: Victreebel|Victreebel, F|364\/364
|-damage|p2a: Victreebel|319\/364|[from] Stealth Rock
|turn|38
|
|move|p1a: Beedrill|Poison Jab|p2a: Victreebel
|-crit|p2a: Victreebel
|-damage|p2a: Victreebel|0 fnt
|faint|p2a: Victreebel
|
|win|i ran away
|raw|Ladder updating...
|raw|i ran away's rating: 1175 &rarr; <strong>1192<\/strong><br \/>(+17 for winning)
|raw|KL's rating: 1059 &rarr; <strong>1046<\/strong><br \/>(-13 for losing)
|leave|KL
|player|p2