|join|klos
|join|i ran away
|player|p1|klos|101
|player|p2|i ran away|244
|gametype|singles
|gen|6
|tier|UU
|rated
|rule|Sleep Clause Mod: Limit one foe put to sleep
|rule|Species Clause: Limit one of each PokÃ©mon
|rule|OHKO Clause: OHKO moves are banned
|rule|Moody Clause: Moody is banned
|rule|Evasion Moves Clause: Evasion moves are banned
|rule|Endless Battle Clause: Forcing endless battles is banned
|rule|HP Percentage Mod: HP is shown in percentages
|clearpoke
|poke|p1|Gallade, M
|poke|p1|Yanmega, M
|poke|p1|Jirachi
|poke|p1|Darmanitan, F
|poke|p1|Tentacruel, F
|poke|p1|Togetic, F
|poke|p2|Jirachi
|poke|p2|Cobalion
|poke|p2|Fletchinder, M
|poke|p2|Crobat, F
|poke|p2|Sceptile, F
|poke|p2|Swampert, M
|rule|Swagger Clause: Swagger is banned
|rule|Baton Pass Clause: Limit one PokÃ©mon knowing Baton Pass
|teampreview
|c|âklos|gl m8
|c|âi ran away|thanks you too
|
|start
|switch|p1a: Flare Blitz|Darmanitan, F|351\/351
|switch|p2a: wasnt easy.|Cobalion|371\/371
|turn|1
|
|switch|p2a: just good|Swampert, M|403\/403
|move|p1a: Flare Blitz|Flare Blitz|p2a: just good
|-resisted|p2a: just good
|-damage|p2a: just good|288\/403
|-damage|p1a: Flare Blitz|313\/351|[from] recoil|[of] p2a: just good
|
|-heal|p2a: just good|313\/403|[from] item: Leftovers
|turn|2
|
|switch|p1a: Flinch|Jirachi|404\/404
|move|p2a: just good|Stealth Rock|p1a: Flinch
|-sidestart|p1: klos|move: Stealth Rock
|
|-heal|p2a: just good|338\/403|[from] item: Leftovers
|turn|3
|
|move|p2a: just good|Protect|p2a: just good
|-singleturn|p2a: just good|Protect
|move|p1a: Flinch|Toxic|p2a: just good
|-activate|p2a: just good|Protect
|
|-heal|p2a: just good|363\/403|[from] item: Leftovers
|turn|4
|
|switch|p1a: Togetic|Togetic, F|313\/313
|-damage|p1a: Togetic|235\/313|[from] Stealth Rock
|switch|p2a: wasnt easy.|Cobalion|371\/371
|
|turn|5
|
|move|p2a: wasnt easy.|Taunt|p1a: Togetic
|-start|p1a: Togetic|move: Taunt
|cant|p1a: Togetic|move: Taunt|Defog
|
|turn|6
|
|switch|p1a: Tentacruel|Tentacruel, F|364\/364
|-damage|p1a: Tentacruel|319\/364|[from] Stealth Rock
|move|p2a: wasnt easy.|Volt Switch|p1a: Tentacruel
|-supereffective|p1a: Tentacruel
|-damage|p1a: Tentacruel|239\/364
|
|switch|p2a: lessening|Jirachi|341\/341
|
|-heal|p1a: Tentacruel|261\/364|[from] item: Black Sludge
|turn|7
|
|move|p2a: lessening|Psyshock|p1a: Tentacruel
|-supereffective|p1a: Tentacruel
|-damage|p1a: Tentacruel|33\/364
|move|p1a: Tentacruel|Rapid Spin|p2a: lessening
|-resisted|p2a: lessening
|-damage|p2a: lessening|336\/341
|-sideend|p1: klos|Stealth Rock|[from] move: Rapid Spin|[of] p1a: Tentacruel
|
|-heal|p2a: lessening|341\/341|[from] item: Leftovers
|-heal|p1a: Tentacruel|55\/364|[from] item: Black Sludge
|turn|8
|
|switch|p1a: Togetic|Togetic, F|235\/313
|move|p2a: lessening|Calm Mind|p2a: lessening
|-boost|p2a: lessening|spa|1
|-boost|p2a: lessening|spd|1
|
|turn|9
|
|move|p2a: lessening|Psyshock|p1a: Togetic
|-damage|p1a: Togetic|96\/313
|move|p1a: Togetic|Nasty Plot|p1a: Togetic
|-boost|p1a: Togetic|spa|2
|
|turn|10
|
|move|p2a: lessening|Psyshock|p1a: Togetic
|-damage|p1a: Togetic|0 fnt
|faint|p1a: Togetic
|
|
|switch|p1a: Flinch|Jirachi|404\/404
|turn|11
|
|move|p2a: lessening|Hidden Power|p1a: Flinch
|-supereffective|p1a: Flinch
|-damage|p1a: Flinch|262\/404
|move|p1a: Flinch|Fire Punch|p2a: lessening
|-supereffective|p2a: lessening
|-damage|p2a: lessening|219\/341
|
|-heal|p2a: lessening|240\/341|[from] item: Leftovers
|-heal|p1a: Flinch|287\/404|[from] item: Leftovers
|turn|12
|
|move|p2a: lessening|Hidden Power|p1a: Flinch
|-supereffective|p1a: Flinch
|-damage|p1a: Flinch|121\/404
|move|p1a: Flinch|Fire Punch|p2a: lessening
|-supereffective|p2a: lessening
|-damage|p2a: lessening|130\/341
|
|-heal|p2a: lessening|151\/341|[from] item: Leftovers
|-heal|p1a: Flinch|146\/404|[from] item: Leftovers
|turn|13
|
|switch|p1a: Flare Blitz|Darmanitan, F|313\/351
|move|p2a: lessening|Hidden Power|p1a: Flare Blitz
|-resisted|p1a: Flare Blitz
|-damage|p1a: Flare Blitz|246\/351
|
|-heal|p2a: lessening|172\/341|[from] item: Leftovers
|turn|14
|
|move|p1a: Flare Blitz|U-turn|p2a: lessening
|-damage|p2a: lessening|86\/341
|
|switch|p1a: Flinch|Jirachi|146\/404
|move|p2a: lessening|Psyshock|p1a: Flinch
|-resisted|p1a: Flinch
|-damage|p1a: Flinch|109\/404
|
|-heal|p2a: lessening|107\/341|[from] item: Leftovers
|-heal|p1a: Flinch|134\/404|[from] item: Leftovers
|turn|15
|
|move|p2a: lessening|Hidden Power|p1a: Flinch
|-supereffective|p1a: Flinch
|-damage|p1a: Flinch|0 fnt
|faint|p1a: Flinch
|
|-heal|p2a: lessening|128\/341|[from] item: Leftovers
|
|switch|p1a: Flare Blitz|Darmanitan, F|246\/351
|turn|16
|
|switch|p2a: just good|Swampert, M|363\/403
|move|p1a: Flare Blitz|Flare Blitz|p2a: just good
|-resisted|p2a: just good
|-damage|p2a: just good|244\/403
|-damage|p1a: Flare Blitz|207\/351|[from] recoil|[of] p2a: just good
|
|-heal|p2a: just good|269\/403|[from] item: Leftovers
|turn|17
|
|switch|p1a: Tentacruel|Tentacruel, F|55\/364
|move|p2a: just good|Stealth Rock|p1a: Tentacruel
|-sidestart|p1: klos|move: Stealth Rock
|
|-heal|p1a: Tentacruel|77\/364|[from] item: Black Sludge
|-heal|p2a: just good|294\/403|[from] item: Leftovers
|turn|18
|
|move|p1a: Tentacruel|Toxic Spikes|p2a: just good
|-sidestart|p2: i ran away|move: Toxic Spikes
|move|p2a: just good|Earthquake|p1a: Tentacruel
|-supereffective|p1a: Tentacruel
|-damage|p1a: Tentacruel|0 fnt
|faint|p1a: Tentacruel
|
|-heal|p2a: just good|319\/403|[from] item: Leftovers
|
|switch|p1a: Gal|Gallade, M|278\/278
|-damage|p1a: Gal|261\/278|[from] Stealth Rock
|turn|19
|
|detailschange|p1a: Gal|Gallade-Mega, M
|message|Gallade has Mega Evolved into Mega Gallade!
|move|p1a: Gal|Close Combat|p2a: just good
|-damage|p2a: just good|112\/403
|-unboost|p1a: Gal|def|1
|-unboost|p1a: Gal|spd|1
|move|p2a: just good|Earthquake|p1a: Gal
|-damage|p1a: Gal|75\/278
|
|-heal|p2a: just good|137\/403|[from] item: Leftovers
|turn|20
|
|switch|p2a: kleinervogel|Fletchinder, M|291\/291
|move|p1a: Gal|Psycho Cut|p2a: kleinervogel
|-damage|p2a: kleinervogel|50\/291
|
|turn|21
|
|move|p2a: kleinervogel|Acrobatics|p1a: Gal
|-supereffective|p1a: Gal
|-damage|p1a: Gal|0 fnt
|faint|p1a: Gal
|
|c|âi ran away|gg
|
|switch|p1a: Flare Blitz|Darmanitan, F|207\/351
|-damage|p1a: Flare Blitz|120\/351|[from] Stealth Rock
|turn|22
|c|âklos|gg
|c|âklos|but u know that if a CC your fletch would be dead?
|c|âi ran away|no it lives
|c|âi ran away|has lived before
|
|move|p2a: kleinervogel|Acrobatics|p1a: Flare Blitz
|-damage|p1a: Flare Blitz|0 fnt
|faint|p1a: Flare Blitz
|
|
|switch|p1a: Mega|Yanmega, M|314\/314
|-damage|p1a: Mega|157\/314|[from] Stealth Rock
|turn|23
|
|move|p2a: kleinervogel|Acrobatics|p1a: Mega
|-supereffective|p1a: Mega
|-damage|p1a: Mega|0 fnt
|faint|p1a: Mega
|
|win|i ran away
|raw|Ladder updating...
|c|âklos|well gg
|raw|klos's rating: 1394 &rarr; <strong>1374<\/strong><br \/>(-20 for losing)
|raw|i ran away's rating: 1390 &rarr; <strong>1410<\/strong><br \/>(+20 for winning)
|leave|klos
|player|p1