|join|i ran away
|join|jatevy
|player|p1|i ran away|101
|player|p2|jatevy|264
|gametype|singles
|gen|6
|tier|UU
|rated
|rule|Sleep Clause Mod: Limit one foe put to sleep
|rule|Species Clause: Limit one of each PokÃ©mon
|rule|OHKO Clause: OHKO moves are banned
|rule|Moody Clause: Moody is banned
|rule|Evasion Moves Clause: Evasion moves are banned
|rule|Endless Battle Clause: Forcing endless battles is banned
|rule|HP Percentage Mod: HP is shown in percentages
|clearpoke
|poke|p1|Suicune
|poke|p1|Jirachi
|poke|p1|Alakazam, F
|poke|p1|Tangrowth, M
|poke|p1|Crobat, M
|poke|p1|Krookodile, F
|poke|p2|Steelix, M
|poke|p2|Gastrodon, M
|poke|p2|Donphan, M
|poke|p2|Hydreigon, M
|poke|p2|Scyther, M
|poke|p2|Galvantula, F
|rule|Swagger Clause: Swagger is banned
|rule|Baton Pass Clause: Limit one PokÃ©mon knowing Baton Pass
|teampreview
|
|start
|switch|p1a: Crobat|Crobat, M|374\/374
|switch|p2a: Galvantula|Galvantula, F|281\/281
|turn|1
|
|move|p1a: Crobat|U-turn|p2a: Galvantula
|-damage|p2a: Galvantula|206\/281
|
|switch|p1a: Jirachi|Jirachi|341\/341
|move|p2a: Galvantula|Thunder Wave|p1a: Jirachi
|-status|p1a: Jirachi|par
|
|turn|2
|
|move|p2a: Galvantula|Sticky Web|p1a: Jirachi
|-sidestart|p1: i ran away|move: Sticky Web
|cant|p1a: Jirachi|par
|
|turn|3
|
|move|p2a: Galvantula|Bug Buzz|p1a: Jirachi
|-damage|p1a: Jirachi|212\/341 par
|move|p1a: Jirachi|U-turn|p2a: Galvantula
|-crit|p2a: Galvantula
|-damage|p2a: Galvantula|53\/281
|
|switch|p1a: Crobat|Crobat, M|374\/374
|
|turn|4
|
|move|p1a: Crobat|Brave Bird|p2a: Galvantula
|-damage|p2a: Galvantula|0 fnt
|-damage|p1a: Crobat|357\/374|[from] recoil|[of] p2a: Galvantula
|faint|p2a: Galvantula
|
|-heal|p1a: Crobat|374\/374|[from] item: Leftovers
|
|switch|p2a: Steelix|Steelix, M|354\/354
|turn|5
|
|detailschange|p2a: Steelix|Steelix-Mega, M
|message|Steelix has Mega Evolved into Mega Steelix!
|move|p1a: Crobat|Defog|p2a: Steelix
|-unboost|p2a: Steelix|evasion|1
|-sideend|p1: i ran away|Sticky Web|[from] move: Defog|[of] p1a: Crobat
|move|p2a: Steelix|Stealth Rock|p1a: Crobat
|-sidestart|p1: i ran away|move: Stealth Rock
|
|turn|6
|
|move|p1a: Crobat|U-turn|p2a: Steelix
|-resisted|p2a: Steelix
|-damage|p2a: Steelix|342\/354
|
|switch|p1a: Tangrowth|Tangrowth, M|403\/403
|-damage|p1a: Tangrowth|353\/403|[from] Stealth Rock
|move|p2a: Steelix|Sandstorm|p2a: Steelix
|-weather|Sandstorm
|
|-weather|Sandstorm|[upkeep]
|-damage|p1a: Tangrowth|328\/403|[from] sandstorm
|turn|7
|
|move|p1a: Tangrowth|Leaf Storm|p2a: Steelix
|-damage|p2a: Steelix|0 fnt
|-unboost|p1a: Tangrowth|spa|2
|faint|p2a: Steelix
|
|-weather|Sandstorm|[upkeep]
|-damage|p1a: Tangrowth|303\/403|[from] sandstorm
|
|switch|p2a: Scyther|Scyther, M|281\/281
|turn|8
|
|switch|p1a: Crobat|Crobat, M|374\/374
|-damage|p1a: Crobat|281\/374|[from] Stealth Rock
|move|p2a: Scyther|U-turn|p1a: Crobat
|-resisted|p1a: Crobat
|-damage|p1a: Crobat|233\/374
|
|switch|p2a: Hydreigon|Hydreigon, M|325\/325
|
|-weather|Sandstorm|[upkeep]
|-damage|p2a: Hydreigon|305\/325|[from] sandstorm
|-damage|p1a: Crobat|210\/374|[from] sandstorm
|-heal|p1a: Crobat|233\/374|[from] item: Leftovers
|turn|9
|
|move|p2a: Hydreigon|Draco Meteor|p1a: Crobat
|-damage|p1a: Crobat|0 fnt
|-unboost|p2a: Hydreigon|spa|2
|faint|p1a: Crobat
|
|-weather|Sandstorm|[upkeep]
|-damage|p2a: Hydreigon|285\/325|[from] sandstorm
|
|switch|p1a: Suicune|Suicune|342\/342
|-damage|p1a: Suicune|300\/342|[from] Stealth Rock
|-ability|p1a: Suicune|Pressure
|turn|10
|
|switch|p2a: Gastrodon|Gastrodon, M|426\/426
|move|p1a: Suicune|Calm Mind|p1a: Suicune
|-boost|p1a: Suicune|spa|1
|-boost|p1a: Suicune|spd|1
|
|-weather|none
|-heal|p1a: Suicune|321\/342|[from] item: Leftovers
|turn|11
|
|move|p1a: Suicune|Hidden Power|p2a: Gastrodon
|-supereffective|p2a: Gastrodon
|-damage|p2a: Gastrodon|146\/426
|move|p2a: Gastrodon|Toxic|p1a: Suicune
|-status|p1a: Suicune|tox
|
|-heal|p1a: Suicune|342\/342 tox|[from] item: Leftovers
|-heal|p2a: Gastrodon|172\/426|[from] item: Leftovers
|-damage|p1a: Suicune|321\/342 tox|[from] psn
|turn|12
|
|move|p1a: Suicune|Hidden Power|p2a: Gastrodon
|-supereffective|p2a: Gastrodon
|-damage|p2a: Gastrodon|0 fnt
|faint|p2a: Gastrodon
|
|-heal|p1a: Suicune|342\/342 tox|[from] item: Leftovers
|-damage|p1a: Suicune|300\/342 tox|[from] psn
|
|switch|p2a: Scyther|Scyther, M|281\/281
|turn|13
|
|move|p2a: Scyther|U-turn|p1a: Suicune
|-damage|p1a: Suicune|156\/342 tox
|
|switch|p2a: Donphan|Donphan, M|384\/384
|move|p1a: Suicune|Ice Beam|p2a: Donphan
|-supereffective|p2a: Donphan
|-damage|p2a: Donphan|14\/384
|
|-heal|p1a: Suicune|177\/342 tox|[from] item: Leftovers
|-heal|p2a: Donphan|38\/384|[from] item: Leftovers
|-damage|p1a: Suicune|114\/342 tox|[from] psn
|turn|14
|
|move|p1a: Suicune|Ice Beam|p2a: Donphan
|-supereffective|p2a: Donphan
|-damage|p2a: Donphan|0 fnt
|faint|p2a: Donphan
|
|-heal|p1a: Suicune|135\/342 tox|[from] item: Leftovers
|-damage|p1a: Suicune|51\/342 tox|[from] psn
|
|switch|p2a: Scyther|Scyther, M|281\/281
|turn|15
|
|switch|p1a: Tangrowth|Tangrowth, M|403\/403
|-damage|p1a: Tangrowth|353\/403|[from] Stealth Rock
|move|p2a: Scyther|U-turn|p1a: Tangrowth
|-supereffective|p1a: Tangrowth
|-damage|p1a: Tangrowth|59\/403
|
|switch|p2a: Hydreigon|Hydreigon, M|285\/325
|
|turn|16
|
|move|p2a: Hydreigon|U-turn|p1a: Tangrowth
|-supereffective|p1a: Tangrowth
|-damage|p1a: Tangrowth|0 fnt
|faint|p1a: Tangrowth
|
|switch|p2a: Scyther|Scyther, M|281\/281
|
|
|switch|p1a: Jirachi|Jirachi|212\/341 par
|-damage|p1a: Jirachi|191\/341 par|[from] Stealth Rock
|turn|17
|
|move|p2a: Scyther|U-turn|p1a: Jirachi
|-damage|p1a: Jirachi|17\/341 par
|
|switch|p2a: Hydreigon|Hydreigon, M|285\/325
|move|p1a: Jirachi|Healing Wish|p1a: Jirachi
|faint|p1a: Jirachi
|
|
|switch|p1a: Suicune|Suicune|51\/342 tox
|-heal|p1a: Suicune|342\/342|[from] move: Healing Wish
|-damage|p1a: Suicune|300\/342|[from] Stealth Rock
|-ability|p1a: Suicune|Pressure
|turn|18
|
|move|p2a: Hydreigon|Dark Pulse|p1a: Suicune
|-damage|p1a: Suicune|186\/342
|move|p1a: Suicune|Ice Beam|p2a: Hydreigon
|-supereffective|p2a: Hydreigon
|-damage|p2a: Hydreigon|99\/325
|
|-heal|p1a: Suicune|207\/342|[from] item: Leftovers
|turn|19
|
|switch|p1a: Krookodile|Krookodile, F|331\/331
|-damage|p1a: Krookodile|311\/331|[from] Stealth Rock
|-ability|p1a: Krookodile|Intimidate|[of] p2a: Hydreigon
|-unboost|p2a: Hydreigon|atk|1
|move|p2a: Hydreigon|Dark Pulse|p1a: Krookodile
|-resisted|p1a: Krookodile
|-damage|p1a: Krookodile|215\/331
|
|turn|20
|
|move|p2a: Hydreigon|Dark Pulse|p1a: Krookodile
|-resisted|p1a: Krookodile
|-damage|p1a: Krookodile|121\/331
|move|p1a: Krookodile|Stealth Rock|p2a: Hydreigon
|-sidestart|p2: jatevy|move: Stealth Rock
|
|turn|21
|
|move|p2a: Hydreigon|Dark Pulse|p1a: Krookodile
|-resisted|p1a: Krookodile
|-damage|p1a: Krookodile|20\/331
|move|p1a: Krookodile|Knock Off|p2a: Hydreigon
|-resisted|p2a: Hydreigon
|-damage|p2a: Hydreigon|0 fnt
|-enditem|p2a: Hydreigon|Choice Scarf|[from] move: Knock Off|[of] p1a: Krookodile
|faint|p2a: Hydreigon
|
|
|switch|p2a: Scyther|Scyther, M|281\/281
|-damage|p2a: Scyther|141\/281|[from] Stealth Rock
|turn|22
|
|move|p2a: Scyther|Aerial Ace|p1a: Krookodile
|-damage|p1a: Krookodile|0 fnt
|faint|p1a: Krookodile
|
|
|switch|p1a: Suicune|Suicune|207\/342
|-damage|p1a: Suicune|165\/342|[from] Stealth Rock
|-ability|p1a: Suicune|Pressure
|turn|23
|
|move|p2a: Scyther|Aerial Ace|p1a: Suicune
|-damage|p1a: Suicune|0 fnt
|faint|p1a: Suicune
|
|
|switch|p1a: Alakazam|Alakazam, F|252\/252
|turn|24
|
|move|p1a: Alakazam|Psyshock|p2a: Scyther
|-damage|p2a: Scyther|0 fnt
|faint|p2a: Scyther
|
|win|i ran away
|raw|Ladder updating...
|c|âjatevy|gg
|raw|i ran away's rating: 1363 &rarr; <strong>1377<\/strong><br \/>(+14 for winning)
|raw|jatevy's rating: 1271 &rarr; <strong>1253<\/strong><br \/>(-18 for losing)
|c|âi ran away|gg