|join|i ran away
|join|Johnny Dangleballs
|player|p1|i ran away|20
|player|p2|Johnny Dangleballs|30
|gametype|singles
|gen|6
|tier|UU
|rated
|rule|Sleep Clause Mod: Limit one foe put to sleep
|rule|Species Clause: Limit one of each PokÃ©mon
|rule|OHKO Clause: OHKO moves are banned
|rule|Moody Clause: Moody is banned
|rule|Evasion Moves Clause: Evasion moves are banned
|rule|Endless Battle Clause: Forcing endless battles is banned
|rule|HP Percentage Mod: HP is shown in percentages
|clearpoke
|poke|p1|Raikou
|poke|p1|Noivern, F
|poke|p1|Kingdra, M
|poke|p1|Lopunny, F
|poke|p1|Uxie
|poke|p1|Swampert, M
|poke|p2|Honchkrow, M
|poke|p2|Camerupt, F
|poke|p2|Raikou, shiny
|poke|p2|Entei, shiny
|poke|p2|Alakazam, F
|poke|p2|Snorlax, M
|rule|Swagger Clause: Swagger is banned
|rule|Baton Pass Clause: Limit one PokÃ©mon knowing Baton Pass
|teampreview
|
|start
|switch|p1a: Lopunny|Lopunny, F|333\/333
|switch|p2a: Camerupt|Camerupt, F|343\/343
|turn|1
|
|detailschange|p2a: Camerupt|Camerupt-Mega, F
|message|Camerupt has Mega Evolved into Mega Camerupt!
|move|p1a: Lopunny|Rain Dance|p1a: Lopunny
|-weather|RainDance
|move|p2a: Camerupt|Substitute|p2a: Camerupt
|-start|p2a: Camerupt|Substitute
|-damage|p2a: Camerupt|258\/343
|
|-weather|RainDance|[upkeep]
|turn|2
|
|move|p1a: Lopunny|Encore|p2a: Camerupt
|-start|p2a: Camerupt|Encore
|move|p2a: Camerupt|Substitute|p2a: Camerupt
|-fail|p2a: Camerupt|move: Substitute
|
|-weather|RainDance|[upkeep]
|turn|3
|
|switch|p1a: Swampert|Swampert, M|341\/341
|move|p2a: Camerupt|Substitute|p2a: Camerupt
|-fail|p2a: Camerupt|move: Substitute
|
|-weather|RainDance|[upkeep]
|turn|4
|
|detailschange|p1a: Swampert|Swampert-Mega, M
|message|Swampert has Mega Evolved into Mega Swampert!
|move|p1a: Swampert|Waterfall|p2a: Camerupt
|-crit|p2a: Camerupt
|-supereffective|p2a: Camerupt
|-end|p2a: Camerupt|Substitute
|move|p2a: Camerupt|Substitute|p2a: Camerupt
|-start|p2a: Camerupt|Substitute
|-damage|p2a: Camerupt|173\/343
|
|-weather|RainDance|[upkeep]
|-end|p2a: Camerupt|Encore
|turn|5
|
|move|p1a: Swampert|Waterfall|p2a: Camerupt
|-supereffective|p2a: Camerupt
|-end|p2a: Camerupt|Substitute
|move|p2a: Camerupt|Earth Power|p1a: Swampert
|-damage|p1a: Swampert|137\/341
|
|-weather|RainDance|[upkeep]
|turn|6
|
|switch|p2a: Alakazam|Alakazam, F|252\/252
|move|p1a: Swampert|Waterfall|p2a: Alakazam
|-enditem|p2a: Alakazam|Focus Sash
|-damage|p2a: Alakazam|1\/252
|
|-weather|RainDance|[upkeep]
|turn|7
|
|move|p1a: Swampert|Waterfall|p2a: Alakazam
|-damage|p2a: Alakazam|0 fnt
|faint|p2a: Alakazam
|
|-weather|RainDance|[upkeep]
|join|Backline
|
|switch|p2a: Raikou|Raikou, shiny|322\/322
|-ability|p2a: Raikou|Pressure
|turn|8
|
|move|p1a: Swampert|Earthquake|p2a: Raikou
|-supereffective|p2a: Raikou
|-damage|p2a: Raikou|0 fnt
|faint|p2a: Raikou
|
|-weather|none
|
|switch|p2a: Honchkrow|Honchkrow, M|341\/341
|turn|9
|
|switch|p1a: Raikou|Raikou|321\/321
|-ability|p1a: Raikou|Pressure
|move|p2a: Honchkrow|Brave Bird|p1a: Raikou
|-resisted|p1a: Raikou
|-damage|p1a: Raikou|117\/321
|-damage|p2a: Honchkrow|274\/341|[from] recoil|[of] p1a: Raikou
|-damage|p2a: Honchkrow|240\/341|[from] item: Life Orb
|
|turn|10
|
|move|p2a: Honchkrow|Sucker Punch|p1a: Raikou
|-fail|p1a: Raikou
|move|p1a: Raikou|Rain Dance|p1a: Raikou
|-weather|RainDance
|
|-weather|RainDance|[upkeep]
|turn|11
|
|move|p2a: Honchkrow|Pursuit|p1a: Raikou|[from]Pursuit
|-damage|p1a: Raikou|0 fnt
|-damage|p2a: Honchkrow|206\/341|[from] item: Life Orb
|faint|p1a: Raikou
|-boost|p2a: Honchkrow|atk|1|[from] ability: Moxie
|
|-weather|RainDance|[upkeep]
|
|switch|p1a: Lopunny|Lopunny, F|333\/333
|turn|12
|
|move|p2a: Honchkrow|Sucker Punch|p1a: Lopunny
|-fail|p1a: Lopunny
|move|p1a: Lopunny|Encore|p2a: Honchkrow
|-start|p2a: Honchkrow|Encore
|
|-weather|RainDance|[upkeep]
|turn|13
|
|move|p2a: Honchkrow|Sucker Punch|p1a: Lopunny
|-fail|p1a: Lopunny
|move|p1a: Lopunny|Encore|p2a: Honchkrow
|-fail|p2a: Honchkrow
|
|-weather|RainDance|[upkeep]
|turn|14
|
|move|p2a: Honchkrow|Sucker Punch|p1a: Lopunny
|-fail|p1a: Lopunny
|move|p1a: Lopunny|Encore|p2a: Honchkrow
|-fail|p2a: Honchkrow
|
|-weather|none
|turn|15
|
|move|p2a: Honchkrow|Sucker Punch|p1a: Lopunny
|-fail|p1a: Lopunny
|move|p1a: Lopunny|Rain Dance|p1a: Lopunny
|-weather|RainDance
|
|-weather|RainDance|[upkeep]
|-end|p2a: Honchkrow|Encore
|turn|16
|
|switch|p2a: Entei|Entei, shiny|372\/372
|-ability|p2a: Entei|Pressure
|move|p1a: Lopunny|Encore|p2a: Entei
|-fail|p2a: Entei
|
|-weather|RainDance|[upkeep]
|turn|17
|
|move|p1a: Lopunny|Healing Wish|p1a: Lopunny
|faint|p1a: Lopunny
|move|p2a: Entei|Sacred Fire|p1: Lopunny|[notarget]
|-notarget
|
|-weather|RainDance|[upkeep]
|
|switch|p1a: Swampert|Swampert-Mega, M|137\/341
|-heal|p1a: Swampert|341\/341|[from] move: Healing Wish
|turn|18
|
|move|p1a: Swampert|Waterfall|p2a: Entei
|-supereffective|p2a: Entei
|-damage|p2a: Entei|0 fnt
|faint|p2a: Entei
|
|-weather|RainDance|[upkeep]
|
|switch|p2a: Snorlax|Snorlax, M|524\/524
|turn|19
|
|move|p1a: Swampert|Waterfall|p2a: Snorlax
|-damage|p2a: Snorlax|188\/524
|move|p2a: Snorlax|Curse|p2a: Snorlax
|-boost|p2a: Snorlax|atk|1
|-boost|p2a: Snorlax|def|1
|-unboost|p2a: Snorlax|spe|1
|
|-weather|RainDance|[upkeep]
|turn|20
|
|move|p1a: Swampert|Waterfall|p2a: Snorlax
|-damage|p2a: Snorlax|0 fnt
|faint|p2a: Snorlax
|
|-weather|RainDance|[upkeep]
|-message|Johnny Dangleballs forfeited.
|
|win|i ran away
|raw|Ladder updating...
|raw|i ran away's rating: 1326 &rarr; <strong>1339<\/strong><br \/>(+13 for winning)
|raw|Johnny Dangleballs's rating: 1184 &rarr; <strong>1169<\/strong><br \/>(-15 for losing)
|leave|Johnny Dangleballs
|player|p2