|join|Mohammad
|join|i ran away
|player|p1|Mohammad|34
|player|p2|i ran away|244
|gametype|singles
|gen|6
|tier|UU
|rated
|rule|Sleep Clause Mod: Limit one foe put to sleep
|rule|Species Clause: Limit one of each PokÃ©mon
|rule|OHKO Clause: OHKO moves are banned
|rule|Moody Clause: Moody is banned
|rule|Evasion Moves Clause: Evasion moves are banned
|rule|Endless Battle Clause: Forcing endless battles is banned
|rule|HP Percentage Mod: HP is shown in percentages
|clearpoke
|poke|p1|Roserade, M, shiny
|poke|p1|Yanmega, F, shiny
|poke|p1|Mienshao, F, shiny
|poke|p1|Alakazam, F, shiny
|poke|p1|Empoleon, F, shiny
|poke|p1|Haxorus, M, shiny
|poke|p2|Aromatisse, F
|poke|p2|Tangrowth, F
|poke|p2|Jirachi
|poke|p2|Dugtrio, M
|poke|p2|Tentacruel, M
|poke|p2|Kyurem
|rule|Swagger Clause: Swagger is banned
|rule|Baton Pass Clause: Limit one PokÃ©mon knowing Baton Pass
|teampreview
|
|start
|switch|p1a: Empoleon|Empoleon, F, shiny|372\/372
|switch|p2a: innocent|Dugtrio, M|211\/211
|turn|1
|
|move|p2a: innocent|Earthquake|p1a: Empoleon
|-supereffective|p1a: Empoleon
|-damage|p1a: Empoleon|22\/372
|move|p1a: Empoleon|Scald|p2a: innocent
|-supereffective|p2a: innocent
|-damage|p2a: innocent|0 fnt
|faint|p2a: innocent
|
|-heal|p1a: Empoleon|45\/372|[from] item: Leftovers
|
|switch|p2a: s-so special|Jirachi|351\/351
|turn|2
|
|move|p2a: s-so special|Fire Punch|p1a: Empoleon
|-damage|p1a: Empoleon|0 fnt
|faint|p1a: Empoleon
|
|
|switch|p1a: Haxorus|Haxorus, M, shiny|307\/307
|-ability|p1a: Haxorus|Mold Breaker
|turn|3
|
|move|p2a: s-so special|U-turn|p1a: Haxorus
|-damage|p1a: Haxorus|233\/307
|
|switch|p2a: Ladies bar|Aromatisse, F|405\/405
|move|p1a: Haxorus|Dragon Dance|p1a: Haxorus
|-boost|p1a: Haxorus|atk|1
|-boost|p1a: Haxorus|spe|1
|
|turn|4
|
|move|p1a: Haxorus|Earthquake|p2a: Ladies bar
|-damage|p2a: Ladies bar|212\/405
|move|p2a: Ladies bar|Moonblast|p1a: Haxorus
|-supereffective|p1a: Haxorus
|-damage|p1a: Haxorus|0 fnt
|faint|p1a: Haxorus
|
|-heal|p2a: Ladies bar|237\/405|[from] item: Leftovers
|
|switch|p1a: Roserade|Roserade, M, shiny|262\/262
|turn|5
|
|move|p2a: Ladies bar|Protect|p2a: Ladies bar
|-singleturn|p2a: Ladies bar|Protect
|move|p1a: Roserade|Sleep Powder|p2a: Ladies bar
|-activate|p2a: Ladies bar|Protect
|
|-heal|p2a: Ladies bar|262\/405|[from] item: Leftovers
|turn|6
|
|switch|p2a: breath hurts|Kyurem|416\/416
|-ability|p2a: breath hurts|Pressure
|move|p1a: Roserade|Sludge Bomb|p2a: breath hurts
|-damage|p2a: breath hurts|254\/416
|
|-heal|p2a: breath hurts|280\/416|[from] item: Leftovers
|turn|7
|
|move|p2a: breath hurts|Substitute|p2a: breath hurts
|-start|p2a: breath hurts|Substitute
|-damage|p2a: breath hurts|176\/416
|move|p1a: Roserade|Sleep Powder|p2a: breath hurts|[miss]
|-miss|p1a: Roserade|p2a: breath hurts
|
|-heal|p2a: breath hurts|202\/416|[from] item: Leftovers
|turn|8
|
|move|p2a: breath hurts|Roost|p2a: breath hurts
|-heal|p2a: breath hurts|410\/416
|move|p1a: Roserade|Sludge Bomb|p2a: breath hurts
|-end|p2a: breath hurts|Substitute
|
|-heal|p2a: breath hurts|416\/416|[from] item: Leftovers
|turn|9
|
|move|p2a: breath hurts|Ice Beam|p1a: Roserade
|-supereffective|p1a: Roserade
|-damage|p1a: Roserade|0 fnt
|faint|p1a: Roserade
|
|
|switch|p1a: Alakazam|Alakazam, F, shiny|252\/252
|turn|10
|
|detailschange|p1a: Alakazam|Alakazam-Mega, F, shiny
|message|Alakazam has Mega Evolved into Mega Alakazam!
|-ability|p1a: Alakazam|Pressure|[from] ability: Trace|[of] p2a: breath hurts
|-ability|p1a: Alakazam|Pressure
|move|p1a: Alakazam|Focus Blast|p2a: breath hurts
|-supereffective|p2a: breath hurts
|-damage|p2a: breath hurts|16\/416
|move|p2a: breath hurts|Ice Beam|p1a: Alakazam
|-damage|p1a: Alakazam|108\/252
|
|-heal|p2a: breath hurts|42\/416|[from] item: Leftovers
|turn|11
|
|move|p1a: Alakazam|Shadow Ball|p2a: breath hurts
|-damage|p2a: breath hurts|0 fnt
|faint|p2a: breath hurts
|
|
|switch|p2a: s-so special|Jirachi|351\/351
|turn|12
|
|switch|p1a: Yanmega|Yanmega, F, shiny|338\/338
|move|p2a: s-so special|U-turn|p1a: Yanmega
|-crit|p1a: Yanmega
|-resisted|p1a: Yanmega
|-damage|p1a: Yanmega|281\/338
|
|switch|p2a: Ladies bar|Aromatisse, F|262\/405
|
|-heal|p2a: Ladies bar|287\/405|[from] item: Leftovers
|turn|13
|
|move|p2a: Ladies bar|Protect|p2a: Ladies bar
|-singleturn|p2a: Ladies bar|Protect
|move|p1a: Yanmega|Air Slash|p2a: Ladies bar
|-activate|p2a: Ladies bar|Protect
|
|-heal|p2a: Ladies bar|312\/405|[from] item: Leftovers
|-boost|p1a: Yanmega|spe|1|[from] ability: Speed Boost
|turn|14
|
|move|p1a: Yanmega|Air Slash|p2a: Ladies bar
|-damage|p2a: Ladies bar|104\/405
|-damage|p1a: Yanmega|248\/338|[from] item: Life Orb
|move|p2a: Ladies bar|Wish|p2a: Ladies bar
|
|-heal|p2a: Ladies bar|129\/405|[from] item: Leftovers
|-boost|p1a: Yanmega|spe|1|[from] ability: Speed Boost
|turn|15
|
|move|p2a: Ladies bar|Protect|p2a: Ladies bar
|-singleturn|p2a: Ladies bar|Protect
|move|p1a: Yanmega|Air Slash|p2a: Ladies bar
|-activate|p2a: Ladies bar|Protect
|
|-heal|p2a: Ladies bar|331\/405|[from] move: Wish|[wisher] Ladies bar
|-heal|p2a: Ladies bar|356\/405|[from] item: Leftovers
|-boost|p1a: Yanmega|spe|1|[from] ability: Speed Boost
|turn|16
|
|move|p1a: Yanmega|Air Slash|p2a: Ladies bar
|-damage|p2a: Ladies bar|175\/405
|-damage|p1a: Yanmega|215\/338|[from] item: Life Orb
|cant|p2a: Ladies bar|flinch
|
|-heal|p2a: Ladies bar|200\/405|[from] item: Leftovers
|-boost|p1a: Yanmega|spe|1|[from] ability: Speed Boost
|turn|17
|
|move|p2a: Ladies bar|Protect|p2a: Ladies bar
|-singleturn|p2a: Ladies bar|Protect
|move|p1a: Yanmega|Air Slash|p2a: Ladies bar
|-activate|p2a: Ladies bar|Protect
|
|-heal|p2a: Ladies bar|225\/405|[from] item: Leftovers
|-boost|p1a: Yanmega|spe|1|[from] ability: Speed Boost
|turn|18
|c|âMohammad|r u serioud
|
|move|p1a: Yanmega|Air Slash|p2a: Ladies bar
|-damage|p2a: Ladies bar|44\/405
|-damage|p1a: Yanmega|182\/338|[from] item: Life Orb
|cant|p2a: Ladies bar|flinch
|
|-heal|p2a: Ladies bar|69\/405|[from] item: Leftovers
|-boost|p1a: Yanmega|spe|1|[from] ability: Speed Boost
|turn|19
|c|âMohammad|you deserve it
|c|âi ran away|r u serioud
|
|move|p2a: Ladies bar|Protect|p2a: Ladies bar
|-singleturn|p2a: Ladies bar|Protect
|move|p1a: Yanmega|Air Slash|p2a: Ladies bar
|-activate|p2a: Ladies bar|Protect
|
|-heal|p2a: Ladies bar|94\/405|[from] item: Leftovers
|turn|20
|
|move|p1a: Yanmega|Air Slash|p2a: Ladies bar
|-damage|p2a: Ladies bar|0 fnt
|-damage|p1a: Yanmega|149\/338|[from] item: Life Orb
|faint|p2a: Ladies bar
|
|
|switch|p2a: distraction|Tentacruel, M|363\/363
|turn|21
|
|move|p1a: Yanmega|Air Slash|p2a: distraction
|-crit|p2a: distraction
|-damage|p2a: distraction|132\/363
|-damage|p1a: Yanmega|116\/338|[from] item: Life Orb
|cant|p2a: distraction|flinch
|
|-heal|p2a: distraction|154\/363|[from] item: Leftovers
|turn|22
|
|move|p1a: Yanmega|Air Slash|p2a: distraction
|-damage|p2a: distraction|6\/363
|-damage|p1a: Yanmega|83\/338|[from] item: Life Orb
|cant|p2a: distraction|flinch
|
|-heal|p2a: distraction|28\/363|[from] item: Leftovers
|turn|23
|
|move|p1a: Yanmega|Bug Buzz|p2a: distraction
|-resisted|p2a: distraction
|-damage|p2a: distraction|0 fnt
|-damage|p1a: Yanmega|50\/338|[from] item: Life Orb
|faint|p2a: distraction
|
|
|switch|p2a: s-so special|Jirachi|351\/351
|turn|24
|
|move|p1a: Yanmega|Bug Buzz|p2a: s-so special
|-damage|p2a: s-so special|137\/351
|-damage|p1a: Yanmega|17\/338|[from] item: Life Orb
|move|p2a: s-so special|Fire Punch|p1a: Yanmega
|-supereffective|p1a: Yanmega
|-damage|p1a: Yanmega|0 fnt
|faint|p1a: Yanmega
|
|-heal|p2a: s-so special|158\/351|[from] item: Leftovers
|
|switch|p1a: Mienshao|Mienshao, F, shiny|272\/272
|turn|25
|
|switch|p2a: day on earth|Tangrowth, F|403\/403
|move|p1a: Mienshao|U-turn|p2a: day on earth
|-supereffective|p2a: day on earth
|-damage|p2a: day on earth|276\/403
|-damage|p1a: Mienshao|245\/272|[from] item: Life Orb
|
|switch|p1a: Alakazam|Alakazam-Mega, F, shiny|108\/252
|-ability|p1a: Alakazam|Regenerator|[from] ability: Trace|[of] p2a: day on earth
|
|-heal|p2a: day on earth|301\/403|[from] item: Leftovers
|turn|26
|
|move|p1a: Alakazam|Focus Blast|p2a: day on earth
|-damage|p2a: day on earth|8\/403
|move|p2a: day on earth|Knock Off|p1a: Alakazam
|-supereffective|p1a: Alakazam
|-damage|p1a: Alakazam|0 fnt
|faint|p1a: Alakazam
|
|-heal|p2a: day on earth|33\/403|[from] item: Leftovers
|
|switch|p1a: Mienshao|Mienshao, F, shiny|272\/272
|turn|27
|
|switch|p2a: s-so special|Jirachi|158\/351
|move|p1a: Mienshao|High Jump Kick|p2a: s-so special
|-damage|p2a: s-so special|0 fnt
|-damage|p1a: Mienshao|245\/272|[from] item: Life Orb
|faint|p2a: s-so special
|
|
|switch|p2a: day on earth|Tangrowth, F|167\/403
|turn|28
|
|move|p1a: Mienshao|High Jump Kick|p2a: day on earth
|-damage|p2a: day on earth|0 fnt
|-damage|p1a: Mienshao|218\/272|[from] item: Life Orb
|faint|p2a: day on earth
|
|win|Mohammad
|raw|Ladder updating...
|leave|Mohammad
|player|p1
|raw|Mohammad's rating: 1391 &rarr; <strong>1417<\/strong><br \/>(+26 for winning)
|raw|i ran away's rating: 1495 &rarr; <strong>1469<\/strong><br \/>(-26 for losing)