|join|i ran away
|join|teamtest239852
|player|p1|i ran away|244
|player|p2|teamtest239852|188
|gametype|singles
|gen|6
|tier|UU
|rated
|rule|Sleep Clause Mod: Limit one foe put to sleep
|rule|Species Clause: Limit one of each PokÃ©mon
|rule|OHKO Clause: OHKO moves are banned
|rule|Moody Clause: Moody is banned
|rule|Evasion Moves Clause: Evasion moves are banned
|rule|Endless Battle Clause: Forcing endless battles is banned
|rule|HP Percentage Mod: HP is shown in percentages
|clearpoke
|poke|p1|Cobalion
|poke|p1|Starmie
|poke|p1|Roserade, M
|poke|p1|Mienshao, M
|poke|p1|Dugtrio, M
|poke|p1|Kyurem
|poke|p2|Absol, F
|poke|p2|Crobat, M
|poke|p2|Granbull, M
|poke|p2|Slowking, M
|poke|p2|Blissey, F
|poke|p2|Haxorus, M, shiny
|rule|Swagger Clause: Swagger is banned
|rule|Baton Pass Clause: Limit one PokÃ©mon knowing Baton Pass
|teampreview
|
|start
|switch|p1a: silver and gold|Cobalion|364\/364
|switch|p2a: Slowking|Slowking, M|394\/394
|turn|1
|
|move|p1a: silver and gold|Stealth Rock|p2a: Slowking
|-sidestart|p2: teamtest239852|move: Stealth Rock
|move|p2a: Slowking|Thunder Wave|p1a: silver and gold
|-status|p1a: silver and gold|par
|
|turn|2
|
|move|p2a: Slowking|Psyshock|p1a: silver and gold
|-damage|p1a: silver and gold|294\/364 par
|move|p1a: silver and gold|Volt Switch|p2a: Slowking
|-supereffective|p2a: Slowking
|-damage|p2a: Slowking|308\/394
|
|switch|p1a: each song a light|Roserade, M|299\/299
|
|turn|3
|
|switch|p2a: Blissey|Blissey, F|713\/713
|-damage|p2a: Blissey|624\/713|[from] Stealth Rock
|move|p1a: each song a light|Sleep Powder|p2a: Blissey
|-status|p2a: Blissey|slp
|
|-heal|p2a: Blissey|668\/713 slp|[from] item: Leftovers
|turn|4
|
|move|p1a: each song a light|Sleep Powder|p2a: Blissey
|-fail|p2a: Blissey|slp
|cant|p2a: Blissey|slp
|
|-heal|p2a: Blissey|712\/713 slp|[from] item: Leftovers
|turn|5
|
|move|p1a: each song a light|Toxic Spikes|p2a: Blissey
|-sidestart|p2: teamtest239852|move: Toxic Spikes
|-curestatus|p2a: Blissey|slp
|move|p2a: Blissey|Stealth Rock|p1a: each song a light
|-sidestart|p1: i ran away|move: Stealth Rock
|
|-heal|p2a: Blissey|713\/713|[from] item: Leftovers
|turn|6
|
|switch|p1a: so breathing hurts|Kyurem|416\/416
|-damage|p1a: so breathing hurts|312\/416|[from] Stealth Rock
|-ability|p1a: so breathing hurts|Pressure
|move|p2a: Blissey|Seismic Toss|p1a: so breathing hurts
|-damage|p1a: so breathing hurts|212\/416
|
|-heal|p1a: so breathing hurts|238\/416|[from] item: Leftovers
|turn|7
|
|move|p1a: so breathing hurts|Substitute|p1a: so breathing hurts
|-start|p1a: so breathing hurts|Substitute
|-damage|p1a: so breathing hurts|134\/416
|move|p2a: Blissey|Seismic Toss|p1a: so breathing hurts
|-activate|p1a: so breathing hurts|Substitute|[damage]
|
|-heal|p1a: so breathing hurts|160\/416|[from] item: Leftovers
|turn|8
|
|move|p1a: so breathing hurts|Roost|p1a: so breathing hurts
|-heal|p1a: so breathing hurts|368\/416
|move|p2a: Blissey|Seismic Toss|p1a: so breathing hurts
|-end|p1a: so breathing hurts|Substitute
|
|-heal|p1a: so breathing hurts|394\/416|[from] item: Leftovers
|turn|9
|
|switch|p2a: Crobat|Crobat, M|374\/374
|-damage|p2a: Crobat|281\/374|[from] Stealth Rock
|move|p1a: so breathing hurts|Substitute|p1a: so breathing hurts
|-start|p1a: so breathing hurts|Substitute
|-damage|p1a: so breathing hurts|290\/416
|
|-heal|p2a: Crobat|304\/374|[from] item: Black Sludge
|-heal|p1a: so breathing hurts|316\/416|[from] item: Leftovers
|turn|10
|
|move|p2a: Crobat|Defog|p1a: so breathing hurts
|-sideend|p1: i ran away|Stealth Rock|[from] move: Defog|[of] p1a: so breathing hurts
|-sideend|p2: teamtest239852|Toxic Spikes|[from] move: Defog|[of] p2a: Crobat
|-sideend|p2: teamtest239852|Stealth Rock|[from] move: Defog|[of] p2a: Crobat
|move|p1a: so breathing hurts|Ice Beam|p2a: Crobat
|-supereffective|p2a: Crobat
|-damage|p2a: Crobat|0 fnt
|faint|p2a: Crobat
|
|-heal|p1a: so breathing hurts|342\/416|[from] item: Leftovers
|
|switch|p2a: Slowking|Slowking, M|394\/394
|turn|11
|
|switch|p1a: each song a light|Roserade, M|299\/299
|move|p2a: Slowking|Psyshock|p1a: each song a light
|-supereffective|p1a: each song a light
|-damage|p1a: each song a light|27\/299
|
|-heal|p1a: each song a light|45\/299|[from] item: Leftovers
|turn|12
|
|move|p1a: each song a light|Sleep Powder|p2a: Slowking|[miss]
|-miss|p1a: each song a light|p2a: Slowking
|move|p2a: Slowking|Psyshock|p1a: each song a light
|-supereffective|p1a: each song a light
|-damage|p1a: each song a light|0 fnt
|faint|p1a: each song a light
|
|
|switch|p1a: silver and gold|Cobalion|294\/364 par
|turn|13
|
|move|p2a: Slowking|Scald|p1a: silver and gold
|-damage|p1a: silver and gold|162\/364 par
|move|p1a: silver and gold|Stealth Rock|p2a: Slowking
|-sidestart|p2: teamtest239852|move: Stealth Rock
|
|-heal|p1a: silver and gold|184\/364 par|[from] item: Leftovers
|turn|14
|
|move|p2a: Slowking|Scald|p1a: silver and gold
|-damage|p1a: silver and gold|51\/364 par
|move|p1a: silver and gold|Volt Switch|p2a: Slowking
|-supereffective|p2a: Slowking
|-damage|p2a: Slowking|308\/394
|
|switch|p1a: pupils dilate|Mienshao, M|271\/271
|
|turn|15
|
|move|p1a: pupils dilate|U-turn|p2a: Slowking
|-supereffective|p2a: Slowking
|-damage|p2a: Slowking|166\/394
|-damage|p1a: pupils dilate|226\/271|[from] item: Rocky Helmet|[of] p2a: Slowking
|
|switch|p1a: silver and gold|Cobalion|51\/364 par
|move|p2a: Slowking|Slack Off|p2a: Slowking
|-heal|p2a: Slowking|363\/394
|
|-heal|p1a: silver and gold|73\/364 par|[from] item: Leftovers
|turn|16
|
|switch|p1a: longing for sunset|Starmie|261\/261
|move|p2a: Slowking|Scald|p1a: longing for sunset
|-resisted|p1a: longing for sunset
|-damage|p1a: longing for sunset|212\/261
|-status|p1a: longing for sunset|brn
|
|-heal|p1a: longing for sunset|228\/261 brn|[from] item: Leftovers
|-damage|p1a: longing for sunset|196\/261 brn|[from] brn
|turn|17
|
|move|p1a: longing for sunset|Scald|p2a: Slowking
|-resisted|p2a: Slowking
|-damage|p2a: Slowking|310\/394
|move|p2a: Slowking|Slack Off|p2a: Slowking
|-heal|p2a: Slowking|394\/394
|
|-heal|p1a: longing for sunset|212\/261 brn|[from] item: Leftovers
|-damage|p1a: longing for sunset|180\/261 brn|[from] brn
|turn|18
|
|switch|p2a: Blissey|Blissey, F|713\/713
|-damage|p2a: Blissey|624\/713|[from] Stealth Rock
|move|p1a: longing for sunset|Scald|p2a: Blissey
|-damage|p2a: Blissey|527\/713
|
|-heal|p1a: longing for sunset|196\/261 brn|[from] item: Leftovers
|-heal|p2a: Blissey|571\/713|[from] item: Leftovers
|-damage|p1a: longing for sunset|164\/261 brn|[from] brn
|turn|19
|
|switch|p1a: every defeat laugh|Dugtrio, M|211\/211
|move|p2a: Blissey|Toxic|p1a: every defeat laugh
|-status|p1a: every defeat laugh|tox
|
|-heal|p2a: Blissey|615\/713|[from] item: Leftovers
|-damage|p1a: every defeat laugh|198\/211 tox|[from] psn
|turn|20
|
|move|p1a: every defeat laugh|Earthquake|p2a: Blissey
|-damage|p2a: Blissey|242\/713
|move|p2a: Blissey|Stealth Rock|p1a: every defeat laugh
|-sidestart|p1: i ran away|move: Stealth Rock
|
|-heal|p2a: Blissey|286\/713|[from] item: Leftovers
|-damage|p1a: every defeat laugh|172\/211 tox|[from] psn
|turn|21
|
|move|p1a: every defeat laugh|Earthquake|p2a: Blissey
|-crit|p2a: Blissey
|-damage|p2a: Blissey|0 fnt
|faint|p2a: Blissey
|
|-damage|p1a: every defeat laugh|133\/211 tox|[from] psn
|
|switch|p2a: Absol|Absol, F|271\/271
|-damage|p2a: Absol|238\/271|[from] Stealth Rock
|turn|22
|
|detailschange|p2a: Absol|Absol-Mega, F
|message|Absol has Mega Evolved into Mega Absol!
|move|p2a: Absol|Sucker Punch|p1a: every defeat laugh
|-damage|p1a: every defeat laugh|0 fnt
|faint|p1a: every defeat laugh
|
|
|switch|p1a: pupils dilate|Mienshao, M|226\/271
|-damage|p1a: pupils dilate|210\/271|[from] Stealth Rock
|turn|23
|
|switch|p2a: Granbull|Granbull, M|384\/384
|-damage|p2a: Granbull|336\/384|[from] Stealth Rock
|-ability|p2a: Granbull|Intimidate|[of] p1a: pupils dilate
|-unboost|p1a: pupils dilate|atk|1
|move|p1a: pupils dilate|U-turn|p2a: Granbull
|-resisted|p2a: Granbull
|-damage|p2a: Granbull|314\/384
|
|switch|p1a: longing for sunset|Starmie|164\/261
|-damage|p1a: longing for sunset|132\/261|[from] Stealth Rock
|
|-heal|p1a: longing for sunset|148\/261|[from] item: Leftovers
|-heal|p2a: Granbull|338\/384|[from] item: Leftovers
|turn|24
|
|switch|p2a: Slowking|Slowking, M|394\/394
|-damage|p2a: Slowking|345\/394|[from] Stealth Rock
|move|p1a: longing for sunset|Rapid Spin|p2a: Slowking
|-damage|p2a: Slowking|336\/394
|-damage|p1a: longing for sunset|105\/261|[from] item: Rocky Helmet|[of] p2a: Slowking
|-sideend|p1: i ran away|Stealth Rock|[from] move: Rapid Spin|[of] p1a: longing for sunset
|
|-heal|p1a: longing for sunset|121\/261|[from] item: Leftovers
|turn|25
|
|move|p1a: longing for sunset|Recover|p1a: longing for sunset
|-heal|p1a: longing for sunset|252\/261
|move|p2a: Slowking|Scald|p1a: longing for sunset
|-resisted|p1a: longing for sunset
|-damage|p1a: longing for sunset|200\/261
|
|-heal|p1a: longing for sunset|216\/261|[from] item: Leftovers
|turn|26
|
|move|p1a: longing for sunset|Scald|p2a: Slowking
|-resisted|p2a: Slowking
|-damage|p2a: Slowking|282\/394
|move|p2a: Slowking|Scald|p1a: longing for sunset
|-resisted|p1a: longing for sunset
|-damage|p1a: longing for sunset|166\/261
|
|-heal|p1a: longing for sunset|182\/261|[from] item: Leftovers
|turn|27
|
|move|p1a: longing for sunset|Scald|p2a: Slowking
|-resisted|p2a: Slowking
|-damage|p2a: Slowking|230\/394
|-status|p2a: Slowking|brn
|move|p2a: Slowking|Scald|p1a: longing for sunset
|-resisted|p1a: longing for sunset
|-damage|p1a: longing for sunset|127\/261
|
|-heal|p1a: longing for sunset|143\/261|[from] item: Leftovers
|-damage|p2a: Slowking|181\/394 brn|[from] brn
|turn|28
|
|move|p1a: longing for sunset|Recover|p1a: longing for sunset
|-heal|p1a: longing for sunset|261\/261
|move|p2a: Slowking|Slack Off|p2a: Slowking
|-heal|p2a: Slowking|378\/394 brn
|
|-damage|p2a: Slowking|329\/394 brn|[from] brn
|turn|29
|
|move|p1a: longing for sunset|Scald|p2a: Slowking
|-resisted|p2a: Slowking
|-damage|p2a: Slowking|278\/394 brn
|move|p2a: Slowking|Scald|p1a: longing for sunset
|-resisted|p1a: longing for sunset
|-damage|p1a: longing for sunset|208\/261
|-status|p1a: longing for sunset|brn
|
|-heal|p1a: longing for sunset|224\/261 brn|[from] item: Leftovers
|-damage|p1a: longing for sunset|192\/261 brn|[from] brn
|-damage|p2a: Slowking|229\/394 brn|[from] brn
|turn|30
|
|switch|p1a: so breathing hurts|Kyurem|342\/416
|-ability|p1a: so breathing hurts|Pressure
|switch|p2a: Granbull|Granbull, M|338\/384
|-damage|p2a: Granbull|290\/384|[from] Stealth Rock
|-ability|p2a: Granbull|Intimidate|[of] p1a: so breathing hurts
|-unboost|p1a: so breathing hurts|atk|1
|
|-heal|p1a: so breathing hurts|368\/416|[from] item: Leftovers
|-heal|p2a: Granbull|314\/384|[from] item: Leftovers
|turn|31
|
|switch|p1a: longing for sunset|Starmie|192\/261
|move|p2a: Granbull|Heal Bell|p2a: Granbull
|-cureteam|p2a: Granbull|[from] move: HealBell
|
|-heal|p1a: longing for sunset|208\/261|[from] item: Leftovers
|-heal|p2a: Granbull|338\/384|[from] item: Leftovers
|turn|32
|
|move|p1a: longing for sunset|Scald|p2a: Granbull
|-damage|p2a: Granbull|148\/384
|-status|p2a: Granbull|brn
|move|p2a: Granbull|Play Rough|p1a: longing for sunset
|-damage|p1a: longing for sunset|133\/261
|-unboost|p1a: longing for sunset|atk|1
|
|-heal|p1a: longing for sunset|149\/261|[from] item: Leftovers
|-heal|p2a: Granbull|172\/384 brn|[from] item: Leftovers
|-damage|p2a: Granbull|124\/384 brn|[from] brn
|turn|33
|
|move|p1a: longing for sunset|Scald|p2a: Granbull
|-damage|p2a: Granbull|0 fnt
|faint|p2a: Granbull
|
|-heal|p1a: longing for sunset|165\/261|[from] item: Leftovers
|
|switch|p2a: Haxorus|Haxorus, M, shiny|301\/301
|-damage|p2a: Haxorus|264\/301|[from] Stealth Rock
|-ability|p2a: Haxorus|Mold Breaker
|turn|34
|
|move|p1a: longing for sunset|Ice Beam|p2a: Haxorus
|-supereffective|p2a: Haxorus
|-damage|p2a: Haxorus|16\/301
|move|p2a: Haxorus|Dragon Dance|p2a: Haxorus
|-boost|p2a: Haxorus|atk|1
|-boost|p2a: Haxorus|spe|1
|
|-heal|p1a: longing for sunset|181\/261|[from] item: Leftovers
|turn|35
|
|switch|p1a: silver and gold|Cobalion|73\/364 par
|move|p2a: Haxorus|Dragon Dance|p2a: Haxorus
|-boost|p2a: Haxorus|atk|1
|-boost|p2a: Haxorus|spe|1
|
|-heal|p1a: silver and gold|95\/364 par|[from] item: Leftovers
|turn|36
|
|move|p2a: Haxorus|Earthquake|p1a: silver and gold
|-supereffective|p1a: silver and gold
|-damage|p1a: silver and gold|0 fnt
|faint|p1a: silver and gold
|
|
|switch|p1a: pupils dilate|Mienshao, M|210\/271
|turn|37
|
|move|p2a: Haxorus|Dragon Claw|p1a: pupils dilate
|-damage|p1a: pupils dilate|0 fnt
|faint|p1a: pupils dilate
|
|-message|i ran away forfeited.
|
|win|teamtest239852
|raw|Ladder updating...
|leave|i ran away
|player|p1
|c|âteamtest239852|gg