|join|i ran away
|join|benatho
|player|p1|i ran away|244
|player|p2|benatho|17
|gametype|singles
|gen|6
|tier|UU
|rated
|rule|Sleep Clause Mod: Limit one foe put to sleep
|rule|Species Clause: Limit one of each PokÃ©mon
|rule|OHKO Clause: OHKO moves are banned
|rule|Moody Clause: Moody is banned
|rule|Evasion Moves Clause: Evasion moves are banned
|rule|Endless Battle Clause: Forcing endless battles is banned
|rule|HP Percentage Mod: HP is shown in percentages
|clearpoke
|poke|p1|Fletchinder, F
|poke|p1|Swampert, F
|poke|p1|Crobat, M
|poke|p1|Whimsicott, M
|poke|p1|Blissey, F
|poke|p1|Mienshao, M
|poke|p2|Toxicroak, F, shiny
|poke|p2|Empoleon, M
|poke|p2|Hydreigon, F
|poke|p2|Slowking, F
|poke|p2|Pidgeot, M
|poke|p2|Machamp, M
|rule|Swagger Clause: Swagger is banned
|rule|Baton Pass Clause: Limit one PokÃ©mon knowing Baton Pass
|teampreview
|
|start
|switch|p1a: forkrul|Mienshao, M|271\/271
|switch|p2a: Hydreigon|Hydreigon, F|325\/325
|turn|1
|
|move|p2a: Hydreigon|Draco Meteor|p1a: forkrul
|-damage|p1a: forkrul|0 fnt
|-unboost|p2a: Hydreigon|spa|2
|faint|p1a: forkrul
|
|
|switch|p1a: medicine|Whimsicott, M|261\/261
|turn|2
|
|switch|p2a: Toxicroak|Toxicroak, F, shiny|370\/370
|move|p1a: medicine|U-turn|p2a: Toxicroak
|-resisted|p2a: Toxicroak
|-damage|p2a: Toxicroak|357\/370
|
|switch|p1a: vogel|Fletchinder, F|291\/291
|
|turn|3
|
|move|p1a: vogel|Will-O-Wisp|p2a: Toxicroak
|-status|p2a: Toxicroak|brn
|move|p2a: Toxicroak|Poison Jab|p1a: vogel
|-damage|p1a: vogel|145\/291
|-status|p1a: vogel|psn
|-damage|p2a: Toxicroak|320\/370 brn|[from] item: Life Orb
|
|-damage|p1a: vogel|109\/291 psn|[from] psn
|-damage|p2a: Toxicroak|274\/370 brn|[from] brn
|turn|4
|
|move|p2a: Toxicroak|Sucker Punch|p1a: vogel
|-fail|p1a: vogel
|move|p1a: vogel|Will-O-Wisp|p2a: Toxicroak
|-fail|p2a: Toxicroak|brn
|
|-damage|p1a: vogel|73\/291 psn|[from] psn
|-damage|p2a: Toxicroak|228\/370 brn|[from] brn
|turn|5
|
|move|p1a: vogel|Roost|p1a: vogel
|-heal|p1a: vogel|219\/291 psn
|move|p2a: Toxicroak|Swords Dance|p2a: Toxicroak
|-boost|p2a: Toxicroak|atk|2
|
|-damage|p1a: vogel|183\/291 psn|[from] psn
|-damage|p2a: Toxicroak|182\/370 brn|[from] brn
|turn|6
|
|move|p1a: vogel|Acrobatics|p2a: Toxicroak
|-supereffective|p2a: Toxicroak
|-damage|p2a: Toxicroak|0 fnt
|faint|p2a: Toxicroak
|
|-damage|p1a: vogel|147\/291 psn|[from] psn
|
|switch|p2a: Empoleon|Empoleon, M|372\/372
|turn|7
|
|move|p1a: vogel|Will-O-Wisp|p2a: Empoleon|[miss]
|-miss|p1a: vogel|p2a: Empoleon
|move|p2a: Empoleon|Stealth Rock|p1a: vogel
|-sidestart|p1: i ran away|move: Stealth Rock
|
|-damage|p1a: vogel|111\/291 psn|[from] psn
|turn|8
|
|move|p1a: vogel|Will-O-Wisp|p2a: Empoleon|[miss]
|-miss|p1a: vogel|p2a: Empoleon
|move|p2a: Empoleon|Scald|p1a: vogel
|-supereffective|p1a: vogel
|-damage|p1a: vogel|0 fnt
|faint|p1a: vogel
|
|
|switch|p1a: rocksolid|Swampert, F|403\/403
|-damage|p1a: rocksolid|378\/403|[from] Stealth Rock
|turn|9
|
|switch|p2a: Slowking|Slowking, F|394\/394
|move|p1a: rocksolid|Stealth Rock|p2a: Slowking
|-sidestart|p2: benatho|move: Stealth Rock
|
|-heal|p1a: rocksolid|403\/403|[from] item: Leftovers
|turn|10
|
|switch|p1a: denul|Blissey, F|714\/714
|-damage|p1a: denul|625\/714|[from] Stealth Rock
|move|p2a: Slowking|Fire Blast|p1a: denul
|-damage|p1a: denul|540\/714
|
|-heal|p1a: denul|584\/714|[from] item: Leftovers
|turn|11
|
|switch|p2a: Empoleon|Empoleon, M|372\/372
|-damage|p2a: Empoleon|349\/372|[from] Stealth Rock
|move|p1a: denul|Toxic|p2a: Empoleon
|-fail|p2a: Empoleon
|
|-heal|p2a: Empoleon|372\/372|[from] item: Leftovers
|-heal|p1a: denul|628\/714|[from] item: Leftovers
|turn|12
|
|move|p2a: Empoleon|Defog|p1a: denul
|-unboost|p1a: denul|evasion|1
|-sideend|p1: i ran away|Stealth Rock|[from] move: Defog|[of] p1a: denul
|-sideend|p2: benatho|Stealth Rock|[from] move: Defog|[of] p2a: Empoleon
|move|p1a: denul|Seismic Toss|p2a: Empoleon
|-damage|p2a: Empoleon|272\/372
|
|-heal|p2a: Empoleon|295\/372|[from] item: Leftovers
|-heal|p1a: denul|672\/714|[from] item: Leftovers
|turn|13
|
|switch|p1a: rocksolid|Swampert, F|403\/403
|move|p2a: Empoleon|Stealth Rock|p1a: rocksolid
|-sidestart|p1: i ran away|move: Stealth Rock
|
|-heal|p2a: Empoleon|318\/372|[from] item: Leftovers
|turn|14
|
|switch|p2a: Slowking|Slowking, F|394\/394
|move|p1a: rocksolid|Stealth Rock|p2a: Slowking
|-sidestart|p2: benatho|move: Stealth Rock
|
|turn|15
|
|switch|p1a: denul|Blissey, F|672\/714
|-damage|p1a: denul|583\/714|[from] Stealth Rock
|switch|p2a: Machamp|Machamp, M|384\/384
|-damage|p2a: Machamp|360\/384|[from] Stealth Rock
|
|-heal|p1a: denul|627\/714|[from] item: Leftovers
|turn|16
|
|switch|p1a: throw me|Crobat, M|373\/373
|-damage|p1a: throw me|280\/373|[from] Stealth Rock
|move|p2a: Machamp|Bullet Punch|p1a: throw me
|-damage|p1a: throw me|226\/373
|
|-heal|p1a: throw me|249\/373|[from] item: Leftovers
|turn|17
|
|switch|p2a: Empoleon|Empoleon, M|318\/372
|-damage|p2a: Empoleon|295\/372|[from] Stealth Rock
|move|p1a: throw me|Roost|p1a: throw me
|-heal|p1a: throw me|373\/373
|
|-heal|p2a: Empoleon|318\/372|[from] item: Leftovers
|turn|18
|
|move|p1a: throw me|U-turn|p2a: Empoleon
|-resisted|p2a: Empoleon
|-damage|p2a: Empoleon|293\/372
|
|switch|p1a: rocksolid|Swampert, F|403\/403
|-damage|p1a: rocksolid|378\/403|[from] Stealth Rock
|move|p2a: Empoleon|Scald|p1a: rocksolid
|-damage|p1a: rocksolid|263\/403
|
|-heal|p2a: Empoleon|316\/372|[from] item: Leftovers
|-heal|p1a: rocksolid|288\/403|[from] item: Leftovers
|turn|19
|
|switch|p2a: Slowking|Slowking, F|394\/394
|-damage|p2a: Slowking|345\/394|[from] Stealth Rock
|move|p1a: rocksolid|Earthquake|p2a: Slowking
|-damage|p2a: Slowking|197\/394
|
|-heal|p1a: rocksolid|313\/403|[from] item: Leftovers
|turn|20
|
|move|p1a: rocksolid|Protect|p1a: rocksolid
|-singleturn|p1a: rocksolid|Protect
|move|p2a: Slowking|Grass Knot|p1a: rocksolid
|-activate|p1a: rocksolid|Protect
|
|-heal|p1a: rocksolid|338\/403|[from] item: Leftovers
|turn|21
|
|switch|p1a: medicine|Whimsicott, M|261\/261
|-damage|p1a: medicine|229\/261|[from] Stealth Rock
|move|p2a: Slowking|Psyshock|p1a: medicine
|-damage|p1a: medicine|81\/261
|
|turn|22
|
|switch|p2a: Empoleon|Empoleon, M|316\/372
|-damage|p2a: Empoleon|293\/372|[from] Stealth Rock
|move|p1a: medicine|Giga Drain|p2a: Empoleon
|-damage|p2a: Empoleon|187\/372
|-heal|p1a: medicine|134\/261|[from] drain|[of] p2a: Empoleon
|
|-heal|p2a: Empoleon|210\/372|[from] item: Leftovers
|turn|23
|
|move|p1a: medicine|Giga Drain|p2a: Empoleon
|-damage|p2a: Empoleon|104\/372
|-heal|p1a: medicine|187\/261|[from] drain|[of] p2a: Empoleon
|move|p2a: Empoleon|Flash Cannon|p1a: medicine
|-supereffective|p1a: medicine
|-damage|p1a: medicine|0 fnt
|faint|p1a: medicine
|
|-heal|p2a: Empoleon|127\/372|[from] item: Leftovers
|
|switch|p1a: rocksolid|Swampert, F|338\/403
|-damage|p1a: rocksolid|313\/403|[from] Stealth Rock
|turn|24
|
|move|p2a: Empoleon|Defog|p1a: rocksolid
|-unboost|p1a: rocksolid|evasion|1
|-sideend|p1: i ran away|Stealth Rock|[from] move: Defog|[of] p1a: rocksolid
|-sideend|p2: benatho|Stealth Rock|[from] move: Defog|[of] p2a: Empoleon
|move|p1a: rocksolid|Earthquake|p2a: Empoleon
|-crit|p2a: Empoleon
|-supereffective|p2a: Empoleon
|-damage|p2a: Empoleon|0 fnt
|faint|p2a: Empoleon
|
|-heal|p1a: rocksolid|338\/403|[from] item: Leftovers
|
|switch|p2a: Slowking|Slowking, F|328\/394
|turn|25
|
|move|p1a: rocksolid|Protect|p1a: rocksolid
|-singleturn|p1a: rocksolid|Protect
|move|p2a: Slowking|Grass Knot|p1a: rocksolid
|-activate|p1a: rocksolid|Protect
|
|-heal|p1a: rocksolid|363\/403|[from] item: Leftovers
|turn|26
|
|switch|p1a: denul|Blissey, F|627\/714
|move|p2a: Slowking|Psyshock|p1a: denul
|-crit|p1a: denul
|-damage|p1a: denul|230\/714
|
|-heal|p1a: denul|274\/714|[from] item: Leftovers
|turn|27
|
|move|p1a: denul|Toxic|p2a: Slowking
|-status|p2a: Slowking|tox
|move|p2a: Slowking|Psyshock|p1a: denul
|-damage|p1a: denul|16\/714
|
|-heal|p1a: denul|60\/714|[from] item: Leftovers
|-damage|p2a: Slowking|304\/394 tox|[from] psn
|turn|28
|
|switch|p2a: Machamp|Machamp, M|360\/384
|move|p1a: denul|Soft-Boiled|p1a: denul
|-heal|p1a: denul|417\/714
|
|-heal|p1a: denul|461\/714|[from] item: Leftovers
|turn|29
|
|switch|p1a: throw me|Crobat, M|373\/373
|move|p2a: Machamp|Dynamic Punch|p1a: throw me
|-resisted|p1a: throw me
|-damage|p1a: throw me|319\/373
|-start|p1a: throw me|confusion
|
|-heal|p1a: throw me|342\/373|[from] item: Leftovers
|turn|30
|
|-activate|p1a: throw me|confusion
|move|p1a: throw me|Brave Bird|p2a: Machamp
|-supereffective|p2a: Machamp
|-damage|p2a: Machamp|102\/384
|-damage|p1a: throw me|257\/373|[from] recoil|[of] p2a: Machamp
|move|p2a: Machamp|Ice Punch|p1a: throw me
|-supereffective|p1a: throw me
|-damage|p1a: throw me|47\/373
|
|-heal|p1a: throw me|70\/373|[from] item: Leftovers
|turn|31
|
|move|p2a: Machamp|Bullet Punch|p1a: throw me
|-damage|p1a: throw me|11\/373
|-activate|p1a: throw me|confusion
|-damage|p1a: throw me|0 fnt|[from] confusion
|faint|p1a: throw me
|
|
|switch|p1a: rocksolid|Swampert, F|363\/403
|turn|32
|
|switch|p2a: Slowking|Slowking, F|394\/394 tox
|move|p1a: rocksolid|Earthquake|p2a: Slowking
|-damage|p2a: Slowking|228\/394 tox
|
|-heal|p1a: rocksolid|388\/403|[from] item: Leftovers
|-damage|p2a: Slowking|204\/394 tox|[from] psn
|turn|33
|
|move|p1a: rocksolid|Protect|p1a: rocksolid
|-singleturn|p1a: rocksolid|Protect
|move|p2a: Slowking|Grass Knot|p1a: rocksolid
|-activate|p1a: rocksolid|Protect
|
|-heal|p1a: rocksolid|403\/403|[from] item: Leftovers
|-damage|p2a: Slowking|156\/394 tox|[from] psn
|turn|34
|
|switch|p1a: denul|Blissey, F|461\/714
|switch|p2a: Pidgeot|Pidgeot, M|307\/307
|
|-heal|p1a: denul|505\/714|[from] item: Leftovers
|turn|35
|
|detailschange|p2a: Pidgeot|Pidgeot-Mega, M
|message|Pidgeot has Mega Evolved into Mega Pidgeot!
|move|p2a: Pidgeot|Hurricane|p1a: denul
|-damage|p1a: denul|366\/714
|-start|p1a: denul|confusion
|-activate|p1a: denul|confusion
|move|p1a: denul|Toxic|p2a: Pidgeot
|-status|p2a: Pidgeot|tox
|
|-heal|p1a: denul|410\/714|[from] item: Leftovers
|-damage|p2a: Pidgeot|288\/307 tox|[from] psn
|turn|36
|
|switch|p2a: Machamp|Machamp, M|102\/384
|-activate|p1a: denul|confusion
|move|p1a: denul|Soft-Boiled|p1a: denul
|-heal|p1a: denul|714\/714
|
|turn|37
|
|switch|p1a: rocksolid|Swampert, F|403\/403
|move|p2a: Machamp|Dynamic Punch|p1a: rocksolid
|-damage|p1a: rocksolid|247\/403
|-start|p1a: rocksolid|confusion
|
|-heal|p1a: rocksolid|272\/403|[from] item: Leftovers
|turn|38
|
|switch|p2a: Pidgeot|Pidgeot-Mega, M|288\/307 tox
|-activate|p1a: rocksolid|confusion
|-damage|p1a: rocksolid|245\/403|[from] confusion
|
|-heal|p1a: rocksolid|270\/403|[from] item: Leftovers
|-damage|p2a: Pidgeot|269\/307 tox|[from] psn
|turn|39
|
|switch|p1a: denul|Blissey, F|714\/714
|move|p2a: Pidgeot|Hurricane|p1a: denul
|-damage|p1a: denul|563\/714
|
|-heal|p1a: denul|607\/714|[from] item: Leftovers
|-damage|p2a: Pidgeot|231\/307 tox|[from] psn
|turn|40
|
|move|p2a: Pidgeot|Quick Attack|p1a: denul
|-damage|p1a: denul|525\/714
|move|p1a: denul|Seismic Toss|p2a: Pidgeot
|-damage|p2a: Pidgeot|131\/307 tox
|
|-heal|p1a: denul|569\/714|[from] item: Leftovers
|-damage|p2a: Pidgeot|74\/307 tox|[from] psn
|turn|41
|
|move|p2a: Pidgeot|Roost|p2a: Pidgeot
|-heal|p2a: Pidgeot|228\/307 tox
|move|p1a: denul|Seismic Toss|p2a: Pidgeot
|-damage|p2a: Pidgeot|128\/307 tox
|
|-heal|p1a: denul|613\/714|[from] item: Leftovers
|-damage|p2a: Pidgeot|52\/307 tox|[from] psn
|turn|42
|
|move|p2a: Pidgeot|Hurricane|p1a: denul
|-damage|p1a: denul|462\/714
|-start|p1a: denul|confusion
|-activate|p1a: denul|confusion
|-damage|p1a: denul|447\/714|[from] confusion
|
|-heal|p1a: denul|491\/714|[from] item: Leftovers
|-damage|p2a: Pidgeot|0 fnt|[from] psn
|faint|p2a: Pidgeot
|
|switch|p2a: Machamp|Machamp, M|102\/384
|turn|43
|
|switch|p1a: rocksolid|Swampert, F|270\/403
|move|p2a: Machamp|Dynamic Punch|p1a: rocksolid
|-damage|p1a: rocksolid|119\/403
|-start|p1a: rocksolid|confusion
|
|-heal|p1a: rocksolid|144\/403|[from] item: Leftovers
|turn|44
|
|switch|p2a: Hydreigon|Hydreigon, F|325\/325
|-activate|p1a: rocksolid|confusion
|move|p1a: rocksolid|Protect|p1a: rocksolid
|-fail|p1a: rocksolid
|
|-heal|p1a: rocksolid|169\/403|[from] item: Leftovers
|turn|45
|
|-end|p1a: rocksolid|confusion
|move|p1a: rocksolid|Protect|p1a: rocksolid
|-singleturn|p1a: rocksolid|Protect
|move|p2a: Hydreigon|U-turn|p1a: rocksolid
|-activate|p1a: rocksolid|Protect
|
|-heal|p1a: rocksolid|194\/403|[from] item: Leftovers
|turn|46
|
|switch|p2a: Slowking|Slowking, F|287\/394 tox
|move|p1a: rocksolid|Stealth Rock|p2a: Slowking
|-sidestart|p2: benatho|move: Stealth Rock
|
|-heal|p1a: rocksolid|219\/403|[from] item: Leftovers
|-damage|p2a: Slowking|263\/394 tox|[from] psn
|turn|47
|
|switch|p2a: Hydreigon|Hydreigon, F|325\/325
|-damage|p2a: Hydreigon|285\/325|[from] Stealth Rock
|move|p1a: rocksolid|Protect|p1a: rocksolid
|-fail|p1a: rocksolid
|
|-heal|p1a: rocksolid|244\/403|[from] item: Leftovers
|turn|48
|
|move|p1a: rocksolid|Protect|p1a: rocksolid
|-singleturn|p1a: rocksolid|Protect
|move|p2a: Hydreigon|Draco Meteor|p1a: rocksolid
|-activate|p1a: rocksolid|Protect
|
|-heal|p1a: rocksolid|269\/403|[from] item: Leftovers
|turn|49
|
|switch|p2a: Machamp|Machamp, M|102\/384
|-damage|p2a: Machamp|78\/384|[from] Stealth Rock
|switch|p1a: denul|Blissey, F|491\/714
|
|-heal|p1a: denul|535\/714|[from] item: Leftovers
|turn|50
|
|switch|p1a: rocksolid|Swampert, F|269\/403
|move|p2a: Machamp|Dynamic Punch|p1a: rocksolid
|-damage|p1a: rocksolid|124\/403
|-start|p1a: rocksolid|confusion
|
|-heal|p1a: rocksolid|149\/403|[from] item: Leftovers
|turn|51
|
|switch|p2a: Hydreigon|Hydreigon, F|285\/325
|-damage|p2a: Hydreigon|245\/325|[from] Stealth Rock
|-activate|p1a: rocksolid|confusion
|-damage|p1a: rocksolid|120\/403|[from] confusion
|
|-heal|p1a: rocksolid|145\/403|[from] item: Leftovers
|turn|52
|
|-end|p1a: rocksolid|confusion
|move|p1a: rocksolid|Protect|p1a: rocksolid
|-singleturn|p1a: rocksolid|Protect
|move|p2a: Hydreigon|Draco Meteor|p1a: rocksolid
|-activate|p1a: rocksolid|Protect
|
|-heal|p1a: rocksolid|170\/403|[from] item: Leftovers
|turn|53
|
|switch|p1a: denul|Blissey, F|535\/714
|move|p2a: Hydreigon|Draco Meteor|p1a: denul
|-damage|p1a: denul|381\/714
|-unboost|p2a: Hydreigon|spa|2
|
|-heal|p1a: denul|425\/714|[from] item: Leftovers
|turn|54
|
|switch|p2a: Slowking|Slowking, F|394\/394 tox
|-damage|p2a: Slowking|345\/394 tox|[from] Stealth Rock
|move|p1a: denul|Seismic Toss|p2a: Slowking
|-damage|p2a: Slowking|245\/394 tox
|
|-heal|p1a: denul|469\/714|[from] item: Leftovers
|-damage|p2a: Slowking|221\/394 tox|[from] psn
|turn|55
|
|move|p1a: denul|Soft-Boiled|p1a: denul
|-heal|p1a: denul|714\/714
|move|p2a: Slowking|Psyshock|p1a: denul
|-damage|p1a: denul|461\/714
|
|-heal|p1a: denul|505\/714|[from] item: Leftovers
|-damage|p2a: Slowking|173\/394 tox|[from] psn
|turn|56
|
|switch|p2a: Machamp|Machamp, M|78\/384
|-damage|p2a: Machamp|54\/384|[from] Stealth Rock
|move|p1a: denul|Soft-Boiled|p1a: denul
|-heal|p1a: denul|714\/714
|
|turn|57
|
|move|p1a: denul|Seismic Toss|p2a: Machamp
|-damage|p2a: Machamp|0 fnt
|faint|p2a: Machamp
|
|
|switch|p2a: Hydreigon|Hydreigon, F|245\/325
|-damage|p2a: Hydreigon|205\/325|[from] Stealth Rock
|turn|58
|
|move|p2a: Hydreigon|U-turn|p1a: denul
|-damage|p1a: denul|602\/714
|
|switch|p2a: Slowking|Slowking, F|304\/394 tox
|-damage|p2a: Slowking|255\/394 tox|[from] Stealth Rock
|move|p1a: denul|Toxic|p2a: Slowking
|-fail|p2a: Slowking|tox
|
|-heal|p1a: denul|646\/714|[from] item: Leftovers
|-damage|p2a: Slowking|231\/394 tox|[from] psn
|turn|59
|c|âbenatho|im not watching you toxic\/stall
|-message|benatho forfeited.
|
|win|i ran away
|raw|Ladder updating...
|leave|benatho
|player|p2
|raw|i ran away's rating: 1349 &rarr; <strong>1364<\/strong><br \/>(+15 for winning)
|raw|benatho's rating: 1255 &rarr; <strong>1237<\/strong><br \/>(-18 for losing)