|join|i ran away
|join|viaw
|player|p1|i ran away|20
|player|p2|viaw|286
|gametype|singles
|gen|6
|tier|UU
|rated
|rule|Sleep Clause Mod: Limit one foe put to sleep
|rule|Species Clause: Limit one of each PokÃ©mon
|rule|OHKO Clause: OHKO moves are banned
|rule|Moody Clause: Moody is banned
|rule|Evasion Moves Clause: Evasion moves are banned
|rule|Endless Battle Clause: Forcing endless battles is banned
|rule|HP Percentage Mod: HP is shown in percentages
|clearpoke
|poke|p1|Alakazam, M
|poke|p1|Tangrowth, M
|poke|p1|Crobat, M
|poke|p1|Empoleon, M
|poke|p1|Ampharos, F
|poke|p1|Fletchinder, M
|poke|p2|Blissey, F, shiny
|poke|p2|Nidoqueen, F
|poke|p2|Granbull, M
|poke|p2|Gallade, M
|poke|p2|Forretress, M
|poke|p2|Alomomola, M
|rule|Swagger Clause: Swagger is banned
|rule|Baton Pass Clause: Limit one PokÃ©mon knowing Baton Pass
|teampreview
|c|âviaw|linda
|c|âviaw|<3
|c|âi ran away|<3
|
|start
|switch|p1a: kleinervogel|Fletchinder, M|291\/291
|switch|p2a: Gallade|Gallade, M|278\/278
|turn|1
|
|switch|p2a: Alomomola|Alomomola, M|534\/534
|move|p1a: kleinervogel|Acrobatics|p2a: Alomomola
|-damage|p2a: Alomomola|408\/534
|-damage|p1a: kleinervogel|243\/291|[from] item: Rocky Helmet|[of] p2a: Alomomola
|
|turn|2
|
|switch|p2a: Gallade|Gallade, M|278\/278
|move|p1a: kleinervogel|Will-O-Wisp|p2a: Gallade|[miss]
|-miss|p1a: kleinervogel|p2a: Gallade
|
|turn|3
|
|switch|p2a: Alomomola|Alomomola, M|534\/534
|move|p1a: kleinervogel|Will-O-Wisp|p2a: Alomomola
|-status|p2a: Alomomola|brn
|
|-damage|p2a: Alomomola|468\/534 brn|[from] brn
|turn|4
|
|switch|p1a: Ampharos|Ampharos, F|383\/383
|move|p2a: Alomomola|Toxic|p1a: Ampharos
|-status|p1a: Ampharos|tox
|
|-damage|p2a: Alomomola|402\/534 brn|[from] brn
|-damage|p1a: Ampharos|360\/383 tox|[from] psn
|turn|5
|
|switch|p2a: bless u|Blissey, F, shiny|714\/714
|detailschange|p1a: Ampharos|Ampharos-Mega, F
|message|Ampharos has Mega Evolved into Mega Ampharos!
|-ability|p1a: Ampharos|Mold Breaker
|move|p1a: Ampharos|Dragon Pulse|p2a: bless u
|-damage|p2a: bless u|596\/714
|
|-heal|p2a: bless u|640\/714|[from] item: Leftovers
|-damage|p1a: Ampharos|314\/383 tox|[from] psn
|turn|6
|
|move|p2a: bless u|Wish|p2a: bless u
|move|p1a: Ampharos|Volt Switch|p2a: bless u
|-damage|p2a: bless u|540\/714
|
|switch|p1a: Crobat|Crobat, M|311\/311
|
|-heal|p2a: bless u|584\/714|[from] item: Leftovers
|turn|7
|
|switch|p2a: Forretress|Forretress, M|354\/354
|move|p1a: Crobat|U-turn|p2a: Forretress
|-resisted|p2a: Forretress
|-damage|p2a: Forretress|326\/354
|
|switch|p1a: kleinervogel|Fletchinder, M|243\/291
|
|-heal|p2a: Forretress|354\/354|[from] move: Wish|[wisher] bless u
|turn|8
|
|move|p1a: kleinervogel|Will-O-Wisp|p2a: Forretress
|-status|p2a: Forretress|brn
|move|p2a: Forretress|Stealth Rock|p1a: kleinervogel
|-sidestart|p1: i ran away|move: Stealth Rock
|
|-damage|p2a: Forretress|310\/354 brn|[from] brn
|turn|9
|
|move|p1a: kleinervogel|Swords Dance|p1a: kleinervogel
|-boost|p1a: kleinervogel|atk|2
|move|p2a: Forretress|Volt Switch|p1a: kleinervogel
|-supereffective|p1a: kleinervogel
|-damage|p1a: kleinervogel|115\/291
|
|switch|p2a: Alomomola|Alomomola, M|534\/534 brn
|
|-damage|p2a: Alomomola|468\/534 brn|[from] brn
|turn|10
|
|switch|p1a: Empoleon|Empoleon, M|371\/371
|-damage|p1a: Empoleon|348\/371|[from] Stealth Rock
|move|p2a: Alomomola|Scald|p1a: Empoleon
|-resisted|p1a: Empoleon
|-damage|p1a: Empoleon|332\/371
|-status|p1a: Empoleon|brn
|
|-heal|p1a: Empoleon|355\/371 brn|[from] item: Leftovers
|-damage|p2a: Alomomola|402\/534 brn|[from] brn
|-damage|p1a: Empoleon|309\/371 brn|[from] brn
|turn|11
|
|switch|p2a: Gallade|Gallade, M|278\/278
|move|p1a: Empoleon|Defog|p2a: Gallade
|-unboost|p2a: Gallade|evasion|1
|-sideend|p1: i ran away|Stealth Rock|[from] move: Defog|[of] p1a: Empoleon
|
|-heal|p1a: Empoleon|332\/371 brn|[from] item: Leftovers
|-damage|p1a: Empoleon|286\/371 brn|[from] brn
|turn|12
|
|switch|p1a: Tangrowth|Tangrowth, M|403\/403
|detailschange|p2a: Gallade|Gallade-Mega, M
|message|Gallade has Mega Evolved into Mega Gallade!
|move|p2a: Gallade|Knock Off|p1a: Tangrowth
|-damage|p1a: Tangrowth|323\/403
|-enditem|p1a: Tangrowth|Leftovers|[from] move: Knock Off|[of] p2a: Gallade
|
|turn|13
|
|switch|p2a: 2 qt|Granbull, M|384\/384
|-ability|p2a: 2 qt|Intimidate|[of] p1a: Tangrowth
|-unboost|p1a: Tangrowth|atk|1
|move|p1a: Tangrowth|Leech Seed|p2a: 2 qt
|-start|p2a: 2 qt|move: Leech Seed
|
|-damage|p2a: 2 qt|336\/384|[from] Leech Seed|[of] p1a: Tangrowth
|-heal|p1a: Tangrowth|371\/403|[silent]
|turn|14
|
|switch|p1a: kleinervogel|Fletchinder, M|115\/291
|move|p2a: 2 qt|Heal Bell|p2a: 2 qt
|-cureteam|p2a: 2 qt|[from] move: HealBell
|
|-heal|p2a: 2 qt|360\/384|[from] item: Leftovers
|-damage|p2a: 2 qt|312\/384|[from] Leech Seed|[of] p1a: kleinervogel
|-heal|p1a: kleinervogel|163\/291|[silent]
|turn|15
|
|switch|p1a: Ampharos|Ampharos-Mega, F|314\/383 tox
|-ability|p1a: Ampharos|Mold Breaker
|switch|p2a: Alomomola|Alomomola, M|534\/534
|
|-damage|p1a: Ampharos|291\/383 tox|[from] psn
|turn|16
|
|switch|p2a: bless u|Blissey, F, shiny|584\/714
|move|p1a: Ampharos|Volt Switch|p2a: bless u
|-damage|p2a: bless u|476\/714
|
|switch|p1a: Alakazam|Alakazam, M|251\/251
|
|-heal|p2a: bless u|520\/714|[from] item: Leftovers
|turn|17
|
|move|p1a: Alakazam|Taunt|p2a: bless u
|-start|p2a: bless u|move: Taunt
|cant|p2a: bless u|move: Taunt|Thunder Wave
|
|-heal|p2a: bless u|564\/714|[from] item: Leftovers
|turn|18
|
|move|p1a: Alakazam|Psyshock|p2a: bless u
|-damage|p2a: bless u|197\/714
|move|p2a: bless u|Seismic Toss|p1a: Alakazam
|-damage|p1a: Alakazam|151\/251
|
|-heal|p2a: bless u|241\/714|[from] item: Leftovers
|turn|19
|
|switch|p2a: Forretress|Forretress, M|310\/354
|move|p1a: Alakazam|Psyshock|p2a: Forretress
|-resisted|p2a: Forretress
|-damage|p2a: Forretress|255\/354
|
|-heal|p2a: Forretress|277\/354|[from] item: Leftovers
|turn|20
|
|move|p1a: Alakazam|Focus Blast|p2a: Forretress
|-damage|p2a: Forretress|0 fnt
|faint|p2a: Forretress
|
|
|switch|p2a: Gallade|Gallade-Mega, M|278\/278
|turn|21
|
|switch|p1a: Tangrowth|Tangrowth, M|403\/403
|move|p2a: Gallade|Knock Off|p1a: Tangrowth
|-damage|p1a: Tangrowth|345\/403
|
|turn|22
|
|move|p2a: Gallade|Swords Dance|p2a: Gallade
|-boost|p2a: Gallade|atk|2
|move|p1a: Tangrowth|Leech Seed|p2a: Gallade
|-start|p2a: Gallade|move: Leech Seed
|
|-damage|p2a: Gallade|244\/278|[from] Leech Seed|[of] p1a: Tangrowth
|-heal|p1a: Tangrowth|379\/403|[silent]
|turn|23
|
|move|p2a: Gallade|Close Combat|p1a: Tangrowth
|-damage|p1a: Tangrowth|58\/403
|-unboost|p2a: Gallade|def|1
|-unboost|p2a: Gallade|spd|1
|move|p1a: Tangrowth|Giga Drain|p2a: Gallade
|-damage|p2a: Gallade|118\/278
|-heal|p1a: Tangrowth|121\/403|[from] drain|[of] p2a: Gallade
|
|-damage|p2a: Gallade|84\/278|[from] Leech Seed|[of] p1a: Tangrowth
|-heal|p1a: Tangrowth|155\/403|[silent]
|turn|24
|
|move|p2a: Gallade|Knock Off|p1a: Tangrowth
|-damage|p1a: Tangrowth|44\/403
|move|p1a: Tangrowth|Giga Drain|p2a: Gallade
|-damage|p2a: Gallade|0 fnt
|-heal|p1a: Tangrowth|86\/403|[from] drain|[of] p2a: Gallade
|faint|p2a: Gallade
|
|join|shedinja LMOA
|join|ShedinjaLessthan3
|c|âviaw|gg
|-message|viaw forfeited.
|
|win|i ran away
|raw|Ladder updating...
|raw|i ran away's rating: 1384 &rarr; <strong>1403<\/strong><br \/>(+19 for winning)
|raw|viaw's rating: 1368 &rarr; <strong>1349<\/strong><br \/>(-19 for losing)
|c| shedinja LMOA|rip
|leave|shedinja LMOA
|c|âviaw|ye