|join|Gremarill
|join|Dr. Marti
|player|p1|Gremarill|101
|player|p2|Dr. Marti|210
|gametype|singles
|gen|6
|tier|OU
|rated
|clearpoke
|poke|p1|Lopunny, M
|poke|p1|Rotom-Wash
|poke|p1|Latios, M
|poke|p1|Bisharp, M
|poke|p1|Ferrothorn, M
|poke|p1|Sylveon, F
|poke|p2|Dragonite, F
|poke|p2|Gliscor, M
|poke|p2|Sableye, F
|poke|p2|Breloom, F
|poke|p2|Jirachi
|poke|p2|Blissey, F
|rule|Swagger Clause: Swagger is banned
|rule|Baton Pass Clause: Limit one PokÃ©mon knowing Baton Pass
|rule|Sleep Clause Mod: Limit one foe put to sleep
|rule|Species Clause: Limit one of each PokÃ©mon
|rule|OHKO Clause: OHKO moves are banned
|rule|Moody Clause: Moody is banned
|rule|Evasion Moves Clause: Evasion moves are banned
|rule|Endless Battle Clause: Forcing endless battles is banned
|rule|HP Percentage Mod: HP is shown in percentages
|teampreview
|
|start
|switch|p1a: Lopunny|Lopunny, M|272\/272
|switch|p2a: Sableye|Sableye, F|303\/303
|turn|1
|
|switch|p1a: Sylveon|Sylveon, F|394\/394
|switch|p2a: Gliscor|Gliscor, M|354\/354
|
|-status|p2a: Gliscor|tox|[from] item: Toxic Orb
|turn|2
|
|switch|p2a: Jirachi|Jirachi|404\/404
|move|p1a: Sylveon|Hyper Voice|p2a: Jirachi
|-resisted|p2a: Jirachi
|-damage|p2a: Jirachi|352\/404
|
|-heal|p2a: Jirachi|377\/404|[from] item: Leftovers
|turn|3
|
|switch|p1a: Bisharp|Bisharp, M|272\/272
|move|p2a: Jirachi|Body Slam|p1a: Bisharp
|-resisted|p1a: Bisharp
|-damage|p1a: Bisharp|241\/272
|-status|p1a: Bisharp|par
|
|-heal|p2a: Jirachi|402\/404|[from] item: Leftovers
|-heal|p1a: Bisharp|258\/272 par|[from] item: Leftovers
|turn|4
|
|move|p1a: Bisharp|Pursuit|p2a: Jirachi|[from]Pursuit
|-supereffective|p2a: Jirachi
|-damage|p2a: Jirachi|90\/404
|switch|p2a: Gliscor|Gliscor, M|354\/354 tox
|
|-heal|p1a: Bisharp|272\/272 par|[from] item: Leftovers
|turn|5
|
|switch|p1a: Sylveon|Sylveon, F|394\/394
|move|p2a: Gliscor|Substitute|p2a: Gliscor
|-start|p2a: Gliscor|Substitute
|-damage|p2a: Gliscor|266\/354 tox
|
|-heal|p2a: Gliscor|310\/354 tox|[from] ability: Poison Heal
|turn|6
|
|move|p2a: Gliscor|Toxic|p1a: Sylveon
|-status|p1a: Sylveon|tox
|move|p1a: Sylveon|Hyper Voice|p2a: Gliscor
|-damage|p2a: Gliscor|130\/354 tox
|
|-heal|p2a: Gliscor|174\/354 tox|[from] ability: Poison Heal
|-damage|p1a: Sylveon|370\/394 tox|[from] psn
|turn|7
|
|move|p2a: Gliscor|Protect|p2a: Gliscor
|-singleturn|p2a: Gliscor|Protect
|move|p1a: Sylveon|Wish|p1a: Sylveon
|
|-heal|p1a: Sylveon|394\/394 tox|[from] item: Leftovers
|-heal|p2a: Gliscor|218\/354 tox|[from] ability: Poison Heal
|-damage|p1a: Sylveon|346\/394 tox|[from] psn
|turn|8
|
|switch|p2a: Blissey|Blissey, F|652\/652
|move|p1a: Sylveon|Hyper Voice|p2a: Blissey
|-crit|p2a: Blissey
|-damage|p2a: Blissey|531\/652
|
|-heal|p1a: Sylveon|394\/394 tox|[from] move: Wish|[wisher] Sylveon
|-heal|p2a: Blissey|571\/652|[from] item: Leftovers
|-damage|p1a: Sylveon|322\/394 tox|[from] psn
|turn|9
|
|switch|p1a: Lopunny|Lopunny, M|272\/272
|move|p2a: Blissey|Seismic Toss|p1a: Lopunny
|-damage|p1a: Lopunny|172\/272
|
|-heal|p2a: Blissey|611\/652|[from] item: Leftovers
|turn|10
|
|detailschange|p1a: Lopunny|Lopunny-Mega, M
|-mega|p1a: Lopunny|Lopunny|Lopunnite
|move|p2a: Blissey|Protect|p2a: Blissey
|-singleturn|p2a: Blissey|Protect
|move|p1a: Lopunny|High Jump Kick|p2a: Blissey
|-activate|p2a: Blissey|Protect
|-damage|p1a: Lopunny|36\/272|[from] highjumpkick
|
|-heal|p2a: Blissey|651\/652|[from] item: Leftovers
|turn|11
|
|switch|p2a: Dragonite|Dragonite, F|386\/386
|move|p1a: Lopunny|High Jump Kick|p2a: Dragonite
|-resisted|p2a: Dragonite
|-damage|p2a: Dragonite|323\/386
|
|-heal|p2a: Dragonite|347\/386|[from] item: Leftovers
|turn|12
|
|switch|p1a: Ferrothorn|Ferrothorn, M|352\/352
|move|p2a: Dragonite|Substitute|p2a: Dragonite
|-start|p2a: Dragonite|Substitute
|-damage|p2a: Dragonite|251\/386
|
|-heal|p2a: Dragonite|275\/386|[from] item: Leftovers
|turn|13
|
|switch|p2a: Sableye|Sableye, F|303\/303
|move|p1a: Ferrothorn|Gyro Ball|p2a: Sableye
|-crit|p2a: Sableye
|-damage|p2a: Sableye|197\/303
|
|turn|14
|
|switch|p1a: Sylveon|Sylveon, F|322\/394 tox
|detailschange|p2a: Sableye|Sableye-Mega, F
|-mega|p2a: Sableye|Sableye|Sablenite
|move|p2a: Sableye|Will-O-Wisp|p1a: Sylveon
|-fail|p1a: Sylveon
|
|-heal|p1a: Sylveon|346\/394 tox|[from] item: Leftovers
|-damage|p1a: Sylveon|322\/394 tox|[from] psn
|turn|15
|
|switch|p2a: Blissey|Blissey, F|651\/652
|move|p1a: Sylveon|Wish|p1a: Sylveon
|
|-heal|p1a: Sylveon|346\/394 tox|[from] item: Leftovers
|-heal|p2a: Blissey|652\/652|[from] item: Leftovers
|-damage|p1a: Sylveon|298\/394 tox|[from] psn
|turn|16
|
|move|p1a: Sylveon|Heal Bell|p1a: Sylveon
|-cureteam|p1a: Sylveon|[from] move: HealBell
|move|p2a: Blissey|Seismic Toss|p1a: Sylveon
|-damage|p1a: Sylveon|198\/394
|
|-heal|p1a: Sylveon|394\/394|[from] move: Wish|[wisher] Sylveon
|turn|17
|
|switch|p1a: Ferrothorn|Ferrothorn, M|352\/352
|move|p2a: Blissey|Toxic|p1a: Ferrothorn
|-fail|p1a: Ferrothorn
|
|turn|18
|
|switch|p2a: Sableye|Sableye-Mega, F|197\/303
|move|p1a: Ferrothorn|Leech Seed|p2a: Sableye
|move|p2a: Sableye|Leech Seed|p1a: Ferrothorn|[from]Magic Bounce
|-immune|p1a: Ferrothorn|[msg]
|
|turn|19
|
|switch|p1a: Sylveon|Sylveon, F|394\/394
|move|p2a: Sableye|Recover|p2a: Sableye
|-heal|p2a: Sableye|303\/303
|
|turn|20
|
|switch|p2a: Blissey|Blissey, F|652\/652
|move|p1a: Sylveon|Hyper Voice|p2a: Blissey
|-damage|p2a: Blissey|562\/652
|
|-heal|p2a: Blissey|602\/652|[from] item: Leftovers
|turn|21
|
|switch|p1a: Ferrothorn|Ferrothorn, M|352\/352
|move|p2a: Blissey|Toxic|p1a: Ferrothorn
|-fail|p1a: Ferrothorn
|
|-heal|p2a: Blissey|642\/652|[from] item: Leftovers
|turn|22
|
|switch|p2a: Sableye|Sableye-Mega, F|303\/303
|switch|p1a: Sylveon|Sylveon, F|394\/394
|
|turn|23
|
|switch|p2a: Blissey|Blissey, F|642\/652
|move|p1a: Sylveon|Hyper Voice|p2a: Blissey
|-damage|p2a: Blissey|552\/652
|
|-heal|p2a: Blissey|592\/652|[from] item: Leftovers
|turn|24
|
|switch|p1a: Ferrothorn|Ferrothorn, M|352\/352
|move|p2a: Blissey|Seismic Toss|p1a: Ferrothorn
|-damage|p1a: Ferrothorn|252\/352
|-damage|p2a: Blissey|511\/652|[from] ability: Iron Barbs|[of] p1a: Ferrothorn
|-damage|p2a: Blissey|403\/652|[from] item: Rocky Helmet|[of] p1a: Ferrothorn
|
|-heal|p2a: Blissey|443\/652|[from] item: Leftovers
|turn|25
|
|switch|p2a: Sableye|Sableye-Mega, F|303\/303
|move|p1a: Ferrothorn|Stealth Rock|p2a: Sableye
|move|p2a: Sableye|Stealth Rock|p1a: Ferrothorn|[from]Magic Bounce
|-sidestart|p1: Gremarill|move: Stealth Rock
|
|turn|26
|c|âDr. Marti|hell yeah
|
|switch|p1a: Sylveon|Sylveon, F|394\/394
|-damage|p1a: Sylveon|345\/394|[from] Stealth Rock
|move|p2a: Sableye|Will-O-Wisp|p1a: Sylveon
|-status|p1a: Sylveon|brn
|
|-heal|p1a: Sylveon|369\/394 brn|[from] item: Leftovers
|-damage|p1a: Sylveon|320\/394 brn|[from] brn
|turn|27
|
|switch|p2a: Blissey|Blissey, F|443\/652
|move|p1a: Sylveon|Wish|p1a: Sylveon
|
|-heal|p1a: Sylveon|344\/394 brn|[from] item: Leftovers
|-heal|p2a: Blissey|483\/652|[from] item: Leftovers
|-damage|p1a: Sylveon|295\/394 brn|[from] brn
|turn|28
|
|switch|p1a: Ferrothorn|Ferrothorn, M|252\/352
|-damage|p1a: Ferrothorn|230\/352|[from] Stealth Rock
|move|p2a: Blissey|Seismic Toss|p1a: Ferrothorn
|-damage|p1a: Ferrothorn|130\/352
|-damage|p2a: Blissey|402\/652|[from] ability: Iron Barbs|[of] p1a: Ferrothorn
|-damage|p2a: Blissey|294\/652|[from] item: Rocky Helmet|[of] p1a: Ferrothorn
|
|-heal|p1a: Ferrothorn|327\/352|[from] move: Wish|[wisher] Sylveon
|-heal|p2a: Blissey|334\/652|[from] item: Leftovers
|turn|29
|c|âDr. Marti|seismic toss
|c|âDr. Marti|***
|
|switch|p2a: Sableye|Sableye-Mega, F|303\/303
|move|p1a: Ferrothorn|Leech Seed|p2a: Sableye
|move|p2a: Sableye|Leech Seed|p1a: Ferrothorn|[from]Magic Bounce|[miss]
|-miss|p2a: Sableye|p1a: Ferrothorn
|
|turn|30
|
|switch|p1a: Sylveon|Sylveon, F|295\/394 brn
|-damage|p1a: Sylveon|246\/394 brn|[from] Stealth Rock
|move|p2a: Sableye|Shadow Ball|p1a: Sylveon
|-damage|p1a: Sylveon|179\/394 brn
|
|-heal|p1a: Sylveon|203\/394 brn|[from] item: Leftovers
|-damage|p1a: Sylveon|154\/394 brn|[from] brn
|turn|31
|
|switch|p2a: Jirachi|Jirachi|90\/404
|move|p1a: Sylveon|Wish|p1a: Sylveon
|
|-heal|p2a: Jirachi|115\/404|[from] item: Leftovers
|-heal|p1a: Sylveon|178\/394 brn|[from] item: Leftovers
|-damage|p1a: Sylveon|129\/394 brn|[from] brn
|turn|32
|
|move|p2a: Jirachi|Wish|p2a: Jirachi
|move|p1a: Sylveon|Hyper Voice|p2a: Jirachi
|-resisted|p2a: Jirachi
|-damage|p2a: Jirachi|58\/404
|
|-heal|p1a: Sylveon|326\/394 brn|[from] move: Wish|[wisher] Sylveon
|-heal|p2a: Jirachi|83\/404|[from] item: Leftovers
|-heal|p1a: Sylveon|350\/394 brn|[from] item: Leftovers
|-damage|p1a: Sylveon|301\/394 brn|[from] brn
|turn|33
|
|switch|p1a: Bisharp|Bisharp, M|272\/272
|-damage|p1a: Bisharp|255\/272|[from] Stealth Rock
|move|p2a: Jirachi|Iron Head|p1a: Bisharp
|-resisted|p1a: Bisharp
|-damage|p1a: Bisharp|204\/272
|
|-heal|p2a: Jirachi|285\/404|[from] move: Wish|[wisher] Jirachi
|-heal|p1a: Bisharp|221\/272|[from] item: Leftovers
|-heal|p2a: Jirachi|310\/404|[from] item: Leftovers
|turn|34
|
|move|p2a: Jirachi|Protect|p2a: Jirachi
|-singleturn|p2a: Jirachi|Protect
|move|p1a: Bisharp|Pursuit|p2a: Jirachi
|-activate|p2a: Jirachi|Protect
|
|-heal|p1a: Bisharp|238\/272|[from] item: Leftovers
|-heal|p2a: Jirachi|335\/404|[from] item: Leftovers
|turn|35
|
|move|p1a: Bisharp|Knock Off|p2a: Jirachi
|-supereffective|p2a: Jirachi
|-damage|p2a: Jirachi|0 fnt
|-enditem|p2a: Jirachi|Leftovers|[from] move: Knock Off|[of] p1a: Bisharp
|faint|p2a: Jirachi
|
|-heal|p1a: Bisharp|255\/272|[from] item: Leftovers
|c|âGremarill|oh yes
|
|switch|p2a: Dragonite|Dragonite, F|275\/386
|turn|36
|c|âDr. Marti|ok you want stall
|c|âDr. Marti|you can have it
|c|âGremarill|35 turns ad 1 kill
|c|âGremarill|lol
|
|move|p1a: Bisharp|Knock Off|p2a: Dragonite
|-damage|p2a: Dragonite|88\/386
|-enditem|p2a: Dragonite|Leftovers|[from] move: Knock Off|[of] p1a: Bisharp
|move|p2a: Dragonite|Thunder Wave|p1a: Bisharp
|-status|p1a: Bisharp|par
|
|-heal|p1a: Bisharp|272\/272 par|[from] item: Leftovers
|turn|37
|
|switch|p1a: Sylveon|Sylveon, F|301\/394 brn
|-damage|p1a: Sylveon|252\/394 brn|[from] Stealth Rock
|move|p2a: Dragonite|Roost|p2a: Dragonite
|-heal|p2a: Dragonite|281\/386
|
|-heal|p1a: Sylveon|276\/394 brn|[from] item: Leftovers
|-damage|p1a: Sylveon|227\/394 brn|[from] brn
|turn|38
|
|switch|p2a: Blissey|Blissey, F|334\/652
|move|p1a: Sylveon|Heal Bell|p1a: Sylveon
|-cureteam|p1a: Sylveon|[from] move: HealBell
|
|-heal|p1a: Sylveon|251\/394|[from] item: Leftovers
|-heal|p2a: Blissey|374\/652|[from] item: Leftovers
|turn|39
|
|move|p1a: Sylveon|Wish|p1a: Sylveon
|move|p2a: Blissey|Wish|p2a: Blissey
|
|-heal|p1a: Sylveon|275\/394|[from] item: Leftovers
|-heal|p2a: Blissey|414\/652|[from] item: Leftovers
|turn|40
|c|âDr. Marti|dragoran
|
|switch|p1a: Ferrothorn|Ferrothorn, M|327\/352
|-damage|p1a: Ferrothorn|305\/352|[from] Stealth Rock
|move|p2a: Blissey|Seismic Toss|p1a: Ferrothorn
|-damage|p1a: Ferrothorn|205\/352
|-damage|p2a: Blissey|333\/652|[from] ability: Iron Barbs|[of] p1a: Ferrothorn
|-damage|p2a: Blissey|225\/652|[from] item: Rocky Helmet|[of] p1a: Ferrothorn
|
|-heal|p1a: Ferrothorn|352\/352|[from] move: Wish|[wisher] Sylveon
|-heal|p2a: Blissey|551\/652|[from] move: Wish|[wisher] Blissey
|-heal|p2a: Blissey|591\/652|[from] item: Leftovers
|turn|41
|
|switch|p2a: Sableye|Sableye-Mega, F|303\/303
|switch|p1a: Lopunny|Lopunny-Mega, M|36\/272
|-damage|p1a: Lopunny|19\/272|[from] Stealth Rock
|
|turn|42
|
|switch|p2a: Dragonite|Dragonite, F|281\/386
|move|p1a: Lopunny|High Jump Kick|p2a: Dragonite
|-resisted|p2a: Dragonite
|-damage|p2a: Dragonite|156\/386
|
|turn|43
|
|move|p1a: Lopunny|Ice Punch|p2a: Dragonite
|-supereffective|p2a: Dragonite
|-damage|p2a: Dragonite|0 fnt
|faint|p2a: Dragonite
|
|
|switch|p2a: Blissey|Blissey, F|591\/652
|turn|44
|
|move|p2a: Blissey|Protect|p2a: Blissey
|-singleturn|p2a: Blissey|Protect
|move|p1a: Lopunny|Return|p2a: Blissey
|-activate|p2a: Blissey|Protect
|
|-heal|p2a: Blissey|631\/652|[from] item: Leftovers
|turn|45
|
|switch|p2a: Gliscor|Gliscor, M|218\/354 tox
|move|p1a: Lopunny|High Jump Kick|p2a: Gliscor
|-resisted|p2a: Gliscor
|-damage|p2a: Gliscor|141\/354 tox
|
|-heal|p2a: Gliscor|185\/354 tox|[from] ability: Poison Heal
|turn|46
|
|move|p2a: Gliscor|Protect|p2a: Gliscor
|-singleturn|p2a: Gliscor|Protect
|move|p1a: Lopunny|Ice Punch|p2a: Gliscor
|-activate|p2a: Gliscor|Protect
|
|-heal|p2a: Gliscor|229\/354 tox|[from] ability: Poison Heal
|turn|47
|
|switch|p1a: Rotom-Wash|Rotom-Wash|304\/304
|-damage|p1a: Rotom-Wash|266\/304|[from] Stealth Rock
|switch|p2a: Sableye|Sableye-Mega, F|303\/303
|
|-heal|p1a: Rotom-Wash|285\/304|[from] item: Leftovers
|turn|48
|
|move|p1a: Rotom-Wash|Volt Switch|p2a: Sableye
|-damage|p2a: Sableye|225\/303
|
|switch|p1a: Sylveon|Sylveon, F|275\/394
|-damage|p1a: Sylveon|226\/394|[from] Stealth Rock
|move|p2a: Sableye|Will-O-Wisp|p1a: Sylveon
|-status|p1a: Sylveon|brn
|
|-heal|p1a: Sylveon|250\/394 brn|[from] item: Leftovers
|-damage|p1a: Sylveon|201\/394 brn|[from] brn
|turn|49
|
|switch|p2a: Blissey|Blissey, F|631\/652
|move|p1a: Sylveon|Hyper Voice|p2a: Blissey
|-damage|p2a: Blissey|541\/652
|
|-heal|p1a: Sylveon|225\/394 brn|[from] item: Leftovers
|-heal|p2a: Blissey|581\/652|[from] item: Leftovers
|-damage|p1a: Sylveon|176\/394 brn|[from] brn
|turn|50
|
|move|p1a: Sylveon|Wish|p1a: Sylveon
|move|p2a: Blissey|Seismic Toss|p1a: Sylveon
|-damage|p1a: Sylveon|76\/394 brn
|
|-heal|p1a: Sylveon|100\/394 brn|[from] item: Leftovers
|-heal|p2a: Blissey|621\/652|[from] item: Leftovers
|-damage|p1a: Sylveon|51\/394 brn|[from] brn
|turn|51
|
|move|p1a: Sylveon|Protect|p1a: Sylveon
|-singleturn|p1a: Sylveon|Protect
|move|p2a: Blissey|Seismic Toss|p1a: Sylveon
|-activate|p1a: Sylveon|Protect
|
|-heal|p1a: Sylveon|248\/394 brn|[from] move: Wish|[wisher] Sylveon
|-heal|p1a: Sylveon|272\/394 brn|[from] item: Leftovers
|-heal|p2a: Blissey|652\/652|[from] item: Leftovers
|-damage|p1a: Sylveon|223\/394 brn|[from] brn
|turn|52
|
|move|p1a: Sylveon|Heal Bell|p1a: Sylveon
|-cureteam|p1a: Sylveon|[from] move: HealBell
|move|p2a: Blissey|Seismic Toss|p1a: Sylveon
|-damage|p1a: Sylveon|123\/394
|
|-heal|p1a: Sylveon|147\/394|[from] item: Leftovers
|turn|53
|
|switch|p1a: Ferrothorn|Ferrothorn, M|352\/352
|-damage|p1a: Ferrothorn|330\/352|[from] Stealth Rock
|move|p2a: Blissey|Seismic Toss|p1a: Ferrothorn
|-damage|p1a: Ferrothorn|230\/352
|-damage|p2a: Blissey|571\/652|[from] ability: Iron Barbs|[of] p1a: Ferrothorn
|-damage|p2a: Blissey|463\/652|[from] item: Rocky Helmet|[of] p1a: Ferrothorn
|
|-heal|p2a: Blissey|503\/652|[from] item: Leftovers
|turn|54
|
|switch|p2a: Sableye|Sableye-Mega, F|225\/303
|switch|p1a: Lopunny|Lopunny-Mega, M|19\/272
|-damage|p1a: Lopunny|2\/272|[from] Stealth Rock
|
|turn|55
|c|âDr. Marti|...
|c|âDr. Marti|unbelievable
|c|âGremarill|lol
|
|switch|p2a: Breloom|Breloom, F|264\/264
|move|p1a: Lopunny|High Jump Kick|p2a: Breloom
|-damage|p2a: Breloom|0 fnt
|faint|p2a: Breloom
|
|c|âGremarill|:)
|c|âDr. Marti|...
|c|âDr. Marti|are you kidding me
|c|âGremarill|no xD
|
|switch|p2a: Gliscor|Gliscor, M|229\/354 tox
|turn|56
|
|switch|p1a: Latios|Latios, M|302\/302
|-damage|p1a: Latios|265\/302|[from] Stealth Rock
|move|p2a: Gliscor|Protect|p2a: Gliscor
|-fail|p2a: Gliscor
|
|-heal|p2a: Gliscor|273\/354 tox|[from] ability: Poison Heal
|turn|57
|
|switch|p2a: Blissey|Blissey, F|503\/652
|move|p1a: Latios|Draco Meteor|p2a: Blissey
|-damage|p2a: Blissey|342\/652
|-unboost|p1a: Latios|spa|2
|-damage|p1a: Latios|235\/302|[from] item: Life Orb
|
|-heal|p2a: Blissey|382\/652|[from] item: Leftovers
|turn|58
|
|move|p1a: Latios|Defog|p2a: Blissey
|-unboost|p2a: Blissey|evasion|1
|-sideend|p1: Gremarill|Stealth Rock|[from] move: Defog|[of] p1a: Latios
|move|p2a: Blissey|Toxic|p1a: Latios
|-status|p1a: Latios|tox
|
|-heal|p2a: Blissey|422\/652|[from] item: Leftovers
|-damage|p1a: Latios|217\/302 tox|[from] psn
|turn|59
|
|switch|p1a: Bisharp|Bisharp, M|272\/272
|move|p2a: Blissey|Seismic Toss|p1a: Bisharp
|-damage|p1a: Bisharp|172\/272
|
|-heal|p1a: Bisharp|189\/272|[from] item: Leftovers
|-heal|p2a: Blissey|462\/652|[from] item: Leftovers
|turn|60
|
|switch|p1a: Lopunny|Lopunny-Mega, M|2\/272
|switch|p2a: Sableye|Sableye-Mega, F|225\/303
|
|turn|61
|c|âGremarill|lol
|c|âDr. Marti|dont even piss me off
|
|switch|p2a: Gliscor|Gliscor, M|273\/354 tox
|move|p1a: Lopunny|High Jump Kick|p2a: Gliscor
|-resisted|p2a: Gliscor
|-damage|p2a: Gliscor|194\/354 tox
|
|-heal|p2a: Gliscor|238\/354 tox|[from] ability: Poison Heal
|turn|62
|
|move|p2a: Gliscor|Protect|p2a: Gliscor
|-singleturn|p2a: Gliscor|Protect
|move|p1a: Lopunny|Ice Punch|p2a: Gliscor
|-activate|p2a: Gliscor|Protect
|
|-heal|p2a: Gliscor|282\/354 tox|[from] ability: Poison Heal
|turn|63
|
|switch|p1a: Rotom-Wash|Rotom-Wash|285\/304
|switch|p2a: Blissey|Blissey, F|462\/652
|
|-heal|p1a: Rotom-Wash|304\/304|[from] item: Leftovers
|-heal|p2a: Blissey|502\/652|[from] item: Leftovers
|turn|64
|
|move|p1a: Rotom-Wash|Volt Switch|p2a: Blissey
|-damage|p2a: Blissey|450\/652
|
|switch|p1a: Bisharp|Bisharp, M|189\/272
|move|p2a: Blissey|Toxic|p1a: Bisharp
|-fail|p1a: Bisharp
|
|-heal|p1a: Bisharp|206\/272|[from] item: Leftovers
|-heal|p2a: Blissey|490\/652|[from] item: Leftovers
|turn|65
|c|âDr. Marti|seiismic tosss
|
|switch|p2a: Gliscor|Gliscor, M|282\/354 tox
|move|p1a: Bisharp|Knock Off|p2a: Gliscor
|-damage|p2a: Gliscor|158\/354 tox
|-enditem|p2a: Gliscor|Toxic Orb|[from] move: Knock Off|[of] p1a: Bisharp
|
|-heal|p1a: Bisharp|223\/272|[from] item: Leftovers
|-heal|p2a: Gliscor|202\/354 tox|[from] ability: Poison Heal
|turn|66
|
|switch|p1a: Latios|Latios, M|217\/302 tox
|move|p2a: Gliscor|Substitute|p2a: Gliscor
|-start|p2a: Gliscor|Substitute
|-damage|p2a: Gliscor|114\/354 tox
|
|-damage|p1a: Latios|199\/302 tox|[from] psn
|-heal|p2a: Gliscor|158\/354 tox|[from] ability: Poison Heal
|turn|67
|
|switch|p1a: Sylveon|Sylveon, F|147\/394
|move|p2a: Gliscor|Protect|p2a: Gliscor
|-fail|p2a: Gliscor
|
|-heal|p1a: Sylveon|171\/394|[from] item: Leftovers
|-heal|p2a: Gliscor|202\/354 tox|[from] ability: Poison Heal
|turn|68
|
|move|p2a: Gliscor|Earthquake|p1a: Sylveon
|-damage|p1a: Sylveon|59\/394
|move|p1a: Sylveon|Hyper Voice|p2a: Gliscor
|-damage|p2a: Gliscor|7\/354 tox
|
|-heal|p1a: Sylveon|83\/394|[from] item: Leftovers
|-heal|p2a: Gliscor|51\/354 tox|[from] ability: Poison Heal
|turn|69
|c|âGremarill|nooooooooooooooooooooooooooo
|
|move|p2a: Gliscor|Protect|p2a: Gliscor
|-singleturn|p2a: Gliscor|Protect
|move|p1a: Sylveon|Protect|p1a: Sylveon
|-fail|p1a: Sylveon
|
|-heal|p1a: Sylveon|107\/394|[from] item: Leftovers
|-heal|p2a: Gliscor|95\/354 tox|[from] ability: Poison Heal
|turn|70
|c|âGremarill|come on
|
|switch|p2a: Blissey|Blissey, F|490\/652
|move|p1a: Sylveon|Hyper Voice|p2a: Blissey
|-damage|p2a: Blissey|403\/652
|
|-heal|p1a: Sylveon|131\/394|[from] item: Leftovers
|-heal|p2a: Blissey|443\/652|[from] item: Leftovers
|turn|71
|
|move|p1a: Sylveon|Wish|p1a: Sylveon
|move|p2a: Blissey|Seismic Toss|p1a: Sylveon
|-damage|p1a: Sylveon|31\/394
|
|-heal|p1a: Sylveon|55\/394|[from] item: Leftovers
|-heal|p2a: Blissey|483\/652|[from] item: Leftovers
|turn|72
|
|move|p1a: Sylveon|Protect|p1a: Sylveon
|-singleturn|p1a: Sylveon|Protect
|move|p2a: Blissey|Wish|p2a: Blissey
|
|-heal|p1a: Sylveon|252\/394|[from] move: Wish|[wisher] Sylveon
|-heal|p1a: Sylveon|276\/394|[from] item: Leftovers
|-heal|p2a: Blissey|523\/652|[from] item: Leftovers
|turn|73
|
|switch|p2a: Gliscor|Gliscor, M|95\/354 tox
|move|p1a: Sylveon|Wish|p1a: Sylveon
|
|-heal|p2a: Gliscor|354\/354 tox|[from] move: Wish|[wisher] Blissey
|-heal|p1a: Sylveon|300\/394|[from] item: Leftovers
|turn|74
|c|âGremarill|omg
|
|move|p2a: Gliscor|Earthquake|p1a: Sylveon
|-damage|p1a: Sylveon|201\/394
|move|p1a: Sylveon|Hyper Voice|p2a: Gliscor
|-damage|p2a: Gliscor|173\/354 tox
|
|-heal|p1a: Sylveon|394\/394|[from] move: Wish|[wisher] Sylveon
|-heal|p2a: Gliscor|217\/354 tox|[from] ability: Poison Heal
|turn|75
|
|move|p2a: Gliscor|Protect|p2a: Gliscor
|-singleturn|p2a: Gliscor|Protect
|move|p1a: Sylveon|Hyper Voice|p2a: Gliscor
|-activate|p2a: Gliscor|Protect
|
|-heal|p2a: Gliscor|261\/354 tox|[from] ability: Poison Heal
|turn|76
|
|switch|p2a: Blissey|Blissey, F|523\/652
|move|p1a: Sylveon|Hyper Voice|p2a: Blissey
|-damage|p2a: Blissey|433\/652
|
|-heal|p2a: Blissey|473\/652|[from] item: Leftovers
|turn|77
|
|switch|p1a: Ferrothorn|Ferrothorn, M|230\/352
|switch|p2a: Gliscor|Gliscor, M|261\/354 tox
|
|-heal|p2a: Gliscor|305\/354 tox|[from] ability: Poison Heal
|turn|78
|
|switch|p2a: Sableye|Sableye-Mega, F|225\/303
|switch|p1a: Sylveon|Sylveon, F|394\/394
|
|turn|79
|
|switch|p2a: Blissey|Blissey, F|473\/652
|move|p1a: Sylveon|Hyper Voice|p2a: Blissey
|-damage|p2a: Blissey|380\/652
|
|-heal|p2a: Blissey|420\/652|[from] item: Leftovers
|turn|80
|
|switch|p2a: Gliscor|Gliscor, M|305\/354 tox
|move|p1a: Sylveon|Wish|p1a: Sylveon
|
|-heal|p2a: Gliscor|349\/354 tox|[from] ability: Poison Heal
|turn|81
|
|switch|p1a: Rotom-Wash|Rotom-Wash|304\/304
|move|p2a: Gliscor|Earthquake|p1a: Rotom-Wash
|-immune|p1a: Rotom-Wash|[msg]
|
|-heal|p2a: Gliscor|354\/354 tox|[from] ability: Poison Heal
|turn|82
|c|âGremarill|81 turns....
|
|switch|p2a: Blissey|Blissey, F|420\/652
|move|p1a: Rotom-Wash|Volt Switch|p2a: Blissey
|-damage|p2a: Blissey|372\/652
|
|switch|p1a: Lopunny|Lopunny-Mega, M|2\/272
|
|-heal|p2a: Blissey|412\/652|[from] item: Leftovers
|turn|83
|c|âDr. Marti|nooooooo
|c|âDr. Marti|fuck
|c|âGremarill|lol
|
|move|p2a: Blissey|Protect|p2a: Blissey
|-singleturn|p2a: Blissey|Protect
|move|p1a: Lopunny|Return|p2a: Blissey
|-activate|p2a: Blissey|Protect
|
|-heal|p2a: Blissey|452\/652|[from] item: Leftovers
|turn|84
|
|switch|p2a: Gliscor|Gliscor, M|354\/354 tox
|move|p1a: Lopunny|Return|p2a: Gliscor
|-damage|p2a: Gliscor|222\/354 tox
|
|-heal|p2a: Gliscor|266\/354 tox|[from] ability: Poison Heal
|turn|85
|
|move|p2a: Gliscor|Protect|p2a: Gliscor
|-singleturn|p2a: Gliscor|Protect
|move|p1a: Lopunny|Ice Punch|p2a: Gliscor
|-activate|p2a: Gliscor|Protect
|
|-heal|p2a: Gliscor|310\/354 tox|[from] ability: Poison Heal
|turn|86
|
|switch|p1a: Latios|Latios, M|199\/302 tox
|switch|p2a: Blissey|Blissey, F|452\/652
|
|-heal|p2a: Blissey|492\/652|[from] item: Leftovers
|-damage|p1a: Latios|181\/302 tox|[from] psn
|turn|87
|
|move|p1a: Latios|Psyshock|p2a: Blissey
|-damage|p2a: Blissey|116\/652
|-damage|p1a: Latios|151\/302 tox|[from] item: Life Orb
|move|p2a: Blissey|Seismic Toss|p1a: Latios
|-damage|p1a: Latios|51\/302 tox
|
|-heal|p2a: Blissey|156\/652|[from] item: Leftovers
|-damage|p1a: Latios|15\/302 tox|[from] psn
|turn|88
|
|switch|p1a: Lopunny|Lopunny-Mega, M|2\/272
|move|p2a: Blissey|Protect|p2a: Blissey
|-fail|p2a: Blissey
|
|-heal|p2a: Blissey|196\/652|[from] item: Leftovers
|turn|89
|
|switch|p2a: Gliscor|Gliscor, M|310\/354 tox
|move|p1a: Lopunny|Return|p2a: Gliscor
|-damage|p2a: Gliscor|189\/354 tox
|
|-heal|p2a: Gliscor|233\/354 tox|[from] ability: Poison Heal
|turn|90
|
|move|p2a: Gliscor|Protect|p2a: Gliscor
|-singleturn|p2a: Gliscor|Protect
|move|p1a: Lopunny|Ice Punch|p2a: Gliscor
|-activate|p2a: Gliscor|Protect
|
|-heal|p2a: Gliscor|277\/354 tox|[from] ability: Poison Heal
|turn|91
|c|âGremarill|91 turns....
|
|switch|p2a: Sableye|Sableye-Mega, F|225\/303
|move|p1a: Lopunny|Ice Punch|p2a: Sableye
|-damage|p2a: Sableye|167\/303
|
|turn|92
|c|âGremarill|LOL
|
|switch|p2a: Gliscor|Gliscor, M|277\/354 tox
|move|p1a: Lopunny|High Jump Kick|p2a: Gliscor
|-resisted|p2a: Gliscor
|-damage|p2a: Gliscor|202\/354 tox
|
|-heal|p2a: Gliscor|246\/354 tox|[from] ability: Poison Heal
|turn|93
|
|move|p2a: Gliscor|Protect|p2a: Gliscor
|-singleturn|p2a: Gliscor|Protect
|move|p1a: Lopunny|Ice Punch|p2a: Gliscor
|-activate|p2a: Gliscor|Protect
|
|-heal|p2a: Gliscor|290\/354 tox|[from] ability: Poison Heal
|turn|94
|
|move|p1a: Lopunny|Ice Punch|p2a: Gliscor
|-supereffective|p2a: Gliscor
|-damage|p2a: Gliscor|50\/354 tox
|move|p2a: Gliscor|Earthquake|p1a: Lopunny
|-crit|p1a: Lopunny
|-damage|p1a: Lopunny|0 fnt
|faint|p1a: Lopunny
|
|-heal|p2a: Gliscor|94\/354 tox|[from] ability: Poison Heal
|c|âGremarill|nooooooooooooooooooooo my lopunny :(
|c|âDr. Marti|you still gonna  win bro
|c|âDr. Marti|it doesnt mater
|c|âDr. Marti|matter
|
|switch|p1a: Rotom-Wash|Rotom-Wash|304\/304
|turn|95
|
|move|p2a: Gliscor|Protect|p2a: Gliscor
|-singleturn|p2a: Gliscor|Protect
|move|p1a: Rotom-Wash|Volt Switch|p2a: Gliscor
|-immune|p2a: Gliscor|[msg]
|
|-heal|p2a: Gliscor|138\/354 tox|[from] ability: Poison Heal
|turn|96
|
|move|p2a: Gliscor|Toxic|p1a: Rotom-Wash
|-status|p1a: Rotom-Wash|tox
|move|p1a: Rotom-Wash|Hydro Pump|p2a: Gliscor
|-supereffective|p2a: Gliscor
|-damage|p2a: Gliscor|0 fnt
|faint|p2a: Gliscor
|
|-damage|p1a: Rotom-Wash|285\/304 tox|[from] psn
|
|switch|p2a: Sableye|Sableye-Mega, F|167\/303
|turn|97
|
|move|p1a: Rotom-Wash|Volt Switch|p2a: Sableye
|-damage|p2a: Sableye|92\/303
|c|âGremarill|97 turns....
|
|switch|p1a: Sylveon|Sylveon, F|394\/394
|move|p2a: Sableye|Recover|p2a: Sableye
|-heal|p2a: Sableye|244\/303
|
|turn|98
|
|move|p1a: Sylveon|Hyper Voice|p2a: Sableye
|-supereffective|p2a: Sableye
|-damage|p2a: Sableye|0 fnt
|faint|p2a: Sableye
|
|c|âGremarill|gg
|c|âGremarill|gg bro
|
|switch|p2a: Blissey|Blissey, F|196\/652
|turn|99
|
|switch|p1a: Bisharp|Bisharp, M|223\/272
|move|p2a: Blissey|Wish|p2a: Blissey
|
|-heal|p1a: Bisharp|240\/272|[from] item: Leftovers
|-heal|p2a: Blissey|236\/652|[from] item: Leftovers
|turn|100
|
|move|p2a: Blissey|Protect|p2a: Blissey
|-singleturn|p2a: Blissey|Protect
|move|p1a: Bisharp|Knock Off|p2a: Blissey
|-activate|p2a: Blissey|Protect
|
|-heal|p2a: Blissey|562\/652|[from] move: Wish|[wisher] Blissey
|-heal|p1a: Bisharp|257\/272|[from] item: Leftovers
|-heal|p2a: Blissey|602\/652|[from] item: Leftovers
|turn|101
|c|âGremarill|turn 100!
|
|move|p1a: Bisharp|Knock Off|p2a: Blissey
|-damage|p2a: Blissey|251\/652
|-enditem|p2a: Blissey|Leftovers|[from] move: Knock Off|[of] p1a: Bisharp
|move|p2a: Blissey|Wish|p2a: Blissey
|
|-heal|p1a: Bisharp|272\/272|[from] item: Leftovers
|turn|102
|c|âGremarill|don't stall pls .-.
|
|switch|p1a: Ferrothorn|Ferrothorn, M|230\/352
|move|p2a: Blissey|Protect|p2a: Blissey
|-fail|p2a: Blissey
|
|-heal|p2a: Blissey|577\/652|[from] move: Wish|[wisher] Blissey
|turn|103
|c|âGremarill|come on
|c|âGremarill|in italy is 22:46
|c|âGremarill|I want sleep
|
|move|p2a: Blissey|Protect|p2a: Blissey
|-singleturn|p2a: Blissey|Protect
|move|p1a: Ferrothorn|Leech Seed|p2a: Blissey
|-activate|p2a: Blissey|Protect
|
|turn|104
|c|âGremarill|I WANT SLEEP!
|
|move|p2a: Blissey|Wish|p2a: Blissey
|move|p1a: Ferrothorn|Leech Seed|p2a: Blissey
|-start|p2a: Blissey|move: Leech Seed
|
|-damage|p2a: Blissey|496\/652|[from] Leech Seed|[of] p1a: Ferrothorn
|-heal|p1a: Ferrothorn|311\/352|[silent]
|turn|105
|
|move|p2a: Blissey|Seismic Toss|p1a: Ferrothorn
|-damage|p1a: Ferrothorn|211\/352
|-damage|p2a: Blissey|415\/652|[from] ability: Iron Barbs|[of] p1a: Ferrothorn
|-damage|p2a: Blissey|307\/652|[from] item: Rocky Helmet|[of] p1a: Ferrothorn
|move|p1a: Ferrothorn|Gyro Ball|p2a: Blissey
|-damage|p2a: Blissey|153\/652
|
|-heal|p2a: Blissey|479\/652|[from] move: Wish|[wisher] Blissey
|-damage|p2a: Blissey|398\/652|[from] Leech Seed|[of] p1a: Ferrothorn
|-heal|p1a: Ferrothorn|292\/352|[silent]
|turn|106
|
|move|p2a: Blissey|Wish|p2a: Blissey
|move|p1a: Ferrothorn|Gyro Ball|p2a: Blissey
|-damage|p2a: Blissey|229\/652
|
|-damage|p2a: Blissey|148\/652|[from] Leech Seed|[of] p1a: Ferrothorn
|-heal|p1a: Ferrothorn|352\/352|[silent]
|turn|107
|c|âGremarill|__yaun__
|
|move|p2a: Blissey|Protect|p2a: Blissey
|-singleturn|p2a: Blissey|Protect
|move|p1a: Ferrothorn|Gyro Ball|p2a: Blissey
|-activate|p2a: Blissey|Protect
|
|-heal|p2a: Blissey|474\/652|[from] move: Wish|[wisher] Blissey
|-damage|p2a: Blissey|393\/652|[from] Leech Seed|[of] p1a: Ferrothorn
|turn|108
|c|âGremarill|.........................go to struggle.............................
|
|switch|p1a: Bisharp|Bisharp, M|272\/272
|move|p2a: Blissey|Wish|p2a: Blissey
|
|-damage|p2a: Blissey|312\/652|[from] Leech Seed|[of] p1a: Bisharp
|turn|109
|
|move|p2a: Blissey|Protect|p2a: Blissey
|-singleturn|p2a: Blissey|Protect
|move|p1a: Bisharp|Iron Head|p2a: Blissey
|-activate|p2a: Blissey|Protect
|
|-heal|p2a: Blissey|638\/652|[from] move: Wish|[wisher] Blissey
|-damage|p2a: Blissey|557\/652|[from] Leech Seed|[of] p1a: Bisharp
|turn|110
|c|âGremarill|nooooooooooooo
|c|âGremarill|10 seconds :(
|
|move|p1a: Bisharp|Iron Head|p2a: Blissey
|-damage|p2a: Blissey|271\/652
|move|p2a: Blissey|Wish|p2a: Blissey
|
|-damage|p2a: Blissey|190\/652|[from] Leech Seed|[of] p1a: Bisharp
|turn|111
|
|move|p2a: Blissey|Protect|p2a: Blissey
|-singleturn|p2a: Blissey|Protect
|move|p1a: Bisharp|Iron Head|p2a: Blissey
|-activate|p2a: Blissey|Protect
|
|-heal|p2a: Blissey|516\/652|[from] move: Wish|[wisher] Blissey
|-damage|p2a: Blissey|435\/652|[from] Leech Seed|[of] p1a: Bisharp
|turn|112
|c|âGremarill|flich plssssssssssssssssssssssss
|c|âGremarill|FLICHFLICHFLICHFLICHFLICHFLICHFLICHFLICHFLICHFLICHFLICHFLICHFLICHFLICHFLICHFLICHFLICHFLICHFLICHFLICHFLICHFLICHFLICHFLICHFLICHFLICHFLICHFLICHFLICHFLICHFLICHFLICHFLICHFLICHFLICHFLICHFLICHFLICHFLICHFLICHFLICHFLICHFLICHFLICHFLICHFLICHFLICHFLICHFLICHFLICHFLICHFLICHFLICHFLICHFLICHFLICHFLICHFLICH
|
|move|p1a: Bisharp|Iron Head|p2a: Blissey
|-damage|p2a: Blissey|135\/652
|move|p2a: Blissey|Wish|p2a: Blissey
|
|-damage|p2a: Blissey|54\/652|[from] Leech Seed|[of] p1a: Bisharp
|turn|113
|c|âGremarill|:(
|
|move|p2a: Blissey|Protect|p2a: Blissey
|-singleturn|p2a: Blissey|Protect
|move|p1a: Bisharp|Iron Head|p2a: Blissey
|-activate|p2a: Blissey|Protect
|
|-heal|p2a: Blissey|380\/652|[from] move: Wish|[wisher] Blissey
|-damage|p2a: Blissey|299\/652|[from] Leech Seed|[of] p1a: Bisharp
|turn|114
|-message|Dr. Marti lost due to inactivity.
|
|move|p2a: Blissey|Protect|p2a: Blissey
|-fail|p2a: Blissey
|move|p1a: Bisharp|Iron Head|p2a: Blissey
|-damage|p2a: Blissey|0 fnt
|faint|p2a: Blissey
|
|win|Gremarill
|raw|Ladder updating...
|c|âGremarill|GG
|raw|Gremarill's rating: 1415 &rarr; <strong>1436<\/strong><br \/>(+21 for winning)
|raw|Dr. Marti's rating: 1437 &rarr; <strong>1416<\/strong><br \/>(-21 for losing)
|c|âGremarill|and now....
|leave|Dr. Marti
|c|âGremarill|finally go to sleep
|player|p2