|join|Dr. Marti
|join|terry41
|player|p1|Dr. Marti|147
|player|p2|terry41|169
|gametype|singles
|gen|6
|tier|OU
|rated
|clearpoke
|poke|p1|Espeon, F
|poke|p1|Smeargle, F
|poke|p1|Whimsicott, M
|poke|p1|Azelf
|poke|p1|Talonflame, F
|poke|p1|Gothitelle, F
|poke|p2|Tyranitar, M
|poke|p2|Excadrill, M
|poke|p2|Latias, F
|poke|p2|Chesnaught, F
|poke|p2|Azumarill, F
|poke|p2|Volcarona, M
|rule|Swagger Clause: Swagger is banned
|rule|Baton Pass Clause: Limit one PokÃ©mon knowing Baton Pass
|rule|Sleep Clause Mod: Limit one foe put to sleep
|rule|Species Clause: Limit one of each PokÃ©mon
|rule|OHKO Clause: OHKO moves are banned
|rule|Moody Clause: Moody is banned
|rule|Evasion Moves Clause: Evasion moves are banned
|rule|Endless Battle Clause: Forcing endless battles is banned
|rule|HP Percentage Mod: HP is shown in percentages
|teampreview
|
|start
|switch|p1a: Azelf|Azelf|353\/353
|switch|p2a: Tyranitar|Tyranitar, M|342\/342
|-weather|Sandstorm
|turn|1
|
|move|p1a: Azelf|Reflect|p1a: Azelf
|-sidestart|p1: Dr. Marti|Reflect
|move|p2a: Tyranitar|Stealth Rock|p1a: Azelf
|-sidestart|p1: Dr. Marti|move: Stealth Rock
|
|-weather|Sandstorm|[upkeep]
|-damage|p1a: Azelf|331\/353|[from] sandstorm
|turn|2
|
|move|p1a: Azelf|Light Screen|p1a: Azelf
|-sidestart|p1: Dr. Marti|move: Light Screen
|move|p2a: Tyranitar|Dark Pulse|p1a: Azelf
|-supereffective|p1a: Azelf
|-damage|p1a: Azelf|169\/353
|
|-weather|Sandstorm|[upkeep]
|-damage|p1a: Azelf|147\/353|[from] sandstorm
|turn|3
|
|switch|p2a: Volcarona|Volcarona, M|329\/329
|move|p1a: Azelf|Explosion|p2a: Volcarona
|-damage|p2a: Volcarona|0 fnt
|faint|p1a: Azelf
|faint|p2a: Volcarona
|
|-weather|Sandstorm|[upkeep]
|
|switch|p1a: Whimsicott|Whimsicott, M|323\/323
|switch|p2a: Latias|Latias, F|363\/363
|-damage|p1a: Whimsicott|283\/323|[from] Stealth Rock
|turn|4
|
|move|p1a: Whimsicott|Memento|p2a: Latias
|-unboost|p2a: Latias|atk|2
|-unboost|p2a: Latias|spa|2
|faint|p1a: Whimsicott
|move|p2a: Latias|Substitute|p2a: Latias
|-start|p2a: Latias|Substitute
|-damage|p2a: Latias|273\/363
|
|-weather|Sandstorm|[upkeep]
|-damage|p2a: Latias|251\/363|[from] sandstorm
|
|switch|p1a: Smeargle|Smeargle, F|314\/314
|-damage|p1a: Smeargle|275\/314|[from] Stealth Rock
|turn|5
|
|detailschange|p2a: Latias|Latias-Mega, F
|-mega|p2a: Latias|Latias|Latiasite
|move|p1a: Smeargle|Geomancy|p1a: Smeargle|[still]
|-prepare|p1a: Smeargle|Geomancy|p1a: Smeargle
|-enditem|p1a: Smeargle|Power Herb
|-anim|p1a: Smeargle|Geomancy|p1a: Smeargle
|-boost|p1a: Smeargle|spa|2
|-boost|p1a: Smeargle|spd|2
|-boost|p1a: Smeargle|spe|2
|move|p2a: Latias|Calm Mind|p2a: Latias
|-boost|p2a: Latias|spa|1
|-boost|p2a: Latias|spd|1
|
|-weather|none
|turn|6
|
|move|p1a: Smeargle|Cotton Guard|p1a: Smeargle
|-boost|p1a: Smeargle|def|3
|move|p2a: Latias|Calm Mind|p2a: Latias
|-boost|p2a: Latias|spa|1
|-boost|p2a: Latias|spd|1
|
|turn|7
|
|move|p1a: Smeargle|Baton Pass|p1a: Smeargle
|
|switch|p1a: Espeon|Espeon, F|334\/334
|-damage|p1a: Espeon|293\/334|[from] Stealth Rock
|move|p2a: Latias|Calm Mind|p2a: Latias
|-boost|p2a: Latias|spa|1
|-boost|p2a: Latias|spd|1
|
|-heal|p1a: Espeon|313\/334|[from] item: Leftovers
|turn|8
|
|move|p1a: Espeon|Substitute|p1a: Espeon
|-start|p1a: Espeon|Substitute
|-damage|p1a: Espeon|230\/334
|move|p2a: Latias|Roost|p2a: Latias
|-heal|p2a: Latias|363\/363
|
|-heal|p1a: Espeon|250\/334|[from] item: Leftovers
|-sideend|p1: Dr. Marti|Reflect
|turn|9
|
|move|p1a: Espeon|Dazzling Gleam|p2a: Latias
|-supereffective|p2a: Latias
|-end|p2a: Latias|Substitute
|move|p2a: Latias|Calm Mind|p2a: Latias
|-boost|p2a: Latias|spa|1
|-boost|p2a: Latias|spd|1
|
|-heal|p1a: Espeon|270\/334|[from] item: Leftovers
|-sideend|p1: Dr. Marti|move: Light Screen
|turn|10
|
|move|p1a: Espeon|Dazzling Gleam|p2a: Latias
|-supereffective|p2a: Latias
|-damage|p2a: Latias|291\/363
|move|p2a: Latias|Roost|p2a: Latias
|-heal|p2a: Latias|363\/363
|
|-heal|p1a: Espeon|290\/334|[from] item: Leftovers
|turn|11
|
|move|p1a: Espeon|Stored Power|p2a: Latias
|-resisted|p2a: Latias
|-damage|p2a: Latias|300\/363
|move|p2a: Latias|Substitute|p2a: Latias
|-start|p2a: Latias|Substitute
|-damage|p2a: Latias|210\/363
|
|-heal|p1a: Espeon|310\/334|[from] item: Leftovers
|turn|12
|
|move|p1a: Espeon|Dazzling Gleam|p2a: Latias
|-supereffective|p2a: Latias
|-activate|p2a: Latias|Substitute|[damage]
|move|p2a: Latias|Calm Mind|p2a: Latias
|-boost|p2a: Latias|spa|1
|-boost|p2a: Latias|spd|1
|
|-heal|p1a: Espeon|330\/334|[from] item: Leftovers
|turn|13
|
|move|p1a: Espeon|Dazzling Gleam|p2a: Latias
|-supereffective|p2a: Latias
|-end|p2a: Latias|Substitute
|move|p2a: Latias|Roost|p2a: Latias
|-heal|p2a: Latias|363\/363
|
|-heal|p1a: Espeon|334\/334|[from] item: Leftovers
|turn|14
|
|move|p1a: Espeon|Dazzling Gleam|p2a: Latias
|-supereffective|p2a: Latias
|-damage|p2a: Latias|293\/363
|move|p2a: Latias|Substitute|p2a: Latias
|-start|p2a: Latias|Substitute
|-damage|p2a: Latias|203\/363
|
|turn|15
|
|move|p1a: Espeon|Stored Power|p2a: Latias
|-resisted|p2a: Latias
|-activate|p2a: Latias|Substitute|[damage]
|move|p2a: Latias|Calm Mind|p2a: Latias
|-boost|p2a: Latias|spa|1
|-boost|p2a: Latias|spd|1
|
|turn|16
|
|move|p1a: Espeon|Dazzling Gleam|p2a: Latias
|-supereffective|p2a: Latias
|-end|p2a: Latias|Substitute
|move|p2a: Latias|Roost|p2a: Latias
|-heal|p2a: Latias|363\/363
|
|turn|17
|
|move|p1a: Espeon|Dazzling Gleam|p2a: Latias
|-supereffective|p2a: Latias
|-damage|p2a: Latias|311\/363
|move|p2a: Latias|Substitute|p2a: Latias
|-start|p2a: Latias|Substitute
|-damage|p2a: Latias|221\/363
|
|turn|18
|
|move|p1a: Espeon|Dazzling Gleam|p2a: Latias
|-supereffective|p2a: Latias
|-activate|p2a: Latias|Substitute|[damage]
|move|p2a: Latias|Roost|p2a: Latias
|-heal|p2a: Latias|363\/363
|
|turn|19
|
|move|p1a: Espeon|Dazzling Gleam|p2a: Latias
|-supereffective|p2a: Latias
|-end|p2a: Latias|Substitute
|move|p2a: Latias|Calm Mind|p2a: Latias
|-boost|p2a: Latias|spa|1
|
|turn|20
|
|move|p1a: Espeon|Stored Power|p2a: Latias
|-resisted|p2a: Latias
|-damage|p2a: Latias|309\/363
|move|p2a: Latias|Substitute|p2a: Latias
|-start|p2a: Latias|Substitute
|-damage|p2a: Latias|219\/363
|
|turn|21
|
|move|p1a: Espeon|Stored Power|p2a: Latias
|-resisted|p2a: Latias
|-activate|p2a: Latias|Substitute|[damage]
|move|p2a: Latias|Roost|p2a: Latias
|-heal|p2a: Latias|363\/363
|
|turn|22
|
|move|p1a: Espeon|Dazzling Gleam|p2a: Latias
|-supereffective|p2a: Latias
|-end|p2a: Latias|Substitute
|move|p2a: Latias|Calm Mind|p2a: Latias
|-boost|p2a: Latias|spa|1
|
|turn|23
|
|move|p1a: Espeon|Stored Power|p2a: Latias
|-resisted|p2a: Latias
|-damage|p2a: Latias|309\/363
|move|p2a: Latias|Substitute|p2a: Latias
|-start|p2a: Latias|Substitute
|-damage|p2a: Latias|219\/363
|
|turn|24
|
|move|p1a: Espeon|Stored Power|p2a: Latias
|-resisted|p2a: Latias
|-activate|p2a: Latias|Substitute|[damage]
|move|p2a: Latias|Roost|p2a: Latias
|-heal|p2a: Latias|363\/363
|
|turn|25
|
|move|p1a: Espeon|Stored Power|p2a: Latias
|-resisted|p2a: Latias
|-end|p2a: Latias|Substitute
|move|p2a: Latias|Stored Power|p1a: Espeon
|-resisted|p1a: Espeon
|-end|p1a: Espeon|Substitute
|
|turn|26
|
|move|p1a: Espeon|Substitute|p1a: Espeon
|-start|p1a: Espeon|Substitute
|-damage|p1a: Espeon|251\/334
|move|p2a: Latias|Stored Power|p1a: Espeon
|-resisted|p1a: Espeon
|-end|p1a: Espeon|Substitute
|
|-heal|p1a: Espeon|271\/334|[from] item: Leftovers
|turn|27
|
|move|p1a: Espeon|Substitute|p1a: Espeon
|-start|p1a: Espeon|Substitute
|-damage|p1a: Espeon|188\/334
|move|p2a: Latias|Stored Power|p1a: Espeon
|-resisted|p1a: Espeon
|-end|p1a: Espeon|Substitute
|
|-heal|p1a: Espeon|208\/334|[from] item: Leftovers
|turn|28
|
|move|p1a: Espeon|Substitute|p1a: Espeon
|-start|p1a: Espeon|Substitute
|-damage|p1a: Espeon|125\/334
|move|p2a: Latias|Stored Power|p1a: Espeon
|-resisted|p1a: Espeon
|-end|p1a: Espeon|Substitute
|
|-heal|p1a: Espeon|145\/334|[from] item: Leftovers
|turn|29
|
|move|p1a: Espeon|Morning Sun|p1a: Espeon
|-heal|p1a: Espeon|312\/334
|move|p2a: Latias|Stored Power|p1a: Espeon
|-resisted|p1a: Espeon
|-damage|p1a: Espeon|0 fnt
|faint|p1a: Espeon
|
|
|switch|p1a: Smeargle|Smeargle, F|275\/314
|-damage|p1a: Smeargle|236\/314|[from] Stealth Rock
|turn|30
|
|move|p1a: Smeargle|Spore|p2a: Latias
|-status|p2a: Latias|slp
|cant|p2a: Latias|slp
|
|turn|31
|
|switch|p1a: Gothitelle|Gothitelle, F|281\/281
|-damage|p1a: Gothitelle|246\/281|[from] Stealth Rock
|cant|p2a: Latias|slp
|
|turn|32
|
|move|p1a: Gothitelle|Trick|p2a: Latias
|-fail|p2a: Latias
|cant|p2a: Latias|slp
|
|turn|33
|-message|Dr. Marti forfeited.
|leave|Dr. Marti
|
|win|terry41
|raw|Ladder updating...
|player|p1
|raw|Dr. Marti's rating: 1568 &rarr; <strong>1549<\/strong><br \/>(-19 for losing)
|raw|terry41's rating: 1591 &rarr; <strong>1609<\/strong><br \/>(+18 for winning)