|join|Haytunes
|join|Dr. Marti
|player|p1|Haytunes|213
|player|p2|Dr. Marti|210
|gametype|singles
|gen|6
|tier|OU
|rated
|clearpoke
|poke|p1|Gengar, F
|poke|p1|Azumarill, M
|poke|p1|Scizor, M
|poke|p1|Celebi
|poke|p1|Landorus-Therian, M
|poke|p1|Heatran, M
|poke|p2|Talonflame, M
|poke|p2|Azelf
|poke|p2|Smeargle, M
|poke|p2|Whimsicott, M, shiny
|poke|p2|Espeon, M, shiny
|poke|p2|Gothitelle, F
|rule|Swagger Clause: Swagger is banned
|rule|Baton Pass Clause: Limit one PokÃ©mon knowing Baton Pass
|rule|Sleep Clause Mod: Limit one foe put to sleep
|rule|Species Clause: Limit one of each PokÃ©mon
|rule|OHKO Clause: OHKO moves are banned
|rule|Moody Clause: Moody is banned
|rule|Evasion Moves Clause: Evasion moves are banned
|rule|Endless Battle Clause: Forcing endless battles is banned
|rule|HP Percentage Mod: HP is shown in percentages
|teampreview
|
|start
|switch|p1a: Gengar|Gengar, F|262\/262
|switch|p2a: Azelf|Azelf|353\/353
|turn|1
|
|switch|p1a: Scizor|Scizor, M|343\/343
|move|p2a: Azelf|Light Screen|p2a: Azelf
|-sidestart|p2: Dr. Marti|move: Light Screen
|
|turn|2
|
|detailschange|p1a: Scizor|Scizor-Mega, M
|-mega|p1a: Scizor|Scizor|Scizorite
|move|p2a: Azelf|Reflect|p2a: Azelf
|-sidestart|p2: Dr. Marti|Reflect
|move|p1a: Scizor|Knock Off|p2a: Azelf
|-supereffective|p2a: Azelf
|-damage|p2a: Azelf|185\/353
|-enditem|p2a: Azelf|Light Clay|[from] move: Knock Off|[of] p1a: Scizor
|
|turn|3
|
|move|p2a: Azelf|Taunt|p1a: Scizor
|-start|p1a: Scizor|move: Taunt
|cant|p1a: Scizor|move: Taunt|Swords Dance
|
|turn|4
|
|move|p2a: Azelf|Explosion|p1a: Scizor
|-resisted|p1a: Scizor
|-damage|p1a: Scizor|258\/343
|faint|p2a: Azelf
|move|p1a: Scizor|Knock Off|p2: Azelf|[notarget]
|-notarget
|
|
|switch|p2a: Whimsicott|Whimsicott, M, shiny|323\/323
|turn|5
|
|move|p2a: Whimsicott|Memento|p1a: Scizor
|-unboost|p1a: Scizor|atk|2
|-unboost|p1a: Scizor|spa|2
|faint|p2a: Whimsicott
|move|p1a: Scizor|Bullet Punch|p2: Whimsicott|[notarget]
|-notarget
|
|-end|p1a: Scizor|move: Taunt
|
|switch|p2a: Smeargle|Smeargle, M|313\/313
|turn|6
|
|switch|p1a: Azumarill|Azumarill, M|364\/364
|move|p2a: Smeargle|Geomancy|p2a: Smeargle|[still]
|-prepare|p2a: Smeargle|Geomancy|p2a: Smeargle
|-enditem|p2a: Smeargle|Power Herb
|-anim|p2a: Smeargle|Geomancy|p2a: Smeargle
|-boost|p2a: Smeargle|spa|2
|-boost|p2a: Smeargle|spd|2
|-boost|p2a: Smeargle|spe|2
|
|turn|7
|
|move|p2a: Smeargle|Spore|p1a: Azumarill
|-status|p1a: Azumarill|slp
|cant|p1a: Azumarill|slp
|
|turn|8
|
|switch|p1a: Scizor|Scizor-Mega, M|258\/343
|move|p2a: Smeargle|Cotton Guard|p2a: Smeargle
|-boost|p2a: Smeargle|def|3
|
|-sideend|p2: Dr. Marti|move: Light Screen
|turn|9
|
|move|p2a: Smeargle|Cotton Guard|p2a: Smeargle
|-boost|p2a: Smeargle|def|3
|move|p1a: Scizor|Knock Off|p2a: Smeargle
|-damage|p2a: Smeargle|289\/313
|
|-sideend|p2: Dr. Marti|Reflect
|turn|10
|
|switch|p1a: Gengar|Gengar, F|262\/262
|move|p2a: Smeargle|Geomancy|p2a: Smeargle|[still]
|-prepare|p2a: Smeargle|Geomancy|p2a: Smeargle
|
|turn|11
|
|move|p2a: Smeargle|Geomancy|p2a: Smeargle
|-boost|p2a: Smeargle|spa|2
|-boost|p2a: Smeargle|spd|2
|-boost|p2a: Smeargle|spe|2
|move|p1a: Gengar|Focus Blast|p2a: Smeargle
|-crit|p2a: Smeargle
|-supereffective|p2a: Smeargle
|-damage|p2a: Smeargle|0 fnt
|faint|p2a: Smeargle
|
|c|âDr. Marti|....
|c|âDr. Marti|Fuck yourself
|c|âHaytunes|HAHAHAHAHA
|-message|Dr. Marti forfeited.
|leave|Dr. Marti
|
|win|Haytunes
|raw|Ladder updating...
|player|p2