|join|Pheonixmaster
|join|sikaz
|player|p1|Pheonixmaster|167
|player|p2|sikaz|169
|gametype|singles
|gen|6
|tier|OU
|rated
|clearpoke
|poke|p1|Smeargle, F
|poke|p1|Camerupt, M
|poke|p1|Bronzong
|poke|p1|Heatran, F
|poke|p1|Cresselia, F
|poke|p1|Porygon2
|poke|p2|Heatran, F
|poke|p2|Dugtrio, M
|poke|p2|Zapdos
|poke|p2|Medicham, M
|poke|p2|Sableye, F
|poke|p2|Landorus, M
|rule|Swagger Clause: Swagger is banned
|rule|Baton Pass Clause: Limit one PokÃ©mon knowing Baton Pass
|rule|Sleep Clause Mod: Limit one foe put to sleep
|rule|Species Clause: Limit one of each PokÃ©mon
|rule|OHKO Clause: OHKO moves are banned
|rule|Moody Clause: Moody is banned
|rule|Evasion Moves Clause: Evasion moves are banned
|rule|Endless Battle Clause: Forcing endless battles is banned
|rule|HP Percentage Mod: HP is shown in percentages
|teampreview
|
|start
|switch|p1a: Smeargle|Smeargle, F|313\/313
|switch|p2a: Sableye|Sableye, F|304\/304
|turn|1
|
|switch|p1a: Camerupt|Camerupt, M|281\/281
|move|p2a: Sableye|Taunt|p1a: Camerupt
|-start|p1a: Camerupt|move: Taunt
|
|turn|2
|
|switch|p2a: Landorus|Landorus, M|319\/319
|switch|p1a: Porygon2|Porygon2|374\/374
|-boost|p1a: Porygon2|spa|1|[from] ability: Download
|
|turn|3
|
|move|p2a: Landorus|Focus Blast|p1a: Porygon2|[miss]
|-miss|p2a: Landorus|p1a: Porygon2
|move|p1a: Porygon2|Tri Attack|p2a: Landorus
|-damage|p2a: Landorus|67\/319
|
|turn|4
|
|switch|p1a: Cresselia|Cresselia, F|444\/444
|move|p2a: Landorus|Focus Blast|p1a: Cresselia
|-resisted|p1a: Cresselia
|-damage|p1a: Cresselia|349\/444
|
|turn|5
|
|switch|p2a: Heatran|Heatran, F|386\/386
|move|p1a: Cresselia|Trick Room|p1a: Cresselia
|-fieldstart|move: Trick Room|[of] p1a: Cresselia
|
|turn|6
|
|switch|p1a: Smeargle|Smeargle, F|313\/313
|move|p2a: Heatran|Stealth Rock|p1a: Smeargle
|-sidestart|p1: Pheonixmaster|move: Stealth Rock
|
|turn|7
|
|move|p1a: Smeargle|Spore|p2a: Heatran
|-status|p2a: Heatran|slp
|cant|p2a: Heatran|slp
|
|turn|8
|
|switch|p2a: Sableye|Sableye, F|304\/304
|move|p1a: Smeargle|Stealth Rock|p2a: Sableye
|-sidestart|p2: sikaz|move: Stealth Rock
|
|turn|9
|
|switch|p1a: Porygon2|Porygon2|374\/374
|-damage|p1a: Porygon2|328\/374|[from] Stealth Rock
|-boost|p1a: Porygon2|spa|1|[from] ability: Download
|move|p2a: Sableye|Knock Off|p1a: Porygon2
|-damage|p1a: Porygon2|262\/374
|-enditem|p1a: Porygon2|Eviolite|[from] move: Knock Off|[of] p2a: Sableye
|
|-fieldend|move: Trick Room
|turn|10
|
|move|p2a: Sableye|Will-O-Wisp|p1a: Porygon2
|-status|p1a: Porygon2|brn
|move|p1a: Porygon2|Trick Room|p1a: Porygon2
|-fieldstart|move: Trick Room|[of] p1a: Porygon2
|
|-damage|p1a: Porygon2|216\/374 brn|[from] brn
|turn|11
|
|switch|p1a: Camerupt|Camerupt, M|281\/281
|-damage|p1a: Camerupt|246\/281|[from] Stealth Rock
|move|p2a: Sableye|Knock Off|p1a: Camerupt
|-damage|p1a: Camerupt|159\/281
|
|turn|12
|
|detailschange|p1a: Camerupt|Camerupt-Mega, M
|-mega|p1a: Camerupt|Camerupt|Cameruptite
|move|p2a: Sableye|Taunt|p1a: Camerupt
|-start|p1a: Camerupt|move: Taunt
|move|p1a: Camerupt|Earth Power|p2a: Sableye
|-damage|p2a: Sableye|25\/304
|
|-heal|p2a: Sableye|44\/304|[from] item: Leftovers
|turn|13
|
|switch|p2a: Landorus|Landorus, M|67\/319
|-damage|p2a: Landorus|28\/319|[from] Stealth Rock
|move|p1a: Camerupt|Fire Blast|p2a: Landorus
|-damage|p2a: Landorus|0 fnt
|faint|p2a: Landorus
|
|
|switch|p2a: Zapdos|Zapdos|384\/384
|-damage|p2a: Zapdos|288\/384|[from] Stealth Rock
|-ability|p2a: Zapdos|Pressure
|turn|14
|
|switch|p1a: Smeargle|Smeargle, F|313\/313
|-damage|p1a: Smeargle|274\/313|[from] Stealth Rock
|move|p2a: Zapdos|Defog|p1a: Smeargle
|-unboost|p1a: Smeargle|evasion|1
|-sideend|p1: Pheonixmaster|Stealth Rock|[from] move: Defog|[of] p1a: Smeargle
|-sideend|p2: sikaz|Stealth Rock|[from] move: Defog|[of] p2a: Zapdos
|
|-heal|p2a: Zapdos|312\/384|[from] item: Leftovers
|-fieldend|move: Trick Room
|turn|15
|
|move|p2a: Zapdos|Volt Switch|p1a: Smeargle
|-damage|p1a: Smeargle|78\/313
|
|switch|p2a: Sableye|Sableye, F|44\/304
|move|p1a: Smeargle|Trick Room|p1a: Smeargle
|-fieldstart|move: Trick Room|[of] p1a: Smeargle
|
|-heal|p2a: Sableye|63\/304|[from] item: Leftovers
|turn|16
|
|switch|p2a: Dugtrio|Dugtrio, M|211\/211
|switch|p1a: Camerupt|Camerupt-Mega, M|159\/281
|
|turn|17
|
|move|p1a: Camerupt|Earth Power|p2a: Dugtrio
|-enditem|p2a: Dugtrio|Focus Sash
|-damage|p2a: Dugtrio|1\/211
|move|p2a: Dugtrio|Earthquake|p1a: Camerupt
|-supereffective|p1a: Camerupt
|-damage|p1a: Camerupt|0 fnt
|faint|p1a: Camerupt
|
|
|switch|p1a: Smeargle|Smeargle, F|78\/313
|turn|18
|
|switch|p2a: Zapdos|Zapdos|312\/384
|-ability|p2a: Zapdos|Pressure
|move|p1a: Smeargle|Destiny Bond|p1a: Smeargle
|-singlemove|p1a: Smeargle|Destiny Bond
|
|-heal|p2a: Zapdos|336\/384|[from] item: Leftovers
|turn|19
|
|move|p2a: Zapdos|Volt Switch|p1a: Smeargle
|-damage|p1a: Smeargle|0 fnt
|faint|p1a: Smeargle
|-activate|p1a: Smeargle|Destiny Bond
|faint|p2a: Zapdos
|
|-fieldend|move: Trick Room
|
|switch|p1a: Cresselia|Cresselia, F|349\/444
|switch|p2a: Heatran|Heatran, F|386\/386 slp
|turn|20
|
|-curestatus|p2a: Heatran|slp
|move|p2a: Heatran|Lava Plume|p1a: Cresselia
|-damage|p1a: Cresselia|223\/444
|move|p1a: Cresselia|Sunny Day|p1a: Cresselia
|-weather|SunnyDay
|
|-weather|SunnyDay|[upkeep]
|turn|21
|
|switch|p2a: Dugtrio|Dugtrio, M|1\/211
|move|p1a: Cresselia|Trick Room|p1a: Cresselia
|-fieldstart|move: Trick Room|[of] p1a: Cresselia
|
|-weather|SunnyDay|[upkeep]
|turn|22
|
|switch|p2a: Sableye|Sableye, F|63\/304
|move|p1a: Cresselia|Psychic|p2a: Sableye
|-immune|p2a: Sableye|[msg]
|
|-weather|SunnyDay|[upkeep]
|-heal|p2a: Sableye|82\/304|[from] item: Leftovers
|turn|23
|
|switch|p1a: Heatran|Heatran, F|386\/386
|move|p2a: Sableye|Knock Off|p1a: Heatran
|-damage|p1a: Heatran|305\/386
|-enditem|p1a: Heatran|Choice Specs|[from] move: Knock Off|[of] p2a: Sableye
|
|-weather|SunnyDay|[upkeep]
|-heal|p2a: Sableye|101\/304|[from] item: Leftovers
|turn|24
|
|switch|p2a: Heatran|Heatran, F|386\/386
|move|p1a: Heatran|Earth Power|p2a: Heatran
|-supereffective|p2a: Heatran
|-damage|p2a: Heatran|0 fnt
|faint|p2a: Heatran
|
|-weather|SunnyDay|[upkeep]
|
|switch|p2a: Sableye|Sableye, F|101\/304
|turn|25
|
|switch|p1a: Porygon2|Porygon2|216\/374 brn
|-boost|p1a: Porygon2|spa|1|[from] ability: Download
|move|p2a: Sableye|Recover|p2a: Sableye
|-heal|p2a: Sableye|253\/304
|
|-weather|SunnyDay|[upkeep]
|-heal|p2a: Sableye|272\/304|[from] item: Leftovers
|-damage|p1a: Porygon2|170\/374 brn|[from] brn
|-fieldend|move: Trick Room
|turn|26
|
|move|p2a: Sableye|Taunt|p1a: Porygon2
|-start|p1a: Porygon2|move: Taunt
|move|p1a: Porygon2|Thunderbolt|p2a: Sableye
|-damage|p2a: Sableye|99\/304
|
|-weather|SunnyDay|[upkeep]
|-heal|p2a: Sableye|118\/304|[from] item: Leftovers
|-damage|p1a: Porygon2|124\/374 brn|[from] brn
|turn|27
|
|move|p2a: Sableye|Recover|p2a: Sableye
|-heal|p2a: Sableye|270\/304
|move|p1a: Porygon2|Thunderbolt|p2a: Sableye
|-damage|p2a: Sableye|109\/304
|
|-weather|none
|-heal|p2a: Sableye|128\/304|[from] item: Leftovers
|-damage|p1a: Porygon2|78\/374 brn|[from] brn
|turn|28
|
|move|p2a: Sableye|Recover|p2a: Sableye
|-heal|p2a: Sableye|280\/304
|move|p1a: Porygon2|Tri Attack|p2a: Sableye
|-immune|p2a: Sableye|[msg]
|
|-heal|p2a: Sableye|299\/304|[from] item: Leftovers
|-damage|p1a: Porygon2|32\/374 brn|[from] brn
|-end|p1a: Porygon2|move: Taunt
|turn|29
|
|move|p2a: Sableye|Taunt|p1a: Porygon2
|-start|p1a: Porygon2|move: Taunt
|cant|p1a: Porygon2|move: Taunt|Trick Room
|
|-heal|p2a: Sableye|304\/304|[from] item: Leftovers
|-damage|p1a: Porygon2|0 fnt|[from] brn
|faint|p1a: Porygon2
|
|switch|p1a: Heatran|Heatran, F|305\/386
|turn|30
|
|switch|p1a: Cresselia|Cresselia, F|223\/444
|move|p2a: Sableye|Knock Off|p1a: Cresselia
|-supereffective|p1a: Cresselia
|-damage|p1a: Cresselia|103\/444
|-enditem|p1a: Cresselia|Heat Rock|[from] move: Knock Off|[of] p2a: Sableye
|
|turn|31
|
|switch|p1a: Heatran|Heatran, F|305\/386
|move|p2a: Sableye|Taunt|p1a: Heatran
|-start|p1a: Heatran|move: Taunt
|
|turn|32
|
|move|p1a: Heatran|Eruption|p2a: Sableye
|-damage|p2a: Sableye|54\/304
|move|p2a: Sableye|Knock Off|p1a: Heatran
|-damage|p1a: Heatran|244\/386
|
|-heal|p2a: Sableye|73\/304|[from] item: Leftovers
|turn|33
|
|move|p2a: Sableye|Recover|p2a: Sableye
|-heal|p2a: Sableye|225\/304
|move|p1a: Heatran|Fire Blast|p2a: Sableye|[miss]
|-miss|p1a: Heatran|p2a: Sableye
|
|-heal|p2a: Sableye|244\/304|[from] item: Leftovers
|turn|34
|
|move|p1a: Heatran|Eruption|p2a: Sableye
|-crit|p2a: Sableye
|-damage|p2a: Sableye|0 fnt
|faint|p2a: Sableye
|
|-end|p1a: Heatran|move: Taunt
|
|switch|p2a: Dugtrio|Dugtrio, M|1\/211
|turn|35
|
|move|p2a: Dugtrio|Shadow Claw|p1a: Heatran
|-damage|p1a: Heatran|190\/386
|move|p1a: Heatran|Fire Blast|p2a: Dugtrio
|-damage|p2a: Dugtrio|0 fnt
|faint|p2a: Dugtrio
|
|
|switch|p2a: Medicham|Medicham, M|261\/261
|turn|36
|
|switch|p1a: Cresselia|Cresselia, F|103\/444
|move|p2a: Medicham|Drain Punch|p1a: Cresselia
|-resisted|p1a: Cresselia
|-damage|p1a: Cresselia|49\/444
|
|turn|37
|
|detailschange|p2a: Medicham|Medicham-Mega, M
|-mega|p2a: Medicham|Medicham|Medichamite
|move|p2a: Medicham|Ice Punch|p1a: Cresselia
|-damage|p1a: Cresselia|0 fnt
|faint|p1a: Cresselia
|
|
|switch|p1a: Bronzong|Bronzong|338\/338
|turn|38
|
|move|p2a: Medicham|Drain Punch|p1a: Bronzong
|-damage|p1a: Bronzong|131\/338
|move|p1a: Bronzong|Trick Room|p1a: Bronzong
|-fieldstart|move: Trick Room|[of] p1a: Bronzong
|
|turn|39
|
|move|p1a: Bronzong|Explosion|p2a: Medicham
|-damage|p2a: Medicham|0 fnt
|faint|p1a: Bronzong
|faint|p2a: Medicham
|
|win|Pheonixmaster
|raw|Ladder updating...
|raw|Pheonixmaster's rating: 1375 &rarr; <strong>1399<\/strong><br \/>(+24 for winning)
|raw|sikaz's rating: 1438 &rarr; <strong>1414<\/strong><br \/>(-24 for losing)
|c|âsikaz|nice
|c|âsikaz|gg