|join|Pheonixmaster
|join|Luis coco
|player|p1|Pheonixmaster|167
|player|p2|Luis coco|256
|gametype|singles
|gen|6
|tier|OU
|rated
|clearpoke
|poke|p1|Azelf
|poke|p1|Camerupt, M
|poke|p1|Bronzong
|poke|p1|Heatran, M
|poke|p1|Cresselia, F
|poke|p1|Porygon2
|poke|p2|Landorus-Therian, M
|poke|p2|Latios, M
|poke|p2|Clefable, F
|poke|p2|Keldeo
|poke|p2|Metagross
|poke|p2|Bisharp, F
|rule|Swagger Clause: Swagger is banned
|rule|Baton Pass Clause: Limit one PokÃ©mon knowing Baton Pass
|rule|Sleep Clause Mod: Limit one foe put to sleep
|rule|Species Clause: Limit one of each PokÃ©mon
|rule|OHKO Clause: OHKO moves are banned
|rule|Moody Clause: Moody is banned
|rule|Evasion Moves Clause: Evasion moves are banned
|rule|Endless Battle Clause: Forcing endless battles is banned
|rule|HP Percentage Mod: HP is shown in percentages
|teampreview
|
|start
|switch|p1a: Azelf|Azelf|291\/291
|switch|p2a: Landorus-Therian|Landorus-Therian, M|319\/319
|-ability|p2a: Landorus-Therian|Intimidate|[of] p1a: Azelf
|-unboost|p1a: Azelf|atk|1
|turn|1
|
|move|p2a: Landorus-Therian|Earthquake|p1a: Azelf
|-immune|p1a: Azelf|[msg]
|move|p1a: Azelf|Stealth Rock|p2a: Landorus-Therian
|-sidestart|p2: Luis coco|move: Stealth Rock
|
|turn|2
|
|switch|p2a: Bisharp|Bisharp, F|271\/271
|-damage|p2a: Bisharp|255\/271|[from] Stealth Rock
|move|p1a: Azelf|Taunt|p2a: Bisharp
|-start|p2a: Bisharp|move: Taunt
|
|turn|3
|
|move|p2a: Bisharp|Knock Off|p1a: Azelf
|-supereffective|p1a: Azelf
|-enditem|p1a: Azelf|Focus Sash
|-damage|p1a: Azelf|1\/291
|-damage|p2a: Bisharp|228\/271|[from] item: Life Orb
|move|p1a: Azelf|Trick Room|p1a: Azelf
|-fieldstart|move: Trick Room|[of] p1a: Azelf
|
|turn|4
|
|move|p2a: Bisharp|Sucker Punch|p1a: Azelf
|-supereffective|p1a: Azelf
|-damage|p1a: Azelf|0 fnt
|-damage|p2a: Bisharp|201\/271|[from] item: Life Orb
|faint|p1a: Azelf
|
|
|switch|p1a: Camerupt|Camerupt, M|281\/281
|turn|5
|
|detailschange|p1a: Camerupt|Camerupt-Mega, M
|-mega|p1a: Camerupt|Camerupt|Cameruptite
|move|p2a: Bisharp|Sucker Punch|p1a: Camerupt
|-damage|p1a: Camerupt|116\/281
|-damage|p2a: Bisharp|174\/271|[from] item: Life Orb
|move|p1a: Camerupt|Fire Blast|p2a: Bisharp
|-supereffective|p2a: Bisharp
|-damage|p2a: Bisharp|0 fnt
|faint|p2a: Bisharp
|
|
|switch|p2a: Latios|Latios, M|301\/301
|-damage|p2a: Latios|264\/301|[from] Stealth Rock
|turn|6
|
|switch|p1a: Bronzong|Bronzong|338\/338
|move|p2a: Latios|Psyshock|p1a: Bronzong
|-resisted|p1a: Bronzong
|-damage|p1a: Bronzong|299\/338
|-damage|p2a: Latios|234\/301|[from] item: Life Orb
|
|turn|7
|
|move|p1a: Bronzong|Gyro Ball|p2a: Latios
|-damage|p2a: Latios|0 fnt
|faint|p2a: Latios
|
|-fieldend|move: Trick Room
|c|âPheonixmaster|LOL
|
|switch|p2a: Clefable|Clefable, F|394\/394
|turn|8
|c|âLuis coco|o.O
|
|move|p2a: Clefable|Calm Mind|p2a: Clefable
|-boost|p2a: Clefable|spa|1
|-boost|p2a: Clefable|spd|1
|move|p1a: Bronzong|Trick Room|p1a: Bronzong
|-fieldstart|move: Trick Room|[of] p1a: Bronzong
|
|turn|9
|
|move|p1a: Bronzong|Gyro Ball|p2a: Clefable
|-supereffective|p2a: Clefable
|-damage|p2a: Clefable|224\/394
|move|p2a: Clefable|Calm Mind|p2a: Clefable
|-boost|p2a: Clefable|spa|1
|-boost|p2a: Clefable|spd|1
|
|-heal|p2a: Clefable|248\/394|[from] item: Leftovers
|turn|10
|
|switch|p1a: Camerupt|Camerupt-Mega, M|116\/281
|move|p2a: Clefable|Soft-Boiled|p2a: Clefable
|-heal|p2a: Clefable|394\/394
|
|turn|11
|
|move|p1a: Camerupt|Fire Blast|p2a: Clefable
|-damage|p2a: Clefable|217\/394
|move|p2a: Clefable|Moonblast|p1a: Camerupt
|-resisted|p1a: Camerupt
|-damage|p1a: Camerupt|9\/281
|
|-heal|p2a: Clefable|241\/394|[from] item: Leftovers
|turn|12
|
|move|p1a: Camerupt|Fire Blast|p2a: Clefable
|-damage|p2a: Clefable|67\/394
|move|p2a: Clefable|Soft-Boiled|p2a: Clefable
|-heal|p2a: Clefable|264\/394
|
|-heal|p2a: Clefable|288\/394|[from] item: Leftovers
|-fieldend|move: Trick Room
|turn|13
|
|switch|p1a: Cresselia|Cresselia, F|444\/444
|move|p2a: Clefable|Moonblast|p1a: Cresselia
|-damage|p1a: Cresselia|270\/444
|
|-heal|p2a: Clefable|312\/394|[from] item: Leftovers
|turn|14
|
|move|p1a: Cresselia|Sunny Day|p1a: Cresselia
|-weather|SunnyDay
|move|p2a: Clefable|Calm Mind|p2a: Clefable
|-boost|p2a: Clefable|spa|1
|-boost|p2a: Clefable|spd|1
|
|-weather|SunnyDay|[upkeep]
|-heal|p2a: Clefable|336\/394|[from] item: Leftovers
|turn|15
|
|move|p2a: Clefable|Moonblast|p1a: Cresselia
|-crit|p1a: Cresselia
|-damage|p1a: Cresselia|0 fnt
|faint|p1a: Cresselia
|
|-weather|SunnyDay|[upkeep]
|-heal|p2a: Clefable|360\/394|[from] item: Leftovers
|c|âPheonixmaster|yeah sure just crit me
|
|switch|p1a: Porygon2|Porygon2|374\/374
|-boost|p1a: Porygon2|atk|1|[from] ability: Download
|turn|16
|
|move|p2a: Clefable|Moonblast|p1a: Porygon2
|-crit|p1a: Porygon2
|-damage|p1a: Porygon2|115\/374
|-unboost|p1a: Porygon2|spa|1
|move|p1a: Porygon2|Trick Room|p1a: Porygon2
|-fieldstart|move: Trick Room|[of] p1a: Porygon2
|
|-weather|SunnyDay|[upkeep]
|-heal|p2a: Clefable|384\/394|[from] item: Leftovers
|turn|17
|
|move|p1a: Porygon2|Tri Attack|p2a: Clefable
|-crit|p2a: Clefable
|-damage|p2a: Clefable|144\/394
|move|p2a: Clefable|Calm Mind|p2a: Clefable
|-boost|p2a: Clefable|spa|1
|-boost|p2a: Clefable|spd|1
|
|-weather|SunnyDay|[upkeep]
|-heal|p2a: Clefable|168\/394|[from] item: Leftovers
|turn|18
|
|switch|p1a: Heatran|Heatran, M|386\/386
|move|p2a: Clefable|Soft-Boiled|p2a: Clefable
|-heal|p2a: Clefable|365\/394
|
|-weather|SunnyDay|[upkeep]
|-heal|p2a: Clefable|389\/394|[from] item: Leftovers
|turn|19
|
|move|p1a: Heatran|Eruption|p2a: Clefable
|-damage|p2a: Clefable|128\/394
|move|p2a: Clefable|Moonblast|p1a: Heatran
|-resisted|p1a: Heatran
|-damage|p1a: Heatran|310\/386
|
|-weather|SunnyDay|[upkeep]
|-heal|p2a: Clefable|152\/394|[from] item: Leftovers
|turn|20
|
|move|p1a: Heatran|Eruption|p2a: Clefable
|-damage|p2a: Clefable|0 fnt
|faint|p2a: Clefable
|
|-weather|SunnyDay|[upkeep]
|-fieldend|move: Trick Room
|c|âPheonixmaster|Lmao
|
|switch|p2a: Keldeo|Keldeo|323\/323
|-damage|p2a: Keldeo|303\/323|[from] Stealth Rock
|turn|21
|
|switch|p1a: Porygon2|Porygon2|115\/374
|-boost|p1a: Porygon2|atk|1|[from] ability: Download
|move|p2a: Keldeo|Scald|p1a: Porygon2
|-damage|p1a: Porygon2|34\/374
|
|-weather|none
|turn|22
|
|move|p2a: Keldeo|Scald|p1a: Porygon2
|-damage|p1a: Porygon2|0 fnt
|faint|p1a: Porygon2
|
|
|switch|p1a: Bronzong|Bronzong|299\/338
|turn|23
|
|move|p2a: Keldeo|Scald|p1a: Bronzong
|-damage|p1a: Bronzong|119\/338
|move|p1a: Bronzong|Trick Room|p1a: Bronzong
|-fieldstart|move: Trick Room|[of] p1a: Bronzong
|
|turn|24
|
|move|p1a: Bronzong|Explosion|p2a: Keldeo
|-damage|p2a: Keldeo|42\/323
|faint|p1a: Bronzong
|move|p2a: Keldeo|Scald|p1: Bronzong|[notarget]
|-notarget
|
|
|switch|p1a: Heatran|Heatran, M|310\/386
|turn|25
|c|âLuis coco|scarf
|c|âLuis coco|XD
|c|âLuis coco|heatran
|c|âLuis coco|?
|c|âPheonixmaster|You are genius!
|
|move|p1a: Heatran|Eruption|p2a: Keldeo
|-resisted|p2a: Keldeo
|-damage|p2a: Keldeo|0 fnt
|faint|p2a: Keldeo
|
|
|switch|p2a: Landorus-Therian|Landorus-Therian, M|319\/319
|-damage|p2a: Landorus-Therian|280\/319|[from] Stealth Rock
|-ability|p2a: Landorus-Therian|Intimidate|[of] p1a: Heatran
|-unboost|p1a: Heatran|atk|1
|turn|26
|
|move|p1a: Heatran|Eruption|p2a: Landorus-Therian
|-damage|p2a: Landorus-Therian|0 fnt
|faint|p2a: Landorus-Therian
|
|c|âLuis coco|wats?
|c|âLuis coco|no es scarf?
|c|âPheonixmaster|Like I said you are genius! :D
|c|âLuis coco|gg
|
|switch|p2a: Metagross|Metagross|301\/301
|-damage|p2a: Metagross|283\/301|[from] Stealth Rock
|turn|27
|
|detailschange|p2a: Metagross|Metagross-Mega
|-mega|p2a: Metagross|Metagross|Metagrossite
|move|p1a: Heatran|Eruption|p2a: Metagross
|-supereffective|p2a: Metagross
|-damage|p2a: Metagross|0 fnt
|faint|p2a: Metagross
|
|win|Pheonixmaster
|raw|Ladder updating...
|raw|Pheonixmaster's rating: 1460 &rarr; <strong>1477<\/strong><br \/>(+17 for winning)
|raw|Luis coco's rating: 1416 &rarr; <strong>1399<\/strong><br \/>(-17 for losing)
|leave|Luis coco
|player|p2