|join|jpw234
|join|Pheonixmaster
|player|p1|jpw234|290
|player|p2|Pheonixmaster|167
|gametype|singles
|gen|6
|tier|OU
|rated
|clearpoke
|poke|p1|Tangrowth, M
|poke|p1|Alomomola, F
|poke|p1|Heatran, F
|poke|p1|Altaria, M
|poke|p1|Scizor, F
|poke|p1|Raikou
|poke|p2|Metagross, shiny
|poke|p2|Landorus, M
|poke|p2|Heracross, M
|poke|p2|Latias, F
|poke|p2|Rotom-Wash
|poke|p2|Clefable, F
|rule|Swagger Clause: Swagger is banned
|rule|Baton Pass Clause: Limit one PokÃ©mon knowing Baton Pass
|rule|Sleep Clause Mod: Limit one foe put to sleep
|rule|Species Clause: Limit one of each PokÃ©mon
|rule|OHKO Clause: OHKO moves are banned
|rule|Moody Clause: Moody is banned
|rule|Evasion Moves Clause: Evasion moves are banned
|rule|Endless Battle Clause: Forcing endless battles is banned
|rule|HP Percentage Mod: HP is shown in percentages
|teampreview
|c|âjpw234|glhf
|c|âPheonixmaster|u2
|
|start
|switch|p1a: Raikou|Raikou|321\/321
|switch|p2a: King Kittan|Heracross, M|301\/301
|-ability|p1a: Raikou|Pressure
|turn|1
|
|move|p1a: Raikou|Volt Switch|p2a: King Kittan
|-damage|p2a: King Kittan|187\/301
|
|switch|p1a: Altaria|Altaria, M|353\/353
|move|p2a: King Kittan|Close Combat|p1a: Altaria
|-resisted|p1a: Altaria
|-damage|p1a: Altaria|220\/353
|-unboost|p2a: King Kittan|def|1
|-unboost|p2a: King Kittan|spd|1
|
|turn|2
|
|switch|p2a: Lancelot|Metagross, shiny|301\/301
|detailschange|p1a: Altaria|Altaria-Mega, M
|-mega|p1a: Altaria|Altaria|Altarianite
|move|p1a: Altaria|Roost|p1a: Altaria
|-heal|p1a: Altaria|353\/353
|
|turn|3
|
|switch|p2a: King Kittan|Heracross, M|187\/301
|switch|p1a: Alomomola|Alomomola, F|501\/501
|
|turn|4
|
|move|p1a: Alomomola|Protect|p1a: Alomomola
|-singleturn|p1a: Alomomola|Protect
|move|p2a: King Kittan|Close Combat|p1a: Alomomola
|-activate|p1a: Alomomola|Protect
|
|turn|5
|
|switch|p1a: Altaria|Altaria-Mega, M|353\/353
|move|p2a: King Kittan|Close Combat|p1a: Altaria
|-resisted|p1a: Altaria
|-damage|p1a: Altaria|239\/353
|-unboost|p2a: King Kittan|def|1
|-unboost|p2a: King Kittan|spd|1
|
|turn|6
|
|switch|p2a: Lancelot|Metagross, shiny|301\/301
|move|p1a: Altaria|Hyper Voice|p2a: Lancelot
|-resisted|p2a: Lancelot
|-damage|p2a: Lancelot|220\/301
|
|turn|7
|
|switch|p2a: Lazegann|Landorus, M|319\/319
|switch|p1a: Tangrowth|Tangrowth, M|403\/403
|
|turn|8
|
|move|p2a: Lazegann|Calm Mind|p2a: Lazegann
|-boost|p2a: Lazegann|spa|1
|-boost|p2a: Lazegann|spd|1
|move|p1a: Tangrowth|Hidden Power|p2a: Lazegann
|-supereffective|p2a: Lazegann
|-damage|p2a: Lazegann|151\/319
|
|turn|9
|
|switch|p1a: Scizor|Scizor, F|344\/344
|move|p2a: Lazegann|Sludge Wave|p1a: Scizor
|-immune|p1a: Scizor|[msg]
|
|turn|10
|
|switch|p2a: Misa|Rotom-Wash|303\/303
|move|p1a: Scizor|Bullet Punch|p2a: Misa
|-resisted|p2a: Misa
|-damage|p2a: Misa|286\/303
|
|-heal|p2a: Misa|303\/303|[from] item: Leftovers
|turn|11
|
|switch|p1a: Alomomola|Alomomola, F|501\/501
|move|p2a: Misa|Volt Switch|p1a: Alomomola
|-supereffective|p1a: Alomomola
|-damage|p1a: Alomomola|271\/501
|
|switch|p2a: Lazegann|Landorus, M|151\/319
|
|-heal|p1a: Alomomola|302\/501|[from] item: Leftovers
|turn|12
|
|move|p2a: Lazegann|Earth Power|p1a: Alomomola
|-damage|p1a: Alomomola|0 fnt
|faint|p1a: Alomomola
|
|
|switch|p1a: Raikou|Raikou|321\/321
|-ability|p1a: Raikou|Pressure
|turn|13
|
|switch|p2a: Misa|Rotom-Wash|303\/303
|move|p1a: Raikou|Hidden Power|p2a: Misa
|-resisted|p2a: Misa
|-damage|p2a: Misa|272\/303
|
|-heal|p2a: Misa|290\/303|[from] item: Leftovers
|turn|14
|
|move|p1a: Raikou|Thunderbolt|p2a: Misa
|-damage|p2a: Misa|146\/303
|move|p2a: Misa|Volt Switch|p1a: Raikou
|-resisted|p1a: Raikou
|-damage|p1a: Raikou|294\/321
|
|switch|p2a: Nyu|Clefable, F|394\/394
|
|turn|15
|
|move|p1a: Raikou|Thunderbolt|p2a: Nyu
|-crit|p2a: Nyu
|-damage|p2a: Nyu|135\/394
|move|p2a: Nyu|Stealth Rock|p1a: Raikou
|-sidestart|p1: jpw234|move: Stealth Rock
|
|-heal|p2a: Nyu|159\/394|[from] item: Leftovers
|turn|16
|
|move|p1a: Raikou|Thunderbolt|p2a: Nyu
|-damage|p2a: Nyu|2\/394
|-status|p2a: Nyu|par
|move|p2a: Nyu|Moonlight|p2a: Nyu
|-heal|p2a: Nyu|199\/394 par
|
|-heal|p2a: Nyu|223\/394 par|[from] item: Leftovers
|turn|17
|c|âPheonixmaster|lol
|
|move|p1a: Raikou|Volt Switch|p2a: Nyu
|-damage|p2a: Nyu|93\/394 par
|
|switch|p1a: Scizor|Scizor, F|344\/344
|-damage|p1a: Scizor|301\/344|[from] Stealth Rock
|move|p2a: Nyu|Moonlight|p2a: Nyu
|-heal|p2a: Nyu|290\/394 par
|
|-heal|p1a: Scizor|322\/344|[from] item: Leftovers
|-heal|p2a: Nyu|314\/394 par|[from] item: Leftovers
|turn|18
|
|move|p1a: Scizor|Defog|p2a: Nyu
|-unboost|p2a: Nyu|evasion|1
|-sideend|p1: jpw234|Stealth Rock|[from] move: Defog|[of] p1a: Scizor
|move|p2a: Nyu|Thunder Wave|p1a: Scizor
|-status|p1a: Scizor|par
|
|-heal|p1a: Scizor|343\/344 par|[from] item: Leftovers
|-heal|p2a: Nyu|338\/394 par|[from] item: Leftovers
|turn|19
|
|switch|p2a: Misa|Rotom-Wash|146\/303
|move|p1a: Scizor|Bullet Punch|p2a: Misa
|-resisted|p2a: Misa
|-damage|p2a: Misa|128\/303
|
|-heal|p2a: Misa|146\/303|[from] item: Leftovers
|-heal|p1a: Scizor|344\/344 par|[from] item: Leftovers
|turn|20
|
|switch|p1a: Tangrowth|Tangrowth, M|403\/403
|move|p2a: Misa|Pain Split|p1a: Tangrowth
|-sethp|p1a: Tangrowth|274\/403|p2a: Misa|274\/303|[from] move: Pain Split
|
|-heal|p2a: Misa|292\/303|[from] item: Leftovers
|-heal|p1a: Tangrowth|299\/403|[from] item: Leftovers
|turn|21
|
|move|p2a: Misa|Volt Switch|p1a: Tangrowth
|-resisted|p1a: Tangrowth
|-damage|p1a: Tangrowth|226\/403
|
|switch|p2a: King Kittan|Heracross, M|187\/301
|move|p1a: Tangrowth|Giga Drain|p2a: King Kittan
|-resisted|p2a: King Kittan
|-damage|p2a: King Kittan|135\/301
|-heal|p1a: Tangrowth|252\/403|[from] drain|[of] p2a: King Kittan
|
|-heal|p1a: Tangrowth|277\/403|[from] item: Leftovers
|turn|22
|
|switch|p2a: Lancelot|Metagross, shiny|220\/301
|switch|p1a: Altaria|Altaria-Mega, M|239\/353
|
|turn|23
|
|switch|p1a: Heatran|Heatran, F|385\/385
|detailschange|p2a: Lancelot|Metagross-Mega, shiny
|-mega|p2a: Lancelot|Metagross|Metagrossite
|move|p2a: Lancelot|Meteor Mash|p1a: Heatran
|-resisted|p1a: Heatran
|-damage|p1a: Heatran|327\/385
|
|-heal|p1a: Heatran|351\/385|[from] item: Leftovers
|turn|24
|
|switch|p1a: Tangrowth|Tangrowth, M|403\/403
|move|p2a: Lancelot|Hammer Arm|p1a: Tangrowth
|-damage|p1a: Tangrowth|290\/403
|-unboost|p2a: Lancelot|spe|1
|
|-heal|p1a: Tangrowth|315\/403|[from] item: Leftovers
|turn|25
|
|switch|p2a: King Kittan|Heracross, M|135\/301
|move|p1a: Tangrowth|Earthquake|p2a: King Kittan
|-resisted|p2a: King Kittan
|-damage|p2a: King Kittan|84\/301
|
|-heal|p1a: Tangrowth|340\/403|[from] item: Leftovers
|turn|26
|
|switch|p1a: Heatran|Heatran, F|351\/385
|move|p2a: King Kittan|Close Combat|p1a: Heatran
|-supereffective|p1a: Heatran
|-damage|p1a: Heatran|0 fnt
|-unboost|p2a: King Kittan|def|1
|-unboost|p2a: King Kittan|spd|1
|faint|p1a: Heatran
|
|c|âjpw234|gg
|-message|jpw234 forfeited.
|-message|jpw234 forfeited.
|leave|jpw234
|
|win|Pheonixmaster
|raw|Ladder updating...
|raw|jpw234's rating: 1554 &rarr; <strong>1533<\/strong><br \/>(-21 for losing)
|raw|Pheonixmaster's rating: 1535 &rarr; <strong>1556<\/strong><br \/>(+21 for winning)
|player|p1