|join|Yarti
|join|Pheonixmaster
|player|p1|Yarti|63
|player|p2|Pheonixmaster|167
|gametype|singles
|gen|6
|tier|OU
|rated
|clearpoke
|poke|p1|Houndoom, F
|poke|p1|Azumarill, F
|poke|p1|Tangrowth, F
|poke|p1|Scizor, F
|poke|p1|Zapdos
|poke|p1|Hippowdon, F
|poke|p2|Metagross, shiny
|poke|p2|Landorus, M
|poke|p2|Heracross, M
|poke|p2|Latias, F
|poke|p2|Rotom-Wash
|poke|p2|Clefable, F
|rule|Swagger Clause: Swagger is banned
|rule|Baton Pass Clause: Limit one PokÃ©mon knowing Baton Pass
|rule|Sleep Clause Mod: Limit one foe put to sleep
|rule|Species Clause: Limit one of each PokÃ©mon
|rule|OHKO Clause: OHKO moves are banned
|rule|Moody Clause: Moody is banned
|rule|Evasion Moves Clause: Evasion moves are banned
|rule|Endless Battle Clause: Forcing endless battles is banned
|rule|HP Percentage Mod: HP is shown in percentages
|teampreview
|
|start
|switch|p1a: Scizor|Scizor, F|343\/343
|switch|p2a: Misa|Rotom-Wash|303\/303
|turn|1
|
|switch|p1a: Tangrowth|Tangrowth, F|374\/374
|move|p2a: Misa|Will-O-Wisp|p1a: Tangrowth
|-status|p1a: Tangrowth|brn
|
|-damage|p1a: Tangrowth|328\/374 brn|[from] brn
|turn|2
|
|move|p2a: Misa|Volt Switch|p1a: Tangrowth
|-resisted|p1a: Tangrowth
|-damage|p1a: Tangrowth|250\/374 brn
|
|switch|p2a: King Kittan|Heracross, M|301\/301
|move|p1a: Tangrowth|Leaf Storm|p2a: King Kittan
|-resisted|p2a: King Kittan
|-damage|p2a: King Kittan|129\/301
|-unboost|p1a: Tangrowth|spa|2
|
|-damage|p1a: Tangrowth|204\/374 brn|[from] brn
|turn|3
|
|switch|p1a: Hippowdon|Hippowdon, F|420\/420
|-weather|Sandstorm
|move|p2a: King Kittan|Knock Off|p1a: Hippowdon
|-damage|p1a: Hippowdon|247\/420
|-enditem|p1a: Hippowdon|Leftovers|[from] move: Knock Off|[of] p2a: King Kittan
|
|-weather|Sandstorm|[upkeep]
|-damage|p2a: King Kittan|111\/301|[from] sandstorm
|turn|4
|
|switch|p2a: Misa|Rotom-Wash|303\/303
|move|p1a: Hippowdon|Whirlwind|p2a: Misa
|drag|p2a: Lazegann|Landorus, M|319\/319
|
|-weather|Sandstorm|[upkeep]
|turn|5
|
|move|p2a: Lazegann|Earth Power|p1a: Hippowdon
|-damage|p1a: Hippowdon|21\/420
|move|p1a: Hippowdon|Slack Off|p1a: Hippowdon
|-heal|p1a: Hippowdon|231\/420
|
|-weather|Sandstorm|[upkeep]
|turn|6
|
|switch|p1a: Zapdos|Zapdos|383\/383
|-ability|p1a: Zapdos|Pressure
|move|p2a: Lazegann|Calm Mind|p2a: Lazegann
|-boost|p2a: Lazegann|spa|1
|-boost|p2a: Lazegann|spd|1
|
|-weather|Sandstorm|[upkeep]
|-damage|p1a: Zapdos|360\/383|[from] sandstorm
|-heal|p1a: Zapdos|383\/383|[from] item: Leftovers
|turn|7
|
|move|p2a: Lazegann|Sludge Wave|p1a: Zapdos
|-damage|p1a: Zapdos|81\/383
|move|p1a: Zapdos|Heat Wave|p2a: Lazegann
|-damage|p2a: Lazegann|244\/319
|
|-weather|none
|-heal|p1a: Zapdos|104\/383|[from] item: Leftovers
|turn|8
|
|move|p2a: Lazegann|Sludge Wave|p1a: Zapdos
|-damage|p1a: Zapdos|0 fnt
|faint|p1a: Zapdos
|
|
|switch|p1a: Scizor|Scizor, F|343\/343
|turn|9
|
|switch|p2a: Misa|Rotom-Wash|303\/303
|move|p1a: Scizor|Bullet Punch|p2a: Misa
|-resisted|p2a: Misa
|-damage|p2a: Misa|269\/303
|
|-heal|p2a: Misa|287\/303|[from] item: Leftovers
|turn|10
|
|switch|p1a: Hippowdon|Hippowdon, F|231\/420
|-weather|Sandstorm
|move|p2a: Misa|Volt Switch|p1a: Hippowdon
|-immune|p1a: Hippowdon|[msg]
|
|-weather|Sandstorm|[upkeep]
|-damage|p2a: Misa|269\/303|[from] sandstorm
|-heal|p2a: Misa|287\/303|[from] item: Leftovers
|turn|11
|
|switch|p1a: Tangrowth|Tangrowth, F|328\/374 brn
|move|p2a: Misa|Hydro Pump|p1a: Tangrowth
|-resisted|p1a: Tangrowth
|-damage|p1a: Tangrowth|208\/374 brn
|
|-weather|Sandstorm|[upkeep]
|-damage|p2a: Misa|269\/303|[from] sandstorm
|-damage|p1a: Tangrowth|185\/374 brn|[from] sandstorm
|-heal|p2a: Misa|287\/303|[from] item: Leftovers
|-damage|p1a: Tangrowth|139\/374 brn|[from] brn
|turn|12
|
|move|p2a: Misa|Volt Switch|p1a: Tangrowth
|-resisted|p1a: Tangrowth
|-damage|p1a: Tangrowth|67\/374 brn
|
|switch|p2a: Lancelot|Metagross, shiny|301\/301
|move|p1a: Tangrowth|Giga Drain|p2a: Lancelot
|-resisted|p2a: Lancelot
|-damage|p2a: Lancelot|199\/301
|-heal|p1a: Tangrowth|118\/374 brn|[from] drain|[of] p2a: Lancelot
|
|-weather|Sandstorm|[upkeep]
|-damage|p1a: Tangrowth|95\/374 brn|[from] sandstorm
|-damage|p1a: Tangrowth|49\/374 brn|[from] brn
|turn|13
|
|switch|p1a: Hippowdon|Hippowdon, F|231\/420
|detailschange|p2a: Lancelot|Metagross-Mega, shiny
|-mega|p2a: Lancelot|Metagross|Metagrossite
|move|p2a: Lancelot|Meteor Mash|p1a: Hippowdon
|-damage|p1a: Hippowdon|29\/420
|-boost|p2a: Lancelot|atk|1
|
|-weather|Sandstorm|[upkeep]
|turn|14
|
|move|p2a: Lancelot|Meteor Mash|p1a: Hippowdon
|-damage|p1a: Hippowdon|0 fnt
|faint|p1a: Hippowdon
|
|-weather|none
|
|switch|p1a: Scizor|Scizor, F|343\/343
|turn|15
|
|move|p2a: Lancelot|Hammer Arm|p1a: Scizor
|-damage|p1a: Scizor|100\/343
|-unboost|p2a: Lancelot|spe|1
|move|p1a: Scizor|Pursuit|p2a: Lancelot
|-supereffective|p2a: Lancelot
|-damage|p2a: Lancelot|39\/301
|
|turn|16
|
|move|p2a: Lancelot|Meteor Mash|p1a: Scizor
|-resisted|p1a: Scizor
|-damage|p1a: Scizor|0 fnt
|-boost|p2a: Lancelot|atk|1
|faint|p1a: Scizor
|
|
|switch|p1a: Houndoom|Houndoom, F|291\/291
|turn|17
|
|switch|p2a: King Kittan|Heracross, M|111\/301
|detailschange|p1a: Houndoom|Houndoom-Mega, F
|-mega|p1a: Houndoom|Houndoom|Houndoominite
|move|p1a: Houndoom|Dark Pulse|p2a: King Kittan
|-resisted|p2a: King Kittan
|-damage|p2a: King Kittan|28\/301
|
|turn|18
|
|move|p1a: Houndoom|Dark Pulse|p2a: King Kittan
|-resisted|p2a: King Kittan
|-damage|p2a: King Kittan|0 fnt
|faint|p2a: King Kittan
|
|
|switch|p2a: Nyu|Clefable, F|394\/394
|turn|19
|
|switch|p1a: Tangrowth|Tangrowth, F|173\/374 brn
|move|p2a: Nyu|Thunder Wave|p1a: Tangrowth
|-fail|p1a: Tangrowth
|
|-damage|p1a: Tangrowth|127\/374 brn|[from] brn
|turn|20
|
|switch|p2a: Lancelot|Metagross-Mega, shiny|39\/301
|move|p1a: Tangrowth|Giga Drain|p2a: Lancelot
|-resisted|p2a: Lancelot
|-damage|p2a: Lancelot|0 fnt
|-heal|p1a: Tangrowth|147\/374 brn|[from] drain|[of] p2a: Lancelot
|faint|p2a: Lancelot
|
|-damage|p1a: Tangrowth|101\/374 brn|[from] brn
|
|switch|p2a: Lazegann|Landorus, M|244\/319
|turn|21
|
|move|p2a: Lazegann|Sludge Wave|p1a: Tangrowth
|-supereffective|p1a: Tangrowth
|-damage|p1a: Tangrowth|0 fnt
|faint|p1a: Tangrowth
|
|
|switch|p1a: Houndoom|Houndoom-Mega, F|291\/291
|turn|22
|
|switch|p2a: Misa|Rotom-Wash|287\/303
|move|p1a: Houndoom|Fire Blast|p2a: Misa
|-resisted|p2a: Misa
|-damage|p2a: Misa|182\/303
|
|-heal|p2a: Misa|200\/303|[from] item: Leftovers
|turn|23
|
|switch|p1a: Azumarill|Azumarill, F|403\/403
|move|p2a: Misa|Volt Switch|p1a: Azumarill
|-supereffective|p1a: Azumarill
|-damage|p1a: Azumarill|275\/403
|
|switch|p2a: Erza|Latias, F|301\/301
|
|turn|24
|
|move|p2a: Erza|Psyshock|p1a: Azumarill
|-damage|p1a: Azumarill|119\/403
|-damage|p2a: Erza|271\/301|[from] item: Life Orb
|move|p1a: Azumarill|Play Rough|p2a: Erza
|-supereffective|p2a: Erza
|-damage|p2a: Erza|0 fnt
|faint|p2a: Erza
|
|
|switch|p2a: Lazegann|Landorus, M|244\/319
|turn|25
|
|move|p1a: Azumarill|Aqua Jet|p2a: Lazegann
|-supereffective|p2a: Lazegann
|-damage|p2a: Lazegann|44\/319
|move|p2a: Lazegann|Earth Power|p1a: Azumarill
|-damage|p1a: Azumarill|0 fnt
|faint|p1a: Azumarill
|
|
|switch|p1a: Houndoom|Houndoom-Mega, F|291\/291
|turn|26
|
|switch|p2a: Misa|Rotom-Wash|200\/303
|move|p1a: Houndoom|Dark Pulse|p2a: Misa
|-damage|p2a: Misa|61\/303
|
|-heal|p2a: Misa|79\/303|[from] item: Leftovers
|turn|27
|
|switch|p2a: Nyu|Clefable, F|394\/394
|move|p1a: Houndoom|Dark Pulse|p2a: Nyu
|-resisted|p2a: Nyu
|-damage|p2a: Nyu|312\/394
|
|-heal|p2a: Nyu|336\/394|[from] item: Leftovers
|turn|28
|
|move|p1a: Houndoom|Fire Blast|p2a: Nyu
|-damage|p2a: Nyu|95\/394
|move|p2a: Nyu|Thunder Wave|p1a: Houndoom
|-status|p1a: Houndoom|par
|
|-heal|p2a: Nyu|119\/394|[from] item: Leftovers
|turn|29
|
|move|p2a: Nyu|Moonlight|p2a: Nyu
|-heal|p2a: Nyu|316\/394
|move|p1a: Houndoom|Fire Blast|p2a: Nyu
|-damage|p2a: Nyu|85\/394
|
|-heal|p2a: Nyu|109\/394|[from] item: Leftovers
|turn|30
|
|move|p2a: Nyu|Moonlight|p2a: Nyu
|-heal|p2a: Nyu|306\/394
|move|p1a: Houndoom|Fire Blast|p2a: Nyu
|-damage|p2a: Nyu|68\/394
|
|-heal|p2a: Nyu|92\/394|[from] item: Leftovers
|turn|31
|
|move|p2a: Nyu|Moonlight|p2a: Nyu
|-heal|p2a: Nyu|289\/394
|move|p1a: Houndoom|Fire Blast|p2a: Nyu|[miss]
|-miss|p1a: Houndoom|p2a: Nyu
|
|-heal|p2a: Nyu|313\/394|[from] item: Leftovers
|turn|32
|
|move|p2a: Nyu|Moonblast|p1a: Houndoom
|-damage|p1a: Houndoom|170\/291 par
|move|p1a: Houndoom|Nasty Plot|p1a: Houndoom
|-boost|p1a: Houndoom|spa|2
|
|-heal|p2a: Nyu|337\/394|[from] item: Leftovers
|turn|33
|
|move|p2a: Nyu|Moonblast|p1a: Houndoom
|-damage|p1a: Houndoom|56\/291 par
|move|p1a: Houndoom|Fire Blast|p2a: Nyu|[miss]
|-miss|p1a: Houndoom|p2a: Nyu
|
|-heal|p2a: Nyu|361\/394|[from] item: Leftovers
|turn|34
|
|move|p2a: Nyu|Moonblast|p1a: Houndoom
|-damage|p1a: Houndoom|0 fnt
|faint|p1a: Houndoom
|
|win|Pheonixmaster
|raw|Ladder updating...
|raw|Yarti's rating: 1420 &rarr; <strong>1401<\/strong><br \/>(-19 for losing)
|raw|Pheonixmaster's rating: 1435 &rarr; <strong>1454<\/strong><br \/>(+19 for winning)