|join|brewplanner
|join|Pheonixmaster
|player|p1|brewplanner|163
|player|p2|Pheonixmaster|167
|gametype|singles
|gen|6
|tier|OU
|rated
|clearpoke
|poke|p1|Thundurus, M
|poke|p1|Heatran, F
|poke|p1|Gardevoir, F
|poke|p1|Gyarados, M
|poke|p1|Donphan, F
|poke|p1|Terrakion
|poke|p2|Smeargle, F
|poke|p2|Camerupt, M
|poke|p2|Bronzong
|poke|p2|Heatran, M
|poke|p2|Cresselia, F
|poke|p2|Porygon2
|rule|Swagger Clause: Swagger is banned
|rule|Baton Pass Clause: Limit one PokÃ©mon knowing Baton Pass
|rule|Sleep Clause Mod: Limit one foe put to sleep
|rule|Species Clause: Limit one of each PokÃ©mon
|rule|OHKO Clause: OHKO moves are banned
|rule|Moody Clause: Moody is banned
|rule|Evasion Moves Clause: Evasion moves are banned
|rule|Endless Battle Clause: Forcing endless battles is banned
|rule|HP Percentage Mod: HP is shown in percentages
|teampreview
|join|Psynergy.G
|
|start
|switch|p1a: Gyarados|Gyarados, M|331\/331
|switch|p2a: Smeargle|Smeargle, F|313\/313
|-ability|p1a: Gyarados|Intimidate|[of] p2a: Smeargle
|-unboost|p2a: Smeargle|atk|1
|turn|1
|
|move|p1a: Gyarados|Taunt|p2a: Smeargle
|-start|p2a: Smeargle|move: Taunt
|cant|p2a: Smeargle|move: Taunt|Spore
|
|turn|2
|
|switch|p2a: Porygon2|Porygon2|374\/374
|-boost|p2a: Porygon2|atk|1|[from] ability: Download
|move|p1a: Gyarados|Dragon Dance|p1a: Gyarados
|-boost|p1a: Gyarados|atk|1
|-boost|p1a: Gyarados|spe|1
|
|turn|3
|
|detailschange|p1a: Gyarados|Gyarados-Mega, M
|-mega|p1a: Gyarados|Gyarados|Gyaradosite
|-ability|p1a: Gyarados|Mold Breaker
|move|p1a: Gyarados|Waterfall|p2a: Porygon2
|-damage|p2a: Porygon2|209\/374
|move|p2a: Porygon2|Trick Room|p2a: Porygon2
|-fieldstart|move: Trick Room|[of] p2a: Porygon2
|
|turn|4
|
|move|p2a: Porygon2|Thunderbolt|p1a: Gyarados
|-supereffective|p1a: Gyarados
|-damage|p1a: Gyarados|159\/331
|-status|p1a: Gyarados|par
|move|p1a: Gyarados|Taunt|p2a: Porygon2
|-start|p2a: Porygon2|move: Taunt
|
|turn|5
|
|switch|p1a: Donphan|Donphan, F|384\/384
|move|p2a: Porygon2|Thunderbolt|p1a: Donphan
|-immune|p1a: Donphan|[msg]
|
|turn|6
|
|move|p2a: Porygon2|Tri Attack|p1a: Donphan
|-damage|p1a: Donphan|251\/384
|move|p1a: Donphan|Knock Off|p2a: Porygon2
|-damage|p2a: Porygon2|126\/374
|-enditem|p2a: Porygon2|Eviolite|[from] move: Knock Off|[of] p1a: Donphan
|
|turn|7
|
|move|p2a: Porygon2|Tri Attack|p1a: Donphan
|-damage|p1a: Donphan|121\/384
|move|p1a: Donphan|Earthquake|p2a: Porygon2
|-damage|p2a: Porygon2|0 fnt
|faint|p2a: Porygon2
|
|-fieldend|move: Trick Room
|
|switch|p2a: Smeargle|Smeargle, F|313\/313
|turn|8
|
|move|p1a: Donphan|Ice Shard|p2a: Smeargle
|-damage|p2a: Smeargle|197\/313
|move|p2a: Smeargle|Spore|p1a: Donphan
|-status|p1a: Donphan|slp
|
|turn|9
|
|switch|p1a: Terrakion|Terrakion|323\/323
|move|p2a: Smeargle|Stealth Rock|p1a: Terrakion
|-sidestart|p1: brewplanner|move: Stealth Rock
|
|turn|10
|
|move|p1a: Terrakion|Swords Dance|p1a: Terrakion
|-boost|p1a: Terrakion|atk|2
|move|p2a: Smeargle|Trick Room|p2a: Smeargle
|-fieldstart|move: Trick Room|[of] p2a: Smeargle
|
|turn|11
|
|move|p2a: Smeargle|Destiny Bond|p2a: Smeargle
|-singlemove|p2a: Smeargle|Destiny Bond
|move|p1a: Terrakion|Stone Edge|p2a: Smeargle
|-damage|p2a: Smeargle|0 fnt
|-damage|p1a: Terrakion|291\/323|[from] item: Life Orb
|faint|p2a: Smeargle
|-activate|p2a: Smeargle|Destiny Bond
|faint|p1a: Terrakion
|
|c|âPheonixmaster|rip
|
|switch|p1a: Heatran|Heatran, F|386\/386
|switch|p2a: Camerupt|Camerupt, M|281\/281
|-damage|p1a: Heatran|338\/386|[from] Stealth Rock
|turn|12
|
|detailschange|p2a: Camerupt|Camerupt-Mega, M
|-mega|p2a: Camerupt|Camerupt|Cameruptite
|move|p1a: Heatran|Protect|p1a: Heatran
|-singleturn|p1a: Heatran|Protect
|move|p2a: Camerupt|Earth Power|p1a: Heatran
|-activate|p1a: Heatran|Protect
|
|-heal|p1a: Heatran|362\/386|[from] item: Leftovers
|turn|13
|
|switch|p1a: Donphan|Donphan, F|121\/384 slp
|-damage|p1a: Donphan|97\/384 slp|[from] Stealth Rock
|move|p2a: Camerupt|Rock Slide|p1a: Donphan
|-resisted|p1a: Donphan
|-damage|p1a: Donphan|53\/384 slp
|
|turn|14
|
|switch|p2a: Cresselia|Cresselia, F|444\/444
|cant|p1a: Donphan|slp
|
|-fieldend|move: Trick Room
|turn|15
|
|move|p2a: Cresselia|Psychic|p1a: Donphan
|-damage|p1a: Donphan|0 fnt
|faint|p1a: Donphan
|
|
|switch|p1a: Gardevoir|Gardevoir, F|277\/277
|-damage|p1a: Gardevoir|243\/277|[from] Stealth Rock
|-ability|p1a: Gardevoir|Levitate|[from] ability: Trace|[of] p2a: Cresselia
|turn|16
|
|move|p1a: Gardevoir|Trick|p2a: Cresselia
|-activate|p1a: Gardevoir|move: Trick|[of] p2a: Cresselia
|-item|p2a: Cresselia|Choice Scarf|[from] move: Trick
|-item|p1a: Gardevoir|Heat Rock|[from] move: Trick
|move|p2a: Cresselia|Trick Room|p2a: Cresselia
|-fieldstart|move: Trick Room|[of] p2a: Cresselia
|
|turn|17
|
|switch|p2a: Heatran|Heatran, M|386\/386
|move|p1a: Gardevoir|Healing Wish|p1a: Gardevoir
|faint|p1a: Gardevoir
|
|
|switch|p1a: Gyarados|Gyarados-Mega, M|159\/331 par
|-heal|p1a: Gyarados|331\/331|[from] move: Healing Wish
|-damage|p1a: Gyarados|290\/331|[from] Stealth Rock
|-ability|p1a: Gyarados|Mold Breaker
|turn|18
|
|switch|p1a: Heatran|Heatran, F|362\/386
|-damage|p1a: Heatran|314\/386|[from] Stealth Rock
|move|p2a: Heatran|Eruption|p1a: Heatran
|-start|p1a: Heatran|ability: Flash Fire
|
|-heal|p1a: Heatran|338\/386|[from] item: Leftovers
|turn|19
|
|switch|p2a: Cresselia|Cresselia, F|444\/444
|move|p1a: Heatran|Stealth Rock|p2a: Cresselia
|-sidestart|p2: Pheonixmaster|move: Stealth Rock
|
|-heal|p1a: Heatran|362\/386|[from] item: Leftovers
|turn|20
|
|switch|p2a: Heatran|Heatran, M|386\/386
|-damage|p2a: Heatran|338\/386|[from] Stealth Rock
|move|p1a: Heatran|Toxic|p2a: Heatran
|-fail|p2a: Heatran
|
|-heal|p1a: Heatran|386\/386|[from] item: Leftovers
|-fieldend|move: Trick Room
|turn|21
|
|move|p1a: Heatran|Lava Plume|p2a: Heatran
|-start|p2a: Heatran|ability: Flash Fire
|move|p2a: Heatran|Earth Power|p1a: Heatran
|-supereffective|p1a: Heatran
|-damage|p1a: Heatran|0 fnt
|faint|p1a: Heatran
|
|c|âPheonixmaster|ok
|
|switch|p1a: Thundurus|Thundurus, M|299\/299
|-damage|p1a: Thundurus|225\/299|[from] Stealth Rock
|turn|22
|
|switch|p2a: Cresselia|Cresselia, F|444\/444
|-damage|p2a: Cresselia|389\/444|[from] Stealth Rock
|move|p1a: Thundurus|Thunderbolt|p2a: Cresselia
|-damage|p2a: Cresselia|233\/444
|-damage|p1a: Thundurus|196\/299|[from] item: Life Orb
|
|turn|23
|
|move|p1a: Thundurus|Thunder Wave|p2a: Cresselia
|-status|p2a: Cresselia|par
|move|p2a: Cresselia|Trick Room|p2a: Cresselia
|-fieldstart|move: Trick Room|[of] p2a: Cresselia
|
|turn|24
|
|switch|p2a: Camerupt|Camerupt-Mega, M|281\/281
|-damage|p2a: Camerupt|246\/281|[from] Stealth Rock
|move|p1a: Thundurus|Focus Blast|p2a: Camerupt
|-damage|p2a: Camerupt|60\/281
|-damage|p1a: Thundurus|167\/299|[from] item: Life Orb
|
|turn|25
|
|move|p2a: Camerupt|Rock Slide|p1a: Thundurus
|-supereffective|p1a: Thundurus
|-damage|p1a: Thundurus|0 fnt
|faint|p1a: Thundurus
|
|
|switch|p1a: Gyarados|Gyarados-Mega, M|290\/331
|-damage|p1a: Gyarados|249\/331|[from] Stealth Rock
|-ability|p1a: Gyarados|Mold Breaker
|turn|26
|
|move|p2a: Camerupt|Earth Power|p1a: Gyarados
|-damage|p1a: Gyarados|38\/331
|move|p1a: Gyarados|Waterfall|p2a: Camerupt
|-supereffective|p2a: Camerupt
|-damage|p2a: Camerupt|0 fnt
|faint|p2a: Camerupt
|
|
|switch|p2a: Heatran|Heatran, M|338\/386
|-damage|p2a: Heatran|290\/386|[from] Stealth Rock
|turn|27
|
|move|p2a: Heatran|Eruption|p1a: Gyarados
|-resisted|p1a: Gyarados
|-damage|p1a: Gyarados|0 fnt
|faint|p1a: Gyarados
|
|win|Pheonixmaster
|raw|Ladder updating...
|raw|brewplanner's rating: 1669 &rarr; <strong>1644<\/strong><br \/>(-25 for losing)
|raw|Pheonixmaster's rating: 1578 &rarr; <strong>1603<\/strong><br \/>(+25 for winning)