|join|Pheonixmaster
|join|Luis coco
|player|p1|Pheonixmaster|167
|player|p2|Luis coco|256
|gametype|singles
|gen|6
|tier|OU
|rated
|clearpoke
|poke|p1|Metagross, shiny
|poke|p1|Landorus, M
|poke|p1|Heracross, M
|poke|p1|Latias, F
|poke|p1|Rotom-Wash
|poke|p1|Clefable, F
|poke|p2|Landorus-Therian, M
|poke|p2|Quagsire, M
|poke|p2|Skarmory, F
|poke|p2|Heatran, M
|poke|p2|Sylveon, M
|poke|p2|Venusaur, F
|rule|Swagger Clause: Swagger is banned
|rule|Baton Pass Clause: Limit one PokÃ©mon knowing Baton Pass
|rule|Sleep Clause Mod: Limit one foe put to sleep
|rule|Species Clause: Limit one of each PokÃ©mon
|rule|OHKO Clause: OHKO moves are banned
|rule|Moody Clause: Moody is banned
|rule|Evasion Moves Clause: Evasion moves are banned
|rule|Endless Battle Clause: Forcing endless battles is banned
|rule|HP Percentage Mod: HP is shown in percentages
|teampreview
|
|start
|switch|p1a: King Kittan|Heracross, M|301\/301
|switch|p2a: Landorus-Therian|Landorus-Therian, M|319\/319
|-ability|p2a: Landorus-Therian|Intimidate|[of] p1a: King Kittan
|-unboost|p1a: King Kittan|atk|1
|turn|1
|
|switch|p2a: Skarmory|Skarmory, F|333\/333
|move|p1a: King Kittan|Knock Off|p2a: Skarmory
|-damage|p2a: Skarmory|263\/333
|-enditem|p2a: Skarmory|Shed Shell|[from] move: Knock Off|[of] p1a: King Kittan
|
|turn|2
|
|switch|p1a: Misa|Rotom-Wash|303\/303
|move|p2a: Skarmory|Spikes|p1a: Misa
|-sidestart|p1: Pheonixmaster|Spikes
|
|turn|3
|
|switch|p2a: Sylveon|Sylveon, M|394\/394
|move|p1a: Misa|Volt Switch|p2a: Sylveon
|-damage|p2a: Sylveon|345\/394
|
|switch|p1a: Lazegann|Landorus, M|319\/319
|
|-heal|p2a: Sylveon|369\/394|[from] item: Leftovers
|turn|4
|
|switch|p2a: Skarmory|Skarmory, F|263\/333
|move|p1a: Lazegann|Calm Mind|p1a: Lazegann
|-boost|p1a: Lazegann|spa|1
|-boost|p1a: Lazegann|spd|1
|
|turn|5
|
|move|p1a: Lazegann|Focus Blast|p2a: Skarmory|[miss]
|-miss|p1a: Lazegann|p2a: Skarmory
|move|p2a: Skarmory|Whirlwind|p1a: Lazegann
|drag|p1a: Misa|Rotom-Wash|303\/303
|
|turn|6
|
|switch|p2a: Venusaur|Venusaur, F|363\/363
|move|p1a: Misa|Will-O-Wisp|p2a: Venusaur
|-status|p2a: Venusaur|brn
|
|-damage|p2a: Venusaur|318\/363 brn|[from] brn
|turn|7
|
|detailschange|p2a: Venusaur|Venusaur-Mega, F
|-mega|p2a: Venusaur|Venusaur|Venusaurite
|move|p1a: Misa|Volt Switch|p2a: Venusaur
|-resisted|p2a: Venusaur
|-damage|p2a: Venusaur|280\/363 brn
|
|switch|p1a: King Kittan|Heracross, M|301\/301
|-damage|p1a: King Kittan|264\/301|[from] Spikes
|move|p2a: Venusaur|Sludge Bomb|p1a: King Kittan
|-damage|p1a: King Kittan|140\/301
|-status|p1a: King Kittan|psn
|
|-damage|p1a: King Kittan|103\/301 psn|[from] psn
|-damage|p2a: Venusaur|235\/363 brn|[from] brn
|turn|8
|
|switch|p2a: Skarmory|Skarmory, F|263\/333
|move|p1a: King Kittan|Knock Off|p2a: Skarmory
|-damage|p2a: Skarmory|165\/333
|
|-damage|p1a: King Kittan|66\/301 psn|[from] psn
|turn|9
|
|switch|p1a: Misa|Rotom-Wash|303\/303
|move|p2a: Skarmory|Roost|p2a: Skarmory
|-heal|p2a: Skarmory|332\/333
|
|turn|10
|
|switch|p2a: Quagsire|Quagsire, M|394\/394
|move|p1a: Misa|Volt Switch|p2a: Quagsire
|-immune|p2a: Quagsire|[msg]
|
|turn|11
|
|move|p1a: Misa|Will-O-Wisp|p2a: Quagsire
|-status|p2a: Quagsire|brn
|move|p2a: Quagsire|Toxic|p1a: Misa
|-status|p1a: Misa|tox
|
|-damage|p1a: Misa|285\/303 tox|[from] psn
|-damage|p2a: Quagsire|345\/394 brn|[from] brn
|turn|12
|
|switch|p1a: Erza|Latias, F|301\/301
|switch|p2a: Sylveon|Sylveon, M|369\/394
|
|-heal|p2a: Sylveon|393\/394|[from] item: Leftovers
|turn|13
|
|switch|p1a: Lancelot|Metagross, shiny|301\/301
|-damage|p1a: Lancelot|264\/301|[from] Spikes
|move|p2a: Sylveon|Heal Bell|p2a: Sylveon
|-cureteam|p2a: Sylveon|[from] move: HealBell
|
|-heal|p2a: Sylveon|394\/394|[from] item: Leftovers
|turn|14
|
|switch|p2a: Skarmory|Skarmory, F|332\/333
|detailschange|p1a: Lancelot|Metagross-Mega, shiny
|-mega|p1a: Lancelot|Metagross|Metagrossite
|move|p1a: Lancelot|Meteor Mash|p2a: Skarmory
|-resisted|p2a: Skarmory
|-damage|p2a: Skarmory|260\/333
|-boost|p1a: Lancelot|atk|1
|
|turn|15
|
|move|p1a: Lancelot|Hammer Arm|p2a: Skarmory
|-damage|p2a: Skarmory|108\/333
|-unboost|p1a: Lancelot|spe|1
|move|p2a: Skarmory|Whirlwind|p1a: Lancelot
|drag|p1a: Misa|Rotom-Wash|285\/303 tox
|
|-heal|p1a: Misa|303\/303 tox|[from] item: Leftovers
|-damage|p1a: Misa|285\/303 tox|[from] psn
|turn|16
|
|switch|p2a: Sylveon|Sylveon, M|394\/394
|move|p1a: Misa|Volt Switch|p2a: Sylveon
|-damage|p2a: Sylveon|343\/394
|
|switch|p1a: Lazegann|Landorus, M|319\/319
|
|-heal|p2a: Sylveon|367\/394|[from] item: Leftovers
|turn|17
|
|move|p1a: Lazegann|Calm Mind|p1a: Lazegann
|-boost|p1a: Lazegann|spa|1
|-boost|p1a: Lazegann|spd|1
|move|p2a: Sylveon|Hyper Voice|p1a: Lazegann
|-damage|p1a: Lazegann|199\/319
|
|-heal|p2a: Sylveon|391\/394|[from] item: Leftovers
|turn|18
|
|switch|p2a: Landorus-Therian|Landorus-Therian, M|319\/319
|-ability|p2a: Landorus-Therian|Intimidate|[of] p1a: Lazegann
|-unboost|p1a: Lazegann|atk|1
|move|p1a: Lazegann|Earth Power|p2a: Landorus-Therian
|-immune|p2a: Landorus-Therian|[msg]
|
|turn|19
|
|move|p2a: Landorus-Therian|Knock Off|p1a: Lazegann
|-damage|p1a: Lazegann|68\/319
|-enditem|p1a: Lazegann|Life Orb|[from] move: Knock Off|[of] p2a: Landorus-Therian
|move|p1a: Lazegann|Focus Blast|p2a: Landorus-Therian
|-resisted|p2a: Landorus-Therian
|-damage|p2a: Landorus-Therian|160\/319
|
|turn|20
|
|switch|p1a: Nyu|Clefable, F|394\/394
|-damage|p1a: Nyu|345\/394|[from] Spikes
|move|p2a: Landorus-Therian|Knock Off|p1a: Nyu
|-resisted|p1a: Nyu
|-damage|p1a: Nyu|286\/394
|-enditem|p1a: Nyu|Leftovers|[from] move: Knock Off|[of] p2a: Landorus-Therian
|
|turn|21
|
|switch|p2a: Venusaur|Venusaur-Mega, F|235\/363
|move|p1a: Nyu|Stealth Rock|p2a: Venusaur
|-sidestart|p2: Luis coco|move: Stealth Rock
|
|turn|22
|
|switch|p2a: Quagsire|Quagsire, M|345\/394
|-damage|p2a: Quagsire|321\/394|[from] Stealth Rock
|switch|p1a: Erza|Latias, F|301\/301
|
|-heal|p2a: Quagsire|345\/394|[from] item: Leftovers
|turn|23
|
|switch|p2a: Skarmory|Skarmory, F|108\/333
|-damage|p2a: Skarmory|67\/333|[from] Stealth Rock
|move|p1a: Erza|Healing Wish|p1a: Erza
|faint|p1a: Erza
|
|
|switch|p1a: King Kittan|Heracross, M|66\/301 psn
|-heal|p1a: King Kittan|301\/301|[from] move: Healing Wish
|-damage|p1a: King Kittan|264\/301|[from] Spikes
|turn|24
|
|move|p1a: King Kittan|Close Combat|p2a: Skarmory
|-damage|p2a: Skarmory|0 fnt
|-unboost|p1a: King Kittan|def|1
|-unboost|p1a: King Kittan|spd|1
|faint|p2a: Skarmory
|
|
|switch|p2a: Sylveon|Sylveon, M|391\/394
|-damage|p2a: Sylveon|342\/394|[from] Stealth Rock
|turn|25
|
|switch|p1a: Lancelot|Metagross-Mega, shiny|264\/301
|-damage|p1a: Lancelot|227\/301|[from] Spikes
|move|p2a: Sylveon|Hyper Voice|p1a: Lancelot
|-resisted|p1a: Lancelot
|-damage|p1a: Lancelot|160\/301
|
|-heal|p2a: Sylveon|366\/394|[from] item: Leftovers
|turn|26
|
|switch|p2a: Heatran|Heatran, M|386\/386
|-damage|p2a: Heatran|338\/386|[from] Stealth Rock
|move|p1a: Lancelot|Zen Headbutt|p2a: Heatran
|-crit|p2a: Heatran
|-resisted|p2a: Heatran
|-damage|p2a: Heatran|197\/386
|
|-heal|p2a: Heatran|221\/386|[from] item: Leftovers
|turn|27
|
|switch|p2a: Landorus-Therian|Landorus-Therian, M|160\/319
|-damage|p2a: Landorus-Therian|121\/319|[from] Stealth Rock
|-ability|p2a: Landorus-Therian|Intimidate|[of] p1a: Lancelot
|-unboost|p1a: Lancelot|atk|1
|move|p1a: Lancelot|Hammer Arm|p2a: Landorus-Therian
|-resisted|p2a: Landorus-Therian
|-damage|p2a: Landorus-Therian|55\/319
|-unboost|p1a: Lancelot|spe|1
|
|turn|28
|
|switch|p1a: Lazegann|Landorus, M|68\/319
|move|p2a: Landorus-Therian|Knock Off|p1a: Lazegann
|-damage|p1a: Lazegann|0 fnt
|faint|p1a: Lazegann
|
|
|switch|p1a: Misa|Rotom-Wash|285\/303 tox
|turn|29
|
|switch|p2a: Heatran|Heatran, M|221\/386
|-damage|p2a: Heatran|173\/386|[from] Stealth Rock
|move|p1a: Misa|Volt Switch|p2a: Heatran
|-damage|p2a: Heatran|110\/386
|
|switch|p1a: King Kittan|Heracross, M|264\/301
|-damage|p1a: King Kittan|227\/301|[from] Spikes
|
|-heal|p2a: Heatran|134\/386|[from] item: Leftovers
|turn|30
|
|move|p1a: King Kittan|Close Combat|p2a: Heatran
|-supereffective|p2a: Heatran
|-damage|p2a: Heatran|0 fnt
|-unboost|p1a: King Kittan|def|1
|-unboost|p1a: King Kittan|spd|1
|faint|p2a: Heatran
|
|
|switch|p2a: Sylveon|Sylveon, M|366\/394
|-damage|p2a: Sylveon|317\/394|[from] Stealth Rock
|turn|31
|
|switch|p1a: Nyu|Clefable, F|286\/394
|-damage|p1a: Nyu|237\/394|[from] Spikes
|move|p2a: Sylveon|Hyper Voice|p1a: Nyu
|-damage|p1a: Nyu|68\/394
|
|-heal|p2a: Sylveon|341\/394|[from] item: Leftovers
|turn|32
|
|move|p1a: Nyu|Thunder Wave|p2a: Sylveon
|-status|p2a: Sylveon|par
|move|p2a: Sylveon|Hyper Voice|p1a: Nyu
|-damage|p1a: Nyu|0 fnt
|faint|p1a: Nyu
|
|-heal|p2a: Sylveon|365\/394 par|[from] item: Leftovers
|
|switch|p1a: Lancelot|Metagross-Mega, shiny|160\/301
|-damage|p1a: Lancelot|123\/301|[from] Spikes
|turn|33
|
|move|p1a: Lancelot|Zen Headbutt|p2a: Sylveon
|-damage|p2a: Sylveon|82\/394 par
|move|p2a: Sylveon|Hyper Voice|p1a: Lancelot
|-resisted|p1a: Lancelot
|-damage|p1a: Lancelot|51\/301
|
|-heal|p2a: Sylveon|106\/394 par|[from] item: Leftovers
|turn|34
|
|move|p1a: Lancelot|Meteor Mash|p2a: Sylveon
|-supereffective|p2a: Sylveon
|-damage|p2a: Sylveon|0 fnt
|faint|p2a: Sylveon
|
|c|âLuis coco|gg
|
|switch|p2a: Landorus-Therian|Landorus-Therian, M|55\/319
|-damage|p2a: Landorus-Therian|16\/319|[from] Stealth Rock
|-ability|p2a: Landorus-Therian|Intimidate|[of] p1a: Lancelot
|-unboost|p1a: Lancelot|atk|1
|turn|35
|
|switch|p1a: Misa|Rotom-Wash|285\/303 tox
|move|p2a: Landorus-Therian|Knock Off|p1a: Misa
|-damage|p1a: Misa|194\/303 tox
|-enditem|p1a: Misa|Leftovers|[from] move: Knock Off|[of] p2a: Landorus-Therian
|
|-damage|p1a: Misa|176\/303 tox|[from] psn
|turn|36
|
|move|p2a: Landorus-Therian|Knock Off|p1a: Misa
|-damage|p1a: Misa|111\/303 tox
|move|p1a: Misa|Will-O-Wisp|p2a: Landorus-Therian
|-status|p2a: Landorus-Therian|brn
|
|-damage|p2a: Landorus-Therian|0 fnt|[from] brn
|-damage|p1a: Misa|75\/303 tox|[from] psn
|faint|p2a: Landorus-Therian
|
|switch|p2a: Venusaur|Venusaur-Mega, F|235\/363
|-damage|p2a: Venusaur|190\/363|[from] Stealth Rock
|turn|37
|
|move|p1a: Misa|Will-O-Wisp|p2a: Venusaur|[miss]
|-miss|p1a: Misa|p2a: Venusaur
|move|p2a: Venusaur|Giga Drain|p1a: Misa
|-supereffective|p1a: Misa
|-damage|p1a: Misa|0 fnt
|-heal|p2a: Venusaur|228\/363|[from] drain|[of] p1a: Misa
|faint|p1a: Misa
|
|
|switch|p1a: Lancelot|Metagross-Mega, shiny|51\/301
|-damage|p1a: Lancelot|14\/301|[from] Spikes
|turn|38
|
|move|p1a: Lancelot|Zen Headbutt|p2a: Venusaur
|-crit|p2a: Venusaur
|-supereffective|p2a: Venusaur
|-damage|p2a: Venusaur|0 fnt
|faint|p2a: Venusaur
|
|
|switch|p2a: Quagsire|Quagsire, M|345\/394
|-damage|p2a: Quagsire|321\/394|[from] Stealth Rock
|turn|39
|
|move|p1a: Lancelot|Zen Headbutt|p2a: Quagsire|[miss]
|-miss|p1a: Lancelot|p2a: Quagsire
|move|p2a: Quagsire|Scald|p1a: Lancelot
|-damage|p1a: Lancelot|0 fnt
|faint|p1a: Lancelot
|
|-heal|p2a: Quagsire|345\/394|[from] item: Leftovers
|
|switch|p1a: King Kittan|Heracross, M|227\/301
|-damage|p1a: King Kittan|190\/301|[from] Spikes
|turn|40
|c|âLuis coco|a.a
|c|âLuis coco|gg
|c|âLuis coco|my lose
|
|move|p1a: King Kittan|Megahorn|p2a: Quagsire
|-crit|p2a: Quagsire
|-damage|p2a: Quagsire|0 fnt
|faint|p2a: Quagsire
|
|win|Pheonixmaster
|raw|Ladder updating...
|c|âPheonixmaster|gg
|raw|Pheonixmaster's rating: 1556 &rarr; <strong>1575<\/strong><br \/>(+19 for winning)
|raw|Luis coco's rating: 1526 &rarr; <strong>1507<\/strong><br \/>(-19 for losing)
|c|âLuis coco|a.a
|c|âLuis coco|crit
|c|âLuis coco|crit
|c|âPheonixmaster|was banded
|c|âLuis coco|crit
|c|âLuis coco|crit
|c|âLuis coco|crit
|c|âPheonixmaster|didnt matter
|c|âLuis coco|band?
|c|âPheonixmaster|yea
|c|âLuis coco|no es scarf?
|c|âPheonixmaster|nope
|c|âLuis coco|a.a
|c|âPheonixmaster|scarf is too weak
|c|âPheonixmaster|band shits on stall