|join|andrewmon
|join|Pheonixmaster
|player|p1|andrewmon|253
|player|p2|Pheonixmaster|167
|gametype|singles
|gen|6
|tier|OU
|rated
|clearpoke
|poke|p1|Charizard, M
|poke|p1|Sylveon, F
|poke|p1|Gengar, M
|poke|p1|Excadrill, M
|poke|p1|Dugtrio, M
|poke|p1|Tyranitar, M
|poke|p2|Azelf
|poke|p2|Camerupt, M
|poke|p2|Bronzong
|poke|p2|Heatran, M
|poke|p2|Cresselia, F
|poke|p2|Porygon2
|rule|Swagger Clause: Swagger is banned
|rule|Baton Pass Clause: Limit one PokÃ©mon knowing Baton Pass
|rule|Sleep Clause Mod: Limit one foe put to sleep
|rule|Species Clause: Limit one of each PokÃ©mon
|rule|OHKO Clause: OHKO moves are banned
|rule|Moody Clause: Moody is banned
|rule|Evasion Moves Clause: Evasion moves are banned
|rule|Endless Battle Clause: Forcing endless battles is banned
|rule|HP Percentage Mod: HP is shown in percentages
|teampreview
|
|start
|switch|p1a: Charizard|Charizard, M|335\/335
|switch|p2a: Azelf|Azelf|291\/291
|turn|1
|
|detailschange|p1a: Charizard|Charizard-Mega-Y, M
|-mega|p1a: Charizard|Charizard|Charizardite Y
|-weather|SunnyDay
|move|p2a: Azelf|Stealth Rock|p1a: Charizard
|-sidestart|p1: andrewmon|move: Stealth Rock
|move|p1a: Charizard|Will-O-Wisp|p2a: Azelf
|-status|p2a: Azelf|brn
|
|-weather|SunnyDay|[upkeep]
|-damage|p2a: Azelf|255\/291 brn|[from] brn
|turn|2
|
|switch|p1a: Gengar|Gengar, M|272\/272
|-damage|p1a: Gengar|238\/272|[from] Stealth Rock
|move|p2a: Azelf|Trick Room|p2a: Azelf
|-fieldstart|move: Trick Room|[of] p2a: Azelf
|
|-weather|SunnyDay|[upkeep]
|-heal|p1a: Gengar|255\/272|[from] item: Black Sludge
|-damage|p2a: Azelf|219\/291 brn|[from] brn
|turn|3
|
|move|p2a: Azelf|Explosion|p1a: Gengar
|-immune|p1a: Gengar|[msg]
|faint|p2a: Azelf
|move|p1a: Gengar|Hex|p2: Azelf|[notarget]
|-notarget
|
|-weather|SunnyDay|[upkeep]
|-heal|p1a: Gengar|272\/272|[from] item: Black Sludge
|
|switch|p2a: Camerupt|Camerupt, M|281\/281
|turn|4
|
|switch|p1a: Tyranitar|Tyranitar, M|341\/341
|-damage|p1a: Tyranitar|299\/341|[from] Stealth Rock
|-weather|Sandstorm
|detailschange|p2a: Camerupt|Camerupt-Mega, M
|-mega|p2a: Camerupt|Camerupt|Cameruptite
|move|p2a: Camerupt|Fire Blast|p1a: Tyranitar
|-resisted|p1a: Tyranitar
|-damage|p1a: Tyranitar|181\/341
|
|-weather|Sandstorm|[upkeep]
|turn|5
|
|switch|p1a: Gengar|Gengar, M|272\/272
|-damage|p1a: Gengar|238\/272|[from] Stealth Rock
|move|p2a: Camerupt|Earth Power|p1a: Gengar
|-immune|p1a: Gengar|[msg]
|
|-weather|Sandstorm|[upkeep]
|-damage|p1a: Gengar|221\/272|[from] Sandstorm
|-heal|p1a: Gengar|238\/272|[from] item: Black Sludge
|turn|6
|
|switch|p1a: Tyranitar|Tyranitar, M|181\/341
|-damage|p1a: Tyranitar|139\/341|[from] Stealth Rock
|move|p2a: Camerupt|Fire Blast|p1a: Tyranitar
|-resisted|p1a: Tyranitar
|-damage|p1a: Tyranitar|19\/341
|
|-weather|Sandstorm|[upkeep]
|-fieldend|move: Trick Room
|turn|7
|
|move|p1a: Tyranitar|Pursuit|p2a: Camerupt
|-damage|p2a: Camerupt|223\/281
|move|p2a: Camerupt|Rock Slide|p1a: Tyranitar
|-crit|p1a: Tyranitar
|-damage|p1a: Tyranitar|0 fnt
|faint|p1a: Tyranitar
|
|-weather|Sandstorm|[upkeep]
|
|switch|p1a: Excadrill|Excadrill, M|361\/361
|-damage|p1a: Excadrill|350\/361|[from] Stealth Rock
|turn|8
|
|switch|p2a: Cresselia|Cresselia, F|444\/444
|move|p1a: Excadrill|Earthquake|p2a: Cresselia
|-immune|p2a: Cresselia|[msg]
|
|-weather|Sandstorm|[upkeep]
|-damage|p2a: Cresselia|417\/444|[from] Sandstorm
|turn|9
|
|move|p1a: Excadrill|Rapid Spin|p2a: Cresselia
|-damage|p2a: Cresselia|402\/444
|-sideend|p1: andrewmon|Stealth Rock|[from] move: Rapid Spin|[of] p1a: Excadrill
|move|p2a: Cresselia|Sunny Day|p2a: Cresselia
|-weather|SunnyDay
|
|-weather|SunnyDay|[upkeep]
|turn|10
|
|move|p1a: Excadrill|Iron Head|p2a: Cresselia
|-damage|p2a: Cresselia|300\/444
|cant|p2a: Cresselia|flinch
|
|-weather|SunnyDay|[upkeep]
|turn|11
|
|move|p1a: Excadrill|Iron Head|p2a: Cresselia
|-damage|p2a: Cresselia|209\/444
|move|p2a: Cresselia|Trick Room|p2a: Cresselia
|-fieldstart|move: Trick Room|[of] p2a: Cresselia
|
|-weather|SunnyDay|[upkeep]
|turn|12
|
|switch|p2a: Bronzong|Bronzong|338\/338
|move|p1a: Excadrill|Earthquake|p2a: Bronzong
|-immune|p2a: Bronzong|[msg]
|
|-weather|SunnyDay|[upkeep]
|turn|13
|
|switch|p1a: Charizard|Charizard-Mega-Y, M|335\/335
|move|p2a: Bronzong|Earthquake|p1a: Charizard
|-immune|p1a: Charizard|[msg]
|
|-weather|SunnyDay|[upkeep]
|turn|14
|
|switch|p1a: Dugtrio|Dugtrio, M|212\/212
|move|p2a: Bronzong|Explosion|p1a: Dugtrio
|-enditem|p1a: Dugtrio|Focus Sash
|-damage|p1a: Dugtrio|1\/212
|faint|p2a: Bronzong
|
|-weather|SunnyDay|[upkeep]
|
|switch|p2a: Camerupt|Camerupt-Mega, M|223\/281
|turn|15
|
|switch|p1a: Sylveon|Sylveon, F|394\/394
|move|p2a: Camerupt|Rock Slide|p1a: Sylveon
|-damage|p1a: Sylveon|278\/394
|
|-weather|SunnyDay|[upkeep]
|-heal|p1a: Sylveon|302\/394|[from] item: Leftovers
|-fieldend|move: Trick Room
|turn|16
|
|move|p1a: Sylveon|Hyper Voice|p2a: Camerupt
|-resisted|p2a: Camerupt
|-damage|p2a: Camerupt|150\/281
|move|p2a: Camerupt|Fire Blast|p1a: Sylveon
|-damage|p1a: Sylveon|0 fnt
|faint|p1a: Sylveon
|
|-weather|none
|
|switch|p1a: Dugtrio|Dugtrio, M|1\/212
|turn|17
|
|move|p1a: Dugtrio|Earthquake|p2a: Camerupt
|-supereffective|p2a: Camerupt
|-damage|p2a: Camerupt|0 fnt
|faint|p2a: Camerupt
|
|
|switch|p2a: Cresselia|Cresselia, F|209\/444
|turn|18
|
|switch|p1a: Charizard|Charizard-Mega-Y, M|335\/335
|-weather|SunnyDay
|move|p2a: Cresselia|Trick Room|p2a: Cresselia
|-fieldstart|move: Trick Room|[of] p2a: Cresselia
|
|-weather|SunnyDay|[upkeep]
|turn|19
|
|switch|p2a: Heatran|Heatran, M|386\/386
|move|p1a: Charizard|Solar Beam|p2a: Heatran|[still]
|-prepare|p1a: Charizard|Solar Beam|p2a: Heatran
|-anim|p1a: Charizard|Solar Beam|p2a: Heatran
|-resisted|p2a: Heatran
|-damage|p2a: Heatran|352\/386
|
|-weather|SunnyDay|[upkeep]
|turn|20
|
|move|p2a: Heatran|Eruption|p1a: Charizard
|-resisted|p1a: Charizard
|-damage|p1a: Charizard|83\/335
|move|p1a: Charizard|Roost|p1a: Charizard
|-heal|p1a: Charizard|251\/335
|
|-weather|SunnyDay|[upkeep]
|turn|21
|
|move|p2a: Heatran|Eruption|p1a: Charizard
|-resisted|p1a: Charizard
|-damage|p1a: Charizard|0 fnt
|faint|p1a: Charizard
|
|-weather|SunnyDay|[upkeep]
|c|âandrewmon|that is sooo fucking powerful!
|
|switch|p1a: Excadrill|Excadrill, M|350\/361
|turn|22
|
|switch|p2a: Cresselia|Cresselia, F|209\/444
|move|p1a: Excadrill|Earthquake|p2a: Cresselia
|-immune|p2a: Cresselia|[msg]
|
|-weather|none
|-fieldend|move: Trick Room
|turn|23
|
|move|p1a: Excadrill|Iron Head|p2a: Cresselia
|-damage|p2a: Cresselia|113\/444
|move|p2a: Cresselia|Trick Room|p2a: Cresselia
|-fieldstart|move: Trick Room|[of] p2a: Cresselia
|
|turn|24
|
|move|p2a: Cresselia|Lunar Dance|p2a: Cresselia
|faint|p2a: Cresselia
|move|p1a: Excadrill|Earthquake|p2: Cresselia|[notarget]
|-notarget
|
|
|switch|p2a: Heatran|Heatran, M|352\/386
|-heal|p2a: Heatran|386\/386|[from] move: Lunar Dance
|turn|25
|
|move|p2a: Heatran|Eruption|p1a: Excadrill
|-supereffective|p1a: Excadrill
|-damage|p1a: Excadrill|0 fnt
|faint|p1a: Excadrill
|
|
|switch|p1a: Dugtrio|Dugtrio, M|1\/212
|turn|26
|
|move|p2a: Heatran|Eruption|p1a: Dugtrio
|-damage|p1a: Dugtrio|0 fnt
|faint|p1a: Dugtrio
|
|
|switch|p1a: Gengar|Gengar, M|238\/272
|turn|27
|c|âandrewmon|gg
|
|move|p2a: Heatran|Eruption|p1a: Gengar
|-damage|p1a: Gengar|0 fnt
|faint|p1a: Gengar
|
|win|Pheonixmaster
|raw|Ladder updating...
|raw|andrewmon's rating: 1634 &rarr; <strong>1604<\/strong><br \/>(-30 for losing)
|raw|Pheonixmaster's rating: 1460 &rarr; <strong>1489<\/strong><br \/>(+29 for winning)
|c|âPheonixmaster|gg