|join|Muscle Baby
|join|Coldest Hands
|player|p1|Muscle Baby|155
|player|p2|Coldest Hands|143
|gametype|singles
|gen|6
|tier|UU
|rated
|rule|Sleep Clause Mod: Limit one foe put to sleep
|rule|Species Clause: Limit one of each PokÃ©mon
|rule|OHKO Clause: OHKO moves are banned
|rule|Moody Clause: Moody is banned
|rule|Evasion Moves Clause: Evasion moves are banned
|rule|Endless Battle Clause: Forcing endless battles is banned
|rule|HP Percentage Mod: HP is shown in percentages
|clearpoke
|poke|p1|Reuniclus, F
|poke|p1|Swampert, M
|poke|p1|Forretress, M
|poke|p1|Trevenant, F
|poke|p1|Nidoking, M
|poke|p1|Entei, shiny
|poke|p2|Jirachi
|poke|p2|Starmie
|poke|p2|Diancie
|poke|p2|Haxorus, F
|poke|p2|Machamp, M
|poke|p2|Pidgeot, M
|rule|Swagger Clause: Swagger is banned
|rule|Baton Pass Clause: Limit one PokÃ©mon knowing Baton Pass
|teampreview
|join|MountainDewTecks
|
|start
|switch|p1a: Forretress|Forretress, M|354\/354
|switch|p2a: Birdeus|Pidgeot, M|319\/319
|turn|1
|
|switch|p1a: Entei|Entei, shiny|371\/371
|-ability|p1a: Entei|Pressure
|detailschange|p2a: Birdeus|Pidgeot-Mega, M
|message|Pidgeot has Mega Evolved into Mega Pidgeot!
|move|p2a: Birdeus|Heat Wave|p1a: Entei
|-crit|p1a: Entei
|-resisted|p1a: Entei
|-damage|p1a: Entei|316\/371
|
|turn|2
|
|switch|p2a: Diancie|Diancie|304\/304
|move|p1a: Entei|Sacred Fire|p2a: Diancie
|-resisted|p2a: Diancie
|-damage|p2a: Diancie|244\/304
|-status|p2a: Diancie|brn
|
|-heal|p2a: Diancie|263\/304 brn|[from] item: Leftovers
|-damage|p2a: Diancie|225\/304 brn|[from] brn
|turn|3
|
|switch|p1a: Swampert|Swampert, M|341\/341
|move|p2a: Diancie|Stealth Rock|p1a: Swampert
|-sidestart|p1: Muscle Baby|move: Stealth Rock
|
|-heal|p2a: Diancie|244\/304 brn|[from] item: Leftovers
|-damage|p2a: Diancie|206\/304 brn|[from] brn
|turn|4
|
|switch|p2a: Starmie|Starmie|323\/323
|detailschange|p1a: Swampert|Swampert-Mega, M
|message|Swampert has Mega Evolved into Mega Swampert!
|move|p1a: Swampert|Stealth Rock|p2a: Starmie
|-sidestart|p2: Coldest Hands|move: Stealth Rock
|
|turn|5
|join|ItsMaxis
|c| MountainDewTecks|http:\/\/play.pokemonshowdown.com\/fx\/rock1.png
|
|move|p2a: Starmie|Ice Beam|p1a: Swampert
|-damage|p1a: Swampert|272\/341
|move|p1a: Swampert|Earthquake|p2a: Starmie
|-damage|p2a: Starmie|155\/323
|
|-heal|p2a: Starmie|175\/323|[from] item: Leftovers
|turn|6
|
|switch|p1a: Reuniclus|Reuniclus, F|424\/424
|move|p2a: Starmie|Scald|p1a: Reuniclus
|-damage|p1a: Reuniclus|295\/424
|
|-heal|p2a: Starmie|195\/323|[from] item: Leftovers
|-heal|p1a: Reuniclus|321\/424|[from] item: Leftovers
|turn|7
|
|switch|p2a: Jirachi|Jirachi|341\/341
|-damage|p2a: Jirachi|320\/341|[from] Stealth Rock
|move|p1a: Reuniclus|Recover|p1a: Reuniclus
|-heal|p1a: Reuniclus|424\/424
|
|turn|8
|
|switch|p1a: Forretress|Forretress, M|354\/354
|-damage|p1a: Forretress|310\/354|[from] Stealth Rock
|move|p2a: Jirachi|U-turn|p1a: Forretress
|-resisted|p1a: Forretress
|-damage|p1a: Forretress|291\/354
|
|switch|p2a: Starmie|Starmie|195\/323
|-damage|p2a: Starmie|155\/323|[from] Stealth Rock
|
|-heal|p2a: Starmie|175\/323|[from] item: Leftovers
|-heal|p1a: Forretress|313\/354|[from] item: Leftovers
|turn|9
|
|move|p2a: Starmie|Recover|p2a: Starmie
|-heal|p2a: Starmie|323\/323
|move|p1a: Forretress|Rapid Spin|p2a: Starmie
|-damage|p2a: Starmie|311\/323
|-sideend|p1: Muscle Baby|Stealth Rock|[from] move: Rapid Spin|[of] p1a: Forretress
|
|-heal|p2a: Starmie|323\/323|[from] item: Leftovers
|-heal|p1a: Forretress|335\/354|[from] item: Leftovers
|turn|10
|
|switch|p1a: Reuniclus|Reuniclus, F|424\/424
|move|p2a: Starmie|Rapid Spin|p1a: Reuniclus
|-crit|p1a: Reuniclus
|-damage|p1a: Reuniclus|404\/424
|-sideend|p2: Coldest Hands|Stealth Rock|[from] move: Rapid Spin|[of] p2a: Starmie
|
|-heal|p1a: Reuniclus|424\/424|[from] item: Leftovers
|turn|11
|
|switch|p2a: Birdeus|Pidgeot-Mega, M|319\/319
|move|p1a: Reuniclus|Calm Mind|p1a: Reuniclus
|-boost|p1a: Reuniclus|spa|1
|-boost|p1a: Reuniclus|spd|1
|
|turn|12
|
|move|p2a: Birdeus|U-turn|p1a: Reuniclus
|-supereffective|p1a: Reuniclus
|-damage|p1a: Reuniclus|354\/424
|
|switch|p2a: Jirachi|Jirachi|320\/341
|move|p1a: Reuniclus|Calm Mind|p1a: Reuniclus
|-boost|p1a: Reuniclus|spa|1
|-boost|p1a: Reuniclus|spd|1
|
|-heal|p1a: Reuniclus|380\/424|[from] item: Leftovers
|turn|13
|
|switch|p1a: Forretress|Forretress, M|335\/354
|move|p2a: Jirachi|U-turn|p1a: Forretress
|-resisted|p1a: Forretress
|-damage|p1a: Forretress|314\/354
|
|switch|p2a: Birdeus|Pidgeot-Mega, M|319\/319
|
|-heal|p1a: Forretress|336\/354|[from] item: Leftovers
|turn|14
|
|switch|p1a: Entei|Entei, shiny|316\/371
|-ability|p1a: Entei|Pressure
|move|p2a: Birdeus|Hurricane|p1a: Entei
|-damage|p1a: Entei|198\/371
|
|turn|15
|
|move|p2a: Birdeus|U-turn|p1a: Entei
|-resisted|p1a: Entei
|-damage|p1a: Entei|176\/371
|
|switch|p2a: Diancie|Diancie|206\/304 brn
|move|p1a: Entei|Sacred Fire|p2a: Diancie
|-resisted|p2a: Diancie
|-damage|p2a: Diancie|148\/304 brn
|
|-heal|p2a: Diancie|167\/304 brn|[from] item: Leftovers
|-damage|p2a: Diancie|129\/304 brn|[from] brn
|turn|16
|
|switch|p1a: Trevenant|Trevenant, F|374\/374
|move|p2a: Diancie|Stealth Rock|p1a: Trevenant
|-sidestart|p1: Muscle Baby|move: Stealth Rock
|
|-heal|p2a: Diancie|148\/304 brn|[from] item: Leftovers
|-damage|p2a: Diancie|110\/304 brn|[from] brn
|turn|17
|
|move|p1a: Trevenant|Substitute|p1a: Trevenant
|-start|p1a: Trevenant|Substitute
|-damage|p1a: Trevenant|281\/374
|move|p2a: Diancie|Moonblast|p1a: Trevenant
|-end|p1a: Trevenant|Substitute
|
|-heal|p2a: Diancie|129\/304 brn|[from] item: Leftovers
|-damage|p2a: Diancie|91\/304 brn|[from] brn
|turn|18
|
|move|p1a: Trevenant|Horn Leech|p2a: Diancie
|-supereffective|p2a: Diancie
|-damage|p2a: Diancie|0 fnt
|-heal|p1a: Trevenant|327\/374|[from] drain|[of] p2a: Diancie
|faint|p2a: Diancie
|
|
|switch|p2a: Birdeus|Pidgeot-Mega, M|319\/319
|turn|19
|
|switch|p1a: Reuniclus|Reuniclus, F|380\/424
|move|p2a: Birdeus|Hurricane|p1a: Reuniclus
|-damage|p1a: Reuniclus|160\/424
|-start|p1a: Reuniclus|confusion
|
|-heal|p1a: Reuniclus|186\/424|[from] item: Leftovers
|turn|20
|
|move|p2a: Birdeus|Hurricane|p1a: Reuniclus
|-damage|p1a: Reuniclus|0 fnt
|faint|p1a: Reuniclus
|
|
|switch|p1a: Nidoking|Nidoking, M|303\/303
|-damage|p1a: Nidoking|285\/303|[from] Stealth Rock
|turn|21
|
|move|p1a: Nidoking|Sludge Wave|p2a: Birdeus
|-damage|p2a: Birdeus|112\/319
|move|p2a: Birdeus|U-turn|p1a: Nidoking
|-resisted|p1a: Nidoking
|-damage|p1a: Nidoking|258\/303
|
|switch|p2a: Jirachi|Jirachi|320\/341
|
|turn|22
|
|switch|p1a: Forretress|Forretress, M|336\/354
|-damage|p1a: Forretress|292\/354|[from] Stealth Rock
|move|p2a: Jirachi|Ice Punch|p1a: Forretress
|-resisted|p1a: Forretress
|-damage|p1a: Forretress|272\/354
|
|-heal|p1a: Forretress|294\/354|[from] item: Leftovers
|turn|23
|
|switch|p2a: Birdeus|Pidgeot-Mega, M|112\/319
|move|p1a: Forretress|Rapid Spin|p2a: Birdeus
|-damage|p2a: Birdeus|95\/319
|-sideend|p1: Muscle Baby|Stealth Rock|[from] move: Rapid Spin|[of] p1a: Forretress
|
|-heal|p1a: Forretress|316\/354|[from] item: Leftovers
|turn|24
|
|switch|p1a: Entei|Entei, shiny|176\/371
|-ability|p1a: Entei|Pressure
|move|p2a: Birdeus|Heat Wave|p1a: Entei
|-resisted|p1a: Entei
|-damage|p1a: Entei|138\/371
|
|turn|25
|
|switch|p2a: Starmie|Starmie|323\/323
|move|p1a: Entei|Extreme Speed|p2a: Starmie
|-damage|p2a: Starmie|250\/323
|
|-heal|p2a: Starmie|270\/323|[from] item: Leftovers
|turn|26
|
|switch|p1a: Trevenant|Trevenant, F|327\/374
|move|p2a: Starmie|Scald|p1a: Trevenant
|-resisted|p1a: Trevenant
|-damage|p1a: Trevenant|281\/374
|
|-heal|p2a: Starmie|290\/323|[from] item: Leftovers
|turn|27
|
|move|p2a: Starmie|Ice Beam|p1a: Trevenant
|-supereffective|p1a: Trevenant
|-damage|p1a: Trevenant|173\/374
|-enditem|p1a: Trevenant|Sitrus Berry|[eat]
|-heal|p1a: Trevenant|266\/374|[from] item: Sitrus Berry
|move|p1a: Trevenant|Substitute|p1a: Trevenant
|-start|p1a: Trevenant|Substitute
|-damage|p1a: Trevenant|173\/374
|
|-heal|p2a: Starmie|310\/323|[from] item: Leftovers
|turn|28
|
|switch|p2a: Jirachi|Jirachi|320\/341
|move|p1a: Trevenant|Horn Leech|p2a: Jirachi
|-resisted|p2a: Jirachi
|-damage|p2a: Jirachi|270\/341
|-heal|p1a: Trevenant|198\/374|[from] drain|[of] p2a: Jirachi
|
|turn|29
|
|move|p2a: Jirachi|Ice Punch|p1a: Trevenant
|-supereffective|p1a: Trevenant
|-end|p1a: Trevenant|Substitute
|move|p1a: Trevenant|Will-O-Wisp|p2a: Jirachi
|-status|p2a: Jirachi|brn
|
|-damage|p2a: Jirachi|228\/341 brn|[from] brn
|turn|30
|
|move|p2a: Jirachi|Ice Punch|p1a: Trevenant
|-supereffective|p1a: Trevenant
|-damage|p1a: Trevenant|100\/374
|move|p1a: Trevenant|Substitute|p1a: Trevenant
|-start|p1a: Trevenant|Substitute
|-damage|p1a: Trevenant|7\/374
|
|-damage|p2a: Jirachi|186\/341 brn|[from] brn
|-item|p1a: Trevenant|Sitrus Berry|[from] ability: Harvest
|-enditem|p1a: Trevenant|Sitrus Berry|[eat]
|-heal|p1a: Trevenant|100\/374|[from] item: Sitrus Berry
|turn|31
|
|move|p2a: Jirachi|Ice Punch|p1a: Trevenant
|-supereffective|p1a: Trevenant
|-activate|p1a: Trevenant|Substitute|[damage]
|move|p1a: Trevenant|Leech Seed|p2a: Jirachi
|-start|p2a: Jirachi|move: Leech Seed
|
|-damage|p2a: Jirachi|144\/341 brn|[from] Leech Seed|[of] p1a: Trevenant
|-heal|p1a: Trevenant|142\/374|[silent]
|-damage|p2a: Jirachi|102\/341 brn|[from] brn
|turn|32
|
|move|p2a: Jirachi|Ice Punch|p1a: Trevenant
|-supereffective|p1a: Trevenant
|-end|p1a: Trevenant|Substitute
|move|p1a: Trevenant|Horn Leech|p2a: Jirachi
|-crit|p2a: Jirachi
|-resisted|p2a: Jirachi
|-damage|p2a: Jirachi|31\/341 brn
|-heal|p1a: Trevenant|178\/374|[from] drain|[of] p2a: Jirachi
|
|-damage|p2a: Jirachi|0 fnt|[from] Leech Seed|[of] p1a: Trevenant
|-heal|p1a: Trevenant|209\/374|[silent]
|-item|p1a: Trevenant|Sitrus Berry|[from] ability: Harvest
|faint|p2a: Jirachi
|
|switch|p2a: Birdeus|Pidgeot-Mega, M|95\/319
|turn|33
|
|switch|p1a: Forretress|Forretress, M|316\/354
|move|p2a: Birdeus|Hurricane|p1a: Forretress
|-damage|p1a: Forretress|0 fnt
|faint|p1a: Forretress
|
|
|switch|p1a: Nidoking|Nidoking, M|258\/303
|turn|34
|
|switch|p2a: Haxorus|Haxorus, F|293\/293
|-ability|p2a: Haxorus|Mold Breaker
|move|p1a: Nidoking|Sludge Wave|p2a: Haxorus
|-damage|p2a: Haxorus|58\/293
|
|turn|35
|
|move|p1a: Nidoking|Sludge Wave|p2a: Haxorus
|-damage|p2a: Haxorus|0 fnt
|faint|p2a: Haxorus
|
|
|switch|p2a: Starmie|Starmie|310\/323
|turn|36
|
|move|p1a: Nidoking|Sludge Wave|p2a: Starmie
|-damage|p2a: Starmie|121\/323
|move|p2a: Starmie|Ice Beam|p1a: Nidoking
|-supereffective|p1a: Nidoking
|-damage|p1a: Nidoking|10\/303
|
|-heal|p2a: Starmie|141\/323|[from] item: Leftovers
|turn|37
|
|switch|p2a: Machamp|Machamp, M|383\/383
|move|p1a: Nidoking|Sludge Wave|p2a: Machamp
|-damage|p2a: Machamp|265\/383
|
|turn|38
|
|switch|p1a: Swampert|Swampert-Mega, M|272\/341
|move|p2a: Machamp|Bullet Punch|p1a: Swampert
|-resisted|p1a: Swampert
|-damage|p1a: Swampert|247\/341
|
|turn|39
|
|move|p1a: Swampert|Earthquake|p2a: Machamp
|-crit|p2a: Machamp
|-damage|p2a: Machamp|0 fnt
|faint|p2a: Machamp
|
|
|switch|p2a: Starmie|Starmie|141\/323
|turn|40
|
|move|p2a: Starmie|Recover|p2a: Starmie
|-heal|p2a: Starmie|303\/323
|move|p1a: Swampert|Earthquake|p2a: Starmie
|-damage|p2a: Starmie|134\/323
|
|-heal|p2a: Starmie|154\/323|[from] item: Leftovers
|turn|41
|
|switch|p1a: Trevenant|Trevenant, F|209\/374
|move|p2a: Starmie|Scald|p1a: Trevenant
|-resisted|p1a: Trevenant
|-damage|p1a: Trevenant|160\/374
|-enditem|p1a: Trevenant|Sitrus Berry|[eat]
|-heal|p1a: Trevenant|253\/374|[from] item: Sitrus Berry
|
|-heal|p2a: Starmie|174\/323|[from] item: Leftovers
|-item|p1a: Trevenant|Sitrus Berry|[from] ability: Harvest
|turn|42
|
|move|p2a: Starmie|Ice Beam|p1a: Trevenant
|-supereffective|p1a: Trevenant
|-damage|p1a: Trevenant|143\/374
|-status|p1a: Trevenant|frz
|-enditem|p1a: Trevenant|Sitrus Berry|[eat]
|-heal|p1a: Trevenant|236\/374 frz|[from] item: Sitrus Berry
|cant|p1a: Trevenant|frz
|
|-heal|p2a: Starmie|194\/323|[from] item: Leftovers
|turn|43
|
|switch|p2a: Birdeus|Pidgeot-Mega, M|95\/319
|cant|p1a: Trevenant|frz
|
|turn|44
|
|switch|p1a: Entei|Entei, shiny|138\/371
|-ability|p1a: Entei|Pressure
|move|p2a: Birdeus|Hurricane|p1a: Entei
|-damage|p1a: Entei|18\/371
|
|turn|45
|
|switch|p2a: Starmie|Starmie|194\/323
|move|p1a: Entei|Extreme Speed|p2a: Starmie
|-damage|p2a: Starmie|123\/323
|
|-heal|p2a: Starmie|143\/323|[from] item: Leftovers
|turn|46
|
|move|p2a: Starmie|Recover|p2a: Starmie
|-heal|p2a: Starmie|305\/323
|move|p1a: Entei|Flare Blitz|p2a: Starmie
|-crit|p2a: Starmie
|-resisted|p2a: Starmie
|-damage|p2a: Starmie|168\/323
|-damage|p1a: Entei|0 fnt|[from] recoil|[of] p2a: Starmie
|faint|p1a: Entei
|
|-heal|p2a: Starmie|188\/323|[from] item: Leftovers
|
|switch|p1a: Nidoking|Nidoking, M|10\/303
|turn|47
|
|move|p1a: Nidoking|Sludge Wave|p2a: Starmie
|-damage|p2a: Starmie|1\/323
|move|p2a: Starmie|Scald|p1a: Nidoking
|-supereffective|p1a: Nidoking
|-damage|p1a: Nidoking|0 fnt
|faint|p1a: Nidoking
|
|-heal|p2a: Starmie|21\/323|[from] item: Leftovers
|
|switch|p1a: Swampert|Swampert-Mega, M|247\/341
|turn|48
|
|move|p2a: Starmie|Scald|p1a: Swampert
|-damage|p1a: Swampert|163\/341
|-status|p1a: Swampert|brn
|move|p1a: Swampert|Earthquake|p2a: Starmie
|-crit|p2a: Starmie
|-damage|p2a: Starmie|0 fnt
|faint|p2a: Starmie
|
|-damage|p1a: Swampert|121\/341 brn|[from] brn
|
|switch|p2a: Birdeus|Pidgeot-Mega, M|95\/319
|turn|49
|c|âMuscle Baby|That freeze really mattered
|
|move|p2a: Birdeus|Hurricane|p1a: Swampert
|-damage|p1a: Swampert|0 fnt
|faint|p1a: Swampert
|
|
|switch|p1a: Trevenant|Trevenant, F|236\/374 frz
|turn|50
|
|move|p2a: Birdeus|Hurricane|p1a: Trevenant
|-crit|p1a: Trevenant
|-supereffective|p1a: Trevenant
|-damage|p1a: Trevenant|0 fnt
|faint|p1a: Trevenant
|
|win|Coldest Hands
|raw|Ladder updating...
|raw|Muscle Baby's rating: 1274 &rarr; <strong>1250<\/strong><br \/>(-24 for losing)
|raw|Coldest Hands's rating: 1289 &rarr; <strong>1313<\/strong><br \/>(+24 for winning)
|c|âColdest Hands|gg
|c| MountainDewTecks|he who uses trevenent should not complain
|c|âMuscle Baby|:\/
|c| ItsMaxis|I liked the battle :D
|c| MountainDewTecks|ayy
|c|âMuscle Baby|You couldn't even spell trevenant right
|c|âColdest Hands|The crit eq on haxorus mattered, so idk
|c|âMuscle Baby|True
|leave|Muscle Baby
|player|p1
|c| MountainDewTecks|oh no I spelled a pokemon's name wrong
|leave|MountainDewTecks
|leave|ItsMaxis