|join|Mudoon
|join|Coldest Hands
|player|p1|Mudoon|126
|player|p2|Coldest Hands|143
|gametype|singles
|gen|6
|tier|UU
|rated
|rule|Sleep Clause Mod: Limit one foe put to sleep
|rule|Species Clause: Limit one of each PokÃ©mon
|rule|OHKO Clause: OHKO moves are banned
|rule|Moody Clause: Moody is banned
|rule|Evasion Moves Clause: Evasion moves are banned
|rule|Endless Battle Clause: Forcing endless battles is banned
|rule|HP Percentage Mod: HP is shown in percentages
|clearpoke
|poke|p1|Alakazam, M
|poke|p1|Raikou
|poke|p1|Weezing, M
|poke|p1|Umbreon, M
|poke|p1|Donphan, F
|poke|p1|Mienshao, F
|poke|p2|Jirachi
|poke|p2|Starmie
|poke|p2|Diancie
|poke|p2|Haxorus, F
|poke|p2|Machamp, M
|poke|p2|Pidgeot, M
|rule|Swagger Clause: Swagger is banned
|rule|Baton Pass Clause: Limit one PokÃ©mon knowing Baton Pass
|teampreview
|join|Steven Clift
|
|start
|switch|p1a: Alakazam|Alakazam, M|259\/259
|switch|p2a: Haxorus|Haxorus, F|293\/293
|-ability|p2a: Haxorus|Mold Breaker
|turn|1
|join|MountainDewTecks
|
|detailschange|p1a: Alakazam|Alakazam-Mega, M
|-mega|p1a: Alakazam|Alakazam|Alakazite
|-ability|p1a: Alakazam|Mold Breaker|[from] ability: Trace|[of] p2a: Haxorus
|-ability|p1a: Alakazam|Mold Breaker
|move|p1a: Alakazam|Psyshock|p2a: Haxorus
|-damage|p2a: Haxorus|76\/293
|move|p2a: Haxorus|Outrage|p1a: Alakazam
|-damage|p1a: Alakazam|0 fnt
|faint|p1a: Alakazam
|
|
|switch|p1a: Donphan|Donphan, F|364\/364
|turn|2
|
|move|p1a: Donphan|Ice Shard|p2a: Haxorus
|-supereffective|p2a: Haxorus
|-damage|p2a: Haxorus|0 fnt
|faint|p2a: Haxorus
|
|
|switch|p2a: Starmie|Starmie|323\/323
|turn|3
|
|switch|p2a: Machamp|Machamp, M|383\/383
|switch|p1a: Umbreon|Umbreon, M|394\/394
|
|turn|4
|
|switch|p1a: Weezing|Weezing, M|334\/334
|move|p2a: Machamp|Dynamic Punch|p1a: Weezing
|-resisted|p1a: Weezing
|-damage|p1a: Weezing|269\/334
|-start|p1a: Weezing|confusion
|
|-heal|p1a: Weezing|289\/334|[from] item: Black Sludge
|turn|5
|
|switch|p1a: Donphan|Donphan, F|364\/364
|switch|p2a: Birdeus|Pidgeot, M|319\/319
|
|turn|6
|
|switch|p1a: Raikou|Raikou|321\/321
|-ability|p1a: Raikou|Pressure
|detailschange|p2a: Birdeus|Pidgeot-Mega, M
|-mega|p2a: Birdeus|Pidgeot|Pidgeotite
|move|p2a: Birdeus|Hurricane|p1a: Raikou
|-resisted|p1a: Raikou
|-damage|p1a: Raikou|224\/321
|
|turn|7
|
|move|p2a: Birdeus|U-turn|p1a: Raikou
|-damage|p1a: Raikou|172\/321
|
|switch|p2a: Jirachi|Jirachi|341\/341
|move|p1a: Raikou|Volt Switch|p2a: Jirachi
|-crit|p2a: Jirachi
|-damage|p2a: Jirachi|94\/341
|
|switch|p1a: Mienshao|Mienshao, F|271\/271
|
|turn|8
|
|move|p1a: Mienshao|High Jump Kick|p2a: Jirachi|[miss]
|-miss|p1a: Mienshao|p2a: Jirachi
|-damage|p1a: Mienshao|136\/271|[from] highjumpkick
|move|p2a: Jirachi|Body Slam|p1a: Mienshao
|-damage|p1a: Mienshao|14\/271
|-status|p1a: Mienshao|par
|
|turn|9
|c|âColdest Hands|that sucks
|c| MountainDewTecks|good game
|
|switch|p1a: Weezing|Weezing, M|289\/334
|move|p2a: Jirachi|Body Slam|p1a: Weezing
|-damage|p1a: Weezing|231\/334
|-status|p1a: Weezing|par
|
|-heal|p1a: Weezing|251\/334 par|[from] item: Black Sludge
|turn|10
|
|switch|p2a: Birdeus|Pidgeot-Mega, M|319\/319
|cant|p1a: Weezing|par
|
|-heal|p1a: Weezing|271\/334 par|[from] item: Black Sludge
|turn|11
|
|switch|p1a: Umbreon|Umbreon, M|394\/394
|move|p2a: Birdeus|Hurricane|p1a: Umbreon
|-damage|p1a: Umbreon|282\/394
|
|-heal|p1a: Umbreon|306\/394|[from] item: Leftovers
|turn|12
|
|switch|p1a: Weezing|Weezing, M|271\/334 par
|move|p2a: Birdeus|U-turn|p1a: Weezing
|-crit|p1a: Weezing
|-resisted|p1a: Weezing
|-damage|p1a: Weezing|251\/334 par
|
|switch|p2a: Starmie|Starmie|323\/323
|
|-heal|p1a: Weezing|271\/334 par|[from] item: Black Sludge
|turn|13
|
|move|p2a: Starmie|Scald|p1a: Weezing
|-damage|p1a: Weezing|145\/334 par
|move|p1a: Weezing|Sludge Bomb|p2a: Starmie
|-crit|p2a: Starmie
|-damage|p2a: Starmie|157\/323
|
|-heal|p2a: Starmie|177\/323|[from] item: Leftovers
|-heal|p1a: Weezing|165\/334 par|[from] item: Black Sludge
|turn|14
|
|move|p2a: Starmie|Scald|p1a: Weezing
|-damage|p1a: Weezing|36\/334 par
|move|p1a: Weezing|Pain Split|p2a: Starmie
|-sethp|p2a: Starmie|106\/323|p1a: Weezing|106\/334 par|[from] move: Pain Split
|
|-heal|p2a: Starmie|126\/323|[from] item: Leftovers
|-heal|p1a: Weezing|126\/334 par|[from] item: Black Sludge
|turn|15
|
|switch|p1a: Mienshao|Mienshao, F|14\/271 par
|move|p2a: Starmie|Scald|p1a: Mienshao
|-damage|p1a: Mienshao|0 fnt
|faint|p1a: Mienshao
|
|-heal|p2a: Starmie|146\/323|[from] item: Leftovers
|
|switch|p1a: Raikou|Raikou|172\/321
|-ability|p1a: Raikou|Pressure
|turn|16
|
|move|p1a: Raikou|Volt Switch|p2a: Starmie
|-supereffective|p2a: Starmie
|-damage|p2a: Starmie|0 fnt
|faint|p2a: Starmie
|
|switch|p1a: Weezing|Weezing, M|126\/334 par
|
|-heal|p1a: Weezing|146\/334 par|[from] item: Black Sludge
|
|switch|p2a: Birdeus|Pidgeot-Mega, M|319\/319
|turn|17
|
|move|p2a: Birdeus|Hurricane|p1a: Weezing
|-damage|p1a: Weezing|0 fnt
|faint|p1a: Weezing
|
|
|switch|p1a: Raikou|Raikou|172\/321
|-ability|p1a: Raikou|Pressure
|turn|18
|
|move|p2a: Birdeus|U-turn|p1a: Raikou
|-crit|p1a: Raikou
|-damage|p1a: Raikou|94\/321
|
|switch|p2a: Machamp|Machamp, M|383\/383
|move|p1a: Raikou|Volt Switch|p2a: Machamp
|-damage|p2a: Machamp|248\/383
|
|switch|p1a: Donphan|Donphan, F|364\/364
|
|turn|19
|
|move|p1a: Donphan|Earthquake|p2a: Machamp
|-damage|p2a: Machamp|29\/383
|move|p2a: Machamp|Dynamic Punch|p1a: Donphan
|-damage|p1a: Donphan|211\/364
|-start|p1a: Donphan|confusion
|
|turn|20
|
|switch|p2a: Birdeus|Pidgeot-Mega, M|319\/319
|-activate|p1a: Donphan|confusion
|move|p1a: Donphan|Ice Shard|p2a: Birdeus
|-supereffective|p2a: Birdeus
|-damage|p2a: Birdeus|189\/319
|
|turn|21
|
|switch|p1a: Umbreon|Umbreon, M|306\/394
|move|p2a: Birdeus|U-turn|p1a: Umbreon
|-supereffective|p1a: Umbreon
|-damage|p1a: Umbreon|222\/394
|
|switch|p2a: Diancie|Diancie|304\/304
|
|-heal|p1a: Umbreon|246\/394|[from] item: Leftovers
|turn|22
|
|move|p1a: Umbreon|Wish|p1a: Umbreon
|move|p2a: Diancie|Stealth Rock|p1a: Umbreon
|-sidestart|p1: Mudoon|move: Stealth Rock
|
|-heal|p1a: Umbreon|270\/394|[from] item: Leftovers
|turn|23
|
|switch|p1a: Donphan|Donphan, F|211\/364
|-damage|p1a: Donphan|189\/364|[from] Stealth Rock
|move|p2a: Diancie|Moonblast|p1a: Donphan
|-damage|p1a: Donphan|83\/364
|
|-heal|p1a: Donphan|280\/364|[from] move: Wish|[wisher] Umbreon
|turn|24
|
|switch|p2a: Machamp|Machamp, M|29\/383
|move|p1a: Donphan|Ice Shard|p2a: Machamp
|-damage|p2a: Machamp|0 fnt
|faint|p2a: Machamp
|
|
|switch|p2a: Jirachi|Jirachi|94\/341
|turn|25
|
|switch|p1a: Raikou|Raikou|94\/321
|-damage|p1a: Raikou|54\/321|[from] Stealth Rock
|-ability|p1a: Raikou|Pressure
|move|p2a: Jirachi|Iron Head|p1a: Raikou
|-resisted|p1a: Raikou
|-damage|p1a: Raikou|0 fnt
|faint|p1a: Raikou
|
|
|switch|p1a: Umbreon|Umbreon, M|270\/394
|-damage|p1a: Umbreon|221\/394|[from] Stealth Rock
|turn|26
|
|move|p1a: Umbreon|Protect|p1a: Umbreon
|-singleturn|p1a: Umbreon|Protect
|move|p2a: Jirachi|Iron Head|p1a: Umbreon
|-activate|p1a: Umbreon|Protect
|
|-heal|p1a: Umbreon|245\/394|[from] item: Leftovers
|turn|27
|
|move|p2a: Jirachi|Iron Head|p1a: Umbreon
|-damage|p1a: Umbreon|136\/394
|cant|p1a: Umbreon|flinch
|
|-heal|p1a: Umbreon|160\/394|[from] item: Leftovers
|turn|28
|
|switch|p2a: Diancie|Diancie|304\/304
|move|p1a: Umbreon|Protect|p1a: Umbreon
|-fail|p1a: Umbreon
|
|-heal|p1a: Umbreon|184\/394|[from] item: Leftovers
|turn|29
|
|move|p1a: Umbreon|Protect|p1a: Umbreon
|-singleturn|p1a: Umbreon|Protect
|move|p2a: Diancie|Moonblast|p1a: Umbreon
|-activate|p1a: Umbreon|Protect
|
|-heal|p1a: Umbreon|208\/394|[from] item: Leftovers
|turn|30
|
|move|p1a: Umbreon|Wish|p1a: Umbreon
|move|p2a: Diancie|Moonblast|p1a: Umbreon
|-supereffective|p1a: Umbreon
|-damage|p1a: Umbreon|68\/394
|-unboost|p1a: Umbreon|spa|1
|
|-heal|p1a: Umbreon|92\/394|[from] item: Leftovers
|turn|31
|
|move|p1a: Umbreon|Protect|p1a: Umbreon
|-singleturn|p1a: Umbreon|Protect
|move|p2a: Diancie|Moonblast|p1a: Umbreon
|-activate|p1a: Umbreon|Protect
|
|-heal|p1a: Umbreon|289\/394|[from] move: Wish|[wisher] Umbreon
|-heal|p1a: Umbreon|313\/394|[from] item: Leftovers
|turn|32
|
|move|p1a: Umbreon|Wish|p1a: Umbreon
|move|p2a: Diancie|Diamond Storm|p1a: Umbreon
|-damage|p1a: Umbreon|207\/394
|-boost|p2a: Diancie|def|1
|
|-heal|p1a: Umbreon|231\/394|[from] item: Leftovers
|turn|33
|
|move|p1a: Umbreon|Foul Play|p2a: Diancie
|-resisted|p2a: Diancie
|-damage|p2a: Diancie|278\/304
|move|p2a: Diancie|Moonblast|p1a: Umbreon
|-supereffective|p1a: Umbreon
|-damage|p1a: Umbreon|99\/394
|-unboost|p1a: Umbreon|spa|1
|
|-heal|p1a: Umbreon|296\/394|[from] move: Wish|[wisher] Umbreon
|-heal|p1a: Umbreon|320\/394|[from] item: Leftovers
|-heal|p2a: Diancie|297\/304|[from] item: Leftovers
|turn|34
|
|move|p1a: Umbreon|Wish|p1a: Umbreon
|move|p2a: Diancie|Heal Bell|p2a: Diancie
|-cureteam|p2a: Diancie|[from] move: HealBell
|
|-heal|p1a: Umbreon|344\/394|[from] item: Leftovers
|-heal|p2a: Diancie|304\/304|[from] item: Leftovers
|turn|35
|
|switch|p1a: Donphan|Donphan, F|280\/364
|-damage|p1a: Donphan|258\/364|[from] Stealth Rock
|move|p2a: Diancie|Moonblast|p1a: Donphan
|-damage|p1a: Donphan|155\/364
|
|-heal|p1a: Donphan|352\/364|[from] move: Wish|[wisher] Umbreon
|turn|36
|
|move|p1a: Donphan|Earthquake|p2a: Diancie
|-supereffective|p2a: Diancie
|-damage|p2a: Diancie|134\/304
|move|p2a: Diancie|Moonblast|p1a: Donphan
|-damage|p1a: Donphan|238\/364
|
|-heal|p2a: Diancie|153\/304|[from] item: Leftovers
|turn|37
|
|move|p1a: Donphan|Earthquake|p2a: Diancie
|-supereffective|p2a: Diancie
|-damage|p2a: Diancie|0 fnt
|faint|p2a: Diancie
|
|
|switch|p2a: Birdeus|Pidgeot-Mega, M|189\/319
|turn|38
|
|move|p1a: Donphan|Ice Shard|p2a: Birdeus
|-supereffective|p2a: Birdeus
|-damage|p2a: Birdeus|65\/319
|move|p2a: Birdeus|U-turn|p1a: Donphan
|-damage|p1a: Donphan|200\/364
|
|switch|p2a: Jirachi|Jirachi|94\/341
|
|turn|39
|
|move|p2a: Jirachi|Iron Head|p1a: Donphan
|-damage|p1a: Donphan|98\/364
|move|p1a: Donphan|Knock Off|p2a: Jirachi
|-supereffective|p2a: Jirachi
|-damage|p2a: Jirachi|0 fnt
|-enditem|p2a: Jirachi|Choice Scarf|[from] move: Knock Off|[of] p1a: Donphan
|faint|p2a: Jirachi
|
|c|âColdest Hands|gg
|c|âColdest Hands|wp
|c|âMudoon|gg
|c|âMudoon|Thanks
|c|âColdest Hands|sorry about the hax
|-message|Coldest Hands forfeited.
|
|win|Mudoon
|raw|Ladder updating...
|leave|Coldest Hands
|player|p2
|raw|Mudoon's rating: 1332 &rarr; <strong>1358<\/strong><br \/>(+26 for winning)
|raw|Coldest Hands's rating: 1430 &rarr; <strong>1405<\/strong><br \/>(-25 for losing)
|c|âMudoon|No problem
|leave|Mudoon
|player|p1