|join|Coldest Hands
|join|deltoise
|join|AAAAAGONNNYYYYY
|player|p1|Coldest Hands|143
|player|p2|deltoise|101
|gametype|singles
|gen|6
|tier|UU
|rated
|rule|Sleep Clause Mod: Limit one foe put to sleep
|rule|Species Clause: Limit one of each PokÃ©mon
|rule|OHKO Clause: OHKO moves are banned
|rule|Moody Clause: Moody is banned
|rule|Evasion Moves Clause: Evasion moves are banned
|rule|Endless Battle Clause: Forcing endless battles is banned
|rule|HP Percentage Mod: HP is shown in percentages
|clearpoke
|poke|p1|Jirachi
|poke|p1|Starmie
|poke|p1|Diancie
|poke|p1|Haxorus, M
|poke|p1|Machamp, M
|poke|p1|Pidgeot, M
|poke|p2|Aggron, M
|poke|p2|Tentacruel, M
|poke|p2|Hydreigon, M
|poke|p2|Trevenant, F
|poke|p2|Arcanine, M
|poke|p2|Rotom-Heat
|rule|Swagger Clause: Swagger is banned
|rule|Baton Pass Clause: Limit one PokÃ©mon knowing Baton Pass
|teampreview
|join|bad at winning
|join|TickleMySheckle
|
|start
|switch|p1a: Diancie|Diancie|304\/304
|switch|p2a: Zeppelin|Aggron, M|343\/343
|turn|1
|
|switch|p1a: Machamp|Machamp, M|383\/383
|detailschange|p2a: Zeppelin|Aggron-Mega, M
|-mega|p2a: Zeppelin|Aggron|Aggronite
|move|p2a: Zeppelin|Heavy Slam|p1a: Machamp
|-damage|p1a: Machamp|241\/383
|
|turn|2
|
|move|p1a: Machamp|Dynamic Punch|p2a: Zeppelin
|-supereffective|p2a: Zeppelin
|-damage|p2a: Zeppelin|225\/343
|-start|p2a: Zeppelin|confusion
|-activate|p2a: Zeppelin|confusion
|-damage|p2a: Zeppelin|205\/343|[from] confusion
|
|turn|3
|
|move|p1a: Machamp|Knock Off|p2a: Zeppelin
|-damage|p2a: Zeppelin|168\/343
|-activate|p2a: Zeppelin|confusion
|move|p2a: Zeppelin|Heavy Slam|p1a: Machamp
|-damage|p1a: Machamp|90\/383
|
|turn|4
|
|switch|p1a: Starmie|Starmie|323\/323
|-end|p2a: Zeppelin|confusion
|move|p2a: Zeppelin|Stealth Rock|p1a: Starmie
|-sidestart|p1: Coldest Hands|move: Stealth Rock
|
|turn|5
|
|switch|p2a: Tentacruel|Tentacruel, M|364\/364
|move|p1a: Starmie|Scald|p2a: Tentacruel
|-resisted|p2a: Tentacruel
|-damage|p2a: Tentacruel|333\/364
|-status|p2a: Tentacruel|brn
|
|-heal|p2a: Tentacruel|355\/364 brn|[from] item: Black Sludge
|-damage|p2a: Tentacruel|310\/364 brn|[from] brn
|turn|6
|
|move|p1a: Starmie|Rapid Spin|p2a: Tentacruel
|-damage|p2a: Tentacruel|296\/364 brn
|-sideend|p1: Coldest Hands|Stealth Rock|[from] move: Rapid Spin|[of] p1a: Starmie
|move|p2a: Tentacruel|Knock Off|p1a: Starmie
|-supereffective|p1a: Starmie
|-damage|p1a: Starmie|281\/323
|-enditem|p1a: Starmie|Leftovers|[from] move: Knock Off|[of] p2a: Tentacruel
|
|-heal|p2a: Tentacruel|318\/364 brn|[from] item: Black Sludge
|-damage|p2a: Tentacruel|273\/364 brn|[from] brn
|turn|7
|
|switch|p1a: Haxorus|Haxorus, M|293\/293
|-ability|p1a: Haxorus|Mold Breaker
|move|p2a: Tentacruel|Toxic|p1a: Haxorus
|-status|p1a: Haxorus|tox
|-enditem|p1a: Haxorus|Lum Berry|[eat]
|-curestatus|p1a: Haxorus|tox
|
|-heal|p2a: Tentacruel|295\/364 brn|[from] item: Black Sludge
|-damage|p2a: Tentacruel|250\/364 brn|[from] brn
|turn|8
|
|switch|p2a: Zeppelin|Aggron-Mega, M|168\/343
|move|p1a: Haxorus|Earthquake|p2a: Zeppelin
|-supereffective|p2a: Zeppelin
|-damage|p2a: Zeppelin|62\/343
|
|turn|9
|
|move|p1a: Haxorus|Earthquake|p2a: Zeppelin
|-supereffective|p2a: Zeppelin
|-damage|p2a: Zeppelin|0 fnt
|faint|p2a: Zeppelin
|
|
|switch|p2a: Hades|Hydreigon, M|325\/325
|turn|10
|
|switch|p1a: Diancie|Diancie|304\/304
|move|p2a: Hades|U-turn|p1a: Diancie
|-crit|p1a: Diancie
|-resisted|p1a: Diancie
|-damage|p1a: Diancie|278\/304
|
|switch|p2a: Great Deku|Trevenant, F|374\/374
|
|-heal|p1a: Diancie|297\/304|[from] item: Leftovers
|turn|11
|
|move|p2a: Great Deku|Leech Seed|p1a: Diancie
|-start|p1a: Diancie|move: Leech Seed
|move|p1a: Diancie|Stealth Rock|p2a: Great Deku
|-sidestart|p2: deltoise|move: Stealth Rock
|
|-heal|p1a: Diancie|304\/304|[from] item: Leftovers
|-damage|p1a: Diancie|266\/304|[from] Leech Seed|[of] p2a: Great Deku
|turn|12
|
|switch|p1a: Birdeus|Pidgeot, M|319\/319
|move|p2a: Great Deku|Horn Leech|p1a: Birdeus
|-resisted|p1a: Birdeus
|-damage|p1a: Birdeus|262\/319
|
|turn|13
|
|switch|p2a: Smitten|Rotom-Heat|241\/241
|-damage|p2a: Smitten|181\/241|[from] Stealth Rock
|detailschange|p1a: Birdeus|Pidgeot-Mega, M
|-mega|p1a: Birdeus|Pidgeot|Pidgeotite
|move|p1a: Birdeus|Hurricane|p2a: Smitten
|-resisted|p2a: Smitten
|-damage|p2a: Smitten|82\/241
|
|turn|14
|
|switch|p1a: Diancie|Diancie|266\/304
|switch|p2a: Tentacruel|Tentacruel, M|250\/364 brn
|-damage|p2a: Tentacruel|205\/364 brn|[from] Stealth Rock
|
|-heal|p2a: Tentacruel|227\/364 brn|[from] item: Black Sludge
|-heal|p1a: Diancie|285\/304|[from] item: Leftovers
|-damage|p2a: Tentacruel|182\/364 brn|[from] brn
|turn|15
|
|move|p2a: Tentacruel|Rapid Spin|p1a: Diancie
|-resisted|p1a: Diancie
|-damage|p1a: Diancie|283\/304
|-sideend|p2: deltoise|Stealth Rock|[from] move: Rapid Spin|[of] p2a: Tentacruel
|move|p1a: Diancie|Diamond Storm|p2a: Tentacruel
|-damage|p2a: Tentacruel|20\/364 brn
|-boost|p1a: Diancie|def|1
|
|-heal|p2a: Tentacruel|42\/364 brn|[from] item: Black Sludge
|-heal|p1a: Diancie|302\/304|[from] item: Leftovers
|-damage|p2a: Tentacruel|0 fnt|[from] brn
|faint|p2a: Tentacruel
|
|switch|p2a: Great Deku|Trevenant, F|374\/374
|turn|16
|
|move|p2a: Great Deku|Will-O-Wisp|p1a: Diancie
|-status|p1a: Diancie|brn
|move|p1a: Diancie|Stealth Rock|p2a: Great Deku
|-sidestart|p2: deltoise|move: Stealth Rock
|
|-heal|p1a: Diancie|304\/304 brn|[from] item: Leftovers
|-damage|p1a: Diancie|266\/304 brn|[from] brn
|turn|17
|
|move|p2a: Great Deku|Leech Seed|p1a: Diancie
|-start|p1a: Diancie|move: Leech Seed
|move|p1a: Diancie|Heal Bell|p1a: Diancie
|-cureteam|p1a: Diancie|[from] move: HealBell
|
|-heal|p1a: Diancie|285\/304|[from] item: Leftovers
|-damage|p1a: Diancie|247\/304|[from] Leech Seed|[of] p2a: Great Deku
|turn|18
|
|switch|p1a: Birdeus|Pidgeot-Mega, M|262\/319
|move|p2a: Great Deku|Will-O-Wisp|p1a: Birdeus
|-status|p1a: Birdeus|brn
|
|-damage|p1a: Birdeus|223\/319 brn|[from] brn
|turn|19
|
|move|p1a: Birdeus|Hurricane|p2a: Great Deku
|-supereffective|p2a: Great Deku
|-damage|p2a: Great Deku|18\/374
|move|p2a: Great Deku|Rest|p2a: Great Deku
|-status|p2a: Great Deku|slp
|-heal|p2a: Great Deku|374\/374 slp|[silent]
|-status|p2a: Great Deku|slp|[from] move: Rest
|-enditem|p2a: Great Deku|Lum Berry|[eat]
|-curestatus|p2a: Great Deku|slp
|
|-damage|p1a: Birdeus|184\/319 brn|[from] brn
|-item|p2a: Great Deku|Lum Berry|[from] ability: Harvest
|turn|20
|
|move|p1a: Birdeus|Roost|p1a: Birdeus
|-heal|p1a: Birdeus|319\/319 brn
|move|p2a: Great Deku|Rest|p2a: Great Deku
|-fail|p2a: Great Deku
|
|-damage|p1a: Birdeus|280\/319 brn|[from] brn
|turn|21
|
|move|p1a: Birdeus|Hurricane|p2a: Great Deku
|-supereffective|p2a: Great Deku
|-damage|p2a: Great Deku|36\/374
|-start|p2a: Great Deku|confusion
|-enditem|p2a: Great Deku|Lum Berry|[eat]
|-end|p2a: Great Deku|confusion
|move|p2a: Great Deku|Rest|p2a: Great Deku
|-status|p2a: Great Deku|slp
|-heal|p2a: Great Deku|374\/374 slp|[silent]
|-status|p2a: Great Deku|slp|[from] move: Rest
|
|-damage|p1a: Birdeus|241\/319 brn|[from] brn
|turn|22
|
|switch|p2a: Recoil|Arcanine, M|321\/321
|-damage|p2a: Recoil|241\/321|[from] Stealth Rock
|-ability|p2a: Recoil|Intimidate|[of] p1a: Birdeus
|-unboost|p1a: Birdeus|atk|1
|move|p1a: Birdeus|Hurricane|p2a: Recoil
|-damage|p2a: Recoil|0 fnt
|faint|p2a: Recoil
|
|-damage|p1a: Birdeus|202\/319 brn|[from] brn
|
|switch|p2a: Smitten|Rotom-Heat|82\/241
|-damage|p2a: Smitten|22\/241|[from] Stealth Rock
|turn|23
|
|switch|p1a: Diancie|Diancie|247\/304
|move|p2a: Smitten|Overheat|p1a: Diancie
|-resisted|p1a: Diancie
|-damage|p1a: Diancie|168\/304
|-unboost|p2a: Smitten|spa|2
|
|-heal|p1a: Diancie|187\/304|[from] item: Leftovers
|turn|24
|
|move|p2a: Smitten|Overheat|p1a: Diancie
|-resisted|p1a: Diancie
|-damage|p1a: Diancie|146\/304
|-unboost|p2a: Smitten|spa|2
|move|p1a: Diancie|Moonblast|p2a: Smitten
|-resisted|p2a: Smitten
|-damage|p2a: Smitten|0 fnt
|faint|p2a: Smitten
|
|-heal|p1a: Diancie|165\/304|[from] item: Leftovers
|
|switch|p2a: Great Deku|Trevenant, F|374\/374 slp
|-damage|p2a: Great Deku|328\/374 slp|[from] Stealth Rock
|turn|25
|
|switch|p1a: Jirachi|Jirachi|341\/341
|cant|p2a: Great Deku|slp
|
|turn|26
|
|move|p1a: Jirachi|U-turn|p2a: Great Deku
|-crit|p2a: Great Deku
|-damage|p2a: Great Deku|189\/374 slp
|
|switch|p1a: Birdeus|Pidgeot-Mega, M|202\/319 brn
|cant|p2a: Great Deku|slp
|
|-damage|p1a: Birdeus|163\/319 brn|[from] brn
|-item|p2a: Great Deku|Lum Berry|[from] ability: Harvest
|-enditem|p2a: Great Deku|Lum Berry|[eat]
|-curestatus|p2a: Great Deku|slp
|turn|27
|
|move|p1a: Birdeus|Hurricane|p2a: Great Deku
|-supereffective|p2a: Great Deku
|-damage|p2a: Great Deku|0 fnt
|faint|p2a: Great Deku
|
|-damage|p1a: Birdeus|124\/319 brn|[from] brn
|
|switch|p2a: Hades|Hydreigon, M|325\/325
|-damage|p2a: Hades|285\/325|[from] Stealth Rock
|turn|28
|
|switch|p1a: Diancie|Diancie|165\/304
|move|p2a: Hades|Dark Pulse|p1a: Diancie
|-resisted|p1a: Diancie
|-damage|p1a: Diancie|119\/304
|
|-heal|p1a: Diancie|138\/304|[from] item: Leftovers
|turn|29
|
|move|p2a: Hades|Dark Pulse|p1a: Diancie
|-resisted|p1a: Diancie
|-damage|p1a: Diancie|90\/304
|move|p1a: Diancie|Moonblast|p2a: Hades
|-supereffective|p2a: Hades
|-damage|p2a: Hades|0 fnt
|faint|p2a: Hades
|
|win|Coldest Hands
|raw|Ladder updating...
|raw|Coldest Hands's rating: 1501 &rarr; <strong>1508<\/strong><br \/>(+7 for winning)
|raw|deltoise's rating: 1251 &rarr; <strong>1242<\/strong><br \/>(-9 for losing)
|c|âColdest Hands|gg
|c|âdeltoise|gg
|leave|bad at winning