|join|Samane
|join|Coldest Hands
|player|p1|Samane|265
|player|p2|Coldest Hands|143
|gametype|singles
|gen|6
|tier|UU
|rated
|rule|Sleep Clause Mod: Limit one foe put to sleep
|rule|Species Clause: Limit one of each PokÃ©mon
|rule|OHKO Clause: OHKO moves are banned
|rule|Moody Clause: Moody is banned
|rule|Evasion Moves Clause: Evasion moves are banned
|rule|Endless Battle Clause: Forcing endless battles is banned
|rule|HP Percentage Mod: HP is shown in percentages
|clearpoke
|poke|p1|Haxorus, F
|poke|p1|Snorlax, M
|poke|p1|Rotom-Heat
|poke|p1|Blastoise, F
|poke|p1|Infernape, M
|poke|p1|Diancie
|poke|p2|Jirachi
|poke|p2|Starmie
|poke|p2|Diancie
|poke|p2|Haxorus, F
|poke|p2|Machamp, M
|poke|p2|Pidgeot, M
|rule|Swagger Clause: Swagger is banned
|rule|Baton Pass Clause: Limit one PokÃ©mon knowing Baton Pass
|teampreview
|join|electronic old men
|
|start
|switch|p1a: Rotom-Heat|Rotom-Heat|304\/304
|switch|p2a: Machamp|Machamp, M|383\/383
|turn|1
|
|move|p1a: Rotom-Heat|Reflect|p1a: Rotom-Heat
|-sidestart|p1: Samane|Reflect
|move|p2a: Machamp|Dynamic Punch|p1a: Rotom-Heat
|-damage|p1a: Rotom-Heat|235\/304
|-start|p1a: Rotom-Heat|confusion
|
|turn|2
|
|-activate|p1a: Rotom-Heat|confusion
|move|p1a: Rotom-Heat|Will-O-Wisp|p2a: Machamp
|-status|p2a: Machamp|brn
|move|p2a: Machamp|Knock Off|p1a: Rotom-Heat
|-damage|p1a: Rotom-Heat|214\/304
|-enditem|p1a: Rotom-Heat|Light Clay|[from] move: Knock Off|[of] p2a: Machamp
|
|-damage|p2a: Machamp|336\/383 brn|[from] brn
|turn|3
|
|switch|p2a: Starmie|Starmie|323\/323
|-activate|p1a: Rotom-Heat|confusion
|move|p1a: Rotom-Heat|Light Screen|p1a: Rotom-Heat
|-sidestart|p1: Samane|move: Light Screen
|
|turn|4
|
|move|p2a: Starmie|Scald|p1a: Rotom-Heat
|-supereffective|p1a: Rotom-Heat
|-damage|p1a: Rotom-Heat|120\/304
|-activate|p1a: Rotom-Heat|confusion
|-damage|p1a: Rotom-Heat|105\/304|[from] confusion
|
|turn|5
|
|move|p2a: Starmie|Scald|p1a: Rotom-Heat
|-supereffective|p1a: Rotom-Heat
|-damage|p1a: Rotom-Heat|18\/304
|-end|p1a: Rotom-Heat|confusion
|move|p1a: Rotom-Heat|Volt Switch|p2a: Starmie
|-supereffective|p2a: Starmie
|-damage|p2a: Starmie|113\/323
|
|switch|p1a: Shooting Guard|Haxorus, F|294\/294
|-ability|p1a: Shooting Guard|Mold Breaker
|
|-heal|p2a: Starmie|133\/323|[from] item: Leftovers
|turn|6
|
|move|p1a: Shooting Guard|Dragon Dance|p1a: Shooting Guard
|-boost|p1a: Shooting Guard|atk|1
|-boost|p1a: Shooting Guard|spe|1
|move|p2a: Starmie|Ice Beam|p1a: Shooting Guard
|-supereffective|p1a: Shooting Guard
|-damage|p1a: Shooting Guard|170\/294
|
|-heal|p2a: Starmie|153\/323|[from] item: Leftovers
|turn|7
|
|move|p1a: Shooting Guard|Earthquake|p2a: Starmie
|-damage|p2a: Starmie|0 fnt
|faint|p2a: Starmie
|
|-sideend|p1: Samane|move: Light Screen
|
|switch|p2a: Diancie|Diancie|304\/304
|turn|8
|
|move|p1a: Shooting Guard|Earthquake|p2a: Diancie
|-supereffective|p2a: Diancie
|-damage|p2a: Diancie|56\/304
|move|p2a: Diancie|Moonblast|p1a: Shooting Guard
|-supereffective|p1a: Shooting Guard
|-damage|p1a: Shooting Guard|0 fnt
|faint|p1a: Shooting Guard
|
|-heal|p2a: Diancie|75\/304|[from] item: Leftovers
|-sideend|p1: Samane|Reflect
|
|switch|p1a: Infernape|Infernape, M|293\/293
|turn|9
|
|move|p1a: Infernape|Close Combat|p2a: Diancie
|-damage|p2a: Diancie|0 fnt
|-unboost|p1a: Infernape|def|1
|-unboost|p1a: Infernape|spd|1
|-damage|p1a: Infernape|264\/293|[from] item: Life Orb
|faint|p2a: Diancie
|
|
|switch|p2a: Birdeus|Pidgeot, M|319\/319
|turn|10
|
|switch|p1a: Rotom-Heat|Rotom-Heat|18\/304
|detailschange|p2a: Birdeus|Pidgeot-Mega, M
|-mega|p2a: Birdeus|Pidgeot|Pidgeotite
|move|p2a: Birdeus|U-turn|p1a: Rotom-Heat
|-resisted|p1a: Rotom-Heat
|-damage|p1a: Rotom-Heat|5\/304
|
|switch|p2a: Haxorus|Haxorus, F|293\/293
|-ability|p2a: Haxorus|Mold Breaker
|
|turn|11
|
|move|p2a: Haxorus|Dragon Dance|p2a: Haxorus
|-boost|p2a: Haxorus|atk|1
|-boost|p2a: Haxorus|spe|1
|move|p1a: Rotom-Heat|Reflect|p1a: Rotom-Heat
|-sidestart|p1: Samane|Reflect
|
|turn|12
|
|move|p2a: Haxorus|Dragon Dance|p2a: Haxorus
|-boost|p2a: Haxorus|atk|1
|-boost|p2a: Haxorus|spe|1
|move|p1a: Rotom-Heat|Will-O-Wisp|p2a: Haxorus
|-status|p2a: Haxorus|brn
|-enditem|p2a: Haxorus|Lum Berry|[eat]
|-curestatus|p2a: Haxorus|brn
|
|turn|13
|
|move|p2a: Haxorus|Poison Jab|p1a: Rotom-Heat
|-damage|p1a: Rotom-Heat|0 fnt
|faint|p1a: Rotom-Heat
|
|
|switch|p1a: Center|Snorlax, M|524\/524
|turn|14
|
|move|p2a: Haxorus|Earthquake|p1a: Center
|-damage|p1a: Center|396\/524
|move|p1a: Center|Curse|p1a: Center
|-boost|p1a: Center|atk|1
|-boost|p1a: Center|def|1
|-unboost|p1a: Center|spe|1
|
|-heal|p1a: Center|428\/524|[from] item: Leftovers
|turn|15
|
|move|p2a: Haxorus|Outrage|p1a: Center
|-damage|p1a: Center|286\/524
|move|p1a: Center|Curse|p1a: Center
|-boost|p1a: Center|atk|1
|-boost|p1a: Center|def|1
|-unboost|p1a: Center|spe|1
|
|-heal|p1a: Center|318\/524|[from] item: Leftovers
|-sideend|p1: Samane|Reflect
|turn|16
|
|move|p2a: Haxorus|Outrage|p1a: Center
|-damage|p1a: Center|92\/524
|move|p1a: Center|Curse|p1a: Center
|-boost|p1a: Center|atk|1
|-boost|p1a: Center|def|1
|-unboost|p1a: Center|spe|1
|
|-heal|p1a: Center|124\/524|[from] item: Leftovers
|turn|17
|
|move|p2a: Haxorus|Outrage|p1a: Center
|-damage|p1a: Center|0 fnt
|faint|p1a: Center
|
|-end|p2a: Haxorus|rampage
|-start|p2a: Haxorus|confusion
|
|switch|p1a: Diancie|Diancie|304\/304
|turn|18
|
|-activate|p2a: Haxorus|confusion
|-damage|p2a: Haxorus|186\/293|[from] confusion
|move|p1a: Diancie|Stealth Rock|p2a: Haxorus
|-sidestart|p2: Coldest Hands|move: Stealth Rock
|
|turn|19
|
|-activate|p2a: Haxorus|confusion
|move|p2a: Haxorus|Earthquake|p1a: Diancie
|-supereffective|p1a: Diancie
|-damage|p1a: Diancie|0 fnt
|faint|p1a: Diancie
|
|
|switch|p1a: Infernape|Infernape, M|264\/293
|turn|20
|
|move|p1a: Infernape|Fake Out|p2a: Haxorus
|-damage|p2a: Haxorus|122\/293
|-damage|p1a: Infernape|235\/293|[from] item: Life Orb
|cant|p2a: Haxorus|flinch
|
|turn|21
|
|-end|p2a: Haxorus|confusion
|move|p2a: Haxorus|Earthquake|p1a: Infernape
|-supereffective|p1a: Infernape
|-damage|p1a: Infernape|0 fnt
|faint|p1a: Infernape
|
|-message|Samane forfeited.
|leave|Samane
|c|âColdest Hands|gg
|leave|electronic old men
|
|win|Coldest Hands
|raw|Ladder updating...
|player|p1
|raw|Samane's rating: 1393 &rarr; <strong>1369<\/strong><br \/>(-24 for losing)
|raw|Coldest Hands's rating: 1320 &rarr; <strong>1344<\/strong><br \/>(+24 for winning)