|join|wish killer
|join|Mawile Fan
|player|p1|wish killer|68
|player|p2|Mawile Fan|167
|gametype|singles
|gen|6
|tier|OU
|rated
|clearpoke
|poke|p1|Bisharp, F
|poke|p1|Venusaur, F
|poke|p1|Heatran, F
|poke|p1|Keldeo
|poke|p1|Chansey, F
|poke|p1|Skarmory, M
|poke|p2|Slowbro, M
|poke|p2|Heatran, F
|poke|p2|Serperior, F
|poke|p2|Sableye, F
|poke|p2|Ferrothorn, M
|poke|p2|Tentacruel, F
|rule|Swagger Clause: Swagger is banned
|rule|Baton Pass Clause: Limit one PokÃ©mon knowing Baton Pass
|rule|Sleep Clause Mod: Limit one foe put to sleep
|rule|Species Clause: Limit one of each PokÃ©mon
|rule|OHKO Clause: OHKO moves are banned
|rule|Moody Clause: Moody is banned
|rule|Evasion Moves Clause: Evasion moves are banned
|rule|Endless Battle Clause: Forcing endless battles is banned
|rule|HP Percentage Mod: HP is shown in percentages
|teampreview
|join|CleanerThanRotom-W
|join|i came from leddit
|join|Appreciation
|c| Appreciation|go bloody!
|
|start
|switch|p1a: Keldeo|Keldeo|323\/323
|switch|p2a: Heatran|Heatran, F|337\/337
|-item|p2a: Heatran|Air Balloon
|turn|1
|c| i came from leddit|nice mawile..
|c| Appreciation|mawile?
|
|switch|p2a: Slowbro|Slowbro, M|391\/391
|move|p1a: Keldeo|Scald|p2a: Slowbro
|-resisted|p2a: Slowbro
|-damage|p2a: Slowbro|310\/391
|
|-heal|p2a: Slowbro|334\/391|[from] item: Leftovers
|turn|2
|c| Appreciation|oh his name lel
|c| Appreciation|>NO BURN
|
|switch|p1a: Chansey|Chansey, F|684\/684
|move|p2a: Slowbro|Thunder Wave|p1a: Chansey
|-status|p1a: Chansey|par
|
|-heal|p2a: Slowbro|358\/391|[from] item: Leftovers
|turn|3
|
|switch|p2a: Ferrothorn|Ferrothorn, M|351\/351
|move|p1a: Chansey|Thunder Wave|p2a: Ferrothorn
|-status|p2a: Ferrothorn|par
|
|turn|4
|
|switch|p1a: Bisharp|Bisharp, F|334\/334
|move|p2a: Ferrothorn|Spikes|p1a: Bisharp
|-sidestart|p1: wish killer|Spikes
|
|turn|5
|
|switch|p2a: Sableye|Sableye, F|303\/303
|move|p1a: Bisharp|Swords Dance|p1a: Bisharp
|-boost|p1a: Bisharp|atk|2
|
|turn|6
|c| Appreciation|>counter
|
|move|p2a: Sableye|Will-O-Wisp|p1a: Bisharp
|-status|p1a: Bisharp|brn
|move|p1a: Bisharp|Iron Head|p2a: Sableye
|-damage|p2a: Sableye|170\/303
|
|-damage|p1a: Bisharp|293\/334 brn|[from] brn
|turn|7
|c| i came from leddit|..
|
|move|p2a: Sableye|Recover|p2a: Sableye
|-heal|p2a: Sableye|303\/303
|move|p1a: Bisharp|Swords Dance|p1a: Bisharp
|-boost|p1a: Bisharp|atk|2
|
|-heal|p1a: Bisharp|313\/334 brn|[from] item: Leftovers
|-damage|p1a: Bisharp|272\/334 brn|[from] brn
|turn|8
|
|switch|p2a: Ferrothorn|Ferrothorn, M|351\/351 par
|move|p1a: Bisharp|Knock Off|p2a: Ferrothorn
|-damage|p2a: Ferrothorn|153\/351 par
|-damage|p1a: Bisharp|231\/334 brn|[from] ability: Iron Barbs|[of] p2a: Ferrothorn
|-enditem|p2a: Ferrothorn|Leftovers|[from] move: Knock Off|[of] p1a: Bisharp
|
|-heal|p1a: Bisharp|251\/334 brn|[from] item: Leftovers
|-damage|p1a: Bisharp|210\/334 brn|[from] brn
|turn|9
|
|move|p1a: Bisharp|Swords Dance|p1a: Bisharp
|-boost|p1a: Bisharp|atk|2
|cant|p2a: Ferrothorn|par
|
|-heal|p1a: Bisharp|230\/334 brn|[from] item: Leftovers
|-damage|p1a: Bisharp|189\/334 brn|[from] brn
|turn|10
|c| i came from leddit|ez
|
|move|p1a: Bisharp|Knock Off|p2a: Ferrothorn
|-damage|p2a: Ferrothorn|0 fnt
|-damage|p1a: Bisharp|148\/334 brn|[from] ability: Iron Barbs|[of] p2a: Ferrothorn
|faint|p2a: Ferrothorn
|
|-heal|p1a: Bisharp|168\/334 brn|[from] item: Leftovers
|-damage|p1a: Bisharp|127\/334 brn|[from] brn
|
|switch|p2a: Heatran|Heatran, F|337\/337
|-item|p2a: Heatran|Air Balloon
|turn|11
|
|move|p1a: Bisharp|Sucker Punch|p2a: Heatran
|-fail|p2a: Heatran
|move|p2a: Heatran|Stealth Rock|p1a: Bisharp
|-sidestart|p1: wish killer|move: Stealth Rock
|
|-heal|p1a: Bisharp|147\/334 brn|[from] item: Leftovers
|-damage|p1a: Bisharp|106\/334 brn|[from] brn
|turn|12
|
|move|p1a: Bisharp|Sucker Punch|p2a: Heatran
|-damage|p2a: Heatran|37\/337
|-enditem|p2a: Heatran|Air Balloon
|move|p2a: Heatran|Earth Power|p1a: Bisharp
|-supereffective|p1a: Bisharp
|-damage|p1a: Bisharp|0 fnt
|faint|p1a: Bisharp
|
|
|switch|p1a: Keldeo|Keldeo|323\/323
|-damage|p1a: Keldeo|303\/323|[from] Stealth Rock
|-damage|p1a: Keldeo|263\/323|[from] Spikes
|turn|13
|
|switch|p2a: Slowbro|Slowbro, M|391\/391
|move|p1a: Keldeo|Scald|p2a: Slowbro
|-resisted|p2a: Slowbro
|-damage|p2a: Slowbro|308\/391
|
|-heal|p1a: Keldeo|283\/323|[from] item: Leftovers
|-heal|p2a: Slowbro|332\/391|[from] item: Leftovers
|turn|14
|c| Appreciation|go bloody..
|
|move|p1a: Keldeo|Scald|p2a: Slowbro
|-resisted|p2a: Slowbro
|-damage|p2a: Slowbro|242\/391
|-status|p2a: Slowbro|brn
|move|p2a: Slowbro|Psyshock|p1a: Keldeo
|-crit|p1a: Keldeo
|-supereffective|p1a: Keldeo
|-damage|p1a: Keldeo|0 fnt
|faint|p1a: Keldeo
|
|-heal|p2a: Slowbro|266\/391 brn|[from] item: Leftovers
|-damage|p2a: Slowbro|218\/391 brn|[from] brn
|c| Appreciation|>
|
|switch|p1a: Heatran|Heatran, F|340\/340
|-damage|p1a: Heatran|298\/340|[from] Stealth Rock
|-item|p1a: Heatran|Air Balloon
|turn|15
|
|move|p1a: Heatran|Stealth Rock|p2a: Slowbro
|-sidestart|p2: Mawile Fan|move: Stealth Rock
|move|p2a: Slowbro|Scald|p1a: Heatran
|-supereffective|p1a: Heatran
|-damage|p1a: Heatran|122\/340
|-enditem|p1a: Heatran|Air Balloon
|
|-heal|p2a: Slowbro|242\/391 brn|[from] item: Leftovers
|-damage|p2a: Slowbro|194\/391 brn|[from] brn
|turn|16
|
|move|p1a: Heatran|Taunt|p2a: Slowbro
|-start|p2a: Slowbro|move: Taunt
|move|p2a: Slowbro|Scald|p1a: Heatran
|-supereffective|p1a: Heatran
|-damage|p1a: Heatran|0 fnt
|faint|p1a: Heatran
|
|-heal|p2a: Slowbro|218\/391 brn|[from] item: Leftovers
|-damage|p2a: Slowbro|170\/391 brn|[from] brn
|
|switch|p1a: Venusaur|Venusaur, F|364\/364
|-damage|p1a: Venusaur|319\/364|[from] Stealth Rock
|-damage|p1a: Venusaur|274\/364|[from] Spikes
|turn|17
|
|switch|p2a: Tentacruel|Tentacruel, F|364\/364
|-damage|p2a: Tentacruel|319\/364|[from] Stealth Rock
|detailschange|p1a: Venusaur|Venusaur-Mega, F
|-mega|p1a: Venusaur|Venusaur|Venusaurite
|move|p1a: Venusaur|Giga Drain|p2a: Tentacruel
|-damage|p2a: Tentacruel|246\/364
|-damage|p1a: Venusaur|237\/364|[from] ability: Liquid Ooze|[of] p2a: Tentacruel
|
|-heal|p2a: Tentacruel|268\/364|[from] item: Black Sludge
|turn|18
|c| Appreciation|venu do u beat sableguy now..
|-message|wish killer forfeited.
|leave|wish killer
|
|win|Mawile Fan
|raw|Ladder updating...
|player|p1
|c| Appreciation|ok