|join|WECAMEASROMANS
|join|wish killer
|join|wish reviver
|player|p1|WECAMEASROMANS|102
|player|p2|wish killer|68
|gametype|singles
|gen|6
|tier|OU
|rated
|clearpoke
|poke|p1|Kyurem-Black
|poke|p1|Thundurus, M
|poke|p1|Landorus-Therian, M
|poke|p1|Heatran, M
|poke|p1|Sableye, M
|poke|p1|Starmie
|poke|p2|Bisharp, F
|poke|p2|Venusaur, M
|poke|p2|Heatran, M
|poke|p2|Keldeo
|poke|p2|Chansey, F
|poke|p2|Skarmory, F
|rule|Swagger Clause: Swagger is banned
|rule|Baton Pass Clause: Limit one PokÃ©mon knowing Baton Pass
|rule|Sleep Clause Mod: Limit one foe put to sleep
|rule|Species Clause: Limit one of each PokÃ©mon
|rule|OHKO Clause: OHKO moves are banned
|rule|Moody Clause: Moody is banned
|rule|Evasion Moves Clause: Evasion moves are banned
|rule|Endless Battle Clause: Forcing endless battles is banned
|rule|HP Percentage Mod: HP is shown in percentages
|teampreview
|c| wish reviver|NICE
|join|Zenzo
|c| wish reviver|this is a great battle
|c| wish reviver|gl to both
|join|gizmo
|join|Yuttt.mackerel
|join|Cienight
|
|start
|switch|p1a: Starmie|Starmie|261\/261
|switch|p2a: AKA Leddit|Bisharp, F|334\/334
|turn|1
|join|wish cleaner
|join|fingerscrossed
|c| wish reviver|predicted first turn
|c| gizmo|the kyub counters
|c| wish reviver|what else
|join|Ox the Box
|c| gizmo|let's see the outrage
|c| wish reviver|ur face is a counter to this
|join|RS Cleaner
|c| gizmo|hey
|
|move|p1a: Starmie|Hydro Pump|p2a: AKA Leddit
|-damage|p2a: AKA Leddit|42\/334
|-damage|p1a: Starmie|235\/261|[from] item: Life Orb
|move|p2a: AKA Leddit|Knock Off|p1a: Starmie
|-supereffective|p1a: Starmie
|-damage|p1a: Starmie|0 fnt
|-enditem|p1a: Starmie|Life Orb|[from] move: Knock Off|[of] p2a: AKA Leddit
|faint|p1a: Starmie
|
|-heal|p2a: AKA Leddit|62\/334|[from] item: Leftovers
|c| wish reviver|nice spinner
|
|switch|p1a: Heatran|Heatran, M|327\/327
|turn|2
|join|A2tehBR
|c| Yuttt.mackerel|w w we dont need keldeo switchin
|c| gizmo|wish reviver that's not how a cheerleader acts
|
|switch|p2a: Teleee is 18|Heatran, M|340\/340
|-item|p2a: Teleee is 18|Air Balloon
|move|p1a: Heatran|Stealth Rock|p2a: Teleee is 18
|-sidestart|p2: wish killer|move: Stealth Rock
|
|turn|3
|c| wish reviver|GET UP LE ROCKS
|join|IAmGingy
|
|switch|p1a: Thundurus|Thundurus, M|299\/299
|move|p2a: Teleee is 18|Stealth Rock|p1a: Thundurus
|-sidestart|p1: WECAMEASROMANS|move: Stealth Rock
|
|turn|4
|c| wish reviver|is this a counter?
|c| wish reviver|breh
|
|move|p1a: Thundurus|Focus Blast|p2a: Teleee is 18
|-supereffective|p2a: Teleee is 18
|-damage|p2a: Teleee is 18|0 fnt
|-enditem|p2a: Teleee is 18|Air Balloon
|-damage|p1a: Thundurus|270\/299|[from] item: Life Orb
|faint|p2a: Teleee is 18
|
|c|+fingerscrossed|nigga who asked for a commentator
|c| wish reviver|i guess it is...............
|c|+fingerscrossed|stfu
|c| Ox the Box|wish reviver
|c| Ox the Box|shush
|join|FNH
|
|switch|p2a: RS Cleaner|Chansey, F|684\/684
|-damage|p2a: RS Cleaner|599\/684|[from] Stealth Rock
|turn|5
|
|move|p1a: Thundurus|Nasty Plot|p1a: Thundurus
|-boost|p1a: Thundurus|spa|2
|move|p2a: RS Cleaner|Thunder Wave|p1a: Thundurus
|-fail|p1a: Thundurus
|
|turn|6
|join|FUQ GLISCORE
|join|leremyju
|c| Yuttt.mackerel|uh
|c| wish reviver|oh my duck
|c| A2tehBR|l o l
|
|move|p1a: Thundurus|Focus Blast|p2a: RS Cleaner|[miss]
|-miss|p1a: Thundurus|p2a: RS Cleaner
|move|p2a: RS Cleaner|Seismic Toss|p1a: Thundurus
|-damage|p1a: Thundurus|170\/299
|
|turn|7
|c| leremyju|Lol
|c| Yuttt.mackerel|skill
|c| wish reviver|>focus blast np
|
|move|p1a: Thundurus|Focus Blast|p2a: RS Cleaner
|-supereffective|p2a: RS Cleaner
|-damage|p2a: RS Cleaner|162\/684
|-damage|p1a: Thundurus|141\/299|[from] item: Life Orb
|move|p2a: RS Cleaner|Seismic Toss|p1a: Thundurus
|-damage|p1a: Thundurus|41\/299
|
|turn|8
|c| wish reviver|>not missing
|
|move|p1a: Thundurus|Thunderbolt|p2a: RS Cleaner
|-damage|p2a: RS Cleaner|0 fnt
|-damage|p1a: Thundurus|12\/299|[from] item: Life Orb
|faint|p2a: RS Cleaner
|
|
|switch|p2a: AKA Leddit|Bisharp, F|62\/334
|-damage|p2a: AKA Leddit|42\/334|[from] Stealth Rock
|turn|9
|join|gyarad0site
|
|switch|p1a: Sableye|Sableye, M|304\/304
|-damage|p1a: Sableye|266\/304|[from] Stealth Rock
|move|p2a: AKA Leddit|Sucker Punch|p1a: Sableye
|-fail|p1a: Sableye
|
|-heal|p2a: AKA Leddit|62\/334|[from] item: Leftovers
|turn|10
|c| leremyju|Tbolt predicting him to predict
|c|+fingerscrossed|yum
|c| Yuttt.mackerel|conserve
|
|detailschange|p1a: Sableye|Sableye-Mega, M
|-mega|p1a: Sableye|Sableye|Sablenite
|move|p1a: Sableye|Will-O-Wisp|p2a: AKA Leddit
|-status|p2a: AKA Leddit|brn
|move|p2a: AKA Leddit|Swords Dance|p2a: AKA Leddit
|-boost|p2a: AKA Leddit|atk|2
|
|-heal|p2a: AKA Leddit|82\/334 brn|[from] item: Leftovers
|-damage|p2a: AKA Leddit|41\/334 brn|[from] brn
|turn|11
|
|move|p2a: AKA Leddit|Iron Head|p1a: Sableye
|-damage|p1a: Sableye|176\/304
|move|p1a: Sableye|Calm Mind|p1a: Sableye
|-boost|p1a: Sableye|spa|1
|-boost|p1a: Sableye|spd|1
|
|-heal|p2a: AKA Leddit|61\/334 brn|[from] item: Leftovers
|-damage|p2a: AKA Leddit|20\/334 brn|[from] brn
|turn|12
|join|Here to Stay
|c| A2tehBR|flinch here
|c| Ox the Box|easiest snack wrap of my life
|c| Yuttt.mackerel|hes the sort of guy
|
|move|p2a: AKA Leddit|Iron Head|p1a: Sableye
|-damage|p1a: Sableye|86\/304
|move|p1a: Sableye|Recover|p1a: Sableye
|-heal|p1a: Sableye|238\/304
|
|-heal|p2a: AKA Leddit|40\/334 brn|[from] item: Leftovers
|-damage|p2a: AKA Leddit|0 fnt|[from] brn
|faint|p2a: AKA Leddit
|leave|FNH
|c| leremyju|WECAR sucks d
|
|switch|p2a: Jake the ripper|Keldeo|323\/323
|-damage|p2a: Jake the ripper|303\/323|[from] Stealth Rock
|turn|13
|join|Stoned Zard
|
|move|p2a: Jake the ripper|Substitute|p2a: Jake the ripper
|-start|p2a: Jake the ripper|Substitute
|-damage|p2a: Jake the ripper|223\/323
|move|p1a: Sableye|Will-O-Wisp|p2a: Jake the ripper
|
|-heal|p2a: Jake the ripper|243\/323|[from] item: Leftovers
|turn|14
|
|move|p2a: Jake the ripper|Calm Mind|p2a: Jake the ripper
|-boost|p2a: Jake the ripper|spa|1
|-boost|p2a: Jake the ripper|spd|1
|move|p1a: Sableye|Calm Mind|p1a: Sableye
|-boost|p1a: Sableye|spa|1
|-boost|p1a: Sableye|spd|1
|
|-heal|p2a: Jake the ripper|263\/323|[from] item: Leftovers
|turn|15
|c| wish reviver|o
|join|OuraganGastrique
|
|move|p2a: Jake the ripper|Scald|p1a: Sableye
|-damage|p1a: Sableye|142\/304
|move|p1a: Sableye|Calm Mind|p1a: Sableye
|-boost|p1a: Sableye|spa|1
|-boost|p1a: Sableye|spd|1
|
|-heal|p2a: Jake the ripper|283\/323|[from] item: Leftovers
|turn|16
|c| IAmGingy|are u plannning on beat a keldeo
|c| IAmGingy|1v1
|c| IAmGingy|w\/ sable
|c| Yuttt.mackerel|rofl
|
|move|p2a: Jake the ripper|Calm Mind|p2a: Jake the ripper
|-boost|p2a: Jake the ripper|spa|1
|-boost|p2a: Jake the ripper|spd|1
|move|p1a: Sableye|Recover|p1a: Sableye
|-heal|p1a: Sableye|294\/304
|
|-heal|p2a: Jake the ripper|303\/323|[from] item: Leftovers
|turn|17
|c| Yuttt.mackerel|he can  do this
|c| Yuttt.mackerel|with training
|c| wish reviver|snarls
|c| wish reviver|goes
|c| wish reviver|through sub
|c| IAmGingy|intersting tactics i must say
|c| wish reviver|if he has it
|c|+fingerscrossed|act like he wont criit him ging
|c| leremyju|WECAR u done goof
|
|move|p2a: Jake the ripper|Scald|p1a: Sableye
|-damage|p1a: Sableye|194\/304
|move|p1a: Sableye|Shadow Ball|p2a: Jake the ripper
|-end|p2a: Jake the ripper|Substitute
|
|-heal|p2a: Jake the ripper|323\/323|[from] item: Leftovers
|turn|18
|join|haunter
|c|+fingerscrossed|lol
|c| wish reviver|oo
|c|+fingerscrossed|U done goofd
|c| leremyju|Cm again
|
|move|p2a: Jake the ripper|Substitute|p2a: Jake the ripper
|-start|p2a: Jake the ripper|Substitute
|-damage|p2a: Jake the ripper|243\/323
|move|p1a: Sableye|Shadow Ball|p2a: Jake the ripper
|-end|p2a: Jake the ripper|Substitute
|
|-heal|p2a: Jake the ripper|263\/323|[from] item: Leftovers
|turn|19
|c| Yuttt.mackerel|snarl
|c| Yuttt.mackerel|is pretty cool
|c|+fingerscrossed|y
|c| wish reviver|y
|
|move|p2a: Jake the ripper|Scald|p1a: Sableye
|-damage|p1a: Sableye|98\/304
|move|p1a: Sableye|Shadow Ball|p2a: Jake the ripper
|-damage|p2a: Jake the ripper|155\/323
|
|-heal|p2a: Jake the ripper|175\/323|[from] item: Leftovers
|turn|20
|c| Yuttt.mackerel|that it goes thru subs
|c| leremyju|He's subbing
|
|move|p2a: Jake the ripper|Calm Mind|p2a: Jake the ripper
|-boost|p2a: Jake the ripper|spa|1
|-boost|p2a: Jake the ripper|spd|1
|move|p1a: Sableye|Will-O-Wisp|p2a: Jake the ripper|[miss]
|-miss|p1a: Sableye|p2a: Jake the ripper
|
|-heal|p2a: Jake the ripper|195\/323|[from] item: Leftovers
|turn|21
|c| Yuttt.mackerel|rofl
|c| wish reviver|oooooo
|c| IAmGingy|LOL
|c| Yuttt.mackerel|SKILL
|c| gizmo|aye lmao
|-message|WECAMEASROMANS forfeited.
|c| A2tehBR|wow
|c| leremyju|Lol
|c| wish reviver|LMFAO
|c| leremyju|lol
|c| Yuttt.mackerel|WHAT A SKILLED PLAYER
|leave|Ox the Box
|-message|WECAMEASROMANS forfeited.
|c| gizmo|LMAO
|leave|WECAMEASROMANS
|c|+fingerscrossed|out played
|c|âwish killer|gg WCAR
|c| leremyju|lol
|
|win|wish killer
|raw|Ladder updating...
|leave|A2tehBR
|c| Yuttt.mackerel|"gg"
|player|p1
|raw|WECAMEASROMANS's rating: 1743 &rarr; <strong>1729<\/strong><br \/>(-14 for losing)
|raw|wish killer's rating: 1849 &rarr; <strong>1863<\/strong><br \/>(+14 for winning)
|c| gizmo|GG
|leave|haunter
|leave|FUQ GLISCORE
|leave|leremyju
|leave|Zenzo
|leave|Cienight
|join|FUQ GLISCORE
|leave|fingerscrossed
|leave|Yuttt.mackerel