|join|wish killer
|join|Shots Are Fired
|join|Pure Demize
|join|yiyiddd
|join|l123
|join|Teeny Victory
|join|gizmo
|join|AKA Leddit
|join|BlueHippo
|join|Gabrielq
|join|X-45
|join|l gots the swag
|join|victorlucas2003
|join|pokekeytrix22
|join|kankuro1954
|player|p1|wish killer|68
|player|p2|Shots Are Fired|52
|gametype|singles
|gen|6
|tier|OU
|clearpoke
|poke|p1|Bisharp, M
|poke|p1|Venusaur, F
|poke|p1|Heatran, F
|poke|p1|Keldeo
|poke|p1|Chansey, F
|poke|p1|Skarmory, M
|poke|p2|Gardevoir, M
|poke|p2|Bisharp, M
|poke|p2|Azumarill, M
|poke|p2|Heatran, M
|poke|p2|Landorus-Therian, M
|poke|p2|Latias, F
|rule|Swagger Clause: Swagger is banned
|rule|Baton Pass Clause: Limit one PokÃ©mon knowing Baton Pass
|rule|Sleep Clause Mod: Limit one foe put to sleep
|rule|Species Clause: Limit one of each PokÃ©mon
|rule|OHKO Clause: OHKO moves are banned
|rule|Moody Clause: Moody is banned
|rule|Evasion Moves Clause: Evasion moves are banned
|rule|Endless Battle Clause: Forcing endless battles is banned
|rule|HP Percentage Mod: HP is shown in percentages
|teampreview
|c|âShots Are Fired|damn
|join|JackDevlin
|join|MeloettaDaGreatest
|join|FUQ GLISCORE
|join|IAmGingy
|join|cosine180
|c| gizmo|put on a show
|leave|IAmGingy
|c|âShots Are Fired|is this what made you take so long ;[
|leave|X-45
|join|Zenzo
|c| gizmo|wish killer will you ever rmt and be done with this team
|join|A11usion
|c| Pure Demize|Wish killer are you aka dh?
|
|start
|switch|p1a: RS Cleaner|Chansey, F|684\/684
|switch|p2a: Heatran|Heatran, M|386\/386
|turn|1
|c| gizmo|i wanna see what you'd make next
|c| AKA Leddit|no
|join|WaitTilYesterday
|leave|MeloettaDaGreatest
|join|Jamel
|c| AKA Leddit|aka dh = cleaner
|
|switch|p1a: Teleee is 18|Heatran, F|340\/340
|-item|p1a: Teleee is 18|Air Balloon
|move|p2a: Heatran|Stealth Rock|p1a: Teleee is 18
|-sidestart|p1: wish killer|move: Stealth Rock
|
|turn|2
|join|Rolia
|join|Hiye
|join|RS Cleaner
|join|The Ess of Johan
|
|switch|p2a: Latias|Latias, F|319\/319
|move|p1a: Teleee is 18|Toxic|p2a: Latias
|-status|p2a: Latias|tox
|
|-damage|p2a: Latias|300\/319 tox|[from] psn
|turn|3
|join|IAmGingy
|join|wantslowladder
|leave|IAmGingy
|join|Yankmeister
|
|switch|p2a: Azumarill|Azumarill, M|404\/404
|move|p1a: Teleee is 18|Stealth Rock|p2a: Azumarill
|-sidestart|p2: Shots Are Fired|move: Stealth Rock
|
|turn|4
|
|switch|p1a: AKA Trice|Venusaur, F|364\/364
|-damage|p1a: AKA Trice|319\/364|[from] Stealth Rock
|move|p2a: Azumarill|Waterfall|p1a: AKA Trice
|-resisted|p1a: AKA Trice
|-damage|p1a: AKA Trice|253\/364
|
|turn|5
|join|Lord Kuvira
|c| Pure Demize|PG24
|c|âwish killer|point guard?
|
|switch|p2a: Latias|Latias, F|300\/319 tox
|-damage|p2a: Latias|261\/319 tox|[from] Stealth Rock
|detailschange|p1a: AKA Trice|Venusaur-Mega, F
|-mega|p1a: AKA Trice|Venusaur|Venusaurite
|move|p1a: AKA Trice|Leech Seed|p2a: Latias
|-start|p2a: Latias|move: Leech Seed
|
|-damage|p2a: Latias|222\/319 tox|[from] Leech Seed|[of] p1a: AKA Trice
|-heal|p1a: AKA Trice|292\/364|[silent]
|-damage|p2a: Latias|203\/319 tox|[from] psn
|turn|6
|c| Pure Demize|Paul george
|join|Mistaken
|
|move|p2a: Latias|Draco Meteor|p1a: AKA Trice
|-damage|p1a: AKA Trice|93\/364
|-unboost|p2a: Latias|spa|2
|-damage|p2a: Latias|172\/319 tox|[from] item: Life Orb
|move|p1a: AKA Trice|Giga Drain|p2a: Latias
|-crit|p2a: Latias
|-resisted|p2a: Latias
|-damage|p2a: Latias|112\/319 tox
|-heal|p1a: AKA Trice|123\/364|[from] drain|[of] p2a: Latias
|
|-damage|p2a: Latias|73\/319 tox|[from] Leech Seed|[of] p1a: AKA Trice
|-heal|p1a: AKA Trice|162\/364|[silent]
|-damage|p2a: Latias|35\/319 tox|[from] psn
|turn|7
|c| RS Cleaner|you are clever wish killer
|c|âwish killer|thanks
|
|move|p2a: Latias|Psyshock|p1a: AKA Trice
|-supereffective|p1a: AKA Trice
|-damage|p1a: AKA Trice|66\/364
|-damage|p2a: Latias|4\/319 tox|[from] item: Life Orb
|move|p1a: AKA Trice|Synthesis|p1a: AKA Trice
|-heal|p1a: AKA Trice|248\/364
|
|-damage|p2a: Latias|0 fnt|[from] Leech Seed|[of] p1a: AKA Trice
|-heal|p1a: AKA Trice|252\/364|[silent]
|faint|p2a: Latias
|leave|Mistaken
|join|IAmGingy
|join|Maverrr
|c| AKA Leddit|nice u almost killed the venu
|
|switch|p2a: Gardevoir|Gardevoir, M|277\/277
|-damage|p2a: Gardevoir|243\/277|[from] Stealth Rock
|-ability|p2a: Gardevoir|Thick Fat|[from] ability: Trace|[of] p1a: AKA Trice
|turn|8
|c| Pure Demize|almost.
|c| AKA Leddit|very good plays overall
|join|CleanerThanRotom-W
|c|âShots Are Fired|thanks man
|c|âShots Are Fired|i try my best
|join|Sadek
|
|switch|p1a: RS Cleaner|Chansey, F|684\/684
|-damage|p1a: RS Cleaner|599\/684|[from] Stealth Rock
|detailschange|p2a: Gardevoir|Gardevoir-Mega, M
|-mega|p2a: Gardevoir|Gardevoir|Gardevoirite
|move|p2a: Gardevoir|Focus Blast|p1a: RS Cleaner|[miss]
|-miss|p2a: Gardevoir|p1a: RS Cleaner
|
|turn|9
|join|etaoi
|join|gyarad0site
|
|move|p2a: Gardevoir|Taunt|p1a: RS Cleaner
|-start|p1a: RS Cleaner|move: Taunt
|move|p1a: RS Cleaner|Seismic Toss|p2a: Gardevoir
|-damage|p2a: Gardevoir|143\/277
|
|turn|10
|
|move|p2a: Gardevoir|Psyshock|p1a: RS Cleaner
|-crit|p1a: RS Cleaner
|-damage|p1a: RS Cleaner|286\/684
|move|p1a: RS Cleaner|Seismic Toss|p2a: Gardevoir
|-damage|p2a: Gardevoir|43\/277
|
|turn|11
|c| l gots the swag|you aint real
|join|trillyntruly
|c| CleanerThanRotom-W|bisharp
|c| i came from leddit|>crit
|c| CleanerThanRotom-W|so easy
|c| i came from leddit|ok
|c| WaitTilYesterday|go for double crit
|c| WaitTilYesterday|imo
|leave|pokekeytrix22
|c|âShots Are Fired|alright man
|
|move|p2a: Gardevoir|Psyshock|p1a: RS Cleaner
|-damage|p1a: RS Cleaner|60\/684
|move|p1a: RS Cleaner|Seismic Toss|p2a: Gardevoir
|-damage|p2a: Gardevoir|0 fnt
|faint|p2a: Gardevoir
|
|-end|p1a: RS Cleaner|move: Taunt
|join|jolird
|
|switch|p2a: Landorus-Therian|Landorus-Therian, M|319\/319
|-damage|p2a: Landorus-Therian|280\/319|[from] Stealth Rock
|-ability|p2a: Landorus-Therian|Intimidate|[of] p1a: RS Cleaner
|-unboost|p1a: RS Cleaner|atk|1
|turn|12
|join|Cienight
|join|HighTest
|
|switch|p1a: Aka Zenzoh|Skarmory, M|334\/334
|-damage|p1a: Aka Zenzoh|293\/334|[from] Stealth Rock
|move|p2a: Landorus-Therian|U-turn|p1a: Aka Zenzoh
|-resisted|p1a: Aka Zenzoh
|-damage|p1a: Aka Zenzoh|278\/334
|-damage|p2a: Landorus-Therian|227\/319|[from] item: Rocky Helmet|[of] p1a: Aka Zenzoh
|c|âwish killer|welcome cienight
|c| Cienight|hello
|c| i came from leddit|cienoon
|c| Cienight|leddit n.n
|c| i came from leddit|n_n
|join|ryzed
|c|âwish killer|how your day is going?
|c| Cienight|tired
|c| jolird|damn cleaner. what happened? all that tilting.
|c| Cienight|af
|c| jolird|damn
|
|switch|p2a: Heatran|Heatran, M|386\/386
|-damage|p2a: Heatran|338\/386|[from] Stealth Rock
|
|-heal|p2a: Heatran|362\/386|[from] item: Leftovers
|turn|13
|leave|Sadek
|c| i came from leddit|strategic point forfeiting
|join|lndiana
|join|PhobiaBB
|c| i came from leddit|take a nap cienight
|join|Riful the Zangoose
|
|switch|p2a: Azumarill|Azumarill, M|404\/404
|-damage|p2a: Azumarill|354\/404|[from] Stealth Rock
|switch|p1a: RS Cleaner|Chansey, F|60\/684
|-damage|p1a: RS Cleaner|0 fnt|[from] Stealth Rock
|faint|p1a: RS Cleaner
|
|c| CleanerThanRotom-W|hello cienight
|c| Cienight|ZzzZZz
|join|ArtfulMachination
|c| Cienight|hi n.n
|
|switch|p1a: AKA Trice|Venusaur-Mega, F|252\/364
|-damage|p1a: AKA Trice|207\/364|[from] Stealth Rock
|turn|14
|c| CleanerThanRotom-W|i wonder
|c| l gots the swag|reveal sap sipper azumaril
|c| CleanerThanRotom-W|if theres a
|c| CleanerThanRotom-W|cieday
|leave|Gabrielq
|c| CleanerThanRotom-W|n_n
|c| Cienight|they made
|c| Cienight|several alts
|
|switch|p2a: Heatran|Heatran, M|362\/386
|-damage|p2a: Heatran|314\/386|[from] Stealth Rock
|move|p1a: AKA Trice|Leech Seed|p2a: Heatran
|-start|p2a: Heatran|move: Leech Seed
|
|-heal|p2a: Heatran|338\/386|[from] item: Leftovers
|-damage|p2a: Heatran|290\/386|[from] Leech Seed|[of] p1a: AKA Trice
|-heal|p1a: AKA Trice|255\/364|[silent]
|turn|15
|c| Cienight|cieday cieafternoon
|c| Cienight|etc
|c| CleanerThanRotom-W|who is they
|c| i came from leddit|his family
|c| Cienight|frens , wizy , gingy and co
|
|move|p1a: AKA Trice|Synthesis|p1a: AKA Trice
|-heal|p1a: AKA Trice|364\/364
|move|p2a: Heatran|Lava Plume|p1a: AKA Trice
|-supereffective|p1a: AKA Trice
|-damage|p1a: AKA Trice|266\/364
|
|-heal|p2a: Heatran|314\/386|[from] item: Leftovers
|-damage|p2a: Heatran|266\/386|[from] Leech Seed|[of] p1a: AKA Trice
|-heal|p1a: AKA Trice|314\/364|[silent]
|turn|16
|c| CleanerThanRotom-W|wizy
|c| CleanerThanRotom-W|>
|c|âShots Are Fired|i cant break through
|c| Teeny Victory|that was just eaten up
|c|âShots Are Fired|gg
|join|fix the ladder
|c|âwish killer|gg
|-message|Shots Are Fired forfeited.
|
|win|wish killer