|join|wish killer
|join|kloshitt
|player|p1|wish killer|68
|player|p2|kloshitt|52
|gametype|singles
|gen|6
|tier|OU
|rated
|clearpoke
|poke|p1|Bisharp, M
|poke|p1|Venusaur, F
|poke|p1|Heatran, F
|poke|p1|Keldeo
|poke|p1|Chansey, F
|poke|p1|Skarmory, M
|poke|p2|Gyarados, M
|poke|p2|Landorus-Therian, M
|poke|p2|Celebi
|poke|p2|Gengar, M
|poke|p2|Latias, F
|poke|p2|Mienshao, F
|rule|Swagger Clause: Swagger is banned
|rule|Baton Pass Clause: Limit one PokÃ©mon knowing Baton Pass
|rule|Sleep Clause Mod: Limit one foe put to sleep
|rule|Species Clause: Limit one of each PokÃ©mon
|rule|OHKO Clause: OHKO moves are banned
|rule|Moody Clause: Moody is banned
|rule|Evasion Moves Clause: Evasion moves are banned
|rule|Endless Battle Clause: Forcing endless battles is banned
|rule|HP Percentage Mod: HP is shown in percentages
|teampreview
|join|SwaggBoi
|
|start
|switch|p1a: Venusaur|Venusaur, F|364\/364
|switch|p2a: Mienshao|Mienshao, F|271\/271
|turn|1
|
|detailschange|p1a: Venusaur|Venusaur-Mega, F
|-mega|p1a: Venusaur|Venusaur|Venusaurite
|move|p2a: Mienshao|Fake Out|p1a: Venusaur
|-damage|p1a: Venusaur|322\/364
|-damage|p2a: Mienshao|244\/271|[from] item: Life Orb
|cant|p1a: Venusaur|flinch
|
|turn|2
|
|move|p2a: Mienshao|U-turn|p1a: Venusaur
|-damage|p1a: Venusaur|254\/364
|-damage|p2a: Mienshao|217\/271|[from] item: Life Orb
|
|switch|p2a: Celebi|Celebi|404\/404
|move|p1a: Venusaur|Hidden Power|p2a: Celebi
|-supereffective|p2a: Celebi
|-damage|p2a: Celebi|318\/404
|
|-heal|p2a: Celebi|343\/404|[from] item: Leftovers
|turn|3
|
|move|p2a: Celebi|Stealth Rock|p1a: Venusaur
|-sidestart|p1: wish killer|move: Stealth Rock
|move|p1a: Venusaur|Synthesis|p1a: Venusaur
|-heal|p1a: Venusaur|364\/364
|
|-heal|p2a: Celebi|368\/404|[from] item: Leftovers
|turn|4
|
|move|p2a: Celebi|Thunder Wave|p1a: Venusaur
|-status|p1a: Venusaur|par
|move|p1a: Venusaur|Giga Drain|p2a: Celebi
|-resisted|p2a: Celebi
|-damage|p2a: Celebi|326\/404
|
|-heal|p2a: Celebi|351\/404|[from] item: Leftovers
|turn|5
|
|switch|p2a: Mienshao|Mienshao, F|271\/271
|move|p1a: Venusaur|Giga Drain|p2a: Mienshao
|-damage|p2a: Mienshao|111\/271
|
|turn|6
|
|switch|p1a: Skarmory|Skarmory, M|334\/334
|-damage|p1a: Skarmory|293\/334|[from] Stealth Rock
|move|p2a: Mienshao|Fake Out|p1a: Skarmory
|-resisted|p1a: Skarmory
|-damage|p1a: Skarmory|274\/334
|-damage|p2a: Mienshao|66\/271|[from] item: Rocky Helmet|[of] p1a: Skarmory
|-damage|p2a: Mienshao|39\/271|[from] item: Life Orb
|
|turn|7
|
|switch|p2a: Gengar|Gengar, M|261\/261
|move|p1a: Skarmory|Spikes|p2a: Gengar
|-sidestart|p2: kloshitt|Spikes
|
|turn|8
|
|switch|p1a: Chansey|Chansey, F|684\/684
|-damage|p1a: Chansey|599\/684|[from] Stealth Rock
|move|p2a: Gengar|Focus Blast|p1a: Chansey
|-supereffective|p1a: Chansey
|-damage|p1a: Chansey|360\/684
|-damage|p2a: Gengar|235\/261|[from] item: Life Orb
|
|turn|9
|
|move|p2a: Gengar|Taunt|p1a: Chansey
|-start|p1a: Chansey|move: Taunt
|cant|p1a: Chansey|move: Taunt|Soft-Boiled
|
|turn|10
|
|move|p2a: Gengar|Sludge Wave|p1a: Chansey
|-crit|p1a: Chansey
|-damage|p1a: Chansey|165\/684
|-damage|p2a: Gengar|209\/261|[from] item: Life Orb
|move|p1a: Chansey|Seismic Toss|p2a: Gengar
|-immune|p2a: Gengar|[msg]
|
|turn|11
|
|move|p2a: Gengar|Focus Blast|p1a: Chansey|[miss]
|-miss|p2a: Gengar|p1a: Chansey
|move|p1a: Chansey|Seismic Toss|p2a: Gengar
|-immune|p2a: Gengar|[msg]
|
|-end|p1a: Chansey|move: Taunt
|turn|12
|
|switch|p1a: Bisharp|Bisharp, M|334\/334
|-damage|p1a: Bisharp|314\/334|[from] Stealth Rock
|move|p2a: Gengar|Focus Blast|p1a: Bisharp
|-supereffective|p1a: Bisharp
|-damage|p1a: Bisharp|0 fnt
|-damage|p2a: Gengar|183\/261|[from] item: Life Orb
|faint|p1a: Bisharp
|
|
|switch|p1a: Keldeo|Keldeo|323\/323
|-damage|p1a: Keldeo|303\/323|[from] Stealth Rock
|turn|13
|
|switch|p2a: Latias|Latias, F|320\/320
|move|p1a: Keldeo|Icy Wind|p2a: Latias
|-crit|p2a: Latias
|-supereffective|p2a: Latias
|-damage|p2a: Latias|174\/320
|-unboost|p2a: Latias|spe|1
|
|-heal|p1a: Keldeo|323\/323|[from] item: Leftovers
|turn|14
|
|move|p1a: Keldeo|Icy Wind|p2a: Latias
|-supereffective|p2a: Latias
|-damage|p2a: Latias|68\/320
|-unboost|p2a: Latias|spe|1
|move|p2a: Latias|Psyshock|p1a: Keldeo
|-supereffective|p1a: Keldeo
|-damage|p1a: Keldeo|0 fnt
|-damage|p2a: Latias|36\/320|[from] item: Life Orb
|faint|p1a: Keldeo
|
|
|switch|p1a: Heatran|Heatran, F|340\/340
|-damage|p1a: Heatran|298\/340|[from] Stealth Rock
|-item|p1a: Heatran|Air Balloon
|turn|15
|
|switch|p2a: Gyarados|Gyarados, M|345\/345
|-ability|p2a: Gyarados|Intimidate|[of] p1a: Heatran
|-unboost|p1a: Heatran|atk|1
|move|p1a: Heatran|Stealth Rock|p2a: Gyarados
|-sidestart|p2: kloshitt|move: Stealth Rock
|
|turn|16
|
|detailschange|p2a: Gyarados|Gyarados-Mega, M
|-mega|p2a: Gyarados|Gyarados|Gyaradosite
|-ability|p2a: Gyarados|Mold Breaker
|move|p1a: Heatran|Toxic|p2a: Gyarados|[miss]
|-miss|p1a: Heatran|p2a: Gyarados
|move|p2a: Gyarados|Dragon Dance|p2a: Gyarados
|-boost|p2a: Gyarados|atk|1
|-boost|p2a: Gyarados|spe|1
|
|turn|17
|join|Quaggsterrr
|
|switch|p1a: Chansey|Chansey, F|165\/684
|-damage|p1a: Chansey|80\/684|[from] Stealth Rock
|move|p2a: Gyarados|Waterfall|p1a: Chansey
|-damage|p1a: Chansey|0 fnt
|faint|p1a: Chansey
|
|
|switch|p1a: Venusaur|Venusaur-Mega, F|364\/364 par
|-damage|p1a: Venusaur|319\/364 par|[from] Stealth Rock
|turn|18
|
|move|p2a: Gyarados|Crunch|p1a: Venusaur
|-damage|p1a: Venusaur|166\/364 par
|move|p1a: Venusaur|Giga Drain|p2a: Gyarados
|-supereffective|p2a: Gyarados
|-damage|p2a: Gyarados|187\/345
|-heal|p1a: Venusaur|245\/364 par|[from] drain|[of] p2a: Gyarados
|
|turn|19
|
|move|p2a: Gyarados|Dragon Dance|p2a: Gyarados
|-boost|p2a: Gyarados|atk|1
|-boost|p2a: Gyarados|spe|1
|move|p1a: Venusaur|Giga Drain|p2a: Gyarados
|-supereffective|p2a: Gyarados
|-damage|p2a: Gyarados|11\/345
|-heal|p1a: Venusaur|333\/364 par|[from] drain|[of] p2a: Gyarados
|
|turn|20
|
|move|p2a: Gyarados|Crunch|p1a: Venusaur
|-damage|p1a: Venusaur|123\/364 par
|cant|p1a: Venusaur|par
|
|turn|21
|
|switch|p1a: Skarmory|Skarmory, M|274\/334
|-damage|p1a: Skarmory|233\/334|[from] Stealth Rock
|move|p2a: Gyarados|Crunch|p1a: Skarmory
|-damage|p1a: Skarmory|0 fnt
|-damage|p2a: Gyarados|0 fnt|[from] item: Rocky Helmet|[of] p1a: Skarmory
|faint|p2a: Gyarados
|faint|p1a: Skarmory
|
|
|switch|p2a: Mienshao|Mienshao, F|129\/271
|switch|p1a: Heatran|Heatran, F|298\/340
|-damage|p2a: Mienshao|113\/271|[from] Stealth Rock
|-damage|p2a: Mienshao|80\/271|[from] Spikes
|-damage|p1a: Heatran|256\/340|[from] Stealth Rock
|-item|p1a: Heatran|Air Balloon
|turn|22
|
|switch|p1a: Venusaur|Venusaur-Mega, F|123\/364 par
|-damage|p1a: Venusaur|78\/364 par|[from] Stealth Rock
|move|p2a: Mienshao|High Jump Kick|p1a: Venusaur
|-resisted|p1a: Venusaur
|-damage|p1a: Venusaur|0 fnt
|-damage|p2a: Mienshao|53\/271|[from] item: Life Orb
|faint|p1a: Venusaur
|
|
|switch|p1a: Heatran|Heatran, F|256\/340
|-damage|p1a: Heatran|214\/340|[from] Stealth Rock
|-item|p1a: Heatran|Air Balloon
|turn|23
|
|move|p2a: Mienshao|High Jump Kick|p1a: Heatran
|-supereffective|p1a: Heatran
|-damage|p1a: Heatran|0 fnt
|-enditem|p1a: Heatran|Air Balloon
|-damage|p2a: Mienshao|26\/271|[from] item: Life Orb
|faint|p1a: Heatran
|
|win|kloshitt
|raw|Ladder updating...
|leave|wish killer
|raw|wish killer's rating: 1828 &rarr; <strong>1800<\/strong><br \/>(-28 for losing)
|raw|kloshitt's rating: 1667 &rarr; <strong>1695<\/strong><br \/>(+28 for winning)
|player|p1