|join|rutest123
|join|wish killer
|player|p1|rutest123|290
|player|p2|wish killer|68
|gametype|singles
|gen|6
|tier|OU
|clearpoke
|poke|p1|Latias, F
|poke|p1|Clefable, F
|poke|p1|Gallade, M, shiny
|poke|p1|Keldeo
|poke|p1|Landorus-Therian, M
|poke|p1|Bisharp, M
|poke|p2|Bisharp, F
|poke|p2|Venusaur, F
|poke|p2|Heatran, M
|poke|p2|Keldeo
|poke|p2|Chansey, F
|poke|p2|Skarmory, M
|rule|Swagger Clause: Swagger is banned
|rule|Baton Pass Clause: Limit one PokÃ©mon knowing Baton Pass
|rule|Sleep Clause Mod: Limit one foe put to sleep
|rule|Species Clause: Limit one of each PokÃ©mon
|rule|OHKO Clause: OHKO moves are banned
|rule|Moody Clause: Moody is banned
|rule|Evasion Moves Clause: Evasion moves are banned
|rule|Endless Battle Clause: Forcing endless battles is banned
|rule|HP Percentage Mod: HP is shown in percentages
|teampreview
|join|Croven
|join|Wilkhun
|
|start
|switch|p1a: Landorus-Therian|Landorus-Therian, M|381\/381
|switch|p2a: Skarmory|Skarmory, M|334\/334
|-ability|p1a: Landorus-Therian|Intimidate|[of] p2a: Skarmory
|-unboost|p2a: Skarmory|atk|1
|turn|1
|
|move|p1a: Landorus-Therian|Stealth Rock|p2a: Skarmory
|-sidestart|p2: wish killer|move: Stealth Rock
|move|p2a: Skarmory|Spikes|p1a: Landorus-Therian
|-sidestart|p1: rutest123|Spikes
|
|turn|2
|join|Emoninja23
|
|move|p1a: Landorus-Therian|U-turn|p2a: Skarmory
|-resisted|p2a: Skarmory
|-damage|p2a: Skarmory|322\/334
|-damage|p1a: Landorus-Therian|318\/381|[from] item: Rocky Helmet|[of] p2a: Skarmory
|join|BigBoyCupcakes
|join|BlueHippo
|join|Zenzo
|join|thatisnotedible
|leave|thatisnotedible
|
|switch|p1a: Keldeo|Keldeo|323\/323
|-damage|p1a: Keldeo|283\/323|[from] Spikes
|move|p2a: Skarmory|Spikes|p1a: Keldeo
|-sidestart|p1: rutest123|Spikes
|
|turn|3
|
|switch|p2a: Venusaur|Venusaur, F|364\/364
|-damage|p2a: Venusaur|319\/364|[from] Stealth Rock
|move|p1a: Keldeo|Hydro Pump|p2a: Venusaur
|-resisted|p2a: Venusaur
|-damage|p2a: Venusaur|217\/364
|
|turn|4
|
|switch|p1a: Latias|Latias, F|301\/301
|detailschange|p2a: Venusaur|Venusaur-Mega, F
|-mega|p2a: Venusaur|Venusaur|Venusaurite
|move|p2a: Venusaur|Giga Drain|p1a: Latias
|-resisted|p1a: Latias
|-damage|p1a: Latias|258\/301
|-heal|p2a: Venusaur|239\/364|[from] drain|[of] p1a: Latias
|
|turn|5
|join|awtg
|
|switch|p2a: Bisharp|Bisharp, F|334\/334
|-damage|p2a: Bisharp|314\/334|[from] Stealth Rock
|move|p1a: Latias|Defog|p2a: Bisharp
|-unboost|p2a: Bisharp|evasion|1
|-boost|p2a: Bisharp|atk|2|[from] ability: Defiant
|-sideend|p2: wish killer|Stealth Rock|[from] move: Defog|[of] p2a: Bisharp
|-sideend|p1: rutest123|Spikes|[from] move: Defog|[of] p1a: Latias
|
|-heal|p2a: Bisharp|334\/334|[from] item: Leftovers
|turn|6
|join|MyLittleDick
|
|switch|p1a: Keldeo|Keldeo|283\/323
|move|p2a: Bisharp|Knock Off|p1a: Keldeo
|-resisted|p1a: Keldeo
|-damage|p1a: Keldeo|73\/323
|-boost|p1a: Keldeo|atk|1|[from] ability: Justified
|-enditem|p1a: Keldeo|Choice Scarf|[from] move: Knock Off|[of] p2a: Bisharp
|
|turn|7
|
|move|p2a: Bisharp|Sucker Punch|p1a: Keldeo
|-resisted|p1a: Keldeo
|-damage|p1a: Keldeo|0 fnt
|faint|p1a: Keldeo
|
|
|switch|p1a: Gallade|Gallade, M, shiny|277\/277
|turn|8
|
|detailschange|p1a: Gallade|Gallade-Mega, M, shiny
|-mega|p1a: Gallade|Gallade|Galladite
|move|p2a: Bisharp|Sucker Punch|p1a: Gallade
|-damage|p1a: Gallade|0 fnt
|faint|p1a: Gallade
|
|
|switch|p1a: Bisharp|Bisharp, M|272\/272
|turn|9
|
|switch|p2a: Heatran|Heatran, M|340\/340
|-item|p2a: Heatran|Air Balloon
|move|p1a: Bisharp|Knock Off|p2a: Heatran
|-damage|p2a: Heatran|177\/340
|-enditem|p2a: Heatran|Air Balloon
|
|turn|10
|
|switch|p1a: Landorus-Therian|Landorus-Therian, M|318\/381
|-ability|p1a: Landorus-Therian|Intimidate|[of] p2a: Heatran
|-unboost|p2a: Heatran|atk|1
|move|p2a: Heatran|Stealth Rock|p1a: Landorus-Therian
|-sidestart|p1: rutest123|move: Stealth Rock
|
|-heal|p1a: Landorus-Therian|341\/381|[from] item: Leftovers
|turn|11
|
|move|p2a: Heatran|Fire Blast|p1a: Landorus-Therian|[miss]
|-miss|p2a: Heatran|p1a: Landorus-Therian
|move|p1a: Landorus-Therian|Earthquake|p2a: Heatran
|-supereffective|p2a: Heatran
|-damage|p2a: Heatran|0 fnt
|faint|p2a: Heatran
|
|-heal|p1a: Landorus-Therian|364\/381|[from] item: Leftovers
|
|switch|p2a: Keldeo|Keldeo|323\/323
|turn|12
|
|switch|p1a: Latias|Latias, F|258\/301
|-damage|p1a: Latias|221\/301|[from] Stealth Rock
|move|p2a: Keldeo|Substitute|p2a: Keldeo
|-start|p2a: Keldeo|Substitute
|-damage|p2a: Keldeo|243\/323
|
|-heal|p2a: Keldeo|263\/323|[from] item: Leftovers
|turn|13
|
|move|p1a: Latias|Psyshock|p2a: Keldeo
|-supereffective|p2a: Keldeo
|-end|p2a: Keldeo|Substitute
|-damage|p1a: Latias|191\/301|[from] item: Life Orb
|move|p2a: Keldeo|Scald|p1a: Latias
|-resisted|p1a: Latias
|-damage|p1a: Latias|137\/301
|-status|p1a: Latias|brn
|
|-heal|p2a: Keldeo|283\/323|[from] item: Leftovers
|-damage|p1a: Latias|100\/301 brn|[from] brn
|turn|14
|
|switch|p2a: Skarmory|Skarmory, M|322\/334
|move|p1a: Latias|Draco Meteor|p2a: Skarmory
|-resisted|p2a: Skarmory
|-damage|p2a: Skarmory|184\/334
|-unboost|p1a: Latias|spa|2
|-damage|p1a: Latias|70\/301 brn|[from] item: Life Orb
|
|-damage|p1a: Latias|33\/301 brn|[from] brn
|turn|15
|join|Dyanna
|
|move|p1a: Latias|Draco Meteor|p2a: Skarmory
|-resisted|p2a: Skarmory
|-damage|p2a: Skarmory|114\/334
|-unboost|p1a: Latias|spa|2
|-damage|p1a: Latias|3\/301 brn|[from] item: Life Orb
|move|p2a: Skarmory|Spikes|p1a: Latias
|-sidestart|p1: rutest123|Spikes
|
|-damage|p1a: Latias|0 fnt|[from] brn
|faint|p1a: Latias
|
|switch|p1a: Clefable|Clefable, F|394\/394
|turn|16
|
|move|p1a: Clefable|Thunder Wave|p2a: Skarmory
|-status|p2a: Skarmory|par
|cant|p2a: Skarmory|par
|
|turn|17
|
|switch|p2a: Chansey|Chansey, F|684\/684
|move|p1a: Clefable|Fire Blast|p2a: Chansey
|-damage|p2a: Chansey|638\/684
|
|turn|18
|
|switch|p1a: Bisharp|Bisharp, M|272\/272
|-damage|p1a: Bisharp|238\/272|[from] Spikes
|-damage|p1a: Bisharp|221\/272|[from] Stealth Rock
|move|p2a: Chansey|Seismic Toss|p1a: Bisharp
|-damage|p1a: Bisharp|121\/272
|
|turn|19
|
|switch|p2a: Keldeo|Keldeo|283\/323
|move|p1a: Bisharp|Knock Off|p2a: Keldeo
|-resisted|p2a: Keldeo
|-damage|p2a: Keldeo|184\/323
|-boost|p2a: Keldeo|atk|1|[from] ability: Justified
|-enditem|p2a: Keldeo|Leftovers|[from] move: Knock Off|[of] p1a: Bisharp
|
|turn|20
|join|Alkov
|
|switch|p1a: Clefable|Clefable, F|394\/394
|move|p2a: Keldeo|Scald|p1a: Clefable
|-damage|p1a: Clefable|264\/394
|
|-heal|p1a: Clefable|288\/394|[from] item: Leftovers
|turn|21
|
|switch|p2a: Chansey|Chansey, F|638\/684
|move|p1a: Clefable|Thunder Wave|p2a: Chansey
|-status|p2a: Chansey|par
|
|-heal|p1a: Clefable|312\/394|[from] item: Leftovers
|turn|22
|
|move|p1a: Clefable|Moonblast|p2a: Chansey
|-damage|p2a: Chansey|577\/684 par
|move|p2a: Chansey|Seismic Toss|p1a: Clefable
|-damage|p1a: Clefable|212\/394
|
|-heal|p1a: Clefable|236\/394|[from] item: Leftovers
|turn|23
|
|move|p1a: Clefable|Moonblast|p2a: Chansey
|-crit|p2a: Chansey
|-damage|p2a: Chansey|478\/684 par
|move|p2a: Chansey|Aromatherapy|p2a: Chansey
|-cureteam|p2a: Chansey|[from] move: Aromatherapy
|
|-heal|p1a: Clefable|260\/394|[from] item: Leftovers
|turn|24
|
|move|p1a: Clefable|Thunder Wave|p2a: Chansey
|-status|p2a: Chansey|par
|move|p2a: Chansey|Thunder Wave|p1a: Clefable
|-status|p1a: Clefable|par
|
|-heal|p1a: Clefable|284\/394 par|[from] item: Leftovers
|turn|25
|
|switch|p1a: Bisharp|Bisharp, M|121\/272
|-damage|p1a: Bisharp|87\/272|[from] Spikes
|-damage|p1a: Bisharp|70\/272|[from] Stealth Rock
|switch|p2a: Bisharp|Bisharp, F|334\/334
|
|turn|26
|join|Jefozz
|join|Sederts
|
|move|p1a: Bisharp|Iron Head|p2a: Bisharp
|-resisted|p2a: Bisharp
|-damage|p2a: Bisharp|256\/334
|cant|p2a: Bisharp|flinch
|
|-heal|p2a: Bisharp|276\/334|[from] item: Leftovers
|turn|27
|leave|Jefo
|join|Jefo
|
|move|p2a: Bisharp|Sucker Punch|p1a: Bisharp
|-resisted|p1a: Bisharp
|-damage|p1a: Bisharp|0 fnt
|faint|p1a: Bisharp
|
|-heal|p2a: Bisharp|296\/334|[from] item: Leftovers
|join|etaoi
|
|switch|p1a: Landorus-Therian|Landorus-Therian, M|364\/381
|-damage|p1a: Landorus-Therian|317\/381|[from] Stealth Rock
|-ability|p1a: Landorus-Therian|Intimidate|[of] p2a: Bisharp
|-unboost|p2a: Bisharp|atk|1
|-boost|p2a: Bisharp|atk|2|[from] ability: Defiant
|turn|28
|
|switch|p2a: Skarmory|Skarmory, M|114\/334
|move|p1a: Landorus-Therian|Earthquake|p2a: Skarmory
|-immune|p2a: Skarmory|[msg]
|
|-heal|p1a: Landorus-Therian|340\/381|[from] item: Leftovers
|turn|29
|leave|Sederts
|
|move|p1a: Landorus-Therian|Stone Edge|p2a: Skarmory
|-damage|p2a: Skarmory|39\/334
|move|p2a: Skarmory|Brave Bird|p1a: Landorus-Therian
|-damage|p1a: Landorus-Therian|249\/381
|-damage|p2a: Skarmory|9\/334|[from] recoil|[of] p1a: Landorus-Therian
|
|-heal|p1a: Landorus-Therian|272\/381|[from] item: Leftovers
|turn|30
|
|move|p1a: Landorus-Therian|Stone Edge|p2a: Skarmory|[miss]
|-miss|p1a: Landorus-Therian|p2a: Skarmory
|move|p2a: Skarmory|Brave Bird|p1a: Landorus-Therian
|-damage|p1a: Landorus-Therian|178\/381
|-damage|p2a: Skarmory|0 fnt|[from] recoil|[of] p1a: Landorus-Therian
|faint|p2a: Skarmory
|
|-heal|p1a: Landorus-Therian|201\/381|[from] item: Leftovers
|
|switch|p2a: Keldeo|Keldeo|184\/323
|turn|31
|
|switch|p1a: Clefable|Clefable, F|284\/394 par
|move|p2a: Keldeo|Scald|p1a: Clefable
|-damage|p1a: Clefable|157\/394 par
|
|-heal|p1a: Clefable|181\/394 par|[from] item: Leftovers
|turn|32
|
|switch|p2a: Bisharp|Bisharp, F|296\/334
|move|p1a: Clefable|Soft-Boiled|p1a: Clefable
|-heal|p1a: Clefable|378\/394 par
|
|-heal|p2a: Bisharp|316\/334|[from] item: Leftovers
|-heal|p1a: Clefable|394\/394 par|[from] item: Leftovers
|turn|33
|
|move|p2a: Bisharp|Iron Head|p1a: Clefable
|-supereffective|p1a: Clefable
|-damage|p1a: Clefable|58\/394 par
|move|p1a: Clefable|Fire Blast|p2a: Bisharp|[miss]
|-miss|p1a: Clefable|p2a: Bisharp
|
|-heal|p2a: Bisharp|334\/334|[from] item: Leftovers
|-heal|p1a: Clefable|82\/394 par|[from] item: Leftovers
|turn|34
|
|move|p2a: Bisharp|Iron Head|p1a: Clefable
|-supereffective|p1a: Clefable
|-damage|p1a: Clefable|0 fnt
|faint|p1a: Clefable
|
|
|switch|p1a: Landorus-Therian|Landorus-Therian, M|201\/381
|-damage|p1a: Landorus-Therian|154\/381|[from] Stealth Rock
|-ability|p1a: Landorus-Therian|Intimidate|[of] p2a: Bisharp
|-unboost|p2a: Bisharp|atk|1
|-boost|p2a: Bisharp|atk|2|[from] ability: Defiant
|turn|35
|
|move|p1a: Landorus-Therian|Earthquake|p2a: Bisharp
|-supereffective|p2a: Bisharp
|-damage|p2a: Bisharp|0 fnt
|faint|p2a: Bisharp
|
|-heal|p1a: Landorus-Therian|177\/381|[from] item: Leftovers
|
|switch|p2a: Keldeo|Keldeo|184\/323
|turn|36
|c|ârutest123|gg
|join|gyarad0site
|c|âwish killer|gg
|
|move|p2a: Keldeo|Scald|p1a: Landorus-Therian
|-supereffective|p1a: Landorus-Therian
|-damage|p1a: Landorus-Therian|0 fnt
|faint|p1a: Landorus-Therian
|
|win|wish killer
|leave|rutest123
|leave|wish killer
|player|p1
|player|p2
|leave|etaoi
|leave|Croven
|leave|gyarad0site
|leave|Zenzo
|join|rutest123
|leave|Dyanna