|join|subzeromkx
|join|wish killer
|player|p1|subzeromkx|20
|player|p2|wish killer|1
|gametype|singles
|gen|6
|tier|OU
|rated
|clearpoke
|poke|p1|Breloom, F
|poke|p1|Metagross
|poke|p1|Thundurus, M
|poke|p1|Bisharp, M
|poke|p1|Sylveon, F
|poke|p1|Garchomp, M
|poke|p2|Bisharp, M
|poke|p2|Venusaur, M
|poke|p2|Heatran, F
|poke|p2|Keldeo
|poke|p2|Chansey, F
|poke|p2|Skarmory, F
|rule|Swagger Clause: Swagger is banned
|rule|Baton Pass Clause: Limit one PokÃ©mon knowing Baton Pass
|rule|Sleep Clause Mod: Limit one foe put to sleep
|rule|Species Clause: Limit one of each PokÃ©mon
|rule|OHKO Clause: OHKO moves are banned
|rule|Moody Clause: Moody is banned
|rule|Evasion Moves Clause: Evasion moves are banned
|rule|Endless Battle Clause: Forcing endless battles is banned
|rule|HP Percentage Mod: HP is shown in percentages
|teampreview
|join|Bin Suna
|
|start
|switch|p1a: Thundurus|Thundurus, M|299\/299
|switch|p2a: Heatran|Heatran, F|340\/340
|-item|p2a: Heatran|Air Balloon
|turn|1
|
|move|p1a: Thundurus|Thunderbolt|p2a: Heatran
|-damage|p2a: Heatran|141\/340
|-enditem|p2a: Heatran|Air Balloon
|-damage|p1a: Thundurus|270\/299|[from] item: Life Orb
|move|p2a: Heatran|Stealth Rock|p1a: Thundurus
|-sidestart|p1: subzeromkx|move: Stealth Rock
|
|turn|2
|join|Dayanne
|
|switch|p2a: Chansey|Chansey, F|684\/684
|move|p1a: Thundurus|Thunderbolt|p2a: Chansey
|-damage|p2a: Chansey|563\/684
|-damage|p1a: Thundurus|241\/299|[from] item: Life Orb
|
|turn|3
|
|switch|p1a: Kisame|Garchomp, M|420\/420
|-damage|p1a: Kisame|394\/420|[from] Stealth Rock
|move|p2a: Chansey|Seismic Toss|p1a: Kisame
|-damage|p1a: Kisame|294\/420
|-damage|p2a: Chansey|478\/684|[from] ability: Rough Skin|[of] p1a: Kisame
|-damage|p2a: Chansey|364\/684|[from] item: Rocky Helmet|[of] p1a: Kisame
|
|turn|4
|
|move|p1a: Kisame|Stealth Rock|p2a: Chansey
|-sidestart|p2: wish killer|move: Stealth Rock
|move|p2a: Chansey|Soft-Boiled|p2a: Chansey
|-heal|p2a: Chansey|684\/684
|
|turn|5
|
|switch|p1a: Bisharp|Bisharp, M|272\/272
|-damage|p1a: Bisharp|255\/272|[from] Stealth Rock
|move|p2a: Chansey|Thunder Wave|p1a: Bisharp
|-status|p1a: Bisharp|par
|
|turn|6
|
|switch|p2a: Heatran|Heatran, F|141\/340
|-damage|p2a: Heatran|99\/340|[from] Stealth Rock
|move|p1a: Bisharp|Knock Off|p2a: Heatran
|-damage|p2a: Heatran|0 fnt
|-damage|p1a: Bisharp|228\/272 par|[from] item: Life Orb
|faint|p2a: Heatran
|
|c| Dayanne|nice
|
|switch|p2a: Keldeo|Keldeo|323\/323
|-damage|p2a: Keldeo|303\/323|[from] Stealth Rock
|turn|7
|
|switch|p1a: Sylveon|Sylveon, F|332\/332
|-damage|p1a: Sylveon|291\/332|[from] Stealth Rock
|move|p2a: Keldeo|Scald|p1a: Sylveon
|-damage|p1a: Sylveon|174\/332
|
|-heal|p2a: Keldeo|323\/323|[from] item: Leftovers
|turn|8
|
|switch|p2a: Chansey|Chansey, F|684\/684
|-damage|p2a: Chansey|599\/684|[from] Stealth Rock
|switch|p1a: Metagross|Metagross|302\/302
|-damage|p1a: Metagross|284\/302|[from] Stealth Rock
|
|turn|9
|
|detailschange|p1a: Metagross|Metagross-Mega
|-mega|p1a: Metagross|Metagross|Metagrossite
|move|p1a: Metagross|Ice Punch|p2a: Chansey
|-damage|p2a: Chansey|424\/684
|move|p2a: Chansey|Thunder Wave|p1a: Metagross
|-status|p1a: Metagross|par
|
|turn|10
|
|move|p2a: Chansey|Soft-Boiled|p2a: Chansey
|-heal|p2a: Chansey|684\/684
|cant|p1a: Metagross|par
|
|turn|11
|
|move|p1a: Metagross|Pursuit|p2a: Chansey|[from]Pursuit
|-damage|p2a: Chansey|500\/684
|switch|p2a: Skarmory|Skarmory, F|334\/334
|-damage|p2a: Skarmory|293\/334|[from] Stealth Rock
|
|turn|12
|
|switch|p1a: Thundurus|Thundurus, M|241\/299
|-damage|p1a: Thundurus|167\/299|[from] Stealth Rock
|move|p2a: Skarmory|Spikes|p1a: Thundurus
|-sidestart|p1: subzeromkx|Spikes
|
|turn|13
|join|Squirrelll
|
|switch|p2a: Chansey|Chansey, F|500\/684
|-damage|p2a: Chansey|415\/684|[from] Stealth Rock
|move|p1a: Thundurus|Thunderbolt|p2a: Chansey
|-damage|p2a: Chansey|286\/684
|-damage|p1a: Thundurus|138\/299|[from] item: Life Orb
|
|turn|14
|
|switch|p1a: Bisharp|Bisharp, M|228\/272 par
|-damage|p1a: Bisharp|194\/272 par|[from] Spikes
|-damage|p1a: Bisharp|177\/272 par|[from] Stealth Rock
|move|p2a: Chansey|Soft-Boiled|p2a: Chansey
|-heal|p2a: Chansey|628\/684
|
|turn|15
|c| Squirrelll|why dont you make new teams?
|
|move|p2a: Chansey|Seismic Toss|p1a: Bisharp
|-damage|p1a: Bisharp|77\/272 par
|move|p1a: Bisharp|Swords Dance|p1a: Bisharp
|-boost|p1a: Bisharp|atk|2
|
|turn|16
|
|move|p1a: Bisharp|Sucker Punch|p2a: Chansey
|-damage|p2a: Chansey|85\/684
|-damage|p1a: Bisharp|50\/272 par|[from] item: Life Orb
|move|p2a: Chansey|Seismic Toss|p1a: Bisharp
|-damage|p1a: Bisharp|0 fnt
|faint|p1a: Bisharp
|
|c| Squirrelll|@ aka dh
|
|switch|p1a: Sylveon|Sylveon, F|174\/332
|-damage|p1a: Sylveon|133\/332|[from] Spikes
|-damage|p1a: Sylveon|92\/332|[from] Stealth Rock
|turn|17
|
|move|p1a: Sylveon|Hyper Voice|p2a: Chansey
|-damage|p2a: Chansey|0 fnt
|faint|p2a: Chansey
|
|
|switch|p2a: Venusaur|Venusaur, M|364\/364
|-damage|p2a: Venusaur|319\/364|[from] Stealth Rock
|turn|18
|
|detailschange|p2a: Venusaur|Venusaur-Mega, M
|-mega|p2a: Venusaur|Venusaur|Venusaurite
|move|p1a: Sylveon|Hyper Voice|p2a: Venusaur
|-resisted|p2a: Venusaur
|-damage|p2a: Venusaur|186\/364
|move|p2a: Venusaur|Giga Drain|p1a: Sylveon
|-damage|p1a: Sylveon|4\/332
|-heal|p2a: Venusaur|230\/364|[from] drain|[of] p1a: Sylveon
|
|turn|19
|
|move|p1a: Sylveon|Hyper Voice|p2a: Venusaur
|-resisted|p2a: Venusaur
|-damage|p2a: Venusaur|92\/364
|move|p2a: Venusaur|Synthesis|p2a: Venusaur
|-heal|p2a: Venusaur|274\/364
|
|turn|20
|
|move|p1a: Sylveon|Hyper Voice|p2a: Venusaur
|-resisted|p2a: Venusaur
|-damage|p2a: Venusaur|151\/364
|move|p2a: Venusaur|Synthesis|p2a: Venusaur
|-heal|p2a: Venusaur|333\/364
|
|turn|21
|
|move|p1a: Sylveon|Hyper Voice|p2a: Venusaur
|-resisted|p2a: Venusaur
|-damage|p2a: Venusaur|201\/364
|move|p2a: Venusaur|Giga Drain|p1a: Sylveon
|-damage|p1a: Sylveon|0 fnt
|-heal|p2a: Venusaur|203\/364|[from] drain|[of] p1a: Sylveon
|faint|p1a: Sylveon
|
|
|switch|p1a: Metagross|Metagross-Mega|284\/302 par
|-damage|p1a: Metagross|247\/302 par|[from] Spikes
|-damage|p1a: Metagross|229\/302 par|[from] Stealth Rock
|turn|22
|
|switch|p2a: Skarmory|Skarmory, F|293\/334
|-damage|p2a: Skarmory|252\/334|[from] Stealth Rock
|move|p1a: Metagross|Meteor Mash|p2a: Skarmory
|-resisted|p2a: Skarmory
|-damage|p2a: Skarmory|177\/334
|-damage|p1a: Metagross|179\/302 par|[from] item: Rocky Helmet|[of] p2a: Skarmory
|
|turn|23
|
|switch|p1a: Breloom|Breloom, F|262\/262
|-damage|p1a: Breloom|246\/262|[from] Stealth Rock
|-damage|p1a: Breloom|214\/262|[from] Spikes
|move|p2a: Skarmory|Whirlwind|p1a: Breloom
|drag|p1a: Thundurus|Thundurus, M|138\/299
|-damage|p1a: Thundurus|64\/299|[from] Stealth Rock
|
|turn|24
|
|switch|p2a: Bisharp|Bisharp, M|334\/334
|-damage|p2a: Bisharp|314\/334|[from] Stealth Rock
|move|p1a: Thundurus|Thunderbolt|p2a: Bisharp
|-damage|p2a: Bisharp|40\/334
|-damage|p1a: Thundurus|35\/299|[from] item: Life Orb
|
|-heal|p2a: Bisharp|60\/334|[from] item: Leftovers
|turn|25
|
|move|p1a: Thundurus|Thunder Wave|p2a: Bisharp
|-status|p2a: Bisharp|par
|move|p2a: Bisharp|Sucker Punch|p1a: Thundurus
|-fail|p1a: Thundurus
|
|-heal|p2a: Bisharp|80\/334 par|[from] item: Leftovers
|turn|26
|
|cant|p2a: Bisharp|par
|move|p1a: Thundurus|Thunderbolt|p2a: Bisharp
|-damage|p2a: Bisharp|0 fnt
|-damage|p1a: Thundurus|6\/299|[from] item: Life Orb
|faint|p2a: Bisharp
|
|
|switch|p2a: Venusaur|Venusaur-Mega, M|203\/364
|-damage|p2a: Venusaur|158\/364|[from] Stealth Rock
|turn|27
|
|move|p1a: Thundurus|Thunder Wave|p2a: Venusaur
|-status|p2a: Venusaur|par
|cant|p2a: Venusaur|par
|
|turn|28
|
|move|p1a: Thundurus|Hidden Power|p2a: Venusaur
|-supereffective|p2a: Venusaur
|-damage|p2a: Venusaur|83\/364 par
|-damage|p1a: Thundurus|0 fnt|[from] item: Life Orb
|faint|p1a: Thundurus
|move|p2a: Venusaur|Synthesis|p2a: Venusaur
|-heal|p2a: Venusaur|265\/364 par
|
|
|switch|p1a: Metagross|Metagross-Mega|179\/302 par
|-damage|p1a: Metagross|142\/302 par|[from] Spikes
|-damage|p1a: Metagross|124\/302 par|[from] Stealth Rock
|turn|29
|
|move|p1a: Metagross|Pursuit|p2a: Venusaur|[from]Pursuit
|-damage|p2a: Venusaur|184\/364 par
|switch|p2a: Skarmory|Skarmory, F|177\/334
|-damage|p2a: Skarmory|136\/334|[from] Stealth Rock
|
|turn|30
|
|switch|p1a: Kisame|Garchomp, M|294\/420
|-damage|p1a: Kisame|268\/420|[from] Stealth Rock
|-damage|p1a: Kisame|216\/420|[from] Spikes
|move|p2a: Skarmory|Spikes|p1a: Kisame
|-sidestart|p1: subzeromkx|Spikes
|
|turn|31
|
|switch|p2a: Keldeo|Keldeo|323\/323
|-damage|p2a: Keldeo|303\/323|[from] Stealth Rock
|move|p1a: Kisame|Fire Blast|p2a: Keldeo
|-resisted|p2a: Keldeo
|-damage|p2a: Keldeo|264\/323
|
|-heal|p2a: Keldeo|284\/323|[from] item: Leftovers
|turn|32
|
|move|p2a: Keldeo|Icy Wind|p1a: Kisame
|-supereffective|p1a: Kisame
|-damage|p1a: Kisame|0 fnt
|faint|p1a: Kisame
|
|-heal|p2a: Keldeo|304\/323|[from] item: Leftovers
|
|switch|p1a: Breloom|Breloom, F|214\/262
|-damage|p1a: Breloom|171\/262|[from] Spikes
|-damage|p1a: Breloom|155\/262|[from] Stealth Rock
|turn|33
|
|move|p2a: Keldeo|Secret Sword|p1a: Breloom
|-damage|p1a: Breloom|0 fnt
|faint|p1a: Breloom
|
|-heal|p2a: Keldeo|323\/323|[from] item: Leftovers
|-message|subzeromkx forfeited.
|
|win|wish killer
|raw|Ladder updating...
|leave|subzeromkx
|player|p1
|raw|subzeromkx's rating: 1836 &rarr; <strong>1810<\/strong><br \/>(-26 for losing)
|raw|wish killer's rating: 1732 &rarr; <strong>1758<\/strong><br \/>(+26 for winning)