|join|wish killer
|join|BlueHippo
|join|WaitTilYesterday
|join|pokekeytrix22
|player|p1|wish killer|68
|player|p2|BlueHippo|288
|gametype|singles
|gen|6
|tier|OU
|clearpoke
|poke|p1|Bisharp, F
|poke|p1|Venusaur, M
|poke|p1|Heatran, F
|poke|p1|Keldeo
|poke|p1|Chansey, F
|poke|p1|Skarmory, M
|poke|p2|Metagross
|poke|p2|Crawdaunt, M
|poke|p2|Bisharp, M
|poke|p2|Heatran, F
|poke|p2|Latios, M
|poke|p2|Tornadus-Therian, M
|rule|Swagger Clause: Swagger is banned
|rule|Baton Pass Clause: Limit one PokÃ©mon knowing Baton Pass
|rule|Sleep Clause Mod: Limit one foe put to sleep
|rule|Species Clause: Limit one of each PokÃ©mon
|rule|OHKO Clause: OHKO moves are banned
|rule|Moody Clause: Moody is banned
|rule|Evasion Moves Clause: Evasion moves are banned
|rule|Endless Battle Clause: Forcing endless battles is banned
|rule|HP Percentage Mod: HP is shown in percentages
|teampreview
|join|RS Cleaner
|join|i came from leddit
|join|victorlucas2003
|c| i came from leddit|wish killer: fisting?
|join|cosine180
|join|FUQ GLISCORE
|join|Riful the Zangoose
|join|Rolia
|c|âwish killer|what is fisting?
|join|Panda Problems
|c| cosine180|dont people know by now that he brings this team
|c| cosine180|so why would u counterteam urself...
|
|start
|switch|p1a: Teleee is 18|Heatran, F|340\/340
|switch|p2a: Heatran|Heatran, F|323\/323
|-item|p1a: Teleee is 18|Air Balloon
|turn|1
|c| i came from leddit|teleeee is 18
|join|Cloud-Z-27
|c| cosine180|u should change it back to 'cosine is a hater'
|c| i came from leddit|fisting = when da first goes in a no no zone
|
|switch|p2a: Tornadus-Therian|Tornadus-Therian, M|299\/299
|move|p1a: Teleee is 18|Stealth Rock|p2a: Tornadus-Therian
|-sidestart|p2: BlueHippo|move: Stealth Rock
|
|turn|2
|c| i came from leddit|fist*
|c| i came from leddit|:^)
|c| cosine180|explain
|c| cosine180|in more detail
|c| cosine180|for bloody
|
|move|p2a: Tornadus-Therian|Superpower|p1a: Teleee is 18
|-supereffective|p1a: Teleee is 18
|-damage|p1a: Teleee is 18|142\/340
|-enditem|p1a: Teleee is 18|Air Balloon
|-unboost|p2a: Tornadus-Therian|atk|1
|-unboost|p2a: Tornadus-Therian|def|1
|-damage|p2a: Tornadus-Therian|270\/299|[from] item: Life Orb
|move|p1a: Teleee is 18|Toxic|p2a: Tornadus-Therian
|-status|p2a: Tornadus-Therian|tox
|
|-damage|p2a: Tornadus-Therian|252\/299 tox|[from] psn
|turn|3
|leave|WaitTilYesterday
|leave|Panda Problems
|c| i came from leddit|.rb cosine180
|
|switch|p2a: Heatran|Heatran, F|323\/323
|-damage|p2a: Heatran|283\/323|[from] Stealth Rock
|move|p1a: Teleee is 18|Fire Blast|p2a: Heatran
|-start|p2a: Heatran|ability: Flash Fire
|
|turn|4
|c| cosine180|rude
|c|âwish killer|leddit can be rude
|c|âwish killer|he's a boss
|join|lol alts are weird
|c| RS Cleaner|what about me
|c| cosine180|wish killer: lying is bad
|
|switch|p1a: RS Cleaner|Chansey, F|684\/684
|move|p2a: Heatran|Stealth Rock|p1a: RS Cleaner
|-sidestart|p1: wish killer|move: Stealth Rock
|
|turn|5
|c|âwish killer|c05ta is good
|c| cosine180|wish killer: lying is bad
|c| i came from leddit|ily costa
|c|âwish killer|cosine180: i had a 70% chance of winning
|
|switch|p2a: Bisharp|Bisharp, M|269\/269
|-damage|p2a: Bisharp|253\/269|[from] Stealth Rock
|move|p1a: RS Cleaner|Seismic Toss|p2a: Bisharp
|-damage|p2a: Bisharp|153\/269
|
|turn|6
|c| cosine180|mathematics!
|
|switch|p1a: Teleee is 18|Heatran, F|142\/340
|-damage|p1a: Teleee is 18|100\/340|[from] Stealth Rock
|move|p2a: Bisharp|Swords Dance|p2a: Bisharp
|-boost|p2a: Bisharp|atk|2
|
|turn|7
|c| RS Cleaner|cosine180: run wish killer
|c| i came from leddit|cosine180: i am a poopyhead
|leave|Cloud-Z-27
|c|âwish killer|cosine180: i was in quarterfinals otherwise and would be up vs pdc
|c| lol alts are weird|brb grabbing popcorn
|c| pokekeytrix22|cosine180: you equal -1
|
|move|p2a: Bisharp|Sucker Punch|p1a: Teleee is 18
|-fail|p1a: Teleee is 18
|move|p1a: Teleee is 18|Taunt|p2a: Bisharp
|-start|p2a: Bisharp|move: Taunt
|
|turn|8
|c| cosine180|wish killer: im not cosine180, i dont
|join|l123
|
|move|p2a: Bisharp|Sucker Punch|p1a: Teleee is 18
|-fail|p1a: Teleee is 18
|move|p1a: Teleee is 18|Taunt|p2a: Bisharp
|-fail|p2a: Bisharp
|
|turn|9
|c| RS Cleaner|cosine180: are you in ost? :o
|
|move|p2a: Bisharp|Sucker Punch|p1a: Teleee is 18
|-damage|p1a: Teleee is 18|0 fnt
|-damage|p2a: Bisharp|127\/269|[from] item: Life Orb
|faint|p1a: Teleee is 18
|
|c| RS Cleaner|cosine180: hm i dont know whether i believe you
|c| cosine180|wish killer: yes
|join|Yuuki the Trinity
|
|switch|p1a: Jake the ripper|Keldeo|323\/323
|-damage|p1a: Jake the ripper|303\/323|[from] Stealth Rock
|turn|10
|c| l123|Its over for you BlueHippo, Wish has a starmy, and that walls all 1 of your pokemon
|c| cosine180|wish killer: why is c05sta a stalker
|c| i came from leddit|âwish killer: welcome lusty
|
|move|p2a: Bisharp|Sucker Punch|p1a: Jake the ripper
|-resisted|p1a: Jake the ripper
|-damage|p1a: Jake the ripper|104\/323
|-boost|p1a: Jake the ripper|atk|1|[from] ability: Justified
|-damage|p2a: Bisharp|101\/269|[from] item: Life Orb
|move|p1a: Jake the ripper|Scald|p2a: Bisharp
|-damage|p2a: Bisharp|0 fnt
|faint|p2a: Bisharp
|
|-heal|p1a: Jake the ripper|124\/323|[from] item: Leftovers
|join|Jaded 'n' Faded
|join|Zenzo
|c|âwish killer|welcome zenzo
|
|switch|p2a: Tornadus-Therian|Tornadus-Therian, M|299\/299 tox
|-damage|p2a: Tornadus-Therian|225\/299 tox|[from] Stealth Rock
|turn|11
|join|l gots the swag
|join|Yankmeister
|leave|Yuuki the Trinity
|
|switch|p1a: RS Cleaner|Chansey, F|684\/684
|-damage|p1a: RS Cleaner|599\/684|[from] Stealth Rock
|move|p2a: Tornadus-Therian|Hurricane|p1a: RS Cleaner|[miss]
|-miss|p2a: Tornadus-Therian|p1a: RS Cleaner
|
|-damage|p2a: Tornadus-Therian|207\/299 tox|[from] psn
|turn|12
|
|move|p2a: Tornadus-Therian|Knock Off|p1a: RS Cleaner
|-damage|p1a: RS Cleaner|460\/684
|-enditem|p1a: RS Cleaner|Eviolite|[from] move: Knock Off|[of] p2a: Tornadus-Therian
|-damage|p2a: Tornadus-Therian|178\/299 tox|[from] item: Life Orb
|move|p1a: RS Cleaner|Seismic Toss|p2a: Tornadus-Therian
|-damage|p2a: Tornadus-Therian|78\/299 tox
|
|-damage|p2a: Tornadus-Therian|42\/299 tox|[from] psn
|turn|13
|join|Maverrr
|c| RS Cleaner|so easy
|c| RS Cleaner|twave
|c|âwish killer|soft
|c| i came from leddit|hard
|c| l gots the swag|shrek
|c|âwish killer|skarm to death
|
|switch|p2a: Latios|Latios, M|299\/299
|-damage|p2a: Latios|262\/299|[from] Stealth Rock
|move|p1a: RS Cleaner|Thunder Wave|p2a: Latios
|-status|p2a: Latios|par
|
|turn|14
|c| i came from leddit|this game is rly ez
|c| RS Cleaner|very easy
|c| cosine180|why would he not twave
|c| cosine180|that was so obvious
|c| RS Cleaner|im chansey
|c| RS Cleaner|he cant lose
|c| RS Cleaner|:^)
|
|switch|p1a: AKA Leddit|Bisharp, F|334\/334
|-damage|p1a: AKA Leddit|314\/334|[from] Stealth Rock
|move|p2a: Latios|Psyshock|p1a: AKA Leddit
|-immune|p1a: AKA Leddit|[msg]
|
|-heal|p1a: AKA Leddit|334\/334|[from] item: Leftovers
|turn|15
|c| i came from leddit|rekt
|join|AKA Leddit
|
|move|p1a: AKA Leddit|Knock Off|p2a: Latios
|-supereffective|p2a: Latios
|-damage|p2a: Latios|0 fnt
|-enditem|p2a: Latios|Life Orb|[from] move: Knock Off|[of] p1a: AKA Leddit
|faint|p2a: Latios
|
|c| AKA Leddit|go me!
|join|lukE n ALt
|
|switch|p2a: Heatran|Heatran, F|283\/323
|-damage|p2a: Heatran|243\/323|[from] Stealth Rock
|turn|16
|leave|Jaded 'n' Faded
|
|switch|p1a: RS Cleaner|Chansey, F|460\/684
|-damage|p1a: RS Cleaner|375\/684|[from] Stealth Rock
|move|p2a: Heatran|Magma Storm|p1a: RS Cleaner
|-damage|p1a: RS Cleaner|224\/684
|-activate|p1a: RS Cleaner|move: Magma Storm|[of] p2a: Heatran
|
|-damage|p1a: RS Cleaner|139\/684|[from] move: Magma Storm|[partiallytrapped]
|turn|17
|join|Mistaken
|c| RS Cleaner|nice ct
|c| AKA Leddit|l2p without cheats
|c| aka cats|nice ct
|c| lukE n ALt|LOL
|c| lukE n ALt|people run that now
|c| lukE n ALt|for sabe
|c| RS Cleaner|because it ct sable
|c| AKA Leddit|>
|c| cosine180|not for sabe
|c| RS Cleaner|lmao
|leave|lol alts are weird
|c| lukE n ALt|zZz
|c| lukE n ALt|ZzZ
|c| AKA Leddit|zZz ur a shit player
|c| lukE n ALt|i cri evry time
|c|âwish killer|we need your advices cosine
|
|move|p2a: Heatran|Magma Storm|p1a: RS Cleaner
|-damage|p1a: RS Cleaner|0 fnt
|faint|p1a: RS Cleaner
|
|c| AKA Leddit|suck my luck
|c| AKA Leddit|popyhead
|
|switch|p1a: Jake the ripper|Keldeo|124\/323
|-damage|p1a: Jake the ripper|104\/323|[from] Stealth Rock
|turn|18
|join|WaitTilYesterday
|c| l123|Cant Sableye break out of Magma storm tho?
|c| cosine180|thanks!
|c| lukE n ALt|fite me nowwww
|c| RS Cleaner|cosine is the biggest ladder hero
|c| cosine180|i dont ladder
|c| RS Cleaner|i made him famous
|c| RS Cleaner|so iknow
|join|iGuest 7643223
|c| AKA Leddit|cosine is the worst ladder hero ever
|c| lukE n ALt|il dek u in gen 2 ru m9
|join|MoB Barley
|c| cosine180|but srsly magma storm tran is shit vs sableye
|c| cosine180|does <50 at =2
|c| cosine180|*+
|c| RS Cleaner|cosine
|join|ArtfulMachination
|c| l123|its got a niche if u have willo wisp
|c| RS Cleaner|be our teacher
|
|switch|p2a: Crawdaunt|Crawdaunt, M|267\/267
|-damage|p2a: Crawdaunt|234\/267|[from] Stealth Rock
|move|p1a: Jake the ripper|Secret Sword|p2a: Crawdaunt
|-supereffective|p2a: Crawdaunt
|-damage|p2a: Crawdaunt|0 fnt
|faint|p2a: Crawdaunt
|
|-heal|p1a: Jake the ripper|124\/323|[from] item: Leftovers
|c| cosine180|ok!
|c| RS Cleaner|we need your advice
|c| AKA Leddit|my teacher is cosine
|leave|lukE n ALt
|
|switch|p2a: Tornadus-Therian|Tornadus-Therian, M|141\/299 tox
|-damage|p2a: Tornadus-Therian|67\/299 tox|[from] Stealth Rock
|turn|19
|c| l123|because magma storm and willo will do work
|join|HighTest
|join|A11usion
|join|ryzed
|
|switch|p1a: AKA Trice|Venusaur, M|364\/364
|-damage|p1a: AKA Trice|319\/364|[from] Stealth Rock
|move|p2a: Tornadus-Therian|Heat Wave|p1a: AKA Trice
|-supereffective|p1a: AKA Trice
|-damage|p1a: AKA Trice|49\/364
|-damage|p2a: Tornadus-Therian|38\/299 tox|[from] item: Life Orb
|
|-damage|p2a: Tornadus-Therian|20\/299 tox|[from] psn
|turn|20
|c| l123|Is it normal for a Mega Sableye to break out of Magma storm?
|
|switch|p2a: Metagross|Metagross|301\/301
|-damage|p2a: Metagross|283\/301|[from] Stealth Rock
|detailschange|p1a: AKA Trice|Venusaur-Mega, M
|-mega|p1a: AKA Trice|Venusaur|Venusaurite
|move|p1a: AKA Trice|Leech Seed|p2a: Metagross
|-start|p2a: Metagross|move: Leech Seed
|
|-damage|p2a: Metagross|246\/301|[from] Leech Seed|[of] p1a: AKA Trice
|-heal|p1a: AKA Trice|86\/364|[silent]
|turn|21
|c| HighTest|easy for it to do so with that huge gem it carries arround
|join|yiyiddd
|join|The manaphy
|
|switch|p1a: Aka Zenzoh|Skarmory, M|334\/334
|-damage|p1a: Aka Zenzoh|293\/334|[from] Stealth Rock
|detailschange|p2a: Metagross|Metagross-Mega
|-mega|p2a: Metagross|Metagross|Metagrossite
|move|p2a: Metagross|Zen Headbutt|p1a: Aka Zenzoh
|-resisted|p1a: Aka Zenzoh
|-damage|p1a: Aka Zenzoh|227\/334
|-damage|p2a: Metagross|196\/301|[from] item: Rocky Helmet|[of] p1a: Aka Zenzoh
|
|-damage|p2a: Metagross|159\/301|[from] Leech Seed|[of] p1a: Aka Zenzoh
|-heal|p1a: Aka Zenzoh|264\/334|[silent]
|turn|22
|join|Fabio96
|
|switch|p2a: Heatran|Heatran, F|243\/323
|-damage|p2a: Heatran|203\/323|[from] Stealth Rock
|move|p1a: Aka Zenzoh|Spikes|p2a: Heatran
|-sidestart|p2: BlueHippo|Spikes
|
|turn|23
|leave|Fabio96
|
|switch|p1a: AKA Trice|Venusaur-Mega, M|86\/364
|-damage|p1a: AKA Trice|41\/364|[from] Stealth Rock
|move|p2a: Heatran|Magma Storm|p1a: AKA Trice
|-supereffective|p1a: AKA Trice
|-damage|p1a: AKA Trice|0 fnt
|faint|p1a: AKA Trice
|
|
|switch|p1a: Jake the ripper|Keldeo|124\/323
|-damage|p1a: Jake the ripper|104\/323|[from] Stealth Rock
|turn|24
|c| AKA Leddit|u got rip'ed
|c| RS Cleaner|eziest win
|c| RS Cleaner|of our life
|join|Pure Demize
|
|move|p1a: Jake the ripper|Secret Sword|p2a: Heatran
|-supereffective|p2a: Heatran
|-enditem|p2a: Heatran|Chople Berry|[eat]
|-damage|p2a: Heatran|70\/323
|move|p2a: Heatran|Earth Power|p1a: Jake the ripper
|-damage|p1a: Jake the ripper|0 fnt
|faint|p1a: Jake the ripper
|
|join|kankuro1954
|c| RS Cleaner|LOL
|c| RS Cleaner|K
|c| cosine180|LOL
|c| l gots the swag|what the..
|
|switch|p1a: AKA Leddit|Bisharp, F|334\/334
|-damage|p1a: AKA Leddit|314\/334|[from] Stealth Rock
|turn|25
|join|Gabrielq
|c| MoB Barley|reveal wow
|c| cosine180|pls
|c| victorlucas2003|gg bisharp
|c|âBlueHippo|ya..
|c|âBlueHippo|gg
|
|move|p1a: AKA Leddit|Sucker Punch|p2a: Heatran
|-damage|p2a: Heatran|0 fnt
|faint|p2a: Heatran
|
|-heal|p1a: AKA Leddit|334\/334|[from] item: Leftovers
|c|âwish killer|gg
|-message|BlueHippo forfeited.
|leave|The manaphy
|leave|BlueHippo
|
|win|wish killer
|leave|Riful the Zangoose
|c| AKA Leddit|rekt