|join|wish killer
|join|Iodic
|player|p1|wish killer|1
|player|p2|Iodic|264
|gametype|singles
|gen|6
|tier|OU
|rated
|clearpoke
|poke|p1|Bisharp, M
|poke|p1|Venusaur, M
|poke|p1|Heatran, M
|poke|p1|Keldeo
|poke|p1|Chansey, F
|poke|p1|Skarmory, M
|poke|p2|Excadrill, M
|poke|p2|Azumarill, M
|poke|p2|Talonflame, F
|poke|p2|Serperior, F
|poke|p2|Infernape, F
|poke|p2|Gyarados, F
|rule|Swagger Clause: Swagger is banned
|rule|Baton Pass Clause: Limit one PokÃ©mon knowing Baton Pass
|rule|Sleep Clause Mod: Limit one foe put to sleep
|rule|Species Clause: Limit one of each PokÃ©mon
|rule|OHKO Clause: OHKO moves are banned
|rule|Moody Clause: Moody is banned
|rule|Evasion Moves Clause: Evasion moves are banned
|rule|Endless Battle Clause: Forcing endless battles is banned
|rule|HP Percentage Mod: HP is shown in percentages
|teampreview
|
|start
|switch|p1a: Heatran|Heatran, M|340\/340
|switch|p2a: Infernape|Infernape, F|293\/293
|-item|p1a: Heatran|Air Balloon
|turn|1
|
|move|p2a: Infernape|Close Combat|p1a: Heatran
|-supereffective|p1a: Heatran
|-damage|p1a: Heatran|46\/340
|-enditem|p1a: Heatran|Air Balloon
|-unboost|p2a: Infernape|def|1
|-unboost|p2a: Infernape|spd|1
|move|p1a: Heatran|Stealth Rock|p2a: Infernape
|-sidestart|p2: Iodic|move: Stealth Rock
|
|turn|2
|
|move|p2a: Infernape|Stealth Rock|p1a: Heatran
|-sidestart|p1: wish killer|move: Stealth Rock
|move|p1a: Heatran|Toxic|p2a: Infernape
|-status|p2a: Infernape|tox
|
|-damage|p2a: Infernape|275\/293 tox|[from] psn
|turn|3
|join|Mistaken
|c| Mistaken|hi iodic
|
|move|p2a: Infernape|Close Combat|p1a: Heatran
|-supereffective|p1a: Heatran
|-damage|p1a: Heatran|0 fnt
|-unboost|p2a: Infernape|def|1
|-unboost|p2a: Infernape|spd|1
|faint|p1a: Heatran
|
|-damage|p2a: Infernape|239\/293 tox|[from] psn
|c|âIodic|hello?
|c|âIodic|did I just play you? I never pay attention to my opponents' names >_>
|c| Mistaken|yeah
|
|switch|p1a: Keldeo|Keldeo|323\/323
|-damage|p1a: Keldeo|303\/323|[from] Stealth Rock
|turn|4
|c|âIodic|ah
|
|switch|p2a: Serperior|Serperior, F|353\/353
|-damage|p2a: Serperior|309\/353|[from] Stealth Rock
|move|p1a: Keldeo|Scald|p2a: Serperior
|-resisted|p2a: Serperior
|-damage|p2a: Serperior|236\/353
|
|-heal|p2a: Serperior|258\/353|[from] item: Leftovers
|-heal|p1a: Keldeo|323\/323|[from] item: Leftovers
|turn|5
|
|switch|p1a: Chansey|Chansey, F|684\/684
|-damage|p1a: Chansey|599\/684|[from] Stealth Rock
|move|p2a: Serperior|Glare|p1a: Chansey
|-status|p1a: Chansey|par
|
|-heal|p2a: Serperior|280\/353|[from] item: Leftovers
|turn|6
|
|move|p2a: Serperior|Taunt|p1a: Chansey
|-start|p1a: Chansey|move: Taunt
|move|p1a: Chansey|Seismic Toss|p2a: Serperior
|-damage|p2a: Serperior|180\/353
|
|-heal|p2a: Serperior|202\/353|[from] item: Leftovers
|turn|7
|
|move|p2a: Serperior|Leaf Storm|p1a: Chansey
|-damage|p1a: Chansey|529\/684 par
|-boost|p2a: Serperior|spa|2
|cant|p1a: Chansey|par
|
|-heal|p2a: Serperior|224\/353|[from] item: Leftovers
|turn|8
|
|move|p2a: Serperior|Glare|p1a: Chansey
|-fail|p1a: Chansey|par
|move|p1a: Chansey|Seismic Toss|p2a: Serperior
|-damage|p2a: Serperior|124\/353
|
|-heal|p2a: Serperior|146\/353|[from] item: Leftovers
|-end|p1a: Chansey|move: Taunt
|turn|9
|
|move|p2a: Serperior|Synthesis|p2a: Serperior
|-heal|p2a: Serperior|322\/353
|cant|p1a: Chansey|par
|
|-heal|p2a: Serperior|344\/353|[from] item: Leftovers
|turn|10
|
|move|p2a: Serperior|Taunt|p1a: Chansey
|-start|p1a: Chansey|move: Taunt
|move|p1a: Chansey|Seismic Toss|p2a: Serperior
|-damage|p2a: Serperior|244\/353
|
|-heal|p2a: Serperior|266\/353|[from] item: Leftovers
|turn|11
|
|move|p2a: Serperior|Leaf Storm|p1a: Chansey
|-crit|p1a: Chansey
|-damage|p1a: Chansey|295\/684 par
|-boost|p2a: Serperior|spa|2
|move|p1a: Chansey|Seismic Toss|p2a: Serperior
|-damage|p2a: Serperior|166\/353
|
|-heal|p2a: Serperior|188\/353|[from] item: Leftovers
|turn|12
|join|RagnarFR
|
|move|p2a: Serperior|Leaf Storm|p1a: Chansey
|-damage|p1a: Chansey|70\/684 par
|-boost|p2a: Serperior|spa|2
|move|p1a: Chansey|Seismic Toss|p2a: Serperior
|-damage|p2a: Serperior|88\/353
|
|-heal|p2a: Serperior|110\/353|[from] item: Leftovers
|-end|p1a: Chansey|move: Taunt
|turn|13
|
|move|p2a: Serperior|Taunt|p1a: Chansey
|-start|p1a: Chansey|move: Taunt
|move|p1a: Chansey|Seismic Toss|p2a: Serperior
|-damage|p2a: Serperior|10\/353
|
|-heal|p2a: Serperior|32\/353|[from] item: Leftovers
|turn|14
|join|471V3
|
|switch|p1a: Skarmory|Skarmory, M|334\/334
|-damage|p1a: Skarmory|293\/334|[from] Stealth Rock
|move|p2a: Serperior|Synthesis|p2a: Serperior
|-heal|p2a: Serperior|208\/353
|
|-heal|p2a: Serperior|230\/353|[from] item: Leftovers
|turn|15
|c|âIodic|*sees all the spectators*
|c|âIodic|*checks opponent's rank*
|c|âIodic|good lord
|join|CleanerThanRotom-W
|join|zud85
|
|move|p2a: Serperior|Glare|p1a: Skarmory
|-status|p1a: Skarmory|par
|move|p1a: Skarmory|Brave Bird|p2a: Serperior
|-crit|p2a: Serperior
|-supereffective|p2a: Serperior
|-damage|p2a: Serperior|0 fnt
|-damage|p1a: Skarmory|217\/334 par|[from] recoil|[of] p2a: Serperior
|faint|p2a: Serperior
|
|raw|<div class="broadcast-red"><b>Moderated chat was set to +!<\/b><br \/>Only users of rank + and higher can talk.<\/div>
wish killer made this room hidden.
|
|switch|p2a: Infernape|Infernape, F|239\/293 tox
|-damage|p2a: Infernape|203\/293 tox|[from] Stealth Rock
|turn|16
|
|switch|p1a: Chansey|Chansey, F|70\/684
|-damage|p1a: Chansey|0 fnt|[from] Stealth Rock
|faint|p1a: Chansey
|move|p2a: Infernape|Overheat|p1: Chansey|[notarget]
|-notarget
|
|-damage|p2a: Infernape|185\/293 tox|[from] psn
|
|switch|p1a: Keldeo|Keldeo|323\/323
|-damage|p1a: Keldeo|303\/323|[from] Stealth Rock
|turn|17
|
|switch|p2a: Azumarill|Azumarill, M|362\/362
|-damage|p2a: Azumarill|317\/362|[from] Stealth Rock
|move|p1a: Keldeo|Scald|p2a: Azumarill
|-resisted|p2a: Azumarill
|-damage|p2a: Azumarill|231\/362
|
|-heal|p1a: Keldeo|323\/323|[from] item: Leftovers
|turn|18
|leave|CleanerThanRotom-W
|
|switch|p1a: Venusaur|Venusaur, M|364\/364
|-damage|p1a: Venusaur|319\/364|[from] Stealth Rock
|move|p2a: Azumarill|Play Rough|p1a: Venusaur
|-resisted|p1a: Venusaur
|-damage|p1a: Venusaur|247\/364
|
|turn|19
|leave|RagnarFR
|
|switch|p2a: Excadrill|Excadrill, M|412\/412
|-damage|p2a: Excadrill|400\/412|[from] Stealth Rock
|-ability|p2a: Excadrill|Mold Breaker
|detailschange|p1a: Venusaur|Venusaur-Mega, M
|-mega|p1a: Venusaur|Venusaur|Venusaurite
|move|p1a: Venusaur|Giga Drain|p2a: Excadrill
|-damage|p2a: Excadrill|324\/412
|-heal|p1a: Venusaur|285\/364|[from] drain|[of] p2a: Excadrill
|
|turn|20
|
|move|p2a: Excadrill|Rapid Spin|p1a: Venusaur
|-damage|p1a: Venusaur|271\/364
|-sideend|p2: Iodic|Stealth Rock|[from] move: Rapid Spin|[of] p2a: Excadrill
|move|p1a: Venusaur|Giga Drain|p2a: Excadrill
|-damage|p2a: Excadrill|255\/412
|-heal|p1a: Venusaur|306\/364|[from] drain|[of] p2a: Excadrill
|
|turn|21
|
|switch|p2a: Talonflame|Talonflame, F|359\/359
|move|p1a: Venusaur|Leech Seed|p2a: Talonflame
|-start|p2a: Talonflame|move: Leech Seed
|
|-damage|p2a: Talonflame|315\/359|[from] Leech Seed|[of] p1a: Venusaur
|-heal|p1a: Venusaur|350\/364|[silent]
|turn|22
|c|âIodic|sorry for the lag
|
|switch|p1a: Skarmory|Skarmory, M|217\/334 par
|-damage|p1a: Skarmory|176\/334 par|[from] Stealth Rock
|move|p2a: Talonflame|Will-O-Wisp|p1a: Skarmory|[miss]
|-miss|p2a: Talonflame|p1a: Skarmory
|
|-heal|p2a: Talonflame|337\/359|[from] item: Leftovers
|-damage|p2a: Talonflame|293\/359|[from] Leech Seed|[of] p1a: Skarmory
|-heal|p1a: Skarmory|220\/334 par|[silent]
|turn|23
|
|switch|p2a: Gyarados|Gyarados, F|331\/331
|-ability|p2a: Gyarados|Intimidate|[of] p1a: Skarmory
|-unboost|p1a: Skarmory|atk|1
|cant|p1a: Skarmory|par
|
|turn|24
|
|move|p2a: Gyarados|Dragon Dance|p2a: Gyarados
|-boost|p2a: Gyarados|atk|1
|-boost|p2a: Gyarados|spe|1
|move|p1a: Skarmory|Roost|p1a: Skarmory
|-heal|p1a: Skarmory|334\/334 par
|
|turn|25
|
|move|p2a: Gyarados|Dragon Dance|p2a: Gyarados
|-boost|p2a: Gyarados|atk|1
|-boost|p2a: Gyarados|spe|1
|move|p1a: Skarmory|Whirlwind|p2a: Gyarados
|drag|p2a: Infernape|Infernape, F|185\/293 tox
|
|-damage|p2a: Infernape|167\/293 tox|[from] psn
|turn|26
|
|switch|p1a: Venusaur|Venusaur-Mega, M|350\/364
|-damage|p1a: Venusaur|305\/364|[from] Stealth Rock
|move|p2a: Infernape|Overheat|p1a: Venusaur
|-supereffective|p1a: Venusaur
|-damage|p1a: Venusaur|159\/364
|-unboost|p2a: Infernape|spa|2
|
|-damage|p2a: Infernape|131\/293 tox|[from] psn
|turn|27
|
|switch|p2a: Excadrill|Excadrill, M|255\/412
|-ability|p2a: Excadrill|Mold Breaker
|move|p1a: Venusaur|Synthesis|p1a: Venusaur
|-heal|p1a: Venusaur|341\/364
|
|turn|28
|c|âIodic|could you stop the timer?
|c|âIodic|lag is being a butt
|-message|Iodic lost due to inactivity.
|c|âIodic|welp
|
|switch|p2a: Talonflame|Talonflame, F|293\/359
|move|p1a: Venusaur|Giga Drain|p2a: Talonflame
|-resisted|p2a: Talonflame
|-damage|p2a: Talonflame|271\/359
|-heal|p1a: Venusaur|352\/364|[from] drain|[of] p2a: Talonflame
|
|-heal|p2a: Talonflame|293\/359|[from] item: Leftovers
|turn|29
|c|âIodic|that sucks
|leave|zud85
|
|win|wish killer
|raw|Ladder updating...
|raw|wish killer's rating: 1837 &rarr; <strong>1846<\/strong><br \/>(+9 for winning)
|raw|Iodic's rating: 1622 &rarr; <strong>1613<\/strong><br \/>(-9 for losing)
|leave|wish killer
|
|leave|471V3