|join|wish killer
|join|jpw234
|player|p1|wish killer|68
|player|p2|jpw234|290
|gametype|singles
|gen|6
|tier|OU
|rated
|clearpoke
|poke|p1|Bisharp, M
|poke|p1|Venusaur, F
|poke|p1|Heatran, M
|poke|p1|Keldeo
|poke|p1|Chansey, F
|poke|p1|Skarmory, F
|poke|p2|Bronzong
|poke|p2|Altaria, M
|poke|p2|Gliscor, F
|poke|p2|Zapdos
|poke|p2|Latias, F
|poke|p2|Clefable, M
|rule|Swagger Clause: Swagger is banned
|rule|Baton Pass Clause: Limit one PokÃ©mon knowing Baton Pass
|rule|Sleep Clause Mod: Limit one foe put to sleep
|rule|Species Clause: Limit one of each PokÃ©mon
|rule|OHKO Clause: OHKO moves are banned
|rule|Moody Clause: Moody is banned
|rule|Evasion Moves Clause: Evasion moves are banned
|rule|Endless Battle Clause: Forcing endless battles is banned
|rule|HP Percentage Mod: HP is shown in percentages
|teampreview
|c|âjpw234|glhf
|
|start
|switch|p1a: Heatran|Heatran, M|340\/340
|switch|p2a: Gliscor|Gliscor, F|352\/352
|-item|p1a: Heatran|Air Balloon
|turn|1
|join|c1one
|
|move|p1a: Heatran|Stealth Rock|p2a: Gliscor
|-sidestart|p2: jpw234|move: Stealth Rock
|move|p2a: Gliscor|Knock Off|p1a: Heatran
|-damage|p1a: Heatran|285\/340
|-enditem|p1a: Heatran|Air Balloon
|
|-status|p2a: Gliscor|tox|[from] item: Toxic Orb
|turn|2
|join|Zenzo
|
|switch|p1a: Venusaur|Venusaur, F|364\/364
|move|p2a: Gliscor|Knock Off|p1a: Venusaur
|-damage|p1a: Venusaur|325\/364
|
|turn|3
|
|switch|p2a: Bronzong|Bronzong|337\/337
|-damage|p2a: Bronzong|316\/337|[from] Stealth Rock
|detailschange|p1a: Venusaur|Venusaur-Mega, F
|-mega|p1a: Venusaur|Venusaur|Venusaurite
|move|p1a: Venusaur|Leech Seed|p2a: Bronzong
|-start|p2a: Bronzong|move: Leech Seed
|
|-heal|p2a: Bronzong|337\/337|[from] item: Leftovers
|-damage|p2a: Bronzong|295\/337|[from] Leech Seed|[of] p1a: Venusaur
|-heal|p1a: Venusaur|364\/364|[silent]
|turn|4
|
|switch|p1a: Bisharp|Bisharp, M|334\/334
|switch|p2a: Gliscor|Gliscor, F|352\/352 tox
|-damage|p2a: Gliscor|308\/352 tox|[from] Stealth Rock
|
|-heal|p2a: Gliscor|352\/352 tox|[from] ability: Poison Heal
|turn|5
|
|switch|p1a: Venusaur|Venusaur-Mega, F|364\/364
|move|p2a: Gliscor|Swords Dance|p2a: Gliscor
|-boost|p2a: Gliscor|atk|2
|
|turn|6
|
|move|p2a: Gliscor|Earthquake|p1a: Venusaur
|-damage|p1a: Venusaur|223\/364
|move|p1a: Venusaur|Leech Seed|p2a: Gliscor|[miss]
|-miss|p1a: Venusaur|p2a: Gliscor
|
|turn|7
|
|move|p2a: Gliscor|Earthquake|p1a: Venusaur
|-damage|p1a: Venusaur|85\/364
|move|p1a: Venusaur|Leech Seed|p2a: Gliscor
|-start|p2a: Gliscor|move: Leech Seed
|
|-damage|p2a: Gliscor|308\/352 tox|[from] Leech Seed|[of] p1a: Venusaur
|-heal|p1a: Venusaur|129\/364|[silent]
|-heal|p2a: Gliscor|352\/352 tox|[from] ability: Poison Heal
|turn|8
|join|dankbois
|
|switch|p2a: Latias|Latias, F|364\/364
|-damage|p2a: Latias|319\/364|[from] Stealth Rock
|switch|p1a: Skarmory|Skarmory, F|334\/334
|
|-heal|p2a: Latias|341\/364|[from] item: Leftovers
|turn|9
|
|switch|p1a: Bisharp|Bisharp, M|334\/334
|move|p2a: Latias|Whirlpool|p1a: Bisharp
|-damage|p1a: Bisharp|291\/334
|-activate|p1a: Bisharp|move: Whirlpool|[of] p2a: Latias
|
|-heal|p2a: Latias|363\/364|[from] item: Leftovers
|-heal|p1a: Bisharp|311\/334|[from] item: Leftovers
|-damage|p1a: Bisharp|270\/334|[from] move: Whirlpool|[partiallytrapped]
|turn|10
|
|move|p2a: Latias|Reflect Type|p1a: Bisharp
|-start|p2a: Latias|typechange|[from] move: Reflect Type|[of] p1a: Bisharp
|move|p1a: Bisharp|Knock Off|p2a: Latias
|-resisted|p2a: Latias
|-damage|p2a: Latias|261\/364
|-enditem|p2a: Latias|Leftovers|[from] move: Knock Off|[of] p1a: Bisharp
|
|-heal|p1a: Bisharp|290\/334|[from] item: Leftovers
|-damage|p1a: Bisharp|249\/334|[from] move: Whirlpool|[partiallytrapped]
|turn|11
|join|habajiga
|
|move|p2a: Latias|Thunder Wave|p1a: Bisharp
|-status|p1a: Bisharp|par
|move|p1a: Bisharp|Swords Dance|p1a: Bisharp
|-boost|p1a: Bisharp|atk|2
|
|-heal|p1a: Bisharp|269\/334 par|[from] item: Leftovers
|-damage|p1a: Bisharp|228\/334 par|[from] move: Whirlpool|[partiallytrapped]
|turn|12
|join|daftmau5
|
|move|p2a: Latias|Whirlpool|p1a: Bisharp
|-damage|p1a: Bisharp|186\/334 par
|move|p1a: Bisharp|Iron Head|p2a: Latias
|-crit|p2a: Latias
|-resisted|p2a: Latias
|-damage|p2a: Latias|20\/364
|
|-heal|p1a: Bisharp|206\/334 par|[from] item: Leftovers
|-damage|p1a: Bisharp|165\/334 par|[from] move: Whirlpool|[partiallytrapped]
|turn|13
|join|Acrokid098
|
|move|p2a: Latias|Roost|p2a: Latias
|-heal|p2a: Latias|202\/364
|move|p1a: Bisharp|Knock Off|p2a: Latias
|-resisted|p2a: Latias
|-damage|p2a: Latias|72\/364
|
|-heal|p1a: Bisharp|185\/334 par|[from] item: Leftovers
|-end|p1a: Bisharp|Whirlpool|[partiallytrapped]
|turn|14
|join|Polarance
|join|RedKingAlmighty
|
|switch|p2a: Clefable|Clefable, M|394\/394
|-damage|p2a: Clefable|345\/394|[from] Stealth Rock
|move|p1a: Bisharp|Swords Dance|p1a: Bisharp
|-boost|p1a: Bisharp|atk|2
|
|-heal|p2a: Clefable|369\/394|[from] item: Leftovers
|-heal|p1a: Bisharp|205\/334 par|[from] item: Leftovers
|turn|15
|
|switch|p1a: Venusaur|Venusaur-Mega, F|129\/364
|move|p2a: Clefable|Moonblast|p1a: Venusaur
|-resisted|p1a: Venusaur
|-damage|p1a: Venusaur|83\/364
|
|-heal|p2a: Clefable|393\/394|[from] item: Leftovers
|turn|16
|c| RedKingAlmighty|doesn't torn t just wreak absolute havoc on your team wishkiller?
|join|Scotti
|
|move|p1a: Venusaur|Synthesis|p1a: Venusaur
|-heal|p1a: Venusaur|265\/364
|move|p2a: Clefable|Thunder Wave|p1a: Venusaur
|-status|p1a: Venusaur|par
|
|-heal|p2a: Clefable|394\/394|[from] item: Leftovers
|turn|17
|join|FUQ GLISCORE
|
|switch|p2a: Zapdos|Zapdos|383\/383
|-damage|p2a: Zapdos|288\/383|[from] Stealth Rock
|-ability|p2a: Zapdos|Pressure
|switch|p1a: Chansey|Chansey, F|684\/684
|
|-heal|p2a: Zapdos|311\/383|[from] item: Leftovers
|turn|18
|
|move|p2a: Zapdos|Defog|p1a: Chansey
|-unboost|p1a: Chansey|evasion|1
|-sideend|p2: jpw234|Stealth Rock|[from] move: Defog|[of] p2a: Zapdos
|move|p1a: Chansey|Aromatherapy|p1a: Chansey
|-cureteam|p1a: Chansey|[from] move: Aromatherapy
|
|-heal|p2a: Zapdos|334\/383|[from] item: Leftovers
|turn|19
|c| RedKingAlmighty|knocking off chansey, taunting skarmory, superpower\/fblasting bisharp and hurricaning the rest
|
|switch|p2a: Gliscor|Gliscor, F|352\/352 tox
|switch|p1a: Venusaur|Venusaur-Mega, F|265\/364
|
|turn|20
|c| dankbois|sick plan of action!!
|
|move|p2a: Gliscor|Swords Dance|p2a: Gliscor
|-boost|p2a: Gliscor|atk|2
|move|p1a: Venusaur|Leech Seed|p2a: Gliscor
|-start|p2a: Gliscor|move: Leech Seed
|
|-damage|p2a: Gliscor|308\/352 tox|[from] Leech Seed|[of] p1a: Venusaur
|-heal|p1a: Venusaur|309\/364|[silent]
|-heal|p2a: Gliscor|352\/352 tox|[from] ability: Poison Heal
|turn|21
|
|move|p2a: Gliscor|Earthquake|p1a: Venusaur
|-damage|p1a: Venusaur|179\/364
|move|p1a: Venusaur|Giga Drain|p2a: Gliscor
|-damage|p2a: Gliscor|253\/352 tox
|-heal|p1a: Venusaur|229\/364|[from] drain|[of] p2a: Gliscor
|
|-damage|p2a: Gliscor|209\/352 tox|[from] Leech Seed|[of] p1a: Venusaur
|-heal|p1a: Venusaur|273\/364|[silent]
|-heal|p2a: Gliscor|253\/352 tox|[from] ability: Poison Heal
|turn|22
|
|switch|p2a: Zapdos|Zapdos|334\/383
|-ability|p2a: Zapdos|Pressure
|move|p1a: Venusaur|Giga Drain|p2a: Zapdos
|-resisted|p2a: Zapdos
|-damage|p2a: Zapdos|277\/383
|-heal|p1a: Venusaur|302\/364|[from] drain|[of] p2a: Zapdos
|
|-heal|p2a: Zapdos|300\/383|[from] item: Leftovers
|turn|23
|
|move|p2a: Zapdos|Heat Wave|p1a: Venusaur
|-supereffective|p1a: Venusaur
|-damage|p1a: Venusaur|224\/364
|move|p1a: Venusaur|Leech Seed|p2a: Zapdos
|-start|p2a: Zapdos|move: Leech Seed
|
|-heal|p2a: Zapdos|323\/383|[from] item: Leftovers
|-damage|p2a: Zapdos|276\/383|[from] Leech Seed|[of] p1a: Venusaur
|-heal|p1a: Venusaur|271\/364|[silent]
|turn|24
|
|switch|p2a: Gliscor|Gliscor, F|253\/352 tox
|switch|p1a: Heatran|Heatran, M|285\/340
|
|-heal|p2a: Gliscor|297\/352 tox|[from] ability: Poison Heal
|turn|25
|
|move|p1a: Heatran|Stealth Rock|p2a: Gliscor
|-sidestart|p2: jpw234|move: Stealth Rock
|move|p2a: Gliscor|Earthquake|p1a: Heatran
|-supereffective|p1a: Heatran
|-damage|p1a: Heatran|0 fnt
|faint|p1a: Heatran
|
|-heal|p2a: Gliscor|341\/352 tox|[from] ability: Poison Heal
|
|switch|p1a: Keldeo|Keldeo|323\/323
|turn|26
|
|switch|p2a: Clefable|Clefable, M|394\/394
|-damage|p2a: Clefable|345\/394|[from] Stealth Rock
|move|p1a: Keldeo|Scald|p2a: Clefable
|-damage|p2a: Clefable|237\/394
|
|-heal|p2a: Clefable|261\/394|[from] item: Leftovers
|turn|27
|leave|FUQ GLISCORE
|
|switch|p1a: Venusaur|Venusaur-Mega, F|271\/364
|move|p2a: Clefable|Moonblast|p1a: Venusaur
|-resisted|p1a: Venusaur
|-damage|p1a: Venusaur|222\/364
|
|-heal|p2a: Clefable|285\/394|[from] item: Leftovers
|turn|28
|
|switch|p1a: Bisharp|Bisharp, M|205\/334
|switch|p2a: Zapdos|Zapdos|276\/383
|-damage|p2a: Zapdos|181\/383|[from] Stealth Rock
|-ability|p2a: Zapdos|Pressure
|
|-heal|p2a: Zapdos|204\/383|[from] item: Leftovers
|-heal|p1a: Bisharp|225\/334|[from] item: Leftovers
|turn|29
|
|move|p2a: Zapdos|Heat Wave|p1a: Bisharp
|-supereffective|p1a: Bisharp
|-damage|p1a: Bisharp|0 fnt
|faint|p1a: Bisharp
|
|-heal|p2a: Zapdos|227\/383|[from] item: Leftovers
|
|switch|p1a: Keldeo|Keldeo|323\/323
|turn|30
|
|move|p1a: Keldeo|Scald|p2a: Zapdos
|-damage|p2a: Zapdos|68\/383
|-status|p2a: Zapdos|brn
|move|p2a: Zapdos|Defog|p1a: Keldeo
|-unboost|p1a: Keldeo|evasion|1
|-sideend|p2: jpw234|Stealth Rock|[from] move: Defog|[of] p2a: Zapdos
|
|-heal|p2a: Zapdos|91\/383 brn|[from] item: Leftovers
|-damage|p2a: Zapdos|44\/383 brn|[from] brn
|turn|31
|
|move|p1a: Keldeo|Scald|p2a: Zapdos
|-damage|p2a: Zapdos|0 fnt
|faint|p2a: Zapdos
|
|join|in diz guys
|
|switch|p2a: Altaria|Altaria, M|353\/353
|turn|32
|
|switch|p1a: Skarmory|Skarmory, F|334\/334
|detailschange|p2a: Altaria|Altaria-Mega, M
|-mega|p2a: Altaria|Altaria|Altarianite
|move|p2a: Altaria|Hyper Voice|p1a: Skarmory
|-resisted|p1a: Skarmory
|-damage|p1a: Skarmory|247\/334
|
|turn|33
|
|switch|p2a: Gliscor|Gliscor, F|341\/352 tox
|switch|p1a: Chansey|Chansey, F|684\/684
|
|-heal|p2a: Gliscor|352\/352 tox|[from] ability: Poison Heal
|turn|34
|
|switch|p1a: Keldeo|Keldeo|323\/323
|move|p2a: Gliscor|Swords Dance|p2a: Gliscor
|-boost|p2a: Gliscor|atk|2
|
|turn|35
|
|switch|p2a: Altaria|Altaria-Mega, M|353\/353
|move|p1a: Keldeo|Scald|p2a: Altaria
|-resisted|p2a: Altaria
|-damage|p2a: Altaria|282\/353
|-status|p2a: Altaria|brn
|
|-damage|p2a: Altaria|238\/353 brn|[from] brn
|turn|36
|
|switch|p1a: Skarmory|Skarmory, F|247\/334
|switch|p2a: Bronzong|Bronzong|295\/337
|
|-heal|p2a: Bronzong|316\/337|[from] item: Leftovers
|turn|37
|
|move|p1a: Skarmory|Spikes|p2a: Bronzong
|-sidestart|p2: jpw234|Spikes
|move|p2a: Bronzong|Stealth Rock|p1a: Skarmory
|-sidestart|p1: wish killer|move: Stealth Rock
|
|-heal|p2a: Bronzong|337\/337|[from] item: Leftovers
|turn|38
|
|switch|p2a: Gliscor|Gliscor, F|352\/352 tox
|move|p1a: Skarmory|Brave Bird|p2a: Gliscor
|-damage|p2a: Gliscor|253\/352 tox
|-damage|p1a: Skarmory|214\/334|[from] recoil|[of] p2a: Gliscor
|
|-heal|p2a: Gliscor|297\/352 tox|[from] ability: Poison Heal
|turn|39
|
|move|p2a: Gliscor|Knock Off|p1a: Skarmory
|-damage|p1a: Skarmory|165\/334
|-damage|p2a: Gliscor|239\/352 tox|[from] item: Rocky Helmet|[of] p1a: Skarmory
|-enditem|p1a: Skarmory|Rocky Helmet|[from] move: Knock Off|[of] p2a: Gliscor
|move|p1a: Skarmory|Roost|p1a: Skarmory
|-heal|p1a: Skarmory|332\/334
|
|-heal|p2a: Gliscor|283\/352 tox|[from] ability: Poison Heal
|turn|40
|leave|Acrokid098
|join|QuagGod
|
|switch|p2a: Clefable|Clefable, M|285\/394
|-damage|p2a: Clefable|236\/394|[from] Spikes
|move|p1a: Skarmory|Brave Bird|p2a: Clefable
|-damage|p2a: Clefable|76\/394
|-damage|p1a: Skarmory|279\/334|[from] recoil|[of] p2a: Clefable
|
|-heal|p2a: Clefable|100\/394|[from] item: Leftovers
|turn|41
|
|switch|p2a: Gliscor|Gliscor, F|283\/352 tox
|move|p1a: Skarmory|Brave Bird|p2a: Gliscor
|-crit|p2a: Gliscor
|-damage|p2a: Gliscor|145\/352 tox
|-damage|p1a: Skarmory|233\/334|[from] recoil|[of] p2a: Gliscor
|
|-heal|p2a: Gliscor|189\/352 tox|[from] ability: Poison Heal
|turn|42
|join|Ox the Box
|
|move|p2a: Gliscor|Knock Off|p1a: Skarmory
|-damage|p1a: Skarmory|200\/334
|move|p1a: Skarmory|Spikes|p2a: Gliscor
|-sidestart|p2: jpw234|Spikes
|
|-heal|p2a: Gliscor|233\/352 tox|[from] ability: Poison Heal
|turn|43
|
|move|p2a: Gliscor|Swords Dance|p2a: Gliscor
|-boost|p2a: Gliscor|atk|2
|move|p1a: Skarmory|Brave Bird|p2a: Gliscor
|-crit|p2a: Gliscor
|-damage|p2a: Gliscor|98\/352 tox
|-damage|p1a: Skarmory|155\/334|[from] recoil|[of] p2a: Gliscor
|
|-heal|p2a: Gliscor|142\/352 tox|[from] ability: Poison Heal
|turn|44
|leave|in diz guys
|
|move|p2a: Gliscor|Roost|p2a: Gliscor
|-heal|p2a: Gliscor|318\/352 tox
|move|p1a: Skarmory|Roost|p1a: Skarmory
|-heal|p1a: Skarmory|322\/334
|
|-heal|p2a: Gliscor|352\/352 tox|[from] ability: Poison Heal
|turn|45
|
|move|p2a: Gliscor|Knock Off|p1a: Skarmory
|-damage|p1a: Skarmory|254\/334
|move|p1a: Skarmory|Whirlwind|p2a: Gliscor
|drag|p2a: Bronzong|Bronzong|337\/337
|
|turn|46
|join|Stoned Zard
|
|move|p1a: Skarmory|Brave Bird|p2a: Bronzong
|-resisted|p2a: Bronzong
|-damage|p2a: Bronzong|282\/337
|-damage|p1a: Skarmory|236\/334|[from] recoil|[of] p2a: Bronzong
|move|p2a: Bronzong|Toxic|p1a: Skarmory
|-fail|p1a: Skarmory
|
|-heal|p2a: Bronzong|303\/337|[from] item: Leftovers
|turn|47
|
|switch|p2a: Gliscor|Gliscor, F|352\/352 tox
|move|p1a: Skarmory|Brave Bird|p2a: Gliscor
|-damage|p2a: Gliscor|247\/352 tox
|-damage|p1a: Skarmory|201\/334|[from] recoil|[of] p2a: Gliscor
|
|-heal|p2a: Gliscor|291\/352 tox|[from] ability: Poison Heal
|turn|48
|join|SludgeWaveScyther
|
|move|p2a: Gliscor|Knock Off|p1a: Skarmory
|-crit|p1a: Skarmory
|-damage|p1a: Skarmory|153\/334
|move|p1a: Skarmory|Roost|p1a: Skarmory
|-heal|p1a: Skarmory|320\/334
|
|-heal|p2a: Gliscor|335\/352 tox|[from] ability: Poison Heal
|turn|49
|join|in diz guys
|leave|in diz guys
|
|move|p2a: Gliscor|Knock Off|p1a: Skarmory
|-damage|p1a: Skarmory|291\/334
|move|p1a: Skarmory|Spikes|p2a: Gliscor
|-sidestart|p2: jpw234|Spikes
|
|-heal|p2a: Gliscor|352\/352 tox|[from] ability: Poison Heal
|turn|50
|
|move|p2a: Gliscor|Swords Dance|p2a: Gliscor
|-boost|p2a: Gliscor|atk|2
|move|p1a: Skarmory|Spikes|p2a: Gliscor
|-fail|p2a: Gliscor
|
|turn|51
|
|move|p2a: Gliscor|Knock Off|p1a: Skarmory
|-crit|p1a: Skarmory
|-damage|p1a: Skarmory|200\/334
|move|p1a: Skarmory|Whirlwind|p2a: Gliscor
|drag|p2a: Bronzong|Bronzong|303\/337
|
|-heal|p2a: Bronzong|324\/337|[from] item: Leftovers
|turn|52
|
|switch|p2a: Gliscor|Gliscor, F|352\/352 tox
|move|p1a: Skarmory|Brave Bird|p2a: Gliscor
|-damage|p2a: Gliscor|247\/352 tox
|-damage|p1a: Skarmory|165\/334|[from] recoil|[of] p2a: Gliscor
|
|-heal|p2a: Gliscor|291\/352 tox|[from] ability: Poison Heal
|turn|53
|
|move|p2a: Gliscor|Swords Dance|p2a: Gliscor
|-boost|p2a: Gliscor|atk|2
|move|p1a: Skarmory|Roost|p1a: Skarmory
|-heal|p1a: Skarmory|332\/334
|
|-heal|p2a: Gliscor|335\/352 tox|[from] ability: Poison Heal
|turn|54
|
|move|p2a: Gliscor|Knock Off|p1a: Skarmory
|-damage|p1a: Skarmory|267\/334
|move|p1a: Skarmory|Whirlwind|p2a: Gliscor
|drag|p2a: Altaria|Altaria-Mega, M|238\/353 brn
|-damage|p2a: Altaria|150\/353 brn|[from] Spikes
|
|-damage|p2a: Altaria|106\/353 brn|[from] brn
|turn|55
|join|BKAILT
|
|move|p2a: Altaria|Roost|p2a: Altaria
|-heal|p2a: Altaria|283\/353 brn
|move|p1a: Skarmory|Brave Bird|p2a: Altaria
|-damage|p2a: Altaria|207\/353 brn
|-damage|p1a: Skarmory|242\/334|[from] recoil|[of] p2a: Altaria
|
|-damage|p2a: Altaria|163\/353 brn|[from] brn
|turn|56
|leave|daftmau5
|join|FUQ GLISCORE
|leave|BKAILT
|
|move|p2a: Altaria|Roost|p2a: Altaria
|-heal|p2a: Altaria|340\/353 brn
|move|p1a: Skarmory|Roost|p1a: Skarmory
|-heal|p1a: Skarmory|334\/334
|
|-damage|p2a: Altaria|296\/353 brn|[from] brn
|turn|57
|
|switch|p1a: Chansey|Chansey, F|684\/684
|-damage|p1a: Chansey|599\/684|[from] Stealth Rock
|move|p2a: Altaria|Heal Bell|p2a: Altaria
|-cureteam|p2a: Altaria|[from] move: HealBell
|
|turn|58
|
|switch|p2a: Gliscor|Gliscor, F|335\/352
|move|p1a: Chansey|Seismic Toss|p2a: Gliscor
|-damage|p2a: Gliscor|235\/352
|
|-status|p2a: Gliscor|tox|[from] item: Toxic Orb
|turn|59
|
|move|p2a: Gliscor|Knock Off|p1a: Chansey
|-damage|p1a: Chansey|506\/684
|-enditem|p1a: Chansey|Eviolite|[from] move: Knock Off|[of] p2a: Gliscor
|move|p1a: Chansey|Seismic Toss|p2a: Gliscor
|-damage|p2a: Gliscor|135\/352 tox
|
|-heal|p2a: Gliscor|179\/352 tox|[from] ability: Poison Heal
|turn|60
|
|switch|p1a: Keldeo|Keldeo|323\/323
|-damage|p1a: Keldeo|303\/323|[from] Stealth Rock
|move|p2a: Gliscor|Roost|p2a: Gliscor
|-heal|p2a: Gliscor|352\/352 tox
|
|-heal|p1a: Keldeo|323\/323|[from] item: Leftovers
|turn|61
|
|switch|p2a: Clefable|Clefable, M|100\/394
|-damage|p2a: Clefable|2\/394|[from] Spikes
|move|p1a: Keldeo|Scald|p2a: Clefable
|-damage|p2a: Clefable|0 fnt
|faint|p2a: Clefable
|
|
|switch|p2a: Altaria|Altaria-Mega, M|296\/353
|-damage|p2a: Altaria|208\/353|[from] Spikes
|turn|62
|
|switch|p1a: Chansey|Chansey, F|506\/684
|-damage|p1a: Chansey|421\/684|[from] Stealth Rock
|move|p2a: Altaria|Roost|p2a: Altaria
|-heal|p2a: Altaria|353\/353
|
|turn|63
|
|switch|p2a: Gliscor|Gliscor, F|352\/352 tox
|move|p1a: Chansey|Soft-Boiled|p1a: Chansey
|-heal|p1a: Chansey|684\/684
|
|turn|64
|
|switch|p1a: Skarmory|Skarmory, F|334\/334
|-damage|p1a: Skarmory|293\/334|[from] Stealth Rock
|move|p2a: Gliscor|Knock Off|p1a: Skarmory
|-damage|p1a: Skarmory|259\/334
|
|turn|65
|leave|FUQ GLISCORE
|
|move|p2a: Gliscor|Knock Off|p1a: Skarmory
|-damage|p1a: Skarmory|228\/334
|move|p1a: Skarmory|Spikes|p2a: Gliscor
|-fail|p2a: Gliscor
|
|turn|66
|
|move|p2a: Gliscor|Swords Dance|p2a: Gliscor
|-boost|p2a: Gliscor|atk|2
|move|p1a: Skarmory|Whirlwind|p2a: Gliscor
|drag|p2a: Altaria|Altaria-Mega, M|353\/353
|-damage|p2a: Altaria|265\/353|[from] Spikes
|
|turn|67
|join|MyLittleDick
|
|switch|p1a: Chansey|Chansey, F|684\/684
|-damage|p1a: Chansey|599\/684|[from] Stealth Rock
|move|p2a: Altaria|Hyper Voice|p1a: Chansey
|-damage|p1a: Chansey|466\/684
|
|turn|68
|c| dankbois|no fire blast :(
|
|move|p2a: Altaria|Roost|p2a: Altaria
|-heal|p2a: Altaria|353\/353
|move|p1a: Chansey|Soft-Boiled|p1a: Chansey
|-heal|p1a: Chansey|684\/684
|
|turn|69
|
|switch|p2a: Gliscor|Gliscor, F|352\/352 tox
|switch|p1a: Keldeo|Keldeo|323\/323
|-damage|p1a: Keldeo|303\/323|[from] Stealth Rock
|
|-heal|p1a: Keldeo|323\/323|[from] item: Leftovers
|turn|70
|
|move|p1a: Keldeo|Scald|p2a: Gliscor
|-supereffective|p2a: Gliscor
|-damage|p2a: Gliscor|50\/352 tox
|move|p2a: Gliscor|Knock Off|p1a: Keldeo
|-resisted|p1a: Keldeo
|-damage|p1a: Keldeo|281\/323
|-boost|p1a: Keldeo|atk|1|[from] ability: Justified
|-enditem|p1a: Keldeo|Leftovers|[from] move: Knock Off|[of] p2a: Gliscor
|
|-heal|p2a: Gliscor|94\/352 tox|[from] ability: Poison Heal
|turn|71
|
|switch|p2a: Altaria|Altaria-Mega, M|353\/353
|-damage|p2a: Altaria|265\/353|[from] Spikes
|move|p1a: Keldeo|Scald|p2a: Altaria
|-resisted|p2a: Altaria
|-damage|p2a: Altaria|199\/353
|
|turn|72
|
|move|p1a: Keldeo|Substitute|p1a: Keldeo
|-start|p1a: Keldeo|Substitute
|-damage|p1a: Keldeo|201\/323
|move|p2a: Altaria|Roost|p2a: Altaria
|-heal|p2a: Altaria|353\/353
|
|turn|73
|
|switch|p1a: Chansey|Chansey, F|684\/684
|-damage|p1a: Chansey|599\/684|[from] Stealth Rock
|move|p2a: Altaria|Hyper Voice|p1a: Chansey
|-damage|p1a: Chansey|463\/684
|
|turn|74
|join|SansNickel
|
|switch|p2a: Latias|Latias, F|72\/364
|move|p1a: Chansey|Seismic Toss|p2a: Latias
|-damage|p2a: Latias|0 fnt
|faint|p2a: Latias
|
|
|switch|p2a: Gliscor|Gliscor, F|94\/352 tox
|turn|75
|c|âjpw234|gg
|
|switch|p1a: Keldeo|Keldeo|201\/323
|-damage|p1a: Keldeo|181\/323|[from] Stealth Rock
|move|p2a: Gliscor|Roost|p2a: Gliscor
|-heal|p2a: Gliscor|270\/352 tox
|
|-heal|p2a: Gliscor|314\/352 tox|[from] ability: Poison Heal
|turn|76
|
|switch|p2a: Altaria|Altaria-Mega, M|353\/353
|-damage|p2a: Altaria|265\/353|[from] Spikes
|move|p1a: Keldeo|Scald|p2a: Altaria
|-resisted|p2a: Altaria
|-damage|p2a: Altaria|201\/353
|
|turn|77
|leave|RedKingAlmighty
|
|switch|p1a: Chansey|Chansey, F|463\/684
|-damage|p1a: Chansey|378\/684|[from] Stealth Rock
|move|p2a: Altaria|Roost|p2a: Altaria
|-heal|p2a: Altaria|353\/353
|
|turn|78
|
|move|p2a: Altaria|Toxic|p1a: Chansey
|-status|p1a: Chansey|tox
|move|p1a: Chansey|Soft-Boiled|p1a: Chansey
|-heal|p1a: Chansey|684\/684 tox
|
|-damage|p1a: Chansey|642\/684 tox|[from] psn
|turn|79
|
|switch|p2a: Gliscor|Gliscor, F|314\/352 tox
|move|p1a: Chansey|Thunder Wave|p2a: Gliscor
|-immune|p2a: Gliscor|[msg]
|
|-heal|p2a: Gliscor|352\/352 tox|[from] ability: Poison Heal
|-damage|p1a: Chansey|558\/684 tox|[from] psn
|turn|80
|
|switch|p1a: Skarmory|Skarmory, F|228\/334
|-damage|p1a: Skarmory|187\/334|[from] Stealth Rock
|move|p2a: Gliscor|Swords Dance|p2a: Gliscor
|-boost|p2a: Gliscor|atk|2
|
|turn|81
|
|move|p2a: Gliscor|Knock Off|p1a: Skarmory
|-damage|p1a: Skarmory|128\/334
|move|p1a: Skarmory|Roost|p1a: Skarmory
|-heal|p1a: Skarmory|295\/334
|
|turn|82
|
|move|p2a: Gliscor|Swords Dance|p2a: Gliscor
|-boost|p2a: Gliscor|atk|2
|move|p1a: Skarmory|Whirlwind|p2a: Gliscor
|drag|p2a: Altaria|Altaria-Mega, M|353\/353
|-damage|p2a: Altaria|265\/353|[from] Spikes
|
|turn|83
|
|move|p2a: Altaria|Hyper Voice|p1a: Skarmory
|-resisted|p1a: Skarmory
|-damage|p1a: Skarmory|218\/334
|move|p1a: Skarmory|Whirlwind|p2a: Altaria
|drag|p2a: Bronzong|Bronzong|324\/337
|
|-heal|p2a: Bronzong|337\/337|[from] item: Leftovers
|turn|84
|
|switch|p1a: Venusaur|Venusaur-Mega, F|222\/364
|-damage|p1a: Venusaur|177\/364|[from] Stealth Rock
|move|p2a: Bronzong|Toxic|p1a: Venusaur
|-fail|p1a: Venusaur
|
|turn|85
|leave|SludgeWaveScyther
|
|move|p1a: Venusaur|Leech Seed|p2a: Bronzong|[miss]
|-miss|p1a: Venusaur|p2a: Bronzong
|move|p2a: Bronzong|Earthquake|p1a: Venusaur
|-damage|p1a: Venusaur|129\/364
|
|turn|86
|
|move|p1a: Venusaur|Synthesis|p1a: Venusaur
|-heal|p1a: Venusaur|311\/364
|move|p2a: Bronzong|Gyro Ball|p1a: Venusaur
|-damage|p1a: Venusaur|268\/364
|
|turn|87
|
|move|p1a: Venusaur|Hidden Power|p2a: Bronzong
|-supereffective|p2a: Bronzong
|-damage|p2a: Bronzong|267\/337
|move|p2a: Bronzong|Earthquake|p1a: Venusaur
|-damage|p1a: Venusaur|222\/364
|
|-heal|p2a: Bronzong|288\/337|[from] item: Leftovers
|turn|88
|c|âjpw234|no sludge bomb
|c|âjpw234|interesting
|
|switch|p2a: Gliscor|Gliscor, F|352\/352 tox
|move|p1a: Venusaur|Leech Seed|p2a: Gliscor
|-start|p2a: Gliscor|move: Leech Seed
|
|-damage|p2a: Gliscor|308\/352 tox|[from] Leech Seed|[of] p1a: Venusaur
|-heal|p1a: Venusaur|266\/364|[silent]
|-heal|p2a: Gliscor|352\/352 tox|[from] ability: Poison Heal
|turn|89
|
|switch|p2a: Bronzong|Bronzong|288\/337
|switch|p1a: Keldeo|Keldeo|181\/323
|-damage|p1a: Keldeo|161\/323|[from] Stealth Rock
|
|-heal|p2a: Bronzong|309\/337|[from] item: Leftovers
|turn|90
|
|move|p1a: Keldeo|Scald|p2a: Bronzong
|-damage|p2a: Bronzong|219\/337
|move|p2a: Bronzong|Toxic|p1a: Keldeo
|-status|p1a: Keldeo|tox
|
|-heal|p2a: Bronzong|240\/337|[from] item: Leftovers
|-damage|p1a: Keldeo|141\/323 tox|[from] psn
|turn|91
|
|switch|p2a: Altaria|Altaria-Mega, M|265\/353
|-damage|p2a: Altaria|177\/353|[from] Spikes
|move|p1a: Keldeo|Scald|p2a: Altaria
|-resisted|p2a: Altaria
|-damage|p2a: Altaria|115\/353
|
|-damage|p1a: Keldeo|101\/323 tox|[from] psn
|turn|92
|
|switch|p1a: Venusaur|Venusaur-Mega, F|266\/364
|-damage|p1a: Venusaur|221\/364|[from] Stealth Rock
|move|p2a: Altaria|Roost|p2a: Altaria
|-heal|p2a: Altaria|292\/353
|
|turn|93
|
|move|p2a: Altaria|Hyper Voice|p1a: Venusaur
|-resisted|p1a: Venusaur
|-damage|p1a: Venusaur|160\/364
|move|p1a: Venusaur|Leech Seed|p2a: Altaria
|-start|p2a: Altaria|move: Leech Seed
|
|-damage|p2a: Altaria|248\/353|[from] Leech Seed|[of] p1a: Venusaur
|-heal|p1a: Venusaur|204\/364|[silent]
|turn|94
|join|Moony
|
|move|p2a: Altaria|Roost|p2a: Altaria
|-heal|p2a: Altaria|353\/353
|move|p1a: Venusaur|Giga Drain|p2a: Altaria
|-resisted|p2a: Altaria
|-damage|p2a: Altaria|302\/353
|-heal|p1a: Venusaur|230\/364|[from] drain|[of] p2a: Altaria
|
|-damage|p2a: Altaria|258\/353|[from] Leech Seed|[of] p1a: Venusaur
|-heal|p1a: Venusaur|274\/364|[silent]
|turn|95
|
|switch|p2a: Bronzong|Bronzong|240\/337
|move|p1a: Venusaur|Giga Drain|p2a: Bronzong
|-resisted|p2a: Bronzong
|-damage|p2a: Bronzong|207\/337
|-heal|p1a: Venusaur|291\/364|[from] drain|[of] p2a: Bronzong
|
|-heal|p2a: Bronzong|228\/337|[from] item: Leftovers
|turn|96
|
|switch|p2a: Gliscor|Gliscor, F|352\/352 tox
|move|p1a: Venusaur|Hidden Power|p2a: Gliscor
|-damage|p2a: Gliscor|291\/352 tox
|
|-heal|p2a: Gliscor|335\/352 tox|[from] ability: Poison Heal
|turn|97
|
|switch|p1a: Skarmory|Skarmory, F|218\/334
|-damage|p1a: Skarmory|177\/334|[from] Stealth Rock
|move|p2a: Gliscor|Swords Dance|p2a: Gliscor
|-boost|p2a: Gliscor|atk|2
|
|-heal|p2a: Gliscor|352\/352 tox|[from] ability: Poison Heal
|turn|98
|
|move|p2a: Gliscor|Knock Off|p1a: Skarmory
|-damage|p1a: Skarmory|118\/334
|move|p1a: Skarmory|Roost|p1a: Skarmory
|-heal|p1a: Skarmory|285\/334
|
|turn|99
|
|move|p2a: Gliscor|Swords Dance|p2a: Gliscor
|-boost|p2a: Gliscor|atk|2
|move|p1a: Skarmory|Whirlwind|p2a: Gliscor
|drag|p2a: Bronzong|Bronzong|228\/337
|
|-heal|p2a: Bronzong|249\/337|[from] item: Leftovers
|turn|100
|
|switch|p2a: Gliscor|Gliscor, F|352\/352 tox
|move|p1a: Skarmory|Brave Bird|p2a: Gliscor
|-crit|p2a: Gliscor
|-damage|p2a: Gliscor|205\/352 tox
|-damage|p1a: Skarmory|236\/334|[from] recoil|[of] p2a: Gliscor
|
|-heal|p2a: Gliscor|249\/352 tox|[from] ability: Poison Heal
|turn|101
|
|move|p2a: Gliscor|Swords Dance|p2a: Gliscor
|-boost|p2a: Gliscor|atk|2
|move|p1a: Skarmory|Whirlwind|p2a: Gliscor
|drag|p2a: Altaria|Altaria-Mega, M|258\/353
|-damage|p2a: Altaria|170\/353|[from] Spikes
|
|turn|102
|join|daftmau5
|
|switch|p1a: Chansey|Chansey, F|558\/684
|-damage|p1a: Chansey|473\/684|[from] Stealth Rock
|move|p2a: Altaria|Roost|p2a: Altaria
|-heal|p2a: Altaria|347\/353
|
|turn|103
|leave|Polarance
|join|Time Stall
|
|switch|p2a: Gliscor|Gliscor, F|249\/352 tox
|move|p1a: Chansey|Aromatherapy|p1a: Chansey
|-cureteam|p1a: Chansey|[from] move: Aromatherapy
|
|-heal|p2a: Gliscor|293\/352 tox|[from] ability: Poison Heal
|turn|104
|join|Polarance
|
|switch|p1a: Skarmory|Skarmory, F|236\/334
|-damage|p1a: Skarmory|195\/334|[from] Stealth Rock
|move|p2a: Gliscor|Earthquake|p1a: Skarmory
|-immune|p1a: Skarmory|[msg]
|
|-heal|p2a: Gliscor|337\/352 tox|[from] ability: Poison Heal
|turn|105
|
|move|p2a: Gliscor|Swords Dance|p2a: Gliscor
|-boost|p2a: Gliscor|atk|2
|move|p1a: Skarmory|Spikes|p2a: Gliscor
|-fail|p2a: Gliscor
|
|-heal|p2a: Gliscor|352\/352 tox|[from] ability: Poison Heal
|turn|106
|
|move|p2a: Gliscor|Swords Dance|p2a: Gliscor
|-boost|p2a: Gliscor|atk|2
|move|p1a: Skarmory|Roost|p1a: Skarmory
|-heal|p1a: Skarmory|334\/334
|
|turn|107
|
|move|p2a: Gliscor|Knock Off|p1a: Skarmory
|-damage|p1a: Skarmory|246\/334
|move|p1a: Skarmory|Whirlwind|p2a: Gliscor
|drag|p2a: Altaria|Altaria-Mega, M|347\/353
|-damage|p2a: Altaria|259\/353|[from] Spikes
|
|turn|108
|
|switch|p1a: Chansey|Chansey, F|473\/684
|-damage|p1a: Chansey|388\/684|[from] Stealth Rock
|move|p2a: Altaria|Hyper Voice|p1a: Chansey
|-damage|p1a: Chansey|262\/684
|
|turn|109
|
|switch|p2a: Gliscor|Gliscor, F|352\/352 tox
|move|p1a: Chansey|Soft-Boiled|p1a: Chansey
|-heal|p1a: Chansey|604\/684
|
|turn|110
|
|switch|p1a: Skarmory|Skarmory, F|246\/334
|-damage|p1a: Skarmory|205\/334|[from] Stealth Rock
|move|p2a: Gliscor|Swords Dance|p2a: Gliscor
|-boost|p2a: Gliscor|atk|2
|
|turn|111
|
|switch|p2a: Bronzong|Bronzong|249\/337
|move|p1a: Skarmory|Whirlwind|p2a: Bronzong
|drag|p2a: Gliscor|Gliscor, F|352\/352 tox
|
|turn|112
|
|switch|p2a: Bronzong|Bronzong|249\/337
|move|p1a: Skarmory|Whirlwind|p2a: Bronzong
|drag|p2a: Gliscor|Gliscor, F|352\/352 tox
|
|turn|113
|
|switch|p2a: Bronzong|Bronzong|249\/337
|move|p1a: Skarmory|Whirlwind|p2a: Bronzong
|drag|p2a: Altaria|Altaria-Mega, M|259\/353
|-damage|p2a: Altaria|171\/353|[from] Spikes
|
|turn|114
|
|switch|p1a: Chansey|Chansey, F|604\/684
|-damage|p1a: Chansey|519\/684|[from] Stealth Rock
|move|p2a: Altaria|Roost|p2a: Altaria
|-heal|p2a: Altaria|348\/353
|
|turn|115
|join|Storm Jesus
|
|move|p2a: Altaria|Toxic|p1a: Chansey
|-status|p1a: Chansey|tox
|move|p1a: Chansey|Seismic Toss|p2a: Altaria
|-damage|p2a: Altaria|248\/353
|
|-damage|p1a: Chansey|477\/684 tox|[from] psn
|turn|116
|
|switch|p2a: Gliscor|Gliscor, F|352\/352 tox
|switch|p1a: Venusaur|Venusaur-Mega, F|291\/364
|-damage|p1a: Venusaur|246\/364|[from] Stealth Rock
|
|turn|117
|
|move|p2a: Gliscor|Swords Dance|p2a: Gliscor
|-boost|p2a: Gliscor|atk|2
|move|p1a: Venusaur|Leech Seed|p2a: Gliscor
|-start|p2a: Gliscor|move: Leech Seed
|
|-damage|p2a: Gliscor|308\/352 tox|[from] Leech Seed|[of] p1a: Venusaur
|-heal|p1a: Venusaur|290\/364|[silent]
|-heal|p2a: Gliscor|352\/352 tox|[from] ability: Poison Heal
|turn|118
|join|praj.pran
|
|switch|p2a: Bronzong|Bronzong|249\/337
|move|p1a: Venusaur|Giga Drain|p2a: Bronzong
|-resisted|p2a: Bronzong
|-damage|p2a: Bronzong|214\/337
|-heal|p1a: Venusaur|308\/364|[from] drain|[of] p2a: Bronzong
|
|-heal|p2a: Bronzong|235\/337|[from] item: Leftovers
|turn|119
|leave|praj.pran
|
|move|p1a: Venusaur|Hidden Power|p2a: Bronzong
|-supereffective|p2a: Bronzong
|-damage|p2a: Bronzong|167\/337
|move|p2a: Bronzong|Earthquake|p1a: Venusaur
|-damage|p1a: Venusaur|267\/364
|
|-heal|p2a: Bronzong|188\/337|[from] item: Leftovers
|turn|120
|join|Sugar K Leonard
|
|switch|p2a: Gliscor|Gliscor, F|352\/352 tox
|move|p1a: Venusaur|Hidden Power|p2a: Gliscor
|-damage|p2a: Gliscor|299\/352 tox
|
|-heal|p2a: Gliscor|343\/352 tox|[from] ability: Poison Heal
|turn|121
|leave|QuagGod
|
|move|p2a: Gliscor|Earthquake|p1a: Venusaur
|-damage|p1a: Venusaur|200\/364
|move|p1a: Venusaur|Leech Seed|p2a: Gliscor
|-start|p2a: Gliscor|move: Leech Seed
|
|-damage|p2a: Gliscor|299\/352 tox|[from] Leech Seed|[of] p1a: Venusaur
|-heal|p1a: Venusaur|244\/364|[silent]
|-heal|p2a: Gliscor|343\/352 tox|[from] ability: Poison Heal
|turn|122
|
|switch|p2a: Bronzong|Bronzong|188\/337
|switch|p1a: Keldeo|Keldeo|101\/323
|-damage|p1a: Keldeo|81\/323|[from] Stealth Rock
|
|-heal|p2a: Bronzong|209\/337|[from] item: Leftovers
|turn|123
|join|packrat386
|leave|Scotti
|join|abcdefghitony
|
|move|p1a: Keldeo|Scald|p2a: Bronzong
|-damage|p2a: Bronzong|110\/337
|move|p2a: Bronzong|Toxic|p1a: Keldeo
|-status|p1a: Keldeo|tox
|
|-heal|p2a: Bronzong|131\/337|[from] item: Leftovers
|-damage|p1a: Keldeo|61\/323 tox|[from] psn
|turn|124
|
|switch|p2a: Altaria|Altaria-Mega, M|248\/353
|-damage|p2a: Altaria|160\/353|[from] Spikes
|move|p1a: Keldeo|Scald|p2a: Altaria
|-resisted|p2a: Altaria
|-damage|p2a: Altaria|91\/353
|
|-damage|p1a: Keldeo|21\/323 tox|[from] psn
|turn|125
|join|FrozenCold
|
|switch|p1a: Chansey|Chansey, F|477\/684
|-damage|p1a: Chansey|392\/684|[from] Stealth Rock
|move|p2a: Altaria|Roost|p2a: Altaria
|-heal|p2a: Altaria|268\/353
|
|turn|126
|c| FrozenCold|wtf
|c| FrozenCold|I go here
|c| FrozenCold|its like 100+ turns
|c| FrozenCold|-.-
|
|move|p2a: Altaria|Toxic|p1a: Chansey
|-status|p1a: Chansey|tox
|move|p1a: Chansey|Soft-Boiled|p1a: Chansey
|-heal|p1a: Chansey|684\/684 tox
|
|-damage|p1a: Chansey|642\/684 tox|[from] psn
|turn|127
|
|move|p2a: Altaria|Hyper Voice|p1a: Chansey
|-crit|p1a: Chansey
|-damage|p1a: Chansey|459\/684 tox
|move|p1a: Chansey|Aromatherapy|p1a: Chansey
|-cureteam|p1a: Chansey|[from] move: Aromatherapy
|
|turn|128
|join|Croven
|
|move|p2a: Altaria|Toxic|p1a: Chansey
|-status|p1a: Chansey|tox
|move|p1a: Chansey|Seismic Toss|p2a: Altaria
|-damage|p2a: Altaria|168\/353
|
|-damage|p1a: Chansey|417\/684 tox|[from] psn
|turn|129
|join|Jukain
|
|move|p2a: Altaria|Roost|p2a: Altaria
|-heal|p2a: Altaria|345\/353
|move|p1a: Chansey|Thunder Wave|p2a: Altaria
|-status|p2a: Altaria|par
|
|-damage|p1a: Chansey|333\/684 tox|[from] psn
|turn|130
|
|switch|p2a: Gliscor|Gliscor, F|343\/352 tox
|move|p1a: Chansey|Aromatherapy|p1a: Chansey
|-cureteam|p1a: Chansey|[from] move: Aromatherapy
|
|-heal|p2a: Gliscor|352\/352 tox|[from] ability: Poison Heal
|turn|131
|
|switch|p1a: Skarmory|Skarmory, F|205\/334
|-damage|p1a: Skarmory|164\/334|[from] Stealth Rock
|move|p2a: Gliscor|Swords Dance|p2a: Gliscor
|-boost|p2a: Gliscor|atk|2
|
|turn|132
|
|move|p2a: Gliscor|Swords Dance|p2a: Gliscor
|-boost|p2a: Gliscor|atk|2
|move|p1a: Skarmory|Roost|p1a: Skarmory
|-heal|p1a: Skarmory|331\/334
|
|turn|133
|join|Fedayi
|
|move|p2a: Gliscor|Knock Off|p1a: Skarmory
|-damage|p1a: Skarmory|245\/334
|move|p1a: Skarmory|Whirlwind|p2a: Gliscor
|drag|p2a: Bronzong|Bronzong|131\/337
|
|-heal|p2a: Bronzong|152\/337|[from] item: Leftovers
|turn|134
|leave|Fedayi
|
|switch|p2a: Gliscor|Gliscor, F|352\/352 tox
|move|p1a: Skarmory|Whirlwind|p2a: Gliscor
|drag|p2a: Altaria|Altaria-Mega, M|345\/353 par
|-damage|p2a: Altaria|257\/353 par|[from] Spikes
|
|turn|135
|
|move|p1a: Skarmory|Brave Bird|p2a: Altaria
|-damage|p2a: Altaria|173\/353 par
|-damage|p1a: Skarmory|217\/334|[from] recoil|[of] p2a: Altaria
|cant|p2a: Altaria|par
|
|turn|136
|
|move|p1a: Skarmory|Brave Bird|p2a: Altaria
|-damage|p2a: Altaria|88\/353 par
|-damage|p1a: Skarmory|189\/334|[from] recoil|[of] p2a: Altaria
|move|p2a: Altaria|Roost|p2a: Altaria
|-heal|p2a: Altaria|265\/353 par
|
|turn|137
|leave|FrozenCold
|
|move|p2a: Altaria|Heal Bell|p2a: Altaria
|-cureteam|p2a: Altaria|[from] move: HealBell
|move|p1a: Skarmory|Whirlwind|p2a: Altaria
|drag|p2a: Bronzong|Bronzong|152\/337
|
|-heal|p2a: Bronzong|173\/337|[from] item: Leftovers
|turn|138
|
|switch|p1a: Venusaur|Venusaur-Mega, F|244\/364
|-damage|p1a: Venusaur|199\/364|[from] Stealth Rock
|switch|p2a: Gliscor|Gliscor, F|352\/352
|
|-status|p2a: Gliscor|tox|[from] item: Toxic Orb
|turn|139
|join|All Together Now
|c| Zenzo|good luck in the tour bloody
|join|Professional 01
|
|move|p2a: Gliscor|Swords Dance|p2a: Gliscor
|-boost|p2a: Gliscor|atk|2
|move|p1a: Venusaur|Leech Seed|p2a: Gliscor
|-start|p2a: Gliscor|move: Leech Seed
|
|-damage|p2a: Gliscor|308\/352 tox|[from] Leech Seed|[of] p1a: Venusaur
|-heal|p1a: Venusaur|243\/364|[silent]
|-heal|p2a: Gliscor|352\/352 tox|[from] ability: Poison Heal
|turn|140
|
|move|p2a: Gliscor|Earthquake|p1a: Venusaur
|-damage|p1a: Venusaur|90\/364
|move|p1a: Venusaur|Hidden Power|p2a: Gliscor
|-damage|p2a: Gliscor|294\/352 tox
|
|-damage|p2a: Gliscor|250\/352 tox|[from] Leech Seed|[of] p1a: Venusaur
|-heal|p1a: Venusaur|134\/364|[silent]
|-heal|p2a: Gliscor|294\/352 tox|[from] ability: Poison Heal
|turn|141
|
|switch|p1a: Skarmory|Skarmory, F|189\/334
|-damage|p1a: Skarmory|148\/334|[from] Stealth Rock
|move|p2a: Gliscor|Earthquake|p1a: Skarmory
|-immune|p1a: Skarmory|[msg]
|
|-damage|p2a: Gliscor|250\/352 tox|[from] Leech Seed|[of] p1a: Skarmory
|-heal|p1a: Skarmory|192\/334|[silent]
|-heal|p2a: Gliscor|294\/352 tox|[from] ability: Poison Heal
|turn|142
|
|switch|p2a: Bronzong|Bronzong|173\/337
|move|p1a: Skarmory|Brave Bird|p2a: Bronzong
|-resisted|p2a: Bronzong
|-damage|p2a: Bronzong|124\/337
|-damage|p1a: Skarmory|176\/334|[from] recoil|[of] p2a: Bronzong
|
|-heal|p2a: Bronzong|145\/337|[from] item: Leftovers
|turn|143
|
|switch|p2a: Gliscor|Gliscor, F|294\/352 tox
|move|p1a: Skarmory|Brave Bird|p2a: Gliscor
|-damage|p2a: Gliscor|195\/352 tox
|-damage|p1a: Skarmory|143\/334|[from] recoil|[of] p2a: Gliscor
|
|-heal|p2a: Gliscor|239\/352 tox|[from] ability: Poison Heal
|turn|144
|
|move|p2a: Gliscor|Swords Dance|p2a: Gliscor
|-boost|p2a: Gliscor|atk|2
|move|p1a: Skarmory|Roost|p1a: Skarmory
|-heal|p1a: Skarmory|310\/334
|
|-heal|p2a: Gliscor|283\/352 tox|[from] ability: Poison Heal
|turn|145
|
|move|p2a: Gliscor|Knock Off|p1a: Skarmory
|-damage|p1a: Skarmory|242\/334
|move|p1a: Skarmory|Spikes|p2a: Gliscor
|-fail|p2a: Gliscor
|
|-heal|p2a: Gliscor|327\/352 tox|[from] ability: Poison Heal
|turn|146
|
|switch|p2a: Bronzong|Bronzong|145\/337
|move|p1a: Skarmory|Spikes|p2a: Bronzong
|-fail|p2a: Bronzong
|
|-heal|p2a: Bronzong|166\/337|[from] item: Leftovers
|turn|147
|
|switch|p2a: Gliscor|Gliscor, F|327\/352 tox
|move|p1a: Skarmory|Whirlwind|p2a: Gliscor
|drag|p2a: Bronzong|Bronzong|166\/337
|
|-heal|p2a: Bronzong|187\/337|[from] item: Leftovers
|turn|148
|
|switch|p1a: Venusaur|Venusaur-Mega, F|134\/364
|-damage|p1a: Venusaur|89\/364|[from] Stealth Rock
|switch|p2a: Gliscor|Gliscor, F|327\/352 tox
|
|-heal|p2a: Gliscor|352\/352 tox|[from] ability: Poison Heal
|turn|149
|
|move|p2a: Gliscor|Earthquake|p1a: Venusaur
|-damage|p1a: Venusaur|11\/364
|move|p1a: Venusaur|Synthesis|p1a: Venusaur
|-heal|p1a: Venusaur|193\/364
|
|turn|150
|
|switch|p2a: Bronzong|Bronzong|187\/337
|move|p1a: Venusaur|Giga Drain|p2a: Bronzong
|-resisted|p2a: Bronzong
|-damage|p2a: Bronzong|151\/337
|-heal|p1a: Venusaur|211\/364|[from] drain|[of] p2a: Bronzong
|
|-heal|p2a: Bronzong|172\/337|[from] item: Leftovers
|turn|151
|
|switch|p2a: Gliscor|Gliscor, F|352\/352 tox
|move|p1a: Venusaur|Hidden Power|p2a: Gliscor
|-damage|p2a: Gliscor|293\/352 tox
|
|-heal|p2a: Gliscor|337\/352 tox|[from] ability: Poison Heal
|turn|152
|
|switch|p1a: Skarmory|Skarmory, F|242\/334
|-damage|p1a: Skarmory|201\/334|[from] Stealth Rock
|move|p2a: Gliscor|Swords Dance|p2a: Gliscor
|-boost|p2a: Gliscor|atk|2
|
|-heal|p2a: Gliscor|352\/352 tox|[from] ability: Poison Heal
|turn|153
|
|switch|p2a: Bronzong|Bronzong|172\/337
|move|p1a: Skarmory|Spikes|p2a: Bronzong
|-fail|p2a: Bronzong
|
|-heal|p2a: Bronzong|193\/337|[from] item: Leftovers
|turn|154
|
|switch|p1a: Chansey|Chansey, F|333\/684
|-damage|p1a: Chansey|248\/684|[from] Stealth Rock
|switch|p2a: Gliscor|Gliscor, F|352\/352 tox
|
|turn|155
|c| Ox the Box|this is still going on
|leave|Ox the Box
|
|move|p2a: Gliscor|Swords Dance|p2a: Gliscor
|-boost|p2a: Gliscor|atk|2
|move|p1a: Chansey|Soft-Boiled|p1a: Chansey
|-heal|p1a: Chansey|590\/684
|
|turn|156
|
|switch|p1a: Skarmory|Skarmory, F|201\/334
|-damage|p1a: Skarmory|160\/334|[from] Stealth Rock
|move|p2a: Gliscor|Knock Off|p1a: Skarmory
|-damage|p1a: Skarmory|93\/334
|
|turn|157
|
|move|p2a: Gliscor|Knock Off|p1a: Skarmory
|-damage|p1a: Skarmory|28\/334
|move|p1a: Skarmory|Roost|p1a: Skarmory
|-heal|p1a: Skarmory|195\/334
|
|turn|158
|
|switch|p2a: Bronzong|Bronzong|193\/337
|move|p1a: Skarmory|Spikes|p2a: Bronzong
|-fail|p2a: Bronzong
|
|-heal|p2a: Bronzong|214\/337|[from] item: Leftovers
|turn|159
|
|move|p2a: Bronzong|Stealth Rock|p1a: Skarmory
|-fail|p1a: Skarmory
|move|p1a: Skarmory|Whirlwind|p2a: Bronzong
|drag|p2a: Gliscor|Gliscor, F|352\/352 tox
|
|turn|160
|
|switch|p2a: Altaria|Altaria-Mega, M|265\/353
|-damage|p2a: Altaria|177\/353|[from] Spikes
|move|p1a: Skarmory|Whirlwind|p2a: Altaria
|drag|p2a: Bronzong|Bronzong|214\/337
|
|-heal|p2a: Bronzong|235\/337|[from] item: Leftovers
|turn|161
|
|switch|p1a: Venusaur|Venusaur-Mega, F|211\/364
|-damage|p1a: Venusaur|166\/364|[from] Stealth Rock
|switch|p2a: Altaria|Altaria-Mega, M|177\/353
|-damage|p2a: Altaria|89\/353|[from] Spikes
|
|turn|162
|leave|Zenzo
|join|Zenzo
|
|move|p2a: Altaria|Hyper Voice|p1a: Venusaur
|-resisted|p1a: Venusaur
|-damage|p1a: Venusaur|102\/364
|move|p1a: Venusaur|Leech Seed|p2a: Altaria
|-start|p2a: Altaria|move: Leech Seed
|
|-damage|p2a: Altaria|45\/353|[from] Leech Seed|[of] p1a: Venusaur
|-heal|p1a: Venusaur|146\/364|[silent]
|turn|163
|
|switch|p1a: Keldeo|Keldeo|21\/323
|-damage|p1a: Keldeo|1\/323|[from] Stealth Rock
|move|p2a: Altaria|Hyper Voice|p1a: Keldeo
|-supereffective|p1a: Keldeo
|-damage|p1a: Keldeo|0 fnt
|faint|p1a: Keldeo
|
|
|switch|p1a: Chansey|Chansey, F|590\/684
|-damage|p1a: Chansey|505\/684|[from] Stealth Rock
|turn|164
|
|move|p2a: Altaria|Roost|p2a: Altaria
|-heal|p2a: Altaria|222\/353
|move|p1a: Chansey|Seismic Toss|p2a: Altaria
|-damage|p2a: Altaria|122\/353
|
|-damage|p2a: Altaria|78\/353|[from] Leech Seed|[of] p1a: Chansey
|-heal|p1a: Chansey|549\/684|[silent]
|turn|165
|join|Ox the Box
|
|move|p2a: Altaria|Roost|p2a: Altaria
|-heal|p2a: Altaria|255\/353
|move|p1a: Chansey|Seismic Toss|p2a: Altaria
|-damage|p2a: Altaria|155\/353
|
|-damage|p2a: Altaria|111\/353|[from] Leech Seed|[of] p1a: Chansey
|-heal|p1a: Chansey|593\/684|[silent]
|turn|166
|c| MyLittleDick|tf
|
|switch|p2a: Bronzong|Bronzong|235\/337
|move|p1a: Chansey|Seismic Toss|p2a: Bronzong
|-damage|p2a: Bronzong|135\/337
|
|-heal|p2a: Bronzong|156\/337|[from] item: Leftovers
|turn|167
|
|switch|p2a: Altaria|Altaria-Mega, M|111\/353
|-damage|p2a: Altaria|23\/353|[from] Spikes
|move|p1a: Chansey|Seismic Toss|p2a: Altaria
|-damage|p2a: Altaria|0 fnt
|faint|p2a: Altaria
|
|
|switch|p2a: Bronzong|Bronzong|156\/337
|turn|168
|
|switch|p1a: Venusaur|Venusaur-Mega, F|146\/364
|-damage|p1a: Venusaur|101\/364|[from] Stealth Rock
|switch|p2a: Gliscor|Gliscor, F|352\/352 tox
|
|turn|169
|join|SeventyFive
|
|move|p2a: Gliscor|Swords Dance|p2a: Gliscor
|-boost|p2a: Gliscor|atk|2
|move|p1a: Venusaur|Synthesis|p1a: Venusaur
|-heal|p1a: Venusaur|283\/364
|
|turn|170
|
|switch|p1a: Skarmory|Skarmory, F|195\/334
|-damage|p1a: Skarmory|154\/334|[from] Stealth Rock
|move|p2a: Gliscor|Earthquake|p1a: Skarmory
|-immune|p1a: Skarmory|[msg]
|
|turn|171
|
|switch|p2a: Bronzong|Bronzong|156\/337
|move|p1a: Skarmory|Roost|p1a: Skarmory
|-heal|p1a: Skarmory|321\/334
|
|-heal|p2a: Bronzong|177\/337|[from] item: Leftovers
|turn|172
|
|switch|p2a: Gliscor|Gliscor, F|352\/352 tox
|move|p1a: Skarmory|Brave Bird|p2a: Gliscor
|-damage|p2a: Gliscor|250\/352 tox
|-damage|p1a: Skarmory|287\/334|[from] recoil|[of] p2a: Gliscor
|
|-heal|p2a: Gliscor|294\/352 tox|[from] ability: Poison Heal
|turn|173
|
|switch|p2a: Bronzong|Bronzong|177\/337
|move|p1a: Skarmory|Whirlwind|p2a: Bronzong
|drag|p2a: Gliscor|Gliscor, F|294\/352 tox
|
|-heal|p2a: Gliscor|338\/352 tox|[from] ability: Poison Heal
|turn|174
|leave|dankbois
|
|switch|p2a: Bronzong|Bronzong|177\/337
|switch|p1a: Venusaur|Venusaur-Mega, F|283\/364
|-damage|p1a: Venusaur|238\/364|[from] Stealth Rock
|
|-heal|p2a: Bronzong|198\/337|[from] item: Leftovers
|turn|175
|
|move|p1a: Venusaur|Hidden Power|p2a: Bronzong
|-supereffective|p2a: Bronzong
|-damage|p2a: Bronzong|126\/337
|move|p2a: Bronzong|Earthquake|p1a: Venusaur
|-damage|p1a: Venusaur|189\/364
|
|-heal|p2a: Bronzong|147\/337|[from] item: Leftovers
|turn|176
|
|move|p1a: Venusaur|Giga Drain|p2a: Bronzong
|-resisted|p2a: Bronzong
|-damage|p2a: Bronzong|112\/337
|-heal|p1a: Venusaur|207\/364|[from] drain|[of] p2a: Bronzong
|move|p2a: Bronzong|Earthquake|p1a: Venusaur
|-damage|p1a: Venusaur|160\/364
|
|-heal|p2a: Bronzong|133\/337|[from] item: Leftovers
|turn|177
|
|move|p1a: Venusaur|Hidden Power|p2a: Bronzong
|-supereffective|p2a: Bronzong
|-damage|p2a: Bronzong|63\/337
|move|p2a: Bronzong|Earthquake|p1a: Venusaur
|-damage|p1a: Venusaur|116\/364
|
|-heal|p2a: Bronzong|84\/337|[from] item: Leftovers
|turn|178
|
|move|p1a: Venusaur|Hidden Power|p2a: Bronzong
|-supereffective|p2a: Bronzong
|-damage|p2a: Bronzong|10\/337
|move|p2a: Bronzong|Earthquake|p1a: Venusaur
|-damage|p1a: Venusaur|69\/364
|
|-heal|p2a: Bronzong|31\/337|[from] item: Leftovers
|turn|179
|
|move|p1a: Venusaur|Synthesis|p1a: Venusaur
|-heal|p1a: Venusaur|251\/364
|move|p2a: Bronzong|Earthquake|p1a: Venusaur
|-damage|p1a: Venusaur|208\/364
|
|-heal|p2a: Bronzong|52\/337|[from] item: Leftovers
|turn|180
|
|move|p1a: Venusaur|Hidden Power|p2a: Bronzong
|-supereffective|p2a: Bronzong
|-damage|p2a: Bronzong|0 fnt
|faint|p2a: Bronzong
|
|
|switch|p2a: Gliscor|Gliscor, F|338\/352 tox
|turn|181
|
|move|p2a: Gliscor|Swords Dance|p2a: Gliscor
|-boost|p2a: Gliscor|atk|2
|move|p1a: Venusaur|Leech Seed|p2a: Gliscor
|-start|p2a: Gliscor|move: Leech Seed
|
|-damage|p2a: Gliscor|294\/352 tox|[from] Leech Seed|[of] p1a: Venusaur
|-heal|p1a: Venusaur|252\/364|[silent]
|-heal|p2a: Gliscor|338\/352 tox|[from] ability: Poison Heal
|turn|182
|
|move|p2a: Gliscor|Earthquake|p1a: Venusaur
|-damage|p1a: Venusaur|99\/364
|move|p1a: Venusaur|Giga Drain|p2a: Gliscor
|-damage|p2a: Gliscor|242\/352 tox
|-heal|p1a: Venusaur|147\/364|[from] drain|[of] p2a: Gliscor
|
|-damage|p2a: Gliscor|198\/352 tox|[from] Leech Seed|[of] p1a: Venusaur
|-heal|p1a: Venusaur|191\/364|[silent]
|-heal|p2a: Gliscor|242\/352 tox|[from] ability: Poison Heal
|turn|183
|
|move|p2a: Gliscor|Earthquake|p1a: Venusaur
|-damage|p1a: Venusaur|49\/364
|move|p1a: Venusaur|Synthesis|p1a: Venusaur
|-heal|p1a: Venusaur|231\/364
|
|-damage|p2a: Gliscor|198\/352 tox|[from] Leech Seed|[of] p1a: Venusaur
|-heal|p1a: Venusaur|275\/364|[silent]
|-heal|p2a: Gliscor|242\/352 tox|[from] ability: Poison Heal
|turn|184
|
|move|p2a: Gliscor|Swords Dance|p2a: Gliscor
|-boost|p2a: Gliscor|atk|2
|move|p1a: Venusaur|Giga Drain|p2a: Gliscor
|-crit|p2a: Gliscor
|-damage|p2a: Gliscor|86\/352 tox
|-heal|p1a: Venusaur|353\/364|[from] drain|[of] p2a: Gliscor
|
|-damage|p2a: Gliscor|42\/352 tox|[from] Leech Seed|[of] p1a: Venusaur
|-heal|p1a: Venusaur|364\/364|[silent]
|-heal|p2a: Gliscor|86\/352 tox|[from] ability: Poison Heal
|turn|185
|
|move|p2a: Gliscor|Roost|p2a: Gliscor
|-heal|p2a: Gliscor|262\/352 tox
|move|p1a: Venusaur|Giga Drain|p2a: Gliscor
|-supereffective|p2a: Gliscor
|-damage|p2a: Gliscor|64\/352 tox
|
|-damage|p2a: Gliscor|20\/352 tox|[from] Leech Seed|[of] p1a: Venusaur
|-heal|p2a: Gliscor|64\/352 tox|[from] ability: Poison Heal
|turn|186
|c|âjpw234|gg
|-message|jpw234 forfeited.
|-message|jpw234 forfeited.
|c|âwish killer|gg
|leave|jpw234
|leave|packrat386
|
|win|wish killer
|raw|Ladder updating...
|leave|Moony
|raw|wish killer's rating: 1797 &rarr; <strong>1803<\/strong><br \/>(+6 for winning)
|raw|jpw234's rating: 1507 &rarr; <strong>1500<\/strong><br \/>(-7 for losing)
|leave|SansNickel
|player|p2