|join|wish killer
|join|Gyarados-Mega
|join|CleanerThanRotom-W
|player|p1|wish killer|68
|player|p2|Gyarados-Mega|151
|gametype|singles
|gen|6
|tier|OU
|rated
|clearpoke
|poke|p1|Bisharp, M
|poke|p1|Venusaur, M
|poke|p1|Heatran, M
|poke|p1|Keldeo
|poke|p1|Chansey, F
|poke|p1|Skarmory, F
|poke|p2|Gengar, M
|poke|p2|Meloetta
|poke|p2|Conkeldurr, M
|poke|p2|Gyarados, M
|poke|p2|Ferrothorn, M
|poke|p2|Landorus, M
|rule|Swagger Clause: Swagger is banned
|rule|Baton Pass Clause: Limit one PokÃ©mon knowing Baton Pass
|rule|Sleep Clause Mod: Limit one foe put to sleep
|rule|Species Clause: Limit one of each PokÃ©mon
|rule|OHKO Clause: OHKO moves are banned
|rule|Moody Clause: Moody is banned
|rule|Evasion Moves Clause: Evasion moves are banned
|rule|Endless Battle Clause: Forcing endless battles is banned
|rule|HP Percentage Mod: HP is shown in percentages
|teampreview
|join|ryzed
|join|belgrade
|join|Lil Barry
|
|start
|switch|p1a: Jake the ripper|Keldeo|323\/323
|switch|p2a: Heihachi|Conkeldurr, M|383\/383
|turn|1
|join|Sederts
|join|Everylone
|
|switch|p1a: Aka Zenzoh|Skarmory, F|334\/334
|move|p2a: Heihachi|Drain Punch|p1a: Aka Zenzoh
|-damage|p1a: Aka Zenzoh|255\/334
|-damage|p2a: Heihachi|320\/383|[from] item: Rocky Helmet|[of] p1a: Aka Zenzoh
|
|turn|2
|
|switch|p2a: Phantom|Gengar, M|262\/262
|move|p1a: Aka Zenzoh|Spikes|p2a: Phantom
|-sidestart|p2: Gyarados-Mega|Spikes
|
|turn|3
|leave|Everylone
|join|Everylone
|
|move|p2a: Phantom|Focus Blast|p1a: Aka Zenzoh
|-damage|p1a: Aka Zenzoh|55\/334
|-damage|p2a: Phantom|236\/262|[from] item: Life Orb
|move|p1a: Aka Zenzoh|Brave Bird|p2a: Phantom
|-damage|p2a: Phantom|49\/262
|-damage|p1a: Aka Zenzoh|0 fnt|[from] recoil|[of] p2a: Phantom
|faint|p1a: Aka Zenzoh
|
|
|switch|p1a: Jake the ripper|Keldeo|323\/323
|turn|4
|
|move|p2a: Phantom|Sludge Wave|p1a: Jake the ripper
|-damage|p1a: Jake the ripper|66\/323
|-damage|p2a: Phantom|23\/262|[from] item: Life Orb
|move|p1a: Jake the ripper|Scald|p2a: Phantom
|-damage|p2a: Phantom|0 fnt
|faint|p2a: Phantom
|
|-heal|p1a: Jake the ripper|86\/323|[from] item: Leftovers
|join|i came from leddit
|c| i came from leddit|LOL
|
|switch|p2a: Tytannial|Ferrothorn, M|352\/352
|-damage|p2a: Tytannial|308\/352|[from] Spikes
|turn|5
|c| i came from leddit|nice alt name
|
|move|p1a: Jake the ripper|Substitute|p1a: Jake the ripper
|-start|p1a: Jake the ripper|Substitute
|-damage|p1a: Jake the ripper|6\/323
|move|p2a: Tytannial|Stealth Rock|p1a: Jake the ripper
|-sidestart|p1: wish killer|move: Stealth Rock
|
|-heal|p1a: Jake the ripper|26\/323|[from] item: Leftovers
|turn|6
|
|move|p1a: Jake the ripper|Calm Mind|p1a: Jake the ripper
|-boost|p1a: Jake the ripper|spa|1
|-boost|p1a: Jake the ripper|spd|1
|move|p2a: Tytannial|Gyro Ball|p1a: Jake the ripper
|-resisted|p1a: Jake the ripper
|-end|p1a: Jake the ripper|Substitute
|
|-heal|p1a: Jake the ripper|46\/323|[from] item: Leftovers
|turn|7
|c| CleanerThanRotom-W|nice1 calm stone
|c|âGyarados-Mega|:]
|
|move|p1a: Jake the ripper|Secret Sword|p2a: Tytannial
|-supereffective|p2a: Tytannial
|-damage|p2a: Tytannial|36\/352
|move|p2a: Tytannial|Spikes|p1a: Jake the ripper
|-sidestart|p1: wish killer|Spikes
|
|-heal|p1a: Jake the ripper|66\/323|[from] item: Leftovers
|turn|8
|
|move|p1a: Jake the ripper|Scald|p2a: Tytannial
|-resisted|p2a: Tytannial
|-damage|p2a: Tytannial|0 fnt
|faint|p2a: Tytannial
|
|-heal|p1a: Jake the ripper|86\/323|[from] item: Leftovers
|
|switch|p2a: Predator|Gyarados, M|331\/331
|-ability|p2a: Predator|Intimidate|[of] p1a: Jake the ripper
|-unboost|p1a: Jake the ripper|atk|1
|turn|9
|
|switch|p1a: AKA Trice|Venusaur, M|364\/364
|-damage|p1a: AKA Trice|319\/364|[from] Stealth Rock
|-damage|p1a: AKA Trice|274\/364|[from] Spikes
|move|p2a: Predator|Dragon Dance|p2a: Predator
|-boost|p2a: Predator|atk|1
|-boost|p2a: Predator|spe|1
|
|turn|10
|
|detailschange|p1a: AKA Trice|Venusaur-Mega, M
|-mega|p1a: AKA Trice|Venusaur|Venusaurite
|move|p2a: Predator|Substitute|p2a: Predator
|-start|p2a: Predator|Substitute
|-damage|p2a: Predator|249\/331
|move|p1a: AKA Trice|Giga Drain|p2a: Predator
|-end|p2a: Predator|Substitute
|-heal|p1a: AKA Trice|315\/364|[from] drain|[of] p2a: Predator
|
|turn|11
|
|switch|p2a: Enten|Landorus, M|319\/319
|move|p1a: AKA Trice|Giga Drain|p2a: Enten
|-damage|p2a: Enten|178\/319
|-heal|p1a: AKA Trice|364\/364|[from] drain|[of] p2a: Enten
|
|turn|12
|
|switch|p1a: RS Cleaner|Chansey, F|684\/684
|-damage|p1a: RS Cleaner|599\/684|[from] Spikes
|-damage|p1a: RS Cleaner|514\/684|[from] Stealth Rock
|move|p2a: Enten|Earth Power|p1a: RS Cleaner
|-damage|p1a: RS Cleaner|378\/684
|
|turn|13
|
|move|p2a: Enten|Focus Blast|p1a: RS Cleaner
|-supereffective|p1a: RS Cleaner
|-damage|p1a: RS Cleaner|110\/684
|move|p1a: RS Cleaner|Seismic Toss|p2a: Enten
|-damage|p2a: Enten|78\/319
|
|turn|14
|
|move|p2a: Enten|Earth Power|p1a: RS Cleaner
|-damage|p1a: RS Cleaner|0 fnt
|faint|p1a: RS Cleaner
|
|
|switch|p1a: Jake the ripper|Keldeo|86\/323
|-damage|p1a: Jake the ripper|46\/323|[from] Spikes
|-damage|p1a: Jake the ripper|26\/323|[from] Stealth Rock
|turn|15
|
|switch|p2a: Heihachi|Conkeldurr, M|320\/383
|-damage|p2a: Heihachi|273\/383|[from] Spikes
|move|p1a: Jake the ripper|Scald|p2a: Heihachi
|-damage|p2a: Heihachi|183\/383
|
|-heal|p1a: Jake the ripper|46\/323|[from] item: Leftovers
|turn|16
|
|switch|p1a: AKA Trice|Venusaur-Mega, M|364\/364
|-damage|p1a: AKA Trice|319\/364|[from] Stealth Rock
|-damage|p1a: AKA Trice|274\/364|[from] Spikes
|move|p2a: Heihachi|Mach Punch|p1a: AKA Trice
|-resisted|p1a: AKA Trice
|-damage|p1a: AKA Trice|252\/364
|
|turn|17
|
|switch|p2a: Predator|Gyarados, M|249\/331
|-ability|p2a: Predator|Intimidate|[of] p1a: AKA Trice
|-unboost|p1a: AKA Trice|atk|1
|move|p1a: AKA Trice|Giga Drain|p2a: Predator
|-crit|p2a: Predator
|-damage|p2a: Predator|120\/331
|-heal|p1a: AKA Trice|317\/364|[from] drain|[of] p2a: Predator
|
|turn|18
|
|move|p2a: Predator|Dragon Dance|p2a: Predator
|-boost|p2a: Predator|atk|1
|-boost|p2a: Predator|spe|1
|move|p1a: AKA Trice|Giga Drain|p2a: Predator
|-damage|p2a: Predator|30\/331
|-heal|p1a: AKA Trice|362\/364|[from] drain|[of] p2a: Predator
|
|turn|19
|
|detailschange|p2a: Predator|Gyarados-Mega, M
|-mega|p2a: Predator|Gyarados|Gyaradosite
|-ability|p2a: Predator|Mold Breaker
|move|p2a: Predator|Earthquake|p1a: AKA Trice
|-damage|p1a: AKA Trice|237\/364
|move|p1a: AKA Trice|Giga Drain|p2a: Predator
|-supereffective|p2a: Predator
|-damage|p2a: Predator|0 fnt
|-heal|p1a: AKA Trice|252\/364|[from] drain|[of] p2a: Predator
|faint|p2a: Predator
|
|
|switch|p2a: Enten|Landorus, M|78\/319
|turn|20
|
|switch|p1a: Jake the ripper|Keldeo|46\/323
|-damage|p1a: Jake the ripper|26\/323|[from] Stealth Rock
|-damage|p1a: Jake the ripper|0 fnt|[from] Spikes
|faint|p1a: Jake the ripper
|move|p2a: Enten|Earth Power|p1: Jake the ripper|[notarget]
|-notarget
|
|
|switch|p1a: AKA Leddit|Bisharp, M|334\/334
|-damage|p1a: AKA Leddit|314\/334|[from] Stealth Rock
|-damage|p1a: AKA Leddit|273\/334|[from] Spikes
|turn|21
|
|switch|p2a: Heihachi|Conkeldurr, M|183\/383
|-damage|p2a: Heihachi|136\/383|[from] Spikes
|move|p1a: AKA Leddit|Sucker Punch|p2a: Heihachi
|-fail|p2a: Heihachi
|
|-heal|p1a: AKA Leddit|293\/334|[from] item: Leftovers
|turn|22
|
|switch|p1a: AKA Trice|Venusaur-Mega, M|252\/364
|-damage|p1a: AKA Trice|207\/364|[from] Stealth Rock
|-damage|p1a: AKA Trice|162\/364|[from] Spikes
|move|p2a: Heihachi|Mach Punch|p1a: AKA Trice
|-resisted|p1a: AKA Trice
|-damage|p1a: AKA Trice|141\/364
|
|turn|23
|
|switch|p2a: Enten|Landorus, M|78\/319
|move|p1a: AKA Trice|Synthesis|p1a: AKA Trice
|-heal|p1a: AKA Trice|323\/364
|
|turn|24
|
|move|p2a: Enten|Psychic|p1a: AKA Trice
|-supereffective|p1a: AKA Trice
|-damage|p1a: AKA Trice|53\/364
|move|p1a: AKA Trice|Giga Drain|p2a: Enten
|-damage|p2a: Enten|0 fnt
|-heal|p1a: AKA Trice|92\/364|[from] drain|[of] p2a: Enten
|faint|p2a: Enten
|
|
|switch|p2a: Zelda|Meloetta|404\/404
|-damage|p2a: Zelda|354\/404|[from] Spikes
|turn|25
|
|switch|p1a: AKA Leddit|Bisharp, M|293\/334
|-damage|p1a: AKA Leddit|273\/334|[from] Stealth Rock
|-damage|p1a: AKA Leddit|232\/334|[from] Spikes
|move|p2a: Zelda|Substitute|p2a: Zelda
|-start|p2a: Zelda|Substitute
|-damage|p2a: Zelda|253\/404
|
|-heal|p2a: Zelda|278\/404|[from] item: Leftovers
|-heal|p1a: AKA Leddit|252\/334|[from] item: Leftovers
|turn|26
|
|move|p1a: AKA Leddit|Sucker Punch|p2a: Zelda
|-supereffective|p2a: Zelda
|-end|p2a: Zelda|Substitute
|move|p2a: Zelda|Hidden Power|p1a: AKA Leddit
|-supereffective|p1a: AKA Leddit
|-damage|p1a: AKA Leddit|100\/334
|
|-heal|p2a: Zelda|303\/404|[from] item: Leftovers
|-heal|p1a: AKA Leddit|120\/334|[from] item: Leftovers
|turn|27
|
|move|p1a: AKA Leddit|Sucker Punch|p2a: Zelda
|-supereffective|p2a: Zelda
|-damage|p2a: Zelda|57\/404
|move|p2a: Zelda|Hidden Power|p1a: AKA Leddit
|-supereffective|p1a: AKA Leddit
|-damage|p1a: AKA Leddit|0 fnt
|faint|p1a: AKA Leddit
|
|-heal|p2a: Zelda|82\/404|[from] item: Leftovers
|
|switch|p1a: Teleee is 18|Heatran, M|340\/340
|-damage|p1a: Teleee is 18|298\/340|[from] Stealth Rock
|-item|p1a: Teleee is 18|Air Balloon
|turn|28
|
|move|p1a: Teleee is 18|Fire Blast|p2a: Zelda
|-damage|p2a: Zelda|0 fnt
|faint|p2a: Zelda
|
|
|switch|p2a: Heihachi|Conkeldurr, M|136\/383
|-damage|p2a: Heihachi|89\/383|[from] Spikes
|turn|29
|
|move|p1a: Teleee is 18|Fire Blast|p2a: Heihachi
|-damage|p2a: Heihachi|0 fnt
|faint|p2a: Heihachi
|
|win|wish killer
|raw|Ladder updating...
|c|âGyarados-Mega|gg bloody
|c|âwish killer|gg
|join|jolird