|join|burgerfresser
|join|wish killer
|player|p1|burgerfresser|260
|player|p2|wish killer|68
|gametype|singles
|gen|6
|tier|OU
|rated
|clearpoke
|poke|p1|Celebi
|poke|p1|Gardevoir, F
|poke|p1|Mandibuzz, F
|poke|p1|Entei, shiny
|poke|p1|Landorus-Therian, M
|poke|p1|Keldeo-Resolute
|poke|p2|Bisharp, F
|poke|p2|Venusaur, F
|poke|p2|Heatran, M
|poke|p2|Keldeo
|poke|p2|Chansey, F
|poke|p2|Skarmory, F
|rule|Swagger Clause: Swagger is banned
|rule|Baton Pass Clause: Limit one PokÃ©mon knowing Baton Pass
|rule|Sleep Clause Mod: Limit one foe put to sleep
|rule|Species Clause: Limit one of each PokÃ©mon
|rule|OHKO Clause: OHKO moves are banned
|rule|Moody Clause: Moody is banned
|rule|Evasion Moves Clause: Evasion moves are banned
|rule|Endless Battle Clause: Forcing endless battles is banned
|rule|HP Percentage Mod: HP is shown in percentages
|teampreview
|join|AdvanceShip
|join|Anna Theke
|
|start
|switch|p1a: Gardwhore|Gardevoir, F|277\/277
|switch|p2a: CleanerThanRotom-W|Chansey, F|684\/684
|-ability|p1a: Gardwhore|Natural Cure|[from] ability: Trace|[of] p2a: CleanerThanRotom-W
|turn|1
|
|switch|p1a: Celebisexual|Celebi|404\/404
|move|p2a: CleanerThanRotom-W|Seismic Toss|p1a: Celebisexual
|-damage|p1a: Celebisexual|304\/404
|
|-heal|p1a: Celebisexual|329\/404|[from] item: Leftovers
|turn|2
|
|move|p1a: Celebisexual|Stealth Rock|p2a: CleanerThanRotom-W
|-sidestart|p2: wish killer|move: Stealth Rock
|move|p2a: CleanerThanRotom-W|Seismic Toss|p1a: Celebisexual
|-damage|p1a: Celebisexual|229\/404
|
|-heal|p1a: Celebisexual|254\/404|[from] item: Leftovers
|turn|3
|c| AdvanceShip|das ist doch genau das team von cleaner , dass du schonmal fertig gemacht hast?
|c|âburgerfresser|jop
|c|âburgerfresser|hab gegen denn aber auch vorhin verloren
|
|switch|p1a: Dildohead|Keldeo-Resolute|323\/323
|switch|p2a: uCan'tSeeMe|Heatran, M|340\/340
|-damage|p2a: uCan'tSeeMe|298\/340|[from] Stealth Rock
|-item|p2a: uCan'tSeeMe|Air Balloon
|
|turn|4
|
|switch|p2a: CleanerThanRotom-W|Chansey, F|684\/684
|-damage|p2a: CleanerThanRotom-W|599\/684|[from] Stealth Rock
|move|p1a: Dildohead|Scald|p2a: CleanerThanRotom-W
|-damage|p2a: CleanerThanRotom-W|478\/684
|
|turn|5
|join|CleanerThanRotom-W
|
|switch|p1a: Hentei|Entei, shiny|371\/371
|-ability|p1a: Hentei|Pressure
|move|p2a: CleanerThanRotom-W|Soft-Boiled|p2a: CleanerThanRotom-W
|-heal|p2a: CleanerThanRotom-W|684\/684
|
|turn|6
|
|move|p1a: Hentei|Stone Edge|p2a: CleanerThanRotom-W
|-crit|p2a: CleanerThanRotom-W
|-damage|p2a: CleanerThanRotom-W|334\/684
|move|p2a: CleanerThanRotom-W|Thunder Wave|p1a: Hentei
|-status|p1a: Hentei|par
|
|turn|7
|
|switch|p1a: Dildohead|Keldeo-Resolute|323\/323
|move|p2a: CleanerThanRotom-W|Soft-Boiled|p2a: CleanerThanRotom-W
|-heal|p2a: CleanerThanRotom-W|676\/684
|
|turn|8
|join|av kakuna
|
|switch|p2a: Call me Trice|Venusaur, F|364\/364
|-damage|p2a: Call me Trice|319\/364|[from] Stealth Rock
|move|p1a: Dildohead|Secret Sword|p2a: Call me Trice
|-resisted|p2a: Call me Trice
|-damage|p2a: Call me Trice|233\/364
|
|turn|9
|
|switch|p1a: Celebisexual|Celebi|254\/404
|detailschange|p2a: Call me Trice|Venusaur-Mega, F
|-mega|p2a: Call me Trice|Venusaur|Venusaurite
|move|p2a: Call me Trice|Synthesis|p2a: Call me Trice
|-heal|p2a: Call me Trice|364\/364
|
|-heal|p1a: Celebisexual|279\/404|[from] item: Leftovers
|turn|10
|
|switch|p1a: Dildohead|Keldeo-Resolute|323\/323
|move|p2a: Call me Trice|Giga Drain|p1a: Dildohead
|-supereffective|p1a: Dildohead
|-damage|p1a: Dildohead|113\/323
|
|turn|11
|c|âburgerfresser|plays
|
|switch|p1a: Hentei|Entei, shiny|371\/371 par
|-ability|p1a: Hentei|Pressure
|move|p2a: Call me Trice|Hidden Power|p1a: Hentei
|-resisted|p1a: Hentei
|-damage|p1a: Hentei|334\/371 par
|
|turn|12
|
|move|p2a: Call me Trice|Leech Seed|p1a: Hentei
|-start|p1a: Hentei|move: Leech Seed
|move|p1a: Hentei|Stone Edge|p2a: Call me Trice
|-damage|p2a: Call me Trice|257\/364
|
|-damage|p1a: Hentei|288\/371 par|[from] Leech Seed|[of] p2a: Call me Trice
|-heal|p2a: Call me Trice|303\/364|[silent]
|turn|13
|
|switch|p2a: uCan'tSeeMe|Heatran, M|298\/340
|-damage|p2a: uCan'tSeeMe|256\/340|[from] Stealth Rock
|-item|p2a: uCan'tSeeMe|Air Balloon
|switch|p1a: Gardwhore|Gardevoir, F|277\/277
|-ability|p1a: Gardwhore|Flash Fire|[from] ability: Trace|[of] p2a: uCan'tSeeMe
|
|turn|14
|
|detailschange|p1a: Gardwhore|Gardevoir-Mega, F
|-mega|p1a: Gardwhore|Gardevoir|Gardevoirite
|move|p1a: Gardwhore|Focus Blast|p2a: uCan'tSeeMe|[miss]
|-miss|p1a: Gardwhore|p2a: uCan'tSeeMe
|move|p2a: uCan'tSeeMe|Toxic|p1a: Gardwhore
|-status|p1a: Gardwhore|tox
|
|-damage|p1a: Gardwhore|260\/277 tox|[from] psn
|turn|15
|c|âburgerfresser|ofc
|
|switch|p2a: CleanerThanRotom-W|Chansey, F|676\/684
|-damage|p2a: CleanerThanRotom-W|591\/684|[from] Stealth Rock
|move|p1a: Gardwhore|Focus Blast|p2a: CleanerThanRotom-W
|-supereffective|p2a: CleanerThanRotom-W
|-damage|p2a: CleanerThanRotom-W|379\/684
|-unboost|p2a: CleanerThanRotom-W|spd|1
|
|-damage|p1a: Gardwhore|226\/277 tox|[from] psn
|turn|16
|join|rainydaymusic
|
|move|p1a: Gardwhore|Focus Blast|p2a: CleanerThanRotom-W
|-supereffective|p2a: CleanerThanRotom-W
|-damage|p2a: CleanerThanRotom-W|65\/684
|move|p2a: CleanerThanRotom-W|Soft-Boiled|p2a: CleanerThanRotom-W
|-heal|p2a: CleanerThanRotom-W|407\/684
|
|-damage|p1a: Gardwhore|175\/277 tox|[from] psn
|turn|17
|
|switch|p1a: Dildohead|Keldeo-Resolute|113\/323
|move|p2a: CleanerThanRotom-W|Seismic Toss|p1a: Dildohead
|-damage|p1a: Dildohead|13\/323
|
|turn|18
|
|switch|p2a: Call me Trice|Venusaur-Mega, F|303\/364
|-damage|p2a: Call me Trice|258\/364|[from] Stealth Rock
|move|p1a: Dildohead|Scald|p2a: Call me Trice
|-resisted|p2a: Call me Trice
|-damage|p2a: Call me Trice|167\/364
|-status|p2a: Call me Trice|brn
|
|-damage|p2a: Call me Trice|122\/364 brn|[from] brn
|turn|19
|
|switch|p1a: Tante Mandi|Mandibuzz, F|424\/424
|move|p2a: Call me Trice|Synthesis|p2a: Call me Trice
|-heal|p2a: Call me Trice|304\/364 brn
|
|-damage|p2a: Call me Trice|259\/364 brn|[from] brn
|turn|20
|join|Reylks
|
|switch|p2a: uCan'tSeeMe|Heatran, M|256\/340
|-damage|p2a: uCan'tSeeMe|214\/340|[from] Stealth Rock
|-item|p2a: uCan'tSeeMe|Air Balloon
|move|p1a: Tante Mandi|Taunt|p2a: uCan'tSeeMe
|-start|p2a: uCan'tSeeMe|move: Taunt
|
|turn|21
|c| Reylks|oh again !!
|
|move|p2a: uCan'tSeeMe|Fire Blast|p1a: Tante Mandi|[miss]
|-miss|p2a: uCan'tSeeMe|p1a: Tante Mandi
|move|p1a: Tante Mandi|Foul Play|p2a: uCan'tSeeMe
|-damage|p2a: uCan'tSeeMe|147\/340
|-enditem|p2a: uCan'tSeeMe|Air Balloon
|
|turn|22
|
|move|p2a: uCan'tSeeMe|Fire Blast|p1a: Tante Mandi
|-damage|p1a: Tante Mandi|271\/424
|move|p1a: Tante Mandi|Foul Play|p2a: uCan'tSeeMe
|-damage|p2a: uCan'tSeeMe|84\/340
|
|-heal|p1a: Tante Mandi|297\/424|[from] item: Leftovers
|turn|23
|
|switch|p1a: Hentei|Entei, shiny|288\/371 par
|-ability|p1a: Hentei|Pressure
|move|p2a: uCan'tSeeMe|Fire Blast|p1a: Hentei
|-resisted|p1a: Hentei
|-damage|p1a: Hentei|178\/371 par
|
|-end|p2a: uCan'tSeeMe|move: Taunt
|turn|24
|
|move|p2a: uCan'tSeeMe|Stealth Rock|p1a: Hentei
|-sidestart|p1: burgerfresser|move: Stealth Rock
|move|p1a: Hentei|Stone Edge|p2a: uCan'tSeeMe
|-damage|p2a: uCan'tSeeMe|0 fnt
|faint|p2a: uCan'tSeeMe
|
|
|switch|p2a: Lil MoB killer|Keldeo|323\/323
|-damage|p2a: Lil MoB killer|303\/323|[from] Stealth Rock
|turn|25
|
|switch|p1a: Landorus-Therian|Landorus-Therian, M|319\/319
|-damage|p1a: Landorus-Therian|280\/319|[from] Stealth Rock
|-ability|p1a: Landorus-Therian|Intimidate|[of] p2a: Lil MoB killer
|-unboost|p2a: Lil MoB killer|atk|1
|move|p2a: Lil MoB killer|Scald|p1a: Landorus-Therian
|-crit|p1a: Landorus-Therian
|-supereffective|p1a: Landorus-Therian
|-damage|p1a: Landorus-Therian|0 fnt
|faint|p1a: Landorus-Therian
|
|-heal|p2a: Lil MoB killer|323\/323|[from] item: Leftovers
|
|switch|p1a: Celebisexual|Celebi|279\/404
|-damage|p1a: Celebisexual|229\/404|[from] Stealth Rock
|turn|26
|
|switch|p2a: I came from leddit|Bisharp, F|334\/334
|-damage|p2a: I came from leddit|314\/334|[from] Stealth Rock
|move|p1a: Celebisexual|Recover|p1a: Celebisexual
|-heal|p1a: Celebisexual|404\/404
|
|-heal|p2a: I came from leddit|334\/334|[from] item: Leftovers
|turn|27
|
|move|p1a: Celebisexual|Healing Wish|p1a: Celebisexual
|faint|p1a: Celebisexual
|move|p2a: I came from leddit|Knock Off|p1: Celebisexual|[notarget]
|-notarget
|
|
|switch|p1a: Dildohead|Keldeo-Resolute|13\/323
|-heal|p1a: Dildohead|323\/323|[from] move: Healing Wish
|-damage|p1a: Dildohead|303\/323|[from] Stealth Rock
|turn|28
|
|switch|p2a: Zenzoh|Skarmory, F|334\/334
|-damage|p2a: Zenzoh|293\/334|[from] Stealth Rock
|move|p1a: Dildohead|Hydro Pump|p2a: Zenzoh|[miss]
|-miss|p1a: Dildohead|p2a: Zenzoh
|
|turn|29
|c| Reylks|oh oh :s
|
|move|p1a: Dildohead|Hydro Pump|p2a: Zenzoh
|-damage|p2a: Zenzoh|0 fnt
|faint|p2a: Zenzoh
|
|
|switch|p2a: Lil MoB killer|Keldeo|323\/323
|-damage|p2a: Lil MoB killer|303\/323|[from] Stealth Rock
|turn|30
|
|switch|p1a: Hentei|Entei, shiny|178\/371 par
|-damage|p1a: Hentei|86\/371 par|[from] Stealth Rock
|-ability|p1a: Hentei|Pressure
|move|p2a: Lil MoB killer|Calm Mind|p2a: Lil MoB killer
|-boost|p2a: Lil MoB killer|spa|1
|-boost|p2a: Lil MoB killer|spd|1
|
|-heal|p2a: Lil MoB killer|323\/323|[from] item: Leftovers
|turn|31
|
|switch|p2a: I came from leddit|Bisharp, F|334\/334
|-damage|p2a: I came from leddit|314\/334|[from] Stealth Rock
|cant|p1a: Hentei|par
|
|-heal|p2a: I came from leddit|334\/334|[from] item: Leftovers
|turn|32
|
|switch|p1a: Tante Mandi|Mandibuzz, F|297\/424
|-damage|p1a: Tante Mandi|191\/424|[from] Stealth Rock
|move|p2a: I came from leddit|Knock Off|p1a: Tante Mandi
|-resisted|p1a: Tante Mandi
|-damage|p1a: Tante Mandi|122\/424
|-enditem|p1a: Tante Mandi|Leftovers|[from] move: Knock Off|[of] p2a: I came from leddit
|
|turn|33
|
|switch|p2a: Lil MoB killer|Keldeo|323\/323
|-damage|p2a: Lil MoB killer|303\/323|[from] Stealth Rock
|move|p1a: Tante Mandi|Foul Play|p2a: Lil MoB killer
|-resisted|p2a: Lil MoB killer
|-damage|p2a: Lil MoB killer|265\/323
|-boost|p2a: Lil MoB killer|atk|1|[from] ability: Justified
|
|-heal|p2a: Lil MoB killer|285\/323|[from] item: Leftovers
|turn|34
|
|switch|p1a: Hentei|Entei, shiny|86\/371 par
|-damage|p1a: Hentei|0 fnt|[from] Stealth Rock
|faint|p1a: Hentei
|move|p2a: Lil MoB killer|Scald|p1: Hentei|[notarget]
|-notarget
|
|-heal|p2a: Lil MoB killer|305\/323|[from] item: Leftovers
|
|switch|p1a: Dildohead|Keldeo-Resolute|303\/323
|-damage|p1a: Dildohead|283\/323|[from] Stealth Rock
|turn|35
|
|move|p1a: Dildohead|Hydro Pump|p2a: Lil MoB killer
|-resisted|p2a: Lil MoB killer
|-damage|p2a: Lil MoB killer|157\/323
|move|p2a: Lil MoB killer|Secret Sword|p1a: Dildohead
|-damage|p1a: Dildohead|129\/323
|
|-heal|p2a: Lil MoB killer|177\/323|[from] item: Leftovers
|turn|36
|c|âburgerfresser|stays in
|c|âburgerfresser|the balls
|c| CleanerThanRotom-W|did u train keldeo urself wish killer
|c| Reylks|XD
|c|âwish killer|no
|c| CleanerThanRotom-W|who trained it
|c|âburgerfresser|crit plz
|
|move|p2a: Lil MoB killer|Secret Sword|p1a: Dildohead
|-crit|p1a: Dildohead
|-damage|p1a: Dildohead|0 fnt
|faint|p1a: Dildohead
|
|-heal|p2a: Lil MoB killer|197\/323|[from] item: Leftovers
|c|âwish killer|watch cats
|c|âburgerfresser|lol
|c|âburgerfresser|gg
|-message|burgerfresser forfeited.
|c|âwish killer|gg
|join|RayDalio
|leave|av kakuna
|
|win|wish killer
|raw|Ladder updating...
|raw|burgerfresser's rating: 1743 &rarr; <strong>1727<\/strong><br \/>(-16 for losing)
|raw|wish killer's rating: 1820 &rarr; <strong>1836<\/strong><br \/>(+16 for winning)
|leave|Reylks