|join|wish killer
|join|Frosty2
|player|p1|wish killer|68
|player|p2|Frosty2|265
|gametype|singles
|gen|6
|tier|OU
|rated
|clearpoke
|poke|p1|Bisharp, M
|poke|p1|Venusaur, M
|poke|p1|Heatran, M
|poke|p1|Keldeo
|poke|p1|Chansey, F
|poke|p1|Skarmory, M
|poke|p2|Tornadus-Therian, M
|poke|p2|Alomomola, M
|poke|p2|Chansey, F
|poke|p2|Skarmory, M
|poke|p2|Clefable, M
|poke|p2|Ampharos, M
|rule|Swagger Clause: Swagger is banned
|rule|Baton Pass Clause: Limit one PokÃ©mon knowing Baton Pass
|rule|Sleep Clause Mod: Limit one foe put to sleep
|rule|Species Clause: Limit one of each PokÃ©mon
|rule|OHKO Clause: OHKO moves are banned
|rule|Moody Clause: Moody is banned
|rule|Evasion Moves Clause: Evasion moves are banned
|rule|Endless Battle Clause: Forcing endless battles is banned
|rule|HP Percentage Mod: HP is shown in percentages
|teampreview
|
|start
|switch|p1a: Heatran|Heatran, M|340\/340
|switch|p2a: Ampharos|Ampharos, M|371\/371
|-item|p1a: Heatran|Air Balloon
|turn|1
|join|Zenzo
|
|detailschange|p2a: Ampharos|Ampharos-Mega, M
|-mega|p2a: Ampharos|Ampharos|Ampharosite
|-ability|p2a: Ampharos|Mold Breaker
|move|p1a: Heatran|Toxic|p2a: Ampharos
|-status|p2a: Ampharos|tox
|move|p2a: Ampharos|Volt Switch|p1a: Heatran
|-damage|p1a: Heatran|229\/340
|-enditem|p1a: Heatran|Air Balloon
|join|Jefo
|
|switch|p2a: Tornadus-Therian|Tornadus-Therian, M|332\/332
|
|turn|2
|
|move|p2a: Tornadus-Therian|Focus Blast|p1a: Heatran|[miss]
|-miss|p2a: Tornadus-Therian|p1a: Heatran
|move|p1a: Heatran|Stealth Rock|p2a: Tornadus-Therian
|-sidestart|p2: Frosty2|move: Stealth Rock
|
|turn|3
|
|switch|p1a: Chansey|Chansey, F|684\/684
|move|p2a: Tornadus-Therian|Focus Blast|p1a: Chansey
|-supereffective|p1a: Chansey
|-damage|p1a: Chansey|540\/684
|
|turn|4
|
|move|p2a: Tornadus-Therian|Knock Off|p1a: Chansey
|-damage|p1a: Chansey|452\/684
|-enditem|p1a: Chansey|Eviolite|[from] move: Knock Off|[of] p2a: Tornadus-Therian
|move|p1a: Chansey|Seismic Toss|p2a: Tornadus-Therian
|-damage|p2a: Tornadus-Therian|232\/332
|
|turn|5
|
|move|p2a: Tornadus-Therian|U-turn|p1a: Chansey
|-crit|p1a: Chansey
|-damage|p1a: Chansey|295\/684
|
|switch|p2a: Skarmory|Skarmory, M|334\/334
|-damage|p2a: Skarmory|293\/334|[from] Stealth Rock
|move|p1a: Chansey|Thunder Wave|p2a: Skarmory
|-status|p2a: Skarmory|par
|
|-heal|p2a: Skarmory|313\/334 par|[from] item: Leftovers
|turn|6
|
|move|p1a: Chansey|Soft-Boiled|p1a: Chansey
|-heal|p1a: Chansey|637\/684
|move|p2a: Skarmory|Stealth Rock|p1a: Chansey
|-sidestart|p1: wish killer|move: Stealth Rock
|
|-heal|p2a: Skarmory|333\/334 par|[from] item: Leftovers
|turn|7
|
|switch|p1a: Bisharp|Bisharp, M|334\/334
|-damage|p1a: Bisharp|314\/334|[from] Stealth Rock
|switch|p2a: Clefable|Clefable, M|394\/394
|
|-heal|p1a: Bisharp|334\/334|[from] item: Leftovers
|turn|8
|
|move|p1a: Bisharp|Swords Dance|p1a: Bisharp
|-boost|p1a: Bisharp|atk|2
|move|p2a: Clefable|Focus Blast|p1a: Bisharp
|-supereffective|p1a: Bisharp
|-damage|p1a: Bisharp|0 fnt
|faint|p1a: Bisharp
|
|
|switch|p1a: Heatran|Heatran, M|229\/340
|-damage|p1a: Heatran|187\/340|[from] Stealth Rock
|turn|9
|
|switch|p2a: Ampharos|Ampharos-Mega, M|371\/371 tox
|-damage|p2a: Ampharos|325\/371 tox|[from] Stealth Rock
|-ability|p2a: Ampharos|Mold Breaker
|move|p1a: Heatran|Fire Blast|p2a: Ampharos
|-resisted|p2a: Ampharos
|-damage|p2a: Ampharos|270\/371 tox
|
|-damage|p2a: Ampharos|247\/371 tox|[from] psn
|turn|10
|
|move|p1a: Heatran|Fire Blast|p2a: Ampharos
|-resisted|p2a: Ampharos
|-damage|p2a: Ampharos|193\/371 tox
|move|p2a: Ampharos|Volt Switch|p1a: Heatran
|-damage|p1a: Heatran|75\/340
|
|switch|p2a: Tornadus-Therian|Tornadus-Therian, M|332\/332
|-damage|p2a: Tornadus-Therian|249\/332|[from] Stealth Rock
|
|turn|11
|join|Africans
|
|switch|p1a: Chansey|Chansey, F|637\/684
|-damage|p1a: Chansey|552\/684|[from] Stealth Rock
|move|p2a: Tornadus-Therian|Focus Blast|p1a: Chansey
|-supereffective|p1a: Chansey
|-damage|p1a: Chansey|326\/684
|
|turn|12
|
|move|p2a: Tornadus-Therian|Hurricane|p1a: Chansey
|-crit|p1a: Chansey
|-damage|p1a: Chansey|124\/684
|move|p1a: Chansey|Soft-Boiled|p1a: Chansey
|-heal|p1a: Chansey|466\/684
|
|turn|13
|
|move|p2a: Tornadus-Therian|U-turn|p1a: Chansey
|-damage|p1a: Chansey|366\/684
|
|switch|p2a: Skarmory|Skarmory, M|333\/334 par
|-damage|p2a: Skarmory|292\/334 par|[from] Stealth Rock
|move|p1a: Chansey|Seismic Toss|p2a: Skarmory
|-damage|p2a: Skarmory|192\/334 par
|
|-heal|p2a: Skarmory|212\/334 par|[from] item: Leftovers
|turn|14
|
|move|p1a: Chansey|Seismic Toss|p2a: Skarmory
|-damage|p2a: Skarmory|112\/334 par
|move|p2a: Skarmory|Defog|p1a: Chansey
|-unboost|p1a: Chansey|evasion|1
|-sideend|p1: wish killer|Stealth Rock|[from] move: Defog|[of] p1a: Chansey
|-sideend|p2: Frosty2|Stealth Rock|[from] move: Defog|[of] p2a: Skarmory
|
|-heal|p2a: Skarmory|132\/334 par|[from] item: Leftovers
|turn|15
|
|switch|p2a: Tornadus-Therian|Tornadus-Therian, M|332\/332
|move|p1a: Chansey|Soft-Boiled|p1a: Chansey
|-heal|p1a: Chansey|684\/684
|
|turn|16
|
|move|p2a: Tornadus-Therian|U-turn|p1a: Chansey
|-damage|p1a: Chansey|578\/684
|
|switch|p2a: Clefable|Clefable, M|394\/394
|move|p1a: Chansey|Thunder Wave|p2a: Clefable
|-status|p2a: Clefable|par
|
|turn|17
|
|switch|p1a: Heatran|Heatran, M|75\/340
|cant|p2a: Clefable|par
|
|turn|18
|join|breeloom
|
|switch|p2a: Chansey|Chansey, F|684\/684
|move|p1a: Heatran|Stealth Rock|p2a: Chansey
|-sidestart|p2: Frosty2|move: Stealth Rock
|
|turn|19
|
|move|p1a: Heatran|Taunt|p2a: Chansey
|-start|p2a: Chansey|move: Taunt
|cant|p2a: Chansey|move: Taunt|Heal Bell
|
|turn|20
|leave|breeloom
|
|switch|p1a: Skarmory|Skarmory, M|334\/334
|move|p2a: Chansey|Seismic Toss|p1a: Skarmory
|-damage|p1a: Skarmory|234\/334
|-damage|p2a: Chansey|570\/684|[from] item: Rocky Helmet|[of] p1a: Skarmory
|
|turn|21
|
|switch|p2a: Clefable|Clefable, M|394\/394 par
|move|p1a: Skarmory|Whirlwind|p2a: Clefable
|drag|p2a: Ampharos|Ampharos-Mega, M|193\/371 tox
|-damage|p2a: Ampharos|147\/371 tox|[from] Stealth Rock
|-ability|p2a: Ampharos|Mold Breaker
|
|-damage|p2a: Ampharos|124\/371 tox|[from] psn
|turn|22
|
|switch|p1a: Chansey|Chansey, F|578\/684
|move|p2a: Ampharos|Volt Switch|p1a: Chansey
|-damage|p1a: Chansey|475\/684
|
|switch|p2a: Chansey|Chansey, F|570\/684
|-damage|p2a: Chansey|485\/684|[from] Stealth Rock
|
|turn|23
|
|switch|p1a: Keldeo|Keldeo|323\/323
|move|p2a: Chansey|Heal Bell|p2a: Chansey
|-cureteam|p2a: Chansey|[from] move: HealBell
|
|turn|24
|
|switch|p2a: Alomomola|Alomomola, M|534\/534
|-damage|p2a: Alomomola|468\/534|[from] Stealth Rock
|move|p1a: Keldeo|Calm Mind|p1a: Keldeo
|-boost|p1a: Keldeo|spa|1
|-boost|p1a: Keldeo|spd|1
|
|-heal|p2a: Alomomola|501\/534|[from] item: Leftovers
|turn|25
|
|move|p1a: Keldeo|Substitute|p1a: Keldeo
|-start|p1a: Keldeo|Substitute
|-damage|p1a: Keldeo|243\/323
|move|p2a: Alomomola|Mirror Coat|p1a: Keldeo
|-fail|p1a: Keldeo
|
|-heal|p1a: Keldeo|263\/323|[from] item: Leftovers
|-heal|p2a: Alomomola|534\/534|[from] item: Leftovers
|turn|26
|
|move|p1a: Keldeo|Calm Mind|p1a: Keldeo
|-boost|p1a: Keldeo|spa|1
|-boost|p1a: Keldeo|spd|1
|move|p2a: Alomomola|Wish|p2a: Alomomola
|
|-heal|p1a: Keldeo|283\/323|[from] item: Leftovers
|turn|27
|
|switch|p2a: Tornadus-Therian|Tornadus-Therian, M|332\/332
|-damage|p2a: Tornadus-Therian|249\/332|[from] Stealth Rock
|move|p1a: Keldeo|Calm Mind|p1a: Keldeo
|-boost|p1a: Keldeo|spa|1
|-boost|p1a: Keldeo|spd|1
|
|-heal|p2a: Tornadus-Therian|332\/332|[from] move: Wish|[wisher] Alomomola
|-heal|p1a: Keldeo|303\/323|[from] item: Leftovers
|turn|28
|
|move|p2a: Tornadus-Therian|Hurricane|p1a: Keldeo
|-supereffective|p1a: Keldeo
|-end|p1a: Keldeo|Substitute
|move|p1a: Keldeo|Scald|p2a: Tornadus-Therian
|-damage|p2a: Tornadus-Therian|82\/332
|
|-heal|p1a: Keldeo|323\/323|[from] item: Leftovers
|turn|29
|
|move|p2a: Tornadus-Therian|Hurricane|p1a: Keldeo
|-crit|p1a: Keldeo
|-supereffective|p1a: Keldeo
|-damage|p1a: Keldeo|0 fnt
|faint|p1a: Keldeo
|
|c| Jefo|lOL
|
|switch|p1a: Chansey|Chansey, F|475\/684
|turn|30
|c| Jefo|Skilled
|
|move|p2a: Tornadus-Therian|U-turn|p1a: Chansey
|-damage|p1a: Chansey|375\/684
|
|switch|p2a: Alomomola|Alomomola, M|534\/534
|-damage|p2a: Alomomola|468\/534|[from] Stealth Rock
|move|p1a: Chansey|Seismic Toss|p2a: Alomomola
|-damage|p2a: Alomomola|368\/534
|
|-heal|p2a: Alomomola|401\/534|[from] item: Leftovers
|turn|31
|
|move|p2a: Alomomola|Wish|p2a: Alomomola
|move|p1a: Chansey|Thunder Wave|p2a: Alomomola
|-status|p2a: Alomomola|par
|
|-heal|p2a: Alomomola|434\/534 par|[from] item: Leftovers
|turn|32
|
|switch|p2a: Chansey|Chansey, F|485\/684
|-damage|p2a: Chansey|400\/684|[from] Stealth Rock
|move|p1a: Chansey|Seismic Toss|p2a: Chansey
|-damage|p2a: Chansey|300\/684
|
|-heal|p2a: Chansey|567\/684|[from] move: Wish|[wisher] Alomomola
|turn|33
|
|switch|p1a: Skarmory|Skarmory, M|234\/334
|move|p2a: Chansey|Seismic Toss|p1a: Skarmory
|-damage|p1a: Skarmory|134\/334
|-damage|p2a: Chansey|453\/684|[from] item: Rocky Helmet|[of] p1a: Skarmory
|
|turn|34
|
|switch|p2a: Clefable|Clefable, M|394\/394
|move|p1a: Skarmory|Spikes|p2a: Clefable
|-sidestart|p2: Frosty2|Spikes
|
|turn|35
|
|switch|p1a: Chansey|Chansey, F|375\/684
|move|p2a: Clefable|Thunderbolt|p1a: Chansey
|-damage|p1a: Chansey|297\/684
|
|turn|36
|
|move|p2a: Clefable|Moonblast|p1a: Chansey
|-damage|p1a: Chansey|176\/684
|-unboost|p1a: Chansey|spa|1
|move|p1a: Chansey|Thunder Wave|p2a: Clefable
|-status|p2a: Clefable|par
|
|turn|37
|
|switch|p2a: Tornadus-Therian|Tornadus-Therian, M|192\/332
|-damage|p2a: Tornadus-Therian|109\/332|[from] Stealth Rock
|move|p1a: Chansey|Seismic Toss|p2a: Tornadus-Therian
|-damage|p2a: Tornadus-Therian|9\/332
|
|turn|38
|
|switch|p1a: Skarmory|Skarmory, M|134\/334
|move|p2a: Tornadus-Therian|U-turn|p1a: Skarmory
|-resisted|p1a: Skarmory
|-damage|p1a: Skarmory|127\/334
|-damage|p2a: Tornadus-Therian|0 fnt|[from] item: Rocky Helmet|[of] p1a: Skarmory
|faint|p2a: Tornadus-Therian
|
|
|switch|p2a: Alomomola|Alomomola, M|534\/534 par
|-damage|p2a: Alomomola|468\/534 par|[from] Spikes
|-damage|p2a: Alomomola|402\/534 par|[from] Stealth Rock
|turn|39
|
|move|p1a: Skarmory|Roost|p1a: Skarmory
|-heal|p1a: Skarmory|294\/334
|move|p2a: Alomomola|Wish|p2a: Alomomola
|
|-heal|p2a: Alomomola|435\/534 par|[from] item: Leftovers
|turn|40
|
|switch|p2a: Ampharos|Ampharos-Mega, M|124\/371
|-damage|p2a: Ampharos|78\/371|[from] Stealth Rock
|-damage|p2a: Ampharos|32\/371|[from] Spikes
|-ability|p2a: Ampharos|Mold Breaker
|move|p1a: Skarmory|Spikes|p2a: Ampharos
|-sidestart|p2: Frosty2|Spikes
|
|-heal|p2a: Ampharos|299\/371|[from] move: Wish|[wisher] Alomomola
|turn|41
|
|switch|p1a: Venusaur|Venusaur, M|364\/364
|move|p2a: Ampharos|Volt Switch|p1a: Venusaur
|-crit|p1a: Venusaur
|-resisted|p1a: Venusaur
|-damage|p1a: Venusaur|269\/364
|leave|Africans
|
|switch|p2a: Chansey|Chansey, F|453\/684
|-damage|p2a: Chansey|368\/684|[from] Stealth Rock
|-damage|p2a: Chansey|254\/684|[from] Spikes
|
|turn|42
|
|switch|p2a: Skarmory|Skarmory, M|132\/334
|-damage|p2a: Skarmory|91\/334|[from] Stealth Rock
|detailschange|p1a: Venusaur|Venusaur-Mega, M
|-mega|p1a: Venusaur|Venusaur|Venusaurite
|move|p1a: Venusaur|Leech Seed|p2a: Skarmory
|-start|p2a: Skarmory|move: Leech Seed
|
|-heal|p2a: Skarmory|111\/334|[from] item: Leftovers
|-damage|p2a: Skarmory|70\/334|[from] Leech Seed|[of] p1a: Venusaur
|-heal|p1a: Venusaur|310\/364|[silent]
|turn|43
|
|move|p1a: Venusaur|Hidden Power|p2a: Skarmory
|-supereffective|p2a: Skarmory
|-damage|p2a: Skarmory|0 fnt
|faint|p2a: Skarmory
|
|
|switch|p2a: Ampharos|Ampharos-Mega, M|299\/371
|-damage|p2a: Ampharos|253\/371|[from] Stealth Rock
|-damage|p2a: Ampharos|192\/371|[from] Spikes
|-ability|p2a: Ampharos|Mold Breaker
|turn|44
|-message|Frosty2 forfeited.
|leave|Frosty2
|
|win|wish killer
|raw|Ladder updating...
|player|p2
|raw|wish killer's rating: 1773 &rarr; <strong>1779<\/strong><br \/>(+6 for winning)
|raw|Frosty2's rating: 1488 &rarr; <strong>1481<\/strong><br \/>(-7 for losing)