|join|Paul Pokemaniac
|join|wish killer
|join|FrozenCold
|player|p1|Paul Pokemaniac|49
|player|p2|wish killer|68
|gametype|singles
|gen|6
|tier|OU
|clearpoke
|poke|p1|Landorus-Therian, M
|poke|p1|Terrakion
|poke|p1|Venusaur, F
|poke|p1|Bisharp, F
|poke|p1|Garchomp, M
|poke|p1|Latios, M
|poke|p2|Bisharp, M
|poke|p2|Venusaur, F
|poke|p2|Heatran, F
|poke|p2|Keldeo
|poke|p2|Chansey, F
|poke|p2|Skarmory, F
|rule|Swagger Clause: Swagger is banned
|rule|Baton Pass Clause: Limit one PokÃ©mon knowing Baton Pass
|rule|Sleep Clause Mod: Limit one foe put to sleep
|rule|Species Clause: Limit one of each PokÃ©mon
|rule|OHKO Clause: OHKO moves are banned
|rule|Moody Clause: Moody is banned
|rule|Evasion Moves Clause: Evasion moves are banned
|rule|Endless Battle Clause: Forcing endless battles is banned
|rule|HP Percentage Mod: HP is shown in percentages
|teampreview
|join|Croven
|join|Sharpteeth
|join|Invok3r
|join|etaoi
|join|sk8rgurl
|c|âPaul Pokemaniac|h gl
|c| FrozenCold|its specs bisharp
|join|gators1280
|join|Zenzo
|leave|Invok3r
|join|Bucking Fitch
|join|alt7777777
|
|start
|switch|p1a: Garchomp|Garchomp, M|357\/357
|switch|p2a: Venusaur|Venusaur, F|364\/364
|turn|1
|c| FrozenCold|with fury cutter
|
|switch|p1a: Venusaur|Venusaur, F|364\/364
|switch|p2a: Heatran|Heatran, F|340\/340
|-item|p2a: Heatran|Air Balloon
|
|turn|2
|leave|alt7777777
|join|abcdefghitony
|
|detailschange|p1a: Venusaur|Venusaur-Mega, F
|-mega|p1a: Venusaur|Venusaur|Venusaurite
|move|p2a: Heatran|Stealth Rock|p1a: Venusaur
|-sidestart|p1: Paul Pokemaniac|move: Stealth Rock
|move|p1a: Venusaur|Sleep Powder|p2a: Heatran|[miss]
|-miss|p1a: Venusaur|p2a: Heatran
|
|turn|3
|join|mistaken
|leave|Sharpteeth
|
|move|p2a: Heatran|Taunt|p1a: Venusaur
|-start|p1a: Venusaur|move: Taunt
|cant|p1a: Venusaur|move: Taunt|Sleep Powder
|
|turn|4
|
|switch|p1a: Landorus-Therian|Landorus-Therian, M|319\/319
|-damage|p1a: Landorus-Therian|280\/319|[from] Stealth Rock
|-ability|p1a: Landorus-Therian|Intimidate|[of] p2a: Heatran
|-unboost|p2a: Heatran|atk|1
|move|p2a: Heatran|Toxic|p1a: Landorus-Therian
|-status|p1a: Landorus-Therian|tox
|
|-damage|p1a: Landorus-Therian|261\/319 tox|[from] psn
|turn|5
|
|switch|p2a: Skarmory|Skarmory, F|334\/334
|move|p1a: Landorus-Therian|U-turn|p2a: Skarmory
|-resisted|p2a: Skarmory
|-damage|p2a: Skarmory|318\/334
|-damage|p1a: Landorus-Therian|208\/319 tox|[from] item: Rocky Helmet|[of] p2a: Skarmory
|leave|abcdefghitony
|
|switch|p1a: Garchomp|Garchomp, M|357\/357
|-damage|p1a: Garchomp|335\/357|[from] Stealth Rock
|
|turn|6
|
|move|p1a: Garchomp|Stealth Rock|p2a: Skarmory
|-sidestart|p2: wish killer|move: Stealth Rock
|move|p2a: Skarmory|Spikes|p1a: Garchomp
|-sidestart|p1: Paul Pokemaniac|Spikes
|
|turn|7
|join|Africans
|
|move|p1a: Garchomp|Fire Blast|p2a: Skarmory|[miss]
|-miss|p1a: Garchomp|p2a: Skarmory
|move|p2a: Skarmory|Whirlwind|p1a: Garchomp
|drag|p1a: Terrakion|Terrakion|323\/323
|-damage|p1a: Terrakion|303\/323|[from] Stealth Rock
|-damage|p1a: Terrakion|263\/323|[from] Spikes
|
|turn|8
|
|move|p1a: Terrakion|Close Combat|p2a: Skarmory
|-damage|p2a: Skarmory|95\/334
|-damage|p1a: Terrakion|210\/323|[from] item: Rocky Helmet|[of] p2a: Skarmory
|-unboost|p1a: Terrakion|def|1
|-unboost|p1a: Terrakion|spd|1
|move|p2a: Skarmory|Roost|p2a: Skarmory
|-heal|p2a: Skarmory|262\/334
|
|turn|9
|
|switch|p1a: Landorus-Therian|Landorus-Therian, M|208\/319 tox
|-damage|p1a: Landorus-Therian|169\/319 tox|[from] Stealth Rock
|-ability|p1a: Landorus-Therian|Intimidate|[of] p2a: Skarmory
|-unboost|p2a: Skarmory|atk|1
|move|p2a: Skarmory|Roost|p2a: Skarmory
|-heal|p2a: Skarmory|334\/334
|
|-damage|p1a: Landorus-Therian|150\/319 tox|[from] psn
|turn|10
|
|switch|p2a: Venusaur|Venusaur, F|364\/364
|-damage|p2a: Venusaur|319\/364|[from] Stealth Rock
|move|p1a: Landorus-Therian|Knock Off|p2a: Venusaur
|-damage|p2a: Venusaur|243\/364
|
|-damage|p1a: Landorus-Therian|112\/319 tox|[from] psn
|turn|11
|
|switch|p1a: Venusaur|Venusaur-Mega, F|364\/364
|-damage|p1a: Venusaur|319\/364|[from] Spikes
|-damage|p1a: Venusaur|274\/364|[from] Stealth Rock
|detailschange|p2a: Venusaur|Venusaur-Mega, F
|-mega|p2a: Venusaur|Venusaur|Venusaurite
|move|p2a: Venusaur|Leech Seed|p1a: Venusaur
|-immune|p1a: Venusaur|[msg]
|
|turn|12
|
|switch|p1a: Bisharp|Bisharp, F|272\/272
|-damage|p1a: Bisharp|255\/272|[from] Stealth Rock
|-damage|p1a: Bisharp|221\/272|[from] Spikes
|move|p2a: Venusaur|Synthesis|p2a: Venusaur
|-heal|p2a: Venusaur|364\/364
|
|turn|13
|
|switch|p1a: Venusaur|Venusaur-Mega, F|274\/364
|-damage|p1a: Venusaur|229\/364|[from] Spikes
|-damage|p1a: Venusaur|184\/364|[from] Stealth Rock
|switch|p2a: Keldeo|Keldeo|323\/323
|-damage|p2a: Keldeo|303\/323|[from] Stealth Rock
|
|-heal|p2a: Keldeo|323\/323|[from] item: Leftovers
|turn|14
|
|switch|p2a: Heatran|Heatran, F|340\/340
|-damage|p2a: Heatran|298\/340|[from] Stealth Rock
|-item|p2a: Heatran|Air Balloon
|move|p1a: Venusaur|Giga Drain|p2a: Heatran
|-resisted|p2a: Heatran
|-damage|p2a: Heatran|273\/340
|-heal|p1a: Venusaur|197\/364|[from] drain|[of] p2a: Heatran
|-enditem|p2a: Heatran|Air Balloon
|
|turn|15
|
|move|p2a: Heatran|Taunt|p1a: Venusaur
|-start|p1a: Venusaur|move: Taunt
|cant|p1a: Venusaur|move: Taunt|Sleep Powder
|
|turn|16
|
|switch|p1a: Landorus-Therian|Landorus-Therian, M|112\/319 tox
|-damage|p1a: Landorus-Therian|73\/319 tox|[from] Stealth Rock
|-ability|p1a: Landorus-Therian|Intimidate|[of] p2a: Heatran
|-unboost|p2a: Heatran|atk|1
|move|p2a: Heatran|Fire Blast|p1a: Landorus-Therian|[miss]
|-miss|p2a: Heatran|p1a: Landorus-Therian
|
|-damage|p1a: Landorus-Therian|54\/319 tox|[from] psn
|turn|17
|
|switch|p2a: Skarmory|Skarmory, F|334\/334
|-damage|p2a: Skarmory|293\/334|[from] Stealth Rock
|move|p1a: Landorus-Therian|Explosion|p2a: Skarmory
|-resisted|p2a: Skarmory
|-damage|p2a: Skarmory|186\/334
|faint|p1a: Landorus-Therian
|
|join|Biz
|join|MyLittleDick
|
|switch|p1a: Terrakion|Terrakion|210\/323
|-damage|p1a: Terrakion|190\/323|[from] Stealth Rock
|-damage|p1a: Terrakion|150\/323|[from] Spikes
|turn|18
|
|move|p1a: Terrakion|Close Combat|p2a: Skarmory
|-damage|p2a: Skarmory|0 fnt
|-damage|p1a: Terrakion|97\/323|[from] item: Rocky Helmet|[of] p2a: Skarmory
|-unboost|p1a: Terrakion|def|1
|-unboost|p1a: Terrakion|spd|1
|faint|p2a: Skarmory
|
|
|switch|p2a: Venusaur|Venusaur-Mega, F|364\/364
|-damage|p2a: Venusaur|319\/364|[from] Stealth Rock
|turn|19
|
|switch|p1a: Venusaur|Venusaur-Mega, F|197\/364
|-damage|p1a: Venusaur|152\/364|[from] Stealth Rock
|-damage|p1a: Venusaur|107\/364|[from] Spikes
|switch|p2a: Heatran|Heatran, F|273\/340
|-damage|p2a: Heatran|231\/340|[from] Stealth Rock
|
|turn|20
|
|switch|p1a: Garchomp|Garchomp, M|335\/357
|-damage|p1a: Garchomp|313\/357|[from] Stealth Rock
|-damage|p1a: Garchomp|269\/357|[from] Spikes
|move|p2a: Heatran|Taunt|p1a: Garchomp
|-start|p1a: Garchomp|move: Taunt
|
|turn|21
|join|Henry
|
|switch|p2a: Chansey|Chansey, F|684\/684
|-damage|p2a: Chansey|599\/684|[from] Stealth Rock
|move|p1a: Garchomp|Earthquake|p2a: Chansey
|-damage|p2a: Chansey|319\/684
|
|turn|22
|
|move|p1a: Garchomp|Earthquake|p2a: Chansey
|-damage|p2a: Chansey|48\/684
|move|p2a: Chansey|Soft-Boiled|p2a: Chansey
|-heal|p2a: Chansey|390\/684
|
|turn|23
|
|switch|p1a: Bisharp|Bisharp, F|221\/272
|-damage|p1a: Bisharp|187\/272|[from] Spikes
|-damage|p1a: Bisharp|170\/272|[from] Stealth Rock
|move|p2a: Chansey|Soft-Boiled|p2a: Chansey
|-heal|p2a: Chansey|684\/684
|
|turn|24
|
|switch|p2a: Keldeo|Keldeo|323\/323
|-damage|p2a: Keldeo|303\/323|[from] Stealth Rock
|move|p1a: Bisharp|Swords Dance|p1a: Bisharp
|-boost|p1a: Bisharp|atk|2
|
|-heal|p2a: Keldeo|323\/323|[from] item: Leftovers
|turn|25
|
|move|p1a: Bisharp|Sucker Punch|p2a: Keldeo
|-resisted|p2a: Keldeo
|-damage|p2a: Keldeo|155\/323
|-boost|p2a: Keldeo|atk|1|[from] ability: Justified
|-damage|p1a: Bisharp|143\/272|[from] item: Life Orb
|move|p2a: Keldeo|Secret Sword|p1a: Bisharp
|-supereffective|p1a: Bisharp
|-damage|p1a: Bisharp|0 fnt
|faint|p1a: Bisharp
|
|-heal|p2a: Keldeo|175\/323|[from] item: Leftovers
|join|oml it's too ez
|
|switch|p1a: Latios|Latios, M|302\/302
|-damage|p1a: Latios|265\/302|[from] Stealth Rock
|turn|26
|
|switch|p2a: Chansey|Chansey, F|684\/684
|-damage|p2a: Chansey|599\/684|[from] Stealth Rock
|move|p1a: Latios|Psyshock|p2a: Chansey
|-damage|p2a: Chansey|346\/684
|-damage|p1a: Latios|235\/302|[from] item: Life Orb
|
|turn|27
|
|switch|p1a: Terrakion|Terrakion|97\/323
|-damage|p1a: Terrakion|77\/323|[from] Stealth Rock
|-damage|p1a: Terrakion|37\/323|[from] Spikes
|move|p2a: Chansey|Soft-Boiled|p2a: Chansey
|-heal|p2a: Chansey|684\/684
|
|turn|28
|
|switch|p2a: Venusaur|Venusaur-Mega, F|319\/364
|-damage|p2a: Venusaur|274\/364|[from] Stealth Rock
|move|p1a: Terrakion|Close Combat|p2a: Venusaur
|-resisted|p2a: Venusaur
|-damage|p2a: Venusaur|173\/364
|-unboost|p1a: Terrakion|def|1
|-unboost|p1a: Terrakion|spd|1
|
|turn|29
|
|move|p1a: Terrakion|Close Combat|p2a: Venusaur
|-resisted|p2a: Venusaur
|-damage|p2a: Venusaur|72\/364
|-unboost|p1a: Terrakion|def|1
|-unboost|p1a: Terrakion|spd|1
|move|p2a: Venusaur|Synthesis|p2a: Venusaur
|-heal|p2a: Venusaur|254\/364
|
|turn|30
|
|move|p1a: Terrakion|Close Combat|p2a: Venusaur
|-resisted|p2a: Venusaur
|-damage|p2a: Venusaur|154\/364
|-unboost|p1a: Terrakion|def|1
|-unboost|p1a: Terrakion|spd|1
|move|p2a: Venusaur|Giga Drain|p1a: Terrakion
|-supereffective|p1a: Terrakion
|-damage|p1a: Terrakion|0 fnt
|-heal|p2a: Venusaur|173\/364|[from] drain|[of] p1a: Terrakion
|faint|p1a: Terrakion
|
|
|switch|p1a: Garchomp|Garchomp, M|269\/357
|-damage|p1a: Garchomp|247\/357|[from] Stealth Rock
|-damage|p1a: Garchomp|203\/357|[from] Spikes
|turn|31
|
|move|p1a: Garchomp|Earthquake|p2a: Venusaur
|-damage|p2a: Venusaur|47\/364
|move|p2a: Venusaur|Giga Drain|p1a: Garchomp
|-damage|p1a: Garchomp|91\/357
|-heal|p2a: Venusaur|103\/364|[from] drain|[of] p1a: Garchomp
|
|turn|32
|
|move|p1a: Garchomp|Earthquake|p2a: Venusaur
|-damage|p2a: Venusaur|0 fnt
|faint|p2a: Venusaur
|
|
|switch|p2a: Chansey|Chansey, F|684\/684
|-damage|p2a: Chansey|599\/684|[from] Stealth Rock
|turn|33
|
|switch|p1a: Venusaur|Venusaur-Mega, F|107\/364
|-damage|p1a: Venusaur|62\/364|[from] Spikes
|-damage|p1a: Venusaur|17\/364|[from] Stealth Rock
|move|p2a: Chansey|Seismic Toss|p1a: Venusaur
|-damage|p1a: Venusaur|0 fnt
|faint|p1a: Venusaur
|
|leave|etaoi
|
|switch|p1a: Latios|Latios, M|235\/302
|-damage|p1a: Latios|198\/302|[from] Stealth Rock
|turn|34
|join|etaoi
|
|move|p1a: Latios|Surf|p2a: Chansey
|-crit|p2a: Chansey
|-damage|p2a: Chansey|476\/684
|-damage|p1a: Latios|168\/302|[from] item: Life Orb
|move|p2a: Chansey|Thunder Wave|p1a: Latios
|-status|p1a: Latios|par
|
|turn|35
|
|move|p2a: Chansey|Seismic Toss|p1a: Latios
|-damage|p1a: Latios|68\/302 par
|move|p1a: Latios|Psyshock|p2a: Chansey
|-damage|p2a: Chansey|221\/684
|-damage|p1a: Latios|38\/302 par|[from] item: Life Orb
|
|turn|36
|
|move|p2a: Chansey|Soft-Boiled|p2a: Chansey
|-heal|p2a: Chansey|563\/684
|move|p1a: Latios|Psyshock|p2a: Chansey
|-damage|p2a: Chansey|332\/684
|-damage|p1a: Latios|8\/302 par|[from] item: Life Orb
|
|turn|37
|leave|Bucking Fitch
|
|move|p2a: Chansey|Soft-Boiled|p2a: Chansey
|-heal|p2a: Chansey|674\/684
|move|p1a: Latios|Psyshock|p2a: Chansey
|-damage|p2a: Chansey|417\/684
|-damage|p1a: Latios|0 fnt|[from] item: Life Orb
|faint|p1a: Latios
|
|
|switch|p1a: Garchomp|Garchomp, M|91\/357
|-damage|p1a: Garchomp|69\/357|[from] Stealth Rock
|-damage|p1a: Garchomp|25\/357|[from] Spikes
|turn|38
|c|âPaul Pokemaniac|oh good trainer
|leave|Henry
|c| FrozenCold|he is
|
|move|p1a: Garchomp|Earthquake|p2a: Chansey
|-damage|p2a: Chansey|159\/684
|move|p2a: Chansey|Seismic Toss|p1a: Garchomp
|-damage|p1a: Garchomp|0 fnt
|-damage|p2a: Chansey|74\/684|[from] ability: Rough Skin|[of] p1a: Garchomp
|-damage|p2a: Chansey|0 fnt|[from] item: Rocky Helmet|[of] p1a: Garchomp
|faint|p2a: Chansey
|faint|p1a: Garchomp
|
|win|wish killer