|join|wish killer
|join|blablablab
|player|p1|wish killer|68
|player|p2|blablablab|2
|gametype|singles
|gen|6
|tier|OU
|rated
|clearpoke
|poke|p1|Bisharp, M
|poke|p1|Venusaur, M
|poke|p1|Heatran, F
|poke|p1|Keldeo
|poke|p1|Chansey, F
|poke|p1|Skarmory, F
|poke|p2|Diggersby, F
|poke|p2|Raikou
|poke|p2|Azelf
|poke|p2|Bisharp, M
|poke|p2|Slowbro, F
|poke|p2|Landorus, M
|rule|Swagger Clause: Swagger is banned
|rule|Baton Pass Clause: Limit one PokÃ©mon knowing Baton Pass
|rule|Sleep Clause Mod: Limit one foe put to sleep
|rule|Species Clause: Limit one of each PokÃ©mon
|rule|OHKO Clause: OHKO moves are banned
|rule|Moody Clause: Moody is banned
|rule|Evasion Moves Clause: Evasion moves are banned
|rule|Endless Battle Clause: Forcing endless battles is banned
|rule|HP Percentage Mod: HP is shown in percentages
|teampreview
|
|start
|switch|p1a: Keldeo|Keldeo|323\/323
|switch|p2a: Azelf|Azelf|291\/291
|turn|1
|
|move|p2a: Azelf|Taunt|p1a: Keldeo
|-start|p1a: Keldeo|move: Taunt
|move|p1a: Keldeo|Icy Wind|p2a: Azelf
|-crit|p2a: Azelf
|-damage|p2a: Azelf|139\/291
|-unboost|p2a: Azelf|spe|1
|
|turn|2
|
|move|p1a: Keldeo|Scald|p2a: Azelf
|-damage|p2a: Azelf|0 fnt
|faint|p2a: Azelf
|
|join|HentaiGuy
|
|switch|p2a: Raikou|Raikou|321\/321
|-ability|p2a: Raikou|Pressure
|turn|3
|
|switch|p1a: Chansey|Chansey, F|684\/684
|move|p2a: Raikou|Volt Switch|p1a: Chansey
|-damage|p1a: Chansey|612\/684
|
|switch|p2a: Bisharp|Bisharp, M|272\/272
|
|turn|4
|
|switch|p2a: Raikou|Raikou|321\/321
|-ability|p2a: Raikou|Pressure
|switch|p1a: Heatran|Heatran, F|340\/340
|-item|p1a: Heatran|Air Balloon
|
|turn|5
|
|move|p2a: Raikou|Volt Switch|p1a: Heatran
|-damage|p1a: Heatran|220\/340
|-enditem|p1a: Heatran|Air Balloon
|
|switch|p2a: Slowbro|Slowbro, F|394\/394
|move|p1a: Heatran|Stealth Rock|p2a: Slowbro
|-sidestart|p2: blablablab|move: Stealth Rock
|
|turn|6
|
|detailschange|p2a: Slowbro|Slowbro-Mega, F
|-mega|p2a: Slowbro|Slowbro|Slowbronite
|move|p1a: Heatran|Toxic|p2a: Slowbro
|-status|p2a: Slowbro|tox
|move|p2a: Slowbro|Scald|p1a: Heatran
|-supereffective|p1a: Heatran
|-damage|p1a: Heatran|0 fnt
|faint|p1a: Heatran
|
|-damage|p2a: Slowbro|370\/394 tox|[from] psn
|
|switch|p1a: Venusaur|Venusaur, M|364\/364
|turn|7
|
|detailschange|p1a: Venusaur|Venusaur-Mega, M
|-mega|p1a: Venusaur|Venusaur|Venusaurite
|move|p1a: Venusaur|Giga Drain|p2a: Slowbro
|-supereffective|p2a: Slowbro
|-damage|p2a: Slowbro|130\/394 tox
|move|p2a: Slowbro|Psyshock|p1a: Venusaur
|-supereffective|p1a: Venusaur
|-damage|p1a: Venusaur|166\/364
|
|-damage|p2a: Slowbro|82\/394 tox|[from] psn
|turn|8
|
|switch|p2a: Bisharp|Bisharp, M|272\/272
|-damage|p2a: Bisharp|255\/272|[from] Stealth Rock
|move|p1a: Venusaur|Giga Drain|p2a: Bisharp
|-resisted|p2a: Bisharp
|-damage|p2a: Bisharp|183\/272
|-heal|p1a: Venusaur|202\/364|[from] drain|[of] p2a: Bisharp
|
|turn|9
|
|switch|p1a: Keldeo|Keldeo|323\/323
|move|p2a: Bisharp|Knock Off|p1a: Keldeo
|-resisted|p1a: Keldeo
|-damage|p1a: Keldeo|203\/323
|-boost|p1a: Keldeo|atk|1|[from] ability: Justified
|-enditem|p1a: Keldeo|Leftovers|[from] move: Knock Off|[of] p2a: Bisharp
|
|turn|10
|
|switch|p2a: Slowbro|Slowbro-Mega, F|82\/394 tox
|-damage|p2a: Slowbro|33\/394 tox|[from] Stealth Rock
|move|p1a: Keldeo|Secret Sword|p2a: Slowbro
|-resisted|p2a: Slowbro
|-damage|p2a: Slowbro|0 fnt
|faint|p2a: Slowbro
|
|
|switch|p2a: Raikou|Raikou|321\/321
|-damage|p2a: Raikou|281\/321|[from] Stealth Rock
|-ability|p2a: Raikou|Pressure
|turn|11
|
|switch|p1a: Chansey|Chansey, F|612\/684
|move|p2a: Raikou|Volt Switch|p1a: Chansey
|-crit|p1a: Chansey
|-damage|p1a: Chansey|512\/684
|
|switch|p2a: Diggersby|Diggersby, F|311\/311
|-damage|p2a: Diggersby|292\/311|[from] Stealth Rock
|
|turn|12
|
|move|p2a: Diggersby|Frustration|p1a: Chansey
|-damage|p1a: Chansey|79\/684
|-damage|p2a: Diggersby|261\/311|[from] item: Life Orb
|move|p1a: Chansey|Seismic Toss|p2a: Diggersby
|-damage|p2a: Diggersby|161\/311
|
|turn|13
|
|move|p2a: Diggersby|Frustration|p1a: Chansey
|-damage|p1a: Chansey|0 fnt
|-damage|p2a: Diggersby|130\/311|[from] item: Life Orb
|faint|p1a: Chansey
|
|
|switch|p1a: Skarmory|Skarmory, F|334\/334
|turn|14
|
|switch|p2a: Raikou|Raikou|281\/321
|-damage|p2a: Raikou|241\/321|[from] Stealth Rock
|-ability|p2a: Raikou|Pressure
|move|p1a: Skarmory|Spikes|p2a: Raikou
|-sidestart|p2: blablablab|Spikes
|
|-heal|p2a: Raikou|261\/321|[from] item: Leftovers
|turn|15
|
|switch|p1a: Venusaur|Venusaur-Mega, M|202\/364
|move|p2a: Raikou|Shadow Ball|p1a: Venusaur
|-damage|p1a: Venusaur|125\/364
|
|-heal|p2a: Raikou|281\/321|[from] item: Leftovers
|turn|16
|
|move|p2a: Raikou|Volt Switch|p1a: Venusaur
|-resisted|p1a: Venusaur
|-damage|p1a: Venusaur|77\/364
|
|switch|p2a: Landorus|Landorus, M|319\/319
|-damage|p2a: Landorus|280\/319|[from] Stealth Rock
|move|p1a: Venusaur|Synthesis|p1a: Venusaur
|-heal|p1a: Venusaur|259\/364
|
|turn|17
|
|switch|p1a: Skarmory|Skarmory, F|334\/334
|move|p2a: Landorus|Psychic|p1a: Skarmory
|-resisted|p1a: Skarmory
|-damage|p1a: Skarmory|238\/334
|
|turn|18
|
|switch|p2a: Bisharp|Bisharp, M|183\/272
|-damage|p2a: Bisharp|166\/272|[from] Stealth Rock
|-damage|p2a: Bisharp|132\/272|[from] Spikes
|move|p1a: Skarmory|Brave Bird|p2a: Bisharp
|-resisted|p2a: Bisharp
|-damage|p2a: Bisharp|70\/272
|-damage|p1a: Skarmory|218\/334|[from] recoil|[of] p2a: Bisharp
|
|turn|19
|
|move|p2a: Bisharp|Knock Off|p1a: Skarmory
|-crit|p1a: Skarmory
|-damage|p1a: Skarmory|25\/334
|-damage|p2a: Bisharp|25\/272|[from] item: Rocky Helmet|[of] p1a: Skarmory
|-enditem|p1a: Skarmory|Rocky Helmet|[from] move: Knock Off|[of] p2a: Bisharp
|move|p1a: Skarmory|Spikes|p2a: Bisharp
|-sidestart|p2: blablablab|Spikes
|
|turn|20
|
|move|p2a: Bisharp|Iron Head|p1a: Skarmory
|-resisted|p1a: Skarmory
|-damage|p1a: Skarmory|0 fnt
|faint|p1a: Skarmory
|
|
|switch|p1a: Bisharp|Bisharp, M|334\/334
|turn|21
|
|move|p2a: Bisharp|Sucker Punch|p1a: Bisharp
|-fail|p1a: Bisharp
|move|p1a: Bisharp|Swords Dance|p1a: Bisharp
|-boost|p1a: Bisharp|atk|2
|
|turn|22
|
|move|p2a: Bisharp|Sucker Punch|p1a: Bisharp
|-resisted|p1a: Bisharp
|-damage|p1a: Bisharp|244\/334
|move|p1a: Bisharp|Knock Off|p2a: Bisharp
|-resisted|p2a: Bisharp
|-damage|p2a: Bisharp|0 fnt
|-enditem|p2a: Bisharp|Dread Plate|[from] move: Knock Off|[of] p1a: Bisharp
|faint|p2a: Bisharp
|
|-heal|p1a: Bisharp|264\/334|[from] item: Leftovers
|
|switch|p2a: Diggersby|Diggersby, F|130\/311
|-damage|p2a: Diggersby|79\/311|[from] Spikes
|-damage|p2a: Diggersby|60\/311|[from] Stealth Rock
|turn|23
|
|move|p2a: Diggersby|Quick Attack|p1a: Bisharp
|-resisted|p1a: Bisharp
|-damage|p1a: Bisharp|207\/334
|-damage|p2a: Diggersby|29\/311|[from] item: Life Orb
|move|p1a: Bisharp|Sucker Punch|p2a: Diggersby
|-fail|p2a: Diggersby
|
|-heal|p1a: Bisharp|227\/334|[from] item: Leftovers
|turn|24
|-message|blablablab forfeited.
|
|win|wish killer
|raw|Ladder updating...
|leave|blablablab
|player|p2
|raw|wish killer's rating: 1800 &rarr; <strong>1811<\/strong><br \/>(+11 for winning)
|raw|blablablab's rating: 1636 &rarr; <strong>1625<\/strong><br \/>(-11 for losing)