|join|ULT Limitless
|join|ULT xMarth
|player|p1|ULT Limitless|264
|player|p2|ULT xMarth|153
|gametype|singles
|gen|6
|tier|UU
|rated
|rule|Sleep Clause Mod: Limit one foe put to sleep
|rule|Species Clause: Limit one of each PokÃ©mon
|rule|OHKO Clause: OHKO moves are banned
|rule|Moody Clause: Moody is banned
|rule|Evasion Moves Clause: Evasion moves are banned
|rule|Endless Battle Clause: Forcing endless battles is banned
|rule|HP Percentage Mod: HP is reported as percentages
|clearpoke
|poke|p1|Jirachi
|poke|p1|Donphan, F
|poke|p1|Hydreigon, M
|poke|p1|Manaphy
|poke|p1|Heracross, M
|poke|p1|Crobat, M
|poke|p2|Froslass, F
|poke|p2|Sableye, F
|poke|p2|Lucario, F, shiny
|poke|p2|Swampert, F
|poke|p2|Shaymin
|poke|p2|Crobat, F
|rule|Swagger Clause: Swagger is banned
|rule|Baton Pass Clause: Limit one PokÃ©mon knowing Baton Pass
|teampreview
|
|start
|switch|p1a: Hydreigon|Hydreigon, M|326\/326
|switch|p2a: Froslass|Froslass, F|281\/281
|turn|1
|
|move|p1a: Hydreigon|Dark Pulse|p2a: Froslass
|-supereffective|p2a: Froslass
|-enditem|p2a: Froslass|Focus Sash
|-damage|p2a: Froslass|1\/281
|move|p2a: Froslass|Spikes|p1a: Hydreigon
|-sidestart|p1: ULT Limitless|Spikes
|
|turn|2
|
|move|p2a: Froslass|Ice Shard|p1a: Hydreigon
|-supereffective|p1a: Hydreigon
|-damage|p1a: Hydreigon|212\/326
|move|p1a: Hydreigon|Dark Pulse|p2a: Froslass
|-supereffective|p2a: Froslass
|-damage|p2a: Froslass|0 fnt
|faint|p2a: Froslass
|
|
|switch|p2a: Lucario|Lucario, F, shiny|281\/281
|turn|3
|
|switch|p1a: Crobat|Crobat, M|373\/373
|move|p2a: Lucario|Close Combat|p1a: Crobat
|-resisted|p1a: Crobat
|-damage|p1a: Crobat|285\/373
|-unboost|p2a: Lucario|def|1
|-unboost|p2a: Lucario|spd|1
|-damage|p2a: Lucario|253\/281|[from] item: Life Orb
|
|-heal|p1a: Crobat|308\/373|[from] item: Black Sludge
|turn|4
|
|switch|p2a: Swampert|Swampert, F|404\/404
|move|p1a: Crobat|U-turn|p2a: Swampert
|-damage|p2a: Swampert|364\/404
|
|switch|p1a: Manaphy|Manaphy|342\/342
|-damage|p1a: Manaphy|300\/342|[from] Spikes
|
|-heal|p1a: Manaphy|321\/342|[from] item: Leftovers
|-heal|p2a: Swampert|389\/404|[from] item: Leftovers
|turn|5
|
|move|p1a: Manaphy|Tail Glow|p1a: Manaphy
|-boost|p1a: Manaphy|spa|3
|move|p2a: Swampert|Roar|p1a: Manaphy
|drag|p1a: Crobat|Crobat, M|308\/373
|
|-heal|p1a: Crobat|331\/373|[from] item: Black Sludge
|-heal|p2a: Swampert|404\/404|[from] item: Leftovers
|turn|6
|
|move|p1a: Crobat|Taunt|p2a: Swampert
|-start|p2a: Swampert|move: Taunt
|cant|p2a: Swampert|move: Taunt|Stealth Rock
|
|-heal|p1a: Crobat|354\/373|[from] item: Black Sludge
|turn|7
|
|switch|p2a: ACrobat|Crobat, F|331\/331
|move|p1a: Crobat|U-turn|p2a: ACrobat
|-resisted|p2a: ACrobat
|-damage|p2a: ACrobat|315\/331
|
|switch|p1a: Donphan|Donphan, F|384\/384
|-damage|p1a: Donphan|336\/384|[from] Spikes
|
|-heal|p1a: Donphan|360\/384|[from] item: Leftovers
|turn|8
|
|move|p2a: ACrobat|U-turn|p1a: Donphan
|-damage|p1a: Donphan|321\/384
|
|switch|p2a: Swampert|Swampert, F|404\/404
|move|p1a: Donphan|Rapid Spin|p2a: Swampert
|-damage|p2a: Swampert|389\/404
|-sideend|p1: ULT Limitless|Spikes|[from] move: Rapid Spin|[of] p1a: Donphan
|
|-heal|p2a: Swampert|404\/404|[from] item: Leftovers
|-heal|p1a: Donphan|345\/384|[from] item: Leftovers
|turn|9
|join|Shit User
|
|move|p2a: Swampert|Scald|p1a: Donphan
|-supereffective|p1a: Donphan
|-damage|p1a: Donphan|135\/384
|-status|p1a: Donphan|brn
|move|p1a: Donphan|Knock Off|p2a: Swampert
|-damage|p2a: Swampert|366\/404
|-enditem|p2a: Swampert|Leftovers|[from] move: Knock Off|[of] p1a: Donphan
|
|-heal|p1a: Donphan|159\/384 brn|[from] item: Leftovers
|-damage|p1a: Donphan|111\/384 brn|[from] brn
|turn|10
|
|move|p2a: Swampert|Stealth Rock|p1a: Donphan
|-sidestart|p1: ULT Limitless|move: Stealth Rock
|move|p1a: Donphan|Rapid Spin|p2a: Swampert
|-damage|p2a: Swampert|359\/404
|-sideend|p1: ULT Limitless|Stealth Rock|[from] move: Rapid Spin|[of] p1a: Donphan
|
|-heal|p1a: Donphan|135\/384 brn|[from] item: Leftovers
|-damage|p1a: Donphan|87\/384 brn|[from] brn
|turn|11
|
|move|p2a: Swampert|Stealth Rock|p1a: Donphan
|-sidestart|p1: ULT Limitless|move: Stealth Rock
|move|p1a: Donphan|Rapid Spin|p2a: Swampert
|-damage|p2a: Swampert|352\/404
|-sideend|p1: ULT Limitless|Stealth Rock|[from] move: Rapid Spin|[of] p1a: Donphan
|
|-heal|p1a: Donphan|111\/384 brn|[from] item: Leftovers
|-damage|p1a: Donphan|63\/384 brn|[from] brn
|turn|12
|
|switch|p2a: ACrobat|Crobat, F|315\/331
|move|p1a: Donphan|Rapid Spin|p2a: ACrobat
|-damage|p2a: ACrobat|304\/331
|
|-heal|p1a: Donphan|87\/384 brn|[from] item: Leftovers
|-damage|p1a: Donphan|39\/384 brn|[from] brn
|turn|13
|
|move|p2a: ACrobat|Acrobatics|p1a: Donphan
|-damage|p1a: Donphan|0 fnt
|faint|p1a: Donphan
|
|
|switch|p1a: Jirachi|Jirachi|341\/341
|turn|14
|
|move|p2a: ACrobat|Taunt|p1a: Jirachi
|-start|p1a: Jirachi|move: Taunt
|move|p1a: Jirachi|U-turn|p2a: ACrobat
|-resisted|p2a: ACrobat
|-damage|p2a: ACrobat|282\/331
|
|switch|p1a: Manaphy|Manaphy|321\/342
|
|-heal|p1a: Manaphy|342\/342|[from] item: Leftovers
|turn|15
|
|switch|p1a: Jirachi|Jirachi|341\/341
|move|p2a: ACrobat|U-turn|p1a: Jirachi
|-damage|p1a: Jirachi|280\/341
|
|switch|p2a: Sableye|Sableye, F|299\/299
|
|-heal|p1a: Jirachi|301\/341|[from] item: Leftovers
|turn|16
|
|switch|p1a: Heracross|Heracross, M|302\/302
|move|p2a: Sableye|Knock Off|p1a: Heracross
|-resisted|p1a: Heracross
|-damage|p1a: Heracross|242\/302
|-enditem|p1a: Heracross|Choice Band|[from] move: Knock Off|[of] p2a: Sableye
|
|turn|17
|
|switch|p2a: Swampert|Swampert, F|352\/404
|move|p1a: Heracross|Megahorn|p2a: Swampert
|-damage|p2a: Swampert|187\/404
|
|turn|18
|join|ult ult
|
|move|p1a: Heracross|Close Combat|p2a: Swampert
|-damage|p2a: Swampert|19\/404
|-unboost|p1a: Heracross|def|1
|-unboost|p1a: Heracross|spd|1
|move|p2a: Swampert|Stealth Rock|p1a: Heracross
|-sidestart|p1: ULT Limitless|move: Stealth Rock
|
|turn|19
|
|move|p1a: Heracross|Knock Off|p2a: Swampert
|-damage|p2a: Swampert|0 fnt
|faint|p2a: Swampert
|
|
|switch|p2a: ACrobat|Crobat, F|282\/331
|turn|20
|
|switch|p1a: Jirachi|Jirachi|301\/341
|-damage|p1a: Jirachi|280\/341|[from] Stealth Rock
|move|p2a: ACrobat|Acrobatics|p1a: Jirachi
|-resisted|p1a: Jirachi
|-damage|p1a: Jirachi|218\/341
|
|-heal|p1a: Jirachi|239\/341|[from] item: Leftovers
|turn|21
|
|move|p2a: ACrobat|U-turn|p1a: Jirachi
|-damage|p1a: Jirachi|178\/341
|
|switch|p2a: Sableye|Sableye, F|299\/299
|move|p1a: Jirachi|Fire Punch|p2a: Sableye
|-damage|p2a: Sableye|203\/299
|
|-heal|p1a: Jirachi|199\/341|[from] item: Leftovers
|-heal|p2a: Sableye|221\/299|[from] item: Leftovers
|turn|22
|
|switch|p1a: Heracross|Heracross, M|242\/302
|-damage|p1a: Heracross|205\/302|[from] Stealth Rock
|move|p2a: Sableye|Knock Off|p1a: Heracross
|-resisted|p1a: Heracross
|-damage|p1a: Heracross|165\/302
|
|-heal|p2a: Sableye|239\/299|[from] item: Leftovers
|turn|23
|
|switch|p2a: ACrobat|Crobat, F|282\/331
|move|p1a: Heracross|Stone Edge|p2a: ACrobat
|-supereffective|p2a: ACrobat
|-damage|p2a: ACrobat|0 fnt
|faint|p2a: ACrobat
|
|
|switch|p2a: Shaymin|Shaymin|341\/341
|turn|24
|join|atomicfagets
|
|switch|p1a: Crobat|Crobat, M|354\/373
|-damage|p1a: Crobat|261\/373|[from] Stealth Rock
|move|p2a: Shaymin|Psychic|p1a: Crobat
|-supereffective|p1a: Crobat
|-damage|p1a: Crobat|0 fnt
|faint|p1a: Crobat
|
|chat|ULT Limitless|hmm
|join|Century Express
|chat|ULT Limitless|nice
|chat|atomicfagets|ur nice baby
|
|switch|p1a: Hydreigon|Hydreigon, M|212\/326
|-damage|p1a: Hydreigon|172\/326|[from] Stealth Rock
|turn|25
|chat|atomicfagets|;^)
|
|switch|p2a: Sableye|Sableye, F|239\/299
|move|p1a: Hydreigon|Draco Meteor|p2a: Sableye|[miss]
|-miss|p1a: Hydreigon|p2a: Sableye
|
|-heal|p2a: Sableye|257\/299|[from] item: Leftovers
|turn|26
|chat|Shit User|kek
|
|switch|p1a: Heracross|Heracross, M|165\/302
|-damage|p1a: Heracross|128\/302|[from] Stealth Rock
|move|p2a: Sableye|Will-O-Wisp|p1a: Heracross
|-status|p1a: Heracross|brn
|
|-heal|p2a: Sableye|275\/299|[from] item: Leftovers
|-damage|p1a: Heracross|91\/302 brn|[from] brn
|turn|27
|chat|atomicfagets|stay in
|
|move|p1a: Heracross|Megahorn|p2a: Sableye
|-damage|p2a: Sableye|0 fnt
|faint|p2a: Sableye
|
|-damage|p1a: Heracross|54\/302 brn|[from] brn
|
|switch|p2a: Lucario|Lucario, F, shiny|253\/281
|turn|28
|
|move|p2a: Lucario|Extreme Speed|p1a: Heracross
|-damage|p1a: Heracross|0 fnt
|-damage|p2a: Lucario|225\/281|[from] item: Life Orb
|faint|p1a: Heracross
|
|
|switch|p1a: Jirachi|Jirachi|199\/341
|-damage|p1a: Jirachi|178\/341|[from] Stealth Rock
|turn|29
|
|switch|p2a: Shaymin|Shaymin|341\/341
|move|p1a: Jirachi|Fire Punch|p2a: Shaymin
|-supereffective|p2a: Shaymin
|-damage|p2a: Shaymin|197\/341
|
|-heal|p1a: Jirachi|199\/341|[from] item: Leftovers
|turn|30
|
|switch|p1a: Hydreigon|Hydreigon, M|172\/326
|-damage|p1a: Hydreigon|132\/326|[from] Stealth Rock
|move|p2a: Shaymin|Seed Flare|p1a: Hydreigon|[miss]
|-miss|p2a: Shaymin|p1a: Hydreigon
|
|turn|31
|
|move|p1a: Hydreigon|Dragon Pulse|p2a: Shaymin
|-damage|p2a: Shaymin|46\/341
|move|p2a: Shaymin|Seed Flare|p1a: Hydreigon
|-resisted|p1a: Hydreigon
|-damage|p1a: Hydreigon|0 fnt
|faint|p1a: Hydreigon
|
|
|switch|p1a: Jirachi|Jirachi|199\/341
|-damage|p1a: Jirachi|178\/341|[from] Stealth Rock
|turn|32
|
|move|p2a: Shaymin|Seed Flare|p1a: Jirachi
|-resisted|p1a: Jirachi
|-damage|p1a: Jirachi|53\/341
|move|p1a: Jirachi|Fire Punch|p2a: Shaymin
|-supereffective|p2a: Shaymin
|-damage|p2a: Shaymin|0 fnt
|faint|p2a: Shaymin
|
|-heal|p1a: Jirachi|74\/341|[from] item: Leftovers
|chat|ULT Limitless|gg
|
|switch|p2a: Lucario|Lucario, F, shiny|225\/281
|turn|33
|chat|ULT xMarth|gg
|
|move|p1a: Jirachi|Fire Punch|p2a: Lucario
|-supereffective|p2a: Lucario
|-damage|p2a: Lucario|13\/281
|move|p2a: Lucario|Swords Dance|p2a: Lucario
|-boost|p2a: Lucario|atk|2
|
|-heal|p1a: Jirachi|95\/341|[from] item: Leftovers
|turn|34
|join|ULT Bluwing
|
|move|p2a: Lucario|Extreme Speed|p1a: Jirachi
|-resisted|p1a: Jirachi
|-damage|p1a: Jirachi|0 fnt
|-damage|p2a: Lucario|0 fnt|[from] item: Life Orb
|faint|p1a: Jirachi
|faint|p2a: Lucario
|
|win|ULT Limitless
|raw|Ladder updating...
|raw|ULT Limitless's rating: 1662 &rarr; <strong>1685<\/strong><br \/>(+23 for winning)
|raw|ULT xMarth's rating: 1716 &rarr; <strong>1693<\/strong><br \/>(-23 for losing)
|leave|ULT Limitless
|player|p1
|leave|ult ult
|leave|ULT xMarth
|player|p2
|leave|ULT Bluwing
|leave|Century Express
|leave|atomicfagets
|leave|Shit User
|join|ULT Peru
|leave|ULT Peru
|join|fattyyy
|join|zeriloa
|join|FLCL
|leave|FLCL
|leave|fattyyy
|leave|zeriloa
|join|memento vivere