|join|SpecsPrimeape
|join|ULT Limitless
|player|p1|SpecsPrimeape|286
|player|p2|ULT Limitless|264
|gametype|singles
|gen|6
|tier|UU
|rated
|rule|Sleep Clause Mod: Limit one foe put to sleep
|rule|Species Clause: Limit one of each PokÃ©mon
|rule|OHKO Clause: OHKO moves are banned
|rule|Moody Clause: Moody is banned
|rule|Evasion Moves Clause: Evasion moves are banned
|rule|Endless Battle Clause: Forcing endless battles is banned
|rule|HP Percentage Mod: HP is reported as percentages
|clearpoke
|poke|p1|Alakazam, M
|poke|p1|Blissey, F
|poke|p1|Haxorus, M, shiny
|poke|p1|Vullaby, F
|poke|p1|Banette, M, shiny
|poke|p1|Sawk, M
|poke|p2|Aerodactyl, M
|poke|p2|Whimsicott, F
|poke|p2|Hydreigon, M
|poke|p2|Victini
|poke|p2|Heracross, M
|poke|p2|Donphan, F
|rule|Swagger Clause: Swagger is banned
|rule|Baton Pass Clause: Limit one PokÃ©mon knowing Baton Pass
|teampreview
|
|start
|switch|p1a: Haxorus|Haxorus, M, shiny|293\/293
|switch|p2a: Heracross|Heracross, M|302\/302
|-ability|p1a: Haxorus|Mold Breaker
|turn|1
|
|switch|p2a: Whimsicott|Whimsicott, F|324\/324
|move|p1a: Haxorus|Outrage|p2a: Whimsicott
|-immune|p2a: Whimsicott|[msg]
|
|turn|2
|
|switch|p1a: Blissey|Blissey, F|666\/666
|move|p2a: Whimsicott|Stun Spore|p1a: Blissey|[miss]
|-miss|p2a: Whimsicott|p1a: Blissey
|
|turn|3
|
|move|p2a: Whimsicott|U-turn|p1a: Blissey
|-damage|p1a: Blissey|591\/666
|
|switch|p2a: Heracross|Heracross, M|302\/302
|move|p1a: Blissey|Thunder Wave|p2a: Heracross
|-status|p2a: Heracross|par
|
|-heal|p1a: Blissey|632\/666|[from] item: Leftovers
|turn|4
|
|switch|p1a: Banette|Banette, M, shiny|330\/330
|-item|p2a: Heracross|Choice Band|[from] ability: Frisk|[of] p1a: Banette|[identify]
|cant|p2a: Heracross|par
|
|turn|5
|
|detailschange|p1a: Banette|Banette-Mega, M, shiny
|message|Banette has Mega Evolved into Mega Banette!
|move|p1a: Banette|Shadow Claw|p2a: Heracross
|-damage|p2a: Heracross|109\/302 par
|move|p2a: Heracross|Knock Off|p1a: Banette
|-supereffective|p1a: Banette
|-damage|p1a: Banette|0 fnt
|faint|p1a: Banette
|
|
|switch|p1a: Haxorus|Haxorus, M, shiny|293\/293
|-ability|p1a: Haxorus|Mold Breaker
|turn|6
|
|switch|p2a: Donphan|Donphan, F|384\/384
|move|p1a: Haxorus|Poison Jab|p2a: Donphan
|-resisted|p2a: Donphan
|-damage|p2a: Donphan|350\/384
|-status|p2a: Donphan|psn
|
|-heal|p2a: Donphan|374\/384 psn|[from] item: Leftovers
|-damage|p2a: Donphan|326\/384 psn|[from] psn
|turn|7
|
|switch|p1a: Vullaby|Vullaby, F|344\/344
|move|p2a: Donphan|Stealth Rock|p1a: Vullaby
|-sidestart|p1: SpecsPrimeape|move: Stealth Rock
|
|-heal|p2a: Donphan|350\/384 psn|[from] item: Leftovers
|-damage|p2a: Donphan|302\/384 psn|[from] psn
|turn|8
|
|switch|p2a: Aerodactyl|Aerodactyl, M|320\/320
|-ability|p2a: Aerodactyl|Pressure
|move|p1a: Vullaby|Defog|p2a: Aerodactyl
|-unboost|p2a: Aerodactyl|evasion|1
|-sideend|p1: SpecsPrimeape|Stealth Rock|[from] move: Defog|[of] p1a: Vullaby
|
|turn|9
|
|detailschange|p2a: Aerodactyl|Aerodactyl-Mega, M
|message|Aerodactyl has Mega Evolved into Mega Aerodactyl!
|move|p2a: Aerodactyl|Aqua Tail|p1a: Vullaby
|-damage|p1a: Vullaby|254\/344
|move|p1a: Vullaby|Foul Play|p2a: Aerodactyl
|-damage|p2a: Aerodactyl|95\/320
|
|turn|10
|
|switch|p2a: Whimsicott|Whimsicott, F|324\/324
|move|p1a: Vullaby|Foul Play|p2a: Whimsicott
|-resisted|p2a: Whimsicott
|-damage|p2a: Whimsicott|281\/324
|
|-heal|p2a: Whimsicott|301\/324|[from] item: Leftovers
|turn|11
|
|switch|p1a: Blissey|Blissey, F|632\/666
|move|p2a: Whimsicott|U-turn|p1a: Blissey
|-damage|p1a: Blissey|566\/666
|
|switch|p2a: Victini|Victini|342\/342
|
|-heal|p1a: Blissey|607\/666|[from] item: Leftovers
|turn|12
|
|switch|p1a: Haxorus|Haxorus, M, shiny|293\/293
|-ability|p1a: Haxorus|Mold Breaker
|move|p2a: Victini|V-create|p1a: Haxorus
|-resisted|p1a: Haxorus
|-damage|p1a: Haxorus|39\/293
|-unboost|p2a: Victini|def|1
|-unboost|p2a: Victini|spd|1
|-unboost|p2a: Victini|spe|1
|
|turn|13
|
|switch|p2a: Donphan|Donphan, F|302\/384 psn
|move|p1a: Haxorus|Poison Jab|p2a: Donphan
|-crit|p2a: Donphan
|-resisted|p2a: Donphan
|-damage|p2a: Donphan|248\/384 psn
|
|-heal|p2a: Donphan|272\/384 psn|[from] item: Leftovers
|-damage|p2a: Donphan|224\/384 psn|[from] psn
|turn|14
|
|switch|p1a: Vullaby|Vullaby, F|254\/344
|switch|p2a: Hydreigon|Hydreigon, M|326\/326
|
|turn|15
|
|move|p2a: Hydreigon|U-turn|p1a: Vullaby
|-damage|p1a: Vullaby|222\/344
|
|switch|p2a: Whimsicott|Whimsicott, F|301\/324
|move|p1a: Vullaby|Roost|p1a: Vullaby
|-heal|p1a: Vullaby|344\/344
|
|-heal|p2a: Whimsicott|321\/324|[from] item: Leftovers
|turn|16
|
|move|p2a: Whimsicott|Stun Spore|p1a: Vullaby|[miss]
|-miss|p2a: Whimsicott|p1a: Vullaby
|move|p1a: Vullaby|Toxic|p2a: Whimsicott
|-status|p2a: Whimsicott|tox
|
|-heal|p2a: Whimsicott|324\/324 tox|[from] item: Leftovers
|-damage|p2a: Whimsicott|304\/324 tox|[from] psn
|turn|17
|
|move|p2a: Whimsicott|U-turn|p1a: Vullaby
|-damage|p1a: Vullaby|319\/344
|
|switch|p2a: Hydreigon|Hydreigon, M|326\/326
|move|p1a: Vullaby|Foul Play|p2a: Hydreigon
|-resisted|p2a: Hydreigon
|-damage|p2a: Hydreigon|272\/326
|
|turn|18
|
|switch|p1a: Blissey|Blissey, F|607\/666
|move|p2a: Hydreigon|U-turn|p1a: Blissey
|-damage|p1a: Blissey|522\/666
|
|switch|p2a: Victini|Victini|342\/342
|
|-heal|p1a: Blissey|563\/666|[from] item: Leftovers
|turn|19
|
|switch|p1a: Alakazam|Alakazam, M|252\/252
|move|p2a: Victini|V-create|p1a: Alakazam
|-enditem|p1a: Alakazam|Focus Sash
|-damage|p1a: Alakazam|1\/252
|-unboost|p2a: Victini|def|1
|-unboost|p2a: Victini|spd|1
|-unboost|p2a: Victini|spe|1
|
|turn|20
|join|So Dynamic
|
|switch|p2a: Heracross|Heracross, M|109\/302 par
|move|p1a: Alakazam|Dazzling Gleam|p2a: Heracross
|-supereffective|p2a: Heracross
|-damage|p2a: Heracross|0 fnt
|faint|p2a: Heracross
|
|
|switch|p2a: Hydreigon|Hydreigon, M|272\/326
|turn|21
|leave|So Dynamic
|
|move|p2a: Hydreigon|U-turn|p1a: Alakazam
|-supereffective|p1a: Alakazam
|-damage|p1a: Alakazam|0 fnt
|faint|p1a: Alakazam
|
|switch|p2a: Aerodactyl|Aerodactyl-Mega, M|95\/320
|
|
|switch|p1a: Haxorus|Haxorus, M, shiny|39\/293
|-ability|p1a: Haxorus|Mold Breaker
|turn|22
|
|move|p1a: Haxorus|Superpower|p2a: Aerodactyl
|-damage|p2a: Aerodactyl|0 fnt
|-unboost|p1a: Haxorus|atk|1
|-unboost|p1a: Haxorus|def|1
|faint|p2a: Aerodactyl
|
|
|switch|p2a: Victini|Victini|342\/342
|turn|23
|
|switch|p1a: Vullaby|Vullaby, F|319\/344
|move|p2a: Victini|Bolt Strike|p1a: Vullaby
|-supereffective|p1a: Vullaby
|-damage|p1a: Vullaby|91\/344
|
|turn|24
|
|switch|p1a: Blissey|Blissey, F|563\/666
|move|p2a: Victini|Bolt Strike|p1a: Blissey
|-damage|p1a: Blissey|153\/666
|
|-heal|p1a: Blissey|194\/666|[from] item: Leftovers
|turn|25
|
|switch|p1a: Haxorus|Haxorus, M, shiny|39\/293
|-ability|p1a: Haxorus|Mold Breaker
|move|p2a: Victini|Bolt Strike|p1a: Haxorus
|-resisted|p1a: Haxorus
|-damage|p1a: Haxorus|0 fnt
|faint|p1a: Haxorus
|
|
|switch|p1a: Sawk|Sawk, M|291\/291
|turn|26
|
|switch|p2a: Whimsicott|Whimsicott, F|304\/324 tox
|move|p1a: Sawk|Knock Off|p2a: Whimsicott
|-crit|p2a: Whimsicott
|-resisted|p2a: Whimsicott
|-damage|p2a: Whimsicott|170\/324 tox
|-enditem|p2a: Whimsicott|Leftovers|[from] move: Knock Off|[of] p1a: Sawk
|
|-damage|p2a: Whimsicott|150\/324 tox|[from] psn
|turn|27
|
|switch|p1a: Vullaby|Vullaby, F|91\/344
|move|p2a: Whimsicott|Stun Spore|p1a: Vullaby
|-fail|p1a: Vullaby
|
|-damage|p2a: Whimsicott|110\/324 tox|[from] psn
|turn|28
|
|move|p2a: Whimsicott|U-turn|p1a: Vullaby
|-damage|p1a: Vullaby|67\/344
|
|switch|p2a: Hydreigon|Hydreigon, M|272\/326
|move|p1a: Vullaby|Roost|p1a: Vullaby
|-heal|p1a: Vullaby|239\/344
|
|turn|29
|
|move|p2a: Hydreigon|U-turn|p1a: Vullaby
|-damage|p1a: Vullaby|210\/344
|
|switch|p2a: Whimsicott|Whimsicott, F|110\/324 tox
|move|p1a: Vullaby|Roost|p1a: Vullaby
|-heal|p1a: Vullaby|344\/344
|
|-damage|p2a: Whimsicott|90\/324 tox|[from] psn
|turn|30
|
|move|p2a: Whimsicott|Encore|p1a: Vullaby
|-start|p1a: Vullaby|Encore
|move|p1a: Vullaby|Roost|p1a: Vullaby
|-fail|p1a: Vullaby
|
|-damage|p2a: Whimsicott|50\/324 tox|[from] psn
|turn|31
|
|switch|p1a: Blissey|Blissey, F|194\/666
|move|p2a: Whimsicott|U-turn|p1a: Blissey
|-damage|p1a: Blissey|127\/666
|
|switch|p2a: Victini|Victini|342\/342
|
|-heal|p1a: Blissey|168\/666|[from] item: Leftovers
|turn|32
|
|move|p2a: Victini|V-create|p1a: Blissey
|-damage|p1a: Blissey|0 fnt
|-unboost|p2a: Victini|def|1
|-unboost|p2a: Victini|spd|1
|-unboost|p2a: Victini|spe|1
|faint|p1a: Blissey
|
|
|switch|p1a: Sawk|Sawk, M|291\/291
|turn|33
|
|switch|p1a: Vullaby|Vullaby, F|344\/344
|switch|p2a: Donphan|Donphan, F|224\/384 psn
|
|-heal|p2a: Donphan|248\/384 psn|[from] item: Leftovers
|-damage|p2a: Donphan|200\/384 psn|[from] psn
|turn|34
|
|move|p1a: Vullaby|Foul Play|p2a: Donphan
|-damage|p2a: Donphan|115\/384 psn
|move|p2a: Donphan|Head Smash|p1a: Vullaby
|-supereffective|p1a: Vullaby
|-damage|p1a: Vullaby|186\/344
|-damage|p2a: Donphan|36\/384 psn|[from] recoil|[of] p1a: Vullaby
|
|-heal|p2a: Donphan|60\/384 psn|[from] item: Leftovers
|-damage|p2a: Donphan|12\/384 psn|[from] psn
|turn|35
|
|move|p1a: Vullaby|Roost|p1a: Vullaby
|-heal|p1a: Vullaby|344\/344
|move|p2a: Donphan|Head Smash|p1a: Vullaby
|-damage|p1a: Vullaby|269\/344
|-damage|p2a: Donphan|0 fnt|[from] recoil|[of] p1a: Vullaby
|faint|p2a: Donphan
|
|
|switch|p2a: Victini|Victini|342\/342
|turn|36
|
|move|p2a: Victini|Bolt Strike|p1a: Vullaby
|-supereffective|p1a: Vullaby
|-damage|p1a: Vullaby|19\/344
|move|p1a: Vullaby|Foul Play|p2a: Victini
|-supereffective|p2a: Victini
|-damage|p2a: Victini|12\/342
|
|turn|37
|
|move|p2a: Victini|Bolt Strike|p1a: Vullaby
|-supereffective|p1a: Vullaby
|-damage|p1a: Vullaby|0 fnt
|faint|p1a: Vullaby
|
|
|switch|p1a: Sawk|Sawk, M|291\/291
|turn|38
|
|switch|p2a: Hydreigon|Hydreigon, M|272\/326
|move|p1a: Sawk|Close Combat|p2a: Hydreigon
|-supereffective|p2a: Hydreigon
|-damage|p2a: Hydreigon|0 fnt
|-unboost|p1a: Sawk|def|1
|-unboost|p1a: Sawk|spd|1
|faint|p2a: Hydreigon
|
|
|switch|p2a: Whimsicott|Whimsicott, F|50\/324 tox
|turn|39
|
|move|p2a: Whimsicott|Tailwind|p2a: Whimsicott
|-sidestart|p2: ULT Limitless|move: Tailwind
|move|p1a: Sawk|Close Combat|p2a: Whimsicott
|-resisted|p2a: Whimsicott
|-damage|p2a: Whimsicott|0 fnt
|-unboost|p1a: Sawk|def|1
|-unboost|p1a: Sawk|spd|1
|faint|p2a: Whimsicott
|
|
|switch|p2a: Victini|Victini|12\/342
|turn|40
|
|move|p2a: Victini|V-create|p1a: Sawk
|-activate|p1a: Sawk|Sturdy
|-damage|p1a: Sawk|1\/291
|-unboost|p2a: Victini|def|1
|-unboost|p2a: Victini|spd|1
|-unboost|p2a: Victini|spe|1
|move|p1a: Sawk|Close Combat|p2a: Victini
|-resisted|p2a: Victini
|-damage|p2a: Victini|0 fnt
|-unboost|p1a: Sawk|def|1
|-unboost|p1a: Sawk|spd|1
|faint|p2a: Victini
|
|win|SpecsPrimeape
|raw|Ladder updating...
|raw|SpecsPrimeape's rating: 1324 &rarr; <strong>1349<\/strong><br \/>(+25 for winning)
|raw|ULT Limitless's rating: 1414 &rarr; <strong>1389<\/strong><br \/>(-25 for losing)