|join|ULT Limitless
|join|BFoxy
|player|p1|ULT Limitless|2
|player|p2|BFoxy|154
|gametype|singles
|gen|6
|tier|UU
|rated
|rule|Sleep Clause Mod: Limit one foe put to sleep
|rule|Species Clause: Limit one of each PokÃ©mon
|rule|OHKO Clause: OHKO moves are banned
|rule|Moody Clause: Moody is banned
|rule|Evasion Moves Clause: Evasion moves are banned
|rule|Endless Battle Clause: Forcing endless battles is banned
|rule|HP Percentage Mod: HP is reported as percentages
|clearpoke
|poke|p1|Jirachi
|poke|p1|Ampharos, F
|poke|p1|Hydreigon, M
|poke|p1|Manaphy
|poke|p1|Heracross, M
|poke|p1|Crobat, M
|poke|p2|Doublade, M, shiny
|poke|p2|Granbull, M
|poke|p2|Blissey, F
|poke|p2|Houndoom, M
|poke|p2|Tentacruel, M
|poke|p2|Rotom-Mow
|rule|Swagger Clause: Swagger is banned
|rule|Baton Pass Clause: Limit one PokÃ©mon knowing Baton Pass
|teampreview
|join|ult dodmen
|
|start
|switch|p1a: Ampharos|Ampharos, F|384\/384
|switch|p2a: Kraken|Tentacruel, M|361\/361
|turn|1
|
|switch|p2a: Landing Strip?|Rotom-Mow|241\/241
|detailschange|p1a: Ampharos|Ampharos-Mega, F
|message|Ampharos has Mega Evolved into Mega Ampharos!
|-ability|p1a: Ampharos|Mold Breaker
|move|p1a: Ampharos|Volt Switch|p2a: Landing Strip?
|-resisted|p2a: Landing Strip?
|-damage|p2a: Landing Strip?|212\/241
|
|switch|p1a: Hydreigon|Hydreigon, M|326\/326
|
|turn|2
|
|move|p1a: Hydreigon|U-turn|p2a: Landing Strip?
|-crit|p2a: Landing Strip?
|-supereffective|p2a: Landing Strip?
|-damage|p2a: Landing Strip?|62\/241
|
|switch|p1a: Ampharos|Ampharos-Mega, F|384\/384
|-ability|p1a: Ampharos|Mold Breaker
|move|p2a: Landing Strip?|Will-O-Wisp|p1a: Ampharos
|-status|p1a: Ampharos|brn
|
|-damage|p1a: Ampharos|336\/384 brn|[from] brn
|turn|3
|
|switch|p2a: Teen Mom|Blissey, F|651\/651
|move|p1a: Ampharos|Volt Switch|p2a: Teen Mom
|-damage|p2a: Teen Mom|566\/651
|
|switch|p1a: Heracross|Heracross, M|302\/302
|
|-heal|p2a: Teen Mom|606\/651|[from] item: Leftovers
|turn|4
|
|move|p1a: Heracross|Knock Off|p2a: Teen Mom
|-damage|p2a: Teen Mom|264\/651
|-enditem|p2a: Teen Mom|Leftovers|[from] move: Knock Off|[of] p1a: Heracross
|move|p2a: Teen Mom|Stealth Rock|p1a: Heracross
|-sidestart|p1: ULT Limitless|move: Stealth Rock
|
|turn|5
|
|switch|p1a: Crobat|Crobat, M|373\/373
|-damage|p1a: Crobat|280\/373|[from] Stealth Rock
|move|p2a: Teen Mom|Soft-Boiled|p2a: Teen Mom
|-heal|p2a: Teen Mom|590\/651
|
|-heal|p1a: Crobat|303\/373|[from] item: Black Sludge
|turn|6
|
|switch|p2a: Venetia Shield|Doublade, M, shiny|309\/309
|move|p1a: Crobat|Defog|p2a: Venetia Shield
|-unboost|p2a: Venetia Shield|evasion|1
|-sideend|p1: ULT Limitless|Stealth Rock|[from] move: Defog|[of] p1a: Crobat
|
|-heal|p1a: Crobat|326\/373|[from] item: Black Sludge
|turn|7
|
|move|p1a: Crobat|U-turn|p2a: Venetia Shield
|-resisted|p2a: Venetia Shield
|-damage|p2a: Venetia Shield|303\/309
|
|switch|p1a: Heracross|Heracross, M|302\/302
|move|p2a: Venetia Shield|Shadow Claw|p1a: Heracross
|-damage|p1a: Heracross|160\/302
|
|turn|8
|
|switch|p2a: Boodro|Granbull, M|377\/377
|-ability|p2a: Boodro|Intimidate|[of] p1a: Heracross
|-unboost|p1a: Heracross|atk|1
|move|p1a: Heracross|Knock Off|p2a: Boodro
|-resisted|p2a: Boodro
|-damage|p2a: Boodro|319\/377
|-enditem|p2a: Boodro|Leftovers|[from] move: Knock Off|[of] p1a: Heracross
|
|turn|9
|
|switch|p1a: Jirachi|Jirachi|341\/341
|move|p2a: Boodro|Thunder Wave|p1a: Jirachi
|-status|p1a: Jirachi|par
|
|turn|10
|
|move|p2a: Boodro|Earthquake|p1a: Jirachi
|-supereffective|p1a: Jirachi
|-damage|p1a: Jirachi|169\/341 par
|cant|p1a: Jirachi|par
|
|-heal|p1a: Jirachi|190\/341 par|[from] item: Leftovers
|turn|11
|
|move|p2a: Boodro|Thunder Wave|p1a: Jirachi
|-fail|p1a: Jirachi|par
|move|p1a: Jirachi|Stealth Rock|p2a: Boodro
|-sidestart|p2: BFoxy|move: Stealth Rock
|
|-heal|p1a: Jirachi|211\/341 par|[from] item: Leftovers
|turn|12
|join|zTerribadTastic
|
|move|p2a: Boodro|Earthquake|p1a: Jirachi
|-supereffective|p1a: Jirachi
|-damage|p1a: Jirachi|31\/341 par
|move|p1a: Jirachi|Iron Head|p2a: Boodro
|-supereffective|p2a: Boodro
|-damage|p2a: Boodro|113\/377
|
|-heal|p1a: Jirachi|52\/341 par|[from] item: Leftovers
|turn|13
|
|move|p2a: Boodro|Earthquake|p1a: Jirachi
|-supereffective|p1a: Jirachi
|-damage|p1a: Jirachi|0 fnt
|faint|p1a: Jirachi
|
|
|switch|p1a: Manaphy|Manaphy|342\/342
|turn|14
|
|move|p1a: Manaphy|Surf|p2a: Boodro
|-damage|p2a: Boodro|0 fnt
|faint|p2a: Boodro
|
|
|switch|p2a: Landing Strip?|Rotom-Mow|62\/241
|-damage|p2a: Landing Strip?|32\/241|[from] Stealth Rock
|turn|15
|
|switch|p1a: Ampharos|Ampharos-Mega, F|336\/384 brn
|-ability|p1a: Ampharos|Mold Breaker
|move|p2a: Landing Strip?|Volt Switch|p1a: Ampharos
|-crit|p1a: Ampharos
|-resisted|p1a: Ampharos
|-damage|p1a: Ampharos|298\/384 brn
|
|switch|p2a: Teen Mom|Blissey, F|590\/651
|-damage|p2a: Teen Mom|509\/651|[from] Stealth Rock
|
|-damage|p1a: Ampharos|250\/384 brn|[from] brn
|turn|16
|
|move|p2a: Teen Mom|Stealth Rock|p1a: Ampharos
|-sidestart|p1: ULT Limitless|move: Stealth Rock
|move|p1a: Ampharos|Volt Switch|p2a: Teen Mom
|-damage|p2a: Teen Mom|427\/651
|join|blitzfiend
|
|switch|p1a: Heracross|Heracross, M|160\/302
|-damage|p1a: Heracross|123\/302|[from] Stealth Rock
|
|turn|17
|
|switch|p2a: Kraken|Tentacruel, M|361\/361
|-damage|p2a: Kraken|316\/361|[from] Stealth Rock
|move|p1a: Heracross|Close Combat|p2a: Kraken
|-resisted|p2a: Kraken
|-damage|p2a: Kraken|155\/361
|-unboost|p1a: Heracross|def|1
|-unboost|p1a: Heracross|spd|1
|
|-heal|p2a: Kraken|177\/361|[from] item: Leftovers
|turn|18
|
|move|p1a: Heracross|Close Combat|p2a: Kraken
|-resisted|p2a: Kraken
|-damage|p2a: Kraken|15\/361
|-unboost|p1a: Heracross|def|1
|-unboost|p1a: Heracross|spd|1
|move|p2a: Kraken|Rapid Spin|p1a: Heracross
|-damage|p1a: Heracross|100\/302
|-sideend|p2: BFoxy|Stealth Rock|[from] move: Rapid Spin|[of] p2a: Kraken
|
|-heal|p2a: Kraken|37\/361|[from] item: Leftovers
|turn|19
|
|switch|p1a: Manaphy|Manaphy|342\/342
|-damage|p1a: Manaphy|300\/342|[from] Stealth Rock
|move|p2a: Kraken|Scald|p1a: Manaphy
|-resisted|p1a: Manaphy
|-damage|p1a: Manaphy|260\/342
|
|-heal|p1a: Manaphy|281\/342|[from] item: Leftovers
|-heal|p2a: Kraken|59\/361|[from] item: Leftovers
|turn|20
|
|switch|p2a: Landing Strip?|Rotom-Mow|32\/241
|move|p1a: Manaphy|Tail Glow|p1a: Manaphy
|-boost|p1a: Manaphy|spa|3
|
|-heal|p1a: Manaphy|302\/342|[from] item: Leftovers
|turn|21
|
|move|p2a: Landing Strip?|Leaf Storm|p1a: Manaphy
|-supereffective|p1a: Manaphy
|-damage|p1a: Manaphy|0 fnt
|-unboost|p2a: Landing Strip?|spa|2
|faint|p1a: Manaphy
|
|
|switch|p1a: Crobat|Crobat, M|326\/373
|-damage|p1a: Crobat|233\/373|[from] Stealth Rock
|turn|22
|join|gecko2004
|join|Nysyr
|
|switch|p2a: Venetia Shield|Doublade, M, shiny|303\/309
|move|p1a: Crobat|Roost|p1a: Crobat
|-heal|p1a: Crobat|373\/373
|
|turn|23
|
|move|p1a: Crobat|U-turn|p2a: Venetia Shield
|-resisted|p2a: Venetia Shield
|-damage|p2a: Venetia Shield|297\/309
|
|switch|p1a: Ampharos|Ampharos-Mega, F|250\/384 brn
|-damage|p1a: Ampharos|202\/384 brn|[from] Stealth Rock
|-ability|p1a: Ampharos|Mold Breaker
|move|p2a: Venetia Shield|Iron Head|p1a: Ampharos
|-resisted|p1a: Ampharos
|-damage|p1a: Ampharos|155\/384 brn
|
|-damage|p1a: Ampharos|107\/384 brn|[from] brn
|turn|24
|chat|gecko2004|mega sheep is being replaced by a new fluff
|chat|gecko2004|mega altaria
|
|switch|p2a: Teen Mom|Blissey, F|427\/651
|move|p1a: Ampharos|Rest|p1a: Ampharos
|-status|p1a: Ampharos|slp
|-heal|p1a: Ampharos|384\/384 slp|[silent]
|-status|p1a: Ampharos|slp|[from] move: Rest
|
|turn|25
|
|move|p2a: Teen Mom|Soft-Boiled|p2a: Teen Mom
|-heal|p2a: Teen Mom|651\/651
|cant|p1a: Ampharos|slp
|move|p1a: Ampharos|Sleep Talk|p1a: Ampharos
|move|p1a: Ampharos|Volt Switch|p2a: Teen Mom|[from]Sleep Talk
|-damage|p2a: Teen Mom|573\/651
|chat|gecko2004|i can just bet you 3:
|
|switch|p1a: Crobat|Crobat, M|373\/373
|-damage|p1a: Crobat|280\/373|[from] Stealth Rock
|
|-heal|p1a: Crobat|303\/373|[from] item: Black Sludge
|turn|26
|chat|gecko2004|that name..
|
|switch|p2a: Venetia Shield|Doublade, M, shiny|297\/309
|move|p1a: Crobat|Defog|p2a: Venetia Shield
|-unboost|p2a: Venetia Shield|evasion|1
|-sideend|p1: ULT Limitless|Stealth Rock|[from] move: Defog|[of] p1a: Crobat
|
|-heal|p1a: Crobat|326\/373|[from] item: Black Sludge
|turn|27
|leave|blitzfiend
|
|move|p1a: Crobat|U-turn|p2a: Venetia Shield
|-crit|p2a: Venetia Shield
|-resisted|p2a: Venetia Shield
|-damage|p2a: Venetia Shield|287\/309
|
|switch|p1a: Ampharos|Ampharos-Mega, F|384\/384 slp
|-ability|p1a: Ampharos|Mold Breaker
|move|p2a: Venetia Shield|Shadow Claw|p1a: Ampharos
|-damage|p1a: Ampharos|297\/384 slp
|
|turn|28
|leave|gecko2004
|
|switch|p2a: Teen Mom|Blissey, F|573\/651
|cant|p1a: Ampharos|slp
|move|p1a: Ampharos|Sleep Talk|p1a: Ampharos
|move|p1a: Ampharos|Dragon Pulse|p2a: Teen Mom|[from]Sleep Talk
|-damage|p2a: Teen Mom|465\/651
|
|turn|29
|
|move|p2a: Teen Mom|Stealth Rock|p1a: Ampharos
|-sidestart|p1: ULT Limitless|move: Stealth Rock
|-curestatus|p1a: Ampharos|slp
|move|p1a: Ampharos|Volt Switch|p2a: Teen Mom
|-damage|p2a: Teen Mom|383\/651
|
|switch|p1a: Crobat|Crobat, M|326\/373
|-damage|p1a: Crobat|233\/373|[from] Stealth Rock
|
|-heal|p1a: Crobat|256\/373|[from] item: Black Sludge
|turn|30
|
|switch|p2a: Venetia Shield|Doublade, M, shiny|287\/309
|move|p1a: Crobat|Defog|p2a: Venetia Shield
|-unboost|p2a: Venetia Shield|evasion|1
|-sideend|p1: ULT Limitless|Stealth Rock|[from] move: Defog|[of] p1a: Crobat
|
|-heal|p1a: Crobat|279\/373|[from] item: Black Sludge
|turn|31
|
|move|p1a: Crobat|U-turn|p2a: Venetia Shield
|-resisted|p2a: Venetia Shield
|-damage|p2a: Venetia Shield|281\/309
|
|switch|p1a: Ampharos|Ampharos-Mega, F|297\/384
|-ability|p1a: Ampharos|Mold Breaker
|move|p2a: Venetia Shield|Swords Dance|p2a: Venetia Shield
|-boost|p2a: Venetia Shield|atk|2
|
|turn|32
|
|move|p1a: Ampharos|Volt Switch|p2a: Venetia Shield
|-damage|p2a: Venetia Shield|131\/309
|
|switch|p1a: Hydreigon|Hydreigon, M|326\/326
|move|p2a: Venetia Shield|Iron Head|p1a: Hydreigon
|-damage|p1a: Hydreigon|25\/326
|
|turn|33
|
|switch|p1a: Ampharos|Ampharos-Mega, F|297\/384
|-ability|p1a: Ampharos|Mold Breaker
|move|p2a: Venetia Shield|Shadow Sneak|p1a: Ampharos
|-damage|p1a: Ampharos|195\/384
|
|turn|34
|
|switch|p2a: Teen Mom|Blissey, F|383\/651
|move|p1a: Ampharos|Volt Switch|p2a: Teen Mom
|-damage|p2a: Teen Mom|302\/651
|
|switch|p1a: Heracross|Heracross, M|100\/302
|
|turn|35
|
|switch|p2a: Kraken|Tentacruel, M|59\/361
|move|p1a: Heracross|Megahorn|p2a: Kraken
|-resisted|p2a: Kraken
|-damage|p2a: Kraken|0 fnt
|faint|p2a: Kraken
|
|
|switch|p2a: Cerberus|Houndoom, M|291\/291
|turn|36
|leave|Nysyr
|
|switch|p1a: Ampharos|Ampharos-Mega, F|195\/384
|-ability|p1a: Ampharos|Mold Breaker
|detailschange|p2a: Cerberus|Houndoom-Mega, M
|message|Houndoom has Mega Evolved into Mega Houndoom!
|move|p2a: Cerberus|Fire Blast|p1a: Ampharos
|-resisted|p1a: Ampharos
|-damage|p1a: Ampharos|93\/384
|
|turn|37
|join|Nysyr
|
|switch|p1a: Crobat|Crobat, M|279\/373
|move|p2a: Cerberus|Dark Pulse|p1a: Crobat
|-damage|p1a: Crobat|107\/373
|
|-heal|p1a: Crobat|130\/373|[from] item: Black Sludge
|turn|38
|
|move|p1a: Crobat|U-turn|p2a: Cerberus
|-damage|p2a: Cerberus|229\/291
|
|switch|p1a: Ampharos|Ampharos-Mega, F|93\/384
|-ability|p1a: Ampharos|Mold Breaker
|move|p2a: Cerberus|Dark Pulse|p1a: Ampharos
|-damage|p1a: Ampharos|0 fnt
|faint|p1a: Ampharos
|
|
|switch|p1a: Hydreigon|Hydreigon, M|25\/326
|turn|39
|
|move|p2a: Cerberus|Sucker Punch|p1a: Hydreigon
|-resisted|p1a: Hydreigon
|-damage|p1a: Hydreigon|0 fnt
|faint|p1a: Hydreigon
|
|
|switch|p1a: Crobat|Crobat, M|130\/373
|turn|40
|
|switch|p2a: Venetia Shield|Doublade, M, shiny|131\/309
|move|p1a: Crobat|Roost|p1a: Crobat
|-heal|p1a: Crobat|317\/373
|
|-heal|p1a: Crobat|340\/373|[from] item: Black Sludge
|turn|41
|
|move|p1a: Crobat|Brave Bird|p2a: Venetia Shield
|-resisted|p2a: Venetia Shield
|-damage|p2a: Venetia Shield|98\/309
|-damage|p1a: Crobat|329\/373|[from] recoil|[of] p2a: Venetia Shield
|move|p2a: Venetia Shield|Iron Head|p1a: Crobat
|-damage|p1a: Crobat|149\/373
|
|-heal|p1a: Crobat|172\/373|[from] item: Black Sludge
|turn|42
|leave|zTerribadTastic
|
|move|p1a: Crobat|Roost|p1a: Crobat
|-heal|p1a: Crobat|359\/373
|move|p2a: Venetia Shield|Swords Dance|p2a: Venetia Shield
|-boost|p2a: Venetia Shield|atk|2
|
|-heal|p1a: Crobat|373\/373|[from] item: Black Sludge
|turn|43
|
|move|p1a: Crobat|Brave Bird|p2a: Venetia Shield
|-resisted|p2a: Venetia Shield
|-damage|p2a: Venetia Shield|64\/309
|-damage|p1a: Crobat|362\/373|[from] recoil|[of] p2a: Venetia Shield
|move|p2a: Venetia Shield|Iron Head|p1a: Crobat
|-damage|p1a: Crobat|7\/373
|
|-heal|p1a: Crobat|30\/373|[from] item: Black Sludge
|turn|44
|-message|ULT Limitless forfeited.
|
|win|BFoxy
|raw|Ladder updating...
|leave|ULT Limitless
|player|p1
|raw|ULT Limitless's rating: 1751 &rarr; <strong>1722<\/strong><br \/>(-29 for losing)
|raw|BFoxy's rating: 1579 &rarr; <strong>1608<\/strong><br \/>(+29 for winning)
|leave|Nysyr