|join|ULT Limitless
|join|ULT Bluwing
|player|p1|ULT Limitless|169
|player|p2|ULT Bluwing|99
|gametype|singles
|gen|6
|tier|UU
|rated
|rule|Sleep Clause Mod: Limit one foe put to sleep
|rule|Species Clause: Limit one of each PokÃ©mon
|rule|OHKO Clause: OHKO moves are banned
|rule|Moody Clause: Moody is banned
|rule|Evasion Moves Clause: Evasion moves are banned
|rule|Endless Battle Clause: Forcing endless battles is banned
|rule|HP Percentage Mod: HP is reported as percentages
|clearpoke
|poke|p1|Jirachi
|poke|p1|Ampharos, M
|poke|p1|Hydreigon, F
|poke|p1|Manaphy
|poke|p1|Heracross, F
|poke|p1|Crobat, M
|poke|p2|Virizion, shiny
|poke|p2|Manaphy
|poke|p2|Jirachi
|poke|p2|Hydreigon, F
|poke|p2|Chandelure, F
|poke|p2|Aerodactyl, F
|rule|Swagger Clause: Swagger is banned
|rule|Baton Pass Clause: Limit one PokÃ©mon knowing Baton Pass
|teampreview
|chat|ULT Bluwing|hey man
|chat|ULT Limitless|hi
|
|start
|switch|p1a: Ampharos|Ampharos, M|384\/384
|switch|p2a: Jirachi|Jirachi|342\/342
|turn|1
|
|detailschange|p1a: Ampharos|Ampharos-Mega, M
|message|Ampharos has Mega Evolved into Mega Ampharos!
|-ability|p1a: Ampharos|Mold Breaker
|move|p2a: Jirachi|Stealth Rock|p1a: Ampharos
|-sidestart|p1: ULT Limitless|move: Stealth Rock
|move|p1a: Ampharos|Volt Switch|p2a: Jirachi
|-damage|p2a: Jirachi|212\/342
|
|switch|p1a: Hydreigon|Hydreigon, F|326\/326
|-damage|p1a: Hydreigon|286\/326|[from] Stealth Rock
|
|-heal|p2a: Jirachi|233\/342|[from] item: Leftovers
|turn|2
|
|move|p1a: Hydreigon|Dark Pulse|p2a: Jirachi
|-supereffective|p2a: Jirachi
|-damage|p2a: Jirachi|0 fnt
|faint|p2a: Jirachi
|
|
|switch|p2a: Hydreigon|Hydreigon, F|325\/325
|turn|3
|
|switch|p1a: Heracross|Heracross, F|302\/302
|-damage|p1a: Heracross|265\/302|[from] Stealth Rock
|move|p2a: Hydreigon|Dark Pulse|p1a: Heracross
|-crit|p1a: Heracross
|-resisted|p1a: Heracross
|-damage|p1a: Heracross|160\/302
|
|turn|4
|
|switch|p2a: Aerodactyl|Aerodactyl, F|335\/335
|-ability|p2a: Aerodactyl|Pressure
|move|p1a: Heracross|Stone Edge|p2a: Aerodactyl|[miss]
|-miss|p1a: Heracross|p2a: Aerodactyl
|
|turn|5
|chat|ULT Bluwing|wow ppl run stone edge herra
|
|detailschange|p2a: Aerodactyl|Aerodactyl-Mega, F
|message|Aerodactyl has Mega Evolved into Mega Aerodactyl!
|move|p2a: Aerodactyl|Stone Edge|p1a: Heracross
|-damage|p1a: Heracross|0 fnt
|faint|p1a: Heracross
|
|
|switch|p1a: Ampharos|Ampharos-Mega, M|384\/384
|-damage|p1a: Ampharos|336\/384|[from] Stealth Rock
|-ability|p1a: Ampharos|Mold Breaker
|turn|6
|
|switch|p2a: Hydreigon|Hydreigon, F|325\/325
|move|p1a: Ampharos|Volt Switch|p2a: Hydreigon
|-crit|p2a: Hydreigon
|-resisted|p2a: Hydreigon
|-damage|p2a: Hydreigon|215\/325
|
|switch|p1a: Crobat|Crobat, M|373\/373
|-damage|p1a: Crobat|280\/373|[from] Stealth Rock
|
|-heal|p1a: Crobat|303\/373|[from] item: Black Sludge
|turn|7
|
|move|p2a: Hydreigon|Dark Pulse|p1a: Crobat
|-damage|p1a: Crobat|137\/373
|move|p1a: Crobat|Defog|p2a: Hydreigon
|-unboost|p2a: Hydreigon|evasion|1
|-sideend|p1: ULT Limitless|Stealth Rock|[from] move: Defog|[of] p1a: Crobat
|
|-heal|p1a: Crobat|160\/373|[from] item: Black Sludge
|turn|8
|
|switch|p2a: Aerodactyl|Aerodactyl-Mega, F|335\/335
|switch|p1a: Hydreigon|Hydreigon, F|286\/326
|
|turn|9
|
|move|p1a: Hydreigon|U-turn|p2a: Aerodactyl
|-resisted|p2a: Aerodactyl
|-damage|p2a: Aerodactyl|306\/335
|
|switch|p1a: Jirachi|Jirachi|341\/341
|move|p2a: Aerodactyl|Stone Edge|p1a: Jirachi
|-crit|p1a: Jirachi
|-resisted|p1a: Jirachi
|-damage|p1a: Jirachi|211\/341
|
|-heal|p1a: Jirachi|232\/341|[from] item: Leftovers
|turn|10
|
|move|p2a: Aerodactyl|Aqua Tail|p1a: Jirachi
|-damage|p1a: Jirachi|95\/341
|move|p1a: Jirachi|Stealth Rock|p2a: Aerodactyl
|-sidestart|p2: ULT Bluwing|move: Stealth Rock
|
|-heal|p1a: Jirachi|116\/341|[from] item: Leftovers
|turn|11
|
|switch|p1a: Ampharos|Ampharos-Mega, M|336\/384
|-ability|p1a: Ampharos|Mold Breaker
|move|p2a: Aerodactyl|Aqua Tail|p1a: Ampharos
|-resisted|p1a: Ampharos
|-damage|p1a: Ampharos|282\/384
|
|turn|12
|
|switch|p2a: Hydreigon|Hydreigon, F|215\/325
|-damage|p2a: Hydreigon|175\/325|[from] Stealth Rock
|move|p1a: Ampharos|Volt Switch|p2a: Hydreigon
|-resisted|p2a: Hydreigon
|-damage|p2a: Hydreigon|107\/325
|
|switch|p1a: Manaphy|Manaphy|342\/342
|
|turn|13
|
|move|p2a: Hydreigon|Dark Pulse|p1a: Manaphy
|-damage|p1a: Manaphy|215\/342
|move|p1a: Manaphy|Ice Beam|p2a: Hydreigon
|-supereffective|p2a: Hydreigon
|-damage|p2a: Hydreigon|0 fnt
|faint|p2a: Hydreigon
|
|-heal|p1a: Manaphy|236\/342|[from] item: Leftovers
|
|switch|p2a: Aerodactyl|Aerodactyl-Mega, F|306\/335
|-damage|p2a: Aerodactyl|223\/335|[from] Stealth Rock
|turn|14
|
|switch|p1a: Jirachi|Jirachi|116\/341
|move|p2a: Aerodactyl|Stone Edge|p1a: Jirachi
|-resisted|p1a: Jirachi
|-damage|p1a: Jirachi|38\/341
|
|-heal|p1a: Jirachi|59\/341|[from] item: Leftovers
|turn|15
|
|move|p2a: Aerodactyl|Aqua Tail|p1a: Jirachi
|-damage|p1a: Jirachi|0 fnt
|faint|p1a: Jirachi
|
|
|switch|p1a: Ampharos|Ampharos-Mega, M|282\/384
|-ability|p1a: Ampharos|Mold Breaker
|turn|16
|
|switch|p2a: Chandelure|Chandelure, F|261\/261
|-damage|p2a: Chandelure|196\/261|[from] Stealth Rock
|move|p1a: Ampharos|Volt Switch|p2a: Chandelure
|-damage|p2a: Chandelure|61\/261
|
|switch|p1a: Hydreigon|Hydreigon, F|286\/326
|
|turn|17
|
|move|p1a: Hydreigon|Dragon Pulse|p2a: Chandelure
|-crit|p2a: Chandelure
|-damage|p2a: Chandelure|0 fnt
|faint|p2a: Chandelure
|
|
|switch|p2a: Virizion|Virizion, shiny|323\/323
|-damage|p2a: Virizion|303\/323|[from] Stealth Rock
|turn|18
|
|switch|p1a: Ampharos|Ampharos-Mega, M|282\/384
|-ability|p1a: Ampharos|Mold Breaker
|move|p2a: Virizion|Stone Edge|p1a: Ampharos
|-damage|p1a: Ampharos|219\/384
|
|turn|19
|
|move|p2a: Virizion|Swords Dance|p2a: Virizion
|-boost|p2a: Virizion|atk|2
|move|p1a: Ampharos|Volt Switch|p2a: Virizion
|-resisted|p2a: Virizion
|-damage|p2a: Virizion|252\/323
|
|switch|p1a: Crobat|Crobat, M|160\/373
|
|-heal|p1a: Crobat|183\/373|[from] item: Black Sludge
|turn|20
|
|switch|p2a: Aerodactyl|Aerodactyl-Mega, F|223\/335
|-damage|p2a: Aerodactyl|140\/335|[from] Stealth Rock
|move|p1a: Crobat|Brave Bird|p2a: Aerodactyl
|-resisted|p2a: Aerodactyl
|-damage|p2a: Aerodactyl|56\/335
|-damage|p1a: Crobat|155\/373|[from] recoil|[of] p2a: Aerodactyl
|
|-heal|p1a: Crobat|178\/373|[from] item: Black Sludge
|turn|21
|
|switch|p1a: Hydreigon|Hydreigon, F|286\/326
|move|p2a: Aerodactyl|Defog|p1a: Hydreigon
|-unboost|p1a: Hydreigon|evasion|1
|-sideend|p2: ULT Bluwing|Stealth Rock|[from] move: Defog|[of] p2a: Aerodactyl
|
|turn|22
|
|switch|p2a: Virizion|Virizion, shiny|252\/323
|move|p1a: Hydreigon|Dragon Pulse|p2a: Virizion
|-damage|p2a: Virizion|129\/323
|
|turn|23
|
|switch|p1a: Ampharos|Ampharos-Mega, M|219\/384
|-ability|p1a: Ampharos|Mold Breaker
|move|p2a: Virizion|Close Combat|p1a: Ampharos
|-damage|p1a: Ampharos|93\/384
|-unboost|p2a: Virizion|def|1
|-unboost|p2a: Virizion|spd|1
|
|turn|24
|
|move|p2a: Virizion|Close Combat|p1a: Ampharos
|-damage|p1a: Ampharos|0 fnt
|-unboost|p2a: Virizion|def|1
|-unboost|p2a: Virizion|spd|1
|faint|p1a: Ampharos
|
|
|switch|p1a: Hydreigon|Hydreigon, F|286\/326
|turn|25
|join|BenzMafia
|
|move|p1a: Hydreigon|Dragon Pulse|p2a: Virizion
|-damage|p2a: Virizion|0 fnt
|faint|p2a: Virizion
|
|
|switch|p2a: Manaphy|Manaphy|341\/341
|turn|26
|
|move|p1a: Hydreigon|Dragon Pulse|p2a: Manaphy
|-damage|p2a: Manaphy|206\/341
|move|p2a: Manaphy|Ice Beam|p1a: Hydreigon
|-supereffective|p1a: Hydreigon
|-damage|p1a: Hydreigon|78\/326
|
|-heal|p2a: Manaphy|227\/341|[from] item: Leftovers
|turn|27
|
|move|p1a: Hydreigon|Dragon Pulse|p2a: Manaphy
|-damage|p2a: Manaphy|67\/341
|move|p2a: Manaphy|Ice Beam|p1a: Hydreigon
|-supereffective|p1a: Hydreigon
|-damage|p1a: Hydreigon|0 fnt
|faint|p1a: Hydreigon
|
|-heal|p2a: Manaphy|88\/341|[from] item: Leftovers
|
|switch|p1a: Crobat|Crobat, M|178\/373
|turn|28
|
|move|p1a: Crobat|Brave Bird|p2a: Manaphy
|-damage|p2a: Manaphy|0 fnt
|-damage|p1a: Crobat|149\/373|[from] recoil|[of] p2a: Manaphy
|faint|p2a: Manaphy
|
|-heal|p1a: Crobat|172\/373|[from] item: Black Sludge
|
|switch|p2a: Aerodactyl|Aerodactyl-Mega, F|56\/335
|turn|29
|chat|ULT Bluwing|gg
|
|move|p2a: Aerodactyl|Aerial Ace|p1a: Crobat
|-damage|p1a: Crobat|0 fnt
|faint|p1a: Crobat
|
|chat|ULT Limitless|gg
|
|switch|p1a: Manaphy|Manaphy|236\/342
|turn|30
|
|move|p2a: Aerodactyl|Stone Edge|p1a: Manaphy
|-damage|p1a: Manaphy|43\/342
|move|p1a: Manaphy|Surf|p2a: Aerodactyl
|-supereffective|p2a: Aerodactyl
|-damage|p2a: Aerodactyl|0 fnt
|faint|p2a: Aerodactyl
|
|win|ULT Limitless
|raw|Ladder updating...
|raw|ULT Limitless's rating: 1744 &rarr; <strong>1752<\/strong><br \/>(+8 for winning)
|raw|ULT Bluwing's rating: 1509 &rarr; <strong>1501<\/strong><br \/>(-8 for losing)
|chat|ULT Bluwing|wp