|join|ULT Limitless
|join|ruil
|player|p1|ULT Limitless|288
|player|p2|ruil|107
|gametype|singles
|gen|6
|tier|UU
|rated
|rule|Sleep Clause Mod: Limit one foe put to sleep
|rule|Species Clause: Limit one of each PokÃ©mon
|rule|OHKO Clause: OHKO moves are banned
|rule|Moody Clause: Moody is banned
|rule|Evasion Moves Clause: Evasion moves are banned
|rule|Endless Battle Clause: Forcing endless battles is banned
|rule|HP Percentage Mod: HP is reported as percentages
|clearpoke
|poke|p1|Jirachi
|poke|p1|Ampharos, F
|poke|p1|Hydreigon, M
|poke|p1|Manaphy, shiny
|poke|p1|Heracross, F
|poke|p1|Crobat, F
|poke|p2|Absol, M
|poke|p2|Victini
|poke|p2|Hydreigon, F
|poke|p2|Roserade, M
|poke|p2|Hippowdon, F
|poke|p2|Cobalion
|rule|Swagger Clause: Swagger is banned
|rule|Baton Pass Clause: Limit one PokÃ©mon knowing Baton Pass
|teampreview
|
|start
|switch|p1a: Ampharos|Ampharos, F|384\/384
|switch|p2a: Cobalion|Cobalion|339\/339
|turn|1
|
|detailschange|p1a: Ampharos|Ampharos-Mega, F
|message|Ampharos has Mega Evolved into Mega Ampharos!
|-ability|p1a: Ampharos|Mold Breaker
|move|p2a: Cobalion|Volt Switch|p1a: Ampharos
|-resisted|p1a: Ampharos
|-damage|p1a: Ampharos|375\/384
|
|switch|p2a: Hydreigon|Hydreigon, F|325\/325
|move|p1a: Ampharos|Dragon Pulse|p2a: Hydreigon
|-supereffective|p2a: Hydreigon
|-damage|p2a: Hydreigon|0 fnt
|faint|p2a: Hydreigon
|
|
|switch|p2a: Roserade|Roserade, M|324\/324
|turn|2
|
|move|p2a: Roserade|Sleep Powder|p1a: Ampharos|[miss]
|-miss|p2a: Roserade|p1a: Ampharos
|move|p1a: Ampharos|Volt Switch|p2a: Roserade
|-resisted|p2a: Roserade
|-damage|p2a: Roserade|274\/324
|leave|ruil
|chat|ruil|test
|player|p2
|join|ruil
|player|p2|ruil|107
|
|switch|p1a: Crobat|Crobat, F|373\/373
|
|-heal|p2a: Roserade|294\/324|[from] item: Black Sludge
|turn|3
|join|Choke on this Nerd
|
|switch|p2a: Hippowdon|Hippowdon, F|420\/420
|-weather|Sandstorm
|move|p1a: Crobat|U-turn|p2a: Hippowdon
|-crit|p2a: Hippowdon
|-damage|p2a: Hippowdon|368\/420
|
|switch|p1a: Manaphy|Manaphy, shiny|342\/342
|
|-weather|Sandstorm|[upkeep]
|-damage|p1a: Manaphy|321\/342|[from] sandstorm
|-heal|p1a: Manaphy|342\/342|[from] item: Leftovers
|-heal|p2a: Hippowdon|394\/420|[from] item: Leftovers
|turn|4
|
|move|p1a: Manaphy|Tail Glow|p1a: Manaphy
|-boost|p1a: Manaphy|spa|3
|move|p2a: Hippowdon|Stealth Rock|p1a: Manaphy
|-sidestart|p1: ULT Limitless|move: Stealth Rock
|
|-weather|Sandstorm|[upkeep]
|-damage|p1a: Manaphy|321\/342|[from] sandstorm
|-heal|p1a: Manaphy|342\/342|[from] item: Leftovers
|-heal|p2a: Hippowdon|420\/420|[from] item: Leftovers
|turn|5
|
|switch|p2a: Roserade|Roserade, M|294\/324
|move|p1a: Manaphy|Surf|p2a: Roserade
|-resisted|p2a: Roserade
|-damage|p2a: Roserade|147\/324
|
|-weather|Sandstorm|[upkeep]
|-damage|p1a: Manaphy|321\/342|[from] sandstorm
|-damage|p2a: Roserade|127\/324|[from] sandstorm
|-heal|p1a: Manaphy|342\/342|[from] item: Leftovers
|-heal|p2a: Roserade|147\/324|[from] item: Black Sludge
|turn|6
|
|move|p1a: Manaphy|Ice Beam|p2a: Roserade
|-supereffective|p2a: Roserade
|-damage|p2a: Roserade|0 fnt
|faint|p2a: Roserade
|
|-weather|Sandstorm|[upkeep]
|-damage|p1a: Manaphy|321\/342|[from] sandstorm
|-heal|p1a: Manaphy|342\/342|[from] item: Leftovers
|
|switch|p2a: Victini|Victini|341\/341
|turn|7
|
|move|p2a: Victini|Bolt Strike|p1a: Manaphy
|-supereffective|p1a: Manaphy
|-damage|p1a: Manaphy|0 fnt
|faint|p1a: Manaphy
|
|-weather|none
|
|switch|p1a: Ampharos|Ampharos-Mega, F|375\/384
|-damage|p1a: Ampharos|327\/384|[from] Stealth Rock
|-ability|p1a: Ampharos|Mold Breaker
|turn|8
|
|switch|p2a: Hippowdon|Hippowdon, F|420\/420
|-weather|Sandstorm
|move|p1a: Ampharos|Dragon Pulse|p2a: Hippowdon
|-damage|p2a: Hippowdon|227\/420
|
|-weather|Sandstorm|[upkeep]
|-damage|p1a: Ampharos|303\/384|[from] sandstorm
|-heal|p2a: Hippowdon|253\/420|[from] item: Leftovers
|turn|9
|
|switch|p1a: Heracross|Heracross, F|302\/302
|-damage|p1a: Heracross|265\/302|[from] Stealth Rock
|move|p2a: Hippowdon|Slack Off|p2a: Hippowdon
|-heal|p2a: Hippowdon|420\/420
|
|-weather|Sandstorm|[upkeep]
|-damage|p1a: Heracross|247\/302|[from] sandstorm
|turn|10
|
|switch|p2a: Absol|Absol, M|271\/271
|move|p1a: Heracross|Knock Off|p2a: Absol
|-resisted|p2a: Absol
|-damage|p2a: Absol|170\/271
|-boost|p2a: Absol|atk|1|[from] ability: Justified
|
|-weather|Sandstorm|[upkeep]
|-damage|p2a: Absol|154\/271|[from] sandstorm
|-damage|p1a: Heracross|229\/302|[from] sandstorm
|turn|11
|
|switch|p1a: Jirachi|Jirachi|341\/341
|-damage|p1a: Jirachi|320\/341|[from] Stealth Rock
|detailschange|p2a: Absol|Absol-Mega, M
|message|Absol has Mega Evolved into Mega Absol!
|move|p2a: Absol|Knock Off|p1a: Jirachi
|-supereffective|p1a: Jirachi
|-damage|p1a: Jirachi|0 fnt
|-enditem|p1a: Jirachi|Leftovers|[from] move: Knock Off|[of] p2a: Absol
|faint|p1a: Jirachi
|
|-weather|Sandstorm|[upkeep]
|-damage|p2a: Absol|138\/271|[from] sandstorm
|
|switch|p1a: Ampharos|Ampharos-Mega, F|303\/384
|-damage|p1a: Ampharos|255\/384|[from] Stealth Rock
|-ability|p1a: Ampharos|Mold Breaker
|turn|12
|join|ashiemore
|leave|ashiemore
|leave|Choke on this Nerd
|
|move|p2a: Absol|Superpower|p1a: Ampharos
|-damage|p1a: Ampharos|98\/384
|-unboost|p2a: Absol|atk|1
|-unboost|p2a: Absol|def|1
|move|p1a: Ampharos|Dragon Pulse|p2a: Absol
|-damage|p2a: Absol|0 fnt
|faint|p2a: Absol
|
|-weather|none
|
|switch|p2a: Hippowdon|Hippowdon, F|420\/420
|-weather|Sandstorm
|turn|13
|
|switch|p1a: Crobat|Crobat, F|373\/373
|-damage|p1a: Crobat|280\/373|[from] Stealth Rock
|move|p2a: Hippowdon|Ice Fang|p1a: Crobat
|-supereffective|p1a: Crobat
|-damage|p1a: Crobat|138\/373
|
|-weather|Sandstorm|[upkeep]
|-damage|p1a: Crobat|115\/373|[from] sandstorm
|-heal|p1a: Crobat|138\/373|[from] item: Black Sludge
|turn|14
|
|move|p1a: Crobat|Defog|p2a: Hippowdon
|-unboost|p2a: Hippowdon|evasion|1
|-sideend|p1: ULT Limitless|Stealth Rock|[from] move: Defog|[of] p1a: Crobat
|move|p2a: Hippowdon|Ice Fang|p1a: Crobat|[miss]
|-miss|p2a: Hippowdon|p1a: Crobat
|
|-weather|Sandstorm|[upkeep]
|-damage|p1a: Crobat|115\/373|[from] sandstorm
|-heal|p1a: Crobat|138\/373|[from] item: Black Sludge
|turn|15
|
|move|p1a: Crobat|Roost|p1a: Crobat
|-heal|p1a: Crobat|325\/373
|move|p2a: Hippowdon|Earthquake|p1a: Crobat
|-supereffective|p1a: Crobat
|-damage|p1a: Crobat|35\/373
|
|-weather|Sandstorm|[upkeep]
|-damage|p1a: Crobat|12\/373|[from] sandstorm
|-heal|p1a: Crobat|35\/373|[from] item: Black Sludge
|turn|16
|
|move|p1a: Crobat|Roost|p1a: Crobat
|-heal|p1a: Crobat|222\/373
|move|p2a: Hippowdon|Ice Fang|p1a: Crobat
|-damage|p1a: Crobat|151\/373
|
|-weather|Sandstorm|[upkeep]
|-damage|p1a: Crobat|128\/373|[from] sandstorm
|-heal|p1a: Crobat|151\/373|[from] item: Black Sludge
|turn|17
|
|move|p1a: Crobat|U-turn|p2a: Hippowdon
|-damage|p2a: Hippowdon|386\/420
|
|switch|p1a: Heracross|Heracross, F|229\/302
|move|p2a: Hippowdon|Stealth Rock|p1a: Heracross
|-sidestart|p1: ULT Limitless|move: Stealth Rock
|
|-weather|none
|-heal|p2a: Hippowdon|412\/420|[from] item: Leftovers
|turn|18
|
|move|p1a: Heracross|Close Combat|p2a: Hippowdon
|-damage|p2a: Hippowdon|186\/420
|-unboost|p1a: Heracross|def|1
|-unboost|p1a: Heracross|spd|1
|move|p2a: Hippowdon|Earthquake|p1a: Heracross
|-resisted|p1a: Heracross
|-damage|p1a: Heracross|104\/302
|
|-heal|p2a: Hippowdon|212\/420|[from] item: Leftovers
|turn|19
|
|switch|p2a: Victini|Victini|341\/341
|move|p1a: Heracross|Close Combat|p2a: Victini
|-resisted|p2a: Victini
|-damage|p2a: Victini|182\/341
|-unboost|p1a: Heracross|def|1
|-unboost|p1a: Heracross|spd|1
|
|turn|20
|join|ULT Sloth
|
|switch|p1a: Hydreigon|Hydreigon, M|326\/326
|-damage|p1a: Hydreigon|286\/326|[from] Stealth Rock
|move|p2a: Victini|V-create|p1a: Hydreigon
|-resisted|p1a: Hydreigon
|-damage|p1a: Hydreigon|72\/326
|-unboost|p2a: Victini|def|1
|-unboost|p2a: Victini|spd|1
|-unboost|p2a: Victini|spe|1
|
|turn|21
|join|watfor
|
|switch|p2a: Hippowdon|Hippowdon, F|212\/420
|-weather|Sandstorm
|move|p1a: Hydreigon|U-turn|p2a: Hippowdon
|-damage|p2a: Hippowdon|178\/420
|
|switch|p1a: Heracross|Heracross, F|104\/302
|-damage|p1a: Heracross|67\/302|[from] Stealth Rock
|
|-weather|Sandstorm|[upkeep]
|-damage|p1a: Heracross|49\/302|[from] sandstorm
|-heal|p2a: Hippowdon|204\/420|[from] item: Leftovers
|turn|22
|join|EyanTryingUU
|
|move|p1a: Heracross|Close Combat|p2a: Hippowdon
|-damage|p2a: Hippowdon|0 fnt
|-unboost|p1a: Heracross|def|1
|-unboost|p1a: Heracross|spd|1
|faint|p2a: Hippowdon
|
|-weather|Sandstorm|[upkeep]
|-damage|p1a: Heracross|31\/302|[from] sandstorm
|
|switch|p2a: Cobalion|Cobalion|339\/339
|turn|23
|
|move|p2a: Cobalion|Iron Head|p1a: Heracross
|-damage|p1a: Heracross|0 fnt
|faint|p1a: Heracross
|
|-weather|Sandstorm|[upkeep]
|
|switch|p1a: Crobat|Crobat, F|151\/373
|-damage|p1a: Crobat|58\/373|[from] Stealth Rock
|turn|24
|
|move|p2a: Cobalion|Iron Head|p1a: Crobat
|-damage|p1a: Crobat|0 fnt
|faint|p1a: Crobat
|
|-weather|Sandstorm|[upkeep]
|chat|ULT Limitless|scarf cob
|chat|ULT Limitless|really
|
|switch|p1a: Ampharos|Ampharos-Mega, F|98\/384
|-damage|p1a: Ampharos|50\/384|[from] Stealth Rock
|-ability|p1a: Ampharos|Mold Breaker
|turn|25
|chat|ruil|pretty useful
|
|switch|p2a: Victini|Victini|182\/341
|move|p1a: Ampharos|Rest|p1a: Ampharos
|-status|p1a: Ampharos|slp
|-heal|p1a: Ampharos|384\/384 slp|[silent]
|-status|p1a: Ampharos|slp|[from] move: Rest
|
|-weather|none
|turn|26
|
|move|p2a: Victini|V-create|p1a: Ampharos
|-resisted|p1a: Ampharos
|-damage|p1a: Ampharos|246\/384 slp
|-unboost|p2a: Victini|def|1
|-unboost|p2a: Victini|spd|1
|-unboost|p2a: Victini|spe|1
|cant|p1a: Ampharos|slp
|move|p1a: Ampharos|Sleep Talk|p1a: Ampharos
|move|p1a: Ampharos|Volt Switch|p2a: Victini|[from]Sleep Talk
|-damage|p2a: Victini|2\/341
|
|switch|p1a: Hydreigon|Hydreigon, M|72\/326
|-damage|p1a: Hydreigon|32\/326|[from] Stealth Rock
|
|turn|27
|
|move|p1a: Hydreigon|Dragon Pulse|p2a: Victini
|-damage|p2a: Victini|0 fnt
|faint|p2a: Victini
|
|
|switch|p2a: Cobalion|Cobalion|339\/339
|turn|28
|
|move|p2a: Cobalion|Close Combat|p1a: Hydreigon
|-supereffective|p1a: Hydreigon
|-damage|p1a: Hydreigon|0 fnt
|-unboost|p2a: Cobalion|def|1
|-unboost|p2a: Cobalion|spd|1
|faint|p1a: Hydreigon
|
|
|switch|p1a: Ampharos|Ampharos-Mega, F|246\/384 slp
|-damage|p1a: Ampharos|198\/384 slp|[from] Stealth Rock
|-ability|p1a: Ampharos|Mold Breaker
|turn|29
|chat|ruil|please.
|
|move|p2a: Cobalion|Close Combat|p1a: Ampharos
|-damage|p1a: Ampharos|75\/384 slp
|-unboost|p2a: Cobalion|def|1
|-unboost|p2a: Cobalion|spd|1
|cant|p1a: Ampharos|slp
|move|p1a: Ampharos|Sleep Talk|p1a: Ampharos
|move|p1a: Ampharos|Dragon Pulse|p2a: Cobalion|[from]Sleep Talk
|-resisted|p2a: Cobalion
|-damage|p2a: Cobalion|136\/339
|
|turn|30
|join|BenzMafia
|chat|ruil|gg
|chat|ULT Limitless|lol
|chat|ULT Limitless|u won cause of speed tie with victini
|chat|ULT Limitless|and the most retarded sets ever
|
|move|p2a: Cobalion|Close Combat|p1a: Ampharos
|-damage|p1a: Ampharos|0 fnt
|-unboost|p2a: Cobalion|def|1
|-unboost|p2a: Cobalion|spd|1
|faint|p1a: Ampharos
|
|win|ruil
|raw|Ladder updating...
|raw|ULT Limitless's rating: 1769 &rarr; <strong>1737<\/strong><br \/>(-32 for losing)
|raw|ruil's rating: 1546 &rarr; <strong>1577<\/strong><br \/>(+31 for winning)
|chat|ruil|ok ok
|leave|ULT Limitless
|player|p1
|leave|EyanTryingUU