|join|ULT Limitless
|join|ult toenail
|player|p1|ULT Limitless|33
|player|p2|ult toenail|147
|gametype|singles
|gen|6
|tier|UU
|rated
|rule|Sleep Clause Mod: Limit one foe put to sleep
|rule|Species Clause: Limit one of each PokÃ©mon
|rule|OHKO Clause: OHKO moves are banned
|rule|Moody Clause: Moody is banned
|rule|Evasion Moves Clause: Evasion moves are banned
|rule|Endless Battle Clause: Forcing endless battles is banned
|rule|HP Percentage Mod: HP is shown in percentages
|clearpoke
|poke|p1|Sharpedo, M, shiny
|poke|p1|Swampert, F, shiny
|poke|p1|Noivern, F, shiny
|poke|p1|Empoleon, F, shiny
|poke|p1|Infernape, M
|poke|p1|Toxicroak, M, shiny
|poke|p2|Snorlax, M
|poke|p2|Whimsicott, M
|poke|p2|Hydreigon, M
|poke|p2|Doublade, F, shiny
|poke|p2|Cobalion
|poke|p2|Tentacruel, F
|rule|Swagger Clause: Swagger is banned
|rule|Baton Pass Clause: Limit one PokÃ©mon knowing Baton Pass
|teampreview
|c|âult toenail|hf
|
|start
|switch|p1a: King Kong|Infernape, M|294\/294
|switch|p2a: nichze|Tentacruel, F|363\/363
|turn|1
|
|switch|p1a: Bruce Lee|Toxicroak, M, shiny|308\/308
|move|p2a: nichze|Scald|p1a: Bruce Lee
|-immune|p1a: Bruce Lee|[msg]
|
|turn|2
|
|switch|p2a: SlashinLikeAnAxew|Doublade, F, shiny|321\/321
|move|p1a: Bruce Lee|Nasty Plot|p1a: Bruce Lee
|-boost|p1a: Bruce Lee|spa|2
|
|turn|3
|
|switch|p1a: King Kong|Infernape, M|294\/294
|move|p2a: SlashinLikeAnAxew|Iron Head|p1a: King Kong
|-resisted|p1a: King Kong
|-damage|p1a: King Kong|207\/294
|
|turn|4
|join|ULT Bob
|
|switch|p1a: The Rock|Swampert, F, shiny|361\/361
|switch|p2a: nichze|Tentacruel, F|363\/363
|
|turn|5
|
|detailschange|p1a: The Rock|Swampert-Mega, F, shiny
|-mega|p1a: The Rock|Swampert|Swampertite
|move|p2a: nichze|Toxic Spikes|p1a: The Rock
|-sidestart|p1: ULT Limitless|move: Toxic Spikes
|move|p1a: The Rock|Ice Punch|p2a: nichze
|-resisted|p2a: nichze
|-damage|p2a: nichze|307\/363
|
|-heal|p2a: nichze|329\/363|[from] item: Black Sludge
|turn|6
|join|brokenwings
|
|switch|p2a: Cotton Pickin'|Whimsicott, M|261\/261
|move|p1a: The Rock|Ice Punch|p2a: Cotton Pickin'
|-supereffective|p2a: Cotton Pickin'
|-damage|p2a: Cotton Pickin'|27\/261
|
|-heal|p2a: Cotton Pickin'|43\/261|[from] item: Leftovers
|turn|7
|
|switch|p1a: Penguin|Empoleon, F, shiny|353\/353
|move|p2a: Cotton Pickin'|U-turn|p1a: Penguin
|-resisted|p1a: Penguin
|-damage|p1a: Penguin|334\/353
|
|switch|p2a: Simba|Cobalion|370\/370
|
|turn|8
|
|switch|p1a: Bruce Lee|Toxicroak, M, shiny|308\/308
|-sideend|p1: ULT Limitless|move: Toxic Spikes|[of] p1a: Bruce Lee
|move|p2a: Simba|Stealth Rock|p1a: Bruce Lee
|-sidestart|p1: ULT Limitless|move: Stealth Rock
|
|turn|9
|
|switch|p1a: King Kong|Infernape, M|207\/294
|-damage|p1a: King Kong|171\/294|[from] Stealth Rock
|move|p2a: Simba|Volt Switch|p1a: King Kong
|-damage|p1a: King Kong|115\/294
|
|switch|p2a: Cotton Pickin'|Whimsicott, M|43\/261
|
|-heal|p2a: Cotton Pickin'|59\/261|[from] item: Leftovers
|turn|10
|
|move|p2a: Cotton Pickin'|Moonblast|p1a: King Kong
|-damage|p1a: King Kong|0 fnt
|faint|p1a: King Kong
|
|-heal|p2a: Cotton Pickin'|75\/261|[from] item: Leftovers
|
|switch|p1a: Dracula|Noivern, F, shiny|312\/312
|-damage|p1a: Dracula|234\/312|[from] Stealth Rock
|turn|11
|
|switch|p2a: Tu Madre|Snorlax, M|497\/497
|move|p1a: Dracula|Switcheroo|p2a: Tu Madre
|-activate|p1a: Dracula|move: Trick|[of] p2a: Tu Madre
|-item|p2a: Tu Madre|Choice Specs|[from] Trick
|-item|p1a: Dracula|Leftovers|[from] Trick
|
|-heal|p1a: Dracula|253\/312|[from] item: Leftovers
|turn|12
|
|switch|p1a: Penguin|Empoleon, F, shiny|334\/353
|-damage|p1a: Penguin|312\/353|[from] Stealth Rock
|move|p2a: Tu Madre|Body Slam|p1a: Penguin
|-resisted|p1a: Penguin
|-damage|p1a: Penguin|255\/353
|
|turn|13
|
|switch|p1a: The Rock|Swampert-Mega, F, shiny|361\/361
|-damage|p1a: The Rock|339\/361|[from] Stealth Rock
|switch|p2a: Simba|Cobalion|370\/370
|
|turn|14
|join|Snowballin
|c|âULT Limitless|ur team is like an A+ counter to mine
|c|âULT Limitless|zz
|
|switch|p2a: Tu Madre|Snorlax, M|497\/497
|move|p1a: The Rock|Rain Dance|p1a: The Rock
|-weather|RainDance
|
|-weather|RainDance|[upkeep]
|turn|15
|join|kuza
|
|move|p1a: The Rock|Waterfall|p2a: Tu Madre
|-damage|p2a: Tu Madre|194\/497
|move|p2a: Tu Madre|Body Slam|p1a: The Rock
|-damage|p1a: The Rock|240\/361
|
|-weather|RainDance|[upkeep]
|turn|16
|
|move|p1a: The Rock|Waterfall|p2a: Tu Madre
|-crit|p2a: Tu Madre
|-damage|p2a: Tu Madre|0 fnt
|faint|p2a: Tu Madre
|
|-weather|RainDance|[upkeep]
|
|switch|p2a: Dr. Dreigon|Hydreigon, M|325\/325
|turn|17
|
|move|p2a: Dr. Dreigon|Draco Meteor|p1a: The Rock
|-damage|p1a: The Rock|20\/361
|-unboost|p2a: Dr. Dreigon|spa|2
|move|p1a: The Rock|Ice Punch|p2a: Dr. Dreigon
|-supereffective|p2a: Dr. Dreigon
|-damage|p2a: Dr. Dreigon|93\/325
|
|-weather|RainDance|[upkeep]
|turn|18
|
|move|p2a: Dr. Dreigon|Draco Meteor|p1a: The Rock
|-damage|p1a: The Rock|0 fnt
|-unboost|p2a: Dr. Dreigon|spa|2
|faint|p1a: The Rock
|
|-weather|none
|
|switch|p1a: Penguin|Empoleon, F, shiny|255\/353
|-damage|p1a: Penguin|233\/353|[from] Stealth Rock
|turn|19
|
|switch|p2a: Simba|Cobalion|370\/370
|move|p1a: Penguin|Swords Dance|p1a: Penguin
|-boost|p1a: Penguin|atk|2
|
|turn|20
|
|move|p2a: Simba|Close Combat|p1a: Penguin
|-supereffective|p1a: Penguin
|-enditem|p1a: Penguin|Chople Berry|[eat]
|-damage|p1a: Penguin|94\/353
|-unboost|p2a: Simba|def|1
|-unboost|p2a: Simba|spd|1
|move|p1a: Penguin|Drill Peck|p2a: Simba
|-damage|p2a: Simba|170\/370
|
|-heal|p2a: Simba|193\/370|[from] item: Leftovers
|turn|21
|c| kuza|wot?
|join|AM
|
|switch|p2a: Cotton Pickin'|Whimsicott, M|75\/261
|move|p1a: Penguin|Aqua Jet|p2a: Cotton Pickin'
|-resisted|p2a: Cotton Pickin'
|-damage|p2a: Cotton Pickin'|8\/261
|
|-heal|p2a: Cotton Pickin'|24\/261|[from] item: Leftovers
|turn|22
|
|move|p2a: Cotton Pickin'|Encore|p1a: Penguin
|-start|p1a: Penguin|Encore
|move|p1a: Penguin|Aqua Jet|p2a: Cotton Pickin'
|-resisted|p2a: Cotton Pickin'
|-damage|p2a: Cotton Pickin'|0 fnt
|faint|p2a: Cotton Pickin'
|
|
|switch|p2a: SlashinLikeAnAxew|Doublade, F, shiny|321\/321
|turn|23
|
|move|p1a: Penguin|Aqua Jet|p2a: SlashinLikeAnAxew
|-damage|p2a: SlashinLikeAnAxew|263\/321
|move|p2a: SlashinLikeAnAxew|Swords Dance|p2a: SlashinLikeAnAxew
|-boost|p2a: SlashinLikeAnAxew|atk|2
|
|turn|24
|
|move|p1a: Penguin|Aqua Jet|p2a: SlashinLikeAnAxew
|-damage|p2a: SlashinLikeAnAxew|205\/321
|move|p2a: SlashinLikeAnAxew|Shadow Sneak|p1a: Penguin
|-damage|p1a: Penguin|0 fnt
|faint|p1a: Penguin
|
|
|switch|p1a: Jaws|Sharpedo, M, shiny|282\/282
|-damage|p1a: Jaws|247\/282|[from] Stealth Rock
|turn|25
|leave|kuza
|
|move|p1a: Jaws|Crunch|p2a: SlashinLikeAnAxew
|-supereffective|p2a: SlashinLikeAnAxew
|-damage|p2a: SlashinLikeAnAxew|39\/321
|-damage|p1a: Jaws|219\/282|[from] item: Life Orb
|move|p2a: SlashinLikeAnAxew|Iron Head|p1a: Jaws
|-resisted|p1a: Jaws
|-damage|p1a: Jaws|0 fnt
|faint|p1a: Jaws
|
|
|switch|p1a: Dracula|Noivern, F, shiny|253\/312
|-damage|p1a: Dracula|175\/312|[from] Stealth Rock
|turn|26
|
|switch|p2a: Simba|Cobalion|193\/370
|move|p1a: Dracula|Draco Meteor|p2a: Simba
|-resisted|p2a: Simba
|-damage|p2a: Simba|65\/370
|-unboost|p1a: Dracula|spa|2
|
|-heal|p1a: Dracula|194\/312|[from] item: Leftovers
|-heal|p2a: Simba|88\/370|[from] item: Leftovers
|turn|27
|
|switch|p1a: Bruce Lee|Toxicroak, M, shiny|308\/308
|-damage|p1a: Bruce Lee|289\/308|[from] Stealth Rock
|move|p2a: Simba|Volt Switch|p1a: Bruce Lee
|-damage|p1a: Bruce Lee|229\/308
|
|switch|p2a: SlashinLikeAnAxew|Doublade, F, shiny|39\/321
|
|turn|28
|-message|ULT Limitless forfeited.
|leave|ULT Limitless
|
|win|ult toenail
|raw|Ladder updating...
|player|p1
|raw|ULT Limitless's rating: 1466 &rarr; <strong>1446<\/strong><br \/>(-20 for losing)
|raw|ult toenail's rating: 1455 &rarr; <strong>1475<\/strong><br \/>(+20 for winning)
|c|âult toenail|gg
|leave|brokenwings
|leave|ult toenail
|leave|ULT Bob
|player|p2
|leave|AM
|join|ult toenail
|leave|Snowballin