|join|Snowballin
|join|ULT Limitless
|player|p1|Snowballin|237
|player|p2|ULT Limitless|33
|gametype|singles
|gen|6
|tier|UU
|rated
|rule|Sleep Clause Mod: Limit one foe put to sleep
|rule|Species Clause: Limit one of each PokÃ©mon
|rule|OHKO Clause: OHKO moves are banned
|rule|Moody Clause: Moody is banned
|rule|Evasion Moves Clause: Evasion moves are banned
|rule|Endless Battle Clause: Forcing endless battles is banned
|rule|HP Percentage Mod: HP is shown in percentages
|clearpoke
|poke|p1|Cresselia, F
|poke|p1|Krookodile, F
|poke|p1|Florges, F
|poke|p1|Cobalion
|poke|p1|Ampharos, M
|poke|p1|Forretress, F
|poke|p2|Sharpedo, M, shiny
|poke|p2|Swampert, F, shiny
|poke|p2|Noivern, F, shiny
|poke|p2|Empoleon, F, shiny
|poke|p2|Infernape, F
|poke|p2|Toxicroak, M, shiny
|rule|Swagger Clause: Swagger is banned
|rule|Baton Pass Clause: Limit one PokÃ©mon knowing Baton Pass
|teampreview
|c|âSnowballin|GL HF
|c|âSnowballin|:o
|
|start
|switch|p1a: Florges|Florges, F|359\/359
|switch|p2a: King Kong|Infernape, F|294\/294
|turn|1
|
|move|p2a: King Kong|Stealth Rock|p1a: Florges
|-sidestart|p1: Snowballin|move: Stealth Rock
|move|p1a: Florges|Moonblast|p2a: King Kong
|-damage|p2a: King Kong|132\/294
|
|turn|2
|
|switch|p2a: Penguin|Empoleon, F, shiny|353\/353
|move|p1a: Florges|Wish|p1a: Florges
|
|turn|3
|
|switch|p1a: Ampharos|Ampharos, M|384\/384
|-damage|p1a: Ampharos|336\/384|[from] Stealth Rock
|switch|p2a: King Kong|Infernape, F|132\/294
|
|-heal|p1a: Ampharos|384\/384|[from] move: Wish|[wisher] Florges
|turn|4
|
|detailschange|p1a: Ampharos|Ampharos-Mega, M
|-mega|p1a: Ampharos|Ampharos|Ampharosite
|-ability|p1a: Ampharos|Mold Breaker
|move|p2a: King Kong|Endeavor|p1a: Ampharos
|-damage|p1a: Ampharos|132\/384
|move|p1a: Ampharos|Dragon Pulse|p2a: King Kong
|-damage|p2a: King Kong|0 fnt
|faint|p2a: King Kong
|
|
|switch|p2a: Bruce Lee|Toxicroak, M, shiny|308\/308
|turn|5
|
|switch|p1a: Forretress|Forretress, F|354\/354
|-damage|p1a: Forretress|310\/354|[from] Stealth Rock
|move|p2a: Bruce Lee|Sludge Wave|p1a: Forretress
|-immune|p1a: Forretress|[msg]
|
|-heal|p1a: Forretress|332\/354|[from] item: Leftovers
|turn|6
|
|move|p2a: Bruce Lee|Focus Blast|p1a: Forretress
|-damage|p1a: Forretress|116\/354
|-damage|p2a: Bruce Lee|278\/308|[from] item: Life Orb
|move|p1a: Forretress|Gyro Ball|p2a: Bruce Lee
|-damage|p2a: Bruce Lee|158\/308
|
|-heal|p1a: Forretress|138\/354|[from] item: Leftovers
|turn|7
|
|move|p2a: Bruce Lee|Focus Blast|p1a: Forretress
|-damage|p1a: Forretress|0 fnt
|-damage|p2a: Bruce Lee|128\/308|[from] item: Life Orb
|faint|p1a: Forretress
|
|
|switch|p1a: Cobalion|Cobalion|324\/324
|-damage|p1a: Cobalion|314\/324|[from] Stealth Rock
|turn|8
|
|switch|p2a: King UU 2|Swampert, F, shiny|361\/361
|move|p1a: Cobalion|Iron Head|p2a: King UU 2
|-resisted|p2a: King UU 2
|-damage|p2a: King UU 2|296\/361
|
|-heal|p1a: Cobalion|324\/324|[from] item: Leftovers
|turn|9
|
|switch|p1a: Cresselia|Cresselia, F|443\/443
|-damage|p1a: Cresselia|388\/443|[from] Stealth Rock
|detailschange|p2a: King UU 2|Swampert-Mega, F, shiny
|-mega|p2a: King UU 2|Swampert|Swampertite
|move|p2a: King UU 2|Rain Dance|p2a: King UU 2
|-weather|RainDance
|
|-weather|RainDance|[upkeep]
|-heal|p1a: Cresselia|415\/443|[from] item: Leftovers
|turn|10
|
|switch|p2a: Penguin|Empoleon, F, shiny|353\/353
|move|p1a: Cresselia|Psyshock|p2a: Penguin
|-resisted|p2a: Penguin
|-damage|p2a: Penguin|317\/353
|
|-weather|RainDance|[upkeep]
|-heal|p1a: Cresselia|442\/443|[from] item: Leftovers
|turn|11
|
|switch|p1a: Cobalion|Cobalion|324\/324
|-damage|p1a: Cobalion|314\/324|[from] Stealth Rock
|move|p2a: Penguin|Swords Dance|p2a: Penguin
|-boost|p2a: Penguin|atk|2
|
|-weather|RainDance|[upkeep]
|-heal|p1a: Cobalion|324\/324|[from] item: Leftovers
|turn|12
|
|move|p2a: Penguin|Aqua Jet|p1a: Cobalion
|-crit|p1a: Cobalion
|-damage|p1a: Cobalion|114\/324
|move|p1a: Cobalion|Close Combat|p2a: Penguin
|-supereffective|p2a: Penguin
|-enditem|p2a: Penguin|Chople Berry|[eat]
|-damage|p2a: Penguin|139\/353
|-unboost|p1a: Cobalion|def|1
|-unboost|p1a: Cobalion|spd|1
|
|-weather|RainDance|[upkeep]
|-heal|p1a: Cobalion|134\/324|[from] item: Leftovers
|turn|13
|c|âSnowballin|o
|c|âSnowballin|nice
|
|switch|p1a: Ampharos|Ampharos-Mega, M|132\/384
|-damage|p1a: Ampharos|84\/384|[from] Stealth Rock
|-ability|p1a: Ampharos|Mold Breaker
|move|p2a: Penguin|Aqua Jet|p1a: Ampharos
|-resisted|p1a: Ampharos
|-damage|p1a: Ampharos|27\/384
|
|-weather|none
|turn|14
|
|move|p2a: Penguin|Knock Off|p1a: Ampharos
|-damage|p1a: Ampharos|0 fnt
|faint|p1a: Ampharos
|
|
|switch|p1a: Cobalion|Cobalion|134\/324
|-damage|p1a: Cobalion|124\/324|[from] Stealth Rock
|turn|15
|
|switch|p2a: Dracula|Noivern, F, shiny|312\/312
|move|p1a: Cobalion|Close Combat|p2a: Dracula
|-resisted|p2a: Dracula
|-damage|p2a: Dracula|210\/312
|-unboost|p1a: Cobalion|def|1
|-unboost|p1a: Cobalion|spd|1
|
|-heal|p1a: Cobalion|144\/324|[from] item: Leftovers
|turn|16
|
|switch|p2a: Bruce Lee|Toxicroak, M, shiny|128\/308
|switch|p1a: Florges|Florges, F|359\/359
|-damage|p1a: Florges|315\/359|[from] Stealth Rock
|
|-heal|p1a: Florges|337\/359|[from] item: Leftovers
|turn|17
|
|switch|p1a: Cresselia|Cresselia, F|442\/443
|-damage|p1a: Cresselia|387\/443|[from] Stealth Rock
|move|p2a: Bruce Lee|Nasty Plot|p2a: Bruce Lee
|-boost|p2a: Bruce Lee|spa|2
|
|-heal|p1a: Cresselia|414\/443|[from] item: Leftovers
|turn|18
|
|move|p2a: Bruce Lee|Sludge Wave|p1a: Cresselia
|-damage|p1a: Cresselia|110\/443
|-damage|p2a: Bruce Lee|98\/308|[from] item: Life Orb
|move|p1a: Cresselia|Psyshock|p2a: Bruce Lee
|-crit|p2a: Bruce Lee
|-supereffective|p2a: Bruce Lee
|-damage|p2a: Bruce Lee|0 fnt
|faint|p2a: Bruce Lee
|
|-heal|p1a: Cresselia|137\/443|[from] item: Leftovers
|
|switch|p2a: Jaws|Sharpedo, M, shiny|282\/282
|turn|19
|
|switch|p1a: Florges|Florges, F|337\/359
|-damage|p1a: Florges|293\/359|[from] Stealth Rock
|move|p2a: Jaws|Crunch|p1a: Florges
|-resisted|p1a: Florges
|-damage|p1a: Florges|209\/359
|-unboost|p1a: Florges|def|1
|-damage|p2a: Jaws|254\/282|[from] item: Life Orb
|
|-heal|p1a: Florges|231\/359|[from] item: Leftovers
|-boost|p2a: Jaws|spe|1|[from] ability: Speed Boost
|turn|20
|
|switch|p1a: Cobalion|Cobalion|144\/324
|-damage|p1a: Cobalion|134\/324|[from] Stealth Rock
|move|p2a: Jaws|Waterfall|p1a: Cobalion
|-damage|p1a: Cobalion|0 fnt
|-damage|p2a: Jaws|226\/282|[from] item: Life Orb
|faint|p1a: Cobalion
|
|-boost|p2a: Jaws|spe|1|[from] ability: Speed Boost
|
|switch|p1a: Florges|Florges, F|231\/359
|-damage|p1a: Florges|187\/359|[from] Stealth Rock
|turn|21
|
|switch|p2a: Penguin|Empoleon, F, shiny|139\/353
|move|p1a: Florges|Wish|p1a: Florges
|
|-heal|p1a: Florges|209\/359|[from] item: Leftovers
|turn|22
|
|switch|p1a: Krookodile|Krookodile, F|332\/332
|-damage|p1a: Krookodile|312\/332|[from] Stealth Rock
|-ability|p1a: Krookodile|Intimidate|[of] p2a: Penguin
|-unboost|p2a: Penguin|atk|1
|-boost|p2a: Penguin|atk|2|[from] ability: Defiant
|move|p2a: Penguin|Swords Dance|p2a: Penguin
|-boost|p2a: Penguin|atk|2
|
|-heal|p1a: Krookodile|332\/332|[from] move: Wish|[wisher] Florges
|turn|23
|c|âSnowballin|wait
|c|âSnowballin|I'm dumb
|c|âSnowballin|LL
|c|âSnowballin|GG
|
|move|p2a: Penguin|Aqua Jet|p1a: Krookodile
|-supereffective|p1a: Krookodile
|-damage|p1a: Krookodile|0 fnt
|faint|p1a: Krookodile
|
|
|switch|p1a: Cresselia|Cresselia, F|137\/443
|-damage|p1a: Cresselia|82\/443|[from] Stealth Rock
|turn|24
|
|move|p2a: Penguin|Aqua Jet|p1a: Cresselia
|-damage|p1a: Cresselia|0 fnt
|faint|p1a: Cresselia
|
|
|switch|p1a: Florges|Florges, F|209\/359
|-damage|p1a: Florges|165\/359|[from] Stealth Rock
|turn|25
|
|move|p1a: Florges|Moonblast|p2a: Penguin
|-resisted|p2a: Penguin
|-damage|p2a: Penguin|79\/353
|move|p2a: Penguin|Drill Peck|p1a: Florges
|-crit|p1a: Florges
|-damage|p1a: Florges|0 fnt
|faint|p1a: Florges
|
|win|ULT Limitless
|raw|Ladder updating...
|raw|Snowballin's rating: 1476 &rarr; <strong>1447<\/strong><br \/>(-29 for losing)
|raw|ULT Limitless's rating: 1318 &rarr; <strong>1346<\/strong><br \/>(+28 for winning)
|leave|Snowballin
|player|p1
|leave|ULT Limitless
|player|p2