|join|ULT Limitless
|join|Frizzle my nizzle
|player|p1|ULT Limitless|33
|player|p2|Frizzle my nizzle|286
|gametype|singles
|gen|6
|tier|UU
|rated
|rule|Sleep Clause Mod: Limit one foe put to sleep
|rule|Species Clause: Limit one of each PokÃ©mon
|rule|OHKO Clause: OHKO moves are banned
|rule|Moody Clause: Moody is banned
|rule|Evasion Moves Clause: Evasion moves are banned
|rule|Endless Battle Clause: Forcing endless battles is banned
|rule|HP Percentage Mod: HP is shown in percentages
|clearpoke
|poke|p1|Sharpedo, M, shiny
|poke|p1|Swampert, F, shiny
|poke|p1|Noivern, F, shiny
|poke|p1|Empoleon, F, shiny
|poke|p1|Infernape, M
|poke|p1|Toxicroak, F, shiny
|poke|p2|Jellicent, M
|poke|p2|Cresselia, F
|poke|p2|Blissey, F
|poke|p2|Steelix, F
|poke|p2|Sigilyph, M
|poke|p2|Vullaby, F
|rule|Swagger Clause: Swagger is banned
|rule|Baton Pass Clause: Limit one PokÃ©mon knowing Baton Pass
|teampreview
|join|tr0ll0l0ng
|c| tr0ll0l0ng|l0sed
|
|start
|switch|p1a: King UU 5|Infernape, M|294\/294
|switch|p2a: Sigilyph|Sigilyph, M|286\/286
|turn|1
|c| tr0ll0l0ng|0ml
|
|move|p2a: Sigilyph|Air Slash|p1a: King UU 5
|-supereffective|p1a: King UU 5
|-enditem|p1a: King UU 5|Focus Sash
|-damage|p1a: King UU 5|1\/294
|move|p1a: King UU 5|Stealth Rock|p2a: Sigilyph
|-sidestart|p2: Frizzle my nizzle|move: Stealth Rock
|
|turn|2
|c|âULT Limitless|scarf
|c|âULT Limitless|that's new
|c| tr0ll0l0ng|the scarf is real
|join|ULT Bob
|c| tr0ll0l0ng|ahahahahahahaahahahaha
|
|switch|p1a: King UU 4|Empoleon, F, shiny|353\/353
|move|p2a: Sigilyph|Air Slash|p1a: King UU 4
|-resisted|p1a: King UU 4
|-damage|p1a: King UU 4|297\/353
|
|turn|3
|c| tr0ll0l0ng|0ml
|
|switch|p2a: Jellicent|Jellicent, M|404\/404
|-damage|p2a: Jellicent|354\/404|[from] Stealth Rock
|move|p1a: King UU 4|Knock Off|p2a: Jellicent
|-supereffective|p2a: Jellicent
|-damage|p2a: Jellicent|170\/404
|-enditem|p2a: Jellicent|Leftovers|[from] move: Knock Off|[of] p1a: King UU 4
|
|turn|4
|leave|ULT Bob
|c| tr0ll0l0ng|s0me0ne's nizzle is ab0ut to be frizzled
|
|switch|p1a: King UU 5|Infernape, M|1\/294
|move|p2a: Jellicent|Toxic|p1a: King UU 5
|-status|p1a: King UU 5|tox
|
|-damage|p1a: King UU 5|0 fnt|[from] psn
|faint|p1a: King UU 5
|c| tr0ll0l0ng|next level
|
|switch|p1a: King UU 6|Toxicroak, F, shiny|308\/308
|turn|5
|c| tr0ll0l0ng|g0t predicted
|
|move|p1a: King UU 6|Nasty Plot|p1a: King UU 6
|-boost|p1a: King UU 6|spa|2
|move|p2a: Jellicent|Ice Beam|p1a: King UU 6
|-damage|p1a: King UU 6|228\/308
|
|turn|6
|
|move|p1a: King UU 6|Sludge Wave|p2a: Jellicent
|-resisted|p2a: Jellicent
|-damage|p2a: Jellicent|0 fnt
|-damage|p1a: King UU 6|198\/308|[from] item: Life Orb
|faint|p2a: Jellicent
|
|
|switch|p2a: Sigilyph|Sigilyph, M|286\/286
|turn|7
|
|switch|p1a: King UU 4|Empoleon, F, shiny|297\/353
|move|p2a: Sigilyph|Psyshock|p1a: King UU 4
|-resisted|p1a: King UU 4
|-damage|p1a: King UU 4|238\/353
|
|turn|8
|
|switch|p2a: Vullaby|Vullaby, F|343\/343
|-damage|p2a: Vullaby|258\/343|[from] Stealth Rock
|move|p1a: King UU 4|Knock Off|p2a: Vullaby
|-crit|p2a: Vullaby
|-resisted|p2a: Vullaby
|-damage|p2a: Vullaby|210\/343
|-enditem|p2a: Vullaby|Eviolite|[from] move: Knock Off|[of] p1a: King UU 4
|
|turn|9
|
|move|p1a: King UU 4|Swords Dance|p1a: King UU 4
|-boost|p1a: King UU 4|atk|2
|move|p2a: Vullaby|Defog|p1a: King UU 4
|-unboost|p1a: King UU 4|evasion|1
|-boost|p1a: King UU 4|atk|2|[from] ability: Defiant
|-sideend|p2: Frizzle my nizzle|Stealth Rock|[from] move: Defog|[of] p2a: Vullaby
|
|turn|10
|
|move|p1a: King UU 4|Drill Peck|p2a: Vullaby
|-damage|p2a: Vullaby|0 fnt
|faint|p2a: Vullaby
|
|
|switch|p2a: Steelix|Steelix, F|300\/300
|turn|11
|
|detailschange|p2a: Steelix|Steelix-Mega, F
|-mega|p2a: Steelix|Steelix|Steelixite
|move|p1a: King UU 4|Aqua Jet|p2a: Steelix
|-supereffective|p2a: Steelix
|-damage|p2a: Steelix|124\/300
|move|p2a: Steelix|Earthquake|p1a: King UU 4
|-supereffective|p1a: King UU 4
|-damage|p1a: King UU 4|0 fnt
|faint|p1a: King UU 4
|
|
|switch|p1a: King UU 2|Swampert, F, shiny|361\/361
|turn|12
|
|switch|p2a: Cresselia|Cresselia, F|444\/444
|detailschange|p1a: King UU 2|Swampert-Mega, F, shiny
|-mega|p1a: King UU 2|Swampert|Swampertite
|move|p1a: King UU 2|Rain Dance|p1a: King UU 2
|-weather|RainDance
|
|-weather|RainDance|[upkeep]
|turn|13
|
|move|p1a: King UU 2|Waterfall|p2a: Cresselia
|-damage|p2a: Cresselia|275\/444
|move|p2a: Cresselia|Moonlight|p2a: Cresselia
|-heal|p2a: Cresselia|386\/444
|
|-weather|RainDance|[upkeep]
|-heal|p2a: Cresselia|413\/444|[from] item: Leftovers
|turn|14
|
|switch|p1a: King UU 3|Noivern, F, shiny|312\/312
|move|p2a: Cresselia|Calm Mind|p2a: Cresselia
|-boost|p2a: Cresselia|spa|1
|-boost|p2a: Cresselia|spd|1
|
|-weather|RainDance|[upkeep]
|-heal|p2a: Cresselia|440\/444|[from] item: Leftovers
|turn|15
|
|move|p1a: King UU 3|Switcheroo|p2a: Cresselia
|-activate|p1a: King UU 3|move: Trick|[of] p2a: Cresselia
|-item|p2a: Cresselia|Choice Specs|[from] Trick
|-item|p1a: King UU 3|Leftovers|[from] Trick
|move|p2a: Cresselia|Moonblast|p1a: King UU 3
|-supereffective|p1a: King UU 3
|-damage|p1a: King UU 3|4\/312
|
|-weather|RainDance|[upkeep]
|-heal|p1a: King UU 3|23\/312|[from] item: Leftovers
|turn|16
|
|move|p1a: King UU 3|Draco Meteor|p2a: Cresselia|[miss]
|-miss|p1a: King UU 3|p2a: Cresselia
|move|p2a: Cresselia|Moonblast|p1a: King UU 3
|-supereffective|p1a: King UU 3
|-damage|p1a: King UU 3|0 fnt
|faint|p1a: King UU 3
|
|-weather|none
|
|switch|p1a: King UU 2|Swampert-Mega, F, shiny|361\/361
|turn|17
|
|move|p1a: King UU 2|Rain Dance|p1a: King UU 2
|-weather|RainDance
|move|p2a: Cresselia|Moonblast|p1a: King UU 2
|-damage|p1a: King UU 2|239\/361
|
|-weather|RainDance|[upkeep]
|turn|18
|
|move|p1a: King UU 2|Waterfall|p2a: Cresselia
|-damage|p2a: Cresselia|257\/444
|move|p2a: Cresselia|Moonblast|p1a: King UU 2
|-damage|p1a: King UU 2|113\/361
|-unboost|p1a: King UU 2|spa|1
|
|-weather|RainDance|[upkeep]
|turn|19
|
|move|p1a: King UU 2|Waterfall|p2a: Cresselia
|-damage|p2a: Cresselia|74\/444
|move|p2a: Cresselia|Moonblast|p1a: King UU 2
|-damage|p1a: King UU 2|0 fnt
|faint|p1a: King UU 2
|
|-weather|RainDance|[upkeep]
|
|switch|p1a: King UU 1|Sharpedo, M, shiny|282\/282
|turn|20
|
|move|p1a: King UU 1|Waterfall|p2a: Cresselia
|-damage|p2a: Cresselia|0 fnt
|-damage|p1a: King UU 1|254\/282|[from] item: Life Orb
|faint|p2a: Cresselia
|
|-weather|RainDance|[upkeep]
|-boost|p1a: King UU 1|spe|1|[from] ability: Speed Boost
|
|switch|p2a: Steelix|Steelix-Mega, F|124\/300
|turn|21
|
|move|p1a: King UU 1|Waterfall|p2a: Steelix
|-supereffective|p2a: Steelix
|-damage|p2a: Steelix|0 fnt
|-damage|p1a: King UU 1|226\/282|[from] item: Life Orb
|faint|p2a: Steelix
|
|-weather|none
|-boost|p1a: King UU 1|spe|1|[from] ability: Speed Boost
|
|switch|p2a: Blissey|Blissey, F|665\/665
|turn|22
|
|switch|p1a: King UU 6|Toxicroak, F, shiny|198\/308
|move|p2a: Blissey|Soft-Boiled|p2a: Blissey
|-fail|p2a: Blissey
|
|turn|23
|
|switch|p2a: Sigilyph|Sigilyph, M|286\/286
|move|p1a: King UU 6|Sludge Wave|p2a: Sigilyph
|-damage|p2a: Sigilyph|56\/286
|-damage|p1a: King UU 6|168\/308|[from] item: Life Orb
|
|turn|24
|
|move|p1a: King UU 6|Vacuum Wave|p2a: Sigilyph
|-resisted|p2a: Sigilyph
|-damage|p2a: Sigilyph|33\/286
|-damage|p1a: King UU 6|138\/308|[from] item: Life Orb
|move|p2a: Sigilyph|Air Slash|p1a: King UU 6
|-crit|p1a: King UU 6
|-supereffective|p1a: King UU 6
|-damage|p1a: King UU 6|0 fnt
|faint|p1a: King UU 6
|
|
|switch|p1a: King UU 1|Sharpedo, M, shiny|226\/282
|turn|25
|
|move|p1a: King UU 1|Protect|p1a: King UU 1
|-singleturn|p1a: King UU 1|Protect
|move|p2a: Sigilyph|Air Slash|p1a: King UU 1
|-activate|p1a: King UU 1|Protect
|
|-boost|p1a: King UU 1|spe|1|[from] ability: Speed Boost
|turn|26
|
|move|p2a: Sigilyph|Air Slash|p1a: King UU 1
|-damage|p1a: King UU 1|0 fnt
|faint|p1a: King UU 1
|
|win|Frizzle my nizzle
|raw|Ladder updating...
|raw|ULT Limitless's rating: 1302 &rarr; <strong>1284<\/strong><br \/>(-18 for losing)
|raw|Frizzle my nizzle's rating: 1328 &rarr; <strong>1346<\/strong><br \/>(+18 for winning)
|c|âULT Limitless|k
|leave|ULT Limitless
|player|p1