|join|DrReuniclus3
|join|ULT Limitless
|player|p1|DrReuniclus3|147
|player|p2|ULT Limitless|33
|gametype|singles
|gen|6
|tier|UU
|rated
|rule|Sleep Clause Mod: Limit one foe put to sleep
|rule|Species Clause: Limit one of each PokÃ©mon
|rule|OHKO Clause: OHKO moves are banned
|rule|Moody Clause: Moody is banned
|rule|Evasion Moves Clause: Evasion moves are banned
|rule|Endless Battle Clause: Forcing endless battles is banned
|rule|HP Percentage Mod: HP is shown in percentages
|clearpoke
|poke|p1|Serperior, F
|poke|p1|Magneton
|poke|p1|Crobat, M
|poke|p1|Entei, shiny
|poke|p1|Swampert, M
|poke|p1|Umbreon, M
|poke|p2|Sharpedo, F, shiny
|poke|p2|Swampert, F, shiny
|poke|p2|Noivern, M, shiny
|poke|p2|Empoleon, F, shiny
|poke|p2|Infernape, F
|poke|p2|Toxicroak, M, shiny
|rule|Swagger Clause: Swagger is banned
|rule|Baton Pass Clause: Limit one PokÃ©mon knowing Baton Pass
|teampreview
|
|start
|switch|p1a: Magneton|Magneton|272\/272
|switch|p2a: King Kong|Infernape, F|294\/294
|turn|1
|
|switch|p1a: Swampert|Swampert, M|401\/401
|move|p2a: King Kong|Stealth Rock|p1a: Swampert
|-sidestart|p1: DrReuniclus3|move: Stealth Rock
|
|turn|2
|
|move|p2a: King Kong|Grass Knot|p1a: Swampert
|-crit|p1a: Swampert
|-supereffective|p1a: Swampert
|-damage|p1a: Swampert|0 fnt
|faint|p1a: Swampert
|
|
|switch|p1a: Crobat|Crobat, M|373\/373
|-damage|p1a: Crobat|280\/373|[from] Stealth Rock
|turn|3
|
|switch|p2a: Penguin|Empoleon, F, shiny|353\/353
|move|p1a: Crobat|Brave Bird|p2a: Penguin
|-resisted|p2a: Penguin
|-damage|p2a: Penguin|284\/353
|-damage|p1a: Crobat|257\/373|[from] recoil|[of] p2a: Penguin
|
|-heal|p1a: Crobat|280\/373|[from] item: Black Sludge
|turn|4
|
|switch|p1a: Magneton|Magneton|272\/272
|-damage|p1a: Magneton|255\/272|[from] Stealth Rock
|move|p2a: Penguin|Swords Dance|p2a: Penguin
|-boost|p2a: Penguin|atk|2
|
|turn|5
|
|move|p1a: Magneton|Thunderbolt|p2a: Penguin
|-crit|p2a: Penguin
|-supereffective|p2a: Penguin
|-damage|p2a: Penguin|0 fnt
|faint|p2a: Penguin
|
|
|switch|p2a: The Rock|Swampert, F, shiny|361\/361
|turn|6
|
|detailschange|p2a: The Rock|Swampert-Mega, F, shiny
|-mega|p2a: The Rock|Swampert|Swampertite
|move|p1a: Magneton|Hidden Power|p2a: The Rock
|-supereffective|p2a: The Rock
|-damage|p2a: The Rock|73\/361
|move|p2a: The Rock|Rain Dance|p2a: The Rock
|-weather|RainDance
|
|-weather|RainDance|[upkeep]
|turn|7
|
|move|p2a: The Rock|Earthquake|p1a: Magneton
|-supereffective|p1a: Magneton
|-damage|p1a: Magneton|0 fnt
|faint|p1a: Magneton
|
|-weather|RainDance|[upkeep]
|
|switch|p1a: Entei|Entei, shiny|371\/371
|-damage|p1a: Entei|279\/371|[from] Stealth Rock
|-ability|p1a: Entei|Pressure
|turn|8
|
|move|p1a: Entei|Extreme Speed|p2a: The Rock
|-damage|p2a: The Rock|0 fnt
|faint|p2a: The Rock
|
|-weather|RainDance|[upkeep]
|
|switch|p2a: Dracula|Noivern, M, shiny|312\/312
|turn|9
|
|switch|p1a: Umbreon|Umbreon, M|394\/394
|-damage|p1a: Umbreon|345\/394|[from] Stealth Rock
|move|p2a: Dracula|Draco Meteor|p1a: Umbreon
|-damage|p1a: Umbreon|176\/394
|-unboost|p2a: Dracula|spa|2
|
|-weather|RainDance|[upkeep]
|-heal|p1a: Umbreon|200\/394|[from] item: Leftovers
|turn|10
|
|switch|p2a: Bruce Lee|Toxicroak, M, shiny|308\/308
|move|p1a: Umbreon|Wish|p1a: Umbreon
|
|-weather|none
|-heal|p1a: Umbreon|224\/394|[from] item: Leftovers
|turn|11
|
|move|p2a: Bruce Lee|Nasty Plot|p2a: Bruce Lee
|-boost|p2a: Bruce Lee|spa|2
|move|p1a: Umbreon|Foul Play|p2a: Bruce Lee
|-resisted|p2a: Bruce Lee
|-damage|p2a: Bruce Lee|238\/308
|
|-heal|p1a: Umbreon|394\/394|[from] move: Wish|[wisher] Umbreon
|turn|12
|
|switch|p2a: Dracula|Noivern, M, shiny|312\/312
|switch|p1a: Crobat|Crobat, M|280\/373
|-damage|p1a: Crobat|187\/373|[from] Stealth Rock
|
|-heal|p1a: Crobat|210\/373|[from] item: Black Sludge
|turn|13
|
|switch|p1a: Umbreon|Umbreon, M|394\/394
|-damage|p1a: Umbreon|345\/394|[from] Stealth Rock
|move|p2a: Dracula|Switcheroo|p1a: Umbreon
|-activate|p2a: Dracula|move: Trick|[of] p1a: Umbreon
|-item|p1a: Umbreon|Choice Specs|[from] Trick
|-item|p2a: Dracula|Leftovers|[from] Trick
|
|turn|14
|
|switch|p2a: Bruce Lee|Toxicroak, M, shiny|238\/308
|move|p1a: Umbreon|Foul Play|p2a: Bruce Lee
|-resisted|p2a: Bruce Lee
|-damage|p2a: Bruce Lee|175\/308
|
|turn|15
|
|switch|p2a: Dracula|Noivern, M, shiny|312\/312
|switch|p1a: Crobat|Crobat, M|210\/373
|-damage|p1a: Crobat|117\/373|[from] Stealth Rock
|
|-heal|p1a: Crobat|140\/373|[from] item: Black Sludge
|turn|16
|
|move|p2a: Dracula|Draco Meteor|p1a: Crobat
|-damage|p1a: Crobat|0 fnt
|-unboost|p2a: Dracula|spa|2
|faint|p1a: Crobat
|
|
|switch|p1a: Umbreon|Umbreon, M|345\/394
|-damage|p1a: Umbreon|296\/394|[from] Stealth Rock
|turn|17
|
|switch|p2a: Bruce Lee|Toxicroak, M, shiny|175\/308
|move|p1a: Umbreon|Foul Play|p2a: Bruce Lee
|-resisted|p2a: Bruce Lee
|-damage|p2a: Bruce Lee|106\/308
|
|turn|18
|
|move|p2a: Bruce Lee|Focus Blast|p1a: Umbreon
|-supereffective|p1a: Umbreon
|-damage|p1a: Umbreon|0 fnt
|-damage|p2a: Bruce Lee|76\/308|[from] item: Life Orb
|faint|p1a: Umbreon
|
|
|switch|p1a: Serperior|Serperior, F|291\/291
|-damage|p1a: Serperior|255\/291|[from] Stealth Rock
|turn|19
|
|move|p2a: Bruce Lee|Vacuum Wave|p1a: Serperior
|-crit|p1a: Serperior
|-damage|p1a: Serperior|142\/291
|-damage|p2a: Bruce Lee|46\/308|[from] item: Life Orb
|move|p1a: Serperior|Substitute|p1a: Serperior
|-start|p1a: Serperior|Substitute
|-damage|p1a: Serperior|70\/291
|
|-heal|p1a: Serperior|88\/291|[from] item: Leftovers
|turn|20
|
|move|p2a: Bruce Lee|Vacuum Wave|p1a: Serperior
|-end|p1a: Serperior|Substitute
|-damage|p2a: Bruce Lee|16\/308|[from] item: Life Orb
|move|p1a: Serperior|Leaf Storm|p2a: Bruce Lee
|-resisted|p2a: Bruce Lee
|-damage|p2a: Bruce Lee|0 fnt
|-boost|p1a: Serperior|spa|2
|faint|p2a: Bruce Lee
|
|-heal|p1a: Serperior|106\/291|[from] item: Leftovers
|
|switch|p2a: Dracula|Noivern, M, shiny|312\/312
|turn|21
|
|move|p2a: Dracula|Boomburst|p1a: Serperior
|-damage|p1a: Serperior|0 fnt
|faint|p1a: Serperior
|
|
|switch|p1a: Entei|Entei, shiny|279\/371
|-damage|p1a: Entei|187\/371|[from] Stealth Rock
|-ability|p1a: Entei|Pressure
|turn|22
|
|move|p1a: Entei|Extreme Speed|p2a: Dracula
|-damage|p2a: Dracula|144\/312
|move|p2a: Dracula|Draco Meteor|p1a: Entei
|-damage|p1a: Entei|0 fnt
|-unboost|p2a: Dracula|spa|2
|faint|p1a: Entei
|
|win|ULT Limitless
|raw|Ladder updating...
|raw|DrReuniclus3's rating: 1382 &rarr; <strong>1362<\/strong><br \/>(-20 for losing)
|raw|ULT Limitless's rating: 1387 &rarr; <strong>1407<\/strong><br \/>(+20 for winning)
|leave|DrReuniclus3
|player|p1
|leave|ULT Limitless
|player|p2