|join|Hydrocillator
|join|CrispyLinks
|player|p1|Hydrocillator|1
|player|p2|CrispyLinks|165
|gametype|singles
|gen|6
|tier|OU
|rated
|clearpoke
|poke|p1|Sylveon, M, shiny
|poke|p1|Rotom-Wash
|poke|p1|Landorus-Therian, M, shiny
|poke|p1|Chansey, F
|poke|p1|Gliscor, M
|poke|p1|Sableye, M
|poke|p2|Volcarona, F
|poke|p2|Azumarill, F
|poke|p2|Diancie
|poke|p2|Landorus-Therian, M
|poke|p2|Latios, M
|poke|p2|Jirachi
|rule|Swagger Clause: Swagger is banned
|rule|Baton Pass Clause: Limit one PokÃ©mon knowing Baton Pass
|rule|Sleep Clause Mod: Limit one foe put to sleep
|rule|Species Clause: Limit one of each PokÃ©mon
|rule|OHKO Clause: OHKO moves are banned
|rule|Moody Clause: Moody is banned
|rule|Evasion Moves Clause: Evasion moves are banned
|rule|Endless Battle Clause: Forcing endless battles is banned
|rule|HP Percentage Mod: HP is shown in percentages
|teampreview
|
|start
|switch|p1a: Sableye|Sableye, M|304\/304
|switch|p2a: Latios|Latios, M|301\/301
|turn|1
|
|switch|p1a: Sylveon|Sylveon, M, shiny|394\/394
|move|p2a: Latios|Draco Meteor|p1a: Sylveon
|-immune|p1a: Sylveon|[msg]
|
|turn|2
|
|switch|p2a: Jirachi|Jirachi|404\/404
|move|p1a: Sylveon|Hyper Voice|p2a: Jirachi
|-resisted|p2a: Jirachi
|-damage|p2a: Jirachi|349\/404
|
|-heal|p2a: Jirachi|374\/404|[from] item: Leftovers
|turn|3
|
|switch|p2a: Landorus-Therian|Landorus-Therian, M|366\/366
|-ability|p2a: Landorus-Therian|Intimidate|[of] p1a: Sylveon
|-unboost|p1a: Sylveon|atk|1
|switch|p1a: Rotom-Wash|Rotom-Wash|304\/304
|
|turn|4
|
|move|p2a: Landorus-Therian|Stealth Rock|p1a: Rotom-Wash
|-sidestart|p1: Hydrocillator|move: Stealth Rock
|move|p1a: Rotom-Wash|Will-O-Wisp|p2a: Landorus-Therian|[miss]
|-miss|p1a: Rotom-Wash|p2a: Landorus-Therian
|
|turn|5
|
|move|p2a: Landorus-Therian|U-turn|p1a: Rotom-Wash
|-damage|p1a: Rotom-Wash|248\/304
|
|switch|p2a: Latios|Latios, M|301\/301
|move|p1a: Rotom-Wash|Volt Switch|p2a: Latios
|-resisted|p2a: Latios
|-damage|p2a: Latios|260\/301
|
|switch|p1a: Sylveon|Sylveon, M, shiny|394\/394
|-damage|p1a: Sylveon|345\/394|[from] Stealth Rock
|
|-heal|p1a: Sylveon|369\/394|[from] item: Leftovers
|turn|6
|
|switch|p2a: Jirachi|Jirachi|374\/404
|move|p1a: Sylveon|Wish|p1a: Sylveon
|
|-heal|p2a: Jirachi|399\/404|[from] item: Leftovers
|-heal|p1a: Sylveon|393\/394|[from] item: Leftovers
|turn|7
|
|switch|p2a: Landorus-Therian|Landorus-Therian, M|366\/366
|-ability|p2a: Landorus-Therian|Intimidate|[of] p1a: Sylveon
|-unboost|p1a: Sylveon|atk|1
|switch|p1a: Sableye|Sableye, M|304\/304
|-damage|p1a: Sableye|266\/304|[from] Stealth Rock
|
|-heal|p1a: Sableye|304\/304|[from] move: Wish|[wisher] Sylveon
|turn|8
|
|switch|p2a: Volcarona|Volcarona, F|373\/373
|move|p1a: Sableye|Will-O-Wisp|p2a: Volcarona
|-fail|p2a: Volcarona
|
|turn|9
|
|switch|p2a: Latios|Latios, M|260\/301
|switch|p1a: Chansey|Chansey, F|642\/642
|-damage|p1a: Chansey|562\/642|[from] Stealth Rock
|
|turn|10
|
|move|p2a: Latios|Trick|p1a: Chansey
|-activate|p2a: Latios|move: Trick|[of] p1a: Chansey
|-item|p1a: Chansey|Choice Scarf|[from] move: Trick
|-item|p2a: Latios|Eviolite|[from] move: Trick
|move|p1a: Chansey|Thunder Wave|p2a: Latios
|-status|p2a: Latios|par
|
|turn|11
|
|switch|p1a: Sylveon|Sylveon, M, shiny|393\/394
|-damage|p1a: Sylveon|344\/394|[from] Stealth Rock
|switch|p2a: Landorus-Therian|Landorus-Therian, M|366\/366
|-ability|p2a: Landorus-Therian|Intimidate|[of] p1a: Sylveon
|-unboost|p1a: Sylveon|atk|1
|
|-heal|p1a: Sylveon|368\/394|[from] item: Leftovers
|turn|12
|
|move|p2a: Landorus-Therian|U-turn|p1a: Sylveon
|-resisted|p1a: Sylveon
|-damage|p1a: Sylveon|333\/394
|
|switch|p2a: Jirachi|Jirachi|399\/404
|move|p1a: Sylveon|Wish|p1a: Sylveon
|
|-heal|p2a: Jirachi|404\/404|[from] item: Leftovers
|-heal|p1a: Sylveon|357\/394|[from] item: Leftovers
|turn|13
|
|switch|p1a: Rotom-Wash|Rotom-Wash|248\/304
|-damage|p1a: Rotom-Wash|210\/304|[from] Stealth Rock
|move|p2a: Jirachi|Iron Head|p1a: Rotom-Wash
|-resisted|p1a: Rotom-Wash
|-damage|p1a: Rotom-Wash|195\/304
|
|-heal|p1a: Rotom-Wash|304\/304|[from] move: Wish|[wisher] Sylveon
|turn|14
|
|switch|p2a: Latios|Latios, M|260\/301 par
|move|p1a: Rotom-Wash|Will-O-Wisp|p2a: Latios
|-fail|p2a: Latios
|
|turn|15
|
|move|p1a: Rotom-Wash|Volt Switch|p2a: Latios
|-crit|p2a: Latios
|-resisted|p2a: Latios
|-damage|p2a: Latios|203\/301 par
|
|switch|p1a: Chansey|Chansey, F|562\/642
|-damage|p1a: Chansey|482\/642|[from] Stealth Rock
|move|p2a: Latios|Psyshock|p1a: Chansey
|-damage|p1a: Chansey|217\/642
|
|turn|16
|
|move|p1a: Chansey|Seismic Toss|p2a: Latios
|-damage|p2a: Latios|103\/301 par
|cant|p2a: Latios|par
|
|turn|17
|
|switch|p2a: Volcarona|Volcarona, F|373\/373
|move|p1a: Chansey|Seismic Toss|p2a: Volcarona
|-damage|p2a: Volcarona|273\/373
|
|-heal|p2a: Volcarona|296\/373|[from] item: Leftovers
|turn|18
|
|move|p2a: Volcarona|Bug Buzz|p1a: Chansey
|-damage|p1a: Chansey|114\/642
|-unboost|p1a: Chansey|spd|1
|move|p1a: Chansey|Seismic Toss|p2a: Volcarona
|-damage|p2a: Volcarona|196\/373
|
|-heal|p2a: Volcarona|219\/373|[from] item: Leftovers
|turn|19
|
|move|p2a: Volcarona|Roost|p2a: Volcarona
|-heal|p2a: Volcarona|373\/373
|move|p1a: Chansey|Seismic Toss|p2a: Volcarona
|-damage|p2a: Volcarona|273\/373
|
|-heal|p2a: Volcarona|296\/373|[from] item: Leftovers
|turn|20
|
|move|p2a: Volcarona|Bug Buzz|p1a: Chansey
|-damage|p1a: Chansey|0 fnt
|faint|p1a: Chansey
|
|-heal|p2a: Volcarona|319\/373|[from] item: Leftovers
|
|switch|p1a: Rotom-Wash|Rotom-Wash|304\/304
|-damage|p1a: Rotom-Wash|266\/304|[from] Stealth Rock
|turn|21
|
|switch|p2a: Latios|Latios, M|103\/301 par
|move|p1a: Rotom-Wash|Hydro Pump|p2a: Latios|[miss]
|-miss|p1a: Rotom-Wash|p2a: Latios
|
|-heal|p1a: Rotom-Wash|285\/304|[from] item: Leftovers
|turn|22
|
|move|p1a: Rotom-Wash|Volt Switch|p2a: Latios
|-resisted|p2a: Latios
|-damage|p2a: Latios|65\/301 par
|
|switch|p1a: Sylveon|Sylveon, M, shiny|357\/394
|-damage|p1a: Sylveon|308\/394|[from] Stealth Rock
|move|p2a: Latios|Trick|p1a: Sylveon
|-activate|p2a: Latios|move: Trick|[of] p1a: Sylveon
|-item|p1a: Sylveon|Eviolite|[from] move: Trick
|-item|p2a: Latios|Leftovers|[from] move: Trick
|
|-heal|p2a: Latios|83\/301 par|[from] item: Leftovers
|turn|23
|
|switch|p2a: Jirachi|Jirachi|404\/404
|move|p1a: Sylveon|Hyper Voice|p2a: Jirachi
|-resisted|p2a: Jirachi
|-damage|p2a: Jirachi|349\/404
|
|-heal|p2a: Jirachi|374\/404|[from] item: Leftovers
|turn|24
|
|switch|p1a: Gliscor|Gliscor, M|354\/354
|-damage|p1a: Gliscor|310\/354|[from] Stealth Rock
|move|p2a: Jirachi|Wish|p2a: Jirachi
|
|-heal|p2a: Jirachi|399\/404|[from] item: Leftovers
|-status|p1a: Gliscor|tox|[from] item: Toxic Orb
|turn|25
|
|switch|p2a: Latios|Latios, M|83\/301 par
|move|p1a: Gliscor|Acrobatics|p2a: Latios
|-damage|p2a: Latios|0 fnt
|faint|p2a: Latios
|
|-heal|p1a: Gliscor|354\/354 tox|[from] ability: Poison Heal
|
|switch|p2a: Azumarill|Azumarill, F|364\/364
|turn|26
|
|switch|p1a: Rotom-Wash|Rotom-Wash|285\/304
|-damage|p1a: Rotom-Wash|247\/304|[from] Stealth Rock
|move|p2a: Azumarill|Play Rough|p1a: Rotom-Wash
|-damage|p1a: Rotom-Wash|118\/304
|
|-heal|p1a: Rotom-Wash|137\/304|[from] item: Leftovers
|turn|27
|
|switch|p2a: Volcarona|Volcarona, F|319\/373
|move|p1a: Rotom-Wash|Will-O-Wisp|p2a: Volcarona|[miss]
|-miss|p1a: Rotom-Wash|p2a: Volcarona
|
|-heal|p2a: Volcarona|342\/373|[from] item: Leftovers
|-heal|p1a: Rotom-Wash|156\/304|[from] item: Leftovers
|turn|28
|
|move|p2a: Volcarona|Quiver Dance|p2a: Volcarona
|-boost|p2a: Volcarona|spa|1
|-boost|p2a: Volcarona|spd|1
|-boost|p2a: Volcarona|spe|1
|move|p1a: Rotom-Wash|Hydro Pump|p2a: Volcarona
|-supereffective|p2a: Volcarona
|-damage|p2a: Volcarona|166\/373
|
|-heal|p2a: Volcarona|189\/373|[from] item: Leftovers
|-heal|p1a: Rotom-Wash|175\/304|[from] item: Leftovers
|turn|29
|
|switch|p1a: Sylveon|Sylveon, M, shiny|308\/394
|-damage|p1a: Sylveon|259\/394|[from] Stealth Rock
|move|p2a: Volcarona|Roost|p2a: Volcarona
|-heal|p2a: Volcarona|373\/373
|
|turn|30
|
|move|p2a: Volcarona|Fiery Dance|p1a: Sylveon
|-damage|p1a: Sylveon|111\/394
|move|p1a: Sylveon|Wish|p1a: Sylveon
|
|turn|31
|
|move|p1a: Sylveon|Protect|p1a: Sylveon
|-singleturn|p1a: Sylveon|Protect
|move|p2a: Volcarona|Quiver Dance|p2a: Volcarona
|-boost|p2a: Volcarona|spa|1
|-boost|p2a: Volcarona|spd|1
|-boost|p2a: Volcarona|spe|1
|
|-heal|p1a: Sylveon|308\/394|[from] move: Wish|[wisher] Sylveon
|turn|32
|
|move|p2a: Volcarona|Fiery Dance|p1a: Sylveon
|-damage|p1a: Sylveon|131\/394
|move|p1a: Sylveon|Wish|p1a: Sylveon
|
|turn|33
|
|switch|p1a: Gliscor|Gliscor, M|354\/354 tox
|-damage|p1a: Gliscor|310\/354 tox|[from] Stealth Rock
|move|p2a: Volcarona|Fiery Dance|p1a: Gliscor
|-damage|p1a: Gliscor|0 fnt
|-boost|p2a: Volcarona|spa|1
|faint|p1a: Gliscor
|
|-message|Hydrocillator forfeited.
|
|win|CrispyLinks
|raw|Ladder updating...
|leave|Hydrocillator
|player|p1
|raw|Hydrocillator's rating: 1453 &rarr; <strong>1431<\/strong><br \/>(-22 for losing)
|raw|CrispyLinks's rating: 1420 &rarr; <strong>1442<\/strong><br \/>(+22 for winning)