|join|CrispyLinks
|join|Cl3bG0in...Up
|player|p1|CrispyLinks|165
|player|p2|Cl3bG0in...Up|253
|gametype|singles
|gen|6
|tier|OU
|rated
|clearpoke
|poke|p1|Volcarona, F
|poke|p1|Azumarill, M
|poke|p1|Diancie
|poke|p1|Landorus-Therian, M
|poke|p1|Latios, M
|poke|p1|Jirachi
|poke|p2|Greninja, F, shiny
|poke|p2|Landorus-Therian, M
|poke|p2|Clefable, F, shiny
|poke|p2|Raikou
|poke|p2|Gyarados, F
|poke|p2|Latias, F
|rule|Swagger Clause: Swagger is banned
|rule|Baton Pass Clause: Limit one PokÃ©mon knowing Baton Pass
|rule|Sleep Clause Mod: Limit one foe put to sleep
|rule|Species Clause: Limit one of each PokÃ©mon
|rule|OHKO Clause: OHKO moves are banned
|rule|Moody Clause: Moody is banned
|rule|Evasion Moves Clause: Evasion moves are banned
|rule|Endless Battle Clause: Forcing endless battles is banned
|rule|HP Percentage Mod: HP is shown in percentages
|teampreview
|
|start
|switch|p1a: Landorus-Therian|Landorus-Therian, M|366\/366
|switch|p2a: Greninja|Greninja, F, shiny|285\/285
|-ability|p1a: Landorus-Therian|Intimidate|[of] p2a: Greninja
|-unboost|p2a: Greninja|atk|1
|turn|1
|
|switch|p1a: Jirachi|Jirachi|404\/404
|move|p2a: Greninja|Ice Beam|p1a: Jirachi
|-start|p2a: Greninja|typechange|Ice|[from] Protean
|-resisted|p1a: Jirachi
|-damage|p1a: Jirachi|356\/404
|
|-heal|p1a: Jirachi|381\/404|[from] item: Leftovers
|turn|2
|
|switch|p2a: Landorus-Therian|Landorus-Therian, M|382\/382
|-ability|p2a: Landorus-Therian|Intimidate|[of] p1a: Jirachi
|-unboost|p1a: Jirachi|atk|1
|move|p1a: Jirachi|Thunder Wave|p2a: Landorus-Therian
|-immune|p2a: Landorus-Therian|[msg]
|
|-heal|p1a: Jirachi|404\/404|[from] item: Leftovers
|turn|3
|
|move|p1a: Jirachi|Protect|p1a: Jirachi
|-singleturn|p1a: Jirachi|Protect
|move|p2a: Landorus-Therian|Stealth Rock|p1a: Jirachi
|-sidestart|p1: CrispyLinks|move: Stealth Rock
|
|turn|4
|
|switch|p1a: Landorus-Therian|Landorus-Therian, M|366\/366
|-damage|p1a: Landorus-Therian|321\/366|[from] Stealth Rock
|-ability|p1a: Landorus-Therian|Intimidate|[of] p2a: Landorus-Therian
|-unboost|p2a: Landorus-Therian|atk|1
|move|p2a: Landorus-Therian|U-turn|p1a: Landorus-Therian
|-resisted|p1a: Landorus-Therian
|-damage|p1a: Landorus-Therian|301\/366
|
|switch|p2a: Greninja|Greninja, F, shiny|285\/285
|
|-heal|p1a: Landorus-Therian|323\/366|[from] item: Leftovers
|turn|5
|
|move|p2a: Greninja|Ice Beam|p1a: Landorus-Therian
|-start|p2a: Greninja|typechange|Ice|[from] Protean
|-supereffective|p1a: Landorus-Therian
|-damage|p1a: Landorus-Therian|0 fnt
|faint|p1a: Landorus-Therian
|
|
|switch|p1a: Jirachi|Jirachi|404\/404
|-damage|p1a: Jirachi|379\/404|[from] Stealth Rock
|turn|6
|
|switch|p2a: Raikou|Raikou|322\/322
|-ability|p2a: Raikou|Pressure
|switch|p1a: Azumarill|Azumarill, M|364\/364
|-damage|p1a: Azumarill|319\/364|[from] Stealth Rock
|
|turn|7
|
|move|p1a: Azumarill|Aqua Jet|p2a: Raikou
|-damage|p2a: Raikou|220\/322
|move|p2a: Raikou|Volt Switch|p1a: Azumarill
|-supereffective|p1a: Azumarill
|-damage|p1a: Azumarill|0 fnt
|faint|p1a: Azumarill
|
|switch|p2a: Greninja|Greninja, F, shiny|285\/285
|
|
|switch|p1a: Latios|Latios, M|301\/301
|-damage|p1a: Latios|264\/301|[from] Stealth Rock
|turn|8
|
|move|p1a: Latios|Trick|p2a: Greninja
|-activate|p1a: Latios|move: Trick|[of] p2a: Greninja
|-item|p2a: Greninja|Choice Scarf|[from] move: Trick
|-item|p1a: Latios|Choice Scarf|[from] move: Trick
|move|p2a: Greninja|U-turn|p1a: Latios
|-start|p2a: Greninja|typechange|Bug|[from] Protean
|-crit|p1a: Latios
|-supereffective|p1a: Latios
|-damage|p1a: Latios|0 fnt
|faint|p1a: Latios
|c|âCl3bG0in...Up|lol
|c|âCl3bG0in...Up|hahaha
|
|switch|p2a: Raikou|Raikou|220\/322
|-ability|p2a: Raikou|Pressure
|
|
|switch|p1a: Jirachi|Jirachi|379\/404
|-damage|p1a: Jirachi|354\/404|[from] Stealth Rock
|turn|9
|
|move|p2a: Raikou|Shadow Ball|p1a: Jirachi
|-supereffective|p1a: Jirachi
|-damage|p1a: Jirachi|202\/404
|move|p1a: Jirachi|Iron Head|p2a: Raikou
|-resisted|p2a: Raikou
|-damage|p2a: Raikou|157\/322
|
|-heal|p1a: Jirachi|227\/404|[from] item: Leftovers
|turn|10
|
|move|p1a: Jirachi|Protect|p1a: Jirachi
|-singleturn|p1a: Jirachi|Protect
|move|p2a: Raikou|Shadow Ball|p1a: Jirachi
|-activate|p1a: Jirachi|Protect
|
|-heal|p1a: Jirachi|252\/404|[from] item: Leftovers
|turn|11
|
|move|p2a: Raikou|Shadow Ball|p1a: Jirachi
|-supereffective|p1a: Jirachi
|-damage|p1a: Jirachi|120\/404
|move|p1a: Jirachi|Wish|p1a: Jirachi
|
|-heal|p1a: Jirachi|145\/404|[from] item: Leftovers
|turn|12
|
|switch|p2a: Gyarados|Gyarados, F|334\/334
|-ability|p2a: Gyarados|Intimidate|[of] p1a: Jirachi
|-unboost|p1a: Jirachi|atk|1
|move|p1a: Jirachi|Iron Head|p2a: Gyarados
|-resisted|p2a: Gyarados
|-damage|p2a: Gyarados|294\/334
|
|-heal|p1a: Jirachi|347\/404|[from] move: Wish|[wisher] Jirachi
|-heal|p1a: Jirachi|372\/404|[from] item: Leftovers
|turn|13
|
|detailschange|p2a: Gyarados|Gyarados-Mega, F
|-mega|p2a: Gyarados|Gyarados|Gyaradosite
|-ability|p2a: Gyarados|Mold Breaker
|move|p2a: Gyarados|Dragon Dance|p2a: Gyarados
|-boost|p2a: Gyarados|atk|1
|-boost|p2a: Gyarados|spe|1
|move|p1a: Jirachi|Thunder Wave|p2a: Gyarados
|-status|p2a: Gyarados|par
|
|-heal|p1a: Jirachi|397\/404|[from] item: Leftovers
|turn|14
|
|switch|p1a: Volcarona|Volcarona, F|373\/373
|-damage|p1a: Volcarona|187\/373|[from] Stealth Rock
|move|p2a: Gyarados|Dragon Dance|p2a: Gyarados
|-boost|p2a: Gyarados|atk|1
|-boost|p2a: Gyarados|spe|1
|
|-heal|p1a: Volcarona|210\/373|[from] item: Leftovers
|turn|15
|
|switch|p2a: Raikou|Raikou|157\/322
|-ability|p2a: Raikou|Pressure
|move|p1a: Volcarona|Bug Buzz|p2a: Raikou
|-damage|p2a: Raikou|27\/322
|
|-heal|p1a: Volcarona|233\/373|[from] item: Leftovers
|turn|16
|
|move|p2a: Raikou|Volt Switch|p1a: Volcarona
|-damage|p1a: Volcarona|101\/373
|
|switch|p2a: Landorus-Therian|Landorus-Therian, M|382\/382
|-ability|p2a: Landorus-Therian|Intimidate|[of] p1a: Volcarona
|-unboost|p1a: Volcarona|atk|1
|move|p1a: Volcarona|Bug Buzz|p2a: Landorus-Therian
|-resisted|p2a: Landorus-Therian
|-damage|p2a: Landorus-Therian|300\/382
|
|-heal|p1a: Volcarona|124\/373|[from] item: Leftovers
|turn|17
|
|move|p1a: Volcarona|Fiery Dance|p2a: Landorus-Therian
|-damage|p2a: Landorus-Therian|146\/382
|-boost|p1a: Volcarona|spa|1
|move|p2a: Landorus-Therian|Rock Slide|p1a: Volcarona
|-supereffective|p1a: Volcarona
|-damage|p1a: Volcarona|0 fnt
|faint|p1a: Volcarona
|
|
|switch|p1a: Jirachi|Jirachi|397\/404
|-damage|p1a: Jirachi|372\/404|[from] Stealth Rock
|turn|18
|
|move|p1a: Jirachi|Protect|p1a: Jirachi
|-singleturn|p1a: Jirachi|Protect
|move|p2a: Landorus-Therian|U-turn|p1a: Jirachi
|-activate|p1a: Jirachi|Protect
|
|-heal|p1a: Jirachi|397\/404|[from] item: Leftovers
|turn|19
|
|move|p1a: Jirachi|Iron Head|p2a: Landorus-Therian
|-damage|p2a: Landorus-Therian|71\/382
|cant|p2a: Landorus-Therian|flinch
|
|-heal|p1a: Jirachi|404\/404|[from] item: Leftovers
|turn|20
|
|move|p1a: Jirachi|Iron Head|p2a: Landorus-Therian
|-crit|p2a: Landorus-Therian
|-damage|p2a: Landorus-Therian|0 fnt
|faint|p2a: Landorus-Therian
|
|
|switch|p2a: Greninja|Greninja, F, shiny|285\/285
|turn|21
|
|move|p2a: Greninja|U-turn|p1a: Jirachi
|-start|p2a: Greninja|typechange|Bug|[from] Protean
|-damage|p1a: Jirachi|317\/404
|
|switch|p2a: Latias|Latias, F|302\/302
|move|p1a: Jirachi|Thunder Wave|p2a: Latias
|-status|p2a: Latias|par
|
|-heal|p1a: Jirachi|342\/404|[from] item: Leftovers
|turn|22
|
|move|p1a: Jirachi|Iron Head|p2a: Latias
|-damage|p2a: Latias|196\/302 par
|cant|p2a: Latias|flinch
|
|-heal|p1a: Jirachi|367\/404|[from] item: Leftovers
|turn|23
|
|move|p1a: Jirachi|Iron Head|p2a: Latias
|-damage|p2a: Latias|84\/302 par
|cant|p2a: Latias|flinch
|
|-heal|p1a: Jirachi|392\/404|[from] item: Leftovers
|turn|24
|
|switch|p2a: Clefable|Clefable, F, shiny|394\/394
|move|p1a: Jirachi|Iron Head|p2a: Clefable
|-supereffective|p2a: Clefable
|-damage|p2a: Clefable|214\/394
|
|-heal|p1a: Jirachi|404\/404|[from] item: Leftovers
|-heal|p2a: Clefable|238\/394|[from] item: Leftovers
|turn|25
|
|move|p1a: Jirachi|Iron Head|p2a: Clefable
|-crit|p2a: Clefable
|-supereffective|p2a: Clefable
|-damage|p2a: Clefable|0 fnt
|faint|p2a: Clefable
|
|c|âCl3bG0in...Up|crit
|c|âCl3bG0in...Up|nice
|
|switch|p2a: Raikou|Raikou|27\/322
|-ability|p2a: Raikou|Pressure
|turn|26
|
|move|p2a: Raikou|Shadow Ball|p1a: Jirachi
|-supereffective|p1a: Jirachi
|-damage|p1a: Jirachi|258\/404
|move|p1a: Jirachi|Iron Head|p2a: Raikou
|-resisted|p2a: Raikou
|-damage|p2a: Raikou|0 fnt
|faint|p2a: Raikou
|
|-heal|p1a: Jirachi|283\/404|[from] item: Leftovers
|
|switch|p2a: Gyarados|Gyarados-Mega, F|294\/334 par
|-ability|p2a: Gyarados|Mold Breaker
|turn|27
|
|move|p1a: Jirachi|Iron Head|p2a: Gyarados
|-resisted|p2a: Gyarados
|-damage|p2a: Gyarados|249\/334 par
|cant|p2a: Gyarados|flinch
|
|-heal|p1a: Jirachi|308\/404|[from] item: Leftovers
|turn|28
|
|switch|p1a: Diancie|Diancie|241\/241
|-damage|p1a: Diancie|211\/241|[from] Stealth Rock
|move|p2a: Gyarados|Earthquake|p1a: Diancie
|-supereffective|p1a: Diancie
|-damage|p1a: Diancie|17\/241
|
|turn|29
|
|switch|p2a: Latias|Latias, F|84\/302 par
|detailschange|p1a: Diancie|Diancie-Mega
|-mega|p1a: Diancie|Diancie|Diancite
|move|p1a: Diancie|Moonblast|p2a: Latias
|-supereffective|p2a: Latias
|-damage|p2a: Latias|0 fnt
|faint|p2a: Latias
|
|
|switch|p2a: Greninja|Greninja, F, shiny|285\/285
|turn|30
|
|move|p2a: Greninja|U-turn|p1a: Diancie
|-start|p2a: Greninja|typechange|Bug|[from] Protean
|-resisted|p1a: Diancie
|-damage|p1a: Diancie|0 fnt
|faint|p1a: Diancie
|
|switch|p2a: Gyarados|Gyarados-Mega, F|249\/334 par
|-ability|p2a: Gyarados|Mold Breaker
|
|
|switch|p1a: Jirachi|Jirachi|308\/404
|-damage|p1a: Jirachi|283\/404|[from] Stealth Rock
|turn|31
|
|move|p1a: Jirachi|Iron Head|p2a: Gyarados
|-resisted|p2a: Gyarados
|-damage|p2a: Gyarados|207\/334 par
|cant|p2a: Gyarados|flinch
|
|-heal|p1a: Jirachi|308\/404|[from] item: Leftovers
|turn|32
|
|move|p1a: Jirachi|Iron Head|p2a: Gyarados
|-resisted|p2a: Gyarados
|-damage|p2a: Gyarados|160\/334 par
|cant|p2a: Gyarados|flinch
|
|-heal|p1a: Jirachi|333\/404|[from] item: Leftovers
|turn|33
|
|move|p1a: Jirachi|Iron Head|p2a: Gyarados
|-resisted|p2a: Gyarados
|-damage|p2a: Gyarados|116\/334 par
|cant|p2a: Gyarados|par
|
|-heal|p1a: Jirachi|358\/404|[from] item: Leftovers
|turn|34
|
|move|p1a: Jirachi|Iron Head|p2a: Gyarados
|-resisted|p2a: Gyarados
|-damage|p2a: Gyarados|76\/334 par
|cant|p2a: Gyarados|flinch
|
|-heal|p1a: Jirachi|383\/404|[from] item: Leftovers
|turn|35
|
|move|p1a: Jirachi|Iron Head|p2a: Gyarados
|-resisted|p2a: Gyarados
|-damage|p2a: Gyarados|35\/334 par
|move|p2a: Gyarados|Earthquake|p1a: Jirachi
|-supereffective|p1a: Jirachi
|-damage|p1a: Jirachi|105\/404
|
|-heal|p1a: Jirachi|130\/404|[from] item: Leftovers
|turn|36
|
|move|p1a: Jirachi|Protect|p1a: Jirachi
|-singleturn|p1a: Jirachi|Protect
|cant|p2a: Gyarados|par
|
|-heal|p1a: Jirachi|155\/404|[from] item: Leftovers
|turn|37
|
|move|p1a: Jirachi|Iron Head|p2a: Gyarados
|-resisted|p2a: Gyarados
|-damage|p2a: Gyarados|0 fnt
|faint|p2a: Gyarados
|
|-heal|p1a: Jirachi|180\/404|[from] item: Leftovers
|
|switch|p2a: Greninja|Greninja, F, shiny|285\/285
|turn|38
|
|move|p1a: Jirachi|Protect|p1a: Jirachi
|-singleturn|p1a: Jirachi|Protect
|move|p2a: Greninja|Scald|p1a: Jirachi
|-start|p2a: Greninja|typechange|Water|[from] Protean
|-activate|p1a: Jirachi|Protect
|
|-heal|p1a: Jirachi|205\/404|[from] item: Leftovers
|turn|39
|
|move|p2a: Greninja|Scald|p1a: Jirachi
|-damage|p1a: Jirachi|120\/404
|move|p1a: Jirachi|Wish|p1a: Jirachi
|
|-heal|p1a: Jirachi|145\/404|[from] item: Leftovers
|turn|40
|
|move|p1a: Jirachi|Protect|p1a: Jirachi
|-singleturn|p1a: Jirachi|Protect
|move|p2a: Greninja|Scald|p1a: Jirachi
|-activate|p1a: Jirachi|Protect
|
|-heal|p1a: Jirachi|347\/404|[from] move: Wish|[wisher] Jirachi
|-heal|p1a: Jirachi|372\/404|[from] item: Leftovers
|turn|41
|
|move|p2a: Greninja|Scald|p1a: Jirachi
|-damage|p1a: Jirachi|284\/404
|move|p1a: Jirachi|Thunder Wave|p2a: Greninja
|-status|p2a: Greninja|par
|
|-heal|p1a: Jirachi|309\/404|[from] item: Leftovers
|turn|42
|-message|Cl3bG0in...Up forfeited.
|
|win|CrispyLinks
|raw|Ladder updating...
|leave|Cl3bG0in...Up
|player|p2
|raw|CrispyLinks's rating: 1414 &rarr; <strong>1433<\/strong><br \/>(+19 for winning)
|raw|Cl3bG0in...Up's rating: 1396 &rarr; <strong>1377<\/strong><br \/>(-19 for losing)