|join|CrispyLinks
|join|bluri
|join|kloshitt
|c|âbluri|gl hf
|player|p1|CrispyLinks|165
|player|p2|bluri|190
|gametype|singles
|gen|6
|tier|OU
|rated
|clearpoke
|poke|p1|Volcarona, F
|poke|p1|Azumarill, F
|poke|p1|Diancie
|poke|p1|Landorus-Therian, M
|poke|p1|Latios, M
|poke|p1|Jirachi
|poke|p2|Metagross
|poke|p2|Hippowdon, F
|poke|p2|Ferrothorn, F
|poke|p2|Heatran, M
|poke|p2|Clefable, F
|poke|p2|Latios, M
|rule|Swagger Clause: Swagger is banned
|rule|Baton Pass Clause: Limit one PokÃ©mon knowing Baton Pass
|rule|Sleep Clause Mod: Limit one foe put to sleep
|rule|Species Clause: Limit one of each PokÃ©mon
|rule|OHKO Clause: OHKO moves are banned
|rule|Moody Clause: Moody is banned
|rule|Evasion Moves Clause: Evasion moves are banned
|rule|Endless Battle Clause: Forcing endless battles is banned
|rule|HP Percentage Mod: HP is shown in percentages
|teampreview
|c|âbluri|LMAO volcarona :D
|
|start
|switch|p1a: Diancie|Diancie|241\/241
|switch|p2a: Hippowdon|Hippowdon, F|420\/420
|-weather|Sandstorm
|turn|1
|
|detailschange|p1a: Diancie|Diancie-Mega
|-mega|p1a: Diancie|Diancie|Diancite
|move|p1a: Diancie|Protect|p1a: Diancie
|-singleturn|p1a: Diancie|Protect
|move|p2a: Hippowdon|Earthquake|p1a: Diancie
|-activate|p1a: Diancie|Protect
|
|-weather|Sandstorm|[upkeep]
|turn|2
|c| kloshitt|hoopa unbound too op
|join|bauer
|c|âbluri|ist hoopa mittlerweile schon rauzs?
|c|âbluri|spielbar?
|c| bauer|nÃ¶
|c| kloshitt|theorethisch ja mit einem hack
|
|switch|p1a: Landorus-Therian|Landorus-Therian, M|366\/366
|-ability|p1a: Landorus-Therian|Intimidate|[of] p2a: Hippowdon
|-unboost|p2a: Hippowdon|atk|1
|move|p2a: Hippowdon|Earthquake|p1a: Landorus-Therian
|-immune|p1a: Landorus-Therian|[msg]
|
|-weather|Sandstorm|[upkeep]
|turn|3
|c|âbluri|wann kommt das denn raus?
|c| kloshitt|ka
|c| kloshitt|vllt in Z
|
|move|p1a: Landorus-Therian|U-turn|p2a: Hippowdon
|-damage|p2a: Hippowdon|375\/420
|c|âbluri|also wann ist es spielbar
|
|switch|p1a: Diancie|Diancie-Mega|241\/241
|move|p2a: Hippowdon|Stealth Rock|p1a: Diancie
|move|p1a: Diancie|Stealth Rock|p2a: Hippowdon|[from]Magic Bounce
|-sidestart|p2: bluri|move: Stealth Rock
|
|-weather|Sandstorm|[upkeep]
|-heal|p2a: Hippowdon|401\/420|[from] item: Leftovers
|turn|4
|join|ninja baannn
|c| kloshitt|ahahahahaha
|c| kloshitt|voll outplayed worden
|c|âbluri|und wann kommt Z raus? :D
|
|switch|p1a: Latios|Latios, M|301\/301
|move|p2a: Hippowdon|Earthquake|p1a: Latios
|-immune|p1a: Latios|[msg]
|
|-weather|Sandstorm|[upkeep]
|-damage|p1a: Latios|283\/301|[from] sandstorm
|-heal|p2a: Hippowdon|420\/420|[from] item: Leftovers
|turn|5
|c| kloshitt|ka
|c| kloshitt|nÃ¤chstes jahr? :D
|c| ninja baannn|nee dieses
|
|switch|p2a: Heatran|Heatran, M|386\/386
|-damage|p2a: Heatran|338\/386|[from] Stealth Rock
|move|p1a: Latios|Trick|p2a: Heatran
|-activate|p1a: Latios|move: Trick|[of] p2a: Heatran
|-item|p2a: Heatran|Choice Scarf|[from] move: Trick
|-item|p1a: Latios|Leftovers|[from] move: Trick
|
|-weather|none
|-heal|p1a: Latios|301\/301|[from] item: Leftovers
|turn|6
|c| ninja baannn|ende dieses jahrs
|c| kloshitt|dani der schlaumeier
|
|switch|p1a: Diancie|Diancie-Mega|241\/241
|move|p2a: Heatran|Magma Storm|p1a: Diancie
|-crit|p1a: Diancie
|-resisted|p1a: Diancie
|-damage|p1a: Diancie|146\/241
|-activate|p1a: Diancie|move: Magma Storm|[of] p2a: Heatran
|
|-damage|p1a: Diancie|116\/241|[from] move: Magma Storm|[partiallytrapped]
|turn|7
|
|switch|p2a: Latios|Latios, M|301\/301
|-damage|p2a: Latios|264\/301|[from] Stealth Rock
|move|p1a: Diancie|Earth Power|p2a: Latios
|-immune|p2a: Latios|[msg]
|
|-end|p1a: Diancie|Magma Storm|[partiallytrapped]
|turn|8
|
|switch|p2a: Ferrothorn|Ferrothorn, F|352\/352
|-damage|p2a: Ferrothorn|330\/352|[from] Stealth Rock
|switch|p1a: Jirachi|Jirachi|404\/404
|
|-heal|p2a: Ferrothorn|352\/352|[from] item: Leftovers
|turn|9
|c| ninja baannn|bzw
|
|move|p1a: Jirachi|Thunder Wave|p2a: Ferrothorn
|-status|p2a: Ferrothorn|par
|move|p2a: Ferrothorn|Spikes|p1a: Jirachi
|-sidestart|p1: CrispyLinks|Spikes
|
|turn|10
|c| ninja baannn|wie isztb jirachi jz oihnre ninja? :D
|
|switch|p1a: Latios|Latios, M|301\/301
|move|p2a: Ferrothorn|Leech Seed|p1a: Latios
|-start|p1a: Latios|move: Leech Seed
|
|-damage|p1a: Latios|264\/301|[from] Leech Seed|[of] p2a: Ferrothorn
|turn|11
|c|âbluri|k.A noch nicht gespielt :F Find ninja bann hat das metagame net wirklich groÃ verÃ¤ndert :D
|c| bauer|naja
|c| kloshitt|[strike]geil[strike\/]
|
|move|p1a: Latios|Defog|p2a: Ferrothorn
|-unboost|p2a: Ferrothorn|evasion|1
|-sideend|p2: bluri|Stealth Rock|[from] move: Defog|[of] p2a: Ferrothorn
|-sideend|p1: CrispyLinks|Spikes|[from] move: Defog|[of] p1a: Latios
|move|p2a: Ferrothorn|Spikes|p1a: Latios
|-sidestart|p1: CrispyLinks|Spikes
|
|-heal|p1a: Latios|282\/301|[from] item: Leftovers
|-damage|p1a: Latios|245\/301|[from] Leech Seed|[of] p2a: Ferrothorn
|turn|12
|c| kloshitt|mist geht nicht
|c| bauer|die porygons&chanseys sind weg
|
|switch|p1a: Volcarona|Volcarona, F|373\/373
|-damage|p1a: Volcarona|327\/373|[from] Spikes
|move|p2a: Ferrothorn|Gyro Ball|p1a: Volcarona
|-resisted|p1a: Volcarona
|-damage|p1a: Volcarona|246\/373
|
|-heal|p1a: Volcarona|269\/373|[from] item: Leftovers
|turn|13
|c| ninja baannn|kampf ist nerfed
|
|switch|p1a: Latios|Latios, M|245\/301
|switch|p2a: Heatran|Heatran, M|338\/386
|
|-heal|p1a: Latios|263\/301|[from] item: Leftovers
|turn|14
|
|switch|p2a: Clefable|Clefable, F|394\/394
|move|p1a: Latios|Defog|p2a: Clefable
|-unboost|p2a: Clefable|evasion|1
|-sideend|p1: CrispyLinks|Spikes|[from] move: Defog|[of] p1a: Latios
|
|-heal|p1a: Latios|281\/301|[from] item: Leftovers
|turn|15
|
|switch|p1a: Jirachi|Jirachi|404\/404
|switch|p2a: Hippowdon|Hippowdon, F|420\/420
|-weather|Sandstorm
|
|-weather|Sandstorm|[upkeep]
|turn|16
|
|switch|p1a: Latios|Latios, M|281\/301
|move|p2a: Hippowdon|Stealth Rock|p1a: Latios
|-sidestart|p1: CrispyLinks|move: Stealth Rock
|
|-weather|Sandstorm|[upkeep]
|-damage|p1a: Latios|263\/301|[from] sandstorm
|-heal|p1a: Latios|281\/301|[from] item: Leftovers
|turn|17
|c|âbluri|Ich vermisse mein Ttar :(
|
|switch|p2a: Clefable|Clefable, F|394\/394
|move|p1a: Latios|Defog|p2a: Clefable
|-unboost|p2a: Clefable|evasion|1
|-sideend|p1: CrispyLinks|Stealth Rock|[from] move: Defog|[of] p1a: Latios
|
|-weather|Sandstorm|[upkeep]
|-damage|p1a: Latios|263\/301|[from] sandstorm
|-heal|p1a: Latios|281\/301|[from] item: Leftovers
|turn|18
|
|switch|p1a: Jirachi|Jirachi|404\/404
|move|p2a: Clefable|Thunder Wave|p1a: Jirachi
|-status|p1a: Jirachi|par
|
|-weather|Sandstorm|[upkeep]
|turn|19
|
|switch|p2a: Ferrothorn|Ferrothorn, F|352\/352 par
|switch|p1a: Landorus-Therian|Landorus-Therian, M|366\/366
|-ability|p1a: Landorus-Therian|Intimidate|[of] p2a: Ferrothorn
|-unboost|p2a: Ferrothorn|atk|1
|
|-weather|none
|turn|20
|c| ninja baannn|clefg fickt alles
|
|switch|p2a: Heatran|Heatran, M|338\/386
|move|p1a: Landorus-Therian|Stealth Rock|p2a: Heatran
|-sidestart|p2: bluri|move: Stealth Rock
|
|turn|21
|c|âbluri|auÃer rachi und volca
|c| ninja baannn|scarf eruption?
|
|switch|p2a: Hippowdon|Hippowdon, F|420\/420
|-damage|p2a: Hippowdon|394\/420|[from] Stealth Rock
|-weather|Sandstorm
|move|p1a: Landorus-Therian|Earthquake|p2a: Hippowdon
|-damage|p2a: Hippowdon|297\/420
|
|-weather|Sandstorm|[upkeep]
|-heal|p2a: Hippowdon|323\/420|[from] item: Leftovers
|turn|22
|c|âbluri|lol
|
|move|p1a: Landorus-Therian|U-turn|p2a: Hippowdon
|-damage|p2a: Hippowdon|269\/420
|
|switch|p1a: Diancie|Diancie-Mega|116\/241
|move|p2a: Hippowdon|Slack Off|p2a: Hippowdon
|-heal|p2a: Hippowdon|420\/420
|
|-weather|Sandstorm|[upkeep]
|turn|23
|c| ninja baannn|rachi fickts mit magnezone
|
|switch|p1a: Latios|Latios, M|281\/301
|move|p2a: Hippowdon|Earthquake|p1a: Latios
|-immune|p1a: Latios|[msg]
|
|-weather|Sandstorm|[upkeep]
|-damage|p1a: Latios|263\/301|[from] sandstorm
|-heal|p1a: Latios|281\/301|[from] item: Leftovers
|turn|24
|
|move|p1a: Latios|Draco Meteor|p2a: Hippowdon
|-damage|p2a: Hippowdon|132\/420
|-unboost|p1a: Latios|spa|2
|move|p2a: Hippowdon|Earthquake|p1a: Latios
|-immune|p1a: Latios|[msg]
|
|-weather|Sandstorm|[upkeep]
|-damage|p1a: Latios|263\/301|[from] sandstorm
|-heal|p1a: Latios|281\/301|[from] item: Leftovers
|-heal|p2a: Hippowdon|158\/420|[from] item: Leftovers
|turn|25
|
|switch|p1a: Jirachi|Jirachi|404\/404 par
|move|p2a: Hippowdon|Slack Off|p2a: Hippowdon
|-heal|p2a: Hippowdon|368\/420
|
|-weather|none
|-heal|p2a: Hippowdon|394\/420|[from] item: Leftovers
|turn|26
|
|switch|p1a: Diancie|Diancie-Mega|116\/241
|move|p2a: Hippowdon|Stealth Rock|p1a: Diancie
|move|p1a: Diancie|Stealth Rock|p2a: Hippowdon|[from]Magic Bounce
|-fail|p2a: Hippowdon
|
|-heal|p2a: Hippowdon|420\/420|[from] item: Leftovers
|turn|27
|
|move|p1a: Diancie|Moonblast|p2a: Hippowdon
|-damage|p2a: Hippowdon|153\/420
|-unboost|p2a: Hippowdon|spa|1
|move|p2a: Hippowdon|Earthquake|p1a: Diancie
|-supereffective|p1a: Diancie
|-damage|p1a: Diancie|0 fnt
|faint|p1a: Diancie
|
|-heal|p2a: Hippowdon|179\/420|[from] item: Leftovers
|
|switch|p1a: Latios|Latios, M|281\/301
|turn|28
|
|switch|p2a: Clefable|Clefable, F|394\/394
|move|p1a: Latios|Psyshock|p2a: Clefable
|-crit|p2a: Clefable
|-damage|p2a: Clefable|205\/394
|
|-heal|p1a: Latios|299\/301|[from] item: Leftovers
|-heal|p2a: Clefable|229\/394|[from] item: Leftovers
|turn|29
|
|move|p1a: Latios|Psyshock|p2a: Clefable
|-damage|p2a: Clefable|99\/394
|move|p2a: Clefable|Soft-Boiled|p2a: Clefable
|-heal|p2a: Clefable|296\/394
|
|-heal|p1a: Latios|301\/301|[from] item: Leftovers
|-heal|p2a: Clefable|320\/394|[from] item: Leftovers
|turn|30
|
|switch|p1a: Volcarona|Volcarona, F|269\/373
|switch|p2a: Hippowdon|Hippowdon, F|179\/420
|-damage|p2a: Hippowdon|153\/420|[from] Stealth Rock
|-weather|Sandstorm
|
|-weather|Sandstorm|[upkeep]
|-damage|p1a: Volcarona|246\/373|[from] sandstorm
|-heal|p1a: Volcarona|269\/373|[from] item: Leftovers
|-heal|p2a: Hippowdon|179\/420|[from] item: Leftovers
|turn|31
|c| ninja baannn|klo? bluri hat nen iq von 115
|c| ninja baannn|und nen dickerten schwanz
|c|âbluri|lol
|
|switch|p2a: Heatran|Heatran, M|338\/386
|-damage|p2a: Heatran|290\/386|[from] Stealth Rock
|move|p1a: Volcarona|Fiery Dance|p2a: Heatran
|-start|p2a: Heatran|ability: Flash Fire
|
|-weather|Sandstorm|[upkeep]
|-damage|p1a: Volcarona|246\/373|[from] sandstorm
|-heal|p1a: Volcarona|269\/373|[from] item: Leftovers
|turn|32
|c| kloshitt|aha
|c| ninja baannn|was willszt du den weibern jz bieten?
|
|switch|p1a: Azumarill|Azumarill, F|404\/404
|move|p2a: Heatran|Magma Storm|p1a: Azumarill|[miss]
|-miss|p2a: Heatran|p1a: Azumarill
|
|-weather|Sandstorm|[upkeep]
|-damage|p1a: Azumarill|379\/404|[from] sandstorm
|turn|33
|c| kloshitt|er hat nen iq von 107 du flasche
|
|switch|p2a: Ferrothorn|Ferrothorn, F|352\/352 par
|-damage|p2a: Ferrothorn|330\/352 par|[from] Stealth Rock
|move|p1a: Azumarill|Belly Drum|p1a: Azumarill
|-damage|p1a: Azumarill|177\/404
|-setboost|p1a: Azumarill|atk|6|[from] move: Belly Drum
|-enditem|p1a: Azumarill|Sitrus Berry|[eat]
|-heal|p1a: Azumarill|278\/404|[from] item: Sitrus Berry
|
|-weather|Sandstorm|[upkeep]
|-damage|p1a: Azumarill|253\/404|[from] sandstorm
|-heal|p2a: Ferrothorn|352\/352 par|[from] item: Leftovers
|turn|34
|
|move|p1a: Azumarill|Superpower|p2a: Ferrothorn
|-supereffective|p2a: Ferrothorn
|-damage|p2a: Ferrothorn|0 fnt
|-damage|p1a: Azumarill|203\/404|[from] ability: Iron Barbs|[of] p2a: Ferrothorn
|-unboost|p1a: Azumarill|atk|1
|-unboost|p1a: Azumarill|def|1
|faint|p2a: Ferrothorn
|
|-weather|none
|c| ninja baannn|ABER NEN DICKEREÂ§N SCHWANZ
|c| kloshitt|geil fÃ¼r dich
|
|switch|p2a: Latios|Latios, M|264\/301
|-damage|p2a: Latios|227\/301|[from] Stealth Rock
|turn|35
|c|âbluri|Glaubst du an den Weinachtsmann klo?
|
|move|p2a: Latios|Psyshock|p1a: Azumarill
|-damage|p1a: Azumarill|0 fnt
|-damage|p2a: Latios|197\/301|[from] item: Life Orb
|faint|p1a: Azumarill
|
|c| kloshitt|alter sei leise
|c|âbluri|lol wie aqua net killt gewesen wÃ¤r glaub
|join|xxrayxx
|c|âbluri|ahh nee doch nicht
|c|âbluri|dachte ich hÃ¤tte
|c|âbluri|-def :D
|
|switch|p1a: Latios|Latios, M|301\/301
|turn|36
|
|switch|p1a: Jirachi|Jirachi|404\/404 par
|move|p2a: Latios|Draco Meteor|p1a: Jirachi
|-resisted|p1a: Jirachi
|-damage|p1a: Jirachi|287\/404 par
|-unboost|p2a: Latios|spa|2
|-damage|p2a: Latios|167\/301|[from] item: Life Orb
|
|-heal|p1a: Jirachi|312\/404 par|[from] item: Leftovers
|turn|37
|c| ninja baannn|bluri: klo ist erst 14 da spielt man doch noich mit pzuppen, odert?
|c|âbluri|lol
|c| bauer|hÃ¤ was
|c| ninja baannn|TUT MAN DAS KLO?
|
|move|p2a: Latios|Defog|p1a: Jirachi
|-unboost|p1a: Jirachi|evasion|1
|-sideend|p2: bluri|Stealth Rock|[from] move: Defog|[of] p2a: Latios
|move|p1a: Jirachi|Thunder Wave|p2a: Latios
|-status|p2a: Latios|par
|
|-heal|p1a: Jirachi|337\/404 par|[from] item: Leftovers
|turn|38
|c| bauer|wieso ist klo 7 jahre Ã¤lter als ich
|
|switch|p2a: Hippowdon|Hippowdon, F|179\/420
|-weather|Sandstorm
|switch|p1a: Landorus-Therian|Landorus-Therian, M|366\/366
|-ability|p1a: Landorus-Therian|Intimidate|[of] p2a: Hippowdon
|-unboost|p2a: Hippowdon|atk|1
|
|-weather|Sandstorm|[upkeep]
|-heal|p2a: Hippowdon|205\/420|[from] item: Leftovers
|turn|39
|c|âbluri|weil klo ein model is
|c| bauer|aha
|
|move|p1a: Landorus-Therian|U-turn|p2a: Hippowdon
|-damage|p2a: Hippowdon|159\/420
|c|âbluri|wÃ¤re es nicht sinnvoll wenn ich langsam mal
|c|âbluri|MMeta ins spiel bring?
|c| xxrayxx|ne
|c| bauer|ne
|
|switch|p1a: Latios|Latios, M|301\/301
|move|p2a: Hippowdon|Stealth Rock|p1a: Latios
|-sidestart|p1: CrispyLinks|move: Stealth Rock
|
|-weather|Sandstorm|[upkeep]
|-damage|p1a: Latios|283\/301|[from] sandstorm
|-heal|p1a: Latios|301\/301|[from] item: Leftovers
|-heal|p2a: Hippowdon|185\/420|[from] item: Leftovers
|turn|40
|c| xxrayxx|mach direkt clef
|c|âbluri|volca fickt mich noch
|c| xxrayxx|wie immer
|c| ninja baannn|Klo hat maÃe 90-60-90
|c|âbluri|MMeta jz?
|c|âbluri|bisl druck ausÃ¼ben?
|c|âbluri|lol
|c| bauer|ich habe maÃe 120-150-120
|c| ninja baannn|sexy
|c| bauer|ja oder
|c|âbluri|bauer ich
|
|switch|p2a: Clefable|Clefable, F|320\/394
|move|p1a: Latios|Draco Meteor|p2a: Clefable
|-immune|p2a: Clefable|[msg]
|
|-weather|Sandstorm|[upkeep]
|-damage|p1a: Latios|283\/301|[from] sandstorm
|-heal|p1a: Latios|301\/301|[from] item: Leftovers
|-heal|p2a: Clefable|344\/394|[from] item: Leftovers
|turn|41
|c|âbluri|rubbel mir gleich einen
|c|âbluri|und denk an dich
|c| ninja baannn|#mein iq ist hÃ¶her als klos
|c| ninja baannn|denkt ihr mein schwanz ist auch lÃ¤nger?
|c|âbluri|#Mein Penis is lÃ¤nger als die Werte von KloÂ´s IQ
|c| kloshitt|._.
|c| bauer|nee
|c|âbluri|alter ghoste micz ma jmd
|c|âbluri|statt zu labern
|c|âbluri|gelft mir mal lieber
|c| kloshitt|bluri du angeber das stimmt nichtmal
|c| bauer|klos maÃe sind 70-50-70
|c| bauer|oder
|c|âbluri|ich hab rocks raus sprich double switchen ohne ende kann ich jz :D
|c|âbluri|Ich wette mit dir
|c|âbluri|dass mein Penis
|c|âbluri|lÃ¤nger als dein IQ Wert is
|c| kloshitt|106 cm?
|
|switch|p2a: Heatran|Heatran, M|290\/386
|move|p1a: Latios|Defog|p2a: Heatran
|-unboost|p2a: Heatran|evasion|1
|-sideend|p1: CrispyLinks|Stealth Rock|[from] move: Defog|[of] p1a: Latios
|
|-weather|Sandstorm|[upkeep]
|-damage|p1a: Latios|283\/301|[from] sandstorm
|-heal|p1a: Latios|301\/301|[from] item: Leftovers
|turn|42
|c| kloshitt|sicher
|c|âbluri|Mein Penis ist
|c|âbluri|2,20m
|c|âbluri|im steifen Zustand
|c| ninja baannn|ich bin zwar schlauer als klo aba kann nicht denken weil mein bluztr am falscheb punktr ist :(
|c| bauer|nanometer*
|
|switch|p2a: Clefable|Clefable, F|344\/394
|move|p1a: Latios|Psyshock|p2a: Clefable
|-damage|p2a: Clefable|217\/394
|
|-weather|none
|-heal|p2a: Clefable|241\/394|[from] item: Leftovers
|turn|43
|c| bauer|mein penis ist
|c| bauer|2 meta gross
|c| kloshitt|nur weil ich keine gescheite rÃ¤umliche vorstellung hab werde ich hier gemobbt :(
|c|âbluri|die titten deiner mutter vielleicht
|
|switch|p1a: Volcarona|Volcarona, F|269\/373
|move|p2a: Clefable|Soft-Boiled|p2a: Clefable
|-heal|p2a: Clefable|394\/394
|
|-heal|p1a: Volcarona|292\/373|[from] item: Leftovers
|turn|44
|c| kloshitt|lÃ¶l
|
|move|p1a: Volcarona|Quiver Dance|p1a: Volcarona
|-boost|p1a: Volcarona|spa|1
|-boost|p1a: Volcarona|spd|1
|-boost|p1a: Volcarona|spe|1
|move|p2a: Clefable|Thunder Wave|p1a: Volcarona
|-status|p1a: Volcarona|par
|
|-heal|p1a: Volcarona|315\/373 par|[from] item: Leftovers
|turn|45
|c|âbluri|https:\/\/www.youtube.com\/watch?v=gQyb0s4c-zA
|c| ninja baannn|KLO ein viereck hat 2 mal 4 cm seiten wieviel 3 cm sind das?
|c|âbluri|I WISHED THAT I COULD BE LIKE THE COOL KIDS
|c|âbluri|BESCHTE LIED :D
|
|switch|p2a: Heatran|Heatran, M|290\/386
|move|p1a: Volcarona|Quiver Dance|p1a: Volcarona
|-boost|p1a: Volcarona|spa|1
|-boost|p1a: Volcarona|spd|1
|-boost|p1a: Volcarona|spe|1
|
|-heal|p1a: Volcarona|338\/373 par|[from] item: Leftovers
|turn|46
|
|move|p2a: Heatran|Magma Storm|p1a: Volcarona
|-damage|p1a: Volcarona|269\/373 par
|-activate|p1a: Volcarona|move: Magma Storm|[of] p2a: Heatran
|cant|p1a: Volcarona|par
|
|-heal|p1a: Volcarona|292\/373 par|[from] item: Leftovers
|-damage|p1a: Volcarona|246\/373 par|[from] move: Magma Storm|[partiallytrapped]
|turn|47
|c|âbluri|oml
|c|âbluri|hp ground volca
|c|âbluri|lati in
|c|âbluri|yn
|
|move|p2a: Heatran|Magma Storm|p1a: Volcarona
|-damage|p1a: Volcarona|170\/373 par
|cant|p1a: Volcarona|par
|
|-heal|p1a: Volcarona|193\/373 par|[from] item: Leftovers
|-damage|p1a: Volcarona|147\/373 par|[from] move: Magma Storm|[partiallytrapped]
|turn|48
|c|âbluri|SHOW ME THE HP GROUND
|
|move|p2a: Heatran|Magma Storm|p1a: Volcarona
|-damage|p1a: Volcarona|81\/373 par
|move|p1a: Volcarona|Roost|p1a: Volcarona
|-heal|p1a: Volcarona|268\/373 par
|
|-heal|p1a: Volcarona|291\/373 par|[from] item: Leftovers
|-damage|p1a: Volcarona|245\/373 par|[from] move: Magma Storm|[partiallytrapped]
|turn|49
|c|âbluri|lol
|c| ninja baannn|KLO ein viereck hat 2 mal 4 cm seiten wieviel 3 cm sind das?
|c| kloshitt|**xray is hochbegabt**
|c| kloshitt|man dani
|
|switch|p2a: Hippowdon|Hippowdon, F|185\/420
|-weather|Sandstorm
|move|p1a: Volcarona|Quiver Dance|p1a: Volcarona
|-boost|p1a: Volcarona|spa|1
|-boost|p1a: Volcarona|spd|1
|-boost|p1a: Volcarona|spe|1
|
|-weather|Sandstorm|[upkeep]
|-damage|p1a: Volcarona|222\/373 par|[from] sandstorm
|-heal|p1a: Volcarona|245\/373 par|[from] item: Leftovers
|-heal|p2a: Hippowdon|211\/420|[from] item: Leftovers
|-end|p1a: Volcarona|Magma Storm|[partiallytrapped]
|turn|50
|c| kloshitt|darum gings da net
|c| xxrayxx|LOL
|c| xxrayxx|mongo
|c|âbluri|lol
|
|move|p1a: Volcarona|Fiery Dance|p2a: Hippowdon
|-damage|p2a: Hippowdon|0 fnt
|faint|p2a: Hippowdon
|
|-weather|Sandstorm|[upkeep]
|-damage|p1a: Volcarona|222\/373 par|[from] sandstorm
|-heal|p1a: Volcarona|245\/373 par|[from] item: Leftovers
|
|switch|p2a: Metagross|Metagross|301\/301
|turn|51
|c| kloshitt|musste so nen komischen wÃ¼rfel im kopf drehen und der einer der mÃ¶glichen lÃ¶sungen kann dann den abgebildeten ergeben
|c| kloshitt|das kann ich nunmal nicht du mongo
|
|detailschange|p2a: Metagross|Metagross-Mega
|-mega|p2a: Metagross|Metagross|Metagrossite
|move|p2a: Metagross|Zen Headbutt|p1a: Volcarona
|-damage|p1a: Volcarona|34\/373 par
|move|p1a: Volcarona|Fiery Dance|p2a: Metagross
|-supereffective|p2a: Metagross
|-damage|p2a: Metagross|0 fnt
|-boost|p1a: Volcarona|spa|1
|faint|p2a: Metagross
|
|-weather|Sandstorm|[upkeep]
|-damage|p1a: Volcarona|11\/373 par|[from] sandstorm
|-heal|p1a: Volcarona|34\/373 par|[from] item: Leftovers
|
|switch|p2a: Heatran|Heatran, M|290\/386
|turn|52
|c| bauer|reicht jetzt
|
|move|p2a: Heatran|Magma Storm|p1a: Volcarona
|-damage|p1a: Volcarona|0 fnt
|faint|p1a: Volcarona
|
|-weather|Sandstorm|[upkeep]
|c| ninja baannn|mongo=mongole=nicht angesehen aus anderem staat
|c| kloshitt|und im 2d musste ich wo einen strich machen und das weggestrichene woander einsetzen so dass es am ende noch ein rechteck\/quadrat ist
|
|switch|p1a: Landorus-Therian|Landorus-Therian, M|366\/366
|-ability|p1a: Landorus-Therian|Intimidate|[of] p2a: Heatran
|-unboost|p2a: Heatran|atk|1
|turn|53
|c| ninja baannn|bin ichg jz nen hurensohn?
|
|switch|p2a: Latios|Latios, M|167\/301 par
|move|p1a: Landorus-Therian|Earthquake|p2a: Latios
|-immune|p2a: Latios|[msg]
|
|-weather|none
|turn|54
|c| kloshitt|ja
|c| bauer|ja
|
|move|p1a: Landorus-Therian|U-turn|p2a: Latios
|-supereffective|p2a: Latios
|-damage|p2a: Latios|0 fnt
|faint|p2a: Latios
|
|switch|p1a: Jirachi|Jirachi|337\/404 par
|
|-heal|p1a: Jirachi|362\/404 par|[from] item: Leftovers
|
|switch|p2a: Heatran|Heatran, M|290\/386
|turn|55
|c| kloshitt|und mit den logischen denk aufgaben bin ich net fergtig geworden .. scheiÃ zeitlimit
|
|switch|p1a: Landorus-Therian|Landorus-Therian, M|366\/366
|-ability|p1a: Landorus-Therian|Intimidate|[of] p2a: Heatran
|-unboost|p2a: Heatran|atk|1
|move|p2a: Heatran|Magma Storm|p1a: Landorus-Therian
|-damage|p1a: Landorus-Therian|204\/366
|-activate|p1a: Landorus-Therian|move: Magma Storm|[of] p2a: Heatran
|
|-heal|p1a: Landorus-Therian|226\/366|[from] item: Leftovers
|-damage|p1a: Landorus-Therian|181\/366|[from] move: Magma Storm|[partiallytrapped]
|turn|56
|c|âbluri|lol
|
|move|p2a: Heatran|Magma Storm|p1a: Landorus-Therian
|-damage|p1a: Landorus-Therian|16\/366
|move|p1a: Landorus-Therian|Earthquake|p2a: Heatran
|-supereffective|p2a: Heatran
|-damage|p2a: Heatran|0 fnt
|faint|p2a: Heatran
|
|-heal|p1a: Landorus-Therian|38\/366|[from] item: Leftovers
|-end|p1a: Landorus-Therian|Magma Storm|[partiallytrapped]
|
|switch|p2a: Clefable|Clefable, F|394\/394
|turn|57
|
|move|p1a: Landorus-Therian|Earthquake|p2a: Clefable
|-damage|p2a: Clefable|262\/394
|move|p2a: Clefable|Calm Mind|p2a: Clefable
|-boost|p2a: Clefable|spa|1
|-boost|p2a: Clefable|spd|1
|
|-heal|p1a: Landorus-Therian|60\/366|[from] item: Leftovers
|-heal|p2a: Clefable|286\/394|[from] item: Leftovers
|turn|58
|join|Anna"Beca"Kendrick
|
|move|p1a: Landorus-Therian|U-turn|p2a: Clefable
|-resisted|p2a: Clefable
|-damage|p2a: Clefable|252\/394
|
|switch|p1a: Jirachi|Jirachi|362\/404 par
|move|p2a: Clefable|Calm Mind|p2a: Clefable
|-boost|p2a: Clefable|spa|1
|-boost|p2a: Clefable|spd|1
|
|-heal|p2a: Clefable|276\/394|[from] item: Leftovers
|-heal|p1a: Jirachi|387\/404 par|[from] item: Leftovers
|turn|59
|c|âbluri|okay
|c|âbluri|lets hax
|
|move|p2a: Clefable|Moonblast|p1a: Jirachi
|-resisted|p1a: Jirachi
|-damage|p1a: Jirachi|306\/404 par
|-unboost|p1a: Jirachi|spa|1
|move|p1a: Jirachi|Thunder Wave|p2a: Clefable
|-status|p2a: Clefable|par
|
|-heal|p1a: Jirachi|331\/404 par|[from] item: Leftovers
|-heal|p2a: Clefable|300\/394 par|[from] item: Leftovers
|turn|60
|
|cant|p1a: Jirachi|par
|move|p2a: Clefable|Moonblast|p1a: Jirachi
|-resisted|p1a: Jirachi
|-damage|p1a: Jirachi|255\/404 par
|
|-heal|p1a: Jirachi|280\/404 par|[from] item: Leftovers
|-heal|p2a: Clefable|324\/394 par|[from] item: Leftovers
|turn|61
|c|âbluri|nice
|c|âbluri|next
|
|move|p1a: Jirachi|Iron Head|p2a: Clefable
|-supereffective|p2a: Clefable
|-damage|p2a: Clefable|162\/394 par
|cant|p2a: Clefable|flinch
|
|-heal|p1a: Jirachi|305\/404 par|[from] item: Leftovers
|-heal|p2a: Clefable|186\/394 par|[from] item: Leftovers
|turn|62
|
|cant|p1a: Jirachi|par
|move|p2a: Clefable|Moonblast|p1a: Jirachi
|-resisted|p1a: Jirachi
|-damage|p1a: Jirachi|228\/404 par
|
|-heal|p1a: Jirachi|253\/404 par|[from] item: Leftovers
|-heal|p2a: Clefable|210\/394 par|[from] item: Leftovers
|turn|63
|
|move|p1a: Jirachi|Iron Head|p2a: Clefable
|-supereffective|p2a: Clefable
|-damage|p2a: Clefable|36\/394 par
|cant|p2a: Clefable|par
|
|-heal|p1a: Jirachi|278\/404 par|[from] item: Leftovers
|-heal|p2a: Clefable|60\/394 par|[from] item: Leftovers
|turn|64
|
|move|p1a: Jirachi|Iron Head|p2a: Clefable
|-supereffective|p2a: Clefable
|-damage|p2a: Clefable|0 fnt
|faint|p2a: Clefable
|
|win|CrispyLinks
|raw|Ladder updating...
|raw|CrispyLinks's rating: 1561 &rarr; <strong>1586<\/strong><br \/>(+25 for winning)
|raw|bluri's rating: 1657 &rarr; <strong>1631<\/strong><br \/>(-26 for losing)
|c|âCrispyLinks|gg
|c|âbluri|gg
|leave|bluri
|player|p2
|c| ninja baannn|poopyhead
|leave|kloshitt
|join|kloshitt
|leave|kloshitt
|leave|bauer
|leave|xxrayxx