|join|LiberalLucario
|join|ULT Cnorth
|player|p1|LiberalLucario|134
|player|p2|ULT Cnorth|167
|gametype|singles
|gen|6
|tier|UU
|rule|Sleep Clause Mod: Limit one foe put to sleep
|rule|Species Clause: Limit one of each PokÃ©mon
|rule|OHKO Clause: OHKO moves are banned
|rule|Moody Clause: Moody is banned
|rule|Evasion Moves Clause: Evasion moves are banned
|rule|Endless Battle Clause: Forcing endless battles is banned
|rule|HP Percentage Mod: HP is shown in percentages
|clearpoke
|poke|p1|Reuniclus, M
|poke|p1|Steelix, F
|poke|p1|Vaporeon, M
|poke|p1|Goodra, F
|poke|p1|Hydreigon, F
|poke|p1|Lucario, M
|poke|p2|Medicham, M
|poke|p2|Krookodile, M
|poke|p2|Celebi
|poke|p2|Empoleon, M
|poke|p2|Kyurem
|poke|p2|Arcanine, F
|rule|Swagger Clause: Swagger is banned
|rule|Baton Pass Clause: Limit one PokÃ©mon knowing Baton Pass
|teampreview
|c|âULT Cnorth|we meet again liberal
|c|âULT Cnorth|lol
|c|âLiberalLucario|lel
|c|âLiberalLucario|nice n
|c|âLiberalLucario|3 fighting weak mons
|c|âLiberalLucario|n_n
|c|âULT Cnorth|and broken mega :D
|c|âULT Cnorth|its fine tho
|
|start
|switch|p1a: Steelix|Steelix, F|354\/354
|switch|p2a: Medicham|Medicham, M|261\/261
|turn|1
|
|switch|p1a: Reuniclus|Reuniclus, M|424\/424
|detailschange|p2a: Medicham|Medicham-Mega, M
|-mega|p2a: Medicham|Medicham|Medichamite
|move|p2a: Medicham|Fake Out|p1a: Reuniclus
|-crit|p1a: Reuniclus
|-damage|p1a: Reuniclus|329\/424
|
|-heal|p1a: Reuniclus|355\/424|[from] item: Leftovers
|turn|2
|join|shyguywarrior
|c|âULT Cnorth|reveal
|c|âULT Cnorth|the twave reuni
|
|switch|p2a: Celebi|Celebi|404\/404
|move|p1a: Reuniclus|Focus Blast|p2a: Celebi
|-resisted|p2a: Celebi
|-damage|p2a: Celebi|348\/404
|
|-heal|p1a: Reuniclus|381\/424|[from] item: Leftovers
|turn|3
|c|âLiberalLucario|k
|
|switch|p1a: Goodra|Goodra, F|322\/322
|move|p2a: Celebi|Baton Pass|p2a: Celebi
|join|xShiba
|c|âLiberalLucario|k
|c|âULT Cnorth|let me go get a calc
|c| xShiba|hi
|c|âULT Cnorth|see if this hjk ohkoes
|c|âLiberalLucario|lel
|
|switch|p2a: Medicham|Medicham-Mega, M|261\/261
|
|turn|4
|c|âULT Cnorth|my lor megacham
|c|âULT Cnorth|your broken af
|
|switch|p1a: Reuniclus|Reuniclus, M|381\/424
|move|p2a: Medicham|High Jump Kick|p1a: Reuniclus
|-resisted|p1a: Reuniclus
|-damage|p1a: Reuniclus|207\/424
|
|-heal|p1a: Reuniclus|233\/424|[from] item: Leftovers
|turn|5
|
|switch|p2a: Krookodile|Krookodile, M|331\/331
|-ability|p2a: Krookodile|Intimidate|[of] p1a: Reuniclus
|-unboost|p1a: Reuniclus|atk|1
|move|p1a: Reuniclus|Recover|p1a: Reuniclus
|-heal|p1a: Reuniclus|424\/424
|
|turn|6
|c|âLiberalLucario|that damage is really really really dumb
|
|switch|p1a: Vaporeon|Vaporeon, M|451\/451
|move|p2a: Krookodile|Knock Off|p1a: Vaporeon
|-damage|p1a: Vaporeon|277\/451
|-enditem|p1a: Vaporeon|Leftovers|[from] move: Knock Off|[of] p2a: Krookodile
|
|turn|7
|c|âULT Cnorth|k
|
|switch|p2a: Celebi|Celebi|348\/404
|move|p1a: Vaporeon|Wish|p1a: Vaporeon
|
|turn|8
|
|move|p1a: Vaporeon|Protect|p1a: Vaporeon
|-singleturn|p1a: Vaporeon|Protect
|move|p2a: Celebi|Baton Pass|p2a: Celebi
|leave|shyguywarrior
|join|shyguywarrior
|leave|shyguywarrior
|join|xXSzymonkiXx
|
|switch|p2a: Medicham|Medicham-Mega, M|261\/261
|
|-heal|p1a: Vaporeon|451\/451|[from] move: Wish|[wisher] Vaporeon
|turn|9
|c|âULT Cnorth|and it returns again
|c|âLiberalLucario|i mean
|c|âLiberalLucario|i do have a medicham
|
|switch|p1a: Reuniclus|Reuniclus, M|424\/424
|move|p2a: Medicham|High Jump Kick|p1a: Reuniclus
|-resisted|p1a: Reuniclus
|-damage|p1a: Reuniclus|256\/424
|
|-heal|p1a: Reuniclus|282\/424|[from] item: Leftovers
|turn|10
|c|âLiberalLucario|i mean
|c|âLiberalLucario|reuni
|c|âLiberalLucario|so its not a big threat lol
|
|switch|p2a: Celebi|Celebi|348\/404
|move|p1a: Reuniclus|Recover|p1a: Reuniclus
|-heal|p1a: Reuniclus|424\/424
|
|turn|11
|
|move|p2a: Celebi|Seed Bomb|p1a: Reuniclus
|-crit|p1a: Reuniclus
|-damage|p1a: Reuniclus|292\/424
|move|p1a: Reuniclus|Focus Blast|p2a: Celebi
|-resisted|p2a: Celebi
|-damage|p2a: Celebi|295\/404
|
|-heal|p1a: Reuniclus|318\/424|[from] item: Leftovers
|turn|12
|
|move|p2a: Celebi|Sucker Punch|p1a: Reuniclus
|-supereffective|p1a: Reuniclus
|-damage|p1a: Reuniclus|202\/424
|move|p1a: Reuniclus|Focus Blast|p2a: Celebi
|-resisted|p2a: Celebi
|-damage|p2a: Celebi|236\/404
|
|-heal|p1a: Reuniclus|228\/424|[from] item: Leftovers
|turn|13
|
|switch|p2a: Krookodile|Krookodile, M|331\/331
|-ability|p2a: Krookodile|Intimidate|[of] p1a: Reuniclus
|-unboost|p1a: Reuniclus|atk|1
|move|p1a: Reuniclus|Recover|p1a: Reuniclus
|-heal|p1a: Reuniclus|424\/424
|
|turn|14
|
|move|p2a: Krookodile|Pursuit|p1a: Reuniclus|[from]Pursuit
|-supereffective|p1a: Reuniclus
|-damage|p1a: Reuniclus|184\/424
|switch|p1a: Hydreigon|Hydreigon, F|325\/325
|
|turn|15
|leave|xXSzymonkiXx
|c|âULT Cnorth|are you scared now?
|c|âLiberalLucario|no.
|
|switch|p2a: Empoleon|Empoleon, M|372\/372
|move|p1a: Hydreigon|Draco Meteor|p2a: Empoleon
|-resisted|p2a: Empoleon
|-damage|p2a: Empoleon|259\/372
|-unboost|p1a: Hydreigon|spa|2
|-damage|p1a: Hydreigon|293\/325|[from] item: Life Orb
|
|-heal|p2a: Empoleon|282\/372|[from] item: Leftovers
|turn|16
|
|switch|p2a: Arcanine|Arcanine, F|384\/384
|-ability|p2a: Arcanine|Intimidate|[of] p1a: Hydreigon
|-unboost|p1a: Hydreigon|atk|1
|move|p1a: Hydreigon|Superpower|p2a: Arcanine
|-damage|p2a: Arcanine|309\/384
|-damage|p1a: Hydreigon|239\/325|[from] item: Rocky Helmet|[of] p2a: Arcanine
|-unboost|p1a: Hydreigon|atk|1
|-unboost|p1a: Hydreigon|def|1
|-damage|p1a: Hydreigon|207\/325|[from] item: Life Orb
|
|turn|17
|
|switch|p1a: Reuniclus|Reuniclus, M|184\/424
|switch|p2a: Krookodile|Krookodile, M|331\/331
|-ability|p2a: Krookodile|Intimidate|[of] p1a: Reuniclus
|-unboost|p1a: Reuniclus|atk|1
|
|-heal|p1a: Reuniclus|210\/424|[from] item: Leftovers
|turn|18
|c|âLiberalLucario|are you like
|c|âLiberalLucario|playing as hard as you possibly can
|c|âLiberalLucario|lol this is a roomtour
|c|âULT Cnorth|probably
|
|switch|p1a: Vaporeon|Vaporeon, M|451\/451
|move|p2a: Krookodile|Knock Off|p1a: Vaporeon
|-damage|p1a: Vaporeon|324\/451
|
|turn|19
|c|âULT Cnorth|brb
|
|switch|p2a: Celebi|Celebi|236\/404
|move|p1a: Vaporeon|Baton Pass|p1a: Vaporeon
|
|switch|p1a: Reuniclus|Reuniclus, M|210\/424
|
|-heal|p1a: Reuniclus|236\/424|[from] item: Leftovers
|turn|20
|join|Celsius
|c| Celsius|lgi LL
|c|âLiberalLucario|:]
|c|âLiberalLucario|if i had a dollar for every time I lost to megachan
|c|âLiberalLucario|*cham
|c| Celsius|lol
|c|âLiberalLucario|i would be the president of the Bill Gates Foundation
|
|move|p2a: Celebi|Recover|p2a: Celebi
|-heal|p2a: Celebi|404\/404
|move|p1a: Reuniclus|Recover|p1a: Reuniclus
|-heal|p1a: Reuniclus|424\/424
|
|turn|21
|c|âLiberalLucario|and have enough left over to buy the EU
|join|Dracp
|c| Celsius|hahaha
|
|move|p2a: Celebi|Seed Bomb|p1a: Reuniclus
|-damage|p1a: Reuniclus|336\/424
|move|p1a: Reuniclus|Focus Blast|p2a: Celebi|[miss]
|-miss|p1a: Reuniclus|p2a: Celebi
|
|-heal|p1a: Reuniclus|362\/424|[from] item: Leftovers
|turn|22
|
|move|p2a: Celebi|Seed Bomb|p1a: Reuniclus
|-damage|p1a: Reuniclus|274\/424
|move|p1a: Reuniclus|Calm Mind|p1a: Reuniclus
|-boost|p1a: Reuniclus|spa|1
|-boost|p1a: Reuniclus|spd|1
|
|-heal|p1a: Reuniclus|300\/424|[from] item: Leftovers
|turn|23
|
|move|p2a: Celebi|Seed Bomb|p1a: Reuniclus
|-damage|p1a: Reuniclus|218\/424
|move|p1a: Reuniclus|Recover|p1a: Reuniclus
|-heal|p1a: Reuniclus|424\/424
|
|turn|24
|
|move|p2a: Celebi|Sucker Punch|p1a: Reuniclus
|-supereffective|p1a: Reuniclus
|-damage|p1a: Reuniclus|316\/424
|move|p1a: Reuniclus|Psyshock|p2a: Celebi
|-crit|p2a: Celebi
|-resisted|p2a: Celebi
|-damage|p2a: Celebi|317\/404
|
|-heal|p1a: Reuniclus|342\/424|[from] item: Leftovers
|turn|25
|
|move|p2a: Celebi|Sucker Punch|p1a: Reuniclus
|-supereffective|p1a: Reuniclus
|-damage|p1a: Reuniclus|240\/424
|move|p1a: Reuniclus|Psyshock|p2a: Celebi
|-crit|p2a: Celebi
|-resisted|p2a: Celebi
|-damage|p2a: Celebi|221\/404
|
|-heal|p1a: Reuniclus|266\/424|[from] item: Leftovers
|turn|26
|
|switch|p2a: Kyurem|Kyurem|391\/391
|-ability|p2a: Kyurem|Pressure
|move|p1a: Reuniclus|Recover|p1a: Reuniclus
|-heal|p1a: Reuniclus|424\/424
|
|turn|27
|
|move|p2a: Kyurem|Dragon Pulse|p1a: Reuniclus
|-damage|p1a: Reuniclus|217\/424
|move|p1a: Reuniclus|Recover|p1a: Reuniclus
|-heal|p1a: Reuniclus|424\/424
|
|turn|28
|
|switch|p1a: Steelix|Steelix, F|354\/354
|move|p2a: Kyurem|Dragon Pulse|p1a: Steelix
|-resisted|p1a: Steelix
|-damage|p1a: Steelix|228\/354
|
|turn|29
|
|switch|p2a: Arcanine|Arcanine, F|309\/384
|-ability|p2a: Arcanine|Intimidate|[of] p1a: Steelix
|-unboost|p1a: Steelix|atk|1
|detailschange|p1a: Steelix|Steelix-Mega, F
|-mega|p1a: Steelix|Steelix|Steelixite
|move|p1a: Steelix|Stealth Rock|p2a: Arcanine
|-sidestart|p2: ULT Cnorth|move: Stealth Rock
|
|turn|30
|
|switch|p2a: Kyurem|Kyurem|391\/391
|-damage|p2a: Kyurem|294\/391|[from] Stealth Rock
|-ability|p2a: Kyurem|Pressure
|switch|p1a: Vaporeon|Vaporeon, M|324\/451
|
|turn|31
|
|move|p1a: Vaporeon|Protect|p1a: Vaporeon
|-singleturn|p1a: Vaporeon|Protect
|move|p2a: Kyurem|Dragon Pulse|p1a: Vaporeon
|-activate|p1a: Vaporeon|Protect
|
|turn|32
|
|switch|p1a: Steelix|Steelix-Mega, F|228\/354
|move|p2a: Kyurem|Dragon Pulse|p1a: Steelix
|-resisted|p1a: Steelix
|-damage|p1a: Steelix|143\/354
|
|turn|33
|
|switch|p2a: Krookodile|Krookodile, M|331\/331
|-damage|p2a: Krookodile|311\/331|[from] Stealth Rock
|-ability|p2a: Krookodile|Intimidate|[of] p1a: Steelix
|-unboost|p1a: Steelix|atk|1
|switch|p1a: Goodra|Goodra, F|322\/322
|
|turn|34
|
|switch|p2a: Empoleon|Empoleon, M|282\/372
|-damage|p2a: Empoleon|259\/372|[from] Stealth Rock
|move|p1a: Goodra|Outrage|p2a: Empoleon
|-resisted|p2a: Empoleon
|-damage|p2a: Empoleon|103\/372
|
|-heal|p2a: Empoleon|126\/372|[from] item: Leftovers
|turn|35
|c|âULT Cnorth|ooh physical goodra
|c|âLiberalLucario|:]
|
|move|p1a: Goodra|Outrage|p2a: Empoleon
|-resisted|p2a: Empoleon
|-damage|p2a: Empoleon|0 fnt
|faint|p2a: Empoleon
|
|-end|p1a: Goodra|rampage
|-start|p1a: Goodra|confusion
|c|âLiberalLucario|with all these serperiors running around it's a cool mon to use
|c|âULT Cnorth|cancel button
|c|âULT Cnorth|why u dod ids
|c|âLiberalLucario|what were you going to
|c|âLiberalLucario|lol
|
|switch|p2a: Medicham|Medicham-Mega, M|261\/261
|-damage|p2a: Medicham|245\/261|[from] Stealth Rock
|turn|36
|c|âULT Cnorth|not sack my emp
|c|âULT Cnorth|lol
|
|switch|p1a: Reuniclus|Reuniclus, M|424\/424
|move|p2a: Medicham|High Jump Kick|p1a: Reuniclus
|-resisted|p1a: Reuniclus
|-damage|p1a: Reuniclus|265\/424
|
|-heal|p1a: Reuniclus|291\/424|[from] item: Leftovers
|turn|37
|
|move|p2a: Medicham|High Jump Kick|p1a: Reuniclus
|-resisted|p1a: Reuniclus
|-damage|p1a: Reuniclus|126\/424
|move|p1a: Reuniclus|Recover|p1a: Reuniclus
|-heal|p1a: Reuniclus|338\/424
|
|-heal|p1a: Reuniclus|364\/424|[from] item: Leftovers
|turn|38
|
|move|p2a: Medicham|High Jump Kick|p1a: Reuniclus|[miss]
|-miss|p2a: Medicham|p1a: Reuniclus
|-damage|p2a: Medicham|115\/261|[from] highjumpkick
|move|p1a: Reuniclus|Psyshock|p2a: Medicham
|-damage|p2a: Medicham|0 fnt
|faint|p2a: Medicham
|
|-heal|p1a: Reuniclus|390\/424|[from] item: Leftovers
|c|âLiberalLucario|rip
|c|âLiberalLucario|more rip
|c|âULT Cnorth|theres that
|c|âULT Cnorth|all teh rip
|c|âLiberalLucario|ded
|
|switch|p2a: Krookodile|Krookodile, M|311\/331
|-damage|p2a: Krookodile|291\/331|[from] Stealth Rock
|-ability|p2a: Krookodile|Intimidate|[of] p1a: Reuniclus
|-unboost|p1a: Reuniclus|atk|1
|turn|39
|
|move|p2a: Krookodile|Pursuit|p1a: Reuniclus|[from]Pursuit
|-supereffective|p1a: Reuniclus
|-damage|p1a: Reuniclus|142\/424
|switch|p1a: Hydreigon|Hydreigon, F|207\/325
|
|turn|40
|join|PhantomGallade
|c|âULT Cnorth|question
|c|âULT Cnorth|are your megas like
|c|âULT Cnorth|not showing up
|c|âLiberalLucario|no
|c|âULT Cnorth|on the thingy
|join|Snake Lord Geotal
|c|âLiberalLucario|they're good
|c|âULT Cnorth|just me i guess
|c|âLiberalLucario|for me at least
|leave|PhantomGallade
|join|Based Lord Joshua
|c|âULT Cnorth|well i lsot this
|c|âULT Cnorth|but the question  is
|c|âLiberalLucario|tbh
|c| Snake Lord Geotal|I can't see the megas either
|c|âULT Cnorth|do i want to play it out
|c|âLiberalLucario|yes u do
|
|switch|p2a: Celebi|Celebi|221\/404
|-damage|p2a: Celebi|171\/404|[from] Stealth Rock
|move|p1a: Hydreigon|Draco Meteor|p2a: Celebi
|-damage|p2a: Celebi|0 fnt
|-unboost|p1a: Hydreigon|spa|2
|-damage|p1a: Hydreigon|175\/325|[from] item: Life Orb
|faint|p2a: Celebi
|
|
|switch|p2a: Krookodile|Krookodile, M|291\/331
|-damage|p2a: Krookodile|271\/331|[from] Stealth Rock
|-ability|p2a: Krookodile|Intimidate|[of] p1a: Hydreigon
|-unboost|p1a: Hydreigon|atk|1
|turn|41
|join|Snowballin
|
|move|p2a: Krookodile|Superpower|p1a: Hydreigon
|-supereffective|p1a: Hydreigon
|-damage|p1a: Hydreigon|0 fnt
|-unboost|p2a: Krookodile|atk|1
|-unboost|p2a: Krookodile|def|1
|faint|p1a: Hydreigon
|
|c| Snowballin|O
|c|âLiberalLucario|oh its
|c|âLiberalLucario|scarf
|c| Snowballin|I have that problem as well north
|c|âULT Cnorth|yeah
|
|switch|p1a: Goodra|Goodra, F|322\/322
|turn|42
|c|âULT Cnorth|ive been debating on this
|c|âULT Cnorth|scarf or band
|c|âULT Cnorth|this team has no speed
|c|âULT Cnorth|so i just slapped on a scarf
|c|âLiberalLucario|k
|
|switch|p2a: Arcanine|Arcanine, F|309\/384
|-damage|p2a: Arcanine|213\/384|[from] Stealth Rock
|-ability|p2a: Arcanine|Intimidate|[of] p1a: Goodra
|-unboost|p1a: Goodra|atk|1
|move|p1a: Goodra|Outrage|p2a: Arcanine
|-damage|p2a: Arcanine|39\/384
|-damage|p1a: Goodra|269\/322|[from] item: Rocky Helmet|[of] p2a: Arcanine
|
|turn|43
|
|move|p2a: Arcanine|Extreme Speed|p1a: Goodra
|-damage|p1a: Goodra|174\/322
|move|p1a: Goodra|Outrage|p2a: Arcanine
|-damage|p2a: Arcanine|0 fnt
|-damage|p1a: Goodra|121\/322|[from] item: Rocky Helmet|[of] p2a: Arcanine
|faint|p2a: Arcanine
|
|
|switch|p2a: Krookodile|Krookodile, M|271\/331
|-damage|p2a: Krookodile|251\/331|[from] Stealth Rock
|-ability|p2a: Krookodile|Intimidate|[of] p1a: Goodra
|-unboost|p1a: Goodra|atk|1
|turn|44
|
|move|p2a: Krookodile|Earthquake|p1a: Goodra
|-damage|p1a: Goodra|0 fnt
|faint|p1a: Goodra
|
|c|âULT Cnorth|if only i was moxie krook
|
|switch|p1a: Vaporeon|Vaporeon, M|324\/451
|turn|45
|
|switch|p2a: Kyurem|Kyurem|294\/391
|-damage|p2a: Kyurem|197\/391|[from] Stealth Rock
|-ability|p2a: Kyurem|Pressure
|move|p1a: Vaporeon|Scald|p2a: Kyurem
|-resisted|p2a: Kyurem
|-damage|p2a: Kyurem|146\/391
|
|turn|46
|
|move|p2a: Kyurem|Dragon Pulse|p1a: Vaporeon
|-damage|p1a: Vaporeon|114\/451
|move|p1a: Vaporeon|Scald|p2a: Kyurem
|-resisted|p2a: Kyurem
|-damage|p2a: Kyurem|87\/391
|-status|p2a: Kyurem|brn
|
|-damage|p2a: Kyurem|39\/391 brn|[from] brn
|turn|47
|c|âLiberalLucario|shoot
|c|âULT Cnorth|wait
|c|âULT Cnorth|did i just win
|c|âLiberalLucario|might have
|c|âLiberalLucario|won
|
|move|p1a: Vaporeon|Protect|p1a: Vaporeon
|-singleturn|p1a: Vaporeon|Protect
|move|p2a: Kyurem|Dragon Pulse|p1a: Vaporeon
|-activate|p1a: Vaporeon|Protect
|
|-damage|p2a: Kyurem|0 fnt|[from] brn
|faint|p2a: Kyurem
|c|âLiberalLucario|depends on
|
|switch|p2a: Krookodile|Krookodile, M|251\/331
|-damage|p2a: Krookodile|231\/331|[from] Stealth Rock
|-ability|p2a: Krookodile|Intimidate|[of] p1a: Vaporeon
|-unboost|p1a: Vaporeon|atk|1
|turn|48
|c|âLiberalLucario|whether or not reuni can live an EQ
|
|move|p2a: Krookodile|Earthquake|p1a: Vaporeon
|-damage|p1a: Vaporeon|0 fnt
|faint|p1a: Vaporeon
|
|c|âULT Cnorth|im pretty sure it can
|
|switch|p1a: Lucario|Lucario, M|281\/281
|turn|49
|c| Snake Lord Geotal|liberallucario didn't you beat chimpact
|c|âLiberalLucario|um
|c|âLiberalLucario|no
|
|move|p1a: Lucario|Extreme Speed|p2a: Krookodile
|-damage|p2a: Krookodile|91\/331
|-damage|p1a: Lucario|253\/281|[from] item: Life Orb
|move|p2a: Krookodile|Earthquake|p1a: Lucario
|-supereffective|p1a: Lucario
|-damage|p1a: Lucario|0 fnt
|faint|p1a: Lucario
|
|c| Snake Lord Geotal|o
|c|âULT Cnorth|lol
|c| Snake Lord Geotal|l0l
|
|switch|p1a: Reuniclus|Reuniclus, M|142\/424
|turn|50
|c| Snake Lord Geotal|I thought you won that game
|c|âLiberalLucario|no
|
|move|p2a: Krookodile|Earthquake|p1a: Reuniclus
|-damage|p1a: Reuniclus|4\/424
|move|p1a: Reuniclus|Recover|p1a: Reuniclus
|-heal|p1a: Reuniclus|216\/424
|
|-heal|p1a: Reuniclus|242\/424|[from] item: Leftovers
|turn|51
|c|âLiberalLucario|hell
|c|âLiberalLucario|fucking
|c|âLiberalLucario|yeah
|c| Snake Lord Geotal|crit hele
|c|âLiberalLucario|252 Atk Krookodile Earthquake vs. 252 HP \/ 252+ Def Reuniclus: 132-156 (31.1 - 36.7%) -- guaranteed 4HKO after Leftovers recovery
|c| Snake Lord Geotal|:\/
|c| Snake Lord Geotal|high roll crit hele
|c|âULT Cnorth|well
|c|âULT Cnorth|wait
|c|âULT Cnorth|yeah
|c| Snake Lord Geotal|**Break the calculator**
|c|âULT Cnorth|gg
|
|move|p2a: Krookodile|Earthquake|p1a: Reuniclus
|-damage|p1a: Reuniclus|94\/424
|move|p1a: Reuniclus|Recover|p1a: Reuniclus
|-heal|p1a: Reuniclus|306\/424
|
|-heal|p1a: Reuniclus|332\/424|[from] item: Leftovers
|turn|52
|c|âULT Cnorth|miss 4 focus blasts in a row
|c|âULT Cnorth|if ur real
|
|move|p2a: Krookodile|Earthquake|p1a: Reuniclus
|-damage|p1a: Reuniclus|196\/424
|move|p1a: Reuniclus|Focus Blast|p2a: Krookodile
|-crit|p2a: Krookodile
|-supereffective|p2a: Krookodile
|-damage|p2a: Krookodile|0 fnt
|faint|p2a: Krookodile
|
|win|LiberalLucario
|c|âLiberalLucario|o
|c|âULT Cnorth|gg
|leave|Snake Lord Geotal
|c|âLiberalLucario|gg
|join|Snake Lord Geotal
|leave|Snake Lord Geotal
|leave|LiberalLucario
|player|p1
|leave|ULT Cnorth
|leave|Based Lord Joshua
|join|Based Lord Joshua
|leave|Based Lord Joshua
|player|p2
|leave|xShiba