|join|DennisEG
|join|Arcanine is Regal
|player|p1|DennisEG|76
|player|p2|Arcanine is Regal|126
|gametype|singles
|gen|6
|tier|OU
|rated
|clearpoke
|poke|p1|Manectric, M
|poke|p1|Weavile, M
|poke|p1|Ferrothorn, F
|poke|p1|Hawlucha, M
|poke|p1|Clefable, M
|poke|p1|Keldeo-Resolute
|poke|p2|Pangoro, M
|poke|p2|Clefable, F
|poke|p2|Celebi
|poke|p2|Hippowdon, M
|poke|p2|Excadrill, F
|poke|p2|Gyarados, F
|rule|Swagger Clause: Swagger is banned
|rule|Baton Pass Clause: Limit one PokÃ©mon knowing Baton Pass
|rule|Sleep Clause Mod: Limit one foe put to sleep
|rule|Species Clause: Limit one of each PokÃ©mon
|rule|OHKO Clause: OHKO moves are banned
|rule|Moody Clause: Moody is banned
|rule|Evasion Moves Clause: Evasion moves are banned
|rule|Endless Battle Clause: Forcing endless battles is banned
|rule|HP Percentage Mod: HP is shown in percentages
|teampreview
|join|AlldaAlts
|
|start
|switch|p1a: Clefable|Clefable, M|391\/391
|switch|p2a: Pangoro|Pangoro, M|393\/393
|turn|1
|join|Pomanico
|c| Pomanico|Pangoro hype!
|
|move|p1a: Clefable|Moonblast|p2a: Pangoro
|-supereffective|p2a: Pangoro
|-damage|p2a: Pangoro|21\/393
|move|p2a: Pangoro|Gunk Shot|p1a: Clefable|[miss]
|-miss|p2a: Pangoro|p1a: Clefable
|
|turn|2
|
|switch|p2a: Celebi|Celebi|404\/404
|move|p1a: Clefable|Moonblast|p2a: Celebi
|-damage|p2a: Celebi|326\/404
|-unboost|p2a: Celebi|spa|1
|
|-heal|p2a: Celebi|351\/404|[from] item: Leftovers
|turn|3
|c|âArcanine is Regal|k
|
|move|p2a: Celebi|Thunder Wave|p1a: Clefable
|-status|p1a: Clefable|par
|move|p1a: Clefable|Stealth Rock|p2a: Celebi
|-sidestart|p2: Arcanine is Regal|move: Stealth Rock
|
|-heal|p2a: Celebi|376\/404|[from] item: Leftovers
|turn|4
|
|switch|p2a: Hippowdon|Hippowdon, M|420\/420
|-damage|p2a: Hippowdon|394\/420|[from] Stealth Rock
|-weather|Sandstorm
|switch|p1a: Ferrothorn|Ferrothorn, F|351\/351
|
|-weather|Sandstorm|[upkeep]
|-heal|p2a: Hippowdon|420\/420|[from] item: Leftovers
|turn|5
|
|move|p2a: Hippowdon|Stealth Rock|p1a: Ferrothorn
|-sidestart|p1: DennisEG|move: Stealth Rock
|move|p1a: Ferrothorn|Leech Seed|p2a: Hippowdon
|-start|p2a: Hippowdon|move: Leech Seed
|
|-weather|Sandstorm|[upkeep]
|-damage|p2a: Hippowdon|368\/420|[from] Leech Seed|[of] p1a: Ferrothorn
|turn|6
|
|switch|p2a: Pangoro|Pangoro, M|21\/393
|-damage|p2a: Pangoro|0 fnt|[from] Stealth Rock
|faint|p2a: Pangoro
|move|p1a: Ferrothorn|Spikes|p2: Pangoro
|-sidestart|p2: Arcanine is Regal|Spikes
|
|-weather|Sandstorm|[upkeep]
|
|switch|p2a: Excadrill|Excadrill, F|361\/361
|-damage|p2a: Excadrill|316\/361|[from] Spikes
|-damage|p2a: Excadrill|305\/361|[from] Stealth Rock
|turn|7
|leave|Pomanico
|join|laddery the kid
|
|move|p2a: Excadrill|Earthquake|p1a: Ferrothorn
|-damage|p1a: Ferrothorn|143\/351
|-damage|p2a: Excadrill|269\/361|[from] item: Life Orb
|move|p1a: Ferrothorn|Leech Seed|p2a: Excadrill
|-start|p2a: Excadrill|move: Leech Seed
|
|-weather|Sandstorm|[upkeep]
|-damage|p2a: Excadrill|224\/361|[from] Leech Seed|[of] p1a: Ferrothorn
|-heal|p1a: Ferrothorn|188\/351|[silent]
|turn|8
|join|Lulu6
|leave|Lulu6
|
|move|p2a: Excadrill|Earthquake|p1a: Ferrothorn
|-damage|p1a: Ferrothorn|0 fnt
|-damage|p2a: Excadrill|188\/361|[from] item: Life Orb
|faint|p1a: Ferrothorn
|
|-weather|none
|
|switch|p1a: Hawlucha|Hawlucha, M|314\/314
|-damage|p1a: Hawlucha|275\/314|[from] Stealth Rock
|turn|9
|
|switch|p2a: Hippowdon|Hippowdon, M|368\/420
|-damage|p2a: Hippowdon|342\/420|[from] Stealth Rock
|-damage|p2a: Hippowdon|290\/420|[from] Spikes
|-weather|Sandstorm
|move|p1a: Hawlucha|Bulk Up|p1a: Hawlucha
|-boost|p1a: Hawlucha|atk|1
|-boost|p1a: Hawlucha|def|1
|
|-weather|Sandstorm|[upkeep]
|-damage|p1a: Hawlucha|256\/314|[from] sandstorm
|-heal|p2a: Hippowdon|316\/420|[from] item: Leftovers
|turn|10
|
|move|p1a: Hawlucha|Drain Punch|p2a: Hippowdon
|-damage|p2a: Hippowdon|214\/420
|-heal|p1a: Hawlucha|307\/314|[from] drain|[of] p2a: Hippowdon
|move|p2a: Hippowdon|Slack Off|p2a: Hippowdon
|-heal|p2a: Hippowdon|420\/420
|
|-weather|Sandstorm|[upkeep]
|-damage|p1a: Hawlucha|288\/314|[from] sandstorm
|turn|11
|
|move|p1a: Hawlucha|Bulk Up|p1a: Hawlucha
|-boost|p1a: Hawlucha|atk|1
|-boost|p1a: Hawlucha|def|1
|move|p2a: Hippowdon|Whirlwind|p1a: Hawlucha
|drag|p1a: Clefable|Clefable, M|391\/391 par
|
|-weather|Sandstorm|[upkeep]
|turn|12
|join|Ebinola
|
|switch|p2a: Excadrill|Excadrill, F|188\/361
|-damage|p2a: Excadrill|143\/361|[from] Spikes
|-damage|p2a: Excadrill|132\/361|[from] Stealth Rock
|move|p1a: Clefable|Moonblast|p2a: Excadrill
|-resisted|p2a: Excadrill
|-damage|p2a: Excadrill|60\/361
|
|-weather|Sandstorm|[upkeep]
|turn|13
|join|Omegasization
|
|move|p2a: Excadrill|Rapid Spin|p1a: Clefable
|-damage|p1a: Clefable|352\/391 par
|-sideend|p2: Arcanine is Regal|Spikes|[from] move: Rapid Spin|[of] p2a: Excadrill
|-sideend|p2: Arcanine is Regal|Stealth Rock|[from] move: Rapid Spin|[of] p2a: Excadrill
|-damage|p2a: Excadrill|24\/361|[from] item: Life Orb
|move|p1a: Clefable|Moonblast|p2a: Excadrill
|-resisted|p2a: Excadrill
|-damage|p2a: Excadrill|0 fnt
|faint|p2a: Excadrill
|
|-weather|none
|-heal|p1a: Clefable|376\/391 par|[from] item: Leftovers
|
|switch|p2a: Gyarados|Gyarados, F|331\/331
|-ability|p2a: Gyarados|Intimidate|[of] p1a: Clefable
|-unboost|p1a: Clefable|atk|1
|turn|14
|
|move|p2a: Gyarados|Dragon Dance|p2a: Gyarados
|-boost|p2a: Gyarados|atk|1
|-boost|p2a: Gyarados|spe|1
|move|p1a: Clefable|Thunder Wave|p2a: Gyarados
|-status|p2a: Gyarados|par
|
|-heal|p1a: Clefable|391\/391 par|[from] item: Leftovers
|turn|15
|
|switch|p2a: Clefable|Clefable, F|394\/394
|cant|p1a: Clefable|par
|
|turn|16
|
|move|p2a: Clefable|Aromatherapy|p2a: Clefable
|-cureteam|p2a: Clefable|[from] move: Aromatherapy
|cant|p1a: Clefable|par
|
|turn|17
|
|switch|p2a: Gyarados|Gyarados, F|331\/331
|-ability|p2a: Gyarados|Intimidate|[of] p1a: Clefable
|-unboost|p1a: Clefable|atk|1
|move|p1a: Clefable|Stealth Rock|p2a: Gyarados
|-sidestart|p2: Arcanine is Regal|move: Stealth Rock
|
|turn|18
|
|move|p2a: Gyarados|Dragon Dance|p2a: Gyarados
|-boost|p2a: Gyarados|atk|1
|-boost|p2a: Gyarados|spe|1
|move|p1a: Clefable|Moonblast|p2a: Gyarados
|-damage|p2a: Gyarados|220\/331
|
|turn|19
|
|move|p2a: Gyarados|Taunt|p1a: Clefable
|-start|p1a: Clefable|move: Taunt
|cant|p1a: Clefable|move: Taunt|Thunder Wave
|
|turn|20
|
|move|p2a: Gyarados|Dragon Dance|p2a: Gyarados
|-boost|p2a: Gyarados|atk|1
|-boost|p2a: Gyarados|spe|1
|move|p1a: Clefable|Moonblast|p2a: Gyarados
|-damage|p2a: Gyarados|118\/331
|-unboost|p2a: Gyarados|spa|1
|
|turn|21
|
|move|p2a: Gyarados|Waterfall|p1a: Clefable
|-damage|p1a: Clefable|100\/391 par
|cant|p1a: Clefable|par
|
|-heal|p1a: Clefable|124\/391 par|[from] item: Leftovers
|-end|p1a: Clefable|move: Taunt
|turn|22
|
|move|p2a: Gyarados|Waterfall|p1a: Clefable
|-damage|p1a: Clefable|0 fnt
|faint|p1a: Clefable
|
|
|switch|p1a: Manectric|Manectric, M|281\/281
|-damage|p1a: Manectric|246\/281|[from] Stealth Rock
|turn|23
|
|detailschange|p2a: Gyarados|Gyarados-Mega, F
|-mega|p2a: Gyarados|Gyarados|Gyaradosite
|-ability|p2a: Gyarados|Mold Breaker
|detailschange|p1a: Manectric|Manectric-Mega, M
|-mega|p1a: Manectric|Manectric|Manectite
|-ability|p1a: Manectric|Intimidate|[of] p2a: Gyarados
|-unboost|p2a: Gyarados|atk|1
|move|p2a: Gyarados|Waterfall|p1a: Manectric
|-damage|p1a: Manectric|0 fnt
|faint|p1a: Manectric
|
|
|switch|p1a: Keldeo-Resolute|Keldeo-Resolute|331\/331
|-damage|p1a: Keldeo-Resolute|311\/331|[from] Stealth Rock
|turn|24
|
|move|p2a: Gyarados|Waterfall|p1a: Keldeo-Resolute
|-resisted|p1a: Keldeo-Resolute
|-damage|p1a: Keldeo-Resolute|178\/331
|move|p1a: Keldeo-Resolute|Secret Sword|p2a: Gyarados
|-supereffective|p2a: Gyarados
|-damage|p2a: Gyarados|0 fnt
|faint|p2a: Gyarados
|
|-heal|p1a: Keldeo-Resolute|198\/331|[from] item: Leftovers
|
|switch|p2a: Celebi|Celebi|376\/404
|-damage|p2a: Celebi|326\/404|[from] Stealth Rock
|turn|25
|
|move|p1a: Keldeo-Resolute|Substitute|p1a: Keldeo-Resolute
|-start|p1a: Keldeo-Resolute|Substitute
|-damage|p1a: Keldeo-Resolute|116\/331
|move|p2a: Celebi|Giga Drain|p1a: Keldeo-Resolute
|-supereffective|p1a: Keldeo-Resolute
|-end|p1a: Keldeo-Resolute|Substitute
|-heal|p2a: Celebi|367\/404|[from] drain|[of] p1a: Keldeo-Resolute
|
|-heal|p1a: Keldeo-Resolute|136\/331|[from] item: Leftovers
|-heal|p2a: Celebi|392\/404|[from] item: Leftovers
|turn|26
|
|switch|p1a: Hawlucha|Hawlucha, M|288\/314
|-damage|p1a: Hawlucha|249\/314|[from] Stealth Rock
|move|p2a: Celebi|Giga Drain|p1a: Hawlucha
|-resisted|p1a: Hawlucha
|-damage|p1a: Hawlucha|189\/314
|-heal|p2a: Celebi|404\/404|[from] drain|[of] p1a: Hawlucha
|
|turn|27
|
|move|p1a: Hawlucha|Bulk Up|p1a: Hawlucha
|-boost|p1a: Hawlucha|atk|1
|-boost|p1a: Hawlucha|def|1
|move|p2a: Celebi|Thunder Wave|p1a: Hawlucha
|-status|p1a: Hawlucha|par
|
|turn|28
|
|move|p2a: Celebi|Baton Pass|p2a: Celebi
|
|switch|p2a: Clefable|Clefable, F|394\/394
|-damage|p2a: Clefable|345\/394|[from] Stealth Rock
|move|p1a: Hawlucha|Bulk Up|p1a: Hawlucha
|-boost|p1a: Hawlucha|atk|1
|-boost|p1a: Hawlucha|def|1
|
|-heal|p2a: Clefable|369\/394|[from] item: Leftovers
|turn|29
|join|nrsq.
|
|move|p2a: Clefable|Moonblast|p1a: Hawlucha
|-supereffective|p1a: Hawlucha
|-damage|p1a: Hawlucha|0 fnt
|faint|p1a: Hawlucha
|
|-heal|p2a: Clefable|393\/394|[from] item: Leftovers
|
|switch|p1a: Weavile|Weavile, M|281\/281
|-damage|p1a: Weavile|211\/281|[from] Stealth Rock
|-ability|p1a: Weavile|Pressure
|turn|30
|
|move|p1a: Weavile|Icicle Crash|p2a: Clefable|[miss]
|-miss|p1a: Weavile|p2a: Clefable
|move|p2a: Clefable|Moonblast|p1a: Weavile
|-supereffective|p1a: Weavile
|-damage|p1a: Weavile|0 fnt
|faint|p1a: Weavile
|
|-heal|p2a: Clefable|394\/394|[from] item: Leftovers
|-message|DennisEG forfeited.
|leave|DennisEG
|
|win|Arcanine is Regal
|raw|Ladder updating...
|player|p1
|raw|DennisEG's rating: 1727 &rarr; <strong>1704<\/strong><br \/>(-23 for losing)
|raw|Arcanine is Regal's rating: 1687 &rarr; <strong>1709<\/strong><br \/>(+22 for winning)
|leave|nrsq.
|c|âArcanine is Regal|http:\/\/replay.pokemonshowdown.com\/ou-196331502