|join|Cienight
|join|DennisEG
|player|p1|Cienight|29
|player|p2|DennisEG|101
|gametype|singles
|gen|6
|tier|OU
|clearpoke
|poke|p1|Gardevoir, F, shiny
|poke|p1|Landorus-Therian, M
|poke|p1|Bisharp, M
|poke|p1|Latios, M
|poke|p1|Heatran, M
|poke|p1|Azumarill, F
|poke|p2|Charizard, F
|poke|p2|Tyranitar, M
|poke|p2|Landorus, M
|poke|p2|Slowbro, F
|poke|p2|Latios, M
|poke|p2|Ferrothorn, M
|rule|Swagger Clause: Swagger is banned
|rule|Baton Pass Clause: Limit one PokÃ©mon knowing Baton Pass
|rule|Sleep Clause Mod: Limit one foe put to sleep
|rule|Species Clause: Limit one of each PokÃ©mon
|rule|OHKO Clause: OHKO moves are banned
|rule|Moody Clause: Moody is banned
|rule|Evasion Moves Clause: Evasion moves are banned
|rule|Endless Battle Clause: Forcing endless battles is banned
|rule|HP Percentage Mod: HP is shown in percentages
|teampreview
|join|the Jaiho's lover
|join|lord VGC
|join|ryouzan
|join|hdtheone
|join|Anna"Beca"Kendrick
|join|amp'dpharos
|c| Anna"Beca"Kendrick|. \/modjoin
|c| Anna"Beca"Kendrick|imo tbh
|join|I Need A TwiiXx
|c|âCienight|nah its fine
|
|start
|switch|p1a: Gardevoir|Gardevoir, F, shiny|301\/301
|switch|p2a: Slowbro|Slowbro, F|393\/393
|-ability|p1a: Gardevoir|Regenerator|[from] ability: Trace|[of] p2a: Slowbro
|turn|1
|c|âDennisEG|lag test
|
|detailschange|p1a: Gardevoir|Gardevoir-Mega, F, shiny
|-mega|p1a: Gardevoir|Gardevoir|Gardevoirite
|move|p1a: Gardevoir|Substitute|p1a: Gardevoir
|-start|p1a: Gardevoir|Substitute
|-damage|p1a: Gardevoir|226\/301
|move|p2a: Slowbro|Thunder Wave|p1a: Gardevoir
|
|turn|2
|
|move|p1a: Gardevoir|Hyper Voice|p2a: Slowbro
|-damage|p2a: Slowbro|122\/393
|move|p2a: Slowbro|Scald|p1a: Gardevoir
|-end|p1a: Gardevoir|Substitute
|
|-heal|p2a: Slowbro|146\/393|[from] item: Leftovers
|turn|3
|
|switch|p2a: Ferrothorn|Ferrothorn, M|352\/352
|move|p1a: Gardevoir|Substitute|p1a: Gardevoir
|-start|p1a: Gardevoir|Substitute
|-damage|p1a: Gardevoir|151\/301
|
|turn|4
|
|move|p1a: Gardevoir|Focus Blast|p2a: Ferrothorn|[miss]
|-miss|p1a: Gardevoir|p2a: Ferrothorn
|move|p2a: Ferrothorn|Gyro Ball|p1a: Gardevoir
|-supereffective|p1a: Gardevoir
|-end|p1a: Gardevoir|Substitute
|
|turn|5
|c| Anna"Beca"Kendrick|nice n skill
|
|switch|p1a: Heatran|Heatran, M|323\/323
|move|p2a: Ferrothorn|Leech Seed|p1a: Heatran
|-start|p1a: Heatran|move: Leech Seed
|
|-damage|p1a: Heatran|283\/323|[from] Leech Seed|[of] p2a: Ferrothorn
|turn|6
|
|switch|p2a: Charizard|Charizard, F|351\/351
|move|p1a: Heatran|Fire Blast|p2a: Charizard|[miss]
|-miss|p1a: Heatran|p2a: Charizard
|
|-damage|p1a: Heatran|243\/323|[from] Leech Seed|[of] p2a: Charizard
|turn|7
|
|switch|p1a: Landorus-Therian|Landorus-Therian, M|381\/381
|-ability|p1a: Landorus-Therian|Intimidate|[of] p2a: Charizard
|-unboost|p2a: Charizard|atk|1
|detailschange|p2a: Charizard|Charizard-Mega-X, F
|-mega|p2a: Charizard|Charizard|Charizardite X
|move|p2a: Charizard|Will-O-Wisp|p1a: Landorus-Therian|[miss]
|-miss|p2a: Charizard|p1a: Landorus-Therian
|
|turn|8
|
|switch|p2a: Ferrothorn|Ferrothorn, M|352\/352
|move|p1a: Landorus-Therian|Earthquake|p2a: Ferrothorn
|-damage|p2a: Ferrothorn|220\/352
|
|-heal|p2a: Ferrothorn|242\/352|[from] item: Leftovers
|turn|9
|
|move|p1a: Landorus-Therian|Stealth Rock|p2a: Ferrothorn
|-sidestart|p2: DennisEG|move: Stealth Rock
|move|p2a: Ferrothorn|Stealth Rock|p1a: Landorus-Therian
|-sidestart|p1: Cienight|move: Stealth Rock
|
|-heal|p2a: Ferrothorn|264\/352|[from] item: Leftovers
|turn|10
|
|move|p1a: Landorus-Therian|U-turn|p2a: Ferrothorn
|-damage|p2a: Ferrothorn|208\/352
|-damage|p1a: Landorus-Therian|334\/381|[from] ability: Iron Barbs|[of] p2a: Ferrothorn
|
|switch|p1a: Heatran|Heatran, M|243\/323
|-damage|p1a: Heatran|203\/323|[from] Stealth Rock
|move|p2a: Ferrothorn|Leech Seed|p1a: Heatran
|-start|p1a: Heatran|move: Leech Seed
|
|-heal|p2a: Ferrothorn|230\/352|[from] item: Leftovers
|-damage|p1a: Heatran|163\/323|[from] Leech Seed|[of] p2a: Ferrothorn
|-heal|p2a: Ferrothorn|270\/352|[silent]
|turn|11
|
|move|p2a: Ferrothorn|Protect|p2a: Ferrothorn
|-singleturn|p2a: Ferrothorn|Protect
|move|p1a: Heatran|Fire Blast|p2a: Ferrothorn
|-activate|p2a: Ferrothorn|Protect
|
|-heal|p2a: Ferrothorn|292\/352|[from] item: Leftovers
|-damage|p1a: Heatran|123\/323|[from] Leech Seed|[of] p2a: Ferrothorn
|-heal|p2a: Ferrothorn|332\/352|[silent]
|turn|12
|
|switch|p1a: Landorus-Therian|Landorus-Therian, M|334\/381
|-damage|p1a: Landorus-Therian|287\/381|[from] Stealth Rock
|-ability|p1a: Landorus-Therian|Intimidate|[of] p2a: Ferrothorn
|-unboost|p2a: Ferrothorn|atk|1
|switch|p2a: Slowbro|Slowbro, F|277\/393
|-damage|p2a: Slowbro|228\/393|[from] Stealth Rock
|
|-heal|p1a: Landorus-Therian|310\/381|[from] item: Leftovers
|-heal|p2a: Slowbro|252\/393|[from] item: Leftovers
|turn|13
|join|Yb2
|
|move|p1a: Landorus-Therian|U-turn|p2a: Slowbro
|-supereffective|p2a: Slowbro
|-damage|p2a: Slowbro|140\/393
|
|switch|p1a: Latios|Latios, M|299\/299
|-damage|p1a: Latios|262\/299|[from] Stealth Rock
|move|p2a: Slowbro|Scald|p1a: Latios
|-resisted|p1a: Latios
|-damage|p1a: Latios|219\/299
|
|-heal|p2a: Slowbro|164\/393|[from] item: Leftovers
|turn|14
|join|Flan76
|leave|Flan76
|
|switch|p1a: Bisharp|Bisharp, M|269\/269
|-damage|p1a: Bisharp|253\/269|[from] Stealth Rock
|switch|p2a: Ferrothorn|Ferrothorn, M|332\/352
|-damage|p2a: Ferrothorn|310\/352|[from] Stealth Rock
|
|-heal|p2a: Ferrothorn|332\/352|[from] item: Leftovers
|turn|15
|c|âDennisEG|are u lagging?
|c|âCienight|y
|
|switch|p2a: Charizard|Charizard-Mega-X, F|351\/351
|-damage|p2a: Charizard|264\/351|[from] Stealth Rock
|move|p1a: Bisharp|Swords Dance|p1a: Bisharp
|-boost|p1a: Bisharp|atk|2
|
|turn|16
|c|âDennisEG|cuz this is going way to slow
|join|fix the ladder
|
|switch|p1a: Landorus-Therian|Landorus-Therian, M|310\/381
|-damage|p1a: Landorus-Therian|263\/381|[from] Stealth Rock
|-ability|p1a: Landorus-Therian|Intimidate|[of] p2a: Charizard
|-unboost|p2a: Charizard|atk|1
|move|p2a: Charizard|Will-O-Wisp|p1a: Landorus-Therian
|-status|p1a: Landorus-Therian|brn
|
|-heal|p1a: Landorus-Therian|286\/381 brn|[from] item: Leftovers
|-damage|p1a: Landorus-Therian|239\/381 brn|[from] brn
|turn|17
|c| fix the ladder|:O
|
|move|p2a: Charizard|Roost|p2a: Charizard
|-heal|p2a: Charizard|351\/351
|move|p1a: Landorus-Therian|U-turn|p2a: Charizard
|-resisted|p2a: Charizard
|-damage|p2a: Charizard|332\/351
|
|switch|p1a: Gardevoir|Gardevoir-Mega, F, shiny|151\/301
|-damage|p1a: Gardevoir|114\/301|[from] Stealth Rock
|
|turn|18
|join|Drina Auguste
|
|switch|p2a: Ferrothorn|Ferrothorn, M|332\/352
|-damage|p2a: Ferrothorn|310\/352|[from] Stealth Rock
|move|p1a: Gardevoir|Hyper Voice|p2a: Ferrothorn
|-resisted|p2a: Ferrothorn
|-damage|p2a: Ferrothorn|219\/352
|
|-heal|p2a: Ferrothorn|241\/352|[from] item: Leftovers
|turn|19
|
|move|p2a: Ferrothorn|Protect|p2a: Ferrothorn
|-singleturn|p2a: Ferrothorn|Protect
|move|p1a: Gardevoir|Focus Blast|p2a: Ferrothorn
|-activate|p2a: Ferrothorn|Protect
|
|-heal|p2a: Ferrothorn|263\/352|[from] item: Leftovers
|turn|20
|
|switch|p2a: Latios|Latios, M|301\/301
|-damage|p2a: Latios|264\/301|[from] Stealth Rock
|move|p1a: Gardevoir|Focus Blast|p2a: Latios
|-resisted|p2a: Latios
|-damage|p2a: Latios|179\/301
|
|turn|21
|
|switch|p1a: Bisharp|Bisharp, M|253\/269
|-damage|p1a: Bisharp|237\/269|[from] Stealth Rock
|move|p2a: Latios|Psyshock|p1a: Bisharp
|-immune|p1a: Bisharp|[msg]
|
|turn|22
|
|move|p2a: Latios|Draco Meteor|p1a: Bisharp
|-resisted|p1a: Bisharp
|-damage|p1a: Bisharp|20\/269
|-unboost|p2a: Latios|spa|2
|-damage|p2a: Latios|149\/301|[from] item: Life Orb
|move|p1a: Bisharp|Knock Off|p2a: Latios
|-supereffective|p2a: Latios
|-damage|p2a: Latios|0 fnt
|-enditem|p2a: Latios|Life Orb|[from] move: Knock Off|[of] p1a: Bisharp
|-damage|p1a: Bisharp|0 fnt|[from] item: Life Orb
|faint|p2a: Latios
|faint|p1a: Bisharp
|
|
|switch|p1a: Gardevoir|Gardevoir-Mega, F, shiny|114\/301
|switch|p2a: Ferrothorn|Ferrothorn, M|263\/352
|-damage|p1a: Gardevoir|77\/301|[from] Stealth Rock
|-damage|p2a: Ferrothorn|241\/352|[from] Stealth Rock
|turn|23
|
|move|p2a: Ferrothorn|Protect|p2a: Ferrothorn
|-singleturn|p2a: Ferrothorn|Protect
|move|p1a: Gardevoir|Focus Blast|p2a: Ferrothorn
|-activate|p2a: Ferrothorn|Protect
|
|-heal|p2a: Ferrothorn|263\/352|[from] item: Leftovers
|turn|24
|
|move|p1a: Gardevoir|Focus Blast|p2a: Ferrothorn
|-supereffective|p2a: Ferrothorn
|-damage|p2a: Ferrothorn|7\/352
|move|p2a: Ferrothorn|Gyro Ball|p1a: Gardevoir
|-supereffective|p1a: Gardevoir
|-damage|p1a: Gardevoir|0 fnt
|faint|p1a: Gardevoir
|
|-heal|p2a: Ferrothorn|29\/352|[from] item: Leftovers
|c| Anna"Beca"Kendrick|nice roll
|c| Anna"Beca"Kendrick|ffs
|c|âDennisEG|actually was
|c|âDennisEG|a medium roll
|c| Anna"Beca"Kendrick|hes not
|c| Anna"Beca"Kendrick|timid
|c| the Jaiho's lover|it wasn't a terrible roll but it was
|c|âDennisEG|yeah i know
|leave|fix the ladder
|
|switch|p1a: Latios|Latios, M|219\/299
|-damage|p1a: Latios|182\/299|[from] Stealth Rock
|turn|25
|
|move|p2a: Ferrothorn|Protect|p2a: Ferrothorn
|-singleturn|p2a: Ferrothorn|Protect
|move|p1a: Latios|Psyshock|p2a: Ferrothorn
|-activate|p2a: Ferrothorn|Protect
|
|-heal|p2a: Ferrothorn|51\/352|[from] item: Leftovers
|turn|26
|join|Demandred
|
|switch|p2a: Tyranitar|Tyranitar, M|341\/341
|-damage|p2a: Tyranitar|299\/341|[from] Stealth Rock
|-weather|Sandstorm
|move|p1a: Latios|Psyshock|p2a: Tyranitar
|-immune|p2a: Tyranitar|[msg]
|
|-weather|Sandstorm|[upkeep]
|-damage|p1a: Latios|164\/299|[from] sandstorm
|turn|27
|
|switch|p1a: Landorus-Therian|Landorus-Therian, M|239\/381 brn
|-damage|p1a: Landorus-Therian|192\/381 brn|[from] Stealth Rock
|-ability|p1a: Landorus-Therian|Intimidate|[of] p2a: Tyranitar
|-unboost|p2a: Tyranitar|atk|1
|move|p2a: Tyranitar|Crunch|p1a: Landorus-Therian
|-damage|p1a: Landorus-Therian|104\/381 brn
|
|-weather|Sandstorm|[upkeep]
|-heal|p1a: Landorus-Therian|127\/381 brn|[from] item: Leftovers
|-damage|p1a: Landorus-Therian|80\/381 brn|[from] brn
|turn|28
|
|switch|p2a: Slowbro|Slowbro, F|295\/393
|-damage|p2a: Slowbro|246\/393|[from] Stealth Rock
|move|p1a: Landorus-Therian|U-turn|p2a: Slowbro
|-supereffective|p2a: Slowbro
|-damage|p2a: Slowbro|184\/393
|
|switch|p1a: Latios|Latios, M|164\/299
|-damage|p1a: Latios|127\/299|[from] Stealth Rock
|
|-weather|Sandstorm|[upkeep]
|-damage|p1a: Latios|109\/299|[from] sandstorm
|-damage|p2a: Slowbro|160\/393|[from] sandstorm
|-heal|p2a: Slowbro|184\/393|[from] item: Leftovers
|turn|29
|
|switch|p2a: Ferrothorn|Ferrothorn, M|51\/352
|-damage|p2a: Ferrothorn|29\/352|[from] Stealth Rock
|move|p1a: Latios|Draco Meteor|p2a: Ferrothorn
|-crit|p2a: Ferrothorn
|-resisted|p2a: Ferrothorn
|-damage|p2a: Ferrothorn|0 fnt
|-unboost|p1a: Latios|spa|2
|-damage|p1a: Latios|80\/299|[from] item: Life Orb
|faint|p2a: Ferrothorn
|
|-weather|Sandstorm|[upkeep]
|-damage|p1a: Latios|62\/299|[from] sandstorm
|
|switch|p2a: Slowbro|Slowbro, F|315\/393
|-damage|p2a: Slowbro|266\/393|[from] Stealth Rock
|turn|30
|join|Ox the Box
|
|move|p1a: Latios|Recover|p1a: Latios
|-heal|p1a: Latios|212\/299
|move|p2a: Slowbro|Slack Off|p2a: Slowbro
|-heal|p2a: Slowbro|393\/393
|
|-weather|none
|turn|31
|join|quiladinftw
|
|switch|p1a: Heatran|Heatran, M|123\/323
|-damage|p1a: Heatran|83\/323|[from] Stealth Rock
|move|p2a: Slowbro|Scald|p1a: Heatran
|-supereffective|p1a: Heatran
|-damage|p1a: Heatran|0 fnt
|faint|p1a: Heatran
|
|c| quiladinftw|dennis noice team
|c|âDennisEG|?
|c| quiladinftw|noice=nice
|
|switch|p1a: Latios|Latios, M|212\/299
|-damage|p1a: Latios|175\/299|[from] Stealth Rock
|turn|32
|
|switch|p2a: Tyranitar|Tyranitar, M|299\/341
|-damage|p2a: Tyranitar|257\/341|[from] Stealth Rock
|-weather|Sandstorm
|move|p1a: Latios|Draco Meteor|p2a: Tyranitar
|-damage|p2a: Tyranitar|65\/341
|-unboost|p1a: Latios|spa|2
|-damage|p1a: Latios|146\/299|[from] item: Life Orb
|
|-weather|Sandstorm|[upkeep]
|-damage|p1a: Latios|128\/299|[from] sandstorm
|turn|33
|c|âDennisEG|get it
|join|Yuttt.ttttt
|c| Yuttt.ttttt|is this for ocl?
|c| quiladinftw|^
|join|SwaggBoi
|
|switch|p1a: Landorus-Therian|Landorus-Therian, M|80\/381 brn
|-damage|p1a: Landorus-Therian|33\/381 brn|[from] Stealth Rock
|-ability|p1a: Landorus-Therian|Intimidate|[of] p2a: Tyranitar
|-unboost|p2a: Tyranitar|atk|1
|move|p2a: Tyranitar|Stone Edge|p1a: Landorus-Therian
|-crit|p1a: Landorus-Therian
|-damage|p1a: Landorus-Therian|0 fnt
|faint|p1a: Landorus-Therian
|
|-weather|Sandstorm|[upkeep]
|c| quiladinftw|incoming latios comeback
|leave|Ox the Box
|join|Ox the Box
|
|switch|p1a: Azumarill|Azumarill, F|358\/358
|-damage|p1a: Azumarill|314\/358|[from] Stealth Rock
|turn|34
|c| hdtheone|LGI AZU
|c| hdtheone|U ARE THE BOSS
|c| quiladinftw|go for bdrum if real
|c| Anna"Beca"Kendrick|why would it bd
|c| hdtheone|its LO
|c| Anna"Beca"Kendrick|on this team type
|c| quiladinftw|its ur only chance of wining
|c| Anna"Beca"Kendrick|hello??
|c| hdtheone|bd loses btw
|
|move|p2a: Tyranitar|Stone Edge|p1a: Azumarill|[miss]
|-miss|p2a: Tyranitar|p1a: Azumarill
|move|p1a: Azumarill|Belly Drum|p1a: Azumarill
|-damage|p1a: Azumarill|135\/358
|-setboost|p1a: Azumarill|atk|6|[from] move: Belly Drum
|-enditem|p1a: Azumarill|Sitrus Berry|[eat]
|-heal|p1a: Azumarill|224\/358|[from] item: Sitrus Berry
|
|-weather|Sandstorm|[upkeep]
|-damage|p1a: Azumarill|202\/358|[from] sandstorm
|turn|35
|c| quiladinftw|if he misses
|c| Anna"Beca"Kendrick|AH
|c| quiladinftw|bdrum wins
|c| Anna"Beca"Kendrick|LOL
|c| quiladinftw|idiot
|c| Anna"Beca"Kendrick|YUM
|c| Anna"Beca"Kendrick|quilladin
|c| Anna"Beca"Kendrick|your
|c| hdtheone|haha
|c| hdtheone|rused!
|c| Anna"Beca"Kendrick|retaded
|c| hdtheone|xDDDDDDDDDDDDDDDDDD
|c| quiladinftw|yh sure
|c| Ox the Box|miss didn't matter
|c| Ox the Box|he still won
|c| quiladinftw|even tho i called to bdrum
|c| quiladinftw|on the miss
|c| Anna"Beca"Kendrick|WERE ON
|c| Yuttt.ttttt|even with sand, ox?
|c| Anna"Beca"Kendrick|CIES TEAM
|c| Ox the Box|he's -1
|c| Anna"Beca"Kendrick|WE KNOW HIS SETS
|c| Ox the Box|scarf right?
|c| Anna"Beca"Kendrick|HELLO???
|c| quiladinftw|ox high crit ratio
|c| Ox the Box|-1 252 Atk Tyranitar Stone Edge vs. 92 HP \/ 0 Def Azumarill: 135-159 (37 - 43.6%) -- guaranteed 3HKO after sandstorm damage
|c| Ox the Box|crit is hax
|c| Ox the Box|either way
|c| quiladinftw|plus switch ins around sand
|c| Ox the Box|lol
|c| hdtheone|xD ty men
|c| hdtheone|ggs all around
|c| Ox the Box|I guess he had a change, but it was hard
|c| quiladinftw|but that stopped him
|c| quiladinftw|from bdrumming
|c| Ox the Box|lati might have won either way
|
|switch|p2a: Landorus|Landorus, M|321\/321
|-damage|p2a: Landorus|281\/321|[from] Stealth Rock
|move|p1a: Azumarill|Aqua Jet|p2a: Landorus
|-supereffective|p2a: Landorus
|-damage|p2a: Landorus|0 fnt
|faint|p2a: Landorus
|
|-weather|Sandstorm|[upkeep]
|-damage|p1a: Azumarill|180\/358|[from] sandstorm
|c| hdtheone|ferro dodged a very important focus blast friends
|c| hdtheone|lets not forget that
|c| quiladinftw|go into zard
|
|switch|p2a: Slowbro|Slowbro, F|393\/393
|-damage|p2a: Slowbro|344\/393|[from] Stealth Rock
|turn|36
|c| quiladinftw|and double into bro
|c| quiladinftw|nm
|
|switch|p2a: Charizard|Charizard-Mega-X, F|332\/351
|-damage|p2a: Charizard|245\/351|[from] Stealth Rock
|move|p1a: Azumarill|Knock Off|p2a: Charizard
|-damage|p2a: Charizard|0 fnt
|faint|p2a: Charizard
|
|-weather|none
|c| quiladinftw|welp if that aint a mega gg
|c| hdtheone|MEMED
|
|switch|p2a: Slowbro|Slowbro, F|393\/393
|-damage|p2a: Slowbro|344\/393|[from] Stealth Rock
|turn|37
|c| hdtheone|xdddddddddd
|c|âDennisEG|yeah taht miss was game
|c|âDennisEG|gg man
|c|âCienight|gg
|join|cosine180
|
|move|p1a: Azumarill|Knock Off|p2a: Slowbro
|-crit|p2a: Slowbro
|-supereffective|p2a: Slowbro
|-damage|p2a: Slowbro|0 fnt
|-enditem|p2a: Slowbro|Leftovers|[from] move: Knock Off|[of] p1a: Azumarill
|faint|p2a: Slowbro
|
|c| hdtheone|only the stone miss mattered
|c| hdtheone|theres no talk
|c| hdtheone|about the focus mis
|c| quiladinftw|GG WANKERS
|
|switch|p2a: Tyranitar|Tyranitar, M|65\/341
|-damage|p2a: Tyranitar|23\/341|[from] Stealth Rock
|-weather|Sandstorm
|turn|38
|c| hdtheone|xDDDD
|c| cosine180|is this ocl?
|c| quiladinftw|i mean whut
|
|move|p1a: Azumarill|Aqua Jet|p2a: Tyranitar
|-supereffective|p2a: Tyranitar
|-damage|p2a: Tyranitar|0 fnt
|faint|p2a: Tyranitar
|
|win|Cienight
|leave|DennisEG