|join|DennisEG
|join|HJ Suspect
|player|p1|DennisEG|76
|player|p2|HJ Suspect|46
|gametype|singles
|gen|6
|tier|OU (suspect test)
|rated
|clearpoke
|poke|p1|Aerodactyl, M
|poke|p1|Keldeo-Resolute
|poke|p1|Celebi
|poke|p1|Escavalier, F
|poke|p1|Donphan, F
|poke|p1|Victini
|poke|p2|Charizard, F
|poke|p2|Gothitelle, M
|poke|p2|Ferrothorn, F
|poke|p2|Tyranitar, M
|poke|p2|Excadrill, F
|poke|p2|Keldeo
|rule|Swagger Clause: Swagger is banned
|rule|Baton Pass Clause: Limit one PokÃ©mon knowing Baton Pass
|rule|Sleep Clause Mod: Limit one foe put to sleep
|rule|Species Clause: Limit one of each PokÃ©mon
|rule|OHKO Clause: OHKO moves are banned
|rule|Moody Clause: Moody is banned
|rule|Evasion Moves Clause: Evasion moves are banned
|rule|Endless Battle Clause: Forcing endless battles is banned
|rule|HP Percentage Mod: HP is shown in percentages
|teampreview
|
|start
|switch|p1a: Victini|Victini|359\/359
|switch|p2a: Keldeo|Keldeo|323\/323
|turn|1
|
|switch|p2a: Ferrothorn|Ferrothorn, F|352\/352
|move|p1a: Victini|U-turn|p2a: Ferrothorn
|-damage|p2a: Ferrothorn|308\/352
|-damage|p1a: Victini|315\/359|[from] ability: Iron Barbs|[of] p2a: Ferrothorn
|
|switch|p1a: Keldeo-Resolute|Keldeo-Resolute|323\/323
|
|-heal|p2a: Ferrothorn|330\/352|[from] item: Leftovers
|turn|2
|
|switch|p1a: Victini|Victini|315\/359
|move|p2a: Ferrothorn|Stealth Rock|p1a: Victini
|-sidestart|p1: DennisEG|move: Stealth Rock
|
|-heal|p2a: Ferrothorn|352\/352|[from] item: Leftovers
|turn|3
|
|switch|p2a: Tyranitar|Tyranitar, M|403\/403
|-weather|Sandstorm
|move|p1a: Victini|U-turn|p2a: Tyranitar
|-supereffective|p2a: Tyranitar
|-damage|p2a: Tyranitar|267\/403
|
|switch|p1a: Donphan|Donphan, F|383\/383
|-damage|p1a: Donphan|360\/383|[from] Stealth Rock
|
|-weather|Sandstorm|[upkeep]
|-heal|p1a: Donphan|383\/383|[from] item: Leftovers
|turn|4
|
|move|p2a: Tyranitar|Ice Beam|p1a: Donphan
|-supereffective|p1a: Donphan
|-damage|p1a: Donphan|179\/383
|move|p1a: Donphan|Stealth Rock|p2a: Tyranitar
|-sidestart|p2: HJ Suspect|move: Stealth Rock
|
|-weather|Sandstorm|[upkeep]
|-heal|p1a: Donphan|202\/383|[from] item: Leftovers
|turn|5
|
|switch|p1a: Keldeo-Resolute|Keldeo-Resolute|323\/323
|-damage|p1a: Keldeo-Resolute|303\/323|[from] Stealth Rock
|move|p2a: Tyranitar|Ice Beam|p1a: Keldeo-Resolute
|-resisted|p1a: Keldeo-Resolute
|-damage|p1a: Keldeo-Resolute|263\/323
|
|-weather|Sandstorm|[upkeep]
|-damage|p1a: Keldeo-Resolute|243\/323|[from] sandstorm
|turn|6
|
|switch|p2a: Gothitelle|Gothitelle, M|281\/281
|-damage|p2a: Gothitelle|246\/281|[from] Stealth Rock
|move|p1a: Keldeo-Resolute|Scald|p2a: Gothitelle
|-damage|p2a: Gothitelle|35\/281
|
|-weather|Sandstorm|[upkeep]
|-damage|p2a: Gothitelle|18\/281|[from] sandstorm
|-damage|p1a: Keldeo-Resolute|223\/323|[from] sandstorm
|turn|7
|
|move|p2a: Gothitelle|Psychic|p1a: Keldeo-Resolute
|-supereffective|p1a: Keldeo-Resolute
|-damage|p1a: Keldeo-Resolute|0 fnt
|faint|p1a: Keldeo-Resolute
|
|-weather|Sandstorm|[upkeep]
|-damage|p2a: Gothitelle|1\/281|[from] sandstorm
|
|switch|p1a: Celebi|Celebi|404\/404
|-damage|p1a: Celebi|354\/404|[from] Stealth Rock
|turn|8
|
|move|p2a: Gothitelle|Psychic|p1a: Celebi
|-resisted|p1a: Celebi
|-damage|p1a: Celebi|306\/404
|move|p1a: Celebi|U-turn|p2a: Gothitelle
|-supereffective|p2a: Gothitelle
|-damage|p2a: Gothitelle|0 fnt
|faint|p2a: Gothitelle
|c|âHJ Suspect|Dennis EG are you still in OLT?
|c|âDennisEG|y
|c|âHJ Suspect|Winers or losers?
|c|âDennisEG|winers
|
|switch|p1a: Donphan|Donphan, F|202\/383
|-damage|p1a: Donphan|179\/383|[from] Stealth Rock
|
|-weather|Sandstorm|[upkeep]
|-heal|p1a: Donphan|202\/383|[from] item: Leftovers
|c|âDennisEG|winners*
|
|switch|p2a: Charizard|Charizard, F|297\/297
|-damage|p2a: Charizard|149\/297|[from] Stealth Rock
|turn|9
|
|detailschange|p2a: Charizard|Charizard-Mega-Y, F
|-mega|p2a: Charizard|Charizard|Charizardite Y
|-weather|SunnyDay
|move|p2a: Charizard|Flamethrower|p1a: Donphan
|-damage|p1a: Donphan|0 fnt
|faint|p1a: Donphan
|
|-weather|SunnyDay|[upkeep]
|
|switch|p1a: Aerodactyl|Aerodactyl, M|331\/331
|-damage|p1a: Aerodactyl|249\/331|[from] Stealth Rock
|-ability|p1a: Aerodactyl|Unnerve|p2: HJ Suspect
|turn|10
|
|switch|p2a: Tyranitar|Tyranitar, M|267\/403
|-damage|p2a: Tyranitar|217\/403|[from] Stealth Rock
|-weather|Sandstorm
|detailschange|p1a: Aerodactyl|Aerodactyl-Mega, M
|-mega|p1a: Aerodactyl|Aerodactyl|Aerodactylite
|move|p1a: Aerodactyl|Aerial Ace|p2a: Tyranitar
|-resisted|p2a: Tyranitar
|-damage|p2a: Tyranitar|150\/403
|
|-weather|Sandstorm|[upkeep]
|turn|11
|
|move|p1a: Aerodactyl|Earthquake|p2a: Tyranitar
|-supereffective|p2a: Tyranitar
|-damage|p2a: Tyranitar|0 fnt
|faint|p2a: Tyranitar
|
|-weather|Sandstorm|[upkeep]
|
|switch|p2a: Excadrill|Excadrill, F|361\/361
|-damage|p2a: Excadrill|350\/361|[from] Stealth Rock
|-item|p2a: Excadrill|Air Balloon
|turn|12
|
|switch|p1a: Escavalier|Escavalier, F|321\/321
|-damage|p1a: Escavalier|281\/321|[from] Stealth Rock
|move|p2a: Excadrill|Iron Head|p1a: Escavalier
|-resisted|p1a: Escavalier
|-damage|p1a: Escavalier|208\/321
|
|-weather|Sandstorm|[upkeep]
|turn|13
|
|move|p2a: Excadrill|Earthquake|p1a: Escavalier
|-crit|p1a: Escavalier
|-damage|p1a: Escavalier|0 fnt
|faint|p1a: Escavalier
|
|-weather|Sandstorm|[upkeep]
|c|âHJ Suspect|Srry
|
|switch|p1a: Celebi|Celebi|306\/404
|-damage|p1a: Celebi|256\/404|[from] Stealth Rock
|turn|14
|
|move|p2a: Excadrill|Iron Head|p1a: Celebi
|-crit|p1a: Celebi
|-damage|p1a: Celebi|19\/404
|move|p1a: Celebi|Thunder Wave|p2a: Excadrill
|-immune|p2a: Excadrill|[msg]
|
|-weather|Sandstorm|[upkeep]
|-damage|p1a: Celebi|0 fnt|[from] sandstorm
|faint|p1a: Celebi
|c|âHJ Suspect|?
|
|switch|p1a: Victini|Victini|315\/359
|-damage|p1a: Victini|226\/359|[from] Stealth Rock
|turn|15
|
|switch|p1a: Aerodactyl|Aerodactyl-Mega, M|249\/331
|-damage|p1a: Aerodactyl|167\/331|[from] Stealth Rock
|move|p2a: Excadrill|Earthquake|p1a: Aerodactyl
|-immune|p1a: Aerodactyl|[msg]
|
|-weather|Sandstorm|[upkeep]
|turn|16
|c|âDennisEG|gg
|-message|DennisEG forfeited.
|leave|DennisEG
|c|âHJ Suspect|gg
|
|win|HJ Suspect
|raw|Ladder updating...
|player|p1
|raw|DennisEG's rating: 1343 &rarr; <strong>1327<\/strong><br \/>(-16 for losing)
|raw|HJ Suspect's rating: 1404 &rarr; <strong>1420<\/strong><br \/>(+16 for winning)