|join|Telepath Sabrina
|join|DennisEG
|player|p1|Telepath Sabrina|159
|player|p2|DennisEG|76
|gametype|singles
|gen|6
|tier|OU (suspect test)
|rated
|clearpoke
|poke|p1|Thundurus, M
|poke|p1|Keldeo-Resolute
|poke|p1|Metagross, shiny
|poke|p1|Bisharp, F
|poke|p1|Dragonite, M
|poke|p1|Garchomp, M
|poke|p2|Celebi
|poke|p2|Tyranitar, F
|poke|p2|Kyurem-Black
|poke|p2|Scizor, F
|poke|p2|Keldeo-Resolute
|poke|p2|Landorus-Therian, M
|rule|Swagger Clause: Swagger is banned
|rule|Baton Pass Clause: Limit one PokÃ©mon knowing Baton Pass
|rule|Sleep Clause Mod: Limit one foe put to sleep
|rule|Species Clause: Limit one of each PokÃ©mon
|rule|OHKO Clause: OHKO moves are banned
|rule|Moody Clause: Moody is banned
|rule|Evasion Moves Clause: Evasion moves are banned
|rule|Endless Battle Clause: Forcing endless battles is banned
|rule|HP Percentage Mod: HP is shown in percentages
|teampreview
|
|start
|switch|p1a: Garchomp|Garchomp, M|357\/357
|switch|p2a: Landorus-Therian|Landorus-Therian, M|357\/357
|-ability|p2a: Landorus-Therian|Intimidate|[of] p1a: Garchomp
|-unboost|p1a: Garchomp|atk|1
|turn|1
|
|move|p1a: Garchomp|Stealth Rock|p2a: Landorus-Therian
|-sidestart|p2: DennisEG|move: Stealth Rock
|move|p2a: Landorus-Therian|Stealth Rock|p1a: Garchomp
|-sidestart|p1: Telepath Sabrina|move: Stealth Rock
|
|turn|2
|
|move|p1a: Garchomp|Swords Dance|p1a: Garchomp
|-boost|p1a: Garchomp|atk|2
|move|p2a: Landorus-Therian|U-turn|p1a: Garchomp
|-damage|p1a: Garchomp|271\/357
|-damage|p2a: Landorus-Therian|313\/357|[from] ability: Rough Skin|[of] p1a: Garchomp
|
|switch|p2a: Keldeo-Resolute|Keldeo-Resolute|323\/323
|-damage|p2a: Keldeo-Resolute|303\/323|[from] Stealth Rock
|
|turn|3
|
|move|p2a: Keldeo-Resolute|Hydro Pump|p1a: Garchomp
|-damage|p1a: Garchomp|0 fnt
|faint|p1a: Garchomp
|
|
|switch|p1a: Thundurus|Thundurus, M|299\/299
|-damage|p1a: Thundurus|225\/299|[from] Stealth Rock
|turn|4
|
|switch|p2a: Kyurem-Black|Kyurem-Black|423\/423
|-damage|p2a: Kyurem-Black|318\/423|[from] Stealth Rock
|-ability|p2a: Kyurem-Black|Teravolt
|move|p1a: Thundurus|Thunderbolt|p2a: Kyurem-Black
|-resisted|p2a: Kyurem-Black
|-damage|p2a: Kyurem-Black|270\/423
|-damage|p1a: Thundurus|196\/299|[from] item: Life Orb
|
|turn|5
|
|switch|p1a: Metagross|Metagross, shiny|301\/301
|-damage|p1a: Metagross|283\/301|[from] Stealth Rock
|move|p2a: Kyurem-Black|Fusion Bolt|p1a: Metagross
|-damage|p1a: Metagross|184\/301
|
|turn|6
|
|switch|p2a: Scizor|Scizor, F|335\/335
|-damage|p2a: Scizor|294\/335|[from] Stealth Rock
|detailschange|p1a: Metagross|Metagross-Mega, shiny
|-mega|p1a: Metagross|Metagross|Metagrossite
|move|p1a: Metagross|Meteor Mash|p2a: Scizor
|-resisted|p2a: Scizor
|-damage|p2a: Scizor|181\/335
|-boost|p1a: Metagross|atk|1
|
|turn|7
|
|detailschange|p2a: Scizor|Scizor-Mega, F
|-mega|p2a: Scizor|Scizor|Scizorite
|move|p1a: Metagross|Thunder Punch|p2a: Scizor
|-damage|p2a: Scizor|50\/335
|move|p2a: Scizor|U-turn|p1a: Metagross
|-damage|p1a: Metagross|93\/301
|
|switch|p2a: Tyranitar|Tyranitar, F|341\/341
|-damage|p2a: Tyranitar|299\/341|[from] Stealth Rock
|-weather|Sandstorm
|
|-weather|Sandstorm|[upkeep]
|turn|8
|
|move|p1a: Metagross|Bullet Punch|p2a: Tyranitar
|-supereffective|p2a: Tyranitar
|-damage|p2a: Tyranitar|0 fnt
|faint|p2a: Tyranitar
|
|-weather|Sandstorm|[upkeep]
|
|switch|p2a: Celebi|Celebi|404\/404
|-damage|p2a: Celebi|354\/404|[from] Stealth Rock
|turn|9
|
|move|p1a: Metagross|Meteor Mash|p2a: Celebi
|-damage|p2a: Celebi|0 fnt
|faint|p2a: Celebi
|
|-weather|Sandstorm|[upkeep]
|
|switch|p2a: Landorus-Therian|Landorus-Therian, M|313\/357
|-damage|p2a: Landorus-Therian|269\/357|[from] Stealth Rock
|-ability|p2a: Landorus-Therian|Intimidate|[of] p1a: Metagross
|-unboost|p1a: Metagross|atk|1
|turn|10
|
|switch|p1a: Thundurus|Thundurus, M|196\/299
|-damage|p1a: Thundurus|122\/299|[from] Stealth Rock
|switch|p2a: Scizor|Scizor-Mega, F|50\/335
|-damage|p2a: Scizor|9\/335|[from] Stealth Rock
|
|-weather|Sandstorm|[upkeep]
|-damage|p1a: Thundurus|104\/299|[from] sandstorm
|turn|11
|
|move|p2a: Scizor|Bullet Punch|p1a: Thundurus
|-resisted|p1a: Thundurus
|-damage|p1a: Thundurus|29\/299
|move|p1a: Thundurus|Thunderbolt|p2a: Scizor
|-crit|p2a: Scizor
|-damage|p2a: Scizor|0 fnt
|-damage|p1a: Thundurus|0 fnt|[from] item: Life Orb
|faint|p2a: Scizor
|faint|p1a: Thundurus
|
|-weather|none
|
|switch|p1a: Keldeo-Resolute|Keldeo-Resolute|323\/323
|switch|p2a: Landorus-Therian|Landorus-Therian, M|269\/357
|-damage|p1a: Keldeo-Resolute|303\/323|[from] Stealth Rock
|-damage|p2a: Landorus-Therian|225\/357|[from] Stealth Rock
|-ability|p2a: Landorus-Therian|Intimidate|[of] p1a: Keldeo-Resolute
|-unboost|p1a: Keldeo-Resolute|atk|1
|turn|12
|
|switch|p2a: Kyurem-Black|Kyurem-Black|270\/423
|-damage|p2a: Kyurem-Black|165\/423|[from] Stealth Rock
|-ability|p2a: Kyurem-Black|Teravolt
|move|p1a: Keldeo-Resolute|Scald|p2a: Kyurem-Black
|-resisted|p2a: Kyurem-Black
|-damage|p2a: Kyurem-Black|111\/423
|-status|p2a: Kyurem-Black|brn
|
|-damage|p2a: Kyurem-Black|59\/423 brn|[from] brn
|turn|13
|
|switch|p1a: Bisharp|Bisharp, F|272\/272
|-damage|p1a: Bisharp|255\/272|[from] Stealth Rock
|move|p2a: Kyurem-Black|Earth Power|p1a: Bisharp
|-supereffective|p1a: Bisharp
|-damage|p1a: Bisharp|13\/272
|
|-damage|p2a: Kyurem-Black|7\/423 brn|[from] brn
|turn|14
|
|move|p1a: Bisharp|Sucker Punch|p2a: Kyurem-Black
|-damage|p2a: Kyurem-Black|0 fnt
|-damage|p1a: Bisharp|0 fnt|[from] item: Life Orb
|faint|p2a: Kyurem-Black
|faint|p1a: Bisharp
|
|
|switch|p1a: Metagross|Metagross-Mega, shiny|93\/301
|switch|p2a: Keldeo-Resolute|Keldeo-Resolute|303\/323
|-damage|p1a: Metagross|75\/301|[from] Stealth Rock
|-damage|p2a: Keldeo-Resolute|283\/323|[from] Stealth Rock
|turn|15
|
|switch|p2a: Landorus-Therian|Landorus-Therian, M|225\/357
|-damage|p2a: Landorus-Therian|181\/357|[from] Stealth Rock
|-ability|p2a: Landorus-Therian|Intimidate|[of] p1a: Metagross
|-unboost|p1a: Metagross|atk|1
|move|p1a: Metagross|Thunder Punch|p2a: Landorus-Therian
|-immune|p2a: Landorus-Therian|[msg]
|
|-heal|p2a: Landorus-Therian|203\/357|[from] item: Leftovers
|turn|16
|
|move|p1a: Metagross|Meteor Mash|p2a: Landorus-Therian
|-damage|p2a: Landorus-Therian|82\/357
|-boost|p1a: Metagross|atk|1
|move|p2a: Landorus-Therian|Rock Slide|p1a: Metagross
|-resisted|p1a: Metagross
|-damage|p1a: Metagross|46\/301
|
|-heal|p2a: Landorus-Therian|104\/357|[from] item: Leftovers
|turn|17
|
|move|p1a: Metagross|Meteor Mash|p2a: Landorus-Therian
|-damage|p2a: Landorus-Therian|0 fnt
|-boost|p1a: Metagross|atk|1
|faint|p2a: Landorus-Therian
|
|-message|DennisEG forfeited.
|leave|DennisEG
|
|win|Telepath Sabrina
|raw|Ladder updating...
|player|p2
|raw|Telepath Sabrina's rating: 1460 &rarr; <strong>1479<\/strong><br \/>(+19 for winning)
|raw|DennisEG's rating: 1441 &rarr; <strong>1422<\/strong><br \/>(-19 for losing)