|inactive|Battle timer is ON: inactive players will automatically lose when time's up.
|J|DennisEG
|J|Cronenberg
|player|p1|DennisEG|76
|player|p2|Cronenberg|276
|gametype|singles
|gen|6
|tier|OU
|clearpoke
|poke|p1|Weavile, M
|poke|p1|Heatran, M
|poke|p1|Altaria, M
|poke|p1|Suicune
|poke|p1|Latios, M
|poke|p1|Landorus-Therian, M
|poke|p2|Mew
|poke|p2|Heatran, F
|poke|p2|Diancie
|poke|p2|Keldeo-Resolute
|poke|p2|Latios, M
|poke|p2|Landorus-Therian, M
|rule|Swagger Clause: Swagger is banned
|rule|Baton Pass Clause: Limit one PokÃ©mon knowing Baton Pass
|rule|Sleep Clause Mod: Limit one foe put to sleep
|rule|Species Clause: Limit one of each PokÃ©mon
|rule|OHKO Clause: OHKO moves are banned
|rule|Moody Clause: Moody is banned
|rule|Evasion Moves Clause: Evasion moves are banned
|rule|Endless Battle Clause: Forcing endless battles is banned
|rule|HP Percentage Mod: HP is shown in percentages
|teampreview
|J|El-Soldier
|c|+El-Soldier|o.o
|
|start
|switch|p1a: Suicune|Suicune|403\/403
|switch|p2a: Diancie|Diancie|241\/241
|-ability|p1a: Suicune|Pressure
|turn|1
|
|detailschange|p2a: Diancie|Diancie-Mega
|-mega|p2a: Diancie|Diancie|Diancite
|move|p2a: Diancie|Protect|p2a: Diancie
|-singleturn|p2a: Diancie|Protect
|move|p1a: Suicune|Scald|p2a: Diancie
|-activate|p2a: Diancie|Protect
|
|turn|2
|
|switch|p2a: Latios|Latios, M|301\/301
|move|p1a: Suicune|Scald|p2a: Latios
|-resisted|p2a: Latios
|-damage|p2a: Latios|262\/301
|
|turn|3
|
|switch|p2a: Keldeo-Resolute|Keldeo-Resolute|323\/323
|switch|p1a: Heatran|Heatran, M|380\/380
|
|turn|4
|
|switch|p1a: Latios|Latios, M|301\/301
|move|p2a: Keldeo-Resolute|Scald|p1a: Latios
|-resisted|p1a: Latios
|-damage|p1a: Latios|202\/301
|
|turn|5
|
|switch|p1a: Suicune|Suicune|403\/403
|-ability|p1a: Suicune|Pressure
|switch|p2a: Heatran|Heatran, F|382\/382
|
|turn|6
|
|move|p2a: Heatran|Stealth Rock|p1a: Suicune
|-sidestart|p1: DennisEG|move: Stealth Rock
|move|p1a: Suicune|Scald|p2a: Heatran
|-supereffective|p2a: Heatran
|-damage|p2a: Heatran|208\/382
|
|-heal|p2a: Heatran|231\/382|[from] item: Leftovers
|turn|7
|
|switch|p2a: Latios|Latios, M|262\/301
|move|p1a: Suicune|Scald|p2a: Latios
|-resisted|p2a: Latios
|-damage|p2a: Latios|222\/301
|-status|p2a: Latios|brn
|
|-damage|p2a: Latios|185\/301 brn|[from] brn
|turn|8
|
|switch|p1a: Heatran|Heatran, M|380\/380
|-damage|p1a: Heatran|333\/380|[from] Stealth Rock
|move|p2a: Latios|Draco Meteor|p1a: Heatran
|-resisted|p1a: Heatran
|-damage|p1a: Heatran|224\/380
|-unboost|p2a: Latios|spa|2
|-damage|p2a: Latios|155\/301 brn|[from] item: Life Orb
|
|-heal|p1a: Heatran|247\/380|[from] item: Leftovers
|-damage|p2a: Latios|118\/301 brn|[from] brn
|turn|9
|
|switch|p2a: Heatran|Heatran, F|231\/382
|switch|p1a: Suicune|Suicune|403\/403
|-damage|p1a: Suicune|353\/403|[from] Stealth Rock
|-ability|p1a: Suicune|Pressure
|
|-heal|p2a: Heatran|254\/382|[from] item: Leftovers
|-heal|p1a: Suicune|378\/403|[from] item: Leftovers
|turn|10
|
|switch|p2a: Latios|Latios, M|118\/301 brn
|move|p1a: Suicune|Scald|p2a: Latios
|-resisted|p2a: Latios
|-damage|p2a: Latios|76\/301 brn
|
|-heal|p1a: Suicune|403\/403|[from] item: Leftovers
|-damage|p2a: Latios|39\/301 brn|[from] brn
|turn|11
|
|switch|p1a: Heatran|Heatran, M|247\/380
|-damage|p1a: Heatran|200\/380|[from] Stealth Rock
|move|p2a: Latios|Draco Meteor|p1a: Heatran
|-resisted|p1a: Heatran
|-damage|p1a: Heatran|91\/380
|-unboost|p2a: Latios|spa|2
|-damage|p2a: Latios|9\/301 brn|[from] item: Life Orb
|
|-heal|p1a: Heatran|114\/380|[from] item: Leftovers
|-damage|p2a: Latios|0 fnt|[from] brn
|faint|p2a: Latios
|
|switch|p2a: Keldeo-Resolute|Keldeo-Resolute|323\/323
|turn|12
|
|switch|p1a: Latios|Latios, M|202\/301
|-damage|p1a: Latios|165\/301|[from] Stealth Rock
|move|p2a: Keldeo-Resolute|Scald|p1a: Latios
|-resisted|p1a: Latios
|-damage|p1a: Latios|63\/301
|
|turn|13
|
|switch|p2a: Heatran|Heatran, F|254\/382
|move|p1a: Latios|Defog|p2a: Heatran
|-unboost|p2a: Heatran|evasion|1
|-sideend|p1: DennisEG|Stealth Rock|[from] move: Defog|[of] p1a: Latios
|
|-heal|p2a: Heatran|277\/382|[from] item: Leftovers
|turn|14
|
|move|p1a: Latios|Draco Meteor|p2a: Heatran
|-resisted|p2a: Heatran
|-damage|p2a: Heatran|130\/382
|-unboost|p1a: Latios|spa|2
|-damage|p1a: Latios|33\/301|[from] item: Life Orb
|move|p2a: Heatran|Stealth Rock|p1a: Latios
|-sidestart|p1: DennisEG|move: Stealth Rock
|
|-heal|p2a: Heatran|153\/382|[from] item: Leftovers
|turn|15
|
|move|p1a: Latios|Draco Meteor|p2a: Heatran
|-resisted|p2a: Heatran
|-damage|p2a: Heatran|83\/382
|-unboost|p1a: Latios|spa|2
|-damage|p1a: Latios|3\/301|[from] item: Life Orb
|move|p2a: Heatran|Stealth Rock|p1a: Latios
|-fail|p1a: Latios
|
|-heal|p2a: Heatran|106\/382|[from] item: Leftovers
|turn|16
|
|move|p1a: Latios|Defog|p2a: Heatran
|-unboost|p2a: Heatran|evasion|1
|-sideend|p1: DennisEG|Stealth Rock|[from] move: Defog|[of] p1a: Latios
|move|p2a: Heatran|Stealth Rock|p1a: Latios
|-sidestart|p1: DennisEG|move: Stealth Rock
|
|-heal|p2a: Heatran|129\/382|[from] item: Leftovers
|turn|17
|
|move|p1a: Latios|Draco Meteor|p2a: Heatran
|-resisted|p2a: Heatran
|-damage|p2a: Heatran|78\/382
|-unboost|p1a: Latios|spa|2
|-damage|p1a: Latios|0 fnt|[from] item: Life Orb
|faint|p1a: Latios
|move|p2a: Heatran|Stealth Rock|p1: Latios
|-fail|p1: Latios
|
|-heal|p2a: Heatran|101\/382|[from] item: Leftovers
|
|switch|p1a: Weavile|Weavile, M|281\/281
|-damage|p1a: Weavile|211\/281|[from] Stealth Rock
|turn|18
|
|switch|p2a: Keldeo-Resolute|Keldeo-Resolute|323\/323
|move|p1a: Weavile|Knock Off|p2a: Keldeo-Resolute
|-resisted|p2a: Keldeo-Resolute
|-damage|p2a: Keldeo-Resolute|200\/323
|-boost|p2a: Keldeo-Resolute|atk|1|[from] ability: Justified
|-enditem|p2a: Keldeo-Resolute|Choice Specs|[from] move: Knock Off|[of] p1a: Weavile
|-damage|p1a: Weavile|183\/281|[from] item: Life Orb
|
|turn|19
|
|switch|p1a: Suicune|Suicune|403\/403
|-damage|p1a: Suicune|353\/403|[from] Stealth Rock
|-ability|p1a: Suicune|Pressure
|move|p2a: Keldeo-Resolute|Scald|p1a: Suicune
|-resisted|p1a: Suicune
|-damage|p1a: Suicune|288\/403
|
|-heal|p1a: Suicune|313\/403|[from] item: Leftovers
|turn|20
|
|move|p2a: Keldeo-Resolute|Secret Sword|p1a: Suicune
|-damage|p1a: Suicune|207\/403
|move|p1a: Suicune|Calm Mind|p1a: Suicune
|-boost|p1a: Suicune|spa|1
|-boost|p1a: Suicune|spd|1
|
|-heal|p1a: Suicune|232\/403|[from] item: Leftovers
|turn|21
|
|switch|p2a: Mew|Mew|403\/403
|move|p1a: Suicune|Scald|p2a: Mew
|-damage|p2a: Mew|307\/403
|
|-heal|p2a: Mew|332\/403|[from] item: Leftovers
|-heal|p1a: Suicune|257\/403|[from] item: Leftovers
|turn|22
|
|move|p2a: Mew|Taunt|p1a: Suicune
|-start|p1a: Suicune|move: Taunt
|move|p1a: Suicune|Scald|p2a: Mew
|-damage|p2a: Mew|221\/403
|
|-heal|p2a: Mew|246\/403|[from] item: Leftovers
|-heal|p1a: Suicune|282\/403|[from] item: Leftovers
|turn|23
|
|switch|p1a: Altaria|Altaria, M|347\/347
|-damage|p1a: Altaria|261\/347|[from] Stealth Rock
|move|p2a: Mew|Soft-Boiled|p2a: Mew
|-heal|p2a: Mew|403\/403
|
|turn|24
|
|detailschange|p1a: Altaria|Altaria-Mega, M
|-mega|p1a: Altaria|Altaria|Altarianite
|move|p2a: Mew|Will-O-Wisp|p1a: Altaria
|-status|p1a: Altaria|brn
|move|p1a: Altaria|Dragon Dance|p1a: Altaria
|-boost|p1a: Altaria|atk|1
|-boost|p1a: Altaria|spe|1
|
|-damage|p1a: Altaria|218\/347 brn|[from] brn
|turn|25
|
|move|p1a: Altaria|Heal Bell|p1a: Altaria
|-cureteam|p1a: Altaria|[from] move: HealBell
|move|p2a: Mew|Taunt|p1a: Altaria
|-start|p1a: Altaria|move: Taunt
|
|turn|26
|J|ULT Toenail
|
|move|p1a: Altaria|Frustration|p2a: Mew
|-damage|p2a: Mew|132\/403
|move|p2a: Mew|Will-O-Wisp|p1a: Altaria
|-status|p1a: Altaria|brn
|
|-heal|p2a: Mew|157\/403|[from] item: Leftovers
|-damage|p1a: Altaria|175\/347 brn|[from] brn
|turn|27
|
|move|p1a: Altaria|Frustration|p2a: Mew
|-damage|p2a: Mew|13\/403
|move|p2a: Mew|Soft-Boiled|p2a: Mew
|-heal|p2a: Mew|215\/403
|
|-heal|p2a: Mew|240\/403|[from] item: Leftovers
|-damage|p1a: Altaria|132\/347 brn|[from] brn
|turn|28
|
|move|p1a: Altaria|Frustration|p2a: Mew
|-damage|p2a: Mew|113\/403
|move|p2a: Mew|Psychic|p1a: Altaria
|-damage|p1a: Altaria|35\/347 brn
|
|-heal|p2a: Mew|138\/403|[from] item: Leftovers
|-damage|p1a: Altaria|0 fnt|[from] brn
|faint|p1a: Altaria
|
|switch|p1a: Weavile|Weavile, M|183\/281
|-damage|p1a: Weavile|113\/281|[from] Stealth Rock
|turn|29
|
|move|p1a: Weavile|Pursuit|p2a: Mew|[from]Pursuit
|-supereffective|p2a: Mew
|-damage|p2a: Mew|0 fnt
|-damage|p1a: Weavile|85\/281|[from] item: Life Orb
|faint|p2a: Mew
|
|
|switch|p2a: Keldeo-Resolute|Keldeo-Resolute|200\/323
|turn|30
|
|switch|p1a: Heatran|Heatran, M|114\/380
|-damage|p1a: Heatran|67\/380|[from] Stealth Rock
|move|p2a: Keldeo-Resolute|Secret Sword|p1a: Heatran
|-supereffective|p1a: Heatran
|-damage|p1a: Heatran|0 fnt
|faint|p1a: Heatran
|
|
|switch|p1a: Suicune|Suicune|282\/403
|-damage|p1a: Suicune|232\/403|[from] Stealth Rock
|-ability|p1a: Suicune|Pressure
|turn|31
|
|move|p2a: Keldeo-Resolute|Secret Sword|p1a: Suicune
|-damage|p1a: Suicune|139\/403
|move|p1a: Suicune|Rest|p1a: Suicune
|-status|p1a: Suicune|slp
|-heal|p1a: Suicune|403\/403 slp|[silent]
|-status|p1a: Suicune|slp|[from] move: Rest
|
|turn|32
|
|move|p2a: Keldeo-Resolute|Secret Sword|p1a: Suicune
|-damage|p1a: Suicune|309\/403 slp
|cant|p1a: Suicune|slp
|move|p1a: Suicune|Sleep Talk|p1a: Suicune
|move|p1a: Suicune|Rest|p1a: Suicune|[from]Sleep Talk
|-fail|p1a: Suicune
|
|-heal|p1a: Suicune|334\/403 slp|[from] item: Leftovers
|turn|33
|
|move|p2a: Keldeo-Resolute|Secret Sword|p1a: Suicune
|-damage|p1a: Suicune|231\/403 slp
|cant|p1a: Suicune|slp
|move|p1a: Suicune|Sleep Talk|p1a: Suicune
|move|p1a: Suicune|Scald|p2a: Keldeo-Resolute|[from]Sleep Talk
|-resisted|p2a: Keldeo-Resolute
|-damage|p2a: Keldeo-Resolute|151\/323
|
|-heal|p1a: Suicune|256\/403 slp|[from] item: Leftovers
|turn|34
|
|move|p2a: Keldeo-Resolute|Secret Sword|p1a: Suicune
|-damage|p1a: Suicune|153\/403 slp
|-curestatus|p1a: Suicune|slp
|move|p1a: Suicune|Calm Mind|p1a: Suicune
|-boost|p1a: Suicune|spa|1
|-boost|p1a: Suicune|spd|1
|
|-heal|p1a: Suicune|178\/403|[from] item: Leftovers
|turn|35
|
|move|p2a: Keldeo-Resolute|Scald|p1a: Suicune
|-resisted|p1a: Suicune
|-damage|p1a: Suicune|137\/403
|-status|p1a: Suicune|brn
|move|p1a: Suicune|Rest|p1a: Suicune
|-status|p1a: Suicune|slp
|-heal|p1a: Suicune|403\/403 slp|[silent]
|-status|p1a: Suicune|slp|[from] move: Rest
|
|turn|36
|
|switch|p2a: Heatran|Heatran, F|101\/382
|cant|p1a: Suicune|slp
|move|p1a: Suicune|Sleep Talk|p1a: Suicune
|move|p1a: Suicune|Calm Mind|p1a: Suicune|[from]Sleep Talk
|-boost|p1a: Suicune|spa|1
|-boost|p1a: Suicune|spd|1
|
|-heal|p2a: Heatran|124\/382|[from] item: Leftovers
|turn|37
|
|move|p2a: Heatran|Earth Power|p1a: Suicune
|-damage|p1a: Suicune|358\/403 slp
|cant|p1a: Suicune|slp
|move|p1a: Suicune|Sleep Talk|p1a: Suicune
|move|p1a: Suicune|Calm Mind|p1a: Suicune|[from]Sleep Talk
|-boost|p1a: Suicune|spa|1
|-boost|p1a: Suicune|spd|1
|
|-heal|p2a: Heatran|147\/382|[from] item: Leftovers
|-heal|p1a: Suicune|383\/403 slp|[from] item: Leftovers
|turn|38
|
|move|p2a: Heatran|Earth Power|p1a: Suicune
|-damage|p1a: Suicune|349\/403 slp
|-curestatus|p1a: Suicune|slp
|move|p1a: Suicune|Scald|p2a: Heatran
|-supereffective|p2a: Heatran
|-damage|p2a: Heatran|0 fnt
|faint|p2a: Heatran
|
|-heal|p1a: Suicune|374\/403|[from] item: Leftovers
|
|switch|p2a: Diancie|Diancie-Mega|241\/241
|turn|39
|
|move|p2a: Diancie|Moonblast|p1a: Suicune
|-damage|p1a: Suicune|302\/403
|move|p1a: Suicune|Scald|p2a: Diancie
|-supereffective|p2a: Diancie
|-damage|p2a: Diancie|0 fnt
|faint|p2a: Diancie
|
|-heal|p1a: Suicune|327\/403|[from] item: Leftovers
|
|switch|p2a: Landorus-Therian|Landorus-Therian, M|319\/319
|-ability|p2a: Landorus-Therian|Intimidate|[of] p1a: Suicune
|-unboost|p1a: Suicune|atk|1
|turn|40
|
|move|p2a: Landorus-Therian|Earthquake|p1a: Suicune
|-damage|p1a: Suicune|204\/403
|move|p1a: Suicune|Scald|p2a: Landorus-Therian
|-supereffective|p2a: Landorus-Therian
|-damage|p2a: Landorus-Therian|0 fnt
|faint|p2a: Landorus-Therian
|
|-heal|p1a: Suicune|229\/403|[from] item: Leftovers
|
|switch|p2a: Keldeo-Resolute|Keldeo-Resolute|151\/323
|turn|41
|
|move|p2a: Keldeo-Resolute|Secret Sword|p1a: Suicune
|-damage|p1a: Suicune|121\/403
|move|p1a: Suicune|Scald|p2a: Keldeo-Resolute
|-resisted|p2a: Keldeo-Resolute
|-damage|p2a: Keldeo-Resolute|41\/323
|
|-heal|p1a: Suicune|146\/403|[from] item: Leftovers
|turn|42
|
|move|p2a: Keldeo-Resolute|Secret Sword|p1a: Suicune
|-damage|p1a: Suicune|49\/403
|move|p1a: Suicune|Scald|p2a: Keldeo-Resolute
|-resisted|p2a: Keldeo-Resolute
|-damage|p2a: Keldeo-Resolute|0 fnt
|faint|p2a: Keldeo-Resolute
|
|win|DennisEG
|L|ULT Toenail
|c|âDennisEG|gg man
|c|âCronenberg|gg