|join|DennisEG
|join|Miles Tails
|player|p1|DennisEG|101
|player|p2|Miles Tails|129
|gametype|singles
|gen|6
|tier|OU
|clearpoke
|poke|p1|Bisharp, M
|poke|p1|Raikou
|poke|p1|Keldeo-Resolute
|poke|p1|Landorus-Therian, M
|poke|p1|Latios, M
|poke|p1|Medicham, M
|poke|p2|Charizard, M, shiny
|poke|p2|Starmie, shiny
|poke|p2|Tyranitar, M, shiny
|poke|p2|Clefable, M, shiny
|poke|p2|Landorus-Therian, M, shiny
|poke|p2|Rotom-Wash, shiny
|rule|Swagger Clause: Swagger is banned
|rule|Baton Pass Clause: Limit one PokÃ©mon knowing Baton Pass
|rule|Sleep Clause Mod: Limit one foe put to sleep
|rule|Species Clause: Limit one of each PokÃ©mon
|rule|OHKO Clause: OHKO moves are banned
|rule|Moody Clause: Moody is banned
|rule|Evasion Moves Clause: Evasion moves are banned
|rule|Endless Battle Clause: Forcing endless battles is banned
|rule|HP Percentage Mod: HP is shown in percentages
|teampreview
|join|ladder troll haha
|c|âMiles Tails|Without timer, please.
|c|âDennisEG|y
|c|âDennisEG|ok
|
|start
|switch|p1a: Raikou|Raikou|325\/325
|switch|p2a: LOL|Rotom-Wash, shiny|303\/303
|-ability|p1a: Raikou|Pressure
|turn|1
|
|move|p1a: Raikou|Thunderbolt|p2a: LOL
|-damage|p2a: LOL|168\/303
|move|p2a: LOL|Pain Split|p1a: Raikou
|-sethp|p1a: Raikou|246\/325|p2a: LOL|246\/303|[from] move: Pain Split
|
|-heal|p2a: LOL|264\/303|[from] item: Leftovers
|turn|2
|join|54545Pp
|
|switch|p2a: LOL|Tyranitar, M, shiny|403\/403
|-weather|Sandstorm
|move|p1a: Raikou|Thunderbolt|p2a: LOL
|-crit|p2a: LOL
|-damage|p2a: LOL|255\/403
|-status|p2a: LOL|par
|
|-weather|Sandstorm|[upkeep]
|-damage|p1a: Raikou|226\/325|[from] sandstorm
|-heal|p2a: LOL|280\/403 par|[from] item: Leftovers
|turn|3
|join|Mystialized
|
|move|p1a: Raikou|Volt Switch|p2a: LOL
|-damage|p2a: LOL|204\/403 par
|
|switch|p1a: Landorus-Therian|Landorus-Therian, M|357\/357
|-ability|p1a: Landorus-Therian|Intimidate|[of] p2a: LOL
|-unboost|p2a: LOL|atk|1
|move|p2a: LOL|Stealth Rock|p1a: Landorus-Therian
|-sidestart|p1: DennisEG|move: Stealth Rock
|
|-weather|Sandstorm|[upkeep]
|-heal|p2a: LOL|229\/403 par|[from] item: Leftovers
|turn|4
|
|switch|p2a: LOL|Charizard, M, shiny|298\/298
|move|p1a: Landorus-Therian|Stealth Rock|p2a: LOL
|-sidestart|p2: Miles Tails|move: Stealth Rock
|
|-weather|Sandstorm|[upkeep]
|-damage|p2a: LOL|280\/298|[from] sandstorm
|turn|5
|
|switch|p1a: Latios|Latios, M|301\/301
|-damage|p1a: Latios|264\/301|[from] Stealth Rock
|detailschange|p2a: LOL|Charizard-Mega-Y, M, shiny
|message|Charizard has Mega Evolved into Mega Charizard!
|-weather|SunnyDay
|move|p2a: LOL|Fire Blast|p1a: Latios
|-resisted|p1a: Latios
|-damage|p1a: Latios|106\/301
|
|-weather|SunnyDay|[upkeep]
|turn|6
|
|switch|p1a: Bisharp|Bisharp, M|271\/271
|-damage|p1a: Bisharp|255\/271|[from] Stealth Rock
|switch|p2a: LOL|Clefable, M, shiny|394\/394
|
|-weather|SunnyDay|[upkeep]
|turn|7
|join|The_Ender
|join|The Clean Bandit
|
|move|p1a: Bisharp|Iron Head|p2a: LOL
|-supereffective|p2a: LOL
|-damage|p2a: LOL|98\/394
|move|p2a: LOL|Focus Blast|p1a: Bisharp|[miss]
|-miss|p2a: LOL|p1a: Bisharp
|
|-weather|SunnyDay|[upkeep]
|-heal|p2a: LOL|122\/394|[from] item: Leftovers
|turn|8
|leave|Mystialized
|c| ladder troll haha|yeah
|join|fiissterino
|join|MoxieInfinite
|
|switch|p2a: LOL|Rotom-Wash, shiny|264\/303
|-damage|p2a: LOL|227\/303|[from] Stealth Rock
|move|p1a: Bisharp|Iron Head|p2a: LOL
|-resisted|p2a: LOL
|-damage|p2a: LOL|202\/303
|
|-weather|SunnyDay|[upkeep]
|-heal|p2a: LOL|220\/303|[from] item: Leftovers
|turn|9
|join|Annie Adderall
|
|move|p1a: Bisharp|Swords Dance|p1a: Bisharp
|-boost|p1a: Bisharp|atk|2
|move|p2a: LOL|Volt Switch|p1a: Bisharp
|-damage|p1a: Bisharp|144\/271
|
|switch|p2a: LOL|Starmie, shiny|321\/321
|-damage|p2a: LOL|281\/321|[from] Stealth Rock
|
|-weather|none
|-heal|p2a: LOL|301\/321|[from] item: Leftovers
|turn|10
|
|move|p2a: LOL|Reflect Type|p1a: Bisharp
|-start|p2a: LOL|typechange|[from] move: Reflect Type|[of] p1a: Bisharp
|move|p1a: Bisharp|Knock Off|p2a: LOL
|-resisted|p2a: LOL
|-damage|p2a: LOL|114\/321
|-enditem|p2a: LOL|Leftovers|[from] move: Knock Off|[of] p1a: Bisharp
|
|turn|11
|
|move|p2a: LOL|Recover|p2a: LOL
|-heal|p2a: LOL|275\/321
|move|p1a: Bisharp|Swords Dance|p1a: Bisharp
|-boost|p1a: Bisharp|atk|2
|
|turn|12
|
|move|p1a: Bisharp|Sucker Punch|p2a: LOL
|-resisted|p2a: LOL
|-damage|p2a: LOL|30\/321
|move|p2a: LOL|Scald|p1a: Bisharp
|-damage|p1a: Bisharp|64\/271
|
|turn|13
|leave|Annie Adderall
|
|move|p2a: LOL|Recover|p2a: LOL
|-heal|p2a: LOL|191\/321
|move|p1a: Bisharp|Knock Off|p2a: LOL
|-resisted|p2a: LOL
|-damage|p2a: LOL|0 fnt
|faint|p2a: LOL
|
|leave|Miles Tails
|player|p2
|join|Tokyo Tom
|player|p2|Tokyo Tom|265
|join|Miles Tails
|c|âTokyo Tom|wait, do you want me to forfeit
|c|âTokyo Tom|or did you just DC
|leave|Tokyo Tom
|player|p2
|player|p2|Miles Tails|129
|c|âMiles Tails|dc
|join|Tokyo Tom
|c|âTokyo Tom|My bad dude
|
|switch|p2a: LOL|Charizard-Mega-Y, M, shiny|280\/298
|-damage|p2a: LOL|131\/298|[from] Stealth Rock
|-weather|SunnyDay
|turn|14
|
|move|p1a: Bisharp|Sucker Punch|p2a: LOL
|-fail|p2a: LOL
|move|p2a: LOL|Roost|p2a: LOL
|-heal|p2a: LOL|280\/298
|
|-weather|SunnyDay|[upkeep]
|turn|15
|
|move|p1a: Bisharp|Sucker Punch|p2a: LOL
|-fail|p2a: LOL
|move|p2a: LOL|Roost|p2a: LOL
|-heal|p2a: LOL|298\/298
|
|-weather|SunnyDay|[upkeep]
|turn|16
|
|move|p1a: Bisharp|Sucker Punch|p2a: LOL
|-fail|p2a: LOL
|move|p2a: LOL|Roost|p2a: LOL
|-fail|p2a: LOL
|
|-weather|SunnyDay|[upkeep]
|turn|17
|
|move|p1a: Bisharp|Sucker Punch|p2a: LOL
|-fail|p2a: LOL
|move|p2a: LOL|Roost|p2a: LOL
|-fail|p2a: LOL
|
|-weather|SunnyDay|[upkeep]
|turn|18
|
|move|p1a: Bisharp|Sucker Punch|p2a: LOL
|-fail|p2a: LOL
|move|p2a: LOL|Roost|p2a: LOL
|-fail|p2a: LOL
|
|-weather|none
|turn|19
|
|move|p2a: LOL|Roost|p2a: LOL
|-fail|p2a: LOL
|move|p1a: Bisharp|Knock Off|p2a: LOL
|-damage|p2a: LOL|0 fnt
|faint|p2a: LOL
|
|
|switch|p2a: LOL|Landorus-Therian, M, shiny|321\/321
|-damage|p2a: LOL|281\/321|[from] Stealth Rock
|-ability|p2a: LOL|Intimidate|[of] p1a: Bisharp
|-unboost|p1a: Bisharp|atk|1
|-boost|p1a: Bisharp|atk|2|[from] ability: Defiant
|turn|20
|
|switch|p2a: LOL|Tyranitar, M, shiny|229\/403 par
|-damage|p2a: LOL|179\/403 par|[from] Stealth Rock
|-weather|Sandstorm
|move|p1a: Bisharp|Sucker Punch|p2a: LOL
|-fail|p2a: LOL
|
|-weather|Sandstorm|[upkeep]
|-heal|p2a: LOL|204\/403 par|[from] item: Leftovers
|turn|21
|
|move|p1a: Bisharp|Iron Head|p2a: LOL
|-supereffective|p2a: LOL
|-damage|p2a: LOL|0 fnt
|faint|p2a: LOL
|
|-weather|Sandstorm|[upkeep]
|
|switch|p2a: LOL|Landorus-Therian, M, shiny|281\/321
|-damage|p2a: LOL|241\/321|[from] Stealth Rock
|-ability|p2a: LOL|Intimidate|[of] p1a: Bisharp
|-unboost|p1a: Bisharp|atk|1
|-boost|p1a: Bisharp|atk|2|[from] ability: Defiant
|turn|22
|
|move|p2a: LOL|U-turn|p1a: Bisharp
|-damage|p1a: Bisharp|0 fnt
|faint|p1a: Bisharp
|c| ladder troll haha|nice focus blast miss + crit paralysis on ttar
|
|switch|p2a: LOL|Clefable, M, shiny|122\/394
|
|-weather|Sandstorm|[upkeep]
|-heal|p2a: LOL|146\/394|[from] item: Leftovers
|c| ladder troll haha|:z
|c|âDennisEG|wasnt scarf ttar
|c|âDennisEG|didnt matter that, but the obv did
|
|switch|p1a: Medicham|Medicham, M|261\/261
|-damage|p1a: Medicham|245\/261|[from] Stealth Rock
|turn|23
|c|âMiles Tails|This fight was totally clueless.
|c|âDennisEG|miss* obv did
|
|detailschange|p1a: Medicham|Medicham-Mega, M
|message|Medicham has Mega Evolved into Mega Medicham!
|move|p1a: Medicham|Psycho Cut|p2a: LOL
|-damage|p2a: LOL|0 fnt
|faint|p2a: LOL
|
|-weather|Sandstorm|[upkeep]
|-damage|p1a: Medicham|229\/261|[from] sandstorm
|c|âMiles Tails|gg
|c|âDennisEG|sorry dude
|leave|Miles Tails
|player|p2
|leave|MoxieInfinite
|leave|fiissterino
|player|p2|Tokyo Tom|265
|-message|Tokyo Tom forfeited.
|
|win|DennisEG
|leave|Tokyo Tom
|player|p2
|join|Tokyo Tom
|leave|Tokyo Tom
|leave|54545Pp
|join|Tom Bus
|leave|DennisEG
|player|p1
|leave|The_Ender
|join|Puralux
|leave|Puralux
|leave|Tom Bus
|join|Mystialized