|inactive|Battle timer is ON: inactive players will automatically lose when time's up.
|join|DennisEG
|join|Forever Mamadou
|player|p1|DennisEG|76
|player|p2|Forever Mamadou|39
|gametype|singles
|gen|6
|tier|OU
|clearpoke
|poke|p1|Keldeo-Resolute
|poke|p1|Landorus, M
|poke|p1|Thundurus, M
|poke|p1|Scizor, M
|poke|p1|Tyranitar, M
|poke|p1|Venusaur, M
|poke|p2|Klefki, M
|poke|p2|Keldeo
|poke|p2|Bisharp, M
|poke|p2|Latios, M
|poke|p2|Landorus-Therian, M
|poke|p2|Medicham, F
|rule|Swagger Clause: Swagger is banned
|rule|Baton Pass Clause: Limit one PokÃ©mon knowing Baton Pass
|rule|Sleep Clause Mod: Limit one foe put to sleep
|rule|Species Clause: Limit one of each PokÃ©mon
|rule|OHKO Clause: OHKO moves are banned
|rule|Moody Clause: Moody is banned
|rule|Evasion Moves Clause: Evasion moves are banned
|rule|Endless Battle Clause: Forcing endless battles is banned
|rule|HP Percentage Mod: HP is shown in percentages
|teampreview
|join|supermoundir
|join|kullhadd hekk
|join|Freeeex@@
|join|LT5Y REYMEDY
|join|srk1214
|leave|srk1214
|
|start
|switch|p1a: Scizor|Scizor, M|287\/287
|switch|p2a: Big Q|Landorus-Therian, M|329\/329
|-ability|p2a: Big Q|Intimidate|[of] p1a: Scizor
|-unboost|p1a: Scizor|atk|1
|turn|1
|
|move|p2a: Big Q|Stealth Rock|p1a: Scizor
|-sidestart|p1: DennisEG|move: Stealth Rock
|move|p1a: Scizor|U-turn|p2a: Big Q
|-resisted|p2a: Big Q
|-damage|p2a: Big Q|253\/329
|join|Le Austin
|
|switch|p1a: Keldeo-Resolute|Keldeo-Resolute|323\/323
|-damage|p1a: Keldeo-Resolute|303\/323|[from] Stealth Rock
|
|turn|2
|
|switch|p2a: Lady Megaga|Latios, M|309\/309
|move|p1a: Keldeo-Resolute|Scald|p2a: Lady Megaga
|-resisted|p2a: Lady Megaga
|-damage|p2a: Lady Megaga|240\/309
|
|turn|3
|
|switch|p2a: Corne de Zezette|Keldeo|329\/329
|move|p1a: Keldeo-Resolute|Scald|p2a: Corne de Zezette
|-resisted|p2a: Corne de Zezette
|-damage|p2a: Corne de Zezette|248\/329
|
|turn|4
|
|switch|p1a: Venusaur|Venusaur, M|363\/363
|-damage|p1a: Venusaur|318\/363|[from] Stealth Rock
|move|p2a: Corne de Zezette|Secret Sword|p1a: Venusaur
|-resisted|p1a: Venusaur
|-damage|p1a: Venusaur|223\/363
|
|turn|5
|
|switch|p2a: Cheap as Fuck|Klefki, M|317\/317
|detailschange|p1a: Venusaur|Venusaur-Mega, M
|message|Venusaur has Mega Evolved into Mega Venusaur!
|move|p1a: Venusaur|Hidden Power|p2a: Cheap as Fuck
|-supereffective|p2a: Cheap as Fuck
|-damage|p2a: Cheap as Fuck|183\/317
|
|turn|6
|join|noname4505
|
|switch|p1a: Tyranitar|Tyranitar, M|403\/403
|-damage|p1a: Tyranitar|353\/403|[from] Stealth Rock
|-weather|Sandstorm
|move|p2a: Cheap as Fuck|Spikes|p1a: Tyranitar
|-sidestart|p1: DennisEG|Spikes
|
|-weather|Sandstorm|[upkeep]
|turn|7
|
|switch|p2a: Corne de Zezette|Keldeo|248\/329
|move|p1a: Tyranitar|Stealth Rock|p2a: Corne de Zezette
|-sidestart|p2: Forever Mamadou|move: Stealth Rock
|
|-weather|Sandstorm|[upkeep]
|-damage|p2a: Corne de Zezette|228\/329|[from] sandstorm
|turn|8
|
|switch|p1a: Scizor|Scizor, M|287\/287
|-damage|p1a: Scizor|252\/287|[from] Spikes
|-damage|p1a: Scizor|217\/287|[from] Stealth Rock
|move|p2a: Corne de Zezette|Secret Sword|p1a: Scizor
|-damage|p1a: Scizor|46\/287
|
|-weather|Sandstorm|[upkeep]
|-damage|p2a: Corne de Zezette|208\/329|[from] sandstorm
|turn|9
|
|move|p1a: Scizor|Bullet Punch|p2a: Corne de Zezette
|-resisted|p2a: Corne de Zezette
|-damage|p2a: Corne de Zezette|106\/329
|move|p2a: Corne de Zezette|Secret Sword|p1a: Scizor
|-damage|p1a: Scizor|0 fnt
|faint|p1a: Scizor
|
|-weather|Sandstorm|[upkeep]
|-damage|p2a: Corne de Zezette|86\/329|[from] sandstorm
|
|switch|p1a: Thundurus|Thundurus, M|299\/299
|-damage|p1a: Thundurus|225\/299|[from] Stealth Rock
|turn|10
|join|YOUsucke
|
|switch|p2a: Big Q|Landorus-Therian, M|253\/329
|-damage|p2a: Big Q|212\/329|[from] Stealth Rock
|-ability|p2a: Big Q|Intimidate|[of] p1a: Thundurus
|-unboost|p1a: Thundurus|atk|1
|move|p1a: Thundurus|Thunderbolt|p2a: Big Q
|-immune|p2a: Big Q|[msg]
|
|-weather|none
|turn|11
|
|switch|p2a: Cheap as Fuck|Klefki, M|183\/317
|-damage|p2a: Cheap as Fuck|164\/317|[from] Stealth Rock
|move|p1a: Thundurus|Hidden Power|p2a: Cheap as Fuck
|-resisted|p2a: Cheap as Fuck
|-damage|p2a: Cheap as Fuck|117\/317
|-damage|p1a: Thundurus|196\/299|[from] item: Life Orb
|
|turn|12
|
|move|p1a: Thundurus|Taunt|p2a: Cheap as Fuck
|-start|p2a: Cheap as Fuck|move: Taunt
|cant|p2a: Cheap as Fuck|move: Taunt|Switcheroo
|
|turn|13
|
|move|p1a: Thundurus|Thunderbolt|p2a: Cheap as Fuck
|-damage|p2a: Cheap as Fuck|0 fnt
|-damage|p1a: Thundurus|167\/299|[from] item: Life Orb
|faint|p2a: Cheap as Fuck
|
|
|switch|p2a: .Madhicham|Medicham, F|261\/261
|-damage|p2a: .Madhicham|245\/261|[from] Stealth Rock
|turn|14
|join|fant
|
|switch|p1a: Venusaur|Venusaur-Mega, M|223\/363
|-damage|p1a: Venusaur|178\/363|[from] Spikes
|-damage|p1a: Venusaur|133\/363|[from] Stealth Rock
|detailschange|p2a: .Madhicham|Medicham-Mega, F
|message|Medicham has Mega Evolved into Mega Medicham!
|move|p2a: .Madhicham|Fake Out|p1a: Venusaur
|-damage|p1a: Venusaur|62\/363
|
|turn|15
|
|move|p2a: .Madhicham|Zen Headbutt|p1a: Venusaur
|-supereffective|p1a: Venusaur
|-damage|p1a: Venusaur|0 fnt
|faint|p1a: Venusaur
|
|
|switch|p1a: Landorus|Landorus, M|319\/319
|-damage|p1a: Landorus|280\/319|[from] Stealth Rock
|turn|16
|
|switch|p2a: Big Q|Landorus-Therian, M|212\/329
|-damage|p2a: Big Q|171\/329|[from] Stealth Rock
|-ability|p2a: Big Q|Intimidate|[of] p1a: Landorus
|-unboost|p1a: Landorus|atk|1
|move|p1a: Landorus|Rock Polish|p1a: Landorus
|-boost|p1a: Landorus|spe|2
|
|turn|17
|join|McMeghan
|
|switch|p2a: Biswag|Bisharp, M|271\/271
|-damage|p2a: Biswag|255\/271|[from] Stealth Rock
|move|p1a: Landorus|Psychic|p2a: Biswag
|-immune|p2a: Biswag|[msg]
|
|turn|18
|
|move|p2a: Biswag|Sucker Punch|p1a: Landorus
|-damage|p1a: Landorus|72\/319
|move|p1a: Landorus|Earth Power|p2a: Biswag
|-supereffective|p2a: Biswag
|-damage|p2a: Biswag|0 fnt
|faint|p2a: Biswag
|
|
|switch|p2a: .Madhicham|Medicham-Mega, F|245\/261
|-damage|p2a: .Madhicham|229\/261|[from] Stealth Rock
|turn|19
|
|move|p2a: .Madhicham|Fake Out|p1a: Landorus
|-damage|p1a: Landorus|0 fnt
|faint|p1a: Landorus
|
|
|switch|p1a: Thundurus|Thundurus, M|167\/299
|-damage|p1a: Thundurus|93\/299|[from] Stealth Rock
|turn|20
|
|switch|p2a: Big Q|Landorus-Therian, M|171\/329
|-damage|p2a: Big Q|130\/329|[from] Stealth Rock
|-ability|p2a: Big Q|Intimidate|[of] p1a: Thundurus
|-unboost|p1a: Thundurus|atk|1
|move|p1a: Thundurus|Thunderbolt|p2a: Big Q
|-immune|p2a: Big Q|[msg]
|
|turn|21
|
|move|p1a: Thundurus|Hidden Power|p2a: Big Q
|-supereffective|p2a: Big Q
|-damage|p2a: Big Q|0 fnt
|-damage|p1a: Thundurus|64\/299|[from] item: Life Orb
|faint|p2a: Big Q
|
|
|switch|p2a: .Madhicham|Medicham-Mega, F|229\/261
|-damage|p2a: .Madhicham|213\/261|[from] Stealth Rock
|turn|22
|join|bad ass
|leave|bad ass
|
|move|p2a: .Madhicham|Fake Out|p1a: Thundurus
|-damage|p1a: Thundurus|0 fnt
|faint|p1a: Thundurus
|
|
|switch|p1a: Keldeo-Resolute|Keldeo-Resolute|303\/323
|-damage|p1a: Keldeo-Resolute|263\/323|[from] Spikes
|-damage|p1a: Keldeo-Resolute|243\/323|[from] Stealth Rock
|turn|23
|join|vonFiedler
|leave|vonFiedler
|join|Tesung
|join|Puralux
|leave|Puralux
|join|Hot N Cold
|
|switch|p2a: Corne de Zezette|Keldeo|86\/329
|-damage|p2a: Corne de Zezette|66\/329|[from] Stealth Rock
|move|p1a: Keldeo-Resolute|Hydro Pump|p2a: Corne de Zezette
|-resisted|p2a: Corne de Zezette
|-damage|p2a: Corne de Zezette|0 fnt
|faint|p2a: Corne de Zezette
|
|
|switch|p2a: Lady Megaga|Latios, M|240\/309
|-damage|p2a: Lady Megaga|202\/309|[from] Stealth Rock
|turn|24
|join|King Tsunami
|join|vonFiedler
|
|switch|p1a: Tyranitar|Tyranitar, M|353\/403
|-damage|p1a: Tyranitar|303\/403|[from] Stealth Rock
|-damage|p1a: Tyranitar|253\/403|[from] Spikes
|-weather|Sandstorm
|move|p2a: Lady Megaga|Draco Meteor|p1a: Tyranitar
|-damage|p1a: Tyranitar|97\/403
|-unboost|p2a: Lady Megaga|spa|2
|-damage|p2a: Lady Megaga|172\/309|[from] item: Life Orb
|
|-weather|Sandstorm|[upkeep]
|-damage|p2a: Lady Megaga|153\/309|[from] sandstorm
|turn|25
|
|move|p1a: Tyranitar|Pursuit|p2a: Lady Megaga|[from]Pursuit
|-crit|p2a: Lady Megaga
|-supereffective|p2a: Lady Megaga
|-damage|p2a: Lady Megaga|0 fnt
|faint|p2a: Lady Megaga
|
|-weather|Sandstorm|[upkeep]
|
|switch|p2a: .Madhicham|Medicham-Mega, F|213\/261
|-damage|p2a: .Madhicham|197\/261|[from] Stealth Rock
|turn|26
|
|move|p2a: .Madhicham|Thunder Punch|p1a: Tyranitar
|-damage|p1a: Tyranitar|0 fnt
|faint|p1a: Tyranitar
|
|-weather|Sandstorm|[upkeep]
|-damage|p2a: .Madhicham|181\/261|[from] sandstorm
|
|switch|p1a: Keldeo-Resolute|Keldeo-Resolute|243\/323
|-damage|p1a: Keldeo-Resolute|203\/323|[from] Spikes
|-damage|p1a: Keldeo-Resolute|183\/323|[from] Stealth Rock
|turn|27
|c|âDennisEG|hydro miss GO
|
|move|p1a: Keldeo-Resolute|Hydro Pump|p2a: .Madhicham|[miss]
|-miss|p1a: Keldeo-Resolute|p2a: .Madhicham
|move|p2a: .Madhicham|Thunder Punch|p1a: Keldeo-Resolute
|-supereffective|p1a: Keldeo-Resolute
|-damage|p1a: Keldeo-Resolute|0 fnt
|faint|p1a: Keldeo-Resolute
|
|win|Forever Mamadou
|c|âForever Mamadou|ok
|leave|Hot N Cold
|leave|Forever Mamadou
|player|p2
|leave|DennisEG
|player|p1
|leave|McMeghan