|inactive|Battle timer is ON: inactive players will automatically lose when time's up.
|join|DennisEG
|join|Floppy
|player|p1|DennisEG|76
|player|p2|Floppy|2
|gametype|singles
|gen|6
|tier|OU
|clearpoke
|poke|p1|Keldeo-Resolute
|poke|p1|Landorus, M
|poke|p1|Thundurus, M
|poke|p1|Scizor, F
|poke|p1|Tyranitar, M
|poke|p1|Venusaur, M
|poke|p2|Charizard, M
|poke|p2|Venusaur, F
|poke|p2|Ninetales, M
|poke|p2|Latias, F
|poke|p2|Gothitelle, M
|poke|p2|Landorus-Therian, M
|rule|Swagger Clause: Swagger is banned
|rule|Baton Pass Clause: Limit one PokÃ©mon knowing Baton Pass
|rule|Sleep Clause Mod: Limit one foe put to sleep
|rule|Species Clause: Limit one of each PokÃ©mon
|rule|OHKO Clause: OHKO moves are banned
|rule|Moody Clause: Moody is banned
|rule|Evasion Moves Clause: Evasion moves are banned
|rule|Endless Battle Clause: Forcing endless battles is banned
|rule|HP Percentage Mod: HP is shown in percentages
|teampreview
|join|Aloha
|join|kullhadd hekk
|leave|Aloha
|
|start
|switch|p1a: Tyranitar|Tyranitar, M|403\/403
|switch|p2a: Landorus-Therian|Landorus-Therian, M|382\/382
|-ability|p2a: Landorus-Therian|Intimidate|[of] p1a: Tyranitar
|-unboost|p1a: Tyranitar|atk|1
|-weather|Sandstorm
|turn|1
|
|move|p2a: Landorus-Therian|Earthquake|p1a: Tyranitar
|-supereffective|p1a: Tyranitar
|-damage|p1a: Tyranitar|133\/403
|move|p1a: Tyranitar|Stealth Rock|p2a: Landorus-Therian
|-sidestart|p2: Floppy|move: Stealth Rock
|
|-weather|Sandstorm|[upkeep]
|turn|2
|
|switch|p1a: Thundurus|Thundurus, M|299\/299
|move|p2a: Landorus-Therian|U-turn|p1a: Thundurus
|-resisted|p1a: Thundurus
|-damage|p1a: Thundurus|251\/299
|
|switch|p2a: Latias|Latias, F|302\/302
|-damage|p2a: Latias|265\/302|[from] Stealth Rock
|
|-weather|Sandstorm|[upkeep]
|-damage|p1a: Thundurus|233\/299|[from] sandstorm
|-damage|p2a: Latias|247\/302|[from] sandstorm
|turn|3
|
|move|p1a: Thundurus|Taunt|p2a: Latias
|-start|p2a: Latias|move: Taunt
|cant|p2a: Latias|move: Taunt|Defog
|
|-weather|Sandstorm|[upkeep]
|-damage|p1a: Thundurus|215\/299|[from] sandstorm
|-damage|p2a: Latias|229\/302|[from] sandstorm
|turn|4
|join|Hector's Planet
|c|âFloppy|you dog
|c|âFloppy|HMMMMMMMMMMMMMZ
|
|switch|p1a: Scizor|Scizor, F|287\/287
|move|p2a: Latias|Draco Meteor|p1a: Scizor
|-resisted|p1a: Scizor
|-damage|p1a: Scizor|113\/287
|-unboost|p2a: Latias|spa|2
|-damage|p2a: Latias|199\/302|[from] item: Life Orb
|
|-weather|Sandstorm|[upkeep]
|-damage|p2a: Latias|181\/302|[from] sandstorm
|turn|5
|
|switch|p2a: Landorus-Therian|Landorus-Therian, M|382\/382
|-damage|p2a: Landorus-Therian|335\/382|[from] Stealth Rock
|-ability|p2a: Landorus-Therian|Intimidate|[of] p1a: Scizor
|-unboost|p1a: Scizor|atk|1
|move|p1a: Scizor|U-turn|p2a: Landorus-Therian
|-resisted|p2a: Landorus-Therian
|-damage|p2a: Landorus-Therian|279\/382
|
|switch|p1a: Keldeo-Resolute|Keldeo-Resolute|323\/323
|
|-weather|none
|-heal|p2a: Landorus-Therian|302\/382|[from] item: Leftovers
|turn|6
|
|switch|p2a: Ninetales|Ninetales, M|350\/350
|-damage|p2a: Ninetales|263\/350|[from] Stealth Rock
|-weather|SunnyDay
|move|p1a: Keldeo-Resolute|Scald|p2a: Ninetales
|-supereffective|p2a: Ninetales
|-damage|p2a: Ninetales|167\/350
|
|-weather|SunnyDay|[upkeep]
|turn|7
|
|switch|p1a: Tyranitar|Tyranitar, M|133\/403
|-weather|Sandstorm
|switch|p2a: Latias|Latias, F|181\/302
|-damage|p2a: Latias|144\/302|[from] Stealth Rock
|
|-weather|Sandstorm|[upkeep]
|-damage|p2a: Latias|126\/302|[from] sandstorm
|turn|8
|
|move|p2a: Latias|Defog|p1a: Tyranitar
|-unboost|p1a: Tyranitar|evasion|1
|-sideend|p2: Floppy|Stealth Rock|[from] move: Defog|[of] p2a: Latias
|move|p1a: Tyranitar|Pursuit|p2a: Latias
|-supereffective|p2a: Latias
|-damage|p2a: Latias|0 fnt
|faint|p2a: Latias
|
|-weather|Sandstorm|[upkeep]
|
|switch|p2a: Landorus-Therian|Landorus-Therian, M|302\/382
|-ability|p2a: Landorus-Therian|Intimidate|[of] p1a: Tyranitar
|-unboost|p1a: Tyranitar|atk|1
|turn|9
|
|switch|p1a: Landorus|Landorus, M|319\/319
|move|p2a: Landorus-Therian|U-turn|p1a: Landorus
|-resisted|p1a: Landorus
|-damage|p1a: Landorus|274\/319
|
|switch|p2a: Gothitelle|Gothitelle, M|344\/344
|
|-weather|Sandstorm|[upkeep]
|-damage|p2a: Gothitelle|323\/344|[from] sandstorm
|turn|10
|
|move|p2a: Gothitelle|Psychic|p1a: Landorus
|-damage|p1a: Landorus|132\/319
|move|p1a: Landorus|Knock Off|p2a: Gothitelle
|-supereffective|p2a: Gothitelle
|-damage|p2a: Gothitelle|66\/344
|-enditem|p2a: Gothitelle|Choice Scarf|[from] move: Knock Off|[of] p1a: Landorus
|-damage|p1a: Landorus|101\/319|[from] item: Life Orb
|
|-weather|Sandstorm|[upkeep]
|-damage|p2a: Gothitelle|45\/344|[from] sandstorm
|turn|11
|
|move|p1a: Landorus|Psychic|p2a: Gothitelle
|-resisted|p2a: Gothitelle
|-damage|p2a: Gothitelle|0 fnt
|faint|p2a: Gothitelle
|
|-weather|none
|
|switch|p2a: Ninetales|Ninetales, M|167\/350
|-weather|SunnyDay
|turn|12
|
|switch|p2a: Landorus-Therian|Landorus-Therian, M|302\/382
|-ability|p2a: Landorus-Therian|Intimidate|[of] p1a: Landorus
|-unboost|p1a: Landorus|atk|1
|move|p1a: Landorus|Psychic|p2a: Landorus-Therian
|-damage|p2a: Landorus-Therian|77\/382
|
|-weather|SunnyDay|[upkeep]
|-heal|p2a: Landorus-Therian|100\/382|[from] item: Leftovers
|turn|13
|
|move|p1a: Landorus|Psychic|p2a: Landorus-Therian
|-damage|p2a: Landorus-Therian|0 fnt
|faint|p2a: Landorus-Therian
|
|-weather|SunnyDay|[upkeep]
|join|YOUsucke
|
|switch|p2a: Venusaur|Venusaur, F|302\/302
|turn|14
|
|switch|p1a: Venusaur|Venusaur, M|363\/363
|move|p2a: Venusaur|Giga Drain|p1a: Venusaur
|-crit|p1a: Venusaur
|-resisted|p1a: Venusaur
|-damage|p1a: Venusaur|303\/363
|-damage|p2a: Venusaur|272\/302|[from] item: Life Orb
|
|-weather|SunnyDay|[upkeep]
|turn|15
|
|detailschange|p1a: Venusaur|Venusaur-Mega, M
|message|Venusaur has Mega Evolved into Mega Venusaur!
|move|p2a: Venusaur|Sludge Bomb|p1a: Venusaur
|-damage|p1a: Venusaur|151\/363
|-damage|p2a: Venusaur|242\/302|[from] item: Life Orb
|move|p1a: Venusaur|Synthesis|p1a: Venusaur
|-heal|p1a: Venusaur|363\/363
|
|-weather|SunnyDay|[upkeep]
|turn|16
|
|switch|p2a: Charizard|Charizard, M|315\/315
|move|p1a: Venusaur|Sludge Bomb|p2a: Charizard
|-damage|p2a: Charizard|125\/315
|
|-weather|SunnyDay|[upkeep]
|turn|17
|
|switch|p1a: Scizor|Scizor, F|113\/287
|move|p2a: Charizard|Dragon Dance|p2a: Charizard
|-boost|p2a: Charizard|atk|1
|-boost|p2a: Charizard|spe|1
|
|-weather|SunnyDay|[upkeep]
|turn|18
|join|Ser1o
|leave|Ser1o
|
|detailschange|p2a: Charizard|Charizard-Mega-X, M
|message|Charizard has Mega Evolved into Mega Charizard!
|move|p1a: Scizor|Bullet Punch|p2a: Charizard
|-resisted|p2a: Charizard
|-damage|p2a: Charizard|39\/315
|move|p2a: Charizard|Earthquake|p1a: Scizor
|-damage|p1a: Scizor|0 fnt
|faint|p1a: Scizor
|
|-weather|SunnyDay|[upkeep]
|
|switch|p1a: Keldeo-Resolute|Keldeo-Resolute|323\/323
|turn|19
|
|switch|p2a: Venusaur|Venusaur, F|242\/302
|move|p1a: Keldeo-Resolute|Scald|p2a: Venusaur
|-resisted|p2a: Venusaur
|-damage|p2a: Venusaur|205\/302
|-status|p2a: Venusaur|brn
|
|-weather|none
|-damage|p2a: Venusaur|168\/302 brn|[from] brn
|turn|20
|
|switch|p1a: Venusaur|Venusaur-Mega, M|363\/363
|switch|p2a: Ninetales|Ninetales, M|167\/350
|-weather|SunnyDay
|
|-weather|SunnyDay|[upkeep]
|turn|21
|
|switch|p2a: Charizard|Charizard-Mega-X, M|39\/315
|move|p1a: Venusaur|Sludge Bomb|p2a: Charizard
|-damage|p2a: Charizard|0 fnt
|faint|p2a: Charizard
|
|-weather|SunnyDay|[upkeep]
|
|switch|p2a: Ninetales|Ninetales, M|167\/350
|turn|22
|leave|YOUsucke
|
|move|p2a: Ninetales|Flamethrower|p1a: Venusaur
|-supereffective|p1a: Venusaur
|-damage|p1a: Venusaur|259\/363
|move|p1a: Venusaur|Sludge Bomb|p2a: Ninetales
|-damage|p2a: Ninetales|58\/350
|-status|p2a: Ninetales|psn
|
|-weather|SunnyDay|[upkeep]
|-damage|p2a: Ninetales|15\/350 psn|[from] psn
|turn|23
|
|switch|p1a: Tyranitar|Tyranitar, M|133\/403
|-weather|Sandstorm
|move|p2a: Ninetales|Rest|p2a: Ninetales
|-status|p2a: Ninetales|slp
|-heal|p2a: Ninetales|350\/350 slp|[silent]
|-status|p2a: Ninetales|slp|[from] move: Rest
|
|-weather|Sandstorm|[upkeep]
|-damage|p2a: Ninetales|329\/350 slp|[from] sandstorm
|turn|24
|
|switch|p2a: Venusaur|Venusaur, F|168\/302 brn
|move|p1a: Tyranitar|Stone Edge|p2a: Venusaur
|-damage|p2a: Venusaur|0 fnt
|faint|p2a: Venusaur
|
|-weather|Sandstorm|[upkeep]
|c|âFloppy|gg
|
|switch|p2a: Ninetales|Ninetales, M|329\/350 slp
|-weather|SunnyDay
|turn|25
|c|âDennisEG|gg
|
|cant|p2a: Ninetales|slp
|move|p2a: Ninetales|Sleep Talk|p2a: Ninetales
|move|p2a: Ninetales|Flamethrower|p1a: Tyranitar|[from]Sleep Talk
|-resisted|p1a: Tyranitar
|-damage|p1a: Tyranitar|80\/403
|move|p1a: Tyranitar|Stone Edge|p2a: Ninetales|[miss]
|-miss|p1a: Tyranitar|p2a: Ninetales
|
|-weather|SunnyDay|[upkeep]
|turn|26
|join|srk1214
|leave|srk1214
|c|âFloppy|but
|c|âFloppy|but wait
|
|cant|p2a: Ninetales|slp
|move|p2a: Ninetales|Sleep Talk|p2a: Ninetales
|move|p2a: Ninetales|Roar|p1a: Tyranitar|[from]Sleep Talk
|drag|p1a: Venusaur|Venusaur-Mega, M|259\/363
|
|-weather|SunnyDay|[upkeep]
|turn|27
|c|âFloppy|theres more!
|join|Moony
|
|switch|p1a: Tyranitar|Tyranitar, M|80\/403
|-weather|Sandstorm
|-curestatus|p2a: Ninetales|slp
|move|p2a: Ninetales|Flamethrower|p1a: Tyranitar
|-resisted|p1a: Tyranitar
|-damage|p1a: Tyranitar|56\/403
|
|-weather|Sandstorm|[upkeep]
|-damage|p2a: Ninetales|308\/350|[from] sandstorm
|turn|28
|leave|Moony
|c|âFloppy|ah
|c|âFloppy|i thought there was more
|
|move|p2a: Ninetales|Flamethrower|p1a: Tyranitar
|-resisted|p1a: Tyranitar
|-damage|p1a: Tyranitar|30\/403
|move|p1a: Tyranitar|Stone Edge|p2a: Ninetales|[miss]
|-miss|p1a: Tyranitar|p2a: Ninetales
|
|-weather|Sandstorm|[upkeep]
|-damage|p2a: Ninetales|287\/350|[from] sandstorm
|turn|29
|
|move|p2a: Ninetales|Flamethrower|p1a: Tyranitar
|-resisted|p1a: Tyranitar
|-damage|p1a: Tyranitar|4\/403
|move|p1a: Tyranitar|Stone Edge|p2a: Ninetales
|-supereffective|p2a: Ninetales
|-damage|p2a: Ninetales|0 fnt
|faint|p2a: Ninetales
|
|win|DennisEG
|leave|DennisEG
|player|p1
|leave|Floppy
|player|p2
|leave|Hector's Planet