|inactive|Battle timer is ON: inactive players will automatically lose when time's up.
|J|DennisEG
|J|Laurel
|player|p1|DennisEG|76
|player|p2|Laurel|224
|gametype|singles
|gen|6
|tier|OU
|clearpoke
|poke|p1|Mesprit
|poke|p1|Basculin, F
|poke|p1|Girafarig, M
|poke|p1|Ferrothorn, F
|poke|p1|Furret, F
|poke|p1|Meowstic, M
|poke|p2|Flareon, M
|poke|p2|Exploud, F
|poke|p2|Starmie
|poke|p2|Gourgeist-*, F
|poke|p2|Unfezant, F
|poke|p2|Butterfree, F
|rule|Swagger Clause: Swagger is banned
|rule|Baton Pass Clause: Limit one PokÃ©mon knowing Baton Pass
|rule|Sleep Clause Mod: Limit one foe put to sleep
|rule|Species Clause: Limit one of each PokÃ©mon
|rule|OHKO Clause: OHKO moves are banned
|rule|Moody Clause: Moody is banned
|rule|Evasion Moves Clause: Evasion moves are banned
|rule|Endless Battle Clause: Forcing endless battles is banned
|rule|HP Percentage Mod: HP is shown in percentages
|teampreview
|c|âLaurel|damn
|c|âLaurel|you got fucked
|c|âLaurel|didn't even look at your mons.
|c|âDennisEG|lol
|c|âDennisEG|yeah
|J|Hot N Cold
|J|spec m
|L|Hot N Cold
|J|sugarhigh
|J|GuglioM
|J|CrashinBoomBang
|J|Mistaken
|
|start
|switch|p1a: Furret|Furret, F|311\/311
|switch|p2a: Exploud|Exploud, F|349\/349
|-item|p2a: Exploud|Choice Specs|[from] ability: Frisk|[of] p1a: Furret|[identify]
|turn|1
|L|Mistaken
|J|Celsius
|
|move|p1a: Furret|Double-Edge|p2a: Exploud
|-damage|p2a: Exploud|96\/349
|-damage|p1a: Furret|228\/311|[from] recoil|[of] p2a: Exploud
|move|p2a: Exploud|Boomburst|p1a: Furret
|-damage|p1a: Furret|0 fnt
|faint|p1a: Furret
|
|J|WhiteQueen
|J|dodmen
|L|Celsius
|J|Bowlii
|L|Bowlii
|J|FlamingVictini PB
|
|switch|p1a: Ferrothorn|Ferrothorn, F|351\/351
|turn|2
|
|switch|p2a: Flareon|Flareon, M|333\/333
|move|p1a: Ferrothorn|Protect|p1a: Ferrothorn
|-fail|p1a: Ferrothorn
|
|-status|p2a: Flareon|tox|[from] item: Toxic Orb
|turn|3
|J|GGamer745
|J|consecutio
|
|switch|p1a: Meowstic|Meowstic, M|351\/351
|move|p2a: Flareon|Superpower|p1a: Meowstic
|-resisted|p1a: Meowstic
|-damage|p1a: Meowstic|259\/351
|-unboost|p2a: Flareon|atk|1
|-unboost|p2a: Flareon|def|1
|
|-heal|p1a: Meowstic|280\/351|[from] item: Leftovers
|-damage|p2a: Flareon|313\/333 tox|[from] psn
|turn|4
|J|Leftiez
|L|Leftiez
|
|move|p1a: Meowstic|Psychic|p2a: Flareon
|-damage|p2a: Flareon|226\/333 tox
|move|p2a: Flareon|Flare Blitz|p1a: Meowstic
|-damage|p1a: Meowstic|90\/351
|-damage|p2a: Flareon|163\/333 tox|[from] recoil|[of] p1a: Meowstic
|
|-heal|p1a: Meowstic|111\/351|[from] item: Leftovers
|-damage|p2a: Flareon|123\/333 tox|[from] psn
|turn|5
|J|Inflikted
|J|Galbano
|
|switch|p2a: Starmie|Starmie|261\/261
|move|p1a: Meowstic|Rest|p1a: Meowstic
|-status|p1a: Meowstic|slp
|-heal|p1a: Meowstic|351\/351 slp|[silent]
|-status|p1a: Meowstic|slp|[from] move: Rest
|
|turn|6
|J|gyarad0site
|L|GGamer745
|
|switch|p2a: Exploud|Exploud, F|96\/349
|switch|p1a: Ferrothorn|Ferrothorn, F|351\/351
|
|turn|7
|
|move|p1a: Ferrothorn|Protect|p1a: Ferrothorn
|-singleturn|p1a: Ferrothorn|Protect
|move|p2a: Exploud|Flamethrower|p1a: Ferrothorn
|-activate|p1a: Ferrothorn|Protect
|
|turn|8
|
|switch|p1a: Mesprit|Mesprit|301\/301
|move|p2a: Exploud|Flamethrower|p1a: Mesprit
|-damage|p1a: Mesprit|173\/301
|
|turn|9
|
|switch|p2a: Gourgeist-Super|Gourgeist-Super, F|374\/374
|-item|p1a: Mesprit|Life Orb|[from] ability: Frisk|[of] p2a: Gourgeist-Super|[identify]
|move|p1a: Mesprit|Thunderbolt|p2a: Gourgeist-Super
|-resisted|p2a: Gourgeist-Super
|-damage|p2a: Gourgeist-Super|299\/374
|-damage|p1a: Mesprit|143\/301|[from] item: Life Orb
|
|-heal|p2a: Gourgeist-Super|322\/374|[from] item: Leftovers
|turn|10
|
|switch|p2a: Starmie|Starmie|261\/261
|move|p1a: Mesprit|Ice Beam|p2a: Starmie
|-resisted|p2a: Starmie
|-damage|p2a: Starmie|195\/261
|-damage|p1a: Mesprit|113\/301|[from] item: Life Orb
|
|turn|11
|J|Magnus42
|L|sugarhigh
|
|switch|p1a: Ferrothorn|Ferrothorn, F|351\/351
|move|p2a: Starmie|Hydro Pump|p1a: Ferrothorn
|-resisted|p1a: Ferrothorn
|-damage|p1a: Ferrothorn|280\/351
|-damage|p2a: Starmie|169\/261|[from] item: Life Orb
|
|-heal|p1a: Ferrothorn|301\/351|[from] item: Leftovers
|turn|12
|J|Frochtejoghurt
|J|DM35
|J|yuy
|
|switch|p2a: Gourgeist-Super|Gourgeist-Super, F|322\/374
|-item|p1a: Ferrothorn|Leftovers|[from] ability: Frisk|[of] p2a: Gourgeist-Super|[identify]
|move|p1a: Ferrothorn|Stealth Rock|p2a: Gourgeist-Super
|-sidestart|p2: Laurel|move: Stealth Rock
|
|-heal|p2a: Gourgeist-Super|345\/374|[from] item: Leftovers
|-heal|p1a: Ferrothorn|322\/351|[from] item: Leftovers
|turn|13
|
|switch|p1a: Meowstic|Meowstic, M|351\/351 slp
|move|p2a: Gourgeist-Super|Substitute|p2a: Gourgeist-Super
|-start|p2a: Gourgeist-Super|Substitute
|-damage|p2a: Gourgeist-Super|252\/374
|
|-heal|p2a: Gourgeist-Super|275\/374|[from] item: Leftovers
|turn|14
|L|gyarad0site
|
|cant|p1a: Meowstic|slp
|move|p1a: Meowstic|Sleep Talk|p1a: Meowstic
|move|p1a: Meowstic|Rest|p1a: Meowstic|[from]Sleep Talk
|-fail|p1a: Meowstic
|move|p2a: Gourgeist-Super|Leech Seed|p1a: Meowstic
|-start|p1a: Meowstic|move: Leech Seed
|
|-heal|p2a: Gourgeist-Super|298\/374|[from] item: Leftovers
|-damage|p1a: Meowstic|308\/351 slp|[from] Leech Seed|[of] p2a: Gourgeist-Super
|-heal|p2a: Gourgeist-Super|341\/374|[silent]
|turn|15
|
|cant|p1a: Meowstic|slp
|move|p1a: Meowstic|Sleep Talk|p1a: Meowstic
|move|p1a: Meowstic|Psychic|p2a: Gourgeist-Super|[from]Sleep Talk
|-end|p2a: Gourgeist-Super|Substitute
|move|p2a: Gourgeist-Super|Seed Bomb|p1a: Meowstic
|-damage|p1a: Meowstic|220\/351 slp
|
|-heal|p1a: Meowstic|241\/351 slp|[from] item: Leftovers
|-heal|p2a: Gourgeist-Super|364\/374|[from] item: Leftovers
|-damage|p1a: Meowstic|198\/351 slp|[from] Leech Seed|[of] p2a: Gourgeist-Super
|-heal|p2a: Gourgeist-Super|374\/374|[silent]
|turn|16
|
|switch|p1a: Girafarig|Girafarig, M|343\/343
|move|p2a: Gourgeist-Super|Substitute|p2a: Gourgeist-Super
|-start|p2a: Gourgeist-Super|Substitute
|-damage|p2a: Gourgeist-Super|281\/374
|
|-heal|p2a: Gourgeist-Super|304\/374|[from] item: Leftovers
|turn|17
|
|move|p1a: Girafarig|Nasty Plot|p1a: Girafarig
|-boost|p1a: Girafarig|spa|2
|move|p2a: Gourgeist-Super|Will-O-Wisp|p1a: Girafarig
|-status|p1a: Girafarig|brn
|
|-heal|p2a: Gourgeist-Super|327\/374|[from] item: Leftovers
|-damage|p1a: Girafarig|301\/343 brn|[from] brn
|turn|18
|L|Frochtejoghurt
|
|move|p1a: Girafarig|Agility|p1a: Girafarig
|-boost|p1a: Girafarig|spe|2
|move|p2a: Gourgeist-Super|Leech Seed|p1a: Girafarig
|-boost|p1a: Girafarig|atk|1|[from] ability: Sap Sipper
|
|-heal|p1a: Girafarig|322\/343 brn|[from] item: Leftovers
|-heal|p2a: Gourgeist-Super|350\/374|[from] item: Leftovers
|-damage|p1a: Girafarig|280\/343 brn|[from] brn
|turn|19
|J|L0NE
|
|move|p1a: Girafarig|Psychic|p2a: Gourgeist-Super
|-end|p2a: Gourgeist-Super|Substitute
|move|p2a: Gourgeist-Super|Seed Bomb|p1a: Girafarig
|-boost|p1a: Girafarig|atk|1|[from] ability: Sap Sipper
|
|-heal|p1a: Girafarig|301\/343 brn|[from] item: Leftovers
|-heal|p2a: Gourgeist-Super|373\/374|[from] item: Leftovers
|-damage|p1a: Girafarig|259\/343 brn|[from] brn
|turn|20
|c|+FlamingVictini PB|white herb shell smash??????
|
|move|p1a: Girafarig|Psychic|p2a: Gourgeist-Super
|-damage|p2a: Gourgeist-Super|0 fnt
|faint|p2a: Gourgeist-Super
|
|-heal|p1a: Girafarig|280\/343 brn|[from] item: Leftovers
|-damage|p1a: Girafarig|238\/343 brn|[from] brn
|c|âDennisEG|?
|
|switch|p2a: Starmie|Starmie|169\/261
|-damage|p2a: Starmie|137\/261|[from] Stealth Rock
|turn|21
|
|move|p1a: Girafarig|Thunderbolt|p2a: Starmie
|-supereffective|p2a: Starmie
|-damage|p2a: Starmie|0 fnt
|faint|p2a: Starmie
|
|-heal|p1a: Girafarig|259\/343 brn|[from] item: Leftovers
|-damage|p1a: Girafarig|217\/343 brn|[from] brn
|c|+FlamingVictini PB|tis a joke because you're +2 +2 +2
|
|switch|p2a: Flareon|Flareon, M|123\/333 tox
|-damage|p2a: Flareon|40\/333 tox|[from] Stealth Rock
|turn|22
|c|âDennisEG|np + agility + sap sipper
|
|move|p2a: Flareon|Quick Attack|p1a: Girafarig
|-damage|p1a: Girafarig|104\/343 brn
|move|p1a: Girafarig|Psychic|p2a: Flareon
|-damage|p2a: Flareon|0 fnt
|faint|p2a: Flareon
|
|-heal|p1a: Girafarig|125\/343 brn|[from] item: Leftovers
|-damage|p1a: Girafarig|83\/343 brn|[from] brn
|c|+FlamingVictini PB|ik
|J|DerSweeper
|
|switch|p2a: Unfezant|Unfezant, F|301\/301
|-damage|p2a: Unfezant|226\/301|[from] Stealth Rock
|turn|23
|
|move|p1a: Girafarig|Psychic|p2a: Unfezant
|-damage|p2a: Unfezant|0 fnt
|faint|p2a: Unfezant
|
|-heal|p1a: Girafarig|104\/343 brn|[from] item: Leftovers
|-damage|p1a: Girafarig|62\/343 brn|[from] brn
|
|switch|p2a: Butterfree|Butterfree, F|262\/262
|-damage|p2a: Butterfree|131\/262|[from] Stealth Rock
|turn|24
|
|move|p1a: Girafarig|Psychic|p2a: Butterfree
|-damage|p2a: Butterfree|0 fnt
|faint|p2a: Butterfree
|
|-heal|p1a: Girafarig|83\/343 brn|[from] item: Leftovers
|-damage|p1a: Girafarig|41\/343 brn|[from] brn
|c|âLaurel|gg
|c|âDennisEG|gg 
|c|âLaurel|made team in
|c|âLaurel|15 seconds
|c|âLaurel|o well
|c|âLaurel|bop
|
|switch|p2a: Exploud|Exploud, F|96\/349
|-damage|p2a: Exploud|53\/349|[from] Stealth Rock
|turn|25
|
|move|p1a: Girafarig|Psychic|p2a: Exploud
|-damage|p2a: Exploud|0 fnt
|faint|p2a: Exploud
|
|win|DennisEG
|c|âLaurel|gl in rest
|L|Laurel
|player|p2
|c|âDennisEG|ty