|J|DennisEG
|J|Drowsy Cheesecake
|player|p1|DennisEG|76
|player|p2|Drowsy Cheesecake|167
|gametype|singles
|gen|6
|tier|OU
|clearpoke
|poke|p1|Weavile, F
|poke|p1|Heatran, M
|poke|p1|Altaria, F
|poke|p1|Suicune
|poke|p1|Latios, M
|poke|p1|Landorus-Therian, M
|poke|p2|Venusaur, F, shiny
|poke|p2|Mew, shiny
|poke|p2|Heatran, F, shiny
|poke|p2|Tyranitar, F, shiny
|poke|p2|Clefable, M, shiny
|poke|p2|Manaphy, shiny
|rule|Swagger Clause: Swagger is banned
|rule|Baton Pass Clause: Limit one PokÃ©mon knowing Baton Pass
|rule|Sleep Clause Mod: Limit one foe put to sleep
|rule|Species Clause: Limit one of each PokÃ©mon
|rule|OHKO Clause: OHKO moves are banned
|rule|Moody Clause: Moody is banned
|rule|Evasion Moves Clause: Evasion moves are banned
|rule|Endless Battle Clause: Forcing endless battles is banned
|rule|HP Percentage Mod: HP is shown in percentages
|teampreview
|J|Cronenberg
|
|start
|switch|p1a: Landorus-Therian|Landorus-Therian, M|325\/325
|switch|p2a: Heatran|Heatran, F, shiny|386\/386
|-ability|p1a: Landorus-Therian|Intimidate|[of] p2a: Heatran
|-unboost|p2a: Heatran|atk|1
|turn|1
|
|switch|p2a: Venusaur|Venusaur, F, shiny|364\/364
|move|p1a: Landorus-Therian|Earthquake|p2a: Venusaur
|-damage|p2a: Venusaur|202\/364
|
|turn|2
|
|switch|p1a: Heatran|Heatran, M|380\/380
|move|p2a: Venusaur|Synthesis|p2a: Venusaur
|-heal|p2a: Venusaur|364\/364
|
|turn|3
|
|switch|p2a: Manaphy|Manaphy, shiny|404\/404
|move|p1a: Heatran|Stealth Rock|p2a: Manaphy
|-sidestart|p2: Drowsy Cheesecake|move: Stealth Rock
|
|turn|4
|
|move|p2a: Manaphy|Scald|p1a: Heatran
|-supereffective|p1a: Heatran
|-damage|p1a: Heatran|240\/380
|move|p1a: Heatran|Taunt|p2a: Manaphy
|-start|p2a: Manaphy|move: Taunt
|
|-heal|p1a: Heatran|263\/380|[from] item: Leftovers
|turn|5
|J|El Didi
|L|El Didi
|
|switch|p1a: Latios|Latios, M|301\/301
|move|p2a: Manaphy|Scald|p1a: Latios
|-resisted|p1a: Latios
|-damage|p1a: Latios|260\/301
|
|turn|6
|
|switch|p1a: Landorus-Therian|Landorus-Therian, M|325\/325
|-ability|p1a: Landorus-Therian|Intimidate|[of] p2a: Manaphy
|-unboost|p2a: Manaphy|atk|1
|switch|p2a: Heatran|Heatran, F, shiny|386\/386
|-damage|p2a: Heatran|338\/386|[from] Stealth Rock
|
|-heal|p2a: Heatran|362\/386|[from] item: Leftovers
|turn|7
|
|switch|p2a: Venusaur|Venusaur, F, shiny|364\/364
|-damage|p2a: Venusaur|319\/364|[from] Stealth Rock
|move|p1a: Landorus-Therian|Earthquake|p2a: Venusaur
|-damage|p2a: Venusaur|171\/364
|
|turn|8
|
|detailschange|p2a: Venusaur|Venusaur-Mega, F, shiny
|-mega|p2a: Venusaur|Venusaur|Venusaurite
|move|p1a: Landorus-Therian|Earthquake|p2a: Venusaur
|-damage|p2a: Venusaur|60\/364
|move|p2a: Venusaur|Synthesis|p2a: Venusaur
|-heal|p2a: Venusaur|242\/364
|
|turn|9
|
|switch|p1a: Heatran|Heatran, M|263\/380
|move|p2a: Venusaur|Synthesis|p2a: Venusaur
|-heal|p2a: Venusaur|364\/364
|
|-heal|p1a: Heatran|286\/380|[from] item: Leftovers
|turn|10
|
|switch|p1a: Weavile|Weavile, F|281\/281
|switch|p2a: Heatran|Heatran, F, shiny|362\/386
|-damage|p2a: Heatran|314\/386|[from] Stealth Rock
|
|-heal|p2a: Heatran|338\/386|[from] item: Leftovers
|turn|11
|
|switch|p1a: Suicune|Suicune|403\/403
|-ability|p1a: Suicune|Pressure
|move|p2a: Heatran|Stealth Rock|p1a: Suicune
|-sidestart|p1: DennisEG|move: Stealth Rock
|
|-heal|p2a: Heatran|362\/386|[from] item: Leftovers
|turn|12
|
|switch|p2a: Clefable|Clefable, M, shiny|393\/393
|-damage|p2a: Clefable|344\/393|[from] Stealth Rock
|move|p1a: Suicune|Scald|p2a: Clefable
|-damage|p2a: Clefable|247\/393
|
|-heal|p2a: Clefable|271\/393|[from] item: Leftovers
|turn|13
|
|move|p1a: Suicune|Scald|p2a: Clefable
|-damage|p2a: Clefable|183\/393
|move|p2a: Clefable|Moonblast|p1a: Suicune
|-damage|p1a: Suicune|307\/403
|
|-heal|p1a: Suicune|332\/403|[from] item: Leftovers
|-heal|p2a: Clefable|207\/393|[from] item: Leftovers
|turn|14
|
|switch|p1a: Heatran|Heatran, M|286\/380
|-damage|p1a: Heatran|239\/380|[from] Stealth Rock
|move|p2a: Clefable|Calm Mind|p2a: Clefable
|-boost|p2a: Clefable|spa|1
|-boost|p2a: Clefable|spd|1
|
|-heal|p1a: Heatran|262\/380|[from] item: Leftovers
|-heal|p2a: Clefable|231\/393|[from] item: Leftovers
|turn|15
|
|switch|p2a: Manaphy|Manaphy, shiny|404\/404
|-damage|p2a: Manaphy|354\/404|[from] Stealth Rock
|move|p1a: Heatran|Toxic|p2a: Manaphy
|-status|p2a: Manaphy|tox
|
|-heal|p2a: Manaphy|379\/404 tox|[from] item: Leftovers
|-heal|p1a: Heatran|285\/380|[from] item: Leftovers
|-damage|p2a: Manaphy|354\/404 tox|[from] psn
|turn|16
|
|switch|p1a: Latios|Latios, M|260\/301
|-damage|p1a: Latios|223\/301|[from] Stealth Rock
|move|p2a: Manaphy|Scald|p1a: Latios
|-resisted|p1a: Latios
|-damage|p1a: Latios|183\/301
|
|-heal|p2a: Manaphy|379\/404 tox|[from] item: Leftovers
|-damage|p2a: Manaphy|329\/404 tox|[from] psn
|turn|17
|
|switch|p2a: Heatran|Heatran, F, shiny|362\/386
|-damage|p2a: Heatran|314\/386|[from] Stealth Rock
|move|p1a: Latios|Draco Meteor|p2a: Heatran
|-resisted|p2a: Heatran
|-damage|p2a: Heatran|205\/386
|-unboost|p1a: Latios|spa|2
|-damage|p1a: Latios|153\/301|[from] item: Life Orb
|
|-heal|p2a: Heatran|229\/386|[from] item: Leftovers
|turn|18
|
|switch|p1a: Heatran|Heatran, M|285\/380
|-damage|p1a: Heatran|238\/380|[from] Stealth Rock
|move|p2a: Heatran|Toxic|p1a: Heatran
|-fail|p1a: Heatran
|
|-heal|p1a: Heatran|261\/380|[from] item: Leftovers
|-heal|p2a: Heatran|253\/386|[from] item: Leftovers
|turn|19
|J|reachzero
|
|switch|p2a: Manaphy|Manaphy, shiny|329\/404 tox
|-damage|p2a: Manaphy|279\/404 tox|[from] Stealth Rock
|move|p1a: Heatran|Taunt|p2a: Manaphy
|-start|p2a: Manaphy|move: Taunt
|
|-heal|p2a: Manaphy|304\/404 tox|[from] item: Leftovers
|-heal|p1a: Heatran|284\/380|[from] item: Leftovers
|-damage|p2a: Manaphy|279\/404 tox|[from] psn
|turn|20
|
|switch|p1a: Suicune|Suicune|332\/403
|-damage|p1a: Suicune|282\/403|[from] Stealth Rock
|-ability|p1a: Suicune|Pressure
|move|p2a: Manaphy|Scald|p1a: Suicune
|-resisted|p1a: Suicune
|-damage|p1a: Suicune|237\/403
|
|-heal|p2a: Manaphy|304\/404 tox|[from] item: Leftovers
|-heal|p1a: Suicune|262\/403|[from] item: Leftovers
|-damage|p2a: Manaphy|254\/404 tox|[from] psn
|turn|21
|
|switch|p2a: Clefable|Clefable, M, shiny|231\/393
|-damage|p2a: Clefable|182\/393|[from] Stealth Rock
|move|p1a: Suicune|Scald|p2a: Clefable
|-damage|p2a: Clefable|92\/393
|
|-heal|p1a: Suicune|287\/403|[from] item: Leftovers
|-heal|p2a: Clefable|116\/393|[from] item: Leftovers
|turn|22
|
|move|p1a: Suicune|Scald|p2a: Clefable
|-damage|p2a: Clefable|23\/393
|-status|p2a: Clefable|brn
|move|p2a: Clefable|Rest|p2a: Clefable
|-status|p2a: Clefable|slp
|-heal|p2a: Clefable|393\/393 slp|[silent]
|-status|p2a: Clefable|slp|[from] move: Rest
|
|-heal|p1a: Suicune|312\/403|[from] item: Leftovers
|turn|23
|
|switch|p1a: Heatran|Heatran, M|284\/380
|-damage|p1a: Heatran|237\/380|[from] Stealth Rock
|switch|p2a: Manaphy|Manaphy, shiny|254\/404 tox
|-damage|p2a: Manaphy|204\/404 tox|[from] Stealth Rock
|
|-heal|p2a: Manaphy|229\/404 tox|[from] item: Leftovers
|-heal|p1a: Heatran|260\/380|[from] item: Leftovers
|-damage|p2a: Manaphy|204\/404 tox|[from] psn
|turn|24
|
|move|p2a: Manaphy|Rain Dance|p2a: Manaphy
|-weather|RainDance
|move|p1a: Heatran|Taunt|p2a: Manaphy
|-start|p2a: Manaphy|move: Taunt
|
|-weather|RainDance|[upkeep]
|-curestatus|p2a: Manaphy|tox
|-heal|p2a: Manaphy|229\/404|[from] item: Leftovers
|-heal|p1a: Heatran|283\/380|[from] item: Leftovers
|turn|25
|
|switch|p1a: Latios|Latios, M|153\/301
|-damage|p1a: Latios|116\/301|[from] Stealth Rock
|move|p2a: Manaphy|Scald|p1a: Latios
|-resisted|p1a: Latios
|-damage|p1a: Latios|53\/301
|-status|p1a: Latios|brn
|
|-weather|RainDance|[upkeep]
|-heal|p2a: Manaphy|254\/404|[from] item: Leftovers
|-damage|p1a: Latios|16\/301 brn|[from] brn
|turn|26
|
|switch|p2a: Tyranitar|Tyranitar, F, shiny|342\/342
|-damage|p2a: Tyranitar|300\/342|[from] Stealth Rock
|-weather|Sandstorm
|move|p1a: Latios|Draco Meteor|p2a: Tyranitar
|-damage|p2a: Tyranitar|96\/342
|-unboost|p1a: Latios|spa|2
|-damage|p1a: Latios|0 fnt|[from] item: Life Orb
|faint|p1a: Latios
|
|-weather|Sandstorm|[upkeep]
|
|switch|p1a: Landorus-Therian|Landorus-Therian, M|325\/325
|-damage|p1a: Landorus-Therian|285\/325|[from] Stealth Rock
|-ability|p1a: Landorus-Therian|Intimidate|[of] p2a: Tyranitar
|-unboost|p2a: Tyranitar|atk|1
|turn|27
|
|move|p1a: Landorus-Therian|U-turn|p2a: Tyranitar
|-supereffective|p2a: Tyranitar
|-damage|p2a: Tyranitar|0 fnt
|faint|p2a: Tyranitar
|
|switch|p1a: Altaria|Altaria, F|347\/347
|-damage|p1a: Altaria|261\/347|[from] Stealth Rock
|
|-weather|Sandstorm|[upkeep]
|-damage|p1a: Altaria|240\/347|[from] sandstorm
|
|switch|p2a: Venusaur|Venusaur-Mega, F, shiny|364\/364
|-damage|p2a: Venusaur|319\/364|[from] Stealth Rock
|turn|28
|
|switch|p1a: Heatran|Heatran, M|283\/380
|-damage|p1a: Heatran|236\/380|[from] Stealth Rock
|move|p2a: Venusaur|Sludge Bomb|p1a: Heatran
|-immune|p1a: Heatran|[msg]
|
|-weather|Sandstorm|[upkeep]
|-damage|p2a: Venusaur|297\/364|[from] sandstorm
|-heal|p1a: Heatran|259\/380|[from] item: Leftovers
|turn|29
|
|switch|p2a: Heatran|Heatran, F, shiny|253\/386
|-damage|p2a: Heatran|205\/386|[from] Stealth Rock
|move|p1a: Heatran|Toxic|p2a: Heatran
|-fail|p2a: Heatran
|
|-weather|Sandstorm|[upkeep]
|-heal|p1a: Heatran|282\/380|[from] item: Leftovers
|-heal|p2a: Heatran|229\/386|[from] item: Leftovers
|turn|30
|
|move|p1a: Heatran|Taunt|p2a: Heatran
|-start|p2a: Heatran|move: Taunt
|cant|p2a: Heatran|move: Taunt|Toxic
|
|-weather|none
|-heal|p1a: Heatran|305\/380|[from] item: Leftovers
|-heal|p2a: Heatran|253\/386|[from] item: Leftovers
|turn|31
|
|switch|p2a: Manaphy|Manaphy, shiny|254\/404
|-damage|p2a: Manaphy|204\/404|[from] Stealth Rock
|move|p1a: Heatran|Toxic|p2a: Manaphy
|-status|p2a: Manaphy|tox
|
|-heal|p2a: Manaphy|229\/404 tox|[from] item: Leftovers
|-heal|p1a: Heatran|328\/380|[from] item: Leftovers
|-damage|p2a: Manaphy|204\/404 tox|[from] psn
|turn|32
|
|move|p2a: Manaphy|Rain Dance|p2a: Manaphy
|-weather|RainDance
|move|p1a: Heatran|Taunt|p2a: Manaphy
|-start|p2a: Manaphy|move: Taunt
|
|-weather|RainDance|[upkeep]
|-curestatus|p2a: Manaphy|tox
|-heal|p2a: Manaphy|229\/404|[from] item: Leftovers
|-heal|p1a: Heatran|351\/380|[from] item: Leftovers
|turn|33
|
|switch|p1a: Suicune|Suicune|312\/403
|-damage|p1a: Suicune|262\/403|[from] Stealth Rock
|-ability|p1a: Suicune|Pressure
|move|p2a: Manaphy|Scald|p1a: Suicune
|-resisted|p1a: Suicune
|-damage|p1a: Suicune|202\/403
|
|-weather|RainDance|[upkeep]
|-heal|p2a: Manaphy|254\/404|[from] item: Leftovers
|-heal|p1a: Suicune|227\/403|[from] item: Leftovers
|turn|34
|
|switch|p2a: Clefable|Clefable, M, shiny|393\/393 slp
|-damage|p2a: Clefable|344\/393 slp|[from] Stealth Rock
|move|p1a: Suicune|Scald|p2a: Clefable
|-damage|p2a: Clefable|203\/393 slp
|
|-weather|RainDance|[upkeep]
|-heal|p1a: Suicune|252\/403|[from] item: Leftovers
|-heal|p2a: Clefable|227\/393 slp|[from] item: Leftovers
|turn|35
|
|move|p1a: Suicune|Scald|p2a: Clefable
|-damage|p2a: Clefable|86\/393 slp
|cant|p2a: Clefable|slp
|move|p2a: Clefable|Sleep Talk|p2a: Clefable
|move|p2a: Clefable|Rest|p2a: Clefable|[from]Sleep Talk
|-fail|p2a: Clefable
|
|-weather|RainDance|[upkeep]
|-heal|p1a: Suicune|277\/403|[from] item: Leftovers
|-heal|p2a: Clefable|110\/393 slp|[from] item: Leftovers
|turn|36
|
|switch|p2a: Venusaur|Venusaur-Mega, F, shiny|297\/364
|-damage|p2a: Venusaur|252\/364|[from] Stealth Rock
|move|p1a: Suicune|Scald|p2a: Venusaur
|-resisted|p2a: Venusaur
|-damage|p2a: Venusaur|201\/364
|
|-weather|none
|-heal|p1a: Suicune|302\/403|[from] item: Leftovers
|turn|37
|
|move|p1a: Suicune|Scald|p2a: Venusaur
|-resisted|p2a: Venusaur
|-damage|p2a: Venusaur|165\/364
|-status|p2a: Venusaur|brn
|move|p2a: Venusaur|Synthesis|p2a: Venusaur
|-heal|p2a: Venusaur|347\/364 brn
|
|-heal|p1a: Suicune|327\/403|[from] item: Leftovers
|-damage|p2a: Venusaur|302\/364 brn|[from] brn
|turn|38
|
|switch|p1a: Heatran|Heatran, M|351\/380
|-damage|p1a: Heatran|304\/380|[from] Stealth Rock
|switch|p2a: Manaphy|Manaphy, shiny|254\/404
|-damage|p2a: Manaphy|204\/404|[from] Stealth Rock
|
|-heal|p2a: Manaphy|229\/404|[from] item: Leftovers
|-heal|p1a: Heatran|327\/380|[from] item: Leftovers
|turn|39
|
|move|p2a: Manaphy|Scald|p1a: Heatran
|-supereffective|p1a: Heatran
|-damage|p1a: Heatran|187\/380
|move|p1a: Heatran|Taunt|p2a: Manaphy
|-start|p2a: Manaphy|move: Taunt
|
|-heal|p2a: Manaphy|254\/404|[from] item: Leftovers
|-heal|p1a: Heatran|210\/380|[from] item: Leftovers
|turn|40
|
|switch|p1a: Suicune|Suicune|327\/403
|-damage|p1a: Suicune|277\/403|[from] Stealth Rock
|-ability|p1a: Suicune|Pressure
|move|p2a: Manaphy|Scald|p1a: Suicune
|-resisted|p1a: Suicune
|-damage|p1a: Suicune|237\/403
|
|-heal|p2a: Manaphy|279\/404|[from] item: Leftovers
|-heal|p1a: Suicune|262\/403|[from] item: Leftovers
|turn|41
|
|switch|p2a: Mew|Mew, shiny|404\/404
|-damage|p2a: Mew|354\/404|[from] Stealth Rock
|move|p1a: Suicune|Calm Mind|p1a: Suicune
|-boost|p1a: Suicune|spa|1
|-boost|p1a: Suicune|spd|1
|
|-heal|p2a: Mew|379\/404|[from] item: Leftovers
|-heal|p1a: Suicune|287\/403|[from] item: Leftovers
|turn|42
|
|move|p2a: Mew|Knock Off|p1a: Suicune
|-damage|p1a: Suicune|238\/403
|-enditem|p1a: Suicune|Leftovers|[from] move: Knock Off|[of] p2a: Mew
|move|p1a: Suicune|Scald|p2a: Mew
|-damage|p2a: Mew|238\/404
|
|-heal|p2a: Mew|263\/404|[from] item: Leftovers
|turn|43
|
|switch|p2a: Venusaur|Venusaur-Mega, F, shiny|302\/364 brn
|-damage|p2a: Venusaur|257\/364 brn|[from] Stealth Rock
|move|p1a: Suicune|Rest|p1a: Suicune
|-status|p1a: Suicune|slp
|-heal|p1a: Suicune|403\/403 slp|[silent]
|-status|p1a: Suicune|slp|[from] move: Rest
|
|-damage|p2a: Venusaur|212\/364 brn|[from] brn
|turn|44
|
|cant|p1a: Suicune|slp
|move|p1a: Suicune|Sleep Talk|p1a: Suicune
|move|p1a: Suicune|Rest|p1a: Suicune|[from]Sleep Talk
|-fail|p1a: Suicune
|move|p2a: Venusaur|Synthesis|p2a: Venusaur
|-heal|p2a: Venusaur|364\/364 brn
|
|-damage|p2a: Venusaur|319\/364 brn|[from] brn
|turn|45
|J|DoomX
|
|cant|p1a: Suicune|slp
|move|p1a: Suicune|Sleep Talk|p1a: Suicune
|move|p1a: Suicune|Scald|p2a: Venusaur|[from]Sleep Talk
|-resisted|p2a: Venusaur
|-damage|p2a: Venusaur|262\/364 brn
|move|p2a: Venusaur|Giga Drain|p1a: Suicune
|-supereffective|p1a: Suicune
|-damage|p1a: Suicune|283\/403 slp
|-heal|p2a: Venusaur|322\/364 brn|[from] drain|[of] p1a: Suicune
|
|-damage|p2a: Venusaur|277\/364 brn|[from] brn
|turn|46
|
|-curestatus|p1a: Suicune|slp
|move|p1a: Suicune|Calm Mind|p1a: Suicune
|-boost|p1a: Suicune|spa|1
|-boost|p1a: Suicune|spd|1
|move|p2a: Venusaur|Giga Drain|p1a: Suicune
|-supereffective|p1a: Suicune
|-damage|p1a: Suicune|179\/403
|-heal|p2a: Venusaur|329\/364 brn|[from] drain|[of] p1a: Suicune
|
|-damage|p2a: Venusaur|284\/364 brn|[from] brn
|turn|47
|
|move|p1a: Suicune|Rest|p1a: Suicune
|-status|p1a: Suicune|slp
|-heal|p1a: Suicune|403\/403 slp|[silent]
|-status|p1a: Suicune|slp|[from] move: Rest
|move|p2a: Venusaur|Giga Drain|p1a: Suicune
|-supereffective|p1a: Suicune
|-damage|p1a: Suicune|305\/403 slp
|-heal|p2a: Venusaur|333\/364 brn|[from] drain|[of] p1a: Suicune
|
|-damage|p2a: Venusaur|288\/364 brn|[from] brn
|turn|48
|
|cant|p1a: Suicune|slp
|move|p1a: Suicune|Sleep Talk|p1a: Suicune
|move|p1a: Suicune|Calm Mind|p1a: Suicune|[from]Sleep Talk
|-boost|p1a: Suicune|spa|1
|-boost|p1a: Suicune|spd|1
|move|p2a: Venusaur|Giga Drain|p1a: Suicune
|-supereffective|p1a: Suicune
|-damage|p1a: Suicune|233\/403 slp
|-heal|p2a: Venusaur|324\/364 brn|[from] drain|[of] p1a: Suicune
|
|-damage|p2a: Venusaur|279\/364 brn|[from] brn
|turn|49
|
|cant|p1a: Suicune|slp
|move|p1a: Suicune|Sleep Talk|p1a: Suicune
|move|p1a: Suicune|Rest|p1a: Suicune|[from]Sleep Talk
|-fail|p1a: Suicune
|move|p2a: Venusaur|Giga Drain|p1a: Suicune
|-supereffective|p1a: Suicune
|-damage|p1a: Suicune|153\/403 slp
|-heal|p2a: Venusaur|319\/364 brn|[from] drain|[of] p1a: Suicune
|
|-damage|p2a: Venusaur|274\/364 brn|[from] brn
|turn|50
|
|switch|p2a: Heatran|Heatran, F, shiny|253\/386
|-damage|p2a: Heatran|205\/386|[from] Stealth Rock
|-curestatus|p1a: Suicune|slp
|move|p1a: Suicune|Rest|p1a: Suicune
|-status|p1a: Suicune|slp
|-heal|p1a: Suicune|403\/403 slp|[silent]
|-status|p1a: Suicune|slp|[from] move: Rest
|
|-heal|p2a: Heatran|229\/386|[from] item: Leftovers
|turn|51
|
|switch|p2a: Clefable|Clefable, M, shiny|110\/393 slp
|-damage|p2a: Clefable|61\/393 slp|[from] Stealth Rock
|cant|p1a: Suicune|slp
|move|p1a: Suicune|Sleep Talk|p1a: Suicune
|move|p1a: Suicune|Calm Mind|p1a: Suicune|[from]Sleep Talk
|-boost|p1a: Suicune|spa|1
|-boost|p1a: Suicune|spd|1
|
|-heal|p2a: Clefable|85\/393 slp|[from] item: Leftovers
|turn|52
|
|cant|p1a: Suicune|slp
|move|p1a: Suicune|Sleep Talk|p1a: Suicune
|move|p1a: Suicune|Rest|p1a: Suicune|[from]Sleep Talk
|-fail|p1a: Suicune
|cant|p2a: Clefable|slp
|move|p2a: Clefable|Sleep Talk|p2a: Clefable
|move|p2a: Clefable|Rest|p2a: Clefable|[from]Sleep Talk
|-fail|p2a: Clefable
|
|-heal|p2a: Clefable|109\/393 slp|[from] item: Leftovers
|turn|53
|
|-curestatus|p1a: Suicune|slp
|move|p1a: Suicune|Scald|p2a: Clefable
|-damage|p2a: Clefable|18\/393 slp
|-curestatus|p2a: Clefable|slp
|move|p2a: Clefable|Rest|p2a: Clefable
|-status|p2a: Clefable|slp
|-heal|p2a: Clefable|393\/393 slp|[silent]
|-status|p2a: Clefable|slp|[from] move: Rest
|
|turn|54
|
|switch|p1a: Heatran|Heatran, M|210\/380
|-damage|p1a: Heatran|163\/380|[from] Stealth Rock
|cant|p2a: Clefable|slp
|move|p2a: Clefable|Sleep Talk|p2a: Clefable
|move|p2a: Clefable|Moonblast|p1a: Heatran|[from]Sleep Talk
|-resisted|p1a: Heatran
|-damage|p1a: Heatran|145\/380
|
|-heal|p1a: Heatran|168\/380|[from] item: Leftovers
|turn|55
|
|switch|p2a: Manaphy|Manaphy, shiny|279\/404
|-damage|p2a: Manaphy|229\/404|[from] Stealth Rock
|move|p1a: Heatran|Toxic|p2a: Manaphy
|-status|p2a: Manaphy|tox
|
|-heal|p2a: Manaphy|254\/404 tox|[from] item: Leftovers
|-heal|p1a: Heatran|191\/380|[from] item: Leftovers
|-damage|p2a: Manaphy|229\/404 tox|[from] psn
|turn|56
|
|switch|p1a: Suicune|Suicune|403\/403
|-damage|p1a: Suicune|353\/403|[from] Stealth Rock
|-ability|p1a: Suicune|Pressure
|move|p2a: Manaphy|Scald|p1a: Suicune
|-resisted|p1a: Suicune
|-damage|p1a: Suicune|310\/403
|
|-heal|p2a: Manaphy|254\/404 tox|[from] item: Leftovers
|-damage|p2a: Manaphy|204\/404 tox|[from] psn
|turn|57
|
|switch|p2a: Clefable|Clefable, M, shiny|393\/393 slp
|-damage|p2a: Clefable|344\/393 slp|[from] Stealth Rock
|switch|p1a: Weavile|Weavile, F|281\/281
|-damage|p1a: Weavile|211\/281|[from] Stealth Rock
|
|-heal|p2a: Clefable|368\/393 slp|[from] item: Leftovers
|turn|58
|
|move|p1a: Weavile|Knock Off|p2a: Clefable
|-resisted|p2a: Clefable
|-damage|p2a: Clefable|271\/393 slp
|-enditem|p2a: Clefable|Leftovers|[from] move: Knock Off|[of] p1a: Weavile
|-damage|p1a: Weavile|183\/281|[from] item: Life Orb
|cant|p2a: Clefable|slp
|move|p2a: Clefable|Sleep Talk|p2a: Clefable
|move|p2a: Clefable|Calm Mind|p2a: Clefable|[from]Sleep Talk
|-boost|p2a: Clefable|spa|1
|-boost|p2a: Clefable|spd|1
|
|turn|59
|J|Thunder631
|
|switch|p1a: Heatran|Heatran, M|191\/380
|-damage|p1a: Heatran|144\/380|[from] Stealth Rock
|-curestatus|p2a: Clefable|slp
|move|p2a: Clefable|Moonblast|p1a: Heatran
|-resisted|p1a: Heatran
|-damage|p1a: Heatran|117\/380
|
|-heal|p1a: Heatran|140\/380|[from] item: Leftovers
|turn|60
|
|switch|p2a: Manaphy|Manaphy, shiny|204\/404 tox
|-damage|p2a: Manaphy|154\/404 tox|[from] Stealth Rock
|move|p1a: Heatran|Taunt|p2a: Manaphy
|-start|p2a: Manaphy|move: Taunt
|
|-heal|p2a: Manaphy|179\/404 tox|[from] item: Leftovers
|-heal|p1a: Heatran|163\/380|[from] item: Leftovers
|-damage|p2a: Manaphy|154\/404 tox|[from] psn
|turn|61
|
|switch|p2a: Clefable|Clefable, M, shiny|271\/393
|-damage|p2a: Clefable|222\/393|[from] Stealth Rock
|switch|p1a: Suicune|Suicune|310\/403
|-damage|p1a: Suicune|260\/403|[from] Stealth Rock
|-ability|p1a: Suicune|Pressure
|
|turn|62
|L|Thunder631
|
|move|p1a: Suicune|Scald|p2a: Clefable
|-damage|p2a: Clefable|129\/393
|move|p2a: Clefable|Calm Mind|p2a: Clefable
|-boost|p2a: Clefable|spa|1
|-boost|p2a: Clefable|spd|1
|
|turn|63
|
|switch|p1a: Heatran|Heatran, M|163\/380
|-damage|p1a: Heatran|116\/380|[from] Stealth Rock
|move|p2a: Clefable|Rest|p2a: Clefable
|-status|p2a: Clefable|slp
|-heal|p2a: Clefable|393\/393 slp|[silent]
|-status|p2a: Clefable|slp|[from] move: Rest
|
|-heal|p1a: Heatran|139\/380|[from] item: Leftovers
|turn|64
|
|move|p1a: Heatran|Taunt|p2a: Clefable
|-start|p2a: Clefable|move: Taunt
|cant|p2a: Clefable|slp
|cant|p2a: Clefable|move: Taunt|Sleep Talk
|
|-heal|p1a: Heatran|162\/380|[from] item: Leftovers
|turn|65
|
|switch|p2a: Manaphy|Manaphy, shiny|154\/404 tox
|-damage|p2a: Manaphy|104\/404 tox|[from] Stealth Rock
|move|p1a: Heatran|Taunt|p2a: Manaphy
|-start|p2a: Manaphy|move: Taunt
|
|-heal|p2a: Manaphy|129\/404 tox|[from] item: Leftovers
|-heal|p1a: Heatran|185\/380|[from] item: Leftovers
|-damage|p2a: Manaphy|104\/404 tox|[from] psn
|turn|66
|
|switch|p1a: Suicune|Suicune|260\/403
|-damage|p1a: Suicune|210\/403|[from] Stealth Rock
|-ability|p1a: Suicune|Pressure
|move|p2a: Manaphy|Scald|p1a: Suicune
|-resisted|p1a: Suicune
|-damage|p1a: Suicune|166\/403
|
|-heal|p2a: Manaphy|129\/404 tox|[from] item: Leftovers
|-damage|p2a: Manaphy|79\/404 tox|[from] psn
|turn|67
|
|switch|p2a: Clefable|Clefable, M, shiny|393\/393 slp
|-damage|p2a: Clefable|344\/393 slp|[from] Stealth Rock
|move|p1a: Suicune|Rest|p1a: Suicune
|-status|p1a: Suicune|slp
|-heal|p1a: Suicune|403\/403 slp|[silent]
|-status|p1a: Suicune|slp|[from] move: Rest
|
|turn|68
|
|switch|p1a: Landorus-Therian|Landorus-Therian, M|285\/325
|-damage|p1a: Landorus-Therian|245\/325|[from] Stealth Rock
|-ability|p1a: Landorus-Therian|Intimidate|[of] p2a: Clefable
|-unboost|p2a: Clefable|atk|1
|switch|p2a: Mew|Mew, shiny|263\/404
|-damage|p2a: Mew|213\/404|[from] Stealth Rock
|
|-heal|p2a: Mew|238\/404|[from] item: Leftovers
|turn|69
|L|DoomX
|
|switch|p2a: Venusaur|Venusaur-Mega, F, shiny|274\/364 brn
|-damage|p2a: Venusaur|229\/364 brn|[from] Stealth Rock
|move|p1a: Landorus-Therian|U-turn|p2a: Venusaur
|-damage|p2a: Venusaur|171\/364 brn
|
|switch|p1a: Heatran|Heatran, M|185\/380
|-damage|p1a: Heatran|138\/380|[from] Stealth Rock
|
|-heal|p1a: Heatran|161\/380|[from] item: Leftovers
|-damage|p2a: Venusaur|126\/364 brn|[from] brn
|turn|70
|
|switch|p2a: Heatran|Heatran, F, shiny|229\/386
|-damage|p2a: Heatran|181\/386|[from] Stealth Rock
|move|p1a: Heatran|Taunt|p2a: Heatran
|-start|p2a: Heatran|move: Taunt
|
|-heal|p1a: Heatran|184\/380|[from] item: Leftovers
|-heal|p2a: Heatran|205\/386|[from] item: Leftovers
|turn|71
|
|switch|p2a: Venusaur|Venusaur-Mega, F, shiny|126\/364 brn
|-damage|p2a: Venusaur|81\/364 brn|[from] Stealth Rock
|move|p1a: Heatran|Lava Plume|p2a: Venusaur
|-supereffective|p2a: Venusaur
|-damage|p2a: Venusaur|0 fnt
|faint|p2a: Venusaur
|
|-heal|p1a: Heatran|207\/380|[from] item: Leftovers
|
|switch|p2a: Manaphy|Manaphy, shiny|79\/404 tox
|-damage|p2a: Manaphy|29\/404 tox|[from] Stealth Rock
|turn|72
|
|move|p2a: Manaphy|Rest|p2a: Manaphy
|-status|p2a: Manaphy|slp
|-heal|p2a: Manaphy|404\/404 slp|[silent]
|-status|p2a: Manaphy|slp|[from] move: Rest
|move|p1a: Heatran|Lava Plume|p2a: Manaphy
|-resisted|p2a: Manaphy
|-damage|p2a: Manaphy|362\/404 slp
|
|-heal|p2a: Manaphy|387\/404 slp|[from] item: Leftovers
|-heal|p1a: Heatran|230\/380|[from] item: Leftovers
|turn|73
|
|switch|p1a: Weavile|Weavile, F|183\/281
|-damage|p1a: Weavile|113\/281|[from] Stealth Rock
|cant|p2a: Manaphy|slp
|
|-heal|p2a: Manaphy|404\/404 slp|[from] item: Leftovers
|turn|74
|
|switch|p2a: Heatran|Heatran, F, shiny|205\/386
|-damage|p2a: Heatran|157\/386|[from] Stealth Rock
|move|p1a: Weavile|Icicle Crash|p2a: Heatran
|-resisted|p2a: Heatran
|-damage|p2a: Heatran|113\/386
|-damage|p1a: Weavile|85\/281|[from] item: Life Orb
|
|-heal|p2a: Heatran|137\/386|[from] item: Leftovers
|turn|75
|
|switch|p2a: Clefable|Clefable, M, shiny|344\/393 slp
|-damage|p2a: Clefable|295\/393 slp|[from] Stealth Rock
|move|p1a: Weavile|Knock Off|p2a: Clefable
|-resisted|p2a: Clefable
|-damage|p2a: Clefable|237\/393 slp
|-damage|p1a: Weavile|57\/281|[from] item: Life Orb
|
|turn|76
|
|move|p1a: Weavile|Icicle Crash|p2a: Clefable
|-damage|p2a: Clefable|88\/393 slp
|-damage|p1a: Weavile|29\/281|[from] item: Life Orb
|cant|p2a: Clefable|slp
|move|p2a: Clefable|Sleep Talk|p2a: Clefable
|move|p2a: Clefable|Rest|p2a: Clefable|[from]Sleep Talk
|-fail|p2a: Clefable
|
|turn|77
|
|switch|p2a: Heatran|Heatran, F, shiny|137\/386
|-damage|p2a: Heatran|89\/386|[from] Stealth Rock
|move|p1a: Weavile|Icicle Crash|p2a: Heatran
|-resisted|p2a: Heatran
|-damage|p2a: Heatran|45\/386
|-damage|p1a: Weavile|1\/281|[from] item: Life Orb
|
|-heal|p2a: Heatran|69\/386|[from] item: Leftovers
|turn|78
|
|move|p1a: Weavile|Knock Off|p2a: Heatran
|-damage|p2a: Heatran|0 fnt
|-enditem|p2a: Heatran|Leftovers|[from] move: Knock Off|[of] p1a: Weavile
|-damage|p1a: Weavile|0 fnt|[from] item: Life Orb
|faint|p2a: Heatran
|faint|p1a: Weavile
|
|J|Dream Eater Gengar
|
|switch|p2a: Mew|Mew, shiny|238\/404
|switch|p1a: Altaria|Altaria, F|240\/347
|-damage|p2a: Mew|188\/404|[from] Stealth Rock
|-damage|p1a: Altaria|154\/347|[from] Stealth Rock
|turn|79
|
|detailschange|p1a: Altaria|Altaria-Mega, F
|-mega|p1a: Altaria|Altaria|Altarianite
|move|p2a: Mew|Will-O-Wisp|p1a: Altaria
|-status|p1a: Altaria|brn
|move|p1a: Altaria|Roost|p1a: Altaria
|-heal|p1a: Altaria|328\/347 brn
|
|-heal|p2a: Mew|213\/404|[from] item: Leftovers
|-damage|p1a: Altaria|285\/347 brn|[from] brn
|turn|80
|
|move|p2a: Mew|Defog|p1a: Altaria
|-unboost|p1a: Altaria|evasion|1
|-sideend|p1: DennisEG|Stealth Rock|[from] move: Defog|[of] p1a: Altaria
|-sideend|p2: Drowsy Cheesecake|Stealth Rock|[from] move: Defog|[of] p2a: Mew
|move|p1a: Altaria|Dragon Dance|p1a: Altaria
|-boost|p1a: Altaria|atk|1
|-boost|p1a: Altaria|spe|1
|
|-heal|p2a: Mew|238\/404|[from] item: Leftovers
|-damage|p1a: Altaria|242\/347 brn|[from] brn
|turn|81
|
|move|p1a: Altaria|Heal Bell|p1a: Altaria
|-cureteam|p1a: Altaria|[from] move: HealBell
|move|p2a: Mew|Soft-Boiled|p2a: Mew
|-heal|p2a: Mew|404\/404
|
|turn|82
|
|move|p1a: Altaria|Frustration|p2a: Mew
|-damage|p2a: Mew|200\/404
|move|p2a: Mew|Will-O-Wisp|p1a: Altaria
|-status|p1a: Altaria|brn
|
|-heal|p2a: Mew|225\/404|[from] item: Leftovers
|-damage|p1a: Altaria|199\/347 brn|[from] brn
|turn|83
|
|switch|p2a: Clefable|Clefable, M, shiny|88\/393 slp
|move|p1a: Altaria|Dragon Dance|p1a: Altaria
|-boost|p1a: Altaria|atk|1
|-boost|p1a: Altaria|spe|1
|
|-damage|p1a: Altaria|156\/347 brn|[from] brn
|turn|84
|J|Ranger Dave
|L|Dream Eater Gengar
|
|move|p1a: Altaria|Frustration|p2a: Clefable
|-damage|p2a: Clefable|12\/393 slp
|-curestatus|p2a: Clefable|slp
|move|p2a: Clefable|Rest|p2a: Clefable
|-status|p2a: Clefable|slp
|-heal|p2a: Clefable|393\/393 slp|[silent]
|-status|p2a: Clefable|slp|[from] move: Rest
|
|-damage|p1a: Altaria|113\/347 brn|[from] brn
|turn|85
|
|move|p1a: Altaria|Roost|p1a: Altaria
|-heal|p1a: Altaria|287\/347 brn
|cant|p2a: Clefable|slp
|move|p2a: Clefable|Sleep Talk|p2a: Clefable
|move|p2a: Clefable|Rest|p2a: Clefable|[from]Sleep Talk
|-fail|p2a: Clefable
|
|-damage|p1a: Altaria|244\/347 brn|[from] brn
|turn|86
|
|switch|p1a: Heatran|Heatran, M|230\/380
|cant|p2a: Clefable|slp
|move|p2a: Clefable|Sleep Talk|p2a: Clefable
|move|p2a: Clefable|Calm Mind|p2a: Clefable|[from]Sleep Talk
|-boost|p2a: Clefable|spa|1
|-boost|p2a: Clefable|spd|1
|
|-heal|p1a: Heatran|253\/380|[from] item: Leftovers
|turn|87
|
|switch|p2a: Manaphy|Manaphy, shiny|404\/404 slp
|move|p1a: Heatran|Taunt|p2a: Manaphy
|-start|p2a: Manaphy|move: Taunt
|
|-heal|p1a: Heatran|276\/380|[from] item: Leftovers
|turn|88
|
|switch|p1a: Altaria|Altaria-Mega, F|244\/347 brn
|cant|p2a: Manaphy|slp
|
|-damage|p1a: Altaria|201\/347 brn|[from] brn
|turn|89
|
|switch|p2a: Clefable|Clefable, M, shiny|393\/393 slp
|move|p1a: Altaria|Heal Bell|p1a: Altaria
|-cureteam|p1a: Altaria|[from] move: HealBell
|
|turn|90
|
|switch|p1a: Heatran|Heatran, M|276\/380
|-curestatus|p2a: Clefable|slp
|move|p2a: Clefable|Moonblast|p1a: Heatran
|-resisted|p1a: Heatran
|-damage|p1a: Heatran|256\/380
|-unboost|p1a: Heatran|spa|1
|
|-heal|p1a: Heatran|279\/380|[from] item: Leftovers
|turn|91
|
|switch|p2a: Manaphy|Manaphy, shiny|404\/404 slp
|move|p1a: Heatran|Stealth Rock|p2a: Manaphy
|-sidestart|p2: Drowsy Cheesecake|move: Stealth Rock
|
|-heal|p1a: Heatran|302\/380|[from] item: Leftovers
|turn|92
|
|switch|p1a: Suicune|Suicune|403\/403
|-ability|p1a: Suicune|Pressure
|-curestatus|p2a: Manaphy|slp
|move|p2a: Manaphy|Scald|p1a: Suicune
|-resisted|p1a: Suicune
|-damage|p1a: Suicune|361\/403
|-status|p1a: Suicune|brn
|
|-damage|p1a: Suicune|311\/403 brn|[from] brn
|turn|93
|
|move|p2a: Manaphy|Tail Glow|p2a: Manaphy
|-boost|p2a: Manaphy|spa|3
|move|p1a: Suicune|Scald|p2a: Manaphy
|-resisted|p2a: Manaphy
|-damage|p2a: Manaphy|373\/404
|
|-heal|p2a: Manaphy|398\/404|[from] item: Leftovers
|-damage|p1a: Suicune|261\/403 brn|[from] brn
|turn|94
|
|move|p2a: Manaphy|Scald|p1a: Suicune
|-resisted|p1a: Suicune
|-damage|p1a: Suicune|158\/403 brn
|move|p1a: Suicune|Rest|p1a: Suicune
|-status|p1a: Suicune|slp
|-heal|p1a: Suicune|403\/403 slp|[silent]
|-status|p1a: Suicune|slp|[from] move: Rest
|
|-heal|p2a: Manaphy|404\/404|[from] item: Leftovers
|turn|95
|
|move|p2a: Manaphy|Tail Glow|p2a: Manaphy
|-boost|p2a: Manaphy|spa|3
|cant|p1a: Suicune|slp
|move|p1a: Suicune|Sleep Talk|p1a: Suicune
|move|p1a: Suicune|Rest|p1a: Suicune|[from]Sleep Talk
|-fail|p1a: Suicune
|
|turn|96
|
|move|p2a: Manaphy|Scald|p1a: Suicune
|-resisted|p1a: Suicune
|-damage|p1a: Suicune|229\/403 slp
|cant|p1a: Suicune|slp
|move|p1a: Suicune|Sleep Talk|p1a: Suicune
|move|p1a: Suicune|Rest|p1a: Suicune|[from]Sleep Talk
|-fail|p1a: Suicune
|
|turn|97
|
|move|p2a: Manaphy|Scald|p1a: Suicune
|-resisted|p1a: Suicune
|-damage|p1a: Suicune|58\/403 slp
|-curestatus|p1a: Suicune|slp
|move|p1a: Suicune|Rest|p1a: Suicune
|-status|p1a: Suicune|slp
|-heal|p1a: Suicune|403\/403 slp|[silent]
|-status|p1a: Suicune|slp|[from] move: Rest
|
|turn|98
|
|switch|p2a: Clefable|Clefable, M, shiny|393\/393
|-damage|p2a: Clefable|344\/393|[from] Stealth Rock
|cant|p1a: Suicune|slp
|move|p1a: Suicune|Sleep Talk|p1a: Suicune
|move|p1a: Suicune|Scald|p2a: Clefable|[from]Sleep Talk
|-damage|p2a: Clefable|241\/393
|
|turn|99
|
|switch|p1a: Heatran|Heatran, M|302\/380
|move|p2a: Clefable|Calm Mind|p2a: Clefable
|-boost|p2a: Clefable|spa|1
|-boost|p2a: Clefable|spd|1
|
|-heal|p1a: Heatran|325\/380|[from] item: Leftovers
|turn|100
|
|switch|p2a: Mew|Mew, shiny|225\/404
|-damage|p2a: Mew|175\/404|[from] Stealth Rock
|move|p1a: Heatran|Toxic|p2a: Mew
|-status|p2a: Mew|tox
|
|-heal|p2a: Mew|200\/404 tox|[from] item: Leftovers
|-heal|p1a: Heatran|348\/380|[from] item: Leftovers
|-damage|p2a: Mew|175\/404 tox|[from] psn
|turn|101
|
|switch|p1a: Suicune|Suicune|403\/403 slp
|-ability|p1a: Suicune|Pressure
|move|p2a: Mew|Knock Off|p1a: Suicune
|-damage|p1a: Suicune|371\/403 slp
|
|-heal|p2a: Mew|200\/404 tox|[from] item: Leftovers
|-damage|p2a: Mew|150\/404 tox|[from] psn
|turn|102
|
|move|p2a: Mew|Defog|p1a: Suicune
|-unboost|p1a: Suicune|evasion|1
|-sideend|p2: Drowsy Cheesecake|Stealth Rock|[from] move: Defog|[of] p2a: Mew
|cant|p1a: Suicune|slp
|move|p1a: Suicune|Sleep Talk|p1a: Suicune
|move|p1a: Suicune|Rest|p1a: Suicune|[from]Sleep Talk
|-fail|p1a: Suicune
|
|-heal|p2a: Mew|175\/404 tox|[from] item: Leftovers
|-damage|p2a: Mew|100\/404 tox|[from] psn
|turn|103
|
|switch|p2a: Clefable|Clefable, M, shiny|241\/393
|-curestatus|p1a: Suicune|slp
|move|p1a: Suicune|Calm Mind|p1a: Suicune
|-boost|p1a: Suicune|spa|1
|-boost|p1a: Suicune|spd|1
|
|turn|104
|
|move|p1a: Suicune|Scald|p2a: Clefable
|-damage|p2a: Clefable|138\/393
|move|p2a: Clefable|Rest|p2a: Clefable
|-status|p2a: Clefable|slp
|-heal|p2a: Clefable|393\/393 slp|[silent]
|-status|p2a: Clefable|slp|[from] move: Rest
|
|turn|105
|
|switch|p1a: Heatran|Heatran, M|348\/380
|switch|p2a: Manaphy|Manaphy, shiny|404\/404
|
|-heal|p1a: Heatran|371\/380|[from] item: Leftovers
|turn|106
|
|switch|p1a: Suicune|Suicune|371\/403
|-ability|p1a: Suicune|Pressure
|move|p2a: Manaphy|Tail Glow|p2a: Manaphy
|-boost|p2a: Manaphy|spa|3
|
|turn|107
|
|switch|p2a: Mew|Mew, shiny|100\/404 tox
|move|p1a: Suicune|Scald|p2a: Mew
|-damage|p2a: Mew|7\/404 tox
|
|-heal|p2a: Mew|32\/404 tox|[from] item: Leftovers
|-damage|p2a: Mew|7\/404 tox|[from] psn
|turn|108
|
|switch|p1a: Altaria|Altaria-Mega, F|201\/347
|move|p2a: Mew|Soft-Boiled|p2a: Mew
|-heal|p2a: Mew|209\/404 tox
|
|-heal|p2a: Mew|234\/404 tox|[from] item: Leftovers
|-damage|p2a: Mew|184\/404 tox|[from] psn
|turn|109
|
|move|p2a: Mew|Will-O-Wisp|p1a: Altaria
|-status|p1a: Altaria|brn
|move|p1a: Altaria|Roost|p1a: Altaria
|-heal|p1a: Altaria|347\/347 brn
|
|-heal|p2a: Mew|209\/404 tox|[from] item: Leftovers
|-damage|p2a: Mew|134\/404 tox|[from] psn
|-damage|p1a: Altaria|304\/347 brn|[from] brn
|turn|110
|
|move|p2a: Mew|Soft-Boiled|p2a: Mew
|-heal|p2a: Mew|336\/404 tox
|move|p1a: Altaria|Heal Bell|p1a: Altaria
|-cureteam|p1a: Altaria|[from] move: HealBell
|
|-heal|p2a: Mew|361\/404 tox|[from] item: Leftovers
|-damage|p2a: Mew|261\/404 tox|[from] psn
|turn|111
|
|switch|p2a: Clefable|Clefable, M, shiny|393\/393 slp
|switch|p1a: Suicune|Suicune|371\/403
|-ability|p1a: Suicune|Pressure
|
|turn|112
|
|switch|p1a: Heatran|Heatran, M|371\/380
|cant|p2a: Clefable|slp
|move|p2a: Clefable|Sleep Talk|p2a: Clefable
|move|p2a: Clefable|Calm Mind|p2a: Clefable|[from]Sleep Talk
|-boost|p2a: Clefable|spa|1
|-boost|p2a: Clefable|spd|1
|
|-heal|p1a: Heatran|380\/380|[from] item: Leftovers
|turn|113
|
|switch|p2a: Manaphy|Manaphy, shiny|404\/404
|move|p1a: Heatran|Stealth Rock|p2a: Manaphy
|-sidestart|p2: Drowsy Cheesecake|move: Stealth Rock
|
|turn|114
|
|switch|p2a: Mew|Mew, shiny|261\/404 tox
|-damage|p2a: Mew|211\/404 tox|[from] Stealth Rock
|switch|p1a: Suicune|Suicune|371\/403
|-ability|p1a: Suicune|Pressure
|
|-heal|p2a: Mew|236\/404 tox|[from] item: Leftovers
|-damage|p2a: Mew|211\/404 tox|[from] psn
|turn|115
|
|move|p2a: Mew|Defog|p1a: Suicune
|-unboost|p1a: Suicune|evasion|1
|-sideend|p2: Drowsy Cheesecake|Stealth Rock|[from] move: Defog|[of] p2a: Mew
|move|p1a: Suicune|Scald|p2a: Mew
|-damage|p2a: Mew|127\/404 tox
|
|-heal|p2a: Mew|152\/404 tox|[from] item: Leftovers
|-damage|p2a: Mew|102\/404 tox|[from] psn
|turn|116
|
|move|p2a: Mew|Soft-Boiled|p2a: Mew
|-heal|p2a: Mew|304\/404 tox
|move|p1a: Suicune|Rest|p1a: Suicune
|-status|p1a: Suicune|slp
|-heal|p1a: Suicune|403\/403 slp|[silent]
|-status|p1a: Suicune|slp|[from] move: Rest
|
|-heal|p2a: Mew|329\/404 tox|[from] item: Leftovers
|-damage|p2a: Mew|254\/404 tox|[from] psn
|turn|117
|
|switch|p2a: Clefable|Clefable, M, shiny|393\/393 slp
|cant|p1a: Suicune|slp
|move|p1a: Suicune|Sleep Talk|p1a: Suicune
|move|p1a: Suicune|Calm Mind|p1a: Suicune|[from]Sleep Talk
|-boost|p1a: Suicune|spa|1
|-boost|p1a: Suicune|spd|1
|
|turn|118
|
|switch|p1a: Heatran|Heatran, M|380\/380
|cant|p2a: Clefable|slp
|
|turn|119
|
|switch|p2a: Manaphy|Manaphy, shiny|404\/404
|move|p1a: Heatran|Stealth Rock|p2a: Manaphy
|-sidestart|p2: Drowsy Cheesecake|move: Stealth Rock
|
|turn|120
|
|switch|p2a: Mew|Mew, shiny|254\/404 tox
|-damage|p2a: Mew|204\/404 tox|[from] Stealth Rock
|switch|p1a: Suicune|Suicune|403\/403 slp
|-ability|p1a: Suicune|Pressure
|
|-heal|p2a: Mew|229\/404 tox|[from] item: Leftovers
|-damage|p2a: Mew|204\/404 tox|[from] psn
|turn|121
|
|switch|p1a: Landorus-Therian|Landorus-Therian, M|245\/325
|-ability|p1a: Landorus-Therian|Intimidate|[of] p2a: Mew
|-unboost|p2a: Mew|atk|1
|move|p2a: Mew|Defog|p1a: Landorus-Therian
|-unboost|p1a: Landorus-Therian|evasion|1
|-sideend|p2: Drowsy Cheesecake|Stealth Rock|[from] move: Defog|[of] p2a: Mew
|
|-heal|p2a: Mew|229\/404 tox|[from] item: Leftovers
|-damage|p2a: Mew|179\/404 tox|[from] psn
|turn|122
|
|switch|p2a: Manaphy|Manaphy, shiny|404\/404
|move|p1a: Landorus-Therian|U-turn|p2a: Manaphy
|-damage|p2a: Manaphy|313\/404
|
|switch|p1a: Suicune|Suicune|403\/403 slp
|-ability|p1a: Suicune|Pressure
|
|-heal|p2a: Manaphy|338\/404|[from] item: Leftovers
|turn|123
|
|switch|p2a: Mew|Mew, shiny|179\/404 tox
|switch|p1a: Landorus-Therian|Landorus-Therian, M|245\/325
|-ability|p1a: Landorus-Therian|Intimidate|[of] p2a: Mew
|-unboost|p2a: Mew|atk|1
|
|-heal|p2a: Mew|204\/404 tox|[from] item: Leftovers
|-damage|p2a: Mew|179\/404 tox|[from] psn
|turn|124
|
|move|p1a: Landorus-Therian|U-turn|p2a: Mew
|-supereffective|p2a: Mew
|-damage|p2a: Mew|33\/404 tox
|
|switch|p1a: Heatran|Heatran, M|380\/380
|move|p2a: Mew|Soft-Boiled|p2a: Mew
|-heal|p2a: Mew|235\/404 tox
|
|-heal|p2a: Mew|260\/404 tox|[from] item: Leftovers
|-damage|p2a: Mew|210\/404 tox|[from] psn
|turn|125
|
|switch|p1a: Suicune|Suicune|403\/403 slp
|-ability|p1a: Suicune|Pressure
|move|p2a: Mew|Knock Off|p1a: Suicune
|-damage|p1a: Suicune|380\/403 slp
|
|-heal|p2a: Mew|235\/404 tox|[from] item: Leftovers
|-damage|p2a: Mew|160\/404 tox|[from] psn
|turn|126
|
|switch|p2a: Manaphy|Manaphy, shiny|338\/404
|cant|p1a: Suicune|slp
|
|-heal|p2a: Manaphy|363\/404|[from] item: Leftovers
|turn|127
|
|switch|p2a: Clefable|Clefable, M, shiny|393\/393 slp
|switch|p1a: Altaria|Altaria-Mega, F|304\/347
|
|turn|128
|c|âDennisEG|i think is gonna be pp stall
|
|switch|p1a: Heatran|Heatran, M|380\/380
|-curestatus|p2a: Clefable|slp
|move|p2a: Clefable|Moonblast|p1a: Heatran
|-resisted|p1a: Heatran
|-damage|p1a: Heatran|362\/380
|
|-heal|p1a: Heatran|380\/380|[from] item: Leftovers
|turn|129
|c|âDrowsy Cheesecake|i think you win
|
|switch|p2a: Manaphy|Manaphy, shiny|363\/404
|move|p1a: Heatran|Stealth Rock|p2a: Manaphy
|-sidestart|p2: Drowsy Cheesecake|move: Stealth Rock
|
|-heal|p2a: Manaphy|388\/404|[from] item: Leftovers
|turn|130
|c|âDrowsy Cheesecake|might just forfeit
|
|switch|p2a: Mew|Mew, shiny|160\/404 tox
|-damage|p2a: Mew|110\/404 tox|[from] Stealth Rock
|move|p1a: Heatran|Toxic|p2a: Mew
|-fail|p2a: Mew|tox
|
|-heal|p2a: Mew|135\/404 tox|[from] item: Leftovers
|-damage|p2a: Mew|110\/404 tox|[from] psn
|turn|131
|c|âDennisEG|how scald do u have
|c|âDrowsy Cheesecake|1
|
|switch|p1a: Altaria|Altaria-Mega, F|304\/347
|move|p2a: Mew|Soft-Boiled|p2a: Mew
|-heal|p2a: Mew|312\/404 tox
|
|-heal|p2a: Mew|337\/404 tox|[from] item: Leftovers
|-damage|p2a: Mew|287\/404 tox|[from] psn
|turn|132
|c|âDennisEG|dang
|
|move|p2a: Mew|Defog|p1a: Altaria
|-unboost|p1a: Altaria|evasion|1
|-sideend|p2: Drowsy Cheesecake|Stealth Rock|[from] move: Defog|[of] p2a: Mew
|move|p1a: Altaria|Dragon Dance|p1a: Altaria
|-boost|p1a: Altaria|atk|1
|-boost|p1a: Altaria|spe|1
|
|-heal|p2a: Mew|312\/404 tox|[from] item: Leftovers
|-damage|p2a: Mew|237\/404 tox|[from] psn
|turn|133
|
|switch|p2a: Clefable|Clefable, M, shiny|393\/393
|move|p1a: Altaria|Frustration|p2a: Clefable
|-crit|p2a: Clefable
|-damage|p2a: Clefable|171\/393
|
|turn|134
|
|switch|p1a: Heatran|Heatran, M|380\/380
|move|p2a: Clefable|Rest|p2a: Clefable
|-status|p2a: Clefable|slp
|-heal|p2a: Clefable|393\/393 slp|[silent]
|-status|p2a: Clefable|slp|[from] move: Rest
|
|turn|135
|
|switch|p2a: Mew|Mew, shiny|237\/404 tox
|move|p1a: Heatran|Stealth Rock|p2a: Mew
|-sidestart|p2: Drowsy Cheesecake|move: Stealth Rock
|
|-heal|p2a: Mew|262\/404 tox|[from] item: Leftovers
|-damage|p2a: Mew|237\/404 tox|[from] psn
|turn|136
|
|switch|p1a: Altaria|Altaria-Mega, F|304\/347
|move|p2a: Mew|Knock Off|p1a: Altaria
|-resisted|p1a: Altaria
|-damage|p1a: Altaria|283\/347
|
|-heal|p2a: Mew|262\/404 tox|[from] item: Leftovers
|-damage|p2a: Mew|212\/404 tox|[from] psn
|turn|137
|
|move|p2a: Mew|Defog|p1a: Altaria
|-unboost|p1a: Altaria|evasion|1
|-sideend|p2: Drowsy Cheesecake|Stealth Rock|[from] move: Defog|[of] p2a: Mew
|move|p1a: Altaria|Dragon Dance|p1a: Altaria
|-boost|p1a: Altaria|atk|1
|-boost|p1a: Altaria|spe|1
|
|-heal|p2a: Mew|237\/404 tox|[from] item: Leftovers
|-damage|p2a: Mew|162\/404 tox|[from] psn
|turn|138
|
|switch|p2a: Clefable|Clefable, M, shiny|393\/393 slp
|move|p1a: Altaria|Frustration|p2a: Clefable
|-damage|p2a: Clefable|231\/393 slp
|
|turn|139
|
|move|p1a: Altaria|Frustration|p2a: Clefable
|-damage|p2a: Clefable|78\/393 slp
|cant|p2a: Clefable|slp
|move|p2a: Clefable|Sleep Talk|p2a: Clefable
|move|p2a: Clefable|Moonblast|p1a: Altaria|[from]Sleep Talk
|-supereffective|p1a: Altaria
|-damage|p1a: Altaria|85\/347
|
|turn|140
|
|move|p1a: Altaria|Frustration|p2a: Clefable
|-damage|p2a: Clefable|0 fnt
|faint|p2a: Clefable
|
|
|switch|p2a: Mew|Mew, shiny|162\/404 tox
|turn|141
|
|move|p1a: Altaria|Roost|p1a: Altaria
|-heal|p1a: Altaria|259\/347
|move|p2a: Mew|Will-O-Wisp|p1a: Altaria
|-status|p1a: Altaria|brn
|
|-heal|p2a: Mew|187\/404 tox|[from] item: Leftovers
|-damage|p1a: Altaria|216\/347 brn|[from] brn
|-damage|p2a: Mew|162\/404 tox|[from] psn
|turn|142
|J|Pixilade
|L|Cronenberg
|
|switch|p2a: Manaphy|Manaphy, shiny|388\/404
|move|p1a: Altaria|Heal Bell|p1a: Altaria
|-cureteam|p1a: Altaria|[from] move: HealBell
|
|-heal|p2a: Manaphy|404\/404|[from] item: Leftovers
|turn|143
|
|move|p1a: Altaria|Frustration|p2a: Manaphy
|-damage|p2a: Manaphy|148\/404
|move|p2a: Manaphy|Tail Glow|p2a: Manaphy
|-boost|p2a: Manaphy|spa|3
|
|-heal|p2a: Manaphy|173\/404|[from] item: Leftovers
|turn|144
|c|âDrowsy Cheesecake|gg
|c|âDennisEG|gg man
|c|âDennisEG|was tuff
|
|move|p1a: Altaria|Frustration|p2a: Manaphy
|-damage|p2a: Manaphy|0 fnt
|faint|p2a: Manaphy
|
|
|switch|p2a: Mew|Mew, shiny|162\/404 tox
|turn|145
|c|âDennisEG|best game i had in oras atm
|
|move|p1a: Altaria|Frustration|p2a: Mew
|-damage|p2a: Mew|0 fnt
|faint|p2a: Mew
|
|win|DennisEG
|c|âDrowsy Cheesecake|thanks 
|c|âDrowsy Cheesecake|but i made some dumb mistakes
|c|âDennisEG|yeah
|L|Drowsy Cheesecake
|player|p2