|inactive|Battle timer is ON: inactive players will automatically lose when time's up.
|J|DennisEG
|J|the pdc show
|player|p1|DennisEG|76
|player|p2|the pdc show|144
|gametype|singles
|gen|6
|tier|Ubers
|rule|Swagger Clause: Swagger is banned
|clearpoke
|poke|p1|Greninja, F
|poke|p1|Hawlucha, M, shiny
|poke|p1|Latios, M
|poke|p1|Landorus-Therian, M
|poke|p1|Heatran, M
|poke|p1|Manectric, M
|poke|p2|Latios, M
|poke|p2|Charizard, F
|poke|p2|Gliscor, F
|poke|p2|Clefable, F
|poke|p2|Keldeo
|poke|p2|Tyranitar, F
|rule|Mega Rayquaza Ban Mod: You cannot mega evolve Rayquaza
|rule|Sleep Clause Mod: Limit one foe put to sleep
|rule|Species Clause: Limit one of each PokÃ©mon
|rule|Moody Clause: Moody is banned
|rule|OHKO Clause: OHKO moves are banned
|rule|Endless Battle Clause: Forcing endless battles is banned
|rule|HP Percentage Mod: HP is shown in percentages
|teampreview
|J|bad ass
|J|Leftiez
|J|Ginku
|J|Prankster
|J|Korby
|J|BAIKA
|J|metmaver
|J|tml
|J|Tom Bus
|J|tele
|J|mccauley
|J|Asylum Boss Recept
|J|Ox the Box
|J|gr8astard
|J|Gee Mick
|J|Lohgock
|J|steeljackal
|J|Rodri18
|J|tesung
|J|WECAMEASROMANS
|J|DerSweeper
|J|liberty32
|J|bcdsa
|J|Dec19finaletears
|J|retorno
|J|zdrup
|J|thespiritinthesky
|J|asdfCookie
|J|Saph
|J|boudouche
|J|phil
|J|KratosMana
|J|H-C
|J|4trackboy
|J|RedKingAlmighty
|J|Sinclair
|J|BasedLord Soldier
|J|McMeghan
|J|Qwilphish
|raw|<div class="broadcast-red"><b>Moderated chat was set to %!<\/b><br \/>Only users of rank % and higher can talk.<\/div>
|J|Ken Valbrandur
|J|Zamrock
|J|GG Stone Edge
|J|Draeden
|J|Nails
|
|start
|switch|p1a: Greninja|Greninja, F|285\/285
|switch|p2a: into the flood|Keldeo|323\/323
|turn|1
|J|Zebraiken
|J|Funkasaurus
|J|arnyyr
|J|the Jaiho
|J|nisell
|J|Ciele
|J|RiCH HOMiE CHRiS
|J|It's not me imo
|J|craing ;_;
|J|liptonic
|c|âthe pdc show|gl
|J|namehtmas
|J|Qubae
|J|e7e
|
|switch|p1a: Latios|Latios, M|301\/301
|switch|p2a: am i wrong?|Clefable, F|394\/394
|
|turn|2
|J|FNH
|J|Celsius
|c|âDennisEG|=
|J|IAmGingy
|J|Toxzn
|
|switch|p1a: Heatran|Heatran, M|380\/380
|move|p2a: am i wrong?|Stealth Rock|p1a: Heatran
|-sidestart|p1: DennisEG|move: Stealth Rock
|
|turn|3
|J|Jetpack
|J|gorgie
|
|switch|p2a: into the flood|Keldeo|323\/323
|move|p1a: Heatran|Stealth Rock|p2a: into the flood
|-sidestart|p2: the pdc show|move: Stealth Rock
|
|turn|4
|
|switch|p1a: Latios|Latios, M|301\/301
|-damage|p1a: Latios|264\/301|[from] Stealth Rock
|move|p2a: into the flood|Scald|p1a: Latios
|-resisted|p1a: Latios
|-damage|p1a: Latios|174\/301
|
|turn|5
|
|switch|p2a: am i wrong?|Clefable, F|394\/394
|move|p1a: Latios|Draco Meteor|p2a: am i wrong?
|-immune|p2a: am i wrong?|[msg]
|
|turn|6
|J|TFC
|L|FNH
|J|Chef Usine Chirac
|J|Toraa'Strat
|J|Magnus42
|J|Wait2Seconds
|J|Stathakis
|
|switch|p2a: same old trip|Tyranitar, F|342\/342
|-damage|p2a: same old trip|300\/342|[from] Stealth Rock
|-weather|Sandstorm
|move|p1a: Latios|Draco Meteor|p2a: same old trip
|-damage|p2a: same old trip|146\/342
|-unboost|p1a: Latios|spa|2
|
|-weather|Sandstorm|[upkeep]
|-damage|p1a: Latios|156\/301|[from] sandstorm
|turn|7
|J|Arcanine is Regal
|J|Spuun
|J|0rbital
|L|liptonic
|
|move|p2a: same old trip|Pursuit|p1a: Latios
|-supereffective|p1a: Latios
|-enditem|p1a: Latios|Colbur Berry|[eat]
|-damage|p1a: Latios|66\/301
|move|p1a: Latios|Hidden Power|p2a: same old trip
|-supereffective|p2a: same old trip
|-damage|p2a: same old trip|54\/342
|
|-weather|Sandstorm|[upkeep]
|-damage|p1a: Latios|48\/301|[from] sandstorm
|turn|8
|c|âthe pdc show|FIRE
|c|âthe pdc show|FIRE
|L|RedKingAlmighty
|c|âthe pdc show|FIRE
|c|âthe pdc show|FIRE
|J|dfmetal
|c|âthe pdc show|LOOOOL
|
|move|p2a: same old trip|Pursuit|p1a: Latios
|-supereffective|p1a: Latios
|-damage|p1a: Latios|0 fnt
|faint|p1a: Latios
|
|-weather|Sandstorm|[upkeep]
|
|switch|p1a: Hawlucha|Hawlucha, M, shiny|314\/314
|-damage|p1a: Hawlucha|275\/314|[from] Stealth Rock
|turn|9
|J|Haunted.Shadow
|
|switch|p2a: am i wrong?|Clefable, F|394\/394
|move|p1a: Hawlucha|Swords Dance|p1a: Hawlucha
|-boost|p1a: Hawlucha|atk|2
|
|-weather|Sandstorm|[upkeep]
|-damage|p1a: Hawlucha|256\/314|[from] sandstorm
|turn|10
|J|Vileman
|c|âthe pdc show|sky attack me
|
|move|p1a: Hawlucha|Substitute|p1a: Hawlucha
|-start|p1a: Hawlucha|Substitute
|-damage|p1a: Hawlucha|178\/314
|move|p2a: am i wrong?|Moonblast|p1a: Hawlucha
|-crit|p1a: Hawlucha
|-supereffective|p1a: Hawlucha
|-end|p1a: Hawlucha|Substitute
|
|-weather|none
|turn|11
|c|âthe pdc show|guess not
|
|move|p1a: Hawlucha|Substitute|p1a: Hawlucha
|-start|p1a: Hawlucha|Substitute
|-damage|p1a: Hawlucha|100\/314
|-enditem|p1a: Hawlucha|Sitrus Berry|[eat]
|-heal|p1a: Hawlucha|178\/314|[from] item: Sitrus Berry
|move|p2a: am i wrong?|Moonblast|p1a: Hawlucha
|-supereffective|p1a: Hawlucha
|-end|p1a: Hawlucha|Substitute
|
|turn|12
|
|move|p1a: Hawlucha|Acrobatics|p2a: am i wrong?
|-damage|p2a: am i wrong?|55\/394
|move|p2a: am i wrong?|Moonblast|p1a: Hawlucha
|-supereffective|p1a: Hawlucha
|-damage|p1a: Hawlucha|0 fnt
|faint|p1a: Hawlucha
|
|-heal|p2a: am i wrong?|79\/394|[from] item: Leftovers
|
|switch|p1a: Manectric|Manectric, M|281\/281
|-damage|p1a: Manectric|246\/281|[from] Stealth Rock
|turn|13
|L|0rbital
|
|switch|p2a: same old trip|Tyranitar, F|54\/342
|-damage|p2a: same old trip|12\/342|[from] Stealth Rock
|-weather|Sandstorm
|detailschange|p1a: Manectric|Manectric-Mega, M
|-mega|p1a: Manectric|Manectric|Manectite
|-ability|p1a: Manectric|Intimidate|[of] p2a: same old trip
|-unboost|p2a: same old trip|atk|1
|move|p1a: Manectric|Flamethrower|p2a: same old trip
|-resisted|p2a: same old trip
|-damage|p2a: same old trip|0 fnt
|faint|p2a: same old trip
|
|-weather|Sandstorm|[upkeep]
|-damage|p1a: Manectric|229\/281|[from] sandstorm
|L|liberty32
|L|Korby
|
|switch|p2a: sole desertion|Latios, M|301\/301
|-damage|p2a: sole desertion|264\/301|[from] Stealth Rock
|turn|14
|J|Ranger Dave
|
|move|p1a: Manectric|Volt Switch|p2a: sole desertion
|-resisted|p2a: sole desertion
|-damage|p2a: sole desertion|208\/301
|
|switch|p1a: Heatran|Heatran, M|380\/380
|-damage|p1a: Heatran|333\/380|[from] Stealth Rock
|move|p2a: sole desertion|Roost|p2a: sole desertion
|-heal|p2a: sole desertion|301\/301
|
|-weather|Sandstorm|[upkeep]
|-damage|p2a: sole desertion|283\/301|[from] sandstorm
|-heal|p1a: Heatran|356\/380|[from] item: Leftovers
|turn|15
|J|BKC
|J|Sweep
|L|thespiritinthesky
|
|switch|p2a: am i wrong?|Clefable, F|79\/394
|move|p1a: Heatran|Toxic|p2a: am i wrong?
|-status|p2a: am i wrong?|tox
|
|-weather|Sandstorm|[upkeep]
|-heal|p1a: Heatran|379\/380|[from] item: Leftovers
|-heal|p2a: am i wrong?|103\/394 tox|[from] item: Leftovers
|turn|16
|J|0rbital
|
|move|p1a: Heatran|Taunt|p2a: am i wrong?
|-start|p2a: am i wrong?|move: Taunt
|cant|p2a: am i wrong?|move: Taunt|Soft-Boiled
|
|-weather|Sandstorm|[upkeep]
|-heal|p1a: Heatran|380\/380|[from] item: Leftovers
|-heal|p2a: am i wrong?|127\/394 tox|[from] item: Leftovers
|turn|17
|
|switch|p2a: into the flood|Keldeo|323\/323
|-damage|p2a: into the flood|303\/323|[from] Stealth Rock
|move|p1a: Heatran|Lava Plume|p2a: into the flood
|-resisted|p2a: into the flood
|-damage|p2a: into the flood|241\/323
|
|-weather|none
|turn|18
|c|âthe pdc show|NO burn
|
|move|p2a: into the flood|Hydro Pump|p1a: Heatran
|-supereffective|p1a: Heatran
|-damage|p1a: Heatran|0 fnt
|faint|p1a: Heatran
|
|J|Mr.378
|
|switch|p1a: Greninja|Greninja, F|285\/285
|-damage|p1a: Greninja|250\/285|[from] Stealth Rock
|turn|19
|J|2LTD
|J|majaspic22
|
|move|p1a: Greninja|Hidden Power|p2a: into the flood
|-start|p1a: Greninja|typechange|Grass|[from] Protean
|-supereffective|p2a: into the flood
|-damage|p2a: into the flood|0 fnt
|-damage|p1a: Greninja|222\/285|[from] item: Life Orb
|faint|p2a: into the flood
|
|
|switch|p2a: would?|Charizard, F|297\/297
|-damage|p2a: would?|149\/297|[from] Stealth Rock
|turn|20
|J|cbt
|J|Aurious
|
|detailschange|p2a: would?|Charizard-Mega-Y, F
|-mega|p2a: would?|Charizard|Charizardite Y
|-weather|SunnyDay
|move|p1a: Greninja|Ice Beam|p2a: would?
|-start|p1a: Greninja|typechange|Ice|[from] Protean
|-damage|p2a: would?|0 fnt
|-damage|p1a: Greninja|194\/285|[from] item: Life Orb
|faint|p2a: would?
|
|-weather|SunnyDay|[upkeep]
|J|Sadfthadsf
|J|FlamingVictini PB
|
|switch|p2a: am i wrong?|Clefable, F|127\/394 tox
|turn|21
|
|move|p1a: Greninja|Ice Beam|p2a: am i wrong?
|-damage|p2a: am i wrong?|0 fnt
|-damage|p1a: Greninja|166\/285|[from] item: Life Orb
|faint|p2a: am i wrong?
|
|-weather|SunnyDay|[upkeep]
|
|switch|p2a: sole desertion|Latios, M|283\/301
|-damage|p2a: sole desertion|246\/301|[from] Stealth Rock
|turn|22
|c|âthe pdc show|lol
|
|move|p1a: Greninja|Ice Beam|p2a: sole desertion
|-supereffective|p2a: sole desertion
|-damage|p2a: sole desertion|0 fnt
|-damage|p1a: Greninja|138\/285|[from] item: Life Orb
|faint|p2a: sole desertion
|
|-weather|SunnyDay|[upkeep]
|
|switch|p2a: drifting body|Gliscor, F|354\/354
|-damage|p2a: drifting body|310\/354|[from] Stealth Rock
|turn|23
|c|âthe pdc show|gg
|c|âDennisEG|gg man
|c|âDennisEG|5 min next
|L|bad ass
|c|âthe pdc show|k
|
|move|p1a: Greninja|Ice Beam|p2a: drifting body
|-supereffective|p2a: drifting body
|-damage|p2a: drifting body|0 fnt
|-damage|p1a: Greninja|110\/285|[from] item: Life Orb
|faint|p2a: drifting body
|
|win|DennisEG
|L|WECAMEASROMANS
|L|Nails
|L|Lohgock
|L|retorno
|L|Vileman
|L|It's not me imo
|L|tml
|L|Ken Valbrandur
|L|e7e
|L|Qubae
|L|zdrup
|J|MeggaScizor
|L|Gee Mick
|L|0rbital
|L|Aurious
|L|RiCH HOMiE CHRiS
|L|tesung
|L|nisell
|L|FlamingVictini PB
|L|DennisEG
|player|p1
|L|bcdsa
|L|DerSweeper
|L|the Jaiho
|L|BasedLord Soldier
|L|BAIKA
|L|Dec19finaletears
|L|Tom Bus
|L|KratosMana
|L|dfmetal
|L|Ciele
|L|Prankster
|L|Magnus42
|L|TFC
|L|majaspic22
|L|Celsius
|L|IAmGingy
|L|Draeden
|L|mccauley
|L|Stathakis
|L|Sinclair
|L|BKC
|L|Saph
|L|Rodri18
|L|Haunted.Shadow
|L|steeljackal
|L|craing ;_;
|L|Qwilphish
|L|2LTD
|L|Sweep
|L|Wait2Seconds
|L|boudouche
|L|gorgie
|L|Chef Usine Chirac
|L|Leftiez
|L|tele
|L|Ox the Box
|L|arnyyr
|L|McMeghan
|J|skup
|L|phil
|L|namehtmas
|L|Jetpack
|J|steeljackal
|L|asdfCookie
|L|steeljackal
|J|Haunted.Shadow