|J|Draco Meteora
|J|DennisEG
|player|p1|Draco Meteora|169
|player|p2|DennisEG|76
|gametype|singles
|gen|6
|tier|OU
|clearpoke
|poke|p1|Gengar, F
|poke|p1|Altaria, F
|poke|p1|Jirachi
|poke|p1|Alomomola, F
|poke|p1|Gligar, F
|poke|p1|Ferroseed, M
|poke|p2|Serperior, M
|poke|p2|Dragalge, M
|poke|p2|Clefable, F
|poke|p2|Sharpedo, M
|poke|p2|Seismitoad, F
|poke|p2|Infernape, M
|rule|Swagger Clause: Swagger is banned
|rule|Baton Pass Clause: Limit one PokÃ©mon knowing Baton Pass
|rule|Sleep Clause Mod: Limit one foe put to sleep
|rule|Species Clause: Limit one of each PokÃ©mon
|rule|OHKO Clause: OHKO moves are banned
|rule|Moody Clause: Moody is banned
|rule|Evasion Moves Clause: Evasion moves are banned
|rule|Endless Battle Clause: Forcing endless battles is banned
|rule|HP Percentage Mod: HP is shown in percentages
|teampreview
|J|mael oo
|J|Fireburn
|L|Fireburn
|J|Stathakis
|c|âDraco Meteora|glhf
|c|âDennisEG|u2
|
|start
|switch|p1a: Gengar|Gengar, F|262\/262
|switch|p2a: Seismitoad|Seismitoad, F|413\/413
|turn|1
|J|MonoConvergence
|
|move|p1a: Gengar|Shadow Ball|p2a: Seismitoad
|-damage|p2a: Seismitoad|244\/413
|-damage|p1a: Gengar|236\/262|[from] item: Life Orb
|move|p2a: Seismitoad|Scald|p1a: Gengar
|-damage|p1a: Gengar|139\/262
|
|-heal|p2a: Seismitoad|269\/413|[from] item: Leftovers
|turn|2
|
|move|p1a: Gengar|Shadow Ball|p2a: Seismitoad
|-damage|p2a: Seismitoad|86\/413
|-unboost|p2a: Seismitoad|spd|1
|-damage|p1a: Gengar|113\/262|[from] item: Life Orb
|move|p2a: Seismitoad|Stealth Rock|p1a: Gengar
|-sidestart|p1: Draco Meteora|move: Stealth Rock
|
|-heal|p2a: Seismitoad|111\/413|[from] item: Leftovers
|turn|3
|
|move|p1a: Gengar|Shadow Ball|p2a: Seismitoad
|-damage|p2a: Seismitoad|0 fnt
|-damage|p1a: Gengar|87\/262|[from] item: Life Orb
|faint|p2a: Seismitoad
|
|
|switch|p2a: Serperior|Serperior, M|291\/291
|turn|4
|J|tesung
|
|switch|p1a: Jirachi|Jirachi|404\/404
|-damage|p1a: Jirachi|379\/404|[from] Stealth Rock
|move|p2a: Serperior|Leaf Storm|p1a: Jirachi
|-resisted|p1a: Jirachi
|-damage|p1a: Jirachi|300\/404
|-boost|p2a: Serperior|spa|2
|-damage|p2a: Serperior|262\/291|[from] item: Life Orb
|
|-heal|p1a: Jirachi|325\/404|[from] item: Leftovers
|turn|5
|J|Leftiez
|J|The Goomy
|c|âDraco Meteora|i hate that snake
|c|âDraco Meteora|atleast u are not the baton pass denis o_o
|J|Starmei
|L|Starmei
|
|move|p1a: Jirachi|Protect|p1a: Jirachi
|-singleturn|p1a: Jirachi|Protect
|move|p2a: Serperior|Hidden Power|p1a: Jirachi
|-activate|p1a: Jirachi|Protect
|
|-heal|p1a: Jirachi|350\/404|[from] item: Leftovers
|turn|6
|J|Aurious
|c|âDennisEG|lol
|c|âDennisEG|yeah im not that guy
|
|move|p2a: Serperior|Hidden Power|p1a: Jirachi
|-supereffective|p1a: Jirachi
|-damage|p1a: Jirachi|165\/404
|-damage|p2a: Serperior|233\/291|[from] item: Life Orb
|move|p1a: Jirachi|Fire Punch|p2a: Serperior
|-supereffective|p2a: Serperior
|-damage|p2a: Serperior|121\/291
|
|-heal|p1a: Jirachi|190\/404|[from] item: Leftovers
|turn|7
|
|switch|p2a: Infernape|Infernape, M|293\/293
|move|p1a: Jirachi|Protect|p1a: Jirachi
|-fail|p1a: Jirachi
|
|-heal|p1a: Jirachi|215\/404|[from] item: Leftovers
|turn|8
|
|switch|p1a: Gligar|Gligar, F|334\/334
|-damage|p1a: Gligar|293\/334|[from] Stealth Rock
|move|p2a: Infernape|Swords Dance|p2a: Infernape
|-boost|p2a: Infernape|atk|2
|
|turn|9
|
|move|p2a: Infernape|Flare Blitz|p1a: Gligar
|-damage|p1a: Gligar|0 fnt
|-damage|p2a: Infernape|196\/293|[from] recoil|[of] p1a: Gligar
|-damage|p2a: Infernape|167\/293|[from] item: Life Orb
|faint|p1a: Gligar
|
|c|âDraco Meteora|oh
|
|switch|p1a: Gengar|Gengar, F|87\/262
|-damage|p1a: Gengar|55\/262|[from] Stealth Rock
|turn|10
|L|Aurious
|J|lunarr
|
|switch|p2a: Sharpedo|Sharpedo, M|281\/281
|move|p1a: Gengar|Sludge Wave|p2a: Sharpedo
|-damage|p2a: Sharpedo|0 fnt
|-damage|p1a: Gengar|29\/262|[from] item: Life Orb
|faint|p2a: Sharpedo
|
|
|switch|p2a: Serperior|Serperior, M|121\/291
|turn|11
|L|mael oo
|
|switch|p1a: Alomomola|Alomomola, F|504\/504
|-damage|p1a: Alomomola|441\/504|[from] Stealth Rock
|move|p2a: Serperior|Leaf Storm|p1a: Alomomola
|-supereffective|p1a: Alomomola
|-damage|p1a: Alomomola|0 fnt
|-boost|p2a: Serperior|spa|2
|-damage|p2a: Serperior|92\/291|[from] item: Life Orb
|faint|p1a: Alomomola
|
|J|Ryuuseiken
|J|Rodri18
|
|switch|p1a: Jirachi|Jirachi|215\/404
|-damage|p1a: Jirachi|190\/404|[from] Stealth Rock
|turn|12
|c|âDraco Meteora|.
|
|move|p2a: Serperior|Hidden Power|p1a: Jirachi
|-supereffective|p1a: Jirachi
|-damage|p1a: Jirachi|0 fnt
|-damage|p2a: Serperior|63\/291|[from] item: Life Orb
|faint|p1a: Jirachi
|
|
|switch|p1a: Altaria|Altaria, F|354\/354
|-damage|p1a: Altaria|266\/354|[from] Stealth Rock
|turn|13
|J|Miles Tails
|
|detailschange|p1a: Altaria|Altaria-Mega, F
|-mega|p1a: Altaria|Altaria|Altarianite
|move|p2a: Serperior|Dragon Pulse|p1a: Altaria
|-immune|p1a: Altaria|[msg]
|move|p1a: Altaria|Hyper Voice|p2a: Serperior
|-damage|p2a: Serperior|0 fnt
|faint|p2a: Serperior
|
|c|âDraco Meteora|meh
|c|âDennisEG|u have 2 OU mons
|c|âDraco Meteora|altaria is UU
|c|âDraco Meteora|yet
|
|switch|p2a: Clefable|Clefable, F|393\/393
|turn|14
|c|âDennisEG|mega not
|
|move|p1a: Altaria|Hyper Voice|p2a: Clefable
|-damage|p2a: Clefable|167\/393
|move|p2a: Clefable|Moonblast|p1a: Altaria
|-supereffective|p1a: Altaria
|-damage|p1a: Altaria|44\/354
|-unboost|p1a: Altaria|spa|1
|
|-heal|p2a: Clefable|191\/393|[from] item: Leftovers
|turn|15
|c|âDraco Meteora|the regulament dont say anything about item
|
|move|p1a: Altaria|Hyper Voice|p2a: Clefable
|-damage|p2a: Clefable|0 fnt
|faint|p2a: Clefable
|
|J|Lactobar
|
|switch|p2a: Infernape|Infernape, M|167\/293
|turn|16
|
|move|p2a: Infernape|Flare Blitz|p1a: Altaria
|-resisted|p1a: Altaria
|-damage|p1a: Altaria|0 fnt
|-damage|p2a: Infernape|152\/293|[from] recoil|[of] p1a: Altaria
|-damage|p2a: Infernape|123\/293|[from] item: Life Orb
|faint|p1a: Altaria
|
|c|âDennisEG|js
|
|switch|p1a: Gengar|Gengar, F|29\/262
|-damage|p1a: Gengar|0 fnt|[from] Stealth Rock
|faint|p1a: Gengar
|
|switch|p1a: Ferroseed|Ferroseed, M|292\/292
|-damage|p1a: Ferroseed|274\/292|[from] Stealth Rock
|turn|17
|c|âDennisEG|gg 
|
|move|p2a: Infernape|Flare Blitz|p1a: Ferroseed
|-supereffective|p1a: Ferroseed
|-damage|p1a: Ferroseed|0 fnt
|-damage|p2a: Infernape|87\/293|[from] ability: Iron Barbs|[of] p1a: Ferroseed
|-damage|p2a: Infernape|0 fnt|[from] recoil|[of] p1a: Ferroseed
|faint|p1a: Ferroseed
|faint|p2a: Infernape
|
|win|DennisEG
|c|âDraco Meteora|gg
|L|Leftiez
|L|Draco Meteora
|player|p1