|inactive|Battle timer is ON: inactive players will automatically lose when time's up.
|J|the pdc show
|J|DennisEG
|player|p1|the pdc show|144
|player|p2|DennisEG|76
|gametype|singles
|gen|6
|tier|Ubers
|rule|Swagger Clause: Swagger is banned
|clearpoke
|poke|p1|Landorus, M
|poke|p1|Thundurus, M
|poke|p1|Bisharp, F
|poke|p1|Slowbro, F
|poke|p1|Heatran, F
|poke|p1|Venusaur, F
|poke|p2|Landorus-Therian, M
|poke|p2|Chesnaught, F
|poke|p2|Heatran, F
|poke|p2|Mew
|poke|p2|Manectric, F
|poke|p2|Suicune
|rule|Mega Rayquaza Ban Mod: You cannot mega evolve Rayquaza
|rule|Sleep Clause Mod: Limit one foe put to sleep
|rule|Species Clause: Limit one of each PokÃ©mon
|rule|Moody Clause: Moody is banned
|rule|OHKO Clause: OHKO moves are banned
|rule|Endless Battle Clause: Forcing endless battles is banned
|rule|HP Percentage Mod: HP is shown in percentages
|teampreview
|J|iplaytennislol
|J|Saph
|J|Qwilphish
|J|skysoki
|J|BahaWin
|J|BasedLord Soldier
|J|Tom Bus
|J|TheCanadianWifier
|J|innovamania
|c|âthe pdc show|lemme link
|J|Haunted.Shadow
|J|Leftiez
|J|Asylum Boss Recept
|J|Vileman
|J|steeljackal
|J|TFC
|J|Montsegur
|J|Chef Usine Chirac
|J|Fireburn
|J|Rodri18
|J|Uxali
|J|Tokyo Tomâ¨
|c|âDennisEG|np
|J|dfmetal
|J|Gizmo
|c|âthe pdc show|ok gl
|J|4trackboy
|J|Ken Valbrandur
|J|KratosMana
|L|Montsegur
|J|Draeden
|J|tele
|c|âDennisEG|modchat pls
|raw|<div class="broadcast-red"><b>Moderated chat was set to +!<\/b><br \/>Only users of rank + and higher can talk.<\/div>
|J|nisell
|c|âthe pdc show|can't set it any higher
|J|davidTheBacPro
|J|kamisama_no49
|J|Celsius
|c|+Tokyo Tomâ¨|*-*
|c|+KratosMana|.
|
|start
|switch|p1a: soon|Heatran, F|385\/385
|switch|p2a: Megaman|Manectric, F|281\/281
|turn|1
|J|mccauley
|J|Bowlii
|J|OuraganGastrique
|L|Chef Usine Chirac
|J|tml
|J|Jibaku
|
|detailschange|p2a: Megaman|Manectric-Mega, F
|-mega|p2a: Megaman|Manectric|Manectite
|-ability|p2a: Megaman|Intimidate|[of] p1a: soon
|-unboost|p1a: soon|atk|1
|move|p2a: Megaman|Volt Switch|p1a: soon
|-damage|p1a: soon|253\/385
|J|Chef Usine Chirac
|J|edgar
|J|AsSalon Fairy Peak
|c|+innovamania|ciele or mcmeghan can set it higher
|
|switch|p2a: Suicune|Suicune|403\/403
|-ability|p2a: Suicune|Pressure
|move|p1a: soon|Stealth Rock|p2a: Suicune
|-sidestart|p2: DennisEG|move: Stealth Rock
|
|-heal|p1a: soon|277\/385|[from] item: Leftovers
|turn|2
|J|Santuga
|c|+Jibaku|oo
|J|Croven
|J|ox the box
|c|+KratosMana|oo
|J|retorno
|L|retorno
|J|retorno
|J|arnyyr
|J|Arcanine is Regal
|
|move|p1a: soon|Taunt|p2a: Suicune
|-start|p2a: Suicune|move: Taunt
|move|p2a: Suicune|Scald|p1a: soon
|-supereffective|p1a: soon
|-damage|p1a: soon|107\/385
|
|-heal|p1a: soon|131\/385|[from] item: Leftovers
|turn|3
|J|WECAMEASROMANS
|J|boudouche
|J|Risky Chance
|J|H-C
|J|Lohgock
|J|DerSweeper
|
|switch|p1a: loveless|Venusaur, F|364\/364
|move|p2a: Suicune|Scald|p1a: loveless
|-resisted|p1a: loveless
|-damage|p1a: loveless|330\/364
|-status|p1a: loveless|brn
|
|-damage|p1a: loveless|285\/364 brn|[from] brn
|turn|4
|J|McMeghan
|J|unamed
|
|switch|p1a: when you sleep|Landorus, M|319\/319
|switch|p2a: Heatran|Heatran, F|380\/380
|-damage|p2a: Heatran|333\/380|[from] Stealth Rock
|
|-heal|p2a: Heatran|356\/380|[from] item: Leftovers
|turn|5
|c|âthe pdc show|burn
|raw|<div class="broadcast-red"><b>Moderated chat was set to %!<\/b><br \/>Only users of rank % and higher can talk.<\/div>
|L|OuraganGastrique
|J|Prankster
|J|RiCH HOMiE CHRiS
|L|skysoki
|J|Qubae
|
|switch|p2a: Landorus-Therian|Landorus-Therian, M|325\/325
|-damage|p2a: Landorus-Therian|285\/325|[from] Stealth Rock
|-ability|p2a: Landorus-Therian|Intimidate|[of] p1a: when you sleep
|-unboost|p1a: when you sleep|atk|1
|move|p1a: when you sleep|Earth Power|p2a: Landorus-Therian
|-immune|p2a: Landorus-Therian|[msg]
|
|turn|6
|J|Ginku
|J|namehtmas
|J|SAGA
|
|move|p2a: Landorus-Therian|U-turn|p1a: when you sleep
|-resisted|p1a: when you sleep
|-damage|p1a: when you sleep|271\/319
|
|switch|p2a: Mew|Mew|404\/404
|-damage|p2a: Mew|354\/404|[from] Stealth Rock
|move|p1a: when you sleep|Earth Power|p2a: Mew
|-damage|p2a: Mew|162\/404
|
|-heal|p2a: Mew|187\/404|[from] item: Leftovers
|turn|7
|J|Ciele
|
|switch|p2a: Landorus-Therian|Landorus-Therian, M|285\/325
|-damage|p2a: Landorus-Therian|245\/325|[from] Stealth Rock
|-ability|p2a: Landorus-Therian|Intimidate|[of] p1a: when you sleep
|-unboost|p1a: when you sleep|atk|1
|move|p1a: when you sleep|Earth Power|p2a: Landorus-Therian
|-immune|p2a: Landorus-Therian|[msg]
|
|turn|8
|J|Arcticblast
|J|BAIKA
|J|Dirpz
|L|unamed
|J|Clique Click
|J|craing ;_;
|J|derpymilktank
|J|Wait2Seconds
|
|switch|p1a: sometimes|Bisharp, F|319\/319
|move|p2a: Landorus-Therian|Knock Off|p1a: sometimes
|-resisted|p1a: sometimes
|-damage|p1a: sometimes|251\/319
|-enditem|p1a: sometimes|Assault Vest|[from] move: Knock Off|[of] p2a: Landorus-Therian
|
|turn|9
|J|phil
|c|âthe pdc show|gonna miss that
|J|Sinclair
|L|davidTheBacPro
|J|bouffalant12345
|J|Souf
|J|miasmata
|
|move|p2a: Landorus-Therian|Knock Off|p1a: sometimes
|-resisted|p1a: sometimes
|-damage|p1a: sometimes|212\/319
|move|p1a: sometimes|Pursuit|p2a: Landorus-Therian
|-damage|p2a: Landorus-Therian|163\/325
|
|turn|10
|J|ITS IGGY IGGS
|J|gorgie
|J|bad ass
|
|move|p1a: sometimes|Pursuit|p2a: Landorus-Therian|[from]Pursuit
|-damage|p2a: Landorus-Therian|10\/325
|switch|p2a: Chesnaught|Chesnaught, F|379\/379
|-damage|p2a: Chesnaught|356\/379|[from] Stealth Rock
|
|-heal|p2a: Chesnaught|379\/379|[from] item: Leftovers
|turn|11
|L|bouffalant12345
|L|edgar
|J|papai noel
|
|switch|p1a: when you sleep|Landorus, M|271\/319
|move|p2a: Chesnaught|Spikes|p1a: when you sleep
|-sidestart|p1: the pdc show|Spikes
|
|turn|12
|
|switch|p2a: Landorus-Therian|Landorus-Therian, M|10\/325
|-damage|p2a: Landorus-Therian|0 fnt|[from] Stealth Rock
|faint|p2a: Landorus-Therian
|move|p1a: when you sleep|Psychic|p2: Landorus-Therian|[notarget]
|-notarget
|
|
|switch|p2a: Megaman|Manectric-Mega, F|281\/281
|-damage|p2a: Megaman|246\/281|[from] Stealth Rock
|-ability|p2a: Megaman|Intimidate|[of] p1a: when you sleep
|-unboost|p1a: when you sleep|atk|1
|turn|13
|J|Ren-chon
|J|FlamingVictini PB
|L|TheCanadianWifier
|J|Montsegur
|L|derpymilktank
|L|Ren-chon
|L|KratosMana
|
|switch|p1a: soon|Heatran, F|131\/385
|-damage|p1a: soon|83\/385|[from] Spikes
|move|p2a: Megaman|Hidden Power|p1a: soon
|-resisted|p1a: soon
|-damage|p1a: soon|67\/385
|
|-heal|p1a: soon|91\/385|[from] item: Leftovers
|turn|14
|J|KratosMana
|J|Toxzn
|
|move|p1a: soon|Protect|p1a: soon
|-singleturn|p1a: soon|Protect
|move|p2a: Megaman|Volt Switch|p1a: soon
|-activate|p1a: soon|Protect
|
|-heal|p1a: soon|115\/385|[from] item: Leftovers
|turn|15
|J|davidTheBacPro
|J|Sweep
|J|Gee Mick
|J|hk417
|L|Gee Mick
|J|Lil fagaphy
|L|dfmetal
|
|move|p2a: Megaman|Volt Switch|p1a: soon
|-damage|p1a: soon|0 fnt
|faint|p1a: soon
|J|Gee Mick
|L|Qubae
|J|RedKingAlmighty
|J|Aristhus
|J|Spuun
|J|Shots Are Fired
|J|IAmGingy
|L|Toxzn
|
|switch|p2a: Suicune|Suicune|403\/403
|-damage|p2a: Suicune|353\/403|[from] Stealth Rock
|-ability|p2a: Suicune|Pressure
|
|-heal|p2a: Suicune|378\/403|[from] item: Leftovers
|J|MegaStarUniverse
|J|bcdsa
|J|Zebraiken
|
|switch|p1a: blown a wish|Thundurus, M|299\/299
|turn|16
|J|Stathakis
|L|Wait2Seconds
|J|dedic
|J|Toxzn
|J|e7e
|
|switch|p2a: Heatran|Heatran, F|356\/380
|-damage|p2a: Heatran|309\/380|[from] Stealth Rock
|move|p1a: blown a wish|Nasty Plot|p1a: blown a wish
|-boost|p1a: blown a wish|spa|2
|
|-heal|p2a: Heatran|332\/380|[from] item: Leftovers
|turn|17
|c|âthe pdc show|please don't fucking miss
|c|âthe pdc show|(it will)
|J|TheCanadianWifier
|L|It's not me imo
|J|It's not me imo
|J|2LTD
|L|dedic
|
|move|p1a: blown a wish|Focus Blast|p2a: Heatran
|-supereffective|p2a: Heatran
|-damage|p2a: Heatran|0 fnt
|faint|p2a: Heatran
|
|
|switch|p2a: Megaman|Manectric-Mega, F|246\/281
|-damage|p2a: Megaman|211\/281|[from] Stealth Rock
|-ability|p2a: Megaman|Intimidate|[of] p1a: blown a wish
|-unboost|p1a: blown a wish|atk|1
|-boost|p1a: blown a wish|atk|2|[from] ability: Defiant
|turn|18
|
|move|p2a: Megaman|Volt Switch|p1a: blown a wish
|-damage|p1a: blown a wish|139\/299
|J|Jukain
|J|Nails
|
|switch|p2a: Mew|Mew|187\/404
|-damage|p2a: Mew|137\/404|[from] Stealth Rock
|move|p1a: blown a wish|Focus Blast|p2a: Mew|[miss]
|-miss|p1a: blown a wish|p2a: Mew
|
|-heal|p1a: blown a wish|157\/299|[from] item: Leftovers
|-heal|p2a: Mew|162\/404|[from] item: Leftovers
|turn|19
|
|move|p1a: blown a wish|Thunderbolt|p2a: Mew
|-damage|p2a: Mew|0 fnt
|faint|p2a: Mew
|
|-heal|p1a: blown a wish|175\/299|[from] item: Leftovers
|J|Sadfthadsf
|
|switch|p2a: Megaman|Manectric-Mega, F|211\/281
|-damage|p2a: Megaman|176\/281|[from] Stealth Rock
|-ability|p2a: Megaman|Intimidate|[of] p1a: blown a wish
|-unboost|p1a: blown a wish|atk|1
|-boost|p1a: blown a wish|atk|2|[from] ability: Defiant
|turn|20
|L|It's not me imo
|J|It's not me imo
|L|It's not me imo
|J|niggstolemyalt
|J|Heist
|J|gr8astard
|
|switch|p1a: only shallow|Slowbro, F|385\/385
|-damage|p1a: only shallow|337\/385|[from] Spikes
|move|p2a: Megaman|Thunderbolt|p1a: only shallow
|-supereffective|p1a: only shallow
|-damage|p1a: only shallow|0 fnt
|faint|p1a: only shallow
|
|
|switch|p1a: loveless|Venusaur, F|285\/364 brn
|-damage|p1a: loveless|240\/364 brn|[from] Spikes
|turn|21
|J|Mr.378
|
|detailschange|p1a: loveless|Venusaur-Mega, F
|-mega|p1a: loveless|Venusaur|Venusaurite
|move|p2a: Megaman|Volt Switch|p1a: loveless
|-resisted|p1a: loveless
|-damage|p1a: loveless|196\/364 brn
|
|switch|p2a: Chesnaught|Chesnaught, F|379\/379
|-damage|p2a: Chesnaught|356\/379|[from] Stealth Rock
|move|p1a: loveless|Giga Drain|p2a: Chesnaught
|-resisted|p2a: Chesnaught
|-damage|p2a: Chesnaught|292\/379
|-heal|p1a: loveless|228\/364 brn|[from] drain|[of] p2a: Chesnaught
|
|-heal|p2a: Chesnaught|315\/379|[from] item: Leftovers
|-damage|p1a: loveless|183\/364 brn|[from] brn
|turn|22
|
|move|p1a: loveless|Synthesis|p1a: loveless
|-heal|p1a: loveless|364\/364 brn
|move|p2a: Chesnaught|Spikes|p1a: loveless
|-sidestart|p1: the pdc show|Spikes
|
|-heal|p2a: Chesnaught|338\/379|[from] item: Leftovers
|-damage|p1a: loveless|319\/364 brn|[from] brn
|turn|23
|
|move|p1a: loveless|Hidden Power|p2a: Chesnaught
|-supereffective|p2a: Chesnaught
|-damage|p2a: Chesnaught|204\/379
|move|p2a: Chesnaught|Leech Seed|p1a: loveless
|-immune|p1a: loveless|[msg]
|
|-heal|p2a: Chesnaught|227\/379|[from] item: Leftovers
|-damage|p1a: loveless|274\/364 brn|[from] brn
|turn|24
|
|move|p1a: loveless|Hidden Power|p2a: Chesnaught
|-supereffective|p2a: Chesnaught
|-damage|p2a: Chesnaught|89\/379
|move|p2a: Chesnaught|Spikes|p1a: loveless
|-sidestart|p1: the pdc show|Spikes
|
|-heal|p2a: Chesnaught|112\/379|[from] item: Leftovers
|-damage|p1a: loveless|229\/364 brn|[from] brn
|turn|25
|J|the Jaiho
|
|move|p1a: loveless|Synthesis|p1a: loveless
|-heal|p1a: loveless|364\/364 brn
|move|p2a: Chesnaught|Hammer Arm|p1a: loveless
|-resisted|p1a: loveless
|-damage|p1a: loveless|311\/364 brn
|-unboost|p2a: Chesnaught|spe|1
|
|-heal|p2a: Chesnaught|135\/379|[from] item: Leftovers
|-damage|p1a: loveless|266\/364 brn|[from] brn
|turn|26
|
|move|p1a: loveless|Hidden Power|p2a: Chesnaught
|-crit|p2a: Chesnaught
|-supereffective|p2a: Chesnaught
|-damage|p2a: Chesnaught|0 fnt
|faint|p2a: Chesnaught
|
|-damage|p1a: loveless|221\/364 brn|[from] brn
|
|switch|p2a: Suicune|Suicune|378\/403
|-damage|p2a: Suicune|328\/403|[from] Stealth Rock
|-ability|p2a: Suicune|Pressure
|turn|27
|J|0rbital
|J|FNH
|J|zdrup
|
|move|p1a: loveless|Giga Drain|p2a: Suicune
|-supereffective|p2a: Suicune
|-damage|p2a: Suicune|146\/403
|-heal|p1a: loveless|312\/364 brn|[from] drain|[of] p2a: Suicune
|move|p2a: Suicune|Calm Mind|p2a: Suicune
|-boost|p2a: Suicune|spa|1
|-boost|p2a: Suicune|spd|1
|
|-heal|p2a: Suicune|171\/403|[from] item: Leftovers
|-damage|p1a: loveless|267\/364 brn|[from] brn
|turn|28
|
|switch|p1a: blown a wish|Thundurus, M|175\/299
|move|p2a: Suicune|Rest|p2a: Suicune
|-status|p2a: Suicune|slp
|-heal|p2a: Suicune|403\/403 slp|[silent]
|-status|p2a: Suicune|slp|[from] move: Rest
|
|-heal|p1a: blown a wish|193\/299|[from] item: Leftovers
|turn|29
|
|move|p1a: blown a wish|Thunderbolt|p2a: Suicune
|-supereffective|p2a: Suicune
|-damage|p2a: Suicune|221\/403 slp
|cant|p2a: Suicune|slp
|move|p2a: Suicune|Sleep Talk|p2a: Suicune
|move|p2a: Suicune|Rest|p2a: Suicune|[from]Sleep Talk
|-fail|p2a: Suicune
|
|-heal|p1a: blown a wish|211\/299|[from] item: Leftovers
|-heal|p2a: Suicune|246\/403 slp|[from] item: Leftovers
|turn|30
|
|switch|p2a: Megaman|Manectric-Mega, F|176\/281
|-damage|p2a: Megaman|141\/281|[from] Stealth Rock
|-ability|p2a: Megaman|Intimidate|[of] p1a: blown a wish
|-unboost|p1a: blown a wish|atk|1
|-boost|p1a: blown a wish|atk|2|[from] ability: Defiant
|move|p1a: blown a wish|Thunderbolt|p2a: Megaman
|-resisted|p2a: Megaman
|-damage|p2a: Megaman|51\/281
|
|-heal|p1a: blown a wish|229\/299|[from] item: Leftovers
|turn|31
|
|move|p2a: Megaman|Thunderbolt|p1a: blown a wish
|-damage|p1a: blown a wish|33\/299
|move|p1a: blown a wish|Thunderbolt|p2a: Megaman
|-resisted|p2a: Megaman
|-damage|p2a: Megaman|0 fnt
|faint|p2a: Megaman
|
|-heal|p1a: blown a wish|51\/299|[from] item: Leftovers
|c|âthe pdc show|gg
|
|switch|p2a: Suicune|Suicune|246\/403 slp
|-damage|p2a: Suicune|196\/403 slp|[from] Stealth Rock
|-ability|p2a: Suicune|Pressure
|turn|32
|c|âDennisEG|gg
|L|bad ass
|c|âthe pdc show|give me like 5 minutes 
|
|move|p1a: blown a wish|Thunderbolt|p2a: Suicune
|-supereffective|p2a: Suicune
|-damage|p2a: Suicune|0 fnt
|faint|p2a: Suicune
|
|win|the pdc show
|L|BasedLord Soldier
|L|retorno
|L|the pdc show
|player|p1
|L|iplaytennislol
|L|DerSweeper
|L|DennisEG
|player|p2
|J|BasedLord Soldier
|L|Ciele
|L|TheCanadianWifier
|L|e7e
|L|Tokyo Tomâ¨
|L|RiCH HOMiE CHRiS
|L|0rbital
|L|tele
|L|BahaWin
|L|Arcanine is Regal
|L|4trackboy
|L|KratosMana
|L|niggstolemyalt
|L|SAGA
|L|AsSalon Fairy Peak
|L|2LTD
|L|BasedLord Soldier
|L|Jukain
|L|Lohgock
|L|the Jaiho
|L|Qwilphish
|L|Arcticblast
|L|papai noel
|L|Santuga
|L|Jibaku
|L|RedKingAlmighty
|L|Nails
|L|WECAMEASROMANS
|L|bcdsa
|L|mccauley
|L|Croven
|L|innovamania
|L|gorgie
|L|MegaStarUniverse
|L|TFC
|L|Haunted.Shadow
|L|ox the box
|L|Rodri18
|L|FNH
|L|Saph
|L|Bowlii
|L|Leftiez
|L|BAIKA
|L|Risky Chance
|L|Prankster
|J|Funkasaurus
|L|IAmGingy
|L|tml
|L|Sinclair
|L|Asylum Boss Recept
|L|Ken Valbrandur
|J|Nails
|L|craing ;_;
|L|Gee Mick
|L|Nails
|L|Stathakis
|L|Montsegur
|L|Celsius
|J|DestinyUnknown
|L|Tom Bus
|L|ITS IGGY IGGS
|J|ITS IGGY IGGS
|L|ITS IGGY IGGS
|L|nisell
|L|Sweep
|L|Draeden