|join|DennisEG
|join|Cosine180
|player|p1|DennisEG|76
|player|p2|Cosine180|33
|gametype|singles
|gen|6
|tier|Random Battle
|rule|Sleep Clause Mod: Limit one foe put to sleep
|rule|HP Percentage Mod: HP is shown in percentages
|
|start
|switch|p1a: Espeon|Espeon, L78, M|229\/229
|switch|p2a: Cradily|Cradily, L86, F|288\/288
|turn|1
|
|move|p1a: Espeon|Psyshock|p2a: Cradily
|-damage|p2a: Cradily|209\/288
|move|p2a: Cradily|Swords Dance|p2a: Cradily
|-boost|p2a: Cradily|atk|2
|
|-heal|p2a: Cradily|227\/288|[from] item: Leftovers
|turn|2
|c|âCosine180|its a wrap
|c|âCosine180|hehe
|c|âDennisEG|yeah i have nothin to dat lol
|
|move|p1a: Espeon|Psyshock|p2a: Cradily
|-damage|p2a: Cradily|143\/288
|move|p2a: Cradily|Seed Bomb|p1a: Espeon
|-damage|p1a: Espeon|12\/229
|
|-heal|p2a: Cradily|161\/288|[from] item: Leftovers
|turn|3
|
|move|p1a: Espeon|Psyshock|p2a: Cradily
|-damage|p2a: Cradily|71\/288
|move|p2a: Cradily|Earthquake|p1a: Espeon
|-damage|p1a: Espeon|0 fnt
|faint|p1a: Espeon
|
|-heal|p2a: Cradily|89\/288|[from] item: Leftovers
|c|âCosine180|cradily the threat
|
|switch|p1a: Milotic|Milotic, L78, F|276\/276
|turn|4
|
|move|p1a: Milotic|Ice Beam|p2a: Cradily
|-supereffective|p2a: Cradily
|-damage|p2a: Cradily|0 fnt
|faint|p2a: Cradily
|
|
|switch|p2a: Uxie|Uxie, L86|269\/269
|turn|5
|c|âDennisEG|if u have recover
|c|âDennisEG|ez snack
|
|move|p2a: Uxie|Stealth Rock|p1a: Milotic
|-sidestart|p1: DennisEG|move: Stealth Rock
|move|p1a: Milotic|Toxic|p2a: Uxie
|-status|p2a: Uxie|tox
|
|-damage|p2a: Uxie|253\/269 tox|[from] psn
|turn|6
|join|lanueba
|c|âCosine180|i wish haha
|
|move|p2a: Uxie|Thunderbolt|p1a: Milotic
|-supereffective|p1a: Milotic
|-damage|p1a: Milotic|186\/276
|move|p1a: Milotic|Scald|p2a: Uxie
|-damage|p2a: Uxie|199\/269 tox
|
|-heal|p2a: Uxie|215\/269 tox|[from] item: Leftovers
|-heal|p1a: Milotic|203\/276|[from] item: Leftovers
|-damage|p2a: Uxie|183\/269 tox|[from] psn
|turn|7
|
|move|p2a: Uxie|U-turn|p1a: Milotic
|-crit|p1a: Milotic
|-damage|p1a: Milotic|124\/276
|
|switch|p2a: Froslass|Froslass, L80, F|243\/243
|move|p1a: Milotic|Scald|p2a: Froslass
|-damage|p2a: Froslass|153\/243
|-start|p1a: Milotic|Disable|Scald
|
|-heal|p2a: Froslass|168\/243|[from] item: Leftovers
|-heal|p1a: Milotic|141\/276|[from] item: Leftovers
|turn|8
|
|switch|p1a: Swanna|Swanna, L88, M|275\/275
|-damage|p1a: Swanna|207\/275|[from] Stealth Rock
|move|p2a: Froslass|Taunt|p1a: Swanna
|-start|p1a: Swanna|move: Taunt
|
|-heal|p1a: Swanna|224\/275|[from] item: Leftovers
|-heal|p2a: Froslass|183\/243|[from] item: Leftovers
|turn|9
|
|move|p1a: Swanna|Hurricane|p2a: Froslass|[miss]
|-miss|p1a: Swanna|p2a: Froslass
|move|p2a: Froslass|Ice Beam|p1a: Swanna
|-crit|p1a: Swanna
|-damage|p1a: Swanna|79\/275
|
|-heal|p1a: Swanna|96\/275|[from] item: Leftovers
|-heal|p2a: Froslass|198\/243|[from] item: Leftovers
|turn|10
|c|âCosine180|oo
|
|move|p1a: Swanna|Hurricane|p2a: Froslass|[miss]
|-miss|p1a: Swanna|p2a: Froslass
|move|p2a: Froslass|Ice Beam|p1a: Swanna
|-damage|p1a: Swanna|11\/275
|
|-heal|p1a: Swanna|28\/275|[from] item: Leftovers
|-heal|p2a: Froslass|213\/243|[from] item: Leftovers
|turn|11
|
|move|p1a: Swanna|Hurricane|p2a: Froslass|[miss]
|-miss|p1a: Swanna|p2a: Froslass
|move|p2a: Froslass|Ice Beam|p1a: Swanna
|-damage|p1a: Swanna|0 fnt
|faint|p1a: Swanna
|
|-heal|p2a: Froslass|228\/243|[from] item: Leftovers
|c|âCosine180|haha
|
|switch|p1a: Aurorus|Aurorus, L88, M|360\/360
|-damage|p1a: Aurorus|270\/360|[from] Stealth Rock
|-weather|Hail
|turn|12
|c|+lanueba|hax(?
|c|âDennisEG|oml
|c|âCosine180|solid
|leave|lanueba
|
|move|p2a: Froslass|Thunder Wave|p1a: Aurorus
|-status|p1a: Aurorus|par
|move|p1a: Aurorus|Ancient Power|p2a: Froslass
|-supereffective|p2a: Froslass
|-damage|p2a: Froslass|40\/243
|
|-weather|Hail|[upkeep]
|-heal|p2a: Froslass|55\/243|[from] item: Leftovers
|-heal|p1a: Aurorus|292\/360 par|[from] item: Leftovers
|turn|13
|
|move|p2a: Froslass|Destiny Bond|p2a: Froslass
|-singlemove|p2a: Froslass|Destiny Bond
|move|p1a: Aurorus|Ancient Power|p2a: Froslass
|-supereffective|p2a: Froslass
|-damage|p2a: Froslass|0 fnt
|-start|p1a: Aurorus|Disable|Ancient Power
|faint|p2a: Froslass
|-activate|p2a: Froslass|Destiny Bond
|faint|p1a: Aurorus
|
|-weather|Hail|[upkeep]
|
|switch|p2a: Ninjask|Ninjask, L88, M|251\/251
|switch|p1a: Rotom|Rotom, L86|226\/226
|-damage|p1a: Rotom|198\/226|[from] Stealth Rock
|turn|14
|
|switch|p2a: Quagsire|Quagsire, L78, F|276\/276
|move|p1a: Rotom|Thunderbolt|p2a: Quagsire
|-immune|p2a: Quagsire|[msg]
|
|-weather|Hail|[upkeep]
|-damage|p1a: Rotom|184\/226|[from] hail
|-damage|p2a: Quagsire|259\/276|[from] hail
|-heal|p2a: Quagsire|276\/276|[from] item: Leftovers
|turn|15
|
|switch|p1a: Milotic|Milotic, L78, F|141\/276
|-damage|p1a: Milotic|107\/276|[from] Stealth Rock
|move|p2a: Quagsire|Yawn|p1a: Milotic
|-start|p1a: Milotic|move: Yawn|[of] p2a: Quagsire
|
|-weather|Hail|[upkeep]
|-damage|p1a: Milotic|90\/276|[from] hail
|-damage|p2a: Quagsire|259\/276|[from] hail
|-heal|p1a: Milotic|107\/276|[from] item: Leftovers
|-heal|p2a: Quagsire|276\/276|[from] item: Leftovers
|turn|16
|
|switch|p2a: Uxie|Uxie, L86|183\/269 tox
|move|p1a: Milotic|Recover|p1a: Milotic
|-heal|p1a: Milotic|245\/276
|
|-status|p1a: Milotic|slp
|-weather|none
|-heal|p2a: Uxie|199\/269 tox|[from] item: Leftovers
|-heal|p1a: Milotic|262\/276 slp|[from] item: Leftovers
|-damage|p2a: Uxie|183\/269 tox|[from] psn
|turn|17
|
|move|p2a: Uxie|Thunderbolt|p1a: Milotic
|-crit|p1a: Milotic
|-supereffective|p1a: Milotic
|-damage|p1a: Milotic|126\/276 slp
|cant|p1a: Milotic|slp
|
|-heal|p2a: Uxie|199\/269 tox|[from] item: Leftovers
|-heal|p1a: Milotic|143\/276 slp|[from] item: Leftovers
|-damage|p2a: Uxie|167\/269 tox|[from] psn
|turn|18
|c|âCosine180|wow 
|
|move|p2a: Uxie|Thunderbolt|p1a: Milotic
|-supereffective|p1a: Milotic
|-damage|p1a: Milotic|45\/276 slp
|cant|p1a: Milotic|slp
|
|-heal|p2a: Uxie|183\/269 tox|[from] item: Leftovers
|-heal|p1a: Milotic|62\/276 slp|[from] item: Leftovers
|-damage|p2a: Uxie|135\/269 tox|[from] psn
|turn|19
|c|âDennisEG|u should play now
|c|âDennisEG|u got the hax power
|c|âCosine180|^
|
|move|p2a: Uxie|Thunderbolt|p1a: Milotic
|-supereffective|p1a: Milotic
|-damage|p1a: Milotic|0 fnt
|faint|p1a: Milotic
|
|-heal|p2a: Uxie|151\/269 tox|[from] item: Leftovers
|-damage|p2a: Uxie|87\/269 tox|[from] psn
|
|switch|p1a: Rotom|Rotom, L86|184\/226
|-damage|p1a: Rotom|156\/226|[from] Stealth Rock
|turn|20
|
|move|p1a: Rotom|Trick|p2a: Uxie
|-activate|p1a: Rotom|move: Trick|[of] p2a: Uxie
|-item|p2a: Uxie|Choice Scarf|[from] move: Trick
|-item|p1a: Rotom|Leftovers|[from] move: Trick
|move|p2a: Uxie|Psyshock|p1a: Rotom
|-damage|p1a: Rotom|75\/226
|
|-heal|p1a: Rotom|89\/226|[from] item: Leftovers
|-damage|p2a: Uxie|7\/269 tox|[from] psn
|turn|21
|
|move|p2a: Uxie|Psyshock|p1a: Rotom
|-crit|p1a: Rotom
|-damage|p1a: Rotom|0 fnt
|faint|p1a: Rotom
|
|-damage|p2a: Uxie|0 fnt|[from] psn
|faint|p2a: Uxie
|c|âCosine180|ahaha
|
|switch|p1a: Beautifly|Beautifly, L88, F|249\/249
|switch|p2a: Quagsire|Quagsire, L78, F|276\/276
|-damage|p1a: Beautifly|125\/249|[from] Stealth Rock
|turn|22
|c|âCosine180|oo
|c|âCosine180|i might lose
|c|âCosine180|if this is giga drain
|
|move|p1a: Beautifly|Substitute|p1a: Beautifly
|-start|p1a: Beautifly|Substitute
|-damage|p1a: Beautifly|63\/249
|move|p2a: Quagsire|Ice Punch|p1a: Beautifly
|-supereffective|p1a: Beautifly
|-end|p1a: Beautifly|Substitute
|
|-heal|p1a: Beautifly|78\/249|[from] item: Leftovers
|turn|23
|
|move|p1a: Beautifly|Bug Buzz|p2a: Quagsire
|-damage|p2a: Quagsire|57\/276
|move|p2a: Quagsire|Ice Punch|p1a: Beautifly
|-crit|p1a: Beautifly
|-supereffective|p1a: Beautifly
|-damage|p1a: Beautifly|0 fnt
|faint|p1a: Beautifly
|
|win|Cosine180
|c|âCosine180|10\/10