|inactive|Battle timer is ON: inactive players will automatically lose when time's up.
|J|DennisEG
|J|JohnxYiu
|player|p1|DennisEG|76
|player|p2|JohnxYiu|20
|gametype|singles
|gen|6
|tier|OU
|clearpoke
|poke|p1|Kyurem-Black
|poke|p1|Scizor, F
|poke|p1|Azumarill, F
|poke|p1|Landorus-Therian, M
|poke|p1|Heatran, F
|poke|p1|Tornadus-Therian, M
|poke|p2|Altaria, M
|poke|p2|Tyranitar, M
|poke|p2|Reuniclus, F, shiny
|poke|p2|Ferrothorn, F
|poke|p2|Gastrodon, F
|poke|p2|Gliscor, M, shiny
|rule|Swagger Clause: Swagger is banned
|rule|Baton Pass Clause: Limit one PokÃ©mon knowing Baton Pass
|rule|Sleep Clause Mod: Limit one foe put to sleep
|rule|Species Clause: Limit one of each PokÃ©mon
|rule|OHKO Clause: OHKO moves are banned
|rule|Moody Clause: Moody is banned
|rule|Evasion Moves Clause: Evasion moves are banned
|rule|Endless Battle Clause: Forcing endless battles is banned
|rule|HP Percentage Mod: HP is shown in percentages
|teampreview
|J|AM
|J|Lockheeed
|J|Bluzen
|J|HONOR
|c|+AM|ost?
|c|âDennisEG|n
|c|âJohnxYiu|farm
|c|âJohnxYiu|lol
|J|Yogiras
|c|+AM|ok
|J|Ludo974
|L|Yogiras
|c|âJohnxYiu|hehe
|J|ULT majaspic22
|J|JabbaTheGriffin
|J|Cosine180
|c|âDennisEG|gl fren
|
|start
|switch|p1a: Azumarill|Azumarill, F|383\/383
|switch|p2a: Ferrothorn|Ferrothorn, F|352\/352
|turn|1
|J|nisher.
|J|bomber
|c|âJohnxYiu|u2 n_n
|J|Moony
|c|âJohnxYiu|i still remember i played u in olt :)
|c|âDennisEG|ye
|
|switch|p1a: Scizor|Scizor, F|344\/344
|move|p2a: Ferrothorn|Power Whip|p1a: Scizor
|-resisted|p1a: Scizor
|-damage|p1a: Scizor|315\/344
|
|turn|2
|J|Aurious
|J|boudouche
|J|fitzy
|L|boudouche
|L|fitzy
|J|mael oo
|L|Aurious
|
|switch|p2a: Gastrodon|Gastrodon, F|426\/426
|detailschange|p1a: Scizor|Scizor-Mega, F
|-mega|p1a: Scizor|Scizor|Scizorite
|move|p1a: Scizor|U-turn|p2a: Gastrodon
|-damage|p2a: Gastrodon|314\/426
|L|HONOR
|J|ampd302
|J|Aurious
|J|Noriya
|J|skysoki
|
|switch|p1a: Kyurem-Black|Kyurem-Black|405\/405
|-ability|p1a: Kyurem-Black|Teravolt
|
|-heal|p2a: Gastrodon|340\/426|[from] item: Leftovers
|turn|3
|J|Altestadores
|
|switch|p2a: Tyranitar|Tyranitar, M|341\/341
|-weather|Sandstorm
|move|p1a: Kyurem-Black|Substitute|p1a: Kyurem-Black
|-start|p1a: Kyurem-Black|Substitute
|-damage|p1a: Kyurem-Black|304\/405
|
|-weather|Sandstorm|[upkeep]
|-damage|p1a: Kyurem-Black|279\/405|[from] sandstorm
|-heal|p1a: Kyurem-Black|304\/405|[from] item: Leftovers
|turn|4
|
|move|p2a: Tyranitar|Stone Edge|p1a: Kyurem-Black|[miss]
|-miss|p2a: Tyranitar|p1a: Kyurem-Black
|move|p1a: Kyurem-Black|Fusion Bolt|p2a: Tyranitar
|-damage|p2a: Tyranitar|216\/341
|
|-weather|Sandstorm|[upkeep]
|-damage|p1a: Kyurem-Black|279\/405|[from] sandstorm
|-heal|p1a: Kyurem-Black|304\/405|[from] item: Leftovers
|turn|5
|
|move|p2a: Tyranitar|Stone Edge|p1a: Kyurem-Black|[miss]
|-miss|p2a: Tyranitar|p1a: Kyurem-Black
|move|p1a: Kyurem-Black|Fusion Bolt|p2a: Tyranitar
|-damage|p2a: Tyranitar|99\/341
|
|-weather|Sandstorm|[upkeep]
|-damage|p1a: Kyurem-Black|279\/405|[from] sandstorm
|-heal|p1a: Kyurem-Black|304\/405|[from] item: Leftovers
|turn|6
|J|Henry
|J|Prankster
|c|+Henry|ost?
|c|âJohnxYiu|nah
|
|switch|p2a: Ferrothorn|Ferrothorn, F|352\/352
|move|p1a: Kyurem-Black|Fusion Bolt|p2a: Ferrothorn
|-crit|p2a: Ferrothorn
|-resisted|p2a: Ferrothorn
|-damage|p2a: Ferrothorn|287\/352
|
|-weather|Sandstorm|[upkeep]
|-damage|p1a: Kyurem-Black|279\/405|[from] sandstorm
|-heal|p1a: Kyurem-Black|304\/405|[from] item: Leftovers
|-heal|p2a: Ferrothorn|309\/352|[from] item: Leftovers
|turn|7
|c|âJohnxYiu|im crying ;_;
|c|âJohnxYiu|stone miss
|c|âDennisEG|:[
|
|move|p1a: Kyurem-Black|Ice Beam|p2a: Ferrothorn
|-damage|p2a: Ferrothorn|194\/352
|move|p2a: Ferrothorn|Gyro Ball|p1a: Kyurem-Black
|-supereffective|p1a: Kyurem-Black
|-end|p1a: Kyurem-Black|Substitute
|
|-weather|none
|-heal|p1a: Kyurem-Black|329\/405|[from] item: Leftovers
|-heal|p2a: Ferrothorn|216\/352|[from] item: Leftovers
|turn|8
|
|move|p1a: Kyurem-Black|Ice Beam|p2a: Ferrothorn
|-damage|p2a: Ferrothorn|99\/352
|move|p2a: Ferrothorn|Gyro Ball|p1a: Kyurem-Black
|-supereffective|p1a: Kyurem-Black
|-damage|p1a: Kyurem-Black|0 fnt
|faint|p1a: Kyurem-Black
|
|-heal|p2a: Ferrothorn|121\/352|[from] item: Leftovers
|J|Jukain
|
|switch|p1a: Tornadus-Therian|Tornadus-Therian, M|303\/303
|turn|9
|
|switch|p2a: Tyranitar|Tyranitar, M|99\/341
|-weather|Sandstorm
|move|p1a: Tornadus-Therian|Superpower|p2a: Tyranitar
|-supereffective|p2a: Tyranitar
|-damage|p2a: Tyranitar|0 fnt
|-unboost|p1a: Tornadus-Therian|atk|1
|-unboost|p1a: Tornadus-Therian|def|1
|-damage|p1a: Tornadus-Therian|273\/303|[from] item: Life Orb
|faint|p2a: Tyranitar
|
|-weather|Sandstorm|[upkeep]
|-damage|p1a: Tornadus-Therian|255\/303|[from] sandstorm
|J|A2tehBR
|
|switch|p2a: Gliscor|Gliscor, M, shiny|352\/352
|turn|10
|
|move|p1a: Tornadus-Therian|Knock Off|p2a: Gliscor
|-damage|p2a: Gliscor|288\/352
|-enditem|p2a: Gliscor|Toxic Orb|[from] move: Knock Off|[of] p1a: Tornadus-Therian
|-damage|p1a: Tornadus-Therian|225\/303|[from] item: Life Orb
|move|p2a: Gliscor|Knock Off|p1a: Tornadus-Therian
|-damage|p1a: Tornadus-Therian|79\/303
|-enditem|p1a: Tornadus-Therian|Life Orb|[from] move: Knock Off|[of] p2a: Gliscor
|
|-weather|Sandstorm|[upkeep]
|-damage|p1a: Tornadus-Therian|61\/303|[from] sandstorm
|turn|11
|c|âJohnxYiu|lol
|c|âJohnxYiu|shoot
|c|âJohnxYiu|choked
|J|lunarr
|L|Aurious
|
|move|p1a: Tornadus-Therian|U-turn|p2a: Gliscor
|-resisted|p2a: Gliscor
|-damage|p2a: Gliscor|270\/352
|c|âDennisEG|i tough u have tect
|
|switch|p1a: Scizor|Scizor-Mega, F|315\/344
|move|p2a: Gliscor|Swords Dance|p2a: Gliscor
|-boost|p2a: Gliscor|atk|2
|
|-weather|Sandstorm|[upkeep]
|turn|12
|
|move|p1a: Scizor|Bullet Punch|p2a: Gliscor
|-damage|p2a: Gliscor|182\/352
|move|p2a: Gliscor|Earthquake|p1a: Scizor
|-damage|p1a: Scizor|173\/344
|
|-weather|Sandstorm|[upkeep]
|turn|13
|
|move|p2a: Gliscor|Roost|p2a: Gliscor
|-heal|p2a: Gliscor|352\/352
|move|p1a: Scizor|Roost|p1a: Scizor
|-heal|p1a: Scizor|344\/344
|
|-weather|none
|turn|14
|L|A2tehBR
|
|move|p2a: Gliscor|Earthquake|p1a: Scizor
|-damage|p1a: Scizor|200\/344
|move|p1a: Scizor|U-turn|p2a: Gliscor
|-resisted|p2a: Gliscor
|-damage|p2a: Gliscor|303\/352
|
|switch|p1a: Azumarill|Azumarill, F|383\/383
|
|turn|15
|
|switch|p2a: Ferrothorn|Ferrothorn, F|121\/352
|move|p1a: Azumarill|Waterfall|p2a: Ferrothorn
|-resisted|p2a: Ferrothorn
|-damage|p2a: Ferrothorn|62\/352
|-damage|p1a: Azumarill|336\/383|[from] ability: Iron Barbs|[of] p2a: Ferrothorn
|
|-heal|p2a: Ferrothorn|84\/352|[from] item: Leftovers
|turn|16
|
|move|p1a: Azumarill|Superpower|p2a: Ferrothorn
|-supereffective|p2a: Ferrothorn
|-damage|p2a: Ferrothorn|0 fnt
|-damage|p1a: Azumarill|289\/383|[from] ability: Iron Barbs|[of] p2a: Ferrothorn
|-unboost|p1a: Azumarill|atk|1
|-unboost|p1a: Azumarill|def|1
|faint|p2a: Ferrothorn
|
|
|switch|p2a: Altaria|Altaria, M|305\/305
|turn|17
|
|switch|p1a: Landorus-Therian|Landorus-Therian, M|325\/325
|-ability|p1a: Landorus-Therian|Intimidate|[of] p2a: Altaria
|-unboost|p2a: Altaria|atk|1
|detailschange|p2a: Altaria|Altaria-Mega, M
|-mega|p2a: Altaria|Altaria|Altarianite
|move|p2a: Altaria|Hyper Voice|p1a: Landorus-Therian
|-damage|p1a: Landorus-Therian|96\/325
|
|turn|18
|
|switch|p2a: Gliscor|Gliscor, M, shiny|303\/352
|move|p1a: Landorus-Therian|Earthquake|p2a: Gliscor
|-immune|p2a: Gliscor|[msg]
|
|turn|19
|
|switch|p1a: Tornadus-Therian|Tornadus-Therian, M|162\/303
|move|p2a: Gliscor|Earthquake|p1a: Tornadus-Therian
|-immune|p1a: Tornadus-Therian|[msg]
|
|turn|20
|
|move|p1a: Tornadus-Therian|Hurricane|p2a: Gliscor|[miss]
|-miss|p1a: Tornadus-Therian|p2a: Gliscor
|move|p2a: Gliscor|Swords Dance|p2a: Gliscor
|-boost|p2a: Gliscor|atk|2
|
|turn|21
|
|move|p1a: Tornadus-Therian|Hurricane|p2a: Gliscor
|-crit|p2a: Gliscor
|-damage|p2a: Gliscor|66\/352
|move|p2a: Gliscor|Knock Off|p1a: Tornadus-Therian
|-crit|p1a: Tornadus-Therian
|-damage|p1a: Tornadus-Therian|0 fnt
|faint|p1a: Tornadus-Therian
|
|J|Rodri18
|
|switch|p1a: Scizor|Scizor-Mega, F|200\/344
|turn|22
|
|switch|p2a: Gastrodon|Gastrodon, F|340\/426
|move|p1a: Scizor|Bullet Punch|p2a: Gastrodon
|-resisted|p2a: Gastrodon
|-damage|p2a: Gastrodon|292\/426
|
|-heal|p2a: Gastrodon|318\/426|[from] item: Leftovers
|turn|23
|
|move|p1a: Scizor|U-turn|p2a: Gastrodon
|-crit|p2a: Gastrodon
|-damage|p2a: Gastrodon|167\/426
|
|switch|p1a: Azumarill|Azumarill, F|289\/383
|move|p2a: Gastrodon|Scald|p1a: Azumarill
|-resisted|p1a: Azumarill
|-damage|p1a: Azumarill|256\/383
|-status|p1a: Azumarill|brn
|
|-heal|p2a: Gastrodon|193\/426|[from] item: Leftovers
|-damage|p1a: Azumarill|209\/383 brn|[from] brn
|turn|24
|J|Joghurt
|
|move|p1a: Azumarill|Play Rough|p2a: Gastrodon
|-damage|p2a: Gastrodon|106\/426
|move|p2a: Gastrodon|Recover|p2a: Gastrodon
|-heal|p2a: Gastrodon|319\/426
|
|-heal|p2a: Gastrodon|345\/426|[from] item: Leftovers
|-damage|p1a: Azumarill|162\/383 brn|[from] brn
|turn|25
|
|move|p1a: Azumarill|Play Rough|p2a: Gastrodon
|-damage|p2a: Gastrodon|266\/426
|move|p2a: Gastrodon|Recover|p2a: Gastrodon
|-heal|p2a: Gastrodon|426\/426
|
|-damage|p1a: Azumarill|115\/383 brn|[from] brn
|turn|26
|
|move|p1a: Azumarill|Play Rough|p2a: Gastrodon
|-damage|p2a: Gastrodon|345\/426
|move|p2a: Gastrodon|Earth Power|p1a: Azumarill
|-damage|p1a: Azumarill|36\/383 brn
|
|-heal|p2a: Gastrodon|371\/426|[from] item: Leftovers
|-damage|p1a: Azumarill|0 fnt|[from] brn
|faint|p1a: Azumarill
|L|nisher.
|
|switch|p1a: Heatran|Heatran, F|380\/380
|turn|27
|J|Gee Mick
|L|bomber
|
|switch|p2a: Reuniclus|Reuniclus, F, shiny|424\/424
|move|p1a: Heatran|Lava Plume|p2a: Reuniclus
|-damage|p2a: Reuniclus|288\/424
|
|-heal|p2a: Reuniclus|314\/424|[from] item: Leftovers
|turn|28
|L|Gee Mick
|J|Gee Mick
|J|Steve Angello
|
|move|p1a: Heatran|Taunt|p2a: Reuniclus
|-start|p2a: Reuniclus|move: Taunt
|move|p2a: Reuniclus|Focus Blast|p1a: Heatran|[miss]
|-miss|p2a: Reuniclus|p1a: Heatran
|
|-heal|p2a: Reuniclus|340\/424|[from] item: Leftovers
|turn|29
|L|Steve Angello
|L|Noriya
|
|switch|p2a: Gliscor|Gliscor, M, shiny|66\/352
|move|p1a: Heatran|Lava Plume|p2a: Gliscor
|-damage|p2a: Gliscor|0 fnt
|faint|p2a: Gliscor
|
|J|rivers of dratini
|
|switch|p2a: Gastrodon|Gastrodon, F|371\/426
|turn|30
|
|move|p1a: Heatran|Toxic|p2a: Gastrodon
|-status|p2a: Gastrodon|tox
|move|p2a: Gastrodon|Earth Power|p1a: Heatran
|-supereffective|p1a: Heatran
|-damage|p1a: Heatran|92\/380
|
|-heal|p1a: Heatran|115\/380|[from] item: Leftovers
|-heal|p2a: Gastrodon|397\/426 tox|[from] item: Leftovers
|-damage|p2a: Gastrodon|371\/426 tox|[from] psn
|turn|31
|
|move|p1a: Heatran|Taunt|p2a: Gastrodon
|-start|p2a: Gastrodon|move: Taunt
|move|p2a: Gastrodon|Scald|p1a: Heatran
|-supereffective|p1a: Heatran
|-damage|p1a: Heatran|0 fnt
|faint|p1a: Heatran
|
|-heal|p2a: Gastrodon|397\/426 tox|[from] item: Leftovers
|-damage|p2a: Gastrodon|345\/426 tox|[from] psn
|
|switch|p1a: Landorus-Therian|Landorus-Therian, M|96\/325
|-ability|p1a: Landorus-Therian|Intimidate|[of] p2a: Gastrodon
|-unboost|p2a: Gastrodon|atk|1
|turn|32
|
|move|p1a: Landorus-Therian|Earthquake|p2a: Gastrodon
|-damage|p2a: Gastrodon|159\/426 tox
|move|p2a: Gastrodon|Scald|p1a: Landorus-Therian
|-supereffective|p1a: Landorus-Therian
|-damage|p1a: Landorus-Therian|0 fnt
|faint|p1a: Landorus-Therian
|
|-heal|p2a: Gastrodon|185\/426 tox|[from] item: Leftovers
|-damage|p2a: Gastrodon|107\/426 tox|[from] psn
|
|switch|p1a: Scizor|Scizor-Mega, F|200\/344
|turn|33
|
|move|p1a: Scizor|U-turn|p2a: Gastrodon
|-damage|p2a: Gastrodon|0 fnt
|faint|p2a: Gastrodon
|
|
|switch|p2a: Altaria|Altaria-Mega, M|305\/305
|turn|34
|
|move|p1a: Scizor|Bullet Punch|p2a: Altaria
|-supereffective|p2a: Altaria
|-damage|p2a: Altaria|111\/305
|move|p2a: Altaria|Fire Blast|p1a: Scizor
|-supereffective|p1a: Scizor
|-damage|p1a: Scizor|0 fnt
|faint|p1a: Scizor
|
|win|JohnxYiu
|L|mael oo
|J|Void
|J|Ernes
|c|âJohnxYiu|gg
|c|âDennisEG|gg
|L|skysoki
|L|Ernes
|L|DennisEG
|player|p1
|L|Void
|L|Cosine180
|L|Joghurt