|join|smogon test123
|join|The TurtleLord
|player|p1|smogon test123|266
|player|p2|The TurtleLord|294
|gametype|singles
|gen|6
|tier|OU
|rated
|clearpoke
|poke|p1|Sableye, F
|poke|p1|Volcarona, M
|poke|p1|Toxicroak, M
|poke|p1|Landorus-Therian, M
|poke|p1|Slowbro, M
|poke|p1|Mamoswine, M
|poke|p2|Metagross, shiny
|poke|p2|Ferrothorn, M
|poke|p2|Landorus-Therian, M
|poke|p2|Manaphy
|poke|p2|Raikou
|poke|p2|Tornadus-Therian, M
|rule|Swagger Clause: Swagger is banned
|rule|Baton Pass Clause: Limit one PokÃ©mon knowing Baton Pass
|rule|Sleep Clause Mod: Limit one foe put to sleep
|rule|Species Clause: Limit one of each PokÃ©mon
|rule|OHKO Clause: OHKO moves are banned
|rule|Moody Clause: Moody is banned
|rule|Evasion Moves Clause: Evasion moves are banned
|rule|Endless Battle Clause: Forcing endless battles is banned
|rule|HP Percentage Mod: HP is shown in percentages
|teampreview
|c|âThe TurtleLord|gl
|join|Altilt
|join|zaeqweqeeeqee
|
|start
|switch|p1a: Sableye|Sableye, F|303\/303
|switch|p2a: Ferrothorn|Ferrothorn, M|352\/352
|turn|1
|
|switch|p2a: Manaphy|Manaphy|362\/362
|detailschange|p1a: Sableye|Sableye-Mega, F
|-mega|p1a: Sableye|Sableye|Sablenite
|move|p1a: Sableye|Knock Off|p2a: Manaphy
|-damage|p2a: Manaphy|257\/362
|-enditem|p2a: Manaphy|Leftovers|[from] move: Knock Off|[of] p1a: Sableye
|
|turn|2
|
|switch|p2a: Tornadus-Therian|Tornadus-Therian, M|332\/332
|switch|p1a: Toxicroak|Toxicroak, M|307\/307
|
|turn|3
|
|switch|p1a: Slowbro|Slowbro, M|393\/393
|move|p2a: Tornadus-Therian|Hurricane|p1a: Slowbro
|-damage|p1a: Slowbro|194\/393
|
|-heal|p1a: Slowbro|218\/393|[from] item: Leftovers
|turn|4
|
|move|p2a: Tornadus-Therian|Knock Off|p1a: Slowbro
|-supereffective|p1a: Slowbro
|-damage|p1a: Slowbro|112\/393
|-enditem|p1a: Slowbro|Leftovers|[from] move: Knock Off|[of] p2a: Tornadus-Therian
|move|p1a: Slowbro|Slack Off|p1a: Slowbro
|-heal|p1a: Slowbro|309\/393
|
|turn|5
|
|move|p2a: Tornadus-Therian|U-turn|p1a: Slowbro
|-supereffective|p1a: Slowbro
|-damage|p1a: Slowbro|229\/393
|
|switch|p2a: Ferrothorn|Ferrothorn, M|352\/352
|move|p1a: Slowbro|Psyshock|p2a: Ferrothorn
|-resisted|p2a: Ferrothorn
|-damage|p2a: Ferrothorn|317\/352
|
|-heal|p2a: Ferrothorn|339\/352|[from] item: Leftovers
|turn|6
|
|switch|p2a: Manaphy|Manaphy|257\/362
|move|p1a: Slowbro|Scald|p2a: Manaphy
|-crit|p2a: Manaphy
|-resisted|p2a: Manaphy
|-damage|p2a: Manaphy|188\/362
|
|turn|7
|join|hand relief
|
|switch|p1a: Toxicroak|Toxicroak, M|307\/307
|move|p2a: Manaphy|Tail Glow|p2a: Manaphy
|-boost|p2a: Manaphy|spa|3
|
|turn|8
|
|move|p1a: Toxicroak|Sucker Punch|p2a: Manaphy
|-damage|p2a: Manaphy|74\/362
|-damage|p1a: Toxicroak|277\/307|[from] item: Life Orb
|move|p2a: Manaphy|Ice Beam|p1a: Toxicroak
|-damage|p1a: Toxicroak|0 fnt
|faint|p1a: Toxicroak
|
|
|switch|p1a: Landorus-Therian|Landorus-Therian, M|325\/325
|-ability|p1a: Landorus-Therian|Intimidate|[of] p2a: Manaphy
|-unboost|p2a: Manaphy|atk|1
|turn|9
|
|move|p1a: Landorus-Therian|Knock Off|p2a: Manaphy
|-crit|p2a: Manaphy
|-damage|p2a: Manaphy|0 fnt
|faint|p2a: Manaphy
|
|
|switch|p2a: Landorus-Therian|Landorus-Therian, M|382\/382
|-ability|p2a: Landorus-Therian|Intimidate|[of] p1a: Landorus-Therian
|-unboost|p1a: Landorus-Therian|atk|1
|turn|10
|
|move|p1a: Landorus-Therian|Knock Off|p2a: Landorus-Therian
|-damage|p2a: Landorus-Therian|315\/382
|-enditem|p2a: Landorus-Therian|Leftovers|[from] move: Knock Off|[of] p1a: Landorus-Therian
|move|p2a: Landorus-Therian|U-turn|p1a: Landorus-Therian
|-resisted|p1a: Landorus-Therian
|-damage|p1a: Landorus-Therian|287\/325
|c|âThe TurtleLord|oh ok..
|
|switch|p2a: Ferrothorn|Ferrothorn, M|339\/352
|
|-heal|p2a: Ferrothorn|352\/352|[from] item: Leftovers
|turn|11
|
|switch|p1a: Sableye|Sableye-Mega, F|303\/303
|switch|p2a: Landorus-Therian|Landorus-Therian, M|315\/382
|-ability|p2a: Landorus-Therian|Intimidate|[of] p1a: Sableye
|-unboost|p1a: Sableye|atk|1
|
|turn|12
|
|move|p2a: Landorus-Therian|U-turn|p1a: Sableye
|-damage|p1a: Sableye|236\/303
|
|switch|p2a: Tornadus-Therian|Tornadus-Therian, M|332\/332
|move|p1a: Sableye|Will-O-Wisp|p2a: Tornadus-Therian|[miss]
|-miss|p1a: Sableye|p2a: Tornadus-Therian
|
|turn|13
|
|move|p2a: Tornadus-Therian|Hurricane|p1a: Sableye|[miss]
|-miss|p2a: Tornadus-Therian|p1a: Sableye
|move|p1a: Sableye|Recover|p1a: Sableye
|-heal|p1a: Sableye|303\/303
|
|turn|14
|
|move|p2a: Tornadus-Therian|Hurricane|p1a: Sableye
|-damage|p1a: Sableye|186\/303
|move|p1a: Sableye|Will-O-Wisp|p2a: Tornadus-Therian|[miss]
|-miss|p1a: Sableye|p2a: Tornadus-Therian
|
|turn|15
|
|move|p2a: Tornadus-Therian|U-turn|p1a: Sableye
|-damage|p1a: Sableye|141\/303
|
|switch|p2a: Raikou|Raikou|321\/321
|-ability|p2a: Raikou|Pressure
|move|p1a: Sableye|Recover|p1a: Sableye
|-heal|p1a: Sableye|293\/303
|
|turn|16
|
|move|p2a: Raikou|Thunderbolt|p1a: Sableye
|-damage|p1a: Sableye|193\/303
|move|p1a: Sableye|Knock Off|p2a: Raikou
|-damage|p2a: Raikou|242\/321
|-enditem|p2a: Raikou|Assault Vest|[from] move: Knock Off|[of] p1a: Sableye
|
|turn|17
|
|switch|p1a: Mamoswine|Mamoswine, M|361\/361
|move|p2a: Raikou|Thunderbolt|p1a: Mamoswine
|-immune|p1a: Mamoswine|[msg]
|
|turn|18
|
|switch|p2a: Ferrothorn|Ferrothorn, M|352\/352
|move|p1a: Mamoswine|Stealth Rock|p2a: Ferrothorn
|-sidestart|p2: The TurtleLord|move: Stealth Rock
|
|turn|19
|
|switch|p1a: Sableye|Sableye-Mega, F|193\/303
|move|p2a: Ferrothorn|Spikes|p1a: Sableye
|move|p1a: Sableye|Spikes|p2a: Ferrothorn|[from]Magic Bounce
|-sidestart|p2: The TurtleLord|Spikes
|
|turn|20
|
|move|p1a: Sableye|Recover|p1a: Sableye
|-heal|p1a: Sableye|303\/303
|move|p2a: Ferrothorn|Power Whip|p1a: Sableye
|-damage|p1a: Sableye|195\/303
|
|turn|21
|
|switch|p2a: Tornadus-Therian|Tornadus-Therian, M|332\/332
|-damage|p2a: Tornadus-Therian|249\/332|[from] Stealth Rock
|move|p1a: Sableye|Will-O-Wisp|p2a: Tornadus-Therian
|-status|p2a: Tornadus-Therian|brn
|
|-damage|p2a: Tornadus-Therian|208\/332 brn|[from] brn
|turn|22
|
|move|p2a: Tornadus-Therian|Hurricane|p1a: Sableye
|-damage|p1a: Sableye|81\/303
|move|p1a: Sableye|Recover|p1a: Sableye
|-heal|p1a: Sableye|233\/303
|
|-damage|p2a: Tornadus-Therian|167\/332 brn|[from] brn
|turn|23
|
|move|p2a: Tornadus-Therian|Hurricane|p1a: Sableye
|-damage|p1a: Sableye|128\/303
|move|p1a: Sableye|Knock Off|p2a: Tornadus-Therian
|-crit|p2a: Tornadus-Therian
|-damage|p2a: Tornadus-Therian|0 fnt
|-enditem|p2a: Tornadus-Therian|Assault Vest|[from] move: Knock Off|[of] p1a: Sableye
|faint|p2a: Tornadus-Therian
|
|
|switch|p2a: Metagross|Metagross, shiny|301\/301
|-damage|p2a: Metagross|264\/301|[from] Spikes
|-damage|p2a: Metagross|246\/301|[from] Stealth Rock
|turn|24
|
|switch|p1a: Slowbro|Slowbro, M|360\/393
|detailschange|p2a: Metagross|Metagross-Mega, shiny
|-mega|p2a: Metagross|Metagross|Metagrossite
|move|p2a: Metagross|Meteor Mash|p1a: Slowbro
|-crit|p1a: Slowbro
|-resisted|p1a: Slowbro
|-damage|p1a: Slowbro|248\/393
|-boost|p2a: Metagross|atk|1
|
|turn|25
|
|move|p2a: Metagross|Pursuit|p1a: Slowbro
|-supereffective|p1a: Slowbro
|-damage|p1a: Slowbro|116\/393
|move|p1a: Slowbro|Thunder Wave|p2a: Metagross
|-status|p2a: Metagross|par
|
|turn|26
|
|move|p1a: Slowbro|Slack Off|p1a: Slowbro
|-heal|p1a: Slowbro|313\/393
|cant|p2a: Metagross|par
|
|turn|27
|
|move|p1a: Slowbro|Scald|p2a: Metagross
|-damage|p2a: Metagross|161\/301 par
|move|p2a: Metagross|Meteor Mash|p1a: Slowbro|[miss]
|-miss|p2a: Metagross|p1a: Slowbro
|
|turn|28
|
|switch|p2a: Raikou|Raikou|242\/321
|-damage|p2a: Raikou|202\/321|[from] Stealth Rock
|-damage|p2a: Raikou|162\/321|[from] Spikes
|-ability|p2a: Raikou|Pressure
|move|p1a: Slowbro|Scald|p2a: Raikou
|-damage|p2a: Raikou|69\/321
|-status|p2a: Raikou|brn
|
|-damage|p2a: Raikou|29\/321 brn|[from] brn
|turn|29
|
|switch|p1a: Mamoswine|Mamoswine, M|361\/361
|move|p2a: Raikou|Shadow Ball|p1a: Mamoswine
|-damage|p1a: Mamoswine|204\/361
|
|-damage|p2a: Raikou|0 fnt|[from] brn
|faint|p2a: Raikou
|
|switch|p2a: Metagross|Metagross-Mega, shiny|161\/301 par
|-damage|p2a: Metagross|143\/301 par|[from] Stealth Rock
|-damage|p2a: Metagross|106\/301 par|[from] Spikes
|turn|30
|
|switch|p1a: Slowbro|Slowbro, M|393\/393
|move|p2a: Metagross|Meteor Mash|p1a: Slowbro
|-resisted|p1a: Slowbro
|-damage|p1a: Slowbro|316\/393
|-boost|p2a: Metagross|atk|1
|
|turn|31
|
|move|p1a: Slowbro|Scald|p2a: Metagross
|-crit|p2a: Metagross
|-damage|p2a: Metagross|0 fnt
|faint|p2a: Metagross
|
|
|switch|p2a: Ferrothorn|Ferrothorn, M|352\/352
|-damage|p2a: Ferrothorn|308\/352|[from] Spikes
|-damage|p2a: Ferrothorn|286\/352|[from] Stealth Rock
|turn|32
|
|move|p1a: Slowbro|Scald|p2a: Ferrothorn
|-resisted|p2a: Ferrothorn
|-damage|p2a: Ferrothorn|250\/352
|move|p2a: Ferrothorn|Power Whip|p1a: Slowbro
|-supereffective|p1a: Slowbro
|-damage|p1a: Slowbro|140\/393
|
|-heal|p2a: Ferrothorn|272\/352|[from] item: Leftovers
|turn|33
|
|switch|p1a: Volcarona|Volcarona, M|347\/347
|move|p2a: Ferrothorn|Power Whip|p1a: Volcarona
|-resisted|p1a: Volcarona
|-damage|p1a: Volcarona|302\/347
|
|-heal|p2a: Ferrothorn|294\/352|[from] item: Leftovers
|turn|34
|c|âThe TurtleLord|gg
|c|âsmogon test123|gg
|-message|The TurtleLord forfeited.
|
|win|smogon test123
|raw|Ladder updating...
|raw|smogon test123's rating: 1445 &rarr; <strong>1468<\/strong><br \/>(+23 for winning)
|raw|The TurtleLord's rating: 1508 &rarr; <strong>1484<\/strong><br \/>(-24 for losing)