|join|smogon test123
|join|b470killer
|player|p1|smogon test123|266
|player|p2|b470killer|55
|gametype|singles
|gen|6
|tier|OU
|rated
|clearpoke
|poke|p1|Sableye, M
|poke|p1|Volcarona, F
|poke|p1|Toxicroak, M
|poke|p1|Landorus-Therian, M
|poke|p1|Slowbro, F
|poke|p1|Mamoswine, F
|poke|p2|Scizor, F
|poke|p2|Slowbro, F
|poke|p2|Zapdos
|poke|p2|Chansey, F
|poke|p2|Clefable, F
|poke|p2|Gliscor, F
|rule|Swagger Clause: Swagger is banned
|rule|Baton Pass Clause: Limit one PokÃ©mon knowing Baton Pass
|rule|Sleep Clause Mod: Limit one foe put to sleep
|rule|Species Clause: Limit one of each PokÃ©mon
|rule|OHKO Clause: OHKO moves are banned
|rule|Moody Clause: Moody is banned
|rule|Evasion Moves Clause: Evasion moves are banned
|rule|Endless Battle Clause: Forcing endless battles is banned
|rule|HP Percentage Mod: HP is shown in percentages
|teampreview
|
|start
|switch|p1a: Sableye|Sableye, M|303\/303
|switch|p2a: Slowbro|Slowbro, F|394\/394
|turn|1
|
|detailschange|p1a: Sableye|Sableye-Mega, M
|-mega|p1a: Sableye|Sableye|Sablenite
|move|p1a: Sableye|Will-O-Wisp|p2a: Slowbro
|-status|p2a: Slowbro|brn
|move|p2a: Slowbro|Scald|p1a: Sableye
|-damage|p1a: Sableye|242\/303
|
|-damage|p2a: Slowbro|345\/394 brn|[from] brn
|turn|2
|
|switch|p1a: Slowbro|Slowbro, F|393\/393
|move|p2a: Slowbro|Scald|p1a: Slowbro
|-resisted|p1a: Slowbro
|-damage|p1a: Slowbro|332\/393
|
|-heal|p1a: Slowbro|356\/393|[from] item: Leftovers
|-heal|p2a: Slowbro|369\/394 brn|[from] item: Leftovers
|-damage|p2a: Slowbro|320\/394 brn|[from] brn
|turn|3
|
|move|p2a: Slowbro|Thunder Wave|p1a: Slowbro
|-status|p1a: Slowbro|par
|move|p1a: Slowbro|Scald|p2a: Slowbro
|-resisted|p2a: Slowbro
|-damage|p2a: Slowbro|266\/394 brn
|
|-heal|p2a: Slowbro|290\/394 brn|[from] item: Leftovers
|-heal|p1a: Slowbro|380\/393 par|[from] item: Leftovers
|-damage|p2a: Slowbro|241\/394 brn|[from] brn
|turn|4
|
|switch|p2a: Chansey|Chansey, F|642\/642
|move|p1a: Slowbro|Scald|p2a: Chansey
|-damage|p2a: Chansey|594\/642
|
|-heal|p1a: Slowbro|393\/393 par|[from] item: Leftovers
|turn|5
|join|TOTEMO
|
|switch|p1a: Sableye|Sableye-Mega, M|242\/303
|move|p2a: Chansey|Aromatherapy|p2a: Chansey
|-cureteam|p2a: Chansey|[from] move: Aromatherapy
|
|turn|6
|join|inimitable
|
|switch|p2a: Clefable|Clefable, F|394\/394
|move|p1a: Sableye|Knock Off|p2a: Clefable
|-resisted|p2a: Clefable
|-damage|p2a: Clefable|352\/394
|-enditem|p2a: Clefable|Leftovers|[from] move: Knock Off|[of] p1a: Sableye
|
|turn|7
|
|switch|p1a: Volcarona|Volcarona, F|347\/347
|move|p2a: Clefable|Moonblast|p1a: Volcarona
|-resisted|p1a: Volcarona
|-damage|p1a: Volcarona|291\/347
|
|turn|8
|
|switch|p2a: Chansey|Chansey, F|594\/642
|move|p1a: Volcarona|Quiver Dance|p1a: Volcarona
|-boost|p1a: Volcarona|spa|1
|-boost|p1a: Volcarona|spd|1
|-boost|p1a: Volcarona|spe|1
|
|turn|9
|
|switch|p1a: Sableye|Sableye-Mega, M|242\/303
|move|p2a: Chansey|Stealth Rock|p1a: Sableye
|move|p1a: Sableye|Stealth Rock|p2a: Chansey|[from]Magic Bounce
|-sidestart|p2: b470killer|move: Stealth Rock
|
|turn|10
|c| inimitable|owned.
|
|switch|p2a: Zapdos|Zapdos|384\/384
|-damage|p2a: Zapdos|288\/384|[from] Stealth Rock
|-ability|p2a: Zapdos|Pressure
|switch|p1a: Toxicroak|Toxicroak, M|307\/307
|
|-heal|p2a: Zapdos|312\/384|[from] item: Leftovers
|turn|11
|c| inimitable|noob
|
|move|p1a: Toxicroak|Gunk Shot|p2a: Zapdos
|-damage|p2a: Zapdos|109\/384
|-status|p2a: Zapdos|psn
|-damage|p1a: Toxicroak|277\/307|[from] item: Life Orb
|move|p2a: Zapdos|Defog|p1a: Toxicroak
|-unboost|p1a: Toxicroak|evasion|1
|-sideend|p2: b470killer|Stealth Rock|[from] move: Defog|[of] p2a: Zapdos
|
|-heal|p2a: Zapdos|133\/384 psn|[from] item: Leftovers
|-damage|p2a: Zapdos|85\/384 psn|[from] psn
|turn|12
|
|switch|p1a: Mamoswine|Mamoswine, F|361\/361
|switch|p2a: Slowbro|Slowbro, F|372\/394
|
|-heal|p2a: Slowbro|394\/394|[from] item: Leftovers
|turn|13
|c|âb470killer|1419 rating you is retard?
|
|move|p1a: Mamoswine|Stealth Rock|p2a: Slowbro
|-sidestart|p2: b470killer|move: Stealth Rock
|move|p2a: Slowbro|Scald|p1a: Mamoswine
|-supereffective|p1a: Mamoswine
|-damage|p1a: Mamoswine|23\/361
|
|turn|14
|c|âb470killer|haha
|c|âsmogon test123|repeat that in english
|c|âsmogon test123|Shut the fuck up b470killer *teleports around and shoots beams at you*'You! *kicks you from behind* Are! *teleports in front of you and uppercuts you into the air* Just! *flies into the air with flaming spiral uppercut* NOOB!
|c|âsmogon test123|*hits you with flame uppercut and grabs your head and throws you down to the ground* NOW DIE FAG!!! *crashes into you with meteor slam attack and kills you*Heh... another noob falls to me. *teleports away*
|
|switch|p1a: Slowbro|Slowbro, F|393\/393 par
|move|p2a: Slowbro|Scald|p1a: Slowbro
|-resisted|p1a: Slowbro
|-damage|p1a: Slowbro|342\/393 par
|
|-heal|p1a: Slowbro|366\/393 par|[from] item: Leftovers
|turn|15
|
|switch|p2a: Chansey|Chansey, F|594\/642
|-damage|p2a: Chansey|514\/642|[from] Stealth Rock
|move|p1a: Slowbro|Scald|p2a: Chansey
|-damage|p2a: Chansey|466\/642
|
|-heal|p1a: Slowbro|390\/393 par|[from] item: Leftovers
|turn|16
|
|switch|p1a: Sableye|Sableye-Mega, M|242\/303
|move|p2a: Chansey|Aromatherapy|p2a: Chansey
|-cureteam|p2a: Chansey|[from] move: Aromatherapy
|
|turn|17
|
|switch|p2a: Clefable|Clefable, F|352\/394
|-damage|p2a: Clefable|303\/394|[from] Stealth Rock
|move|p1a: Sableye|Knock Off|p2a: Clefable
|-resisted|p2a: Clefable
|-damage|p2a: Clefable|273\/394
|
|turn|18
|
|switch|p1a: Mamoswine|Mamoswine, F|23\/361
|move|p2a: Clefable|Wish|p2a: Clefable
|
|turn|19
|
|move|p2a: Clefable|Protect|p2a: Clefable
|-singleturn|p2a: Clefable|Protect
|move|p1a: Mamoswine|Icicle Crash|p2a: Clefable
|-activate|p2a: Clefable|Protect
|
|-heal|p2a: Clefable|394\/394|[from] move: Wish|[wisher] Clefable
|turn|20
|
|switch|p2a: Slowbro|Slowbro, F|394\/394
|-damage|p2a: Slowbro|345\/394|[from] Stealth Rock
|move|p1a: Mamoswine|Icicle Crash|p2a: Slowbro
|-resisted|p2a: Slowbro
|-damage|p2a: Slowbro|294\/394
|
|-heal|p2a: Slowbro|318\/394|[from] item: Leftovers
|turn|21
|
|switch|p1a: Slowbro|Slowbro, F|393\/393 par
|move|p2a: Slowbro|Scald|p1a: Slowbro
|-resisted|p1a: Slowbro
|-damage|p1a: Slowbro|342\/393 par
|
|-heal|p2a: Slowbro|342\/394|[from] item: Leftovers
|-heal|p1a: Slowbro|366\/393 par|[from] item: Leftovers
|turn|22
|
|switch|p2a: Chansey|Chansey, F|466\/642
|-damage|p2a: Chansey|386\/642|[from] Stealth Rock
|switch|p1a: Toxicroak|Toxicroak, M|277\/307
|
|turn|23
|
|switch|p1a: Mamoswine|Mamoswine, F|23\/361
|switch|p2a: Slowbro|Slowbro, F|394\/394
|-damage|p2a: Slowbro|345\/394|[from] Stealth Rock
|
|-heal|p2a: Slowbro|369\/394|[from] item: Leftovers
|turn|24
|
|move|p1a: Mamoswine|Earthquake|p2a: Slowbro
|-damage|p2a: Slowbro|245\/394
|move|p2a: Slowbro|Scald|p1a: Mamoswine
|-supereffective|p1a: Mamoswine
|-damage|p1a: Mamoswine|0 fnt
|faint|p1a: Mamoswine
|
|-heal|p2a: Slowbro|269\/394|[from] item: Leftovers
|
|switch|p1a: Volcarona|Volcarona, F|291\/347
|turn|25
|c|âb470killer|kkkkkk
|c|âb470killer|chupa
|c|âb470killer|noob
|
|move|p1a: Volcarona|Bug Buzz|p2a: Slowbro
|-supereffective|p2a: Slowbro
|-damage|p2a: Slowbro|0 fnt
|-damage|p1a: Volcarona|257\/347|[from] item: Life Orb
|faint|p2a: Slowbro
|
|c|âsmogon test123|nice play
|c|âsmogon test123|idiot!
|join|vermelhin
|c|âb470killer|kkk
|
|switch|p2a: Chansey|Chansey, F|386\/642
|-damage|p2a: Chansey|306\/642|[from] Stealth Rock
|turn|26
|
|switch|p1a: Landorus-Therian|Landorus-Therian, M|325\/325
|-ability|p1a: Landorus-Therian|Intimidate|[of] p2a: Chansey
|-unboost|p2a: Chansey|atk|1
|move|p2a: Chansey|Soft-Boiled|p2a: Chansey
|-heal|p2a: Chansey|627\/642
|
|turn|27
|
|switch|p2a: Scizor|Scizor, F|344\/344
|-damage|p2a: Scizor|301\/344|[from] Stealth Rock
|move|p1a: Landorus-Therian|Knock Off|p2a: Scizor
|-damage|p2a: Scizor|242\/344
|
|turn|28
|
|switch|p1a: Volcarona|Volcarona, F|257\/347
|detailschange|p2a: Scizor|Scizor-Mega, F
|-mega|p2a: Scizor|Scizor|Scizorite
|move|p2a: Scizor|Roost|p2a: Scizor
|-heal|p2a: Scizor|344\/344
|
|turn|29
|
|switch|p2a: Chansey|Chansey, F|627\/642
|-damage|p2a: Chansey|547\/642|[from] Stealth Rock
|move|p1a: Volcarona|Fire Blast|p2a: Chansey
|-damage|p2a: Chansey|421\/642
|-damage|p1a: Volcarona|223\/347|[from] item: Life Orb
|
|turn|30
|
|switch|p1a: Sableye|Sableye-Mega, M|242\/303
|move|p2a: Chansey|Soft-Boiled|p2a: Chansey
|-heal|p2a: Chansey|642\/642
|
|turn|31
|
|switch|p2a: Zapdos|Zapdos|85\/384
|-damage|p2a: Zapdos|0 fnt|[from] Stealth Rock
|faint|p2a: Zapdos
|switch|p1a: Toxicroak|Toxicroak, M|277\/307
|
|
|switch|p2a: Scizor|Scizor-Mega, F|344\/344
|-damage|p2a: Scizor|301\/344|[from] Stealth Rock
|turn|32
|
|switch|p1a: Sableye|Sableye-Mega, M|242\/303
|move|p2a: Scizor|Superpower|p1a: Sableye
|-immune|p1a: Sableye|[msg]
|
|turn|33
|
|move|p2a: Scizor|Bullet Punch|p1a: Sableye
|-damage|p1a: Sableye|155\/303
|move|p1a: Sableye|Will-O-Wisp|p2a: Scizor
|-status|p2a: Scizor|brn
|
|-damage|p2a: Scizor|258\/344 brn|[from] brn
|turn|34
|
|switch|p2a: Chansey|Chansey, F|642\/642
|-damage|p2a: Chansey|562\/642|[from] Stealth Rock
|move|p1a: Sableye|Will-O-Wisp|p2a: Chansey
|-status|p2a: Chansey|brn
|
|-damage|p2a: Chansey|482\/642 brn|[from] brn
|turn|35
|
|move|p2a: Chansey|Aromatherapy|p2a: Chansey
|-cureteam|p2a: Chansey|[from] move: Aromatherapy
|move|p1a: Sableye|Knock Off|p2a: Chansey
|-damage|p2a: Chansey|353\/642
|-enditem|p2a: Chansey|Eviolite|[from] move: Knock Off|[of] p1a: Sableye
|
|turn|36
|
|move|p2a: Chansey|Soft-Boiled|p2a: Chansey
|-heal|p2a: Chansey|642\/642
|move|p1a: Sableye|Will-O-Wisp|p2a: Chansey|[miss]
|-miss|p1a: Sableye|p2a: Chansey
|
|turn|37
|
|move|p2a: Chansey|Stealth Rock|p1a: Sableye
|move|p1a: Sableye|Stealth Rock|p2a: Chansey|[from]Magic Bounce
|-fail|p2a: Chansey
|move|p1a: Sableye|Will-O-Wisp|p2a: Chansey
|-status|p2a: Chansey|brn
|
|-damage|p2a: Chansey|562\/642 brn|[from] brn
|turn|38
|
|move|p2a: Chansey|Stealth Rock|p1a: Sableye
|move|p1a: Sableye|Stealth Rock|p2a: Chansey|[from]Magic Bounce
|-fail|p2a: Chansey
|move|p1a: Sableye|Recover|p1a: Sableye
|-heal|p1a: Sableye|303\/303
|
|-damage|p2a: Chansey|482\/642 brn|[from] brn
|turn|39
|
|switch|p1a: Volcarona|Volcarona, F|223\/347
|move|p2a: Chansey|Stealth Rock|p1a: Volcarona
|-sidestart|p1: smogon test123|move: Stealth Rock
|
|-damage|p2a: Chansey|402\/642 brn|[from] brn
|turn|40
|
|move|p1a: Volcarona|Quiver Dance|p1a: Volcarona
|-boost|p1a: Volcarona|spa|1
|-boost|p1a: Volcarona|spd|1
|-boost|p1a: Volcarona|spe|1
|move|p2a: Chansey|Aromatherapy|p2a: Chansey
|-cureteam|p2a: Chansey|[from] move: Aromatherapy
|
|turn|41
|
|move|p1a: Volcarona|Giga Drain|p2a: Chansey
|-damage|p2a: Chansey|277\/642
|-heal|p1a: Volcarona|286\/347|[from] drain|[of] p2a: Chansey
|-damage|p1a: Volcarona|252\/347|[from] item: Life Orb
|move|p2a: Chansey|Seismic Toss|p1a: Volcarona
|-damage|p1a: Volcarona|152\/347
|
|turn|42
|
|move|p1a: Volcarona|Fire Blast|p2a: Chansey
|-damage|p2a: Chansey|0 fnt
|-damage|p1a: Volcarona|118\/347|[from] item: Life Orb
|faint|p2a: Chansey
|
|
|switch|p2a: Clefable|Clefable, F|394\/394
|-damage|p2a: Clefable|345\/394|[from] Stealth Rock
|turn|43
|
|move|p1a: Volcarona|Fire Blast|p2a: Clefable
|-damage|p2a: Clefable|51\/394
|-damage|p1a: Volcarona|84\/347|[from] item: Life Orb
|move|p2a: Clefable|Calm Mind|p2a: Clefable
|-boost|p2a: Clefable|spa|1
|-boost|p2a: Clefable|spd|1
|
|turn|44
|c|âsmogon test123|gg
|c|âsmogon test123|easy!
|
|move|p2a: Clefable|Protect|p2a: Clefable
|-singleturn|p2a: Clefable|Protect
|move|p1a: Volcarona|Giga Drain|p2a: Clefable
|-activate|p2a: Clefable|Protect
|
|turn|45
|
|move|p1a: Volcarona|Giga Drain|p2a: Clefable
|-damage|p2a: Clefable|0 fnt
|-heal|p1a: Volcarona|110\/347|[from] drain|[of] p2a: Clefable
|-damage|p1a: Volcarona|76\/347|[from] item: Life Orb
|faint|p2a: Clefable
|
|-message|b470killer forfeited.
|
|win|smogon test123
|raw|Ladder updating...
|leave|b470killer
|player|p2
|raw|smogon test123's rating: 1623 &rarr; <strong>1644<\/strong><br \/>(+21 for winning)
|raw|b470killer's rating: 1648 &rarr; <strong>1627<\/strong><br \/>(-21 for losing)
|c|âsmogon test123|owned