|join|smogon test123
|join|Ordall
|player|p1|smogon test123|266
|player|p2|Ordall|248
|gametype|singles
|gen|6
|tier|OU
|rated
|clearpoke
|poke|p1|Sableye, F
|poke|p1|Volcarona, F
|poke|p1|Toxicroak, M
|poke|p1|Landorus-Therian, M
|poke|p1|Slowbro, F
|poke|p1|Mamoswine, F
|poke|p2|Gardevoir, F
|poke|p2|Thundurus, M
|poke|p2|Talonflame, F
|poke|p2|Conkeldurr, M
|poke|p2|Dragonite, M
|poke|p2|Heatran, M
|rule|Swagger Clause: Swagger is banned
|rule|Baton Pass Clause: Limit one PokÃ©mon knowing Baton Pass
|rule|Sleep Clause Mod: Limit one foe put to sleep
|rule|Species Clause: Limit one of each PokÃ©mon
|rule|OHKO Clause: OHKO moves are banned
|rule|Moody Clause: Moody is banned
|rule|Evasion Moves Clause: Evasion moves are banned
|rule|Endless Battle Clause: Forcing endless battles is banned
|rule|HP Percentage Mod: HP is shown in percentages
|teampreview
|c|âOrdall|dude!
|c|âsmogon test123|nooby
|join|the haxy child
|c|âsmogon test123|u noob
|c| the haxy child|your shit
|c| the haxy child|ordall
|c| the haxy child|yoru bad
|
|start
|switch|p1a: Toxicroak|Toxicroak, M|307\/307
|switch|p2a: Heatran|Heatran, M|323\/323
|-item|p2a: Heatran|Air Balloon
|turn|1
|c|âOrdall|i changed my team you can beat me now if you dont play dumb again
|c| the haxy child|>
|
|move|p1a: Toxicroak|Drain Punch|p2a: Heatran
|-supereffective|p2a: Heatran
|-damage|p2a: Heatran|11\/323
|-enditem|p2a: Heatran|Air Balloon
|-damage|p1a: Toxicroak|277\/307|[from] item: Life Orb
|move|p2a: Heatran|Lava Plume|p1a: Toxicroak
|-damage|p1a: Toxicroak|16\/307
|
|turn|2
|
|move|p1a: Toxicroak|Drain Punch|p2a: Heatran
|-supereffective|p2a: Heatran
|-damage|p2a: Heatran|0 fnt
|-heal|p1a: Toxicroak|22\/307|[from] drain|[of] p2a: Heatran
|-damage|p1a: Toxicroak|0 fnt|[from] item: Life Orb
|faint|p2a: Heatran
|faint|p1a: Toxicroak
|
|
|switch|p1a: Volcarona|Volcarona, F|347\/347
|switch|p2a: Dragonite|Dragonite, M|323\/323
|turn|3
|
|switch|p1a: Landorus-Therian|Landorus-Therian, M|325\/325
|-ability|p1a: Landorus-Therian|Intimidate|[of] p2a: Dragonite
|-unboost|p2a: Dragonite|atk|1
|move|p2a: Dragonite|Outrage|p1a: Landorus-Therian
|-damage|p1a: Landorus-Therian|105\/325
|-damage|p2a: Dragonite|291\/323|[from] item: Life Orb
|
|turn|4
|c|âsmogon test123|like why
|c| the haxy child|Like Why
|c| the haxy child|Yáµáµ Oá¶°Ë¡Ê¸ Lá¶¤áµáµ Oá¶°á¶áµ
|
|move|p1a: Landorus-Therian|Stone Edge|p2a: Dragonite|[miss]
|-miss|p1a: Landorus-Therian|p2a: Dragonite
|move|p2a: Dragonite|Outrage|p1a: Landorus-Therian
|-damage|p1a: Landorus-Therian|0 fnt
|-damage|p2a: Dragonite|259\/323|[from] item: Life Orb
|faint|p1a: Landorus-Therian
|
|join|TOTEMO
|c|âsmogon test123|what is this fucking bullshit
|c| the haxy child|WHAT
|c|âsmogon test123|holy shit
|
|switch|p1a: Mamoswine|Mamoswine, F|361\/361
|turn|5
|
|move|p1a: Mamoswine|Icicle Crash|p2a: Dragonite
|-supereffective|p2a: Dragonite
|-damage|p2a: Dragonite|0 fnt
|faint|p2a: Dragonite
|
|
|switch|p2a: Conkeldurr|Conkeldurr, M|413\/413
|turn|6
|
|switch|p1a: Sableye|Sableye, F|303\/303
|move|p2a: Conkeldurr|Knock Off|p1a: Sableye
|-damage|p1a: Sableye|199\/303
|
|turn|7
|
|switch|p1a: Volcarona|Volcarona, F|347\/347
|switch|p2a: Gardevoir|Gardevoir, F|277\/277
|-ability|p2a: Gardevoir|Flame Body|[from] ability: Trace|[of] p1a: Volcarona
|
|turn|8
|join|Altilt
|c|âOrdall|i hope you have speed
|
|detailschange|p2a: Gardevoir|Gardevoir-Mega, F
|-mega|p2a: Gardevoir|Gardevoir|Gardevoirite
|move|p1a: Volcarona|Bug Buzz|p2a: Gardevoir
|-damage|p2a: Gardevoir|102\/277
|-damage|p1a: Volcarona|313\/347|[from] item: Life Orb
|move|p2a: Gardevoir|Encore|p1a: Volcarona
|-start|p1a: Volcarona|Encore
|
|turn|9
|c|âsmogon test123|Lmfao
|c|âsmogon test123|Like why
|
|move|p2a: Gardevoir|Psyshock|p1a: Volcarona
|-damage|p1a: Volcarona|46\/347
|move|p1a: Volcarona|Bug Buzz|p2a: Gardevoir
|-damage|p2a: Gardevoir|0 fnt
|-damage|p1a: Volcarona|12\/347|[from] item: Life Orb
|faint|p2a: Gardevoir
|
|c| Altilt|>not even switching
|c|âOrdall|like why? because quiver dance noob
|c| Altilt|u think hes asking
|c| Altilt|why are u running fucking encore
|c| the haxy child|yes
|c| Altilt|on mgarde
|c|âOrdall|dont make me post the replay of your previous ass whipping
|c| the haxy child|lol
|c|âsmogon test123|LMAO^
|c|âsmogon test123|HAHAHAAHAH
|c|âsmogon test123|this kid is such a joke
|
|switch|p2a: Thundurus|Thundurus, M|299\/299
|turn|10
|c| Altilt|did this kid actually beat u
|c| Altilt|was he
|c| Altilt|lucky n bad?
|c|âsmogon test123|he haxed me
|c|âsmogon test123|ye
|c|âsmogon test123|h did it in this game too
|c|âOrdall|he missed one stone edge and claimed hax
|c|âsmogon test123|but hes still struggling
|c|âsmogon test123|BECAUSE IT MATTERED?
|c| Altilt|looks like ur winning this anyways....
|c|âsmogon test123|lol this kid is shit
|c| Altilt|literally how do u lose
|c|âsmogon test123|YOUR SHIT
|c| Altilt|from here
|c|âsmogon test123|OK?
|c| Altilt|i dont see a way
|c| the haxy child|this kids terrible
|c|âOrdall|he lost
|c|âsmogon test123|yeah he should lose
|c| the haxy child|i wipe my ass with this kid
|
|move|p2a: Thundurus|Dark Pulse|p1a: Volcarona
|-damage|p1a: Volcarona|0 fnt
|-damage|p2a: Thundurus|270\/299|[from] item: Life Orb
|faint|p1a: Volcarona
|
|c|âsmogon test123|the only time a moron like this would beat me
|c|âsmogon test123|>>>
|c| Altilt|>DANK
|c|âsmogon test123|IF HE GOT HAXED
|c|âsmogon test123|wow
|c|âsmogon test123|THIS GUY
|c|âsmogon test123|IS SUCH A NOOB
|c| Altilt|is
|c| Altilt|dank
|c| Altilt|gunna
|c| Altilt|be dank
|c| Altilt|!?!?!?!?
|
|switch|p1a: Mamoswine|Mamoswine, F|361\/361
|turn|11
|c| Altilt|ids gunna
|c| Altilt|ids
|
|switch|p2a: Conkeldurr|Conkeldurr, M|413\/413
|move|p1a: Mamoswine|Stealth Rock|p2a: Conkeldurr
|-sidestart|p2: Ordall|move: Stealth Rock
|
|turn|12
|c| Altilt|HABBENIN
|c| Altilt|no its not ok
|
|switch|p1a: Slowbro|Slowbro, F|393\/393
|switch|p2a: Thundurus|Thundurus, M|270\/299
|-damage|p2a: Thundurus|196\/299|[from] Stealth Rock
|
|turn|13
|c|âsmogon test123|good job
|
|switch|p1a: Sableye|Sableye, F|199\/303
|move|p2a: Thundurus|Dark Pulse|p1a: Sableye
|-damage|p1a: Sableye|77\/303
|-damage|p2a: Thundurus|167\/299|[from] item: Life Orb
|
|turn|14
|
|detailschange|p1a: Sableye|Sableye-Mega, F
|-mega|p1a: Sableye|Sableye|Sablenite
|move|p2a: Thundurus|Thunderbolt|p1a: Sableye
|-damage|p1a: Sableye|0 fnt
|-damage|p2a: Thundurus|138\/299|[from] item: Life Orb
|faint|p1a: Sableye
|
|
|switch|p1a: Mamoswine|Mamoswine, F|361\/361
|turn|15
|
|switch|p2a: Conkeldurr|Conkeldurr, M|413\/413
|-damage|p2a: Conkeldurr|388\/413|[from] Stealth Rock
|move|p1a: Mamoswine|Ice Shard|p2a: Conkeldurr
|-damage|p2a: Conkeldurr|315\/413
|
|turn|16
|
|switch|p1a: Slowbro|Slowbro, F|393\/393
|move|p2a: Conkeldurr|Knock Off|p1a: Slowbro
|-supereffective|p1a: Slowbro
|-damage|p1a: Slowbro|217\/393
|-enditem|p1a: Slowbro|Leftovers|[from] move: Knock Off|[of] p2a: Conkeldurr
|
|turn|17
|
|move|p2a: Conkeldurr|Knock Off|p1a: Slowbro
|-supereffective|p1a: Slowbro
|-damage|p1a: Slowbro|87\/393
|move|p1a: Slowbro|Slack Off|p1a: Slowbro
|-heal|p1a: Slowbro|284\/393
|
|turn|18
|
|move|p2a: Conkeldurr|Knock Off|p1a: Slowbro
|-supereffective|p1a: Slowbro
|-damage|p1a: Slowbro|158\/393
|move|p1a: Slowbro|Psyshock|p2a: Conkeldurr
|-supereffective|p2a: Conkeldurr
|-damage|p2a: Conkeldurr|109\/413
|
|turn|19
|
|switch|p2a: Thundurus|Thundurus, M|138\/299
|-damage|p2a: Thundurus|64\/299|[from] Stealth Rock
|move|p1a: Slowbro|Slack Off|p1a: Slowbro
|-heal|p1a: Slowbro|355\/393
|
|turn|20
|
|switch|p1a: Mamoswine|Mamoswine, F|361\/361
|move|p2a: Thundurus|Dark Pulse|p1a: Mamoswine
|-damage|p1a: Mamoswine|157\/361
|-damage|p2a: Thundurus|35\/299|[from] item: Life Orb
|
|turn|21
|c| the haxy child|ordall noob
|
|move|p1a: Mamoswine|Ice Shard|p2a: Thundurus
|-supereffective|p2a: Thundurus
|-damage|p2a: Thundurus|0 fnt
|faint|p2a: Thundurus
|
|c| the haxy child|haha
|
|switch|p2a: Talonflame|Talonflame, F|297\/297
|-damage|p2a: Talonflame|149\/297|[from] Stealth Rock
|turn|22
|c|âsmogon test123|your trash
|c|âsmogon test123|noob
|
|move|p2a: Talonflame|Brave Bird|p1a: Mamoswine
|-damage|p1a: Mamoswine|0 fnt
|-damage|p2a: Talonflame|97\/297|[from] recoil|[of] p1a: Mamoswine
|-damage|p2a: Talonflame|68\/297|[from] item: Life Orb
|faint|p1a: Mamoswine
|
|
|switch|p1a: Slowbro|Slowbro, F|393\/393
|turn|23
|
|move|p2a: Talonflame|Brave Bird|p1a: Slowbro
|-damage|p1a: Slowbro|263\/393
|-damage|p2a: Talonflame|25\/297|[from] recoil|[of] p1a: Slowbro
|-damage|p2a: Talonflame|0 fnt|[from] item: Life Orb
|faint|p2a: Talonflame
|move|p1a: Slowbro|Scald|p2: Talonflame|[notarget]
|-notarget
|
|c| the haxy child|YOUR SHIT
|c|âsmogon test123|you're horrible
|c|âsmogon test123|you cant win without hax
|c|âsmogon test123|i destroyed you
|c|âsmogon test123|bow down to your god
|c|âOrdall|lol i beat you 3-0 you beat me 1-0 lol, you suck. if i kept my team you would lose
|c| the haxy child|youve been destroyed
|c|âsmogon test123|slowbro>your pathetic pitiful team scrub
|c|âsmogon test123|you're garbage
|c|âsmogon test123|shut up stop talking
|
|switch|p2a: Conkeldurr|Conkeldurr, M|109\/413
|-damage|p2a: Conkeldurr|84\/413|[from] Stealth Rock
|turn|24
|c| the haxy child|APOLOGIZE WITH DIGINITY
|c|âOrdall|1-0 vs 3-0 fuck you
|c|âsmogon test123|you won because of hax you pitiful excuse of a player
|c|âsmogon test123|you're garbage
|c| the haxy child|SLOWBRO>YOUR PITIFUL PATHETIC WEAK NOOB SKILLESS SNIVELING WIMP
|c| the haxy child|TEMA
|c| the haxy child|YOU FUCKING USELESS SKILLESS WIMP PATHETIC PONG SCUM
|c|âsmogon test123|apologize with dignity scurb
|c| the haxy child|POND
|c|âsmogon test123|scrub
|c| the haxy child|AP0LOGIZE
|c| the haxy child|WITH DIGNITY
|c|âOrdall|lol i beat you dude
|c|âsmogon test123|you only beat me because of hax
|
|move|p2a: Conkeldurr|Knock Off|p1a: Slowbro
|-supereffective|p1a: Slowbro
|-damage|p1a: Slowbro|133\/393
|move|p1a: Slowbro|Psyshock|p2a: Conkeldurr
|-supereffective|p2a: Conkeldurr
|-damage|p2a: Conkeldurr|0 fnt
|faint|p2a: Conkeldurr
|
|win|smogon test123
|raw|Ladder updating...
|c|âsmogon test123|but now that you didnt get any
|raw|smogon test123's rating: 1685 &rarr; <strong>1697<\/strong><br \/>(+12 for winning)
|raw|Ordall's rating: 1546 &rarr; <strong>1533<\/strong><br \/>(-13 for losing)
|c|âsmogon test123|you lose like a GARBAGE PLAYER
|leave|Ordall
|c|âsmogon test123|YOUR GARBAGE
|player|p2