|join|Alohomora a
|join|smogon test123
|player|p1|Alohomora a|266
|player|p2|smogon test123|266
|gametype|singles
|gen|6
|tier|OU
|rated
|clearpoke
|poke|p1|Infernape, F
|poke|p1|Azumarill, F
|poke|p1|Metagross
|poke|p1|Thundurus, M
|poke|p1|Landorus, M
|poke|p1|Lucario, F
|poke|p2|Sableye, M
|poke|p2|Volcarona, F
|poke|p2|Toxicroak, M
|poke|p2|Landorus-Therian, M
|poke|p2|Slowbro, M
|poke|p2|Mamoswine, F
|rule|Swagger Clause: Swagger is banned
|rule|Baton Pass Clause: Limit one PokÃ©mon knowing Baton Pass
|rule|Sleep Clause Mod: Limit one foe put to sleep
|rule|Species Clause: Limit one of each PokÃ©mon
|rule|OHKO Clause: OHKO moves are banned
|rule|Moody Clause: Moody is banned
|rule|Evasion Moves Clause: Evasion moves are banned
|rule|Endless Battle Clause: Forcing endless battles is banned
|rule|HP Percentage Mod: HP is shown in percentages
|teampreview
|join|the haxy child
|join|mouse de frank
|
|start
|switch|p1a: Infernape|Infernape, F|294\/294
|switch|p2a: Sableye|Sableye, M|303\/303
|turn|1
|
|detailschange|p2a: Sableye|Sableye-Mega, M
|-mega|p2a: Sableye|Sableye|Sablenite
|move|p1a: Infernape|Fire Blast|p2a: Sableye
|-damage|p2a: Sableye|188\/303
|move|p2a: Sableye|Knock Off|p1a: Infernape
|-resisted|p1a: Infernape
|-damage|p1a: Infernape|228\/294
|-enditem|p1a: Infernape|Focus Sash|[from] move: Knock Off|[of] p2a: Sableye
|
|turn|2
|
|move|p1a: Infernape|Fire Blast|p2a: Sableye
|-damage|p2a: Sableye|79\/303
|-status|p2a: Sableye|brn
|move|p2a: Sableye|Recover|p2a: Sableye
|-heal|p2a: Sableye|231\/303 brn
|
|-damage|p2a: Sableye|194\/303 brn|[from] brn
|turn|3
|
|move|p1a: Infernape|Fire Blast|p2a: Sableye
|-damage|p2a: Sableye|86\/303 brn
|move|p2a: Sableye|Recover|p2a: Sableye
|-heal|p2a: Sableye|238\/303 brn
|
|-damage|p2a: Sableye|201\/303 brn|[from] brn
|turn|4
|
|move|p1a: Infernape|Fire Blast|p2a: Sableye
|-damage|p2a: Sableye|99\/303 brn
|move|p2a: Sableye|Recover|p2a: Sableye
|-heal|p2a: Sableye|251\/303 brn
|
|-damage|p2a: Sableye|214\/303 brn|[from] brn
|turn|5
|
|switch|p1a: Azumarill|Azumarill, F|364\/364
|move|p2a: Sableye|Recover|p2a: Sableye
|-heal|p2a: Sableye|303\/303 brn
|
|-damage|p2a: Sableye|266\/303 brn|[from] brn
|turn|6
|join|TOTEMO
|
|switch|p2a: Slowbro|Slowbro, M|393\/393
|move|p1a: Azumarill|Play Rough|p2a: Slowbro
|-damage|p2a: Slowbro|267\/393
|
|-heal|p2a: Slowbro|291\/393|[from] item: Leftovers
|turn|7
|
|move|p1a: Azumarill|Knock Off|p2a: Slowbro
|-supereffective|p2a: Slowbro
|-damage|p2a: Slowbro|99\/393
|-enditem|p2a: Slowbro|Leftovers|[from] move: Knock Off|[of] p1a: Azumarill
|move|p2a: Slowbro|Scald|p1a: Azumarill
|-resisted|p1a: Azumarill
|-damage|p1a: Azumarill|307\/364
|
|turn|8
|
|switch|p2a: Sableye|Sableye-Mega, M|266\/303 brn
|move|p1a: Azumarill|Belly Drum|p1a: Azumarill
|-damage|p1a: Azumarill|125\/364
|-setboost|p1a: Azumarill|atk|6|[from] move: Belly Drum
|-enditem|p1a: Azumarill|Sitrus Berry|[eat]
|-heal|p1a: Azumarill|216\/364|[from] item: Sitrus Berry
|
|-damage|p2a: Sableye|229\/303 brn|[from] brn
|turn|9
|
|move|p1a: Azumarill|Play Rough|p2a: Sableye
|-crit|p2a: Sableye
|-supereffective|p2a: Sableye
|-damage|p2a: Sableye|0 fnt
|faint|p2a: Sableye
|
|c| the haxy child|Alohomora
|
|switch|p2a: Toxicroak|Toxicroak, M|307\/307
|turn|10
|
|switch|p1a: Metagross|Metagross|301\/301
|move|p2a: Toxicroak|Gunk Shot|p1a: Metagross
|-immune|p1a: Metagross|[msg]
|
|turn|11
|c|+TOTEMO|good bd
|
|switch|p2a: Slowbro|Slowbro, M|230\/393
|switch|p1a: Infernape|Infernape, F|228\/294
|
|turn|12
|leave|the haxy child
|
|move|p1a: Infernape|Stealth Rock|p2a: Slowbro
|-sidestart|p2: smogon test123|move: Stealth Rock
|move|p2a: Slowbro|Scald|p1a: Infernape
|-supereffective|p1a: Infernape
|-damage|p1a: Infernape|0 fnt
|faint|p1a: Infernape
|
|
|switch|p1a: Landorus|Landorus, M|319\/319
|turn|13
|
|switch|p2a: Landorus-Therian|Landorus-Therian, M|325\/325
|-damage|p2a: Landorus-Therian|285\/325|[from] Stealth Rock
|-ability|p2a: Landorus-Therian|Intimidate|[of] p1a: Landorus
|-unboost|p1a: Landorus|atk|1
|move|p1a: Landorus|Earth Power|p2a: Landorus-Therian
|-immune|p2a: Landorus-Therian|[msg]
|
|turn|14
|
|switch|p1a: Azumarill|Azumarill, F|216\/364
|move|p2a: Landorus-Therian|Stone Edge|p1a: Azumarill
|-damage|p1a: Azumarill|59\/364
|
|turn|15
|
|switch|p2a: Slowbro|Slowbro, M|361\/393
|-damage|p2a: Slowbro|312\/393|[from] Stealth Rock
|move|p1a: Azumarill|Aqua Jet|p2a: Slowbro
|-resisted|p2a: Slowbro
|-damage|p2a: Slowbro|285\/393
|
|turn|16
|
|move|p1a: Azumarill|Play Rough|p2a: Slowbro|[miss]
|-miss|p1a: Azumarill|p2a: Slowbro
|move|p2a: Slowbro|Psyshock|p1a: Azumarill
|-damage|p1a: Azumarill|0 fnt
|faint|p1a: Azumarill
|
|
|switch|p1a: Landorus|Landorus, M|319\/319
|turn|17
|
|switch|p2a: Landorus-Therian|Landorus-Therian, M|285\/325
|-damage|p2a: Landorus-Therian|245\/325|[from] Stealth Rock
|-ability|p2a: Landorus-Therian|Intimidate|[of] p1a: Landorus
|-unboost|p1a: Landorus|atk|1
|move|p1a: Landorus|Psychic|p2a: Landorus-Therian
|-damage|p2a: Landorus-Therian|10\/325
|
|turn|18
|
|switch|p1a: Thundurus|Thundurus, M|299\/299
|move|p2a: Landorus-Therian|Stone Edge|p1a: Thundurus
|-supereffective|p1a: Thundurus
|-damage|p1a: Thundurus|0 fnt
|faint|p1a: Thundurus
|
|
|switch|p1a: Lucario|Lucario, F|282\/282
|turn|19
|
|switch|p2a: Mamoswine|Mamoswine, F|361\/361
|-damage|p2a: Mamoswine|316\/361|[from] Stealth Rock
|move|p1a: Lucario|Swords Dance|p1a: Lucario
|-boost|p1a: Lucario|atk|2
|
|turn|20
|
|move|p1a: Lucario|Extreme Speed|p2a: Mamoswine
|-damage|p2a: Mamoswine|50\/361
|-damage|p1a: Lucario|254\/282|[from] item: Life Orb
|move|p2a: Mamoswine|Earthquake|p1a: Lucario
|-supereffective|p1a: Lucario
|-damage|p1a: Lucario|0 fnt
|faint|p1a: Lucario
|
|
|switch|p1a: Metagross|Metagross|301\/301
|turn|21
|
|switch|p2a: Slowbro|Slowbro, M|393\/393
|-damage|p2a: Slowbro|344\/393|[from] Stealth Rock
|switch|p1a: Landorus|Landorus, M|319\/319
|
|turn|22
|
|switch|p2a: Landorus-Therian|Landorus-Therian, M|10\/325
|-damage|p2a: Landorus-Therian|0 fnt|[from] Stealth Rock
|faint|p2a: Landorus-Therian
|move|p1a: Landorus|Earth Power|p2: Landorus-Therian|[notarget]
|-notarget
|
|join|the haxy child
|join|Altilt
|
|switch|p2a: Mamoswine|Mamoswine, F|50\/361
|-damage|p2a: Mamoswine|5\/361|[from] Stealth Rock
|turn|23
|
|move|p2a: Mamoswine|Ice Shard|p1a: Landorus
|-supereffective|p1a: Landorus
|-damage|p1a: Landorus|19\/319
|move|p1a: Landorus|Earth Power|p2a: Mamoswine
|-damage|p2a: Mamoswine|0 fnt
|faint|p2a: Mamoswine
|
|
|switch|p2a: Toxicroak|Toxicroak, M|307\/307
|-damage|p2a: Toxicroak|288\/307|[from] Stealth Rock
|turn|24
|join|CleanerThanRotom-W
|
|switch|p1a: Metagross|Metagross|301\/301
|move|p2a: Toxicroak|Sucker Punch|p1a: Metagross
|-fail|p1a: Metagross
|
|turn|25
|
|switch|p2a: Volcarona|Volcarona, F|347\/347
|-damage|p2a: Volcarona|174\/347|[from] Stealth Rock
|detailschange|p1a: Metagross|Metagross-Mega
|-mega|p1a: Metagross|Metagross|Metagrossite
|move|p1a: Metagross|Earthquake|p2a: Volcarona
|-damage|p2a: Volcarona|0 fnt
|faint|p2a: Volcarona
|
|leave|CleanerThanRotom-W
|
|switch|p2a: Slowbro|Slowbro, M|393\/393
|-damage|p2a: Slowbro|344\/393|[from] Stealth Rock
|turn|26
|
|move|p1a: Metagross|Meteor Mash|p2a: Slowbro
|-resisted|p2a: Slowbro
|-damage|p2a: Slowbro|269\/393
|move|p2a: Slowbro|Scald|p1a: Metagross
|-damage|p1a: Metagross|219\/301
|
|turn|27
|
|move|p1a: Metagross|Meteor Mash|p2a: Slowbro
|-resisted|p2a: Slowbro
|-damage|p2a: Slowbro|189\/393
|-boost|p1a: Metagross|atk|1
|move|p2a: Slowbro|Scald|p1a: Metagross
|-damage|p1a: Metagross|138\/301
|-status|p1a: Metagross|brn
|
|-damage|p1a: Metagross|101\/301 brn|[from] brn
|turn|28
|
|move|p1a: Metagross|Zen Headbutt|p2a: Slowbro
|-resisted|p2a: Slowbro
|-damage|p2a: Slowbro|141\/393
|move|p2a: Slowbro|Slack Off|p2a: Slowbro
|-heal|p2a: Slowbro|338\/393
|
|-damage|p1a: Metagross|64\/301 brn|[from] brn
|turn|29
|
|switch|p1a: Landorus|Landorus, M|19\/319
|move|p2a: Slowbro|Slack Off|p2a: Slowbro
|-heal|p2a: Slowbro|393\/393
|
|turn|30
|
|move|p1a: Landorus|Earth Power|p2a: Slowbro
|-damage|p2a: Slowbro|80\/393
|move|p2a: Slowbro|Scald|p1a: Landorus
|-supereffective|p1a: Landorus
|-damage|p1a: Landorus|0 fnt
|faint|p1a: Landorus
|
|-message|Alohomora a forfeited.
|leave|Alohomora a
|
|win|smogon test123
|raw|Ladder updating...
|player|p1
|raw|Alohomora a's rating: 1741 &rarr; <strong>1717<\/strong><br \/>(-24 for losing)
|raw|smogon test123's rating: 1660 &rarr; <strong>1685<\/strong><br \/>(+25 for winning)
|leave|the haxy child
|leave|mouse de frank