|join|Angler Management
|join|Pocket Launcher
|player|p1|Angler Management|198
|player|p2|Pocket Launcher|150
|gametype|singles
|gen|6
|tier|UU
|rated
|rule|Sleep Clause Mod: Limit one foe put to sleep
|rule|Species Clause: Limit one of each PokÃ©mon
|rule|OHKO Clause: OHKO moves are banned
|rule|Moody Clause: Moody is banned
|rule|Evasion Moves Clause: Evasion moves are banned
|rule|Endless Battle Clause: Forcing endless battles is banned
|rule|HP Percentage Mod: HP is shown in percentages
|clearpoke
|poke|p1|Slowking, M
|poke|p1|Porygon-Z
|poke|p1|Zygarde
|poke|p1|Tornadus, M, shiny
|poke|p1|Azelf, shiny
|poke|p1|Fletchinder, F
|poke|p2|Jirachi
|poke|p2|Mienshao, M, shiny
|poke|p2|Tangrowth, M
|poke|p2|Honchkrow, M
|poke|p2|Dragalge, M
|poke|p2|Blastoise, F
|rule|Swagger Clause: Swagger is banned
|rule|Baton Pass Clause: Limit one PokÃ©mon knowing Baton Pass
|teampreview
|c|âPocket Launcher|So we meet again
|c|âAngler Management|I guess so
|
|start
|switch|p1a: Dudeman130498|Azelf, shiny|291\/291
|switch|p2a: Kung Pow|Mienshao, M, shiny|271\/271
|turn|1
|
|move|p2a: Kung Pow|U-turn|p1a: Dudeman130498
|-supereffective|p1a: Dudeman130498
|-damage|p1a: Dudeman130498|63\/291
|
|switch|p2a: Motherfucker|Jirachi|404\/404
|move|p1a: Dudeman130498|Stealth Rock|p2a: Motherfucker
|-sidestart|p2: Pocket Launcher|move: Stealth Rock
|
|turn|2
|
|switch|p2a: Blastoise|Blastoise, F|361\/361
|-damage|p2a: Blastoise|316\/361|[from] Stealth Rock
|move|p1a: Dudeman130498|Knock Off|p2a: Blastoise
|-damage|p2a: Blastoise|262\/361
|
|turn|3
|
|detailschange|p2a: Blastoise|Blastoise-Mega, F
|-mega|p2a: Blastoise|Blastoise|Blastoisinite
|move|p1a: Dudeman130498|Explosion|p2a: Blastoise
|-damage|p2a: Blastoise|71\/361
|faint|p1a: Dudeman130498
|move|p2a: Blastoise|Scald|p1: Dudeman130498|[notarget]
|-notarget
|
|
|switch|p1a: Technosis|Tornadus, M, shiny|299\/299
|turn|4
|
|move|p1a: Technosis|Acrobatics|p2a: Blastoise
|-damage|p2a: Blastoise|0 fnt
|faint|p2a: Blastoise
|
|
|switch|p2a: Motherfucker|Jirachi|404\/404
|-damage|p2a: Motherfucker|379\/404|[from] Stealth Rock
|turn|5
|
|move|p1a: Technosis|Knock Off|p2a: Motherfucker
|-supereffective|p2a: Motherfucker
|-damage|p2a: Motherfucker|163\/404
|-enditem|p2a: Motherfucker|Leftovers|[from] move: Knock Off|[of] p1a: Technosis
|move|p2a: Motherfucker|Body Slam|p1a: Technosis
|-damage|p1a: Technosis|213\/299
|-status|p1a: Technosis|par
|
|turn|6
|
|move|p1a: Technosis|Taunt|p2a: Motherfucker
|-start|p2a: Motherfucker|move: Taunt
|cant|p2a: Motherfucker|move: Taunt|Stealth Rock
|
|turn|7
|
|switch|p1a: xMarth|Zygarde|359\/359
|-ability|p1a: xMarth|Aura Break
|move|p2a: Motherfucker|U-turn|p1a: xMarth
|-damage|p1a: xMarth|311\/359
|
|switch|p2a: Noodle Wall|Tangrowth, M|404\/404
|-damage|p2a: Noodle Wall|354\/404|[from] Stealth Rock
|
|-heal|p2a: Noodle Wall|379\/404|[from] item: Leftovers
|turn|8
|
|switch|p1a: Technosis|Tornadus, M, shiny|213\/299 par
|move|p2a: Noodle Wall|Substitute|p2a: Noodle Wall
|-start|p2a: Noodle Wall|Substitute
|-damage|p2a: Noodle Wall|278\/404
|
|-heal|p2a: Noodle Wall|303\/404|[from] item: Leftovers
|turn|9
|join|sniperaim
|
|move|p2a: Noodle Wall|Leech Seed|p1a: Technosis
|-start|p1a: Technosis|move: Leech Seed
|move|p1a: Technosis|Acrobatics|p2a: Noodle Wall
|-supereffective|p2a: Noodle Wall
|-end|p2a: Noodle Wall|Substitute
|
|-heal|p2a: Noodle Wall|328\/404|[from] item: Leftovers
|-damage|p1a: Technosis|176\/299 par|[from] Leech Seed|[of] p2a: Noodle Wall
|-heal|p2a: Noodle Wall|365\/404|[silent]
|turn|10
|
|switch|p2a: Motherfucker|Jirachi|163\/404
|-damage|p2a: Motherfucker|138\/404|[from] Stealth Rock
|move|p1a: Technosis|Taunt|p2a: Motherfucker
|-start|p2a: Motherfucker|move: Taunt
|
|-damage|p1a: Technosis|139\/299 par|[from] Leech Seed|[of] p2a: Motherfucker
|-heal|p2a: Motherfucker|175\/404|[silent]
|turn|11
|
|switch|p1a: sniperaim|Fletchinder, F|291\/291
|move|p2a: Motherfucker|Body Slam|p1a: sniperaim
|-damage|p1a: sniperaim|192\/291
|
|turn|12
|
|switch|p2a: Zombie Kingdra|Dragalge, M|319\/319
|-damage|p2a: Zombie Kingdra|280\/319|[from] Stealth Rock
|move|p1a: sniperaim|Swords Dance|p1a: sniperaim
|-boost|p1a: sniperaim|atk|2
|
|turn|13
|
|move|p1a: sniperaim|Acrobatics|p2a: Zombie Kingdra
|-damage|p2a: Zombie Kingdra|0 fnt
|faint|p2a: Zombie Kingdra
|
|join|BenzMafia
|
|switch|p2a: Noodle Wall|Tangrowth, M|404\/404
|-damage|p2a: Noodle Wall|354\/404|[from] Stealth Rock
|turn|14
|
|move|p1a: sniperaim|Acrobatics|p2a: Noodle Wall
|-supereffective|p2a: Noodle Wall
|-damage|p2a: Noodle Wall|0 fnt
|faint|p2a: Noodle Wall
|
|
|switch|p2a: Motherfucker|Jirachi|175\/404
|-damage|p2a: Motherfucker|150\/404|[from] Stealth Rock
|turn|15
|
|move|p1a: sniperaim|Acrobatics|p2a: Motherfucker
|-resisted|p2a: Motherfucker
|-damage|p2a: Motherfucker|8\/404
|move|p2a: Motherfucker|Body Slam|p1a: sniperaim
|-damage|p1a: sniperaim|78\/291
|
|turn|16
|
|move|p1a: sniperaim|Acrobatics|p2a: Motherfucker
|-resisted|p2a: Motherfucker
|-damage|p2a: Motherfucker|0 fnt
|faint|p2a: Motherfucker
|
|-message|Pocket Launcher forfeited.
|
|win|Angler Management
|raw|Ladder updating...
|raw|Angler Management's rating: 1568 &rarr; <strong>1578<\/strong><br \/>(+10 for winning)
|raw|Pocket Launcher's rating: 1379 &rarr; <strong>1369<\/strong><br \/>(-10 for losing)
|join|thunderkid blitz
|c|âAngler Management|ty sniper
|leave|sniperaim
|leave|Angler Management
|player|p1
|leave|thunderkid blitz
|leave|BenzMafia