|join|BFoxy
|join|Angler Management
|player|p1|BFoxy|172
|player|p2|Angler Management|198
|gametype|singles
|gen|6
|tier|UU
|rated
|rule|Sleep Clause Mod: Limit one foe put to sleep
|rule|Species Clause: Limit one of each PokÃ©mon
|rule|OHKO Clause: OHKO moves are banned
|rule|Moody Clause: Moody is banned
|rule|Evasion Moves Clause: Evasion moves are banned
|rule|Endless Battle Clause: Forcing endless battles is banned
|rule|HP Percentage Mod: HP is shown in percentages
|clearpoke
|poke|p1|Jellicent, M
|poke|p1|Zygarde
|poke|p1|Aggron, F
|poke|p1|Blissey, F
|poke|p1|Forretress, M, shiny
|poke|p1|Aromatisse, F
|poke|p2|Suicune
|poke|p2|Yanmega, F, shiny
|poke|p2|Chandelure, M
|poke|p2|Togetic, F
|poke|p2|Donphan, M
|poke|p2|Ampharos, F
|rule|Swagger Clause: Swagger is banned
|rule|Baton Pass Clause: Limit one PokÃ©mon knowing Baton Pass
|teampreview
|
|start
|switch|p1a: Aggron|Aggron, F|344\/344
|switch|p2a: Schweinsteiger|Donphan, M|382\/382
|turn|1
|
|switch|p1a: Pringles|Jellicent, M|403\/403
|move|p2a: Schweinsteiger|Earthquake|p1a: Pringles
|-damage|p1a: Pringles|250\/403
|
|-heal|p1a: Pringles|275\/403|[from] item: Leftovers
|turn|2
|
|move|p1a: Pringles|Scald|p2a: Schweinsteiger
|-supereffective|p2a: Schweinsteiger
|-damage|p2a: Schweinsteiger|124\/382
|move|p2a: Schweinsteiger|Knock Off|p1a: Pringles
|-supereffective|p1a: Pringles
|-damage|p1a: Pringles|53\/403
|-enditem|p1a: Pringles|Leftovers|[from] move: Knock Off|[of] p2a: Schweinsteiger
|
|-heal|p2a: Schweinsteiger|147\/382|[from] item: Leftovers
|turn|3
|
|move|p1a: Pringles|Recover|p1a: Pringles
|-heal|p1a: Pringles|255\/403
|move|p2a: Schweinsteiger|Stealth Rock|p1a: Pringles
|-sidestart|p1: BFoxy|move: Stealth Rock
|
|-heal|p2a: Schweinsteiger|170\/382|[from] item: Leftovers
|turn|4
|
|switch|p2a: Bravely Default|Togetic, F|313\/313
|move|p1a: Pringles|Will-O-Wisp|p2a: Bravely Default
|-status|p2a: Bravely Default|brn
|
|-damage|p2a: Bravely Default|274\/313 brn|[from] brn
|turn|5
|
|move|p1a: Pringles|Taunt|p2a: Bravely Default
|-start|p2a: Bravely Default|move: Taunt
|cant|p2a: Bravely Default|move: Taunt|Baton Pass
|
|-damage|p2a: Bravely Default|235\/313 brn|[from] brn
|turn|6
|
|switch|p2a: Ampharos|Ampharos, F|321\/321
|move|p1a: Pringles|Scald|p2a: Ampharos
|-damage|p2a: Ampharos|234\/321
|
|turn|7
|
|switch|p2a: Schweinsteiger|Donphan, M|170\/382
|switch|p1a: Terramorphous|Zygarde|404\/404
|-damage|p1a: Terramorphous|379\/404|[from] Stealth Rock
|-ability|p1a: Terramorphous|Aura Break
|
|-heal|p1a: Terramorphous|404\/404|[from] item: Leftovers
|-heal|p2a: Schweinsteiger|193\/382|[from] item: Leftovers
|turn|8
|
|move|p1a: Terramorphous|Substitute|p1a: Terramorphous
|-start|p1a: Terramorphous|Substitute
|-damage|p1a: Terramorphous|303\/404
|move|p2a: Schweinsteiger|Knock Off|p1a: Terramorphous
|-activate|p1a: Terramorphous|Substitute|[damage]
|
|-heal|p1a: Terramorphous|328\/404|[from] item: Leftovers
|-heal|p2a: Schweinsteiger|216\/382|[from] item: Leftovers
|turn|9
|
|switch|p2a: Chandelure|Chandelure, M|261\/261
|move|p1a: Terramorphous|Earthquake|p2a: Chandelure
|-supereffective|p2a: Chandelure
|-damage|p2a: Chandelure|0 fnt
|faint|p2a: Chandelure
|
|-heal|p1a: Terramorphous|353\/404|[from] item: Leftovers
|
|switch|p2a: Bravely Default|Togetic, F|235\/313 brn
|turn|10
|
|switch|p1a: Aggron|Aggron, F|344\/344
|-damage|p1a: Aggron|323\/344|[from] Stealth Rock
|move|p2a: Bravely Default|Nasty Plot|p2a: Bravely Default
|-boost|p2a: Bravely Default|spa|2
|
|-damage|p2a: Bravely Default|196\/313 brn|[from] brn
|turn|11
|
|switch|p2a: Schweinsteiger|Donphan, M|216\/382
|detailschange|p1a: Aggron|Aggron-Mega, F
|message|Aggron has Mega Evolved into Mega Aggron!
|move|p1a: Aggron|Roar|p2a: Schweinsteiger
|drag|p2a: Ampharos|Ampharos, F|234\/321
|
|turn|12
|
|detailschange|p2a: Ampharos|Ampharos-Mega, F
|message|Ampharos has Mega Evolved into Mega Ampharos!
|-ability|p2a: Ampharos|Mold Breaker
|move|p2a: Ampharos|Thunderbolt|p1a: Aggron
|-damage|p1a: Aggron|149\/344
|move|p1a: Aggron|Metal Burst|p2a: Ampharos
|-damage|p2a: Ampharos|0 fnt
|faint|p2a: Ampharos
|
|
|switch|p2a: Suicune|Suicune|404\/404
|-ability|p2a: Suicune|Pressure
|turn|13
|
|switch|p1a: Pringles|Jellicent, M|255\/403
|-damage|p1a: Pringles|205\/403|[from] Stealth Rock
|move|p2a: Suicune|Substitute|p2a: Suicune
|-start|p2a: Suicune|Substitute
|-damage|p2a: Suicune|303\/404
|
|-heal|p2a: Suicune|328\/404|[from] item: Leftovers
|turn|14
|
|move|p2a: Suicune|Scald|p1a: Pringles
|-heal|p1a: Pringles|305\/403|[from] ability: Water Absorb|[of] p2a: Suicune
|move|p1a: Pringles|Taunt|p2a: Suicune
|-start|p2a: Suicune|move: Taunt
|
|-heal|p2a: Suicune|353\/404|[from] item: Leftovers
|turn|15
|
|move|p2a: Suicune|Ice Beam|p1a: Pringles
|-resisted|p1a: Pringles
|-damage|p1a: Pringles|274\/403
|-status|p1a: Pringles|frz
|-curestatus|p1a: Pringles|frz
|move|p1a: Pringles|Scald|p2a: Suicune
|-resisted|p2a: Suicune
|-activate|p2a: Suicune|Substitute|[damage]
|
|-heal|p2a: Suicune|378\/404|[from] item: Leftovers
|turn|16
|
|move|p2a: Suicune|Ice Beam|p1a: Pringles
|-resisted|p1a: Pringles
|-damage|p1a: Pringles|244\/403
|-status|p1a: Pringles|frz
|-curestatus|p1a: Pringles|frz
|move|p1a: Pringles|Scald|p2a: Suicune
|-resisted|p2a: Suicune
|-activate|p2a: Suicune|Substitute|[damage]
|
|-heal|p2a: Suicune|403\/404|[from] item: Leftovers
|turn|17
|
|move|p2a: Suicune|Ice Beam|p1a: Pringles
|-crit|p1a: Pringles
|-resisted|p1a: Pringles
|-damage|p1a: Pringles|195\/403
|move|p1a: Pringles|Recover|p1a: Pringles
|-heal|p1a: Pringles|397\/403
|
|-heal|p2a: Suicune|404\/404|[from] item: Leftovers
|-end|p2a: Suicune|move: Taunt
|turn|18
|
|move|p2a: Suicune|Calm Mind|p2a: Suicune
|-boost|p2a: Suicune|spa|1
|-boost|p2a: Suicune|spd|1
|move|p1a: Pringles|Taunt|p2a: Suicune
|-start|p2a: Suicune|move: Taunt
|
|turn|19
|
|switch|p1a: Teen Mom|Blissey, F|714\/714
|-damage|p1a: Teen Mom|625\/714|[from] Stealth Rock
|move|p2a: Suicune|Ice Beam|p1a: Teen Mom
|-damage|p1a: Teen Mom|552\/714
|
|-heal|p1a: Teen Mom|596\/714|[from] item: Leftovers
|turn|20
|
|move|p2a: Suicune|Scald|p1a: Teen Mom
|-damage|p1a: Teen Mom|496\/714
|-status|p1a: Teen Mom|brn
|move|p1a: Teen Mom|Seismic Toss|p2a: Suicune
|-end|p2a: Suicune|Substitute
|
|-heal|p1a: Teen Mom|540\/714 brn|[from] item: Leftovers
|-damage|p1a: Teen Mom|451\/714 brn|[from] brn
|turn|21
|
|switch|p2a: Bravely Default|Togetic, F|196\/313 brn
|move|p1a: Teen Mom|Seismic Toss|p2a: Bravely Default
|-damage|p2a: Bravely Default|96\/313 brn
|
|-heal|p1a: Teen Mom|495\/714 brn|[from] item: Leftovers
|-damage|p1a: Teen Mom|406\/714 brn|[from] brn
|-damage|p2a: Bravely Default|57\/313 brn|[from] brn
|turn|22
|
|switch|p2a: Schweinsteiger|Donphan, M|216\/382
|move|p1a: Teen Mom|Wish|p1a: Teen Mom
|
|-heal|p2a: Schweinsteiger|239\/382|[from] item: Leftovers
|-heal|p1a: Teen Mom|450\/714 brn|[from] item: Leftovers
|-damage|p1a: Teen Mom|361\/714 brn|[from] brn
|turn|23
|
|move|p2a: Schweinsteiger|Earthquake|p1a: Teen Mom
|-damage|p1a: Teen Mom|46\/714 brn
|move|p1a: Teen Mom|Counter|p2a: Schweinsteiger
|-damage|p2a: Schweinsteiger|0 fnt
|faint|p2a: Schweinsteiger
|
|-heal|p1a: Teen Mom|403\/714 brn|[from] move: Wish|[wisher] Teen Mom
|-heal|p1a: Teen Mom|447\/714 brn|[from] item: Leftovers
|-damage|p1a: Teen Mom|358\/714 brn|[from] brn
|
|switch|p2a: Suicune|Suicune|404\/404
|-ability|p2a: Suicune|Pressure
|turn|24
|
|move|p2a: Suicune|Substitute|p2a: Suicune
|-start|p2a: Suicune|Substitute
|-damage|p2a: Suicune|303\/404
|move|p1a: Teen Mom|Wish|p1a: Teen Mom
|
|-heal|p2a: Suicune|328\/404|[from] item: Leftovers
|-heal|p1a: Teen Mom|402\/714 brn|[from] item: Leftovers
|-damage|p1a: Teen Mom|313\/714 brn|[from] brn
|turn|25
|
|switch|p1a: Aggron|Aggron-Mega, F|149\/344
|-damage|p1a: Aggron|128\/344|[from] Stealth Rock
|move|p2a: Suicune|Calm Mind|p2a: Suicune
|-boost|p2a: Suicune|spa|1
|-boost|p2a: Suicune|spd|1
|
|-heal|p1a: Aggron|344\/344|[from] move: Wish|[wisher] Teen Mom
|-heal|p2a: Suicune|353\/404|[from] item: Leftovers
|turn|26
|
|move|p2a: Suicune|Scald|p1a: Aggron
|-damage|p1a: Aggron|236\/344
|move|p1a: Aggron|Roar|p2a: Suicune
|drag|p2a: Helicopter|Yanmega, F, shiny|313\/313
|
|turn|27
|
|switch|p2a: Suicune|Suicune|353\/404
|-ability|p2a: Suicune|Pressure
|move|p1a: Aggron|Stealth Rock|p2a: Suicune
|-sidestart|p2: Angler Management|move: Stealth Rock
|
|-heal|p2a: Suicune|378\/404|[from] item: Leftovers
|turn|28
|
|move|p2a: Suicune|Scald|p1a: Aggron
|-crit|p1a: Aggron
|-damage|p1a: Aggron|121\/344
|-status|p1a: Aggron|brn
|move|p1a: Aggron|Metal Burst|p2a: Suicune
|-damage|p2a: Suicune|206\/404
|
|-heal|p2a: Suicune|231\/404|[from] item: Leftovers
|-damage|p1a: Aggron|78\/344 brn|[from] brn
|turn|29
|
|move|p2a: Suicune|Scald|p1a: Aggron
|-damage|p1a: Aggron|0 fnt
|faint|p1a: Aggron
|
|-heal|p2a: Suicune|256\/404|[from] item: Leftovers
|
|switch|p1a: Teen Mom|Blissey, F|313\/714
|-damage|p1a: Teen Mom|224\/714|[from] Stealth Rock
|turn|30
|
|move|p2a: Suicune|Calm Mind|p2a: Suicune
|-boost|p2a: Suicune|spa|1
|-boost|p2a: Suicune|spd|1
|move|p1a: Teen Mom|Wish|p1a: Teen Mom
|
|-heal|p2a: Suicune|281\/404|[from] item: Leftovers
|-heal|p1a: Teen Mom|268\/714|[from] item: Leftovers
|turn|31
|
|move|p2a: Suicune|Calm Mind|p2a: Suicune
|-boost|p2a: Suicune|spa|1
|-boost|p2a: Suicune|spd|1
|move|p1a: Teen Mom|Seismic Toss|p2a: Suicune
|-damage|p2a: Suicune|181\/404
|
|-heal|p1a: Teen Mom|625\/714|[from] move: Wish|[wisher] Teen Mom
|-heal|p2a: Suicune|206\/404|[from] item: Leftovers
|-heal|p1a: Teen Mom|669\/714|[from] item: Leftovers
|turn|32
|
|move|p2a: Suicune|Scald|p1a: Teen Mom
|-damage|p1a: Teen Mom|522\/714
|-status|p1a: Teen Mom|brn
|move|p1a: Teen Mom|Seismic Toss|p2a: Suicune
|-damage|p2a: Suicune|106\/404
|
|-heal|p2a: Suicune|131\/404|[from] item: Leftovers
|-heal|p1a: Teen Mom|566\/714 brn|[from] item: Leftovers
|-damage|p1a: Teen Mom|477\/714 brn|[from] brn
|turn|33
|
|move|p2a: Suicune|Calm Mind|p2a: Suicune
|-boost|p2a: Suicune|spa|1
|-boost|p2a: Suicune|spd|1
|move|p1a: Teen Mom|Seismic Toss|p2a: Suicune
|-damage|p2a: Suicune|31\/404
|
|-heal|p2a: Suicune|56\/404|[from] item: Leftovers
|-heal|p1a: Teen Mom|521\/714 brn|[from] item: Leftovers
|-damage|p1a: Teen Mom|432\/714 brn|[from] brn
|turn|34
|
|move|p2a: Suicune|Scald|p1a: Teen Mom
|-damage|p1a: Teen Mom|272\/714 brn
|move|p1a: Teen Mom|Seismic Toss|p2a: Suicune
|-damage|p2a: Suicune|0 fnt
|faint|p2a: Suicune
|
|-heal|p1a: Teen Mom|316\/714 brn|[from] item: Leftovers
|-damage|p1a: Teen Mom|227\/714 brn|[from] brn
|
|switch|p2a: Helicopter|Yanmega, F, shiny|313\/313
|-damage|p2a: Helicopter|157\/313|[from] Stealth Rock
|turn|35
|
|move|p2a: Helicopter|Air Slash|p1a: Teen Mom
|-damage|p1a: Teen Mom|85\/714 brn
|-damage|p2a: Helicopter|126\/313|[from] item: Life Orb
|cant|p1a: Teen Mom|flinch
|
|-heal|p1a: Teen Mom|129\/714 brn|[from] item: Leftovers
|-damage|p1a: Teen Mom|40\/714 brn|[from] brn
|-boost|p2a: Helicopter|spe|1|[from] ability: Speed Boost
|turn|36
|
|move|p2a: Helicopter|Giga Drain|p1a: Teen Mom
|-damage|p1a: Teen Mom|0 fnt
|-heal|p2a: Helicopter|146\/313|[from] drain|[of] p1a: Teen Mom
|-damage|p2a: Helicopter|115\/313|[from] item: Life Orb
|faint|p1a: Teen Mom
|
|-boost|p2a: Helicopter|spe|1|[from] ability: Speed Boost
|
|switch|p1a: Terramorphous|Zygarde|353\/404
|-damage|p1a: Terramorphous|328\/404|[from] Stealth Rock
|-ability|p1a: Terramorphous|Aura Break
|turn|37
|
|move|p2a: Helicopter|Air Slash|p1a: Terramorphous
|-damage|p1a: Terramorphous|155\/404
|-damage|p2a: Helicopter|84\/313|[from] item: Life Orb
|move|p1a: Terramorphous|Dragon Tail|p2a: Helicopter
|-damage|p2a: Helicopter|0 fnt
|faint|p2a: Helicopter
|
|-heal|p1a: Terramorphous|180\/404|[from] item: Leftovers
|-message|Angler Management forfeited.
|
|win|BFoxy
|raw|Ladder updating...
|leave|Angler Management
|player|p2
|raw|BFoxy's rating: 1484 &rarr; <strong>1505<\/strong><br \/>(+21 for winning)
|raw|Angler Management's rating: 1492 &rarr; <strong>1471<\/strong><br \/>(-21 for losing)