|join|Meruuu
|join|angler management
|player|p1|Meruuu|211
|player|p2|angler management|198
|gametype|singles
|gen|6
|tier|UU
|rated
|rule|Sleep Clause Mod: Limit one foe put to sleep
|rule|Species Clause: Limit one of each Pokemon
|rule|OHKO Clause: OHKO moves are banned
|rule|Moody Clause: Moody is banned
|rule|Evasion Moves Clause: Evasion moves are banned
|rule|Endless Battle Clause: Forcing endless battles is banned.
|rule|HP Percentage Mod: HP is reported as percentages
|clearpoke
|poke|p1|Snorlax, F, shiny
|poke|p1|Slowking, F, shiny
|poke|p1|Aromatisse, F
|poke|p1|Gligar, M
|poke|p1|Roserade, F, shiny
|poke|p1|Sableye, F
|poke|p2|Ludicolo, F
|poke|p2|Tornadus, M
|poke|p2|Kingdra, F
|poke|p2|Smeargle, M
|poke|p2|Kabutops, M
|poke|p2|Sableye, M
|teampreview
|chat|Meruuu|lol
|chat|Meruuu|cute name
|
|start
|switch|p1a: TEN|Roserade, F, shiny|324\/324
|switch|p2a: Tornadus|Tornadus, M|299\/299
|turn|1
|chat|angler management|ty
|
|switch|p1a: QUEEN|Aromatisse, F|406\/406
|move|p2a: Tornadus|Hurricane|p1a: QUEEN
|-damage|p1a: QUEEN|187\/406
|-start|p1a: QUEEN|confusion
|
|-heal|p1a: QUEEN|212\/406|[from] item: Leftovers
|turn|2
|
|-activate|p1a: QUEEN|confusion
|move|p1a: QUEEN|Protect|p1a: QUEEN
|-singleturn|p1a: QUEEN|Protect
|move|p2a: Tornadus|Knock Off|p1a: QUEEN
|-activate|p1a: QUEEN|Protect
|
|-heal|p1a: QUEEN|237\/406|[from] item: Leftovers
|turn|3
|
|move|p2a: Tornadus|Hurricane|p1a: QUEEN
|-damage|p1a: QUEEN|26\/406
|-activate|p1a: QUEEN|confusion
|-damage|p1a: QUEEN|9\/406|[from] confusion
|
|-heal|p1a: QUEEN|34\/406|[from] item: Leftovers
|turn|4
|
|-activate|p1a: QUEEN|confusion
|-damage|p1a: QUEEN|18\/406|[from] confusion
|move|p2a: Tornadus|Knock Off|p1a: QUEEN
|-resisted|p1a: QUEEN
|-damage|p1a: QUEEN|0 fnt
|faint|p1a: QUEEN
|
|chat|Meruuu|-.-
|
|switch|p1a: JOKER|Sableye, F|304\/304
|turn|5
|
|move|p2a: Tornadus|Rain Dance|p2a: Tornadus
|-weather|RainDance
|move|p1a: JOKER|Will-O-Wisp|p2a: Tornadus|[miss]
|-miss|p1a: JOKER|p2a: Tornadus
|
|-weather|RainDance|[upkeep]
|turn|6
|
|move|p2a: Tornadus|Taunt|p1a: JOKER
|-start|p1a: JOKER|move: Taunt
|cant|p1a: JOKER|move: Taunt|Will-O-Wisp
|
|-weather|RainDance|[upkeep]
|turn|7
|chat|Meruuu|what the actual fuck
|chat|Meruuu|this game is stupid
|
|switch|p1a: ACE|Snorlax, F, shiny|524\/524
|move|p2a: Tornadus|Hurricane|p1a: ACE
|-damage|p1a: ACE|380\/524
|-start|p1a: ACE|confusion
|
|-weather|RainDance|[upkeep]
|-heal|p1a: ACE|412\/524|[from] item: Leftovers
|turn|8
|
|move|p2a: Tornadus|Knock Off|p1a: ACE
|-damage|p1a: ACE|294\/524
|-enditem|p1a: ACE|Leftovers|[from] move: Knock Off|[of] p2a: Tornadus
|-activate|p1a: ACE|confusion
|move|p1a: ACE|Frustration|p2a: Tornadus
|-damage|p2a: Tornadus|125\/299
|
|-weather|RainDance|[upkeep]
|turn|9
|
|switch|p2a: Sableye|Sableye, M|304\/304
|-end|p1a: ACE|confusion
|move|p1a: ACE|Frustration|p2a: Sableye
|-immune|p2a: Sableye|[msg]
|
|-weather|RainDance|[upkeep]
|turn|10
|
|move|p2a: Sableye|Taunt|p1a: ACE
|-start|p1a: ACE|move: Taunt
|cant|p1a: ACE|move: Taunt|Rest
|
|-weather|RainDance|[upkeep]
|turn|11
|
|switch|p1a: JOKER|Sableye, F|304\/304
|move|p2a: Sableye|Knock Off|p1a: JOKER
|-damage|p1a: JOKER|180\/304
|-enditem|p1a: JOKER|Leftovers|[from] move: Knock Off|[of] p2a: Sableye
|
|-weather|RainDance|[upkeep]
|turn|12
|
|move|p2a: Sableye|Taunt|p1a: JOKER
|-start|p1a: JOKER|move: Taunt
|cant|p1a: JOKER|move: Taunt|Will-O-Wisp
|
|-weather|none
|turn|13
|
|move|p2a: Sableye|Knock Off|p1a: JOKER
|-damage|p1a: JOKER|107\/304
|move|p1a: JOKER|Knock Off|p2a: Sableye
|-damage|p2a: Sableye|223\/304
|-enditem|p2a: Sableye|Damp Rock|[from] move: Knock Off|[of] p1a: JOKER
|
|turn|14
|
|switch|p1a: KING|Slowking, F, shiny|394\/394
|move|p2a: Sableye|Knock Off|p1a: KING
|-supereffective|p1a: KING
|-damage|p1a: KING|248\/394
|-enditem|p1a: KING|Assault Vest|[from] move: Knock Off|[of] p2a: Sableye
|
|turn|15
|
|switch|p2a: Smeargle|Smeargle, M|251\/251
|move|p1a: KING|Scald|p2a: Smeargle
|-crit|p2a: Smeargle
|-enditem|p2a: Smeargle|Focus Sash
|-damage|p2a: Smeargle|1\/251
|
|turn|16
|
|switch|p1a: TEN|Roserade, F, shiny|324\/324
|move|p2a: Smeargle|Stealth Rock|p1a: TEN
|-sidestart|p1: Meruuu|move: Stealth Rock
|
|turn|17
|
|move|p2a: Smeargle|Explosion|p1a: TEN
|-damage|p1a: TEN|80\/324
|faint|p2a: Smeargle
|move|p1a: TEN|Toxic Spikes|p2: Smeargle
|-sidestart|p2: angler management|move: Toxic Spikes
|
|-heal|p1a: TEN|100\/324|[from] item: Black Sludge
|
|switch|p2a: Tornadus|Tornadus, M|125\/299
|turn|18
|
|move|p2a: Tornadus|Knock Off|p1a: TEN
|-damage|p1a: TEN|0 fnt
|faint|p1a: TEN
|
|
|switch|p1a: ACE|Snorlax, F, shiny|294\/524
|-damage|p1a: ACE|229\/524|[from] Stealth Rock
|turn|19
|
|move|p2a: Tornadus|Rain Dance|p2a: Tornadus
|-weather|RainDance
|move|p1a: ACE|Frustration|p2a: Tornadus
|-damage|p2a: Tornadus|0 fnt
|faint|p2a: Tornadus
|
|-weather|RainDance|[upkeep]
|
|switch|p2a: Kabutops|Kabutops, M|261\/261
|-status|p2a: Kabutops|psn
|turn|20
|chat|Meruuu|I misplayed this
|chat|Meruuu|pretty badly
|chat|Meruuu|:\/
|
|move|p2a: Kabutops|Waterfall|p1a: ACE
|-damage|p1a: ACE|0 fnt
|-damage|p2a: Kabutops|235\/261 psn|[from] item: Life Orb
|faint|p1a: ACE
|
|-weather|RainDance|[upkeep]
|-damage|p2a: Kabutops|203\/261 psn|[from] psn
|-message|Meruuu forfeited.
|leave|Meruuu
|
|win|angler management
|raw|Ladder updating...
|player|p1
|raw|Meruuu's rating: 1753 &rarr; <strong>1725<\/strong><br \/>(-28 for losing)
|raw|angler management's rating: 1616 &rarr; <strong>1643<\/strong><br \/>(+27 for winning)
|leave|angler management
|player|p2
|join|angler management