|join|angler management
|join|Dolph The Showoff
|player|p1|angler management|198
|player|p2|Dolph The Showoff|99
|gametype|singles
|gen|6
|tier|UU
|rated
|rule|Sleep Clause Mod: Limit one foe put to sleep
|rule|Species Clause: Limit one of each Pokemon
|rule|OHKO Clause: OHKO moves are banned
|rule|Moody Clause: Moody is banned
|rule|Evasion Moves Clause: Evasion moves are banned
|rule|Endless Battle Clause: Forcing endless battles is banned.
|rule|HP Percentage Mod: HP is reported as percentages
|clearpoke
|poke|p1|Scrafty, M
|poke|p1|Magnezone
|poke|p1|Swampert, F
|poke|p1|Toxicroak, F
|poke|p1|Flygon, M
|poke|p1|Florges, F
|poke|p2|Starmie
|poke|p2|Mienshao, M
|poke|p2|Nidoking, M, shiny
|poke|p2|Florges, F
|poke|p2|Heracross, M
|poke|p2|Slowbro, F
|teampreview
|
|start
|switch|p1a: Swampert|Swampert, F|401\/401
|switch|p2a: El don|Nidoking, M, shiny|303\/303
|turn|1
|
|switch|p2a: Landbro|Slowbro, F|393\/393
|move|p1a: Swampert|Earthquake|p2a: Landbro
|-damage|p2a: Landbro|303\/393
|
|-heal|p2a: Landbro|327\/393|[from] item: Leftovers
|turn|2
|
|move|p1a: Swampert|Stealth Rock|p2a: Landbro
|-sidestart|p2: Dolph The Showoff|move: Stealth Rock
|move|p2a: Landbro|Toxic|p1a: Swampert
|-status|p1a: Swampert|tox
|
|-heal|p2a: Landbro|351\/393|[from] item: Leftovers
|-damage|p1a: Swampert|376\/401 tox|[from] psn
|turn|3
|
|switch|p1a: Scrafty|Scrafty, M|334\/334
|move|p2a: Landbro|Scald|p1a: Scrafty
|-damage|p1a: Scrafty|258\/334
|
|-heal|p1a: Scrafty|278\/334|[from] item: Leftovers
|-heal|p2a: Landbro|375\/393|[from] item: Leftovers
|turn|4
|
|switch|p2a: Gian|Heracross, M|301\/301
|-damage|p2a: Gian|264\/301|[from] Stealth Rock
|move|p1a: Scrafty|Knock Off|p2a: Gian
|-resisted|p2a: Gian
|-damage|p2a: Gian|175\/301
|-enditem|p2a: Gian|Choice Scarf|[from] move: Knock Off|[of] p1a: Scrafty
|
|-heal|p1a: Scrafty|298\/334|[from] item: Leftovers
|turn|5
|
|switch|p1a: Florges|Florges, F|360\/360
|move|p2a: Gian|Close Combat|p1a: Florges
|-resisted|p1a: Florges
|-damage|p1a: Florges|258\/360
|-unboost|p2a: Gian|def|1
|-unboost|p2a: Gian|spd|1
|
|-heal|p1a: Florges|280\/360|[from] item: Leftovers
|turn|6
|
|switch|p2a: El don|Nidoking, M, shiny|303\/303
|-damage|p2a: El don|285\/303|[from] Stealth Rock
|switch|p1a: Flygon|Flygon, M|301\/301
|
|turn|7
|
|switch|p2a: Landbro|Slowbro, F|393\/393
|-damage|p2a: Landbro|344\/393|[from] Stealth Rock
|move|p1a: Flygon|Earthquake|p2a: Landbro
|-damage|p2a: Landbro|247\/393
|
|-heal|p2a: Landbro|271\/393|[from] item: Leftovers
|turn|8
|
|switch|p1a: Scrafty|Scrafty, M|298\/334
|move|p2a: Landbro|Psychic|p1a: Scrafty
|-immune|p1a: Scrafty|[msg]
|
|-heal|p1a: Scrafty|318\/334|[from] item: Leftovers
|-heal|p2a: Landbro|295\/393|[from] item: Leftovers
|turn|9
|
|switch|p2a: Gian|Heracross, M|175\/301
|-damage|p2a: Gian|138\/301|[from] Stealth Rock
|move|p1a: Scrafty|Knock Off|p2a: Gian
|-resisted|p2a: Gian
|-damage|p2a: Gian|77\/301
|
|-heal|p1a: Scrafty|334\/334|[from] item: Leftovers
|turn|10
|
|switch|p1a: Florges|Florges, F|280\/360
|move|p2a: Gian|Knock Off|p1a: Florges
|-resisted|p1a: Florges
|-damage|p1a: Florges|218\/360
|-enditem|p1a: Florges|Leftovers|[from] move: Knock Off|[of] p2a: Gian
|
|turn|11
|
|move|p2a: Gian|Close Combat|p1a: Florges
|-resisted|p1a: Florges
|-damage|p1a: Florges|119\/360
|-unboost|p2a: Gian|def|1
|-unboost|p2a: Gian|spd|1
|move|p1a: Florges|Wish|p1a: Florges
|
|turn|12
|
|switch|p2a: El don|Nidoking, M, shiny|285\/303
|-damage|p2a: El don|267\/303|[from] Stealth Rock
|move|p1a: Florges|Aromatherapy|p1a: Florges
|-cureteam|p1a: Florges|[from] move: Aromatherapy
|
|-heal|p1a: Florges|299\/360|[from] move: Wish|[wisher] Florges
|turn|13
|
|switch|p1a: Swampert|Swampert, F|376\/401
|move|p2a: El don|Sludge Wave|p1a: Swampert
|-crit|p1a: Swampert
|-resisted|p1a: Swampert
|-damage|p1a: Swampert|204\/401
|
|-heal|p1a: Swampert|229\/401|[from] item: Leftovers
|turn|14
|
|switch|p2a: Slowmo|Starmie|261\/261
|-damage|p2a: Slowmo|229\/261|[from] Stealth Rock
|move|p1a: Swampert|Scald|p2a: Slowmo
|-crit|p2a: Slowmo
|-resisted|p2a: Slowmo
|-damage|p2a: Slowmo|155\/261
|
|-heal|p1a: Swampert|254\/401|[from] item: Leftovers
|turn|15
|
|move|p2a: Slowmo|Hydro Pump|p1a: Swampert|[miss]
|-miss|p2a: Slowmo|p1a: Swampert
|move|p1a: Swampert|Earthquake|p2a: Slowmo
|-damage|p2a: Slowmo|0 fnt
|faint|p2a: Slowmo
|
|-heal|p1a: Swampert|279\/401|[from] item: Leftovers
|
|switch|p2a: Mienshanes|Mienshao, M|271\/271
|-damage|p2a: Mienshanes|255\/271|[from] Stealth Rock
|turn|16
|join|Ah Yueah
|
|move|p2a: Mienshanes|High Jump Kick|p1a: Swampert
|-damage|p1a: Swampert|0 fnt
|faint|p1a: Swampert
|
|
|switch|p1a: Florges|Florges, F|299\/360
|turn|17
|
|switch|p2a: Landbro|Slowbro, F|393\/393
|-damage|p2a: Landbro|344\/393|[from] Stealth Rock
|move|p1a: Florges|Moonblast|p2a: Landbro
|-damage|p2a: Landbro|193\/393
|
|-heal|p2a: Landbro|217\/393|[from] item: Leftovers
|turn|18
|
|switch|p1a: Magnezone|Magnezone|301\/301
|move|p2a: Landbro|Toxic|p1a: Magnezone|[miss]
|-miss|p2a: Landbro|p1a: Magnezone
|
|-heal|p2a: Landbro|241\/393|[from] item: Leftovers
|turn|19
|
|switch|p2a: Gian|Heracross, M|77\/301
|-damage|p2a: Gian|40\/301|[from] Stealth Rock
|move|p1a: Magnezone|Flash Cannon|p2a: Gian
|-damage|p2a: Gian|0 fnt
|faint|p2a: Gian
|
|
|switch|p2a: Mienshanes|Mienshao, M|255\/271
|-damage|p2a: Mienshanes|239\/271|[from] Stealth Rock
|turn|20
|
|switch|p1a: Scrafty|Scrafty, M|334\/334
|move|p2a: Mienshanes|High Jump Kick|p1a: Scrafty|[miss]
|-miss|p2a: Mienshanes|p1a: Scrafty
|-damage|p2a: Mienshanes|104\/271|[from] highjumpkick
|
|turn|21
|
|move|p2a: Mienshanes|High Jump Kick|p1a: Scrafty
|-supereffective|p1a: Scrafty
|-damage|p1a: Scrafty|0 fnt
|faint|p1a: Scrafty
|
|
|switch|p1a: Flygon|Flygon, M|301\/301
|turn|22
|
|move|p1a: Flygon|U-turn|p2a: Mienshanes
|-resisted|p2a: Mienshanes
|-damage|p2a: Mienshanes|54\/271
|
|switch|p1a: Florges|Florges, F|299\/360
|move|p2a: Mienshanes|High Jump Kick|p1a: Florges
|-resisted|p1a: Florges
|-damage|p1a: Florges|77\/360
|
|turn|23
|
|switch|p2a: El don|Nidoking, M, shiny|267\/303
|-damage|p2a: El don|249\/303|[from] Stealth Rock
|move|p1a: Florges|Protect|p1a: Florges
|-fail|p1a: Florges
|
|turn|24
|
|move|p2a: El don|Sludge Wave|p1a: Florges
|-supereffective|p1a: Florges
|-damage|p1a: Florges|0 fnt
|faint|p1a: Florges
|
|
|switch|p1a: Flygon|Flygon, M|301\/301
|turn|25
|
|switch|p1a: Magnezone|Magnezone|301\/301
|switch|p2a: Mienshanes|Mienshao, M|54\/271
|-damage|p2a: Mienshanes|38\/271|[from] Stealth Rock
|
|turn|26
|
|switch|p1a: Toxicroak|Toxicroak, F|353\/353
|move|p2a: Mienshanes|Jump Kick|p1a: Toxicroak
|-resisted|p1a: Toxicroak
|-damage|p1a: Toxicroak|119\/353
|
|turn|27
|
|switch|p2a: Landbro|Slowbro, F|372\/393
|-damage|p2a: Landbro|323\/393|[from] Stealth Rock
|move|p1a: Toxicroak|Sucker Punch|p2a: Landbro
|-fail|p2a: Landbro
|
|-heal|p2a: Landbro|347\/393|[from] item: Leftovers
|turn|28
|
|switch|p1a: Magnezone|Magnezone|301\/301
|move|p2a: Landbro|Psychic|p1a: Magnezone
|-resisted|p1a: Magnezone
|-damage|p1a: Magnezone|238\/301
|
|-heal|p2a: Landbro|371\/393|[from] item: Leftovers
|turn|29
|
|switch|p2a: El don|Nidoking, M, shiny|249\/303
|-damage|p2a: El don|231\/303|[from] Stealth Rock
|move|p1a: Magnezone|Volt Switch|p2a: El don
|-immune|p2a: El don|[msg]
|
|turn|30
|join|Technosis
|
|move|p2a: El don|Sludge Wave|p1a: Magnezone
|-immune|p1a: Magnezone|[msg]
|move|p1a: Magnezone|Volt Switch|p2a: El don
|-immune|p2a: El don|[msg]
|
|turn|31
|
|switch|p1a: Flygon|Flygon, M|301\/301
|move|p2a: El don|Sludge Wave|p1a: Flygon
|-resisted|p1a: Flygon
|-damage|p1a: Flygon|179\/301
|
|turn|32
|
|switch|p2a: Landbro|Slowbro, F|393\/393
|-damage|p2a: Landbro|344\/393|[from] Stealth Rock
|move|p1a: Flygon|U-turn|p2a: Landbro
|-supereffective|p2a: Landbro
|-damage|p2a: Landbro|252\/393
|
|switch|p1a: Magnezone|Magnezone|238\/301
|
|-heal|p2a: Landbro|276\/393|[from] item: Leftovers
|turn|33
|
|switch|p2a: Mienshanes|Mienshao, M|38\/271
|-damage|p2a: Mienshanes|22\/271|[from] Stealth Rock
|move|p1a: Magnezone|Volt Switch|p2a: Mienshanes
|-damage|p2a: Mienshanes|0 fnt
|faint|p2a: Mienshanes
|
|switch|p1a: Flygon|Flygon, M|179\/301
|
|
|switch|p2a: Flore|Florges, F|360\/360
|-damage|p2a: Flore|315\/360|[from] Stealth Rock
|turn|34
|
|move|p1a: Flygon|U-turn|p2a: Flore
|-resisted|p2a: Flore
|-damage|p2a: Flore|269\/360
|
|switch|p1a: Magnezone|Magnezone|238\/301
|move|p2a: Flore|Moonblast|p1a: Magnezone
|-resisted|p1a: Magnezone
|-damage|p1a: Magnezone|169\/301
|-unboost|p1a: Magnezone|spa|1
|
|-heal|p2a: Flore|291\/360|[from] item: Leftovers
|turn|35
|
|switch|p1a: Toxicroak|Toxicroak, F|119\/353
|move|p2a: Flore|Protect|p2a: Flore
|-fail|p2a: Flore
|
|-heal|p2a: Flore|313\/360|[from] item: Leftovers
|turn|36
|
|switch|p2a: Landbro|Slowbro, F|393\/393
|-damage|p2a: Landbro|344\/393|[from] Stealth Rock
|move|p1a: Toxicroak|Swords Dance|p1a: Toxicroak
|-boost|p1a: Toxicroak|atk|2
|
|-heal|p2a: Landbro|368\/393|[from] item: Leftovers
|turn|37
|
|move|p1a: Toxicroak|Gunk Shot|p2a: Landbro
|-damage|p2a: Landbro|55\/393
|-status|p2a: Landbro|psn
|-damage|p1a: Toxicroak|84\/353|[from] item: Life Orb
|move|p2a: Landbro|Psychic|p1a: Toxicroak
|-supereffective|p1a: Toxicroak
|-damage|p1a: Toxicroak|0 fnt
|faint|p1a: Toxicroak
|
|-heal|p2a: Landbro|79\/393 psn|[from] item: Leftovers
|-damage|p2a: Landbro|30\/393 psn|[from] psn
|
|switch|p1a: Flygon|Flygon, M|179\/301
|turn|38
|
|move|p1a: Flygon|U-turn|p2a: Landbro
|-crit|p2a: Landbro
|-supereffective|p2a: Landbro
|-damage|p2a: Landbro|0 fnt
|faint|p2a: Landbro
|
|switch|p1a: Magnezone|Magnezone|169\/301
|
|
|switch|p2a: El don|Nidoking, M, shiny|231\/303
|-damage|p2a: El don|213\/303|[from] Stealth Rock
|turn|39
|
|switch|p1a: Flygon|Flygon, M|179\/301
|move|p2a: El don|Fire Blast|p1a: Flygon|[miss]
|-miss|p2a: El don|p1a: Flygon
|
|turn|40
|
|move|p1a: Flygon|Earthquake|p2a: El don
|-supereffective|p2a: El don
|-damage|p2a: El don|0 fnt
|faint|p2a: El don
|
|
|switch|p2a: Flore|Florges, F|313\/360
|-damage|p2a: Flore|268\/360|[from] Stealth Rock
|turn|41
|
|move|p1a: Flygon|Earthquake|p2a: Flore
|-damage|p2a: Flore|73\/360
|move|p2a: Flore|Moonblast|p1a: Flygon
|-supereffective|p1a: Flygon
|-damage|p1a: Flygon|0 fnt
|faint|p1a: Flygon
|
|-heal|p2a: Flore|95\/360|[from] item: Leftovers
|chat|angler management|man
|chat|angler management|gg
|chat|angler management|the mind games
|chat|Dolph The Showoff|yeah for sure
|chat|Dolph The Showoff|GG
|chat|angler management|were real
|
|switch|p1a: Magnezone|Magnezone|169\/301
|turn|42
|chat|Dolph The Showoff|I chocked near the end
|
|move|p1a: Magnezone|Flash Cannon|p2a: Flore
|-supereffective|p2a: Flore
|-damage|p2a: Flore|0 fnt
|faint|p2a: Flore
|
|win|angler management
|raw|Ladder updating...
|raw|angler management's rating: 1671 &rarr; <strong>1680<\/strong><br \/>(+9 for winning)
|raw|Dolph The Showoff's rating: 1463 &rarr; <strong>1454<\/strong><br \/>(-9 for losing)
|leave|angler management
|player|p1
|leave|Ah Yueah
|leave|Technosis