|join|angler management
|join|MambaSamba
|player|p1|angler management|198
|player|p2|MambaSamba|101
|gametype|singles
|gen|6
|tier|UU
|rated
|rule|Sleep Clause Mod: Limit one foe put to sleep
|rule|Species Clause: Limit one of each Pokemon
|rule|OHKO Clause: OHKO moves are banned
|rule|Moody Clause: Moody is banned
|rule|Evasion Moves Clause: Evasion moves are banned
|rule|Endless Battle Clause: Forcing endless battles is banned.
|rule|HP Percentage Mod: HP is reported as percentages
|clearpoke
|poke|p1|Kabutops, F
|poke|p1|Claydol
|poke|p1|Sableye, F
|poke|p1|Tornadus, M
|poke|p1|Ludicolo, M
|poke|p1|Lucario, F
|poke|p2|Sharpedo, F
|poke|p2|Victini, shiny
|poke|p2|Shuckle, M, shiny
|poke|p2|Cobalion, shiny
|poke|p2|Roserade, F, shiny
|poke|p2|Banette, M, shiny
|teampreview
|
|start
|switch|p1a: Zeroes and Ones|Claydol|261\/261
|switch|p2a: GEIST|Banette, M, shiny|269\/269
|-item|p1a: Zeroes and Ones|Focus Sash|[from] ability: Frisk|[of] p2a: GEIST|[identify]
|turn|1
|
|detailschange|p2a: GEIST|Banette-Mega, M, shiny
|message|Banette has Mega Evolved into Mega Banette!
|move|p1a: Zeroes and Ones|Stealth Rock|p2a: GEIST
|-sidestart|p2: MambaSamba|move: Stealth Rock
|move|p2a: GEIST|Shadow Claw|p1a: Zeroes and Ones
|-supereffective|p1a: Zeroes and Ones
|-enditem|p1a: Zeroes and Ones|Focus Sash
|-damage|p1a: Zeroes and Ones|1\/261
|
|turn|2
|
|switch|p1a: Sableye|Sableye, F|304\/304
|move|p2a: GEIST|Shadow Claw|p1a: Sableye
|-damage|p1a: Sableye|121\/304
|
|turn|3
|
|switch|p2a: Victor Oladipo|Victini, shiny|341\/341
|-damage|p2a: Victor Oladipo|256\/341|[from] Stealth Rock
|move|p1a: Sableye|Rain Dance|p1a: Sableye
|-weather|RainDance
|
|-weather|RainDance|[upkeep]
|turn|4
|
|move|p1a: Sableye|Recover|p1a: Sableye
|-heal|p1a: Sableye|273\/304
|move|p2a: Victor Oladipo|Bolt Strike|p1a: Sableye
|-damage|p1a: Sableye|60\/304
|-damage|p2a: Victor Oladipo|222\/341|[from] item: Life Orb
|
|-weather|RainDance|[upkeep]
|turn|5
|
|switch|p1a: Zeroes and Ones|Claydol|1\/261
|move|p2a: Victor Oladipo|Bolt Strike|p1a: Zeroes and Ones
|-immune|p1a: Zeroes and Ones|[msg]
|
|-weather|RainDance|[upkeep]
|turn|6
|
|move|p2a: Victor Oladipo|U-turn|p1a: Zeroes and Ones
|-supereffective|p1a: Zeroes and Ones
|-damage|p1a: Zeroes and Ones|0 fnt
|-damage|p2a: Victor Oladipo|188\/341|[from] item: Life Orb
|faint|p1a: Zeroes and Ones
|
|switch|p2a: Bouqet|Roserade, F, shiny|323\/323
|-damage|p2a: Bouqet|283\/323|[from] Stealth Rock
|
|-weather|RainDance|[upkeep]
|
|switch|p1a: Tornadus|Tornadus, M|299\/299
|turn|7
|
|switch|p2a: Shucks|Shuckle, M, shiny|243\/243
|-damage|p2a: Shucks|183\/243|[from] Stealth Rock
|move|p1a: Tornadus|Hurricane|p2a: Shucks
|-damage|p2a: Shucks|110\/243
|-start|p2a: Shucks|confusion
|
|-weather|RainDance|[upkeep]
|turn|8
|
|move|p1a: Tornadus|Taunt|p2a: Shucks
|-start|p2a: Shucks|move: Taunt
|-enditem|p2a: Shucks|Mental Herb
|-end|p2a: Shucks|move: Taunt
|-activate|p2a: Shucks|confusion
|-damage|p2a: Shucks|106\/243|[from] confusion
|
|-weather|RainDance|[upkeep]
|turn|9
|chat|MambaSamba|awh
|
|switch|p2a: Cobalt|Cobalion, shiny|323\/323
|-damage|p2a: Cobalt|313\/323|[from] Stealth Rock
|move|p1a: Tornadus|Taunt|p2a: Cobalt
|-start|p2a: Cobalt|move: Taunt
|
|-weather|RainDance|[upkeep]
|-heal|p2a: Cobalt|323\/323|[from] item: Leftovers
|turn|10
|
|move|p1a: Tornadus|Hurricane|p2a: Cobalt
|-damage|p2a: Cobalt|94\/323
|move|p2a: Cobalt|Stone Edge|p1a: Tornadus
|-supereffective|p1a: Tornadus
|-damage|p1a: Tornadus|57\/299
|
|-weather|none
|-heal|p2a: Cobalt|114\/323|[from] item: Leftovers
|turn|11
|join|blouff
|
|switch|p2a: Shucks|Shuckle, M, shiny|106\/243
|-damage|p2a: Shucks|46\/243|[from] Stealth Rock
|move|p1a: Tornadus|Rain Dance|p1a: Tornadus
|-weather|RainDance
|
|-weather|RainDance|[upkeep]
|turn|12
|
|move|p1a: Tornadus|Hurricane|p2a: Shucks
|-damage|p2a: Shucks|0 fnt
|faint|p2a: Shucks
|
|-weather|RainDance|[upkeep]
|
|switch|p2a: GEIST|Banette-Mega, M, shiny|269\/269
|-damage|p2a: GEIST|236\/269|[from] Stealth Rock
|turn|13
|
|move|p1a: Tornadus|Taunt|p2a: GEIST
|-start|p2a: GEIST|move: Taunt
|move|p2a: GEIST|Sucker Punch|p1a: Tornadus
|-fail|p1a: Tornadus
|
|-weather|RainDance|[upkeep]
|turn|14
|
|move|p2a: GEIST|Sucker Punch|p1a: Tornadus
|-damage|p1a: Tornadus|0 fnt
|faint|p1a: Tornadus
|
|-weather|RainDance|[upkeep]
|join|Dudeman130498
|
|switch|p1a: Kabutops|Kabutops, F|261\/261
|turn|15
|
|switch|p2a: Victor Oladipo|Victini, shiny|188\/341
|-damage|p2a: Victor Oladipo|103\/341|[from] Stealth Rock
|move|p1a: Kabutops|Waterfall|p2a: Victor Oladipo
|-supereffective|p2a: Victor Oladipo
|-damage|p2a: Victor Oladipo|0 fnt
|-damage|p1a: Kabutops|235\/261|[from] item: Life Orb
|faint|p2a: Victor Oladipo
|
|-weather|RainDance|[upkeep]
|
|switch|p2a: GEIST|Banette-Mega, M, shiny|236\/269
|-damage|p2a: GEIST|203\/269|[from] Stealth Rock
|turn|16
|
|move|p2a: GEIST|Destiny Bond|p2a: GEIST
|-singlemove|p2a: GEIST|Destiny Bond
|move|p1a: Kabutops|Waterfall|p2a: GEIST
|-crit|p2a: GEIST
|-damage|p2a: GEIST|0 fnt
|-damage|p1a: Kabutops|209\/261|[from] item: Life Orb
|faint|p2a: GEIST
|-activate|p2a: GEIST|Destiny Bond
|faint|p1a: Kabutops
|
|-weather|RainDance|[upkeep]
|
|switch|p1a: Ludicolo|Ludicolo, M|301\/301
|switch|p2a: Bouqet|Roserade, F, shiny|283\/323
|-damage|p2a: Bouqet|243\/323|[from] Stealth Rock
|turn|17
|
|move|p1a: Ludicolo|Ice Punch|p2a: Bouqet
|-supereffective|p2a: Bouqet
|-damage|p2a: Bouqet|12\/323
|-damage|p1a: Ludicolo|271\/301|[from] item: Life Orb
|move|p2a: Bouqet|Sludge Bomb|p1a: Ludicolo
|-supereffective|p1a: Ludicolo
|-damage|p1a: Ludicolo|0 fnt
|faint|p1a: Ludicolo
|
|-weather|RainDance|[upkeep]
|chat|MambaSamba|max hp bch!
|
|switch|p1a: Lucario|Lucario, F|281\/281
|turn|18
|
|move|p1a: Lucario|Extreme Speed|p2a: Bouqet
|-damage|p2a: Bouqet|0 fnt
|-damage|p1a: Lucario|253\/281|[from] item: Life Orb
|faint|p2a: Bouqet
|
|-weather|none
|
|switch|p2a: Sharpedo|Sharpedo, F|281\/281
|-damage|p2a: Sharpedo|246\/281|[from] Stealth Rock
|turn|19
|
|move|p2a: Sharpedo|Protect|p2a: Sharpedo
|-singleturn|p2a: Sharpedo|Protect
|move|p1a: Lucario|Extreme Speed|p2a: Sharpedo
|-activate|p2a: Sharpedo|Protect
|
|-boost|p2a: Sharpedo|spe|1|[from] ability: Speed Boost
|turn|20
|join|mokey mokey king
|leave|mokey mokey king
|
|switch|p1a: Sableye|Sableye, F|60\/304
|move|p2a: Sharpedo|Hydro Pump|p1a: Sableye
|-damage|p1a: Sableye|0 fnt
|-damage|p2a: Sharpedo|218\/281|[from] item: Life Orb
|faint|p1a: Sableye
|
|-boost|p2a: Sharpedo|spe|1|[from] ability: Speed Boost
|
|switch|p1a: Lucario|Lucario, F|253\/281
|turn|21
|
|move|p1a: Lucario|Extreme Speed|p2a: Sharpedo
|-damage|p2a: Sharpedo|0 fnt
|-damage|p1a: Lucario|225\/281|[from] item: Life Orb
|faint|p2a: Sharpedo
|
|
|switch|p2a: Cobalt|Cobalion, shiny|114\/323
|-damage|p2a: Cobalt|104\/323|[from] Stealth Rock
|turn|22
|chat|blouff|vacuum wave go
|
|move|p2a: Cobalt|Close Combat|p1a: Lucario
|-supereffective|p1a: Lucario
|-damage|p1a: Lucario|0 fnt
|-unboost|p2a: Cobalt|def|1
|-unboost|p2a: Cobalt|spd|1
|faint|p1a: Lucario
|
|win|MambaSamba
|raw|Ladder updating...
|raw|angler management's rating: 1530 &rarr; <strong>1511<\/strong><br \/>(-19 for losing)
|raw|MambaSamba's rating: 1539 &rarr; <strong>1558<\/strong><br \/>(+19 for winning)
|chat|MambaSamba|gg
|leave|angler management
|player|p1