|join|Angler Management
|join|ShadowLink1907
|player|p1|Angler Management|198
|player|p2|ShadowLink1907|162
|gametype|singles
|gen|6
|tier|UU
|rated
|rule|Sleep Clause Mod: Limit one foe put to sleep
|rule|Species Clause: Limit one of each PokÃ©mon
|rule|OHKO Clause: OHKO moves are banned
|rule|Moody Clause: Moody is banned
|rule|Evasion Moves Clause: Evasion moves are banned
|rule|Endless Battle Clause: Forcing endless battles is banned
|rule|HP Percentage Mod: HP is shown in percentages
|clearpoke
|poke|p1|Slowking, M
|poke|p1|Porygon-Z
|poke|p1|Zygarde
|poke|p1|Tornadus, M, shiny
|poke|p1|Azelf, shiny
|poke|p1|Fletchinder, F
|poke|p2|Raikou, shiny
|poke|p2|Suicune, shiny
|poke|p2|Entei, shiny
|poke|p2|Jirachi
|poke|p2|Zygarde
|poke|p2|Celebi
|rule|Swagger Clause: Swagger is banned
|rule|Baton Pass Clause: Limit one PokÃ©mon knowing Baton Pass
|teampreview
|
|start
|switch|p1a: Dudeman130498|Azelf, shiny|291\/291
|switch|p2a: I'm actually OU|Jirachi|342\/342
|turn|1
|
|move|p2a: I'm actually OU|Iron Head|p1a: Dudeman130498
|-damage|p1a: Dudeman130498|120\/291
|move|p1a: Dudeman130498|Knock Off|p2a: I'm actually OU
|-supereffective|p2a: I'm actually OU
|-damage|p2a: I'm actually OU|108\/342
|-enditem|p2a: I'm actually OU|Choice Scarf|[from] move: Knock Off|[of] p1a: Dudeman130498
|
|turn|2
|
|move|p1a: Dudeman130498|Knock Off|p2a: I'm actually OU
|-supereffective|p2a: I'm actually OU
|-damage|p2a: I'm actually OU|0 fnt
|faint|p2a: I'm actually OU
|
|
|switch|p2a: Doge 3|Entei, shiny|372\/372
|-ability|p2a: Doge 3|Pressure
|turn|3
|
|switch|p1a: King UU|Slowking, M|394\/394
|move|p2a: Doge 3|Extreme Speed|p1a: King UU
|-damage|p1a: King UU|284\/394
|
|-heal|p1a: King UU|308\/394|[from] item: Leftovers
|turn|4
|
|switch|p2a: Doge 2|Suicune, shiny|355\/355
|-ability|p2a: Doge 2|Pressure
|switch|p1a: Dudeman130498|Azelf, shiny|120\/291
|
|turn|5
|
|move|p1a: Dudeman130498|Stealth Rock|p2a: Doge 2
|-sidestart|p2: ShadowLink1907|move: Stealth Rock
|move|p2a: Doge 2|Scald|p1a: Dudeman130498
|-damage|p1a: Dudeman130498|0 fnt
|faint|p1a: Dudeman130498
|
|
|switch|p1a: boTTT|Porygon-Z|331\/331
|turn|6
|
|move|p1a: boTTT|Tri Attack|p2a: Doge 2
|-damage|p2a: Doge 2|93\/355
|move|p2a: Doge 2|Calm Mind|p2a: Doge 2
|-boost|p2a: Doge 2|spa|1
|-boost|p2a: Doge 2|spd|1
|
|-heal|p2a: Doge 2|115\/355|[from] item: Leftovers
|turn|7
|
|move|p1a: boTTT|Tri Attack|p2a: Doge 2
|-damage|p2a: Doge 2|0 fnt
|faint|p2a: Doge 2
|
|
|switch|p2a: Doge 3|Entei, shiny|372\/372
|-damage|p2a: Doge 3|279\/372|[from] Stealth Rock
|-ability|p2a: Doge 3|Pressure
|turn|8
|
|switch|p1a: King UU|Slowking, M|394\/394
|move|p2a: Doge 3|Sacred Fire|p1a: King UU
|-resisted|p1a: King UU
|-damage|p1a: King UU|289\/394
|
|-heal|p1a: King UU|313\/394|[from] item: Leftovers
|turn|9
|
|switch|p2a: Doge|Raikou, shiny|322\/322
|-damage|p2a: Doge|282\/322|[from] Stealth Rock
|-ability|p2a: Doge|Pressure
|move|p1a: King UU|Scald|p2a: Doge
|-damage|p2a: Doge|134\/322
|
|-heal|p1a: King UU|337\/394|[from] item: Leftovers
|turn|10
|
|move|p2a: Doge|Hidden Power|p1a: King UU
|-resisted|p1a: King UU
|-damage|p1a: King UU|288\/394
|move|p1a: King UU|Scald|p2a: Doge
|-damage|p2a: Doge|1\/322
|
|-heal|p1a: King UU|312\/394|[from] item: Leftovers
|turn|11
|
|move|p2a: Doge|Hidden Power|p1a: King UU
|-resisted|p1a: King UU
|-damage|p1a: King UU|263\/394
|move|p1a: King UU|Scald|p2a: Doge
|-damage|p2a: Doge|0 fnt
|faint|p2a: Doge
|
|-heal|p1a: King UU|287\/394|[from] item: Leftovers
|
|switch|p2a: Celebi|Celebi|342\/342
|-damage|p2a: Celebi|300\/342|[from] Stealth Rock
|turn|12
|
|switch|p1a: sniperaim|Fletchinder, F|291\/291
|move|p2a: Celebi|Stealth Rock|p1a: sniperaim
|-sidestart|p1: Angler Management|move: Stealth Rock
|
|turn|13
|
|switch|p2a: Doge 3|Entei, shiny|279\/372
|-damage|p2a: Doge 3|186\/372|[from] Stealth Rock
|-ability|p2a: Doge 3|Pressure
|move|p1a: sniperaim|Acrobatics|p2a: Doge 3
|-damage|p2a: Doge 3|14\/372
|
|turn|14
|
|move|p2a: Doge 3|Extreme Speed|p1a: sniperaim
|-damage|p1a: sniperaim|130\/291
|move|p1a: sniperaim|Acrobatics|p2a: Doge 3
|-damage|p2a: Doge 3|0 fnt
|faint|p2a: Doge 3
|
|
|switch|p2a: Zygarde|Zygarde|358\/358
|-damage|p2a: Zygarde|336\/358|[from] Stealth Rock
|-ability|p2a: Zygarde|Aura Break
|turn|15
|
|move|p2a: Zygarde|Dragon Dance|p2a: Zygarde
|-boost|p2a: Zygarde|atk|1
|-boost|p2a: Zygarde|spe|1
|move|p1a: sniperaim|Will-O-Wisp|p2a: Zygarde
|-status|p2a: Zygarde|brn
|
|-damage|p2a: Zygarde|292\/358 brn|[from] brn
|turn|16
|
|move|p1a: sniperaim|Acrobatics|p2a: Zygarde
|-damage|p2a: Zygarde|168\/358 brn
|-enditem|p2a: Zygarde|Sitrus Berry|[eat]
|-heal|p2a: Zygarde|257\/358 brn|[from] item: Sitrus Berry
|move|p2a: Zygarde|Dragon Tail|p1a: sniperaim
|-damage|p1a: sniperaim|10\/291
|drag|p1a: xMarth|Zygarde|359\/359
|-damage|p1a: xMarth|337\/359|[from] Stealth Rock
|-ability|p1a: xMarth|Aura Break
|
|-damage|p2a: Zygarde|213\/358 brn|[from] brn
|turn|17
|
|switch|p1a: sniperaim|Fletchinder, F|10\/291
|-damage|p1a: sniperaim|0 fnt|[from] Stealth Rock
|faint|p1a: sniperaim
|move|p2a: Zygarde|Dragon Tail|p1: sniperaim|[notarget]
|-notarget
|
|-damage|p2a: Zygarde|169\/358 brn|[from] brn
|
|switch|p1a: boTTT|Porygon-Z|331\/331
|-damage|p1a: boTTT|290\/331|[from] Stealth Rock
|turn|18
|
|move|p2a: Zygarde|Extreme Speed|p1a: boTTT
|-damage|p1a: boTTT|207\/331
|move|p1a: boTTT|Tri Attack|p2a: Zygarde
|-damage|p2a: Zygarde|0 fnt
|faint|p2a: Zygarde
|
|
|switch|p2a: Celebi|Celebi|300\/342
|-damage|p2a: Celebi|258\/342|[from] Stealth Rock
|turn|19
|
|move|p2a: Celebi|Energy Ball|p1a: boTTT
|-damage|p1a: boTTT|0 fnt
|-damage|p2a: Celebi|224\/342|[from] item: Life Orb
|faint|p1a: boTTT
|
|
|switch|p1a: Technosis|Tornadus, M, shiny|299\/299
|-damage|p1a: Technosis|225\/299|[from] Stealth Rock
|turn|20
|
|move|p1a: Technosis|Acrobatics|p2a: Celebi
|-supereffective|p2a: Celebi
|-damage|p2a: Celebi|0 fnt
|faint|p2a: Celebi
|
|win|Angler Management
|raw|Ladder updating...
|leave|Angler Management
|c|âShadowLink1907|gg
|raw|Angler Management's rating: 1547 &rarr; <strong>1554<\/strong><br \/>(+7 for winning)
|raw|ShadowLink1907's rating: 1284 &rarr; <strong>1275<\/strong><br \/>(-9 for losing)
|leave|ShadowLink1907
|player|p1
|player|p2