|join|angler management
|join|Heavy Doobies
|player|p1|angler management|198
|player|p2|Heavy Doobies|188
|gametype|singles
|gen|6
|tier|UU
|rated
|rule|Sleep Clause Mod: Limit one foe put to sleep
|rule|Species Clause: Limit one of each Pokemon
|rule|OHKO Clause: OHKO moves are banned
|rule|Moody Clause: Moody is banned
|rule|Evasion Moves Clause: Evasion moves are banned
|rule|Endless Battle Clause: Forcing endless battles is banned.
|rule|HP Percentage Mod: HP is reported as percentages
|clearpoke
|poke|p1|Scrafty, F
|poke|p1|Magnezone
|poke|p1|Swampert, M
|poke|p1|Toxicroak, M
|poke|p1|Flygon, F
|poke|p1|Florges, F
|poke|p2|Mew
|poke|p2|Toxicroak, M
|poke|p2|Slowbro, F
|poke|p2|Houndoom, M
|poke|p2|Nidoqueen, F
|poke|p2|Mienshao, F
|teampreview
|chat|Heavy Doobies|damn I missclicked
|chat|Heavy Doobies|I have never even played with this team
|chat|angler management|:x
|chat|Heavy Doobies|not even my team is dat blasts
|chat|Heavy Doobies|ah well gl hf
|
|start
|switch|p1a: Swampert|Swampert, M|401\/401
|switch|p2a: Shao|Mienshao, F|271\/271
|turn|1
|
|switch|p1a: Florges|Florges, F|360\/360
|move|p2a: Shao|U-turn|p1a: Florges
|-resisted|p1a: Florges
|-damage|p1a: Florges|321\/360
|
|switch|p2a: Davos|Houndoom, M|291\/291
|
|-heal|p1a: Florges|343\/360|[from] item: Leftovers
|turn|2
|
|switch|p1a: Flygon|Flygon, F|301\/301
|-formechange|p2a: Davos|Houndoom-Mega
|message|Houndoom has Mega Evolved into Mega Houndoom!
|move|p2a: Davos|Nasty Plot|p2a: Davos
|-boost|p2a: Davos|spa|2
|
|turn|3
|chat|Heavy Doobies|he has no ground switch in
|chat|Heavy Doobies|dammm
|
|switch|p2a: Derp|Slowbro, F|394\/394
|move|p1a: Flygon|Earthquake|p2a: Derp
|-damage|p2a: Derp|298\/394
|
|-heal|p2a: Derp|322\/394|[from] item: Leftovers
|turn|4
|
|switch|p1a: Scrafty|Scrafty, F|334\/334
|move|p2a: Derp|Slack Off|p2a: Derp
|-heal|p2a: Derp|394\/394
|
|turn|5
|
|switch|p2a: Shao|Mienshao, F|271\/271
|move|p1a: Scrafty|Knock Off|p2a: Shao
|-resisted|p2a: Shao
|-damage|p2a: Shao|177\/271
|-enditem|p2a: Shao|Choice Scarf|[from] move: Knock Off|[of] p1a: Scrafty
|
|turn|6
|
|switch|p1a: Toxicroak|Toxicroak, M|353\/353
|move|p2a: Shao|High Jump Kick|p1a: Toxicroak
|-crit|p1a: Toxicroak
|-resisted|p1a: Toxicroak
|-damage|p1a: Toxicroak|123\/353
|
|turn|7
|
|switch|p2a: Hard Tits|Nidoqueen, F|353\/353
|move|p1a: Toxicroak|Sucker Punch|p2a: Hard Tits
|-fail|p2a: Hard Tits
|
|turn|8
|
|move|p1a: Toxicroak|Swords Dance|p1a: Toxicroak
|-boost|p1a: Toxicroak|atk|2
|move|p2a: Hard Tits|Stealth Rock|p1a: Toxicroak
|-sidestart|p1: angler management|move: Stealth Rock
|
|turn|9
|
|move|p1a: Toxicroak|Drain Punch|p2a: Hard Tits
|-crit|p2a: Hard Tits
|-resisted|p2a: Hard Tits
|-damage|p2a: Hard Tits|90\/353
|-heal|p1a: Toxicroak|255\/353|[from] drain|[of] p2a: Hard Tits
|-damage|p1a: Toxicroak|220\/353|[from] item: Life Orb
|move|p2a: Hard Tits|Earth Power|p1a: Toxicroak
|-supereffective|p1a: Toxicroak
|-damage|p1a: Toxicroak|0 fnt
|faint|p1a: Toxicroak
|
|
|switch|p1a: Flygon|Flygon, F|301\/301
|-damage|p1a: Flygon|283\/301|[from] Stealth Rock
|turn|10
|chat|Heavy Doobies|I know we both got them, but I just wish crits weren't a thing
|chat|angler management|same
|
|switch|p2a: Derp|Slowbro, F|394\/394
|move|p1a: Flygon|Earthquake|p2a: Derp
|-damage|p2a: Derp|301\/394
|
|-heal|p2a: Derp|325\/394|[from] item: Leftovers
|turn|11
|
|move|p1a: Flygon|Earthquake|p2a: Derp
|-damage|p2a: Derp|231\/394
|move|p2a: Derp|Scald|p1a: Flygon
|-damage|p1a: Flygon|165\/301
|-status|p1a: Flygon|brn
|
|-heal|p2a: Derp|255\/394|[from] item: Leftovers
|-damage|p1a: Flygon|128\/301 brn|[from] brn
|turn|12
|
|switch|p1a: Florges|Florges, F|343\/360
|-damage|p1a: Florges|298\/360|[from] Stealth Rock
|switch|p2a: T-Bone|Toxicroak, M|331\/331
|
|-heal|p1a: Florges|320\/360|[from] item: Leftovers
|turn|13
|
|move|p2a: T-Bone|Drain Punch|p1a: Florges
|-crit|p1a: Florges
|-resisted|p1a: Florges
|-damage|p1a: Florges|185\/360
|-damage|p2a: T-Bone|298\/331|[from] item: Life Orb
|move|p1a: Florges|Aromatherapy|p1a: Florges
|-cureteam|p1a: Florges|[from] move: Aromatherapy
|
|-heal|p1a: Florges|207\/360|[from] item: Leftovers
|turn|14
|chat|Heavy Doobies|can you take a gunk shot?
|chat|Heavy Doobies|or was it yolo
|
|switch|p1a: Swampert|Swampert, M|401\/401
|-damage|p1a: Swampert|376\/401|[from] Stealth Rock
|move|p2a: T-Bone|Drain Punch|p1a: Swampert
|-damage|p1a: Swampert|238\/401
|-heal|p2a: T-Bone|331\/331|[from] drain|[of] p1a: Swampert
|-damage|p2a: T-Bone|298\/331|[from] item: Life Orb
|
|-heal|p1a: Swampert|263\/401|[from] item: Leftovers
|turn|15
|chat|angler management|yolo p. much
|chat|angler management|flygon needs to be w\/o burn
|
|switch|p2a: Derp|Slowbro, F|386\/394
|move|p1a: Swampert|Earthquake|p2a: Derp
|-damage|p2a: Derp|290\/394
|
|-heal|p1a: Swampert|288\/401|[from] item: Leftovers
|-heal|p2a: Derp|314\/394|[from] item: Leftovers
|turn|16
|chat|Heavy Doobies|yes thats why I predicted the florges
|
|move|p1a: Swampert|Stealth Rock|p2a: Derp
|-sidestart|p2: Heavy Doobies|move: Stealth Rock
|move|p2a: Derp|Calm Mind|p2a: Derp
|-boost|p2a: Derp|spa|1
|-boost|p2a: Derp|spd|1
|
|-heal|p1a: Swampert|313\/401|[from] item: Leftovers
|-heal|p2a: Derp|338\/394|[from] item: Leftovers
|turn|17
|
|switch|p1a: Scrafty|Scrafty, F|334\/334
|-damage|p1a: Scrafty|314\/334|[from] Stealth Rock
|move|p2a: Derp|Scald|p1a: Scrafty
|-damage|p1a: Scrafty|197\/334
|
|-heal|p1a: Scrafty|217\/334|[from] item: Leftovers
|-heal|p2a: Derp|362\/394|[from] item: Leftovers
|turn|18
|
|switch|p2a: Shao|Mienshao, F|267\/271
|-damage|p2a: Shao|251\/271|[from] Stealth Rock
|move|p1a: Scrafty|Drain Punch|p2a: Shao
|-damage|p2a: Shao|86\/271
|-heal|p1a: Scrafty|300\/334|[from] drain|[of] p2a: Shao
|
|-heal|p1a: Scrafty|320\/334|[from] item: Leftovers
|turn|19
|chat|angler management|i actually meant to click bulk up
|chat|angler management|but that worked out better
|
|switch|p1a: Florges|Florges, F|207\/360
|-damage|p1a: Florges|162\/360|[from] Stealth Rock
|move|p2a: Shao|U-turn|p1a: Florges
|-resisted|p1a: Florges
|-damage|p1a: Florges|117\/360
|chat|Heavy Doobies|I remembered you were not the dd set from earlier :)
|chat|Heavy Doobies|and I knew your flygon was scarfed if I remembered correctly
|
|switch|p2a: T-Bone|Toxicroak, M|298\/331
|-damage|p2a: T-Bone|278\/331|[from] Stealth Rock
|
|-heal|p1a: Florges|139\/360|[from] item: Leftovers
|turn|20
|
|switch|p2a: Daddy|Mew|404\/404
|-damage|p2a: Daddy|354\/404|[from] Stealth Rock
|switch|p1a: Swampert|Swampert, M|313\/401
|-damage|p1a: Swampert|288\/401|[from] Stealth Rock
|
|-heal|p2a: Daddy|379\/404|[from] item: Leftovers
|-heal|p1a: Swampert|313\/401|[from] item: Leftovers
|turn|21
|
|switch|p1a: Florges|Florges, F|139\/360
|-damage|p1a: Florges|94\/360|[from] Stealth Rock
|move|p2a: Daddy|Will-O-Wisp|p1a: Florges
|-status|p1a: Florges|brn
|
|-heal|p2a: Daddy|404\/404|[from] item: Leftovers
|-heal|p1a: Florges|116\/360 brn|[from] item: Leftovers
|-damage|p1a: Florges|71\/360 brn|[from] brn
|turn|22
|
|move|p2a: Daddy|Knock Off|p1a: Florges
|-resisted|p1a: Florges
|-damage|p1a: Florges|35\/360 brn
|-enditem|p1a: Florges|Leftovers|[from] move: Knock Off|[of] p2a: Daddy
|move|p1a: Florges|Wish|p1a: Florges
|
|-damage|p1a: Florges|0 fnt|[from] brn
|faint|p1a: Florges
|
|switch|p1a: Scrafty|Scrafty, F|320\/334
|-damage|p1a: Scrafty|300\/334|[from] Stealth Rock
|turn|23
|chat|Heavy Doobies|florges is not gonna appreciate magnezones
|
|move|p2a: Daddy|Will-O-Wisp|p1a: Scrafty
|-status|p1a: Scrafty|brn
|move|p1a: Scrafty|Bulk Up|p1a: Scrafty
|-boost|p1a: Scrafty|atk|1
|-boost|p1a: Scrafty|def|1
|
|-heal|p1a: Scrafty|334\/334 brn|[from] move: Wish|[wisher] Florges
|-activate|p1a: Scrafty|ability: Shed Skin
|-curestatus|p1a: Scrafty|brn
|turn|24
|chat|Heavy Doobies|no shed skin I needed a turn dammit
|
|switch|p2a: T-Bone|Toxicroak, M|278\/331
|-damage|p2a: T-Bone|258\/331|[from] Stealth Rock
|move|p1a: Scrafty|Bulk Up|p1a: Scrafty
|-boost|p1a: Scrafty|atk|1
|-boost|p1a: Scrafty|def|1
|
|turn|25
|
|move|p2a: T-Bone|Drain Punch|p1a: Scrafty
|-supereffective|p1a: Scrafty
|-damage|p1a: Scrafty|178\/334
|-heal|p2a: T-Bone|331\/331|[from] drain|[of] p1a: Scrafty
|-damage|p2a: T-Bone|298\/331|[from] item: Life Orb
|move|p1a: Scrafty|Knock Off|p2a: T-Bone
|-resisted|p2a: T-Bone
|-damage|p2a: T-Bone|104\/331
|-enditem|p2a: T-Bone|Life Orb|[from] move: Knock Off|[of] p1a: Scrafty
|
|-heal|p1a: Scrafty|198\/334|[from] item: Leftovers
|turn|26
|
|move|p2a: T-Bone|Drain Punch|p1a: Scrafty
|-supereffective|p1a: Scrafty
|-damage|p1a: Scrafty|90\/334
|-heal|p2a: T-Bone|158\/331|[from] drain|[of] p1a: Scrafty
|move|p1a: Scrafty|Drain Punch|p2a: T-Bone
|-resisted|p2a: T-Bone
|-damage|p2a: T-Bone|5\/331
|-heal|p1a: Scrafty|167\/334|[from] drain|[of] p2a: T-Bone
|
|-heal|p1a: Scrafty|187\/334|[from] item: Leftovers
|turn|27
|
|move|p2a: T-Bone|Drain Punch|p1a: Scrafty
|-supereffective|p1a: Scrafty
|-damage|p1a: Scrafty|71\/334
|-heal|p2a: T-Bone|63\/331|[from] drain|[of] p1a: Scrafty
|move|p1a: Scrafty|Drain Punch|p2a: T-Bone
|-resisted|p2a: T-Bone
|-damage|p2a: T-Bone|0 fnt
|-heal|p1a: Scrafty|103\/334|[from] drain|[of] p2a: T-Bone
|faint|p2a: T-Bone
|
|-heal|p1a: Scrafty|123\/334|[from] item: Leftovers
|
|switch|p2a: Shao|Mienshao, F|176\/271
|-damage|p2a: Shao|160\/271|[from] Stealth Rock
|turn|28
|
|switch|p1a: Swampert|Swampert, M|313\/401
|-damage|p1a: Swampert|288\/401|[from] Stealth Rock
|move|p2a: Shao|High Jump Kick|p1a: Swampert
|-crit|p1a: Swampert
|-damage|p1a: Swampert|9\/401
|
|-heal|p1a: Swampert|34\/401|[from] item: Leftovers
|turn|29
|chat|Heavy Doobies|I think i critted twice with hjk
|chat|Heavy Doobies|thats shitty
|
|move|p2a: Shao|U-turn|p1a: Swampert
|-damage|p1a: Swampert|0 fnt
|faint|p1a: Swampert
|
|switch|p2a: Daddy|Mew|404\/404
|-damage|p2a: Daddy|354\/404|[from] Stealth Rock
|
|-heal|p2a: Daddy|379\/404|[from] item: Leftovers
|
|switch|p1a: Flygon|Flygon, F|128\/301
|-damage|p1a: Flygon|110\/301|[from] Stealth Rock
|turn|30
|
|move|p1a: Flygon|U-turn|p2a: Daddy
|-supereffective|p2a: Daddy
|-damage|p2a: Daddy|229\/404
|
|switch|p1a: Scrafty|Scrafty, F|123\/334
|-damage|p1a: Scrafty|103\/334|[from] Stealth Rock
|move|p2a: Daddy|Will-O-Wisp|p1a: Scrafty
|-status|p1a: Scrafty|brn
|
|-heal|p2a: Daddy|254\/404|[from] item: Leftovers
|-heal|p1a: Scrafty|123\/334 brn|[from] item: Leftovers
|-damage|p1a: Scrafty|82\/334 brn|[from] brn
|turn|31
|chat|Heavy Doobies|I run seismic toss on my own mew needing rn
|chat|angler management|can't win
|chat|angler management|gg
|-message|angler management forfeited.
|
|win|Heavy Doobies
|raw|Ladder updating...
|leave|angler management
|player|p1
|raw|angler management's rating: 1642 &rarr; <strong>1616<\/strong><br \/>(-26 for losing)
|raw|Heavy Doobies's rating: 1533 &rarr; <strong>1559<\/strong><br \/>(+26 for winning)