|join|angler management
|join|the worst guys
|player|p1|angler management|198
|player|p2|the worst guys|253
|gametype|singles
|gen|6
|tier|UU
|rated
|rule|Sleep Clause Mod: Limit one foe put to sleep
|rule|Species Clause: Limit one of each Pokemon
|rule|OHKO Clause: OHKO moves are banned
|rule|Moody Clause: Moody is banned
|rule|Evasion Moves Clause: Evasion moves are banned
|rule|Endless Battle Clause: Forcing endless battles is banned.
|rule|HP Percentage Mod: HP is reported as percentages
|clearpoke
|poke|p1|Scrafty, M
|poke|p1|Magnezone
|poke|p1|Swampert, M
|poke|p1|Toxicroak, M
|poke|p1|Flygon, M
|poke|p1|Florges, F
|poke|p2|Azelf
|poke|p2|Honchkrow, M
|poke|p2|Virizion
|poke|p2|Sharpedo, F
|poke|p2|Kingdra, F
|poke|p2|Nidoking, M
|teampreview
|chat|the worst guys|hf man
|chat|angler management|u2
|
|start
|switch|p1a: Flygon|Flygon, M|301\/301
|switch|p2a: Azelf|Azelf|292\/292
|turn|1
|
|move|p1a: Flygon|U-turn|p2a: Azelf
|-supereffective|p2a: Azelf
|-damage|p2a: Azelf|120\/292
|
|switch|p1a: Scrafty|Scrafty, M|334\/334
|move|p2a: Azelf|Stealth Rock|p1a: Scrafty
|-sidestart|p1: angler management|move: Stealth Rock
|
|turn|2
|
|switch|p1a: Magnezone|Magnezone|301\/301
|-damage|p1a: Magnezone|283\/301|[from] Stealth Rock
|move|p2a: Azelf|Explosion|p1a: Magnezone
|-resisted|p1a: Magnezone
|-damage|p1a: Magnezone|162\/301
|faint|p2a: Azelf
|
|
|switch|p2a: Sharpedo|Sharpedo, F|281\/281
|turn|3
|
|move|p2a: Sharpedo|Earthquake|p1a: Magnezone
|-supereffective|p1a: Magnezone
|-damage|p1a: Magnezone|0 fnt
|-damage|p2a: Sharpedo|253\/281|[from] item: Life Orb
|faint|p1a: Magnezone
|
|-boost|p2a: Sharpedo|spe|1|[from] ability: Speed Boost
|
|switch|p1a: Swampert|Swampert, M|401\/401
|-damage|p1a: Swampert|376\/401|[from] Stealth Rock
|turn|4
|
|switch|p2a: Virizion|Virizion|324\/324
|move|p1a: Swampert|Stealth Rock|p2a: Virizion
|-sidestart|p2: the worst guys|move: Stealth Rock
|
|-heal|p1a: Swampert|401\/401|[from] item: Leftovers
|turn|5
|
|switch|p2a: Sharpedo|Sharpedo, F|253\/281
|-damage|p2a: Sharpedo|218\/281|[from] Stealth Rock
|switch|p1a: Florges|Florges, F|360\/360
|-damage|p1a: Florges|315\/360|[from] Stealth Rock
|
|-heal|p1a: Florges|337\/360|[from] item: Leftovers
|turn|6
|
|switch|p2a: Nidoking|Nidoking, M|304\/304
|-damage|p2a: Nidoking|285\/304|[from] Stealth Rock
|move|p1a: Florges|Moonblast|p2a: Nidoking
|-crit|p2a: Nidoking
|-resisted|p2a: Nidoking
|-damage|p2a: Nidoking|174\/304
|
|-heal|p1a: Florges|359\/360|[from] item: Leftovers
|turn|7
|
|move|p2a: Nidoking|Ice Beam|p1a: Florges
|-damage|p1a: Florges|275\/360
|move|p1a: Florges|Moonblast|p2a: Nidoking
|-resisted|p2a: Nidoking
|-damage|p2a: Nidoking|93\/304
|
|-heal|p1a: Florges|297\/360|[from] item: Leftovers
|turn|8
|
|move|p2a: Nidoking|Sludge Wave|p1a: Florges
|-supereffective|p1a: Florges
|-damage|p1a: Florges|0 fnt
|faint|p1a: Florges
|
|
|switch|p1a: Flygon|Flygon, M|301\/301
|-damage|p1a: Flygon|283\/301|[from] Stealth Rock
|turn|9
|
|move|p1a: Flygon|Outrage|p2a: Nidoking
|-damage|p2a: Nidoking|0 fnt
|faint|p2a: Nidoking
|
|
|switch|p2a: Virizion|Virizion|324\/324
|-damage|p2a: Virizion|304\/324|[from] Stealth Rock
|turn|10
|
|move|p1a: Flygon|Outrage|p2a: Virizion
|-damage|p2a: Virizion|90\/324
|move|p2a: Virizion|Close Combat|p1a: Flygon
|-damage|p1a: Flygon|78\/301
|-unboost|p2a: Virizion|def|1
|-unboost|p2a: Virizion|spd|1
|
|turn|11
|
|move|p1a: Flygon|Outrage|p2a: Virizion
|-damage|p2a: Virizion|0 fnt
|faint|p2a: Virizion
|
|-end|p1a: Flygon|rampage
|-start|p1a: Flygon|confusion
|
|switch|p2a: Honchkrow|Honchkrow, M|341\/341
|-damage|p2a: Honchkrow|256\/341|[from] Stealth Rock
|turn|12
|
|switch|p1a: Swampert|Swampert, M|401\/401
|-damage|p1a: Swampert|376\/401|[from] Stealth Rock
|move|p2a: Honchkrow|Brave Bird|p1a: Swampert
|-crit|p1a: Swampert
|-damage|p1a: Swampert|6\/401
|-damage|p2a: Honchkrow|134\/341|[from] recoil|[of] p1a: Swampert
|-damage|p2a: Honchkrow|100\/341|[from] item: Life Orb
|
|-heal|p1a: Swampert|31\/401|[from] item: Leftovers
|turn|13
|
|move|p2a: Honchkrow|Night Slash|p1a: Swampert
|-damage|p1a: Swampert|0 fnt
|-damage|p2a: Honchkrow|66\/341|[from] item: Life Orb
|faint|p1a: Swampert
|-boost|p2a: Honchkrow|atk|1|[from] ability: Moxie
|
|
|switch|p1a: Toxicroak|Toxicroak, M|353\/353
|-damage|p1a: Toxicroak|331\/353|[from] Stealth Rock
|turn|14
|
|move|p1a: Toxicroak|Sucker Punch|p2a: Honchkrow
|-resisted|p2a: Honchkrow
|-damage|p2a: Honchkrow|0 fnt
|-damage|p1a: Toxicroak|296\/353|[from] item: Life Orb
|faint|p2a: Honchkrow
|
|
|switch|p2a: Sharpedo|Sharpedo, F|218\/281
|-damage|p2a: Sharpedo|183\/281|[from] Stealth Rock
|turn|15
|
|move|p1a: Toxicroak|Sucker Punch|p2a: Sharpedo
|-resisted|p2a: Sharpedo
|-damage|p2a: Sharpedo|71\/281
|-damage|p1a: Toxicroak|261\/353|[from] item: Life Orb
|move|p2a: Sharpedo|Earthquake|p1a: Toxicroak
|-supereffective|p1a: Toxicroak
|-damage|p1a: Toxicroak|0 fnt
|-damage|p2a: Sharpedo|43\/281|[from] item: Life Orb
|faint|p1a: Toxicroak
|
|-boost|p2a: Sharpedo|spe|1|[from] ability: Speed Boost
|
|switch|p1a: Scrafty|Scrafty, M|334\/334
|-damage|p1a: Scrafty|314\/334|[from] Stealth Rock
|turn|16
|
|move|p2a: Sharpedo|Waterfall|p1a: Scrafty
|-damage|p1a: Scrafty|139\/334
|-damage|p2a: Sharpedo|15\/281|[from] item: Life Orb
|cant|p1a: Scrafty|flinch
|
|-heal|p1a: Scrafty|159\/334|[from] item: Leftovers
|-boost|p2a: Sharpedo|spe|1|[from] ability: Speed Boost
|turn|17
|
|move|p2a: Sharpedo|Earthquake|p1a: Scrafty
|-damage|p1a: Scrafty|24\/334
|-damage|p2a: Sharpedo|0 fnt|[from] item: Life Orb
|faint|p2a: Sharpedo
|move|p1a: Scrafty|Drain Punch|p2: Sharpedo|[notarget]
|-notarget
|
|-heal|p1a: Scrafty|44\/334|[from] item: Leftovers
|
|switch|p2a: Kingdra|Kingdra, F|291\/291
|-damage|p2a: Kingdra|255\/291|[from] Stealth Rock
|turn|18
|
|move|p2a: Kingdra|Rain Dance|p2a: Kingdra
|-weather|RainDance
|move|p1a: Scrafty|Rest|p1a: Scrafty
|-status|p1a: Scrafty|slp
|-heal|p1a: Scrafty|334\/334 slp|[silent]
|-status|p1a: Scrafty|slp|[from] move: Rest
|
|-weather|RainDance|[upkeep]
|turn|19
|
|move|p2a: Kingdra|Hydro Pump|p1a: Scrafty
|-damage|p1a: Scrafty|77\/334 slp
|-damage|p2a: Kingdra|226\/291|[from] item: Life Orb
|cant|p1a: Scrafty|slp
|
|-weather|RainDance|[upkeep]
|-heal|p1a: Scrafty|97\/334 slp|[from] item: Leftovers
|turn|20
|chat|angler management|gg
|-message|angler management forfeited.
|
|win|the worst guys
|raw|Ladder updating...
|leave|angler management
|player|p1
|raw|angler management's rating: 1698 &rarr; <strong>1671<\/strong><br \/>(-27 for losing)
|raw|the worst guys's rating: 1562 &rarr; <strong>1590<\/strong><br \/>(+28 for winning)