|join|captaintoiletpants
|join|angler management
|player|p1|captaintoiletpants|238
|player|p2|angler management|198
|gametype|singles
|gen|6
|tier|UU
|rated
|rule|Sleep Clause Mod: Limit one foe put to sleep
|rule|Species Clause: Limit one of each PokÃ©mon
|rule|OHKO Clause: OHKO moves are banned
|rule|Moody Clause: Moody is banned
|rule|Evasion Moves Clause: Evasion moves are banned
|rule|Endless Battle Clause: Forcing endless battles is banned
|rule|HP Percentage Mod: HP is shown in percentages
|clearpoke
|poke|p1|Vileplume, F
|poke|p1|Vaporeon, F
|poke|p1|Forretress, M
|poke|p1|Ampharos, F
|poke|p1|Staraptor, M
|poke|p1|Scrafty, M
|poke|p2|Altaria, M, shiny
|poke|p2|Zygarde
|poke|p2|Ditto, shiny
|poke|p2|Darmanitan, M
|poke|p2|Azelf
|poke|p2|Jirachi, shiny
|rule|Swagger Clause: Swagger is banned
|rule|Baton Pass Clause: Limit one PokÃ©mon knowing Baton Pass
|teampreview
|
|start
|switch|p1a: Ampharos|Ampharos, F|354\/354
|switch|p2a: bad city planning|Azelf|291\/291
|turn|1
|
|detailschange|p1a: Ampharos|Ampharos-Mega, F
|message|Ampharos has Mega Evolved into Mega Ampharos!
|-ability|p1a: Ampharos|Mold Breaker
|move|p2a: bad city planning|Stealth Rock|p1a: Ampharos
|-sidestart|p1: captaintoiletpants|move: Stealth Rock
|move|p1a: Ampharos|Volt Switch|p2a: bad city planning
|-damage|p2a: bad city planning|65\/291
|
|switch|p1a: Staraptor|Staraptor, M|312\/312
|-damage|p1a: Staraptor|234\/312|[from] Stealth Rock
|
|turn|2
|
|switch|p2a: Golden Age|Jirachi, shiny|341\/341
|move|p1a: Staraptor|U-turn|p2a: Golden Age
|-damage|p2a: Golden Age|260\/341
|
|switch|p1a: Scrafty|Scrafty, M|334\/334
|-damage|p1a: Scrafty|314\/334|[from] Stealth Rock
|-ability|p1a: Scrafty|Intimidate|[of] p2a: Golden Age
|-unboost|p2a: Golden Age|atk|1
|
|turn|3
|
|move|p2a: Golden Age|U-turn|p1a: Scrafty
|-damage|p1a: Scrafty|273\/334
|
|switch|p2a: Malta|Altaria, M, shiny|353\/353
|move|p1a: Scrafty|Ice Punch|p2a: Malta
|-supereffective|p2a: Malta
|-damage|p2a: Malta|45\/353
|
|turn|4
|
|switch|p1a: Forretress|Forretress, M|354\/354
|-damage|p1a: Forretress|310\/354|[from] Stealth Rock
|detailschange|p2a: Malta|Altaria-Mega, M, shiny
|message|Altaria has Mega Evolved into Mega Altaria!
|move|p2a: Malta|Roost|p2a: Malta
|-heal|p2a: Malta|222\/353
|
|-heal|p1a: Forretress|332\/354|[from] item: Leftovers
|turn|5
|
|switch|p2a: Exmilitary|Zygarde|404\/404
|-ability|p2a: Exmilitary|Aura Break
|move|p1a: Forretress|Rapid Spin|p2a: Exmilitary
|-damage|p2a: Exmilitary|391\/404
|-sideend|p1: captaintoiletpants|Stealth Rock|[from] move: Rapid Spin|[of] p1a: Forretress
|
|-heal|p2a: Exmilitary|404\/404|[from] item: Leftovers
|-heal|p1a: Forretress|354\/354|[from] item: Leftovers
|turn|6
|
|move|p2a: Exmilitary|Substitute|p2a: Exmilitary
|-start|p2a: Exmilitary|Substitute
|-damage|p2a: Exmilitary|303\/404
|move|p1a: Forretress|Stealth Rock|p2a: Exmilitary
|-sidestart|p2: angler management|move: Stealth Rock
|
|-heal|p2a: Exmilitary|328\/404|[from] item: Leftovers
|turn|7
|
|switch|p1a: bri3|Vaporeon, F|464\/464
|move|p2a: Exmilitary|Coil|p2a: Exmilitary
|-boost|p2a: Exmilitary|atk|1
|-boost|p2a: Exmilitary|def|1
|-boost|p2a: Exmilitary|accuracy|1
|
|-heal|p2a: Exmilitary|353\/404|[from] item: Leftovers
|turn|8
|
|move|p2a: Exmilitary|Earthquake|p1a: bri3
|-damage|p1a: bri3|130\/464
|move|p1a: bri3|Roar|p2a: Exmilitary
|drag|p2a: Malta|Altaria-Mega, M, shiny|222\/353
|-damage|p2a: Malta|178\/353|[from] Stealth Rock
|
|-heal|p1a: bri3|159\/464|[from] item: Leftovers
|turn|9
|
|switch|p1a: the flowa powa v|Vileplume, F|353\/353
|move|p2a: Malta|Frustration|p1a: the flowa powa v
|-resisted|p1a: the flowa powa v
|-damage|p1a: the flowa powa v|251\/353
|
|turn|10
|
|switch|p2a: Blu Tac|Ditto, shiny|299\/299
|-damage|p2a: Blu Tac|262\/299|[from] Stealth Rock
|-transform|p2a: Blu Tac|p1a: the flowa powa v
|move|p1a: the flowa powa v|Dazzling Gleam|p2a: Blu Tac
|-resisted|p2a: Blu Tac
|-damage|p2a: Blu Tac|211\/299
|
|turn|11
|c|âangler management|bad set wow
|
|switch|p2a: Darmanitan|Darmanitan, M|351\/351
|-damage|p2a: Darmanitan|264\/351|[from] Stealth Rock
|switch|p1a: Forretress|Forretress, M|354\/354
|
|turn|12
|c|âcaptaintoiletpants|bad?
|join|Shaneee
|
|switch|p1a: bri3|Vaporeon, F|159\/464
|move|p2a: Darmanitan|Flare Blitz|p1a: bri3
|-resisted|p1a: bri3
|-damage|p1a: bri3|0 fnt
|-damage|p2a: Darmanitan|212\/351|[from] recoil|[of] p1a: bri3
|faint|p1a: bri3
|
|
|switch|p1a: Ampharos|Ampharos-Mega, F|354\/354
|-ability|p1a: Ampharos|Mold Breaker
|turn|13
|
|move|p2a: Darmanitan|Flare Blitz|p1a: Ampharos
|-resisted|p1a: Ampharos
|-damage|p1a: Ampharos|145\/354
|-damage|p2a: Darmanitan|143\/351|[from] recoil|[of] p1a: Ampharos
|move|p1a: Ampharos|Dragon Pulse|p2a: Darmanitan
|-damage|p2a: Darmanitan|0 fnt
|faint|p2a: Darmanitan
|
|
|switch|p2a: bad city planning|Azelf|65\/291
|-damage|p2a: bad city planning|29\/291|[from] Stealth Rock
|turn|14
|
|move|p2a: bad city planning|Stealth Rock|p1a: Ampharos
|-sidestart|p1: captaintoiletpants|move: Stealth Rock
|move|p1a: Ampharos|Volt Switch|p2a: bad city planning
|-damage|p2a: bad city planning|0 fnt
|faint|p2a: bad city planning
|
|switch|p1a: the flowa powa v|Vileplume, F|251\/353
|-damage|p1a: the flowa powa v|207\/353|[from] Stealth Rock
|
|
|switch|p2a: Exmilitary|Zygarde|353\/404
|-damage|p2a: Exmilitary|328\/404|[from] Stealth Rock
|-ability|p2a: Exmilitary|Aura Break
|turn|15
|
|move|p2a: Exmilitary|Earthquake|p1a: the flowa powa v
|-damage|p1a: the flowa powa v|32\/353
|move|p1a: the flowa powa v|Dazzling Gleam|p2a: Exmilitary
|-supereffective|p2a: Exmilitary
|-damage|p2a: Exmilitary|134\/404
|
|-heal|p2a: Exmilitary|159\/404|[from] item: Leftovers
|turn|16
|
|move|p2a: Exmilitary|Crunch|p1a: the flowa powa v
|-damage|p1a: the flowa powa v|0 fnt
|faint|p1a: the flowa powa v
|
|-heal|p2a: Exmilitary|184\/404|[from] item: Leftovers
|
|switch|p1a: Scrafty|Scrafty, M|273\/334
|-damage|p1a: Scrafty|253\/334|[from] Stealth Rock
|-ability|p1a: Scrafty|Intimidate|[of] p2a: Exmilitary
|-unboost|p2a: Exmilitary|atk|1
|turn|17
|
|switch|p2a: Blu Tac|Ditto, shiny|211\/299
|-damage|p2a: Blu Tac|174\/299|[from] Stealth Rock
|-transform|p2a: Blu Tac|p1a: Scrafty
|-ability|p2a: Blu Tac|Intimidate|[of] p1a: Scrafty
|-unboost|p1a: Scrafty|atk|1
|move|p1a: Scrafty|Ice Punch|p2a: Blu Tac
|-damage|p2a: Blu Tac|125\/299
|
|turn|18
|
|switch|p1a: Forretress|Forretress, M|354\/354
|-damage|p1a: Forretress|310\/354|[from] Stealth Rock
|move|p2a: Blu Tac|Drain Punch|p1a: Forretress
|-damage|p1a: Forretress|243\/354
|-heal|p2a: Blu Tac|159\/299|[from] drain|[of] p1a: Forretress
|
|-heal|p1a: Forretress|265\/354|[from] item: Leftovers
|turn|19
|
|switch|p2a: Exmilitary|Zygarde|184\/404
|-damage|p2a: Exmilitary|159\/404|[from] Stealth Rock
|-ability|p2a: Exmilitary|Aura Break
|move|p1a: Forretress|Rapid Spin|p2a: Exmilitary
|-crit|p2a: Exmilitary
|-damage|p2a: Exmilitary|137\/404
|-sideend|p1: captaintoiletpants|Stealth Rock|[from] move: Rapid Spin|[of] p1a: Forretress
|
|-heal|p2a: Exmilitary|162\/404|[from] item: Leftovers
|-heal|p1a: Forretress|287\/354|[from] item: Leftovers
|turn|20
|join|SmashBrosBrawl
|c|+SmashBrosBrawl|mfw ur alts
|
|switch|p1a: Scrafty|Scrafty, M|253\/334
|-ability|p1a: Scrafty|Intimidate|[of] p2a: Exmilitary
|-unboost|p2a: Exmilitary|atk|1
|move|p2a: Exmilitary|Substitute|p2a: Exmilitary
|-start|p2a: Exmilitary|Substitute
|-damage|p2a: Exmilitary|61\/404
|
|-heal|p2a: Exmilitary|86\/404|[from] item: Leftovers
|turn|21
|c|+SmashBrosBrawl|wheres amber management
|join|gobosox
|c|âangler management|mfw low ladder
|
|move|p2a: Exmilitary|Earthquake|p1a: Scrafty
|-damage|p1a: Scrafty|175\/334
|move|p1a: Scrafty|Ice Punch|p2a: Exmilitary
|-supereffective|p2a: Exmilitary
|-end|p2a: Exmilitary|Substitute
|
|-heal|p2a: Exmilitary|111\/404|[from] item: Leftovers
|turn|22
|c| gobosox|sbb i beat you to a custom avi
|
|switch|p2a: Golden Age|Jirachi, shiny|260\/341
|-damage|p2a: Golden Age|239\/341|[from] Stealth Rock
|move|p1a: Scrafty|Drain Punch|p2a: Golden Age
|-damage|p2a: Golden Age|130\/341
|-heal|p1a: Scrafty|230\/334|[from] drain|[of] p2a: Golden Age
|
|turn|23
|c|+SmashBrosBrawl|uh
|c|+SmashBrosBrawl|what
|
|move|p2a: Golden Age|U-turn|p1a: Scrafty
|-damage|p1a: Scrafty|173\/334
|
|switch|p2a: Malta|Altaria-Mega, M, shiny|178\/353
|-damage|p2a: Malta|134\/353|[from] Stealth Rock
|move|p1a: Scrafty|Knock Off|p2a: Malta
|-resisted|p2a: Malta
|-damage|p2a: Malta|84\/353
|
|turn|24
|c| gobosox|i beat you to getting one kek
|
|switch|p1a: Forretress|Forretress, M|287\/354
|move|p2a: Malta|Roost|p2a: Malta
|-heal|p2a: Malta|261\/353
|
|-heal|p1a: Forretress|309\/354|[from] item: Leftovers
|turn|25
|c|+SmashBrosBrawl|how did you beat me
|c|+SmashBrosBrawl|when i wasnt even aware
|c|+SmashBrosBrawl|of this
|c| gobosox|look
|c|+SmashBrosBrawl|lol
|c|+SmashBrosBrawl|i saw it
|
|move|p2a: Malta|Frustration|p1a: Forretress
|-resisted|p1a: Forretress
|-damage|p1a: Forretress|253\/354
|move|p1a: Forretress|Gyro Ball|p2a: Malta
|-crit|p2a: Malta
|-supereffective|p2a: Malta
|-damage|p2a: Malta|1\/353
|
|-heal|p1a: Forretress|275\/354|[from] item: Leftovers
|turn|26
|c| gobosox|i dun beat you
|
|move|p2a: Malta|Roost|p2a: Malta
|-heal|p2a: Malta|178\/353
|move|p1a: Forretress|Gyro Ball|p2a: Malta
|-supereffective|p2a: Malta
|-damage|p2a: Malta|0 fnt
|faint|p2a: Malta
|
|-heal|p1a: Forretress|297\/354|[from] item: Leftovers
|c|+SmashBrosBrawl|what
|c|+SmashBrosBrawl|lol
|join|Alldaalts
|
|switch|p2a: Golden Age|Jirachi, shiny|130\/341
|-damage|p2a: Golden Age|109\/341|[from] Stealth Rock
|turn|27
|c|+SmashBrosBrawl|did you win a tour
|leave|gobosox
|
|move|p2a: Golden Age|Healing Wish|p2a: Golden Age
|faint|p2a: Golden Age
|move|p1a: Forretress|Volt Switch|p2: Golden Age|[notarget]
|-notarget
|
|-heal|p1a: Forretress|319\/354|[from] item: Leftovers
|
|switch|p2a: Exmilitary|Zygarde|111\/404
|-heal|p2a: Exmilitary|404\/404|[from] move: Healing Wish
|-damage|p2a: Exmilitary|379\/404|[from] Stealth Rock
|-ability|p2a: Exmilitary|Aura Break
|turn|28
|join|gobosox
|
|switch|p1a: Scrafty|Scrafty, M|173\/334
|-ability|p1a: Scrafty|Intimidate|[of] p2a: Exmilitary
|-unboost|p2a: Exmilitary|atk|1
|move|p2a: Exmilitary|Coil|p2a: Exmilitary
|-boost|p2a: Exmilitary|atk|1
|-boost|p2a: Exmilitary|def|1
|-boost|p2a: Exmilitary|accuracy|1
|
|-heal|p2a: Exmilitary|404\/404|[from] item: Leftovers
|turn|29
|c| gobosox|nah
|c|+SmashBrosBrawl|then wot
|c| gobosox|zarel found out im emma watson
|c|+SmashBrosBrawl|did you suck many dicks
|c| gobosox|irl
|
|move|p2a: Exmilitary|Earthquake|p1a: Scrafty
|-damage|p1a: Scrafty|56\/334
|move|p1a: Scrafty|Ice Punch|p2a: Exmilitary
|-supereffective|p2a: Exmilitary
|-damage|p2a: Exmilitary|240\/404
|
|-heal|p2a: Exmilitary|265\/404|[from] item: Leftovers
|turn|30
|c|+SmashBrosBrawl|o
|c|+SmashBrosBrawl|nb
|
|move|p2a: Exmilitary|Earthquake|p1a: Scrafty
|-damage|p1a: Scrafty|0 fnt
|faint|p1a: Scrafty
|
|-heal|p2a: Exmilitary|290\/404|[from] item: Leftovers
|
|switch|p1a: Staraptor|Staraptor, M|234\/312
|turn|31
|c|âcaptaintoiletpants|gg
|c| gobosox|no i didnt suck dick, i only talked to zarel once
|
|move|p1a: Staraptor|U-turn|p2a: Exmilitary
|-damage|p2a: Exmilitary|245\/404
|c| gobosox|and he made fun of my mom
|c|+SmashBrosBrawl|lol
|
|switch|p1a: Ampharos|Ampharos-Mega, F|145\/354
|-ability|p1a: Ampharos|Mold Breaker
|move|p2a: Exmilitary|Crunch|p1a: Ampharos
|-damage|p1a: Ampharos|75\/354
|-unboost|p1a: Ampharos|def|1
|
|-heal|p2a: Exmilitary|270\/404|[from] item: Leftovers
|turn|32
|
|move|p2a: Exmilitary|Earthquake|p1a: Ampharos
|-supereffective|p1a: Ampharos
|-damage|p1a: Ampharos|0 fnt
|faint|p1a: Ampharos
|
|-heal|p2a: Exmilitary|295\/404|[from] item: Leftovers
|c|+SmashBrosBrawl|ye im not really following
|
|switch|p1a: Staraptor|Staraptor, M|234\/312
|turn|33
|
|move|p1a: Staraptor|Double-Edge|p2a: Exmilitary
|-damage|p2a: Exmilitary|148\/404
|-damage|p1a: Staraptor|185\/312|[from] recoil|[of] p2a: Exmilitary
|move|p2a: Exmilitary|Crunch|p1a: Staraptor
|-damage|p1a: Staraptor|91\/312
|
|-heal|p2a: Exmilitary|173\/404|[from] item: Leftovers
|turn|34
|c|âcaptaintoiletpants|crit pls
|
|move|p1a: Staraptor|Double-Edge|p2a: Exmilitary
|-damage|p2a: Exmilitary|41\/404
|-damage|p1a: Staraptor|47\/312|[from] recoil|[of] p2a: Exmilitary
|move|p2a: Exmilitary|Crunch|p1a: Staraptor
|-damage|p1a: Staraptor|0 fnt
|faint|p1a: Staraptor
|
|-heal|p2a: Exmilitary|66\/404|[from] item: Leftovers
|join|hairy toenail
|
|switch|p1a: Forretress|Forretress, M|319\/354
|turn|35
|c|+SmashBrosBrawl|>crunch
|c|+SmashBrosBrawl|>
|c|âangler management|>zong
|c|âangler management|>
|c|+SmashBrosBrawl|>
|
|move|p2a: Exmilitary|Earthquake|p1a: Forretress
|-crit|p1a: Forretress
|-damage|p1a: Forretress|195\/354
|move|p1a: Forretress|Gyro Ball|p2a: Exmilitary
|-damage|p2a: Exmilitary|6\/404
|
|-heal|p2a: Exmilitary|31\/404|[from] item: Leftovers
|-heal|p1a: Forretress|217\/354|[from] item: Leftovers
|turn|36
|c|âcaptaintoiletpants|c'mo
|c|+SmashBrosBrawl|fine get walled by honchrow
|c|âangler management|lol
|c|+SmashBrosBrawl|l0l
|c|âangler management|honchkrow is dead
|
|move|p2a: Exmilitary|Earthquake|p1a: Forretress
|-damage|p1a: Forretress|138\/354
|move|p1a: Forretress|Gyro Ball|p2a: Exmilitary
|-damage|p2a: Exmilitary|0 fnt
|faint|p2a: Exmilitary
|
|-heal|p1a: Forretress|160\/354|[from] item: Leftovers
|
|switch|p2a: Blu Tac|Ditto, shiny|159\/299
|-damage|p2a: Blu Tac|122\/299|[from] Stealth Rock
|-transform|p2a: Blu Tac|p1a: Forretress
|turn|37
|c|+SmashBrosBrawl|hp fire here
|c| hairy toenail|does spin do more
|c|+SmashBrosBrawl|no
|
|move|p2a: Blu Tac|Volt Switch|p1a: Forretress
|-damage|p1a: Forretress|102\/354
|move|p1a: Forretress|Volt Switch|p2a: Blu Tac
|-damage|p2a: Blu Tac|64\/299
|
|-heal|p1a: Forretress|124\/354|[from] item: Leftovers
|turn|38
|c|+SmashBrosBrawl|crt
|c|+SmashBrosBrawl|crt
|c|âcaptaintoiletpants|no you already get one
|
|move|p2a: Blu Tac|Volt Switch|p1a: Forretress
|-damage|p1a: Forretress|69\/354
|move|p1a: Forretress|Volt Switch|p2a: Blu Tac
|-damage|p2a: Blu Tac|6\/299
|
|-heal|p1a: Forretress|91\/354|[from] item: Leftovers
|turn|39
|c|âcaptaintoiletpants|if you crit here
|c| hairy toenail|bright powder ditto
|
|move|p2a: Blu Tac|Volt Switch|p1a: Forretress
|-damage|p1a: Forretress|33\/354
|move|p1a: Forretress|Volt Switch|p2a: Blu Tac
|-damage|p2a: Blu Tac|0 fnt
|faint|p2a: Blu Tac
|
|win|captaintoiletpants
|raw|Ladder updating...
|leave|angler management
|player|p2
|c|âcaptaintoiletpants|gg
|c|âcaptaintoiletpants|close
|leave|Alldaalts
|raw|captaintoiletpants's rating: 1402 &rarr; <strong>1416<\/strong><br \/>(+14 for winning)
|raw|angler management's rating: 1293 &rarr; <strong>1276<\/strong><br \/>(-17 for losing)
|leave|SmashBrosBrawl