|join|angler management
|join|DinaIsha
|player|p1|angler management|198
|player|p2|DinaIsha|92
|gametype|singles
|gen|6
|tier|UU
|rated
|rule|Sleep Clause Mod: Limit one foe put to sleep
|rule|Species Clause: Limit one of each Pokemon
|rule|OHKO Clause: OHKO moves are banned
|rule|Moody Clause: Moody is banned
|rule|Evasion Moves Clause: Evasion moves are banned
|rule|Endless Battle Clause: Forcing endless battles is banned.
|rule|HP Percentage Mod: HP is reported as percentages
|clearpoke
|poke|p1|Ludicolo, F
|poke|p1|Tornadus, M
|poke|p1|Omastar, F, shiny
|poke|p1|Smeargle, F
|poke|p1|Kabutops, F
|poke|p1|Sableye, F
|poke|p2|Cobalion
|poke|p2|Froslass, F
|poke|p2|Yanmega, M
|poke|p2|Delphox, M
|poke|p2|Omastar, M
|poke|p2|Heliolisk, M
|teampreview
|
|start
|switch|p1a: Smeargle|Smeargle, F|251\/251
|switch|p2a: Cobalion|Cobalion|323\/323
|turn|1
|
|move|p2a: Cobalion|Taunt|p1a: Smeargle
|-start|p1a: Smeargle|move: Taunt
|cant|p1a: Smeargle|move: Taunt|Spore
|
|turn|2
|
|move|p2a: Cobalion|Stealth Rock|p1a: Smeargle
|-sidestart|p1: angler management|move: Stealth Rock
|move|p1a: Smeargle|Rapid Spin|p2a: Cobalion
|-resisted|p2a: Cobalion
|-damage|p2a: Cobalion|317\/323
|-sideend|p1: angler management|Stealth Rock|[from] move: Rapid Spin|[of] p1a: Smeargle
|
|-heal|p2a: Cobalion|323\/323|[from] item: Leftovers
|turn|3
|
|switch|p1a: Sableye|Sableye, F|304\/304
|move|p2a: Cobalion|Iron Head|p1a: Sableye
|-damage|p1a: Sableye|217\/304
|
|turn|4
|join|whencefor
|
|switch|p2a: Delphox|Delphox, M|291\/291
|move|p1a: Sableye|Taunt|p2a: Delphox
|-start|p2a: Delphox|move: Taunt
|
|turn|5
|
|move|p1a: Sableye|Rain Dance|p1a: Sableye
|-weather|RainDance
|move|p2a: Delphox|Flamethrower|p1a: Sableye
|-damage|p1a: Sableye|123\/304
|
|-weather|RainDance|[upkeep]
|turn|6
|
|move|p2a: Delphox|Flamethrower|p1a: Sableye
|-damage|p1a: Sableye|32\/304
|move|p1a: Sableye|Knock Off|p2a: Delphox
|-supereffective|p2a: Delphox
|-damage|p2a: Delphox|37\/291
|-enditem|p2a: Delphox|Leftovers|[from] move: Knock Off|[of] p1a: Sableye
|
|-weather|RainDance|[upkeep]
|turn|7
|
|move|p1a: Sableye|Recover|p1a: Sableye
|-heal|p1a: Sableye|184\/304
|move|p2a: Delphox|Flamethrower|p1a: Sableye
|-damage|p1a: Sableye|51\/304
|
|-weather|RainDance|[upkeep]
|-end|p2a: Delphox|move: Taunt
|turn|8
|
|switch|p1a: Ludicolo|Ludicolo, F|301\/301
|move|p2a: Delphox|Flamethrower|p1a: Ludicolo
|-damage|p1a: Ludicolo|183\/301
|
|-weather|RainDance|[upkeep]
|turn|9
|
|switch|p2a: Heliolisk|Heliolisk, M|266\/266
|move|p1a: Ludicolo|Waterfall|p2a: Heliolisk
|-immune|p2a: Heliolisk|[msg]
|
|-weather|RainDance|[upkeep]
|turn|10
|
|move|p2a: Heliolisk|Volt Switch|p1a: Ludicolo
|-damage|p1a: Ludicolo|77\/301
|
|switch|p2a: Yanmega|Yanmega, M|341\/341
|move|p1a: Ludicolo|Seed Bomb|p2a: Yanmega
|-resisted|p2a: Yanmega
|-damage|p2a: Yanmega|305\/341
|-damage|p1a: Ludicolo|47\/301|[from] item: Life Orb
|
|-weather|RainDance|[upkeep]
|turn|11
|
|switch|p2a: Heliolisk|Heliolisk, M|266\/266
|move|p1a: Ludicolo|Waterfall|p2a: Heliolisk
|-immune|p2a: Heliolisk|[msg]
|
|-weather|RainDance|[upkeep]
|turn|12
|
|move|p2a: Heliolisk|Volt Switch|p1a: Ludicolo
|-damage|p1a: Ludicolo|0 fnt
|faint|p1a: Ludicolo
|
|switch|p2a: Cobalion|Cobalion|323\/323
|
|-weather|none
|
|switch|p1a: Sableye|Sableye, F|51\/304
|turn|13
|
|move|p1a: Sableye|Taunt|p2a: Cobalion
|-start|p2a: Cobalion|move: Taunt
|move|p2a: Cobalion|Iron Head|p1a: Sableye
|-damage|p1a: Sableye|0 fnt
|faint|p1a: Sableye
|
|
|switch|p1a: Smeargle|Smeargle, F|251\/251
|turn|14
|
|switch|p2a: Delphox|Delphox, M|37\/291
|move|p1a: Smeargle|Spore|p2a: Delphox
|-status|p2a: Delphox|slp
|
|turn|15
|join|Technosis
|
|switch|p2a: Yanmega|Yanmega, M|305\/341
|move|p1a: Smeargle|Stealth Rock|p2a: Yanmega
|-sidestart|p2: DinaIsha|move: Stealth Rock
|
|turn|16
|
|move|p1a: Smeargle|Explosion|p2a: Yanmega
|-damage|p2a: Yanmega|116\/341
|faint|p1a: Smeargle
|move|p2a: Yanmega|Bug Buzz|p1: Smeargle|[notarget]
|-notarget
|
|-boost|p2a: Yanmega|spe|1|[from] ability: Speed Boost
|
|switch|p1a: Tornadus|Tornadus, M|299\/299
|turn|17
|
|move|p1a: Tornadus|Rain Dance|p1a: Tornadus
|-weather|RainDance
|move|p2a: Yanmega|Air Slash|p1a: Tornadus
|-damage|p1a: Tornadus|56\/299
|-damage|p2a: Yanmega|82\/341|[from] item: Life Orb
|
|-weather|RainDance|[upkeep]
|-boost|p2a: Yanmega|spe|1|[from] ability: Speed Boost
|turn|18
|
|move|p2a: Yanmega|Bug Buzz|p1a: Tornadus
|-resisted|p1a: Tornadus
|-damage|p1a: Tornadus|0 fnt
|-damage|p2a: Yanmega|48\/341|[from] item: Life Orb
|faint|p1a: Tornadus
|
|-weather|RainDance|[upkeep]
|-boost|p2a: Yanmega|spe|1|[from] ability: Speed Boost
|
|switch|p1a: Kabutops|Kabutops, F|261\/261
|turn|19
|
|move|p1a: Kabutops|Aqua Jet|p2a: Yanmega
|-damage|p2a: Yanmega|0 fnt
|-damage|p1a: Kabutops|235\/261|[from] item: Life Orb
|faint|p2a: Yanmega
|
|-weather|RainDance|[upkeep]
|
|switch|p2a: Omastar|Omastar, M|282\/282
|-damage|p2a: Omastar|247\/282|[from] Stealth Rock
|turn|20
|
|move|p1a: Kabutops|Waterfall|p2a: Omastar
|-damage|p2a: Omastar|8\/282
|-boost|p2a: Omastar|spe|1|[from] ability: Weak Armor
|-unboost|p2a: Omastar|def|1|[from] ability: Weak Armor
|-damage|p1a: Kabutops|209\/261|[from] item: Life Orb
|cant|p2a: Omastar|flinch
|
|-weather|RainDance|[upkeep]
|turn|21
|chat|DinaIsha|._>
|
|move|p1a: Kabutops|Aqua Jet|p2a: Omastar
|-damage|p2a: Omastar|0 fnt
|-damage|p1a: Kabutops|183\/261|[from] item: Life Orb
|faint|p2a: Omastar
|
|-weather|RainDance|[upkeep]
|
|switch|p2a: Delphox|Delphox, M|37\/291 slp
|-damage|p2a: Delphox|0 fnt|[from] Stealth Rock
|faint|p2a: Delphox
|
|switch|p2a: Cobalion|Cobalion|323\/323
|-damage|p2a: Cobalion|313\/323|[from] Stealth Rock
|turn|22
|
|switch|p2a: Heliolisk|Heliolisk, M|266\/266
|-damage|p2a: Heliolisk|233\/266|[from] Stealth Rock
|move|p1a: Kabutops|Waterfall|p2a: Heliolisk
|-heal|p2a: Heliolisk|266\/266|[from] ability: Dry Skin|[of] p1a: Kabutops
|
|-weather|RainDance|[upkeep]
|turn|23
|join|saddaas
|
|switch|p2a: Cobalion|Cobalion|313\/323
|-damage|p2a: Cobalion|303\/323|[from] Stealth Rock
|move|p1a: Kabutops|Swords Dance|p1a: Kabutops
|-boost|p1a: Kabutops|atk|2
|
|-weather|RainDance|[upkeep]
|-heal|p2a: Cobalion|323\/323|[from] item: Leftovers
|turn|24
|chat|whencefor|sack froslass already lol
|
|move|p1a: Kabutops|Stone Edge|p2a: Cobalion
|-crit|p2a: Cobalion
|-resisted|p2a: Cobalion
|-damage|p2a: Cobalion|174\/323
|-damage|p1a: Kabutops|157\/261|[from] item: Life Orb
|move|p2a: Cobalion|Iron Head|p1a: Kabutops
|-damage|p1a: Kabutops|72\/261
|
|-weather|none
|-heal|p2a: Cobalion|194\/323|[from] item: Leftovers
|turn|25
|
|move|p1a: Kabutops|Aqua Jet|p2a: Cobalion
|-damage|p2a: Cobalion|33\/323
|-damage|p1a: Kabutops|46\/261|[from] item: Life Orb
|move|p2a: Cobalion|Sacred Sword|p1a: Kabutops
|-supereffective|p1a: Kabutops
|-damage|p1a: Kabutops|0 fnt
|faint|p1a: Kabutops
|
|-heal|p2a: Cobalion|53\/323|[from] item: Leftovers
|
|switch|p1a: Surfer Rosa|Omastar, F, shiny|281\/281
|turn|26
|
|move|p2a: Cobalion|Taunt|p1a: Surfer Rosa
|-start|p1a: Surfer Rosa|move: Taunt
|move|p1a: Surfer Rosa|Surf|p2a: Cobalion
|-damage|p2a: Cobalion|0 fnt
|faint|p2a: Cobalion
|
|
|switch|p2a: Heliolisk|Heliolisk, M|266\/266
|-damage|p2a: Heliolisk|233\/266|[from] Stealth Rock
|turn|27
|
|move|p2a: Heliolisk|Volt Switch|p1a: Surfer Rosa
|-supereffective|p1a: Surfer Rosa
|-damage|p1a: Surfer Rosa|3\/281
|
|switch|p2a: Froslass|Froslass, F|344\/344
|-damage|p2a: Froslass|258\/344|[from] Stealth Rock
|move|p1a: Surfer Rosa|Ice Beam|p2a: Froslass
|-resisted|p2a: Froslass
|-damage|p2a: Froslass|184\/344
|
|turn|28
|-message|angler management forfeited.
|
|win|DinaIsha
|raw|Ladder updating...
|leave|angler management
|player|p1
|raw|angler management's rating: 1469 &rarr; <strong>1443<\/strong><br \/>(-26 for losing)
|raw|DinaIsha's rating: 1364 &rarr; <strong>1390<\/strong><br \/>(+26 for winning)
|leave|whencefor
|leave|Technosis