|join|BFoxy
|join|angler management
|player|p1|BFoxy|172
|player|p2|angler management|198
|gametype|singles
|gen|6
|tier|UU
|rated
|rule|Sleep Clause Mod: Limit one foe put to sleep
|rule|Species Clause: Limit one of each Pokemon
|rule|OHKO Clause: OHKO moves are banned
|rule|Moody Clause: Moody is banned
|rule|Evasion Moves Clause: Evasion moves are banned
|rule|Endless Battle Clause: Forcing endless battles is banned.
|rule|HP Percentage Mod: HP is reported as percentages
|clearpoke
|poke|p1|Alakazam, F
|poke|p1|Arcanine, M
|poke|p1|Florges, F
|poke|p1|Doublade, F
|poke|p1|Hitmonlee, M
|poke|p1|Jirachi
|poke|p2|Kabutops, M
|poke|p2|Claydol
|poke|p2|Sableye, M
|poke|p2|Tornadus, M
|poke|p2|Ludicolo, F
|poke|p2|Qwilfish, F
|teampreview
|
|start
|switch|p1a: Stardust|Jirachi|341\/341
|switch|p2a: Zeroes and Ones|Claydol|261\/261
|turn|1
|
|move|p1a: Stardust|Energy Ball|p2a: Zeroes and Ones
|-supereffective|p2a: Zeroes and Ones
|-damage|p2a: Zeroes and Ones|93\/261
|-unboost|p2a: Zeroes and Ones|spd|1
|move|p2a: Zeroes and Ones|Stealth Rock|p1a: Stardust
|-sidestart|p1: BFoxy|move: Stealth Rock
|
|turn|2
|
|move|p2a: Zeroes and Ones|Magic Coat|p2a: Zeroes and Ones
|-singleturn|p2a: Zeroes and Ones|move: Magic Coat
|move|p1a: Stardust|Stealth Rock|p2a: Zeroes and Ones
|move|p2a: Zeroes and Ones|Stealth Rock|p1a: Stardust|[from]Magic Coat
|-fail|p1a: Stardust
|
|turn|3
|
|move|p2a: Zeroes and Ones|Magic Coat|p2a: Zeroes and Ones
|-singleturn|p2a: Zeroes and Ones|move: Magic Coat
|move|p1a: Stardust|Stealth Rock|p2a: Zeroes and Ones
|move|p2a: Zeroes and Ones|Stealth Rock|p1a: Stardust|[from]Magic Coat
|-fail|p1a: Stardust
|
|turn|4
|
|move|p2a: Zeroes and Ones|Magic Coat|p2a: Zeroes and Ones
|-singleturn|p2a: Zeroes and Ones|move: Magic Coat
|move|p1a: Stardust|Stealth Rock|p2a: Zeroes and Ones
|move|p2a: Zeroes and Ones|Stealth Rock|p1a: Stardust|[from]Magic Coat
|-fail|p1a: Stardust
|
|turn|5
|
|move|p1a: Stardust|Stealth Rock|p2a: Zeroes and Ones
|-sidestart|p2: angler management|move: Stealth Rock
|move|p2a: Zeroes and Ones|Rapid Spin|p1a: Stardust
|-resisted|p1a: Stardust
|-damage|p1a: Stardust|333\/341
|-sideend|p2: angler management|Stealth Rock|[from] move: Rapid Spin|[of] p2a: Zeroes and Ones
|
|turn|6
|
|move|p1a: Stardust|Energy Ball|p2a: Zeroes and Ones
|-supereffective|p2a: Zeroes and Ones
|-damage|p2a: Zeroes and Ones|0 fnt
|faint|p2a: Zeroes and Ones
|
|
|switch|p2a: Sableye|Sableye, M|251\/251
|turn|7
|
|move|p2a: Sableye|Taunt|p1a: Stardust
|-start|p1a: Stardust|move: Taunt
|cant|p1a: Stardust|move: Taunt|Stealth Rock
|
|turn|8
|
|switch|p1a: Lionheart|Arcanine, M|383\/383
|-damage|p1a: Lionheart|288\/383|[from] Stealth Rock
|-ability|p1a: Lionheart|Intimidate|[of] p2a: Sableye
|-unboost|p2a: Sableye|atk|1
|move|p2a: Sableye|Knock Off|p1a: Lionheart
|-damage|p1a: Lionheart|236\/383
|-damage|p2a: Sableye|210\/251|[from] item: Rocky Helmet|[of] p1a: Lionheart
|-enditem|p1a: Lionheart|Rocky Helmet|[from] move: Knock Off|[of] p2a: Sableye
|
|turn|9
|
|move|p2a: Sableye|Taunt|p1a: Lionheart
|-start|p1a: Lionheart|move: Taunt
|move|p1a: Lionheart|Flare Blitz|p2a: Sableye
|-damage|p2a: Sableye|36\/251
|-damage|p1a: Lionheart|179\/383|[from] recoil|[of] p2a: Sableye
|
|turn|10
|
|move|p2a: Sableye|Rain Dance|p2a: Sableye
|-weather|RainDance
|move|p1a: Lionheart|Flare Blitz|p2a: Sableye
|-damage|p2a: Sableye|0 fnt
|-damage|p1a: Lionheart|167\/383|[from] recoil|[of] p2a: Sableye
|faint|p2a: Sableye
|
|-weather|RainDance|[upkeep]
|
|switch|p2a: Kabutops|Kabutops, M|261\/261
|turn|11
|
|switch|p1a: Venetia Shield|Doublade, F|322\/322
|-damage|p1a: Venetia Shield|302\/322|[from] Stealth Rock
|move|p2a: Kabutops|Swords Dance|p2a: Kabutops
|-boost|p2a: Kabutops|atk|2
|
|-weather|RainDance|[upkeep]
|turn|12
|
|move|p2a: Kabutops|Waterfall|p1a: Venetia Shield
|-damage|p1a: Venetia Shield|39\/322
|-damage|p2a: Kabutops|235\/261|[from] item: Life Orb
|move|p1a: Venetia Shield|Gyro Ball|p2a: Kabutops
|-damage|p2a: Kabutops|0 fnt
|faint|p2a: Kabutops
|
|-weather|RainDance|[upkeep]
|
|switch|p2a: Tornadus|Tornadus, M|299\/299
|turn|13
|
|move|p1a: Venetia Shield|Shadow Sneak|p2a: Tornadus
|-damage|p2a: Tornadus|212\/299
|move|p2a: Tornadus|Hurricane|p1a: Venetia Shield
|-resisted|p1a: Venetia Shield
|-damage|p1a: Venetia Shield|0 fnt
|faint|p1a: Venetia Shield
|
|-weather|RainDance|[upkeep]
|
|switch|p1a: Freya|Florges, F|360\/360
|-damage|p1a: Freya|315\/360|[from] Stealth Rock
|turn|14
|
|move|p1a: Freya|Protect|p1a: Freya
|-singleturn|p1a: Freya|Protect
|move|p2a: Tornadus|Knock Off|p1a: Freya
|-activate|p1a: Freya|Protect
|
|-weather|RainDance|[upkeep]
|-heal|p1a: Freya|337\/360|[from] item: Leftovers
|turn|15
|
|move|p2a: Tornadus|Knock Off|p1a: Freya
|-resisted|p1a: Freya
|-damage|p1a: Freya|294\/360
|-enditem|p1a: Freya|Leftovers|[from] move: Knock Off|[of] p2a: Tornadus
|move|p1a: Freya|Moonblast|p2a: Tornadus
|-damage|p2a: Tornadus|49\/299
|-unboost|p2a: Tornadus|spa|1
|
|-weather|RainDance|[upkeep]
|turn|16
|
|switch|p2a: Qwilfish|Qwilfish, F|275\/275
|move|p1a: Freya|Moonblast|p2a: Qwilfish
|-resisted|p2a: Qwilfish
|-damage|p2a: Qwilfish|176\/275
|-unboost|p2a: Qwilfish|spa|1
|
|-weather|RainDance|[upkeep]
|turn|17
|
|switch|p2a: Tornadus|Tornadus, M|49\/299
|move|p1a: Freya|Moonblast|p2a: Tornadus
|-damage|p2a: Tornadus|0 fnt
|faint|p2a: Tornadus
|
|-weather|none
|
|switch|p2a: Qwilfish|Qwilfish, F|176\/275
|turn|18
|
|switch|p1a: Lionheart|Arcanine, M|167\/383
|-damage|p1a: Lionheart|72\/383|[from] Stealth Rock
|-ability|p1a: Lionheart|Intimidate|[of] p2a: Qwilfish
|-unboost|p2a: Qwilfish|atk|1
|move|p2a: Qwilfish|Swords Dance|p2a: Qwilfish
|-boost|p2a: Qwilfish|atk|2
|
|turn|19
|
|move|p2a: Qwilfish|Waterfall|p1a: Lionheart
|-supereffective|p1a: Lionheart
|-damage|p1a: Lionheart|0 fnt
|-damage|p2a: Qwilfish|149\/275|[from] item: Life Orb
|faint|p1a: Lionheart
|
|-message|angler management forfeited.
|
|win|BFoxy
|raw|Ladder updating...
|leave|angler management
|player|p2
|raw|BFoxy's rating: 1617 &rarr; <strong>1635<\/strong><br \/>(+18 for winning)
|raw|angler management's rating: 1581 &rarr; <strong>1563<\/strong><br \/>(-18 for losing)