|join|ult lowgock
|join|lalanix
|player|p1|ult lowgock|102
|player|p2|lalanix|101
|gametype|singles
|gen|6
|tier|UU
|rated
|rule|Sleep Clause Mod: Limit one foe put to sleep
|rule|Species Clause: Limit one of each PokÃ©mon
|rule|OHKO Clause: OHKO moves are banned
|rule|Moody Clause: Moody is banned
|rule|Evasion Moves Clause: Evasion moves are banned
|rule|Endless Battle Clause: Forcing endless battles is banned
|rule|HP Percentage Mod: HP is shown in percentages
|clearpoke
|poke|p1|Slurpuff, M
|poke|p1|Kingdra, M
|poke|p1|Aerodactyl, F
|poke|p1|Nidoqueen, F
|poke|p1|Cobalion
|poke|p1|Honchkrow, M
|poke|p2|Starmie
|poke|p2|Flygon, F
|poke|p2|Nidoking, M
|poke|p2|Honchkrow, F
|poke|p2|Noivern, M
|poke|p2|Lucario, M
|rule|Swagger Clause: Swagger is banned
|rule|Baton Pass Clause: Limit one PokÃ©mon knowing Baton Pass
|teampreview
|
|start
|switch|p1a: Aerodactyl|Aerodactyl, F|301\/301
|switch|p2a: Starmie|Starmie|261\/261
|turn|1
|join|dsfdsfds
|
|detailschange|p1a: Aerodactyl|Aerodactyl-Mega, F
|-mega|p1a: Aerodactyl|Aerodactyl|Aerodactylite
|move|p1a: Aerodactyl|Stone Edge|p2a: Starmie
|-damage|p2a: Starmie|48\/261
|move|p2a: Starmie|Scald|p1a: Aerodactyl
|-supereffective|p1a: Aerodactyl
|-damage|p1a: Aerodactyl|0 fnt
|-damage|p2a: Starmie|22\/261|[from] item: Life Orb
|faint|p1a: Aerodactyl
|
|
|switch|p1a: Kingdra|Kingdra, M|301\/301
|turn|2
|
|move|p2a: Starmie|Psyshock|p1a: Kingdra
|-damage|p1a: Kingdra|153\/301
|-damage|p2a: Starmie|0 fnt|[from] item: Life Orb
|faint|p2a: Starmie
|move|p1a: Kingdra|Dragon Dance|p1a: Kingdra
|-boost|p1a: Kingdra|atk|1
|-boost|p1a: Kingdra|spe|1
|
|
|switch|p2a: Flygon|Flygon, F|302\/302
|turn|3
|
|move|p2a: Flygon|U-turn|p1a: Kingdra
|-damage|p1a: Kingdra|77\/301
|
|switch|p2a: Lucario|Lucario, M|281\/281
|move|p1a: Kingdra|Substitute|p1a: Kingdra
|-start|p1a: Kingdra|Substitute
|-damage|p1a: Kingdra|2\/301
|
|turn|4
|
|move|p1a: Kingdra|Waterfall|p2a: Lucario
|-damage|p2a: Lucario|55\/281
|move|p2a: Lucario|Close Combat|p1a: Kingdra
|-end|p1a: Kingdra|Substitute
|-unboost|p2a: Lucario|def|1
|-unboost|p2a: Lucario|spd|1
|-damage|p2a: Lucario|27\/281|[from] item: Life Orb
|
|turn|5
|
|move|p2a: Lucario|Bullet Punch|p1a: Kingdra
|-resisted|p1a: Kingdra
|-damage|p1a: Kingdra|0 fnt
|-damage|p2a: Lucario|0 fnt|[from] item: Life Orb
|faint|p1a: Kingdra
|faint|p2a: Lucario
|
|
|switch|p1a: Cobalion|Cobalion|323\/323
|switch|p2a: Nidoking|Nidoking, M|303\/303
|turn|6
|
|move|p1a: Cobalion|Iron Head|p2a: Nidoking
|-damage|p2a: Nidoking|162\/303
|move|p2a: Nidoking|Earth Power|p1a: Cobalion
|-supereffective|p1a: Cobalion
|-damage|p1a: Cobalion|0 fnt
|faint|p1a: Cobalion
|
|
|switch|p1a: Honchkrow|Honchkrow, M|341\/341
|turn|7
|
|move|p1a: Honchkrow|Sucker Punch|p2a: Nidoking
|-damage|p2a: Nidoking|0 fnt
|-damage|p1a: Honchkrow|307\/341|[from] item: Life Orb
|faint|p2a: Nidoking
|-boost|p1a: Honchkrow|atk|1|[from] ability: Moxie
|
|
|switch|p2a: Flygon|Flygon, F|302\/302
|turn|8
|
|move|p2a: Flygon|Dragon Claw|p1a: Honchkrow
|-damage|p1a: Honchkrow|88\/341
|move|p1a: Honchkrow|Brave Bird|p2a: Flygon
|-damage|p2a: Flygon|0 fnt
|-damage|p1a: Honchkrow|0 fnt|[from] recoil|[of] p2a: Flygon
|faint|p2a: Flygon
|faint|p1a: Honchkrow
|
|
|switch|p2a: Noivern|Noivern, M|311\/311
|switch|p1a: Nidoqueen|Nidoqueen, F|345\/345
|turn|9
|
|move|p2a: Noivern|Hurricane|p1a: Nidoqueen
|-damage|p1a: Nidoqueen|90\/345
|-damage|p2a: Noivern|280\/311|[from] item: Life Orb
|move|p1a: Nidoqueen|Stealth Rock|p2a: Noivern
|-sidestart|p2: lalanix|move: Stealth Rock
|
|turn|10
|
|move|p2a: Noivern|Dragon Pulse|p1a: Nidoqueen
|-damage|p1a: Nidoqueen|0 fnt
|-damage|p2a: Noivern|249\/311|[from] item: Life Orb
|faint|p1a: Nidoqueen
|
|
|switch|p1a: Slurpuff|Slurpuff, M|316\/316
|turn|11
|
|move|p2a: Noivern|Taunt|p1a: Slurpuff
|-start|p1a: Slurpuff|move: Taunt
|move|p1a: Slurpuff|Drain Punch|p2a: Noivern
|-resisted|p2a: Noivern
|-damage|p2a: Noivern|212\/311
|
|turn|12
|
|move|p2a: Noivern|Hurricane|p1a: Slurpuff
|-damage|p1a: Slurpuff|46\/316
|-damage|p2a: Noivern|181\/311|[from] item: Life Orb
|-enditem|p1a: Slurpuff|Sitrus Berry|[eat]
|-heal|p1a: Slurpuff|125\/316|[from] item: Sitrus Berry
|move|p1a: Slurpuff|Drain Punch|p2a: Noivern
|-resisted|p2a: Noivern
|-damage|p2a: Noivern|142\/311
|-heal|p1a: Slurpuff|145\/316|[from] drain|[of] p2a: Noivern
|
|turn|13
|
|move|p1a: Slurpuff|Play Rough|p2a: Noivern
|-supereffective|p2a: Noivern
|-damage|p2a: Noivern|0 fnt
|faint|p2a: Noivern
|
|-end|p1a: Slurpuff|move: Taunt
|
|switch|p2a: Honchkrow|Honchkrow, F|342\/342
|-damage|p2a: Honchkrow|257\/342|[from] Stealth Rock
|turn|14
|
|move|p1a: Slurpuff|Play Rough|p2a: Honchkrow
|-supereffective|p2a: Honchkrow
|-damage|p2a: Honchkrow|0 fnt
|faint|p2a: Honchkrow
|
|win|ult lowgock
|raw|Ladder updating...
|raw|ult lowgock's rating: 1494 &rarr; <strong>1502<\/strong><br \/>(+8 for winning)
|raw|lalanix's rating: 1261 &rarr; <strong>1251<\/strong><br \/>(-10 for losing)