|join|ult lowgock
|join|LASHLEY 93
|player|p1|ult lowgock|273
|player|p2|LASHLEY 93|170
|gametype|singles
|gen|6
|tier|UU
|rated
|rule|Sleep Clause Mod: Limit one foe put to sleep
|rule|Species Clause: Limit one of each PokÃ©mon
|rule|OHKO Clause: OHKO moves are banned
|rule|Moody Clause: Moody is banned
|rule|Evasion Moves Clause: Evasion moves are banned
|rule|Endless Battle Clause: Forcing endless battles is banned
|rule|HP Percentage Mod: HP is shown in percentages
|clearpoke
|poke|p1|Slurpuff, M
|poke|p1|Kingdra, F
|poke|p1|Aerodactyl, F
|poke|p1|Nidoqueen, F
|poke|p1|Cobalion
|poke|p1|Honchkrow, M
|poke|p2|Abomasnow, F
|poke|p2|Suicune, shiny
|poke|p2|Krookodile, F
|poke|p2|Mawile, F
|poke|p2|Crobat, F
|poke|p2|Chandelure, M
|rule|Swagger Clause: Swagger is banned
|rule|Baton Pass Clause: Limit one PokÃ©mon knowing Baton Pass
|teampreview
|
|start
|switch|p1a: Nidoqueen|Nidoqueen, F|345\/345
|switch|p2a: NWO BABY|Krookodile, F|331\/331
|-ability|p2a: NWO BABY|Intimidate|[of] p1a: Nidoqueen
|-unboost|p1a: Nidoqueen|atk|1
|turn|1
|
|move|p2a: NWO BABY|Earthquake|p1a: Nidoqueen
|-supereffective|p1a: Nidoqueen
|-damage|p1a: Nidoqueen|7\/345
|move|p1a: Nidoqueen|Ice Beam|p2a: NWO BABY
|-supereffective|p2a: NWO BABY
|-damage|p2a: NWO BABY|6\/331
|
|turn|2
|
|switch|p1a: Aerodactyl|Aerodactyl, F|301\/301
|move|p2a: NWO BABY|Stealth Rock|p1a: Aerodactyl
|-sidestart|p1: ult lowgock|move: Stealth Rock
|
|turn|3
|
|detailschange|p1a: Aerodactyl|Aerodactyl-Mega, F
|-mega|p1a: Aerodactyl|Aerodactyl|Aerodactylite
|move|p1a: Aerodactyl|Aerial Ace|p2a: NWO BABY
|-damage|p2a: NWO BABY|0 fnt
|faint|p2a: NWO BABY
|
|join|Emma Bae â¥
|c|âLASHLEY 93|DATA! Aerial Ace
|
|switch|p2a: REY|Suicune, shiny|373\/373
|-ability|p2a: REY|Pressure
|turn|4
|
|switch|p1a: Kingdra|Kingdra, F|301\/301
|-damage|p1a: Kingdra|264\/301|[from] Stealth Rock
|move|p2a: REY|Substitute|p2a: REY
|-start|p2a: REY|Substitute
|-damage|p2a: REY|280\/373
|
|-heal|p2a: REY|303\/373|[from] item: Leftovers
|turn|5
|
|move|p1a: Kingdra|Dragon Dance|p1a: Kingdra
|-boost|p1a: Kingdra|atk|1
|-boost|p1a: Kingdra|spe|1
|move|p2a: REY|Calm Mind|p2a: REY
|-boost|p2a: REY|spa|1
|-boost|p2a: REY|spd|1
|
|-heal|p2a: REY|326\/373|[from] item: Leftovers
|turn|6
|
|move|p1a: Kingdra|Outrage|p2a: REY
|-end|p2a: REY|Substitute
|move|p2a: REY|Ice Beam|p1a: Kingdra
|-damage|p1a: Kingdra|135\/301
|-status|p1a: Kingdra|frz
|-enditem|p1a: Kingdra|Lum Berry|[eat]
|-curestatus|p1a: Kingdra|frz
|
|-heal|p2a: REY|349\/373|[from] item: Leftovers
|turn|7
|
|move|p1a: Kingdra|Outrage|p2a: REY
|-crit|p2a: REY
|-damage|p2a: REY|0 fnt
|faint|p2a: REY
|
|c|âLASHLEY 93|FUUUUUUUUUUUUUUUUUUUUUCK
|
|switch|p2a: mega|Mawile, F|241\/241
|turn|8
|
|move|p1a: Kingdra|Outrage|p2a: mega
|-immune|p2a: mega|[msg]
|move|p2a: mega|Swords Dance|p2a: mega
|-boost|p2a: mega|atk|2
|
|-end|p1a: Kingdra|rampage
|-start|p1a: Kingdra|confusion
|turn|9
|
|-activate|p1a: Kingdra|confusion
|move|p1a: Kingdra|Substitute|p1a: Kingdra
|-start|p1a: Kingdra|Substitute
|-damage|p1a: Kingdra|60\/301
|move|p2a: mega|Play Rough|p1a: Kingdra
|-supereffective|p1a: Kingdra
|-end|p1a: Kingdra|Substitute
|
|turn|10
|
|move|p2a: mega|Sucker Punch|p1a: Kingdra
|-damage|p1a: Kingdra|0 fnt
|-damage|p2a: mega|217\/241|[from] item: Life Orb
|faint|p1a: Kingdra
|
|
|switch|p1a: Cobalion|Cobalion|323\/323
|-damage|p1a: Cobalion|313\/323|[from] Stealth Rock
|turn|11
|join|ITS IGGY IGGS
|
|move|p1a: Cobalion|Iron Head|p2a: mega
|-damage|p2a: mega|97\/241
|move|p2a: mega|Play Rough|p1a: Cobalion
|-damage|p1a: Cobalion|0 fnt
|faint|p1a: Cobalion
|
|
|switch|p1a: Honchkrow|Honchkrow, M|341\/341
|-damage|p1a: Honchkrow|256\/341|[from] Stealth Rock
|turn|12
|
|move|p1a: Honchkrow|Brave Bird|p2a: mega
|-resisted|p2a: mega
|-damage|p2a: mega|0 fnt
|-damage|p1a: Honchkrow|224\/341|[from] recoil|[of] p2a: mega
|-damage|p1a: Honchkrow|190\/341|[from] item: Life Orb
|faint|p2a: mega
|-boost|p1a: Honchkrow|atk|1|[from] ability: Moxie
|
|
|switch|p2a: GRASS COLD|Abomasnow, F|384\/384
|turn|13
|
|detailschange|p2a: GRASS COLD|Abomasnow-Mega, F
|-mega|p2a: GRASS COLD|Abomasnow|Abomasite
|-weather|Hail
|move|p1a: Honchkrow|Sucker Punch|p2a: GRASS COLD
|-damage|p2a: GRASS COLD|92\/384
|-damage|p1a: Honchkrow|156\/341|[from] item: Life Orb
|move|p2a: GRASS COLD|Ice Shard|p1a: Honchkrow
|-supereffective|p1a: Honchkrow
|-damage|p1a: Honchkrow|0 fnt
|faint|p1a: Honchkrow
|
|-weather|Hail|[upkeep]
|
|switch|p1a: Slurpuff|Slurpuff, M|316\/316
|-damage|p1a: Slurpuff|277\/316|[from] Stealth Rock
|turn|14
|
|move|p1a: Slurpuff|Belly Drum|p1a: Slurpuff
|-damage|p1a: Slurpuff|119\/316
|-setboost|p1a: Slurpuff|atk|6|[from] move: Belly Drum
|-enditem|p1a: Slurpuff|Sitrus Berry|[eat]
|-heal|p1a: Slurpuff|198\/316|[from] item: Sitrus Berry
|move|p2a: GRASS COLD|Seed Bomb|p1a: Slurpuff
|-damage|p1a: Slurpuff|3\/316
|
|-weather|Hail|[upkeep]
|-damage|p1a: Slurpuff|0 fnt|[from] hail
|faint|p1a: Slurpuff
|
|switch|p1a: Aerodactyl|Aerodactyl-Mega, F|301\/301
|-damage|p1a: Aerodactyl|226\/301|[from] Stealth Rock
|turn|15
|
|move|p2a: GRASS COLD|Ice Shard|p1a: Aerodactyl
|-supereffective|p1a: Aerodactyl
|-damage|p1a: Aerodactyl|38\/301
|move|p1a: Aerodactyl|Aerial Ace|p2a: GRASS COLD
|-supereffective|p2a: GRASS COLD
|-damage|p2a: GRASS COLD|0 fnt
|faint|p2a: GRASS COLD
|
|-weather|Hail|[upkeep]
|-damage|p1a: Aerodactyl|20\/301|[from] hail
|
|switch|p2a: XTREME TIGER|Crobat, F|343\/343
|turn|16
|
|move|p1a: Aerodactyl|Stone Edge|p2a: XTREME TIGER
|-supereffective|p2a: XTREME TIGER
|-damage|p2a: XTREME TIGER|0 fnt
|faint|p2a: XTREME TIGER
|
|-weather|Hail|[upkeep]
|-damage|p1a: Aerodactyl|2\/301|[from] hail
|c|âLASHLEY 93|DDVVDVDVDVDDVDDDDD
|c|âLASHLEY 93|DDDDDDDDDDD
|c|âLASHLEY 93|DDDDDDDDDDD
|c|âLASHLEY 93|FUFUFUFUFUFUFUFUFUF
|c|âLASHLEY 93|FUUUUUUUUUUUUUUUUUUUUUUUUCCCCCK
|
|switch|p2a: TOSCANINI|Chandelure, M|261\/261
|turn|17
|
|move|p1a: Aerodactyl|Aqua Tail|p2a: TOSCANINI
|-supereffective|p2a: TOSCANINI
|-damage|p2a: TOSCANINI|0 fnt
|faint|p2a: TOSCANINI
|
|win|ult lowgock
|raw|Ladder updating...
|raw|ult lowgock's rating: 1662 &rarr; <strong>1670<\/strong><br \/>(+8 for winning)
|raw|LASHLEY 93's rating: 1420 &rarr; <strong>1412<\/strong><br \/>(-8 for losing)
|c|âLASHLEY 93|AAAAAAAAAAAAAAAAAAAAAAAAAAAAAAA
|leave|Emma Bae â¥
|c|âLASHLEY 93|AAAAAAAAAAAAAAAAAAAAAAAAAAA
|leave|ult lowgock
|player|p1
|leave|LASHLEY 93
|player|p2
|leave|ITS IGGY IGGS