|join|ult lowgock
|join|ORAS UU Testing
|player|p1|ult lowgock|273
|player|p2|ORAS UU Testing|126
|gametype|singles
|gen|6
|tier|UU
|rated
|rule|Sleep Clause Mod: Limit one foe put to sleep
|rule|Species Clause: Limit one of each PokÃ©mon
|rule|OHKO Clause: OHKO moves are banned
|rule|Moody Clause: Moody is banned
|rule|Evasion Moves Clause: Evasion moves are banned
|rule|Endless Battle Clause: Forcing endless battles is banned
|rule|HP Percentage Mod: HP is shown in percentages
|clearpoke
|poke|p1|Sharpedo, M
|poke|p1|Fletchinder, M
|poke|p1|Rhyperior, M
|poke|p1|Celebi
|poke|p1|Milotic, F
|poke|p1|Forretress, M
|poke|p2|Nidoqueen, F
|poke|p2|Machamp, M
|poke|p2|Jirachi
|poke|p2|Vaporeon, M
|poke|p2|Hydreigon, F
|poke|p2|Crobat, M
|rule|Swagger Clause: Swagger is banned
|rule|Baton Pass Clause: Limit one PokÃ©mon knowing Baton Pass
|teampreview
|
|start
|switch|p1a: Rhyperior|Rhyperior, M|434\/434
|switch|p2a: Machamp|Machamp, M|341\/341
|turn|1
|
|move|p2a: Machamp|Close Combat|p1a: Rhyperior
|-supereffective|p1a: Rhyperior
|-damage|p1a: Rhyperior|10\/434
|-unboost|p2a: Machamp|def|1
|-unboost|p2a: Machamp|spd|1
|move|p1a: Rhyperior|Stealth Rock|p2a: Machamp
|-sidestart|p2: ORAS UU Testing|move: Stealth Rock
|
|-heal|p1a: Rhyperior|37\/434|[from] item: Leftovers
|turn|2
|
|move|p1a: Rhyperior|Protect|p1a: Rhyperior
|-singleturn|p1a: Rhyperior|Protect
|move|p2a: Machamp|Close Combat|p1a: Rhyperior
|-activate|p1a: Rhyperior|Protect
|
|-heal|p1a: Rhyperior|64\/434|[from] item: Leftovers
|turn|3
|
|switch|p2a: Crobat|Crobat, M|337\/337
|-damage|p2a: Crobat|253\/337|[from] Stealth Rock
|switch|p1a: Celebi|Celebi|404\/404
|
|-heal|p2a: Crobat|274\/337|[from] item: Black Sludge
|turn|4
|
|switch|p1a: Forretress|Forretress, M|354\/354
|move|p2a: Crobat|Defog|p1a: Forretress
|-unboost|p1a: Forretress|evasion|1
|-sideend|p2: ORAS UU Testing|Stealth Rock|[from] move: Defog|[of] p2a: Crobat
|
|-heal|p2a: Crobat|295\/337|[from] item: Black Sludge
|turn|5
|
|move|p2a: Crobat|U-turn|p1a: Forretress
|-resisted|p1a: Forretress
|-damage|p1a: Forretress|337\/354
|
|switch|p2a: Nidoqueen|Nidoqueen, F|359\/359
|move|p1a: Forretress|Spikes|p2a: Nidoqueen
|-sidestart|p2: ORAS UU Testing|Spikes
|
|-heal|p1a: Forretress|354\/354|[from] item: Leftovers
|turn|6
|
|switch|p1a: Milotic|Milotic, F|393\/393
|move|p2a: Nidoqueen|Earth Power|p1a: Milotic
|-damage|p1a: Milotic|263\/393
|
|-heal|p1a: Milotic|287\/393|[from] item: Leftovers
|turn|7
|
|switch|p2a: Machamp|Machamp, M|341\/341
|-damage|p2a: Machamp|299\/341|[from] Spikes
|move|p1a: Milotic|Scald|p2a: Machamp
|-damage|p2a: Machamp|182\/341
|
|-heal|p1a: Milotic|311\/393|[from] item: Leftovers
|turn|8
|join|fuck you nerd
|leave|fuck you nerd
|
|switch|p1a: Forretress|Forretress, M|354\/354
|move|p2a: Machamp|Knock Off|p1a: Forretress
|-damage|p1a: Forretress|253\/354
|-enditem|p1a: Forretress|Leftovers|[from] move: Knock Off|[of] p2a: Machamp
|
|turn|9
|
|switch|p2a: Hydreigon|Hydreigon, F|325\/325
|move|p1a: Forretress|Earthquake|p2a: Hydreigon
|-immune|p2a: Hydreigon|[msg]
|
|turn|10
|
|move|p2a: Hydreigon|Dark Pulse|p1a: Forretress
|-damage|p1a: Forretress|0 fnt
|faint|p1a: Forretress
|
|
|switch|p1a: Sharpedo|Sharpedo, M|285\/285
|turn|11
|
|move|p2a: Hydreigon|Dark Pulse|p1a: Sharpedo
|-resisted|p1a: Sharpedo
|-damage|p1a: Sharpedo|78\/285
|move|p1a: Sharpedo|Crunch|p2a: Hydreigon
|-resisted|p2a: Hydreigon
|-damage|p2a: Hydreigon|241\/325
|-unboost|p2a: Hydreigon|def|1
|
|-boost|p1a: Sharpedo|spe|1|[from] ability: Speed Boost
|turn|12
|
|move|p1a: Sharpedo|Protect|p1a: Sharpedo
|-singleturn|p1a: Sharpedo|Protect
|move|p2a: Hydreigon|Dark Pulse|p1a: Sharpedo
|-activate|p1a: Sharpedo|Protect
|
|-boost|p1a: Sharpedo|spe|1|[from] ability: Speed Boost
|turn|13
|
|detailschange|p1a: Sharpedo|Sharpedo-Mega, M
|-mega|p1a: Sharpedo|Sharpedo|Sharpedonite
|move|p1a: Sharpedo|Crunch|p2a: Hydreigon
|-resisted|p2a: Hydreigon
|-damage|p2a: Hydreigon|46\/325
|-unboost|p2a: Hydreigon|def|1
|move|p2a: Hydreigon|Dark Pulse|p1a: Sharpedo
|-resisted|p1a: Sharpedo
|-damage|p1a: Sharpedo|0 fnt
|faint|p1a: Sharpedo
|
|
|switch|p1a: Fletchinder|Fletchinder, M|291\/291
|turn|14
|
|switch|p2a: Vaporeon|Vaporeon, M|451\/451
|-damage|p2a: Vaporeon|395\/451|[from] Spikes
|move|p1a: Fletchinder|Acrobatics|p2a: Vaporeon
|-damage|p2a: Vaporeon|238\/451
|
|-heal|p2a: Vaporeon|266\/451|[from] item: Leftovers
|turn|15
|
|move|p1a: Fletchinder|Will-O-Wisp|p2a: Vaporeon
|-status|p2a: Vaporeon|brn
|move|p2a: Vaporeon|Baton Pass|p2a: Vaporeon
|
|switch|p2a: Nidoqueen|Nidoqueen, F|359\/359
|-damage|p2a: Nidoqueen|315\/359|[from] Spikes
|
|turn|16
|
|switch|p1a: Milotic|Milotic, F|311\/393
|move|p2a: Nidoqueen|Stealth Rock|p1a: Milotic
|-sidestart|p1: ult lowgock|move: Stealth Rock
|
|-heal|p1a: Milotic|335\/393|[from] item: Leftovers
|turn|17
|
|switch|p2a: Vaporeon|Vaporeon, M|266\/451 brn
|-damage|p2a: Vaporeon|210\/451 brn|[from] Spikes
|switch|p1a: Celebi|Celebi|404\/404
|-damage|p1a: Celebi|354\/404|[from] Stealth Rock
|
|-heal|p1a: Celebi|379\/404|[from] item: Leftovers
|-heal|p2a: Vaporeon|238\/451 brn|[from] item: Leftovers
|-damage|p2a: Vaporeon|182\/451 brn|[from] brn
|turn|18
|
|switch|p2a: Hydreigon|Hydreigon, F|46\/325
|move|p1a: Celebi|Swords Dance|p1a: Celebi
|-boost|p1a: Celebi|atk|2
|
|-heal|p1a: Celebi|404\/404|[from] item: Leftovers
|turn|19
|
|move|p2a: Hydreigon|Dark Pulse|p1a: Celebi
|-supereffective|p1a: Celebi
|-damage|p1a: Celebi|6\/404
|move|p1a: Celebi|Baton Pass|p1a: Celebi
|
|switch|p1a: Fletchinder|Fletchinder, M|291\/291
|-damage|p1a: Fletchinder|146\/291|[from] Stealth Rock
|
|turn|20
|
|move|p1a: Fletchinder|Acrobatics|p2a: Hydreigon
|-damage|p2a: Hydreigon|0 fnt
|faint|p2a: Hydreigon
|
|
|switch|p2a: Jirachi|Jirachi|341\/341
|-damage|p2a: Jirachi|299\/341|[from] Spikes
|turn|21
|
|move|p1a: Fletchinder|Acrobatics|p2a: Jirachi
|-resisted|p2a: Jirachi
|-damage|p2a: Jirachi|140\/341
|move|p2a: Jirachi|Trick|p1a: Fletchinder
|-activate|p2a: Jirachi|move: Trick|[of] p1a: Fletchinder
|-item|p1a: Fletchinder|Choice Scarf|[from] move: Trick
|
|turn|22
|-message|ORAS UU Testing forfeited.
|leave|ORAS UU Testing
|
|win|ult lowgock
|raw|Ladder updating...
|player|p2
|raw|ult lowgock's rating: 1666 &rarr; <strong>1681<\/strong><br \/>(+15 for winning)
|raw|ORAS UU Testing's rating: 1565 &rarr; <strong>1550<\/strong><br \/>(-15 for losing)
|leave|ult lowgock
|player|p1