|join|ult lowgock
|join|Duderd
|player|p1|ult lowgock|169
|player|p2|Duderd|52
|gametype|singles
|gen|6
|tier|UU
|rated
|rule|Sleep Clause Mod: Limit one foe put to sleep
|rule|Species Clause: Limit one of each PokÃ©mon
|rule|OHKO Clause: OHKO moves are banned
|rule|Moody Clause: Moody is banned
|rule|Evasion Moves Clause: Evasion moves are banned
|rule|Endless Battle Clause: Forcing endless battles is banned
|rule|HP Percentage Mod: HP is shown in percentages
|clearpoke
|poke|p1|Slurpuff, F
|poke|p1|Kingdra, M
|poke|p1|Aerodactyl, F
|poke|p1|Nidoqueen, F
|poke|p1|Cobalion
|poke|p1|Honchkrow, F
|poke|p2|Scrafty, M
|poke|p2|Weezing, F
|poke|p2|Bronzong
|poke|p2|Rotom-Heat
|poke|p2|Empoleon, F
|poke|p2|Donphan, F
|rule|Swagger Clause: Swagger is banned
|rule|Baton Pass Clause: Limit one PokÃ©mon knowing Baton Pass
|teampreview
|
|start
|switch|p1a: Nidoqueen|Nidoqueen, F|345\/345
|switch|p2a: Bronzong|Bronzong|337\/337
|turn|1
|
|move|p1a: Nidoqueen|Stealth Rock|p2a: Bronzong
|-sidestart|p2: Duderd|move: Stealth Rock
|move|p2a: Bronzong|Stealth Rock|p1a: Nidoqueen
|-sidestart|p1: ult lowgock|move: Stealth Rock
|
|turn|2
|
|switch|p1a: Honchkrow|Honchkrow, F|341\/341
|-damage|p1a: Honchkrow|256\/341|[from] Stealth Rock
|move|p2a: Bronzong|Light Screen|p2a: Bronzong
|-sidestart|p2: Duderd|move: Light Screen
|
|turn|3
|
|move|p1a: Honchkrow|Pursuit|p2a: Bronzong
|-supereffective|p2a: Bronzong
|-damage|p2a: Bronzong|147\/337
|-damage|p1a: Honchkrow|222\/341|[from] item: Life Orb
|move|p2a: Bronzong|Reflect|p2a: Bronzong
|-sidestart|p2: Duderd|Reflect
|
|turn|4
|
|move|p1a: Honchkrow|Pursuit|p2a: Bronzong
|-supereffective|p2a: Bronzong
|-damage|p2a: Bronzong|65\/337
|-damage|p1a: Honchkrow|188\/341|[from] item: Life Orb
|move|p2a: Bronzong|Gyro Ball|p1a: Honchkrow
|-damage|p1a: Honchkrow|11\/341
|
|turn|5
|
|move|p1a: Honchkrow|Pursuit|p2a: Bronzong
|-supereffective|p2a: Bronzong
|-damage|p2a: Bronzong|0 fnt
|-damage|p1a: Honchkrow|0 fnt|[from] item: Life Orb
|faint|p2a: Bronzong
|faint|p1a: Honchkrow
|
|
|switch|p1a: Aerodactyl|Aerodactyl, F|301\/301
|switch|p2a: Rotom-Heat|Rotom-Heat|241\/241
|-damage|p2a: Rotom-Heat|181\/241|[from] Stealth Rock
|-damage|p1a: Aerodactyl|226\/301|[from] Stealth Rock
|turn|6
|
|detailschange|p1a: Aerodactyl|Aerodactyl-Mega, F
|-mega|p1a: Aerodactyl|Aerodactyl|Aerodactylite
|move|p2a: Rotom-Heat|Thunderbolt|p1a: Aerodactyl
|-supereffective|p1a: Aerodactyl
|-damage|p1a: Aerodactyl|0 fnt
|faint|p1a: Aerodactyl
|
|
|switch|p1a: Nidoqueen|Nidoqueen, F|345\/345
|-damage|p1a: Nidoqueen|324\/345|[from] Stealth Rock
|turn|7
|
|switch|p2a: Donphan|Donphan, F|384\/384
|-damage|p2a: Donphan|360\/384|[from] Stealth Rock
|move|p1a: Nidoqueen|Sludge Wave|p2a: Donphan
|-resisted|p2a: Donphan
|-damage|p2a: Donphan|283\/384
|
|-heal|p2a: Donphan|307\/384|[from] item: Leftovers
|turn|8
|
|move|p1a: Nidoqueen|Ice Beam|p2a: Donphan
|-supereffective|p2a: Donphan
|-damage|p2a: Donphan|98\/384
|move|p2a: Donphan|Earthquake|p1a: Nidoqueen
|-supereffective|p1a: Nidoqueen
|-damage|p1a: Nidoqueen|0 fnt
|faint|p1a: Nidoqueen
|
|-heal|p2a: Donphan|122\/384|[from] item: Leftovers
|
|switch|p1a: Kingdra|Kingdra, M|301\/301
|-damage|p1a: Kingdra|264\/301|[from] Stealth Rock
|turn|9
|
|move|p1a: Kingdra|Dragon Dance|p1a: Kingdra
|-boost|p1a: Kingdra|atk|1
|-boost|p1a: Kingdra|spe|1
|move|p2a: Donphan|Rapid Spin|p1a: Kingdra
|-damage|p1a: Kingdra|239\/301
|-sideend|p2: Duderd|Stealth Rock|[from] move: Rapid Spin|[of] p2a: Donphan
|
|-heal|p2a: Donphan|146\/384|[from] item: Leftovers
|-sideend|p2: Duderd|move: Light Screen
|turn|10
|
|move|p1a: Kingdra|Waterfall|p2a: Donphan
|-supereffective|p2a: Donphan
|-damage|p2a: Donphan|0 fnt
|faint|p2a: Donphan
|
|-sideend|p2: Duderd|Reflect
|
|switch|p2a: Weezing|Weezing, F|333\/333
|turn|11
|
|move|p1a: Kingdra|Substitute|p1a: Kingdra
|-start|p1a: Kingdra|Substitute
|-damage|p1a: Kingdra|164\/301
|move|p2a: Weezing|Will-O-Wisp|p1a: Kingdra
|
|turn|12
|
|move|p1a: Kingdra|Dragon Dance|p1a: Kingdra
|-boost|p1a: Kingdra|atk|1
|-boost|p1a: Kingdra|spe|1
|move|p2a: Weezing|Sludge Bomb|p1a: Kingdra
|-end|p1a: Kingdra|Substitute
|
|turn|13
|
|move|p1a: Kingdra|Waterfall|p2a: Weezing
|-damage|p2a: Weezing|183\/333
|cant|p2a: Weezing|flinch
|
|-heal|p2a: Weezing|203\/333|[from] item: Black Sludge
|turn|14
|
|move|p1a: Kingdra|Outrage|p2a: Weezing
|-damage|p2a: Weezing|0 fnt
|faint|p2a: Weezing
|
|
|switch|p2a: Rotom-Heat|Rotom-Heat|181\/241
|turn|15
|
|move|p1a: Kingdra|Outrage|p2a: Rotom-Heat
|-damage|p2a: Rotom-Heat|0 fnt
|faint|p2a: Rotom-Heat
|
|
|switch|p2a: Empoleon|Empoleon, F|371\/371
|turn|16
|
|move|p1a: Kingdra|Outrage|p2a: Empoleon
|-resisted|p2a: Empoleon
|-damage|p2a: Empoleon|166\/371
|move|p2a: Empoleon|Flash Cannon|p1a: Kingdra
|-resisted|p1a: Kingdra
|-damage|p1a: Kingdra|92\/301
|
|-end|p1a: Kingdra|rampage
|-start|p1a: Kingdra|confusion
|-enditem|p1a: Kingdra|Lum Berry|[eat]
|-end|p1a: Kingdra|confusion
|turn|17
|join|asxasx
|
|move|p1a: Kingdra|Outrage|p2a: Empoleon
|-resisted|p2a: Empoleon
|-damage|p2a: Empoleon|0 fnt
|faint|p2a: Empoleon
|
|
|switch|p2a: Scrafty|Scrafty, M|271\/271
|turn|18
|
|move|p1a: Kingdra|Outrage|p2a: Scrafty
|-damage|p2a: Scrafty|0 fnt
|faint|p2a: Scrafty
|
|win|ult lowgock
|raw|Ladder updating...
|raw|ult lowgock's rating: 1409 &rarr; <strong>1418<\/strong><br \/>(+9 for winning)
|raw|Duderd's rating: 1192 &rarr; <strong>1181<\/strong><br \/>(-11 for losing)
|leave|Duderd
|player|p2
|leave|ult lowgock
|player|p1