|join|ult lowgock
|join|ult rh156
|player|p1|ult lowgock|273
|player|p2|ult rh156|280
|gametype|singles
|gen|6
|tier|UU
|rated
|rule|Sleep Clause Mod: Limit one foe put to sleep
|rule|Species Clause: Limit one of each PokÃ©mon
|rule|OHKO Clause: OHKO moves are banned
|rule|Moody Clause: Moody is banned
|rule|Evasion Moves Clause: Evasion moves are banned
|rule|Endless Battle Clause: Forcing endless battles is banned
|rule|HP Percentage Mod: HP is shown in percentages
|clearpoke
|poke|p1|Slurpuff, M
|poke|p1|Kingdra, M
|poke|p1|Aerodactyl, M
|poke|p1|Nidoqueen, F
|poke|p1|Cobalion
|poke|p1|Honchkrow, M
|poke|p2|Hydreigon, F, shiny
|poke|p2|Medicham, F
|poke|p2|Crobat, F
|poke|p2|Jirachi
|poke|p2|Seismitoad, F
|poke|p2|Florges, F
|rule|Swagger Clause: Swagger is banned
|rule|Baton Pass Clause: Limit one PokÃ©mon knowing Baton Pass
|teampreview
|join|Emma Bae â¥
|c|âult rh156|hy
|c|âult lowgock|hy
|join|Tf2Hunter
|join|boom bye yeah
|
|start
|switch|p1a: Honchkrow|Honchkrow, M|341\/341
|switch|p2a: Medicham|Medicham, F|261\/261
|turn|1
|
|switch|p1a: Aerodactyl|Aerodactyl, M|301\/301
|detailschange|p2a: Medicham|Medicham-Mega, F
|-mega|p2a: Medicham|Medicham|Medichamite
|move|p2a: Medicham|Fake Out|p1a: Aerodactyl
|-resisted|p1a: Aerodactyl
|-damage|p1a: Aerodactyl|238\/301
|
|turn|2
|join|MegaShuckle2015
|
|switch|p1a: Nidoqueen|Nidoqueen, F|345\/345
|switch|p2a: Seismitoad|Seismitoad, F|411\/411
|
|turn|3
|join|Peppermint Creams
|
|move|p1a: Nidoqueen|Stealth Rock|p2a: Seismitoad
|-sidestart|p2: ult rh156|move: Stealth Rock
|move|p2a: Seismitoad|Stealth Rock|p1a: Nidoqueen
|-sidestart|p1: ult lowgock|move: Stealth Rock
|
|turn|4
|
|move|p1a: Nidoqueen|Earth Power|p2a: Seismitoad
|-damage|p2a: Seismitoad|133\/411
|move|p2a: Seismitoad|Knock Off|p1a: Nidoqueen
|-damage|p1a: Nidoqueen|263\/345
|-enditem|p1a: Nidoqueen|Life Orb|[from] move: Knock Off|[of] p2a: Seismitoad
|
|-heal|p2a: Seismitoad|158\/411|[from] item: Leftovers
|turn|5
|join|HONEYDICKIN
|join|ITS IGGY IGGS
|join|serperiordamvp
|
|switch|p2a: Florges|Florges, F|360\/360
|-damage|p2a: Florges|315\/360|[from] Stealth Rock
|move|p1a: Nidoqueen|Earth Power|p2a: Florges
|-damage|p2a: Florges|216\/360
|
|-heal|p2a: Florges|238\/360|[from] item: Leftovers
|turn|6
|join|Lucipurrr
|
|move|p2a: Florges|Protect|p2a: Florges
|-singleturn|p2a: Florges|Protect
|move|p1a: Nidoqueen|Sludge Wave|p2a: Florges
|-activate|p2a: Florges|Protect
|
|-heal|p2a: Florges|260\/360|[from] item: Leftovers
|turn|7
|
|switch|p2a: Jirachi|Jirachi|404\/404
|-damage|p2a: Jirachi|379\/404|[from] Stealth Rock
|move|p1a: Nidoqueen|Sludge Wave|p2a: Jirachi
|-immune|p2a: Jirachi|[msg]
|
|-heal|p2a: Jirachi|404\/404|[from] item: Leftovers
|turn|8
|c| Emma Bae â¥|florges doesnt counter nidoqueen js
|c| Lucipurrr|^
|
|move|p2a: Jirachi|Psyshock|p1a: Nidoqueen
|-supereffective|p1a: Nidoqueen
|-damage|p1a: Nidoqueen|45\/345
|move|p1a: Nidoqueen|Earth Power|p2a: Jirachi
|-supereffective|p2a: Jirachi
|-damage|p2a: Jirachi|110\/404
|
|-heal|p2a: Jirachi|135\/404|[from] item: Leftovers
|turn|9
|c| Lucipurrr|fucking
|c| Lucipurrr|Psyshoc
|
|move|p2a: Jirachi|Shadow Ball|p1a: Nidoqueen
|-damage|p1a: Nidoqueen|0 fnt
|faint|p1a: Nidoqueen
|
|-heal|p2a: Jirachi|160\/404|[from] item: Leftovers
|c| Lucipurrr|not Zen Headbut
|c| Lucipurrr|this
|c| Lucipurrr|rachi set
|c| Lucipurrr|what the fuck is this
|join|EastonR
|c| Emma Bae â¥|sub cm i think
|c| Lucipurrr|Where's the Sub or CM
|c| Tf2Hunter|pff , i found thunder rachi
|c| Peppermint Creams|Top tier rachi
|c| EastonR|Wait what the hell
|join|safasdfa
|c| EastonR|Mega medicham is allowed
|c| safasdfa|sub or cm on a nidoqueen lol
|c| Tf2Hunter|yez
|leave|HONEYDICKIN
|c| safasdfa|ty for ur valuable input lucipurrr
|c|âult lowgock|hmmmm
|
|switch|p1a: Kingdra|Kingdra, M|301\/301
|-damage|p1a: Kingdra|264\/301|[from] Stealth Rock
|turn|10
|c|âult rh156|jokes on u
|c| Lucipurrr|My input is always valuable
|c|âult rh156|i have moonblast
|c| Emma Bae â¥|still gunna do 0
|leave|Peppermint Creams
|
|switch|p2a: Florges|Florges, F|260\/360
|-damage|p2a: Florges|215\/360|[from] Stealth Rock
|move|p1a: Kingdra|Dragon Dance|p1a: Kingdra
|-boost|p1a: Kingdra|atk|1
|-boost|p1a: Kingdra|spe|1
|
|-heal|p2a: Florges|237\/360|[from] item: Leftovers
|turn|11
|c| Lucipurrr|I just haven't seen this Rachi ran in ages
|
|move|p1a: Kingdra|Substitute|p1a: Kingdra
|-start|p1a: Kingdra|Substitute
|-damage|p1a: Kingdra|189\/301
|move|p2a: Florges|Moonblast|p1a: Kingdra
|-supereffective|p1a: Kingdra
|-end|p1a: Kingdra|Substitute
|
|-heal|p2a: Florges|259\/360|[from] item: Leftovers
|turn|12
|c| Lucipurrr|Shits weird
|
|move|p1a: Kingdra|Substitute|p1a: Kingdra
|-start|p1a: Kingdra|Substitute
|-damage|p1a: Kingdra|114\/301
|move|p2a: Florges|Moonblast|p1a: Kingdra
|-supereffective|p1a: Kingdra
|-end|p1a: Kingdra|Substitute
|
|-heal|p2a: Florges|281\/360|[from] item: Leftovers
|turn|13
|
|move|p1a: Kingdra|Waterfall|p2a: Florges
|-damage|p2a: Florges|89\/360
|move|p2a: Florges|Moonblast|p1a: Kingdra
|-supereffective|p1a: Kingdra
|-damage|p1a: Kingdra|0 fnt
|faint|p1a: Kingdra
|
|-heal|p2a: Florges|111\/360|[from] item: Leftovers
|
|switch|p1a: Cobalion|Cobalion|323\/323
|-damage|p1a: Cobalion|313\/323|[from] Stealth Rock
|turn|14
|c|âult rh156|see
|c|âult rh156|i have moonblast
|c|âult rh156|o.o
|
|move|p1a: Cobalion|Iron Head|p2a: Florges
|-supereffective|p2a: Florges
|-damage|p2a: Florges|0 fnt
|faint|p2a: Florges
|
|
|switch|p2a: Hydreigon|Hydreigon, F, shiny|325\/325
|-damage|p2a: Hydreigon|285\/325|[from] Stealth Rock
|turn|15
|
|move|p2a: Hydreigon|Flamethrower|p1a: Cobalion
|-supereffective|p1a: Cobalion
|-damage|p1a: Cobalion|35\/323
|move|p1a: Cobalion|Close Combat|p2a: Hydreigon
|-supereffective|p2a: Hydreigon
|-damage|p2a: Hydreigon|0 fnt
|-unboost|p1a: Cobalion|def|1
|-unboost|p1a: Cobalion|spd|1
|faint|p2a: Hydreigon
|
|
|switch|p2a: Medicham|Medicham-Mega, F|261\/261
|-damage|p2a: Medicham|245\/261|[from] Stealth Rock
|turn|16
|
|move|p2a: Medicham|Fake Out|p1a: Cobalion
|-resisted|p1a: Cobalion
|-damage|p1a: Cobalion|0 fnt
|faint|p1a: Cobalion
|
|
|switch|p1a: Aerodactyl|Aerodactyl, M|238\/301
|-damage|p1a: Aerodactyl|163\/301|[from] Stealth Rock
|turn|17
|
|switch|p2a: Jirachi|Jirachi|160\/404
|-damage|p2a: Jirachi|135\/404|[from] Stealth Rock
|detailschange|p1a: Aerodactyl|Aerodactyl-Mega, M
|-mega|p1a: Aerodactyl|Aerodactyl|Aerodactylite
|move|p1a: Aerodactyl|Aerial Ace|p2a: Jirachi
|-resisted|p2a: Jirachi
|-damage|p2a: Jirachi|57\/404
|
|-heal|p2a: Jirachi|82\/404|[from] item: Leftovers
|turn|18
|
|move|p1a: Aerodactyl|Stone Edge|p2a: Jirachi
|-resisted|p2a: Jirachi
|-damage|p2a: Jirachi|0 fnt
|faint|p2a: Jirachi
|
|
|switch|p2a: Seismitoad|Seismitoad, F|158\/411
|-damage|p2a: Seismitoad|133\/411|[from] Stealth Rock
|turn|19
|c| Emma Bae â¥|Lowgock i really like your team :]
|
|switch|p1a: Honchkrow|Honchkrow, M|341\/341
|-damage|p1a: Honchkrow|256\/341|[from] Stealth Rock
|move|p2a: Seismitoad|Scald|p1a: Honchkrow
|-damage|p1a: Honchkrow|115\/341
|-status|p1a: Honchkrow|brn
|
|-heal|p2a: Seismitoad|158\/411|[from] item: Leftovers
|-damage|p1a: Honchkrow|73\/341 brn|[from] brn
|turn|20
|
|switch|p2a: Crobat|Crobat, F|373\/373
|-damage|p2a: Crobat|280\/373|[from] Stealth Rock
|move|p1a: Honchkrow|Brave Bird|p2a: Crobat
|-damage|p2a: Crobat|97\/373
|-damage|p1a: Honchkrow|13\/341 brn|[from] recoil|[of] p2a: Crobat
|-damage|p1a: Honchkrow|0 fnt|[from] item: Life Orb
|faint|p1a: Honchkrow
|
|
|switch|p1a: Aerodactyl|Aerodactyl-Mega, M|163\/301
|-damage|p1a: Aerodactyl|88\/301|[from] Stealth Rock
|turn|21
|
|move|p1a: Aerodactyl|Roost|p1a: Aerodactyl
|-heal|p1a: Aerodactyl|239\/301
|move|p2a: Crobat|U-turn|p1a: Aerodactyl
|-damage|p1a: Aerodactyl|175\/301
|
|switch|p2a: Seismitoad|Seismitoad, F|158\/411
|-damage|p2a: Seismitoad|133\/411|[from] Stealth Rock
|
|-heal|p2a: Seismitoad|158\/411|[from] item: Leftovers
|turn|22
|
|move|p1a: Aerodactyl|Aerial Ace|p2a: Seismitoad
|-damage|p2a: Seismitoad|32\/411
|move|p2a: Seismitoad|Scald|p1a: Aerodactyl
|-supereffective|p1a: Aerodactyl
|-damage|p1a: Aerodactyl|0 fnt
|faint|p1a: Aerodactyl
|
|-heal|p2a: Seismitoad|57\/411|[from] item: Leftovers
|
|switch|p1a: Slurpuff|Slurpuff, M|316\/316
|-damage|p1a: Slurpuff|277\/316|[from] Stealth Rock
|turn|23
|
|move|p1a: Slurpuff|Play Rough|p2a: Seismitoad
|-damage|p2a: Seismitoad|0 fnt
|faint|p2a: Seismitoad
|
|leave|serperiordamvp
|
|switch|p2a: Medicham|Medicham-Mega, F|245\/261
|-damage|p2a: Medicham|229\/261|[from] Stealth Rock
|turn|24
|
|move|p2a: Medicham|Fake Out|p1a: Slurpuff
|-damage|p1a: Slurpuff|179\/316
|cant|p1a: Slurpuff|flinch
|
|turn|25
|
|move|p2a: Medicham|Zen Headbutt|p1a: Slurpuff
|-damage|p1a: Slurpuff|0 fnt
|faint|p1a: Slurpuff
|
|win|ult rh156
|raw|Ladder updating...
|raw|ult lowgock's rating: 1687 &rarr; <strong>1655<\/strong><br \/>(-32 for losing)
|raw|ult rh156's rating: 1422 &rarr; <strong>1455<\/strong><br \/>(+33 for winning)
|c|âult rh156|g_g