|join|randorooosu
|join|ult lowgock
|player|p1|randorooosu|269
|player|p2|ult lowgock|169
|gametype|singles
|gen|6
|tier|UU
|rated
|rule|Sleep Clause Mod: Limit one foe put to sleep
|rule|Species Clause: Limit one of each PokÃ©mon
|rule|OHKO Clause: OHKO moves are banned
|rule|Moody Clause: Moody is banned
|rule|Evasion Moves Clause: Evasion moves are banned
|rule|Endless Battle Clause: Forcing endless battles is banned
|rule|HP Percentage Mod: HP is shown in percentages
|clearpoke
|poke|p1|Serperior, F
|poke|p1|Galvantula, F
|poke|p1|Emboar, M
|poke|p1|Porygon2
|poke|p1|Hydreigon, F
|poke|p1|Beedrill, F
|poke|p2|Slurpuff, M
|poke|p2|Kingdra, M
|poke|p2|Aerodactyl, F
|poke|p2|Nidoqueen, F
|poke|p2|Cobalion
|poke|p2|Honchkrow, M
|rule|Swagger Clause: Swagger is banned
|rule|Baton Pass Clause: Limit one PokÃ©mon knowing Baton Pass
|teampreview
|
|start
|switch|p1a: Beedrill|Beedrill, F|271\/271
|switch|p2a: Nidoqueen|Nidoqueen, F|345\/345
|turn|1
|
|detailschange|p1a: Beedrill|Beedrill-Mega, F
|-mega|p1a: Beedrill|Beedrill|Beedrillite
|move|p1a: Beedrill|Protect|p1a: Beedrill
|-singleturn|p1a: Beedrill|Protect
|move|p2a: Nidoqueen|Stealth Rock|p1a: Beedrill
|-sidestart|p1: randorooosu|move: Stealth Rock
|
|turn|2
|
|move|p1a: Beedrill|Drill Run|p2a: Nidoqueen
|-supereffective|p2a: Nidoqueen
|-damage|p2a: Nidoqueen|97\/345
|move|p2a: Nidoqueen|Sludge Wave|p1a: Beedrill
|-resisted|p1a: Beedrill
|-damage|p1a: Beedrill|132\/271
|
|turn|3
|join|asxasx
|
|move|p1a: Beedrill|U-turn|p2a: Nidoqueen
|-resisted|p2a: Nidoqueen
|-damage|p2a: Nidoqueen|0 fnt
|faint|p2a: Nidoqueen
|join|mr toenail
|
|switch|p1a: Porygon2|Porygon2|373\/373
|-damage|p1a: Porygon2|327\/373|[from] Stealth Rock
|
|
|switch|p2a: Cobalion|Cobalion|323\/323
|turn|4
|
|move|p2a: Cobalion|Swords Dance|p2a: Cobalion
|-boost|p2a: Cobalion|atk|2
|move|p1a: Porygon2|Thunderbolt|p2a: Cobalion
|-damage|p2a: Cobalion|178\/323
|
|turn|5
|
|move|p2a: Cobalion|Close Combat|p1a: Porygon2
|-supereffective|p1a: Porygon2
|-damage|p1a: Porygon2|0 fnt
|-unboost|p2a: Cobalion|def|1
|-unboost|p2a: Cobalion|spd|1
|faint|p1a: Porygon2
|
|
|switch|p1a: Beedrill|Beedrill-Mega, F|132\/271
|-damage|p1a: Beedrill|65\/271|[from] Stealth Rock
|turn|6
|
|switch|p2a: Aerodactyl|Aerodactyl, F|301\/301
|move|p1a: Beedrill|Drill Run|p2a: Aerodactyl
|-immune|p2a: Aerodactyl|[msg]
|
|turn|7
|
|detailschange|p2a: Aerodactyl|Aerodactyl-Mega, F
|-mega|p2a: Aerodactyl|Aerodactyl|Aerodactylite
|move|p2a: Aerodactyl|Roost|p2a: Aerodactyl
|-fail|p2a: Aerodactyl
|move|p1a: Beedrill|U-turn|p2a: Aerodactyl
|-resisted|p2a: Aerodactyl
|-damage|p2a: Aerodactyl|192\/301
|
|switch|p1a: Hydreigon|Hydreigon, F|325\/325
|-damage|p1a: Hydreigon|285\/325|[from] Stealth Rock
|
|turn|8
|
|move|p2a: Aerodactyl|Roost|p2a: Aerodactyl
|-heal|p2a: Aerodactyl|301\/301
|move|p1a: Hydreigon|Draco Meteor|p2a: Aerodactyl
|-damage|p2a: Aerodactyl|0 fnt
|-unboost|p1a: Hydreigon|spa|2
|-damage|p1a: Hydreigon|253\/325|[from] item: Life Orb
|faint|p2a: Aerodactyl
|
|
|switch|p2a: Slurpuff|Slurpuff, M|316\/316
|turn|9
|
|switch|p1a: Galvantula|Galvantula, F|281\/281
|-damage|p1a: Galvantula|211\/281|[from] Stealth Rock
|move|p2a: Slurpuff|Belly Drum|p2a: Slurpuff
|-damage|p2a: Slurpuff|158\/316
|-setboost|p2a: Slurpuff|atk|6|[from] move: Belly Drum
|-enditem|p2a: Slurpuff|Sitrus Berry|[eat]
|-heal|p2a: Slurpuff|237\/316|[from] item: Sitrus Berry
|
|turn|10
|
|move|p2a: Slurpuff|Return|p1a: Galvantula
|-damage|p1a: Galvantula|0 fnt
|faint|p1a: Galvantula
|
|
|switch|p1a: Beedrill|Beedrill-Mega, F|65\/271
|-damage|p1a: Beedrill|0 fnt|[from] Stealth Rock
|faint|p1a: Beedrill
|
|switch|p1a: Serperior|Serperior, F|314\/314
|-damage|p1a: Serperior|275\/314|[from] Stealth Rock
|turn|11
|
|move|p2a: Slurpuff|Return|p1a: Serperior
|-damage|p1a: Serperior|0 fnt
|faint|p1a: Serperior
|
|
|switch|p1a: Emboar|Emboar, M|369\/369
|-damage|p1a: Emboar|323\/369|[from] Stealth Rock
|turn|12
|
|move|p2a: Slurpuff|Return|p1a: Emboar
|-damage|p1a: Emboar|0 fnt
|faint|p1a: Emboar
|
|c|ârandorooosu|gg
|
|switch|p1a: Hydreigon|Hydreigon, F|253\/325
|-damage|p1a: Hydreigon|213\/325|[from] Stealth Rock
|turn|13
|
|move|p2a: Slurpuff|Return|p1a: Hydreigon
|-damage|p1a: Hydreigon|0 fnt
|faint|p1a: Hydreigon
|
|win|ult lowgock
|raw|Ladder updating...
|raw|randorooosu's rating: 1423 &rarr; <strong>1403<\/strong><br \/>(-20 for losing)
|raw|ult lowgock's rating: 1418 &rarr; <strong>1438<\/strong><br \/>(+20 for winning)
|leave|randorooosu
|player|p1
|leave|ult lowgock
|player|p2