|join|ult rh156
|join|ult lowgock
|player|p1|ult rh156|14
|player|p2|ult lowgock|2
|gametype|singles
|gen|6
|tier|UU
|rated
|rule|Sleep Clause Mod: Limit one foe put to sleep
|rule|Species Clause: Limit one of each PokÃ©mon
|rule|OHKO Clause: OHKO moves are banned
|rule|Moody Clause: Moody is banned
|rule|Evasion Moves Clause: Evasion moves are banned
|rule|Endless Battle Clause: Forcing endless battles is banned
|rule|HP Percentage Mod: HP is shown in percentages
|clearpoke
|poke|p1|Infernape, M
|poke|p1|Absol, F
|poke|p1|Jirachi
|poke|p1|Barbaracle, M, shiny
|poke|p1|Celebi
|poke|p1|Gligar, M
|poke|p2|Slurpuff, F
|poke|p2|Kingdra, F
|poke|p2|Aerodactyl, M
|poke|p2|Nidoqueen, F
|poke|p2|Cobalion
|poke|p2|Honchkrow, M
|rule|Swagger Clause: Swagger is banned
|rule|Baton Pass Clause: Limit one PokÃ©mon knowing Baton Pass
|teampreview
|c|âult lowgock|sigh
|c|âult rh156|not again....
|
|start
|switch|p1a: Infernape|Infernape, M|293\/293
|switch|p2a: Aerodactyl|Aerodactyl, M|301\/301
|turn|1
|
|switch|p1a: Jirachi|Jirachi|341\/341
|detailschange|p2a: Aerodactyl|Aerodactyl-Mega, M
|-mega|p2a: Aerodactyl|Aerodactyl|Aerodactylite
|move|p2a: Aerodactyl|Aqua Tail|p1a: Jirachi|[miss]
|-miss|p2a: Aerodactyl|p1a: Jirachi
|
|turn|2
|
|switch|p2a: Cobalion|Cobalion|323\/323
|move|p1a: Jirachi|U-turn|p2a: Cobalion
|-resisted|p2a: Cobalion
|-damage|p2a: Cobalion|309\/323
|
|switch|p1a: Gligar|Gligar, M|333\/333
|
|turn|3
|
|switch|p2a: Nidoqueen|Nidoqueen, F|345\/345
|move|p1a: Gligar|Stealth Rock|p2a: Nidoqueen
|-sidestart|p2: ult lowgock|move: Stealth Rock
|
|turn|4
|
|move|p2a: Nidoqueen|Stealth Rock|p1a: Gligar
|-sidestart|p1: ult rh156|move: Stealth Rock
|move|p1a: Gligar|Earthquake|p2a: Nidoqueen
|-supereffective|p2a: Nidoqueen
|-damage|p2a: Nidoqueen|147\/345
|
|turn|5
|join|Wat For
|
|move|p2a: Nidoqueen|Earth Power|p1a: Gligar
|-immune|p1a: Gligar|[msg]
|move|p1a: Gligar|Earthquake|p2a: Nidoqueen
|-supereffective|p2a: Nidoqueen
|-damage|p2a: Nidoqueen|0 fnt
|faint|p2a: Nidoqueen
|
|
|switch|p2a: Aerodactyl|Aerodactyl-Mega, M|301\/301
|-damage|p2a: Aerodactyl|226\/301|[from] Stealth Rock
|turn|6
|
|move|p2a: Aerodactyl|Aqua Tail|p1a: Gligar
|-supereffective|p1a: Gligar
|-damage|p1a: Gligar|135\/333
|move|p1a: Gligar|U-turn|p2a: Aerodactyl
|-resisted|p2a: Aerodactyl
|-damage|p2a: Aerodactyl|203\/301
|
|switch|p1a: Barbaracle|Barbaracle, M, shiny|289\/289
|-damage|p1a: Barbaracle|253\/289|[from] Stealth Rock
|
|turn|7
|join|rffffrfb
|
|move|p2a: Aerodactyl|Aqua Tail|p1a: Barbaracle
|-damage|p1a: Barbaracle|128\/289
|move|p1a: Barbaracle|Razor Shell|p2a: Aerodactyl
|-supereffective|p2a: Aerodactyl
|-damage|p2a: Aerodactyl|0 fnt
|faint|p2a: Aerodactyl
|
|join|hide rock
|
|switch|p2a: Cobalion|Cobalion|309\/323
|-damage|p2a: Cobalion|299\/323|[from] Stealth Rock
|turn|8
|
|switch|p1a: Celebi|Celebi|401\/401
|-damage|p1a: Celebi|351\/401|[from] Stealth Rock
|move|p2a: Cobalion|Swords Dance|p2a: Cobalion
|-boost|p2a: Cobalion|atk|2
|
|-heal|p1a: Celebi|376\/401|[from] item: Leftovers
|turn|9
|
|switch|p1a: Gligar|Gligar, M|135\/333
|-damage|p1a: Gligar|94\/333|[from] Stealth Rock
|move|p2a: Cobalion|Iron Head|p1a: Gligar
|-damage|p1a: Gligar|0 fnt
|faint|p1a: Gligar
|
|
|switch|p1a: Jirachi|Jirachi|341\/341
|-damage|p1a: Jirachi|320\/341|[from] Stealth Rock
|turn|10
|
|move|p1a: Jirachi|Trick|p2a: Cobalion
|-activate|p1a: Jirachi|move: Trick|[of] p2a: Cobalion
|-item|p2a: Cobalion|Choice Scarf|[from] move: Trick
|-item|p1a: Jirachi|Lum Berry|[from] move: Trick
|move|p2a: Cobalion|Close Combat|p1a: Jirachi
|-damage|p1a: Jirachi|0 fnt
|-unboost|p2a: Cobalion|def|1
|-unboost|p2a: Cobalion|spd|1
|faint|p1a: Jirachi
|
|
|switch|p1a: Celebi|Celebi|376\/401
|-damage|p1a: Celebi|326\/401|[from] Stealth Rock
|turn|11
|
|switch|p2a: Honchkrow|Honchkrow, M|341\/341
|-damage|p2a: Honchkrow|256\/341|[from] Stealth Rock
|move|p1a: Celebi|Swords Dance|p1a: Celebi
|-boost|p1a: Celebi|atk|2
|
|-heal|p1a: Celebi|351\/401|[from] item: Leftovers
|turn|12
|c|âult rh156|NO
|
|switch|p1a: Barbaracle|Barbaracle, M, shiny|128\/289
|-damage|p1a: Barbaracle|92\/289|[from] Stealth Rock
|move|p2a: Honchkrow|Brave Bird|p1a: Barbaracle
|-resisted|p1a: Barbaracle
|-damage|p1a: Barbaracle|0 fnt
|-damage|p2a: Honchkrow|226\/341|[from] recoil|[of] p1a: Barbaracle
|-damage|p2a: Honchkrow|192\/341|[from] item: Life Orb
|faint|p1a: Barbaracle
|-boost|p2a: Honchkrow|atk|1|[from] ability: Moxie
|
|
|switch|p1a: Absol|Absol, F|271\/271
|-damage|p1a: Absol|238\/271|[from] Stealth Rock
|turn|13
|
|detailschange|p1a: Absol|Absol-Mega, F
|-mega|p1a: Absol|Absol|Absolite
|move|p1a: Absol|Pursuit|p2a: Honchkrow|[from]Pursuit
|-resisted|p2a: Honchkrow
|-damage|p2a: Honchkrow|51\/341
|switch|p2a: Cobalion|Cobalion|299\/323
|-damage|p2a: Cobalion|289\/323|[from] Stealth Rock
|
|turn|14
|
|switch|p2a: Honchkrow|Honchkrow, M|51\/341
|-damage|p2a: Honchkrow|0 fnt|[from] Stealth Rock
|faint|p2a: Honchkrow
|switch|p1a: Celebi|Celebi|351\/401
|-damage|p1a: Celebi|301\/401|[from] Stealth Rock
|
|-heal|p1a: Celebi|326\/401|[from] item: Leftovers
|
|switch|p2a: Slurpuff|Slurpuff, F|316\/316
|-damage|p2a: Slurpuff|277\/316|[from] Stealth Rock
|turn|15
|
|move|p2a: Slurpuff|Belly Drum|p2a: Slurpuff
|-damage|p2a: Slurpuff|119\/316
|-setboost|p2a: Slurpuff|atk|6|[from] move: Belly Drum
|-enditem|p2a: Slurpuff|Sitrus Berry|[eat]
|-heal|p2a: Slurpuff|198\/316|[from] item: Sitrus Berry
|move|p1a: Celebi|Seed Bomb|p2a: Slurpuff
|-damage|p2a: Slurpuff|87\/316
|
|-heal|p1a: Celebi|351\/401|[from] item: Leftovers
|turn|16
|
|move|p2a: Slurpuff|Drain Punch|p1a: Celebi
|-resisted|p1a: Celebi
|-damage|p1a: Celebi|256\/401
|-heal|p2a: Slurpuff|135\/316|[from] drain|[of] p1a: Celebi
|move|p1a: Celebi|Seed Bomb|p2a: Slurpuff
|-damage|p2a: Slurpuff|23\/316
|
|-heal|p1a: Celebi|281\/401|[from] item: Leftovers
|turn|17
|
|move|p2a: Slurpuff|Return|p1a: Celebi
|-damage|p1a: Celebi|7\/401
|move|p1a: Celebi|Seed Bomb|p2a: Slurpuff
|-damage|p2a: Slurpuff|0 fnt
|faint|p2a: Slurpuff
|
|-heal|p1a: Celebi|32\/401|[from] item: Leftovers
|c|âult rh156|bulkE
|c|âult rh156|oh
|c|âult rh156|i lost
|
|switch|p2a: Cobalion|Cobalion|289\/323
|-damage|p2a: Cobalion|279\/323|[from] Stealth Rock
|turn|18
|c|âult lowgock|wait
|c|âult lowgock|that
|c|âult lowgock|lol
|
|move|p2a: Cobalion|Close Combat|p1a: Celebi
|-resisted|p1a: Celebi
|-damage|p1a: Celebi|0 fnt
|-unboost|p2a: Cobalion|def|1
|-unboost|p2a: Cobalion|spd|1
|faint|p1a: Celebi
|
|
|switch|p1a: Infernape|Infernape, M|293\/293
|-damage|p1a: Infernape|257\/293|[from] Stealth Rock
|turn|19
|c|âult lowgock|what am i doing
|
|switch|p2a: Kingdra|Kingdra, F|301\/301
|-damage|p2a: Kingdra|264\/301|[from] Stealth Rock
|move|p1a: Infernape|Vacuum Wave|p2a: Kingdra
|-damage|p2a: Kingdra|178\/301
|-damage|p1a: Infernape|228\/293|[from] item: Life Orb
|
|turn|20
|
|move|p1a: Infernape|Close Combat|p2a: Kingdra
|-crit|p2a: Kingdra
|-damage|p2a: Kingdra|0 fnt
|-unboost|p1a: Infernape|def|1
|-unboost|p1a: Infernape|spd|1
|-damage|p1a: Infernape|199\/293|[from] item: Life Orb
|faint|p2a: Kingdra
|
|
|switch|p2a: Cobalion|Cobalion|279\/323
|-damage|p2a: Cobalion|269\/323|[from] Stealth Rock
|turn|21
|
|switch|p1a: Absol|Absol-Mega, F|238\/271
|-damage|p1a: Absol|205\/271|[from] Stealth Rock
|move|p2a: Cobalion|Stone Edge|p1a: Absol
|-damage|p1a: Absol|70\/271
|
|turn|22
|
|move|p2a: Cobalion|Stone Edge|p1a: Absol
|-damage|p1a: Absol|0 fnt
|faint|p1a: Absol
|
|
|switch|p1a: Infernape|Infernape, M|199\/293
|-damage|p1a: Infernape|163\/293|[from] Stealth Rock
|turn|23
|c|âult rh156|g_g
|
|move|p2a: Cobalion|Stone Edge|p1a: Infernape
|-damage|p1a: Infernape|33\/293
|move|p1a: Infernape|Close Combat|p2a: Cobalion
|-supereffective|p2a: Cobalion
|-damage|p2a: Cobalion|0 fnt
|-unboost|p1a: Infernape|def|1
|-unboost|p1a: Infernape|spd|1
|-damage|p1a: Infernape|4\/293|[from] item: Life Orb
|faint|p2a: Cobalion
|
|win|ult rh156
|raw|Ladder updating...
|raw|ult rh156's rating: 1630 &rarr; <strong>1653<\/strong><br \/>(+23 for winning)
|raw|ult lowgock's rating: 1683 &rarr; <strong>1660<\/strong><br \/>(-23 for losing)