|join|ult lowgock
|join|Sacripan'
|player|p1|ult lowgock|102
|player|p2|Sacripan'|2
|gametype|singles
|gen|6
|tier|UU
|rated
|rule|Sleep Clause Mod: Limit one foe put to sleep
|rule|Species Clause: Limit one of each PokÃ©mon
|rule|OHKO Clause: OHKO moves are banned
|rule|Moody Clause: Moody is banned
|rule|Evasion Moves Clause: Evasion moves are banned
|rule|Endless Battle Clause: Forcing endless battles is banned
|rule|HP Percentage Mod: HP is shown in percentages
|clearpoke
|poke|p1|Slurpuff, M
|poke|p1|Kingdra, F
|poke|p1|Aerodactyl, M
|poke|p1|Nidoqueen, F
|poke|p1|Cobalion
|poke|p1|Honchkrow, M
|poke|p2|Absol, M
|poke|p2|Nidoqueen, F
|poke|p2|Roserade, F
|poke|p2|Mienshao, M
|poke|p2|Jirachi
|poke|p2|Suicune
|rule|Swagger Clause: Swagger is banned
|rule|Baton Pass Clause: Limit one PokÃ©mon knowing Baton Pass
|teampreview
|
|start
|switch|p1a: Cobalion|Cobalion|323\/323
|switch|p2a: Mienshao|Mienshao, M|271\/271
|turn|1
|
|switch|p1a: Nidoqueen|Nidoqueen, F|345\/345
|move|p2a: Mienshao|U-turn|p1a: Nidoqueen
|-resisted|p1a: Nidoqueen
|-damage|p1a: Nidoqueen|296\/345
|
|switch|p2a: Jirachi|Jirachi|341\/341
|
|turn|2
|
|move|p2a: Jirachi|Zen Headbutt|p1a: Nidoqueen
|-supereffective|p1a: Nidoqueen
|-damage|p1a: Nidoqueen|26\/345
|move|p1a: Nidoqueen|Earth Power|p2a: Jirachi
|-supereffective|p2a: Jirachi
|-damage|p2a: Jirachi|0 fnt
|faint|p2a: Jirachi
|
|
|switch|p2a: Absol|Absol, M|271\/271
|turn|3
|
|switch|p1a: Cobalion|Cobalion|323\/323
|detailschange|p2a: Absol|Absol-Mega, M
|-mega|p2a: Absol|Absol|Absolite
|move|p2a: Absol|Knock Off|p1a: Cobalion
|-resisted|p1a: Cobalion
|-damage|p1a: Cobalion|251\/323
|-boost|p1a: Cobalion|atk|1|[from] ability: Justified
|-enditem|p1a: Cobalion|Lum Berry|[from] move: Knock Off|[of] p2a: Absol
|
|turn|4
|
|switch|p2a: Suicune|Suicune|404\/404
|-ability|p2a: Suicune|Pressure
|move|p1a: Cobalion|Iron Head|p2a: Suicune
|-resisted|p2a: Suicune
|-damage|p2a: Suicune|348\/404
|
|-heal|p2a: Suicune|373\/404|[from] item: Leftovers
|turn|5
|
|switch|p2a: Mienshao|Mienshao, M|271\/271
|move|p1a: Cobalion|Swords Dance|p1a: Cobalion
|-boost|p1a: Cobalion|atk|2
|
|turn|6
|join|LiberalLucario
|
|switch|p1a: Nidoqueen|Nidoqueen, F|26\/345
|move|p2a: Mienshao|High Jump Kick|p1a: Nidoqueen
|-resisted|p1a: Nidoqueen
|-damage|p1a: Nidoqueen|0 fnt
|faint|p1a: Nidoqueen
|
|join|majaspic22
|
|switch|p1a: Slurpuff|Slurpuff, M|316\/316
|turn|7
|
|switch|p2a: Roserade|Roserade, F|262\/262
|move|p1a: Slurpuff|Belly Drum|p1a: Slurpuff
|-damage|p1a: Slurpuff|158\/316
|-setboost|p1a: Slurpuff|atk|6|[from] move: Belly Drum
|-enditem|p1a: Slurpuff|Sitrus Berry|[eat]
|-heal|p1a: Slurpuff|237\/316|[from] item: Sitrus Berry
|
|turn|8
|c| majaspic22|izi sacri
|join|skysoki
|
|move|p1a: Slurpuff|Return|p2a: Roserade
|-enditem|p2a: Roserade|Focus Sash
|-damage|p2a: Roserade|1\/262
|move|p2a: Roserade|Sludge Bomb|p1a: Slurpuff
|-supereffective|p1a: Slurpuff
|-damage|p1a: Slurpuff|0 fnt
|faint|p1a: Slurpuff
|
|c| majaspic22|si tu win tu joues SPL
|c| LiberalLucario|wtf
|c|âSacripan'|sans pression
|c| LiberalLucario|why is that sash
|c| skysoki|imo t
|c| skysoki|y
|c| majaspic22|because it is sash
|
|switch|p1a: Cobalion|Cobalion|251\/323
|turn|9
|c| LiberalLucario|thx
|
|move|p1a: Cobalion|Iron Head|p2a: Roserade
|-damage|p2a: Roserade|0 fnt
|faint|p2a: Roserade
|
|
|switch|p2a: Nidoqueen|Nidoqueen, F|384\/384
|turn|10
|
|move|p1a: Cobalion|Swords Dance|p1a: Cobalion
|-boost|p1a: Cobalion|atk|2
|move|p2a: Nidoqueen|Ice Beam|p1a: Cobalion
|-resisted|p1a: Cobalion
|-damage|p1a: Cobalion|165\/323
|
|turn|11
|
|move|p1a: Cobalion|Iron Head|p2a: Nidoqueen
|-damage|p2a: Nidoqueen|116\/384
|move|p2a: Nidoqueen|Ice Beam|p1a: Cobalion
|-resisted|p1a: Cobalion
|-damage|p1a: Cobalion|75\/323
|
|turn|12
|c|âSacripan'|cancel, please
|c| majaspic22|dakor
|
|move|p1a: Cobalion|Iron Head|p2a: Nidoqueen
|-damage|p2a: Nidoqueen|0 fnt
|faint|p2a: Nidoqueen
|
|join|Fire Lord Mako
|
|switch|p2a: Mienshao|Mienshao, M|271\/271
|turn|13
|leave|Fire Lord Mako
|
|move|p2a: Mienshao|High Jump Kick|p1a: Cobalion
|-supereffective|p1a: Cobalion
|-damage|p1a: Cobalion|0 fnt
|faint|p1a: Cobalion
|
|c|âSacripan'|En vrai
|c|âSacripan'|Je sais pas si c'est arrivÃ©
|
|switch|p1a: Aerodactyl|Aerodactyl, M|301\/301
|turn|14
|c|âSacripan'|Mais je crois que Ã§a doit Ãªtre bien casse couilles en gros tournoi de lose sur un cancel qui marche pass
|
|switch|p2a: Suicune|Suicune|373\/404
|-ability|p2a: Suicune|Pressure
|detailschange|p1a: Aerodactyl|Aerodactyl-Mega, M
|-mega|p1a: Aerodactyl|Aerodactyl|Aerodactylite
|move|p1a: Aerodactyl|Aerial Ace|p2a: Suicune
|-damage|p2a: Suicune|277\/404
|
|-heal|p2a: Suicune|302\/404|[from] item: Leftovers
|turn|15
|c| majaspic22|tout est dÃ©jÃ  arrivÃ© Ã  un mec
|c| majaspic22|tjrs
|
|switch|p1a: Kingdra|Kingdra, F|301\/301
|switch|p2a: Mienshao|Mienshao, M|271\/271
|
|turn|16
|join|davidTHEMASTER
|c| majaspic22|crit ggwp
|
|move|p2a: Mienshao|High Jump Kick|p1a: Kingdra
|-damage|p1a: Kingdra|3\/301
|move|p1a: Kingdra|Outrage|p2a: Mienshao
|-damage|p2a: Mienshao|10\/271
|
|turn|17
|c| majaspic22|lol
|c|âSacripan'|oml
|c| majaspic22|intÃ©ressant
|c|âSacripan'|That 1%
|c| skysoki|nice
|
|move|p2a: Mienshao|High Jump Kick|p1a: Kingdra
|-damage|p1a: Kingdra|0 fnt
|faint|p1a: Kingdra
|
|
|switch|p1a: Honchkrow|Honchkrow, M|341\/341
|turn|18
|c| majaspic22|fin bref t'es dans la merde vs krow
|
|move|p2a: Mienshao|High Jump Kick|p1a: Honchkrow|[miss]
|-miss|p2a: Mienshao|p1a: Honchkrow
|-damage|p2a: Mienshao|0 fnt|[from] highjumpkick
|faint|p2a: Mienshao
|move|p1a: Honchkrow|Pursuit|p2: Mienshao|[notarget]
|-notarget
|
|c|âSacripan'|fuckit
|c| majaspic22|lol
|c| skysoki|rip
|
|switch|p2a: Absol|Absol-Mega, M|271\/271
|turn|19
|c|âSacripan'|J'ai bien jouÃ©
|c|âSacripan'|Et le haxx, yes
|c| majaspic22|au moins tu prends pas le boost en atk
|
|switch|p1a: Aerodactyl|Aerodactyl-Mega, M|301\/301
|move|p2a: Absol|Play Rough|p1a: Aerodactyl
|-damage|p1a: Aerodactyl|171\/301
|
|turn|20
|c|âSacripan'|Ouais enfin bon
|c| skysoki|Ah mais il te reste absol
|c|âSacripan'|J'avais la win assurÃ©e
|c| majaspic22|t'es plutot bien
|c|âSacripan'|et lÃ  c'est chiant
|
|switch|p2a: Suicune|Suicune|302\/404
|-ability|p2a: Suicune|Pressure
|move|p1a: Aerodactyl|Stone Edge|p2a: Suicune
|-damage|p2a: Suicune|191\/404
|
|-heal|p2a: Suicune|216\/404|[from] item: Leftovers
|turn|21
|c|âSacripan'|Ouais, normalement c'est bon
|
|move|p1a: Aerodactyl|Stone Edge|p2a: Suicune|[miss]
|-miss|p1a: Aerodactyl|p2a: Suicune
|move|p2a: Suicune|Scald|p1a: Aerodactyl
|-crit|p1a: Aerodactyl
|-supereffective|p1a: Aerodactyl
|-damage|p1a: Aerodactyl|0 fnt
|faint|p1a: Aerodactyl
|
|-heal|p2a: Suicune|241\/404|[from] item: Leftovers
|c|âSacripan'|gg
|c| skysoki|je garde le replay
|c|âSacripan'|^:
|
|switch|p1a: Honchkrow|Honchkrow, M|341\/341
|turn|22
|
|move|p1a: Honchkrow|Brave Bird|p2a: Suicune
|-damage|p2a: Suicune|64\/404
|-damage|p1a: Honchkrow|283\/341|[from] recoil|[of] p2a: Suicune
|-damage|p1a: Honchkrow|249\/341|[from] item: Life Orb
|move|p2a: Suicune|Scald|p1a: Honchkrow
|-damage|p1a: Honchkrow|98\/341
|
|-heal|p2a: Suicune|89\/404|[from] item: Leftovers
|turn|23
|c| davidTHEMASTER|oh
|
|move|p1a: Honchkrow|Sucker Punch|p2a: Suicune
|-crit|p2a: Suicune
|-damage|p2a: Suicune|0 fnt
|-damage|p1a: Honchkrow|64\/341|[from] item: Life Orb
|faint|p2a: Suicune
|-boost|p1a: Honchkrow|atk|1|[from] ability: Moxie
|
|leave|LiberalLucario
|
|switch|p2a: Absol|Absol-Mega, M|271\/271
|turn|24
|
|move|p1a: Honchkrow|Sucker Punch|p2a: Absol
|-resisted|p2a: Absol
|-damage|p2a: Absol|42\/271
|-damage|p1a: Honchkrow|30\/341|[from] item: Life Orb
|move|p2a: Absol|Knock Off|p1a: Honchkrow
|-resisted|p1a: Honchkrow
|-damage|p1a: Honchkrow|0 fnt
|-enditem|p1a: Honchkrow|Life Orb|[from] move: Knock Off|[of] p2a: Absol
|faint|p1a: Honchkrow
|
|win|Sacripan'
|raw|Ladder updating...
|raw|ult lowgock's rating: 1714 &rarr; <strong>1683<\/strong><br \/>(-31 for losing)
|raw|Sacripan&apos;'s rating: 1505 &rarr; <strong>1536<\/strong><br \/>(+31 for winning)
|leave|ult lowgock
|c| majaspic22|THE CHOKE
|player|p1
|c| majaspic22|tu sucker punch pas
|c| majaspic22|nub
|leave|davidTHEMASTER
|c| skysoki|uÃ© --'