|join|ult lowgock
|join|Not Timeless
|player|p1|ult lowgock|102
|player|p2|Not Timeless|87
|gametype|singles
|gen|6
|tier|UU
|rated
|rule|Sleep Clause Mod: Limit one foe put to sleep
|rule|Species Clause: Limit one of each PokÃ©mon
|rule|OHKO Clause: OHKO moves are banned
|rule|Moody Clause: Moody is banned
|rule|Evasion Moves Clause: Evasion moves are banned
|rule|Endless Battle Clause: Forcing endless battles is banned
|rule|HP Percentage Mod: HP is shown in percentages
|clearpoke
|poke|p1|Sharpedo, F
|poke|p1|Fletchinder, M
|poke|p1|Rhyperior, M
|poke|p1|Celebi
|poke|p1|Milotic, F
|poke|p1|Forretress, F
|poke|p2|Sharpedo, M
|poke|p2|Shaymin
|poke|p2|Jirachi
|poke|p2|Hydreigon, M
|poke|p2|Hippowdon, F
|poke|p2|Infernape, M
|rule|Swagger Clause: Swagger is banned
|rule|Baton Pass Clause: Limit one PokÃ©mon knowing Baton Pass
|teampreview
|
|start
|switch|p1a: Rhyperior|Rhyperior, M|434\/434
|switch|p2a: Shaymin|Shaymin|341\/341
|turn|1
|
|switch|p2a: Infernape|Infernape, M|293\/293
|switch|p1a: Celebi|Celebi|404\/404
|
|turn|2
|
|switch|p1a: Milotic|Milotic, F|393\/393
|move|p2a: Infernape|Close Combat|p1a: Milotic
|-damage|p1a: Milotic|113\/393
|-unboost|p2a: Infernape|def|1
|-unboost|p2a: Infernape|spd|1
|
|-heal|p1a: Milotic|137\/393|[from] item: Leftovers
|turn|3
|
|switch|p1a: Celebi|Celebi|404\/404
|move|p2a: Infernape|Close Combat|p1a: Celebi
|-resisted|p1a: Celebi
|-damage|p1a: Celebi|271\/404
|-unboost|p2a: Infernape|def|1
|-unboost|p2a: Infernape|spd|1
|
|-heal|p1a: Celebi|296\/404|[from] item: Leftovers
|turn|4
|
|switch|p2a: Jirachi|Jirachi|342\/342
|move|p1a: Celebi|Baton Pass|p1a: Celebi
|
|switch|p1a: Forretress|Forretress, F|354\/354
|
|turn|5
|
|move|p2a: Jirachi|Trick|p1a: Forretress
|-activate|p2a: Jirachi|move: Trick|[of] p1a: Forretress
|-item|p1a: Forretress|Choice Scarf|[from] move: Trick
|-item|p2a: Jirachi|Leftovers|[from] move: Trick
|move|p1a: Forretress|Spikes|p2a: Jirachi
|-sidestart|p2: Not Timeless|Spikes
|
|turn|6
|
|move|p2a: Jirachi|Fire Punch|p1a: Forretress
|-supereffective|p1a: Forretress
|-damage|p1a: Forretress|182\/354
|move|p1a: Forretress|Spikes|p2a: Jirachi
|-sidestart|p2: Not Timeless|Spikes
|
|turn|7
|
|move|p2a: Jirachi|Fire Punch|p1a: Forretress
|-supereffective|p1a: Forretress
|-damage|p1a: Forretress|0 fnt
|faint|p1a: Forretress
|
|
|switch|p1a: Rhyperior|Rhyperior, M|434\/434
|turn|8
|
|move|p2a: Jirachi|U-turn|p1a: Rhyperior
|-crit|p1a: Rhyperior
|-damage|p1a: Rhyperior|357\/434
|
|switch|p2a: Shaymin|Shaymin|341\/341
|-damage|p2a: Shaymin|285\/341|[from] Spikes
|move|p1a: Rhyperior|Stealth Rock|p2a: Shaymin
|-sidestart|p2: Not Timeless|move: Stealth Rock
|
|-heal|p1a: Rhyperior|384\/434|[from] item: Leftovers
|turn|9
|
|switch|p2a: Hydreigon|Hydreigon, M|325\/325
|-damage|p2a: Hydreigon|285\/325|[from] Stealth Rock
|switch|p1a: Celebi|Celebi|296\/404
|
|-heal|p1a: Celebi|321\/404|[from] item: Leftovers
|turn|10
|
|move|p2a: Hydreigon|Dark Pulse|p1a: Celebi
|-supereffective|p1a: Celebi
|-damage|p1a: Celebi|0 fnt
|-damage|p2a: Hydreigon|253\/325|[from] item: Life Orb
|faint|p1a: Celebi
|
|
|switch|p1a: Rhyperior|Rhyperior, M|384\/434
|turn|11
|
|move|p2a: Hydreigon|Draco Meteor|p1a: Rhyperior
|-damage|p1a: Rhyperior|21\/434
|-unboost|p2a: Hydreigon|spa|2
|-damage|p2a: Hydreigon|221\/325|[from] item: Life Orb
|move|p1a: Rhyperior|Rock Blast|p2a: Hydreigon
|-damage|p2a: Hydreigon|172\/325
|-damage|p2a: Hydreigon|123\/325
|-hitcount|p2a: Hydreigon|2
|
|-heal|p1a: Rhyperior|48\/434|[from] item: Leftovers
|turn|12
|
|move|p2a: Hydreigon|Dark Pulse|p1a: Rhyperior
|-damage|p1a: Rhyperior|0 fnt
|-damage|p2a: Hydreigon|91\/325|[from] item: Life Orb
|faint|p1a: Rhyperior
|
|
|switch|p1a: Fletchinder|Fletchinder, M|291\/291
|turn|13
|
|switch|p2a: Hippowdon|Hippowdon, F|420\/420
|-damage|p2a: Hippowdon|394\/420|[from] Stealth Rock
|-damage|p2a: Hippowdon|324\/420|[from] Spikes
|-weather|Sandstorm
|move|p1a: Fletchinder|Acrobatics|p2a: Hippowdon
|-damage|p2a: Hippowdon|237\/420
|
|-weather|Sandstorm|[upkeep]
|-damage|p1a: Fletchinder|273\/291|[from] sandstorm
|-heal|p2a: Hippowdon|263\/420|[from] item: Leftovers
|turn|14
|
|move|p1a: Fletchinder|Will-O-Wisp|p2a: Hippowdon
|-status|p2a: Hippowdon|brn
|move|p2a: Hippowdon|Stealth Rock|p1a: Fletchinder
|-sidestart|p1: ult lowgock|move: Stealth Rock
|
|-weather|Sandstorm|[upkeep]
|-damage|p1a: Fletchinder|255\/291|[from] sandstorm
|-heal|p2a: Hippowdon|289\/420 brn|[from] item: Leftovers
|-damage|p2a: Hippowdon|237\/420 brn|[from] brn
|turn|15
|
|move|p1a: Fletchinder|Roost|p1a: Fletchinder
|-heal|p1a: Fletchinder|291\/291
|move|p2a: Hippowdon|Slack Off|p2a: Hippowdon
|-heal|p2a: Hippowdon|420\/420 brn
|
|-weather|Sandstorm|[upkeep]
|-damage|p1a: Fletchinder|273\/291|[from] sandstorm
|-damage|p2a: Hippowdon|368\/420 brn|[from] brn
|turn|16
|
|move|p1a: Fletchinder|Swords Dance|p1a: Fletchinder
|-boost|p1a: Fletchinder|atk|2
|move|p2a: Hippowdon|Whirlwind|p1a: Fletchinder
|drag|p1a: Milotic|Milotic, F|137\/393
|-damage|p1a: Milotic|88\/393|[from] Stealth Rock
|
|-weather|Sandstorm|[upkeep]
|-damage|p1a: Milotic|64\/393|[from] sandstorm
|-heal|p1a: Milotic|88\/393|[from] item: Leftovers
|-heal|p2a: Hippowdon|394\/420 brn|[from] item: Leftovers
|-damage|p2a: Hippowdon|342\/420 brn|[from] brn
|turn|17
|
|switch|p2a: Shaymin|Shaymin|285\/341
|-damage|p2a: Shaymin|243\/341|[from] Stealth Rock
|-damage|p2a: Shaymin|187\/341|[from] Spikes
|move|p1a: Milotic|Scald|p2a: Shaymin
|-resisted|p2a: Shaymin
|-damage|p2a: Shaymin|142\/341
|
|-weather|none
|-heal|p1a: Milotic|112\/393|[from] item: Leftovers
|turn|18
|
|move|p2a: Shaymin|Seed Flare|p1a: Milotic
|-supereffective|p1a: Milotic
|-damage|p1a: Milotic|0 fnt
|-damage|p2a: Shaymin|108\/341|[from] item: Life Orb
|faint|p1a: Milotic
|
|
|switch|p1a: Sharpedo|Sharpedo, F|285\/285
|-damage|p1a: Sharpedo|250\/285|[from] Stealth Rock
|turn|19
|
|move|p1a: Sharpedo|Protect|p1a: Sharpedo
|-singleturn|p1a: Sharpedo|Protect
|move|p2a: Shaymin|Seed Flare|p1a: Sharpedo
|-activate|p1a: Sharpedo|Protect
|
|-boost|p1a: Sharpedo|spe|1|[from] ability: Speed Boost
|turn|20
|
|move|p1a: Sharpedo|Crunch|p2a: Shaymin
|-damage|p2a: Shaymin|0 fnt
|faint|p2a: Shaymin
|
|-boost|p1a: Sharpedo|spe|1|[from] ability: Speed Boost
|
|switch|p2a: Infernape|Infernape, M|293\/293
|-damage|p2a: Infernape|245\/293|[from] Spikes
|-damage|p2a: Infernape|209\/293|[from] Stealth Rock
|turn|21
|
|detailschange|p1a: Sharpedo|Sharpedo-Mega, F
|-mega|p1a: Sharpedo|Sharpedo|Sharpedonite
|move|p2a: Infernape|Mach Punch|p1a: Sharpedo
|-supereffective|p1a: Sharpedo
|-damage|p1a: Sharpedo|0 fnt
|faint|p1a: Sharpedo
|
|
|switch|p1a: Fletchinder|Fletchinder, M|273\/291
|-damage|p1a: Fletchinder|128\/291|[from] Stealth Rock
|turn|22
|
|switch|p2a: Sharpedo|Sharpedo, M|281\/281
|-damage|p2a: Sharpedo|235\/281|[from] Spikes
|-damage|p2a: Sharpedo|200\/281|[from] Stealth Rock
|move|p1a: Fletchinder|Roost|p1a: Fletchinder
|-heal|p1a: Fletchinder|274\/291
|
|turn|23
|
|detailschange|p2a: Sharpedo|Sharpedo-Mega, M
|-mega|p2a: Sharpedo|Sharpedo|Sharpedonite
|move|p1a: Fletchinder|Acrobatics|p2a: Sharpedo
|-damage|p2a: Sharpedo|5\/281
|move|p2a: Sharpedo|Waterfall|p1a: Fletchinder
|-supereffective|p1a: Fletchinder
|-damage|p1a: Fletchinder|0 fnt
|faint|p1a: Fletchinder
|
|win|Not Timeless
|raw|Ladder updating...
|raw|ult lowgock's rating: 1527 &rarr; <strong>1501<\/strong><br \/>(-26 for losing)
|raw|Not Timeless's rating: 1407 &rarr; <strong>1434<\/strong><br \/>(+27 for winning)
|c|âNot Timeless|gg