|join|ult lowgock
|join|ULT Toenail
|player|p1|ult lowgock|2
|player|p2|ULT Toenail|147
|gametype|singles
|gen|6
|tier|UU
|rated
|rule|Sleep Clause Mod: Limit one foe put to sleep
|rule|Species Clause: Limit one of each PokÃ©mon
|rule|OHKO Clause: OHKO moves are banned
|rule|Moody Clause: Moody is banned
|rule|Evasion Moves Clause: Evasion moves are banned
|rule|Endless Battle Clause: Forcing endless battles is banned
|rule|HP Percentage Mod: HP is shown in percentages
|clearpoke
|poke|p1|Slurpuff, F
|poke|p1|Kingdra, F
|poke|p1|Aerodactyl, F
|poke|p1|Nidoqueen, F
|poke|p1|Cobalion
|poke|p1|Honchkrow, M
|poke|p2|Pidgeot, F
|poke|p2|Cobalion
|poke|p2|Swampert, M
|poke|p2|Jirachi
|poke|p2|Gligar, F
|poke|p2|Slowking, M, shiny
|rule|Swagger Clause: Swagger is banned
|rule|Baton Pass Clause: Limit one PokÃ©mon knowing Baton Pass
|teampreview
|
|start
|switch|p1a: Nidoqueen|Nidoqueen, F|345\/345
|switch|p2a: FLINCH SHIT|Jirachi|341\/341
|turn|1
|
|move|p2a: FLINCH SHIT|Zen Headbutt|p1a: Nidoqueen
|-supereffective|p1a: Nidoqueen
|-damage|p1a: Nidoqueen|91\/345
|move|p1a: Nidoqueen|Stealth Rock|p2a: FLINCH SHIT
|-sidestart|p2: ULT Toenail|move: Stealth Rock
|
|turn|2
|
|switch|p2a: SLOW SHIT|Slowking, M, shiny|394\/394
|-damage|p2a: SLOW SHIT|345\/394|[from] Stealth Rock
|move|p1a: Nidoqueen|Ice Beam|p2a: SLOW SHIT
|-resisted|p2a: SLOW SHIT
|-damage|p2a: SLOW SHIT|281\/394
|
|-heal|p2a: SLOW SHIT|305\/394|[from] item: Leftovers
|turn|3
|
|move|p1a: Nidoqueen|Sludge Wave|p2a: SLOW SHIT
|-damage|p2a: SLOW SHIT|113\/394
|move|p2a: SLOW SHIT|Scald|p1a: Nidoqueen
|-supereffective|p1a: Nidoqueen
|-damage|p1a: Nidoqueen|0 fnt
|faint|p1a: Nidoqueen
|
|-heal|p2a: SLOW SHIT|137\/394|[from] item: Leftovers
|
|switch|p1a: Honchkrow|Honchkrow, M|341\/341
|turn|4
|join|Snowballin
|join|Eyan
|
|move|p1a: Honchkrow|Pursuit|p2a: SLOW SHIT
|-supereffective|p2a: SLOW SHIT
|-damage|p2a: SLOW SHIT|0 fnt
|-damage|p1a: Honchkrow|307\/341|[from] item: Life Orb
|faint|p2a: SLOW SHIT
|-boost|p1a: Honchkrow|atk|1|[from] ability: Moxie
|
|
|switch|p2a: SHIT|Cobalion|323\/323
|-damage|p2a: SHIT|313\/323|[from] Stealth Rock
|turn|5
|
|move|p2a: SHIT|Substitute|p2a: SHIT
|-start|p2a: SHIT|Substitute
|-damage|p2a: SHIT|233\/323
|move|p1a: Honchkrow|Superpower|p2a: SHIT
|-supereffective|p2a: SHIT
|-end|p2a: SHIT|Substitute
|-unboost|p1a: Honchkrow|atk|1
|-unboost|p1a: Honchkrow|def|1
|-damage|p1a: Honchkrow|273\/341|[from] item: Life Orb
|
|-heal|p2a: SHIT|253\/323|[from] item: Leftovers
|turn|6
|
|move|p2a: SHIT|Close Combat|p1a: Honchkrow
|-damage|p1a: Honchkrow|0 fnt
|-unboost|p2a: SHIT|def|1
|-unboost|p2a: SHIT|spd|1
|faint|p1a: Honchkrow
|
|-heal|p2a: SHIT|273\/323|[from] item: Leftovers
|
|switch|p1a: Cobalion|Cobalion|323\/323
|turn|7
|
|switch|p2a: Swampert|Swampert, M|401\/401
|-damage|p2a: Swampert|376\/401|[from] Stealth Rock
|move|p1a: Cobalion|Swords Dance|p1a: Cobalion
|-boost|p1a: Cobalion|atk|2
|
|-heal|p2a: Swampert|401\/401|[from] item: Leftovers
|turn|8
|
|move|p1a: Cobalion|Iron Head|p2a: Swampert
|-resisted|p2a: Swampert
|-damage|p2a: Swampert|318\/401
|move|p2a: Swampert|Earthquake|p1a: Cobalion
|-supereffective|p1a: Cobalion
|-damage|p1a: Cobalion|113\/323
|
|-heal|p2a: Swampert|343\/401|[from] item: Leftovers
|turn|9
|join|Pokemon Sins
|
|move|p1a: Cobalion|Close Combat|p2a: Swampert
|-damage|p2a: Swampert|94\/401
|-unboost|p1a: Cobalion|def|1
|-unboost|p1a: Cobalion|spd|1
|move|p2a: Swampert|Earthquake|p1a: Cobalion
|-supereffective|p1a: Cobalion
|-damage|p1a: Cobalion|0 fnt
|faint|p1a: Cobalion
|
|-heal|p2a: Swampert|119\/401|[from] item: Leftovers
|
|switch|p1a: Kingdra|Kingdra, F|301\/301
|turn|10
|
|move|p1a: Kingdra|Dragon Dance|p1a: Kingdra
|-boost|p1a: Kingdra|atk|1
|-boost|p1a: Kingdra|spe|1
|move|p2a: Swampert|Roar|p1a: Kingdra
|drag|p1a: Aerodactyl|Aerodactyl, F|301\/301
|
|-heal|p2a: Swampert|144\/401|[from] item: Leftovers
|turn|11
|
|detailschange|p1a: Aerodactyl|Aerodactyl-Mega, F
|-mega|p1a: Aerodactyl|Aerodactyl|Aerodactylite
|move|p1a: Aerodactyl|Aerial Ace|p2a: Swampert
|-crit|p2a: Swampert
|-damage|p2a: Swampert|0 fnt
|faint|p2a: Swampert
|
|
|switch|p2a: FLINCH SHIT|Jirachi|341\/341
|-damage|p2a: FLINCH SHIT|320\/341|[from] Stealth Rock
|turn|12
|
|move|p2a: FLINCH SHIT|Iron Head|p1a: Aerodactyl
|-supereffective|p1a: Aerodactyl
|-damage|p1a: Aerodactyl|13\/301
|cant|p1a: Aerodactyl|flinch
|
|turn|13
|
|switch|p2a: BAT SHIT|Gligar, F|330\/330
|-damage|p2a: BAT SHIT|289\/330|[from] Stealth Rock
|move|p1a: Aerodactyl|Aqua Tail|p2a: BAT SHIT
|-supereffective|p2a: BAT SHIT
|-damage|p2a: BAT SHIT|109\/330
|
|turn|14
|
|move|p1a: Aerodactyl|Aqua Tail|p2a: BAT SHIT
|-supereffective|p2a: BAT SHIT
|-damage|p2a: BAT SHIT|0 fnt
|faint|p2a: BAT SHIT
|
|
|switch|p2a: FLINCH SHIT|Jirachi|320\/341
|-damage|p2a: FLINCH SHIT|299\/341|[from] Stealth Rock
|turn|15
|
|move|p2a: FLINCH SHIT|U-turn|p1a: Aerodactyl
|-resisted|p1a: Aerodactyl
|-damage|p1a: Aerodactyl|0 fnt
|faint|p1a: Aerodactyl
|
|switch|p2a: BIRD SHIT|Pidgeot, F|307\/307
|-damage|p2a: BIRD SHIT|231\/307|[from] Stealth Rock
|
|
|switch|p1a: Kingdra|Kingdra, F|301\/301
|turn|16
|
|detailschange|p2a: BIRD SHIT|Pidgeot-Mega, F
|-mega|p2a: BIRD SHIT|Pidgeot|Pidgeotite
|move|p2a: BIRD SHIT|Hurricane|p1a: Kingdra
|-damage|p1a: Kingdra|94\/301
|move|p1a: Kingdra|Dragon Dance|p1a: Kingdra
|-boost|p1a: Kingdra|atk|1
|-boost|p1a: Kingdra|spe|1
|
|turn|17
|
|move|p1a: Kingdra|Outrage|p2a: BIRD SHIT
|-damage|p2a: BIRD SHIT|0 fnt
|faint|p2a: BIRD SHIT
|
|
|switch|p2a: SHIT|Cobalion|273\/323
|-damage|p2a: SHIT|263\/323|[from] Stealth Rock
|turn|18
|
|move|p1a: Kingdra|Outrage|p2a: SHIT
|-resisted|p2a: SHIT
|-damage|p2a: SHIT|155\/323
|move|p2a: SHIT|Close Combat|p1a: Kingdra
|-damage|p1a: Kingdra|0 fnt
|-unboost|p2a: SHIT|def|1
|-unboost|p2a: SHIT|spd|1
|faint|p1a: Kingdra
|
|-heal|p2a: SHIT|175\/323|[from] item: Leftovers
|
|switch|p1a: Slurpuff|Slurpuff, F|316\/316
|turn|19
|
|move|p2a: SHIT|Iron Head|p1a: Slurpuff
|-supereffective|p1a: Slurpuff
|-damage|p1a: Slurpuff|74\/316
|-enditem|p1a: Slurpuff|Sitrus Berry|[eat]
|-heal|p1a: Slurpuff|153\/316|[from] item: Sitrus Berry
|cant|p1a: Slurpuff|flinch
|
|-heal|p2a: SHIT|195\/323|[from] item: Leftovers
|turn|20
|
|move|p1a: Slurpuff|Drain Punch|p2a: SHIT
|-supereffective|p2a: SHIT
|-damage|p2a: SHIT|47\/323
|-heal|p1a: Slurpuff|227\/316|[from] drain|[of] p2a: SHIT
|move|p2a: SHIT|Iron Head|p1a: Slurpuff
|-supereffective|p1a: Slurpuff
|-damage|p1a: Slurpuff|0 fnt
|faint|p1a: Slurpuff
|
|win|ULT Toenail
|raw|Ladder updating...
|raw|ult lowgock's rating: 1675 &rarr; <strong>1644<\/strong><br \/>(-31 for losing)
|raw|ULT Toenail's rating: 1454 &rarr; <strong>1485<\/strong><br \/>(+31 for winning)
|leave|Pokemon Sins
|leave|ult lowgock
|leave|Eyan
|c|âULT Toenail|gg
|player|p1
|join|Starmeiâ¥