|join|ult lowgock
|join|Mega Pidgeotto
|join|so dynamic
|player|p1|ult lowgock|2
|player|p2|Mega Pidgeotto|171
|gametype|singles
|gen|6
|tier|UU
|rated
|rule|Sleep Clause Mod: Limit one foe put to sleep
|rule|Species Clause: Limit one of each PokÃ©mon
|rule|OHKO Clause: OHKO moves are banned
|rule|Moody Clause: Moody is banned
|rule|Evasion Moves Clause: Evasion moves are banned
|rule|Endless Battle Clause: Forcing endless battles is banned
|rule|HP Percentage Mod: HP is shown in percentages
|clearpoke
|poke|p1|Slurpuff, F
|poke|p1|Kingdra, F
|poke|p1|Aerodactyl, M
|poke|p1|Nidoqueen, F
|poke|p1|Cobalion
|poke|p1|Honchkrow, F
|poke|p2|Serperior, M
|poke|p2|Aggron, M
|poke|p2|Slowking, M
|poke|p2|Krookodile, F
|poke|p2|Florges, F
|poke|p2|Mienshao, M
|rule|Swagger Clause: Swagger is banned
|rule|Baton Pass Clause: Limit one PokÃ©mon knowing Baton Pass
|teampreview
|c| so dynamic|cteamed
|
|start
|switch|p1a: Aerodactyl|Aerodactyl, M|301\/301
|switch|p2a: Slowking|Slowking, M|391\/391
|turn|1
|
|switch|p1a: Kingdra|Kingdra, F|301\/301
|move|p2a: Slowking|Scald|p1a: Kingdra
|-resisted|p1a: Kingdra
|-damage|p1a: Kingdra|275\/301
|
|turn|2
|
|switch|p2a: Florges|Florges, F|359\/359
|move|p1a: Kingdra|Dragon Dance|p1a: Kingdra
|-boost|p1a: Kingdra|atk|1
|-boost|p1a: Kingdra|spe|1
|
|turn|3
|
|switch|p1a: Nidoqueen|Nidoqueen, F|345\/345
|move|p2a: Florges|Moonblast|p1a: Nidoqueen
|-resisted|p1a: Nidoqueen
|-damage|p1a: Nidoqueen|273\/345
|-unboost|p1a: Nidoqueen|spa|1
|
|turn|4
|
|switch|p2a: Slowking|Slowking, M|391\/391
|move|p1a: Nidoqueen|Stealth Rock|p2a: Slowking
|-sidestart|p2: Mega Pidgeotto|move: Stealth Rock
|
|turn|5
|
|switch|p1a: Kingdra|Kingdra, F|275\/301
|move|p2a: Slowking|Psyshock|p1a: Kingdra
|-damage|p1a: Kingdra|172\/301
|
|turn|6
|join|hxhxhxhxhxhxhx
|
|switch|p2a: Florges|Florges, F|359\/359
|-damage|p2a: Florges|315\/359|[from] Stealth Rock
|move|p1a: Kingdra|Waterfall|p2a: Florges
|-damage|p2a: Florges|216\/359
|
|-heal|p2a: Florges|238\/359|[from] item: Leftovers
|turn|7
|
|switch|p1a: Nidoqueen|Nidoqueen, F|273\/345
|move|p2a: Florges|Moonblast|p1a: Nidoqueen
|-resisted|p1a: Nidoqueen
|-damage|p1a: Nidoqueen|202\/345
|-unboost|p1a: Nidoqueen|spa|1
|
|-heal|p2a: Florges|260\/359|[from] item: Leftovers
|turn|8
|
|switch|p1a: Honchkrow|Honchkrow, F|341\/341
|move|p2a: Florges|Protect|p2a: Florges
|-fail|p2a: Florges
|
|-heal|p2a: Florges|282\/359|[from] item: Leftovers
|turn|9
|
|switch|p2a: Slowking|Slowking, M|391\/391
|-damage|p2a: Slowking|343\/391|[from] Stealth Rock
|move|p1a: Honchkrow|Brave Bird|p2a: Slowking
|-damage|p2a: Slowking|88\/391
|-damage|p1a: Honchkrow|257\/341|[from] recoil|[of] p2a: Slowking
|-damage|p1a: Honchkrow|223\/341|[from] item: Life Orb
|
|-heal|p2a: Slowking|112\/391|[from] item: Leftovers
|turn|10
|
|move|p1a: Honchkrow|Pursuit|p2a: Slowking|[from]Pursuit
|-supereffective|p2a: Slowking
|-damage|p2a: Slowking|0 fnt
|-damage|p1a: Honchkrow|189\/341|[from] item: Life Orb
|faint|p2a: Slowking
|-boost|p1a: Honchkrow|atk|1|[from] ability: Moxie
|
|
|switch|p2a: Mienshao|Mienshao, M|271\/271
|-damage|p2a: Mienshao|255\/271|[from] Stealth Rock
|turn|11
|
|move|p1a: Honchkrow|Sucker Punch|p2a: Mienshao
|-resisted|p2a: Mienshao
|-damage|p2a: Mienshao|13\/271
|-damage|p1a: Honchkrow|155\/341|[from] item: Life Orb
|move|p2a: Mienshao|High Jump Kick|p1a: Honchkrow
|-damage|p1a: Honchkrow|0 fnt
|faint|p1a: Honchkrow
|
|
|switch|p1a: Slurpuff|Slurpuff, F|316\/316
|turn|12
|
|move|p2a: Mienshao|High Jump Kick|p1a: Slurpuff
|-resisted|p1a: Slurpuff
|-damage|p1a: Slurpuff|154\/316
|-enditem|p1a: Slurpuff|Sitrus Berry|[eat]
|-heal|p1a: Slurpuff|233\/316|[from] item: Sitrus Berry
|move|p1a: Slurpuff|Belly Drum|p1a: Slurpuff
|-damage|p1a: Slurpuff|75\/316
|-setboost|p1a: Slurpuff|atk|6|[from] move: Belly Drum
|
|turn|13
|
|move|p1a: Slurpuff|Drain Punch|p2a: Mienshao
|-damage|p2a: Mienshao|0 fnt
|-heal|p1a: Slurpuff|82\/316|[from] drain|[of] p2a: Mienshao
|faint|p2a: Mienshao
|
|
|switch|p2a: Aggron|Aggron, M|344\/344
|-damage|p2a: Aggron|323\/344|[from] Stealth Rock
|turn|14
|
|detailschange|p2a: Aggron|Aggron-Mega, M
|-mega|p2a: Aggron|Aggron|Aggronite
|move|p1a: Slurpuff|Drain Punch|p2a: Aggron
|-supereffective|p2a: Aggron
|-damage|p2a: Aggron|167\/344
|-heal|p1a: Slurpuff|160\/316|[from] drain|[of] p2a: Aggron
|move|p2a: Aggron|Heavy Slam|p1a: Slurpuff
|-supereffective|p1a: Slurpuff
|-damage|p1a: Slurpuff|0 fnt
|faint|p1a: Slurpuff
|
|
|switch|p1a: Nidoqueen|Nidoqueen, F|202\/345
|turn|15
|
|switch|p2a: Florges|Florges, F|282\/359
|-damage|p2a: Florges|238\/359|[from] Stealth Rock
|move|p1a: Nidoqueen|Earth Power|p2a: Florges
|-damage|p2a: Florges|94\/359
|
|-heal|p2a: Florges|116\/359|[from] item: Leftovers
|turn|16
|
|move|p1a: Nidoqueen|Sludge Wave|p2a: Florges
|-supereffective|p2a: Florges
|-damage|p2a: Florges|0 fnt
|faint|p2a: Florges
|
|
|switch|p2a: Serperior|Serperior, M|291\/291
|-damage|p2a: Serperior|255\/291|[from] Stealth Rock
|turn|17
|
|switch|p1a: Kingdra|Kingdra, F|172\/301
|move|p2a: Serperior|Leaf Storm|p1a: Kingdra
|-damage|p1a: Kingdra|0 fnt
|-boost|p2a: Serperior|spa|2
|faint|p1a: Kingdra
|
|
|switch|p1a: Aerodactyl|Aerodactyl, M|301\/301
|turn|18
|
|switch|p2a: Krookodile|Krookodile, F|331\/331
|-damage|p2a: Krookodile|311\/331|[from] Stealth Rock
|-ability|p2a: Krookodile|Intimidate|[of] p1a: Aerodactyl
|-unboost|p1a: Aerodactyl|atk|1
|detailschange|p1a: Aerodactyl|Aerodactyl-Mega, M
|-mega|p1a: Aerodactyl|Aerodactyl|Aerodactylite
|move|p1a: Aerodactyl|Aerial Ace|p2a: Krookodile
|-damage|p2a: Krookodile|199\/331
|
|turn|19
|
|switch|p1a: Cobalion|Cobalion|323\/323
|move|p2a: Krookodile|Earthquake|p1a: Cobalion
|-supereffective|p1a: Cobalion
|-damage|p1a: Cobalion|75\/323
|
|turn|20
|
|switch|p2a: Serperior|Serperior, M|255\/291
|-damage|p2a: Serperior|219\/291|[from] Stealth Rock
|move|p1a: Cobalion|Close Combat|p2a: Serperior
|-damage|p2a: Serperior|51\/291
|-unboost|p1a: Cobalion|def|1
|-unboost|p1a: Cobalion|spd|1
|
|turn|21
|
|switch|p1a: Aerodactyl|Aerodactyl-Mega, M|301\/301
|move|p2a: Serperior|Leaf Storm|p1a: Aerodactyl
|-damage|p1a: Aerodactyl|102\/301
|-boost|p2a: Serperior|spa|2
|
|turn|22
|
|switch|p2a: Aggron|Aggron-Mega, M|167\/344
|-damage|p2a: Aggron|146\/344|[from] Stealth Rock
|move|p1a: Aerodactyl|Aerial Ace|p2a: Aggron
|-resisted|p2a: Aggron
|-damage|p2a: Aggron|113\/344
|
|turn|23
|join|BenzMafia
|
|switch|p1a: Nidoqueen|Nidoqueen, F|202\/345
|move|p2a: Aggron|Heavy Slam|p1a: Nidoqueen
|-damage|p1a: Nidoqueen|0 fnt
|faint|p1a: Nidoqueen
|
|
|switch|p1a: Cobalion|Cobalion|75\/323
|turn|24
|
|switch|p2a: Krookodile|Krookodile, F|199\/331
|-damage|p2a: Krookodile|179\/331|[from] Stealth Rock
|-ability|p2a: Krookodile|Intimidate|[of] p1a: Cobalion
|-unboost|p1a: Cobalion|atk|1
|move|p1a: Cobalion|Close Combat|p2a: Krookodile
|-supereffective|p2a: Krookodile
|-damage|p2a: Krookodile|0 fnt
|-unboost|p1a: Cobalion|def|1
|-unboost|p1a: Cobalion|spd|1
|faint|p2a: Krookodile
|
|
|switch|p2a: Serperior|Serperior, M|51\/291
|-damage|p2a: Serperior|15\/291|[from] Stealth Rock
|turn|25
|c| so dynamic|miss leaf storm
|
|move|p2a: Serperior|Leaf Storm|p1a: Cobalion
|-resisted|p1a: Cobalion
|-damage|p1a: Cobalion|0 fnt
|-boost|p2a: Serperior|spa|2
|faint|p1a: Cobalion
|
|
|switch|p1a: Aerodactyl|Aerodactyl-Mega, M|102\/301
|turn|26
|
|move|p1a: Aerodactyl|Aerial Ace|p2a: Serperior
|-supereffective|p2a: Serperior
|-damage|p2a: Serperior|0 fnt
|faint|p2a: Serperior
|
|
|switch|p2a: Aggron|Aggron-Mega, M|113\/344
|-damage|p2a: Aggron|92\/344|[from] Stealth Rock
|turn|27
|
|move|p1a: Aerodactyl|Stone Edge|p2a: Aggron
|-resisted|p2a: Aggron
|-damage|p2a: Aggron|53\/344
|move|p2a: Aggron|Heavy Slam|p1a: Aerodactyl
|-supereffective|p1a: Aerodactyl
|-damage|p1a: Aerodactyl|0 fnt
|faint|p1a: Aerodactyl
|
|win|Mega Pidgeotto
|raw|Ladder updating...
|raw|ult lowgock's rating: 1680 &rarr; <strong>1651<\/strong><br \/>(-29 for losing)
|raw|Mega Pidgeotto's rating: 1523 &rarr; <strong>1551<\/strong><br \/>(+28 for winning)
|c|âMega Pidgeotto|gg
|leave|ult lowgock
|leave|hxhxhxhxhxhxhx
|player|p1
|leave|Mega Pidgeotto