|join|ult lowgock
|join|jibsjibsjibs
|player|p1|ult lowgock|169
|player|p2|jibsjibsjibs|102
|gametype|singles
|gen|6
|tier|UU
|rated
|rule|Sleep Clause Mod: Limit one foe put to sleep
|rule|Species Clause: Limit one of each PokÃ©mon
|rule|OHKO Clause: OHKO moves are banned
|rule|Moody Clause: Moody is banned
|rule|Evasion Moves Clause: Evasion moves are banned
|rule|Endless Battle Clause: Forcing endless battles is banned
|rule|HP Percentage Mod: HP is shown in percentages
|clearpoke
|poke|p1|Slurpuff, F
|poke|p1|Kingdra, F
|poke|p1|Aerodactyl, M
|poke|p1|Nidoqueen, F
|poke|p1|Cobalion
|poke|p1|Honchkrow, M
|poke|p2|Arcanine, F
|poke|p2|Goodra, F
|poke|p2|Empoleon, F
|poke|p2|Toxicroak, M
|poke|p2|Azelf
|poke|p2|Hitmonchan, M
|rule|Swagger Clause: Swagger is banned
|rule|Baton Pass Clause: Limit one PokÃ©mon knowing Baton Pass
|teampreview
|
|start
|switch|p1a: Aerodactyl|Aerodactyl, M|301\/301
|switch|p2a: Azelf|Azelf|291\/291
|turn|1
|
|switch|p2a: Arcanine|Arcanine, F|383\/383
|-ability|p2a: Arcanine|Intimidate|[of] p1a: Aerodactyl
|-unboost|p1a: Aerodactyl|atk|1
|detailschange|p1a: Aerodactyl|Aerodactyl-Mega, M
|-mega|p1a: Aerodactyl|Aerodactyl|Aerodactylite
|move|p1a: Aerodactyl|Aqua Tail|p2a: Arcanine
|-supereffective|p2a: Arcanine
|-damage|p2a: Arcanine|223\/383
|-damage|p1a: Aerodactyl|251\/301|[from] item: Rocky Helmet|[of] p2a: Arcanine
|
|turn|2
|
|move|p1a: Aerodactyl|Stone Edge|p2a: Arcanine
|-supereffective|p2a: Arcanine
|-damage|p2a: Arcanine|7\/383
|move|p2a: Arcanine|Morning Sun|p2a: Arcanine
|-heal|p2a: Arcanine|198\/383
|
|turn|3
|
|switch|p2a: Hitmonchan|Hitmonchan, M|241\/241
|move|p1a: Aerodactyl|Stone Edge|p2a: Hitmonchan
|-resisted|p2a: Hitmonchan
|-damage|p2a: Hitmonchan|169\/241
|
|turn|4
|
|move|p1a: Aerodactyl|Aerial Ace|p2a: Hitmonchan
|-crit|p2a: Hitmonchan
|-supereffective|p2a: Hitmonchan
|-damage|p2a: Hitmonchan|0 fnt
|faint|p2a: Hitmonchan
|
|
|switch|p2a: Arcanine|Arcanine, F|198\/383
|-ability|p2a: Arcanine|Intimidate|[of] p1a: Aerodactyl
|-unboost|p1a: Aerodactyl|atk|1
|turn|5
|join|asxasx
|
|switch|p1a: Nidoqueen|Nidoqueen, F|345\/345
|move|p2a: Arcanine|Morning Sun|p2a: Arcanine
|-heal|p2a: Arcanine|383\/383
|
|turn|6
|
|switch|p2a: Goodra|Goodra, F|383\/383
|move|p1a: Nidoqueen|Stealth Rock|p2a: Goodra
|-sidestart|p2: jibsjibsjibs|move: Stealth Rock
|
|turn|7
|
|switch|p1a: Honchkrow|Honchkrow, M|341\/341
|move|p2a: Goodra|Ice Beam|p1a: Honchkrow
|-supereffective|p1a: Honchkrow
|-damage|p1a: Honchkrow|0 fnt
|faint|p1a: Honchkrow
|
|
|switch|p1a: Slurpuff|Slurpuff, F|316\/316
|turn|8
|
|switch|p1a: Nidoqueen|Nidoqueen, F|345\/345
|move|p2a: Goodra|Flamethrower|p1a: Nidoqueen
|-damage|p1a: Nidoqueen|231\/345
|
|turn|9
|
|switch|p1a: Kingdra|Kingdra, F|301\/301
|move|p2a: Goodra|Ice Beam|p1a: Kingdra
|-damage|p1a: Kingdra|187\/301
|
|turn|10
|
|move|p1a: Kingdra|Outrage|p2a: Goodra
|-supereffective|p2a: Goodra
|-damage|p2a: Goodra|0 fnt
|faint|p2a: Goodra
|
|
|switch|p2a: Azelf|Azelf|291\/291
|-damage|p2a: Azelf|255\/291|[from] Stealth Rock
|turn|11
|
|move|p2a: Azelf|Zen Headbutt|p1a: Kingdra
|-damage|p1a: Kingdra|0 fnt
|faint|p1a: Kingdra
|
|
|switch|p1a: Cobalion|Cobalion|323\/323
|turn|12
|
|switch|p2a: Arcanine|Arcanine, F|383\/383
|-damage|p2a: Arcanine|288\/383|[from] Stealth Rock
|-ability|p2a: Arcanine|Intimidate|[of] p1a: Cobalion
|-unboost|p1a: Cobalion|atk|1
|move|p1a: Cobalion|Stone Edge|p2a: Arcanine|[miss]
|-miss|p1a: Cobalion|p2a: Arcanine
|
|turn|13
|
|switch|p1a: Nidoqueen|Nidoqueen, F|231\/345
|move|p2a: Arcanine|Flare Blitz|p1a: Nidoqueen
|-damage|p1a: Nidoqueen|56\/345
|-damage|p2a: Arcanine|230\/383|[from] recoil|[of] p1a: Nidoqueen
|
|turn|14
|
|move|p2a: Arcanine|Extreme Speed|p1a: Nidoqueen
|-damage|p1a: Nidoqueen|0 fnt
|faint|p1a: Nidoqueen
|
|
|switch|p1a: Aerodactyl|Aerodactyl-Mega, M|251\/301
|turn|15
|
|move|p2a: Arcanine|Extreme Speed|p1a: Aerodactyl
|-resisted|p1a: Aerodactyl
|-damage|p1a: Aerodactyl|212\/301
|move|p1a: Aerodactyl|Stone Edge|p2a: Arcanine
|-supereffective|p2a: Arcanine
|-damage|p2a: Arcanine|0 fnt
|faint|p2a: Arcanine
|
|
|switch|p2a: Empoleon|Empoleon, F|371\/371
|-damage|p2a: Empoleon|348\/371|[from] Stealth Rock
|turn|16
|
|switch|p1a: Cobalion|Cobalion|323\/323
|move|p2a: Empoleon|Scald|p1a: Cobalion
|-damage|p1a: Cobalion|190\/323
|
|-heal|p2a: Empoleon|371\/371|[from] item: Leftovers
|turn|17
|
|move|p1a: Cobalion|Close Combat|p2a: Empoleon
|-supereffective|p2a: Empoleon
|-damage|p2a: Empoleon|33\/371
|-unboost|p1a: Cobalion|def|1
|-unboost|p1a: Cobalion|spd|1
|move|p2a: Empoleon|Stealth Rock|p1a: Cobalion
|-sidestart|p1: ult lowgock|move: Stealth Rock
|
|-heal|p2a: Empoleon|56\/371|[from] item: Leftovers
|turn|18
|
|move|p1a: Cobalion|Iron Head|p2a: Empoleon
|-resisted|p2a: Empoleon
|-damage|p2a: Empoleon|26\/371
|move|p2a: Empoleon|Scald|p1a: Cobalion
|-damage|p1a: Cobalion|0 fnt
|faint|p1a: Cobalion
|
|-heal|p2a: Empoleon|49\/371|[from] item: Leftovers
|
|switch|p1a: Aerodactyl|Aerodactyl-Mega, M|212\/301
|-damage|p1a: Aerodactyl|137\/301|[from] Stealth Rock
|turn|19
|
|move|p1a: Aerodactyl|Aerial Ace|p2a: Empoleon
|-resisted|p2a: Empoleon
|-damage|p2a: Empoleon|0 fnt
|faint|p2a: Empoleon
|
|
|switch|p2a: Toxicroak|Toxicroak, M|307\/307
|-damage|p2a: Toxicroak|288\/307|[from] Stealth Rock
|turn|20
|
|move|p2a: Toxicroak|Sucker Punch|p1a: Aerodactyl
|-damage|p1a: Aerodactyl|40\/301
|move|p1a: Aerodactyl|Aerial Ace|p2a: Toxicroak
|-supereffective|p2a: Toxicroak
|-damage|p2a: Toxicroak|0 fnt
|faint|p2a: Toxicroak
|
|
|switch|p2a: Azelf|Azelf|255\/291
|-damage|p2a: Azelf|219\/291|[from] Stealth Rock
|turn|21
|
|move|p1a: Aerodactyl|Stone Edge|p2a: Azelf
|-damage|p2a: Azelf|0 fnt
|faint|p2a: Azelf
|
|win|ult lowgock
|raw|Ladder updating...
|raw|ult lowgock's rating: 1448 &rarr; <strong>1464<\/strong><br \/>(+16 for winning)
|raw|jibsjibsjibs's rating: 1375 &rarr; <strong>1359<\/strong><br \/>(-16 for losing)
|leave|ult lowgock
|player|p1
|leave|jibsjibsjibs
|player|p2