|join|ult lowgock
|join|uunubnub
|player|p1|ult lowgock|273
|player|p2|uunubnub|184
|gametype|singles
|gen|6
|tier|UU
|rated
|rule|Sleep Clause Mod: Limit one foe put to sleep
|rule|Species Clause: Limit one of each PokÃ©mon
|rule|OHKO Clause: OHKO moves are banned
|rule|Moody Clause: Moody is banned
|rule|Evasion Moves Clause: Evasion moves are banned
|rule|Endless Battle Clause: Forcing endless battles is banned
|rule|HP Percentage Mod: HP is shown in percentages
|clearpoke
|poke|p1|Slurpuff, F
|poke|p1|Kingdra, F
|poke|p1|Aerodactyl, F
|poke|p1|Nidoqueen, F
|poke|p1|Cobalion
|poke|p1|Honchkrow, M
|poke|p2|Machamp, F
|poke|p2|Snorlax, F
|poke|p2|Cresselia, F
|poke|p2|Nidoqueen, F
|poke|p2|Blastoise, M
|poke|p2|Arcanine, M
|rule|Swagger Clause: Swagger is banned
|rule|Baton Pass Clause: Limit one PokÃ©mon knowing Baton Pass
|teampreview
|
|start
|switch|p1a: Aerodactyl|Aerodactyl, F|301\/301
|switch|p2a: Blastoise|Blastoise, M|362\/362
|turn|1
|
|switch|p1a: Kingdra|Kingdra, F|301\/301
|detailschange|p2a: Blastoise|Blastoise-Mega, M
|-mega|p2a: Blastoise|Blastoise|Blastoisinite
|move|p2a: Blastoise|Water Pulse|p1a: Kingdra
|-resisted|p1a: Kingdra
|-damage|p1a: Kingdra|253\/301
|
|turn|2
|
|switch|p2a: Cresselia|Cresselia, F|444\/444
|move|p1a: Kingdra|Dragon Dance|p1a: Kingdra
|-boost|p1a: Kingdra|atk|1
|-boost|p1a: Kingdra|spe|1
|
|turn|3
|
|switch|p1a: Nidoqueen|Nidoqueen, F|345\/345
|move|p2a: Cresselia|Thunder Wave|p1a: Nidoqueen
|-immune|p1a: Nidoqueen|[msg]
|
|turn|4
|c|âuunubnub|nice
|
|switch|p2a: Blastoise|Blastoise-Mega, M|362\/362
|move|p1a: Nidoqueen|Sludge Wave|p2a: Blastoise
|-damage|p2a: Blastoise|159\/362
|
|turn|5
|
|move|p1a: Nidoqueen|Sludge Wave|p2a: Blastoise
|-damage|p2a: Blastoise|0 fnt
|faint|p2a: Blastoise
|
|
|switch|p2a: Machamp|Machamp, F|321\/321
|turn|6
|
|move|p1a: Nidoqueen|Sludge Wave|p2a: Machamp
|-damage|p2a: Machamp|56\/321
|move|p2a: Machamp|Ice Punch|p1a: Nidoqueen
|-supereffective|p1a: Nidoqueen
|-damage|p1a: Nidoqueen|0 fnt
|faint|p1a: Nidoqueen
|
|
|switch|p1a: Honchkrow|Honchkrow, M|341\/341
|turn|7
|
|switch|p2a: Cresselia|Cresselia, F|444\/444
|move|p1a: Honchkrow|Brave Bird|p2a: Cresselia
|-damage|p2a: Cresselia|271\/444
|-damage|p1a: Honchkrow|284\/341|[from] recoil|[of] p2a: Cresselia
|-damage|p1a: Honchkrow|250\/341|[from] item: Life Orb
|
|-heal|p2a: Cresselia|298\/444|[from] item: Leftovers
|turn|8
|
|move|p1a: Honchkrow|Brave Bird|p2a: Cresselia
|-damage|p2a: Cresselia|103\/444
|-damage|p1a: Honchkrow|186\/341|[from] recoil|[of] p2a: Cresselia
|-damage|p1a: Honchkrow|152\/341|[from] item: Life Orb
|move|p2a: Cresselia|Thunder Wave|p1a: Honchkrow
|-status|p1a: Honchkrow|par
|
|-heal|p2a: Cresselia|130\/444|[from] item: Leftovers
|turn|9
|
|move|p2a: Cresselia|Moonlight|p2a: Cresselia
|-heal|p2a: Cresselia|352\/444
|cant|p1a: Honchkrow|par
|
|-heal|p2a: Cresselia|379\/444|[from] item: Leftovers
|turn|10
|
|move|p2a: Cresselia|Moonblast|p1a: Honchkrow
|-supereffective|p1a: Honchkrow
|-damage|p1a: Honchkrow|0 fnt
|faint|p1a: Honchkrow
|
|-heal|p2a: Cresselia|406\/444|[from] item: Leftovers
|
|switch|p1a: Kingdra|Kingdra, F|253\/301
|turn|11
|
|move|p1a: Kingdra|Dragon Dance|p1a: Kingdra
|-boost|p1a: Kingdra|atk|1
|-boost|p1a: Kingdra|spe|1
|move|p2a: Cresselia|Thunder Wave|p1a: Kingdra
|-status|p1a: Kingdra|par
|-enditem|p1a: Kingdra|Lum Berry|[eat]
|-curestatus|p1a: Kingdra|par
|
|-heal|p2a: Cresselia|433\/444|[from] item: Leftovers
|turn|12
|
|move|p1a: Kingdra|Substitute|p1a: Kingdra
|-start|p1a: Kingdra|Substitute
|-damage|p1a: Kingdra|178\/301
|move|p2a: Cresselia|Thunder Wave|p1a: Kingdra
|
|-heal|p2a: Cresselia|444\/444|[from] item: Leftovers
|turn|13
|
|move|p1a: Kingdra|Dragon Dance|p1a: Kingdra
|-boost|p1a: Kingdra|atk|1
|-boost|p1a: Kingdra|spe|1
|move|p2a: Cresselia|Moonblast|p1a: Kingdra
|-crit|p1a: Kingdra
|-supereffective|p1a: Kingdra
|-end|p1a: Kingdra|Substitute
|
|turn|14
|
|move|p1a: Kingdra|Outrage|p2a: Cresselia
|-damage|p2a: Cresselia|219\/444
|move|p2a: Cresselia|Moonblast|p1a: Kingdra
|-supereffective|p1a: Kingdra
|-damage|p1a: Kingdra|64\/301
|
|-heal|p2a: Cresselia|246\/444|[from] item: Leftovers
|turn|15
|
|move|p1a: Kingdra|Outrage|p2a: Cresselia
|-damage|p2a: Cresselia|45\/444
|move|p2a: Cresselia|Moonlight|p2a: Cresselia
|-heal|p2a: Cresselia|267\/444
|
|-end|p1a: Kingdra|rampage
|-start|p1a: Kingdra|confusion
|-heal|p2a: Cresselia|294\/444|[from] item: Leftovers
|turn|16
|
|-activate|p1a: Kingdra|confusion
|move|p1a: Kingdra|Waterfall|p2a: Cresselia
|-damage|p2a: Cresselia|144\/444
|move|p2a: Cresselia|Moonblast|p1a: Kingdra
|-supereffective|p1a: Kingdra
|-damage|p1a: Kingdra|0 fnt
|faint|p1a: Kingdra
|
|-heal|p2a: Cresselia|171\/444|[from] item: Leftovers
|
|switch|p1a: Cobalion|Cobalion|323\/323
|turn|17
|
|move|p1a: Cobalion|Swords Dance|p1a: Cobalion
|-boost|p1a: Cobalion|atk|2
|move|p2a: Cresselia|Thunder Wave|p1a: Cobalion
|-status|p1a: Cobalion|par
|-enditem|p1a: Cobalion|Lum Berry|[eat]
|-curestatus|p1a: Cobalion|par
|
|-heal|p2a: Cresselia|198\/444|[from] item: Leftovers
|turn|18
|
|move|p1a: Cobalion|Iron Head|p2a: Cresselia
|-damage|p2a: Cresselia|54\/444
|cant|p2a: Cresselia|flinch
|
|-heal|p2a: Cresselia|81\/444|[from] item: Leftovers
|turn|19
|join|Fire Lord Mako
|
|move|p1a: Cobalion|Iron Head|p2a: Cresselia
|-damage|p2a: Cresselia|0 fnt
|faint|p2a: Cresselia
|
|
|switch|p2a: Arcanine|Arcanine, M|383\/383
|-ability|p2a: Arcanine|Intimidate|[of] p1a: Cobalion
|-unboost|p1a: Cobalion|atk|1
|turn|20
|
|move|p1a: Cobalion|Stone Edge|p2a: Arcanine
|-supereffective|p2a: Arcanine
|-damage|p2a: Arcanine|33\/383
|move|p2a: Arcanine|Flare Blitz|p1a: Cobalion
|-supereffective|p1a: Cobalion
|-damage|p1a: Cobalion|0 fnt
|-damage|p2a: Arcanine|0 fnt|[from] recoil|[of] p1a: Cobalion
|faint|p1a: Cobalion
|faint|p2a: Arcanine
|
|
|switch|p1a: Aerodactyl|Aerodactyl, F|301\/301
|switch|p2a: Machamp|Machamp, F|56\/321
|turn|21
|
|detailschange|p1a: Aerodactyl|Aerodactyl-Mega, F
|-mega|p1a: Aerodactyl|Aerodactyl|Aerodactylite
|move|p2a: Machamp|Bullet Punch|p1a: Aerodactyl
|-crit|p1a: Aerodactyl
|-supereffective|p1a: Aerodactyl
|-damage|p1a: Aerodactyl|11\/301
|move|p1a: Aerodactyl|Aerial Ace|p2a: Machamp
|-supereffective|p2a: Machamp
|-damage|p2a: Machamp|0 fnt
|faint|p2a: Machamp
|
|
|switch|p2a: Snorlax|Snorlax, F|461\/461
|turn|22
|
|move|p1a: Aerodactyl|Stone Edge|p2a: Snorlax
|-crit|p2a: Snorlax
|-damage|p2a: Snorlax|194\/461
|move|p2a: Snorlax|Body Slam|p1a: Aerodactyl
|-resisted|p1a: Aerodactyl
|-damage|p1a: Aerodactyl|0 fnt
|faint|p1a: Aerodactyl
|
|
|switch|p1a: Slurpuff|Slurpuff, F|316\/316
|turn|23
|
|move|p1a: Slurpuff|Belly Drum|p1a: Slurpuff
|-damage|p1a: Slurpuff|158\/316
|-setboost|p1a: Slurpuff|atk|6|[from] move: Belly Drum
|-enditem|p1a: Slurpuff|Sitrus Berry|[eat]
|-heal|p1a: Slurpuff|237\/316|[from] item: Sitrus Berry
|move|p2a: Snorlax|Body Slam|p1a: Slurpuff
|-damage|p1a: Slurpuff|89\/316
|-status|p1a: Slurpuff|par
|
|turn|24
|c|âuunubnub|gg
|
|move|p1a: Slurpuff|Drain Punch|p2a: Snorlax
|-supereffective|p2a: Snorlax
|-damage|p2a: Snorlax|0 fnt
|-heal|p1a: Slurpuff|186\/316 par|[from] drain|[of] p2a: Snorlax
|faint|p2a: Snorlax
|
|
|switch|p2a: Nidoqueen|Nidoqueen, F|351\/351
|turn|25
|
|move|p2a: Nidoqueen|Sludge Wave|p1a: Slurpuff
|-supereffective|p1a: Slurpuff
|-damage|p1a: Slurpuff|0 fnt
|faint|p1a: Slurpuff
|
|win|uunubnub
|raw|Ladder updating...
|raw|ult lowgock's rating: 1664 &rarr; <strong>1637<\/strong><br \/>(-27 for losing)
|raw|uunubnub's rating: 1552 &rarr; <strong>1579<\/strong><br \/>(+27 for winning)
|leave|ult lowgock