|join|Sarcastrophe
|join|ebip
|player|p1|Sarcastrophe|101
|player|p2|ebip|279
|gametype|singles
|gen|6
|tier|UU
|rated
|rule|Sleep Clause Mod: Limit one foe put to sleep
|rule|Species Clause: Limit one of each PokÃ©mon
|rule|OHKO Clause: OHKO moves are banned
|rule|Moody Clause: Moody is banned
|rule|Evasion Moves Clause: Evasion moves are banned
|rule|Endless Battle Clause: Forcing endless battles is banned
|rule|HP Percentage Mod: HP is shown in percentages
|clearpoke
|poke|p1|Nidoking, M
|poke|p1|Milotic, M
|poke|p1|Aerodactyl, M
|poke|p1|Machamp, F
|poke|p1|Celebi
|poke|p1|Forretress, M
|poke|p2|Azelf
|poke|p2|Absol, M
|poke|p2|Shaymin
|poke|p2|Hydreigon, M
|poke|p2|Lucario, M
|poke|p2|Donphan, F
|rule|Swagger Clause: Swagger is banned
|rule|Baton Pass Clause: Limit one PokÃ©mon knowing Baton Pass
|teampreview
|
|start
|switch|p1a: Milotic|Milotic, M|394\/394
|switch|p2a: Azelf|Azelf|291\/291
|turn|1
|
|move|p2a: Azelf|Stealth Rock|p1a: Milotic
|-sidestart|p1: Sarcastrophe|move: Stealth Rock
|move|p1a: Milotic|Scald|p2a: Azelf
|-damage|p2a: Azelf|156\/291
|
|turn|2
|join|deedeednm
|
|move|p2a: Azelf|Fire Blast|p1a: Milotic
|-crit|p1a: Milotic
|-resisted|p1a: Milotic
|-damage|p1a: Milotic|327\/394
|move|p1a: Milotic|Scald|p2a: Azelf
|-damage|p2a: Azelf|39\/291
|-status|p2a: Azelf|brn
|
|-heal|p1a: Milotic|351\/394|[from] item: Leftovers
|-damage|p2a: Azelf|3\/291 brn|[from] brn
|turn|3
|
|move|p2a: Azelf|Explosion|p1a: Milotic
|-damage|p1a: Milotic|127\/394
|faint|p2a: Azelf
|move|p1a: Milotic|Recover|p1a: Milotic
|-heal|p1a: Milotic|324\/394
|
|-heal|p1a: Milotic|348\/394|[from] item: Leftovers
|
|switch|p2a: Shaymin|Shaymin|341\/341
|turn|4
|
|switch|p2a: Hydreigon|Hydreigon, M|325\/325
|switch|p1a: Forretress|Forretress, M|354\/354
|-damage|p1a: Forretress|310\/354|[from] Stealth Rock
|
|-heal|p1a: Forretress|332\/354|[from] item: Leftovers
|turn|5
|
|switch|p1a: Milotic|Milotic, M|348\/394
|-damage|p1a: Milotic|299\/394|[from] Stealth Rock
|move|p2a: Hydreigon|Fire Blast|p1a: Milotic
|-resisted|p1a: Milotic
|-damage|p1a: Milotic|247\/394
|
|-heal|p1a: Milotic|271\/394|[from] item: Leftovers
|turn|6
|
|switch|p1a: Forretress|Forretress, M|332\/354
|-damage|p1a: Forretress|288\/354|[from] Stealth Rock
|move|p2a: Hydreigon|Fire Blast|p1a: Forretress
|-supereffective|p1a: Forretress
|-damage|p1a: Forretress|0 fnt
|faint|p1a: Forretress
|
|
|switch|p1a: Milotic|Milotic, M|271\/394
|-damage|p1a: Milotic|222\/394|[from] Stealth Rock
|turn|7
|
|switch|p2a: Shaymin|Shaymin|341\/341
|move|p1a: Milotic|Recover|p1a: Milotic
|-heal|p1a: Milotic|394\/394
|
|turn|8
|
|switch|p1a: Celebi|Celebi|342\/342
|-damage|p1a: Celebi|300\/342|[from] Stealth Rock
|move|p2a: Shaymin|Seed Flare|p1a: Celebi|[miss]
|-miss|p2a: Shaymin|p1a: Celebi
|
|turn|9
|
|move|p1a: Celebi|Dazzling Gleam|p2a: Shaymin
|-damage|p2a: Shaymin|231\/341
|-damage|p1a: Celebi|266\/342|[from] item: Life Orb
|move|p2a: Shaymin|Air Slash|p1a: Celebi|[miss]
|-miss|p2a: Shaymin|p1a: Celebi
|
|turn|10
|
|move|p1a: Celebi|Nasty Plot|p1a: Celebi
|-boost|p1a: Celebi|spa|2
|move|p2a: Shaymin|Air Slash|p1a: Celebi
|-supereffective|p1a: Celebi
|-damage|p1a: Celebi|42\/342
|-damage|p2a: Shaymin|197\/341|[from] item: Life Orb
|
|turn|11
|
|switch|p2a: Hydreigon|Hydreigon, M|325\/325
|move|p1a: Celebi|Dazzling Gleam|p2a: Hydreigon
|-crit|p2a: Hydreigon
|-supereffective|p2a: Hydreigon
|-damage|p2a: Hydreigon|0 fnt
|-damage|p1a: Celebi|8\/342|[from] item: Life Orb
|faint|p2a: Hydreigon
|
|
|switch|p2a: Lucario|Lucario, M|281\/281
|turn|12
|
|move|p2a: Lucario|Extreme Speed|p1a: Celebi
|-damage|p1a: Celebi|0 fnt
|-damage|p2a: Lucario|253\/281|[from] item: Life Orb
|faint|p1a: Celebi
|
|
|switch|p1a: Aerodactyl|Aerodactyl, M|302\/302
|-damage|p1a: Aerodactyl|227\/302|[from] Stealth Rock
|-ability|p1a: Aerodactyl|Pressure
|turn|13
|
|switch|p2a: Donphan|Donphan, F|384\/384
|detailschange|p1a: Aerodactyl|Aerodactyl-Mega, M
|message|Aerodactyl has Mega Evolved into Mega Aerodactyl!
|move|p1a: Aerodactyl|Earthquake|p2a: Donphan
|-damage|p2a: Donphan|282\/384
|
|-heal|p2a: Donphan|306\/384|[from] item: Leftovers
|turn|14
|
|switch|p1a: Milotic|Milotic, M|394\/394
|-damage|p1a: Milotic|345\/394|[from] Stealth Rock
|move|p2a: Donphan|Earthquake|p1a: Milotic
|-damage|p1a: Milotic|197\/394
|
|-heal|p1a: Milotic|221\/394|[from] item: Leftovers
|-heal|p2a: Donphan|330\/384|[from] item: Leftovers
|turn|15
|
|switch|p2a: Shaymin|Shaymin|197\/341
|move|p1a: Milotic|Recover|p1a: Milotic
|-heal|p1a: Milotic|394\/394
|
|turn|16
|
|switch|p1a: Machamp|Machamp, F|384\/384
|-damage|p1a: Machamp|360\/384|[from] Stealth Rock
|move|p2a: Shaymin|Seed Flare|p1a: Machamp
|-damage|p1a: Machamp|86\/384
|-damage|p2a: Shaymin|163\/341|[from] item: Life Orb
|
|turn|17
|
|move|p1a: Machamp|Bullet Punch|p2a: Shaymin
|-damage|p2a: Shaymin|80\/341
|move|p2a: Shaymin|Earth Power|p1a: Machamp
|-damage|p1a: Machamp|0 fnt
|-damage|p2a: Shaymin|46\/341|[from] item: Life Orb
|faint|p1a: Machamp
|
|
|switch|p1a: Aerodactyl|Aerodactyl-Mega, M|227\/302
|-damage|p1a: Aerodactyl|152\/302|[from] Stealth Rock
|turn|18
|
|switch|p2a: Donphan|Donphan, F|330\/384
|move|p1a: Aerodactyl|Aerial Ace|p2a: Donphan
|-damage|p2a: Donphan|213\/384
|
|-heal|p2a: Donphan|237\/384|[from] item: Leftovers
|turn|19
|
|move|p1a: Aerodactyl|Aerial Ace|p2a: Donphan
|-crit|p2a: Donphan
|-damage|p2a: Donphan|33\/384
|move|p2a: Donphan|Knock Off|p1a: Aerodactyl
|-damage|p1a: Aerodactyl|64\/302
|
|-heal|p2a: Donphan|57\/384|[from] item: Leftovers
|turn|20
|
|move|p2a: Donphan|Ice Shard|p1a: Aerodactyl
|-supereffective|p1a: Aerodactyl
|-damage|p1a: Aerodactyl|0 fnt
|faint|p1a: Aerodactyl
|
|-heal|p2a: Donphan|81\/384|[from] item: Leftovers
|
|switch|p1a: Milotic|Milotic, M|394\/394
|-damage|p1a: Milotic|345\/394|[from] Stealth Rock
|turn|21
|
|move|p1a: Milotic|Scald|p2a: Donphan
|-supereffective|p2a: Donphan
|-damage|p2a: Donphan|0 fnt
|faint|p2a: Donphan
|
|-heal|p1a: Milotic|369\/394|[from] item: Leftovers
|
|switch|p2a: Shaymin|Shaymin|46\/341
|turn|22
|leave|deedeednm
|
|switch|p1a: Nidoking|Nidoking, M|304\/304
|-damage|p1a: Nidoking|285\/304|[from] Stealth Rock
|move|p2a: Shaymin|Seed Flare|p1a: Nidoking
|-damage|p1a: Nidoking|0 fnt
|-damage|p2a: Shaymin|12\/341|[from] item: Life Orb
|faint|p1a: Nidoking
|
|
|switch|p1a: Milotic|Milotic, M|369\/394
|-damage|p1a: Milotic|320\/394|[from] Stealth Rock
|turn|23
|
|move|p2a: Shaymin|Rest|p2a: Shaymin
|-status|p2a: Shaymin|slp
|-heal|p2a: Shaymin|341\/341 slp|[silent]
|-status|p2a: Shaymin|slp|[from] move: Rest
|move|p1a: Milotic|Scald|p2a: Shaymin
|-resisted|p2a: Shaymin
|-damage|p2a: Shaymin|291\/341 slp
|
|-heal|p1a: Milotic|344\/394|[from] item: Leftovers
|turn|24
|
|switch|p2a: Lucario|Lucario, M|253\/281
|move|p1a: Milotic|Scald|p2a: Lucario
|-damage|p2a: Lucario|136\/281
|
|-heal|p1a: Milotic|368\/394|[from] item: Leftovers
|turn|25
|
|move|p2a: Lucario|Close Combat|p1a: Milotic
|-damage|p1a: Milotic|142\/394
|-unboost|p2a: Lucario|def|1
|-unboost|p2a: Lucario|spd|1
|-damage|p2a: Lucario|108\/281|[from] item: Life Orb
|move|p1a: Milotic|Scald|p2a: Lucario
|-damage|p2a: Lucario|0 fnt
|faint|p2a: Lucario
|
|-heal|p1a: Milotic|166\/394|[from] item: Leftovers
|
|switch|p2a: Shaymin|Shaymin|291\/341
|turn|26
|
|move|p2a: Shaymin|Seed Flare|p1a: Milotic
|-supereffective|p1a: Milotic
|-damage|p1a: Milotic|0 fnt
|-damage|p2a: Shaymin|257\/341|[from] item: Life Orb
|faint|p1a: Milotic
|
|win|ebip
|raw|Ladder updating...
|c|âSarcastrophe|gg
|c|âebip|gg
|leave|Sarcastrophe
|player|p1