|join|Sexy.Sadie
|join|Sarcastrophe
|player|p1|Sexy.Sadie|66
|player|p2|Sarcastrophe|101
|gametype|singles
|gen|6
|tier|UU
|rated
|rule|Sleep Clause Mod: Limit one foe put to sleep
|rule|Species Clause: Limit one of each PokÃ©mon
|rule|OHKO Clause: OHKO moves are banned
|rule|Moody Clause: Moody is banned
|rule|Evasion Moves Clause: Evasion moves are banned
|rule|Endless Battle Clause: Forcing endless battles is banned
|rule|HP Percentage Mod: HP is shown in percentages
|clearpoke
|poke|p1|Jirachi
|poke|p1|Tentacruel, F
|poke|p1|Hydreigon, M
|poke|p1|Dugtrio, M
|poke|p1|Whimsicott, F
|poke|p1|Chandelure, F
|poke|p2|Nidoking, M
|poke|p2|Milotic, M
|poke|p2|Aerodactyl, M
|poke|p2|Darmanitan, M
|poke|p2|Celebi
|poke|p2|Forretress, M
|rule|Swagger Clause: Swagger is banned
|rule|Baton Pass Clause: Limit one PokÃ©mon knowing Baton Pass
|teampreview
|
|start
|switch|p1a: Tentacruel|Tentacruel, F|361\/361
|switch|p2a: Forretress|Forretress, M|354\/354
|turn|1
|
|move|p1a: Tentacruel|Scald|p2a: Forretress
|-damage|p2a: Forretress|245\/354
|move|p2a: Forretress|Volt Switch|p1a: Tentacruel
|-supereffective|p1a: Tentacruel
|-damage|p1a: Tentacruel|301\/361
|
|switch|p2a: Nidoking|Nidoking, M|304\/304
|
|-heal|p1a: Tentacruel|323\/361|[from] item: Black Sludge
|turn|2
|
|switch|p1a: Hydreigon|Hydreigon, M|325\/325
|move|p2a: Nidoking|Earth Power|p1a: Hydreigon
|-immune|p1a: Hydreigon|[msg]
|
|turn|3
|
|switch|p2a: Milotic|Milotic, M|394\/394
|move|p1a: Hydreigon|Dark Pulse|p2a: Milotic
|-damage|p2a: Milotic|286\/394
|
|-heal|p2a: Milotic|310\/394|[from] item: Leftovers
|turn|4
|
|switch|p1a: Tentacruel|Tentacruel, F|323\/361
|move|p2a: Milotic|Scald|p1a: Tentacruel
|-resisted|p1a: Tentacruel
|-damage|p1a: Tentacruel|284\/361
|
|-heal|p1a: Tentacruel|306\/361|[from] item: Black Sludge
|-heal|p2a: Milotic|334\/394|[from] item: Leftovers
|turn|5
|
|switch|p2a: Celebi|Celebi|342\/342
|move|p1a: Tentacruel|Knock Off|p2a: Celebi
|-supereffective|p2a: Celebi
|-damage|p2a: Celebi|238\/342
|-enditem|p2a: Celebi|Life Orb|[from] move: Knock Off|[of] p1a: Tentacruel
|
|-heal|p1a: Tentacruel|328\/361|[from] item: Black Sludge
|turn|6
|
|switch|p1a: Hydreigon|Hydreigon, M|325\/325
|move|p2a: Celebi|Dazzling Gleam|p1a: Hydreigon
|-supereffective|p1a: Hydreigon
|-damage|p1a: Hydreigon|0 fnt
|faint|p1a: Hydreigon
|
|
|switch|p1a: Jirachi|Jirachi|371\/371
|turn|7
|
|switch|p2a: Darmanitan|Darmanitan, M|351\/351
|move|p1a: Jirachi|Stealth Rock|p2a: Darmanitan
|-sidestart|p2: Sarcastrophe|move: Stealth Rock
|
|turn|8
|
|move|p2a: Darmanitan|U-turn|p1a: Jirachi
|-damage|p1a: Jirachi|246\/371
|
|switch|p2a: Forretress|Forretress, M|245\/354
|-damage|p2a: Forretress|201\/354|[from] Stealth Rock
|move|p1a: Jirachi|U-turn|p2a: Forretress
|-resisted|p2a: Forretress
|-damage|p2a: Forretress|182\/354
|
|switch|p1a: Chandelure|Chandelure, F|289\/289
|
|-heal|p2a: Forretress|204\/354|[from] item: Leftovers
|turn|9
|
|switch|p2a: Milotic|Milotic, M|334\/394
|-damage|p2a: Milotic|285\/394|[from] Stealth Rock
|move|p1a: Chandelure|Substitute|p1a: Chandelure
|-start|p1a: Chandelure|Substitute
|-damage|p1a: Chandelure|217\/289
|
|-heal|p1a: Chandelure|235\/289|[from] item: Leftovers
|-heal|p2a: Milotic|309\/394|[from] item: Leftovers
|turn|10
|
|move|p1a: Chandelure|Calm Mind|p1a: Chandelure
|-boost|p1a: Chandelure|spa|1
|-boost|p1a: Chandelure|spd|1
|move|p2a: Milotic|Scald|p1a: Chandelure
|-supereffective|p1a: Chandelure
|-end|p1a: Chandelure|Substitute
|
|-heal|p1a: Chandelure|253\/289|[from] item: Leftovers
|-heal|p2a: Milotic|333\/394|[from] item: Leftovers
|turn|11
|
|move|p1a: Chandelure|Shadow Ball|p2a: Milotic
|-damage|p2a: Milotic|171\/394
|move|p2a: Milotic|Scald|p1a: Chandelure
|-supereffective|p1a: Chandelure
|-damage|p1a: Chandelure|119\/289
|
|-heal|p1a: Chandelure|137\/289|[from] item: Leftovers
|-heal|p2a: Milotic|195\/394|[from] item: Leftovers
|turn|12
|
|move|p1a: Chandelure|Calm Mind|p1a: Chandelure
|-boost|p1a: Chandelure|spa|1
|-boost|p1a: Chandelure|spd|1
|move|p2a: Milotic|Recover|p2a: Milotic
|-heal|p2a: Milotic|392\/394
|
|-heal|p1a: Chandelure|155\/289|[from] item: Leftovers
|-heal|p2a: Milotic|394\/394|[from] item: Leftovers
|turn|13
|
|move|p1a: Chandelure|Shadow Ball|p2a: Milotic
|-damage|p2a: Milotic|156\/394
|-unboost|p2a: Milotic|spd|1
|move|p2a: Milotic|Scald|p1a: Chandelure
|-supereffective|p1a: Chandelure
|-damage|p1a: Chandelure|51\/289
|
|-heal|p1a: Chandelure|69\/289|[from] item: Leftovers
|-heal|p2a: Milotic|180\/394|[from] item: Leftovers
|turn|14
|
|switch|p2a: Celebi|Celebi|238\/342
|-damage|p2a: Celebi|196\/342|[from] Stealth Rock
|move|p1a: Chandelure|Shadow Ball|p2a: Celebi
|-supereffective|p2a: Celebi
|-damage|p2a: Celebi|0 fnt
|faint|p2a: Celebi
|
|-heal|p1a: Chandelure|87\/289|[from] item: Leftovers
|
|switch|p2a: Aerodactyl|Aerodactyl, M|302\/302
|-damage|p2a: Aerodactyl|227\/302|[from] Stealth Rock
|-ability|p2a: Aerodactyl|Pressure
|turn|15
|
|detailschange|p2a: Aerodactyl|Aerodactyl-Mega, M
|message|Aerodactyl has Mega Evolved into Mega Aerodactyl!
|move|p2a: Aerodactyl|Crunch|p1a: Chandelure
|-supereffective|p1a: Chandelure
|-damage|p1a: Chandelure|0 fnt
|faint|p1a: Chandelure
|
|
|switch|p1a: Tentacruel|Tentacruel, F|328\/361
|turn|16
|
|move|p2a: Aerodactyl|Earthquake|p1a: Tentacruel
|-supereffective|p1a: Tentacruel
|-damage|p1a: Tentacruel|100\/361
|move|p1a: Tentacruel|Scald|p2a: Aerodactyl
|-supereffective|p2a: Aerodactyl
|-damage|p2a: Aerodactyl|63\/302
|
|-heal|p1a: Tentacruel|122\/361|[from] item: Black Sludge
|turn|17
|
|move|p2a: Aerodactyl|Earthquake|p1a: Tentacruel
|-supereffective|p1a: Tentacruel
|-damage|p1a: Tentacruel|0 fnt
|faint|p1a: Tentacruel
|
|
|switch|p1a: Whimsicott|Whimsicott, F|262\/262
|turn|18
|
|move|p2a: Aerodactyl|Aerial Ace|p1a: Whimsicott
|-supereffective|p1a: Whimsicott
|-damage|p1a: Whimsicott|0 fnt
|faint|p1a: Whimsicott
|
|
|switch|p1a: Jirachi|Jirachi|246\/371
|turn|19
|
|move|p2a: Aerodactyl|Crunch|p1a: Jirachi
|-supereffective|p1a: Jirachi
|-damage|p1a: Jirachi|2\/371
|move|p1a: Jirachi|Iron Head|p2a: Aerodactyl
|-supereffective|p2a: Aerodactyl
|-damage|p2a: Aerodactyl|0 fnt
|faint|p2a: Aerodactyl
|
|-heal|p1a: Jirachi|25\/371|[from] item: Leftovers
|
|switch|p2a: Forretress|Forretress, M|204\/354
|-damage|p2a: Forretress|160\/354|[from] Stealth Rock
|turn|20
|
|move|p1a: Jirachi|Fire Punch|p2a: Forretress
|-supereffective|p2a: Forretress
|-damage|p2a: Forretress|0 fnt
|faint|p2a: Forretress
|
|-heal|p1a: Jirachi|48\/371|[from] item: Leftovers
|
|switch|p2a: Darmanitan|Darmanitan, M|351\/351
|-damage|p2a: Darmanitan|264\/351|[from] Stealth Rock
|turn|21
|
|move|p2a: Darmanitan|Flare Blitz|p1a: Jirachi
|-supereffective|p1a: Jirachi
|-damage|p1a: Jirachi|0 fnt
|-damage|p2a: Darmanitan|248\/351|[from] recoil|[of] p1a: Jirachi
|faint|p1a: Jirachi
|
|
|switch|p1a: Dugtrio|Dugtrio, M|211\/211
|turn|22
|c|âSexy.Sadie|gg
|
|move|p1a: Dugtrio|Earthquake|p2a: Darmanitan
|-supereffective|p2a: Darmanitan
|-damage|p2a: Darmanitan|0 fnt
|faint|p2a: Darmanitan
|
|
|switch|p2a: Milotic|Milotic, M|180\/394
|-damage|p2a: Milotic|131\/394|[from] Stealth Rock
|turn|23
|
|move|p1a: Dugtrio|Earthquake|p2a: Milotic
|-damage|p2a: Milotic|0 fnt
|faint|p2a: Milotic
|
|c|âSarcastrophe|gg
|
|switch|p2a: Nidoking|Nidoking, M|304\/304
|-damage|p2a: Nidoking|285\/304|[from] Stealth Rock
|turn|24
|
|move|p1a: Dugtrio|Earthquake|p2a: Nidoking
|-supereffective|p2a: Nidoking
|-damage|p2a: Nidoking|0 fnt
|faint|p2a: Nidoking
|
|win|Sexy.Sadie
|raw|Ladder updating...
|raw|Sexy.Sadie's rating: 1728 &rarr; <strong>1735<\/strong><br \/>(+7 for winning)
|raw|Sarcastrophe's rating: 1476 &rarr; <strong>1468<\/strong><br \/>(-8 for losing)