|join|Infra Sceptile
|join|Sarcastrophe
|player|p1|Infra Sceptile|80
|player|p2|Sarcastrophe|101
|gametype|singles
|gen|6
|tier|UU
|rated
|rule|Sleep Clause Mod: Limit one foe put to sleep
|rule|Species Clause: Limit one of each PokÃ©mon
|rule|OHKO Clause: OHKO moves are banned
|rule|Moody Clause: Moody is banned
|rule|Evasion Moves Clause: Evasion moves are banned
|rule|Endless Battle Clause: Forcing endless battles is banned
|rule|HP Percentage Mod: HP is shown in percentages
|clearpoke
|poke|p1|Noivern, M, shiny
|poke|p1|Roserade, F
|poke|p1|Starmie
|poke|p1|Metagross, shiny
|poke|p1|Infernape, M
|poke|p1|Krookodile, M
|poke|p2|Nidoking, M
|poke|p2|Milotic, M
|poke|p2|Aerodactyl, M
|poke|p2|Darmanitan, M
|poke|p2|Chesnaught, F
|poke|p2|Starmie
|rule|Swagger Clause: Swagger is banned
|rule|Baton Pass Clause: Limit one PokÃ©mon knowing Baton Pass
|teampreview
|
|start
|switch|p1a: Metagross|Metagross, shiny|364\/364
|switch|p2a: Starmie|Starmie|261\/261
|turn|1
|
|switch|p2a: Milotic|Milotic, M|394\/394
|switch|p1a: Roserade|Roserade, F|261\/261
|
|turn|2
|
|switch|p2a: Chesnaught|Chesnaught, F|380\/380
|move|p1a: Roserade|Spikes|p2a: Chesnaught
|-sidestart|p2: Sarcastrophe|Spikes
|
|turn|3
|
|move|p1a: Roserade|Dazzling Gleam|p2a: Chesnaught
|-supereffective|p2a: Chesnaught
|-damage|p2a: Chesnaught|130\/380
|move|p2a: Chesnaught|Spikes|p1a: Roserade
|-sidestart|p1: Infra Sceptile|Spikes
|
|-heal|p2a: Chesnaught|153\/380|[from] item: Leftovers
|turn|4
|
|switch|p2a: Darmanitan|Darmanitan, M|351\/351
|-damage|p2a: Darmanitan|308\/351|[from] Spikes
|move|p1a: Roserade|Spikes|p2a: Darmanitan
|-sidestart|p2: Sarcastrophe|Spikes
|
|turn|5
|
|switch|p1a: Krookodile|Krookodile, M|393\/393
|-damage|p1a: Krookodile|344\/393|[from] Spikes
|-ability|p1a: Krookodile|Intimidate|[of] p2a: Darmanitan
|-unboost|p2a: Darmanitan|atk|1
|move|p2a: Darmanitan|U-turn|p1a: Krookodile
|-supereffective|p1a: Krookodile
|-damage|p1a: Krookodile|178\/393
|
|switch|p2a: Starmie|Starmie|261\/261
|-damage|p2a: Starmie|218\/261|[from] Spikes
|
|-heal|p1a: Krookodile|202\/393|[from] item: Leftovers
|turn|6
|
|move|p2a: Starmie|Rapid Spin|p1a: Krookodile
|-damage|p1a: Krookodile|192\/393
|-sideend|p2: Sarcastrophe|Spikes|[from] move: Rapid Spin|[of] p2a: Starmie
|move|p1a: Krookodile|Knock Off|p2a: Starmie
|-supereffective|p2a: Starmie
|-damage|p2a: Starmie|0 fnt
|-enditem|p2a: Starmie|Choice Scarf|[from] move: Knock Off|[of] p1a: Krookodile
|faint|p2a: Starmie
|
|-heal|p1a: Krookodile|216\/393|[from] item: Leftovers
|
|switch|p2a: Nidoking|Nidoking, M|304\/304
|turn|7
|
|switch|p1a: Metagross|Metagross, shiny|364\/364
|-damage|p1a: Metagross|319\/364|[from] Spikes
|move|p2a: Nidoking|Ice Beam|p1a: Metagross
|-resisted|p1a: Metagross
|-damage|p1a: Metagross|245\/364
|
|turn|8
|
|switch|p1a: Noivern|Noivern, M, shiny|311\/311
|move|p2a: Nidoking|Earth Power|p1a: Noivern
|-immune|p1a: Noivern|[msg]
|
|turn|9
|
|switch|p2a: Milotic|Milotic, M|394\/394
|move|p1a: Noivern|Draco Meteor|p2a: Milotic
|-damage|p2a: Milotic|204\/394
|-unboost|p1a: Noivern|spa|2
|
|-heal|p2a: Milotic|228\/394|[from] item: Leftovers
|turn|10
|
|switch|p1a: Roserade|Roserade, F|261\/261
|-damage|p1a: Roserade|229\/261|[from] Spikes
|switch|p2a: Nidoking|Nidoking, M|304\/304
|
|turn|11
|
|move|p1a: Roserade|Spikes|p2a: Nidoking
|-sidestart|p2: Sarcastrophe|Spikes
|move|p2a: Nidoking|Ice Beam|p1a: Roserade
|-supereffective|p1a: Roserade
|-damage|p1a: Roserade|0 fnt
|faint|p1a: Roserade
|
|
|switch|p1a: Starmie|Starmie|261\/261
|-damage|p1a: Starmie|229\/261|[from] Spikes
|turn|12
|
|move|p1a: Starmie|Psyshock|p2a: Nidoking
|-supereffective|p2a: Nidoking
|-damage|p2a: Nidoking|0 fnt
|-damage|p1a: Starmie|203\/261|[from] item: Life Orb
|faint|p2a: Nidoking
|
|
|switch|p2a: Aerodactyl|Aerodactyl, M|302\/302
|-ability|p2a: Aerodactyl|Pressure
|turn|13
|
|switch|p1a: Krookodile|Krookodile, M|216\/393
|-damage|p1a: Krookodile|167\/393|[from] Spikes
|-ability|p1a: Krookodile|Intimidate|[of] p2a: Aerodactyl
|-unboost|p2a: Aerodactyl|atk|1
|detailschange|p2a: Aerodactyl|Aerodactyl-Mega, M
|message|Aerodactyl has Mega Evolved into Mega Aerodactyl!
|move|p2a: Aerodactyl|Crunch|p1a: Krookodile
|-resisted|p1a: Krookodile
|-damage|p1a: Krookodile|133\/393
|
|-heal|p1a: Krookodile|157\/393|[from] item: Leftovers
|turn|14
|
|switch|p2a: Milotic|Milotic, M|228\/394
|-damage|p2a: Milotic|179\/394|[from] Spikes
|move|p1a: Krookodile|Stealth Rock|p2a: Milotic
|-sidestart|p2: Sarcastrophe|move: Stealth Rock
|
|-heal|p1a: Krookodile|181\/393|[from] item: Leftovers
|-heal|p2a: Milotic|203\/394|[from] item: Leftovers
|turn|15
|
|move|p1a: Krookodile|Taunt|p2a: Milotic
|-start|p2a: Milotic|move: Taunt
|cant|p2a: Milotic|move: Taunt|Recover
|
|-heal|p1a: Krookodile|205\/393|[from] item: Leftovers
|-heal|p2a: Milotic|227\/394|[from] item: Leftovers
|turn|16
|
|move|p1a: Krookodile|Knock Off|p2a: Milotic
|-damage|p2a: Milotic|55\/394
|-enditem|p2a: Milotic|Leftovers|[from] move: Knock Off|[of] p1a: Krookodile
|move|p2a: Milotic|Scald|p1a: Krookodile
|-supereffective|p1a: Krookodile
|-damage|p1a: Krookodile|0 fnt
|faint|p1a: Krookodile
|
|
|switch|p1a: Starmie|Starmie|203\/261
|-damage|p1a: Starmie|171\/261|[from] Spikes
|turn|17
|
|move|p1a: Starmie|Rapid Spin|p2a: Milotic
|-damage|p2a: Milotic|39\/394
|-sideend|p1: Infra Sceptile|Spikes|[from] move: Rapid Spin|[of] p1a: Starmie
|-damage|p1a: Starmie|145\/261|[from] item: Life Orb
|move|p2a: Milotic|Scald|p1a: Starmie
|-resisted|p1a: Starmie
|-damage|p1a: Starmie|87\/261
|
|-end|p2a: Milotic|move: Taunt
|turn|18
|
|move|p1a: Starmie|Psyshock|p2a: Milotic
|-crit|p2a: Milotic
|-damage|p2a: Milotic|0 fnt
|-damage|p1a: Starmie|61\/261|[from] item: Life Orb
|faint|p2a: Milotic
|
|
|switch|p2a: Aerodactyl|Aerodactyl-Mega, M|302\/302
|-damage|p2a: Aerodactyl|227\/302|[from] Stealth Rock
|turn|19
|
|move|p2a: Aerodactyl|Crunch|p1a: Starmie
|-supereffective|p1a: Starmie
|-damage|p1a: Starmie|0 fnt
|faint|p1a: Starmie
|
|
|switch|p1a: Metagross|Metagross, shiny|245\/364
|turn|20
|
|switch|p2a: Chesnaught|Chesnaught, F|153\/380
|-damage|p2a: Chesnaught|106\/380|[from] Spikes
|-damage|p2a: Chesnaught|83\/380|[from] Stealth Rock
|move|p1a: Metagross|Bullet Punch|p2a: Chesnaught
|-crit|p2a: Chesnaught
|-damage|p2a: Chesnaught|0 fnt
|faint|p2a: Chesnaught
|
|
|switch|p2a: Darmanitan|Darmanitan, M|308\/351
|-damage|p2a: Darmanitan|221\/351|[from] Stealth Rock
|-damage|p2a: Darmanitan|178\/351|[from] Spikes
|turn|21
|
|switch|p1a: Noivern|Noivern, M, shiny|311\/311
|move|p2a: Darmanitan|U-turn|p1a: Noivern
|-resisted|p1a: Noivern
|-damage|p1a: Noivern|229\/311
|
|switch|p2a: Aerodactyl|Aerodactyl-Mega, M|227\/302
|-damage|p2a: Aerodactyl|152\/302|[from] Stealth Rock
|
|turn|22
|
|switch|p1a: Metagross|Metagross, shiny|245\/364
|move|p2a: Aerodactyl|Aerial Ace|p1a: Metagross
|-resisted|p1a: Metagross
|-damage|p1a: Metagross|188\/364
|
|turn|23
|
|move|p1a: Metagross|Bullet Punch|p2a: Aerodactyl
|-supereffective|p2a: Aerodactyl
|-damage|p2a: Aerodactyl|0 fnt
|faint|p2a: Aerodactyl
|
|
|switch|p2a: Darmanitan|Darmanitan, M|178\/351
|-damage|p2a: Darmanitan|135\/351|[from] Spikes
|-damage|p2a: Darmanitan|48\/351|[from] Stealth Rock
|turn|24
|
|move|p1a: Metagross|Bullet Punch|p2a: Darmanitan
|-resisted|p2a: Darmanitan
|-damage|p2a: Darmanitan|0 fnt
|faint|p2a: Darmanitan
|
|win|Infra Sceptile
|raw|Ladder updating...
|raw|Infra Sceptile's rating: 1426 &rarr; <strong>1450<\/strong><br \/>(+24 for winning)
|raw|Sarcastrophe's rating: 1489 &rarr; <strong>1465<\/strong><br \/>(-24 for losing)
|c|âSarcastrophe|gg
|c|âInfra Sceptile|gg
|leave|Sarcastrophe
|player|p2