|join|fssong
|join|Sarcastrophe
|player|p1|fssong|2
|player|p2|Sarcastrophe|101
|gametype|singles
|gen|6
|tier|UU
|rated
|rule|Sleep Clause Mod: Limit one foe put to sleep
|rule|Species Clause: Limit one of each PokÃ©mon
|rule|OHKO Clause: OHKO moves are banned
|rule|Moody Clause: Moody is banned
|rule|Evasion Moves Clause: Evasion moves are banned
|rule|Endless Battle Clause: Forcing endless battles is banned
|rule|HP Percentage Mod: HP is shown in percentages
|clearpoke
|poke|p1|Froslass, F
|poke|p1|Scrafty, F
|poke|p1|Jirachi
|poke|p1|Gligar, M
|poke|p1|Ampharos, F
|poke|p1|Rotom-Heat
|poke|p2|Nidoking, M
|poke|p2|Milotic, M
|poke|p2|Aerodactyl, F
|poke|p2|Darmanitan, M
|poke|p2|Celebi
|poke|p2|Forretress, F
|rule|Swagger Clause: Swagger is banned
|rule|Baton Pass Clause: Limit one PokÃ©mon knowing Baton Pass
|teampreview
|
|start
|switch|p1a: Froslass|Froslass, F|344\/344
|switch|p2a: Darmanitan|Darmanitan, M|351\/351
|turn|1
|
|move|p1a: Froslass|Spikes|p2a: Darmanitan
|-sidestart|p2: Sarcastrophe|Spikes
|move|p2a: Darmanitan|U-turn|p1a: Froslass
|-resisted|p1a: Froslass
|-damage|p1a: Froslass|262\/344
|
|switch|p2a: Aerodactyl|Aerodactyl, F|302\/302
|-ability|p2a: Aerodactyl|Pressure
|
|turn|2
|
|switch|p1a: Gligar|Gligar, M|334\/334
|detailschange|p2a: Aerodactyl|Aerodactyl-Mega, F
|message|Aerodactyl has Mega Evolved into Mega Aerodactyl!
|move|p2a: Aerodactyl|Crunch|p1a: Gligar
|-damage|p1a: Gligar|278\/334
|
|turn|3
|
|move|p2a: Aerodactyl|Aerial Ace|p1a: Gligar
|-damage|p1a: Gligar|211\/334
|move|p1a: Gligar|Stealth Rock|p2a: Aerodactyl
|-sidestart|p2: Sarcastrophe|move: Stealth Rock
|
|turn|4
|
|switch|p2a: Forretress|Forretress, F|354\/354
|-damage|p2a: Forretress|310\/354|[from] Spikes
|-damage|p2a: Forretress|266\/354|[from] Stealth Rock
|move|p1a: Gligar|Roost|p1a: Gligar
|-heal|p1a: Gligar|334\/334
|
|-heal|p2a: Forretress|288\/354|[from] item: Leftovers
|turn|5
|
|switch|p1a: Froslass|Froslass, F|262\/344
|move|p2a: Forretress|Gyro Ball|p1a: Froslass
|-supereffective|p1a: Froslass
|-damage|p1a: Froslass|0 fnt
|faint|p1a: Froslass
|
|-heal|p2a: Forretress|310\/354|[from] item: Leftovers
|
|switch|p1a: Rotom-Heat|Rotom-Heat|304\/304
|turn|6
|
|switch|p2a: Darmanitan|Darmanitan, M|351\/351
|-damage|p2a: Darmanitan|264\/351|[from] Stealth Rock
|-damage|p2a: Darmanitan|221\/351|[from] Spikes
|move|p1a: Rotom-Heat|Overheat|p2a: Darmanitan
|-resisted|p2a: Darmanitan
|-damage|p2a: Darmanitan|99\/351
|-unboost|p1a: Rotom-Heat|spa|2
|
|turn|7
|
|move|p2a: Darmanitan|Rock Slide|p1a: Rotom-Heat
|-supereffective|p1a: Rotom-Heat
|-damage|p1a: Rotom-Heat|0 fnt
|faint|p1a: Rotom-Heat
|
|
|switch|p1a: Scrafty|Scrafty, F|271\/271
|turn|8
|
|switch|p2a: Forretress|Forretress, F|310\/354
|-damage|p2a: Forretress|266\/354|[from] Stealth Rock
|-damage|p2a: Forretress|222\/354|[from] Spikes
|move|p1a: Scrafty|Knock Off|p2a: Forretress
|-damage|p2a: Forretress|127\/354
|-enditem|p2a: Forretress|Leftovers|[from] move: Knock Off|[of] p1a: Scrafty
|-damage|p1a: Scrafty|244\/271|[from] item: Life Orb
|
|turn|9
|
|move|p1a: Scrafty|Dragon Dance|p1a: Scrafty
|-boost|p1a: Scrafty|atk|1
|-boost|p1a: Scrafty|spe|1
|move|p2a: Forretress|Rapid Spin|p1a: Scrafty
|-damage|p1a: Scrafty|230\/271
|-sideend|p2: Sarcastrophe|Spikes|[from] move: Rapid Spin|[of] p2a: Forretress
|-sideend|p2: Sarcastrophe|Stealth Rock|[from] move: Rapid Spin|[of] p2a: Forretress
|
|turn|10
|
|move|p1a: Scrafty|Dragon Dance|p1a: Scrafty
|-boost|p1a: Scrafty|atk|1
|-boost|p1a: Scrafty|spe|1
|move|p2a: Forretress|Gyro Ball|p1a: Scrafty
|-damage|p1a: Scrafty|98\/271
|
|turn|11
|
|move|p1a: Scrafty|Drain Punch|p2a: Forretress
|-damage|p2a: Forretress|0 fnt
|-heal|p1a: Scrafty|162\/271|[from] drain|[of] p2a: Forretress
|-damage|p1a: Scrafty|135\/271|[from] item: Life Orb
|faint|p2a: Forretress
|
|
|switch|p2a: Milotic|Milotic, M|394\/394
|turn|12
|
|move|p1a: Scrafty|Drain Punch|p2a: Milotic
|-damage|p2a: Milotic|172\/394
|-heal|p1a: Scrafty|246\/271|[from] drain|[of] p2a: Milotic
|-damage|p1a: Scrafty|219\/271|[from] item: Life Orb
|move|p2a: Milotic|Scald|p1a: Scrafty
|-damage|p1a: Scrafty|135\/271
|
|-heal|p2a: Milotic|196\/394|[from] item: Leftovers
|turn|13
|
|move|p1a: Scrafty|Drain Punch|p2a: Milotic
|-damage|p2a: Milotic|0 fnt
|-heal|p1a: Scrafty|233\/271|[from] drain|[of] p2a: Milotic
|-damage|p1a: Scrafty|206\/271|[from] item: Life Orb
|faint|p2a: Milotic
|
|
|switch|p2a: Aerodactyl|Aerodactyl-Mega, F|302\/302
|turn|14
|
|move|p1a: Scrafty|Drain Punch|p2a: Aerodactyl
|-damage|p2a: Aerodactyl|0 fnt
|-heal|p1a: Scrafty|271\/271|[from] drain|[of] p2a: Aerodactyl
|-damage|p1a: Scrafty|244\/271|[from] item: Life Orb
|faint|p2a: Aerodactyl
|
|
|switch|p2a: Nidoking|Nidoking, M|304\/304
|turn|15
|
|move|p1a: Scrafty|Zen Headbutt|p2a: Nidoking
|-supereffective|p2a: Nidoking
|-damage|p2a: Nidoking|0 fnt
|-damage|p1a: Scrafty|217\/271|[from] item: Life Orb
|faint|p2a: Nidoking
|
|
|switch|p2a: Celebi|Celebi|342\/342
|turn|16
|
|move|p1a: Scrafty|Knock Off|p2a: Celebi
|-crit|p2a: Celebi
|-supereffective|p2a: Celebi
|-damage|p2a: Celebi|0 fnt
|-enditem|p2a: Celebi|Life Orb|[from] move: Knock Off|[of] p1a: Scrafty
|-damage|p1a: Scrafty|190\/271|[from] item: Life Orb
|faint|p2a: Celebi
|
|
|switch|p2a: Darmanitan|Darmanitan, M|99\/351
|turn|17
|
|move|p1a: Scrafty|Drain Punch|p2a: Darmanitan
|-damage|p2a: Darmanitan|0 fnt
|-heal|p1a: Scrafty|240\/271|[from] drain|[of] p2a: Darmanitan
|-damage|p1a: Scrafty|213\/271|[from] item: Life Orb
|faint|p2a: Darmanitan
|
|win|fssong
|raw|Ladder updating...
|raw|fssong's rating: 1498 &rarr; <strong>1523<\/strong><br \/>(+25 for winning)
|raw|Sarcastrophe's rating: 1597 &rarr; <strong>1571<\/strong><br \/>(-26 for losing)
|c|âSarcastrophe|gg
|c|âfssong|gg
|leave|Sarcastrophe
|player|p2