|join|Sarcastrophe
|join|Peppa
|player|p1|Sarcastrophe|101
|player|p2|Peppa|220
|gametype|singles
|gen|6
|tier|UU
|rated
|rule|Sleep Clause Mod: Limit one foe put to sleep
|rule|Species Clause: Limit one of each PokÃ©mon
|rule|OHKO Clause: OHKO moves are banned
|rule|Moody Clause: Moody is banned
|rule|Evasion Moves Clause: Evasion moves are banned
|rule|Endless Battle Clause: Forcing endless battles is banned
|rule|HP Percentage Mod: HP is shown in percentages
|clearpoke
|poke|p1|Hitmontop, M
|poke|p1|Florges, F
|poke|p1|Metagross
|poke|p1|Shuckle, M
|poke|p1|Hydreigon, M
|poke|p1|Chandelure, M
|poke|p2|Azelf
|poke|p2|Roserade, M
|poke|p2|Hitmontop, M
|poke|p2|Rhyperior, M
|poke|p2|Suicune
|poke|p2|Arcanine, M
|rule|Swagger Clause: Swagger is banned
|rule|Baton Pass Clause: Limit one PokÃ©mon knowing Baton Pass
|teampreview
|c|âPeppa|glhf
|c|âSarcastrophe|you too
|
|start
|switch|p1a: Metagross|Metagross|302\/302
|switch|p2a: Rhyperior|Rhyperior, M|421\/421
|turn|1
|
|move|p1a: Metagross|Meteor Mash|p2a: Rhyperior
|-supereffective|p2a: Rhyperior
|-damage|p2a: Rhyperior|111\/421
|move|p2a: Rhyperior|Stealth Rock|p1a: Metagross
|-sidestart|p1: Sarcastrophe|move: Stealth Rock
|
|-heal|p2a: Rhyperior|137\/421|[from] item: Leftovers
|turn|2
|
|switch|p2a: Arcanine|Arcanine, M|384\/384
|move|p1a: Metagross|Meteor Mash|p2a: Arcanine
|-resisted|p2a: Arcanine
|-damage|p2a: Arcanine|273\/384
|
|-heal|p2a: Arcanine|297\/384|[from] item: Leftovers
|turn|3
|
|switch|p1a: Hitmontop|Hitmontop, M|304\/304
|-damage|p1a: Hitmontop|285\/304|[from] Stealth Rock
|-ability|p1a: Hitmontop|Intimidate|[of] p2a: Arcanine
|-unboost|p2a: Arcanine|atk|1
|move|p2a: Arcanine|Will-O-Wisp|p1a: Hitmontop
|-status|p1a: Hitmontop|brn
|
|-heal|p2a: Arcanine|321\/384|[from] item: Leftovers
|-heal|p1a: Hitmontop|304\/304 brn|[from] item: Leftovers
|-damage|p1a: Hitmontop|266\/304 brn|[from] brn
|turn|4
|
|switch|p2a: Roserade|Roserade, M|261\/261
|move|p1a: Hitmontop|Rapid Spin|p2a: Roserade
|-damage|p2a: Roserade|249\/261
|-sideend|p1: Sarcastrophe|Stealth Rock|[from] move: Rapid Spin|[of] p1a: Hitmontop
|
|-heal|p1a: Hitmontop|285\/304 brn|[from] item: Leftovers
|-damage|p1a: Hitmontop|247\/304 brn|[from] brn
|turn|5
|
|switch|p1a: Chandelure|Chandelure, M|261\/261
|move|p2a: Roserade|Leech Seed|p1a: Chandelure
|-start|p1a: Chandelure|move: Leech Seed
|
|-damage|p1a: Chandelure|229\/261|[from] Leech Seed|[of] p2a: Roserade
|-heal|p2a: Roserade|261\/261|[silent]
|turn|6
|
|switch|p2a: Arcanine|Arcanine, M|321\/384
|move|p1a: Chandelure|Trick|p2a: Arcanine
|-activate|p1a: Chandelure|move: Trick|[of] p2a: Arcanine
|-item|p2a: Arcanine|Choice Scarf|[from] move: Trick
|-item|p1a: Chandelure|Leftovers|[from] move: Trick
|
|-heal|p1a: Chandelure|245\/261|[from] item: Leftovers
|-damage|p1a: Chandelure|213\/261|[from] Leech Seed|[of] p2a: Arcanine
|-heal|p2a: Arcanine|353\/384|[silent]
|turn|7
|
|switch|p2a: Suicune|Suicune|404\/404
|-ability|p2a: Suicune|Pressure
|switch|p1a: Shuckle|Shuckle, M|244\/244
|
|turn|8
|
|switch|p2a: Azelf|Azelf|291\/291
|move|p1a: Shuckle|Toxic|p2a: Azelf
|-status|p2a: Azelf|tox
|
|-damage|p2a: Azelf|273\/291 tox|[from] psn
|turn|9
|
|switch|p1a: Chandelure|Chandelure, M|213\/261
|move|p2a: Azelf|Trick|p1a: Chandelure
|-activate|p2a: Azelf|move: Trick|[of] p1a: Chandelure
|-item|p1a: Chandelure|Choice Scarf|[from] move: Trick
|-item|p2a: Azelf|Leftovers|[from] move: Trick
|
|-heal|p2a: Azelf|291\/291 tox|[from] item: Leftovers
|-damage|p2a: Azelf|255\/291 tox|[from] psn
|turn|10
|
|switch|p1a: Hydreigon|Hydreigon, M|325\/325
|switch|p2a: Suicune|Suicune|404\/404
|-ability|p2a: Suicune|Pressure
|
|turn|11
|
|move|p1a: Hydreigon|Dark Pulse|p2a: Suicune
|-damage|p2a: Suicune|213\/404
|-damage|p1a: Hydreigon|293\/325|[from] item: Life Orb
|move|p2a: Suicune|Ice Beam|p1a: Hydreigon
|-supereffective|p1a: Hydreigon
|-damage|p1a: Hydreigon|141\/325
|
|turn|12
|
|switch|p2a: Hitmontop|Hitmontop, M|304\/304
|-ability|p2a: Hitmontop|Intimidate|[of] p1a: Hydreigon
|-unboost|p1a: Hydreigon|atk|1
|move|p1a: Hydreigon|Draco Meteor|p2a: Hitmontop
|-damage|p2a: Hitmontop|0 fnt
|-unboost|p1a: Hydreigon|spa|2
|-damage|p1a: Hydreigon|109\/325|[from] item: Life Orb
|faint|p2a: Hitmontop
|
|
|switch|p2a: Suicune|Suicune|213\/404
|-ability|p2a: Suicune|Pressure
|turn|13
|
|switch|p1a: Florges|Florges, F|360\/360
|move|p2a: Suicune|Calm Mind|p2a: Suicune
|-boost|p2a: Suicune|spa|1
|-boost|p2a: Suicune|spd|1
|
|turn|14
|
|move|p2a: Suicune|Calm Mind|p2a: Suicune
|-boost|p2a: Suicune|spa|1
|-boost|p2a: Suicune|spd|1
|move|p1a: Florges|Wish|p1a: Florges
|
|turn|15
|
|switch|p1a: Chandelure|Chandelure, M|213\/261
|move|p2a: Suicune|Scald|p1a: Chandelure
|-supereffective|p1a: Chandelure
|-damage|p1a: Chandelure|0 fnt
|faint|p1a: Chandelure
|
|
|switch|p1a: Metagross|Metagross|302\/302
|turn|16
|
|move|p1a: Metagross|Thunder Punch|p2a: Suicune
|-supereffective|p2a: Suicune
|-damage|p2a: Suicune|27\/404
|move|p2a: Suicune|Rest|p2a: Suicune
|-status|p2a: Suicune|slp
|-heal|p2a: Suicune|404\/404 slp|[silent]
|-status|p2a: Suicune|slp|[from] move: Rest
|-enditem|p2a: Suicune|Chesto Berry|[eat]
|-curestatus|p2a: Suicune|slp
|
|turn|17
|
|move|p1a: Metagross|Thunder Punch|p2a: Suicune
|-supereffective|p2a: Suicune
|-damage|p2a: Suicune|202\/404
|move|p2a: Suicune|Scald|p1a: Metagross
|-damage|p1a: Metagross|112\/302
|
|turn|18
|
|move|p1a: Metagross|Thunder Punch|p2a: Suicune
|-supereffective|p2a: Suicune
|-damage|p2a: Suicune|8\/404
|move|p2a: Suicune|Scald|p1a: Metagross
|-damage|p1a: Metagross|0 fnt
|faint|p1a: Metagross
|
|
|switch|p1a: Hydreigon|Hydreigon, M|109\/325
|turn|19
|
|move|p1a: Hydreigon|Dark Pulse|p2a: Suicune
|-damage|p2a: Suicune|0 fnt
|-damage|p1a: Hydreigon|77\/325|[from] item: Life Orb
|faint|p2a: Suicune
|
|
|switch|p2a: Arcanine|Arcanine, M|353\/384
|turn|20
|
|switch|p1a: Florges|Florges, F|360\/360
|move|p2a: Arcanine|Extreme Speed|p1a: Florges
|-damage|p1a: Florges|299\/360
|
|-heal|p1a: Florges|321\/360|[from] item: Leftovers
|turn|21
|
|switch|p2a: Roserade|Roserade, M|261\/261
|switch|p1a: Shuckle|Shuckle, M|244\/244
|
|turn|22
|
|move|p2a: Roserade|Sleep Powder|p1a: Shuckle|[miss]
|-miss|p2a: Roserade|p1a: Shuckle
|move|p1a: Shuckle|Encore|p2a: Roserade
|-start|p2a: Roserade|Encore
|
|turn|23
|
|switch|p1a: Hitmontop|Hitmontop, M|247\/304 brn
|-ability|p1a: Hitmontop|Intimidate|[of] p2a: Roserade
|-unboost|p2a: Roserade|atk|1
|move|p2a: Roserade|Sleep Powder|p1a: Hitmontop
|-fail|p1a: Hitmontop
|
|-heal|p1a: Hitmontop|266\/304 brn|[from] item: Leftovers
|-damage|p1a: Hitmontop|228\/304 brn|[from] brn
|turn|24
|
|switch|p1a: Florges|Florges, F|321\/360
|move|p2a: Roserade|Sleep Powder|p1a: Florges
|-status|p1a: Florges|slp
|
|-heal|p1a: Florges|343\/360 slp|[from] item: Leftovers
|turn|25
|
|switch|p2a: Rhyperior|Rhyperior, M|137\/421
|switch|p1a: Shuckle|Shuckle, M|244\/244
|
|-heal|p2a: Rhyperior|163\/421|[from] item: Leftovers
|turn|26
|
|move|p2a: Rhyperior|Stealth Rock|p1a: Shuckle
|-sidestart|p1: Sarcastrophe|move: Stealth Rock
|move|p1a: Shuckle|Encore|p2a: Rhyperior
|-start|p2a: Rhyperior|Encore
|
|-heal|p2a: Rhyperior|189\/421|[from] item: Leftovers
|turn|27
|
|switch|p2a: Roserade|Roserade, M|261\/261
|move|p1a: Shuckle|Sticky Web|p2a: Roserade
|-sidestart|p2: Peppa|move: Sticky Web
|
|turn|28
|
|move|p2a: Roserade|Leech Seed|p1a: Shuckle
|-start|p1a: Shuckle|move: Leech Seed
|move|p1a: Shuckle|Stealth Rock|p2a: Roserade
|-sidestart|p2: Peppa|move: Stealth Rock
|
|-damage|p1a: Shuckle|214\/244|[from] Leech Seed|[of] p2a: Roserade
|turn|29
|
|move|p2a: Roserade|Sludge Bomb|p1a: Shuckle
|-resisted|p1a: Shuckle
|-damage|p1a: Shuckle|178\/244
|-damage|p2a: Roserade|235\/261|[from] item: Life Orb
|move|p1a: Shuckle|Encore|p2a: Roserade
|-start|p2a: Roserade|Encore
|
|-heal|p1a: Shuckle|193\/244|[from] item: Leftovers
|-damage|p1a: Shuckle|163\/244|[from] Leech Seed|[of] p2a: Roserade
|-heal|p2a: Roserade|261\/261|[silent]
|turn|30
|
|switch|p1a: Hitmontop|Hitmontop, M|228\/304 brn
|-damage|p1a: Hitmontop|209\/304 brn|[from] Stealth Rock
|-ability|p1a: Hitmontop|Intimidate|[of] p2a: Roserade
|-unboost|p2a: Roserade|atk|1
|move|p2a: Roserade|Sludge Bomb|p1a: Hitmontop
|-damage|p1a: Hitmontop|21\/304 brn
|-damage|p2a: Roserade|235\/261|[from] item: Life Orb
|
|-heal|p1a: Hitmontop|40\/304 brn|[from] item: Leftovers
|-damage|p1a: Hitmontop|2\/304 brn|[from] brn
|turn|31
|
|move|p2a: Roserade|Sludge Bomb|p1a: Hitmontop
|-damage|p1a: Hitmontop|0 fnt
|-damage|p2a: Roserade|209\/261|[from] item: Life Orb
|faint|p1a: Hitmontop
|
|
|switch|p1a: Shuckle|Shuckle, M|163\/244
|-damage|p1a: Shuckle|102\/244|[from] Stealth Rock
|turn|32
|
|move|p2a: Roserade|Sludge Bomb|p1a: Shuckle
|-resisted|p1a: Shuckle
|-damage|p1a: Shuckle|60\/244
|-damage|p2a: Roserade|183\/261|[from] item: Life Orb
|move|p1a: Shuckle|Encore|p2a: Roserade
|-fail|p2a: Roserade
|
|-heal|p1a: Shuckle|75\/244|[from] item: Leftovers
|-end|p2a: Roserade|Encore
|turn|33
|
|move|p2a: Roserade|Leech Seed|p1a: Shuckle
|-start|p1a: Shuckle|move: Leech Seed
|move|p1a: Shuckle|Encore|p2a: Roserade
|-start|p2a: Roserade|Encore
|
|-heal|p1a: Shuckle|90\/244|[from] item: Leftovers
|-damage|p1a: Shuckle|60\/244|[from] Leech Seed|[of] p2a: Roserade
|-heal|p2a: Roserade|213\/261|[silent]
|turn|34
|
|switch|p2a: Rhyperior|Rhyperior, M|189\/421
|-activate|p2a: Rhyperior|move: Sticky Web
|-unboost|p2a: Rhyperior|spe|1
|-damage|p2a: Rhyperior|163\/421|[from] Stealth Rock
|switch|p1a: Florges|Florges, F|343\/360 slp
|-damage|p1a: Florges|298\/360 slp|[from] Stealth Rock
|
|-heal|p1a: Florges|320\/360 slp|[from] item: Leftovers
|-heal|p2a: Rhyperior|189\/421|[from] item: Leftovers
|turn|35
|
|cant|p1a: Florges|slp
|move|p2a: Rhyperior|Earthquake|p1a: Florges
|-damage|p1a: Florges|149\/360 slp
|
|-heal|p1a: Florges|171\/360 slp|[from] item: Leftovers
|-heal|p2a: Rhyperior|215\/421|[from] item: Leftovers
|turn|36
|
|cant|p1a: Florges|slp
|move|p2a: Rhyperior|Earthquake|p1a: Florges
|-damage|p1a: Florges|0 fnt
|faint|p1a: Florges
|
|-heal|p2a: Rhyperior|241\/421|[from] item: Leftovers
|
|switch|p1a: Hydreigon|Hydreigon, M|77\/325
|-damage|p1a: Hydreigon|37\/325|[from] Stealth Rock
|turn|37
|c|âSarcastrophe|gg
|
|move|p1a: Hydreigon|Surf|p2a: Rhyperior
|-supereffective|p2a: Rhyperior
|-damage|p2a: Rhyperior|0 fnt
|-damage|p1a: Hydreigon|5\/325|[from] item: Life Orb
|faint|p2a: Rhyperior
|
|
|switch|p2a: Arcanine|Arcanine, M|353\/384
|-damage|p2a: Arcanine|257\/384|[from] Stealth Rock
|-activate|p2a: Arcanine|move: Sticky Web
|-unboost|p2a: Arcanine|spe|1
|turn|38
|
|move|p2a: Arcanine|Extreme Speed|p1a: Hydreigon
|-crit|p1a: Hydreigon
|-damage|p1a: Hydreigon|0 fnt
|faint|p1a: Hydreigon
|
|
|switch|p1a: Shuckle|Shuckle, M|60\/244
|-damage|p1a: Shuckle|0 fnt|[from] Stealth Rock
|faint|p1a: Shuckle
|
|win|Peppa
|raw|Ladder updating...
|raw|Sarcastrophe's rating: 1518 &rarr; <strong>1490<\/strong><br \/>(-28 for losing)
|raw|Peppa's rating: 1371 &rarr; <strong>1399<\/strong><br \/>(+28 for winning)
|c|âPeppa|gg
|leave|Sarcastrophe
|player|p1