|join|Sarcastrophe
|join|UnSolaced
|player|p1|Sarcastrophe|101
|player|p2|UnSolaced|79
|gametype|singles
|gen|6
|tier|UU
|rated
|rule|Sleep Clause Mod: Limit one foe put to sleep
|rule|Species Clause: Limit one of each PokÃ©mon
|rule|OHKO Clause: OHKO moves are banned
|rule|Moody Clause: Moody is banned
|rule|Evasion Moves Clause: Evasion moves are banned
|rule|Endless Battle Clause: Forcing endless battles is banned
|rule|HP Percentage Mod: HP is shown in percentages
|clearpoke
|poke|p1|Nidoking, M
|poke|p1|Milotic, M
|poke|p1|Aerodactyl, M
|poke|p1|Machamp, F
|poke|p1|Celebi
|poke|p1|Forretress, F
|poke|p2|Froslass, F
|poke|p2|Celebi
|poke|p2|Darmanitan, M
|poke|p2|Machamp, M
|poke|p2|Donphan, F
|poke|p2|Blissey, F
|rule|Swagger Clause: Swagger is banned
|rule|Baton Pass Clause: Limit one PokÃ©mon knowing Baton Pass
|teampreview
|
|start
|switch|p1a: Forretress|Forretress, F|354\/354
|switch|p2a: Darmanitan|Darmanitan, M|351\/351
|turn|1
|
|switch|p1a: Milotic|Milotic, M|394\/394
|move|p2a: Darmanitan|Flare Blitz|p1a: Milotic
|-resisted|p1a: Milotic
|-damage|p1a: Milotic|257\/394
|-damage|p2a: Darmanitan|306\/351|[from] recoil|[of] p1a: Milotic
|
|-heal|p1a: Milotic|281\/394|[from] item: Leftovers
|turn|2
|
|switch|p2a: Celebi|Celebi|341\/341
|switch|p1a: Forretress|Forretress, F|354\/354
|
|turn|3
|
|move|p2a: Celebi|Nasty Plot|p2a: Celebi
|-boost|p2a: Celebi|spa|2
|move|p1a: Forretress|Stealth Rock|p2a: Celebi
|-sidestart|p2: UnSolaced|move: Stealth Rock
|
|turn|4
|
|move|p2a: Celebi|Earth Power|p1a: Forretress
|-damage|p1a: Forretress|145\/354
|-unboost|p1a: Forretress|spd|1
|-damage|p2a: Celebi|307\/341|[from] item: Life Orb
|move|p1a: Forretress|Volt Switch|p2a: Celebi
|-resisted|p2a: Celebi
|-damage|p2a: Celebi|290\/341
|
|switch|p1a: Aerodactyl|Aerodactyl, M|302\/302
|-ability|p1a: Aerodactyl|Pressure
|
|turn|5
|
|detailschange|p1a: Aerodactyl|Aerodactyl-Mega, M
|-mega|p1a: Aerodactyl|Aerodactyl|Aerodactylite
|move|p1a: Aerodactyl|Aerial Ace|p2a: Celebi
|-supereffective|p2a: Celebi
|-damage|p2a: Celebi|0 fnt
|faint|p2a: Celebi
|
|
|switch|p2a: PhanPhan|Donphan, F|384\/384
|-damage|p2a: PhanPhan|360\/384|[from] Stealth Rock
|turn|6
|
|switch|p1a: Milotic|Milotic, M|281\/394
|move|p2a: PhanPhan|Toxic|p1a: Milotic
|-status|p1a: Milotic|tox
|
|-heal|p1a: Milotic|305\/394 tox|[from] item: Leftovers
|-heal|p2a: PhanPhan|384\/384|[from] item: Leftovers
|-damage|p1a: Milotic|281\/394 tox|[from] psn
|turn|7
|
|switch|p2a: Blissey|Blissey, F|714\/714
|-damage|p2a: Blissey|625\/714|[from] Stealth Rock
|move|p1a: Milotic|Scald|p2a: Blissey
|-damage|p2a: Blissey|564\/714
|-status|p2a: Blissey|brn
|
|-heal|p1a: Milotic|305\/394 tox|[from] item: Leftovers
|-heal|p2a: Blissey|608\/714 brn|[from] item: Leftovers
|-damage|p1a: Milotic|257\/394 tox|[from] psn
|-damage|p2a: Blissey|519\/714 brn|[from] brn
|turn|8
|
|move|p1a: Milotic|Recover|p1a: Milotic
|-heal|p1a: Milotic|394\/394 tox
|move|p2a: Blissey|Aromatherapy|p2a: Blissey
|-cureteam|p2a: Blissey|[from] move: Aromatherapy
|
|-heal|p2a: Blissey|563\/714|[from] item: Leftovers
|-damage|p1a: Milotic|322\/394 tox|[from] psn
|turn|9
|
|switch|p1a: Machamp|Machamp, F|384\/384
|move|p2a: Blissey|Soft-Boiled|p2a: Blissey
|-heal|p2a: Blissey|714\/714
|
|turn|10
|
|switch|p2a: PhanPhan|Donphan, F|384\/384
|-damage|p2a: PhanPhan|360\/384|[from] Stealth Rock
|move|p1a: Machamp|Knock Off|p2a: PhanPhan
|-damage|p2a: PhanPhan|248\/384
|-enditem|p2a: PhanPhan|Leftovers|[from] move: Knock Off|[of] p1a: Machamp
|
|turn|11
|
|switch|p1a: Forretress|Forretress, F|145\/354
|move|p2a: PhanPhan|Rapid Spin|p1a: Forretress
|-resisted|p1a: Forretress
|-damage|p1a: Forretress|139\/354
|-sideend|p2: UnSolaced|Stealth Rock|[from] move: Rapid Spin|[of] p2a: PhanPhan
|
|-heal|p1a: Forretress|161\/354|[from] item: Leftovers
|turn|12
|
|move|p2a: PhanPhan|Earthquake|p1a: Forretress
|-damage|p1a: Forretress|59\/354
|move|p1a: Forretress|Stealth Rock|p2a: PhanPhan
|-sidestart|p2: UnSolaced|move: Stealth Rock
|
|-heal|p1a: Forretress|81\/354|[from] item: Leftovers
|turn|13
|
|switch|p1a: Celebi|Celebi|342\/342
|move|p2a: PhanPhan|Rapid Spin|p1a: Celebi
|-damage|p1a: Celebi|324\/342
|-sideend|p2: UnSolaced|Stealth Rock|[from] move: Rapid Spin|[of] p2a: PhanPhan
|
|turn|14
|
|switch|p2a: Darmanitan|Darmanitan, M|306\/351
|move|p1a: Celebi|Psychic|p2a: Darmanitan
|-damage|p2a: Darmanitan|45\/351
|-damage|p1a: Celebi|290\/342|[from] item: Life Orb
|
|turn|15
|
|switch|p1a: Milotic|Milotic, M|322\/394 tox
|move|p2a: Darmanitan|U-turn|p1a: Milotic
|-damage|p1a: Milotic|264\/394 tox
|
|switch|p2a: Machamp|Machamp, M|364\/364
|
|-heal|p1a: Milotic|288\/394 tox|[from] item: Leftovers
|-damage|p1a: Milotic|264\/394 tox|[from] psn
|turn|16
|
|move|p1a: Milotic|Scald|p2a: Machamp
|-damage|p2a: Machamp|286\/364
|move|p2a: Machamp|Knock Off|p1a: Milotic
|-damage|p1a: Milotic|197\/394 tox
|-enditem|p1a: Milotic|Leftovers|[from] move: Knock Off|[of] p2a: Machamp
|
|-damage|p1a: Milotic|149\/394 tox|[from] psn
|turn|17
|
|move|p1a: Milotic|Scald|p2a: Machamp
|-damage|p2a: Machamp|211\/364
|move|p2a: Machamp|Dynamic Punch|p1a: Milotic
|-damage|p1a: Milotic|34\/394 tox
|-start|p1a: Milotic|confusion
|
|-damage|p1a: Milotic|0 fnt|[from] psn
|faint|p1a: Milotic
|
|switch|p1a: Aerodactyl|Aerodactyl-Mega, M|302\/302
|turn|18
|
|switch|p2a: PhanPhan|Donphan, F|248\/384
|move|p1a: Aerodactyl|Aerial Ace|p2a: PhanPhan
|-damage|p2a: PhanPhan|151\/384
|
|turn|19
|
|switch|p1a: Forretress|Forretress, F|81\/354
|move|p2a: PhanPhan|Toxic|p1a: Forretress
|-fail|p1a: Forretress
|
|-heal|p1a: Forretress|103\/354|[from] item: Leftovers
|turn|20
|
|switch|p1a: Celebi|Celebi|290\/342
|move|p2a: PhanPhan|Earthquake|p1a: Celebi
|-resisted|p1a: Celebi
|-damage|p1a: Celebi|215\/342
|
|turn|21
|
|switch|p2a: Blissey|Blissey, F|714\/714
|move|p1a: Celebi|Giga Drain|p2a: Blissey
|-damage|p2a: Blissey|607\/714
|-heal|p1a: Celebi|269\/342|[from] drain|[of] p2a: Blissey
|-damage|p1a: Celebi|235\/342|[from] item: Life Orb
|
|-heal|p2a: Blissey|651\/714|[from] item: Leftovers
|turn|22
|
|move|p1a: Celebi|Nasty Plot|p1a: Celebi
|-boost|p1a: Celebi|spa|2
|move|p2a: Blissey|Thunder Wave|p1a: Celebi
|-status|p1a: Celebi|par
|
|-heal|p2a: Blissey|695\/714|[from] item: Leftovers
|turn|23
|
|move|p2a: Blissey|Seismic Toss|p1a: Celebi
|-damage|p1a: Celebi|135\/342 par
|cant|p1a: Celebi|par
|
|-heal|p2a: Blissey|714\/714|[from] item: Leftovers
|turn|24
|
|switch|p1a: Machamp|Machamp, F|384\/384
|move|p2a: Blissey|Seismic Toss|p1a: Machamp
|-damage|p1a: Machamp|284\/384
|
|turn|25
|
|move|p2a: Blissey|Thunder Wave|p1a: Machamp
|-status|p1a: Machamp|par
|move|p1a: Machamp|Close Combat|p2a: Blissey
|-supereffective|p2a: Blissey
|-damage|p2a: Blissey|0 fnt
|-unboost|p1a: Machamp|def|1
|-unboost|p1a: Machamp|spd|1
|faint|p2a: Blissey
|
|c|âUnSolaced|Gg
|c|âSarcastrophe|Seriously quitting now?
|c|âSarcastrophe|Just because I took out Bliss with the obvious move?
|c|âUnSolaced|i was really hoping you would boring celebi back in
|c|âSarcastrophe|Yeah no. :\/
|c|âSarcastrophe|gg anyway
|
|switch|p2a: Darmanitan|Darmanitan, M|45\/351
|turn|26
|c|âUnSolaced|I obviously can't beat you t this point
|
|switch|p1a: Forretress|Forretress, F|103\/354
|move|p2a: Darmanitan|Flare Blitz|p1a: Forretress
|-supereffective|p1a: Forretress
|-damage|p1a: Forretress|0 fnt
|-damage|p2a: Darmanitan|11\/351|[from] recoil|[of] p1a: Forretress
|faint|p1a: Forretress
|
|c|âSarcastrophe|Probably.  Tbh, I don't know that Froslass so.
|
|switch|p1a: Machamp|Machamp, F|284\/384 par
|turn|27
|
|move|p1a: Machamp|Bullet Punch|p2a: Darmanitan
|-resisted|p2a: Darmanitan
|-damage|p2a: Darmanitan|0 fnt
|faint|p2a: Darmanitan
|
|
|switch|p2a: Machamp|Machamp, M|211\/364
|turn|28
|c|âSarcastrophe|I mean, by all means quit when you know you can't win, I just couldn't see a definite win yet.
|c|âUnSolaced|I'll stay
|
|move|p1a: Machamp|Bullet Punch|p2a: Machamp
|-damage|p2a: Machamp|71\/364
|move|p2a: Machamp|Dynamic Punch|p1a: Machamp
|-crit|p1a: Machamp
|-damage|p1a: Machamp|0 fnt
|faint|p1a: Machamp
|
|c|âUnSolaced|Ill try to do something
|
|switch|p1a: Nidoking|Nidoking, M|304\/304
|turn|29
|
|switch|p2a: PhanPhan|Donphan, F|151\/384
|move|p1a: Nidoking|Sludge Wave|p2a: PhanPhan
|-resisted|p2a: PhanPhan
|-damage|p2a: PhanPhan|0 fnt
|faint|p2a: PhanPhan
|
|
|switch|p2a: Froslass|Froslass, F|343\/343
|turn|30
|
|move|p2a: Froslass|Icy Wind|p1a: Nidoking
|-supereffective|p1a: Nidoking
|-damage|p1a: Nidoking|164\/304
|-unboost|p1a: Nidoking|spe|1
|move|p1a: Nidoking|Flamethrower|p2a: Froslass
|-supereffective|p2a: Froslass
|-enditem|p2a: Froslass|Focus Sash
|-damage|p2a: Froslass|1\/343
|-start|p1a: Nidoking|Disable|Flamethrower
|
|turn|31
|c|âSarcastrophe|Oh.  Icy Wind.
|c|âUnSolaced|Crit
|c|âSarcastrophe|Honestly, there's absolutely no need to run that.
|
|move|p2a: Froslass|Icy Wind|p1a: Nidoking
|-supereffective|p1a: Nidoking
|-damage|p1a: Nidoking|30\/304
|-unboost|p1a: Nidoking|spe|1
|move|p1a: Nidoking|Earth Power|p2a: Froslass
|-damage|p2a: Froslass|0 fnt
|faint|p2a: Froslass
|
|c|âUnSolaced|It's pretty useful
|c|âSarcastrophe|Speed reduction's redundant though and Ice Beam is way stronger.
|
|switch|p2a: Machamp|Machamp, M|71\/364
|turn|32
|c|âUnSolaced|Froslass is usually a suicide lead
|c|âSarcastrophe|All the more reason for power.
|c|âUnSolaced|I icy wind then the next pokemon I bring in has a speed advantage
|c|âSarcastrophe|You already would have the advantage.
|c|âSarcastrophe|The opponent would switch anyway.
|
|move|p2a: Machamp|Knock Off|p1a: Nidoking
|-damage|p1a: Nidoking|0 fnt
|-enditem|p1a: Nidoking|Life Orb|[from] move: Knock Off|[of] p2a: Machamp
|faint|p1a: Nidoking
|
|c|âUnSolaced|Gg anyway
|
|switch|p1a: Aerodactyl|Aerodactyl-Mega, M|302\/302
|turn|33
|c|âSarcastrophe|gg
|
|move|p2a: Machamp|Bullet Punch|p1a: Aerodactyl
|-supereffective|p1a: Aerodactyl
|-damage|p1a: Aerodactyl|178\/302
|move|p1a: Aerodactyl|Aerial Ace|p2a: Machamp
|-supereffective|p2a: Machamp
|-damage|p2a: Machamp|0 fnt
|faint|p2a: Machamp
|
|win|Sarcastrophe
|raw|Ladder updating...
|raw|Sarcastrophe's rating: 1440 &rarr; <strong>1451<\/strong><br \/>(+11 for winning)
|raw|UnSolaced's rating: 1283 &rarr; <strong>1269<\/strong><br \/>(-14 for losing)
|leave|Sarcastrophe
|player|p1