|join|Sarcastrophe
|join|juancar_tested
|player|p1|Sarcastrophe|101
|player|p2|juancar_tested|165
|gametype|singles
|gen|6
|tier|UU
|rated
|rule|Sleep Clause Mod: Limit one foe put to sleep
|rule|Species Clause: Limit one of each PokÃ©mon
|rule|OHKO Clause: OHKO moves are banned
|rule|Moody Clause: Moody is banned
|rule|Evasion Moves Clause: Evasion moves are banned
|rule|Endless Battle Clause: Forcing endless battles is banned
|rule|HP Percentage Mod: HP is shown in percentages
|clearpoke
|poke|p1|Nidoking, M
|poke|p1|Milotic, F
|poke|p1|Aerodactyl, M
|poke|p1|Darmanitan, F
|poke|p1|Celebi
|poke|p1|Forretress, F
|poke|p2|Yanmega, M
|poke|p2|Weezing, F
|poke|p2|Houndoom, M
|poke|p2|Hitmontop, M
|poke|p2|Rhyperior, F
|poke|p2|Porygon2
|rule|Swagger Clause: Swagger is banned
|rule|Baton Pass Clause: Limit one PokÃ©mon knowing Baton Pass
|teampreview
|
|start
|switch|p1a: Milotic|Milotic, F|394\/394
|switch|p2a: Geovanni|Rhyperior, F|409\/409
|turn|1
|
|switch|p2a: TeamRocket|Porygon2|373\/373
|-ability|p2a: TeamRocket|Marvel Scale|[from] ability: Trace|[of] p1a: Milotic
|move|p1a: Milotic|Scald|p2a: TeamRocket
|-damage|p2a: TeamRocket|321\/373
|
|turn|2
|
|move|p1a: Milotic|Toxic|p2a: TeamRocket
|-status|p2a: TeamRocket|tox
|move|p2a: TeamRocket|Toxic|p1a: Milotic
|-status|p1a: Milotic|tox
|
|-damage|p1a: Milotic|370\/394 tox|[from] psn
|-damage|p2a: TeamRocket|298\/373 tox|[from] psn
|turn|3
|
|switch|p1a: Forretress|Forretress, F|354\/354
|move|p2a: TeamRocket|Tri Attack|p1a: Forretress
|-resisted|p1a: Forretress
|-damage|p1a: Forretress|284\/354
|-status|p1a: Forretress|frz
|
|-heal|p1a: Forretress|306\/354 frz|[from] item: Leftovers
|-damage|p2a: TeamRocket|252\/373 tox|[from] psn
|turn|4
|
|switch|p2a: Cassidy|Houndoom, M|291\/291
|cant|p1a: Forretress|frz
|
|-heal|p1a: Forretress|328\/354 frz|[from] item: Leftovers
|turn|5
|
|switch|p1a: Milotic|Milotic, F|370\/394 tox
|detailschange|p2a: Cassidy|Houndoom-Mega, M
|message|Houndoom has Mega Evolved into Mega Houndoom!
|move|p2a: Cassidy|Nasty Plot|p2a: Cassidy
|-boost|p2a: Cassidy|spa|2
|
|-heal|p1a: Milotic|394\/394 tox|[from] item: Leftovers
|-damage|p1a: Milotic|370\/394 tox|[from] psn
|turn|6
|
|move|p2a: Cassidy|Dark Pulse|p1a: Milotic
|-damage|p1a: Milotic|102\/394 tox
|move|p1a: Milotic|Scald|p2a: Cassidy
|-supereffective|p2a: Cassidy
|-damage|p2a: Cassidy|93\/291
|
|-heal|p1a: Milotic|126\/394 tox|[from] item: Leftovers
|-damage|p1a: Milotic|78\/394 tox|[from] psn
|turn|7
|
|move|p2a: Cassidy|Dark Pulse|p1a: Milotic
|-crit|p1a: Milotic
|-damage|p1a: Milotic|0 fnt
|faint|p1a: Milotic
|
|
|switch|p1a: Aerodactyl|Aerodactyl, M|302\/302
|-ability|p1a: Aerodactyl|Pressure
|turn|8
|
|detailschange|p1a: Aerodactyl|Aerodactyl-Mega, M
|message|Aerodactyl has Mega Evolved into Mega Aerodactyl!
|move|p1a: Aerodactyl|Aerial Ace|p2a: Cassidy
|-damage|p2a: Cassidy|0 fnt
|faint|p2a: Cassidy
|
|
|switch|p2a: Geovanni|Rhyperior, F|409\/409
|turn|9
|
|switch|p1a: Forretress|Forretress, F|328\/354 frz
|move|p2a: Geovanni|Stone Edge|p1a: Forretress
|-crit|p1a: Forretress
|-damage|p1a: Forretress|139\/354 frz
|
|-heal|p1a: Forretress|161\/354 frz|[from] item: Leftovers
|turn|10
|
|move|p2a: Geovanni|Stealth Rock|p1a: Forretress
|-sidestart|p1: Sarcastrophe|move: Stealth Rock
|cant|p1a: Forretress|frz
|
|-heal|p1a: Forretress|183\/354 frz|[from] item: Leftovers
|turn|11
|
|cant|p1a: Forretress|frz
|move|p2a: Geovanni|Dragon Tail|p1a: Forretress
|-resisted|p1a: Forretress
|-damage|p1a: Forretress|160\/354 frz
|drag|p1a: Darmanitan|Darmanitan, F|351\/351
|-damage|p1a: Darmanitan|264\/351|[from] Stealth Rock
|
|turn|12
|
|move|p1a: Darmanitan|Superpower|p2a: Geovanni
|-supereffective|p2a: Geovanni
|-damage|p2a: Geovanni|126\/409
|-unboost|p1a: Darmanitan|atk|1
|-unboost|p1a: Darmanitan|def|1
|move|p2a: Geovanni|Dragon Tail|p1a: Darmanitan
|-damage|p1a: Darmanitan|54\/351
|drag|p1a: Aerodactyl|Aerodactyl-Mega, M|302\/302
|-damage|p1a: Aerodactyl|227\/302|[from] Stealth Rock
|
|-heal|p2a: Geovanni|151\/409|[from] item: Leftovers
|turn|13
|
|move|p1a: Aerodactyl|Earthquake|p2a: Geovanni
|-supereffective|p2a: Geovanni
|-damage|p2a: Geovanni|4\/409
|move|p2a: Geovanni|Stone Edge|p1a: Aerodactyl
|-crit|p1a: Aerodactyl
|-supereffective|p1a: Aerodactyl
|-damage|p1a: Aerodactyl|0 fnt
|faint|p1a: Aerodactyl
|
|-heal|p2a: Geovanni|29\/409|[from] item: Leftovers
|
|switch|p1a: Forretress|Forretress, F|160\/354 frz
|-damage|p1a: Forretress|116\/354 frz|[from] Stealth Rock
|turn|14
|
|move|p2a: Geovanni|Earthquake|p1a: Forretress
|-damage|p1a: Forretress|0 fnt
|faint|p1a: Forretress
|
|-heal|p2a: Geovanni|54\/409|[from] item: Leftovers
|-message|Sarcastrophe forfeited.
|
|win|juancar_tested
|raw|Ladder updating...
|leave|Sarcastrophe
|player|p1
|raw|Sarcastrophe's rating: 1529 &rarr; <strong>1502<\/strong><br \/>(-27 for losing)
|raw|juancar_tested's rating: 1404 &rarr; <strong>1430<\/strong><br \/>(+26 for winning)