|join|Sarcastrophe
|join|Blue Toothbrush
|player|p1|Sarcastrophe|101
|player|p2|Blue Toothbrush|76
|gametype|singles
|gen|6
|tier|UU
|rated
|rule|Sleep Clause Mod: Limit one foe put to sleep
|rule|Species Clause: Limit one of each PokÃ©mon
|rule|OHKO Clause: OHKO moves are banned
|rule|Moody Clause: Moody is banned
|rule|Evasion Moves Clause: Evasion moves are banned
|rule|Endless Battle Clause: Forcing endless battles is banned
|rule|HP Percentage Mod: HP is shown in percentages
|clearpoke
|poke|p1|Nidoking, M
|poke|p1|Milotic, M
|poke|p1|Aerodactyl, M
|poke|p1|Darmanitan, M
|poke|p1|Celebi
|poke|p1|Forretress, M
|poke|p2|Florges, F
|poke|p2|Krookodile, M
|poke|p2|Blastoise, M
|poke|p2|Hydreigon, F
|poke|p2|Ampharos, F
|poke|p2|Nidoqueen, F
|rule|Swagger Clause: Swagger is banned
|rule|Baton Pass Clause: Limit one PokÃ©mon knowing Baton Pass
|teampreview
|
|start
|switch|p1a: Darmanitan|Darmanitan, M|351\/351
|switch|p2a: Blastoise|Blastoise, M|361\/361
|turn|1
|
|move|p1a: Darmanitan|U-turn|p2a: Blastoise
|-damage|p2a: Blastoise|248\/361
|
|switch|p1a: Milotic|Milotic, M|394\/394
|move|p2a: Blastoise|Scald|p1a: Milotic
|-resisted|p1a: Milotic
|-damage|p1a: Milotic|358\/394
|
|-heal|p1a: Milotic|382\/394|[from] item: Leftovers
|-heal|p2a: Blastoise|270\/361|[from] item: Leftovers
|turn|2
|
|switch|p2a: Ampharos|Ampharos, F|373\/373
|move|p1a: Milotic|Scald|p2a: Ampharos
|-damage|p2a: Ampharos|279\/373
|
|-heal|p1a: Milotic|394\/394|[from] item: Leftovers
|turn|3
|
|switch|p1a: Nidoking|Nidoking, M|304\/304
|detailschange|p2a: Ampharos|Ampharos-Mega, F
|message|Ampharos has Mega Evolved into Mega Ampharos!
|-ability|p2a: Ampharos|Mold Breaker
|move|p2a: Ampharos|Dragon Pulse|p1a: Nidoking
|-damage|p1a: Nidoking|63\/304
|
|turn|4
|
|switch|p2a: Florges|Florges, F|359\/359
|move|p1a: Nidoking|Ice Beam|p2a: Florges
|-crit|p2a: Florges
|-damage|p2a: Florges|246\/359
|
|-heal|p2a: Florges|268\/359|[from] item: Leftovers
|turn|5
|
|switch|p1a: Forretress|Forretress, M|354\/354
|move|p2a: Florges|Moonblast|p1a: Forretress
|-resisted|p1a: Forretress
|-damage|p1a: Forretress|266\/354
|
|-heal|p2a: Florges|290\/359|[from] item: Leftovers
|-heal|p1a: Forretress|288\/354|[from] item: Leftovers
|turn|6
|
|switch|p2a: Nidoqueen|Nidoqueen, F|333\/333
|move|p1a: Forretress|Stealth Rock|p2a: Nidoqueen
|-sidestart|p2: Blue Toothbrush|move: Stealth Rock
|
|-heal|p1a: Forretress|310\/354|[from] item: Leftovers
|turn|7
|
|switch|p1a: Darmanitan|Darmanitan, M|351\/351
|move|p2a: Nidoqueen|Stealth Rock|p1a: Darmanitan
|-sidestart|p1: Sarcastrophe|move: Stealth Rock
|
|turn|8
|
|switch|p2a: Blastoise|Blastoise, M|270\/361
|-damage|p2a: Blastoise|225\/361|[from] Stealth Rock
|move|p1a: Darmanitan|Flare Blitz|p2a: Blastoise
|-resisted|p2a: Blastoise
|-damage|p2a: Blastoise|45\/361
|-damage|p1a: Darmanitan|292\/351|[from] recoil|[of] p2a: Blastoise
|
|-heal|p2a: Blastoise|67\/361|[from] item: Leftovers
|turn|9
|c|âBlue Toothbrush|cb?
|c|âSarcastrophe|That would be telling. :p
|
|move|p1a: Darmanitan|Flare Blitz|p2a: Blastoise
|-resisted|p2a: Blastoise
|-damage|p2a: Blastoise|0 fnt
|-damage|p1a: Darmanitan|270\/351|[from] recoil|[of] p2a: Blastoise
|faint|p2a: Blastoise
|
|
|switch|p2a: Hydreigon|Hydreigon, F|325\/325
|-damage|p2a: Hydreigon|285\/325|[from] Stealth Rock
|turn|10
|c|âSarcastrophe|Keeping in mind there are only 3 items for a Darmanitan and it's definitely not Scarf damage.
|
|switch|p1a: Milotic|Milotic, M|394\/394
|-damage|p1a: Milotic|345\/394|[from] Stealth Rock
|move|p2a: Hydreigon|Dark Pulse|p1a: Milotic
|-damage|p1a: Milotic|236\/394
|
|-heal|p1a: Milotic|260\/394|[from] item: Leftovers
|turn|11
|
|switch|p2a: Ampharos|Ampharos-Mega, F|279\/373
|-damage|p2a: Ampharos|233\/373|[from] Stealth Rock
|-ability|p2a: Ampharos|Mold Breaker
|move|p1a: Milotic|Recover|p1a: Milotic
|-heal|p1a: Milotic|394\/394
|
|turn|12
|
|move|p1a: Milotic|Recover|p1a: Milotic
|-fail|p1a: Milotic
|move|p2a: Ampharos|Thunderbolt|p1a: Milotic
|-supereffective|p1a: Milotic
|-damage|p1a: Milotic|52\/394
|
|-heal|p1a: Milotic|76\/394|[from] item: Leftovers
|turn|13
|
|move|p1a: Milotic|Ice Beam|p2a: Ampharos
|-supereffective|p2a: Ampharos
|-damage|p2a: Ampharos|101\/373
|move|p2a: Ampharos|Dragon Pulse|p1a: Milotic
|-damage|p1a: Milotic|0 fnt
|faint|p1a: Milotic
|
|
|switch|p1a: Celebi|Celebi|342\/342
|-damage|p1a: Celebi|300\/342|[from] Stealth Rock
|turn|14
|
|move|p1a: Celebi|Earth Power|p2a: Ampharos
|-supereffective|p2a: Ampharos
|-damage|p2a: Ampharos|0 fnt
|-damage|p1a: Celebi|266\/342|[from] item: Life Orb
|faint|p2a: Ampharos
|
|
|switch|p2a: Hydreigon|Hydreigon, F|285\/325
|-damage|p2a: Hydreigon|245\/325|[from] Stealth Rock
|turn|15
|
|move|p2a: Hydreigon|Dark Pulse|p1a: Celebi
|-supereffective|p1a: Celebi
|-damage|p1a: Celebi|0 fnt
|faint|p1a: Celebi
|
|
|switch|p1a: Forretress|Forretress, M|310\/354
|-damage|p1a: Forretress|266\/354|[from] Stealth Rock
|turn|16
|
|move|p2a: Hydreigon|Dark Pulse|p1a: Forretress
|-damage|p1a: Forretress|53\/354
|move|p1a: Forretress|Gyro Ball|p2a: Hydreigon
|-damage|p2a: Hydreigon|71\/325
|
|-heal|p1a: Forretress|75\/354|[from] item: Leftovers
|turn|17
|
|move|p2a: Hydreigon|Dark Pulse|p1a: Forretress
|-damage|p1a: Forretress|0 fnt
|faint|p1a: Forretress
|
|
|switch|p1a: Aerodactyl|Aerodactyl, M|302\/302
|-damage|p1a: Aerodactyl|227\/302|[from] Stealth Rock
|-ability|p1a: Aerodactyl|Pressure
|turn|18
|
|switch|p2a: Florges|Florges, F|290\/359
|-damage|p2a: Florges|246\/359|[from] Stealth Rock
|detailschange|p1a: Aerodactyl|Aerodactyl-Mega, M
|message|Aerodactyl has Mega Evolved into Mega Aerodactyl!
|move|p1a: Aerodactyl|Aerial Ace|p2a: Florges
|-damage|p2a: Florges|71\/359
|
|-heal|p2a: Florges|93\/359|[from] item: Leftovers
|turn|19
|
|move|p1a: Aerodactyl|Aerial Ace|p2a: Florges
|-damage|p2a: Florges|0 fnt
|faint|p2a: Florges
|
|
|switch|p2a: Krookodile|Krookodile, M|331\/331
|-damage|p2a: Krookodile|311\/331|[from] Stealth Rock
|-ability|p2a: Krookodile|Intimidate|[of] p1a: Aerodactyl
|-unboost|p1a: Aerodactyl|atk|1
|turn|20
|
|switch|p1a: Nidoking|Nidoking, M|63\/304
|-damage|p1a: Nidoking|44\/304|[from] Stealth Rock
|move|p2a: Krookodile|Knock Off|p1a: Nidoking
|-damage|p1a: Nidoking|0 fnt
|-enditem|p1a: Nidoking|Life Orb|[from] move: Knock Off|[of] p2a: Krookodile
|faint|p1a: Nidoking
|
|
|switch|p1a: Darmanitan|Darmanitan, M|270\/351
|-damage|p1a: Darmanitan|183\/351|[from] Stealth Rock
|turn|21
|
|switch|p2a: Nidoqueen|Nidoqueen, F|333\/333
|-damage|p2a: Nidoqueen|313\/333|[from] Stealth Rock
|move|p1a: Darmanitan|Superpower|p2a: Nidoqueen
|-resisted|p2a: Nidoqueen
|-damage|p2a: Nidoqueen|166\/333
|-unboost|p1a: Darmanitan|atk|1
|-unboost|p1a: Darmanitan|def|1
|
|turn|22
|
|move|p1a: Darmanitan|Superpower|p2a: Nidoqueen
|-resisted|p2a: Nidoqueen
|-damage|p2a: Nidoqueen|68\/333
|-unboost|p1a: Darmanitan|atk|1
|-unboost|p1a: Darmanitan|def|1
|move|p2a: Nidoqueen|Sludge Wave|p1a: Darmanitan
|-damage|p1a: Darmanitan|0 fnt
|faint|p1a: Darmanitan
|
|
|switch|p1a: Aerodactyl|Aerodactyl-Mega, M|227\/302
|-damage|p1a: Aerodactyl|152\/302|[from] Stealth Rock
|turn|23
|c|âSarcastrophe|gg
|
|move|p1a: Aerodactyl|Aerial Ace|p2a: Nidoqueen
|-damage|p2a: Nidoqueen|0 fnt
|faint|p2a: Nidoqueen
|
|
|switch|p2a: Hydreigon|Hydreigon, F|71\/325
|-damage|p2a: Hydreigon|31\/325|[from] Stealth Rock
|turn|24
|
|move|p2a: Hydreigon|Draco Meteor|p1a: Aerodactyl
|-damage|p1a: Aerodactyl|0 fnt
|-unboost|p2a: Hydreigon|spa|2
|faint|p1a: Aerodactyl
|
|win|Blue Toothbrush
|raw|Ladder updating...
|raw|Sarcastrophe's rating: 1509 &rarr; <strong>1486<\/strong><br \/>(-23 for losing)
|raw|Blue Toothbrush's rating: 1451 &rarr; <strong>1474<\/strong><br \/>(+23 for winning)
|c|âBlue Toothbrush|gg
|leave|Sarcastrophe
|player|p1