|join|Im Not A Pedohile
|join|Sarcastrophe
|player|p1|Im Not A Pedohile|2
|player|p2|Sarcastrophe|101
|gametype|singles
|gen|6
|tier|UU
|rated
|rule|Sleep Clause Mod: Limit one foe put to sleep
|rule|Species Clause: Limit one of each PokÃ©mon
|rule|OHKO Clause: OHKO moves are banned
|rule|Moody Clause: Moody is banned
|rule|Evasion Moves Clause: Evasion moves are banned
|rule|Endless Battle Clause: Forcing endless battles is banned
|rule|HP Percentage Mod: HP is shown in percentages
|clearpoke
|poke|p1|Sharpedo, F
|poke|p1|Aggron, M
|poke|p1|Honchkrow, M
|poke|p1|Nidoking, M
|poke|p1|Tentacruel, M
|poke|p1|Noivern, F
|poke|p2|Nidoking, M
|poke|p2|Milotic, F
|poke|p2|Aerodactyl, F
|poke|p2|Machamp, F
|poke|p2|Celebi
|poke|p2|Forretress, F
|rule|Swagger Clause: Swagger is banned
|rule|Baton Pass Clause: Limit one PokÃ©mon knowing Baton Pass
|teampreview
|
|start
|switch|p1a: Aggron|Aggron, M|344\/344
|switch|p2a: Forretress|Forretress, F|354\/354
|turn|1
|
|detailschange|p1a: Aggron|Aggron-Mega, M
|-mega|p1a: Aggron|Aggron|Aggronite
|move|p1a: Aggron|Stealth Rock|p2a: Forretress
|-sidestart|p2: Sarcastrophe|move: Stealth Rock
|move|p2a: Forretress|Stealth Rock|p1a: Aggron
|-sidestart|p1: Im Not A Pedohile|move: Stealth Rock
|
|turn|2
|
|switch|p1a: Tentacruel|Tentacruel, M|361\/361
|-damage|p1a: Tentacruel|316\/361|[from] Stealth Rock
|move|p2a: Forretress|Rapid Spin|p1a: Tentacruel
|-damage|p1a: Tentacruel|301\/361
|-sideend|p2: Sarcastrophe|Stealth Rock|[from] move: Rapid Spin|[of] p2a: Forretress
|
|-heal|p1a: Tentacruel|323\/361|[from] item: Black Sludge
|turn|3
|
|move|p1a: Tentacruel|Rapid Spin|p2a: Forretress
|-resisted|p2a: Forretress
|-damage|p2a: Forretress|350\/354
|-sideend|p1: Im Not A Pedohile|Stealth Rock|[from] move: Rapid Spin|[of] p1a: Tentacruel
|move|p2a: Forretress|Volt Switch|p1a: Tentacruel
|-supereffective|p1a: Tentacruel
|-damage|p1a: Tentacruel|261\/361
|
|switch|p2a: Aerodactyl|Aerodactyl, F|302\/302
|-ability|p2a: Aerodactyl|Pressure
|
|-heal|p1a: Tentacruel|283\/361|[from] item: Black Sludge
|turn|4
|
|detailschange|p2a: Aerodactyl|Aerodactyl-Mega, F
|-mega|p2a: Aerodactyl|Aerodactyl|Aerodactylite
|move|p2a: Aerodactyl|Aerial Ace|p1a: Tentacruel
|-damage|p1a: Tentacruel|151\/361
|move|p1a: Tentacruel|Scald|p2a: Aerodactyl
|-supereffective|p2a: Aerodactyl
|-damage|p2a: Aerodactyl|134\/302
|
|-heal|p1a: Tentacruel|173\/361|[from] item: Black Sludge
|turn|5
|
|switch|p1a: Aggron|Aggron-Mega, M|344\/344
|move|p2a: Aerodactyl|Earthquake|p1a: Aggron
|-supereffective|p1a: Aggron
|-damage|p1a: Aggron|253\/344
|
|turn|6
|
|switch|p2a: Forretress|Forretress, F|350\/354
|move|p1a: Aggron|Thunder Wave|p2a: Forretress
|-status|p2a: Forretress|par
|
|-heal|p2a: Forretress|354\/354 par|[from] item: Leftovers
|turn|7
|
|switch|p1a: Tentacruel|Tentacruel, M|173\/361
|move|p2a: Forretress|Stealth Rock|p1a: Tentacruel
|-sidestart|p1: Im Not A Pedohile|move: Stealth Rock
|
|-heal|p1a: Tentacruel|195\/361|[from] item: Black Sludge
|turn|8
|
|move|p1a: Tentacruel|Rapid Spin|p2a: Forretress
|-crit|p2a: Forretress
|-resisted|p2a: Forretress
|-damage|p2a: Forretress|348\/354 par
|-sideend|p1: Im Not A Pedohile|Stealth Rock|[from] move: Rapid Spin|[of] p1a: Tentacruel
|move|p2a: Forretress|Volt Switch|p1a: Tentacruel
|-supereffective|p1a: Tentacruel
|-damage|p1a: Tentacruel|131\/361
|
|switch|p2a: Celebi|Celebi|342\/342
|
|-heal|p1a: Tentacruel|153\/361|[from] item: Black Sludge
|turn|9
|
|switch|p1a: Noivern|Noivern, F|311\/311
|move|p2a: Celebi|Nasty Plot|p2a: Celebi
|-boost|p2a: Celebi|spa|2
|
|turn|10
|
|switch|p2a: Milotic|Milotic, F|394\/394
|move|p1a: Noivern|Hurricane|p2a: Milotic
|-damage|p2a: Milotic|204\/394
|
|-heal|p2a: Milotic|228\/394|[from] item: Leftovers
|turn|11
|
|move|p1a: Noivern|Hurricane|p2a: Milotic
|-damage|p2a: Milotic|33\/394
|move|p2a: Milotic|Recover|p2a: Milotic
|-heal|p2a: Milotic|230\/394
|
|-heal|p2a: Milotic|254\/394|[from] item: Leftovers
|turn|12
|
|move|p1a: Noivern|Hurricane|p2a: Milotic
|-damage|p2a: Milotic|73\/394
|move|p2a: Milotic|Recover|p2a: Milotic
|-heal|p2a: Milotic|270\/394
|
|-heal|p2a: Milotic|294\/394|[from] item: Leftovers
|turn|13
|
|move|p1a: Noivern|Hurricane|p2a: Milotic
|-damage|p2a: Milotic|102\/394
|-start|p2a: Milotic|confusion
|-activate|p2a: Milotic|confusion
|-damage|p2a: Milotic|85\/394|[from] confusion
|
|-heal|p2a: Milotic|109\/394|[from] item: Leftovers
|turn|14
|
|move|p1a: Noivern|Hurricane|p2a: Milotic|[miss]
|-miss|p1a: Noivern|p2a: Milotic
|-end|p2a: Milotic|confusion
|move|p2a: Milotic|Recover|p2a: Milotic
|-heal|p2a: Milotic|306\/394
|
|-heal|p2a: Milotic|330\/394|[from] item: Leftovers
|turn|15
|
|move|p1a: Noivern|Hurricane|p2a: Milotic
|-damage|p2a: Milotic|138\/394
|-start|p2a: Milotic|confusion
|-activate|p2a: Milotic|confusion
|move|p2a: Milotic|Recover|p2a: Milotic
|-heal|p2a: Milotic|335\/394
|
|-heal|p2a: Milotic|359\/394|[from] item: Leftovers
|turn|16
|
|switch|p2a: Forretress|Forretress, F|348\/354 par
|move|p1a: Noivern|Hurricane|p2a: Forretress
|-damage|p2a: Forretress|119\/354 par
|-start|p2a: Forretress|confusion
|
|-heal|p2a: Forretress|141\/354 par|[from] item: Leftovers
|turn|17
|
|switch|p2a: Milotic|Milotic, F|359\/394
|move|p1a: Noivern|Hurricane|p2a: Milotic
|-damage|p2a: Milotic|157\/394
|-start|p2a: Milotic|confusion
|
|-heal|p2a: Milotic|181\/394|[from] item: Leftovers
|turn|18
|
|move|p1a: Noivern|Hurricane|p2a: Milotic
|-damage|p2a: Milotic|0 fnt
|faint|p2a: Milotic
|
|-message|Sarcastrophe forfeited.
|
|win|Im Not A Pedohile
|raw|Ladder updating...
|leave|Sarcastrophe
|player|p2
|raw|Im Not A Pedohile's rating: 1481 &rarr; <strong>1500<\/strong><br \/>(+19 for winning)
|raw|Sarcastrophe's rating: 1457 &rarr; <strong>1438<\/strong><br \/>(-19 for losing)