|join|elwind
|join|dr doofenshmirtz
|player|p1|elwind|218
|player|p2|dr doofenshmirtz|1
|gametype|singles
|gen|6
|tier|OU
|clearpoke
|poke|p1|Aegislash, M
|poke|p1|Thundurus, M
|poke|p1|Roserade, M
|poke|p1|Keldeo
|poke|p1|Heracross, M
|poke|p1|Heatran, M
|poke|p2|Noivern, F
|poke|p2|Greninja, M
|poke|p2|Chesnaught, F
|poke|p2|Umbreon, F
|poke|p2|Garchomp, F
|poke|p2|Aegislash, M
|rule|Sleep Clause Mod: Limit one foe put to sleep
|rule|Species Clause: Limit one of each Pokemon
|rule|OHKO Clause: OHKO moves are banned
|rule|Moody Clause: Moody is banned
|rule|Evasion Moves Clause: Evasion moves are banned
|rule|Endless Battle Clause: Forcing endless battles is banned.
|rule|HP Percentage Mod: HP is reported as percentages
|teampreview
|
|start
|switch|p1a: Heracross|Heracross, M|364\/364
|switch|p2a: Greninja|Greninja, M|285\/285
|turn|1
|
|detailschange|p1a: Heracross|Heracross-Mega, M
|message|Heracross has Mega Evolved into Mega Heracross!
|-start|p2a: Greninja|typechange|Poison|[from] Protean
|move|p2a: Greninja|Toxic Spikes|p1a: Heracross
|-sidestart|p1: elwind|move: Toxic Spikes
|move|p1a: Heracross|Bullet Seed|p2a: Greninja
|-resisted|p2a: Greninja
|-damage|p2a: Greninja|257\/285
|-resisted|p2a: Greninja
|-damage|p2a: Greninja|228\/285
|-resisted|p2a: Greninja
|-damage|p2a: Greninja|201\/285
|-resisted|p2a: Greninja
|-damage|p2a: Greninja|173\/285
|-resisted|p2a: Greninja
|-damage|p2a: Greninja|146\/285
|-hitcount|p2a: Greninja|5
|
|turn|2
|
|switch|p2a: Chesnaught|Chesnaught, F|380\/380
|move|p1a: Heracross|Rock Blast|p2a: Chesnaught
|-resisted|p2a: Chesnaught
|-damage|p2a: Chesnaught|365\/380
|-resisted|p2a: Chesnaught
|-damage|p2a: Chesnaught|353\/380
|-resisted|p2a: Chesnaught
|-damage|p2a: Chesnaught|338\/380
|-resisted|p2a: Chesnaught
|-damage|p2a: Chesnaught|324\/380
|-resisted|p2a: Chesnaught
|-damage|p2a: Chesnaught|309\/380
|-hitcount|p2a: Chesnaught|5
|
|-heal|p2a: Chesnaught|332\/380|[from] item: Leftovers
|turn|3
|
|switch|p1a: Thundurus|Thundurus, M|300\/300
|move|p2a: Chesnaught|Leech Seed|p1a: Thundurus
|-start|p1a: Thundurus|move: Leech Seed
|
|-heal|p2a: Chesnaught|355\/380|[from] item: Leftovers
|-damage|p1a: Thundurus|263\/300|[from] Leech Seed|[of] p2a: Chesnaught
|-heal|p2a: Chesnaught|380\/380|[silent]
|turn|4
|
|switch|p1a: Roserade|Roserade, M|274\/274
|-sideend|p1: elwind|move: Toxic Spikes|[of] p1a: Roserade
|move|p2a: Chesnaught|Spiky Shield|p2a: Chesnaught
|-fail|p2a: Chesnaught
|
|turn|5
|
|move|p1a: Roserade|Hidden Power|p2a: Chesnaught
|-supereffective|p2a: Chesnaught
|-damage|p2a: Chesnaught|39\/380
|-damage|p1a: Roserade|247\/274|[from] item: Life Orb
|move|p2a: Chesnaught|Hammer Arm|p1a: Roserade
|-resisted|p1a: Roserade
|-damage|p1a: Roserade|160\/274
|-unboost|p2a: Chesnaught|spe|1
|
|-heal|p2a: Chesnaught|62\/380|[from] item: Leftovers
|turn|6
|
|switch|p2a: Noivern|Noivern, F|311\/311
|move|p1a: Roserade|Hidden Power|p2a: Noivern
|-resisted|p2a: Noivern
|-damage|p2a: Noivern|233\/311
|-damage|p1a: Roserade|133\/274|[from] item: Life Orb
|
|turn|7
|
|switch|p1a: Heatran|Heatran, M|386\/386
|move|p2a: Noivern|Focus Blast|p1a: Heatran|[miss]
|-miss|p2a: Noivern|p1a: Heatran
|
|turn|8
|
|move|p2a: Noivern|Taunt|p1a: Heatran
|-start|p1a: Heatran|move: Taunt
|cant|p1a: Heatran|move: Taunt|Stealth Rock
|
|turn|9
|
|switch|p2a: Garchomp|Garchomp, F|400\/400
|switch|p1a: Aegislash|Aegislash, M|280\/280
|
|turn|10
|
|switch|p1a: Keldeo|Keldeo|324\/324
|move|p2a: Garchomp|Stealth Rock|p1a: Keldeo
|-sidestart|p1: elwind|move: Stealth Rock
|
|turn|11
|
|switch|p2a: Noivern|Noivern, F|233\/311
|move|p1a: Keldeo|Hydro Pump|p2a: Noivern
|-resisted|p2a: Noivern
|-damage|p2a: Noivern|47\/311
|
|turn|12
|
|switch|p1a: Aegislash|Aegislash, M|280\/280
|-damage|p1a: Aegislash|263\/280|[from] Stealth Rock
|move|p2a: Noivern|Roost|p2a: Noivern
|-heal|p2a: Noivern|203\/311
|
|turn|13
|
|switch|p2a: Umbreon|Umbreon, F|394\/394
|switch|p1a: Heatran|Heatran, M|386\/386
|-damage|p1a: Heatran|338\/386|[from] Stealth Rock
|
|-heal|p1a: Heatran|362\/386|[from] item: Leftovers
|turn|14
|
|move|p1a: Heatran|Stealth Rock|p2a: Umbreon
|-sidestart|p2: dr doofenshmirtz|move: Stealth Rock
|move|p2a: Umbreon|Wish|p2a: Umbreon
|
|-heal|p1a: Heatran|386\/386|[from] item: Leftovers
|turn|15
|
|switch|p2a: Greninja|Greninja, M|146\/285
|-damage|p2a: Greninja|111\/285|[from] Stealth Rock
|move|p1a: Heatran|Roar|p2a: Greninja
|drag|p2a: Chesnaught|Chesnaught, F|62\/380
|-damage|p2a: Chesnaught|39\/380|[from] Stealth Rock
|
|-heal|p2a: Chesnaught|236\/380|[from] move: Wish|[wisher] Umbreon
|-heal|p2a: Chesnaught|259\/380|[from] item: Leftovers
|turn|16
|chat|elwind|eff
|chat|dr doofenshmirtz|lol
|
|move|p2a: Chesnaught|Spiky Shield|p2a: Chesnaught
|-singleturn|p2a: Chesnaught|move: Protect
|move|p1a: Heatran|Lava Plume|p2a: Chesnaught
|-activate|p2a: Chesnaught|move: Protect
|
|-heal|p2a: Chesnaught|282\/380|[from] item: Leftovers
|turn|17
|
|switch|p2a: Umbreon|Umbreon, F|394\/394
|-damage|p2a: Umbreon|345\/394|[from] Stealth Rock
|move|p1a: Heatran|Lava Plume|p2a: Umbreon
|-damage|p2a: Umbreon|278\/394
|-status|p2a: Umbreon|brn
|
|-damage|p2a: Umbreon|229\/394 brn|[from] brn
|turn|18
|
|switch|p1a: Heracross|Heracross-Mega, M|364\/364
|-damage|p1a: Heracross|319\/364|[from] Stealth Rock
|move|p2a: Umbreon|Heal Bell|p2a: Umbreon
|-cureteam|p2a: Umbreon|[from] move: HealBell
|
|turn|19
|
|switch|p2a: Garchomp|Garchomp, F|400\/400
|-damage|p2a: Garchomp|375\/400|[from] Stealth Rock
|move|p1a: Heracross|Close Combat|p2a: Garchomp
|-damage|p2a: Garchomp|135\/400
|-damage|p1a: Heracross|274\/364|[from] ability: Rough Skin|[of] p2a: Garchomp
|-damage|p1a: Heracross|214\/364|[from] item: Rocky Helmet|[of] p2a: Garchomp
|-unboost|p1a: Heracross|def|1
|-unboost|p1a: Heracross|spd|1
|
|turn|20
|
|switch|p1a: Thundurus|Thundurus, M|263\/300
|-damage|p1a: Thundurus|188\/300|[from] Stealth Rock
|move|p2a: Garchomp|Dragon Tail|p1a: Thundurus
|-damage|p1a: Thundurus|79\/300
|drag|p1a: Keldeo|Keldeo|324\/324
|-damage|p1a: Keldeo|304\/324|[from] Stealth Rock
|
|turn|21
|
|switch|p2a: Greninja|Greninja, M|111\/285
|-damage|p2a: Greninja|76\/285|[from] Stealth Rock
|move|p1a: Keldeo|Scald|p2a: Greninja
|-crit|p2a: Greninja
|-resisted|p2a: Greninja
|-damage|p2a: Greninja|0 fnt
|faint|p2a: Greninja
|
|
|switch|p2a: Noivern|Noivern, F|203\/311
|-damage|p2a: Noivern|126\/311|[from] Stealth Rock
|turn|22
|
|switch|p1a: Aegislash|Aegislash, M|263\/280
|-damage|p1a: Aegislash|246\/280|[from] Stealth Rock
|move|p2a: Noivern|Roost|p2a: Noivern
|-heal|p2a: Noivern|282\/311
|
|turn|23
|
|switch|p2a: Umbreon|Umbreon, F|229\/394
|-damage|p2a: Umbreon|180\/394|[from] Stealth Rock
|-formechange|p1a: Aegislash|Aegislash-Blade
|move|p1a: Aegislash|Shadow Ball|p2a: Umbreon
|-resisted|p2a: Umbreon
|-damage|p2a: Umbreon|110\/394
|-damage|p1a: Aegislash|218\/280|[from] item: Life Orb
|
|turn|24
|
|switch|p1a: Heracross|Heracross-Mega, M|214\/364
|-damage|p1a: Heracross|169\/364|[from] Stealth Rock
|move|p2a: Umbreon|Foul Play|p1a: Heracross
|-resisted|p1a: Heracross
|-damage|p1a: Heracross|64\/364
|
|turn|25
|
|move|p1a: Heracross|Earthquake|p2a: Umbreon
|-damage|p2a: Umbreon|0 fnt
|faint|p2a: Umbreon
|
|
|switch|p2a: Garchomp|Garchomp, F|135\/400
|-damage|p2a: Garchomp|110\/400|[from] Stealth Rock
|turn|26
|
|move|p2a: Garchomp|Earthquake|p1a: Heracross
|-resisted|p1a: Heracross
|-damage|p1a: Heracross|1\/364
|move|p1a: Heracross|Close Combat|p2a: Garchomp
|-damage|p2a: Garchomp|0 fnt
|-damage|p1a: Heracross|0 fnt|[from] ability: Rough Skin|[of] p2a: Garchomp
|faint|p2a: Garchomp
|faint|p1a: Heracross
|
|
|switch|p2a: Noivern|Noivern, F|282\/311
|-damage|p2a: Noivern|205\/311|[from] Stealth Rock
|switch|p1a: Roserade|Roserade, M|133\/274
|-damage|p1a: Roserade|99\/274|[from] Stealth Rock
|turn|27
|
|switch|p1a: Thundurus|Thundurus, M|79\/300
|-damage|p1a: Thundurus|4\/300|[from] Stealth Rock
|move|p2a: Noivern|Hurricane|p1a: Thundurus
|-resisted|p1a: Thundurus
|-damage|p1a: Thundurus|0 fnt
|-damage|p2a: Noivern|174\/311|[from] item: Life Orb
|faint|p1a: Thundurus
|
|
|switch|p1a: Aegislash|Aegislash, M|218\/280
|-damage|p1a: Aegislash|201\/280|[from] Stealth Rock
|turn|28
|
|switch|p2a: Chesnaught|Chesnaught, F|282\/380
|-damage|p2a: Chesnaught|259\/380|[from] Stealth Rock
|-formechange|p1a: Aegislash|Aegislash-Blade
|move|p1a: Aegislash|Iron Head|p2a: Chesnaught
|-damage|p2a: Chesnaught|141\/380
|-damage|p1a: Aegislash|173\/280|[from] item: Life Orb
|
|-heal|p2a: Chesnaught|164\/380|[from] item: Leftovers
|turn|29
|
|switch|p1a: Roserade|Roserade, M|99\/274
|-damage|p1a: Roserade|65\/274|[from] Stealth Rock
|move|p2a: Chesnaught|Stone Edge|p1a: Roserade
|-damage|p1a: Roserade|0 fnt
|faint|p1a: Roserade
|
|-heal|p2a: Chesnaught|187\/380|[from] item: Leftovers
|
|switch|p1a: Heatran|Heatran, M|386\/386
|-damage|p1a: Heatran|338\/386|[from] Stealth Rock
|turn|30
|
|move|p2a: Chesnaught|Spiky Shield|p2a: Chesnaught
|-singleturn|p2a: Chesnaught|move: Protect
|move|p1a: Heatran|Lava Plume|p2a: Chesnaught
|-activate|p2a: Chesnaught|move: Protect
|
|-heal|p1a: Heatran|362\/386|[from] item: Leftovers
|-heal|p2a: Chesnaught|210\/380|[from] item: Leftovers
|turn|31
|chat|elwind|ahh
|chat|elwind|should have sent thund instead of rose
|
|move|p1a: Heatran|Lava Plume|p2a: Chesnaught
|-supereffective|p2a: Chesnaught
|-damage|p2a: Chesnaught|0 fnt
|faint|p2a: Chesnaught
|
|-heal|p1a: Heatran|386\/386|[from] item: Leftovers
|chat|dr doofenshmirtz|roar
|chat|dr doofenshmirtz|aww
|
|switch|p2a: Noivern|Noivern, F|174\/311
|-damage|p2a: Noivern|97\/311|[from] Stealth Rock
|turn|32
|
|move|p2a: Noivern|Hurricane|p1a: Heatran
|-resisted|p1a: Heatran
|-damage|p1a: Heatran|295\/386
|-damage|p2a: Noivern|66\/311|[from] item: Life Orb
|move|p1a: Heatran|Ancient Power|p2a: Noivern
|-supereffective|p2a: Noivern
|-damage|p2a: Noivern|0 fnt
|faint|p2a: Noivern
|
|-heal|p1a: Heatran|319\/386|[from] item: Leftovers
|
|switch|p2a: Aegislash|Aegislash, M|262\/262
|-damage|p2a: Aegislash|246\/262|[from] Stealth Rock
|turn|33
|
|move|p2a: Aegislash|Swords Dance|p2a: Aegislash
|-boost|p2a: Aegislash|atk|2
|move|p1a: Heatran|Lava Plume|p2a: Aegislash
|-supereffective|p2a: Aegislash
|-damage|p2a: Aegislash|78\/262
|
|-heal|p1a: Heatran|343\/386|[from] item: Leftovers
|turn|34
|
|-formechange|p2a: Aegislash|Aegislash-Blade
|move|p2a: Aegislash|Sacred Sword|p1a: Heatran
|-supereffective|p1a: Heatran
|-damage|p1a: Heatran|0 fnt
|-damage|p2a: Aegislash|52\/262|[from] item: Life Orb
|faint|p1a: Heatran
|
|
|switch|p1a: Keldeo|Keldeo|304\/324
|-damage|p1a: Keldeo|284\/324|[from] Stealth Rock
|turn|35
|
|move|p2a: Aegislash|Shadow Sneak|p1a: Keldeo
|-damage|p1a: Keldeo|45\/324
|-damage|p2a: Aegislash|26\/262|[from] item: Life Orb
|move|p1a: Keldeo|Scald|p2a: Aegislash
|-crit|p2a: Aegislash
|-damage|p2a: Aegislash|0 fnt
|faint|p2a: Aegislash
|
|win|elwind
|chat|elwind|gg
|chat|dr doofenshmirtz|gg
|leave|dr doofenshmirtz
|player|p2