|join|Cinchilla
|join|elwind
|player|p1|Cinchilla|169
|player|p2|elwind|266
|gametype|singles
|gen|6
|tier|OU
|clearpoke
|poke|p1|Keldeo-Resolute
|poke|p1|Bisharp, M
|poke|p1|Gengar, M
|poke|p1|Gallade, M
|poke|p1|Garchomp, M
|poke|p1|Greninja, F
|poke|p2|Politoed, M
|poke|p2|Scizor, F
|poke|p2|Magnezone
|poke|p2|Ferrothorn, F
|poke|p2|Landorus, M
|poke|p2|Kingdra, F
|rule|Swagger Clause: Swagger is banned
|rule|Baton Pass Clause: Limit one PokÃ©mon knowing Baton Pass
|rule|Sleep Clause Mod: Limit one foe put to sleep
|rule|Species Clause: Limit one of each PokÃ©mon
|rule|OHKO Clause: OHKO moves are banned
|rule|Moody Clause: Moody is banned
|rule|Evasion Moves Clause: Evasion moves are banned
|rule|Endless Battle Clause: Forcing endless battles is banned
|rule|HP Percentage Mod: HP is shown in percentages
|teampreview
|
|start
|switch|p1a: Garchomp|Garchomp, M|358\/358
|switch|p2a: Politoed|Politoed, M|384\/384
|-weather|RainDance
|turn|1
|
|move|p1a: Garchomp|Stealth Rock|p2a: Politoed
|-sidestart|p2: elwind|move: Stealth Rock
|move|p2a: Politoed|Scald|p1a: Garchomp
|-damage|p1a: Garchomp|220\/358
|
|-weather|RainDance|[upkeep]
|turn|2
|
|move|p1a: Garchomp|Swords Dance|p1a: Garchomp
|-boost|p1a: Garchomp|atk|2
|move|p2a: Politoed|Scald|p1a: Garchomp
|-damage|p1a: Garchomp|70\/358
|-status|p1a: Garchomp|brn
|-enditem|p1a: Garchomp|Lum Berry|[eat]
|-curestatus|p1a: Garchomp|brn
|
|-weather|RainDance|[upkeep]
|turn|3
|
|switch|p2a: Scizor|Scizor, F|344\/344
|-damage|p2a: Scizor|301\/344|[from] Stealth Rock
|move|p1a: Garchomp|Earthquake|p2a: Scizor
|-damage|p2a: Scizor|0 fnt
|faint|p2a: Scizor
|
|-weather|RainDance|[upkeep]
|
|switch|p2a: Kingdra|Kingdra, F|297\/297
|-damage|p2a: Kingdra|260\/297|[from] Stealth Rock
|turn|4
|
|move|p2a: Kingdra|Surf|p1a: Garchomp
|-damage|p1a: Garchomp|0 fnt
|faint|p1a: Garchomp
|
|-weather|RainDance|[upkeep]
|
|switch|p1a: Keldeo-Resolute|Keldeo-Resolute|324\/324
|turn|5
|
|move|p2a: Kingdra|Surf|p1a: Keldeo-Resolute
|-crit|p1a: Keldeo-Resolute
|-resisted|p1a: Keldeo-Resolute
|-damage|p1a: Keldeo-Resolute|60\/324
|move|p1a: Keldeo-Resolute|Icy Wind|p2a: Kingdra
|-damage|p2a: Kingdra|194\/297
|-unboost|p2a: Kingdra|spe|1
|
|-weather|RainDance|[upkeep]
|turn|6
|
|move|p1a: Keldeo-Resolute|Icy Wind|p2a: Kingdra
|-damage|p2a: Kingdra|129\/297
|-unboost|p2a: Kingdra|spe|1
|move|p2a: Kingdra|Surf|p1a: Keldeo-Resolute
|-resisted|p1a: Keldeo-Resolute
|-damage|p1a: Keldeo-Resolute|0 fnt
|faint|p1a: Keldeo-Resolute
|
|-weather|RainDance|[upkeep]
|
|switch|p1a: Greninja|Greninja, F|285\/285
|turn|7
|
|switch|p2a: Ferrothorn|Ferrothorn, F|352\/352
|-damage|p2a: Ferrothorn|330\/352|[from] Stealth Rock
|move|p1a: Greninja|Ice Beam|p2a: Ferrothorn
|-start|p1a: Greninja|typechange|Ice|[from] Protean
|-damage|p2a: Ferrothorn|190\/352
|-damage|p1a: Greninja|257\/285|[from] item: Life Orb
|
|-weather|RainDance|[upkeep]
|-heal|p2a: Ferrothorn|212\/352|[from] item: Leftovers
|turn|8
|
|move|p1a: Greninja|Hidden Power|p2a: Ferrothorn
|-start|p1a: Greninja|typechange|Fire|[from] Protean
|-supereffective|p2a: Ferrothorn
|-damage|p2a: Ferrothorn|40\/352
|-damage|p1a: Greninja|229\/285|[from] item: Life Orb
|move|p2a: Ferrothorn|Gyro Ball|p1a: Greninja
|-resisted|p1a: Greninja
|-damage|p1a: Greninja|103\/285
|
|-weather|none
|-heal|p2a: Ferrothorn|62\/352|[from] item: Leftovers
|turn|9
|
|switch|p2a: Politoed|Politoed, M|384\/384
|-damage|p2a: Politoed|336\/384|[from] Stealth Rock
|-weather|RainDance
|move|p1a: Greninja|Ice Beam|p2a: Politoed
|-start|p1a: Greninja|typechange|Ice|[from] Protean
|-resisted|p2a: Politoed
|-damage|p2a: Politoed|250\/384
|-damage|p1a: Greninja|75\/285|[from] item: Life Orb
|
|-weather|RainDance|[upkeep]
|turn|10
|
|move|p1a: Greninja|Grass Knot|p2a: Politoed
|-start|p1a: Greninja|typechange|Grass|[from] Protean
|-supereffective|p2a: Politoed
|-damage|p2a: Politoed|24\/384
|-damage|p1a: Greninja|47\/285|[from] item: Life Orb
|move|p2a: Politoed|Scald|p1a: Greninja
|-resisted|p1a: Greninja
|-damage|p1a: Greninja|0 fnt
|faint|p1a: Greninja
|
|-weather|RainDance|[upkeep]
|
|switch|p1a: Gallade|Gallade, M|278\/278
|turn|11
|
|detailschange|p1a: Gallade|Gallade-Mega, M
|message|Gallade has Mega Evolved into Mega Gallade!
|move|p1a: Gallade|Knock Off|p2a: Politoed
|-damage|p2a: Politoed|0 fnt
|-enditem|p2a: Politoed|Damp Rock|[from] move: Knock Off|[of] p1a: Gallade
|faint|p2a: Politoed
|
|-weather|RainDance|[upkeep]
|
|switch|p2a: Kingdra|Kingdra, F|129\/297
|-damage|p2a: Kingdra|92\/297|[from] Stealth Rock
|turn|12
|
|switch|p1a: Gengar|Gengar, M|261\/261
|move|p2a: Kingdra|Hydro Pump|p1a: Gengar
|-damage|p1a: Gengar|0 fnt
|faint|p1a: Gengar
|
|-weather|RainDance|[upkeep]
|
|switch|p1a: Bisharp|Bisharp, M|271\/271
|turn|13
|
|switch|p2a: Landorus|Landorus, M|336\/336
|-damage|p2a: Landorus|294\/336|[from] Stealth Rock
|move|p1a: Bisharp|Sucker Punch|p2a: Landorus
|-fail|p2a: Landorus
|
|-weather|RainDance|[upkeep]
|turn|14
|
|move|p1a: Bisharp|Sucker Punch|p2a: Landorus
|-crit|p2a: Landorus
|-damage|p2a: Landorus|0 fnt
|-damage|p1a: Bisharp|244\/271|[from] item: Life Orb
|faint|p2a: Landorus
|
|-weather|RainDance|[upkeep]
|c|âelwind|bah
|c|âCinchilla|sorry
|
|switch|p2a: Magnezone|Magnezone|282\/282
|-damage|p2a: Magnezone|265\/282|[from] Stealth Rock
|turn|15
|
|move|p1a: Bisharp|Knock Off|p2a: Magnezone
|-damage|p2a: Magnezone|23\/282
|-enditem|p2a: Magnezone|Choice Specs|[from] move: Knock Off|[of] p1a: Bisharp
|-damage|p1a: Bisharp|217\/271|[from] item: Life Orb
|move|p2a: Magnezone|Thunder|p1a: Bisharp
|-damage|p1a: Bisharp|0 fnt
|faint|p1a: Bisharp
|
|-weather|RainDance|[upkeep]
|
|switch|p1a: Gallade|Gallade-Mega, M|278\/278
|turn|16
|
|move|p1a: Gallade|Knock Off|p2a: Magnezone
|-damage|p2a: Magnezone|0 fnt
|faint|p2a: Magnezone
|
|-weather|none
|c|âCinchilla|"gg"
|c|âelwind|i hate this game
|leave|elwind
|player|p2
|-message|Player 2 lost due to inactivity.
|
|win|Cinchilla