|join|elwind
|join|Stupendous1
|player|p1|elwind|169
|player|p2|Stupendous1|161
|gametype|singles
|gen|6
|tier|OU
|rated
|clearpoke
|poke|p1|Politoed, F
|poke|p1|Scizor, M
|poke|p1|Magnezone
|poke|p1|Ferrothorn, F
|poke|p1|Landorus, M
|poke|p1|Kingdra, F
|poke|p2|Tyranitar, M
|poke|p2|Greninja, M
|poke|p2|Rotom-Wash
|poke|p2|Excadrill, F
|poke|p2|Charizard, F
|poke|p2|Victini
|rule|Swagger Clause: Swagger is banned
|rule|Baton Pass Clause: Limit one PokÃ©mon knowing Baton Pass
|rule|Sleep Clause Mod: Limit one foe put to sleep
|rule|Species Clause: Limit one of each PokÃ©mon
|rule|OHKO Clause: OHKO moves are banned
|rule|Moody Clause: Moody is banned
|rule|Evasion Moves Clause: Evasion moves are banned
|rule|Endless Battle Clause: Forcing endless battles is banned
|rule|HP Percentage Mod: HP is shown in percentages
|teampreview
|
|start
|switch|p1a: Landorus|Landorus, M|336\/336
|switch|p2a: Charizard|Charizard, F|297\/297
|turn|1
|
|switch|p1a: Politoed|Politoed, F|384\/384
|-weather|RainDance
|detailschange|p2a: Charizard|Charizard-Mega-Y, F
|message|Charizard has Mega Evolved into Mega Charizard!
|-weather|SunnyDay
|move|p2a: Charizard|Fire Blast|p1a: Politoed
|-resisted|p1a: Politoed
|-damage|p1a: Politoed|196\/384
|
|-weather|SunnyDay|[upkeep]
|turn|2
|
|switch|p1a: Scizor|Scizor, M|344\/344
|move|p2a: Charizard|Solar Beam|p1a: Scizor|[still]
|-prepare|p2a: Charizard|Solar Beam|p1a: Scizor
|-anim|p2a: Charizard|Solar Beam|p1a: Scizor
|-resisted|p1a: Scizor
|-damage|p1a: Scizor|293\/344
|
|-weather|SunnyDay|[upkeep]
|turn|3
|
|switch|p1a: Politoed|Politoed, F|196\/384
|-weather|RainDance
|move|p2a: Charizard|Fire Blast|p1a: Politoed
|-resisted|p1a: Politoed
|-damage|p1a: Politoed|136\/384
|
|-weather|RainDance|[upkeep]
|turn|4
|
|switch|p2a: Tyranitar|Tyranitar, M|404\/404
|-weather|Sandstorm
|switch|p1a: Kingdra|Kingdra, F|297\/297
|
|-weather|Sandstorm|[upkeep]
|-damage|p1a: Kingdra|279\/297|[from] sandstorm
|turn|5
|
|switch|p2a: Rotom-Wash|Rotom-Wash|303\/303
|move|p1a: Kingdra|Surf|p2a: Rotom-Wash
|-resisted|p2a: Rotom-Wash
|-damage|p2a: Rotom-Wash|195\/303
|
|-weather|Sandstorm|[upkeep]
|-damage|p1a: Kingdra|261\/297|[from] sandstorm
|-damage|p2a: Rotom-Wash|177\/303|[from] sandstorm
|-heal|p2a: Rotom-Wash|195\/303|[from] item: Leftovers
|turn|6
|
|move|p1a: Kingdra|Surf|p2a: Rotom-Wash
|-resisted|p2a: Rotom-Wash
|-damage|p2a: Rotom-Wash|89\/303
|move|p2a: Rotom-Wash|Will-O-Wisp|p1a: Kingdra
|-status|p1a: Kingdra|brn
|
|-weather|Sandstorm|[upkeep]
|-damage|p1a: Kingdra|243\/297 brn|[from] sandstorm
|-damage|p2a: Rotom-Wash|71\/303|[from] sandstorm
|-heal|p2a: Rotom-Wash|89\/303|[from] item: Leftovers
|-damage|p1a: Kingdra|206\/297 brn|[from] brn
|turn|7
|
|move|p1a: Kingdra|Surf|p2a: Rotom-Wash
|-resisted|p2a: Rotom-Wash
|-damage|p2a: Rotom-Wash|0 fnt
|faint|p2a: Rotom-Wash
|
|-weather|Sandstorm|[upkeep]
|-damage|p1a: Kingdra|188\/297 brn|[from] sandstorm
|-damage|p1a: Kingdra|151\/297 brn|[from] brn
|
|switch|p2a: Victini|Victini|341\/341
|turn|8
|
|move|p2a: Victini|U-turn|p1a: Kingdra
|-damage|p1a: Kingdra|65\/297 brn
|
|switch|p2a: Charizard|Charizard-Mega-Y, F|297\/297
|-weather|SunnyDay
|move|p1a: Kingdra|Surf|p2a: Charizard
|-supereffective|p2a: Charizard
|-damage|p2a: Charizard|99\/297
|
|-weather|SunnyDay|[upkeep]
|-damage|p1a: Kingdra|28\/297 brn|[from] brn
|turn|9
|
|move|p2a: Charizard|Roost|p2a: Charizard
|-heal|p2a: Charizard|248\/297
|move|p1a: Kingdra|Surf|p2a: Charizard
|-supereffective|p2a: Charizard
|-damage|p2a: Charizard|42\/297
|
|-weather|SunnyDay|[upkeep]
|-damage|p1a: Kingdra|0 fnt|[from] brn
|faint|p1a: Kingdra
|
|switch|p1a: Scizor|Scizor, M|293\/344
|turn|10
|
|switch|p2a: Victini|Victini|341\/341
|detailschange|p1a: Scizor|Scizor-Mega, M
|message|Scizor has Mega Evolved into Mega Scizor!
|move|p1a: Scizor|Bullet Punch|p2a: Victini
|-resisted|p2a: Victini
|-damage|p2a: Victini|281\/341
|
|-weather|SunnyDay|[upkeep]
|turn|11
|
|switch|p1a: Politoed|Politoed, F|136\/384
|-weather|RainDance
|move|p2a: Victini|V-create|p1a: Politoed
|-resisted|p1a: Politoed
|-damage|p1a: Politoed|68\/384
|-unboost|p2a: Victini|def|1
|-unboost|p2a: Victini|spd|1
|-unboost|p2a: Victini|spe|1
|
|-weather|RainDance|[upkeep]
|turn|12
|
|switch|p2a: Charizard|Charizard-Mega-Y, F|42\/297
|-weather|SunnyDay
|move|p1a: Politoed|Scald|p2a: Charizard
|-supereffective|p2a: Charizard
|-damage|p2a: Charizard|0 fnt
|faint|p2a: Charizard
|
|-weather|SunnyDay|[upkeep]
|
|switch|p2a: Victini|Victini|281\/341
|turn|13
|
|switch|p1a: Magnezone|Magnezone|282\/282
|move|p2a: Victini|V-create|p1a: Magnezone
|-supereffective|p1a: Magnezone
|-damage|p1a: Magnezone|0 fnt
|-unboost|p2a: Victini|def|1
|-unboost|p2a: Victini|spd|1
|-unboost|p2a: Victini|spe|1
|faint|p1a: Magnezone
|
|-weather|SunnyDay|[upkeep]
|
|switch|p1a: Landorus|Landorus, M|336\/336
|turn|14
|
|switch|p2a: Excadrill|Excadrill, F|362\/362
|-item|p2a: Excadrill|Air Balloon
|move|p1a: Landorus|Earth Power|p2a: Excadrill
|-immune|p2a: Excadrill|[msg]
|
|-weather|SunnyDay|[upkeep]
|turn|15
|
|move|p1a: Landorus|Knock Off|p2a: Excadrill
|-damage|p2a: Excadrill|231\/362
|-enditem|p2a: Excadrill|Air Balloon
|move|p2a: Excadrill|Iron Head|p1a: Landorus
|-crit|p1a: Landorus
|-damage|p1a: Landorus|48\/336
|
|-weather|SunnyDay|[upkeep]
|turn|16
|
|move|p1a: Landorus|Earth Power|p2a: Excadrill
|-supereffective|p2a: Excadrill
|-damage|p2a: Excadrill|0 fnt
|faint|p2a: Excadrill
|
|-weather|none
|
|switch|p2a: Victini|Victini|281\/341
|turn|17
|
|switch|p1a: Politoed|Politoed, F|68\/384
|-weather|RainDance
|move|p2a: Victini|U-turn|p1a: Politoed
|-damage|p1a: Politoed|0 fnt
|faint|p1a: Politoed
|
|switch|p2a: Tyranitar|Tyranitar, M|404\/404
|-weather|Sandstorm
|
|-weather|Sandstorm|[upkeep]
|
|switch|p1a: Ferrothorn|Ferrothorn, F|352\/352
|turn|18
|
|move|p2a: Tyranitar|Flamethrower|p1a: Ferrothorn
|-supereffective|p1a: Ferrothorn
|-damage|p1a: Ferrothorn|140\/352
|move|p1a: Ferrothorn|Stealth Rock|p2a: Tyranitar
|-sidestart|p2: Stupendous1|move: Stealth Rock
|
|-weather|Sandstorm|[upkeep]
|-heal|p1a: Ferrothorn|162\/352|[from] item: Leftovers
|turn|19
|
|move|p2a: Tyranitar|Stealth Rock|p1a: Ferrothorn
|-sidestart|p1: elwind|move: Stealth Rock
|move|p1a: Ferrothorn|Gyro Ball|p2a: Tyranitar
|-supereffective|p2a: Tyranitar
|-damage|p2a: Tyranitar|228\/404
|
|-weather|Sandstorm|[upkeep]
|-heal|p1a: Ferrothorn|184\/352|[from] item: Leftovers
|turn|20
|
|move|p1a: Ferrothorn|Protect|p1a: Ferrothorn
|-singleturn|p1a: Ferrothorn|Protect
|move|p2a: Tyranitar|Flamethrower|p1a: Ferrothorn
|-activate|p1a: Ferrothorn|Protect
|
|-weather|Sandstorm|[upkeep]
|-heal|p1a: Ferrothorn|206\/352|[from] item: Leftovers
|turn|21
|
|switch|p1a: Landorus|Landorus, M|48\/336
|-damage|p1a: Landorus|6\/336|[from] Stealth Rock
|move|p2a: Tyranitar|Flamethrower|p1a: Landorus
|-damage|p1a: Landorus|0 fnt
|faint|p1a: Landorus
|
|-weather|Sandstorm|[upkeep]
|
|switch|p1a: Scizor|Scizor-Mega, M|293\/344
|-damage|p1a: Scizor|250\/344|[from] Stealth Rock
|turn|22
|
|move|p1a: Scizor|Bullet Punch|p2a: Tyranitar
|-crit|p2a: Tyranitar
|-supereffective|p2a: Tyranitar
|-damage|p2a: Tyranitar|0 fnt
|faint|p2a: Tyranitar
|
|-weather|Sandstorm|[upkeep]
|
|switch|p2a: Victini|Victini|281\/341
|-damage|p2a: Victini|196\/341|[from] Stealth Rock
|turn|23
|
|switch|p1a: Ferrothorn|Ferrothorn, F|206\/352
|-damage|p1a: Ferrothorn|184\/352|[from] Stealth Rock
|move|p2a: Victini|V-create|p1a: Ferrothorn
|-supereffective|p1a: Ferrothorn
|-damage|p1a: Ferrothorn|0 fnt
|-damage|p2a: Victini|154\/341|[from] ability: Iron Barbs|[of] p1a: Ferrothorn
|-unboost|p2a: Victini|def|1
|-unboost|p2a: Victini|spd|1
|-unboost|p2a: Victini|spe|1
|faint|p1a: Ferrothorn
|
|-weather|Sandstorm|[upkeep]
|-damage|p2a: Victini|133\/341|[from] sandstorm
|
|switch|p1a: Scizor|Scizor-Mega, M|250\/344
|-damage|p1a: Scizor|207\/344|[from] Stealth Rock
|turn|24
|
|move|p1a: Scizor|Bullet Punch|p2a: Victini
|-resisted|p2a: Victini
|-damage|p2a: Victini|35\/341
|move|p2a: Victini|V-create|p1a: Scizor
|-supereffective|p1a: Scizor
|-damage|p1a: Scizor|0 fnt
|-unboost|p2a: Victini|def|1
|-unboost|p2a: Victini|spd|1
|-unboost|p2a: Victini|spe|1
|faint|p1a: Scizor
|
|win|Stupendous1
|raw|Ladder updating...
|raw|elwind's rating: 1602 &rarr; <strong>1576<\/strong><br \/>(-26 for losing)
|raw|Stupendous1's rating: 1501 &rarr; <strong>1526<\/strong><br \/>(+25 for winning)
|c|âStupendous1|gg
|leave|elwind
|player|p1