|join|lil manaphy
|join|elwind
|player|p1|lil manaphy|260
|player|p2|elwind|218
|gametype|singles
|gen|6
|tier|OU
|rated
|clearpoke
|poke|p1|Gardevoir, F, shiny
|poke|p1|Mandibuzz, F
|poke|p1|Amoonguss, M
|poke|p1|Keldeo
|poke|p1|Chansey, F
|poke|p1|Landorus-Therian, M
|poke|p2|Scizor, M
|poke|p2|Landorus, M
|poke|p2|Keldeo
|poke|p2|Mamoswine, F
|poke|p2|Scolipede, M
|poke|p2|Ferrothorn, F
|rule|Sleep Clause Mod: Limit one foe put to sleep
|rule|Species Clause: Limit one of each Pokemon
|rule|OHKO Clause: OHKO moves are banned
|rule|Moody Clause: Moody is banned
|rule|Evasion Moves Clause: Evasion moves are banned
|rule|Endless Battle Clause: Forcing endless battles is banned.
|rule|HP Percentage Mod: HP is reported as percentages
|teampreview
|
|start
|switch|p1a: Keldeo|Keldeo|323\/323
|switch|p2a: Mamoswine|Mamoswine, F|361\/361
|turn|1
|
|move|p1a: Keldeo|Scald|p2a: Mamoswine
|-supereffective|p2a: Mamoswine
|-enditem|p2a: Mamoswine|Focus Sash
|-damage|p2a: Mamoswine|1\/361
|-status|p2a: Mamoswine|brn
|move|p2a: Mamoswine|Endeavor|p1a: Keldeo
|-damage|p1a: Keldeo|1\/323
|
|-heal|p1a: Keldeo|21\/323|[from] item: Leftovers
|-damage|p2a: Mamoswine|0 fnt|[from] brn
|faint|p2a: Mamoswine
|
|switch|p2a: Scizor|Scizor, M|344\/344
|turn|2
|
|switch|p1a: Laveau|Mandibuzz, F|424\/424
|detailschange|p2a: Scizor|Scizor-Mega, M
|message|Scizor has Mega Evolved into Mega Scizor!
|move|p2a: Scizor|Bullet Punch|p1a: Laveau
|-damage|p1a: Laveau|328\/424
|
|-heal|p1a: Laveau|354\/424|[from] item: Leftovers
|turn|3
|
|move|p1a: Laveau|Taunt|p2a: Scizor
|-start|p2a: Scizor|move: Taunt
|move|p2a: Scizor|Knock Off|p1a: Laveau
|-resisted|p1a: Laveau
|-damage|p1a: Laveau|307\/424
|-enditem|p1a: Laveau|Leftovers|[from] move: Knock Off|[of] p2a: Scizor
|
|turn|4
|
|switch|p2a: Keldeo|Keldeo|324\/324
|move|p1a: Laveau|Foul Play|p2a: Keldeo
|-resisted|p2a: Keldeo
|-damage|p2a: Keldeo|279\/324
|-boost|p2a: Keldeo|atk|1|[from] ability: Justified
|
|turn|5
|
|switch|p1a: Zoe|Amoonguss, M|432\/432
|move|p2a: Keldeo|Scald|p1a: Zoe
|-resisted|p1a: Zoe
|-damage|p1a: Zoe|295\/432
|-status|p1a: Zoe|brn
|
|-heal|p1a: Zoe|322\/432 brn|[from] item: Black Sludge
|-damage|p1a: Zoe|268\/432 brn|[from] brn
|turn|6
|
|switch|p2a: Ferrothorn|Ferrothorn, F|352\/352
|move|p1a: Zoe|Hidden Power|p2a: Ferrothorn
|-supereffective|p2a: Ferrothorn
|-damage|p2a: Ferrothorn|196\/352
|
|-heal|p1a: Zoe|295\/432 brn|[from] item: Black Sludge
|-heal|p2a: Ferrothorn|218\/352|[from] item: Leftovers
|-damage|p1a: Zoe|241\/432 brn|[from] brn
|turn|7
|
|switch|p2a: Landorus|Landorus, M|320\/320
|move|p1a: Zoe|Spore|p2a: Landorus
|-status|p2a: Landorus|slp
|
|-heal|p1a: Zoe|268\/432 brn|[from] item: Black Sludge
|-damage|p1a: Zoe|214\/432 brn|[from] brn
|turn|8
|
|switch|p2a: Keldeo|Keldeo|279\/324
|switch|p1a: Keldeo|Keldeo|21\/323
|
|-heal|p1a: Keldeo|41\/323|[from] item: Leftovers
|turn|9
|
|switch|p1a: Zoe|Amoonguss, M|358\/432 brn
|move|p2a: Keldeo|Secret Sword|p1a: Zoe
|-resisted|p1a: Zoe
|-damage|p1a: Zoe|250\/432 brn
|
|-heal|p1a: Zoe|277\/432 brn|[from] item: Black Sludge
|-damage|p1a: Zoe|223\/432 brn|[from] brn
|turn|10
|
|move|p2a: Keldeo|Secret Sword|p1a: Zoe
|-resisted|p1a: Zoe
|-damage|p1a: Zoe|129\/432 brn
|move|p1a: Zoe|Giga Drain|p2a: Keldeo
|-supereffective|p2a: Keldeo
|-damage|p2a: Keldeo|93\/324
|-heal|p1a: Zoe|222\/432 brn|[from] drain|[of] p2a: Keldeo
|
|-heal|p1a: Zoe|249\/432 brn|[from] item: Black Sludge
|-damage|p1a: Zoe|195\/432 brn|[from] brn
|turn|11
|
|move|p2a: Keldeo|Secret Sword|p1a: Zoe
|-resisted|p1a: Zoe
|-damage|p1a: Zoe|98\/432 brn
|move|p1a: Zoe|Giga Drain|p2a: Keldeo
|-supereffective|p2a: Keldeo
|-damage|p2a: Keldeo|0 fnt
|-heal|p1a: Zoe|145\/432 brn|[from] drain|[of] p2a: Keldeo
|faint|p2a: Keldeo
|
|-heal|p1a: Zoe|172\/432 brn|[from] item: Black Sludge
|-damage|p1a: Zoe|118\/432 brn|[from] brn
|
|switch|p2a: Scizor|Scizor-Mega, M|344\/344
|turn|12
|
|move|p2a: Scizor|Knock Off|p1a: Zoe
|-damage|p1a: Zoe|0 fnt
|faint|p1a: Zoe
|
|
|switch|p1a: Laveau|Mandibuzz, F|307\/424
|turn|13
|
|switch|p2a: Scolipede|Scolipede, M|275\/275
|move|p1a: Laveau|Foul Play|p2a: Scolipede
|-damage|p2a: Scolipede|110\/275
|
|turn|14
|
|switch|p1a: Landorus-Therian|Landorus-Therian, M|382\/382
|-ability|p1a: Landorus-Therian|Intimidate|[of] p2a: Scolipede
|-unboost|p2a: Scolipede|atk|1
|move|p2a: Scolipede|Megahorn|p1a: Landorus-Therian
|-resisted|p1a: Landorus-Therian
|-damage|p1a: Landorus-Therian|331\/382
|
|-heal|p1a: Landorus-Therian|354\/382|[from] item: Leftovers
|-boost|p2a: Scolipede|spe|1|[from] ability: Speed Boost
|turn|15
|
|switch|p2a: Landorus|Landorus, M|320\/320 slp
|move|p1a: Landorus-Therian|U-turn|p2a: Landorus
|-resisted|p2a: Landorus
|-damage|p2a: Landorus|275\/320 slp
|
|switch|p1a: Keldeo|Keldeo|41\/323
|
|-heal|p1a: Keldeo|61\/323|[from] item: Leftovers
|turn|16
|
|switch|p2a: Scolipede|Scolipede, M|110\/275
|move|p1a: Keldeo|Scald|p2a: Scolipede
|-damage|p2a: Scolipede|0 fnt
|faint|p2a: Scolipede
|
|-heal|p1a: Keldeo|81\/323|[from] item: Leftovers
|
|switch|p2a: Scizor|Scizor-Mega, M|344\/344
|turn|17
|
|switch|p1a: Laveau|Mandibuzz, F|307\/424
|move|p2a: Scizor|Swords Dance|p2a: Scizor
|-boost|p2a: Scizor|atk|2
|
|turn|18
|
|move|p2a: Scizor|Bullet Punch|p1a: Laveau
|-damage|p1a: Laveau|139\/424
|move|p1a: Laveau|Foul Play|p2a: Scizor
|-damage|p2a: Scizor|70\/344
|
|turn|19
|
|move|p2a: Scizor|Bullet Punch|p1a: Laveau
|-damage|p1a: Laveau|0 fnt
|faint|p1a: Laveau
|
|
|switch|p1a: Landorus-Therian|Landorus-Therian, M|354\/382
|-ability|p1a: Landorus-Therian|Intimidate|[of] p2a: Scizor
|-unboost|p2a: Scizor|atk|1
|turn|20
|
|switch|p2a: Landorus|Landorus, M|275\/320 slp
|move|p1a: Landorus-Therian|Earthquake|p2a: Landorus
|-immune|p2a: Landorus|[msg]
|
|-heal|p1a: Landorus-Therian|377\/382|[from] item: Leftovers
|turn|21
|
|cant|p2a: Landorus|slp
|move|p1a: Landorus-Therian|U-turn|p2a: Landorus
|-resisted|p2a: Landorus
|-damage|p2a: Landorus|233\/320 slp
|
|switch|p1a: Keldeo|Keldeo|81\/323
|
|-heal|p1a: Keldeo|101\/323|[from] item: Leftovers
|turn|22
|
|switch|p2a: Ferrothorn|Ferrothorn, F|218\/352
|move|p1a: Keldeo|Scald|p2a: Ferrothorn
|-resisted|p2a: Ferrothorn
|-damage|p2a: Ferrothorn|158\/352
|
|-heal|p1a: Keldeo|121\/323|[from] item: Leftovers
|-heal|p2a: Ferrothorn|180\/352|[from] item: Leftovers
|turn|23
|
|switch|p1a: Misty day|Gardevoir, F, shiny|277\/277
|-ability|p1a: Misty day|Iron Barbs|[from] ability: Trace|[of] p2a: Ferrothorn
|move|p2a: Ferrothorn|Leech Seed|p1a: Misty day
|-start|p1a: Misty day|move: Leech Seed
|
|-heal|p2a: Ferrothorn|202\/352|[from] item: Leftovers
|-damage|p1a: Misty day|243\/277|[from] Leech Seed|[of] p2a: Ferrothorn
|-heal|p2a: Ferrothorn|236\/352|[silent]
|turn|24
|
|detailschange|p1a: Misty day|Gardevoir-Mega, F, shiny
|message|Gardevoir has Mega Evolved into Mega Gardevoir!
|move|p2a: Ferrothorn|Protect|p2a: Ferrothorn
|-singleturn|p2a: Ferrothorn|Protect
|move|p1a: Misty day|Focus Blast|p2a: Ferrothorn
|-activate|p2a: Ferrothorn|Protect
|
|-heal|p2a: Ferrothorn|258\/352|[from] item: Leftovers
|-damage|p1a: Misty day|209\/277|[from] Leech Seed|[of] p2a: Ferrothorn
|-heal|p2a: Ferrothorn|292\/352|[silent]
|turn|25
|
|move|p1a: Misty day|Focus Blast|p2a: Ferrothorn
|-supereffective|p2a: Ferrothorn
|-damage|p2a: Ferrothorn|0 fnt
|faint|p2a: Ferrothorn
|
|
|switch|p2a: Scizor|Scizor-Mega, M|70\/344
|turn|26
|
|move|p2a: Scizor|Bullet Punch|p1a: Misty day
|-supereffective|p1a: Misty day
|-damage|p1a: Misty day|0 fnt
|faint|p1a: Misty day
|
|
|switch|p1a: Keldeo|Keldeo|121\/323
|turn|27
|
|move|p2a: Scizor|Bullet Punch|p1a: Keldeo
|-resisted|p1a: Keldeo
|-damage|p1a: Keldeo|56\/323
|move|p1a: Keldeo|Scald|p2a: Scizor
|-damage|p2a: Scizor|0 fnt
|faint|p2a: Scizor
|
|-heal|p1a: Keldeo|76\/323|[from] item: Leftovers
|chat|lil manaphy|gg
|-message|elwind forfeited.
|
|win|lil manaphy
|raw|Ladder updating...
|leave|elwind
|player|p2
|raw|lil manaphy's rating: 1916 &rarr; <strong>1929<\/strong><br \/>(+13 for winning)
|raw|elwind's rating: 1774 &rarr; <strong>1762<\/strong><br \/>(-12 for losing)