|join|elwind
|join|roark201
|player|p1|elwind|266
|player|p2|roark201|111
|gametype|singles
|gen|6
|tier|OU
|rated
|clearpoke
|poke|p1|Keldeo
|poke|p1|Pinsir, F
|poke|p1|Ferrothorn, M
|poke|p1|Azumarill, F
|poke|p1|Gengar, F
|poke|p1|Zapdos
|poke|p2|Mew
|poke|p2|Chansey, F
|poke|p2|Charizard, M
|poke|p2|Dugtrio, M
|poke|p2|Gothitelle, M
|poke|p2|Skarmory, M
|rule|Swagger Clause: Swagger is banned
|rule|Baton Pass Clause: Limit one PokÃ©mon knowing Baton Pass
|rule|Sleep Clause Mod: Limit one foe put to sleep
|rule|Species Clause: Limit one of each PokÃ©mon
|rule|OHKO Clause: OHKO moves are banned
|rule|Moody Clause: Moody is banned
|rule|Evasion Moves Clause: Evasion moves are banned
|rule|Endless Battle Clause: Forcing endless battles is banned
|rule|HP Percentage Mod: HP is shown in percentages
|teampreview
|
|start
|switch|p1a: Gengar|Gengar, F|262\/262
|switch|p2a: emo goth|Gothitelle, M|301\/301
|turn|1
|
|move|p2a: emo goth|Psyshock|p1a: Gengar
|-supereffective|p1a: Gengar
|-damage|p1a: Gengar|0 fnt
|faint|p1a: Gengar
|
|
|switch|p1a: Azumarill|Azumarill, F|401\/401
|turn|2
|
|switch|p2a: Iago|Skarmory, M|332\/332
|move|p1a: Azumarill|Knock Off|p2a: Iago
|-damage|p2a: Iago|203\/332
|-enditem|p2a: Iago|Red Card|[from] move: Knock Off|[of] p1a: Azumarill
|
|turn|3
|
|switch|p1a: Zapdos|Zapdos|384\/384
|-ability|p1a: Zapdos|Pressure
|move|p2a: Iago|Roost|p2a: Iago
|-heal|p2a: Iago|332\/332
|
|turn|4
|
|switch|p2a: cotton candy|Mew|404\/404
|move|p1a: Zapdos|Volt Switch|p2a: cotton candy
|-crit|p2a: cotton candy
|-damage|p2a: cotton candy|280\/404
|
|switch|p1a: Azumarill|Azumarill, F|401\/401
|
|-heal|p2a: cotton candy|305\/404|[from] item: Leftovers
|turn|5
|
|switch|p2a: Iago|Skarmory, M|332\/332
|move|p1a: Azumarill|Knock Off|p2a: Iago
|-damage|p2a: Iago|258\/332
|
|turn|6
|
|switch|p1a: Keldeo|Keldeo|324\/324
|move|p2a: Iago|Roost|p2a: Iago
|-heal|p2a: Iago|332\/332
|
|turn|7
|
|switch|p2a: cotton candy|Mew|305\/404
|move|p1a: Keldeo|Hydro Pump|p2a: cotton candy
|-damage|p2a: cotton candy|85\/404
|
|-heal|p2a: cotton candy|110\/404|[from] item: Leftovers
|turn|8
|
|switch|p1a: Azumarill|Azumarill, F|401\/401
|switch|p2a: Humpty Dump|Chansey, F|701\/701
|
|turn|9
|
|switch|p2a: Iago|Skarmory, M|332\/332
|move|p1a: Azumarill|Waterfall|p2a: Iago
|-damage|p2a: Iago|184\/332
|
|turn|10
|
|move|p2a: Iago|Roost|p2a: Iago
|-heal|p2a: Iago|332\/332
|move|p1a: Azumarill|Waterfall|p2a: Iago
|-damage|p2a: Iago|176\/332
|
|turn|11
|
|switch|p1a: Keldeo|Keldeo|324\/324
|move|p2a: Iago|Roost|p2a: Iago
|-heal|p2a: Iago|332\/332
|
|turn|12
|
|switch|p2a: cotton candy|Mew|110\/404
|move|p1a: Keldeo|Hydro Pump|p2a: cotton candy|[miss]
|-miss|p1a: Keldeo|p2a: cotton candy
|
|-heal|p2a: cotton candy|135\/404|[from] item: Leftovers
|turn|13
|
|switch|p2a: Humpty Dump|Chansey, F|701\/701
|move|p1a: Keldeo|Hydro Pump|p2a: Humpty Dump
|-damage|p2a: Humpty Dump|514\/701
|
|turn|14
|
|switch|p1a: Azumarill|Azumarill, F|401\/401
|move|p2a: Humpty Dump|Wish|p2a: Humpty Dump
|
|turn|15
|
|switch|p2a: Iago|Skarmory, M|332\/332
|move|p1a: Azumarill|Waterfall|p2a: Iago
|-damage|p2a: Iago|179\/332
|
|-heal|p2a: Iago|332\/332|[from] move: Wish|[wisher] Humpty Dump
|turn|16
|
|switch|p1a: Zapdos|Zapdos|384\/384
|-ability|p1a: Zapdos|Pressure
|move|p2a: Iago|Brave Bird|p1a: Zapdos
|-resisted|p1a: Zapdos
|-damage|p1a: Zapdos|333\/384
|-damage|p2a: Iago|315\/332|[from] recoil|[of] p1a: Zapdos
|
|-heal|p1a: Zapdos|357\/384|[from] item: Leftovers
|turn|17
|
|switch|p2a: whack-a-mole|Dugtrio, M|206\/206
|move|p1a: Zapdos|Volt Switch|p2a: whack-a-mole
|-immune|p2a: whack-a-mole|[msg]
|
|-heal|p1a: Zapdos|381\/384|[from] item: Leftovers
|turn|18
|
|switch|p2a: cotton candy|Mew|135\/404
|move|p1a: Zapdos|Heat Wave|p2a: cotton candy
|-crit|p2a: cotton candy
|-damage|p2a: cotton candy|23\/404
|
|-heal|p2a: cotton candy|48\/404|[from] item: Leftovers
|-heal|p1a: Zapdos|384\/384|[from] item: Leftovers
|turn|19
|
|move|p2a: cotton candy|Will-O-Wisp|p1a: Zapdos
|-status|p1a: Zapdos|brn
|move|p1a: Zapdos|Volt Switch|p2a: cotton candy
|-damage|p2a: cotton candy|0 fnt
|faint|p2a: cotton candy
|
|switch|p1a: Azumarill|Azumarill, F|401\/401
|
|
|switch|p2a: Charizard|Charizard, M|359\/359
|turn|20
|
|detailschange|p2a: Charizard|Charizard-Mega-X, M
|message|Charizard has Mega Evolved into Mega Charizard!
|move|p2a: Charizard|Will-O-Wisp|p1a: Azumarill
|-status|p1a: Azumarill|brn
|move|p1a: Azumarill|Waterfall|p2a: Charizard
|-damage|p2a: Charizard|244\/359
|
|-damage|p1a: Azumarill|351\/401 brn|[from] brn
|turn|21
|
|switch|p1a: Keldeo|Keldeo|324\/324
|move|p2a: Charizard|Rock Slide|p1a: Keldeo
|-resisted|p1a: Keldeo
|-damage|p1a: Keldeo|276\/324
|
|turn|22
|
|switch|p2a: whack-a-mole|Dugtrio, M|206\/206
|move|p1a: Keldeo|Hydro Pump|p2a: whack-a-mole
|-supereffective|p2a: whack-a-mole
|-enditem|p2a: whack-a-mole|Focus Sash
|-damage|p2a: whack-a-mole|1\/206
|
|turn|23
|
|move|p2a: whack-a-mole|Earthquake|p1a: Keldeo
|-crit|p1a: Keldeo
|-damage|p1a: Keldeo|75\/324
|move|p1a: Keldeo|Hydro Pump|p2a: whack-a-mole
|-supereffective|p2a: whack-a-mole
|-damage|p2a: whack-a-mole|0 fnt
|faint|p2a: whack-a-mole
|
|
|switch|p2a: emo goth|Gothitelle, M|301\/301
|turn|24
|
|move|p2a: emo goth|Psyshock|p1a: Keldeo
|-supereffective|p1a: Keldeo
|-damage|p1a: Keldeo|0 fnt
|faint|p1a: Keldeo
|
|
|switch|p1a: Ferrothorn|Ferrothorn, M|352\/352
|turn|25
|
|switch|p2a: Iago|Skarmory, M|315\/332
|move|p1a: Ferrothorn|Stealth Rock|p2a: Iago
|-sidestart|p2: roark201|move: Stealth Rock
|
|turn|26
|
|move|p2a: Iago|Defog|p1a: Ferrothorn
|-unboost|p1a: Ferrothorn|evasion|1
|-sideend|p2: roark201|Stealth Rock|[from] move: Defog|[of] p2a: Iago
|move|p1a: Ferrothorn|Leech Seed|p2a: Iago
|-start|p2a: Iago|move: Leech Seed
|
|-damage|p2a: Iago|274\/332|[from] Leech Seed|[of] p1a: Ferrothorn
|turn|27
|
|switch|p2a: emo goth|Gothitelle, M|301\/301
|move|p1a: Ferrothorn|Leech Seed|p2a: emo goth
|-start|p2a: emo goth|move: Leech Seed
|
|-damage|p2a: emo goth|264\/301|[from] Leech Seed|[of] p1a: Ferrothorn
|turn|28
|
|move|p2a: emo goth|Trick|p1a: Ferrothorn
|-activate|p2a: emo goth|move: Trick|[of] p1a: Ferrothorn
|-item|p1a: Ferrothorn|Choice Scarf|[from] move: Trick
|-item|p2a: emo goth|Rocky Helmet|[from] move: Trick
|move|p1a: Ferrothorn|Gyro Ball|p2a: emo goth
|-damage|p2a: emo goth|143\/301
|-damage|p1a: Ferrothorn|294\/352|[from] item: Rocky Helmet|[of] p2a: emo goth
|
|-damage|p2a: emo goth|106\/301|[from] Leech Seed|[of] p1a: Ferrothorn
|-heal|p1a: Ferrothorn|331\/352|[silent]
|turn|29
|
|move|p2a: emo goth|Rest|p2a: emo goth
|-status|p2a: emo goth|slp
|-heal|p2a: emo goth|301\/301 slp|[silent]
|-status|p2a: emo goth|slp|[from] move: Rest
|move|p1a: Ferrothorn|Gyro Ball|p2a: emo goth
|-damage|p2a: emo goth|180\/301 slp
|-damage|p1a: Ferrothorn|273\/352|[from] item: Rocky Helmet|[of] p2a: emo goth
|
|-damage|p2a: emo goth|143\/301 slp|[from] Leech Seed|[of] p1a: Ferrothorn
|-heal|p1a: Ferrothorn|310\/352|[silent]
|turn|30
|
|switch|p2a: Charizard|Charizard-Mega-X, M|244\/359
|move|p1a: Ferrothorn|Gyro Ball|p2a: Charizard
|-resisted|p2a: Charizard
|-damage|p2a: Charizard|193\/359
|
|turn|31
|
|move|p2a: Charizard|Roost|p2a: Charizard
|-heal|p2a: Charizard|359\/359
|move|p1a: Ferrothorn|Gyro Ball|p2a: Charizard
|-resisted|p2a: Charizard
|-damage|p2a: Charizard|301\/359
|
|turn|32
|
|switch|p1a: Azumarill|Azumarill, F|351\/401 brn
|move|p2a: Charizard|Rock Slide|p1a: Azumarill
|-damage|p1a: Azumarill|250\/401 brn
|
|-damage|p1a: Azumarill|200\/401 brn|[from] brn
|turn|33
|
|move|p2a: Charizard|Roost|p2a: Charizard
|-heal|p2a: Charizard|359\/359
|move|p1a: Azumarill|Play Rough|p2a: Charizard
|-damage|p2a: Charizard|229\/359
|-unboost|p2a: Charizard|atk|1
|
|-damage|p1a: Azumarill|150\/401 brn|[from] brn
|turn|34
|
|switch|p1a: Zapdos|Zapdos|384\/384 brn
|-ability|p1a: Zapdos|Pressure
|move|p2a: Charizard|Roost|p2a: Charizard
|-heal|p2a: Charizard|359\/359
|
|-damage|p1a: Zapdos|336\/384 brn|[from] brn
|turn|35
|
|switch|p2a: Humpty Dump|Chansey, F|514\/701
|move|p1a: Zapdos|Volt Switch|p2a: Humpty Dump
|-damage|p2a: Humpty Dump|444\/701
|
|switch|p1a: Pinsir|Pinsir, F|271\/271
|
|turn|36
|
|switch|p2a: Iago|Skarmory, M|274\/332
|detailschange|p1a: Pinsir|Pinsir-Mega, F
|message|Pinsir has Mega Evolved into Mega Pinsir!
|move|p1a: Pinsir|Swords Dance|p1a: Pinsir
|-boost|p1a: Pinsir|atk|2
|
|turn|37
|
|move|p1a: Pinsir|Return|p2a: Iago
|-resisted|p2a: Iago
|-damage|p2a: Iago|115\/332
|move|p2a: Iago|Whirlwind|p1a: Pinsir
|drag|p1a: Ferrothorn|Ferrothorn, M|310\/352
|
|turn|38
|
|move|p2a: Iago|Roost|p2a: Iago
|-heal|p2a: Iago|281\/332
|move|p1a: Ferrothorn|Leech Seed|p2a: Iago
|-start|p2a: Iago|move: Leech Seed
|
|-damage|p2a: Iago|240\/332|[from] Leech Seed|[of] p1a: Ferrothorn
|-heal|p1a: Ferrothorn|351\/352|[silent]
|turn|39
|
|switch|p1a: Pinsir|Pinsir-Mega, F|271\/271
|move|p2a: Iago|Roost|p2a: Iago
|-heal|p2a: Iago|332\/332
|
|-damage|p2a: Iago|291\/332|[from] Leech Seed|[of] p1a: Pinsir
|turn|40
|
|move|p1a: Pinsir|Return|p2a: Iago
|-resisted|p2a: Iago
|-damage|p2a: Iago|211\/332
|move|p2a: Iago|Whirlwind|p1a: Pinsir
|drag|p1a: Zapdos|Zapdos|336\/384 brn
|-ability|p1a: Zapdos|Pressure
|
|-heal|p1a: Zapdos|360\/384 brn|[from] item: Leftovers
|-damage|p2a: Iago|170\/332|[from] Leech Seed|[of] p1a: Zapdos
|-heal|p1a: Zapdos|384\/384 brn|[silent]
|-damage|p1a: Zapdos|336\/384 brn|[from] brn
|turn|41
|
|switch|p2a: Charizard|Charizard-Mega-X, M|359\/359
|move|p1a: Zapdos|Volt Switch|p2a: Charizard
|-crit|p2a: Charizard
|-resisted|p2a: Charizard
|-damage|p2a: Charizard|275\/359
|
|switch|p1a: Pinsir|Pinsir-Mega, F|271\/271
|
|turn|42
|
|switch|p1a: Ferrothorn|Ferrothorn, M|351\/352
|move|p2a: Charizard|Will-O-Wisp|p1a: Ferrothorn
|-status|p1a: Ferrothorn|brn
|
|-damage|p1a: Ferrothorn|307\/352 brn|[from] brn
|turn|43
|
|switch|p2a: Iago|Skarmory, M|170\/332
|move|p1a: Ferrothorn|Leech Seed|p2a: Iago
|-start|p2a: Iago|move: Leech Seed
|
|-damage|p2a: Iago|129\/332|[from] Leech Seed|[of] p1a: Ferrothorn
|-heal|p1a: Ferrothorn|348\/352 brn|[silent]
|-damage|p1a: Ferrothorn|304\/352 brn|[from] brn
|turn|44
|
|switch|p1a: Azumarill|Azumarill, F|150\/401 brn
|move|p2a: Iago|Roost|p2a: Iago
|-heal|p2a: Iago|295\/332
|
|-damage|p2a: Iago|254\/332|[from] Leech Seed|[of] p1a: Azumarill
|-heal|p1a: Azumarill|191\/401 brn|[silent]
|-damage|p1a: Azumarill|141\/401 brn|[from] brn
|turn|45
|
|switch|p2a: Charizard|Charizard-Mega-X, M|275\/359
|move|p1a: Azumarill|Waterfall|p2a: Charizard
|-damage|p2a: Charizard|161\/359
|
|-damage|p1a: Azumarill|91\/401 brn|[from] brn
|turn|46
|
|move|p2a: Charizard|Roost|p2a: Charizard
|-heal|p2a: Charizard|341\/359
|move|p1a: Azumarill|Waterfall|p2a: Charizard
|-damage|p2a: Charizard|215\/359
|
|-damage|p1a: Azumarill|41\/401 brn|[from] brn
|turn|47
|
|move|p2a: Charizard|Roost|p2a: Charizard
|-heal|p2a: Charizard|359\/359
|move|p1a: Azumarill|Waterfall|p2a: Charizard
|-damage|p2a: Charizard|233\/359
|
|-damage|p1a: Azumarill|0 fnt|[from] brn
|faint|p1a: Azumarill
|
|switch|p1a: Pinsir|Pinsir-Mega, F|271\/271
|turn|48
|
|move|p1a: Pinsir|Return|p2a: Charizard
|-damage|p2a: Charizard|4\/359
|move|p2a: Charizard|Will-O-Wisp|p1a: Pinsir
|-status|p1a: Pinsir|brn
|
|-damage|p1a: Pinsir|238\/271 brn|[from] brn
|turn|49
|leave|elwind
|player|p1
|-message|elwind lost due to inactivity.
|
|win|roark201
|raw|Ladder updating...
|raw|elwind's rating: 1836 &rarr; <strong>1809<\/strong><br \/>(-27 for losing)
|raw|roark201's rating: 1701 &rarr; <strong>1729<\/strong><br \/>(+28 for winning)