|join|LanceStern
|join|elwind
|player|p1|LanceStern|154
|player|p2|elwind|2
|gametype|singles
|gen|6
|tier|OU
|rated
|clearpoke
|poke|p1|Houndoom, M
|poke|p1|Muk, M
|poke|p1|Dragonite, F
|poke|p1|Rotom-Wash
|poke|p1|Donphan, F
|poke|p1|Milotic, M
|poke|p2|Tornadus-Therian, M
|poke|p2|Landorus-Therian, M
|poke|p2|Ampharos, F
|poke|p2|Victini
|poke|p2|Skarmory, F
|poke|p2|Azumarill, M
|rule|Swagger Clause: Swagger is banned
|rule|Baton Pass Clause: Limit one PokÃ©mon knowing Baton Pass
|rule|Sleep Clause Mod: Limit one foe put to sleep
|rule|Species Clause: Limit one of each PokÃ©mon
|rule|OHKO Clause: OHKO moves are banned
|rule|Moody Clause: Moody is banned
|rule|Evasion Moves Clause: Evasion moves are banned
|rule|Endless Battle Clause: Forcing endless battles is banned
|rule|HP Percentage Mod: HP is reported as percentages
|teampreview
|join|BlueFlare
|
|start
|switch|p1a: Rotom-Wash|Rotom-Wash|291\/291
|switch|p2a: Landorus-Therian|Landorus-Therian, M|382\/382
|-ability|p2a: Landorus-Therian|Intimidate|[of] p1a: Rotom-Wash
|-unboost|p1a: Rotom-Wash|atk|1
|turn|1
|leave|BlueFlare
|
|move|p1a: Rotom-Wash|Hydro Pump|p2a: Landorus-Therian
|-supereffective|p2a: Landorus-Therian
|-damage|p2a: Landorus-Therian|32\/382
|move|p2a: Landorus-Therian|Explosion|p1a: Rotom-Wash
|-damage|p1a: Rotom-Wash|0 fnt
|faint|p2a: Landorus-Therian
|faint|p1a: Rotom-Wash
|
|
|switch|p2a: Ampharos|Ampharos, F|384\/384
|switch|p1a: Muk|Muk, M|414\/414
|turn|2
|
|detailschange|p2a: Ampharos|Ampharos-Mega, F
|message|Ampharos has Mega Evolved into Mega Ampharos!
|-ability|p2a: Ampharos|Mold Breaker
|move|p2a: Ampharos|Dragon Pulse|p1a: Muk
|-crit|p1a: Muk
|-damage|p1a: Muk|147\/414
|move|p1a: Muk|Poison Jab|p2a: Ampharos
|-damage|p2a: Ampharos|258\/384
|-status|p2a: Ampharos|psn
|
|-heal|p1a: Muk|172\/414|[from] item: Black Sludge
|-damage|p2a: Ampharos|210\/384 psn|[from] psn
|turn|3
|
|move|p1a: Muk|Poison Jab|p2a: Ampharos
|-damage|p2a: Ampharos|84\/384 psn
|move|p2a: Ampharos|Thunderbolt|p1a: Muk
|-damage|p1a: Muk|0 fnt
|faint|p1a: Muk
|
|-damage|p2a: Ampharos|36\/384 psn|[from] psn
|
|switch|p1a: Dragonite|Dragonite, F|343\/343
|turn|4
|
|switch|p2a: Skarmory|Skarmory, F|334\/334
|move|p1a: Dragonite|Extreme Speed|p2a: Skarmory
|-resisted|p2a: Skarmory
|-damage|p2a: Skarmory|308\/334
|-damage|p1a: Dragonite|286\/343|[from] item: Rocky Helmet|[of] p2a: Skarmory
|
|turn|5
|
|move|p1a: Dragonite|Fire Blast|p2a: Skarmory
|-supereffective|p2a: Skarmory
|-damage|p2a: Skarmory|58\/334
|move|p2a: Skarmory|Stealth Rock|p1a: Dragonite
|-sidestart|p1: LanceStern|move: Stealth Rock
|
|turn|6
|
|switch|p2a: Ampharos|Ampharos-Mega, F|36\/384 psn
|-ability|p2a: Ampharos|Mold Breaker
|move|p1a: Dragonite|Earthquake|p2a: Ampharos
|-supereffective|p2a: Ampharos
|-damage|p2a: Ampharos|0 fnt
|faint|p2a: Ampharos
|
|
|switch|p2a: Tornadus-Therian|Tornadus-Therian, M|299\/299
|turn|7
|c|âLanceStern|!data Tornadus-Therian
|c|~|\/data-pokemon Tornadus-Therian

|
|move|p2a: Tornadus-Therian|Icy Wind|p1a: Dragonite
|-supereffective|p1a: Dragonite
|-damage|p1a: Dragonite|0 fnt
|-damage|p2a: Tornadus-Therian|270\/299|[from] item: Life Orb
|faint|p1a: Dragonite
|
|
|switch|p1a: Milotic|Milotic, M|394\/394
|-damage|p1a: Milotic|345\/394|[from] Stealth Rock
|turn|8
|
|move|p2a: Tornadus-Therian|Air Slash|p1a: Milotic
|-damage|p1a: Milotic|205\/394
|-damage|p2a: Tornadus-Therian|241\/299|[from] item: Life Orb
|move|p1a: Milotic|Recover|p1a: Milotic
|-heal|p1a: Milotic|394\/394
|
|turn|9
|
|move|p2a: Tornadus-Therian|Icy Wind|p1a: Milotic
|-resisted|p1a: Milotic
|-damage|p1a: Milotic|364\/394
|-unboost|p1a: Milotic|spe|1
|-damage|p2a: Tornadus-Therian|212\/299|[from] item: Life Orb
|move|p1a: Milotic|Scald|p2a: Tornadus-Therian
|-damage|p2a: Tornadus-Therian|107\/299
|
|-heal|p1a: Milotic|388\/394|[from] item: Leftovers
|turn|10
|
|switch|p2a: Skarmory|Skarmory, F|58\/334
|move|p1a: Milotic|Ice Beam|p2a: Skarmory
|-damage|p2a: Skarmory|0 fnt
|faint|p2a: Skarmory
|
|-heal|p1a: Milotic|394\/394|[from] item: Leftovers
|
|switch|p2a: Azumarill|Azumarill, M|404\/404
|turn|11
|
|move|p2a: Azumarill|Play Rough|p1a: Milotic
|-damage|p1a: Milotic|165\/394
|move|p1a: Milotic|Scald|p2a: Azumarill
|-resisted|p2a: Azumarill
|-damage|p2a: Azumarill|349\/404
|-status|p2a: Azumarill|brn
|
|-heal|p1a: Milotic|189\/394|[from] item: Leftovers
|-damage|p2a: Azumarill|299\/404 brn|[from] brn
|turn|12
|
|switch|p2a: Victini|Victini|352\/352
|move|p1a: Milotic|Recover|p1a: Milotic
|-heal|p1a: Milotic|386\/394
|
|-heal|p1a: Milotic|394\/394|[from] item: Leftovers
|turn|13
|
|move|p2a: Victini|V-create|p1a: Milotic
|-resisted|p1a: Milotic
|-damage|p1a: Milotic|214\/394
|-unboost|p2a: Victini|def|1
|-unboost|p2a: Victini|spd|1
|-unboost|p2a: Victini|spe|1
|move|p1a: Milotic|Scald|p2a: Victini
|-supereffective|p2a: Victini
|-damage|p2a: Victini|56\/352
|
|-heal|p1a: Milotic|238\/394|[from] item: Leftovers
|turn|14
|
|move|p2a: Victini|V-create|p1a: Milotic
|-resisted|p1a: Milotic
|-damage|p1a: Milotic|66\/394
|-unboost|p2a: Victini|def|1
|-unboost|p2a: Victini|spd|1
|-unboost|p2a: Victini|spe|1
|move|p1a: Milotic|Recover|p1a: Milotic
|-heal|p1a: Milotic|263\/394
|
|-heal|p1a: Milotic|287\/394|[from] item: Leftovers
|turn|15
|
|switch|p2a: Azumarill|Azumarill, M|299\/404 brn
|switch|p1a: Houndoom|Houndoom, M|291\/291
|-damage|p1a: Houndoom|219\/291|[from] Stealth Rock
|
|-damage|p2a: Azumarill|249\/404 brn|[from] brn
|turn|16
|
|switch|p1a: Milotic|Milotic, M|287\/394
|-damage|p1a: Milotic|238\/394|[from] Stealth Rock
|move|p2a: Azumarill|Knock Off|p1a: Milotic
|-damage|p1a: Milotic|152\/394
|-enditem|p1a: Milotic|Leftovers|[from] move: Knock Off|[of] p2a: Azumarill
|
|-damage|p2a: Azumarill|199\/404 brn|[from] brn
|turn|17
|
|switch|p2a: Victini|Victini|56\/352
|move|p1a: Milotic|Recover|p1a: Milotic
|-heal|p1a: Milotic|349\/394
|
|turn|18
|
|move|p2a: Victini|Fusion Bolt|p1a: Milotic
|-supereffective|p1a: Milotic
|-damage|p1a: Milotic|79\/394
|move|p1a: Milotic|Scald|p2a: Victini
|-supereffective|p2a: Victini
|-damage|p2a: Victini|0 fnt
|faint|p2a: Victini
|
|
|switch|p2a: Tornadus-Therian|Tornadus-Therian, M|206\/299
|turn|19
|
|move|p2a: Tornadus-Therian|Air Slash|p1a: Milotic
|-damage|p1a: Milotic|0 fnt
|-damage|p2a: Tornadus-Therian|177\/299|[from] item: Life Orb
|faint|p1a: Milotic
|
|
|switch|p1a: Houndoom|Houndoom, M|219\/291
|-damage|p1a: Houndoom|147\/291|[from] Stealth Rock
|turn|20
|
|detailschange|p1a: Houndoom|Houndoom-Mega, M
|message|Houndoom has Mega Evolved into Mega Houndoom!
|move|p1a: Houndoom|Sucker Punch|p2a: Tornadus-Therian
|-damage|p2a: Tornadus-Therian|77\/299
|move|p2a: Tornadus-Therian|Air Slash|p1a: Houndoom
|-damage|p1a: Houndoom|0 fnt
|-damage|p2a: Tornadus-Therian|48\/299|[from] item: Life Orb
|faint|p1a: Houndoom
|
|
|switch|p1a: Donphan|Donphan, F|384\/384
|-damage|p1a: Donphan|360\/384|[from] Stealth Rock
|turn|21
|
|switch|p2a: Azumarill|Azumarill, M|199\/404 brn
|move|p1a: Donphan|Ice Shard|p2a: Azumarill
|-resisted|p2a: Azumarill
|-damage|p2a: Azumarill|170\/404 brn
|
|-heal|p1a: Donphan|384\/384|[from] item: Leftovers
|-damage|p2a: Azumarill|120\/404 brn|[from] brn
|turn|22
|
|switch|p2a: Tornadus-Therian|Tornadus-Therian, M|147\/299
|move|p1a: Donphan|Earthquake|p2a: Tornadus-Therian
|-immune|p2a: Tornadus-Therian|[msg]
|
|turn|23
|
|move|p1a: Donphan|Ice Shard|p2a: Tornadus-Therian
|-supereffective|p2a: Tornadus-Therian
|-damage|p2a: Tornadus-Therian|25\/299
|move|p2a: Tornadus-Therian|Icy Wind|p1a: Donphan
|-supereffective|p1a: Donphan
|-damage|p1a: Donphan|137\/384
|-unboost|p1a: Donphan|spe|1
|-damage|p2a: Tornadus-Therian|0 fnt|[from] item: Life Orb
|faint|p2a: Tornadus-Therian
|
|-heal|p1a: Donphan|161\/384|[from] item: Leftovers
|
|switch|p2a: Azumarill|Azumarill, M|120\/404 brn
|turn|24
|
|move|p2a: Azumarill|Waterfall|p1a: Donphan
|-supereffective|p1a: Donphan
|-damage|p1a: Donphan|0 fnt
|faint|p1a: Donphan
|
|win|elwind
|raw|Ladder updating...
|raw|LanceStern's rating: 1474 &rarr; <strong>1457<\/strong><br \/>(-17 for losing)
|raw|elwind's rating: 1519 &rarr; <strong>1536<\/strong><br \/>(+17 for winning)
|chat|LanceStern|lol 
|chat|LanceStern|gg
|leave|elwind
|player|p2