|join|elwind
|join|foncused
|player|p1|elwind|1
|player|p2|foncused|1
|gametype|singles
|gen|6
|tier|OU
|rated
|clearpoke
|poke|p1|Serperior, M
|poke|p1|Heatran, M
|poke|p1|Keldeo
|poke|p1|Diggersby, F
|poke|p1|Clefable, F
|poke|p1|Zapdos
|poke|p2|Heracross, M
|poke|p2|Lopunny, M
|poke|p2|Infernape, F
|poke|p2|Latios, M
|poke|p2|Raikou
|poke|p2|Landorus-Therian, M
|rule|Swagger Clause: Swagger is banned
|rule|Baton Pass Clause: Limit one PokÃ©mon knowing Baton Pass
|rule|Sleep Clause Mod: Limit one foe put to sleep
|rule|Species Clause: Limit one of each PokÃ©mon
|rule|OHKO Clause: OHKO moves are banned
|rule|Moody Clause: Moody is banned
|rule|Evasion Moves Clause: Evasion moves are banned
|rule|Endless Battle Clause: Forcing endless battles is banned
|rule|HP Percentage Mod: HP is shown in percentages
|teampreview
|leave|elwind
|player|p1
|join|elwind
|player|p1|elwind|1
|teampreview
|
|start
|switch|p1a: Zapdos|Zapdos|384\/384
|switch|p2a: Infernape|Infernape, F|293\/293
|-ability|p1a: Zapdos|Pressure
|turn|1
|
|switch|p2a: Raikou|Raikou|321\/321
|-ability|p2a: Raikou|Pressure
|move|p1a: Zapdos|Heat Wave|p2a: Raikou
|-miss|p1a: Zapdos|p2a: Raikou
|
|turn|2
|
|move|p2a: Raikou|Hidden Power|p1a: Zapdos
|-supereffective|p1a: Zapdos
|-damage|p1a: Zapdos|272\/384
|move|p1a: Zapdos|Heat Wave|p2a: Raikou
|-damage|p2a: Raikou|258\/321
|
|-heal|p1a: Zapdos|296\/384|[from] item: Leftovers
|turn|3
|
|move|p2a: Raikou|Volt Switch|p1a: Zapdos
|-damage|p1a: Zapdos|191\/384
|
|switch|p2a: Landorus-Therian|Landorus-Therian, M|319\/319
|-ability|p2a: Landorus-Therian|Intimidate|[of] p1a: Zapdos
|-unboost|p1a: Zapdos|atk|1
|move|p1a: Zapdos|Roost|p1a: Zapdos
|-heal|p1a: Zapdos|383\/384
|
|-heal|p1a: Zapdos|384\/384|[from] item: Leftovers
|turn|4
|
|move|p2a: Landorus-Therian|U-turn|p1a: Zapdos
|-crit|p1a: Zapdos
|-resisted|p1a: Zapdos
|-damage|p1a: Zapdos|318\/384
|
|switch|p2a: Latios|Latios, M|301\/301
|move|p1a: Zapdos|Heat Wave|p2a: Latios
|-miss|p1a: Zapdos|p2a: Latios
|
|-heal|p1a: Zapdos|342\/384|[from] item: Leftovers
|turn|5
|
|move|p2a: Latios|Draco Meteor|p1a: Zapdos
|-damage|p1a: Zapdos|99\/384
|-unboost|p2a: Latios|spa|2
|-damage|p2a: Latios|271\/301|[from] item: Life Orb
|move|p1a: Zapdos|Roost|p1a: Zapdos
|-heal|p1a: Zapdos|291\/384
|
|-heal|p1a: Zapdos|315\/384|[from] item: Leftovers
|turn|6
|
|switch|p2a: Landorus-Therian|Landorus-Therian, M|319\/319
|-ability|p2a: Landorus-Therian|Intimidate|[of] p1a: Zapdos
|-unboost|p1a: Zapdos|atk|1
|move|p1a: Zapdos|Volt Switch|p2a: Landorus-Therian
|-immune|p2a: Landorus-Therian|[msg]
|
|-heal|p1a: Zapdos|339\/384|[from] item: Leftovers
|turn|7
|
|move|p2a: Landorus-Therian|Stone Edge|p1a: Zapdos|[miss]
|-miss|p2a: Landorus-Therian|p1a: Zapdos
|move|p1a: Zapdos|Roost|p1a: Zapdos
|-heal|p1a: Zapdos|384\/384
|
|turn|8
|
|switch|p2a: Infernape|Infernape, F|293\/293
|switch|p1a: Diggersby|Diggersby, F|312\/312
|
|turn|9
|
|switch|p1a: Clefable|Clefable, F|394\/394
|move|p2a: Infernape|Close Combat|p1a: Clefable
|-resisted|p1a: Clefable
|-damage|p1a: Clefable|308\/394
|-unboost|p2a: Infernape|def|1
|-unboost|p2a: Infernape|spd|1
|
|-heal|p1a: Clefable|332\/394|[from] item: Leftovers
|turn|10
|
|move|p2a: Infernape|Stealth Rock|p1a: Clefable
|-sidestart|p1: elwind|move: Stealth Rock
|move|p1a: Clefable|Moonblast|p2a: Infernape
|-damage|p2a: Infernape|46\/293
|
|-heal|p1a: Clefable|356\/394|[from] item: Leftovers
|turn|11
|
|switch|p2a: Landorus-Therian|Landorus-Therian, M|319\/319
|-ability|p2a: Landorus-Therian|Intimidate|[of] p1a: Clefable
|-unboost|p1a: Clefable|atk|1
|move|p1a: Clefable|Soft-Boiled|p1a: Clefable
|-heal|p1a: Clefable|394\/394
|
|turn|12
|
|move|p2a: Landorus-Therian|Knock Off|p1a: Clefable
|-resisted|p1a: Clefable
|-damage|p1a: Clefable|332\/394
|-enditem|p1a: Clefable|Leftovers|[from] move: Knock Off|[of] p2a: Landorus-Therian
|move|p1a: Clefable|Moonblast|p2a: Landorus-Therian
|-damage|p2a: Landorus-Therian|186\/319
|
|turn|13
|
|switch|p2a: Raikou|Raikou|258\/321
|-ability|p2a: Raikou|Pressure
|move|p1a: Clefable|Moonblast|p2a: Raikou
|-damage|p2a: Raikou|188\/321
|-unboost|p2a: Raikou|spa|1
|
|turn|14
|
|move|p2a: Raikou|Volt Switch|p1a: Clefable
|-damage|p1a: Clefable|253\/394
|
|switch|p2a: Landorus-Therian|Landorus-Therian, M|186\/319
|-ability|p2a: Landorus-Therian|Intimidate|[of] p1a: Clefable
|-unboost|p1a: Clefable|atk|1
|move|p1a: Clefable|Moonblast|p2a: Landorus-Therian
|-crit|p2a: Landorus-Therian
|-damage|p2a: Landorus-Therian|0 fnt
|faint|p2a: Landorus-Therian
|
|
|switch|p2a: Lopunny|Lopunny, M|271\/271
|turn|15
|
|detailschange|p2a: Lopunny|Lopunny-Mega, M
|-mega|p2a: Lopunny|Lopunny|Lopunnite
|move|p2a: Lopunny|Fake Out|p1a: Clefable
|-crit|p1a: Clefable
|-damage|p1a: Clefable|141\/394
|cant|p1a: Clefable|flinch
|
|turn|16
|c|âelwind|zzz
|
|switch|p1a: Heatran|Heatran, M|386\/386
|-damage|p1a: Heatran|338\/386|[from] Stealth Rock
|move|p2a: Lopunny|Return|p1a: Heatran
|-resisted|p1a: Heatran
|-damage|p1a: Heatran|250\/386
|
|-heal|p1a: Heatran|274\/386|[from] item: Leftovers
|turn|17
|
|switch|p2a: Heracross|Heracross, M|308\/308
|move|p1a: Heatran|Toxic|p2a: Heracross
|-status|p2a: Heracross|tox
|
|-heal|p1a: Heatran|298\/386|[from] item: Leftovers
|-damage|p2a: Heracross|289\/308 tox|[from] psn
|turn|18
|
|switch|p1a: Clefable|Clefable, F|141\/394
|move|p2a: Heracross|Close Combat|p1a: Clefable
|-crit|p1a: Clefable
|-resisted|p1a: Clefable
|-damage|p1a: Clefable|0 fnt
|-unboost|p2a: Heracross|def|1
|-unboost|p2a: Heracross|spd|1
|faint|p1a: Clefable
|
|-damage|p2a: Heracross|251\/308 tox|[from] psn
|
|switch|p1a: Zapdos|Zapdos|384\/384
|-damage|p1a: Zapdos|288\/384|[from] Stealth Rock
|-ability|p1a: Zapdos|Pressure
|turn|19
|
|switch|p2a: Raikou|Raikou|188\/321
|-ability|p2a: Raikou|Pressure
|move|p1a: Zapdos|Roost|p1a: Zapdos
|-heal|p1a: Zapdos|384\/384
|
|turn|20
|
|move|p2a: Raikou|Volt Switch|p1a: Zapdos
|-damage|p1a: Zapdos|284\/384
|
|switch|p2a: Latios|Latios, M|271\/301
|move|p1a: Zapdos|Defog|p2a: Latios
|-unboost|p2a: Latios|evasion|1
|-sideend|p1: elwind|Stealth Rock|[from] move: Defog|[of] p1a: Zapdos
|
|-heal|p1a: Zapdos|308\/384|[from] item: Leftovers
|turn|21
|
|move|p2a: Latios|Draco Meteor|p1a: Zapdos
|-damage|p1a: Zapdos|43\/384
|-unboost|p2a: Latios|spa|2
|-damage|p2a: Latios|241\/301|[from] item: Life Orb
|move|p1a: Zapdos|Roost|p1a: Zapdos
|-heal|p1a: Zapdos|235\/384
|
|-heal|p1a: Zapdos|259\/384|[from] item: Leftovers
|turn|22
|
|switch|p2a: Raikou|Raikou|188\/321
|-ability|p2a: Raikou|Pressure
|move|p1a: Zapdos|Volt Switch|p2a: Raikou
|-resisted|p2a: Raikou
|-damage|p2a: Raikou|153\/321
|
|switch|p1a: Diggersby|Diggersby, F|312\/312
|
|turn|23
|
|move|p2a: Raikou|Hidden Power|p1a: Diggersby
|-supereffective|p1a: Diggersby
|-damage|p1a: Diggersby|152\/312
|move|p1a: Diggersby|Swords Dance|p1a: Diggersby
|-boost|p1a: Diggersby|atk|2
|
|turn|24
|
|move|p1a: Diggersby|Quick Attack|p2a: Raikou
|-damage|p2a: Raikou|0 fnt
|-damage|p1a: Diggersby|121\/312|[from] item: Life Orb
|faint|p2a: Raikou
|
|
|switch|p2a: Lopunny|Lopunny-Mega, M|271\/271
|turn|25
|
|move|p2a: Lopunny|Fake Out|p1a: Diggersby
|-damage|p1a: Diggersby|36\/312
|cant|p1a: Diggersby|flinch
|
|turn|26
|
|move|p2a: Lopunny|Quick Attack|p1a: Diggersby
|-damage|p1a: Diggersby|0 fnt
|faint|p1a: Diggersby
|
|
|switch|p1a: Serperior|Serperior, M|291\/291
|turn|27
|
|move|p2a: Lopunny|Return|p1a: Serperior
|-damage|p1a: Serperior|101\/291
|move|p1a: Serperior|Leaf Storm|p2a: Lopunny
|-damage|p2a: Lopunny|118\/271
|-boost|p1a: Serperior|spa|2
|
|-heal|p1a: Serperior|119\/291|[from] item: Leftovers
|turn|28
|
|switch|p1a: Heatran|Heatran, M|298\/386
|move|p2a: Lopunny|Return|p1a: Heatran
|-resisted|p1a: Heatran
|-damage|p1a: Heatran|205\/386
|
|-heal|p1a: Heatran|229\/386|[from] item: Leftovers
|turn|29
|
|switch|p2a: Infernape|Infernape, F|46\/293
|move|p1a: Heatran|Lava Plume|p2a: Infernape
|-resisted|p2a: Infernape
|-damage|p2a: Infernape|0 fnt
|faint|p2a: Infernape
|
|-heal|p1a: Heatran|253\/386|[from] item: Leftovers
|
|switch|p2a: Heracross|Heracross, M|251\/308 tox
|turn|30
|
|move|p2a: Heracross|Close Combat|p1a: Heatran
|-supereffective|p1a: Heatran
|-damage|p1a: Heatran|0 fnt
|-unboost|p2a: Heracross|def|1
|-unboost|p2a: Heracross|spd|1
|faint|p1a: Heatran
|
|-damage|p2a: Heracross|232\/308 tox|[from] psn
|
|switch|p1a: Zapdos|Zapdos|259\/384
|-ability|p1a: Zapdos|Pressure
|turn|31
|
|move|p2a: Heracross|Close Combat|p1a: Zapdos
|-resisted|p1a: Zapdos
|-damage|p1a: Zapdos|0 fnt
|-unboost|p2a: Heracross|def|1
|-unboost|p2a: Heracross|spd|1
|faint|p1a: Zapdos
|
|-damage|p2a: Heracross|194\/308 tox|[from] psn
|leave|elwind
|player|p1
|-message|elwind lost due to inactivity.
|
|win|foncused
|raw|Ladder updating...
|raw|elwind's rating: 1639 &rarr; <strong>1608<\/strong><br \/>(-31 for losing)
|raw|foncused's rating: 1442 &rarr; <strong>1472<\/strong><br \/>(+30 for winning)