|join|elwind
|join|terry41
|player|p1|elwind|101
|player|p2|terry41|17
|gametype|singles
|gen|6
|tier|OU
|rated
|clearpoke
|poke|p1|Metagross
|poke|p1|Slowbro, F
|poke|p1|Raikou
|poke|p1|Togekiss, M
|poke|p1|Skarmory, F
|poke|p1|Victini
|poke|p2|Diancie
|poke|p2|Garchomp, F
|poke|p2|Bisharp, M
|poke|p2|Talonflame, F
|poke|p2|Dragonite, F
|poke|p2|Starmie
|rule|Swagger Clause: Swagger is banned
|rule|Baton Pass Clause: Limit one PokÃ©mon knowing Baton Pass
|rule|Sleep Clause Mod: Limit one foe put to sleep
|rule|Species Clause: Limit one of each PokÃ©mon
|rule|OHKO Clause: OHKO moves are banned
|rule|Moody Clause: Moody is banned
|rule|Evasion Moves Clause: Evasion moves are banned
|rule|Endless Battle Clause: Forcing endless battles is banned
|rule|HP Percentage Mod: HP is shown in percentages
|teampreview
|
|start
|switch|p1a: Metagross|Metagross|301\/301
|switch|p2a: Garchomp|Garchomp, F|357\/357
|turn|1
|
|switch|p1a: Togekiss|Togekiss, M|374\/374
|move|p2a: Garchomp|Earthquake|p1a: Togekiss
|-immune|p1a: Togekiss|[msg]
|
|turn|2
|
|move|p2a: Garchomp|Stealth Rock|p1a: Togekiss
|-sidestart|p1: elwind|move: Stealth Rock
|move|p1a: Togekiss|Air Slash|p2a: Garchomp
|-damage|p2a: Garchomp|248\/357
|
|turn|3
|
|switch|p2a: Talonflame|Talonflame, F|297\/297
|move|p1a: Togekiss|Defog|p2a: Talonflame
|-unboost|p2a: Talonflame|evasion|1
|-sideend|p1: elwind|Stealth Rock|[from] move: Defog|[of] p1a: Togekiss
|
|turn|4
|
|move|p2a: Talonflame|Swords Dance|p2a: Talonflame
|-boost|p2a: Talonflame|atk|2
|move|p1a: Togekiss|Air Slash|p2a: Talonflame
|-damage|p2a: Talonflame|155\/297
|
|turn|5
|
|switch|p1a: Slowbro|Slowbro, F|394\/394
|move|p2a: Talonflame|Roost|p2a: Talonflame
|-heal|p2a: Talonflame|297\/297
|
|turn|6
|
|switch|p2a: Garchomp|Garchomp, F|248\/357
|move|p1a: Slowbro|Scald|p2a: Garchomp
|-damage|p2a: Garchomp|142\/357
|
|turn|7
|
|switch|p1a: Togekiss|Togekiss, M|374\/374
|move|p2a: Garchomp|Stealth Rock|p1a: Togekiss
|-sidestart|p1: elwind|move: Stealth Rock
|
|turn|8
|
|move|p2a: Garchomp|Swords Dance|p2a: Garchomp
|-boost|p2a: Garchomp|atk|2
|move|p1a: Togekiss|Air Slash|p2a: Garchomp
|-damage|p2a: Garchomp|33\/357
|
|turn|9
|
|switch|p2a: Bisharp|Bisharp, M|271\/271
|move|p1a: Togekiss|Defog|p2a: Bisharp
|-unboost|p2a: Bisharp|evasion|1
|-boost|p2a: Bisharp|atk|2|[from] ability: Defiant
|-sideend|p1: elwind|Stealth Rock|[from] move: Defog|[of] p1a: Togekiss
|
|turn|10
|
|switch|p1a: Skarmory|Skarmory, F|334\/334
|move|p2a: Bisharp|Knock Off|p1a: Skarmory
|-damage|p1a: Skarmory|126\/334
|-enditem|p1a: Skarmory|Leftovers|[from] move: Knock Off|[of] p2a: Bisharp
|
|turn|11
|
|move|p2a: Bisharp|Knock Off|p1a: Skarmory
|-damage|p1a: Skarmory|0 fnt
|faint|p1a: Skarmory
|
|
|switch|p1a: Metagross|Metagross|301\/301
|turn|12
|
|detailschange|p1a: Metagross|Metagross-Mega
|-mega|p1a: Metagross|Metagross|Metagrossite
|move|p2a: Bisharp|Sucker Punch|p1a: Metagross
|-supereffective|p1a: Metagross
|-damage|p1a: Metagross|0 fnt
|faint|p1a: Metagross
|
|-message|elwind forfeited.
|
|win|terry41
|raw|Ladder updating...
|leave|elwind
|player|p1
|raw|elwind's rating: 1643 &rarr; <strong>1618<\/strong><br \/>(-25 for losing)
|raw|terry41's rating: 1548 &rarr; <strong>1573<\/strong><br \/>(+25 for winning)