|join|Tehy
|join|elwind
|player|p1|Tehy|235
|player|p2|elwind|218
|gametype|singles
|gen|6
|tier|OU (suspect test)
|rated
|clearpoke
|poke|p1|Chansey, F
|poke|p1|Gliscor, F
|poke|p1|Mew
|poke|p1|Sableye, M
|poke|p1|Skarmory, F
|poke|p1|Venusaur, M
|poke|p2|Greninja, M
|poke|p2|Mawile, F
|poke|p2|Roserade, M
|poke|p2|Conkeldurr, F
|poke|p2|Hippowdon, M
|poke|p2|Landorus-Therian, M
|rule|Baton Pass Clause: Limit 3 pokemon knowing Baton Pass
|rule|Sleep Clause Mod: Limit one foe put to sleep
|rule|Species Clause: Limit one of each Pokemon
|rule|OHKO Clause: OHKO moves are banned
|rule|Moody Clause: Moody is banned
|rule|Swagger Clause: Swagger is banned
|rule|Evasion Moves Clause: Evasion moves are banned
|rule|Endless Battle Clause: Forcing endless battles is banned
|rule|HP Percentage Mod: HP is reported as percentages
|teampreview
|chat|elwind|enough
|chat|elwind|stal
|chat|elwind|teams
|
|start
|switch|p1a: Mew|Mew|404\/404
|switch|p2a: Landorus-Therian|Landorus-Therian, M|382\/382
|-ability|p2a: Landorus-Therian|Intimidate|[of] p1a: Mew
|-unboost|p1a: Mew|atk|1
|turn|1
|
|move|p1a: Mew|Will-O-Wisp|p2a: Landorus-Therian
|-status|p2a: Landorus-Therian|brn
|move|p2a: Landorus-Therian|Knock Off|p1a: Mew
|-supereffective|p1a: Mew
|-damage|p1a: Mew|204\/404
|-enditem|p1a: Mew|Leftovers|[from] move: Knock Off|[of] p2a: Landorus-Therian
|
|-damage|p2a: Landorus-Therian|335\/382 brn|[from] brn
|turn|2
|
|switch|p2a: Conkeldurr|Conkeldurr, F|414\/414
|move|p1a: Mew|Soft-Boiled|p1a: Mew
|-heal|p1a: Mew|404\/404
|
|turn|3
|
|switch|p1a: Venusaur|Venusaur, M|364\/364
|move|p2a: Conkeldurr|Knock Off|p1a: Venusaur
|-damage|p1a: Venusaur|290\/364
|
|turn|4
|
|switch|p2a: Hippowdon|Hippowdon, M|420\/420
|-weather|Sandstorm
|detailschange|p1a: Venusaur|Venusaur-Mega, M
|message|Venusaur has Mega Evolved into Mega Venusaur!
|move|p1a: Venusaur|Power Whip|p2a: Hippowdon
|-supereffective|p2a: Hippowdon
|-damage|p2a: Hippowdon|232\/420
|
|-weather|Sandstorm|[upkeep]
|-damage|p1a: Venusaur|268\/364|[from] sandstorm
|-heal|p2a: Hippowdon|258\/420|[from] item: Leftovers
|turn|5
|
|move|p1a: Venusaur|Power Whip|p2a: Hippowdon|[miss]
|-miss|p1a: Venusaur|p2a: Hippowdon
|move|p2a: Hippowdon|Stealth Rock|p1a: Venusaur
|-sidestart|p1: Tehy|move: Stealth Rock
|
|-weather|Sandstorm|[upkeep]
|-damage|p1a: Venusaur|246\/364|[from] sandstorm
|-heal|p2a: Hippowdon|284\/420|[from] item: Leftovers
|turn|6
|
|switch|p1a: Mew|Mew|404\/404
|-damage|p1a: Mew|354\/404|[from] Stealth Rock
|move|p2a: Hippowdon|Earthquake|p1a: Mew
|-damage|p1a: Mew|219\/404
|
|-weather|Sandstorm|[upkeep]
|-damage|p1a: Mew|194\/404|[from] sandstorm
|-heal|p2a: Hippowdon|310\/420|[from] item: Leftovers
|turn|7
|
|switch|p2a: Conkeldurr|Conkeldurr, F|414\/414
|move|p1a: Mew|Defog|p2a: Conkeldurr
|-unboost|p2a: Conkeldurr|evasion|1
|-sideend|p1: Tehy|Stealth Rock|[from] move: Defog|[of] p1a: Mew
|
|-weather|Sandstorm|[upkeep]
|-damage|p1a: Mew|169\/404|[from] sandstorm
|-damage|p2a: Conkeldurr|389\/414|[from] sandstorm
|turn|8
|
|switch|p1a: Venusaur|Venusaur-Mega, M|246\/364
|move|p2a: Conkeldurr|Knock Off|p1a: Venusaur
|-damage|p1a: Venusaur|195\/364
|
|-weather|none
|turn|9
|
|switch|p2a: Hippowdon|Hippowdon, M|310\/420
|-weather|Sandstorm
|move|p1a: Venusaur|Synthesis|p1a: Venusaur
|-heal|p1a: Venusaur|286\/364
|
|-weather|Sandstorm|[upkeep]
|-damage|p1a: Venusaur|264\/364|[from] sandstorm
|-heal|p2a: Hippowdon|336\/420|[from] item: Leftovers
|turn|10
|chat|Tehy|it's like
|chat|Tehy|that was such a bad move
|join|iZion
|chat|Tehy|AND YET
|chat|Tehy|i knew it'd happen
|
|switch|p1a: Skarmory|Skarmory, F|334\/334
|move|p2a: Hippowdon|Earthquake|p1a: Skarmory
|-immune|p1a: Skarmory|[msg]
|
|-weather|Sandstorm|[upkeep]
|-heal|p2a: Hippowdon|362\/420|[from] item: Leftovers
|turn|11
|
|move|p1a: Skarmory|Spikes|p2a: Hippowdon
|-sidestart|p2: elwind|Spikes
|move|p2a: Hippowdon|Stealth Rock|p1a: Skarmory
|-sidestart|p1: Tehy|move: Stealth Rock
|
|-weather|Sandstorm|[upkeep]
|-heal|p2a: Hippowdon|388\/420|[from] item: Leftovers
|turn|12
|chat|elwind|ur a fag for using stal
|chat|Tehy|lel
|
|switch|p2a: Mawile|Mawile, F|299\/299
|-damage|p2a: Mawile|262\/299|[from] Spikes
|-ability|p2a: Mawile|Intimidate|[of] p1a: Skarmory
|-unboost|p1a: Skarmory|atk|1
|move|p1a: Skarmory|Spikes|p2a: Mawile
|-sidestart|p2: elwind|Spikes
|
|-weather|Sandstorm|[upkeep]
|turn|13
|chat|Tehy|and you're a bitch for thinking that
|
|detailschange|p2a: Mawile|Mawile-Mega, F
|message|Mawile has Mega Evolved into Mega Mawile!
|move|p1a: Skarmory|Spikes|p2a: Mawile
|-sidestart|p2: elwind|Spikes
|move|p2a: Mawile|Fire Fang|p1a: Skarmory
|-supereffective|p1a: Skarmory
|-damage|p1a: Skarmory|152\/334
|-damage|p2a: Mawile|213\/299|[from] item: Rocky Helmet|[of] p1a: Skarmory
|
|-weather|none
|turn|14
|chat|Tehy|get stacked all the way since you carry no antihazards
|
|move|p1a: Skarmory|Roost|p1a: Skarmory
|-heal|p1a: Skarmory|319\/334
|move|p2a: Mawile|Play Rough|p1a: Skarmory
|-resisted|p1a: Skarmory
|-damage|p1a: Skarmory|223\/334
|-damage|p2a: Mawile|164\/299|[from] item: Rocky Helmet|[of] p1a: Skarmory
|
|turn|15
|
|move|p1a: Skarmory|Roost|p1a: Skarmory
|-heal|p1a: Skarmory|334\/334
|move|p2a: Mawile|Fire Fang|p1a: Skarmory
|-supereffective|p1a: Skarmory
|-damage|p1a: Skarmory|168\/334
|-damage|p2a: Mawile|115\/299|[from] item: Rocky Helmet|[of] p1a: Skarmory
|
|turn|16
|chat|elwind|ladder teams no one cares
|
|move|p1a: Skarmory|Roost|p1a: Skarmory
|-heal|p1a: Skarmory|334\/334
|move|p2a: Mawile|Swords Dance|p2a: Mawile
|-boost|p2a: Mawile|atk|2
|
|turn|17
|
|switch|p1a: Gliscor|Gliscor, F|354\/354
|-damage|p1a: Gliscor|310\/354|[from] Stealth Rock
|move|p2a: Mawile|Fire Fang|p1a: Gliscor
|-damage|p1a: Gliscor|137\/354
|
|-status|p1a: Gliscor|tox|[from] item: Toxic Orb
|turn|18
|
|move|p2a: Mawile|Sucker Punch|p1a: Gliscor
|-fail|p1a: Gliscor
|move|p1a: Gliscor|Roost|p1a: Gliscor
|-heal|p1a: Gliscor|314\/354 tox
|
|-heal|p1a: Gliscor|354\/354 tox|[from] ability: Poison Heal
|turn|19
|-message|elwind forfeited.
|
|win|Tehy
|raw|Ladder updating...
|leave|elwind
|player|p2
|raw|Tehy's rating: 1451 &rarr; <strong>1465<\/strong><br \/>(+14 for winning)
|raw|elwind's rating: 1343 &rarr; <strong>1329<\/strong><br \/>(-14 for losing)
|chat|Tehy|i mean, your coil's 185
|chat|Tehy|0