|join|elwind
|join|Regina Falangie
|player|p1|elwind|102
|player|p2|Regina Falangie|111
|gametype|singles
|gen|6
|tier|OU (suspect test)
|rated
|clearpoke
|poke|p1|Espeon, F
|poke|p1|Gardevoir, M
|poke|p1|Gliscor, F
|poke|p1|Keldeo-Resolute
|poke|p1|Ferrothorn, M
|poke|p1|Snorlax, F
|poke|p2|Politoed, F
|poke|p2|Kingdra, F
|poke|p2|Mawile, M
|poke|p2|Jolteon, F
|poke|p2|Tornadus-Therian, M
|poke|p2|Scizor, F
|rule|Swagger Clause: Swagger is banned
|rule|Baton Pass Clause: Limit one PokÃ©mon knowing Baton Pass
|rule|Sleep Clause Mod: Limit one foe put to sleep
|rule|Species Clause: Limit one of each PokÃ©mon
|rule|OHKO Clause: OHKO moves are banned
|rule|Moody Clause: Moody is banned
|rule|Evasion Moves Clause: Evasion moves are banned
|rule|Endless Battle Clause: Forcing endless battles is banned
|rule|HP Percentage Mod: HP is reported as percentages
|teampreview
|
|start
|switch|p1a: Keldeo-Resolute|Keldeo-Resolute|324\/324
|switch|p2a: Tornadus-Therian|Tornadus-Therian, M|299\/299
|turn|1
|
|switch|p1a: Snorlax|Snorlax, F|524\/524
|move|p2a: Tornadus-Therian|Hurricane|p1a: Snorlax
|-crit|p1a: Snorlax
|-damage|p1a: Snorlax|219\/524
|-damage|p2a: Tornadus-Therian|270\/299|[from] item: Life Orb
|
|turn|2
|
|switch|p1a: Espeon|Espeon, F|284\/284
|move|p2a: Tornadus-Therian|Superpower|p1a: Espeon
|-resisted|p1a: Espeon
|-damage|p1a: Espeon|194\/284
|-unboost|p2a: Tornadus-Therian|atk|1
|-unboost|p2a: Tornadus-Therian|def|1
|-damage|p2a: Tornadus-Therian|241\/299|[from] item: Life Orb
|
|turn|3
|
|switch|p2a: Scizor|Scizor, F|344\/344
|move|p1a: Espeon|Psychic|p2a: Scizor
|-resisted|p2a: Scizor
|-damage|p2a: Scizor|246\/344
|
|turn|4
|
|move|p2a: Scizor|Pursuit|p1a: Espeon|[from]Pursuit
|-supereffective|p1a: Espeon
|-damage|p1a: Espeon|0 fnt
|faint|p1a: Espeon
|
|
|switch|p1a: Ferrothorn|Ferrothorn, M|352\/352
|turn|5
|
|switch|p2a: Tornadus-Therian|Tornadus-Therian, M|299\/299
|move|p1a: Ferrothorn|Stealth Rock|p2a: Tornadus-Therian
|-sidestart|p2: Regina Falangie|move: Stealth Rock
|
|turn|6
|
|switch|p1a: Gliscor|Gliscor, F|354\/354
|move|p2a: Tornadus-Therian|Heat Wave|p1a: Gliscor
|-damage|p1a: Gliscor|247\/354
|-damage|p2a: Tornadus-Therian|270\/299|[from] item: Life Orb
|
|-status|p1a: Gliscor|tox|[from] item: Toxic Orb
|turn|7
|
|move|p2a: Tornadus-Therian|Hurricane|p1a: Gliscor
|-damage|p1a: Gliscor|35\/354 tox
|-damage|p2a: Tornadus-Therian|241\/299|[from] item: Life Orb
|move|p1a: Gliscor|Roost|p1a: Gliscor
|-heal|p1a: Gliscor|212\/354 tox
|
|-heal|p1a: Gliscor|256\/354 tox|[from] ability: Poison Heal
|turn|8
|
|switch|p2a: Kingdra|Kingdra, F|291\/291
|-damage|p2a: Kingdra|255\/291|[from] Stealth Rock
|move|p1a: Gliscor|Toxic|p2a: Kingdra|[miss]
|-miss|p1a: Gliscor|p2a: Kingdra
|
|-heal|p1a: Gliscor|300\/354 tox|[from] ability: Poison Heal
|turn|9
|
|switch|p2a: Jolteon|Jolteon, F|272\/272
|-damage|p2a: Jolteon|238\/272|[from] Stealth Rock
|switch|p1a: Ferrothorn|Ferrothorn, M|352\/352
|
|turn|10
|
|move|p2a: Jolteon|Volt Switch|p1a: Ferrothorn
|-resisted|p1a: Ferrothorn
|-damage|p1a: Ferrothorn|284\/352
|
|switch|p2a: Tornadus-Therian|Tornadus-Therian, M|299\/299
|-damage|p2a: Tornadus-Therian|225\/299|[from] Stealth Rock
|move|p1a: Ferrothorn|Power Whip|p2a: Tornadus-Therian|[miss]
|-miss|p1a: Ferrothorn|p2a: Tornadus-Therian
|
|turn|11
|
|switch|p1a: Gliscor|Gliscor, F|300\/354 tox
|move|p2a: Tornadus-Therian|Hurricane|p1a: Gliscor
|-damage|p1a: Gliscor|115\/354 tox
|-damage|p2a: Tornadus-Therian|196\/299|[from] item: Life Orb
|
|-heal|p1a: Gliscor|159\/354 tox|[from] ability: Poison Heal
|turn|12
|
|move|p2a: Tornadus-Therian|Hurricane|p1a: Gliscor
|-crit|p1a: Gliscor
|-damage|p1a: Gliscor|0 fnt
|-damage|p2a: Tornadus-Therian|167\/299|[from] item: Life Orb
|faint|p1a: Gliscor
|
|
|switch|p1a: Gardevoir|Gardevoir, M|277\/277
|-ability|p1a: Gardevoir|Regenerator|[from] ability: Trace|[of] p2a: Tornadus-Therian
|turn|13
|
|switch|p2a: Mawile|Mawile, M|304\/304
|-damage|p2a: Mawile|285\/304|[from] Stealth Rock
|-ability|p2a: Mawile|Intimidate|[of] p1a: Gardevoir
|-unboost|p1a: Gardevoir|atk|1
|detailschange|p1a: Gardevoir|Gardevoir-Mega, M
|message|Gardevoir has Mega Evolved into Mega Gardevoir!
|move|p1a: Gardevoir|Focus Blast|p2a: Mawile
|-damage|p2a: Mawile|7\/304
|
|turn|14
|
|switch|p1a: Keldeo-Resolute|Keldeo-Resolute|324\/324
|detailschange|p2a: Mawile|Mawile-Mega, M
|message|Mawile has Mega Evolved into Mega Mawile!
|move|p2a: Mawile|Sucker Punch|p1a: Keldeo-Resolute
|-fail|p1a: Keldeo-Resolute
|
|turn|15
|
|move|p1a: Keldeo-Resolute|Secret Sword|p2a: Mawile
|-damage|p2a: Mawile|0 fnt
|faint|p2a: Mawile
|
|
|switch|p2a: Jolteon|Jolteon, F|238\/272
|-damage|p2a: Jolteon|204\/272|[from] Stealth Rock
|turn|16
|
|move|p2a: Jolteon|Volt Switch|p1a: Keldeo-Resolute
|-supereffective|p1a: Keldeo-Resolute
|-damage|p1a: Keldeo-Resolute|0 fnt
|faint|p1a: Keldeo-Resolute
|
|switch|p2a: Scizor|Scizor, F|246\/344
|-damage|p2a: Scizor|203\/344|[from] Stealth Rock
|
|
|switch|p1a: Gardevoir|Gardevoir-Mega, M|277\/277
|turn|17
|
|switch|p1a: Ferrothorn|Ferrothorn, M|284\/352
|move|p2a: Scizor|Superpower|p1a: Ferrothorn
|-supereffective|p1a: Ferrothorn
|-damage|p1a: Ferrothorn|0 fnt
|-damage|p2a: Scizor|160\/344|[from] ability: Iron Barbs|[of] p1a: Ferrothorn
|-damage|p2a: Scizor|103\/344|[from] item: Rocky Helmet|[of] p1a: Ferrothorn
|-unboost|p2a: Scizor|atk|1
|-unboost|p2a: Scizor|def|1
|faint|p1a: Ferrothorn
|
|leave|elwind
|player|p1
|-message|elwind lost due to inactivity.
|
|win|Regina Falangie
|raw|Ladder updating...
|raw|elwind's rating: 1176 &rarr; <strong>1142<\/strong><br \/>(-34 for losing)
|raw|Regina Falangie's rating: 1042 &rarr; <strong>1088<\/strong><br \/>(+46 for winning)