|join|elwind
|join|ChampionRico
|player|p1|elwind|218
|player|p2|ChampionRico|162
|gametype|singles
|gen|6
|tier|OU (suspect test)
|rated
|clearpoke
|poke|p1|Scizor, F
|poke|p1|Landorus, M
|poke|p1|Azumarill, M
|poke|p1|Lucario, F
|poke|p1|Goodra, F
|poke|p1|Celebi
|poke|p2|Volcarona, F
|poke|p2|Wobbuffet, F
|poke|p2|Landorus-Therian, M
|poke|p2|Greninja, F, shiny
|poke|p2|Latios, M, shiny
|poke|p2|Aegislash, M, shiny
|rule|Sleep Clause Mod: Limit one foe put to sleep
|rule|Species Clause: Limit one of each Pokemon
|rule|OHKO Clause: OHKO moves are banned
|rule|Moody Clause: Moody is banned
|rule|Evasion Moves Clause: Evasion moves are banned
|rule|Endless Battle Clause: Forcing endless battles is banned.
|rule|HP Percentage Mod: HP is reported as percentages
|teampreview
|
|start
|switch|p1a: Scizor|Scizor, F|344\/344
|switch|p2a: Mako|Wobbuffet, F|584\/584
|turn|1
|
|detailschange|p1a: Scizor|Scizor-Mega, F
|message|Scizor has Mega Evolved into Mega Scizor!
|move|p1a: Scizor|Knock Off|p2a: Mako
|-supereffective|p2a: Mako
|-damage|p2a: Mako|168\/584
|-enditem|p2a: Mako|Leftovers|[from] move: Knock Off|[of] p1a: Scizor
|move|p2a: Mako|Counter|p1a: Scizor
|-damage|p1a: Scizor|0 fnt
|faint|p1a: Scizor
|
|
|switch|p1a: Landorus|Landorus, M|320\/320
|turn|2
|
|move|p1a: Landorus|Sludge Wave|p2a: Mako
|-damage|p2a: Mako|0 fnt
|faint|p2a: Mako
|
|
|switch|p2a: Ryuko|Greninja, F, shiny|285\/285
|turn|3
|
|switch|p1a: Azumarill|Azumarill, M|404\/404
|-start|p2a: Ryuko|typechange|Ice|[from] Protean
|move|p2a: Ryuko|Ice Beam|p1a: Azumarill
|-resisted|p1a: Azumarill
|-damage|p1a: Azumarill|317\/404
|
|turn|4
|
|switch|p2a: Senketsu|Aegislash, M, shiny|323\/323
|move|p1a: Azumarill|Waterfall|p2a: Senketsu
|-damage|p2a: Senketsu|139\/323
|
|-heal|p2a: Senketsu|159\/323|[from] item: Leftovers
|turn|5
|
|switch|p1a: Lucario|Lucario, F|282\/282
|move|p2a: Senketsu|King's Shield|p2a: Senketsu
|-fail|p2a: Senketsu
|
|-heal|p2a: Senketsu|179\/323|[from] item: Leftovers
|turn|6
|
|move|p1a: Lucario|Swords Dance|p1a: Lucario
|-boost|p1a: Lucario|atk|2
|move|p2a: Senketsu|Substitute|p2a: Senketsu
|-start|p2a: Senketsu|Substitute
|-damage|p2a: Senketsu|99\/323
|
|-heal|p2a: Senketsu|119\/323|[from] item: Leftovers
|turn|7
|
|move|p2a: Senketsu|King's Shield|p2a: Senketsu
|-singleturn|p2a: Senketsu|Protect
|move|p1a: Lucario|Earthquake|p2a: Senketsu
|-activate|p2a: Senketsu|Protect
|
|-heal|p2a: Senketsu|139\/323|[from] item: Leftovers
|turn|8
|
|move|p1a: Lucario|Earthquake|p2a: Senketsu
|-supereffective|p2a: Senketsu
|-end|p2a: Senketsu|Substitute
|-damage|p1a: Lucario|254\/282|[from] item: Life Orb
|-formechange|p2a: Senketsu|Aegislash-Blade
|move|p2a: Senketsu|Iron Head|p1a: Lucario
|-resisted|p1a: Lucario
|-damage|p1a: Lucario|129\/282
|
|-heal|p2a: Senketsu|159\/323|[from] item: Leftovers
|turn|9
|
|move|p2a: Senketsu|Shadow Sneak|p1a: Lucario
|-damage|p1a: Lucario|6\/282
|move|p1a: Lucario|Swords Dance|p1a: Lucario
|-boost|p1a: Lucario|atk|2
|
|-heal|p2a: Senketsu|179\/323|[from] item: Leftovers
|turn|10
|-message|elwind forfeited.
|
|win|ChampionRico
|raw|Ladder updating...
|leave|elwind
|player|p1
|raw|elwind's rating: 1315 &rarr; <strong>1292<\/strong><br \/>(-23 for losing)
|raw|ChampionRico's rating: 1258 &rarr; <strong>1287<\/strong><br \/>(+29 for winning)