|join|elwind
|join|TCBB
|player|p1|elwind|218
|player|p2|TCBB|170
|gametype|singles
|gen|6
|tier|OU (suspect test)
|rated
|clearpoke
|poke|p1|Amoonguss, F
|poke|p1|Charizard, M
|poke|p1|Slowbro, M
|poke|p1|Skarmory, F
|poke|p1|Aegislash, F
|poke|p1|Chansey, F
|poke|p2|Landorus, M
|poke|p2|Deoxys-Speed
|poke|p2|Mawile, M
|poke|p2|Greninja, M
|poke|p2|Thundurus, M
|poke|p2|Bisharp, M
|rule|Swagger Clause: Swagger is banned
|rule|Baton Pass Clause: Limit 3 pokemon knowing Baton Pass
|rule|Sleep Clause Mod: Limit one foe put to sleep
|rule|Species Clause: Limit one of each Pokemon
|rule|OHKO Clause: OHKO moves are banned
|rule|Moody Clause: Moody is banned
|rule|Evasion Moves Clause: Evasion moves are banned
|rule|Endless Battle Clause: Forcing endless battles is banned
|rule|HP Percentage Mod: HP is reported as percentages
|teampreview
|join|LTI stoo
|
|start
|switch|p1a: Aegislash|Aegislash, F|312\/312
|switch|p2a: Deoxys-Speed|Deoxys-Speed|241\/241
|-ability|p2a: Deoxys-Speed|Pressure
|turn|1
|
|move|p2a: Deoxys-Speed|Stealth Rock|p1a: Aegislash
|-sidestart|p1: elwind|move: Stealth Rock
|-formechange|p1a: Aegislash|Aegislash-Blade
|move|p1a: Aegislash|Shadow Ball|p2a: Deoxys-Speed
|-supereffective|p2a: Deoxys-Speed
|-damage|p2a: Deoxys-Speed|0 fnt
|faint|p2a: Deoxys-Speed
|
|
|switch|p2a: Bisharp|Bisharp, M|271\/271
|turn|2
|
|switch|p1a: Skarmory|Skarmory, F|334\/334
|-damage|p1a: Skarmory|293\/334|[from] Stealth Rock
|move|p2a: Bisharp|Knock Off|p1a: Skarmory
|-damage|p1a: Skarmory|145\/334
|-damage|p2a: Bisharp|226\/271|[from] item: Rocky Helmet|[of] p1a: Skarmory
|-enditem|p1a: Skarmory|Rocky Helmet|[from] move: Knock Off|[of] p2a: Bisharp
|-damage|p2a: Bisharp|199\/271|[from] item: Life Orb
|
|turn|3
|
|move|p2a: Bisharp|Swords Dance|p2a: Bisharp
|-boost|p2a: Bisharp|atk|2
|move|p1a: Skarmory|Roost|p1a: Skarmory
|-heal|p1a: Skarmory|312\/334
|
|turn|4
|
|move|p2a: Bisharp|Knock Off|p1a: Skarmory
|-damage|p1a: Skarmory|125\/334
|-damage|p2a: Bisharp|172\/271|[from] item: Life Orb
|move|p1a: Skarmory|Roost|p1a: Skarmory
|-heal|p1a: Skarmory|292\/334
|
|turn|5
|
|move|p2a: Bisharp|Swords Dance|p2a: Bisharp
|-boost|p2a: Bisharp|atk|2
|move|p1a: Skarmory|Whirlwind|p2a: Bisharp
|drag|p2a: Thundurus|Thundurus, M|299\/299
|
|turn|6
|
|switch|p1a: Amoonguss|Amoonguss, F|432\/432
|-damage|p1a: Amoonguss|378\/432|[from] Stealth Rock
|move|p2a: Thundurus|Focus Blast|p1a: Amoonguss
|-resisted|p1a: Amoonguss
|-damage|p1a: Amoonguss|305\/432
|-damage|p2a: Thundurus|270\/299|[from] item: Life Orb
|
|-heal|p1a: Amoonguss|332\/432|[from] item: Leftovers
|turn|7
|
|move|p2a: Thundurus|Thunder Wave|p1a: Amoonguss
|-status|p1a: Amoonguss|par
|cant|p1a: Amoonguss|par
|
|-heal|p1a: Amoonguss|359\/432 par|[from] item: Leftovers
|turn|8
|
|move|p2a: Thundurus|Hidden Power|p1a: Amoonguss
|-supereffective|p1a: Amoonguss
|-damage|p1a: Amoonguss|208\/432 par
|-damage|p2a: Thundurus|241\/299|[from] item: Life Orb
|move|p1a: Amoonguss|Spore|p2a: Thundurus
|-status|p2a: Thundurus|slp
|
|-heal|p1a: Amoonguss|235\/432 par|[from] item: Leftovers
|turn|9
|
|switch|p2a: Mawile|Mawile, M|274\/274
|-ability|p2a: Mawile|Intimidate|[of] p1a: Amoonguss
|-unboost|p1a: Amoonguss|atk|1
|move|p1a: Amoonguss|Foul Play|p2a: Mawile
|-resisted|p2a: Mawile
|-damage|p2a: Mawile|223\/274
|
|-heal|p1a: Amoonguss|262\/432 par|[from] item: Leftovers
|turn|10
|
|switch|p1a: Skarmory|Skarmory, F|292\/334
|-damage|p1a: Skarmory|251\/334|[from] Stealth Rock
|detailschange|p2a: Mawile|Mawile-Mega, M
|message|Mawile has Mega Evolved into Mega Mawile!
|move|p2a: Mawile|Fire Fang|p1a: Skarmory
|-supereffective|p1a: Skarmory
|-damage|p1a: Skarmory|69\/334
|
|turn|11
|
|move|p1a: Skarmory|Defog|p2a: Mawile
|-unboost|p2a: Mawile|evasion|1
|-sideend|p1: elwind|Stealth Rock|[from] move: Defog|[of] p1a: Skarmory
|move|p2a: Mawile|Fire Fang|p1a: Skarmory
|-supereffective|p1a: Skarmory
|-damage|p1a: Skarmory|0 fnt
|faint|p1a: Skarmory
|
|
|switch|p1a: Charizard|Charizard, M|357\/357
|turn|12
|
|move|p2a: Mawile|Sucker Punch|p1a: Charizard
|-fail|p1a: Charizard
|move|p1a: Charizard|Will-O-Wisp|p2a: Mawile
|-status|p2a: Mawile|brn
|
|-damage|p2a: Mawile|189\/274 brn|[from] brn
|turn|13
|leave|LTI stoo
|
|detailschange|p1a: Charizard|Charizard-Mega-X, M
|message|Charizard has Mega Evolved into Mega Charizard!
|move|p1a: Charizard|Flare Blitz|p2a: Mawile
|-supereffective|p2a: Mawile
|-damage|p2a: Mawile|0 fnt
|-damage|p1a: Charizard|295\/357|[from] recoil|[of] p2a: Mawile
|faint|p2a: Mawile
|
|
|switch|p2a: Landorus|Landorus, M|319\/319
|turn|14
|
|switch|p2a: Bisharp|Bisharp, M|172\/271
|switch|p1a: Chansey|Chansey, F|704\/704
|
|turn|15
|
|switch|p1a: Charizard|Charizard-Mega-X, M|295\/357
|move|p2a: Bisharp|Knock Off|p1a: Charizard
|-damage|p1a: Charizard|157\/357
|-damage|p2a: Bisharp|145\/271|[from] item: Life Orb
|
|turn|16
|
|switch|p2a: Greninja|Greninja, M|285\/285
|move|p1a: Charizard|Roost|p1a: Charizard
|-heal|p1a: Charizard|336\/357
|
|turn|17
|
|switch|p2a: Landorus|Landorus, M|319\/319
|move|p1a: Charizard|Roost|p1a: Charizard
|-heal|p1a: Charizard|357\/357
|
|turn|18
|
|switch|p1a: Chansey|Chansey, F|704\/704
|move|p2a: Landorus|Calm Mind|p2a: Landorus
|-boost|p2a: Landorus|spa|1
|-boost|p2a: Landorus|spd|1
|
|turn|19
|
|move|p2a: Landorus|Calm Mind|p2a: Landorus
|-boost|p2a: Landorus|spa|1
|-boost|p2a: Landorus|spd|1
|move|p1a: Chansey|Seismic Toss|p2a: Landorus
|-damage|p2a: Landorus|219\/319
|
|turn|20
|
|move|p2a: Landorus|Calm Mind|p2a: Landorus
|-boost|p2a: Landorus|spa|1
|-boost|p2a: Landorus|spd|1
|move|p1a: Chansey|Seismic Toss|p2a: Landorus
|-damage|p2a: Landorus|119\/319
|
|turn|21
|
|move|p2a: Landorus|Earth Power|p1a: Chansey
|-damage|p1a: Chansey|357\/704
|move|p1a: Chansey|Seismic Toss|p2a: Landorus
|-damage|p2a: Landorus|19\/319
|
|turn|22
|
|switch|p1a: Slowbro|Slowbro, M|394\/394
|move|p2a: Landorus|Earth Power|p1a: Slowbro
|-damage|p1a: Slowbro|0 fnt
|faint|p1a: Slowbro
|
|
|switch|p1a: Aegislash|Aegislash, F|312\/312
|turn|23
|
|switch|p2a: Bisharp|Bisharp, M|145\/271
|-formechange|p1a: Aegislash|Aegislash-Blade
|move|p1a: Aegislash|Shadow Sneak|p2a: Bisharp
|-resisted|p2a: Bisharp
|-damage|p2a: Bisharp|96\/271
|
|turn|24
|
|switch|p1a: Charizard|Charizard-Mega-X, M|357\/357
|move|p2a: Bisharp|Swords Dance|p2a: Bisharp
|-boost|p2a: Bisharp|atk|2
|
|turn|25
|
|move|p1a: Charizard|Will-O-Wisp|p2a: Bisharp|[miss]
|-miss|p1a: Charizard|p2a: Bisharp
|move|p2a: Bisharp|Knock Off|p1a: Charizard
|-damage|p1a: Charizard|52\/357
|-damage|p2a: Bisharp|69\/271|[from] item: Life Orb
|
|turn|26
|chat|elwind|sigh
|
|move|p1a: Charizard|Will-O-Wisp|p2a: Bisharp|[miss]
|-miss|p1a: Charizard|p2a: Bisharp
|move|p2a: Bisharp|Knock Off|p1a: Charizard
|-damage|p1a: Charizard|0 fnt
|-damage|p2a: Bisharp|42\/271|[from] item: Life Orb
|faint|p1a: Charizard
|
|chat|elwind|amaze
|
|switch|p1a: Amoonguss|Amoonguss, F|406\/432 par
|turn|27
|
|move|p2a: Bisharp|Knock Off|p1a: Amoonguss
|-damage|p1a: Amoonguss|0 fnt
|-enditem|p1a: Amoonguss|Leftovers|[from] move: Knock Off|[of] p2a: Bisharp
|-damage|p2a: Bisharp|15\/271|[from] item: Life Orb
|faint|p1a: Amoonguss
|
|
|switch|p1a: Aegislash|Aegislash, F|312\/312
|turn|28
|
|switch|p2a: Landorus|Landorus, M|19\/319
|move|p1a: Aegislash|Swords Dance|p1a: Aegislash
|-boost|p1a: Aegislash|atk|2
|
|turn|29
|
|-formechange|p1a: Aegislash|Aegislash-Blade
|move|p1a: Aegislash|Shadow Sneak|p2a: Landorus
|-damage|p2a: Landorus|0 fnt
|faint|p2a: Landorus
|
|
|switch|p2a: Greninja|Greninja, M|285\/285
|turn|30
|
|switch|p1a: Chansey|Chansey, F|357\/704
|-start|p2a: Greninja|typechange|Dark|[from] Protean
|move|p2a: Greninja|Dark Pulse|p1a: Chansey
|-damage|p1a: Chansey|262\/704
|-damage|p2a: Greninja|257\/285|[from] item: Life Orb
|
|turn|31
|
|move|p2a: Greninja|Dark Pulse|p1a: Chansey
|-damage|p1a: Chansey|171\/704
|-damage|p2a: Greninja|229\/285|[from] item: Life Orb
|move|p1a: Chansey|Soft-Boiled|p1a: Chansey
|-heal|p1a: Chansey|523\/704
|
|turn|32
|
|move|p2a: Greninja|Dark Pulse|p1a: Chansey
|-damage|p1a: Chansey|426\/704
|-damage|p2a: Greninja|201\/285|[from] item: Life Orb
|cant|p1a: Chansey|flinch
|
|turn|33
|
|switch|p2a: Thundurus|Thundurus, M|241\/299 slp
|move|p1a: Chansey|Stealth Rock|p2a: Thundurus
|-sidestart|p2: TCBB|move: Stealth Rock
|
|turn|34
|
|cant|p2a: Thundurus|slp
|move|p1a: Chansey|Soft-Boiled|p1a: Chansey
|-heal|p1a: Chansey|704\/704
|
|turn|35
|
|-curestatus|p2a: Thundurus|slp
|move|p2a: Thundurus|Focus Blast|p1a: Chansey
|-supereffective|p1a: Chansey
|-damage|p1a: Chansey|496\/704
|-damage|p2a: Thundurus|212\/299|[from] item: Life Orb
|move|p1a: Chansey|Seismic Toss|p2a: Thundurus
|-damage|p2a: Thundurus|112\/299
|
|turn|36
|
|move|p2a: Thundurus|Thunder Wave|p1a: Chansey
|-status|p1a: Chansey|par
|move|p1a: Chansey|Soft-Boiled|p1a: Chansey
|-heal|p1a: Chansey|704\/704 par
|
|turn|37
|
|move|p2a: Thundurus|Focus Blast|p1a: Chansey
|-supereffective|p1a: Chansey
|-damage|p1a: Chansey|493\/704 par
|-damage|p2a: Thundurus|83\/299|[from] item: Life Orb
|move|p1a: Chansey|Seismic Toss|p2a: Thundurus
|-damage|p2a: Thundurus|0 fnt
|faint|p2a: Thundurus
|
|
|switch|p2a: Greninja|Greninja, M|201\/285
|-damage|p2a: Greninja|166\/285|[from] Stealth Rock
|turn|38
|
|-start|p2a: Greninja|typechange|Dark|[from] Protean
|move|p2a: Greninja|Dark Pulse|p1a: Chansey
|-crit|p1a: Chansey
|-damage|p1a: Chansey|363\/704 par
|-damage|p2a: Greninja|138\/285|[from] item: Life Orb
|cant|p1a: Chansey|par
|
|turn|39
|
|move|p2a: Greninja|Dark Pulse|p1a: Chansey
|-damage|p1a: Chansey|273\/704 par
|-damage|p2a: Greninja|110\/285|[from] item: Life Orb
|move|p1a: Chansey|Soft-Boiled|p1a: Chansey
|-heal|p1a: Chansey|625\/704 par
|
|turn|40
|-message|TCBB forfeited.
|
|win|elwind
|raw|Ladder updating...
|leave|TCBB
|player|p2
|raw|elwind's rating: 1411 &rarr; <strong>1424<\/strong><br \/>(+13 for winning)
|raw|TCBB's rating: 1295 &rarr; <strong>1278<\/strong><br \/>(-17 for losing)
|join|TCBB
|leave|elwind
|player|p1