|join|elwind
|join|HoneyFLY
|player|p1|elwind|102
|player|p2|HoneyFLY|285
|gametype|singles
|gen|6
|tier|OU (suspect test)
|rated
|clearpoke
|poke|p1|Keldeo
|poke|p1|Heatran, M
|poke|p1|Tyranitar, F
|poke|p1|Mew
|poke|p1|Gardevoir, M
|poke|p1|Latios, M
|poke|p2|Landorus, M
|poke|p2|Tyranitar, M
|poke|p2|Ferrothorn, F
|poke|p2|Garchomp, F
|poke|p2|Excadrill, M
|poke|p2|Hippowdon, M
|rule|Swagger Clause: Swagger is banned
|rule|Baton Pass Clause: Limit one PokÃ©mon knowing Baton Pass
|rule|Sleep Clause Mod: Limit one foe put to sleep
|rule|Species Clause: Limit one of each PokÃ©mon
|rule|OHKO Clause: OHKO moves are banned
|rule|Moody Clause: Moody is banned
|rule|Evasion Moves Clause: Evasion moves are banned
|rule|Endless Battle Clause: Forcing endless battles is banned
|rule|HP Percentage Mod: HP is shown in percentages
|teampreview
|
|start
|switch|p1a: Mew|Mew|404\/404
|switch|p2a: Landorus|Landorus, M|319\/319
|turn|1
|
|move|p2a: Landorus|U-turn|p1a: Mew
|-supereffective|p1a: Mew
|-damage|p1a: Mew|278\/404
|
|switch|p2a: Hippowdon|Hippowdon, M|419\/419
|-weather|Sandstorm
|move|p1a: Mew|Knock Off|p2a: Hippowdon
|-damage|p2a: Hippowdon|373\/419
|-enditem|p2a: Hippowdon|Smooth Rock|[from] move: Knock Off|[of] p1a: Mew
|
|-weather|Sandstorm|[upkeep]
|-damage|p1a: Mew|253\/404|[from] sandstorm
|-heal|p1a: Mew|278\/404|[from] item: Leftovers
|turn|2
|
|switch|p2a: Garchomp|Garchomp, F|357\/357
|move|p1a: Mew|Taunt|p2a: Garchomp
|-start|p2a: Garchomp|move: Taunt
|
|-weather|Sandstorm|[upkeep]
|-damage|p1a: Mew|253\/404|[from] sandstorm
|-heal|p1a: Mew|278\/404|[from] item: Leftovers
|turn|3
|
|detailschange|p2a: Garchomp|Garchomp-Mega, F
|-mega|p2a: Garchomp|Garchomp|Garchompite
|move|p2a: Garchomp|Earthquake|p1a: Mew
|-damage|p1a: Mew|59\/404
|move|p1a: Mew|Roost|p1a: Mew
|-heal|p1a: Mew|261\/404
|
|-weather|Sandstorm|[upkeep]
|-damage|p1a: Mew|236\/404|[from] sandstorm
|-heal|p1a: Mew|261\/404|[from] item: Leftovers
|turn|4
|
|move|p2a: Garchomp|Earthquake|p1a: Mew
|-damage|p1a: Mew|47\/404
|move|p1a: Mew|Will-O-Wisp|p2a: Garchomp
|-status|p2a: Garchomp|brn
|
|-weather|Sandstorm|[upkeep]
|-damage|p1a: Mew|22\/404|[from] sandstorm
|-heal|p1a: Mew|47\/404|[from] item: Leftovers
|-damage|p2a: Garchomp|313\/357 brn|[from] brn
|turn|5
|
|switch|p1a: Gardevoir|Gardevoir, M|277\/277
|move|p2a: Garchomp|Dragon Claw|p1a: Gardevoir
|-immune|p1a: Gardevoir|[msg]
|
|-weather|Sandstorm|[upkeep]
|-damage|p1a: Gardevoir|260\/277|[from] sandstorm
|-damage|p2a: Garchomp|269\/357 brn|[from] brn
|-end|p2a: Garchomp|move: Taunt
|turn|6
|
|detailschange|p1a: Gardevoir|Gardevoir-Mega, M
|-mega|p1a: Gardevoir|Gardevoir|Gardevoirite
|move|p2a: Garchomp|Earthquake|p1a: Gardevoir
|-damage|p1a: Gardevoir|43\/277
|move|p1a: Gardevoir|Focus Blast|p2a: Garchomp|[miss]
|-miss|p1a: Gardevoir|p2a: Garchomp
|
|-weather|Sandstorm|[upkeep]
|-damage|p1a: Gardevoir|26\/277|[from] sandstorm
|-damage|p2a: Garchomp|225\/357 brn|[from] brn
|turn|7
|
|move|p1a: Gardevoir|Hyper Voice|p2a: Garchomp
|-supereffective|p2a: Garchomp
|-damage|p2a: Garchomp|0 fnt
|faint|p2a: Garchomp
|
|-weather|Sandstorm|[upkeep]
|-damage|p1a: Gardevoir|9\/277|[from] sandstorm
|
|switch|p2a: Excadrill|Excadrill, M|361\/361
|turn|8
|
|move|p2a: Excadrill|Iron Head|p1a: Gardevoir
|-supereffective|p1a: Gardevoir
|-damage|p1a: Gardevoir|0 fnt
|-damage|p2a: Excadrill|325\/361|[from] item: Life Orb
|faint|p1a: Gardevoir
|
|-weather|none
|
|switch|p1a: Keldeo|Keldeo|323\/323
|turn|9
|
|switch|p2a: Hippowdon|Hippowdon, M|373\/419
|-weather|Sandstorm
|move|p1a: Keldeo|Secret Sword|p2a: Hippowdon
|-damage|p2a: Hippowdon|223\/419
|
|-weather|Sandstorm|[upkeep]
|-damage|p1a: Keldeo|303\/323|[from] sandstorm
|turn|10
|
|switch|p1a: Mew|Mew|47\/404
|move|p2a: Hippowdon|Earthquake|p1a: Mew
|-damage|p1a: Mew|0 fnt
|faint|p1a: Mew
|
|-weather|Sandstorm|[upkeep]
|
|switch|p1a: Keldeo|Keldeo|303\/323
|turn|11
|
|switch|p2a: Ferrothorn|Ferrothorn, F|351\/351
|move|p1a: Keldeo|Scald|p2a: Ferrothorn
|-resisted|p2a: Ferrothorn
|-damage|p2a: Ferrothorn|278\/351
|
|-weather|Sandstorm|[upkeep]
|-damage|p1a: Keldeo|283\/323|[from] sandstorm
|-heal|p2a: Ferrothorn|299\/351|[from] item: Leftovers
|turn|12
|
|switch|p1a: Heatran|Heatran, M|386\/386
|move|p2a: Ferrothorn|Leech Seed|p1a: Heatran
|-start|p1a: Heatran|move: Leech Seed
|
|-weather|Sandstorm|[upkeep]
|-heal|p2a: Ferrothorn|320\/351|[from] item: Leftovers
|-damage|p1a: Heatran|338\/386|[from] Leech Seed|[of] p2a: Ferrothorn
|-heal|p2a: Ferrothorn|351\/351|[silent]
|turn|13
|
|switch|p2a: Hippowdon|Hippowdon, M|223\/419
|move|p1a: Heatran|Stealth Rock|p2a: Hippowdon
|-sidestart|p2: HoneyFLY|move: Stealth Rock
|
|-weather|none
|-heal|p1a: Heatran|362\/386|[from] item: Leftovers
|-damage|p1a: Heatran|314\/386|[from] Leech Seed|[of] p2a: Hippowdon
|-heal|p2a: Hippowdon|271\/419|[silent]
|turn|14
|
|switch|p1a: Keldeo|Keldeo|283\/323
|move|p2a: Hippowdon|Stealth Rock|p1a: Keldeo
|-sidestart|p1: elwind|move: Stealth Rock
|
|turn|15
|
|move|p1a: Keldeo|Scald|p2a: Hippowdon
|-supereffective|p2a: Hippowdon
|-damage|p2a: Hippowdon|0 fnt
|faint|p2a: Hippowdon
|
|
|switch|p2a: Ferrothorn|Ferrothorn, F|351\/351
|-damage|p2a: Ferrothorn|330\/351|[from] Stealth Rock
|turn|16
|
|move|p1a: Keldeo|Scald|p2a: Ferrothorn
|-resisted|p2a: Ferrothorn
|-damage|p2a: Ferrothorn|255\/351
|move|p2a: Ferrothorn|Leech Seed|p1a: Keldeo
|-start|p1a: Keldeo|move: Leech Seed
|
|-heal|p2a: Ferrothorn|276\/351|[from] item: Leftovers
|-damage|p1a: Keldeo|243\/323|[from] Leech Seed|[of] p2a: Ferrothorn
|-heal|p2a: Ferrothorn|316\/351|[silent]
|turn|17
|
|switch|p1a: Heatran|Heatran, M|314\/386
|-damage|p1a: Heatran|266\/386|[from] Stealth Rock
|move|p2a: Ferrothorn|Spikes|p1a: Heatran
|-sidestart|p1: elwind|Spikes
|
|-heal|p1a: Heatran|290\/386|[from] item: Leftovers
|-heal|p2a: Ferrothorn|337\/351|[from] item: Leftovers
|turn|18
|
|switch|p2a: Tyranitar|Tyranitar, M|403\/403
|-damage|p2a: Tyranitar|353\/403|[from] Stealth Rock
|-weather|Sandstorm
|move|p1a: Heatran|Lava Plume|p2a: Tyranitar
|-crit|p2a: Tyranitar
|-resisted|p2a: Tyranitar
|-damage|p2a: Tyranitar|311\/403
|
|-weather|Sandstorm|[upkeep]
|-heal|p1a: Heatran|314\/386|[from] item: Leftovers
|turn|19
|
|move|p1a: Heatran|Protect|p1a: Heatran
|-singleturn|p1a: Heatran|Protect
|move|p2a: Tyranitar|Earthquake|p1a: Heatran
|-activate|p1a: Heatran|Protect
|
|-weather|Sandstorm|[upkeep]
|-heal|p1a: Heatran|338\/386|[from] item: Leftovers
|turn|20
|
|move|p1a: Heatran|Lava Plume|p2a: Tyranitar
|-resisted|p2a: Tyranitar
|-damage|p2a: Tyranitar|282\/403
|move|p2a: Tyranitar|Rock Tomb|p1a: Heatran
|-damage|p1a: Heatran|256\/386
|-unboost|p1a: Heatran|spe|1
|
|-weather|Sandstorm|[upkeep]
|-heal|p1a: Heatran|280\/386|[from] item: Leftovers
|turn|21
|
|switch|p1a: Latios|Latios, M|301\/301
|-damage|p1a: Latios|264\/301|[from] Stealth Rock
|move|p2a: Tyranitar|Rock Tomb|p1a: Latios
|-damage|p1a: Latios|161\/301
|-unboost|p1a: Latios|spe|1
|
|-weather|Sandstorm|[upkeep]
|-damage|p1a: Latios|143\/301|[from] sandstorm
|turn|22
|
|switch|p1a: Keldeo|Keldeo|243\/323
|-damage|p1a: Keldeo|223\/323|[from] Stealth Rock
|-damage|p1a: Keldeo|183\/323|[from] Spikes
|move|p2a: Tyranitar|Crunch|p1a: Keldeo
|-resisted|p1a: Keldeo
|-damage|p1a: Keldeo|117\/323
|-boost|p1a: Keldeo|atk|1|[from] ability: Justified
|
|-weather|Sandstorm|[upkeep]
|-damage|p1a: Keldeo|97\/323|[from] sandstorm
|turn|23
|
|switch|p2a: Landorus|Landorus, M|319\/319
|-damage|p2a: Landorus|280\/319|[from] Stealth Rock
|move|p1a: Keldeo|Secret Sword|p2a: Landorus
|-resisted|p2a: Landorus
|-damage|p2a: Landorus|162\/319
|
|-weather|Sandstorm|[upkeep]
|-damage|p1a: Keldeo|77\/323|[from] sandstorm
|turn|24
|
|move|p2a: Landorus|Knock Off|p1a: Keldeo
|-resisted|p1a: Keldeo
|-damage|p1a: Keldeo|12\/323
|-boost|p1a: Keldeo|atk|1|[from] ability: Justified
|-enditem|p1a: Keldeo|Choice Specs|[from] move: Knock Off|[of] p2a: Landorus
|move|p1a: Keldeo|Secret Sword|p2a: Landorus
|-resisted|p2a: Landorus
|-damage|p2a: Landorus|79\/319
|
|-weather|Sandstorm|[upkeep]
|-damage|p1a: Keldeo|0 fnt|[from] sandstorm
|faint|p1a: Keldeo
|
|switch|p1a: Heatran|Heatran, M|280\/386
|-damage|p1a: Heatran|232\/386|[from] Spikes
|-damage|p1a: Heatran|184\/386|[from] Stealth Rock
|turn|25
|
|switch|p2a: Ferrothorn|Ferrothorn, F|337\/351
|-damage|p2a: Ferrothorn|316\/351|[from] Stealth Rock
|move|p1a: Heatran|Lava Plume|p2a: Ferrothorn
|-supereffective|p2a: Ferrothorn
|-damage|p2a: Ferrothorn|0 fnt
|faint|p2a: Ferrothorn
|
|-weather|none
|-heal|p1a: Heatran|208\/386|[from] item: Leftovers
|
|switch|p2a: Tyranitar|Tyranitar, M|282\/403
|-damage|p2a: Tyranitar|232\/403|[from] Stealth Rock
|-weather|Sandstorm
|turn|26
|
|move|p1a: Heatran|Protect|p1a: Heatran
|-singleturn|p1a: Heatran|Protect
|move|p2a: Tyranitar|Earthquake|p1a: Heatran
|-activate|p1a: Heatran|Protect
|
|-weather|Sandstorm|[upkeep]
|-heal|p1a: Heatran|232\/386|[from] item: Leftovers
|turn|27
|
|switch|p1a: Latios|Latios, M|143\/301
|-damage|p1a: Latios|106\/301|[from] Stealth Rock
|move|p2a: Tyranitar|Earthquake|p1a: Latios
|-immune|p1a: Latios|[msg]
|
|-weather|Sandstorm|[upkeep]
|-damage|p1a: Latios|88\/301|[from] sandstorm
|turn|28
|
|move|p1a: Latios|Draco Meteor|p2a: Tyranitar
|-damage|p2a: Tyranitar|83\/403
|-unboost|p1a: Latios|spa|2
|-damage|p1a: Latios|58\/301|[from] item: Life Orb
|move|p2a: Tyranitar|Crunch|p1a: Latios
|-supereffective|p1a: Latios
|-damage|p1a: Latios|0 fnt
|faint|p1a: Latios
|
|-weather|Sandstorm|[upkeep]
|
|switch|p1a: Heatran|Heatran, M|232\/386
|-damage|p1a: Heatran|184\/386|[from] Spikes
|-damage|p1a: Heatran|136\/386|[from] Stealth Rock
|turn|29
|
|move|p1a: Heatran|Protect|p1a: Heatran
|-singleturn|p1a: Heatran|Protect
|move|p2a: Tyranitar|Earthquake|p1a: Heatran
|-activate|p1a: Heatran|Protect
|
|-weather|Sandstorm|[upkeep]
|-heal|p1a: Heatran|160\/386|[from] item: Leftovers
|turn|30
|
|move|p1a: Heatran|Lava Plume|p2a: Tyranitar
|-resisted|p2a: Tyranitar
|-damage|p2a: Tyranitar|55\/403
|move|p2a: Tyranitar|Earthquake|p1a: Heatran
|-supereffective|p1a: Heatran
|-damage|p1a: Heatran|0 fnt
|faint|p1a: Heatran
|
|-weather|Sandstorm|[upkeep]
|
|switch|p1a: Tyranitar|Tyranitar, F|342\/342
|-damage|p1a: Tyranitar|300\/342|[from] Spikes
|-damage|p1a: Tyranitar|258\/342|[from] Stealth Rock
|turn|31
|
|move|p1a: Tyranitar|Superpower|p2a: Tyranitar
|-supereffective|p2a: Tyranitar
|-damage|p2a: Tyranitar|0 fnt
|-unboost|p1a: Tyranitar|atk|1
|-unboost|p1a: Tyranitar|def|1
|faint|p2a: Tyranitar
|
|-weather|Sandstorm|[upkeep]
|
|switch|p2a: Landorus|Landorus, M|79\/319
|-damage|p2a: Landorus|40\/319|[from] Stealth Rock
|turn|32
|
|move|p2a: Landorus|Earthquake|p1a: Tyranitar
|-supereffective|p1a: Tyranitar
|-damage|p1a: Tyranitar|0 fnt
|faint|p1a: Tyranitar
|
|win|HoneyFLY
|raw|Ladder updating...
|raw|elwind's rating: 1275 &rarr; <strong>1250<\/strong><br \/>(-25 for losing)
|raw|HoneyFLY's rating: 1275 &rarr; <strong>1300<\/strong><br \/>(+25 for winning)
|leave|elwind
|player|p1