|join|elwind
|join|test123123
|player|p1|elwind|218
|player|p2|test123123|1
|gametype|singles
|gen|6
|tier|OU (suspect test)
|rated
|clearpoke
|poke|p1|Diggersby, F
|poke|p1|Mawile, M
|poke|p1|Dragonite, F
|poke|p1|Gengar, F
|poke|p1|Espeon, F
|poke|p1|Ferrothorn, F
|poke|p2|Aegislash, M
|poke|p2|Shuckle, M
|poke|p2|Azumarill, M
|poke|p2|Venusaur, M
|poke|p2|Bisharp, F
|poke|p2|Landorus, M
|rule|Swagger Clause: Swagger is banned
|rule|Baton Pass Clause: Limit three PokÃ©mon knowing Baton Pass
|rule|Sleep Clause Mod: Limit one foe put to sleep
|rule|Species Clause: Limit one of each PokÃ©mon
|rule|OHKO Clause: OHKO moves are banned
|rule|Moody Clause: Moody is banned
|rule|Evasion Moves Clause: Evasion moves are banned
|rule|Endless Battle Clause: Forcing endless battles is banned
|rule|HP Percentage Mod: HP is reported as percentages
|teampreview
|
|start
|switch|p1a: Gengar|Gengar, F|261\/261
|switch|p2a: Shuckle|Shuckle, M|243\/243
|turn|1
|
|switch|p1a: Espeon|Espeon, F|334\/334
|move|p2a: Shuckle|Sticky Web|p1a: Espeon
|move|p1a: Espeon|Sticky Web|p2a: Shuckle|[from]Magic Bounce
|-sidestart|p2: test123123|move: Sticky Web
|
|turn|2
|
|switch|p2a: Aegislash|Aegislash, M|322\/322
|-item|p2a: Aegislash|Air Balloon
|move|p1a: Espeon|Trick|p2a: Aegislash
|-activate|p1a: Espeon|move: Trick|[of] p2a: Aegislash
|-item|p2a: Aegislash|Choice Scarf|[from] move: Trick
|-item|p1a: Espeon|Air Balloon
|-item|p1a: Espeon|Air Balloon|[from] move: Trick
|
|turn|3
|
|move|p1a: Espeon|Baton Pass|p1a: Espeon
|
|switch|p1a: Diggersby|Diggersby, F|311\/311
|-formechange|p2a: Aegislash|Aegislash-Blade
|move|p2a: Aegislash|Sacred Sword|p1a: Diggersby
|-supereffective|p1a: Diggersby
|-damage|p1a: Diggersby|61\/311
|
|turn|4
|
|switch|p2a: Landorus|Landorus, M|319\/319
|move|p1a: Diggersby|Earthquake|p2a: Landorus
|-immune|p2a: Landorus|[msg]
|
|turn|5
|
|move|p1a: Diggersby|Quick Attack|p2a: Landorus
|-damage|p2a: Landorus|210\/319
|-damage|p1a: Diggersby|30\/311|[from] item: Life Orb
|move|p2a: Landorus|Psychic|p1a: Diggersby
|-damage|p1a: Diggersby|0 fnt
|faint|p1a: Diggersby
|
|
|switch|p1a: Gengar|Gengar, F|261\/261
|turn|6
|
|move|p1a: Gengar|Shadow Ball|p2a: Landorus
|-damage|p2a: Landorus|0 fnt
|-damage|p1a: Gengar|235\/261|[from] item: Life Orb
|faint|p2a: Landorus
|
|
|switch|p2a: Aegislash|Aegislash, M|322\/322
|-activate|p2a: Aegislash|move: Sticky Web
|-unboost|p2a: Aegislash|spe|1
|turn|7
|
|switch|p1a: Ferrothorn|Ferrothorn, F|352\/352
|-formechange|p2a: Aegislash|Aegislash-Blade
|move|p2a: Aegislash|Shadow Sneak|p1a: Ferrothorn
|-crit|p1a: Ferrothorn
|-damage|p1a: Ferrothorn|291\/352
|-damage|p2a: Aegislash|282\/322|[from] ability: Iron Barbs|[of] p1a: Ferrothorn
|-damage|p2a: Aegislash|229\/322|[from] item: Rocky Helmet|[of] p1a: Ferrothorn
|
|turn|8
|
|switch|p2a: Venusaur|Venusaur, M|359\/359
|-activate|p2a: Venusaur|move: Sticky Web
|-unboost|p2a: Venusaur|spe|1
|move|p1a: Ferrothorn|Stealth Rock|p2a: Venusaur
|-sidestart|p2: test123123|move: Stealth Rock
|
|turn|9
|
|switch|p1a: Espeon|Espeon, F|334\/334
|-item|p1a: Espeon|Air Balloon
|detailschange|p2a: Venusaur|Venusaur-Mega, M
|message|Venusaur has Mega Evolved into Mega Venusaur!
|move|p2a: Venusaur|Hidden Power|p1a: Espeon
|-damage|p1a: Espeon|259\/334
|-enditem|p1a: Espeon|Air Balloon
|
|turn|10
|
|move|p1a: Espeon|Psychic|p2a: Venusaur
|-supereffective|p2a: Venusaur
|-damage|p2a: Venusaur|135\/359
|move|p2a: Venusaur|Giga Drain|p1a: Espeon
|-damage|p1a: Espeon|117\/334
|-heal|p2a: Venusaur|206\/359|[from] drain|[of] p1a: Espeon
|
|turn|11
|
|move|p1a: Espeon|Hidden Power|p2a: Venusaur
|-supereffective|p2a: Venusaur
|-damage|p2a: Venusaur|150\/359
|move|p2a: Venusaur|Giga Drain|p1a: Espeon
|-damage|p1a: Espeon|0 fnt
|-heal|p2a: Venusaur|209\/359|[from] drain|[of] p1a: Espeon
|faint|p1a: Espeon
|
|
|switch|p1a: Gengar|Gengar, F|235\/261
|turn|12
|
|move|p1a: Gengar|Sludge Bomb|p2a: Venusaur
|-damage|p2a: Venusaur|34\/359
|-damage|p1a: Gengar|209\/261|[from] item: Life Orb
|move|p2a: Venusaur|Sleep Powder|p1a: Gengar
|-status|p1a: Gengar|slp
|
|turn|13
|
|switch|p2a: Shuckle|Shuckle, M|243\/243
|-damage|p2a: Shuckle|183\/243|[from] Stealth Rock
|-activate|p2a: Shuckle|move: Sticky Web
|-unboost|p2a: Shuckle|spe|1
|cant|p1a: Gengar|slp
|
|turn|14
|
|switch|p1a: Mawile|Mawile, M|304\/304
|-ability|p1a: Mawile|Intimidate|[of] p2a: Shuckle
|-unboost|p2a: Shuckle|atk|1
|move|p2a: Shuckle|Stealth Rock|p1a: Mawile
|-sidestart|p1: elwind|move: Stealth Rock
|
|turn|15
|
|detailschange|p1a: Mawile|Mawile-Mega, M
|message|Mawile has Mega Evolved into Mega Mawile!
|move|p1a: Mawile|Substitute|p1a: Mawile
|-start|p1a: Mawile|Substitute
|-damage|p1a: Mawile|228\/304
|move|p2a: Shuckle|Encore|p1a: Mawile
|-start|p1a: Mawile|Encore
|
|turn|16
|
|switch|p2a: Aegislash|Aegislash, M|229\/322
|-damage|p2a: Aegislash|209\/322|[from] Stealth Rock
|-activate|p2a: Aegislash|move: Sticky Web
|-unboost|p2a: Aegislash|spe|1
|move|p1a: Mawile|Substitute|p1a: Mawile
|-fail|p1a: Mawile|move: Substitute
|
|turn|17
|
|-formechange|p2a: Aegislash|Aegislash-Blade
|move|p2a: Aegislash|Shadow Ball|p1a: Mawile
|-end|p1a: Mawile|Substitute
|move|p1a: Mawile|Substitute|p1a: Mawile
|-start|p1a: Mawile|Substitute
|-damage|p1a: Mawile|152\/304
|
|turn|18
|
|move|p2a: Aegislash|Shadow Ball|p1a: Mawile
|-end|p1a: Mawile|Substitute
|move|p1a: Mawile|Substitute|p1a: Mawile
|-start|p1a: Mawile|Substitute
|-damage|p1a: Mawile|76\/304
|
|-end|p1a: Mawile|Encore
|turn|19
|
|move|p1a: Mawile|Sucker Punch|p2a: Aegislash
|-supereffective|p2a: Aegislash
|-damage|p2a: Aegislash|0 fnt
|faint|p2a: Aegislash
|
|
|switch|p2a: Azumarill|Azumarill, M|398\/398
|-activate|p2a: Azumarill|move: Sticky Web
|-unboost|p2a: Azumarill|spe|1
|-damage|p2a: Azumarill|349\/398|[from] Stealth Rock
|turn|20
|
|move|p2a: Azumarill|Aqua Jet|p1a: Mawile
|-end|p1a: Mawile|Substitute
|move|p1a: Mawile|Play Rough|p2a: Azumarill
|-damage|p2a: Azumarill|0 fnt
|faint|p2a: Azumarill
|
|
|switch|p2a: Bisharp|Bisharp, F|271\/271
|-activate|p2a: Bisharp|move: Sticky Web
|-unboost|p2a: Bisharp|spe|1
|-boost|p2a: Bisharp|atk|2|[from] ability: Defiant
|-damage|p2a: Bisharp|255\/271|[from] Stealth Rock
|turn|21
|
|-singleturn|p1a: Mawile|move: Focus Punch
|move|p2a: Bisharp|Sucker Punch|p1a: Mawile
|-resisted|p1a: Mawile
|-damage|p1a: Mawile|0 fnt
|faint|p1a: Mawile
|
|
|switch|p1a: Dragonite|Dragonite, F|386\/386
|-damage|p1a: Dragonite|290\/386|[from] Stealth Rock
|turn|22
|
|move|p1a: Dragonite|Extreme Speed|p2a: Bisharp
|-resisted|p2a: Bisharp
|-damage|p2a: Bisharp|174\/271
|move|p2a: Bisharp|Sucker Punch|p1a: Dragonite
|-fail|p1a: Dragonite
|
|turn|23
|
|move|p1a: Dragonite|Extreme Speed|p2a: Bisharp
|-resisted|p2a: Bisharp
|-damage|p2a: Bisharp|89\/271
|move|p2a: Bisharp|Knock Off|p1a: Dragonite
|-damage|p1a: Dragonite|0 fnt
|-enditem|p1a: Dragonite|Choice Band|[from] move: Knock Off|[of] p2a: Bisharp
|faint|p1a: Dragonite
|
|
|switch|p1a: Ferrothorn|Ferrothorn, F|291\/352
|-damage|p1a: Ferrothorn|269\/352|[from] Stealth Rock
|turn|24
|
|move|p2a: Bisharp|Knock Off|p1a: Ferrothorn
|-damage|p1a: Ferrothorn|13\/352
|-damage|p2a: Bisharp|56\/271|[from] ability: Iron Barbs|[of] p1a: Ferrothorn
|-damage|p2a: Bisharp|11\/271|[from] item: Rocky Helmet|[of] p1a: Ferrothorn
|-enditem|p1a: Ferrothorn|Rocky Helmet|[from] move: Knock Off|[of] p2a: Bisharp
|move|p1a: Ferrothorn|Gyro Ball|p2a: Bisharp
|-resisted|p2a: Bisharp
|-damage|p2a: Bisharp|0 fnt
|faint|p2a: Bisharp
|
|
|switch|p2a: Shuckle|Shuckle, M|183\/243
|-damage|p2a: Shuckle|123\/243|[from] Stealth Rock
|-activate|p2a: Shuckle|move: Sticky Web
|-unboost|p2a: Shuckle|spe|1
|turn|25
|
|move|p1a: Ferrothorn|Gyro Ball|p2a: Shuckle
|-supereffective|p2a: Shuckle
|-damage|p2a: Shuckle|105\/243
|move|p2a: Shuckle|Infestation|p1a: Ferrothorn
|-crit|p1a: Ferrothorn
|-damage|p1a: Ferrothorn|6\/352
|-damage|p2a: Shuckle|75\/243|[from] ability: Iron Barbs|[of] p1a: Ferrothorn
|-activate|p1a: Ferrothorn|move: Infestation|[of] p2a: Shuckle
|
|-damage|p1a: Ferrothorn|0 fnt|[from] move: Infestation|[partiallytrapped]
|faint|p1a: Ferrothorn
|
|switch|p1a: Gengar|Gengar, F|209\/261 slp
|-damage|p1a: Gengar|177\/261 slp|[from] Stealth Rock
|turn|26
|
|-curestatus|p1a: Gengar|slp
|move|p1a: Gengar|Shadow Ball|p2a: Shuckle
|-damage|p2a: Shuckle|0 fnt
|-damage|p1a: Gengar|151\/261|[from] item: Life Orb
|faint|p2a: Shuckle
|
|chat|test123123|gg
|
|switch|p2a: Venusaur|Venusaur-Mega, M|34\/359
|-activate|p2a: Venusaur|move: Sticky Web
|-unboost|p2a: Venusaur|spe|1
|-damage|p2a: Venusaur|0 fnt|[from] Stealth Rock
|faint|p2a: Venusaur
|
|win|elwind
|raw|Ladder updating...
|raw|elwind's rating: 1422 &rarr; <strong>1436<\/strong><br \/>(+14 for winning)
|raw|test123123's rating: 1307 &rarr; <strong>1293<\/strong><br \/>(-14 for losing)
|leave|elwind
|player|p1