|join|elwind
|join|One Eyed Bill
|player|p1|elwind|218
|player|p2|One Eyed Bill|51
|gametype|singles
|gen|6
|tier|OU (suspect test)
|rated
|clearpoke
|poke|p1|Raikou
|poke|p1|Aegislash, F
|poke|p1|Pinsir, F
|poke|p1|Tyranitar, F
|poke|p1|Breloom, M
|poke|p1|Keldeo
|poke|p2|Latios, M, shiny
|poke|p2|Hippowdon, M, shiny
|poke|p2|Azumarill, M, shiny
|poke|p2|Thundurus, M, shiny
|poke|p2|Mawile, M, shiny
|poke|p2|Breloom, M, shiny
|rule|Swagger Clause: Swagger is banned
|rule|Baton Pass Clause: Limit three PokÃ©mon knowing Baton Pass
|rule|Sleep Clause Mod: Limit one foe put to sleep
|rule|Species Clause: Limit one of each PokÃ©mon
|rule|OHKO Clause: OHKO moves are banned
|rule|Moody Clause: Moody is banned
|rule|Evasion Moves Clause: Evasion moves are banned
|rule|Endless Battle Clause: Forcing endless battles is banned
|rule|HP Percentage Mod: HP is reported as percentages
|teampreview
|join|LTI MushMonkey
|chat|One Eyed Bill|hey mush n_N
|chat|One Eyed Bill|n_n*
|
|start
|switch|p1a: Breloom|Breloom, M|324\/324
|switch|p2a: Breloom|Breloom, M, shiny|264\/264
|turn|1
|chat|LTI MushMonkey|n.n
|
|move|p2a: Breloom|Facade|p1a: Breloom
|-crit|p1a: Breloom
|-damage|p1a: Breloom|189\/324
|move|p1a: Breloom|Substitute|p1a: Breloom
|-start|p1a: Breloom|Substitute
|-damage|p1a: Breloom|108\/324
|
|-status|p2a: Breloom|tox|[from] item: Toxic Orb
|-status|p1a: Breloom|tox|[from] item: Toxic Orb
|turn|2
|
|-singleturn|p1a: Breloom|move: Focus Punch
|move|p2a: Breloom|Facade|p1a: Breloom
|-end|p1a: Breloom|Substitute
|move|p1a: Breloom|Focus Punch|p2a: Breloom
|-damage|p2a: Breloom|0 fnt
|faint|p2a: Breloom
|
|-heal|p1a: Breloom|148\/324 tox|[from] ability: Poison Heal
|chat|LTI MushMonkey|oh boy
|chat|One Eyed Bill|oh.
|chat|LTI MushMonkey|.
|
|switch|p2a: Latios|Latios, M, shiny|270\/270
|turn|3
|join|i Do Drugs
|chat|i Do Drugs|Hi Denisss
|
|switch|p2a: Hippowdon|Hippowdon, M, shiny|420\/420
|switch|p1a: Tyranitar|Tyranitar, F|404\/404
|-weather|Sandstorm
|
|-weather|Sandstorm|[upkeep]
|turn|4
|
|move|p1a: Tyranitar|Stealth Rock|p2a: Hippowdon
|-sidestart|p2: One Eyed Bill|move: Stealth Rock
|move|p2a: Hippowdon|Stealth Rock|p1a: Tyranitar
|-sidestart|p1: elwind|move: Stealth Rock
|
|-weather|Sandstorm|[upkeep]
|turn|5
|
|switch|p1a: Breloom|Breloom, M|148\/324 tox
|-damage|p1a: Breloom|128\/324 tox|[from] Stealth Rock
|move|p2a: Hippowdon|Slack Off|p2a: Hippowdon
|-fail|p2a: Hippowdon
|
|-weather|Sandstorm|[upkeep]
|-damage|p1a: Breloom|108\/324 tox|[from] sandstorm
|-heal|p1a: Breloom|148\/324 tox|[from] ability: Poison Heal
|turn|6
|chat|LTI MushMonkey|:\/
|chat|One Eyed Bill|hm
|chat|i Do Drugs|Mush is a Smogon professional, he'll be able to help for sure
|chat|One Eyed Bill|man i screwed up
|chat|i Do Drugs|Could be Denis though, you never know
|chat|One Eyed Bill|Hm
|join|lDisorientl
|chat|LTI MushMonkey|Why are you following me
|chat|LTI MushMonkey|?_?
|leave|lDisorientl
|chat|elwind|click
|chat|elwind|a 
|join|lDisorientl
|chat|i Do Drugs|I'm watching Giz
|chat|elwind|move
|
|switch|p2a: Mawile|Mawile, M, shiny|271\/271
|-damage|p2a: Mawile|255\/271|[from] Stealth Rock
|-ability|p2a: Mawile|Intimidate|[of] p1a: Breloom
|-unboost|p1a: Breloom|atk|1
|move|p1a: Breloom|Spore|p2a: Mawile
|-status|p2a: Mawile|slp
|
|-weather|Sandstorm|[upkeep]
|-damage|p1a: Breloom|128\/324 tox|[from] sandstorm
|-heal|p1a: Breloom|168\/324 tox|[from] ability: Poison Heal
|turn|7
|chat|i Do Drugs|I don't watch bad players
|leave|lDisorientl
|chat|One Eyed Bill|sub focus punch spore
|chat|One Eyed Bill|oh ok
|chat|LTI MushMonkey|lol
|chat|i Do Drugs|The old DPP set
|chat|One Eyed Bill|i was not expecting that
|
|switch|p2a: Latios|Latios, M, shiny|270\/270
|-damage|p2a: Latios|237\/270|[from] Stealth Rock
|move|p1a: Breloom|Leech Seed|p2a: Latios|[miss]
|-miss|p1a: Breloom|p2a: Latios
|
|-weather|none
|-heal|p1a: Breloom|208\/324 tox|[from] ability: Poison Heal
|turn|8
|chat|i Do Drugs|Is it just me or is that loom legit useless?
|chat|One Eyed Bill|wtf is that
|chat|One Eyed Bill|the loom on this team?
|chat|i Do Drugs|y
|chat|One Eyed Bill|sure as hell is
|chat|i Do Drugs|make it sashed after
|chat|i Do Drugs|;]
|
|switch|p1a: Tyranitar|Tyranitar, F|404\/404
|-damage|p1a: Tyranitar|354\/404|[from] Stealth Rock
|-weather|Sandstorm
|move|p2a: Latios|Psyshock|p1a: Tyranitar
|-immune|p1a: Tyranitar|[msg]
|
|-weather|Sandstorm|[upkeep]
|-damage|p2a: Latios|221\/270|[from] sandstorm
|turn|9
|join|CBZ
|chat|LTI MushMonkey|Giz reveal dragon dance 
|chat|LTI MushMonkey|:\/
|chat|One Eyed Bill|i am trapped.
|chat|CBZ|lol
|chat|elwind|na i dont have pursit
|chat|LTI MushMonkey|he does
|chat|One Eyed Bill|think think think think think think
|chat|LTI MushMonkey|use draco tbh
|chat|CBZ|THE PURSUIT IS HERE!!!!!!!!
|chat|LTI MushMonkey|wait
|
|switch|p2a: Hippowdon|Hippowdon, M, shiny|420\/420
|-damage|p2a: Hippowdon|394\/420|[from] Stealth Rock
|move|p1a: Tyranitar|Crunch|p2a: Hippowdon
|-damage|p2a: Hippowdon|253\/420
|
|-weather|Sandstorm|[upkeep]
|-heal|p2a: Hippowdon|279\/420|[from] item: Leftovers
|turn|10
|chat|LTI MushMonkey|he might d-dance
|chat|One Eyed Bill|MAKE STUPID PLAYS
|chat|One Eyed Bill|ONLY WAY OUT
|chat|elwind|obv loom
|
|switch|p1a: Breloom|Breloom, M|208\/324 tox
|-damage|p1a: Breloom|188\/324 tox|[from] Stealth Rock
|switch|p2a: Latios|Latios, M, shiny|221\/270
|-damage|p2a: Latios|188\/270|[from] Stealth Rock
|
|-weather|Sandstorm|[upkeep]
|-damage|p2a: Latios|172\/270|[from] sandstorm
|-damage|p1a: Breloom|168\/324 tox|[from] sandstorm
|-heal|p1a: Breloom|208\/324 tox|[from] ability: Poison Heal
|turn|11
|leave|CBZ
|
|switch|p1a: Aegislash|Aegislash, F|315\/315
|-damage|p1a: Aegislash|296\/315|[from] Stealth Rock
|move|p2a: Latios|Psyshock|p1a: Aegislash
|-resisted|p1a: Aegislash
|-damage|p1a: Aegislash|226\/315
|-damage|p2a: Latios|145\/270|[from] item: Life Orb
|
|-weather|Sandstorm|[upkeep]
|-damage|p2a: Latios|129\/270|[from] sandstorm
|turn|12
|
|switch|p2a: Azumarill|Azumarill, M, shiny|401\/401
|-damage|p2a: Azumarill|351\/401|[from] Stealth Rock
|-formechange|p1a: Aegislash|Aegislash-Blade
|move|p1a: Aegislash|Shadow Sneak|p2a: Azumarill
|-damage|p2a: Azumarill|251\/401
|
|-weather|none
|turn|13
|chat|One Eyed Bill|what
|
|switch|p2a: Hippowdon|Hippowdon, M, shiny|279\/420
|-damage|p2a: Hippowdon|253\/420|[from] Stealth Rock
|-formechange|p1a: Aegislash|Aegislash
|move|p1a: Aegislash|King's Shield|p1a: Aegislash
|-fail|p1a: Aegislash
|
|-heal|p2a: Hippowdon|279\/420|[from] item: Leftovers
|turn|14
|chat|One Eyed Bill|oh the crumbler
|chat|LTI MushMonkey|Making big boy plays
|
|switch|p1a: Breloom|Breloom, M|208\/324 tox
|-damage|p1a: Breloom|188\/324 tox|[from] Stealth Rock
|move|p2a: Hippowdon|Slack Off|p2a: Hippowdon
|-heal|p2a: Hippowdon|420\/420
|
|-heal|p1a: Breloom|228\/324 tox|[from] ability: Poison Heal
|turn|15
|chat|LTI MushMonkey|"P
|chat|LTI MushMonkey|:O*
|
|-singleturn|p1a: Breloom|move: Focus Punch
|switch|p2a: Thundurus|Thundurus, M, shiny|268\/268
|-damage|p2a: Thundurus|201\/268|[from] Stealth Rock
|move|p1a: Breloom|Focus Punch|p2a: Thundurus
|-resisted|p2a: Thundurus
|-damage|p2a: Thundurus|15\/268
|
|-heal|p1a: Breloom|268\/324 tox|[from] ability: Poison Heal
|turn|16
|
|switch|p1a: Tyranitar|Tyranitar, F|354\/404
|-damage|p1a: Tyranitar|304\/404|[from] Stealth Rock
|-weather|Sandstorm
|move|p2a: Thundurus|Hidden Power|p1a: Tyranitar
|-damage|p1a: Tyranitar|243\/404
|-damage|p2a: Thundurus|0 fnt|[from] item: Life Orb
|faint|p2a: Thundurus
|
|-weather|Sandstorm|[upkeep]
|
|switch|p2a: Mawile|Mawile, M, shiny|255\/271 slp
|-damage|p2a: Mawile|239\/271 slp|[from] Stealth Rock
|-ability|p2a: Mawile|Intimidate|[of] p1a: Tyranitar
|-unboost|p1a: Tyranitar|atk|1
|turn|17
|
|switch|p2a: Hippowdon|Hippowdon, M, shiny|420\/420
|-damage|p2a: Hippowdon|394\/420|[from] Stealth Rock
|move|p1a: Tyranitar|Earthquake|p2a: Hippowdon
|-damage|p2a: Hippowdon|321\/420
|
|-weather|Sandstorm|[upkeep]
|-heal|p2a: Hippowdon|347\/420|[from] item: Leftovers
|turn|18
|join|Imagine Dwagons
|
|switch|p2a: Latios|Latios, M, shiny|129\/270
|-damage|p2a: Latios|96\/270|[from] Stealth Rock
|move|p1a: Tyranitar|Crunch|p2a: Latios
|-supereffective|p2a: Latios
|-damage|p2a: Latios|0 fnt
|faint|p2a: Latios
|
|-weather|Sandstorm|[upkeep]
|chat|One Eyed Bill|R.I.p.
|chat|One Eyed Bill|Gizmo the choke artist
|chat|One Eyed Bill|oml
|
|switch|p2a: Azumarill|Azumarill, M, shiny|251\/401
|-damage|p2a: Azumarill|201\/401|[from] Stealth Rock
|turn|19
|
|move|p1a: Tyranitar|Stone Edge|p2a: Azumarill|[miss]
|-miss|p1a: Tyranitar|p2a: Azumarill
|move|p2a: Azumarill|Play Rough|p1a: Tyranitar
|-supereffective|p1a: Tyranitar
|-damage|p1a: Tyranitar|0 fnt
|faint|p1a: Tyranitar
|
|-weather|Sandstorm|[upkeep]
|-damage|p2a: Azumarill|176\/401|[from] sandstorm
|chat|Imagine Dwagons|killful dodge
|chat|Imagine Dwagons|skillful
|
|switch|p1a: Pinsir|Pinsir, F|271\/271
|-damage|p1a: Pinsir|204\/271|[from] Stealth Rock
|turn|20
|
|detailschange|p1a: Pinsir|Pinsir-Mega, F
|message|Pinsir has Mega Evolved into Mega Pinsir!
|move|p2a: Azumarill|Aqua Jet|p1a: Pinsir
|-damage|p1a: Pinsir|128\/271
|move|p1a: Pinsir|Return|p2a: Azumarill
|-damage|p2a: Azumarill|0 fnt
|faint|p2a: Azumarill
|
|-weather|none
|
|switch|p2a: Hippowdon|Hippowdon, M, shiny|347\/420
|-damage|p2a: Hippowdon|321\/420|[from] Stealth Rock
|turn|21
|
|move|p1a: Pinsir|Return|p2a: Hippowdon
|-damage|p2a: Hippowdon|96\/420
|move|p2a: Hippowdon|Slack Off|p2a: Hippowdon
|-heal|p2a: Hippowdon|306\/420
|
|-heal|p2a: Hippowdon|332\/420|[from] item: Leftovers
|turn|22
|
|move|p1a: Pinsir|Swords Dance|p1a: Pinsir
|-boost|p1a: Pinsir|atk|2
|move|p2a: Hippowdon|Toxic|p1a: Pinsir
|-status|p1a: Pinsir|tox
|
|-heal|p2a: Hippowdon|358\/420|[from] item: Leftovers
|-damage|p1a: Pinsir|112\/271 tox|[from] psn
|turn|23
|
|move|p1a: Pinsir|Return|p2a: Hippowdon
|-damage|p2a: Hippowdon|0 fnt
|faint|p2a: Hippowdon
|
|-damage|p1a: Pinsir|80\/271 tox|[from] psn
|
|switch|p2a: Mawile|Mawile, M, shiny|239\/271 slp
|-damage|p2a: Mawile|223\/271 slp|[from] Stealth Rock
|-ability|p2a: Mawile|Intimidate|[of] p1a: Pinsir
|-unboost|p1a: Pinsir|atk|1
|turn|24
|
|detailschange|p2a: Mawile|Mawile-Mega, M, shiny
|message|Mawile has Mega Evolved into Mega Mawile!
|cant|p2a: Mawile|slp
|move|p1a: Pinsir|Earthquake|p2a: Mawile
|-supereffective|p2a: Mawile
|-damage|p2a: Mawile|0 fnt
|faint|p2a: Mawile
|
|win|elwind
|raw|Ladder updating...
|raw|elwind's rating: 1392 &rarr; <strong>1405<\/strong><br \/>(+13 for winning)
|raw|One Eyed Bill's rating: 1278 &rarr; <strong>1261<\/strong><br \/>(-17 for losing)
|chat|Imagine Dwagons|lowladder?
|chat|elwind|gg
|leave|elwind
|player|p1
|chat|One Eyed Bill|n
|chat|Imagine Dwagons|hahaha
|chat|One Eyed Bill|i just suck
|chat|One Eyed Bill|i'm so garbage oml
|chat|Imagine Dwagons|lose at low ladder
|chat|Imagine Dwagons|oml
|chat|Imagine Dwagons|use the clefable
|chat|One Eyed Bill|I haven't lost that bad in a bit
|chat|One Eyed Bill|whew
|chat|One Eyed Bill|knocks the wind out of you in a way