|inactive|Battle timer is ON: inactive players will automatically lose when time's up.
|join|SHYAMBLES
|join|elwind
|player|p1|SHYAMBLES|78
|player|p2|elwind|218
|gametype|singles
|gen|6
|tier|UU
|rule|Sleep Clause Mod: Limit one foe put to sleep
|rule|Species Clause: Limit one of each PokÃ©mon
|rule|OHKO Clause: OHKO moves are banned
|rule|Moody Clause: Moody is banned
|rule|Evasion Moves Clause: Evasion moves are banned
|rule|Endless Battle Clause: Forcing endless battles is banned
|rule|HP Percentage Mod: HP is reported as percentages
|clearpoke
|poke|p1|Aerodactyl, F
|poke|p1|Lucario, F
|poke|p1|Hydreigon, M
|poke|p1|Azelf
|poke|p1|Chandelure, M
|poke|p1|Sharpedo, F
|poke|p2|Chandelure, F
|poke|p2|Celebi
|poke|p2|Infernape, F
|poke|p2|Aggron, M
|poke|p2|Mew
|poke|p2|Florges, F
|rule|Swagger Clause: Swagger is banned
|rule|Baton Pass Clause: Limit one PokÃ©mon knowing Baton Pass
|teampreview
|join|blunderr
|join|Omfuga's back!
|join|cbt
|join|King Tsunami
|join|Qwilphish
|join|Jirachee
|join|CrashinBoomBang
|join|MEEPS
|join|Nog
|join|Ciele
|join|Rewer
|
|start
|switch|p1a: HORSMEAT|Azelf|291\/291
|switch|p2a: Florges|Florges, F|360\/360
|turn|1
|join|Moony
|
|move|p1a: HORSMEAT|Stealth Rock|p2a: Florges
|-sidestart|p2: elwind|move: Stealth Rock
|move|p2a: Florges|Moonblast|p1a: HORSMEAT
|-enditem|p1a: HORSMEAT|Focus Sash
|-damage|p1a: HORSMEAT|1\/291
|
|turn|2
|join|WEPWN
|
|move|p1a: HORSMEAT|Knock Off|p2a: Florges
|-resisted|p2a: Florges
|-damage|p2a: Florges|279\/360
|-enditem|p2a: Florges|Choice Specs|[from] move: Knock Off|[of] p1a: HORSMEAT
|move|p2a: Florges|Moonblast|p1a: HORSMEAT
|-damage|p1a: HORSMEAT|0 fnt
|faint|p1a: HORSMEAT
|
|join|The DragonKnight
|join|Hot N Cold
|
|switch|p1a: AFRO HORSE|Aerodactyl, F|331\/331
|-ability|p1a: AFRO HORSE|Unnerve|p2: elwind
|turn|3
|
|switch|p2a: Aggron|Aggron, M|282\/282
|-damage|p2a: Aggron|265\/282|[from] Stealth Rock
|detailschange|p1a: AFRO HORSE|Aerodactyl-Mega, F
|message|Aerodactyl has Mega Evolved into Mega Aerodactyl!
|move|p1a: AFRO HORSE|Aqua Tail|p2a: Aggron
|-supereffective|p2a: Aggron
|-damage|p2a: Aggron|81\/282
|
|turn|4
|chat|elwind|hm i made big mistake
|
|switch|p1a: LUCK>HORSE|Chandelure, M|278\/278
|detailschange|p2a: Aggron|Aggron-Mega, M
|message|Aggron has Mega Evolved into Mega Aggron!
|move|p2a: Aggron|Stealth Rock|p1a: LUCK>HORSE
|-sidestart|p1: SHYAMBLES|move: Stealth Rock
|
|turn|5
|join|Soulgazer
|join|bro fist
|
|move|p1a: LUCK>HORSE|Shadow Ball|p2a: Aggron
|-damage|p2a: Aggron|0 fnt
|faint|p2a: Aggron
|
|join|Finchinator
|
|switch|p2a: Florges|Florges, F|279\/360
|-damage|p2a: Florges|234\/360|[from] Stealth Rock
|turn|6
|
|switch|p1a: AFRO HORSE|Aerodactyl-Mega, F|331\/331
|-damage|p1a: AFRO HORSE|249\/331|[from] Stealth Rock
|move|p2a: Florges|Moonblast|p1a: AFRO HORSE
|-damage|p1a: AFRO HORSE|69\/331
|-unboost|p1a: AFRO HORSE|spa|1
|
|turn|7
|
|switch|p2a: Celebi|Celebi|352\/352
|-damage|p2a: Celebi|308\/352|[from] Stealth Rock
|move|p1a: AFRO HORSE|Stone Edge|p2a: Celebi
|-damage|p2a: Celebi|115\/352
|
|turn|8
|join|Bluwing
|chat|SHYAMBLES|are u rly scarf tho
|
|move|p2a: Celebi|Leaf Storm|p1a: AFRO HORSE
|-damage|p1a: AFRO HORSE|0 fnt
|-unboost|p2a: Celebi|spa|2
|faint|p1a: AFRO HORSE
|
|
|switch|p1a: LUCK>HORSE|Chandelure, M|278\/278
|-damage|p1a: LUCK>HORSE|209\/278|[from] Stealth Rock
|turn|9
|join|jasonpwn
|
|move|p2a: Celebi|Leaf Storm|p1a: LUCK>HORSE
|-crit|p1a: LUCK>HORSE
|-resisted|p1a: LUCK>HORSE
|-damage|p1a: LUCK>HORSE|59\/278
|-unboost|p2a: Celebi|spa|2
|move|p1a: LUCK>HORSE|Substitute|p1a: LUCK>HORSE
|-fail|p1a: LUCK>HORSE|move: Substitute|[weak]
|
|-heal|p1a: LUCK>HORSE|76\/278|[from] item: Leftovers
|turn|10
|chat|SHYAMBLES|rly.
|chat|elwind|sry
|chat|SHYAMBLES|tht was game lol
|join|based
|join|JirachiCelebiMeow
|join|Zamrock
|
|move|p2a: Celebi|Leaf Storm|p1a: LUCK>HORSE
|-resisted|p1a: LUCK>HORSE
|-damage|p1a: LUCK>HORSE|41\/278
|-unboost|p2a: Celebi|spa|2
|move|p1a: LUCK>HORSE|Shadow Ball|p2a: Celebi
|-supereffective|p2a: Celebi
|-damage|p2a: Celebi|0 fnt
|faint|p2a: Celebi
|
|-heal|p1a: LUCK>HORSE|58\/278|[from] item: Leftovers
|
|switch|p2a: Chandelure|Chandelure, F|261\/261
|-damage|p2a: Chandelure|196\/261|[from] Stealth Rock
|turn|11
|
|move|p2a: Chandelure|Shadow Ball|p1a: LUCK>HORSE
|-supereffective|p1a: LUCK>HORSE
|-damage|p1a: LUCK>HORSE|0 fnt
|faint|p1a: LUCK>HORSE
|
|join|Mourning Glory
|
|switch|p1a: HORSEVICTO|Sharpedo, F|281\/281
|-damage|p1a: HORSEVICTO|246\/281|[from] Stealth Rock
|turn|12
|
|move|p1a: HORSEVICTO|Protect|p1a: HORSEVICTO
|-singleturn|p1a: HORSEVICTO|Protect
|move|p2a: Chandelure|Shadow Ball|p1a: HORSEVICTO
|-activate|p1a: HORSEVICTO|Protect
|
|-boost|p1a: HORSEVICTO|spe|1|[from] ability: Speed Boost
|turn|13
|
|move|p1a: HORSEVICTO|Waterfall|p2a: Chandelure
|-supereffective|p2a: Chandelure
|-damage|p2a: Chandelure|0 fnt
|-damage|p1a: HORSEVICTO|218\/281|[from] item: Life Orb
|faint|p2a: Chandelure
|
|-boost|p1a: HORSEVICTO|spe|1|[from] ability: Speed Boost
|
|switch|p2a: Mew|Mew|404\/404
|-damage|p2a: Mew|354\/404|[from] Stealth Rock
|turn|14
|
|move|p1a: HORSEVICTO|Crunch|p2a: Mew
|-supereffective|p2a: Mew
|-damage|p2a: Mew|71\/404
|-damage|p1a: HORSEVICTO|190\/281|[from] item: Life Orb
|move|p2a: Mew|Will-O-Wisp|p1a: HORSEVICTO
|-status|p1a: HORSEVICTO|brn
|
|-heal|p2a: Mew|96\/404|[from] item: Leftovers
|-damage|p1a: HORSEVICTO|155\/281 brn|[from] brn
|-boost|p1a: HORSEVICTO|spe|1|[from] ability: Speed Boost
|turn|15
|leave|Zamrock
|join|Imanalt
|
|move|p1a: HORSEVICTO|Crunch|p2a: Mew
|-supereffective|p2a: Mew
|-damage|p2a: Mew|0 fnt
|-damage|p1a: HORSEVICTO|127\/281 brn|[from] item: Life Orb
|faint|p2a: Mew
|
|-damage|p1a: HORSEVICTO|92\/281 brn|[from] brn
|-boost|p1a: HORSEVICTO|spe|1|[from] ability: Speed Boost
|
|switch|p2a: Florges|Florges, F|234\/360
|-damage|p2a: Florges|189\/360|[from] Stealth Rock
|turn|16
|
|move|p1a: HORSEVICTO|Waterfall|p2a: Florges
|-damage|p2a: Florges|51\/360
|-damage|p1a: HORSEVICTO|64\/281 brn|[from] item: Life Orb
|cant|p2a: Florges|flinch
|
|-damage|p1a: HORSEVICTO|29\/281 brn|[from] brn
|-boost|p1a: HORSEVICTO|spe|1|[from] ability: Speed Boost
|turn|17
|
|move|p1a: HORSEVICTO|Waterfall|p2a: Florges
|-damage|p2a: Florges|0 fnt
|-damage|p1a: HORSEVICTO|1\/281 brn|[from] item: Life Orb
|faint|p2a: Florges
|
|-damage|p1a: HORSEVICTO|0 fnt|[from] brn
|faint|p1a: HORSEVICTO
|
|switch|p2a: Infernape|Infernape, F|293\/293
|-damage|p2a: Infernape|257\/293|[from] Stealth Rock
|switch|p1a: UNHORSEDAY|Hydreigon, M|325\/325
|-damage|p1a: UNHORSEDAY|285\/325|[from] Stealth Rock
|turn|18
|chat|SHYAMBLES|jus hit
|
|move|p1a: UNHORSEDAY|Draco Meteor|p2a: Infernape
|-crit|p2a: Infernape
|-damage|p2a: Infernape|0 fnt
|-unboost|p1a: UNHORSEDAY|spa|2
|faint|p2a: Infernape
|
|win|SHYAMBLES
|leave|Mourning Glory
|chat|elwind|gg
|chat|SHYAMBLES|thank u
|chat|SHYAMBLES|gg's
|leave|based
|leave|blunderr
|leave|elwind
|player|p2
|leave|Jirachee
|leave|Bluwing
|leave|King Tsunami
|leave|jasonpwn
|leave|MEEPS
|leave|WEPWN
|leave|Imanalt
|leave|Ciele
|leave|SHYAMBLES
|player|p1
|leave|Rewer