|inactive|Battle timer is ON: inactive players will automatically lose when time's up.
|join|elwind
|join|SHYAMBLES
|player|p1|elwind|218
|player|p2|SHYAMBLES|78
|gametype|singles
|gen|6
|tier|UU
|rule|Sleep Clause Mod: Limit one foe put to sleep
|rule|Species Clause: Limit one of each PokÃ©mon
|rule|OHKO Clause: OHKO moves are banned
|rule|Moody Clause: Moody is banned
|rule|Evasion Moves Clause: Evasion moves are banned
|rule|Endless Battle Clause: Forcing endless battles is banned
|rule|HP Percentage Mod: HP is reported as percentages
|clearpoke
|poke|p1|Infernape, F
|poke|p1|Florges, F
|poke|p1|Chandelure, F
|poke|p1|Hydreigon, F
|poke|p1|Slowbro, F
|poke|p1|Forretress, F
|poke|p2|Sableye, M
|poke|p2|Snorlax, M
|poke|p2|Aromatisse, M
|poke|p2|Mew
|poke|p2|Alomomola, F
|poke|p2|Aerodactyl, M
|rule|Swagger Clause: Swagger is banned
|rule|Baton Pass Clause: Limit one PokÃ©mon knowing Baton Pass
|teampreview
|join|blunderr
|join|Omfuga's back!
|join|MEEPS
|join|Finchinator
|join|Jirachee
|join|Hot N Cold
|
|start
|switch|p1a: Chandelure|Chandelure, F|262\/262
|switch|p2a: HOTNHORSE|Aromatisse, M|405\/405
|turn|1
|join|King Tsunami
|
|move|p2a: HOTNHORSE|Protect|p2a: HOTNHORSE
|-singleturn|p2a: HOTNHORSE|Protect
|move|p1a: Chandelure|Trick|p2a: HOTNHORSE
|-activate|p2a: HOTNHORSE|Protect
|
|turn|2
|
|switch|p1a: Forretress|Forretress, F|354\/354
|switch|p2a: THUNDERHORSE777|Aerodactyl, M|363\/363
|-ability|p2a: THUNDERHORSE777|Pressure
|
|turn|3
|join|Imanalt
|leave|Imanalt
|
|switch|p2a: HORSEPACT|Mew|404\/404
|move|p1a: Forretress|Volt Switch|p2a: HORSEPACT
|-damage|p2a: HORSEPACT|370\/404
|
|switch|p1a: Chandelure|Chandelure, F|262\/262
|
|-heal|p2a: HORSEPACT|395\/404|[from] item: Leftovers
|turn|4
|join|BLINGAS
|
|switch|p2a: THUNDERHORSE777|Aerodactyl, M|363\/363
|-ability|p2a: THUNDERHORSE777|Pressure
|move|p1a: Chandelure|Shadow Ball|p2a: THUNDERHORSE777
|-damage|p2a: THUNDERHORSE777|68\/363
|
|turn|5
|join|Ciele
|join|CrashinBoomBang
|
|detailschange|p2a: THUNDERHORSE777|Aerodactyl-Mega, M
|message|Aerodactyl has Mega Evolved into Mega Aerodactyl!
|move|p2a: THUNDERHORSE777|Stealth Rock|p1a: Chandelure
|-sidestart|p1: elwind|move: Stealth Rock
|move|p1a: Chandelure|Shadow Ball|p2a: THUNDERHORSE777
|-damage|p2a: THUNDERHORSE777|0 fnt
|faint|p2a: THUNDERHORSE777
|
|
|switch|p2a: GR8HORSETARD|Snorlax, M|497\/497
|turn|6
|join|asedVictory
|
|switch|p1a: Forretress|Forretress, F|354\/354
|-damage|p1a: Forretress|310\/354|[from] Stealth Rock
|switch|p2a: MIZUHORSE|Sableye, M|303\/303
|
|-heal|p1a: Forretress|332\/354|[from] item: Leftovers
|turn|7
|
|move|p2a: MIZUHORSE|Knock Off|p1a: Forretress
|-damage|p1a: Forretress|271\/354
|-enditem|p1a: Forretress|Leftovers|[from] move: Knock Off|[of] p2a: MIZUHORSE
|move|p1a: Forretress|Stealth Rock|p2a: MIZUHORSE
|-sidestart|p2: SHYAMBLES|move: Stealth Rock
|
|turn|8
|
|move|p2a: MIZUHORSE|Will-O-Wisp|p1a: Forretress
|-status|p1a: Forretress|brn
|move|p1a: Forretress|Spikes|p2a: MIZUHORSE
|-sidestart|p2: SHYAMBLES|Spikes
|
|-damage|p1a: Forretress|227\/354 brn|[from] brn
|turn|9
|
|switch|p2a: HORSEPACT|Mew|395\/404
|-damage|p2a: HORSEPACT|345\/404|[from] Stealth Rock
|-damage|p2a: HORSEPACT|295\/404|[from] Spikes
|move|p1a: Forretress|Volt Switch|p2a: HORSEPACT
|-damage|p2a: HORSEPACT|261\/404
|join|Nog
|chat|elwind|wait i make calculation
|join|edgar
|
|switch|p1a: Hydreigon|Hydreigon, F|325\/325
|-damage|p1a: Hydreigon|285\/325|[from] Stealth Rock
|
|-heal|p2a: HORSEPACT|286\/404|[from] item: Leftovers
|turn|10
|
|switch|p2a: HOTNHORSE|Aromatisse, M|405\/405
|-damage|p2a: HOTNHORSE|355\/405|[from] Stealth Rock
|-damage|p2a: HOTNHORSE|305\/405|[from] Spikes
|move|p1a: Hydreigon|Dark Pulse|p2a: HOTNHORSE
|-resisted|p2a: HOTNHORSE
|-damage|p2a: HOTNHORSE|189\/405
|-damage|p1a: Hydreigon|253\/325|[from] item: Life Orb
|
|-heal|p2a: HOTNHORSE|214\/405|[from] item: Leftovers
|turn|11
|join|WEPWN
|join|Imanalt
|
|move|p1a: Hydreigon|U-turn|p2a: HOTNHORSE
|-resisted|p2a: HOTNHORSE
|-damage|p2a: HOTNHORSE|180\/405
|-damage|p1a: Hydreigon|221\/325|[from] item: Life Orb
|
|switch|p1a: Chandelure|Chandelure, F|262\/262
|-damage|p1a: Chandelure|197\/262|[from] Stealth Rock
|move|p2a: HOTNHORSE|Wish|p2a: HOTNHORSE
|
|-heal|p2a: HOTNHORSE|205\/405|[from] item: Leftovers
|turn|12
|
|move|p2a: HOTNHORSE|Protect|p2a: HOTNHORSE
|-singleturn|p2a: HOTNHORSE|Protect
|move|p1a: Chandelure|Shadow Ball|p2a: HOTNHORSE
|-activate|p2a: HOTNHORSE|Protect
|
|-heal|p2a: HOTNHORSE|405\/405|[from] move: Wish|[wisher] HOTNHORSE
|turn|13
|join|Rob
|
|move|p1a: Chandelure|Shadow Ball|p2a: HOTNHORSE
|-damage|p2a: HOTNHORSE|150\/405
|-unboost|p2a: HOTNHORSE|spd|1
|move|p2a: HOTNHORSE|Wish|p2a: HOTNHORSE
|
|-heal|p2a: HOTNHORSE|175\/405|[from] item: Leftovers
|turn|14
|
|move|p2a: HOTNHORSE|Protect|p2a: HOTNHORSE
|-singleturn|p2a: HOTNHORSE|Protect
|move|p1a: Chandelure|Shadow Ball|p2a: HOTNHORSE
|-activate|p2a: HOTNHORSE|Protect
|
|-heal|p2a: HOTNHORSE|377\/405|[from] move: Wish|[wisher] HOTNHORSE
|-heal|p2a: HOTNHORSE|402\/405|[from] item: Leftovers
|turn|15
|
|switch|p1a: Infernape|Infernape, F|293\/293
|-damage|p1a: Infernape|257\/293|[from] Stealth Rock
|switch|p2a: GR8HORSETARD|Snorlax, M|497\/497
|-damage|p2a: GR8HORSETARD|435\/497|[from] Stealth Rock
|-damage|p2a: GR8HORSETARD|373\/497|[from] Spikes
|
|-heal|p2a: GR8HORSETARD|404\/497|[from] item: Leftovers
|turn|16
|
|switch|p2a: HORSELORD|Alomomola, F|497\/497
|-damage|p2a: HORSELORD|435\/497|[from] Spikes
|-damage|p2a: HORSELORD|373\/497|[from] Stealth Rock
|move|p1a: Infernape|Will-O-Wisp|p2a: HORSELORD|[miss]
|-miss|p1a: Infernape|p2a: HORSELORD
|
|turn|17
|chat|elwind|naw
|chat|elwind|bad
|
|move|p1a: Infernape|Will-O-Wisp|p2a: HORSELORD
|-status|p2a: HORSELORD|brn
|move|p2a: HORSELORD|Scald|p1a: Infernape
|-supereffective|p1a: Infernape
|-damage|p1a: Infernape|119\/293
|
|-damage|p2a: HORSELORD|311\/497 brn|[from] brn
|turn|18
|
|switch|p1a: Hydreigon|Hydreigon, F|221\/325
|-damage|p1a: Hydreigon|181\/325|[from] Stealth Rock
|move|p2a: HORSELORD|Toxic|p1a: Hydreigon
|-status|p1a: Hydreigon|tox
|
|-damage|p1a: Hydreigon|161\/325 tox|[from] psn
|-damage|p2a: HORSELORD|249\/497 brn|[from] brn
|turn|19
|join|Shoxie
|
|switch|p2a: HOTNHORSE|Aromatisse, M|402\/405
|-damage|p2a: HOTNHORSE|352\/405|[from] Spikes
|-damage|p2a: HOTNHORSE|302\/405|[from] Stealth Rock
|move|p1a: Hydreigon|Dark Pulse|p2a: HOTNHORSE
|-resisted|p2a: HOTNHORSE
|-damage|p2a: HOTNHORSE|195\/405
|-damage|p1a: Hydreigon|129\/325 tox|[from] item: Life Orb
|
|-heal|p2a: HOTNHORSE|220\/405|[from] item: Leftovers
|-damage|p1a: Hydreigon|89\/325 tox|[from] psn
|turn|20
|join|i came from leddit
|
|switch|p1a: Florges|Florges, F|355\/355
|-damage|p1a: Florges|311\/355|[from] Stealth Rock
|move|p2a: HOTNHORSE|Wish|p2a: HOTNHORSE
|
|-heal|p2a: HOTNHORSE|245\/405|[from] item: Leftovers
|turn|21
|
|move|p1a: Florges|Moonblast|p2a: HOTNHORSE
|-crit|p2a: HOTNHORSE
|-damage|p2a: HOTNHORSE|0 fnt
|faint|p2a: HOTNHORSE
|
|join|Soulgazer
|chat|SHYAMBLES|rip
|chat|elwind|sryyyyyyy
|
|switch|p2a: HORSEPACT|Mew|286\/404
|-damage|p2a: HORSEPACT|236\/404|[from] Spikes
|-damage|p2a: HORSEPACT|186\/404|[from] Stealth Rock
|turn|22
|
|move|p2a: HORSEPACT|Defog|p1a: Florges
|-unboost|p1a: Florges|evasion|1
|-sideend|p1: elwind|Stealth Rock|[from] move: Defog|[of] p1a: Florges
|-sideend|p2: SHYAMBLES|Spikes|[from] move: Defog|[of] p2a: HORSEPACT
|-sideend|p2: SHYAMBLES|Stealth Rock|[from] move: Defog|[of] p2a: HORSEPACT
|move|p1a: Florges|Moonblast|p2a: HORSEPACT
|-damage|p2a: HORSEPACT|0 fnt
|faint|p2a: HORSEPACT
|
|
|switch|p2a: GR8HORSETARD|Snorlax, M|404\/497
|turn|23
|join|Moony
|
|switch|p1a: Hydreigon|Hydreigon, F|89\/325 tox
|move|p2a: GR8HORSETARD|Curse|p2a: GR8HORSETARD
|-boost|p2a: GR8HORSETARD|atk|1
|-boost|p2a: GR8HORSETARD|def|1
|-unboost|p2a: GR8HORSETARD|spe|1
|
|-heal|p2a: GR8HORSETARD|435\/497|[from] item: Leftovers
|-damage|p1a: Hydreigon|69\/325 tox|[from] psn
|turn|24
|
|move|p1a: Hydreigon|Superpower|p2a: GR8HORSETARD
|-supereffective|p2a: GR8HORSETARD
|-damage|p2a: GR8HORSETARD|230\/497
|-unboost|p1a: Hydreigon|atk|1
|-unboost|p1a: Hydreigon|def|1
|-damage|p1a: Hydreigon|37\/325 tox|[from] item: Life Orb
|move|p2a: GR8HORSETARD|Curse|p2a: GR8HORSETARD
|-boost|p2a: GR8HORSETARD|atk|1
|-boost|p2a: GR8HORSETARD|def|1
|-unboost|p2a: GR8HORSETARD|spe|1
|
|-heal|p2a: GR8HORSETARD|261\/497|[from] item: Leftovers
|-damage|p1a: Hydreigon|0 fnt|[from] psn
|faint|p1a: Hydreigon
|join|cbt
|
|switch|p1a: Infernape|Infernape, F|119\/293
|turn|25
|
|move|p1a: Infernape|Close Combat|p2a: GR8HORSETARD
|-supereffective|p2a: GR8HORSETARD
|-damage|p2a: GR8HORSETARD|9\/497
|-unboost|p1a: Infernape|def|1
|-unboost|p1a: Infernape|spd|1
|-damage|p1a: Infernape|90\/293|[from] item: Life Orb
|move|p2a: GR8HORSETARD|Body Slam|p1a: Infernape
|-damage|p1a: Infernape|0 fnt
|faint|p1a: Infernape
|
|-heal|p2a: GR8HORSETARD|40\/497|[from] item: Leftovers
|join|Qwilphish
|
|switch|p1a: Florges|Florges, F|311\/355
|turn|26
|
|move|p1a: Florges|Moonblast|p2a: GR8HORSETARD
|-damage|p2a: GR8HORSETARD|0 fnt
|faint|p2a: GR8HORSETARD
|
|join|The DragonKnight
|
|switch|p2a: HORSELORD|Alomomola, F|414\/497 brn
|turn|27
|
|move|p1a: Florges|Moonblast|p2a: HORSELORD
|-damage|p2a: HORSELORD|80\/497 brn
|move|p2a: HORSELORD|Toxic|p1a: Florges
|-status|p1a: Florges|tox
|
|-damage|p1a: Florges|289\/355 tox|[from] psn
|-damage|p2a: HORSELORD|18\/497 brn|[from] brn
|turn|28
|
|move|p2a: HORSELORD|Protect|p2a: HORSELORD
|-singleturn|p2a: HORSELORD|Protect
|move|p1a: Florges|Moonblast|p2a: HORSELORD
|-activate|p2a: HORSELORD|Protect
|
|-damage|p1a: Florges|245\/355 tox|[from] psn
|-damage|p2a: HORSELORD|0 fnt|[from] brn
|faint|p2a: HORSELORD
|
|switch|p2a: MIZUHORSE|Sableye, M|303\/303
|turn|29
|
|move|p1a: Florges|Moonblast|p2a: MIZUHORSE
|-supereffective|p2a: MIZUHORSE
|-damage|p2a: MIZUHORSE|0 fnt
|faint|p2a: MIZUHORSE
|
|win|elwind
|leave|cbt
|leave|Imanalt
|leave|asedVictory
|leave|WEPWN
|leave|Hot N Cold
|leave|Nog
|leave|blunderr
|leave|MEEPS
|leave|King Tsunami
|leave|Finchinator
|leave|Qwilphish
|leave|Jirachee
|leave|Moony
|leave|SHYAMBLES
|player|p2
|leave|elwind
|player|p1
|join|super sonic x
|leave|The DragonKnight
|leave|Rob
|leave|CrashinBoomBang
|leave|super sonic x
|leave|Omfuga's back!