|join|Umby17
|join|Lusch
|player|p1|Umby17|130
|player|p2|Lusch|153
|gametype|singles
|gen|2
|tier|[Gen 2] OU
|rated
|rule|Sleep Clause Mod: Limit one foe put to sleep
|rule|Species Clause: Limit one of each PokÃ©mon
|rule|OHKO Clause: OHKO moves are banned
|rule|Evasion Moves Clause: Evasion moves are banned
|rule|HP Percentage Mod: HP is shown in percentages
|
|start
|switch|p1a: Smeargle|Smeargle, M|313\/313
|switch|p2a: Forretress|Forretress, F|353\/353
|turn|1
|
|switch|p2a: Zapdos|Zapdos|383\/383
|move|p1a: Smeargle|Agility|p1a: Smeargle
|-boost|p1a: Smeargle|spe|2
|
|turn|2
|
|switch|p2a: Machamp|Machamp, M|383\/383
|move|p1a: Smeargle|Baton Pass|p1a: Smeargle
|
|switch|p1a: Quagsire|Quagsire, M|385\/385
|
|turn|3
|
|move|p1a: Quagsire|Earthquake|p2a: Machamp
|-damage|p2a: Machamp|267\/383
|move|p2a: Machamp|Cross Chop|p1a: Quagsire|[miss]
|-miss|p2a: Machamp|p1a: Quagsire
|
|-heal|p2a: Machamp|290\/383|[from] item: Leftovers
|turn|4
|
|move|p1a: Quagsire|Earthquake|p2a: Machamp
|-damage|p2a: Machamp|176\/383
|move|p2a: Machamp|Cross Chop|p1a: Quagsire
|-damage|p1a: Quagsire|215\/385
|
|-heal|p1a: Quagsire|239\/385|[from] item: Leftovers
|-heal|p2a: Machamp|199\/383|[from] item: Leftovers
|turn|5
|
|move|p1a: Quagsire|Earthquake|p2a: Machamp
|-damage|p2a: Machamp|83\/383
|move|p2a: Machamp|Cross Chop|p1a: Quagsire|[miss]
|-miss|p2a: Machamp|p1a: Quagsire
|
|-heal|p1a: Quagsire|263\/385|[from] item: Leftovers
|-heal|p2a: Machamp|106\/383|[from] item: Leftovers
|turn|6
|
|move|p1a: Quagsire|Earthquake|p2a: Machamp
|-damage|p2a: Machamp|0 fnt
|faint|p2a: Machamp
|
|switch|p2a: Starmie|Starmie|323\/323
|turn|7
|
|switch|p1a: Snorlax|Snorlax, M|523\/523
|move|p2a: Starmie|Surf|p1a: Snorlax
|-damage|p1a: Snorlax|423\/523
|
|-heal|p1a: Snorlax|455\/523|[from] item: Leftovers
|turn|8
|
|switch|p2a: Forretress|Forretress, F|353\/353
|move|p1a: Snorlax|Return|p2a: Forretress
|-resisted|p2a: Forretress
|-damage|p2a: Forretress|305\/353
|
|-heal|p2a: Forretress|327\/353|[from] item: Leftovers
|-heal|p1a: Snorlax|487\/523|[from] item: Leftovers
|turn|9
|
|move|p2a: Forretress|Spikes|p1a: Snorlax
|-sidestart|p1: Umby17|Spikes
|move|p1a: Snorlax|Belly Drum|p1a: Snorlax
|-damage|p1a: Snorlax|226\/523
|-setboost|p1a: Snorlax|atk|6|[from] move: Belly Drum
|
|-heal|p2a: Forretress|349\/353|[from] item: Leftovers
|-heal|p1a: Snorlax|258\/523|[from] item: Leftovers
|turn|10
|
|move|p2a: Forretress|Explosion|p1a: Snorlax
|-damage|p1a: Snorlax|0 fnt
|faint|p1a: Snorlax
|faint|p2a: Forretress
|
|switch|p2a: Gengar|Gengar, M|323\/323
|switch|p1a: Smeargle|Smeargle, M|313\/313
|-damage|p1a: Smeargle|274\/313|[from] Spikes
|turn|11
|
|move|p2a: Gengar|Hypnosis|p1a: Smeargle|[miss]
|-miss|p2a: Gengar|p1a: Smeargle
|move|p1a: Smeargle|Spore|p2a: Gengar
|-status|p2: Gengar|slp
|
|-heal|p1a: Smeargle|293\/313|[from] item: Leftovers
|turn|12
|
|switch|p2a: Starmie|Starmie|323\/323
|move|p1a: Smeargle|Agility|p1a: Smeargle
|-boost|p1a: Smeargle|spe|2
|
|-heal|p1a: Smeargle|312\/313|[from] item: Leftovers
|turn|13
|
|move|p1a: Smeargle|Spikes|p2a: Starmie
|-sidestart|p2: Lusch|Spikes
|move|p2a: Starmie|Surf|p1a: Smeargle
|-damage|p1a: Smeargle|149\/313
|
|-heal|p1a: Smeargle|168\/313|[from] item: Leftovers
|turn|14
|
|move|p1a: Smeargle|Baton Pass|p1a: Smeargle
|
|switch|p1a: Jolteon|Jolteon, F|317\/317
|-damage|p1a: Jolteon|278\/317|[from] Spikes
|move|p2a: Starmie|Surf|p1a: Jolteon
|-crit|p1a: Jolteon
|-damage|p1a: Jolteon|62\/317
|
|-heal|p1a: Jolteon|81\/317|[from] item: Leftovers
|turn|15
|
|switch|p2a: Snorlax|Snorlax, M|523\/523
|-damage|p2a: Snorlax|458\/523|[from] Spikes
|move|p1a: Jolteon|Thunderbolt|p2a: Snorlax
|-crit|p2a: Snorlax
|-damage|p2a: Snorlax|234\/523
|
|-heal|p1a: Jolteon|100\/317|[from] item: Leftovers
|-heal|p2a: Snorlax|266\/523|[from] item: Leftovers
|turn|16
|
|move|p1a: Jolteon|Baton Pass|p1a: Jolteon
|
|switch|p1a: Marowak|Marowak, F|323\/323
|-damage|p1a: Marowak|283\/323|[from] Spikes
|move|p2a: Snorlax|Double-Edge|p1a: Marowak
|-damage|p1a: Marowak|134\/323
|-damage|p2a: Snorlax|217\/523|[from] recoil|[of] p1a: Marowak
|
|-heal|p2a: Snorlax|249\/523|[from] item: Leftovers
|turn|17
|
|switch|p2a: Zapdos|Zapdos|383\/383
|move|p1a: Marowak|Earthquake|p2a: Zapdos
|-immune|p2a: Zapdos|[msg]
|
|turn|18
|
|move|p1a: Marowak|Rock Slide|p2a: Zapdos
|-supereffective|p2a: Zapdos
|-damage|p2a: Zapdos|165\/383
|move|p2a: Zapdos|Hidden Power|p1a: Marowak
|-supereffective|p1a: Marowak
|-damage|p1a: Marowak|0 fnt
|faint|p1a: Marowak
|
|switch|p1a: Quagsire|Quagsire, M|263\/385
|-damage|p1a: Quagsire|215\/385|[from] Spikes
|turn|19
|
|switch|p2a: Starmie|Starmie|323\/323
|-damage|p2a: Starmie|283\/323|[from] Spikes
|move|p1a: Quagsire|Hidden Power|p2a: Starmie
|-damage|p2a: Starmie|232\/323
|
|-heal|p2a: Starmie|252\/323|[from] item: Leftovers
|-heal|p1a: Quagsire|239\/385|[from] item: Leftovers
|turn|20
|
|move|p2a: Starmie|Surf|p1a: Quagsire
|-damage|p1a: Quagsire|104\/385
|move|p1a: Quagsire|Earthquake|p2a: Starmie
|-damage|p2a: Starmie|135\/323
|
|-heal|p2a: Starmie|155\/323|[from] item: Leftovers
|-heal|p1a: Quagsire|128\/385|[from] item: Leftovers
|turn|21
|
|switch|p1a: Vaporeon|Vaporeon, M|463\/463
|-damage|p1a: Vaporeon|406\/463|[from] Spikes
|move|p2a: Starmie|Surf|p1a: Vaporeon
|-resisted|p1a: Vaporeon
|-damage|p1a: Vaporeon|348\/463
|
|-heal|p2a: Starmie|175\/323|[from] item: Leftovers
|-heal|p1a: Vaporeon|376\/463|[from] item: Leftovers
|turn|22
|
|move|p2a: Starmie|Thunderbolt|p1a: Vaporeon
|-supereffective|p1a: Vaporeon
|-damage|p1a: Vaporeon|228\/463
|move|p1a: Vaporeon|Surf|p2a: Starmie
|-resisted|p2a: Starmie
|-damage|p2a: Starmie|107\/323
|
|-heal|p2a: Starmie|127\/323|[from] item: Leftovers
|-heal|p1a: Vaporeon|256\/463|[from] item: Leftovers
|turn|23
|
|move|p2a: Starmie|Thunderbolt|p1a: Vaporeon
|-supereffective|p1a: Vaporeon
|-damage|p1a: Vaporeon|113\/463
|move|p1a: Vaporeon|Surf|p2a: Starmie
|-resisted|p2a: Starmie
|-damage|p2a: Starmie|56\/323
|
|-heal|p2a: Starmie|76\/323|[from] item: Leftovers
|-heal|p1a: Vaporeon|141\/463|[from] item: Leftovers
|turn|24
|
|move|p2a: Starmie|Thunderbolt|p1a: Vaporeon
|-supereffective|p1a: Vaporeon
|-damage|p1a: Vaporeon|0 fnt
|faint|p1a: Vaporeon
|
|switch|p1a: Jolteon|Jolteon, F|100\/317
|-damage|p1a: Jolteon|61\/317|[from] Spikes
|turn|25
|
|switch|p2a: Zapdos|Zapdos|165\/383
|move|p1a: Jolteon|Thunderbolt|p2a: Zapdos
|-damage|p2a: Zapdos|40\/383
|
|-heal|p1a: Jolteon|80\/317|[from] item: Leftovers
|-heal|p2a: Zapdos|63\/383|[from] item: Leftovers
|turn|26
|
|move|p1a: Jolteon|Thunderbolt|p2a: Zapdos
|-damage|p2a: Zapdos|0 fnt
|faint|p2a: Zapdos
|
|switch|p2a: Snorlax|Snorlax, M|249\/523
|-damage|p2a: Snorlax|184\/523|[from] Spikes
|turn|27
|
|move|p1a: Jolteon|Thunderbolt|p2a: Snorlax
|-damage|p2a: Snorlax|71\/523
|move|p2a: Snorlax|Rest|p2a: Snorlax
|-status|p2: Snorlax|slp
|-heal|p2a: Snorlax|523\/523 slp|[silent]
|-status|p2a: Snorlax|slp|[from] move: Rest
|
|-heal|p1a: Jolteon|99\/317|[from] item: Leftovers
|turn|28
|
|move|p1a: Jolteon|Agility|p1a: Jolteon
|-boost|p1a: Jolteon|spe|2
|cant|p2: Snorlax|slp
|move|p2a: Snorlax|Sleep Talk|p2a: Snorlax
|move|p2a: Snorlax|Curse|p2a: Snorlax|[from]Sleep Talk
|-boost|p2a: Snorlax|atk|1
|-boost|p2a: Snorlax|def|1
|-unboost|p2a: Snorlax|spe|1
|
|-heal|p1a: Jolteon|118\/317|[from] item: Leftovers
|turn|29
|
|move|p1a: Jolteon|Thunderbolt|p2a: Snorlax
|-damage|p2a: Snorlax|408\/523 slp
|cant|p2: Snorlax|slp
|move|p2a: Snorlax|Sleep Talk|p2a: Snorlax
|move|p2a: Snorlax|Curse|p2a: Snorlax|[from]Sleep Talk
|-boost|p2a: Snorlax|atk|1
|-boost|p2a: Snorlax|def|1
|-unboost|p2a: Snorlax|spe|1
|
|-heal|p1a: Jolteon|137\/317|[from] item: Leftovers
|-heal|p2a: Snorlax|440\/523 slp|[from] item: Leftovers
|turn|30
|
|move|p1a: Jolteon|Thunderbolt|p2a: Snorlax
|-damage|p2a: Snorlax|330\/523 slp
|-curestatus|p2a: Snorlax|slp
|move|p2a: Snorlax|Double-Edge|p1a: Jolteon
|-damage|p1a: Jolteon|0 fnt
|faint|p1a: Jolteon
|-damage|p2a: Snorlax|285\/523|[from] recoil|[of] p1: Jolteon
|
|switch|p1a: Quagsire|Quagsire, M|128\/385
|-damage|p1a: Quagsire|80\/385|[from] Spikes
|turn|31
|c|âUmby17|Well played, it's a rare player who can beat this team
|
|move|p1a: Quagsire|Earthquake|p2a: Snorlax
|-damage|p2a: Snorlax|217\/523
|move|p2a: Snorlax|Double-Edge|p1a: Quagsire
|-damage|p1a: Quagsire|0 fnt
|faint|p1a: Quagsire
|-damage|p2a: Snorlax|191\/523|[from] recoil|[of] p1: Quagsire
|c|âLusch|thanks :)
|c|âLusch|i have no trouble believing this
|c|âUmby17|tbolt starmie won the game for you
|c|âLusch|it did
|c|âLusch|starmie is mazing
|
|switch|p1a: Smeargle|Smeargle, M|168\/313
|-damage|p1a: Smeargle|129\/313|[from] Spikes
|turn|32
|c|âUmby17|The amount of pressure bp puts on people is unbelievable
|c|âLusch|one of my favourite pokemon of all time
|join|MoxieInfinite
|
|move|p1a: Smeargle|Spore|p2a: Snorlax
|-message|Sleep Clause Mod activated.
|-fail|p2a: Snorlax
|move|p2a: Snorlax|Double-Edge|p1a: Smeargle
|-damage|p1a: Smeargle|0 fnt
|faint|p1a: Smeargle
|
|win|Lusch
|-damage|p2a: Snorlax|148\/523|[from] recoil|[of] p1: Smeargle
|raw|Ladder updating...
|c|âUmby17|Hello
|raw|Umby17's rating: 1251 &rarr; <strong>1211<\/strong><br \/>(-40 for losing)
|raw|Lusch's rating: 1000 &rarr; <strong>1065<\/strong><br \/>(+65 for winning)
|c|âUmby17|It has no attacks, so I just did a thing
|c|âLusch|ok
|c|âLusch|i saw