|join|Lusch
|join|Gaet-Kun06
|player|p1|Lusch|153
|player|p2|Gaet-Kun06|163
|gametype|singles
|gen|6
|tier|OU
|rated
|clearpoke
|poke|p1|Venusaur, M
|poke|p1|Heatran, M
|poke|p1|Starmie
|poke|p1|Landorus-Therian, M
|poke|p1|Tyranitar, M
|poke|p1|Gyarados, M
|poke|p2|Metagross
|poke|p2|Keldeo-Resolute
|poke|p2|Gengar, M
|poke|p2|Talonflame, M
|poke|p2|Mandibuzz, F
|poke|p2|Seismitoad, F
|rule|Swagger Clause: Swagger is banned
|rule|Baton Pass Clause: Limit one PokÃ©mon knowing Baton Pass
|rule|Sleep Clause Mod: Limit one foe put to sleep
|rule|Species Clause: Limit one of each PokÃ©mon
|rule|OHKO Clause: OHKO moves are banned
|rule|Moody Clause: Moody is banned
|rule|Evasion Moves Clause: Evasion moves are banned
|rule|Endless Battle Clause: Forcing endless battles is banned
|rule|HP Percentage Mod: HP is shown in percentages
|teampreview
|
|start
|switch|p1a: Landorus-Therian|Landorus-Therian, M|319\/319
|switch|p2a: Keldeo-Resolute|Keldeo-Resolute|324\/324
|-ability|p1a: Landorus-Therian|Intimidate|[of] p2a: Keldeo-Resolute
|-unboost|p2a: Keldeo-Resolute|atk|1
|turn|1
|
|move|p1a: Landorus-Therian|U-turn|p2a: Keldeo-Resolute
|-resisted|p2a: Keldeo-Resolute
|-damage|p2a: Keldeo-Resolute|272\/324
|
|switch|p1a: Venusaur|Venusaur, M|353\/353
|move|p2a: Keldeo-Resolute|Scald|p1a: Venusaur
|-resisted|p1a: Venusaur
|-damage|p1a: Venusaur|245\/353
|
|turn|2
|
|switch|p2a: Metagross|Metagross|301\/301
|detailschange|p1a: Venusaur|Venusaur-Mega, M
|-mega|p1a: Venusaur|Venusaur|Venusaurite
|move|p1a: Venusaur|Sludge Bomb|p2a: Metagross
|-immune|p2a: Metagross|[msg]
|
|turn|3
|
|switch|p1a: Starmie|Starmie|323\/323
|detailschange|p2a: Metagross|Metagross-Mega
|-mega|p2a: Metagross|Metagross|Metagrossite
|move|p2a: Metagross|Meteor Mash|p1a: Starmie
|-resisted|p1a: Starmie
|-damage|p1a: Starmie|191\/323
|
|-heal|p1a: Starmie|211\/323|[from] item: Leftovers
|turn|4
|
|switch|p2a: Seismitoad|Seismitoad, F|414\/414
|move|p1a: Starmie|Scald|p2a: Seismitoad
|-immune|p2a: Seismitoad|[msg]
|
|-heal|p1a: Starmie|231\/323|[from] item: Leftovers
|turn|5
|
|switch|p1a: Venusaur|Venusaur-Mega, M|245\/353
|move|p2a: Seismitoad|Scald|p1a: Venusaur
|-resisted|p1a: Venusaur
|-damage|p1a: Venusaur|211\/353
|
|turn|6
|
|switch|p2a: Gengar|Gengar, M|261\/261
|move|p1a: Venusaur|Giga Drain|p2a: Gengar
|-resisted|p2a: Gengar
|-damage|p2a: Gengar|175\/261
|-heal|p1a: Venusaur|254\/353|[from] drain|[of] p2a: Gengar
|
|turn|7
|
|switch|p1a: Heatran|Heatran, M|386\/386
|move|p2a: Gengar|Will-O-Wisp|p1a: Heatran
|-start|p1a: Heatran|ability: Flash Fire
|
|turn|8
|
|switch|p2a: Keldeo-Resolute|Keldeo-Resolute|272\/324
|move|p1a: Heatran|Stealth Rock|p2a: Keldeo-Resolute
|-sidestart|p2: Gaet-Kun06|move: Stealth Rock
|
|turn|9
|
|switch|p1a: Starmie|Starmie|231\/323
|move|p2a: Keldeo-Resolute|Hidden Power|p1a: Starmie
|-supereffective|p1a: Starmie
|-damage|p1a: Starmie|0 fnt
|faint|p1a: Starmie
|
|
|switch|p1a: Heatran|Heatran, M|386\/386
|turn|10
|
|switch|p2a: Seismitoad|Seismitoad, F|414\/414
|-damage|p2a: Seismitoad|389\/414|[from] Stealth Rock
|move|p1a: Heatran|Toxic|p2a: Seismitoad
|-status|p2a: Seismitoad|tox
|
|-heal|p2a: Seismitoad|414\/414 tox|[from] item: Leftovers
|-damage|p2a: Seismitoad|389\/414 tox|[from] psn
|turn|11
|
|switch|p1a: Venusaur|Venusaur-Mega, M|254\/353
|move|p2a: Seismitoad|Stealth Rock|p1a: Venusaur
|-sidestart|p1: Lusch|move: Stealth Rock
|
|-heal|p2a: Seismitoad|414\/414 tox|[from] item: Leftovers
|-damage|p2a: Seismitoad|364\/414 tox|[from] psn
|turn|12
|
|switch|p2a: Mandibuzz|Mandibuzz, F|421\/421
|-damage|p2a: Mandibuzz|316\/421|[from] Stealth Rock
|move|p1a: Venusaur|Hidden Power|p2a: Mandibuzz
|-damage|p2a: Mandibuzz|243\/421
|
|-heal|p2a: Mandibuzz|269\/421|[from] item: Leftovers
|turn|13
|
|move|p1a: Venusaur|Sludge Bomb|p2a: Mandibuzz
|-damage|p2a: Mandibuzz|107\/421
|-status|p2a: Mandibuzz|psn
|move|p2a: Mandibuzz|Defog|p1a: Venusaur
|-unboost|p1a: Venusaur|evasion|1
|-sideend|p1: Lusch|Stealth Rock|[from] move: Defog|[of] p1a: Venusaur
|-sideend|p2: Gaet-Kun06|Stealth Rock|[from] move: Defog|[of] p2a: Mandibuzz
|
|-heal|p2a: Mandibuzz|133\/421 psn|[from] item: Leftovers
|-damage|p2a: Mandibuzz|81\/421 psn|[from] psn
|turn|14
|
|switch|p2a: Metagross|Metagross-Mega|301\/301
|move|p1a: Venusaur|Sludge Bomb|p2a: Metagross
|-immune|p2a: Metagross|[msg]
|
|turn|15
|
|switch|p1a: Landorus-Therian|Landorus-Therian, M|319\/319
|-ability|p1a: Landorus-Therian|Intimidate|[of] p2a: Metagross
|-unboost|p2a: Metagross|atk|1
|move|p2a: Metagross|Zen Headbutt|p1a: Landorus-Therian
|-damage|p1a: Landorus-Therian|187\/319
|
|turn|16
|
|switch|p2a: Mandibuzz|Mandibuzz, F|81\/421 psn
|move|p1a: Landorus-Therian|Earthquake|p2a: Mandibuzz
|-immune|p2a: Mandibuzz|[msg]
|
|-heal|p2a: Mandibuzz|107\/421 psn|[from] item: Leftovers
|-damage|p2a: Mandibuzz|55\/421 psn|[from] psn
|turn|17
|
|switch|p1a: Heatran|Heatran, M|386\/386
|move|p2a: Mandibuzz|Roost|p2a: Mandibuzz
|-heal|p2a: Mandibuzz|266\/421 psn
|
|-heal|p2a: Mandibuzz|292\/421 psn|[from] item: Leftovers
|-damage|p2a: Mandibuzz|240\/421 psn|[from] psn
|turn|18
|
|move|p2a: Mandibuzz|Taunt|p1a: Heatran
|-start|p1a: Heatran|move: Taunt
|cant|p1a: Heatran|move: Taunt|Stealth Rock
|
|-heal|p2a: Mandibuzz|266\/421 psn|[from] item: Leftovers
|-damage|p2a: Mandibuzz|214\/421 psn|[from] psn
|turn|19
|
|switch|p2a: Keldeo-Resolute|Keldeo-Resolute|272\/324
|move|p1a: Heatran|Lava Plume|p2a: Keldeo-Resolute
|-resisted|p2a: Keldeo-Resolute
|-damage|p2a: Keldeo-Resolute|211\/324
|
|turn|20
|
|switch|p1a: Venusaur|Venusaur-Mega, M|254\/353
|move|p2a: Keldeo-Resolute|Scald|p1a: Venusaur
|-resisted|p1a: Venusaur
|-damage|p1a: Venusaur|167\/353
|
|turn|21
|
|switch|p2a: Metagross|Metagross-Mega|301\/301
|move|p1a: Venusaur|Synthesis|p1a: Venusaur
|-heal|p1a: Venusaur|343\/353
|
|turn|22
|
|switch|p1a: Landorus-Therian|Landorus-Therian, M|187\/319
|-ability|p1a: Landorus-Therian|Intimidate|[of] p2a: Metagross
|-unboost|p2a: Metagross|atk|1
|move|p2a: Metagross|Zen Headbutt|p1a: Landorus-Therian
|-crit|p1a: Landorus-Therian
|-damage|p1a: Landorus-Therian|0 fnt
|faint|p1a: Landorus-Therian
|
|
|switch|p1a: Gyarados|Gyarados, M|331\/331
|-ability|p1a: Gyarados|Intimidate|[of] p2a: Metagross
|-unboost|p2a: Metagross|atk|1
|turn|23
|
|move|p2a: Metagross|Grass Knot|p1a: Gyarados
|-damage|p1a: Gyarados|192\/331
|move|p1a: Gyarados|Dragon Dance|p1a: Gyarados
|-boost|p1a: Gyarados|atk|1
|-boost|p1a: Gyarados|spe|1
|
|-heal|p1a: Gyarados|212\/331|[from] item: Leftovers
|turn|24
|
|switch|p2a: Seismitoad|Seismitoad, F|364\/414 tox
|move|p1a: Gyarados|Waterfall|p2a: Seismitoad
|-heal|p2a: Seismitoad|414\/414 tox|[from] ability: Water Absorb|[of] p1a: Gyarados
|
|-heal|p1a: Gyarados|232\/331|[from] item: Leftovers
|-damage|p2a: Seismitoad|389\/414 tox|[from] psn
|turn|25
|
|move|p1a: Gyarados|Substitute|p1a: Gyarados
|-start|p1a: Gyarados|Substitute
|-damage|p1a: Gyarados|150\/331
|move|p2a: Seismitoad|Scald|p1a: Gyarados
|-resisted|p1a: Gyarados
|-activate|p1a: Gyarados|Substitute|[damage]
|
|-heal|p1a: Gyarados|170\/331|[from] item: Leftovers
|-heal|p2a: Seismitoad|414\/414 tox|[from] item: Leftovers
|-damage|p2a: Seismitoad|364\/414 tox|[from] psn
|turn|26
|
|move|p1a: Gyarados|Dragon Dance|p1a: Gyarados
|-boost|p1a: Gyarados|atk|1
|-boost|p1a: Gyarados|spe|1
|move|p2a: Seismitoad|Knock Off|p1a: Gyarados
|-end|p1a: Gyarados|Substitute
|
|-heal|p1a: Gyarados|190\/331|[from] item: Leftovers
|-heal|p2a: Seismitoad|389\/414 tox|[from] item: Leftovers
|-damage|p2a: Seismitoad|314\/414 tox|[from] psn
|turn|27
|
|move|p1a: Gyarados|Substitute|p1a: Gyarados
|-start|p1a: Gyarados|Substitute
|-damage|p1a: Gyarados|108\/331
|move|p2a: Seismitoad|Knock Off|p1a: Gyarados
|-end|p1a: Gyarados|Substitute
|
|-heal|p1a: Gyarados|128\/331|[from] item: Leftovers
|-heal|p2a: Seismitoad|339\/414 tox|[from] item: Leftovers
|-damage|p2a: Seismitoad|239\/414 tox|[from] psn
|turn|28
|
|move|p1a: Gyarados|Bounce|p2a: Seismitoad|[still]
|-prepare|p1a: Gyarados|Bounce|p2a: Seismitoad
|move|p2a: Seismitoad|Knock Off|p1a: Gyarados|[miss]
|-miss|p2a: Seismitoad|p1a: Gyarados
|
|-heal|p1a: Gyarados|148\/331|[from] item: Leftovers
|-heal|p2a: Seismitoad|264\/414 tox|[from] item: Leftovers
|-damage|p2a: Seismitoad|139\/414 tox|[from] psn
|turn|29
|
|move|p1a: Gyarados|Bounce|p2a: Seismitoad
|-damage|p2a: Seismitoad|0 fnt
|faint|p2a: Seismitoad
|
|-heal|p1a: Gyarados|168\/331|[from] item: Leftovers
|
|switch|p2a: Talonflame|Talonflame, M|297\/297
|turn|30
|
|switch|p1a: Heatran|Heatran, M|386\/386
|move|p2a: Talonflame|Brave Bird|p1a: Heatran
|-resisted|p1a: Heatran
|-damage|p1a: Heatran|259\/386
|-damage|p2a: Talonflame|255\/297|[from] recoil|[of] p1a: Heatran
|
|-heal|p1a: Heatran|283\/386|[from] item: Leftovers
|turn|31
|
|switch|p2a: Keldeo-Resolute|Keldeo-Resolute|211\/324
|move|p1a: Heatran|Stealth Rock|p2a: Keldeo-Resolute
|-sidestart|p2: Gaet-Kun06|move: Stealth Rock
|
|-heal|p1a: Heatran|307\/386|[from] item: Leftovers
|turn|32
|
|switch|p1a: Venusaur|Venusaur-Mega, M|343\/353
|move|p2a: Keldeo-Resolute|Scald|p1a: Venusaur
|-resisted|p1a: Venusaur
|-damage|p1a: Venusaur|258\/353
|
|turn|33
|c|âGaet-Kun06|this thing NEVER burn
|
|switch|p2a: Metagross|Metagross-Mega|301\/301
|-damage|p2a: Metagross|283\/301|[from] Stealth Rock
|move|p1a: Venusaur|Giga Drain|p2a: Metagross
|-crit|p2a: Metagross
|-resisted|p2a: Metagross
|-damage|p2a: Metagross|186\/301
|-heal|p1a: Venusaur|307\/353|[from] drain|[of] p2a: Metagross
|
|turn|34
|
|switch|p1a: Tyranitar|Tyranitar, M|403\/403
|-weather|Sandstorm
|move|p2a: Metagross|Zen Headbutt|p1a: Tyranitar
|-immune|p1a: Tyranitar|[msg]
|
|-weather|Sandstorm|[upkeep]
|turn|35
|
|switch|p1a: Heatran|Heatran, M|307\/386
|move|p2a: Metagross|Meteor Mash|p1a: Heatran
|-resisted|p1a: Heatran
|-damage|p1a: Heatran|250\/386
|
|-weather|Sandstorm|[upkeep]
|-heal|p1a: Heatran|274\/386|[from] item: Leftovers
|turn|36
|
|move|p2a: Metagross|Hammer Arm|p1a: Heatran
|-supereffective|p1a: Heatran
|-damage|p1a: Heatran|0 fnt
|-unboost|p2a: Metagross|spe|1
|faint|p1a: Heatran
|
|-weather|Sandstorm|[upkeep]
|
|switch|p1a: Venusaur|Venusaur-Mega, M|307\/353
|turn|37
|
|switch|p2a: Mandibuzz|Mandibuzz, F|214\/421 psn
|-damage|p2a: Mandibuzz|109\/421 psn|[from] Stealth Rock
|move|p1a: Venusaur|Hidden Power|p2a: Mandibuzz
|-damage|p2a: Mandibuzz|32\/421 psn
|
|-weather|Sandstorm|[upkeep]
|-damage|p1a: Venusaur|285\/353|[from] sandstorm
|-heal|p2a: Mandibuzz|58\/421 psn|[from] item: Leftovers
|-damage|p2a: Mandibuzz|6\/421 psn|[from] psn
|turn|38
|
|move|p1a: Venusaur|Giga Drain|p2a: Mandibuzz
|-resisted|p2a: Mandibuzz
|-damage|p2a: Mandibuzz|0 fnt
|-heal|p1a: Venusaur|288\/353|[from] drain|[of] p2a: Mandibuzz
|faint|p2a: Mandibuzz
|
|-weather|none
|
|switch|p2a: Metagross|Metagross-Mega|186\/301
|-damage|p2a: Metagross|168\/301|[from] Stealth Rock
|turn|39
|
|switch|p1a: Tyranitar|Tyranitar, M|403\/403
|-weather|Sandstorm
|move|p2a: Metagross|Zen Headbutt|p1a: Tyranitar
|-immune|p1a: Tyranitar|[msg]
|
|-weather|Sandstorm|[upkeep]
|turn|40
|
|move|p2a: Metagross|Meteor Mash|p1a: Tyranitar
|-supereffective|p1a: Tyranitar
|-damage|p1a: Tyranitar|17\/403
|move|p1a: Tyranitar|Earthquake|p2a: Metagross
|-supereffective|p2a: Metagross
|-damage|p2a: Metagross|0 fnt
|faint|p2a: Metagross
|
|-weather|Sandstorm|[upkeep]
|
|switch|p2a: Gengar|Gengar, M|175\/261
|-damage|p2a: Gengar|143\/261|[from] Stealth Rock
|turn|41
|
|move|p2a: Gengar|Shadow Ball|p1a: Tyranitar
|-resisted|p1a: Tyranitar
|-damage|p1a: Tyranitar|0 fnt
|-damage|p2a: Gengar|117\/261|[from] item: Life Orb
|faint|p1a: Tyranitar
|
|-weather|Sandstorm|[upkeep]
|-damage|p2a: Gengar|101\/261|[from] sandstorm
|
|switch|p1a: Venusaur|Venusaur-Mega, M|288\/353
|turn|42
|
|move|p2a: Gengar|Will-O-Wisp|p1a: Venusaur
|-status|p1a: Venusaur|brn
|move|p1a: Venusaur|Giga Drain|p2a: Gengar
|-resisted|p2a: Gengar
|-damage|p2a: Gengar|16\/261
|-heal|p1a: Venusaur|331\/353 brn|[from] drain|[of] p2a: Gengar
|
|-weather|Sandstorm|[upkeep]
|-damage|p2a: Gengar|0 fnt|[from] sandstorm
|-damage|p1a: Venusaur|309\/353 brn|[from] sandstorm
|-damage|p1a: Venusaur|265\/353 brn|[from] brn
|faint|p2a: Gengar
|
|switch|p2a: Keldeo-Resolute|Keldeo-Resolute|211\/324
|-damage|p2a: Keldeo-Resolute|191\/324|[from] Stealth Rock
|turn|43
|
|move|p2a: Keldeo-Resolute|Scald|p1a: Venusaur
|-resisted|p1a: Venusaur
|-damage|p1a: Venusaur|181\/353 brn
|move|p1a: Venusaur|Giga Drain|p2a: Keldeo-Resolute
|-supereffective|p2a: Keldeo-Resolute
|-damage|p2a: Keldeo-Resolute|0 fnt
|-heal|p1a: Venusaur|277\/353 brn|[from] drain|[of] p2a: Keldeo-Resolute
|faint|p2a: Keldeo-Resolute
|
|-weather|none
|-damage|p1a: Venusaur|233\/353 brn|[from] brn
|
|switch|p2a: Talonflame|Talonflame, M|255\/297
|-damage|p2a: Talonflame|107\/297|[from] Stealth Rock
|turn|44
|
|move|p2a: Talonflame|Brave Bird|p1a: Venusaur
|-supereffective|p1a: Venusaur
|-damage|p1a: Venusaur|0 fnt
|-damage|p2a: Talonflame|30\/297|[from] recoil|[of] p1a: Venusaur
|faint|p1a: Venusaur
|
|
|switch|p1a: Gyarados|Gyarados, M|168\/331
|-ability|p1a: Gyarados|Intimidate|[of] p2a: Talonflame
|-unboost|p2a: Talonflame|atk|1
|turn|45
|
|move|p2a: Talonflame|Brave Bird|p1a: Gyarados
|-damage|p1a: Gyarados|0 fnt
|-damage|p2a: Talonflame|0 fnt|[from] recoil|[of] p1a: Gyarados
|faint|p1a: Gyarados
|faint|p2a: Talonflame
|
|win|Gaet-Kun06
|raw|Ladder updating...
|raw|Lusch's rating: 1448 &rarr; <strong>1431<\/strong><br \/>(-17 for losing)
|raw|Gaet-Kun06's rating: 1498 &rarr; <strong>1515<\/strong><br \/>(+17 for winning)
|c|âLusch|ho
|c|âLusch|gg
|c|âGaet-Kun06|yeah :)
|c|âLusch|very close
|c|âGaet-Kun06|yep GG
|leave|Gaet-Kun06
|player|p2