|join|Lusch
|join|Gdro
|player|p1|Lusch|153
|player|p2|Gdro|102
|gametype|singles
|gen|6
|tier|OU
|rated
|clearpoke
|poke|p1|Venusaur, M
|poke|p1|Heatran, M
|poke|p1|Starmie
|poke|p1|Landorus-Therian, M
|poke|p1|Tyranitar, M
|poke|p1|Gyarados, M
|poke|p2|Gallade, M, shiny
|poke|p2|Garchomp, F
|poke|p2|Sylveon, F
|poke|p2|Heatran, F
|poke|p2|Thundurus, M
|poke|p2|Scizor, F
|rule|Swagger Clause: Swagger is banned
|rule|Baton Pass Clause: Limit one PokÃ©mon knowing Baton Pass
|rule|Sleep Clause Mod: Limit one foe put to sleep
|rule|Species Clause: Limit one of each PokÃ©mon
|rule|OHKO Clause: OHKO moves are banned
|rule|Moody Clause: Moody is banned
|rule|Evasion Moves Clause: Evasion moves are banned
|rule|Endless Battle Clause: Forcing endless battles is banned
|rule|HP Percentage Mod: HP is shown in percentages
|teampreview
|
|start
|switch|p1a: Venusaur|Venusaur, M|353\/353
|switch|p2a: Thundurus|Thundurus, M|299\/299
|turn|1
|
|detailschange|p1a: Venusaur|Venusaur-Mega, M
|-mega|p1a: Venusaur|Venusaur|Venusaurite
|move|p2a: Thundurus|Volt Switch|p1a: Venusaur
|-resisted|p1a: Venusaur
|-damage|p1a: Venusaur|291\/353
|-damage|p2a: Thundurus|270\/299|[from] item: Life Orb
|
|switch|p2a: Scizor|Scizor, F|343\/343
|move|p1a: Venusaur|Sludge Bomb|p2a: Scizor
|-immune|p2a: Scizor|[msg]
|
|turn|2
|
|move|p1a: Venusaur|Hidden Power|p2a: Scizor
|-supereffective|p2a: Scizor
|-damage|p2a: Scizor|0 fnt
|faint|p2a: Scizor
|
|
|switch|p2a: Gallade|Gallade, M, shiny|277\/277
|turn|3
|
|switch|p1a: Landorus-Therian|Landorus-Therian, M|319\/319
|-ability|p1a: Landorus-Therian|Intimidate|[of] p2a: Gallade
|-unboost|p2a: Gallade|atk|1
|detailschange|p2a: Gallade|Gallade-Mega, M, shiny
|-mega|p2a: Gallade|Gallade|Galladite
|move|p2a: Gallade|Knock Off|p1a: Landorus-Therian
|-damage|p1a: Landorus-Therian|221\/319
|-enditem|p1a: Landorus-Therian|Choice Scarf|[from] move: Knock Off|[of] p2a: Gallade
|
|turn|4
|
|switch|p2a: Sylveon|Sylveon, F|394\/394
|switch|p1a: Gyarados|Gyarados, M|331\/331
|-ability|p1a: Gyarados|Intimidate|[of] p2a: Sylveon
|-unboost|p2a: Sylveon|atk|1
|
|turn|5
|
|move|p1a: Gyarados|Substitute|p1a: Gyarados
|-start|p1a: Gyarados|Substitute
|-damage|p1a: Gyarados|249\/331
|move|p2a: Sylveon|Hyper Voice|p1a: Gyarados
|-damage|p1a: Gyarados|110\/331
|
|-heal|p1a: Gyarados|130\/331|[from] item: Leftovers
|turn|6
|
|move|p1a: Gyarados|Bounce|p2a: Sylveon|[still]
|-prepare|p1a: Gyarados|Bounce|p2a: Sylveon
|move|p2a: Sylveon|Hyper Voice|p1a: Gyarados
|-miss|p2a: Sylveon|p1a: Gyarados
|
|-heal|p1a: Gyarados|150\/331|[from] item: Leftovers
|turn|7
|
|move|p1a: Gyarados|Bounce|p2a: Sylveon|[miss]
|-miss|p1a: Gyarados|p2a: Sylveon
|move|p2a: Sylveon|Hyper Voice|p1a: Gyarados
|-crit|p1a: Gyarados
|-damage|p1a: Gyarados|0 fnt
|faint|p1a: Gyarados
|
|
|switch|p1a: Heatran|Heatran, M|386\/386
|turn|8
|
|switch|p2a: Thundurus|Thundurus, M|270\/299
|move|p1a: Heatran|Stealth Rock|p2a: Thundurus
|-sidestart|p2: Gdro|move: Stealth Rock
|
|turn|9
|
|switch|p1a: Venusaur|Venusaur-Mega, M|291\/353
|move|p2a: Thundurus|Thunderbolt|p1a: Venusaur
|-resisted|p1a: Venusaur
|-damage|p1a: Venusaur|208\/353
|-damage|p2a: Thundurus|241\/299|[from] item: Life Orb
|
|turn|10
|
|move|p2a: Thundurus|Volt Switch|p1a: Venusaur
|-resisted|p1a: Venusaur
|-damage|p1a: Venusaur|138\/353
|-damage|p2a: Thundurus|212\/299|[from] item: Life Orb
|
|switch|p2a: Gallade|Gallade-Mega, M, shiny|277\/277
|-damage|p2a: Gallade|260\/277|[from] Stealth Rock
|move|p1a: Venusaur|Synthesis|p1a: Venusaur
|-heal|p1a: Venusaur|314\/353
|
|turn|11
|
|move|p2a: Gallade|Zen Headbutt|p1a: Venusaur
|-crit|p1a: Venusaur
|-supereffective|p1a: Venusaur
|-damage|p1a: Venusaur|0 fnt
|faint|p1a: Venusaur
|
|
|switch|p1a: Landorus-Therian|Landorus-Therian, M|221\/319
|-ability|p1a: Landorus-Therian|Intimidate|[of] p2a: Gallade
|-unboost|p2a: Gallade|atk|1
|turn|12
|
|switch|p2a: Sylveon|Sylveon, F|394\/394
|-damage|p2a: Sylveon|345\/394|[from] Stealth Rock
|move|p1a: Landorus-Therian|Earthquake|p2a: Sylveon
|-damage|p2a: Sylveon|162\/394
|
|-heal|p2a: Sylveon|186\/394|[from] item: Leftovers
|turn|13
|
|move|p2a: Sylveon|Protect|p2a: Sylveon
|-singleturn|p2a: Sylveon|Protect
|move|p1a: Landorus-Therian|U-turn|p2a: Sylveon
|-activate|p2a: Sylveon|Protect
|
|-heal|p2a: Sylveon|210\/394|[from] item: Leftovers
|turn|14
|
|move|p1a: Landorus-Therian|U-turn|p2a: Sylveon
|-resisted|p2a: Sylveon
|-damage|p2a: Sylveon|169\/394
|
|switch|p1a: Heatran|Heatran, M|386\/386
|move|p2a: Sylveon|Wish|p2a: Sylveon
|
|-heal|p2a: Sylveon|193\/394|[from] item: Leftovers
|turn|15
|
|move|p2a: Sylveon|Protect|p2a: Sylveon
|-singleturn|p2a: Sylveon|Protect
|move|p1a: Heatran|Toxic|p2a: Sylveon
|-activate|p2a: Sylveon|Protect
|
|-heal|p2a: Sylveon|390\/394|[from] move: Wish|[wisher] Sylveon
|-heal|p2a: Sylveon|394\/394|[from] item: Leftovers
|turn|16
|
|switch|p2a: Gallade|Gallade-Mega, M, shiny|260\/277
|-damage|p2a: Gallade|243\/277|[from] Stealth Rock
|move|p1a: Heatran|Roar|p2a: Gallade
|drag|p2a: Thundurus|Thundurus, M|212\/299
|-damage|p2a: Thundurus|138\/299|[from] Stealth Rock
|
|turn|17
|
|move|p2a: Thundurus|Superpower|p1a: Heatran
|-supereffective|p1a: Heatran
|-damage|p1a: Heatran|118\/386
|-unboost|p2a: Thundurus|atk|1
|-unboost|p2a: Thundurus|def|1
|-damage|p2a: Thundurus|109\/299|[from] item: Life Orb
|move|p1a: Heatran|Roar|p2a: Thundurus
|drag|p2a: Sylveon|Sylveon, F|394\/394
|-damage|p2a: Sylveon|345\/394|[from] Stealth Rock
|
|-heal|p1a: Heatran|142\/386|[from] item: Leftovers
|-heal|p2a: Sylveon|369\/394|[from] item: Leftovers
|turn|18
|
|move|p1a: Heatran|Lava Plume|p2a: Sylveon
|-damage|p2a: Sylveon|279\/394
|move|p2a: Sylveon|Hyper Voice|p1a: Heatran
|-resisted|p1a: Heatran
|-damage|p1a: Heatran|118\/386
|
|-heal|p1a: Heatran|142\/386|[from] item: Leftovers
|-heal|p2a: Sylveon|303\/394|[from] item: Leftovers
|turn|19
|
|switch|p2a: Heatran|Heatran, F|344\/344
|-damage|p2a: Heatran|301\/344|[from] Stealth Rock
|move|p1a: Heatran|Lava Plume|p2a: Heatran
|-start|p2a: Heatran|ability: Flash Fire
|
|-heal|p2a: Heatran|322\/344|[from] item: Leftovers
|-heal|p1a: Heatran|166\/386|[from] item: Leftovers
|turn|20
|
|switch|p1a: Starmie|Starmie|323\/323
|move|p2a: Heatran|Lava Plume|p1a: Starmie
|-resisted|p1a: Starmie
|-damage|p1a: Starmie|210\/323
|-status|p1a: Starmie|brn
|
|-heal|p1a: Starmie|230\/323 brn|[from] item: Leftovers
|-heal|p2a: Heatran|343\/344|[from] item: Leftovers
|-damage|p1a: Starmie|190\/323 brn|[from] brn
|turn|21
|
|move|p2a: Heatran|Protect|p2a: Heatran
|-singleturn|p2a: Heatran|Protect
|move|p1a: Starmie|Scald|p2a: Heatran
|-activate|p2a: Heatran|Protect
|
|-heal|p1a: Starmie|210\/323 brn|[from] item: Leftovers
|-heal|p2a: Heatran|344\/344|[from] item: Leftovers
|-damage|p1a: Starmie|170\/323 brn|[from] brn
|turn|22
|
|move|p1a: Starmie|Recover|p1a: Starmie
|-heal|p1a: Starmie|323\/323 brn
|move|p2a: Heatran|Lava Plume|p1a: Starmie
|-resisted|p1a: Starmie
|-damage|p1a: Starmie|221\/323 brn
|
|-heal|p1a: Starmie|241\/323 brn|[from] item: Leftovers
|-damage|p1a: Starmie|201\/323 brn|[from] brn
|turn|23
|
|switch|p2a: Sylveon|Sylveon, F|303\/394
|-damage|p2a: Sylveon|254\/394|[from] Stealth Rock
|move|p1a: Starmie|Scald|p2a: Sylveon
|-damage|p2a: Sylveon|176\/394
|
|-heal|p1a: Starmie|221\/323 brn|[from] item: Leftovers
|-heal|p2a: Sylveon|200\/394|[from] item: Leftovers
|-damage|p1a: Starmie|181\/323 brn|[from] brn
|turn|24
|
|switch|p1a: Heatran|Heatran, M|166\/386
|switch|p2a: Garchomp|Garchomp, F|357\/357
|-damage|p2a: Garchomp|335\/357|[from] Stealth Rock
|
|-heal|p1a: Heatran|190\/386|[from] item: Leftovers
|turn|25
|
|switch|p1a: Landorus-Therian|Landorus-Therian, M|221\/319
|-ability|p1a: Landorus-Therian|Intimidate|[of] p2a: Garchomp
|-unboost|p2a: Garchomp|atk|1
|move|p2a: Garchomp|Swords Dance|p2a: Garchomp
|-boost|p2a: Garchomp|atk|2
|
|turn|26
|
|move|p2a: Garchomp|Dragon Claw|p1a: Landorus-Therian
|-damage|p1a: Landorus-Therian|0 fnt
|-damage|p2a: Garchomp|300\/357|[from] item: Life Orb
|faint|p1a: Landorus-Therian
|
|
|switch|p1a: Starmie|Starmie|181\/323
|turn|27
|
|switch|p2a: Sylveon|Sylveon, F|200\/394
|-damage|p2a: Sylveon|151\/394|[from] Stealth Rock
|move|p1a: Starmie|Scald|p2a: Sylveon
|-damage|p2a: Sylveon|73\/394
|
|-heal|p1a: Starmie|201\/323|[from] item: Leftovers
|-heal|p2a: Sylveon|97\/394|[from] item: Leftovers
|turn|28
|
|move|p1a: Starmie|Psyshock|p2a: Sylveon
|-damage|p2a: Sylveon|9\/394
|move|p2a: Sylveon|Hyper Voice|p1a: Starmie
|-damage|p1a: Starmie|26\/323
|
|-heal|p1a: Starmie|46\/323|[from] item: Leftovers
|-heal|p2a: Sylveon|33\/394|[from] item: Leftovers
|turn|29
|
|move|p1a: Starmie|Scald|p2a: Sylveon
|-damage|p2a: Sylveon|0 fnt
|faint|p2a: Sylveon
|
|-heal|p1a: Starmie|66\/323|[from] item: Leftovers
|
|switch|p2a: Thundurus|Thundurus, M|109\/299
|-damage|p2a: Thundurus|35\/299|[from] Stealth Rock
|turn|30
|
|switch|p1a: Tyranitar|Tyranitar, M|403\/403
|-weather|Sandstorm
|move|p2a: Thundurus|Thunderbolt|p1a: Tyranitar
|-damage|p1a: Tyranitar|320\/403
|-damage|p2a: Thundurus|6\/299|[from] item: Life Orb
|
|-weather|Sandstorm|[upkeep]
|-damage|p2a: Thundurus|0 fnt|[from] sandstorm
|faint|p2a: Thundurus
|
|switch|p2a: Gallade|Gallade-Mega, M, shiny|243\/277
|-damage|p2a: Gallade|226\/277|[from] Stealth Rock
|turn|31
|
|move|p2a: Gallade|Close Combat|p1a: Tyranitar
|-supereffective|p1a: Tyranitar
|-damage|p1a: Tyranitar|0 fnt
|-unboost|p2a: Gallade|def|1
|-unboost|p2a: Gallade|spd|1
|faint|p1a: Tyranitar
|
|-weather|Sandstorm|[upkeep]
|-damage|p2a: Gallade|209\/277|[from] sandstorm
|
|switch|p1a: Starmie|Starmie|66\/323
|turn|32
|
|switch|p2a: Garchomp|Garchomp, F|300\/357
|-damage|p2a: Garchomp|278\/357|[from] Stealth Rock
|move|p1a: Starmie|Scald|p2a: Garchomp
|-damage|p2a: Garchomp|167\/357
|-status|p2a: Garchomp|brn
|
|-weather|Sandstorm|[upkeep]
|-damage|p1a: Starmie|46\/323|[from] sandstorm
|-heal|p1a: Starmie|66\/323|[from] item: Leftovers
|-damage|p2a: Garchomp|123\/357 brn|[from] brn
|turn|33
|
|move|p1a: Starmie|Recover|p1a: Starmie
|-heal|p1a: Starmie|228\/323
|move|p2a: Garchomp|Earthquake|p1a: Starmie
|-damage|p1a: Starmie|99\/323
|-damage|p2a: Garchomp|88\/357 brn|[from] item: Life Orb
|
|-weather|Sandstorm|[upkeep]
|-damage|p1a: Starmie|79\/323|[from] sandstorm
|-heal|p1a: Starmie|99\/323|[from] item: Leftovers
|-damage|p2a: Garchomp|44\/357 brn|[from] brn
|turn|34
|
|move|p1a: Starmie|Recover|p1a: Starmie
|-heal|p1a: Starmie|261\/323
|move|p2a: Garchomp|Earthquake|p1a: Starmie
|-damage|p1a: Starmie|144\/323
|-damage|p2a: Garchomp|9\/357 brn|[from] item: Life Orb
|
|-weather|none
|-heal|p1a: Starmie|164\/323|[from] item: Leftovers
|-damage|p2a: Garchomp|0 fnt|[from] brn
|faint|p2a: Garchomp
|
|switch|p2a: Gallade|Gallade-Mega, M, shiny|209\/277
|-damage|p2a: Gallade|192\/277|[from] Stealth Rock
|turn|35
|
|move|p1a: Starmie|Scald|p2a: Gallade
|-damage|p2a: Gallade|111\/277
|-status|p2a: Gallade|brn
|move|p2a: Gallade|Knock Off|p1a: Starmie
|-supereffective|p1a: Starmie
|-damage|p1a: Starmie|22\/323
|-enditem|p1a: Starmie|Leftovers|[from] move: Knock Off|[of] p2a: Gallade
|
|-damage|p2a: Gallade|77\/277 brn|[from] brn
|turn|36
|
|move|p1a: Starmie|Recover|p1a: Starmie
|-heal|p1a: Starmie|184\/323
|move|p2a: Gallade|Knock Off|p1a: Starmie
|-supereffective|p1a: Starmie
|-damage|p1a: Starmie|78\/323
|
|-damage|p2a: Gallade|43\/277 brn|[from] brn
|turn|37
|c|âGdro|ofc.. the burn
|
|move|p1a: Starmie|Recover|p1a: Starmie
|-heal|p1a: Starmie|240\/323
|move|p2a: Gallade|Knock Off|p1a: Starmie
|-supereffective|p1a: Starmie
|-damage|p1a: Starmie|138\/323
|
|-damage|p2a: Gallade|9\/277 brn|[from] brn
|turn|38
|
|move|p1a: Starmie|Scald|p2a: Gallade
|-damage|p2a: Gallade|0 fnt
|faint|p2a: Gallade
|
|
|switch|p2a: Heatran|Heatran, F|344\/344
|-damage|p2a: Heatran|301\/344|[from] Stealth Rock
|turn|39
|c|âLusch|starmie is a beast
|
|move|p1a: Starmie|Recover|p1a: Starmie
|-heal|p1a: Starmie|300\/323
|move|p2a: Heatran|Toxic|p1a: Starmie
|-status|p1a: Starmie|tox
|
|-heal|p2a: Heatran|322\/344|[from] item: Leftovers
|-damage|p1a: Starmie|280\/323 tox|[from] psn
|turn|40
|
|move|p1a: Starmie|Scald|p2a: Heatran
|-supereffective|p2a: Heatran
|-damage|p2a: Heatran|148\/344
|move|p2a: Heatran|Earth Power|p1a: Starmie
|-damage|p1a: Starmie|177\/323 tox
|
|-heal|p2a: Heatran|169\/344|[from] item: Leftovers
|-damage|p1a: Starmie|137\/323 tox|[from] psn
|turn|41
|c|âGdro|your luck is  beast
|
|move|p2a: Heatran|Protect|p2a: Heatran
|-singleturn|p2a: Heatran|Protect
|move|p1a: Starmie|Scald|p2a: Heatran
|-activate|p2a: Heatran|Protect
|
|-heal|p2a: Heatran|190\/344|[from] item: Leftovers
|-damage|p1a: Starmie|77\/323 tox|[from] psn
|turn|42
|c|âGdro|2 burns i a row
|
|switch|p1a: Heatran|Heatran, M|190\/386
|move|p2a: Heatran|Earth Power|p1a: Heatran
|-supereffective|p1a: Heatran
|-damage|p1a: Heatran|0 fnt
|faint|p1a: Heatran
|
|-heal|p2a: Heatran|211\/344|[from] item: Leftovers
|
|switch|p1a: Starmie|Starmie|77\/323
|turn|43
|
|move|p1a: Starmie|Recover|p1a: Starmie
|-heal|p1a: Starmie|239\/323
|move|p2a: Heatran|Earth Power|p1a: Starmie
|-damage|p1a: Starmie|137\/323
|
|-heal|p2a: Heatran|232\/344|[from] item: Leftovers
|turn|44
|
|move|p1a: Starmie|Recover|p1a: Starmie
|-heal|p1a: Starmie|299\/323
|move|p2a: Heatran|Toxic|p1a: Starmie|[miss]
|-miss|p2a: Heatran|p1a: Starmie
|
|-heal|p2a: Heatran|253\/344|[from] item: Leftovers
|turn|45
|c|âGdro|omfg
|
|move|p1a: Starmie|Scald|p2a: Heatran
|-supereffective|p2a: Heatran
|-damage|p2a: Heatran|95\/344
|move|p2a: Heatran|Toxic|p1a: Starmie
|-status|p1a: Starmie|tox
|
|-heal|p2a: Heatran|116\/344|[from] item: Leftovers
|-damage|p1a: Starmie|279\/323 tox|[from] psn
|turn|46
|
|move|p1a: Starmie|Scald|p2a: Heatran
|-supereffective|p2a: Heatran
|-damage|p2a: Heatran|0 fnt
|faint|p2a: Heatran
|
|win|Lusch
|raw|Ladder updating...
|raw|Lusch's rating: 1431 &rarr; <strong>1453<\/strong><br \/>(+22 for winning)
|raw|Gdro's rating: 1463 &rarr; <strong>1441<\/strong><br \/>(-22 for losing)
|leave|Gdro
|player|p2