|join|Lusch
|join|AlienStoleMyBike
|player|p1|Lusch|153
|player|p2|AlienStoleMyBike|99
|gametype|singles
|gen|6
|tier|OU
|rated
|clearpoke
|poke|p1|Venusaur, M
|poke|p1|Heatran, M
|poke|p1|Starmie
|poke|p1|Landorus-Therian, M
|poke|p1|Tyranitar, M
|poke|p1|Gyarados, M
|poke|p2|Sceptile, M
|poke|p2|Landorus-Therian, M
|poke|p2|Talonflame, F
|poke|p2|Keldeo
|poke|p2|Tyranitar, M
|poke|p2|Latios, M
|rule|Swagger Clause: Swagger is banned
|rule|Baton Pass Clause: Limit one PokÃ©mon knowing Baton Pass
|rule|Sleep Clause Mod: Limit one foe put to sleep
|rule|Species Clause: Limit one of each PokÃ©mon
|rule|OHKO Clause: OHKO moves are banned
|rule|Moody Clause: Moody is banned
|rule|Evasion Moves Clause: Evasion moves are banned
|rule|Endless Battle Clause: Forcing endless battles is banned
|rule|HP Percentage Mod: HP is shown in percentages
|teampreview
|
|start
|switch|p1a: Venusaur|Venusaur, M|353\/353
|switch|p2a: Stealth Rocks|Landorus-Therian, M|326\/326
|-ability|p2a: Stealth Rocks|Intimidate|[of] p1a: Venusaur
|-unboost|p1a: Venusaur|atk|1
|turn|1
|
|detailschange|p1a: Venusaur|Venusaur-Mega, M
|-mega|p1a: Venusaur|Venusaur|Venusaurite
|move|p2a: Stealth Rocks|U-turn|p1a: Venusaur
|-damage|p1a: Venusaur|284\/353
|
|switch|p2a: Banded|Talonflame, F|297\/297
|move|p1a: Venusaur|Giga Drain|p2a: Banded
|-resisted|p2a: Banded
|-damage|p2a: Banded|253\/297
|-heal|p1a: Venusaur|306\/353|[from] drain|[of] p2a: Banded
|
|-heal|p2a: Banded|271\/297|[from] item: Leftovers
|turn|2
|
|switch|p2a: OC|Sceptile, M|281\/281
|switch|p1a: Heatran|Heatran, M|386\/386
|
|turn|3
|
|switch|p2a: Stealth Rocks|Landorus-Therian, M|326\/326
|-ability|p2a: Stealth Rocks|Intimidate|[of] p1a: Heatran
|-unboost|p1a: Heatran|atk|1
|move|p1a: Heatran|Toxic|p2a: Stealth Rocks
|-status|p2a: Stealth Rocks|tox
|
|-damage|p2a: Stealth Rocks|306\/326 tox|[from] psn
|turn|4
|
|switch|p1a: Venusaur|Venusaur-Mega, M|306\/353
|move|p2a: Stealth Rocks|Earthquake|p1a: Venusaur
|-crit|p1a: Venusaur
|-damage|p1a: Venusaur|75\/353
|
|-damage|p2a: Stealth Rocks|266\/326 tox|[from] psn
|turn|5
|
|switch|p1a: Landorus-Therian|Landorus-Therian, M|319\/319
|-ability|p1a: Landorus-Therian|Intimidate|[of] p2a: Stealth Rocks
|-unboost|p2a: Stealth Rocks|atk|1
|move|p2a: Stealth Rocks|Earthquake|p1a: Landorus-Therian
|-immune|p1a: Landorus-Therian|[msg]
|
|-damage|p2a: Stealth Rocks|206\/326 tox|[from] psn
|turn|6
|
|switch|p2a: Scarf|Keldeo|322\/322
|move|p1a: Landorus-Therian|Knock Off|p2a: Scarf
|-resisted|p2a: Scarf
|-damage|p2a: Scarf|259\/322
|-boost|p2a: Scarf|atk|1|[from] ability: Justified
|-enditem|p2a: Scarf|Choice Specs|[from] move: Knock Off|[of] p1a: Landorus-Therian
|
|turn|7
|
|switch|p1a: Gyarados|Gyarados, M|331\/331
|-ability|p1a: Gyarados|Intimidate|[of] p2a: Scarf
|-unboost|p2a: Scarf|atk|1
|move|p2a: Scarf|Hydro Pump|p1a: Gyarados
|-resisted|p1a: Gyarados
|-damage|p1a: Gyarados|239\/331
|
|-heal|p1a: Gyarados|259\/331|[from] item: Leftovers
|turn|8
|
|switch|p2a: Stealth Rocks|Landorus-Therian, M|206\/326 tox
|-ability|p2a: Stealth Rocks|Intimidate|[of] p1a: Gyarados
|-unboost|p1a: Gyarados|atk|1
|move|p1a: Gyarados|Dragon Dance|p1a: Gyarados
|-boost|p1a: Gyarados|atk|1
|-boost|p1a: Gyarados|spe|1
|
|-heal|p1a: Gyarados|279\/331|[from] item: Leftovers
|-damage|p2a: Stealth Rocks|186\/326 tox|[from] psn
|turn|9
|
|move|p2a: Stealth Rocks|Stone Edge|p1a: Gyarados
|-supereffective|p1a: Gyarados
|-damage|p1a: Gyarados|0 fnt
|faint|p1a: Gyarados
|
|-damage|p2a: Stealth Rocks|146\/326 tox|[from] psn
|
|switch|p1a: Heatran|Heatran, M|386\/386
|turn|10
|
|switch|p2a: Scarf|Keldeo|259\/322
|move|p1a: Heatran|Stealth Rock|p2a: Scarf
|-sidestart|p2: AlienStoleMyBike|move: Stealth Rock
|
|turn|11
|
|switch|p1a: Starmie|Starmie|323\/323
|move|p2a: Scarf|Hydro Pump|p1a: Starmie|[miss]
|-miss|p2a: Scarf|p1a: Starmie
|
|turn|12
|
|switch|p2a: Ice Beam|Tyranitar, M|342\/342
|-damage|p2a: Ice Beam|300\/342|[from] Stealth Rock
|-weather|Sandstorm
|move|p1a: Starmie|Scald|p2a: Ice Beam
|-supereffective|p2a: Ice Beam
|-damage|p2a: Ice Beam|168\/342
|
|-weather|Sandstorm|[upkeep]
|-damage|p1a: Starmie|303\/323|[from] sandstorm
|-heal|p1a: Starmie|323\/323|[from] item: Leftovers
|-heal|p2a: Ice Beam|189\/342|[from] item: Leftovers
|turn|13
|
|move|p1a: Starmie|Scald|p2a: Ice Beam
|-supereffective|p2a: Ice Beam
|-damage|p2a: Ice Beam|55\/342
|-status|p2a: Ice Beam|brn
|move|p2a: Ice Beam|Crunch|p1a: Starmie
|-supereffective|p1a: Starmie
|-damage|p1a: Starmie|135\/323
|
|-weather|Sandstorm|[upkeep]
|-damage|p1a: Starmie|115\/323|[from] sandstorm
|-heal|p1a: Starmie|135\/323|[from] item: Leftovers
|-heal|p2a: Ice Beam|76\/342 brn|[from] item: Leftovers
|-damage|p2a: Ice Beam|34\/342 brn|[from] brn
|turn|14
|
|move|p1a: Starmie|Scald|p2a: Ice Beam
|-supereffective|p2a: Ice Beam
|-damage|p2a: Ice Beam|0 fnt
|faint|p2a: Ice Beam
|
|-weather|Sandstorm|[upkeep]
|-damage|p1a: Starmie|115\/323|[from] sandstorm
|-heal|p1a: Starmie|135\/323|[from] item: Leftovers
|
|switch|p2a: OC|Sceptile, M|281\/281
|-damage|p2a: OC|246\/281|[from] Stealth Rock
|turn|15
|
|switch|p1a: Heatran|Heatran, M|386\/386
|detailschange|p2a: OC|Sceptile-Mega, M
|-mega|p2a: OC|Sceptile|Sceptilite
|move|p2a: OC|Giga Drain|p1a: Heatran
|-resisted|p1a: Heatran
|-damage|p1a: Heatran|363\/386
|-heal|p2a: OC|258\/281|[from] drain|[of] p1a: Heatran
|
|-weather|Sandstorm|[upkeep]
|-damage|p2a: OC|241\/281|[from] sandstorm
|-heal|p1a: Heatran|386\/386|[from] item: Leftovers
|turn|16
|
|move|p2a: OC|Focus Blast|p1a: Heatran|[miss]
|-miss|p2a: OC|p1a: Heatran
|move|p1a: Heatran|Toxic|p2a: OC
|-status|p2a: OC|tox
|
|-weather|none
|-damage|p2a: OC|224\/281 tox|[from] psn
|turn|17
|
|switch|p2a: Scarf|Keldeo|259\/322
|-damage|p2a: Scarf|239\/322|[from] Stealth Rock
|move|p1a: Heatran|Lava Plume|p2a: Scarf
|-resisted|p2a: Scarf
|-damage|p2a: Scarf|177\/322
|
|turn|18
|
|move|p2a: Scarf|Hydro Pump|p1a: Heatran
|-supereffective|p1a: Heatran
|-damage|p1a: Heatran|134\/386
|move|p1a: Heatran|Toxic|p2a: Scarf
|-status|p2a: Scarf|tox
|
|-heal|p1a: Heatran|158\/386|[from] item: Leftovers
|-damage|p2a: Scarf|157\/322 tox|[from] psn
|turn|19
|
|switch|p1a: Starmie|Starmie|135\/323
|move|p2a: Scarf|Hydro Pump|p1a: Starmie
|-resisted|p1a: Starmie
|-damage|p1a: Starmie|24\/323
|
|-heal|p1a: Starmie|44\/323|[from] item: Leftovers
|-damage|p2a: Scarf|117\/322 tox|[from] psn
|turn|20
|
|move|p1a: Starmie|Recover|p1a: Starmie
|-heal|p1a: Starmie|206\/323
|move|p2a: Scarf|Scald|p1a: Starmie
|-resisted|p1a: Starmie
|-damage|p1a: Starmie|124\/323
|-status|p1a: Starmie|brn
|
|-heal|p1a: Starmie|144\/323 brn|[from] item: Leftovers
|-damage|p1a: Starmie|104\/323 brn|[from] brn
|-damage|p2a: Scarf|57\/322 tox|[from] psn
|turn|21
|
|move|p1a: Starmie|Recover|p1a: Starmie
|-heal|p1a: Starmie|266\/323 brn
|move|p2a: Scarf|Secret Sword|p1a: Starmie
|-resisted|p1a: Starmie
|-damage|p1a: Starmie|189\/323 brn
|
|-heal|p1a: Starmie|209\/323 brn|[from] item: Leftovers
|-damage|p1a: Starmie|169\/323 brn|[from] brn
|-damage|p2a: Scarf|0 fnt|[from] psn
|faint|p2a: Scarf
|
|switch|p2a: Stealth Rocks|Landorus-Therian, M|146\/326 tox
|-damage|p2a: Stealth Rocks|106\/326 tox|[from] Stealth Rock
|-ability|p2a: Stealth Rocks|Intimidate|[of] p1a: Starmie
|-unboost|p1a: Starmie|atk|1
|turn|22
|
|switch|p1a: Venusaur|Venusaur-Mega, M|75\/353
|move|p2a: Stealth Rocks|U-turn|p1a: Venusaur
|-damage|p1a: Venusaur|0 fnt
|faint|p1a: Venusaur
|
|switch|p2a: OC|Sceptile-Mega, M|224\/281 tox
|-damage|p2a: OC|189\/281 tox|[from] Stealth Rock
|
|-damage|p2a: OC|172\/281 tox|[from] psn
|
|switch|p1a: Landorus-Therian|Landorus-Therian, M|319\/319
|-ability|p1a: Landorus-Therian|Intimidate|[of] p2a: OC
|-unboost|p2a: OC|atk|1
|turn|23
|
|switch|p2a: Stealth Rocks|Landorus-Therian, M|106\/326 tox
|-damage|p2a: Stealth Rocks|66\/326 tox|[from] Stealth Rock
|-ability|p2a: Stealth Rocks|Intimidate|[of] p1a: Landorus-Therian
|-unboost|p1a: Landorus-Therian|atk|1
|move|p1a: Landorus-Therian|U-turn|p2a: Stealth Rocks
|-resisted|p2a: Stealth Rocks
|-damage|p2a: Stealth Rocks|33\/326 tox
|
|switch|p1a: Starmie|Starmie|169\/323
|
|-heal|p1a: Starmie|189\/323|[from] item: Leftovers
|-damage|p2a: Stealth Rocks|13\/326 tox|[from] psn
|turn|24
|
|move|p2a: Stealth Rocks|U-turn|p1a: Starmie
|-supereffective|p1a: Starmie
|-damage|p1a: Starmie|5\/323
|c|âLusch|what a beast starmie is!
|
|switch|p2a: Trick|Latios, M|302\/302
|-damage|p2a: Trick|265\/302|[from] Stealth Rock
|move|p1a: Starmie|Scald|p2a: Trick
|-crit|p2a: Trick
|-resisted|p2a: Trick
|-damage|p2a: Trick|196\/302
|
|-heal|p1a: Starmie|25\/323|[from] item: Leftovers
|turn|25
|
|move|p1a: Starmie|Recover|p1a: Starmie
|-heal|p1a: Starmie|187\/323
|move|p2a: Trick|Psyshock|p1a: Starmie
|-resisted|p1a: Starmie
|-damage|p1a: Starmie|91\/323
|-damage|p2a: Trick|166\/302|[from] item: Life Orb
|
|-heal|p1a: Starmie|111\/323|[from] item: Leftovers
|turn|26
|
|move|p1a: Starmie|Recover|p1a: Starmie
|-heal|p1a: Starmie|273\/323
|move|p2a: Trick|Draco Meteor|p1a: Starmie
|-damage|p1a: Starmie|0 fnt
|-unboost|p2a: Trick|spa|2
|-damage|p2a: Trick|136\/302|[from] item: Life Orb
|faint|p1a: Starmie
|
|
|switch|p1a: Tyranitar|Tyranitar, M|403\/403
|-weather|Sandstorm
|turn|27
|
|move|p2a: Trick|Defog|p1a: Tyranitar
|-unboost|p1a: Tyranitar|evasion|1
|-sideend|p2: AlienStoleMyBike|Stealth Rock|[from] move: Defog|[of] p2a: Trick
|move|p1a: Tyranitar|Pursuit|p2a: Trick
|-supereffective|p2a: Trick
|-damage|p2a: Trick|0 fnt
|faint|p2a: Trick
|
|-weather|Sandstorm|[upkeep]
|
|switch|p2a: OC|Sceptile-Mega, M|172\/281 tox
|turn|28
|
|move|p2a: OC|Giga Drain|p1a: Tyranitar
|-supereffective|p1a: Tyranitar
|-damage|p1a: Tyranitar|275\/403
|-heal|p2a: OC|236\/281 tox|[from] drain|[of] p1a: Tyranitar
|move|p1a: Tyranitar|Superpower|p2a: OC
|-damage|p2a: OC|0 fnt
|-unboost|p1a: Tyranitar|atk|1
|-unboost|p1a: Tyranitar|def|1
|faint|p2a: OC
|
|-weather|Sandstorm|[upkeep]
|
|switch|p2a: Stealth Rocks|Landorus-Therian, M|13\/326 tox
|-ability|p2a: Stealth Rocks|Intimidate|[of] p1a: Tyranitar
|-unboost|p1a: Tyranitar|atk|1
|turn|29
|
|switch|p1a: Heatran|Heatran, M|158\/386
|move|p2a: Stealth Rocks|U-turn|p1a: Heatran
|-resisted|p1a: Heatran
|-damage|p1a: Heatran|135\/386
|
|switch|p2a: Banded|Talonflame, F|271\/297
|
|-weather|Sandstorm|[upkeep]
|-damage|p2a: Banded|253\/297|[from] sandstorm
|-heal|p2a: Banded|271\/297|[from] item: Leftovers
|-heal|p1a: Heatran|159\/386|[from] item: Leftovers
|turn|30
|
|move|p2a: Banded|Swords Dance|p2a: Banded
|-boost|p2a: Banded|atk|2
|move|p1a: Heatran|Stealth Rock|p2a: Banded
|-sidestart|p2: AlienStoleMyBike|move: Stealth Rock
|
|-weather|Sandstorm|[upkeep]
|-damage|p2a: Banded|253\/297|[from] sandstorm
|-heal|p2a: Banded|271\/297|[from] item: Leftovers
|-heal|p1a: Heatran|183\/386|[from] item: Leftovers
|turn|31
|
|move|p2a: Banded|Swords Dance|p2a: Banded
|-boost|p2a: Banded|atk|2
|move|p1a: Heatran|Roar|p2a: Banded
|drag|p2a: Stealth Rocks|Landorus-Therian, M|13\/326 tox
|-damage|p2a: Stealth Rocks|0 fnt|[from] Stealth Rock
|faint|p2a: Stealth Rocks
|
|-weather|none
|-heal|p1a: Heatran|207\/386|[from] item: Leftovers
|c|âAlienStoleMyBike|gg wp
|
|switch|p2a: Banded|Talonflame, F|271\/297
|-damage|p2a: Banded|123\/297|[from] Stealth Rock
|turn|32
|c|âLusch|gg
|c|âLusch|thx
|
|switch|p1a: Landorus-Therian|Landorus-Therian, M|319\/319
|-ability|p1a: Landorus-Therian|Intimidate|[of] p2a: Banded
|-unboost|p2a: Banded|atk|1
|move|p2a: Banded|Flare Blitz|p1a: Landorus-Therian
|-damage|p1a: Landorus-Therian|192\/319
|-damage|p2a: Banded|81\/297|[from] recoil|[of] p1a: Landorus-Therian
|
|-heal|p2a: Banded|99\/297|[from] item: Leftovers
|turn|33
|
|move|p2a: Banded|Brave Bird|p1a: Landorus-Therian
|-damage|p1a: Landorus-Therian|68\/319
|-damage|p2a: Banded|58\/297|[from] recoil|[of] p1a: Landorus-Therian
|move|p1a: Landorus-Therian|Stone Edge|p2a: Banded
|-supereffective|p2a: Banded
|-damage|p2a: Banded|0 fnt
|faint|p2a: Banded
|
|win|Lusch
|raw|Ladder updating...
|raw|Lusch's rating: 1496 &rarr; <strong>1512<\/strong><br \/>(+16 for winning)
|raw|AlienStoleMyBike's rating: 1421 &rarr; <strong>1405<\/strong><br \/>(-16 for losing)
|leave|AlienStoleMyBike
|player|p2