|join|Th3Ender
|join|X TREE
|player|p1|Th3Ender|95
|player|p2|X TREE|1
|gametype|singles
|gen|6
|tier|OU
|rated
|clearpoke
|poke|p1|Charizard, M
|poke|p1|Azumarill, M
|poke|p1|Tyranitar, M
|poke|p1|Excadrill, M
|poke|p1|Ferrothorn, F
|poke|p1|Gengar, M
|poke|p2|Kyurem-Black
|poke|p2|Scizor, F
|poke|p2|Azumarill, M
|poke|p2|Landorus-Therian, M
|poke|p2|Infernape, F
|poke|p2|Rotom-Wash
|rule|Swagger Clause: Swagger is banned
|rule|Baton Pass Clause: Limit one PokÃ©mon knowing Baton Pass
|rule|Sleep Clause Mod: Limit one foe put to sleep
|rule|Species Clause: Limit one of each PokÃ©mon
|rule|OHKO Clause: OHKO moves are banned
|rule|Moody Clause: Moody is banned
|rule|Evasion Moves Clause: Evasion moves are banned
|rule|Endless Battle Clause: Forcing endless battles is banned
|rule|HP Percentage Mod: HP is shown in percentages
|teampreview
|
|start
|switch|p1a: Azumarill|Azumarill, M|401\/401
|switch|p2a: Ed|Landorus-Therian, M|319\/319
|-ability|p2a: Ed|Intimidate|[of] p1a: Azumarill
|-unboost|p1a: Azumarill|atk|1
|turn|1
|
|move|p2a: Ed|U-turn|p1a: Azumarill
|-resisted|p1a: Azumarill
|-damage|p1a: Azumarill|342\/401
|
|switch|p2a: Edd|Scizor, F|331\/331
|move|p1a: Azumarill|Play Rough|p2a: Edd
|-resisted|p2a: Edd
|-damage|p2a: Edd|266\/331
|-unboost|p2a: Edd|atk|1
|
|turn|2
|
|switch|p1a: Charizard|Charizard, M|307\/307
|detailschange|p2a: Edd|Scizor-Mega, F
|message|Scizor has Mega Evolved into Mega Scizor!
|move|p2a: Edd|U-turn|p1a: Charizard
|-resisted|p1a: Charizard
|-damage|p1a: Charizard|277\/307
|
|switch|p2a: Jimmy|Azumarill, M|401\/401
|
|turn|3
|
|detailschange|p1a: Charizard|Charizard-Mega-Y, M
|message|Charizard has Mega Evolved into Mega Charizard!
|-weather|SunnyDay
|move|p1a: Charizard|Solar Beam|p2a: Jimmy|[still]
|-prepare|p1a: Charizard|Solar Beam|p2a: Jimmy
|-anim|p1a: Charizard|Solar Beam|p2a: Jimmy
|-supereffective|p2a: Jimmy
|-damage|p2a: Jimmy|105\/401
|move|p2a: Jimmy|Waterfall|p1a: Charizard
|-supereffective|p1a: Charizard
|-damage|p1a: Charizard|77\/307
|
|-weather|SunnyDay|[upkeep]
|turn|4
|
|switch|p1a: Ferrothorn|Ferrothorn, F|352\/352
|switch|p2a: Rolf|Infernape, F|293\/293
|
|-weather|SunnyDay|[upkeep]
|turn|5
|
|switch|p1a: Azumarill|Azumarill, M|342\/401
|move|p2a: Rolf|Fire Blast|p1a: Azumarill
|-resisted|p1a: Azumarill
|-damage|p1a: Azumarill|227\/401
|
|-weather|SunnyDay|[upkeep]
|turn|6
|
|switch|p1a: Charizard|Charizard-Mega-Y, M|77\/307
|move|p2a: Rolf|U-turn|p1a: Charizard
|-resisted|p1a: Charizard
|-damage|p1a: Charizard|61\/307
|
|switch|p2a: Eddy|Rotom-Wash|241\/241
|
|-weather|SunnyDay|[upkeep]
|turn|7
|join|Blittz
|
|switch|p1a: Excadrill|Excadrill, M|361\/361
|move|p2a: Eddy|Volt Switch|p1a: Excadrill
|-immune|p1a: Excadrill|[msg]
|
|-weather|none
|turn|8
|
|switch|p2a: Ed|Landorus-Therian, M|319\/319
|-ability|p2a: Ed|Intimidate|[of] p1a: Excadrill
|-unboost|p1a: Excadrill|atk|1
|move|p1a: Excadrill|Iron Head|p2a: Ed
|-damage|p2a: Ed|171\/319
|-damage|p1a: Excadrill|325\/361|[from] item: Life Orb
|
|turn|9
|
|switch|p1a: Gengar|Gengar, M|268\/268
|move|p2a: Ed|U-turn|p1a: Gengar
|-resisted|p1a: Gengar
|-damage|p1a: Gengar|236\/268
|
|switch|p2a: Jimmy|Azumarill, M|105\/401
|
|-heal|p1a: Gengar|252\/268|[from] item: Black Sludge
|turn|10
|
|switch|p1a: Ferrothorn|Ferrothorn, F|352\/352
|move|p2a: Jimmy|Superpower|p1a: Ferrothorn
|-supereffective|p1a: Ferrothorn
|-damage|p1a: Ferrothorn|114\/352
|-damage|p2a: Jimmy|55\/401|[from] ability: Iron Barbs|[of] p1a: Ferrothorn
|-unboost|p2a: Jimmy|atk|1
|-unboost|p2a: Jimmy|def|1
|
|-heal|p1a: Ferrothorn|136\/352|[from] item: Leftovers
|turn|11
|
|move|p1a: Ferrothorn|Protect|p1a: Ferrothorn
|-singleturn|p1a: Ferrothorn|Protect
|move|p2a: Jimmy|Superpower|p1a: Ferrothorn
|-activate|p1a: Ferrothorn|Protect
|
|-heal|p1a: Ferrothorn|158\/352|[from] item: Leftovers
|turn|12
|
|switch|p1a: Gengar|Gengar, M|252\/268
|move|p2a: Jimmy|Superpower|p1a: Gengar
|-immune|p1a: Gengar|[msg]
|
|-heal|p1a: Gengar|268\/268|[from] item: Black Sludge
|turn|13
|
|move|p2a: Jimmy|Aqua Jet|p1a: Gengar
|-damage|p1a: Gengar|178\/268
|move|p1a: Gengar|Shadow Ball|p2a: Jimmy
|-damage|p2a: Jimmy|0 fnt
|faint|p2a: Jimmy
|
|-heal|p1a: Gengar|194\/268|[from] item: Black Sludge
|
|switch|p2a: Ed|Landorus-Therian, M|171\/319
|-ability|p2a: Ed|Intimidate|[of] p1a: Gengar
|-unboost|p1a: Gengar|atk|1
|turn|14
|
|switch|p1a: Ferrothorn|Ferrothorn, F|158\/352
|move|p2a: Ed|Knock Off|p1a: Ferrothorn
|-damage|p1a: Ferrothorn|68\/352
|-damage|p2a: Ed|132\/319|[from] ability: Iron Barbs|[of] p1a: Ferrothorn
|-enditem|p1a: Ferrothorn|Leftovers|[from] move: Knock Off|[of] p2a: Ed
|
|turn|15
|
|switch|p2a: Edd|Scizor-Mega, F|266\/331
|move|p1a: Ferrothorn|Leech Seed|p2a: Edd
|-start|p2a: Edd|move: Leech Seed
|
|-damage|p2a: Edd|225\/331|[from] Leech Seed|[of] p1a: Ferrothorn
|-heal|p1a: Ferrothorn|109\/352|[silent]
|turn|16
|
|switch|p2a: Rolf|Infernape, F|293\/293
|move|p1a: Ferrothorn|Protect|p1a: Ferrothorn
|-fail|p1a: Ferrothorn
|
|turn|17
|
|switch|p1a: Azumarill|Azumarill, M|227\/401
|move|p2a: Rolf|Stealth Rock|p1a: Azumarill
|-sidestart|p1: Th3Ender|move: Stealth Rock
|
|turn|18
|
|switch|p2a: Edd|Scizor-Mega, F|225\/331
|move|p1a: Azumarill|Play Rough|p2a: Edd
|-resisted|p2a: Edd
|-damage|p2a: Edd|157\/331
|
|turn|19
|
|switch|p1a: Gengar|Gengar, M|194\/268
|-damage|p1a: Gengar|161\/268|[from] Stealth Rock
|move|p2a: Edd|Roost|p2a: Edd
|-heal|p2a: Edd|323\/331
|
|-heal|p1a: Gengar|177\/268|[from] item: Black Sludge
|turn|20
|
|switch|p2a: Eddy|Rotom-Wash|241\/241
|move|p1a: Gengar|Will-O-Wisp|p2a: Eddy
|-status|p2a: Eddy|brn
|
|-heal|p1a: Gengar|193\/268|[from] item: Black Sludge
|-damage|p2a: Eddy|211\/241 brn|[from] brn
|turn|21
|
|switch|p1a: Ferrothorn|Ferrothorn, F|109\/352
|-damage|p1a: Ferrothorn|87\/352|[from] Stealth Rock
|move|p2a: Eddy|Will-O-Wisp|p1a: Ferrothorn
|-status|p1a: Ferrothorn|brn
|
|-damage|p2a: Eddy|181\/241 brn|[from] brn
|-damage|p1a: Ferrothorn|43\/352 brn|[from] brn
|turn|22
|
|switch|p2a: Rolf|Infernape, F|293\/293
|move|p1a: Ferrothorn|Leech Seed|p2a: Rolf
|-start|p2a: Rolf|move: Leech Seed
|
|-damage|p2a: Rolf|257\/293|[from] Leech Seed|[of] p1a: Ferrothorn
|-heal|p1a: Ferrothorn|79\/352 brn|[silent]
|-damage|p1a: Ferrothorn|35\/352 brn|[from] brn
|turn|23
|
|move|p2a: Rolf|Vacuum Wave|p1a: Ferrothorn
|-supereffective|p1a: Ferrothorn
|-damage|p1a: Ferrothorn|0 fnt
|faint|p1a: Ferrothorn
|
|
|switch|p1a: Gengar|Gengar, M|193\/268
|-damage|p1a: Gengar|160\/268|[from] Stealth Rock
|turn|24
|
|move|p1a: Gengar|Substitute|p1a: Gengar
|-start|p1a: Gengar|Substitute
|-damage|p1a: Gengar|93\/268
|move|p2a: Rolf|Fire Blast|p1a: Gengar
|-end|p1a: Gengar|Substitute
|
|-heal|p1a: Gengar|109\/268|[from] item: Black Sludge
|-damage|p2a: Rolf|221\/293|[from] Leech Seed|[of] p1a: Gengar
|-heal|p1a: Gengar|145\/268|[silent]
|turn|25
|
|move|p1a: Gengar|Substitute|p1a: Gengar
|-start|p1a: Gengar|Substitute
|-damage|p1a: Gengar|78\/268
|move|p2a: Rolf|U-turn|p1a: Gengar
|-resisted|p1a: Gengar
|-activate|p1a: Gengar|Substitute|[damage]
|
|switch|p2a: Eddy|Rotom-Wash|181\/241 brn
|
|-heal|p1a: Gengar|94\/268|[from] item: Black Sludge
|-damage|p2a: Eddy|151\/241 brn|[from] brn
|turn|26
|
|move|p2a: Eddy|Volt Switch|p1a: Gengar
|-end|p1a: Gengar|Substitute
|
|switch|p2a: Rolf|Infernape, F|221\/293
|move|p1a: Gengar|Shadow Ball|p2a: Rolf
|-damage|p2a: Rolf|40\/293
|
|-heal|p1a: Gengar|110\/268|[from] item: Black Sludge
|turn|27
|
|move|p1a: Gengar|Shadow Ball|p2a: Rolf
|-damage|p2a: Rolf|0 fnt
|faint|p2a: Rolf
|
|-heal|p1a: Gengar|126\/268|[from] item: Black Sludge
|
|switch|p2a: Edd|Scizor-Mega, F|323\/331
|turn|28
|
|move|p2a: Edd|Bullet Punch|p1a: Gengar
|-damage|p1a: Gengar|0 fnt
|faint|p1a: Gengar
|
|
|switch|p1a: Excadrill|Excadrill, M|325\/361
|-damage|p1a: Excadrill|314\/361|[from] Stealth Rock
|turn|29
|join|Nuvaa
|
|move|p1a: Excadrill|Rapid Spin|p2a: Edd
|-resisted|p2a: Edd
|-damage|p2a: Edd|310\/331
|-sideend|p1: Th3Ender|Stealth Rock|[from] move: Rapid Spin|[of] p1a: Excadrill
|-damage|p1a: Excadrill|278\/361|[from] item: Life Orb
|move|p2a: Edd|U-turn|p1a: Excadrill
|-resisted|p1a: Excadrill
|-damage|p1a: Excadrill|159\/361
|
|switch|p2a: Kevin|Kyurem-Black|405\/405
|-ability|p2a: Kevin|Teravolt
|
|turn|30
|
|switch|p1a: Tyranitar|Tyranitar, M|365\/365
|-weather|Sandstorm
|move|p2a: Kevin|Substitute|p2a: Kevin
|-start|p2a: Kevin|Substitute
|-damage|p2a: Kevin|304\/405
|
|-weather|Sandstorm|[upkeep]
|-damage|p2a: Kevin|279\/405|[from] sandstorm
|-heal|p2a: Kevin|304\/405|[from] item: Leftovers
|turn|31
|
|move|p2a: Kevin|Earth Power|p1a: Tyranitar
|-supereffective|p1a: Tyranitar
|-damage|p1a: Tyranitar|237\/365
|move|p1a: Tyranitar|Stealth Rock|p2a: Kevin
|-sidestart|p2: X TREE|move: Stealth Rock
|
|-weather|Sandstorm|[upkeep]
|-damage|p2a: Kevin|279\/405|[from] sandstorm
|-heal|p2a: Kevin|304\/405|[from] item: Leftovers
|turn|32
|
|move|p2a: Kevin|Earth Power|p1a: Tyranitar
|-supereffective|p1a: Tyranitar
|-damage|p1a: Tyranitar|91\/365
|move|p1a: Tyranitar|Superpower|p2a: Kevin
|-supereffective|p2a: Kevin
|-end|p2a: Kevin|Substitute
|-unboost|p1a: Tyranitar|atk|1
|-unboost|p1a: Tyranitar|def|1
|
|-weather|Sandstorm|[upkeep]
|-damage|p2a: Kevin|279\/405|[from] sandstorm
|-heal|p2a: Kevin|304\/405|[from] item: Leftovers
|turn|33
|
|move|p2a: Kevin|Substitute|p2a: Kevin
|-start|p2a: Kevin|Substitute
|-damage|p2a: Kevin|203\/405
|move|p1a: Tyranitar|Stone Edge|p2a: Kevin
|-supereffective|p2a: Kevin
|-end|p2a: Kevin|Substitute
|
|-weather|Sandstorm|[upkeep]
|-damage|p2a: Kevin|178\/405|[from] sandstorm
|-heal|p2a: Kevin|203\/405|[from] item: Leftovers
|turn|34
|
|switch|p1a: Azumarill|Azumarill, M|227\/401
|move|p2a: Kevin|Substitute|p2a: Kevin
|-start|p2a: Kevin|Substitute
|-damage|p2a: Kevin|102\/405
|
|-weather|Sandstorm|[upkeep]
|-damage|p2a: Kevin|77\/405|[from] sandstorm
|-damage|p1a: Azumarill|202\/401|[from] sandstorm
|-heal|p2a: Kevin|102\/405|[from] item: Leftovers
|turn|35
|
|switch|p1a: Excadrill|Excadrill, M|159\/361
|move|p2a: Kevin|Fusion Bolt|p1a: Excadrill
|-immune|p1a: Excadrill|[msg]
|
|-weather|Sandstorm|[upkeep]
|-damage|p2a: Kevin|77\/405|[from] sandstorm
|-heal|p2a: Kevin|102\/405|[from] item: Leftovers
|turn|36
|
|move|p1a: Excadrill|Iron Head|p2a: Kevin
|-supereffective|p2a: Kevin
|-end|p2a: Kevin|Substitute
|-damage|p1a: Excadrill|123\/361|[from] item: Life Orb
|move|p2a: Kevin|Ice Beam|p1a: Excadrill
|-damage|p1a: Excadrill|0 fnt
|faint|p1a: Excadrill
|
|-weather|Sandstorm|[upkeep]
|-damage|p2a: Kevin|77\/405|[from] sandstorm
|-heal|p2a: Kevin|102\/405|[from] item: Leftovers
|
|switch|p1a: Charizard|Charizard-Mega-Y, M|61\/307
|-weather|SunnyDay
|turn|37
|
|move|p1a: Charizard|Flamethrower|p2a: Kevin
|-damage|p2a: Kevin|0 fnt
|faint|p2a: Kevin
|
|-weather|SunnyDay|[upkeep]
|
|switch|p2a: Eddy|Rotom-Wash|151\/241 brn
|-damage|p2a: Eddy|121\/241 brn|[from] Stealth Rock
|turn|38
|
|switch|p1a: Tyranitar|Tyranitar, M|91\/365
|-weather|Sandstorm
|move|p2a: Eddy|Volt Switch|p1a: Tyranitar
|-damage|p1a: Tyranitar|22\/365
|c|âX TREE|calc
|c|âX TREE|sorry
|leave|Nuvaa
|c|âTh3Ender|you cannot lose O.o why calc
|c|âX TREE|was just checking if bp kills zard
|c|âTh3Ender|kk
|
|switch|p2a: Edd|Scizor-Mega, F|310\/331
|-damage|p2a: Edd|269\/331|[from] Stealth Rock
|
|-weather|Sandstorm|[upkeep]
|turn|39
|
|move|p2a: Edd|Bullet Punch|p1a: Tyranitar
|-supereffective|p1a: Tyranitar
|-damage|p1a: Tyranitar|0 fnt
|faint|p1a: Tyranitar
|
|-weather|Sandstorm|[upkeep]
|
|switch|p1a: Charizard|Charizard-Mega-Y, M|61\/307
|-weather|SunnyDay
|turn|40
|
|move|p2a: Edd|Bullet Punch|p1a: Charizard
|-resisted|p1a: Charizard
|-damage|p1a: Charizard|0 fnt
|faint|p1a: Charizard
|
|-weather|SunnyDay|[upkeep]
|c|âTh3Ender|o well gg i choked this away
|
|switch|p1a: Azumarill|Azumarill, M|202\/401
|turn|41
|-message|Th3Ender forfeited.
|
|win|X TREE
|raw|Ladder updating...
|leave|Th3Ender
|player|p1
|raw|Th3Ender's rating: 1855 &rarr; <strong>1830<\/strong><br \/>(-25 for losing)
|raw|X TREE's rating: 1773 &rarr; <strong>1797<\/strong><br \/>(+24 for winning)
|join|Nuvaa