|join|X TREE
|join|Sham wow guy
|player|p1|X TREE|266
|player|p2|Sham wow guy|283
|gametype|singles
|gen|6
|tier|OU
|rated
|clearpoke
|poke|p1|Kyurem-Black
|poke|p1|Scizor, M
|poke|p1|Azumarill, M
|poke|p1|Landorus-Therian, M
|poke|p1|Infernape, M
|poke|p1|Rotom-Wash
|poke|p2|Chandelure, M
|poke|p2|Dragonite, F
|poke|p2|Mamoswine, M
|poke|p2|Rotom-Wash
|poke|p2|Scizor, M
|poke|p2|Gardevoir, M
|rule|Swagger Clause: Swagger is banned
|rule|Baton Pass Clause: Limit one PokÃ©mon knowing Baton Pass
|rule|Sleep Clause Mod: Limit one foe put to sleep
|rule|Species Clause: Limit one of each PokÃ©mon
|rule|OHKO Clause: OHKO moves are banned
|rule|Moody Clause: Moody is banned
|rule|Evasion Moves Clause: Evasion moves are banned
|rule|Endless Battle Clause: Forcing endless battles is banned
|rule|HP Percentage Mod: HP is shown in percentages
|teampreview
|
|start
|switch|p1a: Edd|Scizor, M|331\/331
|switch|p2a: Chandelure|Chandelure, M|261\/261
|turn|1
|
|switch|p1a: Jimmy|Azumarill, M|401\/401
|move|p2a: Chandelure|Substitute|p2a: Chandelure
|-start|p2a: Chandelure|Substitute
|-damage|p2a: Chandelure|196\/261
|
|turn|2
|
|move|p2a: Chandelure|Shadow Ball|p1a: Jimmy
|-damage|p1a: Jimmy|233\/401
|-unboost|p1a: Jimmy|spd|1
|-damage|p2a: Chandelure|170\/261|[from] item: Life Orb
|move|p1a: Jimmy|Waterfall|p2a: Chandelure
|-supereffective|p2a: Chandelure
|-end|p2a: Chandelure|Substitute
|
|turn|3
|
|switch|p2a: Rotom-Wash|Rotom-Wash|304\/304
|switch|p1a: Eddy|Rotom-Wash|241\/241
|
|turn|4
|
|move|p1a: Eddy|Will-O-Wisp|p2a: Rotom-Wash|[miss]
|-miss|p1a: Eddy|p2a: Rotom-Wash
|move|p2a: Rotom-Wash|Volt Switch|p1a: Eddy
|-damage|p1a: Eddy|156\/241
|
|switch|p2a: Gardevoir|Gardevoir, M|278\/278
|-ability|p2a: Gardevoir|Levitate|[from] ability: Trace|[of] p1a: Eddy
|
|turn|5
|
|switch|p1a: Edd|Scizor, M|331\/331
|move|p2a: Gardevoir|Psychic|p1a: Edd
|-resisted|p1a: Edd
|-damage|p1a: Edd|245\/331
|
|turn|6
|
|switch|p2a: Rotom-Wash|Rotom-Wash|304\/304
|detailschange|p1a: Edd|Scizor-Mega, M
|message|Scizor has Mega Evolved into Mega Scizor!
|move|p1a: Edd|U-turn|p2a: Rotom-Wash
|-damage|p2a: Rotom-Wash|196\/304
|
|switch|p1a: Kevin|Kyurem-Black|405\/405
|-ability|p1a: Kevin|Teravolt
|
|-heal|p2a: Rotom-Wash|215\/304|[from] item: Leftovers
|turn|7
|
|move|p1a: Kevin|Earth Power|p2a: Rotom-Wash
|-supereffective|p2a: Rotom-Wash
|-damage|p2a: Rotom-Wash|17\/304
|move|p2a: Rotom-Wash|Volt Switch|p1a: Kevin
|-resisted|p1a: Kevin
|-damage|p1a: Kevin|354\/405
|
|switch|p2a: Scizor|Scizor, M|344\/344
|
|-heal|p1a: Kevin|379\/405|[from] item: Leftovers
|turn|8
|
|switch|p1a: Rolf|Infernape, M|293\/293
|detailschange|p2a: Scizor|Scizor-Mega, M
|message|Scizor has Mega Evolved into Mega Scizor!
|move|p2a: Scizor|U-turn|p1a: Rolf
|-resisted|p1a: Rolf
|-damage|p1a: Rolf|244\/293
|
|switch|p2a: Chandelure|Chandelure, M|170\/261
|
|turn|9
|
|move|p1a: Rolf|Stealth Rock|p2a: Chandelure
|-sidestart|p2: Sham wow guy|move: Stealth Rock
|move|p2a: Chandelure|Shadow Ball|p1a: Rolf
|-crit|p1a: Rolf
|-damage|p1a: Rolf|0 fnt
|-damage|p2a: Chandelure|144\/261|[from] item: Life Orb
|faint|p1a: Rolf
|
|
|switch|p1a: Kevin|Kyurem-Black|379\/405
|-ability|p1a: Kevin|Teravolt
|turn|10
|
|move|p2a: Chandelure|Fire Blast|p1a: Kevin
|-damage|p1a: Kevin|55\/405
|-damage|p2a: Chandelure|118\/261|[from] item: Life Orb
|move|p1a: Kevin|Fusion Bolt|p2a: Chandelure
|-damage|p2a: Chandelure|0 fnt
|faint|p2a: Chandelure
|
|-heal|p1a: Kevin|80\/405|[from] item: Leftovers
|
|switch|p2a: Scizor|Scizor-Mega, M|344\/344
|-damage|p2a: Scizor|301\/344|[from] Stealth Rock
|turn|11
|
|switch|p1a: Edd|Scizor-Mega, M|245\/331
|move|p2a: Scizor|Defog|p1a: Edd
|-unboost|p1a: Edd|evasion|1
|-sideend|p2: Sham wow guy|Stealth Rock|[from] move: Defog|[of] p2a: Scizor
|
|turn|12
|
|move|p1a: Edd|Roost|p1a: Edd
|-heal|p1a: Edd|331\/331
|move|p2a: Scizor|U-turn|p1a: Edd
|-resisted|p1a: Edd
|-damage|p1a: Edd|269\/331
|
|switch|p2a: Rotom-Wash|Rotom-Wash|17\/304
|
|-heal|p2a: Rotom-Wash|36\/304|[from] item: Leftovers
|turn|13
|
|switch|p1a: Kevin|Kyurem-Black|80\/405
|-ability|p1a: Kevin|Teravolt
|move|p2a: Rotom-Wash|Pain Split|p1a: Kevin
|-sethp|p1a: Kevin|58\/405|p2a: Rotom-Wash|58\/304|[from] move: Pain Split
|
|-heal|p1a: Kevin|83\/405|[from] item: Leftovers
|-heal|p2a: Rotom-Wash|77\/304|[from] item: Leftovers
|turn|14
|
|move|p1a: Kevin|Fusion Bolt|p2a: Rotom-Wash
|-damage|p2a: Rotom-Wash|0 fnt
|faint|p2a: Rotom-Wash
|
|-heal|p1a: Kevin|108\/405|[from] item: Leftovers
|
|switch|p2a: Scizor|Scizor-Mega, M|301\/344
|turn|15
|
|switch|p1a: Edd|Scizor-Mega, M|269\/331
|move|p2a: Scizor|Bullet Punch|p1a: Edd
|-resisted|p1a: Edd
|-damage|p1a: Edd|224\/331
|
|turn|16
|
|move|p1a: Edd|U-turn|p2a: Scizor
|-resisted|p2a: Scizor
|-damage|p2a: Scizor|243\/344
|
|switch|p1a: Ed|Landorus-Therian, M|319\/319
|-ability|p1a: Ed|Intimidate|[of] p2a: Scizor
|-unboost|p2a: Scizor|atk|1
|move|p2a: Scizor|U-turn|p1a: Ed
|-resisted|p1a: Ed
|-damage|p1a: Ed|266\/319
|
|switch|p2a: Mamoswine|Mamoswine, M|362\/362
|
|turn|17
|
|move|p1a: Ed|U-turn|p2a: Mamoswine
|-damage|p2a: Mamoswine|262\/362
|
|switch|p1a: Edd|Scizor-Mega, M|224\/331
|move|p2a: Mamoswine|Stealth Rock|p1a: Edd
|-sidestart|p1: X TREE|move: Stealth Rock
|
|turn|18
|
|move|p2a: Mamoswine|Earthquake|p1a: Edd
|-damage|p1a: Edd|64\/331
|-damage|p2a: Mamoswine|226\/362|[from] item: Life Orb
|move|p1a: Edd|Defog|p2a: Mamoswine
|-unboost|p2a: Mamoswine|evasion|1
|-sideend|p1: X TREE|Stealth Rock|[from] move: Defog|[of] p1a: Edd
|
|turn|19
|
|move|p1a: Edd|Bullet Punch|p2a: Mamoswine
|-supereffective|p2a: Mamoswine
|-damage|p2a: Mamoswine|0 fnt
|faint|p2a: Mamoswine
|
|
|switch|p2a: Dragonite|Dragonite, F|386\/386
|turn|20
|
|switch|p1a: Jimmy|Azumarill, M|233\/401
|move|p2a: Dragonite|Extreme Speed|p1a: Jimmy
|-damage|p1a: Jimmy|24\/401
|
|turn|21
|
|move|p2a: Dragonite|Extreme Speed|p1a: Jimmy
|-damage|p1a: Jimmy|0 fnt
|faint|p1a: Jimmy
|
|
|switch|p1a: Eddy|Rotom-Wash|156\/241
|turn|22
|
|switch|p2a: Gardevoir|Gardevoir, M|278\/278
|-ability|p2a: Gardevoir|Levitate|[from] ability: Trace|[of] p1a: Eddy
|move|p1a: Eddy|Will-O-Wisp|p2a: Gardevoir
|-status|p2a: Gardevoir|brn
|
|-damage|p2a: Gardevoir|244\/278 brn|[from] brn
|turn|23
|
|switch|p1a: Ed|Landorus-Therian, M|266\/319
|-ability|p1a: Ed|Intimidate|[of] p2a: Gardevoir
|-unboost|p2a: Gardevoir|atk|1
|move|p2a: Gardevoir|Moonblast|p1a: Ed
|-damage|p1a: Ed|56\/319
|
|-damage|p2a: Gardevoir|210\/278 brn|[from] brn
|turn|24
|
|move|p1a: Ed|U-turn|p2a: Gardevoir
|-damage|p2a: Gardevoir|81\/278 brn
|
|switch|p1a: Kevin|Kyurem-Black|108\/405
|-ability|p1a: Kevin|Teravolt
|move|p2a: Gardevoir|Moonblast|p1a: Kevin
|-supereffective|p1a: Kevin
|-damage|p1a: Kevin|0 fnt
|faint|p1a: Kevin
|
|-damage|p2a: Gardevoir|47\/278 brn|[from] brn
|
|switch|p1a: Ed|Landorus-Therian, M|56\/319
|-ability|p1a: Ed|Intimidate|[of] p2a: Gardevoir
|-unboost|p2a: Gardevoir|atk|1
|turn|25
|
|switch|p2a: Scizor|Scizor-Mega, M|243\/344
|move|p1a: Ed|U-turn|p2a: Scizor
|-resisted|p2a: Scizor
|-damage|p2a: Scizor|209\/344
|
|switch|p1a: Edd|Scizor-Mega, M|64\/331
|
|turn|26
|
|move|p2a: Scizor|Bullet Punch|p1a: Edd
|-resisted|p1a: Edd
|-damage|p1a: Edd|12\/331
|move|p1a: Edd|Roost|p1a: Edd
|-heal|p1a: Edd|178\/331
|
|turn|27
|
|move|p1a: Edd|Roost|p1a: Edd
|-heal|p1a: Edd|331\/331
|move|p2a: Scizor|Roost|p2a: Scizor
|-heal|p2a: Scizor|344\/344
|
|turn|28
|
|move|p1a: Edd|Bullet Punch|p2a: Scizor
|-resisted|p2a: Scizor
|-damage|p2a: Scizor|291\/344
|move|p2a: Scizor|U-turn|p1a: Edd
|-resisted|p1a: Edd
|-damage|p1a: Edd|273\/331
|
|switch|p2a: Dragonite|Dragonite, F|386\/386
|
|turn|29
|
|switch|p1a: Ed|Landorus-Therian, M|56\/319
|-ability|p1a: Ed|Intimidate|[of] p2a: Dragonite
|-unboost|p2a: Dragonite|atk|1
|move|p2a: Dragonite|Outrage|p1a: Ed
|-damage|p1a: Ed|0 fnt
|faint|p1a: Ed
|
|
|switch|p1a: Edd|Scizor-Mega, M|273\/331
|turn|30
|
|move|p1a: Edd|Bullet Punch|p2a: Dragonite
|-damage|p2a: Dragonite|318\/386
|move|p2a: Dragonite|Outrage|p1a: Edd
|-resisted|p1a: Edd
|-damage|p1a: Edd|176\/331
|
|-end|p2a: Dragonite|rampage
|-start|p2a: Dragonite|confusion
|turn|31
|
|switch|p2a: Gardevoir|Gardevoir, M|47\/278 brn
|-ability|p2a: Gardevoir|Technician|[from] ability: Trace|[of] p1a: Edd
|move|p1a: Edd|U-turn|p2a: Gardevoir
|-damage|p2a: Gardevoir|0 fnt
|faint|p2a: Gardevoir
|
|switch|p1a: Eddy|Rotom-Wash|156\/241
|
|
|switch|p2a: Dragonite|Dragonite, F|318\/386
|turn|32
|
|move|p1a: Eddy|Will-O-Wisp|p2a: Dragonite
|-status|p2a: Dragonite|brn
|move|p2a: Dragonite|Outrage|p1a: Eddy
|-damage|p1a: Eddy|0 fnt
|faint|p1a: Eddy
|
|-damage|p2a: Dragonite|270\/386 brn|[from] brn
|
|switch|p1a: Edd|Scizor-Mega, M|176\/331
|turn|33
|
|move|p1a: Edd|Roost|p1a: Edd
|-heal|p1a: Edd|331\/331
|move|p2a: Dragonite|Outrage|p1a: Edd
|-resisted|p1a: Edd
|-damage|p1a: Edd|260\/331
|
|-end|p2a: Dragonite|rampage
|-start|p2a: Dragonite|confusion
|-damage|p2a: Dragonite|222\/386 brn|[from] brn
|turn|34
|
|switch|p2a: Scizor|Scizor-Mega, M|291\/344
|move|p1a: Edd|Bullet Punch|p2a: Scizor
|-resisted|p2a: Scizor
|-damage|p2a: Scizor|242\/344
|
|turn|35
|
|switch|p2a: Dragonite|Dragonite, F|222\/386 brn
|move|p1a: Edd|U-turn|p2a: Dragonite
|-resisted|p2a: Dragonite
|-damage|p2a: Dragonite|149\/386 brn
|
|-damage|p2a: Dragonite|101\/386 brn|[from] brn
|turn|36
|
|move|p2a: Dragonite|Extreme Speed|p1a: Edd
|-resisted|p1a: Edd
|-damage|p1a: Edd|231\/331
|move|p1a: Edd|Bullet Punch|p2a: Dragonite
|-damage|p2a: Dragonite|0 fnt
|faint|p2a: Dragonite
|
|
|switch|p2a: Scizor|Scizor-Mega, M|242\/344
|turn|37
|c|âX TREE|how many roosts did you use up?
|
|move|p2a: Scizor|Bullet Punch|p1a: Edd
|-resisted|p1a: Edd
|-damage|p1a: Edd|183\/331
|move|p1a: Edd|U-turn|p2a: Scizor
|-resisted|p2a: Scizor
|-damage|p2a: Scizor|187\/344
|
|turn|38
|c|âSham wow guy|only one
|c|âX TREE|ok
|
|move|p1a: Edd|U-turn|p2a: Scizor
|-resisted|p2a: Scizor
|-damage|p2a: Scizor|129\/344
|move|p2a: Scizor|U-turn|p1a: Edd
|-resisted|p1a: Edd
|-damage|p1a: Edd|124\/331
|
|turn|39
|c|âX TREE|yeah you'll outstall
|c|âX TREE|gg
|c|âSham wow guy|gg
|-message|X TREE forfeited.
|
|win|Sham wow guy
|raw|Ladder updating...
|raw|X TREE's rating: 1755 &rarr; <strong>1728<\/strong><br \/>(-27 for losing)
|raw|Sham wow guy's rating: 1626 &rarr; <strong>1653<\/strong><br \/>(+27 for winning)
|leave|X TREE
|player|p1