|join|johnthuh
|join|X TREE
|player|p1|johnthuh|99
|player|p2|X TREE|101
|gametype|singles
|gen|6
|tier|OU
|rated
|clearpoke
|poke|p1|Kyurem-Black
|poke|p1|Azumarill, M
|poke|p1|Excadrill, F
|poke|p1|Tyranitar, F
|poke|p1|Pinsir, F
|poke|p1|Latios, M
|poke|p2|Landorus-Therian, M
|poke|p2|Scizor, F
|poke|p2|Rotom-Wash
|poke|p2|Azumarill, M
|poke|p2|Kyurem-Black
|poke|p2|Infernape, M
|rule|Swagger Clause: Swagger is banned
|rule|Baton Pass Clause: Limit one PokÃ©mon knowing Baton Pass
|rule|Sleep Clause Mod: Limit one foe put to sleep
|rule|Species Clause: Limit one of each PokÃ©mon
|rule|OHKO Clause: OHKO moves are banned
|rule|Moody Clause: Moody is banned
|rule|Evasion Moves Clause: Evasion moves are banned
|rule|Endless Battle Clause: Forcing endless battles is banned
|rule|HP Percentage Mod: HP is reported as percentages
|teampreview
|
|start
|switch|p1a: Kyurem-Black|Kyurem-Black|405\/405
|switch|p2a: Landorus-Therian|Landorus-Therian, M|319\/319
|-ability|p2a: Landorus-Therian|Intimidate|[of] p1a: Kyurem-Black
|-unboost|p1a: Kyurem-Black|atk|1
|-ability|p1a: Kyurem-Black|Teravolt
|turn|1
|
|move|p2a: Landorus-Therian|U-turn|p1a: Kyurem-Black
|-damage|p1a: Kyurem-Black|313\/405
|
|switch|p2a: Scizor|Scizor, F|331\/331
|move|p1a: Kyurem-Black|Substitute|p1a: Kyurem-Black
|-start|p1a: Kyurem-Black|Substitute
|-damage|p1a: Kyurem-Black|212\/405
|
|-heal|p1a: Kyurem-Black|237\/405|[from] item: Leftovers
|turn|2
|
|detailschange|p2a: Scizor|Scizor-Mega, F
|message|Scizor has Mega Evolved into Mega Scizor!
|move|p2a: Scizor|Bullet Punch|p1a: Kyurem-Black
|-supereffective|p1a: Kyurem-Black
|-end|p1a: Kyurem-Black|Substitute
|move|p1a: Kyurem-Black|Fusion Bolt|p2a: Scizor
|-damage|p2a: Scizor|268\/331
|
|-heal|p1a: Kyurem-Black|262\/405|[from] item: Leftovers
|turn|3
|
|switch|p1a: Tyranitar|Tyranitar, F|403\/403
|-weather|Sandstorm
|move|p2a: Scizor|U-turn|p1a: Tyranitar
|-supereffective|p1a: Tyranitar
|-damage|p1a: Tyranitar|205\/403
|
|switch|p2a: Landorus-Therian|Landorus-Therian, M|319\/319
|-ability|p2a: Landorus-Therian|Intimidate|[of] p1a: Tyranitar
|-unboost|p1a: Tyranitar|atk|1
|
|-weather|Sandstorm|[upkeep]
|turn|4
|
|switch|p1a: Latios|Latios, M|302\/302
|move|p2a: Landorus-Therian|U-turn|p1a: Latios
|-supereffective|p1a: Latios
|-damage|p1a: Latios|76\/302
|
|switch|p2a: Scizor|Scizor-Mega, F|268\/331
|
|-weather|Sandstorm|[upkeep]
|-damage|p1a: Latios|58\/302|[from] sandstorm
|turn|5
|
|move|p2a: Scizor|Bullet Punch|p1a: Latios
|-damage|p1a: Latios|0 fnt
|faint|p1a: Latios
|
|-weather|Sandstorm|[upkeep]
|
|switch|p1a: Tyranitar|Tyranitar, F|205\/403
|turn|6
|
|move|p2a: Scizor|U-turn|p1a: Tyranitar
|-supereffective|p1a: Tyranitar
|-damage|p1a: Tyranitar|0 fnt
|faint|p1a: Tyranitar
|
|switch|p2a: Rotom-Wash|Rotom-Wash|241\/241
|
|-weather|Sandstorm|[upkeep]
|-damage|p2a: Rotom-Wash|226\/241|[from] sandstorm
|
|switch|p1a: Kyurem-Black|Kyurem-Black|262\/405
|-ability|p1a: Kyurem-Black|Teravolt
|turn|7
|
|move|p2a: Rotom-Wash|Volt Switch|p1a: Kyurem-Black
|-crit|p1a: Kyurem-Black
|-resisted|p1a: Kyurem-Black
|-damage|p1a: Kyurem-Black|171\/405
|
|switch|p2a: Scizor|Scizor-Mega, F|268\/331
|move|p1a: Kyurem-Black|Substitute|p1a: Kyurem-Black
|-start|p1a: Kyurem-Black|Substitute
|-damage|p1a: Kyurem-Black|70\/405
|
|-weather|Sandstorm|[upkeep]
|-damage|p1a: Kyurem-Black|45\/405|[from] sandstorm
|-heal|p1a: Kyurem-Black|70\/405|[from] item: Leftovers
|turn|8
|
|move|p2a: Scizor|Bullet Punch|p1a: Kyurem-Black
|-supereffective|p1a: Kyurem-Black
|-end|p1a: Kyurem-Black|Substitute
|move|p1a: Kyurem-Black|Fusion Bolt|p2a: Scizor
|-damage|p2a: Scizor|166\/331
|
|-weather|Sandstorm|[upkeep]
|-damage|p1a: Kyurem-Black|45\/405|[from] sandstorm
|-heal|p1a: Kyurem-Black|70\/405|[from] item: Leftovers
|turn|9
|
|move|p2a: Scizor|Bullet Punch|p1a: Kyurem-Black
|-supereffective|p1a: Kyurem-Black
|-damage|p1a: Kyurem-Black|0 fnt
|faint|p1a: Kyurem-Black
|
|-weather|Sandstorm|[upkeep]
|
|switch|p1a: Excadrill|Excadrill, F|361\/361
|-item|p1a: Excadrill|Air Balloon
|turn|10
|
|switch|p2a: Landorus-Therian|Landorus-Therian, M|319\/319
|-ability|p2a: Landorus-Therian|Intimidate|[of] p1a: Excadrill
|-unboost|p1a: Excadrill|atk|1
|move|p1a: Excadrill|Earthquake|p2a: Landorus-Therian
|-immune|p2a: Landorus-Therian|[msg]
|
|-weather|none
|turn|11
|
|move|p2a: Landorus-Therian|U-turn|p1a: Excadrill
|-resisted|p1a: Excadrill
|-damage|p1a: Excadrill|292\/361
|-enditem|p1a: Excadrill|Air Balloon
|
|switch|p2a: Azumarill|Azumarill, M|403\/403
|move|p1a: Excadrill|Iron Head|p2a: Azumarill
|-damage|p2a: Azumarill|262\/403
|
|turn|12
|
|move|p2a: Azumarill|Aqua Jet|p1a: Excadrill
|-supereffective|p1a: Excadrill
|-damage|p1a: Excadrill|10\/361
|move|p1a: Excadrill|Iron Head|p2a: Azumarill
|-crit|p2a: Azumarill
|-damage|p2a: Azumarill|0 fnt
|faint|p2a: Azumarill
|
|
|switch|p2a: Landorus-Therian|Landorus-Therian, M|319\/319
|-ability|p2a: Landorus-Therian|Intimidate|[of] p1a: Excadrill
|-unboost|p1a: Excadrill|atk|1
|turn|13
|
|move|p2a: Landorus-Therian|U-turn|p1a: Excadrill
|-resisted|p1a: Excadrill
|-damage|p1a: Excadrill|0 fnt
|faint|p1a: Excadrill
|
|switch|p2a: Rotom-Wash|Rotom-Wash|226\/241
|
|
|switch|p1a: Pinsir|Pinsir, F|271\/271
|turn|14
|
|move|p2a: Rotom-Wash|Will-O-Wisp|p1a: Pinsir
|-status|p1a: Pinsir|brn
|move|p1a: Pinsir|Close Combat|p2a: Rotom-Wash
|-damage|p2a: Rotom-Wash|163\/241
|-unboost|p1a: Pinsir|def|1
|-unboost|p1a: Pinsir|spd|1
|
|-damage|p1a: Pinsir|238\/271 brn|[from] brn
|turn|15
|
|switch|p2a: Landorus-Therian|Landorus-Therian, M|319\/319
|-ability|p2a: Landorus-Therian|Intimidate|[of] p1a: Pinsir
|-unboost|p1a: Pinsir|atk|1
|move|p1a: Pinsir|Close Combat|p2a: Landorus-Therian
|-resisted|p2a: Landorus-Therian
|-damage|p2a: Landorus-Therian|295\/319
|-unboost|p1a: Pinsir|def|1
|-unboost|p1a: Pinsir|spd|1
|
|-damage|p1a: Pinsir|205\/271 brn|[from] brn
|turn|16
|
|move|p2a: Landorus-Therian|U-turn|p1a: Pinsir
|-damage|p1a: Pinsir|16\/271 brn
|
|switch|p2a: Kyurem-Black|Kyurem-Black|405\/405
|-ability|p2a: Kyurem-Black|Teravolt
|move|p1a: Pinsir|Frustration|p2a: Kyurem-Black
|-damage|p2a: Kyurem-Black|361\/405
|
|-heal|p2a: Kyurem-Black|386\/405|[from] item: Leftovers
|-damage|p1a: Pinsir|0 fnt|[from] brn
|faint|p1a: Pinsir
|
|switch|p1a: Azumarill|Azumarill, M|403\/403
|turn|17
|chat|X TREE|why not mega evolve?
|
|move|p2a: Kyurem-Black|Substitute|p2a: Kyurem-Black
|-start|p2a: Kyurem-Black|Substitute
|-damage|p2a: Kyurem-Black|285\/405
|move|p1a: Azumarill|Waterfall|p2a: Kyurem-Black
|-resisted|p2a: Kyurem-Black
|-activate|p2a: Kyurem-Black|Substitute|[damage]
|
|-heal|p2a: Kyurem-Black|310\/405|[from] item: Leftovers
|turn|18
|
|move|p2a: Kyurem-Black|Fusion Bolt|p1a: Azumarill
|-supereffective|p1a: Azumarill
|-damage|p1a: Azumarill|123\/403
|move|p1a: Azumarill|Knock Off|p2a: Kyurem-Black
|-end|p2a: Kyurem-Black|Substitute
|
|-heal|p2a: Kyurem-Black|335\/405|[from] item: Leftovers
|turn|19
|
|move|p2a: Kyurem-Black|Fusion Bolt|p1a: Azumarill
|-supereffective|p1a: Azumarill
|-damage|p1a: Azumarill|0 fnt
|faint|p1a: Azumarill
|
|win|X TREE
|raw|Ladder updating...
|raw|johnthuh's rating: 1668 &rarr; <strong>1646<\/strong><br \/>(-22 for losing)
|raw|X TREE's rating: 1641 &rarr; <strong>1663<\/strong><br \/>(+22 for winning)
|chat|johnthuh|i forgot
|chat|X TREE|gg
|chat|johnthuh|gg
|leave|johnthuh
|player|p1