|join|X TREE
|join|LT3A Nagari
|player|p1|X TREE|257
|player|p2|LT3A Nagari|161
|gametype|singles
|gen|6
|tier|OU
|rated
|clearpoke
|poke|p1|Kyurem-Black
|poke|p1|Scizor, F
|poke|p1|Azumarill, F
|poke|p1|Landorus-Therian, M
|poke|p1|Infernape, F
|poke|p1|Rotom-Wash
|poke|p2|Rhyperior, F
|poke|p2|Landorus-Therian, M
|poke|p2|Scizor, M, shiny
|poke|p2|Mew
|poke|p2|Heatran, M
|poke|p2|Greninja, M
|rule|Swagger Clause: Swagger is banned
|rule|Baton Pass Clause: Limit one PokÃ©mon knowing Baton Pass
|rule|Sleep Clause Mod: Limit one foe put to sleep
|rule|Species Clause: Limit one of each PokÃ©mon
|rule|OHKO Clause: OHKO moves are banned
|rule|Moody Clause: Moody is banned
|rule|Evasion Moves Clause: Evasion moves are banned
|rule|Endless Battle Clause: Forcing endless battles is banned
|rule|HP Percentage Mod: HP is shown in percentages
|teampreview
|
|start
|switch|p1a: Eddy|Rotom-Wash|241\/241
|switch|p2a: Landorus-Therian|Landorus-Therian, M|320\/320
|-ability|p2a: Landorus-Therian|Intimidate|[of] p1a: Eddy
|-unboost|p1a: Eddy|atk|1
|turn|1
|
|move|p2a: Landorus-Therian|U-turn|p1a: Eddy
|-damage|p1a: Eddy|149\/241
|
|switch|p2a: FUCK U STALL!|Mew|404\/404
|move|p1a: Eddy|Will-O-Wisp|p2a: FUCK U STALL!|[miss]
|-miss|p1a: Eddy|p2a: FUCK U STALL!
|
|turn|2
|
|switch|p1a: Rolf|Infernape, F|293\/293
|move|p2a: FUCK U STALL!|Taunt|p1a: Rolf
|-start|p1a: Rolf|move: Taunt
|
|turn|3
|
|switch|p2a: Landorus-Therian|Landorus-Therian, M|320\/320
|-ability|p2a: Landorus-Therian|Intimidate|[of] p1a: Rolf
|-unboost|p1a: Rolf|atk|1
|move|p1a: Rolf|U-turn|p2a: Landorus-Therian
|-resisted|p2a: Landorus-Therian
|-damage|p2a: Landorus-Therian|298\/320
|
|switch|p1a: Edd|Scizor, F|331\/331
|
|turn|4
|
|detailschange|p1a: Edd|Scizor-Mega, F
|message|Scizor has Mega Evolved into Mega Scizor!
|move|p2a: Landorus-Therian|U-turn|p1a: Edd
|-resisted|p1a: Edd
|-damage|p1a: Edd|297\/331
|
|switch|p2a: Lavaster|Heatran, M|378\/378
|move|p1a: Edd|U-turn|p2a: Lavaster
|-resisted|p2a: Lavaster
|-damage|p2a: Lavaster|342\/378
|
|switch|p1a: Eddy|Rotom-Wash|149\/241
|
|turn|5
|c|âLT3A Nagari|u-turn everywhere
|
|move|p1a: Eddy|Trick|p2a: Lavaster
|-activate|p1a: Eddy|move: Trick|[of] p2a: Lavaster
|-item|p2a: Lavaster|Choice Scarf|[from] move: Trick
|-item|p1a: Eddy|Choice Specs|[from] move: Trick
|move|p2a: Lavaster|Dark Pulse|p1a: Eddy
|-damage|p1a: Eddy|55\/241
|
|turn|6
|c|âX TREE|yup
|
|switch|p1a: Jimmy|Azumarill, F|401\/401
|move|p2a: Lavaster|Dark Pulse|p1a: Jimmy
|-resisted|p1a: Jimmy
|-damage|p1a: Jimmy|361\/401
|
|turn|7
|c|âX TREE|why dark pulse?
|c|âLT3A Nagari|i'm trying it out, 
|c|âLT3A Nagari|also 'cuz i hate mew
|c|âLT3A Nagari|even tho i have one ironically
|
|switch|p2a: FUCK U STALL!|Mew|404\/404
|switch|p1a: Rolf|Infernape, F|293\/293
|
|turn|8
|
|move|p1a: Rolf|Stealth Rock|p2a: FUCK U STALL!
|-sidestart|p2: LT3A Nagari|move: Stealth Rock
|move|p2a: FUCK U STALL!|Will-O-Wisp|p1a: Rolf
|-fail|p1a: Rolf
|
|turn|9
|
|move|p1a: Rolf|Fire Blast|p2a: FUCK U STALL!
|-damage|p2a: FUCK U STALL!|248\/404
|move|p2a: FUCK U STALL!|Will-O-Wisp|p1a: Rolf
|-fail|p1a: Rolf
|
|-heal|p2a: FUCK U STALL!|273\/404|[from] item: Leftovers
|turn|10
|
|move|p1a: Rolf|U-turn|p2a: FUCK U STALL!
|-supereffective|p2a: FUCK U STALL!
|-damage|p2a: FUCK U STALL!|161\/404
|
|switch|p1a: Eddy|Rotom-Wash|55\/241
|move|p2a: FUCK U STALL!|Roost|p2a: FUCK U STALL!
|-heal|p2a: FUCK U STALL!|363\/404
|
|-heal|p2a: FUCK U STALL!|388\/404|[from] item: Leftovers
|turn|11
|
|move|p1a: Eddy|Volt Switch|p2a: FUCK U STALL!
|-damage|p2a: FUCK U STALL!|265\/404
|c|âLT3A Nagari|lag
|
|switch|p1a: Rolf|Infernape, F|293\/293
|move|p2a: FUCK U STALL!|Knock Off|p1a: Rolf
|-resisted|p1a: Rolf
|-damage|p1a: Rolf|238\/293
|-enditem|p1a: Rolf|Flame Plate|[from] move: Knock Off|[of] p2a: FUCK U STALL!
|
|-heal|p2a: FUCK U STALL!|290\/404|[from] item: Leftovers
|turn|12
|
|move|p1a: Rolf|U-turn|p2a: FUCK U STALL!
|-supereffective|p2a: FUCK U STALL!
|-damage|p2a: FUCK U STALL!|170\/404
|
|switch|p1a: Eddy|Rotom-Wash|55\/241
|move|p2a: FUCK U STALL!|Will-O-Wisp|p1a: Eddy
|-status|p1a: Eddy|brn
|
|-heal|p2a: FUCK U STALL!|195\/404|[from] item: Leftovers
|-damage|p1a: Eddy|25\/241 brn|[from] brn
|turn|13
|
|move|p1a: Eddy|Trick|p2a: FUCK U STALL!
|-activate|p1a: Eddy|move: Trick|[of] p2a: FUCK U STALL!
|-item|p2a: FUCK U STALL!|Choice Specs|[from] move: Trick
|-item|p1a: Eddy|Leftovers|[from] move: Trick
|move|p2a: FUCK U STALL!|Roost|p2a: FUCK U STALL!
|-heal|p2a: FUCK U STALL!|397\/404
|
|-heal|p1a: Eddy|40\/241 brn|[from] item: Leftovers
|-damage|p1a: Eddy|10\/241 brn|[from] brn
|turn|14
|c|âLT3A Nagari|shit
|
|switch|p2a: Rhyfight|Rhyperior, F|434\/434
|-damage|p2a: Rhyfight|407\/434|[from] Stealth Rock
|move|p1a: Eddy|Will-O-Wisp|p2a: Rhyfight
|-status|p2a: Rhyfight|brn
|
|-heal|p1a: Eddy|25\/241 brn|[from] item: Leftovers
|-heal|p2a: Rhyfight|434\/434 brn|[from] item: Leftovers
|-damage|p1a: Eddy|0 fnt|[from] brn
|-damage|p2a: Rhyfight|380\/434 brn|[from] brn
|faint|p1a: Eddy
|
|switch|p1a: Edd|Scizor-Mega, F|297\/331
|turn|15
|
|move|p1a: Edd|Bullet Punch|p2a: Rhyfight
|-crit|p2a: Rhyfight
|-supereffective|p2a: Rhyfight
|-damage|p2a: Rhyfight|124\/434 brn
|move|p2a: Rhyfight|Stealth Rock|p1a: Edd
|-sidestart|p1: X TREE|move: Stealth Rock
|
|-heal|p2a: Rhyfight|151\/434 brn|[from] item: Leftovers
|-damage|p2a: Rhyfight|97\/434 brn|[from] brn
|turn|16
|
|move|p1a: Edd|Defog|p2a: Rhyfight
|-unboost|p2a: Rhyfight|evasion|1
|-sideend|p2: LT3A Nagari|Stealth Rock|[from] move: Defog|[of] p2a: Rhyfight
|-sideend|p1: X TREE|Stealth Rock|[from] move: Defog|[of] p1a: Edd
|move|p2a: Rhyfight|Stone Edge|p1a: Edd
|-damage|p1a: Edd|224\/331
|
|-heal|p2a: Rhyfight|124\/434 brn|[from] item: Leftovers
|-damage|p2a: Rhyfight|70\/434 brn|[from] brn
|turn|17
|
|switch|p2a: Landorus-Therian|Landorus-Therian, M|298\/320
|-ability|p2a: Landorus-Therian|Intimidate|[of] p1a: Edd
|-unboost|p1a: Edd|atk|1
|move|p1a: Edd|U-turn|p2a: Landorus-Therian
|-resisted|p2a: Landorus-Therian
|-damage|p2a: Landorus-Therian|241\/320
|
|switch|p1a: Ed|Landorus-Therian, M|319\/319
|-ability|p1a: Ed|Intimidate|[of] p2a: Landorus-Therian
|-unboost|p2a: Landorus-Therian|atk|1
|
|turn|18
|
|switch|p2a: Greninja|Greninja, M|286\/286
|move|p1a: Ed|U-turn|p2a: Greninja
|-supereffective|p2a: Greninja
|-damage|p2a: Greninja|40\/286
|
|switch|p1a: Edd|Scizor-Mega, F|224\/331
|
|turn|19
|
|move|p1a: Edd|Bullet Punch|p2a: Greninja
|-resisted|p2a: Greninja
|-damage|p2a: Greninja|0 fnt
|faint|p2a: Greninja
|
|
|switch|p2a: FUCK U STALL!|Mew|397\/404
|turn|20
|
|switch|p2a: Landorus-Therian|Landorus-Therian, M|241\/320
|-ability|p2a: Landorus-Therian|Intimidate|[of] p1a: Edd
|-unboost|p1a: Edd|atk|1
|switch|p1a: Rolf|Infernape, F|238\/293
|
|turn|21
|
|switch|p1a: Ed|Landorus-Therian, M|319\/319
|-ability|p1a: Ed|Intimidate|[of] p2a: Landorus-Therian
|-unboost|p2a: Landorus-Therian|atk|1
|move|p2a: Landorus-Therian|U-turn|p1a: Ed
|-resisted|p1a: Ed
|-damage|p1a: Ed|286\/319
|
|switch|p2a: FUCK U STALL!|Mew|397\/404
|
|turn|22
|
|move|p1a: Ed|U-turn|p2a: FUCK U STALL!
|-supereffective|p2a: FUCK U STALL!
|-damage|p2a: FUCK U STALL!|227\/404
|
|switch|p1a: Rolf|Infernape, F|238\/293
|move|p2a: FUCK U STALL!|Knock Off|p1a: Rolf
|-crit|p1a: Rolf
|-resisted|p1a: Rolf
|-damage|p1a: Rolf|187\/293
|
|turn|23
|
|switch|p2a: Lavaster|Heatran, M|342\/378
|move|p1a: Rolf|U-turn|p2a: Lavaster
|-resisted|p2a: Lavaster
|-damage|p2a: Lavaster|330\/378
|
|switch|p1a: Jimmy|Azumarill, F|361\/401
|
|turn|24
|
|switch|p2a: B PUNCH!!!|Scizor, M, shiny|281\/281
|move|p1a: Jimmy|Waterfall|p2a: B PUNCH!!!
|-damage|p2a: B PUNCH!!!|140\/281
|
|turn|25
|
|detailschange|p2a: B PUNCH!!!|Scizor-Mega, M, shiny
|message|Scizor has Mega Evolved into Mega Scizor!
|move|p2a: B PUNCH!!!|Roost|p2a: B PUNCH!!!
|-heal|p2a: B PUNCH!!!|281\/281
|move|p1a: Jimmy|Waterfall|p2a: B PUNCH!!!
|-damage|p2a: B PUNCH!!!|169\/281
|
|turn|26
|
|switch|p1a: Ed|Landorus-Therian, M|286\/319
|-ability|p1a: Ed|Intimidate|[of] p2a: B PUNCH!!!
|-unboost|p2a: B PUNCH!!!|atk|1
|move|p2a: B PUNCH!!!|Swords Dance|p2a: B PUNCH!!!
|-boost|p2a: B PUNCH!!!|atk|2
|
|turn|27
|
|move|p1a: Ed|U-turn|p2a: B PUNCH!!!
|-crit|p2a: B PUNCH!!!
|-resisted|p2a: B PUNCH!!!
|-damage|p2a: B PUNCH!!!|127\/281
|
|switch|p1a: Rolf|Infernape, F|187\/293
|move|p2a: B PUNCH!!!|Roost|p2a: B PUNCH!!!
|-heal|p2a: B PUNCH!!!|268\/281
|
|turn|28
|
|move|p2a: B PUNCH!!!|Bullet Punch|p1a: Rolf
|-resisted|p1a: Rolf
|-damage|p1a: Rolf|67\/293
|move|p1a: Rolf|Fire Blast|p2a: B PUNCH!!!
|-supereffective|p2a: B PUNCH!!!
|-damage|p2a: B PUNCH!!!|0 fnt
|faint|p2a: B PUNCH!!!
|
|
|switch|p2a: Landorus-Therian|Landorus-Therian, M|241\/320
|-ability|p2a: Landorus-Therian|Intimidate|[of] p1a: Rolf
|-unboost|p1a: Rolf|atk|1
|turn|29
|
|switch|p1a: Edd|Scizor-Mega, F|224\/331
|move|p2a: Landorus-Therian|U-turn|p1a: Edd
|-resisted|p1a: Edd
|-damage|p1a: Edd|192\/331
|
|switch|p2a: Lavaster|Heatran, M|330\/378
|
|turn|30
|
|switch|p1a: Jimmy|Azumarill, F|361\/401
|move|p2a: Lavaster|Fire Blast|p1a: Jimmy|[miss]
|-miss|p2a: Lavaster|p1a: Jimmy
|
|turn|31
|
|switch|p2a: FUCK U STALL!|Mew|227\/404
|move|p1a: Jimmy|Waterfall|p2a: FUCK U STALL!
|-crit|p2a: FUCK U STALL!
|-damage|p2a: FUCK U STALL!|0 fnt
|faint|p2a: FUCK U STALL!
|
|-message|LT3A Nagari forfeited.
|
|win|X TREE
|raw|Ladder updating...
|raw|X TREE's rating: 1680 &rarr; <strong>1700<\/strong><br \/>(+20 for winning)
|raw|LT3A Nagari's rating: 1687 &rarr; <strong>1667<\/strong><br \/>(-20 for losing)
|leave|LT3A Nagari
|player|p2