|join|Raunak5
|join|X TREE
|player|p1|Raunak5|170
|player|p2|X TREE|101
|gametype|singles
|gen|6
|tier|OU
|rated
|clearpoke
|poke|p1|Greninja, M
|poke|p1|Excadrill, F
|poke|p1|Latios, M
|poke|p1|Tyranitar, F
|poke|p1|Gyarados, M
|poke|p1|Thundurus, M
|poke|p2|Landorus-Therian, M
|poke|p2|Scizor, M
|poke|p2|Rotom-Wash
|poke|p2|Azumarill, M
|poke|p2|Kyurem-Black
|poke|p2|Infernape, F
|rule|Swagger Clause: Swagger is banned
|rule|Baton Pass Clause: Limit one PokÃ©mon knowing Baton Pass
|rule|Sleep Clause Mod: Limit one foe put to sleep
|rule|Species Clause: Limit one of each PokÃ©mon
|rule|OHKO Clause: OHKO moves are banned
|rule|Moody Clause: Moody is banned
|rule|Evasion Moves Clause: Evasion moves are banned
|rule|Endless Battle Clause: Forcing endless battles is banned
|rule|HP Percentage Mod: HP is reported as percentages
|teampreview
|
|start
|switch|p1a: Gyarados|Gyarados, M|331\/331
|switch|p2a: Rotom-Wash|Rotom-Wash|241\/241
|-ability|p1a: Gyarados|Intimidate|[of] p2a: Rotom-Wash
|-unboost|p2a: Rotom-Wash|atk|1
|turn|1
|
|switch|p1a: Tyranitar|Tyranitar, F|404\/404
|-weather|Sandstorm
|move|p2a: Rotom-Wash|Volt Switch|p1a: Tyranitar
|-damage|p1a: Tyranitar|334\/404
|
|switch|p2a: Landorus-Therian|Landorus-Therian, M|319\/319
|-ability|p2a: Landorus-Therian|Intimidate|[of] p1a: Tyranitar
|-unboost|p1a: Tyranitar|atk|1
|
|-weather|Sandstorm|[upkeep]
|turn|2
|
|move|p2a: Landorus-Therian|U-turn|p1a: Tyranitar
|-supereffective|p1a: Tyranitar
|-damage|p1a: Tyranitar|168\/404
|
|switch|p2a: Scizor|Scizor, M|331\/331
|move|p1a: Tyranitar|Ice Punch|p2a: Scizor
|-resisted|p2a: Scizor
|-damage|p2a: Scizor|299\/331
|
|-weather|Sandstorm|[upkeep]
|turn|3
|
|detailschange|p2a: Scizor|Scizor-Mega, M
|message|Scizor has Mega Evolved into Mega Scizor!
|move|p2a: Scizor|U-turn|p1a: Tyranitar
|-supereffective|p1a: Tyranitar
|-damage|p1a: Tyranitar|0 fnt
|faint|p1a: Tyranitar
|
|switch|p2a: Rotom-Wash|Rotom-Wash|241\/241
|
|-weather|Sandstorm|[upkeep]
|-damage|p2a: Rotom-Wash|226\/241|[from] sandstorm
|
|switch|p1a: Gyarados|Gyarados, M|331\/331
|-ability|p1a: Gyarados|Intimidate|[of] p2a: Rotom-Wash
|-unboost|p2a: Rotom-Wash|atk|1
|turn|4
|
|detailschange|p1a: Gyarados|Gyarados-Mega, M
|message|Gyarados has Mega Evolved into Mega Gyarados!
|-ability|p1a: Gyarados|Mold Breaker
|move|p2a: Rotom-Wash|Volt Switch|p1a: Gyarados
|-supereffective|p1a: Gyarados
|-damage|p1a: Gyarados|173\/331
|
|switch|p2a: Landorus-Therian|Landorus-Therian, M|319\/319
|-ability|p2a: Landorus-Therian|Intimidate|[of] p1a: Gyarados
|-unboost|p1a: Gyarados|atk|1
|move|p1a: Gyarados|Dragon Dance|p1a: Gyarados
|-boost|p1a: Gyarados|atk|1
|-boost|p1a: Gyarados|spe|1
|
|-weather|Sandstorm|[upkeep]
|-damage|p1a: Gyarados|153\/331|[from] sandstorm
|turn|5
|
|move|p2a: Landorus-Therian|U-turn|p1a: Gyarados
|-supereffective|p1a: Gyarados
|-damage|p1a: Gyarados|0 fnt
|faint|p1a: Gyarados
|-message|Raunak5 forfeited.
|leave|Raunak5
|
|win|X TREE
|raw|Ladder updating...
|raw|Raunak5's rating: 1603 &rarr; <strong>1584<\/strong><br \/>(-19 for losing)
|raw|X TREE's rating: 1622 &rarr; <strong>1641<\/strong><br \/>(+19 for winning)
|player|p1
|
|switch|p2a: Rotom-Wash|Rotom-Wash|226\/241