|join|X TREE
|join|javierdude
|player|p1|X TREE|169
|player|p2|javierdude|293
|gametype|singles
|gen|6
|tier|OU
|rated
|clearpoke
|poke|p1|Jirachi
|poke|p1|Celebi
|poke|p1|Hydreigon, F
|poke|p1|Raikou
|poke|p1|Crobat, M
|poke|p1|Lucario, M
|poke|p2|Mawile, F
|poke|p2|Landorus-Therian, M
|poke|p2|Heatran, F
|poke|p2|Latios, M
|poke|p2|Keldeo
|poke|p2|Conkeldurr, M
|rule|Swagger Clause: Swagger is banned
|rule|Baton Pass Clause: Limit one PokÃ©mon knowing Baton Pass
|rule|Sleep Clause Mod: Limit one foe put to sleep
|rule|Species Clause: Limit one of each PokÃ©mon
|rule|OHKO Clause: OHKO moves are banned
|rule|Moody Clause: Moody is banned
|rule|Evasion Moves Clause: Evasion moves are banned
|rule|Endless Battle Clause: Forcing endless battles is banned
|rule|HP Percentage Mod: HP is shown in percentages
|teampreview
|chat|javierdude|Oh damn
|chat|javierdude|Dat team 
|chat|X TREE|wrong team
|chat|javierdude|ah ok
|chat|X TREE|it's k
|
|start
|switch|p1a: Jirachi|Jirachi|403\/403
|switch|p2a: Landorus-Therian|Landorus-Therian, M|382\/382
|-ability|p2a: Landorus-Therian|Intimidate|[of] p1a: Jirachi
|-unboost|p1a: Jirachi|atk|1
|turn|1
|
|switch|p1a: Hydreigon|Hydreigon, F|335\/335
|move|p2a: Landorus-Therian|Earthquake|p1a: Hydreigon
|-immune|p1a: Hydreigon|[msg]
|
|turn|2
|chat|javierdude|I thought you wouldn't switch since you be faster... then again.... you be intimidated
|
|switch|p2a: Heatran|Heatran, F|386\/386
|-item|p2a: Heatran|Air Balloon
|move|p1a: Hydreigon|U-turn|p2a: Heatran
|-resisted|p2a: Heatran
|-damage|p2a: Heatran|375\/386
|-enditem|p2a: Heatran|Air Balloon
|
|switch|p1a: Raikou|Raikou|321\/321
|-ability|p1a: Raikou|Pressure
|
|turn|3
|
|move|p1a: Raikou|Volt Switch|p2a: Heatran
|-damage|p2a: Heatran|276\/386
|
|switch|p1a: Hydreigon|Hydreigon, F|335\/335
|move|p2a: Heatran|Stealth Rock|p1a: Hydreigon
|-sidestart|p1: X TREE|move: Stealth Rock
|
|turn|4
|
|move|p1a: Hydreigon|Dark Pulse|p2a: Heatran
|-damage|p2a: Heatran|159\/386
|move|p2a: Heatran|Flash Cannon|p1a: Hydreigon
|-damage|p1a: Hydreigon|244\/335
|-unboost|p1a: Hydreigon|spd|1
|
|turn|5
|
|switch|p2a: Keldeo|Keldeo|324\/324
|move|p1a: Hydreigon|U-turn|p2a: Keldeo
|-resisted|p2a: Keldeo
|-damage|p2a: Keldeo|294\/324
|
|switch|p1a: Celebi|Celebi|403\/403
|-damage|p1a: Celebi|353\/403|[from] Stealth Rock
|
|-heal|p1a: Celebi|378\/403|[from] item: Leftovers
|turn|6
|
|move|p2a: Keldeo|Icy Wind|p1a: Celebi
|-supereffective|p1a: Celebi
|-damage|p1a: Celebi|246\/403
|-unboost|p1a: Celebi|spe|1
|move|p1a: Celebi|Leech Seed|p2a: Keldeo
|-start|p2a: Keldeo|move: Leech Seed
|
|-heal|p1a: Celebi|271\/403|[from] item: Leftovers
|-damage|p2a: Keldeo|254\/324|[from] Leech Seed|[of] p1a: Celebi
|-heal|p1a: Celebi|311\/403|[silent]
|turn|7
|
|switch|p2a: Latios|Latios, M|302\/302
|move|p1a: Celebi|U-turn|p2a: Latios
|-supereffective|p2a: Latios
|-damage|p2a: Latios|158\/302
|
|switch|p1a: Crobat|Crobat, M|353\/353
|-damage|p1a: Crobat|265\/353|[from] Stealth Rock
|
|-heal|p1a: Crobat|287\/353|[from] item: Black Sludge
|turn|8
|
|switch|p2a: Mawile|Mawile, F|304\/304
|-ability|p2a: Mawile|Intimidate|[of] p1a: Crobat
|-unboost|p1a: Crobat|atk|1
|move|p1a: Crobat|U-turn|p2a: Mawile
|-resisted|p2a: Mawile
|-damage|p2a: Mawile|293\/304
|
|switch|p1a: Raikou|Raikou|321\/321
|-damage|p1a: Raikou|281\/321|[from] Stealth Rock
|-ability|p1a: Raikou|Pressure
|
|turn|9
|
|detailschange|p2a: Mawile|Mawile-Mega, F
|message|Mawile has Mega Evolved into Mega Mawile!
|move|p1a: Raikou|Volt Switch|p2a: Mawile
|-damage|p2a: Mawile|166\/304
|
|switch|p1a: Jirachi|Jirachi|403\/403
|-damage|p1a: Jirachi|378\/403|[from] Stealth Rock
|move|p2a: Mawile|Iron Head|p1a: Jirachi
|-resisted|p1a: Jirachi
|-damage|p1a: Jirachi|220\/403
|
|-heal|p1a: Jirachi|245\/403|[from] item: Leftovers
|turn|10
|
|switch|p2a: Conkeldurr|Conkeldurr, M|414\/414
|move|p1a: Jirachi|Doom Desire|p2a: Conkeldurr
|-start|p1a: Jirachi|Doom Desire
|
|-heal|p1a: Jirachi|270\/403|[from] item: Leftovers
|turn|11
|chat|javierdude|Oh god
|
|move|p1a: Jirachi|U-turn|p2a: Conkeldurr
|-resisted|p2a: Conkeldurr
|-damage|p2a: Conkeldurr|384\/414
|chat|X TREE|this is a gimmick team lol
|
|switch|p1a: Lucario|Lucario, M|281\/281
|-damage|p1a: Lucario|273\/281|[from] Stealth Rock
|move|p2a: Conkeldurr|Knock Off|p1a: Lucario
|-resisted|p1a: Lucario
|-damage|p1a: Lucario|188\/281
|-boost|p1a: Lucario|atk|1|[from] ability: Justified
|-enditem|p1a: Lucario|Life Orb|[from] move: Knock Off|[of] p2a: Conkeldurr
|
|turn|12
|
|move|p2a: Conkeldurr|Mach Punch|p1a: Lucario
|-supereffective|p1a: Lucario
|-damage|p1a: Lucario|0 fnt
|faint|p1a: Lucario
|
|-message|Doom Desire hit! (placeholder)
|-damage|p2a: Conkeldurr|218\/414
|
|switch|p1a: Celebi|Celebi|311\/403
|-damage|p1a: Celebi|261\/403|[from] Stealth Rock
|turn|13
|chat|javierdude|Oh are you life orb or somethhing?
|chat|X TREE|yeah lucario was life orb
|chat|javierdude|I mean jirachi
|chat|X TREE|no
|chat|X TREE|it was lefties
|chat|javierdude|then that damage calc be off a bit
|
|move|p1a: Celebi|Psychic|p2a: Conkeldurr
|-supereffective|p2a: Conkeldurr
|-damage|p2a: Conkeldurr|30\/414
|move|p2a: Conkeldurr|Knock Off|p1a: Celebi
|-supereffective|p1a: Celebi
|-damage|p1a: Celebi|0 fnt
|-enditem|p1a: Celebi|Leftovers|[from] move: Knock Off|[of] p2a: Conkeldurr
|faint|p1a: Celebi
|
|
|switch|p1a: Crobat|Crobat, M|287\/353
|-damage|p1a: Crobat|199\/353|[from] Stealth Rock
|turn|14
|
|move|p2a: Conkeldurr|Mach Punch|p1a: Crobat
|-resisted|p1a: Crobat
|-damage|p1a: Crobat|174\/353
|move|p1a: Crobat|Brave Bird|p2a: Conkeldurr
|-supereffective|p2a: Conkeldurr
|-damage|p2a: Conkeldurr|0 fnt
|-damage|p1a: Crobat|164\/353|[from] recoil|[of] p2a: Conkeldurr
|faint|p2a: Conkeldurr
|
|-heal|p1a: Crobat|186\/353|[from] item: Black Sludge
|
|switch|p2a: Heatran|Heatran, F|159\/386
|turn|15
|
|move|p1a: Crobat|Defog|p2a: Heatran
|-unboost|p2a: Heatran|evasion|1
|-sideend|p1: X TREE|Stealth Rock|[from] move: Defog|[of] p1a: Crobat
|move|p2a: Heatran|Lava Plume|p1a: Crobat
|-damage|p1a: Crobat|47\/353
|
|-heal|p1a: Crobat|69\/353|[from] item: Black Sludge
|turn|16
|
|move|p1a: Crobat|U-turn|p2a: Heatran
|-resisted|p2a: Heatran
|-damage|p2a: Heatran|146\/386
|
|switch|p1a: Hydreigon|Hydreigon, F|244\/335
|move|p2a: Heatran|Lava Plume|p1a: Hydreigon
|-resisted|p1a: Hydreigon
|-damage|p1a: Hydreigon|196\/335
|
|turn|17
|
|move|p1a: Hydreigon|Dark Pulse|p2a: Heatran
|-damage|p2a: Heatran|31\/386
|cant|p2a: Heatran|flinch
|
|turn|18
|chat|javierdude|Oh
|chat|javierdude|phew
|chat|javierdude|It didn't matter
|
|move|p1a: Hydreigon|Dark Pulse|p2a: Heatran
|-damage|p2a: Heatran|0 fnt
|faint|p2a: Heatran
|
|chat|X TREE|what didn't matter?
|
|switch|p2a: Keldeo|Keldeo|254\/324
|turn|19
|chat|javierdude|I went for earth power predicting a u turn
|
|switch|p1a: Jirachi|Jirachi|270\/403
|move|p2a: Keldeo|Secret Sword|p1a: Jirachi
|-damage|p1a: Jirachi|101\/403
|
|-heal|p1a: Jirachi|126\/403|[from] item: Leftovers
|turn|20
|
|move|p2a: Keldeo|Hydro Pump|p1a: Jirachi
|-damage|p1a: Jirachi|0 fnt
|faint|p1a: Jirachi
|
|
|switch|p1a: Crobat|Crobat, M|69\/353
|turn|21
|
|switch|p2a: Landorus-Therian|Landorus-Therian, M|382\/382
|-ability|p2a: Landorus-Therian|Intimidate|[of] p1a: Crobat
|-unboost|p1a: Crobat|atk|1
|move|p1a: Crobat|Brave Bird|p2a: Landorus-Therian
|-damage|p2a: Landorus-Therian|273\/382
|-damage|p1a: Crobat|33\/353|[from] recoil|[of] p2a: Landorus-Therian
|
|-heal|p1a: Crobat|55\/353|[from] item: Black Sludge
|-heal|p2a: Landorus-Therian|296\/382|[from] item: Leftovers
|turn|22
|
|move|p1a: Crobat|U-turn|p2a: Landorus-Therian
|-resisted|p2a: Landorus-Therian
|-damage|p2a: Landorus-Therian|275\/382
|
|switch|p1a: Raikou|Raikou|281\/321
|-ability|p1a: Raikou|Pressure
|move|p2a: Landorus-Therian|Knock Off|p1a: Raikou
|-damage|p1a: Raikou|110\/321
|-enditem|p1a: Raikou|Choice Scarf|[from] move: Knock Off|[of] p2a: Landorus-Therian
|
|-heal|p2a: Landorus-Therian|298\/382|[from] item: Leftovers
|turn|23
|
|switch|p2a: Latios|Latios, M|158\/302
|move|p1a: Raikou|Hidden Power|p2a: Latios
|-supereffective|p2a: Latios
|-damage|p2a: Latios|20\/302
|
|turn|24
|
|switch|p1a: Hydreigon|Hydreigon, F|196\/335
|move|p2a: Latios|Psychic|p1a: Hydreigon
|-immune|p1a: Hydreigon|[msg]
|
|turn|25
|
|move|p2a: Latios|Draco Meteor|p1a: Hydreigon
|-supereffective|p1a: Hydreigon
|-damage|p1a: Hydreigon|0 fnt
|-unboost|p2a: Latios|spa|2
|-damage|p2a: Latios|0 fnt|[from] item: Life Orb
|faint|p1a: Hydreigon
|faint|p2a: Latios
|
|
|switch|p1a: Raikou|Raikou|110\/321
|switch|p2a: Mawile|Mawile-Mega, F|166\/304
|-ability|p1a: Raikou|Pressure
|turn|26
|
|move|p2a: Mawile|Sucker Punch|p1a: Raikou
|-damage|p1a: Raikou|0 fnt
|faint|p1a: Raikou
|
|
|switch|p1a: Crobat|Crobat, M|55\/353
|turn|27
|chat|X TREE|gg
|chat|javierdude|gg
|
|move|p2a: Mawile|Sucker Punch|p1a: Crobat
|-fail|p1a: Crobat
|move|p1a: Crobat|Roost|p1a: Crobat
|-heal|p1a: Crobat|232\/353
|
|-heal|p1a: Crobat|254\/353|[from] item: Black Sludge
|turn|28
|
|switch|p2a: Landorus-Therian|Landorus-Therian, M|298\/382
|-ability|p2a: Landorus-Therian|Intimidate|[of] p1a: Crobat
|-unboost|p1a: Crobat|atk|1
|move|p1a: Crobat|Brave Bird|p2a: Landorus-Therian
|-damage|p2a: Landorus-Therian|193\/382
|-damage|p1a: Crobat|219\/353|[from] recoil|[of] p2a: Landorus-Therian
|
|-heal|p1a: Crobat|241\/353|[from] item: Black Sludge
|-heal|p2a: Landorus-Therian|216\/382|[from] item: Leftovers
|turn|29
|
|move|p1a: Crobat|Brave Bird|p2a: Landorus-Therian
|-damage|p2a: Landorus-Therian|105\/382
|-damage|p1a: Crobat|204\/353|[from] recoil|[of] p2a: Landorus-Therian
|move|p2a: Landorus-Therian|Stone Edge|p1a: Crobat
|-supereffective|p1a: Crobat
|-damage|p1a: Crobat|0 fnt
|faint|p1a: Crobat
|
|win|javierdude
|raw|Ladder updating...
|raw|X TREE's rating: 1697 &rarr; <strong>1674<\/strong><br \/>(-23 for losing)
|raw|javierdude's rating: 1630 &rarr; <strong>1654<\/strong><br \/>(+24 for winning)