|join|X TREE
|join|Falchion12
|player|p1|X TREE|265
|player|p2|Falchion12|269
|gametype|singles
|gen|6
|tier|OU
|rated
|clearpoke
|poke|p1|Altaria, F
|poke|p1|Chesnaught, F
|poke|p1|Starmie
|poke|p1|Volcarona, M
|poke|p1|Chansey, F
|poke|p1|Hippowdon, M
|poke|p2|Thundurus, M
|poke|p2|Espeon, F
|poke|p2|Smeargle, M
|poke|p2|Gothitelle, F
|poke|p2|Azelf
|poke|p2|Whimsicott, F, shiny
|rule|Swagger Clause: Swagger is banned
|rule|Baton Pass Clause: Limit one PokÃ©mon knowing Baton Pass
|rule|Sleep Clause Mod: Limit one foe put to sleep
|rule|Species Clause: Limit one of each PokÃ©mon
|rule|OHKO Clause: OHKO moves are banned
|rule|Moody Clause: Moody is banned
|rule|Evasion Moves Clause: Evasion moves are banned
|rule|Endless Battle Clause: Forcing endless battles is banned
|rule|HP Percentage Mod: HP is shown in percentages
|teampreview
|
|start
|switch|p1a: Volcarona|Volcarona, M|373\/373
|switch|p2a: Thundurus|Thundurus, M|300\/300
|turn|1
|
|move|p2a: Thundurus|Taunt|p1a: Volcarona
|-start|p1a: Volcarona|move: Taunt
|cant|p1a: Volcarona|move: Taunt|Quiver Dance
|
|turn|2
|
|switch|p1a: Hippowdon|Hippowdon, M|419\/419
|-weather|Sandstorm
|move|p2a: Thundurus|Thunderbolt|p1a: Hippowdon
|-immune|p1a: Hippowdon|[msg]
|
|-weather|Sandstorm|[upkeep]
|-damage|p2a: Thundurus|282\/300|[from] sandstorm
|turn|3
|
|switch|p1a: Volcarona|Volcarona, M|373\/373
|move|p2a: Thundurus|Taunt|p1a: Volcarona
|-start|p1a: Volcarona|move: Taunt
|
|-weather|Sandstorm|[upkeep]
|-damage|p2a: Thundurus|264\/300|[from] sandstorm
|-damage|p1a: Volcarona|350\/373|[from] sandstorm
|-heal|p1a: Volcarona|373\/373|[from] item: Leftovers
|turn|4
|
|move|p2a: Thundurus|Thunder Wave|p1a: Volcarona
|-status|p1a: Volcarona|par
|cant|p1a: Volcarona|par
|
|-weather|Sandstorm|[upkeep]
|-damage|p2a: Thundurus|246\/300|[from] sandstorm
|-damage|p1a: Volcarona|350\/373 par|[from] sandstorm
|-heal|p1a: Volcarona|373\/373 par|[from] item: Leftovers
|turn|5
|
|move|p2a: Thundurus|Thunderbolt|p1a: Volcarona
|-damage|p1a: Volcarona|235\/373 par
|move|p1a: Volcarona|Fiery Dance|p2a: Thundurus
|-damage|p2a: Thundurus|108\/300
|
|-weather|Sandstorm|[upkeep]
|-damage|p2a: Thundurus|90\/300|[from] sandstorm
|-damage|p1a: Volcarona|212\/373 par|[from] sandstorm
|-heal|p1a: Volcarona|235\/373 par|[from] item: Leftovers
|turn|6
|
|switch|p1a: Chansey|Chansey, F|641\/641
|move|p2a: Thundurus|Thunderbolt|p1a: Chansey
|-damage|p1a: Chansey|554\/641
|
|-weather|none
|turn|7
|
|move|p2a: Thundurus|Taunt|p1a: Chansey
|-start|p1a: Chansey|move: Taunt
|move|p1a: Chansey|Seismic Toss|p2a: Thundurus
|-damage|p2a: Thundurus|0 fnt
|faint|p2a: Thundurus
|
|
|switch|p2a: Azelf|Azelf|354\/354
|turn|8
|
|switch|p1a: Starmie|Starmie|323\/323
|move|p2a: Azelf|Light Screen|p2a: Azelf
|-sidestart|p2: Falchion12|move: Light Screen
|
|turn|9
|
|move|p2a: Azelf|Reflect|p2a: Azelf
|-sidestart|p2: Falchion12|Reflect
|move|p1a: Starmie|Scald|p2a: Azelf
|-damage|p2a: Azelf|290\/354
|
|turn|10
|
|switch|p1a: Chesnaught|Chesnaught, F|379\/379
|move|p2a: Azelf|Explosion|p1a: Chesnaught
|-damage|p1a: Chesnaught|261\/379
|faint|p2a: Azelf
|
|-heal|p1a: Chesnaught|284\/379|[from] item: Leftovers
|
|switch|p2a: Whimsicott|Whimsicott, F, shiny|324\/324
|turn|11
|
|move|p1a: Chesnaught|Spiky Shield|p1a: Chesnaught
|-singleturn|p1a: Chesnaught|move: Protect
|move|p2a: Whimsicott|Tailwind|p2a: Whimsicott
|-sidestart|p2: Falchion12|move: Tailwind
|
|-heal|p1a: Chesnaught|307\/379|[from] item: Leftovers
|turn|12
|
|switch|p1a: Chansey|Chansey, F|554\/641
|move|p2a: Whimsicott|Memento|p1a: Chansey
|-unboost|p1a: Chansey|atk|2
|-unboost|p1a: Chansey|spa|2
|faint|p2a: Whimsicott
|
|
|switch|p2a: Smeargle|Smeargle, M|273\/273
|turn|13
|
|switch|p1a: Volcarona|Volcarona, M|235\/373 par
|move|p2a: Smeargle|Geomancy|p2a: Smeargle|[still]
|-prepare|p2a: Smeargle|Geomancy|p2a: Smeargle
|-enditem|p2a: Smeargle|Power Herb
|-anim|p2a: Smeargle|Geomancy|p2a: Smeargle
|-boost|p2a: Smeargle|spa|2
|-boost|p2a: Smeargle|spd|2
|-boost|p2a: Smeargle|spe|2
|
|-heal|p1a: Volcarona|258\/373 par|[from] item: Leftovers
|turn|14
|
|move|p2a: Smeargle|Cotton Guard|p2a: Smeargle
|-boost|p2a: Smeargle|def|3
|move|p1a: Volcarona|Quiver Dance|p1a: Volcarona
|-boost|p1a: Volcarona|spa|1
|-boost|p1a: Volcarona|spd|1
|-boost|p1a: Volcarona|spe|1
|
|-heal|p1a: Volcarona|281\/373 par|[from] item: Leftovers
|-sideend|p2: Falchion12|move: Tailwind
|turn|15
|
|move|p2a: Smeargle|Baton Pass|p2a: Smeargle
|
|switch|p2a: Espeon|Espeon, F|321\/321
|move|p1a: Volcarona|Quiver Dance|p1a: Volcarona
|-boost|p1a: Volcarona|spa|1
|-boost|p1a: Volcarona|spd|1
|-boost|p1a: Volcarona|spe|1
|
|-heal|p1a: Volcarona|304\/373 par|[from] item: Leftovers
|-sideend|p2: Falchion12|move: Light Screen
|turn|16
|
|move|p2a: Espeon|Stored Power|p1a: Volcarona
|-damage|p1a: Volcarona|6\/373 par
|move|p1a: Volcarona|Bug Buzz|p2a: Espeon
|-supereffective|p2a: Espeon
|-damage|p2a: Espeon|49\/321
|
|-heal|p2a: Espeon|69\/321|[from] item: Leftovers
|-heal|p1a: Volcarona|29\/373 par|[from] item: Leftovers
|-sideend|p2: Falchion12|Reflect
|turn|17
|
|switch|p1a: Hippowdon|Hippowdon, M|419\/419
|-weather|Sandstorm
|move|p2a: Espeon|Stored Power|p1a: Hippowdon
|-damage|p1a: Hippowdon|0 fnt
|faint|p1a: Hippowdon
|
|-weather|Sandstorm|[upkeep]
|-damage|p2a: Espeon|49\/321|[from] sandstorm
|-heal|p2a: Espeon|69\/321|[from] item: Leftovers
|
|switch|p1a: Chansey|Chansey, F|554\/641
|turn|18
|
|move|p2a: Espeon|Morning Sun|p2a: Espeon
|-heal|p2a: Espeon|149\/321
|move|p1a: Chansey|Seismic Toss|p2a: Espeon
|-damage|p2a: Espeon|49\/321
|
|-weather|Sandstorm|[upkeep]
|-damage|p2a: Espeon|29\/321|[from] sandstorm
|-damage|p1a: Chansey|514\/641|[from] sandstorm
|-heal|p2a: Espeon|49\/321|[from] item: Leftovers
|turn|19
|c|âX TREE|yay i know what im doing
|
|move|p2a: Espeon|Morning Sun|p2a: Espeon
|-heal|p2a: Espeon|129\/321
|move|p1a: Chansey|Seismic Toss|p2a: Espeon
|-damage|p2a: Espeon|29\/321
|
|-weather|Sandstorm|[upkeep]
|-damage|p2a: Espeon|9\/321|[from] sandstorm
|-damage|p1a: Chansey|474\/641|[from] sandstorm
|-heal|p2a: Espeon|29\/321|[from] item: Leftovers
|turn|20
|
|move|p2a: Espeon|Stored Power|p1a: Chansey
|-damage|p1a: Chansey|200\/641
|move|p1a: Chansey|Seismic Toss|p2a: Espeon
|-damage|p2a: Espeon|0 fnt
|faint|p2a: Espeon
|
|-weather|Sandstorm|[upkeep]
|-damage|p1a: Chansey|160\/641|[from] sandstorm
|-message|Falchion12 forfeited.
|leave|Falchion12
|
|win|X TREE
|raw|Ladder updating...
|player|p2
|raw|X TREE's rating: 1566 &rarr; <strong>1589<\/strong><br \/>(+23 for winning)
|raw|Falchion12's rating: 1612 &rarr; <strong>1589<\/strong><br \/>(-23 for losing)