|join|X TREE
|join|Kaxo
|player|p1|X TREE|257
|player|p2|Kaxo|2
|gametype|singles
|gen|6
|tier|OU
|rated
|clearpoke
|poke|p1|Altaria, F, shiny
|poke|p1|Chesnaught, F, shiny
|poke|p1|Starmie, shiny
|poke|p1|Volcarona, M, shiny
|poke|p1|Chansey, F, shiny
|poke|p1|Hippowdon, M, shiny
|poke|p2|Heatran, M
|poke|p2|Altaria, F
|poke|p2|Rotom-Wash
|poke|p2|Talonflame, M
|poke|p2|Conkeldurr, M
|poke|p2|Donphan, M
|rule|Swagger Clause: Swagger is banned
|rule|Baton Pass Clause: Limit one PokÃ©mon knowing Baton Pass
|rule|Sleep Clause Mod: Limit one foe put to sleep
|rule|Species Clause: Limit one of each PokÃ©mon
|rule|OHKO Clause: OHKO moves are banned
|rule|Moody Clause: Moody is banned
|rule|Evasion Moves Clause: Evasion moves are banned
|rule|Endless Battle Clause: Forcing endless battles is banned
|rule|HP Percentage Mod: HP is shown in percentages
|teampreview
|
|start
|switch|p1a: Altaria|Altaria, F, shiny|353\/353
|switch|p2a: Donphan|Donphan, M|384\/384
|turn|1
|
|detailschange|p1a: Altaria|Altaria-Mega, F, shiny
|-mega|p1a: Altaria|Altaria|Altarianite
|move|p2a: Donphan|Ice Shard|p1a: Altaria
|-supereffective|p1a: Altaria
|-damage|p1a: Altaria|275\/353
|move|p1a: Altaria|Frustration|p2a: Donphan
|-damage|p2a: Donphan|249\/384
|
|-heal|p2a: Donphan|273\/384|[from] item: Leftovers
|turn|2
|
|switch|p1a: Chesnaught|Chesnaught, F, shiny|379\/379
|move|p2a: Donphan|Earthquake|p1a: Chesnaught
|-resisted|p1a: Chesnaught
|-damage|p1a: Chesnaught|320\/379
|
|-heal|p1a: Chesnaught|343\/379|[from] item: Leftovers
|-heal|p2a: Donphan|297\/384|[from] item: Leftovers
|turn|3
|
|switch|p2a: Altaria|Altaria, F|353\/353
|move|p1a: Chesnaught|Leech Seed|p2a: Altaria
|-start|p2a: Altaria|move: Leech Seed
|
|-heal|p1a: Chesnaught|366\/379|[from] item: Leftovers
|-damage|p2a: Altaria|309\/353|[from] Leech Seed|[of] p1a: Chesnaught
|-heal|p1a: Chesnaught|379\/379|[silent]
|turn|4
|
|switch|p1a: Volcarona|Volcarona, M, shiny|373\/373
|detailschange|p2a: Altaria|Altaria-Mega, F
|-mega|p2a: Altaria|Altaria|Altarianite
|move|p2a: Altaria|Roost|p2a: Altaria
|-heal|p2a: Altaria|353\/353
|
|-damage|p2a: Altaria|309\/353|[from] Leech Seed|[of] p1a: Volcarona
|turn|5
|
|switch|p2a: Heatran|Heatran, M|386\/386
|move|p1a: Volcarona|Bug Buzz|p2a: Heatran
|-resisted|p2a: Heatran
|-damage|p2a: Heatran|364\/386
|
|-heal|p2a: Heatran|386\/386|[from] item: Leftovers
|turn|6
|
|switch|p1a: Starmie|Starmie, shiny|323\/323
|move|p2a: Heatran|Substitute|p2a: Heatran
|-start|p2a: Heatran|Substitute
|-damage|p2a: Heatran|290\/386
|
|-heal|p2a: Heatran|314\/386|[from] item: Leftovers
|turn|7
|
|move|p1a: Starmie|Scald|p2a: Heatran
|-supereffective|p2a: Heatran
|-end|p2a: Heatran|Substitute
|move|p2a: Heatran|Stealth Rock|p1a: Starmie
|-sidestart|p1: X TREE|move: Stealth Rock
|
|-heal|p2a: Heatran|338\/386|[from] item: Leftovers
|turn|8
|
|switch|p2a: Rotom-Wash|Rotom-Wash|241\/241
|move|p1a: Starmie|Scald|p2a: Rotom-Wash
|-resisted|p2a: Rotom-Wash
|-damage|p2a: Rotom-Wash|195\/241
|-status|p2a: Rotom-Wash|brn
|
|-damage|p2a: Rotom-Wash|165\/241 brn|[from] brn
|turn|9
|
|move|p2a: Rotom-Wash|Volt Switch|p1a: Starmie
|-supereffective|p1a: Starmie
|-damage|p1a: Starmie|71\/323
|
|switch|p2a: Altaria|Altaria-Mega, F|309\/353
|move|p1a: Starmie|Rapid Spin|p2a: Altaria
|-damage|p2a: Altaria|298\/353
|-sideend|p1: X TREE|Stealth Rock|[from] move: Rapid Spin|[of] p1a: Starmie
|
|-heal|p1a: Starmie|91\/323|[from] item: Leftovers
|turn|10
|
|switch|p1a: Volcarona|Volcarona, M, shiny|373\/373
|move|p2a: Altaria|Hyper Voice|p1a: Volcarona
|-resisted|p1a: Volcarona
|-damage|p1a: Volcarona|283\/373
|
|-heal|p1a: Volcarona|306\/373|[from] item: Leftovers
|turn|11
|
|switch|p1a: Hippowdon|Hippowdon, M, shiny|419\/419
|-weather|Sandstorm
|switch|p2a: Heatran|Heatran, M|338\/386
|
|-weather|Sandstorm|[upkeep]
|-heal|p2a: Heatran|362\/386|[from] item: Leftovers
|turn|12
|
|switch|p2a: Rotom-Wash|Rotom-Wash|165\/241 brn
|move|p1a: Hippowdon|Earthquake|p2a: Rotom-Wash
|-immune|p2a: Rotom-Wash|[msg]
|
|-weather|Sandstorm|[upkeep]
|-damage|p2a: Rotom-Wash|150\/241 brn|[from] sandstorm
|-damage|p2a: Rotom-Wash|120\/241 brn|[from] brn
|turn|13
|
|switch|p1a: Altaria|Altaria-Mega, F, shiny|275\/353
|move|p2a: Rotom-Wash|Trick|p1a: Altaria
|-fail|p1a: Altaria
|
|-weather|Sandstorm|[upkeep]
|-damage|p2a: Rotom-Wash|105\/241 brn|[from] sandstorm
|-damage|p1a: Altaria|253\/353|[from] sandstorm
|-damage|p2a: Rotom-Wash|75\/241 brn|[from] brn
|turn|14
|
|switch|p2a: Heatran|Heatran, M|362\/386
|move|p1a: Altaria|Roost|p1a: Altaria
|-heal|p1a: Altaria|353\/353
|
|-weather|Sandstorm|[upkeep]
|-damage|p1a: Altaria|331\/353|[from] sandstorm
|-heal|p2a: Heatran|386\/386|[from] item: Leftovers
|turn|15
|
|switch|p1a: Hippowdon|Hippowdon, M, shiny|419\/419
|switch|p2a: Talonflame|Talonflame, M|297\/297
|
|-weather|none
|turn|16
|
|move|p2a: Talonflame|U-turn|p1a: Hippowdon
|-damage|p1a: Hippowdon|377\/419
|
|switch|p2a: Conkeldurr|Conkeldurr, M|351\/351
|move|p1a: Hippowdon|Stone Edge|p2a: Conkeldurr
|-resisted|p2a: Conkeldurr
|-damage|p2a: Conkeldurr|307\/351
|
|-heal|p1a: Hippowdon|403\/419|[from] item: Leftovers
|turn|17
|
|switch|p1a: Volcarona|Volcarona, M, shiny|306\/373
|move|p2a: Conkeldurr|Knock Off|p1a: Volcarona
|-damage|p1a: Volcarona|173\/373
|-enditem|p1a: Volcarona|Leftovers|[from] move: Knock Off|[of] p2a: Conkeldurr
|
|turn|18
|
|switch|p2a: Talonflame|Talonflame, M|297\/297
|move|p1a: Volcarona|Roost|p1a: Volcarona
|-heal|p1a: Volcarona|360\/373
|
|turn|19
|
|switch|p1a: Hippowdon|Hippowdon, M, shiny|403\/419
|-weather|Sandstorm
|move|p2a: Talonflame|Swords Dance|p2a: Talonflame
|-boost|p2a: Talonflame|atk|2
|
|-weather|Sandstorm|[upkeep]
|-damage|p2a: Talonflame|279\/297|[from] sandstorm
|-heal|p1a: Hippowdon|419\/419|[from] item: Leftovers
|turn|20
|
|move|p2a: Talonflame|U-turn|p1a: Hippowdon
|-damage|p1a: Hippowdon|339\/419
|
|switch|p2a: Donphan|Donphan, M|297\/384
|move|p1a: Hippowdon|Stone Edge|p2a: Donphan
|-resisted|p2a: Donphan
|-damage|p2a: Donphan|261\/384
|
|-weather|Sandstorm|[upkeep]
|-heal|p2a: Donphan|285\/384|[from] item: Leftovers
|-heal|p1a: Hippowdon|365\/419|[from] item: Leftovers
|turn|21
|c|âX TREE|sd u-turn?
|
|move|p2a: Donphan|Knock Off|p1a: Hippowdon
|-damage|p1a: Hippowdon|290\/419
|-enditem|p1a: Hippowdon|Leftovers|[from] move: Knock Off|[of] p2a: Donphan
|move|p1a: Hippowdon|Toxic|p2a: Donphan
|-status|p2a: Donphan|tox
|
|-weather|Sandstorm|[upkeep]
|-heal|p2a: Donphan|309\/384 tox|[from] item: Leftovers
|-damage|p2a: Donphan|285\/384 tox|[from] psn
|turn|22
|c|âKaxo|yes :P
|
|switch|p2a: Conkeldurr|Conkeldurr, M|307\/351
|move|p1a: Hippowdon|Slack Off|p1a: Hippowdon
|-heal|p1a: Hippowdon|419\/419
|
|-weather|Sandstorm|[upkeep]
|-damage|p2a: Conkeldurr|286\/351|[from] sandstorm
|turn|23
|
|switch|p1a: Volcarona|Volcarona, M, shiny|360\/373
|move|p2a: Conkeldurr|Ice Punch|p1a: Volcarona
|-resisted|p1a: Volcarona
|-damage|p1a: Volcarona|307\/373
|
|-weather|none
|turn|24
|
|switch|p1a: Starmie|Starmie, shiny|91\/323
|switch|p2a: Heatran|Heatran, M|386\/386
|
|-heal|p1a: Starmie|111\/323|[from] item: Leftovers
|turn|25
|
|switch|p2a: Altaria|Altaria-Mega, F|298\/353
|move|p1a: Starmie|Recover|p1a: Starmie
|-heal|p1a: Starmie|273\/323
|
|-heal|p1a: Starmie|293\/323|[from] item: Leftovers
|turn|26
|
|switch|p1a: Chansey|Chansey, F, shiny|641\/641
|move|p2a: Altaria|Hyper Voice|p1a: Chansey
|-crit|p1a: Chansey
|-damage|p1a: Chansey|508\/641
|
|turn|27
|
|switch|p2a: Rotom-Wash|Rotom-Wash|75\/241 brn
|move|p1a: Chansey|Stealth Rock|p2a: Rotom-Wash
|-sidestart|p2: Kaxo|move: Stealth Rock
|
|-damage|p2a: Rotom-Wash|45\/241 brn|[from] brn
|turn|28
|
|switch|p1a: Altaria|Altaria-Mega, F, shiny|331\/353
|move|p2a: Rotom-Wash|Pain Split|p1a: Altaria
|-sethp|p1a: Altaria|188\/353|p2a: Rotom-Wash|188\/241 brn|[from] move: Pain Split
|
|-damage|p2a: Rotom-Wash|158\/241 brn|[from] brn
|turn|29
|c|âX TREE|interesting sets
|
|switch|p2a: Donphan|Donphan, M|285\/384 tox
|-damage|p2a: Donphan|261\/384 tox|[from] Stealth Rock
|move|p1a: Altaria|Frustration|p2a: Donphan
|-damage|p2a: Donphan|122\/384 tox
|
|-heal|p2a: Donphan|146\/384 tox|[from] item: Leftovers
|-damage|p2a: Donphan|122\/384 tox|[from] psn
|turn|30
|
|switch|p2a: Heatran|Heatran, M|386\/386
|-damage|p2a: Heatran|338\/386|[from] Stealth Rock
|move|p1a: Altaria|Frustration|p2a: Heatran
|-resisted|p2a: Heatran
|-damage|p2a: Heatran|296\/386
|
|-heal|p2a: Heatran|320\/386|[from] item: Leftovers
|turn|31
|c|âKaxo|fuck
|
|switch|p1a: Starmie|Starmie, shiny|293\/323
|move|p2a: Heatran|Stealth Rock|p1a: Starmie
|-sidestart|p1: X TREE|move: Stealth Rock
|
|-heal|p1a: Starmie|313\/323|[from] item: Leftovers
|-heal|p2a: Heatran|344\/386|[from] item: Leftovers
|turn|32
|c|âKaxo|no EQ?
|c|âX TREE|nope
|c|âKaxo|physical m-altaria...u should have EQ
|c|âX TREE|that's a more offensive set
|
|switch|p2a: Altaria|Altaria-Mega, F|298\/353
|-damage|p2a: Altaria|254\/353|[from] Stealth Rock
|move|p1a: Starmie|Rapid Spin|p2a: Altaria
|-damage|p2a: Altaria|242\/353
|-sideend|p1: X TREE|Stealth Rock|[from] move: Rapid Spin|[of] p1a: Starmie
|
|-heal|p1a: Starmie|323\/323|[from] item: Leftovers
|turn|33
|
|switch|p1a: Chansey|Chansey, F, shiny|508\/641
|switch|p2a: Donphan|Donphan, M|122\/384 tox
|-damage|p2a: Donphan|98\/384 tox|[from] Stealth Rock
|
|-heal|p2a: Donphan|122\/384 tox|[from] item: Leftovers
|-damage|p2a: Donphan|98\/384 tox|[from] psn
|turn|34
|
|move|p1a: Chansey|Seismic Toss|p2a: Donphan
|-damage|p2a: Donphan|0 fnt
|faint|p2a: Donphan
|
|
|switch|p2a: Rotom-Wash|Rotom-Wash|158\/241 brn
|-damage|p2a: Rotom-Wash|128\/241 brn|[from] Stealth Rock
|turn|35
|
|switch|p1a: Altaria|Altaria-Mega, F, shiny|188\/353
|move|p2a: Rotom-Wash|Pain Split|p1a: Altaria
|-sethp|p1a: Altaria|158\/353|p2a: Rotom-Wash|158\/241 brn|[from] move: Pain Split
|
|-damage|p2a: Rotom-Wash|128\/241 brn|[from] brn
|turn|36
|
|switch|p2a: Heatran|Heatran, M|344\/386
|-damage|p2a: Heatran|296\/386|[from] Stealth Rock
|move|p1a: Altaria|Roost|p1a: Altaria
|-heal|p1a: Altaria|335\/353
|
|-heal|p2a: Heatran|320\/386|[from] item: Leftovers
|turn|37
|
|switch|p1a: Starmie|Starmie, shiny|323\/323
|move|p2a: Heatran|Substitute|p2a: Heatran
|-start|p2a: Heatran|Substitute
|-damage|p2a: Heatran|224\/386
|
|-heal|p2a: Heatran|248\/386|[from] item: Leftovers
|turn|38
|
|move|p1a: Starmie|Scald|p2a: Heatran
|-supereffective|p2a: Heatran
|-end|p2a: Heatran|Substitute
|move|p2a: Heatran|Lava Plume|p1a: Starmie
|-resisted|p1a: Starmie
|-damage|p1a: Starmie|251\/323
|
|-heal|p1a: Starmie|271\/323|[from] item: Leftovers
|-heal|p2a: Heatran|272\/386|[from] item: Leftovers
|turn|39
|
|switch|p2a: Altaria|Altaria-Mega, F|242\/353
|-damage|p2a: Altaria|198\/353|[from] Stealth Rock
|move|p1a: Starmie|Reflect Type|p2a: Altaria
|-start|p1a: Starmie|typechange|[from] move: Reflect Type|[of] p2a: Altaria
|
|-heal|p1a: Starmie|291\/323|[from] item: Leftovers
|turn|40
|
|switch|p1a: Chansey|Chansey, F, shiny|508\/641
|move|p2a: Altaria|Roost|p2a: Altaria
|-heal|p2a: Altaria|353\/353
|
|turn|41
|
|switch|p2a: Conkeldurr|Conkeldurr, M|286\/351
|-damage|p2a: Conkeldurr|265\/351|[from] Stealth Rock
|move|p1a: Chansey|Thunder Wave|p2a: Conkeldurr
|-status|p2a: Conkeldurr|par
|
|turn|42
|
|switch|p1a: Volcarona|Volcarona, M, shiny|307\/373
|move|p2a: Conkeldurr|Knock Off|p1a: Volcarona
|-damage|p1a: Volcarona|173\/373
|
|turn|43
|
|move|p1a: Volcarona|Roost|p1a: Volcarona
|-heal|p1a: Volcarona|360\/373
|move|p2a: Conkeldurr|Drain Punch|p1a: Volcarona
|-resisted|p1a: Volcarona
|-damage|p1a: Volcarona|242\/373
|-heal|p2a: Conkeldurr|324\/351 par|[from] drain|[of] p1a: Volcarona
|
|turn|44
|
|switch|p2a: Heatran|Heatran, M|272\/386
|-damage|p2a: Heatran|224\/386|[from] Stealth Rock
|move|p1a: Volcarona|Fiery Dance|p2a: Heatran
|-start|p2a: Heatran|ability: Flash Fire
|
|-heal|p2a: Heatran|248\/386|[from] item: Leftovers
|turn|45
|
|switch|p1a: Starmie|Starmie, shiny|291\/323
|move|p2a: Heatran|Substitute|p2a: Heatran
|-start|p2a: Heatran|Substitute
|-damage|p2a: Heatran|152\/386
|
|-heal|p1a: Starmie|311\/323|[from] item: Leftovers
|-heal|p2a: Heatran|176\/386|[from] item: Leftovers
|turn|46
|
|move|p1a: Starmie|Scald|p2a: Heatran
|-supereffective|p2a: Heatran
|-end|p2a: Heatran|Substitute
|move|p2a: Heatran|Lava Plume|p1a: Starmie
|-resisted|p1a: Starmie
|-damage|p1a: Starmie|217\/323
|
|-heal|p1a: Starmie|237\/323|[from] item: Leftovers
|-heal|p2a: Heatran|200\/386|[from] item: Leftovers
|turn|47
|
|switch|p2a: Altaria|Altaria-Mega, F|353\/353
|-damage|p2a: Altaria|309\/353|[from] Stealth Rock
|move|p1a: Starmie|Scald|p2a: Altaria
|-resisted|p2a: Altaria
|-damage|p2a: Altaria|266\/353
|
|-heal|p1a: Starmie|257\/323|[from] item: Leftovers
|turn|48
|
|switch|p1a: Chansey|Chansey, F, shiny|508\/641
|move|p2a: Altaria|Roost|p2a: Altaria
|-heal|p2a: Altaria|353\/353
|
|turn|49
|
|switch|p2a: Conkeldurr|Conkeldurr, M|324\/351 par
|-damage|p2a: Conkeldurr|303\/351 par|[from] Stealth Rock
|move|p1a: Chansey|Seismic Toss|p2a: Conkeldurr
|-damage|p2a: Conkeldurr|203\/351 par
|
|turn|50
|
|switch|p1a: Volcarona|Volcarona, M, shiny|242\/373
|move|p2a: Conkeldurr|Drain Punch|p1a: Volcarona
|-crit|p1a: Volcarona
|-resisted|p1a: Volcarona
|-damage|p1a: Volcarona|72\/373
|-heal|p2a: Conkeldurr|288\/351 par|[from] drain|[of] p1a: Volcarona
|
|turn|51
|
|switch|p2a: Altaria|Altaria-Mega, F|353\/353
|-damage|p2a: Altaria|309\/353|[from] Stealth Rock
|move|p1a: Volcarona|Roost|p1a: Volcarona
|-heal|p1a: Volcarona|259\/373
|
|turn|52
|
|move|p1a: Volcarona|Roost|p1a: Volcarona
|-heal|p1a: Volcarona|373\/373
|move|p2a: Altaria|Flamethrower|p1a: Volcarona
|-damage|p1a: Volcarona|285\/373
|
|turn|53
|
|move|p1a: Volcarona|Quiver Dance|p1a: Volcarona
|-boost|p1a: Volcarona|spa|1
|-boost|p1a: Volcarona|spd|1
|-boost|p1a: Volcarona|spe|1
|move|p2a: Altaria|Hyper Voice|p1a: Volcarona
|-resisted|p1a: Volcarona
|-damage|p1a: Volcarona|229\/373
|
|turn|54
|
|switch|p2a: Talonflame|Talonflame, M|279\/297
|-damage|p2a: Talonflame|131\/297|[from] Stealth Rock
|move|p1a: Volcarona|Bug Buzz|p2a: Talonflame
|-resisted|p2a: Talonflame
|-damage|p2a: Talonflame|66\/297
|-unboost|p2a: Talonflame|spd|1
|
|turn|55
|
|switch|p1a: Hippowdon|Hippowdon, M, shiny|419\/419
|-weather|Sandstorm
|move|p2a: Talonflame|Acrobatics|p1a: Hippowdon
|-damage|p1a: Hippowdon|332\/419
|
|-weather|Sandstorm|[upkeep]
|-damage|p2a: Talonflame|48\/297|[from] sandstorm
|turn|56
|
|move|p2a: Talonflame|Flare Blitz|p1a: Hippowdon
|-damage|p1a: Hippowdon|232\/419
|-damage|p2a: Talonflame|15\/297|[from] recoil|[of] p1a: Hippowdon
|move|p1a: Hippowdon|Earthquake|p2a: Talonflame
|-immune|p2a: Talonflame|[msg]
|
|-weather|Sandstorm|[upkeep]
|-damage|p2a: Talonflame|0 fnt|[from] sandstorm
|faint|p2a: Talonflame
|
|switch|p2a: Conkeldurr|Conkeldurr, M|288\/351 par
|-damage|p2a: Conkeldurr|267\/351 par|[from] Stealth Rock
|turn|57
|
|switch|p1a: Chesnaught|Chesnaught, F, shiny|379\/379
|move|p2a: Conkeldurr|Ice Punch|p1a: Chesnaught
|-supereffective|p1a: Chesnaught
|-damage|p1a: Chesnaught|179\/379
|
|-weather|Sandstorm|[upkeep]
|-damage|p1a: Chesnaught|156\/379|[from] sandstorm
|-damage|p2a: Conkeldurr|246\/351 par|[from] sandstorm
|-heal|p1a: Chesnaught|179\/379|[from] item: Leftovers
|turn|58
|
|move|p1a: Chesnaught|Spiky Shield|p1a: Chesnaught
|-singleturn|p1a: Chesnaught|move: Protect
|cant|p2a: Conkeldurr|par
|
|-weather|Sandstorm|[upkeep]
|-damage|p1a: Chesnaught|156\/379|[from] sandstorm
|-damage|p2a: Conkeldurr|225\/351 par|[from] sandstorm
|-heal|p1a: Chesnaught|179\/379|[from] item: Leftovers
|turn|59
|
|switch|p1a: Volcarona|Volcarona, M, shiny|229\/373
|move|p2a: Conkeldurr|Ice Punch|p1a: Volcarona
|-resisted|p1a: Volcarona
|-damage|p1a: Volcarona|152\/373
|
|-weather|none
|turn|60
|
|switch|p2a: Heatran|Heatran, M|200\/386
|-damage|p2a: Heatran|152\/386|[from] Stealth Rock
|move|p1a: Volcarona|Roost|p1a: Volcarona
|-heal|p1a: Volcarona|339\/373
|
|-heal|p2a: Heatran|176\/386|[from] item: Leftovers
|turn|61
|
|switch|p1a: Starmie|Starmie, shiny|257\/323
|move|p2a: Heatran|Toxic|p1a: Starmie
|-status|p1a: Starmie|tox
|
|-heal|p1a: Starmie|277\/323 tox|[from] item: Leftovers
|-heal|p2a: Heatran|200\/386|[from] item: Leftovers
|-damage|p1a: Starmie|257\/323 tox|[from] psn
|turn|62
|
|switch|p2a: Altaria|Altaria-Mega, F|309\/353
|-damage|p2a: Altaria|265\/353|[from] Stealth Rock
|move|p1a: Starmie|Scald|p2a: Altaria
|-resisted|p2a: Altaria
|-damage|p2a: Altaria|223\/353
|-status|p2a: Altaria|brn
|
|-heal|p1a: Starmie|277\/323 tox|[from] item: Leftovers
|-damage|p1a: Starmie|237\/323 tox|[from] psn
|-damage|p2a: Altaria|179\/353 brn|[from] brn
|turn|63
|
|switch|p1a: Chansey|Chansey, F, shiny|508\/641
|move|p2a: Altaria|Roost|p2a: Altaria
|-heal|p2a: Altaria|353\/353 brn
|
|-damage|p2a: Altaria|309\/353 brn|[from] brn
|turn|64
|
|switch|p2a: Rotom-Wash|Rotom-Wash|128\/241 brn
|-damage|p2a: Rotom-Wash|98\/241 brn|[from] Stealth Rock
|move|p1a: Chansey|Seismic Toss|p2a: Rotom-Wash
|-damage|p2a: Rotom-Wash|0 fnt
|faint|p2a: Rotom-Wash
|
|
|switch|p2a: Conkeldurr|Conkeldurr, M|225\/351 par
|-damage|p2a: Conkeldurr|204\/351 par|[from] Stealth Rock
|turn|65
|
|switch|p1a: Volcarona|Volcarona, M, shiny|339\/373
|move|p2a: Conkeldurr|Drain Punch|p1a: Volcarona
|-resisted|p1a: Volcarona
|-damage|p1a: Volcarona|219\/373
|-heal|p2a: Conkeldurr|264\/351 par|[from] drain|[of] p1a: Volcarona
|
|turn|66
|
|switch|p2a: Altaria|Altaria-Mega, F|309\/353 brn
|-damage|p2a: Altaria|265\/353 brn|[from] Stealth Rock
|move|p1a: Volcarona|Quiver Dance|p1a: Volcarona
|-boost|p1a: Volcarona|spa|1
|-boost|p1a: Volcarona|spd|1
|-boost|p1a: Volcarona|spe|1
|
|-damage|p2a: Altaria|221\/353 brn|[from] brn
|turn|67
|c|âKaxo|I fucking hate stall...
|c|âKaxo|gg
|c|âX TREE|gg
|-message|Kaxo forfeited.
|
|win|X TREE
|raw|Ladder updating...
|leave|Kaxo
|player|p2