|join|sempresolojuve
|join|X TREE
|player|p1|sempresolojuve|92
|player|p2|X TREE|257
|gametype|singles
|gen|6
|tier|OU
|rated
|clearpoke
|poke|p1|Gyarados, M
|poke|p1|Gardevoir, M
|poke|p1|Garchomp, F
|poke|p1|Conkeldurr, M
|poke|p1|Jolteon, M
|poke|p1|Scizor, F
|poke|p2|Altaria, M, shiny
|poke|p2|Chesnaught, M, shiny
|poke|p2|Starmie, shiny
|poke|p2|Volcarona, F, shiny
|poke|p2|Chansey, F, shiny
|poke|p2|Hippowdon, F, shiny
|rule|Swagger Clause: Swagger is banned
|rule|Baton Pass Clause: Limit one PokÃ©mon knowing Baton Pass
|rule|Sleep Clause Mod: Limit one foe put to sleep
|rule|Species Clause: Limit one of each PokÃ©mon
|rule|OHKO Clause: OHKO moves are banned
|rule|Moody Clause: Moody is banned
|rule|Evasion Moves Clause: Evasion moves are banned
|rule|Endless Battle Clause: Forcing endless battles is banned
|rule|HP Percentage Mod: HP is shown in percentages
|teampreview
|
|start
|switch|p1a: Gardevoir|Gardevoir, M|309\/309
|switch|p2a: Altaria|Altaria, M, shiny|353\/353
|-ability|p1a: Gardevoir|Natural Cure|[from] ability: Trace|[of] p2a: Altaria
|turn|1
|
|switch|p2a: Volcarona|Volcarona, F, shiny|373\/373
|detailschange|p1a: Gardevoir|Gardevoir-Mega, M
|-mega|p1a: Gardevoir|Gardevoir|Gardevoirite
|move|p1a: Gardevoir|Hyper Voice|p2a: Volcarona
|-resisted|p2a: Volcarona
|-damage|p2a: Volcarona|241\/373
|
|-heal|p2a: Volcarona|264\/373|[from] item: Leftovers
|turn|2
|
|move|p2a: Volcarona|Quiver Dance|p2a: Volcarona
|-boost|p2a: Volcarona|spa|1
|-boost|p2a: Volcarona|spd|1
|-boost|p2a: Volcarona|spe|1
|move|p1a: Gardevoir|Psyshock|p2a: Volcarona
|-crit|p2a: Volcarona
|-damage|p2a: Volcarona|3\/373
|
|-heal|p2a: Volcarona|26\/373|[from] item: Leftovers
|turn|3
|
|move|p2a: Volcarona|Roost|p2a: Volcarona
|-heal|p2a: Volcarona|213\/373
|move|p1a: Gardevoir|Psyshock|p2a: Volcarona
|-damage|p2a: Volcarona|21\/373
|
|-heal|p2a: Volcarona|44\/373|[from] item: Leftovers
|turn|4
|
|switch|p1a: Conkeldurr|Conkeldurr, M|352\/352
|move|p2a: Volcarona|Roost|p2a: Volcarona
|-heal|p2a: Volcarona|231\/373
|
|-heal|p2a: Volcarona|254\/373|[from] item: Leftovers
|turn|5
|join|TYphlotroy
|
|move|p2a: Volcarona|Fiery Dance|p1a: Conkeldurr
|-damage|p1a: Conkeldurr|237\/352
|move|p1a: Conkeldurr|Knock Off|p2a: Volcarona
|-damage|p2a: Volcarona|137\/373
|-enditem|p2a: Volcarona|Leftovers|[from] move: Knock Off|[of] p1a: Conkeldurr
|
|turn|6
|
|move|p2a: Volcarona|Roost|p2a: Volcarona
|-heal|p2a: Volcarona|324\/373
|move|p1a: Conkeldurr|Drain Punch|p2a: Volcarona
|-resisted|p2a: Volcarona
|-damage|p2a: Volcarona|248\/373
|-heal|p1a: Conkeldurr|275\/352|[from] drain|[of] p2a: Volcarona
|
|turn|7
|leave|TYphlotroy
|
|switch|p1a: Gyarados|Gyarados, M|363\/363
|-ability|p1a: Gyarados|Intimidate|[of] p2a: Volcarona
|-unboost|p2a: Volcarona|atk|1
|move|p2a: Volcarona|Fiery Dance|p1a: Gyarados
|-resisted|p1a: Gyarados
|-damage|p1a: Gyarados|273\/363
|-boost|p2a: Volcarona|spa|1
|
|-heal|p1a: Gyarados|295\/363|[from] item: Leftovers
|turn|8
|
|switch|p2a: Altaria|Altaria, M, shiny|353\/353
|move|p1a: Gyarados|Dragon Dance|p1a: Gyarados
|-boost|p1a: Gyarados|atk|1
|-boost|p1a: Gyarados|spe|1
|
|-heal|p1a: Gyarados|317\/363|[from] item: Leftovers
|turn|9
|
|detailschange|p2a: Altaria|Altaria-Mega, M, shiny
|-mega|p2a: Altaria|Altaria|Altarianite
|move|p1a: Gyarados|Substitute|p1a: Gyarados
|-start|p1a: Gyarados|Substitute
|-damage|p1a: Gyarados|227\/363
|move|p2a: Altaria|Frustration|p1a: Gyarados
|-end|p1a: Gyarados|Substitute
|
|-heal|p1a: Gyarados|249\/363|[from] item: Leftovers
|turn|10
|
|move|p1a: Gyarados|Bounce|p2a: Altaria|[still]
|-prepare|p1a: Gyarados|Bounce|p2a: Altaria
|move|p2a: Altaria|Frustration|p1a: Gyarados|[miss]
|-miss|p2a: Altaria|p1a: Gyarados
|
|-heal|p1a: Gyarados|271\/363|[from] item: Leftovers
|turn|11
|
|move|p1a: Gyarados|Bounce|p2a: Altaria
|-crit|p2a: Altaria
|-damage|p2a: Altaria|110\/353
|-status|p2a: Altaria|par
|cant|p2a: Altaria|par
|
|-heal|p1a: Gyarados|293\/363|[from] item: Leftovers
|turn|12
|
|move|p1a: Gyarados|Substitute|p1a: Gyarados
|-start|p1a: Gyarados|Substitute
|-damage|p1a: Gyarados|203\/363
|move|p2a: Altaria|Heal Bell|p2a: Altaria
|-cureteam|p2a: Altaria|[from] move: HealBell
|
|-heal|p1a: Gyarados|225\/363|[from] item: Leftovers
|turn|13
|
|move|p1a: Gyarados|Dragon Dance|p1a: Gyarados
|-boost|p1a: Gyarados|atk|1
|-boost|p1a: Gyarados|spe|1
|move|p2a: Altaria|Roost|p2a: Altaria
|-heal|p2a: Altaria|287\/353
|
|-heal|p1a: Gyarados|247\/363|[from] item: Leftovers
|turn|14
|-message|X TREE forfeited.
|
|win|sempresolojuve
|raw|Ladder updating...
|leave|X TREE
|player|p2
|raw|sempresolojuve's rating: 1501 &rarr; <strong>1522<\/strong><br \/>(+21 for winning)
|raw|X TREE's rating: 1509 &rarr; <strong>1489<\/strong><br \/>(-20 for losing)