|join|Lordray
|join|X TREE
|player|p1|Lordray|288
|player|p2|X TREE|257
|gametype|singles
|gen|6
|tier|OU
|rated
|clearpoke
|poke|p1|Keldeo
|poke|p1|Charizard, F
|poke|p1|Skarmory, M
|poke|p1|Tyranitar, F
|poke|p1|Celebi
|poke|p1|Meloetta
|poke|p2|Altaria, F, shiny
|poke|p2|Chesnaught, F, shiny
|poke|p2|Starmie, shiny
|poke|p2|Volcarona, F, shiny
|poke|p2|Chansey, F, shiny
|poke|p2|Hippowdon, F, shiny
|rule|Swagger Clause: Swagger is banned
|rule|Baton Pass Clause: Limit one PokÃ©mon knowing Baton Pass
|rule|Sleep Clause Mod: Limit one foe put to sleep
|rule|Species Clause: Limit one of each PokÃ©mon
|rule|OHKO Clause: OHKO moves are banned
|rule|Moody Clause: Moody is banned
|rule|Evasion Moves Clause: Evasion moves are banned
|rule|Endless Battle Clause: Forcing endless battles is banned
|rule|HP Percentage Mod: HP is shown in percentages
|teampreview
|
|start
|switch|p1a: Keldeo|Keldeo|323\/323
|switch|p2a: Altaria|Altaria, F, shiny|353\/353
|turn|1
|
|switch|p1a: Skarmory|Skarmory, M|333\/333
|detailschange|p2a: Altaria|Altaria-Mega, F, shiny
|-mega|p2a: Altaria|Altaria|Altarianite
|move|p2a: Altaria|Frustration|p1a: Skarmory
|-resisted|p1a: Skarmory
|-damage|p1a: Skarmory|283\/333
|
|turn|2
|
|switch|p2a: Starmie|Starmie, shiny|323\/323
|move|p1a: Skarmory|Taunt|p2a: Starmie
|-start|p2a: Starmie|move: Taunt
|
|turn|3
|
|switch|p1a: Celebi|Celebi|395\/395
|move|p2a: Starmie|Scald|p1a: Celebi
|-resisted|p1a: Celebi
|-damage|p1a: Celebi|355\/395
|
|-heal|p1a: Celebi|379\/395|[from] item: Leftovers
|turn|4
|
|switch|p2a: Volcarona|Volcarona, F, shiny|373\/373
|move|p1a: Celebi|Substitute|p1a: Celebi
|-start|p1a: Celebi|Substitute
|-damage|p1a: Celebi|281\/395
|
|-heal|p1a: Celebi|305\/395|[from] item: Leftovers
|turn|5
|
|move|p1a: Celebi|Baton Pass|p1a: Celebi
|
|switch|p1a: Charizard|Charizard, F|333\/333
|move|p2a: Volcarona|Bug Buzz|p1a: Charizard
|-resisted|p1a: Charizard
|-damage|p1a: Charizard|293\/333
|
|turn|6
|join|Qwazzimoto
|
|switch|p2a: Altaria|Altaria-Mega, F, shiny|353\/353
|detailschange|p1a: Charizard|Charizard-Mega-X, F
|-mega|p1a: Charizard|Charizard|Charizardite X
|move|p1a: Charizard|Flare Blitz|p2a: Altaria
|-resisted|p2a: Altaria
|-damage|p2a: Altaria|235\/353
|-damage|p1a: Charizard|254\/333|[from] recoil|[of] p2a: Altaria
|
|turn|7
|c|âLordray|so this is how charzard xs felt when i used alt against them
|
|switch|p2a: Hippowdon|Hippowdon, F, shiny|419\/419
|-weather|Sandstorm
|move|p1a: Charizard|Roost|p1a: Charizard
|-heal|p1a: Charizard|333\/333
|
|-weather|Sandstorm|[upkeep]
|-damage|p1a: Charizard|313\/333|[from] sandstorm
|turn|8
|
|move|p1a: Charizard|Dragon Dance|p1a: Charizard
|-boost|p1a: Charizard|atk|1
|-boost|p1a: Charizard|spe|1
|move|p2a: Hippowdon|Earthquake|p1a: Charizard
|-supereffective|p1a: Charizard
|-end|p1a: Charizard|Substitute
|
|-weather|Sandstorm|[upkeep]
|-damage|p1a: Charizard|293\/333|[from] sandstorm
|turn|9
|
|switch|p1a: Celebi|Celebi|305\/395
|move|p2a: Hippowdon|Earthquake|p1a: Celebi
|-crit|p1a: Celebi
|-resisted|p1a: Celebi
|-damage|p1a: Celebi|207\/395
|
|-weather|Sandstorm|[upkeep]
|-damage|p1a: Celebi|183\/395|[from] sandstorm
|-heal|p1a: Celebi|207\/395|[from] item: Leftovers
|turn|10
|
|switch|p2a: Altaria|Altaria-Mega, F, shiny|235\/353
|move|p1a: Celebi|Substitute|p1a: Celebi
|-start|p1a: Celebi|Substitute
|-damage|p1a: Celebi|109\/395
|
|-weather|Sandstorm|[upkeep]
|-damage|p1a: Celebi|85\/395|[from] sandstorm
|-damage|p2a: Altaria|213\/353|[from] sandstorm
|-heal|p1a: Celebi|109\/395|[from] item: Leftovers
|turn|11
|
|move|p1a: Celebi|Recover|p1a: Celebi
|-heal|p1a: Celebi|307\/395
|move|p2a: Altaria|Frustration|p1a: Celebi
|-end|p1a: Celebi|Substitute
|
|-weather|none
|-heal|p1a: Celebi|331\/395|[from] item: Leftovers
|turn|12
|
|switch|p1a: Skarmory|Skarmory, M|283\/333
|move|p2a: Altaria|Frustration|p1a: Skarmory
|-resisted|p1a: Skarmory
|-damage|p1a: Skarmory|236\/333
|
|turn|13
|
|switch|p2a: Starmie|Starmie, shiny|323\/323
|move|p1a: Skarmory|Taunt|p2a: Starmie
|-start|p2a: Starmie|move: Taunt
|
|turn|14
|
|switch|p2a: Volcarona|Volcarona, F, shiny|373\/373
|switch|p1a: Celebi|Celebi|331\/395
|
|-heal|p1a: Celebi|355\/395|[from] item: Leftovers
|turn|15
|
|switch|p1a: Charizard|Charizard-Mega-X, F|293\/333
|move|p2a: Volcarona|Bug Buzz|p1a: Charizard
|-resisted|p1a: Charizard
|-damage|p1a: Charizard|211\/333
|
|turn|16
|
|switch|p2a: Hippowdon|Hippowdon, F, shiny|419\/419
|-weather|Sandstorm
|move|p1a: Charizard|Roost|p1a: Charizard
|-heal|p1a: Charizard|333\/333
|
|-weather|Sandstorm|[upkeep]
|-damage|p1a: Charizard|313\/333|[from] sandstorm
|turn|17
|
|switch|p1a: Celebi|Celebi|355\/395
|move|p2a: Hippowdon|Toxic|p1a: Celebi
|-status|p1a: Celebi|tox
|
|-weather|Sandstorm|[upkeep]
|-damage|p1a: Celebi|331\/395 tox|[from] sandstorm
|-heal|p1a: Celebi|355\/395 tox|[from] item: Leftovers
|-damage|p1a: Celebi|331\/395 tox|[from] psn
|turn|18
|
|switch|p2a: Altaria|Altaria-Mega, F, shiny|213\/353
|move|p1a: Celebi|Baton Pass|p1a: Celebi
|
|switch|p1a: Skarmory|Skarmory, M|236\/333
|
|-weather|Sandstorm|[upkeep]
|-damage|p2a: Altaria|191\/353|[from] sandstorm
|turn|19
|
|move|p2a: Altaria|Roost|p2a: Altaria
|-heal|p2a: Altaria|353\/353
|move|p1a: Skarmory|Roost|p1a: Skarmory
|-heal|p1a: Skarmory|333\/333
|
|-weather|Sandstorm|[upkeep]
|-damage|p2a: Altaria|331\/353|[from] sandstorm
|turn|20
|
|switch|p2a: Chansey|Chansey, F, shiny|641\/641
|switch|p1a: Keldeo|Keldeo|323\/323
|
|-weather|none
|turn|21
|
|switch|p2a: Altaria|Altaria-Mega, F, shiny|331\/353
|move|p1a: Keldeo|Substitute|p1a: Keldeo
|-start|p1a: Keldeo|Substitute
|-damage|p1a: Keldeo|243\/323
|
|-heal|p1a: Keldeo|263\/323|[from] item: Leftovers
|turn|22
|
|move|p1a: Keldeo|Scald|p2a: Altaria
|-resisted|p2a: Altaria
|-damage|p2a: Altaria|272\/353
|move|p2a: Altaria|Frustration|p1a: Keldeo
|-supereffective|p1a: Keldeo
|-end|p1a: Keldeo|Substitute
|
|-heal|p1a: Keldeo|283\/323|[from] item: Leftovers
|turn|23
|
|switch|p1a: Skarmory|Skarmory, M|333\/333
|switch|p2a: Starmie|Starmie, shiny|323\/323
|
|turn|24
|
|switch|p1a: Meloetta|Meloetta|403\/403
|move|p2a: Starmie|Scald|p1a: Meloetta
|-damage|p1a: Meloetta|355\/403
|
|turn|25
|
|switch|p2a: Chansey|Chansey, F, shiny|641\/641
|move|p1a: Meloetta|Thunderbolt|p2a: Chansey
|-damage|p2a: Chansey|579\/641
|
|turn|26
|
|switch|p1a: Celebi|Celebi|331\/395
|move|p2a: Chansey|Stealth Rock|p1a: Celebi
|-sidestart|p1: Lordray|move: Stealth Rock
|
|-heal|p1a: Celebi|355\/395|[from] item: Leftovers
|turn|27
|
|switch|p2a: Altaria|Altaria-Mega, F, shiny|272\/353
|move|p1a: Celebi|Substitute|p1a: Celebi
|-start|p1a: Celebi|Substitute
|-damage|p1a: Celebi|257\/395
|
|-heal|p1a: Celebi|281\/395|[from] item: Leftovers
|turn|28
|
|move|p1a: Celebi|Baton Pass|p1a: Celebi
|
|switch|p1a: Skarmory|Skarmory, M|333\/333
|-damage|p1a: Skarmory|292\/333|[from] Stealth Rock
|move|p2a: Altaria|Frustration|p1a: Skarmory
|-resisted|p1a: Skarmory
|-activate|p1a: Skarmory|Substitute|[damage]
|
|turn|29
|
|switch|p2a: Volcarona|Volcarona, F, shiny|373\/373
|move|p1a: Skarmory|Defog|p2a: Volcarona
|-unboost|p2a: Volcarona|evasion|1
|-sideend|p1: Lordray|Stealth Rock|[from] move: Defog|[of] p1a: Skarmory
|
|turn|30
|
|switch|p1a: Charizard|Charizard-Mega-X, F|313\/333
|move|p2a: Volcarona|Fiery Dance|p1a: Charizard
|-resisted|p1a: Charizard
|-damage|p1a: Charizard|279\/333
|
|turn|31
|
|switch|p1a: Tyranitar|Tyranitar, F|403\/403
|-weather|Sandstorm
|switch|p2a: Hippowdon|Hippowdon, F, shiny|419\/419
|
|-weather|Sandstorm|[upkeep]
|turn|32
|
|move|p1a: Tyranitar|Stealth Rock|p2a: Hippowdon
|-sidestart|p2: X TREE|move: Stealth Rock
|move|p2a: Hippowdon|Earthquake|p1a: Tyranitar
|-supereffective|p1a: Tyranitar
|-damage|p1a: Tyranitar|173\/403
|
|-weather|Sandstorm|[upkeep]
|turn|33
|
|switch|p1a: Celebi|Celebi|281\/395
|move|p2a: Hippowdon|Earthquake|p1a: Celebi
|-resisted|p1a: Celebi
|-damage|p1a: Celebi|215\/395
|
|-weather|Sandstorm|[upkeep]
|-damage|p1a: Celebi|191\/395|[from] sandstorm
|-heal|p1a: Celebi|215\/395|[from] item: Leftovers
|turn|34
|
|switch|p2a: Altaria|Altaria-Mega, F, shiny|272\/353
|-damage|p2a: Altaria|228\/353|[from] Stealth Rock
|move|p1a: Celebi|Recover|p1a: Celebi
|-heal|p1a: Celebi|395\/395
|
|-weather|Sandstorm|[upkeep]
|-damage|p1a: Celebi|371\/395|[from] sandstorm
|-damage|p2a: Altaria|206\/353|[from] sandstorm
|-heal|p1a: Celebi|395\/395|[from] item: Leftovers
|turn|35
|
|switch|p1a: Skarmory|Skarmory, M|292\/333
|move|p2a: Altaria|Frustration|p1a: Skarmory
|-resisted|p1a: Skarmory
|-damage|p1a: Skarmory|243\/333
|
|-weather|none
|turn|36
|
|switch|p2a: Starmie|Starmie, shiny|323\/323
|-damage|p2a: Starmie|283\/323|[from] Stealth Rock
|switch|p1a: Charizard|Charizard-Mega-X, F|279\/333
|
|-heal|p2a: Starmie|303\/323|[from] item: Leftovers
|turn|37
|
|move|p2a: Starmie|Rapid Spin|p1a: Charizard
|-damage|p1a: Charizard|270\/333
|-sideend|p2: X TREE|Stealth Rock|[from] move: Rapid Spin|[of] p2a: Starmie
|move|p1a: Charizard|Flare Blitz|p2a: Starmie
|-resisted|p2a: Starmie
|-damage|p2a: Starmie|117\/323
|-damage|p1a: Charizard|209\/333|[from] recoil|[of] p2a: Starmie
|
|-heal|p2a: Starmie|137\/323|[from] item: Leftovers
|turn|38
|
|move|p2a: Starmie|Recover|p2a: Starmie
|-heal|p2a: Starmie|299\/323
|move|p1a: Charizard|Flare Blitz|p2a: Starmie
|-resisted|p2a: Starmie
|-damage|p2a: Starmie|129\/323
|-damage|p1a: Charizard|153\/333|[from] recoil|[of] p2a: Starmie
|
|-heal|p2a: Starmie|149\/323|[from] item: Leftovers
|turn|39
|
|move|p2a: Starmie|Recover|p2a: Starmie
|-heal|p2a: Starmie|311\/323
|move|p1a: Charizard|Roost|p1a: Charizard
|-heal|p1a: Charizard|320\/333
|
|-heal|p2a: Starmie|323\/323|[from] item: Leftovers
|turn|40
|
|switch|p2a: Hippowdon|Hippowdon, F, shiny|419\/419
|-weather|Sandstorm
|move|p1a: Charizard|Flare Blitz|p2a: Hippowdon
|-damage|p2a: Hippowdon|211\/419
|-damage|p1a: Charizard|251\/333|[from] recoil|[of] p2a: Hippowdon
|
|-weather|Sandstorm|[upkeep]
|-damage|p1a: Charizard|231\/333|[from] sandstorm
|-heal|p2a: Hippowdon|237\/419|[from] item: Leftovers
|turn|41
|
|switch|p1a: Keldeo|Keldeo|283\/323
|move|p2a: Hippowdon|Slack Off|p2a: Hippowdon
|-heal|p2a: Hippowdon|419\/419
|
|-weather|Sandstorm|[upkeep]
|-damage|p1a: Keldeo|263\/323|[from] sandstorm
|-heal|p1a: Keldeo|283\/323|[from] item: Leftovers
|turn|42
|
|switch|p2a: Altaria|Altaria-Mega, F, shiny|206\/353
|move|p1a: Keldeo|Scald|p2a: Altaria
|-resisted|p2a: Altaria
|-damage|p2a: Altaria|140\/353
|
|-weather|Sandstorm|[upkeep]
|-damage|p1a: Keldeo|263\/323|[from] sandstorm
|-damage|p2a: Altaria|118\/353|[from] sandstorm
|-heal|p1a: Keldeo|283\/323|[from] item: Leftovers
|turn|43
|
|switch|p1a: Skarmory|Skarmory, M|243\/333
|move|p2a: Altaria|Roost|p2a: Altaria
|-heal|p2a: Altaria|295\/353
|
|-weather|Sandstorm|[upkeep]
|-damage|p2a: Altaria|273\/353|[from] sandstorm
|turn|44
|
|switch|p2a: Volcarona|Volcarona, F, shiny|373\/373
|move|p1a: Skarmory|Taunt|p2a: Volcarona
|-start|p2a: Volcarona|move: Taunt
|
|-weather|none
|turn|45
|
|switch|p1a: Charizard|Charizard-Mega-X, F|231\/333
|move|p2a: Volcarona|Bug Buzz|p1a: Charizard
|-resisted|p1a: Charizard
|-damage|p1a: Charizard|149\/333
|
|turn|46
|
|switch|p2a: Hippowdon|Hippowdon, F, shiny|419\/419
|-weather|Sandstorm
|move|p1a: Charizard|Roost|p1a: Charizard
|-heal|p1a: Charizard|316\/333
|
|-weather|Sandstorm|[upkeep]
|-damage|p1a: Charizard|296\/333|[from] sandstorm
|turn|47
|
|switch|p1a: Celebi|Celebi|395\/395
|move|p2a: Hippowdon|Toxic|p1a: Celebi
|-status|p1a: Celebi|tox
|
|-weather|Sandstorm|[upkeep]
|-damage|p1a: Celebi|371\/395 tox|[from] sandstorm
|-heal|p1a: Celebi|395\/395 tox|[from] item: Leftovers
|-damage|p1a: Celebi|371\/395 tox|[from] psn
|turn|48
|
|switch|p2a: Altaria|Altaria-Mega, F, shiny|273\/353
|move|p1a: Celebi|Substitute|p1a: Celebi
|-start|p1a: Celebi|Substitute
|-damage|p1a: Celebi|273\/395 tox
|
|-weather|Sandstorm|[upkeep]
|-damage|p1a: Celebi|249\/395 tox|[from] sandstorm
|-damage|p2a: Altaria|251\/353|[from] sandstorm
|-heal|p1a: Celebi|273\/395 tox|[from] item: Leftovers
|-damage|p1a: Celebi|225\/395 tox|[from] psn
|turn|49
|
|move|p1a: Celebi|Baton Pass|p1a: Celebi
|
|switch|p1a: Skarmory|Skarmory, M|243\/333
|move|p2a: Altaria|Frustration|p1a: Skarmory
|-resisted|p1a: Skarmory
|-activate|p1a: Skarmory|Substitute|[damage]
|
|-weather|Sandstorm|[upkeep]
|-damage|p2a: Altaria|229\/353|[from] sandstorm
|turn|50
|
|switch|p2a: Volcarona|Volcarona, F, shiny|373\/373
|move|p1a: Skarmory|Roost|p1a: Skarmory
|-heal|p1a: Skarmory|333\/333
|
|-weather|none
|turn|51
|
|switch|p1a: Charizard|Charizard-Mega-X, F|296\/333
|move|p2a: Volcarona|Bug Buzz|p1a: Charizard
|-resisted|p1a: Charizard
|-damage|p1a: Charizard|214\/333
|
|turn|52
|
|switch|p2a: Hippowdon|Hippowdon, F, shiny|419\/419
|-weather|Sandstorm
|move|p1a: Charizard|Flare Blitz|p2a: Hippowdon
|-damage|p2a: Hippowdon|205\/419
|-damage|p1a: Charizard|143\/333|[from] recoil|[of] p2a: Hippowdon
|
|-weather|Sandstorm|[upkeep]
|-damage|p1a: Charizard|123\/333|[from] sandstorm
|-heal|p2a: Hippowdon|231\/419|[from] item: Leftovers
|turn|53
|
|switch|p1a: Celebi|Celebi|225\/395
|move|p2a: Hippowdon|Slack Off|p2a: Hippowdon
|-heal|p2a: Hippowdon|419\/419
|
|-weather|Sandstorm|[upkeep]
|-damage|p1a: Celebi|201\/395|[from] sandstorm
|-heal|p1a: Celebi|225\/395|[from] item: Leftovers
|turn|54
|
|switch|p2a: Altaria|Altaria-Mega, F, shiny|229\/353
|move|p1a: Celebi|Substitute|p1a: Celebi
|-start|p1a: Celebi|Substitute
|-damage|p1a: Celebi|127\/395
|
|-weather|Sandstorm|[upkeep]
|-damage|p1a: Celebi|103\/395|[from] sandstorm
|-damage|p2a: Altaria|207\/353|[from] sandstorm
|-heal|p1a: Celebi|127\/395|[from] item: Leftovers
|turn|55
|
|move|p1a: Celebi|Recover|p1a: Celebi
|-heal|p1a: Celebi|325\/395
|move|p2a: Altaria|Frustration|p1a: Celebi
|-end|p1a: Celebi|Substitute
|
|-weather|Sandstorm|[upkeep]
|-damage|p1a: Celebi|301\/395|[from] sandstorm
|-damage|p2a: Altaria|185\/353|[from] sandstorm
|-heal|p1a: Celebi|325\/395|[from] item: Leftovers
|turn|56
|
|switch|p1a: Skarmory|Skarmory, M|333\/333
|move|p2a: Altaria|Frustration|p1a: Skarmory
|-resisted|p1a: Skarmory
|-damage|p1a: Skarmory|282\/333
|
|-weather|none
|turn|57
|
|move|p2a: Altaria|Roost|p2a: Altaria
|-heal|p2a: Altaria|353\/353
|move|p1a: Skarmory|Taunt|p2a: Altaria
|-start|p2a: Altaria|move: Taunt
|
|turn|58
|
|switch|p2a: Volcarona|Volcarona, F, shiny|373\/373
|move|p1a: Skarmory|Counter|p2a: Volcarona
|-fail|p2a: Volcarona
|
|turn|59
|
|switch|p2a: Hippowdon|Hippowdon, F, shiny|419\/419
|-weather|Sandstorm
|switch|p1a: Keldeo|Keldeo|283\/323
|
|-weather|Sandstorm|[upkeep]
|-damage|p1a: Keldeo|263\/323|[from] sandstorm
|-heal|p1a: Keldeo|283\/323|[from] item: Leftovers
|turn|60
|
|switch|p2a: Altaria|Altaria-Mega, F, shiny|353\/353
|move|p1a: Keldeo|Scald|p2a: Altaria
|-resisted|p2a: Altaria
|-damage|p2a: Altaria|293\/353
|
|-weather|Sandstorm|[upkeep]
|-damage|p1a: Keldeo|263\/323|[from] sandstorm
|-damage|p2a: Altaria|271\/353|[from] sandstorm
|-heal|p1a: Keldeo|283\/323|[from] item: Leftovers
|turn|61
|
|switch|p1a: Skarmory|Skarmory, M|282\/333
|move|p2a: Altaria|Frustration|p1a: Skarmory
|-resisted|p1a: Skarmory
|-damage|p1a: Skarmory|232\/333
|
|-weather|Sandstorm|[upkeep]
|-damage|p2a: Altaria|249\/353|[from] sandstorm
|turn|62
|
|switch|p2a: Starmie|Starmie, shiny|323\/323
|move|p1a: Skarmory|Counter|p2a: Starmie
|-fail|p2a: Starmie
|
|-weather|Sandstorm|[upkeep]
|-damage|p2a: Starmie|303\/323|[from] sandstorm
|-heal|p2a: Starmie|323\/323|[from] item: Leftovers
|turn|63
|
|switch|p2a: Volcarona|Volcarona, F, shiny|373\/373
|switch|p1a: Meloetta|Meloetta|355\/403
|
|-weather|none
|turn|64
|
|move|p2a: Volcarona|Quiver Dance|p2a: Volcarona
|-boost|p2a: Volcarona|spa|1
|-boost|p2a: Volcarona|spd|1
|-boost|p2a: Volcarona|spe|1
|move|p1a: Meloetta|Psyshock|p2a: Volcarona
|-damage|p2a: Volcarona|228\/373
|
|-heal|p2a: Volcarona|251\/373|[from] item: Leftovers
|turn|65
|
|move|p2a: Volcarona|Quiver Dance|p2a: Volcarona
|-boost|p2a: Volcarona|spa|1
|-boost|p2a: Volcarona|spd|1
|-boost|p2a: Volcarona|spe|1
|move|p1a: Meloetta|Psyshock|p2a: Volcarona
|-damage|p2a: Volcarona|83\/373
|
|-heal|p2a: Volcarona|106\/373|[from] item: Leftovers
|turn|66
|
|switch|p1a: Charizard|Charizard-Mega-X, F|123\/333
|move|p2a: Volcarona|Roost|p2a: Volcarona
|-heal|p2a: Volcarona|293\/373
|
|-heal|p2a: Volcarona|316\/373|[from] item: Leftovers
|turn|67
|
|move|p2a: Volcarona|Bug Buzz|p1a: Charizard
|-resisted|p1a: Charizard
|-damage|p1a: Charizard|0 fnt
|faint|p1a: Charizard
|
|-heal|p2a: Volcarona|339\/373|[from] item: Leftovers
|
|switch|p1a: Keldeo|Keldeo|283\/323
|turn|68
|
|move|p2a: Volcarona|Fiery Dance|p1a: Keldeo
|-resisted|p1a: Keldeo
|-damage|p1a: Keldeo|152\/323
|-boost|p2a: Volcarona|spa|1
|move|p1a: Keldeo|Calm Mind|p1a: Keldeo
|-boost|p1a: Keldeo|spa|1
|-boost|p1a: Keldeo|spd|1
|
|-heal|p2a: Volcarona|362\/373|[from] item: Leftovers
|-heal|p1a: Keldeo|172\/323|[from] item: Leftovers
|turn|69
|
|move|p2a: Volcarona|Fiery Dance|p1a: Keldeo
|-resisted|p1a: Keldeo
|-damage|p1a: Keldeo|66\/323
|-boost|p2a: Volcarona|spa|1
|move|p1a: Keldeo|Scald|p2a: Volcarona
|-supereffective|p2a: Volcarona
|-damage|p2a: Volcarona|156\/373
|
|-heal|p2a: Volcarona|179\/373|[from] item: Leftovers
|-heal|p1a: Keldeo|86\/323|[from] item: Leftovers
|turn|70
|
|move|p2a: Volcarona|Fiery Dance|p1a: Keldeo
|-resisted|p1a: Keldeo
|-damage|p1a: Keldeo|0 fnt
|-boost|p2a: Volcarona|spa|1
|faint|p1a: Keldeo
|
|-heal|p2a: Volcarona|202\/373|[from] item: Leftovers
|-message|Lordray forfeited.
|
|win|X TREE
|raw|Ladder updating...
|raw|Lordray's rating: 1428 &rarr; <strong>1411<\/strong><br \/>(-17 for losing)
|raw|X TREE's rating: 1489 &rarr; <strong>1507<\/strong><br \/>(+18 for winning)
|leave|Lordray
|player|p1