|join|GoodUsernameIsGone
|join|X TREE
|player|p1|GoodUsernameIsGone|293
|player|p2|X TREE|101
|gametype|singles
|gen|6
|tier|OU
|rated
|clearpoke
|poke|p1|Alakazam, M
|poke|p1|Landorus-Therian, M
|poke|p1|Talonflame, M
|poke|p1|Zapdos
|poke|p1|Azumarill, M
|poke|p1|Latias, F
|poke|p2|Altaria, M, shiny
|poke|p2|Chesnaught, M, shiny
|poke|p2|Starmie, shiny
|poke|p2|Volcarona, M, shiny
|poke|p2|Chansey, F, shiny
|poke|p2|Hippowdon, M, shiny
|rule|Swagger Clause: Swagger is banned
|rule|Baton Pass Clause: Limit one PokÃ©mon knowing Baton Pass
|rule|Sleep Clause Mod: Limit one foe put to sleep
|rule|Species Clause: Limit one of each PokÃ©mon
|rule|OHKO Clause: OHKO moves are banned
|rule|Moody Clause: Moody is banned
|rule|Evasion Moves Clause: Evasion moves are banned
|rule|Endless Battle Clause: Forcing endless battles is banned
|rule|HP Percentage Mod: HP is shown in percentages
|teampreview
|
|start
|switch|p1a: Azumarill|Azumarill, M|364\/364
|switch|p2a: Altaria|Altaria, M, shiny|353\/353
|turn|1
|
|detailschange|p2a: Altaria|Altaria-Mega, M, shiny
|-mega|p2a: Altaria|Altaria|Altarianite
|move|p2a: Altaria|Frustration|p1a: Azumarill
|-damage|p1a: Azumarill|153\/364
|-enditem|p1a: Azumarill|Sitrus Berry|[eat]
|-heal|p1a: Azumarill|244\/364|[from] item: Sitrus Berry
|move|p1a: Azumarill|Play Rough|p2a: Altaria
|-supereffective|p2a: Altaria
|-damage|p2a: Altaria|59\/353
|
|turn|2
|
|move|p1a: Azumarill|Aqua Jet|p2a: Altaria
|-resisted|p2a: Altaria
|-damage|p2a: Altaria|27\/353
|move|p2a: Altaria|Frustration|p1a: Azumarill
|-damage|p1a: Azumarill|49\/364
|
|turn|3
|
|switch|p2a: Chansey|Chansey, F, shiny|641\/641
|move|p1a: Azumarill|Aqua Jet|p2a: Chansey
|-damage|p2a: Chansey|533\/641
|
|turn|4
|
|move|p1a: Azumarill|Play Rough|p2a: Chansey
|-damage|p2a: Chansey|290\/641
|-unboost|p2a: Chansey|atk|1
|move|p2a: Chansey|Stealth Rock|p1a: Azumarill
|-sidestart|p1: GoodUsernameIsGone|move: Stealth Rock
|
|turn|5
|
|move|p1a: Azumarill|Play Rough|p2a: Chansey
|-damage|p2a: Chansey|22\/641
|move|p2a: Chansey|Soft-Boiled|p2a: Chansey
|-heal|p2a: Chansey|343\/641
|
|turn|6
|
|move|p1a: Azumarill|Play Rough|p2a: Chansey
|-damage|p2a: Chansey|103\/641
|move|p2a: Chansey|Soft-Boiled|p2a: Chansey
|-heal|p2a: Chansey|424\/641
|
|turn|7
|
|move|p1a: Azumarill|Play Rough|p2a: Chansey
|-damage|p2a: Chansey|165\/641
|move|p2a: Chansey|Soft-Boiled|p2a: Chansey
|-heal|p2a: Chansey|486\/641
|
|turn|8
|
|move|p1a: Azumarill|Play Rough|p2a: Chansey
|-damage|p2a: Chansey|218\/641
|move|p2a: Chansey|Thunder Wave|p1a: Azumarill
|-status|p1a: Azumarill|par
|
|turn|9
|
|move|p2a: Chansey|Soft-Boiled|p2a: Chansey
|-heal|p2a: Chansey|539\/641
|move|p1a: Azumarill|Play Rough|p2a: Chansey
|-damage|p2a: Chansey|280\/641
|
|turn|10
|
|move|p2a: Chansey|Soft-Boiled|p2a: Chansey
|-heal|p2a: Chansey|601\/641
|move|p1a: Azumarill|Play Rough|p2a: Chansey
|-damage|p2a: Chansey|330\/641
|
|turn|11
|
|move|p2a: Chansey|Soft-Boiled|p2a: Chansey
|-heal|p2a: Chansey|641\/641
|cant|p1a: Azumarill|par
|
|turn|12
|
|move|p1a: Azumarill|Aqua Jet|p2a: Chansey
|-damage|p2a: Chansey|533\/641
|move|p2a: Chansey|Seismic Toss|p1a: Azumarill
|-damage|p1a: Azumarill|0 fnt
|faint|p1a: Azumarill
|
|
|switch|p1a: Landorus-Therian|Landorus-Therian, M|361\/361
|-damage|p1a: Landorus-Therian|316\/361|[from] Stealth Rock
|-ability|p1a: Landorus-Therian|Intimidate|[of] p2a: Chansey
|-unboost|p2a: Chansey|atk|1
|turn|13
|
|switch|p2a: Chesnaught|Chesnaught, M, shiny|379\/379
|move|p1a: Landorus-Therian|U-turn|p2a: Chesnaught
|-damage|p2a: Chesnaught|313\/379
|
|switch|p1a: Zapdos|Zapdos|384\/384
|-damage|p1a: Zapdos|288\/384|[from] Stealth Rock
|-ability|p1a: Zapdos|Pressure
|
|-heal|p1a: Zapdos|312\/384|[from] item: Leftovers
|-heal|p2a: Chesnaught|336\/379|[from] item: Leftovers
|turn|14
|
|switch|p2a: Hippowdon|Hippowdon, M, shiny|419\/419
|-weather|Sandstorm
|move|p1a: Zapdos|Defog|p2a: Hippowdon
|-unboost|p2a: Hippowdon|evasion|1
|-sideend|p1: GoodUsernameIsGone|Stealth Rock|[from] move: Defog|[of] p1a: Zapdos
|
|-weather|Sandstorm|[upkeep]
|-damage|p1a: Zapdos|288\/384|[from] sandstorm
|-heal|p1a: Zapdos|312\/384|[from] item: Leftovers
|turn|15
|
|move|p1a: Zapdos|Heat Wave|p2a: Hippowdon
|-damage|p2a: Hippowdon|295\/419
|move|p2a: Hippowdon|Toxic|p1a: Zapdos
|-status|p1a: Zapdos|tox
|
|-weather|Sandstorm|[upkeep]
|-damage|p1a: Zapdos|288\/384 tox|[from] sandstorm
|-heal|p1a: Zapdos|312\/384 tox|[from] item: Leftovers
|-heal|p2a: Hippowdon|321\/419|[from] item: Leftovers
|-damage|p1a: Zapdos|288\/384 tox|[from] psn
|turn|16
|
|switch|p1a: Latias|Latias, F|319\/319
|move|p2a: Hippowdon|Slack Off|p2a: Hippowdon
|-heal|p2a: Hippowdon|419\/419
|
|-weather|Sandstorm|[upkeep]
|-damage|p1a: Latias|300\/319|[from] sandstorm
|turn|17
|
|switch|p1a: Landorus-Therian|Landorus-Therian, M|316\/361
|-ability|p1a: Landorus-Therian|Intimidate|[of] p2a: Hippowdon
|-unboost|p2a: Hippowdon|atk|1
|switch|p2a: Chansey|Chansey, F, shiny|533\/641
|
|-weather|Sandstorm|[upkeep]
|-damage|p2a: Chansey|493\/641|[from] sandstorm
|turn|18
|
|switch|p2a: Chesnaught|Chesnaught, M, shiny|336\/379
|move|p1a: Landorus-Therian|Stealth Rock|p2a: Chesnaught
|-sidestart|p2: X TREE|move: Stealth Rock
|
|-weather|none
|-heal|p2a: Chesnaught|359\/379|[from] item: Leftovers
|turn|19
|
|move|p1a: Landorus-Therian|U-turn|p2a: Chesnaught
|-damage|p2a: Chesnaught|302\/379
|
|switch|p1a: Talonflame|Talonflame, M|319\/319
|move|p2a: Chesnaught|Leech Seed|p1a: Talonflame
|-start|p1a: Talonflame|move: Leech Seed
|
|-heal|p2a: Chesnaught|325\/379|[from] item: Leftovers
|-damage|p1a: Talonflame|280\/319|[from] Leech Seed|[of] p2a: Chesnaught
|-heal|p2a: Chesnaught|364\/379|[silent]
|turn|20
|
|switch|p1a: Latias|Latias, F|300\/319
|switch|p2a: Hippowdon|Hippowdon, M, shiny|419\/419
|-damage|p2a: Hippowdon|393\/419|[from] Stealth Rock
|-weather|Sandstorm
|
|-weather|Sandstorm|[upkeep]
|-damage|p1a: Latias|281\/319|[from] sandstorm
|-heal|p2a: Hippowdon|419\/419|[from] item: Leftovers
|turn|21
|
|switch|p2a: Chansey|Chansey, F, shiny|493\/641
|-damage|p2a: Chansey|413\/641|[from] Stealth Rock
|move|p1a: Latias|Psyshock|p2a: Chansey
|-damage|p2a: Chansey|197\/641
|-damage|p1a: Latias|250\/319|[from] item: Life Orb
|
|-weather|Sandstorm|[upkeep]
|-damage|p1a: Latias|231\/319|[from] sandstorm
|-damage|p2a: Chansey|157\/641|[from] sandstorm
|turn|22
|
|switch|p2a: Altaria|Altaria-Mega, M, shiny|27\/353
|-damage|p2a: Altaria|0 fnt|[from] Stealth Rock
|faint|p2a: Altaria
|move|p1a: Latias|Psyshock|p2: Altaria|[notarget]
|-notarget
|
|-weather|Sandstorm|[upkeep]
|-damage|p1a: Latias|212\/319|[from] sandstorm
|
|switch|p2a: Starmie|Starmie, shiny|323\/323
|-damage|p2a: Starmie|283\/323|[from] Stealth Rock
|turn|23
|
|move|p2a: Starmie|Rapid Spin|p1a: Latias
|-damage|p1a: Latias|201\/319
|-sideend|p2: X TREE|Stealth Rock|[from] move: Rapid Spin|[of] p2a: Starmie
|move|p1a: Latias|Draco Meteor|p2a: Starmie
|-damage|p2a: Starmie|0 fnt
|-unboost|p1a: Latias|spa|2
|-damage|p1a: Latias|170\/319|[from] item: Life Orb
|faint|p2a: Starmie
|
|-weather|Sandstorm|[upkeep]
|-damage|p1a: Latias|151\/319|[from] sandstorm
|
|switch|p2a: Chansey|Chansey, F, shiny|157\/641
|turn|24
|
|switch|p1a: Landorus-Therian|Landorus-Therian, M|316\/361
|-ability|p1a: Landorus-Therian|Intimidate|[of] p2a: Chansey
|-unboost|p2a: Chansey|atk|1
|move|p2a: Chansey|Soft-Boiled|p2a: Chansey
|-heal|p2a: Chansey|478\/641
|
|-weather|none
|turn|25
|
|move|p1a: Landorus-Therian|Knock Off|p2a: Chansey
|-damage|p2a: Chansey|297\/641
|-enditem|p2a: Chansey|Eviolite|[from] move: Knock Off|[of] p1a: Landorus-Therian
|move|p2a: Chansey|Stealth Rock|p1a: Landorus-Therian
|-sidestart|p1: GoodUsernameIsGone|move: Stealth Rock
|
|turn|26
|
|switch|p2a: Chesnaught|Chesnaught, M, shiny|364\/379
|move|p1a: Landorus-Therian|U-turn|p2a: Chesnaught
|-damage|p2a: Chesnaught|307\/379
|
|switch|p1a: Zapdos|Zapdos|288\/384 tox
|-damage|p1a: Zapdos|192\/384 tox|[from] Stealth Rock
|-ability|p1a: Zapdos|Pressure
|
|-heal|p1a: Zapdos|216\/384 tox|[from] item: Leftovers
|-heal|p2a: Chesnaught|330\/379|[from] item: Leftovers
|-damage|p1a: Zapdos|192\/384 tox|[from] psn
|turn|27
|
|switch|p2a: Chansey|Chansey, F, shiny|297\/641
|move|p1a: Zapdos|Defog|p2a: Chansey
|-unboost|p2a: Chansey|evasion|1
|-sideend|p1: GoodUsernameIsGone|Stealth Rock|[from] move: Defog|[of] p1a: Zapdos
|
|-heal|p1a: Zapdos|216\/384 tox|[from] item: Leftovers
|-damage|p1a: Zapdos|168\/384 tox|[from] psn
|turn|28
|
|switch|p1a: Landorus-Therian|Landorus-Therian, M|316\/361
|-ability|p1a: Landorus-Therian|Intimidate|[of] p2a: Chansey
|-unboost|p2a: Chansey|atk|1
|move|p2a: Chansey|Soft-Boiled|p2a: Chansey
|-heal|p2a: Chansey|618\/641
|
|turn|29
|
|move|p1a: Landorus-Therian|Earthquake|p2a: Chansey
|-damage|p2a: Chansey|134\/641
|move|p2a: Chansey|Stealth Rock|p1a: Landorus-Therian
|-sidestart|p1: GoodUsernameIsGone|move: Stealth Rock
|
|turn|30
|
|move|p1a: Landorus-Therian|U-turn|p2a: Chansey
|-damage|p2a: Chansey|0 fnt
|faint|p2a: Chansey
|
|switch|p1a: Latias|Latias, F|151\/319
|-damage|p1a: Latias|112\/319|[from] Stealth Rock
|
|
|switch|p2a: Volcarona|Volcarona, M, shiny|373\/373
|turn|31
|
|move|p1a: Latias|Healing Wish|p1a: Latias
|faint|p1a: Latias
|move|p2a: Volcarona|Quiver Dance|p2a: Volcarona
|-boost|p2a: Volcarona|spa|1
|-boost|p2a: Volcarona|spd|1
|-boost|p2a: Volcarona|spe|1
|
|
|switch|p1a: Zapdos|Zapdos|168\/384 tox
|-heal|p1a: Zapdos|384\/384|[from] move: Healing Wish
|-damage|p1a: Zapdos|288\/384|[from] Stealth Rock
|-ability|p1a: Zapdos|Pressure
|turn|32
|
|move|p2a: Volcarona|Fiery Dance|p1a: Zapdos
|-damage|p1a: Zapdos|89\/384
|-boost|p2a: Volcarona|spa|1
|move|p1a: Zapdos|Defog|p2a: Volcarona
|-unboost|p2a: Volcarona|evasion|1
|-sideend|p1: GoodUsernameIsGone|Stealth Rock|[from] move: Defog|[of] p1a: Zapdos
|
|-heal|p1a: Zapdos|113\/384|[from] item: Leftovers
|turn|33
|
|move|p2a: Volcarona|Fiery Dance|p1a: Zapdos
|-damage|p1a: Zapdos|0 fnt
|faint|p1a: Zapdos
|
|
|switch|p1a: Landorus-Therian|Landorus-Therian, M|316\/361
|-ability|p1a: Landorus-Therian|Intimidate|[of] p2a: Volcarona
|-unboost|p2a: Volcarona|atk|1
|turn|34
|
|move|p2a: Volcarona|Fiery Dance|p1a: Landorus-Therian
|-damage|p1a: Landorus-Therian|33\/361
|-boost|p2a: Volcarona|spa|1
|move|p1a: Landorus-Therian|Earthquake|p2a: Volcarona
|-damage|p2a: Volcarona|132\/373
|
|-heal|p2a: Volcarona|155\/373|[from] item: Leftovers
|turn|35
|
|move|p2a: Volcarona|Fiery Dance|p1a: Landorus-Therian
|-damage|p1a: Landorus-Therian|0 fnt
|-boost|p2a: Volcarona|spa|1
|faint|p1a: Landorus-Therian
|
|-heal|p2a: Volcarona|178\/373|[from] item: Leftovers
|
|switch|p1a: Talonflame|Talonflame, M|280\/319
|turn|36
|
|switch|p2a: Hippowdon|Hippowdon, M, shiny|419\/419
|-weather|Sandstorm
|move|p1a: Talonflame|Brave Bird|p2a: Hippowdon
|-damage|p2a: Hippowdon|301\/419
|-damage|p1a: Talonflame|241\/319|[from] recoil|[of] p2a: Hippowdon
|
|-weather|Sandstorm|[upkeep]
|-damage|p1a: Talonflame|222\/319|[from] sandstorm
|-heal|p2a: Hippowdon|327\/419|[from] item: Leftovers
|turn|37
|
|switch|p1a: Alakazam|Alakazam, M|261\/261
|move|p2a: Hippowdon|Stone Edge|p1a: Alakazam
|-damage|p1a: Alakazam|99\/261
|
|-weather|Sandstorm|[upkeep]
|-heal|p2a: Hippowdon|353\/419|[from] item: Leftovers
|turn|38
|
|switch|p2a: Chesnaught|Chesnaught, M, shiny|330\/379
|move|p1a: Alakazam|Psychic|p2a: Chesnaught
|-supereffective|p2a: Chesnaught
|-damage|p2a: Chesnaught|0 fnt
|faint|p2a: Chesnaught
|
|-weather|Sandstorm|[upkeep]
|
|switch|p2a: Volcarona|Volcarona, M, shiny|178\/373
|turn|39
|
|move|p1a: Alakazam|Psychic|p2a: Volcarona
|-damage|p2a: Volcarona|22\/373
|move|p2a: Volcarona|Bug Buzz|p1a: Alakazam
|-supereffective|p1a: Alakazam
|-damage|p1a: Alakazam|0 fnt
|faint|p1a: Alakazam
|
|-weather|Sandstorm|[upkeep]
|-damage|p2a: Volcarona|0 fnt|[from] sandstorm
|faint|p2a: Volcarona
|
|switch|p1a: Talonflame|Talonflame, M|222\/319
|switch|p2a: Hippowdon|Hippowdon, M, shiny|353\/419
|turn|40
|
|move|p1a: Talonflame|Swords Dance|p1a: Talonflame
|-boost|p1a: Talonflame|atk|2
|move|p2a: Hippowdon|Stone Edge|p1a: Talonflame
|-supereffective|p1a: Talonflame
|-damage|p1a: Talonflame|0 fnt
|faint|p1a: Talonflame
|
|win|X TREE
|raw|Ladder updating...
|c|âX TREE|gg
|leave|GoodUsernameIsGone
|raw|GoodUsernameIsGone's rating: 1508 &rarr; <strong>1489<\/strong><br \/>(-19 for losing)
|raw|X TREE's rating: 1528 &rarr; <strong>1547<\/strong><br \/>(+19 for winning)
|player|p1