|join|X TREE
|join|The Fedora Man
|player|p1|X TREE|257
|player|p2|The Fedora Man|52
|gametype|singles
|gen|6
|tier|OU
|rated
|clearpoke
|poke|p1|Altaria, M, shiny
|poke|p1|Chesnaught, M, shiny
|poke|p1|Starmie, shiny
|poke|p1|Volcarona, M, shiny
|poke|p1|Chansey, F, shiny
|poke|p1|Hippowdon, M, shiny
|poke|p2|Rhydon, F
|poke|p2|Excadrill, M
|poke|p2|Sableye, M, shiny
|poke|p2|Cottonee, L2, F
|poke|p2|Lopunny, M
|poke|p2|Rhyhorn, F
|rule|Swagger Clause: Swagger is banned
|rule|Baton Pass Clause: Limit one PokÃ©mon knowing Baton Pass
|rule|Sleep Clause Mod: Limit one foe put to sleep
|rule|Species Clause: Limit one of each PokÃ©mon
|rule|OHKO Clause: OHKO moves are banned
|rule|Moody Clause: Moody is banned
|rule|Evasion Moves Clause: Evasion moves are banned
|rule|Endless Battle Clause: Forcing endless battles is banned
|rule|HP Percentage Mod: HP is shown in percentages
|teampreview
|join|FilthySlimebag
|join|Soft Neechan
|join|Zyklon Ben
|join|pedro pancakes
|join|Appreciation
|
|start
|switch|p1a: Altaria|Altaria, M, shiny|353\/353
|switch|p2a: lols' waifu|Lopunny, M|271\/271
|turn|1
|c| Soft Neechan|Would you cuddle a Lopunny Y\/N
|c| pedro pancakes|\
|join|Bobalopadus
|
|switch|p2a: Rhaydon|Rhydon, F|351\/351
|detailschange|p1a: Altaria|Altaria-Mega, M, shiny
|-mega|p1a: Altaria|Altaria|Altarianite
|move|p1a: Altaria|Frustration|p2a: Rhaydon
|-damage|p2a: Rhaydon|248\/351
|
|turn|2
|join|Zeatgheist
|join|shunfglol
|join|nobrakes
|c| pedro pancakes|this is a mad bird
|join|Spooned
|
|switch|p1a: Chesnaught|Chesnaught, M, shiny|379\/379
|move|p2a: Rhaydon|Rock Blast|p1a: Chesnaught|[miss]
|-miss|p2a: Rhaydon|p1a: Chesnaught
|
|turn|3
|c| Appreciation|pink fluffy unicorn............
|
|switch|p2a: Comedy Gold|Sableye, M, shiny|303\/303
|move|p1a: Chesnaught|Spikes|p2a: Comedy Gold
|-sidestart|p2: The Fedora Man|Spikes
|
|turn|4
|join|emuswag
|join|GoneApeshit
|
|switch|p1a: Volcarona|Volcarona, M, shiny|373\/373
|detailschange|p2a: Comedy Gold|Sableye-Mega, M, shiny
|-mega|p2a: Comedy Gold|Sableye|Sablenite
|move|p2a: Comedy Gold|Ominous Wind|p1a: Volcarona
|-damage|p1a: Volcarona|316\/373
|
|-heal|p1a: Volcarona|339\/373|[from] item: Leftovers
|turn|5
|join|OtterLanista
|join|CCCP
|
|switch|p2a: Rhayhorn|Rhyhorn, F|363\/363
|-damage|p2a: Rhayhorn|318\/363|[from] Spikes
|move|p1a: Volcarona|Quiver Dance|p1a: Volcarona
|-boost|p1a: Volcarona|spa|1
|-boost|p1a: Volcarona|spd|1
|-boost|p1a: Volcarona|spe|1
|
|-heal|p1a: Volcarona|362\/373|[from] item: Leftovers
|turn|6
|join|tailbait
|join|lolsidkwhatimdoing
|
|switch|p1a: Chesnaught|Chesnaught, M, shiny|379\/379
|move|p2a: Rhayhorn|Stealth Rock|p1a: Chesnaught
|-sidestart|p1: X TREE|move: Stealth Rock
|
|turn|7
|
|switch|p1a: Altaria|Altaria-Mega, M, shiny|353\/353
|-damage|p1a: Altaria|309\/353|[from] Stealth Rock
|switch|p2a: Comedy Gold|Sableye-Mega, M, shiny|303\/303
|-damage|p2a: Comedy Gold|266\/303|[from] Spikes
|
|turn|8
|c| emuswag|bebbles
|c| pedro pancakes|it's so quitet
|c| pedro pancakes|it's spoopy
|c| lolsidkwhatimdoing|ded hours
|
|switch|p2a: Rhayhorn|Rhyhorn, F|318\/363
|-damage|p2a: Rhayhorn|273\/363|[from] Spikes
|move|p1a: Altaria|Frustration|p2a: Rhayhorn
|-damage|p2a: Rhayhorn|191\/363
|
|turn|9
|leave|Soft Neechan
|join|oiuoijk
|
|move|p1a: Altaria|Frustration|p2a: Rhayhorn
|-damage|p2a: Rhayhorn|100\/363
|move|p2a: Rhayhorn|Toxic|p1a: Altaria
|-status|p1a: Altaria|tox
|
|-damage|p1a: Altaria|287\/353 tox|[from] psn
|turn|10
|c| Zyklon Ben|would you altaria's fluffy cloud butt?
|
|move|p1a: Altaria|Heal Bell|p1a: Altaria
|-cureteam|p1a: Altaria|[from] move: HealBell
|move|p2a: Rhayhorn|Rest|p2a: Rhayhorn
|-status|p2a: Rhayhorn|slp
|-heal|p2a: Rhayhorn|363\/363 slp|[silent]
|-status|p2a: Rhayhorn|slp|[from] move: Rest
|
|turn|11
|join|Akkeshi
|c| pedro pancakes|m
|join|CleanerThanRotom-W
|
|switch|p1a: Chansey|Chansey, F, shiny|641\/641
|-damage|p1a: Chansey|561\/641|[from] Stealth Rock
|cant|p2a: Rhayhorn|slp
|
|turn|12
|join|Balkwater
|c| Akkeshi|>X TREE
|c| Akkeshi|we've played this nerd before
|join|Not Alvadora
|join|Disorient
|c| pedro pancakes|did you beat him?
|c|âThe Fedora Man|he won't be a match for my fedora
|c| tailbait|this shiny fagging is too much to handle
|c| Akkeshi|yep
|leave|Disorient
|c| Akkeshi|he bred them
|c| pedro pancakes|nice
|
|switch|p1a: Altaria|Altaria-Mega, M, shiny|287\/353
|-damage|p1a: Altaria|243\/353|[from] Stealth Rock
|switch|p2a: Fedoradrill|Excadrill, M|361\/361
|-damage|p2a: Fedoradrill|316\/361|[from] Spikes
|-ability|p2a: Fedoradrill|Mold Breaker
|
|turn|13
|join|Zetunio
|join|Turboblaze420
|leave|Appreciation
|join|Yhwach1
|c| Akkeshi|dink
|join|greninja free zone
|
|switch|p1a: Hippowdon|Hippowdon, M, shiny|419\/419
|-damage|p1a: Hippowdon|393\/419|[from] Stealth Rock
|-weather|Sandstorm
|move|p2a: Fedoradrill|Rapid Spin|p1a: Hippowdon
|-damage|p1a: Hippowdon|376\/419
|-sideend|p2: The Fedora Man|Spikes|[from] move: Rapid Spin|[of] p2a: Fedoradrill
|
|-weather|Sandstorm|[upkeep]
|-heal|p1a: Hippowdon|402\/419|[from] item: Leftovers
|turn|14
|c| OtterLanista|ok I feel u on using dope shinies like altaria and chesnaught
|c| Yhwach1|easy.
|c| Akkeshi|tfw no sand rush
|
|switch|p2a: Comedy Gold|Sableye-Mega, M, shiny|266\/303
|move|p1a: Hippowdon|Earthquake|p2a: Comedy Gold
|-damage|p2a: Comedy Gold|166\/303
|
|-weather|Sandstorm|[upkeep]
|-damage|p2a: Comedy Gold|148\/303|[from] sandstorm
|-heal|p1a: Hippowdon|419\/419|[from] item: Leftovers
|turn|15
|c| Zeatgheist|hazardsman
|c| emuswag|ruh roh
|c| Zeatgheist|or ok
|c| OtterLanista|but why use shit shinies on purpose
|c| OtterLanista|like volc
|
|switch|p1a: Altaria|Altaria-Mega, M, shiny|243\/353
|-damage|p1a: Altaria|199\/353|[from] Stealth Rock
|move|p2a: Comedy Gold|Recover|p2a: Comedy Gold
|-heal|p2a: Comedy Gold|300\/303
|
|-weather|Sandstorm|[upkeep]
|-damage|p1a: Altaria|177\/353|[from] sandstorm
|-damage|p2a: Comedy Gold|282\/303|[from] sandstorm
|turn|16
|join|EndlessDicks
|
|switch|p2a: Rhayhorn|Rhyhorn, F|363\/363 slp
|move|p1a: Altaria|Roost|p1a: Altaria
|-heal|p1a: Altaria|353\/353
|
|-weather|Sandstorm|[upkeep]
|-damage|p1a: Altaria|331\/353|[from] sandstorm
|turn|17
|c| lolsidkwhatimdoing|>semi-stall getting outstalled by chimp
|c| lolsidkwhatimdoing|top kek
|c| Akkeshi|dance birb
|join|Appreciation
|
|move|p1a: Altaria|Dragon Dance|p1a: Altaria
|-boost|p1a: Altaria|atk|1
|-boost|p1a: Altaria|spe|1
|cant|p2a: Rhayhorn|slp
|
|-weather|none
|turn|18
|leave|Appreciation
|c| Zyklon Ben|does he not have eq?
|
|move|p1a: Altaria|Frustration|p2a: Rhayhorn
|-damage|p2a: Rhayhorn|243\/363 slp
|-curestatus|p2a: Rhayhorn|slp
|move|p2a: Rhayhorn|Roar|p1a: Altaria
|drag|p1a: Starmie|Starmie, shiny|323\/323
|-damage|p1a: Starmie|283\/323|[from] Stealth Rock
|
|-heal|p1a: Starmie|303\/323|[from] item: Leftovers
|turn|19
|leave|greninja free zone
|c| Akkeshi|balk
|c| Yhwach1|soo frustrated
|c| tailbait|>whole team is shiny
|c| tailbait|>bad shones and good
|
|switch|p2a: Comedy Gold|Sableye-Mega, M, shiny|282\/303
|move|p1a: Starmie|Scald|p2a: Comedy Gold
|-damage|p2a: Comedy Gold|215\/303
|
|-heal|p1a: Starmie|323\/323|[from] item: Leftovers
|turn|20
|c| tailbait|pretty much a poopyhead
|
|move|p1a: Starmie|Reflect Type|p2a: Comedy Gold
|-start|p1a: Starmie|typechange|[from] move: Reflect Type|[of] p2a: Comedy Gold
|move|p2a: Comedy Gold|Ominous Wind|p1a: Starmie
|-damage|p1a: Starmie|256\/323
|
|-heal|p1a: Starmie|276\/323|[from] item: Leftovers
|turn|21
|leave|oiuoijk
|
|move|p1a: Starmie|Scald|p2a: Comedy Gold
|-damage|p2a: Comedy Gold|174\/303
|-status|p2a: Comedy Gold|brn
|move|p2a: Comedy Gold|Will-O-Wisp|p1a: Starmie
|-status|p1a: Starmie|brn
|
|-heal|p1a: Starmie|296\/323 brn|[from] item: Leftovers
|-damage|p1a: Starmie|256\/323 brn|[from] brn
|-damage|p2a: Comedy Gold|137\/303 brn|[from] brn
|turn|22
|c| Akkeshi|shitto
|c| Zyklon Ben|nice stab lmao
|c| Yhwach1|good burn
|c| emuswag|double burn
|
|switch|p1a: Altaria|Altaria-Mega, M, shiny|331\/353
|-damage|p1a: Altaria|287\/353|[from] Stealth Rock
|move|p2a: Comedy Gold|Recover|p2a: Comedy Gold
|-heal|p2a: Comedy Gold|289\/303 brn
|
|-damage|p2a: Comedy Gold|252\/303 brn|[from] brn
|turn|23
|c| EndlessDicks|>commie cold
|c| Akkeshi|spoiler: burn it
|c| Yhwach1|excellent switch
|
|switch|p2a: Rhayhorn|Rhyhorn, F|243\/363
|move|p1a: Altaria|Frustration|p2a: Rhayhorn
|-damage|p2a: Rhayhorn|156\/363
|
|turn|24
|c| Yhwach1|...
|
|move|p1a: Altaria|Frustration|p2a: Rhayhorn
|-damage|p2a: Rhayhorn|65\/363
|move|p2a: Rhayhorn|Toxic|p1a: Altaria
|-status|p1a: Altaria|tox
|
|-damage|p1a: Altaria|265\/353 tox|[from] psn
|turn|25
|leave|Turboblaze420
|c| EndlessDicks|>rhyhorn and rhydon
|c| EndlessDicks|>no perior
|
|switch|p2a: Fedoradrill|Excadrill, M|316\/361
|-ability|p2a: Fedoradrill|Mold Breaker
|move|p1a: Altaria|Frustration|p2a: Fedoradrill
|-resisted|p2a: Fedoradrill
|-damage|p2a: Fedoradrill|185\/361
|
|-damage|p1a: Altaria|221\/353 tox|[from] psn
|turn|26
|c| EndlessDicks|what the fuck happened today
|c| Yhwach1|BANE?
|leave|OtterLanista
|
|switch|p1a: Hippowdon|Hippowdon, M, shiny|419\/419
|-damage|p1a: Hippowdon|393\/419|[from] Stealth Rock
|-weather|Sandstorm
|move|p2a: Fedoradrill|Iron Head|p1a: Hippowdon
|-damage|p1a: Hippowdon|303\/419
|
|-weather|Sandstorm|[upkeep]
|-heal|p1a: Hippowdon|329\/419|[from] item: Leftovers
|turn|27
|c| EndlessDicks|dr. bane I'm a plane
|
|switch|p2a: Comedy Gold|Sableye-Mega, M, shiny|252\/303 brn
|move|p1a: Hippowdon|Earthquake|p2a: Comedy Gold
|-damage|p2a: Comedy Gold|143\/303 brn
|
|-weather|Sandstorm|[upkeep]
|-damage|p2a: Comedy Gold|125\/303 brn|[from] sandstorm
|-heal|p1a: Hippowdon|355\/419|[from] item: Leftovers
|-damage|p2a: Comedy Gold|88\/303 brn|[from] brn
|turn|28
|c| Akkeshi|You're a big guy
|c| lolsidkwhatimdoing|pls tell me chimp that you can beat the hippow
|c| EndlessDicks|for mask
|c|âThe Fedora Man|i can
|c|âThe Fedora Man|but i need to sac something
|
|switch|p2a: Rhayhorn|Rhyhorn, F|65\/363
|move|p1a: Hippowdon|Earthquake|p2a: Rhayhorn
|-supereffective|p2a: Rhayhorn
|-damage|p2a: Rhayhorn|0 fnt
|faint|p2a: Rhayhorn
|
|-weather|Sandstorm|[upkeep]
|-heal|p1a: Hippowdon|381\/419|[from] item: Leftovers
|c| Yhwach1|sick burn
|c| lolsidkwhatimdoing|o-okay
|c| lolsidkwhatimdoing|I believe in you
|c| lolsidkwhatimdoing|;_;
|
|switch|p2a: lols' waifu|Lopunny, M|271\/271
|turn|29
|c| Yhwach1|lopunne :'(
|c| Zyklon Ben|>male
|
|move|p2a: lols' waifu|Healing Wish|p2a: lols' waifu
|faint|p2a: lols' waifu
|move|p1a: Hippowdon|Earthquake|p2: lols' waifu|[notarget]
|-notarget
|
|-weather|Sandstorm|[upkeep]
|-heal|p1a: Hippowdon|407\/419|[from] item: Leftovers
|c| Zyklon Ben|are you a gay or something?
|c| lolsidkwhatimdoing|WUT
|
|switch|p2a: Comedy Gold|Sableye-Mega, M, shiny|88\/303 brn
|-heal|p2a: Comedy Gold|303\/303|[from] move: Healing Wish
|turn|30
|c| Yhwach1|epic
|
|switch|p1a: Altaria|Altaria-Mega, M, shiny|221\/353 tox
|-damage|p1a: Altaria|177\/353 tox|[from] Stealth Rock
|move|p2a: Comedy Gold|Will-O-Wisp|p1a: Altaria
|-fail|p1a: Altaria
|
|-weather|none
|-damage|p1a: Altaria|155\/353 tox|[from] psn
|turn|31
|c| pedro pancakes|leave champ alone imo
|
|switch|p2a: Rhaydon|Rhydon, F|248\/351
|move|p1a: Altaria|Heal Bell|p1a: Altaria
|-cureteam|p1a: Altaria|[from] move: HealBell
|
|turn|32
|c| Bobalopadus|>Leaving champ alone
|
|move|p1a: Altaria|Roost|p1a: Altaria
|-heal|p1a: Altaria|332\/353
|move|p2a: Rhaydon|Earthquake|p1a: Altaria
|-damage|p1a: Altaria|190\/353
|
|turn|33
|c| pedro pancakes|le ded hours face
|
|switch|p1a: Hippowdon|Hippowdon, M, shiny|407\/419
|-damage|p1a: Hippowdon|381\/419|[from] Stealth Rock
|-weather|Sandstorm
|move|p2a: Rhaydon|Earthquake|p1a: Hippowdon
|-damage|p1a: Hippowdon|261\/419
|
|-weather|Sandstorm|[upkeep]
|-heal|p1a: Hippowdon|287\/419|[from] item: Leftovers
|turn|34
|c| Yhwach1|epic faec
|
|move|p2a: Rhaydon|Swords Dance|p2a: Rhaydon
|-boost|p2a: Rhaydon|atk|2
|move|p1a: Hippowdon|Earthquake|p2a: Rhaydon
|-supereffective|p2a: Rhaydon
|-damage|p2a: Rhaydon|110\/351
|
|-weather|Sandstorm|[upkeep]
|-heal|p1a: Hippowdon|313\/419|[from] item: Leftovers
|turn|35
|c| Yhwach1|reveal crite
|
|move|p2a: Rhaydon|Earthquake|p1a: Hippowdon
|-damage|p1a: Hippowdon|48\/419
|move|p1a: Hippowdon|Earthquake|p2a: Rhaydon
|-supereffective|p2a: Rhaydon
|-damage|p2a: Rhaydon|0 fnt
|faint|p2a: Rhaydon
|
|-weather|Sandstorm|[upkeep]
|-heal|p1a: Hippowdon|74\/419|[from] item: Leftovers
|
|switch|p2a: Fedoradrill|Excadrill, M|185\/361
|-ability|p2a: Fedoradrill|Mold Breaker
|turn|36
|c| pedro pancakes|outquaked
|c| lolsidkwhatimdoing|>letting hippow die instead of just sending ches
|
|switch|p1a: Chesnaught|Chesnaught, M, shiny|379\/379
|-damage|p1a: Chesnaught|356\/379|[from] Stealth Rock
|move|p2a: Fedoradrill|Iron Head|p1a: Chesnaught
|-damage|p1a: Chesnaught|260\/379
|
|-weather|Sandstorm|[upkeep]
|-damage|p1a: Chesnaught|237\/379|[from] sandstorm
|-heal|p1a: Chesnaught|260\/379|[from] item: Leftovers
|turn|37
|c| lolsidkwhatimdoing|okay
|c| Yhwach1|sandstorme
|c| lolsidkwhatimdoing|chimp can win this now
|c| pedro pancakes|chimp pls don't get 6-0d
|
|move|p2a: Fedoradrill|Iron Head|p1a: Chesnaught
|-damage|p1a: Chesnaught|166\/379
|cant|p1a: Chesnaught|flinch
|
|-weather|none
|-heal|p1a: Chesnaught|189\/379|[from] item: Leftovers
|turn|38
|c|âThe Fedora Man|nice
|c| Yhwach1|heh
|
|switch|p2a: Comedy Gold|Sableye-Mega, M, shiny|303\/303
|move|p1a: Chesnaught|Drain Punch|p2a: Comedy Gold
|-immune|p2a: Comedy Gold|[msg]
|
|-heal|p1a: Chesnaught|212\/379|[from] item: Leftovers
|turn|39
|c| Yhwach1|easy................
|
|switch|p1a: Altaria|Altaria-Mega, M, shiny|190\/353
|-damage|p1a: Altaria|146\/353|[from] Stealth Rock
|move|p2a: Comedy Gold|Ominous Wind|p1a: Altaria
|-damage|p1a: Altaria|89\/353
|
|turn|40
|
|switch|p2a: Fedoradrill|Excadrill, M|185\/361
|-ability|p2a: Fedoradrill|Mold Breaker
|move|p1a: Altaria|Roost|p1a: Altaria
|-heal|p1a: Altaria|266\/353
|
|turn|41
|c| Zyklon Ben|why ominous wind?
|c|âThe Fedora Man|its ebin
|join|fdsfgs
|c| Yhwach1|>still no boosts
|c|âThe Fedora Man|i might change to smogonghost
|
|switch|p1a: Chansey|Chansey, F, shiny|561\/641
|-damage|p1a: Chansey|481\/641|[from] Stealth Rock
|move|p2a: Fedoradrill|Iron Head|p1a: Chansey
|-damage|p1a: Chansey|274\/641
|
|turn|42
|c| Akkeshi|[]
|
|switch|p2a: Comedy Gold|Sableye-Mega, M, shiny|303\/303
|switch|p1a: Hippowdon|Hippowdon, M, shiny|74\/419
|-damage|p1a: Hippowdon|48\/419|[from] Stealth Rock
|-weather|Sandstorm
|
|-weather|Sandstorm|[upkeep]
|-damage|p2a: Comedy Gold|285\/303|[from] sandstorm
|-heal|p1a: Hippowdon|74\/419|[from] item: Leftovers
|turn|43
|join|Preschool Fugitive
|c| Yhwach1|\/me kill chansey
|
|move|p1a: Hippowdon|Slack Off|p1a: Hippowdon
|-heal|p1a: Hippowdon|284\/419
|move|p2a: Comedy Gold|Will-O-Wisp|p1a: Hippowdon
|-status|p1a: Hippowdon|brn
|
|-weather|Sandstorm|[upkeep]
|-damage|p2a: Comedy Gold|267\/303|[from] sandstorm
|-heal|p1a: Hippowdon|310\/419 brn|[from] item: Leftovers
|-damage|p1a: Hippowdon|258\/419 brn|[from] brn
|turn|44
|c| Preschool Fugitive|Fucking morning and showderp going on
|c| Preschool Fugitive|THat's why i love you
|c| Akkeshi|nice use nerd
|
|switch|p1a: Altaria|Altaria-Mega, M, shiny|266\/353
|-damage|p1a: Altaria|222\/353|[from] Stealth Rock
|move|p2a: Comedy Gold|Will-O-Wisp|p1a: Altaria
|-status|p1a: Altaria|brn
|
|-weather|Sandstorm|[upkeep]
|-damage|p1a: Altaria|200\/353 brn|[from] sandstorm
|-damage|p2a: Comedy Gold|249\/303|[from] sandstorm
|-damage|p1a: Altaria|156\/353 brn|[from] brn
|turn|45
|c| Akkeshi|REKT
|c| fdsfgs|kek
|c| Yhwach1|heal jewing
|
|switch|p2a: Fedoradrill|Excadrill, M|185\/361
|-ability|p2a: Fedoradrill|Mold Breaker
|move|p1a: Altaria|Heal Bell|p1a: Altaria
|-cureteam|p1a: Altaria|[from] move: HealBell
|
|-weather|Sandstorm|[upkeep]
|-damage|p1a: Altaria|134\/353|[from] sandstorm
|turn|46
|
|switch|p1a: Hippowdon|Hippowdon, M, shiny|258\/419
|-damage|p1a: Hippowdon|232\/419|[from] Stealth Rock
|move|p2a: Fedoradrill|Iron Head|p1a: Hippowdon
|-damage|p1a: Hippowdon|132\/419
|
|-weather|none
|-heal|p1a: Hippowdon|158\/419|[from] item: Leftovers
|turn|47
|c| lolsidkwhatimdoing|reveal ded hippow
|
|switch|p2a: Comedy Gold|Sableye-Mega, M, shiny|249\/303
|move|p1a: Hippowdon|Slack Off|p1a: Hippowdon
|-heal|p1a: Hippowdon|368\/419
|
|-heal|p1a: Hippowdon|394\/419|[from] item: Leftovers
|turn|48
|
|switch|p1a: Volcarona|Volcarona, M, shiny|362\/373
|-damage|p1a: Volcarona|176\/373|[from] Stealth Rock
|move|p2a: Comedy Gold|Will-O-Wisp|p1a: Volcarona
|-fail|p1a: Volcarona
|
|-heal|p1a: Volcarona|199\/373|[from] item: Leftovers
|turn|49
|
|move|p1a: Volcarona|Fiery Dance|p2a: Comedy Gold
|-damage|p2a: Comedy Gold|171\/303
|-boost|p1a: Volcarona|spa|1
|move|p2a: Comedy Gold|Ominous Wind|p1a: Volcarona
|-damage|p1a: Volcarona|136\/373
|
|-heal|p1a: Volcarona|159\/373|[from] item: Leftovers
|turn|50
|c|âThe Fedora Man|boosts pls
|c| lolsidkwhatimdoing|outboosted hard
|leave|nobrakes
|c| Zyklon Ben|champ
|c|âThe Fedora Man|ok time to meme
|
|move|p1a: Volcarona|Quiver Dance|p1a: Volcarona
|-boost|p1a: Volcarona|spa|1
|-boost|p1a: Volcarona|spd|1
|-boost|p1a: Volcarona|spe|1
|move|p2a: Comedy Gold|Metronome|p2a: Comedy Gold
|move|p2a: Comedy Gold|Calm Mind|p2a: Comedy Gold|[from]Metronome
|-boost|p2a: Comedy Gold|spa|1
|-boost|p2a: Comedy Gold|spd|1
|
|-heal|p1a: Volcarona|182\/373|[from] item: Leftovers
|turn|51
|c| Yhwach1|>no boosts :(
|c| Zyklon Ben|are you getting 6-0d
|c| Zyklon Ben|looks like it
|c|âThe Fedora Man|ayy
|c| Yhwach1|Wow , epic
|
|move|p1a: Volcarona|Fiery Dance|p2a: Comedy Gold
|-damage|p2a: Comedy Gold|71\/303
|move|p2a: Comedy Gold|Ominous Wind|p1a: Volcarona
|-damage|p1a: Volcarona|122\/373
|
|-heal|p1a: Volcarona|145\/373|[from] item: Leftovers
|turn|52
|c| Bobalopadus|BOOSTS
|c| Yhwach1|>no boosts
|
|move|p1a: Volcarona|Fiery Dance|p2a: Comedy Gold
|-damage|p2a: Comedy Gold|0 fnt
|-boost|p1a: Volcarona|spa|1
|faint|p2a: Comedy Gold
|
|-heal|p1a: Volcarona|168\/373|[from] item: Leftovers
|c| Zyklon Ben|>getting 6-0d
|c| lolsidkwhatimdoing|>implying
|
|switch|p2a: keknee|Cottonee, L2, F|15\/15
|turn|53
|
|move|p2a: keknee|Leech Seed|p1a: Volcarona
|-start|p1a: Volcarona|move: Leech Seed
|move|p1a: Volcarona|Bug Buzz|p2a: keknee
|-enditem|p2a: keknee|Focus Sash
|-damage|p2a: keknee|1\/15
|
|-heal|p1a: Volcarona|191\/373|[from] item: Leftovers
|-damage|p1a: Volcarona|145\/373|[from] Leech Seed|[of] p2a: keknee
|-heal|p2a: keknee|15\/15|[silent]
|turn|54
|c| Zyklon Ben|lmao
|c| Zyklon Ben|6-0
|c| Bobalopadus|LIL MEME WINS
|
|move|p2a: keknee|Encore|p1a: Volcarona
|-start|p1a: Volcarona|Encore
|move|p1a: Volcarona|Bug Buzz|p2a: keknee
|-damage|p2a: keknee|0 fnt
|faint|p2a: keknee
|
|-heal|p1a: Volcarona|168\/373|[from] item: Leftovers
|c| Akkeshi|so monotype a shit?
|c| Akkeshi|:^)
|
|switch|p2a: Fedoradrill|Excadrill, M|185\/361
|-ability|p2a: Fedoradrill|Mold Breaker
|turn|55
|
|switch|p1a: Hippowdon|Hippowdon, M, shiny|394\/419
|-damage|p1a: Hippowdon|368\/419|[from] Stealth Rock
|-weather|Sandstorm
|move|p2a: Fedoradrill|Rock Slide|p1a: Hippowdon
|-resisted|p1a: Hippowdon
|-damage|p1a: Hippowdon|340\/419
|
|-weather|Sandstorm|[upkeep]
|-heal|p1a: Hippowdon|366\/419|[from] item: Leftovers
|turn|56
|c| Akkeshi|Muh 6-0
|leave|Zetunio
|c|âThe Fedora Man|ok
|c| emuswag|gotta preserve
|c| lolsidkwhatimdoing|>wanting 6-0 this much
|c|âThe Fedora Man|ill change to something less ebin
|
|move|p2a: Fedoradrill|Rock Slide|p1a: Hippowdon
|-resisted|p1a: Hippowdon
|-damage|p1a: Hippowdon|335\/419
|cant|p1a: Hippowdon|flinch
|
|-weather|Sandstorm|[upkeep]
|-heal|p1a: Hippowdon|361\/419|[from] item: Leftovers
|turn|57
|c| EndlessDicks|chimp is great
|
|move|p2a: Fedoradrill|Rock Slide|p1a: Hippowdon
|-miss|p2a: Fedoradrill|p1a: Hippowdon
|move|p1a: Hippowdon|Earthquake|p2a: Fedoradrill
|-supereffective|p2a: Fedoradrill
|-damage|p2a: Fedoradrill|0 fnt
|faint|p2a: Fedoradrill
|
|win|X TREE
|raw|Ladder updating...
|c| EndlessDicks|so skilled
|raw|X TREE's rating: 1527 &rarr; <strong>1541<\/strong><br \/>(+14 for winning)
|raw|The Fedora Man's rating: 1399 &rarr; <strong>1386<\/strong><br \/>(-13 for losing)
|c| EndlessDicks|outplayed all the way
|c| Zyklon Ben|just 20 more of those
|c| Akkeshi|Why are you using scarf drill champ?
|c| Akkeshi|it's bad