|join|updated kiddo
|join|X TREE
|join|Mother Mary
|player|p1|updated kiddo|85
|player|p2|X TREE|257
|gametype|singles
|gen|6
|tier|OU (suspect test)
|rated
|clearpoke
|poke|p1|Bisharp, M
|poke|p1|Azelf
|poke|p1|Raikou
|poke|p1|Metagross
|poke|p1|Landorus-Therian, M
|poke|p1|Keldeo
|poke|p2|Politoed, F, shiny
|poke|p2|Swampert, F, shiny
|poke|p2|Tornadus-Therian, M, shiny
|poke|p2|Chesnaught, F, shiny
|poke|p2|Starmie, shiny
|poke|p2|Empoleon, F, shiny
|rule|Swagger Clause: Swagger is banned
|rule|Baton Pass Clause: Limit one PokÃ©mon knowing Baton Pass
|rule|Sleep Clause Mod: Limit one foe put to sleep
|rule|Species Clause: Limit one of each PokÃ©mon
|rule|OHKO Clause: OHKO moves are banned
|rule|Moody Clause: Moody is banned
|rule|Evasion Moves Clause: Evasion moves are banned
|rule|Endless Battle Clause: Forcing endless battles is banned
|rule|HP Percentage Mod: HP is shown in percentages
|teampreview
|join|they call me good
|join|getting reqs
|
|start
|switch|p1a: Azelf|Azelf|291\/291
|switch|p2a: Eddy|Tornadus-Therian, M, shiny|301\/301
|turn|1
|
|move|p2a: Eddy|Taunt|p1a: Azelf
|-start|p1a: Azelf|move: Taunt
|cant|p1a: Azelf|move: Taunt|Stealth Rock
|
|turn|2
|
|switch|p2a: Kevin|Swampert, F, shiny|341\/341
|switch|p1a: Raikou|Raikou|321\/321
|-ability|p1a: Raikou|Pressure
|
|turn|3
|join|Reud
|join|nidvikie
|join|Ary
|
|switch|p1a: Azelf|Azelf|291\/291
|detailschange|p2a: Kevin|Swampert-Mega, F, shiny
|-mega|p2a: Kevin|Swampert|Swampertite
|move|p2a: Kevin|Waterfall|p1a: Azelf
|-damage|p1a: Azelf|59\/291
|
|turn|4
|join|Breeloom
|leave|Breeloom
|
|move|p1a: Azelf|Stealth Rock|p2a: Kevin
|-sidestart|p2: X TREE|move: Stealth Rock
|move|p2a: Kevin|Waterfall|p1a: Azelf
|-damage|p1a: Azelf|0 fnt
|faint|p1a: Azelf
|
|
|switch|p1a: Keldeo|Keldeo|323\/323
|turn|5
|c| they call me good|nice mono rain team â(ââ¿ââ¿)â
|c|âX TREE|what does mono rain mean?
|join|Breeloom
|c| they call me good|it means 4 water types with a grass and flying type
|
|switch|p2a: Rolf|Empoleon, F, shiny|371\/371
|-damage|p2a: Rolf|348\/371|[from] Stealth Rock
|move|p1a: Keldeo|Secret Sword|p2a: Rolf
|-supereffective|p2a: Rolf
|-damage|p2a: Rolf|0 fnt
|faint|p2a: Rolf
|
|c| Breeloom|nice switcharoo
|
|switch|p2a: Nazz|Starmie, shiny|261\/261
|-damage|p2a: Nazz|229\/261|[from] Stealth Rock
|turn|6
|
|switch|p1a: Raikou|Raikou|321\/321
|-ability|p1a: Raikou|Pressure
|move|p2a: Nazz|Hydro Pump|p1a: Raikou
|-damage|p1a: Raikou|130\/321
|-damage|p2a: Nazz|203\/261|[from] item: Life Orb
|
|turn|7
|
|switch|p2a: Kevin|Swampert-Mega, F, shiny|341\/341
|-damage|p2a: Kevin|320\/341|[from] Stealth Rock
|move|p1a: Raikou|Shadow Ball|p2a: Kevin
|-damage|p2a: Kevin|245\/341
|
|turn|8
|c| they call me good|u watch ed edd and eddy too? ;D
|c| Breeloom|I watched it too as a kid XD
|c| nidvikie|xd
|
|move|p1a: Raikou|Shadow Ball|p2a: Kevin
|-damage|p2a: Kevin|166\/341
|move|p2a: Kevin|Waterfall|p1a: Raikou
|-damage|p1a: Raikou|0 fnt
|faint|p1a: Raikou
|
|c| they call me good|lol what a coincidence !
|c| Ary|I still watch ed, edd n eddy....
|c|âX TREE|its 1 star on netflix
|c| nidvikie|the good old 90s am i right...
|
|switch|p1a: Keldeo|Keldeo|323\/323
|turn|9
|c| getting reqs|kanto
|c| they call me good|?
|c| getting reqs|who hasn't watched that show
|c| getting reqs|?
|c| they call me good|u
|
|switch|p2a: Nazz|Starmie, shiny|203\/261
|-damage|p2a: Nazz|171\/261|[from] Stealth Rock
|move|p1a: Keldeo|Hydro Pump|p2a: Nazz|[miss]
|-miss|p1a: Keldeo|p2a: Nazz
|
|turn|10
|join|Vaporeon for Ubers
|c| getting reqs|>me
|c| they call me good|not me
|c| they call me good|u
|c| getting reqs|smh
|
|move|p2a: Nazz|Thunder|p1a: Keldeo
|-supereffective|p1a: Keldeo
|-damage|p1a: Keldeo|14\/323
|-damage|p2a: Nazz|145\/261|[from] item: Life Orb
|move|p1a: Keldeo|Hydro Pump|p2a: Nazz
|-resisted|p2a: Nazz
|-damage|p2a: Nazz|0 fnt
|faint|p2a: Nazz
|
|
|switch|p2a: Eddy|Tornadus-Therian, M, shiny|301\/301
|-damage|p2a: Eddy|226\/301|[from] Stealth Rock
|turn|11
|
|move|p2a: Eddy|Knock Off|p1a: Keldeo
|-resisted|p1a: Keldeo
|-damage|p1a: Keldeo|0 fnt
|-enditem|p1a: Keldeo|Choice Specs|[from] move: Knock Off|[of] p2a: Eddy
|-damage|p2a: Eddy|196\/301|[from] item: Life Orb
|faint|p1a: Keldeo
|
|join|BCJ
|join|Baselord CTC
|
|switch|p1a: Landorus-Therian|Landorus-Therian, M|335\/335
|-ability|p1a: Landorus-Therian|Intimidate|[of] p2a: Eddy
|-unboost|p2a: Eddy|atk|1
|turn|12
|
|move|p1a: Landorus-Therian|U-turn|p2a: Eddy
|-resisted|p2a: Eddy
|-damage|p2a: Eddy|143\/301
|leave|getting reqs
|join|getting reqs
|
|switch|p1a: Metagross|Metagross|301\/301
|move|p2a: Eddy|Knock Off|p1a: Metagross
|-supereffective|p1a: Metagross
|-damage|p1a: Metagross|236\/301
|-damage|p2a: Eddy|113\/301|[from] item: Life Orb
|
|turn|13
|join|unzips kid
|
|detailschange|p1a: Metagross|Metagross-Mega
|-mega|p1a: Metagross|Metagross|Metagrossite
|move|p2a: Eddy|Taunt|p1a: Metagross
|-start|p1a: Metagross|move: Taunt
|move|p1a: Metagross|Ice Punch|p2a: Eddy
|-supereffective|p2a: Eddy
|-damage|p2a: Eddy|0 fnt
|faint|p2a: Eddy
|
|
|switch|p2a: Ed|Politoed, F, shiny|383\/383
|-damage|p2a: Ed|336\/383|[from] Stealth Rock
|-weather|RainDance
|turn|14
|
|move|p1a: Metagross|Zen Headbutt|p2a: Ed
|-damage|p2a: Ed|66\/383
|move|p2a: Ed|Scald|p1a: Metagross
|-damage|p1a: Metagross|116\/301
|
|-weather|RainDance|[upkeep]
|turn|15
|
|move|p1a: Metagross|Earthquake|p2a: Ed
|-damage|p2a: Ed|0 fnt
|faint|p2a: Ed
|
|-weather|RainDance|[upkeep]
|-end|p1a: Metagross|move: Taunt
|c| getting reqs|now u lose
|c| getting reqs|to swampert
|c| getting reqs|: \/
|c| Ary|what is an lo bisharp
|
|switch|p2a: Kevin|Swampert-Mega, F, shiny|166\/341
|-damage|p2a: Kevin|145\/341|[from] Stealth Rock
|turn|16
|
|switch|p1a: Landorus-Therian|Landorus-Therian, M|335\/335
|-ability|p1a: Landorus-Therian|Intimidate|[of] p2a: Kevin
|-unboost|p2a: Kevin|atk|1
|move|p2a: Kevin|Waterfall|p1a: Landorus-Therian
|-supereffective|p1a: Landorus-Therian
|-damage|p1a: Landorus-Therian|0 fnt
|faint|p1a: Landorus-Therian
|
|-weather|RainDance|[upkeep]
|c| Breeloom|gg kevin
|c| Breeloom|KEVIN
|c| Breeloom|COMING
|c| Breeloom|THROUGH
|
|switch|p1a: Bisharp|Bisharp, M|271\/271
|turn|17
|c|âX TREE|dorks
|c| nidvikie|SMELL YA LATER
|c| nidvikie|D O R K S
|join|Alldaalts
|c| Breeloom|MY BOI KEVIN
|
|switch|p2a: Edd|Chesnaught, F, shiny|379\/379
|-damage|p2a: Edd|356\/379|[from] Stealth Rock
|move|p1a: Bisharp|Sucker Punch|p2a: Edd
|-fail|p2a: Edd
|
|-weather|RainDance|[upkeep]
|-heal|p2a: Edd|379\/379|[from] item: Leftovers
|turn|18
|
|move|p1a: Bisharp|Iron Head|p2a: Edd
|-damage|p2a: Edd|269\/379
|-damage|p1a: Bisharp|244\/271|[from] item: Life Orb
|move|p2a: Edd|Drain Punch|p1a: Bisharp
|-supereffective|p1a: Bisharp
|-damage|p1a: Bisharp|0 fnt
|-heal|p2a: Edd|379\/379|[from] drain|[of] p1a: Bisharp
|faint|p1a: Bisharp
|
|-weather|RainDance|[upkeep]
|c| getting reqs|WHY
|c| getting reqs|DID U CHOKE
|c| getting reqs|T H I S H A R D
|
|switch|p1a: Metagross|Metagross-Mega|116\/301
|turn|19
|
|move|p1a: Metagross|Ice Punch|p2a: Edd
|-supereffective|p2a: Edd
|-damage|p2a: Edd|201\/379
|move|p2a: Edd|Drain Punch|p1a: Metagross
|-damage|p1a: Metagross|49\/301
|-heal|p2a: Edd|235\/379|[from] drain|[of] p1a: Metagross
|
|-weather|RainDance|[upkeep]
|-heal|p2a: Edd|258\/379|[from] item: Leftovers
|turn|20
|c|âupdated kiddo|server lag
|
|move|p1a: Metagross|Zen Headbutt|p2a: Edd
|-supereffective|p2a: Edd
|-damage|p2a: Edd|10\/379
|cant|p2a: Edd|flinch
|
|-weather|RainDance|[upkeep]
|-heal|p2a: Edd|33\/379|[from] item: Leftovers
|turn|21
|c| getting reqs|AYYY LMAO
|c|âX TREE|if only it killed
|c|âupdated kiddo|lag
|c| Breeloom|skill
|c|âupdated kiddo|zarel
|c| Breeloom|skill
|
|move|p2a: Edd|Spiky Shield|p2a: Edd
|-singleturn|p2a: Edd|move: Protect
|move|p1a: Metagross|Ice Punch|p2a: Edd
|-activate|p2a: Edd|move: Protect
|-damage|p1a: Metagross|12\/301|[from] Spiky Shield|[of] p2a: Edd
|
|-weather|none
|-heal|p2a: Edd|56\/379|[from] item: Leftovers
|turn|22
|c| Breeloom|skill
|c| Breeloom|AYY LMAO
|join|novicus
|c| getting reqs|WHY
|c| getting reqs|DIDNT U EQ
|c| getting reqs|WHYYYYY
|
|switch|p2a: Kevin|Swampert-Mega, F, shiny|145\/341
|-damage|p2a: Kevin|124\/341|[from] Stealth Rock
|move|p1a: Metagross|Ice Punch|p2a: Kevin
|-damage|p2a: Kevin|3\/341
|
|turn|23
|c| Ary|kek
|
|move|p1a: Metagross|Ice Punch|p2a: Kevin
|-damage|p2a: Kevin|0 fnt
|faint|p2a: Kevin
|
|
|switch|p2a: Edd|Chesnaught, F, shiny|56\/379
|-damage|p2a: Edd|33\/379|[from] Stealth Rock
|turn|24
|c| Breeloom|>getting ayy lmaod this hard
|
|move|p2a: Edd|Spiky Shield|p2a: Edd
|-singleturn|p2a: Edd|move: Protect
|move|p1a: Metagross|Earthquake|p2a: Edd
|-activate|p2a: Edd|move: Protect
|
|-heal|p2a: Edd|56\/379|[from] item: Leftovers
|turn|25
|c| Breeloom|AYYY
|c| unzips kid|dubs
|c| unzips kid|dubs
|c| novicus|dOUBLE SHIELD
|join|Ebinola
|leave|Alldaalts
|c| Breeloom|dubs
|c| Breeloom|inc
|c| Ary|lmao
|join|strOKing
|c| Ary|this kid is terrible
|c| Ary|you have
|c|âupdated kiddo|I stroked
|c| Ary|to zen
|c|âupdated kiddo|so much
|c| Ary|flip the coin
|
|move|p2a: Edd|Spiky Shield|p2a: Edd
|-fail|p2a: Edd
|move|p1a: Metagross|Ice Punch|p2a: Edd
|-supereffective|p2a: Edd
|-damage|p2a: Edd|0 fnt
|faint|p2a: Edd
|
|win|updated kiddo
|raw|Ladder updating...
|c| nidvikie|ayyyyyyyyyyyyyyy
|c|âX TREE|gg
|c|âupdated kiddo|geeg
|raw|updated kiddo's rating: 1473 &rarr; <strong>1486<\/strong><br \/>(+13 for winning)
|raw|X TREE's rating: 1357 &rarr; <strong>1344<\/strong><br \/>(-13 for losing)
|leave|novicus
|leave|nidvikie