|join|FooPossum
|join|whats flare blitz
|player|p1|FooPossum|224
|player|p2|whats flare blitz|171
|gametype|singles
|gen|6
|tier|UU
|rated
|rule|Sleep Clause Mod: Limit one foe put to sleep
|rule|Species Clause: Limit one of each PokÃ©mon
|rule|OHKO Clause: OHKO moves are banned
|rule|Moody Clause: Moody is banned
|rule|Evasion Moves Clause: Evasion moves are banned
|rule|Endless Battle Clause: Forcing endless battles is banned
|rule|HP Percentage Mod: HP is shown in percentages
|clearpoke
|poke|p1|Whimsicott, M
|poke|p1|Nidoqueen, F
|poke|p1|Aerodactyl, M
|poke|p1|Lucario, F
|poke|p1|Jirachi, shiny
|poke|p1|Hydreigon, M
|poke|p2|Sharpedo, M
|poke|p2|Entei, shiny
|poke|p2|Celebi
|poke|p2|Cobalion
|poke|p2|Whimsicott, F
|poke|p2|Aerodactyl, M
|rule|Swagger Clause: Swagger is banned
|rule|Baton Pass Clause: Limit one PokÃ©mon knowing Baton Pass
|teampreview
|
|start
|switch|p1a: Hydreigon|Hydreigon, M|325\/325
|switch|p2a: Shark 1|Aerodactyl, M|301\/301
|-ability|p2a: Shark 1|Pressure
|turn|1
|
|detailschange|p2a: Shark 1|Aerodactyl-Mega, M
|message|Aerodactyl has Mega Evolved into Mega Aerodactyl!
|move|p1a: Hydreigon|Dark Pulse|p2a: Shark 1
|-damage|p2a: Shark 1|148\/301
|cant|p2a: Shark 1|flinch
|
|turn|2
|
|switch|p1a: Nidoqueen|Nidoqueen, F|366\/366
|switch|p2a: Vegetable 1|Whimsicott, F|261\/261
|
|turn|3
|
|move|p2a: Vegetable 1|Giga Drain|p1a: Nidoqueen
|-damage|p1a: Nidoqueen|261\/366
|move|p1a: Nidoqueen|Stealth Rock|p2a: Vegetable 1
|-sidestart|p2: whats flare blitz|move: Stealth Rock
|
|turn|4
|
|move|p2a: Vegetable 1|Encore|p1a: Nidoqueen
|-start|p1a: Nidoqueen|Encore
|move|p1a: Nidoqueen|Stealth Rock|p2a: Vegetable 1
|-fail|p2a: Vegetable 1
|
|turn|5
|
|switch|p1a: Jirachi|Jirachi, shiny|341\/341
|move|p2a: Vegetable 1|U-turn|p1a: Jirachi
|-damage|p1a: Jirachi|305\/341
|join|FuknCasuals
|
|switch|p2a: Shark 1|Aerodactyl-Mega, M|148\/301
|-damage|p2a: Shark 1|73\/301|[from] Stealth Rock
|
|-heal|p1a: Jirachi|326\/341|[from] item: Leftovers
|turn|6
|
|move|p2a: Shark 1|Pursuit|p1a: Jirachi
|-supereffective|p1a: Jirachi
|-damage|p1a: Jirachi|172\/341
|move|p1a: Jirachi|Psyshock|p2a: Shark 1
|-damage|p2a: Shark 1|0 fnt
|faint|p2a: Shark 1
|
|-heal|p1a: Jirachi|193\/341|[from] item: Leftovers
|c| FuknCasuals|nice
|
|switch|p2a: Dog 1|Cobalion|323\/323
|-damage|p2a: Dog 1|313\/323|[from] Stealth Rock
|turn|7
|
|move|p2a: Dog 1|Stealth Rock|p1a: Jirachi
|-sidestart|p1: FooPossum|move: Stealth Rock
|move|p1a: Jirachi|Calm Mind|p1a: Jirachi
|-boost|p1a: Jirachi|spa|1
|-boost|p1a: Jirachi|spd|1
|
|-heal|p2a: Dog 1|323\/323|[from] item: Leftovers
|-heal|p1a: Jirachi|214\/341|[from] item: Leftovers
|turn|8
|c| FuknCasuals|KEK
|
|move|p2a: Dog 1|Close Combat|p1a: Jirachi
|-damage|p1a: Jirachi|37\/341
|-unboost|p2a: Dog 1|def|1
|-unboost|p2a: Dog 1|spd|1
|move|p1a: Jirachi|Moonblast|p2a: Dog 1
|-damage|p2a: Dog 1|69\/323
|-unboost|p2a: Dog 1|spa|1
|
|-heal|p2a: Dog 1|89\/323|[from] item: Leftovers
|-heal|p1a: Jirachi|58\/341|[from] item: Leftovers
|turn|9
|
|move|p2a: Dog 1|Close Combat|p1a: Jirachi
|-damage|p1a: Jirachi|0 fnt
|-unboost|p2a: Dog 1|def|1
|-unboost|p2a: Dog 1|spd|1
|faint|p1a: Jirachi
|
|-heal|p2a: Dog 1|109\/323|[from] item: Leftovers
|
|switch|p1a: Aerodactyl|Aerodactyl, M|321\/321
|-damage|p1a: Aerodactyl|241\/321|[from] Stealth Rock
|turn|10
|
|switch|p1a: Nidoqueen|Nidoqueen, F|261\/366
|-damage|p1a: Nidoqueen|239\/366|[from] Stealth Rock
|move|p2a: Dog 1|Close Combat|p1a: Nidoqueen
|-resisted|p1a: Nidoqueen
|-damage|p1a: Nidoqueen|152\/366
|-unboost|p2a: Dog 1|def|1
|-unboost|p2a: Dog 1|spd|1
|
|-heal|p2a: Dog 1|129\/323|[from] item: Leftovers
|turn|11
|
|switch|p2a: Vegetable 1|Whimsicott, F|261\/261
|-damage|p2a: Vegetable 1|229\/261|[from] Stealth Rock
|move|p1a: Nidoqueen|Ice Beam|p2a: Vegetable 1
|-crit|p2a: Vegetable 1
|-supereffective|p2a: Vegetable 1
|-damage|p2a: Vegetable 1|0 fnt
|faint|p2a: Vegetable 1
|
|
|switch|p2a: Dog 2|Entei, shiny|371\/371
|-damage|p2a: Dog 2|279\/371|[from] Stealth Rock
|-ability|p2a: Dog 2|Pressure
|turn|12
|
|move|p2a: Dog 2|Sacred Fire|p1a: Nidoqueen
|-damage|p1a: Nidoqueen|0 fnt
|-damage|p2a: Dog 2|242\/371|[from] item: Life Orb
|faint|p1a: Nidoqueen
|
|
|switch|p1a: Aerodactyl|Aerodactyl, M|241\/321
|-damage|p1a: Aerodactyl|161\/321|[from] Stealth Rock
|turn|13
|
|switch|p2a: Vegetable 2|Celebi|404\/404
|-damage|p2a: Vegetable 2|354\/404|[from] Stealth Rock
|detailschange|p1a: Aerodactyl|Aerodactyl-Mega, M
|message|Aerodactyl has Mega Evolved into Mega Aerodactyl!
|move|p1a: Aerodactyl|Aqua Tail|p2a: Vegetable 2
|-resisted|p2a: Vegetable 2
|-damage|p2a: Vegetable 2|296\/404
|
|turn|14
|
|move|p1a: Aerodactyl|Stone Edge|p2a: Vegetable 2
|-damage|p2a: Vegetable 2|157\/404
|move|p2a: Vegetable 2|Baton Pass|p2a: Vegetable 2
|
|switch|p2a: Dog 1|Cobalion|129\/323
|-damage|p2a: Dog 1|119\/323|[from] Stealth Rock
|
|-heal|p2a: Dog 1|139\/323|[from] item: Leftovers
|turn|15
|
|move|p1a: Aerodactyl|Aqua Tail|p2a: Dog 1
|-damage|p2a: Dog 1|11\/323
|move|p2a: Dog 1|Close Combat|p1a: Aerodactyl
|-damage|p1a: Aerodactyl|0 fnt
|-unboost|p2a: Dog 1|def|1
|-unboost|p2a: Dog 1|spd|1
|faint|p1a: Aerodactyl
|
|-heal|p2a: Dog 1|31\/323|[from] item: Leftovers
|
|switch|p1a: Lucario|Lucario, F|281\/281
|-damage|p1a: Lucario|273\/281|[from] Stealth Rock
|turn|16
|
|move|p1a: Lucario|Extreme Speed|p2a: Dog 1
|-resisted|p2a: Dog 1
|-damage|p2a: Dog 1|0 fnt
|-damage|p1a: Lucario|245\/281|[from] item: Life Orb
|faint|p2a: Dog 1
|
|
|switch|p2a: Dog 2|Entei, shiny|242\/371
|-damage|p2a: Dog 2|150\/371|[from] Stealth Rock
|-ability|p2a: Dog 2|Pressure
|turn|17
|
|switch|p1a: Hydreigon|Hydreigon, M|325\/325
|-damage|p1a: Hydreigon|285\/325|[from] Stealth Rock
|move|p2a: Dog 2|Sacred Fire|p1a: Hydreigon
|-resisted|p1a: Hydreigon
|-damage|p1a: Hydreigon|145\/325
|-damage|p2a: Dog 2|113\/371|[from] item: Life Orb
|
|turn|18
|
|switch|p2a: Vegetable 2|Celebi|157\/404
|-damage|p2a: Vegetable 2|107\/404|[from] Stealth Rock
|move|p1a: Hydreigon|Dark Pulse|p2a: Vegetable 2
|-supereffective|p2a: Vegetable 2
|-damage|p2a: Vegetable 2|0 fnt
|faint|p2a: Vegetable 2
|
|
|switch|p2a: Shark 2|Sharpedo, M|281\/281
|-damage|p2a: Shark 2|246\/281|[from] Stealth Rock
|turn|19
|
|move|p1a: Hydreigon|Dark Pulse|p2a: Shark 2
|-resisted|p2a: Shark 2
|-damage|p2a: Shark 2|85\/281
|move|p2a: Shark 2|Ice Beam|p1a: Hydreigon
|-supereffective|p1a: Hydreigon
|-damage|p1a: Hydreigon|0 fnt
|-damage|p2a: Shark 2|57\/281|[from] item: Life Orb
|faint|p1a: Hydreigon
|
|-boost|p2a: Shark 2|spe|1|[from] ability: Speed Boost
|
|switch|p1a: Lucario|Lucario, F|245\/281
|-damage|p1a: Lucario|237\/281|[from] Stealth Rock
|turn|20
|
|move|p1a: Lucario|Extreme Speed|p2a: Shark 2
|-damage|p2a: Shark 2|0 fnt
|-damage|p1a: Lucario|209\/281|[from] item: Life Orb
|faint|p2a: Shark 2
|
|
|switch|p2a: Dog 2|Entei, shiny|113\/371
|-damage|p2a: Dog 2|21\/371|[from] Stealth Rock
|-ability|p2a: Dog 2|Pressure
|turn|21
|
|move|p1a: Lucario|Extreme Speed|p2a: Dog 2
|-damage|p2a: Dog 2|0 fnt
|-damage|p1a: Lucario|181\/281|[from] item: Life Orb
|faint|p2a: Dog 2
|
|win|FooPossum
|raw|Ladder updating...
|raw|FooPossum's rating: 1647 &rarr; <strong>1663<\/strong><br \/>(+16 for winning)
|raw|whats flare blitz's rating: 1572 &rarr; <strong>1557<\/strong><br \/>(-15 for losing)