|join|FooPossum
|join|Fermat
|player|p1|FooPossum|224
|player|p2|Fermat|252
|gametype|singles
|gen|6
|tier|UU
|rated
|rule|Sleep Clause Mod: Limit one foe put to sleep
|rule|Species Clause: Limit one of each PokÃ©mon
|rule|OHKO Clause: OHKO moves are banned
|rule|Moody Clause: Moody is banned
|rule|Evasion Moves Clause: Evasion moves are banned
|rule|Endless Battle Clause: Forcing endless battles is banned
|rule|HP Percentage Mod: HP is shown in percentages
|clearpoke
|poke|p1|Virizion
|poke|p1|Nidoqueen, F
|poke|p1|Aerodactyl, M
|poke|p1|Lucario, F
|poke|p1|Jirachi, shiny
|poke|p1|Hydreigon, M
|poke|p2|Aerodactyl, F
|poke|p2|Cloyster, F
|poke|p2|Jirachi
|poke|p2|Victini
|poke|p2|Lucario, M
|poke|p2|Espeon, F
|rule|Swagger Clause: Swagger is banned
|rule|Baton Pass Clause: Limit one PokÃ©mon knowing Baton Pass
|teampreview
|
|start
|switch|p1a: Dionysus|Hydreigon, M|325\/325
|switch|p2a: Jirachi|Jirachi|341\/341
|turn|1
|
|move|p2a: Jirachi|U-turn|p1a: Dionysus
|-supereffective|p1a: Dionysus
|-damage|p1a: Dionysus|179\/325
|
|switch|p2a: Lucario|Lucario, M|281\/281
|move|p1a: Dionysus|Dark Pulse|p2a: Lucario
|-crit|p2a: Lucario
|-resisted|p2a: Lucario
|-damage|p2a: Lucario|93\/281
|-damage|p1a: Dionysus|147\/325|[from] item: Life Orb
|
|turn|2
|
|switch|p1a: Meshugah|Nidoqueen, F|366\/366
|move|p2a: Lucario|Vacuum Wave|p1a: Meshugah
|-resisted|p1a: Meshugah
|-damage|p1a: Meshugah|321\/366
|-damage|p2a: Lucario|65\/281|[from] item: Life Orb
|
|turn|3
|
|switch|p2a: Aerodactyl|Aerodactyl, F|331\/331
|move|p1a: Meshugah|Earth Power|p2a: Aerodactyl
|-immune|p2a: Aerodactyl|[msg]
|
|turn|4
|
|detailschange|p2a: Aerodactyl|Aerodactyl-Mega, F
|message|Aerodactyl has Mega Evolved into Mega Aerodactyl!
|move|p2a: Aerodactyl|Earthquake|p1a: Meshugah
|-supereffective|p1a: Meshugah
|-damage|p1a: Meshugah|35\/366
|move|p1a: Meshugah|Stealth Rock|p2a: Aerodactyl
|-sidestart|p2: Fermat|move: Stealth Rock
|
|turn|5
|
|move|p2a: Aerodactyl|Ice Fang|p1a: Meshugah
|-supereffective|p1a: Meshugah
|-damage|p1a: Meshugah|0 fnt
|faint|p1a: Meshugah
|
|
|switch|p1a: zotob|Jirachi, shiny|341\/341
|turn|6
|
|move|p2a: Aerodactyl|Earthquake|p1a: zotob
|-supereffective|p1a: zotob
|-damage|p1a: zotob|89\/341
|move|p1a: zotob|Psyshock|p2a: Aerodactyl
|-damage|p2a: Aerodactyl|198\/331
|
|-heal|p1a: zotob|110\/341|[from] item: Leftovers
|turn|7
|
|move|p2a: Aerodactyl|Earthquake|p1a: zotob
|-supereffective|p1a: zotob
|-damage|p1a: zotob|0 fnt
|faint|p1a: zotob
|
|
|switch|p1a: Hermanubis|Lucario, F|281\/281
|turn|8
|
|move|p1a: Hermanubis|Bullet Punch|p2a: Aerodactyl
|-supereffective|p2a: Aerodactyl
|-damage|p2a: Aerodactyl|0 fnt
|-damage|p1a: Hermanubis|253\/281|[from] item: Life Orb
|faint|p2a: Aerodactyl
|
|
|switch|p2a: Jirachi|Jirachi|341\/341
|-damage|p2a: Jirachi|320\/341|[from] Stealth Rock
|turn|9
|
|move|p2a: Jirachi|Fire Punch|p1a: Hermanubis
|-supereffective|p1a: Hermanubis
|-damage|p1a: Hermanubis|47\/281
|-status|p1a: Hermanubis|brn
|move|p1a: Hermanubis|Close Combat|p2a: Jirachi
|-damage|p2a: Jirachi|178\/341
|-unboost|p1a: Hermanubis|def|1
|-unboost|p1a: Hermanubis|spd|1
|-damage|p1a: Hermanubis|19\/281 brn|[from] item: Life Orb
|
|-heal|p2a: Jirachi|199\/341|[from] item: Leftovers
|-damage|p1a: Hermanubis|0 fnt|[from] brn
|faint|p1a: Hermanubis
|
|switch|p1a: boognish|Virizion|323\/323
|turn|10
|
|move|p1a: boognish|Swords Dance|p1a: boognish
|-boost|p1a: boognish|atk|2
|move|p2a: Jirachi|Fire Punch|p1a: boognish
|-supereffective|p1a: boognish
|-damage|p1a: boognish|123\/323
|
|-heal|p2a: Jirachi|220\/341|[from] item: Leftovers
|turn|11
|
|move|p1a: boognish|Close Combat|p2a: Jirachi
|-damage|p2a: Jirachi|0 fnt
|-unboost|p1a: boognish|def|1
|-unboost|p1a: boognish|spd|1
|faint|p2a: Jirachi
|
|
|switch|p2a: Espeon|Espeon, F|272\/272
|-damage|p2a: Espeon|238\/272|[from] Stealth Rock
|turn|12
|
|move|p2a: Espeon|Dazzling Gleam|p1a: boognish
|-supereffective|p1a: boognish
|-damage|p1a: boognish|0 fnt
|faint|p1a: boognish
|
|
|switch|p1a: Dakuwaqa|Aerodactyl, M|321\/321
|turn|13
|
|detailschange|p1a: Dakuwaqa|Aerodactyl-Mega, M
|message|Aerodactyl has Mega Evolved into Mega Aerodactyl!
|move|p2a: Espeon|Dazzling Gleam|p1a: Dakuwaqa
|-damage|p1a: Dakuwaqa|213\/321
|move|p1a: Dakuwaqa|Pursuit|p2a: Espeon
|-supereffective|p2a: Espeon
|-damage|p2a: Espeon|22\/272
|
|turn|14
|
|move|p2a: Espeon|Dazzling Gleam|p1a: Dakuwaqa
|-damage|p1a: Dakuwaqa|105\/321
|move|p1a: Dakuwaqa|Pursuit|p2a: Espeon
|-supereffective|p2a: Espeon
|-damage|p2a: Espeon|0 fnt
|faint|p2a: Espeon
|
|
|switch|p2a: Cloyster|Cloyster, F|242\/242
|-damage|p2a: Cloyster|182\/242|[from] Stealth Rock
|turn|15
|
|move|p1a: Dakuwaqa|Stone Edge|p2a: Cloyster
|-crit|p2a: Cloyster
|-supereffective|p2a: Cloyster
|-damage|p2a: Cloyster|0 fnt
|faint|p2a: Cloyster
|
|
|switch|p2a: Victini|Victini|341\/341
|-damage|p2a: Victini|256\/341|[from] Stealth Rock
|turn|16
|
|switch|p1a: Dionysus|Hydreigon, M|147\/325
|move|p2a: Victini|V-create|p1a: Dionysus
|-crit|p1a: Dionysus
|-resisted|p1a: Dionysus
|-damage|p1a: Dionysus|0 fnt
|-unboost|p2a: Victini|def|1
|-unboost|p2a: Victini|spd|1
|-unboost|p2a: Victini|spe|1
|faint|p1a: Dionysus
|
|
|switch|p1a: Dakuwaqa|Aerodactyl-Mega, M|105\/321
|turn|17
|
|move|p1a: Dakuwaqa|Aqua Tail|p2a: Victini
|-supereffective|p2a: Victini
|-damage|p2a: Victini|0 fnt
|faint|p2a: Victini
|
|
|switch|p2a: Lucario|Lucario, M|65\/281
|-damage|p2a: Lucario|57\/281|[from] Stealth Rock
|turn|18
|c|âFermat| GO LUKE
|c|âFermat|you can do it i knwo
|
|move|p2a: Lucario|Vacuum Wave|p1a: Dakuwaqa
|-damage|p1a: Dakuwaqa|15\/321
|-damage|p2a: Lucario|29\/281|[from] item: Life Orb
|move|p1a: Dakuwaqa|Aqua Tail|p2a: Lucario
|-damage|p2a: Lucario|0 fnt
|faint|p2a: Lucario
|
|win|FooPossum
|raw|Ladder updating...
|raw|FooPossum's rating: 1534 &rarr; <strong>1548<\/strong><br \/>(+14 for winning)
|raw|Fermat's rating: 1438 &rarr; <strong>1424<\/strong><br \/>(-14 for losing)
|c|âFermat|close
|c|âFermat|gg
|leave|Fermat
|player|p2