|join|FooPossum
|join|roast toast
|player|p1|FooPossum|224
|player|p2|roast toast|110
|gametype|singles
|gen|6
|tier|UU
|rated
|rule|Sleep Clause Mod: Limit one foe put to sleep
|rule|Species Clause: Limit one of each PokÃ©mon
|rule|OHKO Clause: OHKO moves are banned
|rule|Moody Clause: Moody is banned
|rule|Evasion Moves Clause: Evasion moves are banned
|rule|Endless Battle Clause: Forcing endless battles is banned
|rule|HP Percentage Mod: HP is shown in percentages
|clearpoke
|poke|p1|Shaymin
|poke|p1|Nidoqueen, F
|poke|p1|Aerodactyl, M
|poke|p1|Lucario, F
|poke|p1|Victini
|poke|p1|Hydreigon, M
|poke|p2|Froslass, F
|poke|p2|Aerodactyl, F
|poke|p2|Swampert, F
|poke|p2|Sableye, F
|poke|p2|Shaymin
|poke|p2|Lucario, F
|rule|Swagger Clause: Swagger is banned
|rule|Baton Pass Clause: Limit one PokÃ©mon knowing Baton Pass
|teampreview
|
|start
|switch|p1a: Victini|Victini|341\/341
|switch|p2a: Froslass|Froslass, F|281\/281
|turn|1
|
|move|p2a: Froslass|Spikes|p1a: Victini
|-sidestart|p1: FooPossum|Spikes
|move|p1a: Victini|U-turn|p2a: Froslass
|-resisted|p2a: Froslass
|-damage|p2a: Froslass|213\/281
|
|switch|p1a: Dionysus|Hydreigon, M|325\/325
|
|turn|2
|
|move|p2a: Froslass|Ice Shard|p1a: Dionysus
|-supereffective|p1a: Dionysus
|-damage|p1a: Dionysus|209\/325
|move|p1a: Dionysus|Dark Pulse|p2a: Froslass
|-supereffective|p2a: Froslass
|-damage|p2a: Froslass|0 fnt
|faint|p2a: Froslass
|
|
|switch|p2a: Lucario|Lucario, F|281\/281
|turn|3
|
|switch|p1a: Meshugah|Nidoqueen, F|366\/366
|-damage|p1a: Meshugah|321\/366|[from] Spikes
|move|p2a: Lucario|Close Combat|p1a: Meshugah
|-resisted|p1a: Meshugah
|-damage|p1a: Meshugah|166\/366
|-unboost|p2a: Lucario|def|1
|-unboost|p2a: Lucario|spd|1
|-damage|p2a: Lucario|253\/281|[from] item: Life Orb
|
|turn|4
|
|switch|p2a: Aerodactyl|Aerodactyl, F|319\/319
|-ability|p2a: Aerodactyl|Pressure
|move|p1a: Meshugah|Stealth Rock|p2a: Aerodactyl
|-sidestart|p2: roast toast|move: Stealth Rock
|
|turn|5
|
|detailschange|p2a: Aerodactyl|Aerodactyl-Mega, F
|message|Aerodactyl has Mega Evolved into Mega Aerodactyl!
|move|p2a: Aerodactyl|Pursuit|p1a: Meshugah|[from]Pursuit
|-damage|p1a: Meshugah|0 fnt
|faint|p1a: Meshugah
|
|
|switch|p1a: Dionysus|Hydreigon, M|209\/325
|turn|6
|
|move|p1a: Dionysus|Dragon Pulse|p2a: Aerodactyl
|-damage|p2a: Aerodactyl|160\/319
|move|p2a: Aerodactyl|Stone Edge|p1a: Dionysus|[miss]
|-miss|p2a: Aerodactyl|p1a: Dionysus
|
|turn|7
|
|move|p1a: Dionysus|Dragon Pulse|p2a: Aerodactyl
|-damage|p2a: Aerodactyl|0 fnt
|faint|p2a: Aerodactyl
|
|
|switch|p2a: Lucario|Lucario, F|253\/281
|-damage|p2a: Lucario|245\/281|[from] Stealth Rock
|turn|8
|
|switch|p1a: Victini|Victini|341\/341
|-damage|p1a: Victini|299\/341|[from] Spikes
|move|p2a: Lucario|Close Combat|p1a: Victini
|-resisted|p1a: Victini
|-damage|p1a: Victini|155\/341
|-unboost|p2a: Lucario|def|1
|-unboost|p2a: Lucario|spd|1
|-damage|p2a: Lucario|217\/281|[from] item: Life Orb
|
|turn|9
|
|switch|p2a: Swampert|Swampert, F|403\/403
|-damage|p2a: Swampert|378\/403|[from] Stealth Rock
|move|p1a: Victini|V-create|p2a: Swampert
|-crit|p2a: Swampert
|-resisted|p2a: Swampert
|-damage|p2a: Swampert|138\/403
|-unboost|p1a: Victini|def|1
|-unboost|p1a: Victini|spd|1
|-unboost|p1a: Victini|spe|1
|
|-heal|p2a: Swampert|163\/403|[from] item: Leftovers
|turn|10
|
|move|p1a: Victini|V-create|p2a: Swampert
|-resisted|p2a: Swampert
|-damage|p2a: Swampert|5\/403
|-unboost|p1a: Victini|def|1
|-unboost|p1a: Victini|spd|1
|-unboost|p1a: Victini|spe|1
|move|p2a: Swampert|Stealth Rock|p1a: Victini
|-sidestart|p1: FooPossum|move: Stealth Rock
|
|-heal|p2a: Swampert|30\/403|[from] item: Leftovers
|turn|11
|
|move|p1a: Victini|V-create|p2a: Swampert
|-resisted|p2a: Swampert
|-damage|p2a: Swampert|0 fnt
|-unboost|p1a: Victini|def|1
|-unboost|p1a: Victini|spd|1
|-unboost|p1a: Victini|spe|1
|faint|p2a: Swampert
|
|
|switch|p2a: Shaymin|Shaymin|341\/341
|-damage|p2a: Shaymin|299\/341|[from] Stealth Rock
|turn|12
|
|switch|p1a: Shaymin|Shaymin|341\/341
|-damage|p1a: Shaymin|299\/341|[from] Stealth Rock
|-damage|p1a: Shaymin|257\/341|[from] Spikes
|move|p2a: Shaymin|Seed Flare|p1a: Shaymin
|-resisted|p1a: Shaymin
|-damage|p1a: Shaymin|122\/341
|-unboost|p1a: Shaymin|spd|2
|
|-heal|p1a: Shaymin|143\/341|[from] item: Leftovers
|turn|13
|
|move|p2a: Shaymin|Seed Flare|p1a: Shaymin
|-resisted|p1a: Shaymin
|-damage|p1a: Shaymin|0 fnt
|faint|p1a: Shaymin
|
|
|switch|p1a: Dakuwaqa|Aerodactyl, M|321\/321
|-damage|p1a: Dakuwaqa|241\/321|[from] Stealth Rock
|turn|14
|
|detailschange|p1a: Dakuwaqa|Aerodactyl-Mega, M
|message|Aerodactyl has Mega Evolved into Mega Aerodactyl!
|move|p1a: Dakuwaqa|Stone Edge|p2a: Shaymin
|-crit|p2a: Shaymin
|-damage|p2a: Shaymin|1\/341
|move|p2a: Shaymin|Seed Flare|p1a: Dakuwaqa
|-damage|p1a: Dakuwaqa|0 fnt
|faint|p1a: Dakuwaqa
|
|
|switch|p1a: Hermanubis|Lucario, F|281\/281
|-damage|p1a: Hermanubis|273\/281|[from] Stealth Rock
|-damage|p1a: Hermanubis|238\/281|[from] Spikes
|turn|15
|
|switch|p2a: Sableye|Sableye, F|303\/303
|-damage|p2a: Sableye|266\/303|[from] Stealth Rock
|move|p1a: Hermanubis|Bullet Punch|p2a: Sableye
|-damage|p2a: Sableye|159\/303
|-damage|p1a: Hermanubis|210\/281|[from] item: Life Orb
|
|-heal|p2a: Sableye|177\/303|[from] item: Leftovers
|turn|16
|
|switch|p1a: Victini|Victini|155\/341
|-damage|p1a: Victini|113\/341|[from] Spikes
|-damage|p1a: Victini|28\/341|[from] Stealth Rock
|move|p2a: Sableye|Taunt|p1a: Victini
|-start|p1a: Victini|move: Taunt
|
|-heal|p2a: Sableye|195\/303|[from] item: Leftovers
|turn|17
|
|switch|p2a: Shaymin|Shaymin|1\/341
|-damage|p2a: Shaymin|0 fnt|[from] Stealth Rock
|faint|p2a: Shaymin
|move|p1a: Victini|V-create|p2: Shaymin|[notarget]
|-notarget
|
|
|switch|p2a: Lucario|Lucario, F|217\/281
|-damage|p2a: Lucario|209\/281|[from] Stealth Rock
|turn|18
|
|move|p2a: Lucario|Extreme Speed|p1a: Victini
|-crit|p1a: Victini
|-damage|p1a: Victini|0 fnt
|-damage|p2a: Lucario|181\/281|[from] item: Life Orb
|faint|p1a: Victini
|
|
|switch|p1a: Dionysus|Hydreigon, M|209\/325
|-damage|p1a: Dionysus|169\/325|[from] Stealth Rock
|turn|19
|c|âroast toast|gimme a sec
|join|highpitchedmew
|
|switch|p2a: Sableye|Sableye, F|195\/303
|-damage|p2a: Sableye|158\/303|[from] Stealth Rock
|move|p1a: Dionysus|Draco Meteor|p2a: Sableye|[miss]
|-miss|p1a: Dionysus|p2a: Sableye
|
|-heal|p2a: Sableye|176\/303|[from] item: Leftovers
|turn|20
|c|âroast toast|argh
|c|âroast toast|damn
|
|move|p2a: Sableye|Recover|p2a: Sableye
|-heal|p2a: Sableye|303\/303
|move|p1a: Dionysus|Draco Meteor|p2a: Sableye
|-damage|p2a: Sableye|99\/303
|-unboost|p1a: Dionysus|spa|2
|
|-heal|p2a: Sableye|117\/303|[from] item: Leftovers
|turn|21
|c|âroast toast|i could only have won thru speed tie
|c|âroast toast|watch me choke
|
|move|p2a: Sableye|Recover|p2a: Sableye
|-heal|p2a: Sableye|269\/303
|move|p1a: Dionysus|Draco Meteor|p2a: Sableye
|-damage|p2a: Sableye|160\/303
|-unboost|p1a: Dionysus|spa|2
|
|-heal|p2a: Sableye|178\/303|[from] item: Leftovers
|turn|22
|
|move|p2a: Sableye|Recover|p2a: Sableye
|-heal|p2a: Sableye|303\/303
|move|p1a: Dionysus|Draco Meteor|p2a: Sableye
|-crit|p2a: Sableye
|-damage|p2a: Sableye|0 fnt
|-unboost|p1a: Dionysus|spa|2
|faint|p2a: Sableye
|
|
|switch|p2a: Lucario|Lucario, F|181\/281
|-damage|p2a: Lucario|173\/281|[from] Stealth Rock
|turn|23
|
|move|p1a: Dionysus|Draco Meteor|p2a: Lucario|[miss]
|-miss|p1a: Dionysus|p2a: Lucario
|move|p2a: Lucario|Swords Dance|p2a: Lucario
|-boost|p2a: Lucario|atk|2
|
|turn|24
|
|move|p1a: Dionysus|Draco Meteor|p2a: Lucario
|-resisted|p2a: Lucario
|-damage|p2a: Lucario|135\/281
|move|p2a: Lucario|Swords Dance|p2a: Lucario
|-boost|p2a: Lucario|atk|2
|
|turn|25
|c|âroast toast|gg i guess
|
|move|p2a: Lucario|Extreme Speed|p1a: Dionysus
|-damage|p1a: Dionysus|0 fnt
|-damage|p2a: Lucario|107\/281|[from] item: Life Orb
|faint|p1a: Dionysus
|
|
|switch|p1a: Hermanubis|Lucario, F|210\/281
|-damage|p1a: Hermanubis|175\/281|[from] Spikes
|-damage|p1a: Hermanubis|167\/281|[from] Stealth Rock
|turn|26
|
|move|p2a: Lucario|Extreme Speed|p1a: Hermanubis
|-resisted|p1a: Hermanubis
|-damage|p1a: Hermanubis|0 fnt
|-damage|p2a: Lucario|79\/281|[from] item: Life Orb
|faint|p1a: Hermanubis
|
|win|roast toast
|raw|Ladder updating...
|raw|FooPossum's rating: 1698 &rarr; <strong>1665<\/strong><br \/>(-33 for losing)
|raw|roast toast's rating: 1419 &rarr; <strong>1453<\/strong><br \/>(+34 for winning)