|join|FooPossum
|join|CoolStoryBrobat
|player|p1|FooPossum|224
|player|p2|CoolStoryBrobat|#coolstorybrobat
|gametype|singles
|gen|6
|tier|UU
|rated
|clearpoke
|poke|p1|Heracross, F
|poke|p1|Nidoqueen, F
|poke|p1|Zygarde
|poke|p1|Tornadus-Therian, M
|poke|p1|Jirachi
|poke|p1|Sharpedo, M
|poke|p2|Thundurus-Therian, M
|poke|p2|Cobalion
|poke|p2|Victini
|poke|p2|Swampert, M
|poke|p2|Umbreon, M
|poke|p2|Crobat, M
|rule|Sleep Clause Mod: Limit one foe put to sleep
|rule|Species Clause: Limit one of each Pokemon
|rule|OHKO Clause: OHKO moves are banned
|rule|Moody Clause: Moody is banned
|rule|Evasion Moves Clause: Evasion moves are banned
|rule|Endless Battle Clause: Forcing endless battles is banned.
|rule|HP Percentage Mod: HP is reported as percentages
|teampreview
|
|start
|switch|p1a: meshugah|Nidoqueen, F|379\/379
|switch|p2a: Mega Froakie|Thundurus-Therian, M|346\/346
|turn|1
|
|switch|p2a: Hombreon|Umbreon, M|394\/394
|move|p1a: meshugah|Stealth Rock|p2a: Hombreon
|-sidestart|p2: CoolStoryBrobat|move: Stealth Rock
|
|turn|2
|
|move|p1a: meshugah|Sludge Wave|p2a: Hombreon
|-damage|p2a: Hombreon|269\/394
|move|p2a: Hombreon|Foul Play|p1a: meshugah
|-damage|p1a: meshugah|283\/379
|
|-heal|p2a: Hombreon|293\/394|[from] item: Leftovers
|turn|3
|
|switch|p1a: khepri|Heracross, F|302\/302
|move|p2a: Hombreon|Wish|p2a: Hombreon
|
|-heal|p2a: Hombreon|317\/394|[from] item: Leftovers
|turn|4
|join|v-raptor
|join|Brobat of Piscis
|leave|v-raptor
|
|move|p2a: Hombreon|Protect|p2a: Hombreon
|-singleturn|p2a: Hombreon|Protect
|move|p1a: khepri|Swords Dance|p1a: khepri
|-boost|p1a: khepri|atk|2
|
|-heal|p2a: Hombreon|394\/394|[from] move: Wish|[wisher] Hombreon
|turn|5
|join|pokemonisntfun
|
|move|p1a: khepri|Stone Edge|p2a: Hombreon
|-crit|p2a: Hombreon
|-damage|p2a: Hombreon|94\/394
|move|p2a: Hombreon|Foul Play|p1a: khepri
|-resisted|p1a: khepri
|-damage|p1a: khepri|91\/302
|
|-heal|p1a: khepri|109\/302|[from] item: Leftovers
|-heal|p2a: Hombreon|118\/394|[from] item: Leftovers
|turn|6
|chat|pokemoisaboutfun|the guts
|chat|pokemoisaboutfun|to stay there
|chat|pokemoisaboutfun|\/me explodes
|chat|CoolStoryBrobat|I weighed some options
|
|move|p1a: khepri|Stone Edge|p2a: Hombreon
|-damage|p2a: Hombreon|0 fnt
|faint|p2a: Hombreon
|
|-heal|p1a: khepri|127\/302|[from] item: Leftovers
|chat|pokemonisntfun|if u switched
|chat|pokemonisntfun|he woulda missed
|join|PotatoSoup
|chat|pokemoisaboutfun|lol
|
|switch|p2a: Brobat|Crobat, M|337\/337
|-damage|p2a: Brobat|253\/337|[from] Stealth Rock
|turn|7
|
|switch|p1a: zotob|Jirachi|341\/341
|move|p2a: Brobat|Defog|p1a: zotob
|-unboost|p1a: zotob|evasion|1
|-sideend|p2: CoolStoryBrobat|Stealth Rock|[from] move: Defog|[of] p2a: Brobat
|
|-heal|p2a: Brobat|274\/337|[from] item: Black Sludge
|turn|8
|chat|pokemonisntfun|brobat making the big boy plays
|
|switch|p2a: V4Vendetta|Victini|341\/341
|move|p1a: zotob|Shadow Ball|p2a: V4Vendetta
|-supereffective|p2a: V4Vendetta
|-damage|p2a: V4Vendetta|153\/341
|
|turn|9
|chat|pokemonisntfun|cept not really
|chat|pokemoisaboutfun|lol
|
|switch|p1a: khepri|Heracross, F|127\/302
|move|p2a: V4Vendetta|V-create|p1a: khepri
|-supereffective|p1a: khepri
|-damage|p1a: khepri|0 fnt
|-unboost|p2a: V4Vendetta|def|1
|-unboost|p2a: V4Vendetta|spd|1
|-unboost|p2a: V4Vendetta|spe|1
|faint|p1a: khepri
|
|chat|pokemoisaboutfun|why should zotob has shadow ball
|join|Billtodamax
|chat|CoolStoryBrobat|It beats Slowbro
|
|switch|p1a: _|Tornadus-Therian, M|300\/300
|turn|10
|chat|CoolStoryBrobat|I guess
|chat|pokemoisaboutfun|lol didnt see that way
|
|switch|p2a: Brobalion|Cobalion|324\/324
|move|p1a: _|Acrobatics|p2a: Brobalion
|-damage|p2a: Brobalion|203\/324
|
|-heal|p2a: Brobalion|223\/324|[from] item: Leftovers
|turn|11
|
|move|p1a: _|Taunt|p2a: Brobalion
|-start|p2a: Brobalion|move: Taunt
|move|p2a: Brobalion|Iron Head|p1a: _
|-damage|p1a: _|165\/300
|
|-heal|p2a: Brobalion|243\/324|[from] item: Leftovers
|turn|12
|
|move|p1a: _|Acrobatics|p2a: Brobalion
|-damage|p2a: Brobalion|107\/324
|move|p2a: Brobalion|Iron Head|p1a: _
|-damage|p1a: _|29\/300
|
|-heal|p2a: Brobalion|127\/324|[from] item: Leftovers
|turn|13
|
|move|p1a: _|U-turn|p2a: Brobalion
|-resisted|p2a: Brobalion
|-damage|p2a: Brobalion|113\/324
|
|switch|p1a: zotob|Jirachi|341\/341
|move|p2a: Brobalion|Close Combat|p1a: zotob
|-damage|p1a: zotob|181\/341
|-unboost|p2a: Brobalion|def|1
|-unboost|p2a: Brobalion|spd|1
|
|-heal|p2a: Brobalion|133\/324|[from] item: Leftovers
|-heal|p1a: zotob|202\/341|[from] item: Leftovers
|-end|p2a: Brobalion|move: Taunt
|turn|14
|chat|pokemonisntfun|got em
|chat|Billtodamax|crit
|chat|Billtodamax|inc
|chat|pokemoisaboutfun|sword dance imo
|
|move|p2a: Brobalion|Stealth Rock|p1a: zotob
|-sidestart|p1: FooPossum|move: Stealth Rock
|move|p1a: zotob|Shadow Ball|p2a: Brobalion
|-damage|p2a: Brobalion|0 fnt
|faint|p2a: Brobalion
|
|-heal|p1a: zotob|223\/341|[from] item: Leftovers
|
|switch|p2a: V4Vendetta|Victini|153\/341
|turn|15
|
|switch|p1a: nithhoggr|Zygarde|358\/358
|-damage|p1a: nithhoggr|336\/358|[from] Stealth Rock
|-ability|p1a: nithhoggr|Aura Break
|move|p2a: V4Vendetta|V-create|p1a: nithhoggr
|-resisted|p1a: nithhoggr
|-damage|p1a: nithhoggr|231\/358
|-unboost|p2a: V4Vendetta|def|1
|-unboost|p2a: V4Vendetta|spd|1
|-unboost|p2a: V4Vendetta|spe|1
|
|turn|16
|chat|Billtodamax|sharpedo chews the v-creat imo
|chat|pokemoisaboutfun|only 29
|chat|pokemoisaboutfun|lol
|
|switch|p1a: meshugah|Nidoqueen, F|283\/379
|-damage|p1a: meshugah|260\/379|[from] Stealth Rock
|switch|p2a: Wheaties|Swampert, M|401\/401
|
|turn|17
|chat|pokemonisntfun|wow
|chat|pokemoisaboutfun|nidogirl
|join|SmashBrosBrawl
|chat|pokemonisntfun|u shoulda dont again
|
|move|p1a: meshugah|Stealth Rock|p2a: Wheaties
|-sidestart|p2: CoolStoryBrobat|move: Stealth Rock
|move|p2a: Wheaties|Earthquake|p1a: meshugah
|-supereffective|p1a: meshugah
|-damage|p1a: meshugah|0 fnt
|faint|p1a: meshugah
|
|chat|pokemonisntfun|done*
|
|switch|p1a: zotob|Jirachi|223\/341
|-damage|p1a: zotob|202\/341|[from] Stealth Rock
|turn|18
|chat|pokemonisntfun|grass knot
|chat|pokemonisntfun|coming
|chat|Billtodamax|^
|
|switch|p2a: Brobat|Crobat, M|274\/337
|-damage|p2a: Brobat|190\/337|[from] Stealth Rock
|move|p1a: zotob|Energy Ball|p2a: Brobat
|-resisted|p2a: Brobat
|-damage|p2a: Brobat|159\/337
|
|-heal|p2a: Brobat|180\/337|[from] item: Black Sludge
|-heal|p1a: zotob|223\/341|[from] item: Leftovers
|turn|19
|chat|Billtodamax|or that
|chat|SmashBrosBrawl|thanks for telling
|chat|SmashBrosBrawl|u ruined it
|chat|pokemoisaboutfun|LOL
|chat|Billtodamax|isn't this guy
|chat|Billtodamax|like
|chat|pokemonisntfun|it was obvious
|
|move|p2a: Brobat|Defog|p1a: zotob
|-unboost|p1a: zotob|evasion|1
|-sideend|p1: FooPossum|Stealth Rock|[from] move: Defog|[of] p1a: zotob
|-sideend|p2: CoolStoryBrobat|Stealth Rock|[from] move: Defog|[of] p2a: Brobat
|move|p1a: zotob|Psyshock|p2a: Brobat
|-supereffective|p2a: Brobat
|-damage|p2a: Brobat|0 fnt
|faint|p2a: Brobat
|
|-heal|p1a: zotob|244\/341|[from] item: Leftovers
|chat|SmashBrosBrawl|idfc
|chat|Billtodamax|at the top of the ladder or some shit
|
|switch|p2a: V4Vendetta|Victini|153\/341
|turn|20
|chat|pokemonisntfun|yes i am
|chat|Billtodamax|no tu
|chat|pokemonisntfun|im #1 infact
|chat|Billtodamax|*not u
|chat|SmashBrosBrawl|bleve ure shit
|chat|pokemonisntfun|fuck u 
|chat|pokemonisntfun|i was just #4
|chat|SmashBrosBrawl|k
|chat|pokemonisntfun|then i got haxed
|chat|Billtodamax|ye this foopossum is 5
|chat|pokemonisntfun| to shit
|
|switch|p1a: _|Tornadus-Therian, M|129\/300
|move|p2a: V4Vendetta|U-turn|p1a: _
|-resisted|p1a: _
|-damage|p1a: _|86\/300
|
|switch|p2a: Mega Froakie|Thundurus-Therian, M|346\/346
|
|turn|21
|
|move|p1a: _|Knock Off|p2a: Mega Froakie
|-damage|p2a: Mega Froakie|205\/346
|-enditem|p2a: Mega Froakie|Leftovers|[from] move: Knock Off|[of] p1a: _
|move|p2a: Mega Froakie|Agility|p2a: Mega Froakie
|-boost|p2a: Mega Froakie|spe|2
|
|turn|22
|chat|Billtodamax|:o
|chat|pokemonisntfun|use pulse dark
|
|move|p2a: Mega Froakie|Thunderbolt|p1a: _
|-supereffective|p1a: _
|-damage|p1a: _|0 fnt
|faint|p1a: _
|
|chat|Billtodamax|swept by doubledance mega froakie
|chat|SmashBrosBrawl|that nasty plot
|chat|Billtodamax|except you probs needed the other dance too
|
|switch|p1a: zotob|Jirachi|244\/341
|turn|23
|chat|Billtodamax|for this
|chat|pokemoisaboutfun|lol
|
|move|p2a: Mega Froakie|Thunderbolt|p1a: zotob
|-damage|p1a: zotob|67\/341
|move|p1a: zotob|Psyshock|p2a: Mega Froakie
|-damage|p2a: Mega Froakie|19\/346
|
|-heal|p1a: zotob|88\/341|[from] item: Leftovers
|turn|24
|chat|Billtodamax|livelord thundy
|
|switch|p1a: nithhoggr|Zygarde|231\/358
|-ability|p1a: nithhoggr|Aura Break
|move|p2a: Mega Froakie|Thunderbolt|p1a: nithhoggr
|-immune|p1a: nithhoggr|[msg]
|
|turn|25
|chat|SmashBrosBrawl|hail nasty plot
|
|move|p1a: nithhoggr|Extreme Speed|p2a: Mega Froakie
|-damage|p2a: Mega Froakie|0 fnt
|faint|p2a: Mega Froakie
|
|
|switch|p2a: Wheaties|Swampert, M|401\/401
|turn|26
|
|move|p1a: nithhoggr|Outrage|p2a: Wheaties
|-damage|p2a: Wheaties|256\/401
|move|p2a: Wheaties|Ice Beam|p1a: nithhoggr
|-supereffective|p1a: nithhoggr
|-damage|p1a: nithhoggr|0 fnt
|faint|p1a: nithhoggr
|
|-heal|p2a: Wheaties|281\/401|[from] item: Leftovers
|chat|pokemoisaboutfun|lol
|
|switch|p1a: zotob|Jirachi|88\/341
|turn|27
|chat|Billtodamax|predict the tini
|chat|Billtodamax|imo
|join|a rotten mango
|chat|a rotten mango|wheaties is that after the user
|chat|pokemonisntfun|that
|chat|pokemonisntfun|50-50
|chat|pokemonisntfun|stay in
|chat|pokemonisntfun|he isn't real
|chat|CoolStoryBrobat|Nah. It's after the breakfast of champs
|chat|CoolStoryBrobat|I'm trying to think
|
|move|p1a: zotob|Shadow Ball|p2a: Wheaties
|-damage|p2a: Wheaties|180\/401
|-unboost|p2a: Wheaties|spd|1
|move|p2a: Wheaties|Earthquake|p1a: zotob
|-supereffective|p1a: zotob
|-damage|p1a: zotob|0 fnt
|faint|p1a: zotob
|
|-heal|p2a: Wheaties|205\/401|[from] item: Leftovers
|chat|pokemonisntfun|got em
|chat|Billtodamax|nb
|chat|SmashBrosBrawl|sharpedo cleans
|chat|Billtodamax|^
|chat|pokemonisntfun|that was so bad
|
|switch|p1a: dakuwaqa|Sharpedo, M|281\/281
|turn|28
|chat|CoolStoryBrobat|Well I thought of it like this
|chat|CoolStoryBrobat|If he killed with Energy Ball and let Victini in
|chat|CoolStoryBrobat|Bolt Strike was gonna kill
|chat|pokemonisntfun|ur scarf?
|chat|pokemonisntfun|kill ur self
|chat|CoolStoryBrobat|And then that part where I pretend to say I'm scarf Victini
|
|move|p2a: Wheaties|Protect|p2a: Wheaties
|-singleturn|p2a: Wheaties|Protect
|move|p1a: dakuwaqa|Waterfall|p2a: Wheaties
|-activate|p2a: Wheaties|Protect
|
|-heal|p2a: Wheaties|230\/401|[from] item: Leftovers
|-boost|p1a: dakuwaqa|spe|1|[from] ability: Speed Boost
|turn|29
|leave|a rotten mango
|chat|SmashBrosBrawl|ofc youre the dude with ice beam protect swampert
|chat|pokemonisntfun|lel
|chat|CoolStoryBrobat|I had SR on Cobalion so I figured why not
|chat|Billtodamax|just bluk the waterfall
|chat|CoolStoryBrobat|I had Ice Beam cause I hate Zygarde
|
|move|p1a: dakuwaqa|Waterfall|p2a: Wheaties
|-damage|p2a: Wheaties|88\/401
|-damage|p1a: dakuwaqa|253\/281|[from] item: Life Orb
|move|p2a: Wheaties|Earthquake|p1a: dakuwaqa
|-damage|p1a: dakuwaqa|0 fnt
|faint|p1a: dakuwaqa
|
|win|CoolStoryBrobat
|raw|Ladder updating...
|raw|FooPossum's rating: 1462 &rarr; <strong>1436<\/strong><br \/>(-26 for losing)
|raw|CoolStoryBrobat's rating: 1365 &rarr; <strong>1390<\/strong><br \/>(+25 for winning)
|chat|SmashBrosBrawl|flinch
|chat|pokemonisntfun|flinch
|chat|Billtodamax|man
|chat|CoolStoryBrobat|Good game dude
|chat|SmashBrosBrawl|.
|chat|Billtodamax|straight bluk'd
|chat|Billtodamax|gg
|leave|Billtodamax
|leave|pokemonisntfun
|leave|SmashBrosBrawl