|join|Fizz
|join|FooPossum
|player|p1|Fizz|91
|player|p2|FooPossum|224
|gametype|singles
|gen|6
|tier|UU
|rated
|clearpoke
|poke|p1|Slowbro, M
|poke|p1|Forretress, M
|poke|p1|Shaymin
|poke|p1|Ampharos, M
|poke|p1|Noivern, M
|poke|p1|Umbreon, F
|poke|p2|Heracross, M
|poke|p2|Nidoqueen, F
|poke|p2|Zygarde
|poke|p2|Tornadus-Therian, M
|poke|p2|Jirachi
|poke|p2|Sharpedo, M
|rule|Sleep Clause Mod: Limit one foe put to sleep
|rule|Species Clause: Limit one of each Pokemon
|rule|OHKO Clause: OHKO moves are banned
|rule|Moody Clause: Moody is banned
|rule|Evasion Moves Clause: Evasion moves are banned
|rule|Endless Battle Clause: Forcing endless battles is banned.
|rule|HP Percentage Mod: HP is reported as percentages
|teampreview
|
|start
|switch|p1a: Noivern|Noivern, M|311\/311
|switch|p2a: zotob|Jirachi|341\/341
|turn|1
|
|move|p1a: Noivern|Switcheroo|p2a: zotob
|-activate|p1a: Noivern|move: Trick|[of] p2a: zotob
|-item|p2a: zotob|Choice Specs|[from] Trick
|-item|p1a: Noivern|Leftovers|[from] Trick
|move|p2a: zotob|Psyshock|p1a: Noivern
|-damage|p1a: Noivern|67\/311
|
|-heal|p1a: Noivern|86\/311|[from] item: Leftovers
|turn|2
|
|switch|p1a: Slowbro|Slowbro, M|394\/394
|move|p2a: zotob|Psyshock|p1a: Slowbro
|-resisted|p1a: Slowbro
|-damage|p1a: Slowbro|331\/394
|
|-heal|p1a: Slowbro|355\/394|[from] item: Leftovers
|turn|3
|
|switch|p2a: khepri|Heracross, M|302\/302
|move|p1a: Slowbro|Scald|p2a: khepri
|-damage|p2a: khepri|196\/302
|
|-heal|p2a: khepri|214\/302|[from] item: Leftovers
|-heal|p1a: Slowbro|379\/394|[from] item: Leftovers
|turn|4
|
|switch|p1a: Noivern|Noivern, M|86\/311
|move|p2a: khepri|Swords Dance|p2a: khepri
|-boost|p2a: khepri|atk|2
|
|-heal|p1a: Noivern|105\/311|[from] item: Leftovers
|-heal|p2a: khepri|232\/302|[from] item: Leftovers
|turn|5
|
|switch|p2a: zotob|Jirachi|341\/341
|move|p1a: Noivern|Draco Meteor|p2a: zotob
|-resisted|p2a: zotob
|-damage|p2a: zotob|246\/341
|-unboost|p1a: Noivern|spa|2
|
|-heal|p1a: Noivern|124\/311|[from] item: Leftovers
|turn|6
|
|switch|p1a: Umbreon|Umbreon, F|394\/394
|switch|p2a: meshugah|Nidoqueen, F|379\/379
|
|turn|7
|
|switch|p1a: Slowbro|Slowbro, M|394\/394
|move|p2a: meshugah|Stealth Rock|p1a: Slowbro
|-sidestart|p1: Fizz|move: Stealth Rock
|
|turn|8
|
|switch|p2a: khepri|Heracross, M|232\/302
|move|p1a: Slowbro|Calm Mind|p1a: Slowbro
|-boost|p1a: Slowbro|spa|1
|-boost|p1a: Slowbro|spd|1
|
|-heal|p2a: khepri|250\/302|[from] item: Leftovers
|turn|9
|
|move|p2a: khepri|Megahorn|p1a: Slowbro
|-supereffective|p1a: Slowbro
|-damage|p1a: Slowbro|130\/394
|move|p1a: Slowbro|Psyshock|p2a: khepri
|-supereffective|p2a: khepri
|-damage|p2a: khepri|0 fnt
|faint|p2a: khepri
|
|-heal|p1a: Slowbro|154\/394|[from] item: Leftovers
|
|switch|p2a: dakuwaqa|Sharpedo, M|281\/281
|turn|10
|
|switch|p1a: Umbreon|Umbreon, F|394\/394
|-damage|p1a: Umbreon|345\/394|[from] Stealth Rock
|move|p2a: dakuwaqa|Crunch|p1a: Umbreon
|-resisted|p1a: Umbreon
|-damage|p1a: Umbreon|259\/394
|-damage|p2a: dakuwaqa|253\/281|[from] item: Life Orb
|
|-heal|p1a: Umbreon|283\/394|[from] item: Leftovers
|-boost|p2a: dakuwaqa|spe|1|[from] ability: Speed Boost
|turn|11
|
|move|p2a: dakuwaqa|Waterfall|p1a: Umbreon
|-damage|p1a: Umbreon|92\/394
|-damage|p2a: dakuwaqa|225\/281|[from] item: Life Orb
|move|p1a: Umbreon|Wish|p1a: Umbreon
|
|-heal|p1a: Umbreon|116\/394|[from] item: Leftovers
|-boost|p2a: dakuwaqa|spe|1|[from] ability: Speed Boost
|turn|12
|
|switch|p2a: _|Tornadus-Therian, M|300\/300
|move|p1a: Umbreon|Protect|p1a: Umbreon
|-fail|p1a: Umbreon
|
|-heal|p1a: Umbreon|313\/394|[from] move: Wish|[wisher] Umbreon
|-heal|p1a: Umbreon|337\/394|[from] item: Leftovers
|turn|13
|
|move|p1a: Umbreon|Protect|p1a: Umbreon
|-singleturn|p1a: Umbreon|Protect
|move|p2a: _|Knock Off|p1a: Umbreon
|-activate|p1a: Umbreon|Protect
|
|-heal|p1a: Umbreon|361\/394|[from] item: Leftovers
|turn|14
|
|switch|p1a: Ampharos|Ampharos, M|384\/384
|-damage|p1a: Ampharos|336\/384|[from] Stealth Rock
|move|p2a: _|Taunt|p1a: Ampharos
|-start|p1a: Ampharos|move: Taunt
|
|turn|15
|
|-formechange|p1a: Ampharos|Ampharos-Mega
|message|Ampharos has Mega Evolved into Mega Ampharos!
|-ability|p1a: Ampharos|Mold Breaker
|move|p2a: _|U-turn|p1a: Ampharos
|-crit|p1a: Ampharos
|-damage|p1a: Ampharos|256\/384
|
|switch|p2a: zotob|Jirachi|246\/341
|move|p1a: Ampharos|Dragon Pulse|p2a: zotob
|-resisted|p2a: zotob
|-damage|p2a: zotob|174\/341
|
|turn|16
|
|move|p2a: zotob|Shadow Ball|p1a: Ampharos
|-damage|p1a: Ampharos|132\/384
|-unboost|p1a: Ampharos|spd|1
|move|p1a: Ampharos|Volt Switch|p2a: zotob
|-damage|p2a: zotob|39\/341
|
|switch|p1a: Umbreon|Umbreon, F|361\/394
|-damage|p1a: Umbreon|312\/394|[from] Stealth Rock
|
|-heal|p1a: Umbreon|336\/394|[from] item: Leftovers
|turn|17
|
|switch|p2a: _|Tornadus-Therian, M|300\/300
|move|p1a: Umbreon|Wish|p1a: Umbreon
|
|-heal|p1a: Umbreon|360\/394|[from] item: Leftovers
|turn|18
|
|switch|p1a: Ampharos|Ampharos, M|132\/384
|-formechange|p1a: Ampharos|Ampharos-Mega
|-damage|p1a: Ampharos|84\/384|[from] Stealth Rock
|-ability|p1a: Ampharos|Mold Breaker
|move|p2a: _|Acrobatics|p1a: Ampharos
|-resisted|p1a: Ampharos
|-damage|p1a: Ampharos|22\/384
|
|-heal|p1a: Ampharos|219\/384|[from] move: Wish|[wisher] Umbreon
|turn|19
|
|move|p2a: _|U-turn|p1a: Ampharos
|-damage|p1a: Ampharos|173\/384
|
|switch|p2a: zotob|Jirachi|39\/341
|move|p1a: Ampharos|Dragon Pulse|p2a: zotob
|-resisted|p2a: zotob
|-damage|p2a: zotob|0 fnt
|faint|p2a: zotob
|
|
|switch|p2a: meshugah|Nidoqueen, F|379\/379
|turn|20
|
|switch|p1a: Slowbro|Slowbro, M|285\/394
|-damage|p1a: Slowbro|236\/394|[from] Stealth Rock
|move|p2a: meshugah|Earth Power|p1a: Slowbro
|-damage|p1a: Slowbro|0 fnt
|faint|p1a: Slowbro
|
|
|switch|p1a: Umbreon|Umbreon, F|360\/394
|-damage|p1a: Umbreon|311\/394|[from] Stealth Rock
|turn|21
|
|move|p2a: meshugah|Sludge Wave|p1a: Umbreon
|-damage|p1a: Umbreon|185\/394
|move|p1a: Umbreon|Wish|p1a: Umbreon
|
|-heal|p1a: Umbreon|209\/394|[from] item: Leftovers
|turn|22
|
|move|p2a: meshugah|Sludge Wave|p1a: Umbreon
|-damage|p1a: Umbreon|79\/394
|move|p1a: Umbreon|Foul Play|p2a: meshugah
|-damage|p2a: meshugah|282\/379
|
|-heal|p1a: Umbreon|276\/394|[from] move: Wish|[wisher] Umbreon
|-heal|p1a: Umbreon|300\/394|[from] item: Leftovers
|turn|23
|
|switch|p2a: _|Tornadus-Therian, M|300\/300
|move|p1a: Umbreon|Wish|p1a: Umbreon
|
|-heal|p1a: Umbreon|324\/394|[from] item: Leftovers
|turn|24
|
|switch|p1a: Ampharos|Ampharos, M|173\/384
|-formechange|p1a: Ampharos|Ampharos-Mega
|-damage|p1a: Ampharos|125\/384|[from] Stealth Rock
|-ability|p1a: Ampharos|Mold Breaker
|move|p2a: _|U-turn|p1a: Ampharos
|-damage|p1a: Ampharos|75\/384
|
|switch|p2a: meshugah|Nidoqueen, F|282\/379
|
|-heal|p1a: Ampharos|272\/384|[from] move: Wish|[wisher] Umbreon
|turn|25
|
|switch|p1a: Umbreon|Umbreon, F|324\/394
|-damage|p1a: Umbreon|275\/394|[from] Stealth Rock
|move|p2a: meshugah|Earth Power|p1a: Umbreon
|-damage|p1a: Umbreon|142\/394
|
|-heal|p1a: Umbreon|166\/394|[from] item: Leftovers
|turn|26
|
|switch|p2a: _|Tornadus-Therian, M|300\/300
|move|p1a: Umbreon|Wish|p1a: Umbreon
|
|-heal|p1a: Umbreon|190\/394|[from] item: Leftovers
|turn|27
|
|switch|p1a: Forretress|Forretress, M|354\/354
|-damage|p1a: Forretress|310\/354|[from] Stealth Rock
|move|p2a: _|Taunt|p1a: Forretress
|-start|p1a: Forretress|move: Taunt
|
|-heal|p1a: Forretress|354\/354|[from] move: Wish|[wisher] Umbreon
|turn|28
|
|move|p2a: _|U-turn|p1a: Forretress
|-resisted|p1a: Forretress
|-damage|p1a: Forretress|326\/354
|
|switch|p2a: meshugah|Nidoqueen, F|282\/379
|move|p1a: Forretress|Rapid Spin|p2a: meshugah
|-damage|p2a: meshugah|266\/379
|-sideend|p1: Fizz|Stealth Rock|[from] move: Rapid Spin|[of] p1a: Forretress
|
|-heal|p1a: Forretress|348\/354|[from] item: Leftovers
|turn|29
|
|switch|p1a: Noivern|Noivern, M|124\/311
|move|p2a: meshugah|Sludge Wave|p1a: Noivern
|-damage|p1a: Noivern|0 fnt
|faint|p1a: Noivern
|
|
|switch|p1a: Shaymin|Shaymin|341\/341
|turn|30
|
|switch|p2a: _|Tornadus-Therian, M|300\/300
|move|p1a: Shaymin|Seed Flare|p2a: _
|-resisted|p2a: _
|-damage|p2a: _|175\/300
|-damage|p1a: Shaymin|307\/341|[from] item: Life Orb
|
|turn|31
|
|switch|p1a: Ampharos|Ampharos, M|272\/384
|-formechange|p1a: Ampharos|Ampharos-Mega
|-ability|p1a: Ampharos|Mold Breaker
|move|p2a: _|U-turn|p1a: Ampharos
|-damage|p1a: Ampharos|226\/384
|
|switch|p2a: meshugah|Nidoqueen, F|266\/379
|
|turn|32
|
|switch|p1a: Shaymin|Shaymin|307\/341
|move|p2a: meshugah|Stealth Rock|p1a: Shaymin
|-sidestart|p1: Fizz|move: Stealth Rock
|
|turn|33
|
|switch|p2a: _|Tornadus-Therian, M|275\/300
|move|p1a: Shaymin|Seed Flare|p2a: _
|-resisted|p2a: _
|-damage|p2a: _|158\/300
|-unboost|p2a: _|spd|2
|-damage|p1a: Shaymin|273\/341|[from] item: Life Orb
|
|turn|34
|
|move|p2a: _|U-turn|p1a: Shaymin
|-supereffective|p1a: Shaymin
|-damage|p1a: Shaymin|127\/341
|
|switch|p2a: nithhoggr|Zygarde|358\/358
|-ability|p2a: nithhoggr|Aura Break
|move|p1a: Shaymin|Seed Flare|p2a: nithhoggr|[miss]
|-miss|p1a: Shaymin|p2a: nithhoggr
|
|turn|35
|
|move|p1a: Shaymin|Synthesis|p1a: Shaymin
|-heal|p1a: Shaymin|297\/341
|move|p2a: nithhoggr|Dragon Dance|p2a: nithhoggr
|-boost|p2a: nithhoggr|atk|1
|-boost|p2a: nithhoggr|spe|1
|
|turn|36
|
|move|p2a: nithhoggr|Earthquake|p1a: Shaymin
|-resisted|p1a: Shaymin
|-damage|p1a: Shaymin|183\/341
|move|p1a: Shaymin|Seed Flare|p2a: nithhoggr
|-damage|p2a: nithhoggr|124\/358
|-unboost|p2a: nithhoggr|spd|2
|-damage|p1a: Shaymin|149\/341|[from] item: Life Orb
|
|turn|37
|
|switch|p1a: Forretress|Forretress, M|348\/354
|-damage|p1a: Forretress|304\/354|[from] Stealth Rock
|move|p2a: nithhoggr|Outrage|p1a: Forretress
|-resisted|p1a: Forretress
|-damage|p1a: Forretress|198\/354
|
|-heal|p1a: Forretress|220\/354|[from] item: Leftovers
|turn|38
|
|move|p2a: nithhoggr|Outrage|p1a: Forretress
|-resisted|p1a: Forretress
|-damage|p1a: Forretress|115\/354
|move|p1a: Forretress|Rapid Spin|p2a: nithhoggr
|-damage|p2a: nithhoggr|112\/358
|-sideend|p1: Fizz|Stealth Rock|[from] move: Rapid Spin|[of] p1a: Forretress
|
|-end|p2a: nithhoggr|rampage
|-start|p2a: nithhoggr|confusion
|-heal|p1a: Forretress|137\/354|[from] item: Leftovers
|-enditem|p2a: nithhoggr|Lum Berry|[eat]
|-end|p2a: nithhoggr|confusion
|turn|39
|
|move|p2a: nithhoggr|Earthquake|p1a: Forretress
|-damage|p1a: Forretress|0 fnt
|faint|p1a: Forretress
|
|
|switch|p1a: Umbreon|Umbreon, F|190\/394
|turn|40
|
|move|p2a: nithhoggr|Outrage|p1a: Umbreon
|-damage|p1a: Umbreon|0 fnt
|faint|p1a: Umbreon
|
|
|switch|p1a: Ampharos|Ampharos, M|226\/384
|-formechange|p1a: Ampharos|Ampharos-Mega
|-ability|p1a: Ampharos|Mold Breaker
|turn|41
|
|move|p2a: nithhoggr|Outrage|p1a: Ampharos
|-supereffective|p1a: Ampharos
|-damage|p1a: Ampharos|0 fnt
|faint|p1a: Ampharos
|
|-end|p2a: nithhoggr|rampage
|-start|p2a: nithhoggr|confusion
|
|switch|p1a: Shaymin|Shaymin|149\/341
|turn|42
|
|-activate|p2a: nithhoggr|confusion
|move|p2a: nithhoggr|Outrage|p1a: Shaymin
|-damage|p1a: Shaymin|0 fnt
|faint|p1a: Shaymin
|
|win|FooPossum
|raw|Ladder updating...
|raw|Fizz's rating: 1381 &rarr; <strong>1359<\/strong><br \/>(-22 for losing)
|raw|FooPossum's rating: 1358 &rarr; <strong>1379<\/strong><br \/>(+21 for winning)
|leave|Fizz
|player|p1