|join|FooPossum
|join|zen95
|player|p1|FooPossum|224
|player|p2|zen95|2
|gametype|singles
|gen|6
|tier|UU
|rated
|clearpoke
|poke|p1|Heracross, M
|poke|p1|Nidoqueen, F
|poke|p1|Zygarde
|poke|p1|Tornadus-Therian, M
|poke|p1|Jirachi
|poke|p1|Sharpedo, F
|poke|p2|Mew
|poke|p2|Thundurus-Therian, M
|poke|p2|Whimsicott, F
|poke|p2|Gorebyss, M
|poke|p2|Linoone, F
|poke|p2|Heracross, M
|rule|Sleep Clause Mod: Limit one foe put to sleep
|rule|Species Clause: Limit one of each Pokemon
|rule|OHKO Clause: OHKO moves are banned
|rule|Moody Clause: Moody is banned
|rule|Evasion Moves Clause: Evasion moves are banned
|rule|Endless Battle Clause: Forcing endless battles is banned.
|rule|HP Percentage Mod: HP is reported as percentages
|teampreview
|join|JohnyBravo
|
|start
|switch|p1a: _|Tornadus-Therian, M|300\/300
|switch|p2a: Mew|Mew|404\/404
|turn|1
|
|move|p1a: _|Taunt|p2a: Mew
|-start|p2a: Mew|move: Taunt
|cant|p2a: Mew|move: Taunt|Barrier
|
|turn|2
|
|switch|p2a: Whimsicott|Whimsicott, F|324\/324
|move|p1a: _|Knock Off|p2a: Whimsicott
|-crit|p2a: Whimsicott
|-resisted|p2a: Whimsicott
|-damage|p2a: Whimsicott|256\/324
|-enditem|p2a: Whimsicott|Leftovers|[from] move: Knock Off|[of] p1a: _
|
|turn|3
|
|switch|p1a: meshugah|Nidoqueen, F|379\/379
|move|p2a: Whimsicott|Stun Spore|p1a: meshugah
|-status|p1a: meshugah|par
|
|turn|4
|
|move|p2a: Whimsicott|Memento|p1a: meshugah
|-unboost|p1a: meshugah|atk|2
|-unboost|p1a: meshugah|spa|2
|faint|p2a: Whimsicott
|move|p1a: meshugah|Sludge Wave|p2: Whimsicott|[notarget]
|-notarget
|
|
|switch|p2a: Linoone|Linoone, F|360\/360
|turn|5
|
|switch|p1a: zotob|Jirachi|342\/342
|move|p2a: Linoone|Belly Drum|p2a: Linoone
|-damage|p2a: Linoone|180\/360
|-setboost|p2a: Linoone|atk|6|[from] move: Belly Drum
|-enditem|p2a: Linoone|Sitrus Berry|[eat]
|-heal|p2a: Linoone|270\/360|[from] item: Sitrus Berry
|
|turn|6
|
|move|p1a: zotob|Psychic|p2a: Linoone
|-damage|p2a: Linoone|45\/360
|move|p2a: Linoone|Shadow Claw|p1a: zotob
|-supereffective|p1a: zotob
|-damage|p1a: zotob|0 fnt
|faint|p1a: zotob
|
|
|switch|p1a: nithhoggr|Zygarde|358\/358
|-ability|p1a: nithhoggr|Aura Break
|turn|7
|
|move|p2a: Linoone|Extreme Speed|p1a: nithhoggr
|-damage|p1a: nithhoggr|0 fnt
|faint|p1a: nithhoggr
|
|
|switch|p1a: meshugah|Nidoqueen, F|379\/379 par
|turn|8
|
|move|p2a: Linoone|Extreme Speed|p1a: meshugah
|-damage|p1a: meshugah|0 fnt
|faint|p1a: meshugah
|
|
|switch|p1a: _|Tornadus-Therian, M|300\/300
|turn|9
|
|move|p2a: Linoone|Extreme Speed|p1a: _
|-damage|p1a: _|0 fnt
|faint|p1a: _
|
|-message|FooPossum forfeited.
|
|win|zen95
|raw|Ladder updating...
|leave|FooPossum
|player|p1
|raw|FooPossum's rating: 1436 &rarr; <strong>1412<\/strong><br \/>(-24 for losing)
|raw|zen95's rating: 1358 &rarr; <strong>1382<\/strong><br \/>(+24 for winning)