|join|LMay
|join|ShininDark
|player|p1|LMay|283
|player|p2|ShininDark|1
|gametype|singles
|gen|6
|tier|ORAS OU
|rated
|rule|Sleep Clause Mod: Limit one foe put to sleep
|rule|Species Clause: Limit one of each PokÃ©mon
|rule|OHKO Clause: OHKO moves are banned
|rule|Moody Clause: Moody is banned
|rule|Evasion Moves Clause: Evasion moves are banned
|rule|Endless Battle Clause: Forcing endless battles is banned
|rule|HP Percentage Mod: HP is shown in percentages
|clearpoke
|poke|p1|Altaria, M, shiny
|poke|p1|Mamoswine, M, shiny
|poke|p1|Slowbro, M, shiny
|poke|p1|Chansey, F, shiny
|poke|p1|Gengar, M, shiny
|poke|p1|Magnezone, shiny
|poke|p2|Altaria, M
|poke|p2|Greninja, M
|poke|p2|Rotom-Wash
|poke|p2|Latios, M
|poke|p2|Mew
|poke|p2|Chansey, F
|rule|Swagger Clause: Swagger is banned
|rule|Baton Pass Clause: Limit one PokÃ©mon knowing Baton Pass
|teampreview
|
|start
|switch|p1a: Magnum|Mamoswine, M, shiny|364\/364
|switch|p2a: Rotom-Wash|Rotom-Wash|304\/304
|turn|1
|
|move|p1a: Magnum|Knock Off|p2a: Rotom-Wash
|-damage|p2a: Rotom-Wash|200\/304
|-enditem|p2a: Rotom-Wash|Leftovers|[from] move: Knock Off|[of] p1a: Magnum
|move|p2a: Rotom-Wash|Will-O-Wisp|p1a: Magnum
|-status|p1a: Magnum|brn
|
|-damage|p1a: Magnum|319\/364 brn|[from] brn
|turn|2
|
|move|p1a: Magnum|Stealth Rock|p2a: Rotom-Wash
|-sidestart|p2: ShininDark|move: Stealth Rock
|move|p2a: Rotom-Wash|Hydro Pump|p1a: Magnum|[miss]
|-miss|p2a: Rotom-Wash|p1a: Magnum
|
|-damage|p1a: Magnum|274\/364 brn|[from] brn
|turn|3
|
|move|p1a: Magnum|Knock Off|p2a: Rotom-Wash
|-damage|p2a: Rotom-Wash|165\/304
|move|p2a: Rotom-Wash|Hydro Pump|p1a: Magnum
|-supereffective|p1a: Magnum
|-damage|p1a: Magnum|0 fnt
|faint|p1a: Magnum
|
|
|switch|p1a: Android|Magnezone, shiny|344\/344
|turn|4
|
|move|p2a: Rotom-Wash|Pain Split|p1a: Android
|-sethp|p1a: Android|254\/344|p2a: Rotom-Wash|254\/304|[from] move: Pain Split
|move|p1a: Android|Volt Switch|p2a: Rotom-Wash
|-damage|p2a: Rotom-Wash|62\/304
|
|switch|p1a: Ghostic|Gengar, M, shiny|265\/265
|
|turn|5
|
|move|p1a: Ghostic|Sludge Bomb|p2a: Rotom-Wash
|-damage|p2a: Rotom-Wash|0 fnt
|faint|p2a: Rotom-Wash
|
|
|switch|p2a: Greninja|Greninja, M|286\/286
|-damage|p2a: Greninja|251\/286|[from] Stealth Rock
|turn|6
|
|switch|p1a: FREEZE|Chansey, F, shiny|704\/704
|move|p2a: Greninja|Dark Pulse|p1a: FREEZE
|-start|p2a: Greninja|typechange|Dark|[from] Protean
|-damage|p1a: FREEZE|584\/704
|
|turn|7
|
|switch|p2a: Altaria|Altaria, M|291\/291
|-damage|p2a: Altaria|219\/291|[from] Stealth Rock
|move|p1a: FREEZE|Toxic|p2a: Altaria
|-status|p2a: Altaria|tox
|
|-damage|p2a: Altaria|201\/291 tox|[from] psn
|turn|8
|
|switch|p2a: Mew|Mew|404\/404
|-damage|p2a: Mew|354\/404|[from] Stealth Rock
|switch|p1a: Roger|Slowbro, M, shiny|394\/394
|
|-heal|p2a: Mew|379\/404|[from] item: Leftovers
|turn|9
|
|move|p2a: Mew|Knock Off|p1a: Roger
|-crit|p1a: Roger
|-supereffective|p1a: Roger
|-damage|p1a: Roger|248\/394
|-enditem|p1a: Roger|Leftovers|[from] move: Knock Off|[of] p2a: Mew
|move|p1a: Roger|Thunder Wave|p2a: Mew
|-status|p2a: Mew|par
|-status|p1a: Roger|par
|
|-heal|p2a: Mew|404\/404 par|[from] item: Leftovers
|turn|10
|
|switch|p2a: Chansey|Chansey, F|704\/704
|-damage|p2a: Chansey|616\/704|[from] Stealth Rock
|switch|p1a: FREEZE|Chansey, F, shiny|584\/704
|
|turn|11
|
|move|p2a: Chansey|Heal Bell|p2a: Chansey
|-cureteam|p2a: Chansey|[from] move: HealBell
|move|p1a: FREEZE|Aromatherapy|p1a: FREEZE
|-cureteam|p1a: FREEZE|[from] move: Aromatherapy
|
|turn|12
|
|switch|p1a: Cloud|Altaria, M, shiny|346\/346
|move|p2a: Chansey|Toxic|p1a: Cloud
|-status|p1a: Cloud|tox
|
|-damage|p1a: Cloud|325\/346 tox|[from] psn
|turn|13
|
|move|p1a: Cloud|Dragon Dance|p1a: Cloud
|-boost|p1a: Cloud|atk|1
|-boost|p1a: Cloud|spe|1
|move|p2a: Chansey|Wish|p2a: Chansey
|
|-damage|p1a: Cloud|283\/346 tox|[from] psn
|turn|14
|
|switch|p2a: Greninja|Greninja, M|251\/286
|-damage|p2a: Greninja|216\/286|[from] Stealth Rock
|detailschange|p1a: Cloud|Altaria-Mega, M, shiny
|message|Altaria has Mega Evolved into Mega Altaria!
|move|p1a: Cloud|Return|p2a: Greninja
|-crit|p2a: Greninja
|-supereffective|p2a: Greninja
|-damage|p2a: Greninja|0 fnt
|faint|p2a: Greninja
|
|-damage|p1a: Cloud|220\/346 tox|[from] psn
|
|switch|p2a: Altaria|Altaria, M|201\/291
|-damage|p2a: Altaria|129\/291|[from] Stealth Rock
|turn|15
|
|detailschange|p2a: Altaria|Altaria-Mega, M
|message|Altaria has Mega Evolved into Mega Altaria!
|move|p1a: Cloud|Return|p2a: Altaria
|-supereffective|p2a: Altaria
|-damage|p2a: Altaria|0 fnt
|faint|p2a: Altaria
|
|-damage|p1a: Cloud|136\/346 tox|[from] psn
|
|switch|p2a: Chansey|Chansey, F|616\/704
|-damage|p2a: Chansey|528\/704|[from] Stealth Rock
|turn|16
|
|move|p1a: Cloud|Roost|p1a: Cloud
|-heal|p1a: Cloud|309\/346 tox
|move|p2a: Chansey|Wish|p2a: Chansey
|
|-damage|p1a: Cloud|204\/346 tox|[from] psn
|turn|17
|
|move|p1a: Cloud|Return|p2a: Chansey
|-damage|p2a: Chansey|72\/704
|move|p2a: Chansey|Seismic Toss|p1a: Cloud
|-damage|p1a: Cloud|104\/346 tox
|
|-heal|p2a: Chansey|424\/704|[from] move: Wish|[wisher] Chansey
|-damage|p1a: Cloud|0 fnt|[from] psn
|faint|p1a: Cloud
|
|switch|p1a: Ghostic|Gengar, M, shiny|265\/265
|turn|18
|
|move|p1a: Ghostic|Substitute|p1a: Ghostic
|-start|p1a: Ghostic|Substitute
|-damage|p1a: Ghostic|199\/265
|move|p2a: Chansey|Wish|p2a: Chansey
|
|-heal|p1a: Ghostic|215\/265|[from] item: Black Sludge
|turn|19
|
|switch|p2a: Mew|Mew|404\/404
|-damage|p2a: Mew|354\/404|[from] Stealth Rock
|move|p1a: Ghostic|Will-O-Wisp|p2a: Mew|[miss]
|-miss|p1a: Ghostic|p2a: Mew
|
|-heal|p2a: Mew|404\/404|[from] move: Wish|[wisher] Chansey
|-heal|p1a: Ghostic|231\/265|[from] item: Black Sludge
|turn|20
|
|move|p1a: Ghostic|Will-O-Wisp|p2a: Mew
|-status|p2a: Mew|brn
|-status|p1a: Ghostic|brn
|move|p2a: Mew|Knock Off|p1a: Ghostic
|-supereffective|p1a: Ghostic
|-end|p1a: Ghostic|Substitute
|
|-heal|p1a: Ghostic|247\/265 brn|[from] item: Black Sludge
|-damage|p1a: Ghostic|214\/265 brn|[from] brn
|-damage|p2a: Mew|354\/404 brn|[from] brn
|turn|21
|
|switch|p1a: FREEZE|Chansey, F, shiny|584\/704
|move|p2a: Mew|Taunt|p1a: FREEZE
|-start|p1a: FREEZE|move: Taunt
|
|-heal|p2a: Mew|379\/404 brn|[from] item: Leftovers
|-damage|p2a: Mew|329\/404 brn|[from] brn
|turn|22
|
|switch|p1a: Android|Magnezone, shiny|254\/344
|move|p2a: Mew|Knock Off|p1a: Android
|-damage|p1a: Android|218\/344
|-enditem|p1a: Android|Choice Specs|[from] move: Knock Off|[of] p2a: Mew
|
|-heal|p2a: Mew|354\/404 brn|[from] item: Leftovers
|-damage|p2a: Mew|304\/404 brn|[from] brn
|turn|23
|
|switch|p2a: Chansey|Chansey, F|424\/704
|-damage|p2a: Chansey|336\/704|[from] Stealth Rock
|move|p1a: Android|Volt Switch|p2a: Chansey
|-damage|p2a: Chansey|243\/704
|
|switch|p1a: Ghostic|Gengar, M, shiny|214\/265 brn
|
|-heal|p1a: Ghostic|230\/265 brn|[from] item: Black Sludge
|-damage|p1a: Ghostic|197\/265 brn|[from] brn
|turn|24
|
|move|p1a: Ghostic|Sludge Bomb|p2a: Chansey
|-damage|p2a: Chansey|143\/704
|move|p2a: Chansey|Wish|p2a: Chansey
|
|-heal|p1a: Ghostic|213\/265 brn|[from] item: Black Sludge
|-damage|p1a: Ghostic|180\/265 brn|[from] brn
|turn|25
|
|move|p1a: Ghostic|Shadow Ball|p2a: Chansey
|-immune|p2a: Chansey|[msg]
|move|p2a: Chansey|Heal Bell|p2a: Chansey
|-cureteam|p2a: Chansey|[from] move: HealBell
|
|-heal|p2a: Chansey|495\/704|[from] move: Wish|[wisher] Chansey
|-heal|p1a: Ghostic|196\/265 brn|[from] item: Black Sludge
|-damage|p1a: Ghostic|163\/265 brn|[from] brn
|turn|26
|
|switch|p1a: FREEZE|Chansey, F, shiny|584\/704
|move|p2a: Chansey|Wish|p2a: Chansey
|
|turn|27
|
|move|p2a: Chansey|Toxic|p1a: FREEZE
|-status|p1a: FREEZE|tox
|move|p1a: FREEZE|Aromatherapy|p1a: FREEZE
|-cureteam|p1a: FREEZE|[from] move: Aromatherapy
|
|-heal|p2a: Chansey|704\/704|[from] move: Wish|[wisher] Chansey
|turn|28
|
|switch|p1a: Ghostic|Gengar, M, shiny|163\/265
|switch|p2a: Latios|Latios, M|302\/302
|-damage|p2a: Latios|265\/302|[from] Stealth Rock
|
|-heal|p1a: Ghostic|179\/265|[from] item: Black Sludge
|turn|29
|
|move|p1a: Ghostic|Shadow Ball|p2a: Latios
|-supereffective|p2a: Latios
|-damage|p2a: Latios|11\/302
|move|p2a: Latios|Psyshock|p1a: Ghostic
|-supereffective|p1a: Ghostic
|-damage|p1a: Ghostic|0 fnt
|-damage|p2a: Latios|0 fnt|[from] item: Life Orb
|faint|p1a: Ghostic
|faint|p2a: Latios
|
|
|switch|p2a: Mew|Mew|304\/404
|-damage|p2a: Mew|254\/404|[from] Stealth Rock
|switch|p1a: Android|Magnezone, shiny|218\/344
|turn|30
|
|move|p2a: Mew|Roost|p2a: Mew
|-heal|p2a: Mew|404\/404
|move|p1a: Android|Thunderbolt|p2a: Mew
|-damage|p2a: Mew|286\/404
|
|-heal|p2a: Mew|311\/404|[from] item: Leftovers
|turn|31
|
|move|p2a: Mew|Will-O-Wisp|p1a: Android
|-status|p1a: Android|brn
|move|p1a: Android|Thunderbolt|p2a: Mew
|-damage|p2a: Mew|191\/404
|
|-heal|p2a: Mew|216\/404|[from] item: Leftovers
|-damage|p1a: Android|175\/344 brn|[from] brn
|turn|32
|
|switch|p1a: FREEZE|Chansey, F, shiny|584\/704
|move|p2a: Mew|Roost|p2a: Mew
|-heal|p2a: Mew|404\/404
|
|turn|33
|
|move|p2a: Mew|Taunt|p1a: FREEZE
|-start|p1a: FREEZE|move: Taunt
|move|p1a: FREEZE|Seismic Toss|p2a: Mew
|-damage|p2a: Mew|304\/404
|
|-heal|p2a: Mew|329\/404|[from] item: Leftovers
|turn|34
|
|switch|p2a: Chansey|Chansey, F|704\/704
|-damage|p2a: Chansey|616\/704|[from] Stealth Rock
|move|p1a: FREEZE|Seismic Toss|p2a: Chansey
|-damage|p2a: Chansey|516\/704
|
|turn|35
|
|move|p1a: FREEZE|Seismic Toss|p2a: Chansey
|-damage|p2a: Chansey|416\/704
|move|p2a: Chansey|Toxic|p1a: FREEZE
|-status|p1a: FREEZE|tox
|
|-damage|p1a: FREEZE|540\/704 tox|[from] psn
|-end|p1a: FREEZE|move: Taunt
|turn|36
|
|move|p2a: Chansey|Wish|p2a: Chansey
|move|p1a: FREEZE|Aromatherapy|p1a: FREEZE
|-cureteam|p1a: FREEZE|[from] move: Aromatherapy
|
|turn|37
|
|switch|p2a: Mew|Mew|329\/404
|-damage|p2a: Mew|279\/404|[from] Stealth Rock
|move|p1a: FREEZE|Toxic|p2a: Mew
|-status|p2a: Mew|tox
|-status|p1a: FREEZE|tox
|
|-heal|p2a: Mew|404\/404 tox|[from] move: Wish|[wisher] Chansey
|-damage|p2a: Mew|379\/404 tox|[from] psn
|-damage|p1a: FREEZE|496\/704 tox|[from] psn
|turn|38
|
|switch|p2a: Chansey|Chansey, F|416\/704
|-damage|p2a: Chansey|328\/704|[from] Stealth Rock
|switch|p1a: Android|Magnezone, shiny|175\/344
|
|turn|39
|
|move|p1a: Android|Volt Switch|p2a: Chansey
|-damage|p2a: Chansey|240\/704
|
|switch|p1a: FREEZE|Chansey, F, shiny|496\/704
|move|p2a: Chansey|Wish|p2a: Chansey
|
|turn|40
|
|move|p2a: Chansey|Toxic|p1a: FREEZE
|-status|p1a: FREEZE|tox
|move|p1a: FREEZE|Soft-Boiled|p1a: FREEZE
|-heal|p1a: FREEZE|704\/704 tox
|
|-heal|p2a: Chansey|592\/704|[from] move: Wish|[wisher] Chansey
|-damage|p1a: FREEZE|660\/704 tox|[from] psn
|turn|41
|
|move|p1a: FREEZE|Seismic Toss|p2a: Chansey
|-damage|p2a: Chansey|492\/704
|move|p2a: Chansey|Wish|p2a: Chansey
|
|-damage|p1a: FREEZE|572\/704 tox|[from] psn
|turn|42
|
|switch|p1a: Android|Magnezone, shiny|175\/344
|move|p2a: Chansey|Heal Bell|p2a: Chansey
|-cureteam|p2a: Chansey|[from] move: HealBell
|
|-heal|p2a: Chansey|704\/704|[from] move: Wish|[wisher] Chansey
|turn|43
|
|move|p1a: Android|Volt Switch|p2a: Chansey
|-damage|p2a: Chansey|614\/704
|
|switch|p1a: FREEZE|Chansey, F, shiny|572\/704
|move|p2a: Chansey|Seismic Toss|p1a: FREEZE
|-damage|p1a: FREEZE|472\/704
|
|turn|44
|
|move|p2a: Chansey|Toxic|p1a: FREEZE
|-status|p1a: FREEZE|tox
|move|p1a: FREEZE|Soft-Boiled|p1a: FREEZE
|-heal|p1a: FREEZE|704\/704 tox
|
|-damage|p1a: FREEZE|660\/704 tox|[from] psn
|turn|45
|
|move|p2a: Chansey|Seismic Toss|p1a: FREEZE
|-damage|p1a: FREEZE|560\/704 tox
|move|p1a: FREEZE|Aromatherapy|p1a: FREEZE
|-cureteam|p1a: FREEZE|[from] move: Aromatherapy
|
|turn|46
|
|move|p2a: Chansey|Toxic|p1a: FREEZE
|-status|p1a: FREEZE|tox
|move|p1a: FREEZE|Soft-Boiled|p1a: FREEZE
|-heal|p1a: FREEZE|704\/704 tox
|
|-damage|p1a: FREEZE|660\/704 tox|[from] psn
|turn|47
|
|switch|p2a: Mew|Mew|379\/404
|-damage|p2a: Mew|329\/404|[from] Stealth Rock
|move|p1a: FREEZE|Aromatherapy|p1a: FREEZE
|-cureteam|p1a: FREEZE|[from] move: Aromatherapy
|
|-heal|p2a: Mew|354\/404|[from] item: Leftovers
|turn|48
|
|move|p2a: Mew|Knock Off|p1a: FREEZE
|-damage|p1a: FREEZE|565\/704
|-enditem|p1a: FREEZE|Eviolite|[from] move: Knock Off|[of] p2a: Mew
|move|p1a: FREEZE|Seismic Toss|p2a: Mew
|-damage|p2a: Mew|254\/404
|
|-heal|p2a: Mew|279\/404|[from] item: Leftovers
|turn|49
|
|move|p2a: Mew|Roost|p2a: Mew
|-heal|p2a: Mew|404\/404
|move|p1a: FREEZE|Toxic|p2a: Mew
|-status|p2a: Mew|tox
|-status|p1a: FREEZE|tox
|
|-damage|p2a: Mew|379\/404 tox|[from] psn
|-damage|p1a: FREEZE|521\/704 tox|[from] psn
|turn|50
|
|switch|p1a: Android|Magnezone, shiny|175\/344
|move|p2a: Mew|Taunt|p1a: Android
|-start|p1a: Android|move: Taunt
|
|-heal|p2a: Mew|404\/404 tox|[from] item: Leftovers
|-damage|p2a: Mew|354\/404 tox|[from] psn
|turn|51
|
|switch|p2a: Chansey|Chansey, F|614\/704
|-damage|p2a: Chansey|526\/704|[from] Stealth Rock
|move|p1a: Android|Volt Switch|p2a: Chansey
|-damage|p2a: Chansey|444\/704
|
|switch|p1a: FREEZE|Chansey, F, shiny|521\/704
|
|turn|52
|
|move|p1a: FREEZE|Soft-Boiled|p1a: FREEZE
|-heal|p1a: FREEZE|704\/704
|move|p2a: Chansey|Toxic|p1a: FREEZE
|-status|p1a: FREEZE|tox
|
|-damage|p1a: FREEZE|660\/704 tox|[from] psn
|turn|53
|
|switch|p1a: Roger|Slowbro, M, shiny|379\/394
|move|p2a: Chansey|Wish|p2a: Chansey
|
|turn|54
|
|switch|p1a: Android|Magnezone, shiny|175\/344
|move|p2a: Chansey|Toxic|p1a: Android
|-fail|p1a: Android
|
|-heal|p2a: Chansey|704\/704|[from] move: Wish|[wisher] Chansey
|turn|55
|
|switch|p1a: FREEZE|Chansey, F, shiny|660\/704
|move|p2a: Chansey|Heal Bell|p2a: Chansey
|-cureteam|p2a: Chansey|[from] move: HealBell
|
|turn|56
|
|move|p2a: Chansey|Toxic|p1a: FREEZE
|-status|p1a: FREEZE|tox
|move|p1a: FREEZE|Soft-Boiled|p1a: FREEZE
|-heal|p1a: FREEZE|704\/704 tox
|
|-damage|p1a: FREEZE|660\/704 tox|[from] psn
|turn|57
|
|switch|p1a: Roger|Slowbro, M, shiny|394\/394
|move|p2a: Chansey|Seismic Toss|p1a: Roger
|-damage|p1a: Roger|294\/394
|
|turn|58
|
|switch|p1a: Android|Magnezone, shiny|175\/344
|move|p2a: Chansey|Seismic Toss|p1a: Android
|-damage|p1a: Android|75\/344
|
|turn|59
|
|switch|p1a: Roger|Slowbro, M, shiny|394\/394
|move|p2a: Chansey|Seismic Toss|p1a: Roger
|-damage|p1a: Roger|294\/394
|
|turn|60
|
|switch|p1a: FREEZE|Chansey, F, shiny|660\/704
|move|p2a: Chansey|Toxic|p1a: FREEZE
|-status|p1a: FREEZE|tox
|
|-damage|p1a: FREEZE|616\/704 tox|[from] psn
|turn|61
|
|switch|p1a: Roger|Slowbro, M, shiny|394\/394
|move|p2a: Chansey|Seismic Toss|p1a: Roger
|-damage|p1a: Roger|294\/394
|
|turn|62
|
|switch|p1a: FREEZE|Chansey, F, shiny|616\/704
|move|p2a: Chansey|Seismic Toss|p1a: FREEZE
|-damage|p1a: FREEZE|516\/704
|
|turn|63
|
|switch|p2a: Mew|Mew|354\/404
|-damage|p2a: Mew|304\/404|[from] Stealth Rock
|move|p1a: FREEZE|Toxic|p2a: Mew
|-status|p2a: Mew|tox
|-status|p1a: FREEZE|tox
|
|-heal|p2a: Mew|329\/404 tox|[from] item: Leftovers
|-damage|p2a: Mew|304\/404 tox|[from] psn
|-damage|p1a: FREEZE|472\/704 tox|[from] psn
|turn|64
|
|switch|p2a: Chansey|Chansey, F|704\/704
|-damage|p2a: Chansey|616\/704|[from] Stealth Rock
|switch|p1a: Roger|Slowbro, M, shiny|394\/394
|
|turn|65
|
|switch|p1a: FREEZE|Chansey, F, shiny|472\/704
|move|p2a: Chansey|Heal Bell|p2a: Chansey
|-cureteam|p2a: Chansey|[from] move: HealBell
|
|turn|66
|
|switch|p2a: Mew|Mew|304\/404
|-damage|p2a: Mew|254\/404|[from] Stealth Rock
|move|p1a: FREEZE|Soft-Boiled|p1a: FREEZE
|-heal|p1a: FREEZE|704\/704
|
|-heal|p2a: Mew|279\/404|[from] item: Leftovers
|turn|67
|
|switch|p1a: Roger|Slowbro, M, shiny|394\/394
|move|p2a: Mew|Roost|p2a: Mew
|-heal|p2a: Mew|404\/404
|
|turn|68
|
|switch|p1a: FREEZE|Chansey, F, shiny|704\/704
|move|p2a: Mew|Knock Off|p1a: FREEZE
|-damage|p1a: FREEZE|604\/704
|
|turn|69
|
|move|p2a: Mew|Taunt|p1a: FREEZE
|-start|p1a: FREEZE|move: Taunt
|move|p1a: FREEZE|Seismic Toss|p2a: Mew
|-damage|p2a: Mew|304\/404
|
|-heal|p2a: Mew|329\/404|[from] item: Leftovers
|turn|70
|
|move|p2a: Mew|Knock Off|p1a: FREEZE
|-damage|p1a: FREEZE|496\/704
|move|p1a: FREEZE|Seismic Toss|p2a: Mew
|-damage|p2a: Mew|229\/404
|
|-heal|p2a: Mew|254\/404|[from] item: Leftovers
|turn|71
|
|move|p2a: Mew|Roost|p2a: Mew
|-heal|p2a: Mew|404\/404
|move|p1a: FREEZE|Seismic Toss|p2a: Mew
|-damage|p2a: Mew|304\/404
|
|-heal|p2a: Mew|329\/404|[from] item: Leftovers
|-end|p1a: FREEZE|move: Taunt
|turn|72
|
|move|p2a: Mew|Knock Off|p1a: FREEZE
|-damage|p1a: FREEZE|388\/704
|move|p1a: FREEZE|Seismic Toss|p2a: Mew
|-damage|p2a: Mew|229\/404
|
|-heal|p2a: Mew|254\/404|[from] item: Leftovers
|turn|73
|
|move|p2a: Mew|Knock Off|p1a: FREEZE
|-damage|p1a: FREEZE|295\/704
|move|p1a: FREEZE|Soft-Boiled|p1a: FREEZE
|-heal|p1a: FREEZE|647\/704
|
|-heal|p2a: Mew|279\/404|[from] item: Leftovers
|turn|74
|
|move|p2a: Mew|Roost|p2a: Mew
|-heal|p2a: Mew|404\/404
|move|p1a: FREEZE|Seismic Toss|p2a: Mew
|-damage|p2a: Mew|304\/404
|
|-heal|p2a: Mew|329\/404|[from] item: Leftovers
|turn|75
|
|move|p2a: Mew|Knock Off|p1a: FREEZE
|-damage|p1a: FREEZE|540\/704
|move|p1a: FREEZE|Seismic Toss|p2a: Mew
|-damage|p2a: Mew|229\/404
|
|-heal|p2a: Mew|254\/404|[from] item: Leftovers
|turn|76
|
|move|p2a: Mew|Knock Off|p1a: FREEZE
|-damage|p1a: FREEZE|446\/704
|move|p1a: FREEZE|Seismic Toss|p2a: Mew
|-damage|p2a: Mew|154\/404
|
|-heal|p2a: Mew|179\/404|[from] item: Leftovers
|turn|77
|
|move|p2a: Mew|Taunt|p1a: FREEZE
|-start|p1a: FREEZE|move: Taunt
|cant|p1a: FREEZE|move: Taunt|Soft-Boiled
|
|-heal|p2a: Mew|204\/404|[from] item: Leftovers
|turn|78
|
|move|p2a: Mew|Roost|p2a: Mew
|-heal|p2a: Mew|404\/404
|move|p1a: FREEZE|Seismic Toss|p2a: Mew
|-damage|p2a: Mew|304\/404
|
|-heal|p2a: Mew|329\/404|[from] item: Leftovers
|turn|79
|
|move|p2a: Mew|Knock Off|p1a: FREEZE
|-damage|p1a: FREEZE|351\/704
|move|p1a: FREEZE|Seismic Toss|p2a: Mew
|-damage|p2a: Mew|229\/404
|
|-heal|p2a: Mew|254\/404|[from] item: Leftovers
|-end|p1a: FREEZE|move: Taunt
|turn|80
|
|move|p2a: Mew|Taunt|p1a: FREEZE
|-start|p1a: FREEZE|move: Taunt
|cant|p1a: FREEZE|move: Taunt|Soft-Boiled
|
|-heal|p2a: Mew|279\/404|[from] item: Leftovers
|turn|81
|
|switch|p1a: Roger|Slowbro, M, shiny|394\/394
|move|p2a: Mew|Knock Off|p1a: Roger
|-supereffective|p1a: Roger
|-damage|p1a: Roger|328\/394
|
|-heal|p2a: Mew|304\/404|[from] item: Leftovers
|turn|82
|
|switch|p2a: Chansey|Chansey, F|616\/704
|-damage|p2a: Chansey|528\/704|[from] Stealth Rock
|move|p1a: Roger|Scald|p2a: Chansey
|-damage|p2a: Chansey|468\/704
|
|turn|83
|
|switch|p2a: Mew|Mew|304\/404
|-damage|p2a: Mew|254\/404|[from] Stealth Rock
|move|p1a: Roger|Thunder Wave|p2a: Mew
|-status|p2a: Mew|par
|-status|p1a: Roger|par
|
|-heal|p2a: Mew|279\/404 par|[from] item: Leftovers
|turn|84
|
|switch|p2a: Chansey|Chansey, F|468\/704
|-damage|p2a: Chansey|380\/704|[from] Stealth Rock
|switch|p1a: FREEZE|Chansey, F, shiny|351\/704
|
|turn|85
|
|move|p2a: Chansey|Wish|p2a: Chansey
|move|p1a: FREEZE|Soft-Boiled|p1a: FREEZE
|-heal|p1a: FREEZE|703\/704
|
|turn|86
|
|move|p1a: FREEZE|Aromatherapy|p1a: FREEZE
|-cureteam|p1a: FREEZE|[from] move: Aromatherapy
|move|p2a: Chansey|Heal Bell|p2a: Chansey
|-cureteam|p2a: Chansey|[from] move: HealBell
|
|-heal|p2a: Chansey|704\/704|[from] move: Wish|[wisher] Chansey
|turn|87
|
|move|p1a: FREEZE|Seismic Toss|p2a: Chansey
|-damage|p2a: Chansey|604\/704
|move|p2a: Chansey|Toxic|p1a: FREEZE
|-status|p1a: FREEZE|tox
|
|-damage|p1a: FREEZE|659\/704 tox|[from] psn
|turn|88
|
|switch|p2a: Mew|Mew|279\/404
|-damage|p2a: Mew|229\/404|[from] Stealth Rock
|switch|p1a: Roger|Slowbro, M, shiny|394\/394
|
|-heal|p2a: Mew|254\/404|[from] item: Leftovers
|turn|89
|
|move|p2a: Mew|Roost|p2a: Mew
|-heal|p2a: Mew|404\/404
|move|p1a: Roger|Scald|p2a: Mew
|-damage|p2a: Mew|338\/404
|-status|p2a: Mew|brn
|-status|p1a: Roger|brn
|
|-heal|p2a: Mew|363\/404 brn|[from] item: Leftovers
|-damage|p2a: Mew|313\/404 brn|[from] brn
|-damage|p1a: Roger|345\/394 brn|[from] brn
|turn|90
|
|switch|p2a: Chansey|Chansey, F|604\/704
|-damage|p2a: Chansey|516\/704|[from] Stealth Rock
|switch|p1a: FREEZE|Chansey, F, shiny|659\/704
|
|turn|91
|
|move|p2a: Chansey|Heal Bell|p2a: Chansey
|-cureteam|p2a: Chansey|[from] move: HealBell
|move|p1a: FREEZE|Toxic|p2a: Chansey
|-status|p2a: Chansey|tox
|
|-damage|p2a: Chansey|472\/704 tox|[from] psn
|turn|92
|
|move|p2a: Chansey|Wish|p2a: Chansey
|move|p1a: FREEZE|Aromatherapy|p1a: FREEZE
|-cureteam|p1a: FREEZE|[from] move: Aromatherapy
|
|-damage|p2a: Chansey|384\/704 tox|[from] psn
|turn|93
|
|move|p1a: FREEZE|Seismic Toss|p2a: Chansey
|-damage|p2a: Chansey|284\/704 tox
|move|p2a: Chansey|Seismic Toss|p1a: FREEZE
|-damage|p1a: FREEZE|559\/704
|
|-heal|p2a: Chansey|636\/704 tox|[from] move: Wish|[wisher] Chansey
|-damage|p2a: Chansey|504\/704 tox|[from] psn
|turn|94
|
|move|p1a: FREEZE|Seismic Toss|p2a: Chansey
|-damage|p2a: Chansey|404\/704 tox
|move|p2a: Chansey|Wish|p2a: Chansey
|
|-damage|p2a: Chansey|228\/704 tox|[from] psn
|turn|95
|
|switch|p2a: Mew|Mew|313\/404
|-damage|p2a: Mew|263\/404|[from] Stealth Rock
|move|p1a: FREEZE|Soft-Boiled|p1a: FREEZE
|-heal|p1a: FREEZE|704\/704
|
|-heal|p2a: Mew|404\/404|[from] move: Wish|[wisher] Chansey
|turn|96
|
|move|p2a: Mew|Taunt|p1a: FREEZE
|-start|p1a: FREEZE|move: Taunt
|move|p1a: FREEZE|Seismic Toss|p2a: Mew
|-damage|p2a: Mew|304\/404
|
|-heal|p2a: Mew|329\/404|[from] item: Leftovers
|turn|97
|
|move|p2a: Mew|Knock Off|p1a: FREEZE
|-crit|p1a: FREEZE
|-damage|p1a: FREEZE|559\/704
|move|p1a: FREEZE|Seismic Toss|p2a: Mew
|-damage|p2a: Mew|229\/404
|
|-heal|p2a: Mew|254\/404|[from] item: Leftovers
|turn|98
|
|move|p2a: Mew|Knock Off|p1a: FREEZE
|-damage|p1a: FREEZE|452\/704
|move|p1a: FREEZE|Seismic Toss|p2a: Mew
|-damage|p2a: Mew|154\/404
|
|-heal|p2a: Mew|179\/404|[from] item: Leftovers
|-end|p1a: FREEZE|move: Taunt
|turn|99
|
|move|p2a: Mew|Roost|p2a: Mew
|-heal|p2a: Mew|381\/404
|move|p1a: FREEZE|Soft-Boiled|p1a: FREEZE
|-heal|p1a: FREEZE|704\/704
|
|-heal|p2a: Mew|404\/404|[from] item: Leftovers
|turn|100
|
|move|p2a: Mew|Knock Off|p1a: FREEZE
|-damage|p1a: FREEZE|605\/704
|move|p1a: FREEZE|Seismic Toss|p2a: Mew
|-damage|p2a: Mew|304\/404
|
|-heal|p2a: Mew|329\/404|[from] item: Leftovers
|turn|101
|
|move|p2a: Mew|Taunt|p1a: FREEZE
|-start|p1a: FREEZE|move: Taunt
|move|p1a: FREEZE|Seismic Toss|p2a: Mew
|-damage|p2a: Mew|229\/404
|
|-heal|p2a: Mew|254\/404|[from] item: Leftovers
|turn|102
|
|move|p2a: Mew|Knock Off|p1a: FREEZE
|-damage|p1a: FREEZE|500\/704
|move|p1a: FREEZE|Seismic Toss|p2a: Mew
|-damage|p2a: Mew|154\/404
|
|-heal|p2a: Mew|179\/404|[from] item: Leftovers
|turn|103
|
|move|p2a: Mew|Roost|p2a: Mew
|-heal|p2a: Mew|381\/404
|move|p1a: FREEZE|Seismic Toss|p2a: Mew
|-damage|p2a: Mew|281\/404
|
|-heal|p2a: Mew|306\/404|[from] item: Leftovers
|-end|p1a: FREEZE|move: Taunt
|turn|104
|
|move|p2a: Mew|Knock Off|p1a: FREEZE
|-damage|p1a: FREEZE|393\/704
|move|p1a: FREEZE|Seismic Toss|p2a: Mew
|-damage|p2a: Mew|206\/404
|
|-heal|p2a: Mew|231\/404|[from] item: Leftovers
|turn|105
|
|move|p2a: Mew|Knock Off|p1a: FREEZE
|-damage|p1a: FREEZE|298\/704
|move|p1a: FREEZE|Seismic Toss|p2a: Mew
|-damage|p2a: Mew|131\/404
|
|-heal|p2a: Mew|156\/404|[from] item: Leftovers
|turn|106
|
|move|p2a: Mew|Taunt|p1a: FREEZE
|-start|p1a: FREEZE|move: Taunt
|cant|p1a: FREEZE|move: Taunt|Soft-Boiled
|
|-heal|p2a: Mew|181\/404|[from] item: Leftovers
|turn|107
|
|move|p2a: Mew|Roost|p2a: Mew
|-heal|p2a: Mew|383\/404
|move|p1a: FREEZE|Seismic Toss|p2a: Mew
|-damage|p2a: Mew|283\/404
|
|-heal|p2a: Mew|308\/404|[from] item: Leftovers
|turn|108
|
|move|p2a: Mew|Knock Off|p1a: FREEZE
|-damage|p1a: FREEZE|204\/704
|move|p1a: FREEZE|Seismic Toss|p2a: Mew
|-damage|p2a: Mew|208\/404
|
|-heal|p2a: Mew|233\/404|[from] item: Leftovers
|-end|p1a: FREEZE|move: Taunt
|turn|109
|
|move|p2a: Mew|Taunt|p1a: FREEZE
|-start|p1a: FREEZE|move: Taunt
|cant|p1a: FREEZE|move: Taunt|Soft-Boiled
|
|-heal|p2a: Mew|258\/404|[from] item: Leftovers
|turn|110
|
|switch|p1a: Roger|Slowbro, M, shiny|394\/394
|move|p2a: Mew|Knock Off|p1a: Roger
|-supereffective|p1a: Roger
|-damage|p1a: Roger|328\/394
|
|-heal|p2a: Mew|283\/404|[from] item: Leftovers
|turn|111
|
|switch|p2a: Chansey|Chansey, F|228\/704
|-damage|p2a: Chansey|140\/704|[from] Stealth Rock
|move|p1a: Roger|Scald|p2a: Chansey
|-damage|p2a: Chansey|79\/704
|
|turn|112
|
|move|p2a: Chansey|Wish|p2a: Chansey
|move|p1a: Roger|Scald|p2a: Chansey
|-damage|p2a: Chansey|19\/704
|
|turn|113
|
|switch|p2a: Mew|Mew|283\/404
|-damage|p2a: Mew|233\/404|[from] Stealth Rock
|move|p1a: Roger|Scald|p2a: Mew
|-damage|p2a: Mew|158\/404
|
|-heal|p2a: Mew|404\/404|[from] move: Wish|[wisher] Chansey
|turn|114
|
|move|p2a: Mew|Knock Off|p1a: Roger
|-supereffective|p1a: Roger
|-damage|p1a: Roger|262\/394
|move|p1a: Roger|Thunder Wave|p2a: Mew
|-status|p2a: Mew|par
|-status|p1a: Roger|par
|
|turn|115
|
|switch|p1a: FREEZE|Chansey, F, shiny|204\/704
|move|p2a: Mew|Knock Off|p1a: FREEZE
|-damage|p1a: FREEZE|101\/704
|
|turn|116
|
|move|p1a: FREEZE|Soft-Boiled|p1a: FREEZE
|-heal|p1a: FREEZE|453\/704
|cant|p2a: Mew|par
|
|turn|117
|c|âShininDark|gg
|-message|ShininDark forfeited.
|
|win|LMay
|raw|Ladder updating...
|leave|ShininDark
|player|p2
|raw|LMay's rating: 1111 &rarr; <strong>1136<\/strong><br \/>(+25 for winning)
|raw|ShininDark's rating: 1115 &rarr; <strong>1090<\/strong><br \/>(-25 for losing)