|join|LMay
|join|Silent Platform
|player|p1|LMay|283
|player|p2|Silent Platform|2
|gametype|singles
|gen|6
|tier|ORAS OU
|rated
|rule|Sleep Clause Mod: Limit one foe put to sleep
|rule|Species Clause: Limit one of each PokÃ©mon
|rule|OHKO Clause: OHKO moves are banned
|rule|Moody Clause: Moody is banned
|rule|Evasion Moves Clause: Evasion moves are banned
|rule|Endless Battle Clause: Forcing endless battles is banned
|rule|HP Percentage Mod: HP is shown in percentages
|clearpoke
|poke|p1|Altaria, M, shiny
|poke|p1|Mamoswine, M, shiny
|poke|p1|Slowbro, M, shiny
|poke|p1|Chansey, F, shiny
|poke|p1|Gengar, M, shiny
|poke|p1|Magnezone, shiny
|poke|p2|Greninja, F
|poke|p2|Sceptile, F
|poke|p2|Tyranitar, F
|poke|p2|Excadrill, F
|poke|p2|Talonflame, F
|poke|p2|Landorus-Therian, M
|rule|Swagger Clause: Swagger is banned
|rule|Baton Pass Clause: Limit one PokÃ©mon knowing Baton Pass
|teampreview
|
|start
|switch|p1a: Magnum|Mamoswine, M, shiny|364\/364
|switch|p2a: Talonflame|Talonflame, F|359\/359
|turn|1
|
|move|p2a: Talonflame|Taunt|p1a: Magnum
|-immune|p1a: Magnum|[msg]|[from] Oblivious
|move|p1a: Magnum|Knock Off|p2a: Talonflame
|-damage|p2a: Talonflame|194\/359
|-enditem|p2a: Talonflame|Leftovers|[from] move: Knock Off|[of] p1a: Magnum
|
|turn|2
|
|move|p2a: Talonflame|Will-O-Wisp|p1a: Magnum
|-status|p1a: Magnum|brn
|move|p1a: Magnum|Stealth Rock|p2a: Talonflame
|-sidestart|p2: Silent Platform|move: Stealth Rock
|
|-damage|p1a: Magnum|319\/364 brn|[from] brn
|turn|3
|
|move|p2a: Talonflame|Brave Bird|p1a: Magnum
|-crit|p1a: Magnum
|-damage|p1a: Magnum|109\/364 brn
|-damage|p2a: Talonflame|125\/359|[from] recoil|[of] p1a: Magnum
|move|p1a: Magnum|Earthquake|p2a: Talonflame
|-immune|p2a: Talonflame|[msg]
|
|-damage|p1a: Magnum|64\/364 brn|[from] brn
|turn|4
|
|move|p2a: Talonflame|Roost|p2a: Talonflame
|-heal|p2a: Talonflame|305\/359
|move|p1a: Magnum|Earthquake|p2a: Talonflame
|-supereffective|p2a: Talonflame
|-damage|p2a: Talonflame|33\/359
|
|-damage|p1a: Magnum|19\/364 brn|[from] brn
|turn|5
|
|move|p2a: Talonflame|Brave Bird|p1a: Magnum
|-damage|p1a: Magnum|0 fnt
|-damage|p2a: Talonflame|27\/359|[from] recoil|[of] p1a: Magnum
|faint|p1a: Magnum
|
|
|switch|p1a: Roger|Slowbro, M, shiny|394\/394
|turn|6
|
|move|p2a: Talonflame|Taunt|p1a: Roger
|-start|p1a: Roger|move: Taunt
|move|p1a: Roger|Scald|p2a: Talonflame
|-supereffective|p2a: Talonflame
|-damage|p2a: Talonflame|0 fnt
|faint|p2a: Talonflame
|
|
|switch|p2a: Greninja|Greninja, F|285\/285
|-damage|p2a: Greninja|250\/285|[from] Stealth Rock
|turn|7
|
|switch|p1a: FREEZE|Chansey, F, shiny|704\/704
|move|p2a: Greninja|Low Kick|p1a: FREEZE
|-start|p2a: Greninja|typechange|Fighting|[from] Protean
|-supereffective|p1a: FREEZE
|-damage|p1a: FREEZE|486\/704
|-damage|p2a: Greninja|222\/285|[from] item: Life Orb
|
|turn|8
|
|switch|p2a: Tyranitar|Tyranitar, F|404\/404
|-damage|p2a: Tyranitar|354\/404|[from] Stealth Rock
|-weather|Sandstorm
|move|p1a: FREEZE|Seismic Toss|p2a: Tyranitar
|-damage|p2a: Tyranitar|254\/404
|
|-weather|Sandstorm|[upkeep]
|-damage|p1a: FREEZE|442\/704|[from] sandstorm
|turn|9
|
|move|p2a: Tyranitar|Stealth Rock|p1a: FREEZE
|-sidestart|p1: LMay|move: Stealth Rock
|move|p1a: FREEZE|Thunder Wave|p2a: Tyranitar
|-status|p2a: Tyranitar|par
|
|-weather|Sandstorm|[upkeep]
|-damage|p1a: FREEZE|398\/704|[from] sandstorm
|turn|10
|
|switch|p2a: Excadrill|Excadrill, F|361\/361
|-damage|p2a: Excadrill|350\/361|[from] Stealth Rock
|move|p1a: FREEZE|Soft-Boiled|p1a: FREEZE
|-heal|p1a: FREEZE|704\/704
|
|-weather|Sandstorm|[upkeep]
|-damage|p1a: FREEZE|660\/704|[from] sandstorm
|turn|11
|
|move|p2a: Excadrill|Earthquake|p1a: FREEZE
|-damage|p1a: FREEZE|284\/704
|-damage|p2a: Excadrill|314\/361|[from] item: Life Orb
|move|p1a: FREEZE|Seismic Toss|p2a: Excadrill
|-damage|p2a: Excadrill|214\/361
|
|-weather|Sandstorm|[upkeep]
|-damage|p1a: FREEZE|240\/704|[from] sandstorm
|turn|12
|
|switch|p1a: Roger|Slowbro, M, shiny|394\/394
|-damage|p1a: Roger|345\/394|[from] Stealth Rock
|move|p2a: Excadrill|Earthquake|p1a: Roger
|-damage|p1a: Roger|153\/394
|-damage|p2a: Excadrill|178\/361|[from] item: Life Orb
|
|-weather|Sandstorm|[upkeep]
|-damage|p1a: Roger|129\/394|[from] sandstorm
|-heal|p1a: Roger|153\/394|[from] item: Leftovers
|turn|13
|
|switch|p1a: Ghostic|Gengar, M, shiny|263\/263
|-damage|p1a: Ghostic|231\/263|[from] Stealth Rock
|move|p2a: Excadrill|Earthquake|p1a: Ghostic
|-immune|p1a: Ghostic|[msg]
|
|-weather|Sandstorm|[upkeep]
|-damage|p1a: Ghostic|215\/263|[from] sandstorm
|-heal|p1a: Ghostic|231\/263|[from] item: Black Sludge
|turn|14
|
|switch|p1a: Roger|Slowbro, M, shiny|284\/394
|-damage|p1a: Roger|235\/394|[from] Stealth Rock
|move|p2a: Excadrill|Earthquake|p1a: Roger
|-damage|p1a: Roger|50\/394
|-damage|p2a: Excadrill|142\/361|[from] item: Life Orb
|
|-weather|Sandstorm|[upkeep]
|-damage|p1a: Roger|26\/394|[from] sandstorm
|-heal|p1a: Roger|50\/394|[from] item: Leftovers
|turn|15
|
|move|p2a: Excadrill|Iron Head|p1a: Roger
|-resisted|p1a: Roger
|-damage|p1a: Roger|0 fnt
|-damage|p2a: Excadrill|106\/361|[from] item: Life Orb
|faint|p1a: Roger
|
|-weather|none
|
|switch|p1a: Ghostic|Gengar, M, shiny|231\/263
|-damage|p1a: Ghostic|199\/263|[from] Stealth Rock
|turn|16
|
|switch|p2a: Tyranitar|Tyranitar, F|254\/404 par
|-damage|p2a: Tyranitar|204\/404 par|[from] Stealth Rock
|-weather|Sandstorm
|move|p1a: Ghostic|Substitute|p1a: Ghostic
|-start|p1a: Ghostic|Substitute
|-damage|p1a: Ghostic|134\/263
|
|-weather|Sandstorm|[upkeep]
|-damage|p1a: Ghostic|118\/263|[from] sandstorm
|-heal|p1a: Ghostic|134\/263|[from] item: Black Sludge
|turn|17
|
|move|p1a: Ghostic|Shadow Ball|p2a: Tyranitar
|-resisted|p2a: Tyranitar
|-damage|p2a: Tyranitar|171\/404 par
|move|p2a: Tyranitar|Stone Edge|p1a: Ghostic
|-end|p1a: Ghostic|Substitute
|
|-weather|Sandstorm|[upkeep]
|-damage|p1a: Ghostic|118\/263|[from] sandstorm
|-heal|p1a: Ghostic|134\/263|[from] item: Black Sludge
|turn|18
|
|switch|p1a: Android|Magnezone, shiny|339\/339
|-damage|p1a: Android|318\/339|[from] Stealth Rock
|move|p2a: Tyranitar|Ice Beam|p1a: Android
|-resisted|p1a: Android
|-damage|p1a: Android|282\/339
|
|-weather|Sandstorm|[upkeep]
|turn|19
|
|move|p1a: Android|Flash Cannon|p2a: Tyranitar
|-supereffective|p2a: Tyranitar
|-damage|p2a: Tyranitar|0 fnt
|faint|p2a: Tyranitar
|
|-weather|Sandstorm|[upkeep]
|join|testostering
|
|switch|p2a: Greninja|Greninja, F|222\/285
|-damage|p2a: Greninja|187\/285|[from] Stealth Rock
|turn|20
|
|move|p2a: Greninja|Low Kick|p1a: Android
|-start|p2a: Greninja|typechange|Fighting|[from] Protean
|-supereffective|p1a: Android
|-damage|p1a: Android|0 fnt
|-damage|p2a: Greninja|159\/285|[from] item: Life Orb
|faint|p1a: Android
|
|-weather|Sandstorm|[upkeep]
|-damage|p2a: Greninja|142\/285|[from] sandstorm
|
|switch|p1a: FREEZE|Chansey, F, shiny|240\/704
|-damage|p1a: FREEZE|152\/704|[from] Stealth Rock
|turn|21
|
|switch|p1a: Ghostic|Gengar, M, shiny|134\/263
|-damage|p1a: Ghostic|102\/263|[from] Stealth Rock
|move|p2a: Greninja|Low Kick|p1a: Ghostic
|-immune|p1a: Ghostic|[msg]
|
|-weather|Sandstorm|[upkeep]
|-damage|p2a: Greninja|125\/285|[from] sandstorm
|-damage|p1a: Ghostic|86\/263|[from] sandstorm
|-heal|p1a: Ghostic|102\/263|[from] item: Black Sludge
|turn|22
|
|move|p2a: Greninja|Dark Pulse|p1a: Ghostic
|-start|p2a: Greninja|typechange|Dark|[from] Protean
|-supereffective|p1a: Ghostic
|-damage|p1a: Ghostic|0 fnt
|-damage|p2a: Greninja|97\/285|[from] item: Life Orb
|faint|p1a: Ghostic
|
|-weather|Sandstorm|[upkeep]
|-damage|p2a: Greninja|80\/285|[from] sandstorm
|
|switch|p1a: FREEZE|Chansey, F, shiny|152\/704
|-damage|p1a: FREEZE|64\/704|[from] Stealth Rock
|turn|23
|
|move|p2a: Greninja|Dark Pulse|p1a: FREEZE
|-damage|p1a: FREEZE|0 fnt
|-damage|p2a: Greninja|52\/285|[from] item: Life Orb
|faint|p1a: FREEZE
|
|-weather|none
|
|switch|p1a: Cloud|Altaria, M, shiny|302\/302
|-damage|p1a: Cloud|227\/302|[from] Stealth Rock
|turn|24
|
|detailschange|p1a: Cloud|Altaria-Mega, M, shiny
|message|Altaria has Mega Evolved into Mega Altaria!
|move|p2a: Greninja|Gunk Shot|p1a: Cloud|[miss]
|-start|p2a: Greninja|typechange|Poison|[from] Protean
|-miss|p2a: Greninja|p1a: Cloud
|move|p1a: Cloud|Dragon Dance|p1a: Cloud
|-boost|p1a: Cloud|atk|1
|-boost|p1a: Cloud|spe|1
|
|turn|25
|
|move|p1a: Cloud|Return|p2a: Greninja
|-resisted|p2a: Greninja
|-damage|p2a: Greninja|0 fnt
|faint|p2a: Greninja
|
|
|switch|p2a: Landorus-Therian|Landorus-Therian, M|319\/319
|-damage|p2a: Landorus-Therian|280\/319|[from] Stealth Rock
|-ability|p2a: Landorus-Therian|Intimidate|[of] p1a: Cloud
|-unboost|p1a: Cloud|atk|1
|turn|26
|
|move|p2a: Landorus-Therian|Earthquake|p1a: Cloud
|-damage|p1a: Cloud|55\/302
|move|p1a: Cloud|Roost|p1a: Cloud
|-heal|p1a: Cloud|206\/302
|
|turn|27
|
|move|p2a: Landorus-Therian|Earthquake|p1a: Cloud
|-damage|p1a: Cloud|31\/302
|move|p1a: Cloud|Roost|p1a: Cloud
|-heal|p1a: Cloud|182\/302
|
|turn|28
|
|move|p2a: Landorus-Therian|Earthquake|p1a: Cloud
|-damage|p1a: Cloud|4\/302
|move|p1a: Cloud|Dragon Dance|p1a: Cloud
|-boost|p1a: Cloud|atk|1
|-boost|p1a: Cloud|spe|1
|
|turn|29
|
|switch|p2a: Excadrill|Excadrill, F|106\/361
|-damage|p2a: Excadrill|95\/361|[from] Stealth Rock
|move|p1a: Cloud|Return|p2a: Excadrill
|-resisted|p2a: Excadrill
|-damage|p2a: Excadrill|0 fnt
|faint|p2a: Excadrill
|
|
|switch|p2a: Landorus-Therian|Landorus-Therian, M|280\/319
|-damage|p2a: Landorus-Therian|241\/319|[from] Stealth Rock
|-ability|p2a: Landorus-Therian|Intimidate|[of] p1a: Cloud
|-unboost|p1a: Cloud|atk|1
|turn|30
|
|move|p1a: Cloud|Return|p2a: Landorus-Therian
|-damage|p2a: Landorus-Therian|0 fnt
|faint|p2a: Landorus-Therian
|
|
|switch|p2a: Sceptile|Sceptile, F|281\/281
|-damage|p2a: Sceptile|246\/281|[from] Stealth Rock
|turn|31
|
|detailschange|p2a: Sceptile|Sceptile-Mega, F
|message|Sceptile has Mega Evolved into Mega Sceptile!
|move|p1a: Cloud|Return|p2a: Sceptile
|-supereffective|p2a: Sceptile
|-damage|p2a: Sceptile|0 fnt
|faint|p2a: Sceptile
|
|win|LMay
|raw|Ladder updating...
|raw|LMay's rating: 1532 &rarr; <strong>1542<\/strong><br \/>(+10 for winning)
|raw|Silent Platform's rating: 1334 &rarr; <strong>1325<\/strong><br \/>(-9 for losing)
|leave|Silent Platform
|player|p2
|leave|LMay
|player|p1
|join|LMay