|join|LMay
|join|150Gallade
|player|p1|LMay|283
|player|p2|150Gallade|25
|gametype|singles
|gen|6
|tier|ORAS OU
|rated
|rule|Sleep Clause Mod: Limit one foe put to sleep
|rule|Species Clause: Limit one of each PokÃ©mon
|rule|OHKO Clause: OHKO moves are banned
|rule|Moody Clause: Moody is banned
|rule|Evasion Moves Clause: Evasion moves are banned
|rule|Endless Battle Clause: Forcing endless battles is banned
|rule|HP Percentage Mod: HP is shown in percentages
|clearpoke
|poke|p1|Altaria, M, shiny
|poke|p1|Mamoswine, M, shiny
|poke|p1|Slowbro, M, shiny
|poke|p1|Chansey, F, shiny
|poke|p1|Gengar, M, shiny
|poke|p1|Magnezone, shiny
|poke|p2|Sceptile, M
|poke|p2|Mamoswine, M, shiny
|poke|p2|Rotom-Wash
|poke|p2|Infernape, F
|poke|p2|Mandibuzz, F, shiny
|poke|p2|Blissey, F
|rule|Swagger Clause: Swagger is banned
|rule|Baton Pass Clause: Limit one PokÃ©mon knowing Baton Pass
|teampreview
|
|start
|switch|p1a: Magnum|Mamoswine, M, shiny|364\/364
|switch|p2a: Washington|Rotom-Wash|304\/304
|turn|1
|
|move|p1a: Magnum|Knock Off|p2a: Washington
|-damage|p2a: Washington|176\/304
|-enditem|p2a: Washington|Choice Specs|[from] move: Knock Off|[of] p1a: Magnum
|move|p2a: Washington|Hydro Pump|p1a: Magnum
|-supereffective|p1a: Magnum
|-enditem|p1a: Magnum|Focus Sash
|-damage|p1a: Magnum|1\/364
|
|turn|2
|
|move|p1a: Magnum|Stealth Rock|p2a: Washington
|-sidestart|p2: 150Gallade|move: Stealth Rock
|move|p2a: Washington|Dark Pulse|p1a: Magnum
|-damage|p1a: Magnum|0 fnt
|faint|p1a: Magnum
|
|
|switch|p1a: Cloud|Altaria, M, shiny|346\/346
|turn|3
|
|switch|p2a: Real Beef|Mamoswine, M, shiny|362\/362
|-damage|p2a: Real Beef|317\/362|[from] Stealth Rock
|detailschange|p1a: Cloud|Altaria-Mega, M, shiny
|message|Altaria has Mega Evolved into Mega Altaria!
|move|p1a: Cloud|Dragon Dance|p1a: Cloud
|-boost|p1a: Cloud|atk|1
|-boost|p1a: Cloud|spe|1
|
|turn|4
|
|move|p1a: Cloud|Return|p2a: Real Beef
|-damage|p2a: Real Beef|0 fnt
|faint|p2a: Real Beef
|
|
|switch|p2a: Minnion of Joy|Blissey, F|714\/714
|-damage|p2a: Minnion of Joy|625\/714|[from] Stealth Rock
|turn|5
|
|move|p1a: Cloud|Return|p2a: Minnion of Joy
|-damage|p2a: Minnion of Joy|0 fnt
|faint|p2a: Minnion of Joy
|
|
|switch|p2a: Buzzlightyear|Mandibuzz, F, shiny|424\/424
|-damage|p2a: Buzzlightyear|318\/424|[from] Stealth Rock
|turn|6
|
|move|p1a: Cloud|Return|p2a: Buzzlightyear
|-supereffective|p2a: Buzzlightyear
|-damage|p2a: Buzzlightyear|0 fnt
|faint|p2a: Buzzlightyear
|
|
|switch|p2a: Washington|Rotom-Wash|176\/304
|-damage|p2a: Washington|138\/304|[from] Stealth Rock
|turn|7
|
|move|p1a: Cloud|Return|p2a: Washington
|-damage|p2a: Washington|0 fnt
|faint|p2a: Washington
|
|
|switch|p2a: Wrecktile|Sceptile, M|282\/282
|-damage|p2a: Wrecktile|247\/282|[from] Stealth Rock
|turn|8
|
|move|p2a: Wrecktile|Hidden Power|p1a: Cloud
|-damage|p1a: Cloud|282\/346
|move|p1a: Cloud|Return|p2a: Wrecktile
|-damage|p2a: Wrecktile|0 fnt
|faint|p2a: Wrecktile
|
|
|switch|p2a: Firebutt|Infernape, F|294\/294
|-damage|p2a: Firebutt|258\/294|[from] Stealth Rock
|turn|9
|
|move|p2a: Firebutt|Close Combat|p1a: Cloud
|-resisted|p1a: Cloud
|-damage|p1a: Cloud|177\/346
|-unboost|p2a: Firebutt|def|1
|-unboost|p2a: Firebutt|spd|1
|-damage|p2a: Firebutt|229\/294|[from] item: Life Orb
|move|p1a: Cloud|Earthquake|p2a: Firebutt
|-supereffective|p2a: Firebutt
|-damage|p2a: Firebutt|0 fnt
|faint|p2a: Firebutt
|
|win|LMay
|raw|Ladder updating...
|raw|LMay's rating: 1129 &rarr; <strong>1149<\/strong><br \/>(+20 for winning)
|raw|150Gallade's rating: 1064 &rarr; <strong>1048<\/strong><br \/>(-16 for losing)
|c|â150Gallade|gg
|leave|150Gallade
|player|p2