|join|wars gaming
|join|LMay
|player|p1|wars gaming|267
|player|p2|LMay|283
|gametype|singles
|gen|6
|tier|ORAS OU
|rated
|rule|Sleep Clause Mod: Limit one foe put to sleep
|rule|Species Clause: Limit one of each PokÃ©mon
|rule|OHKO Clause: OHKO moves are banned
|rule|Moody Clause: Moody is banned
|rule|Evasion Moves Clause: Evasion moves are banned
|rule|Endless Battle Clause: Forcing endless battles is banned
|rule|HP Percentage Mod: HP is shown in percentages
|clearpoke
|poke|p1|Pidgeot, M, shiny
|poke|p1|Raikou, shiny
|poke|p1|Shedinja, shiny
|poke|p1|Bisharp, M, shiny
|poke|p1|Zoroark, M, shiny
|poke|p1|Spiritomb, M
|poke|p2|Altaria, M, shiny
|poke|p2|Mamoswine, M, shiny
|poke|p2|Slowbro, M, shiny
|poke|p2|Chansey, F, shiny
|poke|p2|Gengar, M, shiny
|poke|p2|Azumarill, M, shiny
|rule|Swagger Clause: Swagger is banned
|rule|Baton Pass Clause: Limit one PokÃ©mon knowing Baton Pass
|teampreview
|
|start
|switch|p1a: Bisharp|Bisharp, M, shiny|261\/261
|switch|p2a: Magnum|Mamoswine, M, shiny|364\/364
|turn|1
|
|move|p1a: Bisharp|Flamethrower|p2a: Magnum
|-supereffective|p2a: Magnum
|-damage|p2a: Magnum|42\/364
|move|p2a: Magnum|Stealth Rock|p1a: Bisharp
|-sidestart|p1: wars gaming|move: Stealth Rock
|
|turn|2
|
|move|p2a: Magnum|Ice Shard|p1a: Bisharp
|replace|p1a: Zoroark|Zoroark, M, shiny|261\/261
|-damage|p1a: Zoroark|140\/261
|move|p1a: Zoroark|Flamethrower|p2a: Magnum
|-supereffective|p2a: Magnum
|-damage|p2a: Magnum|0 fnt
|faint|p2a: Magnum
|
|
|switch|p2a: Cloud|Altaria, M, shiny|325\/325
|turn|3
|
|detailschange|p2a: Cloud|Altaria-Mega, M, shiny
|message|Altaria has Mega Evolved into Mega Altaria!
|move|p1a: Zoroark|U-turn|p2a: Cloud
|-resisted|p2a: Cloud
|-damage|p2a: Cloud|299\/325
|
|switch|p1a: Raikou|Raikou, shiny|322\/322
|-damage|p1a: Raikou|282\/322|[from] Stealth Rock
|-ability|p1a: Raikou|Pressure
|move|p2a: Cloud|Dragon Dance|p2a: Cloud
|-boost|p2a: Cloud|atk|1
|-boost|p2a: Cloud|spe|1
|
|-heal|p1a: Raikou|302\/322|[from] item: Leftovers
|turn|4
|
|move|p1a: Raikou|Volt Switch|p2a: Cloud
|-resisted|p2a: Cloud
|-damage|p2a: Cloud|246\/325
|
|switch|p1a: Bisharp|Bisharp, M, shiny|140\/261
|-damage|p1a: Bisharp|108\/261|[from] Stealth Rock
|move|p2a: Cloud|Earthquake|p1a: Bisharp
|replace|p1a: Zoroark|Zoroark, M, shiny|108\/261
|-damage|p1a: Zoroark|0 fnt
|faint|p1a: Zoroark
|
|
|switch|p1a: Pidgeot|Pidgeot, M, shiny|307\/307
|-damage|p1a: Pidgeot|231\/307|[from] Stealth Rock
|turn|5
|
|detailschange|p1a: Pidgeot|Pidgeot-Mega, M, shiny
|message|Pidgeot has Mega Evolved into Mega Pidgeot!
|move|p2a: Cloud|Return|p1a: Pidgeot
|-damage|p1a: Pidgeot|0 fnt
|faint|p1a: Pidgeot
|
|
|switch|p1a: Raikou|Raikou, shiny|302\/322
|-damage|p1a: Raikou|262\/322|[from] Stealth Rock
|-ability|p1a: Raikou|Pressure
|turn|6
|
|move|p1a: Raikou|Extrasensory|p2a: Cloud
|-damage|p2a: Cloud|159\/325
|move|p2a: Cloud|Return|p1a: Raikou
|-damage|p1a: Raikou|0 fnt
|faint|p1a: Raikou
|
|
|switch|p1a: Bisharp|Bisharp, M, shiny|272\/272
|-damage|p1a: Bisharp|255\/272|[from] Stealth Rock
|turn|7
|
|move|p2a: Cloud|Roost|p2a: Cloud
|-heal|p2a: Cloud|322\/325
|move|p1a: Bisharp|Iron Head|p2a: Cloud
|-supereffective|p2a: Cloud
|-damage|p2a: Cloud|0 fnt
|-damage|p1a: Bisharp|228\/272|[from] item: Life Orb
|faint|p2a: Cloud
|
|
|switch|p2a: Ghostic|Gengar, M, shiny|265\/265
|turn|8
|
|move|p1a: Bisharp|Sucker Punch|p2a: Ghostic
|-fail|p2a: Ghostic
|move|p2a: Ghostic|Will-O-Wisp|p1a: Bisharp
|-status|p1a: Bisharp|brn
|
|-damage|p1a: Bisharp|194\/272 brn|[from] brn
|turn|9
|
|switch|p2a: Roger|Slowbro, M, shiny|394\/394
|move|p1a: Bisharp|Sucker Punch|p2a: Roger
|-fail|p2a: Roger
|
|-damage|p1a: Bisharp|160\/272 brn|[from] brn
|turn|10
|
|move|p1a: Bisharp|Knock Off|p2a: Roger
|-supereffective|p2a: Roger
|-damage|p2a: Roger|212\/394
|-enditem|p2a: Roger|Leftovers|[from] move: Knock Off|[of] p1a: Bisharp
|-damage|p1a: Bisharp|133\/272 brn|[from] item: Life Orb
|move|p2a: Roger|Flamethrower|p1a: Bisharp
|-supereffective|p1a: Bisharp
|-damage|p1a: Bisharp|0 fnt
|faint|p1a: Bisharp
|
|
|switch|p1a: Spiritomb|Spiritomb, M|304\/304
|-damage|p1a: Spiritomb|266\/304|[from] Stealth Rock
|-ability|p1a: Spiritomb|Pressure
|turn|11
|
|move|p1a: Spiritomb|Hypnosis|p2a: Roger
|-status|p2a: Roger|slp
|cant|p2a: Roger|slp
|
|turn|12
|
|switch|p2a: FREEZE|Chansey, F, shiny|704\/704
|move|p1a: Spiritomb|Dream Eater|p2a: FREEZE
|-immune|p2a: FREEZE|[msg]
|
|turn|13
|
|move|p2a: FREEZE|Toxic|p1a: Spiritomb
|-status|p1a: Spiritomb|tox
|move|p1a: Spiritomb|Hypnosis|p2a: FREEZE
|-message|Sleep Clause Mod activated.
|-fail|p2a: FREEZE
|
|-damage|p1a: Spiritomb|247\/304 tox|[from] psn
|turn|14
|
|switch|p1a: trololo|Shedinja, shiny|1\/1
|-damage|p1a: trololo|0 fnt|[from] Stealth Rock
|faint|p1a: trololo
|move|p2a: FREEZE|Aromatherapy|p2a: FREEZE
|-cureteam|p2a: FREEZE|[from] move: Aromatherapy
|
|leave|wars gaming
|player|p1
|-message|warsgaming lost due to inactivity.
|
|win|LMay
|raw|Ladder updating...
|raw|wars gaming's rating: 1059 &rarr; <strong>1037<\/strong><br \/>(-22 for losing)
|raw|LMay's rating: 1000 &rarr; <strong>1047<\/strong><br \/>(+47 for winning)