|join|1Apathy
|join|LMay
|player|p1|1Apathy|290
|player|p2|LMay|283
|gametype|singles
|gen|6
|tier|OU
|rated
|clearpoke
|poke|p1|Milotic, F
|poke|p1|Gyarados, M
|poke|p1|Lanturn, M
|poke|p1|Heatran, M
|poke|p1|Gengar, F
|poke|p1|Drapion, F
|poke|p2|Slowbro, M, shiny
|poke|p2|Medicham, M, shiny
|poke|p2|Gengar, M, shiny
|poke|p2|Dragonite, F, shiny
|poke|p2|Diggersby, M, shiny
|poke|p2|Togekiss, M, shiny
|rule|Swagger Clause: Swagger is banned
|rule|Baton Pass Clause: Limit one PokÃ©mon knowing Baton Pass
|rule|Sleep Clause Mod: Limit one foe put to sleep
|rule|Species Clause: Limit one of each PokÃ©mon
|rule|OHKO Clause: OHKO moves are banned
|rule|Moody Clause: Moody is banned
|rule|Evasion Moves Clause: Evasion moves are banned
|rule|Endless Battle Clause: Forcing endless battles is banned
|rule|HP Percentage Mod: HP is shown in percentages
|teampreview
|
|start
|switch|p1a: Drapion|Drapion, F|344\/344
|switch|p2a: Ghostic|Gengar, M, shiny|262\/262
|turn|1
|
|move|p2a: Ghostic|Will-O-Wisp|p1a: Drapion|[miss]
|-miss|p2a: Ghostic|p1a: Drapion
|move|p1a: Drapion|Toxic Spikes|p2a: Ghostic
|-sidestart|p2: LMay|move: Toxic Spikes
|
|turn|2
|
|move|p2a: Ghostic|Will-O-Wisp|p1a: Drapion
|-status|p1a: Drapion|brn
|move|p1a: Drapion|Knock Off|p2a: Ghostic
|-supereffective|p2a: Ghostic
|-damage|p2a: Ghostic|110\/262
|-enditem|p2a: Ghostic|Life Orb|[from] move: Knock Off|[of] p1a: Drapion
|
|-damage|p1a: Drapion|301\/344 brn|[from] brn
|turn|3
|
|move|p2a: Ghostic|Shadow Ball|p1a: Drapion
|-resisted|p1a: Drapion
|-damage|p1a: Drapion|211\/344 brn
|move|p1a: Drapion|Knock Off|p2a: Ghostic
|-supereffective|p2a: Ghostic
|-damage|p2a: Ghostic|8\/262
|
|-heal|p1a: Drapion|232\/344 brn|[from] item: Black Sludge
|-damage|p1a: Drapion|189\/344 brn|[from] brn
|turn|4
|
|switch|p2a: Airfrance|Togekiss, M, shiny|374\/374
|move|p1a: Drapion|Knock Off|p2a: Airfrance
|-crit|p2a: Airfrance
|-resisted|p2a: Airfrance
|-damage|p2a: Airfrance|329\/374
|-enditem|p2a: Airfrance|Leftovers|[from] move: Knock Off|[of] p1a: Drapion
|
|-heal|p1a: Drapion|210\/344 brn|[from] item: Black Sludge
|-damage|p1a: Drapion|167\/344 brn|[from] brn
|turn|5
|
|switch|p1a: Lanturn|Lanturn, M|391\/391
|move|p2a: Airfrance|Defog|p1a: Lanturn
|-unboost|p1a: Lanturn|evasion|1
|-sideend|p2: LMay|Toxic Spikes|[from] move: Defog|[of] p2a: Airfrance
|
|turn|6
|
|move|p2a: Airfrance|Wish|p2a: Airfrance
|move|p1a: Lanturn|Heal Bell|p1a: Lanturn
|-cureteam|p1a: Lanturn|[from] move: HealBell
|
|turn|7
|
|move|p2a: Airfrance|Air Slash|p1a: Lanturn
|-resisted|p1a: Lanturn
|-damage|p1a: Lanturn|346\/391
|cant|p1a: Lanturn|flinch
|
|-heal|p2a: Airfrance|374\/374|[from] move: Wish|[wisher] Airfrance
|-heal|p1a: Lanturn|370\/391|[from] item: Leftovers
|turn|8
|
|move|p2a: Airfrance|Wish|p2a: Airfrance
|move|p1a: Lanturn|Discharge|p2a: Airfrance
|-supereffective|p2a: Airfrance
|-damage|p2a: Airfrance|272\/374
|
|-heal|p1a: Lanturn|391\/391|[from] item: Leftovers
|turn|9
|
|switch|p2a: Ghostic|Gengar, M, shiny|8\/262
|switch|p1a: Gyarados|Gyarados, M|394\/394
|-ability|p1a: Gyarados|Intimidate|[of] p2a: Ghostic
|-unboost|p2a: Ghostic|atk|1
|
|-heal|p2a: Ghostic|195\/262|[from] move: Wish|[wisher] Airfrance
|turn|10
|
|move|p2a: Ghostic|Will-O-Wisp|p1a: Gyarados
|-status|p1a: Gyarados|brn
|move|p1a: Gyarados|Thunder Wave|p2a: Ghostic
|-status|p2a: Ghostic|par
|
|-damage|p1a: Gyarados|345\/394 brn|[from] brn
|turn|11
|
|switch|p1a: Lanturn|Lanturn, M|391\/391
|move|p2a: Ghostic|Substitute|p2a: Ghostic
|-start|p2a: Ghostic|Substitute
|-damage|p2a: Ghostic|130\/262 par
|
|turn|12
|
|move|p1a: Lanturn|Heal Bell|p1a: Lanturn
|-cureteam|p1a: Lanturn|[from] move: HealBell
|cant|p2a: Ghostic|par
|
|turn|13
|
|switch|p1a: Heatran|Heatran, M|386\/386
|cant|p2a: Ghostic|par
|
|turn|14
|
|move|p1a: Heatran|Stealth Rock|p2a: Ghostic
|-sidestart|p2: LMay|move: Stealth Rock
|cant|p2a: Ghostic|par
|
|turn|15
|
|cant|p2a: Ghostic|par
|move|p1a: Heatran|Roar|p2a: Ghostic
|drag|p2a: McTwist|Diggersby, M, shiny|342\/342
|-damage|p2a: McTwist|321\/342|[from] Stealth Rock
|
|turn|16
|
|switch|p1a: Gyarados|Gyarados, M|345\/394
|-ability|p1a: Gyarados|Intimidate|[of] p2a: McTwist
|-unboost|p2a: McTwist|atk|1
|move|p2a: McTwist|Return|p1a: Gyarados
|-crit|p1a: Gyarados
|-damage|p1a: Gyarados|0 fnt
|-damage|p2a: McTwist|287\/342|[from] item: Life Orb
|faint|p1a: Gyarados
|
|
|switch|p1a: Gengar|Gengar, F|262\/262
|turn|17
|
|switch|p2a: Ghostic|Gengar, M, shiny|130\/262 par
|-damage|p2a: Ghostic|98\/262 par|[from] Stealth Rock
|move|p1a: Gengar|Substitute|p1a: Gengar
|-start|p1a: Gengar|Substitute
|-damage|p1a: Gengar|197\/262
|
|-heal|p1a: Gengar|213\/262|[from] item: Black Sludge
|turn|18
|
|move|p1a: Gengar|Shadow Ball|p2a: Ghostic
|-supereffective|p2a: Ghostic
|-damage|p2a: Ghostic|0 fnt
|faint|p2a: Ghostic
|
|-heal|p1a: Gengar|229\/262|[from] item: Black Sludge
|
|switch|p2a: Airfrance|Togekiss, M, shiny|272\/374
|-damage|p2a: Airfrance|179\/374|[from] Stealth Rock
|turn|19
|
|move|p1a: Gengar|Sludge Bomb|p2a: Airfrance
|-supereffective|p2a: Airfrance
|-damage|p2a: Airfrance|0 fnt
|faint|p2a: Airfrance
|
|-heal|p1a: Gengar|245\/262|[from] item: Black Sludge
|
|switch|p2a: Cynder|Dragonite, F, shiny|348\/348
|-damage|p2a: Cynder|261\/348|[from] Stealth Rock
|turn|20
|
|move|p1a: Gengar|Sludge Bomb|p2a: Cynder
|-damage|p2a: Cynder|104\/348
|-status|p2a: Cynder|psn
|move|p2a: Cynder|Dragon Claw|p1a: Gengar
|-end|p1a: Gengar|Substitute
|
|-heal|p1a: Gengar|261\/262|[from] item: Black Sludge
|-damage|p2a: Cynder|61\/348 psn|[from] psn
|turn|21
|-message|LMay forfeited.
|
|win|1Apathy
|raw|Ladder updating...
|leave|LMay
|player|p2
|raw|1Apathy's rating: 1565 &rarr; <strong>1585<\/strong><br \/>(+20 for winning)
|raw|LMay's rating: 1573 &rarr; <strong>1552<\/strong><br \/>(-21 for losing)