|join|LMay
|join|love4fun
|player|p1|LMay|283
|player|p2|love4fun|70
|gametype|singles
|gen|6
|tier|OU
|rated
|clearpoke
|poke|p1|Altaria, M, shiny
|poke|p1|Magnezone, shiny
|poke|p1|Greninja, M, shiny
|poke|p1|Chansey, F, shiny
|poke|p1|Gengar, M, shiny
|poke|p1|Zapdos, shiny
|poke|p2|Infernape, M
|poke|p2|Kyurem-Black
|poke|p2|Starmie
|poke|p2|Landorus-Therian, M
|poke|p2|Gardevoir, F
|poke|p2|Rotom-Wash
|rule|Swagger Clause: Swagger is banned
|rule|Baton Pass Clause: Limit one PokÃ©mon knowing Baton Pass
|rule|Sleep Clause Mod: Limit one foe put to sleep
|rule|Species Clause: Limit one of each PokÃ©mon
|rule|OHKO Clause: OHKO moves are banned
|rule|Moody Clause: Moody is banned
|rule|Evasion Moves Clause: Evasion moves are banned
|rule|Endless Battle Clause: Forcing endless battles is banned
|rule|HP Percentage Mod: HP is shown in percentages
|teampreview
|
|start
|switch|p1a: Ghostic|Gengar, M, shiny|262\/262
|switch|p2a: Destiny-Endless|Kyurem-Black|391\/391
|-ability|p2a: Destiny-Endless|Teravolt
|turn|1
|
|move|p1a: Ghostic|Shadow Ball|p2a: Destiny-Endless
|-crit|p2a: Destiny-Endless
|-damage|p2a: Destiny-Endless|237\/391
|move|p2a: Destiny-Endless|Fusion Bolt|p1a: Ghostic
|-damage|p1a: Ghostic|32\/262
|
|-heal|p1a: Ghostic|48\/262|[from] item: Black Sludge
|turn|2
|
|move|p1a: Ghostic|Will-O-Wisp|p2a: Destiny-Endless|[miss]
|-miss|p1a: Ghostic|p2a: Destiny-Endless
|move|p2a: Destiny-Endless|Ice Beam|p1a: Ghostic
|-damage|p1a: Ghostic|0 fnt
|faint|p1a: Ghostic
|
|
|switch|p1a: Android|Magnezone, shiny|281\/281
|turn|3
|
|switch|p2a: Despair-Endless|Rotom-Wash|304\/304
|move|p1a: Android|Flash Cannon|p2a: Despair-Endless
|-resisted|p2a: Despair-Endless
|-damage|p2a: Despair-Endless|275\/304
|
|-heal|p2a: Despair-Endless|294\/304|[from] item: Leftovers
|turn|4
|
|switch|p1a: FREEZE|Chansey, F, shiny|704\/704
|move|p2a: Despair-Endless|Will-O-Wisp|p1a: FREEZE
|-status|p1a: FREEZE|brn
|
|-heal|p2a: Despair-Endless|304\/304|[from] item: Leftovers
|-damage|p1a: FREEZE|616\/704 brn|[from] brn
|turn|5
|
|move|p2a: Despair-Endless|Volt Switch|p1a: FREEZE
|-damage|p1a: FREEZE|558\/704 brn
|
|switch|p2a: Destruction-Endles|Landorus-Therian, M|319\/319
|-ability|p2a: Destruction-Endles|Intimidate|[of] p1a: FREEZE
|-unboost|p1a: FREEZE|atk|1
|move|p1a: FREEZE|Stealth Rock|p2a: Destruction-Endles
|-sidestart|p2: love4fun|move: Stealth Rock
|
|-damage|p1a: FREEZE|470\/704 brn|[from] brn
|turn|6
|
|move|p2a: Destruction-Endles|Superpower|p1a: FREEZE
|-supereffective|p1a: FREEZE
|-damage|p1a: FREEZE|40\/704 brn
|-unboost|p2a: Destruction-Endles|atk|1
|-unboost|p2a: Destruction-Endles|def|1
|move|p1a: FREEZE|Seismic Toss|p2a: Destruction-Endles
|-damage|p2a: Destruction-Endles|219\/319
|
|-damage|p1a: FREEZE|0 fnt|[from] brn
|faint|p1a: FREEZE
|
|switch|p1a: Silver|Altaria, M, shiny|291\/291
|turn|7
|
|switch|p2a: Despair-Endless|Rotom-Wash|304\/304
|-damage|p2a: Despair-Endless|266\/304|[from] Stealth Rock
|detailschange|p1a: Silver|Altaria-Mega, M, shiny
|-mega|p1a: Silver|Altaria|Altarianite
|move|p1a: Silver|Dragon Dance|p1a: Silver
|-boost|p1a: Silver|atk|1
|-boost|p1a: Silver|spe|1
|
|-heal|p2a: Despair-Endless|285\/304|[from] item: Leftovers
|turn|8
|
|move|p1a: Silver|Frustration|p2a: Despair-Endless
|-damage|p2a: Despair-Endless|11\/304
|move|p2a: Despair-Endless|Will-O-Wisp|p1a: Silver
|-status|p1a: Silver|brn
|
|-heal|p2a: Despair-Endless|30\/304|[from] item: Leftovers
|-damage|p1a: Silver|255\/291 brn|[from] brn
|turn|9
|
|move|p1a: Silver|Dragon Dance|p1a: Silver
|-boost|p1a: Silver|atk|1
|-boost|p1a: Silver|spe|1
|move|p2a: Despair-Endless|Pain Split|p1a: Silver
|-sethp|p1a: Silver|142\/291 brn|p2a: Despair-Endless|142\/304|[from] move: Pain Split
|
|-heal|p2a: Despair-Endless|161\/304|[from] item: Leftovers
|-damage|p1a: Silver|106\/291 brn|[from] brn
|turn|10
|
|move|p1a: Silver|Roost|p1a: Silver
|-heal|p1a: Silver|252\/291 brn
|move|p2a: Despair-Endless|Hydro Pump|p1a: Silver
|-resisted|p1a: Silver
|-damage|p1a: Silver|192\/291 brn
|
|-heal|p2a: Despair-Endless|180\/304|[from] item: Leftovers
|-damage|p1a: Silver|156\/291 brn|[from] brn
|turn|11
|
|move|p1a: Silver|Dragon Dance|p1a: Silver
|-boost|p1a: Silver|atk|1
|-boost|p1a: Silver|spe|1
|move|p2a: Despair-Endless|Volt Switch|p1a: Silver
|-crit|p1a: Silver
|-resisted|p1a: Silver
|-damage|p1a: Silver|90\/291 brn
|
|switch|p2a: Destiny-Endless|Kyurem-Black|237\/391
|-damage|p2a: Destiny-Endless|140\/391|[from] Stealth Rock
|-ability|p2a: Destiny-Endless|Teravolt
|
|-damage|p1a: Silver|54\/291 brn|[from] brn
|turn|12
|
|move|p1a: Silver|Roost|p1a: Silver
|-heal|p1a: Silver|200\/291 brn
|move|p2a: Destiny-Endless|Ice Beam|p1a: Silver
|-supereffective|p1a: Silver
|-damage|p1a: Silver|0 fnt
|faint|p1a: Silver
|
|
|switch|p1a: Android|Magnezone, shiny|281\/281
|turn|13
|
|switch|p2a: Despair-Endless|Rotom-Wash|180\/304
|-damage|p2a: Despair-Endless|142\/304|[from] Stealth Rock
|move|p1a: Android|Volt Switch|p2a: Despair-Endless
|-damage|p2a: Despair-Endless|30\/304
|
|switch|p1a: UNDOSTRES|Zapdos, shiny|384\/384
|-ability|p1a: UNDOSTRES|Pressure
|
|-heal|p2a: Despair-Endless|49\/304|[from] item: Leftovers
|turn|14
|
|move|p1a: UNDOSTRES|Volt Switch|p2a: Despair-Endless
|-damage|p2a: Despair-Endless|0 fnt
|faint|p2a: Despair-Endless
|
|switch|p1a: Venom|Greninja, M, shiny|286\/286
|
|
|switch|p2a: Destruction-Endles|Landorus-Therian, M|219\/319
|-damage|p2a: Destruction-Endles|180\/319|[from] Stealth Rock
|-ability|p2a: Destruction-Endles|Intimidate|[of] p1a: Venom
|-unboost|p1a: Venom|atk|1
|turn|15
|
|switch|p1a: UNDOSTRES|Zapdos, shiny|384\/384
|-ability|p1a: UNDOSTRES|Pressure
|move|p2a: Destruction-Endles|Superpower|p1a: UNDOSTRES
|-resisted|p1a: UNDOSTRES
|-damage|p1a: UNDOSTRES|314\/384
|-unboost|p2a: Destruction-Endles|atk|1
|-unboost|p2a: Destruction-Endles|def|1
|
|-heal|p1a: UNDOSTRES|338\/384|[from] item: Leftovers
|turn|16
|
|switch|p2a: Dream-Endless|Infernape, M|356\/356
|-damage|p2a: Dream-Endless|312\/356|[from] Stealth Rock
|move|p1a: UNDOSTRES|Volt Switch|p2a: Dream-Endless
|-damage|p2a: Dream-Endless|210\/356
|
|switch|p1a: Android|Magnezone, shiny|281\/281
|
|-heal|p2a: Dream-Endless|232\/356|[from] item: Leftovers
|turn|17
|
|move|p1a: Android|Volt Switch|p2a: Dream-Endless
|-damage|p2a: Dream-Endless|117\/356
|
|switch|p1a: UNDOSTRES|Zapdos, shiny|338\/384
|-ability|p1a: UNDOSTRES|Pressure
|move|p2a: Dream-Endless|Fire Punch|p1a: UNDOSTRES
|-damage|p1a: UNDOSTRES|212\/384
|-status|p1a: UNDOSTRES|brn
|
|-heal|p2a: Dream-Endless|139\/356|[from] item: Leftovers
|-heal|p1a: UNDOSTRES|236\/384 brn|[from] item: Leftovers
|-damage|p1a: UNDOSTRES|188\/384 brn|[from] brn
|turn|18
|
|move|p2a: Dream-Endless|Slack Off|p2a: Dream-Endless
|-heal|p2a: Dream-Endless|317\/356
|move|p1a: UNDOSTRES|Roost|p1a: UNDOSTRES
|-heal|p1a: UNDOSTRES|380\/384 brn
|
|-heal|p2a: Dream-Endless|339\/356|[from] item: Leftovers
|-heal|p1a: UNDOSTRES|384\/384 brn|[from] item: Leftovers
|-damage|p1a: UNDOSTRES|336\/384 brn|[from] brn
|turn|19
|
|move|p2a: Dream-Endless|Close Combat|p1a: UNDOSTRES
|-resisted|p1a: UNDOSTRES
|-damage|p1a: UNDOSTRES|278\/384 brn
|-unboost|p2a: Dream-Endless|def|1
|-unboost|p2a: Dream-Endless|spd|1
|move|p1a: UNDOSTRES|Volt Switch|p2a: Dream-Endless
|-damage|p2a: Dream-Endless|183\/356
|
|switch|p1a: Android|Magnezone, shiny|281\/281
|
|-heal|p2a: Dream-Endless|205\/356|[from] item: Leftovers
|turn|20
|
|move|p1a: Android|Flash Cannon|p2a: Dream-Endless
|-resisted|p2a: Dream-Endless
|-damage|p2a: Dream-Endless|95\/356
|move|p2a: Dream-Endless|Slack Off|p2a: Dream-Endless
|-heal|p2a: Dream-Endless|273\/356
|
|-heal|p2a: Dream-Endless|295\/356|[from] item: Leftovers
|turn|21
|
|switch|p1a: UNDOSTRES|Zapdos, shiny|278\/384 brn
|-ability|p1a: UNDOSTRES|Pressure
|move|p2a: Dream-Endless|Fire Punch|p1a: UNDOSTRES
|-damage|p1a: UNDOSTRES|199\/384 brn
|
|-heal|p2a: Dream-Endless|317\/356|[from] item: Leftovers
|-heal|p1a: UNDOSTRES|223\/384 brn|[from] item: Leftovers
|-damage|p1a: UNDOSTRES|175\/384 brn|[from] brn
|turn|22
|
|switch|p2a: Desire-Endless|Starmie|324\/324
|-damage|p2a: Desire-Endless|284\/324|[from] Stealth Rock
|move|p1a: UNDOSTRES|Roost|p1a: UNDOSTRES
|-heal|p1a: UNDOSTRES|367\/384 brn
|
|-heal|p2a: Desire-Endless|304\/324|[from] item: Leftovers
|-heal|p1a: UNDOSTRES|384\/384 brn|[from] item: Leftovers
|-damage|p1a: UNDOSTRES|336\/384 brn|[from] brn
|turn|23
|
|move|p2a: Desire-Endless|Rapid Spin|p1a: UNDOSTRES
|-crit|p1a: UNDOSTRES
|-damage|p1a: UNDOSTRES|322\/384 brn
|-sideend|p2: love4fun|Stealth Rock|[from] move: Rapid Spin|[of] p2a: Desire-Endless
|move|p1a: UNDOSTRES|Volt Switch|p2a: Desire-Endless
|-supereffective|p2a: Desire-Endless
|-damage|p2a: Desire-Endless|62\/324
|
|switch|p1a: Venom|Greninja, M, shiny|286\/286
|
|-heal|p2a: Desire-Endless|82\/324|[from] item: Leftovers
|turn|24
|
|move|p1a: Venom|Dark Pulse|p2a: Desire-Endless
|-start|p1a: Venom|typechange|Dark|[from] Protean
|-supereffective|p2a: Desire-Endless
|-damage|p2a: Desire-Endless|0 fnt
|-damage|p1a: Venom|258\/286|[from] item: Life Orb
|faint|p2a: Desire-Endless
|
|
|switch|p2a: Destruction-Endles|Landorus-Therian, M|180\/319
|-ability|p2a: Destruction-Endles|Intimidate|[of] p1a: Venom
|-unboost|p1a: Venom|atk|1
|turn|25
|
|switch|p1a: UNDOSTRES|Zapdos, shiny|322\/384 brn
|-ability|p1a: UNDOSTRES|Pressure
|move|p2a: Destruction-Endles|U-turn|p1a: UNDOSTRES
|-resisted|p1a: UNDOSTRES
|-damage|p1a: UNDOSTRES|283\/384 brn
|
|switch|p2a: Death-Endless|Gardevoir, F|340\/340
|-ability|p2a: Death-Endless|Pressure|[from] ability: Trace|[of] p1a: UNDOSTRES
|-ability|p2a: Death-Endless|Pressure
|
|-heal|p1a: UNDOSTRES|307\/384 brn|[from] item: Leftovers
|-damage|p1a: UNDOSTRES|259\/384 brn|[from] brn
|turn|26
|
|detailschange|p2a: Death-Endless|Gardevoir-Mega, F
|-mega|p2a: Death-Endless|Gardevoir|Gardevoirite
|move|p2a: Death-Endless|Wish|p2a: Death-Endless
|move|p1a: UNDOSTRES|Volt Switch|p2a: Death-Endless
|-damage|p2a: Death-Endless|255\/340
|
|switch|p1a: Android|Magnezone, shiny|281\/281
|
|turn|27
|
|switch|p2a: Destruction-Endles|Landorus-Therian, M|180\/319
|-ability|p2a: Destruction-Endles|Intimidate|[of] p1a: Android
|-unboost|p1a: Android|atk|1
|move|p1a: Android|Flash Cannon|p2a: Destruction-Endles
|-damage|p2a: Destruction-Endles|0 fnt
|faint|p2a: Destruction-Endles
|
|
|switch|p2a: Destiny-Endless|Kyurem-Black|140\/391
|-ability|p2a: Destiny-Endless|Teravolt
|turn|28
|
|switch|p2a: Dream-Endless|Infernape, M|317\/356
|move|p1a: Android|Flash Cannon|p2a: Dream-Endless
|-resisted|p2a: Dream-Endless
|-damage|p2a: Dream-Endless|253\/356
|
|-heal|p2a: Dream-Endless|275\/356|[from] item: Leftovers
|turn|29
|
|switch|p1a: UNDOSTRES|Zapdos, shiny|259\/384 brn
|-ability|p1a: UNDOSTRES|Pressure
|move|p2a: Dream-Endless|Toxic|p1a: UNDOSTRES
|-fail|p1a: UNDOSTRES
|
|-heal|p2a: Dream-Endless|297\/356|[from] item: Leftovers
|-heal|p1a: UNDOSTRES|283\/384 brn|[from] item: Leftovers
|-damage|p1a: UNDOSTRES|235\/384 brn|[from] brn
|turn|30
|
|move|p2a: Dream-Endless|Fire Punch|p1a: UNDOSTRES
|-damage|p1a: UNDOSTRES|157\/384 brn
|move|p1a: UNDOSTRES|Roost|p1a: UNDOSTRES
|-heal|p1a: UNDOSTRES|349\/384 brn
|
|-heal|p2a: Dream-Endless|319\/356|[from] item: Leftovers
|-heal|p1a: UNDOSTRES|373\/384 brn|[from] item: Leftovers
|-damage|p1a: UNDOSTRES|325\/384 brn|[from] brn
|turn|31
|
|move|p2a: Dream-Endless|Fire Punch|p1a: UNDOSTRES
|-damage|p1a: UNDOSTRES|246\/384 brn
|move|p1a: UNDOSTRES|Heat Wave|p2a: Dream-Endless
|-resisted|p2a: Dream-Endless
|-damage|p2a: Dream-Endless|275\/356
|
|-heal|p2a: Dream-Endless|297\/356|[from] item: Leftovers
|-heal|p1a: UNDOSTRES|270\/384 brn|[from] item: Leftovers
|-damage|p1a: UNDOSTRES|222\/384 brn|[from] brn
|turn|32
|
|move|p2a: Dream-Endless|Fire Punch|p1a: UNDOSTRES
|-damage|p1a: UNDOSTRES|144\/384 brn
|move|p1a: UNDOSTRES|Roost|p1a: UNDOSTRES
|-heal|p1a: UNDOSTRES|336\/384 brn
|
|-heal|p2a: Dream-Endless|319\/356|[from] item: Leftovers
|-heal|p1a: UNDOSTRES|360\/384 brn|[from] item: Leftovers
|-damage|p1a: UNDOSTRES|312\/384 brn|[from] brn
|turn|33
|
|move|p2a: Dream-Endless|Fire Punch|p1a: UNDOSTRES
|-damage|p1a: UNDOSTRES|239\/384 brn
|move|p1a: UNDOSTRES|Volt Switch|p2a: Dream-Endless
|-damage|p2a: Dream-Endless|217\/356
|
|switch|p1a: Venom|Greninja, M, shiny|258\/286
|
|-heal|p2a: Dream-Endless|239\/356|[from] item: Leftovers
|turn|34
|
|switch|p2a: Death-Endless|Gardevoir-Mega, F|255\/340
|move|p1a: Venom|Scald|p2a: Death-Endless
|-start|p1a: Venom|typechange|Water|[from] Protean
|-damage|p2a: Death-Endless|137\/340
|-damage|p1a: Venom|230\/286|[from] item: Life Orb
|
|turn|35
|
|switch|p1a: Android|Magnezone, shiny|281\/281
|move|p2a: Death-Endless|Wish|p2a: Death-Endless
|
|turn|36
|
|move|p2a: Death-Endless|Protect|p2a: Death-Endless
|-singleturn|p2a: Death-Endless|Protect
|move|p1a: Android|Thunderbolt|p2a: Death-Endless
|-activate|p2a: Death-Endless|Protect
|
|-heal|p2a: Death-Endless|307\/340|[from] move: Wish|[wisher] Death-Endless
|turn|37
|
|move|p1a: Android|Thunderbolt|p2a: Death-Endless
|-damage|p2a: Death-Endless|190\/340
|move|p2a: Death-Endless|Wish|p2a: Death-Endless
|
|turn|38
|
|switch|p2a: Destiny-Endless|Kyurem-Black|140\/391
|-ability|p2a: Destiny-Endless|Teravolt
|move|p1a: Android|Thunderbolt|p2a: Destiny-Endless
|-resisted|p2a: Destiny-Endless
|-damage|p2a: Destiny-Endless|81\/391
|
|-heal|p2a: Destiny-Endless|251\/391|[from] move: Wish|[wisher] Death-Endless
|turn|39
|
|switch|p1a: UNDOSTRES|Zapdos, shiny|239\/384 brn
|-ability|p1a: UNDOSTRES|Pressure
|move|p2a: Destiny-Endless|Fusion Bolt|p1a: UNDOSTRES
|-damage|p1a: UNDOSTRES|97\/384 brn
|
|-heal|p1a: UNDOSTRES|121\/384 brn|[from] item: Leftovers
|-damage|p1a: UNDOSTRES|73\/384 brn|[from] brn
|turn|40
|c|âlove4fun|showdown is laging here
|
|move|p2a: Destiny-Endless|Ice Beam|p1a: UNDOSTRES
|-supereffective|p1a: UNDOSTRES
|-damage|p1a: UNDOSTRES|0 fnt
|faint|p1a: UNDOSTRES
|
|
|switch|p1a: Android|Magnezone, shiny|281\/281
|turn|41
|
|switch|p2a: Dream-Endless|Infernape, M|239\/356
|move|p1a: Android|Volt Switch|p2a: Dream-Endless
|-damage|p2a: Dream-Endless|110\/356
|
|switch|p1a: Venom|Greninja, M, shiny|230\/286
|
|-heal|p2a: Dream-Endless|132\/356|[from] item: Leftovers
|turn|42
|
|switch|p2a: Destiny-Endless|Kyurem-Black|251\/391
|-ability|p2a: Destiny-Endless|Teravolt
|move|p1a: Venom|Scald|p2a: Destiny-Endless
|-start|p1a: Venom|typechange|Water|[from] Protean
|-crit|p2a: Destiny-Endless
|-resisted|p2a: Destiny-Endless
|-damage|p2a: Destiny-Endless|168\/391
|-status|p2a: Destiny-Endless|brn
|-damage|p1a: Venom|202\/286|[from] item: Life Orb
|
|-damage|p2a: Destiny-Endless|120\/391 brn|[from] brn
|turn|43
|
|move|p1a: Venom|Ice Beam|p2a: Destiny-Endless
|-start|p1a: Venom|typechange|Ice|[from] Protean
|-damage|p2a: Destiny-Endless|0 fnt
|-damage|p1a: Venom|174\/286|[from] item: Life Orb
|faint|p2a: Destiny-Endless
|
|
|switch|p2a: Death-Endless|Gardevoir-Mega, F|190\/340
|turn|44
|
|move|p1a: Venom|Ice Beam|p2a: Death-Endless
|-damage|p2a: Death-Endless|57\/340
|-damage|p1a: Venom|146\/286|[from] item: Life Orb
|move|p2a: Death-Endless|Wish|p2a: Death-Endless
|
|turn|45
|
|switch|p1a: Android|Magnezone, shiny|281\/281
|move|p2a: Death-Endless|Protect|p2a: Death-Endless
|-fail|p2a: Death-Endless
|
|-heal|p2a: Death-Endless|227\/340|[from] move: Wish|[wisher] Death-Endless
|turn|46
|
|move|p2a: Death-Endless|Protect|p2a: Death-Endless
|-singleturn|p2a: Death-Endless|Protect
|move|p1a: Android|Flash Cannon|p2a: Death-Endless
|-activate|p2a: Death-Endless|Protect
|
|turn|47
|
|move|p1a: Android|Flash Cannon|p2a: Death-Endless
|-supereffective|p2a: Death-Endless
|-damage|p2a: Death-Endless|0 fnt
|faint|p2a: Death-Endless
|
|
|switch|p2a: Dream-Endless|Infernape, M|132\/356
|turn|48
|
|move|p1a: Android|Flash Cannon|p2a: Dream-Endless
|-resisted|p2a: Dream-Endless
|-damage|p2a: Dream-Endless|69\/356
|move|p2a: Dream-Endless|Toxic|p1a: Android
|-fail|p1a: Android
|
|-heal|p2a: Dream-Endless|91\/356|[from] item: Leftovers
|turn|49
|
|move|p1a: Android|Flash Cannon|p2a: Dream-Endless
|-resisted|p2a: Dream-Endless
|-damage|p2a: Dream-Endless|18\/356
|move|p2a: Dream-Endless|Slack Off|p2a: Dream-Endless
|-heal|p2a: Dream-Endless|196\/356
|
|-heal|p2a: Dream-Endless|218\/356|[from] item: Leftovers
|turn|50
|
|move|p1a: Android|Flash Cannon|p2a: Dream-Endless
|-resisted|p2a: Dream-Endless
|-damage|p2a: Dream-Endless|149\/356
|move|p2a: Dream-Endless|Slack Off|p2a: Dream-Endless
|-heal|p2a: Dream-Endless|327\/356
|
|-heal|p2a: Dream-Endless|349\/356|[from] item: Leftovers
|turn|51
|
|move|p1a: Android|Flash Cannon|p2a: Dream-Endless
|-resisted|p2a: Dream-Endless
|-damage|p2a: Dream-Endless|281\/356
|move|p2a: Dream-Endless|Fire Punch|p1a: Android
|-supereffective|p1a: Android
|-damage|p1a: Android|107\/281
|
|-heal|p2a: Dream-Endless|303\/356|[from] item: Leftovers
|turn|52
|
|move|p1a: Android|Flash Cannon|p2a: Dream-Endless
|-resisted|p2a: Dream-Endless
|-damage|p2a: Dream-Endless|232\/356
|move|p2a: Dream-Endless|Slack Off|p2a: Dream-Endless
|-heal|p2a: Dream-Endless|356\/356
|
|turn|53
|
|move|p1a: Android|Flash Cannon|p2a: Dream-Endless
|-resisted|p2a: Dream-Endless
|-damage|p2a: Dream-Endless|292\/356
|move|p2a: Dream-Endless|Fire Punch|p1a: Android
|-supereffective|p1a: Android
|-damage|p1a: Android|0 fnt
|faint|p1a: Android
|
|-heal|p2a: Dream-Endless|314\/356|[from] item: Leftovers
|
|switch|p1a: Venom|Greninja, M, shiny|146\/286
|turn|54
|
|move|p1a: Venom|Scald|p2a: Dream-Endless
|-start|p1a: Venom|typechange|Water|[from] Protean
|-supereffective|p2a: Dream-Endless
|-damage|p2a: Dream-Endless|15\/356
|-damage|p1a: Venom|118\/286|[from] item: Life Orb
|move|p2a: Dream-Endless|Close Combat|p1a: Venom
|-damage|p1a: Venom|0 fnt
|-unboost|p2a: Dream-Endless|def|1
|-unboost|p2a: Dream-Endless|spd|1
|faint|p1a: Venom
|
|win|love4fun
|raw|Ladder updating...
|raw|LMay's rating: 1547 &rarr; <strong>1522<\/strong><br \/>(-25 for losing)
|raw|love4fun's rating: 1449 &rarr; <strong>1475<\/strong><br \/>(+26 for winning)
|c|âlove4fun|gg