|join|Yheii
|join|LMay
|player|p1|Yheii|153
|player|p2|LMay|283
|gametype|singles
|gen|6
|tier|OU
|clearpoke
|poke|p1|Volcarona, M, shiny
|poke|p1|Landorus-Therian, M, shiny
|poke|p1|Tentacruel, M
|poke|p1|Charizard, M
|poke|p1|Ferrothorn, M, shiny
|poke|p1|Latios, M
|poke|p2|Skarmory, M, shiny
|poke|p2|Charizard, M, shiny
|poke|p2|Greninja, M, shiny
|poke|p2|Bisharp, F, shiny
|poke|p2|Diggersby, M, shiny
|poke|p2|Sylveon, M
|rule|Swagger Clause: Swagger is banned
|rule|Baton Pass Clause: Limit one PokÃ©mon knowing Baton Pass
|rule|Sleep Clause Mod: Limit one foe put to sleep
|rule|Species Clause: Limit one of each PokÃ©mon
|rule|OHKO Clause: OHKO moves are banned
|rule|Moody Clause: Moody is banned
|rule|Evasion Moves Clause: Evasion moves are banned
|rule|Endless Battle Clause: Forcing endless battles is banned
|rule|HP Percentage Mod: HP is shown in percentages
|teampreview
|
|start
|switch|p1a: Landorus-Therian|Landorus-Therian, M, shiny|320\/320
|switch|p2a: McTwist|Diggersby, M, shiny|311\/311
|-ability|p1a: Landorus-Therian|Intimidate|[of] p2a: McTwist
|-unboost|p2a: McTwist|atk|1
|turn|1
|
|switch|p2a: Scarface|Skarmory, M, shiny|334\/334
|move|p1a: Landorus-Therian|Hammer Arm|p2a: Scarface
|-damage|p2a: Scarface|259\/334
|-damage|p1a: Landorus-Therian|267\/320|[from] item: Rocky Helmet|[of] p2a: Scarface
|-unboost|p1a: Landorus-Therian|spe|1
|
|turn|2
|
|switch|p1a: Tentacruel|Tentacruel, M|364\/364
|move|p2a: Scarface|Stealth Rock|p1a: Tentacruel
|-sidestart|p1: Yheii|move: Stealth Rock
|
|turn|3
|
|move|p1a: Tentacruel|Scald|p2a: Scarface
|-damage|p2a: Scarface|151\/334
|-status|p2a: Scarface|brn
|move|p2a: Scarface|Stealth Rock|p1a: Tentacruel
|-fail|p1a: Tentacruel
|
|-damage|p2a: Scarface|110\/334 brn|[from] brn
|turn|4
|
|switch|p2a: Sylveon|Sylveon, M|394\/394
|move|p1a: Tentacruel|Protect|p1a: Tentacruel
|-fail|p1a: Tentacruel
|
|turn|5
|
|move|p1a: Tentacruel|Rapid Spin|p2a: Sylveon
|-damage|p2a: Sylveon|378\/394
|-sideend|p1: Yheii|Stealth Rock|[from] move: Rapid Spin|[of] p1a: Tentacruel
|move|p2a: Sylveon|Heal Bell|p2a: Sylveon
|-cureteam|p2a: Sylveon|[from] move: HealBell
|
|-heal|p2a: Sylveon|394\/394|[from] item: Leftovers
|turn|6
|
|move|p1a: Tentacruel|Scald|p2a: Sylveon
|-damage|p2a: Sylveon|342\/394
|-status|p2a: Sylveon|brn
|move|p2a: Sylveon|Wish|p2a: Sylveon
|
|-heal|p2a: Sylveon|366\/394 brn|[from] item: Leftovers
|-damage|p2a: Sylveon|317\/394 brn|[from] brn
|turn|7
|c|âYheii|allerrrrrrrrrrrrrrrr
|
|move|p1a: Tentacruel|Scald|p2a: Sylveon
|-damage|p2a: Sylveon|269\/394 brn
|move|p2a: Sylveon|Heal Bell|p2a: Sylveon
|-cureteam|p2a: Sylveon|[from] move: HealBell
|
|-heal|p2a: Sylveon|394\/394|[from] move: Wish|[wisher] Sylveon
|turn|8
|c|âLMay|tu es chatteux ce soir gars abusÃ©
|
|move|p1a: Tentacruel|Scald|p2a: Sylveon
|-damage|p2a: Sylveon|345\/394
|move|p2a: Sylveon|Wish|p2a: Sylveon
|
|-heal|p2a: Sylveon|369\/394|[from] item: Leftovers
|turn|9
|
|switch|p2a: Scarface|Skarmory, M, shiny|110\/334
|move|p1a: Tentacruel|Scald|p2a: Scarface
|-damage|p2a: Scarface|11\/334
|
|-heal|p2a: Scarface|208\/334|[from] move: Wish|[wisher] Sylveon
|turn|10
|
|move|p1a: Tentacruel|Scald|p2a: Scarface
|-damage|p2a: Scarface|100\/334
|move|p2a: Scarface|Stealth Rock|p1a: Tentacruel
|-sidestart|p1: Yheii|move: Stealth Rock
|
|turn|11
|c|âYheii|30 % ^^
|c|âYheii|nymphalie tu le build comment
|
|move|p1a: Tentacruel|Scald|p2a: Scarface
|-damage|p2a: Scarface|0 fnt
|faint|p2a: Scarface
|
|
|switch|p2a: McTwist|Diggersby, M, shiny|311\/311
|turn|12
|
|move|p2a: McTwist|U-turn|p1a: Tentacruel
|-resisted|p1a: Tentacruel
|-damage|p1a: Tentacruel|290\/364
|
|switch|p2a: Sylveon|Sylveon, M|369\/394
|move|p1a: Tentacruel|Rapid Spin|p2a: Sylveon
|-damage|p2a: Sylveon|354\/394
|-sideend|p1: Yheii|Stealth Rock|[from] move: Rapid Spin|[of] p1a: Tentacruel
|
|-heal|p1a: Tentacruel|312\/364|[from] item: Black Sludge
|-heal|p2a: Sylveon|378\/394|[from] item: Leftovers
|turn|13
|
|move|p1a: Tentacruel|Protect|p1a: Tentacruel
|-singleturn|p1a: Tentacruel|Protect
|move|p2a: Sylveon|Hyper Voice|p1a: Tentacruel
|-activate|p1a: Tentacruel|Protect
|
|-heal|p1a: Tentacruel|334\/364|[from] item: Black Sludge
|-heal|p2a: Sylveon|394\/394|[from] item: Leftovers
|turn|14
|
|move|p2a: Sylveon|Hyper Voice|p1a: Tentacruel
|-resisted|p1a: Tentacruel
|-damage|p1a: Tentacruel|283\/364
|move|p1a: Tentacruel|Mirror Coat|p2a: Sylveon
|-damage|p2a: Sylveon|292\/394
|
|-heal|p1a: Tentacruel|305\/364|[from] item: Black Sludge
|-heal|p2a: Sylveon|316\/394|[from] item: Leftovers
|turn|15
|
|move|p1a: Tentacruel|Scald|p2a: Sylveon
|-damage|p2a: Sylveon|265\/394
|move|p2a: Sylveon|Wish|p2a: Sylveon
|
|-heal|p1a: Tentacruel|327\/364|[from] item: Black Sludge
|-heal|p2a: Sylveon|289\/394|[from] item: Leftovers
|turn|16
|
|switch|p2a: Blacko|Charizard, M, shiny|297\/297
|move|p1a: Tentacruel|Scald|p2a: Blacko
|-supereffective|p2a: Blacko
|-damage|p2a: Blacko|105\/297
|
|-heal|p2a: Blacko|297\/297|[from] move: Wish|[wisher] Sylveon
|-heal|p1a: Tentacruel|349\/364|[from] item: Black Sludge
|turn|17
|
|detailschange|p2a: Blacko|Charizard-Mega-X, M, shiny
|message|Charizard has Mega Evolved into Mega Charizard!
|move|p2a: Blacko|Dragon Dance|p2a: Blacko
|-boost|p2a: Blacko|atk|1
|-boost|p2a: Blacko|spe|1
|move|p1a: Tentacruel|Scald|p2a: Blacko
|-damage|p2a: Blacko|215\/297
|
|-heal|p1a: Tentacruel|364\/364|[from] item: Black Sludge
|turn|18
|
|move|p2a: Blacko|Dragon Dance|p2a: Blacko
|-boost|p2a: Blacko|atk|1
|-boost|p2a: Blacko|spe|1
|move|p1a: Tentacruel|Scald|p2a: Blacko
|-damage|p2a: Blacko|127\/297
|
|turn|19
|
|move|p2a: Blacko|Earthquake|p1a: Tentacruel
|-supereffective|p1a: Tentacruel
|-damage|p1a: Tentacruel|0 fnt
|faint|p1a: Tentacruel
|
|c|âYheii|ta gagner gg
|c|âLMay|no mdr
|c|âYheii|j'ai rien a faire la 
|
|switch|p1a: Volcarona|Volcarona, M, shiny|312\/312
|turn|20
|
|switch|p1a: Ferrothorn|Ferrothorn, M, shiny|352\/352
|move|p2a: Blacko|Dragon Claw|p1a: Ferrothorn
|-resisted|p1a: Ferrothorn
|-damage|p1a: Ferrothorn|237\/352
|-damage|p2a: Blacko|90\/297|[from] ability: Iron Barbs|[of] p1a: Ferrothorn
|-damage|p2a: Blacko|41\/297|[from] item: Rocky Helmet|[of] p1a: Ferrothorn
|
|turn|21
|
|move|p2a: Blacko|Dragon Dance|p2a: Blacko
|-boost|p2a: Blacko|atk|1
|-boost|p2a: Blacko|spe|1
|move|p1a: Ferrothorn|Gyro Ball|p2a: Blacko
|-resisted|p2a: Blacko
|-damage|p2a: Blacko|0 fnt
|faint|p2a: Blacko
|
|
|switch|p2a: Venom|Greninja, M, shiny|285\/285
|turn|22
|
|move|p2a: Venom|Hidden Power|p1a: Ferrothorn
|-start|p2a: Venom|typechange|Fire|[from] Protean
|-supereffective|p1a: Ferrothorn
|-damage|p1a: Ferrothorn|0 fnt
|-damage|p2a: Venom|257\/285|[from] item: Life Orb
|faint|p1a: Ferrothorn
|
|c|âYheii|ah mdrrrrrrrrrrrrrrrrrrrrrrrrrrrrrrrrrrrrrrrrrrr
|c|âYheii|je me suis fais baiser la 
|c|âLMay|ptdrrr
|c|âYheii|xD
|c|âYheii|gg
|c|âYheii|:(
|c|âYheii|:(
|c|âYheii|:(
|c|âYheii|je my attendais pas du tout
|
|switch|p1a: Charizard|Charizard, M|298\/298
|turn|23
|
|detailschange|p1a: Charizard|Charizard-Mega-X, M
|message|Charizard has Mega Evolved into Mega Charizard!
|move|p2a: Venom|Ice Beam|p1a: Charizard
|-start|p2a: Venom|typechange|Ice|[from] Protean
|-damage|p1a: Charizard|99\/298
|-damage|p2a: Venom|229\/285|[from] item: Life Orb
|move|p1a: Charizard|Dragon Dance|p1a: Charizard
|-boost|p1a: Charizard|atk|1
|-boost|p1a: Charizard|spe|1
|
|turn|24
|
|switch|p2a: Sylveon|Sylveon, M|289\/394
|move|p1a: Charizard|Dragon Dance|p1a: Charizard
|-boost|p1a: Charizard|atk|1
|-boost|p1a: Charizard|spe|1
|
|-heal|p2a: Sylveon|313\/394|[from] item: Leftovers
|turn|25
|
|move|p1a: Charizard|Earthquake|p2a: Sylveon
|-damage|p2a: Sylveon|0 fnt
|faint|p2a: Sylveon
|
|c|âYheii|sucker punch for the win ma guelle
|
|switch|p2a: Aivie|Bisharp, F, shiny|272\/272
|turn|26
|c|âLMay|tmtc
|c|âYheii|la c'est un main game
|c|âYheii|d
|c|âYheii|d
|c|âYheii|qsd
|c|âYheii|qs
|c|âLMay|bah pourquoi mdr
|c|âYheii|soit je dragon soit j'attaque 
|c|âLMay|bah fais ta vie omg 
|c|âLMay|mdr
|c|âYheii|xD 
|
|move|p1a: Charizard|Dragon Dance|p1a: Charizard
|-boost|p1a: Charizard|atk|1
|-boost|p1a: Charizard|spe|1
|move|p2a: Aivie|Swords Dance|p2a: Aivie
|-boost|p2a: Aivie|atk|2
|
|turn|27
|c|âYheii|gg
|
|move|p2a: Aivie|Sucker Punch|p1a: Charizard
|-damage|p1a: Charizard|0 fnt
|-damage|p2a: Aivie|245\/272|[from] item: Life Orb
|faint|p1a: Charizard
|
|
|switch|p1a: Volcarona|Volcarona, M, shiny|312\/312
|turn|28
|
|move|p2a: Aivie|Sucker Punch|p1a: Volcarona
|-fail|p1a: Volcarona
|move|p1a: Volcarona|Quiver Dance|p1a: Volcarona
|-boost|p1a: Volcarona|spa|1
|-boost|p1a: Volcarona|spd|1
|-boost|p1a: Volcarona|spe|1
|
|turn|29
|
|move|p2a: Aivie|Sucker Punch|p1a: Volcarona
|-damage|p1a: Volcarona|0 fnt
|-damage|p2a: Aivie|218\/272|[from] item: Life Orb
|faint|p1a: Volcarona
|
|
|switch|p1a: Landorus-Therian|Landorus-Therian, M, shiny|267\/320
|-ability|p1a: Landorus-Therian|Intimidate|[of] p2a: Aivie
|-unboost|p2a: Aivie|atk|1
|-boost|p2a: Aivie|atk|2|[from] ability: Defiant
|turn|30
|
|move|p2a: Aivie|Sucker Punch|p1a: Landorus-Therian
|-damage|p1a: Landorus-Therian|0 fnt
|-damage|p2a: Aivie|191\/272|[from] item: Life Orb
|faint|p1a: Landorus-Therian
|
|
|switch|p1a: Latios|Latios, M|302\/302
|turn|31
|c|âYheii|gg gro
|
|move|p2a: Aivie|Sucker Punch|p1a: Latios
|-supereffective|p1a: Latios
|-damage|p1a: Latios|0 fnt
|-damage|p2a: Aivie|164\/272|[from] item: Life Orb
|faint|p1a: Latios
|
|win|LMay