|join|robinlnr
|join|LMay
|player|p1|robinlnr|130
|player|p2|LMay|283
|gametype|singles
|gen|6
|tier|OU
|rated
|clearpoke
|poke|p1|Gallade, M
|poke|p1|Slowbro, M
|poke|p1|Goodra, F
|poke|p1|Bisharp, M
|poke|p1|Rotom-Wash
|poke|p1|Tyranitar, M
|poke|p2|Altaria, M, shiny
|poke|p2|Magnezone, shiny
|poke|p2|Greninja, M, shiny
|poke|p2|Chansey, F, shiny
|poke|p2|Gengar, M, shiny
|poke|p2|Mamoswine, M
|rule|Swagger Clause: Swagger is banned
|rule|Baton Pass Clause: Limit one PokÃ©mon knowing Baton Pass
|rule|Sleep Clause Mod: Limit one foe put to sleep
|rule|Species Clause: Limit one of each PokÃ©mon
|rule|OHKO Clause: OHKO moves are banned
|rule|Moody Clause: Moody is banned
|rule|Evasion Moves Clause: Evasion moves are banned
|rule|Endless Battle Clause: Forcing endless battles is banned
|rule|HP Percentage Mod: HP is shown in percentages
|teampreview
|
|start
|switch|p1a: Rotom-Wash|Rotom-Wash|241\/241
|switch|p2a: FREEZE|Chansey, F, shiny|704\/704
|turn|1
|
|move|p1a: Rotom-Wash|Trick|p2a: FREEZE
|-activate|p1a: Rotom-Wash|move: Trick|[of] p2a: FREEZE
|-item|p2a: FREEZE|Choice Scarf|[from] move: Trick
|-item|p1a: Rotom-Wash|Eviolite|[from] move: Trick
|move|p2a: FREEZE|Stealth Rock|p1a: Rotom-Wash
|-sidestart|p1: robinlnr|move: Stealth Rock
|
|turn|2
|
|switch|p2a: Magnum|Mamoswine, M|362\/362
|move|p1a: Rotom-Wash|Will-O-Wisp|p2a: Magnum|[miss]
|-miss|p1a: Rotom-Wash|p2a: Magnum
|
|turn|3
|
|move|p2a: Magnum|Knock Off|p1a: Rotom-Wash
|-damage|p1a: Rotom-Wash|125\/241
|-enditem|p1a: Rotom-Wash|Eviolite|[from] move: Knock Off|[of] p2a: Magnum
|move|p1a: Rotom-Wash|Hydro Pump|p2a: Magnum
|-supereffective|p2a: Magnum
|-damage|p2a: Magnum|0 fnt
|faint|p2a: Magnum
|
|
|switch|p2a: Silver|Altaria, M, shiny|291\/291
|turn|4
|
|move|p1a: Rotom-Wash|Volt Switch|p2a: Silver
|-crit|p2a: Silver
|-damage|p2a: Silver|128\/291
|
|switch|p1a: Slowbro|Slowbro, M|394\/394
|-damage|p1a: Slowbro|345\/394|[from] Stealth Rock
|move|p2a: Silver|Dragon Dance|p2a: Silver
|-boost|p2a: Silver|atk|1
|-boost|p2a: Silver|spe|1
|
|-heal|p1a: Slowbro|369\/394|[from] item: Leftovers
|turn|5
|
|move|p2a: Silver|Roost|p2a: Silver
|-heal|p2a: Silver|274\/291
|move|p1a: Slowbro|Ice Beam|p2a: Silver
|-supereffective|p2a: Silver
|-damage|p2a: Silver|130\/291
|
|-heal|p1a: Slowbro|393\/394|[from] item: Leftovers
|turn|6
|
|detailschange|p2a: Silver|Altaria-Mega, M, shiny
|-mega|p2a: Silver|Altaria|Altarianite
|move|p2a: Silver|Roost|p2a: Silver
|-heal|p2a: Silver|276\/291
|move|p1a: Slowbro|Ice Beam|p2a: Silver
|-supereffective|p2a: Silver
|-damage|p2a: Silver|140\/291
|
|-heal|p1a: Slowbro|394\/394|[from] item: Leftovers
|turn|7
|
|move|p2a: Silver|Roost|p2a: Silver
|-heal|p2a: Silver|286\/291
|move|p1a: Slowbro|Ice Beam|p2a: Silver
|-supereffective|p2a: Silver
|-damage|p2a: Silver|144\/291
|
|turn|8
|
|switch|p2a: Android|Magnezone, shiny|283\/283
|move|p1a: Slowbro|Ice Beam|p2a: Android
|-resisted|p2a: Android
|-damage|p2a: Android|245\/283
|
|turn|9
|
|switch|p1a: Goodra|Goodra, F|384\/384
|-damage|p1a: Goodra|336\/384|[from] Stealth Rock
|move|p2a: Android|Volt Switch|p1a: Goodra
|-crit|p1a: Goodra
|-resisted|p1a: Goodra
|-damage|p1a: Goodra|264\/384
|
|switch|p2a: Silver|Altaria-Mega, M, shiny|144\/291
|
|turn|10
|
|switch|p1a: Tyranitar|Tyranitar, M|404\/404
|-damage|p1a: Tyranitar|354\/404|[from] Stealth Rock
|-weather|Sandstorm
|move|p2a: Silver|Roost|p2a: Silver
|-heal|p2a: Silver|290\/291
|
|-weather|Sandstorm|[upkeep]
|-damage|p2a: Silver|272\/291|[from] sandstorm
|-heal|p1a: Tyranitar|379\/404|[from] item: Leftovers
|turn|11
|
|move|p2a: Silver|Dragon Dance|p2a: Silver
|-boost|p2a: Silver|atk|1
|-boost|p2a: Silver|spe|1
|move|p1a: Tyranitar|Stealth Rock|p2a: Silver
|-sidestart|p2: LMay|move: Stealth Rock
|
|-weather|Sandstorm|[upkeep]
|-damage|p2a: Silver|254\/291|[from] sandstorm
|-heal|p1a: Tyranitar|404\/404|[from] item: Leftovers
|turn|12
|
|move|p2a: Silver|Frustration|p1a: Tyranitar
|-supereffective|p1a: Tyranitar
|-damage|p1a: Tyranitar|0 fnt
|faint|p1a: Tyranitar
|
|-weather|Sandstorm|[upkeep]
|-damage|p2a: Silver|236\/291|[from] sandstorm
|
|switch|p1a: Slowbro|Slowbro, M|394\/394
|-damage|p1a: Slowbro|345\/394|[from] Stealth Rock
|turn|13
|
|move|p2a: Silver|Frustration|p1a: Slowbro
|-damage|p1a: Slowbro|116\/394
|move|p1a: Slowbro|Scald|p2a: Silver
|-resisted|p2a: Silver
|-damage|p2a: Silver|194\/291
|
|-weather|Sandstorm|[upkeep]
|-damage|p2a: Silver|176\/291|[from] sandstorm
|-damage|p1a: Slowbro|92\/394|[from] sandstorm
|-heal|p1a: Slowbro|116\/394|[from] item: Leftovers
|turn|14
|
|switch|p1a: Rotom-Wash|Rotom-Wash|125\/241
|-damage|p1a: Rotom-Wash|95\/241|[from] Stealth Rock
|move|p2a: Silver|Frustration|p1a: Rotom-Wash
|-damage|p1a: Rotom-Wash|0 fnt
|faint|p1a: Rotom-Wash
|
|-weather|none
|
|switch|p1a: Bisharp|Bisharp, M|334\/334
|-damage|p1a: Bisharp|314\/334|[from] Stealth Rock
|turn|15
|
|move|p2a: Silver|Earthquake|p1a: Bisharp
|-supereffective|p1a: Bisharp
|-damage|p1a: Bisharp|0 fnt
|faint|p1a: Bisharp
|
|
|switch|p1a: Slowbro|Slowbro, M|247\/394
|-damage|p1a: Slowbro|198\/394|[from] Stealth Rock
|turn|16
|
|move|p2a: Silver|Frustration|p1a: Slowbro
|-damage|p1a: Slowbro|0 fnt
|faint|p1a: Slowbro
|
|
|switch|p1a: Goodra|Goodra, F|264\/384
|-damage|p1a: Goodra|216\/384|[from] Stealth Rock
|turn|17
|
|move|p2a: Silver|Frustration|p1a: Goodra
|-supereffective|p1a: Goodra
|-damage|p1a: Goodra|0 fnt
|faint|p1a: Goodra
|
|
|switch|p1a: Gallade|Gallade, M|277\/277
|-damage|p1a: Gallade|260\/277|[from] Stealth Rock
|turn|18
|
|detailschange|p1a: Gallade|Gallade-Mega, M
|-mega|p1a: Gallade|Gallade|Galladite
|move|p2a: Silver|Frustration|p1a: Gallade
|-supereffective|p1a: Gallade
|-damage|p1a: Gallade|0 fnt
|faint|p1a: Gallade
|
|win|LMay
|raw|Ladder updating...
|raw|robinlnr's rating: 1606 &rarr; <strong>1583<\/strong><br \/>(-23 for losing)
|raw|LMay's rating: 1559 &rarr; <strong>1581<\/strong><br \/>(+22 for winning)
|leave|robinlnr
|player|p1