|join|LMay
|join|Deazers
|player|p1|LMay|283
|player|p2|Deazers|291
|gametype|singles
|gen|6
|tier|OU
|rated
|clearpoke
|poke|p1|Altaria, M, shiny
|poke|p1|Mamoswine, F, shiny
|poke|p1|Slowbro, M, shiny
|poke|p1|Chansey, F, shiny
|poke|p1|Gengar, M, shiny
|poke|p1|Magnezone, shiny
|poke|p2|Garchomp, M
|poke|p2|Bisharp, M
|poke|p2|Clefable, M
|poke|p2|Talonflame, F
|poke|p2|Starmie
|poke|p2|Keldeo-Resolute
|rule|Swagger Clause: Swagger is banned
|rule|Baton Pass Clause: Limit one PokÃ©mon knowing Baton Pass
|rule|Sleep Clause Mod: Limit one foe put to sleep
|rule|Species Clause: Limit one of each PokÃ©mon
|rule|OHKO Clause: OHKO moves are banned
|rule|Moody Clause: Moody is banned
|rule|Evasion Moves Clause: Evasion moves are banned
|rule|Endless Battle Clause: Forcing endless battles is banned
|rule|HP Percentage Mod: HP is shown in percentages
|teampreview
|
|start
|switch|p1a: Magnum|Mamoswine, F, shiny|362\/362
|switch|p2a: Garchomp|Garchomp, M|357\/357
|turn|1
|
|move|p1a: Magnum|Ice Shard|p2a: Garchomp
|-crit|p2a: Garchomp
|-supereffective|p2a: Garchomp
|-enditem|p2a: Garchomp|Focus Sash
|-damage|p2a: Garchomp|1\/357
|move|p2a: Garchomp|Stealth Rock|p1a: Magnum
|-sidestart|p1: LMay|move: Stealth Rock
|
|turn|2
|
|move|p1a: Magnum|Ice Shard|p2a: Garchomp
|-supereffective|p2a: Garchomp
|-damage|p2a: Garchomp|0 fnt
|faint|p2a: Garchomp
|
|
|switch|p2a: Talonflame|Talonflame, F|319\/319
|turn|3
|
|move|p2a: Talonflame|Swords Dance|p2a: Talonflame
|-boost|p2a: Talonflame|atk|2
|move|p1a: Magnum|Knock Off|p2a: Talonflame
|-damage|p2a: Talonflame|143\/319
|-enditem|p2a: Talonflame|Sky Plate|[from] move: Knock Off|[of] p1a: Magnum
|
|turn|4
|
|move|p2a: Talonflame|Roost|p2a: Talonflame
|-heal|p2a: Talonflame|303\/319
|move|p1a: Magnum|Earthquake|p2a: Talonflame
|-supereffective|p2a: Talonflame
|-damage|p2a: Talonflame|0 fnt
|faint|p2a: Talonflame
|
|
|switch|p2a: Keldeo-Resolute|Keldeo-Resolute|324\/324
|turn|5
|
|switch|p2a: Bisharp|Bisharp, M|291\/291
|move|p1a: Magnum|Earthquake|p2a: Bisharp
|-crit|p2a: Bisharp
|-supereffective|p2a: Bisharp
|-damage|p2a: Bisharp|0 fnt
|faint|p2a: Bisharp
|
|-message|Deazers forfeited.
|
|win|LMay
|raw|Ladder updating...
|leave|Deazers
|player|p2