|join|LMay
|join|SH1T TITTIES
|player|p1|LMay|283
|player|p2|SH1T TITTIES|18
|gametype|singles
|gen|6
|tier|OU
|rated
|clearpoke
|poke|p1|Altaria, M, shiny
|poke|p1|Mamoswine, F, shiny
|poke|p1|Slowbro, M, shiny
|poke|p1|Chansey, F, shiny
|poke|p1|Gengar, M, shiny
|poke|p1|Magnezone, shiny
|poke|p2|Gallade, M
|poke|p2|Kyurem-Black
|poke|p2|Empoleon, M
|poke|p2|Landorus-Therian, M
|poke|p2|Azumarill, F
|poke|p2|Rotom-Heat
|rule|Swagger Clause: Swagger is banned
|rule|Baton Pass Clause: Limit one PokÃ©mon knowing Baton Pass
|rule|Sleep Clause Mod: Limit one foe put to sleep
|rule|Species Clause: Limit one of each PokÃ©mon
|rule|OHKO Clause: OHKO moves are banned
|rule|Moody Clause: Moody is banned
|rule|Evasion Moves Clause: Evasion moves are banned
|rule|Endless Battle Clause: Forcing endless battles is banned
|rule|HP Percentage Mod: HP is shown in percentages
|teampreview
|
|start
|switch|p1a: Magnum|Mamoswine, F, shiny|362\/362
|switch|p2a: Rotom-Heat|Rotom-Heat|303\/303
|turn|1
|
|move|p1a: Magnum|Knock Off|p2a: Rotom-Heat
|-damage|p2a: Rotom-Heat|219\/303
|-enditem|p2a: Rotom-Heat|Leftovers|[from] move: Knock Off|[of] p1a: Magnum
|move|p2a: Rotom-Heat|Will-O-Wisp|p1a: Magnum
|-status|p1a: Magnum|brn
|
|-damage|p1a: Magnum|317\/362 brn|[from] brn
|turn|2
|
|switch|p1a: FREEZE|Chansey, F, shiny|704\/704
|move|p2a: Rotom-Heat|Volt Switch|p1a: FREEZE
|-damage|p1a: FREEZE|649\/704
|join|Bigslink
|
|switch|p2a: Gallade|Gallade, M|277\/277
|
|turn|3
|
|detailschange|p2a: Gallade|Gallade-Mega, M
|message|Gallade has Mega Evolved into Mega Gallade!
|move|p2a: Gallade|Substitute|p2a: Gallade
|-start|p2a: Gallade|Substitute
|-damage|p2a: Gallade|208\/277
|move|p1a: FREEZE|Thunder Wave|p2a: Gallade
|
|turn|4
|
|move|p2a: Gallade|Knock Off|p1a: FREEZE
|-damage|p1a: FREEZE|481\/704
|-enditem|p1a: FREEZE|Eviolite|[from] move: Knock Off|[of] p2a: Gallade
|move|p1a: FREEZE|Seismic Toss|p2a: Gallade
|-end|p2a: Gallade|Substitute
|
|turn|5
|
|move|p2a: Gallade|Close Combat|p1a: FREEZE
|-supereffective|p1a: FREEZE
|-damage|p1a: FREEZE|0 fnt
|-unboost|p2a: Gallade|def|1
|-unboost|p2a: Gallade|spd|1
|faint|p1a: FREEZE
|
|
|switch|p1a: Altaria|Altaria, M, shiny|307\/307
|turn|6
|
|switch|p2a: Rotom-Heat|Rotom-Heat|219\/303
|detailschange|p1a: Altaria|Altaria-Mega, M, shiny
|message|Altaria has Mega Evolved into Mega Altaria!
|move|p1a: Altaria|Dragon Dance|p1a: Altaria
|-boost|p1a: Altaria|atk|1
|-boost|p1a: Altaria|spe|1
|
|turn|7
|
|switch|p1a: Magnum|Mamoswine, F, shiny|317\/362 brn
|move|p2a: Rotom-Heat|Will-O-Wisp|p1a: Magnum
|-fail|p1a: Magnum|brn
|
|-damage|p1a: Magnum|272\/362 brn|[from] brn
|turn|8
|
|move|p1a: Magnum|Stealth Rock|p2a: Rotom-Heat
|-sidestart|p2: SH1T TITTIES|move: Stealth Rock
|move|p2a: Rotom-Heat|Overheat|p1a: Magnum
|-supereffective|p1a: Magnum
|-damage|p1a: Magnum|0 fnt
|-unboost|p2a: Rotom-Heat|spa|2
|faint|p1a: Magnum
|
|
|switch|p1a: Ghostic|Gengar, M, shiny|263\/263
|turn|9
|
|switch|p2a: Empoleon|Empoleon, M|371\/371
|-damage|p2a: Empoleon|348\/371|[from] Stealth Rock
|move|p1a: Ghostic|Substitute|p1a: Ghostic
|-start|p1a: Ghostic|Substitute
|-damage|p1a: Ghostic|198\/263
|
|-heal|p1a: Ghostic|214\/263|[from] item: Black Sludge
|-heal|p2a: Empoleon|371\/371|[from] item: Leftovers
|turn|10
|
|move|p1a: Ghostic|Taunt|p2a: Empoleon
|-start|p2a: Empoleon|move: Taunt
|move|p2a: Empoleon|Scald|p1a: Ghostic
|-end|p1a: Ghostic|Substitute
|
|-heal|p1a: Ghostic|230\/263|[from] item: Black Sludge
|turn|11
|
|switch|p2a: Landorus-Therian|Landorus-Therian, M|319\/319
|-damage|p2a: Landorus-Therian|280\/319|[from] Stealth Rock
|-ability|p2a: Landorus-Therian|Intimidate|[of] p1a: Ghostic
|-unboost|p1a: Ghostic|atk|1
|move|p1a: Ghostic|Shadow Ball|p2a: Landorus-Therian
|-damage|p2a: Landorus-Therian|94\/319
|
|-heal|p1a: Ghostic|246\/263|[from] item: Black Sludge
|turn|12
|
|move|p2a: Landorus-Therian|Knock Off|p1a: Ghostic
|-supereffective|p1a: Ghostic
|-damage|p1a: Ghostic|0 fnt
|-enditem|p1a: Ghostic|Black Sludge|[from] move: Knock Off|[of] p2a: Landorus-Therian
|faint|p1a: Ghostic
|
|
|switch|p1a: Altaria|Altaria-Mega, M, shiny|307\/307
|turn|13
|
|switch|p2a: Rotom-Heat|Rotom-Heat|219\/303
|-damage|p2a: Rotom-Heat|144\/303|[from] Stealth Rock
|move|p1a: Altaria|Dragon Dance|p1a: Altaria
|-boost|p1a: Altaria|atk|1
|-boost|p1a: Altaria|spe|1
|
|turn|14
|leave|Bigslink
|
|move|p1a: Altaria|Return|p2a: Rotom-Heat
|-resisted|p2a: Rotom-Heat
|-damage|p2a: Rotom-Heat|40\/303
|move|p2a: Rotom-Heat|Will-O-Wisp|p1a: Altaria
|-status|p1a: Altaria|brn
|
|-damage|p1a: Altaria|269\/307 brn|[from] brn
|turn|15
|
|move|p1a: Altaria|Dragon Dance|p1a: Altaria
|-boost|p1a: Altaria|atk|1
|-boost|p1a: Altaria|spe|1
|move|p2a: Rotom-Heat|Volt Switch|p1a: Altaria
|-resisted|p1a: Altaria
|-damage|p1a: Altaria|228\/307 brn
|
|switch|p2a: Azumarill|Azumarill, F|383\/383
|-damage|p2a: Azumarill|336\/383|[from] Stealth Rock
|
|-damage|p1a: Altaria|190\/307 brn|[from] brn
|turn|16
|
|move|p1a: Altaria|Return|p2a: Azumarill
|-crit|p2a: Azumarill
|-damage|p2a: Azumarill|0 fnt
|faint|p2a: Azumarill
|
|-damage|p1a: Altaria|152\/307 brn|[from] brn
|
|switch|p2a: Landorus-Therian|Landorus-Therian, M|94\/319
|-damage|p2a: Landorus-Therian|55\/319|[from] Stealth Rock
|-ability|p2a: Landorus-Therian|Intimidate|[of] p1a: Altaria
|-unboost|p1a: Altaria|atk|1
|turn|17
|
|move|p1a: Altaria|Return|p2a: Landorus-Therian
|-damage|p2a: Landorus-Therian|0 fnt
|faint|p2a: Landorus-Therian
|
|-damage|p1a: Altaria|114\/307 brn|[from] brn
|
|switch|p2a: Kyurem-Black|Kyurem-Black|391\/391
|-damage|p2a: Kyurem-Black|294\/391|[from] Stealth Rock
|-ability|p2a: Kyurem-Black|Teravolt
|turn|18
|
|move|p1a: Altaria|Return|p2a: Kyurem-Black
|-supereffective|p2a: Kyurem-Black
|-damage|p2a: Kyurem-Black|0 fnt
|faint|p2a: Kyurem-Black
|
|-damage|p1a: Altaria|76\/307 brn|[from] brn
|
|switch|p2a: Empoleon|Empoleon, M|371\/371
|-damage|p2a: Empoleon|348\/371|[from] Stealth Rock
|turn|19
|
|move|p1a: Altaria|Roost|p1a: Altaria
|-heal|p1a: Altaria|230\/307 brn
|move|p2a: Empoleon|Scald|p1a: Altaria
|-resisted|p1a: Altaria
|-damage|p1a: Altaria|185\/307 brn
|
|-heal|p2a: Empoleon|371\/371|[from] item: Leftovers
|-damage|p1a: Altaria|147\/307 brn|[from] brn
|turn|20
|c|âSH1T TITTIES|lmfao
|-message|SH1T TITTIES forfeited.
|
|win|LMay
|raw|Ladder updating...
|leave|SH1T TITTIES
|player|p2
|raw|LMay's rating: 1439 &rarr; <strong>1461<\/strong><br \/>(+22 for winning)
|raw|SH1T TITTIES's rating: 1470 &rarr; <strong>1448<\/strong><br \/>(-22 for losing)