|join|LMay
|join|StrikeJP
|player|p1|LMay|283
|player|p2|StrikeJP|102
|gametype|singles
|gen|6
|tier|OU
|rated
|clearpoke
|poke|p1|Altaria, M, shiny
|poke|p1|Mamoswine, F, shiny
|poke|p1|Slowbro, M, shiny
|poke|p1|Chansey, F, shiny
|poke|p1|Gengar, M, shiny
|poke|p1|Landorus-Therian, M, shiny
|poke|p2|Charizard, F
|poke|p2|Latios, M
|poke|p2|Slowbro, F
|poke|p2|Ferrothorn, M
|poke|p2|Landorus-Therian, M
|poke|p2|Raikou
|rule|Swagger Clause: Swagger is banned
|rule|Baton Pass Clause: Limit one PokÃ©mon knowing Baton Pass
|rule|Sleep Clause Mod: Limit one foe put to sleep
|rule|Species Clause: Limit one of each PokÃ©mon
|rule|OHKO Clause: OHKO moves are banned
|rule|Moody Clause: Moody is banned
|rule|Evasion Moves Clause: Evasion moves are banned
|rule|Endless Battle Clause: Forcing endless battles is banned
|rule|HP Percentage Mod: HP is shown in percentages
|teampreview
|
|start
|switch|p1a: Ghostic|Gengar, M, shiny|261\/261
|switch|p2a: Slowbro|Slowbro, F|394\/394
|turn|1
|
|switch|p2a: Raikou|Raikou|321\/321
|-ability|p2a: Raikou|Pressure
|move|p1a: Ghostic|Substitute|p1a: Ghostic
|-start|p1a: Ghostic|Substitute
|-damage|p1a: Ghostic|196\/261
|
|-heal|p1a: Ghostic|212\/261|[from] item: Black Sludge
|turn|2
|
|move|p2a: Raikou|Thunderbolt|p1a: Ghostic
|-end|p1a: Ghostic|Substitute
|move|p1a: Ghostic|Shadow Ball|p2a: Raikou
|-damage|p2a: Raikou|218\/321
|
|-heal|p1a: Ghostic|228\/261|[from] item: Black Sludge
|turn|3
|
|switch|p1a: Scarfed|Landorus-Therian, M, shiny|320\/320
|-ability|p1a: Scarfed|Intimidate|[of] p2a: Raikou
|-unboost|p2a: Raikou|atk|1
|move|p2a: Raikou|Extrasensory|p1a: Scarfed
|-damage|p1a: Scarfed|224\/320
|
|turn|4
|
|switch|p2a: Landorus-Therian|Landorus-Therian, M|319\/319
|-ability|p2a: Landorus-Therian|Intimidate|[of] p1a: Scarfed
|-unboost|p1a: Scarfed|atk|1
|move|p1a: Scarfed|U-turn|p2a: Landorus-Therian
|-resisted|p2a: Landorus-Therian
|-damage|p2a: Landorus-Therian|285\/319
|
|switch|p1a: Magnum|Mamoswine, F, shiny|362\/362
|
|turn|5
|
|switch|p2a: Slowbro|Slowbro, F|394\/394
|move|p1a: Magnum|Knock Off|p2a: Slowbro
|-supereffective|p2a: Slowbro
|-damage|p2a: Slowbro|236\/394
|-enditem|p2a: Slowbro|Leftovers|[from] move: Knock Off|[of] p1a: Magnum
|
|turn|6
|
|move|p1a: Magnum|Earthquake|p2a: Slowbro
|-damage|p2a: Slowbro|104\/394
|move|p2a: Slowbro|Scald|p1a: Magnum
|-supereffective|p1a: Magnum
|-damage|p1a: Magnum|98\/362
|
|turn|7
|
|switch|p2a: Ferrothorn|Ferrothorn, M|351\/351
|move|p1a: Magnum|Blizzard|p2a: Ferrothorn
|-damage|p2a: Ferrothorn|288\/351
|
|turn|8
|
|move|p1a: Magnum|Knock Off|p2a: Ferrothorn
|-damage|p2a: Ferrothorn|194\/351
|-damage|p1a: Magnum|53\/362|[from] ability: Iron Barbs|[of] p2a: Ferrothorn
|-enditem|p2a: Ferrothorn|Shed Shell|[from] move: Knock Off|[of] p1a: Magnum
|move|p2a: Ferrothorn|Stealth Rock|p1a: Magnum
|-sidestart|p1: LMay|move: Stealth Rock
|
|turn|9
|
|move|p1a: Magnum|Earthquake|p2a: Ferrothorn
|-damage|p2a: Ferrothorn|37\/351
|move|p2a: Ferrothorn|Gyro Ball|p1a: Magnum
|-supereffective|p1a: Magnum
|-damage|p1a: Magnum|0 fnt
|faint|p1a: Magnum
|
|
|switch|p1a: Ghostic|Gengar, M, shiny|228\/261
|-damage|p1a: Ghostic|196\/261|[from] Stealth Rock
|turn|10
|
|move|p1a: Ghostic|Shadow Ball|p2a: Ferrothorn
|-damage|p2a: Ferrothorn|0 fnt
|faint|p2a: Ferrothorn
|
|-heal|p1a: Ghostic|212\/261|[from] item: Black Sludge
|
|switch|p2a: Raikou|Raikou|218\/321
|-ability|p2a: Raikou|Pressure
|turn|11
|
|move|p2a: Raikou|Hidden Power|p1a: Ghostic
|-damage|p1a: Ghostic|126\/261
|move|p1a: Ghostic|Shadow Ball|p2a: Raikou
|-damage|p2a: Raikou|122\/321
|
|-heal|p1a: Ghostic|142\/261|[from] item: Black Sludge
|turn|12
|
|move|p2a: Raikou|Hidden Power|p1a: Ghostic
|-crit|p1a: Ghostic
|-damage|p1a: Ghostic|17\/261
|move|p1a: Ghostic|Shadow Ball|p2a: Raikou
|-damage|p2a: Raikou|29\/321
|
|-heal|p1a: Ghostic|33\/261|[from] item: Black Sludge
|turn|13
|
|move|p2a: Raikou|Extrasensory|p1a: Ghostic
|-supereffective|p1a: Ghostic
|-damage|p1a: Ghostic|0 fnt
|faint|p1a: Ghostic
|
|
|switch|p1a: Scarfed|Landorus-Therian, M, shiny|224\/320
|-damage|p1a: Scarfed|184\/320|[from] Stealth Rock
|-ability|p1a: Scarfed|Intimidate|[of] p2a: Raikou
|-unboost|p2a: Raikou|atk|1
|turn|14
|
|switch|p2a: Landorus-Therian|Landorus-Therian, M|285\/319
|-ability|p2a: Landorus-Therian|Intimidate|[of] p1a: Scarfed
|-unboost|p1a: Scarfed|atk|1
|move|p1a: Scarfed|U-turn|p2a: Landorus-Therian
|-resisted|p2a: Landorus-Therian
|-damage|p2a: Landorus-Therian|255\/319
|
|switch|p1a: Altaria|Altaria, M, shiny|307\/307
|-damage|p1a: Altaria|231\/307|[from] Stealth Rock
|
|turn|15
|
|detailschange|p1a: Altaria|Altaria-Mega, M, shiny
|message|Altaria has Mega Evolved into Mega Altaria!
|move|p2a: Landorus-Therian|U-turn|p1a: Altaria
|-resisted|p1a: Altaria
|-damage|p1a: Altaria|187\/307
|
|switch|p2a: Slowbro|Slowbro, F|235\/394
|move|p1a: Altaria|Roost|p1a: Altaria
|-heal|p1a: Altaria|307\/307
|
|turn|16
|
|move|p1a: Altaria|Dragon Dance|p1a: Altaria
|-boost|p1a: Altaria|atk|1
|-boost|p1a: Altaria|spe|1
|move|p2a: Slowbro|Thunder Wave|p1a: Altaria
|-status|p1a: Altaria|par
|
|turn|17
|
|move|p1a: Altaria|Return|p2a: Slowbro
|-damage|p2a: Slowbro|0 fnt
|faint|p2a: Slowbro
|
|
|switch|p2a: Raikou|Raikou|29\/321
|-ability|p2a: Raikou|Pressure
|turn|18
|
|switch|p1a: FREEZE|Chansey, F, shiny|704\/704
|-damage|p1a: FREEZE|616\/704|[from] Stealth Rock
|move|p2a: Raikou|Hidden Power|p1a: FREEZE
|-damage|p1a: FREEZE|575\/704
|
|turn|19
|
|move|p2a: Raikou|Volt Switch|p1a: FREEZE
|-damage|p1a: FREEZE|499\/704
|
|switch|p2a: Charizard|Charizard, F|333\/333
|move|p1a: FREEZE|Aromatherapy|p1a: FREEZE
|-cureteam|p1a: FREEZE|[from] move: Aromatherapy
|
|turn|20
|
|detailschange|p2a: Charizard|Charizard-Mega-X, F
|message|Charizard has Mega Evolved into Mega Charizard!
|move|p2a: Charizard|Flare Blitz|p1a: FREEZE
|-crit|p1a: FREEZE
|-damage|p1a: FREEZE|0 fnt
|-damage|p2a: Charizard|168\/333|[from] recoil|[of] p1a: FREEZE
|faint|p1a: FREEZE
|
|
|switch|p1a: Scarfed|Landorus-Therian, M, shiny|184\/320
|-damage|p1a: Scarfed|144\/320|[from] Stealth Rock
|-ability|p1a: Scarfed|Intimidate|[of] p2a: Charizard
|-unboost|p2a: Charizard|atk|1
|turn|21
|
|switch|p2a: Landorus-Therian|Landorus-Therian, M|255\/319
|-ability|p2a: Landorus-Therian|Intimidate|[of] p1a: Scarfed
|-unboost|p1a: Scarfed|atk|1
|move|p1a: Scarfed|U-turn|p2a: Landorus-Therian
|-resisted|p2a: Landorus-Therian
|-damage|p2a: Landorus-Therian|222\/319
|
|switch|p1a: Altaria|Altaria-Mega, M, shiny|307\/307
|-damage|p1a: Altaria|269\/307|[from] Stealth Rock
|
|turn|22
|
|move|p2a: Landorus-Therian|Earthquake|p1a: Altaria
|-damage|p1a: Altaria|79\/307
|move|p1a: Altaria|Roost|p1a: Altaria
|-heal|p1a: Altaria|233\/307
|
|turn|23
|
|switch|p2a: Raikou|Raikou|29\/321
|-ability|p2a: Raikou|Pressure
|switch|p1a: Scarfed|Landorus-Therian, M, shiny|144\/320
|-damage|p1a: Scarfed|104\/320|[from] Stealth Rock
|-ability|p1a: Scarfed|Intimidate|[of] p2a: Raikou
|-unboost|p2a: Raikou|atk|1
|
|turn|24
|
|switch|p2a: Charizard|Charizard-Mega-X, F|168\/333
|move|p1a: Scarfed|U-turn|p2a: Charizard
|-resisted|p2a: Charizard
|-damage|p2a: Charizard|125\/333
|
|switch|p1a: Altaria|Altaria-Mega, M, shiny|233\/307
|-damage|p1a: Altaria|195\/307|[from] Stealth Rock
|
|turn|25
|
|move|p2a: Charizard|Flare Blitz|p1a: Altaria
|-resisted|p1a: Altaria
|-damage|p1a: Altaria|48\/307
|-damage|p2a: Charizard|76\/333|[from] recoil|[of] p1a: Altaria
|move|p1a: Altaria|Roost|p1a: Altaria
|-heal|p1a: Altaria|202\/307
|
|turn|26
|
|move|p2a: Charizard|Dragon Dance|p2a: Charizard
|-boost|p2a: Charizard|atk|1
|-boost|p2a: Charizard|spe|1
|move|p1a: Altaria|Roost|p1a: Altaria
|-heal|p1a: Altaria|307\/307
|
|turn|27
|
|switch|p1a: Scarfed|Landorus-Therian, M, shiny|104\/320
|-damage|p1a: Scarfed|64\/320|[from] Stealth Rock
|-ability|p1a: Scarfed|Intimidate|[of] p2a: Charizard
|-unboost|p2a: Charizard|atk|1
|move|p2a: Charizard|Flare Blitz|p1a: Scarfed
|-damage|p1a: Scarfed|0 fnt
|-damage|p2a: Charizard|55\/333|[from] recoil|[of] p1a: Scarfed
|faint|p1a: Scarfed
|
|
|switch|p1a: Altaria|Altaria-Mega, M, shiny|307\/307
|-damage|p1a: Altaria|269\/307|[from] Stealth Rock
|turn|28
|
|move|p2a: Charizard|Flare Blitz|p1a: Altaria
|-resisted|p1a: Altaria
|-damage|p1a: Altaria|132\/307
|-damage|p2a: Charizard|10\/333|[from] recoil|[of] p1a: Altaria
|move|p1a: Altaria|Dragon Dance|p1a: Altaria
|-boost|p1a: Altaria|atk|1
|-boost|p1a: Altaria|spe|1
|
|turn|29
|
|move|p2a: Charizard|Flare Blitz|p1a: Altaria
|-resisted|p1a: Altaria
|-damage|p1a: Altaria|0 fnt
|-damage|p2a: Charizard|0 fnt|[from] recoil|[of] p1a: Altaria
|faint|p1a: Altaria
|faint|p2a: Charizard
|
|
|switch|p2a: Raikou|Raikou|29\/321
|switch|p1a: Roger|Slowbro, M, shiny|394\/394
|-ability|p2a: Raikou|Pressure
|-damage|p1a: Roger|345\/394|[from] Stealth Rock
|turn|30
|-message|LMay forfeited.
|
|win|StrikeJP
|raw|Ladder updating...
|leave|LMay
|player|p1
|raw|LMay's rating: 1491 &rarr; <strong>1473<\/strong><br \/>(-18 for losing)
|raw|StrikeJP's rating: 1523 &rarr; <strong>1541<\/strong><br \/>(+18 for winning)