|join|Yheii
|join|LMay
|player|p1|Yheii|153
|player|p2|LMay|283
|gametype|singles
|gen|6
|tier|OU
|clearpoke
|poke|p1|Azumarill, M, shiny
|poke|p1|Landorus-Therian, M
|poke|p1|Latios, M
|poke|p1|Venusaur, M
|poke|p1|Slowbro, F
|poke|p1|Magnezone
|poke|p2|Bisharp, M, shiny
|poke|p2|Honchkrow, M, shiny
|poke|p2|Slowbro, M, shiny
|poke|p2|Gengar, M
|poke|p2|Chansey, F, shiny
|poke|p2|Mamoswine, M, shiny
|rule|Swagger Clause: Swagger is banned
|rule|Baton Pass Clause: Limit one PokÃ©mon knowing Baton Pass
|rule|Sleep Clause Mod: Limit one foe put to sleep
|rule|Species Clause: Limit one of each PokÃ©mon
|rule|OHKO Clause: OHKO moves are banned
|rule|Moody Clause: Moody is banned
|rule|Evasion Moves Clause: Evasion moves are banned
|rule|Endless Battle Clause: Forcing endless battles is banned
|rule|HP Percentage Mod: HP is shown in percentages
|teampreview
|
|start
|switch|p1a: Landorus-Therian|Landorus-Therian, M|320\/320
|switch|p2a: Magnum|Mamoswine, M, shiny|368\/368
|-ability|p1a: Landorus-Therian|Intimidate|[of] p2a: Magnum
|-unboost|p2a: Magnum|atk|1
|turn|1
|join|fretre
|
|switch|p1a: Slowbro|Slowbro, F|394\/394
|move|p2a: Magnum|Stealth Rock|p1a: Slowbro
|-sidestart|p1: Yheii|move: Stealth Rock
|
|turn|2
|
|switch|p2a: frreezzeeeee|Chansey, F, shiny|704\/704
|move|p1a: Slowbro|Flamethrower|p2a: frreezzeeeee
|-damage|p2a: frreezzeeeee|660\/704
|
|turn|3
|
|switch|p1a: Landorus-Therian|Landorus-Therian, M|320\/320
|-damage|p1a: Landorus-Therian|280\/320|[from] Stealth Rock
|-ability|p1a: Landorus-Therian|Intimidate|[of] p2a: frreezzeeeee
|-unboost|p2a: frreezzeeeee|atk|1
|move|p2a: frreezzeeeee|Toxic|p1a: Landorus-Therian
|-status|p1a: Landorus-Therian|tox
|
|-damage|p1a: Landorus-Therian|260\/320 tox|[from] psn
|turn|4
|c|âLMay|mdrr j'ai mÃªme pas de mÃ©ga Ã©vo
|c|âLMay|tellement ma team est random
|c|âYheii|xD
|
|switch|p2a: Magnum|Mamoswine, M, shiny|368\/368
|move|p1a: Landorus-Therian|Earthquake|p2a: Magnum
|-damage|p2a: Magnum|133\/368
|
|-damage|p1a: Landorus-Therian|220\/320 tox|[from] psn
|turn|5
|
|switch|p1a: Magnezone|Magnezone|302\/302
|-damage|p1a: Magnezone|284\/302|[from] Stealth Rock
|move|p2a: Magnum|Ice Shard|p1a: Magnezone
|-resisted|p1a: Magnezone
|-damage|p1a: Magnezone|251\/302
|
|-heal|p1a: Magnezone|269\/302|[from] item: Leftovers
|turn|6
|leave|fretre
|
|switch|p2a: frreezzeeeee|Chansey, F, shiny|660\/704
|move|p1a: Magnezone|Hidden Power|p2a: frreezzeeeee
|-damage|p2a: frreezzeeeee|617\/704
|
|-heal|p1a: Magnezone|287\/302|[from] item: Leftovers
|turn|7
|c|âYheii|tu gagne a cause des pdr je pense
|c|âYheii|et jai rien pour passer lui
|c|âLMay|mdrr nan tranquille tu peux les enlever
|c|âLMay|t'as azu qui le passe
|
|move|p1a: Magnezone|Volt Switch|p2a: frreezzeeeee
|-damage|p2a: frreezzeeeee|544\/704
|
|switch|p1a: Landorus-Therian|Landorus-Therian, M|220\/320 tox
|-damage|p1a: Landorus-Therian|180\/320 tox|[from] Stealth Rock
|-ability|p1a: Landorus-Therian|Intimidate|[of] p2a: frreezzeeeee
|-unboost|p2a: frreezzeeeee|atk|1
|move|p2a: frreezzeeeee|Seismic Toss|p1a: Landorus-Therian
|-damage|p1a: Landorus-Therian|80\/320 tox
|
|-damage|p1a: Landorus-Therian|60\/320 tox|[from] psn
|turn|8
|
|move|p1a: Landorus-Therian|Earthquake|p2a: frreezzeeeee
|-damage|p2a: frreezzeeeee|286\/704
|move|p2a: frreezzeeeee|Soft-Boiled|p2a: frreezzeeeee
|-heal|p2a: frreezzeeeee|638\/704
|
|-damage|p1a: Landorus-Therian|20\/320 tox|[from] psn
|turn|9
|
|switch|p2a: Pharell|Honchkrow, M, shiny|352\/352
|move|p1a: Landorus-Therian|Earthquake|p2a: Pharell
|-immune|p2a: Pharell|[msg]
|
|-damage|p1a: Landorus-Therian|0 fnt|[from] psn
|faint|p1a: Landorus-Therian
|
|switch|p1a: Magnezone|Magnezone|287\/302
|-damage|p1a: Magnezone|269\/302|[from] Stealth Rock
|turn|10
|
|switch|p2a: Magnum|Mamoswine, M, shiny|133\/368
|move|p1a: Magnezone|Thunderbolt|p2a: Magnum
|-immune|p2a: Magnum|[msg]
|
|-heal|p1a: Magnezone|287\/302|[from] item: Leftovers
|turn|11
|
|move|p2a: Magnum|Earthquake|p1a: Magnezone
|-supereffective|p1a: Magnezone
|-damage|p1a: Magnezone|0 fnt
|faint|p1a: Magnezone
|
|
|switch|p1a: Slowbro|Slowbro, F|394\/394
|-damage|p1a: Slowbro|345\/394|[from] Stealth Rock
|turn|12
|
|move|p2a: Magnum|Earthquake|p1a: Slowbro
|-damage|p1a: Slowbro|203\/394
|move|p1a: Slowbro|Flamethrower|p2a: Magnum
|-crit|p2a: Magnum
|-supereffective|p2a: Magnum
|-damage|p2a: Magnum|0 fnt
|faint|p2a: Magnum
|
|-heal|p1a: Slowbro|227\/394|[from] item: Leftovers
|
|switch|p2a: Pharell|Honchkrow, M, shiny|352\/352
|turn|13
|
|move|p2a: Pharell|Substitute|p2a: Pharell
|-start|p2a: Pharell|Substitute
|-damage|p2a: Pharell|264\/352
|move|p1a: Slowbro|Thunder Wave|p2a: Pharell
|
|-heal|p1a: Slowbro|251\/394|[from] item: Leftovers
|turn|14
|
|move|p2a: Pharell|Sucker Punch|p1a: Slowbro
|-crit|p1a: Slowbro
|-supereffective|p1a: Slowbro
|-damage|p1a: Slowbro|0 fnt
|-damage|p2a: Pharell|229\/352|[from] item: Life Orb
|faint|p1a: Slowbro
|-boost|p2a: Pharell|atk|1|[from] ability: Moxie
|
|
|switch|p1a: Venusaur|Venusaur, M|364\/364
|-damage|p1a: Venusaur|319\/364|[from] Stealth Rock
|turn|15
|c|âLMay|SWEEEEP
|
|detailschange|p1a: Venusaur|Venusaur-Mega, M
|message|Venusaur has Mega Evolved into Mega Venusaur!
|move|p2a: Pharell|Brave Bird|p1a: Venusaur
|-supereffective|p1a: Venusaur
|-damage|p1a: Venusaur|0 fnt
|-damage|p2a: Pharell|124\/352|[from] recoil|[of] p1a: Venusaur
|-damage|p2a: Pharell|89\/352|[from] item: Life Orb
|faint|p1a: Venusaur
|-boost|p2a: Pharell|atk|1|[from] ability: Moxie
|
|c|âYheii|mdr
|c|âLMay|CROBOSSS
|c|âLMay|CORBOSSSSS
|c|âYheii|je mi fais pas trop a cette team gg a toi
|
|switch|p1a: Latios|Latios, M|302\/302
|-damage|p1a: Latios|265\/302|[from] Stealth Rock
|turn|16
|c|âLMay|gg
|c|âLMay|fini le match au moins
|
|move|p1a: Latios|Surf|p2a: Pharell
|-end|p2a: Pharell|Substitute
|-damage|p1a: Latios|235\/302|[from] item: Life Orb
|move|p2a: Pharell|Roost|p2a: Pharell
|-heal|p2a: Pharell|265\/352
|
|turn|17
|c|âYheii|oui tk t
|
|move|p2a: Pharell|Sucker Punch|p1a: Latios
|-supereffective|p1a: Latios
|-damage|p1a: Latios|0 fnt
|-damage|p2a: Pharell|230\/352|[from] item: Life Orb
|faint|p1a: Latios
|-boost|p2a: Pharell|atk|1|[from] ability: Moxie
|
|c|âYheii|xd
|
|switch|p1a: Azumarill|Azumarill, M, shiny|404\/404
|-damage|p1a: Azumarill|354\/404|[from] Stealth Rock
|turn|18
|c|âLMay|niquÃ© par un corboss haha
|c|âLMay|jme suis dit
|c|âLMay|azy magnÃ©zone bloque corboss
|c|âLMay|jvais essayer dle tuer
|c|âLMay|et aprÃ¨s jme fais toute ta team
|c|âLMay|c'est ce qui s'est passÃ© mdr
|
|move|p1a: Azumarill|Aqua Jet|p2a: Pharell
|-damage|p2a: Pharell|71\/352
|move|p2a: Pharell|Brave Bird|p1a: Azumarill
|-damage|p1a: Azumarill|0 fnt
|-damage|p2a: Pharell|0 fnt|[from] recoil|[of] p1a: Azumarill
|faint|p1a: Azumarill
|faint|p2a: Pharell
|
|win|LMay