|join|Hookshot
|join|LMay
|player|p1|Hookshot|101
|player|p2|LMay|283
|gametype|singles
|gen|6
|tier|OU
|rated
|clearpoke
|poke|p1|Altaria, M
|poke|p1|Bisharp, M, shiny
|poke|p1|Garchomp, M
|poke|p1|Starmie
|poke|p1|Gengar, M
|poke|p1|Thundurus, M, shiny
|poke|p2|Altaria, M, shiny
|poke|p2|Mamoswine, M, shiny
|poke|p2|Slowbro, M, shiny
|poke|p2|Chansey, F, shiny
|poke|p2|Gengar, M, shiny
|poke|p2|Magnezone, shiny
|rule|Swagger Clause: Swagger is banned
|rule|Baton Pass Clause: Limit one PokÃ©mon knowing Baton Pass
|rule|Sleep Clause Mod: Limit one foe put to sleep
|rule|Species Clause: Limit one of each PokÃ©mon
|rule|OHKO Clause: OHKO moves are banned
|rule|Moody Clause: Moody is banned
|rule|Evasion Moves Clause: Evasion moves are banned
|rule|Endless Battle Clause: Forcing endless battles is banned
|rule|HP Percentage Mod: HP is shown in percentages
|teampreview
|
|start
|switch|p1a: Garchomp|Garchomp, M|357\/357
|switch|p2a: Magnum|Mamoswine, M, shiny|362\/362
|turn|1
|
|move|p2a: Magnum|Ice Shard|p1a: Garchomp
|-supereffective|p1a: Garchomp
|-damage|p1a: Garchomp|29\/357
|move|p1a: Garchomp|Stealth Rock|p2a: Magnum
|-sidestart|p2: LMay|move: Stealth Rock
|
|turn|2
|
|move|p2a: Magnum|Ice Shard|p1a: Garchomp
|-supereffective|p1a: Garchomp
|-damage|p1a: Garchomp|0 fnt
|faint|p1a: Garchomp
|
|
|switch|p1a: Starmie|Starmie|261\/261
|turn|3
|
|move|p1a: Starmie|Hydro Pump|p2a: Magnum
|-supereffective|p2a: Magnum
|-enditem|p2a: Magnum|Focus Sash
|-damage|p2a: Magnum|1\/362
|-damage|p1a: Starmie|235\/261|[from] item: Life Orb
|move|p2a: Magnum|Knock Off|p1a: Starmie
|-supereffective|p1a: Starmie
|-damage|p1a: Starmie|0 fnt
|-enditem|p1a: Starmie|Life Orb|[from] move: Knock Off|[of] p2a: Magnum
|faint|p1a: Starmie
|
|
|switch|p1a: Gengar|Gengar, M|261\/261
|turn|4
|
|move|p2a: Magnum|Ice Shard|p1a: Gengar
|-damage|p1a: Gengar|147\/261
|move|p1a: Gengar|Shadow Ball|p2a: Magnum
|-damage|p2a: Magnum|0 fnt
|faint|p2a: Magnum
|
|-heal|p1a: Gengar|163\/261|[from] item: Black Sludge
|
|switch|p2a: Android|Magnezone, shiny|333\/333
|-damage|p2a: Android|313\/333|[from] Stealth Rock
|turn|5
|
|move|p1a: Gengar|Substitute|p1a: Gengar
|-start|p1a: Gengar|Substitute
|-damage|p1a: Gengar|98\/261
|move|p2a: Android|Volt Switch|p1a: Gengar
|-end|p1a: Gengar|Substitute
|
|switch|p2a: Altaria|Altaria, M, shiny|307\/307
|-damage|p2a: Altaria|231\/307|[from] Stealth Rock
|
|-heal|p1a: Gengar|114\/261|[from] item: Black Sludge
|turn|6
|
|move|p1a: Gengar|Shadow Ball|p2a: Altaria
|-damage|p2a: Altaria|81\/307
|move|p2a: Altaria|Dragon Dance|p2a: Altaria
|-boost|p2a: Altaria|atk|1
|-boost|p2a: Altaria|spe|1
|
|-heal|p1a: Gengar|130\/261|[from] item: Black Sludge
|turn|7
|
|detailschange|p2a: Altaria|Altaria-Mega, M, shiny
|message|Altaria has Mega Evolved into Mega Altaria!
|move|p2a: Altaria|Return|p1a: Gengar
|-resisted|p1a: Gengar
|-damage|p1a: Gengar|0 fnt
|faint|p1a: Gengar
|
|
|switch|p1a: Thundurus|Thundurus, M, shiny|300\/300
|turn|8
|
|move|p1a: Thundurus|Thunder Wave|p2a: Altaria
|-status|p2a: Altaria|par
|move|p2a: Altaria|Return|p1a: Thundurus
|-damage|p1a: Thundurus|0 fnt
|faint|p1a: Thundurus
|
|
|switch|p1a: Bisharp|Bisharp, M, shiny|271\/271
|turn|9
|
|switch|p2a: Android|Magnezone, shiny|313\/333
|-damage|p2a: Android|293\/333|[from] Stealth Rock
|move|p1a: Bisharp|Iron Head|p2a: Android
|-resisted|p2a: Android
|-damage|p2a: Android|257\/333
|
|turn|10
|
|move|p1a: Bisharp|Sucker Punch|p2a: Android
|-damage|p2a: Android|107\/333
|move|p2a: Android|Thunderbolt|p1a: Bisharp
|-damage|p1a: Bisharp|0 fnt
|faint|p1a: Bisharp
|
|
|switch|p1a: Altaria|Altaria, M|307\/307
|turn|11
|
|switch|p2a: Roger|Slowbro, M, shiny|394\/394
|-damage|p2a: Roger|345\/394|[from] Stealth Rock
|detailschange|p1a: Altaria|Altaria-Mega, M
|message|Altaria has Mega Evolved into Mega Altaria!
|move|p1a: Altaria|Dragon Dance|p1a: Altaria
|-boost|p1a: Altaria|atk|1
|-boost|p1a: Altaria|spe|1
|
|-heal|p2a: Roger|369\/394|[from] item: Leftovers
|turn|12
|
|move|p1a: Altaria|Dragon Dance|p1a: Altaria
|-boost|p1a: Altaria|atk|1
|-boost|p1a: Altaria|spe|1
|move|p2a: Roger|Scald|p1a: Altaria
|-resisted|p1a: Altaria
|-damage|p1a: Altaria|262\/307
|
|-heal|p2a: Roger|393\/394|[from] item: Leftovers
|turn|13
|c|âLMay|If you have Heal bell you'll win
|
|move|p1a: Altaria|Return|p2a: Roger
|-damage|p2a: Roger|90\/394
|move|p2a: Roger|Scald|p1a: Altaria
|-resisted|p1a: Altaria
|-damage|p1a: Altaria|216\/307
|
|-heal|p2a: Roger|114\/394|[from] item: Leftovers
|turn|14
|
|switch|p2a: Altaria|Altaria-Mega, M, shiny|81\/307 par
|-damage|p2a: Altaria|43\/307 par|[from] Stealth Rock
|move|p1a: Altaria|Return|p2a: Altaria
|-crit|p2a: Altaria
|-supereffective|p2a: Altaria
|-damage|p2a: Altaria|0 fnt
|faint|p2a: Altaria
|
|
|switch|p2a: FREEZE|Chansey, F, shiny|704\/704
|-damage|p2a: FREEZE|616\/704|[from] Stealth Rock
|turn|15
|
|move|p1a: Altaria|Return|p2a: FREEZE
|-damage|p2a: FREEZE|67\/704
|move|p2a: FREEZE|Thunder Wave|p1a: Altaria
|-status|p1a: Altaria|par
|
|turn|16
|
|move|p2a: FREEZE|Seismic Toss|p1a: Altaria
|-damage|p1a: Altaria|116\/307 par
|move|p1a: Altaria|Dragon Dance|p1a: Altaria
|-boost|p1a: Altaria|atk|1
|-boost|p1a: Altaria|spe|1
|
|turn|17
|
|move|p1a: Altaria|Roost|p1a: Altaria
|-heal|p1a: Altaria|270\/307 par
|move|p2a: FREEZE|Seismic Toss|p1a: Altaria
|-damage|p1a: Altaria|170\/307 par
|
|turn|18
|
|move|p1a: Altaria|Roost|p1a: Altaria
|-heal|p1a: Altaria|307\/307 par
|move|p2a: FREEZE|Seismic Toss|p1a: Altaria
|-damage|p1a: Altaria|207\/307 par
|
|turn|19
|
|cant|p1a: Altaria|par
|move|p2a: FREEZE|Seismic Toss|p1a: Altaria
|-damage|p1a: Altaria|107\/307 par
|
|turn|20
|
|cant|p1a: Altaria|par
|move|p2a: FREEZE|Soft-Boiled|p2a: FREEZE
|-heal|p2a: FREEZE|419\/704
|
|turn|21
|
|move|p1a: Altaria|Roost|p1a: Altaria
|-heal|p1a: Altaria|261\/307 par
|move|p2a: FREEZE|Seismic Toss|p1a: Altaria
|-damage|p1a: Altaria|161\/307 par
|
|turn|22
|
|move|p1a: Altaria|Dragon Dance|p1a: Altaria
|-boost|p1a: Altaria|atk|1
|-boost|p1a: Altaria|spe|1
|move|p2a: FREEZE|Seismic Toss|p1a: Altaria
|-damage|p1a: Altaria|61\/307 par
|
|turn|23
|
|move|p1a: Altaria|Roost|p1a: Altaria
|-heal|p1a: Altaria|215\/307 par
|move|p2a: FREEZE|Seismic Toss|p1a: Altaria
|-damage|p1a: Altaria|115\/307 par
|
|turn|24
|
|move|p1a: Altaria|Return|p2a: FREEZE
|-damage|p2a: FREEZE|0 fnt
|faint|p2a: FREEZE
|
|
|switch|p2a: Ghostic|Gengar, M, shiny|261\/261
|-damage|p2a: Ghostic|229\/261|[from] Stealth Rock
|turn|25
|
|move|p2a: Ghostic|Shadow Ball|p1a: Altaria
|-damage|p1a: Altaria|0 fnt
|faint|p1a: Altaria
|
|win|LMay
|raw|Ladder updating...
|c|âHookshot|aww man.
|c|âHookshot|gg
|c|âLMay|gg
|c|âLMay|Mega Altaria too good
|raw|Hookshot's rating: 1497 &rarr; <strong>1477<\/strong><br \/>(-20 for losing)
|raw|LMay's rating: 1508 &rarr; <strong>1527<\/strong><br \/>(+19 for winning)