|join|WerryDuJoohp
|join|LMay
|player|p1|WerryDuJoohp|157
|player|p2|LMay|283
|gametype|singles
|gen|6
|tier|OU
|rated
|clearpoke
|poke|p1|Dugtrio, F, shiny
|poke|p1|Latias, F, shiny
|poke|p1|Volcarona, F, shiny
|poke|p1|Rotom-Wash, shiny
|poke|p1|Jirachi, shiny
|poke|p1|Pidgeot, F, shiny
|poke|p2|Altaria, M, shiny
|poke|p2|Heatran, M
|poke|p2|Azumarill, M
|poke|p2|Landorus-Therian, M
|poke|p2|Rotom-Wash
|poke|p2|Latios, M, shiny
|rule|Swagger Clause: Swagger is banned
|rule|Baton Pass Clause: Limit one PokÃ©mon knowing Baton Pass
|rule|Sleep Clause Mod: Limit one foe put to sleep
|rule|Species Clause: Limit one of each PokÃ©mon
|rule|OHKO Clause: OHKO moves are banned
|rule|Moody Clause: Moody is banned
|rule|Evasion Moves Clause: Evasion moves are banned
|rule|Endless Battle Clause: Forcing endless battles is banned
|rule|HP Percentage Mod: HP is shown in percentages
|teampreview
|
|start
|switch|p1a: Rotom-Wash|Rotom-Wash, shiny|301\/301
|switch|p2a: WhatIDo|Landorus-Therian, M|319\/319
|-ability|p2a: WhatIDo|Intimidate|[of] p1a: Rotom-Wash
|-unboost|p1a: Rotom-Wash|atk|1
|turn|1
|
|move|p2a: WhatIDo|Knock Off|p1a: Rotom-Wash
|-damage|p1a: Rotom-Wash|216\/301
|-enditem|p1a: Rotom-Wash|Leftovers|[from] move: Knock Off|[of] p2a: WhatIDo
|move|p1a: Rotom-Wash|Hydro Pump|p2a: WhatIDo
|-supereffective|p2a: WhatIDo
|-damage|p2a: WhatIDo|0 fnt
|faint|p2a: WhatIDo
|
|
|switch|p2a: Latios|Latios, M, shiny|307\/307
|turn|2
|
|switch|p1a: Jirachi|Jirachi, shiny|404\/404
|move|p2a: Latios|Draco Meteor|p1a: Jirachi
|-crit|p1a: Jirachi
|-resisted|p1a: Jirachi
|-damage|p1a: Jirachi|193\/404
|-unboost|p2a: Latios|spa|2
|-damage|p2a: Latios|277\/307|[from] item: Life Orb
|
|-heal|p1a: Jirachi|218\/404|[from] item: Leftovers
|turn|3
|
|switch|p2a: WatR|Rotom-Wash|303\/303
|move|p1a: Jirachi|Substitute|p1a: Jirachi
|-start|p1a: Jirachi|Substitute
|-damage|p1a: Jirachi|117\/404
|
|-heal|p1a: Jirachi|142\/404|[from] item: Leftovers
|turn|4
|
|move|p1a: Jirachi|Toxic|p2a: WatR
|-status|p2a: WatR|tox
|move|p2a: WatR|Hydro Pump|p1a: Jirachi
|-end|p1a: Jirachi|Substitute
|
|-heal|p1a: Jirachi|167\/404|[from] item: Leftovers
|-damage|p2a: WatR|285\/303 tox|[from] psn
|turn|5
|
|switch|p1a: Latias|Latias, F, shiny|319\/319
|move|p2a: WatR|Volt Switch|p1a: Latias
|-resisted|p1a: Latias
|-damage|p1a: Latias|284\/319
|
|switch|p2a: HotnChick|Heatran, M|385\/385
|-item|p2a: HotnChick|Air Balloon
|
|turn|6
|
|move|p1a: Latias|Psyshock|p2a: HotnChick
|-resisted|p2a: HotnChick
|-damage|p2a: HotnChick|304\/385
|-enditem|p2a: HotnChick|Air Balloon
|-damage|p1a: Latias|253\/319|[from] item: Life Orb
|move|p2a: HotnChick|Stealth Rock|p1a: Latias
|-sidestart|p1: WerryDuJoohp|move: Stealth Rock
|
|turn|7
|
|move|p1a: Latias|Defog|p2a: HotnChick
|-unboost|p2a: HotnChick|evasion|1
|-sideend|p1: WerryDuJoohp|Stealth Rock|[from] move: Defog|[of] p1a: Latias
|move|p2a: HotnChick|Roar|p1a: Latias
|drag|p1a: Volcarona|Volcarona, F, shiny|329\/329
|
|turn|8
|
|switch|p1a: Dugtrio|Dugtrio, F, shiny|201\/201
|move|p2a: HotnChick|Stealth Rock|p1a: Dugtrio
|-sidestart|p1: WerryDuJoohp|move: Stealth Rock
|
|turn|9
|
|move|p1a: Dugtrio|Earthquake|p2a: HotnChick
|-supereffective|p2a: HotnChick
|-damage|p2a: HotnChick|0 fnt
|faint|p2a: HotnChick
|
|
|switch|p2a: Azumarill|Azumarill, M|399\/399
|turn|10
|
|move|p1a: Dugtrio|Memento|p2a: Azumarill
|-unboost|p2a: Azumarill|atk|2
|-unboost|p2a: Azumarill|spa|2
|faint|p1a: Dugtrio
|move|p2a: Azumarill|Knock Off|p1: Dugtrio|[notarget]
|-notarget
|
|
|switch|p1a: Latias|Latias, F, shiny|253\/319
|-damage|p1a: Latias|214\/319|[from] Stealth Rock
|turn|11
|
|move|p1a: Latias|Defog|p2a: Azumarill
|-unboost|p2a: Azumarill|evasion|1
|-sideend|p1: WerryDuJoohp|Stealth Rock|[from] move: Defog|[of] p1a: Latias
|move|p2a: Azumarill|Play Rough|p1a: Latias
|-crit|p1a: Latias
|-supereffective|p1a: Latias
|-damage|p1a: Latias|0 fnt
|faint|p1a: Latias
|
|
|switch|p1a: Pidgeot|Pidgeot, F, shiny|307\/307
|turn|12
|
|switch|p2a: WatR|Rotom-Wash|285\/303 tox
|detailschange|p1a: Pidgeot|Pidgeot-Mega, F, shiny
|-mega|p1a: Pidgeot|Pidgeot|Pidgeotite
|move|p1a: Pidgeot|Hurricane|p2a: WatR
|-resisted|p2a: WatR
|-damage|p2a: WatR|199\/303 tox
|
|-heal|p2a: WatR|217\/303 tox|[from] item: Leftovers
|-damage|p2a: WatR|199\/303 tox|[from] psn
|turn|13
|
|move|p1a: Pidgeot|U-turn|p2a: WatR
|-damage|p2a: WatR|167\/303 tox
|
|switch|p1a: Rotom-Wash|Rotom-Wash, shiny|216\/301
|move|p2a: WatR|Volt Switch|p1a: Rotom-Wash
|-damage|p1a: Rotom-Wash|141\/301
|
|switch|p2a: Latios|Latios, M, shiny|277\/307
|
|turn|14
|
|switch|p1a: Jirachi|Jirachi, shiny|167\/404
|move|p2a: Latios|Draco Meteor|p1a: Jirachi
|-resisted|p1a: Jirachi
|-damage|p1a: Jirachi|24\/404
|-unboost|p2a: Latios|spa|2
|-damage|p2a: Latios|247\/307|[from] item: Life Orb
|
|-heal|p1a: Jirachi|49\/404|[from] item: Leftovers
|turn|15
|
|move|p2a: Latios|Draco Meteor|p1a: Jirachi
|-resisted|p1a: Jirachi
|-damage|p1a: Jirachi|0 fnt
|-unboost|p2a: Latios|spa|2
|-damage|p2a: Latios|217\/307|[from] item: Life Orb
|faint|p1a: Jirachi
|
|
|switch|p1a: Volcarona|Volcarona, F, shiny|329\/329
|turn|16
|
|switch|p2a: Azumarill|Azumarill, M|399\/399
|move|p1a: Volcarona|Quiver Dance|p1a: Volcarona
|-boost|p1a: Volcarona|spa|1
|-boost|p1a: Volcarona|spd|1
|-boost|p1a: Volcarona|spe|1
|
|turn|17
|
|move|p2a: Azumarill|Aqua Jet|p1a: Volcarona
|-supereffective|p1a: Volcarona
|-damage|p1a: Volcarona|105\/329
|-status|p2a: Azumarill|brn
|move|p1a: Volcarona|Giga Drain|p2a: Azumarill
|-supereffective|p2a: Azumarill
|-damage|p2a: Azumarill|179\/399 brn
|-heal|p1a: Volcarona|215\/329|[from] drain|[of] p2a: Azumarill
|
|-damage|p2a: Azumarill|130\/399 brn|[from] brn
|turn|18
|
|move|p2a: Azumarill|Aqua Jet|p1a: Volcarona
|-supereffective|p1a: Volcarona
|-damage|p1a: Volcarona|83\/329
|move|p1a: Volcarona|Giga Drain|p2a: Azumarill
|-supereffective|p2a: Azumarill
|-damage|p2a: Azumarill|0 fnt
|-heal|p1a: Volcarona|148\/329|[from] drain|[of] p2a: Azumarill
|faint|p2a: Azumarill
|
|
|switch|p2a: Silver|Altaria, M, shiny|309\/309
|turn|19
|
|switch|p1a: Rotom-Wash|Rotom-Wash, shiny|141\/301
|detailschange|p2a: Silver|Altaria-Mega, M, shiny
|-mega|p2a: Silver|Altaria|Altarianite
|move|p2a: Silver|Dragon Dance|p2a: Silver
|-boost|p2a: Silver|atk|1
|-boost|p2a: Silver|spe|1
|
|turn|20
|
|move|p2a: Silver|Frustration|p1a: Rotom-Wash
|-damage|p1a: Rotom-Wash|0 fnt
|faint|p1a: Rotom-Wash
|
|
|switch|p1a: Pidgeot|Pidgeot-Mega, F, shiny|307\/307
|turn|21
|
|move|p2a: Silver|Frustration|p1a: Pidgeot
|-damage|p1a: Pidgeot|0 fnt
|faint|p1a: Pidgeot
|
|-message|WerryDuJoohp forfeited.
|
|win|LMay
|raw|Ladder updating...
|leave|WerryDuJoohp
|player|p1
|raw|WerryDuJoohp's rating: 1494 &rarr; <strong>1475<\/strong><br \/>(-19 for losing)
|raw|LMay's rating: 1510 &rarr; <strong>1529<\/strong><br \/>(+19 for winning)