|join|LMay
|join|frostoney
|player|p1|LMay|283
|player|p2|frostoney|39
|gametype|singles
|gen|6
|tier|OU (suspect test)
|clearpoke
|poke|p1|Altaria, M, shiny
|poke|p1|Magnezone, shiny
|poke|p1|Tentacruel, M, shiny
|poke|p1|Azumarill, F, shiny
|poke|p1|Gengar, M, shiny
|poke|p1|Mamoswine, F
|poke|p2|Mamoswine, F
|poke|p2|Gengar, M
|poke|p2|Azumarill, F
|poke|p2|Sceptile, M
|poke|p2|Ferrothorn, F
|poke|p2|Espeon, F
|rule|Swagger Clause: Swagger is banned
|rule|Baton Pass Clause: Limit one PokÃ©mon knowing Baton Pass
|rule|Sleep Clause Mod: Limit one foe put to sleep
|rule|Species Clause: Limit one of each PokÃ©mon
|rule|OHKO Clause: OHKO moves are banned
|rule|Moody Clause: Moody is banned
|rule|Evasion Moves Clause: Evasion moves are banned
|rule|Endless Battle Clause: Forcing endless battles is banned
|rule|HP Percentage Mod: HP is shown in percentages
|teampreview
|join|scrubscrubJamm
|
|start
|switch|p1a: Magnum|Mamoswine, F|361\/361
|switch|p2a: Mamoswine|Mamoswine, F|362\/362
|turn|1
|join|RS Meth
|
|switch|p2a: Espeon|Espeon, F|271\/271
|move|p1a: Magnum|Knock Off|p2a: Espeon
|-supereffective|p2a: Espeon
|-damage|p2a: Espeon|0 fnt
|-enditem|p2a: Espeon|Choice Scarf|[from] move: Knock Off|[of] p1a: Magnum
|faint|p2a: Espeon
|
|
|switch|p2a: Mamoswine|Mamoswine, F|362\/362
|turn|2
|
|move|p2a: Mamoswine|Stealth Rock|p1a: Magnum
|-sidestart|p1: LMay|move: Stealth Rock
|move|p1a: Magnum|Stealth Rock|p2a: Mamoswine
|-sidestart|p2: frostoney|move: Stealth Rock
|
|turn|3
|
|move|p2a: Mamoswine|Earthquake|p1a: Magnum
|-damage|p1a: Magnum|150\/361
|move|p1a: Magnum|Earthquake|p2a: Mamoswine
|-damage|p2a: Mamoswine|139\/362
|
|turn|4
|
|switch|p1a: Ghostic|Gengar, M, shiny|262\/262
|-damage|p1a: Ghostic|230\/262|[from] Stealth Rock
|move|p2a: Mamoswine|Earthquake|p1a: Ghostic
|-immune|p1a: Ghostic|[msg]
|
|-heal|p1a: Ghostic|246\/262|[from] item: Black Sludge
|turn|5
|
|move|p1a: Ghostic|Shadow Ball|p2a: Mamoswine
|-damage|p2a: Mamoswine|0 fnt
|faint|p2a: Mamoswine
|
|-heal|p1a: Ghostic|262\/262|[from] item: Black Sludge
|
|switch|p2a: Ferrothorn|Ferrothorn, F|352\/352
|-damage|p2a: Ferrothorn|330\/352|[from] Stealth Rock
|turn|6
|
|move|p1a: Ghostic|Substitute|p1a: Ghostic
|-start|p1a: Ghostic|Substitute
|-damage|p1a: Ghostic|197\/262
|move|p2a: Ferrothorn|Gyro Ball|p1a: Ghostic
|-end|p1a: Ghostic|Substitute
|
|-heal|p1a: Ghostic|213\/262|[from] item: Black Sludge
|-heal|p2a: Ferrothorn|352\/352|[from] item: Leftovers
|turn|7
|
|switch|p1a: Android|Magnezone, shiny|281\/281
|-damage|p1a: Android|264\/281|[from] Stealth Rock
|move|p2a: Ferrothorn|Gyro Ball|p1a: Android
|-resisted|p1a: Android
|-damage|p1a: Android|226\/281
|
|turn|8
|
|move|p1a: Android|Hidden Power|p2a: Ferrothorn
|-supereffective|p2a: Ferrothorn
|-damage|p2a: Ferrothorn|112\/352
|move|p2a: Ferrothorn|Spikes|p1a: Android
|-sidestart|p1: LMay|Spikes
|
|-heal|p2a: Ferrothorn|134\/352|[from] item: Leftovers
|turn|9
|join|waxisbax
|
|move|p1a: Android|Hidden Power|p2a: Ferrothorn
|-supereffective|p2a: Ferrothorn
|-damage|p2a: Ferrothorn|0 fnt
|faint|p2a: Ferrothorn
|
|
|switch|p2a: Sceptile|Sceptile, M|281\/281
|-damage|p2a: Sceptile|246\/281|[from] Stealth Rock
|turn|10
|
|switch|p1a: Tentacruel|Tentacruel, M, shiny|364\/364
|-damage|p1a: Tentacruel|319\/364|[from] Spikes
|-damage|p1a: Tentacruel|274\/364|[from] Stealth Rock
|detailschange|p2a: Sceptile|Sceptile-Mega, M
|-mega|p2a: Sceptile|Sceptile|Sceptilite
|move|p2a: Sceptile|Substitute|p2a: Sceptile
|-start|p2a: Sceptile|Substitute
|-damage|p2a: Sceptile|176\/281
|
|-heal|p1a: Tentacruel|296\/364|[from] item: Black Sludge
|turn|11
|join|kratosmana
|
|move|p2a: Sceptile|Dragon Pulse|p1a: Tentacruel
|-damage|p1a: Tentacruel|149\/364
|move|p1a: Tentacruel|Acid Spray|p2a: Sceptile
|-supereffective|p2a: Sceptile
|-end|p2a: Sceptile|Substitute
|
|-heal|p1a: Tentacruel|171\/364|[from] item: Black Sludge
|turn|12
|leave|kratosmana
|
|move|p2a: Sceptile|Dragon Pulse|p1a: Tentacruel
|-damage|p1a: Tentacruel|30\/364
|move|p1a: Tentacruel|Rapid Spin|p2a: Sceptile
|-damage|p2a: Sceptile|163\/281
|-sideend|p1: LMay|Spikes|[from] move: Rapid Spin|[of] p1a: Tentacruel
|-sideend|p1: LMay|Stealth Rock|[from] move: Rapid Spin|[of] p1a: Tentacruel
|
|-heal|p1a: Tentacruel|52\/364|[from] item: Black Sludge
|turn|13
|
|move|p2a: Sceptile|Dragon Pulse|p1a: Tentacruel
|-damage|p1a: Tentacruel|0 fnt
|faint|p1a: Tentacruel
|
|
|switch|p1a: Silver|Altaria, M, shiny|312\/312
|turn|14
|
|switch|p2a: Azumarill|Azumarill, F|403\/403
|-damage|p2a: Azumarill|353\/403|[from] Stealth Rock
|detailschange|p1a: Silver|Altaria-Mega, M, shiny
|-mega|p1a: Silver|Altaria|Altarianite
|move|p1a: Silver|Dragon Dance|p1a: Silver
|-boost|p1a: Silver|atk|1
|-boost|p1a: Silver|spe|1
|
|turn|15
|join|DragonForce3
|leave|waxisbax
|
|move|p1a: Silver|Frustration|p2a: Azumarill
|-damage|p2a: Azumarill|0 fnt
|faint|p2a: Azumarill
|
|
|switch|p2a: Gengar|Gengar, M|261\/261
|-damage|p2a: Gengar|229\/261|[from] Stealth Rock
|turn|16
|
|move|p1a: Silver|Frustration|p2a: Gengar
|-resisted|p2a: Gengar
|-damage|p2a: Gengar|0 fnt
|faint|p2a: Gengar
|
|
|switch|p2a: Sceptile|Sceptile-Mega, M|163\/281
|-damage|p2a: Sceptile|128\/281|[from] Stealth Rock
|turn|17
|c|âfrostoney|gg
|
|move|p2a: Sceptile|Giga Drain|p1a: Silver
|-resisted|p1a: Silver
|-damage|p1a: Silver|247\/312
|-heal|p2a: Sceptile|161\/281|[from] drain|[of] p1a: Silver
|move|p1a: Silver|Dragon Dance|p1a: Silver
|-boost|p1a: Silver|atk|1
|-boost|p1a: Silver|spe|1
|
|turn|18
|
|move|p1a: Silver|Dragon Dance|p1a: Silver
|-boost|p1a: Silver|atk|1
|-boost|p1a: Silver|spe|1
|move|p2a: Sceptile|Giga Drain|p1a: Silver
|-resisted|p1a: Silver
|-damage|p1a: Silver|179\/312
|-heal|p2a: Sceptile|195\/281|[from] drain|[of] p1a: Silver
|
|turn|19
|c| RS Meth|okay seriously, quit fucking around
|
|move|p1a: Silver|Frustration|p2a: Sceptile
|-supereffective|p2a: Sceptile
|-damage|p2a: Sceptile|0 fnt
|faint|p2a: Sceptile
|
|win|LMay
|leave|RS Meth
|leave|frostoney
|player|p2
|leave|LMay
|player|p1
|join|LMay