|join|LMay
|join|JSMdu974
|player|p1|LMay|283
|player|p2|JSMdu974|2
|gametype|singles
|gen|6
|tier|OU (suspect test)
|rated
|clearpoke
|poke|p1|Altaria, M, shiny
|poke|p1|Magnezone, shiny
|poke|p1|Tentacruel, M, shiny
|poke|p1|Chansey, F, shiny
|poke|p1|Gengar, M, shiny
|poke|p1|Mamoswine, F
|poke|p2|Pinsir, M, shiny
|poke|p2|Tyranitar, M
|poke|p2|Clefable, M
|poke|p2|Rotom-Wash, shiny
|poke|p2|Garchomp, M, shiny
|poke|p2|Excadrill, M
|rule|Swagger Clause: Swagger is banned
|rule|Baton Pass Clause: Limit one PokÃ©mon knowing Baton Pass
|rule|Sleep Clause Mod: Limit one foe put to sleep
|rule|Species Clause: Limit one of each PokÃ©mon
|rule|OHKO Clause: OHKO moves are banned
|rule|Moody Clause: Moody is banned
|rule|Evasion Moves Clause: Evasion moves are banned
|rule|Endless Battle Clause: Forcing endless battles is banned
|rule|HP Percentage Mod: HP is shown in percentages
|teampreview
|
|start
|switch|p1a: Magnum|Mamoswine, F|361\/361
|switch|p2a: Dchet n1|Garchomp, M, shiny|357\/357
|turn|1
|
|move|p2a: Dchet n1|Stealth Rock|p1a: Magnum
|-sidestart|p1: LMay|move: Stealth Rock
|move|p1a: Magnum|Icicle Crash|p2a: Dchet n1
|-supereffective|p2a: Dchet n1
|-enditem|p2a: Dchet n1|Focus Sash
|-damage|p2a: Dchet n1|1\/357
|-damage|p1a: Magnum|325\/361|[from] item: Life Orb
|
|turn|2
|
|move|p1a: Magnum|Ice Shard|p2a: Dchet n1
|-supereffective|p2a: Dchet n1
|-damage|p2a: Dchet n1|0 fnt
|-damage|p1a: Magnum|289\/361|[from] item: Life Orb
|faint|p2a: Dchet n1
|
|
|switch|p2a: Super Dchet|Clefable, M|394\/394
|turn|3
|
|move|p1a: Magnum|Earthquake|p2a: Super Dchet
|-damage|p2a: Super Dchet|180\/394
|-damage|p1a: Magnum|253\/361|[from] item: Life Orb
|move|p2a: Super Dchet|Flamethrower|p1a: Magnum
|-supereffective|p1a: Magnum
|-damage|p1a: Magnum|118\/361
|
|turn|4
|
|switch|p2a: Dchet n3|Rotom-Wash, shiny|304\/304
|move|p1a: Magnum|Knock Off|p2a: Dchet n3
|-damage|p2a: Dchet n3|195\/304
|-enditem|p2a: Dchet n3|Leftovers|[from] move: Knock Off|[of] p1a: Magnum
|-damage|p1a: Magnum|82\/361|[from] item: Life Orb
|
|turn|5
|
|move|p1a: Magnum|Icicle Crash|p2a: Dchet n3
|-resisted|p2a: Dchet n3
|-damage|p2a: Dchet n3|112\/304
|-damage|p1a: Magnum|46\/361|[from] item: Life Orb
|cant|p2a: Dchet n3|flinch
|
|turn|6
|
|move|p1a: Magnum|Icicle Crash|p2a: Dchet n3
|-resisted|p2a: Dchet n3
|-damage|p2a: Dchet n3|34\/304
|-damage|p1a: Magnum|10\/361|[from] item: Life Orb
|move|p2a: Dchet n3|Hydro Pump|p1a: Magnum
|-crit|p1a: Magnum
|-supereffective|p1a: Magnum
|-damage|p1a: Magnum|0 fnt
|faint|p1a: Magnum
|
|
|switch|p1a: Tentacruel|Tentacruel, M, shiny|364\/364
|-damage|p1a: Tentacruel|319\/364|[from] Stealth Rock
|turn|7
|
|move|p1a: Tentacruel|Rapid Spin|p2a: Dchet n3
|-damage|p2a: Dchet n3|25\/304
|-sideend|p1: LMay|Stealth Rock|[from] move: Rapid Spin|[of] p1a: Tentacruel
|move|p2a: Dchet n3|Pain Split|p1a: Tentacruel
|-sethp|p1a: Tentacruel|172\/364|p2a: Dchet n3|172\/304|[from] move: Pain Split
|
|-heal|p1a: Tentacruel|194\/364|[from] item: Black Sludge
|turn|8
|
|switch|p1a: FREEZE|Chansey, F, shiny|704\/704
|move|p2a: Dchet n3|Volt Switch|p1a: FREEZE
|-damage|p1a: FREEZE|643\/704
|
|switch|p2a: Dchet n2|Tyranitar, M|391\/391
|-weather|Sandstorm
|
|-weather|Sandstorm|[upkeep]
|-damage|p1a: FREEZE|599\/704|[from] sandstorm
|turn|9
|
|move|p2a: Dchet n2|Crunch|p1a: FREEZE
|-damage|p1a: FREEZE|314\/704
|move|p1a: FREEZE|Stealth Rock|p2a: Dchet n2
|-sidestart|p2: JSMdu974|move: Stealth Rock
|
|-weather|Sandstorm|[upkeep]
|-damage|p1a: FREEZE|270\/704|[from] sandstorm
|turn|10
|
|move|p2a: Dchet n2|Crunch|p1a: FREEZE
|-damage|p1a: FREEZE|0 fnt
|faint|p1a: FREEZE
|
|-weather|Sandstorm|[upkeep]
|
|switch|p1a: Silver|Altaria, M, shiny|306\/306
|turn|11
|
|switch|p2a: Super Dchet|Clefable, M|180\/394
|detailschange|p1a: Silver|Altaria-Mega, M, shiny
|-mega|p1a: Silver|Altaria|Altarianite
|move|p1a: Silver|Dragon Dance|p1a: Silver
|-boost|p1a: Silver|atk|1
|-boost|p1a: Silver|spe|1
|
|-weather|Sandstorm|[upkeep]
|-damage|p1a: Silver|287\/306|[from] sandstorm
|turn|12
|
|move|p1a: Silver|Frustration|p2a: Super Dchet
|-crit|p2a: Super Dchet
|-damage|p2a: Super Dchet|0 fnt
|faint|p2a: Super Dchet
|
|-weather|none
|
|switch|p2a: Dchet n4|Excadrill, M|361\/361
|-damage|p2a: Dchet n4|350\/361|[from] Stealth Rock
|-item|p2a: Dchet n4|Air Balloon
|turn|13
|
|switch|p1a: Android|Magnezone, shiny|281\/281
|move|p2a: Dchet n4|Iron Head|p1a: Android
|-resisted|p1a: Android
|-damage|p1a: Android|246\/281
|
|turn|14
|
|move|p1a: Android|Hidden Power|p2a: Dchet n4
|-supereffective|p2a: Dchet n4
|-damage|p2a: Dchet n4|156\/361
|-enditem|p2a: Dchet n4|Air Balloon
|move|p2a: Dchet n4|Earthquake|p1a: Android
|-supereffective|p1a: Android
|-damage|p1a: Android|0 fnt
|faint|p1a: Android
|
|
|switch|p1a: Ghostic|Gengar, M, shiny|262\/262
|turn|15
|
|switch|p2a: Dchet n2|Tyranitar, M|391\/391
|-damage|p2a: Dchet n2|343\/391|[from] Stealth Rock
|-weather|Sandstorm
|move|p1a: Ghostic|Will-O-Wisp|p2a: Dchet n2
|-status|p2a: Dchet n2|brn
|
|-weather|Sandstorm|[upkeep]
|-damage|p1a: Ghostic|246\/262|[from] sandstorm
|-heal|p1a: Ghostic|262\/262|[from] item: Black Sludge
|-damage|p2a: Dchet n2|295\/391 brn|[from] brn
|turn|16
|
|move|p1a: Ghostic|Shadow Ball|p2a: Dchet n2
|-resisted|p2a: Dchet n2
|-damage|p2a: Dchet n2|245\/391 brn
|move|p2a: Dchet n2|Crunch|p1a: Ghostic
|-supereffective|p1a: Ghostic
|-damage|p1a: Ghostic|0 fnt
|faint|p1a: Ghostic
|
|-weather|Sandstorm|[upkeep]
|-damage|p2a: Dchet n2|197\/391 brn|[from] brn
|
|switch|p1a: Silver|Altaria-Mega, M, shiny|287\/306
|turn|17
|
|move|p1a: Silver|Dragon Dance|p1a: Silver
|-boost|p1a: Silver|atk|1
|-boost|p1a: Silver|spe|1
|move|p2a: Dchet n2|Crunch|p1a: Silver
|-resisted|p1a: Silver
|-damage|p1a: Silver|241\/306
|
|-weather|Sandstorm|[upkeep]
|-damage|p1a: Silver|222\/306|[from] sandstorm
|-damage|p2a: Dchet n2|149\/391 brn|[from] brn
|turn|18
|
|move|p1a: Silver|Dragon Dance|p1a: Silver
|-boost|p1a: Silver|atk|1
|-boost|p1a: Silver|spe|1
|move|p2a: Dchet n2|Crunch|p1a: Silver
|-crit|p1a: Silver
|-resisted|p1a: Silver
|-damage|p1a: Silver|142\/306
|
|-weather|Sandstorm|[upkeep]
|-damage|p1a: Silver|123\/306|[from] sandstorm
|-damage|p2a: Dchet n2|101\/391 brn|[from] brn
|turn|19
|
|move|p1a: Silver|Roost|p1a: Silver
|-heal|p1a: Silver|276\/306
|move|p2a: Dchet n2|Crunch|p1a: Silver
|-resisted|p1a: Silver
|-damage|p1a: Silver|228\/306
|
|-weather|none
|-damage|p2a: Dchet n2|53\/391 brn|[from] brn
|turn|20
|
|switch|p2a: Dchet n3|Rotom-Wash, shiny|172\/304
|-damage|p2a: Dchet n3|134\/304|[from] Stealth Rock
|move|p1a: Silver|Dragon Dance|p1a: Silver
|-boost|p1a: Silver|atk|1
|-boost|p1a: Silver|spe|1
|
|turn|21
|
|move|p1a: Silver|Frustration|p2a: Dchet n3
|-damage|p2a: Dchet n3|0 fnt
|faint|p2a: Dchet n3
|
|
|switch|p2a: Dchet n2|Tyranitar, M|53\/391 brn
|-damage|p2a: Dchet n2|5\/391 brn|[from] Stealth Rock
|-weather|Sandstorm
|turn|22
|
|move|p1a: Silver|Roost|p1a: Silver
|-heal|p1a: Silver|306\/306
|move|p2a: Dchet n2|Stone Edge|p1a: Silver
|-damage|p1a: Silver|177\/306
|
|-weather|Sandstorm|[upkeep]
|-damage|p1a: Silver|158\/306|[from] sandstorm
|-damage|p2a: Dchet n2|0 fnt|[from] brn
|faint|p2a: Dchet n2
|
|switch|p2a: Dchet n4|Excadrill, M|156\/361
|-damage|p2a: Dchet n4|145\/361|[from] Stealth Rock
|turn|23
|
|move|p1a: Silver|Earthquake|p2a: Dchet n4
|-supereffective|p2a: Dchet n4
|-damage|p2a: Dchet n4|0 fnt
|faint|p2a: Dchet n4
|
|-weather|Sandstorm|[upkeep]
|-damage|p1a: Silver|139\/306|[from] sandstorm
|
|switch|p2a: Roi des Dchets|Pinsir, M, shiny|271\/271
|-damage|p2a: Roi des Dchets|204\/271|[from] Stealth Rock
|turn|24
|
|detailschange|p2a: Roi des Dchets|Pinsir-Mega, M, shiny
|-mega|p2a: Roi des Dchets|Pinsir|Pinsirite
|move|p2a: Roi des Dchets|Quick Attack|p1a: Silver
|-damage|p1a: Silver|45\/306
|move|p1a: Silver|Frustration|p2a: Roi des Dchets
|-damage|p2a: Roi des Dchets|0 fnt
|faint|p2a: Roi des Dchets
|
|win|LMay
|raw|Ladder updating...
|raw|LMay's rating: 1130 &rarr; <strong>1156<\/strong><br \/>(+26 for winning)
|raw|JSMdu974's rating: 1141 &rarr; <strong>1116<\/strong><br \/>(-25 for losing)
|c|âJSMdu974|gg