|join|Wooperstorm
|join|LMay
|player|p1|Wooperstorm|292
|player|p2|LMay|283
|gametype|singles
|gen|6
|tier|OU (suspect test)
|rated
|clearpoke
|poke|p1|Rotom-Wash
|poke|p1|Slowbro, F
|poke|p1|Ferrothorn, M, shiny
|poke|p1|Conkeldurr, M
|poke|p1|Victini
|poke|p1|Klefki, F
|poke|p2|Altaria, M, shiny
|poke|p2|Heatran, M, shiny
|poke|p2|Azumarill, M, shiny
|poke|p2|Landorus-Therian, M, shiny
|poke|p2|Rotom-Wash, shiny
|poke|p2|Latios, M, shiny
|rule|Swagger Clause: Swagger is banned
|rule|Baton Pass Clause: Limit one PokÃ©mon knowing Baton Pass
|rule|Sleep Clause Mod: Limit one foe put to sleep
|rule|Species Clause: Limit one of each PokÃ©mon
|rule|OHKO Clause: OHKO moves are banned
|rule|Moody Clause: Moody is banned
|rule|Evasion Moves Clause: Evasion moves are banned
|rule|Endless Battle Clause: Forcing endless battles is banned
|rule|HP Percentage Mod: HP is shown in percentages
|teampreview
|
|start
|switch|p1a: Slowbro|Slowbro, F|351\/351
|switch|p2a: HotnChick|Heatran, M, shiny|385\/385
|turn|1
|
|detailschange|p1a: Slowbro|Slowbro-Mega, F
|-mega|p1a: Slowbro|Slowbro|Slowbronite
|move|p2a: HotnChick|Stealth Rock|p1a: Slowbro
|-sidestart|p1: Wooperstorm|move: Stealth Rock
|move|p1a: Slowbro|Calm Mind|p1a: Slowbro
|-boost|p1a: Slowbro|spa|1
|-boost|p1a: Slowbro|spd|1
|
|turn|2
|join|marcusjones
|
|move|p2a: HotnChick|Will-O-Wisp|p1a: Slowbro
|-status|p1a: Slowbro|brn
|move|p1a: Slowbro|Psyshock|p2a: HotnChick
|-resisted|p2a: HotnChick
|-damage|p2a: HotnChick|289\/385
|
|-heal|p2a: HotnChick|313\/385|[from] item: Leftovers
|-damage|p1a: Slowbro|308\/351 brn|[from] brn
|turn|3
|
|move|p1a: Slowbro|Slack Off|p1a: Slowbro
|-heal|p1a: Slowbro|351\/351 brn
|move|p2a: HotnChick|Roar|p1a: Slowbro
|drag|p1a: Conkeldurr|Conkeldurr, M|351\/351
|-damage|p1a: Conkeldurr|330\/351|[from] Stealth Rock
|
|-heal|p2a: HotnChick|337\/385|[from] item: Leftovers
|turn|4
|
|switch|p2a: Tails|Azumarill, M, shiny|394\/394
|move|p1a: Conkeldurr|Ice Punch|p2a: Tails
|-resisted|p2a: Tails
|-damage|p2a: Tails|338\/394
|
|turn|5
|
|switch|p1a: Slowbro|Slowbro-Mega, F|351\/351 brn
|-damage|p1a: Slowbro|308\/351 brn|[from] Stealth Rock
|move|p2a: Tails|Knock Off|p1a: Slowbro
|-supereffective|p1a: Slowbro
|-damage|p1a: Slowbro|216\/351 brn
|
|-damage|p1a: Slowbro|173\/351 brn|[from] brn
|turn|6
|
|move|p2a: Tails|Play Rough|p1a: Slowbro
|-damage|p1a: Slowbro|74\/351 brn
|move|p1a: Slowbro|Slack Off|p1a: Slowbro
|-heal|p1a: Slowbro|250\/351 brn
|
|-damage|p1a: Slowbro|207\/351 brn|[from] brn
|turn|7
|
|switch|p2a: WatR|Rotom-Wash, shiny|303\/303
|move|p1a: Slowbro|Psyshock|p2a: WatR
|-damage|p2a: WatR|204\/303
|
|-heal|p2a: WatR|222\/303|[from] item: Leftovers
|-damage|p1a: Slowbro|164\/351 brn|[from] brn
|turn|8
|
|switch|p1a: Rotom-Wash|Rotom-Wash|304\/304
|-damage|p1a: Rotom-Wash|266\/304|[from] Stealth Rock
|move|p2a: WatR|Volt Switch|p1a: Rotom-Wash
|-damage|p1a: Rotom-Wash|202\/304
|
|switch|p2a: Latios|Latios, M, shiny|307\/307
|
|turn|9
|
|move|p2a: Latios|Draco Meteor|p1a: Rotom-Wash
|-damage|p1a: Rotom-Wash|3\/304
|-unboost|p2a: Latios|spa|2
|-damage|p2a: Latios|277\/307|[from] item: Life Orb
|move|p1a: Rotom-Wash|Volt Switch|p2a: Latios
|-resisted|p2a: Latios
|-damage|p2a: Latios|236\/307
|
|switch|p1a: Slowbro|Slowbro-Mega, F|164\/351 brn
|-damage|p1a: Slowbro|121\/351 brn|[from] Stealth Rock
|
|-damage|p1a: Slowbro|78\/351 brn|[from] brn
|turn|10
|
|move|p2a: Latios|Draco Meteor|p1a: Slowbro
|-damage|p1a: Slowbro|0 fnt
|-unboost|p2a: Latios|spa|2
|-damage|p2a: Latios|206\/307|[from] item: Life Orb
|faint|p1a: Slowbro
|
|leave|marcusjones
|
|switch|p1a: Conkeldurr|Conkeldurr, M|330\/351
|-damage|p1a: Conkeldurr|309\/351|[from] Stealth Rock
|turn|11
|
|move|p2a: Latios|Psyshock|p1a: Conkeldurr
|-supereffective|p1a: Conkeldurr
|-damage|p1a: Conkeldurr|176\/351
|-damage|p2a: Latios|176\/307|[from] item: Life Orb
|move|p1a: Conkeldurr|Knock Off|p2a: Latios
|-supereffective|p2a: Latios
|-damage|p2a: Latios|0 fnt
|-enditem|p2a: Latios|Life Orb|[from] move: Knock Off|[of] p1a: Conkeldurr
|faint|p2a: Latios
|
|
|switch|p2a: Silver|Altaria, M, shiny|309\/309
|turn|12
|
|switch|p2a: HotnChick|Heatran, M, shiny|337\/385
|move|p1a: Conkeldurr|Ice Punch|p2a: HotnChick
|-resisted|p2a: HotnChick
|-damage|p2a: HotnChick|311\/385
|
|-heal|p2a: HotnChick|335\/385|[from] item: Leftovers
|turn|13
|
|switch|p2a: WhatIDo|Landorus-Therian, M, shiny|319\/319
|-ability|p2a: WhatIDo|Intimidate|[of] p1a: Conkeldurr
|-unboost|p1a: Conkeldurr|atk|1
|move|p1a: Conkeldurr|Mach Punch|p2a: WhatIDo
|-resisted|p2a: WhatIDo
|-damage|p2a: WhatIDo|288\/319
|
|turn|14
|
|switch|p2a: HotnChick|Heatran, M, shiny|335\/385
|switch|p1a: Klefki|Klefki, F|318\/318
|-damage|p1a: Klefki|299\/318|[from] Stealth Rock
|
|-heal|p2a: HotnChick|359\/385|[from] item: Leftovers
|turn|15
|
|move|p1a: Klefki|Light Screen|p1a: Klefki
|-sidestart|p1: Wooperstorm|move: Light Screen
|move|p2a: HotnChick|Lava Plume|p1a: Klefki
|-supereffective|p1a: Klefki
|-damage|p1a: Klefki|164\/318
|
|-heal|p2a: HotnChick|383\/385|[from] item: Leftovers
|turn|16
|
|move|p1a: Klefki|Thunder Wave|p2a: HotnChick
|-status|p2a: HotnChick|par
|move|p2a: HotnChick|Lava Plume|p1a: Klefki
|-supereffective|p1a: Klefki
|-damage|p1a: Klefki|23\/318
|
|-heal|p2a: HotnChick|385\/385 par|[from] item: Leftovers
|turn|17
|
|move|p1a: Klefki|Reflect|p1a: Klefki
|-sidestart|p1: Wooperstorm|Reflect
|move|p2a: HotnChick|Lava Plume|p1a: Klefki
|-supereffective|p1a: Klefki
|-damage|p1a: Klefki|0 fnt
|faint|p1a: Klefki
|
|
|switch|p1a: Conkeldurr|Conkeldurr, M|176\/351
|-damage|p1a: Conkeldurr|155\/351|[from] Stealth Rock
|turn|18
|
|switch|p2a: WhatIDo|Landorus-Therian, M, shiny|288\/319
|-ability|p2a: WhatIDo|Intimidate|[of] p1a: Conkeldurr
|-unboost|p1a: Conkeldurr|atk|1
|move|p1a: Conkeldurr|Drain Punch|p2a: WhatIDo
|-resisted|p2a: WhatIDo
|-damage|p2a: WhatIDo|235\/319
|-heal|p1a: Conkeldurr|182\/351|[from] drain|[of] p2a: WhatIDo
|
|turn|19
|
|switch|p2a: WatR|Rotom-Wash, shiny|222\/303
|move|p1a: Conkeldurr|Knock Off|p2a: WatR
|-crit|p2a: WatR
|-damage|p2a: WatR|88\/303
|-enditem|p2a: WatR|Leftovers|[from] move: Knock Off|[of] p1a: Conkeldurr
|
|turn|20
|
|move|p2a: WatR|Pain Split|p1a: Conkeldurr
|-sethp|p1a: Conkeldurr|135\/351|p2a: WatR|135\/303|[from] move: Pain Split
|move|p1a: Conkeldurr|Knock Off|p2a: WatR
|-damage|p2a: WatR|92\/303
|
|turn|21
|
|move|p2a: WatR|Pain Split|p1a: Conkeldurr
|-sethp|p1a: Conkeldurr|113\/351|p2a: WatR|113\/303|[from] move: Pain Split
|move|p1a: Conkeldurr|Drain Punch|p2a: WatR
|-crit|p2a: WatR
|-damage|p2a: WatR|0 fnt
|-heal|p1a: Conkeldurr|170\/351|[from] drain|[of] p2a: WatR
|faint|p2a: WatR
|
|
|switch|p2a: Silver|Altaria, M, shiny|309\/309
|turn|22
|
|detailschange|p2a: Silver|Altaria-Mega, M, shiny
|-mega|p2a: Silver|Altaria|Altarianite
|move|p2a: Silver|Frustration|p1a: Conkeldurr
|-supereffective|p1a: Conkeldurr
|-damage|p1a: Conkeldurr|0 fnt
|faint|p1a: Conkeldurr
|
|-sideend|p1: Wooperstorm|move: Light Screen
|
|switch|p1a: Ferrothorn|Ferrothorn, M, shiny|331\/331
|-damage|p1a: Ferrothorn|311\/331|[from] Stealth Rock
|turn|23
|
|switch|p2a: HotnChick|Heatran, M, shiny|385\/385 par
|move|p1a: Ferrothorn|Leech Seed|p2a: HotnChick
|-start|p2a: HotnChick|move: Leech Seed
|
|-damage|p2a: HotnChick|337\/385 par|[from] Leech Seed|[of] p1a: Ferrothorn
|-heal|p1a: Ferrothorn|331\/331|[silent]
|turn|24
|
|switch|p1a: Victini|Victini|342\/342
|-damage|p1a: Victini|257\/342|[from] Stealth Rock
|move|p2a: HotnChick|Roar|p1a: Victini
|drag|p1a: Rotom-Wash|Rotom-Wash|3\/304
|-damage|p1a: Rotom-Wash|0 fnt|[from] Stealth Rock
|faint|p1a: Rotom-Wash
|
|-heal|p2a: HotnChick|361\/385 par|[from] item: Leftovers
|-sideend|p1: Wooperstorm|Reflect
|
|switch|p1a: Victini|Victini|257\/342
|-damage|p1a: Victini|172\/342|[from] Stealth Rock
|turn|25
|
|switch|p2a: WhatIDo|Landorus-Therian, M, shiny|235\/319
|-ability|p2a: WhatIDo|Intimidate|[of] p1a: Victini
|-unboost|p1a: Victini|atk|1
|move|p1a: Victini|Zen Headbutt|p2a: WhatIDo
|-damage|p2a: WhatIDo|115\/319
|
|turn|26
|
|move|p2a: WhatIDo|Knock Off|p1a: Victini
|-supereffective|p1a: Victini
|-damage|p1a: Victini|0 fnt
|-enditem|p1a: Victini|Choice Band|[from] move: Knock Off|[of] p2a: WhatIDo
|faint|p1a: Victini
|
|
|switch|p1a: Ferrothorn|Ferrothorn, M, shiny|331\/331
|-damage|p1a: Ferrothorn|311\/331|[from] Stealth Rock
|turn|27
|
|move|p2a: WhatIDo|Knock Off|p1a: Ferrothorn
|-damage|p1a: Ferrothorn|215\/331
|-damage|p2a: WhatIDo|76\/319|[from] ability: Iron Barbs|[of] p1a: Ferrothorn
|-enditem|p1a: Ferrothorn|Shed Shell|[from] move: Knock Off|[of] p2a: WhatIDo
|move|p1a: Ferrothorn|Gyro Ball|p2a: WhatIDo
|-damage|p2a: WhatIDo|0 fnt
|faint|p2a: WhatIDo
|
|
|switch|p2a: HotnChick|Heatran, M, shiny|361\/385 par
|turn|28
|
|cant|p2a: HotnChick|par
|move|p1a: Ferrothorn|Power Whip|p2a: HotnChick
|-resisted|p2a: HotnChick
|-damage|p2a: HotnChick|328\/385 par
|
|-heal|p2a: HotnChick|352\/385 par|[from] item: Leftovers
|turn|29
|
|move|p2a: HotnChick|Lava Plume|p1a: Ferrothorn
|-crit|p1a: Ferrothorn
|-supereffective|p1a: Ferrothorn
|-damage|p1a: Ferrothorn|0 fnt
|faint|p1a: Ferrothorn
|
|win|LMay
|raw|Ladder updating...
|c|âWooperstorm|gg