|join|DoughBoy
|join|Sharpteeth
|player|p1|DoughBoy|1
|player|p2|Sharpteeth|226
|gametype|singles
|gen|6
|tier|OU
|rated
|clearpoke
|poke|p1|Garchomp, M
|poke|p1|Bisharp, F
|poke|p1|Greninja, M
|poke|p1|Starmie
|poke|p1|Talonflame, F
|poke|p1|Pinsir, M
|poke|p2|Weavile, M
|poke|p2|Azelf
|poke|p2|Skarmory, M
|poke|p2|Pinsir, M
|poke|p2|Raikou
|poke|p2|Garchomp, F
|rule|Swagger Clause: Swagger is banned
|rule|Baton Pass Clause: Limit one PokÃ©mon knowing Baton Pass
|rule|Sleep Clause Mod: Limit one foe put to sleep
|rule|Species Clause: Limit one of each PokÃ©mon
|rule|OHKO Clause: OHKO moves are banned
|rule|Moody Clause: Moody is banned
|rule|Evasion Moves Clause: Evasion moves are banned
|rule|Endless Battle Clause: Forcing endless battles is banned
|rule|HP Percentage Mod: HP is shown in percentages
|teampreview
|c|âDoughBoy|hello sharpteeth
|
|start
|switch|p1a: Bisharp|Bisharp, F|287\/287
|switch|p2a: Trash Talker|Azelf|291\/291
|turn|1
|c|âSharpteeth|hi
|
|move|p2a: Trash Talker|Taunt|p1a: Bisharp
|-start|p1a: Bisharp|move: Taunt
|move|p1a: Bisharp|Knock Off|p2a: Trash Talker
|-supereffective|p2a: Trash Talker
|-enditem|p2a: Trash Talker|Focus Sash
|-damage|p2a: Trash Talker|1\/291
|
|turn|2
|
|move|p2a: Trash Talker|Stealth Rock|p1a: Bisharp
|-sidestart|p1: DoughBoy|move: Stealth Rock
|move|p1a: Bisharp|Knock Off|p2a: Trash Talker
|-crit|p2a: Trash Talker
|-supereffective|p2a: Trash Talker
|-damage|p2a: Trash Talker|0 fnt
|faint|p2a: Trash Talker
|
|
|switch|p2a: Hot Stove|Garchomp, F|420\/420
|turn|3
|
|move|p2a: Hot Stove|Earthquake|p1a: Bisharp
|-supereffective|p1a: Bisharp
|-damage|p1a: Bisharp|17\/287
|move|p1a: Bisharp|Knock Off|p2a: Hot Stove
|-damage|p2a: Hot Stove|273\/420
|-damage|p1a: Bisharp|0 fnt|[from] ability: Rough Skin|[of] p2a: Hot Stove
|faint|p1a: Bisharp
|
|c|âDoughBoy|no item?
|
|switch|p1a: Starmie|Starmie|261\/261
|-damage|p1a: Starmie|229\/261|[from] Stealth Rock
|turn|4
|
|move|p1a: Starmie|Rapid Spin|p2a: Hot Stove
|-damage|p2a: Hot Stove|263\/420
|-damage|p1a: Starmie|197\/261|[from] ability: Rough Skin|[of] p2a: Hot Stove
|-damage|p1a: Starmie|154\/261|[from] item: Rocky Helmet|[of] p2a: Hot Stove
|-sideend|p1: DoughBoy|Stealth Rock|[from] move: Rapid Spin|[of] p1a: Starmie
|-damage|p1a: Starmie|128\/261|[from] item: Life Orb
|move|p2a: Hot Stove|Earthquake|p1a: Starmie
|-damage|p1a: Starmie|0 fnt
|faint|p1a: Starmie
|
|c|âSharpteeth|knock off doesn't work if you die from the recoil
|c|âDoughBoy|yeah yeah just like spin
|
|switch|p1a: Greninja|Greninja, M|285\/285
|turn|5
|
|switch|p2a: Phone Charger|Raikou|322\/322
|-ability|p2a: Phone Charger|Pressure
|move|p1a: Greninja|Ice Beam|p2a: Phone Charger
|-start|p1a: Greninja|typechange|Ice|[from] Protean
|-damage|p2a: Phone Charger|193\/322
|-status|p2a: Phone Charger|frz
|-damage|p1a: Greninja|257\/285|[from] item: Life Orb
|
|turn|6
|
|move|p1a: Greninja|Hydro Pump|p2a: Phone Charger|[miss]
|-start|p1a: Greninja|typechange|Water|[from] Protean
|-miss|p1a: Greninja|p2a: Phone Charger
|cant|p2a: Phone Charger|frz
|
|turn|7
|
|move|p1a: Greninja|Hydro Pump|p2a: Phone Charger
|-crit|p2a: Phone Charger
|-damage|p2a: Phone Charger|0 fnt
|-damage|p1a: Greninja|229\/285|[from] item: Life Orb
|faint|p2a: Phone Charger
|
|
|switch|p2a: Panic Button|Skarmory, M|334\/334
|turn|8
|c|âDoughBoy|hax strikes back
|
|move|p1a: Greninja|Ice Beam|p2a: Panic Button
|-start|p1a: Greninja|typechange|Ice|[from] Protean
|-damage|p2a: Panic Button|96\/334
|-enditem|p2a: Panic Button|Red Card|[of] p1a: Greninja
|drag|p1a: Pinsir|Pinsir, M|271\/271
|move|p2a: Panic Button|Stealth Rock|p1a: Pinsir
|-sidestart|p1: DoughBoy|move: Stealth Rock
|
|turn|9
|
|detailschange|p1a: Pinsir|Pinsir-Mega, M
|message|Pinsir has Mega Evolved into Mega Pinsir!
|move|p1a: Pinsir|Close Combat|p2a: Panic Button
|-damage|p2a: Panic Button|0 fnt
|-unboost|p1a: Pinsir|def|1
|-unboost|p1a: Pinsir|spd|1
|faint|p2a: Panic Button
|
|
|switch|p2a: Broom Head|Weavile, M|282\/282
|-ability|p2a: Broom Head|Pressure
|turn|10
|
|switch|p2a: Hot Stove|Garchomp, F|263\/420
|switch|p1a: Greninja|Greninja, M|229\/285
|-damage|p1a: Greninja|194\/285|[from] Stealth Rock
|
|turn|11
|
|switch|p2a: Broom Head|Weavile, M|282\/282
|-ability|p2a: Broom Head|Pressure
|move|p1a: Greninja|Hydro Pump|p2a: Broom Head
|-start|p1a: Greninja|typechange|Water|[from] Protean
|-damage|p2a: Broom Head|47\/282
|-damage|p1a: Greninja|166\/285|[from] item: Life Orb
|
|turn|12
|
|switch|p1a: Garchomp|Garchomp, M|357\/357
|-damage|p1a: Garchomp|335\/357|[from] Stealth Rock
|move|p2a: Broom Head|Knock Off|p1a: Garchomp
|-damage|p1a: Garchomp|109\/357
|-damage|p2a: Broom Head|12\/282|[from] ability: Rough Skin|[of] p1a: Garchomp
|-damage|p2a: Broom Head|0 fnt|[from] item: Rocky Helmet|[of] p1a: Garchomp
|faint|p2a: Broom Head
|
|
|switch|p2a: Tweezers|Pinsir, M|271\/271
|turn|13
|
|detailschange|p2a: Tweezers|Pinsir-Mega, M
|message|Pinsir has Mega Evolved into Mega Pinsir!
|move|p1a: Garchomp|Outrage|p2a: Tweezers
|-damage|p2a: Tweezers|90\/271
|move|p2a: Tweezers|Frustration|p1a: Garchomp
|-damage|p1a: Garchomp|0 fnt
|-damage|p2a: Tweezers|57\/271|[from] ability: Rough Skin|[of] p1a: Garchomp
|-damage|p2a: Tweezers|12\/271|[from] item: Rocky Helmet|[of] p1a: Garchomp
|faint|p1a: Garchomp
|
|
|switch|p1a: Talonflame|Talonflame, F|297\/297
|-damage|p1a: Talonflame|149\/297|[from] Stealth Rock
|turn|14
|
|move|p1a: Talonflame|Brave Bird|p2a: Tweezers
|-supereffective|p2a: Tweezers
|-damage|p2a: Tweezers|0 fnt
|-damage|p1a: Talonflame|145\/297|[from] recoil|[of] p2a: Tweezers
|faint|p2a: Tweezers
|
|
|switch|p2a: Hot Stove|Garchomp, F|263\/420
|turn|15
|
|move|p1a: Talonflame|Brave Bird|p2a: Hot Stove
|-damage|p2a: Hot Stove|157\/420
|-damage|p1a: Talonflame|108\/297|[from] ability: Rough Skin|[of] p2a: Hot Stove
|-damage|p1a: Talonflame|59\/297|[from] item: Rocky Helmet|[of] p2a: Hot Stove
|-damage|p1a: Talonflame|24\/297|[from] recoil|[of] p2a: Hot Stove
|-enditem|p1a: Talonflame|Salac Berry|[eat]
|-boost|p1a: Talonflame|spe|1|[from] item: Salac Berry
|move|p2a: Hot Stove|Dragon Tail|p1a: Talonflame
|-damage|p1a: Talonflame|0 fnt
|faint|p1a: Talonflame
|
|
|switch|p1a: Greninja|Greninja, M|166\/285
|-damage|p1a: Greninja|131\/285|[from] Stealth Rock
|turn|16
|c|âSharpteeth|gg
|
|move|p1a: Greninja|Ice Beam|p2a: Hot Stove
|-start|p1a: Greninja|typechange|Ice|[from] Protean
|-supereffective|p2a: Hot Stove
|-damage|p2a: Hot Stove|0 fnt
|-damage|p1a: Greninja|103\/285|[from] item: Life Orb
|faint|p2a: Hot Stove
|
|win|DoughBoy
|raw|Ladder updating...
|c|âDoughBoy|gg
|leave|Sharpteeth
|player|p2
|raw|Ladder (probably) updated, but score could not be retrieved (timeout).
|raw|Ladder (probably) updated, but score could not be retrieved (Error: socket hang up).