|join|Sharpteeth
|join|lil manaphy
|player|p1|Sharpteeth|1
|player|p2|lil manaphy|272
|gametype|singles
|gen|6
|tier|OU
|rated
|clearpoke
|poke|p1|Weavile, M
|poke|p1|Diancie
|poke|p1|Skarmory, M
|poke|p1|Latias, F
|poke|p1|Magnezone
|poke|p1|Garchomp, F
|poke|p2|Gardevoir, F
|poke|p2|Keldeo-Resolute
|poke|p2|Chansey, F
|poke|p2|Mandibuzz, F
|poke|p2|Amoonguss, F
|poke|p2|Landorus-Therian, M
|rule|Swagger Clause: Swagger is banned
|rule|Baton Pass Clause: Limit one PokÃ©mon knowing Baton Pass
|rule|Sleep Clause Mod: Limit one foe put to sleep
|rule|Species Clause: Limit one of each PokÃ©mon
|rule|OHKO Clause: OHKO moves are banned
|rule|Moody Clause: Moody is banned
|rule|Evasion Moves Clause: Evasion moves are banned
|rule|Endless Battle Clause: Forcing endless battles is banned
|rule|HP Percentage Mod: HP is shown in percentages
|teampreview
|c|âSharpteeth|gl
|
|start
|switch|p1a: Panic Button|Skarmory, M|334\/334
|switch|p2a: Gardevoir|Gardevoir, F|277\/277
|-ability|p2a: Gardevoir|Sturdy|[from] ability: Trace|[of] p1a: Panic Button
|turn|1
|c|âlil manaphy|leave me and my family alone
|
|detailschange|p2a: Gardevoir|Gardevoir-Mega, F
|-mega|p2a: Gardevoir|Gardevoir|Gardevoirite
|move|p2a: Gardevoir|Taunt|p1a: Panic Button
|-start|p1a: Panic Button|move: Taunt
|cant|p1a: Panic Button|move: Taunt|Stealth Rock
|
|turn|2
|
|switch|p1a: Tinfoil Hat|Magnezone|319\/319
|move|p2a: Gardevoir|Hyper Voice|p1a: Tinfoil Hat
|-resisted|p1a: Tinfoil Hat
|-damage|p1a: Tinfoil Hat|188\/319
|
|turn|3
|
|switch|p2a: Landorus-Therian|Landorus-Therian, M|382\/382
|-ability|p2a: Landorus-Therian|Intimidate|[of] p1a: Tinfoil Hat
|-unboost|p1a: Tinfoil Hat|atk|1
|move|p1a: Tinfoil Hat|Volt Switch|p2a: Landorus-Therian
|-immune|p2a: Landorus-Therian|[msg]
|
|turn|4
|
|switch|p1a: Panic Button|Skarmory, M|334\/334
|move|p2a: Landorus-Therian|U-turn|p1a: Panic Button
|-resisted|p1a: Panic Button
|-damage|p1a: Panic Button|320\/334
|-enditem|p1a: Panic Button|Red Card|[of] p2a: Landorus-Therian
|drag|p2a: Amoonguss|Amoonguss, F|432\/432
|
|turn|5
|
|switch|p2a: Gardevoir|Gardevoir-Mega, F|277\/277
|move|p1a: Panic Button|Stealth Rock|p2a: Gardevoir
|-sidestart|p2: lil manaphy|move: Stealth Rock
|
|turn|6
|
|switch|p1a: Tinfoil Hat|Magnezone|188\/319
|move|p2a: Gardevoir|Hyper Voice|p1a: Tinfoil Hat
|-resisted|p1a: Tinfoil Hat
|-damage|p1a: Tinfoil Hat|44\/319
|
|turn|7
|
|move|p2a: Gardevoir|Hyper Voice|p1a: Tinfoil Hat
|-resisted|p1a: Tinfoil Hat
|-damage|p1a: Tinfoil Hat|0 fnt
|faint|p1a: Tinfoil Hat
|
|
|switch|p1a: Garden Gnome|Diancie|241\/241
|turn|8
|
|switch|p2a: Amoonguss|Amoonguss, F|432\/432
|-damage|p2a: Amoonguss|378\/432|[from] Stealth Rock
|move|p1a: Garden Gnome|Diamond Storm|p2a: Amoonguss
|-crit|p2a: Amoonguss
|-damage|p2a: Amoonguss|227\/432
|
|-heal|p2a: Amoonguss|254\/432|[from] item: Black Sludge
|turn|9
|
|switch|p1a: Panic Button|Skarmory, M|320\/334
|move|p2a: Amoonguss|Giga Drain|p1a: Panic Button
|-resisted|p1a: Panic Button
|-damage|p1a: Panic Button|295\/334
|-heal|p2a: Amoonguss|267\/432|[from] drain|[of] p1a: Panic Button
|
|-heal|p2a: Amoonguss|294\/432|[from] item: Black Sludge
|turn|10
|
|switch|p2a: Keldeo-Resolute|Keldeo-Resolute|323\/323
|-damage|p2a: Keldeo-Resolute|303\/323|[from] Stealth Rock
|move|p1a: Panic Button|Spikes|p2a: Keldeo-Resolute
|-sidestart|p2: lil manaphy|Spikes
|
|-heal|p2a: Keldeo-Resolute|323\/323|[from] item: Leftovers
|turn|11
|
|move|p2a: Keldeo-Resolute|Scald|p1a: Panic Button
|-damage|p1a: Panic Button|96\/334
|move|p1a: Panic Button|Drill Peck|p2a: Keldeo-Resolute
|-supereffective|p2a: Keldeo-Resolute
|-damage|p2a: Keldeo-Resolute|161\/323
|
|-heal|p2a: Keldeo-Resolute|181\/323|[from] item: Leftovers
|turn|12
|
|move|p2a: Keldeo-Resolute|Scald|p1a: Panic Button
|-damage|p1a: Panic Button|0 fnt
|faint|p1a: Panic Button
|
|-heal|p2a: Keldeo-Resolute|201\/323|[from] item: Leftovers
|
|switch|p1a: Garden Gnome|Diancie|241\/241
|turn|13
|
|switch|p2a: Amoonguss|Amoonguss, F|432\/432
|-damage|p2a: Amoonguss|378\/432|[from] Stealth Rock
|-damage|p2a: Amoonguss|324\/432|[from] Spikes
|detailschange|p1a: Garden Gnome|Diancie-Mega
|-mega|p1a: Garden Gnome|Diancie|Diancite
|move|p1a: Garden Gnome|Moonblast|p2a: Amoonguss
|-resisted|p2a: Amoonguss
|-damage|p2a: Amoonguss|213\/432
|
|-heal|p2a: Amoonguss|240\/432|[from] item: Black Sludge
|turn|14
|
|switch|p1a: Broom Head|Weavile, M|282\/282
|-ability|p1a: Broom Head|Pressure
|move|p2a: Amoonguss|Giga Drain|p1a: Broom Head
|-damage|p1a: Broom Head|192\/282
|-heal|p2a: Amoonguss|285\/432|[from] drain|[of] p1a: Broom Head
|
|-heal|p2a: Amoonguss|312\/432|[from] item: Black Sludge
|turn|15
|
|move|p1a: Broom Head|Icicle Crash|p2a: Amoonguss
|-supereffective|p2a: Amoonguss
|-damage|p2a: Amoonguss|0 fnt
|-damage|p1a: Broom Head|164\/282|[from] item: Life Orb
|faint|p2a: Amoonguss
|
|join|SerebiiRules
|
|switch|p2a: Mandibuzz|Mandibuzz, F|424\/424
|-damage|p2a: Mandibuzz|318\/424|[from] Stealth Rock
|turn|16
|
|move|p1a: Broom Head|Icicle Crash|p2a: Mandibuzz
|-supereffective|p2a: Mandibuzz
|-damage|p2a: Mandibuzz|42\/424
|-damage|p1a: Broom Head|136\/282|[from] item: Life Orb
|move|p2a: Mandibuzz|Defog|p1a: Broom Head
|-unboost|p1a: Broom Head|evasion|1
|-sideend|p2: lil manaphy|Spikes|[from] move: Defog|[of] p2a: Mandibuzz
|-sideend|p2: lil manaphy|Stealth Rock|[from] move: Defog|[of] p2a: Mandibuzz
|
|-heal|p2a: Mandibuzz|68\/424|[from] item: Leftovers
|turn|17
|
|move|p1a: Broom Head|Icicle Crash|p2a: Mandibuzz
|-supereffective|p2a: Mandibuzz
|-damage|p2a: Mandibuzz|0 fnt
|-damage|p1a: Broom Head|108\/282|[from] item: Life Orb
|faint|p2a: Mandibuzz
|
|
|switch|p2a: Keldeo-Resolute|Keldeo-Resolute|201\/323
|turn|18
|
|switch|p1a: Hot Stove|Garchomp, F|420\/420
|move|p2a: Keldeo-Resolute|Scald|p1a: Hot Stove
|-damage|p1a: Hot Stove|246\/420
|
|-heal|p2a: Keldeo-Resolute|221\/323|[from] item: Leftovers
|turn|19
|
|switch|p2a: Gardevoir|Gardevoir-Mega, F|277\/277
|move|p1a: Hot Stove|Stealth Rock|p2a: Gardevoir
|-sidestart|p2: lil manaphy|move: Stealth Rock
|
|turn|20
|
|move|p2a: Gardevoir|Hyper Voice|p1a: Hot Stove
|-supereffective|p1a: Hot Stove
|-damage|p1a: Hot Stove|0 fnt
|faint|p1a: Hot Stove
|
|
|switch|p1a: Garden Gnome|Diancie-Mega|241\/241
|turn|21
|
|move|p1a: Garden Gnome|Diamond Storm|p2a: Gardevoir
|-damage|p2a: Gardevoir|33\/277
|move|p2a: Gardevoir|Hyper Voice|p1a: Garden Gnome
|-damage|p1a: Garden Gnome|0 fnt
|faint|p1a: Garden Gnome
|
|
|switch|p1a: Broom Head|Weavile, M|108\/282
|-ability|p1a: Broom Head|Pressure
|turn|22
|
|move|p1a: Broom Head|Knock Off|p2a: Gardevoir
|-damage|p2a: Gardevoir|0 fnt
|-damage|p1a: Broom Head|80\/282|[from] item: Life Orb
|faint|p2a: Gardevoir
|
|
|switch|p2a: Landorus-Therian|Landorus-Therian, M|382\/382
|-damage|p2a: Landorus-Therian|335\/382|[from] Stealth Rock
|-ability|p2a: Landorus-Therian|Intimidate|[of] p1a: Broom Head
|-unboost|p1a: Broom Head|atk|1
|turn|23
|
|move|p1a: Broom Head|Icicle Crash|p2a: Landorus-Therian
|-supereffective|p2a: Landorus-Therian
|-damage|p2a: Landorus-Therian|0 fnt
|-damage|p1a: Broom Head|52\/282|[from] item: Life Orb
|faint|p2a: Landorus-Therian
|
|
|switch|p2a: Keldeo-Resolute|Keldeo-Resolute|221\/323
|-damage|p2a: Keldeo-Resolute|201\/323|[from] Stealth Rock
|turn|24
|
|switch|p1a: Rubber Duck|Latias, F|344\/344
|move|p2a: Keldeo-Resolute|Scald|p1a: Rubber Duck
|-resisted|p1a: Rubber Duck
|-damage|p1a: Rubber Duck|284\/344
|-status|p1a: Rubber Duck|brn
|
|-heal|p1a: Rubber Duck|305\/344 brn|[from] item: Leftovers
|-heal|p2a: Keldeo-Resolute|221\/323|[from] item: Leftovers
|-damage|p1a: Rubber Duck|262\/344 brn|[from] brn
|turn|25
|
|switch|p2a: Chansey|Chansey, F|703\/703
|-damage|p2a: Chansey|616\/703|[from] Stealth Rock
|move|p1a: Rubber Duck|Healing Wish|p1a: Rubber Duck
|faint|p1a: Rubber Duck
|
|
|switch|p1a: Broom Head|Weavile, M|52\/282
|-heal|p1a: Broom Head|282\/282|[from] move: Healing Wish
|-ability|p1a: Broom Head|Pressure
|turn|26
|
|move|p1a: Broom Head|Icicle Crash|p2a: Chansey
|-damage|p2a: Chansey|350\/703
|-damage|p1a: Broom Head|254\/282|[from] item: Life Orb
|move|p2a: Chansey|Seismic Toss|p1a: Broom Head
|-damage|p1a: Broom Head|154\/282
|
|turn|27
|
|move|p1a: Broom Head|Knock Off|p2a: Chansey
|-damage|p2a: Chansey|76\/703
|-enditem|p2a: Chansey|Eviolite|[from] move: Knock Off|[of] p1a: Broom Head
|-damage|p1a: Broom Head|126\/282|[from] item: Life Orb
|move|p2a: Chansey|Soft-Boiled|p2a: Chansey
|-heal|p2a: Chansey|428\/703
|
|turn|28
|
|move|p1a: Broom Head|Low Kick|p2a: Chansey
|-supereffective|p2a: Chansey
|-damage|p2a: Chansey|106\/703
|-damage|p1a: Broom Head|98\/282|[from] item: Life Orb
|move|p2a: Chansey|Seismic Toss|p1a: Broom Head
|-damage|p1a: Broom Head|0 fnt
|faint|p1a: Broom Head
|
|win|lil manaphy
|raw|Ladder updating...
|c|âlil manaphy|gg
|raw|Sharpteeth's rating: 1676 &rarr; <strong>1665<\/strong><br \/>(-11 for losing)
|raw|lil manaphy's rating: 1840 &rarr; <strong>1851<\/strong><br \/>(+11 for winning)