|join|Sharpteeth
|join|Reverend
|player|p1|Sharpteeth|1
|player|p2|Reverend|135
|gametype|singles
|gen|6
|tier|OU
|rated
|clearpoke
|poke|p1|Scizor, M
|poke|p1|Clefable, F
|poke|p1|Dugtrio, M
|poke|p1|Latias, F
|poke|p1|Tornadus-Therian, M
|poke|p1|Heatran, M
|poke|p2|Scizor, M
|poke|p2|Manaphy
|poke|p2|Thundurus, M
|poke|p2|Landorus-Therian, M
|poke|p2|Cobalion
|poke|p2|Latios, M
|rule|Swagger Clause: Swagger is banned
|rule|Baton Pass Clause: Limit one PokÃ©mon knowing Baton Pass
|rule|Sleep Clause Mod: Limit one foe put to sleep
|rule|Species Clause: Limit one of each PokÃ©mon
|rule|OHKO Clause: OHKO moves are banned
|rule|Moody Clause: Moody is banned
|rule|Evasion Moves Clause: Evasion moves are banned
|rule|Endless Battle Clause: Forcing endless battles is banned
|rule|HP Percentage Mod: HP is shown in percentages
|teampreview
|c|âReverend|oh shit
|c|âReverend|you're that guy
|join|rbs battle
|
|start
|switch|p1a: Tornadus-Therian|Tornadus-Therian, M|323\/323
|switch|p2a: Dan Castellaneta|Thundurus, M|299\/299
|turn|1
|
|move|p2a: Dan Castellaneta|Thunder Wave|p1a: Tornadus-Therian
|-status|p1a: Tornadus-Therian|par
|move|p1a: Tornadus-Therian|Knock Off|p2a: Dan Castellaneta
|-damage|p2a: Dan Castellaneta|196\/299
|-enditem|p2a: Dan Castellaneta|Leftovers|[from] move: Knock Off|[of] p1a: Tornadus-Therian
|
|turn|2
|
|move|p2a: Dan Castellaneta|Volt Switch|p1a: Tornadus-Therian
|-supereffective|p1a: Tornadus-Therian
|-damage|p1a: Tornadus-Therian|147\/323 par
|
|switch|p2a: no aegislash pls|Latios, M|301\/301
|move|p1a: Tornadus-Therian|U-turn|p2a: no aegislash pls
|-supereffective|p2a: no aegislash pls
|-damage|p2a: no aegislash pls|179\/301
|
|switch|p1a: Clefable|Clefable, F|394\/394
|
|turn|3
|
|move|p2a: no aegislash pls|Trick|p1a: Clefable
|-activate|p2a: no aegislash pls|move: Trick|[of] p1a: Clefable
|-item|p1a: Clefable|Choice Scarf|[from] move: Trick
|-item|p2a: no aegislash pls|Leftovers|[from] move: Trick
|move|p1a: Clefable|Moonblast|p2a: no aegislash pls
|-supereffective|p2a: no aegislash pls
|-damage|p2a: no aegislash pls|0 fnt
|faint|p2a: no aegislash pls
|
|join|Churmp Eevee
|
|switch|p2a: dick nose|Landorus-Therian, M|381\/381
|-ability|p2a: dick nose|Intimidate|[of] p1a: Clefable
|-unboost|p1a: Clefable|atk|1
|turn|4
|
|move|p1a: Clefable|Moonblast|p2a: dick nose
|-damage|p2a: dick nose|245\/381
|move|p2a: dick nose|Stealth Rock|p1a: Clefable
|-sidestart|p1: Sharpteeth|move: Stealth Rock
|
|-heal|p2a: dick nose|268\/381|[from] item: Leftovers
|turn|5
|c| Churmp Eevee|âReverend: oh shit
|c| Churmp Eevee|âReverend: you're that guy
|
|move|p1a: Clefable|Moonblast|p2a: dick nose
|-damage|p2a: dick nose|141\/381
|move|p2a: dick nose|U-turn|p1a: Clefable
|-resisted|p1a: Clefable
|-damage|p1a: Clefable|361\/394
|c| Churmp Eevee|LOL
|c|âReverend|2fast2quick
|join|JustB1az3
|
|switch|p2a: Scissor Man|Scizor, M|291\/291
|
|turn|6
|
|switch|p1a: Heatran|Heatran, M|324\/324
|-damage|p1a: Heatran|284\/324|[from] Stealth Rock
|-item|p1a: Heatran|Air Balloon
|detailschange|p2a: Scissor Man|Scizor-Mega, M
|-mega|p2a: Scissor Man|Scizor|Scizorite
|move|p2a: Scissor Man|Bullet Punch|p1a: Heatran
|-resisted|p1a: Heatran
|-damage|p1a: Heatran|254\/324
|-enditem|p1a: Heatran|Air Balloon
|
|turn|7
|
|switch|p1a: Latias|Latias, F|344\/344
|-damage|p1a: Latias|301\/344|[from] Stealth Rock
|move|p2a: Scissor Man|Superpower|p1a: Latias
|-resisted|p1a: Latias
|-damage|p1a: Latias|214\/344
|-unboost|p2a: Scissor Man|atk|1
|-unboost|p2a: Scissor Man|def|1
|
|-heal|p1a: Latias|235\/344|[from] item: Leftovers
|turn|8
|
|move|p1a: Latias|Defog|p2a: Scissor Man
|-unboost|p2a: Scissor Man|evasion|1
|-sideend|p1: Sharpteeth|Stealth Rock|[from] move: Defog|[of] p1a: Latias
|move|p2a: Scissor Man|Bug Bite|p1a: Latias
|-crit|p1a: Latias
|-supereffective|p1a: Latias
|-damage|p1a: Latias|0 fnt
|faint|p1a: Latias
|
|join|been gone too long
|
|switch|p1a: Heatran|Heatran, M|254\/324
|turn|9
|
|switch|p2a: Caution Sea Man|Manaphy|351\/351
|move|p1a: Heatran|Fire Blast|p2a: Caution Sea Man
|-resisted|p2a: Caution Sea Man
|-damage|p2a: Caution Sea Man|249\/351
|
|-heal|p2a: Caution Sea Man|270\/351|[from] item: Leftovers
|turn|10
|
|move|p2a: Caution Sea Man|Scald|p1a: Heatran
|-supereffective|p1a: Heatran
|-damage|p1a: Heatran|18\/324
|move|p1a: Heatran|Taunt|p2a: Caution Sea Man
|-start|p2a: Caution Sea Man|move: Taunt
|
|-heal|p2a: Caution Sea Man|291\/351|[from] item: Leftovers
|turn|11
|
|move|p2a: Caution Sea Man|Scald|p1a: Heatran
|-supereffective|p1a: Heatran
|-damage|p1a: Heatran|0 fnt
|faint|p1a: Heatran
|
|-heal|p2a: Caution Sea Man|312\/351|[from] item: Leftovers
|
|switch|p1a: Dugtrio|Dugtrio, M|201\/201
|turn|12
|
|move|p1a: Dugtrio|Earthquake|p2a: Caution Sea Man
|-damage|p2a: Caution Sea Man|180\/351
|move|p2a: Caution Sea Man|Scald|p1a: Dugtrio
|-supereffective|p1a: Dugtrio
|-enditem|p1a: Dugtrio|Focus Sash
|-damage|p1a: Dugtrio|1\/201
|
|-heal|p2a: Caution Sea Man|201\/351|[from] item: Leftovers
|turn|13
|c|âReverend|dugtrio is so weak :(
|
|move|p1a: Dugtrio|Reversal|p2a: Caution Sea Man
|-damage|p2a: Caution Sea Man|29\/351
|move|p2a: Caution Sea Man|Scald|p1a: Dugtrio
|-crit|p1a: Dugtrio
|-supereffective|p1a: Dugtrio
|-damage|p1a: Dugtrio|0 fnt
|faint|p1a: Dugtrio
|
|-heal|p2a: Caution Sea Man|50\/351|[from] item: Leftovers
|-end|p2a: Caution Sea Man|move: Taunt
|
|switch|p1a: Scizor|Scizor, M|343\/343
|turn|14
|
|detailschange|p1a: Scizor|Scizor-Mega, M
|-mega|p1a: Scizor|Scizor|Scizorite
|move|p1a: Scizor|Bullet Punch|p2a: Caution Sea Man
|-crit|p2a: Caution Sea Man
|-resisted|p2a: Caution Sea Man
|-damage|p2a: Caution Sea Man|0 fnt
|faint|p2a: Caution Sea Man
|
|
|switch|p2a: Dan Castellaneta|Thundurus, M|196\/299
|turn|15
|
|switch|p1a: Tornadus-Therian|Tornadus-Therian, M|254\/323 par
|move|p2a: Dan Castellaneta|Taunt|p1a: Tornadus-Therian
|-start|p1a: Tornadus-Therian|move: Taunt
|
|turn|16
|
|move|p2a: Dan Castellaneta|Volt Switch|p1a: Tornadus-Therian
|-supereffective|p1a: Tornadus-Therian
|-damage|p1a: Tornadus-Therian|66\/323 par
|join|Fabio96
|leave|Fabio96
|
|switch|p2a: dick nose|Landorus-Therian, M|141\/381
|-ability|p2a: dick nose|Intimidate|[of] p1a: Tornadus-Therian
|-unboost|p1a: Tornadus-Therian|atk|1
|cant|p1a: Tornadus-Therian|par
|
|-heal|p2a: dick nose|164\/381|[from] item: Leftovers
|turn|17
|leave|JustB1az3
|
|move|p2a: dick nose|Stealth Rock|p1a: Tornadus-Therian
|-sidestart|p1: Sharpteeth|move: Stealth Rock
|cant|p1a: Tornadus-Therian|par
|
|-heal|p2a: dick nose|187\/381|[from] item: Leftovers
|turn|18
|
|move|p2a: dick nose|Stealth Rock|p1a: Tornadus-Therian
|-fail|p1a: Tornadus-Therian
|cant|p1a: Tornadus-Therian|par
|
|-heal|p2a: dick nose|210\/381|[from] item: Leftovers
|-end|p1a: Tornadus-Therian|move: Taunt
|turn|19
|c|âReverend|good lord
|
|move|p2a: dick nose|Stealth Rock|p1a: Tornadus-Therian
|-fail|p1a: Tornadus-Therian
|move|p1a: Tornadus-Therian|Hurricane|p2a: dick nose
|-damage|p2a: dick nose|23\/381
|
|-heal|p2a: dick nose|46\/381|[from] item: Leftovers
|turn|20
|
|move|p2a: dick nose|Rock Tomb|p1a: Tornadus-Therian
|-supereffective|p1a: Tornadus-Therian
|-damage|p1a: Tornadus-Therian|0 fnt
|faint|p1a: Tornadus-Therian
|
|-heal|p2a: dick nose|69\/381|[from] item: Leftovers
|c| Churmp Eevee|i feel you
|c| Churmp Eevee|lol
|
|switch|p1a: Scizor|Scizor-Mega, M|343\/343
|-damage|p1a: Scizor|301\/343|[from] Stealth Rock
|turn|21
|
|switch|p2a: Dan Castellaneta|Thundurus, M|196\/299
|move|p1a: Scizor|Swords Dance|p1a: Scizor
|-boost|p1a: Scizor|atk|2
|
|turn|22
|
|move|p2a: Dan Castellaneta|Taunt|p1a: Scizor
|-start|p1a: Scizor|move: Taunt
|move|p1a: Scizor|Knock Off|p2a: Dan Castellaneta
|-damage|p2a: Dan Castellaneta|0 fnt
|faint|p2a: Dan Castellaneta
|
|
|switch|p2a: dick nose|Landorus-Therian, M|69\/381
|-ability|p2a: dick nose|Intimidate|[of] p1a: Scizor
|-unboost|p1a: Scizor|atk|1
|turn|23
|c| Churmp Eevee|if my opponent doesn't have a diance or heatran i get no usage out of dugtrio
|
|switch|p2a: Salvador|Cobalion|358\/358
|move|p1a: Scizor|Bullet Punch|p2a: Salvador
|-resisted|p2a: Salvador
|-damage|p2a: Salvador|299\/358
|
|-heal|p2a: Salvador|321\/358|[from] item: Leftovers
|turn|24
|c|âReverend|yeah I've been using one on a mega pidgeot team
|c| Churmp Eevee|actually i use it to beat lopunnys
|c| Churmp Eevee|sometiems
|c|âReverend|with memento it can at least do something somtimes
|
|switch|p1a: Clefable|Clefable, F|361\/394
|move|p2a: Salvador|Close Combat|p1a: Clefable
|-crit|p1a: Clefable
|-resisted|p1a: Clefable
|-damage|p1a: Clefable|257\/394
|-unboost|p2a: Salvador|def|1
|-unboost|p2a: Salvador|spd|1
|
|-heal|p2a: Salvador|343\/358|[from] item: Leftovers
|turn|25
|c| Churmp Eevee|lol yeah
|
|move|p2a: Salvador|Volt Switch|p1a: Clefable
|-damage|p1a: Clefable|212\/394
|c| Churmp Eevee|i use it with mega pidgeot too
|
|switch|p2a: dick nose|Landorus-Therian, M|69\/381
|-ability|p2a: dick nose|Intimidate|[of] p1a: Clefable
|-unboost|p1a: Clefable|atk|1
|move|p1a: Clefable|Flamethrower|p2a: dick nose
|-damage|p2a: dick nose|0 fnt
|faint|p2a: dick nose
|
|c|âSharpteeth|and now, flamethrower sweep
|c|âSharpteeth|hurray for scarf clefable
|c| Churmp Eevee|but
|c| Churmp Eevee|bullet punch
|c|âSharpteeth|won't KO
|c|âSharpteeth|I've got 510 evs in def
|c| Churmp Eevee|ah
|c| Churmp Eevee|makes sense
|c|âReverend|Salvador
|c|âReverend|please survive this flamethrower
|
|switch|p2a: Salvador|Cobalion|343\/358
|turn|26
|join|Like me 2
|
|move|p2a: Salvador|Iron Head|p1a: Clefable
|-supereffective|p1a: Clefable
|-damage|p1a: Clefable|44\/394
|move|p1a: Clefable|Flamethrower|p2a: Salvador
|-supereffective|p2a: Salvador
|-damage|p2a: Salvador|175\/358
|
|-heal|p2a: Salvador|197\/358|[from] item: Leftovers
|turn|27
|join|PhobiaBB
|c|âReverend|or flinch
|c|âReverend|aw
|c|âReverend|well no burnerino
|
|move|p2a: Salvador|Iron Head|p1a: Clefable
|-supereffective|p1a: Clefable
|-damage|p1a: Clefable|0 fnt
|faint|p1a: Clefable
|
|-heal|p2a: Salvador|219\/358|[from] item: Leftovers
|
|switch|p1a: Scizor|Scizor-Mega, M|301\/343
|-damage|p1a: Scizor|259\/343|[from] Stealth Rock
|turn|28
|
|move|p2a: Salvador|Taunt|p1a: Scizor
|-start|p1a: Scizor|move: Taunt
|cant|p1a: Scizor|move: Taunt|Swords Dance
|
|-heal|p2a: Salvador|241\/358|[from] item: Leftovers
|turn|29
|c|âSharpteeth|well, I'm pooped.
|
|move|p1a: Scizor|Bullet Punch|p2a: Salvador
|-crit|p2a: Salvador
|-resisted|p2a: Salvador
|-damage|p2a: Salvador|180\/358
|move|p2a: Salvador|Close Combat|p1a: Scizor
|-damage|p1a: Scizor|180\/343
|-unboost|p2a: Salvador|def|1
|-unboost|p2a: Salvador|spd|1
|
|-heal|p2a: Salvador|202\/358|[from] item: Leftovers
|turn|30
|c| Churmp Eevee|lol
|c| Churmp Eevee|pooped
|
|move|p1a: Scizor|Bullet Punch|p2a: Salvador
|-resisted|p2a: Salvador
|-damage|p2a: Salvador|136\/358
|move|p2a: Salvador|Close Combat|p1a: Scizor
|-damage|p1a: Scizor|90\/343
|-unboost|p2a: Salvador|def|1
|-unboost|p2a: Salvador|spd|1
|
|-heal|p2a: Salvador|158\/358|[from] item: Leftovers
|-end|p1a: Scizor|move: Taunt
|turn|31
|
|move|p1a: Scizor|Bullet Punch|p2a: Salvador
|-crit|p2a: Salvador
|-resisted|p2a: Salvador
|-damage|p2a: Salvador|44\/358
|move|p2a: Salvador|Taunt|p1a: Scizor
|-start|p1a: Scizor|move: Taunt
|
|-heal|p2a: Salvador|66\/358|[from] item: Leftovers
|turn|32
|c| Churmp Eevee|nice 50\/50
|
|move|p1a: Scizor|Bullet Punch|p2a: Salvador
|-resisted|p2a: Salvador
|-damage|p2a: Salvador|0 fnt
|faint|p2a: Salvador
|
|
|switch|p2a: Scissor Man|Scizor-Mega, M|291\/291
|turn|33
|
|move|p2a: Scissor Man|Superpower|p1a: Scizor
|-crit|p1a: Scizor
|-damage|p1a: Scizor|0 fnt
|-unboost|p2a: Scissor Man|atk|1
|-unboost|p2a: Scissor Man|def|1
|faint|p1a: Scizor
|
|win|Reverend
|raw|Ladder updating...
|c|âSharpteeth|gg
|raw|Sharpteeth's rating: 1648 &rarr; <strong>1622<\/strong><br \/>(-26 for losing)
|raw|Reverend's rating: 1526 &rarr; <strong>1553<\/strong><br \/>(+27 for winning)
|c| Churmp Eevee|gg
|leave|Sharpteeth
|player|p1
|leave|Churmp Eevee
|c|âReverend|granny gossip
|leave|Like me 2