|join|ChoiceSpec
|join|Sharpteeth
|player|p1|ChoiceSpec|266
|player|p2|Sharpteeth|1
|gametype|singles
|gen|6
|tier|OU
|rated
|clearpoke
|poke|p1|Latios, M
|poke|p1|Diancie
|poke|p1|Celebi
|poke|p1|Magnezone
|poke|p1|Keldeo-Resolute
|poke|p1|Gothitelle, F
|poke|p2|Weavile, M
|poke|p2|Diancie
|poke|p2|Skarmory, M
|poke|p2|Latias, F
|poke|p2|Magnezone
|poke|p2|Garchomp, M
|rule|Swagger Clause: Swagger is banned
|rule|Baton Pass Clause: Limit one PokÃ©mon knowing Baton Pass
|rule|Sleep Clause Mod: Limit one foe put to sleep
|rule|Species Clause: Limit one of each PokÃ©mon
|rule|OHKO Clause: OHKO moves are banned
|rule|Moody Clause: Moody is banned
|rule|Evasion Moves Clause: Evasion moves are banned
|rule|Endless Battle Clause: Forcing endless battles is banned
|rule|HP Percentage Mod: HP is shown in percentages
|teampreview
|
|start
|switch|p1a: Keldeo-Resolute|Keldeo-Resolute|323\/323
|switch|p2a: Broom Head|Weavile, M|282\/282
|-ability|p2a: Broom Head|Pressure
|turn|1
|join|Pure Demize
|
|switch|p2a: Rubber Duck|Latias, F|344\/344
|move|p1a: Keldeo-Resolute|Surf|p2a: Rubber Duck
|-resisted|p2a: Rubber Duck
|-damage|p2a: Rubber Duck|284\/344
|
|-heal|p2a: Rubber Duck|305\/344|[from] item: Leftovers
|turn|2
|
|switch|p1a: Gothitelle|Gothitelle, F|281\/281
|switch|p2a: Tinfoil Hat|Magnezone|319\/319
|
|turn|3
|
|switch|p1a: Magnezone|Magnezone|281\/281
|move|p2a: Tinfoil Hat|Volt Switch|p1a: Magnezone
|-resisted|p1a: Magnezone
|-damage|p1a: Magnezone|160\/281
|
|switch|p2a: Hot Stove|Garchomp, M|420\/420
|
|turn|4
|
|move|p2a: Hot Stove|Stealth Rock|p1a: Magnezone
|-sidestart|p1: ChoiceSpec|move: Stealth Rock
|move|p1a: Magnezone|Flash Cannon|p2a: Hot Stove
|-damage|p2a: Hot Stove|161\/420
|
|turn|5
|
|switch|p2a: Tinfoil Hat|Magnezone|319\/319
|switch|p1a: Gothitelle|Gothitelle, F|281\/281
|-damage|p1a: Gothitelle|246\/281|[from] Stealth Rock
|
|turn|6
|join|Demandred
|
|move|p1a: Gothitelle|Trick|p2a: Tinfoil Hat
|-activate|p1a: Gothitelle|move: Trick|[of] p2a: Tinfoil Hat
|-item|p2a: Tinfoil Hat|Choice Scarf|[from] move: Trick
|-item|p1a: Gothitelle|Choice Specs|[from] move: Trick
|move|p2a: Tinfoil Hat|Volt Switch|p1a: Gothitelle
|-damage|p1a: Gothitelle|116\/281
|
|switch|p2a: Garden Gnome|Diancie|241\/241
|
|turn|7
|
|detailschange|p2a: Garden Gnome|Diancie-Mega
|-mega|p2a: Garden Gnome|Diancie|Diancite
|move|p2a: Garden Gnome|Protect|p2a: Garden Gnome
|-singleturn|p2a: Garden Gnome|Protect
|move|p1a: Gothitelle|Psyshock|p2a: Garden Gnome
|-activate|p2a: Garden Gnome|Protect
|
|turn|8
|
|switch|p1a: Celebi|Celebi|404\/404
|-damage|p1a: Celebi|354\/404|[from] Stealth Rock
|move|p2a: Garden Gnome|Moonblast|p1a: Celebi
|-damage|p1a: Celebi|159\/404
|-unboost|p1a: Celebi|spa|1
|
|-heal|p1a: Celebi|184\/404|[from] item: Leftovers
|turn|9
|join|All Together Now
|join|Alldaalts
|leave|All Together Now
|join|All Together Now
|
|switch|p1a: Magnezone|Magnezone|160\/281
|-damage|p1a: Magnezone|143\/281|[from] Stealth Rock
|move|p2a: Garden Gnome|Moonblast|p1a: Magnezone
|-resisted|p1a: Magnezone
|-damage|p1a: Magnezone|38\/281
|
|turn|10
|
|move|p2a: Garden Gnome|Protect|p2a: Garden Gnome
|-singleturn|p2a: Garden Gnome|Protect
|move|p1a: Magnezone|Flash Cannon|p2a: Garden Gnome
|-activate|p2a: Garden Gnome|Protect
|
|turn|11
|
|switch|p2a: Tinfoil Hat|Magnezone|319\/319
|move|p1a: Magnezone|Flash Cannon|p2a: Tinfoil Hat
|-resisted|p2a: Tinfoil Hat
|-damage|p2a: Tinfoil Hat|261\/319
|
|turn|12
|
|move|p2a: Tinfoil Hat|Volt Switch|p1a: Magnezone
|-resisted|p1a: Magnezone
|-damage|p1a: Magnezone|0 fnt
|faint|p1a: Magnezone
|
|switch|p2a: Broom Head|Weavile, M|282\/282
|-ability|p2a: Broom Head|Pressure
|
|
|switch|p1a: Keldeo-Resolute|Keldeo-Resolute|323\/323
|-damage|p1a: Keldeo-Resolute|303\/323|[from] Stealth Rock
|turn|13
|
|switch|p1a: Celebi|Celebi|184\/404
|-damage|p1a: Celebi|134\/404|[from] Stealth Rock
|switch|p2a: Rubber Duck|Latias, F|305\/344
|
|-heal|p2a: Rubber Duck|326\/344|[from] item: Leftovers
|-heal|p1a: Celebi|159\/404|[from] item: Leftovers
|turn|14
|
|switch|p2a: Broom Head|Weavile, M|282\/282
|-ability|p2a: Broom Head|Pressure
|move|p1a: Celebi|Recover|p1a: Celebi
|-heal|p1a: Celebi|361\/404
|
|-heal|p1a: Celebi|386\/404|[from] item: Leftovers
|turn|15
|
|switch|p1a: Gothitelle|Gothitelle, F|116\/281
|-damage|p1a: Gothitelle|81\/281|[from] Stealth Rock
|move|p2a: Broom Head|Knock Off|p1a: Gothitelle
|-supereffective|p1a: Gothitelle
|-damage|p1a: Gothitelle|0 fnt
|-enditem|p1a: Gothitelle|Choice Specs|[from] move: Knock Off|[of] p2a: Broom Head
|-damage|p2a: Broom Head|254\/282|[from] item: Life Orb
|faint|p1a: Gothitelle
|
|
|switch|p1a: Diancie|Diancie|241\/241
|-damage|p1a: Diancie|211\/241|[from] Stealth Rock
|turn|16
|
|switch|p2a: Hot Stove|Garchomp, M|161\/420
|detailschange|p1a: Diancie|Diancie-Mega
|-mega|p1a: Diancie|Diancie|Diancite
|move|p1a: Diancie|Hidden Power|p2a: Hot Stove
|-resisted|p2a: Hot Stove
|-damage|p2a: Hot Stove|117\/420
|
|turn|17
|
|switch|p1a: Celebi|Celebi|386\/404
|-damage|p1a: Celebi|336\/404|[from] Stealth Rock
|move|p2a: Hot Stove|Earthquake|p1a: Celebi
|-resisted|p1a: Celebi
|-damage|p1a: Celebi|262\/404
|
|-heal|p1a: Celebi|287\/404|[from] item: Leftovers
|turn|18
|
|move|p1a: Celebi|Nasty Plot|p1a: Celebi
|-boost|p1a: Celebi|spa|2
|move|p2a: Hot Stove|Dragon Tail|p1a: Celebi
|-damage|p1a: Celebi|191\/404
|drag|p1a: Diancie|Diancie-Mega|211\/241
|-damage|p1a: Diancie|181\/241|[from] Stealth Rock
|
|turn|19
|
|switch|p1a: Celebi|Celebi|191\/404
|-damage|p1a: Celebi|141\/404|[from] Stealth Rock
|move|p2a: Hot Stove|Earthquake|p1a: Celebi
|-resisted|p1a: Celebi
|-damage|p1a: Celebi|72\/404
|
|-heal|p1a: Celebi|97\/404|[from] item: Leftovers
|turn|20
|
|move|p1a: Celebi|Substitute|p1a: Celebi
|-fail|p1a: Celebi|move: Substitute|[weak]
|move|p2a: Hot Stove|Dragon Tail|p1a: Celebi
|-damage|p1a: Celebi|1\/404
|drag|p1a: Keldeo-Resolute|Keldeo-Resolute|303\/323
|-damage|p1a: Keldeo-Resolute|283\/323|[from] Stealth Rock
|
|turn|21
|-message|ChoiceSpec forfeited.
|leave|ChoiceSpec
|
|win|Sharpteeth
|raw|Ladder updating...
|player|p1
|raw|ChoiceSpec's rating: 1521 &rarr; <strong>1507<\/strong><br \/>(-14 for losing)
|raw|Sharpteeth's rating: 1636 &rarr; <strong>1650<\/strong><br \/>(+14 for winning)