|join|Sharpteeth
|join|Reverb
|player|p1|Sharpteeth|1
|player|p2|Reverb|#reverb
|gametype|singles
|gen|6
|tier|OU
|rated
|clearpoke
|poke|p1|Weavile, F
|poke|p1|Diancie
|poke|p1|Skarmory, M
|poke|p1|Latias, F
|poke|p1|Magnezone
|poke|p1|Garchomp, F
|poke|p2|Clefable, M
|poke|p2|Metagross
|poke|p2|Conkeldurr, F
|poke|p2|Heatran, F
|poke|p2|Rotom-Wash
|poke|p2|Landorus-Therian, M
|rule|Swagger Clause: Swagger is banned
|rule|Baton Pass Clause: Limit one PokÃ©mon knowing Baton Pass
|rule|Sleep Clause Mod: Limit one foe put to sleep
|rule|Species Clause: Limit one of each PokÃ©mon
|rule|OHKO Clause: OHKO moves are banned
|rule|Moody Clause: Moody is banned
|rule|Evasion Moves Clause: Evasion moves are banned
|rule|Endless Battle Clause: Forcing endless battles is banned
|rule|HP Percentage Mod: HP is shown in percentages
|teampreview
|c|âReverb|hf
|join|M0XI3 B00ST
|c|âSharpteeth|gl
|
|start
|switch|p1a: Panic Button|Skarmory, M|334\/334
|switch|p2a: Metagross|Metagross|301\/301
|turn|1
|join|I Iike Squirtles
|
|switch|p2a: Heatran|Heatran, F|385\/385
|move|p1a: Panic Button|Stealth Rock|p2a: Heatran
|-sidestart|p2: Reverb|move: Stealth Rock
|
|turn|2
|
|move|p2a: Heatran|Stealth Rock|p1a: Panic Button
|-sidestart|p1: Sharpteeth|move: Stealth Rock
|move|p1a: Panic Button|Spikes|p2a: Heatran
|-sidestart|p2: Reverb|Spikes
|
|turn|3
|join|Fuck Armenians Raw
|leave|Fuck Armenians Raw
|
|move|p2a: Heatran|Taunt|p1a: Panic Button
|-start|p1a: Panic Button|move: Taunt
|cant|p1a: Panic Button|move: Taunt|Spikes
|
|turn|4
|join|Braken ToTheStars
|
|switch|p1a: Hot Stove|Garchomp, F|420\/420
|-damage|p1a: Hot Stove|394\/420|[from] Stealth Rock
|move|p2a: Heatran|Lava Plume|p1a: Hot Stove
|-resisted|p1a: Hot Stove
|-damage|p1a: Hot Stove|322\/420
|-status|p1a: Hot Stove|brn
|
|-damage|p1a: Hot Stove|270\/420 brn|[from] brn
|turn|5
|
|switch|p2a: Clefable|Clefable, M|394\/394
|move|p1a: Hot Stove|Earthquake|p2a: Clefable
|-damage|p2a: Clefable|331\/394
|
|-heal|p2a: Clefable|355\/394|[from] item: Leftovers
|-damage|p1a: Hot Stove|218\/420 brn|[from] brn
|turn|6
|
|switch|p1a: Tinfoil Hat|Magnezone|319\/319
|-damage|p1a: Tinfoil Hat|300\/319|[from] Stealth Rock
|move|p2a: Clefable|Calm Mind|p2a: Clefable
|-boost|p2a: Clefable|spa|1
|-boost|p2a: Clefable|spd|1
|
|-heal|p2a: Clefable|379\/394|[from] item: Leftovers
|turn|7
|
|move|p1a: Tinfoil Hat|Flash Cannon|p2a: Clefable
|-supereffective|p2a: Clefable
|-damage|p2a: Clefable|59\/394
|move|p2a: Clefable|Flamethrower|p1a: Tinfoil Hat
|-supereffective|p1a: Tinfoil Hat
|-damage|p1a: Tinfoil Hat|64\/319
|
|-heal|p2a: Clefable|83\/394|[from] item: Leftovers
|turn|8
|
|switch|p2a: Heatran|Heatran, F|385\/385
|-damage|p2a: Heatran|337\/385|[from] Stealth Rock
|-damage|p2a: Heatran|289\/385|[from] Spikes
|move|p1a: Tinfoil Hat|Flash Cannon|p2a: Heatran
|-resisted|p2a: Heatran
|-damage|p2a: Heatran|232\/385
|
|-heal|p2a: Heatran|256\/385|[from] item: Leftovers
|turn|9
|
|move|p2a: Heatran|Lava Plume|p1a: Tinfoil Hat
|-supereffective|p1a: Tinfoil Hat
|-damage|p1a: Tinfoil Hat|0 fnt
|faint|p1a: Tinfoil Hat
|
|-heal|p2a: Heatran|280\/385|[from] item: Leftovers
|
|switch|p1a: Garden Gnome|Diancie|241\/241
|-damage|p1a: Garden Gnome|211\/241|[from] Stealth Rock
|turn|10
|
|switch|p2a: Landorus-Therian|Landorus-Therian, M|327\/327
|-damage|p2a: Landorus-Therian|287\/327|[from] Stealth Rock
|-ability|p2a: Landorus-Therian|Intimidate|[of] p1a: Garden Gnome
|-fail|p1a: Garden Gnome|unboost|[from] ability: Clear Body|[of] p1a: Garden Gnome
|detailschange|p1a: Garden Gnome|Diancie-Mega
|-mega|p1a: Garden Gnome|Diancie|Diancite
|move|p1a: Garden Gnome|Protect|p1a: Garden Gnome
|-fail|p1a: Garden Gnome
|
|turn|11
|
|move|p1a: Garden Gnome|Protect|p1a: Garden Gnome
|-singleturn|p1a: Garden Gnome|Protect
|move|p2a: Landorus-Therian|Earthquake|p1a: Garden Gnome
|-activate|p1a: Garden Gnome|Protect
|
|turn|12
|
|switch|p2a: Heatran|Heatran, F|280\/385
|-damage|p2a: Heatran|232\/385|[from] Stealth Rock
|-damage|p2a: Heatran|184\/385|[from] Spikes
|move|p1a: Garden Gnome|Moonblast|p2a: Heatran
|-resisted|p2a: Heatran
|-damage|p2a: Heatran|144\/385
|-unboost|p2a: Heatran|spa|1
|
|-heal|p2a: Heatran|168\/385|[from] item: Leftovers
|turn|13
|
|switch|p2a: Rotom-Wash|Rotom-Wash|303\/303
|-damage|p2a: Rotom-Wash|266\/303|[from] Stealth Rock
|move|p1a: Garden Gnome|Diamond Storm|p2a: Rotom-Wash
|-damage|p2a: Rotom-Wash|136\/303
|
|-heal|p2a: Rotom-Wash|154\/303|[from] item: Leftovers
|turn|14
|
|move|p1a: Garden Gnome|Moonblast|p2a: Rotom-Wash
|-damage|p2a: Rotom-Wash|0 fnt
|faint|p2a: Rotom-Wash
|
|
|switch|p2a: Landorus-Therian|Landorus-Therian, M|287\/327
|-damage|p2a: Landorus-Therian|247\/327|[from] Stealth Rock
|-ability|p2a: Landorus-Therian|Intimidate|[of] p1a: Garden Gnome
|-unboost|p1a: Garden Gnome|atk|1
|turn|15
|
|move|p1a: Garden Gnome|Protect|p1a: Garden Gnome
|-singleturn|p1a: Garden Gnome|Protect
|move|p2a: Landorus-Therian|Earthquake|p1a: Garden Gnome
|-activate|p1a: Garden Gnome|Protect
|
|turn|16
|
|switch|p2a: Heatran|Heatran, F|168\/385
|-damage|p2a: Heatran|120\/385|[from] Stealth Rock
|-damage|p2a: Heatran|72\/385|[from] Spikes
|switch|p1a: Panic Button|Skarmory, M|334\/334
|-damage|p1a: Panic Button|293\/334|[from] Stealth Rock
|
|-heal|p2a: Heatran|96\/385|[from] item: Leftovers
|turn|17
|
|switch|p1a: Rubber Duck|Latias, F|344\/344
|-damage|p1a: Rubber Duck|301\/344|[from] Stealth Rock
|move|p2a: Heatran|Lava Plume|p1a: Rubber Duck
|-resisted|p1a: Rubber Duck
|-damage|p1a: Rubber Duck|256\/344
|
|-heal|p1a: Rubber Duck|277\/344|[from] item: Leftovers
|-heal|p2a: Heatran|120\/385|[from] item: Leftovers
|turn|18
|
|move|p1a: Rubber Duck|Healing Wish|p1a: Rubber Duck
|faint|p1a: Rubber Duck
|move|p2a: Heatran|Lava Plume|p1: Rubber Duck|[notarget]
|-notarget
|
|-heal|p2a: Heatran|144\/385|[from] item: Leftovers
|
|switch|p1a: Hot Stove|Garchomp, F|218\/420 brn
|-heal|p1a: Hot Stove|420\/420|[from] move: Healing Wish
|-damage|p1a: Hot Stove|394\/420|[from] Stealth Rock
|turn|19
|
|switch|p2a: Landorus-Therian|Landorus-Therian, M|247\/327
|-damage|p2a: Landorus-Therian|207\/327|[from] Stealth Rock
|-ability|p2a: Landorus-Therian|Intimidate|[of] p1a: Hot Stove
|-unboost|p1a: Hot Stove|atk|1
|move|p1a: Hot Stove|Dragon Tail|p2a: Landorus-Therian
|-damage|p2a: Landorus-Therian|146\/327
|drag|p2a: Heatran|Heatran, F|144\/385
|-damage|p2a: Heatran|96\/385|[from] Stealth Rock
|-damage|p2a: Heatran|48\/385|[from] Spikes
|
|-heal|p2a: Heatran|72\/385|[from] item: Leftovers
|turn|20
|join|Nani Man
|join|Alldaalts
|
|switch|p2a: Landorus-Therian|Landorus-Therian, M|146\/327
|-damage|p2a: Landorus-Therian|106\/327|[from] Stealth Rock
|-ability|p2a: Landorus-Therian|Intimidate|[of] p1a: Hot Stove
|-unboost|p1a: Hot Stove|atk|1
|move|p1a: Hot Stove|Earthquake|p2a: Landorus-Therian
|-immune|p2a: Landorus-Therian|[msg]
|
|turn|21
|
|switch|p2a: Heatran|Heatran, F|72\/385
|-damage|p2a: Heatran|24\/385|[from] Stealth Rock
|-damage|p2a: Heatran|0 fnt|[from] Spikes
|faint|p2a: Heatran
|switch|p1a: Panic Button|Skarmory, M|293\/334
|-damage|p1a: Panic Button|252\/334|[from] Stealth Rock
|
|
|switch|p2a: Clefable|Clefable, M|83\/394
|turn|22
|join|yuy
|
|move|p1a: Panic Button|Taunt|p2a: Clefable
|-start|p2a: Clefable|move: Taunt
|cant|p2a: Clefable|move: Taunt|Soft-Boiled
|
|-heal|p2a: Clefable|107\/394|[from] item: Leftovers
|turn|23
|
|move|p1a: Panic Button|Spikes|p2a: Clefable
|-sidestart|p2: Reverb|Spikes
|move|p2a: Clefable|Flamethrower|p1a: Panic Button
|-supereffective|p1a: Panic Button
|-damage|p1a: Panic Button|84\/334
|-enditem|p1a: Panic Button|Red Card|[of] p2a: Clefable
|drag|p2a: Conkeldurr|Conkeldurr, F|364\/364
|-damage|p2a: Conkeldurr|304\/364|[from] Spikes
|-damage|p2a: Conkeldurr|282\/364|[from] Stealth Rock
|
|turn|24
|
|move|p1a: Panic Button|Drill Peck|p2a: Conkeldurr
|-supereffective|p2a: Conkeldurr
|-damage|p2a: Conkeldurr|126\/364
|move|p2a: Conkeldurr|Drain Punch|p1a: Panic Button
|-damage|p1a: Panic Button|0 fnt
|-heal|p2a: Conkeldurr|168\/364|[from] drain|[of] p1a: Panic Button
|faint|p1a: Panic Button
|
|
|switch|p1a: Garden Gnome|Diancie-Mega|211\/241
|-damage|p1a: Garden Gnome|181\/241|[from] Stealth Rock
|turn|25
|leave|Braken ToTheStars
|
|move|p2a: Conkeldurr|Mach Punch|p1a: Garden Gnome
|-crit|p1a: Garden Gnome
|-damage|p1a: Garden Gnome|72\/241
|move|p1a: Garden Gnome|Moonblast|p2a: Conkeldurr
|-supereffective|p2a: Conkeldurr
|-damage|p2a: Conkeldurr|0 fnt
|faint|p2a: Conkeldurr
|
|
|switch|p2a: Landorus-Therian|Landorus-Therian, M|106\/327
|-damage|p2a: Landorus-Therian|66\/327|[from] Stealth Rock
|-ability|p2a: Landorus-Therian|Intimidate|[of] p1a: Garden Gnome
|-unboost|p1a: Garden Gnome|atk|1
|turn|26
|
|move|p2a: Landorus-Therian|Earthquake|p1a: Garden Gnome
|-supereffective|p1a: Garden Gnome
|-damage|p1a: Garden Gnome|0 fnt
|faint|p1a: Garden Gnome
|
|
|switch|p1a: Broom Head|Weavile, F|282\/282
|-damage|p1a: Broom Head|212\/282|[from] Stealth Rock
|-ability|p1a: Broom Head|Pressure
|turn|27
|
|switch|p2a: Metagross|Metagross|301\/301
|-damage|p2a: Metagross|283\/301|[from] Stealth Rock
|-damage|p2a: Metagross|233\/301|[from] Spikes
|move|p1a: Broom Head|Ice Shard|p2a: Metagross
|-resisted|p2a: Metagross
|-damage|p2a: Metagross|198\/301
|-damage|p1a: Broom Head|184\/282|[from] item: Life Orb
|
|turn|28
|join|Bloodz
|
|switch|p1a: Hot Stove|Garchomp, F|394\/420
|-damage|p1a: Hot Stove|368\/420|[from] Stealth Rock
|switch|p2a: Landorus-Therian|Landorus-Therian, M|66\/327
|-damage|p2a: Landorus-Therian|26\/327|[from] Stealth Rock
|-ability|p2a: Landorus-Therian|Intimidate|[of] p1a: Hot Stove
|-unboost|p1a: Hot Stove|atk|1
|
|turn|29
|join|Mistaken
|
|move|p2a: Landorus-Therian|Earthquake|p1a: Hot Stove
|-damage|p1a: Hot Stove|215\/420
|move|p1a: Hot Stove|Dragon Tail|p2a: Landorus-Therian
|-damage|p2a: Landorus-Therian|0 fnt
|faint|p2a: Landorus-Therian
|
|
|switch|p2a: Clefable|Clefable, M|107\/394
|turn|30
|c|âSharpteeth|aw nuts.
|
|move|p1a: Hot Stove|Earthquake|p2a: Clefable
|-damage|p2a: Clefable|23\/394
|move|p2a: Clefable|Soft-Boiled|p2a: Clefable
|-heal|p2a: Clefable|220\/394
|
|-heal|p2a: Clefable|244\/394|[from] item: Leftovers
|turn|31
|join|gyarad0site
|
|move|p1a: Hot Stove|Earthquake|p2a: Clefable
|-damage|p2a: Clefable|156\/394
|move|p2a: Clefable|Soft-Boiled|p2a: Clefable
|-heal|p2a: Clefable|353\/394
|
|-heal|p2a: Clefable|377\/394|[from] item: Leftovers
|turn|32
|c| Mistaken|Clef u monster
|
|move|p1a: Hot Stove|Earthquake|p2a: Clefable
|-damage|p2a: Clefable|296\/394
|move|p2a: Clefable|Soft-Boiled|p2a: Clefable
|-heal|p2a: Clefable|394\/394
|
|turn|33
|
|move|p1a: Hot Stove|Earthquake|p2a: Clefable
|-damage|p2a: Clefable|306\/394
|move|p2a: Clefable|Moonblast|p1a: Hot Stove
|-supereffective|p1a: Hot Stove
|-damage|p1a: Hot Stove|0 fnt
|faint|p1a: Hot Stove
|
|-heal|p2a: Clefable|330\/394|[from] item: Leftovers
|join|Julian
|join|FunkyCrackudoCat
|
|switch|p1a: Broom Head|Weavile, F|184\/282
|-damage|p1a: Broom Head|114\/282|[from] Stealth Rock
|-ability|p1a: Broom Head|Pressure
|turn|34
|c|âReverb|gg
|
|move|p1a: Broom Head|Icicle Crash|p2a: Clefable
|-crit|p2a: Clefable
|-damage|p2a: Clefable|84\/394
|-damage|p1a: Broom Head|86\/282|[from] item: Life Orb
|move|p2a: Clefable|Moonblast|p1a: Broom Head
|-supereffective|p1a: Broom Head
|-damage|p1a: Broom Head|0 fnt
|faint|p1a: Broom Head
|
|win|Reverb
|raw|Ladder updating...
|raw|Sharpteeth's rating: 1677 &rarr; <strong>1655<\/strong><br \/>(-22 for losing)
|raw|Reverb's rating: 1643 &rarr; <strong>1665<\/strong><br \/>(+22 for winning)
|c|âSharpteeth|gg
|join|innovamania
|leave|M0XI3 B00ST
|leave|Sharpteeth
|player|p1
|leave|innovamania
|leave|Bloodz
|leave|Julian