|join|Valentine
|join|Sharpteeth
|player|p1|Valentine|217
|player|p2|Sharpteeth|1
|gametype|singles
|gen|6
|tier|OU
|clearpoke
|poke|p1|Metagross
|poke|p1|Keldeo
|poke|p1|Landorus, M
|poke|p1|Thundurus, M
|poke|p1|Clefable, M
|poke|p1|Latias, F
|poke|p2|Weavile, F
|poke|p2|Diancie
|poke|p2|Skarmory, F
|poke|p2|Latias, F
|poke|p2|Magnezone
|poke|p2|Garchomp, F
|rule|Swagger Clause: Swagger is banned
|rule|Baton Pass Clause: Limit one PokÃ©mon knowing Baton Pass
|rule|Sleep Clause Mod: Limit one foe put to sleep
|rule|Species Clause: Limit one of each PokÃ©mon
|rule|OHKO Clause: OHKO moves are banned
|rule|Moody Clause: Moody is banned
|rule|Evasion Moves Clause: Evasion moves are banned
|rule|Endless Battle Clause: Forcing endless battles is banned
|rule|HP Percentage Mod: HP is shown in percentages
|teampreview
|join|Gizmo
|join|Zamrock
|join|WECAMEASROMANS
|join|pokemonomekop
|join|Bisharp-Mega
|c|âSharpteeth|aaaaaaaah
|c|âSharpteeth|aaaaaaaaah
|c| Gizmo|sharp you really love this team
|join|Dread Arceus
|c|âSharpteeth|aaaaaah
|join|yoBeto
|join|Plays 5 Days
|c| pokemonomekop|looks p nice ngl
|join|bitches brew
|join|thecrystalonix
|c| Bisharp-Mega|GO SHARPTEETH
|join|Shadow Poochyena
|c| bitches brew|okay
|join|Gghhh
|c|âSharpteeth|aw fuck ._.
|c| Bisharp-Mega|why you no use sharpedo?
|join|JSB15
|c| Dread Arceus|is this just an xy team
|leave|yoBeto
|c| bitches brew|valentine as per usual i am hoping for a loss out of you
|c| Dread Arceus|with meta over bish
|
|start
|switch|p1a: Clefable|Clefable, M|394\/394
|switch|p2a: Panic Button|Skarmory, F|334\/334
|turn|1
|c| Zamrock|zone is your only clef check
|c| Zamrock|oml
|c| bitches brew|best of luck to sharpteeth!!
|leave|thecrystalonix
|
|move|p2a: Panic Button|Stealth Rock|p1a: Clefable
|-sidestart|p1: Valentine|move: Stealth Rock
|move|p1a: Clefable|Fire Blast|p2a: Panic Button
|-supereffective|p2a: Panic Button
|-activate|p2a: Panic Button|Sturdy
|-damage|p2a: Panic Button|1\/334
|-enditem|p2a: Panic Button|Red Card|[of] p1a: Clefable
|drag|p1a: Latias|Latias, F|301\/301
|-damage|p1a: Latias|264\/301|[from] Stealth Rock
|
|turn|2
|join|Kawhii Leonard
|c| Zamrock|bop
|c|âSharpteeth|it's always
|c|âSharpteeth|the fucking
|
|move|p1a: Latias|Defog|p2a: Panic Button
|-unboost|p2a: Panic Button|evasion|1
|-sideend|p1: Valentine|Stealth Rock|[from] move: Defog|[of] p1a: Latias
|move|p2a: Panic Button|Stealth Rock|p1a: Latias
|-sidestart|p1: Valentine|move: Stealth Rock
|
|turn|3
|c|âSharpteeth|defogger
|c|âSharpteeth|that gets dragged out
|
|move|p1a: Latias|Defog|p2a: Panic Button
|-unboost|p2a: Panic Button|evasion|1
|-sideend|p1: Valentine|Stealth Rock|[from] move: Defog|[of] p1a: Latias
|move|p2a: Panic Button|Stealth Rock|p1a: Latias
|-sidestart|p1: Valentine|move: Stealth Rock
|
|turn|4
|c| Bisharp-Mega|go sharpteeth! BOO VALENTINE
|c| bitches brew|WHOA!!! GOOD PLAY!!
|c| WECAMEASROMANS|wait wtf
|c| WECAMEASROMANS|sharpteeth
|c| bitches brew|HOW DID U KNOW
|
|move|p1a: Latias|Defog|p2a: Panic Button
|-unboost|p2a: Panic Button|evasion|1
|-sideend|p1: Valentine|Stealth Rock|[from] move: Defog|[of] p1a: Latias
|move|p2a: Panic Button|Stealth Rock|p1a: Latias
|-sidestart|p1: Valentine|move: Stealth Rock
|
|turn|5
|c| WECAMEASROMANS|pls tell me
|c| WECAMEASROMANS|you have tailwind
|
|move|p1a: Latias|Defog|p2a: Panic Button
|-unboost|p2a: Panic Button|evasion|1
|-sideend|p1: Valentine|Stealth Rock|[from] move: Defog|[of] p1a: Latias
|move|p2a: Panic Button|Stealth Rock|p1a: Latias
|-sidestart|p1: Valentine|move: Stealth Rock
|
|turn|6
|c|âSharpteeth|tailwhat
|c| bitches brew|keke
|c| WECAMEASROMANS|HO skarms carry tailwind...
|
|move|p1a: Latias|Defog|p2a: Panic Button
|-unboost|p2a: Panic Button|evasion|1
|-sideend|p1: Valentine|Stealth Rock|[from] move: Defog|[of] p1a: Latias
|move|p2a: Panic Button|Stealth Rock|p1a: Latias
|-sidestart|p1: Valentine|move: Stealth Rock
|
|turn|7
|c| pokemonomekop|we have all freaking day :]
|
|move|p1a: Latias|Defog|p2a: Panic Button
|-unboost|p2a: Panic Button|evasion|1
|-sideend|p1: Valentine|Stealth Rock|[from] move: Defog|[of] p1a: Latias
|move|p2a: Panic Button|Stealth Rock|p1a: Latias
|-sidestart|p1: Valentine|move: Stealth Rock
|
|turn|8
|c| Zamrock|shut up
|c| pokemonomekop|sr has more pp valentine
|
|move|p1a: Latias|Defog|p2a: Panic Button
|-sideend|p1: Valentine|Stealth Rock|[from] move: Defog|[of] p1a: Latias
|move|p2a: Panic Button|Stealth Rock|p1a: Latias
|-sidestart|p1: Valentine|move: Stealth Rock
|
|turn|9
|c|âValentine|i know that
|c|âValentine|but defog is optimal
|c|âValentine|haha
|c|âSharpteeth|mmm
|
|move|p1a: Latias|Defog|p2a: Panic Button
|-sideend|p1: Valentine|Stealth Rock|[from] move: Defog|[of] p1a: Latias
|move|p2a: Panic Button|Stealth Rock|p1a: Latias
|-sidestart|p1: Valentine|move: Stealth Rock
|
|turn|10
|c| bitches brew|wait!
|
|move|p1a: Latias|Defog|p2a: Panic Button
|-sideend|p1: Valentine|Stealth Rock|[from] move: Defog|[of] p1a: Latias
|move|p2a: Panic Button|Stealth Rock|p1a: Latias
|-sidestart|p1: Valentine|move: Stealth Rock
|
|turn|11
|c|âSharpteeth|well, if you want to run out of pp, go ahead
|join|etaoi
|
|move|p1a: Latias|Defog|p2a: Panic Button
|-sideend|p1: Valentine|Stealth Rock|[from] move: Defog|[of] p1a: Latias
|move|p2a: Panic Button|Stealth Rock|p1a: Latias
|-sidestart|p1: Valentine|move: Stealth Rock
|
|turn|12
|c| pokemonomekop|ik that too valentine lawl
|c| bitches brew|yes
|c| bitches brew|he knew that
|c| bitches brew|lawl
|
|move|p1a: Latias|Defog|p2a: Panic Button
|-sideend|p1: Valentine|Stealth Rock|[from] move: Defog|[of] p1a: Latias
|move|p2a: Panic Button|Stealth Rock|p1a: Latias
|-sidestart|p1: Valentine|move: Stealth Rock
|
|turn|13
|c| Gizmo|he's gonna bb right here
|c| Gizmo|just watch him
|c| Gizmo|no reason to
|c| Gizmo|just to look cool
|
|move|p1a: Latias|Defog|p2a: Panic Button
|-sideend|p1: Valentine|Stealth Rock|[from] move: Defog|[of] p1a: Latias
|move|p2a: Panic Button|Stealth Rock|p1a: Latias
|-sidestart|p1: Valentine|move: Stealth Rock
|
|turn|14
|c| Bisharp-Mega|haha wat a WASTE
|c| pokemonomekop|predicting the keldeo
|
|move|p1a: Latias|Defog|p2a: Panic Button
|-sideend|p1: Valentine|Stealth Rock|[from] move: Defog|[of] p1a: Latias
|move|p2a: Panic Button|Stealth Rock|p1a: Latias
|-sidestart|p1: Valentine|move: Stealth Rock
|
|turn|15
|c| Zamrock|dash
|
|move|p1a: Latias|Defog|p2a: Panic Button
|-sideend|p1: Valentine|Stealth Rock|[from] move: Defog|[of] p1a: Latias
|move|p2a: Panic Button|Stealth Rock|p1a: Latias
|-sidestart|p1: Valentine|move: Stealth Rock
|
|turn|16
|
|move|p1a: Latias|Defog|p2a: Panic Button
|-sideend|p1: Valentine|Stealth Rock|[from] move: Defog|[of] p1a: Latias
|move|p2a: Panic Button|Stealth Rock|p1a: Latias
|-sidestart|p1: Valentine|move: Stealth Rock
|
|turn|17
|c| Zamrock|my nigga
|c|âSharpteeth|8 more?
|
|move|p1a: Latias|Defog|p2a: Panic Button
|-sideend|p1: Valentine|Stealth Rock|[from] move: Defog|[of] p1a: Latias
|move|p2a: Panic Button|Stealth Rock|p1a: Latias
|-sidestart|p1: Valentine|move: Stealth Rock
|
|turn|18
|c| Zamrock|what doe shtis accomplish for you?
|c| Zamrock|this*
|
|move|p1a: Latias|Defog|p2a: Panic Button
|-sideend|p1: Valentine|Stealth Rock|[from] move: Defog|[of] p1a: Latias
|move|p2a: Panic Button|Stealth Rock|p1a: Latias
|-sidestart|p1: Valentine|move: Stealth Rock
|
|turn|19
|
|move|p1a: Latias|Hidden Power|p2a: Panic Button
|-supereffective|p2a: Panic Button
|-damage|p2a: Panic Button|0 fnt
|-damage|p1a: Latias|234\/301|[from] item: Life Orb
|faint|p2a: Panic Button
|
|c| bitches brew|memes
|c| Bisharp-Mega|finally
|c| pokemonomekop|finally
|c| pokemonomekop|jesus
|
|switch|p2a: Broom Head|Weavile, F|282\/282
|-ability|p2a: Broom Head|Pressure
|turn|20
|
|move|p2a: Broom Head|Icicle Crash|p1a: Latias
|-supereffective|p1a: Latias
|-damage|p1a: Latias|0 fnt
|-damage|p2a: Broom Head|254\/282|[from] item: Life Orb
|faint|p1a: Latias
|
|c| Bisharp-Mega|haha that name XD
|c| WECAMEASROMANS|that skarm set sux
|c| WECAMEASROMANS|use
|c|âSharpteeth|that skarm set got SR up
|c| WECAMEASROMANS|tailwind
|
|switch|p1a: Keldeo|Keldeo|324\/324
|-damage|p1a: Keldeo|304\/324|[from] Stealth Rock
|turn|21
|c|âSharpteeth|and killed latias
|c| WECAMEASROMANS|+ spikes
|c|âSharpteeth|it did its job
|
|switch|p2a: Rubber Duck|Latias, F|344\/344
|move|p1a: Keldeo|Substitute|p1a: Keldeo
|-start|p1a: Keldeo|Substitute
|-damage|p1a: Keldeo|223\/324
|
|turn|22
|c| Bisharp-Mega|HP PSYCHIC
|c| Gizmo|knock off
|c| Gizmo|make a play
|
|move|p2a: Rubber Duck|Psyshock|p1a: Keldeo
|-supereffective|p1a: Keldeo
|-end|p1a: Keldeo|Substitute
|move|p1a: Keldeo|Substitute|p1a: Keldeo
|-start|p1a: Keldeo|Substitute
|-damage|p1a: Keldeo|142\/324
|
|turn|23
|
|move|p2a: Rubber Duck|Psyshock|p1a: Keldeo
|-supereffective|p1a: Keldeo
|-end|p1a: Keldeo|Substitute
|move|p1a: Keldeo|Substitute|p1a: Keldeo
|-start|p1a: Keldeo|Substitute
|-damage|p1a: Keldeo|61\/324
|-enditem|p1a: Keldeo|Salac Berry|[eat]
|-boost|p1a: Keldeo|spe|1|[from] item: Salac Berry
|
|turn|24
|c| Zamrock|wait
|c| Zamrock|LOL
|c| pokemonomekop|LOL
|c|âSharpteeth|endeavor >.<
|c| Dread Arceus|lmao
|c| Gizmo|ah
|c| Gizmo|this set
|c| Zamrock|val w\/ the crisp set
|c| Bisharp-Mega|endevour
|c| WECAMEASROMANS|ENDEAVOR
|
|move|p1a: Keldeo|Endeavor|p2a: Rubber Duck
|-damage|p2a: Rubber Duck|61\/344
|move|p2a: Rubber Duck|Psyshock|p1a: Keldeo
|-supereffective|p1a: Keldeo
|-end|p1a: Keldeo|Substitute
|
|-heal|p2a: Rubber Duck|82\/344|[from] item: Leftovers
|turn|25
|c| Gizmo|this man just lost a pokemon
|c| pokemonomekop|gotm
|c| pokemonomekop|which man tho?
|join|JustB1az3
|c| Gizmo|ah
|c| pokemonomekop|does scald or ss kill?
|c| Bisharp-Mega|yes
|
|move|p1a: Keldeo|Secret Sword|p2a: Rubber Duck
|-resisted|p2a: Rubber Duck
|-damage|p2a: Rubber Duck|5\/344
|move|p2a: Rubber Duck|Psyshock|p1a: Keldeo
|-supereffective|p1a: Keldeo
|-damage|p1a: Keldeo|0 fnt
|faint|p1a: Keldeo
|
|-heal|p2a: Rubber Duck|26\/344|[from] item: Leftovers
|c| Zamrock|sword kills at this range i think
|c| pokemonomekop|LOL
|c|âValentine|,,
|c| Zamrock|welp
|c| Bisharp-Mega|or not
|c| Zamrock|the rolls
|c| Bisharp-Mega|lololol
|c|âSharpteeth|thank god I run a ton of bulk on this thing
|c|âSharpteeth|for greninja
|c|âSharpteeth|>.>
|c|âValentine|,,,,,
|c|âValentine|lucky trash
|c| Zamrock|bro
|c| pokemonomekop|sword kills at this range i think-zamrock 2015
|c| Zamrock|ninja is gonna be gawn
|c| bitches brew|lol
|c|âSharpteeth|yeah, but bulk is nice
|join|rika and hanyuu
|c|âSharpteeth|on everything
|c| Zamrock|why are we still preparin for it
|leave|Dread Arceus
|c|âSharpteeth|it takes scalds a lot easier with lefties
|c|âSharpteeth|so I can healing wish
|
|switch|p1a: Clefable|Clefable, M|394\/394
|turn|26
|
|move|p2a: Rubber Duck|Healing Wish|p2a: Rubber Duck
|faint|p2a: Rubber Duck
|move|p1a: Clefable|Stealth Rock|p2: Rubber Duck
|-sidestart|p2: Sharpteeth|move: Stealth Rock
|
|c| Gizmo|what.
|
|switch|p2a: Tinfoil Hat|Magnezone|319\/319
|-heal|p2a: Tinfoil Hat|319\/319|[from] move: Healing Wish
|-damage|p2a: Tinfoil Hat|300\/319|[from] Stealth Rock
|turn|27
|c| pokemonomekop|wynaut giz
|c| Bisharp-Mega|...
|c| Zamrock|lol...
|c| Bisharp-Mega|waste
|c| pokemonomekop|free switch is free
|
|move|p2a: Tinfoil Hat|Flash Cannon|p1a: Clefable
|-supereffective|p1a: Clefable
|-damage|p1a: Clefable|0 fnt
|faint|p1a: Clefable
|
|c| Zamrock|val...
|c| WECAMEASROMANS|lol sharpteeth you are so lucky he isnt cm clef...
|c| Zamrock|why
|
|switch|p1a: Metagross|Metagross|301\/301
|-damage|p1a: Metagross|283\/301|[from] Stealth Rock
|turn|28
|c| pokemonomekop|and it was like 2% so chill
|c| pokemonomekop|XD
|c|âSharpteeth|even if it was, flash cannon + any of the other
|c|âSharpteeth|would kill
|c|âSharpteeth|hammer arm?
|c| pokemonomekop|^
|c|âSharpteeth|please use hammer arm
|
|switch|p2a: Hot Stove|Garchomp, F|420\/420
|-damage|p2a: Hot Stove|394\/420|[from] Stealth Rock
|detailschange|p1a: Metagross|Metagross-Mega
|-mega|p1a: Metagross|Metagross|Metagrossite
|move|p1a: Metagross|Ice Punch|p2a: Hot Stove
|-supereffective|p2a: Hot Stove
|-damage|p2a: Hot Stove|0 fnt
|-damage|p1a: Metagross|246\/301|[from] ability: Rough Skin|[of] p2a: Hot Stove
|-damage|p1a: Metagross|196\/301|[from] item: Rocky Helmet|[of] p2a: Hot Stove
|faint|p2a: Hot Stove
|
|join|Ox the Box
|join|belgrade
|c| pokemonomekop|LOL
|c| Zamrock|SMASHED
|c|âSharpteeth|fuck...
|c| pokemonomekop|predicted as hell
|join|Verlisifag
|c| Bisharp-Mega|LOLOLOL
|c| JSB15|ayyy
|leave|Bisharp-Mega
|c| bitches brew|whoa!!
|c| pokemonomekop|get steamrollered imho
|c| Zamrock|dont think it matters
|c| bitches brew|how'd he know a choiced magnezone locked into flash cannon
|c| Zamrock|val just loses to vile now
|c| bitches brew|would switch
|c| bitches brew|!?!?!
|c| Gizmo|woah
|c|âValentine|bro
|c|âSharpteeth|mmm
|c|âSharpteeth|it depends
|c|âValentine|bullet bunch kills that shit
|c| rika and hanyuu|lol
|c| Gizmo|i coulda sworn that was a counter
|c|âValentine|easily
|c|âValentine|dumb meanie
|c|âValentine|rofl
|c|âSharpteeth|if it has bullet punch
|c| Zamrock|oh u got BP
|c| rika and hanyuu|if that gross has bullet punch
|c| bitches brew|that was pretty epic
|c|âValentine|*n1ger
|c|âSharpteeth|I lose
|c|âSharpteeth|well, then
|c| Zamrock|nigga, idk ur shit
|c| Zamrock|rofl
|c|âSharpteeth|let's try it out
|c| rika and hanyuu|shoulda sacked diance
|c| rika and hanyuu|tbh
|
|switch|p2a: Garden Gnome|Diancie|241\/241
|-damage|p2a: Garden Gnome|211\/241|[from] Stealth Rock
|turn|29
|c| rika and hanyuu|or just zone
|c| Zamrock|?
|c| bitches brew|valentine why you gotta use words like that
|c| Gizmo|............................
|c| bitches brew|x=
|c| Gizmo|....................................................
|c| pokemonomekop|>.>
|
|detailschange|p2a: Garden Gnome|Diancie-Mega
|-mega|p2a: Garden Gnome|Diancie|Diancite
|move|p2a: Garden Gnome|Protect|p2a: Garden Gnome
|-singleturn|p2a: Garden Gnome|Protect
|move|p1a: Metagross|Meteor Mash|p2a: Garden Gnome
|-activate|p2a: Garden Gnome|Protect
|
|turn|30
|c| Gizmo|sharpteeth
|c| pokemonomekop|o lel protect
|c| pokemonomekop|inb4 he doesn't have bp
|c|âValentine|the tie
|c|âSharpteeth|use BP
|c|âValentine|LOL
|c| Gizmo|LET'S GET THIS SPEED TIE YOUNG NIGGA
|
|move|p2a: Garden Gnome|Earth Power|p1a: Metagross
|-supereffective|p1a: Metagross
|-damage|p1a: Metagross|0 fnt
|faint|p1a: Metagross
|
|c|âSharpteeth|use BPPPP
|c|âValentine|HELLO
|c| pokemonomekop|ah gotm
|c| Zamrock|LOOOOOL
|c|âSharpteeth|I told you to use BP
|c|âValentine|LUCKY TRASh
|c| JustB1az3|LOLOLOL
|c|âValentine|LOOOOOL
|
|switch|p1a: Landorus|Landorus, M|331\/331
|-damage|p1a: Landorus|290\/331|[from] Stealth Rock
|turn|31
|c|âValentine|i can still para
|c|âValentine|the vile
|c|âValentine|i guess
|c| bitches brew|so rude x=
|c| Gizmo|does shard not kill after rocks
|c| Gizmo|how weak is vile
|c|âSharpteeth|let's hope your para's +2 priority ^_^
|leave|Ox the Box
|c| bitches brew|^_^
|c| Gizmo|^_^
|c| pokemonomekop|o yea it kills giz
|c| rika and hanyuu|dunked
|c| pokemonomekop|I'd be mad if it didn'g
|
|move|p2a: Garden Gnome|Moonblast|p1a: Landorus
|-damage|p1a: Landorus|35\/331
|move|p1a: Landorus|Rock Polish|p1a: Landorus
|-boost|p1a: Landorus|spe|2
|
|turn|32
|c| pokemonomekop|idk about thundytho
|leave|Verlisifag
|c| pokemonomekop|prolly
|c| Zamrock|252 Atk Life Orb Weavile Ice Shard vs. 0 HP \/ 4 Def Thundurus: 218-257 (72.9 - 85.9%) -- guaranteed 2HKO
|c| Gizmo|watch this man not have ice shard
|c| pokemonomekop|lol the rolls tho
|
|move|p1a: Landorus|Earth Power|p2a: Garden Gnome
|-supereffective|p2a: Garden Gnome
|-damage|p2a: Garden Gnome|0 fnt
|faint|p2a: Garden Gnome
|
|c| rika and hanyuu|reveal the rest yache RP
|c| pokemonomekop|rip
|
|switch|p2a: Broom Head|Weavile, F|254\/282
|-damage|p2a: Broom Head|184\/282|[from] Stealth Rock
|-ability|p2a: Broom Head|Pressure
|turn|33
|c| pokemonomekop|rest yache would be amazing
|
|move|p2a: Broom Head|Ice Shard|p1a: Landorus
|-supereffective|p1a: Landorus
|-damage|p1a: Landorus|0 fnt
|-damage|p2a: Broom Head|156\/282|[from] item: Life Orb
|faint|p1a: Landorus
|
|c| Zamrock|val is
|c| Zamrock|leftives thundy
|c| Zamrock|yn
|c| pokemonomekop|y
|c| pokemonomekop|yyy
|join|iplaytennislol
|c| pokemonomekop|yyyyy
|
|switch|p1a: Thundurus|Thundurus, M|299\/299
|-damage|p1a: Thundurus|225\/299|[from] Stealth Rock
|turn|34
|c| rika and hanyuu|bulky lefties thundy
|c| bitches brew|iplaytennis
|c| rika and hanyuu|would be hype
|c| pokemonomekop|lets see the lefties
|c| bitches brew|impregnate my daughter
|leave|iplaytennislol
|c| bitches brew|:D
|c| Gghhh|lets hope he's got the hp ground
|
|move|p2a: Broom Head|Ice Shard|p1a: Thundurus
|-supereffective|p1a: Thundurus
|-damage|p1a: Thundurus|0 fnt
|-damage|p2a: Broom Head|128\/282|[from] item: Life Orb
|faint|p1a: Thundurus
|
|win|Sharpteeth
|c| bitches brew|gg!!
|c| pokemonomekop|rip
|c| pokemonomekop|k gg
|c| bitches brew|no re!!
|leave|WECAMEASROMANS
|leave|bitches brew
|c|âSharpteeth|gg
|leave|Zamrock
|c|âValentine|speed tie was aids
|leave|pokemonomekop
|leave|Valentine
|player|p1