|join|Sharpteeth
|join|GrimoireGod
|player|p1|Sharpteeth|1
|player|p2|GrimoireGod|101
|gametype|singles
|gen|6
|tier|OU
|rated
|clearpoke
|poke|p1|Metagross
|poke|p1|Azelf
|poke|p1|Latias, F
|poke|p1|Jirachi
|poke|p1|Latios, M
|poke|p1|Mew
|poke|p2|Scizor, F
|poke|p2|Heatran, M
|poke|p2|Kyurem-Black
|poke|p2|Landorus-Therian, M
|poke|p2|Starmie
|poke|p2|Ferrothorn, F
|rule|Swagger Clause: Swagger is banned
|rule|Baton Pass Clause: Limit one PokÃ©mon knowing Baton Pass
|rule|Sleep Clause Mod: Limit one foe put to sleep
|rule|Species Clause: Limit one of each PokÃ©mon
|rule|OHKO Clause: OHKO moves are banned
|rule|Moody Clause: Moody is banned
|rule|Evasion Moves Clause: Evasion moves are banned
|rule|Endless Battle Clause: Forcing endless battles is banned
|rule|HP Percentage Mod: HP is shown in percentages
|teampreview
|c|âSharpteeth|gl
|c|âGrimoireGod|you too
|
|start
|switch|p1a: Azelf|Azelf|292\/292
|switch|p2a: Starmie|Starmie|261\/261
|turn|1
|
|move|p1a: Azelf|Stealth Rock|p2a: Starmie
|-sidestart|p2: GrimoireGod|move: Stealth Rock
|move|p2a: Starmie|Hydro Pump|p1a: Azelf
|-crit|p1a: Azelf
|-enditem|p1a: Azelf|Focus Sash
|-damage|p1a: Azelf|1\/292
|-damage|p2a: Starmie|235\/261|[from] item: Life Orb
|
|turn|2
|
|move|p1a: Azelf|Explosion|p2a: Starmie
|-damage|p2a: Starmie|0 fnt
|faint|p1a: Azelf
|faint|p2a: Starmie
|
|
|switch|p2a: Heatran|Heatran, M|323\/323
|switch|p1a: Mew|Mew|404\/404
|-damage|p2a: Heatran|283\/323|[from] Stealth Rock
|turn|3
|
|move|p2a: Heatran|Magma Storm|p1a: Mew
|-damage|p1a: Mew|241\/404
|-activate|p1a: Mew|move: Magma Storm|[of] p2a: Heatran
|move|p1a: Mew|Swords Dance|p1a: Mew
|-boost|p1a: Mew|atk|2
|
|-heal|p1a: Mew|266\/404|[from] item: Leftovers
|-damage|p1a: Mew|216\/404|[from] move: Magma Storm|[partiallytrapped]
|turn|4
|
|move|p2a: Heatran|Taunt|p1a: Mew
|-start|p1a: Mew|move: Taunt
|move|p1a: Mew|Drain Punch|p2a: Heatran
|-supereffective|p2a: Heatran
|-damage|p2a: Heatran|69\/323
|-heal|p1a: Mew|323\/404|[from] drain|[of] p2a: Heatran
|
|-heal|p1a: Mew|348\/404|[from] item: Leftovers
|-damage|p1a: Mew|298\/404|[from] move: Magma Storm|[partiallytrapped]
|turn|5
|
|switch|p2a: Landorus-Therian|Landorus-Therian, M|381\/381
|-damage|p2a: Landorus-Therian|334\/381|[from] Stealth Rock
|-ability|p2a: Landorus-Therian|Intimidate|[of] p1a: Mew
|-unboost|p1a: Mew|atk|1
|move|p1a: Mew|Drain Punch|p2a: Landorus-Therian
|-resisted|p2a: Landorus-Therian
|-damage|p2a: Landorus-Therian|302\/381
|-heal|p1a: Mew|314\/404|[from] drain|[of] p2a: Landorus-Therian
|
|-heal|p1a: Mew|339\/404|[from] item: Leftovers
|-heal|p2a: Landorus-Therian|325\/381|[from] item: Leftovers
|-end|p1a: Mew|Magma Storm|[partiallytrapped]
|turn|6
|
|move|p1a: Mew|Drain Punch|p2a: Landorus-Therian
|-resisted|p2a: Landorus-Therian
|-damage|p2a: Landorus-Therian|293\/381
|-heal|p1a: Mew|355\/404|[from] drain|[of] p2a: Landorus-Therian
|move|p2a: Landorus-Therian|Earthquake|p1a: Mew
|-damage|p1a: Mew|226\/404
|
|-heal|p1a: Mew|251\/404|[from] item: Leftovers
|-heal|p2a: Landorus-Therian|316\/381|[from] item: Leftovers
|-end|p1a: Mew|move: Taunt
|turn|7
|
|move|p1a: Mew|Baton Pass|p1a: Mew
|
|switch|p1a: Latias|Latias, F|301\/301
|move|p2a: Landorus-Therian|U-turn|p1a: Latias
|-supereffective|p1a: Latias
|-damage|p1a: Latias|141\/301
|
|switch|p2a: Scizor|Scizor, F|343\/343
|-damage|p2a: Scizor|301\/343|[from] Stealth Rock
|
|turn|8
|
|detailschange|p2a: Scizor|Scizor-Mega, F
|-mega|p2a: Scizor|Scizor|Scizorite
|move|p1a: Latias|Healing Wish|p1a: Latias
|faint|p1a: Latias
|move|p2a: Scizor|Swords Dance|p2a: Scizor
|-boost|p2a: Scizor|atk|2
|
|
|switch|p1a: Latios|Latios, M|301\/301
|-heal|p1a: Latios|301\/301|[from] move: Healing Wish
|turn|9
|
|move|p2a: Scizor|Bullet Punch|p1a: Latios
|-damage|p1a: Latios|30\/301
|move|p1a: Latios|Thunderbolt|p2a: Scizor
|-damage|p2a: Scizor|191\/343
|-damage|p1a: Latios|0 fnt|[from] item: Life Orb
|faint|p1a: Latios
|
|
|switch|p1a: Metagross|Metagross|301\/301
|turn|10
|
|detailschange|p1a: Metagross|Metagross-Mega
|-mega|p1a: Metagross|Metagross|Metagrossite
|move|p1a: Metagross|Hammer Arm|p2a: Scizor
|-damage|p2a: Scizor|68\/343
|-unboost|p1a: Metagross|spe|1
|move|p2a: Scizor|Knock Off|p1a: Metagross
|-supereffective|p1a: Metagross
|-damage|p1a: Metagross|97\/301
|
|turn|11
|
|switch|p1a: Mew|Mew|251\/404
|move|p2a: Scizor|Knock Off|p1a: Mew
|-supereffective|p1a: Mew
|-damage|p1a: Mew|0 fnt
|-enditem|p1a: Mew|Leftovers|[from] move: Knock Off|[of] p2a: Scizor
|faint|p1a: Mew
|
|
|switch|p1a: Metagross|Metagross-Mega|97\/301
|turn|12
|
|move|p2a: Scizor|Bullet Punch|p1a: Metagross
|-resisted|p1a: Metagross
|-damage|p1a: Metagross|28\/301
|move|p1a: Metagross|Meteor Mash|p2a: Scizor
|-resisted|p2a: Scizor
|-damage|p2a: Scizor|0 fnt
|-boost|p1a: Metagross|atk|1
|faint|p2a: Scizor
|
|
|switch|p2a: Landorus-Therian|Landorus-Therian, M|316\/381
|-damage|p2a: Landorus-Therian|269\/381|[from] Stealth Rock
|-ability|p2a: Landorus-Therian|Intimidate|[of] p1a: Metagross
|-unboost|p1a: Metagross|atk|1
|turn|13
|
|switch|p2a: Ferrothorn|Ferrothorn, F|352\/352
|-damage|p2a: Ferrothorn|330\/352|[from] Stealth Rock
|move|p1a: Metagross|Meteor Mash|p2a: Ferrothorn
|-resisted|p2a: Ferrothorn
|-damage|p2a: Ferrothorn|252\/352
|-damage|p1a: Metagross|0 fnt|[from] ability: Iron Barbs|[of] p2a: Ferrothorn
|faint|p1a: Metagross
|
|-heal|p2a: Ferrothorn|274\/352|[from] item: Leftovers
|
|switch|p1a: Jirachi|Jirachi|341\/341
|turn|14
|c|âSharpteeth|gg
|c|âGrimoireGod|gg
|-message|Sharpteeth forfeited.
|
|win|GrimoireGod
|raw|Ladder updating...
|leave|Sharpteeth
|player|p1
|raw|Sharpteeth's rating: 1654 &rarr; <strong>1626<\/strong><br \/>(-28 for losing)
|raw|GrimoireGod's rating: 1493 &rarr; <strong>1522<\/strong><br \/>(+29 for winning)