|join|WECAMEASROMANS
|join|Sharpteeth
|player|p1|WECAMEASROMANS|2
|player|p2|Sharpteeth|1
|gametype|singles
|gen|6
|tier|OU
|clearpoke
|poke|p1|Slowbro, M
|poke|p1|Chesnaught, F
|poke|p1|Raikou
|poke|p1|Heatran, M
|poke|p1|Dragonite, M
|poke|p1|Clefable, M
|poke|p2|Scizor, M
|poke|p2|Clefable, M
|poke|p2|Dugtrio, M
|poke|p2|Latias, F
|poke|p2|Tornadus-Therian, M
|poke|p2|Heatran, F
|rule|Swagger Clause: Swagger is banned
|rule|Baton Pass Clause: Limit one PokÃ©mon knowing Baton Pass
|rule|Sleep Clause Mod: Limit one foe put to sleep
|rule|Species Clause: Limit one of each PokÃ©mon
|rule|OHKO Clause: OHKO moves are banned
|rule|Moody Clause: Moody is banned
|rule|Evasion Moves Clause: Evasion moves are banned
|rule|Endless Battle Clause: Forcing endless battles is banned
|rule|HP Percentage Mod: HP is shown in percentages
|teampreview
|join|RS Meth
|c|âWECAMEASROMANS|gl :3
|
|start
|switch|p1a: Dragonite|Dragonite, M|385\/385
|switch|p2a: Tornadus-Therian|Tornadus-Therian, M|323\/323
|turn|1
|
|switch|p1a: fun|Slowbro, M|393\/393
|move|p2a: Tornadus-Therian|U-turn|p1a: fun
|-supereffective|p1a: fun
|-damage|p1a: fun|317\/393
|
|switch|p2a: Clefable|Clefable, M|394\/394
|
|turn|2
|
|move|p2a: Clefable|Calm Mind|p2a: Clefable
|-boost|p2a: Clefable|spa|1
|-boost|p2a: Clefable|spd|1
|move|p1a: fun|Calm Mind|p1a: fun
|-boost|p1a: fun|spa|1
|-boost|p1a: fun|spd|1
|
|turn|3
|
|move|p2a: Clefable|Moonblast|p1a: fun
|-damage|p1a: fun|212\/393
|move|p1a: fun|Calm Mind|p1a: fun
|-boost|p1a: fun|spa|1
|-boost|p1a: fun|spd|1
|
|turn|4
|
|detailschange|p1a: fun|Slowbro-Mega, M
|-mega|p1a: fun|Slowbro|Slowbronite
|move|p2a: Clefable|Calm Mind|p2a: Clefable
|-boost|p2a: Clefable|spa|1
|-boost|p2a: Clefable|spd|1
|move|p1a: fun|Iron Defense|p1a: fun
|-boost|p1a: fun|def|2
|
|turn|5
|c|âSharpteeth|...well, I can't win this
|c|âSharpteeth|team weak to slowbro
|c|âSharpteeth|noted
|
|move|p2a: Clefable|Moonblast|p1a: fun
|-damage|p1a: fun|104\/393
|-unboost|p1a: fun|spa|1
|move|p1a: fun|Slack Off|p1a: fun
|-heal|p1a: fun|301\/393
|
|turn|6
|
|move|p2a: Clefable|Calm Mind|p2a: Clefable
|-boost|p2a: Clefable|spa|1
|-boost|p2a: Clefable|spd|1
|move|p1a: fun|Calm Mind|p1a: fun
|-boost|p1a: fun|spa|1
|-boost|p1a: fun|spd|1
|
|turn|7
|
|move|p2a: Clefable|Calm Mind|p2a: Clefable
|-boost|p2a: Clefable|spa|1
|-boost|p2a: Clefable|spd|1
|move|p1a: fun|Calm Mind|p1a: fun
|-boost|p1a: fun|spa|1
|-boost|p1a: fun|spd|1
|
|turn|8
|
|move|p2a: Clefable|Calm Mind|p2a: Clefable
|-boost|p2a: Clefable|spa|1
|-boost|p2a: Clefable|spd|1
|move|p1a: fun|Calm Mind|p1a: fun
|-boost|p1a: fun|spa|1
|-boost|p1a: fun|spd|1
|
|turn|9
|
|move|p2a: Clefable|Moonblast|p1a: fun
|-damage|p1a: fun|181\/393
|move|p1a: fun|Calm Mind|p1a: fun
|-boost|p1a: fun|spa|1
|-boost|p1a: fun|spd|1
|
|turn|10
|
|move|p2a: Clefable|Moonblast|p1a: fun
|-damage|p1a: fun|82\/393
|move|p1a: fun|Slack Off|p1a: fun
|-heal|p1a: fun|279\/393
|
|turn|11
|
|move|p2a: Clefable|Calm Mind|p2a: Clefable
|-boost|p2a: Clefable|spa|1
|-boost|p2a: Clefable|spd|1
|move|p1a: fun|Iron Defense|p1a: fun
|-boost|p1a: fun|def|2
|
|turn|12
|
|move|p2a: Clefable|Moonblast|p1a: fun
|-damage|p1a: fun|162\/393
|move|p1a: fun|Scald|p2a: Clefable
|-damage|p2a: Clefable|279\/394
|-status|p2a: Clefable|brn
|
|-heal|p2a: Clefable|303\/394 brn|[from] item: Leftovers
|turn|13
|
|move|p2a: Clefable|Moonblast|p1a: fun
|-damage|p1a: fun|41\/393
|-unboost|p1a: fun|spa|1
|move|p1a: fun|Slack Off|p1a: fun
|-heal|p1a: fun|238\/393
|
|-heal|p2a: Clefable|327\/394 brn|[from] item: Leftovers
|turn|14
|
|move|p2a: Clefable|Moonblast|p1a: fun
|-damage|p1a: fun|136\/393
|-unboost|p1a: fun|spa|1
|move|p1a: fun|Slack Off|p1a: fun
|-heal|p1a: fun|333\/393
|
|-heal|p2a: Clefable|351\/394 brn|[from] item: Leftovers
|turn|15
|
|move|p2a: Clefable|Flamethrower|p1a: fun
|-resisted|p1a: fun
|-damage|p1a: fun|296\/393
|-status|p1a: fun|brn
|move|p1a: fun|Calm Mind|p1a: fun
|-boost|p1a: fun|spa|1
|
|-heal|p2a: Clefable|375\/394 brn|[from] item: Leftovers
|-damage|p1a: fun|247\/393 brn|[from] brn
|turn|16
|
|switch|p1a: Clefable|Clefable, M|393\/393
|move|p2a: Clefable|Flamethrower|p1a: Clefable
|-damage|p1a: Clefable|320\/393
|
|-heal|p2a: Clefable|394\/394 brn|[from] item: Leftovers
|-heal|p1a: Clefable|344\/393|[from] item: Leftovers
|turn|17
|c|âSharpteeth|son of a
|
|switch|p2a: Heatran|Heatran, F|324\/324
|-item|p2a: Heatran|Air Balloon
|move|p1a: Clefable|Heal Bell|p1a: Clefable
|-cureteam|p1a: Clefable|[from] move: HealBell
|
|-heal|p1a: Clefable|368\/393|[from] item: Leftovers
|turn|18
|
|move|p2a: Heatran|Stealth Rock|p1a: Clefable
|-sidestart|p1: WECAMEASROMANS|move: Stealth Rock
|move|p1a: Clefable|Moonblast|p2a: Heatran
|-resisted|p2a: Heatran
|-damage|p2a: Heatran|299\/324
|-enditem|p2a: Heatran|Air Balloon
|
|-heal|p1a: Clefable|392\/393|[from] item: Leftovers
|turn|19
|
|switch|p1a: Dragonite|Dragonite, M|385\/385
|-damage|p1a: Dragonite|289\/385|[from] Stealth Rock
|move|p2a: Heatran|Taunt|p1a: Dragonite
|-start|p1a: Dragonite|move: Taunt
|
|-heal|p1a: Dragonite|313\/385|[from] item: Leftovers
|turn|20
|
|switch|p2a: Scizor|Scizor, M|343\/343
|move|p1a: Dragonite|Earthquake|p2a: Scizor
|-damage|p2a: Scizor|270\/343
|
|-heal|p1a: Dragonite|337\/385|[from] item: Leftovers
|turn|21
|
|switch|p1a: Chesnaught|Chesnaught, F|379\/379
|-damage|p1a: Chesnaught|356\/379|[from] Stealth Rock
|detailschange|p2a: Scizor|Scizor-Mega, M
|-mega|p2a: Scizor|Scizor|Scizorite
|move|p2a: Scizor|Swords Dance|p2a: Scizor
|-boost|p2a: Scizor|atk|2
|
|-heal|p1a: Chesnaught|379\/379|[from] item: Leftovers
|turn|22
|
|move|p2a: Scizor|Swords Dance|p2a: Scizor
|-boost|p2a: Scizor|atk|2
|move|p1a: Chesnaught|Leech Seed|p2a: Scizor
|-start|p2a: Scizor|move: Leech Seed
|
|-damage|p2a: Scizor|228\/343|[from] Leech Seed|[of] p1a: Chesnaught
|turn|23
|
|switch|p1a: Heatran|Heatran, M|337\/337
|-damage|p1a: Heatran|295\/337|[from] Stealth Rock
|move|p2a: Scizor|Knock Off|p1a: Heatran
|-damage|p1a: Heatran|0 fnt
|-enditem|p1a: Heatran|Leftovers|[from] move: Knock Off|[of] p2a: Scizor
|faint|p1a: Heatran
|
|
|switch|p1a: Chesnaught|Chesnaught, F|379\/379
|-damage|p1a: Chesnaught|356\/379|[from] Stealth Rock
|turn|24
|
|switch|p2a: Heatran|Heatran, F|299\/324
|move|p1a: Chesnaught|Drain Punch|p2a: Heatran
|-supereffective|p2a: Heatran
|-damage|p2a: Heatran|131\/324
|-heal|p1a: Chesnaught|379\/379|[from] drain|[of] p2a: Heatran
|
|turn|25
|join|ese yunstall
|
|switch|p1a: Dragonite|Dragonite, M|337\/385
|-damage|p1a: Dragonite|241\/385|[from] Stealth Rock
|move|p2a: Heatran|Fire Blast|p1a: Dragonite
|-resisted|p1a: Dragonite
|-damage|p1a: Dragonite|161\/385
|
|-heal|p1a: Dragonite|185\/385|[from] item: Leftovers
|turn|26
|
|switch|p2a: Scizor|Scizor-Mega, M|228\/343
|move|p1a: Dragonite|Earthquake|p2a: Scizor
|-damage|p2a: Scizor|162\/343
|
|-heal|p1a: Dragonite|209\/385|[from] item: Leftovers
|turn|27
|
|move|p1a: Dragonite|Roost|p1a: Dragonite
|-heal|p1a: Dragonite|385\/385
|move|p2a: Scizor|Knock Off|p1a: Dragonite
|-damage|p1a: Dragonite|330\/385
|-enditem|p1a: Dragonite|Leftovers|[from] move: Knock Off|[of] p2a: Scizor
|
|turn|28
|leave|ese yunstall
|
|switch|p1a: Chesnaught|Chesnaught, F|379\/379
|-damage|p1a: Chesnaught|356\/379|[from] Stealth Rock
|move|p2a: Scizor|Roost|p2a: Scizor
|-heal|p2a: Scizor|334\/343
|
|-heal|p1a: Chesnaught|379\/379|[from] item: Leftovers
|turn|29
|
|switch|p2a: Clefable|Clefable, M|394\/394 brn
|move|p1a: Chesnaught|Leech Seed|p2a: Clefable|[miss]
|-miss|p1a: Chesnaught|p2a: Clefable
|
|turn|30
|join|PragaSV
|
|switch|p1a: Clefable|Clefable, M|392\/393
|-damage|p1a: Clefable|343\/393|[from] Stealth Rock
|move|p2a: Clefable|Moonblast|p1a: Clefable
|-damage|p1a: Clefable|217\/393
|
|-heal|p1a: Clefable|241\/393|[from] item: Leftovers
|turn|31
|
|move|p2a: Clefable|Calm Mind|p2a: Clefable
|-boost|p2a: Clefable|spa|1
|-boost|p2a: Clefable|spd|1
|move|p1a: Clefable|Calm Mind|p1a: Clefable
|-boost|p1a: Clefable|spa|1
|-boost|p1a: Clefable|spd|1
|
|-heal|p1a: Clefable|265\/393|[from] item: Leftovers
|turn|32
|c| PragaSV|why
|c| PragaSV|just
|
|switch|p2a: Heatran|Heatran, F|131\/324
|move|p1a: Clefable|Calm Mind|p1a: Clefable
|-boost|p1a: Clefable|spa|1
|-boost|p1a: Clefable|spd|1
|
|-heal|p1a: Clefable|289\/393|[from] item: Leftovers
|turn|33
|c| PragaSV|WHY
|c| PragaSV|taunt op
|join|pastry man
|
|move|p2a: Heatran|Taunt|p1a: Clefable
|-start|p1a: Clefable|move: Taunt
|move|p1a: Clefable|Moonblast|p2a: Heatran
|-resisted|p2a: Heatran
|-damage|p2a: Heatran|77\/324
|
|-heal|p1a: Clefable|313\/393|[from] item: Leftovers
|turn|34
|
|move|p2a: Heatran|Fire Blast|p1a: Clefable
|-damage|p1a: Clefable|202\/393
|move|p1a: Clefable|Moonblast|p2a: Heatran
|-resisted|p2a: Heatran
|-damage|p2a: Heatran|30\/324
|
|-heal|p1a: Clefable|226\/393|[from] item: Leftovers
|turn|35
|join|Rawk Hawk
|
|move|p2a: Heatran|Fire Blast|p1a: Clefable
|-damage|p1a: Clefable|120\/393
|move|p1a: Clefable|Moonblast|p2a: Heatran
|-resisted|p2a: Heatran
|-damage|p2a: Heatran|0 fnt
|faint|p2a: Heatran
|
|-heal|p1a: Clefable|144\/393|[from] item: Leftovers
|-end|p1a: Clefable|move: Taunt
|
|switch|p2a: Scizor|Scizor-Mega, M|334\/343
|turn|36
|
|switch|p1a: Chesnaught|Chesnaught, F|379\/379
|-damage|p1a: Chesnaught|356\/379|[from] Stealth Rock
|move|p2a: Scizor|Knock Off|p1a: Chesnaught
|-resisted|p1a: Chesnaught
|-damage|p1a: Chesnaught|319\/379
|-enditem|p1a: Chesnaught|Leftovers|[from] move: Knock Off|[of] p2a: Scizor
|
|turn|37
|
|switch|p2a: Clefable|Clefable, M|394\/394 brn
|move|p1a: Chesnaught|Leech Seed|p2a: Clefable
|-start|p2a: Clefable|move: Leech Seed
|
|turn|38
|
|switch|p1a: Clefable|Clefable, M|144\/393
|-damage|p1a: Clefable|95\/393|[from] Stealth Rock
|move|p2a: Clefable|Moonblast|p1a: Clefable
|-damage|p1a: Clefable|0 fnt
|faint|p1a: Clefable
|
|join|lil manaphy
|
|switch|p1a: fun|Slowbro-Mega, M|247\/393
|-damage|p1a: fun|198\/393|[from] Stealth Rock
|turn|39
|join|Acrokid098
|c|âWECAMEASROMANS|okay no flamethrower burn this time pls
|join|Beevo13
|
|move|p2a: Clefable|Flamethrower|p1a: fun
|-resisted|p1a: fun
|-damage|p1a: fun|160\/393
|move|p1a: fun|Slack Off|p1a: fun
|-heal|p1a: fun|357\/393
|
|turn|40
|c| lil manaphy|hes goin
|c| lil manaphy|hes goin for it
|
|move|p2a: Clefable|Calm Mind|p2a: Clefable
|-boost|p2a: Clefable|spa|1
|-boost|p2a: Clefable|spd|1
|move|p1a: fun|Calm Mind|p1a: fun
|-boost|p1a: fun|spa|1
|-boost|p1a: fun|spd|1
|
|turn|41
|join|Heatran User
|c| Acrokid098|And it begins :P XD
|c| lil manaphy|honestly? wheres the toxic
|c| PragaSV|is this even fun?
|
|move|p2a: Clefable|Calm Mind|p2a: Clefable
|-boost|p2a: Clefable|spa|1
|-boost|p2a: Clefable|spd|1
|move|p1a: fun|Calm Mind|p1a: fun
|-boost|p1a: fun|spa|1
|-boost|p1a: fun|spd|1
|
|turn|42
|c| lil manaphy|mega slowbro is never fun
|c| lil manaphy|this is why i have perish song celebi
|c| PragaSV|lol
|join|m00n's blanket
|
|move|p2a: Clefable|Calm Mind|p2a: Clefable
|-boost|p2a: Clefable|spa|1
|-boost|p2a: Clefable|spd|1
|move|p1a: fun|Calm Mind|p1a: fun
|-boost|p1a: fun|spa|1
|-boost|p1a: fun|spd|1
|
|turn|43
|c| m00n's blanket|wcar !!!!
|c| m00n's blanket|sucks
|
|move|p2a: Clefable|Calm Mind|p2a: Clefable
|-boost|p2a: Clefable|spa|1
|-boost|p2a: Clefable|spd|1
|move|p1a: fun|Iron Defense|p1a: fun
|-boost|p1a: fun|def|2
|
|turn|44
|c| PragaSV|you could just run taunt
|
|move|p2a: Clefable|Calm Mind|p2a: Clefable
|-boost|p2a: Clefable|spa|1
|-boost|p2a: Clefable|spd|1
|move|p1a: fun|Calm Mind|p1a: fun
|-boost|p1a: fun|spa|1
|-boost|p1a: fun|spd|1
|
|turn|45
|c| PragaSV|\/\/ds taunt, electric type
|
|move|p2a: Clefable|Calm Mind|p2a: Clefable
|-boost|p2a: Clefable|spa|1
|-boost|p2a: Clefable|spd|1
|move|p1a: fun|Calm Mind|p1a: fun
|-boost|p1a: fun|spa|1
|-boost|p1a: fun|spd|1
|
|turn|46
|c| PragaSV|not many
|c| Heatran User|Thundy
|
|move|p2a: Clefable|Flamethrower|p1a: fun
|-resisted|p1a: fun
|-damage|p1a: fun|319\/393
|-status|p1a: fun|brn
|move|p1a: fun|Calm Mind|p1a: fun
|-boost|p1a: fun|spa|1
|-boost|p1a: fun|spd|1
|
|-damage|p1a: fun|270\/393 brn|[from] brn
|turn|47
|c|âWECAMEASROMANS|fk dat
|-message|WECAMEASROMANS forfeited.
|
|win|Sharpteeth
|leave|WECAMEASROMANS
|player|p1
|c|âSharpteeth|wooo
|c| PragaSV|lol
|c| Heatran User|Lol
|c| PragaSV|RAGEQUIT
|leave|PragaSV
|leave|RS Meth
|leave|Beevo13
|leave|Acrokid098
|leave|Sharpteeth
|leave|Heatran User
|player|p2
|leave|pastry man