|join|Sharpteeth
|join|Dragon Stone
|join|jacksorIs
|player|p1|Sharpteeth|1
|player|p2|Dragon Stone|151
|gametype|singles
|gen|6
|tier|OU
|rated
|clearpoke
|poke|p1|Weavile, M
|poke|p1|Diancie
|poke|p1|Skarmory, M
|poke|p1|Latias, F
|poke|p1|Magnezone
|poke|p1|Garchomp, M
|poke|p2|Gengar, M
|poke|p2|Meloetta
|poke|p2|Conkeldurr, M
|poke|p2|Ferrothorn, M
|poke|p2|Swampert, M
|poke|p2|Landorus, M
|rule|Swagger Clause: Swagger is banned
|rule|Baton Pass Clause: Limit one PokÃ©mon knowing Baton Pass
|rule|Sleep Clause Mod: Limit one foe put to sleep
|rule|Species Clause: Limit one of each PokÃ©mon
|rule|OHKO Clause: OHKO moves are banned
|rule|Moody Clause: Moody is banned
|rule|Evasion Moves Clause: Evasion moves are banned
|rule|Endless Battle Clause: Forcing endless battles is banned
|rule|HP Percentage Mod: HP is shown in percentages
|teampreview
|c|âSharpteeth|gl
|join|CleanerThanRotom-W
|
|start
|switch|p1a: Panic Button|Skarmory, M|334\/334
|switch|p2a: Phantom|Gengar, M|262\/262
|turn|1
|leave|CleanerThanRotom-W
|c|âDragon Stone|gl..
|
|switch|p1a: Broom Head|Weavile, M|282\/282
|-ability|p1a: Broom Head|Pressure
|move|p2a: Phantom|Shadow Ball|p1a: Broom Head
|-resisted|p1a: Broom Head
|-damage|p1a: Broom Head|177\/282
|-damage|p2a: Phantom|236\/262|[from] item: Life Orb
|
|turn|2
|
|switch|p2a: Tytannial|Ferrothorn, M|352\/352
|move|p1a: Broom Head|Knock Off|p2a: Tytannial
|-damage|p2a: Tytannial|219\/352
|-damage|p1a: Broom Head|142\/282|[from] ability: Iron Barbs|[of] p2a: Tytannial
|-damage|p1a: Broom Head|95\/282|[from] item: Rocky Helmet|[of] p2a: Tytannial
|-enditem|p2a: Tytannial|Rocky Helmet|[from] move: Knock Off|[of] p1a: Broom Head
|-damage|p1a: Broom Head|67\/282|[from] item: Life Orb
|
|turn|3
|
|switch|p1a: Tinfoil Hat|Magnezone|319\/319
|move|p2a: Tytannial|Stealth Rock|p1a: Tinfoil Hat
|-sidestart|p1: Sharpteeth|move: Stealth Rock
|
|turn|4
|
|move|p1a: Tinfoil Hat|Hidden Power|p2a: Tytannial
|-crit|p2a: Tytannial
|-supereffective|p2a: Tytannial
|-damage|p2a: Tytannial|0 fnt
|faint|p2a: Tytannial
|
|
|switch|p2a: Phantom|Gengar, M|236\/262
|turn|5
|
|move|p2a: Phantom|Focus Blast|p1a: Tinfoil Hat
|-crit|p1a: Tinfoil Hat
|-supereffective|p1a: Tinfoil Hat
|-damage|p1a: Tinfoil Hat|0 fnt
|-damage|p2a: Phantom|210\/262|[from] item: Life Orb
|faint|p1a: Tinfoil Hat
|
|
|switch|p1a: Garden Gnome|Diancie|241\/241
|-damage|p1a: Garden Gnome|211\/241|[from] Stealth Rock
|turn|6
|
|switch|p2a: Predator|Swampert, M|404\/404
|detailschange|p1a: Garden Gnome|Diancie-Mega
|-mega|p1a: Garden Gnome|Diancie|Diancite
|move|p1a: Garden Gnome|Protect|p1a: Garden Gnome
|-fail|p1a: Garden Gnome
|
|turn|7
|
|switch|p1a: Rubber Duck|Latias, F|344\/344
|-damage|p1a: Rubber Duck|301\/344|[from] Stealth Rock
|detailschange|p2a: Predator|Swampert-Mega, M
|-mega|p2a: Predator|Swampert|Swampertite
|move|p2a: Predator|Waterfall|p1a: Rubber Duck
|-resisted|p1a: Rubber Duck
|-damage|p1a: Rubber Duck|226\/344
|
|-heal|p1a: Rubber Duck|247\/344|[from] item: Leftovers
|turn|8
|
|move|p1a: Rubber Duck|Defog|p2a: Predator
|-unboost|p2a: Predator|evasion|1
|-sideend|p1: Sharpteeth|Stealth Rock|[from] move: Defog|[of] p1a: Rubber Duck
|move|p2a: Predator|Curse|p2a: Predator
|-boost|p2a: Predator|atk|1
|-boost|p2a: Predator|def|1
|-unboost|p2a: Predator|spe|1
|
|-heal|p1a: Rubber Duck|268\/344|[from] item: Leftovers
|turn|9
|
|move|p1a: Rubber Duck|Draco Meteor|p2a: Predator
|-damage|p2a: Predator|286\/404
|-unboost|p1a: Rubber Duck|spa|2
|move|p2a: Predator|Curse|p2a: Predator
|-boost|p2a: Predator|atk|1
|-boost|p2a: Predator|def|1
|-unboost|p2a: Predator|spe|1
|
|-heal|p1a: Rubber Duck|289\/344|[from] item: Leftovers
|turn|10
|c| jacksorIs|LOOOOOOL
|
|move|p1a: Rubber Duck|Healing Wish|p1a: Rubber Duck
|faint|p1a: Rubber Duck
|move|p2a: Predator|Curse|p2a: Predator
|-boost|p2a: Predator|atk|1
|-boost|p2a: Predator|def|1
|-unboost|p2a: Predator|spe|1
|
|
|switch|p1a: Broom Head|Weavile, M|67\/282
|-heal|p1a: Broom Head|282\/282|[from] move: Healing Wish
|-ability|p1a: Broom Head|Pressure
|turn|11
|
|switch|p1a: Panic Button|Skarmory, M|334\/334
|move|p2a: Predator|Waterfall|p1a: Panic Button
|-damage|p1a: Panic Button|96\/334
|-enditem|p1a: Panic Button|Red Card|[of] p2a: Predator
|drag|p2a: Zelda|Meloetta|404\/404
|
|turn|12
|c| jacksorIs|aw
|
|switch|p2a: Phantom|Gengar, M|210\/262
|move|p1a: Panic Button|Stealth Rock|p2a: Phantom
|-sidestart|p2: Dragon Stone|move: Stealth Rock
|
|turn|13
|
|move|p2a: Phantom|Shadow Ball|p1a: Panic Button
|-damage|p1a: Panic Button|0 fnt
|-damage|p2a: Phantom|184\/262|[from] item: Life Orb
|faint|p1a: Panic Button
|
|
|switch|p1a: Broom Head|Weavile, M|282\/282
|-ability|p1a: Broom Head|Pressure
|turn|14
|
|switch|p2a: Heihachi|Conkeldurr, M|383\/383
|-damage|p2a: Heihachi|360\/383|[from] Stealth Rock
|move|p1a: Broom Head|Knock Off|p2a: Heihachi
|-resisted|p2a: Heihachi
|-damage|p2a: Heihachi|244\/383
|-enditem|p2a: Heihachi|Assault Vest|[from] move: Knock Off|[of] p1a: Broom Head
|-damage|p1a: Broom Head|254\/282|[from] item: Life Orb
|
|turn|15
|
|switch|p1a: Hot Stove|Garchomp, M|420\/420
|move|p2a: Heihachi|Drain Punch|p1a: Hot Stove
|-damage|p1a: Hot Stove|321\/420
|-heal|p2a: Heihachi|294\/383|[from] drain|[of] p1a: Hot Stove
|-damage|p2a: Heihachi|247\/383|[from] ability: Rough Skin|[of] p1a: Hot Stove
|-damage|p2a: Heihachi|184\/383|[from] item: Rocky Helmet|[of] p1a: Hot Stove
|
|turn|16
|c| jacksorIs|dude storm ive missed 8\/10 hurricanes
|c| jacksorIs|in my last 5 matches
|c| jacksorIs|fkn hell
|
|move|p1a: Hot Stove|Earthquake|p2a: Heihachi
|-damage|p2a: Heihachi|28\/383
|move|p2a: Heihachi|Ice Punch|p1a: Hot Stove
|-supereffective|p1a: Hot Stove
|-damage|p1a: Hot Stove|45\/420
|-damage|p2a: Heihachi|0 fnt|[from] ability: Rough Skin|[of] p1a: Hot Stove
|faint|p2a: Heihachi
|
|
|switch|p2a: Phantom|Gengar, M|184\/262
|-damage|p2a: Phantom|152\/262|[from] Stealth Rock
|turn|17
|
|move|p2a: Phantom|Sludge Wave|p1a: Hot Stove
|-resisted|p1a: Hot Stove
|-damage|p1a: Hot Stove|0 fnt
|-damage|p2a: Phantom|126\/262|[from] item: Life Orb
|faint|p1a: Hot Stove
|
|
|switch|p1a: Broom Head|Weavile, M|254\/282
|-ability|p1a: Broom Head|Pressure
|turn|18
|
|move|p1a: Broom Head|Knock Off|p2a: Phantom
|-supereffective|p2a: Phantom
|-damage|p2a: Phantom|0 fnt
|-enditem|p2a: Phantom|Life Orb|[from] move: Knock Off|[of] p1a: Broom Head
|-damage|p1a: Broom Head|226\/282|[from] item: Life Orb
|faint|p2a: Phantom
|
|
|switch|p2a: Predator|Swampert-Mega, M|286\/404
|-damage|p2a: Predator|261\/404|[from] Stealth Rock
|turn|19
|
|switch|p1a: Garden Gnome|Diancie-Mega|211\/241
|move|p2a: Predator|Waterfall|p1a: Garden Gnome
|-supereffective|p1a: Garden Gnome
|-damage|p1a: Garden Gnome|0 fnt
|faint|p1a: Garden Gnome
|
|
|switch|p1a: Broom Head|Weavile, M|226\/282
|-ability|p1a: Broom Head|Pressure
|turn|20
|
|move|p1a: Broom Head|Icicle Crash|p2a: Predator
|-damage|p2a: Predator|80\/404
|-damage|p1a: Broom Head|198\/282|[from] item: Life Orb
|move|p2a: Predator|Waterfall|p1a: Broom Head
|-damage|p1a: Broom Head|6\/282
|
|turn|21
|c|âSharpteeth|gg
|c|âDragon Stone|gg
|
|switch|p2a: Enten|Landorus, M|319\/319
|-damage|p2a: Enten|280\/319|[from] Stealth Rock
|move|p1a: Broom Head|Icicle Crash|p2a: Enten
|-supereffective|p2a: Enten
|-damage|p2a: Enten|0 fnt
|-damage|p1a: Broom Head|0 fnt|[from] item: Life Orb
|faint|p2a: Enten
|faint|p1a: Broom Head
|
|win|Dragon Stone
|raw|Ladder updating...
|raw|Sharpteeth's rating: 1657 &rarr; <strong>1640<\/strong><br \/>(-17 for losing)
|raw|Dragon Stone's rating: 1716 &rarr; <strong>1733<\/strong><br \/>(+17 for winning)