|join|Sharpteeth
|join|goodnewsbears
|join|pastry man
|player|p1|Sharpteeth|1
|player|p2|goodnewsbears|170
|gametype|singles
|gen|6
|tier|OU
|rated
|clearpoke
|poke|p1|Weavile, F
|poke|p1|Diancie
|poke|p1|Skarmory, F
|poke|p1|Latias, F
|poke|p1|Magnezone
|poke|p1|Garchomp, F
|poke|p2|Medicham, M
|poke|p2|Heatran, M
|poke|p2|Smeargle, M
|poke|p2|Landorus-Therian, M
|poke|p2|Thundurus, M
|poke|p2|Sylveon, M
|rule|Swagger Clause: Swagger is banned
|rule|Baton Pass Clause: Limit one PokÃ©mon knowing Baton Pass
|rule|Sleep Clause Mod: Limit one foe put to sleep
|rule|Species Clause: Limit one of each PokÃ©mon
|rule|OHKO Clause: OHKO moves are banned
|rule|Moody Clause: Moody is banned
|rule|Evasion Moves Clause: Evasion moves are banned
|rule|Endless Battle Clause: Forcing endless battles is banned
|rule|HP Percentage Mod: HP is shown in percentages
|teampreview
|c| pastry man|sharpteth why u arent using lando-t with outrage its so op xD
|
|start
|switch|p1a: Garden Gnome|Diancie|241\/241
|switch|p2a: Smeargle|Smeargle, M|314\/314
|turn|1
|
|detailschange|p1a: Garden Gnome|Diancie-Mega
|-mega|p1a: Garden Gnome|Diancie|Diancite
|move|p2a: Smeargle|Spore|p1a: Garden Gnome
|move|p1a: Garden Gnome|Spore|p2a: Smeargle|[from]Magic Bounce
|-status|p2a: Smeargle|slp
|move|p1a: Garden Gnome|Moonblast|p2a: Smeargle
|-enditem|p2a: Smeargle|Focus Sash
|-damage|p2a: Smeargle|1\/314 slp
|-unboost|p2a: Smeargle|spa|1
|
|turn|2
|
|move|p1a: Garden Gnome|Diamond Storm|p2a: Smeargle
|-damage|p2a: Smeargle|0 fnt
|faint|p2a: Smeargle
|
|
|switch|p2a: Medicham|Medicham, M|261\/261
|turn|3
|
|detailschange|p2a: Medicham|Medicham-Mega, M
|-mega|p2a: Medicham|Medicham|Medichamite
|move|p1a: Garden Gnome|Protect|p1a: Garden Gnome
|-singleturn|p1a: Garden Gnome|Protect
|move|p2a: Medicham|Bullet Punch|p1a: Garden Gnome
|-activate|p1a: Garden Gnome|Protect
|
|turn|4
|c|âSharpteeth|mmm
|c|âSharpteeth|this thing's dangerous
|
|switch|p1a: Hot Stove|Garchomp, F|420\/420
|move|p2a: Medicham|High Jump Kick|p1a: Hot Stove
|-damage|p1a: Hot Stove|95\/420
|-damage|p2a: Medicham|229\/261|[from] ability: Rough Skin|[of] p1a: Hot Stove
|-damage|p2a: Medicham|186\/261|[from] item: Rocky Helmet|[of] p1a: Hot Stove
|
|turn|5
|c| pastry man|i forgot about bullet punch lol
|
|switch|p1a: Rubber Duck|Latias, F|344\/344
|move|p2a: Medicham|Bullet Punch|p1a: Rubber Duck
|-damage|p1a: Rubber Duck|251\/344
|
|-heal|p1a: Rubber Duck|272\/344|[from] item: Leftovers
|turn|6
|
|switch|p1a: Panic Button|Skarmory, F|334\/334
|switch|p2a: Heatran|Heatran, M|330\/330
|
|turn|7
|
|move|p2a: Heatran|Lava Plume|p1a: Panic Button
|-supereffective|p1a: Panic Button
|-damage|p1a: Panic Button|14\/334
|-status|p1a: Panic Button|brn
|-enditem|p1a: Panic Button|Red Card|[of] p2a: Heatran
|drag|p2a: Landorus-Therian|Landorus-Therian, M|319\/319
|-ability|p2a: Landorus-Therian|Intimidate|[of] p1a: Panic Button
|-unboost|p1a: Panic Button|atk|1
|move|p1a: Panic Button|Stealth Rock|p2a: Landorus-Therian
|-sidestart|p2: goodnewsbears|move: Stealth Rock
|
|-damage|p1a: Panic Button|0 fnt|[from] brn
|faint|p1a: Panic Button
|
|switch|p1a: Broom Head|Weavile, F|282\/282
|-ability|p1a: Broom Head|Pressure
|turn|8
|
|move|p1a: Broom Head|Ice Shard|p2a: Landorus-Therian
|-supereffective|p2a: Landorus-Therian
|-damage|p2a: Landorus-Therian|0 fnt
|-damage|p1a: Broom Head|254\/282|[from] item: Life Orb
|faint|p2a: Landorus-Therian
|
|
|switch|p2a: Medicham|Medicham-Mega, M|186\/261
|-damage|p2a: Medicham|170\/261|[from] Stealth Rock
|turn|9
|
|switch|p1a: Hot Stove|Garchomp, F|95\/420
|move|p2a: Medicham|High Jump Kick|p1a: Hot Stove
|-damage|p1a: Hot Stove|0 fnt
|-damage|p2a: Medicham|138\/261|[from] ability: Rough Skin|[of] p1a: Hot Stove
|-damage|p2a: Medicham|95\/261|[from] item: Rocky Helmet|[of] p1a: Hot Stove
|faint|p1a: Hot Stove
|
|
|switch|p1a: Rubber Duck|Latias, F|272\/344
|turn|10
|
|switch|p2a: Heatran|Heatran, M|330\/330
|-damage|p2a: Heatran|289\/330|[from] Stealth Rock
|move|p1a: Rubber Duck|Draco Meteor|p2a: Heatran
|-resisted|p2a: Heatran
|-damage|p2a: Heatran|217\/330
|-unboost|p1a: Rubber Duck|spa|2
|
|-heal|p1a: Rubber Duck|293\/344|[from] item: Leftovers
|-heal|p2a: Heatran|237\/330|[from] item: Leftovers
|turn|11
|
|switch|p1a: Tinfoil Hat|Magnezone|319\/319
|move|p2a: Heatran|Stealth Rock|p1a: Tinfoil Hat
|-sidestart|p1: Sharpteeth|move: Stealth Rock
|
|-heal|p2a: Heatran|257\/330|[from] item: Leftovers
|turn|12
|
|switch|p1a: Garden Gnome|Diancie-Mega|241\/241
|-damage|p1a: Garden Gnome|211\/241|[from] Stealth Rock
|move|p2a: Heatran|Lava Plume|p1a: Garden Gnome
|-resisted|p1a: Garden Gnome
|-damage|p1a: Garden Gnome|147\/241
|-status|p1a: Garden Gnome|brn
|
|-heal|p2a: Heatran|277\/330|[from] item: Leftovers
|-damage|p1a: Garden Gnome|117\/241 brn|[from] brn
|turn|13
|
|move|p2a: Heatran|Protect|p2a: Heatran
|-singleturn|p2a: Heatran|Protect
|move|p1a: Garden Gnome|Earth Power|p2a: Heatran
|-activate|p2a: Heatran|Protect
|
|-heal|p2a: Heatran|297\/330|[from] item: Leftovers
|-damage|p1a: Garden Gnome|87\/241 brn|[from] brn
|turn|14
|
|switch|p2a: Thundurus|Thundurus, M|299\/299
|-damage|p2a: Thundurus|225\/299|[from] Stealth Rock
|move|p1a: Garden Gnome|Moonblast|p2a: Thundurus
|-damage|p2a: Thundurus|0 fnt
|faint|p2a: Thundurus
|
|-damage|p1a: Garden Gnome|57\/241 brn|[from] brn
|
|switch|p2a: Medicham|Medicham-Mega, M|95\/261
|-damage|p2a: Medicham|79\/261|[from] Stealth Rock
|turn|15
|
|switch|p1a: Rubber Duck|Latias, F|293\/344
|-damage|p1a: Rubber Duck|250\/344|[from] Stealth Rock
|move|p2a: Medicham|Fake Out|p1a: Rubber Duck
|-damage|p1a: Rubber Duck|152\/344
|
|-heal|p1a: Rubber Duck|173\/344|[from] item: Leftovers
|turn|16
|
|move|p1a: Rubber Duck|Draco Meteor|p2a: Medicham
|-damage|p2a: Medicham|0 fnt
|-unboost|p1a: Rubber Duck|spa|2
|faint|p2a: Medicham
|
|-heal|p1a: Rubber Duck|194\/344|[from] item: Leftovers
|
|switch|p2a: Heatran|Heatran, M|297\/330
|-damage|p2a: Heatran|256\/330|[from] Stealth Rock
|turn|17
|
|switch|p2a: Sylveon|Sylveon, M|331\/331
|-damage|p2a: Sylveon|290\/331|[from] Stealth Rock
|move|p1a: Rubber Duck|Healing Wish|p1a: Rubber Duck
|faint|p1a: Rubber Duck
|
|
|switch|p1a: Garden Gnome|Diancie-Mega|57\/241 brn
|-heal|p1a: Garden Gnome|241\/241|[from] move: Healing Wish
|-damage|p1a: Garden Gnome|211\/241|[from] Stealth Rock
|turn|18
|
|switch|p1a: Tinfoil Hat|Magnezone|319\/319
|-damage|p1a: Tinfoil Hat|300\/319|[from] Stealth Rock
|move|p2a: Sylveon|Hyper Voice|p1a: Tinfoil Hat
|-resisted|p1a: Tinfoil Hat
|-damage|p1a: Tinfoil Hat|136\/319
|
|turn|19
|
|move|p2a: Sylveon|Hyper Voice|p1a: Tinfoil Hat
|-crit|p1a: Tinfoil Hat
|-resisted|p1a: Tinfoil Hat
|-damage|p1a: Tinfoil Hat|0 fnt
|faint|p1a: Tinfoil Hat
|
|
|switch|p1a: Broom Head|Weavile, F|254\/282
|-damage|p1a: Broom Head|184\/282|[from] Stealth Rock
|-ability|p1a: Broom Head|Pressure
|turn|20
|
|switch|p2a: Heatran|Heatran, M|256\/330
|-damage|p2a: Heatran|215\/330|[from] Stealth Rock
|move|p1a: Broom Head|Knock Off|p2a: Heatran
|-damage|p2a: Heatran|28\/330
|-enditem|p2a: Heatran|Leftovers|[from] move: Knock Off|[of] p1a: Broom Head
|-damage|p1a: Broom Head|156\/282|[from] item: Life Orb
|
|turn|21
|join|Venancio12
|
|move|p1a: Broom Head|Knock Off|p2a: Heatran
|-damage|p2a: Heatran|0 fnt
|-damage|p1a: Broom Head|128\/282|[from] item: Life Orb
|faint|p2a: Heatran
|
|
|switch|p2a: Sylveon|Sylveon, M|290\/331
|-damage|p2a: Sylveon|249\/331|[from] Stealth Rock
|turn|22
|join|Rawk Hawk
|
|move|p1a: Broom Head|Knock Off|p2a: Sylveon
|-resisted|p2a: Sylveon
|-damage|p2a: Sylveon|94\/331
|-enditem|p2a: Sylveon|Choice Specs|[from] move: Knock Off|[of] p1a: Broom Head
|-damage|p1a: Broom Head|100\/282|[from] item: Life Orb
|move|p2a: Sylveon|Hyper Voice|p1a: Broom Head
|-supereffective|p1a: Broom Head
|-damage|p1a: Broom Head|0 fnt
|faint|p1a: Broom Head
|
|
|switch|p1a: Garden Gnome|Diancie-Mega|211\/241
|-damage|p1a: Garden Gnome|181\/241|[from] Stealth Rock
|turn|23
|
|move|p1a: Garden Gnome|Moonblast|p2a: Sylveon
|-damage|p2a: Sylveon|0 fnt
|faint|p2a: Sylveon
|
|win|Sharpteeth
|raw|Ladder updating...
|raw|Sharpteeth's rating: 1567 &rarr; <strong>1585<\/strong><br \/>(+18 for winning)
|raw|goodnewsbears's rating: 1535 &rarr; <strong>1517<\/strong><br \/>(-18 for losing)