|join|Gnarlboro
|join|Sharpteeth
|player|p1|Gnarlboro|271
|player|p2|Sharpteeth|1
|gametype|singles
|gen|6
|tier|OU
|clearpoke
|poke|p1|Slowbro, M, shiny
|poke|p1|Hippowdon, F
|poke|p1|Skarmory, M
|poke|p1|Chansey, F
|poke|p1|Clefable, M
|poke|p1|Amoonguss, M, shiny
|poke|p2|Weavile, M
|poke|p2|Diancie
|poke|p2|Skarmory, M
|poke|p2|Latias, F
|poke|p2|Magnezone
|poke|p2|Garchomp, F
|rule|Swagger Clause: Swagger is banned
|rule|Baton Pass Clause: Limit one PokÃ©mon knowing Baton Pass
|rule|Sleep Clause Mod: Limit one foe put to sleep
|rule|Species Clause: Limit one of each PokÃ©mon
|rule|OHKO Clause: OHKO moves are banned
|rule|Moody Clause: Moody is banned
|rule|Evasion Moves Clause: Evasion moves are banned
|rule|Endless Battle Clause: Forcing endless battles is banned
|rule|HP Percentage Mod: HP is shown in percentages
|teampreview
|join|Closer 2 the sun
|join|Omegasization
|join|IamChow
|join|Zephu
|
|start
|switch|p1a: Hippowdon|Hippowdon, F|420\/420
|switch|p2a: Garden Gnome|Diancie|241\/241
|-weather|Sandstorm
|turn|1
|join|Draeden
|
|detailschange|p2a: Garden Gnome|Diancie-Mega
|-mega|p2a: Garden Gnome|Diancie|Diancite
|move|p2a: Garden Gnome|Protect|p2a: Garden Gnome
|-singleturn|p2a: Garden Gnome|Protect
|move|p1a: Hippowdon|Earthquake|p2a: Garden Gnome
|-activate|p2a: Garden Gnome|Protect
|
|-weather|Sandstorm|[upkeep]
|turn|2
|c| Closer 2 the sun|rocks
|c| Closer 2 the sun|if real
|join|Box8
|join|Myliltony
|join|Vrin
|
|switch|p2a: Panic Button|Skarmory, M|334\/334
|move|p1a: Hippowdon|Earthquake|p2a: Panic Button
|-immune|p2a: Panic Button|[msg]
|
|-weather|Sandstorm|[upkeep]
|turn|3
|
|switch|p1a: Slowbro|Slowbro, M, shiny|394\/394
|move|p2a: Panic Button|Taunt|p1a: Slowbro
|-start|p1a: Slowbro|move: Taunt
|
|-weather|Sandstorm|[upkeep]
|-damage|p1a: Slowbro|370\/394|[from] sandstorm
|turn|4
|join|Don't Get Swept
|
|move|p2a: Panic Button|Stealth Rock|p1a: Slowbro
|-sidestart|p1: Gnarlboro|move: Stealth Rock
|move|p1a: Slowbro|Scald|p2a: Panic Button
|-damage|p2a: Panic Button|216\/334
|-enditem|p2a: Panic Button|Red Card|[of] p1a: Slowbro
|drag|p1a: Amoonguss|Amoonguss, M, shiny|432\/432
|-damage|p1a: Amoonguss|378\/432|[from] Stealth Rock
|
|-weather|Sandstorm|[upkeep]
|-damage|p1a: Amoonguss|351\/432|[from] sandstorm
|-heal|p1a: Amoonguss|378\/432|[from] item: Black Sludge
|turn|5
|join|Numera
|
|switch|p1a: Skarmory|Skarmory, M|334\/334
|-damage|p1a: Skarmory|293\/334|[from] Stealth Rock
|move|p2a: Panic Button|Spikes|p1a: Skarmory
|-sidestart|p1: Gnarlboro|Spikes
|
|-weather|none
|turn|6
|join|Herp D derp
|c| Closer 2 the sun|that team man
|
|switch|p1a: Slowbro|Slowbro, M, shiny|394\/394
|-damage|p1a: Slowbro|345\/394|[from] Stealth Rock
|-damage|p1a: Slowbro|296\/394|[from] Spikes
|move|p2a: Panic Button|Taunt|p1a: Slowbro
|-start|p1a: Slowbro|move: Taunt
|
|turn|7
|c| Closer 2 the sun|is bleh
|
|switch|p2a: Tinfoil Hat|Magnezone|319\/319
|move|p1a: Slowbro|Scald|p2a: Tinfoil Hat
|-crit|p2a: Tinfoil Hat
|-damage|p2a: Tinfoil Hat|162\/319
|-status|p2a: Tinfoil Hat|brn
|
|-damage|p2a: Tinfoil Hat|123\/319 brn|[from] brn
|turn|8
|
|switch|p1a: Amoonguss|Amoonguss, M, shiny|432\/432
|-damage|p1a: Amoonguss|378\/432|[from] Stealth Rock
|-damage|p1a: Amoonguss|324\/432|[from] Spikes
|move|p2a: Tinfoil Hat|Flash Cannon|p1a: Amoonguss
|-damage|p1a: Amoonguss|131\/432
|
|-heal|p1a: Amoonguss|158\/432|[from] item: Black Sludge
|-damage|p2a: Tinfoil Hat|84\/319 brn|[from] brn
|turn|9
|
|switch|p1a: Chansey|Chansey, F|704\/704
|-damage|p1a: Chansey|616\/704|[from] Spikes
|-damage|p1a: Chansey|528\/704|[from] Stealth Rock
|move|p2a: Tinfoil Hat|Flash Cannon|p1a: Chansey
|-crit|p1a: Chansey
|-damage|p1a: Chansey|285\/704
|
|-damage|p2a: Tinfoil Hat|45\/319 brn|[from] brn
|turn|10
|c| Closer 2 the sun|double
|c| Closer 2 the sun|aw
|join|FamSlayer
|
|switch|p2a: Broom Head|Weavile, M|282\/282
|-ability|p2a: Broom Head|Pressure
|move|p1a: Chansey|Soft-Boiled|p1a: Chansey
|-heal|p1a: Chansey|637\/704
|
|turn|11
|leave|Myliltony
|
|move|p2a: Broom Head|Knock Off|p1a: Chansey
|-damage|p1a: Chansey|360\/704
|-enditem|p1a: Chansey|Eviolite|[from] move: Knock Off|[of] p2a: Broom Head
|-damage|p2a: Broom Head|254\/282|[from] item: Life Orb
|move|p1a: Chansey|Toxic|p2a: Broom Head
|-status|p2a: Broom Head|tox
|
|-damage|p2a: Broom Head|237\/282 tox|[from] psn
|turn|12
|
|switch|p1a: Clefable|Clefable, M|394\/394
|-damage|p1a: Clefable|345\/394|[from] Stealth Rock
|-damage|p1a: Clefable|296\/394|[from] Spikes
|move|p2a: Broom Head|Icicle Crash|p1a: Clefable
|-damage|p1a: Clefable|124\/394
|-damage|p2a: Broom Head|209\/282 tox|[from] item: Life Orb
|
|-heal|p1a: Clefable|148\/394|[from] item: Leftovers
|-damage|p2a: Broom Head|175\/282 tox|[from] psn
|turn|13
|c| Vrin|why did u keep chansey in
|c| Vrin|wot
|
|move|p1a: Clefable|Protect|p1a: Clefable
|-singleturn|p1a: Clefable|Protect
|move|p2a: Broom Head|Icicle Crash|p1a: Clefable
|-activate|p1a: Clefable|Protect
|
|-heal|p1a: Clefable|172\/394|[from] item: Leftovers
|-damage|p2a: Broom Head|124\/282 tox|[from] psn
|turn|14
|
|move|p2a: Broom Head|Icicle Crash|p1a: Clefable
|-damage|p1a: Clefable|16\/394
|-damage|p2a: Broom Head|96\/282 tox|[from] item: Life Orb
|move|p1a: Clefable|Wish|p1a: Clefable
|
|-heal|p1a: Clefable|40\/394|[from] item: Leftovers
|-damage|p2a: Broom Head|28\/282 tox|[from] psn
|turn|15
|join|Qubae
|join|vielIeis
|leave|Zephu
|
|switch|p2a: Garden Gnome|Diancie-Mega|241\/241
|move|p1a: Clefable|Moonblast|p2a: Garden Gnome
|-damage|p2a: Garden Gnome|127\/241
|-unboost|p2a: Garden Gnome|spa|1
|
|-heal|p1a: Clefable|237\/394|[from] move: Wish|[wisher] Clefable
|-heal|p1a: Clefable|261\/394|[from] item: Leftovers
|turn|16
|c| Numera|lucky n' bad with dem role
|c| Numera|*rolls
|c| Vrin|naw
|c| Vrin|it's
|join|d0109
|c| Vrin|well-trained
|
|move|p2a: Garden Gnome|Diamond Storm|p1a: Clefable
|-damage|p1a: Clefable|111\/394
|move|p1a: Clefable|Wish|p1a: Clefable
|
|-heal|p1a: Clefable|135\/394|[from] item: Leftovers
|turn|17
|c| Closer 2 the sun|pass to chnase
|c| Closer 2 the sun|chansey
|c| Closer 2 the sun|jk
|
|switch|p2a: Panic Button|Skarmory, M|216\/334
|move|p1a: Clefable|Protect|p1a: Clefable
|-fail|p1a: Clefable
|
|-heal|p1a: Clefable|332\/394|[from] move: Wish|[wisher] Clefable
|-heal|p1a: Clefable|356\/394|[from] item: Leftovers
|turn|18
|
|switch|p1a: Slowbro|Slowbro, M, shiny|394\/394
|-damage|p1a: Slowbro|345\/394|[from] Spikes
|-damage|p1a: Slowbro|296\/394|[from] Stealth Rock
|move|p2a: Panic Button|Spikes|p1a: Slowbro
|-sidestart|p1: Gnarlboro|Spikes
|
|turn|19
|
|switch|p2a: Hot Stove|Garchomp, F|420\/420
|move|p1a: Slowbro|Scald|p2a: Hot Stove
|-damage|p2a: Hot Stove|293\/420
|
|turn|20
|
|move|p2a: Hot Stove|Earthquake|p1a: Slowbro
|-damage|p1a: Slowbro|191\/394
|move|p1a: Slowbro|Scald|p2a: Hot Stove
|-damage|p2a: Hot Stove|169\/420
|-status|p2a: Hot Stove|brn
|
|-damage|p2a: Hot Stove|117\/420 brn|[from] brn
|turn|21
|
|switch|p1a: Skarmory|Skarmory, M|293\/334
|-damage|p1a: Skarmory|252\/334|[from] Stealth Rock
|move|p2a: Hot Stove|Dragon Tail|p1a: Skarmory
|-resisted|p1a: Skarmory
|-damage|p1a: Skarmory|240\/334
|drag|p1a: Amoonguss|Amoonguss, M, shiny|302\/432
|-damage|p1a: Amoonguss|230\/432|[from] Spikes
|-damage|p1a: Amoonguss|176\/432|[from] Stealth Rock
|
|-heal|p1a: Amoonguss|203\/432|[from] item: Black Sludge
|-damage|p2a: Hot Stove|65\/420 brn|[from] brn
|turn|22
|c| Numera|Scald is fucking retarded
|c| Vrin|oooh
|
|switch|p1a: Slowbro|Slowbro, M, shiny|322\/394
|-damage|p1a: Slowbro|273\/394|[from] Stealth Rock
|-damage|p1a: Slowbro|208\/394|[from] Spikes
|move|p2a: Hot Stove|Fire Blast|p1a: Slowbro
|-resisted|p1a: Slowbro
|-damage|p1a: Slowbro|168\/394
|
|-damage|p2a: Hot Stove|13\/420 brn|[from] brn
|turn|23
|c| Numera|it is tho
|c| Vrin|phazer chomp vs stall team
|c| Vrin|this is interesting
|
|move|p1a: Slowbro|Rest|p1a: Slowbro
|-status|p1a: Slowbro|slp
|-heal|p1a: Slowbro|394\/394 slp|[silent]
|-status|p1a: Slowbro|slp|[from] move: Rest
|move|p2a: Hot Stove|Dragon Tail|p1a: Slowbro
|-damage|p1a: Slowbro|364\/394 slp
|drag|p1a: Skarmory|Skarmory, M|240\/334
|-damage|p1a: Skarmory|199\/334|[from] Stealth Rock
|
|-damage|p2a: Hot Stove|0 fnt|[from] brn
|faint|p2a: Hot Stove
|leave|Box8
|join|Divine Rose
|
|switch|p2a: Panic Button|Skarmory, M|216\/334
|turn|24
|c| FamSlayer|bad luck m8
|c| Vrin|sharp's team just destroys stall in the most obnoxious ways possible
|c| Vrin|lol
|
|switch|p1a: Slowbro|Slowbro, M, shiny|394\/394 slp
|-damage|p1a: Slowbro|329\/394 slp|[from] Spikes
|-damage|p1a: Slowbro|280\/394 slp|[from] Stealth Rock
|move|p2a: Panic Button|Taunt|p1a: Slowbro
|-start|p1a: Slowbro|move: Taunt
|
|turn|25
|
|switch|p1a: Skarmory|Skarmory, M|199\/334
|-damage|p1a: Skarmory|158\/334|[from] Stealth Rock
|move|p2a: Panic Button|Spikes|p1a: Skarmory
|-sidestart|p1: Gnarlboro|Spikes
|
|turn|26
|
|move|p2a: Panic Button|Taunt|p1a: Skarmory
|-start|p1a: Skarmory|move: Taunt
|cant|p1a: Skarmory|move: Taunt|Defog
|
|turn|27
|
|switch|p1a: Slowbro|Slowbro, M, shiny|394\/394 slp
|-damage|p1a: Slowbro|296\/394 slp|[from] Spikes
|-damage|p1a: Slowbro|247\/394 slp|[from] Stealth Rock
|move|p2a: Panic Button|Drill Peck|p1a: Slowbro
|-damage|p1a: Slowbro|192\/394 slp
|
|turn|28
|
|switch|p2a: Rubber Duck|Latias, F|344\/344
|cant|p1a: Slowbro|slp
|move|p1a: Slowbro|Sleep Talk|p1a: Slowbro
|move|p1a: Slowbro|Rest|p1a: Slowbro|[from]Sleep Talk
|-fail|p1a: Slowbro
|
|turn|29
|
|switch|p1a: Hippowdon|Hippowdon, F|420\/420
|-damage|p1a: Hippowdon|315\/420|[from] Spikes
|-damage|p1a: Hippowdon|289\/420|[from] Stealth Rock
|-weather|Sandstorm
|move|p2a: Rubber Duck|Healing Wish|p2a: Rubber Duck
|faint|p2a: Rubber Duck
|
|-weather|Sandstorm|[upkeep]
|-heal|p1a: Hippowdon|315\/420|[from] item: Leftovers
|
|switch|p2a: Tinfoil Hat|Magnezone|45\/319 brn
|-heal|p2a: Tinfoil Hat|319\/319|[from] move: Healing Wish
|turn|30
|
|switch|p2a: Garden Gnome|Diancie-Mega|127\/241
|move|p1a: Hippowdon|Earthquake|p2a: Garden Gnome
|-supereffective|p2a: Garden Gnome
|-damage|p2a: Garden Gnome|0 fnt
|faint|p2a: Garden Gnome
|
|-weather|Sandstorm|[upkeep]
|-heal|p1a: Hippowdon|341\/420|[from] item: Leftovers
|c| Omegasization|wait
|c| Vrin|well that was a play
|
|switch|p2a: Broom Head|Weavile, M|28\/282 tox
|-ability|p2a: Broom Head|Pressure
|turn|31
|c| Vrin|not a very good one granted
|c| Omegasization|sharp
|
|move|p2a: Broom Head|Icicle Crash|p1a: Hippowdon
|-supereffective|p1a: Hippowdon
|-damage|p1a: Hippowdon|81\/420
|-damage|p2a: Broom Head|0 fnt|[from] item: Life Orb
|faint|p2a: Broom Head
|move|p1a: Hippowdon|Slack Off|p1a: Hippowdon
|-heal|p1a: Hippowdon|291\/420
|
|-weather|Sandstorm|[upkeep]
|-heal|p1a: Hippowdon|317\/420|[from] item: Leftovers
|c| Omegasization|you are weak vs stall
|
|switch|p2a: Panic Button|Skarmory, M|216\/334
|turn|32
|
|move|p2a: Panic Button|Taunt|p1a: Hippowdon
|-start|p1a: Hippowdon|move: Taunt
|cant|p1a: Hippowdon|move: Taunt|Stealth Rock
|
|-weather|Sandstorm|[upkeep]
|-heal|p1a: Hippowdon|343\/420|[from] item: Leftovers
|turn|33
|c|âSharpteeth|you don't say
|
|move|p2a: Panic Button|Drill Peck|p1a: Hippowdon
|-damage|p1a: Hippowdon|291\/420
|move|p1a: Hippowdon|Earthquake|p2a: Panic Button
|-immune|p2a: Panic Button|[msg]
|
|-weather|none
|-heal|p1a: Hippowdon|317\/420|[from] item: Leftovers
|turn|34
|leave|Omegasization
|
|move|p2a: Panic Button|Drill Peck|p1a: Hippowdon
|-damage|p1a: Hippowdon|271\/420
|move|p1a: Hippowdon|Earthquake|p2a: Panic Button
|-immune|p2a: Panic Button|[msg]
|
|-heal|p1a: Hippowdon|297\/420|[from] item: Leftovers
|-end|p1a: Hippowdon|move: Taunt
|turn|35
|c| Vrin|actually if he had whirlwind on skarm he'd be in a position to 2-0 gnarl
|
|switch|p1a: Slowbro|Slowbro, M, shiny|323\/394 slp
|-damage|p1a: Slowbro|225\/394 slp|[from] Spikes
|-damage|p1a: Slowbro|176\/394 slp|[from] Stealth Rock
|move|p2a: Panic Button|Taunt|p1a: Slowbro
|-start|p1a: Slowbro|move: Taunt
|
|turn|36
|
|move|p2a: Panic Button|Drill Peck|p1a: Slowbro
|-damage|p1a: Slowbro|124\/394 slp
|cant|p1a: Slowbro|slp
|
|turn|37
|
|switch|p2a: Tinfoil Hat|Magnezone|319\/319
|-curestatus|p1a: Slowbro|slp
|move|p1a: Slowbro|Scald|p2a: Tinfoil Hat
|-damage|p2a: Tinfoil Hat|208\/319
|
|turn|38
|
|switch|p1a: Hippowdon|Hippowdon, F|297\/420
|-damage|p1a: Hippowdon|192\/420|[from] Spikes
|-damage|p1a: Hippowdon|166\/420|[from] Stealth Rock
|-weather|Sandstorm
|move|p2a: Tinfoil Hat|Flash Cannon|p1a: Hippowdon
|-damage|p1a: Hippowdon|0 fnt
|faint|p1a: Hippowdon
|
|-weather|Sandstorm|[upkeep]
|
|switch|p1a: Amoonguss|Amoonguss, M, shiny|347\/432
|-damage|p1a: Amoonguss|293\/432|[from] Stealth Rock
|-damage|p1a: Amoonguss|185\/432|[from] Spikes
|turn|39
|
|move|p2a: Tinfoil Hat|Flash Cannon|p1a: Amoonguss
|-damage|p1a: Amoonguss|0 fnt
|faint|p1a: Amoonguss
|
|-weather|Sandstorm|[upkeep]
|
|switch|p1a: Chansey|Chansey, F|360\/704
|-damage|p1a: Chansey|272\/704|[from] Stealth Rock
|-damage|p1a: Chansey|96\/704|[from] Spikes
|turn|40
|c|âSharpteeth|thank god for specs zone being a monster in every sense of the term
|join|skysoki
|
|move|p2a: Tinfoil Hat|Flash Cannon|p1a: Chansey
|-damage|p1a: Chansey|0 fnt
|faint|p1a: Chansey
|
|-weather|Sandstorm|[upkeep]
|
|switch|p1a: Slowbro|Slowbro, M, shiny|255\/394
|-damage|p1a: Slowbro|157\/394|[from] Spikes
|-damage|p1a: Slowbro|108\/394|[from] Stealth Rock
|turn|41
|
|switch|p1a: Skarmory|Skarmory, M|158\/334
|-damage|p1a: Skarmory|117\/334|[from] Stealth Rock
|move|p2a: Tinfoil Hat|Flash Cannon|p1a: Skarmory
|-resisted|p1a: Skarmory
|-damage|p1a: Skarmory|0 fnt
|faint|p1a: Skarmory
|
|-weather|Sandstorm|[upkeep]
|
|switch|p1a: Slowbro|Slowbro, M, shiny|239\/394
|-damage|p1a: Slowbro|141\/394|[from] Spikes
|-damage|p1a: Slowbro|92\/394|[from] Stealth Rock
|turn|42
|
|detailschange|p1a: Slowbro|Slowbro-Mega, M, shiny
|-mega|p1a: Slowbro|Slowbro|Slowbronite
|move|p2a: Tinfoil Hat|Flash Cannon|p1a: Slowbro
|-resisted|p1a: Slowbro
|-damage|p1a: Slowbro|0 fnt
|faint|p1a: Slowbro
|
|-weather|none
|c| IamChow|damn
|
|switch|p1a: Clefable|Clefable, M|356\/394
|-damage|p1a: Clefable|258\/394|[from] Spikes
|-damage|p1a: Clefable|209\/394|[from] Stealth Rock
|turn|43
|c| IamChow|stronk
|join|lil manaphy
|
|move|p2a: Tinfoil Hat|Flash Cannon|p1a: Clefable
|-supereffective|p1a: Clefable
|-damage|p1a: Clefable|0 fnt
|faint|p1a: Clefable
|
|win|Sharpteeth
|c|âGnarlboro|gg
|c| Numera|lol get fucking destroyed
|c|âSharpteeth|gg
|leave|Numera
|leave|Sharpteeth
|leave|Divine Rose
|player|p2
|leave|skysoki
|leave|Gnarlboro
|player|p1
|leave|Herp D derp
|leave|IamChow
|leave|Vrin