|join|Sharpteeth
|join|They Call Me Scrub
|player|p1|Sharpteeth|1
|player|p2|They Call Me Scrub|169
|gametype|singles
|gen|6
|tier|OU
|rated
|clearpoke
|poke|p1|Scizor, F
|poke|p1|Clefable, M
|poke|p1|Dugtrio, M
|poke|p1|Latias, F
|poke|p1|Tornadus-Therian, M
|poke|p1|Heatran, F
|poke|p2|Metagross
|poke|p2|Keldeo
|poke|p2|Latios, M
|poke|p2|Ferrothorn, F
|poke|p2|Hippowdon, F
|poke|p2|Clefable, F
|rule|Swagger Clause: Swagger is banned
|rule|Baton Pass Clause: Limit one PokÃ©mon knowing Baton Pass
|rule|Sleep Clause Mod: Limit one foe put to sleep
|rule|Species Clause: Limit one of each PokÃ©mon
|rule|OHKO Clause: OHKO moves are banned
|rule|Moody Clause: Moody is banned
|rule|Evasion Moves Clause: Evasion moves are banned
|rule|Endless Battle Clause: Forcing endless battles is banned
|rule|HP Percentage Mod: HP is shown in percentages
|teampreview
|c|âSharpteeth|gl
|c|âThey Call Me Scrub|u2
|
|start
|switch|p1a: Clefable|Clefable, M|394\/394
|switch|p2a: Keldeo|Keldeo|323\/323
|turn|1
|join|thespiritinthesky
|
|move|p2a: Keldeo|Scald|p1a: Clefable
|-damage|p1a: Clefable|159\/394
|-status|p1a: Clefable|brn
|move|p1a: Clefable|Flamethrower|p2a: Keldeo
|-resisted|p2a: Keldeo
|-damage|p2a: Keldeo|283\/323
|
|-heal|p1a: Clefable|183\/394 brn|[from] item: Leftovers
|turn|2
|
|switch|p2a: Metagross|Metagross|301\/301
|switch|p1a: Latias|Latias, F|344\/344
|
|turn|3
|
|detailschange|p2a: Metagross|Metagross-Mega
|-mega|p2a: Metagross|Metagross|Metagrossite
|move|p2a: Metagross|Pursuit|p1a: Latias|[from]Pursuit
|-supereffective|p1a: Latias
|-damage|p1a: Latias|34\/344
|switch|p1a: Scizor|Scizor, F|343\/343
|
|turn|4
|
|switch|p2a: Hippowdon|Hippowdon, F|420\/420
|-weather|Sandstorm
|detailschange|p1a: Scizor|Scizor-Mega, F
|-mega|p1a: Scizor|Scizor|Scizorite
|move|p1a: Scizor|Swords Dance|p1a: Scizor
|-boost|p1a: Scizor|atk|2
|
|-weather|Sandstorm|[upkeep]
|turn|5
|
|switch|p2a: Keldeo|Keldeo|283\/323
|move|p1a: Scizor|Swords Dance|p1a: Scizor
|-boost|p1a: Scizor|atk|2
|
|-weather|Sandstorm|[upkeep]
|-damage|p2a: Keldeo|263\/323|[from] sandstorm
|turn|6
|
|move|p1a: Scizor|Bullet Punch|p2a: Keldeo
|-resisted|p2a: Keldeo
|-damage|p2a: Keldeo|67\/323
|move|p2a: Keldeo|Scald|p1a: Scizor
|-damage|p1a: Scizor|157\/343
|
|-weather|Sandstorm|[upkeep]
|-damage|p2a: Keldeo|47\/323|[from] sandstorm
|turn|7
|
|move|p1a: Scizor|Bullet Punch|p2a: Keldeo
|-resisted|p2a: Keldeo
|-damage|p2a: Keldeo|0 fnt
|faint|p2a: Keldeo
|
|-weather|Sandstorm|[upkeep]
|
|switch|p2a: Metagross|Metagross-Mega|301\/301
|turn|8
|
|move|p2a: Metagross|Hammer Arm|p1a: Scizor
|-damage|p1a: Scizor|32\/343
|-unboost|p2a: Metagross|spe|1
|move|p1a: Scizor|Roost|p1a: Scizor
|-heal|p1a: Scizor|204\/343
|
|-weather|none
|turn|9
|c|âThey Call Me Scrub|rip
|c|âThey Call Me Scrub|team needs more work
|-message|They Call Me Scrub forfeited.
|leave|They Call Me Scrub
|
|win|Sharpteeth
|raw|Ladder updating...
|player|p2
|raw|Sharpteeth's rating: 1596 &rarr; <strong>1615<\/strong><br \/>(+19 for winning)
|raw|They Call Me Scrub's rating: 1576 &rarr; <strong>1557<\/strong><br \/>(-19 for losing)
|leave|Sharpteeth
|player|p1