|join|WECAMEASROMANS
|join|Sharpteeth
|player|p1|WECAMEASROMANS|169
|player|p2|Sharpteeth|1
|gametype|singles
|gen|6
|tier|OU
|rated
|clearpoke
|poke|p1|Thundurus, M
|poke|p1|Bisharp, M
|poke|p1|Starmie
|poke|p1|Heatran, M
|poke|p1|Venusaur, M
|poke|p1|Tornadus-Therian, M
|poke|p2|Weavile, M
|poke|p2|Diancie
|poke|p2|Skarmory, F
|poke|p2|Latias, F
|poke|p2|Magnezone
|poke|p2|Garchomp, F
|rule|Swagger Clause: Swagger is banned
|rule|Baton Pass Clause: Limit one PokÃ©mon knowing Baton Pass
|rule|Sleep Clause Mod: Limit one foe put to sleep
|rule|Species Clause: Limit one of each PokÃ©mon
|rule|OHKO Clause: OHKO moves are banned
|rule|Moody Clause: Moody is banned
|rule|Evasion Moves Clause: Evasion moves are banned
|rule|Endless Battle Clause: Forcing endless battles is banned
|rule|HP Percentage Mod: HP is shown in percentages
|teampreview
|join|Numera
|c| Numera|lol it's idgaf about a healthy meta guy
|
|start
|switch|p1a: Venusaur|Venusaur, M|360\/360
|switch|p2a: Garden Gnome|Diancie|241\/241
|turn|1
|c| Numera|go gettem sharp
|join|Eric Wrona
|
|detailschange|p2a: Garden Gnome|Diancie-Mega
|-mega|p2a: Garden Gnome|Diancie|Diancite
|detailschange|p1a: Venusaur|Venusaur-Mega, M
|-mega|p1a: Venusaur|Venusaur|Venusaurite
|move|p2a: Garden Gnome|Protect|p2a: Garden Gnome
|-singleturn|p2a: Garden Gnome|Protect
|move|p1a: Venusaur|Giga Drain|p2a: Garden Gnome
|-activate|p2a: Garden Gnome|Protect
|
|turn|2
|
|switch|p2a: Rubber Duck|Latias, F|344\/344
|move|p1a: Venusaur|Sludge Bomb|p2a: Rubber Duck
|-damage|p2a: Rubber Duck|211\/344
|-status|p2a: Rubber Duck|psn
|
|-heal|p2a: Rubber Duck|232\/344 psn|[from] item: Leftovers
|-damage|p2a: Rubber Duck|189\/344 psn|[from] psn
|turn|3
|
|switch|p2a: Hot Stove|Garchomp, F|420\/420
|switch|p1a: Heatran|Heatran, M|327\/327
|
|turn|4
|c| Eric Wrona|Interesting matchup
|
|switch|p1a: Venusaur|Venusaur-Mega, M|360\/360
|move|p2a: Hot Stove|Stealth Rock|p1a: Venusaur
|-sidestart|p1: WECAMEASROMANS|move: Stealth Rock
|
|turn|5
|
|switch|p2a: Rubber Duck|Latias, F|189\/344 psn
|move|p1a: Venusaur|Giga Drain|p2a: Rubber Duck
|-resisted|p2a: Rubber Duck
|-damage|p2a: Rubber Duck|128\/344 psn
|
|-heal|p2a: Rubber Duck|149\/344 psn|[from] item: Leftovers
|-damage|p2a: Rubber Duck|106\/344 psn|[from] psn
|turn|6
|
|switch|p1a: Heatran|Heatran, M|327\/327
|-damage|p1a: Heatran|287\/327|[from] Stealth Rock
|move|p2a: Rubber Duck|Draco Meteor|p1a: Heatran
|-resisted|p1a: Heatran
|-damage|p1a: Heatran|204\/327
|-unboost|p2a: Rubber Duck|spa|2
|
|-heal|p2a: Rubber Duck|127\/344 psn|[from] item: Leftovers
|-heal|p1a: Heatran|224\/327|[from] item: Leftovers
|-damage|p2a: Rubber Duck|84\/344 psn|[from] psn
|turn|7
|
|switch|p2a: Garden Gnome|Diancie-Mega|241\/241
|move|p1a: Heatran|Earth Power|p2a: Garden Gnome
|-supereffective|p2a: Garden Gnome
|-damage|p2a: Garden Gnome|11\/241
|
|-heal|p1a: Heatran|244\/327|[from] item: Leftovers
|turn|8
|c| Eric Wrona|Ouch
|c|âSharpteeth|well, I lived. Flash cannon would have been painful >.>
|c|âWECAMEASROMANS|252+ SpA Heatran Earth Power vs. 0 HP \/ 0- SpD Diancie: 222-262 (92.1 - 108.7%) -- 50% chance to OHKO
|c|âWECAMEASROMANS|you're lucky
|c| Eric Wrona|Tran with spdef
|c|âSharpteeth|252+ SpA Heatran Earth Power vs. 0 HP \/ 0- SpD Diancie: 222-262 (92.1 - 108.7%) -- 50% chance to not OHKO
|c|âSharpteeth|you're lucky
|
|switch|p1a: Venusaur|Venusaur-Mega, M|360\/360
|-damage|p1a: Venusaur|315\/360|[from] Stealth Rock
|move|p2a: Garden Gnome|Earth Power|p1a: Venusaur
|-damage|p1a: Venusaur|206\/360
|
|turn|9
|
|switch|p2a: Panic Button|Skarmory, F|334\/334
|move|p1a: Venusaur|Synthesis|p1a: Venusaur
|-heal|p1a: Venusaur|360\/360
|
|turn|10
|join|ratchet cow stank
|
|move|p2a: Panic Button|Spikes|p1a: Venusaur
|-sidestart|p1: WECAMEASROMANS|Spikes
|move|p1a: Venusaur|Hidden Power|p2a: Panic Button
|-supereffective|p2a: Panic Button
|-damage|p2a: Panic Button|126\/334
|-enditem|p2a: Panic Button|Red Card|[of] p1a: Venusaur
|drag|p1a: Thundurus|Thundurus, M|299\/299
|-damage|p1a: Thundurus|225\/299|[from] Stealth Rock
|
|-heal|p1a: Thundurus|243\/299|[from] item: Leftovers
|turn|11
|
|switch|p1a: Starmie|Starmie|261\/261
|-damage|p1a: Starmie|229\/261|[from] Spikes
|-damage|p1a: Starmie|197\/261|[from] Stealth Rock
|move|p2a: Panic Button|Drill Peck|p1a: Starmie
|-damage|p1a: Starmie|110\/261
|
|turn|12
|
|switch|p2a: Hot Stove|Garchomp, F|420\/420
|move|p1a: Starmie|Rapid Spin|p2a: Hot Stove
|-damage|p2a: Hot Stove|407\/420
|-damage|p1a: Starmie|78\/261|[from] ability: Rough Skin|[of] p2a: Hot Stove
|-damage|p1a: Starmie|35\/261|[from] item: Rocky Helmet|[of] p2a: Hot Stove
|-sideend|p1: WECAMEASROMANS|Spikes|[from] move: Rapid Spin|[of] p1a: Starmie
|-sideend|p1: WECAMEASROMANS|Stealth Rock|[from] move: Rapid Spin|[of] p1a: Starmie
|-damage|p1a: Starmie|9\/261|[from] item: Life Orb
|
|turn|13
|
|switch|p2a: Panic Button|Skarmory, F|126\/334
|move|p1a: Starmie|Recover|p1a: Starmie
|-heal|p1a: Starmie|140\/261
|
|turn|14
|
|move|p1a: Starmie|Hydro Pump|p2a: Panic Button
|-damage|p2a: Panic Button|0 fnt
|-damage|p1a: Starmie|114\/261|[from] item: Life Orb
|faint|p2a: Panic Button
|
|
|switch|p2a: Broom Head|Weavile, M|282\/282
|-ability|p2a: Broom Head|Pressure
|turn|15
|
|switch|p1a: Venusaur|Venusaur-Mega, M|360\/360
|move|p2a: Broom Head|Icicle Crash|p1a: Venusaur
|-supereffective|p1a: Venusaur
|-damage|p1a: Venusaur|201\/360
|-damage|p2a: Broom Head|254\/282|[from] item: Life Orb
|
|turn|16
|
|switch|p2a: Hot Stove|Garchomp, F|407\/420
|move|p1a: Venusaur|Synthesis|p1a: Venusaur
|-heal|p1a: Venusaur|360\/360
|
|turn|17
|c| Eric Wrona|Starmie so squishy:\/
|
|move|p2a: Hot Stove|Stealth Rock|p1a: Venusaur
|-sidestart|p1: WECAMEASROMANS|move: Stealth Rock
|move|p1a: Venusaur|Giga Drain|p2a: Hot Stove
|-damage|p2a: Hot Stove|244\/420
|
|turn|18
|
|move|p1a: Venusaur|Giga Drain|p2a: Hot Stove
|-damage|p2a: Hot Stove|51\/420
|move|p2a: Hot Stove|Dragon Tail|p1a: Venusaur
|-damage|p1a: Venusaur|285\/360
|drag|p1a: Tornadus-Therian|Tornadus-Therian, M|299\/299
|-damage|p1a: Tornadus-Therian|225\/299|[from] Stealth Rock
|
|turn|19
|
|switch|p2a: Tinfoil Hat|Magnezone|319\/319
|move|p1a: Tornadus-Therian|Heat Wave|p2a: Tinfoil Hat
|-supereffective|p2a: Tinfoil Hat
|-damage|p2a: Tinfoil Hat|38\/319
|-status|p2a: Tinfoil Hat|brn
|-damage|p1a: Tornadus-Therian|196\/299|[from] item: Life Orb
|
|-damage|p2a: Tinfoil Hat|0 fnt|[from] brn
|faint|p2a: Tinfoil Hat
|
|switch|p2a: Broom Head|Weavile, M|254\/282
|-ability|p2a: Broom Head|Pressure
|turn|20
|
|move|p2a: Broom Head|Icicle Crash|p1a: Tornadus-Therian
|-supereffective|p1a: Tornadus-Therian
|-damage|p1a: Tornadus-Therian|0 fnt
|-damage|p2a: Broom Head|226\/282|[from] item: Life Orb
|faint|p1a: Tornadus-Therian
|
|
|switch|p1a: Venusaur|Venusaur-Mega, M|285\/360
|-damage|p1a: Venusaur|240\/360|[from] Stealth Rock
|turn|21
|
|switch|p2a: Hot Stove|Garchomp, F|51\/420
|move|p1a: Venusaur|Synthesis|p1a: Venusaur
|-heal|p1a: Venusaur|360\/360
|
|turn|22
|
|move|p2a: Hot Stove|Earthquake|p1a: Venusaur
|-damage|p1a: Venusaur|239\/360
|move|p1a: Venusaur|Giga Drain|p2a: Hot Stove
|-damage|p2a: Hot Stove|0 fnt
|-heal|p1a: Venusaur|265\/360|[from] drain|[of] p2a: Hot Stove
|faint|p2a: Hot Stove
|
|
|switch|p2a: Rubber Duck|Latias, F|84\/344 psn
|turn|23
|
|switch|p1a: Bisharp|Bisharp, M|271\/271
|-damage|p1a: Bisharp|255\/271|[from] Stealth Rock
|move|p2a: Rubber Duck|Psyshock|p1a: Bisharp
|-immune|p1a: Bisharp|[msg]
|
|-heal|p2a: Rubber Duck|105\/344 psn|[from] item: Leftovers
|-damage|p2a: Rubber Duck|62\/344 psn|[from] psn
|turn|24
|
|move|p2a: Rubber Duck|Healing Wish|p2a: Rubber Duck
|faint|p2a: Rubber Duck
|move|p1a: Bisharp|Swords Dance|p1a: Bisharp
|-boost|p1a: Bisharp|atk|2
|
|
|switch|p2a: Garden Gnome|Diancie-Mega|11\/241
|-heal|p2a: Garden Gnome|241\/241|[from] move: Healing Wish
|turn|25
|
|move|p1a: Bisharp|Sucker Punch|p2a: Garden Gnome
|-resisted|p2a: Garden Gnome
|-damage|p2a: Garden Gnome|66\/241
|-damage|p1a: Bisharp|228\/271|[from] item: Life Orb
|move|p2a: Garden Gnome|Moonblast|p1a: Bisharp
|-damage|p1a: Bisharp|0 fnt
|faint|p1a: Bisharp
|
|
|switch|p1a: Thundurus|Thundurus, M|243\/299
|-damage|p1a: Thundurus|169\/299|[from] Stealth Rock
|turn|26
|
|move|p1a: Thundurus|Thunderbolt|p2a: Garden Gnome
|-damage|p2a: Garden Gnome|0 fnt
|faint|p2a: Garden Gnome
|
|-heal|p1a: Thundurus|187\/299|[from] item: Leftovers
|
|switch|p2a: Broom Head|Weavile, M|226\/282
|-ability|p2a: Broom Head|Pressure
|turn|27
|c|âWECAMEASROMANS|fk
|c|âWECAMEASROMANS|im retarded
|c|âWECAMEASROMANS|i shudve went to starmie
|c|âWECAMEASROMANS|then spun
|c|âWECAMEASROMANS|then went to thundy and kill
|c|âWECAMEASROMANS|now i have to bank on not getting flinched
|c|âWECAMEASROMANS|fk
|
|move|p2a: Broom Head|Ice Shard|p1a: Thundurus
|-supereffective|p1a: Thundurus
|-damage|p1a: Thundurus|0 fnt
|-damage|p2a: Broom Head|198\/282|[from] item: Life Orb
|faint|p1a: Thundurus
|
|c|âSharpteeth|don't you have to bank on not getting flinched either way ._.
|
|switch|p1a: Venusaur|Venusaur-Mega, M|265\/360
|-damage|p1a: Venusaur|220\/360|[from] Stealth Rock
|turn|28
|c| Numera|inb4 fuck the finches
|c| Numera|crit
|c|âWECAMEASROMANS|no cuz if SR wasnt up thundy wudve lived ice shard
|c| Numera|~~Lethality?~~
|c|âSharpteeth|oh, I see
|c|âSharpteeth|and I guess you had thunder wave?
|c|âWECAMEASROMANS|yup
|c| Numera|we need a Pokemon equivalent to Lethality
|
|move|p2a: Broom Head|Icicle Crash|p1a: Venusaur
|-supereffective|p1a: Venusaur
|-damage|p1a: Venusaur|72\/360
|-damage|p2a: Broom Head|170\/282|[from] item: Life Orb
|move|p1a: Venusaur|Sludge Bomb|p2a: Broom Head
|-damage|p2a: Broom Head|0 fnt
|faint|p2a: Broom Head
|
|win|WECAMEASROMANS
|raw|Ladder updating...
|raw|WECAMEASROMANS's rating: 1652 &rarr; <strong>1669<\/strong><br \/>(+17 for winning)
|raw|Sharpteeth's rating: 1611 &rarr; <strong>1594<\/strong><br \/>(-17 for losing)
|c|âWECAMEASROMANS|gg
|leave|WECAMEASROMANS
|c|âSharpteeth|gg
|leave|Numera