|join|Sharpteeth
|join|gaegaerg
|player|p1|Sharpteeth|1
|player|p2|gaegaerg|176
|gametype|singles
|gen|6
|tier|OU
|rated
|clearpoke
|poke|p1|Weavile, F
|poke|p1|Diancie
|poke|p1|Skarmory, M
|poke|p1|Latias, F
|poke|p1|Magnezone
|poke|p1|Garchomp, F
|poke|p2|Gliscor, M
|poke|p2|Scizor, F
|poke|p2|Rotom-Wash
|poke|p2|Gothitelle, M
|poke|p2|Ditto
|poke|p2|Chansey, F
|rule|Swagger Clause: Swagger is banned
|rule|Baton Pass Clause: Limit one PokÃ©mon knowing Baton Pass
|rule|Sleep Clause Mod: Limit one foe put to sleep
|rule|Species Clause: Limit one of each PokÃ©mon
|rule|OHKO Clause: OHKO moves are banned
|rule|Moody Clause: Moody is banned
|rule|Evasion Moves Clause: Evasion moves are banned
|rule|Endless Battle Clause: Forcing endless battles is banned
|rule|HP Percentage Mod: HP is shown in percentages
|teampreview
|c|âSharpteeth|gl
|c|âgaegaerg|u2
|
|start
|switch|p1a: Garden Gnome|Diancie|241\/241
|switch|p2a: Rotom-Wash|Rotom-Wash|304\/304
|turn|1
|
|detailschange|p1a: Garden Gnome|Diancie-Mega
|-mega|p1a: Garden Gnome|Diancie|Diancite
|move|p1a: Garden Gnome|Protect|p1a: Garden Gnome
|-singleturn|p1a: Garden Gnome|Protect
|move|p2a: Rotom-Wash|Hydro Pump|p1a: Garden Gnome
|-activate|p1a: Garden Gnome|Protect
|
|turn|2
|
|switch|p1a: Rubber Duck|Latias, F|344\/344
|move|p2a: Rotom-Wash|Volt Switch|p1a: Rubber Duck
|-resisted|p1a: Rubber Duck
|-damage|p1a: Rubber Duck|309\/344
|
|switch|p2a: Ditto|Ditto|300\/300
|-transform|p2a: Ditto|p1a: Rubber Duck
|
|-heal|p1a: Rubber Duck|330\/344|[from] item: Leftovers
|turn|3
|
|switch|p2a: Rotom-Wash|Rotom-Wash|304\/304
|switch|p1a: Tinfoil Hat|Magnezone|319\/319
|
|turn|4
|
|switch|p2a: Gliscor|Gliscor, M|352\/352
|move|p1a: Tinfoil Hat|Volt Switch|p2a: Gliscor
|-immune|p2a: Gliscor|[msg]
|
|-status|p2a: Gliscor|tox|[from] item: Toxic Orb
|turn|5
|
|switch|p2a: Gothitelle|Gothitelle, M|301\/301
|switch|p1a: Panic Button|Skarmory, M|334\/334
|
|turn|6
|
|move|p2a: Gothitelle|Trick|p1a: Panic Button
|-activate|p2a: Gothitelle|move: Trick|[of] p1a: Panic Button
|-item|p1a: Panic Button|Choice Scarf|[from] move: Trick
|-item|p2a: Gothitelle|Red Card|[from] move: Trick
|move|p1a: Panic Button|Taunt|p2a: Gothitelle
|-start|p2a: Gothitelle|move: Taunt
|
|turn|7
|
|move|p1a: Panic Button|Taunt|p2a: Gothitelle
|-fail|p2a: Gothitelle
|move|p2a: Gothitelle|Hidden Power|p1a: Panic Button
|-supereffective|p1a: Panic Button
|-damage|p1a: Panic Button|180\/334
|
|turn|8
|
|move|p1a: Panic Button|Taunt|p2a: Gothitelle
|-fail|p2a: Gothitelle
|move|p2a: Gothitelle|Hidden Power|p1a: Panic Button
|-supereffective|p1a: Panic Button
|-damage|p1a: Panic Button|36\/334
|
|turn|9
|
|move|p1a: Panic Button|Taunt|p2a: Gothitelle
|-fail|p2a: Gothitelle
|move|p2a: Gothitelle|Hidden Power|p1a: Panic Button
|-supereffective|p1a: Panic Button
|-damage|p1a: Panic Button|0 fnt
|faint|p1a: Panic Button
|
|-end|p2a: Gothitelle|move: Taunt
|
|switch|p1a: Broom Head|Weavile, F|282\/282
|-ability|p1a: Broom Head|Pressure
|turn|10
|join|Avarice87
|
|move|p1a: Broom Head|Knock Off|p2a: Gothitelle
|-supereffective|p2a: Gothitelle
|-damage|p2a: Gothitelle|0 fnt
|-enditem|p2a: Gothitelle|Red Card|[from] move: Knock Off|[of] p1a: Broom Head
|-damage|p1a: Broom Head|254\/282|[from] item: Life Orb
|faint|p2a: Gothitelle
|
|
|switch|p2a: Scizor|Scizor, F|344\/344
|turn|11
|join|RayDalio
|
|switch|p1a: Hot Stove|Garchomp, F|420\/420
|switch|p2a: Gliscor|Gliscor, M|352\/352 tox
|
|turn|12
|
|move|p2a: Gliscor|Substitute|p2a: Gliscor
|-start|p2a: Gliscor|Substitute
|-damage|p2a: Gliscor|264\/352 tox
|move|p1a: Hot Stove|Stealth Rock|p2a: Gliscor
|-sidestart|p2: gaegaerg|move: Stealth Rock
|
|-heal|p2a: Gliscor|308\/352 tox|[from] ability: Poison Heal
|turn|13
|
|move|p2a: Gliscor|Earthquake|p1a: Hot Stove
|-damage|p1a: Hot Stove|329\/420
|move|p1a: Hot Stove|Fire Blast|p2a: Gliscor
|-end|p2a: Gliscor|Substitute
|
|-heal|p2a: Gliscor|352\/352 tox|[from] ability: Poison Heal
|turn|14
|
|move|p2a: Gliscor|Substitute|p2a: Gliscor
|-start|p2a: Gliscor|Substitute
|-damage|p2a: Gliscor|264\/352 tox
|move|p1a: Hot Stove|Dragon Tail|p2a: Gliscor
|-activate|p2a: Gliscor|Substitute|[damage]
|
|-heal|p2a: Gliscor|308\/352 tox|[from] ability: Poison Heal
|turn|15
|
|move|p2a: Gliscor|Toxic|p1a: Hot Stove
|-status|p1a: Hot Stove|tox
|move|p1a: Hot Stove|Fire Blast|p2a: Gliscor|[miss]
|-miss|p1a: Hot Stove|p2a: Gliscor
|
|-heal|p2a: Gliscor|352\/352 tox|[from] ability: Poison Heal
|-damage|p1a: Hot Stove|303\/420 tox|[from] psn
|turn|16
|
|switch|p1a: Rubber Duck|Latias, F|330\/344
|move|p2a: Gliscor|Protect|p2a: Gliscor
|-fail|p2a: Gliscor
|
|-heal|p1a: Rubber Duck|344\/344|[from] item: Leftovers
|turn|17
|
|move|p1a: Rubber Duck|Psyshock|p2a: Gliscor
|-end|p2a: Gliscor|Substitute
|move|p2a: Gliscor|Toxic|p1a: Rubber Duck
|-status|p1a: Rubber Duck|tox
|
|-damage|p1a: Rubber Duck|323\/344 tox|[from] psn
|turn|18
|
|switch|p2a: Chansey|Chansey, F|641\/641
|-damage|p2a: Chansey|561\/641|[from] Stealth Rock
|move|p1a: Rubber Duck|Psyshock|p2a: Chansey
|-damage|p2a: Chansey|404\/641
|
|-heal|p1a: Rubber Duck|344\/344 tox|[from] item: Leftovers
|-damage|p1a: Rubber Duck|302\/344 tox|[from] psn
|turn|19
|
|switch|p1a: Broom Head|Weavile, F|254\/282
|-ability|p1a: Broom Head|Pressure
|move|p2a: Chansey|Seismic Toss|p1a: Broom Head
|-damage|p1a: Broom Head|154\/282
|
|turn|20
|
|switch|p2a: Scizor|Scizor, F|344\/344
|-damage|p2a: Scizor|301\/344|[from] Stealth Rock
|move|p1a: Broom Head|Knock Off|p2a: Scizor
|-damage|p2a: Scizor|180\/344
|-damage|p1a: Broom Head|126\/282|[from] item: Life Orb
|
|turn|21
|
|switch|p1a: Hot Stove|Garchomp, F|303\/420 tox
|switch|p2a: Chansey|Chansey, F|404\/641
|-damage|p2a: Chansey|324\/641|[from] Stealth Rock
|
|-damage|p1a: Hot Stove|277\/420 tox|[from] psn
|turn|22
|
|move|p1a: Hot Stove|Earthquake|p2a: Chansey
|-damage|p2a: Chansey|120\/641
|move|p2a: Chansey|Stealth Rock|p1a: Hot Stove
|-sidestart|p1: Sharpteeth|move: Stealth Rock
|
|-damage|p1a: Hot Stove|225\/420 tox|[from] psn
|turn|23
|
|move|p1a: Hot Stove|Earthquake|p2a: Chansey
|-damage|p2a: Chansey|0 fnt
|faint|p2a: Chansey
|
|-damage|p1a: Hot Stove|147\/420 tox|[from] psn
|
|switch|p2a: Gliscor|Gliscor, M|352\/352 tox
|-damage|p2a: Gliscor|308\/352 tox|[from] Stealth Rock
|turn|24
|join|king of spycrabs
|
|move|p2a: Gliscor|Substitute|p2a: Gliscor
|-start|p2a: Gliscor|Substitute
|-damage|p2a: Gliscor|220\/352 tox
|move|p1a: Hot Stove|Fire Blast|p2a: Gliscor
|-end|p2a: Gliscor|Substitute
|
|-heal|p2a: Gliscor|264\/352 tox|[from] ability: Poison Heal
|-damage|p1a: Hot Stove|43\/420 tox|[from] psn
|turn|25
|
|move|p2a: Gliscor|Substitute|p2a: Gliscor
|-start|p2a: Gliscor|Substitute
|-damage|p2a: Gliscor|176\/352 tox
|move|p1a: Hot Stove|Fire Blast|p2a: Gliscor|[miss]
|-miss|p1a: Hot Stove|p2a: Gliscor
|
|-heal|p2a: Gliscor|220\/352 tox|[from] ability: Poison Heal
|-damage|p1a: Hot Stove|0 fnt|[from] psn
|faint|p1a: Hot Stove
|c| Avarice87|Sharp you're having no Fire Blast luck today
|
|switch|p1a: Garden Gnome|Diancie-Mega|241\/241
|-damage|p1a: Garden Gnome|211\/241|[from] Stealth Rock
|turn|26
|c| Avarice87|-_-
|
|move|p1a: Garden Gnome|Moonblast|p2a: Gliscor
|-end|p2a: Gliscor|Substitute
|move|p2a: Gliscor|Earthquake|p1a: Garden Gnome
|-supereffective|p1a: Garden Gnome
|-damage|p1a: Garden Gnome|13\/241
|
|-heal|p2a: Gliscor|264\/352 tox|[from] ability: Poison Heal
|turn|27
|
|move|p2a: Gliscor|Protect|p2a: Gliscor
|-singleturn|p2a: Gliscor|Protect
|move|p1a: Garden Gnome|Moonblast|p2a: Gliscor
|-activate|p2a: Gliscor|Protect
|
|-heal|p2a: Gliscor|308\/352 tox|[from] ability: Poison Heal
|turn|28
|c|âSharpteeth|gg
|-message|Sharpteeth forfeited.
|leave|Sharpteeth
|c|âgaegaerg|gg
|
|win|gaegaerg
|raw|Ladder updating...
|player|p1
|raw|Sharpteeth's rating: 1737 &rarr; <strong>1706<\/strong><br \/>(-31 for losing)
|raw|gaegaerg's rating: 1542 &rarr; <strong>1572<\/strong><br \/>(+30 for winning)