|join|Sharpteeth
|join|SwiftSandstorm
|join|asdfCookie
|player|p1|Sharpteeth|1
|player|p2|SwiftSandstorm|282
|gametype|singles
|gen|6
|tier|OU
|rated
|clearpoke
|poke|p1|Weavile, F
|poke|p1|Diancie
|poke|p1|Skarmory, M
|poke|p1|Latias, F
|poke|p1|Magnezone
|poke|p1|Garchomp, M
|poke|p2|Diancie
|poke|p2|Hydreigon, M
|poke|p2|Magnezone
|poke|p2|Landorus-Therian, M, shiny
|poke|p2|Cryogonal
|poke|p2|Azumarill, M
|rule|Swagger Clause: Swagger is banned
|rule|Baton Pass Clause: Limit one PokÃ©mon knowing Baton Pass
|rule|Sleep Clause Mod: Limit one foe put to sleep
|rule|Species Clause: Limit one of each PokÃ©mon
|rule|OHKO Clause: OHKO moves are banned
|rule|Moody Clause: Moody is banned
|rule|Evasion Moves Clause: Evasion moves are banned
|rule|Endless Battle Clause: Forcing endless battles is banned
|rule|HP Percentage Mod: HP is shown in percentages
|teampreview
|join|rockboy52
|
|start
|switch|p1a: Hot Stove|Garchomp, M|420\/420
|switch|p2a: Police|Magnezone|282\/282
|turn|1
|
|switch|p2a: Landyy|Landorus-Therian, M, shiny|382\/382
|-ability|p2a: Landyy|Intimidate|[of] p1a: Hot Stove
|-unboost|p1a: Hot Stove|atk|1
|move|p1a: Hot Stove|Stealth Rock|p2a: Landyy
|-sidestart|p2: SwiftSandstorm|move: Stealth Rock
|
|turn|2
|join|thespiritinthesky
|
|move|p2a: Landyy|Stealth Rock|p1a: Hot Stove
|-sidestart|p1: Sharpteeth|move: Stealth Rock
|move|p1a: Hot Stove|Dragon Tail|p2a: Landyy
|-damage|p2a: Landyy|333\/382
|drag|p2a: Police|Magnezone|282\/282
|-damage|p2a: Police|265\/282|[from] Stealth Rock
|
|turn|3
|
|switch|p2a: Landyy|Landorus-Therian, M, shiny|333\/382
|-damage|p2a: Landyy|286\/382|[from] Stealth Rock
|-ability|p2a: Landyy|Intimidate|[of] p1a: Hot Stove
|-unboost|p1a: Hot Stove|atk|1
|move|p1a: Hot Stove|Fire Blast|p2a: Landyy
|-damage|p2a: Landyy|194\/382
|
|-heal|p2a: Landyy|217\/382|[from] item: Leftovers
|turn|4
|
|move|p1a: Hot Stove|Fire Blast|p2a: Landyy|[miss]
|-miss|p1a: Hot Stove|p2a: Landyy
|move|p2a: Landyy|Hidden Power|p1a: Hot Stove
|-supereffective|p1a: Hot Stove
|-damage|p1a: Hot Stove|192\/420
|
|-heal|p2a: Landyy|240\/382|[from] item: Leftovers
|turn|5
|
|move|p1a: Hot Stove|Fire Blast|p2a: Landyy|[miss]
|-miss|p1a: Hot Stove|p2a: Landyy
|move|p2a: Landyy|U-turn|p1a: Hot Stove
|-damage|p1a: Hot Stove|137\/420
|-damage|p2a: Landyy|193\/382|[from] ability: Rough Skin|[of] p1a: Hot Stove
|-damage|p2a: Landyy|130\/382|[from] item: Rocky Helmet|[of] p1a: Hot Stove
|
|switch|p2a: Police|Magnezone|265\/282
|-damage|p2a: Police|248\/282|[from] Stealth Rock
|
|turn|6
|
|switch|p2a: Landyy|Landorus-Therian, M, shiny|130\/382
|-damage|p2a: Landyy|83\/382|[from] Stealth Rock
|-ability|p2a: Landyy|Intimidate|[of] p1a: Hot Stove
|-unboost|p1a: Hot Stove|atk|1
|switch|p1a: Tinfoil Hat|Magnezone|319\/319
|-damage|p1a: Tinfoil Hat|300\/319|[from] Stealth Rock
|
|-heal|p2a: Landyy|106\/382|[from] item: Leftovers
|turn|7
|
|switch|p1a: Rubber Duck|Latias, F|344\/344
|-damage|p1a: Rubber Duck|301\/344|[from] Stealth Rock
|move|p2a: Landyy|Earthquake|p1a: Rubber Duck
|-immune|p1a: Rubber Duck|[msg]
|
|-heal|p1a: Rubber Duck|322\/344|[from] item: Leftovers
|-heal|p2a: Landyy|129\/382|[from] item: Leftovers
|turn|8
|leave|rockboy52
|
|move|p1a: Rubber Duck|Psyshock|p2a: Landyy
|-damage|p2a: Landyy|48\/382
|move|p2a: Landyy|U-turn|p1a: Rubber Duck
|-supereffective|p1a: Rubber Duck
|-damage|p1a: Rubber Duck|170\/344
|
|switch|p2a: Eggplants|Azumarill, M|404\/404
|-damage|p2a: Eggplants|354\/404|[from] Stealth Rock
|
|-heal|p1a: Rubber Duck|191\/344|[from] item: Leftovers
|turn|9
|
|move|p1a: Rubber Duck|Defog|p2a: Eggplants
|-unboost|p2a: Eggplants|evasion|1
|-sideend|p2: SwiftSandstorm|Stealth Rock|[from] move: Defog|[of] p2a: Eggplants
|-sideend|p1: Sharpteeth|Stealth Rock|[from] move: Defog|[of] p1a: Rubber Duck
|move|p2a: Eggplants|Knock Off|p1a: Rubber Duck
|-supereffective|p1a: Rubber Duck
|-damage|p1a: Rubber Duck|0 fnt
|-enditem|p1a: Rubber Duck|Leftovers|[from] move: Knock Off|[of] p2a: Eggplants
|faint|p1a: Rubber Duck
|
|
|switch|p1a: Panic Button|Skarmory, M|334\/334
|turn|10
|
|move|p1a: Panic Button|Stealth Rock|p2a: Eggplants
|-sidestart|p2: SwiftSandstorm|move: Stealth Rock
|move|p2a: Eggplants|Knock Off|p1a: Panic Button
|-damage|p1a: Panic Button|232\/334
|-enditem|p1a: Panic Button|Red Card|[from] move: Knock Off|[of] p2a: Eggplants
|
|turn|11
|
|move|p1a: Panic Button|Spikes|p2a: Eggplants
|-sidestart|p2: SwiftSandstorm|Spikes
|move|p2a: Eggplants|Waterfall|p1a: Panic Button
|-damage|p1a: Panic Button|108\/334
|
|turn|12
|join|it's not me imo
|leave|it's not me imo
|
|switch|p1a: Hot Stove|Garchomp, M|137\/420
|switch|p2a: Police|Magnezone|248\/282
|-damage|p2a: Police|231\/282|[from] Stealth Rock
|-damage|p2a: Police|196\/282|[from] Spikes
|
|turn|13
|
|move|p2a: Police|Flash Cannon|p1a: Hot Stove
|-damage|p1a: Hot Stove|0 fnt
|faint|p1a: Hot Stove
|
|
|switch|p1a: Broom Head|Weavile, F|282\/282
|-ability|p1a: Broom Head|Pressure
|turn|14
|
|switch|p2a: Landyy|Landorus-Therian, M, shiny|48\/382
|-damage|p2a: Landyy|1\/382|[from] Stealth Rock
|-ability|p2a: Landyy|Intimidate|[of] p1a: Broom Head
|-unboost|p1a: Broom Head|atk|1
|move|p1a: Broom Head|Low Kick|p2a: Landyy
|-resisted|p2a: Landyy
|-damage|p2a: Landyy|0 fnt
|-damage|p1a: Broom Head|254\/282|[from] item: Life Orb
|faint|p2a: Landyy
|
|
|switch|p2a: Wedding|Diancie|241\/241
|-damage|p2a: Wedding|211\/241|[from] Spikes
|-damage|p2a: Wedding|181\/241|[from] Stealth Rock
|turn|15
|
|switch|p1a: Panic Button|Skarmory, M|108\/334
|detailschange|p2a: Wedding|Diancie-Mega
|-mega|p2a: Wedding|Diancie|Diancite
|move|p2a: Wedding|Moonblast|p1a: Panic Button
|-crit|p1a: Panic Button
|-resisted|p1a: Panic Button
|-damage|p1a: Panic Button|0 fnt
|faint|p1a: Panic Button
|
|join|113aac
|
|switch|p1a: Garden Gnome|Diancie|241\/241
|turn|16
|c|âSharpteeth|so.
|c| 113aac|hey sharpteeth
|c|âSharpteeth|a speed tie
|c|âSwiftSandstorm|not now
|c|âSwiftSandstorm|you're not mega
|c|âSwiftSandstorm|i am
|c|âSharpteeth|maybe icicle crash will flinch ._.
|c|âSwiftSandstorm|perhaps
|
|switch|p2a: Hyper|Hydreigon, M|325\/325
|-damage|p2a: Hyper|285\/325|[from] Stealth Rock
|detailschange|p1a: Garden Gnome|Diancie-Mega
|-mega|p1a: Garden Gnome|Diancie|Diancite
|move|p1a: Garden Gnome|Protect|p1a: Garden Gnome
|-fail|p1a: Garden Gnome
|
|turn|17
|c| 113aac|sharpteeth whats up my man
|
|move|p1a: Garden Gnome|Protect|p1a: Garden Gnome
|-singleturn|p1a: Garden Gnome|Protect
|move|p2a: Hyper|Earth Power|p1a: Garden Gnome
|-activate|p1a: Garden Gnome|Protect
|
|turn|18
|c| 113aac|nie protect!
|c| 113aac|epic skills man
|
|switch|p1a: Tinfoil Hat|Magnezone|300\/319
|move|p2a: Hyper|Earth Power|p1a: Tinfoil Hat
|-supereffective|p1a: Tinfoil Hat
|-damage|p1a: Tinfoil Hat|0 fnt
|faint|p1a: Tinfoil Hat
|
|c|âSwiftSandstorm|umm
|c| 113aac|oh almost
|c| 113aac|overpredict a little
|c|âSharpteeth|well, just realized I lived it.
|c|âSwiftSandstorm|i was just going to sack my hydreigon
|c|âSharpteeth|err
|c|âSharpteeth|ops.
|
|switch|p1a: Garden Gnome|Diancie-Mega|241\/241
|turn|19
|
|move|p1a: Garden Gnome|Moonblast|p2a: Hyper
|-supereffective|p2a: Hyper
|-damage|p2a: Hyper|0 fnt
|faint|p2a: Hyper
|
|c| 113aac|NICE1111!!
|
|switch|p2a: Police|Magnezone|196\/282
|-damage|p2a: Police|179\/282|[from] Stealth Rock
|-damage|p2a: Police|144\/282|[from] Spikes
|turn|20
|raw|<div class="broadcast-red"><b>Moderated chat was set to +!<\/b><br \/>Only users of rank + and higher can talk.<\/div>
|
|move|p2a: Police|Flash Cannon|p1a: Garden Gnome
|-supereffective|p1a: Garden Gnome
|-damage|p1a: Garden Gnome|0 fnt
|faint|p1a: Garden Gnome
|
|
|switch|p1a: Broom Head|Weavile, F|254\/282
|-ability|p1a: Broom Head|Pressure
|turn|21
|c|âSharpteeth|Well, GG either way.
|c|âSharpteeth|gonna have to rely on some Hax.
|
|move|p1a: Broom Head|Knock Off|p2a: Police
|-damage|p2a: Police|0 fnt
|-enditem|p2a: Police|Choice Scarf|[from] move: Knock Off|[of] p1a: Broom Head
|-damage|p1a: Broom Head|226\/282|[from] item: Life Orb
|faint|p2a: Police
|
|
|switch|p2a: Eggplants|Azumarill, M|354\/404
|-damage|p2a: Eggplants|304\/404|[from] Stealth Rock
|-damage|p2a: Eggplants|254\/404|[from] Spikes
|turn|22
|c|âSwiftSandstorm|hehe
|
|move|p2a: Eggplants|Aqua Jet|p1a: Broom Head
|-damage|p1a: Broom Head|100\/282
|move|p1a: Broom Head|Icicle Crash|p2a: Eggplants
|-resisted|p2a: Eggplants
|-damage|p2a: Eggplants|141\/404
|-damage|p1a: Broom Head|72\/282|[from] item: Life Orb
|
|turn|23
|
|move|p1a: Broom Head|Ice Shard|p2a: Eggplants
|-crit|p2a: Eggplants
|-resisted|p2a: Eggplants
|-damage|p2a: Eggplants|59\/404
|-damage|p1a: Broom Head|44\/282|[from] item: Life Orb
|move|p2a: Eggplants|Aqua Jet|p1a: Broom Head
|-damage|p1a: Broom Head|0 fnt
|faint|p1a: Broom Head
|
|win|SwiftSandstorm
|raw|Ladder updating...
|raw|Sharpteeth's rating: 1645 &rarr; <strong>1615<\/strong><br \/>(-30 for losing)
|raw|SwiftSandstorm's rating: 1448 &rarr; <strong>1478<\/strong><br \/>(+30 for winning)
|c|âSwiftSandstorm|gg