|join|Sharpteeth
|join|the chosen tele
|player|p1|Sharpteeth|1
|player|p2|the chosen tele|167
|gametype|singles
|gen|6
|tier|OU (suspect test)
|rated
|clearpoke
|poke|p1|Weavile, M
|poke|p1|Diancie
|poke|p1|Skarmory, F
|poke|p1|Latias, F
|poke|p1|Magnezone
|poke|p1|Garchomp, F
|poke|p2|Metagross
|poke|p2|Gengar, M
|poke|p2|Talonflame, M
|poke|p2|Garchomp, F
|poke|p2|Landorus-Therian, M
|poke|p2|Breloom, F
|rule|Swagger Clause: Swagger is banned
|rule|Baton Pass Clause: Limit one PokÃ©mon knowing Baton Pass
|rule|Sleep Clause Mod: Limit one foe put to sleep
|rule|Species Clause: Limit one of each PokÃ©mon
|rule|OHKO Clause: OHKO moves are banned
|rule|Moody Clause: Moody is banned
|rule|Evasion Moves Clause: Evasion moves are banned
|rule|Endless Battle Clause: Forcing endless battles is banned
|rule|HP Percentage Mod: HP is shown in percentages
|teampreview
|
|start
|switch|p1a: Panic Button|Skarmory, F|334\/334
|switch|p2a: Garchomp|Garchomp, F|357\/357
|turn|1
|
|move|p2a: Garchomp|Stealth Rock|p1a: Panic Button
|-sidestart|p1: Sharpteeth|move: Stealth Rock
|move|p1a: Panic Button|Stealth Rock|p2a: Garchomp
|-sidestart|p2: the chosen tele|move: Stealth Rock
|
|turn|2
|
|switch|p2a: Talonflame|Talonflame, M|297\/297
|-damage|p2a: Talonflame|149\/297|[from] Stealth Rock
|move|p1a: Panic Button|Spikes|p2a: Talonflame
|-sidestart|p2: the chosen tele|Spikes
|
|turn|3
|
|move|p2a: Talonflame|Taunt|p1a: Panic Button
|-start|p1a: Panic Button|move: Taunt
|cant|p1a: Panic Button|move: Taunt|Spikes
|
|turn|4
|
|switch|p1a: Hot Stove|Garchomp, F|420\/420
|-damage|p1a: Hot Stove|394\/420|[from] Stealth Rock
|move|p2a: Talonflame|Swords Dance|p2a: Talonflame
|-boost|p2a: Talonflame|atk|2
|
|turn|5
|
|move|p2a: Talonflame|Brave Bird|p1a: Hot Stove
|-damage|p1a: Hot Stove|84\/420
|-damage|p2a: Talonflame|112\/297|[from] ability: Rough Skin|[of] p1a: Hot Stove
|-damage|p2a: Talonflame|63\/297|[from] item: Rocky Helmet|[of] p1a: Hot Stove
|-damage|p2a: Talonflame|0 fnt|[from] recoil|[of] p1a: Hot Stove
|faint|p2a: Talonflame
|move|p1a: Hot Stove|Dragon Tail|p2: Talonflame|[notarget]
|-notarget
|
|
|switch|p2a: Metagross|Metagross|301\/301
|-damage|p2a: Metagross|264\/301|[from] Spikes
|-damage|p2a: Metagross|246\/301|[from] Stealth Rock
|turn|6
|join|nebulosa
|
|detailschange|p2a: Metagross|Metagross-Mega
|-mega|p2a: Metagross|Metagross|Metagrossite
|move|p2a: Metagross|Earthquake|p1a: Hot Stove
|-damage|p1a: Hot Stove|0 fnt
|faint|p1a: Hot Stove
|
|join|IAmGingy
|
|switch|p1a: Panic Button|Skarmory, F|334\/334
|-damage|p1a: Panic Button|293\/334|[from] Stealth Rock
|turn|7
|c|âSharpteeth|honestly, at this point
|c|âSharpteeth|the game is hinging on whether you have bullet punch on that thing
|
|switch|p2a: Breloom|Breloom, F|261\/261
|-damage|p2a: Breloom|229\/261|[from] Spikes
|-damage|p2a: Breloom|213\/261|[from] Stealth Rock
|move|p1a: Panic Button|Spikes|p2a: Breloom
|-sidestart|p2: the chosen tele|Spikes
|
|turn|8
|
|move|p1a: Panic Button|Drill Peck|p2a: Breloom
|-supereffective|p2a: Breloom
|-damage|p2a: Breloom|0 fnt
|faint|p2a: Breloom
|
|
|switch|p2a: Gengar|Gengar, M|261\/261
|-damage|p2a: Gengar|229\/261|[from] Stealth Rock
|turn|9
|leave|nebulosa
|
|switch|p1a: Tinfoil Hat|Magnezone|319\/319
|-damage|p1a: Tinfoil Hat|300\/319|[from] Stealth Rock
|move|p2a: Gengar|Shadow Ball|p1a: Tinfoil Hat
|-damage|p1a: Tinfoil Hat|100\/319
|-damage|p2a: Gengar|203\/261|[from] item: Life Orb
|
|turn|10
|
|switch|p2a: Metagross|Metagross-Mega|246\/301
|-damage|p2a: Metagross|196\/301|[from] Spikes
|-damage|p2a: Metagross|178\/301|[from] Stealth Rock
|move|p1a: Tinfoil Hat|Volt Switch|p2a: Metagross
|-damage|p2a: Metagross|0 fnt
|faint|p2a: Metagross
|-message|the chosen tele forfeited.
|leave|the chosen tele
|
|switch|p1a: Garden Gnome|Diancie|241\/241
|-damage|p1a: Garden Gnome|211\/241|[from] Stealth Rock
|
|
|win|Sharpteeth
|raw|Ladder updating...
|player|p2
|raw|Sharpteeth's rating: 1484 &rarr; <strong>1497<\/strong><br \/>(+13 for winning)
|raw|the chosen tele's rating: 1356 &rarr; <strong>1343<\/strong><br \/>(-13 for losing)
|leave|Sharpteeth