|join|gyarad0site
|join|I'm The Cancer
|player|p1|gyarad0site|195
|player|p2|I'm The Cancer|196
|gametype|singles
|gen|6
|tier|OU
|rated
|clearpoke
|poke|p1|Scizor, M, shiny
|poke|p1|Manaphy, shiny
|poke|p1|Thundurus, M
|poke|p1|Landorus-Therian, M
|poke|p1|Cobalion
|poke|p1|Latios, M
|poke|p2|Sableye, M
|poke|p2|Cresselia, F
|poke|p2|Chansey, F
|poke|p2|Skarmory, M
|poke|p2|Quagsire, F
|poke|p2|Gothitelle, M
|rule|Swagger Clause: Swagger is banned
|rule|Baton Pass Clause: Limit one PokÃ©mon knowing Baton Pass
|rule|Sleep Clause Mod: Limit one foe put to sleep
|rule|Species Clause: Limit one of each PokÃ©mon
|rule|OHKO Clause: OHKO moves are banned
|rule|Moody Clause: Moody is banned
|rule|Evasion Moves Clause: Evasion moves are banned
|rule|Endless Battle Clause: Forcing endless battles is banned
|rule|HP Percentage Mod: HP is shown in percentages
|teampreview
|
|start
|switch|p1a: Thundurus|Thundurus, M|299\/299
|switch|p2a: LE GEM XD XD|Sableye, M|304\/304
|turn|1
|
|detailschange|p2a: LE GEM XD XD|Sableye-Mega, M
|-mega|p2a: LE GEM XD XD|Sableye|Sablenite
|move|p2a: LE GEM XD XD|Will-O-Wisp|p1a: Thundurus
|-status|p1a: Thundurus|brn
|move|p1a: Thundurus|Volt Switch|p2a: LE GEM XD XD
|-crit|p2a: LE GEM XD XD
|-damage|p2a: LE GEM XD XD|141\/304
|leave|gyarad0site
|player|p1
|join|gyarad0site
|player|p1|gyarad0site|195
|
|switch|p1a: Latios|Latios, M|301\/301
|
|turn|2
|
|switch|p2a: Queen of Twerk|Chansey, F|704\/704
|move|p1a: Latios|Trick|p2a: Queen of Twerk
|-activate|p1a: Latios|move: Trick|[of] p2a: Queen of Twerk
|-item|p2a: Queen of Twerk|Choice Scarf|[from] move: Trick
|-item|p1a: Latios|Eviolite|[from] move: Trick
|
|turn|3
|
|move|p1a: Latios|Psyshock|p2a: Queen of Twerk
|-damage|p2a: Queen of Twerk|433\/704
|move|p2a: Queen of Twerk|Stealth Rock|p1a: Latios
|-sidestart|p1: gyarad0site|move: Stealth Rock
|
|turn|4
|
|switch|p2a: Gothitelletubby|Gothitelle, M|344\/344
|move|p1a: Latios|Defog|p2a: Gothitelletubby
|-unboost|p2a: Gothitelletubby|evasion|1
|-sideend|p1: gyarad0site|Stealth Rock|[from] move: Defog|[of] p1a: Latios
|
|turn|5
|
|move|p1a: Latios|Draco Meteor|p2a: Gothitelletubby
|-damage|p2a: Gothitelletubby|155\/344
|-unboost|p1a: Latios|spa|2
|move|p2a: Gothitelletubby|Trick|p1a: Latios
|-activate|p2a: Gothitelletubby|move: Trick|[of] p1a: Latios
|-item|p1a: Latios|Choice Scarf|[from] move: Trick
|-item|p2a: Gothitelletubby|Eviolite|[from] move: Trick
|
|turn|6
|
|move|p1a: Latios|Trick|p2a: Gothitelletubby
|-activate|p1a: Latios|move: Trick|[of] p2a: Gothitelletubby
|-item|p2a: Gothitelletubby|Choice Scarf|[from] move: Trick
|-item|p1a: Latios|Eviolite|[from] move: Trick
|move|p2a: Gothitelletubby|Rest|p2a: Gothitelletubby
|-status|p2a: Gothitelletubby|slp
|-heal|p2a: Gothitelletubby|344\/344 slp|[silent]
|-status|p2a: Gothitelletubby|slp|[from] move: Rest
|
|turn|7
|
|move|p1a: Latios|Psyshock|p2a: Gothitelletubby
|-crit|p2a: Gothitelletubby
|-resisted|p2a: Gothitelletubby
|-damage|p2a: Gothitelletubby|232\/344 slp
|cant|p2a: Gothitelletubby|slp
|
|turn|8
|
|switch|p2a: Queen of Twerk|Chansey, F|433\/704
|move|p1a: Latios|Psyshock|p2a: Queen of Twerk
|-damage|p2a: Queen of Twerk|283\/704
|
|turn|9
|
|move|p1a: Latios|Psyshock|p2a: Queen of Twerk
|-damage|p2a: Queen of Twerk|133\/704
|move|p2a: Queen of Twerk|Soft-Boiled|p2a: Queen of Twerk
|-heal|p2a: Queen of Twerk|485\/704
|
|turn|10
|
|switch|p1a: flAMberge|Cobalion|358\/358
|move|p2a: Queen of Twerk|Soft-Boiled|p2a: Queen of Twerk
|-heal|p2a: Queen of Twerk|704\/704
|
|turn|11
|
|switch|p2a: LE GEM XD XD|Sableye-Mega, M|141\/304
|move|p1a: flAMberge|Volt Switch|p2a: LE GEM XD XD
|-damage|p2a: LE GEM XD XD|97\/304
|
|switch|p1a: Latios|Latios, M|301\/301
|
|turn|12
|
|switch|p2a: Queen of Twerk|Chansey, F|704\/704
|move|p1a: Latios|Draco Meteor|p2a: Queen of Twerk
|-damage|p2a: Queen of Twerk|464\/704
|-unboost|p1a: Latios|spa|2
|
|turn|13
|
|move|p1a: Latios|Psyshock|p2a: Queen of Twerk
|-damage|p2a: Queen of Twerk|310\/704
|move|p2a: Queen of Twerk|Thunder Wave|p1a: Latios
|-status|p1a: Latios|par
|
|turn|14
|
|switch|p2a: Gothitelletubby|Gothitelle, M|232\/344 slp
|switch|p1a: sAMuel L|Landorus-Therian, M|381\/381
|-ability|p1a: sAMuel L|Intimidate|[of] p2a: Gothitelletubby
|-unboost|p2a: Gothitelletubby|atk|1
|
|turn|15
|
|switch|p2a: Happy Feet|Skarmory, M|334\/334
|move|p1a: sAMuel L|U-turn|p2a: Happy Feet
|-resisted|p2a: Happy Feet
|-damage|p2a: Happy Feet|324\/334
|
|switch|p1a: murakAMi|Manaphy, shiny|351\/351
|
|turn|16
|
|switch|p2a: Gothitelletubby|Gothitelle, M|232\/344 slp
|move|p1a: murakAMi|Tail Glow|p1a: murakAMi
|-boost|p1a: murakAMi|spa|3
|
|turn|17
|
|cant|p2a: Gothitelletubby|slp
|move|p1a: murakAMi|Scald|p2a: Gothitelletubby
|-damage|p2a: Gothitelletubby|0 fnt
|faint|p2a: Gothitelletubby
|
|-message|I'm The Cancer forfeited.
|leave|I'm The Cancer
|
|win|gyarad0site
|raw|Ladder updating...
|c|âgyarad0site|:]
|player|p2
|raw|gyarad0site's rating: 1647 &rarr; <strong>1661<\/strong><br \/>(+14 for winning)
|raw|I&apos;m The Cancer's rating: 1542 &rarr; <strong>1528<\/strong><br \/>(-14 for losing)