|join|Alvadora
|join|Jefo
|player|p1|Alvadora|256
|player|p2|Jefo|98
|gametype|singles
|gen|6
|tier|OU
|clearpoke
|poke|p1|Charizard, M
|poke|p1|Tyranitar, F
|poke|p1|Excadrill, M
|poke|p1|Rotom-Wash
|poke|p1|Greninja, M, shiny
|poke|p1|Breloom, M
|poke|p2|Azumarill, M
|poke|p2|Keldeo-Resolute
|poke|p2|Diggersby, M
|poke|p2|Metagross
|poke|p2|Ferrothorn, F
|poke|p2|Slowbro, F
|rule|Swagger Clause: Swagger is banned
|rule|Baton Pass Clause: Limit one PokÃ©mon knowing Baton Pass
|rule|Sleep Clause Mod: Limit one foe put to sleep
|rule|Species Clause: Limit one of each PokÃ©mon
|rule|OHKO Clause: OHKO moves are banned
|rule|Moody Clause: Moody is banned
|rule|Evasion Moves Clause: Evasion moves are banned
|rule|Endless Battle Clause: Forcing endless battles is banned
|rule|HP Percentage Mod: HP is shown in percentages
|teampreview
|join|SafetySwitch
|join|Blacjak
|join|hellfiend
|join|fakeboss
|join|UnB0lievable
|join|0001212012120120as
|join|greninjaforuber
|join|Jeevs
|join|Invok3r
|join|Lady Keldeo
|join|Sparkxz
|join|raiderrocker18
|join|craing _;
|c| Jeevs|alvy plss
|join|MacroMonarch
|join|boTTT Prototype
|join|SupahGassy
|c| raiderrocker18|gl hf all
|join|jbzdfbsjkg
|c|âAlvadora|GL :]
|join|Doctor Octagon
|join|Ubersong
|join|misc alll day
|c| Sparkxz|they're eyeing each other varily
|c| misc alll day|first
|c| greninjaforuber|jefo wah me do
|join|Mentalist Swag
|
|start
|switch|p1a: Charizard|Charizard, M|297\/297
|switch|p2a: Dild|Keldeo-Resolute|322\/322
|turn|1
|c|âJefo|:^)
|join|I Used Splash
|join|hot n cold
|
|detailschange|p1a: Charizard|Charizard-Mega-Y, M
|message|Charizard has Mega Evolved into Mega Charizard!
|-weather|SunnyDay
|move|p2a: Dild|Calm Mind|p2a: Dild
|-boost|p2a: Dild|spa|1
|-boost|p2a: Dild|spd|1
|move|p1a: Charizard|Solar Beam|p2a: Dild|[still]
|-prepare|p1a: Charizard|Solar Beam|p2a: Dild
|-anim|p1a: Charizard|Solar Beam|p2a: Dild
|-supereffective|p2a: Dild
|-damage|p2a: Dild|58\/322
|
|-weather|SunnyDay|[upkeep]
|turn|2
|c| misc alll day|hmm so we have gliscor stall vs hail stall
|c| raiderrocker18|zard7 and ttar core <3
|c| jbzdfbsjkg|tongue\/wing\/tube flapping intensifies
|c| misc alll day|weird matchup forsure
|c| raiderrocker18|zardy*
|c|âJefo|i cant do shit to this
|c| MacroMonarch|solar power beam
|c|âJefo|its so antimeta
|
|move|p2a: Dild|Scald|p1a: Charizard
|-supereffective|p1a: Charizard
|-damage|p1a: Charizard|74\/297
|move|p1a: Charizard|Flamethrower|p2a: Dild
|-resisted|p2a: Dild
|-damage|p2a: Dild|0 fnt
|faint|p2a: Dild
|
|-weather|SunnyDay|[upkeep]
|c| Blacjak|the predictions
|c| MacroMonarch|dam
|
|switch|p2a: Diggersby|Diggersby, M|311\/311
|turn|3
|c| MacroMonarch|dat sun fucks up water so much
|join|I Iike Squirtles
|join|SimpleSock
|c| raiderrocker18|inb4 not scarf or sash
|c| raiderrocker18|and no quick attack
|c| greninjaforuber|nobody likes a banded quick attack
|
|switch|p1a: Rotom-Wash|Rotom-Wash|304\/304
|move|p2a: Diggersby|Quick Attack|p1a: Rotom-Wash
|-damage|p1a: Rotom-Wash|221\/304
|-damage|p2a: Diggersby|280\/311|[from] item: Life Orb
|
|-weather|SunnyDay|[upkeep]
|-heal|p1a: Rotom-Wash|240\/304|[from] item: Leftovers
|turn|4
|
|switch|p2a: Ferrothorn|Ferrothorn, F|352\/352
|move|p1a: Rotom-Wash|Will-O-Wisp|p2a: Ferrothorn
|-status|p2a: Ferrothorn|brn
|
|-weather|SunnyDay|[upkeep]
|-heal|p1a: Rotom-Wash|259\/304|[from] item: Leftovers
|-damage|p2a: Ferrothorn|308\/352 brn|[from] brn
|turn|5
|
|move|p1a: Rotom-Wash|Volt Switch|p2a: Ferrothorn
|-resisted|p2a: Ferrothorn
|-damage|p2a: Ferrothorn|270\/352 brn
|
|switch|p1a: Charizard|Charizard-Mega-Y, M|74\/297
|move|p2a: Ferrothorn|Stealth Rock|p1a: Charizard
|-sidestart|p1: Alvadora|move: Stealth Rock
|
|-weather|none
|-damage|p2a: Ferrothorn|226\/352 brn|[from] brn
|turn|6
|
|switch|p2a: Azumarill|Azumarill, M|404\/404
|move|p1a: Charizard|Roost|p1a: Charizard
|-heal|p1a: Charizard|223\/297
|
|turn|7
|
|switch|p1a: Rotom-Wash|Rotom-Wash|259\/304
|-damage|p1a: Rotom-Wash|221\/304|[from] Stealth Rock
|move|p2a: Azumarill|Play Rough|p1a: Rotom-Wash
|-damage|p1a: Rotom-Wash|8\/304
|
|-heal|p1a: Rotom-Wash|27\/304|[from] item: Leftovers
|turn|8
|
|switch|p2a: Diggersby|Diggersby, M|280\/311
|move|p1a: Rotom-Wash|Volt Switch|p2a: Diggersby
|-immune|p2a: Diggersby|[msg]
|
|-heal|p1a: Rotom-Wash|46\/304|[from] item: Leftovers
|turn|9
|
|switch|p1a: Greninja|Greninja, M, shiny|285\/285
|-damage|p1a: Greninja|250\/285|[from] Stealth Rock
|move|p2a: Diggersby|Return|p1a: Greninja
|-damage|p1a: Greninja|0 fnt
|-damage|p2a: Diggersby|249\/311|[from] item: Life Orb
|faint|p1a: Greninja
|
|c| boTTT Prototype|oh no the sun
|c| greninjaforuber|ferrothorn used to wall rotom, until rotom learned hp fire :^)
|c|âJefo|?
|c| raiderrocker18|was a good willo turn
|c| Sparkxz|oh it hung on by the skin of it's teeth
|c| Ubersong|wtf
|c|âAlvadora|ohfuck
|c| misc alll day|oh damn
|join|evileddy1
|c|âAlvadora|i saw the turns wrongly
|c| MacroMonarch|dude diggersby is a pimp
|c| misc alll day|this guy is playin
|c|âAlvadora|i was reading manga -.-
|c| 0001212012120120as|that diggersby tho
|c| Blacjak|gg
|c| misc alll day|ofc
|c| Blacjak|diggersby hyper carry
|c|âJefo|keld did so much work
|join|Mawile Apocalypse
|c| boTTT Prototype|couldnt aqua have killed rotom?
|c|âJefo|;_;
|c|âAlvadora|i thought i volt switched and i thought i could go to gren safely
|c| UnB0lievable|banded
|c|âAlvadora|i didnt see that it was blocked
|c|âAlvadora|lmfao
|c|âJefo|lol
|leave|Invok3r
|
|switch|p1a: Breloom|Breloom, M|262\/262
|-damage|p1a: Breloom|246\/262|[from] Stealth Rock
|turn|10
|join|alb_prova
|
|switch|p2a: Metagross|Metagross|301\/301
|move|p1a: Breloom|Bullet Seed|p2a: Metagross
|-resisted|p2a: Metagross
|-damage|p2a: Metagross|274\/301
|-resisted|p2a: Metagross
|-damage|p2a: Metagross|243\/301
|-resisted|p2a: Metagross
|-damage|p2a: Metagross|216\/301
|-resisted|p2a: Metagross
|-damage|p2a: Metagross|187\/301
|-resisted|p2a: Metagross
|-damage|p2a: Metagross|156\/301
|-hitcount|p2a: Metagross|5
|
|turn|11
|c| raiderrocker18|power
|
|switch|p1a: Tyranitar|Tyranitar, F|404\/404
|-damage|p1a: Tyranitar|354\/404|[from] Stealth Rock
|-weather|Sandstorm
|detailschange|p2a: Metagross|Metagross-Mega
|message|Metagross has Mega Evolved into Mega Metagross!
|move|p2a: Metagross|Meteor Mash|p1a: Tyranitar
|-supereffective|p1a: Tyranitar
|-damage|p1a: Tyranitar|0 fnt
|faint|p1a: Tyranitar
|
|-weather|Sandstorm|[upkeep]
|
|switch|p1a: Excadrill|Excadrill, M|359\/359
|-damage|p1a: Excadrill|348\/359|[from] Stealth Rock
|turn|12
|c| Sparkxz|diggersby is a tough little shit isn't he
|c| Jeevs|no one man should ahve all thatpower
|
|switch|p2a: Slowbro|Slowbro, F|394\/394
|move|p1a: Excadrill|Earthquake|p2a: Slowbro
|-damage|p2a: Slowbro|213\/394
|-damage|p1a: Excadrill|313\/359|[from] item: Life Orb
|
|-weather|Sandstorm|[upkeep]
|-damage|p2a: Slowbro|189\/394|[from] sandstorm
|-heal|p2a: Slowbro|213\/394|[from] item: Leftovers
|turn|13
|c| boTTT Prototype|damn nigga
|c| greninjaforuber|bop
|c| 0001212012120120as|oh snap
|
|move|p1a: Excadrill|Rapid Spin|p2a: Slowbro
|-damage|p2a: Slowbro|190\/394
|-sideend|p1: Alvadora|Stealth Rock|[from] move: Rapid Spin|[of] p1a: Excadrill
|-damage|p1a: Excadrill|278\/359|[from] item: Life Orb
|move|p2a: Slowbro|Scald|p1a: Excadrill
|-crit|p1a: Excadrill
|-supereffective|p1a: Excadrill
|-damage|p1a: Excadrill|0 fnt
|faint|p1a: Excadrill
|
|-weather|Sandstorm|[upkeep]
|-damage|p2a: Slowbro|166\/394|[from] sandstorm
|-heal|p2a: Slowbro|190\/394|[from] item: Leftovers
|leave|SimpleSock
|c| raiderrocker18|does anybody realize actually how strong bullet seed is if you hit all 5
|
|switch|p1a: Charizard|Charizard-Mega-Y, M|223\/297
|-weather|SunnyDay
|turn|14
|c| greninjaforuber|jefo hit em up with that yopper
|c| 0001212012120120as|the bro
|
|move|p1a: Charizard|Flamethrower|p2a: Slowbro
|-resisted|p2a: Slowbro
|-damage|p2a: Slowbro|0 fnt
|faint|p2a: Slowbro
|
|-weather|SunnyDay|[upkeep]
|
|switch|p2a: Diggersby|Diggersby, M|249\/311
|turn|15
|c| misc alll day|yes raider it hits like 187 base power
|c| boTTT Prototype|omfg
|c|âAlvadora|i lose to megagross alr
|
|move|p2a: Diggersby|Quick Attack|p1a: Charizard
|-damage|p1a: Charizard|63\/297
|-damage|p2a: Diggersby|218\/311|[from] item: Life Orb
|move|p1a: Charizard|Solar Beam|p2a: Diggersby|[still]
|-prepare|p1a: Charizard|Solar Beam|p2a: Diggersby
|-anim|p1a: Charizard|Solar Beam|p2a: Diggersby
|-supereffective|p2a: Diggersby
|-damage|p2a: Diggersby|0 fnt
|faint|p2a: Diggersby
|
|-weather|SunnyDay|[upkeep]
|c|âAlvadora|so ya
|c|âAlvadora|gg
|
|switch|p2a: Metagross|Metagross-Mega|156\/301
|turn|16
|join|Sama Kutra
|c|âAlvadora|i wasnt watching the game
|c|âAlvadora|and lost gren
|c|âAlvadora|-.-
|c|âAlvadora|gg
|-message|Alvadora forfeited.
|
|win|Jefo
|leave|Alvadora
|player|p1
|leave|Ubersong
|c| greninjaforuber|Jefo tho
|leave|Mawile Apocalypse
|leave|UnB0lievable
|leave|SafetySwitch
|leave|Blacjak
|leave|raiderrocker18
|leave|fakeboss
|leave|Jeevs
|leave|hellfiend
|leave|Doctor Octagon
|leave|I Used Splash
|leave|Mentalist Swag
|leave|Jefo
|player|p2
|leave|alb_prova
|leave|0001212012120120as
|leave|MacroMonarch
|leave|greninjaforuber
|leave|SupahGassy
|leave|evileddy1
|leave|misc alll day
|leave|Sama Kutra
|join|alb_prova
|join|Jefo
|leave|alb_prova
|join|Ubersong
|leave|Lady Keldeo
|leave|Ubersong
|join|swagger on deck
|leave|Sparkxz
|leave|boTTT Prototype
|join|435rqew
|leave|jbzdfbsjkg
|leave|craing _;
|join|boTTT Prototype
|leave|boTTT Prototype
|join|Dallaren
|leave|Dallaren
|join|Dallaren
|leave|Dallaren
|join|toneloni97
|leave|swagger on deck
|leave|435rqew
|join|swagger on deck