|join|sonyfan
|join|Alvadora
|player|p1|sonyfan|101
|player|p2|Alvadora|256
|gametype|singles
|gen|6
|tier|OU
|rated
|clearpoke
|poke|p1|Metagross
|poke|p1|Greninja, M
|poke|p1|Diggersby, M
|poke|p1|Breloom, M
|poke|p1|Latios, M
|poke|p1|Heatran, F
|poke|p2|Kyurem-Black, shiny
|poke|p2|Slowbro, M
|poke|p2|Gardevoir, F, shiny
|poke|p2|Celebi
|poke|p2|Landorus-Therian, M
|poke|p2|Zapdos
|rule|Swagger Clause: Swagger is banned
|rule|Baton Pass Clause: Limit one PokÃ©mon knowing Baton Pass
|rule|Sleep Clause Mod: Limit one foe put to sleep
|rule|Species Clause: Limit one of each PokÃ©mon
|rule|OHKO Clause: OHKO moves are banned
|rule|Moody Clause: Moody is banned
|rule|Evasion Moves Clause: Evasion moves are banned
|rule|Endless Battle Clause: Forcing endless battles is banned
|rule|HP Percentage Mod: HP is shown in percentages
|teampreview
|c|âAlvadora|gl
|c|âsonyfan|gl hf
|
|start
|switch|p1a: Heatran|Heatran, F|325\/325
|switch|p2a: Celebi|Celebi|378\/378
|-item|p1a: Heatran|Air Balloon
|turn|1
|
|move|p1a: Heatran|Fire Blast|p2a: Celebi
|-supereffective|p2a: Celebi
|-damage|p2a: Celebi|0 fnt
|faint|p2a: Celebi
|
|
|switch|p2a: Slowbro|Slowbro, M|394\/394
|turn|2
|
|move|p1a: Heatran|Stealth Rock|p2a: Slowbro
|-sidestart|p2: Alvadora|move: Stealth Rock
|move|p2a: Slowbro|Scald|p1a: Heatran
|-supereffective|p1a: Heatran
|-damage|p1a: Heatran|161\/325
|-enditem|p1a: Heatran|Air Balloon
|
|turn|3
|
|switch|p1a: Latios|Latios, M|301\/301
|move|p2a: Slowbro|Thunder Wave|p1a: Latios
|-status|p1a: Latios|par
|
|turn|4
|
|switch|p2a: Gardevoir|Gardevoir, F, shiny|277\/277
|-damage|p2a: Gardevoir|243\/277|[from] Stealth Rock
|-ability|p2a: Gardevoir|Levitate|[from] ability: Trace|[of] p1a: Latios
|move|p1a: Latios|Trick|p2a: Gardevoir
|-fail|p2a: Gardevoir
|
|turn|5
|
|switch|p1a: Heatran|Heatran, F|161\/325
|detailschange|p2a: Gardevoir|Gardevoir-Mega, F, shiny
|-mega|p2a: Gardevoir|Gardevoir|Gardevoirite
|move|p2a: Gardevoir|Hyper Voice|p1a: Heatran
|-crit|p1a: Heatran
|-resisted|p1a: Heatran
|-damage|p1a: Heatran|58\/325
|
|turn|6
|
|move|p2a: Gardevoir|Psyshock|p1a: Heatran
|-resisted|p1a: Heatran
|-damage|p1a: Heatran|0 fnt
|faint|p1a: Heatran
|
|
|switch|p1a: Metagross|Metagross|301\/301
|turn|7
|
|switch|p2a: Slowbro|Slowbro, M|394\/394
|-damage|p2a: Slowbro|345\/394|[from] Stealth Rock
|detailschange|p1a: Metagross|Metagross-Mega
|-mega|p1a: Metagross|Metagross|Metagrossite
|move|p1a: Metagross|Meteor Mash|p2a: Slowbro|[miss]
|-miss|p1a: Metagross|p2a: Slowbro
|
|-heal|p2a: Slowbro|369\/394|[from] item: Leftovers
|turn|8
|
|switch|p1a: Latios|Latios, M|301\/301 par
|move|p2a: Slowbro|Scald|p1a: Latios
|-resisted|p1a: Latios
|-damage|p1a: Latios|259\/301 par
|
|-heal|p2a: Slowbro|393\/394|[from] item: Leftovers
|turn|9
|
|switch|p1a: Breloom|Breloom, M|261\/261
|switch|p2a: Zapdos|Zapdos|383\/383
|-damage|p2a: Zapdos|288\/383|[from] Stealth Rock
|-ability|p2a: Zapdos|Pressure
|
|-heal|p2a: Zapdos|311\/383|[from] item: Leftovers
|turn|10
|
|move|p1a: Breloom|Spore|p2a: Zapdos
|-status|p2a: Zapdos|slp
|cant|p2a: Zapdos|slp
|
|-heal|p2a: Zapdos|334\/383 slp|[from] item: Leftovers
|turn|11
|c|âAlvadora|gdi
|c|âAlvadora|jolly loom?
|c|âsonyfan|yes
|c|âAlvadora|urghhh
|
|switch|p1a: Diggersby|Diggersby, M|311\/311
|-curestatus|p2a: Zapdos|slp
|move|p2a: Zapdos|Heat Wave|p1a: Diggersby
|-damage|p1a: Diggersby|191\/311
|
|-heal|p2a: Zapdos|357\/383|[from] item: Leftovers
|turn|12
|c|âsonyfan|bisharp is a thread
|
|move|p1a: Diggersby|Swords Dance|p1a: Diggersby
|-boost|p1a: Diggersby|atk|2
|move|p2a: Zapdos|Defog|p1a: Diggersby
|-unboost|p1a: Diggersby|evasion|1
|-sideend|p2: Alvadora|Stealth Rock|[from] move: Defog|[of] p2a: Zapdos
|
|-heal|p2a: Zapdos|380\/383|[from] item: Leftovers
|turn|13
|
|move|p1a: Diggersby|Return|p2a: Zapdos
|-damage|p2a: Zapdos|0 fnt
|faint|p2a: Zapdos
|
|
|switch|p2a: Landorus-Therian|Landorus-Therian, M|328\/328
|-ability|p2a: Landorus-Therian|Intimidate|[of] p1a: Diggersby
|-unboost|p1a: Diggersby|atk|1
|turn|14
|
|move|p1a: Diggersby|Quick Attack|p2a: Landorus-Therian
|-damage|p2a: Landorus-Therian|183\/328
|move|p2a: Landorus-Therian|Earthquake|p1a: Diggersby
|-damage|p1a: Diggersby|0 fnt
|faint|p1a: Diggersby
|
|
|switch|p1a: Breloom|Breloom, M|261\/261
|turn|15
|
|move|p2a: Landorus-Therian|Earthquake|p1a: Breloom
|-resisted|p1a: Breloom
|-damage|p1a: Breloom|136\/261
|move|p1a: Breloom|Spore|p2a: Landorus-Therian
|-status|p2a: Landorus-Therian|slp
|
|turn|16
|
|cant|p2a: Landorus-Therian|slp
|move|p1a: Breloom|Bullet Seed|p2a: Landorus-Therian
|-damage|p2a: Landorus-Therian|110\/328 slp
|-damage|p2a: Landorus-Therian|37\/328 slp
|-damage|p2a: Landorus-Therian|0 fnt
|-hitcount|p2a: Landorus-Therian|3
|faint|p2a: Landorus-Therian
|
|
|switch|p2a: Gardevoir|Gardevoir-Mega, F, shiny|243\/277
|turn|17
|
|switch|p1a: Latios|Latios, M|259\/301 par
|move|p2a: Gardevoir|Hyper Voice|p1a: Latios
|-supereffective|p1a: Latios
|-damage|p1a: Latios|0 fnt
|faint|p1a: Latios
|
|
|switch|p1a: Metagross|Metagross-Mega|301\/301
|turn|18
|
|switch|p2a: Slowbro|Slowbro, M|394\/394
|move|p1a: Metagross|Meteor Mash|p2a: Slowbro
|-resisted|p2a: Slowbro
|-damage|p2a: Slowbro|319\/394
|
|-heal|p2a: Slowbro|343\/394|[from] item: Leftovers
|turn|19
|
|move|p1a: Metagross|Meteor Mash|p2a: Slowbro
|-resisted|p2a: Slowbro
|-damage|p2a: Slowbro|267\/394
|move|p2a: Slowbro|Thunder Wave|p1a: Metagross
|-status|p1a: Metagross|par
|
|-heal|p2a: Slowbro|291\/394|[from] item: Leftovers
|turn|20
|c|âsonyfan|ajjj i predicted the switch
|
|switch|p1a: Greninja|Greninja, M|285\/285
|move|p2a: Slowbro|Scald|p1a: Greninja
|-resisted|p1a: Greninja
|-damage|p1a: Greninja|225\/285
|
|-heal|p2a: Slowbro|315\/394|[from] item: Leftovers
|turn|21
|
|move|p1a: Greninja|Dark Pulse|p2a: Slowbro
|-start|p1a: Greninja|typechange|Dark|[from] Protean
|-supereffective|p2a: Slowbro
|-damage|p2a: Slowbro|0 fnt
|-damage|p1a: Greninja|197\/285|[from] item: Life Orb
|faint|p2a: Slowbro
|
|
|switch|p2a: Kyurem-Black|Kyurem-Black, shiny|391\/391
|-ability|p2a: Kyurem-Black|Teravolt
|turn|22
|
|switch|p1a: Breloom|Breloom, M|136\/261
|move|p2a: Kyurem-Black|Ice Beam|p1a: Breloom
|-supereffective|p1a: Breloom
|-damage|p1a: Breloom|0 fnt
|-damage|p2a: Kyurem-Black|352\/391|[from] item: Life Orb
|faint|p1a: Breloom
|
|
|switch|p1a: Metagross|Metagross-Mega|301\/301 par
|turn|23
|
|move|p2a: Kyurem-Black|Earth Power|p1a: Metagross
|-supereffective|p1a: Metagross
|-damage|p1a: Metagross|12\/301 par
|-damage|p2a: Kyurem-Black|313\/391|[from] item: Life Orb
|move|p1a: Metagross|Meteor Mash|p2a: Kyurem-Black
|-supereffective|p2a: Kyurem-Black
|-damage|p2a: Kyurem-Black|0 fnt
|-boost|p1a: Metagross|atk|1
|faint|p2a: Kyurem-Black
|
|
|switch|p2a: Gardevoir|Gardevoir-Mega, F, shiny|243\/277
|turn|24
|c|âAlvadora|dammit
|
|move|p2a: Gardevoir|Hyper Voice|p1a: Metagross
|-resisted|p1a: Metagross
|-damage|p1a: Metagross|0 fnt
|faint|p1a: Metagross
|
|c|âsonyfan|da bulk
|c|âAlvadora|rip
|c|âAlvadora|gunk shot dont hit
|c|âAlvadora|hahaha
|
|switch|p1a: Greninja|Greninja, M|197\/285
|turn|25
|c|âsonyfan|;_;
|c|âAlvadora|im alr 252rash natured with LO on my kyurem-b
|c|âAlvadora|and it still cant ohko
|c|âAlvadora|im sad
|
|move|p1a: Greninja|Gunk Shot|p2a: Gardevoir
|-start|p1a: Greninja|typechange|Poison|[from] Protean
|-supereffective|p2a: Gardevoir
|-damage|p2a: Gardevoir|0 fnt
|-damage|p1a: Greninja|169\/285|[from] item: Life Orb
|faint|p2a: Gardevoir
|
|win|sonyfan
|raw|Ladder updating...
|c|âsonyfan|Try modest xD
|raw|sonyfan's rating: 1619 &rarr; <strong>1639<\/strong><br \/>(+20 for winning)
|raw|Alvadora's rating: 1635 &rarr; <strong>1614<\/strong><br \/>(-21 for losing)
|c|âAlvadora|gg
|c|âAlvadora|rash is modest
|c|âsonyfan|gg
|c|âAlvadora|-.-
|c|âAlvadora|rash is +SpA
|c|âsonyfan|I didnt know xb
|c|âAlvadora|i cant modest because im mixed
|leave|Alvadora
|player|p2