|join|xtraDOLLARshine
|join|Alvadora
|player|p1|xtraDOLLARshine|114
|player|p2|Alvadora|256
|gametype|singles
|gen|6
|tier|OU
|clearpoke
|poke|p1|Infernape, M
|poke|p1|Pidgeot, F
|poke|p1|Talonflame, M
|poke|p1|Azumarill, F
|poke|p1|Excadrill, M
|poke|p1|Breloom, M
|poke|p2|Kyurem-Black, shiny
|poke|p2|Slowbro, M
|poke|p2|Gardevoir, F, shiny
|poke|p2|Cobalion
|poke|p2|Landorus-Therian, M
|poke|p2|Zapdos
|rule|Swagger Clause: Swagger is banned
|rule|Baton Pass Clause: Limit one PokÃ©mon knowing Baton Pass
|rule|Sleep Clause Mod: Limit one foe put to sleep
|rule|Species Clause: Limit one of each PokÃ©mon
|rule|OHKO Clause: OHKO moves are banned
|rule|Moody Clause: Moody is banned
|rule|Evasion Moves Clause: Evasion moves are banned
|rule|Endless Battle Clause: Forcing endless battles is banned
|rule|HP Percentage Mod: HP is shown in percentages
|teampreview
|join|Aloha
|join|adedffdf
|join|FINGERScrossed
|
|start
|switch|p1a: Infernape|Infernape, M|293\/293
|switch|p2a: Cobalion|Cobalion|359\/359
|turn|1
|join|blunderr
|join|Praj.pran
|
|move|p2a: Cobalion|Stealth Rock|p1a: Infernape
|-sidestart|p1: xtraDOLLARshine|move: Stealth Rock
|move|p1a: Infernape|Stealth Rock|p2a: Cobalion
|-sidestart|p2: Alvadora|move: Stealth Rock
|
|turn|2
|
|switch|p2a: Slowbro|Slowbro, M|394\/394
|-damage|p2a: Slowbro|345\/394|[from] Stealth Rock
|move|p1a: Infernape|Fire Blast|p2a: Slowbro
|-resisted|p2a: Slowbro
|-damage|p2a: Slowbro|240\/394
|
|-heal|p2a: Slowbro|264\/394|[from] item: Leftovers
|turn|3
|join|The TurtleLord
|
|move|p1a: Infernape|Fire Blast|p2a: Slowbro
|-resisted|p2a: Slowbro
|-damage|p2a: Slowbro|168\/394
|move|p2a: Slowbro|Slack Off|p2a: Slowbro
|-heal|p2a: Slowbro|365\/394
|
|-heal|p2a: Slowbro|389\/394|[from] item: Leftovers
|turn|4
|
|move|p1a: Infernape|Fire Blast|p2a: Slowbro
|-resisted|p2a: Slowbro
|-damage|p2a: Slowbro|290\/394
|move|p2a: Slowbro|Psyshock|p1a: Infernape
|-supereffective|p1a: Infernape
|-damage|p1a: Infernape|33\/293
|
|-heal|p2a: Slowbro|314\/394|[from] item: Leftovers
|turn|5
|c| blunderr|aint lookin good xtra
|
|move|p1a: Infernape|Endeavor|p2a: Slowbro
|-damage|p2a: Slowbro|33\/394
|move|p2a: Slowbro|Scald|p1a: Infernape
|-supereffective|p1a: Infernape
|-damage|p1a: Infernape|0 fnt
|faint|p1a: Infernape
|
|-heal|p2a: Slowbro|57\/394|[from] item: Leftovers
|c| blunderr|pray u got endeavor
|leave|Aloha
|c| blunderr|AH
|c|âxtraDOLLARshine|oh yeh?!
|c| blunderr|bet u wish u had a pursuit mon huh
|join|iplaytennislol
|c|âxtraDOLLARshine|pursuit pidgy..
|
|switch|p1a: Pidgeot|Pidgeot, F|307\/307
|-damage|p1a: Pidgeot|231\/307|[from] Stealth Rock
|turn|6
|c| blunderr|no way
|join|Helloooo
|c| blunderr|thers no way ur srs
|c| iplaytennislol|pls
|c|âxtraDOLLARshine|LOL
|c| blunderr|LOL
|leave|Praj.pran
|c| blunderr|this thing shits on him
|c| blunderr|good lord
|c|âxtraDOLLARshine|perhaps
|join|Ailurophilia
|c|âxtraDOLLARshine|lets see
|
|switch|p2a: Cobalion|Cobalion|359\/359
|-damage|p2a: Cobalion|348\/359|[from] Stealth Rock
|detailschange|p1a: Pidgeot|Pidgeot-Mega, F
|-mega|p1a: Pidgeot|Pidgeot|Pidgeotite
|move|p1a: Pidgeot|Hurricane|p2a: Cobalion
|-damage|p2a: Cobalion|86\/359
|
|-heal|p2a: Cobalion|108\/359|[from] item: Leftovers
|turn|7
|leave|The TurtleLord
|
|move|p1a: Pidgeot|Hurricane|p2a: Cobalion
|-damage|p2a: Cobalion|0 fnt
|faint|p2a: Cobalion
|
|c|âxtraDOLLARshine|good lorde
|c|âxtraDOLLARshine|pidgy been my side kick
|c|âxtraDOLLARshine|since fire red
|join|CarmelloTheGod
|
|switch|p2a: Zapdos|Zapdos|383\/383
|-damage|p2a: Zapdos|288\/383|[from] Stealth Rock
|-ability|p2a: Zapdos|Pressure
|turn|8
|c|âxtraDOLLARshine|ay blunder look
|c|âxtraDOLLARshine|at dis
|join|Gizmo
|c| adedffdf|best burd
|
|move|p1a: Pidgeot|Hyper Beam|p2a: Zapdos
|-damage|p2a: Zapdos|0 fnt
|faint|p2a: Zapdos
|
|c|âxtraDOLLARshine|LMAO
|c| iplaytennislol|LOL
|c|âAlvadora|hahahaha
|c| Gizmo|LOL
|c| adedffdf|LOL
|c| iplaytennislol|gottem
|
|switch|p2a: Gardevoir|Gardevoir, F, shiny|277\/277
|-damage|p2a: Gardevoir|243\/277|[from] Stealth Rock
|-ability|p2a: Gardevoir|No Guard|[from] ability: Trace|[of] p1a: Pidgeot
|turn|9
|c| Gizmo|damn
|c| Gizmo|it looks cool as fuck.
|
|detailschange|p2a: Gardevoir|Gardevoir-Mega, F, shiny
|-mega|p2a: Gardevoir|Gardevoir|Gardevoirite
|cant|p1a: Pidgeot|recharge
|move|p2a: Gardevoir|Hyper Voice|p1a: Pidgeot
|-damage|p1a: Pidgeot|0 fnt
|faint|p1a: Pidgeot
|
|
|switch|p1a: Excadrill|Excadrill, M|361\/361
|-damage|p1a: Excadrill|350\/361|[from] Stealth Rock
|-ability|p1a: Excadrill|Mold Breaker
|turn|10
|
|move|p1a: Excadrill|Rapid Spin|p2a: Gardevoir
|-damage|p2a: Gardevoir|207\/277
|-sideend|p1: xtraDOLLARshine|Stealth Rock|[from] move: Rapid Spin|[of] p1a: Excadrill
|move|p2a: Gardevoir|Focus Blast|p1a: Excadrill
|-supereffective|p1a: Excadrill
|-damage|p1a: Excadrill|0 fnt
|faint|p1a: Excadrill
|
|
|switch|p1a: Talonflame|Talonflame, M|297\/297
|turn|11
|join|Tom Bus
|c|âxtraDOLLARshine|im feelin it
|
|move|p1a: Talonflame|Brave Bird|p2a: Gardevoir
|-damage|p2a: Gardevoir|0 fnt
|-damage|p1a: Talonflame|229\/297|[from] recoil|[of] p2a: Gardevoir
|faint|p2a: Gardevoir
|
|
|switch|p2a: Slowbro|Slowbro, M|188\/394
|-damage|p2a: Slowbro|139\/394|[from] Stealth Rock
|turn|12
|
|move|p1a: Talonflame|Brave Bird|p2a: Slowbro
|-damage|p2a: Slowbro|0 fnt
|-damage|p1a: Talonflame|183\/297|[from] recoil|[of] p2a: Slowbro
|faint|p2a: Slowbro
|
|c|âAlvadora|fuck
|c|âAlvadora|banded
|c|âxtraDOLLARshine|alfedora x.x
|c|âAlvadora|ok ...
|c|âAlvadora|rip :]
|
|switch|p2a: Landorus-Therian|Landorus-Therian, M|328\/328
|-damage|p2a: Landorus-Therian|287\/328|[from] Stealth Rock
|-ability|p2a: Landorus-Therian|Intimidate|[of] p1a: Talonflame
|-unboost|p1a: Talonflame|atk|1
|turn|13
|
|switch|p1a: Breloom|Breloom, M|261\/261
|move|p2a: Landorus-Therian|Stone Edge|p1a: Breloom
|-resisted|p1a: Breloom
|-damage|p1a: Breloom|179\/261
|
|turn|14
|
|move|p2a: Landorus-Therian|Stone Edge|p1a: Breloom
|-resisted|p1a: Breloom
|-damage|p1a: Breloom|102\/261
|move|p1a: Breloom|Bullet Seed|p2a: Landorus-Therian
|-damage|p2a: Landorus-Therian|197\/328
|-damage|p2a: Landorus-Therian|110\/328
|-damage|p2a: Landorus-Therian|11\/328
|-damage|p2a: Landorus-Therian|0 fnt
|-hitcount|p2a: Landorus-Therian|4
|-damage|p1a: Breloom|76\/261|[from] item: Life Orb
|faint|p2a: Landorus-Therian
|
|
|switch|p2a: Kyurem-Black|Kyurem-Black, shiny|391\/391
|-damage|p2a: Kyurem-Black|294\/391|[from] Stealth Rock
|-ability|p2a: Kyurem-Black|Teravolt
|turn|15
|c|âAlvadora|rip
|join|DracoMastr
|
|move|p1a: Breloom|Mach Punch|p2a: Kyurem-Black
|-supereffective|p2a: Kyurem-Black
|-damage|p2a: Kyurem-Black|0 fnt
|-damage|p1a: Breloom|50\/261|[from] item: Life Orb
|faint|p2a: Kyurem-Black
|
|win|xtraDOLLARshine
|c|âAlvadora|no man can stop him
|leave|iplaytennislol
|leave|DracoMastr
|leave|adedffdf
|leave|Alvadora
|player|p2