|join|Ayke Shiruku
|join|Alvadora
|player|p1|Ayke Shiruku|262
|player|p2|Alvadora|256
|gametype|singles
|gen|6
|tier|OU
|rated
|clearpoke
|poke|p1|Gallade, M
|poke|p1|Thundurus, M
|poke|p1|Scolipede, M, shiny
|poke|p1|Garchomp, M
|poke|p1|Rotom-Wash
|poke|p1|Ferrothorn, M
|poke|p2|Ludicolo, M, shiny
|poke|p2|Politoed, F
|poke|p2|Kingdra, M
|poke|p2|Tornadus-Therian, M
|poke|p2|Swampert, M
|poke|p2|Skarmory, F
|rule|Swagger Clause: Swagger is banned
|rule|Baton Pass Clause: Limit one PokÃ©mon knowing Baton Pass
|rule|Sleep Clause Mod: Limit one foe put to sleep
|rule|Species Clause: Limit one of each PokÃ©mon
|rule|OHKO Clause: OHKO moves are banned
|rule|Moody Clause: Moody is banned
|rule|Evasion Moves Clause: Evasion moves are banned
|rule|Endless Battle Clause: Forcing endless battles is banned
|rule|HP Percentage Mod: HP is shown in percentages
|teampreview
|
|start
|switch|p1a: Namk|Scolipede, M, shiny|262\/262
|switch|p2a: Politoed|Politoed, F|384\/384
|-weather|RainDance
|turn|1
|
|move|p1a: Namk|Spikes|p2a: Politoed
|-sidestart|p2: Alvadora|Spikes
|move|p2a: Politoed|Encore|p1a: Namk
|-start|p1a: Namk|Encore
|
|-weather|RainDance|[upkeep]
|-boost|p1a: Namk|spe|1|[from] ability: Speed Boost
|turn|2
|
|switch|p1a: Hug pls (|Ferrothorn, M|352\/352
|switch|p2a: Skarmory|Skarmory, F|334\/334
|
|-weather|RainDance|[upkeep]
|turn|3
|
|move|p2a: Skarmory|Taunt|p1a: Hug pls (
|-start|p1a: Hug pls (|move: Taunt
|move|p1a: Hug pls (|Knock Off|p2a: Skarmory
|-damage|p2a: Skarmory|293\/334
|-enditem|p2a: Skarmory|Mental Herb|[from] move: Knock Off|[of] p1a: Hug pls (
|
|-weather|RainDance|[upkeep]
|turn|4
|
|switch|p1a: Washy|Rotom-Wash|304\/304
|move|p2a: Skarmory|Stealth Rock|p1a: Washy
|-sidestart|p1: Ayke Shiruku|move: Stealth Rock
|
|-weather|RainDance|[upkeep]
|turn|5
|
|move|p1a: Washy|Hydro Pump|p2a: Skarmory
|-damage|p2a: Skarmory|38\/334
|move|p2a: Skarmory|Spikes|p1a: Washy
|-sidestart|p1: Ayke Shiruku|Spikes
|
|-weather|RainDance|[upkeep]
|turn|6
|
|switch|p2a: Ludicolo|Ludicolo, M, shiny|309\/309
|-damage|p2a: Ludicolo|271\/309|[from] Spikes
|move|p1a: Washy|Volt Switch|p2a: Ludicolo
|-damage|p2a: Ludicolo|180\/309
|
|switch|p1a: Namk|Scolipede, M, shiny|262\/262
|-damage|p1a: Namk|230\/262|[from] Spikes
|-damage|p1a: Namk|165\/262|[from] Stealth Rock
|
|-weather|RainDance|[upkeep]
|turn|7
|
|move|p2a: Ludicolo|Hydro Pump|p1a: Namk
|-damage|p1a: Namk|0 fnt
|-damage|p2a: Ludicolo|150\/309|[from] item: Life Orb
|faint|p1a: Namk
|
|-weather|RainDance|[upkeep]
|
|switch|p1a: Washy|Rotom-Wash|304\/304
|-damage|p1a: Washy|266\/304|[from] Stealth Rock
|turn|8
|
|switch|p1a: Hug pls (|Ferrothorn, M|352\/352
|-damage|p1a: Hug pls (|330\/352|[from] Stealth Rock
|-damage|p1a: Hug pls (|286\/352|[from] Spikes
|move|p2a: Ludicolo|Giga Drain|p1a: Hug pls (
|-resisted|p1a: Hug pls (
|-damage|p1a: Hug pls (|252\/352
|-heal|p2a: Ludicolo|167\/309|[from] drain|[of] p1a: Hug pls (
|-damage|p2a: Ludicolo|137\/309|[from] item: Life Orb
|
|-weather|none
|-heal|p1a: Hug pls (|274\/352|[from] item: Leftovers
|turn|9
|
|switch|p2a: Skarmory|Skarmory, F|38\/334
|move|p1a: Hug pls (|Thunder Wave|p2a: Skarmory
|-status|p2a: Skarmory|par
|
|-heal|p1a: Hug pls (|296\/352|[from] item: Leftovers
|turn|10
|
|move|p1a: Hug pls (|Stealth Rock|p2a: Skarmory
|-sidestart|p2: Alvadora|move: Stealth Rock
|move|p2a: Skarmory|Spikes|p1a: Hug pls (
|-sidestart|p1: Ayke Shiruku|Spikes
|
|-heal|p1a: Hug pls (|318\/352|[from] item: Leftovers
|turn|11
|
|move|p1a: Hug pls (|Knock Off|p2a: Skarmory
|-damage|p2a: Skarmory|10\/334 par
|cant|p2a: Skarmory|par
|
|-heal|p1a: Hug pls (|340\/352|[from] item: Leftovers
|turn|12
|c|âAlvadora|...
|
|move|p1a: Hug pls (|Knock Off|p2a: Skarmory
|-damage|p2a: Skarmory|0 fnt
|faint|p2a: Skarmory
|
|-heal|p1a: Hug pls (|352\/352|[from] item: Leftovers
|
|switch|p2a: Politoed|Politoed, F|384\/384
|-damage|p2a: Politoed|336\/384|[from] Stealth Rock
|-damage|p2a: Politoed|288\/384|[from] Spikes
|-weather|RainDance
|turn|13
|
|switch|p2a: Tornadus-Therian|Tornadus-Therian, M|334\/334
|-damage|p2a: Tornadus-Therian|251\/334|[from] Stealth Rock
|move|p1a: Hug pls (|Leech Seed|p2a: Tornadus-Therian
|-start|p2a: Tornadus-Therian|move: Leech Seed
|
|-weather|RainDance|[upkeep]
|-damage|p2a: Tornadus-Therian|210\/334|[from] Leech Seed|[of] p1a: Hug pls (
|turn|14
|
|move|p2a: Tornadus-Therian|Hurricane|p1a: Hug pls (
|-damage|p1a: Hug pls (|220\/352
|-start|p1a: Hug pls (|confusion
|-activate|p1a: Hug pls (|confusion
|-damage|p1a: Hug pls (|200\/352|[from] confusion
|
|-weather|RainDance|[upkeep]
|-heal|p1a: Hug pls (|222\/352|[from] item: Leftovers
|-damage|p2a: Tornadus-Therian|169\/334|[from] Leech Seed|[of] p1a: Hug pls (
|-heal|p1a: Hug pls (|263\/352|[silent]
|turn|15
|
|move|p2a: Tornadus-Therian|Focus Blast|p1a: Hug pls (
|-supereffective|p1a: Hug pls (
|-damage|p1a: Hug pls (|67\/352
|-end|p1a: Hug pls (|confusion
|move|p1a: Hug pls (|Knock Off|p2a: Tornadus-Therian
|-damage|p2a: Tornadus-Therian|84\/334
|-enditem|p2a: Tornadus-Therian|Assault Vest|[from] move: Knock Off|[of] p1a: Hug pls (
|
|-weather|RainDance|[upkeep]
|-heal|p1a: Hug pls (|89\/352|[from] item: Leftovers
|-damage|p2a: Tornadus-Therian|43\/334|[from] Leech Seed|[of] p1a: Hug pls (
|-heal|p1a: Hug pls (|130\/352|[silent]
|turn|16
|
|switch|p1a: Washy|Rotom-Wash|266\/304
|-damage|p1a: Washy|228\/304|[from] Stealth Rock
|move|p2a: Tornadus-Therian|Hurricane|p1a: Washy
|-resisted|p1a: Washy
|-damage|p1a: Washy|174\/304
|-start|p1a: Washy|confusion
|
|-weather|RainDance|[upkeep]
|-damage|p2a: Tornadus-Therian|2\/334|[from] Leech Seed|[of] p1a: Washy
|-heal|p1a: Washy|215\/304|[silent]
|turn|17
|c|âAyke Shiruku|...
|
|move|p2a: Tornadus-Therian|U-turn|p1a: Washy
|-damage|p1a: Washy|167\/304
|
|switch|p2a: Ludicolo|Ludicolo, M, shiny|137\/309
|-damage|p2a: Ludicolo|99\/309|[from] Stealth Rock
|-damage|p2a: Ludicolo|61\/309|[from] Spikes
|-activate|p1a: Washy|confusion
|move|p1a: Washy|Volt Switch|p2a: Ludicolo
|-damage|p2a: Ludicolo|0 fnt
|faint|p2a: Ludicolo
|
|switch|p1a: Hug pls (|Ferrothorn, M|130\/352
|-damage|p1a: Hug pls (|108\/352|[from] Stealth Rock
|-damage|p1a: Hug pls (|50\/352|[from] Spikes
|
|-weather|RainDance|[upkeep]
|-heal|p1a: Hug pls (|72\/352|[from] item: Leftovers
|
|switch|p2a: Swampert|Swampert, M|342\/342
|-damage|p2a: Swampert|300\/342|[from] Spikes
|-damage|p2a: Swampert|279\/342|[from] Stealth Rock
|turn|18
|
|detailschange|p2a: Swampert|Swampert-Mega, M
|message|Swampert has Mega Evolved into Mega Swampert!
|move|p2a: Swampert|Power-Up Punch|p1a: Hug pls (
|-supereffective|p1a: Hug pls (
|-damage|p1a: Hug pls (|0 fnt
|-damage|p2a: Swampert|237\/342|[from] ability: Iron Barbs|[of] p1a: Hug pls (
|-boost|p2a: Swampert|atk|1
|faint|p1a: Hug pls (
|
|-weather|RainDance|[upkeep]
|
|switch|p1a: Washy|Rotom-Wash|167\/304
|-damage|p1a: Washy|129\/304|[from] Stealth Rock
|turn|19
|
|move|p2a: Swampert|Superpower|p1a: Washy
|-damage|p1a: Washy|0 fnt
|-unboost|p2a: Swampert|atk|1
|-unboost|p2a: Swampert|def|1
|faint|p1a: Washy
|
|-weather|RainDance|[upkeep]
|
|switch|p1a: SHARK JET|Garchomp, M|358\/358
|-damage|p1a: SHARK JET|299\/358|[from] Spikes
|-damage|p1a: SHARK JET|277\/358|[from] Stealth Rock
|turn|20
|
|switch|p2a: Tornadus-Therian|Tornadus-Therian, M|113\/334
|-damage|p2a: Tornadus-Therian|30\/334|[from] Stealth Rock
|move|p1a: SHARK JET|Swords Dance|p1a: SHARK JET
|-boost|p1a: SHARK JET|atk|2
|
|-weather|none
|-heal|p1a: SHARK JET|299\/358|[from] item: Leftovers
|turn|21
|
|move|p2a: Tornadus-Therian|Hurricane|p1a: SHARK JET|[miss]
|-miss|p2a: Tornadus-Therian|p1a: SHARK JET
|move|p1a: SHARK JET|Dragon Claw|p2a: Tornadus-Therian
|-damage|p2a: Tornadus-Therian|0 fnt
|faint|p2a: Tornadus-Therian
|
|-heal|p1a: SHARK JET|321\/358|[from] item: Leftovers
|c|âAlvadora|....
|
|switch|p2a: Politoed|Politoed, F|288\/384
|-damage|p2a: Politoed|240\/384|[from] Stealth Rock
|-damage|p2a: Politoed|192\/384|[from] Spikes
|-weather|RainDance
|turn|22
|
|move|p1a: SHARK JET|Substitute|p1a: SHARK JET
|-start|p1a: SHARK JET|Substitute
|-damage|p1a: SHARK JET|232\/358
|move|p2a: Politoed|Encore|p1a: SHARK JET
|-start|p1a: SHARK JET|Encore
|
|-weather|RainDance|[upkeep]
|-heal|p1a: SHARK JET|254\/358|[from] item: Leftovers
|turn|23
|
|switch|p2a: Kingdra|Kingdra, M|297\/297
|-damage|p2a: Kingdra|260\/297|[from] Stealth Rock
|-damage|p2a: Kingdra|223\/297|[from] Spikes
|move|p1a: SHARK JET|Substitute|p1a: SHARK JET
|-fail|p1a: SHARK JET|move: Substitute
|
|-weather|RainDance|[upkeep]
|-heal|p1a: SHARK JET|276\/358|[from] item: Leftovers
|turn|24
|
|move|p2a: Kingdra|Scald|p1a: SHARK JET
|-end|p1a: SHARK JET|Substitute
|move|p1a: SHARK JET|Substitute|p1a: SHARK JET
|-start|p1a: SHARK JET|Substitute
|-damage|p1a: SHARK JET|187\/358
|
|-weather|RainDance|[upkeep]
|-heal|p1a: SHARK JET|209\/358|[from] item: Leftovers
|turn|25
|
|move|p2a: Kingdra|Scald|p1a: SHARK JET
|-crit|p1a: SHARK JET
|-end|p1a: SHARK JET|Substitute
|move|p1a: SHARK JET|Substitute|p1a: SHARK JET
|-start|p1a: SHARK JET|Substitute
|-damage|p1a: SHARK JET|120\/358
|
|-weather|RainDance|[upkeep]
|-heal|p1a: SHARK JET|142\/358|[from] item: Leftovers
|-end|p1a: SHARK JET|Encore
|turn|26
|
|move|p2a: Kingdra|Scald|p1a: SHARK JET
|-end|p1a: SHARK JET|Substitute
|move|p1a: SHARK JET|Dragon Claw|p2a: Kingdra
|-supereffective|p2a: Kingdra
|-damage|p2a: Kingdra|0 fnt
|faint|p2a: Kingdra
|
|-weather|RainDance|[upkeep]
|-heal|p1a: SHARK JET|164\/358|[from] item: Leftovers
|
|switch|p2a: Swampert|Swampert-Mega, M|237\/342
|-damage|p2a: Swampert|216\/342|[from] Stealth Rock
|-damage|p2a: Swampert|174\/342|[from] Spikes
|turn|27
|
|move|p2a: Swampert|Earthquake|p1a: SHARK JET
|-damage|p1a: SHARK JET|0 fnt
|faint|p1a: SHARK JET
|
|-weather|RainDance|[upkeep]
|
|switch|p1a: ThunD|Thundurus, M|300\/300
|-damage|p1a: ThunD|225\/300|[from] Stealth Rock
|turn|28
|
|move|p2a: Swampert|Waterfall|p1a: ThunD
|-damage|p1a: ThunD|0 fnt
|faint|p1a: ThunD
|
|-weather|RainDance|[upkeep]
|
|switch|p1a: Shinrai|Gallade, M|278\/278
|-damage|p1a: Shinrai|261\/278|[from] Stealth Rock
|-damage|p1a: Shinrai|215\/278|[from] Spikes
|turn|29
|
|detailschange|p1a: Shinrai|Gallade-Mega, M
|message|Gallade has Mega Evolved into Mega Gallade!
|move|p2a: Swampert|Waterfall|p1a: Shinrai
|-damage|p1a: Shinrai|0 fnt
|faint|p1a: Shinrai
|
|win|Alvadora
|raw|Ladder updating...