|join|Alvadora
|join|TheEnder
|player|p1|Alvadora|256
|player|p2|TheEnder|249
|gametype|singles
|gen|6
|tier|OU
|rated
|clearpoke
|poke|p1|Charizard, M
|poke|p1|Tyranitar, F
|poke|p1|Excadrill, M
|poke|p1|Rotom-Wash
|poke|p1|Greninja, M, shiny
|poke|p1|Breloom, M
|poke|p2|Gardevoir, F
|poke|p2|Manaphy
|poke|p2|Ferrothorn, M
|poke|p2|Landorus-Therian, M
|poke|p2|Latios, M
|poke|p2|Talonflame, F
|rule|Swagger Clause: Swagger is banned
|rule|Baton Pass Clause: Limit one PokÃ©mon knowing Baton Pass
|rule|Sleep Clause Mod: Limit one foe put to sleep
|rule|Species Clause: Limit one of each PokÃ©mon
|rule|OHKO Clause: OHKO moves are banned
|rule|Moody Clause: Moody is banned
|rule|Evasion Moves Clause: Evasion moves are banned
|rule|Endless Battle Clause: Forcing endless battles is banned
|rule|HP Percentage Mod: HP is shown in percentages
|teampreview
|c|âAlvadora|fuck
|c|âAlvadora|why you again :[
|c|âTheEnder|you changed alts
|c|âTheEnder|u_u
|c|âAlvadora|hahaha i have 2 alts :[
|c|âAlvadora|this one made 1800 , the other couldn't
|
|start
|switch|p1a: Charizard|Charizard, M|297\/297
|switch|p2a: Ferrothorn|Ferrothorn, M|352\/352
|turn|1
|
|switch|p2a: Talonflame|Talonflame, F|359\/359
|detailschange|p1a: Charizard|Charizard-Mega-Y, M
|message|Charizard has Mega Evolved into Mega Charizard!
|-weather|SunnyDay
|move|p1a: Charizard|Flamethrower|p2a: Talonflame
|-resisted|p2a: Talonflame
|-damage|p2a: Talonflame|224\/359
|
|-weather|SunnyDay|[upkeep]
|-heal|p2a: Talonflame|246\/359|[from] item: Leftovers
|turn|2
|c|âTheEnder|damn char is anooying
|c|âAlvadora|holycrap that spdef bulk
|c|âTheEnder|and yea
|c|âTheEnder|its bulky af
|
|switch|p1a: Rotom-Wash|Rotom-Wash|304\/304
|move|p2a: Talonflame|Will-O-Wisp|p1a: Rotom-Wash
|-status|p1a: Rotom-Wash|brn
|
|-weather|SunnyDay|[upkeep]
|-heal|p2a: Talonflame|268\/359|[from] item: Leftovers
|-damage|p1a: Rotom-Wash|266\/304 brn|[from] brn
|turn|3
|c|âAlvadora|ok i think im dumb
|c|âAlvadora|now i cant hydro this
|c|âAlvadora|cus of the sun
|c|âTheEnder|lol
|
|move|p2a: Talonflame|Roost|p2a: Talonflame
|-heal|p2a: Talonflame|359\/359
|move|p1a: Rotom-Wash|Volt Switch|p2a: Talonflame
|-damage|p2a: Talonflame|272\/359
|
|switch|p1a: Tyranitar|Tyranitar, F|403\/403
|-weather|Sandstorm
|
|-weather|Sandstorm|[upkeep]
|-damage|p2a: Talonflame|250\/359|[from] sandstorm
|-heal|p2a: Talonflame|272\/359|[from] item: Leftovers
|turn|4
|
|switch|p2a: Ferrothorn|Ferrothorn, M|352\/352
|move|p1a: Tyranitar|Stone Edge|p2a: Ferrothorn|[miss]
|-miss|p1a: Tyranitar|p2a: Ferrothorn
|
|-weather|Sandstorm|[upkeep]
|turn|5
|
|move|p1a: Tyranitar|Fire Blast|p2a: Ferrothorn
|-supereffective|p2a: Ferrothorn
|-damage|p2a: Ferrothorn|76\/352
|move|p2a: Ferrothorn|Stealth Rock|p1a: Tyranitar
|-sidestart|p1: Alvadora|move: Stealth Rock
|
|-weather|Sandstorm|[upkeep]
|-heal|p2a: Ferrothorn|98\/352|[from] item: Leftovers
|turn|6
|
|move|p1a: Tyranitar|Stealth Rock|p2a: Ferrothorn
|-sidestart|p2: TheEnder|move: Stealth Rock
|move|p2a: Ferrothorn|Gyro Ball|p1a: Tyranitar
|-crit|p1a: Tyranitar
|-supereffective|p1a: Tyranitar
|-damage|p1a: Tyranitar|133\/403
|
|-weather|Sandstorm|[upkeep]
|-heal|p2a: Ferrothorn|120\/352|[from] item: Leftovers
|turn|7
|join|fgtsaurus
|c|âTheEnder|soz
|c|âAlvadora|ouch
|
|switch|p2a: Manaphy|Manaphy|365\/365
|-damage|p2a: Manaphy|320\/365|[from] Stealth Rock
|move|p1a: Tyranitar|Fire Blast|p2a: Manaphy
|-resisted|p2a: Manaphy
|-damage|p2a: Manaphy|280\/365
|
|-weather|Sandstorm|[upkeep]
|-damage|p2a: Manaphy|258\/365|[from] sandstorm
|-heal|p2a: Manaphy|280\/365|[from] item: Leftovers
|turn|8
|
|switch|p1a: Rotom-Wash|Rotom-Wash|266\/304 brn
|-damage|p1a: Rotom-Wash|228\/304 brn|[from] Stealth Rock
|move|p2a: Manaphy|Tail Glow|p2a: Manaphy
|-boost|p2a: Manaphy|spa|3
|
|-weather|Sandstorm|[upkeep]
|-damage|p2a: Manaphy|258\/365|[from] sandstorm
|-damage|p1a: Rotom-Wash|209\/304 brn|[from] sandstorm
|-heal|p2a: Manaphy|280\/365|[from] item: Leftovers
|-heal|p1a: Rotom-Wash|228\/304 brn|[from] item: Leftovers
|-damage|p1a: Rotom-Wash|190\/304 brn|[from] brn
|turn|9
|
|move|p2a: Manaphy|Psychic|p1a: Rotom-Wash
|-damage|p1a: Rotom-Wash|0 fnt
|faint|p1a: Rotom-Wash
|
|-weather|Sandstorm|[upkeep]
|-damage|p2a: Manaphy|258\/365|[from] sandstorm
|-heal|p2a: Manaphy|280\/365|[from] item: Leftovers
|c|âAlvadora|i hate tailglow manaphy so much :[
|c|âTheEnder|:[[
|
|switch|p1a: Excadrill|Excadrill, M|359\/359
|-damage|p1a: Excadrill|348\/359|[from] Stealth Rock
|turn|10
|c|âTheEnder|252+ Atk Life Orb Excadrill Earthquake vs. 80 HP \/ 0 Def Manaphy: 242-285 (67 - 78.9%) -- guaranteed 2HKO after Leftovers recovery
|c|âTheEnder|u_____u
|c|âAlvadora|:[
|c|âTheEnder|inb4 max roll
|
|move|p1a: Excadrill|Rapid Spin|p2a: Manaphy
|-damage|p2a: Manaphy|245\/365
|-sideend|p1: Alvadora|Stealth Rock|[from] move: Rapid Spin|[of] p1a: Excadrill
|-damage|p1a: Excadrill|313\/359|[from] item: Life Orb
|move|p2a: Manaphy|Scald|p1a: Excadrill
|-supereffective|p1a: Excadrill
|-damage|p1a: Excadrill|0 fnt
|faint|p1a: Excadrill
|
|-weather|none
|-heal|p2a: Manaphy|267\/365|[from] item: Leftovers
|c|âTheEnder|o
|c|âAlvadora|dammit
|c|âTheEnder|ok
|c|âAlvadora|arghhhhhhhhahaha
|c|âAlvadora|i thought you'll not risk it anyway lol
|
|switch|p1a: Charizard|Charizard-Mega-Y, M|297\/297
|-weather|SunnyDay
|turn|11
|
|switch|p2a: Latios|Latios, M|301\/301
|-damage|p2a: Latios|264\/301|[from] Stealth Rock
|move|p1a: Charizard|Solar Beam|p2a: Latios|[still]
|-prepare|p1a: Charizard|Solar Beam|p2a: Latios
|-anim|p1a: Charizard|Solar Beam|p2a: Latios
|-resisted|p2a: Latios
|-damage|p2a: Latios|181\/301
|
|-weather|SunnyDay|[upkeep]
|turn|12
|
|switch|p1a: Tyranitar|Tyranitar, F|133\/403
|-weather|Sandstorm
|move|p2a: Latios|Defog|p1a: Tyranitar
|-unboost|p1a: Tyranitar|evasion|1
|-sideend|p2: TheEnder|Stealth Rock|[from] move: Defog|[of] p2a: Latios
|
|-weather|Sandstorm|[upkeep]
|-damage|p2a: Latios|163\/301|[from] sandstorm
|turn|13
|
|move|p2a: Latios|Draco Meteor|p1a: Tyranitar
|-damage|p1a: Tyranitar|0 fnt
|-unboost|p2a: Latios|spa|2
|-damage|p2a: Latios|133\/301|[from] item: Life Orb
|faint|p1a: Tyranitar
|
|-weather|Sandstorm|[upkeep]
|-damage|p2a: Latios|115\/301|[from] sandstorm
|
|switch|p1a: Greninja|Greninja, M, shiny|285\/285
|turn|14
|
|switch|p2a: Ferrothorn|Ferrothorn, M|120\/352
|move|p1a: Greninja|Ice Beam|p2a: Ferrothorn
|-start|p1a: Greninja|typechange|Ice|[from] Protean
|-damage|p2a: Ferrothorn|0 fnt
|-damage|p1a: Greninja|257\/285|[from] item: Life Orb
|faint|p2a: Ferrothorn
|
|-weather|Sandstorm|[upkeep]
|-damage|p1a: Greninja|240\/285|[from] sandstorm
|
|switch|p2a: Landorus-Therian|Landorus-Therian, M|319\/319
|-ability|p2a: Landorus-Therian|Intimidate|[of] p1a: Greninja
|-unboost|p1a: Greninja|atk|1
|turn|15
|
|switch|p1a: Charizard|Charizard-Mega-Y, M|297\/297
|-weather|SunnyDay
|move|p2a: Landorus-Therian|U-turn|p1a: Charizard
|-resisted|p1a: Charizard
|-damage|p1a: Charizard|269\/297
|
|switch|p2a: Latios|Latios, M|115\/301
|
|-weather|SunnyDay|[upkeep]
|turn|16
|
|move|p2a: Latios|Draco Meteor|p1a: Charizard
|-damage|p1a: Charizard|0 fnt
|-unboost|p2a: Latios|spa|2
|-damage|p2a: Latios|85\/301|[from] item: Life Orb
|faint|p1a: Charizard
|
|-weather|SunnyDay|[upkeep]
|c|âAlvadora|dafuq i thought i can always live one o.o
|c|âAlvadora|ok wtv
|
|switch|p1a: Greninja|Greninja, M, shiny|240\/285
|turn|17
|c|âAlvadora|im fucked
|c|âAlvadora|rip points
|c|âTheEnder|252 SpA Life Orb Latios Draco Meteor vs. 0 HP \/ 0 SpD Mega Charizard Y: 246-290 (82.8 - 97.6%) -- guaranteed 2HKO
|
|switch|p2a: Manaphy|Manaphy|267\/365
|move|p1a: Greninja|Dark Pulse|p2a: Manaphy
|-start|p1a: Greninja|typechange|Dark|[from] Protean
|-damage|p2a: Manaphy|103\/365
|-damage|p1a: Greninja|212\/285|[from] item: Life Orb
|
|-weather|SunnyDay|[upkeep]
|-heal|p2a: Manaphy|125\/365|[from] item: Leftovers
|turn|18
|
|move|p1a: Greninja|Dark Pulse|p2a: Manaphy
|-damage|p2a: Manaphy|0 fnt
|-damage|p1a: Greninja|184\/285|[from] item: Life Orb
|faint|p2a: Manaphy
|
|-weather|SunnyDay|[upkeep]
|
|switch|p2a: Landorus-Therian|Landorus-Therian, M|319\/319
|-ability|p2a: Landorus-Therian|Intimidate|[of] p1a: Greninja
|-unboost|p1a: Greninja|atk|1
|turn|19
|c|âAlvadora|i lose to talonflame anyway
|c|âAlvadora|or this
|c|âTheEnder|y
|
|switch|p1a: Breloom|Breloom, M|262\/262
|move|p2a: Landorus-Therian|U-turn|p1a: Breloom
|-damage|p1a: Breloom|138\/262
|
|switch|p2a: Talonflame|Talonflame, F|272\/359
|
|-weather|none
|-heal|p2a: Talonflame|294\/359|[from] item: Leftovers
|turn|20
|
|move|p2a: Talonflame|Brave Bird|p1a: Breloom
|-supereffective|p1a: Breloom
|-damage|p1a: Breloom|0 fnt
|-damage|p2a: Talonflame|248\/359|[from] recoil|[of] p1a: Breloom
|faint|p1a: Breloom
|
|-heal|p2a: Talonflame|270\/359|[from] item: Leftovers
|
|switch|p1a: Greninja|Greninja, M, shiny|184\/285
|turn|21
|c|âAlvadora|gg
|-message|Alvadora forfeited.
|
|win|TheEnder
|raw|Ladder updating...
|raw|Alvadora's rating: 1800 &rarr; <strong>1774<\/strong><br \/>(-26 for losing)
|raw|TheEnder's rating: 1686 &rarr; <strong>1712<\/strong><br \/>(+26 for winning)
|c|âTheEnder|gg
|leave|Alvadora
|player|p1