|join|Hogback_fosh_men
|join|Alvadora
|player|p1|Hogback_fosh_men|170
|player|p2|Alvadora|256
|gametype|singles
|gen|6
|tier|OU
|rated
|clearpoke
|poke|p1|Pinsir, F
|poke|p1|Gengar, F, shiny
|poke|p1|Rotom-Wash
|poke|p1|Ferrothorn, M
|poke|p1|Heatran, M
|poke|p1|Conkeldurr, F, shiny
|poke|p2|Skarmory, F
|poke|p2|Azumarill, F
|poke|p2|Bisharp, M, shiny
|poke|p2|Charizard, M
|poke|p2|Starmie
|poke|p2|Latias, F
|rule|Swagger Clause: Swagger is banned
|rule|Baton Pass Clause: Limit one PokÃ©mon knowing Baton Pass
|rule|Sleep Clause Mod: Limit one foe put to sleep
|rule|Species Clause: Limit one of each PokÃ©mon
|rule|OHKO Clause: OHKO moves are banned
|rule|Moody Clause: Moody is banned
|rule|Evasion Moves Clause: Evasion moves are banned
|rule|Endless Battle Clause: Forcing endless battles is banned
|rule|HP Percentage Mod: HP is shown in percentages
|teampreview
|
|start
|switch|p1a: Rotom-Wash|Rotom-Wash|242\/242
|switch|p2a: Skarmory|Skarmory, F|334\/334
|turn|1
|
|move|p1a: Rotom-Wash|Volt Switch|p2a: Skarmory
|-supereffective|p2a: Skarmory
|-damage|p2a: Skarmory|28\/334
|
|switch|p1a: Heatran|Heatran, M|324\/324
|move|p2a: Skarmory|Stealth Rock|p1a: Heatran
|-sidestart|p1: Hogback_fosh_men|move: Stealth Rock
|
|turn|2
|
|move|p1a: Heatran|Lava Plume|p2a: Skarmory
|-supereffective|p2a: Skarmory
|-damage|p2a: Skarmory|0 fnt
|faint|p2a: Skarmory
|
|
|switch|p2a: Charizard|Charizard, M|315\/315
|turn|3
|
|switch|p1a: Rotom-Wash|Rotom-Wash|242\/242
|-damage|p1a: Rotom-Wash|212\/242|[from] Stealth Rock
|move|p2a: Charizard|Dragon Dance|p2a: Charizard
|-boost|p2a: Charizard|atk|1
|-boost|p2a: Charizard|spe|1
|
|turn|4
|
|detailschange|p2a: Charizard|Charizard-Mega-X, M
|message|Charizard has Mega Evolved into Mega Charizard!
|move|p2a: Charizard|Dragon Dance|p2a: Charizard
|-boost|p2a: Charizard|atk|1
|-boost|p2a: Charizard|spe|1
|move|p1a: Rotom-Wash|Hydro Pump|p2a: Charizard
|-damage|p2a: Charizard|105\/315
|
|turn|5
|
|switch|p1a: Ferrothorn|Ferrothorn, M|352\/352
|-damage|p1a: Ferrothorn|330\/352|[from] Stealth Rock
|move|p2a: Charizard|Dragon Claw|p1a: Ferrothorn
|-resisted|p1a: Ferrothorn
|-damage|p1a: Ferrothorn|193\/352
|-damage|p2a: Charizard|66\/315|[from] ability: Iron Barbs|[of] p1a: Ferrothorn
|-damage|p2a: Charizard|14\/315|[from] item: Rocky Helmet|[of] p1a: Ferrothorn
|
|turn|6
|
|switch|p2a: Starmie|Starmie|261\/261
|move|p1a: Ferrothorn|Leech Seed|p2a: Starmie
|-start|p2a: Starmie|move: Leech Seed
|
|-damage|p2a: Starmie|229\/261|[from] Leech Seed|[of] p1a: Ferrothorn
|-heal|p1a: Ferrothorn|225\/352|[silent]
|turn|7
|
|move|p2a: Starmie|Hidden Power|p1a: Ferrothorn
|-supereffective|p1a: Ferrothorn
|-damage|p1a: Ferrothorn|12\/352
|-damage|p2a: Starmie|203\/261|[from] item: Life Orb
|move|p1a: Ferrothorn|Stealth Rock|p2a: Starmie
|-sidestart|p2: Alvadora|move: Stealth Rock
|
|-damage|p2a: Starmie|171\/261|[from] Leech Seed|[of] p1a: Ferrothorn
|-heal|p1a: Ferrothorn|44\/352|[silent]
|turn|8
|
|move|p2a: Starmie|Rapid Spin|p1a: Ferrothorn
|-resisted|p1a: Ferrothorn
|-damage|p1a: Ferrothorn|39\/352
|-damage|p2a: Starmie|139\/261|[from] ability: Iron Barbs|[of] p1a: Ferrothorn
|-damage|p2a: Starmie|96\/261|[from] item: Rocky Helmet|[of] p1a: Ferrothorn
|-end|p2a: Starmie|Leech Seed|[from] move: Rapid Spin|[of] p2a: Starmie
|-sideend|p2: Alvadora|Stealth Rock|[from] move: Rapid Spin|[of] p2a: Starmie
|-damage|p2a: Starmie|70\/261|[from] item: Life Orb
|move|p1a: Ferrothorn|Spikes|p2a: Starmie
|-sidestart|p2: Alvadora|Spikes
|
|turn|9
|
|move|p2a: Starmie|Hidden Power|p1a: Ferrothorn
|-crit|p1a: Ferrothorn
|-supereffective|p1a: Ferrothorn
|-damage|p1a: Ferrothorn|0 fnt
|-damage|p2a: Starmie|44\/261|[from] item: Life Orb
|faint|p1a: Ferrothorn
|
|
|switch|p1a: UncleRucus|Conkeldurr, F, shiny|402\/402
|-damage|p1a: UncleRucus|377\/402|[from] Stealth Rock
|turn|10
|
|switch|p2a: Latias|Latias, F|319\/319
|move|p1a: UncleRucus|Mach Punch|p2a: Latias
|-resisted|p2a: Latias
|-damage|p2a: Latias|275\/319
|
|turn|11
|
|switch|p2a: Starmie|Starmie|44\/261
|-damage|p2a: Starmie|12\/261|[from] Spikes
|move|p1a: UncleRucus|Knock Off|p2a: Starmie
|-supereffective|p2a: Starmie
|-damage|p2a: Starmie|0 fnt
|-enditem|p2a: Starmie|Life Orb|[from] move: Knock Off|[of] p1a: UncleRucus
|faint|p2a: Starmie
|
|
|switch|p2a: Latias|Latias, F|275\/319
|turn|12
|
|move|p2a: Latias|Psyshock|p1a: UncleRucus
|-supereffective|p1a: UncleRucus
|-damage|p1a: UncleRucus|55\/402
|-damage|p2a: Latias|244\/319|[from] item: Life Orb
|move|p1a: UncleRucus|Knock Off|p2a: Latias
|-supereffective|p2a: Latias
|-damage|p2a: Latias|0 fnt
|-enditem|p2a: Latias|Life Orb|[from] move: Knock Off|[of] p1a: UncleRucus
|faint|p2a: Latias
|
|
|switch|p2a: Azumarill|Azumarill, F|365\/365
|-damage|p2a: Azumarill|320\/365|[from] Spikes
|turn|13
|
|move|p2a: Azumarill|Aqua Jet|p1a: UncleRucus
|-crit|p1a: UncleRucus
|-damage|p1a: UncleRucus|0 fnt
|faint|p1a: UncleRucus
|
|
|switch|p1a: Rotom-Wash|Rotom-Wash|212\/242
|-damage|p1a: Rotom-Wash|182\/242|[from] Stealth Rock
|turn|14
|
|switch|p2a: Charizard|Charizard-Mega-X, M|14\/315
|-damage|p2a: Charizard|0 fnt|[from] Spikes
|faint|p2a: Charizard
|move|p1a: Rotom-Wash|Volt Switch|p2: Charizard|[notarget]
|-notarget
|
|
|switch|p2a: Bisharp|Bisharp, M, shiny|271\/271
|-damage|p2a: Bisharp|238\/271|[from] Spikes
|turn|15
|
|move|p1a: Rotom-Wash|Volt Switch|p2a: Bisharp
|-damage|p2a: Bisharp|69\/271
|
|switch|p1a: Heatran|Heatran, M|324\/324
|-damage|p1a: Heatran|284\/324|[from] Stealth Rock
|move|p2a: Bisharp|Knock Off|p1a: Heatran
|-damage|p1a: Heatran|62\/324
|-enditem|p1a: Heatran|Leftovers|[from] move: Knock Off|[of] p2a: Bisharp
|-damage|p2a: Bisharp|42\/271|[from] item: Life Orb
|
|turn|16
|
|move|p2a: Bisharp|Sucker Punch|p1a: Heatran
|-damage|p1a: Heatran|0 fnt
|-damage|p2a: Bisharp|15\/271|[from] item: Life Orb
|faint|p1a: Heatran
|
|
|switch|p1a: TheFinisher|Pinsir, F|272\/272
|-damage|p1a: TheFinisher|204\/272|[from] Stealth Rock
|turn|17
|
|detailschange|p1a: TheFinisher|Pinsir-Mega, F
|message|Pinsir has Mega Evolved into Mega Pinsir!
|move|p1a: TheFinisher|Quick Attack|p2a: Bisharp
|-resisted|p2a: Bisharp
|-damage|p2a: Bisharp|0 fnt
|faint|p2a: Bisharp
|
|-message|Alvadora forfeited.
|
|win|Hogback_fosh_men
|raw|Ladder updating...
|leave|Alvadora
|player|p2
|raw|Hogback_fosh_men's rating: 1673 &rarr; <strong>1691<\/strong><br \/>(+18 for winning)
|raw|Alvadora's rating: 1631 &rarr; <strong>1613<\/strong><br \/>(-18 for losing)