|join|Alvadora
|join|JM CHAN
|player|p1|Alvadora|256
|player|p2|JM CHAN|69
|gametype|singles
|gen|6
|tier|OU
|rated
|clearpoke
|poke|p1|Charizard, M
|poke|p1|Tyranitar, F
|poke|p1|Excadrill, M
|poke|p1|Rotom-Wash
|poke|p1|Gengar, F
|poke|p1|Breloom, M
|poke|p2|Scizor, F
|poke|p2|Heatran, M
|poke|p2|Landorus-Therian, M
|poke|p2|Rotom-Wash
|poke|p2|Medicham, F
|poke|p2|Amoonguss, F
|rule|Swagger Clause: Swagger is banned
|rule|Baton Pass Clause: Limit one PokÃ©mon knowing Baton Pass
|rule|Sleep Clause Mod: Limit one foe put to sleep
|rule|Species Clause: Limit one of each PokÃ©mon
|rule|OHKO Clause: OHKO moves are banned
|rule|Moody Clause: Moody is banned
|rule|Evasion Moves Clause: Evasion moves are banned
|rule|Endless Battle Clause: Forcing endless battles is banned
|rule|HP Percentage Mod: HP is shown in percentages
|teampreview
|c|âJM CHAN|hola
|c|âAlvadora|GL :]
|c|âJM CHAN|GL
|c|âJM CHAN|you speak spanish?
|c|âAlvadora|nope
|c|âJM CHAN|oh right
|c|âJM CHAN|i like ur team BTW
|c|âAlvadora|ty
|
|start
|switch|p1a: Rotom-Wash|Rotom-Wash|304\/304
|switch|p2a: Medicham|Medicham, F|261\/261
|turn|1
|
|switch|p2a: Amoonguss|Amoonguss, F|432\/432
|move|p1a: Rotom-Wash|Volt Switch|p2a: Amoonguss
|-resisted|p2a: Amoonguss
|-damage|p2a: Amoonguss|381\/432
|
|switch|p1a: Charizard|Charizard, M|297\/297
|
|-heal|p2a: Amoonguss|408\/432|[from] item: Black Sludge
|turn|2
|
|detailschange|p1a: Charizard|Charizard-Mega-Y, M
|message|Charizard has Mega Evolved into Mega Charizard!
|-weather|SunnyDay
|move|p1a: Charizard|Fire Blast|p2a: Amoonguss
|-supereffective|p2a: Amoonguss
|-damage|p2a: Amoonguss|0 fnt
|faint|p2a: Amoonguss
|
|-weather|SunnyDay|[upkeep]
|c|âJM CHAN|sun and sand?
|
|switch|p2a: Heatran|Heatran, M|326\/326
|-item|p2a: Heatran|Air Balloon
|turn|3
|c|âAlvadora|yeap 
|
|move|p1a: Charizard|Focus Blast|p2a: Heatran|[miss]
|-miss|p1a: Charizard|p2a: Heatran
|move|p2a: Heatran|Stealth Rock|p1a: Charizard
|-sidestart|p1: Alvadora|move: Stealth Rock
|
|-weather|SunnyDay|[upkeep]
|turn|4
|c|âAlvadora|ahhhh damn
|
|switch|p1a: Tyranitar|Tyranitar, F|404\/404
|-damage|p1a: Tyranitar|354\/404|[from] Stealth Rock
|-weather|Sandstorm
|switch|p2a: Landorus-Therian|Landorus-Therian, M|320\/320
|-ability|p2a: Landorus-Therian|Intimidate|[of] p1a: Tyranitar
|-unboost|p1a: Tyranitar|atk|1
|
|-weather|Sandstorm|[upkeep]
|turn|5
|
|move|p2a: Landorus-Therian|U-turn|p1a: Tyranitar
|-supereffective|p1a: Tyranitar
|-damage|p1a: Tyranitar|186\/404
|
|switch|p2a: Rotom-Wash|Rotom-Wash|303\/303
|move|p1a: Tyranitar|Stealth Rock|p2a: Rotom-Wash
|-sidestart|p2: JM CHAN|move: Stealth Rock
|
|-weather|Sandstorm|[upkeep]
|-damage|p2a: Rotom-Wash|285\/303|[from] sandstorm
|-heal|p2a: Rotom-Wash|303\/303|[from] item: Leftovers
|turn|6
|
|switch|p1a: Rotom-Wash|Rotom-Wash|304\/304
|-damage|p1a: Rotom-Wash|266\/304|[from] Stealth Rock
|move|p2a: Rotom-Wash|Will-O-Wisp|p1a: Rotom-Wash
|-status|p1a: Rotom-Wash|brn
|
|-weather|Sandstorm|[upkeep]
|-damage|p1a: Rotom-Wash|247\/304 brn|[from] sandstorm
|-damage|p2a: Rotom-Wash|285\/303|[from] sandstorm
|-heal|p1a: Rotom-Wash|266\/304 brn|[from] item: Leftovers
|-heal|p2a: Rotom-Wash|303\/303|[from] item: Leftovers
|-damage|p1a: Rotom-Wash|228\/304 brn|[from] brn
|turn|7
|
|move|p1a: Rotom-Wash|Will-O-Wisp|p2a: Rotom-Wash
|-status|p2a: Rotom-Wash|brn
|move|p2a: Rotom-Wash|Hydro Pump|p1a: Rotom-Wash
|-resisted|p1a: Rotom-Wash
|-damage|p1a: Rotom-Wash|159\/304 brn
|
|-weather|Sandstorm|[upkeep]
|-damage|p1a: Rotom-Wash|140\/304 brn|[from] sandstorm
|-damage|p2a: Rotom-Wash|285\/303 brn|[from] sandstorm
|-heal|p1a: Rotom-Wash|159\/304 brn|[from] item: Leftovers
|-heal|p2a: Rotom-Wash|303\/303 brn|[from] item: Leftovers
|-damage|p1a: Rotom-Wash|121\/304 brn|[from] brn
|-damage|p2a: Rotom-Wash|266\/303 brn|[from] brn
|turn|8
|
|move|p1a: Rotom-Wash|Pain Split|p2a: Rotom-Wash
|-sethp|p2a: Rotom-Wash|193\/303 brn|p1a: Rotom-Wash|193\/304 brn|[from] move: Pain Split
|move|p2a: Rotom-Wash|Hydro Pump|p1a: Rotom-Wash
|-resisted|p1a: Rotom-Wash
|-damage|p1a: Rotom-Wash|129\/304 brn
|
|-weather|Sandstorm|[upkeep]
|-damage|p1a: Rotom-Wash|110\/304 brn|[from] sandstorm
|-damage|p2a: Rotom-Wash|175\/303 brn|[from] sandstorm
|-heal|p1a: Rotom-Wash|129\/304 brn|[from] item: Leftovers
|-heal|p2a: Rotom-Wash|193\/303 brn|[from] item: Leftovers
|-damage|p1a: Rotom-Wash|91\/304 brn|[from] brn
|-damage|p2a: Rotom-Wash|156\/303 brn|[from] brn
|turn|9
|
|move|p1a: Rotom-Wash|Pain Split|p2a: Rotom-Wash
|-sethp|p2a: Rotom-Wash|123\/303 brn|p1a: Rotom-Wash|123\/304 brn|[from] move: Pain Split
|move|p2a: Rotom-Wash|Hydro Pump|p1a: Rotom-Wash|[miss]
|-miss|p2a: Rotom-Wash|p1a: Rotom-Wash
|
|-weather|Sandstorm|[upkeep]
|-damage|p1a: Rotom-Wash|104\/304 brn|[from] sandstorm
|-damage|p2a: Rotom-Wash|105\/303 brn|[from] sandstorm
|-heal|p1a: Rotom-Wash|123\/304 brn|[from] item: Leftovers
|-heal|p2a: Rotom-Wash|123\/303 brn|[from] item: Leftovers
|-damage|p1a: Rotom-Wash|85\/304 brn|[from] brn
|-damage|p2a: Rotom-Wash|86\/303 brn|[from] brn
|turn|10
|
|move|p1a: Rotom-Wash|Volt Switch|p2a: Rotom-Wash
|-damage|p2a: Rotom-Wash|5\/303 brn
|
|switch|p1a: Tyranitar|Tyranitar, F|186\/404
|-damage|p1a: Tyranitar|136\/404|[from] Stealth Rock
|move|p2a: Rotom-Wash|Volt Switch|p1a: Tyranitar
|-damage|p1a: Tyranitar|90\/404
|
|switch|p2a: Landorus-Therian|Landorus-Therian, M|320\/320
|-damage|p2a: Landorus-Therian|280\/320|[from] Stealth Rock
|-ability|p2a: Landorus-Therian|Intimidate|[of] p1a: Tyranitar
|-unboost|p1a: Tyranitar|atk|1
|
|-weather|Sandstorm|[upkeep]
|turn|11
|
|switch|p1a: Rotom-Wash|Rotom-Wash|85\/304 brn
|-damage|p1a: Rotom-Wash|47\/304 brn|[from] Stealth Rock
|move|p2a: Landorus-Therian|U-turn|p1a: Rotom-Wash
|-damage|p1a: Rotom-Wash|0 fnt
|faint|p1a: Rotom-Wash
|
|switch|p2a: Rotom-Wash|Rotom-Wash|5\/303 brn
|-damage|p2a: Rotom-Wash|0 fnt|[from] Stealth Rock
|faint|p2a: Rotom-Wash
|
|-weather|none
|
|switch|p2a: Landorus-Therian|Landorus-Therian, M|280\/320
|-damage|p2a: Landorus-Therian|240\/320|[from] Stealth Rock
|switch|p1a: Tyranitar|Tyranitar, F|90\/404
|-damage|p1a: Tyranitar|40\/404|[from] Stealth Rock
|-ability|p2a: Landorus-Therian|Intimidate|[of] p1a: Tyranitar
|-unboost|p1a: Tyranitar|atk|1
|-weather|Sandstorm
|turn|12
|
|move|p2a: Landorus-Therian|U-turn|p1a: Tyranitar
|-supereffective|p1a: Tyranitar
|-damage|p1a: Tyranitar|0 fnt
|faint|p1a: Tyranitar
|
|switch|p2a: Heatran|Heatran, M|326\/326
|-damage|p2a: Heatran|286\/326|[from] Stealth Rock
|-item|p2a: Heatran|Air Balloon
|
|-weather|Sandstorm|[upkeep]
|
|switch|p1a: Excadrill|Excadrill, M|359\/359
|-damage|p1a: Excadrill|348\/359|[from] Stealth Rock
|turn|13
|
|move|p1a: Excadrill|Rapid Spin|p2a: Heatran
|-resisted|p2a: Heatran
|-damage|p2a: Heatran|269\/326
|-enditem|p2a: Heatran|Air Balloon
|-sideend|p1: Alvadora|Stealth Rock|[from] move: Rapid Spin|[of] p1a: Excadrill
|-damage|p1a: Excadrill|313\/359|[from] item: Life Orb
|move|p2a: Heatran|Fire Blast|p1a: Excadrill
|-supereffective|p1a: Excadrill
|-damage|p1a: Excadrill|0 fnt
|faint|p1a: Excadrill
|
|-weather|Sandstorm|[upkeep]
|
|switch|p1a: Gengar|Gengar, F|261\/261
|turn|14
|c|âAlvadora|didnt see the balloon until i threw it in -.-
|c|âAlvadora|should had used gar to broke it and sweep with exca -.-
|
|move|p1a: Gengar|Focus Blast|p2a: Heatran
|-supereffective|p2a: Heatran
|-damage|p2a: Heatran|0 fnt
|-damage|p1a: Gengar|235\/261|[from] item: Life Orb
|faint|p2a: Heatran
|
|-weather|Sandstorm|[upkeep]
|-damage|p1a: Gengar|219\/261|[from] sandstorm
|
|switch|p2a: Scizor|Scizor, F|341\/341
|-damage|p2a: Scizor|299\/341|[from] Stealth Rock
|turn|15
|
|move|p2a: Scizor|Pursuit|p1a: Gengar|[from]Pursuit
|-supereffective|p1a: Gengar
|-damage|p1a: Gengar|0 fnt
|faint|p1a: Gengar
|
|-weather|Sandstorm|[upkeep]
|
|switch|p1a: Charizard|Charizard-Mega-Y, M|297\/297
|-weather|SunnyDay
|turn|16
|
|move|p1a: Charizard|Fire Blast|p2a: Scizor
|-supereffective|p2a: Scizor
|-damage|p2a: Scizor|0 fnt
|faint|p2a: Scizor
|
|-weather|SunnyDay|[upkeep]
|
|switch|p2a: Landorus-Therian|Landorus-Therian, M|240\/320
|-damage|p2a: Landorus-Therian|200\/320|[from] Stealth Rock
|-ability|p2a: Landorus-Therian|Intimidate|[of] p1a: Charizard
|-unboost|p1a: Charizard|atk|1
|turn|17
|
|switch|p1a: Breloom|Breloom, M|262\/262
|move|p2a: Landorus-Therian|U-turn|p1a: Breloom
|-damage|p1a: Breloom|153\/262
|join|kloshitteroladelo
|
|switch|p2a: Medicham|Medicham, F|261\/261
|-damage|p2a: Medicham|245\/261|[from] Stealth Rock
|
|-weather|SunnyDay|[upkeep]
|turn|18
|c|âAlvadora|fuckkk you u-turned :[
|c|âJM CHAN|xDDD
|c|âAlvadora|gg
|join|Tom Bus
|
|switch|p1a: Charizard|Charizard-Mega-Y, M|297\/297
|detailschange|p2a: Medicham|Medicham-Mega, F
|message|Medicham has Mega Evolved into Mega Medicham!
|move|p2a: Medicham|Ice Punch|p1a: Charizard
|-damage|p1a: Charizard|112\/297
|
|-weather|SunnyDay|[upkeep]
|turn|19
|c|âAlvadora|or maybe if i win the speed tie
|c|âAlvadora|and hit this
|
|move|p2a: Medicham|Ice Punch|p1a: Charizard
|-damage|p1a: Charizard|0 fnt
|faint|p1a: Charizard
|
|-weather|SunnyDay|[upkeep]
|c|âJM CHAN|nah gg
|c|âAlvadora|yup i dont
|leave|kloshitteroladelo
|c|âJM CHAN|xDD
|c|âAlvadora|....
|-message|Alvadora forfeited.
|
|win|JM CHAN
|raw|Ladder updating...
|raw|Alvadora's rating: 1515 &rarr; <strong>1492<\/strong><br \/>(-23 for losing)
|raw|JM CHAN's rating: 1467 &rarr; <strong>1489<\/strong><br \/>(+22 for winning)
|leave|Alvadora
|player|p1
|leave|Tom Bus