|join|Here to GG
|join|Alvadora
|player|p1|Here to GG|102
|player|p2|Alvadora|256
|gametype|singles
|gen|6
|tier|OU
|rated
|clearpoke
|poke|p1|Lopunny, M
|poke|p1|Manaphy
|poke|p1|Rotom-Wash
|poke|p1|Garchomp, M
|poke|p1|Heatran, M
|poke|p1|Latios, M
|poke|p2|Scizor, M
|poke|p2|Jirachi
|poke|p2|Serperior, M
|poke|p2|Keldeo
|poke|p2|Zapdos
|poke|p2|Landorus, M
|rule|Swagger Clause: Swagger is banned
|rule|Baton Pass Clause: Limit one PokÃ©mon knowing Baton Pass
|rule|Sleep Clause Mod: Limit one foe put to sleep
|rule|Species Clause: Limit one of each PokÃ©mon
|rule|OHKO Clause: OHKO moves are banned
|rule|Moody Clause: Moody is banned
|rule|Evasion Moves Clause: Evasion moves are banned
|rule|Endless Battle Clause: Forcing endless battles is banned
|rule|HP Percentage Mod: HP is shown in percentages
|teampreview
|c|âHere to GG|umm...
|c|âAlvadora|NOT AGAIN
|c|âAlvadora|SERIOUSLY
|c|âAlvadora|I HATE YOUR SQUAD SO MUCH MAN
|c|âHere to GG|=(
|c|âHere to GG|i wish there was a draw option
|
|start
|switch|p1a: Lopunny|Lopunny, M|271\/271
|switch|p2a: Serperior|Serperior, M|291\/291
|turn|1
|
|switch|p2a: Jirachi|Jirachi|403\/403
|detailschange|p1a: Lopunny|Lopunny-Mega, M
|-mega|p1a: Lopunny|Lopunny|Lopunnite
|move|p1a: Lopunny|Fake Out|p2a: Jirachi
|-resisted|p2a: Jirachi
|-damage|p2a: Jirachi|367\/403
|
|-heal|p2a: Jirachi|392\/403|[from] item: Leftovers
|turn|2
|
|switch|p1a: Garchomp|Garchomp, M|420\/420
|switch|p2a: Keldeo|Keldeo|323\/323
|
|turn|3
|join|Appreciation
|
|switch|p1a: Manaphy|Manaphy|404\/404
|move|p2a: Keldeo|Scald|p1a: Manaphy
|-resisted|p1a: Manaphy
|-damage|p1a: Manaphy|330\/404
|-status|p1a: Manaphy|brn
|
|-heal|p1a: Manaphy|355\/404 brn|[from] item: Leftovers
|-damage|p1a: Manaphy|305\/404 brn|[from] brn
|turn|4
|
|move|p2a: Keldeo|Scald|p1a: Manaphy
|-resisted|p1a: Manaphy
|-damage|p1a: Manaphy|230\/404 brn
|move|p1a: Manaphy|Scald|p2a: Keldeo
|-resisted|p2a: Keldeo
|-damage|p2a: Keldeo|272\/323
|
|-heal|p1a: Manaphy|255\/404 brn|[from] item: Leftovers
|-damage|p1a: Manaphy|205\/404 brn|[from] brn
|turn|5
|
|switch|p2a: Serperior|Serperior, M|291\/291
|switch|p1a: Rotom-Wash|Rotom-Wash|304\/304
|
|turn|6
|
|switch|p2a: Keldeo|Keldeo|272\/323
|switch|p1a: Heatran|Heatran, M|323\/323
|
|turn|7
|
|switch|p1a: Rotom-Wash|Rotom-Wash|304\/304
|move|p2a: Keldeo|Secret Sword|p1a: Rotom-Wash
|-crit|p1a: Rotom-Wash
|-damage|p1a: Rotom-Wash|151\/304
|
|turn|8
|c|âHere to GG|pls game
|
|switch|p2a: Jirachi|Jirachi|392\/403
|move|p1a: Rotom-Wash|Volt Switch|p2a: Jirachi
|-damage|p2a: Jirachi|323\/403
|
|switch|p1a: Heatran|Heatran, M|323\/323
|
|-heal|p2a: Jirachi|348\/403|[from] item: Leftovers
|turn|9
|join|CleanerThanRotom-W
|
|switch|p2a: Zapdos|Zapdos|383\/383
|-ability|p2a: Zapdos|Pressure
|move|p1a: Heatran|Fire Blast|p2a: Zapdos
|-damage|p2a: Zapdos|151\/383
|
|-heal|p2a: Zapdos|174\/383|[from] item: Leftovers
|turn|10
|c|âHere to GG|umm
|c|âHere to GG|the the counter?
|
|switch|p2a: Keldeo|Keldeo|272\/323
|move|p1a: Heatran|Fire Blast|p2a: Keldeo
|-resisted|p2a: Keldeo
|-damage|p2a: Keldeo|164\/323
|-status|p2a: Keldeo|brn
|
|-damage|p2a: Keldeo|124\/323 brn|[from] brn
|turn|11
|c|âAlvadora|!!!!
|c|âAlvadora|this game
|c|âAlvadora|needs to calm down
|c|âHere to GG|ah
|c|âHere to GG|revenge
|
|switch|p1a: Latios|Latios, M|301\/301
|move|p2a: Keldeo|Hydro Pump|p1a: Latios
|-resisted|p1a: Latios
|-damage|p1a: Latios|213\/301
|
|-damage|p2a: Keldeo|84\/323 brn|[from] brn
|turn|12
|c|âAlvadora|zzz the cancel
|c|âAlvadora|button
|c|âAlvadora|is a bitch
|c|âAlvadora|i swar
|join|TheUberTherian
|c|âAlvadora|swear*
|
|switch|p2a: Jirachi|Jirachi|348\/403
|switch|p1a: Garchomp|Garchomp, M|420\/420
|
|-heal|p2a: Jirachi|373\/403|[from] item: Leftovers
|turn|13
|
|move|p2a: Jirachi|Stealth Rock|p1a: Garchomp
|-sidestart|p1: Here to GG|move: Stealth Rock
|move|p1a: Garchomp|Earthquake|p2a: Jirachi
|-supereffective|p2a: Jirachi
|-damage|p2a: Jirachi|73\/403
|
|-heal|p2a: Jirachi|98\/403|[from] item: Leftovers
|turn|14
|
|switch|p2a: Landorus|Landorus, M|319\/319
|move|p1a: Garchomp|Stealth Rock|p2a: Landorus
|-sidestart|p2: Alvadora|move: Stealth Rock
|
|turn|15
|join|gyarad0site
|
|move|p2a: Landorus|Earth Power|p1a: Garchomp
|-damage|p1a: Garchomp|120\/420
|move|p1a: Garchomp|Dragon Claw|p2a: Landorus
|-crit|p2a: Landorus
|-damage|p2a: Landorus|121\/319
|
|turn|16
|c|âAlvadora|zzzz
|
|switch|p1a: Latios|Latios, M|213\/301
|-damage|p1a: Latios|176\/301|[from] Stealth Rock
|move|p2a: Landorus|Psychic|p1a: Latios
|-crit|p1a: Latios
|-resisted|p1a: Latios
|-damage|p1a: Latios|59\/301
|
|turn|17
|c|âAlvadora|oml
|c|âAlvadora|this game
|c| Appreciation|zzz
|
|switch|p2a: Jirachi|Jirachi|98\/403
|-damage|p2a: Jirachi|73\/403|[from] Stealth Rock
|move|p1a: Latios|Roost|p1a: Latios
|-heal|p1a: Latios|210\/301
|
|-heal|p2a: Jirachi|98\/403|[from] item: Leftovers
|turn|18
|c|âAlvadora|the amount of hax
|
|move|p1a: Latios|Draco Meteor|p2a: Jirachi
|-resisted|p2a: Jirachi
|-damage|p2a: Jirachi|0 fnt
|-unboost|p1a: Latios|spa|2
|-damage|p1a: Latios|180\/301|[from] item: Life Orb
|faint|p2a: Jirachi
|
|c|âHere to GG|mhm
|
|switch|p2a: Scizor|Scizor, M|290\/290
|-damage|p2a: Scizor|254\/290|[from] Stealth Rock
|turn|19
|
|switch|p1a: Garchomp|Garchomp, M|120\/420
|-damage|p1a: Garchomp|94\/420|[from] Stealth Rock
|detailschange|p2a: Scizor|Scizor-Mega, M
|-mega|p2a: Scizor|Scizor|Scizorite
|move|p2a: Scizor|Bug Bite|p1a: Garchomp
|-crit|p1a: Garchomp
|-damage|p1a: Garchomp|0 fnt
|-damage|p2a: Scizor|218\/290|[from] ability: Rough Skin|[of] p1a: Garchomp
|-damage|p2a: Scizor|170\/290|[from] item: Rocky Helmet|[of] p1a: Garchomp
|faint|p1a: Garchomp
|
|
|switch|p1a: Heatran|Heatran, M|323\/323
|-damage|p1a: Heatran|283\/323|[from] Stealth Rock
|turn|20
|c|âHere to GG|ok fire blast
|
|switch|p2a: Zapdos|Zapdos|174\/383
|-damage|p2a: Zapdos|79\/383|[from] Stealth Rock
|-ability|p2a: Zapdos|Pressure
|move|p1a: Heatran|Fire Blast|p2a: Zapdos
|-damage|p2a: Zapdos|0 fnt
|faint|p2a: Zapdos
|
|c|âHere to GG|thank you
|
|switch|p2a: Landorus|Landorus, M|121\/319
|-damage|p2a: Landorus|82\/319|[from] Stealth Rock
|turn|21
|
|switch|p1a: Latios|Latios, M|180\/301
|-damage|p1a: Latios|143\/301|[from] Stealth Rock
|move|p2a: Landorus|Rock Polish|p2a: Landorus
|-boost|p2a: Landorus|spe|2
|
|turn|22
|join|Albyness
|
|move|p2a: Landorus|Knock Off|p1a: Latios
|-supereffective|p1a: Latios
|-damage|p1a: Latios|0 fnt
|-enditem|p1a: Latios|Life Orb|[from] move: Knock Off|[of] p2a: Landorus
|-damage|p2a: Landorus|51\/319|[from] item: Life Orb
|faint|p1a: Latios
|
|
|switch|p1a: Lopunny|Lopunny-Mega, M|271\/271
|-damage|p1a: Lopunny|255\/271|[from] Stealth Rock
|turn|23
|
|switch|p2a: Scizor|Scizor-Mega, M|170\/290
|-damage|p2a: Scizor|134\/290|[from] Stealth Rock
|move|p1a: Lopunny|Fake Out|p2a: Scizor
|-resisted|p2a: Scizor
|-damage|p2a: Scizor|105\/290
|
|turn|24
|
|move|p2a: Scizor|Bullet Punch|p1a: Lopunny
|-damage|p1a: Lopunny|108\/271
|move|p1a: Lopunny|High Jump Kick|p2a: Scizor
|-damage|p2a: Scizor|0 fnt
|faint|p2a: Scizor
|
|c| Appreciation|gg?
|c| Appreciation|or no
|c| Appreciation|serp
|c|âHere to GG|hopefully
|
|switch|p2a: Serperior|Serperior, M|291\/291
|-damage|p2a: Serperior|255\/291|[from] Stealth Rock
|turn|25
|c| Appreciation|just crit it
|
|move|p1a: Lopunny|Return|p2a: Serperior
|-damage|p2a: Serperior|62\/291
|move|p2a: Serperior|Leaf Storm|p1a: Lopunny
|-damage|p1a: Lopunny|0 fnt
|-boost|p2a: Serperior|spa|2
|faint|p1a: Lopunny
|
|-heal|p2a: Serperior|80\/291|[from] item: Leftovers
|c| Appreciation|:(
|
|switch|p1a: Heatran|Heatran, M|283\/323
|-damage|p1a: Heatran|243\/323|[from] Stealth Rock
|turn|26
|c| TheUberTherian|inb4 crit
|
|move|p1a: Heatran|Flash Cannon|p2a: Serperior
|-damage|p2a: Serperior|0 fnt
|faint|p2a: Serperior
|
|
|switch|p2a: Keldeo|Keldeo|84\/323 brn
|-damage|p2a: Keldeo|64\/323 brn|[from] Stealth Rock
|turn|27
|c| TheUberTherian|nvm scarf
|c| Appreciation|oh no
|c| Appreciation|dont switch
|c| Appreciation|fig
|
|switch|p2a: Landorus|Landorus, M|51\/319
|-damage|p2a: Landorus|12\/319|[from] Stealth Rock
|switch|p1a: Manaphy|Manaphy|205\/404 brn
|-damage|p1a: Manaphy|155\/404 brn|[from] Stealth Rock
|
|-heal|p1a: Manaphy|180\/404 brn|[from] item: Leftovers
|-damage|p1a: Manaphy|130\/404 brn|[from] brn
|turn|28
|c| Appreciation|>
|
|move|p2a: Landorus|Earth Power|p1a: Manaphy
|-damage|p1a: Manaphy|0 fnt
|faint|p1a: Manaphy
|
|
|switch|p1a: Heatran|Heatran, M|243\/323
|-damage|p1a: Heatran|203\/323|[from] Stealth Rock
|turn|29
|
|move|p1a: Heatran|Flash Cannon|p2a: Landorus
|-damage|p2a: Landorus|0 fnt
|faint|p2a: Landorus
|
|c|âHere to GG|definately shouldnt have let lop die lol
|
|switch|p2a: Keldeo|Keldeo|64\/323 brn
|-damage|p2a: Keldeo|44\/323 brn|[from] Stealth Rock
|turn|30
|
|move|p2a: Keldeo|Secret Sword|p1a: Heatran
|-supereffective|p1a: Heatran
|-damage|p1a: Heatran|0 fnt
|faint|p1a: Heatran
|
|-damage|p2a: Keldeo|4\/323 brn|[from] brn
|c|âAlvadora|its a roll
|
|switch|p1a: Rotom-Wash|Rotom-Wash|151\/304
|-damage|p1a: Rotom-Wash|113\/304|[from] Stealth Rock
|turn|31
|c| TheUberTherian|lol
|c|âAlvadora|for whether rotom dies
|c| TheUberTherian|it will
|
|move|p2a: Keldeo|Secret Sword|p1a: Rotom-Wash
|-damage|p1a: Rotom-Wash|0 fnt
|faint|p1a: Rotom-Wash
|
|win|Alvadora
|raw|Ladder updating...
|raw|Here to GG's rating: 1782 &rarr; <strong>1755<\/strong><br \/>(-27 for losing)
|raw|Alvadora's rating: 1650 &rarr; <strong>1677<\/strong><br \/>(+27 for winning)
|c|âAlvadora|omg
|c| TheUberTherian|xD
|c|âAlvadora|close ass game
|c| TheUberTherian|gg
|c|âAlvadora|gg
|leave|Here to GG
|player|p1
|leave|TheUberTherian