|join|gaegaerg
|join|Alvadora
|player|p1|gaegaerg|101
|player|p2|Alvadora|256
|gametype|singles
|gen|6
|tier|OU
|rated
|clearpoke
|poke|p1|Metagross
|poke|p1|Gyarados, F
|poke|p1|Landorus-Therian, M
|poke|p1|Mew
|poke|p1|Thundurus, M
|poke|p1|Kyurem
|poke|p2|Scizor, M
|poke|p2|Heatran, F
|poke|p2|Serperior, M
|poke|p2|Keldeo
|poke|p2|Zapdos
|poke|p2|Landorus, M
|rule|Swagger Clause: Swagger is banned
|rule|Baton Pass Clause: Limit one PokÃ©mon knowing Baton Pass
|rule|Sleep Clause Mod: Limit one foe put to sleep
|rule|Species Clause: Limit one of each PokÃ©mon
|rule|OHKO Clause: OHKO moves are banned
|rule|Moody Clause: Moody is banned
|rule|Evasion Moves Clause: Evasion moves are banned
|rule|Endless Battle Clause: Forcing endless battles is banned
|rule|HP Percentage Mod: HP is shown in percentages
|teampreview
|c|âgaegaerg|glhf
|c|âAlvadora|GLHF
|c|âgaegaerg|An alt acocunt?
|
|start
|switch|p1a: Metagross|Metagross|301\/301
|switch|p2a: Keldeo|Keldeo|323\/323
|turn|1
|c|âAlvadora|yeah hahaha
|
|switch|p2a: Heatran|Heatran, F|385\/385
|switch|p1a: Mew|Mew|404\/404
|
|turn|2
|
|move|p1a: Mew|Taunt|p2a: Heatran
|-start|p2a: Heatran|move: Taunt
|move|p2a: Heatran|Lava Plume|p1a: Mew
|-damage|p1a: Mew|317\/404
|
|-heal|p1a: Mew|342\/404|[from] item: Leftovers
|turn|3
|
|switch|p1a: Gyarados|Gyarados, F|339\/339
|-ability|p1a: Gyarados|Intimidate|[of] p2a: Heatran
|-unboost|p2a: Heatran|atk|1
|move|p2a: Heatran|Lava Plume|p1a: Gyarados
|-resisted|p1a: Gyarados
|-damage|p1a: Gyarados|280\/339
|
|turn|4
|
|switch|p1a: Thundurus|Thundurus, M|299\/299
|switch|p2a: Zapdos|Zapdos|383\/383
|-ability|p2a: Zapdos|Pressure
|
|turn|5
|
|move|p1a: Thundurus|Volt Switch|p2a: Zapdos
|-damage|p2a: Zapdos|241\/383
|
|switch|p1a: Landorus-Therian|Landorus-Therian, M|382\/382
|-ability|p1a: Landorus-Therian|Intimidate|[of] p2a: Zapdos
|-unboost|p2a: Zapdos|atk|1
|move|p2a: Zapdos|Heat Wave|p1a: Landorus-Therian
|-damage|p1a: Landorus-Therian|277\/382
|
|-heal|p2a: Zapdos|264\/383|[from] item: Leftovers
|-heal|p1a: Landorus-Therian|300\/382|[from] item: Leftovers
|turn|6
|
|move|p2a: Zapdos|Heat Wave|p1a: Landorus-Therian
|-damage|p1a: Landorus-Therian|187\/382
|move|p1a: Landorus-Therian|Stone Edge|p2a: Zapdos
|-supereffective|p2a: Zapdos
|-damage|p2a: Zapdos|100\/383
|
|-heal|p2a: Zapdos|123\/383|[from] item: Leftovers
|-heal|p1a: Landorus-Therian|210\/382|[from] item: Leftovers
|turn|7
|
|switch|p2a: Keldeo|Keldeo|323\/323
|move|p1a: Landorus-Therian|Knock Off|p2a: Keldeo
|-resisted|p2a: Keldeo
|-damage|p2a: Keldeo|266\/323
|-boost|p2a: Keldeo|atk|1|[from] ability: Justified
|-enditem|p2a: Keldeo|Choice Scarf|[from] move: Knock Off|[of] p1a: Landorus-Therian
|
|-heal|p1a: Landorus-Therian|233\/382|[from] item: Leftovers
|turn|8
|c|âAlvadora|:[
|
|switch|p1a: Mew|Mew|342\/404
|move|p2a: Keldeo|Scald|p1a: Mew
|-damage|p1a: Mew|239\/404
|
|-heal|p1a: Mew|264\/404|[from] item: Leftovers
|turn|9
|c|âgaegaerg|Eh, that probably does help you a little too
|
|switch|p2a: Heatran|Heatran, F|385\/385
|move|p1a: Mew|Soft-Boiled|p1a: Mew
|-heal|p1a: Mew|404\/404
|
|turn|10
|c|âAlvadora|but i lose a gyarados check now
|
|move|p1a: Mew|Taunt|p2a: Heatran
|-start|p2a: Heatran|move: Taunt
|move|p2a: Heatran|Lava Plume|p1a: Mew
|-damage|p1a: Mew|311\/404
|-status|p1a: Mew|brn
|
|-heal|p1a: Mew|336\/404 brn|[from] item: Leftovers
|-damage|p1a: Mew|286\/404 brn|[from] brn
|turn|11
|
|move|p1a: Mew|Knock Off|p2a: Heatran
|-damage|p2a: Heatran|351\/385
|-enditem|p2a: Heatran|Leftovers|[from] move: Knock Off|[of] p1a: Mew
|move|p2a: Heatran|Lava Plume|p1a: Mew
|-damage|p1a: Mew|192\/404 brn
|
|-heal|p1a: Mew|217\/404 brn|[from] item: Leftovers
|-damage|p1a: Mew|167\/404 brn|[from] brn
|turn|12
|
|switch|p2a: Serperior|Serperior, M|291\/291
|move|p1a: Mew|Soft-Boiled|p1a: Mew
|-heal|p1a: Mew|369\/404 brn
|
|-heal|p1a: Mew|394\/404 brn|[from] item: Leftovers
|-damage|p1a: Mew|344\/404 brn|[from] brn
|turn|13
|
|switch|p1a: Thundurus|Thundurus, M|299\/299
|move|p2a: Serperior|Substitute|p2a: Serperior
|-start|p2a: Serperior|Substitute
|-damage|p2a: Serperior|219\/291
|
|-heal|p2a: Serperior|237\/291|[from] item: Leftovers
|turn|14
|
|move|p2a: Serperior|Leaf Storm|p1a: Thundurus
|-resisted|p1a: Thundurus
|-damage|p1a: Thundurus|206\/299
|-boost|p2a: Serperior|spa|2
|move|p1a: Thundurus|Hidden Power|p2a: Serperior
|-supereffective|p2a: Serperior
|-end|p2a: Serperior|Substitute
|
|-heal|p2a: Serperior|255\/291|[from] item: Leftovers
|-heal|p1a: Thundurus|224\/299|[from] item: Leftovers
|turn|15
|
|switch|p2a: Heatran|Heatran, F|351\/385
|move|p1a: Thundurus|Thunder Wave|p2a: Heatran
|-status|p2a: Heatran|par
|
|-heal|p1a: Thundurus|242\/299|[from] item: Leftovers
|turn|16
|
|move|p1a: Thundurus|Volt Switch|p2a: Heatran
|-damage|p2a: Heatran|272\/385 par
|
|switch|p1a: Gyarados|Gyarados, F|280\/339
|-ability|p1a: Gyarados|Intimidate|[of] p2a: Heatran
|-unboost|p2a: Heatran|atk|1
|move|p2a: Heatran|Stealth Rock|p1a: Gyarados
|-sidestart|p1: gaegaerg|move: Stealth Rock
|
|turn|17
|
|switch|p2a: Keldeo|Keldeo|266\/323
|move|p1a: Gyarados|Dragon Dance|p1a: Gyarados
|-boost|p1a: Gyarados|atk|1
|-boost|p1a: Gyarados|spe|1
|
|turn|18
|
|detailschange|p1a: Gyarados|Gyarados-Mega, F
|-mega|p1a: Gyarados|Gyarados|Gyaradosite
|-ability|p1a: Gyarados|Mold Breaker
|move|p1a: Gyarados|Waterfall|p2a: Keldeo
|-resisted|p2a: Keldeo
|-damage|p2a: Keldeo|121\/323
|move|p2a: Keldeo|Hidden Power|p1a: Gyarados
|-supereffective|p1a: Gyarados
|-damage|p1a: Gyarados|170\/339
|
|turn|19
|
|switch|p2a: Zapdos|Zapdos|123\/383
|-ability|p2a: Zapdos|Pressure
|move|p1a: Gyarados|Waterfall|p2a: Zapdos
|-damage|p2a: Zapdos|0 fnt
|faint|p2a: Zapdos
|
|
|switch|p2a: Scizor|Scizor, M|290\/290
|turn|20
|
|detailschange|p2a: Scizor|Scizor-Mega, M
|-mega|p2a: Scizor|Scizor|Scizorite
|move|p1a: Gyarados|Waterfall|p2a: Scizor
|-damage|p2a: Scizor|104\/290
|move|p2a: Scizor|Bug Bite|p1a: Gyarados
|-supereffective|p1a: Gyarados
|-damage|p1a: Gyarados|0 fnt
|faint|p1a: Gyarados
|
|
|switch|p1a: Thundurus|Thundurus, M|242\/299
|-damage|p1a: Thundurus|168\/299|[from] Stealth Rock
|turn|21
|
|move|p2a: Scizor|Bullet Punch|p1a: Thundurus
|-resisted|p1a: Thundurus
|-damage|p1a: Thundurus|76\/299
|move|p1a: Thundurus|Volt Switch|p2a: Scizor
|-damage|p2a: Scizor|0 fnt
|faint|p2a: Scizor
|
|switch|p1a: Metagross|Metagross|301\/301
|-damage|p1a: Metagross|283\/301|[from] Stealth Rock
|
|
|switch|p2a: Heatran|Heatran, F|272\/385 par
|turn|22
|
|move|p1a: Metagross|Earthquake|p2a: Heatran
|-supereffective|p2a: Heatran
|-damage|p2a: Heatran|0 fnt
|faint|p2a: Heatran
|
|
|switch|p2a: Landorus|Landorus, M|319\/319
|turn|23
|
|switch|p1a: Thundurus|Thundurus, M|76\/299
|-damage|p1a: Thundurus|2\/299|[from] Stealth Rock
|move|p2a: Landorus|Rock Polish|p2a: Landorus
|-boost|p2a: Landorus|spe|2
|
|-heal|p1a: Thundurus|20\/299|[from] item: Leftovers
|turn|24
|
|move|p2a: Landorus|Psychic|p1a: Thundurus
|-damage|p1a: Thundurus|0 fnt
|faint|p1a: Thundurus
|
|
|switch|p1a: Landorus-Therian|Landorus-Therian, M|233\/382
|-damage|p1a: Landorus-Therian|186\/382|[from] Stealth Rock
|-ability|p1a: Landorus-Therian|Intimidate|[of] p2a: Landorus
|-unboost|p2a: Landorus|atk|1
|turn|25
|
|move|p2a: Landorus|Psychic|p1a: Landorus-Therian
|-damage|p1a: Landorus-Therian|0 fnt
|faint|p1a: Landorus-Therian
|
|
|switch|p1a: Kyurem|Kyurem|392\/392
|-damage|p1a: Kyurem|294\/392|[from] Stealth Rock
|-ability|p1a: Kyurem|Pressure
|turn|26
|
|switch|p2a: Keldeo|Keldeo|121\/323
|move|p1a: Kyurem|Ice Beam|p2a: Keldeo
|-resisted|p2a: Keldeo
|-damage|p2a: Keldeo|31\/323
|
|-heal|p1a: Kyurem|318\/392|[from] item: Leftovers
|turn|27
|
|switch|p2a: Serperior|Serperior, M|255\/291
|switch|p1a: Mew|Mew|344\/404 brn
|-damage|p1a: Mew|294\/404 brn|[from] Stealth Rock
|
|-heal|p2a: Serperior|273\/291|[from] item: Leftovers
|-heal|p1a: Mew|319\/404 brn|[from] item: Leftovers
|-damage|p1a: Mew|269\/404 brn|[from] brn
|turn|28
|
|switch|p1a: Metagross|Metagross|283\/301
|-damage|p1a: Metagross|265\/301|[from] Stealth Rock
|move|p2a: Serperior|Substitute|p2a: Serperior
|-start|p2a: Serperior|Substitute
|-damage|p2a: Serperior|201\/291
|
|-heal|p2a: Serperior|219\/291|[from] item: Leftovers
|turn|29
|
|move|p1a: Metagross|Ice Punch|p2a: Serperior
|-supereffective|p2a: Serperior
|-end|p2a: Serperior|Substitute
|move|p2a: Serperior|Hidden Power|p1a: Metagross
|-supereffective|p1a: Metagross
|-damage|p1a: Metagross|163\/301
|
|-heal|p2a: Serperior|237\/291|[from] item: Leftovers
|turn|30
|
|move|p1a: Metagross|Ice Punch|p2a: Serperior
|-supereffective|p2a: Serperior
|-damage|p2a: Serperior|41\/291
|move|p2a: Serperior|Hidden Power|p1a: Metagross
|-crit|p1a: Metagross
|-supereffective|p1a: Metagross
|-damage|p1a: Metagross|9\/301
|
|-heal|p2a: Serperior|59\/291|[from] item: Leftovers
|turn|31
|
|move|p1a: Metagross|Ice Punch|p2a: Serperior
|-supereffective|p2a: Serperior
|-damage|p2a: Serperior|0 fnt
|faint|p2a: Serperior
|
|
|switch|p2a: Keldeo|Keldeo|31\/323
|turn|32
|c|âAlvadora|I WISH I HAVE MY SCARF RIGHT NOW
|
|move|p1a: Metagross|Ice Punch|p2a: Keldeo
|-resisted|p2a: Keldeo
|-damage|p2a: Keldeo|0 fnt
|faint|p2a: Keldeo
|
|c|âgaegaerg|XD
|
|switch|p2a: Landorus|Landorus, M|319\/319
|turn|33
|c|âAlvadora|:[
|
|move|p1a: Metagross|Ice Punch|p2a: Landorus
|-supereffective|p2a: Landorus
|-damage|p2a: Landorus|0 fnt
|faint|p2a: Landorus
|
|win|gaegaerg
|raw|Ladder updating...
|raw|gaegaerg's rating: 1622 &rarr; <strong>1645<\/strong><br \/>(+23 for winning)
|raw|Alvadora's rating: 1687 &rarr; <strong>1664<\/strong><br \/>(-23 for losing)
|c|âgaegaerg|gg :)
|leave|Alvadora
|player|p2
|join|Swaqfeq