|join|omegaW
|join|Count Bleck
|player|p1|omegaW|143
|player|p2|Count Bleck|238
|gametype|singles
|gen|6
|tier|UU
|rule|Sleep Clause Mod: Limit one foe put to sleep
|rule|Species Clause: Limit one of each PokÃ©mon
|rule|OHKO Clause: OHKO moves are banned
|rule|Moody Clause: Moody is banned
|rule|Evasion Moves Clause: Evasion moves are banned
|rule|Endless Battle Clause: Forcing endless battles is banned
|rule|HP Percentage Mod: HP is shown in percentages
|clearpoke
|poke|p1|Alomomola, F
|poke|p1|Glalie, F
|poke|p1|Blissey, F
|poke|p1|Virizion
|poke|p1|Crobat, M
|poke|p1|Bronzong
|poke|p2|Forretress, F
|poke|p2|Glalie, M
|poke|p2|Dragalge, F
|poke|p2|Darmanitan, F
|poke|p2|Alakazam, M
|poke|p2|Milotic, M, shiny
|rule|Swagger Clause: Swagger is banned
|rule|Baton Pass Clause: Limit one PokÃ©mon knowing Baton Pass
|teampreview
|c|âCount Bleck|?!
|c|âomegaW|what
|c|âCount Bleck|Glalie bros!
|c|âomegaW|o-o
|c|âomegaW|k?
|
|start
|switch|p1a: The Bro|Crobat, M|374\/374
|switch|p2a: Alakazam|Alakazam, M|252\/252
|turn|1
|c|âCount Bleck|To the better Mega Glalie team! :D
|
|move|p2a: Alakazam|Psychic|p1a: The Bro
|-supereffective|p1a: The Bro
|-damage|p1a: The Bro|0 fnt
|faint|p1a: The Bro
|
|c|âomegaW|Scarf
|c|âomegaW|Wao
|
|switch|p1a: Bronzong|Bronzong|338\/338
|turn|2
|
|switch|p2a: Forretress|Forretress, F|354\/354
|move|p1a: Bronzong|Stealth Rock|p2a: Forretress
|-sidestart|p2: Count Bleck|move: Stealth Rock
|
|turn|3
|
|switch|p1a: Alomomola|Alomomola, F|534\/534
|move|p2a: Forretress|Stealth Rock|p1a: Alomomola
|-sidestart|p1: omegaW|move: Stealth Rock
|
|turn|4
|
|move|p1a: Alomomola|Scald|p2a: Forretress
|-damage|p2a: Forretress|285\/354
|move|p2a: Forretress|Volt Switch|p1a: Alomomola
|-supereffective|p1a: Alomomola
|-damage|p1a: Alomomola|390\/534
|
|switch|p2a: Alakazam|Alakazam, M|252\/252
|
|turn|5
|
|move|p1a: Alomomola|Protect|p1a: Alomomola
|-singleturn|p1a: Alomomola|Protect
|move|p2a: Alakazam|Trick|p1a: Alomomola
|-activate|p1a: Alomomola|Protect
|
|turn|6
|
|switch|p1a: Glalie|Glalie, F|301\/301
|-damage|p1a: Glalie|226\/301|[from] Stealth Rock
|move|p2a: Alakazam|Trick|p1a: Glalie
|-fail|p1a: Glalie
|
|turn|7
|
|switch|p2a: Forretress|Forretress, F|285\/354
|-damage|p2a: Forretress|241\/354|[from] Stealth Rock
|detailschange|p1a: Glalie|Glalie-Mega, F
|message|Glalie has Mega Evolved into Mega Glalie!
|move|p1a: Glalie|Return|p2a: Forretress
|-crit|p2a: Forretress
|-resisted|p2a: Forretress
|-damage|p2a: Forretress|145\/354
|
|-heal|p2a: Forretress|167\/354|[from] item: Leftovers
|turn|8
|
|move|p1a: Glalie|Return|p2a: Forretress
|-crit|p2a: Forretress
|-resisted|p2a: Forretress
|-damage|p2a: Forretress|68\/354
|move|p2a: Forretress|Rapid Spin|p1a: Glalie
|-damage|p1a: Glalie|211\/301
|-sideend|p2: Count Bleck|Stealth Rock|[from] move: Rapid Spin|[of] p2a: Forretress
|
|-heal|p2a: Forretress|90\/354|[from] item: Leftovers
|turn|9
|
|move|p1a: Glalie|Return|p2a: Forretress
|-resisted|p2a: Forretress
|-damage|p2a: Forretress|29\/354
|move|p2a: Forretress|Spikes|p1a: Glalie
|-sidestart|p1: omegaW|Spikes
|
|-heal|p2a: Forretress|51\/354|[from] item: Leftovers
|turn|10
|
|move|p1a: Glalie|Return|p2a: Forretress
|-resisted|p2a: Forretress
|-damage|p2a: Forretress|0 fnt
|faint|p2a: Forretress
|
|
|switch|p2a: Undine|Milotic, M, shiny|394\/394
|turn|11
|
|switch|p1a: Bronzong|Bronzong|338\/338
|-damage|p1a: Bronzong|317\/338|[from] Stealth Rock
|move|p2a: Undine|Dragon Tail|p1a: Bronzong
|-resisted|p1a: Bronzong
|-damage|p1a: Bronzong|307\/338
|drag|p1a: Blissey|Blissey, F|714\/714
|-damage|p1a: Blissey|625\/714|[from] Spikes
|-damage|p1a: Blissey|536\/714|[from] Stealth Rock
|
|-heal|p1a: Blissey|580\/714|[from] item: Leftovers
|turn|12
|
|switch|p2a: Darmanitan|Darmanitan, F|351\/351
|move|p1a: Blissey|Toxic|p2a: Darmanitan|[miss]
|-miss|p1a: Blissey|p2a: Darmanitan
|
|-heal|p1a: Blissey|624\/714|[from] item: Leftovers
|turn|13
|
|switch|p1a: Alomomola|Alomomola, F|534\/534
|-damage|p1a: Alomomola|468\/534|[from] Spikes
|-damage|p1a: Alomomola|402\/534|[from] Stealth Rock
|move|p2a: Darmanitan|U-turn|p1a: Alomomola
|-damage|p1a: Alomomola|329\/534
|-damage|p2a: Darmanitan|293\/351|[from] item: Rocky Helmet|[of] p1a: Alomomola
|
|switch|p2a: Alakazam|Alakazam, M|252\/252
|
|turn|14
|
|move|p1a: Alomomola|Protect|p1a: Alomomola
|-singleturn|p1a: Alomomola|Protect
|move|p2a: Alakazam|Energy Ball|p1a: Alomomola
|-activate|p1a: Alomomola|Protect
|
|turn|15
|
|switch|p2a: Dragalge|Dragalge, F|321\/321
|switch|p1a: Blissey|Blissey, F|624\/714
|-damage|p1a: Blissey|535\/714|[from] Stealth Rock
|-damage|p1a: Blissey|446\/714|[from] Spikes
|
|-heal|p1a: Blissey|490\/714|[from] item: Leftovers
|turn|16
|
|move|p1a: Blissey|Seismic Toss|p2a: Dragalge
|-damage|p2a: Dragalge|221\/321
|move|p2a: Dragalge|Sludge Wave|p1a: Blissey
|-damage|p1a: Blissey|324\/714
|
|-heal|p1a: Blissey|368\/714|[from] item: Leftovers
|turn|17
|
|switch|p2a: Darmanitan|Darmanitan, F|293\/351
|move|p1a: Blissey|Soft-Boiled|p1a: Blissey
|-heal|p1a: Blissey|714\/714
|
|turn|18
|
|switch|p1a: Alomomola|Alomomola, F|507\/534
|-damage|p1a: Alomomola|441\/534|[from] Spikes
|-damage|p1a: Alomomola|375\/534|[from] Stealth Rock
|move|p2a: Darmanitan|Superpower|p1a: Alomomola
|-damage|p1a: Alomomola|248\/534
|-damage|p2a: Darmanitan|235\/351|[from] item: Rocky Helmet|[of] p1a: Alomomola
|-unboost|p2a: Darmanitan|atk|1
|-unboost|p2a: Darmanitan|def|1
|
|turn|19
|
|switch|p2a: Glalie|Glalie, M|301\/301
|move|p1a: Alomomola|Wish|p1a: Alomomola
|
|turn|20
|
|detailschange|p2a: Glalie|Glalie-Mega, M
|message|Glalie has Mega Evolved into Mega Glalie!
|move|p2a: Glalie|Freeze-Dry|p1a: Alomomola
|-supereffective|p1a: Alomomola
|-damage|p1a: Alomomola|0 fnt
|faint|p1a: Alomomola
|
|
|switch|p1a: Virizion|Virizion|324\/324
|-damage|p1a: Virizion|304\/324|[from] Stealth Rock
|-damage|p1a: Virizion|264\/324|[from] Spikes
|turn|21
|
|switch|p2a: Dragalge|Dragalge, F|221\/321
|move|p1a: Virizion|Close Combat|p2a: Dragalge
|-resisted|p2a: Dragalge
|-damage|p2a: Dragalge|137\/321
|-unboost|p1a: Virizion|def|1
|-unboost|p1a: Virizion|spd|1
|
|turn|22
|
|switch|p1a: Blissey|Blissey, F|714\/714
|-damage|p1a: Blissey|625\/714|[from] Stealth Rock
|-damage|p1a: Blissey|536\/714|[from] Spikes
|move|p2a: Dragalge|Scald|p1a: Blissey
|-damage|p1a: Blissey|472\/714
|-status|p1a: Blissey|brn
|
|-heal|p1a: Blissey|516\/714 brn|[from] item: Leftovers
|-damage|p1a: Blissey|427\/714 brn|[from] brn
|turn|23
|
|switch|p2a: Alakazam|Alakazam, M|252\/252
|move|p1a: Blissey|Seismic Toss|p2a: Alakazam
|-damage|p2a: Alakazam|152\/252
|
|-heal|p1a: Blissey|471\/714 brn|[from] item: Leftovers
|-damage|p1a: Blissey|382\/714 brn|[from] brn
|turn|24
|
|switch|p1a: Glalie|Glalie-Mega, F|211\/301
|-damage|p1a: Glalie|174\/301|[from] Spikes
|-damage|p1a: Glalie|99\/301|[from] Stealth Rock
|move|p2a: Alakazam|Trick|p1a: Glalie
|-fail|p1a: Glalie
|
|turn|25
|
|switch|p2a: Undine|Milotic, M, shiny|394\/394
|move|p1a: Glalie|Return|p2a: Undine
|-resisted|p2a: Undine
|-damage|p2a: Undine|298\/394
|
|-heal|p2a: Undine|322\/394|[from] item: Leftovers
|turn|26
|
|move|p1a: Glalie|Explosion|p2a: Undine
|-crit|p2a: Undine
|-resisted|p2a: Undine
|-damage|p2a: Undine|0 fnt
|faint|p1a: Glalie
|faint|p2a: Undine
|
|c|âCount Bleck|I hate when you cancel a move but it doesn't go through ;~~;
|
|switch|p2a: Alakazam|Alakazam, M|152\/252
|switch|p1a: Blissey|Blissey, F|382\/714
|-damage|p1a: Blissey|293\/714|[from] Stealth Rock
|-damage|p1a: Blissey|204\/714|[from] Spikes
|turn|27
|
|move|p2a: Alakazam|Trick|p1a: Blissey
|-activate|p2a: Alakazam|move: Trick|[of] p1a: Blissey
|-item|p1a: Blissey|Choice Scarf|[from] move: Trick
|-item|p2a: Alakazam|Leftovers|[from] move: Trick
|move|p1a: Blissey|Soft-Boiled|p1a: Blissey
|-heal|p1a: Blissey|561\/714
|
|-heal|p2a: Alakazam|167\/252|[from] item: Leftovers
|turn|28
|
|switch|p2a: Darmanitan|Darmanitan, F|235\/351
|move|p1a: Blissey|Soft-Boiled|p1a: Blissey
|-heal|p1a: Blissey|714\/714
|
|turn|29
|
|move|p2a: Darmanitan|Flare Blitz|p1a: Blissey
|-damage|p1a: Blissey|225\/714
|-damage|p2a: Darmanitan|74\/351|[from] recoil|[of] p1a: Blissey
|move|p1a: Blissey|Soft-Boiled|p1a: Blissey
|-heal|p1a: Blissey|582\/714
|
|turn|30
|
|switch|p2a: Glalie|Glalie-Mega, M|301\/301
|move|p1a: Blissey|Soft-Boiled|p1a: Blissey
|-heal|p1a: Blissey|714\/714
|
|turn|31
|
|switch|p1a: Bronzong|Bronzong|307\/338
|-damage|p1a: Bronzong|286\/338|[from] Stealth Rock
|move|p2a: Glalie|Double-Edge|p1a: Bronzong
|-resisted|p1a: Bronzong
|-damage|p1a: Bronzong|190\/338
|-damage|p2a: Glalie|269\/301|[from] recoil|[of] p1a: Bronzong
|
|-heal|p1a: Bronzong|211\/338|[from] item: Leftovers
|turn|32
|
|switch|p2a: Dragalge|Dragalge, F|137\/321
|move|p1a: Bronzong|Stealth Rock|p2a: Dragalge
|-sidestart|p2: Count Bleck|move: Stealth Rock
|
|-heal|p1a: Bronzong|232\/338|[from] item: Leftovers
|turn|33
|
|switch|p1a: Blissey|Blissey, F|714\/714
|-damage|p1a: Blissey|625\/714|[from] Spikes
|-damage|p1a: Blissey|536\/714|[from] Stealth Rock
|move|p2a: Dragalge|Scald|p1a: Blissey
|-damage|p1a: Blissey|467\/714
|
|turn|34
|
|move|p1a: Blissey|Seismic Toss|p2a: Dragalge
|-damage|p2a: Dragalge|37\/321
|move|p2a: Dragalge|Sludge Wave|p1a: Blissey
|-damage|p1a: Blissey|309\/714
|
|turn|35
|
|move|p1a: Blissey|Seismic Toss|p2a: Dragalge
|-damage|p2a: Dragalge|0 fnt
|faint|p2a: Dragalge
|
|
|switch|p2a: Glalie|Glalie-Mega, M|269\/301
|-damage|p2a: Glalie|194\/301|[from] Stealth Rock
|turn|36
|
|move|p2a: Glalie|Double-Edge|p1a: Blissey
|-damage|p1a: Blissey|0 fnt
|-damage|p2a: Glalie|92\/301|[from] recoil|[of] p1a: Blissey
|faint|p1a: Blissey
|
|
|switch|p1a: Bronzong|Bronzong|232\/338
|-damage|p1a: Bronzong|211\/338|[from] Stealth Rock
|turn|37
|
|move|p2a: Glalie|Explosion|p1a: Bronzong
|-resisted|p1a: Bronzong
|-damage|p1a: Bronzong|5\/338
|faint|p2a: Glalie
|move|p1a: Bronzong|Iron Head|p2: Glalie|[notarget]
|-notarget
|
|-heal|p1a: Bronzong|26\/338|[from] item: Leftovers
|
|switch|p2a: Alakazam|Alakazam, M|167\/252
|turn|38
|
|move|p2a: Alakazam|Psychic|p1a: Bronzong
|-resisted|p1a: Bronzong
|-damage|p1a: Bronzong|0 fnt
|faint|p1a: Bronzong
|
|-heal|p2a: Alakazam|182\/252|[from] item: Leftovers
|
|switch|p1a: Virizion|Virizion|264\/324
|-damage|p1a: Virizion|224\/324|[from] Spikes
|-damage|p1a: Virizion|204\/324|[from] Stealth Rock
|turn|39
|
|move|p2a: Alakazam|Psychic|p1a: Virizion
|-crit|p1a: Virizion
|-supereffective|p1a: Virizion
|-damage|p1a: Virizion|0 fnt
|faint|p1a: Virizion
|
|win|Count Bleck
|c|âCount Bleck|GG