|join|omegaW
|join|lolsidkwhatimdoing
|player|p1|omegaW|143
|player|p2|lolsidkwhatimdoing|183
|gametype|singles
|gen|6
|tier|UU
|rated
|rule|Sleep Clause Mod: Limit one foe put to sleep
|rule|Species Clause: Limit one of each PokÃ©mon
|rule|OHKO Clause: OHKO moves are banned
|rule|Moody Clause: Moody is banned
|rule|Evasion Moves Clause: Evasion moves are banned
|rule|Endless Battle Clause: Forcing endless battles is banned
|rule|HP Percentage Mod: HP is shown in percentages
|clearpoke
|poke|p1|Alomomola, M
|poke|p1|Glalie, M
|poke|p1|Blissey, F
|poke|p1|Virizion
|poke|p1|Crobat, F
|poke|p1|Bronzong
|poke|p2|Feraligatr, F
|poke|p2|Aggron, M
|poke|p2|Chandelure, M
|poke|p2|Tornadus, M
|poke|p2|Chesnaught, F
|poke|p2|Nidoking, M
|rule|Swagger Clause: Swagger is banned
|rule|Baton Pass Clause: Limit one PokÃ©mon knowing Baton Pass
|teampreview
|
|start
|switch|p1a: Glalie|Glalie, M|301\/301
|switch|p2a: Chesnaught|Chesnaught, F|380\/380
|turn|1
|
|detailschange|p1a: Glalie|Glalie-Mega, M
|message|Glalie has Mega Evolved into Mega Glalie!
|move|p1a: Glalie|Earthquake|p2a: Chesnaught
|-resisted|p2a: Chesnaught
|-damage|p2a: Chesnaught|343\/380
|move|p2a: Chesnaught|Spikes|p1a: Glalie
|-sidestart|p1: omegaW|Spikes
|
|turn|2
|
|move|p2a: Chesnaught|Spiky Shield|p2a: Chesnaught
|-singleturn|p2a: Chesnaught|move: Protect
|move|p1a: Glalie|Return|p2a: Chesnaught
|-activate|p2a: Chesnaught|move: Protect
|-damage|p1a: Glalie|264\/301|[from] Spiky Shield|[of] p2a: Chesnaught
|
|turn|3
|
|switch|p2a: Aggron|Aggron, M|344\/344
|move|p1a: Glalie|Return|p2a: Aggron
|-resisted|p2a: Aggron
|-damage|p2a: Aggron|278\/344
|
|turn|4
|
|switch|p1a: The Bro|Crobat, F|374\/374
|detailschange|p2a: Aggron|Aggron-Mega, M
|message|Aggron has Mega Evolved into Mega Aggron!
|move|p2a: Aggron|Roar|p1a: The Bro
|drag|p1a: Blissey|Blissey, F|714\/714
|-damage|p1a: Blissey|625\/714|[from] Spikes
|
|-heal|p1a: Blissey|669\/714|[from] item: Leftovers
|turn|5
|
|switch|p1a: The Bro|Crobat, F|374\/374
|move|p2a: Aggron|Heavy Slam|p1a: The Bro
|-damage|p1a: The Bro|158\/374
|
|-heal|p1a: The Bro|181\/374|[from] item: Black Sludge
|turn|6
|
|move|p1a: The Bro|Roost|p1a: The Bro
|-heal|p1a: The Bro|368\/374
|move|p2a: Aggron|Heavy Slam|p1a: The Bro
|-damage|p1a: The Bro|152\/374
|
|-heal|p1a: The Bro|175\/374|[from] item: Black Sludge
|turn|7
|
|switch|p1a: Alomomola|Alomomola, M|534\/534
|-damage|p1a: Alomomola|468\/534|[from] Spikes
|move|p2a: Aggron|Heavy Slam|p1a: Alomomola
|-resisted|p1a: Alomomola
|-damage|p1a: Alomomola|388\/534
|-damage|p2a: Aggron|221\/344|[from] item: Rocky Helmet|[of] p1a: Alomomola
|
|turn|8
|
|switch|p2a: Chesnaught|Chesnaught, F|343\/380
|move|p1a: Alomomola|Wish|p1a: Alomomola
|
|turn|9
|
|switch|p1a: The Bro|Crobat, F|175\/374
|move|p2a: Chesnaught|Roar|p1a: The Bro
|drag|p1a: Glalie|Glalie-Mega, M|264\/301
|-damage|p1a: Glalie|227\/301|[from] Spikes
|
|-heal|p1a: Glalie|301\/301|[from] move: Wish|[wisher] Alomomola
|turn|10
|c|âlolsidkwhatimdoing|god damnit
|
|switch|p2a: Aggron|Aggron-Mega, M|221\/344
|move|p1a: Glalie|Earthquake|p2a: Aggron
|-supereffective|p2a: Aggron
|-damage|p2a: Aggron|146\/344
|
|turn|11
|
|switch|p1a: The Bro|Crobat, F|175\/374
|move|p2a: Aggron|Heavy Slam|p1a: The Bro
|-damage|p1a: The Bro|0 fnt
|faint|p1a: The Bro
|
|
|switch|p1a: Bronzong|Bronzong|338\/338
|turn|12
|
|switch|p2a: Chandelure|Chandelure, M|323\/323
|move|p1a: Bronzong|Stealth Rock|p2a: Chandelure
|-sidestart|p2: lolsidkwhatimdoing|move: Stealth Rock
|
|turn|13
|
|switch|p1a: Blissey|Blissey, F|669\/714
|-damage|p1a: Blissey|580\/714|[from] Spikes
|move|p2a: Chandelure|Substitute|p2a: Chandelure
|-start|p2a: Chandelure|Substitute
|-damage|p2a: Chandelure|243\/323
|
|-heal|p2a: Chandelure|263\/323|[from] item: Leftovers
|-heal|p1a: Blissey|624\/714|[from] item: Leftovers
|turn|14
|
|move|p2a: Chandelure|Calm Mind|p2a: Chandelure
|-boost|p2a: Chandelure|spa|1
|-boost|p2a: Chandelure|spd|1
|move|p1a: Blissey|Seismic Toss|p2a: Chandelure
|-immune|p2a: Chandelure|[msg]
|
|-heal|p2a: Chandelure|283\/323|[from] item: Leftovers
|-heal|p1a: Blissey|668\/714|[from] item: Leftovers
|turn|15
|
|switch|p1a: Virizion|Virizion|324\/324
|-damage|p1a: Virizion|284\/324|[from] Spikes
|move|p2a: Chandelure|Calm Mind|p2a: Chandelure
|-boost|p2a: Chandelure|spa|1
|-boost|p2a: Chandelure|spd|1
|
|-heal|p2a: Chandelure|303\/323|[from] item: Leftovers
|turn|16
|
|move|p1a: Virizion|Stone Edge|p2a: Chandelure
|-supereffective|p2a: Chandelure
|-end|p2a: Chandelure|Substitute
|move|p2a: Chandelure|Fire Blast|p1a: Virizion|[miss]
|-miss|p2a: Chandelure|p1a: Virizion
|
|-heal|p2a: Chandelure|323\/323|[from] item: Leftovers
|turn|17
|c|âlolsidkwhatimdoing|-__-
|
|move|p1a: Virizion|Stone Edge|p2a: Chandelure
|-supereffective|p2a: Chandelure
|-damage|p2a: Chandelure|113\/323
|move|p2a: Chandelure|Shadow Ball|p1a: Virizion
|-damage|p1a: Virizion|10\/324
|
|-heal|p2a: Chandelure|133\/323|[from] item: Leftovers
|turn|18
|c|âlolsidkwhatimdoing|****
|
|switch|p2a: Smogon-fag|Nidoking, M|304\/304
|-damage|p2a: Smogon-fag|285\/304|[from] Stealth Rock
|move|p1a: Virizion|Stone Edge|p2a: Smogon-fag
|-resisted|p2a: Smogon-fag
|-damage|p2a: Smogon-fag|230\/304
|
|turn|19
|
|move|p2a: Smogon-fag|Sludge Wave|p1a: Virizion
|-supereffective|p1a: Virizion
|-damage|p1a: Virizion|0 fnt
|faint|p1a: Virizion
|
|
|switch|p1a: Bronzong|Bronzong|338\/338
|turn|20
|
|switch|p2a: Chandelure|Chandelure, M|133\/323
|-damage|p2a: Chandelure|53\/323|[from] Stealth Rock
|move|p1a: Bronzong|Toxic|p2a: Chandelure
|-status|p2a: Chandelure|tox
|
|-heal|p2a: Chandelure|73\/323 tox|[from] item: Leftovers
|-damage|p2a: Chandelure|53\/323 tox|[from] psn
|turn|21
|
|switch|p1a: Blissey|Blissey, F|668\/714
|-damage|p1a: Blissey|579\/714|[from] Spikes
|move|p2a: Chandelure|Fire Blast|p1a: Blissey
|-damage|p1a: Blissey|402\/714
|
|-heal|p2a: Chandelure|73\/323 tox|[from] item: Leftovers
|-heal|p1a: Blissey|446\/714|[from] item: Leftovers
|-damage|p2a: Chandelure|33\/323 tox|[from] psn
|turn|22
|
|move|p2a: Chandelure|Fire Blast|p1a: Blissey
|-damage|p1a: Blissey|275\/714
|move|p1a: Blissey|Soft-Boiled|p1a: Blissey
|-heal|p1a: Blissey|632\/714
|
|-heal|p2a: Chandelure|53\/323 tox|[from] item: Leftovers
|-heal|p1a: Blissey|676\/714|[from] item: Leftovers
|-damage|p2a: Chandelure|0 fnt|[from] psn
|faint|p2a: Chandelure
|
|switch|p2a: Tornadus|Tornadus, M|300\/300
|-damage|p2a: Tornadus|225\/300|[from] Stealth Rock
|turn|23
|
|move|p2a: Tornadus|Substitute|p2a: Tornadus
|-start|p2a: Tornadus|Substitute
|-damage|p2a: Tornadus|150\/300
|move|p1a: Blissey|Toxic|p2a: Tornadus|[miss]
|-miss|p1a: Blissey|p2a: Tornadus
|
|-heal|p1a: Blissey|714\/714|[from] item: Leftovers
|turn|24
|
|move|p2a: Tornadus|Superpower|p1a: Blissey
|-crit|p1a: Blissey
|-supereffective|p1a: Blissey
|-damage|p1a: Blissey|0 fnt
|-unboost|p2a: Tornadus|atk|1
|-unboost|p2a: Tornadus|def|1
|faint|p1a: Blissey
|
|
|switch|p1a: Bronzong|Bronzong|338\/338
|turn|25
|
|move|p2a: Tornadus|Knock Off|p1a: Bronzong
|-supereffective|p1a: Bronzong
|-damage|p1a: Bronzong|244\/338
|-enditem|p1a: Bronzong|Leftovers|[from] move: Knock Off|[of] p2a: Tornadus
|move|p1a: Bronzong|Iron Head|p2a: Tornadus
|-end|p2a: Tornadus|Substitute
|
|turn|26
|
|switch|p2a: Chesnaught|Chesnaught, F|343\/380
|-damage|p2a: Chesnaught|320\/380|[from] Stealth Rock
|move|p1a: Bronzong|Iron Head|p2a: Chesnaught
|-damage|p2a: Chesnaught|265\/380
|-damage|p1a: Bronzong|188\/338|[from] item: Rocky Helmet|[of] p2a: Chesnaught
|
|turn|27
|
|move|p2a: Chesnaught|Spikes|p1a: Bronzong
|-sidestart|p1: omegaW|Spikes
|move|p1a: Bronzong|Toxic|p2a: Chesnaught
|-status|p2a: Chesnaught|tox
|
|-damage|p2a: Chesnaught|242\/380 tox|[from] psn
|turn|28
|
|switch|p1a: Glalie|Glalie-Mega, M|301\/301
|-damage|p1a: Glalie|251\/301|[from] Spikes
|move|p2a: Chesnaught|Spikes|p1a: Glalie
|-sidestart|p1: omegaW|Spikes
|
|-damage|p2a: Chesnaught|196\/380 tox|[from] psn
|turn|29
|
|move|p2a: Chesnaught|Spiky Shield|p2a: Chesnaught
|-singleturn|p2a: Chesnaught|move: Protect
|move|p1a: Glalie|Return|p2a: Chesnaught
|-activate|p2a: Chesnaught|move: Protect
|-damage|p1a: Glalie|214\/301|[from] Spiky Shield|[of] p2a: Chesnaught
|
|-damage|p2a: Chesnaught|127\/380 tox|[from] psn
|turn|30
|
|move|p1a: Glalie|Return|p2a: Chesnaught
|-supereffective|p2a: Chesnaught
|-damage|p2a: Chesnaught|0 fnt
|-damage|p1a: Glalie|164\/301|[from] item: Rocky Helmet|[of] p2a: Chesnaught
|faint|p2a: Chesnaught
|
|
|switch|p2a: Aggron|Aggron-Mega, M|146\/344
|-damage|p2a: Aggron|125\/344|[from] Stealth Rock
|turn|31
|
|switch|p1a: Alomomola|Alomomola, M|534\/534
|-damage|p1a: Alomomola|401\/534|[from] Spikes
|move|p2a: Aggron|Rest|p2a: Aggron
|-status|p2a: Aggron|slp
|-heal|p2a: Aggron|344\/344 slp|[silent]
|-status|p2a: Aggron|slp|[from] move: Rest
|
|turn|32
|
|move|p1a: Alomomola|Wish|p1a: Alomomola
|cant|p2a: Aggron|slp
|move|p2a: Aggron|Sleep Talk|p2a: Aggron
|move|p2a: Aggron|Heavy Slam|p1a: Alomomola|[from]Sleep Talk
|-resisted|p1a: Alomomola
|-damage|p1a: Alomomola|328\/534
|-damage|p2a: Aggron|287\/344 slp|[from] item: Rocky Helmet|[of] p1a: Alomomola
|
|turn|33
|
|move|p1a: Alomomola|Scald|p2a: Aggron
|-damage|p2a: Aggron|247\/344 slp
|cant|p2a: Aggron|slp
|move|p2a: Aggron|Sleep Talk|p2a: Aggron
|move|p2a: Aggron|Roar|p1a: Alomomola|[from]Sleep Talk
|drag|p1a: Bronzong|Bronzong|188\/338
|
|-heal|p1a: Bronzong|338\/338|[from] move: Wish|[wisher] Alomomola
|turn|34
|
|switch|p1a: Alomomola|Alomomola, M|506\/534
|-damage|p1a: Alomomola|373\/534|[from] Spikes
|-curestatus|p2a: Aggron|slp
|move|p2a: Aggron|Roar|p1a: Alomomola
|drag|p1a: Bronzong|Bronzong|338\/338
|
|turn|35
|
|move|p2a: Aggron|Heavy Slam|p1a: Bronzong
|-resisted|p1a: Bronzong
|-damage|p1a: Bronzong|305\/338
|move|p1a: Bronzong|Iron Head|p2a: Aggron
|-resisted|p2a: Aggron
|-damage|p2a: Aggron|226\/344
|
|turn|36
|
|move|p1a: Bronzong|Iron Head|p2a: Aggron
|-resisted|p2a: Aggron
|-damage|p2a: Aggron|207\/344
|cant|p2a: Aggron|flinch
|
|turn|37
|
|move|p1a: Bronzong|Iron Head|p2a: Aggron
|-resisted|p2a: Aggron
|-damage|p2a: Aggron|188\/344
|cant|p2a: Aggron|flinch
|
|turn|38
|
|move|p1a: Bronzong|Iron Head|p2a: Aggron
|-crit|p2a: Aggron
|-resisted|p2a: Aggron
|-damage|p2a: Aggron|157\/344
|move|p2a: Aggron|Roar|p1a: Bronzong
|drag|p1a: Alomomola|Alomomola, M|534\/534
|-damage|p1a: Alomomola|401\/534|[from] Spikes
|
|turn|39
|
|move|p1a: Alomomola|Wish|p1a: Alomomola
|move|p2a: Aggron|Roar|p1a: Alomomola
|drag|p1a: Glalie|Glalie-Mega, M|164\/301
|-damage|p1a: Glalie|89\/301|[from] Spikes
|
|turn|40
|
|move|p1a: Glalie|Earthquake|p2a: Aggron
|-supereffective|p2a: Aggron
|-damage|p2a: Aggron|76\/344
|move|p2a: Aggron|Heavy Slam|p1a: Glalie
|-supereffective|p1a: Glalie
|-damage|p1a: Glalie|0 fnt
|faint|p1a: Glalie
|
|
|switch|p1a: Alomomola|Alomomola, M|534\/534
|-damage|p1a: Alomomola|401\/534|[from] Spikes
|turn|41
|
|move|p1a: Alomomola|Scald|p2a: Aggron
|-damage|p2a: Aggron|36\/344
|-status|p2a: Aggron|brn
|move|p2a: Aggron|Rest|p2a: Aggron
|-status|p2a: Aggron|slp
|-heal|p2a: Aggron|344\/344 slp|[silent]
|-status|p2a: Aggron|slp|[from] move: Rest
|
|turn|42
|
|move|p1a: Alomomola|Wish|p1a: Alomomola
|cant|p2a: Aggron|slp
|
|turn|43
|
|move|p1a: Alomomola|Scald|p2a: Aggron
|-damage|p2a: Aggron|307\/344 slp
|cant|p2a: Aggron|slp
|
|-heal|p1a: Alomomola|534\/534|[from] move: Wish|[wisher] Alomomola
|turn|44
|
|switch|p1a: Bronzong|Bronzong|305\/338
|-curestatus|p2a: Aggron|slp
|move|p2a: Aggron|Heavy Slam|p1a: Bronzong
|-resisted|p1a: Bronzong
|-damage|p1a: Bronzong|275\/338
|
|turn|45
|
|move|p2a: Aggron|Heavy Slam|p1a: Bronzong
|-resisted|p1a: Bronzong
|-damage|p1a: Bronzong|245\/338
|move|p1a: Bronzong|Rock Tomb|p2a: Aggron
|-resisted|p2a: Aggron
|-damage|p2a: Aggron|297\/344
|-unboost|p2a: Aggron|spe|1
|
|turn|46
|
|switch|p1a: Alomomola|Alomomola, M|534\/534
|-damage|p1a: Alomomola|401\/534|[from] Spikes
|move|p2a: Aggron|Heavy Slam|p1a: Alomomola
|-resisted|p1a: Alomomola
|-damage|p1a: Alomomola|326\/534
|-damage|p2a: Aggron|240\/344|[from] item: Rocky Helmet|[of] p1a: Alomomola
|
|turn|47
|
|move|p1a: Alomomola|Wish|p1a: Alomomola
|move|p2a: Aggron|Roar|p1a: Alomomola
|drag|p1a: Bronzong|Bronzong|245\/338
|
|turn|48
|
|switch|p1a: Alomomola|Alomomola, M|504\/534
|-damage|p1a: Alomomola|371\/534|[from] Spikes
|move|p2a: Aggron|Roar|p1a: Alomomola
|drag|p1a: Bronzong|Bronzong|245\/338
|
|-heal|p1a: Bronzong|338\/338|[from] move: Wish|[wisher] Alomomola
|turn|49
|
|switch|p1a: Alomomola|Alomomola, M|534\/534
|-damage|p1a: Alomomola|401\/534|[from] Spikes
|switch|p2a: Karen-fag|Feraligatr, F|369\/369
|-damage|p2a: Karen-fag|323\/369|[from] Stealth Rock
|
|turn|50
|
|move|p2a: Karen-fag|Swords Dance|p2a: Karen-fag
|-boost|p2a: Karen-fag|atk|2
|move|p1a: Alomomola|Scald|p2a: Karen-fag
|-resisted|p2a: Karen-fag
|-damage|p2a: Karen-fag|294\/369
|
|turn|51
|
|move|p2a: Karen-fag|Earthquake|p1a: Alomomola
|-damage|p1a: Alomomola|153\/534
|-damage|p2a: Karen-fag|258\/369|[from] item: Life Orb
|move|p1a: Alomomola|Scald|p2a: Karen-fag
|-resisted|p2a: Karen-fag
|-damage|p2a: Karen-fag|233\/369
|
|turn|52
|
|move|p2a: Karen-fag|Earthquake|p1a: Alomomola
|-damage|p1a: Alomomola|0 fnt
|-damage|p2a: Karen-fag|197\/369|[from] item: Life Orb
|faint|p1a: Alomomola
|
|
|switch|p1a: Bronzong|Bronzong|338\/338
|turn|53
|
|move|p2a: Karen-fag|Swords Dance|p2a: Karen-fag
|-boost|p2a: Karen-fag|atk|2
|move|p1a: Bronzong|Toxic|p2a: Karen-fag
|-status|p2a: Karen-fag|tox
|
|-damage|p2a: Karen-fag|174\/369 tox|[from] psn
|turn|54
|
|move|p2a: Karen-fag|Aqua Jet|p1a: Bronzong
|-damage|p1a: Bronzong|166\/338
|-damage|p2a: Karen-fag|138\/369 tox|[from] item: Life Orb
|move|p1a: Bronzong|Iron Head|p2a: Karen-fag
|-resisted|p2a: Karen-fag
|-damage|p2a: Karen-fag|96\/369 tox
|
|-damage|p2a: Karen-fag|50\/369 tox|[from] psn
|turn|55
|
|move|p2a: Karen-fag|Aqua Jet|p1a: Bronzong
|-damage|p1a: Bronzong|0 fnt
|-damage|p2a: Karen-fag|14\/369 tox|[from] item: Life Orb
|faint|p1a: Bronzong
|
|win|lolsidkwhatimdoing
|raw|Ladder updating...
|c|âlolsidkwhatimdoing|gg
|raw|omegaW's rating: 1446 &rarr; <strong>1421<\/strong><br \/>(-25 for losing)
|raw|lolsidkwhatimdoing's rating: 1358 &rarr; <strong>1383<\/strong><br \/>(+25 for winning)
|leave|omegaW
|player|p1