|join|OmegaW
|join|Dudeman130498
|player|p1|OmegaW|143
|player|p2|Dudeman130498|171
|gametype|singles
|gen|6
|tier|UU
|rule|Sleep Clause Mod: Limit one foe put to sleep
|rule|Species Clause: Limit one of each PokÃ©mon
|rule|OHKO Clause: OHKO moves are banned
|rule|Moody Clause: Moody is banned
|rule|Evasion Moves Clause: Evasion moves are banned
|rule|Endless Battle Clause: Forcing endless battles is banned
|rule|HP Percentage Mod: HP is shown in percentages
|clearpoke
|poke|p1|Alomomola, F
|poke|p1|Diancie
|poke|p1|Blissey, F
|poke|p1|Virizion
|poke|p1|Crobat, F
|poke|p1|Bronzong
|poke|p2|Slowking, F
|poke|p2|Diancie
|poke|p2|Cofagrigus, M
|poke|p2|Rhyperior, F
|poke|p2|Escavalier, M
|poke|p2|Omastar, F
|rule|Swagger Clause: Swagger is banned
|rule|Baton Pass Clause: Limit one PokÃ©mon knowing Baton Pass
|teampreview
|join|Tipsy Russian
|join|DrReuniclus3
|join|thunderkid blitz
|join|DatLatias
|c|âOmegaW|Hi again lol
|c|âDudeman130498|hi
|c|âOmegaW|gl hf
|
|start
|switch|p1a: Virizion|Virizion|324\/324
|switch|p2a: 'SMASHING'|Omastar, F|281\/281
|turn|1
|
|switch|p2a: 'RESIST'|Escavalier, M|344\/344
|move|p1a: Virizion|Leaf Blade|p2a: 'RESIST'
|-resisted|p2a: 'RESIST'
|-damage|p2a: 'RESIST'|313\/344
|
|turn|2
|
|switch|p1a: Alomomola|Alomomola, F|534\/534
|move|p2a: 'RESIST'|Megahorn|p1a: Alomomola
|-damage|p1a: Alomomola|236\/534
|-damage|p2a: 'RESIST'|256\/344|[from] item: Rocky Helmet|[of] p1a: Alomomola
|
|turn|3
|
|switch|p1a: The Bro|Crobat, F|374\/374
|switch|p2a: 'SMASHING'|Omastar, F|281\/281
|
|turn|4
|
|move|p1a: The Bro|U-turn|p2a: 'SMASHING'
|-crit|p2a: 'SMASHING'
|-damage|p2a: 'SMASHING'|216\/281
|-boost|p2a: 'SMASHING'|spe|1|[from] ability: Weak Armor
|-unboost|p2a: 'SMASHING'|def|1|[from] ability: Weak Armor
|
|switch|p1a: Virizion|Virizion|324\/324
|move|p2a: 'SMASHING'|Stealth Rock|p1a: Virizion
|-sidestart|p1: OmegaW|move: Stealth Rock
|
|turn|5
|
|switch|p2a: 'FORRETRESS'|Cofagrigus, M|320\/320
|move|p1a: Virizion|Close Combat|p2a: 'FORRETRESS'
|-immune|p2a: 'FORRETRESS'|[msg]
|
|turn|6
|
|switch|p1a: Blissey|Blissey, F|714\/714
|-damage|p1a: Blissey|625\/714|[from] Stealth Rock
|move|p2a: 'FORRETRESS'|Nasty Plot|p2a: 'FORRETRESS'
|-boost|p2a: 'FORRETRESS'|spa|2
|
|-heal|p1a: Blissey|669\/714|[from] item: Leftovers
|turn|7
|join|Duskt70
|
|switch|p2a: 'RESIST'|Escavalier, M|256\/344
|move|p1a: Blissey|Toxic|p2a: 'RESIST'
|-fail|p2a: 'RESIST'
|
|-heal|p1a: Blissey|713\/714|[from] item: Leftovers
|turn|8
|
|switch|p1a: The Bro|Crobat, F|374\/374
|-damage|p1a: The Bro|281\/374|[from] Stealth Rock
|move|p2a: 'RESIST'|Megahorn|p1a: The Bro
|-resisted|p1a: The Bro
|-damage|p1a: The Bro|169\/374
|
|-heal|p1a: The Bro|192\/374|[from] item: Black Sludge
|turn|9
|
|move|p1a: The Bro|Roost|p1a: The Bro
|-heal|p1a: The Bro|374\/374
|move|p2a: 'RESIST'|Megahorn|p1a: The Bro
|-resisted|p1a: The Bro
|-damage|p1a: The Bro|142\/374
|
|-heal|p1a: The Bro|165\/374|[from] item: Black Sludge
|turn|10
|
|move|p1a: The Bro|Defog|p2a: 'RESIST'
|-unboost|p2a: 'RESIST'|evasion|1
|-sideend|p1: OmegaW|Stealth Rock|[from] move: Defog|[of] p1a: The Bro
|move|p2a: 'RESIST'|Megahorn|p1a: The Bro
|-resisted|p1a: The Bro
|-damage|p1a: The Bro|56\/374
|
|-heal|p1a: The Bro|79\/374|[from] item: Black Sludge
|turn|11
|c| Duskt70|"resist"
|join|LiberalLucario
|
|move|p1a: The Bro|Roost|p1a: The Bro
|-heal|p1a: The Bro|266\/374
|move|p2a: 'RESIST'|Megahorn|p1a: The Bro
|-resisted|p1a: The Bro
|-damage|p1a: The Bro|59\/374
|
|-heal|p1a: The Bro|82\/374|[from] item: Black Sludge
|turn|12
|
|move|p1a: The Bro|Roost|p1a: The Bro
|-heal|p1a: The Bro|269\/374
|move|p2a: 'RESIST'|Megahorn|p1a: The Bro
|-resisted|p1a: The Bro
|-damage|p1a: The Bro|50\/374
|
|-heal|p1a: The Bro|73\/374|[from] item: Black Sludge
|turn|13
|
|move|p1a: The Bro|Roost|p1a: The Bro
|-heal|p1a: The Bro|260\/374
|move|p2a: 'RESIST'|Megahorn|p1a: The Bro
|-resisted|p1a: The Bro
|-damage|p1a: The Bro|58\/374
|
|-heal|p1a: The Bro|81\/374|[from] item: Black Sludge
|turn|14
|join|Dad's Dad
|
|move|p1a: The Bro|Roost|p1a: The Bro
|-heal|p1a: The Bro|268\/374
|move|p2a: 'RESIST'|Megahorn|p1a: The Bro
|-resisted|p1a: The Bro
|-damage|p1a: The Bro|49\/374
|
|-heal|p1a: The Bro|72\/374|[from] item: Black Sludge
|turn|15
|join|Robofs740
|c| Dad's Dad|lol
|c|âOmegaW|;-;
|leave|Robofs740
|c| DatLatias|resist
|c|âOmegaW|band so op
|c| DatLatias|doesnt care
|
|switch|p2a: 'SMASHING'|Omastar, F|216\/281
|move|p1a: The Bro|Roost|p1a: The Bro
|-heal|p1a: The Bro|259\/374
|
|-heal|p1a: The Bro|282\/374|[from] item: Black Sludge
|turn|16
|
|move|p1a: The Bro|U-turn|p2a: 'SMASHING'
|-damage|p2a: 'SMASHING'|173\/281
|-boost|p2a: 'SMASHING'|spe|1|[from] ability: Weak Armor
|-unboost|p2a: 'SMASHING'|def|1|[from] ability: Weak Armor
|
|switch|p1a: Bronzong|Bronzong|338\/338
|move|p2a: 'SMASHING'|Stealth Rock|p1a: Bronzong
|-sidestart|p1: OmegaW|move: Stealth Rock
|
|turn|17
|
|switch|p2a: 'RESIST'|Escavalier, M|256\/344
|move|p1a: Bronzong|Stealth Rock|p2a: 'RESIST'
|-sidestart|p2: Dudeman130498|move: Stealth Rock
|
|turn|18
|
|move|p1a: Bronzong|Rock Tomb|p2a: 'RESIST'
|-damage|p2a: 'RESIST'|217\/344
|-unboost|p2a: 'RESIST'|spe|1
|move|p2a: 'RESIST'|Megahorn|p1a: Bronzong
|-damage|p1a: Bronzong|115\/338
|
|-heal|p1a: Bronzong|136\/338|[from] item: Leftovers
|turn|19
|
|move|p1a: Bronzong|Rock Tomb|p2a: 'RESIST'|[miss]
|-miss|p1a: Bronzong|p2a: 'RESIST'
|move|p2a: 'RESIST'|Megahorn|p1a: Bronzong
|-damage|p1a: Bronzong|0 fnt
|faint|p1a: Bronzong
|
|
|switch|p1a: The Bro|Crobat, F|282\/374
|-damage|p1a: The Bro|189\/374|[from] Stealth Rock
|turn|20
|
|move|p1a: The Bro|Roost|p1a: The Bro
|-heal|p1a: The Bro|374\/374
|move|p2a: 'RESIST'|Megahorn|p1a: The Bro
|-resisted|p1a: The Bro
|-damage|p1a: The Bro|167\/374
|
|-heal|p1a: The Bro|190\/374|[from] item: Black Sludge
|turn|21
|c| Duskt70|oh look
|c| Duskt70|this again
|c| DatLatias|epic
|
|switch|p2a: 'SMASHING'|Omastar, F|173\/281
|-damage|p2a: 'SMASHING'|138\/281|[from] Stealth Rock
|move|p1a: The Bro|Roost|p1a: The Bro
|-heal|p1a: The Bro|374\/374
|
|turn|22
|c| Duskt70|smashing match
|
|move|p1a: The Bro|U-turn|p2a: 'SMASHING'
|-damage|p2a: 'SMASHING'|92\/281
|-boost|p2a: 'SMASHING'|spe|1|[from] ability: Weak Armor
|-unboost|p2a: 'SMASHING'|def|1|[from] ability: Weak Armor
|
|switch|p1a: Blissey|Blissey, F|713\/714
|-damage|p1a: Blissey|624\/714|[from] Stealth Rock
|move|p2a: 'SMASHING'|Scald|p1a: Blissey
|-crit|p1a: Blissey
|-damage|p1a: Blissey|468\/714
|
|-heal|p1a: Blissey|512\/714|[from] item: Leftovers
|turn|23
|c| DatLatias|ez tspikes
|
|switch|p2a: 'FORRETRESS'|Cofagrigus, M|320\/320
|-damage|p2a: 'FORRETRESS'|280\/320|[from] Stealth Rock
|move|p1a: Blissey|Seismic Toss|p2a: 'FORRETRESS'
|-immune|p2a: 'FORRETRESS'|[msg]
|
|-heal|p1a: Blissey|556\/714|[from] item: Leftovers
|-heal|p2a: 'FORRETRESS'|300\/320|[from] item: Leftovers
|turn|24
|c| DatLatias|o
|c| DatLatias|r
|
|switch|p2a: 'RESIST'|Escavalier, M|217\/344
|-damage|p2a: 'RESIST'|174\/344|[from] Stealth Rock
|move|p1a: Blissey|Seismic Toss|p2a: 'RESIST'
|-damage|p2a: 'RESIST'|74\/344
|
|-heal|p1a: Blissey|600\/714|[from] item: Leftovers
|turn|25
|c|âDudeman130498|oh
|c|âDudeman130498|fuck
|
|switch|p2a: 'FORRETRESS'|Cofagrigus, M|300\/320
|-damage|p2a: 'FORRETRESS'|260\/320|[from] Stealth Rock
|move|p1a: Blissey|Seismic Toss|p2a: 'FORRETRESS'
|-immune|p2a: 'FORRETRESS'|[msg]
|
|-heal|p1a: Blissey|644\/714|[from] item: Leftovers
|-heal|p2a: 'FORRETRESS'|280\/320|[from] item: Leftovers
|turn|26
|
|move|p1a: Blissey|Toxic|p2a: 'FORRETRESS'
|-status|p2a: 'FORRETRESS'|tox
|move|p2a: 'FORRETRESS'|Trick Room|p2a: 'FORRETRESS'
|-fieldstart|move: Trick Room|[of] p2a: 'FORRETRESS'
|
|-heal|p2a: 'FORRETRESS'|300\/320 tox|[from] item: Leftovers
|-heal|p1a: Blissey|688\/714|[from] item: Leftovers
|-damage|p2a: 'FORRETRESS'|280\/320 tox|[from] psn
|turn|27
|c| DatLatias|xD
|
|switch|p2a: 'COUNTER'|Rhyperior, F|434\/434
|-damage|p2a: 'COUNTER'|407\/434|[from] Stealth Rock
|move|p1a: Blissey|Seismic Toss|p2a: 'COUNTER'
|-damage|p2a: 'COUNTER'|307\/434
|
|-heal|p1a: Blissey|714\/714|[from] item: Leftovers
|turn|28
|
|switch|p1a: Virizion|Virizion|324\/324
|-damage|p1a: Virizion|304\/324|[from] Stealth Rock
|move|p2a: 'COUNTER'|Swords Dance|p2a: 'COUNTER'
|-boost|p2a: 'COUNTER'|atk|2
|
|turn|29
|
|move|p2a: 'COUNTER'|Ice Punch|p1a: Virizion
|-supereffective|p1a: Virizion
|-damage|p1a: Virizion|0 fnt
|-damage|p2a: 'COUNTER'|264\/434|[from] item: Life Orb
|faint|p1a: Virizion
|
|
|switch|p1a: Alomomola|Alomomola, F|414\/534
|-damage|p1a: Alomomola|348\/534|[from] Stealth Rock
|turn|30
|c| Duskt70|holy
|c| Duskt70|lol
|
|move|p2a: 'COUNTER'|Earthquake|p1a: Alomomola
|-damage|p1a: Alomomola|0 fnt
|-damage|p2a: 'COUNTER'|221\/434|[from] item: Life Orb
|faint|p1a: Alomomola
|
|-fieldend|move: Trick Room
|join|xOutrageous
|c| DatLatias|kek
|
|switch|p1a: Diancie|Diancie|241\/241
|-damage|p1a: Diancie|211\/241|[from] Stealth Rock
|turn|31
|
|detailschange|p1a: Diancie|Diancie-Mega
|message|Diancie has Mega Evolved into Mega Diancie!
|move|p1a: Diancie|Earth Power|p2a: 'COUNTER'
|-supereffective|p2a: 'COUNTER'
|-damage|p2a: 'COUNTER'|0 fnt
|faint|p2a: 'COUNTER'
|
|
|switch|p2a: 'FORRETRESS'|Cofagrigus, M|280\/320 tox
|-damage|p2a: 'FORRETRESS'|240\/320 tox|[from] Stealth Rock
|turn|32
|
|move|p1a: Diancie|Moonblast|p2a: 'FORRETRESS'
|-damage|p2a: 'FORRETRESS'|20\/320 tox
|move|p2a: 'FORRETRESS'|Trick Room|p2a: 'FORRETRESS'
|-fieldstart|move: Trick Room|[of] p2a: 'FORRETRESS'
|
|-heal|p2a: 'FORRETRESS'|40\/320 tox|[from] item: Leftovers
|-damage|p2a: 'FORRETRESS'|20\/320 tox|[from] psn
|turn|33
|
|switch|p1a: Blissey|Blissey, F|714\/714
|-damage|p1a: Blissey|625\/714|[from] Stealth Rock
|move|p2a: 'FORRETRESS'|Shadow Ball|p1a: Blissey
|-immune|p1a: Blissey|[msg]
|
|-heal|p2a: 'FORRETRESS'|40\/320 tox|[from] item: Leftovers
|-heal|p1a: Blissey|669\/714|[from] item: Leftovers
|-damage|p2a: 'FORRETRESS'|0 fnt|[from] psn
|faint|p2a: 'FORRETRESS'
|
|switch|p2a: 'RESIST'|Escavalier, M|74\/344
|-damage|p2a: 'RESIST'|31\/344|[from] Stealth Rock
|turn|34
|
|move|p2a: 'RESIST'|Iron Head|p1a: Blissey
|-damage|p1a: Blissey|225\/714
|move|p1a: Blissey|Seismic Toss|p2a: 'RESIST'
|-damage|p2a: 'RESIST'|0 fnt
|faint|p2a: 'RESIST'
|
|-heal|p1a: Blissey|269\/714|[from] item: Leftovers
|
|switch|p2a: 'OFFENSE'|Diancie|241\/241
|-damage|p2a: 'OFFENSE'|211\/241|[from] Stealth Rock
|turn|35
|leave|Dad's Dad
|
|move|p2a: 'OFFENSE'|Diamond Storm|p1a: Blissey
|-damage|p1a: Blissey|0 fnt
|-damage|p2a: 'OFFENSE'|187\/241|[from] item: Life Orb
|faint|p1a: Blissey
|
|
|switch|p1a: The Bro|Crobat, F|374\/374
|-damage|p1a: The Bro|281\/374|[from] Stealth Rock
|turn|36
|join|EmagnX
|
|move|p2a: 'OFFENSE'|Earth Power|p1a: The Bro
|-immune|p1a: The Bro|[msg]
|move|p1a: The Bro|Brave Bird|p2a: 'OFFENSE'
|-resisted|p2a: 'OFFENSE'
|-damage|p2a: 'OFFENSE'|142\/241
|-damage|p1a: The Bro|266\/374|[from] recoil|[of] p2a: 'OFFENSE'
|
|-heal|p1a: The Bro|289\/374|[from] item: Black Sludge
|-fieldend|move: Trick Room
|turn|37
|
|move|p1a: The Bro|Brave Bird|p2a: 'OFFENSE'
|-resisted|p2a: 'OFFENSE'
|-damage|p2a: 'OFFENSE'|93\/241
|-damage|p1a: The Bro|273\/374|[from] recoil|[of] p2a: 'OFFENSE'
|move|p2a: 'OFFENSE'|Trick Room|p2a: 'OFFENSE'
|-fieldstart|move: Trick Room|[of] p2a: 'OFFENSE'
|
|-heal|p1a: The Bro|296\/374|[from] item: Black Sludge
|turn|38
|leave|xOutrageous
|
|move|p2a: 'OFFENSE'|Diamond Storm|p1a: The Bro
|-supereffective|p1a: The Bro
|-damage|p1a: The Bro|0 fnt
|-boost|p2a: 'OFFENSE'|def|1
|-damage|p2a: 'OFFENSE'|69\/241|[from] item: Life Orb
|faint|p1a: The Bro
|
|
|switch|p1a: Diancie|Diancie-Mega|211\/241
|-damage|p1a: Diancie|181\/241|[from] Stealth Rock
|turn|39
|c|âDudeman130498|are you proud of me latias bae
|c|âOmegaW|gg ;-;
|c|âDudeman130498|gg
|c| DatLatias|yes
|c| DatLatias|u did gud
|c|âOmegaW|trickroom UU op ;-;
|c|âDudeman130498|n_n
|join|PLOF
|c| DatLatias|n_
|c| DatLatias|n
|
|move|p2a: 'OFFENSE'|Earth Power|p1a: Diancie
|-crit|p1a: Diancie
|-supereffective|p1a: Diancie
|-damage|p1a: Diancie|0 fnt
|-damage|p2a: 'OFFENSE'|45\/241|[from] item: Life Orb
|faint|p1a: Diancie
|
|win|Dudeman130498
|leave|DatLatias