|join|Masochism
|join|omegaW
|player|p1|Masochism|167
|player|p2|omegaW|216
|gametype|singles
|gen|6
|tier|UU
|rated
|rule|Sleep Clause Mod: Limit one foe put to sleep
|rule|Species Clause: Limit one of each PokÃ©mon
|rule|OHKO Clause: OHKO moves are banned
|rule|Moody Clause: Moody is banned
|rule|Evasion Moves Clause: Evasion moves are banned
|rule|Endless Battle Clause: Forcing endless battles is banned
|rule|HP Percentage Mod: HP is shown in percentages
|clearpoke
|poke|p1|Jirachi
|poke|p1|Suicune
|poke|p1|Diancie
|poke|p1|Swampert, F
|poke|p1|Crobat, F
|poke|p1|Machamp, F
|poke|p2|Forretress, M
|poke|p2|Dragalge, M
|poke|p2|Blissey, F
|poke|p2|Absol, F
|poke|p2|Jellicent, F
|poke|p2|Aromatisse, M
|rule|Swagger Clause: Swagger is banned
|rule|Baton Pass Clause: Limit one PokÃ©mon knowing Baton Pass
|teampreview
|join|Truballer
|c| Truballer|Just wanted to say gg ;)
|leave|Truballer
|c|âomegaW|fuck you
|
|start
|switch|p1a: Machamp|Machamp, F|321\/321
|switch|p2a: Blissey|Blissey, F|714\/714
|turn|1
|
|move|p1a: Machamp|Knock Off|p2a: Blissey
|-damage|p2a: Blissey|376\/714
|-enditem|p2a: Blissey|Leftovers|[from] move: Knock Off|[of] p1a: Machamp
|move|p2a: Blissey|Counter|p1a: Machamp
|-damage|p1a: Machamp|0 fnt
|faint|p1a: Machamp
|
|c|âomegaW|and ye i predicted that
|
|switch|p1a: Swampert|Swampert, F|404\/404
|turn|2
|
|move|p2a: Blissey|Wish|p2a: Blissey
|move|p1a: Swampert|Earthquake|p2a: Blissey
|-damage|p2a: Blissey|126\/714
|
|turn|3
|
|move|p2a: Blissey|Protect|p2a: Blissey
|-singleturn|p2a: Blissey|Protect
|move|p1a: Swampert|Roar|p2a: Blissey
|drag|p2a: Forretress|Forretress, M|354\/354
|
|turn|4
|
|move|p1a: Swampert|Scald|p2a: Forretress
|-damage|p2a: Forretress|233\/354
|-status|p2a: Forretress|brn
|move|p2a: Forretress|Stealth Rock|p1a: Swampert
|-sidestart|p1: Masochism|move: Stealth Rock
|
|-heal|p2a: Forretress|255\/354 brn|[from] item: Leftovers
|-damage|p2a: Forretress|211\/354 brn|[from] brn
|turn|5
|
|switch|p2a: Jellicent|Jellicent, F|404\/404
|move|p1a: Swampert|Stealth Rock|p2a: Jellicent
|-sidestart|p2: omegaW|move: Stealth Rock
|
|turn|6
|
|switch|p1a: Suicune|Suicune|401\/401
|-damage|p1a: Suicune|351\/401|[from] Stealth Rock
|-ability|p1a: Suicune|Pressure
|move|p2a: Jellicent|Will-O-Wisp|p1a: Suicune
|-status|p1a: Suicune|brn
|
|-heal|p1a: Suicune|376\/401 brn|[from] item: Leftovers
|-damage|p1a: Suicune|326\/401 brn|[from] brn
|turn|7
|
|switch|p1a: Jirachi|Jirachi|341\/341
|-damage|p1a: Jirachi|320\/341|[from] Stealth Rock
|move|p2a: Jellicent|Taunt|p1a: Jirachi
|-start|p1a: Jirachi|move: Taunt
|
|turn|8
|
|switch|p2a: Forretress|Forretress, M|211\/354 brn
|-damage|p2a: Forretress|167\/354 brn|[from] Stealth Rock
|move|p1a: Jirachi|U-turn|p2a: Forretress
|-resisted|p2a: Forretress
|-damage|p2a: Forretress|147\/354 brn
|
|switch|p1a: Diancie|Diancie|241\/241
|-damage|p1a: Diancie|211\/241|[from] Stealth Rock
|
|-heal|p2a: Forretress|169\/354 brn|[from] item: Leftovers
|-damage|p2a: Forretress|125\/354 brn|[from] brn
|turn|9
|
|switch|p2a: Jellicent|Jellicent, F|404\/404
|-damage|p2a: Jellicent|354\/404|[from] Stealth Rock
|detailschange|p1a: Diancie|Diancie-Mega
|-mega|p1a: Diancie|Diancie|Diancite
|move|p1a: Diancie|Earth Power|p2a: Jellicent
|-damage|p2a: Jellicent|258\/404
|
|-heal|p2a: Jellicent|283\/404|[from] item: Leftovers
|turn|10
|
|move|p1a: Diancie|Diamond Storm|p2a: Jellicent
|-damage|p2a: Jellicent|31\/404
|move|p2a: Jellicent|Recover|p2a: Jellicent
|-heal|p2a: Jellicent|233\/404
|
|-heal|p2a: Jellicent|258\/404|[from] item: Leftovers
|turn|11
|
|move|p1a: Diancie|Diamond Storm|p2a: Jellicent
|-damage|p2a: Jellicent|6\/404
|move|p2a: Jellicent|Scald|p1a: Diancie
|-supereffective|p1a: Diancie
|-damage|p1a: Diancie|71\/241
|
|-heal|p2a: Jellicent|31\/404|[from] item: Leftovers
|turn|12
|
|switch|p2a: Aromatisse|Aromatisse, M|406\/406
|-damage|p2a: Aromatisse|356\/406|[from] Stealth Rock
|move|p1a: Diancie|Diamond Storm|p2a: Aromatisse
|-damage|p2a: Aromatisse|197\/406
|
|-heal|p2a: Aromatisse|222\/406|[from] item: Leftovers
|turn|13
|
|switch|p1a: Swampert|Swampert, F|404\/404
|-damage|p1a: Swampert|379\/404|[from] Stealth Rock
|move|p2a: Aromatisse|Protect|p2a: Aromatisse
|-fail|p2a: Aromatisse
|
|-heal|p1a: Swampert|404\/404|[from] item: Leftovers
|-heal|p2a: Aromatisse|247\/406|[from] item: Leftovers
|turn|14
|
|move|p1a: Swampert|Scald|p2a: Aromatisse
|-damage|p2a: Aromatisse|151\/406
|-status|p2a: Aromatisse|brn
|move|p2a: Aromatisse|Wish|p2a: Aromatisse
|
|-heal|p2a: Aromatisse|176\/406 brn|[from] item: Leftovers
|-damage|p2a: Aromatisse|126\/406 brn|[from] brn
|turn|15
|
|move|p1a: Swampert|Scald|p2a: Aromatisse
|-damage|p2a: Aromatisse|27\/406 brn
|move|p2a: Aromatisse|Aromatherapy|p2a: Aromatisse
|-cureteam|p2a: Aromatisse|[from] move: Aromatherapy
|
|-heal|p2a: Aromatisse|230\/406|[from] move: Wish|[wisher] Aromatisse
|-heal|p2a: Aromatisse|255\/406|[from] item: Leftovers
|turn|16
|
|move|p1a: Swampert|Scald|p2a: Aromatisse
|-damage|p2a: Aromatisse|170\/406
|move|p2a: Aromatisse|Wish|p2a: Aromatisse
|
|-heal|p2a: Aromatisse|195\/406|[from] item: Leftovers
|turn|17
|
|move|p1a: Swampert|Scald|p2a: Aromatisse
|-damage|p2a: Aromatisse|111\/406
|-status|p2a: Aromatisse|brn
|move|p2a: Aromatisse|Moonblast|p1a: Swampert
|-damage|p1a: Swampert|280\/404
|
|-heal|p2a: Aromatisse|314\/406 brn|[from] move: Wish|[wisher] Aromatisse
|-heal|p1a: Swampert|305\/404|[from] item: Leftovers
|-heal|p2a: Aromatisse|339\/406 brn|[from] item: Leftovers
|-damage|p2a: Aromatisse|289\/406 brn|[from] brn
|turn|18
|
|move|p1a: Swampert|Scald|p2a: Aromatisse
|-damage|p2a: Aromatisse|199\/406 brn
|move|p2a: Aromatisse|Aromatherapy|p2a: Aromatisse
|-cureteam|p2a: Aromatisse|[from] move: Aromatherapy
|
|-heal|p1a: Swampert|330\/404|[from] item: Leftovers
|-heal|p2a: Aromatisse|224\/406|[from] item: Leftovers
|turn|19
|
|move|p1a: Swampert|Scald|p2a: Aromatisse
|-damage|p2a: Aromatisse|136\/406
|move|p2a: Aromatisse|Wish|p2a: Aromatisse
|
|-heal|p1a: Swampert|355\/404|[from] item: Leftovers
|-heal|p2a: Aromatisse|161\/406|[from] item: Leftovers
|turn|20
|
|move|p1a: Swampert|Scald|p2a: Aromatisse
|-damage|p2a: Aromatisse|70\/406
|move|p2a: Aromatisse|Moonblast|p1a: Swampert
|-damage|p1a: Swampert|232\/404
|-unboost|p1a: Swampert|spa|1
|
|-heal|p2a: Aromatisse|273\/406|[from] move: Wish|[wisher] Aromatisse
|-heal|p1a: Swampert|257\/404|[from] item: Leftovers
|-heal|p2a: Aromatisse|298\/406|[from] item: Leftovers
|turn|21
|
|switch|p1a: Suicune|Suicune|326\/401 brn
|-damage|p1a: Suicune|276\/401 brn|[from] Stealth Rock
|-ability|p1a: Suicune|Pressure
|move|p2a: Aromatisse|Wish|p2a: Aromatisse
|
|-heal|p1a: Suicune|301\/401 brn|[from] item: Leftovers
|-heal|p2a: Aromatisse|323\/406|[from] item: Leftovers
|-damage|p1a: Suicune|251\/401 brn|[from] brn
|turn|22
|
|switch|p2a: Dragalge|Dragalge, M|334\/334
|-damage|p2a: Dragalge|293\/334|[from] Stealth Rock
|move|p1a: Suicune|Scald|p2a: Dragalge
|-crit|p2a: Dragalge
|-resisted|p2a: Dragalge
|-damage|p2a: Dragalge|253\/334
|
|-heal|p2a: Dragalge|334\/334|[from] move: Wish|[wisher] Aromatisse
|-heal|p1a: Suicune|276\/401 brn|[from] item: Leftovers
|-damage|p1a: Suicune|226\/401 brn|[from] brn
|turn|23
|
|move|p1a: Suicune|Rest|p1a: Suicune
|-status|p1a: Suicune|slp
|-heal|p1a: Suicune|401\/401 slp|[silent]
|-status|p1a: Suicune|slp|[from] move: Rest
|move|p2a: Dragalge|Draco Meteor|p1a: Suicune
|-damage|p1a: Suicune|225\/401 slp
|-unboost|p2a: Dragalge|spa|2
|
|-heal|p1a: Suicune|250\/401 slp|[from] item: Leftovers
|turn|24
|
|cant|p1a: Suicune|slp
|move|p1a: Suicune|Sleep Talk|p1a: Suicune
|move|p1a: Suicune|Calm Mind|p1a: Suicune|[from]Sleep Talk
|-boost|p1a: Suicune|spa|1
|-boost|p1a: Suicune|spd|1
|move|p2a: Dragalge|Dragon Tail|p1a: Suicune
|-damage|p1a: Suicune|198\/401 slp
|drag|p1a: Swampert|Swampert, F|257\/404
|-damage|p1a: Swampert|232\/404|[from] Stealth Rock
|
|-heal|p1a: Swampert|257\/404|[from] item: Leftovers
|turn|25
|
|switch|p2a: Aromatisse|Aromatisse, M|323\/406
|-damage|p2a: Aromatisse|273\/406|[from] Stealth Rock
|move|p1a: Swampert|Earthquake|p2a: Aromatisse
|-damage|p2a: Aromatisse|155\/406
|
|-heal|p1a: Swampert|282\/404|[from] item: Leftovers
|-heal|p2a: Aromatisse|180\/406|[from] item: Leftovers
|turn|26
|
|move|p2a: Aromatisse|Protect|p2a: Aromatisse
|-singleturn|p2a: Aromatisse|Protect
|move|p1a: Swampert|Roar|p2a: Aromatisse
|drag|p2a: Jellicent|Jellicent, F|31\/404
|-damage|p2a: Jellicent|0 fnt|[from] Stealth Rock
|faint|p2a: Jellicent
|
|-heal|p1a: Swampert|307\/404|[from] item: Leftovers
|c|âomegaW|ofc..
|
|switch|p2a: Absol|Absol, F|271\/271
|-damage|p2a: Absol|238\/271|[from] Stealth Rock
|turn|27
|
|detailschange|p2a: Absol|Absol-Mega, F
|-mega|p2a: Absol|Absol|Absolite
|move|p2a: Absol|Swords Dance|p2a: Absol
|-boost|p2a: Absol|atk|2
|move|p1a: Swampert|Scald|p2a: Absol
|-damage|p2a: Absol|124\/271
|-status|p2a: Absol|brn
|
|-heal|p1a: Swampert|332\/404|[from] item: Leftovers
|-damage|p2a: Absol|91\/271 brn|[from] brn
|turn|28
|c|âomegaW|why me....
|c|âMasochism|coz you stole my team
|c|âomegaW|3 battles in a row
|c|âomegaW|bob
|c|âomegaW|?
|c|âomegaW|you arent bob
|c|âMasochism|dont even know what i had before zyg dropped
|
|move|p2a: Absol|Knock Off|p1a: Swampert
|-damage|p1a: Swampert|179\/404
|-enditem|p1a: Swampert|Leftovers|[from] move: Knock Off|[of] p2a: Absol
|move|p1a: Swampert|Scald|p2a: Absol
|-damage|p2a: Absol|0 fnt
|faint|p2a: Absol
|
|c|âomegaW|quag
|
|switch|p2a: Dragalge|Dragalge, M|334\/334
|-damage|p2a: Dragalge|293\/334|[from] Stealth Rock
|turn|29
|
|move|p1a: Swampert|Earthquake|p2a: Dragalge
|-supereffective|p2a: Dragalge
|-damage|p2a: Dragalge|0 fnt
|faint|p2a: Dragalge
|
|
|switch|p2a: Aromatisse|Aromatisse, M|180\/406
|-damage|p2a: Aromatisse|130\/406|[from] Stealth Rock
|turn|30
|c|âMasochism|my jelli is phys def
|c|âomegaW|can you help me then plz cause absol
|c|âomegaW|isnt working
|
|move|p2a: Aromatisse|Wish|p2a: Aromatisse
|move|p1a: Swampert|Roar|p2a: Aromatisse
|drag|p2a: Forretress|Forretress, M|125\/354
|-damage|p2a: Forretress|81\/354|[from] Stealth Rock
|
|-heal|p2a: Forretress|103\/354|[from] item: Leftovers
|turn|31
|
|move|p1a: Swampert|Scald|p2a: Forretress
|-damage|p2a: Forretress|0 fnt
|faint|p2a: Forretress
|
|c|âomegaW|is this really bob?
|-message|omegaW forfeited.
|leave|omegaW
|
|win|Masochism
|raw|Ladder updating...
|player|p2
|raw|Masochism's rating: 1606 &rarr; <strong>1623<\/strong><br \/>(+17 for winning)
|raw|omegaW's rating: 1558 &rarr; <strong>1541<\/strong><br \/>(-17 for losing)
|join|omegaW