|join|omegaW
|join|anamchara
|player|p1|omegaW|216
|player|p2|anamchara|1
|gametype|singles
|gen|6
|tier|UU
|rated
|rule|Sleep Clause Mod: Limit one foe put to sleep
|rule|Species Clause: Limit one of each PokÃ©mon
|rule|OHKO Clause: OHKO moves are banned
|rule|Moody Clause: Moody is banned
|rule|Evasion Moves Clause: Evasion moves are banned
|rule|Endless Battle Clause: Forcing endless battles is banned
|rule|HP Percentage Mod: HP is shown in percentages
|clearpoke
|poke|p1|Aggron, F
|poke|p1|Blissey, F
|poke|p1|Alomomola, F
|poke|p1|Celebi
|poke|p1|Krookodile, M
|poke|p1|Crobat, M
|poke|p2|Azelf
|poke|p2|Arcanine, M
|poke|p2|Florges, F
|poke|p2|Honchkrow, M
|poke|p2|Nidoking, M
|poke|p2|Blastoise, F
|rule|Swagger Clause: Swagger is banned
|rule|Baton Pass Clause: Limit one PokÃ©mon knowing Baton Pass
|teampreview
|
|start
|switch|p1a: Aggron|Aggron, F|344\/344
|switch|p2a: Nidoking|Nidoking, M|303\/303
|turn|1
|
|switch|p1a: Blissey|Blissey, F|714\/714
|move|p2a: Nidoking|Stealth Rock|p1a: Blissey
|-sidestart|p1: omegaW|move: Stealth Rock
|
|turn|2
|
|switch|p2a: Azelf|Azelf|291\/291
|move|p1a: Blissey|Wish|p1a: Blissey
|
|turn|3
|
|switch|p1a: Aggron|Aggron, F|344\/344
|-damage|p1a: Aggron|323\/344|[from] Stealth Rock
|move|p2a: Azelf|Nasty Plot|p2a: Azelf
|-boost|p2a: Azelf|spa|2
|
|-heal|p1a: Aggron|344\/344|[from] move: Wish|[wisher] Blissey
|turn|4
|
|move|p2a: Azelf|Flamethrower|p1a: Aggron
|-damage|p1a: Aggron|18\/344
|move|p1a: Aggron|Heavy Slam|p2a: Azelf
|-damage|p2a: Azelf|77\/291
|
|turn|5
|
|move|p2a: Azelf|Flamethrower|p1a: Aggron
|-damage|p1a: Aggron|0 fnt
|faint|p1a: Aggron
|
|
|switch|p1a: Crobat|Crobat, M|374\/374
|-damage|p1a: Crobat|281\/374|[from] Stealth Rock
|turn|6
|
|switch|p2a: Arcanine|Arcanine, M|384\/384
|-ability|p2a: Arcanine|Intimidate|[of] p1a: Crobat
|-unboost|p1a: Crobat|atk|1
|move|p1a: Crobat|Brave Bird|p2a: Arcanine
|-damage|p2a: Arcanine|305\/384
|-damage|p1a: Crobat|219\/374|[from] item: Rocky Helmet|[of] p2a: Arcanine
|-damage|p1a: Crobat|193\/374|[from] recoil|[of] p2a: Arcanine
|
|-heal|p1a: Crobat|216\/374|[from] item: Black Sludge
|turn|7
|
|move|p1a: Crobat|Defog|p2a: Arcanine
|-unboost|p2a: Arcanine|evasion|1
|-sideend|p1: omegaW|Stealth Rock|[from] move: Defog|[of] p1a: Crobat
|move|p2a: Arcanine|Will-O-Wisp|p1a: Crobat
|-status|p1a: Crobat|brn
|
|-heal|p1a: Crobat|239\/374 brn|[from] item: Black Sludge
|-damage|p1a: Crobat|193\/374 brn|[from] brn
|turn|8
|
|switch|p1a: Blissey|Blissey, F|714\/714
|switch|p2a: Nidoking|Nidoking, M|303\/303
|
|turn|9
|
|move|p2a: Nidoking|Stealth Rock|p1a: Blissey
|-sidestart|p1: omegaW|move: Stealth Rock
|move|p1a: Blissey|Seismic Toss|p2a: Nidoking
|-damage|p2a: Nidoking|203\/303
|
|turn|10
|
|switch|p2a: Florges|Florges, F|360\/360
|move|p1a: Blissey|Seismic Toss|p2a: Florges
|-damage|p2a: Florges|260\/360
|
|-heal|p2a: Florges|282\/360|[from] item: Leftovers
|turn|11
|
|switch|p1a: Krookodile|Krookodile, M|331\/331
|-damage|p1a: Krookodile|311\/331|[from] Stealth Rock
|-ability|p1a: Krookodile|Intimidate|[of] p2a: Florges
|-unboost|p2a: Florges|atk|1
|move|p2a: Florges|Wish|p2a: Florges
|
|-heal|p2a: Florges|304\/360|[from] item: Leftovers
|turn|12
|
|move|p1a: Krookodile|Knock Off|p2a: Florges
|-crit|p2a: Florges
|-resisted|p2a: Florges
|-damage|p2a: Florges|166\/360
|-enditem|p2a: Florges|Leftovers|[from] move: Knock Off|[of] p1a: Krookodile
|-damage|p1a: Krookodile|278\/331|[from] item: Life Orb
|move|p2a: Florges|Moonblast|p1a: Krookodile
|-supereffective|p1a: Krookodile
|-damage|p1a: Krookodile|0 fnt
|faint|p1a: Krookodile
|
|-heal|p2a: Florges|346\/360|[from] move: Wish|[wisher] Florges
|-message|omegaW forfeited.
|
|win|anamchara
|raw|Ladder updating...
|leave|omegaW
|player|p1
|raw|omegaW's rating: 1497 &rarr; <strong>1467<\/strong><br \/>(-30 for losing)
|raw|anamchara's rating: 1314 &rarr; <strong>1343<\/strong><br \/>(+29 for winning)