|join|Luka Pucko
|join|mikv
|player|p1|Luka Pucko|190
|player|p2|mikv|101
|gametype|singles
|gen|6
|tier|UU
|rule|Sleep Clause Mod: Limit one foe put to sleep
|rule|Species Clause: Limit one of each PokÃ©mon
|rule|OHKO Clause: OHKO moves are banned
|rule|Moody Clause: Moody is banned
|rule|Evasion Moves Clause: Evasion moves are banned
|rule|Endless Battle Clause: Forcing endless battles is banned
|rule|HP Percentage Mod: HP is shown in percentages
|clearpoke
|poke|p1|Aggron, M
|poke|p1|Blissey, F
|poke|p1|Alomomola, F
|poke|p1|Celebi
|poke|p1|Krookodile, F
|poke|p1|Crobat, M
|poke|p2|Medicham, M
|poke|p2|Darmanitan, F
|poke|p2|Suicune
|poke|p2|Forretress, F
|poke|p2|Espeon, M
|poke|p2|Haxorus, F
|rule|Swagger Clause: Swagger is banned
|rule|Baton Pass Clause: Limit one PokÃ©mon knowing Baton Pass
|teampreview
|join|tyler73
|
|start
|switch|p1a: Krookodile|Krookodile, F|331\/331
|switch|p2a: Suicune|Suicune|404\/404
|-ability|p1a: Krookodile|Intimidate|[of] p2a: Suicune
|-unboost|p2a: Suicune|atk|1
|-ability|p2a: Suicune|Pressure
|turn|1
|
|switch|p1a: Celebi|Celebi|404\/404
|move|p2a: Suicune|Calm Mind|p2a: Suicune
|-boost|p2a: Suicune|spa|1
|-boost|p2a: Suicune|spd|1
|
|turn|2
|join|Cheek Pouch
|join|Naruto(sage)
|
|move|p1a: Celebi|Perish Song|p1a: Celebi
|-fieldactivate|move: Perish Song
|move|p2a: Suicune|Calm Mind|p2a: Suicune
|-boost|p2a: Suicune|spa|1
|-boost|p2a: Suicune|spd|1
|
|-start|p1a: Celebi|perish3
|-start|p2a: Suicune|perish3
|turn|3
|leave|tyler73
|
|move|p1a: Celebi|Giga Drain|p2a: Suicune
|-crit|p2a: Suicune
|-supereffective|p2a: Suicune
|-damage|p2a: Suicune|158\/404
|move|p2a: Suicune|Scald|p1a: Celebi
|-resisted|p1a: Celebi
|-damage|p1a: Celebi|342\/404
|
|-start|p1a: Celebi|perish2
|-start|p2a: Suicune|perish2
|-heal|p1a: Celebi|367\/404|[from] item: Leftovers
|-heal|p2a: Suicune|183\/404|[from] item: Leftovers
|turn|4
|
|move|p1a: Celebi|Giga Drain|p2a: Suicune
|-supereffective|p2a: Suicune
|-damage|p2a: Suicune|105\/404
|-heal|p1a: Celebi|404\/404|[from] drain|[of] p2a: Suicune
|move|p2a: Suicune|Scald|p1a: Celebi
|-resisted|p1a: Celebi
|-damage|p1a: Celebi|338\/404
|-status|p1a: Celebi|brn
|
|-start|p1a: Celebi|perish1
|-start|p2a: Suicune|perish1
|-heal|p1a: Celebi|363\/404 brn|[from] item: Leftovers
|-heal|p2a: Suicune|130\/404|[from] item: Leftovers
|-damage|p1a: Celebi|313\/404 brn|[from] brn
|turn|5
|
|switch|p1a: Krookodile|Krookodile, F|331\/331
|-ability|p1a: Krookodile|Intimidate|[of] p2a: Suicune
|-unboost|p2a: Suicune|atk|1
|switch|p2a: Haxorus|Haxorus, F|293\/293
|-ability|p2a: Haxorus|Mold Breaker
|
|turn|6
|join|holagoku25
|
|move|p1a: Krookodile|Knock Off|p2a: Haxorus
|-damage|p2a: Haxorus|69\/293
|-enditem|p2a: Haxorus|Life Orb|[from] move: Knock Off|[of] p1a: Krookodile
|-damage|p1a: Krookodile|298\/331|[from] item: Life Orb
|move|p2a: Haxorus|Dragon Dance|p2a: Haxorus
|-boost|p2a: Haxorus|atk|1
|-boost|p2a: Haxorus|spe|1
|
|turn|7
|
|switch|p1a: Alomomola|Alomomola, F|533\/533
|move|p2a: Haxorus|Earthquake|p1a: Alomomola
|-damage|p1a: Alomomola|394\/533
|
|turn|8
|
|move|p2a: Haxorus|Outrage|p1a: Alomomola
|-damage|p1a: Alomomola|102\/533
|-damage|p2a: Haxorus|21\/293|[from] item: Rocky Helmet|[of] p1a: Alomomola
|move|p1a: Alomomola|Toxic|p2a: Haxorus
|-status|p2a: Haxorus|tox
|
|-damage|p2a: Haxorus|3\/293 tox|[from] psn
|turn|9
|
|switch|p1a: Aggron|Aggron, M|344\/344
|move|p2a: Haxorus|Outrage|p1a: Aggron
|-resisted|p1a: Aggron
|-damage|p1a: Aggron|268\/344
|
|-end|p2a: Haxorus|rampage
|-start|p2a: Haxorus|confusion
|-damage|p2a: Haxorus|0 fnt|[from] psn
|faint|p2a: Haxorus
|
|switch|p2a: Medicham|Medicham, M|261\/261
|turn|10
|
|switch|p1a: Crobat|Crobat, M|374\/374
|detailschange|p2a: Medicham|Medicham-Mega, M
|-mega|p2a: Medicham|Medicham|Medichamite
|move|p2a: Medicham|Ice Punch|p1a: Crobat
|-supereffective|p1a: Crobat
|-damage|p1a: Crobat|0 fnt
|faint|p1a: Crobat
|
|
|switch|p1a: Alomomola|Alomomola, F|279\/533
|turn|11
|
|move|p1a: Alomomola|Protect|p1a: Alomomola
|-singleturn|p1a: Alomomola|Protect
|move|p2a: Medicham|Zen Headbutt|p1a: Alomomola
|-activate|p1a: Alomomola|Protect
|
|turn|12
|
|move|p2a: Medicham|High Jump Kick|p1a: Alomomola|[miss]
|-miss|p2a: Medicham|p1a: Alomomola
|-damage|p2a: Medicham|131\/261|[from] highjumpkick
|move|p1a: Alomomola|Wish|p1a: Alomomola
|
|turn|13
|
|move|p1a: Alomomola|Protect|p1a: Alomomola
|-singleturn|p1a: Alomomola|Protect
|move|p2a: Medicham|Zen Headbutt|p1a: Alomomola
|-activate|p1a: Alomomola|Protect
|
|-heal|p1a: Alomomola|533\/533|[from] move: Wish|[wisher] Alomomola
|turn|14
|
|move|p2a: Medicham|High Jump Kick|p1a: Alomomola
|-damage|p1a: Alomomola|223\/533
|-damage|p2a: Medicham|88\/261|[from] item: Rocky Helmet|[of] p1a: Alomomola
|move|p1a: Alomomola|Wish|p1a: Alomomola
|
|turn|15
|c|âLuka Pucko|ok wtf UU council
|
|move|p1a: Alomomola|Protect|p1a: Alomomola
|-singleturn|p1a: Alomomola|Protect
|move|p2a: Medicham|Zen Headbutt|p1a: Alomomola
|-activate|p1a: Alomomola|Protect
|
|-heal|p1a: Alomomola|489\/533|[from] move: Wish|[wisher] Alomomola
|turn|16
|c|âLuka Pucko|why did you allow this monster
|
|move|p2a: Medicham|Zen Headbutt|p1a: Alomomola
|-damage|p1a: Alomomola|282\/533
|-damage|p2a: Medicham|45\/261|[from] item: Rocky Helmet|[of] p1a: Alomomola
|move|p1a: Alomomola|Wish|p1a: Alomomola
|
|turn|17
|c|âmikv|foreal
|
|switch|p2a: Espeon|Espeon, M|271\/271
|move|p1a: Alomomola|Protect|p1a: Alomomola
|-fail|p1a: Alomomola
|
|-heal|p1a: Alomomola|533\/533|[from] move: Wish|[wisher] Alomomola
|turn|18
|
|switch|p1a: Celebi|Celebi|313\/404
|move|p2a: Espeon|Psyshock|p1a: Celebi
|-resisted|p1a: Celebi
|-damage|p1a: Celebi|219\/404
|-damage|p2a: Espeon|244\/271|[from] item: Life Orb
|
|-heal|p1a: Celebi|244\/404|[from] item: Leftovers
|turn|19
|
|move|p2a: Espeon|Calm Mind|p2a: Espeon
|-boost|p2a: Espeon|spa|1
|-boost|p2a: Espeon|spd|1
|move|p1a: Celebi|Giga Drain|p2a: Espeon
|-damage|p2a: Espeon|184\/271
|-heal|p1a: Celebi|274\/404|[from] drain|[of] p2a: Espeon
|
|-heal|p1a: Celebi|299\/404|[from] item: Leftovers
|turn|20
|
|move|p2a: Espeon|Shadow Ball|p1a: Celebi
|-supereffective|p1a: Celebi
|-damage|p1a: Celebi|36\/404
|-damage|p2a: Espeon|157\/271|[from] item: Life Orb
|move|p1a: Celebi|Perish Song|p1a: Celebi
|-fieldactivate|move: Perish Song
|
|-start|p2a: Espeon|perish3
|-start|p1a: Celebi|perish3
|-heal|p1a: Celebi|61\/404|[from] item: Leftovers
|turn|21
|
|switch|p1a: Alomomola|Alomomola, F|533\/533
|move|p2a: Espeon|Psyshock|p1a: Alomomola
|-damage|p1a: Alomomola|319\/533
|-damage|p2a: Espeon|130\/271|[from] item: Life Orb
|
|-start|p2a: Espeon|perish2
|turn|22
|
|move|p2a: Espeon|Calm Mind|p2a: Espeon
|-boost|p2a: Espeon|spa|1
|-boost|p2a: Espeon|spd|1
|move|p1a: Alomomola|Wish|p1a: Alomomola
|
|-start|p2a: Espeon|perish1
|turn|23
|
|switch|p2a: Forretress|Forretress, F|354\/354
|switch|p1a: Celebi|Celebi|61\/404
|
|-heal|p1a: Celebi|327\/404|[from] move: Wish|[wisher] Alomomola
|-heal|p1a: Celebi|352\/404|[from] item: Leftovers
|turn|24
|leave|mikv
|player|p2
|leave|Cheek Pouch
|join|mikv
|player|p2|mikv|101
|join|manu 11
|c|âmikv|sorry computer lagged
|leave|manu 11
|c|âLuka Pucko|o
|
|switch|p1a: Krookodile|Krookodile, F|298\/331
|-ability|p1a: Krookodile|Intimidate|[of] p2a: Forretress
|-unboost|p2a: Forretress|atk|1
|move|p2a: Forretress|Toxic Spikes|p1a: Krookodile
|-sidestart|p1: Luka Pucko|move: Toxic Spikes
|
|turn|25
|
|move|p1a: Krookodile|Earthquake|p2a: Forretress
|-damage|p2a: Forretress|236\/354
|-damage|p1a: Krookodile|265\/331|[from] item: Life Orb
|move|p2a: Forretress|Stealth Rock|p1a: Krookodile
|-sidestart|p1: Luka Pucko|move: Stealth Rock
|
|-heal|p2a: Forretress|258\/354|[from] item: Leftovers
|turn|26
|
|move|p1a: Krookodile|Knock Off|p2a: Forretress
|-damage|p2a: Forretress|132\/354
|-enditem|p2a: Forretress|Leftovers|[from] move: Knock Off|[of] p1a: Krookodile
|-damage|p1a: Krookodile|232\/331|[from] item: Life Orb
|move|p2a: Forretress|Spikes|p1a: Krookodile
|-sidestart|p1: Luka Pucko|Spikes
|
|turn|27
|
|move|p1a: Krookodile|Earthquake|p2a: Forretress
|-damage|p2a: Forretress|11\/354
|-damage|p1a: Krookodile|199\/331|[from] item: Life Orb
|move|p2a: Forretress|Toxic Spikes|p1a: Krookodile
|-sidestart|p1: Luka Pucko|move: Toxic Spikes
|
|turn|28
|
|move|p1a: Krookodile|Knock Off|p2a: Forretress
|-damage|p2a: Forretress|0 fnt
|-damage|p1a: Krookodile|166\/331|[from] item: Life Orb
|faint|p2a: Forretress
|
|
|switch|p2a: Espeon|Espeon, M|130\/271
|turn|29
|
|move|p2a: Espeon|Dazzling Gleam|p1a: Krookodile
|-supereffective|p1a: Krookodile
|-damage|p1a: Krookodile|0 fnt
|-damage|p2a: Espeon|103\/271|[from] item: Life Orb
|faint|p1a: Krookodile
|
|
|switch|p1a: Aggron|Aggron, M|268\/344
|-damage|p1a: Aggron|247\/344|[from] Stealth Rock
|-damage|p1a: Aggron|204\/344|[from] Spikes
|turn|30
|
|detailschange|p1a: Aggron|Aggron-Mega, M
|-mega|p1a: Aggron|Aggron|Aggronite
|move|p2a: Espeon|Shadow Ball|p1a: Aggron
|-damage|p1a: Aggron|51\/344
|-damage|p2a: Espeon|76\/271|[from] item: Life Orb
|move|p1a: Aggron|Heavy Slam|p2a: Espeon
|-damage|p2a: Espeon|0 fnt
|faint|p2a: Espeon
|
|
|switch|p2a: Suicune|Suicune|130\/404
|-ability|p2a: Suicune|Pressure
|turn|31
|
|move|p2a: Suicune|Scald|p1a: Aggron
|-damage|p1a: Aggron|0 fnt
|faint|p1a: Aggron
|
|-heal|p2a: Suicune|155\/404|[from] item: Leftovers
|
|switch|p1a: Celebi|Celebi|352\/404
|-damage|p1a: Celebi|302\/404|[from] Stealth Rock
|-damage|p1a: Celebi|252\/404|[from] Spikes
|-status|p1a: Celebi|tox
|turn|32
|
|switch|p2a: Darmanitan|Darmanitan, F|351\/351
|move|p1a: Celebi|Giga Drain|p2a: Darmanitan
|-resisted|p2a: Darmanitan
|-damage|p2a: Darmanitan|279\/351
|-heal|p1a: Celebi|288\/404 tox|[from] drain|[of] p2a: Darmanitan
|
|-heal|p1a: Celebi|313\/404 tox|[from] item: Leftovers
|-damage|p1a: Celebi|288\/404 tox|[from] psn
|turn|33
|
|switch|p1a: Alomomola|Alomomola, F|496\/533
|-status|p1a: Alomomola|tox
|-damage|p1a: Alomomola|430\/533 tox|[from] Stealth Rock
|-damage|p1a: Alomomola|364\/533 tox|[from] Spikes
|move|p2a: Darmanitan|Superpower|p1a: Alomomola
|-damage|p1a: Alomomola|233\/533 tox
|-damage|p2a: Darmanitan|221\/351|[from] item: Rocky Helmet|[of] p1a: Alomomola
|-unboost|p2a: Darmanitan|atk|1
|-unboost|p2a: Darmanitan|def|1
|
|-damage|p1a: Alomomola|200\/533 tox|[from] psn
|turn|34
|
|switch|p2a: Medicham|Medicham-Mega, M|45\/261
|move|p1a: Alomomola|Wish|p1a: Alomomola
|
|-damage|p1a: Alomomola|134\/533 tox|[from] psn
|turn|35
|
|move|p1a: Alomomola|Protect|p1a: Alomomola
|-singleturn|p1a: Alomomola|Protect
|move|p2a: Medicham|Zen Headbutt|p1a: Alomomola
|-activate|p1a: Alomomola|Protect
|
|-heal|p1a: Alomomola|400\/533 tox|[from] move: Wish|[wisher] Alomomola
|-damage|p1a: Alomomola|301\/533 tox|[from] psn
|turn|36
|
|move|p2a: Medicham|High Jump Kick|p1a: Alomomola
|-damage|p1a: Alomomola|7\/533 tox
|-damage|p2a: Medicham|2\/261|[from] item: Rocky Helmet|[of] p1a: Alomomola
|move|p1a: Alomomola|Wish|p1a: Alomomola
|
|-damage|p1a: Alomomola|0 fnt|[from] psn
|faint|p1a: Alomomola
|
|switch|p1a: Blissey|Blissey, F|714\/714
|-status|p1a: Blissey|tox
|-damage|p1a: Blissey|625\/714 tox|[from] Spikes
|-damage|p1a: Blissey|536\/714 tox|[from] Stealth Rock
|turn|37
|
|move|p1a: Blissey|Protect|p1a: Blissey
|-singleturn|p1a: Blissey|Protect
|move|p2a: Medicham|Zen Headbutt|p1a: Blissey
|-activate|p1a: Blissey|Protect
|
|-heal|p1a: Blissey|714\/714 tox|[from] move: Wish|[wisher] Alomomola
|-damage|p1a: Blissey|670\/714 tox|[from] psn
|turn|38
|
|move|p2a: Medicham|High Jump Kick|p1a: Blissey
|-supereffective|p1a: Blissey
|-damage|p1a: Blissey|0 fnt
|faint|p1a: Blissey
|
|
|switch|p1a: Celebi|Celebi|288\/404
|-damage|p1a: Celebi|238\/404|[from] Stealth Rock
|-status|p1a: Celebi|tox
|-damage|p1a: Celebi|188\/404 tox|[from] Spikes
|turn|39
|c|âLuka Pucko|im gonna talk to king UU about this thing
|c|âLuka Pucko|he was so stupid with it
|
|move|p2a: Medicham|Ice Punch|p1a: Celebi
|-supereffective|p1a: Celebi
|-damage|p1a: Celebi|0 fnt
|faint|p1a: Celebi
|
|win|mikv
|c|âLuka Pucko|gg
|c|âmikv|gg
|leave|mikv
|player|p2
|leave|holagoku25
|player|p1|Guest 273496|190
|join|OmegaW
|player|p1|OmegaW|190
|leave|OmegaW
|player|p1