|join|yuna28
|join|EvansBlue
|player|p1|yuna28|192
|player|p2|EvansBlue|126
|gametype|singles
|gen|6
|tier|OU
|rated
|clearpoke
|poke|p1|Charizard, M
|poke|p1|Weavile, M, shiny
|poke|p1|Reuniclus, M
|poke|p1|Sylveon, F
|poke|p1|Gyarados, F, shiny
|poke|p1|Mew
|poke|p2|Breloom, M
|poke|p2|Slowbro, F
|poke|p2|Armaldo, F
|poke|p2|Raichu, M
|poke|p2|Infernape, M
|poke|p2|Slurpuff, M, shiny
|rule|Swagger Clause: Swagger is banned
|rule|Baton Pass Clause: Limit one PokÃ©mon knowing Baton Pass
|rule|Sleep Clause Mod: Limit one foe put to sleep
|rule|Species Clause: Limit one of each PokÃ©mon
|rule|OHKO Clause: OHKO moves are banned
|rule|Moody Clause: Moody is banned
|rule|Evasion Moves Clause: Evasion moves are banned
|rule|Endless Battle Clause: Forcing endless battles is banned
|rule|HP Percentage Mod: HP is shown in percentages
|teampreview
|
|start
|switch|p1a: Mew|Mew|404\/404
|switch|p2a: Armaldo|Armaldo, F|354\/354
|turn|1
|
|switch|p2a: Infernape|Infernape, M|293\/293
|move|p1a: Mew|Thunder Wave|p2a: Infernape
|-status|p2a: Infernape|par
|
|turn|2
|
|cant|p2a: Infernape|par
|move|p1a: Mew|Stealth Rock|p2a: Infernape
|-sidestart|p2: EvansBlue|move: Stealth Rock
|
|turn|3
|c|âyuna28|Why is Slurpluff OU?
|
|move|p1a: Mew|Drain Punch|p2a: Infernape
|-damage|p2a: Infernape|214\/293 par
|move|p2a: Infernape|Fire Punch|p1a: Mew
|-damage|p1a: Mew|283\/404
|-status|p1a: Mew|brn
|-damage|p2a: Infernape|185\/293 par|[from] item: Life Orb
|
|-heal|p1a: Mew|308\/404 brn|[from] item: Leftovers
|-damage|p1a: Mew|258\/404 brn|[from] brn
|turn|4
|
|move|p1a: Mew|Drain Punch|p2a: Infernape
|-damage|p2a: Infernape|149\/293 par
|-heal|p1a: Mew|276\/404 brn|[from] drain|[of] p2a: Infernape
|move|p2a: Infernape|Fire Punch|p1a: Mew
|-damage|p1a: Mew|151\/404 brn
|-damage|p2a: Infernape|120\/293 par|[from] item: Life Orb
|
|-heal|p1a: Mew|176\/404 brn|[from] item: Leftovers
|-damage|p1a: Mew|126\/404 brn|[from] brn
|turn|5
|
|move|p1a: Mew|Drain Punch|p2a: Infernape
|-damage|p2a: Infernape|83\/293 par
|-heal|p1a: Mew|145\/404 brn|[from] drain|[of] p2a: Infernape
|move|p2a: Infernape|Fire Punch|p1a: Mew
|-damage|p1a: Mew|20\/404 brn
|-damage|p2a: Infernape|54\/293 par|[from] item: Life Orb
|
|-heal|p1a: Mew|45\/404 brn|[from] item: Leftovers
|-damage|p1a: Mew|0 fnt|[from] brn
|faint|p1a: Mew
|
|switch|p1a: Gyarados|Gyarados, F, shiny|332\/332
|turn|6
|
|move|p2a: Infernape|Mach Punch|p1a: Gyarados
|-resisted|p1a: Gyarados
|-damage|p1a: Gyarados|271\/332
|-damage|p2a: Infernape|25\/293 par|[from] item: Life Orb
|move|p1a: Gyarados|Dragon Dance|p1a: Gyarados
|-boost|p1a: Gyarados|atk|1
|-boost|p1a: Gyarados|spe|1
|
|-heal|p1a: Gyarados|291\/332|[from] item: Leftovers
|turn|7
|
|move|p2a: Infernape|Mach Punch|p1a: Gyarados
|-resisted|p1a: Gyarados
|-damage|p1a: Gyarados|233\/332
|-damage|p2a: Infernape|0 fnt|[from] item: Life Orb
|faint|p2a: Infernape
|move|p1a: Gyarados|Dragon Dance|p1a: Gyarados
|-boost|p1a: Gyarados|atk|1
|-boost|p1a: Gyarados|spe|1
|
|-heal|p1a: Gyarados|253\/332|[from] item: Leftovers
|
|switch|p2a: Armaldo|Armaldo, F|354\/354
|-damage|p2a: Armaldo|266\/354|[from] Stealth Rock
|turn|8
|
|move|p1a: Gyarados|Waterfall|p2a: Armaldo
|-supereffective|p2a: Armaldo
|-damage|p2a: Armaldo|0 fnt
|faint|p2a: Armaldo
|-boost|p1a: Gyarados|atk|1|[from] ability: Moxie
|
|-heal|p1a: Gyarados|273\/332|[from] item: Leftovers
|
|switch|p2a: Slowbro|Slowbro, F|394\/394
|-damage|p2a: Slowbro|345\/394|[from] Stealth Rock
|turn|9
|
|detailschange|p2a: Slowbro|Slowbro-Mega, F
|message|Slowbro has Mega Evolved into Mega Slowbro!
|move|p1a: Gyarados|Earthquake|p2a: Slowbro
|-damage|p2a: Slowbro|186\/394
|move|p2a: Slowbro|Slack Off|p2a: Slowbro
|-heal|p2a: Slowbro|383\/394
|
|-heal|p1a: Gyarados|293\/332|[from] item: Leftovers
|turn|10
|
|move|p1a: Gyarados|Dragon Dance|p1a: Gyarados
|-boost|p1a: Gyarados|atk|1
|-boost|p1a: Gyarados|spe|1
|move|p2a: Slowbro|Scald|p1a: Gyarados
|-resisted|p1a: Gyarados
|-damage|p1a: Gyarados|232\/332
|
|-heal|p1a: Gyarados|252\/332|[from] item: Leftovers
|turn|11
|
|move|p1a: Gyarados|Earthquake|p2a: Slowbro
|-damage|p2a: Slowbro|196\/394
|move|p2a: Slowbro|Scald|p1a: Gyarados
|-resisted|p1a: Gyarados
|-damage|p1a: Gyarados|198\/332
|
|-heal|p1a: Gyarados|218\/332|[from] item: Leftovers
|turn|12
|
|move|p1a: Gyarados|Earthquake|p2a: Slowbro
|-damage|p2a: Slowbro|25\/394
|move|p2a: Slowbro|Slack Off|p2a: Slowbro
|-heal|p2a: Slowbro|222\/394
|
|-heal|p1a: Gyarados|238\/332|[from] item: Leftovers
|turn|13
|
|move|p1a: Gyarados|Earthquake|p2a: Slowbro
|-damage|p2a: Slowbro|33\/394
|move|p2a: Slowbro|Scald|p1a: Gyarados
|-resisted|p1a: Gyarados
|-damage|p1a: Gyarados|178\/332
|-status|p1a: Gyarados|brn
|
|-heal|p1a: Gyarados|198\/332 brn|[from] item: Leftovers
|-damage|p1a: Gyarados|157\/332 brn|[from] brn
|turn|14
|
|move|p1a: Gyarados|Earthquake|p2a: Slowbro
|-damage|p2a: Slowbro|0 fnt
|faint|p2a: Slowbro
|-boost|p1a: Gyarados|atk|1|[from] ability: Moxie
|
|-heal|p1a: Gyarados|177\/332 brn|[from] item: Leftovers
|-damage|p1a: Gyarados|136\/332 brn|[from] brn
|
|switch|p2a: Breloom|Breloom, M|262\/262
|-damage|p2a: Breloom|246\/262|[from] Stealth Rock
|turn|15
|
|move|p1a: Gyarados|Ice Fang|p2a: Breloom
|-supereffective|p2a: Breloom
|-damage|p2a: Breloom|0 fnt
|faint|p2a: Breloom
|-boost|p1a: Gyarados|atk|1|[from] ability: Moxie
|
|-heal|p1a: Gyarados|156\/332 brn|[from] item: Leftovers
|-damage|p1a: Gyarados|115\/332 brn|[from] brn
|
|switch|p2a: Slurpuff|Slurpuff, M, shiny|306\/306
|-damage|p2a: Slurpuff|268\/306|[from] Stealth Rock
|turn|16
|
|move|p1a: Gyarados|Waterfall|p2a: Slurpuff
|-crit|p2a: Slurpuff
|-damage|p2a: Slurpuff|0 fnt
|faint|p2a: Slurpuff
|
|-heal|p1a: Gyarados|135\/332 brn|[from] item: Leftovers
|-damage|p1a: Gyarados|94\/332 brn|[from] brn
|
|switch|p2a: Raichu|Raichu, M|262\/262
|-damage|p2a: Raichu|230\/262|[from] Stealth Rock
|turn|17
|
|move|p1a: Gyarados|Earthquake|p2a: Raichu
|-supereffective|p2a: Raichu
|-damage|p2a: Raichu|0 fnt
|faint|p2a: Raichu
|
|win|yuna28
|raw|Ladder updating...
|raw|yuna28's rating: 1320 &rarr; <strong>1342<\/strong><br \/>(+22 for winning)
|raw|EvansBlue's rating: 1346 &rarr; <strong>1325<\/strong><br \/>(-21 for losing)
|c|âyuna28|looses half ur team to a burned gyarados
|c|âyuna28|and uses slurpluff in ou lol