|join|gaegaerg
|join|yuna28
|player|p1|gaegaerg|229
|player|p2|yuna28|192
|gametype|singles
|gen|6
|tier|OU
|rated
|clearpoke
|poke|p1|Gothitelle, M
|poke|p1|Lopunny, F
|poke|p1|Amoonguss, M
|poke|p1|Quagsire, M
|poke|p1|Skarmory, M
|poke|p1|Chansey, F
|poke|p2|Charizard, F
|poke|p2|Weavile, F, shiny
|poke|p2|Reuniclus, F
|poke|p2|Sylveon, M
|poke|p2|Gyarados, M, shiny
|poke|p2|Mew
|rule|Swagger Clause: Swagger is banned
|rule|Baton Pass Clause: Limit one PokÃ©mon knowing Baton Pass
|rule|Sleep Clause Mod: Limit one foe put to sleep
|rule|Species Clause: Limit one of each PokÃ©mon
|rule|OHKO Clause: OHKO moves are banned
|rule|Moody Clause: Moody is banned
|rule|Evasion Moves Clause: Evasion moves are banned
|rule|Endless Battle Clause: Forcing endless battles is banned
|rule|HP Percentage Mod: HP is shown in percentages
|teampreview
|
|start
|switch|p1a: Lopunny|Lopunny, F|272\/272
|switch|p2a: Mew|Mew|404\/404
|turn|1
|
|detailschange|p1a: Lopunny|Lopunny-Mega, F
|message|Lopunny has Mega Evolved into Mega Lopunny!
|move|p1a: Lopunny|Fake Out|p2a: Mew
|-damage|p2a: Mew|353\/404
|cant|p2a: Mew|flinch
|
|-heal|p2a: Mew|378\/404|[from] item: Leftovers
|turn|2
|
|switch|p1a: Gothitelle|Gothitelle, M|301\/301
|move|p2a: Mew|Thunder Wave|p1a: Gothitelle
|-status|p1a: Gothitelle|par
|
|-heal|p2a: Mew|403\/404|[from] item: Leftovers
|turn|3
|
|switch|p1a: Skarmory|Skarmory, M|334\/334
|move|p2a: Mew|Stealth Rock|p1a: Skarmory
|-sidestart|p1: gaegaerg|move: Stealth Rock
|
|-heal|p2a: Mew|404\/404|[from] item: Leftovers
|turn|4
|
|switch|p1a: Gothitelle|Gothitelle, M|301\/301 par
|-damage|p1a: Gothitelle|264\/301 par|[from] Stealth Rock
|move|p2a: Mew|Thunder Wave|p1a: Gothitelle
|-fail|p1a: Gothitelle|par
|
|turn|5
|
|move|p2a: Mew|Drain Punch|p1a: Gothitelle
|-resisted|p1a: Gothitelle
|-damage|p1a: Gothitelle|234\/301 par
|move|p1a: Gothitelle|Trick|p2a: Mew
|-activate|p1a: Gothitelle|move: Trick|[of] p2a: Mew
|-item|p2a: Mew|Choice Scarf|[from] move: Trick
|-item|p1a: Gothitelle|Leftovers|[from] move: Trick
|
|-heal|p1a: Gothitelle|252\/301 par|[from] item: Leftovers
|turn|6
|
|move|p2a: Mew|Drain Punch|p1a: Gothitelle
|-resisted|p1a: Gothitelle
|-damage|p1a: Gothitelle|222\/301 par
|move|p1a: Gothitelle|Rest|p1a: Gothitelle
|-status|p1a: Gothitelle|slp
|-heal|p1a: Gothitelle|301\/301 slp|[silent]
|-status|p1a: Gothitelle|slp|[from] move: Rest
|
|turn|7
|
|switch|p1a: Skarmory|Skarmory, M|334\/334
|-damage|p1a: Skarmory|293\/334|[from] Stealth Rock
|move|p2a: Mew|Drain Punch|p1a: Skarmory
|-damage|p1a: Skarmory|257\/334
|
|turn|8
|
|switch|p2a: Brett|Charizard, F|297\/297
|move|p1a: Skarmory|Defog|p2a: Brett
|-unboost|p2a: Brett|evasion|1
|-sideend|p1: gaegaerg|Stealth Rock|[from] move: Defog|[of] p1a: Skarmory
|
|turn|9
|
|switch|p1a: Chansey|Chansey, F|642\/642
|detailschange|p2a: Brett|Charizard-Mega-Y, F
|message|Charizard has Mega Evolved into Mega Charizard!
|-weather|SunnyDay
|move|p2a: Brett|Fire Blast|p1a: Chansey
|-damage|p1a: Chansey|470\/642
|
|-weather|SunnyDay|[upkeep]
|turn|10
|
|switch|p2a: Weavile|Weavile, F, shiny|282\/282
|-ability|p2a: Weavile|Pressure
|move|p1a: Chansey|Seismic Toss|p2a: Weavile
|-damage|p2a: Weavile|182\/282
|
|-weather|SunnyDay|[upkeep]
|turn|11
|
|switch|p1a: Skarmory|Skarmory, M|257\/334
|move|p2a: Weavile|Swords Dance|p2a: Weavile
|-boost|p2a: Weavile|atk|2
|
|-weather|SunnyDay|[upkeep]
|turn|12
|
|move|p2a: Weavile|Knock Off|p1a: Skarmory
|-crit|p1a: Skarmory
|-damage|p1a: Skarmory|0 fnt
|-enditem|p1a: Skarmory|Shed Shell|[from] move: Knock Off|[of] p2a: Weavile
|-damage|p2a: Weavile|154\/282|[from] item: Life Orb
|faint|p1a: Skarmory
|
|-weather|SunnyDay|[upkeep]
|
|switch|p1a: Quagsire|Quagsire, M|394\/394
|turn|13
|
|move|p2a: Weavile|Knock Off|p1a: Quagsire
|-damage|p1a: Quagsire|221\/394
|-enditem|p1a: Quagsire|Leftovers|[from] move: Knock Off|[of] p2a: Weavile
|-damage|p2a: Weavile|126\/282|[from] item: Life Orb
|move|p1a: Quagsire|Earthquake|p2a: Weavile
|-damage|p2a: Weavile|0 fnt
|faint|p2a: Weavile
|
|-weather|none
|
|switch|p2a: Brett|Charizard-Mega-Y, F|297\/297
|-weather|SunnyDay
|turn|14
|
|switch|p1a: Chansey|Chansey, F|470\/642
|move|p2a: Brett|Fire Blast|p1a: Chansey
|-crit|p1a: Chansey
|-damage|p1a: Chansey|196\/642
|
|-weather|SunnyDay|[upkeep]
|turn|15
|
|move|p2a: Brett|Fire Blast|p1a: Chansey
|-crit|p1a: Chansey
|-damage|p1a: Chansey|0 fnt
|faint|p1a: Chansey
|
|-weather|SunnyDay|[upkeep]
|
|switch|p1a: Lopunny|Lopunny-Mega, F|272\/272
|turn|16
|
|switch|p2a: Gyarados|Gyarados, M, shiny|332\/332
|move|p1a: Lopunny|Fake Out|p2a: Gyarados
|-damage|p2a: Gyarados|245\/332
|
|-weather|SunnyDay|[upkeep]
|-heal|p2a: Gyarados|265\/332|[from] item: Leftovers
|turn|17
|
|switch|p1a: Amoonguss|Amoonguss, M|429\/429
|move|p2a: Gyarados|Dragon Dance|p2a: Gyarados
|-boost|p2a: Gyarados|atk|1
|-boost|p2a: Gyarados|spe|1
|
|-weather|SunnyDay|[upkeep]
|-heal|p2a: Gyarados|285\/332|[from] item: Leftovers
|turn|18
|
|move|p2a: Gyarados|Ice Fang|p1a: Amoonguss
|-supereffective|p1a: Amoonguss
|-damage|p1a: Amoonguss|113\/429
|move|p1a: Amoonguss|Giga Drain|p2a: Gyarados
|-damage|p2a: Gyarados|207\/332
|-heal|p1a: Amoonguss|152\/429|[from] drain|[of] p2a: Gyarados
|
|-weather|none
|-heal|p2a: Gyarados|227\/332|[from] item: Leftovers
|-heal|p1a: Amoonguss|178\/429|[from] item: Black Sludge
|turn|19
|
|switch|p1a: Quagsire|Quagsire, M|221\/394
|move|p2a: Gyarados|Ice Fang|p1a: Quagsire
|-damage|p1a: Quagsire|157\/394
|
|-heal|p2a: Gyarados|247\/332|[from] item: Leftovers
|turn|20
|
|move|p2a: Gyarados|Waterfall|p1a: Quagsire
|-damage|p1a: Quagsire|43\/394
|cant|p1a: Quagsire|flinch
|
|-heal|p2a: Gyarados|267\/332|[from] item: Leftovers
|turn|21
|
|move|p2a: Gyarados|Waterfall|p1a: Quagsire
|-damage|p1a: Quagsire|0 fnt
|faint|p1a: Quagsire
|-boost|p2a: Gyarados|atk|1|[from] ability: Moxie
|
|-heal|p2a: Gyarados|287\/332|[from] item: Leftovers
|
|switch|p1a: Lopunny|Lopunny-Mega, F|272\/272
|turn|22
|
|move|p1a: Lopunny|Fake Out|p2a: Gyarados
|-damage|p2a: Gyarados|199\/332
|cant|p2a: Gyarados|flinch
|
|-heal|p2a: Gyarados|219\/332|[from] item: Leftovers
|turn|23
|
|move|p1a: Lopunny|Return|p2a: Gyarados
|-damage|p2a: Gyarados|0 fnt
|faint|p2a: Gyarados
|
|
|switch|p2a: Mew|Mew|404\/404
|turn|24
|
|switch|p1a: Gothitelle|Gothitelle, M|301\/301 slp
|move|p2a: Mew|Thunder Wave|p1a: Gothitelle
|-fail|p1a: Gothitelle
|
|turn|25
|
|move|p2a: Mew|Thunder Wave|p1a: Gothitelle
|-fail|p1a: Gothitelle
|cant|p1a: Gothitelle|slp
|
|turn|26
|
|move|p2a: Mew|Thunder Wave|p1a: Gothitelle
|-fail|p1a: Gothitelle
|cant|p1a: Gothitelle|slp
|
|turn|27
|
|move|p2a: Mew|Thunder Wave|p1a: Gothitelle
|-fail|p1a: Gothitelle
|-curestatus|p1a: Gothitelle|slp
|move|p1a: Gothitelle|Taunt|p2a: Mew
|-start|p2a: Mew|move: Taunt
|
|turn|28
|
|-activate|p2a: Mew|move: Struggle
|move|p2a: Mew|Struggle|p1a: Gothitelle
|-damage|p1a: Gothitelle|261\/301
|-damage|p2a: Mew|303\/404
|move|p1a: Gothitelle|Psyshock|p2a: Mew
|-resisted|p2a: Mew
|-damage|p2a: Mew|264\/404
|
|-heal|p1a: Gothitelle|279\/301|[from] item: Leftovers
|turn|29
|
|switch|p1a: Amoonguss|Amoonguss, M|321\/429
|-activate|p2a: Mew|move: Struggle
|move|p2a: Mew|Struggle|p1a: Amoonguss
|-damage|p1a: Amoonguss|268\/429
|-damage|p2a: Mew|163\/404
|
|-heal|p1a: Amoonguss|294\/429|[from] item: Black Sludge
|turn|30
|
|-activate|p2a: Mew|move: Struggle
|move|p2a: Mew|Struggle|p1a: Amoonguss
|-damage|p1a: Amoonguss|243\/429
|-damage|p2a: Mew|62\/404
|move|p1a: Amoonguss|Spore|p2a: Mew
|-status|p2a: Mew|slp
|
|-heal|p1a: Amoonguss|269\/429|[from] item: Black Sludge
|-end|p2a: Mew|move: Taunt
|turn|31
|
|switch|p2a: Sylveon|Sylveon, M|391\/391
|switch|p1a: Lopunny|Lopunny-Mega, F|272\/272
|
|turn|32
|
|move|p1a: Lopunny|Fake Out|p2a: Sylveon
|-damage|p2a: Sylveon|307\/391
|cant|p2a: Sylveon|flinch
|
|-heal|p2a: Sylveon|331\/391|[from] item: Leftovers
|turn|33
|
|switch|p1a: Amoonguss|Amoonguss, M|412\/429
|move|p2a: Sylveon|Hyper Voice|p1a: Amoonguss
|-resisted|p1a: Amoonguss
|-damage|p1a: Amoonguss|332\/429
|
|-heal|p2a: Sylveon|355\/391|[from] item: Leftovers
|-heal|p1a: Amoonguss|358\/429|[from] item: Black Sludge
|turn|34
|
|switch|p1a: Lopunny|Lopunny-Mega, F|272\/272
|move|p2a: Sylveon|Wish|p2a: Sylveon
|
|-heal|p2a: Sylveon|379\/391|[from] item: Leftovers
|turn|35
|
|move|p1a: Lopunny|Fake Out|p2a: Sylveon
|-damage|p2a: Sylveon|298\/391
|cant|p2a: Sylveon|flinch
|
|-heal|p2a: Sylveon|391\/391|[from] move: Wish|[wisher] Sylveon
|turn|36
|
|switch|p1a: Amoonguss|Amoonguss, M|429\/429
|move|p2a: Sylveon|Calm Mind|p2a: Sylveon
|-boost|p2a: Sylveon|spa|1
|-boost|p2a: Sylveon|spd|1
|
|turn|37
|
|move|p2a: Sylveon|Calm Mind|p2a: Sylveon
|-boost|p2a: Sylveon|spa|1
|-boost|p2a: Sylveon|spd|1
|move|p1a: Amoonguss|Clear Smog|p2a: Sylveon
|-supereffective|p2a: Sylveon
|-damage|p2a: Sylveon|353\/391
|-clearboost|p2a: Sylveon
|
|-heal|p2a: Sylveon|377\/391|[from] item: Leftovers
|turn|38
|
|move|p2a: Sylveon|Wish|p2a: Sylveon
|move|p1a: Amoonguss|Foul Play|p2a: Sylveon
|-resisted|p2a: Sylveon
|-damage|p2a: Sylveon|356\/391
|
|-heal|p2a: Sylveon|380\/391|[from] item: Leftovers
|turn|39
|
|switch|p2a: Reuniclus|Reuniclus, F|424\/424
|switch|p1a: Lopunny|Lopunny-Mega, F|272\/272
|
|turn|40
|
|move|p1a: Lopunny|Fake Out|p2a: Reuniclus
|-damage|p2a: Reuniclus|355\/424
|cant|p2a: Reuniclus|flinch
|
|-heal|p2a: Reuniclus|381\/424|[from] item: Leftovers
|turn|41
|
|move|p1a: Lopunny|Return|p2a: Reuniclus
|-damage|p2a: Reuniclus|218\/424
|move|p2a: Reuniclus|Calm Mind|p2a: Reuniclus
|-boost|p2a: Reuniclus|spa|1
|-boost|p2a: Reuniclus|spd|1
|
|-heal|p2a: Reuniclus|244\/424|[from] item: Leftovers
|turn|42
|
|switch|p1a: Gothitelle|Gothitelle, M|279\/301
|move|p2a: Reuniclus|Recover|p2a: Reuniclus
|-heal|p2a: Reuniclus|424\/424
|
|-heal|p1a: Gothitelle|297\/301|[from] item: Leftovers
|turn|43
|
|move|p1a: Gothitelle|Taunt|p2a: Reuniclus
|-start|p2a: Reuniclus|move: Taunt
|cant|p2a: Reuniclus|move: Taunt|Calm Mind
|
|-heal|p1a: Gothitelle|301\/301|[from] item: Leftovers
|turn|44
|
|move|p1a: Gothitelle|Psyshock|p2a: Reuniclus
|-resisted|p2a: Reuniclus
|-damage|p2a: Reuniclus|370\/424
|move|p2a: Reuniclus|Psyshock|p1a: Gothitelle
|-resisted|p1a: Gothitelle
|-damage|p1a: Gothitelle|217\/301
|
|-heal|p1a: Gothitelle|235\/301|[from] item: Leftovers
|-heal|p2a: Reuniclus|396\/424|[from] item: Leftovers
|turn|45
|
|move|p1a: Gothitelle|Psyshock|p2a: Reuniclus
|-resisted|p2a: Reuniclus
|-damage|p2a: Reuniclus|342\/424
|move|p2a: Reuniclus|Psyshock|p1a: Gothitelle
|-crit|p1a: Gothitelle
|-resisted|p1a: Gothitelle
|-damage|p1a: Gothitelle|100\/301
|
|-heal|p1a: Gothitelle|118\/301|[from] item: Leftovers
|-heal|p2a: Reuniclus|368\/424|[from] item: Leftovers
|-end|p2a: Reuniclus|move: Taunt
|turn|46
|
|move|p1a: Gothitelle|Rest|p1a: Gothitelle
|-status|p1a: Gothitelle|slp
|-heal|p1a: Gothitelle|301\/301 slp|[silent]
|-status|p1a: Gothitelle|slp|[from] move: Rest
|move|p2a: Reuniclus|Psyshock|p1a: Gothitelle
|-resisted|p1a: Gothitelle
|-damage|p1a: Gothitelle|210\/301 slp
|
|-heal|p1a: Gothitelle|228\/301 slp|[from] item: Leftovers
|-heal|p2a: Reuniclus|394\/424|[from] item: Leftovers
|turn|47
|-message|gaegaerg forfeited.
|
|win|yuna28
|raw|Ladder updating...
|raw|gaegaerg's rating: 1539 &rarr; <strong>1520<\/strong><br \/>(-19 for losing)
|raw|yuna28's rating: 1552 &rarr; <strong>1571<\/strong><br \/>(+19 for winning)