|join|yuna28
|join|Soul Ameliorate
|player|p1|yuna28|192
|player|p2|Soul Ameliorate|80
|gametype|singles
|gen|6
|tier|OU
|rated
|clearpoke
|poke|p1|Charizard, F
|poke|p1|Weavile, F, shiny
|poke|p1|Reuniclus, F
|poke|p1|Sylveon, F
|poke|p1|Gyarados, F, shiny
|poke|p1|Mew
|poke|p2|Sceptile, F
|poke|p2|Bisharp, M
|poke|p2|Rotom-Wash
|poke|p2|Talonflame, F
|poke|p2|Tentacruel, F
|poke|p2|Mamoswine, F
|rule|Swagger Clause: Swagger is banned
|rule|Baton Pass Clause: Limit one PokÃ©mon knowing Baton Pass
|rule|Sleep Clause Mod: Limit one foe put to sleep
|rule|Species Clause: Limit one of each PokÃ©mon
|rule|OHKO Clause: OHKO moves are banned
|rule|Moody Clause: Moody is banned
|rule|Evasion Moves Clause: Evasion moves are banned
|rule|Endless Battle Clause: Forcing endless battles is banned
|rule|HP Percentage Mod: HP is shown in percentages
|teampreview
|
|start
|switch|p1a: Mew|Mew|404\/404
|switch|p2a: Mamoswine|Mamoswine, F|361\/361
|turn|1
|
|switch|p2a: Talonflame|Talonflame, F|297\/297
|move|p1a: Mew|Drain Punch|p2a: Talonflame
|-resisted|p2a: Talonflame
|-damage|p2a: Talonflame|259\/297
|
|turn|2
|
|move|p2a: Talonflame|U-turn|p1a: Mew
|-supereffective|p1a: Mew
|-damage|p1a: Mew|258\/404
|
|switch|p2a: Tentacruel|Tentacruel, F|363\/363
|move|p1a: Mew|Thunder Wave|p2a: Tentacruel
|-status|p2a: Tentacruel|par
|
|-heal|p1a: Mew|283\/404|[from] item: Leftovers
|turn|3
|
|move|p1a: Mew|Stealth Rock|p2a: Tentacruel
|-sidestart|p2: Soul Ameliorate|move: Stealth Rock
|move|p2a: Tentacruel|Toxic Spikes|p1a: Mew
|-sidestart|p1: yuna28|move: Toxic Spikes
|
|-heal|p1a: Mew|308\/404|[from] item: Leftovers
|turn|4
|
|move|p1a: Mew|Defog|p2a: Tentacruel
|-unboost|p2a: Tentacruel|evasion|1
|-sideend|p2: Soul Ameliorate|Stealth Rock|[from] move: Defog|[of] p2a: Tentacruel
|-sideend|p1: yuna28|Toxic Spikes|[from] move: Defog|[of] p1a: Mew
|move|p2a: Tentacruel|Scald|p1a: Mew
|-damage|p1a: Mew|230\/404
|
|-heal|p1a: Mew|255\/404|[from] item: Leftovers
|turn|5
|
|switch|p1a: Reuniclus|Reuniclus, F|424\/424
|move|p2a: Tentacruel|Toxic Spikes|p1a: Reuniclus
|-sidestart|p1: yuna28|move: Toxic Spikes
|
|turn|6
|
|switch|p2a: Mamoswine|Mamoswine, F|361\/361
|move|p1a: Reuniclus|Calm Mind|p1a: Reuniclus
|-boost|p1a: Reuniclus|spa|1
|-boost|p1a: Reuniclus|spd|1
|
|turn|7
|
|move|p2a: Mamoswine|Stealth Rock|p1a: Reuniclus
|-sidestart|p1: yuna28|move: Stealth Rock
|move|p1a: Reuniclus|Focus Blast|p2a: Mamoswine|[miss]
|-miss|p1a: Reuniclus|p2a: Mamoswine
|
|turn|8
|
|switch|p2a: Tentacruel|Tentacruel, F|363\/363 par
|move|p1a: Reuniclus|Focus Blast|p2a: Tentacruel
|-resisted|p2a: Tentacruel
|-damage|p2a: Tentacruel|305\/363 par
|
|-heal|p2a: Tentacruel|327\/363 par|[from] item: Black Sludge
|turn|9
|
|switch|p2a: Bisharp|Bisharp, M|277\/277
|move|p1a: Reuniclus|Focus Blast|p2a: Bisharp
|-supereffective|p2a: Bisharp
|-damage|p2a: Bisharp|0 fnt
|faint|p2a: Bisharp
|
|c|âyuna28|to obvious
|
|switch|p2a: Mamoswine|Mamoswine, F|361\/361
|turn|10
|
|move|p2a: Mamoswine|Earthquake|p1a: Reuniclus
|-damage|p1a: Reuniclus|267\/424
|move|p1a: Reuniclus|Psyshock|p2a: Mamoswine
|-damage|p2a: Mamoswine|147\/361
|
|-heal|p1a: Reuniclus|293\/424|[from] item: Leftovers
|turn|11
|
|move|p2a: Mamoswine|Earthquake|p1a: Reuniclus
|-damage|p1a: Reuniclus|131\/424
|move|p1a: Reuniclus|Recover|p1a: Reuniclus
|-heal|p1a: Reuniclus|343\/424
|
|-heal|p1a: Reuniclus|369\/424|[from] item: Leftovers
|turn|12
|
|move|p2a: Mamoswine|Icicle Crash|p1a: Reuniclus
|-damage|p1a: Reuniclus|215\/424
|move|p1a: Reuniclus|Psyshock|p2a: Mamoswine
|-damage|p2a: Mamoswine|0 fnt
|faint|p2a: Mamoswine
|
|-heal|p1a: Reuniclus|241\/424|[from] item: Leftovers
|
|switch|p2a: Talonflame|Talonflame, F|259\/297
|turn|13
|
|move|p2a: Talonflame|U-turn|p1a: Reuniclus
|-supereffective|p1a: Reuniclus
|-damage|p1a: Reuniclus|71\/424
|
|switch|p2a: Sceptile|Sceptile, F|281\/281
|move|p1a: Reuniclus|Recover|p1a: Reuniclus
|-heal|p1a: Reuniclus|283\/424
|
|-heal|p1a: Reuniclus|309\/424|[from] item: Leftovers
|turn|14
|
|detailschange|p2a: Sceptile|Sceptile-Mega, F
|message|Sceptile has Mega Evolved into Mega Sceptile!
|move|p2a: Sceptile|Dragon Pulse|p1a: Reuniclus
|-damage|p1a: Reuniclus|194\/424
|move|p1a: Reuniclus|Recover|p1a: Reuniclus
|-heal|p1a: Reuniclus|406\/424
|
|-heal|p1a: Reuniclus|424\/424|[from] item: Leftovers
|turn|15
|
|move|p2a: Sceptile|Dragon Pulse|p1a: Reuniclus
|-damage|p1a: Reuniclus|309\/424
|move|p1a: Reuniclus|Calm Mind|p1a: Reuniclus
|-boost|p1a: Reuniclus|spa|1
|-boost|p1a: Reuniclus|spd|1
|
|-heal|p1a: Reuniclus|335\/424|[from] item: Leftovers
|turn|16
|
|move|p2a: Sceptile|Dragon Pulse|p1a: Reuniclus
|-damage|p1a: Reuniclus|239\/424
|move|p1a: Reuniclus|Calm Mind|p1a: Reuniclus
|-boost|p1a: Reuniclus|spa|1
|-boost|p1a: Reuniclus|spd|1
|
|-heal|p1a: Reuniclus|265\/424|[from] item: Leftovers
|turn|17
|
|move|p2a: Sceptile|Dragon Pulse|p1a: Reuniclus
|-damage|p1a: Reuniclus|190\/424
|move|p1a: Reuniclus|Recover|p1a: Reuniclus
|-heal|p1a: Reuniclus|402\/424
|
|-heal|p1a: Reuniclus|424\/424|[from] item: Leftovers
|turn|18
|
|move|p2a: Sceptile|Dragon Pulse|p1a: Reuniclus
|-damage|p1a: Reuniclus|343\/424
|move|p1a: Reuniclus|Psyshock|p2a: Sceptile
|-damage|p2a: Sceptile|0 fnt
|faint|p2a: Sceptile
|
|-heal|p1a: Reuniclus|369\/424|[from] item: Leftovers
|
|switch|p2a: Talonflame|Talonflame, F|259\/297
|turn|19
|
|move|p2a: Talonflame|Brave Bird|p1a: Reuniclus
|-damage|p1a: Reuniclus|129\/424
|-damage|p2a: Talonflame|180\/297|[from] recoil|[of] p1a: Reuniclus
|move|p1a: Reuniclus|Recover|p1a: Reuniclus
|-heal|p1a: Reuniclus|341\/424
|
|-heal|p1a: Reuniclus|367\/424|[from] item: Leftovers
|turn|20
|
|move|p2a: Talonflame|Brave Bird|p1a: Reuniclus
|-damage|p1a: Reuniclus|135\/424
|-damage|p2a: Talonflame|103\/297|[from] recoil|[of] p1a: Reuniclus
|move|p1a: Reuniclus|Psyshock|p2a: Talonflame
|-damage|p2a: Talonflame|0 fnt
|faint|p2a: Talonflame
|
|-heal|p1a: Reuniclus|161\/424|[from] item: Leftovers
|
|switch|p2a: Rotom-Wash|Rotom-Wash|303\/303
|turn|21
|
|move|p2a: Rotom-Wash|Hydro Pump|p1a: Reuniclus|[miss]
|-miss|p2a: Rotom-Wash|p1a: Reuniclus
|move|p1a: Reuniclus|Recover|p1a: Reuniclus
|-heal|p1a: Reuniclus|373\/424
|
|-heal|p1a: Reuniclus|399\/424|[from] item: Leftovers
|turn|22
|-message|Soul Ameliorate forfeited.
|
|win|yuna28
|raw|Ladder updating...
|leave|Soul Ameliorate
|player|p2
|raw|yuna28's rating: 1589 &rarr; <strong>1612<\/strong><br \/>(+23 for winning)
|raw|Soul Ameliorate's rating: 1644 &rarr; <strong>1621<\/strong><br \/>(-23 for losing)