|join|Shiny Relicanth
|join|yuna28
|player|p1|Shiny Relicanth|25
|player|p2|yuna28|192
|gametype|singles
|gen|6
|tier|OU
|rated
|clearpoke
|poke|p1|Bisharp, F
|poke|p1|Keldeo
|poke|p1|Latios, M
|poke|p1|Conkeldurr, M
|poke|p1|Metagross
|poke|p1|Heatran, F
|poke|p2|Charizard, F
|poke|p2|Weavile, F, shiny
|poke|p2|Reuniclus, F
|poke|p2|Sylveon, M
|poke|p2|Gyarados, M, shiny
|poke|p2|Mew
|rule|Swagger Clause: Swagger is banned
|rule|Baton Pass Clause: Limit one PokÃ©mon knowing Baton Pass
|rule|Sleep Clause Mod: Limit one foe put to sleep
|rule|Species Clause: Limit one of each PokÃ©mon
|rule|OHKO Clause: OHKO moves are banned
|rule|Moody Clause: Moody is banned
|rule|Evasion Moves Clause: Evasion moves are banned
|rule|Endless Battle Clause: Forcing endless battles is banned
|rule|HP Percentage Mod: HP is shown in percentages
|teampreview
|
|start
|switch|p1a: Heatran|Heatran, F|386\/386
|switch|p2a: Gyarados|Gyarados, M, shiny|332\/332
|-item|p1a: Heatran|Air Balloon
|turn|1
|
|move|p2a: Gyarados|Dragon Dance|p2a: Gyarados
|-boost|p2a: Gyarados|atk|1
|-boost|p2a: Gyarados|spe|1
|move|p1a: Heatran|Hidden Power|p2a: Gyarados
|-supereffective|p2a: Gyarados
|-damage|p2a: Gyarados|212\/332
|
|-heal|p2a: Gyarados|232\/332|[from] item: Leftovers
|turn|2
|
|move|p2a: Gyarados|Waterfall|p1a: Heatran
|-supereffective|p1a: Heatran
|-damage|p1a: Heatran|0 fnt
|-enditem|p1a: Heatran|Air Balloon
|faint|p1a: Heatran
|-boost|p2a: Gyarados|atk|1|[from] ability: Moxie
|
|-heal|p2a: Gyarados|252\/332|[from] item: Leftovers
|
|switch|p1a: Latios|Latios, M|301\/301
|turn|3
|
|move|p2a: Gyarados|Ice Fang|p1a: Latios
|-supereffective|p1a: Latios
|-damage|p1a: Latios|0 fnt
|faint|p1a: Latios
|-boost|p2a: Gyarados|atk|1|[from] ability: Moxie
|
|-heal|p2a: Gyarados|272\/332|[from] item: Leftovers
|
|switch|p1a: Metagross|Metagross|301\/301
|turn|4
|
|detailschange|p1a: Metagross|Metagross-Mega
|message|Metagross has Mega Evolved into Mega Metagross!
|move|p2a: Gyarados|Earthquake|p1a: Metagross
|-supereffective|p1a: Metagross
|-damage|p1a: Metagross|0 fnt
|faint|p1a: Metagross
|-boost|p2a: Gyarados|atk|1|[from] ability: Moxie
|
|-heal|p2a: Gyarados|292\/332|[from] item: Leftovers
|
|switch|p1a: Bisharp|Bisharp, F|271\/271
|turn|5
|
|move|p2a: Gyarados|Earthquake|p1a: Bisharp
|-supereffective|p1a: Bisharp
|-damage|p1a: Bisharp|0 fnt
|faint|p1a: Bisharp
|-boost|p2a: Gyarados|atk|1|[from] ability: Moxie
|
|-heal|p2a: Gyarados|312\/332|[from] item: Leftovers
|-message|Shiny Relicanth forfeited.
|
|win|yuna28
|raw|Ladder updating...
|leave|Shiny Relicanth
|player|p1
|raw|Shiny Relicanth's rating: 1448 &rarr; <strong>1424<\/strong><br \/>(-24 for losing)
|raw|yuna28's rating: 1374 &rarr; <strong>1399<\/strong><br \/>(+25 for winning)
|c|âyuna28|gg