|join|Zuxos
|join|Yuna28
|player|p1|Zuxos|163
|player|p2|Yuna28|192
|gametype|singles
|gen|6
|tier|OU
|rated
|clearpoke
|poke|p1|Bisharp, F
|poke|p1|Quagsire, M
|poke|p1|Sableye, F
|poke|p1|Chansey, F
|poke|p1|Entei, shiny
|poke|p1|Celebi
|poke|p2|Charizard, M
|poke|p2|Weavile, M
|poke|p2|Reuniclus, M
|poke|p2|Sylveon, F
|poke|p2|Gyarados, M
|poke|p2|Mew
|rule|Swagger Clause: Swagger is banned
|rule|Baton Pass Clause: Limit one PokÃ©mon knowing Baton Pass
|rule|Sleep Clause Mod: Limit one foe put to sleep
|rule|Species Clause: Limit one of each PokÃ©mon
|rule|OHKO Clause: OHKO moves are banned
|rule|Moody Clause: Moody is banned
|rule|Evasion Moves Clause: Evasion moves are banned
|rule|Endless Battle Clause: Forcing endless battles is banned
|rule|HP Percentage Mod: HP is shown in percentages
|teampreview
|
|start
|switch|p1a: Sableye|Sableye, F|304\/304
|switch|p2a: Charizard|Charizard, M|297\/297
|turn|1
|
|switch|p1a: Chansey|Chansey, F|704\/704
|detailschange|p2a: Charizard|Charizard-Mega-Y, M
|message|Charizard has Mega Evolved into Mega Charizard!
|-weather|SunnyDay
|move|p2a: Charizard|Fire Blast|p1a: Chansey
|-damage|p1a: Chansey|485\/704
|
|-weather|SunnyDay|[upkeep]
|turn|2
|
|switch|p2a: Reuniclus|Reuniclus, M|424\/424
|move|p1a: Chansey|Wish|p1a: Chansey
|
|-weather|SunnyDay|[upkeep]
|turn|3
|
|switch|p1a: Entei|Entei, shiny|372\/372
|-ability|p1a: Entei|Pressure
|switch|p2a: Mew|Mew|404\/404
|
|-weather|SunnyDay|[upkeep]
|turn|4
|
|move|p1a: Entei|Sacred Fire|p2a: Mew
|-damage|p2a: Mew|169\/404
|-damage|p1a: Entei|335\/372|[from] item: Life Orb
|move|p2a: Mew|Thunder Wave|p1a: Entei
|-status|p1a: Entei|par
|
|-weather|SunnyDay|[upkeep]
|-heal|p2a: Mew|194\/404|[from] item: Leftovers
|turn|5
|
|switch|p1a: Sableye|Sableye, F|304\/304
|move|p2a: Mew|Drain Punch|p1a: Sableye
|-immune|p1a: Sableye|[msg]
|
|-weather|none
|-heal|p2a: Mew|219\/404|[from] item: Leftovers
|turn|6
|
|detailschange|p1a: Sableye|Sableye-Mega, F
|message|Sableye has Mega Evolved into Mega Sableye!
|move|p2a: Mew|Stealth Rock|p1a: Sableye
|move|p1a: Sableye|Stealth Rock|p2a: Mew|[from]Magic Bounce
|-sidestart|p2: Yuna28|move: Stealth Rock
|move|p1a: Sableye|Dark Pulse|p2a: Mew
|-supereffective|p2a: Mew
|-damage|p2a: Mew|63\/404
|
|-heal|p2a: Mew|88\/404|[from] item: Leftovers
|turn|7
|
|move|p2a: Mew|Thunder Wave|p1a: Sableye
|move|p1a: Sableye|Thunder Wave|p2a: Mew|[from]Magic Bounce
|-status|p2a: Mew|par
|-status|p1a: Sableye|par
|move|p1a: Sableye|Dark Pulse|p2a: Mew
|-crit|p2a: Mew
|-supereffective|p2a: Mew
|-damage|p2a: Mew|0 fnt
|faint|p2a: Mew
|
|
|switch|p2a: Charizard|Charizard-Mega-Y, M|297\/297
|-damage|p2a: Charizard|149\/297|[from] Stealth Rock
|-weather|SunnyDay
|turn|8
|
|switch|p1a: Chansey|Chansey, F|485\/704
|move|p2a: Charizard|Fire Blast|p1a: Chansey
|-damage|p1a: Chansey|277\/704
|
|-weather|SunnyDay|[upkeep]
|turn|9
|
|move|p2a: Charizard|Fire Blast|p1a: Chansey
|-damage|p1a: Chansey|76\/704
|move|p1a: Chansey|Soft-Boiled|p1a: Chansey
|-heal|p1a: Chansey|428\/704
|
|-weather|SunnyDay|[upkeep]
|turn|10
|
|move|p2a: Charizard|Fire Blast|p1a: Chansey
|-damage|p1a: Chansey|199\/704
|-status|p1a: Chansey|brn
|move|p1a: Chansey|Soft-Boiled|p1a: Chansey
|-heal|p1a: Chansey|551\/704 brn
|
|-weather|SunnyDay|[upkeep]
|-damage|p1a: Chansey|463\/704 brn|[from] brn
|turn|11
|
|switch|p2a: Weavile|Weavile, M|282\/282
|-damage|p2a: Weavile|212\/282|[from] Stealth Rock
|-ability|p2a: Weavile|Pressure
|move|p1a: Chansey|Soft-Boiled|p1a: Chansey
|-heal|p1a: Chansey|704\/704 brn
|
|-weather|SunnyDay|[upkeep]
|-damage|p1a: Chansey|616\/704 brn|[from] brn
|turn|12
|
|switch|p1a: Sableye|Sableye-Mega, F|304\/304 par
|move|p2a: Weavile|Swords Dance|p2a: Weavile
|-boost|p2a: Weavile|atk|2
|
|-weather|none
|turn|13
|
|move|p2a: Weavile|Knock Off|p1a: Sableye
|-damage|p1a: Sableye|119\/304 par
|-damage|p2a: Weavile|184\/282|[from] item: Life Orb
|move|p1a: Sableye|Will-O-Wisp|p2a: Weavile
|-status|p2a: Weavile|brn
|
|-damage|p2a: Weavile|149\/282 brn|[from] brn
|turn|14
|
|move|p2a: Weavile|Knock Off|p1a: Sableye
|-damage|p1a: Sableye|32\/304 par
|-damage|p2a: Weavile|121\/282 brn|[from] item: Life Orb
|move|p1a: Sableye|Recover|p1a: Sableye
|-heal|p1a: Sableye|184\/304 par
|
|-damage|p2a: Weavile|86\/282 brn|[from] brn
|turn|15
|
|move|p2a: Weavile|Knock Off|p1a: Sableye
|-damage|p1a: Sableye|97\/304 par
|-damage|p2a: Weavile|58\/282 brn|[from] item: Life Orb
|cant|p1a: Sableye|par
|
|-damage|p2a: Weavile|23\/282 brn|[from] brn
|turn|16
|
|move|p2a: Weavile|Knock Off|p1a: Sableye
|-damage|p1a: Sableye|11\/304 par
|-damage|p2a: Weavile|0 fnt|[from] item: Life Orb
|faint|p2a: Weavile
|move|p1a: Sableye|Recover|p1a: Sableye
|-heal|p1a: Sableye|163\/304 par
|
|
|switch|p2a: Sylveon|Sylveon, F|391\/391
|-damage|p2a: Sylveon|343\/391|[from] Stealth Rock
|turn|17
|
|switch|p1a: Chansey|Chansey, F|616\/704
|move|p2a: Sylveon|Calm Mind|p2a: Sylveon
|-boost|p2a: Sylveon|spa|1
|-boost|p2a: Sylveon|spd|1
|
|-heal|p2a: Sylveon|367\/391|[from] item: Leftovers
|turn|18
|
|move|p2a: Sylveon|Calm Mind|p2a: Sylveon
|-boost|p2a: Sylveon|spa|1
|-boost|p2a: Sylveon|spd|1
|move|p1a: Chansey|Heal Bell|p1a: Chansey
|-cureteam|p1a: Chansey|[from] move: HealBell
|
|-heal|p2a: Sylveon|391\/391|[from] item: Leftovers
|turn|19
|
|switch|p1a: Entei|Entei, shiny|335\/372
|-ability|p1a: Entei|Pressure
|move|p2a: Sylveon|Calm Mind|p2a: Sylveon
|-boost|p2a: Sylveon|spa|1
|-boost|p2a: Sylveon|spd|1
|
|turn|20
|
|move|p1a: Entei|Sacred Fire|p2a: Sylveon
|-damage|p2a: Sylveon|145\/391
|-damage|p1a: Entei|298\/372|[from] item: Life Orb
|move|p2a: Sylveon|Hyper Voice|p1a: Entei
|-resisted|p1a: Entei
|-damage|p1a: Entei|46\/372
|
|-heal|p2a: Sylveon|169\/391|[from] item: Leftovers
|turn|21
|
|move|p1a: Entei|Stone Edge|p2a: Sylveon
|-damage|p2a: Sylveon|0 fnt
|-damage|p1a: Entei|9\/372|[from] item: Life Orb
|faint|p2a: Sylveon
|
|
|switch|p2a: Charizard|Charizard-Mega-Y, M|149\/297
|-damage|p2a: Charizard|1\/297|[from] Stealth Rock
|-weather|SunnyDay
|turn|22
|
|move|p1a: Entei|Extreme Speed|p2a: Charizard
|-crit|p2a: Charizard
|-damage|p2a: Charizard|0 fnt
|-damage|p1a: Entei|0 fnt|[from] item: Life Orb
|faint|p2a: Charizard
|faint|p1a: Entei
|
|-weather|SunnyDay|[upkeep]
|
|switch|p2a: Gyarados|Gyarados, M|332\/332
|switch|p1a: Bisharp|Bisharp, F|334\/334
|-damage|p2a: Gyarados|249\/332|[from] Stealth Rock
|turn|23
|
|move|p2a: Gyarados|Dragon Dance|p2a: Gyarados
|-boost|p2a: Gyarados|atk|1
|-boost|p2a: Gyarados|spe|1
|move|p1a: Bisharp|Knock Off|p2a: Gyarados
|-damage|p2a: Gyarados|0 fnt
|-enditem|p2a: Gyarados|Leftovers|[from] move: Knock Off|[of] p1a: Bisharp
|faint|p2a: Gyarados
|
|-weather|SunnyDay|[upkeep]
|-message|Yuna28 forfeited.
|
|win|Zuxos
|raw|Ladder updating...
|leave|Yuna28
|player|p2
|raw|Zuxos's rating: 1706 &rarr; <strong>1726<\/strong><br \/>(+20 for winning)
|raw|Yuna28's rating: 1708 &rarr; <strong>1688<\/strong><br \/>(-20 for losing)