|join|YaBoiFennekin
|join|yuna28
|player|p1|YaBoiFennekin|178
|player|p2|yuna28|192
|gametype|singles
|gen|6
|tier|OU
|clearpoke
|poke|p1|Togekiss, F, shiny
|poke|p1|Salamence, F, shiny
|poke|p1|Rotom-Wash
|poke|p1|Sylveon, M, shiny
|poke|p1|Charizard, M, shiny
|poke|p1|Metagross, shiny
|poke|p2|Weavile, F
|poke|p2|Charizard, M
|poke|p2|Raikou
|poke|p2|Rotom-Wash
|poke|p2|Jirachi
|poke|p2|Mew
|rule|Swagger Clause: Swagger is banned
|rule|Baton Pass Clause: Limit one PokÃ©mon knowing Baton Pass
|rule|Sleep Clause Mod: Limit one foe put to sleep
|rule|Species Clause: Limit one of each PokÃ©mon
|rule|OHKO Clause: OHKO moves are banned
|rule|Moody Clause: Moody is banned
|rule|Evasion Moves Clause: Evasion moves are banned
|rule|Endless Battle Clause: Forcing endless battles is banned
|rule|HP Percentage Mod: HP is shown in percentages
|teampreview
|c|âyuna28|theres a counter to sr lol
|
|start
|switch|p1a: TheGreenOne|Salamence, F, shiny|332\/332
|switch|p2a: Charizard|Charizard, M|297\/297
|turn|1
|
|switch|p2a: Jirachi|Jirachi|397\/397
|move|p1a: TheGreenOne|Dragon Dance|p1a: TheGreenOne
|-boost|p1a: TheGreenOne|atk|1
|-boost|p1a: TheGreenOne|spe|1
|
|turn|2
|
|move|p1a: TheGreenOne|Dragon Dance|p1a: TheGreenOne
|-boost|p1a: TheGreenOne|atk|1
|-boost|p1a: TheGreenOne|spe|1
|move|p2a: Jirachi|Flash Cannon|p1a: TheGreenOne
|-damage|p1a: TheGreenOne|176\/332
|
|turn|3
|
|move|p1a: TheGreenOne|Dragon Claw|p2a: Jirachi
|-resisted|p2a: Jirachi
|-damage|p2a: Jirachi|206\/397
|move|p2a: Jirachi|Psyshock|p1a: TheGreenOne
|-damage|p1a: TheGreenOne|32\/332
|
|-heal|p2a: Jirachi|230\/397|[from] item: Leftovers
|turn|4
|
|move|p1a: TheGreenOne|Outrage|p2a: Jirachi
|-resisted|p2a: Jirachi
|-damage|p2a: Jirachi|0 fnt
|faint|p2a: Jirachi
|-boost|p1a: TheGreenOne|atk|1|[from] ability: Moxie
|
|
|switch|p2a: Mew|Mew|404\/404
|turn|5
|
|move|p1a: TheGreenOne|Outrage|p2a: Mew
|-damage|p2a: Mew|0 fnt
|faint|p2a: Mew
|-boost|p1a: TheGreenOne|atk|1|[from] ability: Moxie
|
|
|switch|p2a: Rotom-Wash|Rotom-Wash|241\/241
|turn|6
|
|move|p1a: TheGreenOne|Outrage|p2a: Rotom-Wash
|-damage|p2a: Rotom-Wash|0 fnt
|faint|p2a: Rotom-Wash
|-boost|p1a: TheGreenOne|atk|1|[from] ability: Moxie
|
|-end|p1a: TheGreenOne|rampage
|-start|p1a: TheGreenOne|confusion
|
|switch|p2a: Raikou|Raikou|321\/321
|-ability|p2a: Raikou|Pressure
|turn|7
|c|âYaBoiFennekin|hahahaha wow wtf
|c|âyuna28|lol fuck
|
|switch|p1a: Steven Hawking|Metagross, shiny|301\/301
|move|p2a: Raikou|Substitute|p2a: Raikou
|-start|p2a: Raikou|Substitute
|-damage|p2a: Raikou|241\/321
|
|-heal|p2a: Raikou|261\/321|[from] item: Leftovers
|turn|8
|
|move|p2a: Raikou|Calm Mind|p2a: Raikou
|-boost|p2a: Raikou|spa|1
|-boost|p2a: Raikou|spd|1
|move|p1a: Steven Hawking|Earthquake|p2a: Raikou
|-supereffective|p2a: Raikou
|-end|p2a: Raikou|Substitute
|-damage|p1a: Steven Hawking|271\/301|[from] item: Life Orb
|
|-heal|p2a: Raikou|281\/321|[from] item: Leftovers
|turn|9
|
|move|p2a: Raikou|Substitute|p2a: Raikou
|-start|p2a: Raikou|Substitute
|-damage|p2a: Raikou|201\/321
|move|p1a: Steven Hawking|Earthquake|p2a: Raikou
|-supereffective|p2a: Raikou
|-end|p2a: Raikou|Substitute
|-damage|p1a: Steven Hawking|241\/301|[from] item: Life Orb
|
|-heal|p2a: Raikou|221\/321|[from] item: Leftovers
|turn|10
|
|move|p2a: Raikou|Thunderbolt|p1a: Steven Hawking
|-damage|p1a: Steven Hawking|52\/301
|move|p1a: Steven Hawking|Earthquake|p2a: Raikou
|-supereffective|p2a: Raikou
|-damage|p2a: Raikou|0 fnt
|-damage|p1a: Steven Hawking|22\/301|[from] item: Life Orb
|faint|p2a: Raikou
|
|
|switch|p2a: New Greninja|Weavile, F|281\/281
|-ability|p2a: New Greninja|Pressure
|turn|11
|
|move|p2a: New Greninja|Knock Off|p1a: Steven Hawking
|-supereffective|p1a: Steven Hawking
|-damage|p1a: Steven Hawking|0 fnt
|-enditem|p1a: Steven Hawking|Life Orb|[from] move: Knock Off|[of] p2a: New Greninja
|-damage|p2a: New Greninja|253\/281|[from] item: Life Orb
|faint|p1a: Steven Hawking
|
|
|switch|p1a: Niggazard|Charizard, M, shiny|297\/297
|turn|12
|
|move|p2a: New Greninja|Icicle Crash|p1a: Niggazard|[miss]
|-miss|p2a: New Greninja|p1a: Niggazard
|move|p1a: Niggazard|Flame Burst|p2a: New Greninja
|-supereffective|p2a: New Greninja
|-damage|p2a: New Greninja|55\/281
|
|turn|13
|
|move|p2a: New Greninja|Knock Off|p1a: Niggazard
|-damage|p1a: Niggazard|0 fnt
|-enditem|p1a: Niggazard|BrightPowder|[from] move: Knock Off|[of] p2a: New Greninja
|-damage|p2a: New Greninja|27\/281|[from] item: Life Orb
|faint|p1a: Niggazard
|
|
|switch|p1a: Ikaros|Togekiss, F, shiny|312\/312
|turn|14
|
|move|p2a: New Greninja|Icicle Crash|p1a: Ikaros
|-supereffective|p1a: Ikaros
|-damage|p1a: Ikaros|0 fnt
|-damage|p2a: New Greninja|0 fnt|[from] item: Life Orb
|faint|p1a: Ikaros
|faint|p2a: New Greninja
|
|
|switch|p2a: Charizard|Charizard, M|297\/297
|switch|p1a: Washing Machine|Rotom-Wash|242\/242
|turn|15
|
|detailschange|p2a: Charizard|Charizard-Mega-Y, M
|-mega|p2a: Charizard|Charizard|Charizardite Y
|-weather|SunnyDay
|move|p2a: Charizard|Solar Beam|p1a: Washing Machine|[still]
|-prepare|p2a: Charizard|Solar Beam|p1a: Washing Machine
|-anim|p2a: Charizard|Solar Beam|p1a: Washing Machine
|-supereffective|p1a: Washing Machine
|-damage|p1a: Washing Machine|42\/242
|move|p1a: Washing Machine|Hydro Pump|p2a: Charizard
|-supereffective|p2a: Charizard
|-damage|p2a: Charizard|133\/297
|
|-weather|SunnyDay|[upkeep]
|turn|16
|
|move|p2a: Charizard|Solar Beam|p1a: Washing Machine|[still]
|-prepare|p2a: Charizard|Solar Beam|p1a: Washing Machine
|-anim|p2a: Charizard|Solar Beam|p1a: Washing Machine
|-supereffective|p1a: Washing Machine
|-damage|p1a: Washing Machine|0 fnt
|faint|p1a: Washing Machine
|
|-weather|SunnyDay|[upkeep]
|
|switch|p1a: The Gay Seth|Sylveon, M, shiny|332\/332
|turn|17
|
|move|p2a: Charizard|Fire Blast|p1a: The Gay Seth
|-damage|p1a: The Gay Seth|140\/332
|move|p1a: The Gay Seth|Double-Edge|p2a: Charizard
|-resisted|p2a: Charizard
|-damage|p2a: Charizard|50\/297
|-damage|p1a: The Gay Seth|113\/332|[from] recoil|[of] p2a: Charizard
|
|-weather|SunnyDay|[upkeep]
|-heal|p1a: The Gay Seth|133\/332|[from] item: Leftovers
|turn|18
|
|move|p2a: Charizard|Fire Blast|p1a: The Gay Seth
|-damage|p1a: The Gay Seth|0 fnt
|faint|p1a: The Gay Seth
|
|-weather|SunnyDay|[upkeep]
|
|switch|p1a: TheGreenOne|Salamence, F, shiny|32\/332
|turn|19
|
|move|p2a: Charizard|Dragon Pulse|p1a: TheGreenOne
|-supereffective|p1a: TheGreenOne
|-damage|p1a: TheGreenOne|0 fnt
|faint|p1a: TheGreenOne
|
|win|yuna28
|c|âyuna28|gg
|c|âYaBoiFennekin|so close share the replay Historia wants to see it