|join|juandiegol2
|join|yuna28
|player|p1|juandiegol2|266
|player|p2|yuna28|192
|gametype|singles
|gen|6
|tier|OU
|rated
|clearpoke
|poke|p1|Scizor, M
|poke|p1|Starmie
|poke|p1|Hippowdon, M
|poke|p1|Thundurus, M
|poke|p1|Gothitelle, M
|poke|p1|Breloom, F
|poke|p2|Weavile, M
|poke|p2|Charizard, M
|poke|p2|Raikou
|poke|p2|Rotom-Wash
|poke|p2|Jirachi
|poke|p2|Mew
|rule|Swagger Clause: Swagger is banned
|rule|Baton Pass Clause: Limit one PokÃ©mon knowing Baton Pass
|rule|Sleep Clause Mod: Limit one foe put to sleep
|rule|Species Clause: Limit one of each PokÃ©mon
|rule|OHKO Clause: OHKO moves are banned
|rule|Moody Clause: Moody is banned
|rule|Evasion Moves Clause: Evasion moves are banned
|rule|Endless Battle Clause: Forcing endless battles is banned
|rule|HP Percentage Mod: HP is shown in percentages
|teampreview
|
|start
|switch|p1a: Breloom|Breloom, F|261\/261
|switch|p2a: Charizard|Charizard, M|297\/297
|turn|1
|
|switch|p2a: Jirachi|Jirachi|397\/397
|move|p1a: Breloom|Rock Tomb|p2a: Jirachi
|-resisted|p2a: Jirachi
|-damage|p2a: Jirachi|340\/397
|-unboost|p2a: Jirachi|spe|1
|
|-heal|p2a: Jirachi|364\/397|[from] item: Leftovers
|turn|2
|
|move|p1a: Breloom|Spore|p2a: Jirachi
|-status|p2a: Jirachi|slp
|cant|p2a: Jirachi|slp
|
|-heal|p2a: Jirachi|388\/397 slp|[from] item: Leftovers
|turn|3
|
|switch|p1a: Gothitelle|Gothitelle, M|341\/341
|switch|p2a: Mew|Mew|404\/404
|
|turn|4
|
|move|p1a: Gothitelle|Trick|p2a: Mew
|-activate|p1a: Gothitelle|move: Trick|[of] p2a: Mew
|-item|p2a: Mew|Choice Scarf|[from] move: Trick
|-item|p1a: Gothitelle|Leftovers|[from] move: Trick
|move|p2a: Mew|Thunder Wave|p1a: Gothitelle
|-status|p1a: Gothitelle|par
|
|turn|5
|
|move|p2a: Mew|Thunder Wave|p1a: Gothitelle
|-fail|p1a: Gothitelle|par
|move|p1a: Gothitelle|Calm Mind|p1a: Gothitelle
|-boost|p1a: Gothitelle|spa|1
|-boost|p1a: Gothitelle|spd|1
|
|turn|6
|
|move|p2a: Mew|Thunder Wave|p1a: Gothitelle
|-fail|p1a: Gothitelle|par
|move|p1a: Gothitelle|Calm Mind|p1a: Gothitelle
|-boost|p1a: Gothitelle|spa|1
|-boost|p1a: Gothitelle|spd|1
|
|turn|7
|c|âjuandiegol2|!dt thundurus
|c|~|\/data-pokemon Thundurus
|raw|<font size="1"><font color=#585858>Dex#:<\/font> 642&nbsp;|&ThickSpace;<font color=#585858>Height:<\/font> 1.5 m&nbsp;|&ThickSpace;<font color=#585858>Weight:<\/font> 61 kg <em>(80 BP)<\/em>&nbsp;|&ThickSpace;<font color=#585858>Dex Colour:<\/font> Blue&nbsp;|&ThickSpace;<font color=#585858>Egg Group(s):<\/font> Undiscovered&nbsp;|&ThickSpace;<font color=#585858><font color=#585858>Does Not Evolve<\/font><\/font><\/font>
|c|âjuandiegol2|!dt raiku
No Pokemon, item, move, ability or nature named 'raiku' was found. Showing the data of 'Raikou' instead.
|c|~|\/data-pokemon Raikou
|raw|<font size="1"><font color=#585858>Dex#:<\/font> 243&nbsp;|&ThickSpace;<font color=#585858>Height:<\/font> 1.9 m&nbsp;|&ThickSpace;<font color=#585858>Weight:<\/font> 178 kg <em>(100 BP)<\/em>&nbsp;|&ThickSpace;<font color=#585858>Dex Colour:<\/font> Yellow&nbsp;|&ThickSpace;<font color=#585858>Egg Group(s):<\/font> Undiscovered&nbsp;|&ThickSpace;<font color=#585858><font color=#585858>Does Not Evolve<\/font><\/font><\/font>
|
|move|p2a: Mew|Thunder Wave|p1a: Gothitelle
|-fail|p1a: Gothitelle|par
|move|p1a: Gothitelle|Calm Mind|p1a: Gothitelle
|-boost|p1a: Gothitelle|spa|1
|-boost|p1a: Gothitelle|spd|1
|
|turn|8
|
|move|p2a: Mew|Thunder Wave|p1a: Gothitelle
|-fail|p1a: Gothitelle|par
|cant|p1a: Gothitelle|par
|
|turn|9
|
|move|p2a: Mew|Thunder Wave|p1a: Gothitelle
|-fail|p1a: Gothitelle|par
|cant|p1a: Gothitelle|par
|
|turn|10
|
|move|p2a: Mew|Thunder Wave|p1a: Gothitelle
|-fail|p1a: Gothitelle|par
|move|p1a: Gothitelle|Calm Mind|p1a: Gothitelle
|-boost|p1a: Gothitelle|spa|1
|-boost|p1a: Gothitelle|spd|1
|
|turn|11
|
|move|p2a: Mew|Thunder Wave|p1a: Gothitelle
|-fail|p1a: Gothitelle|par
|move|p1a: Gothitelle|Calm Mind|p1a: Gothitelle
|-boost|p1a: Gothitelle|spa|1
|-boost|p1a: Gothitelle|spd|1
|
|turn|12
|
|move|p2a: Mew|Thunder Wave|p1a: Gothitelle
|-fail|p1a: Gothitelle|par
|cant|p1a: Gothitelle|par
|
|turn|13
|
|move|p2a: Mew|Thunder Wave|p1a: Gothitelle
|-fail|p1a: Gothitelle|par
|move|p1a: Gothitelle|Calm Mind|p1a: Gothitelle
|-boost|p1a: Gothitelle|spa|1
|-boost|p1a: Gothitelle|spd|1
|
|turn|14
|
|move|p2a: Mew|Thunder Wave|p1a: Gothitelle
|-fail|p1a: Gothitelle|par
|move|p1a: Gothitelle|Psychic|p2a: Mew
|-resisted|p2a: Mew
|-damage|p2a: Mew|191\/404
|
|turn|15
|
|move|p2a: Mew|Thunder Wave|p1a: Gothitelle
|-fail|p1a: Gothitelle|par
|move|p1a: Gothitelle|Psychic|p2a: Mew
|-resisted|p2a: Mew
|-damage|p2a: Mew|0 fnt
|faint|p2a: Mew
|
|
|switch|p2a: New Greninja|Weavile, M|281\/281
|-ability|p2a: New Greninja|Pressure
|turn|16
|
|switch|p1a: Hippowdon|Hippowdon, M|420\/420
|-weather|Sandstorm
|move|p2a: New Greninja|Knock Off|p1a: Hippowdon
|-damage|p1a: Hippowdon|280\/420
|-enditem|p1a: Hippowdon|Leftovers|[from] move: Knock Off|[of] p2a: New Greninja
|-damage|p2a: New Greninja|253\/281|[from] item: Life Orb
|
|-weather|Sandstorm|[upkeep]
|-damage|p2a: New Greninja|236\/281|[from] sandstorm
|turn|17
|
|move|p2a: New Greninja|Icicle Crash|p1a: Hippowdon
|-supereffective|p1a: Hippowdon
|-damage|p1a: Hippowdon|46\/420
|-damage|p2a: New Greninja|208\/281|[from] item: Life Orb
|move|p1a: Hippowdon|Slack Off|p1a: Hippowdon
|-heal|p1a: Hippowdon|256\/420
|
|-weather|Sandstorm|[upkeep]
|-damage|p2a: New Greninja|191\/281|[from] sandstorm
|turn|18
|
|switch|p1a: Scizor|Scizor, M|343\/343
|move|p2a: New Greninja|Icicle Crash|p1a: Scizor
|-resisted|p1a: Scizor
|-damage|p1a: Scizor|253\/343
|-damage|p2a: New Greninja|163\/281|[from] item: Life Orb
|
|-weather|Sandstorm|[upkeep]
|-damage|p2a: New Greninja|146\/281|[from] sandstorm
|turn|19
|
|switch|p2a: Rotom-Wash|Rotom-Wash|241\/241
|switch|p1a: Thundurus|Thundurus, M|299\/299
|
|-weather|Sandstorm|[upkeep]
|-damage|p2a: Rotom-Wash|226\/241|[from] sandstorm
|-damage|p1a: Thundurus|281\/299|[from] sandstorm
|turn|20
|
|move|p2a: Rotom-Wash|Hydro Pump|p1a: Thundurus
|-damage|p1a: Thundurus|53\/299
|move|p1a: Thundurus|Thunderbolt|p2a: Rotom-Wash
|-damage|p2a: Rotom-Wash|47\/241
|-damage|p1a: Thundurus|24\/299|[from] item: Life Orb
|
|-weather|none
|turn|21
|
|switch|p1a: Gothitelle|Gothitelle, M|341\/341 par
|move|p2a: Rotom-Wash|Hydro Pump|p1a: Gothitelle|[miss]
|-miss|p2a: Rotom-Wash|p1a: Gothitelle
|
|turn|22
|
|move|p2a: Rotom-Wash|Hydro Pump|p1a: Gothitelle
|-damage|p1a: Gothitelle|164\/341 par
|move|p1a: Gothitelle|Psychic|p2a: Rotom-Wash
|-damage|p2a: Rotom-Wash|0 fnt
|faint|p2a: Rotom-Wash
|
|-heal|p1a: Gothitelle|185\/341 par|[from] item: Leftovers
|
|switch|p2a: Raikou|Raikou|321\/321
|-ability|p2a: Raikou|Pressure
|turn|23
|
|move|p2a: Raikou|Calm Mind|p2a: Raikou
|-boost|p2a: Raikou|spa|1
|-boost|p2a: Raikou|spd|1
|cant|p1a: Gothitelle|par
|
|-heal|p1a: Gothitelle|206\/341 par|[from] item: Leftovers
|turn|24
|
|move|p2a: Raikou|Substitute|p2a: Raikou
|-start|p2a: Raikou|Substitute
|-damage|p2a: Raikou|241\/321
|move|p1a: Gothitelle|Trick|p2a: Raikou
|
|-heal|p2a: Raikou|261\/321|[from] item: Leftovers
|-heal|p1a: Gothitelle|227\/341 par|[from] item: Leftovers
|turn|25
|
|move|p2a: Raikou|Calm Mind|p2a: Raikou
|-boost|p2a: Raikou|spa|1
|-boost|p2a: Raikou|spd|1
|move|p1a: Gothitelle|Psychic|p2a: Raikou
|-activate|p2a: Raikou|Substitute|[damage]
|
|-heal|p2a: Raikou|281\/321|[from] item: Leftovers
|-heal|p1a: Gothitelle|248\/341 par|[from] item: Leftovers
|turn|26
|
|move|p2a: Raikou|Calm Mind|p2a: Raikou
|-boost|p2a: Raikou|spa|1
|-boost|p2a: Raikou|spd|1
|move|p1a: Gothitelle|Psychic|p2a: Raikou
|-end|p2a: Raikou|Substitute
|
|-heal|p2a: Raikou|301\/321|[from] item: Leftovers
|-heal|p1a: Gothitelle|269\/341 par|[from] item: Leftovers
|turn|27
|
|move|p2a: Raikou|Substitute|p2a: Raikou
|-start|p2a: Raikou|Substitute
|-damage|p2a: Raikou|221\/321
|move|p1a: Gothitelle|Calm Mind|p1a: Gothitelle
|-boost|p1a: Gothitelle|spa|1
|-boost|p1a: Gothitelle|spd|1
|
|-heal|p2a: Raikou|241\/321|[from] item: Leftovers
|-heal|p1a: Gothitelle|290\/341 par|[from] item: Leftovers
|turn|28
|
|move|p2a: Raikou|Thunderbolt|p1a: Gothitelle
|-damage|p1a: Gothitelle|64\/341 par
|cant|p1a: Gothitelle|par
|
|-heal|p2a: Raikou|261\/321|[from] item: Leftovers
|-heal|p1a: Gothitelle|85\/341 par|[from] item: Leftovers
|turn|29
|
|move|p2a: Raikou|Calm Mind|p2a: Raikou
|-boost|p2a: Raikou|spa|1
|-boost|p2a: Raikou|spd|1
|cant|p1a: Gothitelle|par
|
|-heal|p2a: Raikou|281\/321|[from] item: Leftovers
|-heal|p1a: Gothitelle|106\/341 par|[from] item: Leftovers
|turn|30
|
|move|p2a: Raikou|Calm Mind|p2a: Raikou
|-boost|p2a: Raikou|spa|1
|-boost|p2a: Raikou|spd|1
|move|p1a: Gothitelle|Psychic|p2a: Raikou
|-activate|p2a: Raikou|Substitute|[damage]
|
|-heal|p2a: Raikou|301\/321|[from] item: Leftovers
|-heal|p1a: Gothitelle|127\/341 par|[from] item: Leftovers
|turn|31
|
|move|p2a: Raikou|Thunderbolt|p1a: Gothitelle
|-damage|p1a: Gothitelle|0 fnt
|faint|p1a: Gothitelle
|
|-heal|p2a: Raikou|321\/321|[from] item: Leftovers
|
|switch|p1a: Breloom|Breloom, F|261\/261
|turn|32
|
|move|p2a: Raikou|Thunderbolt|p1a: Breloom
|-resisted|p1a: Breloom
|-enditem|p1a: Breloom|Focus Sash
|-damage|p1a: Breloom|1\/261
|move|p1a: Breloom|Bullet Seed|p2a: Raikou
|-end|p2a: Raikou|Substitute
|-damage|p2a: Raikou|239\/321
|-damage|p2a: Raikou|160\/321
|-hitcount|p2a: Raikou|3
|
|-heal|p2a: Raikou|180\/321|[from] item: Leftovers
|turn|33
|
|move|p1a: Breloom|Mach Punch|p2a: Raikou
|-damage|p2a: Raikou|33\/321
|move|p2a: Raikou|Thunderbolt|p1a: Breloom
|-resisted|p1a: Breloom
|-damage|p1a: Breloom|0 fnt
|faint|p1a: Breloom
|
|-heal|p2a: Raikou|53\/321|[from] item: Leftovers
|
|switch|p1a: Scizor|Scizor, M|253\/343
|turn|34
|
|detailschange|p1a: Scizor|Scizor-Mega, M
|-mega|p1a: Scizor|Scizor|Scizorite
|move|p1a: Scizor|Bullet Punch|p2a: Raikou
|-resisted|p2a: Raikou
|-damage|p2a: Raikou|0 fnt
|faint|p2a: Raikou
|
|
|switch|p2a: Charizard|Charizard, M|297\/297
|turn|35
|
|switch|p1a: Starmie|Starmie|324\/324
|detailschange|p2a: Charizard|Charizard-Mega-Y, M
|-mega|p2a: Charizard|Charizard|Charizardite Y
|-weather|SunnyDay
|move|p2a: Charizard|Fire Blast|p1a: Starmie
|-resisted|p1a: Starmie
|-damage|p1a: Starmie|195\/324
|-status|p1a: Starmie|brn
|
|-weather|SunnyDay|[upkeep]
|-heal|p1a: Starmie|215\/324 brn|[from] item: Leftovers
|-damage|p1a: Starmie|175\/324 brn|[from] brn
|turn|36
|
|switch|p2a: New Greninja|Weavile, M|146\/281
|-ability|p2a: New Greninja|Pressure
|switch|p1a: Hippowdon|Hippowdon, M|256\/420
|-weather|Sandstorm
|
|-weather|Sandstorm|[upkeep]
|-damage|p2a: New Greninja|129\/281|[from] sandstorm
|turn|37
|
|move|p2a: New Greninja|Icicle Crash|p1a: Hippowdon
|-supereffective|p1a: Hippowdon
|-damage|p1a: Hippowdon|22\/420
|-damage|p2a: New Greninja|101\/281|[from] item: Life Orb
|move|p1a: Hippowdon|Stealth Rock|p2a: New Greninja
|-sidestart|p2: yuna28|move: Stealth Rock
|
|-weather|Sandstorm|[upkeep]
|-damage|p2a: New Greninja|84\/281|[from] sandstorm
|turn|38
|
|move|p2a: New Greninja|Knock Off|p1a: Hippowdon
|-damage|p1a: Hippowdon|0 fnt
|-damage|p2a: New Greninja|56\/281|[from] item: Life Orb
|faint|p1a: Hippowdon
|
|-weather|Sandstorm|[upkeep]
|-damage|p2a: New Greninja|39\/281|[from] sandstorm
|
|switch|p1a: Scizor|Scizor-Mega, M|253\/343
|turn|39
|
|move|p2a: New Greninja|Knock Off|p1a: Scizor
|-damage|p1a: Scizor|136\/343
|-damage|p2a: New Greninja|11\/281|[from] item: Life Orb
|move|p1a: Scizor|Swords Dance|p1a: Scizor
|-boost|p1a: Scizor|atk|2
|
|-weather|Sandstorm|[upkeep]
|-damage|p2a: New Greninja|0 fnt|[from] sandstorm
|faint|p2a: New Greninja
|
|switch|p2a: Charizard|Charizard-Mega-Y, M|297\/297
|-damage|p2a: Charizard|149\/297|[from] Stealth Rock
|-weather|SunnyDay
|turn|40
|
|move|p1a: Scizor|Bullet Punch|p2a: Charizard
|-resisted|p2a: Charizard
|-damage|p2a: Charizard|2\/297
|move|p2a: Charizard|Fire Blast|p1a: Scizor
|-supereffective|p1a: Scizor
|-damage|p1a: Scizor|0 fnt
|faint|p1a: Scizor
|
|-weather|SunnyDay|[upkeep]
|
|switch|p1a: Thundurus|Thundurus, M|24\/299
|turn|41
|
|move|p1a: Thundurus|Thunderbolt|p2a: Charizard
|-supereffective|p2a: Charizard
|-damage|p2a: Charizard|0 fnt
|-damage|p1a: Thundurus|0 fnt|[from] item: Life Orb
|faint|p2a: Charizard
|faint|p1a: Thundurus
|
|-weather|SunnyDay|[upkeep]
|c|âjuandiegol2|gg
|
|switch|p1a: Starmie|Starmie|175\/324
|switch|p2a: Jirachi|Jirachi|388\/397 slp
|-damage|p2a: Jirachi|364\/397 slp|[from] Stealth Rock
|turn|42
|
|move|p1a: Starmie|Recover|p1a: Starmie
|-heal|p1a: Starmie|324\/324
|-curestatus|p2a: Jirachi|slp
|move|p2a: Jirachi|Calm Mind|p2a: Jirachi
|-boost|p2a: Jirachi|spa|1
|-boost|p2a: Jirachi|spd|1
|
|-weather|SunnyDay|[upkeep]
|-heal|p2a: Jirachi|388\/397|[from] item: Leftovers
|turn|43
|
|move|p1a: Starmie|Scald|p2a: Jirachi
|-damage|p2a: Jirachi|355\/397
|-status|p2a: Jirachi|brn
|move|p2a: Jirachi|Substitute|p2a: Jirachi
|-start|p2a: Jirachi|Substitute
|-damage|p2a: Jirachi|256\/397 brn
|
|-weather|SunnyDay|[upkeep]
|-heal|p2a: Jirachi|280\/397 brn|[from] item: Leftovers
|-damage|p2a: Jirachi|231\/397 brn|[from] brn
|turn|44
|c|âjuandiegol2|no
|
|move|p1a: Starmie|Scald|p2a: Jirachi
|-activate|p2a: Jirachi|Substitute|[damage]
|move|p2a: Jirachi|Calm Mind|p2a: Jirachi
|-boost|p2a: Jirachi|spa|1
|-boost|p2a: Jirachi|spd|1
|
|-weather|none
|-heal|p2a: Jirachi|255\/397 brn|[from] item: Leftovers
|-damage|p2a: Jirachi|206\/397 brn|[from] brn
|turn|45
|
|move|p1a: Starmie|Scald|p2a: Jirachi
|-activate|p2a: Jirachi|Substitute|[damage]
|move|p2a: Jirachi|Calm Mind|p2a: Jirachi
|-boost|p2a: Jirachi|spa|1
|-boost|p2a: Jirachi|spd|1
|
|-heal|p2a: Jirachi|230\/397 brn|[from] item: Leftovers
|-damage|p2a: Jirachi|181\/397 brn|[from] brn
|turn|46
|
|move|p1a: Starmie|Psyshock|p2a: Jirachi
|-resisted|p2a: Jirachi
|-end|p2a: Jirachi|Substitute
|move|p2a: Jirachi|Calm Mind|p2a: Jirachi
|-boost|p2a: Jirachi|spa|1
|-boost|p2a: Jirachi|spd|1
|
|-heal|p2a: Jirachi|205\/397 brn|[from] item: Leftovers
|-damage|p2a: Jirachi|156\/397 brn|[from] brn
|turn|47
|
|move|p1a: Starmie|Psyshock|p2a: Jirachi
|-resisted|p2a: Jirachi
|-damage|p2a: Jirachi|131\/397 brn
|move|p2a: Jirachi|Flash Cannon|p1a: Starmie
|-resisted|p1a: Starmie
|-damage|p1a: Starmie|176\/324
|-unboost|p1a: Starmie|spd|1
|
|-heal|p1a: Starmie|196\/324|[from] item: Leftovers
|-heal|p2a: Jirachi|155\/397 brn|[from] item: Leftovers
|-damage|p2a: Jirachi|106\/397 brn|[from] brn
|turn|48
|
|move|p1a: Starmie|Recover|p1a: Starmie
|-heal|p1a: Starmie|324\/324
|move|p2a: Jirachi|Psyshock|p1a: Starmie
|-resisted|p1a: Starmie
|-damage|p1a: Starmie|111\/324
|
|-heal|p1a: Starmie|131\/324|[from] item: Leftovers
|-heal|p2a: Jirachi|130\/397 brn|[from] item: Leftovers
|-damage|p2a: Jirachi|81\/397 brn|[from] brn
|turn|49
|
|move|p1a: Starmie|Recover|p1a: Starmie
|-heal|p1a: Starmie|293\/324
|move|p2a: Jirachi|Psyshock|p1a: Starmie
|-resisted|p1a: Starmie
|-damage|p1a: Starmie|82\/324
|
|-heal|p1a: Starmie|102\/324|[from] item: Leftovers
|-heal|p2a: Jirachi|105\/397 brn|[from] item: Leftovers
|-damage|p2a: Jirachi|56\/397 brn|[from] brn
|turn|50
|
|move|p1a: Starmie|Recover|p1a: Starmie
|-heal|p1a: Starmie|264\/324
|move|p2a: Jirachi|Psyshock|p1a: Starmie
|-resisted|p1a: Starmie
|-damage|p1a: Starmie|29\/324
|
|-heal|p1a: Starmie|49\/324|[from] item: Leftovers
|-heal|p2a: Jirachi|80\/397 brn|[from] item: Leftovers
|-damage|p2a: Jirachi|31\/397 brn|[from] brn
|turn|51
|
|move|p1a: Starmie|Scald|p2a: Jirachi
|-damage|p2a: Jirachi|1\/397 brn
|move|p2a: Jirachi|Psyshock|p1a: Starmie
|-resisted|p1a: Starmie
|-damage|p1a: Starmie|0 fnt
|faint|p1a: Starmie
|
|win|yuna28
|raw|Ladder updating...
|raw|juandiegol2's rating: 1566 &rarr; <strong>1546<\/strong><br \/>(-20 for losing)
|raw|yuna28's rating: 1570 &rarr; <strong>1590<\/strong><br \/>(+20 for winning)
|c|âjuandiegol2|min
|c|âyuna28|lol
|c|âjuandiegol2|damage
|c|âyuna28|closest match in a while
|c|âjuandiegol2|shir