|join|yuna28
|join|Dit dus
|player|p1|yuna28|192
|player|p2|Dit dus|1
|gametype|singles
|gen|6
|tier|OU
|rated
|clearpoke
|poke|p1|Charizard, M
|poke|p1|Weavile, M, shiny
|poke|p1|Reuniclus, F
|poke|p1|Sylveon, M
|poke|p1|Gyarados, M, shiny
|poke|p1|Mew
|poke|p2|Altaria, M
|poke|p2|Jirachi
|poke|p2|Terrakion
|poke|p2|Landorus, M
|poke|p2|Thundurus, M
|poke|p2|Azumarill, F
|rule|Swagger Clause: Swagger is banned
|rule|Baton Pass Clause: Limit one PokÃ©mon knowing Baton Pass
|rule|Sleep Clause Mod: Limit one foe put to sleep
|rule|Species Clause: Limit one of each PokÃ©mon
|rule|OHKO Clause: OHKO moves are banned
|rule|Moody Clause: Moody is banned
|rule|Evasion Moves Clause: Evasion moves are banned
|rule|Endless Battle Clause: Forcing endless battles is banned
|rule|HP Percentage Mod: HP is shown in percentages
|teampreview
|
|start
|switch|p1a: Mew|Mew|404\/404
|switch|p2a: Jirachi|Jirachi|341\/341
|turn|1
|
|move|p2a: Jirachi|Iron Head|p1a: Mew
|-damage|p1a: Mew|317\/404
|cant|p1a: Mew|flinch
|
|-heal|p1a: Mew|342\/404|[from] item: Leftovers
|turn|2
|
|switch|p2a: Thundurus|Thundurus, M|299\/299
|move|p1a: Mew|Thunder Wave|p2a: Thundurus
|-fail|p2a: Thundurus
|
|-heal|p1a: Mew|367\/404|[from] item: Leftovers
|turn|3
|
|move|p2a: Thundurus|Knock Off|p1a: Mew
|-supereffective|p1a: Mew
|-damage|p1a: Mew|151\/404
|-enditem|p1a: Mew|Leftovers|[from] move: Knock Off|[of] p2a: Thundurus
|-damage|p2a: Thundurus|270\/299|[from] item: Life Orb
|move|p1a: Mew|Stealth Rock|p2a: Thundurus
|-sidestart|p2: Dit dus|move: Stealth Rock
|
|turn|4
|
|move|p2a: Thundurus|Thunderbolt|p1a: Mew
|-damage|p1a: Mew|0 fnt
|-damage|p2a: Thundurus|241\/299|[from] item: Life Orb
|faint|p1a: Mew
|
|
|switch|p1a: Sylveon|Sylveon, M|391\/391
|turn|5
|
|move|p2a: Thundurus|Knock Off|p1a: Sylveon
|-resisted|p1a: Sylveon
|-damage|p1a: Sylveon|321\/391
|-enditem|p1a: Sylveon|Leftovers|[from] move: Knock Off|[of] p2a: Thundurus
|-damage|p2a: Thundurus|212\/299|[from] item: Life Orb
|move|p1a: Sylveon|Calm Mind|p1a: Sylveon
|-boost|p1a: Sylveon|spa|1
|-boost|p1a: Sylveon|spd|1
|
|turn|6
|
|switch|p2a: Jirachi|Jirachi|341\/341
|-damage|p2a: Jirachi|320\/341|[from] Stealth Rock
|move|p1a: Sylveon|Hyper Voice|p2a: Jirachi
|-resisted|p2a: Jirachi
|-damage|p2a: Jirachi|191\/341
|
|turn|7
|
|switch|p1a: Gyarados|Gyarados, M, shiny|332\/332
|move|p2a: Jirachi|U-turn|p1a: Gyarados
|-resisted|p1a: Gyarados
|-damage|p1a: Gyarados|291\/332
|
|switch|p2a: Thundurus|Thundurus, M|212\/299
|-damage|p2a: Thundurus|138\/299|[from] Stealth Rock
|
|-heal|p1a: Gyarados|311\/332|[from] item: Leftovers
|turn|8
|
|switch|p1a: Sylveon|Sylveon, M|321\/391
|move|p2a: Thundurus|Thunderbolt|p1a: Sylveon
|-crit|p1a: Sylveon
|-damage|p1a: Sylveon|103\/391
|-damage|p2a: Thundurus|109\/299|[from] item: Life Orb
|
|turn|9
|c|âDit dus|:(
|
|move|p2a: Thundurus|Thunderbolt|p1a: Sylveon
|-damage|p1a: Sylveon|0 fnt
|-damage|p2a: Thundurus|80\/299|[from] item: Life Orb
|faint|p1a: Sylveon
|
|c|âyuna28|getting those rocks up was huge I nerfed the biggest theat so bad
|
|switch|p1a: Reuniclus|Reuniclus, F|424\/424
|turn|10
|
|move|p2a: Thundurus|Knock Off|p1a: Reuniclus
|-supereffective|p1a: Reuniclus
|-damage|p1a: Reuniclus|185\/424
|-enditem|p1a: Reuniclus|Leftovers|[from] move: Knock Off|[of] p2a: Thundurus
|-damage|p2a: Thundurus|51\/299|[from] item: Life Orb
|move|p1a: Reuniclus|Recover|p1a: Reuniclus
|-heal|p1a: Reuniclus|397\/424
|
|turn|11
|
|move|p2a: Thundurus|Knock Off|p1a: Reuniclus
|-supereffective|p1a: Reuniclus
|-damage|p1a: Reuniclus|238\/424
|-damage|p2a: Thundurus|22\/299|[from] item: Life Orb
|move|p1a: Reuniclus|Psyshock|p2a: Thundurus
|-damage|p2a: Thundurus|0 fnt
|faint|p2a: Thundurus
|
|
|switch|p2a: Azumarill|Azumarill, F|403\/403
|-damage|p2a: Azumarill|353\/403|[from] Stealth Rock
|turn|12
|
|move|p2a: Azumarill|Waterfall|p1a: Reuniclus
|-damage|p1a: Reuniclus|9\/424
|move|p1a: Reuniclus|Psyshock|p2a: Azumarill
|-damage|p2a: Azumarill|223\/403
|
|turn|13
|
|move|p2a: Azumarill|Waterfall|p1a: Reuniclus
|-damage|p1a: Reuniclus|0 fnt
|faint|p1a: Reuniclus
|
|
|switch|p1a: Charizard|Charizard, M|297\/297
|turn|14
|
|detailschange|p1a: Charizard|Charizard-Mega-Y, M
|-mega|p1a: Charizard|Charizard|Charizardite Y
|-weather|SunnyDay
|move|p1a: Charizard|Fire Blast|p2a: Azumarill
|-resisted|p2a: Azumarill
|-damage|p2a: Azumarill|33\/403
|move|p2a: Azumarill|Waterfall|p1a: Charizard
|-supereffective|p1a: Charizard
|-damage|p1a: Charizard|0 fnt
|faint|p1a: Charizard
|
|-weather|SunnyDay|[upkeep]
|
|switch|p1a: Gyarados|Gyarados, M, shiny|311\/332
|turn|15
|
|switch|p2a: Jirachi|Jirachi|191\/341
|-damage|p2a: Jirachi|170\/341|[from] Stealth Rock
|move|p1a: Gyarados|Dragon Dance|p1a: Gyarados
|-boost|p1a: Gyarados|atk|1
|-boost|p1a: Gyarados|spe|1
|
|-weather|SunnyDay|[upkeep]
|-heal|p1a: Gyarados|331\/332|[from] item: Leftovers
|turn|16
|
|move|p2a: Jirachi|Trick|p1a: Gyarados
|-activate|p2a: Jirachi|move: Trick|[of] p1a: Gyarados
|-item|p1a: Gyarados|Choice Scarf|[from] move: Trick
|-item|p2a: Jirachi|Leftovers|[from] move: Trick
|move|p1a: Gyarados|Earthquake|p2a: Jirachi
|-supereffective|p2a: Jirachi
|-damage|p2a: Jirachi|0 fnt
|faint|p2a: Jirachi
|-boost|p1a: Gyarados|atk|1|[from] ability: Moxie
|
|-weather|SunnyDay|[upkeep]
|
|switch|p2a: Altaria|Altaria, M|297\/297
|-damage|p2a: Altaria|223\/297|[from] Stealth Rock
|turn|17
|
|detailschange|p2a: Altaria|Altaria-Mega, M
|-mega|p2a: Altaria|Altaria|Altarianite
|move|p1a: Gyarados|Earthquake|p2a: Altaria
|-crit|p2a: Altaria
|-damage|p2a: Altaria|0 fnt
|faint|p2a: Altaria
|-boost|p1a: Gyarados|atk|1|[from] ability: Moxie
|
|-weather|SunnyDay|[upkeep]
|
|switch|p2a: Landorus|Landorus, M|319\/319
|-damage|p2a: Landorus|280\/319|[from] Stealth Rock
|turn|18
|c|âyuna28|lol u know if u didn't evolve ud have won
|c|âDit dus|i realise
|c|âDit dus|fuck
|c|âyuna28|is terrakion scarfed
|
|move|p1a: Gyarados|Earthquake|p2a: Landorus
|-immune|p2a: Landorus|[msg]
|move|p2a: Landorus|Sludge Wave|p1a: Gyarados
|-damage|p1a: Gyarados|128\/332
|
|-weather|none
|turn|19
|c|âyuna28|if he is u can
|
|move|p1a: Gyarados|Earthquake|p2a: Landorus
|-immune|p2a: Landorus|[msg]
|move|p2a: Landorus|Rock Polish|p2a: Landorus
|-boost|p2a: Landorus|spe|2
|
|turn|20
|
|move|p2a: Landorus|Sludge Wave|p1a: Gyarados
|-damage|p1a: Gyarados|0 fnt
|faint|p1a: Gyarados
|
|c|âDit dus|need the low roll
|c|âDit dus|unless lo
|
|switch|p1a: Weavile|Weavile, M, shiny|282\/282
|-ability|p1a: Weavile|Pressure
|turn|21
|
|move|p1a: Weavile|Ice Shard|p2a: Landorus
|-supereffective|p2a: Landorus
|-damage|p2a: Landorus|0 fnt
|-damage|p1a: Weavile|254\/282|[from] item: Life Orb
|faint|p2a: Landorus
|
|c|âDit dus|fuck
|c|âDit dus|gg
|c|âyuna28|gg
|
|switch|p2a: Terrakion|Terrakion|323\/323
|-damage|p2a: Terrakion|303\/323|[from] Stealth Rock
|turn|22
|
|move|p1a: Weavile|Low Kick|p2a: Terrakion
|-supereffective|p2a: Terrakion
|-damage|p2a: Terrakion|0 fnt
|-damage|p1a: Weavile|226\/282|[from] item: Life Orb
|faint|p2a: Terrakion
|
|
|switch|p2a: Azumarill|Azumarill, F|33\/403
|-damage|p2a: Azumarill|0 fnt|[from] Stealth Rock
|faint|p2a: Azumarill
|
|win|yuna28
|raw|Ladder updating...
|raw|yuna28's rating: 1628 &rarr; <strong>1649<\/strong><br \/>(+21 for winning)
|raw|Dit dus's rating: 1652 &rarr; <strong>1630<\/strong><br \/>(-22 for losing)
|leave|Dit dus
|player|p2