|join|yuna28
|join|lil manaphy
|player|p1|yuna28|192
|player|p2|lil manaphy|272
|gametype|singles
|gen|6
|tier|OU
|rated
|clearpoke
|poke|p1|Weavile, M
|poke|p1|Charizard, F
|poke|p1|Raikou
|poke|p1|Rotom-Wash
|poke|p1|Jirachi
|poke|p1|Mew
|poke|p2|Lopunny, M
|poke|p2|Manaphy
|poke|p2|Scizor, F
|poke|p2|Celebi
|poke|p2|Heatran, M
|poke|p2|Mandibuzz, F
|rule|Swagger Clause: Swagger is banned
|rule|Baton Pass Clause: Limit one PokÃ©mon knowing Baton Pass
|rule|Sleep Clause Mod: Limit one foe put to sleep
|rule|Species Clause: Limit one of each PokÃ©mon
|rule|OHKO Clause: OHKO moves are banned
|rule|Moody Clause: Moody is banned
|rule|Evasion Moves Clause: Evasion moves are banned
|rule|Endless Battle Clause: Forcing endless battles is banned
|rule|HP Percentage Mod: HP is shown in percentages
|teampreview
|join|Zamrock
|
|start
|switch|p1a: Rotom-Wash|Rotom-Wash|241\/241
|switch|p2a: Couture|Lopunny, M|271\/271
|turn|1
|join|Alkov
|
|detailschange|p2a: Couture|Lopunny-Mega, M
|-mega|p2a: Couture|Lopunny|Lopunnite
|move|p2a: Couture|Fake Out|p1a: Rotom-Wash
|-damage|p1a: Rotom-Wash|171\/241
|cant|p1a: Rotom-Wash|flinch
|
|turn|2
|
|switch|p2a: just my onion|Celebi|404\/404
|move|p1a: Rotom-Wash|Thunder Wave|p2a: just my onion
|-status|p2a: just my onion|par
|
|turn|3
|
|switch|p1a: Jirachi|Jirachi|397\/397
|cant|p2a: just my onion|par
|
|turn|4
|
|switch|p1a: Rotom-Wash|Rotom-Wash|171\/241
|switch|p2a: bean curd puff|Heatran, M|386\/386
|
|turn|5
|
|move|p1a: Rotom-Wash|Trick|p2a: bean curd puff
|-activate|p1a: Rotom-Wash|move: Trick|[of] p2a: bean curd puff
|-item|p2a: bean curd puff|Choice Scarf|[from] move: Trick
|-item|p1a: Rotom-Wash|Leftovers|[from] move: Trick
|move|p2a: bean curd puff|Stealth Rock|p1a: Rotom-Wash
|-sidestart|p1: yuna28|move: Stealth Rock
|
|-heal|p1a: Rotom-Wash|186\/241|[from] item: Leftovers
|turn|6
|c| Zamrock|lil manaphy
|join|kerog
|c| Zamrock|when u get older or some shit
|
|switch|p2a: just my onion|Celebi|404\/404
|move|p1a: Rotom-Wash|Hydro Pump|p2a: just my onion|[miss]
|-miss|p1a: Rotom-Wash|p2a: just my onion
|
|-heal|p1a: Rotom-Wash|201\/241|[from] item: Leftovers
|turn|7
|c| Zamrock|take me to a lezbo bar someday
|c| Zamrock|i've always
|c| Zamrock|wanted to go
|c| Zamrock|-
|
|switch|p1a: Jirachi|Jirachi|397\/397
|-damage|p1a: Jirachi|373\/397|[from] Stealth Rock
|move|p2a: just my onion|Baton Pass|p2a: just my onion
|
|switch|p2a: business|Scizor, F|343\/343
|
|-heal|p1a: Jirachi|397\/397|[from] item: Leftovers
|turn|8
|c| Zamrock|and u ignore me
|
|move|p2a: business|Pursuit|p1a: Jirachi|[from]Pursuit
|-crit|p1a: Jirachi
|-supereffective|p1a: Jirachi
|-damage|p1a: Jirachi|0 fnt
|faint|p1a: Jirachi
|
|c| Zamrock|meaning
|c| Zamrock|you'll do it
|c| Zamrock|!
|
|switch|p1a: Rotom-Wash|Rotom-Wash|201\/241
|-damage|p1a: Rotom-Wash|171\/241|[from] Stealth Rock
|turn|9
|
|switch|p2a: just my onion|Celebi|404\/404
|move|p1a: Rotom-Wash|Thunder Wave|p2a: just my onion
|-status|p2a: just my onion|par
|
|-heal|p1a: Rotom-Wash|186\/241|[from] item: Leftovers
|turn|10
|
|switch|p1a: Mew|Mew|404\/404
|-damage|p1a: Mew|354\/404|[from] Stealth Rock
|move|p2a: just my onion|Baton Pass|p2a: just my onion
|
|switch|p2a: business|Scizor, F|343\/343
|
|-heal|p1a: Mew|379\/404|[from] item: Leftovers
|turn|11
|
|move|p1a: Mew|Thunder Wave|p2a: business
|-status|p2a: business|par
|move|p2a: business|U-turn|p1a: Mew
|-supereffective|p1a: Mew
|-damage|p1a: Mew|77\/404
|
|switch|p2a: Couture|Lopunny-Mega, M|271\/271
|
|-heal|p1a: Mew|102\/404|[from] item: Leftovers
|turn|12
|
|switch|p1a: Rotom-Wash|Rotom-Wash|186\/241
|-damage|p1a: Rotom-Wash|156\/241|[from] Stealth Rock
|move|p2a: Couture|Return|p1a: Rotom-Wash
|-damage|p1a: Rotom-Wash|0 fnt
|faint|p1a: Rotom-Wash
|
|
|switch|p1a: Mew|Mew|102\/404
|-damage|p1a: Mew|52\/404|[from] Stealth Rock
|turn|13
|-message|yuna28 forfeited.
|leave|yuna28
|
|move|p2a: Couture|Return|p1a: Mew
|-damage|p1a: Mew|0 fnt
|faint|p1a: Mew
|
|
|win|lil manaphy
|raw|Ladder updating...