|join|yuna28
|join|Wond3rbread
|player|p1|yuna28|192
|player|p2|Wond3rbread|165
|gametype|singles
|gen|6
|tier|OU (suspect test)
|rated
|clearpoke
|poke|p1|Charizard, M
|poke|p1|Weavile, M, shiny
|poke|p1|Reuniclus, M
|poke|p1|Sylveon, M
|poke|p1|Gyarados, F, shiny
|poke|p1|Mew
|poke|p2|Diancie
|poke|p2|Heatran, M
|poke|p2|Rotom-Wash
|poke|p2|Clefable, F
|poke|p2|Garchomp, F
|poke|p2|Chesnaught, F
|rule|Swagger Clause: Swagger is banned
|rule|Baton Pass Clause: Limit one PokÃ©mon knowing Baton Pass
|rule|Sleep Clause Mod: Limit one foe put to sleep
|rule|Species Clause: Limit one of each PokÃ©mon
|rule|OHKO Clause: OHKO moves are banned
|rule|Moody Clause: Moody is banned
|rule|Evasion Moves Clause: Evasion moves are banned
|rule|Endless Battle Clause: Forcing endless battles is banned
|rule|HP Percentage Mod: HP is shown in percentages
|teampreview
|
|start
|switch|p1a: Mew|Mew|404\/404
|switch|p2a: Heatran|Heatran, M|385\/385
|turn|1
|
|move|p1a: Mew|Thunder Wave|p2a: Heatran
|-status|p2a: Heatran|par
|move|p2a: Heatran|Lava Plume|p1a: Mew
|-damage|p1a: Mew|290\/404
|
|-heal|p1a: Mew|315\/404|[from] item: Leftovers
|turn|2
|
|move|p1a: Mew|Drain Punch|p2a: Heatran
|-supereffective|p2a: Heatran
|-damage|p2a: Heatran|269\/385 par
|-heal|p1a: Mew|373\/404|[from] drain|[of] p2a: Heatran
|move|p2a: Heatran|Stealth Rock|p1a: Mew
|-sidestart|p1: yuna28|move: Stealth Rock
|
|-heal|p1a: Mew|398\/404|[from] item: Leftovers
|-heal|p2a: Heatran|293\/385 par|[from] item: Leftovers
|turn|3
|
|switch|p2a: Chesnaught|Chesnaught, F|380\/380
|move|p1a: Mew|Drain Punch|p2a: Chesnaught
|-damage|p2a: Chesnaught|336\/380
|-heal|p1a: Mew|404\/404|[from] drain|[of] p2a: Chesnaught
|
|-heal|p2a: Chesnaught|359\/380|[from] item: Leftovers
|turn|4
|
|move|p1a: Mew|Thunder Wave|p2a: Chesnaught
|-status|p2a: Chesnaught|par
|cant|p2a: Chesnaught|par
|
|-heal|p2a: Chesnaught|380\/380 par|[from] item: Leftovers
|turn|5
|
|move|p1a: Mew|Defog|p2a: Chesnaught
|-unboost|p2a: Chesnaught|evasion|1
|-sideend|p1: yuna28|Stealth Rock|[from] move: Defog|[of] p1a: Mew
|cant|p2a: Chesnaught|par
|
|turn|6
|
|move|p1a: Mew|Stealth Rock|p2a: Chesnaught
|-sidestart|p2: Wond3rbread|move: Stealth Rock
|move|p2a: Chesnaught|Leech Seed|p1a: Mew
|-start|p1a: Mew|move: Leech Seed
|
|-damage|p1a: Mew|354\/404|[from] Leech Seed|[of] p2a: Chesnaught
|turn|7
|c|âWond3rbread|..
|c|âyuna28|lol
|
|switch|p1a: Charizard|Charizard, M|297\/297
|cant|p2a: Chesnaught|par
|
|turn|8
|c|âWond3rbread|...
|
|switch|p2a: Garchomp|Garchomp, F|357\/357
|-damage|p2a: Garchomp|335\/357|[from] Stealth Rock
|detailschange|p1a: Charizard|Charizard-Mega-Y, M
|-mega|p1a: Charizard|Charizard|Charizardite Y
|-weather|SunnyDay
|move|p1a: Charizard|Flamethrower|p2a: Garchomp
|-resisted|p2a: Garchomp
|-damage|p2a: Garchomp|166\/357
|
|-weather|SunnyDay|[upkeep]
|turn|9
|
|switch|p1a: Mew|Mew|354\/404
|move|p2a: Garchomp|Stone Edge|p1a: Mew
|-damage|p1a: Mew|264\/404
|
|-weather|SunnyDay|[upkeep]
|-heal|p1a: Mew|289\/404|[from] item: Leftovers
|turn|10
|
|switch|p2a: Diancie|Diancie|257\/257
|-damage|p2a: Diancie|225\/257|[from] Stealth Rock
|move|p1a: Mew|Drain Punch|p2a: Diancie
|-damage|p2a: Diancie|185\/257
|-heal|p1a: Mew|309\/404|[from] drain|[of] p2a: Diancie
|
|-weather|SunnyDay|[upkeep]
|-heal|p1a: Mew|334\/404|[from] item: Leftovers
|turn|11
|
|detailschange|p2a: Diancie|Diancie-Mega
|-mega|p2a: Diancie|Diancie|Diancite
|move|p1a: Mew|Drain Punch|p2a: Diancie
|-crit|p2a: Diancie
|-damage|p2a: Diancie|99\/257
|-heal|p1a: Mew|377\/404|[from] drain|[of] p2a: Diancie
|move|p2a: Diancie|Moonblast|p1a: Mew
|-damage|p1a: Mew|175\/404
|-unboost|p1a: Mew|spa|1
|
|-weather|SunnyDay|[upkeep]
|-heal|p1a: Mew|200\/404|[from] item: Leftovers
|turn|12
|c|âWond3rbread|damn I've never been haxed this badly
|
|move|p2a: Diancie|Diamond Storm|p1a: Mew
|-damage|p1a: Mew|71\/404
|move|p1a: Mew|Drain Punch|p2a: Diancie
|-damage|p2a: Diancie|42\/257
|-heal|p1a: Mew|100\/404|[from] drain|[of] p2a: Diancie
|
|-weather|none
|-heal|p1a: Mew|125\/404|[from] item: Leftovers
|turn|13
|c|âyuna28|haxed
|
|move|p2a: Diancie|Moonblast|p1a: Mew
|-damage|p1a: Mew|0 fnt
|faint|p1a: Mew
|
|c|âyuna28|u were parahaxed once
|c|âWond3rbread|man's para'd me 3m4
|
|switch|p1a: Sylveon|Sylveon, M|391\/391
|turn|14
|c|âWond3rbread|3 para's
|c|âWond3rbread|learn how to count plz
|
|move|p2a: Diancie|Diamond Storm|p1a: Sylveon
|-damage|p1a: Sylveon|201\/391
|-boost|p2a: Diancie|def|1
|move|p1a: Sylveon|Hyper Voice|p2a: Diancie
|-damage|p2a: Diancie|0 fnt
|faint|p2a: Diancie
|
|-heal|p1a: Sylveon|225\/391|[from] item: Leftovers
|
|switch|p2a: Heatran|Heatran, M|293\/385 par
|-damage|p2a: Heatran|245\/385 par|[from] Stealth Rock
|turn|15
|c|âWond3rbread|well 3 oon ches
|c|âWond3rbread|1 on tran
|c|âWond3rbread|and u critted diancie w\/ drain punch
|c|âyuna28|u get rocks up nyways
|
|switch|p1a: Charizard|Charizard-Mega-Y, M|297\/297
|-weather|SunnyDay
|move|p2a: Heatran|Stealth Rock|p1a: Charizard
|-sidestart|p1: yuna28|move: Stealth Rock
|
|-weather|SunnyDay|[upkeep]
|-heal|p2a: Heatran|269\/385 par|[from] item: Leftovers
|turn|16
|
|move|p1a: Charizard|Earthquake|p2a: Heatran
|-supereffective|p2a: Heatran
|-damage|p2a: Heatran|0 fnt
|faint|p2a: Heatran
|
|-weather|SunnyDay|[upkeep]
|
|switch|p2a: Garchomp|Garchomp, F|166\/357
|-damage|p2a: Garchomp|144\/357|[from] Stealth Rock
|turn|17
|
|switch|p1a: Sylveon|Sylveon, M|225\/391
|-damage|p1a: Sylveon|177\/391|[from] Stealth Rock
|move|p2a: Garchomp|Stone Edge|p1a: Sylveon
|-damage|p1a: Sylveon|58\/391
|
|-weather|SunnyDay|[upkeep]
|-heal|p1a: Sylveon|82\/391|[from] item: Leftovers
|turn|18
|
|move|p2a: Garchomp|Stone Edge|p1a: Sylveon
|-damage|p1a: Sylveon|0 fnt
|faint|p1a: Sylveon
|
|-weather|SunnyDay|[upkeep]
|c|âyuna28|is clefable unaware?
|
|switch|p1a: Reuniclus|Reuniclus, M|424\/424
|turn|19
|c|âWond3rbread|y
|c|âyuna28|if its not gg
|
|switch|p2a: Clefable|Clefable, F|394\/394
|move|p1a: Reuniclus|Calm Mind|p1a: Reuniclus
|-boost|p1a: Reuniclus|spa|1
|-boost|p1a: Reuniclus|spd|1
|
|-weather|none
|turn|20
|
|move|p2a: Clefable|Calm Mind|p2a: Clefable
|-boost|p2a: Clefable|spa|1
|-boost|p2a: Clefable|spd|1
|move|p1a: Reuniclus|Calm Mind|p1a: Reuniclus
|-boost|p1a: Reuniclus|spa|1
|-boost|p1a: Reuniclus|spd|1
|
|turn|21
|c|âWond3rbread|not worried bout nothing
|
|move|p2a: Clefable|Calm Mind|p2a: Clefable
|-boost|p2a: Clefable|spa|1
|-boost|p2a: Clefable|spd|1
|move|p1a: Reuniclus|Calm Mind|p1a: Reuniclus
|-boost|p1a: Reuniclus|spa|1
|-boost|p1a: Reuniclus|spd|1
|
|turn|22
|
|move|p2a: Clefable|Calm Mind|p2a: Clefable
|-boost|p2a: Clefable|spa|1
|-boost|p2a: Clefable|spd|1
|move|p1a: Reuniclus|Calm Mind|p1a: Reuniclus
|-boost|p1a: Reuniclus|spa|1
|-boost|p1a: Reuniclus|spd|1
|
|turn|23
|c|âWond3rbread|I can slowly crit u to death :]
|c|âyuna28|probly unaware then
|c|âWond3rbread|...
|c|âWond3rbread|I didn't take rocks
|c|âyuna28|im a psychic type
|c|âWond3rbread|obvs magic guard
|
|move|p2a: Clefable|Calm Mind|p2a: Clefable
|-boost|p2a: Clefable|spa|1
|-boost|p2a: Clefable|spd|1
|move|p1a: Reuniclus|Calm Mind|p1a: Reuniclus
|-boost|p1a: Reuniclus|spa|1
|-boost|p1a: Reuniclus|spd|1
|
|turn|24
|c|âWond3rbread|l
|c|âyuna28|it matters im a psychic so I win
|c|âWond3rbread|am not worried
|c|âWond3rbread|about nothing
|
|move|p2a: Clefable|Calm Mind|p2a: Clefable
|-boost|p2a: Clefable|spa|1
|-boost|p2a: Clefable|spd|1
|move|p1a: Reuniclus|Psyshock|p2a: Clefable
|-damage|p2a: Clefable|6\/394
|
|-heal|p2a: Clefable|30\/394|[from] item: Leftovers
|turn|25
|c|âWond3rbread|exceppt hax
|c|âyuna28|stab psyshock lol
|c|âWond3rbread|that I'm kinda scared of
|c|âWond3rbread|ik that does a lot
|
|move|p2a: Clefable|Stored Power|p1a: Reuniclus
|-resisted|p1a: Reuniclus
|-damage|p1a: Reuniclus|334\/424
|move|p1a: Reuniclus|Psyshock|p2a: Clefable
|-crit|p2a: Clefable
|-damage|p2a: Clefable|0 fnt
|faint|p2a: Clefable
|
|-heal|p1a: Reuniclus|360\/424|[from] item: Leftovers
|c|âyuna28|that's that advantage of being a psychic
|-message|Wond3rbread forfeited.
|
|win|yuna28
|raw|Ladder updating...
|raw|yuna28's rating: 1171 &rarr; <strong>1194<\/strong><br \/>(+23 for winning)
|raw|Wond3rbread's rating: 1150 &rarr; <strong>1127<\/strong><br \/>(-23 for losing)
|c|âWond3rbread|ur vry luKE
|c|âWond3rbread|:]
|leave|Wond3rbread
|c|âyuna28|lol
|player|p2