|join|bad n lucky
|join|Mamoswineflu
|player|p1|bad n lucky|33
|player|p2|Mamoswineflu|102
|gametype|singles
|gen|6
|tier|OU
|rated
|clearpoke
|poke|p1|Lopunny, M
|poke|p1|Latios, M, shiny
|poke|p1|Rotom-Wash
|poke|p1|Klefki, M
|poke|p1|Clefable, F
|poke|p1|Landorus-Therian, M
|poke|p2|Camerupt, M
|poke|p2|Latias, F
|poke|p2|Greninja, M
|poke|p2|Breloom, M
|poke|p2|Rotom-Wash
|poke|p2|Tornadus-Therian, M
|rule|Swagger Clause: Swagger is banned
|rule|Baton Pass Clause: Limit one PokÃ©mon knowing Baton Pass
|rule|Sleep Clause Mod: Limit one foe put to sleep
|rule|Species Clause: Limit one of each PokÃ©mon
|rule|OHKO Clause: OHKO moves are banned
|rule|Moody Clause: Moody is banned
|rule|Evasion Moves Clause: Evasion moves are banned
|rule|Endless Battle Clause: Forcing endless battles is banned
|rule|HP Percentage Mod: HP is shown in percentages
|teampreview
|
|start
|switch|p1a: Lopunny|Lopunny, M|271\/271
|switch|p2a: Tornadus-Therian|Tornadus-Therian, M|361\/361
|turn|1
|
|detailschange|p1a: Lopunny|Lopunny-Mega, M
|-mega|p1a: Lopunny|Lopunny|Lopunnite
|move|p1a: Lopunny|Fake Out|p2a: Tornadus-Therian
|-damage|p2a: Tornadus-Therian|274\/361
|cant|p2a: Tornadus-Therian|flinch
|
|turn|2
|
|move|p1a: Lopunny|Return|p2a: Tornadus-Therian
|-damage|p2a: Tornadus-Therian|66\/361
|move|p2a: Tornadus-Therian|Hurricane|p1a: Lopunny
|-supereffective|p1a: Lopunny
|-damage|p1a: Lopunny|0 fnt
|faint|p1a: Lopunny
|
|
|switch|p1a: Klefki|Klefki, M|318\/318
|turn|3
|
|switch|p2a: Camerupt|Camerupt, M|343\/343
|move|p1a: Klefki|Spikes|p2a: Camerupt
|-sidestart|p2: Mamoswineflu|Spikes
|
|turn|4
|
|switch|p1a: Rotom-Wash|Rotom-Wash|303\/303
|detailschange|p2a: Camerupt|Camerupt-Mega, M
|-mega|p2a: Camerupt|Camerupt|Cameruptite
|move|p2a: Camerupt|Stealth Rock|p1a: Rotom-Wash
|-sidestart|p1: bad n lucky|move: Stealth Rock
|
|turn|5
|
|switch|p2a: Rotom-Wash|Rotom-Wash|304\/304
|move|p1a: Rotom-Wash|Volt Switch|p2a: Rotom-Wash
|-damage|p2a: Rotom-Wash|222\/304
|
|switch|p1a: Clefable|Clefable, F|394\/394
|
|-heal|p2a: Rotom-Wash|241\/304|[from] item: Leftovers
|turn|6
|
|move|p2a: Rotom-Wash|Volt Switch|p1a: Clefable
|-damage|p1a: Clefable|292\/394
|
|switch|p2a: Tornadus-Therian|Tornadus-Therian, M|186\/361
|move|p1a: Clefable|Stealth Rock|p2a: Tornadus-Therian
|-sidestart|p2: Mamoswineflu|move: Stealth Rock
|
|-heal|p1a: Clefable|316\/394|[from] item: Leftovers
|turn|7
|
|move|p2a: Tornadus-Therian|Knock Off|p1a: Clefable
|-resisted|p1a: Clefable
|-damage|p1a: Clefable|284\/394
|-enditem|p1a: Clefable|Leftovers|[from] move: Knock Off|[of] p2a: Tornadus-Therian
|move|p1a: Clefable|Soft-Boiled|p1a: Clefable
|-heal|p1a: Clefable|394\/394
|
|turn|8
|
|move|p2a: Tornadus-Therian|Hurricane|p1a: Clefable
|-damage|p1a: Clefable|247\/394
|-start|p1a: Clefable|confusion
|-activate|p1a: Clefable|confusion
|move|p1a: Clefable|Moonblast|p2a: Tornadus-Therian
|-damage|p2a: Tornadus-Therian|101\/361
|-unboost|p2a: Tornadus-Therian|spa|1
|
|turn|9
|
|switch|p1a: Klefki|Klefki, M|318\/318
|-damage|p1a: Klefki|299\/318|[from] Stealth Rock
|move|p2a: Tornadus-Therian|U-turn|p1a: Klefki
|-resisted|p1a: Klefki
|-damage|p1a: Klefki|286\/318
|
|switch|p2a: Camerupt|Camerupt-Mega, M|343\/343
|-damage|p2a: Camerupt|301\/343|[from] Spikes
|-damage|p2a: Camerupt|259\/343|[from] Stealth Rock
|
|-heal|p1a: Klefki|305\/318|[from] item: Leftovers
|turn|10
|
|switch|p1a: Rotom-Wash|Rotom-Wash|303\/303
|-damage|p1a: Rotom-Wash|266\/303|[from] Stealth Rock
|move|p2a: Camerupt|Fire Blast|p1a: Rotom-Wash
|-resisted|p1a: Rotom-Wash
|-damage|p1a: Rotom-Wash|135\/303
|
|-heal|p1a: Rotom-Wash|153\/303|[from] item: Leftovers
|turn|11
|
|switch|p2a: Rotom-Wash|Rotom-Wash|241\/304
|-damage|p2a: Rotom-Wash|203\/304|[from] Stealth Rock
|move|p1a: Rotom-Wash|Volt Switch|p2a: Rotom-Wash
|-damage|p2a: Rotom-Wash|118\/304
|
|switch|p1a: Latios|Latios, M, shiny|301\/301
|-damage|p1a: Latios|264\/301|[from] Stealth Rock
|
|-heal|p2a: Rotom-Wash|137\/304|[from] item: Leftovers
|turn|12
|
|move|p1a: Latios|Draco Meteor|p2a: Rotom-Wash
|-damage|p2a: Rotom-Wash|0 fnt
|-unboost|p1a: Latios|spa|2
|-damage|p1a: Latios|234\/301|[from] item: Life Orb
|faint|p2a: Rotom-Wash
|
|
|switch|p2a: Greninja|Greninja, M|285\/285
|-damage|p2a: Greninja|250\/285|[from] Stealth Rock
|-damage|p2a: Greninja|215\/285|[from] Spikes
|turn|13
|
|switch|p1a: Klefki|Klefki, M|305\/318
|-damage|p1a: Klefki|286\/318|[from] Stealth Rock
|move|p2a: Greninja|Ice Beam|p1a: Klefki
|-start|p2a: Greninja|typechange|Ice|[from] Protean
|-crit|p1a: Klefki
|-resisted|p1a: Klefki
|-damage|p1a: Klefki|177\/318
|-damage|p2a: Greninja|187\/285|[from] item: Life Orb
|
|-heal|p1a: Klefki|196\/318|[from] item: Leftovers
|turn|14
|
|move|p1a: Klefki|Thunder Wave|p2a: Greninja
|-status|p2a: Greninja|par
|move|p2a: Greninja|Hydro Pump|p1a: Klefki
|-start|p2a: Greninja|typechange|Water|[from] Protean
|-damage|p1a: Klefki|15\/318
|-damage|p2a: Greninja|159\/285 par|[from] item: Life Orb
|
|-heal|p1a: Klefki|34\/318|[from] item: Leftovers
|turn|15
|
|move|p1a: Klefki|Spikes|p2a: Greninja
|-sidestart|p2: Mamoswineflu|Spikes
|move|p2a: Greninja|Ice Beam|p1a: Klefki
|-start|p2a: Greninja|typechange|Ice|[from] Protean
|-resisted|p1a: Klefki
|-damage|p1a: Klefki|0 fnt
|-damage|p2a: Greninja|131\/285 par|[from] item: Life Orb
|faint|p1a: Klefki
|
|
|switch|p1a: Latios|Latios, M, shiny|234\/301
|-damage|p1a: Latios|197\/301|[from] Stealth Rock
|turn|16
|
|move|p1a: Latios|Psyshock|p2a: Greninja
|-damage|p2a: Greninja|0 fnt
|-damage|p1a: Latios|167\/301|[from] item: Life Orb
|faint|p2a: Greninja
|
|
|switch|p2a: Tornadus-Therian|Tornadus-Therian, M|221\/361
|-damage|p2a: Tornadus-Therian|131\/361|[from] Stealth Rock
|turn|17
|
|switch|p1a: Rotom-Wash|Rotom-Wash|153\/303
|-damage|p1a: Rotom-Wash|116\/303|[from] Stealth Rock
|move|p2a: Tornadus-Therian|U-turn|p1a: Rotom-Wash
|-damage|p1a: Rotom-Wash|80\/303
|
|switch|p2a: Latias|Latias, F|319\/319
|-damage|p2a: Latias|280\/319|[from] Stealth Rock
|
|-heal|p1a: Rotom-Wash|98\/303|[from] item: Leftovers
|turn|18
|
|move|p2a: Latias|Defog|p1a: Rotom-Wash
|-unboost|p1a: Rotom-Wash|evasion|1
|-sideend|p1: bad n lucky|Stealth Rock|[from] move: Defog|[of] p1a: Rotom-Wash
|-sideend|p2: Mamoswineflu|Spikes|[from] move: Defog|[of] p2a: Latias
|-sideend|p2: Mamoswineflu|Stealth Rock|[from] move: Defog|[of] p2a: Latias
|move|p1a: Rotom-Wash|Pain Split|p2a: Latias
|-sethp|p2a: Latias|189\/319|p1a: Rotom-Wash|189\/303|[from] move: Pain Split
|
|-heal|p1a: Rotom-Wash|207\/303|[from] item: Leftovers
|turn|19
|
|move|p2a: Latias|Healing Wish|p2a: Latias
|faint|p2a: Latias
|move|p1a: Rotom-Wash|Volt Switch|p2: Latias|[notarget]
|-notarget
|
|-heal|p1a: Rotom-Wash|225\/303|[from] item: Leftovers
|
|switch|p2a: Breloom|Breloom, M|261\/261
|-heal|p2a: Breloom|261\/261|[from] move: Healing Wish
|turn|20
|
|move|p2a: Breloom|Bullet Seed|p1a: Rotom-Wash
|-supereffective|p1a: Rotom-Wash
|-damage|p1a: Rotom-Wash|133\/303
|-supereffective|p1a: Rotom-Wash
|-damage|p1a: Rotom-Wash|43\/303
|-supereffective|p1a: Rotom-Wash
|-damage|p1a: Rotom-Wash|0 fnt
|-hitcount|p1a: Rotom-Wash|3
|faint|p1a: Rotom-Wash
|
|
|switch|p1a: Landorus-Therian|Landorus-Therian, M|321\/321
|-ability|p1a: Landorus-Therian|Intimidate|[of] p2a: Breloom
|-unboost|p2a: Breloom|atk|1
|turn|21
|
|move|p1a: Landorus-Therian|U-turn|p2a: Breloom
|-damage|p2a: Breloom|153\/261
|
|switch|p1a: Clefable|Clefable, F|247\/394
|move|p2a: Breloom|Spore|p1a: Clefable
|-status|p1a: Clefable|slp
|
|turn|22
|
|switch|p2a: Tornadus-Therian|Tornadus-Therian, M|251\/361
|switch|p1a: Landorus-Therian|Landorus-Therian, M|321\/321
|-ability|p1a: Landorus-Therian|Intimidate|[of] p2a: Tornadus-Therian
|-unboost|p2a: Tornadus-Therian|atk|1
|
|turn|23
|
|move|p1a: Landorus-Therian|Stone Edge|p2a: Tornadus-Therian
|-supereffective|p2a: Tornadus-Therian
|-damage|p2a: Tornadus-Therian|0 fnt
|faint|p2a: Tornadus-Therian
|
|-message|Mamoswineflu forfeited.
|leave|Mamoswineflu
|
|switch|p2a: Camerupt|Camerupt-Mega, M|259\/343
|turn|24
|
|win|bad n lucky
|raw|Ladder updating...
|player|p2
|raw|bad n lucky's rating: 1542 &rarr; <strong>1557<\/strong><br \/>(+15 for winning)
|raw|Mamoswineflu's rating: 1453 &rarr; <strong>1438<\/strong><br \/>(-15 for losing)