|join|Mamoswineflu
|join|Vajra Asura
|player|p1|Mamoswineflu|154
|player|p2|Vajra Asura|99
|gametype|singles
|gen|6
|tier|OU
|rated
|clearpoke
|poke|p1|Politoed, M
|poke|p1|Swampert, M
|poke|p1|Ferrothorn, M
|poke|p1|Tornadus-Therian, M
|poke|p1|Kingdra, F
|poke|p1|Latias, F
|poke|p2|Weavile, F
|poke|p2|Charizard, M, shiny
|poke|p2|Latios, M
|poke|p2|Clefable, M
|poke|p2|Swampert, F
|poke|p2|Crobat, M
|rule|Swagger Clause: Swagger is banned
|rule|Baton Pass Clause: Limit one PokÃ©mon knowing Baton Pass
|rule|Sleep Clause Mod: Limit one foe put to sleep
|rule|Species Clause: Limit one of each PokÃ©mon
|rule|OHKO Clause: OHKO moves are banned
|rule|Moody Clause: Moody is banned
|rule|Evasion Moves Clause: Evasion moves are banned
|rule|Endless Battle Clause: Forcing endless battles is banned
|rule|HP Percentage Mod: HP is shown in percentages
|teampreview
|
|start
|switch|p1a: Politoed|Politoed, M|364\/364
|switch|p2a: Charizard|Charizard, M, shiny|297\/297
|-weather|RainDance
|turn|1
|
|switch|p1a: Tornadus-Therian|Tornadus-Therian, M|299\/299
|detailschange|p2a: Charizard|Charizard-Mega-Y, M, shiny
|-mega|p2a: Charizard|Charizard|Charizardite Y
|-weather|SunnyDay
|move|p2a: Charizard|Solar Beam|p1a: Tornadus-Therian|[still]
|-prepare|p2a: Charizard|Solar Beam|p1a: Tornadus-Therian
|-anim|p2a: Charizard|Solar Beam|p1a: Tornadus-Therian
|-resisted|p1a: Tornadus-Therian
|-damage|p1a: Tornadus-Therian|202\/299
|
|-weather|SunnyDay|[upkeep]
|turn|2
|
|move|p1a: Tornadus-Therian|U-turn|p2a: Charizard
|-resisted|p2a: Charizard
|-damage|p2a: Charizard|278\/297
|-damage|p1a: Tornadus-Therian|173\/299|[from] item: Life Orb
|
|switch|p1a: Politoed|Politoed, M|364\/364
|-weather|RainDance
|move|p2a: Charizard|Sunny Day|p2a: Charizard
|-weather|SunnyDay
|
|-weather|SunnyDay|[upkeep]
|turn|3
|
|switch|p1a: Latias|Latias, F|319\/319
|move|p2a: Charizard|Fire Blast|p1a: Latias
|-resisted|p1a: Latias
|-damage|p1a: Latias|178\/319
|
|-weather|SunnyDay|[upkeep]
|turn|4
|c|âVajra Asura|latias
|c|âMamoswineflu|damn im gonna lose
|c|âVajra Asura|nah I got nothin for rain teams~
|c|âMamoswineflu|these predictions
|
|switch|p1a: Politoed|Politoed, M|364\/364
|-weather|RainDance
|switch|p2a: Swampert|Swampert, F|404\/404
|
|-weather|RainDance|[upkeep]
|turn|5
|c|âVajra Asura|MEAN SHIT
|c|âMamoswineflu|LOL
|
|switch|p1a: Latias|Latias, F|178\/319
|move|p2a: Swampert|Stealth Rock|p1a: Latias
|-sidestart|p1: Mamoswineflu|move: Stealth Rock
|
|-weather|RainDance|[upkeep]
|turn|6
|
|switch|p2a: Weavile|Weavile, F|281\/281
|move|p1a: Latias|Draco Meteor|p2a: Weavile
|-damage|p2a: Weavile|12\/281
|-unboost|p1a: Latias|spa|2
|-damage|p1a: Latias|147\/319|[from] item: Life Orb
|
|-weather|RainDance|[upkeep]
|turn|7
|
|move|p2a: Weavile|Swords Dance|p2a: Weavile
|-boost|p2a: Weavile|atk|2
|move|p1a: Latias|Healing Wish|p1a: Latias
|faint|p1a: Latias
|
|-weather|RainDance|[upkeep]
|c|âMamoswineflu|fuck
|c|âVajra Asura|hue
|
|switch|p1a: Kingdra|Kingdra, F|292\/292
|-heal|p1a: Kingdra|292\/292|[from] move: Healing Wish
|-damage|p1a: Kingdra|256\/292|[from] Stealth Rock
|turn|8
|c|âMamoswineflu|i just clicked a move
|c|âVajra Asura|???
|c|âVajra Asura|Oh with latias
|c|âVajra Asura|I was hoping youd switch to ferro tbh
|c|âVajra Asura|predictions failed
|
|move|p2a: Weavile|Ice Shard|p1a: Kingdra
|-damage|p1a: Kingdra|57\/292
|-damage|p2a: Weavile|0 fnt|[from] item: Life Orb
|faint|p2a: Weavile
|move|p1a: Kingdra|Scald|p2: Weavile|[notarget]
|-notarget
|
|-weather|RainDance|[upkeep]
|
|switch|p2a: Charizard|Charizard-Mega-Y, M, shiny|278\/297
|-weather|SunnyDay
|turn|9
|
|move|p2a: Charizard|Solar Beam|p1a: Kingdra|[still]
|-prepare|p2a: Charizard|Solar Beam|p1a: Kingdra
|-anim|p2a: Charizard|Solar Beam|p1a: Kingdra
|-damage|p1a: Kingdra|0 fnt
|faint|p1a: Kingdra
|
|-weather|SunnyDay|[upkeep]
|
|switch|p1a: Politoed|Politoed, M|364\/364
|-damage|p1a: Politoed|319\/364|[from] Stealth Rock
|-weather|RainDance
|turn|10
|
|switch|p2a: Latios|Latios, M|301\/301
|move|p1a: Politoed|Hydro Pump|p2a: Latios
|-resisted|p2a: Latios
|-damage|p2a: Latios|179\/301
|
|-weather|RainDance|[upkeep]
|turn|11
|
|switch|p2a: Charizard|Charizard-Mega-Y, M, shiny|278\/297
|-weather|SunnyDay
|move|p1a: Politoed|Hydro Pump|p2a: Charizard
|-supereffective|p2a: Charizard
|-damage|p2a: Charizard|104\/297
|
|-weather|SunnyDay|[upkeep]
|turn|12
|c|âVajra Asura|Well now the question is how ballsy am i feeling
|c|âMamoswineflu|do it
|c|âVajra Asura|no
|c|âMamoswineflu|yes
|c|âMamoswineflu|ls
|c|âMamoswineflu|p
|
|move|p1a: Politoed|Protect|p1a: Politoed
|-singleturn|p1a: Politoed|Protect
|move|p2a: Charizard|Solar Beam|p1a: Politoed|[still]
|-prepare|p2a: Charizard|Solar Beam|p1a: Politoed
|-anim|p2a: Charizard|Solar Beam|p1a: Politoed
|-activate|p1a: Politoed|Protect
|
|-weather|SunnyDay|[upkeep]
|turn|13
|c|âVajra Asura|DAMMIT
|c|âVajra Asura|why must 50\/50s exist
|
|switch|p2a: Latios|Latios, M|179\/301
|switch|p1a: Tornadus-Therian|Tornadus-Therian, M|272\/299
|-damage|p1a: Tornadus-Therian|198\/299|[from] Stealth Rock
|
|-weather|SunnyDay|[upkeep]
|turn|14
|
|move|p2a: Latios|Draco Meteor|p1a: Tornadus-Therian
|-damage|p1a: Tornadus-Therian|0 fnt
|-unboost|p2a: Latios|spa|2
|faint|p1a: Tornadus-Therian
|
|-weather|SunnyDay|[upkeep]
|
|switch|p1a: Politoed|Politoed, M|319\/364
|-damage|p1a: Politoed|274\/364|[from] Stealth Rock
|-weather|RainDance
|turn|15
|
|switch|p1a: Swampert|Swampert, M|349\/349
|-damage|p1a: Swampert|328\/349|[from] Stealth Rock
|move|p2a: Latios|Draco Meteor|p1a: Swampert
|-damage|p1a: Swampert|204\/349
|-unboost|p2a: Latios|spa|2
|
|-weather|RainDance|[upkeep]
|turn|16
|
|switch|p2a: Crobat|Crobat, M|371\/371
|detailschange|p1a: Swampert|Swampert-Mega, M
|-mega|p1a: Swampert|Swampert|Swampertite
|move|p1a: Swampert|Waterfall|p2a: Crobat
|-damage|p2a: Crobat|65\/371
|
|-weather|RainDance|[upkeep]
|-heal|p2a: Crobat|88\/371|[from] item: Black Sludge
|turn|17
|
|move|p1a: Swampert|Waterfall|p2a: Crobat
|-damage|p2a: Crobat|0 fnt
|faint|p2a: Crobat
|
|-weather|RainDance|[upkeep]
|
|switch|p2a: Latios|Latios, M|179\/301
|turn|18
|
|switch|p1a: Ferrothorn|Ferrothorn, M|352\/352
|-damage|p1a: Ferrothorn|330\/352|[from] Stealth Rock
|move|p2a: Latios|Draco Meteor|p1a: Ferrothorn
|-crit|p1a: Ferrothorn
|-resisted|p1a: Ferrothorn
|-damage|p1a: Ferrothorn|215\/352
|-unboost|p2a: Latios|spa|2
|
|-weather|RainDance|[upkeep]
|turn|19
|
|switch|p2a: Charizard|Charizard-Mega-Y, M, shiny|104\/297
|-weather|SunnyDay
|move|p1a: Ferrothorn|Gyro Ball|p2a: Charizard
|-crit|p2a: Charizard
|-resisted|p2a: Charizard
|-damage|p2a: Charizard|0 fnt
|faint|p2a: Charizard
|
|-weather|SunnyDay|[upkeep]
|c|âVajra Asura|hmm~
|c|âMamoswineflu|:[
|
|switch|p2a: Clefable|Clefable, M|394\/394
|turn|20
|
|switch|p1a: Politoed|Politoed, M|274\/364
|-damage|p1a: Politoed|229\/364|[from] Stealth Rock
|-weather|RainDance
|move|p2a: Clefable|Calm Mind|p2a: Clefable
|-boost|p2a: Clefable|spa|1
|-boost|p2a: Clefable|spd|1
|
|-weather|RainDance|[upkeep]
|turn|21
|c|âVajra Asura|dont encore plz
|c|âVajra Asura|for me
|
|move|p1a: Politoed|Hydro Pump|p2a: Clefable
|-damage|p2a: Clefable|211\/394
|move|p2a: Clefable|Moonblast|p1a: Politoed
|-damage|p1a: Politoed|82\/364
|
|-weather|RainDance|[upkeep]
|-heal|p2a: Clefable|235\/394|[from] item: Leftovers
|turn|22
|c|âVajra Asura|be a pal
|c|âVajra Asura|yay~
|
|switch|p1a: Swampert|Swampert-Mega, M|204\/349
|-damage|p1a: Swampert|183\/349|[from] Stealth Rock
|move|p2a: Clefable|Soft-Boiled|p2a: Clefable
|-heal|p2a: Clefable|394\/394
|
|-weather|RainDance|[upkeep]
|turn|23
|c|âMamoswineflu|need some flinching
|
|move|p1a: Swampert|Waterfall|p2a: Clefable
|-damage|p2a: Clefable|181\/394
|move|p2a: Clefable|Soft-Boiled|p2a: Clefable
|-heal|p2a: Clefable|378\/394
|
|-weather|RainDance|[upkeep]
|-heal|p2a: Clefable|394\/394|[from] item: Leftovers
|turn|24
|c|âVajra Asura|Need some gaugine
|c|âVajra Asura|muh spellin
|
|switch|p2a: Swampert|Swampert, F|404\/404
|move|p1a: Swampert|Waterfall|p2a: Swampert
|-damage|p2a: Swampert|100\/404
|
|-weather|RainDance|[upkeep]
|-heal|p2a: Swampert|125\/404|[from] item: Leftovers
|turn|25
|
|move|p1a: Swampert|Waterfall|p2a: Swampert
|-damage|p2a: Swampert|0 fnt
|faint|p2a: Swampert
|
|-weather|RainDance|[upkeep]
|c|âVajra Asura|spdef
|c|âVajra Asura|So i can switch in on lati
|
|switch|p2a: Latios|Latios, M|179\/301
|turn|26
|c|âMamoswineflu|nice
|
|switch|p1a: Ferrothorn|Ferrothorn, M|215\/352
|-damage|p1a: Ferrothorn|193\/352|[from] Stealth Rock
|move|p2a: Latios|Draco Meteor|p1a: Ferrothorn
|-crit|p1a: Ferrothorn
|-resisted|p1a: Ferrothorn
|-damage|p1a: Ferrothorn|80\/352
|-unboost|p2a: Latios|spa|2
|
|-weather|RainDance|[upkeep]
|turn|27
|
|switch|p2a: Clefable|Clefable, M|394\/394
|move|p1a: Ferrothorn|Gyro Ball|p2a: Clefable
|-supereffective|p2a: Clefable
|-damage|p2a: Clefable|202\/394
|
|-weather|none
|-heal|p2a: Clefable|226\/394|[from] item: Leftovers
|turn|28
|
|switch|p1a: Politoed|Politoed, M|82\/364
|-damage|p1a: Politoed|37\/364|[from] Stealth Rock
|-weather|RainDance
|move|p2a: Clefable|Soft-Boiled|p2a: Clefable
|-heal|p2a: Clefable|394\/394
|
|-weather|RainDance|[upkeep]
|turn|29
|
|switch|p2a: Latios|Latios, M|179\/301
|move|p1a: Politoed|Hydro Pump|p2a: Latios
|-crit|p2a: Latios
|-resisted|p2a: Latios
|-damage|p2a: Latios|18\/301
|
|-weather|RainDance|[upkeep]
|turn|30
|
|move|p2a: Latios|Draco Meteor|p1a: Politoed
|-damage|p1a: Politoed|0 fnt
|-unboost|p2a: Latios|spa|2
|faint|p1a: Politoed
|
|-weather|RainDance|[upkeep]
|
|switch|p1a: Swampert|Swampert-Mega, M|183\/349
|-damage|p1a: Swampert|162\/349|[from] Stealth Rock
|turn|31
|
|move|p2a: Latios|Draco Meteor|p1a: Swampert
|-damage|p1a: Swampert|47\/349
|-unboost|p2a: Latios|spa|2
|move|p1a: Swampert|Waterfall|p2a: Latios
|-resisted|p2a: Latios
|-damage|p2a: Latios|0 fnt
|faint|p2a: Latios
|
|-weather|RainDance|[upkeep]
|
|switch|p2a: Clefable|Clefable, M|394\/394
|turn|32
|c|âVajra Asura|now dont flinch and we have this!
|c|âVajra Asura|I believe in you clefable!!!
|
|move|p1a: Swampert|Waterfall|p2a: Clefable
|-damage|p2a: Clefable|159\/394
|move|p2a: Clefable|Moonblast|p1a: Swampert
|-damage|p1a: Swampert|0 fnt
|faint|p1a: Swampert
|
|-weather|RainDance|[upkeep]
|-heal|p2a: Clefable|183\/394|[from] item: Leftovers
|c|âMamoswineflu|flinch
|c|âMamoswineflu|no
|c|âMamoswineflu|:[
|c|âVajra Asura|THE POWER OF FRIENDSHIP TRUMPS ALL
|
|switch|p1a: Ferrothorn|Ferrothorn, M|80\/352
|-damage|p1a: Ferrothorn|58\/352|[from] Stealth Rock
|turn|33
|c|âVajra Asura|good game saving replay
|c|âMamoswineflu|gg
|
|move|p2a: Clefable|Flamethrower|p1a: Ferrothorn
|-supereffective|p1a: Ferrothorn
|-damage|p1a: Ferrothorn|0 fnt
|faint|p1a: Ferrothorn
|
|win|Vajra Asura
|raw|Ladder updating...
|raw|Mamoswineflu's rating: 1522 &rarr; <strong>1496<\/strong><br \/>(-26 for losing)
|raw|Vajra Asura's rating: 1420 &rarr; <strong>1446<\/strong><br \/>(+26 for winning)
|c|âVajra Asura|whew
|c|âMamoswineflu|nice plays
|c|âVajra Asura|ty
|c|âMamoswineflu|cya
|leave|Mamoswineflu
|c|âVajra Asura|cua