|join|skyhigh256
|join|Mamoswineflu
|player|p1|skyhigh256|2
|player|p2|Mamoswineflu|154
|gametype|singles
|gen|6
|tier|OU
|rated
|clearpoke
|poke|p1|Milotic, F, shiny
|poke|p1|Diancie
|poke|p1|Landorus-Therian, M
|poke|p1|Latios, M
|poke|p1|Ferrothorn, F
|poke|p1|Talonflame, F
|poke|p2|Beedrill, F
|poke|p2|Rotom-Wash
|poke|p2|Latios, M
|poke|p2|Mamoswine, F
|poke|p2|Magnezone
|poke|p2|Gyarados, M
|rule|Swagger Clause: Swagger is banned
|rule|Baton Pass Clause: Limit one PokÃ©mon knowing Baton Pass
|rule|Sleep Clause Mod: Limit one foe put to sleep
|rule|Species Clause: Limit one of each PokÃ©mon
|rule|OHKO Clause: OHKO moves are banned
|rule|Moody Clause: Moody is banned
|rule|Evasion Moves Clause: Evasion moves are banned
|rule|Endless Battle Clause: Forcing endless battles is banned
|rule|HP Percentage Mod: HP is shown in percentages
|teampreview
|
|start
|switch|p1a: Diancie|Diancie|241\/241
|switch|p2a: Beedrill|Beedrill, F|271\/271
|turn|1
|
|detailschange|p2a: Beedrill|Beedrill-Mega, F
|-mega|p2a: Beedrill|Beedrill|Beedrillite
|detailschange|p1a: Diancie|Diancie-Mega
|-mega|p1a: Diancie|Diancie|Diancite
|move|p1a: Diancie|Protect|p1a: Diancie
|-singleturn|p1a: Diancie|Protect
|move|p2a: Beedrill|Poison Jab|p1a: Diancie
|-activate|p1a: Diancie|Protect
|
|turn|2
|
|switch|p1a: Landorus-Therian|Landorus-Therian, M|382\/382
|-ability|p1a: Landorus-Therian|Intimidate|[of] p2a: Beedrill
|-unboost|p2a: Beedrill|atk|1
|move|p2a: Beedrill|U-turn|p1a: Landorus-Therian
|-crit|p1a: Landorus-Therian
|-resisted|p1a: Landorus-Therian
|-damage|p1a: Landorus-Therian|264\/382
|
|switch|p2a: Mamoswine|Mamoswine, F|362\/362
|
|-heal|p1a: Landorus-Therian|287\/382|[from] item: Leftovers
|turn|3
|
|switch|p1a: Diancie|Diancie-Mega|241\/241
|move|p2a: Mamoswine|Icicle Spear|p1a: Diancie
|-damage|p1a: Diancie|198\/241
|-damage|p1a: Diancie|156\/241
|-damage|p1a: Diancie|111\/241
|-hitcount|p1a: Diancie|3
|
|turn|4
|
|move|p1a: Diancie|Moonblast|p2a: Mamoswine
|-damage|p2a: Mamoswine|49\/362
|-unboost|p2a: Mamoswine|spa|1
|move|p2a: Mamoswine|Earthquake|p1a: Diancie
|-supereffective|p1a: Diancie
|-damage|p1a: Diancie|0 fnt
|faint|p1a: Diancie
|
|
|switch|p1a: Talonflame|Talonflame, F|297\/297
|turn|5
|
|switch|p2a: Rotom-Wash|Rotom-Wash|304\/304
|move|p1a: Talonflame|U-turn|p2a: Rotom-Wash
|-damage|p2a: Rotom-Wash|259\/304
|
|switch|p1a: Latios|Latios, M|309\/309
|
|-heal|p2a: Rotom-Wash|278\/304|[from] item: Leftovers
|turn|6
|
|switch|p2a: Mamoswine|Mamoswine, F|49\/362
|move|p1a: Latios|Psyshock|p2a: Mamoswine
|-damage|p2a: Mamoswine|0 fnt
|-damage|p1a: Latios|279\/309|[from] item: Life Orb
|faint|p2a: Mamoswine
|
|
|switch|p2a: Beedrill|Beedrill-Mega, F|271\/271
|turn|7
|
|switch|p1a: Ferrothorn|Ferrothorn, F|352\/352
|move|p2a: Beedrill|Knock Off|p1a: Ferrothorn
|-damage|p1a: Ferrothorn|263\/352
|-damage|p2a: Beedrill|238\/271|[from] ability: Iron Barbs|[of] p1a: Ferrothorn
|-enditem|p1a: Ferrothorn|Shed Shell|[from] move: Knock Off|[of] p2a: Beedrill
|
|turn|8
|
|switch|p1a: Landorus-Therian|Landorus-Therian, M|287\/382
|-ability|p1a: Landorus-Therian|Intimidate|[of] p2a: Beedrill
|-unboost|p2a: Beedrill|atk|1
|move|p2a: Beedrill|U-turn|p1a: Landorus-Therian
|-resisted|p1a: Landorus-Therian
|-damage|p1a: Landorus-Therian|240\/382
|
|switch|p2a: Latios|Latios, M|301\/301
|
|-heal|p1a: Landorus-Therian|263\/382|[from] item: Leftovers
|turn|9
|
|switch|p2a: Magnezone|Magnezone|304\/304
|switch|p1a: Ferrothorn|Ferrothorn, F|263\/352
|
|turn|10
|
|move|p2a: Magnezone|Hidden Power|p1a: Ferrothorn
|-supereffective|p1a: Ferrothorn
|-damage|p1a: Ferrothorn|0 fnt
|faint|p1a: Ferrothorn
|
|
|switch|p1a: Landorus-Therian|Landorus-Therian, M|263\/382
|-ability|p1a: Landorus-Therian|Intimidate|[of] p2a: Magnezone
|-unboost|p2a: Magnezone|atk|1
|turn|11
|
|move|p1a: Landorus-Therian|Knock Off|p2a: Magnezone
|-damage|p2a: Magnezone|207\/304
|-enditem|p2a: Magnezone|Choice Specs|[from] move: Knock Off|[of] p1a: Landorus-Therian
|move|p2a: Magnezone|Hidden Power|p1a: Landorus-Therian
|-damage|p1a: Landorus-Therian|166\/382
|
|-heal|p1a: Landorus-Therian|189\/382|[from] item: Leftovers
|turn|12
|
|move|p1a: Landorus-Therian|Stealth Rock|p2a: Magnezone
|-sidestart|p2: Mamoswineflu|move: Stealth Rock
|move|p2a: Magnezone|Flash Cannon|p1a: Landorus-Therian
|-damage|p1a: Landorus-Therian|11\/382
|-unboost|p1a: Landorus-Therian|spd|1
|
|-heal|p1a: Landorus-Therian|34\/382|[from] item: Leftovers
|turn|13
|
|move|p1a: Landorus-Therian|Earthquake|p2a: Magnezone
|-supereffective|p2a: Magnezone
|-damage|p2a: Magnezone|0 fnt
|faint|p2a: Magnezone
|
|-heal|p1a: Landorus-Therian|57\/382|[from] item: Leftovers
|
|switch|p2a: Beedrill|Beedrill-Mega, F|238\/271
|-damage|p2a: Beedrill|171\/271|[from] Stealth Rock
|turn|14
|
|move|p2a: Beedrill|Knock Off|p1a: Landorus-Therian
|-damage|p1a: Landorus-Therian|0 fnt
|-enditem|p1a: Landorus-Therian|Leftovers|[from] move: Knock Off|[of] p2a: Beedrill
|faint|p1a: Landorus-Therian
|
|
|switch|p1a: Talonflame|Talonflame, F|297\/297
|turn|15
|
|move|p2a: Beedrill|Knock Off|p1a: Talonflame
|-damage|p1a: Talonflame|125\/297
|-enditem|p1a: Talonflame|Sharp Beak|[from] move: Knock Off|[of] p2a: Beedrill
|move|p1a: Talonflame|Swords Dance|p1a: Talonflame
|-boost|p1a: Talonflame|atk|2
|
|turn|16
|
|move|p1a: Talonflame|Brave Bird|p2a: Beedrill
|-supereffective|p2a: Beedrill
|-damage|p2a: Beedrill|0 fnt
|-damage|p1a: Talonflame|69\/297|[from] recoil|[of] p2a: Beedrill
|faint|p2a: Beedrill
|
|
|switch|p2a: Rotom-Wash|Rotom-Wash|278\/304
|-damage|p2a: Rotom-Wash|240\/304|[from] Stealth Rock
|turn|17
|
|move|p1a: Talonflame|U-turn|p2a: Rotom-Wash
|-damage|p2a: Rotom-Wash|144\/304
|
|switch|p1a: Latios|Latios, M|279\/309
|move|p2a: Rotom-Wash|Hydro Pump|p1a: Latios
|-resisted|p1a: Latios
|-damage|p1a: Latios|216\/309
|
|-heal|p2a: Rotom-Wash|163\/304|[from] item: Leftovers
|turn|18
|
|move|p1a: Latios|Draco Meteor|p2a: Rotom-Wash
|-damage|p2a: Rotom-Wash|0 fnt
|-unboost|p1a: Latios|spa|2
|-damage|p1a: Latios|186\/309|[from] item: Life Orb
|faint|p2a: Rotom-Wash
|
|
|switch|p2a: Latios|Latios, M|301\/301
|-damage|p2a: Latios|264\/301|[from] Stealth Rock
|turn|19
|
|switch|p1a: Milotic|Milotic, F, shiny|393\/393
|move|p2a: Latios|Defog|p1a: Milotic
|-unboost|p1a: Milotic|evasion|1
|-sideend|p2: Mamoswineflu|Stealth Rock|[from] move: Defog|[of] p2a: Latios
|
|turn|20
|
|move|p2a: Latios|Psyshock|p1a: Milotic
|-damage|p1a: Milotic|245\/393
|-damage|p2a: Latios|234\/301|[from] item: Life Orb
|move|p1a: Milotic|Scald|p2a: Latios
|-resisted|p2a: Latios
|-damage|p2a: Latios|194\/301
|-status|p2a: Latios|brn
|
|-heal|p1a: Milotic|269\/393|[from] item: Leftovers
|-damage|p2a: Latios|157\/301 brn|[from] brn
|turn|21
|
|move|p2a: Latios|Psyshock|p1a: Milotic
|-damage|p1a: Milotic|101\/393
|-damage|p2a: Latios|127\/301 brn|[from] item: Life Orb
|move|p1a: Milotic|Recover|p1a: Milotic
|-heal|p1a: Milotic|298\/393
|
|-heal|p1a: Milotic|322\/393|[from] item: Leftovers
|-damage|p2a: Latios|90\/301 brn|[from] brn
|turn|22
|
|move|p2a: Latios|Psyshock|p1a: Milotic
|-damage|p1a: Milotic|162\/393
|-damage|p2a: Latios|60\/301 brn|[from] item: Life Orb
|move|p1a: Milotic|Recover|p1a: Milotic
|-heal|p1a: Milotic|359\/393
|
|-heal|p1a: Milotic|383\/393|[from] item: Leftovers
|-damage|p2a: Latios|23\/301 brn|[from] brn
|turn|23
|
|move|p2a: Latios|Draco Meteor|p1a: Milotic
|-damage|p1a: Milotic|140\/393
|-unboost|p2a: Latios|spa|2
|-damage|p2a: Latios|0 fnt|[from] item: Life Orb
|faint|p2a: Latios
|move|p1a: Milotic|Recover|p1a: Milotic
|-heal|p1a: Milotic|337\/393
|
|-heal|p1a: Milotic|361\/393|[from] item: Leftovers
|
|switch|p2a: Gyarados|Gyarados, M|355\/355
|-ability|p2a: Gyarados|Intimidate|[of] p1a: Milotic
|-unboost|p1a: Milotic|atk|1
|turn|24
|
|move|p2a: Gyarados|Substitute|p2a: Gyarados
|-start|p2a: Gyarados|Substitute
|-damage|p2a: Gyarados|267\/355
|move|p1a: Milotic|Scald|p2a: Gyarados
|-resisted|p2a: Gyarados
|-activate|p2a: Gyarados|Substitute|[damage]
|
|-heal|p2a: Gyarados|289\/355|[from] item: Leftovers
|-heal|p1a: Milotic|385\/393|[from] item: Leftovers
|turn|25
|
|move|p2a: Gyarados|Dragon Dance|p2a: Gyarados
|-boost|p2a: Gyarados|atk|1
|-boost|p2a: Gyarados|spe|1
|move|p1a: Milotic|Ice Beam|p2a: Gyarados
|-end|p2a: Gyarados|Substitute
|
|-heal|p2a: Gyarados|311\/355|[from] item: Leftovers
|-heal|p1a: Milotic|393\/393|[from] item: Leftovers
|turn|26
|
|move|p2a: Gyarados|Substitute|p2a: Gyarados
|-start|p2a: Gyarados|Substitute
|-damage|p2a: Gyarados|223\/355
|move|p1a: Milotic|Haze|p1a: Milotic
|-clearallboost
|
|-heal|p2a: Gyarados|245\/355|[from] item: Leftovers
|turn|27
|
|move|p2a: Gyarados|Dragon Dance|p2a: Gyarados
|-boost|p2a: Gyarados|atk|1
|-boost|p2a: Gyarados|spe|1
|move|p1a: Milotic|Ice Beam|p2a: Gyarados
|-activate|p2a: Gyarados|Substitute|[damage]
|
|-heal|p2a: Gyarados|267\/355|[from] item: Leftovers
|turn|28
|
|move|p2a: Gyarados|Waterfall|p1a: Milotic
|-resisted|p1a: Milotic
|-damage|p1a: Milotic|300\/393
|cant|p1a: Milotic|flinch
|
|-heal|p2a: Gyarados|289\/355|[from] item: Leftovers
|-heal|p1a: Milotic|324\/393|[from] item: Leftovers
|turn|29
|
|move|p2a: Gyarados|Waterfall|p1a: Milotic
|-resisted|p1a: Milotic
|-damage|p1a: Milotic|240\/393
|move|p1a: Milotic|Haze|p1a: Milotic
|-clearallboost
|
|-heal|p2a: Gyarados|311\/355|[from] item: Leftovers
|-heal|p1a: Milotic|264\/393|[from] item: Leftovers
|turn|30
|
|move|p2a: Gyarados|Dragon Dance|p2a: Gyarados
|-boost|p2a: Gyarados|atk|1
|-boost|p2a: Gyarados|spe|1
|move|p1a: Milotic|Recover|p1a: Milotic
|-heal|p1a: Milotic|393\/393
|
|-heal|p2a: Gyarados|333\/355|[from] item: Leftovers
|turn|31
|
|move|p2a: Gyarados|Waterfall|p1a: Milotic
|-resisted|p1a: Milotic
|-damage|p1a: Milotic|306\/393
|move|p1a: Milotic|Haze|p1a: Milotic
|-clearallboost
|
|-heal|p2a: Gyarados|355\/355|[from] item: Leftovers
|-heal|p1a: Milotic|330\/393|[from] item: Leftovers
|turn|32
|
|move|p2a: Gyarados|Bounce|p1a: Milotic|[still]
|-prepare|p2a: Gyarados|Bounce|p1a: Milotic
|move|p1a: Milotic|Ice Beam|p2a: Gyarados|[miss]
|-miss|p1a: Milotic|p2a: Gyarados
|
|-heal|p1a: Milotic|354\/393|[from] item: Leftovers
|turn|33
|
|move|p2a: Gyarados|Bounce|p1a: Milotic
|-damage|p1a: Milotic|227\/393
|move|p1a: Milotic|Ice Beam|p2a: Gyarados
|-end|p2a: Gyarados|Substitute
|
|-heal|p1a: Milotic|251\/393|[from] item: Leftovers
|turn|34
|
|switch|p1a: Talonflame|Talonflame, F|69\/297
|move|p2a: Gyarados|Substitute|p2a: Gyarados
|-start|p2a: Gyarados|Substitute
|-damage|p2a: Gyarados|267\/355
|
|-heal|p2a: Gyarados|289\/355|[from] item: Leftovers
|turn|35
|
|move|p1a: Talonflame|Brave Bird|p2a: Gyarados
|-end|p2a: Gyarados|Substitute
|-damage|p1a: Talonflame|40\/297|[from] recoil|[of] p2a: Gyarados
|move|p2a: Gyarados|Dragon Dance|p2a: Gyarados
|-boost|p2a: Gyarados|atk|1
|-boost|p2a: Gyarados|spe|1
|
|-heal|p2a: Gyarados|311\/355|[from] item: Leftovers
|turn|36
|
|move|p1a: Talonflame|Brave Bird|p2a: Gyarados
|-damage|p2a: Gyarados|125\/355
|-damage|p1a: Talonflame|0 fnt|[from] recoil|[of] p2a: Gyarados
|faint|p1a: Talonflame
|move|p2a: Gyarados|Dragon Dance|p2a: Gyarados
|-boost|p2a: Gyarados|atk|1
|-boost|p2a: Gyarados|spe|1
|
|-heal|p2a: Gyarados|147\/355|[from] item: Leftovers
|
|switch|p1a: Latios|Latios, M|186\/309
|turn|37
|
|move|p2a: Gyarados|Bounce|p1a: Latios|[still]
|-prepare|p2a: Gyarados|Bounce|p1a: Latios
|move|p1a: Latios|Psyshock|p2a: Gyarados|[miss]
|-miss|p1a: Latios|p2a: Gyarados
|
|-heal|p2a: Gyarados|169\/355|[from] item: Leftovers
|turn|38
|
|move|p2a: Gyarados|Bounce|p1a: Latios
|-damage|p1a: Latios|0 fnt
|faint|p1a: Latios
|
|-heal|p2a: Gyarados|191\/355|[from] item: Leftovers
|
|switch|p1a: Milotic|Milotic, F, shiny|251\/393
|turn|39
|
|move|p2a: Gyarados|Dragon Dance|p2a: Gyarados
|-boost|p2a: Gyarados|atk|1
|-boost|p2a: Gyarados|spe|1
|move|p1a: Milotic|Haze|p1a: Milotic
|-clearallboost
|
|-heal|p2a: Gyarados|213\/355|[from] item: Leftovers
|-heal|p1a: Milotic|275\/393|[from] item: Leftovers
|turn|40
|
|move|p2a: Gyarados|Substitute|p2a: Gyarados
|-start|p2a: Gyarados|Substitute
|-damage|p2a: Gyarados|125\/355
|move|p1a: Milotic|Scald|p2a: Gyarados
|-resisted|p2a: Gyarados
|-activate|p2a: Gyarados|Substitute|[damage]
|
|-heal|p2a: Gyarados|147\/355|[from] item: Leftovers
|-heal|p1a: Milotic|299\/393|[from] item: Leftovers
|turn|41
|
|move|p2a: Gyarados|Dragon Dance|p2a: Gyarados
|-boost|p2a: Gyarados|atk|1
|-boost|p2a: Gyarados|spe|1
|move|p1a: Milotic|Ice Beam|p2a: Gyarados
|-end|p2a: Gyarados|Substitute
|
|-heal|p2a: Gyarados|169\/355|[from] item: Leftovers
|-heal|p1a: Milotic|323\/393|[from] item: Leftovers
|turn|42
|
|move|p2a: Gyarados|Substitute|p2a: Gyarados
|-start|p2a: Gyarados|Substitute
|-damage|p2a: Gyarados|81\/355
|move|p1a: Milotic|Scald|p2a: Gyarados
|-resisted|p2a: Gyarados
|-activate|p2a: Gyarados|Substitute|[damage]
|
|-heal|p2a: Gyarados|103\/355|[from] item: Leftovers
|-heal|p1a: Milotic|347\/393|[from] item: Leftovers
|turn|43
|
|move|p2a: Gyarados|Bounce|p1a: Milotic|[still]
|-prepare|p2a: Gyarados|Bounce|p1a: Milotic
|move|p1a: Milotic|Haze|p1a: Milotic
|-clearallboost
|
|-heal|p2a: Gyarados|125\/355|[from] item: Leftovers
|-heal|p1a: Milotic|371\/393|[from] item: Leftovers
|turn|44
|
|move|p2a: Gyarados|Bounce|p1a: Milotic
|-damage|p1a: Milotic|235\/393
|move|p1a: Milotic|Ice Beam|p2a: Gyarados
|-end|p2a: Gyarados|Substitute
|
|-heal|p2a: Gyarados|147\/355|[from] item: Leftovers
|-heal|p1a: Milotic|259\/393|[from] item: Leftovers
|turn|45
|
|move|p2a: Gyarados|Bounce|p1a: Milotic|[still]
|-prepare|p2a: Gyarados|Bounce|p1a: Milotic
|move|p1a: Milotic|Scald|p2a: Gyarados|[miss]
|-miss|p1a: Milotic|p2a: Gyarados
|
|-heal|p2a: Gyarados|169\/355|[from] item: Leftovers
|-heal|p1a: Milotic|283\/393|[from] item: Leftovers
|turn|46
|
|move|p2a: Gyarados|Bounce|p1a: Milotic
|-damage|p1a: Milotic|142\/393
|-status|p1a: Milotic|par
|move|p1a: Milotic|Scald|p2a: Gyarados
|-resisted|p2a: Gyarados
|-damage|p2a: Gyarados|124\/355
|
|-heal|p2a: Gyarados|146\/355|[from] item: Leftovers
|-heal|p1a: Milotic|166\/393 par|[from] item: Leftovers
|turn|47
|
|move|p2a: Gyarados|Dragon Dance|p2a: Gyarados
|-boost|p2a: Gyarados|atk|1
|-boost|p2a: Gyarados|spe|1
|move|p1a: Milotic|Recover|p1a: Milotic
|-heal|p1a: Milotic|363\/393 par
|
|-heal|p2a: Gyarados|168\/355|[from] item: Leftovers
|-heal|p1a: Milotic|387\/393 par|[from] item: Leftovers
|turn|48
|
|move|p2a: Gyarados|Waterfall|p1a: Milotic
|-resisted|p1a: Milotic
|-damage|p1a: Milotic|327\/393 par
|move|p1a: Milotic|Haze|p1a: Milotic
|-clearallboost
|
|-heal|p2a: Gyarados|190\/355|[from] item: Leftovers
|-heal|p1a: Milotic|351\/393 par|[from] item: Leftovers
|turn|49
|
|move|p2a: Gyarados|Substitute|p2a: Gyarados
|-start|p2a: Gyarados|Substitute
|-damage|p2a: Gyarados|102\/355
|move|p1a: Milotic|Scald|p2a: Gyarados
|-resisted|p2a: Gyarados
|-activate|p2a: Gyarados|Substitute|[damage]
|
|-heal|p2a: Gyarados|124\/355|[from] item: Leftovers
|-heal|p1a: Milotic|375\/393 par|[from] item: Leftovers
|turn|50
|
|move|p2a: Gyarados|Dragon Dance|p2a: Gyarados
|-boost|p2a: Gyarados|atk|1
|-boost|p2a: Gyarados|spe|1
|move|p1a: Milotic|Ice Beam|p2a: Gyarados
|-end|p2a: Gyarados|Substitute
|
|-heal|p2a: Gyarados|146\/355|[from] item: Leftovers
|-heal|p1a: Milotic|393\/393 par|[from] item: Leftovers
|turn|51
|
|move|p2a: Gyarados|Substitute|p2a: Gyarados
|-start|p2a: Gyarados|Substitute
|-damage|p2a: Gyarados|58\/355
|cant|p1a: Milotic|par
|
|-heal|p2a: Gyarados|80\/355|[from] item: Leftovers
|turn|52
|
|move|p2a: Gyarados|Waterfall|p1a: Milotic
|-resisted|p1a: Milotic
|-damage|p1a: Milotic|333\/393 par
|move|p1a: Milotic|Haze|p1a: Milotic
|-clearallboost
|
|-heal|p2a: Gyarados|102\/355|[from] item: Leftovers
|-heal|p1a: Milotic|357\/393 par|[from] item: Leftovers
|turn|53
|
|move|p2a: Gyarados|Waterfall|p1a: Milotic
|-resisted|p1a: Milotic
|-damage|p1a: Milotic|315\/393 par
|cant|p1a: Milotic|flinch
|
|-heal|p2a: Gyarados|124\/355|[from] item: Leftovers
|-heal|p1a: Milotic|339\/393 par|[from] item: Leftovers
|turn|54
|-message|Mamoswineflu forfeited.
|leave|Mamoswineflu
|
|win|skyhigh256
|raw|Ladder updating...
|player|p2
|raw|skyhigh256's rating: 1465 &rarr; <strong>1488<\/strong><br \/>(+23 for winning)
|raw|Mamoswineflu's rating: 1519 &rarr; <strong>1496<\/strong><br \/>(-23 for losing)