|join|Mamoswineflu
|join|Hawlucho
|c|âHawlucho|sup
|player|p1|Mamoswineflu|154
|player|p2|Hawlucho|294
|gametype|singles
|gen|6
|tier|OU
|rated
|clearpoke
|poke|p1|Alakazam, F
|poke|p1|Landorus-Therian, M
|poke|p1|Tyranitar, F
|poke|p1|Rotom-Wash
|poke|p1|Talonflame, F
|poke|p1|Keldeo
|poke|p2|Serperior, M
|poke|p2|Diancie
|poke|p2|Bisharp, F
|poke|p2|Milotic, F
|poke|p2|Smeargle, F
|poke|p2|Gothitelle, F
|rule|Swagger Clause: Swagger is banned
|rule|Baton Pass Clause: Limit one PokÃ©mon knowing Baton Pass
|rule|Sleep Clause Mod: Limit one foe put to sleep
|rule|Species Clause: Limit one of each PokÃ©mon
|rule|OHKO Clause: OHKO moves are banned
|rule|Moody Clause: Moody is banned
|rule|Evasion Moves Clause: Evasion moves are banned
|rule|Endless Battle Clause: Forcing endless battles is banned
|rule|HP Percentage Mod: HP is shown in percentages
|teampreview
|
|start
|switch|p1a: Tyranitar|Tyranitar, F|342\/342
|switch|p2a: Diancie|Diancie|304\/304
|-weather|Sandstorm
|turn|1
|
|detailschange|p2a: Diancie|Diancie-Mega
|-mega|p2a: Diancie|Diancie|Diancite
|move|p2a: Diancie|Protect|p2a: Diancie
|-singleturn|p2a: Diancie|Protect
|move|p1a: Tyranitar|Rock Slide|p2a: Diancie
|-activate|p2a: Diancie|Protect
|
|-weather|Sandstorm|[upkeep]
|turn|2
|
|move|p1a: Tyranitar|Rock Slide|p2a: Diancie
|-damage|p2a: Diancie|186\/304
|move|p2a: Diancie|Stealth Rock|p1a: Tyranitar
|-sidestart|p1: Mamoswineflu|move: Stealth Rock
|
|-weather|Sandstorm|[upkeep]
|turn|3
|
|move|p1a: Tyranitar|Rock Slide|p2a: Diancie
|-damage|p2a: Diancie|48\/304
|move|p2a: Diancie|Skill Swap|p1a: Tyranitar
|-activate|p2a: Diancie|move: Skill Swap|Sand Stream|Magic Bounce|[of] p1a: Tyranitar
|
|-weather|Sandstorm|[upkeep]
|turn|4
|c|âHawlucho|no more sandstorm for you!
|c|âHawlucho|wait
|c|âHawlucho|i thought skill swap was a 135 base fairy move
|c|âHawlucho|wtf
|
|move|p1a: Tyranitar|Rock Slide|p2a: Diancie
|-damage|p2a: Diancie|0 fnt
|faint|p2a: Diancie
|
|-weather|Sandstorm|[upkeep]
|c|âMamoswineflu|:]
|c|âHawlucho|oh my fukin gawd
|
|switch|p2a: Smeargle|Smeargle, F|314\/314
|turn|5
|
|move|p1a: Tyranitar|Rock Slide|p2a: Smeargle
|-damage|p2a: Smeargle|128\/314
|move|p2a: Smeargle|Trick Room|p2a: Smeargle
|-fieldstart|move: Trick Room|[of] p2a: Smeargle
|
|-weather|none
|turn|6
|
|move|p2a: Smeargle|Sticky Web|p1a: Tyranitar
|move|p1a: Tyranitar|Sticky Web|p2a: Smeargle|[from]Magic Bounce
|-sidestart|p2: Hawlucho|move: Sticky Web
|move|p1a: Tyranitar|Rock Slide|p2a: Smeargle
|-damage|p2a: Smeargle|0 fnt
|faint|p2a: Smeargle
|
|c|âHawlucho|wtf
|c|âHawlucho|why didnt it go through?
|c|âHawlucho|hacking?
|
|switch|p2a: THE BOOSTS111|Bisharp, F|333\/333
|-activate|p2a: THE BOOSTS111|move: Sticky Web
|-unboost|p2a: THE BOOSTS111|spe|1
|-boost|p2a: THE BOOSTS111|atk|2|[from] ability: Defiant
|turn|7
|c|âHawlucho|;]
|
|switch|p1a: Rotom-Wash|Rotom-Wash|304\/304
|-damage|p1a: Rotom-Wash|266\/304|[from] Stealth Rock
|move|p2a: THE BOOSTS111|Iron Head|p1a: Rotom-Wash
|-resisted|p1a: Rotom-Wash
|-damage|p1a: Rotom-Wash|197\/304
|
|-heal|p1a: Rotom-Wash|216\/304|[from] item: Leftovers
|turn|8
|
|move|p2a: THE BOOSTS111|Knock Off|p1a: Rotom-Wash
|-damage|p1a: Rotom-Wash|0 fnt
|-enditem|p1a: Rotom-Wash|Leftovers|[from] move: Knock Off|[of] p2a: THE BOOSTS111
|faint|p1a: Rotom-Wash
|
|
|switch|p1a: Keldeo|Keldeo|323\/323
|-damage|p1a: Keldeo|303\/323|[from] Stealth Rock
|turn|9
|
|move|p2a: THE BOOSTS111|Knock Off|p1a: Keldeo
|-resisted|p1a: Keldeo
|-damage|p1a: Keldeo|88\/323
|-boost|p1a: Keldeo|atk|1|[from] ability: Justified
|-enditem|p1a: Keldeo|Expert Belt|[from] move: Knock Off|[of] p2a: THE BOOSTS111
|move|p1a: Keldeo|Scald|p2a: THE BOOSTS111
|-damage|p2a: THE BOOSTS111|137\/333
|
|-fieldend|move: Trick Room
|turn|10
|
|move|p2a: THE BOOSTS111|Sucker Punch|p1a: Keldeo
|-resisted|p1a: Keldeo
|-damage|p1a: Keldeo|0 fnt
|faint|p1a: Keldeo
|
|
|switch|p1a: Tyranitar|Tyranitar, F|342\/342
|-damage|p1a: Tyranitar|300\/342|[from] Stealth Rock
|-weather|Sandstorm
|turn|11
|
|switch|p2a: THE BOOSTS111|Milotic, F|380\/380
|-activate|p2a: THE BOOSTS111|move: Sticky Web
|-unboost|p2a: THE BOOSTS111|spe|1
|-boost|p2a: THE BOOSTS111|spa|2|[from] ability: Competitive
|move|p1a: Tyranitar|Crunch|p2a: THE BOOSTS111
|-damage|p2a: THE BOOSTS111|214\/380
|
|-weather|Sandstorm|[upkeep]
|-damage|p2a: THE BOOSTS111|191\/380|[from] sandstorm
|turn|12
|
|move|p1a: Tyranitar|Crunch|p2a: THE BOOSTS111
|-damage|p2a: THE BOOSTS111|16\/380
|move|p2a: THE BOOSTS111|Recover|p2a: THE BOOSTS111
|-heal|p2a: THE BOOSTS111|206\/380
|
|-weather|Sandstorm|[upkeep]
|-damage|p2a: THE BOOSTS111|183\/380|[from] sandstorm
|turn|13
|
|switch|p1a: Landorus-Therian|Landorus-Therian, M|382\/382
|-damage|p1a: Landorus-Therian|335\/382|[from] Stealth Rock
|-ability|p1a: Landorus-Therian|Intimidate|[of] p2a: THE BOOSTS111
|-unboost|p2a: THE BOOSTS111|atk|1
|-boost|p2a: THE BOOSTS111|spa|2|[from] ability: Competitive
|move|p2a: THE BOOSTS111|Recover|p2a: THE BOOSTS111
|-heal|p2a: THE BOOSTS111|373\/380
|
|-weather|Sandstorm|[upkeep]
|-damage|p2a: THE BOOSTS111|350\/380|[from] sandstorm
|-heal|p1a: Landorus-Therian|358\/382|[from] item: Leftovers
|turn|14
|
|move|p1a: Landorus-Therian|Earthquake|p2a: THE BOOSTS111
|-damage|p2a: THE BOOSTS111|169\/380
|move|p2a: THE BOOSTS111|Ice Beam|p1a: Landorus-Therian
|-supereffective|p1a: Landorus-Therian
|-damage|p1a: Landorus-Therian|0 fnt
|faint|p1a: Landorus-Therian
|
|-weather|Sandstorm|[upkeep]
|-damage|p2a: THE BOOSTS111|146\/380|[from] sandstorm
|
|switch|p1a: Alakazam|Alakazam, F|261\/261
|turn|15
|
|detailschange|p1a: Alakazam|Alakazam-Mega, F
|-mega|p1a: Alakazam|Alakazam|Alakazite
|-ability|p1a: Alakazam|Competitive|[from] ability: Trace|[of] p2a: THE BOOSTS111
|move|p1a: Alakazam|Psychic|p2a: THE BOOSTS111
|-damage|p2a: THE BOOSTS111|0 fnt
|faint|p2a: THE BOOSTS111
|
|-weather|none
|
|switch|p2a: THE BOOSTS111|Gothitelle, F|344\/344
|-activate|p2a: THE BOOSTS111|move: Sticky Web
|-unboost|p2a: THE BOOSTS111|spe|1
|-boost|p2a: THE BOOSTS111|spa|2|[from] ability: Competitive
|turn|16
|
|move|p1a: Alakazam|Shadow Ball|p2a: THE BOOSTS111
|-supereffective|p2a: THE BOOSTS111
|-damage|p2a: THE BOOSTS111|124\/344
|move|p2a: THE BOOSTS111|Trick Room|p2a: THE BOOSTS111
|-fieldstart|move: Trick Room|[of] p2a: THE BOOSTS111
|
|turn|17
|
|move|p2a: THE BOOSTS111|Shadow Ball|p1a: Alakazam
|-supereffective|p1a: Alakazam
|-damage|p1a: Alakazam|0 fnt
|faint|p1a: Alakazam
|
|
|switch|p1a: Tyranitar|Tyranitar, F|300\/342
|-damage|p1a: Tyranitar|258\/342|[from] Stealth Rock
|-weather|Sandstorm
|turn|18
|
|move|p2a: THE BOOSTS111|Hidden Power|p1a: Tyranitar
|-supereffective|p1a: Tyranitar
|-damage|p1a: Tyranitar|82\/342
|move|p1a: Tyranitar|Crunch|p2a: THE BOOSTS111
|-supereffective|p2a: THE BOOSTS111
|-damage|p2a: THE BOOSTS111|0 fnt
|faint|p2a: THE BOOSTS111
|
|-weather|Sandstorm|[upkeep]
|
|switch|p2a: THE BOOSTS111|Serperior, M|291\/291
|-activate|p2a: THE BOOSTS111|move: Sticky Web
|-boost|p2a: THE BOOSTS111|spe|1
|turn|19
|
|move|p1a: Tyranitar|Crunch|p2a: THE BOOSTS111
|-damage|p2a: THE BOOSTS111|134\/291
|move|p2a: THE BOOSTS111|Leaf Storm|p1a: Tyranitar
|-supereffective|p1a: Tyranitar
|-damage|p1a: Tyranitar|0 fnt
|-boost|p2a: THE BOOSTS111|spa|2
|-damage|p2a: THE BOOSTS111|105\/291|[from] item: Life Orb
|faint|p1a: Tyranitar
|
|-weather|Sandstorm|[upkeep]
|-damage|p2a: THE BOOSTS111|87\/291|[from] sandstorm
|
|switch|p1a: Talonflame|Talonflame, F|297\/297
|-damage|p1a: Talonflame|149\/297|[from] Stealth Rock
|turn|20
|
|move|p1a: Talonflame|Brave Bird|p2a: THE BOOSTS111
|-supereffective|p2a: THE BOOSTS111
|-damage|p2a: THE BOOSTS111|0 fnt
|-damage|p1a: Talonflame|120\/297|[from] recoil|[of] p2a: THE BOOSTS111
|faint|p2a: THE BOOSTS111
|
|-weather|Sandstorm|[upkeep]
|-damage|p1a: Talonflame|102\/297|[from] sandstorm
|-fieldend|move: Trick Room
|
|switch|p2a: THE BOOSTS111|Bisharp, F|137\/333
|-activate|p2a: THE BOOSTS111|move: Sticky Web
|-unboost|p2a: THE BOOSTS111|spe|1
|-boost|p2a: THE BOOSTS111|atk|2|[from] ability: Defiant
|turn|21
|
|move|p1a: Talonflame|Brave Bird|p2a: THE BOOSTS111
|-resisted|p2a: THE BOOSTS111
|-damage|p2a: THE BOOSTS111|16\/333
|-damage|p1a: Talonflame|62\/297|[from] recoil|[of] p2a: THE BOOSTS111
|move|p2a: THE BOOSTS111|Knock Off|p1a: Talonflame
|-damage|p1a: Talonflame|0 fnt
|-enditem|p1a: Talonflame|Choice Band|[from] move: Knock Off|[of] p2a: THE BOOSTS111
|faint|p1a: Talonflame
|
|win|Hawlucho
|raw|Ladder updating...
|raw|Mamoswineflu's rating: 1637 &rarr; <strong>1613<\/strong><br \/>(-24 for losing)
|raw|Hawlucho's rating: 1580 &rarr; <strong>1603<\/strong><br \/>(+23 for winning)
|c|âHawlucho|gg fren
|c|âMamoswineflu|gg
|c|âHawlucho|that was amazing
|c|âMamoswineflu|:]
|c|âHawlucho|wait
|c|âHawlucho|http:\/\/www.smogon.com\/forums\/threads\/mega-diancie-used-skill-swap-a-truly-competitive-team.3528102\/
|c|âHawlucho|here's the team