|join|srn347
|join|Mamoswineflu
|player|p1|srn347|1
|player|p2|Mamoswineflu|101
|gametype|singles
|gen|6
|tier|OU
|rated
|clearpoke
|poke|p1|Ditto, shiny
|poke|p1|Salamence, M, shiny
|poke|p1|Ferrothorn, F, shiny
|poke|p1|Espeon, F, shiny
|poke|p1|Charizard, M, shiny
|poke|p1|Infernape, M, shiny
|poke|p2|Charizard, F, shiny
|poke|p2|Genesect, shiny
|poke|p2|Mamoswine, M, shiny
|poke|p2|Mandibuzz, F
|poke|p2|Rotom-Wash, shiny
|poke|p2|Breloom, M, shiny
|rule|Sleep Clause Mod: Limit one foe put to sleep
|rule|Species Clause: Limit one of each Pokemon
|rule|OHKO Clause: OHKO moves are banned
|rule|Moody Clause: Moody is banned
|rule|Evasion Moves Clause: Evasion moves are banned
|rule|Endless Battle Clause: Forcing endless battles is banned.
|rule|HP Percentage Mod: HP is reported as percentages
|teampreview
|callback|decision
|
|start
|switch|p1a: Infernape|Infernape, M, shiny|294\/294
|switch|p2a: Rotom-Wash|Rotom-Wash, shiny|304\/304
|turn|1
|callback|decision
|
|move|p1a: Infernape|Close Combat|p2a: Rotom-Wash
|-damage|p2a: Rotom-Wash|46\/304
|-unboost|p1a: Infernape|def|1
|-unboost|p1a: Infernape|spd|1
|move|p2a: Rotom-Wash|Volt Switch|p1a: Infernape
|-crit|p1a: Infernape
|-damage|p1a: Infernape|48\/294
|callback|decision
|
|switch|p2a: Breloom|Breloom, M, shiny|262\/262
|
|turn|2
|callback|decision
|
|switch|p1a: Espeon|Espeon, F, shiny|272\/272
|move|p2a: Breloom|Mach Punch|p1a: Espeon
|-resisted|p1a: Espeon
|-damage|p1a: Espeon|185\/272
|
|turn|3
|callback|decision
|
|switch|p2a: Mandibuzz|Mandibuzz, F|424\/424
|move|p1a: Espeon|Dazzling Gleam|p2a: Mandibuzz
|-supereffective|p2a: Mandibuzz
|-damage|p2a: Mandibuzz|234\/424
|
|-heal|p2a: Mandibuzz|260\/424|[from] item: Leftovers
|turn|4
|callback|decision
|
|switch|p2a: Genesect|Genesect, shiny|283\/283
|-boost|p2a: Genesect|atk|1|[from] ability: Download
|move|p1a: Espeon|Baton Pass|p1a: Espeon
|callback|decision
|
|switch|p1a: Ditto|Ditto, shiny|300\/300
|-transform|p1a: Ditto|p2a: Genesect
|-boost|p1a: Ditto|atk|1|[from] ability: Download
|
|turn|5
|callback|decision
|
|switch|p2a: Rotom-Wash|Rotom-Wash, shiny|46\/304
|move|p1a: Ditto|U-turn|p2a: Rotom-Wash
|-damage|p2a: Rotom-Wash|0 fnt
|faint|p2a: Rotom-Wash
|callback|decision
|
|switch|p1a: Charizard|Charizard, M, shiny|297\/297
|
|callback|decision
|
|switch|p2a: Genesect|Genesect, shiny|283\/283
|-boost|p2a: Genesect|atk|1|[from] ability: Download
|turn|6
|callback|decision
|
|-formechange|p1a: Charizard|Charizard-Mega-Y
|message|Charizard has Mega Evolved into Mega Charizard!
|-weather|SunnyDay
|move|p2a: Genesect|Extreme Speed|p1a: Charizard
|-damage|p1a: Charizard|63\/297
|move|p1a: Charizard|Flamethrower|p2a: Genesect
|-crit|p2a: Genesect
|-supereffective|p2a: Genesect
|-damage|p2a: Genesect|0 fnt
|faint|p2a: Genesect
|
|-weather|SunnyDay|[upkeep]
|callback|decision
|
|switch|p2a: Mamoswine|Mamoswine, M, shiny|361\/361
|turn|7
|callback|decision
|
|move|p2a: Mamoswine|Ice Shard|p1a: Charizard
|-damage|p1a: Charizard|0 fnt
|faint|p1a: Charizard
|
|-weather|SunnyDay|[upkeep]
|callback|decision
|
|switch|p1a: Ferrothorn|Ferrothorn, F, shiny|352\/352
|turn|8
|callback|decision
|
|switch|p2a: Charizard|Charizard, F, shiny|297\/297
|move|p1a: Ferrothorn|Gyro Ball|p2a: Charizard
|-resisted|p2a: Charizard
|-damage|p2a: Charizard|165\/297
|
|-weather|SunnyDay|[upkeep]
|turn|9
|callback|decision
|
|switch|p1a: Salamence|Salamence, M, shiny|331\/331
|-ability|p1a: Salamence|Intimidate|[of] p2a: Charizard
|-unboost|p2a: Charizard|atk|1
|-formechange|p2a: Charizard|Charizard-Mega-Y
|message|Charizard has Mega Evolved into Mega Charizard!
|move|p2a: Charizard|Fire Blast|p1a: Salamence|[miss]
|-miss|p2a: Charizard|p1a: Salamence
|
|-weather|SunnyDay|[upkeep]
|turn|10
|callback|decision
|
|switch|p2a: Mandibuzz|Mandibuzz, F|260\/424
|move|p1a: Salamence|Draco Meteor|p2a: Mandibuzz
|-damage|p2a: Mandibuzz|34\/424
|-unboost|p1a: Salamence|spa|2
|
|-weather|none
|-heal|p2a: Mandibuzz|60\/424|[from] item: Leftovers
|turn|11
|callback|decision
|
|move|p1a: Salamence|Draco Meteor|p2a: Mandibuzz
|-damage|p2a: Mandibuzz|0 fnt
|-unboost|p1a: Salamence|spa|2
|faint|p2a: Mandibuzz
|
|callback|decision
|
|switch|p2a: Mamoswine|Mamoswine, M, shiny|361\/361
|turn|12
|callback|decision
|
|switch|p1a: Espeon|Espeon, F, shiny|185\/272
|move|p2a: Mamoswine|Earthquake|p1a: Espeon
|-damage|p1a: Espeon|0 fnt
|faint|p1a: Espeon
|
|callback|decision
|
|switch|p1a: Ditto|Ditto, shiny|300\/300
|-transform|p1a: Ditto|p2a: Mamoswine
|turn|13
|callback|decision
|
|switch|p2a: Charizard|Charizard, F, shiny|165\/297
|-formechange|p2a: Charizard|Charizard-Mega-Y
|-weather|SunnyDay
|move|p1a: Ditto|Earthquake|p2a: Charizard
|-immune|p2a: Charizard|[msg]
|
|-weather|SunnyDay|[upkeep]
|turn|14
|callback|decision
|
|switch|p1a: Salamence|Salamence, M, shiny|331\/331
|-ability|p1a: Salamence|Intimidate|[of] p2a: Charizard
|-unboost|p2a: Charizard|atk|1
|move|p2a: Charizard|Fire Blast|p1a: Salamence
|-resisted|p1a: Salamence
|-damage|p1a: Salamence|114\/331
|
|-weather|SunnyDay|[upkeep]
|turn|15
|callback|decision
|
|switch|p2a: Mamoswine|Mamoswine, M, shiny|361\/361
|move|p1a: Salamence|Draco Meteor|p2a: Mamoswine
|-damage|p2a: Mamoswine|67\/361
|-unboost|p1a: Salamence|spa|2
|
|-weather|SunnyDay|[upkeep]
|turn|16
|callback|decision
|
|switch|p1a: Ferrothorn|Ferrothorn, F, shiny|352\/352
|move|p2a: Mamoswine|Ice Shard|p1a: Ferrothorn
|-damage|p1a: Ferrothorn|294\/352
|
|-weather|SunnyDay|[upkeep]
|turn|17
|callback|decision
|
|move|p2a: Mamoswine|Stealth Rock|p1a: Ferrothorn
|-sidestart|p1: srn347|move: Stealth Rock
|move|p1a: Ferrothorn|Stealth Rock|p2a: Mamoswine
|-sidestart|p2: Mamoswineflu|move: Stealth Rock
|
|-weather|none
|turn|18
|callback|decision
|
|move|p2a: Mamoswine|Earthquake|p1a: Ferrothorn
|-damage|p1a: Ferrothorn|155\/352
|move|p1a: Ferrothorn|Gyro Ball|p2a: Mamoswine
|-supereffective|p2a: Mamoswine
|-damage|p2a: Mamoswine|0 fnt
|faint|p2a: Mamoswine
|
|callback|decision
|
|switch|p2a: Charizard|Charizard, F, shiny|165\/297
|-formechange|p2a: Charizard|Charizard-Mega-Y
|-damage|p2a: Charizard|17\/297|[from] Stealth Rock
|-weather|SunnyDay
|turn|19
|callback|decision
|
|move|p2a: Charizard|Fire Blast|p1a: Ferrothorn
|-supereffective|p1a: Ferrothorn
|-damage|p1a: Ferrothorn|0 fnt
|faint|p1a: Ferrothorn
|
|-weather|SunnyDay|[upkeep]
|callback|decision
|
|switch|p1a: Ditto|Ditto, shiny|300\/300
|-damage|p1a: Ditto|263\/300|[from] Stealth Rock
|-transform|p1a: Ditto|p2a: Charizard
|turn|20
|callback|decision
|
|move|p1a: Ditto|Fire Blast|p2a: Charizard
|-resisted|p2a: Charizard
|-damage|p2a: Charizard|0 fnt
|faint|p2a: Charizard
|
|-weather|SunnyDay|[upkeep]
|callback|decision
|
|switch|p2a: Breloom|Breloom, M, shiny|262\/262
|-damage|p2a: Breloom|246\/262|[from] Stealth Rock
|turn|21
|callback|decision
|
|move|p1a: Ditto|Fire Blast|p2a: Breloom
|-supereffective|p2a: Breloom
|-damage|p2a: Breloom|0 fnt
|faint|p2a: Breloom
|
|win|srn347
|raw|Ladder updating...
|raw|srn347's rating: 1000 &rarr; <strong>1027<\/strong><br \/>(+27 for winning)
|raw|Mamoswineflu's rating: 1025 &rarr; <strong>998<\/strong><br \/>(-27 for losing)
|chat|srn347|gg
|leave|Mamoswineflu
|player|p2