|join|Mamoswineflu
|join|MegaZardY6
|player|p1|Mamoswineflu|265
|player|p2|MegaZardY6|192
|gametype|singles
|gen|6
|tier|OU
|rated
|clearpoke
|poke|p1|Blastoise, F
|poke|p1|Tyranitar, M
|poke|p1|Chesnaught, F
|poke|p1|Genesect, shiny
|poke|p1|Landorus-Therian, M
|poke|p1|Rotom-Wash
|poke|p2|Reuniclus, M
|poke|p2|Weavile, M
|poke|p2|Manaphy
|poke|p2|Scizor, M
|poke|p2|Charizard, M
|poke|p2|Zapdos
|rule|Sleep Clause Mod: Limit one foe put to sleep
|rule|Species Clause: Limit one of each Pokemon
|rule|OHKO Clause: OHKO moves are banned
|rule|Moody Clause: Moody is banned
|rule|Evasion Moves Clause: Evasion moves are banned
|rule|Endless Battle Clause: Forcing endless battles is banned.
|rule|HP Percentage Mod: HP is reported as percentages
|teampreview
|
|start
|switch|p1a: Landorus-Therian|Landorus-Therian, M|328\/328
|switch|p2a: Manaphy|Manaphy|341\/341
|-ability|p1a: Landorus-Therian|Intimidate|[of] p2a: Manaphy
|-unboost|p2a: Manaphy|atk|1
|turn|1
|
|move|p1a: Landorus-Therian|U-turn|p2a: Manaphy
|-damage|p2a: Manaphy|258\/341
|
|switch|p1a: Rotom-Wash|Rotom-Wash|304\/304
|move|p2a: Manaphy|Tail Glow|p2a: Manaphy
|-boost|p2a: Manaphy|spa|3
|
|-heal|p2a: Manaphy|279\/341|[from] item: Leftovers
|turn|2
|
|move|p2a: Manaphy|Energy Ball|p1a: Rotom-Wash
|-crit|p1a: Rotom-Wash
|-supereffective|p1a: Rotom-Wash
|-damage|p1a: Rotom-Wash|0 fnt
|faint|p1a: Rotom-Wash
|
|-heal|p2a: Manaphy|300\/341|[from] item: Leftovers
|
|switch|p1a: Landorus-Therian|Landorus-Therian, M|328\/328
|-ability|p1a: Landorus-Therian|Intimidate|[of] p2a: Manaphy
|-unboost|p2a: Manaphy|atk|1
|turn|3
|
|move|p1a: Landorus-Therian|U-turn|p2a: Manaphy
|-damage|p2a: Manaphy|212\/341
|
|switch|p1a: Blastoise|Blastoise, F|311\/311
|move|p2a: Manaphy|Surf|p1a: Blastoise
|-resisted|p1a: Blastoise
|-damage|p1a: Blastoise|142\/311
|
|-heal|p2a: Manaphy|233\/341|[from] item: Leftovers
|turn|4
|
|-formechange|p1a: Blastoise|Blastoise-Mega
|message|Blastoise has Mega Evolved into Mega Blastoise!
|move|p2a: Manaphy|Energy Ball|p1a: Blastoise
|-crit|p1a: Blastoise
|-supereffective|p1a: Blastoise
|-damage|p1a: Blastoise|0 fnt
|faint|p1a: Blastoise
|
|-heal|p2a: Manaphy|254\/341|[from] item: Leftovers
|
|switch|p1a: Landorus-Therian|Landorus-Therian, M|328\/328
|-ability|p1a: Landorus-Therian|Intimidate|[of] p2a: Manaphy
|-unboost|p2a: Manaphy|atk|1
|turn|5
|chat|MegaZardY6|i always have a way of getting the most useless crits
|
|move|p1a: Landorus-Therian|U-turn|p2a: Manaphy
|-damage|p2a: Manaphy|158\/341
|
|switch|p1a: Tyranitar|Tyranitar, M|404\/404
|-weather|Sandstorm
|move|p2a: Manaphy|Surf|p1a: Tyranitar
|-supereffective|p1a: Tyranitar
|-damage|p1a: Tyranitar|0 fnt
|faint|p1a: Tyranitar
|
|-weather|Sandstorm|[upkeep]
|-damage|p2a: Manaphy|137\/341|[from] sandstorm
|-heal|p2a: Manaphy|158\/341|[from] item: Leftovers
|
|switch|p1a: Landorus-Therian|Landorus-Therian, M|328\/328
|-ability|p1a: Landorus-Therian|Intimidate|[of] p2a: Manaphy
|-unboost|p2a: Manaphy|atk|1
|turn|6
|
|move|p1a: Landorus-Therian|Stone Edge|p2a: Manaphy
|-damage|p2a: Manaphy|24\/341
|move|p2a: Manaphy|Surf|p1a: Landorus-Therian
|-supereffective|p1a: Landorus-Therian
|-damage|p1a: Landorus-Therian|0 fnt
|faint|p1a: Landorus-Therian
|
|-weather|Sandstorm|[upkeep]
|-damage|p2a: Manaphy|3\/341|[from] sandstorm
|-heal|p2a: Manaphy|24\/341|[from] item: Leftovers
|-message|Mamoswineflu forfeited.
|
|win|MegaZardY6
|raw|Ladder updating...
|raw|Mamoswineflu's rating: 1591 &rarr; <strong>1566<\/strong><br \/>(-25 for losing)
|raw|MegaZardY6's rating: 1507 &rarr; <strong>1531<\/strong><br \/>(+24 for winning)
|leave|Mamoswineflu
|player|p1