|join|Mamoswineflu
|join|RS 7n7
|player|p1|Mamoswineflu|170
|player|p2|RS 7n7|29
|gametype|singles
|gen|6
|tier|OU
|rated
|clearpoke
|poke|p1|Abomasnow, F
|poke|p1|Heatran, M
|poke|p1|Mandibuzz, F
|poke|p1|Aegislash, F
|poke|p1|Terrakion
|poke|p1|Reuniclus, M
|poke|p2|Aegislash, M
|poke|p2|Hippowdon, M
|poke|p2|Latios, M
|poke|p2|Scizor, M
|poke|p2|Manaphy
|poke|p2|Thundurus, M
|rule|Sleep Clause Mod: Limit one foe put to sleep
|rule|Species Clause: Limit one of each Pokemon
|rule|OHKO Clause: OHKO moves are banned
|rule|Moody Clause: Moody is banned
|rule|Evasion Moves Clause: Evasion moves are banned
|rule|Endless Battle Clause: Forcing endless battles is banned.
|rule|HP Percentage Mod: HP is reported as percentages
|teampreview
|callback|decision
|join|The Pimp-Cane
|join|inconvenient
|
|start
|switch|p1a: Abomasnow|Abomasnow, F|333\/333
|switch|p2a: Latios|Latios, M|302\/302
|-weather|Hail
|turn|1
|callback|decision
|join|smokeavictoryblunt
|
|-formechange|p1a: Abomasnow|Abomasnow-Mega
|message|Abomasnow has Mega Evolved into Mega Abomasnow!
|move|p2a: Latios|Draco Meteor|p1a: Abomasnow
|-damage|p1a: Abomasnow|20\/333
|-unboost|p2a: Latios|spa|2
|-damage|p2a: Latios|272\/302|[from] item: Life Orb
|move|p1a: Abomasnow|Blizzard|p2a: Latios
|-supereffective|p2a: Latios
|-damage|p2a: Latios|0 fnt
|faint|p2a: Latios
|
|-weather|Hail|[upkeep]
|callback|decision
|
|switch|p2a: Scizor|Scizor, M|343\/343
|turn|2
|callback|decision
|chat|smokeavictoryblunt|pursuit it
|
|switch|p1a: Heatran|Heatran, M|386\/386
|move|p2a: Scizor|Bullet Punch|p1a: Heatran
|-resisted|p1a: Heatran
|-damage|p1a: Heatran|364\/386
|
|-weather|Hail|[upkeep]
|-damage|p1a: Heatran|340\/386|[from] hail
|-damage|p2a: Scizor|322\/343|[from] hail
|-heal|p1a: Heatran|364\/386|[from] item: Leftovers
|turn|3
|callback|decision
|
|switch|p2a: Manaphy|Manaphy|341\/341
|move|p1a: Heatran|Stealth Rock|p2a: Manaphy
|-sidestart|p2: RS 7n7|move: Stealth Rock
|
|-weather|Hail|[upkeep]
|-damage|p2a: Manaphy|320\/341|[from] hail
|-damage|p1a: Heatran|340\/386|[from] hail
|-heal|p2a: Manaphy|341\/341|[from] item: Leftovers
|-heal|p1a: Heatran|364\/386|[from] item: Leftovers
|turn|4
|callback|decision
|
|move|p2a: Manaphy|Tail Glow|p2a: Manaphy
|-boost|p2a: Manaphy|spa|3
|move|p1a: Heatran|Toxic|p2a: Manaphy
|-status|p2a: Manaphy|tox
|
|-weather|Hail|[upkeep]
|-damage|p2a: Manaphy|320\/341 tox|[from] hail
|-damage|p1a: Heatran|340\/386|[from] hail
|-heal|p2a: Manaphy|341\/341 tox|[from] item: Leftovers
|-heal|p1a: Heatran|364\/386|[from] item: Leftovers
|-damage|p2a: Manaphy|320\/341 tox|[from] psn
|turn|5
|callback|decision
|
|move|p1a: Heatran|Protect|p1a: Heatran
|-singleturn|p1a: Heatran|Protect
|move|p2a: Manaphy|Surf|p1a: Heatran
|-activate|p1a: Heatran|Protect
|
|-weather|none
|-heal|p2a: Manaphy|341\/341 tox|[from] item: Leftovers
|-heal|p1a: Heatran|386\/386|[from] item: Leftovers
|-damage|p2a: Manaphy|299\/341 tox|[from] psn
|turn|6
|callback|decision
|
|switch|p1a: Abomasnow|Abomasnow, F|20\/333
|-formechange|p1a: Abomasnow|Abomasnow-Mega
|-weather|Hail
|move|p2a: Manaphy|Surf|p1a: Abomasnow
|-resisted|p1a: Abomasnow
|-damage|p1a: Abomasnow|0 fnt
|faint|p1a: Abomasnow
|
|-weather|Hail|[upkeep]
|-damage|p2a: Manaphy|278\/341 tox|[from] hail
|-heal|p2a: Manaphy|299\/341 tox|[from] item: Leftovers
|-damage|p2a: Manaphy|236\/341 tox|[from] psn
|callback|decision
|
|switch|p1a: Terrakion|Terrakion|323\/323
|turn|7
|callback|decision
|
|switch|p2a: Aegislash|Aegislash, M|324\/324
|-damage|p2a: Aegislash|304\/324|[from] Stealth Rock
|move|p1a: Terrakion|Close Combat|p2a: Aegislash
|-immune|p2a: Aegislash|[msg]
|
|-weather|Hail|[upkeep]
|-damage|p1a: Terrakion|303\/323|[from] hail
|-damage|p2a: Aegislash|284\/324|[from] hail
|-heal|p2a: Aegislash|304\/324|[from] item: Leftovers
|turn|8
|callback|decision
|
|switch|p1a: Mandibuzz|Mandibuzz, F|424\/424
|switch|p2a: Hippowdon|Hippowdon, M|420\/420
|-damage|p2a: Hippowdon|394\/420|[from] Stealth Rock
|-weather|Sandstorm
|
|-weather|Sandstorm|[upkeep]
|-heal|p2a: Hippowdon|420\/420|[from] item: Leftovers
|turn|9
|callback|decision
|chat|smokeavictoryblunt|double
|chat|smokeavictoryblunt|ez
|
|move|p2a: Hippowdon|Toxic|p1a: Mandibuzz
|-status|p1a: Mandibuzz|tox
|move|p1a: Mandibuzz|Whirlwind|p2a: Hippowdon
|drag|p2a: Scizor|Scizor, M|322\/343
|-damage|p2a: Scizor|280\/343|[from] Stealth Rock
|
|-weather|Sandstorm|[upkeep]
|-damage|p1a: Mandibuzz|398\/424 tox|[from] psn
|turn|10
|callback|decision
|
|switch|p2a: Hippowdon|Hippowdon, M|420\/420
|-damage|p2a: Hippowdon|394\/420|[from] Stealth Rock
|move|p1a: Mandibuzz|Foul Play|p2a: Hippowdon
|-damage|p2a: Hippowdon|286\/420
|
|-weather|Sandstorm|[upkeep]
|-heal|p1a: Mandibuzz|424\/424 tox|[from] item: Leftovers
|-heal|p2a: Hippowdon|312\/420|[from] item: Leftovers
|-damage|p1a: Mandibuzz|372\/424 tox|[from] psn
|turn|11
|callback|decision
|join|lalblc
|
|switch|p1a: Reuniclus|Reuniclus, M|421\/421
|move|p2a: Hippowdon|Stealth Rock|p1a: Reuniclus
|-sidestart|p1: Mamoswineflu|move: Stealth Rock
|
|-weather|Sandstorm|[upkeep]
|-heal|p2a: Hippowdon|338\/420|[from] item: Leftovers
|turn|12
|callback|decision
|
|switch|p2a: Scizor|Scizor, M|280\/343
|-damage|p2a: Scizor|238\/343|[from] Stealth Rock
|move|p1a: Reuniclus|Shadow Ball|p2a: Scizor
|-damage|p2a: Scizor|76\/343
|
|-weather|none
|turn|13
|callback|decision
|
|switch|p1a: Heatran|Heatran, M|386\/386
|-damage|p1a: Heatran|338\/386|[from] Stealth Rock
|-formechange|p2a: Scizor|Scizor-Mega
|message|Scizor has Mega Evolved into Mega Scizor!
|move|p2a: Scizor|Roost|p2a: Scizor
|-heal|p2a: Scizor|248\/343
|
|-heal|p1a: Heatran|362\/386|[from] item: Leftovers
|turn|14
|callback|decision
|
|switch|p2a: Manaphy|Manaphy|236\/341 tox
|-damage|p2a: Manaphy|194\/341 tox|[from] Stealth Rock
|move|p1a: Heatran|Lava Plume|p2a: Manaphy
|-resisted|p2a: Manaphy
|-damage|p2a: Manaphy|135\/341 tox
|
|-heal|p2a: Manaphy|156\/341 tox|[from] item: Leftovers
|-heal|p1a: Heatran|386\/386|[from] item: Leftovers
|-damage|p2a: Manaphy|135\/341 tox|[from] psn
|turn|15
|callback|decision
|chat|smokeavictoryblunt|plume again
|
|switch|p2a: Hippowdon|Hippowdon, M|338\/420
|-damage|p2a: Hippowdon|312\/420|[from] Stealth Rock
|-weather|Sandstorm
|move|p1a: Heatran|Lava Plume|p2a: Hippowdon
|-damage|p2a: Hippowdon|207\/420
|
|-weather|Sandstorm|[upkeep]
|-heal|p2a: Hippowdon|233\/420|[from] item: Leftovers
|turn|16
|callback|decision
|chat|smokeavictoryblunt|thx
|join|gddsds
|
|move|p1a: Heatran|Lava Plume|p2a: Hippowdon
|-damage|p2a: Hippowdon|130\/420
|move|p2a: Hippowdon|Earthquake|p1a: Heatran
|-crit|p1a: Heatran
|-supereffective|p1a: Heatran
|-damage|p1a: Heatran|0 fnt
|faint|p1a: Heatran
|
|-weather|Sandstorm|[upkeep]
|-heal|p2a: Hippowdon|156\/420|[from] item: Leftovers
|callback|decision
|chat|smokeavictoryblunt|okay
|
|switch|p1a: Reuniclus|Reuniclus, M|421\/421
|turn|17
|callback|decision
|chat|smokeavictoryblunt|questionable
|
|move|p2a: Hippowdon|Slack Off|p2a: Hippowdon
|-heal|p2a: Hippowdon|366\/420
|move|p1a: Reuniclus|Shadow Ball|p2a: Hippowdon
|-damage|p2a: Hippowdon|248\/420
|-unboost|p2a: Hippowdon|spd|1
|
|-weather|Sandstorm|[upkeep]
|-heal|p2a: Hippowdon|274\/420|[from] item: Leftovers
|turn|18
|callback|decision
|chat|RS 7n7|#throw
|
|switch|p2a: Manaphy|Manaphy|135\/341 tox
|-damage|p2a: Manaphy|93\/341 tox|[from] Stealth Rock
|move|p1a: Reuniclus|Trick Room|p1a: Reuniclus
|-fieldstart|move: Trick Room|[of] p1a: Reuniclus
|
|-weather|Sandstorm|[upkeep]
|-damage|p2a: Manaphy|72\/341 tox|[from] sandstorm
|-heal|p2a: Manaphy|93\/341 tox|[from] item: Leftovers
|-damage|p2a: Manaphy|72\/341 tox|[from] psn
|turn|19
|callback|decision
|chat|smokeavictoryblunt|paypal transaction: complete
|
|move|p1a: Reuniclus|Shadow Ball|p2a: Manaphy
|-damage|p2a: Manaphy|0 fnt
|faint|p2a: Manaphy
|
|-weather|none
|callback|decision
|
|switch|p2a: Hippowdon|Hippowdon, M|274\/420
|-damage|p2a: Hippowdon|248\/420|[from] Stealth Rock
|-weather|Sandstorm
|turn|20
|callback|decision
|
|move|p1a: Reuniclus|Shadow Ball|p2a: Hippowdon
|-damage|p2a: Hippowdon|126\/420
|move|p2a: Hippowdon|Slack Off|p2a: Hippowdon
|-heal|p2a: Hippowdon|336\/420
|
|-weather|Sandstorm|[upkeep]
|-heal|p2a: Hippowdon|362\/420|[from] item: Leftovers
|turn|21
|callback|decision
|
|move|p1a: Reuniclus|Psyshock|p2a: Hippowdon
|-damage|p2a: Hippowdon|175\/420
|move|p2a: Hippowdon|Earthquake|p1a: Reuniclus
|-damage|p1a: Reuniclus|265\/421
|
|-weather|Sandstorm|[upkeep]
|-heal|p2a: Hippowdon|201\/420|[from] item: Leftovers
|turn|22
|callback|decision
|
|switch|p2a: Aegislash|Aegislash, M|304\/324
|-damage|p2a: Aegislash|284\/324|[from] Stealth Rock
|move|p1a: Reuniclus|Shadow Ball|p2a: Aegislash
|-supereffective|p2a: Aegislash
|-damage|p2a: Aegislash|81\/324
|
|-weather|Sandstorm|[upkeep]
|-heal|p2a: Aegislash|101\/324|[from] item: Leftovers
|-fieldend|move: Trick Room
|turn|23
|callback|decision
|chat|smokeavictoryblunt|dinkled
|
|switch|p1a: Mandibuzz|Mandibuzz, F|372\/424 tox
|-damage|p1a: Mandibuzz|266\/424 tox|[from] Stealth Rock
|-formechange|p2a: Aegislash|Aegislash-Blade
|move|p2a: Aegislash|Shadow Ball|p1a: Mandibuzz
|-crit|p1a: Mandibuzz
|-resisted|p1a: Mandibuzz
|-damage|p1a: Mandibuzz|130\/424 tox
|
|-weather|Sandstorm|[upkeep]
|-heal|p1a: Mandibuzz|156\/424 tox|[from] item: Leftovers
|-heal|p2a: Aegislash|121\/324|[from] item: Leftovers
|-damage|p1a: Mandibuzz|130\/424 tox|[from] psn
|turn|24
|callback|decision
|chat|smokeavictoryblunt|the counter throw
|join|euafflygrfyeuwf
|
|switch|p2a: Hippowdon|Hippowdon, M|201\/420
|-damage|p2a: Hippowdon|175\/420|[from] Stealth Rock
|move|p1a: Mandibuzz|Foul Play|p2a: Hippowdon
|-damage|p2a: Hippowdon|72\/420
|
|-weather|none
|-heal|p1a: Mandibuzz|156\/424 tox|[from] item: Leftovers
|-heal|p2a: Hippowdon|98\/420|[from] item: Leftovers
|-damage|p1a: Mandibuzz|104\/424 tox|[from] psn
|turn|25
|callback|decision
|
|move|p1a: Mandibuzz|Foul Play|p2a: Hippowdon
|-damage|p2a: Hippowdon|0 fnt
|faint|p2a: Hippowdon
|
|-heal|p1a: Mandibuzz|130\/424 tox|[from] item: Leftovers
|-damage|p1a: Mandibuzz|52\/424 tox|[from] psn
|callback|decision
|
|switch|p2a: Thundurus|Thundurus, M|299\/299
|-damage|p2a: Thundurus|225\/299|[from] Stealth Rock
|turn|26
|callback|decision
|
|move|p2a: Thundurus|Thunderbolt|p1a: Mandibuzz
|-supereffective|p1a: Mandibuzz
|-damage|p1a: Mandibuzz|0 fnt
|faint|p1a: Mandibuzz
|
|-heal|p2a: Thundurus|243\/299|[from] item: Leftovers
|callback|decision
|
|switch|p1a: Aegislash|Aegislash, F|324\/324
|-damage|p1a: Aegislash|304\/324|[from] Stealth Rock
|turn|27
|callback|decision
|
|move|p2a: Thundurus|Substitute|p2a: Thundurus
|-start|p2a: Thundurus|Substitute
|-damage|p2a: Thundurus|169\/299
|move|p1a: Aegislash|Swords Dance|p1a: Aegislash
|-boost|p1a: Aegislash|atk|2
|
|-heal|p2a: Thundurus|187\/299|[from] item: Leftovers
|-heal|p1a: Aegislash|324\/324|[from] item: Leftovers
|turn|28
|callback|decision
|chat|smokeavictoryblunt|?_?
|
|move|p2a: Thundurus|Thunderbolt|p1a: Aegislash
|-damage|p1a: Aegislash|216\/324
|-formechange|p1a: Aegislash|Aegislash-Blade
|move|p1a: Aegislash|Sacred Sword|p2a: Thundurus
|-resisted|p2a: Thundurus
|-end|p2a: Thundurus|Substitute
|
|-heal|p2a: Thundurus|205\/299|[from] item: Leftovers
|-heal|p1a: Aegislash|236\/324|[from] item: Leftovers
|turn|29
|callback|decision
|
|move|p2a: Thundurus|Thunder Wave|p1a: Aegislash
|-status|p1a: Aegislash|par
|move|p1a: Aegislash|Shadow Sneak|p2a: Thundurus
|-crit|p2a: Thundurus
|-damage|p2a: Thundurus|0 fnt
|faint|p2a: Thundurus
|
|-heal|p1a: Aegislash|256\/324 par|[from] item: Leftovers
|callback|decision
|
|switch|p2a: Aegislash|Aegislash, M|121\/324
|-damage|p2a: Aegislash|101\/324|[from] Stealth Rock
|turn|30
|callback|decision
|
|move|p1a: Aegislash|Shadow Sneak|p2a: Aegislash
|-supereffective|p2a: Aegislash
|-damage|p2a: Aegislash|0 fnt
|faint|p2a: Aegislash
|
|-heal|p1a: Aegislash|276\/324 par|[from] item: Leftovers
|callback|decision
|
|switch|p2a: Scizor|Scizor, M|248\/343
|-formechange|p2a: Scizor|Scizor-Mega
|-damage|p2a: Scizor|206\/343|[from] Stealth Rock
|turn|31
|callback|decision
|
|-formechange|p1a: Aegislash|Aegislash
|move|p1a: Aegislash|King's Shield|p1a: Aegislash
|-singleturn|p1a: Aegislash|Protect
|move|p2a: Scizor|Swords Dance|p2a: Scizor
|-boost|p2a: Scizor|atk|2
|
|-heal|p1a: Aegislash|296\/324 par|[from] item: Leftovers
|turn|32
|callback|decision
|
|move|p2a: Scizor|Roost|p2a: Scizor
|-heal|p2a: Scizor|343\/343
|-formechange|p1a: Aegislash|Aegislash-Blade
|move|p1a: Aegislash|Sacred Sword|p2a: Scizor
|-damage|p2a: Scizor|167\/343
|
|-heal|p1a: Aegislash|316\/324 par|[from] item: Leftovers
|turn|33
|callback|decision
|
|move|p1a: Aegislash|Shadow Sneak|p2a: Scizor
|-damage|p2a: Scizor|43\/343
|move|p2a: Scizor|Roost|p2a: Scizor
|-heal|p2a: Scizor|215\/343
|
|-heal|p1a: Aegislash|324\/324 par|[from] item: Leftovers
|turn|34
|callback|decision
|chat|smokeavictoryblunt|get another sd fool
|
|-formechange|p1a: Aegislash|Aegislash
|move|p1a: Aegislash|King's Shield|p1a: Aegislash
|-singleturn|p1a: Aegislash|Protect
|move|p2a: Scizor|Bullet Punch|p1a: Aegislash
|-activate|p1a: Aegislash|Protect
|-unboost|p2a: Scizor|atk|2
|
|turn|35
|callback|decision
|chat|smokeavictoryblunt|damn
|
|move|p2a: Scizor|Swords Dance|p2a: Scizor
|-boost|p2a: Scizor|atk|2
|move|p1a: Aegislash|Swords Dance|p1a: Aegislash
|-boost|p1a: Aegislash|atk|2
|
|turn|36
|callback|decision
|chat|smokeavictoryblunt|dunked
|
|move|p2a: Scizor|Roost|p2a: Scizor
|-heal|p2a: Scizor|343\/343
|-formechange|p1a: Aegislash|Aegislash-Blade
|move|p1a: Aegislash|Sacred Sword|p2a: Scizor
|-damage|p2a: Scizor|55\/343
|
|turn|37
|callback|decision
|chat|smokeavictoryblunt|MOMENT OF TRUTH
|
|-formechange|p1a: Aegislash|Aegislash
|move|p1a: Aegislash|King's Shield|p1a: Aegislash
|-singleturn|p1a: Aegislash|Protect
|move|p2a: Scizor|Roost|p2a: Scizor
|-heal|p2a: Scizor|227\/343
|
|turn|38
|callback|decision
|
|move|p2a: Scizor|Roost|p2a: Scizor
|-heal|p2a: Scizor|343\/343
|move|p1a: Aegislash|Swords Dance|p1a: Aegislash
|-boost|p1a: Aegislash|atk|2
|
|turn|39
|callback|decision
|chat|smokeavictoryblunt|MOMENT OF TRUTH II
|
|move|p2a: Scizor|Swords Dance|p2a: Scizor
|-boost|p2a: Scizor|atk|2
|-formechange|p1a: Aegislash|Aegislash-Blade
|move|p1a: Aegislash|Sacred Sword|p2a: Scizor
|-damage|p2a: Scizor|0 fnt
|faint|p2a: Scizor
|
|win|Mamoswineflu
|raw|Ladder updating...
|chat|gddsds|place
|join|Funnelby
|raw|Mamoswineflu's rating: 1615 &rarr; <strong>1639<\/strong><br \/>(+24 for winning)
|raw|RS 7n7's rating: 1602 &rarr; <strong>1578<\/strong><br \/>(-24 for losing)
|chat|smokeavictoryblunt|MOMENT OF TRUTH
|chat|smokeavictoryblunt|VIIII
|leave|smokeavictoryblunt
|leave|inconvenient
|chat|RS 7n7|threw that so hard
|leave|RS 7n7
|player|p2
|leave|Mamoswineflu
|player|p1
|leave|The Pimp-Cane
|leave|gddsds
|leave|Funnelby
|leave|euafflygrfyeuwf