|join|Mamoswineflu
|join|nocookiesnoteams
|player|p1|Mamoswineflu|265
|player|p2|nocookiesnoteams|68
|gametype|singles
|tier|Pokebank OU (beta)
|rated
|clearpoke
|poke|p1|Tyranitar, F
|poke|p1|Blastoise, F
|poke|p1|Dragonite, M
|poke|p1|Rotom-Wash
|poke|p1|Chesnaught, F
|poke|p1|Genesect
|poke|p2|Latias, F
|poke|p2|Venusaur, F
|poke|p2|Cloyster, F
|poke|p2|Rhyperior, M
|poke|p2|Charizard, M
|poke|p2|Genesect
|rule|Sleep Clause Mod: Limit one foe put to sleep
|rule|Species Clause: Limit one of each Pokemon
|rule|Moody Clause: Moody is banned
|rule|OHKO Clause: OHKO moves are banned
|rule|Evasion Moves Clause: Evasion moves are banned
|rule|HP Percentage Mod: HP is reported as percentages
|teampreview
|callback|decision
|
|start
|switch|p1a: Rotom-Wash|Rotom-Wash|304\/304
|switch|p2a: Genesect|Genesect|283\/283
|-boost|p2a: Genesect|atk|1|[from] ability: Download
|turn|1
|callback|decision
|
|move|p2a: Genesect|U-turn|p1a: Rotom-Wash
|-damage|p1a: Rotom-Wash|174\/304
|callback|decision
|
|switch|p2a: Venusaur|Venusaur, F|302\/302
|move|p1a: Rotom-Wash|Will-O-Wisp|p2a: Venusaur
|-status|p2a: Venusaur|brn
|
|-heal|p1a: Rotom-Wash|193\/304|[from] item: Leftovers
|-damage|p2a: Venusaur|265\/302 brn|[from] brn
|turn|2
|callback|decision
|
|switch|p1a: Chesnaught|Chesnaught, F|380\/380
|move|p2a: Venusaur|Power Whip|p1a: Chesnaught
|-resisted|p1a: Chesnaught
|-damage|p1a: Chesnaught|353\/380
|
|-heal|p2a: Venusaur|283\/302 brn|[from] item: Black Sludge
|-heal|p1a: Chesnaught|376\/380|[from] item: Leftovers
|-damage|p2a: Venusaur|246\/302 brn|[from] brn
|turn|3
|callback|decision
|
|switch|p2a: Latias|Latias, F|302\/302
|move|p1a: Chesnaught|Leech Seed|p2a: Latias
|-start|p2a: Latias|move: Leech Seed
|
|-heal|p1a: Chesnaught|380\/380|[from] item: Leftovers
|-damage|p2a: Latias|265\/302|[from] Leech Seed|[of] p1a: Chesnaught
|turn|4
|callback|decision
|
|switch|p2a: Genesect|Genesect|283\/283
|-boost|p2a: Genesect|spa|1|[from] ability: Download
|move|p1a: Chesnaught|Spiky Shield|p1a: Chesnaught
|-fail|p1a: Chesnaught
|
|turn|5
|callback|decision
|
|move|p1a: Chesnaught|Spiky Shield|p1a: Chesnaught
|-singleturn|p1a: Chesnaught|Spiky Shield
|move|p2a: Genesect|Ice Beam|p1a: Chesnaught
|-activate|p1a: Chesnaught|Spiky Shield
|
|turn|6
|callback|decision
|
|switch|p1a: Rotom-Wash|Rotom-Wash|193\/304
|move|p2a: Genesect|Ice Beam|p1a: Rotom-Wash
|-resisted|p1a: Rotom-Wash
|-damage|p1a: Rotom-Wash|143\/304
|-status|p1a: Rotom-Wash|frz
|
|-heal|p1a: Rotom-Wash|162\/304 frz|[from] item: Leftovers
|turn|7
|callback|decision
|
|switch|p2a: Rhyperior|Rhyperior, M|434\/434
|cant|p1a: Rotom-Wash|frz
|
|-heal|p1a: Rotom-Wash|181\/304 frz|[from] item: Leftovers
|turn|8
|callback|decision
|
|cant|p1a: Rotom-Wash|frz
|move|p2a: Rhyperior|Rock Blast|p1a: Rotom-Wash
|-damage|p1a: Rotom-Wash|106\/304 frz
|-damage|p1a: Rotom-Wash|28\/304 frz
|-hitcount|p1a: Rotom-Wash|2
|
|-heal|p1a: Rotom-Wash|47\/304 frz|[from] item: Leftovers
|turn|9
|callback|decision
|
|switch|p2a: Venusaur|Venusaur, F|246\/302 brn
|cant|p1a: Rotom-Wash|frz
|
|-heal|p2a: Venusaur|264\/302 brn|[from] item: Black Sludge
|-heal|p1a: Rotom-Wash|66\/304 frz|[from] item: Leftovers
|-damage|p2a: Venusaur|227\/302 brn|[from] brn
|turn|10
|callback|decision
|
|move|p2a: Venusaur|Power Whip|p1a: Rotom-Wash
|-supereffective|p1a: Rotom-Wash
|-damage|p1a: Rotom-Wash|0 fnt
|faint|p1a: Rotom-Wash
|
|-heal|p2a: Venusaur|245\/302 brn|[from] item: Black Sludge
|-damage|p2a: Venusaur|208\/302 brn|[from] brn
|callback|decision
|
|switch|p1a: Genesect|Genesect|283\/283
|-boost|p1a: Genesect|atk|1|[from] ability: Download
|turn|11
|callback|decision
|
|switch|p2a: Genesect|Genesect|283\/283
|-boost|p2a: Genesect|atk|1|[from] ability: Download
|move|p1a: Genesect|Iron Head|p2a: Genesect
|-crit|p2a: Genesect
|-resisted|p2a: Genesect
|-damage|p2a: Genesect|144\/283
|
|turn|12
|callback|decision
|
|switch|p1a: Tyranitar|Tyranitar, F|404\/404
|-weather|Sandstorm
|move|p2a: Genesect|U-turn|p1a: Tyranitar
|-supereffective|p1a: Tyranitar
|-damage|p1a: Tyranitar|126\/404
|callback|decision
|
|switch|p2a: Charizard|Charizard, M|298\/298
|
|-weather|Sandstorm|[upkeep]
|-damage|p2a: Charizard|280\/298|[from] sandstorm
|turn|13
|callback|decision
|
|switch|p1a: Dragonite|Dragonite, M|343\/343
|-formechange|p2a: Charizard|Charizard-Mega-Y
|message|Charizard has Mega Evolved into Mega Charizard!
|-weather|SunnyDay
|move|p2a: Charizard|Solar Beam|p1a: Dragonite|[still]
|-prepare|p2a: Charizard|Solar Beam|p1a: Dragonite
|-anim|p2a: Charizard|Solar Beam|p1a: Dragonite
|-resisted|p1a: Dragonite
|-damage|p1a: Dragonite|323\/343
|
|-weather|SunnyDay|[upkeep]
|turn|14
|callback|decision
|
|switch|p2a: Rhyperior|Rhyperior, M|434\/434
|move|p1a: Dragonite|Fire Punch|p2a: Rhyperior
|-resisted|p2a: Rhyperior
|-damage|p2a: Rhyperior|338\/434
|
|-weather|SunnyDay|[upkeep]
|turn|15
|callback|decision
|
|switch|p1a: Chesnaught|Chesnaught, F|380\/380
|move|p2a: Rhyperior|Fire Punch|p1a: Chesnaught
|-supereffective|p1a: Chesnaught
|-damage|p1a: Chesnaught|76\/380
|
|-weather|SunnyDay|[upkeep]
|-heal|p1a: Chesnaught|99\/380|[from] item: Leftovers
|turn|16
|callback|decision
|
|switch|p2a: Genesect|Genesect|144\/283
|-boost|p2a: Genesect|spa|1|[from] ability: Download
|move|p1a: Chesnaught|Leech Seed|p2a: Genesect
|-start|p2a: Genesect|move: Leech Seed
|
|-weather|SunnyDay|[upkeep]
|-heal|p1a: Chesnaught|122\/380|[from] item: Leftovers
|-damage|p2a: Genesect|109\/283|[from] Leech Seed|[of] p1a: Chesnaught
|-heal|p1a: Chesnaught|157\/380|[silent]
|turn|17
|callback|decision
|
|move|p2a: Genesect|Flamethrower|p1a: Chesnaught
|-supereffective|p1a: Chesnaught
|-damage|p1a: Chesnaught|0 fnt
|faint|p1a: Chesnaught
|
|-weather|none
|callback|decision
|
|switch|p1a: Tyranitar|Tyranitar, F|126\/404
|-weather|Sandstorm
|turn|18
|callback|decision
|
|move|p1a: Tyranitar|Pursuit|p2a: Genesect|[from]Pursuit
|-damage|p2a: Genesect|0 fnt
|faint|p2a: Genesect
|
|-weather|Sandstorm|[upkeep]
|callback|decision
|
|switch|p2a: Rhyperior|Rhyperior, M|338\/434
|turn|19
|callback|decision
|
|move|p1a: Tyranitar|Stealth Rock|p2a: Rhyperior
|-sidestart|p2: nocookiesnoteams|move: Stealth Rock
|move|p2a: Rhyperior|Rock Blast|p1a: Tyranitar
|-crit|p1a: Tyranitar
|-damage|p1a: Tyranitar|14\/404
|-damage|p1a: Tyranitar|0 fnt
|-hitcount|p1a: Tyranitar|2
|faint|p1a: Tyranitar
|
|-weather|Sandstorm|[upkeep]
|callback|decision
|
|switch|p1a: Blastoise|Blastoise, F|312\/312
|turn|20
|callback|decision
|
|switch|p2a: Latias|Latias, F|265\/302
|-damage|p2a: Latias|228\/302|[from] Stealth Rock
|-formechange|p1a: Blastoise|Blastoise-Mega
|message|Blastoise has Mega Evolved into Mega Blastoise!
|move|p1a: Blastoise|Dark Pulse|p2a: Latias
|-supereffective|p2a: Latias
|-damage|p2a: Latias|0 fnt
|faint|p2a: Latias
|
|-weather|Sandstorm|[upkeep]
|-damage|p1a: Blastoise|293\/312|[from] sandstorm
|callback|decision
|
|switch|p2a: Cloyster|Cloyster, F|242\/242
|-damage|p2a: Cloyster|182\/242|[from] Stealth Rock
|turn|21
|callback|decision
|
|move|p1a: Blastoise|Dark Pulse|p2a: Cloyster
|-damage|p2a: Cloyster|0 fnt
|faint|p2a: Cloyster
|
|-weather|Sandstorm|[upkeep]
|-damage|p1a: Blastoise|274\/312|[from] sandstorm
|callback|decision
|
|switch|p2a: Venusaur|Venusaur, F|208\/302 brn
|-damage|p2a: Venusaur|171\/302 brn|[from] Stealth Rock
|turn|22
|callback|decision
|
|move|p2a: Venusaur|Sleep Powder|p1a: Blastoise
|-status|p1a: Blastoise|slp
|cant|p1a: Blastoise|slp
|
|-weather|none
|-heal|p2a: Venusaur|189\/302 brn|[from] item: Black Sludge
|-damage|p2a: Venusaur|152\/302 brn|[from] brn
|turn|23
|callback|decision
|
|switch|p2a: Rhyperior|Rhyperior, M|338\/434
|-damage|p2a: Rhyperior|311\/434|[from] Stealth Rock
|cant|p1a: Blastoise|slp
|
|turn|24
|callback|decision
|
|cant|p1a: Blastoise|slp
|move|p2a: Rhyperior|Rock Blast|p1a: Blastoise
|-damage|p1a: Blastoise|207\/312 slp
|-damage|p1a: Blastoise|138\/312 slp
|-damage|p1a: Blastoise|66\/312 slp
|-damage|p1a: Blastoise|2\/312 slp
|-hitcount|p1a: Blastoise|4
|
|turn|25
|callback|decision
|
|-curestatus|p1a: Blastoise|slp
|move|p1a: Blastoise|Water Pulse|p2a: Rhyperior
|-supereffective|p2a: Rhyperior
|-damage|p2a: Rhyperior|0 fnt
|faint|p2a: Rhyperior
|
|callback|decision
|
|switch|p2a: Venusaur|Venusaur, F|152\/302 brn
|-damage|p2a: Venusaur|115\/302 brn|[from] Stealth Rock
|turn|26
|callback|decision
|
|switch|p1a: Genesect|Genesect|283\/283
|-boost|p1a: Genesect|atk|1|[from] ability: Download
|move|p2a: Venusaur|Power Whip|p1a: Genesect
|-resisted|p1a: Genesect
|-damage|p1a: Genesect|258\/283
|
|-heal|p2a: Venusaur|133\/302 brn|[from] item: Black Sludge
|-damage|p2a: Venusaur|96\/302 brn|[from] brn
|turn|27
|callback|decision
|
|move|p1a: Genesect|U-turn|p2a: Venusaur
|-damage|p2a: Venusaur|0 fnt
|faint|p2a: Venusaur
|callback|decision
|
|switch|p1a: Dragonite|Dragonite, M|323\/343
|
|callback|decision
|
|switch|p2a: Charizard|Charizard, M|280\/298
|-formechange|p2a: Charizard|Charizard-Mega-Y
|-damage|p2a: Charizard|131\/298|[from] Stealth Rock
|-weather|SunnyDay
|turn|28
|callback|decision
|
|move|p1a: Dragonite|Extreme Speed|p2a: Charizard
|-damage|p2a: Charizard|0 fnt
|faint|p2a: Charizard
|
|win|Mamoswineflu
|raw|Ladder updating...
|raw|Mamoswineflu's rating: 1980 &rarr; <strong>1982<\/strong><br \/>(+2 for winning)
|raw|nocookiesnoteams's rating: 1698 &rarr; <strong>1689<\/strong><br \/>(-9 for losing)
|chat|nocookiesnoteams|gg