|join|Charizard_PWNs
|join|Mamoswineflu
|player|p1|Charizard_PWNs|266
|player|p2|Mamoswineflu|282
|gametype|singles
|tier|Pokebank OU (beta)
|rated
|clearpoke
|poke|p1|Scolipede, M
|poke|p1|Kangaskhan, F
|poke|p1|Landorus-Therian, M
|poke|p1|Rotom-Wash
|poke|p1|Kyurem-Black
|poke|p1|Trevenant, M
|poke|p2|Blastoise, M
|poke|p2|Dragonite, F
|poke|p2|Scizor, M
|poke|p2|Tyranitar, M
|poke|p2|Chesnaught, F
|poke|p2|Aegislash, F
|rule|Sleep Clause Mod: Limit one foe put to sleep
|rule|Species Clause: Limit one of each Pokemon
|rule|Moody Clause: Moody is banned
|rule|OHKO Clause: OHKO moves are banned
|rule|Evasion Moves Clause: Evasion moves are banned
|rule|HP Percentage Mod: HP is reported as percentages
|teampreview
|callback|decision
|join|Kmcgui357
|
|start
|switch|p1a: Rotom-Wash|Rotom-Wash|304\/304
|switch|p2a: Blastoise|Blastoise, M|311\/311
|turn|1
|callback|decision
|
|-formechange|p2a: Blastoise|Blastoise-Mega
|message|Blastoise has Mega Evolved into Mega Blastoise!
|move|p2a: Blastoise|Dark Pulse|p1a: Rotom-Wash
|-damage|p1a: Rotom-Wash|202\/304
|cant|p1a: Rotom-Wash|flinch
|
|turn|2
|callback|decision
|chat|Kmcgui357|Hello
|chat|Mamoswineflu|hi
|
|switch|p2a: Tyranitar|Tyranitar, M|404\/404
|-weather|Sandstorm
|move|p1a: Rotom-Wash|Rest|p1a: Rotom-Wash
|-status|p1a: Rotom-Wash|slp
|-heal|p1a: Rotom-Wash|304\/304 slp|[silent]
|-status|p1a: Rotom-Wash|slp|[from] move: Rest
|-enditem|p1a: Rotom-Wash|Chesto Berry|[eat]
|-curestatus|p1a: Rotom-Wash|slp
|
|-weather|Sandstorm|[upkeep]
|-damage|p1a: Rotom-Wash|285\/304|[from] sandstorm
|turn|3
|callback|decision
|chat|Kmcgui357|How are you guys doing?
|
|move|p1a: Rotom-Wash|Will-O-Wisp|p2a: Tyranitar|[miss]
|-miss|p1a: Rotom-Wash|p2a: Tyranitar
|move|p2a: Tyranitar|Stealth Rock|p1a: Rotom-Wash
|-sidestart|p1: Charizard_PWNs|move: Stealth Rock
|
|-weather|Sandstorm|[upkeep]
|-damage|p1a: Rotom-Wash|266\/304|[from] sandstorm
|turn|4
|callback|decision
|chat|Mamoswineflu|good, yourself?
|
|move|p1a: Rotom-Wash|Volt Switch|p2a: Tyranitar
|-damage|p2a: Tyranitar|349\/404
|callback|decision
|
|switch|p1a: Landorus-Therian|Landorus-Therian, M|329\/329
|-damage|p1a: Landorus-Therian|288\/329|[from] Stealth Rock
|-ability|p1a: Landorus-Therian|Intimidate|[of] p2a: Tyranitar
|-unboost|p2a: Tyranitar|atk|1
|move|p2a: Tyranitar|Crunch|p1a: Landorus-Therian
|-crit|p1a: Landorus-Therian
|-damage|p1a: Landorus-Therian|44\/329
|
|-weather|Sandstorm|[upkeep]
|-heal|p1a: Landorus-Therian|64\/329|[from] item: Leftovers
|turn|5
|callback|decision
|chat|Kmcgui357|Good
|
|switch|p2a: Blastoise|Blastoise, M|311\/311
|-formechange|p2a: Blastoise|Blastoise-Mega
|move|p1a: Landorus-Therian|Stealth Rock|p2a: Blastoise
|-sidestart|p2: Mamoswineflu|move: Stealth Rock
|
|-weather|Sandstorm|[upkeep]
|-damage|p2a: Blastoise|292\/311|[from] sandstorm
|-heal|p1a: Landorus-Therian|84\/329|[from] item: Leftovers
|turn|6
|callback|decision
|
|move|p1a: Landorus-Therian|Earthquake|p2a: Blastoise
|-damage|p2a: Blastoise|126\/311
|move|p2a: Blastoise|Dark Pulse|p1a: Landorus-Therian
|-damage|p1a: Landorus-Therian|0 fnt
|faint|p1a: Landorus-Therian
|
|-weather|none
|callback|decision
|
|switch|p1a: Kyurem-Black|Kyurem-Black|421\/421
|-damage|p1a: Kyurem-Black|316\/421|[from] Stealth Rock
|-ability|p1a: Kyurem-Black|Teravolt
|turn|7
|callback|decision
|
|switch|p2a: Chesnaught|Chesnaught, F|380\/380
|-damage|p2a: Chesnaught|357\/380|[from] Stealth Rock
|move|p1a: Kyurem-Black|Fusion Bolt|p2a: Chesnaught
|-resisted|p2a: Chesnaught
|-damage|p2a: Chesnaught|313\/380
|-damage|p1a: Kyurem-Black|274\/421|[from] item: Life Orb
|
|-heal|p2a: Chesnaught|336\/380|[from] item: Leftovers
|turn|8
|callback|decision
|
|move|p2a: Chesnaught|Spiky Shield|p2a: Chesnaught
|-singleturn|p2a: Chesnaught|Spiky Shield
|move|p1a: Kyurem-Black|Ice Beam|p2a: Chesnaught
|-activate|p2a: Chesnaught|Spiky Shield
|
|-heal|p2a: Chesnaught|359\/380|[from] item: Leftovers
|turn|9
|callback|decision
|
|switch|p2a: Aegislash|Aegislash, F|262\/262
|-damage|p2a: Aegislash|246\/262|[from] Stealth Rock
|move|p1a: Kyurem-Black|Ice Beam|p2a: Aegislash
|-resisted|p2a: Aegislash
|-damage|p2a: Aegislash|168\/262
|-damage|p1a: Kyurem-Black|232\/421|[from] item: Life Orb
|
|-heal|p2a: Aegislash|184\/262|[from] item: Leftovers
|turn|10
|callback|decision
|
|move|p1a: Kyurem-Black|Earth Power|p2a: Aegislash
|-supereffective|p2a: Aegislash
|-damage|p2a: Aegislash|0 fnt
|-damage|p1a: Kyurem-Black|190\/421|[from] item: Life Orb
|faint|p2a: Aegislash
|
|callback|decision
|
|switch|p2a: Scizor|Scizor, M|344\/344
|-damage|p2a: Scizor|301\/344|[from] Stealth Rock
|turn|11
|callback|decision
|
|switch|p1a: Rotom-Wash|Rotom-Wash|266\/304
|-damage|p1a: Rotom-Wash|228\/304|[from] Stealth Rock
|move|p2a: Scizor|Bullet Punch|p1a: Rotom-Wash
|-resisted|p1a: Rotom-Wash
|-damage|p1a: Rotom-Wash|200\/304
|
|turn|12
|callback|decision
|
|move|p1a: Rotom-Wash|Will-O-Wisp|p2a: Scizor|[miss]
|-miss|p1a: Rotom-Wash|p2a: Scizor
|move|p2a: Scizor|U-turn|p1a: Rotom-Wash
|-damage|p1a: Rotom-Wash|98\/304
|callback|decision
|
|switch|p2a: Blastoise|Blastoise, M|126\/311
|-formechange|p2a: Blastoise|Blastoise-Mega
|-damage|p2a: Blastoise|88\/311|[from] Stealth Rock
|
|turn|13
|callback|decision
|chat|Charizard_PWNs|...
|
|move|p2a: Blastoise|Rapid Spin|p1a: Rotom-Wash
|-damage|p1a: Rotom-Wash|85\/304
|-sideend|p2: Mamoswineflu|Stealth Rock|[from] move: Rapid Spin|[of] p2a: Blastoise
|move|p1a: Rotom-Wash|Volt Switch|p2a: Blastoise
|-supereffective|p2a: Blastoise
|-damage|p2a: Blastoise|0 fnt
|faint|p2a: Blastoise
|callback|decision
|
|switch|p1a: Scolipede|Scolipede, M|324\/324
|-damage|p1a: Scolipede|243\/324|[from] Stealth Rock
|
|-heal|p1a: Scolipede|263\/324|[from] item: Leftovers
|callback|decision
|
|switch|p2a: Scizor|Scizor, M|301\/344
|turn|14
|callback|decision
|
|move|p1a: Scolipede|Iron Defense|p1a: Scolipede
|-boost|p1a: Scolipede|def|2
|move|p2a: Scizor|Swords Dance|p2a: Scizor
|-boost|p2a: Scizor|atk|2
|
|-heal|p1a: Scolipede|283\/324|[from] item: Leftovers
|-boost|p1a: Scolipede|spe|1|[from] ability: Speed Boost
|turn|15
|callback|decision
|
|move|p1a: Scolipede|Iron Defense|p1a: Scolipede
|-boost|p1a: Scolipede|def|2
|move|p2a: Scizor|Swords Dance|p2a: Scizor
|-boost|p2a: Scizor|atk|2
|
|-heal|p1a: Scolipede|303\/324|[from] item: Leftovers
|-boost|p1a: Scolipede|spe|1|[from] ability: Speed Boost
|turn|16
|callback|decision
|
|move|p1a: Scolipede|Baton Pass|p1a: Scolipede
|callback|decision
|
|switch|p1a: Trevenant|Trevenant, M|374\/374
|-damage|p1a: Trevenant|328\/374|[from] Stealth Rock
|move|p2a: Scizor|Swords Dance|p2a: Scizor
|-boost|p2a: Scizor|atk|2
|
|turn|17
|callback|decision
|
|move|p2a: Scizor|Bullet Punch|p1a: Trevenant
|-damage|p1a: Trevenant|177\/374
|-enditem|p1a: Trevenant|Sitrus Berry|[eat]
|-heal|p1a: Trevenant|270\/374|[from] item: Sitrus Berry
|move|p1a: Trevenant|Leech Seed|p2a: Scizor
|-start|p2a: Scizor|move: Leech Seed
|
|-damage|p2a: Scizor|258\/344|[from] Leech Seed|[of] p1a: Trevenant
|-heal|p1a: Trevenant|313\/374|[silent]
|-item|p1a: Trevenant|Sitrus Berry|[from] ability: Harvest
|turn|18
|callback|decision
|
|move|p1a: Trevenant|Substitute|p1a: Trevenant
|-start|p1a: Trevenant|Substitute
|-damage|p1a: Trevenant|220\/374
|move|p2a: Scizor|U-turn|p1a: Trevenant
|-end|p1a: Trevenant|Substitute
|callback|decision
|
|switch|p2a: Tyranitar|Tyranitar, M|349\/404
|-weather|Sandstorm
|
|-weather|Sandstorm|[upkeep]
|-damage|p1a: Trevenant|197\/374|[from] sandstorm
|turn|19
|callback|decision
|
|move|p1a: Trevenant|Leech Seed|p2a: Tyranitar
|-start|p2a: Tyranitar|move: Leech Seed
|move|p2a: Tyranitar|Crunch|p1a: Trevenant
|-supereffective|p1a: Trevenant
|-damage|p1a: Trevenant|81\/374
|-enditem|p1a: Trevenant|Sitrus Berry|[eat]
|-heal|p1a: Trevenant|174\/374|[from] item: Sitrus Berry
|
|-weather|Sandstorm|[upkeep]
|-damage|p1a: Trevenant|151\/374|[from] sandstorm
|-damage|p2a: Tyranitar|299\/404|[from] Leech Seed|[of] p1a: Trevenant
|-heal|p1a: Trevenant|201\/374|[silent]
|turn|20
|callback|decision
|
|move|p1a: Trevenant|Substitute|p1a: Trevenant
|-start|p1a: Trevenant|Substitute
|-damage|p1a: Trevenant|108\/374
|move|p2a: Tyranitar|Crunch|p1a: Trevenant
|-supereffective|p1a: Trevenant
|-end|p1a: Trevenant|Substitute
|
|-weather|Sandstorm|[upkeep]
|-damage|p1a: Trevenant|85\/374|[from] sandstorm
|-damage|p2a: Tyranitar|249\/404|[from] Leech Seed|[of] p1a: Trevenant
|-heal|p1a: Trevenant|135\/374|[silent]
|-item|p1a: Trevenant|Sitrus Berry|[from] ability: Harvest
|-enditem|p1a: Trevenant|Sitrus Berry|[eat]
|-heal|p1a: Trevenant|228\/374|[from] item: Sitrus Berry
|turn|21
|callback|decision
|chat|Kmcgui357|Trevanant's set is curse\/leech seed\/ shadow claw\/ substitute
|
|switch|p2a: Chesnaught|Chesnaught, F|359\/380
|move|p1a: Trevenant|Substitute|p1a: Trevenant
|-start|p1a: Trevenant|Substitute
|-damage|p1a: Trevenant|135\/374
|
|-weather|Sandstorm|[upkeep]
|-damage|p1a: Trevenant|112\/374|[from] sandstorm
|-damage|p2a: Chesnaught|336\/380|[from] sandstorm
|-heal|p2a: Chesnaught|359\/380|[from] item: Leftovers
|turn|22
|callback|decision
|chat|Kmcgui357|Is it not?
|
|move|p2a: Chesnaught|Spiky Shield|p2a: Chesnaught
|-singleturn|p2a: Chesnaught|Spiky Shield
|move|p1a: Trevenant|Shadow Claw|p2a: Chesnaught
|-activate|p2a: Chesnaught|Spiky Shield
|-damage|p1a: Trevenant|66\/374|[from] Spiky Shield|[of] p2a: Chesnaught
|
|-weather|none
|-heal|p2a: Chesnaught|380\/380|[from] item: Leftovers
|turn|23
|callback|decision
|
|move|p1a: Trevenant|Leech Seed|p2a: Chesnaught|[miss]
|-miss|p1a: Trevenant|p2a: Chesnaught
|move|p2a: Chesnaught|Wood Hammer|p1a: Trevenant
|-resisted|p1a: Trevenant
|-activate|p1a: Trevenant|Substitute|[damage]
|-damage|p2a: Chesnaught|371\/380|[from] recoil|[of] p1a: Trevenant
|
|-heal|p2a: Chesnaught|380\/380|[from] item: Leftovers
|turn|24
|callback|decision
|
|move|p1a: Trevenant|Leech Seed|p2a: Chesnaught
|-immune|p2a: Chesnaught|[msg]
|move|p2a: Chesnaught|Wood Hammer|p1a: Trevenant
|-resisted|p1a: Trevenant
|-activate|p1a: Trevenant|Substitute|[damage]
|-damage|p2a: Chesnaught|370\/380|[from] recoil|[of] p1a: Trevenant
|
|-heal|p2a: Chesnaught|380\/380|[from] item: Leftovers
|-item|p1a: Trevenant|Sitrus Berry|[from] ability: Harvest
|-enditem|p1a: Trevenant|Sitrus Berry|[eat]
|-heal|p1a: Trevenant|159\/374|[from] item: Sitrus Berry
|turn|25
|callback|decision
|
|move|p1a: Trevenant|Shadow Claw|p2a: Chesnaught
|-damage|p2a: Chesnaught|325\/380
|move|p2a: Chesnaught|Wood Hammer|p1a: Trevenant
|-resisted|p1a: Trevenant
|-activate|p1a: Trevenant|Substitute|[damage]
|-damage|p2a: Chesnaught|316\/380|[from] recoil|[of] p1a: Trevenant
|
|-heal|p2a: Chesnaught|339\/380|[from] item: Leftovers
|turn|26
|callback|decision
|
|move|p2a: Chesnaught|Spiky Shield|p2a: Chesnaught
|-singleturn|p2a: Chesnaught|Spiky Shield
|move|p1a: Trevenant|Shadow Claw|p2a: Chesnaught
|-activate|p2a: Chesnaught|Spiky Shield
|-damage|p1a: Trevenant|113\/374|[from] Spiky Shield|[of] p2a: Chesnaught
|
|-heal|p2a: Chesnaught|362\/380|[from] item: Leftovers
|-item|p1a: Trevenant|Sitrus Berry|[from] ability: Harvest
|-enditem|p1a: Trevenant|Sitrus Berry|[eat]
|-heal|p1a: Trevenant|206\/374|[from] item: Sitrus Berry
|turn|27
|callback|decision
|
|move|p1a: Trevenant|Leech Seed|p2a: Chesnaught
|-immune|p2a: Chesnaught|[msg]
|move|p2a: Chesnaught|Leech Seed|p1a: Trevenant
|-immune|p1a: Trevenant|[msg]
|
|-heal|p2a: Chesnaught|380\/380|[from] item: Leftovers
|turn|28
|callback|decision
|
|move|p1a: Trevenant|Shadow Claw|p2a: Chesnaught
|-crit|p2a: Chesnaught
|-damage|p2a: Chesnaught|301\/380
|move|p2a: Chesnaught|Leech Seed|p1a: Trevenant
|-immune|p1a: Trevenant|[msg]
|
|-heal|p2a: Chesnaught|324\/380|[from] item: Leftovers
|turn|29
|callback|decision
|chat|Kmcgui357|Oh, and the harvest ability
|
|move|p2a: Chesnaught|Spiky Shield|p2a: Chesnaught
|-singleturn|p2a: Chesnaught|Spiky Shield
|move|p1a: Trevenant|Shadow Claw|p2a: Chesnaught
|-activate|p2a: Chesnaught|Spiky Shield
|-damage|p1a: Trevenant|160\/374|[from] Spiky Shield|[of] p2a: Chesnaught
|
|-heal|p2a: Chesnaught|347\/380|[from] item: Leftovers
|turn|30
|callback|decision
|
|move|p1a: Trevenant|Leech Seed|p2a: Chesnaught
|-immune|p2a: Chesnaught|[msg]
|move|p2a: Chesnaught|Wood Hammer|p1a: Trevenant
|-resisted|p1a: Trevenant
|-end|p1a: Trevenant|Substitute
|-damage|p2a: Chesnaught|344\/380|[from] recoil|[of] p1a: Trevenant
|
|-heal|p2a: Chesnaught|367\/380|[from] item: Leftovers
|turn|31
|callback|decision
|
|move|p1a: Trevenant|Substitute|p1a: Trevenant
|-start|p1a: Trevenant|Substitute
|-damage|p1a: Trevenant|67\/374
|move|p2a: Chesnaught|Wood Hammer|p1a: Trevenant
|-resisted|p1a: Trevenant
|-activate|p1a: Trevenant|Substitute|[damage]
|-damage|p2a: Chesnaught|359\/380|[from] recoil|[of] p1a: Trevenant
|
|-heal|p2a: Chesnaught|380\/380|[from] item: Leftovers
|-item|p1a: Trevenant|Sitrus Berry|[from] ability: Harvest
|-enditem|p1a: Trevenant|Sitrus Berry|[eat]
|-heal|p1a: Trevenant|160\/374|[from] item: Sitrus Berry
|turn|32
|callback|decision
|
|move|p1a: Trevenant|Shadow Claw|p2a: Chesnaught
|-damage|p2a: Chesnaught|320\/380
|move|p2a: Chesnaught|Wood Hammer|p1a: Trevenant
|-resisted|p1a: Trevenant
|-activate|p1a: Trevenant|Substitute|[damage]
|-damage|p2a: Chesnaught|310\/380|[from] recoil|[of] p1a: Trevenant
|
|-heal|p2a: Chesnaught|333\/380|[from] item: Leftovers
|turn|33
|callback|decision
|
|move|p2a: Chesnaught|Spiky Shield|p2a: Chesnaught
|-singleturn|p2a: Chesnaught|Spiky Shield
|move|p1a: Trevenant|Substitute|p1a: Trevenant
|-fail|p1a: Trevenant|move: Substitute
|
|-heal|p2a: Chesnaught|356\/380|[from] item: Leftovers
|-item|p1a: Trevenant|Sitrus Berry|[from] ability: Harvest
|-enditem|p1a: Trevenant|Sitrus Berry|[eat]
|-heal|p1a: Trevenant|253\/374|[from] item: Sitrus Berry
|turn|34
|callback|decision
|
|move|p1a: Trevenant|Curse|p2a: Chesnaught
|-start|p2a: Chesnaught|Curse|[of] p1a: Trevenant
|-damage|p1a: Trevenant|66\/374
|move|p2a: Chesnaught|Wood Hammer|p1a: Trevenant
|-crit|p1a: Trevenant
|-resisted|p1a: Trevenant
|-end|p1a: Trevenant|Substitute
|-damage|p2a: Chesnaught|343\/380|[from] recoil|[of] p1a: Trevenant
|
|-heal|p2a: Chesnaught|366\/380|[from] item: Leftovers
|-damage|p2a: Chesnaught|271\/380|[from] Curse
|turn|35
|callback|decision
|
|switch|p2a: Tyranitar|Tyranitar, M|249\/404
|-weather|Sandstorm
|move|p1a: Trevenant|Leech Seed|p2a: Tyranitar
|-start|p2a: Tyranitar|move: Leech Seed
|
|-weather|Sandstorm|[upkeep]
|-damage|p1a: Trevenant|43\/374|[from] sandstorm
|-damage|p2a: Tyranitar|199\/404|[from] Leech Seed|[of] p1a: Trevenant
|-heal|p1a: Trevenant|93\/374|[silent]
|turn|36
|callback|decision
|chat|Charizard_PWNs|wow shit
|
|move|p2a: Tyranitar|Pursuit|p1a: Trevenant|[from]Pursuit
|-supereffective|p1a: Trevenant
|-damage|p1a: Trevenant|0 fnt
|faint|p1a: Trevenant
|
|-weather|Sandstorm|[upkeep]
|callback|decision
|
|switch|p1a: Scolipede|Scolipede, M|303\/324
|-damage|p1a: Scolipede|222\/324|[from] Stealth Rock
|turn|37
|callback|decision
|
|move|p1a: Scolipede|Swords Dance|p1a: Scolipede
|-boost|p1a: Scolipede|atk|2
|move|p2a: Tyranitar|Stone Edge|p1a: Scolipede
|-crit|p1a: Scolipede
|-supereffective|p1a: Scolipede
|-damage|p1a: Scolipede|0 fnt
|faint|p1a: Scolipede
|
|-weather|Sandstorm|[upkeep]
|callback|decision
|
|switch|p1a: Kangaskhan|Kangaskhan, F|351\/351
|-damage|p1a: Kangaskhan|308\/351|[from] Stealth Rock
|turn|38
|callback|decision
|
|-formechange|p1a: Kangaskhan|Kangaskhan-Mega
|message|Kangaskhan has Mega Evolved into Mega Kangaskhan!
|move|p1a: Kangaskhan|Fake Out|p2a: Tyranitar
|-resisted|p2a: Tyranitar
|-damage|p2a: Tyranitar|165\/404
|-resisted|p2a: Tyranitar
|-damage|p2a: Tyranitar|150\/404
|-hitcount|p2a: Tyranitar|2
|cant|p2a: Tyranitar|flinch
|
|-weather|Sandstorm|[upkeep]
|-damage|p1a: Kangaskhan|287\/351|[from] sandstorm
|-damage|p2a: Tyranitar|100\/404|[from] Leech Seed|[of] p1a: Kangaskhan
|-heal|p1a: Kangaskhan|337\/351|[silent]
|turn|39
|callback|decision
|
|move|p1a: Kangaskhan|Return|p2a: Tyranitar
|-resisted|p2a: Tyranitar
|-damage|p2a: Tyranitar|25\/404
|-crit|p2a: Tyranitar
|-resisted|p2a: Tyranitar
|-damage|p2a: Tyranitar|0 fnt
|-hitcount|p2a: Tyranitar|2
|faint|p2a: Tyranitar
|
|-weather|none
|callback|decision
|
|switch|p2a: Chesnaught|Chesnaught, F|271\/380
|turn|40
|callback|decision
|
|move|p1a: Kangaskhan|Return|p2a: Chesnaught
|-damage|p2a: Chesnaught|168\/380
|-damage|p2a: Chesnaught|107\/380
|-hitcount|p2a: Chesnaught|2
|move|p2a: Chesnaught|Leech Seed|p1a: Kangaskhan
|-start|p1a: Kangaskhan|move: Leech Seed
|
|-heal|p2a: Chesnaught|130\/380|[from] item: Leftovers
|-damage|p1a: Kangaskhan|294\/351|[from] Leech Seed|[of] p2a: Chesnaught
|-heal|p2a: Chesnaught|173\/380|[silent]
|turn|41
|callback|decision
|
|switch|p1a: Kyurem-Black|Kyurem-Black|190\/421
|-damage|p1a: Kyurem-Black|85\/421|[from] Stealth Rock
|-ability|p1a: Kyurem-Black|Teravolt
|move|p2a: Chesnaught|Hammer Arm|p1a: Kyurem-Black|[miss]
|-miss|p2a: Chesnaught|p1a: Kyurem-Black
|
|-heal|p2a: Chesnaught|196\/380|[from] item: Leftovers
|turn|42
|callback|decision
|
|switch|p2a: Scizor|Scizor, M|258\/344
|move|p1a: Kyurem-Black|Roost|p1a: Kyurem-Black
|-heal|p1a: Kyurem-Black|296\/421
|
|turn|43
|callback|decision
|
|move|p1a: Kyurem-Black|Fusion Bolt|p2a: Scizor
|-damage|p2a: Scizor|105\/344
|-damage|p1a: Kyurem-Black|254\/421|[from] item: Life Orb
|move|p2a: Scizor|U-turn|p1a: Kyurem-Black
|-damage|p1a: Kyurem-Black|155\/421
|callback|decision
|
|switch|p2a: Dragonite|Dragonite, F|324\/324
|
|turn|44
|callback|decision
|
|switch|p2a: Scizor|Scizor, M|105\/344
|move|p1a: Kyurem-Black|Ice Beam|p2a: Scizor
|-resisted|p2a: Scizor
|-damage|p2a: Scizor|9\/344
|-damage|p1a: Kyurem-Black|113\/421|[from] item: Life Orb
|
|turn|45
|callback|decision
|
|switch|p1a: Rotom-Wash|Rotom-Wash|85\/304
|-damage|p1a: Rotom-Wash|47\/304|[from] Stealth Rock
|move|p2a: Scizor|Roost|p2a: Scizor
|-heal|p2a: Scizor|181\/344
|
|turn|46
|callback|decision
|
|move|p1a: Rotom-Wash|Will-O-Wisp|p2a: Scizor
|-status|p2a: Scizor|brn
|move|p2a: Scizor|U-turn|p1a: Rotom-Wash
|-damage|p1a: Rotom-Wash|0 fnt
|faint|p1a: Rotom-Wash
|callback|decision
|
|switch|p2a: Chesnaught|Chesnaught, F|196\/380
|
|-heal|p2a: Chesnaught|219\/380|[from] item: Leftovers
|callback|decision
|
|switch|p1a: Kyurem-Black|Kyurem-Black|113\/421
|-damage|p1a: Kyurem-Black|8\/421|[from] Stealth Rock
|-ability|p1a: Kyurem-Black|Teravolt
|turn|47
|callback|decision
|
|switch|p2a: Scizor|Scizor, M|181\/344 brn
|move|p1a: Kyurem-Black|Roost|p1a: Kyurem-Black
|-heal|p1a: Kyurem-Black|219\/421
|
|-damage|p2a: Scizor|138\/344 brn|[from] brn
|turn|48
|callback|decision
|
|move|p2a: Scizor|Bullet Punch|p1a: Kyurem-Black
|-supereffective|p1a: Kyurem-Black
|-damage|p1a: Kyurem-Black|103\/421
|move|p1a: Kyurem-Black|Roost|p1a: Kyurem-Black
|-heal|p1a: Kyurem-Black|314\/421
|
|-damage|p2a: Scizor|95\/344 brn|[from] brn
|turn|49
|callback|decision
|
|move|p1a: Kyurem-Black|Earth Power|p2a: Scizor
|-damage|p2a: Scizor|0 fnt
|-damage|p1a: Kyurem-Black|272\/421|[from] item: Life Orb
|faint|p2a: Scizor
|
|callback|decision
|
|switch|p2a: Dragonite|Dragonite, F|324\/324
|turn|50
|callback|decision
|
|move|p1a: Kyurem-Black|Ice Beam|p2a: Dragonite
|-supereffective|p2a: Dragonite
|-damage|p2a: Dragonite|0 fnt
|-damage|p1a: Kyurem-Black|230\/421|[from] item: Life Orb
|faint|p2a: Dragonite
|
|callback|decision
|
|switch|p2a: Chesnaught|Chesnaught, F|219\/380
|turn|51
|callback|decision
|
|move|p1a: Kyurem-Black|Ice Beam|p2a: Chesnaught
|-supereffective|p2a: Chesnaught
|-damage|p2a: Chesnaught|0 fnt
|-damage|p1a: Kyurem-Black|188\/421|[from] item: Life Orb
|faint|p2a: Chesnaught
|
|win|Charizard_PWNs
|raw|Ladder updating...
|raw|Charizard_PWNs's rating: 1873 &rarr; <strong>1883<\/strong><br \/>(+10 for winning)
|raw|Mamoswineflu's rating: 1952 &rarr; <strong>1944<\/strong><br \/>(-8 for losing)
|leave|Mamoswineflu
|player|p2