|join|T-Bolt
|join|Mamoswineflu
|player|p1|T-Bolt|101
|player|p2|Mamoswineflu|170
|gametype|singles
|tier|Pokebank OU (beta)
|rated
|clearpoke
|poke|p1|Deoxys-Speed
|poke|p1|Tyranitar, F
|poke|p1|Excadrill, F
|poke|p1|Talonflame, F
|poke|p1|Trevenant, M
|poke|p1|Keldeo
|poke|p2|Kangaskhan, F
|poke|p2|Genesect
|poke|p2|Deoxys-Speed
|poke|p2|Landorus, M
|poke|p2|Dragonite, F
|poke|p2|Terrakion
|rule|Sleep Clause Mod: Limit one foe put to sleep
|rule|Species Clause: Limit one of each Pokemon
|rule|Moody Clause: Moody is banned
|rule|OHKO Clause: OHKO moves are banned
|rule|Evasion Moves Clause: Evasion moves are banned
|rule|HP Percentage Mod: HP is reported as percentages
|teampreview
|callback|decision
|
|start
|switch|p1a: Trevenant|Trevenant, M|374\/374
|switch|p2a: Deoxys-Speed|Deoxys-Speed|242\/242
|-ability|p2a: Deoxys-Speed|Pressure
|turn|1
|callback|decision
|
|move|p2a: Deoxys-Speed|Stealth Rock|p1a: Trevenant
|-sidestart|p1: T-Bolt|move: Stealth Rock
|move|p1a: Trevenant|Substitute|p1a: Trevenant
|-start|p1a: Trevenant|Substitute
|-damage|p1a: Trevenant|281\/374
|
|turn|2
|callback|decision
|
|move|p2a: Deoxys-Speed|Taunt|p1a: Trevenant
|-start|p1a: Trevenant|move: Taunt
|cant|p1a: Trevenant|move: Taunt|Leech Seed
|
|turn|3
|callback|decision
|
|move|p2a: Deoxys-Speed|Spikes|p1a: Trevenant
|-sidestart|p1: T-Bolt|Spikes
|move|p1a: Trevenant|Phantom Force|p2a: Deoxys-Speed|[still]
|-prepare|p1a: Trevenant|Phantom Force|p2a: Deoxys-Speed
|
|turn|4
|callback|decision
|
|switch|p2a: Kangaskhan|Kangaskhan, F|351\/351
|move|p1a: Trevenant|Phantom Force|p2a: Kangaskhan
|-immune|p2a: Kangaskhan|[msg]
|
|-end|p1a: Trevenant|move: Taunt
|turn|5
|callback|decision
|
|-formechange|p2a: Kangaskhan|Kangaskhan-Mega
|message|Kangaskhan has Mega Evolved into Mega Kangaskhan!
|move|p2a: Kangaskhan|Knock Off|p1a: Trevenant
|-crit|p1a: Trevenant
|-supereffective|p1a: Trevenant
|-end|p1a: Trevenant|Substitute
|-supereffective|p1a: Trevenant
|-damage|p1a: Trevenant|187\/374
|-enditem|p1a: Trevenant|Sitrus Berry|[from] move: Knock Off|[of] p2a: Kangaskhan
|-hitcount|p1a: Trevenant|2
|move|p1a: Trevenant|Will-O-Wisp|p2a: Kangaskhan
|-status|p2a: Kangaskhan|brn
|
|-damage|p2a: Kangaskhan|308\/351 brn|[from] brn
|turn|6
|callback|decision
|
|move|p2a: Kangaskhan|Knock Off|p1a: Trevenant
|-supereffective|p1a: Trevenant
|-damage|p1a: Trevenant|117\/374
|-supereffective|p1a: Trevenant
|-damage|p1a: Trevenant|83\/374
|-hitcount|p1a: Trevenant|2
|move|p1a: Trevenant|Leech Seed|p2a: Kangaskhan
|-start|p2a: Kangaskhan|move: Leech Seed
|
|-damage|p2a: Kangaskhan|265\/351 brn|[from] Leech Seed|[of] p1a: Trevenant
|-heal|p1a: Trevenant|126\/374|[silent]
|-damage|p2a: Kangaskhan|222\/351 brn|[from] brn
|turn|7
|callback|decision
|
|switch|p2a: Genesect|Genesect|283\/283
|-boost|p2a: Genesect|spa|1|[from] ability: Download
|move|p1a: Trevenant|Phantom Force|p2a: Genesect|[still]
|-prepare|p1a: Trevenant|Phantom Force|p2a: Genesect
|
|turn|8
|callback|decision
|
|move|p2a: Genesect|U-turn|p1a: Trevenant|[miss]
|-miss|p2a: Genesect|p1a: Trevenant
|move|p1a: Trevenant|Phantom Force|p2a: Genesect
|-damage|p2a: Genesect|154\/283
|
|turn|9
|callback|decision
|
|move|p2a: Genesect|U-turn|p1a: Trevenant
|-damage|p1a: Trevenant|38\/374
|callback|decision
|
|switch|p2a: Deoxys-Speed|Deoxys-Speed|242\/242
|-ability|p2a: Deoxys-Speed|Pressure
|move|p1a: Trevenant|Leech Seed|p2a: Deoxys-Speed
|-start|p2a: Deoxys-Speed|move: Leech Seed
|
|-damage|p2a: Deoxys-Speed|212\/242|[from] Leech Seed|[of] p1a: Trevenant
|-heal|p1a: Trevenant|68\/374|[silent]
|turn|10
|callback|decision
|chat|T-Bolt|damn, trevenant does better than I expected
|
|move|p2a: Deoxys-Speed|Spikes|p1a: Trevenant
|-sidestart|p1: T-Bolt|Spikes
|move|p1a: Trevenant|Phantom Force|p2a: Deoxys-Speed|[still]
|-prepare|p1a: Trevenant|Phantom Force|p2a: Deoxys-Speed
|
|-damage|p2a: Deoxys-Speed|182\/242|[from] Leech Seed|[of] p1a: Trevenant
|-heal|p1a: Trevenant|98\/374|[silent]
|turn|11
|callback|decision
|
|switch|p2a: Genesect|Genesect|154\/283
|-boost|p2a: Genesect|spa|1|[from] ability: Download
|move|p1a: Trevenant|Phantom Force|p2a: Genesect
|-damage|p2a: Genesect|30\/283
|
|turn|12
|callback|decision
|
|move|p2a: Genesect|Iron Head|p1a: Trevenant
|-damage|p1a: Trevenant|2\/374
|move|p1a: Trevenant|Leech Seed|p2a: Genesect
|-start|p2a: Genesect|move: Leech Seed
|
|-damage|p2a: Genesect|0 fnt|[from] Leech Seed|[of] p1a: Trevenant
|-heal|p1a: Trevenant|32\/374|[silent]
|faint|p2a: Genesect
|callback|decision
|
|switch|p2a: Deoxys-Speed|Deoxys-Speed|182\/242
|-ability|p2a: Deoxys-Speed|Pressure
|turn|13
|callback|decision
|
|move|p2a: Deoxys-Speed|Taunt|p1a: Trevenant
|-start|p1a: Trevenant|move: Taunt
|move|p1a: Trevenant|Phantom Force|p2a: Deoxys-Speed|[still]
|-prepare|p1a: Trevenant|Phantom Force|p2a: Deoxys-Speed
|
|turn|14
|callback|decision
|chat|T-Bolt|one kanga neutered
|chat|T-Bolt|one genesect dead
|chat|T-Bolt|all by a pokemon with that low a BST
|
|switch|p2a: Kangaskhan|Kangaskhan, F|222\/351 brn
|-formechange|p2a: Kangaskhan|Kangaskhan-Mega
|move|p1a: Trevenant|Phantom Force|p2a: Kangaskhan
|-immune|p2a: Kangaskhan|[msg]
|
|-damage|p2a: Kangaskhan|179\/351 brn|[from] brn
|turn|15
|callback|decision
|
|move|p2a: Kangaskhan|Knock Off|p1a: Trevenant
|-supereffective|p1a: Trevenant
|-damage|p1a: Trevenant|0 fnt
|-hitcount|p1a: Trevenant|1
|faint|p1a: Trevenant
|
|-damage|p2a: Kangaskhan|136\/351 brn|[from] brn
|callback|decision
|
|switch|p1a: Excadrill|Excadrill, F|362\/362
|-damage|p1a: Excadrill|351\/362|[from] Stealth Rock
|-damage|p1a: Excadrill|291\/362|[from] Spikes
|turn|16
|callback|decision
|
|move|p2a: Kangaskhan|Power-Up Punch|p1a: Excadrill
|-supereffective|p1a: Excadrill
|-damage|p1a: Excadrill|225\/362
|-boost|p2a: Kangaskhan|atk|1
|-supereffective|p1a: Excadrill
|-damage|p1a: Excadrill|171\/362
|-boost|p2a: Kangaskhan|atk|1
|-hitcount|p1a: Excadrill|2
|move|p1a: Excadrill|Rapid Spin|p2a: Kangaskhan
|-damage|p2a: Kangaskhan|98\/351 brn
|-sideend|p1: T-Bolt|Spikes|[from] move: Rapid Spin|[of] p1a: Excadrill
|-sideend|p1: T-Bolt|Stealth Rock|[from] move: Rapid Spin|[of] p1a: Excadrill
|-damage|p1a: Excadrill|135\/362|[from] item: Life Orb
|
|-damage|p2a: Kangaskhan|55\/351 brn|[from] brn
|turn|17
|callback|decision
|
|switch|p1a: Deoxys-Speed|Deoxys-Speed|242\/242
|-ability|p1a: Deoxys-Speed|Pressure
|move|p2a: Kangaskhan|Return|p1a: Deoxys-Speed
|-damage|p1a: Deoxys-Speed|43\/242
|-crit|p1a: Deoxys-Speed
|-damage|p1a: Deoxys-Speed|0 fnt
|-hitcount|p1a: Deoxys-Speed|2
|faint|p1a: Deoxys-Speed
|
|-damage|p2a: Kangaskhan|12\/351 brn|[from] brn
|callback|decision
|
|switch|p1a: Talonflame|Talonflame, F|298\/298
|turn|18
|callback|decision
|
|move|p1a: Talonflame|Brave Bird|p2a: Kangaskhan
|-damage|p2a: Kangaskhan|0 fnt
|-damage|p1a: Talonflame|294\/298|[from] recoil|[of] p2a: Kangaskhan
|faint|p2a: Kangaskhan
|
|callback|decision
|
|switch|p2a: Dragonite|Dragonite, F|324\/324
|turn|19
|callback|decision
|
|move|p1a: Talonflame|U-turn|p2a: Dragonite
|-resisted|p2a: Dragonite
|-damage|p2a: Dragonite|307\/324
|callback|decision
|
|switch|p1a: Tyranitar|Tyranitar, F|404\/404
|-weather|Sandstorm
|move|p2a: Dragonite|Outrage|p1a: Tyranitar
|-damage|p1a: Tyranitar|46\/404
|
|-weather|Sandstorm|[upkeep]
|-damage|p2a: Dragonite|287\/324|[from] sandstorm
|-heal|p1a: Tyranitar|71\/404|[from] item: Leftovers
|turn|20
|callback|decision
|
|move|p2a: Dragonite|Outrage|p1a: Tyranitar
|-damage|p1a: Tyranitar|0 fnt
|faint|p1a: Tyranitar
|
|-weather|Sandstorm|[upkeep]
|-damage|p2a: Dragonite|267\/324|[from] sandstorm
|callback|decision
|
|switch|p1a: Excadrill|Excadrill, F|135\/362
|turn|21
|callback|decision
|
|move|p1a: Excadrill|Rock Slide|p2a: Dragonite
|-crit|p2a: Dragonite
|-supereffective|p2a: Dragonite
|-damage|p2a: Dragonite|0 fnt
|-damage|p1a: Excadrill|99\/362|[from] item: Life Orb
|faint|p2a: Dragonite
|
|-weather|Sandstorm|[upkeep]
|callback|decision
|
|switch|p2a: Deoxys-Speed|Deoxys-Speed|182\/242
|-ability|p2a: Deoxys-Speed|Pressure
|turn|22
|callback|decision
|
|switch|p2a: Landorus|Landorus, M|320\/320
|move|p1a: Excadrill|Shadow Claw|p2a: Landorus
|-damage|p2a: Landorus|174\/320
|-damage|p1a: Excadrill|63\/362|[from] item: Life Orb
|
|-weather|Sandstorm|[upkeep]
|turn|23
|callback|decision
|
|switch|p1a: Talonflame|Talonflame, F|294\/298
|switch|p2a: Deoxys-Speed|Deoxys-Speed|182\/242
|-ability|p2a: Deoxys-Speed|Pressure
|
|-weather|none
|turn|24
|callback|decision
|
|move|p2a: Deoxys-Speed|Taunt|p1a: Talonflame
|-start|p1a: Talonflame|move: Taunt
|move|p1a: Talonflame|U-turn|p2a: Deoxys-Speed
|-supereffective|p2a: Deoxys-Speed
|-damage|p2a: Deoxys-Speed|40\/242
|callback|decision
|
|switch|p1a: Keldeo|Keldeo|323\/323
|
|turn|25
|callback|decision
|
|move|p2a: Deoxys-Speed|Stealth Rock|p1a: Keldeo
|-sidestart|p1: T-Bolt|move: Stealth Rock
|move|p1a: Keldeo|Substitute|p1a: Keldeo
|-start|p1a: Keldeo|Substitute
|-damage|p1a: Keldeo|243\/323
|
|turn|26
|callback|decision
|
|move|p2a: Deoxys-Speed|Superpower|p1a: Keldeo
|-end|p1a: Keldeo|Substitute
|-unboost|p2a: Deoxys-Speed|atk|1
|-unboost|p2a: Deoxys-Speed|def|1
|move|p1a: Keldeo|Icy Wind|p2a: Deoxys-Speed
|-damage|p2a: Deoxys-Speed|0 fnt
|faint|p2a: Deoxys-Speed
|
|callback|decision
|
|switch|p2a: Terrakion|Terrakion|323\/323
|turn|27
|callback|decision
|
|move|p2a: Terrakion|Close Combat|p1a: Keldeo
|-damage|p1a: Keldeo|0 fnt
|-unboost|p2a: Terrakion|def|1
|-unboost|p2a: Terrakion|spd|1
|-damage|p2a: Terrakion|291\/323|[from] item: Life Orb
|faint|p1a: Keldeo
|
|callback|decision
|
|switch|p1a: Talonflame|Talonflame, F|294\/298
|-damage|p1a: Talonflame|145\/298|[from] Stealth Rock
|turn|28
|callback|decision
|
|switch|p2a: Landorus|Landorus, M|174\/320
|move|p1a: Talonflame|Brave Bird|p2a: Landorus
|-damage|p2a: Landorus|0 fnt
|-damage|p1a: Talonflame|88\/298|[from] recoil|[of] p2a: Landorus
|faint|p2a: Landorus
|
|callback|decision
|
|switch|p2a: Terrakion|Terrakion|291\/323
|turn|29
|callback|decision
|
|move|p1a: Talonflame|Roost|p1a: Talonflame
|-heal|p1a: Talonflame|237\/298
|move|p2a: Terrakion|Stone Edge|p1a: Talonflame
|-supereffective|p1a: Talonflame
|-damage|p1a: Talonflame|0 fnt
|-damage|p2a: Terrakion|259\/323|[from] item: Life Orb
|faint|p1a: Talonflame
|
|callback|decision
|chat|T-Bolt|well, I've lost anyway lol
|chat|T-Bolt|gg
|
|switch|p1a: Excadrill|Excadrill, F|63\/362
|-damage|p1a: Excadrill|52\/362|[from] Stealth Rock
|turn|30
|callback|decision
|chat|Mamoswineflu|gg
|
|move|p2a: Terrakion|Close Combat|p1a: Excadrill
|-supereffective|p1a: Excadrill
|-damage|p1a: Excadrill|0 fnt
|-unboost|p2a: Terrakion|def|1
|-unboost|p2a: Terrakion|spd|1
|-damage|p2a: Terrakion|227\/323|[from] item: Life Orb
|faint|p1a: Excadrill
|
|win|Mamoswineflu
|raw|Ladder updating...
|raw|T-Bolt's rating: 2077 &rarr; <strong>2050<\/strong><br \/>(-27 for losing)
|raw|Mamoswineflu's rating: 1960 &rarr; <strong>1966<\/strong><br \/>(+6 for winning)
|leave|Mamoswineflu
|player|p2