|join|ACE PATAKI
|join|Mamoswineflu
|player|p1|ACE PATAKI|290
|player|p2|Mamoswineflu|170
|gametype|singles
|tier|Pokebank OU (beta)
|rated
|clearpoke
|poke|p1|Heatran, F
|poke|p1|Quagsire, F
|poke|p1|Hippowdon, M
|poke|p1|Celebi
|poke|p1|Togekiss, F
|poke|p1|Aegislash, M
|poke|p2|Tyranitar, M
|poke|p2|Blastoise, F
|poke|p2|Dragonite, M
|poke|p2|Rotom-Wash
|poke|p2|Chesnaught, M
|poke|p2|Genesect
|rule|Sleep Clause Mod: Limit one foe put to sleep
|rule|Species Clause: Limit one of each Pokemon
|rule|Moody Clause: Moody is banned
|rule|OHKO Clause: OHKO moves are banned
|rule|Evasion Moves Clause: Evasion moves are banned
|rule|HP Percentage Mod: HP is reported as percentages
|teampreview
|callback|decision
|join|flaming bird
|
|start
|switch|p1a: Celebi|Celebi|404\/404
|switch|p2a: Blastoise|Blastoise, F|312\/312
|turn|1
|callback|decision
|
|switch|p2a: Genesect|Genesect|283\/283
|-boost|p2a: Genesect|atk|1|[from] ability: Download
|move|p1a: Celebi|Baton Pass|p1a: Celebi
|callback|decision
|
|switch|p1a: Heatran|Heatran, F|385\/385
|
|turn|2
|callback|decision
|
|switch|p2a: Rotom-Wash|Rotom-Wash|304\/304
|move|p1a: Heatran|Toxic|p2a: Rotom-Wash|[miss]
|-miss|p1a: Heatran|p2a: Rotom-Wash
|
|turn|3
|callback|decision
|
|move|p2a: Rotom-Wash|Volt Switch|p1a: Heatran
|-damage|p1a: Heatran|321\/385
|callback|decision
|
|switch|p2a: Blastoise|Blastoise, F|312\/312
|move|p1a: Heatran|Toxic|p2a: Blastoise
|-status|p2a: Blastoise|tox
|
|-heal|p1a: Heatran|345\/385|[from] item: Leftovers
|-damage|p2a: Blastoise|293\/312 tox|[from] psn
|turn|4
|callback|decision
|
|-formechange|p2a: Blastoise|Blastoise-Mega
|message|Blastoise has Mega Evolved into Mega Blastoise!
|move|p1a: Heatran|Protect|p1a: Heatran
|-singleturn|p1a: Heatran|Protect
|move|p2a: Blastoise|Dark Pulse|p1a: Heatran
|-activate|p1a: Heatran|Protect
|
|-heal|p1a: Heatran|369\/385|[from] item: Leftovers
|-damage|p2a: Blastoise|255\/312 tox|[from] psn
|turn|5
|callback|decision
|
|switch|p1a: Celebi|Celebi|404\/404
|move|p2a: Blastoise|Hydro Pump|p1a: Celebi
|-resisted|p1a: Celebi
|-damage|p1a: Celebi|327\/404
|
|-heal|p1a: Celebi|352\/404|[from] item: Leftovers
|-damage|p2a: Blastoise|198\/312 tox|[from] psn
|turn|6
|callback|decision
|
|move|p1a: Celebi|Giga Drain|p2a: Blastoise
|-crit|p2a: Blastoise
|-supereffective|p2a: Blastoise
|-damage|p2a: Blastoise|0 fnt
|-heal|p1a: Celebi|404\/404|[from] drain|[of] p2a: Blastoise
|faint|p2a: Blastoise
|
|callback|decision
|chat|ACE PATAKI|sorry
|
|switch|p2a: Genesect|Genesect|283\/283
|-boost|p2a: Genesect|atk|1|[from] ability: Download
|turn|7
|callback|decision
|
|switch|p1a: Heatran|Heatran, F|369\/385
|move|p2a: Genesect|U-turn|p1a: Heatran
|-resisted|p1a: Heatran
|-damage|p1a: Heatran|335\/385
|callback|decision
|
|switch|p2a: Tyranitar|Tyranitar, M|404\/404
|-weather|Sandstorm
|
|-weather|Sandstorm|[upkeep]
|-heal|p1a: Heatran|359\/385|[from] item: Leftovers
|turn|8
|callback|decision
|
|switch|p1a: Hippowdon|Hippowdon, M|419\/419
|move|p2a: Tyranitar|Stone Edge|p1a: Hippowdon
|-resisted|p1a: Hippowdon
|-damage|p1a: Hippowdon|350\/419
|
|-weather|Sandstorm|[upkeep]
|-heal|p1a: Hippowdon|376\/419|[from] item: Leftovers
|turn|9
|callback|decision
|
|move|p2a: Tyranitar|Stealth Rock|p1a: Hippowdon
|-sidestart|p1: ACE PATAKI|move: Stealth Rock
|move|p1a: Hippowdon|Stealth Rock|p2a: Tyranitar
|-sidestart|p2: Mamoswineflu|move: Stealth Rock
|
|-weather|Sandstorm|[upkeep]
|-heal|p1a: Hippowdon|402\/419|[from] item: Leftovers
|turn|10
|callback|decision
|
|switch|p2a: Chesnaught|Chesnaught, M|380\/380
|-damage|p2a: Chesnaught|357\/380|[from] Stealth Rock
|move|p1a: Hippowdon|Whirlwind|p2a: Chesnaught
|drag|p2a: Genesect|Genesect|283\/283
|-damage|p2a: Genesect|248\/283|[from] Stealth Rock
|-boost|p2a: Genesect|spa|1|[from] ability: Download
|
|-weather|Sandstorm|[upkeep]
|-heal|p1a: Hippowdon|419\/419|[from] item: Leftovers
|turn|11
|callback|decision
|
|switch|p1a: Heatran|Heatran, F|359\/385
|-damage|p1a: Heatran|311\/385|[from] Stealth Rock
|move|p2a: Genesect|Ice Beam|p1a: Heatran
|-resisted|p1a: Heatran
|-damage|p1a: Heatran|286\/385
|
|-weather|none
|-heal|p1a: Heatran|310\/385|[from] item: Leftovers
|turn|12
|callback|decision
|
|move|p2a: Genesect|U-turn|p1a: Heatran
|-resisted|p1a: Heatran
|-damage|p1a: Heatran|288\/385
|callback|decision
|
|switch|p2a: Rotom-Wash|Rotom-Wash|304\/304
|-damage|p2a: Rotom-Wash|266\/304|[from] Stealth Rock
|move|p1a: Heatran|Toxic|p2a: Rotom-Wash
|-status|p2a: Rotom-Wash|tox
|
|-heal|p2a: Rotom-Wash|285\/304 tox|[from] item: Leftovers
|-heal|p1a: Heatran|312\/385|[from] item: Leftovers
|-damage|p2a: Rotom-Wash|266\/304 tox|[from] psn
|turn|13
|callback|decision
|
|move|p1a: Heatran|Protect|p1a: Heatran
|-singleturn|p1a: Heatran|Protect
|move|p2a: Rotom-Wash|Hydro Pump|p1a: Heatran
|-activate|p1a: Heatran|Protect
|
|-heal|p2a: Rotom-Wash|285\/304 tox|[from] item: Leftovers
|-heal|p1a: Heatran|336\/385|[from] item: Leftovers
|-damage|p2a: Rotom-Wash|247\/304 tox|[from] psn
|turn|14
|callback|decision
|
|switch|p1a: Celebi|Celebi|404\/404
|-damage|p1a: Celebi|354\/404|[from] Stealth Rock
|move|p2a: Rotom-Wash|Volt Switch|p1a: Celebi
|-resisted|p1a: Celebi
|-damage|p1a: Celebi|322\/404
|callback|decision
|
|switch|p2a: Dragonite|Dragonite, M|343\/343
|-damage|p2a: Dragonite|258\/343|[from] Stealth Rock
|
|-heal|p1a: Celebi|347\/404|[from] item: Leftovers
|turn|15
|callback|decision
|
|move|p2a: Dragonite|Extreme Speed|p1a: Celebi
|-crit|p1a: Celebi
|-damage|p1a: Celebi|125\/404
|move|p1a: Celebi|Baton Pass|p1a: Celebi
|callback|decision
|
|switch|p1a: Quagsire|Quagsire, F|394\/394
|-damage|p1a: Quagsire|370\/394|[from] Stealth Rock
|
|-heal|p1a: Quagsire|394\/394|[from] item: Leftovers
|turn|16
|callback|decision
|
|switch|p2a: Rotom-Wash|Rotom-Wash|247\/304 tox
|-damage|p2a: Rotom-Wash|209\/304 tox|[from] Stealth Rock
|move|p1a: Quagsire|Toxic|p2a: Rotom-Wash
|-fail|p2a: Rotom-Wash|tox
|
|-heal|p2a: Rotom-Wash|228\/304 tox|[from] item: Leftovers
|-damage|p2a: Rotom-Wash|209\/304 tox|[from] psn
|turn|17
|callback|decision
|
|move|p2a: Rotom-Wash|Volt Switch|p1a: Quagsire
|-immune|p1a: Quagsire|[msg]
|move|p1a: Quagsire|Recover|p1a: Quagsire
|-fail|p1a: Quagsire
|
|-heal|p2a: Rotom-Wash|228\/304 tox|[from] item: Leftovers
|-damage|p2a: Rotom-Wash|190\/304 tox|[from] psn
|turn|18
|callback|decision
|
|switch|p1a: Heatran|Heatran, F|336\/385
|-damage|p1a: Heatran|288\/385|[from] Stealth Rock
|move|p2a: Rotom-Wash|Volt Switch|p1a: Heatran
|-damage|p1a: Heatran|230\/385
|callback|decision
|
|switch|p2a: Dragonite|Dragonite, M|258\/343
|-damage|p2a: Dragonite|173\/343|[from] Stealth Rock
|
|-heal|p1a: Heatran|254\/385|[from] item: Leftovers
|turn|19
|callback|decision
|
|move|p1a: Heatran|Protect|p1a: Heatran
|-singleturn|p1a: Heatran|Protect
|move|p2a: Dragonite|Superpower|p1a: Heatran
|-activate|p1a: Heatran|Protect
|
|-heal|p1a: Heatran|278\/385|[from] item: Leftovers
|turn|20
|callback|decision
|
|switch|p2a: Genesect|Genesect|248\/283
|-damage|p2a: Genesect|213\/283|[from] Stealth Rock
|-boost|p2a: Genesect|atk|1|[from] ability: Download
|switch|p1a: Aegislash|Aegislash, M|324\/324
|-damage|p1a: Aegislash|304\/324|[from] Stealth Rock
|
|-heal|p1a: Aegislash|324\/324|[from] item: Leftovers
|turn|21
|callback|decision
|
|move|p2a: Genesect|Flamethrower|p1a: Aegislash
|-supereffective|p1a: Aegislash
|-damage|p1a: Aegislash|163\/324
|-formechange|p1a: Aegislash|Aegislash-Blade
|move|p1a: Aegislash|Shadow Ball|p2a: Genesect
|-damage|p2a: Genesect|15\/283
|
|-heal|p1a: Aegislash|183\/324|[from] item: Leftovers
|turn|22
|callback|decision
|-message|Mamoswineflu forfeited.
|
|win|ACE PATAKI
|raw|Ladder updating...
|leave|Mamoswineflu
|player|p2
|raw|ACE PATAKI's rating: 2168 &rarr; <strong>2179<\/strong><br \/>(+11 for winning)
|raw|Mamoswineflu's rating: 1983 &rarr; <strong>1981<\/strong><br \/>(-2 for losing)