|join|RedKingAlmighty
|join|StealthHawks
|player|p1|RedKingAlmighty|154
|player|p2|StealthHawks|143
|gametype|singles
|gen|6
|tier|OU
|clearpoke
|poke|p1|Diggersby, M
|poke|p1|Aerodactyl, M
|poke|p1|Ferrothorn, M
|poke|p1|Slowbro, M
|poke|p1|Keldeo
|poke|p1|Latias, F
|poke|p2|Beedrill, M, shiny
|poke|p2|Magnezone
|poke|p2|Scizor, M
|poke|p2|Landorus-Therian, M
|poke|p2|Rotom-Wash
|poke|p2|Latios, M
|rule|Swagger Clause: Swagger is banned
|rule|Baton Pass Clause: Limit one PokÃ©mon knowing Baton Pass
|rule|Sleep Clause Mod: Limit one foe put to sleep
|rule|Species Clause: Limit one of each PokÃ©mon
|rule|OHKO Clause: OHKO moves are banned
|rule|Moody Clause: Moody is banned
|rule|Evasion Moves Clause: Evasion moves are banned
|rule|Endless Battle Clause: Forcing endless battles is banned
|rule|HP Percentage Mod: HP is shown in percentages
|teampreview
|join|thepack
|c|âStealthHawks|gl hf
|join|EternusDraco
|join|riraiteu
|c|âRedKingAlmighty|u2
|
|start
|switch|p1a: Diggersby|Diggersby, M|311\/311
|switch|p2a: Scizor|Scizor, M|343\/343
|turn|1
|join|Numera
|join|Alvok
|c| thepack|Ah, no ninja. :]
|
|move|p2a: Scizor|Bullet Punch|p1a: Diggersby
|-damage|p1a: Diggersby|86\/311
|move|p1a: Diggersby|Return|p2a: Scizor
|-resisted|p2a: Scizor
|-damage|p2a: Scizor|182\/343
|-damage|p1a: Diggersby|55\/311|[from] item: Life Orb
|
|turn|2
|c|âRedKingAlmighty|wow
|c|âRedKingAlmighty|not even
|c|âRedKingAlmighty|switching
|
|switch|p1a: Keldeo|Keldeo|322\/322
|move|p2a: Scizor|Bullet Punch|p1a: Keldeo
|-resisted|p1a: Keldeo
|-damage|p1a: Keldeo|229\/322
|
|-heal|p1a: Keldeo|249\/322|[from] item: Leftovers
|turn|3
|
|switch|p2a: Latios|Latios, M|301\/301
|move|p1a: Keldeo|Hydro Pump|p2a: Latios
|-resisted|p2a: Latios
|-damage|p2a: Latios|214\/301
|
|-heal|p1a: Keldeo|269\/322|[from] item: Leftovers
|turn|4
|
|switch|p2a: Beedrill|Beedrill, M, shiny|271\/271
|switch|p1a: Ferrothorn|Ferrothorn, M|352\/352
|
|turn|5
|join|AjTheEpic
|
|detailschange|p2a: Beedrill|Beedrill-Mega, M, shiny
|-mega|p2a: Beedrill|Beedrill|Beedrillite
|move|p2a: Beedrill|U-turn|p1a: Ferrothorn
|-damage|p1a: Ferrothorn|208\/352
|-damage|p2a: Beedrill|238\/271|[from] ability: Iron Barbs|[of] p1a: Ferrothorn
|join|TyranitarTerror
|
|switch|p2a: Magnezone|Magnezone|281\/281
|move|p1a: Ferrothorn|Stealth Rock|p2a: Magnezone
|-sidestart|p2: StealthHawks|move: Stealth Rock
|
|-heal|p1a: Ferrothorn|230\/352|[from] item: Leftovers
|turn|6
|
|move|p2a: Magnezone|Hidden Power|p1a: Ferrothorn
|-supereffective|p1a: Ferrothorn
|-damage|p1a: Ferrothorn|34\/352
|move|p1a: Ferrothorn|Leech Seed|p2a: Magnezone
|-start|p2a: Magnezone|move: Leech Seed
|
|-heal|p1a: Ferrothorn|56\/352|[from] item: Leftovers
|-damage|p2a: Magnezone|246\/281|[from] Leech Seed|[of] p1a: Ferrothorn
|-heal|p1a: Ferrothorn|91\/352|[silent]
|turn|7
|c| AjTheEpic|...
|join|TheJFrenzy1
|c|âRedKingAlmighty|yeah yeah yeah Aj
|leave|thepack
|c|âRedKingAlmighty|w\/e
|join|Reqzz
|c| AjTheEpic|you already lost
|c| TheJFrenzy1|aye my nigga RKA
|
|move|p2a: Magnezone|Hidden Power|p1a: Ferrothorn
|-supereffective|p1a: Ferrothorn
|-damage|p1a: Ferrothorn|0 fnt
|faint|p1a: Ferrothorn
|
|c| TheJFrenzy1|:]
|
|switch|p1a: Aerodactyl|Aerodactyl, M|301\/301
|-ability|p1a: Aerodactyl|Pressure
|turn|8
|c| Reqzz|Is this an ou tourney?
|c| TheJFrenzy1|no its a PU tourney
|c| Reqzz|Ncie bru
|c| Reqzz|just wondering
|c| Reqzz|since im banned
|
|switch|p2a: Rotom-Wash|Rotom-Wash|303\/303
|-damage|p2a: Rotom-Wash|266\/303|[from] Stealth Rock
|detailschange|p1a: Aerodactyl|Aerodactyl-Mega, M
|-mega|p1a: Aerodactyl|Aerodactyl|Aerodactylite
|move|p1a: Aerodactyl|Stone Edge|p2a: Rotom-Wash
|-damage|p2a: Rotom-Wash|130\/303
|
|-heal|p2a: Rotom-Wash|148\/303|[from] item: Leftovers
|turn|9
|c| Reqzz|from ou atm
|c| EternusDraco|landorus t fell a long way since 10 minutes ago
|c| EternusDraco|all the way to pu
|c| EternusDraco|sad day
|
|switch|p1a: Diggersby|Diggersby, M|55\/311
|move|p2a: Rotom-Wash|Will-O-Wisp|p1a: Diggersby
|-status|p1a: Diggersby|brn
|
|-heal|p2a: Rotom-Wash|166\/303|[from] item: Leftovers
|-damage|p1a: Diggersby|17\/311 brn|[from] brn
|turn|10
|c| Reqzz|So its a tourney?
|c| Reqzz|or u guys are just stupid.
|
|switch|p2a: Landorus-Therian|Landorus-Therian, M|319\/319
|-damage|p2a: Landorus-Therian|280\/319|[from] Stealth Rock
|-ability|p2a: Landorus-Therian|Intimidate|[of] p1a: Diggersby
|-unboost|p1a: Diggersby|atk|1
|move|p1a: Diggersby|Return|p2a: Landorus-Therian
|-damage|p2a: Landorus-Therian|177\/319
|-damage|p1a: Diggersby|0 fnt|[from] item: Life Orb
|faint|p1a: Diggersby
|
|raw|<div class="broadcast-red"><b>Moderated chat was set to +!<\/b><br \/>Only users of rank + and higher can talk.<\/div>
|c|âRedKingAlmighty|voice whoever you want
|c|âRedKingAlmighty|they were giving me cancer
|
|switch|p1a: Keldeo|Keldeo|269\/322
|turn|11
Reqzz was promoted to Room Voice by StealthHawks.
|c|âRedKingAlmighty|oh god
|leave|Reqzz
|raw|<div class="broadcast-blue"><b>Moderated chat was disabled!<\/b><br \/>Anyone may talk now.<\/div>
TheJFrenzy1 was promoted to Room Voice by StealthHawks.
|
|switch|p1a: Aerodactyl|Aerodactyl-Mega, M|301\/301
|move|p2a: Landorus-Therian|U-turn|p1a: Aerodactyl
|-resisted|p1a: Aerodactyl
|-damage|p1a: Aerodactyl|252\/301
|c|+TheJFrenzy1|m k
|
|switch|p2a: Scizor|Scizor, M|182\/343
|-damage|p2a: Scizor|140\/343|[from] Stealth Rock
|
|turn|12
|raw|<div class="broadcast-red"><b>Moderated chat was set to +!<\/b><br \/>Only users of rank + and higher can talk.<\/div>
|
|switch|p1a: Keldeo|Keldeo|269\/322
|move|p2a: Scizor|Bullet Punch|p1a: Keldeo
|-resisted|p1a: Keldeo
|-damage|p1a: Keldeo|166\/322
|
|-heal|p1a: Keldeo|186\/322|[from] item: Leftovers
|turn|13
|
|switch|p2a: Landorus-Therian|Landorus-Therian, M|177\/319
|-damage|p2a: Landorus-Therian|138\/319|[from] Stealth Rock
|-ability|p2a: Landorus-Therian|Intimidate|[of] p1a: Keldeo
|-unboost|p1a: Keldeo|atk|1
|move|p1a: Keldeo|Hydro Pump|p2a: Landorus-Therian
|-supereffective|p2a: Landorus-Therian
|-damage|p2a: Landorus-Therian|0 fnt
|faint|p2a: Landorus-Therian
|
|-heal|p1a: Keldeo|206\/322|[from] item: Leftovers
|
|switch|p2a: Latios|Latios, M|214\/301
|-damage|p2a: Latios|177\/301|[from] Stealth Rock
|turn|14
|
|switch|p1a: Slowbro|Slowbro, M|394\/394
|move|p2a: Latios|Defog|p1a: Slowbro
|-unboost|p1a: Slowbro|evasion|1
|-sideend|p2: StealthHawks|Stealth Rock|[from] move: Defog|[of] p2a: Latios
|
|turn|15
|
|move|p2a: Latios|Roost|p2a: Latios
|-heal|p2a: Latios|301\/301
|move|p1a: Slowbro|Thunder Wave|p2a: Latios
|-status|p2a: Latios|par
|
|turn|16
|
|switch|p2a: Magnezone|Magnezone|246\/281
|move|p1a: Slowbro|Scald|p2a: Magnezone
|-damage|p2a: Magnezone|140\/281
|-status|p2a: Magnezone|brn
|
|-damage|p2a: Magnezone|105\/281 brn|[from] brn
|turn|17
|
|switch|p1a: Latias|Latias, F|320\/320
|move|p2a: Magnezone|Volt Switch|p1a: Latias
|-resisted|p1a: Latias
|-damage|p1a: Latias|268\/320
|
|switch|p2a: Beedrill|Beedrill-Mega, M, shiny|238\/271
|
|turn|18
|
|move|p2a: Beedrill|U-turn|p1a: Latias
|-supereffective|p1a: Latias
|-damage|p1a: Latias|0 fnt
|faint|p1a: Latias
|
|switch|p2a: Rotom-Wash|Rotom-Wash|166\/303
|
|-heal|p2a: Rotom-Wash|184\/303|[from] item: Leftovers
|
|switch|p1a: Keldeo|Keldeo|206\/322
|turn|19
|
|move|p1a: Keldeo|Secret Sword|p2a: Rotom-Wash
|-damage|p2a: Rotom-Wash|67\/303
|move|p2a: Rotom-Wash|Volt Switch|p1a: Keldeo
|-supereffective|p1a: Keldeo
|-damage|p1a: Keldeo|14\/322
|
|switch|p2a: Scizor|Scizor, M|140\/343
|
|-heal|p1a: Keldeo|34\/322|[from] item: Leftovers
|turn|20
|
|switch|p1a: Slowbro|Slowbro, M|394\/394
|move|p2a: Scizor|Bullet Punch|p1a: Slowbro
|-resisted|p1a: Slowbro
|-damage|p1a: Slowbro|334\/394
|
|-heal|p1a: Slowbro|358\/394|[from] item: Leftovers
|turn|21
|
|switch|p2a: Rotom-Wash|Rotom-Wash|67\/303
|move|p1a: Slowbro|Scald|p2a: Rotom-Wash
|-resisted|p2a: Rotom-Wash
|-damage|p2a: Rotom-Wash|25\/303
|-status|p2a: Rotom-Wash|brn
|
|-heal|p2a: Rotom-Wash|43\/303 brn|[from] item: Leftovers
|-heal|p1a: Slowbro|382\/394|[from] item: Leftovers
|-damage|p2a: Rotom-Wash|6\/303 brn|[from] brn
|turn|22
|
|switch|p1a: Keldeo|Keldeo|34\/322
|move|p2a: Rotom-Wash|Will-O-Wisp|p1a: Keldeo
|-status|p1a: Keldeo|brn
|
|-heal|p1a: Keldeo|54\/322 brn|[from] item: Leftovers
|-heal|p2a: Rotom-Wash|24\/303 brn|[from] item: Leftovers
|-damage|p1a: Keldeo|14\/322 brn|[from] brn
|-damage|p2a: Rotom-Wash|0 fnt|[from] brn
|faint|p2a: Rotom-Wash
|leave|TheJFrenzy1
|
|switch|p2a: Scizor|Scizor, M|140\/343
|turn|23
|
|move|p1a: Keldeo|Hydro Pump|p2a: Scizor
|-damage|p2a: Scizor|0 fnt
|faint|p2a: Scizor
|
|-heal|p1a: Keldeo|34\/322 brn|[from] item: Leftovers
|-damage|p1a: Keldeo|0 fnt|[from] brn
|faint|p1a: Keldeo
|
|switch|p1a: Aerodactyl|Aerodactyl-Mega, M|252\/301
|switch|p2a: Latios|Latios, M|301\/301 par
|turn|24
|c|âStealthHawks|i was half asleep there
|
|move|p1a: Aerodactyl|Ice Fang|p2a: Latios
|-supereffective|p2a: Latios
|-damage|p2a: Latios|53\/301 par
|cant|p2a: Latios|par
|
|turn|25
|c|âStealthHawks|so yeah
|c|âStealthHawks|misplay shouldnt have happened
|c|âStealthHawks|and that hax was brutal
|
|move|p1a: Aerodactyl|Ice Fang|p2a: Latios
|-supereffective|p2a: Latios
|-damage|p2a: Latios|0 fnt
|faint|p2a: Latios
|
|c|âRedKingAlmighty|i haven't even been trying this entire time.
|c|âRedKingAlmighty|idgaf.
|c|âStealthHawks|i couldve gotten a draco off
|
|switch|p2a: Beedrill|Beedrill-Mega, M, shiny|238\/271
|turn|26
|c|âRedKingAlmighty|shouldn't have let it get para'd
|
|move|p1a: Aerodactyl|Aerial Ace|p2a: Beedrill
|-supereffective|p2a: Beedrill
|-damage|p2a: Beedrill|0 fnt
|faint|p2a: Beedrill
|
|
|switch|p2a: Magnezone|Magnezone|105\/281 brn
|turn|27
|c|âRedKingAlmighty|bro
|c|âStealthHawks|fucking lucky
|c|âRedKingAlmighty|i outspeed
|c|âRedKingAlmighty|LOL
|c|âRedKingAlmighty|!dt mega aerodactyl
|c|~|\/data-pokemon Aerodactyl-Mega
|raw|<font size="1"><font color=#585858>Dex#:<\/font> 142&nbsp;|&ThickSpace;<font color=#585858>Height:<\/font> 2.1 m&nbsp;|&ThickSpace;<font color=#585858>Weight:<\/font> 79 kg <em>(80 BP)<\/em>&nbsp;|&ThickSpace;<font color=#585858>Dex Colour:<\/font> Purple&nbsp;|&ThickSpace;<font color=#585858>Egg Group(s):<\/font> Flying&nbsp;|&ThickSpace;<font color=#585858><font color=#585858>Does Not Evolve<\/font><\/font><\/font>
|c|âRedKingAlmighty|!dt mega beedrill
|c|~|\/data-pokemon Beedrill-Mega
|raw|<font size="1"><font color=#585858>Dex#:<\/font> 15&nbsp;|&ThickSpace;<font color=#585858>Height:<\/font> 1.4 m&nbsp;|&ThickSpace;<font color=#585858>Weight:<\/font> 40.5 kg <em>(60 BP)<\/em>&nbsp;|&ThickSpace;<font color=#585858>Dex Colour:<\/font> Yellow&nbsp;|&ThickSpace;<font color=#585858>Egg Group(s):<\/font> Bug&nbsp;|&ThickSpace;<font color=#585858><font color=#585858>Does Not Evolve<\/font><\/font><\/font>
|c|âRedKingAlmighty|outsped
|
|move|p1a: Aerodactyl|Earthquake|p2a: Magnezone
|-crit|p2a: Magnezone
|-supereffective|p2a: Magnezone
|-damage|p2a: Magnezone|0 fnt
|faint|p2a: Magnezone
|
|win|RedKingAlmighty
|leave|StealthHawks
|player|p2
|leave|RedKingAlmighty
|player|p1
|leave|AjTheEpic
|leave|Numera
|leave|EternusDraco