|join|fuck christmas
|join|RedKingAlmighty
|player|p1|fuck christmas|281
|player|p2|RedKingAlmighty|154
|gametype|singles
|gen|6
|tier|OU
|rated
|clearpoke
|poke|p1|Keldeo
|poke|p1|Garchomp, M
|poke|p1|Slowbro, F
|poke|p1|Skarmory, F
|poke|p1|Venusaur, F
|poke|p1|Landorus-Therian, M
|poke|p2|Charizard, F
|poke|p2|Keldeo
|poke|p2|Celebi
|poke|p2|Hippowdon, M
|poke|p2|Zapdos
|poke|p2|Jirachi
|rule|Swagger Clause: Swagger is banned
|rule|Baton Pass Clause: Limit one PokÃ©mon knowing Baton Pass
|rule|Sleep Clause Mod: Limit one foe put to sleep
|rule|Species Clause: Limit one of each PokÃ©mon
|rule|OHKO Clause: OHKO moves are banned
|rule|Moody Clause: Moody is banned
|rule|Evasion Moves Clause: Evasion moves are banned
|rule|Endless Battle Clause: Forcing endless battles is banned
|rule|HP Percentage Mod: HP is shown in percentages
|teampreview
|
|start
|switch|p1a: Keldeo|Keldeo|324\/324
|switch|p2a: Celebi|Celebi|356\/356
|turn|1
|
|switch|p1a: Venusaur|Venusaur, F|364\/364
|move|p2a: Celebi|Leaf Storm|p1a: Venusaur
|-resisted|p1a: Venusaur
|-damage|p1a: Venusaur|302\/364
|-unboost|p2a: Celebi|spa|2
|-damage|p2a: Celebi|321\/356|[from] item: Life Orb
|
|turn|2
|
|switch|p2a: Jirachi|Jirachi|404\/404
|detailschange|p1a: Venusaur|Venusaur-Mega, F
|message|Venusaur has Mega Evolved into Mega Venusaur!
|move|p1a: Venusaur|Hidden Power|p2a: Jirachi
|-supereffective|p2a: Jirachi
|-damage|p2a: Jirachi|252\/404
|
|-heal|p2a: Jirachi|277\/404|[from] item: Leftovers
|turn|3
|
|switch|p1a: Slowbro|Slowbro, F|394\/394
|move|p2a: Jirachi|Iron Head|p1a: Slowbro
|-resisted|p1a: Slowbro
|-damage|p1a: Slowbro|359\/394
|
|-heal|p2a: Jirachi|302\/404|[from] item: Leftovers
|turn|4
|
|move|p2a: Jirachi|Substitute|p2a: Jirachi
|-start|p2a: Jirachi|Substitute
|-damage|p2a: Jirachi|201\/404
|move|p1a: Slowbro|Flamethrower|p2a: Jirachi
|-supereffective|p2a: Jirachi
|-end|p2a: Jirachi|Substitute
|
|-heal|p2a: Jirachi|226\/404|[from] item: Leftovers
|turn|5
|
|switch|p2a: Celebi|Celebi|321\/356
|move|p1a: Slowbro|Scald|p2a: Celebi
|-resisted|p2a: Celebi
|-damage|p2a: Celebi|271\/356
|
|turn|6
|
|switch|p1a: Venusaur|Venusaur-Mega, F|302\/364
|move|p2a: Celebi|Psychic|p1a: Venusaur
|-supereffective|p1a: Venusaur
|-damage|p1a: Venusaur|11\/364
|-damage|p2a: Celebi|236\/356|[from] item: Life Orb
|
|turn|7
|
|switch|p1a: Skarmory|Skarmory, F|334\/334
|move|p2a: Celebi|Leaf Storm|p1a: Skarmory
|-resisted|p1a: Skarmory
|-damage|p1a: Skarmory|248\/334
|-unboost|p2a: Celebi|spa|2
|-damage|p2a: Celebi|201\/356|[from] item: Life Orb
|
|turn|8
|
|move|p2a: Celebi|Recover|p2a: Celebi
|-heal|p2a: Celebi|356\/356
|move|p1a: Skarmory|Stealth Rock|p2a: Celebi
|-sidestart|p2: RedKingAlmighty|move: Stealth Rock
|
|turn|9
|
|switch|p2a: Zapdos|Zapdos|384\/384
|-damage|p2a: Zapdos|288\/384|[from] Stealth Rock
|-ability|p2a: Zapdos|Pressure
|switch|p1a: Garchomp|Garchomp, M|358\/358
|
|-heal|p2a: Zapdos|312\/384|[from] item: Leftovers
|turn|10
|
|move|p1a: Garchomp|Substitute|p1a: Garchomp
|-start|p1a: Garchomp|Substitute
|-damage|p1a: Garchomp|269\/358
|move|p2a: Zapdos|Hidden Power|p1a: Garchomp
|-crit|p1a: Garchomp
|-supereffective|p1a: Garchomp
|-end|p1a: Garchomp|Substitute
|
|-heal|p1a: Garchomp|291\/358|[from] item: Leftovers
|-heal|p2a: Zapdos|336\/384|[from] item: Leftovers
|turn|11
|
|switch|p1a: Keldeo|Keldeo|324\/324
|move|p2a: Zapdos|Defog|p1a: Keldeo
|-unboost|p1a: Keldeo|evasion|1
|-sideend|p2: RedKingAlmighty|Stealth Rock|[from] move: Defog|[of] p2a: Zapdos
|
|-heal|p2a: Zapdos|360\/384|[from] item: Leftovers
|turn|12
|
|switch|p1a: Landorus-Therian|Landorus-Therian, M|320\/320
|-ability|p1a: Landorus-Therian|Intimidate|[of] p2a: Zapdos
|-unboost|p2a: Zapdos|atk|1
|move|p2a: Zapdos|Thunderbolt|p1a: Landorus-Therian
|-immune|p1a: Landorus-Therian|[msg]
|
|-heal|p2a: Zapdos|384\/384|[from] item: Leftovers
|turn|13
|
|switch|p2a: Hippowdon|Hippowdon, M|420\/420
|move|p1a: Landorus-Therian|Earthquake|p2a: Hippowdon
|-damage|p2a: Hippowdon|306\/420
|
|-heal|p2a: Hippowdon|332\/420|[from] item: Leftovers
|turn|14
|
|switch|p1a: Keldeo|Keldeo|324\/324
|move|p2a: Hippowdon|Stealth Rock|p1a: Keldeo
|-sidestart|p1: fuck christmas|move: Stealth Rock
|
|-heal|p2a: Hippowdon|358\/420|[from] item: Leftovers
|turn|15
|
|switch|p2a: Celebi|Celebi|356\/356
|move|p1a: Keldeo|Toxic|p2a: Celebi
|-status|p2a: Celebi|tox
|
|-damage|p2a: Celebi|334\/356 tox|[from] psn
|turn|16
|
|switch|p1a: Skarmory|Skarmory, F|248\/334
|-damage|p1a: Skarmory|207\/334|[from] Stealth Rock
|move|p2a: Celebi|Leaf Storm|p1a: Skarmory
|-resisted|p1a: Skarmory
|-damage|p1a: Skarmory|117\/334
|-unboost|p2a: Celebi|spa|2
|-damage|p2a: Celebi|299\/356 tox|[from] item: Life Orb
|
|-damage|p2a: Celebi|255\/356 tox|[from] psn
|turn|17
|join|Bloodz
|
|switch|p2a: Keldeo|Keldeo|323\/323
|move|p1a: Skarmory|Roost|p1a: Skarmory
|-heal|p1a: Skarmory|284\/334
|
|turn|18
|
|switch|p1a: Slowbro|Slowbro, F|394\/394
|-damage|p1a: Slowbro|345\/394|[from] Stealth Rock
|move|p2a: Keldeo|Scald|p1a: Slowbro
|-resisted|p1a: Slowbro
|-damage|p1a: Slowbro|261\/394
|
|turn|19
|
|switch|p2a: Celebi|Celebi|255\/356
|move|p1a: Slowbro|Flamethrower|p2a: Celebi
|-supereffective|p2a: Celebi
|-damage|p2a: Celebi|70\/356
|
|turn|20
|join|Machinimo
|
|move|p2a: Celebi|Recover|p2a: Celebi
|-heal|p2a: Celebi|248\/356
|move|p1a: Slowbro|Flamethrower|p2a: Celebi
|-supereffective|p2a: Celebi
|-damage|p2a: Celebi|58\/356
|
|turn|21
|
|switch|p1a: Skarmory|Skarmory, F|284\/334
|-damage|p1a: Skarmory|243\/334|[from] Stealth Rock
|move|p2a: Celebi|Leaf Storm|p1a: Skarmory
|-resisted|p1a: Skarmory
|-damage|p1a: Skarmory|148\/334
|-unboost|p2a: Celebi|spa|2
|-damage|p2a: Celebi|23\/356|[from] item: Life Orb
|
|turn|22
|
|switch|p2a: Zapdos|Zapdos|384\/384
|-ability|p2a: Zapdos|Pressure
|move|p1a: Skarmory|Roost|p1a: Skarmory
|-heal|p1a: Skarmory|315\/334
|
|turn|23
|
|move|p2a: Zapdos|Hidden Power|p1a: Skarmory
|-damage|p1a: Skarmory|245\/334
|move|p1a: Skarmory|Stealth Rock|p2a: Zapdos
|-sidestart|p2: RedKingAlmighty|move: Stealth Rock
|
|turn|24
|
|switch|p1a: Venusaur|Venusaur-Mega, F|11\/364
|-damage|p1a: Venusaur|0 fnt|[from] Stealth Rock
|faint|p1a: Venusaur
|move|p2a: Zapdos|Defog|p1: Venusaur|[notarget]
|-notarget
|
|
|switch|p1a: Landorus-Therian|Landorus-Therian, M|320\/320
|-damage|p1a: Landorus-Therian|280\/320|[from] Stealth Rock
|-ability|p1a: Landorus-Therian|Intimidate|[of] p2a: Zapdos
|-unboost|p2a: Zapdos|atk|1
|turn|25
|
|move|p1a: Landorus-Therian|Stone Edge|p2a: Zapdos
|-supereffective|p2a: Zapdos
|-damage|p2a: Zapdos|122\/384
|move|p2a: Zapdos|Hidden Power|p1a: Landorus-Therian
|-supereffective|p1a: Landorus-Therian
|-damage|p1a: Landorus-Therian|0 fnt
|faint|p1a: Landorus-Therian
|
|-heal|p2a: Zapdos|146\/384|[from] item: Leftovers
|leave|Machinimo
|
|switch|p1a: Garchomp|Garchomp, M|291\/358
|-damage|p1a: Garchomp|269\/358|[from] Stealth Rock
|turn|26
|
|move|p1a: Garchomp|Dragon Claw|p2a: Zapdos
|-damage|p2a: Zapdos|7\/384
|move|p2a: Zapdos|Roost|p2a: Zapdos
|-heal|p2a: Zapdos|199\/384
|
|-heal|p1a: Garchomp|291\/358|[from] item: Leftovers
|-heal|p2a: Zapdos|223\/384|[from] item: Leftovers
|turn|27
|
|move|p1a: Garchomp|Swords Dance|p1a: Garchomp
|-boost|p1a: Garchomp|atk|2
|move|p2a: Zapdos|Roost|p2a: Zapdos
|-heal|p2a: Zapdos|384\/384
|
|-heal|p1a: Garchomp|313\/358|[from] item: Leftovers
|turn|28
|
|move|p1a: Garchomp|Dragon Claw|p2a: Zapdos
|-damage|p2a: Zapdos|84\/384
|move|p2a: Zapdos|Hidden Power|p1a: Garchomp
|-supereffective|p1a: Garchomp
|-damage|p1a: Garchomp|61\/358
|
|-heal|p1a: Garchomp|83\/358|[from] item: Leftovers
|-heal|p2a: Zapdos|108\/384|[from] item: Leftovers
|turn|29
|
|switch|p2a: Celebi|Celebi|23\/356
|-damage|p2a: Celebi|0 fnt|[from] Stealth Rock
|faint|p2a: Celebi
|move|p1a: Garchomp|Dragon Claw|p2: Celebi|[notarget]
|-notarget
|
|-heal|p1a: Garchomp|105\/358|[from] item: Leftovers
|
|switch|p2a: Keldeo|Keldeo|323\/323
|-damage|p2a: Keldeo|303\/323|[from] Stealth Rock
|turn|30
|
|switch|p1a: Slowbro|Slowbro, F|392\/394
|-damage|p1a: Slowbro|343\/394|[from] Stealth Rock
|move|p2a: Keldeo|Scald|p1a: Slowbro
|-resisted|p1a: Slowbro
|-damage|p1a: Slowbro|252\/394
|
|turn|31
|
|move|p2a: Keldeo|Scald|p1a: Slowbro
|-resisted|p1a: Slowbro
|-damage|p1a: Slowbro|171\/394
|move|p1a: Slowbro|Psychic|p2a: Keldeo
|-supereffective|p2a: Keldeo
|-damage|p2a: Keldeo|13\/323
|
|turn|32
|
|move|p2a: Keldeo|Scald|p1a: Slowbro
|-resisted|p1a: Slowbro
|-damage|p1a: Slowbro|80\/394
|move|p1a: Slowbro|Slack Off|p1a: Slowbro
|-heal|p1a: Slowbro|277\/394
|
|turn|33
|
|move|p2a: Keldeo|Scald|p1a: Slowbro
|-resisted|p1a: Slowbro
|-damage|p1a: Slowbro|195\/394
|move|p1a: Slowbro|Slack Off|p1a: Slowbro
|-heal|p1a: Slowbro|392\/394
|
|turn|34
|
|switch|p1a: Keldeo|Keldeo|324\/324
|-damage|p1a: Keldeo|304\/324|[from] Stealth Rock
|move|p2a: Keldeo|Scald|p1a: Keldeo
|-resisted|p1a: Keldeo
|-damage|p1a: Keldeo|224\/324
|
|-heal|p1a: Keldeo|244\/324|[from] item: Leftovers
|turn|35
|
|move|p2a: Keldeo|Scald|p1a: Keldeo
|-resisted|p1a: Keldeo
|-damage|p1a: Keldeo|163\/324
|move|p1a: Keldeo|Secret Sword|p2a: Keldeo
|-damage|p2a: Keldeo|0 fnt
|faint|p2a: Keldeo
|
|-heal|p1a: Keldeo|183\/324|[from] item: Leftovers
|
|switch|p2a: Jirachi|Jirachi|226\/404
|-damage|p2a: Jirachi|201\/404|[from] Stealth Rock
|turn|36
|
|switch|p1a: Garchomp|Garchomp, M|105\/358
|-damage|p1a: Garchomp|83\/358|[from] Stealth Rock
|move|p2a: Jirachi|Toxic|p1a: Garchomp
|-status|p1a: Garchomp|tox
|
|-heal|p1a: Garchomp|105\/358 tox|[from] item: Leftovers
|-heal|p2a: Jirachi|226\/404|[from] item: Leftovers
|-damage|p1a: Garchomp|83\/358 tox|[from] psn
|turn|37
|
|switch|p2a: Hippowdon|Hippowdon, M|358\/420
|-damage|p2a: Hippowdon|332\/420|[from] Stealth Rock
|move|p1a: Garchomp|Swords Dance|p1a: Garchomp
|-boost|p1a: Garchomp|atk|2
|
|-heal|p1a: Garchomp|105\/358 tox|[from] item: Leftovers
|-heal|p2a: Hippowdon|358\/420|[from] item: Leftovers
|-damage|p1a: Garchomp|61\/358 tox|[from] psn
|turn|38
|
|move|p1a: Garchomp|Earthquake|p2a: Hippowdon
|-damage|p2a: Hippowdon|132\/420
|move|p2a: Hippowdon|Earthquake|p1a: Garchomp
|-damage|p1a: Garchomp|0 fnt
|faint|p1a: Garchomp
|
|-heal|p2a: Hippowdon|158\/420|[from] item: Leftovers
|
|switch|p1a: Keldeo|Keldeo|183\/324
|-damage|p1a: Keldeo|163\/324|[from] Stealth Rock
|turn|39
|
|move|p1a: Keldeo|Scald|p2a: Hippowdon
|-supereffective|p2a: Hippowdon
|-damage|p2a: Hippowdon|0 fnt
|faint|p2a: Hippowdon
|
|-heal|p1a: Keldeo|183\/324|[from] item: Leftovers
|
|switch|p2a: Jirachi|Jirachi|226\/404
|-damage|p2a: Jirachi|201\/404|[from] Stealth Rock
|turn|40
|
|move|p1a: Keldeo|Calm Mind|p1a: Keldeo
|-boost|p1a: Keldeo|spa|1
|-boost|p1a: Keldeo|spd|1
|move|p2a: Jirachi|Toxic|p1a: Keldeo
|-status|p1a: Keldeo|tox
|
|-heal|p1a: Keldeo|203\/324 tox|[from] item: Leftovers
|-heal|p2a: Jirachi|226\/404|[from] item: Leftovers
|-damage|p1a: Keldeo|183\/324 tox|[from] psn
|turn|41
|
|move|p1a: Keldeo|Scald|p2a: Jirachi
|-damage|p2a: Jirachi|0 fnt
|faint|p2a: Jirachi
|
|-heal|p1a: Keldeo|203\/324 tox|[from] item: Leftovers
|-damage|p1a: Keldeo|163\/324 tox|[from] psn
|
|switch|p2a: Zapdos|Zapdos|108\/384
|-damage|p2a: Zapdos|12\/384|[from] Stealth Rock
|-ability|p2a: Zapdos|Pressure
|turn|42
|
|move|p1a: Keldeo|Scald|p2a: Zapdos
|-damage|p2a: Zapdos|0 fnt
|faint|p2a: Zapdos
|
|-heal|p1a: Keldeo|183\/324 tox|[from] item: Leftovers
|-damage|p1a: Keldeo|123\/324 tox|[from] psn
|-message|RedKingAlmighty forfeited.
|
|win|fuck christmas
|raw|Ladder updating...
|leave|RedKingAlmighty
|player|p2
|raw|fuck christmas's rating: 1535 &rarr; <strong>1550<\/strong><br \/>(+15 for winning)
|raw|RedKingAlmighty's rating: 1444 &rarr; <strong>1429<\/strong><br \/>(-15 for losing)
|leave|Bloodz