|join|RedKingAlmighty
|join|Petit Lover
|player|p1|RedKingAlmighty|154
|player|p2|Petit Lover|183
|gametype|singles
|gen|6
|tier|OU
|rated
|clearpoke
|poke|p1|Kyurem-Black, shiny
|poke|p1|Jirachi
|poke|p1|Clefable, M
|poke|p1|Rotom-Wash
|poke|p1|Scizor, M
|poke|p1|Starmie
|poke|p2|Azelf
|poke|p2|Charizard, F
|poke|p2|Scolipede, F
|poke|p2|Espeon, M
|poke|p2|Whimsicott, F
|poke|p2|Greninja, M
|rule|Swagger Clause: Swagger is banned
|rule|Baton Pass Clause: Limit one PokÃ©mon knowing Baton Pass
|rule|Sleep Clause Mod: Limit one foe put to sleep
|rule|Species Clause: Limit one of each PokÃ©mon
|rule|OHKO Clause: OHKO moves are banned
|rule|Moody Clause: Moody is banned
|rule|Evasion Moves Clause: Evasion moves are banned
|rule|Endless Battle Clause: Forcing endless battles is banned
|rule|HP Percentage Mod: HP is shown in percentages
|teampreview
|
|start
|switch|p1a: Scizor|Scizor, M|282\/282
|switch|p2a: STD|Whimsicott, F|323\/323
|turn|1
|
|detailschange|p1a: Scizor|Scizor-Mega, M
|message|Scizor has Mega Evolved into Mega Scizor!
|move|p2a: STD|Substitute|p2a: STD
|-start|p2a: STD|Substitute
|-damage|p2a: STD|243\/323
|move|p1a: Scizor|Swords Dance|p1a: Scizor
|-boost|p1a: Scizor|atk|2
|
|-heal|p2a: STD|263\/323|[from] item: Leftovers
|turn|2
|
|move|p2a: STD|Encore|p1a: Scizor
|-start|p1a: Scizor|Encore
|move|p1a: Scizor|Swords Dance|p1a: Scizor
|-boost|p1a: Scizor|atk|2
|
|-heal|p2a: STD|283\/323|[from] item: Leftovers
|turn|3
|
|switch|p1a: Clefable|Clefable, M|394\/394
|move|p2a: STD|Leech Seed|p1a: Clefable
|-start|p1a: Clefable|move: Leech Seed
|
|-heal|p2a: STD|303\/323|[from] item: Leftovers
|turn|4
|
|move|p2a: STD|Leech Seed|p1a: Clefable
|-fail|p1a: Clefable
|move|p1a: Clefable|Flamethrower|p2a: STD
|-supereffective|p2a: STD
|-end|p2a: STD|Substitute
|
|-heal|p2a: STD|323\/323|[from] item: Leftovers
|turn|5
|
|move|p2a: STD|Substitute|p2a: STD
|-start|p2a: STD|Substitute
|-damage|p2a: STD|243\/323
|move|p1a: Clefable|Flamethrower|p2a: STD
|-supereffective|p2a: STD
|-end|p2a: STD|Substitute
|
|-heal|p2a: STD|263\/323|[from] item: Leftovers
|turn|6
|
|move|p2a: STD|Memento|p1a: Clefable
|-unboost|p1a: Clefable|atk|2
|-unboost|p1a: Clefable|spa|2
|faint|p2a: STD
|move|p1a: Clefable|Flamethrower|p2: STD|[notarget]
|-notarget
|
|
|switch|p2a: Aids|Azelf|292\/292
|turn|7
|
|switch|p1a: Scizor|Scizor-Mega, M|282\/282
|move|p2a: Aids|Stealth Rock|p1a: Scizor
|-sidestart|p1: RedKingAlmighty|move: Stealth Rock
|
|turn|8
|
|move|p2a: Aids|Taunt|p1a: Scizor
|-start|p1a: Scizor|move: Taunt
|cant|p1a: Scizor|move: Taunt|Swords Dance
|
|turn|9
|
|move|p2a: Aids|Light Screen|p2a: Aids
|-sidestart|p2: Petit Lover|move: Light Screen
|move|p1a: Scizor|Knock Off|p2a: Aids
|-supereffective|p2a: Aids
|-enditem|p2a: Aids|Focus Sash
|-damage|p2a: Aids|1\/292
|
|turn|10
|
|move|p1a: Scizor|Bullet Punch|p2a: Aids
|-damage|p2a: Aids|0 fnt
|faint|p2a: Aids
|
|-end|p1a: Scizor|move: Taunt
|
|switch|p2a: Baton Passhole|Scolipede, F|323\/323
|turn|11
|
|move|p2a: Baton Passhole|Iron Defense|p2a: Baton Passhole
|-boost|p2a: Baton Passhole|def|2
|move|p1a: Scizor|Swords Dance|p1a: Scizor
|-boost|p1a: Scizor|atk|2
|
|-boost|p2a: Baton Passhole|spe|1|[from] ability: Speed Boost
|turn|12
|c|âRedKingAlmighty|ya know
|c|âRedKingAlmighty|is that
|c|âRedKingAlmighty|my team?
|
|move|p2a: Baton Passhole|Substitute|p2a: Baton Passhole
|-start|p2a: Baton Passhole|Substitute
|-damage|p2a: Baton Passhole|243\/323
|move|p1a: Scizor|Swords Dance|p1a: Scizor
|-boost|p1a: Scizor|atk|2
|
|-boost|p2a: Baton Passhole|spe|1|[from] ability: Speed Boost
|turn|13
|c|âRedKingAlmighty|the rmt
|
|move|p1a: Scizor|Bullet Punch|p2a: Baton Passhole
|-end|p2a: Baton Passhole|Substitute
|move|p2a: Baton Passhole|Baton Pass|p2a: Baton Passhole
|c|âRedKingAlmighty|with mence
|c|âRedKingAlmighty|the broken mence pass
|
|switch|p2a: Charizard|Charizard, F|359\/359
|
|-sideend|p2: Petit Lover|move: Light Screen
|turn|14
|
|detailschange|p2a: Charizard|Charizard-Mega-X, F
|message|Charizard has Mega Evolved into Mega Charizard!
|move|p1a: Scizor|Bullet Punch|p2a: Charizard
|-resisted|p2a: Charizard
|-damage|p2a: Charizard|268\/359
|move|p2a: Charizard|Dragon Dance|p2a: Charizard
|-boost|p2a: Charizard|atk|1
|-boost|p2a: Charizard|spe|1
|
|turn|15
|
|move|p2a: Charizard|Roost|p2a: Charizard
|-heal|p2a: Charizard|359\/359
|move|p1a: Scizor|Knock Off|p2a: Charizard
|-damage|p2a: Charizard|237\/359
|
|turn|16
|
|move|p2a: Charizard|Earthquake|p1a: Scizor
|-damage|p1a: Scizor|180\/282
|move|p1a: Scizor|Swords Dance|p1a: Scizor
|-boost|p1a: Scizor|atk|2
|
|turn|17
|
|move|p2a: Charizard|Earthquake|p1a: Scizor
|-damage|p1a: Scizor|76\/282
|move|p1a: Scizor|Knock Off|p2a: Charizard
|-crit|p2a: Charizard
|-damage|p2a: Charizard|0 fnt
|faint|p2a: Charizard
|
|
|switch|p2a: Ebola|Greninja, M|285\/285
|turn|18
|
|move|p1a: Scizor|Bullet Punch|p2a: Ebola
|-resisted|p2a: Ebola
|-enditem|p2a: Ebola|Focus Sash
|-damage|p2a: Ebola|1\/285
|move|p2a: Ebola|Low Kick|p1a: Scizor
|-start|p2a: Ebola|typechange|Fighting|[from] Protean
|-damage|p1a: Scizor|0 fnt
|faint|p1a: Scizor
|
|c|âRedKingAlmighty|and sash gren
|c|âRedKingAlmighty|i made this team lol
|
|switch|p1a: Ugly Duckling|Kyurem-Black, shiny|391\/391
|-damage|p1a: Ugly Duckling|294\/391|[from] Stealth Rock
|-ability|p1a: Ugly Duckling|Teravolt
|turn|19
|c|âRedKingAlmighty|props to you for using it
|
|move|p1a: Ugly Duckling|Outrage|p2a: Ebola
|-damage|p2a: Ebola|0 fnt
|faint|p2a: Ebola
|
|
|switch|p2a: Baton Passhole|Scolipede, F|243\/323
|turn|20
|
|move|p2a: Baton Passhole|Protect|p2a: Baton Passhole
|-singleturn|p2a: Baton Passhole|Protect
|move|p1a: Ugly Duckling|Outrage|p2a: Baton Passhole
|-activate|p2a: Baton Passhole|Protect
|
|-boost|p2a: Baton Passhole|spe|1|[from] ability: Speed Boost
|turn|21
|join|Supa Kito
|
|move|p2a: Baton Passhole|Substitute|p2a: Baton Passhole
|-start|p2a: Baton Passhole|Substitute
|-damage|p2a: Baton Passhole|163\/323
|move|p1a: Ugly Duckling|Outrage|p2a: Baton Passhole
|-end|p2a: Baton Passhole|Substitute
|
|-boost|p2a: Baton Passhole|spe|1|[from] ability: Speed Boost
|turn|22
|join|LoganUnderFire
|
|move|p2a: Baton Passhole|Substitute|p2a: Baton Passhole
|-start|p2a: Baton Passhole|Substitute
|-damage|p2a: Baton Passhole|83\/323
|move|p1a: Ugly Duckling|Outrage|p2a: Baton Passhole
|-end|p2a: Baton Passhole|Substitute
|
|-boost|p2a: Baton Passhole|spe|1|[from] ability: Speed Boost
|turn|23
|
|move|p2a: Baton Passhole|Substitute|p2a: Baton Passhole
|-start|p2a: Baton Passhole|Substitute
|-damage|p2a: Baton Passhole|3\/323
|move|p1a: Ugly Duckling|Outrage|p2a: Baton Passhole
|-end|p2a: Baton Passhole|Substitute
|
|-end|p1a: Ugly Duckling|rampage
|-start|p1a: Ugly Duckling|confusion
|-boost|p2a: Baton Passhole|spe|1|[from] ability: Speed Boost
|turn|24
|leave|LoganUnderFire
|
|move|p2a: Baton Passhole|Iron Defense|p2a: Baton Passhole
|-boost|p2a: Baton Passhole|def|2
|-activate|p1a: Ugly Duckling|confusion
|-damage|p1a: Ugly Duckling|230\/391|[from] confusion
|
|-boost|p2a: Baton Passhole|spe|1|[from] ability: Speed Boost
|turn|25
|
|switch|p1a: AM the Hax God|Jirachi|404\/404
|-damage|p1a: AM the Hax God|379\/404|[from] Stealth Rock
|move|p2a: Baton Passhole|Baton Pass|p2a: Baton Passhole
|
|switch|p2a: Cancer|Espeon, M|334\/334
|
|-heal|p1a: AM the Hax God|404\/404|[from] item: Leftovers
|turn|26
|
|move|p2a: Cancer|Calm Mind|p2a: Cancer
|-boost|p2a: Cancer|spa|1
|-boost|p2a: Cancer|spd|1
|move|p1a: AM the Hax God|Body Slam|p2a: Cancer
|-damage|p2a: Cancer|303\/334
|-status|p2a: Cancer|par
|
|-heal|p2a: Cancer|323\/334 par|[from] item: Leftovers
|turn|27
|
|move|p1a: AM the Hax God|Iron Head|p2a: Cancer
|-crit|p2a: Cancer
|-damage|p2a: Cancer|194\/334 par
|cant|p2a: Cancer|flinch
|
|-heal|p2a: Cancer|214\/334 par|[from] item: Leftovers
|turn|28
|
|move|p1a: AM the Hax God|Iron Head|p2a: Cancer
|-damage|p2a: Cancer|171\/334 par
|move|p2a: Cancer|Morning Sun|p2a: Cancer
|-heal|p2a: Cancer|334\/334 par
|
|turn|29
|
|move|p1a: AM the Hax God|Iron Head|p2a: Cancer
|-damage|p2a: Cancer|288\/334 par
|cant|p2a: Cancer|flinch
|
|-heal|p2a: Cancer|308\/334 par|[from] item: Leftovers
|turn|30
|
|move|p1a: AM the Hax God|Iron Head|p2a: Cancer
|-damage|p2a: Cancer|260\/334 par
|cant|p2a: Cancer|par
|
|-heal|p2a: Cancer|280\/334 par|[from] item: Leftovers
|turn|31
|
|move|p1a: AM the Hax God|Iron Head|p2a: Cancer
|-damage|p2a: Cancer|228\/334 par
|move|p2a: Cancer|Calm Mind|p2a: Cancer
|-boost|p2a: Cancer|spa|1
|-boost|p2a: Cancer|spd|1
|
|-heal|p2a: Cancer|248\/334 par|[from] item: Leftovers
|turn|32
|
|move|p1a: AM the Hax God|Iron Head|p2a: Cancer
|-damage|p2a: Cancer|203\/334 par
|move|p2a: Cancer|Morning Sun|p2a: Cancer
|-heal|p2a: Cancer|334\/334 par
|
|turn|33
|
|move|p1a: AM the Hax God|Iron Head|p2a: Cancer
|-crit|p2a: Cancer
|-damage|p2a: Cancer|201\/334 par
|cant|p2a: Cancer|par
|
|-heal|p2a: Cancer|221\/334 par|[from] item: Leftovers
|turn|34
|
|move|p1a: AM the Hax God|Iron Head|p2a: Cancer
|-damage|p2a: Cancer|175\/334 par
|cant|p2a: Cancer|par
|
|-heal|p2a: Cancer|195\/334 par|[from] item: Leftovers
|turn|35
|
|move|p1a: AM the Hax God|Iron Head|p2a: Cancer
|-damage|p2a: Cancer|149\/334 par
|cant|p2a: Cancer|par
|
|-heal|p2a: Cancer|169\/334 par|[from] item: Leftovers
|turn|36
|
|move|p1a: AM the Hax God|Iron Head|p2a: Cancer
|-damage|p2a: Cancer|121\/334 par
|cant|p2a: Cancer|flinch
|
|-heal|p2a: Cancer|141\/334 par|[from] item: Leftovers
|turn|37
|
|move|p1a: AM the Hax God|Iron Head|p2a: Cancer
|-damage|p2a: Cancer|96\/334 par
|cant|p2a: Cancer|flinch
|
|-heal|p2a: Cancer|116\/334 par|[from] item: Leftovers
|turn|38
|
|move|p1a: AM the Hax God|Iron Head|p2a: Cancer
|-damage|p2a: Cancer|70\/334 par
|move|p2a: Cancer|Morning Sun|p2a: Cancer
|-heal|p2a: Cancer|237\/334 par
|
|-heal|p2a: Cancer|257\/334 par|[from] item: Leftovers
|turn|39
|
|move|p1a: AM the Hax God|Iron Head|p2a: Cancer
|-damage|p2a: Cancer|212\/334 par
|cant|p2a: Cancer|flinch
|
|-heal|p2a: Cancer|232\/334 par|[from] item: Leftovers
|turn|40
|
|move|p1a: AM the Hax God|Iron Head|p2a: Cancer
|-damage|p2a: Cancer|186\/334 par
|cant|p2a: Cancer|par
|
|-heal|p2a: Cancer|206\/334 par|[from] item: Leftovers
|turn|41
|
|move|p1a: AM the Hax God|Iron Head|p2a: Cancer
|-damage|p2a: Cancer|161\/334 par
|cant|p2a: Cancer|par
|
|-heal|p2a: Cancer|181\/334 par|[from] item: Leftovers
|turn|42
|
|move|p1a: AM the Hax God|Iron Head|p2a: Cancer
|-damage|p2a: Cancer|135\/334 par
|cant|p2a: Cancer|flinch
|
|-heal|p2a: Cancer|155\/334 par|[from] item: Leftovers
|turn|43
|
|move|p1a: AM the Hax God|Iron Head|p2a: Cancer
|-damage|p2a: Cancer|104\/334 par
|move|p2a: Cancer|Morning Sun|p2a: Cancer
|-heal|p2a: Cancer|271\/334 par
|
|-heal|p2a: Cancer|291\/334 par|[from] item: Leftovers
|turn|44
|
|move|p1a: AM the Hax God|Iron Head|p2a: Cancer
|-damage|p2a: Cancer|240\/334 par
|cant|p2a: Cancer|flinch
|
|-heal|p2a: Cancer|260\/334 par|[from] item: Leftovers
|turn|45
|
|move|p1a: AM the Hax God|Iron Head|p2a: Cancer
|-damage|p2a: Cancer|209\/334 par
|cant|p2a: Cancer|par
|
|-heal|p2a: Cancer|229\/334 par|[from] item: Leftovers
|turn|46
|
|move|p1a: AM the Hax God|Iron Head|p2a: Cancer
|-damage|p2a: Cancer|180\/334 par
|move|p2a: Cancer|Calm Mind|p2a: Cancer
|-boost|p2a: Cancer|spa|1
|-boost|p2a: Cancer|spd|1
|
|-heal|p2a: Cancer|200\/334 par|[from] item: Leftovers
|turn|47
|
|move|p1a: AM the Hax God|Iron Head|p2a: Cancer
|-damage|p2a: Cancer|151\/334 par
|cant|p2a: Cancer|flinch
|
|-heal|p2a: Cancer|171\/334 par|[from] item: Leftovers
|turn|48
|
|move|p1a: AM the Hax God|Iron Head|p2a: Cancer
|-damage|p2a: Cancer|126\/334 par
|cant|p2a: Cancer|par
|
|-heal|p2a: Cancer|146\/334 par|[from] item: Leftovers
|turn|49
|
|move|p1a: AM the Hax God|Iron Head|p2a: Cancer
|-damage|p2a: Cancer|95\/334 par
|cant|p2a: Cancer|par
|
|-heal|p2a: Cancer|115\/334 par|[from] item: Leftovers
|turn|50
|
|move|p1a: AM the Hax God|Iron Head|p2a: Cancer
|-damage|p2a: Cancer|64\/334 par
|move|p2a: Cancer|Morning Sun|p2a: Cancer
|-heal|p2a: Cancer|231\/334 par
|
|-heal|p2a: Cancer|251\/334 par|[from] item: Leftovers
|turn|51
|
|move|p1a: AM the Hax God|Body Slam|p2a: Cancer
|-damage|p2a: Cancer|217\/334 par
|cant|p2a: Cancer|par
|
|-heal|p2a: Cancer|237\/334 par|[from] item: Leftovers
|turn|52
|
|move|p1a: AM the Hax God|Body Slam|p2a: Cancer
|-damage|p2a: Cancer|203\/334 par
|move|p2a: Cancer|Morning Sun|p2a: Cancer
|-heal|p2a: Cancer|334\/334 par
|
|turn|53
|
|move|p1a: AM the Hax God|Body Slam|p2a: Cancer
|-damage|p2a: Cancer|298\/334 par
|move|p2a: Cancer|Calm Mind|p2a: Cancer
|-boost|p2a: Cancer|spa|1
|-boost|p2a: Cancer|spd|1
|
|-heal|p2a: Cancer|318\/334 par|[from] item: Leftovers
|turn|54
|
|move|p1a: AM the Hax God|Body Slam|p2a: Cancer
|-damage|p2a: Cancer|284\/334 par
|move|p2a: Cancer|Calm Mind|p2a: Cancer
|-boost|p2a: Cancer|spa|1
|-boost|p2a: Cancer|spd|1
|
|-heal|p2a: Cancer|304\/334 par|[from] item: Leftovers
|turn|55
|
|move|p1a: AM the Hax God|Body Slam|p2a: Cancer
|-damage|p2a: Cancer|268\/334 par
|move|p2a: Cancer|Calm Mind|p2a: Cancer
|-boost|p2a: Cancer|spa|1
|-boost|p2a: Cancer|spd|1
|
|-heal|p2a: Cancer|288\/334 par|[from] item: Leftovers
|turn|56
|
|move|p1a: AM the Hax God|Body Slam|p2a: Cancer
|-damage|p2a: Cancer|254\/334 par
|move|p2a: Cancer|Morning Sun|p2a: Cancer
|-heal|p2a: Cancer|334\/334 par
|
|turn|57
|
|move|p1a: AM the Hax God|Body Slam|p2a: Cancer
|-damage|p2a: Cancer|299\/334 par
|move|p2a: Cancer|Stored Power|p1a: AM the Hax God
|-resisted|p1a: AM the Hax God
|-damage|p1a: AM the Hax God|13\/404
|
|-heal|p1a: AM the Hax God|38\/404|[from] item: Leftovers
|-heal|p2a: Cancer|319\/334 par|[from] item: Leftovers
|turn|58
|
|move|p1a: AM the Hax God|Body Slam|p2a: Cancer
|-damage|p2a: Cancer|286\/334 par
|move|p2a: Cancer|Stored Power|p1a: AM the Hax God
|-crit|p1a: AM the Hax God
|-resisted|p1a: AM the Hax God
|-damage|p1a: AM the Hax God|0 fnt
|faint|p1a: AM the Hax God
|
|-heal|p2a: Cancer|306\/334 par|[from] item: Leftovers
|
|switch|p1a: Ugly Duckling|Kyurem-Black, shiny|230\/391
|-damage|p1a: Ugly Duckling|133\/391|[from] Stealth Rock
|-ability|p1a: Ugly Duckling|Teravolt
|turn|59
|
|move|p1a: Ugly Duckling|Outrage|p2a: Cancer
|-damage|p2a: Cancer|167\/334 par
|move|p2a: Cancer|Stored Power|p1a: Ugly Duckling
|-damage|p1a: Ugly Duckling|0 fnt
|faint|p1a: Ugly Duckling
|
|-heal|p2a: Cancer|187\/334 par|[from] item: Leftovers
|c|âRedKingAlmighty|gg
|-message|RedKingAlmighty forfeited.
|
|win|Petit Lover
|raw|Ladder updating...
|leave|RedKingAlmighty
|player|p1