|join|RedKingAlmighty
|join|Flan76
|player|p1|RedKingAlmighty|154
|player|p2|Flan76|132
|gametype|singles
|gen|6
|tier|OU
|clearpoke
|poke|p1|Charizard, M
|poke|p1|Celebi
|poke|p1|Keldeo
|poke|p1|Hippowdon, F
|poke|p1|Rotom-Wash
|poke|p1|Scizor, F
|poke|p2|Garchomp, M
|poke|p2|Pinsir, M
|poke|p2|Heatran, M
|poke|p2|Latias, F
|poke|p2|Talonflame, F
|poke|p2|Landorus-Therian, M
|rule|Swagger Clause: Swagger is banned
|rule|Baton Pass Clause: Limit one PokÃ©mon knowing Baton Pass
|rule|Sleep Clause Mod: Limit one foe put to sleep
|rule|Species Clause: Limit one of each PokÃ©mon
|rule|OHKO Clause: OHKO moves are banned
|rule|Moody Clause: Moody is banned
|rule|Evasion Moves Clause: Evasion moves are banned
|rule|Endless Battle Clause: Forcing endless battles is banned
|rule|HP Percentage Mod: HP is shown in percentages
|teampreview
|join|the412gang
|join|evilchicken7
|join|AM
|join|Kama Sutra
|join|nhlfan
|
|start
|switch|p1a: Hippowdon|Hippowdon, F|420\/420
|switch|p2a: Garchomp|Garchomp, M|358\/358
|turn|1
|join|Yankmeister
|c|âFlan76|hf n_n
|c|âRedKingAlmighty|u2
|
|move|p2a: Garchomp|Stealth Rock|p1a: Hippowdon
|-sidestart|p1: RedKingAlmighty|move: Stealth Rock
|move|p1a: Hippowdon|Stealth Rock|p2a: Garchomp
|-sidestart|p2: Flan76|move: Stealth Rock
|
|turn|2
|join|Iridesc3nt
|join|Bussuman
|join|The Solid Snake
|join|Caids
|leave|Caids
|c| Yankmeister|reveal ice fang
|
|move|p2a: Garchomp|Swords Dance|p2a: Garchomp
|-boost|p2a: Garchomp|atk|2
|move|p1a: Hippowdon|Roar|p2a: Garchomp
|drag|p2a: Landorus-Therian|Landorus-Therian, M|320\/320
|-damage|p2a: Landorus-Therian|280\/320|[from] Stealth Rock
|-ability|p2a: Landorus-Therian|Intimidate|[of] p1a: Hippowdon
|-unboost|p1a: Hippowdon|atk|1
|
|turn|3
|join|DJSylveonSantos
|join|gottacatchthemall
|leave|AM
|
|switch|p1a: Keldeo|Keldeo|323\/323
|-damage|p1a: Keldeo|303\/323|[from] Stealth Rock
|move|p2a: Landorus-Therian|U-turn|p1a: Keldeo
|-resisted|p1a: Keldeo
|-damage|p1a: Keldeo|250\/323
|
|switch|p2a: Latias|Latias, F|302\/302
|-damage|p2a: Latias|265\/302|[from] Stealth Rock
|
|turn|4
|leave|gottacatchthemall
|join|feinster
|
|switch|p1a: Scizor|Scizor, F|344\/344
|-damage|p1a: Scizor|301\/344|[from] Stealth Rock
|switch|p2a: Heatran|Heatran, M|323\/323
|-damage|p2a: Heatran|283\/323|[from] Stealth Rock
|
|-heal|p1a: Scizor|322\/344|[from] item: Leftovers
|turn|5
|join|cholera90
|join|mistaken
|join|AM
|join|Agilis
|
|switch|p1a: Keldeo|Keldeo|250\/323
|-damage|p1a: Keldeo|230\/323|[from] Stealth Rock
|move|p2a: Heatran|Overheat|p1a: Keldeo
|-resisted|p1a: Keldeo
|-damage|p1a: Keldeo|110\/323
|-unboost|p2a: Heatran|spa|2
|
|turn|6
|join|irl cat
|c| Iridesc3nt|u better win the whole thing now shofu >.>
|
|switch|p2a: Landorus-Therian|Landorus-Therian, M|280\/320
|-damage|p2a: Landorus-Therian|240\/320|[from] Stealth Rock
|-ability|p2a: Landorus-Therian|Intimidate|[of] p1a: Keldeo
|-unboost|p1a: Keldeo|atk|1
|move|p1a: Keldeo|Scald|p2a: Landorus-Therian
|-supereffective|p2a: Landorus-Therian
|-damage|p2a: Landorus-Therian|0 fnt
|faint|p2a: Landorus-Therian
|
|
|switch|p2a: Latias|Latias, F|265\/302
|-damage|p2a: Latias|228\/302|[from] Stealth Rock
|turn|7
|c| irl cat|showho?
|c| nhlfan|shofu
|c| nhlfan|he is a youtuber
|
|switch|p1a: Scizor|Scizor, F|322\/344
|-damage|p1a: Scizor|279\/344|[from] Stealth Rock
|move|p2a: Latias|Psyshock|p1a: Scizor
|-resisted|p1a: Scizor
|-damage|p1a: Scizor|201\/344
|-damage|p2a: Latias|198\/302|[from] item: Life Orb
|
|-heal|p1a: Scizor|222\/344|[from] item: Leftovers
|turn|8
|c| irl cat|shofu who
|join|Arpee
|c| Kama Sutra|whats youtube?
|
|switch|p2a: Heatran|Heatran, M|283\/323
|-damage|p2a: Heatran|243\/323|[from] Stealth Rock
|move|p1a: Scizor|Roost|p1a: Scizor
|-heal|p1a: Scizor|344\/344
|
|turn|9
|
|switch|p1a: Keldeo|Keldeo|110\/323
|-damage|p1a: Keldeo|90\/323|[from] Stealth Rock
|move|p2a: Heatran|Overheat|p1a: Keldeo
|-resisted|p1a: Keldeo
|-damage|p1a: Keldeo|0 fnt
|-unboost|p2a: Heatran|spa|2
|faint|p1a: Keldeo
|
|
|switch|p1a: Charizard|Charizard, M|333\/333
|-damage|p1a: Charizard|167\/333|[from] Stealth Rock
|turn|10
|leave|feinster
|
|switch|p2a: Talonflame|Talonflame, F|297\/297
|-damage|p2a: Talonflame|149\/297|[from] Stealth Rock
|detailschange|p1a: Charizard|Charizard-Mega-X, M
|message|Charizard has Mega Evolved into Mega Charizard!
|move|p1a: Charizard|Dragon Dance|p1a: Charizard
|-boost|p1a: Charizard|atk|1
|-boost|p1a: Charizard|spe|1
|
|turn|11
|c| irl cat|bulky zard who
|
|switch|p1a: Rotom-Wash|Rotom-Wash|304\/304
|-damage|p1a: Rotom-Wash|266\/304|[from] Stealth Rock
|move|p2a: Talonflame|Brave Bird|p1a: Rotom-Wash
|-resisted|p1a: Rotom-Wash
|-damage|p1a: Rotom-Wash|206\/304
|-damage|p2a: Talonflame|129\/297|[from] recoil|[of] p1a: Rotom-Wash
|
|-heal|p1a: Rotom-Wash|225\/304|[from] item: Leftovers
|turn|12
|c|âRedKingAlmighty|fuck.
|
|move|p2a: Talonflame|Roost|p2a: Talonflame
|-heal|p2a: Talonflame|278\/297
|move|p1a: Rotom-Wash|Volt Switch|p2a: Talonflame
|-damage|p2a: Talonflame|151\/297
|join|popopopoo
|
|switch|p1a: Hippowdon|Hippowdon, F|420\/420
|-damage|p1a: Hippowdon|394\/420|[from] Stealth Rock
|
|-heal|p1a: Hippowdon|420\/420|[from] item: Leftovers
|turn|13
|join|lmLonely
|leave|Iridesc3nt
|c| Agilis|I don't know why everyone Volt Switches... Roost is always the play I make.
|
|move|p2a: Talonflame|Roost|p2a: Talonflame
|-heal|p2a: Talonflame|297\/297
|move|p1a: Hippowdon|Roar|p2a: Talonflame
|drag|p2a: Heatran|Heatran, M|243\/323
|-damage|p2a: Heatran|203\/323|[from] Stealth Rock
|
|turn|14
|c| Agilis|Hydro was pretty safe no?
|
|switch|p2a: Latias|Latias, F|198\/302
|-damage|p2a: Latias|161\/302|[from] Stealth Rock
|switch|p1a: Rotom-Wash|Rotom-Wash|225\/304
|-damage|p1a: Rotom-Wash|187\/304|[from] Stealth Rock
|
|-heal|p1a: Rotom-Wash|206\/304|[from] item: Leftovers
|turn|15
|join|Aggron Stamos
|join|Murkrow Jupiter
|raw|<div class="broadcast-red"><b>Moderated chat was set to +!<\/b><br \/>Only users of rank + and higher can talk.<\/div>
|leave|lmLonely
|join|MushMunkey
|
|move|p2a: Latias|Draco Meteor|p1a: Rotom-Wash
|-damage|p1a: Rotom-Wash|0 fnt
|-unboost|p2a: Latias|spa|2
|-damage|p2a: Latias|131\/302|[from] item: Life Orb
|faint|p1a: Rotom-Wash
|
|leave|Bussuman
|join|Too much swog
|
|switch|p1a: Celebi|Celebi|356\/356
|-damage|p1a: Celebi|312\/356|[from] Stealth Rock
|turn|16
|join|Pablochu
|leave|AM
|leave|Yankmeister
|leave|popopopoo
|
|move|p2a: Latias|Defog|p1a: Celebi
|-unboost|p1a: Celebi|evasion|1
|-sideend|p1: RedKingAlmighty|Stealth Rock|[from] move: Defog|[of] p1a: Celebi
|-sideend|p2: Flan76|Stealth Rock|[from] move: Defog|[of] p2a: Latias
|move|p1a: Celebi|Psychic|p2a: Latias
|-resisted|p2a: Latias
|-damage|p2a: Latias|58\/302
|-damage|p1a: Celebi|277\/356|[from] item: Life Orb
|
|turn|17
|join|Not Sharpteeth
|leave|Not Sharpteeth
|leave|mistaken
|
|move|p2a: Latias|Draco Meteor|p1a: Celebi
|-damage|p1a: Celebi|143\/356
|-unboost|p2a: Latias|spa|2
|-damage|p2a: Latias|28\/302|[from] item: Life Orb
|move|p1a: Celebi|Recover|p1a: Celebi
|-heal|p1a: Celebi|321\/356
|
|turn|18
|join|Not Sharpteeth
|
|move|p2a: Latias|Healing Wish|p2a: Latias
|faint|p2a: Latias
|move|p1a: Celebi|Recover|p1a: Celebi
|-heal|p1a: Celebi|356\/356
|
|
|switch|p2a: Heatran|Heatran, M|203\/323
|-heal|p2a: Heatran|323\/323|[from] move: Healing Wish
|turn|19
|
|switch|p2a: Talonflame|Talonflame, F|297\/297
|move|p1a: Celebi|Earth Power|p2a: Talonflame
|-immune|p2a: Talonflame|[msg]
|
|turn|20
|c|âRedKingAlmighty|ack
|c|âRedKingAlmighty|lure fail
|
|move|p2a: Talonflame|Swords Dance|p2a: Talonflame
|-boost|p2a: Talonflame|atk|2
|move|p1a: Celebi|Psychic|p2a: Talonflame
|-damage|p2a: Talonflame|59\/297
|-damage|p1a: Celebi|321\/356|[from] item: Life Orb
|
|turn|21
|leave|Pablochu
|leave|nhlfan
|
|switch|p1a: Hippowdon|Hippowdon, F|420\/420
|move|p2a: Talonflame|Flare Blitz|p1a: Hippowdon
|-damage|p1a: Hippowdon|218\/420
|-status|p1a: Hippowdon|brn
|-damage|p2a: Talonflame|0 fnt|[from] recoil|[of] p1a: Hippowdon
|faint|p2a: Talonflame
|
|-heal|p1a: Hippowdon|244\/420 brn|[from] item: Leftovers
|-damage|p1a: Hippowdon|192\/420 brn|[from] brn
|c|âFlan76|.
|c|âRedKingAlmighty|that burn
|
|switch|p2a: Garchomp|Garchomp, M|358\/358
|turn|22
|c|âRedKingAlmighty|is gonna fuck me.
|
|move|p2a: Garchomp|Swords Dance|p2a: Garchomp
|-boost|p2a: Garchomp|atk|2
|move|p1a: Hippowdon|Roar|p2a: Garchomp
|drag|p2a: Pinsir|Pinsir, M|271\/271
|
|-heal|p1a: Hippowdon|218\/420 brn|[from] item: Leftovers
|-damage|p1a: Hippowdon|166\/420 brn|[from] brn
|turn|23
|c|âFlan76|.
|c|âFlan76|nice cancel button
|c|âFlan76|pressed sr
|leave|Not Sharpteeth
|c|âRedKingAlmighty|lol
|
|detailschange|p2a: Pinsir|Pinsir-Mega, M
|message|Pinsir has Mega Evolved into Mega Pinsir!
|move|p2a: Pinsir|Swords Dance|p2a: Pinsir
|-boost|p2a: Pinsir|atk|2
|move|p1a: Hippowdon|Slack Off|p1a: Hippowdon
|-heal|p1a: Hippowdon|376\/420 brn
|
|-heal|p1a: Hippowdon|402\/420 brn|[from] item: Leftovers
|-damage|p1a: Hippowdon|350\/420 brn|[from] brn
|turn|24
|
|move|p2a: Pinsir|Return|p1a: Hippowdon
|-damage|p1a: Hippowdon|0 fnt
|faint|p1a: Hippowdon
|
|c|âRedKingAlmighty|damn
|c|âFlan76|adamant pinsir going in..
|c|âRedKingAlmighty|thats the end of me
|
|switch|p1a: Charizard|Charizard-Mega-X, M|167\/333
|turn|25
|
|move|p2a: Pinsir|Quick Attack|p1a: Charizard
|-damage|p1a: Charizard|0 fnt
|faint|p1a: Charizard
|
|c|âFlan76|g_G
|c|âRedKingAlmighty|yeh
|c|âRedKingAlmighty|any thoughts?
|leave|The Solid Snake
|leave|Arpee
|leave|Aggron Stamos
|
|switch|p1a: Celebi|Celebi|321\/356
|turn|26
|
|move|p2a: Pinsir|Quick Attack|p1a: Celebi
|-supereffective|p1a: Celebi
|-damage|p1a: Celebi|0 fnt
|faint|p1a: Celebi
|
|-message|RedKingAlmighty forfeited.
|
|win|Flan76
|leave|Flan76
|player|p2
|leave|Agilis
|leave|Too much swog
|leave|RedKingAlmighty
|player|p1
|leave|cholera90
|leave|irl cat
|leave|the412gang
|leave|DJSylveonSantos
|leave|Kama Sutra
|leave|MushMunkey
|leave|Murkrow Jupiter