|join|SxSnipes
|join|RedKingAlmighty
|player|p1|SxSnipes|137
|player|p2|RedKingAlmighty|154
|gametype|singles
|gen|6
|tier|OU
|rated
|clearpoke
|poke|p1|Lopunny, M
|poke|p1|Mamoswine, M
|poke|p1|Latias, F
|poke|p1|Kyurem-Black
|poke|p1|Landorus-Therian, M
|poke|p1|Keldeo-Resolute
|poke|p2|Charizard, F
|poke|p2|Celebi
|poke|p2|Keldeo
|poke|p2|Hippowdon, M
|poke|p2|Rotom-Wash
|poke|p2|Scizor, F
|rule|Swagger Clause: Swagger is banned
|rule|Baton Pass Clause: Limit one PokÃ©mon knowing Baton Pass
|rule|Sleep Clause Mod: Limit one foe put to sleep
|rule|Species Clause: Limit one of each PokÃ©mon
|rule|OHKO Clause: OHKO moves are banned
|rule|Moody Clause: Moody is banned
|rule|Evasion Moves Clause: Evasion moves are banned
|rule|Endless Battle Clause: Forcing endless battles is banned
|rule|HP Percentage Mod: HP is shown in percentages
|teampreview
|
|start
|switch|p1a: Lopunny|Lopunny, M|272\/272
|switch|p2a: Keldeo|Keldeo|323\/323
|turn|1
|
|switch|p2a: Hippowdon|Hippowdon, M|420\/420
|detailschange|p1a: Lopunny|Lopunny-Mega, M
|message|Lopunny has Mega Evolved into Mega Lopunny!
|move|p1a: Lopunny|Fake Out|p2a: Hippowdon
|-damage|p2a: Hippowdon|369\/420
|
|-heal|p2a: Hippowdon|395\/420|[from] item: Leftovers
|turn|2
|
|switch|p1a: Latias|Latias, F|302\/302
|move|p2a: Hippowdon|Stealth Rock|p1a: Latias
|-sidestart|p1: SxSnipes|move: Stealth Rock
|
|-heal|p2a: Hippowdon|420\/420|[from] item: Leftovers
|turn|3
|
|switch|p2a: Scizor|Scizor, F|344\/344
|move|p1a: Latias|Draco Meteor|p2a: Scizor
|-resisted|p2a: Scizor
|-damage|p2a: Scizor|223\/344
|-unboost|p1a: Latias|spa|2
|-damage|p1a: Latias|272\/302|[from] item: Life Orb
|
|-heal|p2a: Scizor|244\/344|[from] item: Leftovers
|turn|4
|
|switch|p1a: Landorus-Therian|Landorus-Therian, M|382\/382
|-damage|p1a: Landorus-Therian|335\/382|[from] Stealth Rock
|-ability|p1a: Landorus-Therian|Intimidate|[of] p2a: Scizor
|-unboost|p2a: Scizor|atk|1
|move|p2a: Scizor|Toxic|p1a: Landorus-Therian
|-status|p1a: Landorus-Therian|tox
|
|-heal|p1a: Landorus-Therian|358\/382 tox|[from] item: Leftovers
|-heal|p2a: Scizor|265\/344|[from] item: Leftovers
|-damage|p1a: Landorus-Therian|335\/382 tox|[from] psn
|turn|5
|
|switch|p2a: Keldeo|Keldeo|323\/323
|move|p1a: Landorus-Therian|Stealth Rock|p2a: Keldeo
|-sidestart|p2: RedKingAlmighty|move: Stealth Rock
|
|-heal|p1a: Landorus-Therian|358\/382 tox|[from] item: Leftovers
|-damage|p1a: Landorus-Therian|312\/382 tox|[from] psn
|turn|6
|
|switch|p1a: Latias|Latias, F|272\/302
|-damage|p1a: Latias|235\/302|[from] Stealth Rock
|move|p2a: Keldeo|Scald|p1a: Latias
|-resisted|p1a: Latias
|-damage|p1a: Latias|177\/302
|
|turn|7
|
|switch|p2a: Scizor|Scizor, F|265\/344
|-damage|p2a: Scizor|222\/344|[from] Stealth Rock
|move|p1a: Latias|Psyshock|p2a: Scizor
|-resisted|p2a: Scizor
|-damage|p2a: Scizor|140\/344
|-damage|p1a: Latias|147\/302|[from] item: Life Orb
|
|-heal|p2a: Scizor|161\/344|[from] item: Leftovers
|turn|8
|
|switch|p1a: Landorus-Therian|Landorus-Therian, M|312\/382 tox
|-damage|p1a: Landorus-Therian|265\/382 tox|[from] Stealth Rock
|-ability|p1a: Landorus-Therian|Intimidate|[of] p2a: Scizor
|-unboost|p2a: Scizor|atk|1
|move|p2a: Scizor|Roost|p2a: Scizor
|-heal|p2a: Scizor|333\/344
|
|-heal|p1a: Landorus-Therian|288\/382 tox|[from] item: Leftovers
|-heal|p2a: Scizor|344\/344|[from] item: Leftovers
|-damage|p1a: Landorus-Therian|265\/382 tox|[from] psn
|turn|9
|
|switch|p2a: Rotom-Wash|Rotom-Wash|304\/304
|-damage|p2a: Rotom-Wash|266\/304|[from] Stealth Rock
|move|p1a: Landorus-Therian|Knock Off|p2a: Rotom-Wash
|-damage|p2a: Rotom-Wash|178\/304
|-enditem|p2a: Rotom-Wash|Leftovers|[from] move: Knock Off|[of] p1a: Landorus-Therian
|
|-heal|p1a: Landorus-Therian|288\/382 tox|[from] item: Leftovers
|-damage|p1a: Landorus-Therian|242\/382 tox|[from] psn
|turn|10
|join|Dregger
|
|move|p1a: Landorus-Therian|U-turn|p2a: Rotom-Wash
|-damage|p2a: Rotom-Wash|104\/304
|
|switch|p1a: Latias|Latias, F|147\/302
|-damage|p1a: Latias|110\/302|[from] Stealth Rock
|move|p2a: Rotom-Wash|Will-O-Wisp|p1a: Latias|[miss]
|-miss|p2a: Rotom-Wash|p1a: Latias
|
|turn|11
|
|switch|p2a: Scizor|Scizor, F|344\/344
|-damage|p2a: Scizor|301\/344|[from] Stealth Rock
|move|p1a: Latias|Defog|p2a: Scizor
|-unboost|p2a: Scizor|evasion|1
|-sideend|p2: RedKingAlmighty|Stealth Rock|[from] move: Defog|[of] p2a: Scizor
|-sideend|p1: SxSnipes|Stealth Rock|[from] move: Defog|[of] p1a: Latias
|
|-heal|p2a: Scizor|322\/344|[from] item: Leftovers
|turn|12
|
|switch|p1a: Landorus-Therian|Landorus-Therian, M|242\/382 tox
|-ability|p1a: Landorus-Therian|Intimidate|[of] p2a: Scizor
|-unboost|p2a: Scizor|atk|1
|move|p2a: Scizor|Bullet Punch|p1a: Landorus-Therian
|-damage|p1a: Landorus-Therian|173\/382 tox
|
|-heal|p1a: Landorus-Therian|196\/382 tox|[from] item: Leftovers
|-heal|p2a: Scizor|343\/344|[from] item: Leftovers
|-damage|p1a: Landorus-Therian|173\/382 tox|[from] psn
|turn|13
|
|move|p2a: Scizor|Bullet Punch|p1a: Landorus-Therian
|-damage|p1a: Landorus-Therian|106\/382 tox
|move|p1a: Landorus-Therian|Stealth Rock|p2a: Scizor
|-sidestart|p2: RedKingAlmighty|move: Stealth Rock
|
|-heal|p1a: Landorus-Therian|129\/382 tox|[from] item: Leftovers
|-heal|p2a: Scizor|344\/344|[from] item: Leftovers
|-damage|p1a: Landorus-Therian|83\/382 tox|[from] psn
|turn|14
|
|move|p1a: Landorus-Therian|Knock Off|p2a: Scizor
|-damage|p2a: Scizor|197\/344
|-enditem|p2a: Scizor|Leftovers|[from] move: Knock Off|[of] p1a: Landorus-Therian
|move|p2a: Scizor|Defog|p1a: Landorus-Therian
|-unboost|p1a: Landorus-Therian|evasion|1
|-sideend|p2: RedKingAlmighty|Stealth Rock|[from] move: Defog|[of] p2a: Scizor
|
|-heal|p1a: Landorus-Therian|106\/382 tox|[from] item: Leftovers
|-damage|p1a: Landorus-Therian|37\/382 tox|[from] psn
|turn|15
|
|move|p1a: Landorus-Therian|Earthquake|p2a: Scizor
|-damage|p2a: Scizor|0 fnt
|faint|p2a: Scizor
|
|-heal|p1a: Landorus-Therian|60\/382 tox|[from] item: Leftovers
|-damage|p1a: Landorus-Therian|0 fnt|[from] psn
|faint|p1a: Landorus-Therian
|
|switch|p2a: Charizard|Charizard, F|333\/333
|switch|p1a: Kyurem-Black|Kyurem-Black|454\/454
|-ability|p1a: Kyurem-Black|Teravolt
|turn|16
|
|detailschange|p2a: Charizard|Charizard-Mega-X, F
|message|Charizard has Mega Evolved into Mega Charizard!
|move|p2a: Charizard|Dragon Claw|p1a: Kyurem-Black
|-supereffective|p1a: Kyurem-Black
|-damage|p1a: Kyurem-Black|0 fnt
|faint|p1a: Kyurem-Black
|
|
|switch|p1a: Mamoswine|Mamoswine, M|361\/361
|turn|17
|
|switch|p2a: Rotom-Wash|Rotom-Wash|104\/304
|move|p1a: Mamoswine|Earthquake|p2a: Rotom-Wash
|-immune|p2a: Rotom-Wash|[msg]
|
|turn|18
|
|switch|p1a: Latias|Latias, F|110\/302
|move|p2a: Rotom-Wash|Pain Split|p1a: Latias
|-sethp|p1a: Latias|107\/302|p2a: Rotom-Wash|107\/304|[from] move: Pain Split
|
|turn|19
|
|switch|p2a: Celebi|Celebi|356\/356
|move|p1a: Latias|Draco Meteor|p2a: Celebi
|-damage|p2a: Celebi|71\/356
|-unboost|p1a: Latias|spa|2
|-damage|p1a: Latias|77\/302|[from] item: Life Orb
|
|turn|20
|
|move|p1a: Latias|Draco Meteor|p2a: Celebi
|-damage|p2a: Celebi|0 fnt
|-unboost|p1a: Latias|spa|2
|-damage|p1a: Latias|47\/302|[from] item: Life Orb
|faint|p2a: Celebi
|
|
|switch|p2a: Charizard|Charizard-Mega-X, F|333\/333
|turn|21
|
|move|p1a: Latias|Draco Meteor|p2a: Charizard
|-supereffective|p2a: Charizard
|-damage|p2a: Charizard|138\/333
|-unboost|p1a: Latias|spa|2
|-damage|p1a: Latias|17\/302|[from] item: Life Orb
|move|p2a: Charizard|Roost|p2a: Charizard
|-heal|p2a: Charizard|305\/333
|
|turn|22
|
|move|p1a: Latias|Draco Meteor|p2a: Charizard
|-supereffective|p2a: Charizard
|-damage|p2a: Charizard|154\/333
|-damage|p1a: Latias|0 fnt|[from] item: Life Orb
|faint|p1a: Latias
|move|p2a: Charizard|Roost|p2a: Charizard
|-heal|p2a: Charizard|321\/333
|
|
|switch|p1a: Lopunny|Lopunny-Mega, M|272\/272
|turn|23
|
|move|p1a: Lopunny|Fake Out|p2a: Charizard
|-damage|p2a: Charizard|252\/333
|cant|p2a: Charizard|flinch
|
|turn|24
|
|switch|p2a: Hippowdon|Hippowdon, M|420\/420
|move|p1a: Lopunny|High Jump Kick|p2a: Hippowdon
|-damage|p2a: Hippowdon|273\/420
|
|-heal|p2a: Hippowdon|299\/420|[from] item: Leftovers
|turn|25
|
|switch|p1a: Keldeo-Resolute|Keldeo-Resolute|323\/323
|move|p2a: Hippowdon|Earthquake|p1a: Keldeo-Resolute
|-damage|p1a: Keldeo-Resolute|169\/323
|
|-heal|p2a: Hippowdon|325\/420|[from] item: Leftovers
|turn|26
|
|switch|p2a: Rotom-Wash|Rotom-Wash|107\/304
|move|p1a: Keldeo-Resolute|Secret Sword|p2a: Rotom-Wash
|-damage|p2a: Rotom-Wash|0 fnt
|faint|p2a: Rotom-Wash
|
|
|switch|p2a: Keldeo|Keldeo|323\/323
|turn|27
|
|move|p1a: Keldeo-Resolute|Secret Sword|p2a: Keldeo
|-damage|p2a: Keldeo|170\/323
|move|p2a: Keldeo|Secret Sword|p1a: Keldeo-Resolute
|-damage|p1a: Keldeo-Resolute|3\/323
|
|turn|28
|
|switch|p2a: Hippowdon|Hippowdon, M|325\/420
|move|p1a: Keldeo-Resolute|Secret Sword|p2a: Hippowdon
|-damage|p2a: Hippowdon|220\/420
|
|-heal|p2a: Hippowdon|246\/420|[from] item: Leftovers
|turn|29
|
|move|p1a: Keldeo-Resolute|Secret Sword|p2a: Hippowdon
|-damage|p2a: Hippowdon|152\/420
|move|p2a: Hippowdon|Slack Off|p2a: Hippowdon
|-heal|p2a: Hippowdon|362\/420
|
|-heal|p2a: Hippowdon|388\/420|[from] item: Leftovers
|turn|30
|
|switch|p1a: Mamoswine|Mamoswine, M|361\/361
|move|p2a: Hippowdon|Earthquake|p1a: Mamoswine
|-damage|p1a: Mamoswine|213\/361
|
|-heal|p2a: Hippowdon|414\/420|[from] item: Leftovers
|turn|31
|
|move|p1a: Mamoswine|Icicle Crash|p2a: Hippowdon
|-supereffective|p2a: Hippowdon
|-damage|p2a: Hippowdon|170\/420
|-damage|p1a: Mamoswine|177\/361|[from] item: Life Orb
|move|p2a: Hippowdon|Earthquake|p1a: Mamoswine
|-damage|p1a: Mamoswine|27\/361
|
|-heal|p2a: Hippowdon|196\/420|[from] item: Leftovers
|turn|32
|
|switch|p2a: Keldeo|Keldeo|170\/323
|move|p1a: Mamoswine|Icicle Crash|p2a: Keldeo
|-resisted|p2a: Keldeo
|-damage|p2a: Keldeo|63\/323
|-damage|p1a: Mamoswine|0 fnt|[from] item: Life Orb
|faint|p1a: Mamoswine
|
|
|switch|p1a: Lopunny|Lopunny-Mega, M|272\/272
|turn|33
|
|switch|p2a: Charizard|Charizard-Mega-X, F|252\/333
|move|p1a: Lopunny|Fake Out|p2a: Charizard
|-damage|p2a: Charizard|188\/333
|
|turn|34
|
|move|p1a: Lopunny|High Jump Kick|p2a: Charizard
|-damage|p2a: Charizard|0 fnt
|faint|p2a: Charizard
|
|leave|Dregger
|
|switch|p2a: Hippowdon|Hippowdon, M|196\/420
|turn|35
|
|move|p1a: Lopunny|High Jump Kick|p2a: Hippowdon
|-damage|p2a: Hippowdon|45\/420
|move|p2a: Hippowdon|Earthquake|p1a: Lopunny
|-damage|p1a: Lopunny|142\/272
|
|-heal|p2a: Hippowdon|71\/420|[from] item: Leftovers
|turn|36
|
|move|p1a: Lopunny|Return|p2a: Hippowdon
|-damage|p2a: Hippowdon|0 fnt
|faint|p2a: Hippowdon
|
|
|switch|p2a: Keldeo|Keldeo|63\/323
|turn|37
|
|switch|p1a: Keldeo-Resolute|Keldeo-Resolute|3\/323
|move|p2a: Keldeo|Secret Sword|p1a: Keldeo-Resolute
|-damage|p1a: Keldeo-Resolute|0 fnt
|faint|p1a: Keldeo-Resolute
|
|
|switch|p1a: Lopunny|Lopunny-Mega, M|142\/272
|turn|38
|
|move|p1a: Lopunny|Fake Out|p2a: Keldeo
|-damage|p2a: Keldeo|0 fnt
|faint|p2a: Keldeo
|
|win|SxSnipes
|raw|Ladder updating...
|c|âSxSnipes|gg
|leave|RedKingAlmighty
|player|p2
|raw|SxSnipes's rating: 1369 &rarr; <strong>1393<\/strong><br \/>(+24 for winning)
|raw|RedKingAlmighty's rating: 1439 &rarr; <strong>1415<\/strong><br \/>(-24 for losing)