|join|Sephiroth VII
|join|RedKingAlmighty
|player|p1|Sephiroth VII|250
|player|p2|RedKingAlmighty|154
|gametype|singles
|gen|6
|tier|OU
|rated
|clearpoke
|poke|p1|Lopunny, F
|poke|p1|Greninja, M, shiny
|poke|p1|Landorus-Therian, M
|poke|p1|Garchomp, F
|poke|p1|Latios, M
|poke|p1|Bisharp, F
|poke|p2|Charizard, M
|poke|p2|Diggersby, F
|poke|p2|Slowbro, M
|poke|p2|Ferrothorn, M
|poke|p2|Latios, M
|poke|p2|Raikou
|rule|Swagger Clause: Swagger is banned
|rule|Baton Pass Clause: Limit one PokÃ©mon knowing Baton Pass
|rule|Sleep Clause Mod: Limit one foe put to sleep
|rule|Species Clause: Limit one of each PokÃ©mon
|rule|OHKO Clause: OHKO moves are banned
|rule|Moody Clause: Moody is banned
|rule|Evasion Moves Clause: Evasion moves are banned
|rule|Endless Battle Clause: Forcing endless battles is banned
|rule|HP Percentage Mod: HP is shown in percentages
|teampreview
|
|start
|switch|p1a: Garchomp|Garchomp, F|357\/357
|switch|p2a: Slowbro|Slowbro, M|394\/394
|turn|1
|
|move|p1a: Garchomp|Stealth Rock|p2a: Slowbro
|-sidestart|p2: RedKingAlmighty|move: Stealth Rock
|move|p2a: Slowbro|Scald|p1a: Garchomp
|-damage|p1a: Garchomp|246\/357
|-status|p1a: Garchomp|brn
|
|-damage|p1a: Garchomp|202\/357 brn|[from] brn
|turn|2
|
|move|p1a: Garchomp|Dragon Claw|p2a: Slowbro
|-damage|p2a: Slowbro|343\/394
|move|p2a: Slowbro|Scald|p1a: Garchomp
|-damage|p1a: Garchomp|79\/357 brn
|
|-heal|p2a: Slowbro|367\/394|[from] item: Leftovers
|-damage|p1a: Garchomp|35\/357 brn|[from] brn
|turn|3
|
|move|p1a: Garchomp|Fire Blast|p2a: Slowbro
|-resisted|p2a: Slowbro
|-damage|p2a: Slowbro|323\/394
|move|p2a: Slowbro|Slack Off|p2a: Slowbro
|-heal|p2a: Slowbro|394\/394
|
|-damage|p1a: Garchomp|0 fnt|[from] brn
|faint|p1a: Garchomp
|
|switch|p1a: Bisharp|Bisharp, F|272\/272
|turn|4
|
|move|p1a: Bisharp|Swords Dance|p1a: Bisharp
|-boost|p1a: Bisharp|atk|2
|move|p2a: Slowbro|Scald|p1a: Bisharp
|-damage|p1a: Bisharp|155\/272
|
|turn|5
|
|switch|p2a: Ferrothorn|Ferrothorn, M|352\/352
|-damage|p2a: Ferrothorn|330\/352|[from] Stealth Rock
|move|p1a: Bisharp|Knock Off|p2a: Ferrothorn
|-damage|p2a: Ferrothorn|0 fnt
|-damage|p1a: Bisharp|121\/272|[from] ability: Iron Barbs|[of] p2a: Ferrothorn
|-enditem|p2a: Ferrothorn|Leftovers|[from] move: Knock Off|[of] p1a: Bisharp
|-damage|p1a: Bisharp|94\/272|[from] item: Life Orb
|faint|p2a: Ferrothorn
|
|
|switch|p2a: Diggersby Tho|Diggersby, F|311\/311
|-damage|p2a: Diggersby Tho|292\/311|[from] Stealth Rock
|turn|6
|
|move|p1a: Bisharp|Sucker Punch|p2a: Diggersby Tho
|-damage|p2a: Diggersby Tho|0 fnt
|-damage|p1a: Bisharp|67\/272|[from] item: Life Orb
|faint|p2a: Diggersby Tho
|
|-message|RedKingAlmighty forfeited.
|
|win|Sephiroth VII
|raw|Ladder updating...
|leave|RedKingAlmighty
|player|p2
|raw|Sephiroth VII's rating: 1439 &rarr; <strong>1459<\/strong><br \/>(+20 for winning)
|raw|RedKingAlmighty's rating: 1443 &rarr; <strong>1423<\/strong><br \/>(-20 for losing)