|join|Assaltwaffle
|join|RedKingAlmighty
|player|p1|Assaltwaffle|153
|player|p2|RedKingAlmighty|154
|gametype|singles
|gen|6
|tier|OU
|clearpoke
|poke|p1|Metagross
|poke|p1|Heatran, M
|poke|p1|Kyurem-Black, shiny
|poke|p1|Azumarill, F
|poke|p1|Noivern, F
|poke|p1|Mandibuzz, F
|poke|p2|Charizard, F
|poke|p2|Diggersby, F
|poke|p2|Rotom-Wash
|poke|p2|Ferrothorn, M
|poke|p2|Latios, M
|poke|p2|Gliscor, F
|rule|Swagger Clause: Swagger is banned
|rule|Baton Pass Clause: Limit one PokÃ©mon knowing Baton Pass
|rule|Sleep Clause Mod: Limit one foe put to sleep
|rule|Species Clause: Limit one of each PokÃ©mon
|rule|OHKO Clause: OHKO moves are banned
|rule|Moody Clause: Moody is banned
|rule|Evasion Moves Clause: Evasion moves are banned
|rule|Endless Battle Clause: Forcing endless battles is banned
|rule|HP Percentage Mod: HP is shown in percentages
|teampreview
|
|start
|switch|p1a: Vespertilio|Noivern, F|311\/311
|switch|p2a: Rotom-Wash|Rotom-Wash|304\/304
|turn|1
|c|âAssaltwaffle|glhf
|
|switch|p2a: Ferrothorn|Ferrothorn, M|352\/352
|move|p1a: Vespertilio|Draco Meteor|p2a: Ferrothorn
|-resisted|p2a: Ferrothorn
|-damage|p2a: Ferrothorn|256\/352
|-unboost|p1a: Vespertilio|spa|2
|
|-heal|p2a: Ferrothorn|278\/352|[from] item: Leftovers
|turn|2
|c|âRedKingAlmighty|tbh i don't have much for that thing
|c|âAssaltwaffle|my noivern?
|
|switch|p1a: Clockwork|Heatran, M|385\/385
|move|p2a: Ferrothorn|Gyro Ball|p1a: Clockwork
|-crit|p1a: Clockwork
|-resisted|p1a: Clockwork
|-damage|p1a: Clockwork|336\/385
|
|-heal|p1a: Clockwork|360\/385|[from] item: Leftovers
|-heal|p2a: Ferrothorn|300\/352|[from] item: Leftovers
|turn|3
|
|switch|p1a: Vespertilio|Noivern, F|311\/311
|switch|p2a: Rotom-Wash|Rotom-Wash|304\/304
|
|turn|4
|
|move|p1a: Vespertilio|Flamethrower|p2a: Rotom-Wash
|-resisted|p2a: Rotom-Wash
|-damage|p2a: Rotom-Wash|246\/304
|move|p2a: Rotom-Wash|Volt Switch|p1a: Vespertilio
|-damage|p1a: Vespertilio|208\/311
|
|switch|p2a: Charizard|Charizard, F|333\/333
|
|turn|5
|
|switch|p1a: Clockwork|Heatran, M|360\/385
|move|p2a: Charizard|Dragon Claw|p1a: Clockwork
|-resisted|p1a: Clockwork
|-damage|p1a: Clockwork|323\/385
|
|-heal|p1a: Clockwork|347\/385|[from] item: Leftovers
|turn|6
|join|muhfugginmoo5e
|
|switch|p2a: Rotom-Wash|Rotom-Wash|246\/304
|move|p1a: Clockwork|Toxic|p2a: Rotom-Wash
|-status|p2a: Rotom-Wash|tox
|
|-heal|p2a: Rotom-Wash|265\/304 tox|[from] item: Leftovers
|-heal|p1a: Clockwork|371\/385|[from] item: Leftovers
|-damage|p2a: Rotom-Wash|246\/304 tox|[from] psn
|turn|7
|
|move|p1a: Clockwork|Protect|p1a: Clockwork
|-singleturn|p1a: Clockwork|Protect
|move|p2a: Rotom-Wash|Volt Switch|p1a: Clockwork
|-activate|p1a: Clockwork|Protect
|
|-heal|p2a: Rotom-Wash|265\/304 tox|[from] item: Leftovers
|-heal|p1a: Clockwork|385\/385|[from] item: Leftovers
|-damage|p2a: Rotom-Wash|227\/304 tox|[from] psn
|turn|8
|
|move|p2a: Rotom-Wash|Volt Switch|p1a: Clockwork
|-damage|p1a: Clockwork|322\/385
|
|switch|p2a: Gliscor|Gliscor, F|354\/354
|move|p1a: Clockwork|Lava Plume|p2a: Gliscor
|-damage|p2a: Gliscor|195\/354
|
|-heal|p1a: Clockwork|346\/385|[from] item: Leftovers
|-status|p2a: Gliscor|tox|[from] item: Toxic Orb
|turn|9
|
|switch|p1a: Crit Magnet|Mandibuzz, F|423\/423
|move|p2a: Gliscor|Roost|p2a: Gliscor
|-heal|p2a: Gliscor|354\/354 tox
|
|turn|10
|
|move|p2a: Gliscor|Taunt|p1a: Crit Magnet
|-start|p1a: Crit Magnet|move: Taunt
|move|p1a: Crit Magnet|Knock Off|p2a: Gliscor
|-damage|p2a: Gliscor|297\/354 tox
|-enditem|p2a: Gliscor|Toxic Orb|[from] move: Knock Off|[of] p1a: Crit Magnet
|
|-heal|p2a: Gliscor|341\/354 tox|[from] ability: Poison Heal
|turn|11
|
|move|p2a: Gliscor|Toxic|p1a: Crit Magnet
|-status|p1a: Crit Magnet|tox
|move|p1a: Crit Magnet|Foul Play|p2a: Gliscor
|-damage|p2a: Gliscor|260\/354 tox
|
|-heal|p2a: Gliscor|304\/354 tox|[from] ability: Poison Heal
|-damage|p1a: Crit Magnet|397\/423 tox|[from] psn
|turn|12
|
|move|p2a: Gliscor|Toxic|p1a: Crit Magnet
|-fail|p1a: Crit Magnet|tox
|move|p1a: Crit Magnet|Foul Play|p2a: Gliscor
|-damage|p2a: Gliscor|226\/354 tox
|
|-heal|p1a: Crit Magnet|423\/423 tox|[from] item: Leftovers
|-heal|p2a: Gliscor|270\/354 tox|[from] ability: Poison Heal
|-damage|p1a: Crit Magnet|371\/423 tox|[from] psn
|-end|p1a: Crit Magnet|move: Taunt
|turn|13
|
|switch|p1a: Water Bunny|Azumarill, F|404\/404
|move|p2a: Gliscor|Taunt|p1a: Water Bunny
|-start|p1a: Water Bunny|move: Taunt
|
|-heal|p2a: Gliscor|314\/354 tox|[from] ability: Poison Heal
|turn|14
|
|switch|p2a: Ferrothorn|Ferrothorn, M|300\/352
|switch|p1a: Vespertilio|Noivern, F|208\/311
|
|-heal|p2a: Ferrothorn|322\/352|[from] item: Leftovers
|turn|15
|
|move|p2a: Ferrothorn|Protect|p2a: Ferrothorn
|-singleturn|p2a: Ferrothorn|Protect
|move|p1a: Vespertilio|Flamethrower|p2a: Ferrothorn
|-activate|p2a: Ferrothorn|Protect
|
|-heal|p2a: Ferrothorn|344\/352|[from] item: Leftovers
|turn|16
|
|switch|p2a: Gliscor|Gliscor, F|314\/354 tox
|move|p1a: Vespertilio|Flamethrower|p2a: Gliscor
|-damage|p2a: Gliscor|149\/354 tox
|
|-heal|p2a: Gliscor|193\/354 tox|[from] ability: Poison Heal
|turn|17
|
|switch|p1a: Crit Magnet|Mandibuzz, F|371\/423 tox
|move|p2a: Gliscor|Roost|p2a: Gliscor
|-heal|p2a: Gliscor|354\/354 tox
|
|-heal|p1a: Crit Magnet|397\/423 tox|[from] item: Leftovers
|-damage|p1a: Crit Magnet|371\/423 tox|[from] psn
|turn|18
|
|switch|p1a: Ice Kyub|Kyurem-Black, shiny|391\/391
|-ability|p1a: Ice Kyub|Teravolt
|move|p2a: Gliscor|Taunt|p1a: Ice Kyub
|-start|p1a: Ice Kyub|move: Taunt
|
|turn|19
|
|switch|p2a: Ferrothorn|Ferrothorn, M|344\/352
|move|p1a: Ice Kyub|Ice Beam|p2a: Ferrothorn
|-damage|p2a: Ferrothorn|254\/352
|
|-heal|p2a: Ferrothorn|276\/352|[from] item: Leftovers
|turn|20
|
|switch|p1a: Clockwork|Heatran, M|346\/385
|move|p2a: Ferrothorn|Stealth Rock|p1a: Clockwork
|-sidestart|p1: Assaltwaffle|move: Stealth Rock
|
|-heal|p1a: Clockwork|370\/385|[from] item: Leftovers
|-heal|p2a: Ferrothorn|298\/352|[from] item: Leftovers
|turn|21
|
|switch|p2a: Gliscor|Gliscor, F|354\/354 tox
|move|p1a: Clockwork|Lava Plume|p2a: Gliscor
|-damage|p2a: Gliscor|203\/354 tox
|
|-heal|p1a: Clockwork|385\/385|[from] item: Leftovers
|-heal|p2a: Gliscor|247\/354 tox|[from] ability: Poison Heal
|turn|22
|
|move|p2a: Gliscor|Earthquake|p1a: Clockwork
|-crit|p1a: Clockwork
|-supereffective|p1a: Clockwork
|-damage|p1a: Clockwork|0 fnt
|faint|p1a: Clockwork
|
|-heal|p2a: Gliscor|291\/354 tox|[from] ability: Poison Heal
|
|switch|p1a: Ice Kyub|Kyurem-Black, shiny|391\/391
|-damage|p1a: Ice Kyub|294\/391|[from] Stealth Rock
|-ability|p1a: Ice Kyub|Teravolt
|turn|23
|c|âRedKingAlmighty|i honestly don't know if that mattered
|c|âAssaltwaffle|no
|c|âAssaltwaffle|im not defensive
|c|âRedKingAlmighty|ah
|c|âAssaltwaffle|well, physically
|
|switch|p2a: Ferrothorn|Ferrothorn, M|298\/352
|move|p1a: Ice Kyub|Ice Beam|p2a: Ferrothorn
|-damage|p2a: Ferrothorn|204\/352
|
|-heal|p2a: Ferrothorn|226\/352|[from] item: Leftovers
|turn|24
|
|move|p1a: Ice Kyub|Ice Beam|p2a: Ferrothorn
|-damage|p2a: Ferrothorn|135\/352
|move|p2a: Ferrothorn|Leech Seed|p1a: Ice Kyub
|-start|p1a: Ice Kyub|move: Leech Seed
|
|-heal|p2a: Ferrothorn|157\/352|[from] item: Leftovers
|-damage|p1a: Ice Kyub|246\/391|[from] Leech Seed|[of] p2a: Ferrothorn
|-heal|p2a: Ferrothorn|205\/352|[silent]
|turn|25
|
|switch|p1a: Crit Magnet|Mandibuzz, F|371\/423 tox
|-damage|p1a: Crit Magnet|266\/423 tox|[from] Stealth Rock
|move|p2a: Ferrothorn|Leech Seed|p1a: Crit Magnet
|-start|p1a: Crit Magnet|move: Leech Seed
|
|-heal|p1a: Crit Magnet|292\/423 tox|[from] item: Leftovers
|-heal|p2a: Ferrothorn|227\/352|[from] item: Leftovers
|-damage|p1a: Crit Magnet|240\/423 tox|[from] Leech Seed|[of] p2a: Ferrothorn
|-heal|p2a: Ferrothorn|279\/352|[silent]
|-damage|p1a: Crit Magnet|214\/423 tox|[from] psn
|turn|26
|
|move|p2a: Ferrothorn|Protect|p2a: Ferrothorn
|-singleturn|p2a: Ferrothorn|Protect
|move|p1a: Crit Magnet|Defog|p2a: Ferrothorn
|-activate|p2a: Ferrothorn|Protect
|
|-heal|p1a: Crit Magnet|240\/423 tox|[from] item: Leftovers
|-heal|p2a: Ferrothorn|301\/352|[from] item: Leftovers
|-damage|p1a: Crit Magnet|188\/423 tox|[from] Leech Seed|[of] p2a: Ferrothorn
|-heal|p2a: Ferrothorn|352\/352|[silent]
|-damage|p1a: Crit Magnet|136\/423 tox|[from] psn
|turn|27
|
|move|p1a: Crit Magnet|Defog|p2a: Ferrothorn
|-unboost|p2a: Ferrothorn|evasion|1
|-sideend|p1: Assaltwaffle|Stealth Rock|[from] move: Defog|[of] p1a: Crit Magnet
|move|p2a: Ferrothorn|Stealth Rock|p1a: Crit Magnet
|-sidestart|p1: Assaltwaffle|move: Stealth Rock
|
|-heal|p1a: Crit Magnet|162\/423 tox|[from] item: Leftovers
|-damage|p1a: Crit Magnet|110\/423 tox|[from] Leech Seed|[of] p2a: Ferrothorn
|-damage|p1a: Crit Magnet|32\/423 tox|[from] psn
|turn|28
|
|move|p1a: Crit Magnet|Knock Off|p2a: Ferrothorn
|-damage|p2a: Ferrothorn|292\/352
|-damage|p1a: Crit Magnet|0 fnt|[from] ability: Iron Barbs|[of] p2a: Ferrothorn
|faint|p1a: Crit Magnet
|move|p2a: Ferrothorn|Stealth Rock|p1: Crit Magnet
|-fail|p1: Crit Magnet
|
|-heal|p2a: Ferrothorn|314\/352|[from] item: Leftovers
|
|switch|p1a: Vespertilio|Noivern, F|208\/311
|-damage|p1a: Vespertilio|131\/311|[from] Stealth Rock
|turn|29
|
|move|p2a: Ferrothorn|Protect|p2a: Ferrothorn
|-singleturn|p2a: Ferrothorn|Protect
|move|p1a: Vespertilio|Hurricane|p2a: Ferrothorn
|-activate|p2a: Ferrothorn|Protect
|
|-heal|p2a: Ferrothorn|336\/352|[from] item: Leftovers
|turn|30
|
|switch|p2a: Rotom-Wash|Rotom-Wash|227\/304 tox
|move|p1a: Vespertilio|Hurricane|p2a: Rotom-Wash
|-resisted|p2a: Rotom-Wash
|-damage|p2a: Rotom-Wash|108\/304 tox
|
|-heal|p2a: Rotom-Wash|127\/304 tox|[from] item: Leftovers
|-damage|p2a: Rotom-Wash|108\/304 tox|[from] psn
|turn|31
|
|move|p1a: Vespertilio|Hurricane|p2a: Rotom-Wash
|-resisted|p2a: Rotom-Wash
|-damage|p2a: Rotom-Wash|0 fnt
|faint|p2a: Rotom-Wash
|
|c|âAssaltwaffle|tbh I underestimated you
|c|âRedKingAlmighty|yeah i get haxed a lot
|c|âAssaltwaffle|you are better than what I have come to expect from a 1400
|c|âRedKingAlmighty|thats why im sitting down int eh 1400s
|c|âAssaltwaffle|but dude, the match with doom was trash
|c|âRedKingAlmighty|tbh shoulda just gyro'd with ferro
|c|âRedKingAlmighty|ok
|c|âAssaltwaffle|I had it in the game multiple times
|c|âRedKingAlmighty|fair enough
|
|switch|p2a: Ferrothorn|Ferrothorn, M|336\/352
|turn|32
|
|move|p1a: Vespertilio|Hurricane|p2a: Ferrothorn|[miss]
|-miss|p1a: Vespertilio|p2a: Ferrothorn
|move|p2a: Ferrothorn|Gyro Ball|p1a: Vespertilio
|-damage|p1a: Vespertilio|0 fnt
|faint|p1a: Vespertilio
|
|-heal|p2a: Ferrothorn|352\/352|[from] item: Leftovers
|c|âRedKingAlmighty|hurricane is like focus miss crap ngl
|c|âRedKingAlmighty|i hate that
|c|âRedKingAlmighty|so much
|c|âAssaltwaffle|idk why so many moves are low accurary
|c|âRedKingAlmighty|they try to do power trade offs
|c|âAssaltwaffle|we need more EQs in the world
|
|switch|p1a: Water Bunny|Azumarill, F|404\/404
|-damage|p1a: Water Bunny|354\/404|[from] Stealth Rock
|turn|33
|c|âRedKingAlmighty|like surf or hydro pump
|c|âAssaltwaffle|that is game
|c|âAssaltwaffle|sigh.
|c|âAssaltwaffle|g
|c|âAssaltwaffle|g
|leave|Assaltwaffle
|player|p1
|c|âRedKingAlmighty|gg
|-message|Player 1 lost due to inactivity.
|
|win|RedKingAlmighty
|join|oh yes bae
|leave|oh yes bae