|join|RedKingAlmighty
|join|I ABR I
|join|Flan76
|player|p1|RedKingAlmighty|154
|player|p2|I ABR I|291
|gametype|singles
|gen|6
|tier|OU
|clearpoke
|poke|p1|Gengar, F, shiny
|poke|p1|Altaria, M
|poke|p1|Alomomola, M
|poke|p1|Hippowdon, F
|poke|p1|Ferrothorn, M
|poke|p1|Zapdos
|poke|p2|Azumarill, M
|poke|p2|Gothitelle, M
|poke|p2|Raikou
|poke|p2|Landorus-Therian, M
|poke|p2|Lopunny, F
|poke|p2|Mamoswine, M
|rule|Swagger Clause: Swagger is banned
|rule|Baton Pass Clause: Limit one PokÃ©mon knowing Baton Pass
|rule|Sleep Clause Mod: Limit one foe put to sleep
|rule|Species Clause: Limit one of each PokÃ©mon
|rule|OHKO Clause: OHKO moves are banned
|rule|Moody Clause: Moody is banned
|rule|Evasion Moves Clause: Evasion moves are banned
|rule|Endless Battle Clause: Forcing endless battles is banned
|rule|HP Percentage Mod: HP is shown in percentages
|teampreview
|c|âRedKingAlmighty|heh
|join|Ox the Fox
|c|âRedKingAlmighty|nice goth
|c|âRedKingAlmighty|heh.
|c|âI ABR I|same team O_O
|c|âRedKingAlmighty|yeah i want to test it
|join|millow
|c|âI ABR I|ok lets see
|c|âI ABR I|with alo n ferro gone mamo sweeps
|c|âI ABR I|nice
|c|âRedKingAlmighty|gl trapping ferro
|c|âI ABR I|and it takes no skill to trap!
|c|âRedKingAlmighty|heh
|
|start
|switch|p1a: Momo|Alomomola, M|476\/476
|switch|p2a: Gothitelle|Gothitelle, M|287\/287
|turn|1
|c| Flan76|what
|c|âI ABR I|lets see what a broken mon does!
|c| Flan76|yo that was way too risky to lead alom imo
|
|move|p2a: Gothitelle|Energy Ball|p1a: Momo
|-supereffective|p1a: Momo
|-damage|p1a: Momo|134\/476
|move|p1a: Momo|Toxic|p2a: Gothitelle
|-status|p2a: Gothitelle|tox
|
|-damage|p2a: Gothitelle|270\/287 tox|[from] psn
|turn|2
|c|âI ABR I|not broken at all!
|c|âRedKingAlmighty|heh
|c|âI ABR I|just get rid of the mon that counters my whole team
|c|âI ABR I|right!
|c|âRedKingAlmighty|thats lame
|c|âI ABR I|why the fuck isnt this getting suspected
|
|move|p2a: Gothitelle|Energy Ball|p1a: Momo
|-crit|p1a: Momo
|-supereffective|p1a: Momo
|-damage|p1a: Momo|0 fnt
|faint|p1a: Momo
|
|-damage|p2a: Gothitelle|236\/287 tox|[from] psn
|c|âRedKingAlmighty|b\/c it's massive
|c|âRedKingAlmighty|set up bait
|
|switch|p1a: Hitchcock|Altaria, M|353\/353
|-ability|p1a: Hitchcock|Cloud Nine
|turn|3
|c|âI ABR I|its obviously broken af lol
|c|âRedKingAlmighty|and the council only cares about offense
|c| Ox the Fox|Dont setup
|join|The TurtleLord
|c| Ox the Fox|setup
|c|âRedKingAlmighty|stfu Ox.
|
|switch|p2a: Landorus-Therian|Landorus-Therian, M|339\/339
|-ability|p2a: Landorus-Therian|Intimidate|[of] p1a: Hitchcock
|-unboost|p1a: Hitchcock|atk|1
|detailschange|p1a: Hitchcock|Altaria-Mega, M
|-mega|p1a: Hitchcock|Altaria|Altarianite
|move|p1a: Hitchcock|Return|p2a: Landorus-Therian
|-damage|p2a: Landorus-Therian|209\/339
|
|turn|4
|join|kratosmana
|c|âRedKingAlmighty|is that some wierd toxic set?
|c|âI ABR I|lets see
|
|move|p2a: Landorus-Therian|U-turn|p1a: Hitchcock
|-crit|p1a: Hitchcock
|-resisted|p1a: Hitchcock
|-damage|p1a: Hitchcock|310\/353
|join|Logic
|join|IAmGingy
|join|Tintorera
|join|the pdc show
|
|switch|p2a: Mamoswine|Mamoswine, M|361\/361
|move|p1a: Hitchcock|Dragon Dance|p1a: Hitchcock
|-boost|p1a: Hitchcock|atk|1
|-boost|p1a: Hitchcock|spe|1
|
|turn|5
|leave|the pdc show
|join|the pdc show
|c| the pdc show|hit it!
|
|move|p1a: Hitchcock|Return|p2a: Mamoswine
|-damage|p2a: Mamoswine|153\/361
|move|p2a: Mamoswine|Icicle Spear|p1a: Hitchcock
|-supereffective|p1a: Hitchcock
|-damage|p1a: Hitchcock|222\/353
|-supereffective|p1a: Hitchcock
|-damage|p1a: Hitchcock|136\/353
|-supereffective|p1a: Hitchcock
|-damage|p1a: Hitchcock|50\/353
|-hitcount|p1a: Hitchcock|3
|-damage|p2a: Mamoswine|117\/361|[from] item: Life Orb
|
|turn|6
|c| The TurtleLord|CLOUD SAYS no
|c|âRedKingAlmighty|ok not going to goth
|c| Ox the Fox|Why did u set up sl early ;_;
|join|SHOFU V POKEAIM
|c| Tintorera|hello honor
|c| Tintorera|abr = honor
|c| The TurtleLord|eq here like a man
|c|âI ABR I|no
|c| The TurtleLord|tbh
|
|switch|p1a: Stalagtite|Ferrothorn, M|352\/352
|move|p2a: Mamoswine|Ice Shard|p1a: Stalagtite
|-damage|p1a: Stalagtite|288\/352
|-damage|p2a: Mamoswine|81\/361|[from] item: Life Orb
|
|-heal|p1a: Stalagtite|310\/352|[from] item: Leftovers
|turn|7
|c| Flan76|he didnt need to double
|c| The TurtleLord|poor form
|c|âI ABR I|its ok the game is won
|join|the pdc show
|c| The TurtleLord|goth means
|c| The TurtleLord|you win
|c| kratosmana|hear my wish or my army of 50 men
|
|switch|p1a: Sleeper|Gengar, F, shiny|261\/261
|move|p2a: Mamoswine|Stealth Rock|p1a: Sleeper
|-sidestart|p1: RedKingAlmighty|move: Stealth Rock
|
|turn|8
|c| The TurtleLord|its ridiculous
|c| kratosmana|will come into this battle
|c| kratosmana|and spam they're ridiculous keks
|c| kratosmana|3.
|c| kratosmana|2.
|c| kratosmana|1.
|raw|<div class="broadcast-red"><b>Moderated chat was set to +!<\/b><br \/>Only users of rank + and higher can talk.<\/div>
|c|âRedKingAlmighty|lol jk
|join|king diggersby
|c|âI ABR I|bop
|join|IAMAGODAMA
|join|Ace567
|join|Jukain
|join|MewtwoFan6
|join|Sneeky Sky
|join|Hiryuku
|join|littlelucario
|join|CalemAgeRegression
|join|geekynolan
|c|âI ABR I|idk who
|join|SavageGaming
|join|Charizard333
|join|Ma$ter$hake(00)
|join|LMay
|join|pkmn fuking suks
|join|RS Meth
|c|âRedKingAlmighty|oh shit
|join|Annie Adderall
|join|Invok3r
|c|âI ABR I|wtf
|leave|SavageGaming
|c|âI ABR I|kratos
|join|TheJFrenzy1
|c|âRedKingAlmighty|he actually
|join|Meta48
|c|âI ABR I|sheesh
|join|ZBlack03
|c|âRedKingAlmighty|got people
|leave|Ace567
|join|coldgenisis
|c|+Logic|he wasnt lying
|leave|king diggersby
|c|âRedKingAlmighty|what did he do post in lobby?
|join|Moquito
|join|Kushalos
|leave|Charizard333
Flan76 was promoted to Room Voice by RedKingAlmighty.
|
|switch|p2a: Raikou|Raikou|327\/327
|-ability|p2a: Raikou|Pressure
|move|p1a: Sleeper|Shadow Ball|p2a: Raikou
|-damage|p2a: Raikou|198\/327
|-unboost|p2a: Raikou|spd|1
|-damage|p1a: Sleeper|235\/261|[from] item: Life Orb
|
|turn|9
|join|medslayer
|leave|geekynolan
|join|the Jaiho
|join|Wheezer
|leave|Invok3r
|leave|Meta48
|join|bigglesfc
|leave|coldgenisis
|c|+Jukain|ou room
|leave|Moquito
|c|âRedKingAlmighty|oh
|c|+Jukain|it's basically the same thing
|join|geekynolan
|
|switch|p1a: Gaia|Hippowdon, F|420\/420
|-damage|p1a: Gaia|394\/420|[from] Stealth Rock
|move|p2a: Raikou|Shadow Ball|p1a: Gaia
|-damage|p1a: Gaia|300\/420
|
|-heal|p1a: Gaia|326\/420|[from] item: Leftovers
|turn|10
|leave|bigglesfc
|c|âRedKingAlmighty|yeah at this point lol
|leave|Kushalos
|join|gobosox
|leave|Sneeky Sky
|leave|ZBlack03
|
|switch|p2a: Gothitelle|Gothitelle, M|236\/287 tox
|move|p1a: Gaia|Stealth Rock|p2a: Gothitelle
|-sidestart|p2: I ABR I|move: Stealth Rock
|
|-heal|p1a: Gaia|352\/420|[from] item: Leftovers
|-damage|p2a: Gothitelle|219\/287 tox|[from] psn
|turn|11
|leave|RS Meth
|c|âI ABR I|goth makes life too easy
|leave|the Jaiho
|leave|Flan76
|join|thecrimeman
|leave|Logic
|c|âRedKingAlmighty|idk can it even kill hippo?
|c|âRedKingAlmighty|even w\/ Eball
|leave|IAMAGODAMA
|c|âRedKingAlmighty|it's kinda weak
|leave|Hiryuku
|c|âI ABR I|nah ez
|
|move|p2a: Gothitelle|Energy Ball|p1a: Gaia
|-supereffective|p1a: Gaia
|-damage|p1a: Gaia|14\/420
|move|p1a: Gaia|Earthquake|p2a: Gothitelle
|-damage|p2a: Gothitelle|80\/287 tox
|
|-heal|p1a: Gaia|40\/420|[from] item: Leftovers
|-damage|p2a: Gothitelle|46\/287 tox|[from] psn
|turn|12
|c|âI ABR I|im specs uk
|
|move|p2a: Gothitelle|Energy Ball|p1a: Gaia
|-supereffective|p1a: Gaia
|-damage|p1a: Gaia|0 fnt
|faint|p1a: Gaia
|
|-damage|p2a: Gothitelle|0 fnt|[from] psn
|faint|p2a: Gothitelle
|c|âI ABR I|look at goth taking out 2 mons without effort
|c|âI ABR I|how fair
|
|switch|p2a: Lopunny|Lopunny, F|271\/271
|switch|p1a: Stalagtite|Ferrothorn, M|310\/352
|-damage|p2a: Lopunny|238\/271|[from] Stealth Rock
|-damage|p1a: Stalagtite|288\/352|[from] Stealth Rock
|turn|13
|c|âRedKingAlmighty|well nothing can really safely take out ferro now
|c|âRedKingAlmighty|thankfully
|c|âI ABR I|tru tru
|
|switch|p2a: Landorus-Therian|Landorus-Therian, M|209\/339
|-damage|p2a: Landorus-Therian|167\/339|[from] Stealth Rock
|-ability|p2a: Landorus-Therian|Intimidate|[of] p1a: Stalagtite
|-unboost|p1a: Stalagtite|atk|1
|move|p1a: Stalagtite|Gyro Ball|p2a: Landorus-Therian
|-damage|p2a: Landorus-Therian|43\/339
|
|-heal|p1a: Stalagtite|310\/352|[from] item: Leftovers
|turn|14
|c|âI ABR I|tbh
|c|âI ABR I|how do i even kill it
|c|âI ABR I|whoops
|leave|the pdc show
|c|âRedKingAlmighty|gl w\/ that
|c|âI ABR I|yea
|c|âI ABR I|lol
|
|switch|p1a: Rolling Thunder|Zapdos|383\/383
|-damage|p1a: Rolling Thunder|288\/383|[from] Stealth Rock
|-ability|p1a: Rolling Thunder|Pressure
|move|p2a: Landorus-Therian|Earthquake|p1a: Rolling Thunder
|-immune|p1a: Rolling Thunder|[msg]
|
|-heal|p1a: Rolling Thunder|311\/383|[from] item: Leftovers
|turn|15
|leave|IAmGingy
|leave|kratosmana
|c|âRedKingAlmighty|can u even kill zapdos?
|
|switch|p2a: Raikou|Raikou|198\/327
|-damage|p2a: Raikou|158\/327|[from] Stealth Rock
|-ability|p2a: Raikou|Pressure
|move|p1a: Rolling Thunder|Heat Wave|p2a: Raikou
|-damage|p2a: Raikou|99\/327
|-status|p2a: Raikou|brn
|
|-heal|p1a: Rolling Thunder|334\/383|[from] item: Leftovers
|-damage|p2a: Raikou|59\/327 brn|[from] brn
|turn|16
|leave|littlelucario
|c|âI ABR I|rip
|c|âI ABR I|i actually had a shot
|c|âI ABR I|w\/o dat crit
|join|notenoughpower
|c|âI ABR I|burn
|c|âI ABR I|*
|
|switch|p1a: Hitchcock|Altaria-Mega, M|50\/353
|-damage|p1a: Hitchcock|6\/353|[from] Stealth Rock
|move|p2a: Raikou|Volt Switch|p1a: Hitchcock
|-resisted|p1a: Hitchcock
|-damage|p1a: Hitchcock|0 fnt
|faint|p1a: Hitchcock
|join|PaulK618
|leave|Tintorera
|
|switch|p2a: Landorus-Therian|Landorus-Therian, M|43\/339
|-damage|p2a: Landorus-Therian|1\/339|[from] Stealth Rock
|
|leave|notenoughpower
|leave|CalemAgeRegression
|
|switch|p1a: Stalagtite|Ferrothorn, M|310\/352
|-damage|p1a: Stalagtite|288\/352|[from] Stealth Rock
|turn|17
|leave|Ma$ter$hake(00)
|
|move|p2a: Landorus-Therian|Explosion|p1a: Stalagtite
|-resisted|p1a: Stalagtite
|-damage|p1a: Stalagtite|177\/352
|faint|p2a: Landorus-Therian
|move|p1a: Stalagtite|Gyro Ball|p2: Landorus-Therian|[notarget]
|-notarget
|
|-heal|p1a: Stalagtite|199\/352|[from] item: Leftovers
|c|âRedKingAlmighty|lol
|c|âRedKingAlmighty|this isn't DPP
|c|âI ABR I|every1 runs explo now
|leave|Wheezer
|c|âRedKingAlmighty|i expected knock off tbh
|c|+Jukain|doesnt eq do more....
|c|+Jukain|lol
|c|âI ABR I|it doesnt hit zap or gar
|leave|Annie Adderall
|c|+Jukain|tru
|
|switch|p2a: Raikou|Raikou|59\/327 brn
|-damage|p2a: Raikou|19\/327 brn|[from] Stealth Rock
|-ability|p2a: Raikou|Pressure
|turn|18
|c|âI ABR I|lets get some tbolt damage
|leave|geekynolan
|
|switch|p1a: Rolling Thunder|Zapdos|334\/383
|-damage|p1a: Rolling Thunder|239\/383|[from] Stealth Rock
|-ability|p1a: Rolling Thunder|Pressure
|move|p2a: Raikou|Hidden Power|p1a: Rolling Thunder
|-damage|p1a: Rolling Thunder|163\/383
|
|-heal|p1a: Rolling Thunder|186\/383|[from] item: Leftovers
|-damage|p2a: Raikou|0 fnt|[from] brn
|faint|p2a: Raikou
|c|+Jukain|watch him switch
|c|+Jukain|:]
|c|âI ABR I|rip
|c|âRedKingAlmighty|what was that?
|c|+Jukain|LOL
|c|+Jukain|what hidden power
|c|âRedKingAlmighty|hp fire
|c|+Jukain|is that
|c|+Jukain|LOL
|c|+Jukain|HP FIRE
|c|âI ABR I|hp fire
|c|âI ABR I|lol
|c|âRedKingAlmighty|thats
|c|âRedKingAlmighty|so sad
|
|switch|p2a: Mamoswine|Mamoswine, M|81\/361
|-damage|p2a: Mamoswine|36\/361|[from] Stealth Rock
|turn|19
|c|âI ABR I|do u wanna revenge scizor
|c|âI ABR I|or no
|leave|MewtwoFan6
|c|âI ABR I|thats my question
|
|move|p2a: Mamoswine|Icicle Spear|p1a: Rolling Thunder
|-supereffective|p1a: Rolling Thunder
|-damage|p1a: Rolling Thunder|90\/383
|-supereffective|p1a: Rolling Thunder
|-damage|p1a: Rolling Thunder|0 fnt
|-hitcount|p1a: Rolling Thunder|2
|-damage|p2a: Mamoswine|0 fnt|[from] item: Life Orb
|faint|p1a: Rolling Thunder
|faint|p2a: Mamoswine
|
|c|âRedKingAlmighty|lol
|
|switch|p2a: Azumarill|Azumarill, M|352\/352
|switch|p1a: Stalagtite|Ferrothorn, M|199\/352
|-damage|p2a: Azumarill|308\/352|[from] Stealth Rock
|-damage|p1a: Stalagtite|177\/352|[from] Stealth Rock
|turn|20
|
|move|p2a: Azumarill|Knock Off|p1a: Stalagtite
|-damage|p1a: Stalagtite|70\/352
|-damage|p2a: Azumarill|264\/352|[from] ability: Iron Barbs|[of] p1a: Stalagtite
|-enditem|p1a: Stalagtite|Leftovers|[from] move: Knock Off|[of] p2a: Azumarill
|move|p1a: Stalagtite|Leech Seed|p2a: Azumarill
|-start|p2a: Azumarill|move: Leech Seed
|
|-damage|p2a: Azumarill|220\/352|[from] Leech Seed|[of] p1a: Stalagtite
|-heal|p1a: Stalagtite|114\/352|[silent]
|turn|21
|join|fingerscrossed
|leave|fingerscrossed
|
|move|p2a: Azumarill|Belly Drum|p2a: Azumarill
|-damage|p2a: Azumarill|44\/352
|-setboost|p2a: Azumarill|atk|6|[from] move: Belly Drum
|-enditem|p2a: Azumarill|Sitrus Berry|[eat]
|-heal|p2a: Azumarill|132\/352|[from] item: Sitrus Berry
|move|p1a: Stalagtite|Spikes|p2a: Azumarill
|-sidestart|p2: I ABR I|Spikes
|
|-damage|p2a: Azumarill|88\/352|[from] Leech Seed|[of] p1a: Stalagtite
|-heal|p1a: Stalagtite|158\/352|[silent]
|turn|22
|c|âRedKingAlmighty|wow
|c|âRedKingAlmighty|nice reveal
|c|âI ABR I|haha
|c|âI ABR I|i had drain on lop anyways
|c|âI ABR I|so no risks
|
|move|p2a: Azumarill|Knock Off|p1a: Stalagtite
|-damage|p1a: Stalagtite|0 fnt
|-damage|p2a: Azumarill|44\/352|[from] ability: Iron Barbs|[of] p1a: Stalagtite
|faint|p1a: Stalagtite
|
|c|âI ABR I|if u didnt kill me there i won
|c|âI ABR I|if u did kill me
|c|âI ABR I|u were low enough for drain
|
|switch|p1a: Sleeper|Gengar, F, shiny|235\/261
|-damage|p1a: Sleeper|203\/261|[from] Stealth Rock
|turn|23
|c|âI ABR I|bd azu too good
|c|âI ABR I|goth too broken
|raw|<div class="broadcast-blue"><b>Moderated chat was disabled!<\/b><br \/>Anyone may talk now.<\/div>
|c|âI ABR I|gg
|c|âRedKingAlmighty|gg
|
|move|p2a: Azumarill|Aqua Jet|p1a: Sleeper
|-damage|p1a: Sleeper|0 fnt
|faint|p1a: Sleeper
|
|win|I ABR I
|c| TheJFrenzy1|nice reveal at the end I ABR I
|leave|Ox the Fox
|c| TheJFrenzy1|:]
|leave|RedKingAlmighty
|player|p1
|c| TheJFrenzy1|g_g
|leave|TheJFrenzy1
|leave|medslayer
|leave|millow
|join|PoweredByRevenge
|leave|PoweredByRevenge