|join|WECAMEASROMANS
|join|RedKingAlmighty
|join|Ninety Nine
|join|SeventyFive
|join|Arcanine is Regal
|player|p1|WECAMEASROMANS|101
|player|p2|RedKingAlmighty|154
|gametype|singles
|gen|6
|tier|OU
|clearpoke
|poke|p1|Thundurus, M
|poke|p1|Tyranitar, F
|poke|p1|Excadrill, M
|poke|p1|Gyarados, M
|poke|p1|Keldeo
|poke|p1|Talonflame, M
|poke|p2|Landorus, M
|poke|p2|Keldeo
|poke|p2|Gliscor, M
|poke|p2|Alomomola, M
|poke|p2|Heatran, M
|poke|p2|Latios, M
|rule|Swagger Clause: Swagger is banned
|rule|Baton Pass Clause: Limit one PokÃ©mon knowing Baton Pass
|rule|Sleep Clause Mod: Limit one foe put to sleep
|rule|Species Clause: Limit one of each PokÃ©mon
|rule|OHKO Clause: OHKO moves are banned
|rule|Moody Clause: Moody is banned
|rule|Evasion Moves Clause: Evasion moves are banned
|rule|Endless Battle Clause: Forcing endless battles is banned
|rule|HP Percentage Mod: HP is shown in percentages
|teampreview
|c| SeventyFive|well hello there 99
|join|gizmo
|join|gyarad0site
|c|âWECAMEASROMANS|ima take a while for each move js
|c|âWECAMEASROMANS|cuz i have to narrate stuff
|c|âRedKingAlmighty|mmk
|c| gizmo|grats on bringing so many thundurus counters!
|join|squirrelll
|c| SeventyFive|and by so many
|c| SeventyFive|he means 0
|c|âRedKingAlmighty|no i've got this
|join|belgrade
|
|start
|switch|p1a: Thundurus|Thundurus, M|299\/299
|switch|p2a: Heatran|Heatran, M|323\/323
|turn|1
|join|Rawk Hawk
|
|move|p2a: Heatran|Fire Blast|p1a: Thundurus
|-damage|p1a: Thundurus|50\/299
|move|p1a: Thundurus|Focus Blast|p2a: Heatran
|-supereffective|p2a: Heatran
|-damage|p2a: Heatran|0 fnt
|-damage|p1a: Thundurus|21\/299|[from] item: Life Orb
|faint|p2a: Heatran
|
|c|âRedKingAlmighty|well fuck
|c|âRedKingAlmighty|k thats the best i've got
|
|switch|p2a: Momo|Alomomola, M|476\/476
|turn|2
|c| Arcanine is Regal|fair trade imo
|c|âRedKingAlmighty|thankfully i don't need heatran to check anything else on that team
|c|âRedKingAlmighty|or i'd have basically lost
|c|âRedKingAlmighty|wait
|c|âRedKingAlmighty|why the fuck
|c|âRedKingAlmighty|did i not run overheat on that tran
|
|move|p1a: Thundurus|Thunderbolt|p2a: Momo
|-supereffective|p2a: Momo
|-damage|p2a: Momo|47\/476
|-status|p2a: Momo|par
|-damage|p1a: Thundurus|0 fnt|[from] item: Life Orb
|faint|p1a: Thundurus
|move|p2a: Momo|Wish|p2a: Momo
|
|c|âRedKingAlmighty|ydtghgh
|c| Arcanine is Regal|I knew it would get the para lol
|c|âRedKingAlmighty|that was me headbutting my keyboard then pressing enter.
|c| Arcanine is Regal|like I woulda bet money
|c|âRedKingAlmighty|i hate myself so much right now
|c|âRedKingAlmighty|for not having overheat
|c|âRedKingAlmighty|thankfully other than bs para wish + regen has no devestating team consequences
|c|âRedKingAlmighty|also if wcar had run thunder there
|c|âRedKingAlmighty|i would have just forfeit
|c|âRedKingAlmighty|j\/s
|
|switch|p1a: Tyranitar|Tyranitar, F|404\/404
|-weather|Sandstorm
|turn|3
|
|move|p1a: Tyranitar|Stone Edge|p2a: Momo
|-damage|p2a: Momo|0 fnt
|faint|p2a: Momo
|
|-weather|Sandstorm|[upkeep]
|
|switch|p2a: Keldeo|Keldeo|323\/323
|turn|4
|leave|Arcanine is Regal
|
|switch|p1a: Keldeo|Keldeo|323\/323
|move|p2a: Keldeo|Scald|p1a: Keldeo
|-resisted|p1a: Keldeo
|-damage|p1a: Keldeo|208\/323
|
|-weather|Sandstorm|[upkeep]
|-damage|p1a: Keldeo|188\/323|[from] Sandstorm
|-damage|p2a: Keldeo|303\/323|[from] Sandstorm
|turn|5
|join|Dragonite VII
|
|move|p2a: Keldeo|Scald|p1a: Keldeo
|-resisted|p1a: Keldeo
|-damage|p1a: Keldeo|82\/323
|move|p1a: Keldeo|Icy Wind|p2a: Keldeo
|-resisted|p2a: Keldeo
|-damage|p2a: Keldeo|252\/323
|-unboost|p2a: Keldeo|spe|1
|
|-weather|Sandstorm|[upkeep]
|-damage|p1a: Keldeo|62\/323|[from] Sandstorm
|-damage|p2a: Keldeo|232\/323|[from] Sandstorm
|turn|6
|
|move|p1a: Keldeo|Icy Wind|p2a: Keldeo
|-resisted|p2a: Keldeo
|-damage|p2a: Keldeo|178\/323
|-unboost|p2a: Keldeo|spe|1
|move|p2a: Keldeo|Scald|p1a: Keldeo
|-resisted|p1a: Keldeo
|-damage|p1a: Keldeo|0 fnt
|faint|p1a: Keldeo
|
|-weather|Sandstorm|[upkeep]
|-damage|p2a: Keldeo|158\/323|[from] Sandstorm
|
|switch|p1a: Talonflame|Talonflame, M|320\/320
|turn|7
|join|leremyju
|
|switch|p2a: Landorus|Landorus, M|319\/319
|move|p1a: Talonflame|Brave Bird|p2a: Landorus
|-crit|p2a: Landorus
|-damage|p2a: Landorus|0 fnt
|-damage|p1a: Talonflame|215\/320|[from] recoil|[of] p2a: Landorus
|faint|p2a: Landorus
|
|-weather|Sandstorm|[upkeep]
|-damage|p1a: Talonflame|195\/320|[from] Sandstorm
|
|switch|p2a: Gliscor|Gliscor, M|354\/354
|turn|8
|c| leremyju|Oml
|
|switch|p1a: Tyranitar|Tyranitar, F|404\/404
|move|p2a: Gliscor|Taunt|p1a: Tyranitar
|-start|p1a: Tyranitar|move: Taunt
|
|-weather|Sandstorm|[upkeep]
|-status|p2a: Gliscor|tox|[from] item: Toxic Orb
|turn|9
|leave|leremyju
|
|switch|p2a: Keldeo|Keldeo|158\/323
|switch|p1a: Talonflame|Talonflame, M|195\/320
|
|-weather|Sandstorm|[upkeep]
|-damage|p1a: Talonflame|175\/320|[from] Sandstorm
|-damage|p2a: Keldeo|138\/323|[from] Sandstorm
|turn|10
|
|switch|p2a: Gliscor|Gliscor, M|354\/354 tox
|move|p1a: Talonflame|Brave Bird|p2a: Gliscor
|-damage|p2a: Gliscor|215\/354 tox
|-damage|p1a: Talonflame|129\/320|[from] recoil|[of] p2a: Gliscor
|
|-weather|none
|-heal|p2a: Gliscor|259\/354 tox|[from] ability: Poison Heal
|turn|11
|join|Yuttt.annual
|c| Yuttt.annual|WCAR or RKA
|c| Yuttt.annual|what evs
|c| Yuttt.annual|does mixed LO dnite run
|
|move|p1a: Talonflame|Brave Bird|p2a: Gliscor
|-damage|p2a: Gliscor|118\/354 tox
|-damage|p1a: Talonflame|82\/320|[from] recoil|[of] p2a: Gliscor
|move|p2a: Gliscor|Taunt|p1a: Talonflame
|-start|p1a: Talonflame|move: Taunt
|
|-heal|p2a: Gliscor|162\/354 tox|[from] ability: Poison Heal
|turn|12
|
|move|p1a: Talonflame|Brave Bird|p2a: Gliscor
|-damage|p2a: Gliscor|33\/354 tox
|-damage|p1a: Talonflame|39\/320|[from] recoil|[of] p2a: Gliscor
|move|p2a: Gliscor|Roost|p2a: Gliscor
|-heal|p2a: Gliscor|210\/354 tox
|
|-heal|p2a: Gliscor|254\/354 tox|[from] ability: Poison Heal
|turn|13
|
|switch|p1a: Tyranitar|Tyranitar, F|404\/404
|-weather|Sandstorm
|move|p2a: Gliscor|Roost|p2a: Gliscor
|-heal|p2a: Gliscor|354\/354 tox
|
|-weather|Sandstorm|[upkeep]
|turn|14
|leave|gizmo
|
|switch|p2a: Latios|Latios, M|302\/302
|move|p1a: Tyranitar|Ice Beam|p2a: Latios
|-supereffective|p2a: Latios
|-damage|p2a: Latios|172\/302
|
|-weather|Sandstorm|[upkeep]
|-damage|p2a: Latios|154\/302|[from] Sandstorm
|turn|15
|c| Yuttt.annual|thanks for the input guys ;_;
|c|âRedKingAlmighty|idk
|join|Bad Players
|
|move|p2a: Latios|Draco Meteor|p1a: Tyranitar
|-damage|p1a: Tyranitar|225\/404
|-unboost|p2a: Latios|spa|2
|-damage|p2a: Latios|124\/302|[from] item: Life Orb
|move|p1a: Tyranitar|Stealth Rock|p2a: Latios
|-sidestart|p2: RedKingAlmighty|move: Stealth Rock
|
|-weather|Sandstorm|[upkeep]
|-damage|p2a: Latios|106\/302|[from] Sandstorm
|turn|16
|join|l123
|leave|Yuttt.annual
|
|switch|p1a: Talonflame|Talonflame, M|39\/320
|move|p2a: Latios|Defog|p1a: Talonflame
|-unboost|p1a: Talonflame|evasion|1
|-sideend|p2: RedKingAlmighty|Stealth Rock|[from] move: Defog|[of] p2a: Latios
|
|-weather|Sandstorm|[upkeep]
|-damage|p1a: Talonflame|19\/320|[from] Sandstorm
|-damage|p2a: Latios|88\/302|[from] Sandstorm
|turn|17
|
|move|p1a: Talonflame|Swords Dance|p1a: Talonflame
|-boost|p1a: Talonflame|atk|2
|move|p2a: Latios|Draco Meteor|p1a: Talonflame
|-damage|p1a: Talonflame|0 fnt
|-unboost|p2a: Latios|spa|2
|-damage|p2a: Latios|58\/302|[from] item: Life Orb
|faint|p1a: Talonflame
|
|-weather|Sandstorm|[upkeep]
|-damage|p2a: Latios|40\/302|[from] Sandstorm
|
|switch|p1a: Gyarados|Gyarados, M|353\/353
|-ability|p1a: Gyarados|Intimidate|[of] p2a: Latios
|-unboost|p2a: Latios|atk|1
|turn|18
|
|detailschange|p1a: Gyarados|Gyarados-Mega, M
|-mega|p1a: Gyarados|Gyarados|Gyaradosite
|-ability|p1a: Gyarados|Mold Breaker
|move|p2a: Latios|Draco Meteor|p1a: Gyarados
|-damage|p1a: Gyarados|274\/353
|-unboost|p2a: Latios|spa|2
|-damage|p2a: Latios|10\/302|[from] item: Life Orb
|move|p1a: Gyarados|Dragon Dance|p1a: Gyarados
|-boost|p1a: Gyarados|atk|1
|-boost|p1a: Gyarados|spe|1
|
|-weather|Sandstorm|[upkeep]
|-damage|p1a: Gyarados|252\/353|[from] Sandstorm
|-damage|p2a: Latios|0 fnt|[from] Sandstorm
|faint|p2a: Latios
|
|switch|p2a: Keldeo|Keldeo|138\/323
|turn|19
|
|move|p1a: Gyarados|Earthquake|p2a: Keldeo
|-damage|p2a: Keldeo|0 fnt
|faint|p2a: Keldeo
|
|-weather|Sandstorm|[upkeep]
|-damage|p1a: Gyarados|230\/353|[from] Sandstorm
|c|âRedKingAlmighty|well thats that.
|c|âRedKingAlmighty|gg
|c|âWECAMEASROMANS|gg
|c|âRedKingAlmighty|i'm an idiot for not running overheat
|-message|RedKingAlmighty forfeited.
|
|win|WECAMEASROMANS
|c|âRedKingAlmighty|killed any chance i had at winning
|leave|RedKingAlmighty
|leave|squirrelll
|player|p2
|leave|Dragonite VII