|join|Reverb
|join|RedKingAlmighty
|c|âRedKingAlmighty|oh hey reverb
|join|Moony
|player|p1|Reverb|#reverb
|player|p2|RedKingAlmighty|92
|gametype|singles
|gen|6
|tier|OU
|rated
|clearpoke
|poke|p1|Lopunny, F
|poke|p1|Celebi
|poke|p1|Tyranitar, M
|poke|p1|Keldeo
|poke|p1|Landorus-Therian, M
|poke|p1|Empoleon, F
|poke|p2|Keldeo
|poke|p2|Metagross
|poke|p2|Latias, F
|poke|p2|Azumarill, M
|poke|p2|Landorus, M
|poke|p2|Garchomp, F
|rule|Swagger Clause: Swagger is banned
|rule|Baton Pass Clause: Limit one PokÃ©mon knowing Baton Pass
|rule|Sleep Clause Mod: Limit one foe put to sleep
|rule|Species Clause: Limit one of each PokÃ©mon
|rule|OHKO Clause: OHKO moves are banned
|rule|Moody Clause: Moody is banned
|rule|Evasion Moves Clause: Evasion moves are banned
|rule|Endless Battle Clause: Forcing endless battles is banned
|rule|HP Percentage Mod: HP is shown in percentages
|teampreview
|join|StarkGod
|c|âReverb|mhm
|
|start
|switch|p1a: Keldeo|Keldeo|323\/323
|switch|p2a: Landorus|Landorus, M|319\/319
|turn|1
|
|switch|p2a: Keldeo|Keldeo|323\/323
|move|p1a: Keldeo|Icy Wind|p2a: Keldeo
|-crit|p2a: Keldeo
|-resisted|p2a: Keldeo
|-damage|p2a: Keldeo|242\/323
|-unboost|p2a: Keldeo|spe|1
|
|turn|2
|join|An IncognitoTuxedo
|
|switch|p1a: Celebi|Celebi|404\/404
|switch|p2a: Landorus|Landorus, M|319\/319
|
|turn|3
|
|switch|p1a: Landorus-Therian|Landorus-Therian, M|327\/327
|-ability|p1a: Landorus-Therian|Intimidate|[of] p2a: Landorus
|-unboost|p2a: Landorus|atk|1
|move|p2a: Landorus|Stealth Rock|p1a: Landorus-Therian
|-sidestart|p1: Reverb|move: Stealth Rock
|
|turn|4
|
|move|p1a: Landorus-Therian|U-turn|p2a: Landorus
|-resisted|p2a: Landorus
|-damage|p2a: Landorus|271\/319
|
|switch|p1a: Celebi|Celebi|404\/404
|-damage|p1a: Celebi|354\/404|[from] Stealth Rock
|move|p2a: Landorus|Knock Off|p1a: Celebi
|-supereffective|p1a: Celebi
|-damage|p1a: Celebi|195\/404
|-enditem|p1a: Celebi|Leftovers|[from] move: Knock Off|[of] p2a: Landorus
|-damage|p2a: Landorus|240\/319|[from] item: Life Orb
|
|turn|5
|
|switch|p2a: Metagross|Metagross|302\/302
|move|p1a: Celebi|Recover|p1a: Celebi
|-heal|p1a: Celebi|397\/404
|
|turn|6
|
|detailschange|p2a: Metagross|Metagross-Mega
|-mega|p2a: Metagross|Metagross|Metagrossite
|move|p2a: Metagross|Meteor Mash|p1a: Celebi
|-damage|p1a: Celebi|171\/404
|move|p1a: Celebi|Thunder Wave|p2a: Metagross
|-status|p2a: Metagross|par
|
|turn|7
|c|âRedKingAlmighty|fuuuuuuuuuuuuck
|
|move|p1a: Celebi|Recover|p1a: Celebi
|-heal|p1a: Celebi|373\/404
|move|p2a: Metagross|Hammer Arm|p1a: Celebi|[miss]
|-miss|p2a: Metagross|p1a: Celebi
|
|turn|8
|c|âRedKingAlmighty|lol
|c|âRedKingAlmighty|worth a shot
|c| An IncognitoTuxedo|t-wave celebi
|
|move|p1a: Celebi|Baton Pass|p1a: Celebi
|c| An IncognitoTuxedo|why
|
|switch|p1a: Empoleon|Empoleon, F|371\/371
|-damage|p1a: Empoleon|348\/371|[from] Stealth Rock
|cant|p2a: Metagross|par
|
|-heal|p1a: Empoleon|371\/371|[from] item: Leftovers
|turn|9
|c|âReverb|metagross
|c|âRedKingAlmighty|fuck metagross apparently
|join|The Ess of Johan
|
|move|p1a: Empoleon|Defog|p2a: Metagross
|-unboost|p2a: Metagross|evasion|1
|-sideend|p1: Reverb|Stealth Rock|[from] move: Defog|[of] p1a: Empoleon
|move|p2a: Metagross|Hammer Arm|p1a: Empoleon
|-supereffective|p1a: Empoleon
|-damage|p1a: Empoleon|123\/371
|-unboost|p2a: Metagross|spe|1
|
|-heal|p1a: Empoleon|146\/371|[from] item: Leftovers
|turn|10
|join|Avarice87
|c| StarkGod|hmm
|
|switch|p2a: Landorus|Landorus, M|240\/319
|move|p1a: Empoleon|Stealth Rock|p2a: Landorus
|-sidestart|p2: RedKingAlmighty|move: Stealth Rock
|
|-heal|p1a: Empoleon|169\/371|[from] item: Leftovers
|turn|11
|c|âRedKingAlmighty|ah fuck
|
|move|p2a: Landorus|Stealth Rock|p1a: Empoleon
|-sidestart|p1: Reverb|move: Stealth Rock
|move|p1a: Empoleon|Scald|p2a: Landorus
|-crit|p2a: Landorus
|-supereffective|p2a: Landorus
|-damage|p2a: Landorus|0 fnt
|faint|p2a: Landorus
|
|-heal|p1a: Empoleon|192\/371|[from] item: Leftovers
|c|âRedKingAlmighty|expected lando t
|c| An IncognitoTuxedo|the plays
|
|switch|p2a: Keldeo|Keldeo|242\/323
|-damage|p2a: Keldeo|222\/323|[from] Stealth Rock
|turn|12
|
|switch|p1a: Celebi|Celebi|373\/404
|-damage|p1a: Celebi|323\/404|[from] Stealth Rock
|move|p2a: Keldeo|Secret Sword|p1a: Celebi
|-resisted|p1a: Celebi
|-damage|p1a: Celebi|204\/404
|
|turn|13
|
|switch|p2a: Metagross|Metagross-Mega|302\/302 par
|-damage|p2a: Metagross|284\/302 par|[from] Stealth Rock
|move|p1a: Celebi|Recover|p1a: Celebi
|-heal|p1a: Celebi|404\/404
|
|turn|14
|
|move|p1a: Celebi|Baton Pass|p1a: Celebi
|
|switch|p1a: Empoleon|Empoleon, F|192\/371
|-damage|p1a: Empoleon|169\/371|[from] Stealth Rock
|move|p2a: Metagross|Meteor Mash|p1a: Empoleon
|-resisted|p1a: Empoleon
|-damage|p1a: Empoleon|121\/371
|
|-heal|p1a: Empoleon|144\/371|[from] item: Leftovers
|turn|15
|
|move|p1a: Empoleon|Defog|p2a: Metagross
|-unboost|p2a: Metagross|evasion|1
|-sideend|p2: RedKingAlmighty|Stealth Rock|[from] move: Defog|[of] p2a: Metagross
|-sideend|p1: Reverb|Stealth Rock|[from] move: Defog|[of] p1a: Empoleon
|move|p2a: Metagross|Hammer Arm|p1a: Empoleon
|-supereffective|p1a: Empoleon
|-damage|p1a: Empoleon|0 fnt
|-unboost|p2a: Metagross|spe|1
|faint|p1a: Empoleon
|
|
|switch|p1a: Tyranitar|Tyranitar, M|383\/383
|-weather|Sandstorm
|turn|16
|
|switch|p2a: Keldeo|Keldeo|222\/323
|move|p1a: Tyranitar|Crunch|p2a: Keldeo
|-resisted|p2a: Keldeo
|-damage|p2a: Keldeo|91\/323
|-boost|p2a: Keldeo|atk|1|[from] ability: Justified
|
|-weather|Sandstorm|[upkeep]
|-damage|p2a: Keldeo|71\/323|[from] sandstorm
|turn|17
|
|switch|p1a: Celebi|Celebi|404\/404
|move|p2a: Keldeo|Hydro Pump|p1a: Celebi|[miss]
|-miss|p2a: Keldeo|p1a: Celebi
|
|-weather|Sandstorm|[upkeep]
|-damage|p2a: Keldeo|51\/323|[from] sandstorm
|-damage|p1a: Celebi|379\/404|[from] sandstorm
|turn|18
|
|move|p2a: Keldeo|Hydro Pump|p1a: Celebi|[miss]
|-miss|p2a: Keldeo|p1a: Celebi
|move|p1a: Celebi|Baton Pass|p1a: Celebi
|c|âRedKingAlmighty|i don't think i can break celebi
|
|switch|p1a: Landorus-Therian|Landorus-Therian, M|327\/327
|-ability|p1a: Landorus-Therian|Intimidate|[of] p2a: Keldeo
|-unboost|p2a: Keldeo|atk|1
|
|-weather|Sandstorm|[upkeep]
|-damage|p2a: Keldeo|31\/323|[from] sandstorm
|turn|19
|c|âRedKingAlmighty|idk what mob sees in this team
|c| Avarice87|Yeah Celebi is certainly a threat
|
|move|p1a: Landorus-Therian|U-turn|p2a: Keldeo
|-resisted|p2a: Keldeo
|-damage|p2a: Keldeo|0 fnt
|faint|p2a: Keldeo
|c| An IncognitoTuxedo|sludge wave lando-I?
|c| An IncognitoTuxedo|maybe?
|
|switch|p1a: Lopunny|Lopunny, F|271\/271
|
|-weather|Sandstorm|[upkeep]
|-damage|p1a: Lopunny|255\/271|[from] sandstorm
|c|âRedKingAlmighty|i mean i basically lose, all the threats on my team flat out lose to twave celebi
|c| An IncognitoTuxedo|\/\/forfeit
|
|switch|p2a: Garchomp|Garchomp, F|357\/357
|turn|20
|
|detailschange|p1a: Lopunny|Lopunny-Mega, F
|-mega|p1a: Lopunny|Lopunny|Lopunnite
|move|p2a: Garchomp|Dragon Claw|p1a: Lopunny
|-damage|p1a: Lopunny|99\/271
|move|p1a: Lopunny|Ice Punch|p2a: Garchomp
|-supereffective|p2a: Garchomp
|-damage|p2a: Garchomp|0 fnt
|-damage|p1a: Lopunny|66\/271|[from] ability: Rough Skin|[of] p2a: Garchomp
|faint|p2a: Garchomp
|
|-weather|none
|
|switch|p2a: Azumarill|Azumarill, M|381\/381
|turn|21
|
|switch|p1a: Landorus-Therian|Landorus-Therian, M|327\/327
|-ability|p1a: Landorus-Therian|Intimidate|[of] p2a: Azumarill
|-unboost|p2a: Azumarill|atk|1
|move|p2a: Azumarill|Aqua Jet|p1a: Landorus-Therian
|-crit|p1a: Landorus-Therian
|-supereffective|p1a: Landorus-Therian
|-damage|p1a: Landorus-Therian|25\/327
|
|turn|22
|
|switch|p1a: Celebi|Celebi|379\/404
|move|p2a: Azumarill|Aqua Jet|p1a: Celebi
|-resisted|p1a: Celebi
|-damage|p1a: Celebi|351\/404
|
|turn|23
|
|switch|p2a: Latias|Latias, F|320\/320
|move|p1a: Celebi|Psychic|p2a: Latias
|-resisted|p2a: Latias
|-damage|p2a: Latias|280\/320
|
|turn|24
|
|switch|p1a: Tyranitar|Tyranitar, M|383\/383
|-weather|Sandstorm
|move|p2a: Latias|Draco Meteor|p1a: Tyranitar
|-damage|p1a: Tyranitar|202\/383
|-unboost|p2a: Latias|spa|2
|-damage|p2a: Latias|248\/320|[from] item: Life Orb
|
|-weather|Sandstorm|[upkeep]
|-damage|p2a: Latias|228\/320|[from] sandstorm
|turn|25
|
|move|p2a: Latias|Healing Wish|p2a: Latias
|faint|p2a: Latias
|move|p1a: Tyranitar|Pursuit|p2: Latias|[notarget]
|-notarget
|
|-weather|Sandstorm|[upkeep]
|leave|An IncognitoTuxedo
|
|switch|p2a: Metagross|Metagross-Mega|284\/302 par
|-heal|p2a: Metagross|302\/302|[from] move: Healing Wish
|turn|26
|
|switch|p1a: Landorus-Therian|Landorus-Therian, M|25\/327
|-ability|p1a: Landorus-Therian|Intimidate|[of] p2a: Metagross
|-unboost|p2a: Metagross|atk|1
|move|p2a: Metagross|Meteor Mash|p1a: Landorus-Therian
|-damage|p1a: Landorus-Therian|0 fnt
|faint|p1a: Landorus-Therian
|
|-weather|Sandstorm|[upkeep]
|join|KC Pyroars - Alt
|
|switch|p1a: Celebi|Celebi|351\/404
|turn|27
|
|move|p2a: Metagross|Meteor Mash|p1a: Celebi
|-damage|p1a: Celebi|204\/404
|move|p1a: Celebi|Thunder Wave|p2a: Metagross
|-status|p2a: Metagross|par
|
|-weather|Sandstorm|[upkeep]
|-damage|p1a: Celebi|179\/404|[from] sandstorm
|turn|28
|
|move|p1a: Celebi|Recover|p1a: Celebi
|-heal|p1a: Celebi|381\/404
|move|p2a: Metagross|Meteor Mash|p1a: Celebi
|-damage|p1a: Celebi|227\/404
|
|-weather|none
|turn|29
|c|âRedKingAlmighty|comon
|c|âRedKingAlmighty|20%
|c|âRedKingAlmighty|pull through
|
|move|p1a: Celebi|Baton Pass|p1a: Celebi
|
|switch|p1a: Keldeo|Keldeo|323\/323
|move|p2a: Metagross|Meteor Mash|p1a: Keldeo
|-resisted|p1a: Keldeo
|-damage|p1a: Keldeo|239\/323
|-boost|p2a: Metagross|atk|1
|
|turn|30
|
|switch|p2a: Azumarill|Azumarill, M|381\/381
|move|p1a: Keldeo|Scald|p2a: Azumarill
|-resisted|p2a: Azumarill
|-damage|p2a: Azumarill|252\/381
|
|turn|31
|
|move|p1a: Keldeo|Scald|p2a: Azumarill
|-resisted|p2a: Azumarill
|-damage|p2a: Azumarill|118\/381
|-enditem|p2a: Azumarill|Sitrus Berry|[eat]
|-heal|p2a: Azumarill|213\/381|[from] item: Sitrus Berry
|move|p2a: Azumarill|Play Rough|p1a: Keldeo
|-supereffective|p1a: Keldeo
|-damage|p1a: Keldeo|0 fnt
|faint|p1a: Keldeo
|
|
|switch|p1a: Lopunny|Lopunny-Mega, F|66\/271
|turn|32
|
|move|p1a: Lopunny|Fake Out|p2a: Azumarill
|-damage|p2a: Azumarill|119\/381
|cant|p2a: Azumarill|flinch
|
|turn|33
|c| Avarice87|King are you a tech guy?
|c| Avarice87|I need help
|c|âRedKingAlmighty|not really
|c| Avarice87|okay
|c| Avarice87|I'll call Saul
|c| Avarice87|Get it?
|c| Avarice87|Breaking Bad
|
|switch|p1a: Celebi|Celebi|227\/404
|move|p2a: Azumarill|Aqua Jet|p1a: Celebi
|-resisted|p1a: Celebi
|-damage|p1a: Celebi|187\/404
|
|turn|34
|
|move|p1a: Celebi|Psychic|p2a: Azumarill
|-damage|p2a: Azumarill|0 fnt
|faint|p2a: Azumarill
|
|c|âRedKingAlmighty|so uhm
|
|switch|p2a: Metagross|Metagross-Mega|302\/302 par
|turn|35
|c|âRedKingAlmighty|if ttar doesn't kill me
|c|âReverb|do you have bp lol?
|c|âRedKingAlmighty|bp sweep?
|c|âRedKingAlmighty|lol nah
|c|âRedKingAlmighty|i wish i had it
|-message|RedKingAlmighty forfeited.
|c|âReverb|gg
|
|win|Reverb
|raw|Ladder updating...
|c|âRedKingAlmighty|gg
|c|âRedKingAlmighty|ugh
|raw|Reverb's rating: 1626 &rarr; <strong>1642<\/strong><br \/>(+16 for winning)
|raw|RedKingAlmighty's rating: 1543 &rarr; <strong>1528<\/strong><br \/>(-15 for losing)
|c|âRedKingAlmighty|fucking celebi
|leave|Moony