|join|RedKingAlmighty
|join|JC Frost
|player|p1|RedKingAlmighty|92
|player|p2|JC Frost|147
|gametype|singles
|gen|6
|tier|OU
|rated
|clearpoke
|poke|p1|Hydreigon, F
|poke|p1|Metagross
|poke|p1|Keldeo
|poke|p1|Tyranitar, F
|poke|p1|Landorus-Therian, M
|poke|p1|Starmie
|poke|p2|Skarmory, M
|poke|p2|Crawdaunt, M
|poke|p2|Bisharp, F
|poke|p2|Victini
|poke|p2|Zapdos, shiny
|poke|p2|Diggersby, M
|rule|Swagger Clause: Swagger is banned
|rule|Baton Pass Clause: Limit one PokÃ©mon knowing Baton Pass
|rule|Sleep Clause Mod: Limit one foe put to sleep
|rule|Species Clause: Limit one of each PokÃ©mon
|rule|OHKO Clause: OHKO moves are banned
|rule|Moody Clause: Moody is banned
|rule|Evasion Moves Clause: Evasion moves are banned
|rule|Endless Battle Clause: Forcing endless battles is banned
|rule|HP Percentage Mod: HP is shown in percentages
|teampreview
|c|âRedKingAlmighty|beep bepp
|c|âRedKingAlmighty|dreigon coming through
|c|âJC Frost|lol
|
|start
|switch|p1a: Starmie|Starmie|324\/324
|switch|p2a: Skarmory|Skarmory, M|334\/334
|turn|1
|
|move|p1a: Starmie|Scald|p2a: Skarmory
|-damage|p2a: Skarmory|193\/334
|-enditem|p2a: Skarmory|Red Card|[of] p1a: Starmie
|drag|p1a: Metagross|Metagross|302\/302
|move|p2a: Skarmory|Stealth Rock|p1a: Metagross
|-sidestart|p1: RedKingAlmighty|move: Stealth Rock
|
|turn|2
|join|Demandred
|
|switch|p1a: Starmie|Starmie|324\/324
|-damage|p1a: Starmie|284\/324|[from] Stealth Rock
|move|p2a: Skarmory|Tailwind|p2a: Skarmory
|-sidestart|p2: JC Frost|move: Tailwind
|
|-heal|p1a: Starmie|304\/324|[from] item: Leftovers
|turn|3
|
|switch|p2a: Bisharp|Bisharp, F|272\/272
|move|p1a: Starmie|Rapid Spin|p2a: Bisharp
|-resisted|p2a: Bisharp
|-damage|p2a: Bisharp|267\/272
|-sideend|p1: RedKingAlmighty|Stealth Rock|[from] move: Rapid Spin|[of] p1a: Starmie
|
|-heal|p1a: Starmie|324\/324|[from] item: Leftovers
|turn|4
|join|Justin 51
|
|switch|p1a: Keldeo|Keldeo|324\/324
|move|p2a: Bisharp|Aerial Ace|p1a: Keldeo
|-supereffective|p1a: Keldeo
|-damage|p1a: Keldeo|87\/324
|-damage|p2a: Bisharp|240\/272|[from] item: Life Orb
|
|-heal|p1a: Keldeo|107\/324|[from] item: Leftovers
|turn|5
|c|âRedKingAlmighty|lol
|c| Justin 51|that's next level
|c|âRedKingAlmighty|bro
|c|âRedKingAlmighty|psycho cut
|c|âRedKingAlmighty|exists
|c|âRedKingAlmighty|if you're going to innov8 do it right
|c|âRedKingAlmighty|n00b
|
|switch|p1a: Tyranitar|Tyranitar, F|341\/341
|-weather|Sandstorm
|move|p2a: Bisharp|Knock Off|p1a: Tyranitar
|-resisted|p1a: Tyranitar
|-damage|p1a: Tyranitar|224\/341
|-enditem|p1a: Tyranitar|Choice Scarf|[from] move: Knock Off|[of] p2a: Bisharp
|-damage|p2a: Bisharp|213\/272|[from] item: Life Orb
|
|-weather|Sandstorm|[upkeep]
|-sideend|p2: JC Frost|move: Tailwind
|turn|6
|c|âRedKingAlmighty|be jolly
|c|âRedKingAlmighty|suprise me
|
|switch|p2a: Skarmory|Skarmory, M|193\/334
|move|p1a: Tyranitar|Stone Edge|p2a: Skarmory
|-damage|p2a: Skarmory|54\/334
|
|-weather|Sandstorm|[upkeep]
|turn|7
|
|move|p2a: Skarmory|Tailwind|p2a: Skarmory
|-sidestart|p2: JC Frost|move: Tailwind
|move|p1a: Tyranitar|Pursuit|p2a: Skarmory
|-damage|p2a: Skarmory|0 fnt
|faint|p2a: Skarmory
|
|-weather|Sandstorm|[upkeep]
|
|switch|p2a: Crawdaunt|Crawdaunt, M|267\/267
|turn|8
|
|move|p2a: Crawdaunt|Crabhammer|p1a: Tyranitar
|-supereffective|p1a: Tyranitar
|-damage|p1a: Tyranitar|0 fnt
|-damage|p2a: Crawdaunt|241\/267|[from] item: Life Orb
|faint|p1a: Tyranitar
|
|-weather|Sandstorm|[upkeep]
|-damage|p2a: Crawdaunt|225\/267|[from] sandstorm
|
|switch|p1a: Hydreigon|Hydreigon, F|325\/325
|turn|9
|join|Origoomy
|
|move|p2a: Crawdaunt|Swords Dance|p2a: Crawdaunt
|-boost|p2a: Crawdaunt|atk|2
|move|p1a: Hydreigon|Draco Meteor|p2a: Crawdaunt
|-damage|p2a: Crawdaunt|0 fnt
|-unboost|p1a: Hydreigon|spa|2
|-damage|p1a: Hydreigon|293\/325|[from] item: Life Orb
|faint|p2a: Crawdaunt
|
|-weather|none
|c|âJC Frost|waaaaat
|c|âJC Frost|I clicked knoc off
|c|âRedKingAlmighty|rekt
|leave|Origoomy
|
|switch|p2a: Diggersby|Diggersby, M|311\/311
|turn|10
|
|switch|p1a: Landorus-Therian|Landorus-Therian, M|382\/382
|-ability|p1a: Landorus-Therian|Intimidate|[of] p2a: Diggersby
|-unboost|p2a: Diggersby|atk|1
|move|p2a: Diggersby|Return|p1a: Landorus-Therian
|-damage|p1a: Landorus-Therian|231\/382
|
|-heal|p1a: Landorus-Therian|254\/382|[from] item: Leftovers
|-sideend|p2: JC Frost|move: Tailwind
|turn|11
|
|move|p2a: Diggersby|Swords Dance|p2a: Diggersby
|-boost|p2a: Diggersby|atk|2
|move|p1a: Landorus-Therian|Stealth Rock|p2a: Diggersby
|-sidestart|p2: JC Frost|move: Stealth Rock
|
|-heal|p1a: Landorus-Therian|277\/382|[from] item: Leftovers
|turn|12
|c|âRedKingAlmighty|lol
|
|move|p2a: Diggersby|Return|p1a: Landorus-Therian
|-damage|p1a: Landorus-Therian|0 fnt
|faint|p1a: Landorus-Therian
|
|c|âJC Frost|lol
|
|switch|p1a: Starmie|Starmie|324\/324
|turn|13
|
|move|p2a: Diggersby|Quick Attack|p1a: Starmie
|-damage|p1a: Starmie|131\/324
|move|p1a: Starmie|Scald|p2a: Diggersby
|-supereffective|p2a: Diggersby
|-damage|p2a: Diggersby|53\/311
|
|-heal|p1a: Starmie|151\/324|[from] item: Leftovers
|turn|14
|
|move|p2a: Diggersby|Quick Attack|p1a: Starmie
|-damage|p1a: Starmie|0 fnt
|faint|p1a: Starmie
|
|
|switch|p1a: Metagross|Metagross|302\/302
|turn|15
|
|detailschange|p1a: Metagross|Metagross-Mega
|-mega|p1a: Metagross|Metagross|Metagrossite
|move|p1a: Metagross|Bullet Punch|p2a: Diggersby
|-crit|p2a: Diggersby
|-damage|p2a: Diggersby|0 fnt
|faint|p2a: Diggersby
|
|
|switch|p2a: Zapdos|Zapdos, shiny|380\/380
|-damage|p2a: Zapdos|285\/380|[from] Stealth Rock
|-ability|p2a: Zapdos|Pressure
|turn|16
|
|move|p1a: Metagross|Zen Headbutt|p2a: Zapdos
|-damage|p2a: Zapdos|107\/380
|move|p2a: Zapdos|Tailwind|p2a: Zapdos
|-sidestart|p2: JC Frost|move: Tailwind
|
|-heal|p2a: Zapdos|130\/380|[from] item: Leftovers
|turn|17
|
|move|p2a: Zapdos|Heat Wave|p1a: Metagross
|-miss|p2a: Zapdos|p1a: Metagross
|move|p1a: Metagross|Zen Headbutt|p2a: Zapdos
|-damage|p2a: Zapdos|0 fnt
|faint|p2a: Zapdos
|
|
|switch|p2a: Victini|Victini|382\/382
|-damage|p2a: Victini|287\/382|[from] Stealth Rock
|turn|18
|
|switch|p1a: Keldeo|Keldeo|107\/324
|move|p2a: Victini|V-create|p1a: Keldeo
|-resisted|p1a: Keldeo
|-damage|p1a: Keldeo|0 fnt
|-unboost|p2a: Victini|def|1
|-unboost|p2a: Victini|spd|1
|-unboost|p2a: Victini|spe|1
|faint|p1a: Keldeo
|
|
|switch|p1a: Hydreigon|Hydreigon, F|293\/325
|turn|19
|leave|Justin 51
|
|move|p2a: Victini|V-create|p1a: Hydreigon
|-resisted|p1a: Hydreigon
|-damage|p1a: Hydreigon|17\/325
|-unboost|p2a: Victini|def|1
|-unboost|p2a: Victini|spd|1
|-unboost|p2a: Victini|spe|1
|move|p1a: Hydreigon|Draco Meteor|p2a: Victini
|-damage|p2a: Victini|0 fnt
|-unboost|p1a: Hydreigon|spa|2
|-damage|p1a: Hydreigon|0 fnt|[from] item: Life Orb
|faint|p2a: Victini
|faint|p1a: Hydreigon
|
|-sideend|p2: JC Frost|move: Tailwind
|c|âRedKingAlmighty|gg
|
|switch|p1a: Metagross|Metagross-Mega|302\/302
|switch|p2a: Bisharp|Bisharp, F|213\/272
|-damage|p2a: Bisharp|196\/272|[from] Stealth Rock
|turn|20
|c|âRedKingAlmighty|bring taunt defense
|c|âRedKingAlmighty|if somebody leads with say, heatran
|c|âRedKingAlmighty|u get fucked
|c|âJC Frost|what do you think skarm has ;)
|c|âRedKingAlmighty|not enough to outspeed timid tran
|c|âRedKingAlmighty|lol
|c|âRedKingAlmighty|air balloon
|c|âRedKingAlmighty|offensive taunt tran
|c|âJC Frost|sturdy
|c|âJC Frost|red card
|c|âRedKingAlmighty|dude
|c|âRedKingAlmighty|u get taunted.
|c|âRedKingAlmighty|and then skarmory is useless
|c|âJC Frost|I run max speed skarm
|c|âRedKingAlmighty|!dt skarmory
|c|~|\/data-pokemon Skarmory
|raw|<font size="1"><font color=#585858>Dex#:<\/font> 227&nbsp;|&ThickSpace;<font color=#585858>Height:<\/font> 1.7 m&nbsp;|&ThickSpace;<font color=#585858>Weight:<\/font> 50.5 kg <em>(80 BP)<\/em>&nbsp;|&ThickSpace;<font color=#585858>Dex Colour:<\/font> Gray&nbsp;|&ThickSpace;<font color=#585858>Egg Group(s):<\/font> Flying&nbsp;|&ThickSpace;<font color=#585858><font color=#585858>Does Not Evolve<\/font><\/font><\/font>
|c|âJC Frost|not many heatran will outspeed
|c|âRedKingAlmighty|!dt heatran
|c|~|\/data-pokemon Heatran
|raw|<font size="1"><font color=#585858>Dex#:<\/font> 485&nbsp;|&ThickSpace;<font color=#585858>Height:<\/font> 1.7 m&nbsp;|&ThickSpace;<font color=#585858>Weight:<\/font> 430 kg <em>(120 BP)<\/em>&nbsp;|&ThickSpace;<font color=#585858>Dex Colour:<\/font> Brown&nbsp;|&ThickSpace;<font color=#585858>Egg Group(s):<\/font> Undiscovered&nbsp;|&ThickSpace;<font color=#585858><font color=#585858>Does Not Evolve<\/font><\/font><\/font>
|c|âRedKingAlmighty|most heatran are timid max speed
|c|âRedKingAlmighty|with air balloon
|c|âRedKingAlmighty|in fact thats it's best set.
|c|âJC Frost|most are specially defensive and slow
|c|âRedKingAlmighty|no, they're not lol
|c|âRedKingAlmighty|seriously
|c|âRedKingAlmighty|any taunted
|c|âRedKingAlmighty|and u lose
|c|âJC Frost|well we must be playing in different metas then
|c|âRedKingAlmighty|._.
|c|âRedKingAlmighty|even beyond tran
|c|âRedKingAlmighty|like torn t
|c|âRedKingAlmighty|or gardevoir
|c|âRedKingAlmighty|taunters that will just fuck u over
|c|âJC Frost|if I see a taunter I can lead with a wall breaker
|c|âRedKingAlmighty|!ds taunt, OU, BL
|raw|<div class="infobox">Alakazam-Mega, Gengar, Gyarados, Mew, Skarmory, Smeargle, Tyranitar, Gardevoir, Sableye, Crawdaunt, and 15 more. Redo the search with 'all' as a search parameter to show all results.<\/div>
|c|âJC Frost|you do you man
|
|move|p1a: Metagross|Hammer Arm|p2a: Bisharp
|-supereffective|p2a: Bisharp
|-damage|p2a: Bisharp|0 fnt
|-unboost|p1a: Metagross|spe|1
|faint|p2a: Bisharp
|
|win|RedKingAlmighty
|raw|Ladder updating...
|raw|RedKingAlmighty's rating: 1564 &rarr; <strong>1586<\/strong><br \/>(+22 for winning)
|raw|JC Frost's rating: 1587 &rarr; <strong>1566<\/strong><br \/>(-21 for losing)
|c|âRedKingAlmighty|lol a mega sableye lead