|join|RedKingAlmighty
|join|DaybreakRachel
|player|p1|RedKingAlmighty|92
|player|p2|DaybreakRachel|100
|gametype|singles
|gen|6
|tier|OU
|rated
|clearpoke
|poke|p1|Starmie
|poke|p1|Serperior, F
|poke|p1|Raikou
|poke|p1|Landorus-Therian, M
|poke|p1|Lopunny, M
|poke|p1|Clefable, F
|poke|p2|Lopunny, F, shiny
|poke|p2|Breloom, F, shiny
|poke|p2|Dragonite, M
|poke|p2|Entei, shiny
|poke|p2|Azumarill, F, shiny
|poke|p2|Victini
|rule|Swagger Clause: Swagger is banned
|rule|Baton Pass Clause: Limit one PokÃ©mon knowing Baton Pass
|rule|Sleep Clause Mod: Limit one foe put to sleep
|rule|Species Clause: Limit one of each PokÃ©mon
|rule|OHKO Clause: OHKO moves are banned
|rule|Moody Clause: Moody is banned
|rule|Evasion Moves Clause: Evasion moves are banned
|rule|Endless Battle Clause: Forcing endless battles is banned
|rule|HP Percentage Mod: HP is shown in percentages
|teampreview
|
|start
|switch|p1a: Regal|Serperior, F|291\/291
|switch|p2a: Victini|Victini|404\/404
|turn|1
|
|switch|p1a: Landorus-Therian|Landorus-Therian, M|319\/319
|-ability|p1a: Landorus-Therian|Intimidate|[of] p2a: Victini
|-unboost|p2a: Victini|atk|1
|move|p2a: Victini|Final Gambit|p1a: Landorus-Therian
|-damage|p1a: Landorus-Therian|0 fnt
|faint|p2a: Victini
|faint|p1a: Landorus-Therian
|
|
|switch|p1a: Regal|Serperior, F|291\/291
|switch|p2a: Entei|Entei, shiny|401\/401
|-ability|p2a: Entei|Pressure
|turn|2
|
|switch|p1a: Starmie|Starmie|262\/262
|move|p2a: Entei|Sacred Fire|p1a: Starmie
|-resisted|p1a: Starmie
|-damage|p1a: Starmie|165\/262
|
|turn|3
|
|move|p2a: Entei|Extreme Speed|p1a: Starmie
|-damage|p1a: Starmie|50\/262
|move|p1a: Starmie|Hydro Pump|p2a: Entei
|-supereffective|p2a: Entei
|-damage|p2a: Entei|24\/401
|-damage|p1a: Starmie|24\/262|[from] item: Life Orb
|
|turn|4
|
|move|p2a: Entei|Extreme Speed|p1a: Starmie
|-damage|p1a: Starmie|0 fnt
|faint|p1a: Starmie
|
|
|switch|p1a: Lopunny|Lopunny, M|271\/271
|turn|5
|
|switch|p2a: Azumarill|Azumarill, F, shiny|404\/404
|detailschange|p1a: Lopunny|Lopunny-Mega, M
|-mega|p1a: Lopunny|Lopunny|Lopunnite
|move|p1a: Lopunny|Fake Out|p2a: Azumarill
|-damage|p2a: Azumarill|311\/404
|
|turn|6
|
|switch|p1a: Raikou|Raikou|321\/321
|-ability|p1a: Raikou|Pressure
|move|p2a: Azumarill|Play Rough|p1a: Raikou
|-damage|p1a: Raikou|87\/321
|
|turn|7
|
|move|p2a: Azumarill|Aqua Jet|p1a: Raikou
|-damage|p1a: Raikou|0 fnt
|faint|p1a: Raikou
|
|
|switch|p1a: Regal|Serperior, F|291\/291
|turn|8
|
|move|p2a: Azumarill|Aqua Jet|p1a: Regal
|-crit|p1a: Regal
|-resisted|p1a: Regal
|-damage|p1a: Regal|226\/291
|move|p1a: Regal|Leaf Storm|p2a: Azumarill
|-supereffective|p2a: Azumarill
|-damage|p2a: Azumarill|0 fnt
|-boost|p1a: Regal|spa|2
|faint|p2a: Azumarill
|
|-heal|p1a: Regal|244\/291|[from] item: Leftovers
|
|switch|p2a: Dragonite|Dragonite, M|323\/323
|turn|9
|
|move|p1a: Regal|Leaf Storm|p2a: Dragonite
|-crit|p2a: Dragonite
|-resisted|p2a: Dragonite
|-damage|p2a: Dragonite|267\/323
|-boost|p1a: Regal|spa|2
|move|p2a: Dragonite|Dragon Claw|p1a: Regal
|-damage|p1a: Regal|66\/291
|
|-heal|p1a: Regal|84\/291|[from] item: Leftovers
|turn|10
|
|move|p2a: Dragonite|Extreme Speed|p1a: Regal
|-damage|p1a: Regal|0 fnt
|faint|p1a: Regal
|
|
|switch|p1a: Lopunny|Lopunny-Mega, M|271\/271
|turn|11
|
|move|p1a: Lopunny|Fake Out|p2a: Dragonite
|-damage|p2a: Dragonite|183\/323
|cant|p2a: Dragonite|flinch
|
|turn|12
|
|move|p2a: Dragonite|Extreme Speed|p1a: Lopunny
|-damage|p1a: Lopunny|159\/271
|move|p1a: Lopunny|Return|p2a: Dragonite
|-crit|p2a: Dragonite
|-damage|p2a: Dragonite|0 fnt
|faint|p2a: Dragonite
|
|c|âDaybreakRachel|my laptop battery is about to die
|c|âDaybreakRachel|you win
|c|âRedKingAlmighty|k
|
|switch|p2a: Breloom|Breloom, F, shiny|261\/261
|turn|13
|
|switch|p1a: Clefable|Clefable, F|394\/394
|move|p2a: Breloom|Bullet Seed|p1a: Clefable
|-damage|p1a: Clefable|321\/394
|-damage|p1a: Clefable|252\/394
|-hitcount|p1a: Clefable|2
|
|-heal|p1a: Clefable|276\/394|[from] item: Leftovers
|turn|14
|
|move|p2a: Breloom|Spore|p1a: Clefable
|-status|p1a: Clefable|slp
|cant|p1a: Clefable|slp
|
|-heal|p1a: Clefable|300\/394 slp|[from] item: Leftovers
|turn|15
|
|move|p2a: Breloom|Bullet Seed|p1a: Clefable
|-damage|p1a: Clefable|227\/394 slp
|-damage|p1a: Clefable|158\/394 slp
|-hitcount|p1a: Clefable|2
|cant|p1a: Clefable|slp
|
|-heal|p1a: Clefable|182\/394 slp|[from] item: Leftovers
|turn|16
|
|move|p2a: Breloom|Bullet Seed|p1a: Clefable
|-damage|p1a: Clefable|107\/394 slp
|-damage|p1a: Clefable|38\/394 slp
|-damage|p1a: Clefable|0 fnt
|-hitcount|p1a: Clefable|3
|faint|p1a: Clefable
|
|
|switch|p1a: Lopunny|Lopunny-Mega, M|159\/271
|turn|17
|
|move|p1a: Lopunny|Fake Out|p2a: Breloom
|-damage|p2a: Breloom|171\/261
|cant|p2a: Breloom|flinch
|
|turn|18
|
|move|p2a: Breloom|Mach Punch|p1a: Lopunny
|-supereffective|p1a: Lopunny
|-damage|p1a: Lopunny|0 fnt
|faint|p1a: Lopunny
|
|win|DaybreakRachel
|raw|Ladder updating...
|raw|RedKingAlmighty's rating: 1538 &rarr; <strong>1516<\/strong><br \/>(-22 for losing)
|raw|DaybreakRachel's rating: 1499 &rarr; <strong>1521<\/strong><br \/>(+22 for winning)
|leave|RedKingAlmighty
|player|p1
|leave|DaybreakRachel
|player|p2
|join|DaybreakRachel