|join|RedKingAlmighty
|join|jman23467
|player|p1|RedKingAlmighty|154
|player|p2|jman23467|265
|gametype|singles
|gen|6
|tier|OU (suspect test)
|rated
|clearpoke
|poke|p1|Aerodactyl, F
|poke|p1|Hippowdon, F
|poke|p1|Ferrothorn, F
|poke|p1|Latias, F
|poke|p1|Conkeldurr, M
|poke|p1|Azumarill, M
|poke|p2|Slowbro, M
|poke|p2|Ferrothorn, M
|poke|p2|Heatran, F
|poke|p2|Charizard, M
|poke|p2|Latios, M
|poke|p2|Kyurem-Black
|rule|Swagger Clause: Swagger is banned
|rule|Baton Pass Clause: Limit one PokÃ©mon knowing Baton Pass
|rule|Sleep Clause Mod: Limit one foe put to sleep
|rule|Species Clause: Limit one of each PokÃ©mon
|rule|OHKO Clause: OHKO moves are banned
|rule|Moody Clause: Moody is banned
|rule|Evasion Moves Clause: Evasion moves are banned
|rule|Endless Battle Clause: Forcing endless battles is banned
|rule|HP Percentage Mod: HP is shown in percentages
|teampreview
|c|âjman23467|gl hf
|
|start
|switch|p1a: Conkeldurr|Conkeldurr, M|410\/410
|switch|p2a: Slowbro|Slowbro, M|393\/393
|turn|1
|
|move|p1a: Conkeldurr|Knock Off|p2a: Slowbro
|-supereffective|p2a: Slowbro
|-damage|p2a: Slowbro|193\/393
|-enditem|p2a: Slowbro|Leftovers|[from] move: Knock Off|[of] p1a: Conkeldurr
|move|p2a: Slowbro|Psyshock|p1a: Conkeldurr
|-supereffective|p1a: Conkeldurr
|-damage|p1a: Conkeldurr|170\/410
|
|turn|2
|
|switch|p1a: Latias|Latias, F|320\/320
|switch|p2a: Ferrothorn|Ferrothorn, M|352\/352
|
|turn|3
|
|switch|p1a: Conkeldurr|Conkeldurr, M|170\/410
|switch|p2a: Heatran|Heatran, F|383\/383
|-item|p2a: Heatran|Air Balloon
|
|turn|4
|
|switch|p2a: Latios|Latios, M|301\/301
|move|p1a: Conkeldurr|Knock Off|p2a: Latios
|-crit|p2a: Latios
|-supereffective|p2a: Latios
|-damage|p2a: Latios|0 fnt
|-enditem|p2a: Latios|Choice Scarf|[from] move: Knock Off|[of] p1a: Conkeldurr
|faint|p2a: Latios
|
|
|switch|p2a: Slowbro|Slowbro, M|324\/393
|turn|5
|
|switch|p1a: Ferrothorn|Ferrothorn, F|352\/352
|move|p2a: Slowbro|Thunder Wave|p1a: Ferrothorn
|-status|p1a: Ferrothorn|par
|
|turn|6
|
|move|p2a: Slowbro|Scald|p1a: Ferrothorn
|-resisted|p1a: Ferrothorn
|-damage|p1a: Ferrothorn|314\/352 par
|move|p1a: Ferrothorn|Leech Seed|p2a: Slowbro
|-start|p2a: Slowbro|move: Leech Seed
|
|-heal|p1a: Ferrothorn|336\/352 par|[from] item: Leftovers
|-damage|p2a: Slowbro|275\/393|[from] Leech Seed|[of] p1a: Ferrothorn
|-heal|p1a: Ferrothorn|352\/352 par|[silent]
|turn|7
|
|switch|p2a: Charizard|Charizard, M|297\/297
|move|p1a: Ferrothorn|Stealth Rock|p2a: Charizard
|-sidestart|p2: jman23467|move: Stealth Rock
|
|turn|8
|join|WeandOurMountains
|
|switch|p1a: Hippowdon|Hippowdon, F|420\/420
|detailschange|p2a: Charizard|Charizard-Mega-Y, M
|-mega|p2a: Charizard|Charizard|Charizardite Y
|-weather|SunnyDay
|move|p2a: Charizard|Solar Beam|p1a: Hippowdon|[still]
|-prepare|p2a: Charizard|Solar Beam|p1a: Hippowdon
|-anim|p2a: Charizard|Solar Beam|p1a: Hippowdon
|-supereffective|p1a: Hippowdon
|-damage|p1a: Hippowdon|0 fnt
|faint|p1a: Hippowdon
|
|-weather|SunnyDay|[upkeep]
|c|âRedKingAlmighty|ugh
|c|âjman23467|get predicted
|c|âRedKingAlmighty|being unable to tell the difference
|c|âRedKingAlmighty|is bullshit.
|
|switch|p1a: Latias|Latias, F|320\/320
|turn|9
|c|âjman23467|XD
|
|move|p1a: Latias|Psyshock|p2a: Charizard
|-damage|p2a: Charizard|122\/297
|-damage|p1a: Latias|288\/320|[from] item: Life Orb
|move|p2a: Charizard|Fire Blast|p1a: Latias
|-resisted|p1a: Latias
|-damage|p1a: Latias|141\/320
|
|-weather|SunnyDay|[upkeep]
|turn|10
|
|move|p1a: Latias|Psyshock|p2a: Charizard
|-damage|p2a: Charizard|0 fnt
|-damage|p1a: Latias|109\/320|[from] item: Life Orb
|faint|p2a: Charizard
|
|-weather|SunnyDay|[upkeep]
|
|switch|p2a: Slowbro|Slowbro, M|393\/393
|-damage|p2a: Slowbro|344\/393|[from] Stealth Rock
|turn|11
|
|move|p1a: Latias|Draco Meteor|p2a: Slowbro
|-damage|p2a: Slowbro|23\/393
|-unboost|p1a: Latias|spa|2
|-damage|p1a: Latias|77\/320|[from] item: Life Orb
|move|p2a: Slowbro|Thunder Wave|p1a: Latias
|-status|p1a: Latias|par
|
|-weather|SunnyDay|[upkeep]
|turn|12
|join|Omegasization
|
|move|p2a: Slowbro|Slack Off|p2a: Slowbro
|-heal|p2a: Slowbro|220\/393
|move|p1a: Latias|Roost|p1a: Latias
|-heal|p1a: Latias|237\/320 par
|
|-weather|none
|turn|13
|
|switch|p1a: Conkeldurr|Conkeldurr, M|170\/410
|move|p2a: Slowbro|Psyshock|p1a: Conkeldurr
|-supereffective|p1a: Conkeldurr
|-damage|p1a: Conkeldurr|0 fnt
|faint|p1a: Conkeldurr
|
|
|switch|p1a: Azumarill|Azumarill, M|352\/352
|turn|14
|
|switch|p2a: Ferrothorn|Ferrothorn, M|352\/352
|-damage|p2a: Ferrothorn|330\/352|[from] Stealth Rock
|move|p1a: Azumarill|Belly Drum|p1a: Azumarill
|-damage|p1a: Azumarill|176\/352
|-setboost|p1a: Azumarill|atk|6|[from] move: Belly Drum
|-enditem|p1a: Azumarill|Sitrus Berry|[eat]
|-heal|p1a: Azumarill|264\/352|[from] item: Sitrus Berry
|
|turn|15
|
|move|p1a: Azumarill|Superpower|p2a: Ferrothorn
|-supereffective|p2a: Ferrothorn
|-damage|p2a: Ferrothorn|0 fnt
|-damage|p1a: Azumarill|220\/352|[from] ability: Iron Barbs|[of] p2a: Ferrothorn
|-damage|p1a: Azumarill|162\/352|[from] item: Rocky Helmet|[of] p2a: Ferrothorn
|-unboost|p1a: Azumarill|atk|1
|-unboost|p1a: Azumarill|def|1
|faint|p2a: Ferrothorn
|
|c| WeandOurMountains|not BD knock?
|
|switch|p2a: Slowbro|Slowbro, M|351\/393
|-damage|p2a: Slowbro|302\/393|[from] Stealth Rock
|turn|16
|c| WeandOurMountains|or is this xy
|c|âRedKingAlmighty|BD knock is lame.
|c|âjman23467|miss click
|join|Alldaalts
|
|move|p1a: Azumarill|Play Rough|p2a: Slowbro
|-damage|p2a: Slowbro|0 fnt
|faint|p2a: Slowbro
|
|c|âRedKingAlmighty|well, nice knowing that slowbro
|c|âjman23467|i cant hit you so gg
|
|switch|p2a: Kyurem-Black|Kyurem-Black|405\/405
|-damage|p2a: Kyurem-Black|304\/405|[from] Stealth Rock
|-ability|p2a: Kyurem-Black|Teravolt
|turn|17
|c|âRedKingAlmighty|do u not have fusion bolt?
|
|move|p1a: Azumarill|Aqua Jet|p2a: Kyurem-Black
|-resisted|p2a: Kyurem-Black
|-damage|p2a: Kyurem-Black|157\/405
|move|p2a: Kyurem-Black|Fusion Bolt|p1a: Azumarill
|-supereffective|p1a: Azumarill
|-damage|p1a: Azumarill|0 fnt
|-damage|p2a: Kyurem-Black|117\/405|[from] item: Life Orb
|faint|p1a: Azumarill
|
|c|âjman23467|you out sleed
|c|âRedKingAlmighty|no
|c|âRedKingAlmighty|no i don't
|c|âRedKingAlmighty|it's an azumarill
|c|âjman23467|why didnt you go play rough you chould have won
|
|switch|p1a: Aerodactyl|Aerodactyl, F|301\/301
|-ability|p1a: Aerodactyl|Pressure
|turn|18
|c|âRedKingAlmighty|are you crazy?
|join|Valkum
|
|detailschange|p1a: Aerodactyl|Aerodactyl-Mega, F
|-mega|p1a: Aerodactyl|Aerodactyl|Aerodactylite
|move|p1a: Aerodactyl|Aerial Ace|p2a: Kyurem-Black
|-damage|p2a: Kyurem-Black|0 fnt
|faint|p2a: Kyurem-Black
|
|c|âjman23467|i have no defence
|c| Valkum|so since when does Play Rough Azu outspeeds a Kyurem?
|
|switch|p2a: Heatran|Heatran, F|383\/383
|-damage|p2a: Heatran|336\/383|[from] Stealth Rock
|-item|p2a: Heatran|Air Balloon
|turn|19
|c|âRedKingAlmighty|^^^^^^^^^^^^^^
|
|move|p1a: Aerodactyl|Aqua Tail|p2a: Heatran
|-supereffective|p2a: Heatran
|-damage|p2a: Heatran|48\/383
|-enditem|p2a: Heatran|Air Balloon
|move|p2a: Heatran|Flash Cannon|p1a: Aerodactyl
|-supereffective|p1a: Aerodactyl
|-damage|p1a: Aerodactyl|31\/301
|
|turn|20
|c|âjman23467|oh right sorry forgot that azu has crap speed
|c| Valkum|lol
|c|âRedKingAlmighty|............
|
|move|p1a: Aerodactyl|Aqua Tail|p2a: Heatran
|-supereffective|p2a: Heatran
|-damage|p2a: Heatran|0 fnt
|faint|p2a: Heatran
|
|win|RedKingAlmighty
|raw|Ladder updating...
|c|âRedKingAlmighty|crazy person.
|c|âjman23467|gg
|c| Valkum|Indeed
|c|âRedKingAlmighty|gg
|leave|jman23467
|raw|RedKingAlmighty's rating: 1234 &rarr; <strong>1253<\/strong><br \/>(+19 for winning)
|raw|jman23467's rating: 1138 &rarr; <strong>1120<\/strong><br \/>(-18 for losing)
|leave|RedKingAlmighty
|player|p2
|leave|Valkum
|join|RipStantler
|player|p1
|join|gyarad0site
|leave|Alldaalts
|join|Henry
|join|CleanerThanRotom-W
|leave|Henry
|leave|CleanerThanRotom-W
|leave|WeandOurMountains
|leave|RipStantler