|join|Neo AE
|join|RedKingAlmighty
|join|Albacore
|join|derp team tester
|join|Iznae
|join|Rooo
|join|Chivalrous Testin'
|player|p1|Neo AE|153
|player|p2|RedKingAlmighty|154
|gametype|singles
|gen|6
|tier|OU (suspect test)
|clearpoke
|poke|p1|Tornadus-Therian, M
|poke|p1|Metagross
|poke|p1|Keldeo
|poke|p1|Landorus-Therian, M
|poke|p1|Rotom-Wash
|poke|p1|Clefable, M
|poke|p2|Aerodactyl, M
|poke|p2|Hippowdon, F
|poke|p2|Ferrothorn, M
|poke|p2|Latios, M
|poke|p2|Clefable, M
|poke|p2|Keldeo
|rule|Swagger Clause: Swagger is banned
|rule|Baton Pass Clause: Limit one PokÃ©mon knowing Baton Pass
|rule|Sleep Clause Mod: Limit one foe put to sleep
|rule|Species Clause: Limit one of each PokÃ©mon
|rule|OHKO Clause: OHKO moves are banned
|rule|Moody Clause: Moody is banned
|rule|Evasion Moves Clause: Evasion moves are banned
|rule|Endless Battle Clause: Forcing endless battles is banned
|rule|HP Percentage Mod: HP is shown in percentages
|teampreview
|join|Sharpteeth
|join|FamSlayer
|join|HYP4B34M
|join|RayDalio
|join|Monarchs
|join|I'M B4TMAN
|leave|Chivalrous Testin'
|join|Qwazz
|join|Motherklang
|join|SpaceMedaFighterX
|join|Kama Sutra
|join|smdufgt
|c| Sharpteeth|Don't worry, Neo AE
|join|Weeties
|c|âRedKingAlmighty|that last match
|join|Osteentassaumn
|c|âRedKingAlmighty|gave me a heart attack
|c| Sharpteeth|your bird is stronger than his
|c| SpaceMedaFighterX|OH NO ITSS RKO
|c| Motherklang|bs
|join|Kawl
|c|âRedKingAlmighty|lol
|join|LMay
|c| Motherklang|who attack on the first turn
|c|âRedKingAlmighty|i think i lost this match already
|c| LMay|is the final?
|join|derpel
|join|Amino Unchained
|c| I'M B4TMAN|no
|join|pyromaniac 963
|c|âRedKingAlmighty|i have no metagross switch ins
|join|Teremiare
|
|start
|switch|p1a: Keldeo|Keldeo|323\/323
|switch|p2a: Keldeo|Keldeo|322\/322
|turn|1
|c| SpaceMedaFighterX|like a nab
|c| SpaceMedaFighterX|Hippowdon got it if no GK
|c| I'M B4TMAN|you have hippo if no ice punch
|c|âRedKingAlmighty|ice punch loses
|c| SpaceMedaFighterX|I doubt Neo is real enough to have GK
|c|âRedKingAlmighty|also it's obv GK
|c|âRedKingAlmighty|so i lose
|join|Thundurus User
|
|switch|p2a: Latios|Latios, M|301\/301
|switch|p1a: Tornadus-Therian|Tornadus-Therian, M|299\/299
|
|turn|2
|join|Gradeus
|join|SafeORAS
|join|burgerfresser
|join|Assaltwaffle
|leave|Albacore
|
|switch|p1a: Clefable|Clefable, M|394\/394
|switch|p2a: Clefable|Clefable, M|394\/394
|
|turn|3
|c|âRedKingAlmighty|lol
|c| Thundurus User|Lol
|
|switch|p1a: Landorus-Therian|Landorus-Therian, M|381\/381
|-ability|p1a: Landorus-Therian|Intimidate|[of] p2a: Clefable
|-unboost|p2a: Clefable|atk|1
|move|p2a: Clefable|Calm Mind|p2a: Clefable
|-boost|p2a: Clefable|spa|1
|-boost|p2a: Clefable|spd|1
|
|turn|4
|c|âRedKingAlmighty|this team is bad
|c|âRedKingAlmighty|i should have listened to max
|c|âRedKingAlmighty|and retired it
|c|âRedKingAlmighty|im so dumb
|leave|Sharpteeth
|c| Thundurus User|You should of bruh
|
|move|p1a: Landorus-Therian|Stealth Rock|p2a: Clefable
|-sidestart|p2: RedKingAlmighty|move: Stealth Rock
|move|p2a: Clefable|Moonblast|p1a: Landorus-Therian
|-damage|p1a: Landorus-Therian|206\/381
|-unboost|p1a: Landorus-Therian|spa|1
|
|-heal|p1a: Landorus-Therian|229\/381|[from] item: Leftovers
|turn|5
|join|ninjatears4u
|c|âRedKingAlmighty|oh it's that set ok
|c| SpaceMedaFighterX|you really should have
|join|stockholm negro
|c| Amino Unchained|no, this isn't league of legends, its pokemon ^^ mistakes happen :)
|c| Amino Unchained|message please, y u don't show up...
|c|âRedKingAlmighty|DO YOU KNOW WHAT CANT OHKO
|c|âRedKingAlmighty|mega metagross.
|join|Tornadus User.
|join|a brick
|c| Tornadus User.|Lool
|
|move|p1a: Landorus-Therian|U-turn|p2a: Clefable
|-resisted|p2a: Clefable
|-damage|p2a: Clefable|354\/394
|
|switch|p1a: Clefable|Clefable, M|394\/394
|move|p2a: Clefable|Calm Mind|p2a: Clefable
|-boost|p2a: Clefable|spa|1
|-boost|p2a: Clefable|spd|1
|
|-heal|p2a: Clefable|378\/394|[from] item: Leftovers
|turn|6
|c| SpaceMedaFighterX|Unaware clefable GG
|c|âRedKingAlmighty|yeah
|
|move|p1a: Clefable|Thunder Wave|p2a: Clefable
|-status|p2a: Clefable|par
|move|p2a: Clefable|Moonblast|p1a: Clefable
|-damage|p1a: Clefable|192\/394
|-unboost|p1a: Clefable|spa|1
|
|-heal|p1a: Clefable|216\/394|[from] item: Leftovers
|-heal|p2a: Clefable|394\/394 par|[from] item: Leftovers
|turn|7
|c| SpaceMedaFighterX|Ohhhh
|c| I'M B4TMAN|thats the best clefable nowadays xd
|c|âRedKingAlmighty|apparently not
|c| SpaceMedaFighterX|RKA pulling through
|c|âRedKingAlmighty|if i can pull through
|c|âRedKingAlmighty|i will be amazed
|
|switch|p1a: Metagross|Metagross|301\/301
|cant|p2a: Clefable|par
|
|turn|8
|c|âRedKingAlmighty|i even flamethrowered lol
|c| SpaceMedaFighterX|Reveal flamethrower
|c|âRedKingAlmighty|i have flame
|c| SpaceMedaFighterX|Aaahh shet
|
|switch|p2a: Ferrothorn|Ferrothorn, M|352\/352
|-damage|p2a: Ferrothorn|330\/352|[from] Stealth Rock
|detailschange|p1a: Metagross|Metagross-Mega
|-mega|p1a: Metagross|Metagross|Metagrossite
|move|p1a: Metagross|Meteor Mash|p2a: Ferrothorn
|-resisted|p2a: Ferrothorn
|-damage|p2a: Ferrothorn|245\/352
|-damage|p1a: Metagross|264\/301|[from] ability: Iron Barbs|[of] p2a: Ferrothorn
|
|-heal|p2a: Ferrothorn|267\/352|[from] item: Leftovers
|turn|9
|c| HYP4B34M|inb4 fire punch
|c|âRedKingAlmighty|not worthy my wincon
|c|âRedKingAlmighty|*worth
|c| SpaceMedaFighterX|Hammer arm imo
|c| derpel|inb4 blast burn
|c|âRedKingAlmighty|i would be amazed
|c|âRedKingAlmighty|if i get hit by blast burn i will forfeit.
|join|Fairy Peak
|
|move|p1a: Metagross|Hammer Arm|p2a: Ferrothorn
|-supereffective|p2a: Ferrothorn
|-damage|p2a: Ferrothorn|29\/352
|-damage|p1a: Metagross|227\/301|[from] ability: Iron Barbs|[of] p2a: Ferrothorn
|-unboost|p1a: Metagross|spe|1
|move|p2a: Ferrothorn|Stealth Rock|p1a: Metagross
|-sidestart|p1: Neo AE|move: Stealth Rock
|
|-heal|p2a: Ferrothorn|51\/352|[from] item: Leftovers
|turn|10
|join|Phlipadelphia
|c| SpaceMedaFighterX|ko range  for mega aero
|c| SpaceMedaFighterX|1 more conk
|
|move|p1a: Metagross|Meteor Mash|p2a: Ferrothorn
|-resisted|p2a: Ferrothorn
|-damage|p2a: Ferrothorn|0 fnt
|-damage|p1a: Metagross|190\/301|[from] ability: Iron Barbs|[of] p2a: Ferrothorn
|faint|p2a: Ferrothorn
|
|c|âRedKingAlmighty|if he attacks again yeah
|c| Tornadus User.|He is real
|c| Tornadus User.|:(
|c| SpaceMedaFighterX|He doesn't give a damn
|join|Greneenja
|
|switch|p2a: Keldeo|Keldeo|322\/322
|-damage|p2a: Keldeo|302\/322|[from] Stealth Rock
|turn|11
|c|âRedKingAlmighty|it's actually not in range.
|c| SpaceMedaFighterX|wot
|c|âRedKingAlmighty|.-.
|c| SpaceMedaFighterX|oh da
|join|Starmei
|c|âRedKingAlmighty|so bulky.
|
|switch|p1a: Rotom-Hax|Rotom-Wash|304\/304
|-damage|p1a: Rotom-Hax|266\/304|[from] Stealth Rock
|move|p2a: Keldeo|Scald|p1a: Rotom-Hax
|-resisted|p1a: Rotom-Hax
|-damage|p1a: Rotom-Hax|195\/304
|
|-heal|p2a: Keldeo|322\/322|[from] item: Leftovers
|-heal|p1a: Rotom-Hax|214\/304|[from] item: Leftovers
|turn|12
|c| SpaceMedaFighterX|Gross is adamant ? o.0
|
|switch|p2a: Latios|Latios, M|301\/301
|-damage|p2a: Latios|264\/301|[from] Stealth Rock
|move|p1a: Rotom-Hax|Volt Switch|p2a: Latios
|-resisted|p2a: Latios
|-damage|p2a: Latios|225\/301
|c| I'M B4TMAN|usually not
|c| Greneenja|He lost speed due to Hammer Arm
|c| Greneenja|._.
|c|âRedKingAlmighty|no it has a speed drop
|c| SpaceMedaFighterX|My bad
|c|âRedKingAlmighty|i got so stressed out by last match
|
|switch|p1a: Tornadus-Therian|Tornadus-Therian, M|299\/299
|-damage|p1a: Tornadus-Therian|225\/299|[from] Stealth Rock
|
|turn|13
|c|âRedKingAlmighty|and i ended up taking out on my opp
|c|âRedKingAlmighty|so thats obviously slower AV set.
|join|fofkczmvx
|
|switch|p2a: Clefable|Clefable, M|394\/394 par
|move|p1a: Tornadus-Therian|Knock Off|p2a: Clefable
|-resisted|p2a: Clefable
|-damage|p2a: Clefable|339\/394 par
|-enditem|p2a: Clefable|Leftovers|[from] move: Knock Off|[of] p1a: Tornadus-Therian
|-damage|p1a: Tornadus-Therian|196\/299|[from] item: Life Orb
|
|turn|14
|c|âRedKingAlmighty|it's a shame i can't kill
|c|âRedKingAlmighty|also my clef got all kinds of fucked up lol
|c| Gradeus|that LO tho
|
|move|p1a: Tornadus-Therian|Hurricane|p2a: Clefable
|-damage|p2a: Clefable|152\/394 par
|-damage|p1a: Tornadus-Therian|167\/299|[from] item: Life Orb
|cant|p2a: Clefable|par
|
|turn|15
|c|âRedKingAlmighty|and i was wrong
|c| Amino Unchained|stop the apologies
|leave|Osteentassaumn
|leave|Starmei
|
|switch|p2a: Aerodactyl|Aerodactyl, M|301\/301
|-damage|p2a: Aerodactyl|226\/301|[from] Stealth Rock
|-ability|p2a: Aerodactyl|Pressure
|move|p1a: Tornadus-Therian|Hurricane|p2a: Aerodactyl
|-resisted|p2a: Aerodactyl
|-damage|p2a: Aerodactyl|73\/301
|-damage|p1a: Tornadus-Therian|138\/299|[from] item: Life Orb
|
|turn|16
|
|switch|p1a: Landorus-Therian|Landorus-Therian, M|229\/381
|-damage|p1a: Landorus-Therian|182\/381|[from] Stealth Rock
|-ability|p1a: Landorus-Therian|Intimidate|[of] p2a: Aerodactyl
|-unboost|p2a: Aerodactyl|atk|1
|detailschange|p2a: Aerodactyl|Aerodactyl-Mega, M
|-mega|p2a: Aerodactyl|Aerodactyl|Aerodactylite
|move|p2a: Aerodactyl|Roost|p2a: Aerodactyl
|-heal|p2a: Aerodactyl|224\/301
|
|-heal|p1a: Landorus-Therian|205\/381|[from] item: Leftovers
|turn|17
|c| SpaceMedaFighterX|Well
|c| SpaceMedaFighterX|Doesn't look too good
|join|julianna
|c|âRedKingAlmighty|aqua tail god mode
|
|switch|p2a: Keldeo|Keldeo|322\/322
|-damage|p2a: Keldeo|302\/322|[from] Stealth Rock
|move|p1a: Landorus-Therian|U-turn|p2a: Keldeo
|-resisted|p2a: Keldeo
|-damage|p2a: Keldeo|259\/322
|join|orei
|join|latios60
|leave|HYP4B34M
|join|Albacore
|
|switch|p1a: Metagross|Metagross-Mega|190\/301
|-damage|p1a: Metagross|172\/301|[from] Stealth Rock
|
|-heal|p2a: Keldeo|279\/322|[from] item: Leftovers
|turn|18
|c|âRedKingAlmighty|ok im fucked lol
|
|switch|p2a: Hippowdon|Hippowdon, F|420\/420
|-damage|p2a: Hippowdon|394\/420|[from] Stealth Rock
|-weather|Sandstorm
|move|p1a: Metagross|Zen Headbutt|p2a: Hippowdon
|-damage|p2a: Hippowdon|271\/420
|
|-weather|Sandstorm|[upkeep]
|-heal|p2a: Hippowdon|297\/420|[from] item: Leftovers
|turn|19
|c|âRedKingAlmighty|no metagross switchins
|c|âRedKingAlmighty|or even checks
|c| SpaceMedaFighterX|this is obv an XY team
|c| I'M B4TMAN|hippo ate that
|
|switch|p1a: Rotom-Hax|Rotom-Wash|214\/304
|-damage|p1a: Rotom-Hax|176\/304|[from] Stealth Rock
|move|p2a: Hippowdon|Earthquake|p1a: Rotom-Hax
|-immune|p1a: Rotom-Hax|[msg]
|
|-weather|Sandstorm|[upkeep]
|-damage|p1a: Rotom-Hax|157\/304|[from] sandstorm
|-heal|p1a: Rotom-Hax|176\/304|[from] item: Leftovers
|-heal|p2a: Hippowdon|323\/420|[from] item: Leftovers
|turn|20
|c|âRedKingAlmighty|it's not gonna eat GK
|c| SpaceMedaFighterX|See
|c|âRedKingAlmighty|OML
|c|âRedKingAlmighty|it's BP i guess
|c| SpaceMedaFighterX|Proceed
|join|Get Out Greg
|
|switch|p2a: Latios|Latios, M|225\/301
|-damage|p2a: Latios|188\/301|[from] Stealth Rock
|move|p1a: Rotom-Hax|Volt Switch|p2a: Latios
|-resisted|p2a: Latios
|-damage|p2a: Latios|149\/301
|
|switch|p1a: Tornadus-Therian|Tornadus-Therian, M|237\/299
|-damage|p1a: Tornadus-Therian|163\/299|[from] Stealth Rock
|
|-weather|Sandstorm|[upkeep]
|-damage|p1a: Tornadus-Therian|145\/299|[from] sandstorm
|-damage|p2a: Latios|131\/301|[from] sandstorm
|turn|21
|
|switch|p2a: Aerodactyl|Aerodactyl-Mega, M|224\/301
|-damage|p2a: Aerodactyl|149\/301|[from] Stealth Rock
|move|p1a: Tornadus-Therian|Knock Off|p2a: Aerodactyl
|-damage|p2a: Aerodactyl|68\/301
|-damage|p1a: Tornadus-Therian|116\/299|[from] item: Life Orb
|
|-weather|Sandstorm|[upkeep]
|-damage|p1a: Tornadus-Therian|98\/299|[from] sandstorm
|turn|22
|leave|Get Out Greg
|join|Talonphlegm
|leave|Fairy Peak
|
|switch|p1a: Landorus-Therian|Landorus-Therian, M|205\/381
|-damage|p1a: Landorus-Therian|158\/381|[from] Stealth Rock
|-ability|p1a: Landorus-Therian|Intimidate|[of] p2a: Aerodactyl
|-unboost|p2a: Aerodactyl|atk|1
|move|p2a: Aerodactyl|Roost|p2a: Aerodactyl
|-heal|p2a: Aerodactyl|219\/301
|
|-weather|none
|-heal|p1a: Landorus-Therian|181\/381|[from] item: Leftovers
|turn|23
|leave|Rooo
|
|switch|p2a: Keldeo|Keldeo|279\/322
|-damage|p2a: Keldeo|259\/322|[from] Stealth Rock
|move|p1a: Landorus-Therian|Rock Slide|p2a: Keldeo
|-resisted|p2a: Keldeo
|-damage|p2a: Keldeo|217\/322
|
|-heal|p2a: Keldeo|237\/322|[from] item: Leftovers
|-heal|p1a: Landorus-Therian|204\/381|[from] item: Leftovers
|turn|24
|leave|a brick
|
|switch|p1a: Keldeo|Keldeo|323\/323
|-damage|p1a: Keldeo|303\/323|[from] Stealth Rock
|move|p2a: Keldeo|Calm Mind|p2a: Keldeo
|-boost|p2a: Keldeo|spa|1
|-boost|p2a: Keldeo|spd|1
|
|-heal|p1a: Keldeo|323\/323|[from] item: Leftovers
|-heal|p2a: Keldeo|257\/322|[from] item: Leftovers
|turn|25
|
|move|p2a: Keldeo|Hidden Power|p1a: Keldeo
|-supereffective|p1a: Keldeo
|-damage|p1a: Keldeo|83\/323
|move|p1a: Keldeo|Secret Sword|p2a: Keldeo
|-damage|p2a: Keldeo|83\/322
|
|-heal|p1a: Keldeo|103\/323|[from] item: Leftovers
|-heal|p2a: Keldeo|103\/322|[from] item: Leftovers
|turn|26
|c| SpaceMedaFighterX|reveal substitute
|c| SpaceMedaFighterX|nvm 2late
|c|âRedKingAlmighty|well
|
|move|p1a: Keldeo|Secret Sword|p2a: Keldeo
|-damage|p2a: Keldeo|0 fnt
|faint|p2a: Keldeo
|
|-heal|p1a: Keldeo|123\/323|[from] item: Leftovers
|c|âRedKingAlmighty|this is awkward
|c| SpaceMedaFighterX|:O
|
|switch|p2a: Latios|Latios, M|131\/301
|-damage|p2a: Latios|94\/301|[from] Stealth Rock
|turn|27
|join|hashtagRjx
|
|move|p2a: Latios|Draco Meteor|p1a: Keldeo
|-damage|p1a: Keldeo|0 fnt
|-unboost|p2a: Latios|spa|2
|-damage|p2a: Latios|64\/301|[from] item: Life Orb
|faint|p1a: Keldeo
|
|c|âRedKingAlmighty|aerodactyl the based god
|
|switch|p1a: Tornadus-Therian|Tornadus-Therian, M|197\/299
|-damage|p1a: Tornadus-Therian|123\/299|[from] Stealth Rock
|turn|28
|c|âRedKingAlmighty|can still win this
|c|âRedKingAlmighty|amusingly
|c| Tornadus User.|Landorus-Therian used Knock Off!
|c| Tornadus User.|The opposing Chansey lost 100% of its health
|c| Tornadus User.|Landorus-Therian knocked off the opposing Chansey's Leftovers
|c|âRedKingAlmighty|...
|c| Tornadus User.|Yep
|join|ohgeedubs
|
|move|p1a: Tornadus-Therian|Superpower|p2a: Latios
|-resisted|p2a: Latios
|-damage|p2a: Latios|0 fnt
|-unboost|p1a: Tornadus-Therian|atk|1
|-unboost|p1a: Tornadus-Therian|def|1
|-damage|p1a: Tornadus-Therian|94\/299|[from] item: Life Orb
|faint|p2a: Latios
|
|c| I'M B4TMAN|LOL
|leave|Iznae
|c| Tornadus User.|Low ladder scum
|c| I'M B4TMAN|new meta lefties chansey
|
|switch|p2a: Aerodactyl|Aerodactyl-Mega, M|219\/301
|-damage|p2a: Aerodactyl|144\/301|[from] Stealth Rock
|turn|29
|leave|julianna
|join|SwaggBoi
|c| Tornadus User.|Yep
|c| Tornadus User.|He had no ev spread
|c| Tornadus User.|or ivs
|
|switch|p1a: Landorus-Therian|Landorus-Therian, M|204\/381
|-damage|p1a: Landorus-Therian|157\/381|[from] Stealth Rock
|-ability|p1a: Landorus-Therian|Intimidate|[of] p2a: Aerodactyl
|-unboost|p2a: Aerodactyl|atk|1
|move|p2a: Aerodactyl|Stone Edge|p1a: Landorus-Therian
|-damage|p1a: Landorus-Therian|57\/381
|
|-heal|p1a: Landorus-Therian|80\/381|[from] item: Leftovers
|turn|30
|join|nothingbutnet
|join|Bulgrom
|
|move|p2a: Aerodactyl|Stone Edge|p1a: Landorus-Therian
|-damage|p1a: Landorus-Therian|0 fnt
|faint|p1a: Landorus-Therian
|
|join|Alldaalts
|c|+Albacore|if this is really BP meta
|
|switch|p1a: Metagross|Metagross-Mega|172\/301
|-damage|p1a: Metagross|154\/301|[from] Stealth Rock
|turn|31
|c|+Albacore|then rip aero
|leave|Alldaalts
|c| Tornadus User.|Yep
|join|B1ue Zangoose
|
|switch|p2a: Hippowdon|Hippowdon, F|323\/420
|-damage|p2a: Hippowdon|297\/420|[from] Stealth Rock
|-weather|Sandstorm
|move|p1a: Metagross|Bullet Punch|p2a: Hippowdon
|-damage|p2a: Hippowdon|230\/420
|
|-weather|Sandstorm|[upkeep]
|-heal|p2a: Hippowdon|256\/420|[from] item: Leftovers
|turn|32
|join|GrandBlack
|c|âRedKingAlmighty|:C
|join|DO'Kolan
|
|switch|p1a: Rotom-Hax|Rotom-Wash|176\/304
|-damage|p1a: Rotom-Hax|138\/304|[from] Stealth Rock
|switch|p2a: Clefable|Clefable, M|152\/394 par
|
|-weather|Sandstorm|[upkeep]
|-damage|p1a: Rotom-Hax|119\/304|[from] sandstorm
|-heal|p1a: Rotom-Hax|138\/304|[from] item: Leftovers
|turn|33
|leave|DO'Kolan
|leave|nothingbutnet
|join|Galactic Princess
|
|move|p1a: Rotom-Hax|Volt Switch|p2a: Clefable
|-damage|p2a: Clefable|80\/394 par
|leave|Kama Sutra
|
|switch|p1a: Tornadus-Therian|Tornadus-Therian, M|193\/299
|-damage|p1a: Tornadus-Therian|119\/299|[from] Stealth Rock
|move|p2a: Clefable|Soft-Boiled|p2a: Clefable
|-heal|p2a: Clefable|277\/394 par
|
|-weather|Sandstorm|[upkeep]
|-damage|p1a: Tornadus-Therian|101\/299|[from] sandstorm
|turn|34
|join|Animus Majulous
|join|SSB is better
|join|jeffrawr
|
|move|p1a: Tornadus-Therian|Hurricane|p2a: Clefable|[miss]
|-miss|p1a: Tornadus-Therian|p2a: Clefable
|cant|p2a: Clefable|par
|
|-weather|Sandstorm|[upkeep]
|-damage|p1a: Tornadus-Therian|83\/299|[from] sandstorm
|turn|35
|c|+Animus Majulous|oooh
|join|Invok3r
|c| Gradeus|quite the turn tho
|join|FunSeeker
|c| I'M B4TMAN|that clefable is quite unlucky
|
|move|p1a: Tornadus-Therian|Heat Wave|p2a: Clefable
|-crit|p2a: Clefable
|-damage|p2a: Clefable|104\/394 par
|-damage|p1a: Tornadus-Therian|54\/299|[from] item: Life Orb
|cant|p2a: Clefable|par
|
|-weather|none
|turn|36
|join|Too much swog
|c| SSB is better|lol
|c| Invok3r|sigh
|
|move|p1a: Tornadus-Therian|Heat Wave|p2a: Clefable
|-damage|p2a: Clefable|0 fnt
|-damage|p1a: Tornadus-Therian|25\/299|[from] item: Life Orb
|faint|p2a: Clefable
|
|
|switch|p2a: Aerodactyl|Aerodactyl-Mega, M|144\/301
|-damage|p2a: Aerodactyl|69\/301|[from] Stealth Rock
|turn|37
|
|move|p2a: Aerodactyl|Aerial Ace|p1a: Tornadus-Therian
|-damage|p1a: Tornadus-Therian|0 fnt
|faint|p1a: Tornadus-Therian
|
|c| Gradeus|.39% chance to get 2x para and get crit on
|
|switch|p1a: Metagross|Metagross-Mega|154\/301
|-damage|p1a: Metagross|136\/301|[from] Stealth Rock
|turn|38
|c| I'M B4TMAN|xD
|c| Gradeus|there is the hurricane miss but still
|leave|Animus Majulous
|c| Too much swog|reveal fire blast
|c| Assaltwaffle|aww Red
|
|move|p1a: Metagross|Bullet Punch|p2a: Aerodactyl
|-supereffective|p2a: Aerodactyl
|-damage|p2a: Aerodactyl|0 fnt
|faint|p2a: Aerodactyl
|
|-message|RedKingAlmighty forfeited.
|c| Assaltwaffle|couldnt bring it in :(
|leave|Gradeus
|leave|Bulgrom
|leave|LMay
|
|win|Neo AE
|leave|RedKingAlmighty
|leave|Assaltwaffle
|leave|Motherklang
|leave|Weeties
|leave|hashtagRjx
|leave|I'M B4TMAN
|leave|Neo AE
|leave|Too much swog
|leave|Talonphlegm
|leave|Invok3r
|player|p2
|leave|Qwazz
|player|p1
|leave|ninjatears4u
|leave|GrandBlack
|leave|Albacore
|leave|jeffrawr
|leave|FunSeeker
|leave|Amino Unchained
|leave|Greneenja
|leave|derp team tester
|leave|SwaggBoi
|leave|RayDalio
|leave|B1ue Zangoose
|leave|Monarchs
|join|RayDalio
|leave|Teremiare
|leave|RayDalio
|leave|stockholm negro
|leave|SSB is better
|leave|SpaceMedaFighterX
|leave|burgerfresser
|leave|Galactic Princess
|leave|derpel