|join|cosine180
|join|RedKingAlmighty
|player|p1|cosine180|33
|player|p2|RedKingAlmighty|154
|gametype|singles
|gen|6
|tier|OU (suspect test)
|clearpoke
|poke|p1|Hippowdon, F
|poke|p1|Reuniclus, F
|poke|p1|Tornadus-Therian, M
|poke|p1|Charizard, F
|poke|p1|Clefable, M
|poke|p1|Starmie
|poke|p2|Aerodactyl, M
|poke|p2|Hippowdon, F
|poke|p2|Ferrothorn, F
|poke|p2|Latios, M
|poke|p2|Clefable, F
|poke|p2|Keldeo
|rule|Swagger Clause: Swagger is banned
|rule|Baton Pass Clause: Limit one PokÃ©mon knowing Baton Pass
|rule|Sleep Clause Mod: Limit one foe put to sleep
|rule|Species Clause: Limit one of each PokÃ©mon
|rule|OHKO Clause: OHKO moves are banned
|rule|Moody Clause: Moody is banned
|rule|Evasion Moves Clause: Evasion moves are banned
|rule|Endless Battle Clause: Forcing endless battles is banned
|rule|HP Percentage Mod: HP is shown in percentages
|teampreview
|c|âcosine180|hf
|c|âRedKingAlmighty|u2
|
|start
|switch|p1a: Charizard|Charizard, F|359\/359
|switch|p2a: Aerodactyl|Aerodactyl, M|301\/301
|-ability|p2a: Aerodactyl|Pressure
|turn|1
|join|i came from leddit
|c|âcosine180|shouldnt we wait for
|c|âcosine180|prankster
|c| i came from leddit|which tourney is this for
|c|âRedKingAlmighty|oh prbly yeah lol
|c|âcosine180|just tryouts for ocl
|c|âRedKingAlmighty|its OCL tryout
|c| i came from leddit|oh
|join|Prankster
|c|âRedKingAlmighty|tbh i lost last game turn 1 lol
|c|âRedKingAlmighty|i needed diggy so badly
|c|âRedKingAlmighty|and i made a really dumb move
|c|âcosine180|yea it was kinda over turn 1
|
|switch|p1a: Reuniclus|Reuniclus, F|424\/424
|detailschange|p2a: Aerodactyl|Aerodactyl-Mega, M
|-mega|p2a: Aerodactyl|Aerodactyl|Aerodactylite
|move|p2a: Aerodactyl|Stone Edge|p1a: Reuniclus
|-damage|p1a: Reuniclus|273\/424
|
|-heal|p1a: Reuniclus|299\/424|[from] item: Leftovers
|turn|2
|c|âRedKingAlmighty|dt reuniclus
|c|âRedKingAlmighty|shit
|c|âcosine180|lol
|c|âcosine180|!dt reuniclus
|c|~|\/data-pokemon Reuniclus
|raw|<font size="1"><font color=#585858>Dex#:<\/font> 579&nbsp;|&ThickSpace;<font color=#585858>Height:<\/font> 1 m&nbsp;|&ThickSpace;<font color=#585858>Weight:<\/font> 20.1 kg <em>(40 BP)<\/em>&nbsp;|&ThickSpace;<font color=#585858>Dex Colour:<\/font> Green&nbsp;|&ThickSpace;<font color=#585858>Egg Group(s):<\/font> Amorphous&nbsp;|&ThickSpace;<font color=#585858><font color=#585858>Does Not Evolve<\/font><\/font><\/font>
|c|âcosine180|:]
|
|move|p2a: Aerodactyl|Taunt|p1a: Reuniclus
|-start|p1a: Reuniclus|move: Taunt
|cant|p1a: Reuniclus|move: Taunt|Recover
|
|-heal|p1a: Reuniclus|325\/424|[from] item: Leftovers
|turn|3
|
|switch|p2a: Clefable|Clefable, F|394\/394
|switch|p1a: Hippowdon|Hippowdon, F|420\/420
|-weather|Sandstorm
|
|-weather|Sandstorm|[upkeep]
|turn|4
|c|âcosine180|FUCK
|c|âcosine180|i have the wrong ability
|c|âcosine180|on reuniclus
|c|âcosine180|thats gonna be annoying
|c|âRedKingAlmighty|well tbh reuniclus lacks a bad ability, even overcoat i guess would kindof help you out.
|
|move|p2a: Clefable|Calm Mind|p2a: Clefable
|-boost|p2a: Clefable|spa|1
|-boost|p2a: Clefable|spd|1
|move|p1a: Hippowdon|Stealth Rock|p2a: Clefable
|-sidestart|p2: RedKingAlmighty|move: Stealth Rock
|
|-weather|Sandstorm|[upkeep]
|turn|5
|c|âRedKingAlmighty|but it still sucks
|
|switch|p1a: Charizard|Charizard, F|359\/359
|move|p2a: Clefable|Moonblast|p1a: Charizard
|-resisted|p1a: Charizard
|-damage|p1a: Charizard|284\/359
|-unboost|p1a: Charizard|spa|1
|
|-weather|Sandstorm|[upkeep]
|-damage|p1a: Charizard|262\/359|[from] sandstorm
|turn|6
|c|âcosine180|reuniclus is amazing
|c|âcosine180|!
|
|switch|p2a: Hippowdon|Hippowdon, F|420\/420
|-damage|p2a: Hippowdon|394\/420|[from] Stealth Rock
|move|p1a: Charizard|Roost|p1a: Charizard
|-heal|p1a: Charizard|359\/359
|
|-weather|Sandstorm|[upkeep]
|-damage|p1a: Charizard|337\/359|[from] sandstorm
|-heal|p2a: Hippowdon|420\/420|[from] item: Leftovers
|turn|7
|
|detailschange|p1a: Charizard|Charizard-Mega-X, F
|-mega|p1a: Charizard|Charizard|Charizardite X
|move|p1a: Charizard|Will-O-Wisp|p2a: Hippowdon
|-status|p2a: Hippowdon|brn
|move|p2a: Hippowdon|Stone Edge|p1a: Charizard
|-supereffective|p1a: Charizard
|-damage|p1a: Charizard|251\/359
|
|-weather|none
|-damage|p2a: Hippowdon|368\/420 brn|[from] brn
|turn|8
|
|move|p1a: Charizard|Roost|p1a: Charizard
|-heal|p1a: Charizard|359\/359
|move|p2a: Hippowdon|Roar|p1a: Charizard
|drag|p1a: Hippowdon|Hippowdon, F|420\/420
|-weather|Sandstorm
|
|-weather|Sandstorm|[upkeep]
|-heal|p2a: Hippowdon|394\/420 brn|[from] item: Leftovers
|-damage|p2a: Hippowdon|342\/420 brn|[from] brn
|turn|9
|
|switch|p1a: Starmie|Starmie|323\/323
|move|p2a: Hippowdon|Slack Off|p2a: Hippowdon
|-heal|p2a: Hippowdon|420\/420 brn
|
|-weather|Sandstorm|[upkeep]
|-damage|p1a: Starmie|303\/323|[from] sandstorm
|-heal|p1a: Starmie|323\/323|[from] item: Leftovers
|-damage|p2a: Hippowdon|368\/420 brn|[from] brn
|turn|10
|
|switch|p2a: Ferrothorn|Ferrothorn, F|352\/352
|-damage|p2a: Ferrothorn|330\/352|[from] Stealth Rock
|move|p1a: Starmie|Scald|p2a: Ferrothorn
|-resisted|p2a: Ferrothorn
|-damage|p2a: Ferrothorn|299\/352
|
|-weather|Sandstorm|[upkeep]
|-damage|p1a: Starmie|303\/323|[from] sandstorm
|-heal|p1a: Starmie|323\/323|[from] item: Leftovers
|-heal|p2a: Ferrothorn|321\/352|[from] item: Leftovers
|turn|11
|
|move|p1a: Starmie|Reflect Type|p2a: Ferrothorn
|-start|p1a: Starmie|typechange|[from] move: Reflect Type|[of] p2a: Ferrothorn
|move|p2a: Ferrothorn|Stealth Rock|p1a: Starmie
|-sidestart|p1: cosine180|move: Stealth Rock
|
|-weather|Sandstorm|[upkeep]
|-heal|p2a: Ferrothorn|343\/352|[from] item: Leftovers
|turn|12
|
|move|p1a: Starmie|Rapid Spin|p2a: Ferrothorn
|-resisted|p2a: Ferrothorn
|-damage|p2a: Ferrothorn|339\/352
|-damage|p1a: Starmie|283\/323|[from] ability: Iron Barbs|[of] p2a: Ferrothorn
|-sideend|p1: cosine180|Stealth Rock|[from] move: Rapid Spin|[of] p1a: Starmie
|move|p2a: Ferrothorn|Stealth Rock|p1a: Starmie
|-sidestart|p1: cosine180|move: Stealth Rock
|
|-weather|none
|-heal|p1a: Starmie|303\/323|[from] item: Leftovers
|-heal|p2a: Ferrothorn|352\/352|[from] item: Leftovers
|turn|13
|
|move|p1a: Starmie|Rapid Spin|p2a: Ferrothorn
|-resisted|p2a: Ferrothorn
|-damage|p2a: Ferrothorn|348\/352
|-damage|p1a: Starmie|263\/323|[from] ability: Iron Barbs|[of] p2a: Ferrothorn
|-sideend|p1: cosine180|Stealth Rock|[from] move: Rapid Spin|[of] p1a: Starmie
|move|p2a: Ferrothorn|Stealth Rock|p1a: Starmie
|-sidestart|p1: cosine180|move: Stealth Rock
|
|-heal|p1a: Starmie|283\/323|[from] item: Leftovers
|-heal|p2a: Ferrothorn|352\/352|[from] item: Leftovers
|turn|14
|
|move|p1a: Starmie|Rapid Spin|p2a: Ferrothorn
|-resisted|p2a: Ferrothorn
|-damage|p2a: Ferrothorn|347\/352
|-damage|p1a: Starmie|243\/323|[from] ability: Iron Barbs|[of] p2a: Ferrothorn
|-sideend|p1: cosine180|Stealth Rock|[from] move: Rapid Spin|[of] p1a: Starmie
|move|p2a: Ferrothorn|Stealth Rock|p1a: Starmie
|-sidestart|p1: cosine180|move: Stealth Rock
|
|-heal|p1a: Starmie|263\/323|[from] item: Leftovers
|-heal|p2a: Ferrothorn|352\/352|[from] item: Leftovers
|turn|15
|join|Venancio12
|
|move|p1a: Starmie|Scald|p2a: Ferrothorn
|-resisted|p2a: Ferrothorn
|-damage|p2a: Ferrothorn|331\/352
|move|p2a: Ferrothorn|Stealth Rock|p1a: Starmie
|-fail|p1a: Starmie
|
|-heal|p1a: Starmie|283\/323|[from] item: Leftovers
|-heal|p2a: Ferrothorn|352\/352|[from] item: Leftovers
|turn|16
|
|switch|p2a: Clefable|Clefable, F|394\/394
|move|p1a: Starmie|Scald|p2a: Clefable
|-damage|p2a: Clefable|340\/394
|
|-heal|p1a: Starmie|303\/323|[from] item: Leftovers
|-heal|p2a: Clefable|364\/394|[from] item: Leftovers
|turn|17
|
|switch|p1a: Reuniclus|Reuniclus, F|424\/424
|-damage|p1a: Reuniclus|371\/424|[from] Stealth Rock
|move|p2a: Clefable|Calm Mind|p2a: Clefable
|-boost|p2a: Clefable|spa|1
|-boost|p2a: Clefable|spd|1
|
|-heal|p2a: Clefable|388\/394|[from] item: Leftovers
|-heal|p1a: Reuniclus|397\/424|[from] item: Leftovers
|turn|18
|c|âcosine180|at least i have regenerator now lol
|
|move|p2a: Clefable|Moonblast|p1a: Reuniclus
|-damage|p1a: Reuniclus|214\/424
|move|p1a: Reuniclus|Calm Mind|p1a: Reuniclus
|-boost|p1a: Reuniclus|spa|1
|-boost|p1a: Reuniclus|spd|1
|
|-heal|p2a: Clefable|394\/394|[from] item: Leftovers
|-heal|p1a: Reuniclus|240\/424|[from] item: Leftovers
|turn|19
|
|move|p2a: Clefable|Calm Mind|p2a: Clefable
|-boost|p2a: Clefable|spa|1
|-boost|p2a: Clefable|spd|1
|move|p1a: Reuniclus|Recover|p1a: Reuniclus
|-heal|p1a: Reuniclus|424\/424
|
|turn|20
|
|move|p2a: Clefable|Moonblast|p1a: Reuniclus
|-damage|p1a: Reuniclus|261\/424
|move|p1a: Reuniclus|Calm Mind|p1a: Reuniclus
|-boost|p1a: Reuniclus|spa|1
|-boost|p1a: Reuniclus|spd|1
|
|-heal|p1a: Reuniclus|287\/424|[from] item: Leftovers
|turn|21
|c|âRedKingAlmighty|woah
|c|âRedKingAlmighty|way less dmg
|c|âRedKingAlmighty|how did that happen?
|c| Venancio12|better scalling
|c| Venancio12|some odd number
|c|âcosine180|x2\/1.5 is less then 1.5\/1
|c| Venancio12|or low roll vs high roll
|c|âRedKingAlmighty|well played my cards wrong
|
|switch|p2a: Ferrothorn|Ferrothorn, F|352\/352
|-damage|p2a: Ferrothorn|330\/352|[from] Stealth Rock
|move|p1a: Reuniclus|Recover|p1a: Reuniclus
|-heal|p1a: Reuniclus|424\/424
|
|-heal|p2a: Ferrothorn|352\/352|[from] item: Leftovers
|turn|22
|c|âcosine180|if only i had magic guard now haha
|c|âcosine180|would put in so much work
|c|âRedKingAlmighty|lol
|
|move|p1a: Reuniclus|Focus Blast|p2a: Ferrothorn|[miss]
|-miss|p1a: Reuniclus|p2a: Ferrothorn
|move|p2a: Ferrothorn|Leech Seed|p1a: Reuniclus
|-start|p1a: Reuniclus|move: Leech Seed
|
|-damage|p1a: Reuniclus|371\/424|[from] Leech Seed|[of] p2a: Ferrothorn
|turn|23
|
|switch|p2a: Clefable|Clefable, F|394\/394
|move|p1a: Reuniclus|Focus Blast|p2a: Clefable
|-resisted|p2a: Clefable
|-damage|p2a: Clefable|299\/394
|
|-heal|p2a: Clefable|323\/394|[from] item: Leftovers
|-heal|p1a: Reuniclus|397\/424|[from] item: Leftovers
|-damage|p1a: Reuniclus|344\/424|[from] Leech Seed|[of] p2a: Clefable
|-heal|p2a: Clefable|376\/394|[silent]
|turn|24
|join|Ill leave
|join|Kimio
|c|âRedKingAlmighty|i don't know how to deal with this tbh
|c| Venancio12|CM and pray
|c| Kimio|lol RKA that looks like my team only with aero over meta gross
|c|âRedKingAlmighty|lol it's psyshock
|c| Ill leave|click x ?
|c| Venancio12|just pray
|c|âRedKingAlmighty|thats  a great way to be 6-0'd.
|
|switch|p2a: Hippowdon|Hippowdon, F|368\/420 brn
|-damage|p2a: Hippowdon|342\/420 brn|[from] Stealth Rock
|-weather|Sandstorm
|move|p1a: Reuniclus|Psyshock|p2a: Hippowdon
|-damage|p2a: Hippowdon|195\/420 brn
|
|-weather|Sandstorm|[upkeep]
|-damage|p1a: Reuniclus|318\/424|[from] sandstorm
|-heal|p2a: Hippowdon|221\/420 brn|[from] item: Leftovers
|-heal|p1a: Reuniclus|344\/424|[from] item: Leftovers
|-damage|p1a: Reuniclus|291\/424|[from] Leech Seed|[of] p2a: Hippowdon
|-heal|p2a: Hippowdon|274\/420 brn|[silent]
|-damage|p2a: Hippowdon|222\/420 brn|[from] brn
|turn|25
|join|ke1deo
|
|move|p1a: Reuniclus|Psyshock|p2a: Hippowdon
|-crit|p2a: Hippowdon
|-damage|p2a: Hippowdon|0 fnt
|faint|p2a: Hippowdon
|
|-weather|Sandstorm|[upkeep]
|-damage|p1a: Reuniclus|265\/424|[from] sandstorm
|-heal|p1a: Reuniclus|291\/424|[from] item: Leftovers
|c|âcosine180|o
|c|âRedKingAlmighty|whelp
|c|âRedKingAlmighty|im done for.
|c|âcosine180|that sucks
|
|switch|p2a: Aerodactyl|Aerodactyl-Mega, M|301\/301
|-damage|p2a: Aerodactyl|226\/301|[from] Stealth Rock
|turn|26
|c|âcosine180|we can rematch if u want
|c| Kimio|get the edge crit
|c|âRedKingAlmighty|it's going to miss lol
|c|âRedKingAlmighty|nah it's fine.
|
|switch|p1a: Hippowdon|Hippowdon, F|420\/420
|-damage|p1a: Hippowdon|394\/420|[from] Stealth Rock
|move|p2a: Aerodactyl|Stone Edge|p1a: Hippowdon
|-resisted|p1a: Hippowdon
|-damage|p1a: Hippowdon|340\/420
|
|-weather|Sandstorm|[upkeep]
|-heal|p1a: Hippowdon|366\/420|[from] item: Leftovers
|turn|27
|join|Alldaalts
|c|âcosine180|i cant lose that
|
|move|p2a: Aerodactyl|Taunt|p1a: Hippowdon
|-start|p1a: Hippowdon|move: Taunt
|move|p1a: Hippowdon|Rock Slide|p2a: Aerodactyl
|-supereffective|p2a: Aerodactyl
|-damage|p2a: Aerodactyl|80\/301
|
|-weather|Sandstorm|[upkeep]
|-heal|p1a: Hippowdon|392\/420|[from] item: Leftovers
|turn|28
|leave|ke1deo
|c|âRedKingAlmighty|oh.
|
|move|p2a: Aerodactyl|Roost|p2a: Aerodactyl
|-heal|p2a: Aerodactyl|231\/301
|move|p1a: Hippowdon|Rock Slide|p2a: Aerodactyl
|-damage|p2a: Aerodactyl|161\/301
|
|-weather|none
|-heal|p1a: Hippowdon|418\/420|[from] item: Leftovers
|turn|29
|
|switch|p2a: Clefable|Clefable, F|376\/394
|move|p1a: Hippowdon|Rock Slide|p2a: Clefable
|-crit|p2a: Clefable
|-damage|p2a: Clefable|270\/394
|
|-heal|p2a: Clefable|294\/394|[from] item: Leftovers
|-heal|p1a: Hippowdon|420\/420|[from] item: Leftovers
|-end|p1a: Hippowdon|move: Taunt
|turn|30
|c|âRedKingAlmighty|crit happy today i see lol
|
|switch|p1a: Reuniclus|Reuniclus, F|424\/424
|-damage|p1a: Reuniclus|371\/424|[from] Stealth Rock
|move|p2a: Clefable|Moonblast|p1a: Reuniclus
|-damage|p1a: Reuniclus|256\/424
|-unboost|p1a: Reuniclus|spa|1
|
|-heal|p2a: Clefable|318\/394|[from] item: Leftovers
|-heal|p1a: Reuniclus|282\/424|[from] item: Leftovers
|turn|31
|
|switch|p2a: Latios|Latios, M|301\/301
|-damage|p2a: Latios|264\/301|[from] Stealth Rock
|move|p1a: Reuniclus|Calm Mind|p1a: Reuniclus
|-boost|p1a: Reuniclus|spa|1
|-boost|p1a: Reuniclus|spd|1
|
|-heal|p1a: Reuniclus|308\/424|[from] item: Leftovers
|turn|32
|c| Kimio|I really like using stored power clef
|leave|Venancio12
|c|âRedKingAlmighty|this isn't going to work.
|c|âRedKingAlmighty|aw well
|
|switch|p1a: Clefable|Clefable, M|394\/394
|move|p2a: Latios|Draco Meteor|p1a: Clefable
|-immune|p1a: Clefable|[msg]
|
|turn|33
|c|âcosine180|cant risk
|c| Ill leave|beats tran without taunt but what else
|c|âcosine180|trick
|join|ke1deo
|
|move|p2a: Latios|Psyshock|p1a: Clefable
|-damage|p1a: Clefable|237\/394
|-damage|p2a: Latios|234\/301|[from] item: Life Orb
|move|p1a: Clefable|Moonblast|p2a: Latios
|-supereffective|p2a: Latios
|-damage|p2a: Latios|52\/301
|-unboost|p2a: Latios|spa|1
|
|-heal|p1a: Clefable|261\/394|[from] item: Leftovers
|turn|34
|c|âcosine180|stored power clef is great for stall
|c| Kimio|^
|c| Ill leave|how much to chansey
|c| Ill leave|nvm ill calc
|
|switch|p2a: Ferrothorn|Ferrothorn, F|352\/352
|-damage|p2a: Ferrothorn|330\/352|[from] Stealth Rock
|move|p1a: Clefable|Moonblast|p2a: Ferrothorn
|-resisted|p2a: Ferrothorn
|-damage|p2a: Ferrothorn|294\/352
|
|-heal|p1a: Clefable|285\/394|[from] item: Leftovers
|-heal|p2a: Ferrothorn|316\/352|[from] item: Leftovers
|turn|35
|c|âcosine180|clef beats chansey anyway
|
|move|p1a: Clefable|Flamethrower|p2a: Ferrothorn
|-supereffective|p2a: Ferrothorn
|-damage|p2a: Ferrothorn|116\/352
|move|p2a: Ferrothorn|Leech Seed|p1a: Clefable
|-start|p1a: Clefable|move: Leech Seed
|
|-heal|p1a: Clefable|309\/394|[from] item: Leftovers
|-heal|p2a: Ferrothorn|138\/352|[from] item: Leftovers
|turn|36
|c| Kimio|stored power clef beasts unaware mons too
|c| Ill leave|+6 4 SpA Clefable Stored Power (260 BP) vs. 4 HP \/ 252 SpD Eviolite Chansey: 365-430 (56.8 - 66.9%) -- guaranteed 2HKO
|c|âcosine180|yes
|c|âRedKingAlmighty|god damnit cancel button
|c| Kimio|beats*
|c|âcosine180|and other clefable
|c|âRedKingAlmighty|thats just my fault.
|
|move|p1a: Clefable|Flamethrower|p2a: Ferrothorn
|-supereffective|p2a: Ferrothorn
|-damage|p2a: Ferrothorn|0 fnt
|faint|p2a: Ferrothorn
|
|-heal|p1a: Clefable|333\/394|[from] item: Leftovers
|c|âRedKingAlmighty|ugh
|c| Ill leave|easy two hit ko
|-message|RedKingAlmighty forfeited.
|
|win|cosine180
|c|âRedKingAlmighty|this has been
|c|âcosine180|gg
|c|âcosine180|and sry agin
|c|âRedKingAlmighty|pathetic
|c|âRedKingAlmighty|on my part.
|c| Ill leave|what was this game for
|c|âcosine180|we can always rematch if u want
|c|âcosine180|ocl tryout
|c| Ill leave|oh cool do you have to go through smogon to do it
|c| Kimio|how does olc tryouts work?
|c|âcosine180|uhm 1sec
|c| Ill leave|np
|c|âcosine180|http:\/\/ocl.freeforums.net\/board\/2\/overused-chat-league
|c| ke1deo|^
|c| Ill leave|thanks appreciate it
|c|âcosine180|np
|leave|cosine180
|player|p1
|leave|Kimio
|leave|ke1deo