|join|RedKingAlmighty
|join|Mistaken
|player|p1|RedKingAlmighty|154
|player|p2|Mistaken|264
|gametype|singles
|gen|6
|tier|OU (suspect test)
|clearpoke
|poke|p1|Charizard, F
|poke|p1|Diggersby, M
|poke|p1|Rotom-Wash
|poke|p1|Ferrothorn, M
|poke|p1|Latios, M
|poke|p1|Hippowdon, M
|poke|p2|Charizard, M
|poke|p2|Raikou
|poke|p2|Gengar, M
|poke|p2|Latios, M
|poke|p2|Cloyster, F
|poke|p2|Terrakion
|rule|Swagger Clause: Swagger is banned
|rule|Baton Pass Clause: Limit one PokÃ©mon knowing Baton Pass
|rule|Sleep Clause Mod: Limit one foe put to sleep
|rule|Species Clause: Limit one of each PokÃ©mon
|rule|OHKO Clause: OHKO moves are banned
|rule|Moody Clause: Moody is banned
|rule|Evasion Moves Clause: Evasion moves are banned
|rule|Endless Battle Clause: Forcing endless battles is banned
|rule|HP Percentage Mod: HP is shown in percentages
|teampreview
|join|Prankster
|c|âMistaken|hf
|join|PoweredByRevenge
|c|âRedKingAlmighty|u2
|c| Prankster|GL hf both
|c| Prankster|Play your best
|
|start
|switch|p1a: Rotom-Wash|Rotom-Wash|304\/304
|switch|p2a: Terrakion|Terrakion|323\/323
|turn|1
|
|move|p2a: Terrakion|Stealth Rock|p1a: Rotom-Wash
|-sidestart|p1: RedKingAlmighty|move: Stealth Rock
|move|p1a: Rotom-Wash|Volt Switch|p2a: Terrakion
|-damage|p2a: Terrakion|232\/323
|
|switch|p1a: Hippowdon|Hippowdon, M|420\/420
|-damage|p1a: Hippowdon|394\/420|[from] Stealth Rock
|
|-heal|p1a: Hippowdon|420\/420|[from] item: Leftovers
|turn|2
|join|Agilis
|
|move|p2a: Terrakion|Taunt|p1a: Hippowdon
|-start|p1a: Hippowdon|move: Taunt
|move|p1a: Hippowdon|Earthquake|p2a: Terrakion
|-supereffective|p2a: Terrakion
|-damage|p2a: Terrakion|0 fnt
|faint|p2a: Terrakion
|
|c| Agilis|Prankster that was so cheesy
|
|switch|p2a: Gengar|Gengar, M|261\/261
|turn|3
|join|Zenzo
|c| PoweredByRevenge|got to scarfed knock off diggersby if real
|
|switch|p1a: Ferrothorn|Ferrothorn, M|352\/352
|-damage|p1a: Ferrothorn|330\/352|[from] Stealth Rock
|move|p2a: Gengar|Shadow Ball|p1a: Ferrothorn
|-damage|p1a: Ferrothorn|201\/352
|-damage|p2a: Gengar|235\/261|[from] item: Life Orb
|
|-heal|p1a: Ferrothorn|223\/352|[from] item: Leftovers
|turn|4
|c| Agilis|Focus Blast
|
|move|p1a: Ferrothorn|Protect|p1a: Ferrothorn
|-singleturn|p1a: Ferrothorn|Protect
|move|p2a: Gengar|Focus Blast|p1a: Ferrothorn
|-activate|p1a: Ferrothorn|Protect
|
|-heal|p1a: Ferrothorn|245\/352|[from] item: Leftovers
|turn|5
|
|move|p2a: Gengar|Focus Blast|p1a: Ferrothorn
|-supereffective|p1a: Ferrothorn
|-damage|p1a: Ferrothorn|0 fnt
|-damage|p2a: Gengar|209\/261|[from] item: Life Orb
|faint|p1a: Ferrothorn
|
|
|switch|p1a: Diggersby Tho|Diggersby, M|311\/311
|-damage|p1a: Diggersby Tho|292\/311|[from] Stealth Rock
|turn|6
|c|âRedKingAlmighty|yeah i don't have any switchins for gengar
|
|switch|p2a: Raikou|Raikou|321\/321
|-ability|p2a: Raikou|Pressure
|move|p1a: Diggersby Tho|Wild Charge|p2a: Raikou
|-resisted|p2a: Raikou
|-damage|p2a: Raikou|237\/321
|-damage|p1a: Diggersby Tho|271\/311|[from] recoil|[of] p2a: Raikou
|
|turn|7
|c|âMistaken|your not scarf
|c|âMistaken|oo
|
|switch|p1a: Latios|Latios, M|302\/302
|-damage|p1a: Latios|265\/302|[from] Stealth Rock
|switch|p2a: Gengar|Gengar, M|209\/261
|
|turn|8
|join|Ghostfear
|leave|Ghostfear
|c|âMistaken|yeah latios is a big threat
|c|âRedKingAlmighty|brb
|leave|Agilis
|
|switch|p2a: Raikou|Raikou|237\/321
|-ability|p2a: Raikou|Pressure
|move|p1a: Latios|Defog|p2a: Raikou
|-unboost|p2a: Raikou|evasion|1
|-sideend|p1: RedKingAlmighty|Stealth Rock|[from] move: Defog|[of] p1a: Latios
|
|turn|9
|join|Venancio12
|leave|Zenzo
|c|âRedKingAlmighty|k
|c|âRedKingAlmighty|back
|c|âRedKingAlmighty|sorry that took so long
|
|move|p2a: Raikou|Hidden Power|p1a: Latios
|-supereffective|p1a: Latios
|-damage|p1a: Latios|135\/302
|move|p1a: Latios|Draco Meteor|p2a: Raikou
|-damage|p2a: Raikou|41\/321
|-unboost|p1a: Latios|spa|2
|-damage|p1a: Latios|105\/302|[from] item: Life Orb
|
|turn|10
|
|move|p2a: Raikou|Hidden Power|p1a: Latios
|-supereffective|p1a: Latios
|-damage|p1a: Latios|0 fnt
|faint|p1a: Latios
|
|
|switch|p1a: Charizard|Charizard, F|333\/333
|turn|11
|
|detailschange|p1a: Charizard|Charizard-Mega-X, F
|-mega|p1a: Charizard|Charizard|Charizardite X
|move|p2a: Raikou|Volt Switch|p1a: Charizard
|-resisted|p1a: Charizard
|-damage|p1a: Charizard|270\/333
|
|switch|p2a: Charizard|Charizard, M|315\/315
|move|p1a: Charizard|Dragon Dance|p1a: Charizard
|-boost|p1a: Charizard|atk|1
|-boost|p1a: Charizard|spe|1
|
|turn|12
|
|move|p1a: Charizard|Dragon Claw|p2a: Charizard
|-crit|p2a: Charizard
|-damage|p2a: Charizard|0 fnt
|faint|p2a: Charizard
|
|
|switch|p2a: Cloyster|Cloyster, F|241\/241
|turn|13
|join|Ailurophilia
|
|switch|p1a: Rotom-Wash|Rotom-Wash|304\/304
|move|p2a: Cloyster|Shell Smash|p2a: Cloyster
|-boost|p2a: Cloyster|atk|2
|-boost|p2a: Cloyster|spa|2
|-boost|p2a: Cloyster|spe|2
|-unboost|p2a: Cloyster|def|1
|-unboost|p2a: Cloyster|spd|1
|-enditem|p2a: Cloyster|White Herb
|-restoreboost|p2a: Cloyster|[silent]
|
|turn|14
|
|move|p2a: Cloyster|Rock Blast|p1a: Rotom-Wash|[miss]
|-miss|p2a: Cloyster|p1a: Rotom-Wash
|move|p1a: Rotom-Wash|Will-O-Wisp|p2a: Cloyster|[miss]
|-miss|p1a: Rotom-Wash|p2a: Cloyster
|
|turn|15
|c| Prankster|damn
|c|âRedKingAlmighty|lets all miss together
|
|move|p2a: Cloyster|Rock Blast|p1a: Rotom-Wash
|-damage|p1a: Rotom-Wash|265\/304
|-damage|p1a: Rotom-Wash|227\/304
|-damage|p1a: Rotom-Wash|189\/304
|-damage|p1a: Rotom-Wash|153\/304
|-damage|p1a: Rotom-Wash|118\/304
|-hitcount|p1a: Rotom-Wash|5
|move|p1a: Rotom-Wash|Will-O-Wisp|p2a: Cloyster
|-status|p2a: Cloyster|brn
|
|-heal|p1a: Rotom-Wash|137\/304|[from] item: Leftovers
|-damage|p2a: Cloyster|211\/241 brn|[from] brn
|turn|16
|
|move|p2a: Cloyster|Rock Blast|p1a: Rotom-Wash
|-damage|p1a: Rotom-Wash|118\/304
|-damage|p1a: Rotom-Wash|100\/304
|-damage|p1a: Rotom-Wash|82\/304
|-damage|p1a: Rotom-Wash|65\/304
|-damage|p1a: Rotom-Wash|46\/304
|-hitcount|p1a: Rotom-Wash|5
|move|p1a: Rotom-Wash|Volt Switch|p2a: Cloyster
|-supereffective|p2a: Cloyster
|-damage|p2a: Cloyster|0 fnt
|faint|p2a: Cloyster
|
|switch|p1a: Diggersby Tho|Diggersby, M|271\/311
|
|
|switch|p2a: Gengar|Gengar, M|209\/261
|turn|17
|
|move|p1a: Diggersby Tho|Wild Charge|p2a: Gengar
|-damage|p2a: Gengar|4\/261
|-damage|p1a: Diggersby Tho|220\/311|[from] recoil|[of] p2a: Gengar
|move|p2a: Gengar|Focus Blast|p1a: Diggersby Tho|[miss]
|-miss|p2a: Gengar|p1a: Diggersby Tho
|
|turn|18
|
|switch|p2a: Raikou|Raikou|41\/321
|-ability|p2a: Raikou|Pressure
|move|p1a: Diggersby Tho|Wild Charge|p2a: Raikou
|-crit|p2a: Raikou
|-resisted|p2a: Raikou
|-damage|p2a: Raikou|0 fnt
|-damage|p1a: Diggersby Tho|210\/311|[from] recoil|[of] p2a: Raikou
|faint|p2a: Raikou
|
|
|switch|p2a: Latios|Latios, M|301\/301
|turn|19
|join|raiidon
|
|switch|p1a: Hippowdon|Hippowdon, M|420\/420
|move|p2a: Latios|Psyshock|p1a: Hippowdon
|-crit|p1a: Hippowdon
|-damage|p1a: Hippowdon|239\/420
|-damage|p2a: Latios|271\/301|[from] item: Life Orb
|
|-heal|p1a: Hippowdon|265\/420|[from] item: Leftovers
|turn|20
|leave|raiidon
|
|move|p2a: Latios|Draco Meteor|p1a: Hippowdon
|-damage|p1a: Hippowdon|0 fnt
|-unboost|p2a: Latios|spa|2
|-damage|p2a: Latios|241\/301|[from] item: Life Orb
|faint|p1a: Hippowdon
|
|
|switch|p1a: Diggersby Tho|Diggersby, M|210\/311
|turn|21
|
|move|p1a: Diggersby Tho|U-turn|p2a: Latios
|-supereffective|p2a: Latios
|-damage|p2a: Latios|0 fnt
|faint|p2a: Latios
|c|âMistaken|5050's
|c|âMistaken|gg
|c|âRedKingAlmighty|gg
|
|switch|p1a: Charizard|Charizard-Mega-X, F|270\/333
|
|leave|Mistaken
|
|switch|p2a: Gengar|Gengar, M|4\/261
|turn|22
|leave|Ailurophilia
|leave|Prankster
|player|p2
|c|âRedKingAlmighty|well thats G1
|join|Prankster
|leave|Prankster
|leave|PoweredByRevenge
|-message|Player 2 lost due to inactivity.
|
|win|RedKingAlmighty
|leave|RedKingAlmighty
|player|p1
|join|RedKingAlmighty