|join|fzappa
|join|Davon
|player|p1|fzappa|39
|player|p2|Davon|75
|gametype|singles
|gen|6
|tier|ORAS OU
|rated
|rule|Sleep Clause Mod: Limit one foe put to sleep
|rule|Species Clause: Limit one of each PokÃ©mon
|rule|OHKO Clause: OHKO moves are banned
|rule|Moody Clause: Moody is banned
|rule|Evasion Moves Clause: Evasion moves are banned
|rule|Endless Battle Clause: Forcing endless battles is banned
|rule|HP Percentage Mod: HP is shown in percentages
|clearpoke
|poke|p1|Slowbro, M
|poke|p1|Bisharp, F
|poke|p1|Rhyperior, F
|poke|p1|Sylveon, F
|poke|p1|Latios, M
|poke|p1|Breloom, F
|poke|p2|Suicune
|poke|p2|Sceptile, M
|poke|p2|Jirachi
|poke|p2|Zapdos
|poke|p2|Clefable, M
|poke|p2|Landorus-Therian, M
|rule|Swagger Clause: Swagger is banned
|rule|Baton Pass Clause: Limit one PokÃ©mon knowing Baton Pass
|teampreview
|
|start
|switch|p1a: Sylveon|Sylveon, F|392\/392
|switch|p2a: Sceptile|Sceptile, M|282\/282
|turn|1
|
|switch|p2a: Jirachi|Jirachi|404\/404
|move|p1a: Sylveon|Hyper Voice|p2a: Jirachi
|-crit|p2a: Jirachi
|-resisted|p2a: Jirachi
|-damage|p2a: Jirachi|161\/404
|
|-heal|p2a: Jirachi|186\/404|[from] item: Leftovers
|turn|2
|
|switch|p1a: Bisharp|Bisharp, F|334\/334
|move|p2a: Jirachi|Toxic|p1a: Bisharp
|-fail|p1a: Bisharp
|
|-heal|p2a: Jirachi|211\/404|[from] item: Leftovers
|turn|3
|
|move|p2a: Jirachi|Fire Punch|p1a: Bisharp
|-supereffective|p1a: Bisharp
|-damage|p1a: Bisharp|194\/334
|-status|p1a: Bisharp|brn
|move|p1a: Bisharp|Knock Off|p2a: Jirachi
|-crit|p2a: Jirachi
|-supereffective|p2a: Jirachi
|-damage|p2a: Jirachi|0 fnt
|-enditem|p2a: Jirachi|Leftovers|[from] move: Knock Off|[of] p1a: Bisharp
|faint|p2a: Jirachi
|
|-damage|p1a: Bisharp|153\/334 brn|[from] brn
|
|switch|p2a: Sceptile|Sceptile, M|282\/282
|turn|4
|
|detailschange|p2a: Sceptile|Sceptile-Mega, M
|message|Sceptile has Mega Evolved into Mega Sceptile!
|move|p2a: Sceptile|Giga Drain|p1a: Bisharp
|-resisted|p1a: Bisharp
|-damage|p1a: Bisharp|93\/334 brn
|move|p1a: Bisharp|Iron Head|p2a: Sceptile
|-damage|p2a: Sceptile|185\/282
|
|-damage|p1a: Bisharp|52\/334 brn|[from] brn
|turn|5
|
|move|p1a: Bisharp|Sucker Punch|p2a: Sceptile
|-fail|p2a: Sceptile
|move|p2a: Sceptile|Substitute|p2a: Sceptile
|-start|p2a: Sceptile|Substitute
|-damage|p2a: Sceptile|115\/282
|
|-damage|p1a: Bisharp|11\/334 brn|[from] brn
|turn|6
|
|move|p2a: Sceptile|Giga Drain|p1a: Bisharp
|-resisted|p1a: Bisharp
|-damage|p1a: Bisharp|0 fnt
|-heal|p2a: Sceptile|121\/282|[from] drain|[of] p1a: Bisharp
|faint|p1a: Bisharp
|
|
|switch|p1a: Sylveon|Sylveon, F|392\/392
|turn|7
|
|move|p2a: Sceptile|Giga Drain|p1a: Sylveon
|-damage|p1a: Sylveon|277\/392
|-heal|p2a: Sceptile|179\/282|[from] drain|[of] p1a: Sylveon
|move|p1a: Sylveon|Hyper Voice|p2a: Sceptile
|-supereffective|p2a: Sceptile
|-damage|p2a: Sceptile|0 fnt
|faint|p2a: Sceptile
|
|
|switch|p2a: Landorus-Therian|Landorus-Therian, M|337\/337
|-ability|p2a: Landorus-Therian|Intimidate|[of] p1a: Sylveon
|-unboost|p1a: Sylveon|atk|1
|turn|8
|
|switch|p1a: Breloom|Breloom, F|262\/262
|move|p2a: Landorus-Therian|Earthquake|p1a: Breloom
|-resisted|p1a: Breloom
|-damage|p1a: Breloom|130\/262
|
|turn|9
|
|move|p2a: Landorus-Therian|Earthquake|p1a: Breloom
|-resisted|p1a: Breloom
|-damage|p1a: Breloom|0 fnt
|faint|p1a: Breloom
|
|
|switch|p1a: Latios|Latios, M|301\/301
|turn|10
|
|switch|p2a: Clefable|Clefable, M|394\/394
|switch|p1a: Sylveon|Sylveon, F|277\/392
|
|turn|11
|
|switch|p2a: Zapdos|Zapdos|369\/369
|-ability|p2a: Zapdos|Pressure
|move|p1a: Sylveon|Hyper Voice|p2a: Zapdos
|-crit|p2a: Zapdos
|-damage|p2a: Zapdos|0 fnt
|faint|p2a: Zapdos
|
|
|switch|p2a: Landorus-Therian|Landorus-Therian, M|337\/337
|-ability|p2a: Landorus-Therian|Intimidate|[of] p1a: Sylveon
|-unboost|p1a: Sylveon|atk|1
|turn|12
|
|switch|p1a: Slowbro|Slowbro, M|394\/394
|move|p2a: Landorus-Therian|Earthquake|p1a: Slowbro
|-damage|p1a: Slowbro|249\/394
|
|turn|13
|
|switch|p2a: Suicune|Suicune|404\/404
|-ability|p2a: Suicune|Pressure
|detailschange|p1a: Slowbro|Slowbro-Mega, M
|message|Slowbro has Mega Evolved into Mega Slowbro!
|move|p1a: Slowbro|Calm Mind|p1a: Slowbro
|-boost|p1a: Slowbro|spa|1
|-boost|p1a: Slowbro|spd|1
|
|turn|14
|
|move|p2a: Suicune|Calm Mind|p2a: Suicune
|-boost|p2a: Suicune|spa|1
|-boost|p2a: Suicune|spd|1
|move|p1a: Slowbro|Calm Mind|p1a: Slowbro
|-boost|p1a: Slowbro|spa|1
|-boost|p1a: Slowbro|spd|1
|
|turn|15
|
|move|p2a: Suicune|Scald|p1a: Slowbro
|-resisted|p1a: Slowbro
|-damage|p1a: Slowbro|208\/394
|move|p1a: Slowbro|Calm Mind|p1a: Slowbro
|-boost|p1a: Slowbro|spa|1
|-boost|p1a: Slowbro|spd|1
|
|turn|16
|
|move|p2a: Suicune|Scald|p1a: Slowbro
|-resisted|p1a: Slowbro
|-damage|p1a: Slowbro|178\/394
|move|p1a: Slowbro|Calm Mind|p1a: Slowbro
|-boost|p1a: Slowbro|spa|1
|-boost|p1a: Slowbro|spd|1
|
|turn|17
|
|move|p2a: Suicune|Scald|p1a: Slowbro
|-resisted|p1a: Slowbro
|-damage|p1a: Slowbro|154\/394
|move|p1a: Slowbro|Scald|p2a: Suicune
|-resisted|p2a: Suicune
|-damage|p2a: Suicune|296\/404
|-status|p2a: Suicune|brn
|
|-heal|p2a: Suicune|321\/404 brn|[from] item: Leftovers
|-damage|p2a: Suicune|271\/404 brn|[from] brn
|turn|18
|
|move|p2a: Suicune|Calm Mind|p2a: Suicune
|-boost|p2a: Suicune|spa|1
|-boost|p2a: Suicune|spd|1
|move|p1a: Slowbro|Calm Mind|p1a: Slowbro
|-boost|p1a: Slowbro|spa|1
|-boost|p1a: Slowbro|spd|1
|
|-heal|p2a: Suicune|296\/404 brn|[from] item: Leftovers
|-damage|p2a: Suicune|246\/404 brn|[from] brn
|turn|19
|
|move|p2a: Suicune|Scald|p1a: Slowbro
|-resisted|p1a: Slowbro
|-damage|p1a: Slowbro|123\/394
|move|p1a: Slowbro|Calm Mind|p1a: Slowbro
|-boost|p1a: Slowbro|spa|1
|-boost|p1a: Slowbro|spd|1
|
|-heal|p2a: Suicune|271\/404 brn|[from] item: Leftovers
|-damage|p2a: Suicune|221\/404 brn|[from] brn
|turn|20
|
|move|p2a: Suicune|Calm Mind|p2a: Suicune
|-boost|p2a: Suicune|spa|1
|-boost|p2a: Suicune|spd|1
|move|p1a: Slowbro|Rest|p1a: Slowbro
|-status|p1a: Slowbro|slp
|-heal|p1a: Slowbro|394\/394 slp|[silent]
|-status|p1a: Slowbro|slp|[from] move: Rest
|
|-heal|p2a: Suicune|246\/404 brn|[from] item: Leftovers
|-damage|p2a: Suicune|196\/404 brn|[from] brn
|turn|21
|
|move|p2a: Suicune|Rest|p2a: Suicune
|-status|p2a: Suicune|slp
|-heal|p2a: Suicune|404\/404 slp|[silent]
|-status|p2a: Suicune|slp|[from] move: Rest
|cant|p1a: Slowbro|slp
|move|p1a: Slowbro|Sleep Talk|p1a: Slowbro
|move|p1a: Slowbro|Scald|p2a: Suicune|[from]Sleep Talk
|-resisted|p2a: Suicune
|-damage|p2a: Suicune|313\/404 slp
|
|-heal|p2a: Suicune|338\/404 slp|[from] item: Leftovers
|turn|22
|
|cant|p2a: Suicune|slp
|move|p2a: Suicune|Sleep Talk|p2a: Suicune
|move|p2a: Suicune|Calm Mind|p2a: Suicune|[from]Sleep Talk
|-boost|p2a: Suicune|spa|1
|-boost|p2a: Suicune|spd|1
|cant|p1a: Slowbro|slp
|move|p1a: Slowbro|Sleep Talk|p1a: Slowbro
|move|p1a: Slowbro|Scald|p2a: Suicune|[from]Sleep Talk
|-resisted|p2a: Suicune
|-damage|p2a: Suicune|271\/404 slp
|
|-heal|p2a: Suicune|296\/404 slp|[from] item: Leftovers
|turn|23
|
|cant|p2a: Suicune|slp
|move|p2a: Suicune|Sleep Talk|p2a: Suicune
|move|p2a: Suicune|Rest|p2a: Suicune|[from]Sleep Talk
|-fail|p2a: Suicune
|-curestatus|p1a: Slowbro|slp
|move|p1a: Slowbro|Scald|p2a: Suicune
|-resisted|p2a: Suicune
|-damage|p2a: Suicune|220\/404 slp
|
|-heal|p2a: Suicune|245\/404 slp|[from] item: Leftovers
|turn|24
|
|-curestatus|p2a: Suicune|slp
|move|p2a: Suicune|Calm Mind|p2a: Suicune
|-boost|p2a: Suicune|spa|1
|-boost|p2a: Suicune|spd|1
|move|p1a: Slowbro|Scald|p2a: Suicune
|-resisted|p2a: Suicune
|-damage|p2a: Suicune|189\/404
|
|-heal|p2a: Suicune|214\/404|[from] item: Leftovers
|turn|25
|
|move|p2a: Suicune|Calm Mind|p2a: Suicune
|-boost|p2a: Suicune|spa|1
|-boost|p2a: Suicune|spd|1
|move|p1a: Slowbro|Scald|p2a: Suicune
|-resisted|p2a: Suicune
|-damage|p2a: Suicune|162\/404
|
|-heal|p2a: Suicune|187\/404|[from] item: Leftovers
|turn|26
|
|move|p2a: Suicune|Rest|p2a: Suicune
|-status|p2a: Suicune|slp
|-heal|p2a: Suicune|404\/404 slp|[silent]
|-status|p2a: Suicune|slp|[from] move: Rest
|move|p1a: Slowbro|Scald|p2a: Suicune
|-resisted|p2a: Suicune
|-damage|p2a: Suicune|352\/404 slp
|
|-heal|p2a: Suicune|377\/404 slp|[from] item: Leftovers
|turn|27
|
|cant|p2a: Suicune|slp
|move|p1a: Slowbro|Scald|p2a: Suicune
|-resisted|p2a: Suicune
|-damage|p2a: Suicune|321\/404 slp
|
|-heal|p2a: Suicune|346\/404 slp|[from] item: Leftovers
|turn|28
|
|cant|p2a: Suicune|slp
|move|p1a: Slowbro|Scald|p2a: Suicune
|-resisted|p2a: Suicune
|-damage|p2a: Suicune|298\/404 slp
|
|-heal|p2a: Suicune|323\/404 slp|[from] item: Leftovers
|turn|29
|
|-curestatus|p2a: Suicune|slp
|move|p2a: Suicune|Rest|p2a: Suicune
|-status|p2a: Suicune|slp
|-heal|p2a: Suicune|404\/404 slp|[silent]
|-status|p2a: Suicune|slp|[from] move: Rest
|move|p1a: Slowbro|Scald|p2a: Suicune
|-resisted|p2a: Suicune
|-damage|p2a: Suicune|349\/404 slp
|
|-heal|p2a: Suicune|374\/404 slp|[from] item: Leftovers
|turn|30
|
|cant|p2a: Suicune|slp
|move|p1a: Slowbro|Scald|p2a: Suicune
|-resisted|p2a: Suicune
|-damage|p2a: Suicune|323\/404 slp
|
|-heal|p2a: Suicune|348\/404 slp|[from] item: Leftovers
|turn|31
|
|cant|p2a: Suicune|slp
|move|p1a: Slowbro|Scald|p2a: Suicune
|-resisted|p2a: Suicune
|-damage|p2a: Suicune|294\/404 slp
|
|-heal|p2a: Suicune|319\/404 slp|[from] item: Leftovers
|turn|32
|
|-curestatus|p2a: Suicune|slp
|move|p2a: Suicune|Rest|p2a: Suicune
|-status|p2a: Suicune|slp
|-heal|p2a: Suicune|404\/404 slp|[silent]
|-status|p2a: Suicune|slp|[from] move: Rest
|move|p1a: Slowbro|Scald|p2a: Suicune
|-resisted|p2a: Suicune
|-damage|p2a: Suicune|353\/404 slp
|
|-heal|p2a: Suicune|378\/404 slp|[from] item: Leftovers
|turn|33
|
|cant|p2a: Suicune|slp
|move|p1a: Slowbro|Scald|p2a: Suicune
|-resisted|p2a: Suicune
|-damage|p2a: Suicune|327\/404 slp
|
|-heal|p2a: Suicune|352\/404 slp|[from] item: Leftovers
|turn|34
|
|cant|p2a: Suicune|slp
|move|p1a: Slowbro|Rest|p1a: Slowbro
|-fail|p1a: Slowbro
|
|-heal|p2a: Suicune|377\/404 slp|[from] item: Leftovers
|turn|35
|
|switch|p1a: Latios|Latios, M|301\/301
|-curestatus|p2a: Suicune|slp
|move|p2a: Suicune|Rest|p2a: Suicune
|-status|p2a: Suicune|slp
|-heal|p2a: Suicune|404\/404 slp|[silent]
|-status|p2a: Suicune|slp|[from] move: Rest
|
|turn|36
|
|move|p1a: Latios|Psyshock|p2a: Suicune
|-damage|p2a: Suicune|290\/404 slp
|-damage|p1a: Latios|271\/301|[from] item: Life Orb
|cant|p2a: Suicune|slp
|move|p2a: Suicune|Sleep Talk|p2a: Suicune
|move|p2a: Suicune|Rest|p2a: Suicune|[from]Sleep Talk
|-fail|p2a: Suicune
|
|-heal|p2a: Suicune|315\/404 slp|[from] item: Leftovers
|turn|37
|
|move|p1a: Latios|Psyshock|p2a: Suicune
|-damage|p2a: Suicune|202\/404 slp
|-damage|p1a: Latios|241\/301|[from] item: Life Orb
|cant|p2a: Suicune|slp
|move|p2a: Suicune|Sleep Talk|p2a: Suicune
|move|p2a: Suicune|Rest|p2a: Suicune|[from]Sleep Talk
|-fail|p2a: Suicune
|
|-heal|p2a: Suicune|227\/404 slp|[from] item: Leftovers
|turn|38
|
|move|p1a: Latios|Psyshock|p2a: Suicune
|-damage|p2a: Suicune|97\/404 slp
|-damage|p1a: Latios|211\/301|[from] item: Life Orb
|-curestatus|p2a: Suicune|slp
|move|p2a: Suicune|Rest|p2a: Suicune
|-status|p2a: Suicune|slp
|-heal|p2a: Suicune|404\/404 slp|[silent]
|-status|p2a: Suicune|slp|[from] move: Rest
|
|turn|39
|c|âfzappa|you must have shell armour!
|
|move|p1a: Latios|Psyshock|p2a: Suicune
|-damage|p2a: Suicune|294\/404 slp
|-damage|p1a: Latios|181\/301|[from] item: Life Orb
|cant|p2a: Suicune|slp
|move|p2a: Suicune|Sleep Talk|p2a: Suicune
|move|p2a: Suicune|Calm Mind|p2a: Suicune|[from]Sleep Talk
|-fail|p2a: Suicune
|
|-heal|p2a: Suicune|319\/404 slp|[from] item: Leftovers
|turn|40
|
|move|p1a: Latios|Psyshock|p2a: Suicune
|-damage|p2a: Suicune|205\/404 slp
|-damage|p1a: Latios|151\/301|[from] item: Life Orb
|cant|p2a: Suicune|slp
|move|p2a: Suicune|Sleep Talk|p2a: Suicune
|move|p2a: Suicune|Calm Mind|p2a: Suicune|[from]Sleep Talk
|-fail|p2a: Suicune
|
|-heal|p2a: Suicune|230\/404 slp|[from] item: Leftovers
|turn|41
|
|move|p1a: Latios|Draco Meteor|p2a: Suicune
|-damage|p2a: Suicune|166\/404 slp
|-unboost|p1a: Latios|spa|2
|-damage|p1a: Latios|121\/301|[from] item: Life Orb
|-curestatus|p2a: Suicune|slp
|move|p2a: Suicune|Rest|p2a: Suicune
|-status|p2a: Suicune|slp
|-heal|p2a: Suicune|404\/404 slp|[silent]
|-status|p2a: Suicune|slp|[from] move: Rest
|
|turn|42
|
|move|p1a: Latios|Draco Meteor|p2a: Suicune
|-damage|p2a: Suicune|369\/404 slp
|-unboost|p1a: Latios|spa|2
|-damage|p1a: Latios|91\/301|[from] item: Life Orb
|cant|p2a: Suicune|slp
|move|p2a: Suicune|Sleep Talk|p2a: Suicune
|move|p2a: Suicune|Rest|p2a: Suicune|[from]Sleep Talk
|-fail|p2a: Suicune
|
|-heal|p2a: Suicune|394\/404 slp|[from] item: Leftovers
|turn|43
|
|move|p1a: Latios|Draco Meteor|p2a: Suicune
|-damage|p2a: Suicune|371\/404 slp
|-unboost|p1a: Latios|spa|2
|-damage|p1a: Latios|61\/301|[from] item: Life Orb
|cant|p2a: Suicune|slp
|move|p2a: Suicune|Sleep Talk|p2a: Suicune
|move|p2a: Suicune|Calm Mind|p2a: Suicune|[from]Sleep Talk
|-fail|p2a: Suicune
|
|-heal|p2a: Suicune|396\/404 slp|[from] item: Leftovers
|turn|44
|
|move|p1a: Latios|Draco Meteor|p2a: Suicune
|-damage|p2a: Suicune|377\/404 slp
|-damage|p1a: Latios|31\/301|[from] item: Life Orb
|-curestatus|p2a: Suicune|slp
|move|p2a: Suicune|Scald|p1a: Latios
|-resisted|p1a: Latios
|-damage|p1a: Latios|0 fnt
|faint|p1a: Latios
|
|-heal|p2a: Suicune|402\/404|[from] item: Leftovers
|c|âfzappa|over 30 attacks and nope
|
|switch|p1a: Sylveon|Sylveon, F|277\/392
|turn|45
|
|move|p2a: Suicune|Scald|p1a: Sylveon
|-damage|p1a: Sylveon|0 fnt
|faint|p1a: Sylveon
|
|-heal|p2a: Suicune|404\/404|[from] item: Leftovers
|-message|fzappa forfeited.
|
|win|Davon
|raw|Ladder updating...
|leave|fzappa
|player|p1
|raw|Ladder (probably) updated, but score could not be retrieved (timeout).
|raw|Ladder (probably) updated, but score could not be retrieved (Error: socket hang up).