|join|nomebello
|join|fzappa
|player|p1|nomebello|121
|player|p2|fzappa|266
|gametype|singles
|gen|6
|tier|OU
|rated
|clearpoke
|poke|p1|Skarmory, M
|poke|p1|Medicham, F
|poke|p1|Bisharp, M
|poke|p1|Rotom-Wash
|poke|p1|Trevenant, F
|poke|p1|Chansey, F
|poke|p2|Charizard, M
|poke|p2|Keldeo
|poke|p2|Bisharp, F
|poke|p2|Gliscor, M
|poke|p2|Latios, M
|poke|p2|Excadrill, M
|rule|Swagger Clause: Swagger is banned
|rule|Baton Pass Clause: Limit one PokÃ©mon knowing Baton Pass
|rule|Sleep Clause Mod: Limit one foe put to sleep
|rule|Species Clause: Limit one of each PokÃ©mon
|rule|OHKO Clause: OHKO moves are banned
|rule|Moody Clause: Moody is banned
|rule|Evasion Moves Clause: Evasion moves are banned
|rule|Endless Battle Clause: Forcing endless battles is banned
|rule|HP Percentage Mod: HP is shown in percentages
|teampreview
|
|start
|switch|p1a: Chansey|Chansey, F|642\/642
|switch|p2a: Bisharp|Bisharp, F|272\/272
|turn|1
|
|switch|p1a: Skarmory|Skarmory, M|334\/334
|move|p2a: Bisharp|Knock Off|p1a: Skarmory
|-damage|p1a: Skarmory|237\/334
|-damage|p2a: Bisharp|227\/272|[from] item: Rocky Helmet|[of] p1a: Skarmory
|-enditem|p1a: Skarmory|Rocky Helmet|[from] move: Knock Off|[of] p2a: Bisharp
|
|turn|2
|
|switch|p2a: Excadrill|Excadrill, M|361\/361
|-ability|p2a: Excadrill|Mold Breaker
|move|p1a: Skarmory|Roost|p1a: Skarmory
|-heal|p1a: Skarmory|334\/334
|
|turn|3
|
|move|p2a: Excadrill|Stealth Rock|p1a: Skarmory
|-sidestart|p1: nomebello|move: Stealth Rock
|move|p1a: Skarmory|Spikes|p2a: Excadrill
|-sidestart|p2: fzappa|Spikes
|
|turn|4
|
|switch|p1a: Trevenant|Trevenant, F|374\/374
|-damage|p1a: Trevenant|328\/374|[from] Stealth Rock
|move|p2a: Excadrill|Rapid Spin|p1a: Trevenant
|-immune|p1a: Trevenant|[msg]
|
|turn|5
|
|switch|p2a: Charizard|Charizard, M|298\/298
|move|p1a: Trevenant|Substitute|p1a: Trevenant
|-start|p1a: Trevenant|Substitute
|-damage|p1a: Trevenant|235\/374
|
|turn|6
|
|move|p2a: Charizard|Dragon Dance|p2a: Charizard
|-boost|p2a: Charizard|atk|1
|-boost|p2a: Charizard|spe|1
|move|p1a: Trevenant|Leech Seed|p2a: Charizard
|-start|p2a: Charizard|move: Leech Seed
|
|-damage|p2a: Charizard|261\/298|[from] Leech Seed|[of] p1a: Trevenant
|-heal|p1a: Trevenant|272\/374|[silent]
|turn|7
|
|detailschange|p2a: Charizard|Charizard-Mega-X, M
|message|Charizard has Mega Evolved into Mega Charizard!
|move|p2a: Charizard|Dragon Claw|p1a: Trevenant
|-end|p1a: Trevenant|Substitute
|move|p1a: Trevenant|Horn Leech|p2a: Charizard
|-resisted|p2a: Charizard
|-damage|p2a: Charizard|239\/298
|-heal|p1a: Trevenant|283\/374|[from] drain|[of] p2a: Charizard
|
|-damage|p2a: Charizard|202\/298|[from] Leech Seed|[of] p1a: Trevenant
|-heal|p1a: Trevenant|320\/374|[silent]
|turn|8
|
|switch|p1a: Skarmory|Skarmory, M|334\/334
|-damage|p1a: Skarmory|293\/334|[from] Stealth Rock
|move|p2a: Charizard|Dragon Claw|p1a: Skarmory
|-resisted|p1a: Skarmory
|-damage|p1a: Skarmory|213\/334
|
|-damage|p2a: Charizard|165\/298|[from] Leech Seed|[of] p1a: Skarmory
|-heal|p1a: Skarmory|250\/334|[silent]
|turn|9
|
|switch|p1a: Rotom-Wash|Rotom-Wash|304\/304
|-damage|p1a: Rotom-Wash|266\/304|[from] Stealth Rock
|move|p2a: Charizard|Flare Blitz|p1a: Rotom-Wash
|-resisted|p1a: Rotom-Wash
|-damage|p1a: Rotom-Wash|131\/304
|-damage|p2a: Charizard|120\/298|[from] recoil|[of] p1a: Rotom-Wash
|
|-heal|p1a: Rotom-Wash|150\/304|[from] item: Leftovers
|-damage|p2a: Charizard|83\/298|[from] Leech Seed|[of] p1a: Rotom-Wash
|-heal|p1a: Rotom-Wash|187\/304|[silent]
|turn|10
|
|move|p2a: Charizard|Roost|p2a: Charizard
|-heal|p2a: Charizard|232\/298
|move|p1a: Rotom-Wash|Thunder Wave|p2a: Charizard
|-status|p2a: Charizard|par
|
|-heal|p1a: Rotom-Wash|206\/304|[from] item: Leftovers
|-damage|p2a: Charizard|195\/298 par|[from] Leech Seed|[of] p1a: Rotom-Wash
|-heal|p1a: Rotom-Wash|243\/304|[silent]
|turn|11
|
|move|p1a: Rotom-Wash|Hydro Pump|p2a: Charizard
|-damage|p2a: Charizard|47\/298 par
|move|p2a: Charizard|Dragon Dance|p2a: Charizard
|-boost|p2a: Charizard|atk|1
|-boost|p2a: Charizard|spe|1
|
|-heal|p1a: Rotom-Wash|262\/304|[from] item: Leftovers
|-damage|p2a: Charizard|10\/298 par|[from] Leech Seed|[of] p1a: Rotom-Wash
|-heal|p1a: Rotom-Wash|299\/304|[silent]
|turn|12
|
|move|p1a: Rotom-Wash|Volt Switch|p2a: Charizard
|-resisted|p2a: Charizard
|-damage|p2a: Charizard|0 fnt
|faint|p2a: Charizard
|
|switch|p1a: Chansey|Chansey, F|642\/642
|-damage|p1a: Chansey|562\/642|[from] Stealth Rock
|
|
|switch|p2a: Keldeo|Keldeo|323\/323
|-damage|p2a: Keldeo|283\/323|[from] Spikes
|turn|13
|
|switch|p1a: Trevenant|Trevenant, F|320\/374
|-damage|p1a: Trevenant|274\/374|[from] Stealth Rock
|move|p2a: Keldeo|Calm Mind|p2a: Keldeo
|-boost|p2a: Keldeo|spa|1
|-boost|p2a: Keldeo|spd|1
|
|turn|14
|
|move|p2a: Keldeo|Icy Wind|p1a: Trevenant
|-supereffective|p1a: Trevenant
|-damage|p1a: Trevenant|87\/374
|-unboost|p1a: Trevenant|spe|1
|-enditem|p1a: Trevenant|Sitrus Berry|[eat]
|-heal|p1a: Trevenant|180\/374|[from] item: Sitrus Berry
|move|p1a: Trevenant|Horn Leech|p2a: Keldeo
|-supereffective|p2a: Keldeo
|-damage|p2a: Keldeo|55\/323
|-heal|p1a: Trevenant|294\/374|[from] drain|[of] p2a: Keldeo
|
|turn|15
|
|move|p2a: Keldeo|Icy Wind|p1a: Trevenant
|-supereffective|p1a: Trevenant
|-damage|p1a: Trevenant|92\/374
|-unboost|p1a: Trevenant|spe|1
|move|p1a: Trevenant|Horn Leech|p2a: Keldeo
|-supereffective|p2a: Keldeo
|-damage|p2a: Keldeo|0 fnt
|-heal|p1a: Trevenant|120\/374|[from] drain|[of] p2a: Keldeo
|faint|p2a: Keldeo
|
|-message|fzappa forfeited.
|
|win|nomebello
|raw|Ladder updating...
|leave|fzappa
|player|p2
|raw|nomebello's rating: 1642 &rarr; <strong>1663<\/strong><br \/>(+21 for winning)
|raw|fzappa's rating: 1657 &rarr; <strong>1636<\/strong><br \/>(-21 for losing)