|join|fzappa
|join|BreederGangBoss
|player|p1|fzappa|266
|player|p2|BreederGangBoss|186
|gametype|singles
|gen|6
|tier|OU
|rated
|clearpoke
|poke|p1|Charizard, M
|poke|p1|Manaphy
|poke|p1|Celebi
|poke|p1|Gliscor, F
|poke|p1|Latios, M
|poke|p1|Excadrill, M
|poke|p2|Tornadus-Therian, M
|poke|p2|Mienshao, M
|poke|p2|Whimsicott, M
|poke|p2|Suicune
|poke|p2|Heatran, F
|poke|p2|Salamence, F, shiny
|rule|Swagger Clause: Swagger is banned
|rule|Baton Pass Clause: Limit one PokÃ©mon knowing Baton Pass
|rule|Sleep Clause Mod: Limit one foe put to sleep
|rule|Species Clause: Limit one of each PokÃ©mon
|rule|OHKO Clause: OHKO moves are banned
|rule|Moody Clause: Moody is banned
|rule|Evasion Moves Clause: Evasion moves are banned
|rule|Endless Battle Clause: Forcing endless battles is banned
|rule|HP Percentage Mod: HP is shown in percentages
|teampreview
|
|start
|switch|p1a: Celebi|Celebi|341\/341
|switch|p2a: Kojondo|Mienshao, M|271\/271
|turn|1
|
|move|p1a: Celebi|Thunder Wave|p2a: Kojondo
|-status|p2a: Kojondo|par
|move|p2a: Kojondo|U-turn|p1a: Celebi
|-supereffective|p1a: Celebi
|-damage|p1a: Celebi|0 fnt
|-damage|p2a: Kojondo|244\/271 par|[from] item: Life Orb
|faint|p1a: Celebi
|
|switch|p2a: Fujiin|Tornadus-Therian, M|299\/299
|
|
|switch|p1a: Excadrill|Excadrill, M|361\/361
|-ability|p1a: Excadrill|Mold Breaker
|turn|2
|
|move|p2a: Fujiin|Superpower|p1a: Excadrill
|-supereffective|p1a: Excadrill
|-damage|p1a: Excadrill|20\/361
|-unboost|p2a: Fujiin|atk|1
|-unboost|p2a: Fujiin|def|1
|-damage|p2a: Fujiin|270\/299|[from] item: Life Orb
|move|p1a: Excadrill|Rock Tomb|p2a: Fujiin
|-supereffective|p2a: Fujiin
|-damage|p2a: Fujiin|0 fnt
|faint|p2a: Fujiin
|
|c|âBreederGangBoss|lol
|c|âBreederGangBoss|min damage ftw
|
|switch|p2a: L8GameSweepr|Salamence, F, shiny|331\/331
|turn|3
|
|switch|p1a: Gliscor|Gliscor, F|354\/354
|move|p2a: L8GameSweepr|Dragon Claw|p1a: Gliscor
|-damage|p1a: Gliscor|243\/354
|
|-status|p1a: Gliscor|tox|[from] item: Toxic Orb
|turn|4
|
|move|p2a: L8GameSweepr|Dragon Claw|p1a: Gliscor
|-damage|p1a: Gliscor|138\/354 tox
|move|p1a: Gliscor|Toxic|p2a: L8GameSweepr
|-status|p2a: L8GameSweepr|tox
|
|-damage|p2a: L8GameSweepr|311\/331 tox|[from] psn
|-heal|p1a: Gliscor|182\/354 tox|[from] ability: Poison Heal
|turn|5
|
|switch|p2a: Majestic|Suicune|401\/401
|-ability|p2a: Majestic|Pressure
|move|p1a: Gliscor|Toxic|p2a: Majestic|[miss]
|-miss|p1a: Gliscor|p2a: Majestic
|
|-heal|p1a: Gliscor|226\/354 tox|[from] ability: Poison Heal
|turn|6
|
|switch|p1a: Manaphy|Manaphy|404\/404
|move|p2a: Majestic|Calm Mind|p2a: Majestic
|-boost|p2a: Majestic|spa|1
|-boost|p2a: Majestic|spd|1
|
|turn|7
|
|move|p1a: Manaphy|Calm Mind|p1a: Manaphy
|-boost|p1a: Manaphy|spa|1
|-boost|p1a: Manaphy|spd|1
|move|p2a: Majestic|Calm Mind|p2a: Majestic
|-boost|p2a: Majestic|spa|1
|-boost|p2a: Majestic|spd|1
|
|turn|8
|
|switch|p2a: CocoPuff|Whimsicott, M|323\/323
|move|p1a: Manaphy|Calm Mind|p1a: Manaphy
|-boost|p1a: Manaphy|spa|1
|-boost|p1a: Manaphy|spd|1
|
|turn|9
|
|switch|p1a: Charizard|Charizard, M|298\/298
|move|p2a: CocoPuff|Encore|p1a: Charizard
|-fail|p1a: Charizard
|
|turn|10
|
|switch|p1a: Gliscor|Gliscor, F|226\/354 tox
|move|p2a: CocoPuff|U-turn|p1a: Gliscor
|-resisted|p1a: Gliscor
|-damage|p1a: Gliscor|214\/354 tox
|
|switch|p2a: Majestic|Suicune|401\/401
|-ability|p2a: Majestic|Pressure
|
|-heal|p1a: Gliscor|258\/354 tox|[from] ability: Poison Heal
|turn|11
|
|switch|p1a: Manaphy|Manaphy|404\/404
|switch|p2a: FinalWeapon|Heatran, F|385\/385
|
|turn|12
|c|âfzappa|this is silly
|
|move|p1a: Manaphy|Scald|p2a: FinalWeapon
|-supereffective|p2a: FinalWeapon
|-damage|p2a: FinalWeapon|253\/385
|move|p2a: FinalWeapon|Stealth Rock|p1a: Manaphy
|-sidestart|p1: fzappa|move: Stealth Rock
|
|-heal|p2a: FinalWeapon|277\/385|[from] item: Leftovers
|turn|13
|
|move|p1a: Manaphy|Scald|p2a: FinalWeapon
|-supereffective|p2a: FinalWeapon
|-damage|p2a: FinalWeapon|137\/385
|move|p2a: FinalWeapon|Lava Plume|p1a: Manaphy
|-resisted|p1a: Manaphy
|-damage|p1a: Manaphy|344\/404
|
|-heal|p1a: Manaphy|369\/404|[from] item: Leftovers
|-heal|p2a: FinalWeapon|161\/385|[from] item: Leftovers
|turn|14
|
|switch|p2a: Majestic|Suicune|401\/401
|-ability|p2a: Majestic|Pressure
|move|p1a: Manaphy|Scald|p2a: Majestic
|-resisted|p2a: Majestic
|-damage|p2a: Majestic|359\/401
|
|-heal|p1a: Manaphy|394\/404|[from] item: Leftovers
|-heal|p2a: Majestic|384\/401|[from] item: Leftovers
|turn|15
|
|move|p1a: Manaphy|Calm Mind|p1a: Manaphy
|-boost|p1a: Manaphy|spa|1
|-boost|p1a: Manaphy|spd|1
|move|p2a: Majestic|Calm Mind|p2a: Majestic
|-boost|p2a: Majestic|spa|1
|-boost|p2a: Majestic|spd|1
|
|-heal|p1a: Manaphy|404\/404|[from] item: Leftovers
|-heal|p2a: Majestic|401\/401|[from] item: Leftovers
|turn|16
|
|move|p1a: Manaphy|Calm Mind|p1a: Manaphy
|-boost|p1a: Manaphy|spa|1
|-boost|p1a: Manaphy|spd|1
|move|p2a: Majestic|Calm Mind|p2a: Majestic
|-boost|p2a: Majestic|spa|1
|-boost|p2a: Majestic|spd|1
|
|turn|17
|
|move|p1a: Manaphy|Calm Mind|p1a: Manaphy
|-boost|p1a: Manaphy|spa|1
|-boost|p1a: Manaphy|spd|1
|move|p2a: Majestic|Calm Mind|p2a: Majestic
|-boost|p2a: Majestic|spa|1
|-boost|p2a: Majestic|spd|1
|
|turn|18
|
|move|p1a: Manaphy|Rain Dance|p1a: Manaphy
|-weather|RainDance
|move|p2a: Majestic|Calm Mind|p2a: Majestic
|-boost|p2a: Majestic|spa|1
|-boost|p2a: Majestic|spd|1
|
|-weather|RainDance|[upkeep]
|turn|19
|
|move|p1a: Manaphy|Calm Mind|p1a: Manaphy
|-boost|p1a: Manaphy|spa|1
|-boost|p1a: Manaphy|spd|1
|move|p2a: Majestic|Calm Mind|p2a: Majestic
|-boost|p2a: Majestic|spa|1
|-boost|p2a: Majestic|spd|1
|
|-weather|RainDance|[upkeep]
|turn|20
|
|move|p1a: Manaphy|Calm Mind|p1a: Manaphy
|-boost|p1a: Manaphy|spa|1
|-boost|p1a: Manaphy|spd|1
|move|p2a: Majestic|Calm Mind|p2a: Majestic
|-boost|p2a: Majestic|spa|1
|-boost|p2a: Majestic|spd|1
|
|-weather|RainDance|[upkeep]
|turn|21
|
|move|p1a: Manaphy|Calm Mind|p1a: Manaphy
|-boost|p1a: Manaphy|spa|1
|-boost|p1a: Manaphy|spd|1
|move|p2a: Majestic|Scald|p1a: Manaphy
|-resisted|p1a: Manaphy
|-damage|p1a: Manaphy|339\/404
|
|-weather|RainDance|[upkeep]
|-heal|p1a: Manaphy|364\/404|[from] item: Leftovers
|turn|22
|
|move|p1a: Manaphy|Scald|p2a: Majestic
|-resisted|p2a: Majestic
|-damage|p2a: Majestic|343\/401
|move|p2a: Majestic|Calm Mind|p2a: Majestic
|-fail|p2a: Majestic
|
|-weather|none
|-heal|p1a: Manaphy|389\/404|[from] item: Leftovers
|-heal|p2a: Majestic|368\/401|[from] item: Leftovers
|turn|23
|
|move|p1a: Manaphy|Rain Dance|p1a: Manaphy
|-weather|RainDance
|move|p2a: Majestic|Calm Mind|p2a: Majestic
|-fail|p2a: Majestic
|
|-weather|RainDance|[upkeep]
|-heal|p1a: Manaphy|404\/404|[from] item: Leftovers
|-heal|p2a: Majestic|393\/401|[from] item: Leftovers
|turn|24
|
|move|p1a: Manaphy|Scald|p2a: Majestic
|-resisted|p2a: Majestic
|-damage|p2a: Majestic|329\/401
|move|p2a: Majestic|Calm Mind|p2a: Majestic
|-fail|p2a: Majestic
|
|-weather|RainDance|[upkeep]
|-heal|p2a: Majestic|354\/401|[from] item: Leftovers
|turn|25
|
|move|p1a: Manaphy|Scald|p2a: Majestic
|-resisted|p2a: Majestic
|-damage|p2a: Majestic|287\/401
|move|p2a: Majestic|Rest|p2a: Majestic
|-status|p2a: Majestic|slp
|-heal|p2a: Majestic|401\/401 slp|[silent]
|-status|p2a: Majestic|slp|[from] move: Rest
|
|-weather|RainDance|[upkeep]
|turn|26
|
|move|p1a: Manaphy|Calm Mind|p1a: Manaphy
|-fail|p1a: Manaphy
|cant|p2a: Majestic|slp
|
|-weather|RainDance|[upkeep]
|turn|27
|
|switch|p1a: Latios|Latios, M|301\/301
|-damage|p1a: Latios|264\/301|[from] Stealth Rock
|cant|p2a: Majestic|slp
|
|-weather|none
|turn|28
|
|move|p1a: Latios|Psyshock|p2a: Majestic
|-damage|p2a: Majestic|287\/401 slp
|-damage|p1a: Latios|234\/301|[from] item: Life Orb
|-curestatus|p2a: Majestic|slp
|move|p2a: Majestic|Sleep Talk|p2a: Majestic
|-fail|p2a: Majestic
|
|-heal|p2a: Majestic|312\/401|[from] item: Leftovers
|turn|29
|
|move|p1a: Latios|Psyshock|p2a: Majestic
|-damage|p2a: Majestic|191\/401
|-damage|p1a: Latios|204\/301|[from] item: Life Orb
|move|p2a: Majestic|Scald|p1a: Latios
|-resisted|p1a: Latios
|-damage|p1a: Latios|49\/301
|-status|p1a: Latios|brn
|
|-heal|p2a: Majestic|216\/401|[from] item: Leftovers
|-damage|p1a: Latios|12\/301 brn|[from] brn
|turn|30
|
|move|p1a: Latios|Psyshock|p2a: Majestic
|-damage|p2a: Majestic|98\/401
|-damage|p1a: Latios|0 fnt|[from] item: Life Orb
|faint|p1a: Latios
|move|p2a: Majestic|Rest|p2a: Majestic
|-status|p2a: Majestic|slp
|-heal|p2a: Majestic|401\/401 slp|[silent]
|-status|p2a: Majestic|slp|[from] move: Rest
|
|
|switch|p1a: Charizard|Charizard, M|298\/298
|-damage|p1a: Charizard|149\/298|[from] Stealth Rock
|turn|31
|
|detailschange|p1a: Charizard|Charizard-Mega-X, M
|message|Charizard has Mega Evolved into Mega Charizard!
|move|p1a: Charizard|Dragon Dance|p1a: Charizard
|-boost|p1a: Charizard|atk|1
|-boost|p1a: Charizard|spe|1
|cant|p2a: Majestic|slp
|move|p2a: Majestic|Sleep Talk|p2a: Majestic
|move|p2a: Majestic|Scald|p1a: Charizard|[from]Sleep Talk
|-damage|p1a: Charizard|0 fnt
|faint|p1a: Charizard
|
|-message|fzappa forfeited.
|
|win|BreederGangBoss
|raw|Ladder updating...
|leave|fzappa
|player|p1
|raw|fzappa's rating: 1662 &rarr; <strong>1635<\/strong><br \/>(-27 for losing)
|raw|BreederGangBoss's rating: 1539 &rarr; <strong>1566<\/strong><br \/>(+27 for winning)