|join|fzappa
|join|dtw
|player|p1|fzappa|2
|player|p2|dtw|1
|gametype|singles
|gen|6
|tier|OU
|rated
|clearpoke
|poke|p1|Landorus-Therian, M
|poke|p1|Latios, M
|poke|p1|Gardevoir, F
|poke|p1|Magnezone
|poke|p1|Terrakion
|poke|p1|Venomoth, F
|poke|p2|Excadrill, M
|poke|p2|Pinsir, F
|poke|p2|Terrakion
|poke|p2|Staraptor, M
|poke|p2|Talonflame, M
|poke|p2|Thundurus, M
|rule|Swagger Clause: Swagger is banned
|rule|Baton Pass Clause: Limit one PokÃ©mon knowing Baton Pass
|rule|Sleep Clause Mod: Limit one foe put to sleep
|rule|Species Clause: Limit one of each PokÃ©mon
|rule|OHKO Clause: OHKO moves are banned
|rule|Moody Clause: Moody is banned
|rule|Evasion Moves Clause: Evasion moves are banned
|rule|Endless Battle Clause: Forcing endless battles is banned
|rule|HP Percentage Mod: HP is shown in percentages
|teampreview
|
|start
|switch|p1a: Terrakion|Terrakion|323\/323
|switch|p2a: Terrakion|Terrakion|323\/323
|turn|1
|
|move|p1a: Terrakion|Stealth Rock|p2a: Terrakion
|-sidestart|p2: dtw|move: Stealth Rock
|move|p2a: Terrakion|Stealth Rock|p1a: Terrakion
|-sidestart|p1: fzappa|move: Stealth Rock
|
|turn|2
|
|move|p1a: Terrakion|Close Combat|p2a: Terrakion
|-supereffective|p2a: Terrakion
|-enditem|p2a: Terrakion|Focus Sash
|-damage|p2a: Terrakion|1\/323
|-unboost|p1a: Terrakion|def|1
|-unboost|p1a: Terrakion|spd|1
|move|p2a: Terrakion|Close Combat|p1a: Terrakion
|-supereffective|p1a: Terrakion
|-enditem|p1a: Terrakion|Focus Sash
|-damage|p1a: Terrakion|1\/323
|-unboost|p2a: Terrakion|def|1
|-unboost|p2a: Terrakion|spd|1
|
|turn|3
|
|move|p2a: Terrakion|Close Combat|p1a: Terrakion
|-supereffective|p1a: Terrakion
|-damage|p1a: Terrakion|0 fnt
|-unboost|p2a: Terrakion|def|1
|-unboost|p2a: Terrakion|spd|1
|faint|p1a: Terrakion
|
|
|switch|p1a: Landorus-Therian|Landorus-Therian, M|333\/333
|-damage|p1a: Landorus-Therian|292\/333|[from] Stealth Rock
|-ability|p1a: Landorus-Therian|Intimidate|[of] p2a: Terrakion
|-unboost|p2a: Terrakion|atk|1
|turn|4
|
|move|p2a: Terrakion|Stone Edge|p1a: Landorus-Therian
|-damage|p1a: Landorus-Therian|169\/333
|move|p1a: Landorus-Therian|Rock Polish|p1a: Landorus-Therian
|-boost|p1a: Landorus-Therian|spe|2
|
|-heal|p1a: Landorus-Therian|189\/333|[from] item: Leftovers
|turn|5
|
|move|p1a: Landorus-Therian|Earthquake|p2a: Terrakion
|-supereffective|p2a: Terrakion
|-damage|p2a: Terrakion|0 fnt
|faint|p2a: Terrakion
|
|-heal|p1a: Landorus-Therian|209\/333|[from] item: Leftovers
|
|switch|p2a: Excadrill|Excadrill, M|361\/361
|-damage|p2a: Excadrill|350\/361|[from] Stealth Rock
|-ability|p2a: Excadrill|Mold Breaker
|-item|p2a: Excadrill|Air Balloon
|turn|6
|
|move|p1a: Landorus-Therian|Knock Off|p2a: Excadrill
|-crit|p2a: Excadrill
|-damage|p2a: Excadrill|67\/361
|-enditem|p2a: Excadrill|Air Balloon
|move|p2a: Excadrill|Iron Head|p1a: Landorus-Therian
|-damage|p1a: Landorus-Therian|31\/333
|
|-heal|p1a: Landorus-Therian|51\/333|[from] item: Leftovers
|turn|7
|
|move|p1a: Landorus-Therian|Earthquake|p2a: Excadrill
|-supereffective|p2a: Excadrill
|-damage|p2a: Excadrill|0 fnt
|faint|p2a: Excadrill
|
|-heal|p1a: Landorus-Therian|71\/333|[from] item: Leftovers
|
|switch|p2a: Talonflame|Talonflame, M|297\/297
|-damage|p2a: Talonflame|149\/297|[from] Stealth Rock
|turn|8
|
|move|p2a: Talonflame|Brave Bird|p1a: Landorus-Therian
|-damage|p1a: Landorus-Therian|0 fnt
|-damage|p2a: Talonflame|126\/297|[from] recoil|[of] p1a: Landorus-Therian
|faint|p1a: Landorus-Therian
|
|
|switch|p1a: Magnezone|Magnezone|344\/344
|-damage|p1a: Magnezone|323\/344|[from] Stealth Rock
|turn|9
|
|move|p2a: Talonflame|Brave Bird|p1a: Magnezone
|-resisted|p1a: Magnezone
|-damage|p1a: Magnezone|266\/344
|-damage|p2a: Talonflame|107\/297|[from] recoil|[of] p1a: Magnezone
|move|p1a: Magnezone|Volt Switch|p2a: Talonflame
|-supereffective|p2a: Talonflame
|-damage|p2a: Talonflame|0 fnt
|faint|p2a: Talonflame
|
|switch|p1a: Latios|Latios, M|302\/302
|-damage|p1a: Latios|265\/302|[from] Stealth Rock
|
|
|switch|p2a: Thundurus|Thundurus, M|299\/299
|-damage|p2a: Thundurus|225\/299|[from] Stealth Rock
|turn|10
|
|move|p1a: Latios|Draco Meteor|p2a: Thundurus
|-damage|p2a: Thundurus|0 fnt
|-unboost|p1a: Latios|spa|2
|faint|p2a: Thundurus
|
|
|switch|p2a: Staraptor|Staraptor, M|311\/311
|-damage|p2a: Staraptor|234\/311|[from] Stealth Rock
|turn|11
|
|move|p1a: Latios|Draco Meteor|p2a: Staraptor
|-damage|p2a: Staraptor|69\/311
|-unboost|p1a: Latios|spa|2
|move|p2a: Staraptor|Brave Bird|p1a: Latios
|-damage|p1a: Latios|0 fnt
|-damage|p2a: Staraptor|0 fnt|[from] recoil|[of] p1a: Latios
|faint|p1a: Latios
|faint|p2a: Staraptor
|
|
|switch|p2a: Pinsir|Pinsir, F|271\/271
|-damage|p2a: Pinsir|204\/271|[from] Stealth Rock
|switch|p1a: Venomoth|Venomoth, F|282\/282
|-damage|p1a: Venomoth|212\/282|[from] Stealth Rock
|turn|12
|
|detailschange|p2a: Pinsir|Pinsir-Mega, F
|message|Pinsir has Mega Evolved into Mega Pinsir!
|move|p2a: Pinsir|Quick Attack|p1a: Venomoth
|-supereffective|p1a: Venomoth
|-damage|p1a: Venomoth|0 fnt
|faint|p1a: Venomoth
|
|
|switch|p1a: Gardevoir|Gardevoir, F|277\/277
|-damage|p1a: Gardevoir|243\/277|[from] Stealth Rock
|-ability|p1a: Gardevoir|Aerilate|[from] ability: Trace|[of] p2a: Pinsir
|turn|13
|
|detailschange|p1a: Gardevoir|Gardevoir-Mega, F
|message|Gardevoir has Mega Evolved into Mega Gardevoir!
|move|p2a: Pinsir|Return|p1a: Gardevoir
|-damage|p1a: Gardevoir|0 fnt
|faint|p1a: Gardevoir
|
|
|switch|p1a: Magnezone|Magnezone|266\/344
|-damage|p1a: Magnezone|245\/344|[from] Stealth Rock
|turn|14
|
|move|p2a: Pinsir|Close Combat|p1a: Magnezone
|-supereffective|p1a: Magnezone
|-damage|p1a: Magnezone|0 fnt
|-unboost|p2a: Pinsir|def|1
|-unboost|p2a: Pinsir|spd|1
|faint|p1a: Magnezone
|
|win|dtw
|raw|Ladder updating...
|c|âdtw|gg
|raw|fzappa's rating: 1739 &rarr; <strong>1717<\/strong><br \/>(-22 for losing)
|raw|dtw's rating: 1698 &rarr; <strong>1720<\/strong><br \/>(+22 for winning)