|join|fzappa
|join|TheBlueSun
|c|âTheBlueSun|gl hf
|player|p1|fzappa|1
|player|p2|TheBlueSun|15
|gametype|singles
|gen|6
|tier|OU
|rated
|clearpoke
|poke|p1|Azumarill, M
|poke|p1|Charizard, M
|poke|p1|Celebi
|poke|p1|Thundurus, M
|poke|p1|Latios, M
|poke|p1|Skarmory, M
|poke|p2|Whimsicott, F
|poke|p2|Kyurem-Black
|poke|p2|Zapdos
|poke|p2|Heracross, M
|poke|p2|Skarmory, F
|poke|p2|Talonflame, M
|rule|Swagger Clause: Swagger is banned
|rule|Baton Pass Clause: Limit one PokÃ©mon knowing Baton Pass
|rule|Sleep Clause Mod: Limit one foe put to sleep
|rule|Species Clause: Limit one of each PokÃ©mon
|rule|OHKO Clause: OHKO moves are banned
|rule|Moody Clause: Moody is banned
|rule|Evasion Moves Clause: Evasion moves are banned
|rule|Endless Battle Clause: Forcing endless battles is banned
|rule|HP Percentage Mod: HP is shown in percentages
|teampreview
|
|start
|switch|p1a: Thundurus|Thundurus, M|299\/299
|switch|p2a: Skarmory|Skarmory, F|334\/334
|turn|1
|
|move|p1a: Thundurus|Volt Switch|p2a: Skarmory
|-supereffective|p2a: Skarmory
|-damage|p2a: Skarmory|10\/334
|join|Tentacruel3
|
|switch|p1a: Latios|Latios, M|302\/302
|move|p2a: Skarmory|Tailwind|p2a: Skarmory
|-sidestart|p2: TheBlueSun|move: Tailwind
|
|turn|2
|
|move|p2a: Skarmory|Stealth Rock|p1a: Latios
|-sidestart|p1: fzappa|move: Stealth Rock
|move|p1a: Latios|Psyshock|p2a: Skarmory
|-resisted|p2a: Skarmory
|-damage|p2a: Skarmory|0 fnt
|-damage|p1a: Latios|272\/302|[from] item: Life Orb
|faint|p2a: Skarmory
|
|
|switch|p2a: Kyurem-Black|Kyurem-Black|391\/391
|-ability|p2a: Kyurem-Black|Teravolt
|turn|3
|
|switch|p1a: Azumarill|Azumarill, M|404\/404
|-damage|p1a: Azumarill|354\/404|[from] Stealth Rock
|move|p2a: Kyurem-Black|Ice Beam|p1a: Azumarill
|-resisted|p1a: Azumarill
|-damage|p1a: Azumarill|255\/404
|-damage|p2a: Kyurem-Black|352\/391|[from] item: Life Orb
|
|turn|4
|
|switch|p1a: Latios|Latios, M|272\/302
|-damage|p1a: Latios|235\/302|[from] Stealth Rock
|move|p2a: Kyurem-Black|Fusion Bolt|p1a: Latios
|-resisted|p1a: Latios
|-damage|p1a: Latios|105\/302
|-damage|p2a: Kyurem-Black|313\/391|[from] item: Life Orb
|
|-sideend|p2: TheBlueSun|move: Tailwind
|turn|5
|
|switch|p2a: Whimsicott|Whimsicott, F|324\/324
|move|p1a: Latios|Draco Meteor|p2a: Whimsicott
|-immune|p2a: Whimsicott|[msg]
|
|turn|6
|
|move|p2a: Whimsicott|Encore|p1a: Latios
|-start|p1a: Latios|Encore
|move|p1a: Latios|Draco Meteor|p2a: Whimsicott
|-immune|p2a: Whimsicott|[msg]
|
|turn|7
|
|switch|p2a: Talonflame|Talonflame, M|297\/297
|switch|p1a: Celebi|Celebi|396\/396
|-damage|p1a: Celebi|347\/396|[from] Stealth Rock
|
|-heal|p1a: Celebi|371\/396|[from] item: Leftovers
|turn|8
|
|switch|p2a: Zapdos|Zapdos|345\/345
|-ability|p2a: Zapdos|Pressure
|switch|p1a: Azumarill|Azumarill, M|255\/404
|-damage|p1a: Azumarill|205\/404|[from] Stealth Rock
|
|turn|9
|
|move|p1a: Azumarill|Aqua Jet|p2a: Zapdos
|-damage|p2a: Zapdos|206\/345
|move|p2a: Zapdos|Thunderbolt|p1a: Azumarill
|-supereffective|p1a: Azumarill
|-damage|p1a: Azumarill|0 fnt
|-damage|p2a: Zapdos|172\/345|[from] item: Life Orb
|faint|p1a: Azumarill
|
|
|switch|p1a: Latios|Latios, M|105\/302
|-damage|p1a: Latios|68\/302|[from] Stealth Rock
|turn|10
|
|switch|p2a: Whimsicott|Whimsicott, F|324\/324
|move|p1a: Latios|Defog|p2a: Whimsicott
|-unboost|p2a: Whimsicott|evasion|1
|-sideend|p1: fzappa|Stealth Rock|[from] move: Defog|[of] p1a: Latios
|
|turn|11
|
|switch|p1a: Skarmory|Skarmory, M|334\/334
|move|p2a: Whimsicott|Tailwind|p2a: Whimsicott
|-sidestart|p2: TheBlueSun|move: Tailwind
|
|turn|12
|
|switch|p2a: Zapdos|Zapdos|172\/345
|-ability|p2a: Zapdos|Pressure
|move|p1a: Skarmory|Toxic|p2a: Zapdos
|-status|p2a: Zapdos|tox
|
|-damage|p2a: Zapdos|151\/345 tox|[from] psn
|turn|13
|
|move|p2a: Zapdos|Hidden Power|p1a: Skarmory
|-crit|p1a: Skarmory
|-damage|p1a: Skarmory|130\/334
|-damage|p2a: Zapdos|117\/345 tox|[from] item: Life Orb
|move|p1a: Skarmory|Stealth Rock|p2a: Zapdos
|-sidestart|p2: TheBlueSun|move: Stealth Rock
|
|-damage|p2a: Zapdos|75\/345 tox|[from] psn
|turn|14
|
|move|p2a: Zapdos|Thunderbolt|p1a: Skarmory
|-crit|p1a: Skarmory
|-supereffective|p1a: Skarmory
|-damage|p1a: Skarmory|0 fnt
|-damage|p2a: Zapdos|41\/345 tox|[from] item: Life Orb
|faint|p1a: Skarmory
|
|-damage|p2a: Zapdos|0 fnt|[from] psn
|-sideend|p2: TheBlueSun|move: Tailwind
|faint|p2a: Zapdos
|
|switch|p2a: Whimsicott|Whimsicott, F|324\/324
|switch|p1a: Charizard|Charizard, M|333\/333
|-damage|p2a: Whimsicott|284\/324|[from] Stealth Rock
|turn|15
|
|move|p2a: Whimsicott|Tailwind|p2a: Whimsicott
|-sidestart|p2: TheBlueSun|move: Tailwind
|move|p1a: Charizard|Flare Blitz|p2a: Whimsicott
|-supereffective|p2a: Whimsicott
|-damage|p2a: Whimsicott|0 fnt
|-damage|p1a: Charizard|239\/333|[from] recoil|[of] p2a: Whimsicott
|faint|p2a: Whimsicott
|
|
|switch|p2a: Kyurem-Black|Kyurem-Black|313\/391
|-damage|p2a: Kyurem-Black|216\/391|[from] Stealth Rock
|-ability|p2a: Kyurem-Black|Teravolt
|turn|16
|c|âTheBlueSun|lag is so bad
|
|switch|p1a: Celebi|Celebi|371\/396
|move|p2a: Kyurem-Black|Dragon Claw|p1a: Celebi
|-damage|p1a: Celebi|124\/396
|-damage|p2a: Kyurem-Black|177\/391|[from] item: Life Orb
|
|-heal|p1a: Celebi|148\/396|[from] item: Leftovers
|turn|17
|
|move|p2a: Kyurem-Black|Dragon Claw|p1a: Celebi
|-damage|p1a: Celebi|0 fnt
|-damage|p2a: Kyurem-Black|138\/391|[from] item: Life Orb
|faint|p1a: Celebi
|
|
|switch|p1a: Thundurus|Thundurus, M|299\/299
|turn|18
|
|move|p1a: Thundurus|Knock Off|p2a: Kyurem-Black
|-damage|p2a: Kyurem-Black|50\/391
|-enditem|p2a: Kyurem-Black|Life Orb|[from] move: Knock Off|[of] p1a: Thundurus
|move|p2a: Kyurem-Black|Ice Beam|p1a: Thundurus
|-supereffective|p1a: Thundurus
|-damage|p1a: Thundurus|0 fnt
|faint|p1a: Thundurus
|
|-sideend|p2: TheBlueSun|move: Tailwind
|
|switch|p1a: Charizard|Charizard, M|239\/333
|turn|19
|
|detailschange|p1a: Charizard|Charizard-Mega-X, M
|-mega|p1a: Charizard|Charizard|Charizardite X
|move|p1a: Charizard|Flare Blitz|p2a: Kyurem-Black
|-damage|p2a: Kyurem-Black|0 fnt
|-damage|p1a: Charizard|222\/333|[from] recoil|[of] p2a: Kyurem-Black
|faint|p2a: Kyurem-Black
|
|
|switch|p2a: Talonflame|Talonflame, M|297\/297
|-damage|p2a: Talonflame|149\/297|[from] Stealth Rock
|turn|20
|
|move|p2a: Talonflame|Tailwind|p2a: Talonflame
|-sidestart|p2: TheBlueSun|move: Tailwind
|move|p1a: Charizard|Flare Blitz|p2a: Talonflame
|-resisted|p2a: Talonflame
|-damage|p2a: Talonflame|0 fnt
|-damage|p1a: Charizard|173\/333|[from] recoil|[of] p2a: Talonflame
|faint|p2a: Talonflame
|
|
|switch|p2a: Heracross|Heracross, M|331\/331
|-damage|p2a: Heracross|290\/331|[from] Stealth Rock
|turn|21
|
|detailschange|p2a: Heracross|Heracross-Mega, M
|-mega|p2a: Heracross|Heracross|Heracronite
|move|p2a: Heracross|Close Combat|p1a: Charizard
|-damage|p1a: Charizard|0 fnt
|-unboost|p2a: Heracross|def|1
|-unboost|p2a: Heracross|spd|1
|faint|p1a: Charizard
|
|
|switch|p1a: Latios|Latios, M|68\/302
|turn|22
|
|move|p2a: Heracross|Close Combat|p1a: Latios
|-resisted|p1a: Latios
|-damage|p1a: Latios|0 fnt
|-unboost|p2a: Heracross|def|1
|-unboost|p2a: Heracross|spd|1
|faint|p1a: Latios
|
|win|TheBlueSun
|raw|Ladder updating...
|c|âTheBlueSun|gg
|raw|fzappa's rating: 1612 &rarr; <strong>1591<\/strong><br \/>(-21 for losing)
|raw|TheBlueSun's rating: 1586 &rarr; <strong>1608<\/strong><br \/>(+22 for winning)
|leave|fzappa
|leave|TheBlueSun
|player|p1
|player|p2
|join|TheBlueSun
|leave|Tentacruel3